,Time,Price,Volume_per_trade,Volume
0,2021-10-21 07:45:01,45600.0,200.0,648100.0
1,2021-10-21 07:45:01,45600.0,200.0,647900.0
2,2021-10-21 07:45:01,45600.0,600.0,647700.0
3,2021-10-21 07:45:01,45600.0,500.0,647100.0
4,2021-10-21 07:45:01,45600.0,100.0,646600.0
5,2021-10-21 07:45:01,45600.0,100.0,646500.0
6,2021-10-21 07:45:01,45600.0,100.0,646400.0
7,2021-10-21 07:45:01,45600.0,100.0,646300.0
8,2021-10-21 07:45:01,45600.0,5000.0,646200.0
9,2021-10-21 07:45:01,45600.0,100.0,641200.0
10,2021-10-21 07:45:01,45600.0,100.0,641100.0
11,2021-10-21 07:45:01,45600.0,900.0,641000.0
12,2021-10-21 07:45:01,45600.0,100.0,640100.0
13,2021-10-21 07:45:01,45600.0,100.0,640000.0
14,2021-10-21 07:45:01,45600.0,100.0,639900.0
15,2021-10-21 07:45:01,45600.0,100.0,639800.0
16,2021-10-21 07:45:01,45600.0,500.0,639700.0
17,2021-10-21 07:45:01,45600.0,800.0,639200.0
18,2021-10-21 07:45:01,45600.0,1000.0,638400.0
19,2021-10-21 07:45:01,45600.0,900.0,637400.0
20,2021-10-21 07:45:01,45600.0,100.0,636500.0
21,2021-10-21 07:45:01,45600.0,3000.0,636400.0
22,2021-10-21 07:45:01,45600.0,2000.0,633400.0
23,2021-10-21 07:45:01,45600.0,500.0,631400.0
24,2021-10-21 07:45:01,45600.0,1500.0,630900.0
25,2021-10-21 07:45:01,45600.0,200.0,629400.0
26,2021-10-21 07:45:01,45600.0,8000.0,629200.0
27,2021-10-21 07:45:01,45600.0,200.0,621200.0
28,2021-10-21 07:45:01,45600.0,1000.0,621000.0
29,2021-10-21 07:45:01,45600.0,500.0,620000.0
30,2021-10-21 07:45:01,45600.0,2300.0,619500.0
31,2021-10-21 07:45:01,45600.0,200.0,617200.0
32,2021-10-21 07:45:01,45600.0,600.0,617000.0
33,2021-10-21 07:45:01,45600.0,1900.0,616400.0
34,2021-10-21 07:45:01,45600.0,100.0,614500.0
35,2021-10-21 07:45:01,45600.0,100.0,614400.0
36,2021-10-21 07:45:01,45600.0,100.0,614300.0
37,2021-10-21 07:45:01,45600.0,200.0,614200.0
38,2021-10-21 07:45:01,45600.0,100.0,614000.0
39,2021-10-21 07:45:01,45600.0,100.0,613900.0
40,2021-10-21 07:45:01,45600.0,200.0,613800.0
41,2021-10-21 07:45:01,45600.0,200.0,613600.0
42,2021-10-21 07:45:01,45600.0,200.0,613400.0
43,2021-10-21 07:45:01,45600.0,200.0,613200.0
44,2021-10-21 07:45:01,45600.0,800.0,613000.0
45,2021-10-21 07:45:01,45600.0,100.0,612200.0
46,2021-10-21 07:45:01,45600.0,900.0,612100.0
47,2021-10-21 07:45:01,45600.0,100.0,611200.0
48,2021-10-21 07:45:01,45600.0,100.0,611100.0
49,2021-10-21 07:45:01,45600.0,200.0,611000.0
50,2021-10-21 07:45:01,45600.0,100.0,610800.0
51,2021-10-21 07:29:45,45500.0,1000.0,610700.0
52,2021-10-21 07:29:45,45500.0,500.0,609700.0
53,2021-10-21 07:29:45,45500.0,1000.0,609200.0
54,2021-10-21 07:29:45,45450.0,500.0,608200.0
55,2021-10-21 07:29:32,45400.0,300.0,607700.0
56,2021-10-21 07:29:32,45400.0,100.0,607400.0
57,2021-10-21 07:29:32,45400.0,200.0,607300.0
58,2021-10-21 07:29:32,45400.0,400.0,607100.0
59,2021-10-21 07:27:59,45400.0,200.0,606700.0
60,2021-10-21 07:27:51,45400.0,400.0,606500.0
61,2021-10-21 07:27:20,45400.0,100.0,606100.0
62,2021-10-21 07:27:03,45400.0,500.0,606000.0
63,2021-10-21 07:26:37,45400.0,400.0,605500.0
64,2021-10-21 07:25:55,45400.0,100.0,605100.0
65,2021-10-21 07:25:38,45400.0,200.0,605000.0
66,2021-10-21 07:25:38,45400.0,200.0,604800.0
67,2021-10-21 07:25:28,45400.0,100.0,604600.0
68,2021-10-21 07:25:15,45400.0,100.0,604500.0
69,2021-10-21 07:25:15,45400.0,700.0,604400.0
70,2021-10-21 07:25:01,45400.0,300.0,603700.0
71,2021-10-21 07:24:54,45400.0,200.0,603400.0
72,2021-10-21 07:24:54,45400.0,100.0,603200.0
73,2021-10-21 07:24:54,45400.0,700.0,603100.0
74,2021-10-21 07:24:35,45400.0,1000.0,602400.0
75,2021-10-21 07:24:13,45400.0,300.0,601400.0
76,2021-10-21 07:24:06,45400.0,100.0,601100.0
77,2021-10-21 07:23:18,45350.0,500.0,601000.0
78,2021-10-21 07:22:14,45350.0,500.0,600500.0
79,2021-10-21 07:20:43,45400.0,100.0,600000.0
80,2021-10-21 07:19:49,45400.0,300.0,599900.0
81,2021-10-21 07:19:49,45400.0,200.0,599600.0
82,2021-10-21 07:19:49,45400.0,200.0,599400.0
83,2021-10-21 07:19:49,45400.0,100.0,599200.0
84,2021-10-21 07:19:49,45400.0,400.0,599100.0
85,2021-10-21 07:19:49,45400.0,1100.0,598700.0
86,2021-10-21 07:19:49,45400.0,800.0,597600.0
87,2021-10-21 07:19:30,45400.0,100.0,596800.0
88,2021-10-21 07:19:30,45400.0,200.0,596700.0
89,2021-10-21 07:19:30,45400.0,300.0,596500.0
90,2021-10-21 07:19:30,45400.0,400.0,596200.0
91,2021-10-21 07:19:28,45400.0,400.0,595800.0
92,2021-10-21 07:17:11,45400.0,3200.0,595400.0
93,2021-10-21 07:17:11,45450.0,100.0,592200.0
94,2021-10-21 07:17:11,45450.0,1000.0,592100.0
95,2021-10-21 07:17:11,45450.0,300.0,591100.0
96,2021-10-21 07:17:11,45450.0,100.0,590800.0
97,2021-10-21 07:17:11,45450.0,300.0,590700.0
98,2021-10-21 07:15:54,45450.0,1300.0,590400.0
99,2021-10-21 07:15:12,45450.0,400.0,589100.0
100,2021-10-21 07:15:07,45450.0,100.0,588700.0
101,2021-10-21 07:15:07,45450.0,500.0,588600.0
102,2021-10-21 07:15:07,45450.0,200.0,588100.0
103,2021-10-21 07:15:05,45450.0,300.0,587900.0
104,2021-10-21 07:14:48,45450.0,500.0,587600.0
105,2021-10-21 07:10:07,45400.0,500.0,587100.0
106,2021-10-21 07:07:08,45350.0,300.0,586600.0
107,2021-10-21 07:07:08,45350.0,1000.0,586300.0
108,2021-10-21 07:07:08,45350.0,200.0,585300.0
109,2021-10-21 07:07:08,45350.0,200.0,585100.0
110,2021-10-21 07:07:08,45350.0,1000.0,584900.0
111,2021-10-21 07:07:08,45350.0,100.0,583900.0
112,2021-10-21 07:07:08,45350.0,1600.0,583800.0
113,2021-10-21 07:07:08,45400.0,100.0,582200.0
114,2021-10-21 07:05:15,45350.0,1000.0,582100.0
115,2021-10-21 07:04:37,45400.0,200.0,581100.0
116,2021-10-21 07:04:33,45400.0,500.0,580900.0
117,2021-10-21 07:03:29,45400.0,200.0,580400.0
118,2021-10-21 07:03:29,45400.0,100.0,580200.0
119,2021-10-21 07:03:29,45400.0,100.0,580100.0
120,2021-10-21 07:03:29,45400.0,900.0,580000.0
121,2021-10-21 07:03:29,45400.0,100.0,579100.0
122,2021-10-21 07:03:29,45400.0,300.0,579000.0
123,2021-10-21 07:03:29,45400.0,2200.0,578700.0
124,2021-10-21 07:03:29,45450.0,1000.0,576500.0
125,2021-10-21 07:03:29,45450.0,100.0,575500.0
126,2021-10-21 07:03:25,45500.0,100.0,575400.0
127,2021-10-21 07:03:25,45500.0,600.0,575300.0
128,2021-10-21 07:02:55,45500.0,400.0,574700.0
129,2021-10-21 07:02:55,45500.0,200.0,574300.0
130,2021-10-21 07:02:55,45500.0,1500.0,574100.0
131,2021-10-21 07:02:55,45500.0,100.0,572600.0
132,2021-10-21 07:02:55,45500.0,1000.0,572500.0
133,2021-10-21 07:02:47,45500.0,200.0,571500.0
134,2021-10-21 07:02:47,45500.0,200.0,571300.0
135,2021-10-21 07:02:46,45500.0,1000.0,571100.0
136,2021-10-21 07:01:32,45500.0,100.0,570100.0
137,2021-10-21 07:00:56,45500.0,500.0,570000.0
138,2021-10-21 07:00:40,45500.0,500.0,569500.0
139,2021-10-21 07:00:22,45500.0,600.0,569000.0
140,2021-10-21 07:00:12,45500.0,300.0,568400.0
141,2021-10-21 06:59:53,45500.0,300.0,568100.0
142,2021-10-21 06:59:33,45500.0,200.0,567800.0
143,2021-10-21 06:58:24,45500.0,200.0,567600.0
144,2021-10-21 06:58:20,45500.0,100.0,567400.0
145,2021-10-21 06:58:06,45500.0,100.0,567300.0
146,2021-10-21 06:57:56,45500.0,1100.0,567200.0
147,2021-10-21 06:57:50,45500.0,500.0,566100.0
148,2021-10-21 06:57:32,45500.0,1100.0,565600.0
149,2021-10-21 06:57:19,45500.0,300.0,564500.0
150,2021-10-21 06:57:07,45500.0,400.0,564200.0
151,2021-10-21 06:56:36,45500.0,100.0,563800.0
152,2021-10-21 06:56:21,45500.0,400.0,563700.0
153,2021-10-21 06:56:13,45500.0,200.0,563300.0
154,2021-10-21 06:56:13,45500.0,400.0,563100.0
155,2021-10-21 06:55:39,45500.0,2600.0,562700.0
156,2021-10-21 06:55:21,45500.0,500.0,560100.0
157,2021-10-21 06:55:20,45500.0,900.0,559600.0
158,2021-10-21 06:55:20,45500.0,200.0,558700.0
159,2021-10-21 06:55:20,45500.0,100.0,558500.0
160,2021-10-21 06:55:20,45500.0,100.0,558400.0
161,2021-10-21 06:55:20,45500.0,600.0,558300.0
162,2021-10-21 06:54:59,45500.0,1000.0,557700.0
163,2021-10-21 06:54:57,45500.0,400.0,556700.0
164,2021-10-21 06:54:57,45500.0,600.0,556300.0
165,2021-10-21 06:54:21,45500.0,800.0,555700.0
166,2021-10-21 06:54:21,45500.0,200.0,554900.0
167,2021-10-21 06:54:14,45500.0,500.0,554700.0
168,2021-10-21 06:53:51,45500.0,800.0,554200.0
169,2021-10-21 06:53:44,45450.0,1000.0,553400.0
170,2021-10-21 06:53:18,45500.0,500.0,552400.0
171,2021-10-21 06:53:18,45500.0,500.0,551900.0
172,2021-10-21 06:52:29,45450.0,100.0,551400.0
173,2021-10-21 06:52:29,45450.0,300.0,551300.0
174,2021-10-21 06:52:29,45450.0,200.0,551000.0
175,2021-10-21 06:52:25,45450.0,100.0,550800.0
176,2021-10-21 06:50:23,45450.0,100.0,550700.0
177,2021-10-21 06:50:23,45450.0,100.0,550600.0
178,2021-10-21 06:48:45,45450.0,900.0,550500.0
179,2021-10-21 06:48:45,45450.0,800.0,549600.0
180,2021-10-21 06:45:17,45450.0,4200.0,548800.0
181,2021-10-21 06:45:17,45450.0,600.0,544600.0
182,2021-10-21 06:45:17,45500.0,200.0,544000.0
183,2021-10-21 06:45:05,45500.0,500.0,543800.0
184,2021-10-21 06:44:32,45500.0,300.0,543300.0
185,2021-10-21 06:44:32,45500.0,700.0,543000.0
186,2021-10-21 06:44:27,45500.0,200.0,542300.0
187,2021-10-21 06:43:53,45500.0,100.0,542100.0
188,2021-10-21 06:43:44,45500.0,100.0,542000.0
189,2021-10-21 06:43:44,45500.0,500.0,541900.0
190,2021-10-21 06:43:08,45500.0,500.0,541400.0
191,2021-10-21 06:42:58,45500.0,100.0,540900.0
192,2021-10-21 06:42:43,45500.0,100.0,540800.0
193,2021-10-21 06:42:19,45500.0,1000.0,540700.0
194,2021-10-21 06:42:03,45500.0,2000.0,539700.0
195,2021-10-21 06:42:03,45500.0,100.0,537700.0
196,2021-10-21 06:42:03,45500.0,2000.0,537600.0
197,2021-10-21 06:42:03,45500.0,100.0,535600.0
198,2021-10-21 06:42:03,45500.0,3600.0,535500.0
199,2021-10-21 06:40:19,45450.0,300.0,531900.0
200,2021-10-21 06:40:19,45450.0,700.0,531600.0
201,2021-10-21 06:39:49,45450.0,1000.0,530900.0
202,2021-10-21 06:38:07,45450.0,200.0,529900.0
203,2021-10-21 06:37:31,45450.0,100.0,529700.0
204,2021-10-21 06:37:15,45500.0,100.0,529600.0
205,2021-10-21 06:37:08,45500.0,200.0,529500.0
206,2021-10-21 06:36:45,45500.0,5200.0,529300.0
207,2021-10-21 06:36:45,45500.0,500.0,524100.0
208,2021-10-21 06:36:45,45500.0,400.0,523600.0
209,2021-10-21 06:36:29,45500.0,100.0,523200.0
210,2021-10-21 06:35:27,45500.0,200.0,523100.0
211,2021-10-21 06:34:05,45500.0,200.0,522900.0
212,2021-10-21 06:34:05,45500.0,800.0,522700.0
213,2021-10-21 06:33:50,45500.0,100.0,521900.0
214,2021-10-21 06:33:12,45500.0,200.0,521800.0
215,2021-10-21 06:32:52,45500.0,100.0,521600.0
216,2021-10-21 06:31:31,45500.0,200.0,521500.0
217,2021-10-21 06:31:31,45500.0,300.0,521300.0
218,2021-10-21 06:31:01,45500.0,200.0,521000.0
219,2021-10-21 06:30:55,45500.0,500.0,520800.0
220,2021-10-21 06:30:55,45500.0,300.0,520300.0
221,2021-10-21 06:30:55,45500.0,100.0,520000.0
222,2021-10-21 06:30:55,45500.0,100.0,519900.0
223,2021-10-21 06:30:41,45550.0,1100.0,519800.0
224,2021-10-21 06:30:41,45550.0,100.0,518700.0
225,2021-10-21 06:30:41,45550.0,2000.0,518600.0
226,2021-10-21 06:29:17,45550.0,2000.0,516600.0
227,2021-10-21 06:29:07,45550.0,6000.0,514600.0
228,2021-10-21 06:29:07,45550.0,700.0,508600.0
229,2021-10-21 06:29:07,45550.0,100.0,507900.0
230,2021-10-21 06:29:07,45550.0,2400.0,507800.0
231,2021-10-21 06:29:02,45500.0,100.0,505400.0
232,2021-10-21 06:28:49,45550.0,100.0,505300.0
233,2021-10-21 06:28:38,45550.0,500.0,505200.0
234,2021-10-21 06:28:30,45550.0,200.0,504700.0
235,2021-10-21 06:28:01,45500.0,500.0,504500.0
236,2021-10-21 06:27:51,45500.0,200.0,504000.0
237,2021-10-21 06:27:51,45500.0,100.0,503800.0
238,2021-10-21 06:27:47,45500.0,500.0,503700.0
239,2021-10-21 06:27:03,45500.0,1000.0,503200.0
240,2021-10-21 06:25:41,45500.0,500.0,502200.0
241,2021-10-21 06:25:38,45500.0,900.0,501700.0
242,2021-10-21 06:25:38,45500.0,200.0,500800.0
243,2021-10-21 06:25:38,45500.0,900.0,500600.0
244,2021-10-21 06:24:45,45500.0,100.0,499700.0
245,2021-10-21 06:24:37,45500.0,200.0,499600.0
246,2021-10-21 06:24:13,45500.0,700.0,499400.0
247,2021-10-21 06:24:13,45500.0,300.0,498700.0
248,2021-10-21 06:23:53,45500.0,100.0,498400.0
249,2021-10-21 06:23:53,45500.0,100.0,498300.0
250,2021-10-21 06:23:53,45500.0,300.0,498200.0
251,2021-10-21 06:23:43,45450.0,100.0,497900.0
252,2021-10-21 06:23:43,45450.0,200.0,497800.0
253,2021-10-21 06:23:31,45450.0,100.0,497600.0
254,2021-10-21 06:23:31,45450.0,700.0,497500.0
255,2021-10-21 06:23:11,45400.0,100.0,496800.0
256,2021-10-21 06:22:27,45400.0,1000.0,496700.0
257,2021-10-21 06:22:23,45400.0,100.0,495700.0
258,2021-10-21 06:21:58,45400.0,1000.0,495600.0
259,2021-10-21 06:21:58,45400.0,100.0,494600.0
260,2021-10-21 06:21:58,45400.0,500.0,494500.0
261,2021-10-21 06:21:54,45350.0,400.0,494000.0
262,2021-10-21 06:21:54,45350.0,500.0,493600.0
263,2021-10-21 06:21:54,45350.0,200.0,493100.0
264,2021-10-21 06:21:54,45350.0,900.0,492900.0
265,2021-10-21 06:20:34,45350.0,200.0,492000.0
266,2021-10-21 06:20:25,45350.0,200.0,491800.0
267,2021-10-21 06:20:24,45350.0,700.0,491600.0
268,2021-10-21 06:20:24,45350.0,300.0,490900.0
269,2021-10-21 06:19:52,45350.0,200.0,490600.0
270,2021-10-21 06:19:35,45350.0,1000.0,490400.0
271,2021-10-21 06:19:35,45350.0,2000.0,489400.0
272,2021-10-21 06:19:35,45350.0,100.0,487400.0
273,2021-10-21 06:19:35,45350.0,1300.0,487300.0
274,2021-10-21 06:19:35,45350.0,100.0,486000.0
275,2021-10-21 06:18:48,45400.0,500.0,485900.0
276,2021-10-21 06:18:47,45400.0,500.0,485400.0
277,2021-10-21 06:18:38,45400.0,200.0,484900.0
278,2021-10-21 06:16:31,45400.0,200.0,484700.0
279,2021-10-21 06:16:26,45400.0,400.0,484500.0
280,2021-10-21 06:16:23,45400.0,100.0,484100.0
281,2021-10-21 06:16:22,45350.0,1900.0,484000.0
282,2021-10-21 06:16:22,45350.0,100.0,482100.0
283,2021-10-21 06:16:22,45350.0,3000.0,482000.0
284,2021-10-21 06:16:04,45400.0,900.0,479000.0
285,2021-10-21 06:15:46,45400.0,800.0,478100.0
286,2021-10-21 06:15:46,45400.0,100.0,477300.0
287,2021-10-21 06:15:46,45400.0,100.0,477200.0
288,2021-10-21 06:15:14,45450.0,100.0,477100.0
289,2021-10-21 06:14:00,45450.0,400.0,477000.0
290,2021-10-21 06:13:08,45500.0,100.0,476600.0
291,2021-10-21 06:12:47,45500.0,200.0,476500.0
292,2021-10-21 06:11:43,45500.0,200.0,476300.0
293,2021-10-21 06:11:33,45500.0,1000.0,476100.0
294,2021-10-21 06:11:33,45500.0,500.0,475100.0
295,2021-10-21 06:10:50,45550.0,400.0,474600.0
296,2021-10-21 06:10:40,45550.0,100.0,474200.0
297,2021-10-21 06:09:55,45600.0,1000.0,474100.0
298,2021-10-21 06:09:41,45600.0,100.0,473100.0
299,2021-10-21 06:09:41,45600.0,200.0,473000.0
300,2021-10-21 06:09:41,45600.0,200.0,472800.0
301,2021-10-21 06:09:38,45550.0,500.0,472600.0
302,2021-10-21 06:09:38,45550.0,400.0,472100.0
303,2021-10-21 06:09:38,45550.0,100.0,471700.0
304,2021-10-21 06:08:52,45550.0,100.0,471600.0
305,2021-10-21 06:08:44,45550.0,1000.0,471500.0
306,2021-10-21 06:08:32,45550.0,500.0,470500.0
307,2021-10-21 06:08:32,45550.0,100.0,470000.0
308,2021-10-21 06:08:32,45550.0,200.0,469900.0
309,2021-10-21 06:08:18,45550.0,100.0,469700.0
310,2021-10-21 06:08:00,45550.0,200.0,469600.0
311,2021-10-21 06:07:55,45400.0,100.0,469400.0
312,2021-10-21 06:07:55,45400.0,3600.0,469300.0
313,2021-10-21 06:07:55,45400.0,100.0,465700.0
314,2021-10-21 06:07:55,45400.0,200.0,465600.0
315,2021-10-21 06:07:55,45400.0,1400.0,465400.0
316,2021-10-21 06:07:55,45400.0,800.0,464000.0
317,2021-10-21 06:07:55,45500.0,100.0,463200.0
318,2021-10-21 06:07:55,45500.0,1000.0,463100.0
319,2021-10-21 06:07:55,45500.0,100.0,462100.0
320,2021-10-21 06:07:55,45500.0,100.0,462000.0
321,2021-10-21 06:07:55,45500.0,2000.0,461900.0
322,2021-10-21 06:07:55,45500.0,1000.0,459900.0
323,2021-10-21 06:07:55,45500.0,900.0,458900.0
324,2021-10-21 06:07:27,45550.0,200.0,458000.0
325,2021-10-21 06:05:20,45600.0,300.0,457800.0
326,2021-10-21 06:05:20,45600.0,100.0,457500.0
327,2021-10-21 06:04:38,45650.0,2000.0,457400.0
328,2021-10-21 06:04:12,45600.0,100.0,455400.0
329,2021-10-21 06:04:12,45600.0,200.0,455300.0
330,2021-10-21 06:04:12,45600.0,200.0,455100.0
331,2021-10-21 06:04:12,45600.0,100.0,454900.0
332,2021-10-21 06:04:12,45600.0,100.0,454800.0
333,2021-10-21 06:04:12,45600.0,300.0,454700.0
334,2021-10-21 06:04:03,45600.0,1300.0,454400.0
335,2021-10-21 06:04:02,45600.0,1000.0,453100.0
336,2021-10-21 06:03:49,45600.0,300.0,452100.0
337,2021-10-21 06:03:13,45550.0,500.0,451800.0
338,2021-10-21 06:03:06,45550.0,300.0,451300.0
339,2021-10-21 06:03:04,45550.0,100.0,451000.0
340,2021-10-21 06:03:03,45600.0,1000.0,450900.0
341,2021-10-21 06:01:36,45550.0,100.0,449900.0
342,2021-10-21 06:01:34,45500.0,800.0,449800.0
343,2021-10-21 06:00:27,45500.0,1000.0,449000.0
344,2021-10-21 06:00:21,45500.0,700.0,448000.0
345,2021-10-21 06:00:21,45500.0,1000.0,447300.0
346,2021-10-21 06:00:21,45500.0,200.0,446300.0
347,2021-10-21 06:00:21,45500.0,300.0,446100.0
348,2021-10-21 06:00:21,45500.0,100.0,445800.0
349,2021-10-21 06:00:19,45500.0,100.0,445700.0
350,2021-10-21 06:00:14,45500.0,2800.0,445600.0
351,2021-10-21 06:00:14,45500.0,100.0,442800.0
352,2021-10-21 06:00:14,45500.0,100.0,442700.0
353,2021-10-21 06:00:13,45500.0,100.0,442600.0
354,2021-10-21 06:00:13,45500.0,100.0,442500.0
355,2021-10-21 06:00:10,45500.0,1000.0,442400.0
356,2021-10-21 06:00:10,45500.0,200.0,441400.0
357,2021-10-21 06:00:07,45500.0,100.0,441200.0
358,2021-10-21 06:00:07,45500.0,100.0,441100.0
359,2021-10-21 06:00:06,45500.0,100.0,441000.0
360,2021-10-21 06:00:05,45400.0,200.0,440900.0
361,2021-10-21 06:00:05,45400.0,1200.0,440700.0
362,2021-10-21 06:00:05,45500.0,200.0,439500.0
363,2021-10-21 04:29:05,45500.0,1000.0,439300.0
364,2021-10-21 04:29:05,45500.0,300.0,438300.0
365,2021-10-21 04:28:16,45500.0,100.0,438000.0
366,2021-10-21 04:28:16,45500.0,100.0,437900.0
367,2021-10-21 04:28:14,45400.0,700.0,437800.0
368,2021-10-21 04:28:14,45400.0,100.0,437100.0
369,2021-10-21 04:28:14,45400.0,800.0,437000.0
370,2021-10-21 04:28:14,45400.0,500.0,436200.0
371,2021-10-21 04:28:14,45400.0,200.0,435700.0
372,2021-10-21 04:28:14,45400.0,1000.0,435500.0
373,2021-10-21 04:28:14,45400.0,100.0,434500.0
374,2021-10-21 04:28:14,45400.0,500.0,434400.0
375,2021-10-21 04:28:14,45400.0,600.0,433900.0
376,2021-10-21 04:28:14,45400.0,500.0,433300.0
377,2021-10-21 04:27:26,45400.0,300.0,432800.0
378,2021-10-21 04:27:09,45500.0,400.0,432500.0
379,2021-10-21 04:27:09,45500.0,300.0,432100.0
380,2021-10-21 04:26:41,45400.0,200.0,431800.0
381,2021-10-21 04:25:37,45400.0,100.0,431600.0
382,2021-10-21 04:25:37,45400.0,100.0,431500.0
383,2021-10-21 04:25:37,45400.0,100.0,431400.0
384,2021-10-21 04:25:37,45400.0,700.0,431300.0
385,2021-10-21 04:24:59,45400.0,500.0,430600.0
386,2021-10-21 04:24:49,45500.0,1000.0,430100.0
387,2021-10-21 04:24:49,45500.0,500.0,429100.0
388,2021-10-21 04:24:49,45500.0,100.0,428600.0
389,2021-10-21 04:24:49,45500.0,100.0,428500.0
390,2021-10-21 04:24:49,45500.0,100.0,428400.0
391,2021-10-21 04:24:48,45500.0,200.0,428300.0
392,2021-10-21 04:24:42,45500.0,600.0,428100.0
393,2021-10-21 04:24:42,45500.0,100.0,427500.0
394,2021-10-21 04:24:29,45500.0,100.0,427400.0
395,2021-10-21 04:24:29,45600.0,1000.0,427300.0
396,2021-10-21 04:23:24,45600.0,100.0,426300.0
397,2021-10-21 04:23:08,45700.0,1600.0,426200.0
398,2021-10-21 04:23:08,45650.0,200.0,424600.0
399,2021-10-21 04:23:08,45650.0,200.0,424400.0
400,2021-10-21 04:21:45,45700.0,400.0,424200.0
401,2021-10-21 04:21:45,45700.0,500.0,423800.0
402,2021-10-21 04:21:45,45700.0,200.0,423300.0
403,2021-10-21 04:21:45,45700.0,100.0,423100.0
404,2021-10-21 04:21:45,45600.0,800.0,423000.0
405,2021-10-21 04:21:39,45600.0,200.0,422200.0
406,2021-10-21 04:21:30,45600.0,100.0,422000.0
407,2021-10-21 04:21:01,45700.0,500.0,421900.0
408,2021-10-21 04:19:43,45700.0,200.0,421400.0
409,2021-10-21 04:19:43,45700.0,100.0,421200.0
410,2021-10-21 04:19:14,45700.0,100.0,421100.0
411,2021-10-21 04:19:14,45700.0,400.0,421000.0
412,2021-10-21 04:19:14,45400.0,100.0,420600.0
413,2021-10-21 04:18:35,45750.0,900.0,420500.0
414,2021-10-21 04:18:35,45750.0,100.0,419600.0
415,2021-10-21 04:17:51,45300.0,100.0,419500.0
416,2021-10-21 04:17:51,45450.0,900.0,419400.0
417,2021-10-21 04:17:51,45500.0,200.0,418500.0
418,2021-10-21 04:17:51,45500.0,700.0,418300.0
419,2021-10-21 04:17:51,45500.0,5200.0,417600.0
420,2021-10-21 04:17:51,45550.0,500.0,412400.0
421,2021-10-21 04:17:51,45550.0,500.0,411900.0
422,2021-10-21 04:17:51,45550.0,600.0,411400.0
423,2021-10-21 04:17:51,45550.0,1000.0,410800.0
424,2021-10-21 04:17:51,45550.0,400.0,409800.0
425,2021-10-21 04:17:51,45700.0,500.0,409400.0
426,2021-10-21 04:17:51,45700.0,100.0,408900.0
427,2021-10-21 04:17:51,45700.0,100.0,408800.0
428,2021-10-21 04:17:51,45700.0,1000.0,408700.0
429,2021-10-21 04:17:51,45700.0,500.0,407700.0
430,2021-10-21 04:17:51,45700.0,400.0,407200.0
431,2021-10-21 04:17:51,45750.0,100.0,406800.0
432,2021-10-21 04:17:51,45750.0,400.0,406700.0
433,2021-10-21 04:17:51,45750.0,500.0,406300.0
434,2021-10-21 04:17:51,45750.0,100.0,405800.0
435,2021-10-21 04:17:51,45750.0,200.0,405700.0
436,2021-10-21 04:17:51,45750.0,100.0,405500.0
437,2021-10-21 04:17:51,45800.0,600.0,405400.0
438,2021-10-21 04:17:47,45800.0,100.0,404800.0
439,2021-10-21 04:17:40,45850.0,100.0,404700.0
440,2021-10-21 04:17:39,45850.0,300.0,404600.0
441,2021-10-21 04:17:38,45850.0,200.0,404300.0
442,2021-10-21 04:17:38,45850.0,500.0,404100.0
443,2021-10-21 04:17:16,45850.0,100.0,403600.0
444,2021-10-21 04:17:11,45850.0,500.0,403500.0
445,2021-10-21 04:17:08,45850.0,100.0,403000.0
446,2021-10-21 04:17:08,45850.0,100.0,402900.0
447,2021-10-21 04:17:00,45850.0,500.0,402800.0
448,2021-10-21 04:16:46,45850.0,200.0,402300.0
449,2021-10-21 04:16:30,45850.0,200.0,402100.0
450,2021-10-21 04:16:24,45750.0,500.0,401900.0
451,2021-10-21 04:16:13,45950.0,1200.0,401400.0
452,2021-10-21 04:16:13,45950.0,500.0,400200.0
453,2021-10-21 04:16:13,45950.0,100.0,399700.0
454,2021-10-21 04:16:13,45950.0,100.0,399600.0
455,2021-10-21 04:16:13,45950.0,300.0,399500.0
456,2021-10-21 04:16:13,45950.0,100.0,399200.0
457,2021-10-21 04:16:13,45950.0,2000.0,399100.0
458,2021-10-21 04:16:13,45950.0,100.0,397100.0
459,2021-10-21 04:16:13,45950.0,500.0,397000.0
460,2021-10-21 04:16:13,45950.0,400.0,396500.0
461,2021-10-21 04:16:13,45900.0,2900.0,396100.0
462,2021-10-21 04:16:13,45900.0,10000.0,393200.0
463,2021-10-21 04:16:13,45900.0,1000.0,383200.0
464,2021-10-21 04:16:13,45900.0,100.0,382200.0
465,2021-10-21 04:16:13,45900.0,700.0,382100.0
466,2021-10-21 04:15:58,45900.0,300.0,381400.0
467,2021-10-21 04:15:36,45950.0,600.0,381100.0
468,2021-10-21 04:15:36,45950.0,1000.0,380500.0
469,2021-10-21 04:15:36,45950.0,1000.0,379500.0
470,2021-10-21 04:15:36,45950.0,500.0,378500.0
471,2021-10-21 04:15:36,45950.0,3000.0,378000.0
472,2021-10-21 04:15:36,45950.0,500.0,375000.0
473,2021-10-21 04:15:36,45950.0,300.0,374500.0
474,2021-10-21 04:15:36,45900.0,1000.0,374200.0
475,2021-10-21 04:15:36,45900.0,2000.0,373200.0
476,2021-10-21 04:15:36,45900.0,1000.0,371200.0
477,2021-10-21 04:15:36,45900.0,500.0,370200.0
478,2021-10-21 04:15:36,45900.0,500.0,369700.0
479,2021-10-21 04:15:36,45900.0,200.0,369200.0
480,2021-10-21 04:15:36,45900.0,200.0,369000.0
481,2021-10-21 04:15:36,45900.0,4000.0,368800.0
482,2021-10-21 04:15:36,45900.0,700.0,364800.0
483,2021-10-21 04:15:36,45900.0,1000.0,364100.0
484,2021-10-21 04:15:36,45900.0,1000.0,363100.0
485,2021-10-21 04:15:36,45900.0,100.0,362100.0
486,2021-10-21 04:15:36,45900.0,100.0,362000.0
487,2021-10-21 04:15:36,45750.0,800.0,361900.0
488,2021-10-21 04:15:18,45750.0,200.0,361100.0
489,2021-10-21 04:14:55,45700.0,100.0,360900.0
490,2021-10-21 04:14:22,45900.0,1000.0,360800.0
491,2021-10-21 04:14:08,45900.0,500.0,359800.0
492,2021-10-21 04:13:59,45950.0,200.0,359300.0
493,2021-10-21 04:13:59,45900.0,500.0,359100.0
494,2021-10-21 04:13:59,45900.0,1000.0,358600.0
495,2021-10-21 04:13:59,45900.0,500.0,357600.0
496,2021-10-21 04:13:59,45900.0,1000.0,357100.0
497,2021-10-21 04:13:59,45900.0,100.0,356100.0
498,2021-10-21 04:13:59,45800.0,100.0,356000.0
499,2021-10-21 04:13:46,45900.0,400.0,355900.0
500,2021-10-21 04:13:46,45900.0,100.0,355500.0
501,2021-10-21 04:13:46,45900.0,500.0,355400.0
502,2021-10-21 04:13:43,45900.0,100.0,354900.0
503,2021-10-21 04:13:39,45900.0,400.0,354800.0
504,2021-10-21 04:13:39,45900.0,600.0,354400.0
505,2021-10-21 04:13:25,45900.0,200.0,353800.0
506,2021-10-21 04:13:19,45900.0,700.0,353600.0
507,2021-10-21 04:13:19,45900.0,1300.0,352900.0
508,2021-10-21 04:13:15,45900.0,200.0,351600.0
509,2021-10-21 04:13:06,45900.0,500.0,351400.0
510,2021-10-21 04:13:06,45900.0,1000.0,350900.0
511,2021-10-21 04:13:06,45850.0,100.0,349900.0
512,2021-10-21 04:13:06,45850.0,100.0,349800.0
513,2021-10-21 04:13:06,45800.0,1000.0,349700.0
514,2021-10-21 04:13:06,45800.0,200.0,348700.0
515,2021-10-21 04:13:06,45800.0,100.0,348500.0
516,2021-10-21 04:13:02,45700.0,500.0,348400.0
517,2021-10-21 04:12:54,45850.0,400.0,347900.0
518,2021-10-21 04:12:54,45850.0,500.0,347500.0
519,2021-10-21 04:12:54,45800.0,200.0,347000.0
520,2021-10-21 04:12:54,45800.0,500.0,346800.0
521,2021-10-21 04:12:54,45800.0,2400.0,346300.0
522,2021-10-21 04:12:53,45600.0,500.0,343900.0
523,2021-10-21 04:12:40,45800.0,100.0,343400.0
524,2021-10-21 04:12:40,45800.0,1000.0,343300.0
525,2021-10-21 04:12:40,45800.0,400.0,342300.0
526,2021-10-21 04:12:29,45800.0,1600.0,341900.0
527,2021-10-21 04:12:29,45750.0,500.0,340300.0
528,2021-10-21 04:12:29,45700.0,1000.0,339800.0
529,2021-10-21 04:12:29,45700.0,100.0,338800.0
530,2021-10-21 04:12:29,45700.0,200.0,338700.0
531,2021-10-21 04:12:29,45700.0,100.0,338500.0
532,2021-10-21 04:12:29,45650.0,500.0,338400.0
533,2021-10-21 04:12:29,45600.0,1000.0,337900.0
534,2021-10-21 04:12:26,45600.0,100.0,336900.0
535,2021-10-21 04:12:13,45600.0,100.0,336800.0
536,2021-10-21 04:12:03,45550.0,300.0,336700.0
537,2021-10-21 04:12:02,45600.0,900.0,336400.0
538,2021-10-21 04:12:02,45600.0,100.0,335500.0
539,2021-10-21 04:12:02,45600.0,400.0,335400.0
540,2021-10-21 04:12:02,45600.0,100.0,335000.0
541,2021-10-21 04:12:02,45600.0,500.0,334900.0
542,2021-10-21 04:11:56,45600.0,200.0,334400.0
543,2021-10-21 04:11:56,45600.0,100.0,334200.0
544,2021-10-21 04:11:54,45600.0,1500.0,334100.0
545,2021-10-21 04:11:54,45600.0,3500.0,332600.0
546,2021-10-21 04:11:51,45550.0,2000.0,329100.0
547,2021-10-21 04:11:48,45600.0,1500.0,327100.0
548,2021-10-21 04:11:48,45600.0,300.0,325600.0
549,2021-10-21 04:11:45,45600.0,200.0,325300.0
550,2021-10-21 04:11:45,45550.0,200.0,325100.0
551,2021-10-21 04:11:40,45550.0,300.0,324900.0
552,2021-10-21 04:11:35,45500.0,500.0,324600.0
553,2021-10-21 04:11:28,45550.0,500.0,324100.0
554,2021-10-21 04:11:28,45550.0,3800.0,323600.0
555,2021-10-21 04:11:11,45500.0,500.0,319800.0
556,2021-10-21 04:11:11,45500.0,500.0,319300.0
557,2021-10-21 04:11:09,45500.0,500.0,318800.0
558,2021-10-21 04:11:04,45500.0,200.0,318300.0
559,2021-10-21 04:10:48,45500.0,1900.0,318100.0
560,2021-10-21 04:10:38,45450.0,200.0,316200.0
561,2021-10-21 04:10:38,45450.0,800.0,316000.0
562,2021-10-21 04:10:32,45450.0,500.0,315200.0
563,2021-10-21 04:10:25,45500.0,1600.0,314700.0
564,2021-10-21 04:10:13,45450.0,1000.0,313100.0
565,2021-10-21 04:10:11,45450.0,700.0,312100.0
566,2021-10-21 04:10:11,45450.0,300.0,311400.0
567,2021-10-21 04:10:11,45450.0,100.0,311100.0
568,2021-10-21 04:09:53,45450.0,900.0,311000.0
569,2021-10-21 04:09:53,45450.0,100.0,310100.0
570,2021-10-21 04:09:52,45400.0,500.0,310000.0
571,2021-10-21 04:09:38,45400.0,500.0,309500.0
572,2021-10-21 04:09:29,45450.0,400.0,309000.0
573,2021-10-21 04:09:29,45450.0,200.0,308600.0
574,2021-10-21 04:09:29,45450.0,1000.0,308400.0
575,2021-10-21 04:09:29,45400.0,500.0,307400.0
576,2021-10-21 04:09:29,45400.0,100.0,306900.0
577,2021-10-21 04:09:22,45400.0,1900.0,306800.0
578,2021-10-21 04:09:22,45400.0,100.0,304900.0
579,2021-10-21 04:09:16,45400.0,100.0,304800.0
580,2021-10-21 04:09:13,45400.0,1000.0,304700.0
581,2021-10-21 04:09:03,45400.0,200.0,303700.0
582,2021-10-21 04:08:54,45400.0,500.0,303500.0
583,2021-10-21 04:08:54,45400.0,500.0,303000.0
584,2021-10-21 04:08:38,45300.0,100.0,302500.0
585,2021-10-21 04:08:38,45300.0,1000.0,302400.0
586,2021-10-21 04:08:38,45300.0,300.0,301400.0
587,2021-10-21 04:08:34,45300.0,300.0,301100.0
588,2021-10-21 04:08:28,45300.0,500.0,300800.0
589,2021-10-21 04:08:25,45200.0,1000.0,300300.0
590,2021-10-21 04:08:20,45300.0,100.0,299300.0
591,2021-10-21 04:08:10,45300.0,100.0,299200.0
592,2021-10-21 04:07:59,45300.0,300.0,299100.0
593,2021-10-21 04:07:53,45300.0,1200.0,298800.0
594,2021-10-21 04:07:53,45300.0,1000.0,297600.0
595,2021-10-21 04:07:41,45200.0,100.0,296600.0
596,2021-10-21 04:07:15,45200.0,100.0,296500.0
597,2021-10-21 04:07:15,45200.0,2300.0,296400.0
598,2021-10-21 04:07:15,45200.0,300.0,294100.0
599,2021-10-21 04:06:59,45200.0,2400.0,293800.0
600,2021-10-21 04:05:28,45000.0,1000.0,291400.0
601,2021-10-21 04:05:28,45000.0,300.0,290400.0
602,2021-10-21 04:05:03,45000.0,400.0,290100.0
603,2021-10-21 04:04:49,45000.0,600.0,289700.0
604,2021-10-21 04:04:46,45000.0,500.0,289100.0
605,2021-10-21 04:04:38,45000.0,1000.0,288600.0
606,2021-10-21 04:04:38,45000.0,100.0,287600.0
607,2021-10-21 04:04:38,45000.0,2000.0,287500.0
608,2021-10-21 04:04:38,45000.0,100.0,285500.0
609,2021-10-21 04:04:10,45000.0,100.0,285400.0
610,2021-10-21 04:04:04,45500.0,4200.0,285300.0
611,2021-10-21 04:04:04,45500.0,2000.0,281100.0
612,2021-10-21 04:04:04,45500.0,1000.0,279100.0
613,2021-10-21 04:04:04,45500.0,200.0,278100.0
614,2021-10-21 04:04:04,45500.0,500.0,277900.0
615,2021-10-21 04:04:04,45400.0,100.0,277400.0
616,2021-10-21 04:04:04,45400.0,500.0,277300.0
617,2021-10-21 04:04:04,45200.0,700.0,276800.0
618,2021-10-21 04:04:04,45200.0,100.0,276100.0
619,2021-10-21 04:04:04,45150.0,100.0,276000.0
620,2021-10-21 04:04:04,45100.0,300.0,275900.0
621,2021-10-21 04:04:04,45100.0,100.0,275600.0
622,2021-10-21 04:04:04,45100.0,200.0,275500.0
623,2021-10-21 04:03:47,45000.0,100.0,275300.0
624,2021-10-21 04:03:47,45000.0,100.0,275200.0
625,2021-10-21 04:03:47,45000.0,1000.0,275100.0
626,2021-10-21 04:03:47,45000.0,300.0,274100.0
627,2021-10-21 04:03:47,45000.0,500.0,273800.0
628,2021-10-21 04:03:47,45000.0,100.0,273300.0
629,2021-10-21 04:03:47,45000.0,500.0,273200.0
630,2021-10-21 04:03:47,45000.0,100.0,272700.0
631,2021-10-21 04:03:47,45000.0,6000.0,272600.0
632,2021-10-21 04:03:47,45000.0,1000.0,266600.0
633,2021-10-21 04:03:47,45000.0,100.0,265600.0
634,2021-10-21 04:03:33,44900.0,500.0,265500.0
635,2021-10-21 04:03:33,44900.0,1100.0,265000.0
636,2021-10-21 04:03:26,44900.0,900.0,263900.0
637,2021-10-21 04:03:26,44800.0,100.0,263000.0
638,2021-10-21 04:03:25,44700.0,400.0,262900.0
639,2021-10-21 04:02:44,44600.0,200.0,262500.0
640,2021-10-21 04:02:35,44600.0,1500.0,262300.0
641,2021-10-21 04:02:35,44650.0,500.0,260800.0
642,2021-10-21 04:02:24,44650.0,500.0,260300.0
643,2021-10-21 04:02:11,44600.0,200.0,259800.0
644,2021-10-21 04:02:11,44600.0,2000.0,259600.0
645,2021-10-21 04:02:11,44600.0,1000.0,257600.0
646,2021-10-21 04:02:06,44600.0,400.0,256600.0
647,2021-10-21 04:02:06,44600.0,100.0,256200.0
648,2021-10-21 04:02:03,44600.0,900.0,256100.0
649,2021-10-21 04:02:03,44600.0,200.0,255200.0
650,2021-10-21 04:02:03,44600.0,900.0,255000.0
651,2021-10-21 04:02:01,44600.0,100.0,254100.0
652,2021-10-21 04:02:01,44600.0,900.0,254000.0
653,2021-10-21 04:01:41,44600.0,4100.0,253100.0
654,2021-10-21 04:01:05,44550.0,600.0,249000.0
655,2021-10-21 04:00:56,44550.0,2000.0,248400.0
656,2021-10-21 04:00:18,44550.0,400.0,246400.0
657,2021-10-21 04:00:18,44550.0,1700.0,246000.0
658,2021-10-21 03:59:50,44550.0,300.0,244300.0
659,2021-10-21 03:59:50,44550.0,1700.0,244000.0
660,2021-10-21 03:59:46,44550.0,2000.0,242300.0
661,2021-10-21 03:58:59,44550.0,1000.0,240300.0
662,2021-10-21 03:58:36,44550.0,1900.0,239300.0
663,2021-10-21 03:58:20,44550.0,100.0,237400.0
664,2021-10-21 03:58:14,44500.0,500.0,237300.0
665,2021-10-21 03:58:14,44500.0,500.0,236800.0
666,2021-10-21 03:58:14,44500.0,100.0,236300.0
667,2021-10-21 03:58:14,44500.0,500.0,236200.0
668,2021-10-21 03:58:14,44500.0,500.0,235700.0
669,2021-10-21 03:58:14,44500.0,800.0,235200.0
670,2021-10-21 03:57:43,44500.0,200.0,234400.0
671,2021-10-21 03:57:43,44500.0,1300.0,234200.0
672,2021-10-21 03:57:43,44500.0,500.0,232900.0
673,2021-10-21 03:57:43,44500.0,1000.0,232400.0
674,2021-10-21 03:57:10,44400.0,500.0,231400.0
675,2021-10-21 03:57:10,44400.0,1600.0,230900.0
676,2021-10-21 03:57:02,44400.0,2000.0,229300.0
677,2021-10-21 03:56:53,44400.0,1500.0,227300.0
678,2021-10-21 03:56:53,44400.0,500.0,225800.0
679,2021-10-21 03:54:40,44400.0,100.0,225300.0
680,2021-10-21 03:54:33,44300.0,100.0,225200.0
681,2021-10-21 03:54:07,44400.0,100.0,225100.0
682,2021-10-21 03:53:38,44400.0,300.0,225000.0
683,2021-10-21 03:53:38,44350.0,200.0,224700.0
684,2021-10-21 03:53:37,44300.0,100.0,224500.0
685,2021-10-21 03:51:09,44400.0,2000.0,224400.0
686,2021-10-21 03:50:56,44400.0,100.0,222400.0
687,2021-10-21 03:50:36,44300.0,3000.0,222300.0
688,2021-10-21 03:50:16,44300.0,1000.0,219300.0
689,2021-10-21 03:50:16,44300.0,100.0,218300.0
690,2021-10-21 03:50:16,44300.0,200.0,218200.0
691,2021-10-21 03:50:16,44300.0,200.0,218000.0
692,2021-10-21 03:50:16,44300.0,500.0,217800.0
693,2021-10-21 03:48:59,44400.0,400.0,217300.0
694,2021-10-21 03:48:59,44300.0,100.0,216900.0
695,2021-10-21 03:48:52,44250.0,200.0,216800.0
696,2021-10-21 03:48:38,44300.0,100.0,216600.0
697,2021-10-21 03:48:38,44300.0,200.0,216500.0
698,2021-10-21 03:48:38,44300.0,500.0,216300.0
699,2021-10-21 03:48:38,44300.0,1000.0,215800.0
700,2021-10-21 03:48:38,44300.0,200.0,214800.0
701,2021-10-21 03:48:38,44300.0,700.0,214600.0
702,2021-10-21 03:48:38,44300.0,200.0,213900.0
703,2021-10-21 03:47:08,44400.0,1500.0,213700.0
704,2021-10-21 03:47:05,44400.0,200.0,212200.0
705,2021-10-21 03:46:38,44400.0,300.0,212000.0
706,2021-10-21 03:46:38,44400.0,200.0,211700.0
707,2021-10-21 03:46:32,44400.0,400.0,211500.0
708,2021-10-21 03:46:20,44500.0,100.0,211100.0
709,2021-10-21 03:46:20,44500.0,1900.0,211000.0
710,2021-10-21 03:46:00,44500.0,400.0,209100.0
711,2021-10-21 03:46:00,44500.0,1000.0,208700.0
712,2021-10-21 03:46:00,44500.0,300.0,207700.0
713,2021-10-21 03:46:00,44500.0,300.0,207400.0
714,2021-10-21 03:44:05,44400.0,400.0,207100.0
715,2021-10-21 03:41:17,44500.0,400.0,206700.0
716,2021-10-21 03:41:17,44400.0,600.0,206300.0
717,2021-10-21 03:40:59,44300.0,100.0,205700.0
718,2021-10-21 03:40:36,44300.0,400.0,205600.0
719,2021-10-21 03:40:30,44300.0,1000.0,205200.0
720,2021-10-21 03:40:20,44300.0,900.0,204200.0
721,2021-10-21 03:39:57,44300.0,200.0,203300.0
722,2021-10-21 03:39:25,44300.0,200.0,203100.0
723,2021-10-21 03:39:10,44300.0,100.0,202900.0
724,2021-10-21 03:39:10,44300.0,500.0,202800.0
725,2021-10-21 03:39:10,44300.0,100.0,202300.0
726,2021-10-21 03:39:10,44300.0,500.0,202200.0
727,2021-10-21 03:38:51,44300.0,200.0,201700.0
728,2021-10-21 03:38:51,44300.0,1000.0,201500.0
729,2021-10-21 03:38:51,44300.0,100.0,200500.0
730,2021-10-21 03:38:51,44300.0,500.0,200400.0
731,2021-10-21 03:38:51,44300.0,1000.0,199900.0
732,2021-10-21 03:38:51,44300.0,100.0,198900.0
733,2021-10-21 03:38:51,44300.0,100.0,198800.0
734,2021-10-21 03:38:51,44300.0,100.0,198700.0
735,2021-10-21 03:38:51,44300.0,100.0,198600.0
736,2021-10-21 03:38:42,44400.0,1000.0,198500.0
737,2021-10-21 03:38:42,44400.0,500.0,197500.0
738,2021-10-21 03:38:42,44400.0,300.0,197000.0
739,2021-10-21 03:38:37,44400.0,200.0,196700.0
740,2021-10-21 03:34:28,44400.0,500.0,196500.0
741,2021-10-21 03:34:23,44300.0,400.0,196000.0
742,2021-10-21 03:33:38,44300.0,100.0,195600.0
743,2021-10-21 03:33:38,44300.0,200.0,195500.0
744,2021-10-21 03:33:07,44300.0,100.0,195300.0
745,2021-10-21 03:33:01,44300.0,200.0,195200.0
746,2021-10-21 03:33:01,44300.0,300.0,195000.0
747,2021-10-21 03:33:01,44300.0,300.0,194700.0
748,2021-10-21 03:33:01,44300.0,100.0,194400.0
749,2021-10-21 03:33:01,44300.0,100.0,194300.0
750,2021-10-21 03:32:02,44300.0,100.0,194200.0
751,2021-10-21 03:30:58,44300.0,100.0,194100.0
752,2021-10-21 03:30:58,44300.0,100.0,194000.0
753,2021-10-21 03:30:58,44300.0,100.0,193900.0
754,2021-10-21 03:30:58,44300.0,300.0,193800.0
755,2021-10-21 03:28:56,44300.0,300.0,193500.0
756,2021-10-21 03:28:56,44300.0,100.0,193200.0
757,2021-10-21 03:28:56,44300.0,300.0,193100.0
758,2021-10-21 03:28:56,44300.0,100.0,192800.0
759,2021-10-21 03:28:56,44300.0,100.0,192700.0
760,2021-10-21 03:28:56,44300.0,1000.0,192600.0
761,2021-10-21 03:28:56,44300.0,1000.0,191600.0
762,2021-10-21 03:28:56,44300.0,100.0,190600.0
763,2021-10-21 03:28:56,44300.0,100.0,190500.0
764,2021-10-21 03:28:56,44300.0,100.0,190400.0
765,2021-10-21 03:28:56,44300.0,100.0,190300.0
766,2021-10-21 03:28:56,44300.0,300.0,190200.0
767,2021-10-21 03:28:56,44350.0,100.0,189900.0
768,2021-10-21 03:28:56,44350.0,1000.0,189800.0
769,2021-10-21 03:28:56,44350.0,300.0,188800.0
770,2021-10-21 03:28:48,44400.0,1700.0,188500.0
771,2021-10-21 03:28:37,44400.0,600.0,186800.0
772,2021-10-21 03:28:24,44400.0,400.0,186200.0
773,2021-10-21 03:28:22,44400.0,100.0,185800.0
774,2021-10-21 03:28:22,44400.0,200.0,185700.0
775,2021-10-21 03:28:22,44400.0,500.0,185500.0
776,2021-10-21 03:28:22,44400.0,200.0,185000.0
777,2021-10-21 03:28:20,44500.0,100.0,184800.0
778,2021-10-21 03:27:20,44500.0,200.0,184700.0
779,2021-10-21 03:27:20,44500.0,300.0,184500.0
780,2021-10-21 03:25:44,44400.0,500.0,184200.0
781,2021-10-21 03:24:49,44400.0,200.0,183700.0
782,2021-10-21 03:23:23,44500.0,100.0,183500.0
783,2021-10-21 03:23:23,44500.0,300.0,183400.0
784,2021-10-21 03:23:23,44500.0,100.0,183100.0
785,2021-10-21 03:23:21,44400.0,100.0,183000.0
786,2021-10-21 03:23:21,44400.0,300.0,182900.0
787,2021-10-21 03:22:26,44500.0,1000.0,182600.0
788,2021-10-21 03:21:28,44400.0,1700.0,181600.0
789,2021-10-21 03:20:39,44400.0,800.0,179900.0
790,2021-10-21 03:20:24,44300.0,200.0,179100.0
791,2021-10-21 03:20:01,44400.0,200.0,178900.0
792,2021-10-21 03:18:48,44300.0,300.0,178700.0
793,2021-10-21 03:18:29,44300.0,200.0,178400.0
794,2021-10-21 03:18:29,44350.0,500.0,178200.0
795,2021-10-21 03:18:29,44350.0,300.0,177700.0
796,2021-10-21 03:18:29,44350.0,1000.0,177400.0
797,2021-10-21 03:18:29,44350.0,1000.0,176400.0
798,2021-10-21 03:18:29,44350.0,100.0,175400.0
799,2021-10-21 03:18:29,44400.0,100.0,175300.0
800,2021-10-21 03:18:29,44400.0,1000.0,175200.0
801,2021-10-21 03:18:29,44400.0,500.0,174200.0
802,2021-10-21 03:18:29,44400.0,100.0,173700.0
803,2021-10-21 03:18:29,44400.0,2000.0,173600.0
804,2021-10-21 03:18:29,44400.0,500.0,171600.0
805,2021-10-21 03:18:29,44400.0,1000.0,171100.0
806,2021-10-21 03:18:29,44400.0,100.0,170100.0
807,2021-10-21 03:18:29,44400.0,600.0,170000.0
808,2021-10-21 03:18:25,44400.0,400.0,169400.0
809,2021-10-21 03:18:25,44400.0,200.0,169000.0
810,2021-10-21 03:18:01,44400.0,800.0,168800.0
811,2021-10-21 03:18:01,44400.0,400.0,168000.0
812,2021-10-21 03:18:01,44400.0,800.0,167600.0
813,2021-10-21 03:17:19,44450.0,100.0,166800.0
814,2021-10-21 03:14:08,44500.0,500.0,166700.0
815,2021-10-21 03:13:23,44500.0,200.0,166200.0
816,2021-10-21 03:13:23,44450.0,300.0,166000.0
817,2021-10-21 03:13:12,44450.0,200.0,165700.0
818,2021-10-21 03:12:51,44500.0,100.0,165500.0
819,2021-10-21 03:12:43,44500.0,100.0,165400.0
820,2021-10-21 03:12:43,44500.0,100.0,165300.0
821,2021-10-21 03:12:27,44500.0,500.0,165200.0
822,2021-10-21 03:10:58,44550.0,1000.0,164700.0
823,2021-10-21 03:10:05,44450.0,800.0,163700.0
824,2021-10-21 03:09:27,44450.0,200.0,162900.0
825,2021-10-21 03:09:22,44450.0,200.0,162700.0
826,2021-10-21 03:09:22,44450.0,1000.0,162500.0
827,2021-10-21 03:09:22,44450.0,100.0,161500.0
828,2021-10-21 03:09:22,44450.0,500.0,161400.0
829,2021-10-21 03:08:41,44450.0,500.0,160900.0
830,2021-10-21 03:08:41,44450.0,5000.0,160400.0
831,2021-10-21 03:08:41,44450.0,1000.0,155400.0
832,2021-10-21 03:08:41,44450.0,500.0,154400.0
833,2021-10-21 03:08:41,44450.0,900.0,153900.0
834,2021-10-21 03:08:41,44450.0,500.0,153000.0
835,2021-10-21 03:08:41,44450.0,1000.0,152500.0
836,2021-10-21 03:08:41,44450.0,200.0,151500.0
837,2021-10-21 03:08:41,44450.0,1000.0,151300.0
838,2021-10-21 03:08:41,44450.0,100.0,150300.0
839,2021-10-21 03:08:41,44500.0,300.0,150200.0
840,2021-10-21 03:08:41,44500.0,1000.0,149900.0
841,2021-10-21 03:08:41,44500.0,1000.0,148900.0
842,2021-10-21 03:08:41,44500.0,1000.0,147900.0
843,2021-10-21 03:08:41,44500.0,100.0,146900.0
844,2021-10-21 03:08:41,44500.0,100.0,146800.0
845,2021-10-21 03:08:41,44500.0,200.0,146700.0
846,2021-10-21 03:08:41,44500.0,200.0,146500.0
847,2021-10-21 03:08:41,44500.0,100.0,146300.0
848,2021-10-21 03:08:41,44500.0,200.0,146200.0
849,2021-10-21 03:08:41,44500.0,100.0,146000.0
850,2021-10-21 03:08:34,44550.0,200.0,145900.0
851,2021-10-21 03:07:10,44550.0,1000.0,145700.0
852,2021-10-21 03:06:11,44550.0,100.0,144700.0
853,2021-10-21 03:05:56,44550.0,1600.0,144600.0
854,2021-10-21 03:05:56,44550.0,500.0,143000.0
855,2021-10-21 03:05:56,44550.0,500.0,142500.0
856,2021-10-21 03:05:56,44550.0,1000.0,142000.0
857,2021-10-21 03:05:56,44550.0,200.0,141000.0
858,2021-10-21 03:05:56,44550.0,700.0,140800.0
859,2021-10-21 03:05:31,44500.0,400.0,140100.0
860,2021-10-21 03:05:31,44500.0,100.0,139700.0
861,2021-10-21 03:04:54,44500.0,300.0,139600.0
862,2021-10-21 03:04:54,44500.0,200.0,139300.0
863,2021-10-21 03:04:33,44550.0,100.0,139100.0
864,2021-10-21 03:04:12,44550.0,600.0,139000.0
865,2021-10-21 03:03:59,44500.0,100.0,138400.0
866,2021-10-21 03:03:28,44550.0,500.0,138300.0
867,2021-10-21 03:01:53,44550.0,1000.0,137800.0
868,2021-10-21 02:59:45,44500.0,100.0,136800.0
869,2021-10-21 02:59:45,44500.0,200.0,136700.0
870,2021-10-21 02:59:45,44500.0,200.0,136500.0
871,2021-10-21 02:59:05,44500.0,500.0,136300.0
872,2021-10-21 02:59:01,44500.0,300.0,135800.0
873,2021-10-21 02:57:53,44500.0,300.0,135500.0
874,2021-10-21 02:56:59,44500.0,1200.0,135200.0
875,2021-10-21 02:56:59,44500.0,100.0,134000.0
876,2021-10-21 02:56:59,44500.0,200.0,133900.0
877,2021-10-21 02:55:40,44500.0,200.0,133700.0
878,2021-10-21 02:55:21,44500.0,2600.0,133500.0
879,2021-10-21 02:55:21,44500.0,100.0,130900.0
880,2021-10-21 02:55:21,44500.0,100.0,130800.0
881,2021-10-21 02:55:21,44500.0,500.0,130700.0
882,2021-10-21 02:55:21,44500.0,900.0,130200.0
883,2021-10-21 02:55:21,44500.0,1000.0,129300.0
884,2021-10-21 02:55:21,44500.0,8600.0,128300.0
885,2021-10-21 02:54:53,44550.0,100.0,119700.0
886,2021-10-21 02:53:25,44550.0,100.0,119600.0
887,2021-10-21 02:53:05,44550.0,1000.0,119500.0
888,2021-10-21 02:52:24,44550.0,200.0,118500.0
889,2021-10-21 02:51:58,44550.0,200.0,118300.0
890,2021-10-21 02:51:47,44550.0,200.0,118100.0
891,2021-10-21 02:51:47,44550.0,600.0,117900.0
892,2021-10-21 02:51:47,44550.0,100.0,117300.0
893,2021-10-21 02:51:47,44550.0,100.0,117200.0
894,2021-10-21 02:51:47,44550.0,100.0,117100.0
895,2021-10-21 02:51:47,44550.0,500.0,117000.0
896,2021-10-21 02:51:47,44550.0,1000.0,116500.0
897,2021-10-21 02:51:47,44550.0,700.0,115500.0
898,2021-10-21 02:51:00,44550.0,300.0,114800.0
899,2021-10-21 02:50:59,44550.0,500.0,114500.0
900,2021-10-21 02:50:59,44550.0,100.0,114000.0
901,2021-10-21 02:48:57,44550.0,200.0,113900.0
902,2021-10-21 02:48:56,44550.0,500.0,113700.0
903,2021-10-21 02:48:54,44500.0,1400.0,113200.0
904,2021-10-21 02:48:54,44500.0,200.0,111800.0
905,2021-10-21 02:48:54,44500.0,400.0,111600.0
906,2021-10-21 02:48:48,44550.0,500.0,111200.0
907,2021-10-21 02:48:38,44550.0,500.0,110700.0
908,2021-10-21 02:48:36,44500.0,100.0,110200.0
909,2021-10-21 02:48:28,44500.0,100.0,110100.0
910,2021-10-21 02:47:28,44550.0,500.0,110000.0
911,2021-10-21 02:45:46,44500.0,100.0,109500.0
912,2021-10-21 02:45:46,44500.0,300.0,109400.0
913,2021-10-21 02:45:46,44550.0,100.0,109100.0
914,2021-10-21 02:45:27,44500.0,700.0,109000.0
915,2021-10-21 02:45:27,44500.0,100.0,108300.0
916,2021-10-21 02:45:27,44500.0,400.0,108200.0
917,2021-10-21 02:45:27,44500.0,100.0,107800.0
918,2021-10-21 02:45:27,44550.0,700.0,107700.0
919,2021-10-21 02:45:04,44600.0,2000.0,107000.0
920,2021-10-21 02:45:04,44600.0,2000.0,105000.0
921,2021-10-21 02:45:04,44600.0,1300.0,103000.0
922,2021-10-21 02:44:52,44600.0,100.0,101700.0
923,2021-10-21 02:44:52,44600.0,100.0,101600.0
924,2021-10-21 02:44:38,44600.0,1500.0,101500.0
925,2021-10-21 02:44:32,44600.0,2000.0,100000.0
926,2021-10-21 02:44:29,44550.0,300.0,98000.0
927,2021-10-21 02:44:29,44550.0,100.0,97700.0
928,2021-10-21 02:44:22,44550.0,100.0,97600.0
929,2021-10-21 02:44:13,44550.0,100.0,97500.0
930,2021-10-21 02:43:58,44600.0,3400.0,97400.0
931,2021-10-21 02:43:58,44600.0,1600.0,94000.0
932,2021-10-21 02:43:53,44550.0,200.0,92400.0
933,2021-10-21 02:41:43,44600.0,400.0,92200.0
934,2021-10-21 02:41:43,44600.0,500.0,91800.0
935,2021-10-21 02:41:43,44600.0,100.0,91300.0
936,2021-10-21 02:41:31,44500.0,900.0,91200.0
937,2021-10-21 02:41:31,44500.0,200.0,90300.0
938,2021-10-21 02:41:31,44500.0,100.0,90100.0
939,2021-10-21 02:41:31,44500.0,500.0,90000.0
940,2021-10-21 02:41:31,44500.0,100.0,89500.0
941,2021-10-21 02:41:31,44500.0,200.0,89400.0
942,2021-10-21 02:41:31,44500.0,100.0,89200.0
943,2021-10-21 02:41:31,44500.0,100.0,89100.0
944,2021-10-21 02:41:31,44500.0,1000.0,89000.0
945,2021-10-21 02:41:31,44500.0,1000.0,88000.0
946,2021-10-21 02:41:31,44500.0,500.0,87000.0
947,2021-10-21 02:41:31,44500.0,100.0,86500.0
948,2021-10-21 02:41:31,44500.0,200.0,86400.0
949,2021-10-21 02:41:31,44500.0,500.0,86200.0
950,2021-10-21 02:41:31,44500.0,3400.0,85700.0
951,2021-10-21 02:41:31,44550.0,500.0,82300.0
952,2021-10-21 02:41:31,44550.0,500.0,81800.0
953,2021-10-21 02:41:31,44550.0,100.0,81300.0
954,2021-10-21 02:39:16,44600.0,100.0,81200.0
955,2021-10-21 02:39:16,44600.0,400.0,81100.0
956,2021-10-21 02:38:26,44600.0,200.0,80700.0
957,2021-10-21 02:37:26,44600.0,100.0,80500.0
958,2021-10-21 02:36:54,44600.0,600.0,80400.0
959,2021-10-21 02:36:48,44600.0,100.0,79800.0
960,2021-10-21 02:36:48,44600.0,300.0,79700.0
961,2021-10-21 02:36:48,44600.0,3900.0,79400.0
962,2021-10-21 02:36:36,44600.0,100.0,75500.0
963,2021-10-21 02:36:00,44600.0,2000.0,75400.0
964,2021-10-21 02:35:44,44500.0,400.0,73400.0
965,2021-10-21 02:34:42,44500.0,900.0,73000.0
966,2021-10-21 02:34:42,44500.0,1000.0,72100.0
967,2021-10-21 02:34:42,44500.0,100.0,71100.0
968,2021-10-21 02:34:42,44550.0,500.0,71000.0
969,2021-10-21 02:34:42,44550.0,500.0,70500.0
970,2021-10-21 02:34:07,44550.0,200.0,70000.0
971,2021-10-21 02:33:19,44550.0,200.0,69800.0
972,2021-10-21 02:33:01,44550.0,300.0,69600.0
973,2021-10-21 02:32:59,44550.0,100.0,69300.0
974,2021-10-21 02:32:59,44550.0,100.0,69200.0
975,2021-10-21 02:32:47,44550.0,900.0,69100.0
976,2021-10-21 02:32:47,44550.0,1100.0,68200.0
977,2021-10-21 02:32:33,44500.0,200.0,67100.0
978,2021-10-21 02:32:33,44500.0,1000.0,66900.0
979,2021-10-21 02:32:33,44500.0,500.0,65900.0
980,2021-10-21 02:32:33,44500.0,100.0,65400.0
981,2021-10-21 02:32:33,44500.0,200.0,65300.0
982,2021-10-21 02:31:49,44550.0,100.0,65100.0
983,2021-10-21 02:31:43,44550.0,400.0,65000.0
984,2021-10-21 02:31:43,44550.0,500.0,64600.0
985,2021-10-21 02:31:43,44550.0,1000.0,64100.0
986,2021-10-21 02:31:40,44600.0,1000.0,63100.0
987,2021-10-21 02:31:18,44600.0,200.0,62100.0
988,2021-10-21 02:31:14,44600.0,600.0,61900.0
989,2021-10-21 02:30:53,44600.0,1000.0,61300.0
990,2021-10-21 02:30:53,44600.0,100.0,60300.0
991,2021-10-21 02:30:53,44600.0,200.0,60200.0
992,2021-10-21 02:30:53,44600.0,900.0,60000.0
993,2021-10-21 02:30:53,44600.0,1000.0,59100.0
994,2021-10-21 02:30:41,44600.0,100.0,58100.0
995,2021-10-21 02:30:41,44600.0,100.0,58000.0
996,2021-10-21 02:30:41,44650.0,500.0,57900.0
997,2021-10-21 02:29:11,44600.0,100.0,57400.0
998,2021-10-21 02:28:52,44600.0,600.0,57300.0
999,2021-10-21 02:28:04,44600.0,200.0,56700.0
1000,2021-10-21 02:27:39,44600.0,100.0,56500.0
1001,2021-10-21 02:27:34,44500.0,800.0,56400.0
1002,2021-10-21 02:27:34,44500.0,200.0,55600.0
1003,2021-10-21 02:27:34,44600.0,500.0,55400.0
1004,2021-10-21 02:27:34,44600.0,100.0,54900.0
1005,2021-10-21 02:27:34,44600.0,400.0,54800.0
1006,2021-10-21 02:27:09,44600.0,200.0,54400.0
1007,2021-10-21 02:27:09,44600.0,200.0,54200.0
1008,2021-10-21 02:27:09,44600.0,300.0,54000.0
1009,2021-10-21 02:27:09,44600.0,900.0,53700.0
1010,2021-10-21 02:26:49,44600.0,600.0,52800.0
1011,2021-10-21 02:26:49,44600.0,1000.0,52200.0
1012,2021-10-21 02:26:49,44600.0,200.0,51200.0
1013,2021-10-21 02:26:49,44550.0,1200.0,51000.0
1014,2021-10-21 02:26:44,44500.0,600.0,49800.0
1015,2021-10-21 02:26:34,44550.0,1000.0,49200.0
1016,2021-10-21 02:26:34,44550.0,100.0,48200.0
1017,2021-10-21 02:26:34,44550.0,100.0,48100.0
1018,2021-10-21 02:26:34,44550.0,600.0,48000.0
1019,2021-10-21 02:26:29,44550.0,500.0,47400.0
1020,2021-10-21 02:25:37,44550.0,1000.0,46900.0
1021,2021-10-21 02:25:20,44550.0,300.0,45900.0
1022,2021-10-21 02:25:12,44550.0,100.0,45600.0
1023,2021-10-21 02:24:50,44550.0,100.0,45500.0
1024,2021-10-21 02:24:32,44550.0,200.0,45400.0
1025,2021-10-21 02:24:28,44550.0,7200.0,45200.0
1026,2021-10-21 02:24:28,44550.0,800.0,38000.0
1027,2021-10-21 02:24:14,44600.0,300.0,37200.0
1028,2021-10-21 02:24:14,44600.0,500.0,36900.0
1029,2021-10-21 02:24:13,44600.0,400.0,36400.0
1030,2021-10-21 02:24:13,44600.0,200.0,36000.0
1031,2021-10-21 02:24:13,44600.0,600.0,35800.0
1032,2021-10-21 02:24:13,44600.0,200.0,35200.0
1033,2021-10-21 02:24:13,44600.0,1000.0,35000.0
1034,2021-10-21 02:24:13,44600.0,1000.0,34000.0
1035,2021-10-21 02:24:13,44600.0,500.0,33000.0
1036,2021-10-21 02:24:13,44650.0,100.0,32500.0
1037,2021-10-21 02:22:39,44600.0,400.0,32400.0
1038,2021-10-21 02:22:04,44600.0,100.0,32000.0
1039,2021-10-21 02:21:00,44600.0,500.0,31900.0
1040,2021-10-21 02:18:46,44500.0,200.0,31400.0
1041,2021-10-21 02:18:46,44500.0,200.0,31200.0
1042,2021-10-21 02:18:46,44500.0,300.0,31000.0
1043,2021-10-21 02:18:46,44500.0,300.0,30700.0
1044,2021-10-21 02:18:24,44500.0,500.0,30400.0
1045,2021-10-21 02:18:16,44500.0,200.0,29900.0
1046,2021-10-21 02:18:11,44500.0,1000.0,29700.0
1047,2021-10-21 02:18:07,44500.0,100.0,28700.0
1048,2021-10-21 02:18:05,44500.0,100.0,28600.0
1049,2021-10-21 02:17:44,44500.0,300.0,28500.0
1050,2021-10-21 02:17:44,44500.0,100.0,28200.0
1051,2021-10-21 02:17:44,44500.0,1000.0,28100.0
1052,2021-10-21 02:17:44,44500.0,200.0,27100.0
1053,2021-10-21 02:17:44,44500.0,100.0,26900.0
1054,2021-10-21 02:17:44,44500.0,300.0,26800.0
1055,2021-10-21 02:17:44,44500.0,200.0,26500.0
1056,2021-10-21 02:17:44,44500.0,200.0,26300.0
1057,2021-10-21 02:17:44,44500.0,1000.0,26100.0
1058,2021-10-21 02:17:44,44500.0,4200.0,25100.0
1059,2021-10-21 02:17:41,44500.0,1800.0,20900.0
1060,2021-10-21 02:17:41,44500.0,200.0,19100.0
1061,2021-10-21 02:17:41,44500.0,200.0,18900.0
1062,2021-10-21 02:17:15,44500.0,500.0,18700.0
1063,2021-10-21 02:16:17,44500.0,4000.0,18200.0
1064,2021-10-21 02:16:16,44500.0,200.0,14200.0
1065,2021-10-21 02:16:15,44500.0,300.0,14000.0
1066,2021-10-21 02:16:15,44500.0,1000.0,13700.0
1067,2021-10-21 02:16:15,44500.0,100.0,12700.0
1068,2021-10-21 02:16:15,44500.0,500.0,12600.0
1069,2021-10-21 02:16:15,44500.0,100.0,12100.0
1070,2021-10-21 02:15:41,44500.0,100.0,12000.0
1071,2021-10-21 02:15:41,44500.0,500.0,11900.0
1072,2021-10-21 02:15:41,44500.0,500.0,11400.0
1073,2021-10-21 02:15:41,44500.0,100.0,10900.0
1074,2021-10-21 02:15:41,44500.0,200.0,10800.0
1075,2021-10-21 02:15:41,44500.0,800.0,10600.0
1076,2021-10-21 02:15:41,44500.0,100.0,9800.0
1077,2021-10-21 02:15:41,44500.0,500.0,9700.0
1078,2021-10-21 02:15:41,44500.0,100.0,9200.0
1079,2021-10-21 02:15:41,44500.0,100.0,9100.0
1080,2021-10-21 02:15:41,44500.0,300.0,9000.0
1081,2021-10-21 02:15:41,44500.0,200.0,8700.0
1082,2021-10-21 02:15:41,44600.0,500.0,8500.0
1083,2021-10-21 02:15:00,44500.0,300.0,8000.0
1084,2021-10-21 02:15:00,44500.0,400.0,7700.0
1085,2021-10-21 02:15:00,44500.0,300.0,7300.0
1086,2021-10-21 02:15:00,44500.0,1000.0,7000.0
1087,2021-10-21 02:15:00,44500.0,2000.0,6000.0
1088,2021-10-21 02:15:00,44500.0,200.0,4000.0
1089,2021-10-21 02:15:00,44500.0,1000.0,3800.0
1090,2021-10-21 02:15:00,44500.0,500.0,2800.0
1091,2021-10-21 02:15:00,44500.0,100.0,2300.0
1092,2021-10-21 02:15:00,44500.0,500.0,2200.0
1093,2021-10-21 02:15:00,44500.0,200.0,1700.0
1094,2021-10-21 02:15:00,44500.0,200.0,1500.0
1095,2021-10-21 02:15:00,44500.0,1000.0,1300.0
1096,2021-10-21 02:15:00,44500.0,100.0,300.0
1097,2021-10-21 02:15:00,44500.0,100.0,200.0
1098,2021-10-21 02:15:00,44500.0,100.0,100.0
