,Time,Price,Volume_per_trade,Volume
0,2021-09-30 14:45:01,23900.0,2000.0,2307100.0
1,2021-09-30 14:45:01,23900.0,900.0,2305100.0
2,2021-09-30 14:45:01,23900.0,200.0,2304200.0
3,2021-09-30 14:45:01,23900.0,500.0,2304000.0
4,2021-09-30 14:45:01,23900.0,200.0,2303500.0
5,2021-09-30 14:45:01,23900.0,100.0,2303300.0
6,2021-09-30 14:45:01,23900.0,5000.0,2303200.0
7,2021-09-30 14:45:01,23900.0,200.0,2298200.0
8,2021-09-30 14:45:01,23900.0,100.0,2298000.0
9,2021-09-30 14:45:01,23900.0,300.0,2297900.0
10,2021-09-30 14:45:01,23900.0,5500.0,2297600.0
11,2021-09-30 14:45:01,23900.0,8100.0,2292100.0
12,2021-09-30 14:45:01,23900.0,1000.0,2284000.0
13,2021-09-30 14:45:01,23900.0,1000.0,2283000.0
14,2021-09-30 14:45:01,23900.0,2900.0,2282000.0
15,2021-09-30 14:45:01,23900.0,100.0,2279100.0
16,2021-09-30 14:45:01,23900.0,1900.0,2279000.0
17,2021-09-30 14:45:01,23900.0,1100.0,2277100.0
18,2021-09-30 14:45:01,23900.0,700.0,2276000.0
19,2021-09-30 14:45:01,23900.0,2000.0,2275300.0
20,2021-09-30 14:45:01,23900.0,100.0,2273300.0
21,2021-09-30 14:45:01,23900.0,1000.0,2273200.0
22,2021-09-30 14:45:01,23900.0,500.0,2272200.0
23,2021-09-30 14:45:01,23900.0,100.0,2271700.0
24,2021-09-30 14:45:01,23900.0,200.0,2271600.0
25,2021-09-30 14:45:01,23900.0,500.0,2271400.0
26,2021-09-30 14:45:01,23900.0,100.0,2270900.0
27,2021-09-30 14:29:47,23950.0,1000.0,2270800.0
28,2021-09-30 14:29:40,23950.0,6100.0,2269800.0
29,2021-09-30 14:29:37,23950.0,1000.0,2263700.0
30,2021-09-30 14:29:22,23950.0,100.0,2262700.0
31,2021-09-30 14:29:09,23950.0,2800.0,2262600.0
32,2021-09-30 14:28:56,23950.0,100.0,2259800.0
33,2021-09-30 14:28:56,23950.0,100.0,2259700.0
34,2021-09-30 14:28:56,23950.0,2000.0,2259600.0
35,2021-09-30 14:28:51,23950.0,200.0,2257600.0
36,2021-09-30 14:28:47,23950.0,200.0,2257400.0
37,2021-09-30 14:28:12,23950.0,300.0,2257200.0
38,2021-09-30 14:27:55,23900.0,100.0,2256900.0
39,2021-09-30 14:27:55,23900.0,100.0,2256800.0
40,2021-09-30 14:27:55,23900.0,800.0,2256700.0
41,2021-09-30 14:27:33,23950.0,300.0,2255900.0
42,2021-09-30 14:27:33,23950.0,200.0,2255600.0
43,2021-09-30 14:27:26,23950.0,300.0,2255400.0
44,2021-09-30 14:27:26,23950.0,500.0,2255100.0
45,2021-09-30 14:27:26,23950.0,4200.0,2254600.0
46,2021-09-30 14:27:21,23950.0,500.0,2250400.0
47,2021-09-30 14:27:03,23950.0,100.0,2249900.0
48,2021-09-30 14:26:41,23950.0,100.0,2249800.0
49,2021-09-30 14:26:26,23950.0,1600.0,2249700.0
50,2021-09-30 14:25:55,23900.0,1400.0,2248100.0
51,2021-09-30 14:25:17,23900.0,800.0,2246700.0
52,2021-09-30 14:25:17,23900.0,500.0,2245900.0
53,2021-09-30 14:25:17,23900.0,1300.0,2245400.0
54,2021-09-30 14:25:17,23900.0,200.0,2244100.0
55,2021-09-30 14:25:17,23900.0,200.0,2243900.0
56,2021-09-30 14:25:11,23950.0,300.0,2243700.0
57,2021-09-30 14:25:08,23900.0,300.0,2243400.0
58,2021-09-30 14:25:08,23900.0,200.0,2243100.0
59,2021-09-30 14:24:39,23950.0,200.0,2242900.0
60,2021-09-30 14:24:31,23950.0,5000.0,2242700.0
61,2021-09-30 14:24:31,23950.0,5000.0,2237700.0
62,2021-09-30 14:24:31,23950.0,200.0,2232700.0
63,2021-09-30 14:24:31,23950.0,400.0,2232500.0
64,2021-09-30 14:24:31,23950.0,1000.0,2232100.0
65,2021-09-30 14:24:31,23950.0,1400.0,2231100.0
66,2021-09-30 14:24:30,23950.0,600.0,2229700.0
67,2021-09-30 14:24:30,23950.0,400.0,2229100.0
68,2021-09-30 14:24:09,23950.0,900.0,2228700.0
69,2021-09-30 14:24:09,23950.0,100.0,2227800.0
70,2021-09-30 14:24:09,23950.0,100.0,2227700.0
71,2021-09-30 14:24:09,23950.0,500.0,2227600.0
72,2021-09-30 14:24:09,23950.0,100.0,2227100.0
73,2021-09-30 14:24:09,23950.0,1000.0,2227000.0
74,2021-09-30 14:24:09,23950.0,300.0,2226000.0
75,2021-09-30 14:24:09,23950.0,200.0,2225700.0
76,2021-09-30 14:24:09,23950.0,100.0,2225500.0
77,2021-09-30 14:24:09,23950.0,200.0,2225400.0
78,2021-09-30 14:24:09,23950.0,1000.0,2225200.0
79,2021-09-30 14:24:09,23950.0,500.0,2224200.0
80,2021-09-30 14:24:09,23950.0,2500.0,2223700.0
81,2021-09-30 14:24:09,23950.0,100.0,2221200.0
82,2021-09-30 14:24:09,23950.0,300.0,2221100.0
83,2021-09-30 14:24:05,24000.0,100.0,2220800.0
84,2021-09-30 14:24:01,23950.0,200.0,2220700.0
85,2021-09-30 14:24:01,23950.0,100.0,2220500.0
86,2021-09-30 14:24:01,23950.0,200.0,2220400.0
87,2021-09-30 14:23:11,23950.0,800.0,2220200.0
88,2021-09-30 14:23:11,23950.0,100.0,2219400.0
89,2021-09-30 14:23:11,23950.0,100.0,2219300.0
90,2021-09-30 14:22:48,23950.0,100.0,2219200.0
91,2021-09-30 14:22:48,23950.0,100.0,2219100.0
92,2021-09-30 14:22:48,23950.0,300.0,2219000.0
93,2021-09-30 14:22:48,23950.0,400.0,2218700.0
94,2021-09-30 14:22:48,23950.0,100.0,2218300.0
95,2021-09-30 14:22:42,23950.0,500.0,2218200.0
96,2021-09-30 14:22:35,23950.0,500.0,2217700.0
97,2021-09-30 14:22:30,23950.0,1000.0,2217200.0
98,2021-09-30 14:22:16,23950.0,100.0,2216200.0
99,2021-09-30 14:22:15,23950.0,500.0,2216100.0
100,2021-09-30 14:22:10,23950.0,300.0,2215600.0
101,2021-09-30 14:22:10,23950.0,200.0,2215300.0
102,2021-09-30 14:21:25,23950.0,800.0,2215100.0
103,2021-09-30 14:21:25,23950.0,1000.0,2214300.0
104,2021-09-30 14:21:25,23950.0,500.0,2213300.0
105,2021-09-30 14:21:25,23950.0,100.0,2212800.0
106,2021-09-30 14:21:25,23950.0,500.0,2212700.0
107,2021-09-30 14:21:25,23950.0,100.0,2212200.0
108,2021-09-30 14:21:25,23950.0,100.0,2212100.0
109,2021-09-30 14:21:25,23950.0,200.0,2212000.0
110,2021-09-30 14:21:25,23950.0,500.0,2211800.0
111,2021-09-30 14:21:25,23950.0,300.0,2211300.0
112,2021-09-30 14:21:25,23950.0,100.0,2211000.0
113,2021-09-30 14:21:25,23950.0,1000.0,2210900.0
114,2021-09-30 14:21:25,23950.0,200.0,2209900.0
115,2021-09-30 14:21:25,23950.0,100.0,2209700.0
116,2021-09-30 14:21:25,23950.0,200.0,2209600.0
117,2021-09-30 14:21:25,23950.0,300.0,2209400.0
118,2021-09-30 14:21:25,23950.0,200.0,2209100.0
119,2021-09-30 14:21:25,23950.0,500.0,2208900.0
120,2021-09-30 14:21:25,23950.0,1300.0,2208400.0
121,2021-09-30 14:19:42,23950.0,200.0,2207100.0
122,2021-09-30 14:19:17,23950.0,30000.0,2206900.0
123,2021-09-30 14:19:01,23950.0,1800.0,2176900.0
124,2021-09-30 14:19:01,23950.0,17900.0,2175100.0
125,2021-09-30 14:17:30,24000.0,200.0,2157200.0
126,2021-09-30 14:16:24,24000.0,1800.0,2157000.0
127,2021-09-30 14:16:24,24000.0,300.0,2155200.0
128,2021-09-30 14:16:10,24000.0,200.0,2154900.0
129,2021-09-30 14:16:10,24000.0,200.0,2154700.0
130,2021-09-30 14:16:10,24000.0,1000.0,2154500.0
131,2021-09-30 14:16:10,24000.0,100.0,2153500.0
132,2021-09-30 14:16:10,24000.0,100.0,2153400.0
133,2021-09-30 14:16:10,24000.0,200.0,2153300.0
134,2021-09-30 14:16:10,24000.0,100.0,2153100.0
135,2021-09-30 14:16:10,24000.0,1100.0,2153000.0
136,2021-09-30 14:15:49,24000.0,1000.0,2151900.0
137,2021-09-30 14:15:33,24000.0,300.0,2150900.0
138,2021-09-30 14:15:06,24000.0,1000.0,2150600.0
139,2021-09-30 14:14:06,23950.0,40500.0,2149600.0
140,2021-09-30 14:13:24,24000.0,300.0,2109100.0
141,2021-09-30 14:13:24,24000.0,100.0,2108800.0
142,2021-09-30 14:13:22,24000.0,500.0,2108700.0
143,2021-09-30 14:12:21,24000.0,100.0,2108200.0
144,2021-09-30 14:12:17,24000.0,100.0,2108100.0
145,2021-09-30 14:12:00,24000.0,100.0,2108000.0
146,2021-09-30 14:11:52,24000.0,100.0,2107900.0
147,2021-09-30 14:11:50,24000.0,1000.0,2107800.0
148,2021-09-30 14:11:20,24000.0,100.0,2106800.0
149,2021-09-30 14:10:32,23950.0,1600.0,2106700.0
150,2021-09-30 14:10:31,24000.0,2000.0,2105100.0
151,2021-09-30 14:09:52,24000.0,500.0,2103100.0
152,2021-09-30 14:09:14,23950.0,1000.0,2102600.0
153,2021-09-30 14:08:56,23950.0,100.0,2101600.0
154,2021-09-30 14:08:11,24000.0,400.0,2101500.0
155,2021-09-30 14:08:03,24000.0,5000.0,2101100.0
156,2021-09-30 14:08:03,24000.0,100.0,2096100.0
157,2021-09-30 14:07:39,24000.0,200.0,2096000.0
158,2021-09-30 14:07:32,24000.0,2700.0,2095800.0
159,2021-09-30 14:07:18,24000.0,10000.0,2093100.0
160,2021-09-30 14:07:18,24000.0,200.0,2083100.0
161,2021-09-30 14:07:18,24000.0,100.0,2082900.0
162,2021-09-30 14:07:18,24000.0,1600.0,2082800.0
163,2021-09-30 14:07:18,24000.0,1100.0,2081200.0
164,2021-09-30 14:07:18,24000.0,300.0,2080100.0
165,2021-09-30 14:07:18,24000.0,200.0,2079800.0
166,2021-09-30 14:07:18,24000.0,100.0,2079600.0
167,2021-09-30 14:07:18,24000.0,3000.0,2079500.0
168,2021-09-30 14:07:18,24000.0,300.0,2076500.0
169,2021-09-30 14:07:18,24000.0,400.0,2076200.0
170,2021-09-30 14:06:03,24000.0,100.0,2075800.0
171,2021-09-30 14:05:27,24000.0,400.0,2075700.0
172,2021-09-30 14:05:21,24000.0,100.0,2075300.0
173,2021-09-30 14:04:50,24000.0,1000.0,2075200.0
174,2021-09-30 14:04:50,24000.0,500.0,2074200.0
175,2021-09-30 14:04:50,24000.0,500.0,2073700.0
176,2021-09-30 14:04:50,24000.0,200.0,2073200.0
177,2021-09-30 14:04:50,24000.0,200.0,2073000.0
178,2021-09-30 14:04:50,24000.0,1000.0,2072800.0
179,2021-09-30 14:04:50,24000.0,200.0,2071800.0
180,2021-09-30 14:04:50,24000.0,100.0,2071600.0
181,2021-09-30 14:04:50,24000.0,200.0,2071500.0
182,2021-09-30 14:04:50,24000.0,200.0,2071300.0
183,2021-09-30 14:04:50,24000.0,100.0,2071100.0
184,2021-09-30 14:04:50,24000.0,200.0,2071000.0
185,2021-09-30 14:04:50,24000.0,200.0,2070800.0
186,2021-09-30 14:04:50,24000.0,400.0,2070600.0
187,2021-09-30 14:03:08,24000.0,100.0,2070200.0
188,2021-09-30 14:02:49,24000.0,400.0,2070100.0
189,2021-09-30 14:02:25,24000.0,500.0,2069700.0
190,2021-09-30 14:01:56,24100.0,100.0,2069200.0
191,2021-09-30 14:00:37,24000.0,100.0,2069100.0
192,2021-09-30 14:00:37,24000.0,100.0,2069000.0
193,2021-09-30 14:00:37,24000.0,100.0,2068900.0
194,2021-09-30 13:58:45,24000.0,100.0,2068800.0
195,2021-09-30 13:58:45,24000.0,800.0,2068700.0
196,2021-09-30 13:58:38,24000.0,2000.0,2067900.0
197,2021-09-30 13:58:31,24000.0,500.0,2065900.0
198,2021-09-30 13:58:26,24000.0,500.0,2065400.0
199,2021-09-30 13:58:25,24000.0,1000.0,2064900.0
200,2021-09-30 13:58:24,24000.0,5000.0,2063900.0
201,2021-09-30 13:58:19,24000.0,200.0,2058900.0
202,2021-09-30 13:58:15,24000.0,5000.0,2058700.0
203,2021-09-30 13:58:12,24000.0,2000.0,2053700.0
204,2021-09-30 13:58:11,24000.0,300.0,2051700.0
205,2021-09-30 13:57:53,24000.0,5000.0,2051400.0
206,2021-09-30 13:57:50,24000.0,1500.0,2046400.0
207,2021-09-30 13:57:39,24000.0,200.0,2044900.0
208,2021-09-30 13:57:21,24000.0,1000.0,2044700.0
209,2021-09-30 13:57:01,24000.0,500.0,2043700.0
210,2021-09-30 13:56:34,24000.0,200.0,2043200.0
211,2021-09-30 13:56:32,23950.0,200.0,2043000.0
212,2021-09-30 13:55:06,23950.0,1000.0,2042800.0
213,2021-09-30 13:55:04,24000.0,2300.0,2041800.0
214,2021-09-30 13:54:53,24000.0,400.0,2039500.0
215,2021-09-30 13:54:45,24000.0,1000.0,2039100.0
216,2021-09-30 13:54:45,24000.0,500.0,2038100.0
217,2021-09-30 13:54:45,24000.0,400.0,2037600.0
218,2021-09-30 13:54:45,24000.0,200.0,2037200.0
219,2021-09-30 13:54:45,24000.0,1000.0,2037000.0
220,2021-09-30 13:54:45,24000.0,8500.0,2036000.0
221,2021-09-30 13:54:12,24100.0,1200.0,2027500.0
222,2021-09-30 13:54:12,24100.0,500.0,2026300.0
223,2021-09-30 13:53:49,24000.0,500.0,2025800.0
224,2021-09-30 13:53:36,24000.0,200.0,2025300.0
225,2021-09-30 13:53:36,24000.0,200.0,2025100.0
226,2021-09-30 13:53:36,24000.0,500.0,2024900.0
227,2021-09-30 13:53:36,24000.0,100.0,2024400.0
228,2021-09-30 13:53:36,24000.0,300.0,2024300.0
229,2021-09-30 13:53:36,24000.0,300.0,2024000.0
230,2021-09-30 13:53:36,24000.0,200.0,2023700.0
231,2021-09-30 13:53:36,24000.0,600.0,2023500.0
232,2021-09-30 13:53:36,24000.0,800.0,2022900.0
233,2021-09-30 13:53:23,24000.0,500.0,2022100.0
234,2021-09-30 13:53:12,24000.0,700.0,2021600.0
235,2021-09-30 13:53:12,24000.0,1300.0,2020900.0
236,2021-09-30 13:52:46,24000.0,1700.0,2019600.0
237,2021-09-30 13:52:46,24000.0,1000.0,2017900.0
238,2021-09-30 13:52:46,24000.0,2000.0,2016900.0
239,2021-09-30 13:52:36,24050.0,5300.0,2014900.0
240,2021-09-30 13:51:17,24000.0,200.0,2009600.0
241,2021-09-30 13:51:10,24000.0,2800.0,2009400.0
242,2021-09-30 13:51:10,24000.0,100.0,2006600.0
243,2021-09-30 13:51:10,24000.0,1000.0,2006500.0
244,2021-09-30 13:51:10,24000.0,100.0,2005500.0
245,2021-09-30 13:51:10,24000.0,500.0,2005400.0
246,2021-09-30 13:51:10,24000.0,300.0,2004900.0
247,2021-09-30 13:51:10,24000.0,200.0,2004600.0
248,2021-09-30 13:51:10,24000.0,5000.0,2004400.0
249,2021-09-30 13:51:10,24050.0,1000.0,1999400.0
250,2021-09-30 13:51:10,24050.0,500.0,1998400.0
251,2021-09-30 13:51:10,24050.0,500.0,1997900.0
252,2021-09-30 13:51:10,24100.0,2000.0,1997400.0
253,2021-09-30 13:49:33,24150.0,14800.0,1995400.0
254,2021-09-30 13:49:05,24150.0,500.0,1980600.0
255,2021-09-30 13:49:05,24150.0,500.0,1980100.0
256,2021-09-30 13:49:05,24150.0,1000.0,1979600.0
257,2021-09-30 13:49:05,24150.0,3900.0,1978600.0
258,2021-09-30 13:49:05,24150.0,1500.0,1974700.0
259,2021-09-30 13:49:05,24150.0,100.0,1973200.0
260,2021-09-30 13:49:05,24150.0,10000.0,1973100.0
261,2021-09-30 13:49:05,24150.0,400.0,1963100.0
262,2021-09-30 13:49:05,24150.0,900.0,1962700.0
263,2021-09-30 13:49:05,24100.0,1000.0,1961800.0
264,2021-09-30 13:49:05,24100.0,400.0,1960800.0
265,2021-09-30 13:49:02,24100.0,100.0,1960400.0
266,2021-09-30 13:49:02,24100.0,100.0,1960300.0
267,2021-09-30 13:46:19,24150.0,1900.0,1960200.0
268,2021-09-30 13:46:14,24000.0,100000.0,1958300.0
269,2021-09-30 13:45:51,24000.0,100.0,1858300.0
270,2021-09-30 13:45:51,24000.0,2200.0,1858200.0
271,2021-09-30 13:45:04,24000.0,2800.0,1856000.0
272,2021-09-30 13:45:04,24000.0,200.0,1853200.0
273,2021-09-30 13:45:04,24000.0,100.0,1853000.0
274,2021-09-30 13:45:04,24000.0,1800.0,1852900.0
275,2021-09-30 13:45:04,24050.0,5000.0,1851100.0
276,2021-09-30 13:45:04,24100.0,100.0,1846100.0
277,2021-09-30 13:44:59,24100.0,300.0,1846000.0
278,2021-09-30 13:44:36,24100.0,100.0,1845700.0
279,2021-09-30 13:42:54,24150.0,500.0,1845600.0
280,2021-09-30 13:42:34,24000.0,8200.0,1845100.0
281,2021-09-30 13:42:34,24000.0,100.0,1836900.0
282,2021-09-30 13:42:34,24000.0,200.0,1836800.0
283,2021-09-30 13:42:34,24000.0,100.0,1836600.0
284,2021-09-30 13:42:34,24000.0,200.0,1836500.0
285,2021-09-30 13:42:34,24000.0,100.0,1836300.0
286,2021-09-30 13:42:34,24000.0,200.0,1836200.0
287,2021-09-30 13:42:34,24000.0,500.0,1836000.0
288,2021-09-30 13:42:34,24000.0,7700.0,1835500.0
289,2021-09-30 13:42:34,24000.0,100.0,1827800.0
290,2021-09-30 13:42:34,24000.0,100.0,1827700.0
291,2021-09-30 13:42:34,24000.0,100.0,1827600.0
292,2021-09-30 13:42:34,24000.0,1000.0,1827500.0
293,2021-09-30 13:42:34,24000.0,200.0,1826500.0
294,2021-09-30 13:42:34,24100.0,100.0,1826300.0
295,2021-09-30 13:42:34,24100.0,100.0,1826200.0
296,2021-09-30 13:42:34,24100.0,1000.0,1826100.0
297,2021-09-30 13:42:04,24150.0,1700.0,1825100.0
298,2021-09-30 13:41:24,24150.0,1000.0,1823400.0
299,2021-09-30 13:41:14,24150.0,100.0,1822400.0
300,2021-09-30 13:40:11,24200.0,8200.0,1822300.0
301,2021-09-30 13:40:11,24200.0,100.0,1814100.0
302,2021-09-30 13:40:11,24150.0,200.0,1814000.0
303,2021-09-30 13:40:11,24150.0,500.0,1813800.0
304,2021-09-30 13:40:11,24150.0,5000.0,1813300.0
305,2021-09-30 13:40:11,24150.0,1000.0,1808300.0
306,2021-09-30 13:39:36,24100.0,100.0,1807300.0
307,2021-09-30 13:38:42,24100.0,200.0,1807200.0
308,2021-09-30 13:37:56,24100.0,100.0,1807000.0
309,2021-09-30 13:37:13,24150.0,1000.0,1806900.0
310,2021-09-30 13:36:08,24000.0,5000.0,1805900.0
311,2021-09-30 13:36:03,24000.0,200.0,1800900.0
312,2021-09-30 13:36:03,24000.0,5000.0,1800700.0
313,2021-09-30 13:36:03,24000.0,500.0,1795700.0
314,2021-09-30 13:36:03,24000.0,5000.0,1795200.0
315,2021-09-30 13:36:03,24000.0,3800.0,1790200.0
316,2021-09-30 13:36:03,24050.0,500.0,1786400.0
317,2021-09-30 13:35:33,24000.0,26200.0,1785900.0
318,2021-09-30 13:35:33,24000.0,1000.0,1759700.0
319,2021-09-30 13:35:33,24000.0,1000.0,1758700.0
320,2021-09-30 13:35:33,24000.0,100.0,1757700.0
321,2021-09-30 13:35:33,24000.0,100.0,1757600.0
322,2021-09-30 13:35:33,24000.0,100.0,1757500.0
323,2021-09-30 13:35:33,24000.0,10000.0,1757400.0
324,2021-09-30 13:35:33,24000.0,100.0,1747400.0
325,2021-09-30 13:35:33,24000.0,100.0,1747300.0
326,2021-09-30 13:35:33,24000.0,100.0,1747200.0
327,2021-09-30 13:35:33,24000.0,1100.0,1747100.0
328,2021-09-30 13:35:33,24100.0,100.0,1746000.0
329,2021-09-30 13:34:47,24000.0,6900.0,1745900.0
330,2021-09-30 13:34:47,24000.0,100.0,1739000.0
331,2021-09-30 13:34:47,24050.0,200.0,1738900.0
332,2021-09-30 13:34:47,24050.0,4900.0,1738700.0
333,2021-09-30 13:34:47,24050.0,500.0,1733800.0
334,2021-09-30 13:34:47,24050.0,500.0,1733300.0
335,2021-09-30 13:34:47,24100.0,500.0,1732800.0
336,2021-09-30 13:34:47,24100.0,1000.0,1732300.0
337,2021-09-30 13:34:47,24100.0,100.0,1731300.0
338,2021-09-30 13:34:47,24100.0,100.0,1731200.0
339,2021-09-30 13:34:47,24100.0,100.0,1731100.0
340,2021-09-30 13:34:47,24100.0,100.0,1731000.0
341,2021-09-30 13:34:45,24150.0,1000.0,1730900.0
342,2021-09-30 13:34:39,24150.0,100.0,1729900.0
343,2021-09-30 13:33:40,24150.0,900.0,1729800.0
344,2021-09-30 13:33:35,24150.0,500.0,1728900.0
345,2021-09-30 13:33:35,24150.0,100.0,1728400.0
346,2021-09-30 13:33:07,24150.0,500.0,1728300.0
347,2021-09-30 13:33:02,24150.0,5000.0,1727800.0
348,2021-09-30 13:33:02,24150.0,9500.0,1722800.0
349,2021-09-30 13:32:46,24150.0,500.0,1713300.0
350,2021-09-30 13:31:07,24150.0,100.0,1712800.0
351,2021-09-30 13:30:55,23950.0,4400.0,1712700.0
352,2021-09-30 13:30:55,24000.0,500.0,1708300.0
353,2021-09-30 13:30:55,24000.0,500.0,1707800.0
354,2021-09-30 13:30:55,24000.0,700.0,1707300.0
355,2021-09-30 13:30:55,24000.0,200.0,1706600.0
356,2021-09-30 13:30:55,24000.0,300.0,1706400.0
357,2021-09-30 13:30:55,24000.0,300.0,1706100.0
358,2021-09-30 13:30:55,24000.0,4000.0,1705800.0
359,2021-09-30 13:30:55,24000.0,300.0,1701800.0
360,2021-09-30 13:30:55,24000.0,100.0,1701500.0
361,2021-09-30 13:30:55,24000.0,1000.0,1701400.0
362,2021-09-30 13:30:55,24000.0,900.0,1700400.0
363,2021-09-30 13:30:55,24100.0,100.0,1699500.0
364,2021-09-30 13:30:55,24100.0,400.0,1699400.0
365,2021-09-30 13:30:55,24200.0,1700.0,1699000.0
366,2021-09-30 13:30:55,24200.0,4600.0,1697300.0
367,2021-09-30 13:30:20,24200.0,400.0,1692700.0
368,2021-09-30 13:30:20,24200.0,1600.0,1692300.0
369,2021-09-30 13:29:31,24200.0,900.0,1690700.0
370,2021-09-30 13:29:02,24250.0,1700.0,1689800.0
371,2021-09-30 13:29:02,24250.0,700.0,1688100.0
372,2021-09-30 13:29:02,24250.0,1000.0,1687400.0
373,2021-09-30 13:29:02,24250.0,200.0,1686400.0
374,2021-09-30 13:29:02,24250.0,500.0,1686200.0
375,2021-09-30 13:29:02,24250.0,500.0,1685700.0
376,2021-09-30 13:29:02,24250.0,200.0,1685200.0
377,2021-09-30 13:29:02,24250.0,100.0,1685000.0
378,2021-09-30 13:29:02,24250.0,100.0,1684900.0
379,2021-09-30 13:29:02,24250.0,5000.0,1684800.0
380,2021-09-30 13:28:27,24200.0,100.0,1679800.0
381,2021-09-30 13:28:27,24200.0,1000.0,1679700.0
382,2021-09-30 13:28:27,24200.0,100.0,1678700.0
383,2021-09-30 13:28:27,24200.0,500.0,1678600.0
384,2021-09-30 13:28:27,24200.0,200.0,1678100.0
385,2021-09-30 13:28:27,24200.0,2000.0,1677900.0
386,2021-09-30 13:28:27,24200.0,1000.0,1675900.0
387,2021-09-30 13:28:27,24200.0,500.0,1674900.0
388,2021-09-30 13:28:27,24200.0,100.0,1674400.0
389,2021-09-30 13:28:27,24200.0,100.0,1674300.0
390,2021-09-30 13:28:27,24200.0,8600.0,1674200.0
391,2021-09-30 13:28:27,24150.0,300.0,1665600.0
392,2021-09-30 13:28:27,24150.0,700.0,1665300.0
393,2021-09-30 13:28:27,24150.0,300.0,1664600.0
394,2021-09-30 13:27:19,24150.0,700.0,1664300.0
395,2021-09-30 13:27:19,24150.0,400.0,1663600.0
396,2021-09-30 13:27:19,24150.0,19900.0,1663200.0
397,2021-09-30 13:27:19,24100.0,100.0,1643300.0
398,2021-09-30 13:27:19,24100.0,900.0,1643200.0
399,2021-09-30 13:26:38,24100.0,100.0,1642300.0
400,2021-09-30 13:26:38,24100.0,500.0,1642200.0
401,2021-09-30 13:26:38,24100.0,3500.0,1641700.0
402,2021-09-30 13:26:38,24100.0,100.0,1638200.0
403,2021-09-30 13:26:38,24100.0,1000.0,1638100.0
404,2021-09-30 13:26:38,24100.0,4800.0,1637100.0
405,2021-09-30 13:26:30,24000.0,100.0,1632300.0
406,2021-09-30 13:25:45,24000.0,1000.0,1632200.0
407,2021-09-30 13:25:45,24000.0,100.0,1631200.0
408,2021-09-30 13:25:43,24000.0,500.0,1631100.0
409,2021-09-30 13:25:43,24000.0,100.0,1630600.0
410,2021-09-30 13:25:40,24000.0,500.0,1630500.0
411,2021-09-30 13:25:37,24000.0,200.0,1630000.0
412,2021-09-30 13:25:13,24000.0,100.0,1629800.0
413,2021-09-30 13:25:11,24000.0,2000.0,1629700.0
414,2021-09-30 13:25:07,24000.0,1000.0,1627700.0
415,2021-09-30 13:25:00,24000.0,1000.0,1626700.0
416,2021-09-30 13:24:22,24000.0,900.0,1625700.0
417,2021-09-30 13:24:16,24000.0,200.0,1624800.0
418,2021-09-30 13:24:16,24000.0,600.0,1624600.0
419,2021-09-30 13:24:01,24000.0,100.0,1624000.0
420,2021-09-30 13:24:01,24000.0,500.0,1623900.0
421,2021-09-30 13:24:01,24000.0,100.0,1623400.0
422,2021-09-30 13:24:01,24000.0,3000.0,1623300.0
423,2021-09-30 13:24:01,24000.0,9500.0,1620300.0
424,2021-09-30 13:24:01,24000.0,900.0,1610800.0
425,2021-09-30 13:24:01,24050.0,2000.0,1609900.0
426,2021-09-30 13:22:53,24100.0,200.0,1607900.0
427,2021-09-30 13:22:53,24050.0,500.0,1607700.0
428,2021-09-30 13:22:53,24050.0,300.0,1607200.0
429,2021-09-30 13:21:55,24050.0,200.0,1606900.0
430,2021-09-30 13:21:55,24050.0,400.0,1606700.0
431,2021-09-30 13:21:55,24050.0,200.0,1606300.0
432,2021-09-30 13:21:55,24050.0,200.0,1606100.0
433,2021-09-30 13:21:50,24000.0,300.0,1605900.0
434,2021-09-30 13:21:50,24000.0,100.0,1605600.0
435,2021-09-30 13:21:50,24000.0,200.0,1605500.0
436,2021-09-30 13:21:50,24000.0,900.0,1605300.0
437,2021-09-30 13:21:50,24000.0,400.0,1604400.0
438,2021-09-30 13:21:50,24000.0,300.0,1604000.0
439,2021-09-30 13:21:50,24000.0,100.0,1603700.0
440,2021-09-30 13:21:50,24000.0,300.0,1603600.0
441,2021-09-30 13:21:50,24000.0,100.0,1603300.0
442,2021-09-30 13:21:50,24000.0,400.0,1603200.0
443,2021-09-30 13:21:50,24000.0,100.0,1602800.0
444,2021-09-30 13:21:50,24000.0,1800.0,1602700.0
445,2021-09-30 13:21:34,24000.0,100.0,1600900.0
446,2021-09-30 13:20:59,24000.0,100.0,1600800.0
447,2021-09-30 13:20:59,24000.0,200.0,1600700.0
448,2021-09-30 13:20:56,24050.0,600.0,1600500.0
449,2021-09-30 13:20:38,24050.0,300.0,1599900.0
450,2021-09-30 13:20:18,24050.0,400.0,1599600.0
451,2021-09-30 13:20:18,24050.0,500.0,1599200.0
452,2021-09-30 13:20:18,24050.0,2000.0,1598700.0
453,2021-09-30 13:20:18,24050.0,700.0,1596700.0
454,2021-09-30 13:20:18,24050.0,100.0,1596000.0
455,2021-09-30 13:20:18,24050.0,1300.0,1595900.0
456,2021-09-30 13:19:56,24050.0,2000.0,1594600.0
457,2021-09-30 13:18:13,24050.0,400.0,1592600.0
458,2021-09-30 13:17:21,24050.0,1300.0,1592200.0
459,2021-09-30 13:17:21,24050.0,1700.0,1590900.0
460,2021-09-30 13:17:01,24000.0,19800.0,1589200.0
461,2021-09-30 13:17:01,24000.0,200.0,1569400.0
462,2021-09-30 13:17:01,24000.0,1000.0,1569200.0
463,2021-09-30 13:17:01,24000.0,1400.0,1568200.0
464,2021-09-30 13:17:01,24000.0,100.0,1566800.0
465,2021-09-30 13:17:01,24000.0,100.0,1566700.0
466,2021-09-30 13:17:01,24000.0,5000.0,1566600.0
467,2021-09-30 13:17:01,24000.0,100.0,1561600.0
468,2021-09-30 13:17:01,24000.0,200.0,1561500.0
469,2021-09-30 13:17:01,24000.0,1000.0,1561300.0
470,2021-09-30 13:17:01,24000.0,1000.0,1560300.0
471,2021-09-30 13:17:01,24000.0,100.0,1559300.0
472,2021-09-30 13:16:53,24000.0,800.0,1559200.0
473,2021-09-30 13:16:53,24000.0,100.0,1558400.0
474,2021-09-30 13:16:53,24000.0,100.0,1558300.0
475,2021-09-30 13:16:33,24000.0,200.0,1558200.0
476,2021-09-30 13:16:33,24000.0,100.0,1558000.0
477,2021-09-30 13:16:33,24000.0,800.0,1557900.0
478,2021-09-30 13:16:33,24000.0,400.0,1557100.0
479,2021-09-30 13:16:33,24000.0,100.0,1556700.0
480,2021-09-30 13:16:33,24000.0,300.0,1556600.0
481,2021-09-30 13:16:33,24000.0,500.0,1556300.0
482,2021-09-30 13:16:33,24000.0,600.0,1555800.0
483,2021-09-30 13:15:58,24000.0,1000.0,1555200.0
484,2021-09-30 13:15:45,24000.0,5000.0,1554200.0
485,2021-09-30 13:13:54,24050.0,100.0,1549200.0
486,2021-09-30 13:13:44,24050.0,2000.0,1549100.0
487,2021-09-30 13:12:38,24050.0,3000.0,1547100.0
488,2021-09-30 13:10:08,24050.0,500.0,1544100.0
489,2021-09-30 13:09:49,24050.0,500.0,1543600.0
490,2021-09-30 13:08:45,24050.0,3000.0,1543100.0
491,2021-09-30 13:08:45,24050.0,200.0,1540100.0
492,2021-09-30 13:08:45,24050.0,100.0,1539900.0
493,2021-09-30 13:08:45,24050.0,200.0,1539800.0
494,2021-09-30 13:08:45,24050.0,100.0,1539600.0
495,2021-09-30 13:08:45,24050.0,200.0,1539500.0
496,2021-09-30 13:08:45,24050.0,300.0,1539300.0
497,2021-09-30 13:08:45,24050.0,5000.0,1539000.0
498,2021-09-30 13:08:45,24050.0,2400.0,1534000.0
499,2021-09-30 13:08:45,24050.0,4000.0,1531600.0
500,2021-09-30 13:08:45,24050.0,100.0,1527600.0
501,2021-09-30 13:08:45,24050.0,200.0,1527500.0
502,2021-09-30 13:08:45,24050.0,100.0,1527300.0
503,2021-09-30 13:08:45,24050.0,300.0,1527200.0
504,2021-09-30 13:08:45,24050.0,6000.0,1526900.0
505,2021-09-30 13:08:40,24100.0,500.0,1520900.0
506,2021-09-30 13:08:34,24100.0,600.0,1520400.0
507,2021-09-30 13:08:34,24100.0,200.0,1519800.0
508,2021-09-30 13:08:34,24100.0,100.0,1519600.0
509,2021-09-30 13:08:34,24100.0,1100.0,1519500.0
510,2021-09-30 13:08:12,24100.0,300.0,1518400.0
511,2021-09-30 13:08:12,24100.0,15000.0,1518100.0
512,2021-09-30 13:08:12,24100.0,3600.0,1503100.0
513,2021-09-30 13:06:15,24100.0,100.0,1499500.0
514,2021-09-30 13:05:47,24100.0,5000.0,1499400.0
515,2021-09-30 13:05:04,24050.0,2000.0,1494400.0
516,2021-09-30 13:04:46,24100.0,5000.0,1492400.0
517,2021-09-30 13:04:14,24100.0,100.0,1487400.0
518,2021-09-30 13:03:43,24100.0,100.0,1487300.0
519,2021-09-30 13:03:37,24100.0,500.0,1487200.0
520,2021-09-30 13:03:06,24100.0,600.0,1486700.0
521,2021-09-30 13:03:06,24100.0,100.0,1486100.0
522,2021-09-30 13:03:06,24100.0,1000.0,1486000.0
523,2021-09-30 13:03:06,24100.0,1000.0,1485000.0
524,2021-09-30 13:03:06,24100.0,500.0,1484000.0
525,2021-09-30 13:03:06,24100.0,1800.0,1483500.0
526,2021-09-30 13:02:40,24100.0,200.0,1481700.0
527,2021-09-30 13:02:40,24100.0,800.0,1481500.0
528,2021-09-30 13:00:31,24050.0,200.0,1480700.0
529,2021-09-30 13:00:20,24050.0,100.0,1480500.0
530,2021-09-30 13:00:19,24050.0,100.0,1480400.0
531,2021-09-30 13:00:14,24100.0,1200.0,1480300.0
532,2021-09-30 13:00:14,24100.0,800.0,1479100.0
533,2021-09-30 13:00:04,24050.0,600.0,1478300.0
534,2021-09-30 13:00:02,24050.0,600.0,1477700.0
535,2021-09-30 13:00:01,24050.0,800.0,1477100.0
536,2021-09-30 13:00:01,24050.0,1400.0,1476300.0
537,2021-09-30 13:00:01,24050.0,100.0,1474900.0
538,2021-09-30 13:00:01,24050.0,400.0,1474800.0
539,2021-09-30 13:00:00,24050.0,300.0,1474400.0
540,2021-09-30 11:29:52,24050.0,500.0,1474100.0
541,2021-09-30 11:29:09,24050.0,200.0,1473600.0
542,2021-09-30 11:29:09,24050.0,200.0,1473400.0
543,2021-09-30 11:29:01,24050.0,300.0,1473200.0
544,2021-09-30 11:29:01,24050.0,700.0,1472900.0
545,2021-09-30 11:28:48,24050.0,200.0,1472200.0
546,2021-09-30 11:28:27,24050.0,5000.0,1472000.0
547,2021-09-30 11:24:51,24000.0,200.0,1467000.0
548,2021-09-30 11:24:50,24000.0,1000.0,1466800.0
549,2021-09-30 11:24:33,24000.0,1000.0,1465800.0
550,2021-09-30 11:23:24,24050.0,200.0,1464800.0
551,2021-09-30 11:23:16,24000.0,200.0,1464600.0
552,2021-09-30 11:23:07,24000.0,100.0,1464400.0
553,2021-09-30 11:22:56,24000.0,100.0,1464300.0
554,2021-09-30 11:22:52,24050.0,200.0,1464200.0
555,2021-09-30 11:22:36,24050.0,300.0,1464000.0
556,2021-09-30 11:22:36,24050.0,10000.0,1463700.0
557,2021-09-30 11:22:36,24050.0,3000.0,1453700.0
558,2021-09-30 11:22:36,24050.0,100.0,1450700.0
559,2021-09-30 11:22:36,24050.0,300.0,1450600.0
560,2021-09-30 11:21:17,24050.0,200.0,1450300.0
561,2021-09-30 11:20:19,24100.0,100.0,1450100.0
562,2021-09-30 11:20:12,24100.0,200.0,1450000.0
563,2021-09-30 11:20:01,24100.0,1800.0,1449800.0
564,2021-09-30 11:19:57,24100.0,100.0,1448000.0
565,2021-09-30 11:19:32,24100.0,100.0,1447900.0
566,2021-09-30 11:18:12,24100.0,100.0,1447800.0
567,2021-09-30 11:18:04,24000.0,800.0,1447700.0
568,2021-09-30 11:18:04,24000.0,100.0,1446900.0
569,2021-09-30 11:18:04,24000.0,100.0,1446800.0
570,2021-09-30 11:18:04,24000.0,10000.0,1446700.0
571,2021-09-30 11:18:04,24000.0,100.0,1436700.0
572,2021-09-30 11:18:04,24000.0,500.0,1436600.0
573,2021-09-30 11:18:04,24000.0,100.0,1436100.0
574,2021-09-30 11:18:04,24000.0,500.0,1436000.0
575,2021-09-30 11:18:04,24000.0,100.0,1435500.0
576,2021-09-30 11:18:04,24000.0,200.0,1435400.0
577,2021-09-30 11:18:04,24000.0,1000.0,1435200.0
578,2021-09-30 11:18:04,24000.0,10000.0,1434200.0
579,2021-09-30 11:18:04,24000.0,200.0,1424200.0
580,2021-09-30 11:18:04,24000.0,200.0,1424000.0
581,2021-09-30 11:18:04,24000.0,1100.0,1423800.0
582,2021-09-30 11:18:04,24000.0,200.0,1422700.0
583,2021-09-30 11:18:04,24000.0,100.0,1422500.0
584,2021-09-30 11:18:04,24000.0,100.0,1422400.0
585,2021-09-30 11:18:04,24000.0,4000.0,1422300.0
586,2021-09-30 11:18:04,24000.0,2000.0,1418300.0
587,2021-09-30 11:18:04,24000.0,200.0,1416300.0
588,2021-09-30 11:18:04,24000.0,1000.0,1416100.0
589,2021-09-30 11:18:04,24000.0,200.0,1415100.0
590,2021-09-30 11:18:04,24000.0,500.0,1414900.0
591,2021-09-30 11:18:04,24000.0,4000.0,1414400.0
592,2021-09-30 11:18:04,24000.0,100.0,1410400.0
593,2021-09-30 11:18:04,24000.0,1900.0,1410300.0
594,2021-09-30 11:18:04,24000.0,300.0,1408400.0
595,2021-09-30 11:18:04,24000.0,100.0,1408100.0
596,2021-09-30 11:18:04,24000.0,100.0,1408000.0
597,2021-09-30 11:18:04,24000.0,100.0,1407900.0
598,2021-09-30 11:18:04,24000.0,200.0,1407800.0
599,2021-09-30 11:18:04,24000.0,500.0,1407600.0
600,2021-09-30 11:18:04,24000.0,100.0,1407100.0
601,2021-09-30 11:18:04,24000.0,100.0,1407000.0
602,2021-09-30 11:18:04,24000.0,500.0,1406900.0
603,2021-09-30 11:18:04,24000.0,400.0,1406400.0
604,2021-09-30 11:18:04,24000.0,100.0,1406000.0
605,2021-09-30 11:18:04,24000.0,1000.0,1405900.0
606,2021-09-30 11:18:04,24000.0,500.0,1404900.0
607,2021-09-30 11:18:04,24000.0,200.0,1404400.0
608,2021-09-30 11:18:04,24000.0,500.0,1404200.0
609,2021-09-30 11:18:04,24000.0,6800.0,1403700.0
610,2021-09-30 11:18:04,24050.0,3000.0,1396900.0
611,2021-09-30 11:18:04,24050.0,20000.0,1393900.0
612,2021-09-30 11:18:04,24050.0,500.0,1373900.0
613,2021-09-30 11:18:04,24050.0,200.0,1373400.0
614,2021-09-30 11:18:04,24050.0,300.0,1373200.0
615,2021-09-30 11:18:04,24050.0,200.0,1372900.0
616,2021-09-30 11:17:54,24100.0,100.0,1372700.0
617,2021-09-30 11:17:47,24100.0,3000.0,1372600.0
618,2021-09-30 11:17:47,24100.0,1000.0,1369600.0
619,2021-09-30 11:17:47,24100.0,500.0,1368600.0
620,2021-09-30 11:17:47,24100.0,5300.0,1368100.0
621,2021-09-30 11:17:31,24100.0,2000.0,1362800.0
622,2021-09-30 11:16:46,24100.0,2700.0,1360800.0
623,2021-09-30 11:16:46,24100.0,10000.0,1358100.0
624,2021-09-30 11:16:46,24100.0,200.0,1348100.0
625,2021-09-30 11:16:46,24100.0,200.0,1347900.0
626,2021-09-30 11:16:46,24100.0,100.0,1347700.0
627,2021-09-30 11:16:46,24100.0,100.0,1347600.0
628,2021-09-30 11:16:46,24100.0,3000.0,1347500.0
629,2021-09-30 11:16:46,24100.0,100.0,1344500.0
630,2021-09-30 11:16:46,24100.0,300.0,1344400.0
631,2021-09-30 11:16:46,24100.0,3000.0,1344100.0
632,2021-09-30 11:16:46,24100.0,400.0,1341100.0
633,2021-09-30 11:16:46,24100.0,500.0,1340700.0
634,2021-09-30 11:16:46,24100.0,100.0,1340200.0
635,2021-09-30 11:16:46,24100.0,4100.0,1340100.0
636,2021-09-30 11:16:46,24100.0,500.0,1336000.0
637,2021-09-30 11:16:46,24100.0,300.0,1335500.0
638,2021-09-30 11:16:46,24100.0,1000.0,1335200.0
639,2021-09-30 11:16:46,24100.0,100.0,1334200.0
640,2021-09-30 11:16:46,24100.0,500.0,1334100.0
641,2021-09-30 11:16:46,24100.0,10000.0,1333600.0
642,2021-09-30 11:16:46,24100.0,10000.0,1323600.0
643,2021-09-30 11:16:46,24100.0,100.0,1313600.0
644,2021-09-30 11:16:46,24100.0,100.0,1313500.0
645,2021-09-30 11:16:46,24100.0,2600.0,1313400.0
646,2021-09-30 11:16:37,24150.0,100.0,1310800.0
647,2021-09-30 11:16:37,24150.0,900.0,1310700.0
648,2021-09-30 11:15:25,24150.0,100.0,1309800.0
649,2021-09-30 11:15:01,24150.0,200.0,1309700.0
650,2021-09-30 11:15:01,24150.0,300.0,1309500.0
651,2021-09-30 11:15:01,24150.0,200.0,1309200.0
652,2021-09-30 11:14:21,24150.0,500.0,1309000.0
653,2021-09-30 11:14:12,24150.0,100.0,1308500.0
654,2021-09-30 11:13:42,24150.0,100.0,1308400.0
655,2021-09-30 11:13:20,24150.0,200.0,1308300.0
656,2021-09-30 11:12:58,24150.0,1900.0,1308100.0
657,2021-09-30 11:12:58,24150.0,8900.0,1306200.0
658,2021-09-30 11:12:58,24150.0,600.0,1297300.0
659,2021-09-30 11:12:35,24150.0,100.0,1296700.0
660,2021-09-30 11:12:01,24150.0,1000.0,1296600.0
661,2021-09-30 11:12:00,24150.0,3300.0,1295600.0
662,2021-09-30 11:11:14,24150.0,100.0,1292300.0
663,2021-09-30 11:09:52,24100.0,1000.0,1292200.0
664,2021-09-30 11:09:45,24200.0,100.0,1291200.0
665,2021-09-30 11:09:42,24100.0,16400.0,1291100.0
666,2021-09-30 11:09:42,24100.0,1000.0,1274700.0
667,2021-09-30 11:09:42,24100.0,700.0,1273700.0
668,2021-09-30 11:09:42,24150.0,100.0,1273000.0
669,2021-09-30 11:09:42,24150.0,2000.0,1272900.0
670,2021-09-30 11:09:42,24150.0,1000.0,1270900.0
671,2021-09-30 11:09:42,24150.0,600.0,1269900.0
672,2021-09-30 11:09:26,24200.0,1500.0,1269300.0
673,2021-09-30 11:09:17,24200.0,100.0,1267800.0
674,2021-09-30 11:08:47,24150.0,4400.0,1267700.0
675,2021-09-30 11:08:47,24150.0,2300.0,1263300.0
676,2021-09-30 11:08:43,24150.0,1000.0,1261000.0
677,2021-09-30 11:08:32,24150.0,300.0,1260000.0
678,2021-09-30 11:08:18,24150.0,1400.0,1259700.0
679,2021-09-30 11:08:18,24150.0,200.0,1258300.0
680,2021-09-30 11:08:18,24150.0,500.0,1258100.0
681,2021-09-30 11:08:18,24150.0,200.0,1257600.0
682,2021-09-30 11:08:18,24150.0,500.0,1257400.0
683,2021-09-30 11:08:18,24150.0,100.0,1256900.0
684,2021-09-30 11:08:18,24150.0,100.0,1256800.0
685,2021-09-30 11:06:45,24200.0,100.0,1256700.0
686,2021-09-30 11:06:45,24200.0,1900.0,1256600.0
687,2021-09-30 11:06:45,24200.0,500.0,1254700.0
688,2021-09-30 11:06:45,24200.0,200.0,1254200.0
689,2021-09-30 11:06:45,24200.0,200.0,1254000.0
690,2021-09-30 11:06:45,24200.0,100.0,1253800.0
691,2021-09-30 11:06:45,24200.0,6700.0,1253700.0
692,2021-09-30 11:05:44,24200.0,400.0,1247000.0
693,2021-09-30 11:04:59,24250.0,300.0,1246600.0
694,2021-09-30 11:04:37,24250.0,1000.0,1246300.0
695,2021-09-30 11:04:21,24200.0,1000.0,1245300.0
696,2021-09-30 11:02:55,24200.0,100.0,1244300.0
697,2021-09-30 11:02:53,24200.0,1300.0,1244200.0
698,2021-09-30 11:02:40,24200.0,500.0,1242900.0
699,2021-09-30 11:02:40,24200.0,200.0,1242400.0
700,2021-09-30 11:02:40,24200.0,100.0,1242200.0
701,2021-09-30 11:02:40,24200.0,200.0,1242100.0
702,2021-09-30 11:01:50,24200.0,300.0,1241900.0
703,2021-09-30 11:01:50,24200.0,200.0,1241600.0
704,2021-09-30 11:01:42,24200.0,100.0,1241400.0
705,2021-09-30 11:00:04,24200.0,100.0,1241300.0
706,2021-09-30 10:58:43,24250.0,100.0,1241200.0
707,2021-09-30 10:58:03,24300.0,19200.0,1241100.0
708,2021-09-30 10:57:47,24250.0,300.0,1221900.0
709,2021-09-30 10:57:33,24250.0,5000.0,1221600.0
710,2021-09-30 10:57:33,24250.0,200.0,1216600.0
711,2021-09-30 10:57:33,24250.0,3000.0,1216400.0
712,2021-09-30 10:57:33,24250.0,500.0,1213400.0
713,2021-09-30 10:57:33,24250.0,100.0,1212900.0
714,2021-09-30 10:57:33,24250.0,1000.0,1212800.0
715,2021-09-30 10:57:33,24250.0,1000.0,1211800.0
716,2021-09-30 10:57:33,24250.0,2900.0,1210800.0
717,2021-09-30 10:57:33,24250.0,2500.0,1207900.0
718,2021-09-30 10:57:33,24250.0,100.0,1205400.0
719,2021-09-30 10:57:33,24250.0,100.0,1205300.0
720,2021-09-30 10:57:33,24250.0,200.0,1205200.0
721,2021-09-30 10:57:33,24250.0,1000.0,1205000.0
722,2021-09-30 10:57:33,24250.0,1000.0,1204000.0
723,2021-09-30 10:57:33,24250.0,1900.0,1203000.0
724,2021-09-30 10:57:24,24200.0,200.0,1201100.0
725,2021-09-30 10:57:11,24200.0,1400.0,1200900.0
726,2021-09-30 10:57:06,24200.0,100.0,1199500.0
727,2021-09-30 10:56:56,24200.0,500.0,1199400.0
728,2021-09-30 10:56:31,24250.0,100.0,1198900.0
729,2021-09-30 10:56:31,24250.0,100.0,1198800.0
730,2021-09-30 10:56:16,24250.0,200.0,1198700.0
731,2021-09-30 10:56:15,24200.0,100.0,1198500.0
732,2021-09-30 10:56:15,24200.0,200.0,1198400.0
733,2021-09-30 10:56:15,24200.0,100.0,1198200.0
734,2021-09-30 10:56:15,24200.0,300.0,1198100.0
735,2021-09-30 10:56:15,24200.0,200.0,1197800.0
736,2021-09-30 10:56:15,24200.0,500.0,1197600.0
737,2021-09-30 10:56:15,24200.0,5000.0,1197100.0
738,2021-09-30 10:56:15,24200.0,100.0,1192100.0
739,2021-09-30 10:56:15,24200.0,500.0,1192000.0
740,2021-09-30 10:56:15,24200.0,500.0,1191500.0
741,2021-09-30 10:56:15,24200.0,100.0,1191000.0
742,2021-09-30 10:56:15,24200.0,100.0,1190900.0
743,2021-09-30 10:56:15,24200.0,500.0,1190800.0
744,2021-09-30 10:56:15,24200.0,5000.0,1190300.0
745,2021-09-30 10:56:15,24200.0,1500.0,1185300.0
746,2021-09-30 10:56:15,24200.0,500.0,1183800.0
747,2021-09-30 10:56:15,24200.0,500.0,1183300.0
748,2021-09-30 10:56:15,24200.0,700.0,1182800.0
749,2021-09-30 10:56:15,24200.0,700.0,1182100.0
750,2021-09-30 10:56:15,24200.0,1000.0,1181400.0
751,2021-09-30 10:56:15,24200.0,100.0,1180400.0
752,2021-09-30 10:56:15,24200.0,100.0,1180300.0
753,2021-09-30 10:56:15,24200.0,1000.0,1180200.0
754,2021-09-30 10:56:15,24200.0,4000.0,1179200.0
755,2021-09-30 10:56:15,24200.0,100.0,1175200.0
756,2021-09-30 10:56:15,24200.0,100.0,1175100.0
757,2021-09-30 10:56:15,24200.0,200.0,1175000.0
758,2021-09-30 10:56:15,24200.0,800.0,1174800.0
759,2021-09-30 10:56:15,24200.0,800.0,1174000.0
760,2021-09-30 10:56:15,24200.0,100.0,1173200.0
761,2021-09-30 10:56:15,24200.0,500.0,1173100.0
762,2021-09-30 10:56:15,24200.0,100.0,1172600.0
763,2021-09-30 10:56:15,24200.0,4000.0,1172500.0
764,2021-09-30 10:55:44,24250.0,300.0,1168500.0
765,2021-09-30 10:55:34,24200.0,100.0,1168200.0
766,2021-09-30 10:55:12,24200.0,600.0,1168100.0
767,2021-09-30 10:54:11,24200.0,300.0,1167500.0
768,2021-09-30 10:54:11,24200.0,200.0,1167200.0
769,2021-09-30 10:53:31,24200.0,800.0,1167000.0
770,2021-09-30 10:53:15,24200.0,10000.0,1166200.0
771,2021-09-30 10:53:15,24200.0,2000.0,1156200.0
772,2021-09-30 10:53:15,24200.0,200.0,1154200.0
773,2021-09-30 10:53:15,24200.0,3000.0,1154000.0
774,2021-09-30 10:53:15,24200.0,1000.0,1151000.0
775,2021-09-30 10:53:15,24200.0,100.0,1150000.0
776,2021-09-30 10:53:15,24200.0,400.0,1149900.0
777,2021-09-30 10:53:15,24200.0,1500.0,1149500.0
778,2021-09-30 10:53:15,24200.0,1800.0,1148000.0
779,2021-09-30 10:52:42,24200.0,1000.0,1146200.0
780,2021-09-30 10:52:38,24200.0,400.0,1145200.0
781,2021-09-30 10:52:02,24200.0,3000.0,1144800.0
782,2021-09-30 10:51:54,24250.0,100.0,1141800.0
783,2021-09-30 10:51:53,24200.0,1000.0,1141700.0
784,2021-09-30 10:51:24,24250.0,300.0,1140700.0
785,2021-09-30 10:51:13,24250.0,400.0,1140400.0
786,2021-09-30 10:51:13,24250.0,200.0,1140000.0
787,2021-09-30 10:51:13,24250.0,100.0,1139800.0
788,2021-09-30 10:51:13,24250.0,400.0,1139700.0
789,2021-09-30 10:51:13,24250.0,2900.0,1139300.0
790,2021-09-30 10:49:59,24250.0,100.0,1136400.0
791,2021-09-30 10:48:11,24250.0,200.0,1136300.0
792,2021-09-30 10:47:26,24250.0,200.0,1136100.0
793,2021-09-30 10:47:19,24250.0,100.0,1135900.0
794,2021-09-30 10:47:11,24250.0,100.0,1135800.0
795,2021-09-30 10:46:33,24250.0,500.0,1135700.0
796,2021-09-30 10:46:18,24250.0,600.0,1135200.0
797,2021-09-30 10:44:58,24250.0,300.0,1134600.0
798,2021-09-30 10:44:58,24250.0,200.0,1134300.0
799,2021-09-30 10:44:32,24250.0,200.0,1134100.0
800,2021-09-30 10:44:28,24250.0,900.0,1133900.0
801,2021-09-30 10:44:28,24250.0,100.0,1133000.0
802,2021-09-30 10:43:31,24250.0,200.0,1132900.0
803,2021-09-30 10:43:31,24250.0,200.0,1132700.0
804,2021-09-30 10:43:31,24250.0,200.0,1132500.0
805,2021-09-30 10:43:31,24250.0,100.0,1132300.0
806,2021-09-30 10:43:31,24250.0,200.0,1132200.0
807,2021-09-30 10:43:07,24250.0,400.0,1132000.0
808,2021-09-30 10:43:07,24250.0,200.0,1131600.0
809,2021-09-30 10:42:59,24250.0,700.0,1131400.0
810,2021-09-30 10:40:57,24250.0,100.0,1130700.0
811,2021-09-30 10:40:14,24250.0,100.0,1130600.0
812,2021-09-30 10:39:50,24200.0,2800.0,1130500.0
813,2021-09-30 10:39:50,24200.0,100.0,1127700.0
814,2021-09-30 10:39:50,24200.0,200.0,1127600.0
815,2021-09-30 10:39:50,24200.0,100.0,1127400.0
816,2021-09-30 10:39:50,24200.0,100.0,1127300.0
817,2021-09-30 10:39:50,24200.0,100.0,1127200.0
818,2021-09-30 10:39:50,24200.0,100.0,1127100.0
819,2021-09-30 10:39:50,24200.0,500.0,1127000.0
820,2021-09-30 10:39:50,24200.0,100.0,1126500.0
821,2021-09-30 10:39:50,24200.0,7000.0,1126400.0
822,2021-09-30 10:39:50,24250.0,3900.0,1119400.0
823,2021-09-30 10:39:36,24250.0,1100.0,1115500.0
824,2021-09-30 10:39:36,24250.0,1000.0,1114400.0
825,2021-09-30 10:39:36,24250.0,300.0,1113400.0
826,2021-09-30 10:39:26,24250.0,100.0,1113100.0
827,2021-09-30 10:39:16,24250.0,100.0,1113000.0
828,2021-09-30 10:39:16,24250.0,600.0,1112900.0
829,2021-09-30 10:39:16,24250.0,300.0,1112300.0
830,2021-09-30 10:38:40,24250.0,700.0,1112000.0
831,2021-09-30 10:38:40,24250.0,100.0,1111300.0
832,2021-09-30 10:38:16,24250.0,1200.0,1111200.0
833,2021-09-30 10:38:16,24250.0,200.0,1110000.0
834,2021-09-30 10:38:16,24250.0,100.0,1109800.0
835,2021-09-30 10:38:05,24250.0,100.0,1109700.0
836,2021-09-30 10:37:07,24250.0,10000.0,1109600.0
837,2021-09-30 10:36:55,24250.0,200.0,1099600.0
838,2021-09-30 10:36:54,24250.0,6800.0,1099400.0
839,2021-09-30 10:36:54,24250.0,1000.0,1092600.0
840,2021-09-30 10:36:54,24250.0,2200.0,1091600.0
841,2021-09-30 10:36:47,24250.0,10000.0,1089400.0
842,2021-09-30 10:36:35,24250.0,1000.0,1079400.0
843,2021-09-30 10:36:24,24250.0,100.0,1078400.0
844,2021-09-30 10:36:19,24250.0,2000.0,1078300.0
845,2021-09-30 10:36:19,24250.0,1000.0,1076300.0
846,2021-09-30 10:36:19,24250.0,3700.0,1075300.0
847,2021-09-30 10:36:12,24250.0,100.0,1071600.0
848,2021-09-30 10:35:58,24250.0,200.0,1071500.0
849,2021-09-30 10:35:57,24250.0,1000.0,1071300.0
850,2021-09-30 10:35:55,24250.0,100.0,1070300.0
851,2021-09-30 10:35:39,24250.0,200.0,1070200.0
852,2021-09-30 10:35:39,24250.0,500.0,1070000.0
853,2021-09-30 10:35:39,24250.0,200.0,1069500.0
854,2021-09-30 10:35:39,24250.0,4000.0,1069300.0
855,2021-09-30 10:34:17,24250.0,1000.0,1065300.0
856,2021-09-30 10:34:17,24250.0,500.0,1064300.0
857,2021-09-30 10:34:17,24250.0,200.0,1063800.0
858,2021-09-30 10:34:17,24250.0,400.0,1063600.0
859,2021-09-30 10:34:17,24250.0,300.0,1063200.0
860,2021-09-30 10:34:17,24250.0,1000.0,1062900.0
861,2021-09-30 10:34:17,24250.0,500.0,1061900.0
862,2021-09-30 10:34:17,24250.0,500.0,1061400.0
863,2021-09-30 10:34:17,24250.0,100.0,1060900.0
864,2021-09-30 10:34:17,24250.0,100.0,1060800.0
865,2021-09-30 10:34:17,24250.0,600.0,1060700.0
866,2021-09-30 10:34:17,24250.0,500.0,1060100.0
867,2021-09-30 10:34:17,24250.0,100.0,1059600.0
868,2021-09-30 10:34:17,24250.0,5000.0,1059500.0
869,2021-09-30 10:34:17,24250.0,100.0,1054500.0
870,2021-09-30 10:34:17,24250.0,100.0,1054400.0
871,2021-09-30 10:34:17,24250.0,200.0,1054300.0
872,2021-09-30 10:34:17,24250.0,3900.0,1054100.0
873,2021-09-30 10:34:07,24300.0,200.0,1050200.0
874,2021-09-30 10:33:21,24300.0,100.0,1050000.0
875,2021-09-30 10:33:00,24300.0,100.0,1049900.0
876,2021-09-30 10:33:00,24300.0,100.0,1049800.0
877,2021-09-30 10:33:00,24300.0,100.0,1049700.0
878,2021-09-30 10:33:00,24300.0,300.0,1049600.0
879,2021-09-30 10:33:00,24300.0,3000.0,1049300.0
880,2021-09-30 10:33:00,24300.0,200.0,1046300.0
881,2021-09-30 10:33:00,24300.0,1000.0,1046100.0
882,2021-09-30 10:33:00,24300.0,9000.0,1045100.0
883,2021-09-30 10:33:00,24300.0,5000.0,1036100.0
884,2021-09-30 10:33:00,24300.0,200.0,1031100.0
885,2021-09-30 10:33:00,24300.0,100.0,1030900.0
886,2021-09-30 10:33:00,24300.0,500.0,1030800.0
887,2021-09-30 10:33:00,24300.0,200.0,1030300.0
888,2021-09-30 10:32:43,24300.0,100.0,1030100.0
889,2021-09-30 10:32:40,24300.0,300.0,1030000.0
890,2021-09-30 10:32:40,24300.0,200.0,1029700.0
891,2021-09-30 10:31:39,24300.0,1000.0,1029500.0
892,2021-09-30 10:30:45,24350.0,2000.0,1028500.0
893,2021-09-30 10:29:46,24350.0,200.0,1026500.0
894,2021-09-30 10:29:45,24350.0,6200.0,1026300.0
895,2021-09-30 10:29:40,24300.0,100.0,1020100.0
896,2021-09-30 10:29:37,24350.0,10000.0,1020000.0
897,2021-09-30 10:29:23,24300.0,500.0,1010000.0
898,2021-09-30 10:29:23,24300.0,100.0,1009500.0
899,2021-09-30 10:29:23,24300.0,1500.0,1009400.0
900,2021-09-30 10:29:23,24300.0,2000.0,1007900.0
901,2021-09-30 10:29:23,24300.0,1000.0,1005900.0
902,2021-09-30 10:29:23,24300.0,13800.0,1004900.0
903,2021-09-30 10:29:18,24300.0,1000.0,991100.0
904,2021-09-30 10:29:10,24250.0,1000.0,990100.0
905,2021-09-30 10:29:02,24300.0,8600.0,989100.0
906,2021-09-30 10:28:55,24250.0,100.0,980500.0
907,2021-09-30 10:28:55,24250.0,100.0,980400.0
908,2021-09-30 10:28:55,24250.0,400.0,980300.0
909,2021-09-30 10:28:47,24300.0,5000.0,979900.0
910,2021-09-30 10:28:35,24300.0,100.0,974900.0
911,2021-09-30 10:28:03,24300.0,300.0,974800.0
912,2021-09-30 10:27:49,24250.0,1800.0,974500.0
913,2021-09-30 10:27:49,24250.0,500.0,972700.0
914,2021-09-30 10:27:49,24250.0,7500.0,972200.0
915,2021-09-30 10:27:49,24250.0,400.0,964700.0
916,2021-09-30 10:27:49,24250.0,200.0,964300.0
917,2021-09-30 10:27:49,24250.0,100.0,964100.0
918,2021-09-30 10:27:49,24250.0,100.0,964000.0
919,2021-09-30 10:27:49,24250.0,1000.0,963900.0
920,2021-09-30 10:27:49,24250.0,100.0,962900.0
921,2021-09-30 10:27:49,24250.0,100.0,962800.0
922,2021-09-30 10:27:49,24250.0,1000.0,962700.0
923,2021-09-30 10:26:57,24300.0,3600.0,961700.0
924,2021-09-30 10:26:47,24300.0,200.0,958100.0
925,2021-09-30 10:26:35,24300.0,100.0,957900.0
926,2021-09-30 10:26:31,24250.0,500.0,957800.0
927,2021-09-30 10:26:30,24300.0,500.0,957300.0
928,2021-09-30 10:26:30,24300.0,100.0,956800.0
929,2021-09-30 10:26:25,24300.0,200.0,956700.0
930,2021-09-30 10:26:18,24300.0,4500.0,956500.0
931,2021-09-30 10:26:18,24300.0,4000.0,952000.0
932,2021-09-30 10:26:18,24300.0,200.0,948000.0
933,2021-09-30 10:26:18,24300.0,5300.0,947800.0
934,2021-09-30 10:25:58,24300.0,2000.0,942500.0
935,2021-09-30 10:25:50,24300.0,1100.0,940500.0
936,2021-09-30 10:25:40,24300.0,500.0,939400.0
937,2021-09-30 10:25:40,24300.0,500.0,938900.0
938,2021-09-30 10:25:40,24300.0,500.0,938400.0
939,2021-09-30 10:25:40,24300.0,100.0,937900.0
940,2021-09-30 10:25:40,24300.0,1000.0,937800.0
941,2021-09-30 10:25:40,24300.0,200.0,936800.0
942,2021-09-30 10:25:40,24300.0,500.0,936600.0
943,2021-09-30 10:25:40,24300.0,500.0,936100.0
944,2021-09-30 10:25:40,24300.0,200.0,935600.0
945,2021-09-30 10:25:40,24300.0,5000.0,935400.0
946,2021-09-30 10:25:40,24300.0,1000.0,930400.0
947,2021-09-30 10:25:40,24300.0,200.0,929400.0
948,2021-09-30 10:25:40,24300.0,200.0,929200.0
949,2021-09-30 10:25:40,24300.0,1200.0,929000.0
950,2021-09-30 10:25:29,24350.0,800.0,927800.0
951,2021-09-30 10:25:29,24350.0,400.0,927000.0
952,2021-09-30 10:25:29,24350.0,3000.0,926600.0
953,2021-09-30 10:25:29,24350.0,100.0,923600.0
954,2021-09-30 10:25:29,24350.0,200.0,923500.0
955,2021-09-30 10:25:28,24350.0,1000.0,923300.0
956,2021-09-30 10:25:22,24350.0,200.0,922300.0
957,2021-09-30 10:25:16,24350.0,1000.0,922100.0
958,2021-09-30 10:25:10,24350.0,1000.0,921100.0
959,2021-09-30 10:25:08,24350.0,300.0,920100.0
960,2021-09-30 10:24:59,24350.0,300.0,919800.0
961,2021-09-30 10:24:35,24350.0,500.0,919500.0
962,2021-09-30 10:24:21,24350.0,500.0,919000.0
963,2021-09-30 10:24:20,24350.0,500.0,918500.0
964,2021-09-30 10:24:06,24350.0,500.0,918000.0
965,2021-09-30 10:24:05,24400.0,1200.0,917500.0
966,2021-09-30 10:24:05,24350.0,1000.0,916300.0
967,2021-09-30 10:24:05,24350.0,1000.0,915300.0
968,2021-09-30 10:24:05,24350.0,100.0,914300.0
969,2021-09-30 10:24:05,24350.0,1000.0,914200.0
970,2021-09-30 10:24:05,24350.0,2500.0,913200.0
971,2021-09-30 10:24:05,24350.0,200.0,910700.0
972,2021-09-30 10:24:05,24350.0,900.0,910500.0
973,2021-09-30 10:23:58,24350.0,500.0,909600.0
974,2021-09-30 10:23:58,24300.0,500.0,909100.0
975,2021-09-30 10:23:47,24300.0,100.0,908600.0
976,2021-09-30 10:23:47,24300.0,100.0,908500.0
977,2021-09-30 10:23:47,24300.0,100.0,908400.0
978,2021-09-30 10:23:47,24300.0,500.0,908300.0
979,2021-09-30 10:23:47,24300.0,100.0,907800.0
980,2021-09-30 10:23:47,24300.0,100.0,907700.0
981,2021-09-30 10:23:38,24350.0,200.0,907600.0
982,2021-09-30 10:22:47,24350.0,100.0,907400.0
983,2021-09-30 10:22:25,24350.0,100.0,907300.0
984,2021-09-30 10:22:25,24350.0,200.0,907200.0
985,2021-09-30 10:22:18,24350.0,200.0,907000.0
986,2021-09-30 10:22:17,24350.0,100.0,906800.0
987,2021-09-30 10:22:15,24350.0,900.0,906700.0
988,2021-09-30 10:22:10,24350.0,300.0,905800.0
989,2021-09-30 10:22:08,24350.0,100.0,905500.0
990,2021-09-30 10:22:08,24350.0,200.0,905400.0
991,2021-09-30 10:22:08,24350.0,200.0,905200.0
992,2021-09-30 10:22:00,24350.0,100.0,905000.0
993,2021-09-30 10:21:56,24400.0,200.0,904900.0
994,2021-09-30 10:21:47,24350.0,200.0,904700.0
995,2021-09-30 10:21:47,24350.0,1800.0,904500.0
996,2021-09-30 10:21:42,24400.0,100.0,902700.0
997,2021-09-30 10:21:39,24350.0,200.0,902600.0
998,2021-09-30 10:21:39,24350.0,800.0,902400.0
999,2021-09-30 10:21:39,24350.0,1000.0,901600.0
1000,2021-09-30 10:21:30,24400.0,2000.0,900600.0
1001,2021-09-30 10:21:27,24400.0,100.0,898600.0
1002,2021-09-30 10:20:37,24400.0,2400.0,898500.0
1003,2021-09-30 10:20:37,24400.0,500.0,896100.0
1004,2021-09-30 10:20:37,24400.0,200.0,895600.0
1005,2021-09-30 10:20:37,24400.0,1000.0,895400.0
1006,2021-09-30 10:20:37,24400.0,5000.0,894400.0
1007,2021-09-30 10:20:37,24400.0,500.0,889400.0
1008,2021-09-30 10:20:37,24400.0,100.0,888900.0
1009,2021-09-30 10:20:37,24400.0,300.0,888800.0
1010,2021-09-30 10:20:34,24350.0,100.0,888500.0
1011,2021-09-30 10:20:34,24350.0,400.0,888400.0
1012,2021-09-30 10:20:26,24350.0,100.0,888000.0
1013,2021-09-30 10:20:26,24350.0,400.0,887900.0
1014,2021-09-30 10:20:19,24350.0,500.0,887500.0
1015,2021-09-30 10:20:17,24350.0,100.0,887000.0
1016,2021-09-30 10:20:17,24350.0,400.0,886900.0
1017,2021-09-30 10:20:02,24350.0,2000.0,886500.0
1018,2021-09-30 10:20:01,24400.0,200.0,884500.0
1019,2021-09-30 10:19:56,24400.0,2000.0,884300.0
1020,2021-09-30 10:19:54,24400.0,100.0,882300.0
1021,2021-09-30 10:19:42,24400.0,7400.0,882200.0
1022,2021-09-30 10:19:42,24400.0,300.0,874800.0
1023,2021-09-30 10:19:42,24400.0,1700.0,874500.0
1024,2021-09-30 10:19:42,24400.0,100.0,872800.0
1025,2021-09-30 10:19:42,24350.0,100.0,872700.0
1026,2021-09-30 10:19:42,24350.0,200.0,872600.0
1027,2021-09-30 10:19:42,24350.0,200.0,872400.0
1028,2021-09-30 10:19:21,24350.0,200.0,872200.0
1029,2021-09-30 10:19:09,24350.0,100.0,872000.0
1030,2021-09-30 10:18:56,24350.0,100.0,871900.0
1031,2021-09-30 10:18:56,24350.0,100.0,871800.0
1032,2021-09-30 10:18:51,24350.0,500.0,871700.0
1033,2021-09-30 10:18:37,24350.0,1000.0,871200.0
1034,2021-09-30 10:18:37,24350.0,1000.0,870200.0
1035,2021-09-30 10:18:37,24350.0,100.0,869200.0
1036,2021-09-30 10:18:37,24350.0,100.0,869100.0
1037,2021-09-30 10:18:37,24350.0,100.0,869000.0
1038,2021-09-30 10:18:37,24350.0,200.0,868900.0
1039,2021-09-30 10:18:23,24350.0,400.0,868700.0
1040,2021-09-30 10:18:04,24350.0,1400.0,868300.0
1041,2021-09-30 10:18:04,24350.0,200.0,866900.0
1042,2021-09-30 10:18:04,24350.0,100.0,866700.0
1043,2021-09-30 10:18:04,24350.0,900.0,866600.0
1044,2021-09-30 10:18:04,24350.0,2400.0,865700.0
1045,2021-09-30 10:17:51,24350.0,100.0,863300.0
1046,2021-09-30 10:17:51,24350.0,800.0,863200.0
1047,2021-09-30 10:17:22,24350.0,200.0,862400.0
1048,2021-09-30 10:17:22,24350.0,800.0,862200.0
1049,2021-09-30 10:17:18,24350.0,100.0,861400.0
1050,2021-09-30 10:17:18,24350.0,100.0,861300.0
1051,2021-09-30 10:17:13,24350.0,100.0,861200.0
1052,2021-09-30 10:17:12,24350.0,100.0,861100.0
1053,2021-09-30 10:17:12,24350.0,600.0,861000.0
1054,2021-09-30 10:17:06,24350.0,500.0,860400.0
1055,2021-09-30 10:17:00,24350.0,500.0,859900.0
1056,2021-09-30 10:16:59,24350.0,2500.0,859400.0
1057,2021-09-30 10:16:56,24350.0,500.0,856900.0
1058,2021-09-30 10:16:56,24350.0,500.0,856400.0
1059,2021-09-30 10:16:56,24350.0,700.0,855900.0
1060,2021-09-30 10:16:56,24350.0,4000.0,855200.0
1061,2021-09-30 10:16:56,24350.0,200.0,851200.0
1062,2021-09-30 10:16:37,24350.0,1800.0,851000.0
1063,2021-09-30 10:16:37,24350.0,100.0,849200.0
1064,2021-09-30 10:16:37,24350.0,1000.0,849100.0
1065,2021-09-30 10:16:37,24300.0,500.0,848100.0
1066,2021-09-30 10:16:37,24300.0,100.0,847600.0
1067,2021-09-30 10:16:37,24300.0,800.0,847500.0
1068,2021-09-30 10:16:31,24300.0,500.0,846700.0
1069,2021-09-30 10:16:31,24300.0,100.0,846200.0
1070,2021-09-30 10:16:31,24300.0,3000.0,846100.0
1071,2021-09-30 10:16:31,24300.0,100.0,843100.0
1072,2021-09-30 10:16:31,24300.0,2000.0,843000.0
1073,2021-09-30 10:16:31,24300.0,1000.0,841000.0
1074,2021-09-30 10:16:31,24300.0,100.0,840000.0
1075,2021-09-30 10:16:31,24300.0,2000.0,839900.0
1076,2021-09-30 10:16:31,24300.0,1200.0,837900.0
1077,2021-09-30 10:16:24,24300.0,2000.0,836700.0
1078,2021-09-30 10:16:22,24250.0,300.0,834700.0
1079,2021-09-30 10:16:14,24300.0,100.0,834400.0
1080,2021-09-30 10:16:08,24300.0,100.0,834300.0
1081,2021-09-30 10:16:08,24250.0,200.0,834200.0
1082,2021-09-30 10:16:08,24250.0,1000.0,834000.0
1083,2021-09-30 10:16:08,24250.0,100.0,833000.0
1084,2021-09-30 10:16:08,24250.0,500.0,832900.0
1085,2021-09-30 10:16:08,24250.0,100.0,832400.0
1086,2021-09-30 10:16:08,24250.0,100.0,832300.0
1087,2021-09-30 10:15:51,24300.0,3000.0,832200.0
1088,2021-09-30 10:15:46,24300.0,1500.0,829200.0
1089,2021-09-30 10:15:33,24300.0,400.0,827700.0
1090,2021-09-30 10:15:33,24300.0,100.0,827300.0
1091,2021-09-30 10:15:33,24300.0,1000.0,827200.0
1092,2021-09-30 10:15:33,24300.0,500.0,826200.0
1093,2021-09-30 10:15:33,24300.0,100.0,825700.0
1094,2021-09-30 10:15:33,24300.0,300.0,825600.0
1095,2021-09-30 10:15:33,24300.0,200.0,825300.0
1096,2021-09-30 10:15:33,24300.0,700.0,825100.0
1097,2021-09-30 10:15:33,24300.0,100.0,824400.0
1098,2021-09-30 10:15:33,24300.0,200.0,824300.0
1099,2021-09-30 10:15:33,24300.0,300.0,824100.0
1100,2021-09-30 10:15:33,24300.0,2000.0,823800.0
1101,2021-09-30 10:15:33,24300.0,100.0,821800.0
1102,2021-09-30 10:15:33,24300.0,100.0,821700.0
1103,2021-09-30 10:15:17,24300.0,300.0,821600.0
1104,2021-09-30 10:15:17,24300.0,5000.0,821300.0
1105,2021-09-30 10:15:17,24300.0,200.0,816300.0
1106,2021-09-30 10:15:17,24300.0,4500.0,816100.0
1107,2021-09-30 10:15:17,24300.0,500.0,811600.0
1108,2021-09-30 10:15:01,24350.0,100.0,811100.0
1109,2021-09-30 10:15:01,24350.0,1000.0,811000.0
1110,2021-09-30 10:15:01,24350.0,200.0,810000.0
1111,2021-09-30 10:15:01,24350.0,100.0,809800.0
1112,2021-09-30 10:15:01,24350.0,2000.0,809700.0
1113,2021-09-30 10:15:01,24350.0,200.0,807700.0
1114,2021-09-30 10:15:01,24350.0,100.0,807500.0
1115,2021-09-30 10:15:01,24350.0,300.0,807400.0
1116,2021-09-30 10:15:01,24350.0,800.0,807100.0
1117,2021-09-30 10:14:58,24350.0,900.0,806300.0
1118,2021-09-30 10:14:58,24350.0,6100.0,805400.0
1119,2021-09-30 10:14:55,24350.0,100.0,799300.0
1120,2021-09-30 10:14:49,24350.0,3800.0,799200.0
1121,2021-09-30 10:14:49,24350.0,700.0,795400.0
1122,2021-09-30 10:14:49,24350.0,500.0,794700.0
1123,2021-09-30 10:14:48,24350.0,500.0,794200.0
1124,2021-09-30 10:14:22,24350.0,100.0,793700.0
1125,2021-09-30 10:14:16,24400.0,100.0,793600.0
1126,2021-09-30 10:14:15,24350.0,4700.0,793500.0
1127,2021-09-30 10:14:11,24400.0,500.0,788800.0
1128,2021-09-30 10:13:46,24400.0,200.0,788300.0
1129,2021-09-30 10:13:44,24400.0,2000.0,788100.0
1130,2021-09-30 10:13:34,24400.0,200.0,786100.0
1131,2021-09-30 10:13:33,24400.0,100.0,785900.0
1132,2021-09-30 10:13:31,24350.0,200.0,785800.0
1133,2021-09-30 10:13:30,24400.0,500.0,785600.0
1134,2021-09-30 10:13:29,24400.0,100.0,785100.0
1135,2021-09-30 10:13:29,24400.0,500.0,785000.0
1136,2021-09-30 10:13:29,24400.0,1000.0,784500.0
1137,2021-09-30 10:13:29,24400.0,5000.0,783500.0
1138,2021-09-30 10:13:29,24400.0,500.0,778500.0
1139,2021-09-30 10:13:29,24400.0,200.0,778000.0
1140,2021-09-30 10:13:29,24400.0,100.0,777800.0
1141,2021-09-30 10:13:29,24400.0,1000.0,777700.0
1142,2021-09-30 10:13:29,24400.0,100.0,776700.0
1143,2021-09-30 10:13:29,24400.0,100.0,776600.0
1144,2021-09-30 10:13:29,24400.0,7900.0,776500.0
1145,2021-09-30 10:13:22,24400.0,2100.0,768600.0
1146,2021-09-30 10:13:22,24400.0,300.0,766500.0
1147,2021-09-30 10:13:22,24400.0,500.0,766200.0
1148,2021-09-30 10:13:22,24400.0,200.0,765700.0
1149,2021-09-30 10:13:22,24400.0,1900.0,765500.0
1150,2021-09-30 10:13:09,24450.0,200.0,763600.0
1151,2021-09-30 10:13:09,24450.0,200.0,763400.0
1152,2021-09-30 10:13:09,24450.0,2600.0,763200.0
1153,2021-09-30 10:13:03,24400.0,100.0,760600.0
1154,2021-09-30 10:13:03,24400.0,2900.0,760500.0
1155,2021-09-30 10:13:02,24400.0,700.0,757600.0
1156,2021-09-30 10:12:48,24450.0,300.0,756900.0
1157,2021-09-30 10:12:45,24450.0,100.0,756600.0
1158,2021-09-30 10:12:45,24450.0,200.0,756500.0
1159,2021-09-30 10:12:43,24450.0,100.0,756300.0
1160,2021-09-30 10:12:42,24450.0,100.0,756200.0
1161,2021-09-30 10:12:41,24450.0,200.0,756100.0
1162,2021-09-30 10:12:41,24450.0,1800.0,755900.0
1163,2021-09-30 10:12:39,24450.0,200.0,754100.0
1164,2021-09-30 10:12:35,24450.0,200.0,753900.0
1165,2021-09-30 10:12:17,24450.0,3000.0,753700.0
1166,2021-09-30 10:12:17,24450.0,100.0,750700.0
1167,2021-09-30 10:12:17,24450.0,200.0,750600.0
1168,2021-09-30 10:12:17,24450.0,500.0,750400.0
1169,2021-09-30 10:12:17,24450.0,4000.0,749900.0
1170,2021-09-30 10:12:03,24450.0,5000.0,745900.0
1171,2021-09-30 10:12:02,24450.0,100.0,740900.0
1172,2021-09-30 10:11:57,24450.0,300.0,740800.0
1173,2021-09-30 10:11:54,24450.0,600.0,740500.0
1174,2021-09-30 10:11:54,24450.0,100.0,739900.0
1175,2021-09-30 10:11:54,24450.0,1300.0,739800.0
1176,2021-09-30 10:11:49,24450.0,200.0,738500.0
1177,2021-09-30 10:11:45,24500.0,100.0,738300.0
1178,2021-09-30 10:11:44,24500.0,1700.0,738200.0
1179,2021-09-30 10:11:44,24500.0,3000.0,736500.0
1180,2021-09-30 10:11:44,24500.0,500.0,733500.0
1181,2021-09-30 10:11:44,24500.0,1000.0,733000.0
1182,2021-09-30 10:11:44,24500.0,100.0,732000.0
1183,2021-09-30 10:11:44,24500.0,3600.0,731900.0
1184,2021-09-30 10:11:44,24500.0,1000.0,728300.0
1185,2021-09-30 10:11:44,24500.0,900.0,727300.0
1186,2021-09-30 10:11:44,24500.0,100.0,726400.0
1187,2021-09-30 10:11:44,24500.0,500.0,726300.0
1188,2021-09-30 10:11:44,24500.0,100.0,725800.0
1189,2021-09-30 10:11:44,24500.0,500.0,725700.0
1190,2021-09-30 10:11:44,24500.0,200.0,725200.0
1191,2021-09-30 10:11:44,24500.0,100.0,725000.0
1192,2021-09-30 10:11:44,24500.0,500.0,724900.0
1193,2021-09-30 10:11:44,24500.0,200.0,724400.0
1194,2021-09-30 10:11:44,24500.0,100.0,724200.0
1195,2021-09-30 10:11:44,24500.0,100.0,724100.0
1196,2021-09-30 10:11:44,24500.0,500.0,724000.0
1197,2021-09-30 10:11:44,24500.0,300.0,723500.0
1198,2021-09-30 10:11:44,24500.0,4700.0,723200.0
1199,2021-09-30 10:11:44,24500.0,300.0,718500.0
1200,2021-09-30 10:11:42,24500.0,20300.0,718200.0
1201,2021-09-30 10:11:06,24450.0,100.0,697900.0
1202,2021-09-30 10:11:02,24450.0,200.0,697800.0
1203,2021-09-30 10:11:01,24450.0,200.0,697600.0
1204,2021-09-30 10:11:00,24500.0,500.0,697400.0
1205,2021-09-30 10:10:57,24450.0,100.0,696900.0
1206,2021-09-30 10:10:57,24450.0,100.0,696800.0
1207,2021-09-30 10:10:48,24450.0,100.0,696700.0
1208,2021-09-30 10:10:47,24450.0,5000.0,696600.0
1209,2021-09-30 10:10:42,24450.0,1300.0,691600.0
1210,2021-09-30 10:10:38,24450.0,500.0,690300.0
1211,2021-09-30 10:10:38,24450.0,2000.0,689800.0
1212,2021-09-30 10:10:38,24450.0,3000.0,687800.0
1213,2021-09-30 10:10:38,24450.0,500.0,684800.0
1214,2021-09-30 10:10:38,24450.0,100.0,684300.0
1215,2021-09-30 10:10:38,24450.0,500.0,684200.0
1216,2021-09-30 10:10:38,24450.0,1000.0,683700.0
1217,2021-09-30 10:10:33,24450.0,600.0,682700.0
1218,2021-09-30 10:10:33,24450.0,200.0,682100.0
1219,2021-09-30 10:10:31,24400.0,500.0,681900.0
1220,2021-09-30 10:10:05,24450.0,1300.0,681400.0
1221,2021-09-30 10:10:05,24450.0,100.0,680100.0
1222,2021-09-30 10:10:03,24400.0,100.0,680000.0
1223,2021-09-30 10:09:52,24500.0,1600.0,679900.0
1224,2021-09-30 10:09:52,24450.0,400.0,678300.0
1225,2021-09-30 10:09:46,24450.0,200.0,677900.0
1226,2021-09-30 10:09:42,24450.0,1000.0,677700.0
1227,2021-09-30 10:09:41,24450.0,500.0,676700.0
1228,2021-09-30 10:09:41,24450.0,200.0,676200.0
1229,2021-09-30 10:09:41,24450.0,700.0,676000.0
1230,2021-09-30 10:09:35,24450.0,100.0,675300.0
1231,2021-09-30 10:09:22,24450.0,100.0,675200.0
1232,2021-09-30 10:09:18,24450.0,100.0,675100.0
1233,2021-09-30 10:09:15,24450.0,1000.0,675000.0
1234,2021-09-30 10:09:15,24450.0,100.0,674000.0
1235,2021-09-30 10:09:15,24450.0,1100.0,673900.0
1236,2021-09-30 10:09:10,24450.0,1900.0,672800.0
1237,2021-09-30 10:09:10,24450.0,200.0,670900.0
1238,2021-09-30 10:09:10,24450.0,500.0,670700.0
1239,2021-09-30 10:09:10,24450.0,100.0,670200.0
1240,2021-09-30 10:09:10,24450.0,100.0,670100.0
1241,2021-09-30 10:09:10,24450.0,1200.0,670000.0
1242,2021-09-30 10:09:10,24450.0,100.0,668800.0
1243,2021-09-30 10:09:10,24450.0,2000.0,668700.0
1244,2021-09-30 10:09:10,24450.0,500.0,666700.0
1245,2021-09-30 10:09:10,24450.0,2000.0,666200.0
1246,2021-09-30 10:09:10,24450.0,500.0,664200.0
1247,2021-09-30 10:09:10,24450.0,600.0,663700.0
1248,2021-09-30 10:08:55,24400.0,2000.0,663100.0
1249,2021-09-30 10:08:48,24450.0,4400.0,661100.0
1250,2021-09-30 10:08:48,24450.0,500.0,656700.0
1251,2021-09-30 10:08:48,24450.0,100.0,656200.0
1252,2021-09-30 10:08:37,24400.0,1000.0,656100.0
1253,2021-09-30 10:08:37,24400.0,300.0,655100.0
1254,2021-09-30 10:08:37,24400.0,3000.0,654800.0
1255,2021-09-30 10:08:37,24400.0,200.0,651800.0
1256,2021-09-30 10:08:37,24400.0,500.0,651600.0
1257,2021-09-30 10:08:37,24400.0,2000.0,651100.0
1258,2021-09-30 10:08:37,24400.0,100.0,649100.0
1259,2021-09-30 10:08:37,24400.0,200.0,649000.0
1260,2021-09-30 10:08:37,24400.0,500.0,648800.0
1261,2021-09-30 10:08:37,24400.0,200.0,648300.0
1262,2021-09-30 10:08:37,24400.0,200.0,648100.0
1263,2021-09-30 10:08:37,24400.0,400.0,647900.0
1264,2021-09-30 10:08:37,24400.0,100.0,647500.0
1265,2021-09-30 10:08:37,24400.0,100.0,647400.0
1266,2021-09-30 10:08:25,24400.0,900.0,647300.0
1267,2021-09-30 10:08:25,24400.0,100.0,646400.0
1268,2021-09-30 10:08:25,24400.0,100.0,646300.0
1269,2021-09-30 10:08:25,24400.0,100.0,646200.0
1270,2021-09-30 10:08:15,24350.0,200.0,646100.0
1271,2021-09-30 10:08:08,24350.0,100.0,645900.0
1272,2021-09-30 10:08:04,24350.0,100.0,645800.0
1273,2021-09-30 10:08:03,24350.0,100.0,645700.0
1274,2021-09-30 10:07:59,24350.0,100.0,645600.0
1275,2021-09-30 10:07:58,24350.0,100.0,645500.0
1276,2021-09-30 10:07:46,24350.0,300.0,645400.0
1277,2021-09-30 10:07:46,24350.0,200.0,645100.0
1278,2021-09-30 10:07:45,24350.0,100.0,644900.0
1279,2021-09-30 10:07:41,24350.0,700.0,644800.0
1280,2021-09-30 10:07:40,24350.0,100.0,644100.0
1281,2021-09-30 10:07:39,24350.0,2000.0,644000.0
1282,2021-09-30 10:07:36,24350.0,500.0,642000.0
1283,2021-09-30 10:07:32,24350.0,100.0,641500.0
1284,2021-09-30 10:07:29,24350.0,300.0,641400.0
1285,2021-09-30 10:07:28,24350.0,1500.0,641100.0
1286,2021-09-30 10:07:28,24350.0,800.0,639600.0
1287,2021-09-30 10:07:26,24350.0,1000.0,638800.0
1288,2021-09-30 10:07:17,24350.0,1000.0,637800.0
1289,2021-09-30 10:07:09,24350.0,200.0,636800.0
1290,2021-09-30 10:07:09,24350.0,100.0,636600.0
1291,2021-09-30 10:07:09,24350.0,1000.0,636500.0
1292,2021-09-30 10:07:09,24350.0,100.0,635500.0
1293,2021-09-30 10:07:09,24350.0,300.0,635400.0
1294,2021-09-30 10:07:09,24350.0,100.0,635100.0
1295,2021-09-30 10:07:02,24300.0,100.0,635000.0
1296,2021-09-30 10:06:58,24300.0,300.0,634900.0
1297,2021-09-30 10:06:58,24300.0,1300.0,634600.0
1298,2021-09-30 10:06:46,24300.0,200.0,633300.0
1299,2021-09-30 10:06:45,24300.0,400.0,633100.0
1300,2021-09-30 10:06:40,24300.0,100.0,632700.0
1301,2021-09-30 10:06:25,24300.0,100.0,632600.0
1302,2021-09-30 10:06:22,24250.0,100.0,632500.0
1303,2021-09-30 10:06:14,24350.0,100.0,632400.0
1304,2021-09-30 10:06:14,24300.0,300.0,632300.0
1305,2021-09-30 10:06:11,24300.0,700.0,632000.0
1306,2021-09-30 10:06:11,24300.0,300.0,631300.0
1307,2021-09-30 10:06:11,24300.0,100.0,631000.0
1308,2021-09-30 10:06:11,24300.0,300.0,630900.0
1309,2021-09-30 10:06:11,24300.0,100.0,630600.0
1310,2021-09-30 10:06:10,24300.0,400.0,630500.0
1311,2021-09-30 10:06:10,24300.0,200.0,630100.0
1312,2021-09-30 10:06:10,24300.0,2400.0,629900.0
1313,2021-09-30 10:06:10,24250.0,7000.0,627500.0
1314,2021-09-30 10:06:04,24250.0,2000.0,620500.0
1315,2021-09-30 10:06:03,24250.0,1000.0,618500.0
1316,2021-09-30 10:05:58,24300.0,300.0,617500.0
1317,2021-09-30 10:05:56,24300.0,21000.0,617200.0
1318,2021-09-30 10:05:52,24300.0,19400.0,596200.0
1319,2021-09-30 10:05:32,24300.0,1700.0,576800.0
1320,2021-09-30 10:05:23,24300.0,5000.0,575100.0
1321,2021-09-30 10:05:14,24300.0,2700.0,570100.0
1322,2021-09-30 10:05:14,24300.0,700.0,567400.0
1323,2021-09-30 10:05:14,24300.0,2400.0,566700.0
1324,2021-09-30 10:05:14,24300.0,200.0,564300.0
1325,2021-09-30 10:05:14,24300.0,100.0,564100.0
1326,2021-09-30 10:05:14,24300.0,1000.0,564000.0
1327,2021-09-30 10:05:14,24300.0,500.0,563000.0
1328,2021-09-30 10:05:14,24300.0,100.0,562500.0
1329,2021-09-30 10:05:14,24300.0,1000.0,562400.0
1330,2021-09-30 10:05:14,24300.0,100.0,561400.0
1331,2021-09-30 10:05:14,24300.0,100.0,561300.0
1332,2021-09-30 10:05:14,24300.0,100.0,561200.0
1333,2021-09-30 10:05:14,24300.0,100.0,561100.0
1334,2021-09-30 10:05:14,24250.0,5000.0,561000.0
1335,2021-09-30 10:05:14,24250.0,500.0,556000.0
1336,2021-09-30 10:05:14,24250.0,700.0,555500.0
1337,2021-09-30 10:05:14,24250.0,4700.0,554800.0
1338,2021-09-30 10:05:12,24250.0,300.0,550100.0
1339,2021-09-30 10:05:04,24200.0,400.0,549800.0
1340,2021-09-30 10:05:04,24200.0,100.0,549400.0
1341,2021-09-30 10:05:04,24200.0,500.0,549300.0
1342,2021-09-30 10:05:04,24200.0,200.0,548800.0
1343,2021-09-30 10:05:04,24200.0,900.0,548600.0
1344,2021-09-30 10:05:04,24200.0,200.0,547700.0
1345,2021-09-30 10:05:04,24200.0,100.0,547500.0
1346,2021-09-30 10:05:04,24200.0,500.0,547400.0
1347,2021-09-30 10:05:04,24200.0,100.0,546900.0
1348,2021-09-30 10:05:03,24200.0,100.0,546800.0
1349,2021-09-30 10:05:03,24200.0,2900.0,546700.0
1350,2021-09-30 10:04:51,24200.0,700.0,543800.0
1351,2021-09-30 10:04:41,24200.0,500.0,543100.0
1352,2021-09-30 10:04:38,24200.0,900.0,542600.0
1353,2021-09-30 10:04:38,24200.0,800.0,541700.0
1354,2021-09-30 10:04:36,24200.0,9200.0,540900.0
1355,2021-09-30 10:04:36,24200.0,5000.0,531700.0
1356,2021-09-30 10:04:36,24200.0,500.0,526700.0
1357,2021-09-30 10:04:36,24200.0,300.0,526200.0
1358,2021-09-30 10:04:36,24200.0,10000.0,525900.0
1359,2021-09-30 10:04:27,24200.0,1000.0,515900.0
1360,2021-09-30 10:04:21,24200.0,200.0,514900.0
1361,2021-09-30 10:04:19,24200.0,700.0,514700.0
1362,2021-09-30 10:03:59,24200.0,1000.0,514000.0
1363,2021-09-30 10:03:59,24200.0,200.0,513000.0
1364,2021-09-30 10:03:47,24200.0,6900.0,512800.0
1365,2021-09-30 10:03:47,24200.0,500.0,505900.0
1366,2021-09-30 10:03:47,24200.0,1000.0,505400.0
1367,2021-09-30 10:03:47,24200.0,100.0,504400.0
1368,2021-09-30 10:03:47,24200.0,300.0,504300.0
1369,2021-09-30 10:03:47,24200.0,100.0,504000.0
1370,2021-09-30 10:03:47,24200.0,100.0,503900.0
1371,2021-09-30 10:03:47,24150.0,500.0,503800.0
1372,2021-09-30 10:03:47,24150.0,5000.0,503300.0
1373,2021-09-30 10:03:47,24150.0,500.0,498300.0
1374,2021-09-30 10:03:26,24100.0,500.0,497800.0
1375,2021-09-30 10:03:26,24100.0,400.0,497300.0
1376,2021-09-30 10:03:18,24100.0,100.0,496900.0
1377,2021-09-30 10:03:18,24100.0,500.0,496800.0
1378,2021-09-30 10:03:09,24100.0,300.0,496300.0
1379,2021-09-30 10:03:05,24100.0,1000.0,496000.0
1380,2021-09-30 10:02:55,24100.0,2000.0,495000.0
1381,2021-09-30 10:02:54,24100.0,100.0,493000.0
1382,2021-09-30 10:02:52,24100.0,600.0,492900.0
1383,2021-09-30 10:02:44,24100.0,200.0,492300.0
1384,2021-09-30 10:02:40,24100.0,1300.0,492100.0
1385,2021-09-30 10:02:36,24100.0,200.0,490800.0
1386,2021-09-30 10:02:35,24100.0,4300.0,490600.0
1387,2021-09-30 10:02:35,24100.0,100.0,486300.0
1388,2021-09-30 10:02:35,24100.0,200.0,486200.0
1389,2021-09-30 10:02:35,24100.0,5000.0,486000.0
1390,2021-09-30 10:02:35,24100.0,100.0,481000.0
1391,2021-09-30 10:02:35,24100.0,100.0,480900.0
1392,2021-09-30 10:02:35,24100.0,200.0,480800.0
1393,2021-09-30 10:02:35,24100.0,10000.0,480600.0
1394,2021-09-30 10:02:21,24050.0,300.0,470600.0
1395,2021-09-30 10:02:16,24050.0,200.0,470300.0
1396,2021-09-30 10:02:16,24050.0,600.0,470100.0
1397,2021-09-30 10:02:09,24050.0,400.0,469500.0
1398,2021-09-30 10:02:09,24050.0,10000.0,469100.0
1399,2021-09-30 10:02:09,24050.0,200.0,459100.0
1400,2021-09-30 10:02:09,24050.0,500.0,458900.0
1401,2021-09-30 10:02:09,24050.0,30000.0,458400.0
1402,2021-09-30 10:02:09,24050.0,100.0,428400.0
1403,2021-09-30 10:02:09,24050.0,100.0,428300.0
1404,2021-09-30 10:02:09,24050.0,100.0,428200.0
1405,2021-09-30 10:02:09,24050.0,1000.0,428100.0
1406,2021-09-30 10:02:09,24050.0,1000.0,427100.0
1407,2021-09-30 10:02:09,24050.0,16600.0,426100.0
1408,2021-09-30 10:01:28,24000.0,1000.0,409500.0
1409,2021-09-30 10:01:19,24050.0,10000.0,408500.0
1410,2021-09-30 10:01:10,24000.0,100.0,398500.0
1411,2021-09-30 10:01:10,24000.0,2100.0,398400.0
1412,2021-09-30 10:01:07,24000.0,100.0,396300.0
1413,2021-09-30 10:01:07,24000.0,100.0,396200.0
1414,2021-09-30 10:01:07,24000.0,200.0,396100.0
1415,2021-09-30 10:01:03,24000.0,100.0,395900.0
1416,2021-09-30 10:00:54,24000.0,5000.0,395800.0
1417,2021-09-30 10:00:54,24000.0,1000.0,390800.0
1418,2021-09-30 10:00:54,24000.0,500.0,389800.0
1419,2021-09-30 10:00:54,24000.0,600.0,389300.0
1420,2021-09-30 10:00:54,24000.0,1000.0,388700.0
1421,2021-09-30 10:00:54,24000.0,1000.0,387700.0
1422,2021-09-30 10:00:54,24000.0,100.0,386700.0
1423,2021-09-30 10:00:54,24000.0,2100.0,386600.0
1424,2021-09-30 10:00:54,24000.0,200.0,384500.0
1425,2021-09-30 10:00:54,24000.0,600.0,384300.0
1426,2021-09-30 10:00:54,24000.0,1000.0,383700.0
1427,2021-09-30 10:00:54,24000.0,1000.0,382700.0
1428,2021-09-30 10:00:54,24000.0,500.0,381700.0
1429,2021-09-30 10:00:54,24000.0,100.0,381200.0
1430,2021-09-30 10:00:54,24000.0,500.0,381100.0
1431,2021-09-30 10:00:54,24000.0,500.0,380600.0
1432,2021-09-30 10:00:54,24000.0,900.0,380100.0
1433,2021-09-30 10:00:54,24000.0,400.0,379200.0
1434,2021-09-30 10:00:54,24000.0,200.0,378800.0
1435,2021-09-30 10:00:54,24000.0,200.0,378600.0
1436,2021-09-30 10:00:54,24000.0,10000.0,378400.0
1437,2021-09-30 10:00:54,24000.0,100.0,368400.0
1438,2021-09-30 10:00:54,24000.0,100.0,368300.0
1439,2021-09-30 10:00:54,24000.0,5000.0,368200.0
1440,2021-09-30 10:00:54,24000.0,700.0,363200.0
1441,2021-09-30 10:00:54,24000.0,200.0,362500.0
1442,2021-09-30 10:00:54,24000.0,5000.0,362300.0
1443,2021-09-30 10:00:54,24000.0,5000.0,357300.0
1444,2021-09-30 10:00:54,24000.0,2500.0,352300.0
1445,2021-09-30 10:00:54,24000.0,100.0,349800.0
1446,2021-09-30 10:00:54,24000.0,5000.0,349700.0
1447,2021-09-30 10:00:54,24000.0,200.0,344700.0
1448,2021-09-30 10:00:54,24000.0,300.0,344500.0
1449,2021-09-30 10:00:54,24000.0,200.0,344200.0
1450,2021-09-30 10:00:54,24000.0,100.0,344000.0
1451,2021-09-30 10:00:54,24000.0,100.0,343900.0
1452,2021-09-30 10:00:54,24000.0,1000.0,343800.0
1453,2021-09-30 10:00:54,24000.0,500.0,342800.0
1454,2021-09-30 10:00:54,24000.0,100.0,342300.0
1455,2021-09-30 10:00:54,24000.0,100.0,342200.0
1456,2021-09-30 10:00:54,24000.0,200.0,342100.0
1457,2021-09-30 10:00:54,24000.0,1000.0,341900.0
1458,2021-09-30 10:00:54,24000.0,3000.0,340900.0
1459,2021-09-30 10:00:54,24000.0,500.0,337900.0
1460,2021-09-30 10:00:54,24000.0,100.0,337400.0
1461,2021-09-30 10:00:54,24000.0,1000.0,337300.0
1462,2021-09-30 10:00:54,24000.0,200.0,336300.0
1463,2021-09-30 10:00:42,24000.0,800.0,336100.0
1464,2021-09-30 10:00:42,24000.0,500.0,335300.0
1465,2021-09-30 10:00:42,24000.0,100.0,334800.0
1466,2021-09-30 10:00:42,24000.0,100.0,334700.0
1467,2021-09-30 10:00:42,24000.0,100.0,334600.0
1468,2021-09-30 10:00:42,24000.0,2900.0,334500.0
1469,2021-09-30 10:00:34,24000.0,2000.0,331600.0
1470,2021-09-30 10:00:11,23950.0,100.0,329600.0
1471,2021-09-30 10:00:01,23950.0,100.0,329500.0
1472,2021-09-30 09:59:43,23950.0,500.0,329400.0
1473,2021-09-30 09:59:35,24000.0,400.0,328900.0
1474,2021-09-30 09:59:27,24000.0,1500.0,328500.0
1475,2021-09-30 09:59:26,24000.0,5000.0,327000.0
1476,2021-09-30 09:59:03,24000.0,13800.0,322000.0
1477,2021-09-30 09:59:03,24000.0,100.0,308200.0
1478,2021-09-30 09:59:03,24000.0,100.0,308100.0
1479,2021-09-30 09:59:03,24000.0,85700.0,308000.0
1480,2021-09-30 09:59:03,23950.0,300.0,222300.0
1481,2021-09-30 09:58:47,23950.0,400.0,222000.0
1482,2021-09-30 09:58:01,23950.0,500.0,221600.0
1483,2021-09-30 09:57:31,23900.0,500.0,221100.0
1484,2021-09-30 09:57:04,23900.0,300.0,220600.0
1485,2021-09-30 09:56:43,23900.0,500.0,220300.0
1486,2021-09-30 09:55:27,23900.0,1000.0,219800.0
1487,2021-09-30 09:54:49,23900.0,2200.0,218800.0
1488,2021-09-30 09:54:49,23900.0,1000.0,216600.0
1489,2021-09-30 09:54:49,23900.0,200.0,215600.0
1490,2021-09-30 09:54:43,23950.0,1200.0,215400.0
1491,2021-09-30 09:54:43,23950.0,1000.0,214200.0
1492,2021-09-30 09:54:43,23950.0,100.0,213200.0
1493,2021-09-30 09:54:43,23950.0,100.0,213100.0
1494,2021-09-30 09:54:43,23950.0,200.0,213000.0
1495,2021-09-30 09:54:43,23950.0,5000.0,212800.0
1496,2021-09-30 09:54:43,23950.0,2800.0,207800.0
1497,2021-09-30 09:54:43,23950.0,1000.0,205000.0
1498,2021-09-30 09:54:43,23950.0,2000.0,204000.0
1499,2021-09-30 09:54:43,23950.0,200.0,202000.0
1500,2021-09-30 09:54:43,23950.0,700.0,201800.0
1501,2021-09-30 09:54:43,23950.0,1000.0,201100.0
1502,2021-09-30 09:54:43,23950.0,900.0,200100.0
1503,2021-09-30 09:54:19,23900.0,300.0,199200.0
1504,2021-09-30 09:54:19,23900.0,100.0,198900.0
1505,2021-09-30 09:54:19,23900.0,600.0,198800.0
1506,2021-09-30 09:54:19,23900.0,300.0,198200.0
1507,2021-09-30 09:54:19,23900.0,200.0,197900.0
1508,2021-09-30 09:54:19,23900.0,100.0,197700.0
1509,2021-09-30 09:54:19,23900.0,500.0,197600.0
1510,2021-09-30 09:54:09,23900.0,400.0,197100.0
1511,2021-09-30 09:53:48,23900.0,100.0,196700.0
1512,2021-09-30 09:53:04,23900.0,300.0,196600.0
1513,2021-09-30 09:53:04,23900.0,200.0,196300.0
1514,2021-09-30 09:53:04,23900.0,200.0,196100.0
1515,2021-09-30 09:53:04,23900.0,1300.0,195900.0
1516,2021-09-30 09:52:31,23950.0,100.0,194600.0
1517,2021-09-30 09:52:31,23950.0,100.0,194500.0
1518,2021-09-30 09:51:29,23950.0,3000.0,194400.0
1519,2021-09-30 09:50:50,23900.0,2000.0,191400.0
1520,2021-09-30 09:50:34,23950.0,100.0,189400.0
1521,2021-09-30 09:50:02,23900.0,400.0,189300.0
1522,2021-09-30 09:49:42,23900.0,3000.0,188900.0
1523,2021-09-30 09:48:57,23900.0,1000.0,185900.0
1524,2021-09-30 09:46:56,23900.0,100.0,184900.0
1525,2021-09-30 09:46:18,23950.0,400.0,184800.0
1526,2021-09-30 09:46:18,23950.0,100.0,184400.0
1527,2021-09-30 09:45:36,23900.0,100.0,184300.0
1528,2021-09-30 09:45:07,23900.0,100.0,184200.0
1529,2021-09-30 09:45:07,23900.0,100.0,184100.0
1530,2021-09-30 09:44:38,23900.0,2000.0,184000.0
1531,2021-09-30 09:44:23,23900.0,500.0,182000.0
1532,2021-09-30 09:44:20,23950.0,1300.0,181500.0
1533,2021-09-30 09:44:20,23950.0,10000.0,180200.0
1534,2021-09-30 09:44:20,23950.0,1800.0,170200.0
1535,2021-09-30 09:44:04,23950.0,1900.0,168400.0
1536,2021-09-30 09:43:43,23950.0,1000.0,166500.0
1537,2021-09-30 09:43:20,23950.0,300.0,165500.0
1538,2021-09-30 09:43:20,23950.0,100.0,165200.0
1539,2021-09-30 09:42:59,23900.0,1300.0,165100.0
1540,2021-09-30 09:42:46,23900.0,1100.0,163800.0
1541,2021-09-30 09:42:46,23900.0,200.0,162700.0
1542,2021-09-30 09:42:46,23900.0,1700.0,162500.0
1543,2021-09-30 09:42:35,23900.0,1400.0,160800.0
1544,2021-09-30 09:41:52,23900.0,100.0,159400.0
1545,2021-09-30 09:41:26,23900.0,2000.0,159300.0
1546,2021-09-30 09:41:02,23950.0,100.0,157300.0
1547,2021-09-30 09:41:02,23950.0,200.0,157200.0
1548,2021-09-30 09:41:02,23950.0,100.0,157000.0
1549,2021-09-30 09:41:02,23950.0,400.0,156900.0
1550,2021-09-30 09:41:02,23950.0,100.0,156500.0
1551,2021-09-30 09:41:02,23950.0,500.0,156400.0
1552,2021-09-30 09:41:02,23950.0,700.0,155900.0
1553,2021-09-30 09:39:33,23950.0,300.0,155200.0
1554,2021-09-30 09:39:03,23950.0,7300.0,154900.0
1555,2021-09-30 09:39:03,23950.0,500.0,147600.0
1556,2021-09-30 09:39:03,23950.0,1000.0,147100.0
1557,2021-09-30 09:39:03,23950.0,100.0,146100.0
1558,2021-09-30 09:38:51,23900.0,1100.0,146000.0
1559,2021-09-30 09:38:16,23950.0,200.0,144900.0
1560,2021-09-30 09:37:51,23900.0,100.0,144700.0
1561,2021-09-30 09:37:51,23900.0,100.0,144600.0
1562,2021-09-30 09:37:51,23900.0,1000.0,144500.0
1563,2021-09-30 09:37:51,23900.0,1200.0,143500.0
1564,2021-09-30 09:37:37,23900.0,100.0,142300.0
1565,2021-09-30 09:37:28,23900.0,100.0,142200.0
1566,2021-09-30 09:37:15,23900.0,200.0,142100.0
1567,2021-09-30 09:36:45,23900.0,100.0,141900.0
1568,2021-09-30 09:36:08,23900.0,3300.0,141800.0
1569,2021-09-30 09:36:08,23900.0,9000.0,138500.0
1570,2021-09-30 09:36:08,23900.0,1000.0,129500.0
1571,2021-09-30 09:36:08,23900.0,600.0,128500.0
1572,2021-09-30 09:36:08,23900.0,200.0,127900.0
1573,2021-09-30 09:36:08,23900.0,200.0,127700.0
1574,2021-09-30 09:36:08,23900.0,500.0,127500.0
1575,2021-09-30 09:36:08,23900.0,5200.0,127000.0
1576,2021-09-30 09:34:56,23900.0,100.0,121800.0
1577,2021-09-30 09:34:32,23850.0,1000.0,121700.0
1578,2021-09-30 09:34:25,23850.0,300.0,120700.0
1579,2021-09-30 09:33:35,23850.0,300.0,120400.0
1580,2021-09-30 09:33:35,23850.0,300.0,120100.0
1581,2021-09-30 09:33:19,23850.0,100.0,119800.0
1582,2021-09-30 09:32:48,23850.0,2000.0,119700.0
1583,2021-09-30 09:32:42,23850.0,100.0,117700.0
1584,2021-09-30 09:32:08,23800.0,2100.0,117600.0
1585,2021-09-30 09:32:08,23800.0,500.0,115500.0
1586,2021-09-30 09:32:08,23800.0,100.0,115000.0
1587,2021-09-30 09:32:08,23800.0,2000.0,114900.0
1588,2021-09-30 09:32:08,23800.0,1000.0,112900.0
1589,2021-09-30 09:32:08,23800.0,100.0,111900.0
1590,2021-09-30 09:32:08,23800.0,500.0,111800.0
1591,2021-09-30 09:32:08,23800.0,1000.0,111300.0
1592,2021-09-30 09:32:08,23800.0,600.0,110300.0
1593,2021-09-30 09:32:08,23800.0,200.0,109700.0
1594,2021-09-30 09:32:08,23800.0,100.0,109500.0
1595,2021-09-30 09:32:08,23800.0,100.0,109400.0
1596,2021-09-30 09:32:08,23800.0,800.0,109300.0
1597,2021-09-30 09:32:08,23800.0,9900.0,108500.0
1598,2021-09-30 09:32:08,23850.0,1000.0,98600.0
1599,2021-09-30 09:32:03,23900.0,100.0,97600.0
1600,2021-09-30 09:30:42,23800.0,100.0,97500.0
1601,2021-09-30 09:30:42,23800.0,300.0,97400.0
1602,2021-09-30 09:30:07,23900.0,200.0,97100.0
1603,2021-09-30 09:30:03,23800.0,100.0,96900.0
1604,2021-09-30 09:29:29,23900.0,600.0,96800.0
1605,2021-09-30 09:29:29,23900.0,500.0,96200.0
1606,2021-09-30 09:29:29,23900.0,1000.0,95700.0
1607,2021-09-30 09:29:29,23900.0,8000.0,94700.0
1608,2021-09-30 09:29:29,23900.0,100.0,86700.0
1609,2021-09-30 09:28:29,23950.0,1500.0,86600.0
1610,2021-09-30 09:28:17,23950.0,100.0,85100.0
1611,2021-09-30 09:28:03,23950.0,100.0,85000.0
1612,2021-09-30 09:27:55,23950.0,2100.0,84900.0
1613,2021-09-30 09:27:55,23950.0,300.0,82800.0
1614,2021-09-30 09:27:55,23950.0,500.0,82500.0
1615,2021-09-30 09:27:55,23950.0,100.0,82000.0
1616,2021-09-30 09:27:55,23950.0,2000.0,81900.0
1617,2021-09-30 09:27:08,23950.0,100.0,79900.0
1618,2021-09-30 09:27:08,23950.0,200.0,79800.0
1619,2021-09-30 09:27:08,23950.0,100.0,79600.0
1620,2021-09-30 09:27:08,23950.0,200.0,79500.0
1621,2021-09-30 09:27:08,23950.0,300.0,79300.0
1622,2021-09-30 09:27:08,23950.0,100.0,79000.0
1623,2021-09-30 09:25:21,23950.0,100.0,78900.0
1624,2021-09-30 09:25:08,23950.0,200.0,78800.0
1625,2021-09-30 09:25:01,23900.0,200.0,78600.0
1626,2021-09-30 09:23:15,24000.0,5000.0,78400.0
1627,2021-09-30 09:22:56,23800.0,19600.0,73400.0
1628,2021-09-30 09:22:43,23800.0,2000.0,53800.0
1629,2021-09-30 09:22:36,23800.0,100.0,51800.0
1630,2021-09-30 09:22:34,23800.0,200.0,51700.0
1631,2021-09-30 09:22:10,23800.0,100.0,51500.0
1632,2021-09-30 09:22:10,23800.0,100.0,51400.0
1633,2021-09-30 09:22:09,23700.0,200.0,51300.0
1634,2021-09-30 09:21:49,23700.0,100.0,51100.0
1635,2021-09-30 09:21:48,23700.0,100.0,51000.0
1636,2021-09-30 09:21:48,23700.0,200.0,50900.0
1637,2021-09-30 09:21:41,23700.0,1000.0,50700.0
1638,2021-09-30 09:21:30,23800.0,1200.0,49700.0
1639,2021-09-30 09:21:15,23800.0,1300.0,48500.0
1640,2021-09-30 09:21:11,23800.0,700.0,47200.0
1641,2021-09-30 09:21:05,23800.0,2000.0,46500.0
1642,2021-09-30 09:20:57,23700.0,300.0,44500.0
1643,2021-09-30 09:20:04,23700.0,700.0,44200.0
1644,2021-09-30 09:19:26,23600.0,700.0,43500.0
1645,2021-09-30 09:19:26,23600.0,1000.0,42800.0
1646,2021-09-30 09:19:25,23700.0,100.0,41800.0
1647,2021-09-30 09:19:25,23700.0,500.0,41700.0
1648,2021-09-30 09:19:25,23700.0,200.0,41200.0
1649,2021-09-30 09:19:25,23700.0,1000.0,41000.0
1650,2021-09-30 09:19:25,23700.0,1000.0,40000.0
1651,2021-09-30 09:19:25,23700.0,1000.0,39000.0
1652,2021-09-30 09:19:06,23800.0,2000.0,38000.0
1653,2021-09-30 09:19:05,23800.0,1000.0,36000.0
1654,2021-09-30 09:18:59,23800.0,500.0,35000.0
1655,2021-09-30 09:18:59,23800.0,200.0,34500.0
1656,2021-09-30 09:18:59,23800.0,1000.0,34300.0
1657,2021-09-30 09:18:59,23800.0,1000.0,33300.0
1658,2021-09-30 09:18:59,23800.0,12500.0,32300.0
1659,2021-09-30 09:18:56,23800.0,100.0,19800.0
1660,2021-09-30 09:18:23,23800.0,500.0,19700.0
1661,2021-09-30 09:18:16,23800.0,900.0,19200.0
1662,2021-09-30 09:18:16,23800.0,100.0,18300.0
1663,2021-09-30 09:18:16,23800.0,600.0,18200.0
1664,2021-09-30 09:18:16,23800.0,100.0,17600.0
1665,2021-09-30 09:18:16,23800.0,900.0,17500.0
1666,2021-09-30 09:17:59,23800.0,300.0,16600.0
1667,2021-09-30 09:17:59,23800.0,400.0,16300.0
1668,2021-09-30 09:17:19,24000.0,1000.0,15900.0
1669,2021-09-30 09:16:55,24000.0,5000.0,14900.0
1670,2021-09-30 09:16:54,24000.0,500.0,9900.0
1671,2021-09-30 09:16:51,24000.0,100.0,9400.0
1672,2021-09-30 09:16:51,24000.0,900.0,9300.0
1673,2021-09-30 09:16:47,24000.0,100.0,8400.0
1674,2021-09-30 09:16:42,24000.0,1000.0,8300.0
1675,2021-09-30 09:16:42,24000.0,500.0,7300.0
1676,2021-09-30 09:16:17,24050.0,3400.0,6800.0
1677,2021-09-30 09:16:17,24000.0,1000.0,3400.0
1678,2021-09-30 09:16:17,24000.0,700.0,2400.0
1679,2021-09-30 09:16:17,24000.0,100.0,1700.0
1680,2021-09-30 09:16:17,24000.0,300.0,1600.0
1681,2021-09-30 09:15:00,24000.0,200.0,1300.0
1682,2021-09-30 09:15:00,24000.0,500.0,1100.0
1683,2021-09-30 09:15:00,24000.0,100.0,600.0
1684,2021-09-30 09:15:00,24000.0,100.0,500.0
1685,2021-09-30 09:15:00,24000.0,100.0,400.0
1686,2021-09-30 09:15:00,24000.0,200.0,300.0
1687,2021-09-30 09:15:00,24000.0,100.0,100.0
