,Time,Price,Volume_per_trade,Volume
0,2021-09-30 14:45:01,12100.0,54700.0,533129.0
1,2021-09-30 14:29:19,12000.0,300.0,478429.0
2,2021-09-30 14:29:01,12000.0,1400.0,478129.0
3,2021-09-30 14:28:43,12000.0,20000.0,476729.0
4,2021-09-30 14:28:10,12000.0,100.0,456729.0
5,2021-09-30 14:26:19,12000.0,1300.0,456629.0
6,2021-09-30 14:25:06,12000.0,200.0,455329.0
7,2021-09-30 14:18:39,12000.0,600.0,455129.0
8,2021-09-30 14:17:53,12000.0,500.0,454529.0
9,2021-09-30 14:17:11,12000.0,100.0,454029.0
10,2021-09-30 14:16:53,12000.0,49400.0,453929.0
11,2021-09-30 14:13:16,11900.0,3400.0,404529.0
12,2021-09-30 14:10:52,11900.0,200.0,401129.0
13,2021-09-30 14:06:19,11900.0,1700.0,400929.0
14,2021-09-30 14:05:20,11900.0,100.0,399229.0
15,2021-09-30 13:59:00,11900.0,100.0,399129.0
16,2021-09-30 13:57:48,11900.0,600.0,399029.0
17,2021-09-30 13:55:08,11900.0,100.0,398429.0
18,2021-09-30 13:54:06,11900.0,1000.0,398329.0
19,2021-09-30 13:52:50,11900.0,1400.0,397329.0
20,2021-09-30 13:50:45,11900.0,1000.0,395929.0
21,2021-09-30 13:50:20,11800.0,500.0,394929.0
22,2021-09-30 13:49:02,11900.0,100.0,394429.0
23,2021-09-30 13:45:27,11900.0,100.0,394329.0
24,2021-09-30 13:43:45,11900.0,3600.0,394229.0
25,2021-09-30 13:43:11,11900.0,1000.0,390629.0
26,2021-09-30 13:42:47,12000.0,100.0,389629.0
27,2021-09-30 13:42:23,12000.0,500.0,389529.0
28,2021-09-30 13:40:49,12100.0,4000.0,389029.0
29,2021-09-30 13:39:50,12100.0,300.0,385029.0
30,2021-09-30 13:39:39,12000.0,100.0,384729.0
31,2021-09-30 13:38:28,12000.0,100.0,384629.0
32,2021-09-30 13:38:10,11900.0,500.0,384529.0
33,2021-09-30 13:38:07,11900.0,1000.0,384029.0
34,2021-09-30 13:25:19,11900.0,100.0,383029.0
35,2021-09-30 13:23:58,11900.0,1000.0,382929.0
36,2021-09-30 13:20:33,12100.0,2700.0,381929.0
37,2021-09-30 13:19:53,12100.0,500.0,379229.0
38,2021-09-30 13:19:46,12100.0,1000.0,378729.0
39,2021-09-30 13:19:27,12100.0,200.0,377729.0
40,2021-09-30 13:18:32,12100.0,200.0,377529.0
41,2021-09-30 13:18:30,12100.0,5400.0,377329.0
42,2021-09-30 13:18:20,12100.0,200.0,371929.0
43,2021-09-30 13:12:06,12100.0,18.0,371729.0
44,2021-09-30 13:11:42,12100.0,50000.0,371711.0
45,2021-09-30 13:07:34,11900.0,1000.0,321711.0
46,2021-09-30 13:02:54,11900.0,1000.0,320711.0
47,2021-09-30 13:02:07,11900.0,2000.0,319711.0
48,2021-09-30 13:01:47,11900.0,1000.0,317711.0
49,2021-09-30 13:01:43,12000.0,500.0,316711.0
50,2021-09-30 11:28:40,11900.0,6.0,316211.0
51,2021-09-30 11:27:19,11900.0,300.0,316205.0
52,2021-09-30 11:26:32,11900.0,500.0,315905.0
53,2021-09-30 11:25:33,11900.0,1000.0,315405.0
54,2021-09-30 11:24:58,11900.0,1000.0,314405.0
55,2021-09-30 11:24:37,11900.0,60.0,313405.0
56,2021-09-30 11:24:04,11900.0,2000.0,313345.0
57,2021-09-30 11:23:47,11900.0,800.0,311345.0
58,2021-09-30 11:23:15,11900.0,100.0,310545.0
59,2021-09-30 11:21:37,11900.0,500.0,310445.0
60,2021-09-30 11:18:03,11900.0,10.0,309945.0
61,2021-09-30 11:16:02,11900.0,100.0,309935.0
62,2021-09-30 11:15:51,11900.0,1700.0,309835.0
63,2021-09-30 11:15:26,11900.0,300.0,308135.0
64,2021-09-30 11:15:10,11900.0,300.0,307835.0
65,2021-09-30 11:13:38,11900.0,8300.0,307535.0
66,2021-09-30 11:12:21,11900.0,100.0,299235.0
67,2021-09-30 11:11:57,11900.0,200.0,299135.0
68,2021-09-30 11:11:10,11900.0,1000.0,298935.0
69,2021-09-30 11:09:11,11800.0,1100.0,297935.0
70,2021-09-30 11:08:02,11700.0,200.0,296835.0
71,2021-09-30 11:06:52,11800.0,5000.0,296635.0
72,2021-09-30 11:04:01,11800.0,100.0,291635.0
73,2021-09-30 11:02:29,11800.0,7600.0,291535.0
74,2021-09-30 11:01:30,11800.0,100.0,283935.0
75,2021-09-30 11:01:08,11800.0,1000.0,283835.0
76,2021-09-30 10:56:58,11700.0,1000.0,282835.0
77,2021-09-30 10:50:09,11800.0,1000.0,281835.0
78,2021-09-30 10:49:35,11800.0,100.0,280835.0
79,2021-09-30 10:47:30,11600.0,5400.0,280735.0
80,2021-09-30 10:47:16,11700.0,5600.0,275335.0
81,2021-09-30 10:46:42,11700.0,400.0,269735.0
82,2021-09-30 10:45:08,11700.0,1000.0,269335.0
83,2021-09-30 10:43:25,11700.0,200.0,268335.0
84,2021-09-30 10:41:31,11700.0,5300.0,268135.0
85,2021-09-30 10:41:19,11700.0,400.0,262835.0
86,2021-09-30 10:40:33,11700.0,2000.0,262435.0
87,2021-09-30 10:40:24,11800.0,200.0,260435.0
88,2021-09-30 10:39:15,11700.0,900.0,260235.0
89,2021-09-30 10:38:54,11700.0,300.0,259335.0
90,2021-09-30 10:38:50,11700.0,8800.0,259035.0
91,2021-09-30 10:37:49,11800.0,200.0,250235.0
92,2021-09-30 10:37:37,11800.0,200.0,250035.0
93,2021-09-30 10:36:41,11800.0,300.0,249835.0
94,2021-09-30 10:36:26,11800.0,100.0,249535.0
95,2021-09-30 10:35:21,11700.0,3000.0,249435.0
96,2021-09-30 10:34:52,11800.0,100.0,246435.0
97,2021-09-30 10:33:25,11800.0,100.0,246335.0
98,2021-09-30 10:32:38,11800.0,2000.0,246235.0
99,2021-09-30 10:31:24,11900.0,2000.0,244235.0
100,2021-09-30 10:30:45,11900.0,500.0,242235.0
101,2021-09-30 10:30:42,11900.0,200.0,241735.0
102,2021-09-30 10:30:03,11900.0,200.0,241535.0
103,2021-09-30 10:29:36,11800.0,3100.0,241335.0
104,2021-09-30 10:29:32,11800.0,100.0,238235.0
105,2021-09-30 10:29:24,11800.0,1000.0,238135.0
106,2021-09-30 10:29:15,11800.0,100.0,237135.0
107,2021-09-30 10:29:04,11800.0,1600.0,237035.0
108,2021-09-30 10:28:59,11700.0,100.0,235435.0
109,2021-09-30 10:28:18,11700.0,100.0,235335.0
110,2021-09-30 10:28:15,11700.0,400.0,235235.0
111,2021-09-30 10:28:10,11700.0,2500.0,234835.0
112,2021-09-30 10:27:56,11700.0,100.0,232335.0
113,2021-09-30 10:27:22,11700.0,1000.0,232235.0
114,2021-09-30 10:26:10,11800.0,100.0,231235.0
115,2021-09-30 10:26:07,11800.0,2700.0,231135.0
116,2021-09-30 10:26:05,11800.0,2000.0,228435.0
117,2021-09-30 10:25:15,11800.0,500.0,226435.0
118,2021-09-30 10:25:03,11800.0,1000.0,225935.0
119,2021-09-30 10:23:09,11900.0,13500.0,224935.0
120,2021-09-30 10:22:43,11900.0,3800.0,211435.0
121,2021-09-30 10:21:20,11900.0,200.0,207635.0
122,2021-09-30 10:19:18,11900.0,5000.0,207435.0
123,2021-09-30 10:19:00,12000.0,40.0,202435.0
124,2021-09-30 10:18:56,12000.0,100.0,202395.0
125,2021-09-30 10:17:50,12000.0,100.0,202295.0
126,2021-09-30 10:17:48,12000.0,1000.0,202195.0
127,2021-09-30 10:17:39,12000.0,300.0,201195.0
128,2021-09-30 10:17:29,12000.0,100.0,200895.0
129,2021-09-30 10:17:11,12000.0,1000.0,200795.0
130,2021-09-30 10:16:43,12000.0,300.0,199795.0
131,2021-09-30 10:16:16,12000.0,500.0,199495.0
132,2021-09-30 10:13:59,11900.0,100.0,198995.0
133,2021-09-30 10:13:23,11900.0,200.0,198895.0
134,2021-09-30 10:08:26,11900.0,100.0,198695.0
135,2021-09-30 10:07:22,11900.0,500.0,198595.0
136,2021-09-30 10:06:07,11900.0,500.0,198095.0
137,2021-09-30 10:05:07,11900.0,500.0,197595.0
138,2021-09-30 10:04:28,11900.0,100.0,197095.0
139,2021-09-30 10:04:03,11900.0,4000.0,196995.0
140,2021-09-30 10:03:08,11900.0,35.0,192995.0
141,2021-09-30 10:03:02,11900.0,1000.0,192960.0
142,2021-09-30 10:02:32,12000.0,700.0,191960.0
143,2021-09-30 10:01:35,12000.0,4300.0,191260.0
144,2021-09-30 10:01:16,12000.0,5000.0,186960.0
145,2021-09-30 10:00:54,12000.0,34.0,181960.0
146,2021-09-30 10:00:24,12000.0,1000.0,181926.0
147,2021-09-30 09:59:27,12000.0,3000.0,180926.0
148,2021-09-30 09:59:11,12000.0,2000.0,177926.0
149,2021-09-30 09:59:10,12000.0,4000.0,175926.0
150,2021-09-30 09:58:49,12000.0,1000.0,171926.0
151,2021-09-30 09:58:42,12000.0,3800.0,170926.0
152,2021-09-30 09:53:58,12100.0,300.0,167126.0
153,2021-09-30 09:53:39,12100.0,200.0,166826.0
154,2021-09-30 09:53:20,12100.0,100.0,166626.0
155,2021-09-30 09:51:55,12100.0,16.0,166526.0
156,2021-09-30 09:51:39,12100.0,500.0,166510.0
157,2021-09-30 09:51:37,12100.0,200.0,166010.0
158,2021-09-30 09:51:22,12100.0,100.0,165810.0
159,2021-09-30 09:49:57,12100.0,50.0,165710.0
160,2021-09-30 09:49:05,12100.0,2000.0,165660.0
161,2021-09-30 09:48:53,12000.0,10000.0,163660.0
162,2021-09-30 09:48:43,12000.0,2000.0,153660.0
163,2021-09-30 09:48:20,12000.0,2500.0,151660.0
164,2021-09-30 09:47:48,12100.0,1000.0,149160.0
165,2021-09-30 09:45:44,12100.0,200.0,148160.0
166,2021-09-30 09:45:40,12100.0,300.0,147960.0
167,2021-09-30 09:44:38,12100.0,1000.0,147660.0
168,2021-09-30 09:44:27,12100.0,5000.0,146660.0
169,2021-09-30 09:43:45,12100.0,3000.0,141660.0
170,2021-09-30 09:42:55,12100.0,1000.0,138660.0
171,2021-09-30 09:42:49,12100.0,14.0,137660.0
172,2021-09-30 09:42:35,12100.0,200.0,137646.0
173,2021-09-30 09:41:52,12100.0,900.0,137446.0
174,2021-09-30 09:41:19,12200.0,300.0,136546.0
175,2021-09-30 09:40:42,12200.0,600.0,136246.0
176,2021-09-30 09:40:25,12200.0,8000.0,135646.0
177,2021-09-30 09:40:16,12200.0,200.0,127646.0
178,2021-09-30 09:38:47,12200.0,300.0,127446.0
179,2021-09-30 09:38:14,12200.0,100.0,127146.0
180,2021-09-30 09:37:36,12200.0,7600.0,127046.0
181,2021-09-30 09:36:49,12200.0,100.0,119446.0
182,2021-09-30 09:36:24,12200.0,2000.0,119346.0
183,2021-09-30 09:36:07,12200.0,1000.0,117346.0
184,2021-09-30 09:34:53,12100.0,100.0,116346.0
185,2021-09-30 09:34:49,12200.0,100.0,116246.0
186,2021-09-30 09:34:44,12200.0,1000.0,116146.0
187,2021-09-30 09:34:19,12200.0,1000.0,115146.0
188,2021-09-30 09:34:17,12200.0,600.0,114146.0
189,2021-09-30 09:34:16,12100.0,200.0,113546.0
190,2021-09-30 09:34:11,12200.0,300.0,113346.0
191,2021-09-30 09:34:00,12200.0,100.0,113046.0
192,2021-09-30 09:33:49,12200.0,2600.0,112946.0
193,2021-09-30 09:33:32,12200.0,2000.0,110346.0
194,2021-09-30 09:33:24,12200.0,2000.0,108346.0
195,2021-09-30 09:32:16,12200.0,100.0,106346.0
196,2021-09-30 09:32:10,12200.0,100.0,106246.0
197,2021-09-30 09:31:49,12200.0,500.0,106146.0
198,2021-09-30 09:31:44,12200.0,500.0,105646.0
199,2021-09-30 09:30:54,12300.0,1000.0,105146.0
200,2021-09-30 09:30:06,12300.0,900.0,104146.0
201,2021-09-30 09:30:04,12300.0,100.0,103246.0
202,2021-09-30 09:29:48,12300.0,2100.0,103146.0
203,2021-09-30 09:29:42,12300.0,100.0,101046.0
204,2021-09-30 09:29:37,12300.0,100.0,100946.0
205,2021-09-30 09:29:27,12300.0,1000.0,100846.0
206,2021-09-30 09:29:25,12300.0,100.0,99846.0
207,2021-09-30 09:29:16,12300.0,1000.0,99746.0
208,2021-09-30 09:29:05,12300.0,5000.0,98746.0
209,2021-09-30 09:29:01,12300.0,1000.0,93746.0
210,2021-09-30 09:29:00,12300.0,500.0,92746.0
211,2021-09-30 09:28:26,12300.0,1000.0,92246.0
212,2021-09-30 09:28:12,12300.0,1000.0,91246.0
213,2021-09-30 09:28:06,12300.0,1000.0,90246.0
214,2021-09-30 09:27:42,12300.0,10000.0,89246.0
215,2021-09-30 09:26:07,12400.0,800.0,79246.0
216,2021-09-30 09:24:01,12300.0,1000.0,78446.0
217,2021-09-30 09:22:19,12300.0,12.0,77446.0
218,2021-09-30 09:22:04,12300.0,200.0,77434.0
219,2021-09-30 09:21:42,12300.0,200.0,77234.0
220,2021-09-30 09:21:31,12400.0,200.0,77034.0
221,2021-09-30 09:21:23,12300.0,44.0,76834.0
222,2021-09-30 09:20:15,12300.0,15.0,76790.0
223,2021-09-30 09:19:59,12300.0,50.0,76775.0
224,2021-09-30 09:18:09,12300.0,1400.0,76725.0
225,2021-09-30 09:17:53,12300.0,900.0,75325.0
226,2021-09-30 09:17:45,12300.0,100.0,74425.0
227,2021-09-30 09:17:41,12300.0,400.0,74325.0
228,2021-09-30 09:16:20,12300.0,600.0,73925.0
229,2021-09-30 09:16:11,12400.0,600.0,73325.0
230,2021-09-30 09:15:39,12400.0,11500.0,72725.0
231,2021-09-30 09:15:35,12300.0,600.0,61225.0
232,2021-09-30 09:15:11,12300.0,200.0,60625.0
233,2021-09-30 09:12:51,12300.0,25.0,60425.0
234,2021-09-30 09:12:41,12300.0,2800.0,60400.0
235,2021-09-30 09:12:28,12400.0,200.0,57600.0
236,2021-09-30 09:12:23,12400.0,1000.0,57400.0
237,2021-09-30 09:12:00,12400.0,600.0,56400.0
238,2021-09-30 09:11:51,12400.0,200.0,55800.0
239,2021-09-30 09:11:09,12400.0,100.0,55600.0
240,2021-09-30 09:10:53,12400.0,100.0,55500.0
241,2021-09-30 09:10:41,12400.0,800.0,55400.0
242,2021-09-30 09:10:30,12400.0,200.0,54600.0
243,2021-09-30 09:10:16,12400.0,6000.0,54400.0
244,2021-09-30 09:09:59,12400.0,1100.0,48400.0
245,2021-09-30 09:09:46,12400.0,4000.0,47300.0
246,2021-09-30 09:09:42,12400.0,900.0,43300.0
247,2021-09-30 09:09:17,12400.0,100.0,42400.0
248,2021-09-30 09:09:07,12400.0,700.0,42300.0
249,2021-09-30 09:09:06,12400.0,300.0,41600.0
250,2021-09-30 09:08:56,12400.0,100.0,41300.0
251,2021-09-30 09:08:50,12400.0,1000.0,41200.0
252,2021-09-30 09:07:58,12400.0,2100.0,40200.0
253,2021-09-30 09:07:53,12400.0,2900.0,38100.0
254,2021-09-30 09:07:44,12200.0,300.0,35200.0
255,2021-09-30 09:07:17,12200.0,200.0,34900.0
256,2021-09-30 09:07:11,12200.0,100.0,34700.0
257,2021-09-30 09:06:53,12200.0,700.0,34600.0
258,2021-09-30 09:06:32,12200.0,100.0,33900.0
259,2021-09-30 09:06:22,12200.0,9200.0,33800.0
260,2021-09-30 09:06:08,12200.0,2000.0,24600.0
261,2021-09-30 09:05:07,12200.0,2000.0,22600.0
262,2021-09-30 09:04:23,12200.0,500.0,20600.0
263,2021-09-30 09:04:22,12200.0,6600.0,20100.0
264,2021-09-30 09:04:11,12100.0,100.0,13500.0
265,2021-09-30 09:04:10,12200.0,100.0,13400.0
266,2021-09-30 09:03:48,12200.0,500.0,13300.0
267,2021-09-30 09:03:39,12200.0,2900.0,12800.0
268,2021-09-30 09:03:37,12100.0,100.0,9900.0
269,2021-09-30 09:03:26,12200.0,2000.0,9800.0
270,2021-09-30 09:03:19,12200.0,1000.0,7800.0
271,2021-09-30 09:03:10,12200.0,100.0,6800.0
272,2021-09-30 09:02:51,12200.0,100.0,6700.0
273,2021-09-30 09:02:26,12200.0,100.0,6600.0
274,2021-09-30 09:02:21,12200.0,200.0,6500.0
275,2021-09-30 09:01:58,12200.0,200.0,6300.0
276,2021-09-30 09:01:50,12200.0,200.0,6100.0
277,2021-09-30 09:01:24,12200.0,500.0,5900.0
278,2021-09-30 09:01:04,12400.0,800.0,5400.0
279,2021-09-30 09:00:26,12400.0,300.0,4600.0
280,2021-09-30 09:00:21,12200.0,3600.0,4300.0
281,2021-09-30 09:00:19,12200.0,100.0,700.0
282,2021-09-30 09:00:05,12000.0,600.0,600.0
