,Time,Price,Volume_per_trade,Volume
0,2021-10-07 14:48:42,12900.0,500.0,559642.0
1,2021-10-07 14:45:01,12900.0,7400.0,559142.0
2,2021-10-07 14:29:15,12900.0,500.0,551742.0
3,2021-10-07 14:28:15,12900.0,400.0,551242.0
4,2021-10-07 14:28:10,12800.0,1000.0,550842.0
5,2021-10-07 14:27:38,12900.0,2600.0,549842.0
6,2021-10-07 14:27:22,12900.0,200.0,547242.0
7,2021-10-07 14:25:49,12900.0,300.0,547042.0
8,2021-10-07 14:25:00,12900.0,900.0,546742.0
9,2021-10-07 14:24:06,12900.0,13600.0,545842.0
10,2021-10-07 14:22:40,12900.0,5500.0,532242.0
11,2021-10-07 14:15:57,12900.0,1000.0,526742.0
12,2021-10-07 14:15:35,12900.0,2000.0,525742.0
13,2021-10-07 14:13:20,12800.0,200.0,523742.0
14,2021-10-07 14:10:18,12900.0,500.0,523542.0
15,2021-10-07 14:10:07,12900.0,2000.0,523042.0
16,2021-10-07 14:09:44,12900.0,5000.0,521042.0
17,2021-10-07 14:09:30,12900.0,5000.0,516042.0
18,2021-10-07 14:07:26,12900.0,4000.0,511042.0
19,2021-10-07 14:05:11,12900.0,1800.0,507042.0
20,2021-10-07 14:03:49,12800.0,800.0,505242.0
21,2021-10-07 14:03:42,12800.0,500.0,504442.0
22,2021-10-07 14:02:37,12800.0,200.0,503942.0
23,2021-10-07 14:00:51,12800.0,1000.0,503742.0
24,2021-10-07 14:00:50,12800.0,800.0,502742.0
25,2021-10-07 14:00:25,12800.0,1400.0,501942.0
26,2021-10-07 13:59:54,12800.0,1000.0,500542.0
27,2021-10-07 13:58:43,12800.0,1400.0,499542.0
28,2021-10-07 13:58:10,12800.0,2800.0,498142.0
29,2021-10-07 13:57:15,12800.0,200.0,495342.0
30,2021-10-07 13:56:39,12800.0,10000.0,495142.0
31,2021-10-07 13:56:05,12800.0,10000.0,485142.0
32,2021-10-07 13:54:57,12800.0,5000.0,475142.0
33,2021-10-07 13:54:15,12800.0,200.0,470142.0
34,2021-10-07 13:52:27,12900.0,700.0,469942.0
35,2021-10-07 13:51:52,12800.0,2000.0,469242.0
36,2021-10-07 13:51:12,12800.0,100.0,467242.0
37,2021-10-07 13:50:26,12900.0,200.0,467142.0
38,2021-10-07 13:49:52,12900.0,300.0,466942.0
39,2021-10-07 13:47:11,12900.0,500.0,466642.0
40,2021-10-07 13:46:19,12900.0,1000.0,466142.0
41,2021-10-07 13:44:56,12900.0,200.0,465142.0
42,2021-10-07 13:44:27,12800.0,100.0,464942.0
43,2021-10-07 13:44:02,12800.0,100.0,464842.0
44,2021-10-07 13:43:28,12800.0,1000.0,464742.0
45,2021-10-07 13:43:13,12800.0,10000.0,463742.0
46,2021-10-07 13:42:46,12800.0,3900.0,453742.0
47,2021-10-07 13:42:26,12800.0,1300.0,449842.0
48,2021-10-07 13:37:57,12900.0,400.0,448542.0
49,2021-10-07 13:37:50,12900.0,500.0,448142.0
50,2021-10-07 13:36:48,12900.0,2000.0,447642.0
51,2021-10-07 13:36:44,12900.0,200.0,445642.0
52,2021-10-07 13:36:43,12900.0,100.0,445442.0
53,2021-10-07 13:36:34,12900.0,900.0,445342.0
54,2021-10-07 13:35:42,12900.0,1000.0,444442.0
55,2021-10-07 13:35:02,12900.0,300.0,443442.0
56,2021-10-07 13:34:27,12900.0,1000.0,443142.0
57,2021-10-07 13:33:52,12800.0,1500.0,442142.0
58,2021-10-07 13:32:25,12800.0,300.0,440642.0
59,2021-10-07 13:31:19,12800.0,500.0,440342.0
60,2021-10-07 13:31:04,12800.0,10700.0,439842.0
61,2021-10-07 13:30:13,12900.0,1000.0,429142.0
62,2021-10-07 13:28:30,12800.0,1000.0,428142.0
63,2021-10-07 13:28:10,12800.0,4000.0,427142.0
64,2021-10-07 13:27:58,12800.0,1000.0,423142.0
65,2021-10-07 13:27:17,12800.0,4900.0,422142.0
66,2021-10-07 13:25:35,12800.0,400.0,417242.0
67,2021-10-07 13:25:31,12800.0,300.0,416842.0
68,2021-10-07 13:24:29,12900.0,500.0,416542.0
69,2021-10-07 13:24:19,12800.0,500.0,416042.0
70,2021-10-07 13:24:09,12800.0,1000.0,415542.0
71,2021-10-07 13:23:54,12900.0,100.0,414542.0
72,2021-10-07 13:23:35,12900.0,1000.0,414442.0
73,2021-10-07 13:23:34,12900.0,400.0,413442.0
74,2021-10-07 13:23:31,12900.0,100.0,413042.0
75,2021-10-07 13:22:26,12900.0,1000.0,412942.0
76,2021-10-07 13:22:05,12900.0,12.0,411942.0
77,2021-10-07 13:22:00,12900.0,1000.0,411930.0
78,2021-10-07 13:21:32,12900.0,3000.0,410930.0
79,2021-10-07 13:18:36,12900.0,500.0,407930.0
80,2021-10-07 13:16:33,12900.0,300.0,407430.0
81,2021-10-07 13:11:18,12900.0,1400.0,407130.0
82,2021-10-07 13:10:58,12900.0,100.0,405730.0
83,2021-10-07 13:08:19,12900.0,200.0,405630.0
84,2021-10-07 13:07:13,12900.0,1800.0,405430.0
85,2021-10-07 13:06:29,12900.0,2800.0,403630.0
86,2021-10-07 13:05:11,12900.0,500.0,400830.0
87,2021-10-07 13:04:24,12900.0,10000.0,400330.0
88,2021-10-07 13:00:03,13000.0,2000.0,390330.0
89,2021-10-07 11:22:40,13000.0,300.0,388330.0
90,2021-10-07 11:22:38,13000.0,1000.0,388030.0
91,2021-10-07 11:22:15,13000.0,500.0,387030.0
92,2021-10-07 11:22:10,13000.0,300.0,386530.0
93,2021-10-07 11:22:08,13000.0,7000.0,386230.0
94,2021-10-07 11:22:04,13000.0,3000.0,379230.0
95,2021-10-07 11:21:50,13000.0,5300.0,376230.0
96,2021-10-07 11:18:53,13000.0,1000.0,370930.0
97,2021-10-07 11:17:44,13000.0,900.0,369930.0
98,2021-10-07 11:16:31,12900.0,900.0,369030.0
99,2021-10-07 11:15:45,12900.0,18.0,368130.0
100,2021-10-07 11:15:04,12900.0,12.0,368112.0
101,2021-10-07 11:13:10,12900.0,10000.0,368100.0
102,2021-10-07 11:11:43,13000.0,200.0,358100.0
103,2021-10-07 11:09:53,13000.0,500.0,357900.0
104,2021-10-07 11:09:35,13000.0,500.0,357400.0
105,2021-10-07 11:09:22,13000.0,1000.0,356900.0
106,2021-10-07 11:07:50,13000.0,300.0,355900.0
107,2021-10-07 10:59:09,13000.0,600.0,355600.0
108,2021-10-07 10:56:26,13000.0,1000.0,355000.0
109,2021-10-07 10:56:06,13000.0,1000.0,354000.0
110,2021-10-07 10:55:45,13000.0,100.0,353000.0
111,2021-10-07 10:55:36,13000.0,500.0,352900.0
112,2021-10-07 10:55:25,13000.0,100.0,352400.0
113,2021-10-07 10:54:51,13000.0,1800.0,352300.0
114,2021-10-07 10:54:43,12900.0,100.0,350500.0
115,2021-10-07 10:53:05,13000.0,5000.0,350400.0
116,2021-10-07 10:52:08,13000.0,2000.0,345400.0
117,2021-10-07 10:51:00,13000.0,2.0,343400.0
118,2021-10-07 10:50:07,13000.0,1000.0,343398.0
119,2021-10-07 10:50:01,13000.0,100.0,342398.0
120,2021-10-07 10:48:53,13000.0,1000.0,342298.0
121,2021-10-07 10:48:32,13000.0,100.0,341298.0
122,2021-10-07 10:48:17,13000.0,500.0,341198.0
123,2021-10-07 10:48:04,13000.0,100.0,340698.0
124,2021-10-07 10:47:48,13000.0,2600.0,340598.0
125,2021-10-07 10:45:26,13000.0,2000.0,337998.0
126,2021-10-07 10:45:11,13100.0,500.0,335998.0
127,2021-10-07 10:44:38,13100.0,600.0,335498.0
128,2021-10-07 10:44:02,13000.0,100.0,334898.0
129,2021-10-07 10:43:58,13000.0,1400.0,334798.0
130,2021-10-07 10:43:43,13000.0,100.0,333398.0
131,2021-10-07 10:42:39,13000.0,100.0,333298.0
132,2021-10-07 10:42:38,13000.0,400.0,333198.0
133,2021-10-07 10:42:25,13000.0,1600.0,332798.0
134,2021-10-07 10:42:00,13100.0,200.0,331198.0
135,2021-10-07 10:41:28,13100.0,300.0,330998.0
136,2021-10-07 10:40:54,13100.0,1000.0,330698.0
137,2021-10-07 10:40:43,13000.0,1200.0,329698.0
138,2021-10-07 10:40:10,13000.0,1000.0,328498.0
139,2021-10-07 10:40:03,13000.0,1500.0,327498.0
140,2021-10-07 10:39:50,13000.0,1000.0,325998.0
141,2021-10-07 10:39:43,13000.0,2000.0,324998.0
142,2021-10-07 10:39:33,13000.0,400.0,322998.0
143,2021-10-07 10:39:25,13000.0,400.0,322598.0
144,2021-10-07 10:39:05,13000.0,2000.0,322198.0
145,2021-10-07 10:38:22,13000.0,500.0,320198.0
146,2021-10-07 10:38:17,13000.0,4500.0,319698.0
147,2021-10-07 10:37:56,13000.0,2000.0,315198.0
148,2021-10-07 10:37:52,13000.0,100.0,313198.0
149,2021-10-07 10:37:38,13000.0,7300.0,313098.0
150,2021-10-07 10:33:04,12900.0,600.0,305798.0
151,2021-10-07 10:31:17,12900.0,100.0,305198.0
152,2021-10-07 10:30:49,12900.0,1400.0,305098.0
153,2021-10-07 10:30:38,12900.0,200.0,303698.0
154,2021-10-07 10:30:00,12800.0,50000.0,303498.0
155,2021-10-07 10:29:56,12900.0,4300.0,253498.0
156,2021-10-07 10:29:46,12900.0,1200.0,249198.0
157,2021-10-07 10:29:39,12900.0,100.0,247998.0
158,2021-10-07 10:28:45,12900.0,2000.0,247898.0
159,2021-10-07 10:27:49,12900.0,100.0,245898.0
160,2021-10-07 10:27:25,12900.0,900.0,245798.0
161,2021-10-07 10:27:04,12900.0,500.0,244898.0
162,2021-10-07 10:26:58,12900.0,1100.0,244398.0
163,2021-10-07 10:26:39,12900.0,500.0,243298.0
164,2021-10-07 10:26:23,12900.0,8300.0,242798.0
165,2021-10-07 10:26:11,13000.0,2000.0,234498.0
166,2021-10-07 10:25:57,13000.0,500.0,232498.0
167,2021-10-07 10:25:53,13000.0,5000.0,231998.0
168,2021-10-07 10:25:36,13000.0,100.0,226998.0
169,2021-10-07 10:24:39,12900.0,2000.0,226898.0
170,2021-10-07 10:24:38,12900.0,200.0,224898.0
171,2021-10-07 10:22:42,12900.0,1000.0,224698.0
172,2021-10-07 10:22:13,12900.0,700.0,223698.0
173,2021-10-07 10:21:49,12900.0,1000.0,222998.0
174,2021-10-07 10:20:37,12900.0,2000.0,221998.0
175,2021-10-07 10:19:43,12900.0,3900.0,219998.0
176,2021-10-07 10:19:27,12900.0,500.0,216098.0
177,2021-10-07 10:19:02,12900.0,100.0,215598.0
178,2021-10-07 10:18:45,12900.0,200.0,215498.0
179,2021-10-07 10:17:59,13000.0,3100.0,215298.0
180,2021-10-07 10:17:50,13000.0,1200.0,212198.0
181,2021-10-07 10:17:36,13000.0,100.0,210998.0
182,2021-10-07 10:16:59,13100.0,2000.0,210898.0
183,2021-10-07 10:16:36,13000.0,200.0,208898.0
184,2021-10-07 10:15:40,13100.0,200.0,208698.0
185,2021-10-07 10:15:28,13100.0,8.0,208498.0
186,2021-10-07 10:15:10,13100.0,4200.0,208490.0
187,2021-10-07 10:15:01,13200.0,200.0,204290.0
188,2021-10-07 10:14:53,13200.0,90.0,204090.0
189,2021-10-07 10:14:03,13200.0,5000.0,204000.0
190,2021-10-07 10:12:34,13200.0,100.0,199000.0
191,2021-10-07 10:12:16,13200.0,4700.0,198900.0
192,2021-10-07 10:10:40,13300.0,9400.0,194200.0
193,2021-10-07 10:10:11,13300.0,2000.0,184800.0
194,2021-10-07 10:10:04,13300.0,900.0,182800.0
195,2021-10-07 10:10:01,13200.0,1000.0,181900.0
196,2021-10-07 10:09:55,13200.0,100.0,180900.0
197,2021-10-07 10:09:41,13300.0,100.0,180800.0
198,2021-10-07 10:09:31,13300.0,900.0,180700.0
199,2021-10-07 10:09:08,13200.0,5100.0,179800.0
200,2021-10-07 10:08:32,13100.0,1100.0,174700.0
201,2021-10-07 10:08:28,13100.0,100.0,173600.0
202,2021-10-07 10:08:16,13000.0,3400.0,173500.0
203,2021-10-07 10:08:14,13000.0,2000.0,170100.0
204,2021-10-07 10:08:08,13000.0,4100.0,168100.0
205,2021-10-07 10:08:00,13000.0,2900.0,164000.0
206,2021-10-07 10:07:55,13000.0,1000.0,161100.0
207,2021-10-07 10:07:54,13000.0,1200.0,160100.0
208,2021-10-07 10:07:48,13000.0,500.0,158900.0
209,2021-10-07 10:07:36,12900.0,100.0,158400.0
210,2021-10-07 10:07:35,12900.0,500.0,158300.0
211,2021-10-07 10:07:34,12900.0,1000.0,157800.0
212,2021-10-07 10:07:17,12800.0,900.0,156800.0
213,2021-10-07 10:07:15,12800.0,1000.0,155900.0
214,2021-10-07 10:07:13,12800.0,500.0,154900.0
215,2021-10-07 10:07:12,12800.0,2000.0,154400.0
216,2021-10-07 10:07:11,12800.0,2000.0,152400.0
217,2021-10-07 10:07:10,12800.0,1000.0,150400.0
218,2021-10-07 10:07:08,12800.0,5200.0,149400.0
219,2021-10-07 10:07:07,12800.0,1300.0,144200.0
220,2021-10-07 10:07:05,12800.0,1000.0,142900.0
221,2021-10-07 10:07:04,12800.0,3200.0,141900.0
222,2021-10-07 10:07:01,12800.0,1000.0,138700.0
223,2021-10-07 10:07:00,12800.0,900.0,137700.0
224,2021-10-07 10:06:59,12800.0,4000.0,136800.0
225,2021-10-07 10:06:57,12800.0,500.0,132800.0
226,2021-10-07 10:06:56,12800.0,2000.0,132300.0
227,2021-10-07 10:06:52,12800.0,3000.0,130300.0
228,2021-10-07 10:06:50,12800.0,2000.0,127300.0
229,2021-10-07 10:06:47,12800.0,1300.0,125300.0
230,2021-10-07 10:06:37,12800.0,3000.0,124000.0
231,2021-10-07 10:06:32,12700.0,100.0,121000.0
232,2021-10-07 10:06:31,12700.0,2300.0,120900.0
233,2021-10-07 10:06:30,12700.0,500.0,118600.0
234,2021-10-07 10:06:29,12700.0,5000.0,118100.0
235,2021-10-07 10:06:28,12700.0,500.0,113100.0
236,2021-10-07 10:06:16,12700.0,500.0,112600.0
237,2021-10-07 10:06:13,12700.0,500.0,112100.0
238,2021-10-07 10:06:05,12700.0,2000.0,111600.0
239,2021-10-07 10:05:30,12700.0,500.0,109600.0
240,2021-10-07 10:05:10,12700.0,200.0,109100.0
241,2021-10-07 10:04:45,12700.0,5300.0,108900.0
242,2021-10-07 10:04:00,12600.0,400.0,103600.0
243,2021-10-07 10:03:58,12600.0,1000.0,103200.0
244,2021-10-07 10:03:32,12600.0,2000.0,102200.0
245,2021-10-07 10:02:49,12600.0,1600.0,100200.0
246,2021-10-07 10:00:05,12600.0,600.0,98600.0
247,2021-10-07 09:59:48,12600.0,1000.0,98000.0
248,2021-10-07 09:56:13,12600.0,800.0,97000.0
249,2021-10-07 09:53:54,12600.0,1000.0,96200.0
250,2021-10-07 09:53:13,12600.0,100.0,95200.0
251,2021-10-07 09:52:35,12600.0,300.0,95100.0
252,2021-10-07 09:49:57,12600.0,200.0,94800.0
253,2021-10-07 09:49:50,12600.0,500.0,94600.0
254,2021-10-07 09:48:48,12600.0,4300.0,94100.0
255,2021-10-07 09:48:25,12500.0,5000.0,89800.0
256,2021-10-07 09:46:53,12600.0,700.0,84800.0
257,2021-10-07 09:45:25,12600.0,100.0,84100.0
258,2021-10-07 09:44:40,12600.0,5000.0,84000.0
259,2021-10-07 09:43:33,12600.0,100.0,79000.0
260,2021-10-07 09:40:54,12600.0,700.0,78900.0
261,2021-10-07 09:40:44,12600.0,1000.0,78200.0
262,2021-10-07 09:39:51,12600.0,300.0,77200.0
263,2021-10-07 09:37:48,12600.0,1400.0,76900.0
264,2021-10-07 09:37:46,12600.0,2000.0,75500.0
265,2021-10-07 09:37:15,12600.0,1000.0,73500.0
266,2021-10-07 09:36:24,12600.0,100.0,72500.0
267,2021-10-07 09:35:42,12600.0,100.0,72400.0
268,2021-10-07 09:35:38,12600.0,100.0,72300.0
269,2021-10-07 09:35:37,12600.0,200.0,72200.0
270,2021-10-07 09:35:08,12600.0,400.0,72000.0
271,2021-10-07 09:34:44,12500.0,4100.0,71600.0
272,2021-10-07 09:34:34,12500.0,10000.0,67500.0
273,2021-10-07 09:33:37,12600.0,3300.0,57500.0
274,2021-10-07 09:33:26,12600.0,2000.0,54200.0
275,2021-10-07 09:31:43,12600.0,3100.0,52200.0
276,2021-10-07 09:29:03,12500.0,4500.0,49100.0
277,2021-10-07 09:28:41,12500.0,6700.0,44600.0
278,2021-10-07 09:28:34,12600.0,300.0,37900.0
279,2021-10-07 09:28:18,12600.0,200.0,37600.0
280,2021-10-07 09:27:30,12600.0,2100.0,37400.0
281,2021-10-07 09:26:29,12600.0,2000.0,35300.0
282,2021-10-07 09:25:33,12600.0,100.0,33300.0
283,2021-10-07 09:23:54,12600.0,5000.0,33200.0
284,2021-10-07 09:22:15,12700.0,1300.0,28200.0
285,2021-10-07 09:21:58,12700.0,2000.0,26900.0
286,2021-10-07 09:20:15,12700.0,200.0,24900.0
287,2021-10-07 09:19:31,12700.0,1200.0,24700.0
288,2021-10-07 09:18:48,12700.0,100.0,23500.0
289,2021-10-07 09:18:44,12700.0,4100.0,23400.0
290,2021-10-07 09:17:23,12800.0,1000.0,19300.0
291,2021-10-07 09:16:43,12700.0,2000.0,18300.0
292,2021-10-07 09:16:00,12700.0,300.0,16300.0
293,2021-10-07 09:15:51,12700.0,2100.0,16000.0
294,2021-10-07 09:15:37,12700.0,800.0,13900.0
295,2021-10-07 09:15:27,12700.0,100.0,13100.0
296,2021-10-07 09:15:01,12700.0,1500.0,13000.0
297,2021-10-07 09:14:58,12700.0,500.0,11500.0
298,2021-10-07 09:14:37,12700.0,500.0,11000.0
299,2021-10-07 09:14:03,12600.0,1400.0,10500.0
300,2021-10-07 09:08:45,12500.0,900.0,9100.0
301,2021-10-07 09:07:56,12500.0,100.0,8200.0
302,2021-10-07 09:07:07,12500.0,600.0,8100.0
303,2021-10-07 09:06:27,12600.0,1800.0,7500.0
304,2021-10-07 09:05:05,12500.0,4700.0,5700.0
305,2021-10-07 09:04:54,12800.0,500.0,1000.0
306,2021-10-07 09:04:40,12800.0,500.0,500.0
