,Time,Price,Volume_per_trade,Volume
0,2021-10-18 07:45:01,15950.0,1700.0,2002500.0
1,2021-10-18 07:45:01,15950.0,5000.0,2000800.0
2,2021-10-18 07:45:01,15950.0,2000.0,1995800.0
3,2021-10-18 07:45:01,15950.0,2000.0,1993800.0
4,2021-10-18 07:45:01,15950.0,1100.0,1991800.0
5,2021-10-18 07:45:01,15950.0,11500.0,1990700.0
6,2021-10-18 07:45:01,15950.0,2600.0,1979200.0
7,2021-10-18 07:45:01,15950.0,1400.0,1976600.0
8,2021-10-18 07:45:01,15950.0,3600.0,1975200.0
9,2021-10-18 07:45:01,15950.0,500.0,1971600.0
10,2021-10-18 07:45:01,15950.0,500.0,1971100.0
11,2021-10-18 07:45:01,15950.0,200.0,1970600.0
12,2021-10-18 07:45:01,15950.0,10000.0,1970400.0
13,2021-10-18 07:45:01,15950.0,1500.0,1960400.0
14,2021-10-18 07:45:01,15950.0,7700.0,1958900.0
15,2021-10-18 07:45:01,15950.0,1000.0,1951200.0
16,2021-10-18 07:45:01,15950.0,200.0,1950200.0
17,2021-10-18 07:45:01,15950.0,1100.0,1950000.0
18,2021-10-18 07:28:52,15950.0,1000.0,1948900.0
19,2021-10-18 07:28:46,15950.0,5000.0,1947900.0
20,2021-10-18 07:28:45,15950.0,100.0,1942900.0
21,2021-10-18 07:28:37,15950.0,500.0,1942800.0
22,2021-10-18 07:28:18,15950.0,5000.0,1942300.0
23,2021-10-18 07:28:02,15950.0,1000.0,1937300.0
24,2021-10-18 07:27:40,15950.0,100.0,1936300.0
25,2021-10-18 07:27:36,15950.0,200.0,1936200.0
26,2021-10-18 07:27:24,15950.0,1000.0,1936000.0
27,2021-10-18 07:27:14,15950.0,1000.0,1935000.0
28,2021-10-18 07:27:13,15950.0,1000.0,1934000.0
29,2021-10-18 07:27:13,15950.0,1000.0,1933000.0
30,2021-10-18 07:26:38,15950.0,500.0,1932000.0
31,2021-10-18 07:25:31,15950.0,500.0,1931500.0
32,2021-10-18 07:24:54,15950.0,2000.0,1931000.0
33,2021-10-18 07:24:48,15950.0,600.0,1929000.0
34,2021-10-18 07:24:48,15950.0,400.0,1928400.0
35,2021-10-18 07:24:40,15950.0,700.0,1928000.0
36,2021-10-18 07:24:39,15950.0,800.0,1927300.0
37,2021-10-18 07:24:32,15950.0,1300.0,1926500.0
38,2021-10-18 07:24:32,15950.0,4700.0,1925200.0
39,2021-10-18 07:23:24,15950.0,800.0,1920500.0
40,2021-10-18 07:22:55,15950.0,300.0,1919700.0
41,2021-10-18 07:22:55,15950.0,1000.0,1919400.0
42,2021-10-18 07:22:51,15950.0,2000.0,1918400.0
43,2021-10-18 07:22:44,15950.0,1000.0,1916400.0
44,2021-10-18 07:22:35,15950.0,500.0,1915400.0
45,2021-10-18 07:22:35,15950.0,500.0,1914900.0
46,2021-10-18 07:22:29,15950.0,500.0,1914400.0
47,2021-10-18 07:22:11,15950.0,1500.0,1913900.0
48,2021-10-18 07:21:59,15950.0,900.0,1912400.0
49,2021-10-18 07:21:59,15950.0,1000.0,1911500.0
50,2021-10-18 07:21:59,15950.0,600.0,1910500.0
51,2021-10-18 07:21:47,15950.0,2000.0,1909900.0
52,2021-10-18 07:21:45,15950.0,100.0,1907900.0
53,2021-10-18 07:20:49,15950.0,300.0,1907800.0
54,2021-10-18 07:20:45,15950.0,100.0,1907500.0
55,2021-10-18 07:20:44,15950.0,600.0,1907400.0
56,2021-10-18 07:20:09,15950.0,3000.0,1906800.0
57,2021-10-18 07:20:05,15950.0,900.0,1903800.0
58,2021-10-18 07:19:57,15950.0,500.0,1902900.0
59,2021-10-18 07:19:35,15950.0,5000.0,1902400.0
60,2021-10-18 07:19:35,15950.0,10000.0,1897400.0
61,2021-10-18 07:19:26,15950.0,2000.0,1887400.0
62,2021-10-18 07:18:46,16000.0,700.0,1885400.0
63,2021-10-18 07:18:46,15950.0,700.0,1884700.0
64,2021-10-18 07:18:46,15950.0,3100.0,1884000.0
65,2021-10-18 07:18:46,15950.0,100.0,1880900.0
66,2021-10-18 07:18:46,15950.0,1400.0,1880800.0
67,2021-10-18 07:18:35,15950.0,100.0,1879400.0
68,2021-10-18 07:18:01,15950.0,100.0,1879300.0
69,2021-10-18 07:17:11,15950.0,100.0,1879200.0
70,2021-10-18 07:17:11,15950.0,400.0,1879100.0
71,2021-10-18 07:17:11,15950.0,200.0,1878700.0
72,2021-10-18 07:17:11,15950.0,1400.0,1878500.0
73,2021-10-18 07:17:03,15950.0,5000.0,1877100.0
74,2021-10-18 07:16:15,15950.0,1000.0,1872100.0
75,2021-10-18 07:15:50,15950.0,300.0,1871100.0
76,2021-10-18 07:15:31,15950.0,1000.0,1870800.0
77,2021-10-18 07:14:21,15950.0,500.0,1869800.0
78,2021-10-18 07:13:36,15900.0,1000.0,1869300.0
79,2021-10-18 07:13:16,15950.0,1000.0,1868300.0
80,2021-10-18 07:13:16,15950.0,1000.0,1867300.0
81,2021-10-18 07:13:16,15950.0,300.0,1866300.0
82,2021-10-18 07:13:16,15950.0,10000.0,1866000.0
83,2021-10-18 07:13:16,15950.0,500.0,1856000.0
84,2021-10-18 07:13:16,15950.0,200.0,1855500.0
85,2021-10-18 07:13:16,15950.0,1000.0,1855300.0
86,2021-10-18 07:13:16,15950.0,100.0,1854300.0
87,2021-10-18 07:13:16,15950.0,500.0,1854200.0
88,2021-10-18 07:13:16,15950.0,10000.0,1853700.0
89,2021-10-18 07:13:16,15950.0,2000.0,1843700.0
90,2021-10-18 07:13:16,15950.0,14200.0,1841700.0
91,2021-10-18 07:13:08,15950.0,1900.0,1827500.0
92,2021-10-18 07:13:08,15950.0,1100.0,1825600.0
93,2021-10-18 07:13:05,15950.0,2800.0,1824500.0
94,2021-10-18 07:13:05,15950.0,100.0,1821700.0
95,2021-10-18 07:12:41,15950.0,900.0,1821600.0
96,2021-10-18 07:12:41,15950.0,2100.0,1820700.0
97,2021-10-18 07:12:38,15950.0,3500.0,1818600.0
98,2021-10-18 07:12:27,15950.0,4400.0,1815100.0
99,2021-10-18 07:12:27,15950.0,600.0,1810700.0
100,2021-10-18 07:12:07,15950.0,700.0,1810100.0
101,2021-10-18 07:11:40,15950.0,400.0,1809400.0
102,2021-10-18 07:11:20,16000.0,1000.0,1809000.0
103,2021-10-18 07:10:57,15950.0,1300.0,1808000.0
104,2021-10-18 07:10:54,15950.0,2000.0,1806700.0
105,2021-10-18 07:10:40,15950.0,500.0,1804700.0
106,2021-10-18 07:10:08,15950.0,1000.0,1804200.0
107,2021-10-18 07:09:58,15950.0,1500.0,1803200.0
108,2021-10-18 07:09:46,15950.0,3000.0,1801700.0
109,2021-10-18 07:09:37,15950.0,200.0,1798700.0
110,2021-10-18 07:09:22,15950.0,1000.0,1798500.0
111,2021-10-18 07:09:16,16000.0,500.0,1797500.0
112,2021-10-18 07:07:52,16000.0,6500.0,1797000.0
113,2021-10-18 07:04:27,16000.0,3800.0,1790500.0
114,2021-10-18 07:04:27,16000.0,1200.0,1786700.0
115,2021-10-18 07:03:35,16000.0,1000.0,1785500.0
116,2021-10-18 07:02:36,16000.0,200.0,1784500.0
117,2021-10-18 07:02:32,16000.0,100.0,1784300.0
118,2021-10-18 07:01:44,16000.0,700.0,1784200.0
119,2021-10-18 06:59:31,16000.0,1000.0,1783500.0
120,2021-10-18 06:59:31,16000.0,1400.0,1782500.0
121,2021-10-18 06:59:31,16000.0,1000.0,1781100.0
122,2021-10-18 06:59:31,16000.0,800.0,1780100.0
123,2021-10-18 06:59:31,16000.0,1000.0,1779300.0
124,2021-10-18 06:59:31,16000.0,1000.0,1778300.0
125,2021-10-18 06:59:31,16000.0,1000.0,1777300.0
126,2021-10-18 06:59:31,16000.0,1000.0,1776300.0
127,2021-10-18 06:59:31,16000.0,1000.0,1775300.0
128,2021-10-18 06:59:31,16000.0,1000.0,1774300.0
129,2021-10-18 06:59:31,16000.0,1000.0,1773300.0
130,2021-10-18 06:59:31,16000.0,1000.0,1772300.0
131,2021-10-18 06:59:31,16000.0,1000.0,1771300.0
132,2021-10-18 06:59:31,16000.0,1000.0,1770300.0
133,2021-10-18 06:59:31,16000.0,1000.0,1769300.0
134,2021-10-18 06:59:31,16000.0,1000.0,1768300.0
135,2021-10-18 06:59:31,16000.0,600.0,1767300.0
136,2021-10-18 06:58:27,16050.0,100.0,1766700.0
137,2021-10-18 06:58:27,16050.0,500.0,1766600.0
138,2021-10-18 06:58:21,16000.0,400.0,1766100.0
139,2021-10-18 06:58:21,16000.0,100.0,1765700.0
140,2021-10-18 06:57:33,16000.0,1000.0,1765600.0
141,2021-10-18 06:57:33,16000.0,100.0,1764600.0
142,2021-10-18 06:57:33,16000.0,1000.0,1764500.0
143,2021-10-18 06:57:33,16000.0,300.0,1763500.0
144,2021-10-18 06:57:33,16000.0,100.0,1763200.0
145,2021-10-18 06:57:33,16000.0,300.0,1763100.0
146,2021-10-18 06:57:33,16000.0,100.0,1762800.0
147,2021-10-18 06:57:21,16000.0,900.0,1762700.0
148,2021-10-18 06:57:21,16000.0,1000.0,1761800.0
149,2021-10-18 06:57:21,16000.0,100.0,1760800.0
150,2021-10-18 06:55:29,16000.0,600.0,1760700.0
151,2021-10-18 06:55:15,16000.0,300.0,1760100.0
152,2021-10-18 06:55:15,16000.0,700.0,1759800.0
153,2021-10-18 06:55:02,16000.0,1100.0,1759100.0
154,2021-10-18 06:55:02,16000.0,900.0,1758000.0
155,2021-10-18 06:54:36,15950.0,7000.0,1757100.0
156,2021-10-18 06:54:29,16000.0,2100.0,1750100.0
157,2021-10-18 06:54:29,16000.0,2900.0,1748000.0
158,2021-10-18 06:54:06,16000.0,100.0,1745100.0
159,2021-10-18 06:53:48,16000.0,500.0,1745000.0
160,2021-10-18 06:53:01,16000.0,500.0,1744500.0
161,2021-10-18 06:52:32,15950.0,800.0,1744000.0
162,2021-10-18 06:52:24,16000.0,2500.0,1743200.0
163,2021-10-18 06:52:18,16000.0,100.0,1740700.0
164,2021-10-18 06:51:04,16000.0,2300.0,1740600.0
165,2021-10-18 06:51:04,16000.0,500.0,1738300.0
166,2021-10-18 06:51:04,16000.0,500.0,1737800.0
167,2021-10-18 06:51:04,16000.0,100.0,1737300.0
168,2021-10-18 06:50:34,16000.0,1000.0,1737200.0
169,2021-10-18 06:50:24,16000.0,200.0,1736200.0
170,2021-10-18 06:50:00,16000.0,100.0,1736000.0
171,2021-10-18 06:50:00,16000.0,400.0,1735900.0
172,2021-10-18 06:50:00,16000.0,4200.0,1735500.0
173,2021-10-18 06:49:47,16000.0,500.0,1731300.0
174,2021-10-18 06:49:20,16000.0,200.0,1730800.0
175,2021-10-18 06:49:15,16000.0,5000.0,1730600.0
176,2021-10-18 06:49:15,16000.0,100.0,1725600.0
177,2021-10-18 06:49:04,16000.0,500.0,1725500.0
178,2021-10-18 06:48:37,16050.0,200.0,1725000.0
179,2021-10-18 06:48:34,16000.0,700.0,1724800.0
180,2021-10-18 06:48:19,16000.0,200.0,1724100.0
181,2021-10-18 06:48:19,16000.0,400.0,1723900.0
182,2021-10-18 06:48:19,16000.0,100.0,1723500.0
183,2021-10-18 06:48:13,16000.0,1000.0,1723400.0
184,2021-10-18 06:48:12,16000.0,1900.0,1722400.0
185,2021-10-18 06:48:12,16000.0,400.0,1720500.0
186,2021-10-18 06:48:12,16000.0,3000.0,1720100.0
187,2021-10-18 06:48:12,16000.0,1700.0,1717100.0
188,2021-10-18 06:48:12,16000.0,100.0,1715400.0
189,2021-10-18 06:48:12,16000.0,100.0,1715300.0
190,2021-10-18 06:48:12,16000.0,1000.0,1715200.0
191,2021-10-18 06:48:12,16000.0,1800.0,1714200.0
192,2021-10-18 06:45:41,16000.0,5400.0,1712400.0
193,2021-10-18 06:45:41,16000.0,500.0,1707000.0
194,2021-10-18 06:45:41,16000.0,2300.0,1706500.0
195,2021-10-18 06:45:32,16000.0,2700.0,1704200.0
196,2021-10-18 06:45:32,16000.0,700.0,1701500.0
197,2021-10-18 06:44:24,16000.0,100.0,1700800.0
198,2021-10-18 06:44:23,16000.0,200.0,1700700.0
199,2021-10-18 06:44:23,16000.0,200.0,1700500.0
200,2021-10-18 06:44:23,16000.0,100.0,1700300.0
201,2021-10-18 06:43:02,16000.0,500.0,1700200.0
202,2021-10-18 06:43:01,16000.0,1000.0,1699700.0
203,2021-10-18 06:42:54,16000.0,1000.0,1698700.0
204,2021-10-18 06:42:37,16000.0,600.0,1697700.0
205,2021-10-18 06:42:37,16000.0,1000.0,1697100.0
206,2021-10-18 06:42:37,16000.0,100.0,1696100.0
207,2021-10-18 06:42:37,16000.0,300.0,1696000.0
208,2021-10-18 06:42:37,16000.0,400.0,1695700.0
209,2021-10-18 06:41:34,16000.0,100.0,1695300.0
210,2021-10-18 06:41:25,16000.0,300.0,1695200.0
211,2021-10-18 06:41:16,16000.0,2000.0,1694900.0
212,2021-10-18 06:41:01,16000.0,100.0,1692900.0
213,2021-10-18 06:40:59,16000.0,700.0,1692800.0
214,2021-10-18 06:40:59,16000.0,800.0,1692100.0
215,2021-10-18 06:40:35,16000.0,200.0,1691300.0
216,2021-10-18 06:40:28,16000.0,500.0,1691100.0
217,2021-10-18 06:40:27,16000.0,500.0,1690600.0
218,2021-10-18 06:40:26,16000.0,800.0,1690100.0
219,2021-10-18 06:40:06,16000.0,300.0,1689300.0
220,2021-10-18 06:39:54,16000.0,200.0,1689000.0
221,2021-10-18 06:39:49,16000.0,1900.0,1688800.0
222,2021-10-18 06:39:49,16000.0,1100.0,1686900.0
223,2021-10-18 06:39:29,16000.0,300.0,1685800.0
224,2021-10-18 06:39:03,16000.0,2000.0,1685500.0
225,2021-10-18 06:38:50,16000.0,500.0,1683500.0
226,2021-10-18 06:38:50,16000.0,2000.0,1683000.0
227,2021-10-18 06:38:50,16000.0,4100.0,1681000.0
228,2021-10-18 06:37:11,16000.0,500.0,1676900.0
229,2021-10-18 06:37:11,16000.0,400.0,1676400.0
230,2021-10-18 06:36:58,16000.0,200.0,1676000.0
231,2021-10-18 06:36:25,16000.0,500.0,1675800.0
232,2021-10-18 06:35:51,16000.0,200.0,1675300.0
233,2021-10-18 06:35:29,16000.0,1700.0,1675100.0
234,2021-10-18 06:35:27,16000.0,5000.0,1673400.0
235,2021-10-18 06:35:25,16000.0,500.0,1668400.0
236,2021-10-18 06:35:25,16000.0,1500.0,1667900.0
237,2021-10-18 06:34:58,16000.0,3500.0,1666400.0
238,2021-10-18 06:34:55,16000.0,600.0,1662900.0
239,2021-10-18 06:34:51,16000.0,2000.0,1662300.0
240,2021-10-18 06:34:47,16000.0,1000.0,1660300.0
241,2021-10-18 06:34:45,16000.0,100.0,1659300.0
242,2021-10-18 06:34:40,16000.0,10000.0,1659200.0
243,2021-10-18 06:34:36,16000.0,1000.0,1649200.0
244,2021-10-18 06:34:35,16000.0,300.0,1648200.0
245,2021-10-18 06:34:33,16000.0,800.0,1647900.0
246,2021-10-18 06:34:30,16000.0,2000.0,1647100.0
247,2021-10-18 06:34:24,16000.0,2400.0,1645100.0
248,2021-10-18 06:34:21,16000.0,2000.0,1642700.0
249,2021-10-18 06:34:20,16000.0,500.0,1640700.0
250,2021-10-18 06:34:17,16000.0,4000.0,1640200.0
251,2021-10-18 06:34:02,16000.0,300.0,1636200.0
252,2021-10-18 06:34:02,16000.0,200.0,1635900.0
253,2021-10-18 06:34:02,16000.0,500.0,1635700.0
254,2021-10-18 06:34:02,16000.0,200.0,1635200.0
255,2021-10-18 06:34:02,16000.0,1500.0,1635000.0
256,2021-10-18 06:34:02,16000.0,500.0,1633500.0
257,2021-10-18 06:34:02,16000.0,1000.0,1633000.0
258,2021-10-18 06:34:02,16000.0,200.0,1632000.0
259,2021-10-18 06:34:02,16000.0,100.0,1631800.0
260,2021-10-18 06:34:02,16000.0,300.0,1631700.0
261,2021-10-18 06:34:02,16000.0,1700.0,1631400.0
262,2021-10-18 06:34:02,16000.0,200.0,1629700.0
263,2021-10-18 06:34:02,16000.0,2000.0,1629500.0
264,2021-10-18 06:34:02,16000.0,11100.0,1627500.0
265,2021-10-18 06:33:45,16000.0,100.0,1616400.0
266,2021-10-18 06:33:22,16000.0,10000.0,1616300.0
267,2021-10-18 06:32:53,16000.0,1000.0,1606300.0
268,2021-10-18 06:32:11,16000.0,200.0,1605300.0
269,2021-10-18 06:31:48,16050.0,300.0,1605100.0
270,2021-10-18 06:30:23,16100.0,100.0,1604800.0
271,2021-10-18 06:30:23,16050.0,1400.0,1604700.0
272,2021-10-18 06:30:17,16050.0,2000.0,1603300.0
273,2021-10-18 06:30:17,16050.0,200.0,1601300.0
274,2021-10-18 06:30:17,16050.0,400.0,1601100.0
275,2021-10-18 06:30:04,16050.0,1000.0,1600700.0
276,2021-10-18 06:29:45,16100.0,100.0,1599700.0
277,2021-10-18 06:29:25,16100.0,700.0,1599600.0
278,2021-10-18 06:29:25,16100.0,300.0,1598900.0
279,2021-10-18 06:29:04,16050.0,3600.0,1598600.0
280,2021-10-18 06:28:58,16050.0,4000.0,1595000.0
281,2021-10-18 06:28:39,16050.0,6000.0,1591000.0
282,2021-10-18 06:28:39,16050.0,1400.0,1585000.0
283,2021-10-18 06:27:57,16100.0,200.0,1583600.0
284,2021-10-18 06:27:50,16050.0,1600.0,1583400.0
285,2021-10-18 06:27:42,16050.0,500.0,1581800.0
286,2021-10-18 06:27:38,16050.0,700.0,1581300.0
287,2021-10-18 06:27:38,16050.0,500.0,1580600.0
288,2021-10-18 06:27:38,16050.0,100.0,1580100.0
289,2021-10-18 06:27:38,16050.0,1600.0,1580000.0
290,2021-10-18 06:27:15,16050.0,400.0,1578400.0
291,2021-10-18 06:26:56,16100.0,3900.0,1578000.0
292,2021-10-18 06:26:56,16050.0,1100.0,1574100.0
293,2021-10-18 06:26:55,16050.0,700.0,1573000.0
294,2021-10-18 06:26:55,16050.0,800.0,1572300.0
295,2021-10-18 06:26:39,16100.0,1000.0,1571500.0
296,2021-10-18 06:26:19,16100.0,100.0,1570500.0
297,2021-10-18 06:26:16,16050.0,3500.0,1570400.0
298,2021-10-18 06:26:08,16050.0,500.0,1566900.0
299,2021-10-18 06:26:02,16050.0,1000.0,1566400.0
300,2021-10-18 06:25:44,16100.0,100.0,1565400.0
301,2021-10-18 06:25:44,16050.0,400.0,1565300.0
302,2021-10-18 06:25:28,16050.0,1200.0,1564900.0
303,2021-10-18 06:25:17,16050.0,3800.0,1563700.0
304,2021-10-18 06:25:03,16050.0,1400.0,1559900.0
305,2021-10-18 06:24:58,16050.0,200.0,1558500.0
306,2021-10-18 06:24:51,16050.0,1300.0,1558300.0
307,2021-10-18 06:24:49,16050.0,3300.0,1557000.0
308,2021-10-18 06:24:44,16050.0,1700.0,1553700.0
309,2021-10-18 06:24:44,16050.0,300.0,1552000.0
310,2021-10-18 06:23:50,16100.0,200.0,1551700.0
311,2021-10-18 06:23:50,16050.0,5800.0,1551500.0
312,2021-10-18 06:23:39,16050.0,20000.0,1545700.0
313,2021-10-18 06:23:32,16050.0,2800.0,1525700.0
314,2021-10-18 06:23:32,16050.0,1400.0,1522900.0
315,2021-10-18 06:23:30,16050.0,1000.0,1521500.0
316,2021-10-18 06:23:21,16050.0,3000.0,1520500.0
317,2021-10-18 06:23:21,16050.0,4600.0,1517500.0
318,2021-10-18 06:22:51,16050.0,900.0,1512900.0
319,2021-10-18 06:22:49,16050.0,2300.0,1512000.0
320,2021-10-18 06:22:42,16050.0,500.0,1509700.0
321,2021-10-18 06:22:37,16050.0,5000.0,1509200.0
322,2021-10-18 06:22:34,16050.0,2500.0,1504200.0
323,2021-10-18 06:22:30,16050.0,1400.0,1501700.0
324,2021-10-18 06:22:27,16050.0,2000.0,1500300.0
325,2021-10-18 06:22:24,16050.0,500.0,1498300.0
326,2021-10-18 06:22:19,16050.0,300.0,1497800.0
327,2021-10-18 06:22:19,16050.0,100.0,1497500.0
328,2021-10-18 06:22:19,16050.0,600.0,1497400.0
329,2021-10-18 06:22:15,16050.0,400.0,1496800.0
330,2021-10-18 06:22:15,16050.0,7600.0,1496400.0
331,2021-10-18 06:22:00,16050.0,1100.0,1488800.0
332,2021-10-18 06:21:50,16050.0,500.0,1487700.0
333,2021-10-18 06:21:50,16050.0,100.0,1487200.0
334,2021-10-18 06:21:50,16050.0,700.0,1487100.0
335,2021-10-18 06:21:42,16100.0,700.0,1486400.0
336,2021-10-18 06:21:42,16100.0,1000.0,1485700.0
337,2021-10-18 06:21:42,16100.0,300.0,1484700.0
338,2021-10-18 06:21:33,16100.0,900.0,1484400.0
339,2021-10-18 06:21:33,16050.0,100.0,1483500.0
340,2021-10-18 06:21:33,16050.0,1500.0,1483400.0
341,2021-10-18 06:21:33,16050.0,1000.0,1481900.0
342,2021-10-18 06:21:33,16050.0,1500.0,1480900.0
343,2021-10-18 06:21:07,16000.0,300.0,1479400.0
344,2021-10-18 06:20:22,16050.0,500.0,1479100.0
345,2021-10-18 06:20:22,16100.0,200.0,1478600.0
346,2021-10-18 06:20:15,16100.0,100.0,1478400.0
347,2021-10-18 06:20:15,16050.0,500.0,1478300.0
348,2021-10-18 06:20:15,16050.0,3400.0,1477800.0
349,2021-10-18 06:20:06,16050.0,1000.0,1474400.0
350,2021-10-18 06:20:05,16050.0,500.0,1473400.0
351,2021-10-18 06:20:01,16050.0,10000.0,1472900.0
352,2021-10-18 06:19:55,16050.0,200.0,1462900.0
353,2021-10-18 06:19:55,16050.0,4900.0,1462700.0
354,2021-10-18 06:19:42,16050.0,700.0,1457800.0
355,2021-10-18 06:19:36,16050.0,200.0,1457100.0
356,2021-10-18 06:18:39,16100.0,100.0,1456900.0
357,2021-10-18 06:18:39,16100.0,3000.0,1456800.0
358,2021-10-18 06:18:39,16100.0,900.0,1453800.0
359,2021-10-18 06:18:39,16100.0,200.0,1452900.0
360,2021-10-18 06:17:14,16100.0,1000.0,1452700.0
361,2021-10-18 06:17:04,16100.0,1200.0,1451700.0
362,2021-10-18 06:16:18,16100.0,800.0,1450500.0
363,2021-10-18 06:16:18,16100.0,100.0,1449700.0
364,2021-10-18 06:16:18,16050.0,6100.0,1449600.0
365,2021-10-18 06:16:13,16050.0,1000.0,1443500.0
366,2021-10-18 06:16:09,16050.0,800.0,1442500.0
367,2021-10-18 06:15:47,16050.0,2100.0,1441700.0
368,2021-10-18 06:15:43,16050.0,500.0,1439600.0
369,2021-10-18 06:15:38,16050.0,500.0,1439100.0
370,2021-10-18 06:15:32,16050.0,100.0,1438600.0
371,2021-10-18 06:15:32,16050.0,2000.0,1438500.0
372,2021-10-18 06:15:32,16050.0,2000.0,1436500.0
373,2021-10-18 06:15:32,16050.0,2800.0,1434500.0
374,2021-10-18 06:15:27,16050.0,300.0,1431700.0
375,2021-10-18 06:15:23,16050.0,5000.0,1431400.0
376,2021-10-18 06:15:19,16050.0,1000.0,1426400.0
377,2021-10-18 06:15:16,16050.0,800.0,1425400.0
378,2021-10-18 06:15:12,16050.0,2400.0,1424600.0
379,2021-10-18 06:14:57,16050.0,200.0,1422200.0
380,2021-10-18 06:14:55,16050.0,1500.0,1422000.0
381,2021-10-18 06:14:55,16050.0,5700.0,1420500.0
382,2021-10-18 06:14:55,16050.0,300.0,1414800.0
383,2021-10-18 06:14:46,16050.0,200.0,1414500.0
384,2021-10-18 06:14:46,16050.0,800.0,1414300.0
385,2021-10-18 06:14:43,16100.0,500.0,1413500.0
386,2021-10-18 06:14:39,16050.0,2100.0,1413000.0
387,2021-10-18 06:14:39,16050.0,100.0,1410900.0
388,2021-10-18 06:14:39,16050.0,100.0,1410800.0
389,2021-10-18 06:14:39,16050.0,100.0,1410700.0
390,2021-10-18 06:14:39,16050.0,5000.0,1410600.0
391,2021-10-18 06:14:39,16050.0,100.0,1405600.0
392,2021-10-18 06:14:39,16050.0,200.0,1405500.0
393,2021-10-18 06:14:39,16050.0,100.0,1405300.0
394,2021-10-18 06:14:39,16050.0,1400.0,1405200.0
395,2021-10-18 06:14:35,16050.0,1000.0,1403800.0
396,2021-10-18 06:14:32,16050.0,400.0,1402800.0
397,2021-10-18 06:14:24,16050.0,2300.0,1402400.0
398,2021-10-18 06:14:22,16050.0,100.0,1400100.0
399,2021-10-18 06:14:17,16050.0,600.0,1400000.0
400,2021-10-18 06:14:16,16050.0,3500.0,1399400.0
401,2021-10-18 06:14:11,16050.0,1100.0,1395900.0
402,2021-10-18 06:14:09,16050.0,2800.0,1394800.0
403,2021-10-18 06:14:08,16050.0,2200.0,1392000.0
404,2021-10-18 06:14:07,16050.0,800.0,1389800.0
405,2021-10-18 06:14:05,16050.0,1000.0,1389000.0
406,2021-10-18 06:14:02,16050.0,1400.0,1388000.0
407,2021-10-18 06:14:02,16050.0,100.0,1386600.0
408,2021-10-18 06:13:59,16050.0,200.0,1386500.0
409,2021-10-18 06:13:59,16050.0,20000.0,1386300.0
410,2021-10-18 06:13:58,16050.0,4000.0,1366300.0
411,2021-10-18 06:13:55,16050.0,5000.0,1362300.0
412,2021-10-18 06:13:52,16050.0,6000.0,1357300.0
413,2021-10-18 06:13:49,16050.0,5000.0,1351300.0
414,2021-10-18 06:13:49,16050.0,1000.0,1346300.0
415,2021-10-18 06:13:45,16050.0,2500.0,1345300.0
416,2021-10-18 06:13:42,16050.0,200.0,1342800.0
417,2021-10-18 06:13:27,16050.0,5000.0,1342600.0
418,2021-10-18 06:13:08,16050.0,1100.0,1337600.0
419,2021-10-18 06:13:06,16050.0,400.0,1336500.0
420,2021-10-18 06:13:03,16050.0,700.0,1336100.0
421,2021-10-18 06:13:00,16050.0,10000.0,1335400.0
422,2021-10-18 06:12:51,16050.0,500.0,1325400.0
423,2021-10-18 06:12:48,16050.0,1400.0,1324900.0
424,2021-10-18 06:12:44,16050.0,900.0,1323500.0
425,2021-10-18 06:12:21,16050.0,800.0,1322600.0
426,2021-10-18 06:12:17,16050.0,1000.0,1321800.0
427,2021-10-18 06:12:14,16050.0,2500.0,1320800.0
428,2021-10-18 06:12:08,16050.0,5000.0,1318300.0
429,2021-10-18 06:12:05,16050.0,1000.0,1313300.0
430,2021-10-18 06:12:01,16050.0,100.0,1312300.0
431,2021-10-18 06:11:58,16050.0,700.0,1312200.0
432,2021-10-18 06:11:51,16050.0,5000.0,1311500.0
433,2021-10-18 06:11:47,16050.0,1300.0,1306500.0
434,2021-10-18 06:11:47,16050.0,100.0,1305200.0
435,2021-10-18 06:11:47,16050.0,500.0,1305100.0
436,2021-10-18 06:11:47,16050.0,100.0,1304600.0
437,2021-10-18 06:11:47,16050.0,10000.0,1304500.0
438,2021-10-18 06:11:47,16050.0,500.0,1294500.0
439,2021-10-18 06:11:47,16050.0,500.0,1294000.0
440,2021-10-18 06:11:47,16050.0,2000.0,1293500.0
441,2021-10-18 06:11:47,16050.0,1000.0,1291500.0
442,2021-10-18 06:11:47,16050.0,4000.0,1290500.0
443,2021-10-18 06:11:43,16050.0,300.0,1286500.0
444,2021-10-18 06:11:43,16050.0,500.0,1286200.0
445,2021-10-18 06:11:43,16050.0,200.0,1285700.0
446,2021-10-18 06:11:38,16050.0,100.0,1285500.0
447,2021-10-18 06:11:38,16050.0,400.0,1285400.0
448,2021-10-18 06:11:35,16050.0,1400.0,1285000.0
449,2021-10-18 06:11:31,16050.0,400.0,1283600.0
450,2021-10-18 06:11:31,16050.0,100.0,1283200.0
451,2021-10-18 06:11:31,16050.0,400.0,1283100.0
452,2021-10-18 06:11:05,16050.0,600.0,1282700.0
453,2021-10-18 06:11:05,16050.0,400.0,1282100.0
454,2021-10-18 06:10:33,16050.0,500.0,1281700.0
455,2021-10-18 06:10:30,16050.0,100.0,1281200.0
456,2021-10-18 06:10:30,16050.0,100.0,1281100.0
457,2021-10-18 06:10:30,16050.0,100.0,1281000.0
458,2021-10-18 06:10:27,16050.0,100.0,1280900.0
459,2021-10-18 06:10:24,16050.0,300.0,1280800.0
460,2021-10-18 06:10:24,16050.0,200.0,1280500.0
461,2021-10-18 06:10:20,16050.0,1000.0,1280300.0
462,2021-10-18 06:10:10,16050.0,100.0,1279300.0
463,2021-10-18 06:10:00,16050.0,600.0,1279200.0
464,2021-10-18 06:09:57,16050.0,100.0,1278600.0
465,2021-10-18 06:09:45,16050.0,1100.0,1278500.0
466,2021-10-18 06:09:37,16000.0,3100.0,1277400.0
467,2021-10-18 06:09:37,16000.0,100.0,1274300.0
468,2021-10-18 06:09:37,16000.0,1000.0,1274200.0
469,2021-10-18 06:09:37,16000.0,3100.0,1273200.0
470,2021-10-18 06:09:35,16000.0,1000.0,1270100.0
471,2021-10-18 06:09:32,16000.0,600.0,1269100.0
472,2021-10-18 06:09:32,16000.0,300.0,1268500.0
473,2021-10-18 06:09:32,16000.0,100.0,1268200.0
474,2021-10-18 06:09:32,16000.0,1700.0,1268100.0
475,2021-10-18 06:09:32,16000.0,2000.0,1266400.0
476,2021-10-18 06:09:32,16000.0,100.0,1264400.0
477,2021-10-18 06:09:32,16000.0,100.0,1264300.0
478,2021-10-18 06:09:32,16000.0,200.0,1264200.0
479,2021-10-18 06:09:32,16000.0,100.0,1264000.0
480,2021-10-18 06:09:32,16000.0,800.0,1263900.0
481,2021-10-18 06:09:32,16000.0,300.0,1263100.0
482,2021-10-18 06:09:32,16000.0,200.0,1262800.0
483,2021-10-18 06:09:32,16000.0,200.0,1262600.0
484,2021-10-18 06:09:32,16000.0,100.0,1262400.0
485,2021-10-18 06:09:32,16000.0,100.0,1262300.0
486,2021-10-18 06:09:32,16000.0,8000.0,1262200.0
487,2021-10-18 06:09:32,16000.0,3900.0,1254200.0
488,2021-10-18 06:09:31,16000.0,600.0,1250300.0
489,2021-10-18 06:09:28,16000.0,1000.0,1249700.0
490,2021-10-18 06:09:27,15950.0,200.0,1248700.0
491,2021-10-18 06:09:25,16000.0,1300.0,1248500.0
492,2021-10-18 06:09:25,16000.0,100.0,1247200.0
493,2021-10-18 06:09:25,16000.0,400.0,1247100.0
494,2021-10-18 06:09:25,16000.0,500.0,1246700.0
495,2021-10-18 06:09:21,16000.0,100.0,1246200.0
496,2021-10-18 06:09:21,16000.0,400.0,1246100.0
497,2021-10-18 06:09:21,16000.0,100.0,1245700.0
498,2021-10-18 06:09:21,16000.0,2000.0,1245600.0
499,2021-10-18 06:09:21,16000.0,1000.0,1243600.0
500,2021-10-18 06:09:21,16000.0,1000.0,1242600.0
501,2021-10-18 06:09:21,16000.0,800.0,1241600.0
502,2021-10-18 06:09:21,16000.0,400.0,1240800.0
503,2021-10-18 06:09:21,16000.0,5000.0,1240400.0
504,2021-10-18 06:09:21,16000.0,300.0,1235400.0
505,2021-10-18 06:09:21,16000.0,500.0,1235100.0
506,2021-10-18 06:09:21,16000.0,800.0,1234600.0
507,2021-10-18 06:09:21,16000.0,300.0,1233800.0
508,2021-10-18 06:09:21,16000.0,100.0,1233500.0
509,2021-10-18 06:09:21,16000.0,500.0,1233400.0
510,2021-10-18 06:09:21,16000.0,200.0,1232900.0
511,2021-10-18 06:09:21,16000.0,100.0,1232700.0
512,2021-10-18 06:09:21,16000.0,100.0,1232600.0
513,2021-10-18 06:09:21,16000.0,100.0,1232500.0
514,2021-10-18 06:09:21,16000.0,500.0,1232400.0
515,2021-10-18 06:09:21,16000.0,4000.0,1231900.0
516,2021-10-18 06:09:21,16000.0,100.0,1227900.0
517,2021-10-18 06:09:21,16000.0,100.0,1227800.0
518,2021-10-18 06:09:21,16000.0,5000.0,1227700.0
519,2021-10-18 06:09:21,16000.0,300.0,1222700.0
520,2021-10-18 06:09:21,16000.0,800.0,1222400.0
521,2021-10-18 06:09:21,16000.0,2600.0,1221600.0
522,2021-10-18 06:09:21,16000.0,200.0,1219000.0
523,2021-10-18 06:09:21,16000.0,1400.0,1218800.0
524,2021-10-18 06:09:21,16000.0,1000.0,1217400.0
525,2021-10-18 06:09:21,16000.0,1000.0,1216400.0
526,2021-10-18 06:09:21,16000.0,2000.0,1215400.0
527,2021-10-18 06:09:21,16000.0,5000.0,1213400.0
528,2021-10-18 06:09:21,16000.0,500.0,1208400.0
529,2021-10-18 06:09:21,16000.0,1000.0,1207900.0
530,2021-10-18 06:09:21,16000.0,2000.0,1206900.0
531,2021-10-18 06:09:21,16000.0,500.0,1204900.0
532,2021-10-18 06:09:21,16000.0,1000.0,1204400.0
533,2021-10-18 06:09:21,16000.0,300.0,1203400.0
534,2021-10-18 06:09:21,16000.0,500.0,1203100.0
535,2021-10-18 06:09:21,16000.0,500.0,1202600.0
536,2021-10-18 06:09:21,16000.0,1000.0,1202100.0
537,2021-10-18 06:09:21,16000.0,4900.0,1201100.0
538,2021-10-18 06:09:16,16000.0,1800.0,1196200.0
539,2021-10-18 06:09:06,16000.0,12700.0,1194400.0
540,2021-10-18 06:09:06,16000.0,200.0,1181700.0
541,2021-10-18 06:09:06,16000.0,1000.0,1181500.0
542,2021-10-18 06:09:06,16000.0,1000.0,1180500.0
543,2021-10-18 06:09:06,16000.0,800.0,1179500.0
544,2021-10-18 06:09:06,16000.0,500.0,1178700.0
545,2021-10-18 06:09:06,16000.0,500.0,1178200.0
546,2021-10-18 06:09:06,16000.0,100.0,1177700.0
547,2021-10-18 06:09:06,16000.0,1900.0,1177600.0
548,2021-10-18 06:08:58,15950.0,1600.0,1175700.0
549,2021-10-18 06:08:18,16000.0,3100.0,1174100.0
550,2021-10-18 06:08:18,16000.0,3900.0,1171000.0
551,2021-10-18 06:08:09,16000.0,100.0,1167100.0
552,2021-10-18 06:08:09,16000.0,300.0,1167000.0
553,2021-10-18 06:08:06,16000.0,100.0,1166700.0
554,2021-10-18 06:08:00,16000.0,600.0,1166600.0
555,2021-10-18 06:08:00,16000.0,200.0,1166000.0
556,2021-10-18 06:07:10,16000.0,1000.0,1165800.0
557,2021-10-18 06:06:10,16000.0,2800.0,1164800.0
558,2021-10-18 06:06:10,16000.0,100.0,1162000.0
559,2021-10-18 06:06:10,16000.0,1000.0,1161900.0
560,2021-10-18 06:06:10,16000.0,100.0,1160900.0
561,2021-10-18 06:06:10,16000.0,900.0,1160800.0
562,2021-10-18 06:06:10,16000.0,100.0,1159900.0
563,2021-10-18 06:06:10,16000.0,200.0,1159800.0
564,2021-10-18 06:06:10,16000.0,100.0,1159600.0
565,2021-10-18 06:06:10,16000.0,4000.0,1159500.0
566,2021-10-18 06:06:10,16000.0,200.0,1155500.0
567,2021-10-18 06:06:10,16000.0,5000.0,1155300.0
568,2021-10-18 06:06:10,16000.0,600.0,1150300.0
569,2021-10-18 06:06:10,16000.0,4000.0,1149700.0
570,2021-10-18 06:06:10,16000.0,900.0,1145700.0
571,2021-10-18 06:06:10,16000.0,800.0,1144800.0
572,2021-10-18 06:05:46,16000.0,2000.0,1144000.0
573,2021-10-18 06:05:25,16000.0,800.0,1142000.0
574,2021-10-18 06:05:19,15950.0,3100.0,1141200.0
575,2021-10-18 06:05:15,15950.0,1500.0,1138100.0
576,2021-10-18 06:05:05,15950.0,1000.0,1136600.0
577,2021-10-18 06:04:59,15950.0,900.0,1135600.0
578,2021-10-18 06:04:58,15950.0,2000.0,1134700.0
579,2021-10-18 06:04:56,15950.0,1200.0,1132700.0
580,2021-10-18 06:04:48,15950.0,100.0,1131500.0
581,2021-10-18 06:04:48,15950.0,200.0,1131400.0
582,2021-10-18 06:04:21,15950.0,1000.0,1131200.0
583,2021-10-18 06:04:14,15950.0,3800.0,1130200.0
584,2021-10-18 06:04:10,15950.0,500.0,1126400.0
585,2021-10-18 06:04:06,15950.0,1000.0,1125900.0
586,2021-10-18 06:04:02,15950.0,800.0,1124900.0
587,2021-10-18 06:03:55,15950.0,100.0,1124100.0
588,2021-10-18 06:03:55,15950.0,2400.0,1124000.0
589,2021-10-18 06:03:55,15950.0,100.0,1121600.0
590,2021-10-18 06:03:55,15950.0,1300.0,1121500.0
591,2021-10-18 06:03:45,16000.0,200.0,1120200.0
592,2021-10-18 06:01:51,15950.0,1700.0,1120000.0
593,2021-10-18 06:01:51,15950.0,300.0,1118300.0
594,2021-10-18 06:01:51,15950.0,1300.0,1118000.0
595,2021-10-18 06:01:51,15950.0,8400.0,1116700.0
596,2021-10-18 06:00:26,15950.0,1000.0,1108300.0
597,2021-10-18 06:00:22,15950.0,100.0,1107300.0
598,2021-10-18 06:00:09,15950.0,100.0,1107200.0
599,2021-10-18 06:00:07,15950.0,1000.0,1107100.0
600,2021-10-18 06:00:06,15950.0,300.0,1106100.0
601,2021-10-18 06:00:06,15950.0,500.0,1105800.0
602,2021-10-18 06:00:06,15950.0,200.0,1105300.0
603,2021-10-18 06:00:02,15900.0,1000.0,1105100.0
604,2021-10-18 04:29:51,15950.0,300.0,1104100.0
605,2021-10-18 04:29:31,15950.0,1100.0,1103800.0
606,2021-10-18 04:29:30,15950.0,400.0,1102700.0
607,2021-10-18 04:28:52,16000.0,2000.0,1102300.0
608,2021-10-18 04:28:37,16000.0,100.0,1100300.0
609,2021-10-18 04:28:18,15950.0,600.0,1100200.0
610,2021-10-18 04:28:18,15950.0,100.0,1099600.0
611,2021-10-18 04:28:18,15950.0,300.0,1099500.0
612,2021-10-18 04:25:54,15950.0,500.0,1099200.0
613,2021-10-18 04:25:54,15950.0,500.0,1098700.0
614,2021-10-18 04:25:45,16000.0,2500.0,1098200.0
615,2021-10-18 04:24:49,15950.0,300.0,1095700.0
616,2021-10-18 04:23:12,16000.0,1000.0,1095400.0
617,2021-10-18 04:22:51,15950.0,200.0,1094400.0
618,2021-10-18 04:22:51,15950.0,100.0,1094200.0
619,2021-10-18 04:21:15,16000.0,1000.0,1094100.0
620,2021-10-18 04:20:12,16000.0,300.0,1093100.0
621,2021-10-18 04:20:12,15950.0,1200.0,1092800.0
622,2021-10-18 04:20:12,15950.0,1500.0,1091600.0
623,2021-10-18 04:17:03,15950.0,1000.0,1090100.0
624,2021-10-18 04:16:36,15950.0,400.0,1089100.0
625,2021-10-18 04:15:15,15950.0,100.0,1088700.0
626,2021-10-18 04:15:15,15950.0,500.0,1088600.0
627,2021-10-18 04:13:55,15950.0,500.0,1088100.0
628,2021-10-18 04:13:55,15950.0,500.0,1087600.0
629,2021-10-18 04:13:47,15950.0,5000.0,1087100.0
630,2021-10-18 04:11:47,15900.0,4400.0,1082100.0
631,2021-10-18 04:11:47,15900.0,300.0,1077700.0
632,2021-10-18 04:11:47,15900.0,300.0,1077400.0
633,2021-10-18 04:09:36,15900.0,3500.0,1077100.0
634,2021-10-18 04:08:39,15900.0,300.0,1073600.0
635,2021-10-18 04:08:31,15950.0,400.0,1073300.0
636,2021-10-18 03:59:52,15950.0,600.0,1072900.0
637,2021-10-18 03:57:28,15950.0,300.0,1072300.0
638,2021-10-18 03:57:28,15950.0,2000.0,1072000.0
639,2021-10-18 03:57:28,15950.0,1200.0,1070000.0
640,2021-10-18 03:56:35,15950.0,100.0,1068800.0
641,2021-10-18 03:55:56,15950.0,500.0,1068700.0
642,2021-10-18 03:55:16,15950.0,100.0,1068200.0
643,2021-10-18 03:54:45,15950.0,500.0,1068100.0
644,2021-10-18 03:53:13,15950.0,5000.0,1067600.0
645,2021-10-18 03:53:13,15950.0,100.0,1062600.0
646,2021-10-18 03:53:13,15950.0,300.0,1062500.0
647,2021-10-18 03:53:13,15950.0,1000.0,1062200.0
648,2021-10-18 03:53:13,15950.0,200.0,1061200.0
649,2021-10-18 03:53:13,15950.0,1000.0,1061000.0
650,2021-10-18 03:52:00,15900.0,6400.0,1060000.0
651,2021-10-18 03:50:42,15900.0,200.0,1053600.0
652,2021-10-18 03:50:16,15900.0,100.0,1053400.0
653,2021-10-18 03:50:03,15900.0,3000.0,1053300.0
654,2021-10-18 03:49:52,15900.0,500.0,1050300.0
655,2021-10-18 03:47:54,15900.0,100.0,1049800.0
656,2021-10-18 03:47:12,15900.0,1500.0,1049700.0
657,2021-10-18 03:45:58,15900.0,1000.0,1048200.0
658,2021-10-18 03:44:11,15950.0,400.0,1047200.0
659,2021-10-18 03:43:16,15950.0,100.0,1046800.0
660,2021-10-18 03:38:15,16000.0,100.0,1046700.0
661,2021-10-18 03:38:15,15950.0,500.0,1046600.0
662,2021-10-18 03:38:15,15950.0,400.0,1046100.0
663,2021-10-18 03:37:41,15900.0,1000.0,1045700.0
664,2021-10-18 03:37:24,15900.0,2100.0,1044700.0
665,2021-10-18 03:37:24,15900.0,100.0,1042600.0
666,2021-10-18 03:37:24,15900.0,2800.0,1042500.0
667,2021-10-18 03:36:50,15900.0,400.0,1039700.0
668,2021-10-18 03:36:50,15950.0,100.0,1039300.0
669,2021-10-18 03:36:50,15950.0,2300.0,1039200.0
670,2021-10-18 03:35:49,15950.0,5000.0,1036900.0
671,2021-10-18 03:35:49,15950.0,200.0,1031900.0
672,2021-10-18 03:35:49,15950.0,2500.0,1031700.0
673,2021-10-18 03:35:26,15950.0,100.0,1029200.0
674,2021-10-18 03:35:18,15950.0,100.0,1029100.0
675,2021-10-18 03:35:00,15950.0,100.0,1029000.0
676,2021-10-18 03:34:38,15950.0,100.0,1028900.0
677,2021-10-18 03:34:24,15950.0,100.0,1028800.0
678,2021-10-18 03:34:24,15950.0,500.0,1028700.0
679,2021-10-18 03:34:24,15950.0,200.0,1028200.0
680,2021-10-18 03:34:24,15950.0,3600.0,1028000.0
681,2021-10-18 03:34:24,15950.0,600.0,1024400.0
682,2021-10-18 03:34:02,15950.0,10000.0,1023800.0
683,2021-10-18 03:33:42,15950.0,200.0,1013800.0
684,2021-10-18 03:33:19,15950.0,1100.0,1013600.0
685,2021-10-18 03:33:19,15950.0,300.0,1012500.0
686,2021-10-18 03:33:19,15950.0,1000.0,1012200.0
687,2021-10-18 03:33:19,15950.0,100.0,1011200.0
688,2021-10-18 03:33:19,15950.0,1500.0,1011100.0
689,2021-10-18 03:32:47,15950.0,8500.0,1009600.0
690,2021-10-18 03:32:47,15950.0,600.0,1001100.0
691,2021-10-18 03:32:47,15950.0,100.0,1000500.0
692,2021-10-18 03:32:47,15950.0,100.0,1000400.0
693,2021-10-18 03:32:47,15950.0,10700.0,1000300.0
694,2021-10-18 03:31:28,15950.0,1000.0,989600.0
695,2021-10-18 03:30:49,16000.0,300.0,988600.0
696,2021-10-18 03:30:27,16000.0,2000.0,988300.0
697,2021-10-18 03:30:06,16000.0,600.0,986300.0
698,2021-10-18 03:30:02,16000.0,800.0,985700.0
699,2021-10-18 03:29:57,16000.0,1000.0,984900.0
700,2021-10-18 03:29:11,16000.0,1100.0,983900.0
701,2021-10-18 03:29:10,16000.0,500.0,982800.0
702,2021-10-18 03:29:06,16000.0,300.0,982300.0
703,2021-10-18 03:29:01,16000.0,200.0,982000.0
704,2021-10-18 03:28:58,16000.0,1000.0,981800.0
705,2021-10-18 03:28:51,16000.0,500.0,980800.0
706,2021-10-18 03:28:41,16000.0,9200.0,980300.0
707,2021-10-18 03:28:27,16000.0,800.0,971100.0
708,2021-10-18 03:28:27,16000.0,200.0,970300.0
709,2021-10-18 03:28:22,16000.0,9000.0,970100.0
710,2021-10-18 03:28:06,16000.0,900.0,961100.0
711,2021-10-18 03:28:03,16000.0,800.0,960200.0
712,2021-10-18 03:27:59,16000.0,3000.0,959400.0
713,2021-10-18 03:27:51,16000.0,10000.0,956400.0
714,2021-10-18 03:27:46,16000.0,2200.0,946400.0
715,2021-10-18 03:27:40,16000.0,100.0,944200.0
716,2021-10-18 03:27:37,16000.0,400.0,944100.0
717,2021-10-18 03:27:36,15950.0,100.0,943700.0
718,2021-10-18 03:27:32,16000.0,5000.0,943600.0
719,2021-10-18 03:27:28,16000.0,3000.0,938600.0
720,2021-10-18 03:27:25,16000.0,2400.0,935600.0
721,2021-10-18 03:27:20,16000.0,1000.0,933200.0
722,2021-10-18 03:27:16,16000.0,600.0,932200.0
723,2021-10-18 03:27:05,16000.0,15000.0,931600.0
724,2021-10-18 03:26:35,16000.0,200.0,916600.0
725,2021-10-18 03:24:48,16000.0,100.0,916400.0
726,2021-10-18 03:23:43,15950.0,8200.0,916300.0
727,2021-10-18 03:23:43,15950.0,1200.0,908100.0
728,2021-10-18 03:23:43,15950.0,600.0,906900.0
729,2021-10-18 03:23:24,15950.0,9400.0,906300.0
730,2021-10-18 03:23:24,15950.0,600.0,896900.0
731,2021-10-18 03:21:37,16000.0,1000.0,896300.0
732,2021-10-18 03:20:30,16000.0,5100.0,895300.0
733,2021-10-18 03:20:30,16000.0,300.0,890200.0
734,2021-10-18 03:20:30,16000.0,4600.0,889900.0
735,2021-10-18 03:19:52,16000.0,10000.0,885300.0
736,2021-10-18 03:19:15,16000.0,200.0,875300.0
737,2021-10-18 03:18:31,15950.0,1400.0,875100.0
738,2021-10-18 03:17:20,15950.0,9900.0,873700.0
739,2021-10-18 03:17:20,15950.0,1000.0,863800.0
740,2021-10-18 03:17:20,15950.0,6000.0,862800.0
741,2021-10-18 03:17:20,15950.0,500.0,856800.0
742,2021-10-18 03:17:20,15950.0,100.0,856300.0
743,2021-10-18 03:17:20,15950.0,500.0,856200.0
744,2021-10-18 03:15:58,15950.0,1000.0,855700.0
745,2021-10-18 03:15:17,15950.0,100.0,854700.0
746,2021-10-18 03:13:39,15950.0,400.0,854600.0
747,2021-10-18 03:12:11,16000.0,1000.0,854200.0
748,2021-10-18 03:08:47,16000.0,200.0,853200.0
749,2021-10-18 03:08:47,15950.0,800.0,853000.0
750,2021-10-18 03:08:14,15900.0,800.0,852200.0
751,2021-10-18 03:08:14,15900.0,100.0,851400.0
752,2021-10-18 03:08:14,15900.0,700.0,851300.0
753,2021-10-18 03:08:14,15900.0,200.0,850600.0
754,2021-10-18 03:08:14,15900.0,1200.0,850400.0
755,2021-10-18 03:07:56,15950.0,100.0,849200.0
756,2021-10-18 03:07:55,15950.0,500.0,849100.0
757,2021-10-18 03:07:55,15950.0,600.0,848600.0
758,2021-10-18 03:07:53,15950.0,4400.0,848000.0
759,2021-10-18 03:07:36,15950.0,2000.0,843600.0
760,2021-10-18 03:07:23,15950.0,3000.0,841600.0
761,2021-10-18 03:06:41,16000.0,5000.0,838600.0
762,2021-10-18 03:05:47,16000.0,100.0,833600.0
763,2021-10-18 03:05:47,15950.0,1800.0,833500.0
764,2021-10-18 03:05:47,15950.0,100.0,831700.0
765,2021-10-18 03:04:36,15950.0,100.0,831600.0
766,2021-10-18 03:04:36,15950.0,100.0,831500.0
767,2021-10-18 03:04:18,15950.0,4400.0,831400.0
768,2021-10-18 03:04:18,15950.0,4600.0,827000.0
769,2021-10-18 03:03:55,15950.0,2000.0,822400.0
770,2021-10-18 03:03:55,15950.0,2000.0,820400.0
771,2021-10-18 03:03:55,15950.0,1400.0,818400.0
772,2021-10-18 03:01:57,15950.0,500.0,817000.0
773,2021-10-18 03:01:57,15950.0,1100.0,816500.0
774,2021-10-18 03:01:48,15950.0,2300.0,815400.0
775,2021-10-18 03:01:15,15950.0,900.0,813100.0
776,2021-10-18 03:00:43,15950.0,1000.0,812200.0
777,2021-10-18 03:00:08,15950.0,200.0,811200.0
778,2021-10-18 02:59:02,15950.0,4500.0,811000.0
779,2021-10-18 02:58:41,15950.0,5500.0,806500.0
780,2021-10-18 02:58:41,15950.0,3000.0,801000.0
781,2021-10-18 02:58:41,15950.0,1500.0,798000.0
782,2021-10-18 02:58:25,15950.0,200.0,796500.0
783,2021-10-18 02:57:21,15950.0,1000.0,796300.0
784,2021-10-18 02:56:56,15950.0,400.0,795300.0
785,2021-10-18 02:56:56,15950.0,1000.0,794900.0
786,2021-10-18 02:56:56,15950.0,100.0,793900.0
787,2021-10-18 02:56:56,15950.0,300.0,793800.0
788,2021-10-18 02:56:56,15950.0,5500.0,793500.0
789,2021-10-18 02:56:46,15950.0,20000.0,788000.0
790,2021-10-18 02:56:31,15950.0,500.0,768000.0
791,2021-10-18 02:56:30,15950.0,4000.0,767500.0
792,2021-10-18 02:56:30,15950.0,4000.0,763500.0
793,2021-10-18 02:55:09,15950.0,500.0,759500.0
794,2021-10-18 02:54:03,15900.0,500.0,759000.0
795,2021-10-18 02:53:59,15900.0,1000.0,758500.0
796,2021-10-18 02:51:34,15900.0,2900.0,757500.0
797,2021-10-18 02:51:34,15900.0,1100.0,754600.0
798,2021-10-18 02:51:30,15950.0,500.0,753500.0
799,2021-10-18 02:51:26,15900.0,1900.0,753000.0
800,2021-10-18 02:51:10,15900.0,4800.0,751100.0
801,2021-10-18 02:50:55,15950.0,300.0,746300.0
802,2021-10-18 02:50:42,15900.0,2200.0,746000.0
803,2021-10-18 02:50:42,15900.0,4800.0,743800.0
804,2021-10-18 02:50:25,15900.0,5200.0,739000.0
805,2021-10-18 02:50:25,15900.0,4800.0,733800.0
806,2021-10-18 02:49:38,15950.0,500.0,729000.0
807,2021-10-18 02:49:38,15950.0,10000.0,728500.0
808,2021-10-18 02:49:38,15950.0,300.0,718500.0
809,2021-10-18 02:49:23,15950.0,500.0,718200.0
810,2021-10-18 02:48:02,15950.0,1000.0,717700.0
811,2021-10-18 02:47:31,15950.0,1000.0,716700.0
812,2021-10-18 02:47:16,15950.0,1000.0,715700.0
813,2021-10-18 02:47:03,15950.0,100.0,714700.0
814,2021-10-18 02:46:43,15950.0,1000.0,714600.0
815,2021-10-18 02:46:20,16000.0,200.0,713600.0
816,2021-10-18 02:46:20,16000.0,7000.0,713400.0
817,2021-10-18 02:46:20,16000.0,2900.0,706400.0
818,2021-10-18 02:45:15,16050.0,1000.0,703500.0
819,2021-10-18 02:45:03,16000.0,2000.0,702500.0
820,2021-10-18 02:45:03,16000.0,100.0,700500.0
821,2021-10-18 02:45:03,16000.0,100.0,700400.0
822,2021-10-18 02:45:03,16000.0,3000.0,700300.0
823,2021-10-18 02:45:03,16000.0,1900.0,697300.0
824,2021-10-18 02:44:56,16000.0,1000.0,695400.0
825,2021-10-18 02:44:52,16000.0,4000.0,694400.0
826,2021-10-18 02:44:47,16000.0,100.0,690400.0
827,2021-10-18 02:44:43,16000.0,500.0,690300.0
828,2021-10-18 02:44:38,16000.0,1000.0,689800.0
829,2021-10-18 02:44:37,16000.0,5000.0,688800.0
830,2021-10-18 02:44:32,16000.0,1400.0,683800.0
831,2021-10-18 02:44:30,16000.0,100.0,682400.0
832,2021-10-18 02:44:29,16000.0,900.0,682300.0
833,2021-10-18 02:44:24,16000.0,1000.0,681400.0
834,2021-10-18 02:44:20,16000.0,500.0,680400.0
835,2021-10-18 02:44:17,16000.0,1200.0,679900.0
836,2021-10-18 02:44:04,16000.0,30400.0,678700.0
837,2021-10-18 02:43:56,16000.0,1000.0,648300.0
838,2021-10-18 02:43:56,16000.0,1000.0,647300.0
839,2021-10-18 02:43:51,16000.0,1500.0,646300.0
840,2021-10-18 02:43:43,16000.0,3200.0,644800.0
841,2021-10-18 02:43:26,16000.0,600.0,641600.0
842,2021-10-18 02:43:26,16000.0,20000.0,641000.0
843,2021-10-18 02:43:26,16000.0,1000.0,621000.0
844,2021-10-18 02:43:26,16000.0,100.0,620000.0
845,2021-10-18 02:43:26,16000.0,2600.0,619900.0
846,2021-10-18 02:43:18,16000.0,7400.0,617300.0
847,2021-10-18 02:43:18,16000.0,600.0,609900.0
848,2021-10-18 02:43:10,16050.0,1000.0,609300.0
849,2021-10-18 02:42:46,16050.0,1000.0,608300.0
850,2021-10-18 02:42:42,16000.0,1000.0,607300.0
851,2021-10-18 02:40:56,16050.0,200.0,606300.0
852,2021-10-18 02:40:54,16050.0,1000.0,606100.0
853,2021-10-18 02:40:03,16050.0,500.0,605100.0
854,2021-10-18 02:39:56,16050.0,10000.0,604600.0
855,2021-10-18 02:39:56,16050.0,800.0,594600.0
856,2021-10-18 02:39:56,16050.0,1600.0,593800.0
857,2021-10-18 02:39:50,16050.0,2000.0,592200.0
858,2021-10-18 02:39:35,16050.0,2000.0,590200.0
859,2021-10-18 02:38:29,16100.0,100.0,588200.0
860,2021-10-18 02:38:29,16100.0,300.0,588100.0
861,2021-10-18 02:37:56,16100.0,300.0,587800.0
862,2021-10-18 02:37:04,16100.0,100.0,587500.0
863,2021-10-18 02:37:00,16050.0,1000.0,587400.0
864,2021-10-18 02:37:00,16050.0,300.0,586400.0
865,2021-10-18 02:37:00,16050.0,3100.0,586100.0
866,2021-10-18 02:36:55,16050.0,1500.0,583000.0
867,2021-10-18 02:36:49,16050.0,8000.0,581500.0
868,2021-10-18 02:36:39,16050.0,2400.0,573500.0
869,2021-10-18 02:36:25,16050.0,100.0,571100.0
870,2021-10-18 02:36:25,16050.0,300.0,571000.0
871,2021-10-18 02:36:25,16050.0,100.0,570700.0
872,2021-10-18 02:35:44,16050.0,100.0,570600.0
873,2021-10-18 02:35:38,16100.0,200.0,570500.0
874,2021-10-18 02:35:38,16050.0,1000.0,570300.0
875,2021-10-18 02:35:38,16050.0,8800.0,569300.0
876,2021-10-18 02:35:14,16050.0,1000.0,560500.0
877,2021-10-18 02:35:09,16050.0,800.0,559500.0
878,2021-10-18 02:34:51,16050.0,1000.0,558700.0
879,2021-10-18 02:34:51,16050.0,3000.0,557700.0
880,2021-10-18 02:34:51,16050.0,400.0,554700.0
881,2021-10-18 02:34:38,16100.0,3000.0,554300.0
882,2021-10-18 02:34:24,16100.0,500.0,551300.0
883,2021-10-18 02:34:19,16050.0,9600.0,550800.0
884,2021-10-18 02:34:14,16050.0,300.0,541200.0
885,2021-10-18 02:34:11,16050.0,2000.0,540900.0
886,2021-10-18 02:34:11,16050.0,6000.0,538900.0
887,2021-10-18 02:34:11,16050.0,400.0,532900.0
888,2021-10-18 02:34:11,16050.0,1300.0,532500.0
889,2021-10-18 02:34:11,16050.0,400.0,531200.0
890,2021-10-18 02:34:00,16100.0,1000.0,530800.0
891,2021-10-18 02:33:57,16050.0,1200.0,529800.0
892,2021-10-18 02:33:41,16100.0,200.0,528600.0
893,2021-10-18 02:33:23,16050.0,400.0,528400.0
894,2021-10-18 02:33:19,16050.0,700.0,528000.0
895,2021-10-18 02:33:13,16050.0,20000.0,527300.0
896,2021-10-18 02:33:08,16050.0,200.0,507300.0
897,2021-10-18 02:33:01,16050.0,3700.0,507100.0
898,2021-10-18 02:32:46,16050.0,1000.0,503400.0
899,2021-10-18 02:32:46,16050.0,300.0,502400.0
900,2021-10-18 02:32:05,16050.0,1000.0,502100.0
901,2021-10-18 02:31:51,16050.0,500.0,501100.0
902,2021-10-18 02:31:39,16050.0,5000.0,500600.0
903,2021-10-18 02:31:19,16050.0,2000.0,495600.0
904,2021-10-18 02:31:17,16050.0,1500.0,493600.0
905,2021-10-18 02:31:17,16050.0,8500.0,492100.0
906,2021-10-18 02:31:12,16050.0,500.0,483600.0
907,2021-10-18 02:30:20,16050.0,1000.0,483100.0
908,2021-10-18 02:29:36,16100.0,500.0,482100.0
909,2021-10-18 02:28:52,16100.0,3900.0,481600.0
910,2021-10-18 02:28:40,16100.0,100.0,477700.0
911,2021-10-18 02:28:39,16150.0,100.0,477600.0
912,2021-10-18 02:28:36,16100.0,1000.0,477500.0
913,2021-10-18 02:28:29,16100.0,200.0,476500.0
914,2021-10-18 02:28:28,16150.0,200.0,476300.0
915,2021-10-18 02:28:23,16100.0,4800.0,476100.0
916,2021-10-18 02:28:19,16100.0,1000.0,471300.0
917,2021-10-18 02:28:15,16100.0,500.0,470300.0
918,2021-10-18 02:28:09,16100.0,1800.0,469800.0
919,2021-10-18 02:28:09,16100.0,1900.0,468000.0
920,2021-10-18 02:27:36,16100.0,100.0,466100.0
921,2021-10-18 02:27:33,16100.0,400.0,466000.0
922,2021-10-18 02:27:33,16100.0,2800.0,465600.0
923,2021-10-18 02:27:33,16100.0,200.0,462800.0
924,2021-10-18 02:27:33,16100.0,3200.0,462600.0
925,2021-10-18 02:27:19,16100.0,800.0,459400.0
926,2021-10-18 02:27:14,16100.0,400.0,458600.0
927,2021-10-18 02:27:11,16100.0,2000.0,458200.0
928,2021-10-18 02:27:05,16100.0,3600.0,456200.0
929,2021-10-18 02:26:54,16150.0,1200.0,452600.0
930,2021-10-18 02:26:54,16150.0,100.0,451400.0
931,2021-10-18 02:26:54,16150.0,500.0,451300.0
932,2021-10-18 02:26:54,16150.0,200.0,450800.0
933,2021-10-18 02:26:53,16150.0,500.0,450600.0
934,2021-10-18 02:26:51,16100.0,300.0,450100.0
935,2021-10-18 02:26:47,16100.0,1000.0,449800.0
936,2021-10-18 02:26:47,16100.0,2200.0,448800.0
937,2021-10-18 02:26:47,16100.0,200.0,446600.0
938,2021-10-18 02:26:47,16100.0,100.0,446400.0
939,2021-10-18 02:26:47,16100.0,100.0,446300.0
940,2021-10-18 02:26:47,16100.0,1000.0,446200.0
941,2021-10-18 02:26:47,16100.0,400.0,445200.0
942,2021-10-18 02:26:47,16100.0,500.0,444800.0
943,2021-10-18 02:26:47,16100.0,500.0,444300.0
944,2021-10-18 02:26:47,16100.0,100.0,443800.0
945,2021-10-18 02:26:45,16100.0,300.0,443700.0
946,2021-10-18 02:26:45,16100.0,600.0,443400.0
947,2021-10-18 02:26:45,16100.0,1100.0,442800.0
948,2021-10-18 02:26:45,16100.0,500.0,441700.0
949,2021-10-18 02:26:42,16100.0,1400.0,441200.0
950,2021-10-18 02:26:41,16100.0,300.0,439800.0
951,2021-10-18 02:26:39,16100.0,7700.0,439500.0
952,2021-10-18 02:26:37,16100.0,700.0,431800.0
953,2021-10-18 02:26:37,16100.0,800.0,431100.0
954,2021-10-18 02:26:30,16050.0,100.0,430300.0
955,2021-10-18 02:26:29,16100.0,800.0,430200.0
956,2021-10-18 02:26:26,16100.0,3100.0,429400.0
957,2021-10-18 02:26:19,16100.0,3000.0,426300.0
958,2021-10-18 02:26:19,16100.0,500.0,423300.0
959,2021-10-18 02:26:16,16100.0,1400.0,422800.0
960,2021-10-18 02:26:13,16100.0,800.0,421400.0
961,2021-10-18 02:26:09,16100.0,20000.0,420600.0
962,2021-10-18 02:25:53,16100.0,9000.0,400600.0
963,2021-10-18 02:25:53,16100.0,2100.0,391600.0
964,2021-10-18 02:25:51,16100.0,1200.0,389500.0
965,2021-10-18 02:25:34,16100.0,500.0,388300.0
966,2021-10-18 02:25:31,16100.0,300.0,387800.0
967,2021-10-18 02:25:21,16100.0,900.0,387500.0
968,2021-10-18 02:25:21,16100.0,200.0,386600.0
969,2021-10-18 02:25:21,16100.0,100.0,386400.0
970,2021-10-18 02:25:16,16050.0,2000.0,386300.0
971,2021-10-18 02:25:10,16050.0,100.0,384300.0
972,2021-10-18 02:25:08,16050.0,1000.0,384200.0
973,2021-10-18 02:24:42,16050.0,1000.0,383200.0
974,2021-10-18 02:24:42,16050.0,100.0,382200.0
975,2021-10-18 02:24:42,16050.0,100.0,382100.0
976,2021-10-18 02:24:42,16050.0,200.0,382000.0
977,2021-10-18 02:24:42,16050.0,2900.0,381800.0
978,2021-10-18 02:24:41,16050.0,4000.0,378900.0
979,2021-10-18 02:24:32,16050.0,5000.0,374900.0
980,2021-10-18 02:24:31,16050.0,1000.0,369900.0
981,2021-10-18 02:24:30,16050.0,10000.0,368900.0
982,2021-10-18 02:24:29,16050.0,2500.0,358900.0
983,2021-10-18 02:24:24,16050.0,1000.0,356400.0
984,2021-10-18 02:24:20,16050.0,500.0,355400.0
985,2021-10-18 02:24:18,16050.0,400.0,354900.0
986,2021-10-18 02:24:04,16000.0,1000.0,354500.0
987,2021-10-18 02:24:04,16000.0,2900.0,353500.0
988,2021-10-18 02:24:02,16000.0,5000.0,350600.0
989,2021-10-18 02:24:02,16000.0,1000.0,345600.0
990,2021-10-18 02:23:59,16000.0,1000.0,344600.0
991,2021-10-18 02:23:59,16000.0,300.0,343600.0
992,2021-10-18 02:23:54,16000.0,100.0,343300.0
993,2021-10-18 02:23:53,16000.0,1000.0,343200.0
994,2021-10-18 02:23:50,16000.0,600.0,342200.0
995,2021-10-18 02:23:47,16000.0,2400.0,341600.0
996,2021-10-18 02:23:32,16000.0,1000.0,339200.0
997,2021-10-18 02:23:32,16000.0,5200.0,338200.0
998,2021-10-18 02:23:20,16050.0,1400.0,333000.0
999,2021-10-18 02:23:16,16050.0,800.0,331600.0
1000,2021-10-18 02:23:12,16000.0,100.0,330800.0
1001,2021-10-18 02:23:12,16000.0,2300.0,330700.0
1002,2021-10-18 02:23:12,16000.0,1000.0,328400.0
1003,2021-10-18 02:23:12,16000.0,800.0,327400.0
1004,2021-10-18 02:23:12,16000.0,100.0,326600.0
1005,2021-10-18 02:23:12,16000.0,1000.0,326500.0
1006,2021-10-18 02:23:12,16000.0,1000.0,325500.0
1007,2021-10-18 02:23:12,16000.0,1400.0,324500.0
1008,2021-10-18 02:23:12,16000.0,500.0,323100.0
1009,2021-10-18 02:23:12,16000.0,1300.0,322600.0
1010,2021-10-18 02:23:12,16000.0,5800.0,321300.0
1011,2021-10-18 02:23:11,16000.0,100.0,315500.0
1012,2021-10-18 02:23:09,16000.0,1000.0,315400.0
1013,2021-10-18 02:23:09,16000.0,2000.0,314400.0
1014,2021-10-18 02:23:06,16000.0,6000.0,312400.0
1015,2021-10-18 02:23:06,16000.0,5000.0,306400.0
1016,2021-10-18 02:23:03,16000.0,800.0,301400.0
1017,2021-10-18 02:23:03,16000.0,3000.0,300600.0
1018,2021-10-18 02:22:58,16000.0,4100.0,297600.0
1019,2021-10-18 02:22:55,16000.0,2400.0,293500.0
1020,2021-10-18 02:22:53,16000.0,1000.0,291100.0
1021,2021-10-18 02:22:50,16000.0,5000.0,290100.0
1022,2021-10-18 02:22:46,16000.0,800.0,285100.0
1023,2021-10-18 02:22:43,16000.0,10000.0,284300.0
1024,2021-10-18 02:22:43,16000.0,2000.0,274300.0
1025,2021-10-18 02:22:40,16000.0,1300.0,272300.0
1026,2021-10-18 02:22:36,16000.0,400.0,271000.0
1027,2021-10-18 02:22:32,16000.0,800.0,270600.0
1028,2021-10-18 02:22:30,16000.0,10000.0,269800.0
1029,2021-10-18 02:22:26,16000.0,1000.0,259800.0
1030,2021-10-18 02:22:24,16000.0,2500.0,258800.0
1031,2021-10-18 02:22:21,16000.0,400.0,256300.0
1032,2021-10-18 02:22:18,16000.0,900.0,255900.0
1033,2021-10-18 02:22:12,16000.0,1000.0,255000.0
1034,2021-10-18 02:22:12,16000.0,2600.0,254000.0
1035,2021-10-18 02:22:09,16000.0,69000.0,251400.0
1036,2021-10-18 02:21:59,16000.0,1000.0,182400.0
1037,2021-10-18 02:21:51,16000.0,5000.0,181400.0
1038,2021-10-18 02:21:48,16000.0,1400.0,176400.0
1039,2021-10-18 02:21:42,16000.0,600.0,175000.0
1040,2021-10-18 02:20:59,16000.0,3100.0,174400.0
1041,2021-10-18 02:20:59,15950.0,1000.0,171300.0
1042,2021-10-18 02:20:59,15950.0,1000.0,170300.0
1043,2021-10-18 02:20:59,15950.0,100.0,169300.0
1044,2021-10-18 02:20:59,15950.0,2000.0,169200.0
1045,2021-10-18 02:20:59,15950.0,2800.0,167200.0
1046,2021-10-18 02:20:55,15950.0,1500.0,164400.0
1047,2021-10-18 02:20:51,15950.0,3000.0,162900.0
1048,2021-10-18 02:20:26,15950.0,500.0,159900.0
1049,2021-10-18 02:20:23,15950.0,2200.0,159400.0
1050,2021-10-18 02:20:06,15900.0,2000.0,157200.0
1051,2021-10-18 02:19:53,15900.0,13200.0,155200.0
1052,2021-10-18 02:19:37,15900.0,500.0,142000.0
1053,2021-10-18 02:19:37,15900.0,4000.0,141500.0
1054,2021-10-18 02:19:37,15900.0,9200.0,137500.0
1055,2021-10-18 02:19:37,15950.0,3100.0,128300.0
1056,2021-10-18 02:19:24,15950.0,100.0,125200.0
1057,2021-10-18 02:19:24,15950.0,500.0,125100.0
1058,2021-10-18 02:19:24,15950.0,1900.0,124600.0
1059,2021-10-18 02:19:24,15950.0,40000.0,122700.0
1060,2021-10-18 02:19:24,15950.0,4400.0,82700.0
1061,2021-10-18 02:19:14,15950.0,2400.0,78300.0
1062,2021-10-18 02:19:10,15950.0,1000.0,75900.0
1063,2021-10-18 02:19:06,15900.0,700.0,74900.0
1064,2021-10-18 02:18:56,15900.0,500.0,74200.0
1065,2021-10-18 02:18:52,15950.0,2100.0,73700.0
1066,2021-10-18 02:18:51,15900.0,500.0,71600.0
1067,2021-10-18 02:18:45,15900.0,200.0,71100.0
1068,2021-10-18 02:18:23,15950.0,100.0,70900.0
1069,2021-10-18 02:18:12,15900.0,3500.0,70800.0
1070,2021-10-18 02:18:12,15900.0,1000.0,67300.0
1071,2021-10-18 02:18:12,15900.0,1000.0,66300.0
1072,2021-10-18 02:18:12,15900.0,1000.0,65300.0
1073,2021-10-18 02:18:12,15900.0,500.0,64300.0
1074,2021-10-18 02:18:12,15900.0,1000.0,63800.0
1075,2021-10-18 02:18:12,15900.0,5900.0,62800.0
1076,2021-10-18 02:18:06,15900.0,1000.0,56900.0
1077,2021-10-18 02:17:18,15800.0,300.0,55900.0
1078,2021-10-18 02:17:18,15800.0,100.0,55600.0
1079,2021-10-18 02:17:18,15800.0,100.0,55500.0
1080,2021-10-18 02:16:55,15800.0,100.0,55400.0
1081,2021-10-18 02:16:41,15900.0,5000.0,55300.0
1082,2021-10-18 02:16:39,15900.0,500.0,50300.0
1083,2021-10-18 02:16:31,15900.0,1000.0,49800.0
1084,2021-10-18 02:16:29,15900.0,2700.0,48800.0
1085,2021-10-18 02:16:23,15900.0,10000.0,46100.0
1086,2021-10-18 02:16:17,15900.0,2500.0,36100.0
1087,2021-10-18 02:16:13,15900.0,1400.0,33600.0
1088,2021-10-18 02:16:13,15900.0,1000.0,32200.0
1089,2021-10-18 02:16:13,15900.0,300.0,31200.0
1090,2021-10-18 02:16:13,15900.0,3300.0,30900.0
1091,2021-10-18 02:15:38,15900.0,1000.0,27600.0
1092,2021-10-18 02:15:01,15900.0,200.0,26600.0
1093,2021-10-18 02:15:01,15900.0,100.0,26400.0
1094,2021-10-18 02:15:01,15900.0,600.0,26300.0
1095,2021-10-18 02:15:01,15900.0,1100.0,25700.0
1096,2021-10-18 02:15:01,15900.0,1000.0,24600.0
1097,2021-10-18 02:15:01,15900.0,300.0,23600.0
1098,2021-10-18 02:15:01,15900.0,1000.0,23300.0
1099,2021-10-18 02:15:01,15900.0,200.0,22300.0
1100,2021-10-18 02:15:01,15900.0,400.0,22100.0
1101,2021-10-18 02:15:01,15900.0,200.0,21700.0
1102,2021-10-18 02:15:01,15900.0,100.0,21500.0
1103,2021-10-18 02:15:01,15900.0,100.0,21400.0
1104,2021-10-18 02:15:01,15900.0,100.0,21300.0
1105,2021-10-18 02:15:01,15900.0,100.0,21200.0
1106,2021-10-18 02:15:01,15900.0,100.0,21100.0
1107,2021-10-18 02:15:01,15900.0,100.0,21000.0
1108,2021-10-18 02:15:01,15900.0,400.0,20900.0
1109,2021-10-18 02:15:01,15900.0,100.0,20500.0
1110,2021-10-18 02:15:01,15900.0,300.0,20400.0
1111,2021-10-18 02:15:01,15900.0,3700.0,20100.0
1112,2021-10-18 02:15:01,15900.0,1000.0,16400.0
1113,2021-10-18 02:15:01,15900.0,5000.0,15400.0
1114,2021-10-18 02:15:01,15900.0,9000.0,10400.0
1115,2021-10-18 02:15:01,15900.0,300.0,1400.0
1116,2021-10-18 02:15:01,15900.0,1000.0,1100.0
1117,2021-10-18 02:15:01,15900.0,100.0,100.0
