,Time,Price,Volume_per_trade,Volume
0,2021-10-22 07:45:01,16750.0,100.0,2466000.0
1,2021-10-22 07:45:01,16750.0,1000.0,2465900.0
2,2021-10-22 07:45:01,16750.0,500.0,2464900.0
3,2021-10-22 07:45:01,16750.0,1000.0,2464400.0
4,2021-10-22 07:45:01,16750.0,5000.0,2463400.0
5,2021-10-22 07:45:01,16750.0,9100.0,2458400.0
6,2021-10-22 07:45:01,16750.0,800.0,2449300.0
7,2021-10-22 07:45:01,16750.0,50000.0,2448500.0
8,2021-10-22 07:45:01,16750.0,20000.0,2398500.0
9,2021-10-22 07:45:01,16750.0,1000.0,2378500.0
10,2021-10-22 07:45:01,16750.0,4000.0,2377500.0
11,2021-10-22 07:45:01,16750.0,1200.0,2373500.0
12,2021-10-22 07:45:01,16750.0,5000.0,2372300.0
13,2021-10-22 07:45:01,16750.0,500.0,2367300.0
14,2021-10-22 07:45:01,16750.0,1000.0,2366800.0
15,2021-10-22 07:45:01,16750.0,500.0,2365800.0
16,2021-10-22 07:45:01,16750.0,800.0,2365300.0
17,2021-10-22 07:45:01,16750.0,2800.0,2364500.0
18,2021-10-22 07:45:01,16750.0,12400.0,2361700.0
19,2021-10-22 07:45:01,16750.0,6600.0,2349300.0
20,2021-10-22 07:45:01,16750.0,500.0,2342700.0
21,2021-10-22 07:45:01,16750.0,600.0,2342200.0
22,2021-10-22 07:45:01,16750.0,1000.0,2341600.0
23,2021-10-22 07:45:01,16750.0,5000.0,2340600.0
24,2021-10-22 07:45:01,16750.0,1000.0,2335600.0
25,2021-10-22 07:45:01,16750.0,5000.0,2334600.0
26,2021-10-22 07:45:01,16750.0,5000.0,2329600.0
27,2021-10-22 07:45:01,16750.0,100.0,2324600.0
28,2021-10-22 07:45:01,16750.0,10000.0,2324500.0
29,2021-10-22 07:45:01,16750.0,2800.0,2314500.0
30,2021-10-22 07:45:01,16750.0,1000.0,2311700.0
31,2021-10-22 07:29:50,16750.0,100.0,2310700.0
32,2021-10-22 07:29:34,16750.0,900.0,2310600.0
33,2021-10-22 07:29:34,16750.0,10000.0,2309700.0
34,2021-10-22 07:29:34,16750.0,1000.0,2299700.0
35,2021-10-22 07:29:34,16750.0,100.0,2298700.0
36,2021-10-22 07:29:34,16750.0,100.0,2298600.0
37,2021-10-22 07:29:34,16750.0,100.0,2298500.0
38,2021-10-22 07:29:34,16750.0,2000.0,2298400.0
39,2021-10-22 07:29:34,16750.0,500.0,2296400.0
40,2021-10-22 07:29:34,16750.0,100.0,2295900.0
41,2021-10-22 07:29:34,16750.0,2000.0,2295800.0
42,2021-10-22 07:29:34,16750.0,400.0,2293800.0
43,2021-10-22 07:29:34,16750.0,2700.0,2293400.0
44,2021-10-22 07:29:29,16800.0,200.0,2290700.0
45,2021-10-22 07:29:22,16800.0,19800.0,2290500.0
46,2021-10-22 07:29:21,16850.0,1900.0,2270700.0
47,2021-10-22 07:29:14,16850.0,500.0,2268800.0
48,2021-10-22 07:29:14,16850.0,100.0,2268300.0
49,2021-10-22 07:29:14,16850.0,3400.0,2268200.0
50,2021-10-22 07:28:54,16800.0,200.0,2264800.0
51,2021-10-22 07:28:50,16800.0,3600.0,2264600.0
52,2021-10-22 07:28:50,16800.0,6200.0,2261000.0
53,2021-10-22 07:28:45,16800.0,1400.0,2254800.0
54,2021-10-22 07:28:32,16800.0,100.0,2253400.0
55,2021-10-22 07:28:32,16800.0,12300.0,2253300.0
56,2021-10-22 07:28:22,16800.0,5000.0,2241000.0
57,2021-10-22 07:27:52,16800.0,1000.0,2236000.0
58,2021-10-22 07:26:55,16800.0,1700.0,2235000.0
59,2021-10-22 07:26:55,16800.0,100.0,2233300.0
60,2021-10-22 07:26:55,16800.0,200.0,2233200.0
61,2021-10-22 07:26:55,16800.0,500.0,2233000.0
62,2021-10-22 07:26:55,16800.0,2500.0,2232500.0
63,2021-10-22 07:26:29,16800.0,1000.0,2230000.0
64,2021-10-22 07:26:06,16800.0,1000.0,2229000.0
65,2021-10-22 07:25:57,16800.0,5000.0,2228000.0
66,2021-10-22 07:25:34,16800.0,1000.0,2223000.0
67,2021-10-22 07:25:34,16800.0,18900.0,2222000.0
68,2021-10-22 07:23:57,16850.0,300.0,2203100.0
69,2021-10-22 07:23:57,16800.0,500.0,2202800.0
70,2021-10-22 07:23:57,16800.0,1200.0,2202300.0
71,2021-10-22 07:23:25,16800.0,8800.0,2201100.0
72,2021-10-22 07:23:22,16800.0,500.0,2192300.0
73,2021-10-22 07:23:09,16800.0,500.0,2191800.0
74,2021-10-22 07:23:09,16800.0,200.0,2191300.0
75,2021-10-22 07:23:09,16800.0,100.0,2191100.0
76,2021-10-22 07:23:09,16800.0,500.0,2191000.0
77,2021-10-22 07:23:09,16800.0,9400.0,2190500.0
78,2021-10-22 07:22:42,16800.0,3000.0,2181100.0
79,2021-10-22 07:22:42,16800.0,100.0,2178100.0
80,2021-10-22 07:22:42,16800.0,3000.0,2178000.0
81,2021-10-22 07:22:42,16800.0,14000.0,2175000.0
82,2021-10-22 07:21:57,16800.0,100.0,2161000.0
83,2021-10-22 07:21:57,16800.0,500.0,2160900.0
84,2021-10-22 07:21:57,16800.0,1000.0,2160400.0
85,2021-10-22 07:21:57,16800.0,3700.0,2159400.0
86,2021-10-22 07:21:57,16800.0,100.0,2155700.0
87,2021-10-22 07:21:57,16800.0,600.0,2155600.0
88,2021-10-22 07:21:55,16800.0,100.0,2155000.0
89,2021-10-22 07:20:21,16800.0,300.0,2154900.0
90,2021-10-22 07:20:00,16750.0,1000.0,2154600.0
91,2021-10-22 07:17:21,16800.0,900.0,2153600.0
92,2021-10-22 07:15:24,16800.0,1000.0,2152700.0
93,2021-10-22 07:15:03,16800.0,2100.0,2151700.0
94,2021-10-22 07:14:58,16800.0,2500.0,2149600.0
95,2021-10-22 07:14:53,16800.0,2000.0,2147100.0
96,2021-10-22 07:14:51,16800.0,1000.0,2145100.0
97,2021-10-22 07:14:48,16800.0,200.0,2144100.0
98,2021-10-22 07:14:48,16800.0,500.0,2143900.0
99,2021-10-22 07:14:48,16800.0,1000.0,2143400.0
100,2021-10-22 07:14:48,16800.0,700.0,2142400.0
101,2021-10-22 07:13:20,16800.0,2000.0,2141700.0
102,2021-10-22 07:13:09,16800.0,17300.0,2139700.0
103,2021-10-22 07:13:03,16800.0,500.0,2122400.0
104,2021-10-22 07:13:02,16800.0,5000.0,2121900.0
105,2021-10-22 07:13:02,16850.0,100.0,2116900.0
106,2021-10-22 07:12:20,16800.0,9200.0,2116800.0
107,2021-10-22 07:11:50,16800.0,1000.0,2107600.0
108,2021-10-22 07:11:50,16800.0,1000.0,2106600.0
109,2021-10-22 07:11:50,16800.0,10000.0,2105600.0
110,2021-10-22 07:11:50,16800.0,600.0,2095600.0
111,2021-10-22 07:11:50,16800.0,6000.0,2095000.0
112,2021-10-22 07:11:50,16800.0,7200.0,2089000.0
113,2021-10-22 07:11:48,16800.0,2200.0,2081800.0
114,2021-10-22 07:11:28,16850.0,2000.0,2079600.0
115,2021-10-22 07:10:15,16850.0,1200.0,2077600.0
116,2021-10-22 07:09:52,16850.0,2000.0,2076400.0
117,2021-10-22 07:09:41,16800.0,200.0,2074400.0
118,2021-10-22 07:09:35,16800.0,100.0,2074200.0
119,2021-10-22 07:09:29,16850.0,1000.0,2074100.0
120,2021-10-22 07:09:27,16800.0,200.0,2073100.0
121,2021-10-22 07:09:18,16800.0,100.0,2072900.0
122,2021-10-22 07:08:36,16850.0,600.0,2072800.0
123,2021-10-22 07:08:28,16850.0,5000.0,2072200.0
124,2021-10-22 07:08:28,16850.0,200.0,2067200.0
125,2021-10-22 07:08:28,16850.0,4200.0,2067000.0
126,2021-10-22 07:08:14,16900.0,100.0,2062800.0
127,2021-10-22 07:08:07,16850.0,300.0,2062700.0
128,2021-10-22 07:08:03,16850.0,1300.0,2062400.0
129,2021-10-22 07:08:03,16800.0,4200.0,2061100.0
130,2021-10-22 07:07:52,16800.0,100.0,2056900.0
131,2021-10-22 07:07:52,16800.0,6000.0,2056800.0
132,2021-10-22 07:07:52,16800.0,500.0,2050800.0
133,2021-10-22 07:07:52,16800.0,19200.0,2050300.0
134,2021-10-22 07:07:24,16850.0,4000.0,2031100.0
135,2021-10-22 07:07:24,16850.0,4700.0,2027100.0
136,2021-10-22 07:07:06,16850.0,100.0,2022400.0
137,2021-10-22 07:07:06,16850.0,200.0,2022300.0
138,2021-10-22 07:07:03,16850.0,100.0,2022100.0
139,2021-10-22 07:07:03,16850.0,200.0,2022000.0
140,2021-10-22 07:07:03,16850.0,1000.0,2021800.0
141,2021-10-22 07:07:03,16850.0,800.0,2020800.0
142,2021-10-22 07:07:03,16850.0,2900.0,2020000.0
143,2021-10-22 07:07:00,16850.0,9000.0,2017100.0
144,2021-10-22 07:06:37,16850.0,5000.0,2008100.0
145,2021-10-22 07:06:33,16850.0,10000.0,2003100.0
146,2021-10-22 07:06:28,16850.0,1000.0,1993100.0
147,2021-10-22 07:06:21,16850.0,200.0,1992100.0
148,2021-10-22 07:06:01,16850.0,5000.0,1991900.0
149,2021-10-22 07:05:50,16800.0,800.0,1986900.0
150,2021-10-22 07:05:47,16800.0,3500.0,1986100.0
151,2021-10-22 07:05:47,16800.0,5700.0,1982600.0
152,2021-10-22 07:05:34,16800.0,300.0,1976900.0
153,2021-10-22 07:05:33,16850.0,3400.0,1976600.0
154,2021-10-22 07:05:33,16800.0,1600.0,1973200.0
155,2021-10-22 07:05:29,16800.0,500.0,1971600.0
156,2021-10-22 07:05:14,16800.0,500.0,1971100.0
157,2021-10-22 07:05:14,16800.0,500.0,1970600.0
158,2021-10-22 07:05:14,16800.0,1000.0,1970100.0
159,2021-10-22 07:05:14,16800.0,900.0,1969100.0
160,2021-10-22 07:05:02,16850.0,10000.0,1968200.0
161,2021-10-22 07:04:43,16850.0,600.0,1958200.0
162,2021-10-22 07:04:43,16850.0,800.0,1957600.0
163,2021-10-22 07:04:43,16800.0,5600.0,1956800.0
164,2021-10-22 07:04:31,16800.0,4400.0,1951200.0
165,2021-10-22 07:04:23,16800.0,1000.0,1946800.0
166,2021-10-22 07:04:17,16800.0,5000.0,1945800.0
167,2021-10-22 07:04:17,16800.0,500.0,1940800.0
168,2021-10-22 07:04:17,16800.0,200.0,1940300.0
169,2021-10-22 07:04:17,16800.0,300.0,1940100.0
170,2021-10-22 07:04:17,16800.0,2000.0,1939800.0
171,2021-10-22 07:04:17,16800.0,700.0,1937800.0
172,2021-10-22 07:04:17,16800.0,3300.0,1937100.0
173,2021-10-22 07:04:17,16800.0,100.0,1933800.0
174,2021-10-22 07:04:17,16800.0,3000.0,1933700.0
175,2021-10-22 07:04:17,16800.0,5000.0,1930700.0
176,2021-10-22 07:04:17,16800.0,100.0,1925700.0
177,2021-10-22 07:04:17,16800.0,500.0,1925600.0
178,2021-10-22 07:04:17,16800.0,200.0,1925100.0
179,2021-10-22 07:04:17,16800.0,300.0,1924900.0
180,2021-10-22 07:04:17,16800.0,100.0,1924600.0
181,2021-10-22 07:04:17,16800.0,2000.0,1924500.0
182,2021-10-22 07:04:17,16800.0,1000.0,1922500.0
183,2021-10-22 07:04:17,16800.0,300.0,1921500.0
184,2021-10-22 07:04:09,16800.0,700.0,1921200.0
185,2021-10-22 07:04:09,16800.0,2000.0,1920500.0
186,2021-10-22 07:04:09,16800.0,1000.0,1918500.0
187,2021-10-22 07:04:09,16800.0,2000.0,1917500.0
188,2021-10-22 07:04:09,16800.0,14300.0,1915500.0
189,2021-10-22 07:03:36,16800.0,1000.0,1901200.0
190,2021-10-22 07:03:05,16750.0,100.0,1900200.0
191,2021-10-22 07:02:01,16800.0,800.0,1900100.0
192,2021-10-22 07:01:34,16800.0,300.0,1899300.0
193,2021-10-22 07:01:34,16750.0,1700.0,1899000.0
194,2021-10-22 07:01:22,16750.0,1200.0,1897300.0
195,2021-10-22 07:01:03,16750.0,4000.0,1896100.0
196,2021-10-22 07:01:03,16750.0,3100.0,1892100.0
197,2021-10-22 07:00:51,16800.0,1000.0,1889000.0
198,2021-10-22 07:00:40,16750.0,6900.0,1888000.0
199,2021-10-22 07:00:00,16750.0,100.0,1881100.0
200,2021-10-22 07:00:00,16750.0,200.0,1881000.0
201,2021-10-22 07:00:00,16750.0,100.0,1880800.0
202,2021-10-22 07:00:00,16750.0,300.0,1880700.0
203,2021-10-22 07:00:00,16750.0,20000.0,1880400.0
204,2021-10-22 07:00:00,16750.0,1000.0,1860400.0
205,2021-10-22 07:00:00,16750.0,1400.0,1859400.0
206,2021-10-22 06:59:28,16750.0,3100.0,1858000.0
207,2021-10-22 06:57:57,16800.0,500.0,1854900.0
208,2021-10-22 06:57:43,16750.0,100.0,1854400.0
209,2021-10-22 06:57:40,16750.0,500.0,1854300.0
210,2021-10-22 06:57:24,16750.0,500.0,1853800.0
211,2021-10-22 06:56:42,16800.0,1500.0,1853300.0
212,2021-10-22 06:55:25,16800.0,100.0,1851800.0
213,2021-10-22 06:55:25,16800.0,2900.0,1851700.0
214,2021-10-22 06:55:10,16800.0,100.0,1848800.0
215,2021-10-22 06:55:10,16800.0,100.0,1848700.0
216,2021-10-22 06:54:47,16800.0,100.0,1848600.0
217,2021-10-22 06:54:34,16800.0,400.0,1848500.0
218,2021-10-22 06:54:25,16800.0,500.0,1848100.0
219,2021-10-22 06:54:22,16800.0,100.0,1847600.0
220,2021-10-22 06:54:22,16800.0,400.0,1847500.0
221,2021-10-22 06:54:14,16800.0,600.0,1847100.0
222,2021-10-22 06:54:14,16800.0,100.0,1846500.0
223,2021-10-22 06:54:14,16800.0,1000.0,1846400.0
224,2021-10-22 06:54:14,16800.0,1000.0,1845400.0
225,2021-10-22 06:54:14,16800.0,200.0,1844400.0
226,2021-10-22 06:54:14,16800.0,100.0,1844200.0
227,2021-10-22 06:53:49,16800.0,100.0,1844100.0
228,2021-10-22 06:53:49,16800.0,800.0,1844000.0
229,2021-10-22 06:53:41,16800.0,200.0,1843200.0
230,2021-10-22 06:53:41,16800.0,800.0,1843000.0
231,2021-10-22 06:53:33,16800.0,500.0,1842200.0
232,2021-10-22 06:53:27,16750.0,2400.0,1841700.0
233,2021-10-22 06:53:03,16800.0,500.0,1839300.0
234,2021-10-22 06:53:01,16800.0,5000.0,1838800.0
235,2021-10-22 06:51:58,16800.0,700.0,1833800.0
236,2021-10-22 06:51:58,16800.0,100.0,1833100.0
237,2021-10-22 06:51:58,16800.0,500.0,1833000.0
238,2021-10-22 06:51:58,16800.0,200.0,1832500.0
239,2021-10-22 06:51:58,16800.0,200.0,1832300.0
240,2021-10-22 06:51:58,16800.0,300.0,1832100.0
241,2021-10-22 06:51:28,16800.0,500.0,1831800.0
242,2021-10-22 06:50:35,16800.0,200.0,1831300.0
243,2021-10-22 06:50:35,16800.0,200.0,1831100.0
244,2021-10-22 06:50:07,16800.0,100.0,1830900.0
245,2021-10-22 06:50:07,16800.0,100.0,1830800.0
246,2021-10-22 06:49:58,16800.0,100.0,1830700.0
247,2021-10-22 06:49:58,16800.0,200.0,1830600.0
248,2021-10-22 06:49:58,16800.0,200.0,1830400.0
249,2021-10-22 06:49:28,16800.0,300.0,1830200.0
250,2021-10-22 06:49:28,16750.0,1700.0,1829900.0
251,2021-10-22 06:49:25,16750.0,200.0,1828200.0
252,2021-10-22 06:49:02,16750.0,2000.0,1828000.0
253,2021-10-22 06:49:02,16750.0,5000.0,1826000.0
254,2021-10-22 06:49:02,16750.0,1100.0,1821000.0
255,2021-10-22 06:48:52,16750.0,3900.0,1819900.0
256,2021-10-22 06:48:52,16750.0,6100.0,1816000.0
257,2021-10-22 06:48:47,16750.0,200.0,1809900.0
258,2021-10-22 06:48:14,16750.0,500.0,1809700.0
259,2021-10-22 06:48:14,16750.0,3200.0,1809200.0
260,2021-10-22 06:47:48,16750.0,3300.0,1806000.0
261,2021-10-22 06:47:48,16750.0,3500.0,1802700.0
262,2021-10-22 06:47:35,16750.0,1500.0,1799200.0
263,2021-10-22 06:47:23,16750.0,600.0,1797700.0
264,2021-10-22 06:47:23,16750.0,2000.0,1797100.0
265,2021-10-22 06:47:23,16750.0,900.0,1795100.0
266,2021-10-22 06:47:12,16750.0,10000.0,1794200.0
267,2021-10-22 06:46:59,16750.0,300.0,1784200.0
268,2021-10-22 06:46:56,16800.0,400.0,1783900.0
269,2021-10-22 06:46:41,16750.0,300.0,1783500.0
270,2021-10-22 06:46:41,16750.0,8500.0,1783200.0
271,2021-10-22 06:46:40,16750.0,2500.0,1774700.0
272,2021-10-22 06:46:35,16750.0,1000.0,1772200.0
273,2021-10-22 06:46:30,16750.0,800.0,1771200.0
274,2021-10-22 06:46:24,16750.0,15000.0,1770400.0
275,2021-10-22 06:46:10,16750.0,600.0,1755400.0
276,2021-10-22 06:46:10,16750.0,1000.0,1754800.0
277,2021-10-22 06:46:10,16750.0,20000.0,1753800.0
278,2021-10-22 06:46:10,16750.0,600.0,1733800.0
279,2021-10-22 06:45:27,16750.0,200.0,1733200.0
280,2021-10-22 06:45:24,16800.0,100.0,1733000.0
281,2021-10-22 06:45:15,16800.0,2000.0,1732900.0
282,2021-10-22 06:45:07,16800.0,900.0,1730900.0
283,2021-10-22 06:45:03,16800.0,1000.0,1730000.0
284,2021-10-22 06:44:58,16800.0,100.0,1729000.0
285,2021-10-22 06:44:54,16800.0,200.0,1728900.0
286,2021-10-22 06:44:54,16800.0,300.0,1728700.0
287,2021-10-22 06:44:35,16800.0,300.0,1728400.0
288,2021-10-22 06:44:09,16800.0,500.0,1728100.0
289,2021-10-22 06:43:59,16800.0,200.0,1727600.0
290,2021-10-22 06:43:00,16800.0,1600.0,1727400.0
291,2021-10-22 06:43:00,16800.0,1000.0,1725800.0
292,2021-10-22 06:43:00,16800.0,1200.0,1724800.0
293,2021-10-22 06:42:24,16800.0,800.0,1723600.0
294,2021-10-22 06:42:24,16800.0,500.0,1722800.0
295,2021-10-22 06:42:24,16800.0,500.0,1722300.0
296,2021-10-22 06:42:24,16800.0,300.0,1721800.0
297,2021-10-22 06:42:24,16800.0,1000.0,1721500.0
298,2021-10-22 06:42:24,16800.0,100.0,1720500.0
299,2021-10-22 06:42:24,16800.0,200.0,1720400.0
300,2021-10-22 06:42:24,16800.0,400.0,1720200.0
301,2021-10-22 06:42:24,16750.0,1200.0,1719800.0
302,2021-10-22 06:42:24,16750.0,1800.0,1718600.0
303,2021-10-22 06:40:57,16750.0,7200.0,1716800.0
304,2021-10-22 06:40:40,16750.0,2500.0,1709600.0
305,2021-10-22 06:40:37,16750.0,300.0,1707100.0
306,2021-10-22 06:40:37,16750.0,1500.0,1706800.0
307,2021-10-22 06:40:37,16750.0,8500.0,1705300.0
308,2021-10-22 06:40:33,16750.0,200.0,1696800.0
309,2021-10-22 06:40:15,16800.0,100.0,1696600.0
310,2021-10-22 06:39:34,16800.0,100.0,1696500.0
311,2021-10-22 06:39:26,16750.0,800.0,1696400.0
312,2021-10-22 06:39:26,16750.0,10000.0,1695600.0
313,2021-10-22 06:39:26,16750.0,500.0,1685600.0
314,2021-10-22 06:39:23,16750.0,500.0,1685100.0
315,2021-10-22 06:39:12,16750.0,1000.0,1684600.0
316,2021-10-22 06:38:46,16750.0,900.0,1683600.0
317,2021-10-22 06:38:25,16750.0,500.0,1682700.0
318,2021-10-22 06:38:21,16750.0,1000.0,1682200.0
319,2021-10-22 06:38:12,16750.0,600.0,1681200.0
320,2021-10-22 06:37:49,16750.0,5500.0,1680600.0
321,2021-10-22 06:37:49,16750.0,10000.0,1675100.0
322,2021-10-22 06:37:49,16750.0,8900.0,1665100.0
323,2021-10-22 06:37:06,16700.0,1000.0,1656200.0
324,2021-10-22 06:36:48,16700.0,300.0,1655200.0
325,2021-10-22 06:36:28,16750.0,200.0,1654900.0
326,2021-10-22 06:36:28,16750.0,100.0,1654700.0
327,2021-10-22 06:36:08,16700.0,5700.0,1654600.0
328,2021-10-22 06:35:58,16700.0,10000.0,1648900.0
329,2021-10-22 06:35:52,16700.0,2000.0,1638900.0
330,2021-10-22 06:35:52,16700.0,17300.0,1636900.0
331,2021-10-22 06:35:38,16700.0,2700.0,1619600.0
332,2021-10-22 06:35:26,16700.0,100.0,1616900.0
333,2021-10-22 06:35:26,16700.0,1800.0,1616800.0
334,2021-10-22 06:35:26,16700.0,5000.0,1615000.0
335,2021-10-22 06:35:26,16700.0,300.0,1610000.0
336,2021-10-22 06:35:26,16700.0,300.0,1609700.0
337,2021-10-22 06:35:26,16700.0,500.0,1609400.0
338,2021-10-22 06:35:26,16700.0,1000.0,1608900.0
339,2021-10-22 06:35:26,16700.0,100.0,1607900.0
340,2021-10-22 06:35:26,16700.0,500.0,1607800.0
341,2021-10-22 06:35:26,16700.0,200.0,1607300.0
342,2021-10-22 06:35:26,16700.0,500.0,1607100.0
343,2021-10-22 06:35:26,16700.0,200.0,1606600.0
344,2021-10-22 06:35:26,16700.0,2000.0,1606400.0
345,2021-10-22 06:35:26,16700.0,4800.0,1604400.0
346,2021-10-22 06:35:21,16700.0,10000.0,1599600.0
347,2021-10-22 06:34:55,16750.0,3000.0,1589600.0
348,2021-10-22 06:34:24,16750.0,6900.0,1586600.0
349,2021-10-22 06:34:04,16800.0,100.0,1579700.0
350,2021-10-22 06:33:52,16800.0,300.0,1579600.0
351,2021-10-22 06:33:52,16800.0,10000.0,1579300.0
352,2021-10-22 06:33:52,16800.0,1000.0,1569300.0
353,2021-10-22 06:33:52,16800.0,200.0,1568300.0
354,2021-10-22 06:33:52,16800.0,1600.0,1568100.0
355,2021-10-22 06:33:52,16800.0,5000.0,1566500.0
356,2021-10-22 06:33:52,16800.0,1000.0,1561500.0
357,2021-10-22 06:33:52,16800.0,200.0,1560500.0
358,2021-10-22 06:33:52,16800.0,300.0,1560300.0
359,2021-10-22 06:33:52,16800.0,6700.0,1560000.0
360,2021-10-22 06:33:52,16800.0,6000.0,1553300.0
361,2021-10-22 06:33:52,16800.0,1000.0,1547300.0
362,2021-10-22 06:33:52,16800.0,2000.0,1546300.0
363,2021-10-22 06:33:52,16800.0,4300.0,1544300.0
364,2021-10-22 06:33:52,16800.0,1000.0,1540000.0
365,2021-10-22 06:33:52,16800.0,100.0,1539000.0
366,2021-10-22 06:33:52,16800.0,500.0,1538900.0
367,2021-10-22 06:33:52,16800.0,100.0,1538400.0
368,2021-10-22 06:33:52,16800.0,200.0,1538300.0
369,2021-10-22 06:33:52,16800.0,500.0,1538100.0
370,2021-10-22 06:33:35,16750.0,100.0,1537600.0
371,2021-10-22 06:33:29,16750.0,200.0,1537500.0
372,2021-10-22 06:33:28,16750.0,8000.0,1537300.0
373,2021-10-22 06:33:21,16750.0,4000.0,1529300.0
374,2021-10-22 06:33:12,16750.0,4000.0,1525300.0
375,2021-10-22 06:33:12,16750.0,3500.0,1521300.0
376,2021-10-22 06:33:12,16750.0,200.0,1517800.0
377,2021-10-22 06:32:38,16800.0,200.0,1517600.0
378,2021-10-22 06:32:15,16800.0,1000.0,1517400.0
379,2021-10-22 06:32:04,16800.0,500.0,1516400.0
380,2021-10-22 06:31:14,16800.0,700.0,1515900.0
381,2021-10-22 06:31:14,16800.0,100.0,1515200.0
382,2021-10-22 06:31:08,16800.0,1700.0,1515100.0
383,2021-10-22 06:30:08,16800.0,300.0,1513400.0
384,2021-10-22 06:30:08,16750.0,1700.0,1513100.0
385,2021-10-22 06:29:41,16700.0,4900.0,1511400.0
386,2021-10-22 06:29:27,16750.0,3200.0,1506500.0
387,2021-10-22 06:29:11,16700.0,300.0,1503300.0
388,2021-10-22 06:27:56,16800.0,100.0,1503000.0
389,2021-10-22 06:27:56,16750.0,3900.0,1502900.0
390,2021-10-22 06:27:26,16750.0,1000.0,1499000.0
391,2021-10-22 06:27:22,16750.0,200.0,1498000.0
392,2021-10-22 06:27:17,16750.0,3000.0,1497800.0
393,2021-10-22 06:26:10,16750.0,1900.0,1494800.0
394,2021-10-22 06:26:08,16800.0,4400.0,1492900.0
395,2021-10-22 06:26:04,16750.0,3100.0,1488500.0
396,2021-10-22 06:26:04,16750.0,5000.0,1485400.0
397,2021-10-22 06:26:04,16750.0,5000.0,1480400.0
398,2021-10-22 06:26:04,16750.0,10000.0,1475400.0
399,2021-10-22 06:26:04,16750.0,1900.0,1465400.0
400,2021-10-22 06:25:56,16750.0,1000.0,1463500.0
401,2021-10-22 06:25:50,16750.0,100.0,1462500.0
402,2021-10-22 06:25:50,16750.0,500.0,1462400.0
403,2021-10-22 06:25:50,16750.0,500.0,1461900.0
404,2021-10-22 06:25:50,16750.0,1000.0,1461400.0
405,2021-10-22 06:25:50,16750.0,3100.0,1460400.0
406,2021-10-22 06:25:50,16750.0,100.0,1457300.0
407,2021-10-22 06:25:50,16750.0,200.0,1457200.0
408,2021-10-22 06:25:50,16750.0,6000.0,1457000.0
409,2021-10-22 06:25:50,16750.0,600.0,1451000.0
410,2021-10-22 06:25:50,16750.0,500.0,1450400.0
411,2021-10-22 06:25:50,16750.0,4500.0,1449900.0
412,2021-10-22 06:25:12,16750.0,500.0,1445400.0
413,2021-10-22 06:25:12,16650.0,2500.0,1444900.0
414,2021-10-22 06:24:37,16650.0,2000.0,1442400.0
415,2021-10-22 06:24:37,16700.0,1000.0,1440400.0
416,2021-10-22 06:24:37,16700.0,4500.0,1439400.0
417,2021-10-22 06:23:07,16750.0,700.0,1434900.0
418,2021-10-22 06:22:42,16700.0,100.0,1434200.0
419,2021-10-22 06:22:42,16700.0,100.0,1434100.0
420,2021-10-22 06:22:42,16700.0,300.0,1434000.0
421,2021-10-22 06:22:42,16700.0,2000.0,1433700.0
422,2021-10-22 06:22:42,16700.0,3000.0,1431700.0
423,2021-10-22 06:22:27,16700.0,100.0,1428700.0
424,2021-10-22 06:22:14,16700.0,1900.0,1428600.0
425,2021-10-22 06:22:12,16700.0,1000.0,1426700.0
426,2021-10-22 06:22:05,16700.0,400.0,1425700.0
427,2021-10-22 06:21:41,16700.0,1200.0,1425300.0
428,2021-10-22 06:21:36,16700.0,900.0,1424100.0
429,2021-10-22 06:21:09,16700.0,1000.0,1423200.0
430,2021-10-22 06:20:58,16700.0,2500.0,1422200.0
431,2021-10-22 06:20:53,16700.0,1300.0,1419700.0
432,2021-10-22 06:20:46,16700.0,500.0,1418400.0
433,2021-10-22 06:20:46,16650.0,1500.0,1417900.0
434,2021-10-22 06:20:40,16650.0,5000.0,1416400.0
435,2021-10-22 06:20:40,16650.0,800.0,1411400.0
436,2021-10-22 06:20:40,16650.0,400.0,1410600.0
437,2021-10-22 06:20:40,16650.0,2300.0,1410200.0
438,2021-10-22 06:20:32,16700.0,300.0,1407900.0
439,2021-10-22 06:20:22,16700.0,900.0,1407600.0
440,2021-10-22 06:20:22,16700.0,300.0,1406700.0
441,2021-10-22 06:20:18,16700.0,700.0,1406400.0
442,2021-10-22 06:20:13,16700.0,1000.0,1405700.0
443,2021-10-22 06:20:08,16700.0,600.0,1404700.0
444,2021-10-22 06:19:52,16650.0,5700.0,1404100.0
445,2021-10-22 06:19:44,16600.0,500.0,1398400.0
446,2021-10-22 06:17:10,16650.0,300.0,1397900.0
447,2021-10-22 06:17:10,16650.0,5700.0,1397600.0
448,2021-10-22 06:16:18,16650.0,1000.0,1391900.0
449,2021-10-22 06:15:41,16650.0,500.0,1390900.0
450,2021-10-22 06:15:37,16650.0,1000.0,1390400.0
451,2021-10-22 06:15:31,16600.0,500.0,1389400.0
452,2021-10-22 06:15:24,16650.0,400.0,1388900.0
453,2021-10-22 06:15:18,16650.0,2000.0,1388500.0
454,2021-10-22 06:15:01,16650.0,1000.0,1386500.0
455,2021-10-22 06:14:58,16650.0,10000.0,1385500.0
456,2021-10-22 06:14:31,16650.0,300.0,1375500.0
457,2021-10-22 06:14:31,16650.0,500.0,1375200.0
458,2021-10-22 06:14:31,16650.0,500.0,1374700.0
459,2021-10-22 06:14:31,16650.0,200.0,1374200.0
460,2021-10-22 06:13:30,16700.0,1400.0,1374000.0
461,2021-10-22 06:13:30,16700.0,1000.0,1372600.0
462,2021-10-22 06:13:30,16700.0,1000.0,1371600.0
463,2021-10-22 06:13:30,16700.0,1000.0,1370600.0
464,2021-10-22 06:13:30,16700.0,1000.0,1369600.0
465,2021-10-22 06:13:30,16700.0,1000.0,1368600.0
466,2021-10-22 06:13:30,16700.0,500.0,1367600.0
467,2021-10-22 06:13:30,16700.0,1000.0,1367100.0
468,2021-10-22 06:13:30,16700.0,1000.0,1366100.0
469,2021-10-22 06:13:30,16700.0,900.0,1365100.0
470,2021-10-22 06:13:30,16700.0,200.0,1364200.0
471,2021-10-22 06:12:32,16700.0,300.0,1364000.0
472,2021-10-22 06:12:32,16700.0,500.0,1363700.0
473,2021-10-22 06:12:32,16700.0,1000.0,1363200.0
474,2021-10-22 06:12:32,16700.0,900.0,1362200.0
475,2021-10-22 06:12:32,16700.0,1000.0,1361300.0
476,2021-10-22 06:12:32,16700.0,1300.0,1360300.0
477,2021-10-22 06:12:26,16700.0,900.0,1359000.0
478,2021-10-22 06:12:26,16700.0,500.0,1358100.0
479,2021-10-22 06:12:26,16700.0,1100.0,1357600.0
480,2021-10-22 06:12:26,16700.0,500.0,1356500.0
481,2021-10-22 06:11:44,16650.0,100.0,1356000.0
482,2021-10-22 06:11:27,16650.0,500.0,1355900.0
483,2021-10-22 06:11:20,16650.0,800.0,1355400.0
484,2021-10-22 06:11:20,16650.0,2000.0,1354600.0
485,2021-10-22 06:11:20,16650.0,200.0,1352600.0
486,2021-10-22 06:11:03,16650.0,2800.0,1352400.0
487,2021-10-22 06:11:03,16650.0,2200.0,1349600.0
488,2021-10-22 06:06:40,16650.0,1400.0,1347400.0
489,2021-10-22 06:06:32,16650.0,1000.0,1346000.0
490,2021-10-22 06:06:28,16650.0,200.0,1345000.0
491,2021-10-22 06:05:45,16650.0,900.0,1344800.0
492,2021-10-22 06:04:28,16650.0,2000.0,1343900.0
493,2021-10-22 06:04:21,16650.0,1000.0,1341900.0
494,2021-10-22 06:04:11,16650.0,300.0,1340900.0
495,2021-10-22 06:04:04,16650.0,1000.0,1340600.0
496,2021-10-22 06:03:55,16650.0,1000.0,1339600.0
497,2021-10-22 06:03:55,16650.0,1900.0,1338600.0
498,2021-10-22 06:03:55,16650.0,1100.0,1336700.0
499,2021-10-22 06:02:52,16650.0,500.0,1335600.0
500,2021-10-22 06:02:48,16650.0,500.0,1335100.0
501,2021-10-22 06:02:44,16650.0,300.0,1334600.0
502,2021-10-22 06:02:41,16650.0,500.0,1334300.0
503,2021-10-22 06:02:35,16650.0,100.0,1333800.0
504,2021-10-22 06:02:35,16650.0,4900.0,1333700.0
505,2021-10-22 06:02:07,16650.0,300.0,1328800.0
506,2021-10-22 06:02:00,16650.0,1000.0,1328500.0
507,2021-10-22 06:01:55,16650.0,600.0,1327500.0
508,2021-10-22 06:01:48,16650.0,5000.0,1326900.0
509,2021-10-22 06:01:48,16650.0,200.0,1321900.0
510,2021-10-22 06:01:48,16650.0,100.0,1321700.0
511,2021-10-22 06:01:48,16650.0,7900.0,1321600.0
512,2021-10-22 06:01:30,16650.0,1000.0,1313700.0
513,2021-10-22 06:01:13,16650.0,3000.0,1312700.0
514,2021-10-22 06:00:59,16700.0,2500.0,1309700.0
515,2021-10-22 06:00:59,16700.0,2500.0,1307200.0
516,2021-10-22 06:00:55,16650.0,500.0,1304700.0
517,2021-10-22 06:00:43,16700.0,2000.0,1304200.0
518,2021-10-22 06:00:28,16700.0,500.0,1302200.0
519,2021-10-22 06:00:27,16650.0,500.0,1301700.0
520,2021-10-22 06:00:27,16650.0,1000.0,1301200.0
521,2021-10-22 06:00:27,16650.0,1000.0,1300200.0
522,2021-10-22 06:00:27,16650.0,500.0,1299200.0
523,2021-10-22 06:00:26,16650.0,1000.0,1298700.0
524,2021-10-22 06:00:26,16650.0,2500.0,1297700.0
525,2021-10-22 06:00:25,16650.0,1100.0,1295200.0
526,2021-10-22 06:00:25,16650.0,300.0,1294100.0
527,2021-10-22 06:00:25,16650.0,500.0,1293800.0
528,2021-10-22 06:00:25,16650.0,1000.0,1293300.0
529,2021-10-22 06:00:25,16650.0,1000.0,1292300.0
530,2021-10-22 06:00:25,16650.0,1000.0,1291300.0
531,2021-10-22 06:00:25,16650.0,500.0,1290300.0
532,2021-10-22 06:00:24,16650.0,500.0,1289800.0
533,2021-10-22 06:00:24,16650.0,500.0,1289300.0
534,2021-10-22 06:00:24,16650.0,1500.0,1288800.0
535,2021-10-22 06:00:23,16650.0,1900.0,1287300.0
536,2021-10-22 06:00:23,16650.0,1000.0,1285400.0
537,2021-10-22 06:00:22,16650.0,500.0,1284400.0
538,2021-10-22 06:00:22,16650.0,1000.0,1283900.0
539,2021-10-22 06:00:22,16650.0,1000.0,1282900.0
540,2021-10-22 06:00:21,16650.0,1000.0,1281900.0
541,2021-10-22 06:00:21,16650.0,1000.0,1280900.0
542,2021-10-22 06:00:19,16650.0,1000.0,1279900.0
543,2021-10-22 06:00:19,16650.0,2000.0,1278900.0
544,2021-10-22 06:00:02,16700.0,100.0,1276900.0
545,2021-10-22 04:29:45,16700.0,1000.0,1276800.0
546,2021-10-22 04:29:34,16700.0,100.0,1275800.0
547,2021-10-22 04:28:59,16700.0,100.0,1275700.0
548,2021-10-22 04:28:28,16700.0,2000.0,1275600.0
549,2021-10-22 04:26:48,16650.0,100.0,1273600.0
550,2021-10-22 04:25:41,16700.0,100.0,1273500.0
551,2021-10-22 04:25:41,16700.0,200.0,1273400.0
552,2021-10-22 04:25:41,16700.0,1400.0,1273200.0
553,2021-10-22 04:25:29,16750.0,100.0,1271800.0
554,2021-10-22 04:24:41,16700.0,600.0,1271700.0
555,2021-10-22 04:24:17,16700.0,6400.0,1271100.0
556,2021-10-22 04:24:13,16700.0,500.0,1264700.0
557,2021-10-22 04:24:01,16700.0,200.0,1264200.0
558,2021-10-22 04:23:58,16700.0,300.0,1264000.0
559,2021-10-22 04:23:52,16700.0,2000.0,1263700.0
560,2021-10-22 04:23:42,16700.0,500.0,1261700.0
561,2021-10-22 04:23:02,16750.0,5000.0,1261200.0
562,2021-10-22 04:22:51,16700.0,2500.0,1256200.0
563,2021-10-22 04:22:30,16700.0,1000.0,1253700.0
564,2021-10-22 04:22:29,16700.0,100.0,1252700.0
565,2021-10-22 04:21:00,16700.0,600.0,1252600.0
566,2021-10-22 04:21:00,16700.0,800.0,1252000.0
567,2021-10-22 04:19:50,16750.0,1900.0,1251200.0
568,2021-10-22 04:19:50,16700.0,3100.0,1249300.0
569,2021-10-22 04:19:48,16700.0,200.0,1246200.0
570,2021-10-22 04:19:42,16700.0,800.0,1246000.0
571,2021-10-22 04:19:32,16700.0,1000.0,1245200.0
572,2021-10-22 04:19:21,16700.0,500.0,1244200.0
573,2021-10-22 04:19:21,16700.0,3700.0,1243700.0
574,2021-10-22 04:19:06,16700.0,300.0,1240000.0
575,2021-10-22 04:19:02,16700.0,6000.0,1239700.0
576,2021-10-22 04:18:49,16750.0,2300.0,1233700.0
577,2021-10-22 04:18:37,16750.0,200.0,1231400.0
578,2021-10-22 04:18:37,16750.0,2500.0,1231200.0
579,2021-10-22 04:18:26,16750.0,2000.0,1228700.0
580,2021-10-22 04:18:22,16750.0,500.0,1226700.0
581,2021-10-22 04:18:19,16750.0,1000.0,1226200.0
582,2021-10-22 04:18:04,16750.0,2500.0,1225200.0
583,2021-10-22 04:18:04,16700.0,500.0,1222700.0
584,2021-10-22 04:17:49,16750.0,1500.0,1222200.0
585,2021-10-22 04:17:33,16800.0,900.0,1220700.0
586,2021-10-22 04:17:15,16800.0,200.0,1219800.0
587,2021-10-22 04:16:47,16800.0,1600.0,1219600.0
588,2021-10-22 04:16:47,16750.0,800.0,1218000.0
589,2021-10-22 04:16:47,16750.0,300.0,1217200.0
590,2021-10-22 04:16:47,16750.0,200.0,1216900.0
591,2021-10-22 04:16:47,16750.0,100.0,1216700.0
592,2021-10-22 04:16:47,16750.0,2000.0,1216600.0
593,2021-10-22 04:16:12,16750.0,2000.0,1214600.0
594,2021-10-22 04:16:02,16750.0,1000.0,1212600.0
595,2021-10-22 04:15:55,16750.0,5000.0,1211600.0
596,2021-10-22 04:15:49,16750.0,2000.0,1206600.0
597,2021-10-22 04:14:13,16750.0,200.0,1204600.0
598,2021-10-22 04:14:13,16700.0,800.0,1204400.0
599,2021-10-22 04:14:07,16700.0,10000.0,1203600.0
600,2021-10-22 04:13:50,16700.0,6500.0,1193600.0
601,2021-10-22 04:13:50,16700.0,2700.0,1187100.0
602,2021-10-22 04:13:19,16700.0,800.0,1184400.0
603,2021-10-22 04:13:19,16700.0,2000.0,1183600.0
604,2021-10-22 04:13:19,16700.0,4500.0,1181600.0
605,2021-10-22 04:13:09,16700.0,200.0,1177100.0
606,2021-10-22 04:12:59,16700.0,500.0,1176900.0
607,2021-10-22 04:12:53,16700.0,600.0,1176400.0
608,2021-10-22 04:12:46,16700.0,100.0,1175800.0
609,2021-10-22 04:12:18,16700.0,200.0,1175700.0
610,2021-10-22 04:11:32,16700.0,4000.0,1175500.0
611,2021-10-22 04:10:53,16700.0,10000.0,1171500.0
612,2021-10-22 04:10:47,16700.0,300.0,1161500.0
613,2021-10-22 04:10:40,16700.0,7000.0,1161200.0
614,2021-10-22 04:10:33,16700.0,10000.0,1154200.0
615,2021-10-22 04:10:33,16700.0,200.0,1144200.0
616,2021-10-22 04:10:33,16700.0,2400.0,1144000.0
617,2021-10-22 04:10:21,16750.0,1000.0,1141600.0
618,2021-10-22 04:09:46,16750.0,1500.0,1140600.0
619,2021-10-22 04:09:34,16750.0,5300.0,1139100.0
620,2021-10-22 04:09:29,16750.0,100.0,1133800.0
621,2021-10-22 04:09:25,16800.0,500.0,1133700.0
622,2021-10-22 04:09:21,16750.0,4600.0,1133200.0
623,2021-10-22 04:09:07,16750.0,500.0,1128600.0
624,2021-10-22 04:09:03,16750.0,2000.0,1128100.0
625,2021-10-22 04:09:00,16750.0,1000.0,1126100.0
626,2021-10-22 04:08:53,16750.0,900.0,1125100.0
627,2021-10-22 04:08:44,16750.0,100.0,1124200.0
628,2021-10-22 04:08:33,16750.0,400.0,1124100.0
629,2021-10-22 04:08:33,16750.0,200.0,1123700.0
630,2021-10-22 04:08:33,16750.0,19400.0,1123500.0
631,2021-10-22 04:08:25,16750.0,4000.0,1104100.0
632,2021-10-22 04:08:20,16750.0,3600.0,1100100.0
633,2021-10-22 04:08:01,16700.0,1400.0,1096500.0
634,2021-10-22 04:08:01,16750.0,3000.0,1095100.0
635,2021-10-22 04:08:01,16750.0,2000.0,1092100.0
636,2021-10-22 04:07:39,16700.0,100.0,1090100.0
637,2021-10-22 04:07:39,16700.0,2200.0,1090000.0
638,2021-10-22 04:07:39,16700.0,1000.0,1087800.0
639,2021-10-22 04:07:39,16700.0,2900.0,1086800.0
640,2021-10-22 04:05:24,16700.0,700.0,1083900.0
641,2021-10-22 04:05:24,16650.0,5300.0,1083200.0
642,2021-10-22 04:05:05,16650.0,500.0,1077900.0
643,2021-10-22 04:05:05,16650.0,1000.0,1077400.0
644,2021-10-22 04:05:05,16650.0,7500.0,1076400.0
645,2021-10-22 04:05:05,16650.0,100.0,1068900.0
646,2021-10-22 04:05:05,16650.0,7000.0,1068800.0
647,2021-10-22 04:05:05,16650.0,8600.0,1061800.0
648,2021-10-22 04:04:43,16700.0,100.0,1053200.0
649,2021-10-22 04:04:15,16650.0,6000.0,1053100.0
650,2021-10-22 04:03:40,16700.0,1300.0,1047100.0
651,2021-10-22 04:03:40,16700.0,300.0,1045800.0
652,2021-10-22 04:02:38,16700.0,1600.0,1045500.0
653,2021-10-22 04:00:55,16700.0,100.0,1043900.0
654,2021-10-22 04:00:24,16700.0,1300.0,1043800.0
655,2021-10-22 03:59:08,16700.0,200.0,1042500.0
656,2021-10-22 03:58:03,16700.0,200.0,1042300.0
657,2021-10-22 03:54:51,16700.0,1200.0,1042100.0
658,2021-10-22 03:53:49,16700.0,3000.0,1040900.0
659,2021-10-22 03:53:44,16700.0,1000.0,1037900.0
660,2021-10-22 03:53:21,16700.0,500.0,1036900.0
661,2021-10-22 03:53:21,16700.0,300.0,1036400.0
662,2021-10-22 03:53:21,16700.0,300.0,1036100.0
663,2021-10-22 03:53:13,16800.0,300.0,1035800.0
664,2021-10-22 03:53:13,16750.0,100.0,1035500.0
665,2021-10-22 03:53:13,16750.0,100.0,1035400.0
666,2021-10-22 03:53:13,16750.0,1000.0,1035300.0
667,2021-10-22 03:53:03,16700.0,2000.0,1034300.0
668,2021-10-22 03:52:18,16700.0,2700.0,1032300.0
669,2021-10-22 03:52:15,16700.0,1000.0,1029600.0
670,2021-10-22 03:52:02,16700.0,5000.0,1028600.0
671,2021-10-22 03:51:54,16700.0,300.0,1023600.0
672,2021-10-22 03:51:18,16700.0,1000.0,1023300.0
673,2021-10-22 03:51:18,16700.0,2000.0,1022300.0
674,2021-10-22 03:50:47,16700.0,500.0,1020300.0
675,2021-10-22 03:50:45,16700.0,2500.0,1019800.0
676,2021-10-22 03:50:38,16700.0,4000.0,1017300.0
677,2021-10-22 03:50:28,16700.0,3500.0,1013300.0
678,2021-10-22 03:50:02,16700.0,500.0,1009800.0
679,2021-10-22 03:49:59,16700.0,100.0,1009300.0
680,2021-10-22 03:49:59,16700.0,1000.0,1009200.0
681,2021-10-22 03:49:59,16700.0,4900.0,1008200.0
682,2021-10-22 03:47:54,16800.0,1900.0,1003300.0
683,2021-10-22 03:47:39,16700.0,10100.0,1001400.0
684,2021-10-22 03:47:30,16700.0,1000.0,991300.0
685,2021-10-22 03:47:15,16700.0,3900.0,990300.0
686,2021-10-22 03:47:02,16700.0,5000.0,986400.0
687,2021-10-22 03:46:34,16800.0,500.0,981400.0
688,2021-10-22 03:46:34,16700.0,2500.0,980900.0
689,2021-10-22 03:46:29,16700.0,500.0,978400.0
690,2021-10-22 03:46:15,16700.0,10000.0,977900.0
691,2021-10-22 03:46:09,16700.0,200.0,967900.0
692,2021-10-22 03:46:09,16700.0,2000.0,967700.0
693,2021-10-22 03:46:09,16700.0,2000.0,965700.0
694,2021-10-22 03:46:09,16700.0,300.0,963700.0
695,2021-10-22 03:46:09,16700.0,4100.0,963400.0
696,2021-10-22 03:46:09,16700.0,5000.0,959300.0
697,2021-10-22 03:46:09,16700.0,7400.0,954300.0
698,2021-10-22 03:46:09,16750.0,1000.0,946900.0
699,2021-10-22 03:45:58,16800.0,100.0,945900.0
700,2021-10-22 03:45:58,16750.0,400.0,945800.0
701,2021-10-22 03:45:51,16750.0,100.0,945400.0
702,2021-10-22 03:45:26,16750.0,300.0,945300.0
703,2021-10-22 03:45:11,16750.0,100.0,945000.0
704,2021-10-22 03:45:01,16800.0,200.0,944900.0
705,2021-10-22 03:44:49,16800.0,3000.0,944700.0
706,2021-10-22 03:44:44,16800.0,1000.0,941700.0
707,2021-10-22 03:44:23,16800.0,1300.0,940700.0
708,2021-10-22 03:44:16,16800.0,500.0,939400.0
709,2021-10-22 03:44:07,16800.0,2500.0,938900.0
710,2021-10-22 03:43:55,16800.0,1000.0,936400.0
711,2021-10-22 03:43:50,16800.0,600.0,935400.0
712,2021-10-22 03:43:36,16800.0,1000.0,934800.0
713,2021-10-22 03:43:35,16700.0,2000.0,933800.0
714,2021-10-22 03:43:32,16800.0,300.0,931800.0
715,2021-10-22 03:43:17,16800.0,400.0,931500.0
716,2021-10-22 03:43:17,16800.0,2000.0,931100.0
717,2021-10-22 03:43:14,16800.0,1400.0,929100.0
718,2021-10-22 03:43:10,16800.0,500.0,927700.0
719,2021-10-22 03:43:07,16800.0,800.0,927200.0
720,2021-10-22 03:43:03,16800.0,1000.0,926400.0
721,2021-10-22 03:43:00,16800.0,600.0,925400.0
722,2021-10-22 03:42:57,16800.0,2000.0,924800.0
723,2021-10-22 03:42:43,16800.0,18000.0,922800.0
724,2021-10-22 03:42:39,16800.0,400.0,904800.0
725,2021-10-22 03:42:33,16800.0,800.0,904400.0
726,2021-10-22 03:42:16,16800.0,700.0,903600.0
727,2021-10-22 03:42:16,16750.0,400.0,902900.0
728,2021-10-22 03:42:16,16750.0,500.0,902500.0
729,2021-10-22 03:42:16,16750.0,1500.0,902000.0
730,2021-10-22 03:42:16,16750.0,300.0,900500.0
731,2021-10-22 03:42:16,16750.0,400.0,900200.0
732,2021-10-22 03:42:16,16750.0,100.0,899800.0
733,2021-10-22 03:42:16,16750.0,100.0,899700.0
734,2021-10-22 03:42:16,16750.0,1000.0,899600.0
735,2021-10-22 03:42:05,16750.0,1000.0,898600.0
736,2021-10-22 03:41:51,16750.0,200.0,897600.0
737,2021-10-22 03:41:25,16750.0,1000.0,897400.0
738,2021-10-22 03:41:17,16750.0,300.0,896400.0
739,2021-10-22 03:41:00,16750.0,10000.0,896100.0
740,2021-10-22 03:40:51,16750.0,1300.0,886100.0
741,2021-10-22 03:40:34,16750.0,200.0,884800.0
742,2021-10-22 03:40:32,16750.0,1000.0,884600.0
743,2021-10-22 03:40:04,16750.0,2200.0,883600.0
744,2021-10-22 03:39:38,16750.0,2200.0,881400.0
745,2021-10-22 03:39:29,16750.0,1000.0,879200.0
746,2021-10-22 03:39:20,16750.0,4000.0,878200.0
747,2021-10-22 03:38:42,16750.0,5600.0,874200.0
748,2021-10-22 03:38:42,16750.0,2000.0,868600.0
749,2021-10-22 03:38:42,16750.0,2400.0,866600.0
750,2021-10-22 03:38:33,16700.0,300.0,864200.0
751,2021-10-22 03:38:33,16700.0,300.0,863900.0
752,2021-10-22 03:38:24,16700.0,400.0,863600.0
753,2021-10-22 03:38:22,16700.0,300.0,863200.0
754,2021-10-22 03:38:22,16700.0,200.0,862900.0
755,2021-10-22 03:38:22,16700.0,1500.0,862700.0
756,2021-10-22 03:38:22,16700.0,2000.0,861200.0
757,2021-10-22 03:38:22,16700.0,1000.0,859200.0
758,2021-10-22 03:38:20,16700.0,1000.0,858200.0
759,2021-10-22 03:38:15,16700.0,800.0,857200.0
760,2021-10-22 03:38:10,16700.0,200.0,856400.0
761,2021-10-22 03:38:10,16700.0,2500.0,856200.0
762,2021-10-22 03:38:10,16700.0,300.0,853700.0
763,2021-10-22 03:37:39,16700.0,200.0,853400.0
764,2021-10-22 03:37:39,16700.0,300.0,853200.0
765,2021-10-22 03:37:39,16700.0,100.0,852900.0
766,2021-10-22 03:37:34,16700.0,900.0,852800.0
767,2021-10-22 03:37:34,16700.0,400.0,851900.0
768,2021-10-22 03:37:34,16700.0,700.0,851500.0
769,2021-10-22 03:37:26,16700.0,1000.0,850800.0
770,2021-10-22 03:36:16,16700.0,900.0,849800.0
771,2021-10-22 03:35:53,16650.0,400.0,848900.0
772,2021-10-22 03:35:42,16650.0,3000.0,848500.0
773,2021-10-22 03:35:34,16650.0,1000.0,845500.0
774,2021-10-22 03:35:34,16650.0,600.0,844500.0
775,2021-10-22 03:35:22,16650.0,400.0,843900.0
776,2021-10-22 03:35:17,16650.0,2000.0,843500.0
777,2021-10-22 03:35:16,16650.0,200.0,841500.0
778,2021-10-22 03:35:12,16650.0,6400.0,841300.0
779,2021-10-22 03:35:03,16650.0,100.0,834900.0
780,2021-10-22 03:35:03,16650.0,1500.0,834800.0
781,2021-10-22 03:35:02,16650.0,1000.0,833300.0
782,2021-10-22 03:34:56,16650.0,1500.0,832300.0
783,2021-10-22 03:34:51,16650.0,1000.0,830800.0
784,2021-10-22 03:34:48,16650.0,1000.0,829800.0
785,2021-10-22 03:34:32,16700.0,100.0,828800.0
786,2021-10-22 03:34:32,16650.0,900.0,828700.0
787,2021-10-22 03:34:23,16650.0,1100.0,827800.0
788,2021-10-22 03:33:23,16650.0,100.0,826700.0
789,2021-10-22 03:33:17,16650.0,800.0,826600.0
790,2021-10-22 03:33:13,16650.0,1000.0,825800.0
791,2021-10-22 03:33:08,16650.0,5000.0,824800.0
792,2021-10-22 03:33:00,16650.0,3000.0,819800.0
793,2021-10-22 03:33:00,16650.0,200.0,816800.0
794,2021-10-22 03:32:32,16650.0,800.0,816600.0
795,2021-10-22 03:32:02,16650.0,100.0,815800.0
796,2021-10-22 03:31:57,16650.0,300.0,815700.0
797,2021-10-22 03:31:52,16650.0,500.0,815400.0
798,2021-10-22 03:31:48,16650.0,100.0,814900.0
799,2021-10-22 03:31:18,16650.0,100.0,814800.0
800,2021-10-22 03:31:18,16650.0,900.0,814700.0
801,2021-10-22 03:31:02,16650.0,3500.0,813800.0
802,2021-10-22 03:31:02,16650.0,100.0,810300.0
803,2021-10-22 03:30:08,16650.0,1000.0,810200.0
804,2021-10-22 03:30:01,16650.0,2000.0,809200.0
805,2021-10-22 03:29:51,16650.0,1000.0,807200.0
806,2021-10-22 03:29:51,16650.0,1500.0,806200.0
807,2021-10-22 03:28:49,16700.0,500.0,804700.0
808,2021-10-22 03:28:30,16700.0,800.0,804200.0
809,2021-10-22 03:28:22,16600.0,4600.0,803400.0
810,2021-10-22 03:28:22,16600.0,9900.0,798800.0
811,2021-10-22 03:28:22,16600.0,100.0,788900.0
812,2021-10-22 03:28:22,16600.0,1500.0,788800.0
813,2021-10-22 03:28:22,16600.0,3900.0,787300.0
814,2021-10-22 03:25:02,16700.0,100.0,783400.0
815,2021-10-22 03:24:36,16700.0,200.0,783300.0
816,2021-10-22 03:24:20,16600.0,1100.0,783100.0
817,2021-10-22 03:24:09,16600.0,3000.0,782000.0
818,2021-10-22 03:24:09,16600.0,2000.0,779000.0
819,2021-10-22 03:24:09,16600.0,8900.0,777000.0
820,2021-10-22 03:23:48,16700.0,400.0,768100.0
821,2021-10-22 03:23:48,16650.0,2100.0,767700.0
822,2021-10-22 03:23:32,16650.0,2000.0,765600.0
823,2021-10-22 03:23:28,16650.0,500.0,763600.0
824,2021-10-22 03:23:24,16650.0,1000.0,763100.0
825,2021-10-22 03:23:16,16650.0,4400.0,762100.0
826,2021-10-22 03:23:08,16650.0,300.0,757700.0
827,2021-10-22 03:23:03,16700.0,300.0,757400.0
828,2021-10-22 03:22:53,16650.0,1800.0,757100.0
829,2021-10-22 03:22:53,16650.0,3000.0,755300.0
830,2021-10-22 03:22:53,16650.0,5000.0,752300.0
831,2021-10-22 03:22:53,16650.0,500.0,747300.0
832,2021-10-22 03:21:45,16600.0,11100.0,746800.0
833,2021-10-22 03:21:39,16600.0,100.0,735700.0
834,2021-10-22 03:21:39,16600.0,100.0,735600.0
835,2021-10-22 03:21:39,16600.0,1000.0,735500.0
836,2021-10-22 03:21:39,16600.0,2700.0,734500.0
837,2021-10-22 03:20:56,16600.0,100.0,731800.0
838,2021-10-22 03:20:00,16600.0,200.0,731700.0
839,2021-10-22 03:19:54,16600.0,2000.0,731500.0
840,2021-10-22 03:19:44,16600.0,5000.0,729500.0
841,2021-10-22 03:19:20,16600.0,100.0,724500.0
842,2021-10-22 03:19:20,16600.0,500.0,724400.0
843,2021-10-22 03:19:20,16600.0,800.0,723900.0
844,2021-10-22 03:19:20,16600.0,1400.0,723100.0
845,2021-10-22 03:19:16,16600.0,300.0,721700.0
846,2021-10-22 03:18:47,16600.0,300.0,721400.0
847,2021-10-22 03:18:47,16600.0,200.0,721100.0
848,2021-10-22 03:18:39,16650.0,3000.0,720900.0
849,2021-10-22 03:18:05,16650.0,1000.0,717900.0
850,2021-10-22 03:17:54,16600.0,4800.0,716900.0
851,2021-10-22 03:17:54,16600.0,800.0,712100.0
852,2021-10-22 03:17:54,16600.0,2000.0,711300.0
853,2021-10-22 03:17:54,16600.0,2400.0,709300.0
854,2021-10-22 03:17:30,16650.0,500.0,706900.0
855,2021-10-22 03:17:13,16650.0,300.0,706400.0
856,2021-10-22 03:16:57,16650.0,3000.0,706100.0
857,2021-10-22 03:16:46,16650.0,1000.0,703100.0
858,2021-10-22 03:16:35,16650.0,1200.0,702100.0
859,2021-10-22 03:16:04,16650.0,5000.0,700900.0
860,2021-10-22 03:15:15,16600.0,100.0,695900.0
861,2021-10-22 03:15:09,16600.0,1000.0,695800.0
862,2021-10-22 03:15:09,16600.0,100.0,694800.0
863,2021-10-22 03:15:09,16600.0,500.0,694700.0
864,2021-10-22 03:15:09,16600.0,500.0,694200.0
865,2021-10-22 03:15:09,16600.0,1400.0,693700.0
866,2021-10-22 03:14:41,16600.0,200.0,692300.0
867,2021-10-22 03:14:41,16600.0,3000.0,692100.0
868,2021-10-22 03:14:41,16600.0,100.0,689100.0
869,2021-10-22 03:14:41,16600.0,1000.0,689000.0
870,2021-10-22 03:14:41,16600.0,4300.0,688000.0
871,2021-10-22 03:14:38,16600.0,300.0,683700.0
872,2021-10-22 03:14:22,16600.0,100.0,683400.0
873,2021-10-22 03:12:57,16600.0,400.0,683300.0
874,2021-10-22 03:12:07,16600.0,4900.0,682900.0
875,2021-10-22 03:12:06,16600.0,1000.0,678000.0
876,2021-10-22 03:11:57,16600.0,5000.0,677000.0
877,2021-10-22 03:11:33,16600.0,3000.0,672000.0
878,2021-10-22 03:11:22,16600.0,1100.0,669000.0
879,2021-10-22 03:11:10,16600.0,400.0,667900.0
880,2021-10-22 03:11:10,16600.0,500.0,667500.0
881,2021-10-22 03:10:26,16650.0,9500.0,667000.0
882,2021-10-22 03:10:26,16600.0,100.0,657500.0
883,2021-10-22 03:10:17,16600.0,2900.0,657400.0
884,2021-10-22 03:10:11,16650.0,500.0,654500.0
885,2021-10-22 03:10:11,16650.0,1000.0,654000.0
886,2021-10-22 03:10:11,16650.0,2500.0,653000.0
887,2021-10-22 03:10:01,16600.0,1000.0,650500.0
888,2021-10-22 03:10:01,16600.0,1000.0,649500.0
889,2021-10-22 03:10:01,16600.0,100.0,648500.0
890,2021-10-22 03:09:52,16600.0,500.0,648400.0
891,2021-10-22 03:09:43,16600.0,4000.0,647900.0
892,2021-10-22 03:09:21,16600.0,1000.0,643900.0
893,2021-10-22 03:09:18,16600.0,2000.0,642900.0
894,2021-10-22 03:09:18,16600.0,100.0,640900.0
895,2021-10-22 03:09:18,16600.0,500.0,640800.0
896,2021-10-22 03:09:18,16600.0,2800.0,640300.0
897,2021-10-22 03:06:27,16650.0,500.0,637500.0
898,2021-10-22 03:06:13,16600.0,300.0,637000.0
899,2021-10-22 03:06:13,16600.0,41900.0,636700.0
900,2021-10-22 03:05:53,16600.0,1000.0,594800.0
901,2021-10-22 03:05:45,16600.0,800.0,593800.0
902,2021-10-22 03:05:27,16600.0,5000.0,593000.0
903,2021-10-22 03:05:27,16600.0,1300.0,588000.0
904,2021-10-22 03:04:44,16650.0,1000.0,586700.0
905,2021-10-22 03:04:34,16600.0,3700.0,585700.0
906,2021-10-22 03:04:21,16600.0,4200.0,582000.0
907,2021-10-22 03:04:21,16600.0,2100.0,577800.0
908,2021-10-22 03:04:07,16600.0,1000.0,575700.0
909,2021-10-22 03:04:07,16600.0,4400.0,574700.0
910,2021-10-22 03:03:23,16600.0,2000.0,570300.0
911,2021-10-22 03:02:27,16550.0,400.0,568300.0
912,2021-10-22 03:01:23,16600.0,100.0,567900.0
913,2021-10-22 03:01:01,16600.0,500.0,567800.0
914,2021-10-22 03:00:55,16650.0,1000.0,567300.0
915,2021-10-22 03:00:10,16700.0,200.0,566300.0
916,2021-10-22 03:00:10,16650.0,2200.0,566100.0
917,2021-10-22 03:00:10,16600.0,600.0,563900.0
918,2021-10-22 02:59:56,16600.0,400.0,563300.0
919,2021-10-22 02:59:56,16600.0,200.0,562900.0
920,2021-10-22 02:59:56,16600.0,4400.0,562700.0
921,2021-10-22 02:59:12,16600.0,600.0,558300.0
922,2021-10-22 02:59:12,16600.0,1400.0,557700.0
923,2021-10-22 02:58:51,16600.0,500.0,556300.0
924,2021-10-22 02:58:03,16600.0,8700.0,555800.0
925,2021-10-22 02:57:32,16550.0,900.0,547100.0
926,2021-10-22 02:57:32,16550.0,100.0,546200.0
927,2021-10-22 02:56:56,16600.0,1000.0,546100.0
928,2021-10-22 02:56:52,16600.0,200.0,545100.0
929,2021-10-22 02:56:52,16600.0,1000.0,544900.0
930,2021-10-22 02:56:52,16600.0,800.0,543900.0
931,2021-10-22 02:56:52,16600.0,1000.0,543100.0
932,2021-10-22 02:56:52,16600.0,200.0,542100.0
933,2021-10-22 02:56:52,16600.0,100.0,541900.0
934,2021-10-22 02:56:52,16600.0,600.0,541800.0
935,2021-10-22 02:56:52,16600.0,1000.0,541200.0
936,2021-10-22 02:56:52,16600.0,100.0,540200.0
937,2021-10-22 02:56:52,16600.0,400.0,540100.0
938,2021-10-22 02:56:52,16600.0,1000.0,539700.0
939,2021-10-22 02:56:52,16600.0,200.0,538700.0
940,2021-10-22 02:56:52,16600.0,600.0,538500.0
941,2021-10-22 02:56:52,16600.0,11200.0,537900.0
942,2021-10-22 02:56:25,16600.0,3800.0,526700.0
943,2021-10-22 02:56:25,16600.0,100.0,522900.0
944,2021-10-22 02:56:25,16600.0,3100.0,522800.0
945,2021-10-22 02:56:16,16600.0,200.0,519700.0
946,2021-10-22 02:54:56,16650.0,200.0,519500.0
947,2021-10-22 02:54:51,16650.0,600.0,519300.0
948,2021-10-22 02:54:03,16650.0,1500.0,518700.0
949,2021-10-22 02:52:22,16600.0,700.0,517200.0
950,2021-10-22 02:52:22,16600.0,300.0,516500.0
951,2021-10-22 02:52:08,16650.0,1000.0,516200.0
952,2021-10-22 02:50:43,16650.0,300.0,515200.0
953,2021-10-22 02:50:43,16650.0,4200.0,514900.0
954,2021-10-22 02:50:35,16650.0,200.0,510700.0
955,2021-10-22 02:49:47,16700.0,100.0,510500.0
956,2021-10-22 02:49:36,16650.0,5600.0,510400.0
957,2021-10-22 02:49:01,16650.0,100.0,504800.0
958,2021-10-22 02:46:57,16650.0,1000.0,504700.0
959,2021-10-22 02:46:29,16650.0,2000.0,503700.0
960,2021-10-22 02:45:57,16650.0,4500.0,501700.0
961,2021-10-22 02:45:41,16650.0,6800.0,497200.0
962,2021-10-22 02:45:36,16650.0,3200.0,490400.0
963,2021-10-22 02:44:42,16700.0,4700.0,487200.0
964,2021-10-22 02:44:19,16700.0,300.0,482500.0
965,2021-10-22 02:42:42,16750.0,300.0,482200.0
966,2021-10-22 02:42:42,16700.0,2200.0,481900.0
967,2021-10-22 02:42:30,16700.0,7600.0,479700.0
968,2021-10-22 02:42:24,16700.0,2400.0,472100.0
969,2021-10-22 02:42:18,16700.0,1000.0,469700.0
970,2021-10-22 02:42:02,16700.0,20000.0,468700.0
971,2021-10-22 02:41:51,16700.0,1000.0,448700.0
972,2021-10-22 02:41:51,16700.0,5600.0,447700.0
973,2021-10-22 02:41:43,16700.0,500.0,442100.0
974,2021-10-22 02:41:39,16700.0,1000.0,441600.0
975,2021-10-22 02:41:19,16700.0,7000.0,440600.0
976,2021-10-22 02:41:19,16700.0,900.0,433600.0
977,2021-10-22 02:41:06,16700.0,300.0,432700.0
978,2021-10-22 02:41:04,16700.0,1000.0,432400.0
979,2021-10-22 02:40:28,16700.0,300.0,431400.0
980,2021-10-22 02:39:50,16700.0,3000.0,431100.0
981,2021-10-22 02:39:32,16700.0,3500.0,428100.0
982,2021-10-22 02:39:19,16700.0,500.0,424600.0
983,2021-10-22 02:39:19,16700.0,5000.0,424100.0
984,2021-10-22 02:39:19,16700.0,1000.0,419100.0
985,2021-10-22 02:38:51,16750.0,1300.0,418100.0
986,2021-10-22 02:38:51,16700.0,100.0,416800.0
987,2021-10-22 02:38:51,16700.0,500.0,416700.0
988,2021-10-22 02:38:51,16700.0,8100.0,416200.0
989,2021-10-22 02:38:32,16700.0,1000.0,408100.0
990,2021-10-22 02:37:47,16700.0,500.0,407100.0
991,2021-10-22 02:37:47,16700.0,5400.0,406600.0
992,2021-10-22 02:37:41,16700.0,6000.0,401200.0
993,2021-10-22 02:37:29,16700.0,100.0,395200.0
994,2021-10-22 02:37:29,16700.0,6500.0,395100.0
995,2021-10-22 02:36:54,16700.0,200.0,388600.0
996,2021-10-22 02:36:20,16700.0,6900.0,388400.0
997,2021-10-22 02:35:53,16700.0,15000.0,381500.0
998,2021-10-22 02:35:26,16700.0,1400.0,366500.0
999,2021-10-22 02:35:26,16700.0,1000.0,365100.0
1000,2021-10-22 02:35:26,16700.0,600.0,364100.0
1001,2021-10-22 02:35:02,16700.0,200.0,363500.0
1002,2021-10-22 02:34:46,16700.0,2000.0,363300.0
1003,2021-10-22 02:33:49,16700.0,3900.0,361300.0
1004,2021-10-22 02:33:35,16700.0,3300.0,357400.0
1005,2021-10-22 02:33:26,16750.0,100.0,354100.0
1006,2021-10-22 02:33:14,16700.0,300.0,354000.0
1007,2021-10-22 02:33:14,16700.0,1400.0,353700.0
1008,2021-10-22 02:32:58,16700.0,500.0,352300.0
1009,2021-10-22 02:32:53,16700.0,100.0,351800.0
1010,2021-10-22 02:32:42,16700.0,500.0,351700.0
1011,2021-10-22 02:32:36,16700.0,2100.0,351200.0
1012,2021-10-22 02:32:35,16700.0,2000.0,349100.0
1013,2021-10-22 02:32:28,16600.0,100.0,347100.0
1014,2021-10-22 02:31:39,16700.0,100.0,347000.0
1015,2021-10-22 02:31:26,16700.0,10000.0,346900.0
1016,2021-10-22 02:31:20,16700.0,2000.0,336900.0
1017,2021-10-22 02:31:02,16700.0,1300.0,334900.0
1018,2021-10-22 02:30:47,16700.0,800.0,333600.0
1019,2021-10-22 02:30:28,16600.0,100.0,332800.0
1020,2021-10-22 02:30:13,16700.0,10000.0,332700.0
1021,2021-10-22 02:29:53,16700.0,100.0,322700.0
1022,2021-10-22 02:29:53,16700.0,1200.0,322600.0
1023,2021-10-22 02:29:53,16700.0,2900.0,321400.0
1024,2021-10-22 02:29:40,16700.0,500.0,318500.0
1025,2021-10-22 02:29:19,16750.0,100.0,318000.0
1026,2021-10-22 02:29:02,16700.0,1600.0,317900.0
1027,2021-10-22 02:29:01,16700.0,2000.0,316300.0
1028,2021-10-22 02:28:41,16700.0,5000.0,314300.0
1029,2021-10-22 02:28:16,16700.0,100.0,309300.0
1030,2021-10-22 02:28:16,16700.0,500.0,309200.0
1031,2021-10-22 02:28:16,16700.0,10000.0,308700.0
1032,2021-10-22 02:28:16,16700.0,2000.0,298700.0
1033,2021-10-22 02:28:16,16700.0,5000.0,296700.0
1034,2021-10-22 02:28:16,16700.0,3800.0,291700.0
1035,2021-10-22 02:27:51,16750.0,1000.0,287900.0
1036,2021-10-22 02:27:43,16700.0,200.0,286900.0
1037,2021-10-22 02:27:01,16750.0,5000.0,286700.0
1038,2021-10-22 02:27:00,16750.0,600.0,281700.0
1039,2021-10-22 02:26:55,16800.0,10000.0,281100.0
1040,2021-10-22 02:26:46,16800.0,1100.0,271100.0
1041,2021-10-22 02:26:38,16800.0,2000.0,270000.0
1042,2021-10-22 02:26:32,16800.0,1400.0,268000.0
1043,2021-10-22 02:26:22,16800.0,2500.0,266600.0
1044,2021-10-22 02:26:12,16800.0,30000.0,264100.0
1045,2021-10-22 02:25:41,16800.0,500.0,234100.0
1046,2021-10-22 02:25:41,16800.0,200.0,233600.0
1047,2021-10-22 02:25:41,16800.0,100.0,233400.0
1048,2021-10-22 02:25:41,16750.0,1000.0,233300.0
1049,2021-10-22 02:25:41,16750.0,5000.0,232300.0
1050,2021-10-22 02:25:41,16750.0,1000.0,227300.0
1051,2021-10-22 02:25:41,16750.0,200.0,226300.0
1052,2021-10-22 02:25:15,16750.0,300.0,226100.0
1053,2021-10-22 02:25:15,16750.0,1000.0,225800.0
1054,2021-10-22 02:25:15,16750.0,700.0,224800.0
1055,2021-10-22 02:25:09,16750.0,500.0,224100.0
1056,2021-10-22 02:25:09,16750.0,1500.0,223600.0
1057,2021-10-22 02:24:27,16750.0,100.0,222100.0
1058,2021-10-22 02:24:25,16750.0,400.0,222000.0
1059,2021-10-22 02:24:25,16750.0,600.0,221600.0
1060,2021-10-22 02:24:21,16750.0,4200.0,221000.0
1061,2021-10-22 02:24:05,16750.0,3000.0,216800.0
1062,2021-10-22 02:23:57,16750.0,1000.0,213800.0
1063,2021-10-22 02:23:45,16750.0,800.0,212800.0
1064,2021-10-22 02:23:28,16750.0,5000.0,212000.0
1065,2021-10-22 02:23:28,16700.0,200.0,207000.0
1066,2021-10-22 02:23:20,16750.0,1000.0,206800.0
1067,2021-10-22 02:23:12,16750.0,3300.0,205800.0
1068,2021-10-22 02:23:05,16700.0,8000.0,202500.0
1069,2021-10-22 02:23:03,16750.0,1200.0,194500.0
1070,2021-10-22 02:22:55,16750.0,3000.0,193300.0
1071,2021-10-22 02:22:37,16750.0,12000.0,190300.0
1072,2021-10-22 02:22:20,16750.0,1300.0,178300.0
1073,2021-10-22 02:22:16,16700.0,1000.0,177000.0
1074,2021-10-22 02:22:10,16700.0,6800.0,176000.0
1075,2021-10-22 02:22:00,16700.0,3200.0,169200.0
1076,2021-10-22 02:22:00,16700.0,2800.0,166000.0
1077,2021-10-22 02:21:47,16700.0,10000.0,163200.0
1078,2021-10-22 02:21:47,16700.0,7200.0,153200.0
1079,2021-10-22 02:21:39,16700.0,800.0,146000.0
1080,2021-10-22 02:21:39,16700.0,2000.0,145200.0
1081,2021-10-22 02:21:30,16700.0,8000.0,143200.0
1082,2021-10-22 02:21:17,16700.0,5000.0,135200.0
1083,2021-10-22 02:21:17,16700.0,4000.0,130200.0
1084,2021-10-22 02:21:17,16700.0,11000.0,126200.0
1085,2021-10-22 02:21:04,16700.0,100.0,115200.0
1086,2021-10-22 02:21:00,16750.0,500.0,115100.0
1087,2021-10-22 02:20:40,16700.0,2400.0,114600.0
1088,2021-10-22 02:20:40,16700.0,1000.0,112200.0
1089,2021-10-22 02:20:40,16700.0,100.0,111200.0
1090,2021-10-22 02:20:40,16700.0,100.0,111100.0
1091,2021-10-22 02:20:40,16700.0,15300.0,111000.0
1092,2021-10-22 02:20:32,16700.0,1000.0,95700.0
1093,2021-10-22 02:20:23,16700.0,2400.0,94700.0
1094,2021-10-22 02:20:10,16700.0,10000.0,92300.0
1095,2021-10-22 02:19:42,16700.0,5000.0,82300.0
1096,2021-10-22 02:19:33,16700.0,2400.0,77300.0
1097,2021-10-22 02:19:21,16700.0,10000.0,74900.0
1098,2021-10-22 02:19:17,16600.0,1000.0,64900.0
1099,2021-10-22 02:19:04,16700.0,100.0,63900.0
1100,2021-10-22 02:19:04,16650.0,1700.0,63800.0
1101,2021-10-22 02:19:04,16650.0,200.0,62100.0
1102,2021-10-22 02:18:32,16600.0,5500.0,61900.0
1103,2021-10-22 02:18:22,16600.0,2500.0,56400.0
1104,2021-10-22 02:18:11,16600.0,200.0,53900.0
1105,2021-10-22 02:18:11,16600.0,1000.0,53700.0
1106,2021-10-22 02:18:11,16600.0,20000.0,52700.0
1107,2021-10-22 02:18:11,16600.0,100.0,32700.0
1108,2021-10-22 02:18:11,16650.0,700.0,32600.0
1109,2021-10-22 02:17:51,16650.0,4300.0,31900.0
1110,2021-10-22 02:17:28,16650.0,2500.0,27600.0
1111,2021-10-22 02:17:16,16650.0,3200.0,25100.0
1112,2021-10-22 02:16:46,16700.0,5000.0,21900.0
1113,2021-10-22 02:16:46,16650.0,10000.0,16900.0
1114,2021-10-22 02:15:47,16650.0,5000.0,6900.0
1115,2021-10-22 02:15:00,16600.0,200.0,1900.0
1116,2021-10-22 02:15:00,16600.0,100.0,1700.0
1117,2021-10-22 02:15:00,16600.0,100.0,1600.0
1118,2021-10-22 02:15:00,16600.0,800.0,1500.0
1119,2021-10-22 02:15:00,16600.0,100.0,700.0
1120,2021-10-22 02:15:00,16600.0,100.0,600.0
1121,2021-10-22 02:15:00,16600.0,100.0,500.0
1122,2021-10-22 02:15:00,16600.0,400.0,400.0
