,Time,Price,Volume_per_trade,Volume
0,2021-10-20 07:45:01,31600.0,400.0,339100.0
1,2021-10-20 07:45:01,31600.0,200.0,338700.0
2,2021-10-20 07:45:01,31600.0,400.0,338500.0
3,2021-10-20 07:45:01,31600.0,100.0,338100.0
4,2021-10-20 07:45:01,31600.0,100.0,338000.0
5,2021-10-20 07:45:01,31600.0,4400.0,337900.0
6,2021-10-20 07:45:01,31600.0,2000.0,333500.0
7,2021-10-20 07:45:01,31600.0,2000.0,331500.0
8,2021-10-20 07:45:01,31600.0,500.0,329500.0
9,2021-10-20 07:45:01,31600.0,500.0,329000.0
10,2021-10-20 07:45:01,31600.0,100.0,328500.0
11,2021-10-20 07:45:01,31600.0,1000.0,328400.0
12,2021-10-20 07:45:01,31600.0,500.0,327400.0
13,2021-10-20 07:45:01,31600.0,200.0,326900.0
14,2021-10-20 07:45:01,31600.0,100.0,326700.0
15,2021-10-20 07:45:01,31600.0,2000.0,326600.0
16,2021-10-20 07:45:01,31600.0,200.0,324600.0
17,2021-10-20 07:45:01,31600.0,3000.0,324400.0
18,2021-10-20 07:45:01,31600.0,500.0,321400.0
19,2021-10-20 07:45:01,31600.0,500.0,320900.0
20,2021-10-20 07:45:01,31600.0,800.0,320400.0
21,2021-10-20 07:45:01,31600.0,200.0,319600.0
22,2021-10-20 07:45:01,31600.0,400.0,319400.0
23,2021-10-20 07:45:01,31600.0,10000.0,319000.0
24,2021-10-20 07:45:01,31600.0,400.0,309000.0
25,2021-10-20 07:45:01,31600.0,100.0,308600.0
26,2021-10-20 07:45:01,31600.0,600.0,308500.0
27,2021-10-20 07:45:01,31600.0,100.0,307900.0
28,2021-10-20 07:28:30,31350.0,1000.0,307800.0
29,2021-10-20 07:27:35,31350.0,4000.0,306800.0
30,2021-10-20 07:26:56,31350.0,100.0,302800.0
31,2021-10-20 07:26:56,31350.0,400.0,302700.0
32,2021-10-20 07:26:46,31350.0,100.0,302300.0
33,2021-10-20 07:25:54,31300.0,1000.0,302200.0
34,2021-10-20 07:24:54,31250.0,1900.0,301200.0
35,2021-10-20 07:24:02,31350.0,100.0,299300.0
36,2021-10-20 07:23:06,31350.0,500.0,299200.0
37,2021-10-20 07:23:06,31300.0,400.0,298700.0
38,2021-10-20 07:23:01,31300.0,200.0,298300.0
39,2021-10-20 07:23:01,31300.0,1000.0,298100.0
40,2021-10-20 07:23:01,31300.0,200.0,297100.0
41,2021-10-20 07:23:01,31300.0,100.0,296900.0
42,2021-10-20 07:23:01,31300.0,800.0,296800.0
43,2021-10-20 07:23:01,31300.0,100.0,296000.0
44,2021-10-20 07:23:01,31300.0,500.0,295900.0
45,2021-10-20 07:23:01,31300.0,100.0,295400.0
46,2021-10-20 07:23:01,31300.0,1000.0,295300.0
47,2021-10-20 07:23:01,31300.0,3900.0,294300.0
48,2021-10-20 07:22:59,31300.0,400.0,290400.0
49,2021-10-20 07:22:44,31300.0,1700.0,290000.0
50,2021-10-20 07:22:23,31300.0,1600.0,288300.0
51,2021-10-20 07:21:58,31300.0,2400.0,286700.0
52,2021-10-20 07:21:58,31300.0,100.0,284300.0
53,2021-10-20 07:21:58,31300.0,2000.0,284200.0
54,2021-10-20 07:21:58,31350.0,500.0,282200.0
55,2021-10-20 07:21:53,31350.0,1000.0,281700.0
56,2021-10-20 07:21:33,31300.0,500.0,280700.0
57,2021-10-20 07:21:00,31300.0,2300.0,280200.0
58,2021-10-20 07:20:09,31350.0,500.0,277900.0
59,2021-10-20 07:19:56,31350.0,100.0,277400.0
60,2021-10-20 07:18:28,31350.0,100.0,277300.0
61,2021-10-20 07:18:24,31350.0,4300.0,277200.0
62,2021-10-20 07:17:43,31350.0,1000.0,272900.0
63,2021-10-20 07:17:36,31400.0,200.0,271900.0
64,2021-10-20 07:16:54,31350.0,500.0,271700.0
65,2021-10-20 07:16:17,31350.0,1000.0,271200.0
66,2021-10-20 07:16:17,31350.0,1100.0,270200.0
67,2021-10-20 07:16:17,31350.0,800.0,269100.0
68,2021-10-20 07:16:17,31350.0,100.0,268300.0
69,2021-10-20 07:16:17,31350.0,100.0,268200.0
70,2021-10-20 07:16:17,31350.0,100.0,268100.0
71,2021-10-20 07:16:17,31350.0,1000.0,268000.0
72,2021-10-20 07:15:50,31300.0,2400.0,267000.0
73,2021-10-20 07:15:45,31300.0,500.0,264600.0
74,2021-10-20 07:14:20,31350.0,10000.0,264100.0
75,2021-10-20 07:14:20,31350.0,2700.0,254100.0
76,2021-10-20 07:12:34,31350.0,300.0,251400.0
77,2021-10-20 07:10:57,31350.0,200.0,251100.0
78,2021-10-20 07:09:45,31350.0,11800.0,250900.0
79,2021-10-20 07:09:45,31350.0,3100.0,239100.0
80,2021-10-20 07:09:45,31400.0,5000.0,236000.0
81,2021-10-20 07:09:45,31400.0,200.0,231000.0
82,2021-10-20 07:09:45,31400.0,1000.0,230800.0
83,2021-10-20 07:09:45,31400.0,400.0,229800.0
84,2021-10-20 07:09:45,31400.0,100.0,229400.0
85,2021-10-20 07:09:45,31400.0,2200.0,229300.0
86,2021-10-20 07:03:58,31400.0,300.0,227100.0
87,2021-10-20 07:01:37,31400.0,1000.0,226800.0
88,2021-10-20 07:00:43,31400.0,200.0,225800.0
89,2021-10-20 06:59:50,31400.0,100.0,225600.0
90,2021-10-20 06:59:17,31400.0,1000.0,225500.0
91,2021-10-20 06:59:09,31400.0,100.0,224500.0
92,2021-10-20 06:58:50,31400.0,1000.0,224400.0
93,2021-10-20 06:55:28,31400.0,1000.0,223400.0
94,2021-10-20 06:55:04,31400.0,1000.0,222400.0
95,2021-10-20 06:52:23,31500.0,1000.0,221400.0
96,2021-10-20 06:50:40,31400.0,100.0,220400.0
97,2021-10-20 06:50:28,31400.0,2000.0,220300.0
98,2021-10-20 06:50:09,31400.0,3000.0,218300.0
99,2021-10-20 06:49:25,31400.0,100.0,215300.0
100,2021-10-20 06:48:50,31400.0,200.0,215200.0
101,2021-10-20 06:48:31,31400.0,100.0,215000.0
102,2021-10-20 06:48:31,31400.0,6600.0,214900.0
103,2021-10-20 06:46:05,31350.0,300.0,208300.0
104,2021-10-20 06:43:05,31350.0,1600.0,208000.0
105,2021-10-20 06:43:05,31350.0,300.0,206400.0
106,2021-10-20 06:36:38,31400.0,300.0,206100.0
107,2021-10-20 06:36:38,31400.0,100.0,205800.0
108,2021-10-20 06:31:36,31550.0,100.0,205700.0
109,2021-10-20 06:31:36,31400.0,4900.0,205600.0
110,2021-10-20 06:29:48,31400.0,100.0,200700.0
111,2021-10-20 06:29:00,31400.0,100.0,200600.0
112,2021-10-20 06:29:00,31400.0,300.0,200500.0
113,2021-10-20 06:27:48,31300.0,200.0,200200.0
114,2021-10-20 06:27:48,31350.0,100.0,200000.0
115,2021-10-20 06:27:48,31350.0,600.0,199900.0
116,2021-10-20 06:25:36,31400.0,200.0,199300.0
117,2021-10-20 06:19:33,31350.0,4400.0,199100.0
118,2021-10-20 06:19:00,31350.0,600.0,194700.0
119,2021-10-20 06:18:17,31350.0,400.0,194100.0
120,2021-10-20 06:14:31,31300.0,2100.0,193700.0
121,2021-10-20 06:08:31,31300.0,100.0,191600.0
122,2021-10-20 06:08:11,31300.0,3000.0,191500.0
123,2021-10-20 06:06:56,31300.0,100.0,188500.0
124,2021-10-20 06:06:21,31300.0,4900.0,188400.0
125,2021-10-20 06:06:21,31300.0,500.0,183500.0
126,2021-10-20 06:06:21,31300.0,1100.0,183000.0
127,2021-10-20 06:06:21,31350.0,600.0,181900.0
128,2021-10-20 06:06:21,31350.0,10000.0,181300.0
129,2021-10-20 06:06:21,31350.0,500.0,171300.0
130,2021-10-20 06:06:21,31350.0,1000.0,170800.0
131,2021-10-20 06:06:21,31350.0,2400.0,169800.0
132,2021-10-20 06:06:21,31350.0,200.0,167400.0
133,2021-10-20 06:06:21,31350.0,10000.0,167200.0
134,2021-10-20 06:06:21,31350.0,3000.0,157200.0
135,2021-10-20 06:06:21,31350.0,2100.0,154200.0
136,2021-10-20 06:05:50,31400.0,600.0,152100.0
137,2021-10-20 06:05:50,31400.0,200.0,151500.0
138,2021-10-20 06:04:33,31400.0,2900.0,151300.0
139,2021-10-20 06:04:33,31400.0,100.0,148400.0
140,2021-10-20 06:04:33,31400.0,100.0,148300.0
141,2021-10-20 06:04:33,31400.0,2800.0,148200.0
142,2021-10-20 06:03:31,31400.0,7200.0,145400.0
143,2021-10-20 06:03:31,31500.0,100.0,138200.0
144,2021-10-20 06:03:31,31500.0,100.0,138100.0
145,2021-10-20 06:00:13,31500.0,100.0,138000.0
146,2021-10-20 06:00:03,31600.0,500.0,137900.0
147,2021-10-20 06:00:01,31500.0,600.0,137400.0
148,2021-10-20 06:00:01,31500.0,200.0,136800.0
149,2021-10-20 04:25:59,31350.0,2900.0,136600.0
150,2021-10-20 04:25:59,31350.0,400.0,133700.0
151,2021-10-20 04:25:59,31400.0,200.0,133300.0
152,2021-10-20 04:20:55,31350.0,100.0,133100.0
153,2021-10-20 04:15:08,31300.0,3900.0,133000.0
154,2021-10-20 04:15:08,31300.0,300.0,129100.0
155,2021-10-20 04:15:08,31300.0,100.0,128800.0
156,2021-10-20 04:15:08,31300.0,100.0,128700.0
157,2021-10-20 04:15:08,31300.0,1000.0,128600.0
158,2021-10-20 04:15:08,31300.0,2000.0,127600.0
159,2021-10-20 04:14:44,31400.0,1200.0,125600.0
160,2021-10-20 04:14:44,31400.0,5000.0,124400.0
161,2021-10-20 04:14:44,31400.0,400.0,119400.0
162,2021-10-20 04:11:09,31400.0,1300.0,119000.0
163,2021-10-20 04:10:40,31400.0,1300.0,117700.0
164,2021-10-20 04:08:32,31650.0,3600.0,116400.0
165,2021-10-20 04:08:23,31650.0,1400.0,112800.0
166,2021-10-20 04:08:23,31650.0,100.0,111400.0
167,2021-10-20 04:06:45,31650.0,1000.0,111300.0
168,2021-10-20 04:04:31,31650.0,100.0,110300.0
169,2021-10-20 04:04:31,31650.0,100.0,110200.0
170,2021-10-20 04:04:31,31600.0,200.0,110100.0
171,2021-10-20 04:04:31,31600.0,500.0,109900.0
172,2021-10-20 04:01:27,31600.0,100.0,109400.0
173,2021-10-20 04:01:27,31600.0,100.0,109300.0
174,2021-10-20 03:58:50,31600.0,400.0,109200.0
175,2021-10-20 03:58:42,31600.0,100.0,108800.0
176,2021-10-20 03:58:10,31600.0,100.0,108700.0
177,2021-10-20 03:57:45,31600.0,200.0,108600.0
178,2021-10-20 03:57:25,31600.0,200.0,108400.0
179,2021-10-20 03:54:47,31650.0,200.0,108200.0
180,2021-10-20 03:42:05,31700.0,400.0,108000.0
181,2021-10-20 03:42:05,31600.0,100.0,107600.0
182,2021-10-20 03:42:05,31600.0,3000.0,107500.0
183,2021-10-20 03:42:05,31600.0,300.0,104500.0
184,2021-10-20 03:42:05,31600.0,300.0,104200.0
185,2021-10-20 03:42:05,31500.0,100.0,103900.0
186,2021-10-20 03:42:05,31500.0,5000.0,103800.0
187,2021-10-20 03:42:05,31500.0,1800.0,98800.0
188,2021-10-20 03:41:32,31500.0,1200.0,97000.0
189,2021-10-20 03:41:32,31500.0,1000.0,95800.0
190,2021-10-20 03:41:32,31450.0,2000.0,94800.0
191,2021-10-20 03:41:32,31450.0,300.0,92800.0
192,2021-10-20 03:41:32,31450.0,100.0,92500.0
193,2021-10-20 03:41:32,31450.0,1000.0,92400.0
194,2021-10-20 03:41:32,31400.0,5000.0,91400.0
195,2021-10-20 03:41:32,31400.0,2000.0,86400.0
196,2021-10-20 03:41:32,31400.0,900.0,84400.0
197,2021-10-20 03:41:32,31300.0,2900.0,83500.0
198,2021-10-20 03:41:32,31300.0,3600.0,80600.0
199,2021-10-20 03:39:28,31250.0,600.0,77000.0
200,2021-10-20 03:38:17,31300.0,300.0,76400.0
201,2021-10-20 03:38:17,31300.0,1100.0,76100.0
202,2021-10-20 03:36:33,31300.0,1900.0,75000.0
203,2021-10-20 03:36:10,31300.0,200.0,73100.0
204,2021-10-20 03:35:22,31300.0,2000.0,72900.0
205,2021-10-20 03:34:53,31300.0,900.0,70900.0
206,2021-10-20 03:34:15,31300.0,1100.0,70000.0
207,2021-10-20 03:30:56,31300.0,800.0,68900.0
208,2021-10-20 03:30:15,31300.0,100.0,68100.0
209,2021-10-20 03:30:15,31300.0,200.0,68000.0
210,2021-10-20 03:30:15,31300.0,300.0,67800.0
211,2021-10-20 03:30:15,31300.0,200.0,67500.0
212,2021-10-20 03:30:15,31300.0,2300.0,67300.0
213,2021-10-20 03:30:15,31350.0,1000.0,65000.0
214,2021-10-20 03:30:15,31350.0,100.0,64000.0
215,2021-10-20 03:24:52,31350.0,1000.0,63900.0
216,2021-10-20 03:21:05,31350.0,1000.0,62900.0
217,2021-10-20 03:21:05,31350.0,100.0,61900.0
218,2021-10-20 03:20:27,31350.0,100.0,61800.0
219,2021-10-20 03:19:57,31350.0,100.0,61700.0
220,2021-10-20 03:18:59,31350.0,100.0,61600.0
221,2021-10-20 03:18:36,31350.0,400.0,61500.0
222,2021-10-20 03:10:48,31350.0,2300.0,61100.0
223,2021-10-20 03:10:48,31350.0,3500.0,58800.0
224,2021-10-20 03:10:48,31350.0,1300.0,55300.0
225,2021-10-20 03:10:48,31350.0,200.0,54000.0
226,2021-10-20 03:08:08,31300.0,1000.0,53800.0
227,2021-10-20 03:08:08,31300.0,5000.0,52800.0
228,2021-10-20 03:08:08,31300.0,1700.0,47800.0
229,2021-10-20 03:07:03,31250.0,300.0,46100.0
230,2021-10-20 03:07:03,31250.0,200.0,45800.0
231,2021-10-20 03:07:03,31250.0,100.0,45600.0
232,2021-10-20 03:06:19,31300.0,100.0,45500.0
233,2021-10-20 03:04:01,31300.0,1000.0,45400.0
234,2021-10-20 03:02:24,31300.0,100.0,44400.0
235,2021-10-20 03:01:51,31300.0,1000.0,44300.0
236,2021-10-20 03:01:37,31300.0,100.0,43300.0
237,2021-10-20 03:01:37,31300.0,2000.0,43200.0
238,2021-10-20 03:01:37,31300.0,100.0,41200.0
239,2021-10-20 03:00:57,31300.0,100.0,41100.0
240,2021-10-20 02:59:32,31250.0,100.0,41000.0
241,2021-10-20 02:59:30,31250.0,100.0,40900.0
242,2021-10-20 02:59:12,31250.0,800.0,40800.0
243,2021-10-20 02:59:12,31250.0,200.0,40000.0
244,2021-10-20 02:59:08,31250.0,900.0,39800.0
245,2021-10-20 02:58:52,31250.0,100.0,38900.0
246,2021-10-20 02:58:50,31250.0,100.0,38800.0
247,2021-10-20 02:58:48,31250.0,100.0,38700.0
248,2021-10-20 02:58:45,31250.0,200.0,38600.0
249,2021-10-20 02:58:22,31250.0,100.0,38400.0
250,2021-10-20 02:57:56,31250.0,100.0,38300.0
251,2021-10-20 02:57:53,31250.0,700.0,38200.0
252,2021-10-20 02:57:28,31250.0,100.0,37500.0
253,2021-10-20 02:57:28,31250.0,500.0,37400.0
254,2021-10-20 02:57:28,31250.0,1000.0,36900.0
255,2021-10-20 02:57:28,31250.0,500.0,35900.0
256,2021-10-20 02:57:28,31250.0,1000.0,35400.0
257,2021-10-20 02:57:28,31250.0,100.0,34400.0
258,2021-10-20 02:57:28,31250.0,4300.0,34300.0
259,2021-10-20 02:52:05,31250.0,200.0,30000.0
260,2021-10-20 02:49:27,31300.0,200.0,29800.0
261,2021-10-20 02:48:24,31300.0,100.0,29600.0
262,2021-10-20 02:47:11,31250.0,500.0,29500.0
263,2021-10-20 02:47:11,31250.0,500.0,29000.0
264,2021-10-20 02:47:11,31250.0,300.0,28500.0
265,2021-10-20 02:47:11,31250.0,200.0,28200.0
266,2021-10-20 02:47:11,31250.0,2500.0,28000.0
267,2021-10-20 02:43:06,31250.0,500.0,25500.0
268,2021-10-20 02:43:06,31250.0,200.0,25000.0
269,2021-10-20 02:43:06,31250.0,800.0,24800.0
270,2021-10-20 02:42:53,31250.0,200.0,24000.0
271,2021-10-20 02:42:53,31250.0,1700.0,23800.0
272,2021-10-20 02:41:59,31250.0,2200.0,22100.0
273,2021-10-20 02:41:40,31250.0,1000.0,19900.0
274,2021-10-20 02:41:08,31300.0,100.0,18900.0
275,2021-10-20 02:41:08,31300.0,100.0,18800.0
276,2021-10-20 02:40:52,31300.0,400.0,18700.0
277,2021-10-20 02:39:03,31250.0,100.0,18300.0
278,2021-10-20 02:39:03,31250.0,800.0,18200.0
279,2021-10-20 02:33:04,31350.0,100.0,17400.0
280,2021-10-20 02:33:04,31350.0,400.0,17300.0
281,2021-10-20 02:32:23,31300.0,100.0,16900.0
282,2021-10-20 02:31:56,31300.0,100.0,16800.0
283,2021-10-20 02:31:46,31300.0,100.0,16700.0
284,2021-10-20 02:31:25,31300.0,200.0,16600.0
285,2021-10-20 02:30:14,31300.0,100.0,16400.0
286,2021-10-20 02:30:14,31300.0,1000.0,16300.0
287,2021-10-20 02:30:14,31300.0,200.0,15300.0
288,2021-10-20 02:30:14,31300.0,100.0,15100.0
289,2021-10-20 02:30:14,31300.0,400.0,15000.0
290,2021-10-20 02:29:45,31300.0,100.0,14600.0
291,2021-10-20 02:29:45,31300.0,100.0,14500.0
292,2021-10-20 02:29:21,31300.0,500.0,14400.0
293,2021-10-20 02:29:21,31300.0,100.0,13900.0
294,2021-10-20 02:29:00,31300.0,400.0,13800.0
295,2021-10-20 02:29:00,31300.0,100.0,13400.0
296,2021-10-20 02:28:35,31300.0,100.0,13300.0
297,2021-10-20 02:28:35,31300.0,100.0,13200.0
298,2021-10-20 02:28:17,31350.0,200.0,13100.0
299,2021-10-20 02:22:36,31350.0,100.0,12900.0
300,2021-10-20 02:20:08,31350.0,600.0,12800.0
301,2021-10-20 02:18:56,31350.0,500.0,12200.0
302,2021-10-20 02:18:01,31250.0,200.0,11700.0
303,2021-10-20 02:18:01,31250.0,900.0,11500.0
304,2021-10-20 02:17:42,31250.0,1000.0,10600.0
305,2021-10-20 02:17:42,31300.0,1000.0,9600.0
306,2021-10-20 02:17:35,31250.0,100.0,8600.0
307,2021-10-20 02:17:35,31300.0,1000.0,8500.0
308,2021-10-20 02:17:29,31350.0,200.0,7500.0
309,2021-10-20 02:17:19,31300.0,500.0,7300.0
310,2021-10-20 02:17:19,31300.0,200.0,6800.0
311,2021-10-20 02:17:19,31300.0,200.0,6600.0
312,2021-10-20 02:16:32,31400.0,100.0,6400.0
313,2021-10-20 02:15:09,31400.0,300.0,6300.0
314,2021-10-20 02:15:01,31300.0,100.0,6000.0
315,2021-10-20 02:15:01,31300.0,1000.0,5900.0
316,2021-10-20 02:15:01,31300.0,900.0,4900.0
317,2021-10-20 02:15:01,31300.0,500.0,4000.0
318,2021-10-20 02:15:01,31300.0,500.0,3500.0
319,2021-10-20 02:15:01,31300.0,300.0,3000.0
320,2021-10-20 02:15:01,31300.0,1000.0,2700.0
321,2021-10-20 02:15:01,31300.0,700.0,1700.0
322,2021-10-20 02:15:01,31300.0,1000.0,1000.0
