,Time,Price,Volume_per_trade,Volume
0,2021-10-12 07:45:00,31250.0,100.0,504400.0
1,2021-10-12 07:45:00,31250.0,100.0,504300.0
2,2021-10-12 07:45:00,31250.0,4200.0,504200.0
3,2021-10-12 07:45:00,31250.0,1800.0,500000.0
4,2021-10-12 07:45:00,31250.0,3200.0,498200.0
5,2021-10-12 07:45:00,31250.0,1000.0,495000.0
6,2021-10-12 07:45:00,31250.0,500.0,494000.0
7,2021-10-12 07:45:00,31250.0,2800.0,493500.0
8,2021-10-12 07:45:00,31250.0,500.0,490700.0
9,2021-10-12 07:45:00,31250.0,1000.0,490200.0
10,2021-10-12 07:45:00,31250.0,100.0,489200.0
11,2021-10-12 07:45:00,31250.0,100.0,489100.0
12,2021-10-12 07:45:00,31250.0,800.0,489000.0
13,2021-10-12 07:45:00,31250.0,2000.0,488200.0
14,2021-10-12 07:45:00,31250.0,100.0,486200.0
15,2021-10-12 07:45:00,31250.0,100.0,486100.0
16,2021-10-12 07:29:52,31250.0,1000.0,486000.0
17,2021-10-12 07:29:45,31250.0,1200.0,485000.0
18,2021-10-12 07:29:32,31250.0,500.0,483800.0
19,2021-10-12 07:29:32,31250.0,3300.0,483300.0
20,2021-10-12 07:28:39,31250.0,1000.0,480000.0
21,2021-10-12 07:28:01,31250.0,100.0,479000.0
22,2021-10-12 07:27:05,31250.0,100.0,478900.0
23,2021-10-12 07:26:28,31250.0,500.0,478800.0
24,2021-10-12 07:25:22,31200.0,8700.0,478300.0
25,2021-10-12 07:25:22,31200.0,700.0,469600.0
26,2021-10-12 07:25:22,31200.0,1000.0,468900.0
27,2021-10-12 07:25:22,31200.0,100.0,467900.0
28,2021-10-12 07:25:22,31200.0,100.0,467800.0
29,2021-10-12 07:25:22,31200.0,300.0,467700.0
30,2021-10-12 07:25:22,31200.0,100.0,467400.0
31,2021-10-12 07:25:22,31250.0,5000.0,467300.0
32,2021-10-12 07:25:22,31250.0,100.0,462300.0
33,2021-10-12 07:25:22,31250.0,4900.0,462200.0
34,2021-10-12 07:24:57,31250.0,100.0,457300.0
35,2021-10-12 07:24:01,31250.0,100.0,457200.0
36,2021-10-12 07:23:28,31300.0,500.0,457100.0
37,2021-10-12 07:23:26,31250.0,100.0,456600.0
38,2021-10-12 07:22:06,31250.0,5000.0,456500.0
39,2021-10-12 07:21:24,31250.0,1000.0,451500.0
40,2021-10-12 07:21:06,31250.0,2000.0,450500.0
41,2021-10-12 07:19:56,31250.0,100.0,448500.0
42,2021-10-12 07:19:44,31250.0,100.0,448400.0
43,2021-10-12 07:17:50,31250.0,800.0,448300.0
44,2021-10-12 07:17:26,31250.0,800.0,447500.0
45,2021-10-12 07:17:26,31250.0,2000.0,446700.0
46,2021-10-12 07:17:26,31250.0,100.0,444700.0
47,2021-10-12 07:17:12,31300.0,600.0,444600.0
48,2021-10-12 07:17:12,31300.0,100.0,444000.0
49,2021-10-12 07:17:12,31300.0,300.0,443900.0
50,2021-10-12 07:15:25,31250.0,100.0,443600.0
51,2021-10-12 07:14:58,31250.0,500.0,443500.0
52,2021-10-12 07:14:47,31250.0,100.0,443000.0
53,2021-10-12 07:14:47,31250.0,1300.0,442900.0
54,2021-10-12 07:14:18,31250.0,200.0,441600.0
55,2021-10-12 07:14:18,31250.0,4800.0,441400.0
56,2021-10-12 07:13:17,31300.0,100.0,436600.0
57,2021-10-12 07:11:21,31300.0,200.0,436500.0
58,2021-10-12 07:11:10,31250.0,100.0,436300.0
59,2021-10-12 07:11:04,31250.0,100.0,436200.0
60,2021-10-12 07:10:27,31250.0,100.0,436100.0
61,2021-10-12 07:10:26,31250.0,200.0,436000.0
62,2021-10-12 07:10:10,31250.0,100.0,435800.0
63,2021-10-12 07:10:09,31250.0,5000.0,435700.0
64,2021-10-12 07:09:53,31250.0,100.0,430700.0
65,2021-10-12 07:09:37,31250.0,1000.0,430600.0
66,2021-10-12 07:09:36,31250.0,400.0,429600.0
67,2021-10-12 07:08:27,31250.0,900.0,429200.0
68,2021-10-12 07:08:19,31250.0,100.0,428300.0
69,2021-10-12 07:08:18,31250.0,100.0,428200.0
70,2021-10-12 07:08:09,31250.0,700.0,428100.0
71,2021-10-12 07:07:18,31250.0,100.0,427400.0
72,2021-10-12 07:06:50,31250.0,100.0,427300.0
73,2021-10-12 07:05:54,31250.0,100.0,427200.0
74,2021-10-12 07:05:54,31250.0,1000.0,427100.0
75,2021-10-12 07:05:54,31250.0,3000.0,426100.0
76,2021-10-12 07:04:59,31250.0,2000.0,423100.0
77,2021-10-12 07:04:25,31250.0,100.0,421100.0
78,2021-10-12 07:04:25,31250.0,1300.0,421000.0
79,2021-10-12 07:04:25,31250.0,300.0,419700.0
80,2021-10-12 07:04:09,31250.0,200.0,419400.0
81,2021-10-12 07:04:09,31250.0,9800.0,419200.0
82,2021-10-12 07:03:54,31250.0,10200.0,409400.0
83,2021-10-12 07:03:54,31250.0,9800.0,399200.0
84,2021-10-12 07:03:53,31300.0,200.0,389400.0
85,2021-10-12 07:02:06,31250.0,200.0,389200.0
86,2021-10-12 07:02:06,31250.0,1800.0,389000.0
87,2021-10-12 07:01:38,31300.0,100.0,387200.0
88,2021-10-12 07:00:56,31300.0,100.0,387100.0
89,2021-10-12 07:00:56,31300.0,100.0,387000.0
90,2021-10-12 07:00:56,31300.0,900.0,386900.0
91,2021-10-12 07:00:45,31300.0,100.0,386000.0
92,2021-10-12 07:00:19,31300.0,600.0,385900.0
93,2021-10-12 07:00:11,31300.0,100.0,385300.0
94,2021-10-12 07:00:11,31300.0,500.0,385200.0
95,2021-10-12 07:00:11,31300.0,100.0,384700.0
96,2021-10-12 06:59:16,31300.0,100.0,384600.0
97,2021-10-12 06:58:48,31350.0,100.0,384500.0
98,2021-10-12 06:58:22,31300.0,100.0,384400.0
99,2021-10-12 06:58:22,31300.0,100.0,384300.0
100,2021-10-12 06:58:22,31300.0,1000.0,384200.0
101,2021-10-12 06:58:22,31300.0,4800.0,383200.0
102,2021-10-12 06:57:45,31300.0,300.0,378400.0
103,2021-10-12 06:54:50,31350.0,1000.0,378100.0
104,2021-10-12 06:52:37,31350.0,1000.0,377100.0
105,2021-10-12 06:51:09,31350.0,500.0,376100.0
106,2021-10-12 06:50:40,31350.0,1000.0,375600.0
107,2021-10-12 06:50:38,31350.0,200.0,374600.0
108,2021-10-12 06:50:38,31350.0,300.0,374400.0
109,2021-10-12 06:50:19,31350.0,100.0,374100.0
110,2021-10-12 06:49:54,31350.0,500.0,374000.0
111,2021-10-12 06:49:37,31350.0,500.0,373500.0
112,2021-10-12 06:48:14,31350.0,100.0,373000.0
113,2021-10-12 06:45:06,31300.0,300.0,372900.0
114,2021-10-12 06:44:33,31450.0,18800.0,372600.0
115,2021-10-12 06:44:33,31400.0,700.0,353800.0
116,2021-10-12 06:44:33,31400.0,5000.0,353100.0
117,2021-10-12 06:44:33,31400.0,400.0,348100.0
118,2021-10-12 06:44:33,31400.0,100.0,347700.0
119,2021-10-12 06:43:59,31300.0,100.0,347600.0
120,2021-10-12 06:43:27,31400.0,100.0,347500.0
121,2021-10-12 06:43:27,31350.0,100.0,347400.0
122,2021-10-12 06:42:26,31300.0,5000.0,347300.0
123,2021-10-12 06:42:02,31300.0,1000.0,342300.0
124,2021-10-12 06:41:08,31300.0,500.0,341300.0
125,2021-10-12 06:39:20,31300.0,2000.0,340800.0
126,2021-10-12 06:38:53,31300.0,1000.0,338800.0
127,2021-10-12 06:38:50,31300.0,1500.0,337800.0
128,2021-10-12 06:38:37,31300.0,200.0,336300.0
129,2021-10-12 06:37:09,31300.0,2300.0,336100.0
130,2021-10-12 06:37:09,31350.0,1000.0,333800.0
131,2021-10-12 06:37:09,31350.0,1700.0,332800.0
132,2021-10-12 06:35:44,31350.0,200.0,331100.0
133,2021-10-12 06:35:41,31350.0,100.0,330900.0
134,2021-10-12 06:35:32,31350.0,2000.0,330800.0
135,2021-10-12 06:35:28,31350.0,200.0,328800.0
136,2021-10-12 06:34:45,31250.0,200.0,328600.0
137,2021-10-12 06:34:45,31250.0,100.0,328400.0
138,2021-10-12 06:34:45,31250.0,100.0,328300.0
139,2021-10-12 06:34:45,31250.0,100.0,328200.0
140,2021-10-12 06:34:06,31250.0,200.0,328100.0
141,2021-10-12 06:34:06,31250.0,1600.0,327900.0
142,2021-10-12 06:33:49,31250.0,1400.0,326300.0
143,2021-10-12 06:33:49,31250.0,100.0,324900.0
144,2021-10-12 06:33:49,31250.0,100.0,324800.0
145,2021-10-12 06:33:49,31250.0,10000.0,324700.0
146,2021-10-12 06:33:49,31250.0,10000.0,314700.0
147,2021-10-12 06:33:49,31250.0,200.0,304700.0
148,2021-10-12 06:33:49,31250.0,100.0,304500.0
149,2021-10-12 06:33:49,31250.0,5000.0,304400.0
150,2021-10-12 06:33:49,31250.0,3500.0,299400.0
151,2021-10-12 06:33:49,31300.0,100.0,295900.0
152,2021-10-12 06:33:49,31300.0,200.0,295800.0
153,2021-10-12 06:33:49,31300.0,200.0,295600.0
154,2021-10-12 06:33:49,31300.0,100.0,295400.0
155,2021-10-12 06:33:49,31300.0,100.0,295300.0
156,2021-10-12 06:33:49,31300.0,500.0,295200.0
157,2021-10-12 06:33:49,31300.0,20000.0,294700.0
158,2021-10-12 06:33:49,31300.0,200.0,274700.0
159,2021-10-12 06:33:49,31300.0,300.0,274500.0
160,2021-10-12 06:33:49,31300.0,100.0,274200.0
161,2021-10-12 06:33:49,31300.0,100.0,274100.0
162,2021-10-12 06:33:49,31300.0,5000.0,274000.0
163,2021-10-12 06:33:49,31300.0,2700.0,269000.0
164,2021-10-12 06:33:21,31300.0,300.0,266300.0
165,2021-10-12 06:33:20,31300.0,500.0,266000.0
166,2021-10-12 06:32:17,31350.0,200.0,265500.0
167,2021-10-12 06:32:17,31350.0,300.0,265300.0
168,2021-10-12 06:32:17,31350.0,500.0,265000.0
169,2021-10-12 06:32:17,31350.0,100.0,264500.0
170,2021-10-12 06:32:17,31350.0,100.0,264400.0
171,2021-10-12 06:32:17,31350.0,8100.0,264300.0
172,2021-10-12 06:31:52,31400.0,300.0,256200.0
173,2021-10-12 06:31:49,31350.0,3900.0,255900.0
174,2021-10-12 06:31:49,31350.0,100.0,252000.0
175,2021-10-12 06:31:49,31350.0,5000.0,251900.0
176,2021-10-12 06:31:49,31350.0,1000.0,246900.0
177,2021-10-12 06:31:49,31350.0,20000.0,245900.0
178,2021-10-12 06:31:04,31400.0,100.0,225900.0
179,2021-10-12 06:30:48,31400.0,100.0,225800.0
180,2021-10-12 06:27:07,31400.0,300.0,225700.0
181,2021-10-12 06:26:43,31400.0,200.0,225400.0
182,2021-10-12 06:26:21,31400.0,500.0,225200.0
183,2021-10-12 06:25:42,31400.0,100.0,224700.0
184,2021-10-12 06:25:42,31400.0,200.0,224600.0
185,2021-10-12 06:24:14,31400.0,100.0,224400.0
186,2021-10-12 06:21:53,31400.0,400.0,224300.0
187,2021-10-12 06:19:58,31400.0,100.0,223900.0
188,2021-10-12 06:18:58,31400.0,100.0,223800.0
189,2021-10-12 06:18:16,31400.0,100.0,223700.0
190,2021-10-12 06:18:16,31400.0,100.0,223600.0
191,2021-10-12 06:18:16,31400.0,500.0,223500.0
192,2021-10-12 06:18:16,31400.0,300.0,223000.0
193,2021-10-12 06:17:50,31400.0,200.0,222700.0
194,2021-10-12 06:17:50,31400.0,1800.0,222500.0
195,2021-10-12 06:16:14,31450.0,1000.0,220700.0
196,2021-10-12 06:16:14,31450.0,2000.0,219700.0
197,2021-10-12 06:06:19,31450.0,100.0,217700.0
198,2021-10-12 06:06:19,31450.0,300.0,217600.0
199,2021-10-12 06:00:03,31400.0,200.0,217300.0
200,2021-10-12 06:00:01,31450.0,500.0,217100.0
201,2021-10-12 04:29:07,31450.0,400.0,216600.0
202,2021-10-12 04:27:04,31450.0,100.0,216200.0
203,2021-10-12 04:26:24,31400.0,100.0,216100.0
204,2021-10-12 04:24:20,31400.0,300.0,216000.0
205,2021-10-12 04:24:09,31400.0,600.0,215700.0
206,2021-10-12 04:24:09,31400.0,100.0,215100.0
207,2021-10-12 04:24:09,31400.0,400.0,215000.0
208,2021-10-12 04:24:09,31400.0,100.0,214600.0
209,2021-10-12 04:24:09,31400.0,100.0,214500.0
210,2021-10-12 04:24:09,31400.0,900.0,214400.0
211,2021-10-12 04:24:09,31400.0,100.0,213500.0
212,2021-10-12 04:24:09,31400.0,100.0,213400.0
213,2021-10-12 04:24:09,31400.0,100.0,213300.0
214,2021-10-12 04:24:09,31400.0,100.0,213200.0
215,2021-10-12 04:24:09,31400.0,100.0,213100.0
216,2021-10-12 04:24:09,31400.0,6600.0,213000.0
217,2021-10-12 04:18:52,31400.0,2300.0,206400.0
218,2021-10-12 04:18:43,31400.0,400.0,204100.0
219,2021-10-12 04:16:46,31400.0,2000.0,203700.0
220,2021-10-12 04:15:15,31450.0,500.0,201700.0
221,2021-10-12 04:13:45,31450.0,200.0,201200.0
222,2021-10-12 04:13:45,31450.0,700.0,201000.0
223,2021-10-12 04:13:45,31450.0,1100.0,200300.0
224,2021-10-12 04:12:16,31450.0,100.0,199200.0
225,2021-10-12 04:05:15,31450.0,800.0,199100.0
226,2021-10-12 03:59:32,31450.0,100.0,198300.0
227,2021-10-12 03:58:05,31450.0,200.0,198200.0
228,2021-10-12 03:58:05,31450.0,300.0,198000.0
229,2021-10-12 03:58:05,31450.0,500.0,197700.0
230,2021-10-12 03:55:17,31450.0,100.0,197200.0
231,2021-10-12 03:55:08,31450.0,100.0,197100.0
232,2021-10-12 03:54:39,31400.0,2000.0,197000.0
233,2021-10-12 03:53:15,31450.0,500.0,195000.0
234,2021-10-12 03:53:08,31450.0,100.0,194500.0
235,2021-10-12 03:53:08,31450.0,300.0,194400.0
236,2021-10-12 03:53:08,31450.0,100.0,194100.0
237,2021-10-12 03:53:08,31450.0,100.0,194000.0
238,2021-10-12 03:53:01,31450.0,100.0,193900.0
239,2021-10-12 03:52:34,31450.0,800.0,193800.0
240,2021-10-12 03:52:16,31450.0,100.0,193000.0
241,2021-10-12 03:50:42,31400.0,7700.0,192900.0
242,2021-10-12 03:50:42,31400.0,11600.0,185200.0
243,2021-10-12 03:49:34,31400.0,2500.0,173600.0
244,2021-10-12 03:46:16,31400.0,100.0,171100.0
245,2021-10-12 03:44:25,31450.0,600.0,171000.0
246,2021-10-12 03:43:48,31450.0,100.0,170400.0
247,2021-10-12 03:43:37,31450.0,700.0,170300.0
248,2021-10-12 03:40:53,31400.0,100.0,169600.0
249,2021-10-12 03:40:27,31400.0,100.0,169500.0
250,2021-10-12 03:39:42,31400.0,500.0,169400.0
251,2021-10-12 03:39:30,31400.0,600.0,168900.0
252,2021-10-12 03:39:30,31400.0,1400.0,168300.0
253,2021-10-12 03:35:23,31450.0,100.0,166900.0
254,2021-10-12 03:35:23,31450.0,200.0,166800.0
255,2021-10-12 03:35:23,31450.0,200.0,166600.0
256,2021-10-12 03:33:07,31450.0,1000.0,166400.0
257,2021-10-12 03:30:16,31450.0,200.0,165400.0
258,2021-10-12 03:30:01,31450.0,200.0,165200.0
259,2021-10-12 03:29:53,31450.0,200.0,165000.0
260,2021-10-12 03:29:23,31450.0,500.0,164800.0
261,2021-10-12 03:24:15,31400.0,500.0,164300.0
262,2021-10-12 03:22:37,31500.0,200.0,163800.0
263,2021-10-12 03:22:23,31400.0,500.0,163600.0
264,2021-10-12 03:22:23,31400.0,1000.0,163100.0
265,2021-10-12 03:22:23,31400.0,900.0,162100.0
266,2021-10-12 03:21:53,31350.0,1000.0,161200.0
267,2021-10-12 03:21:08,31350.0,1000.0,160200.0
268,2021-10-12 03:20:48,31350.0,1000.0,159200.0
269,2021-10-12 03:20:26,31300.0,1500.0,158200.0
270,2021-10-12 03:20:26,31300.0,6500.0,156700.0
271,2021-10-12 03:20:26,31350.0,1000.0,150200.0
272,2021-10-12 03:20:26,31350.0,1000.0,149200.0
273,2021-10-12 03:19:41,31400.0,500.0,148200.0
274,2021-10-12 03:19:17,31350.0,1000.0,147700.0
275,2021-10-12 03:18:35,31300.0,3500.0,146700.0
276,2021-10-12 03:18:35,31300.0,9500.0,143200.0
277,2021-10-12 03:18:35,31300.0,5000.0,133700.0
278,2021-10-12 03:18:35,31300.0,5000.0,128700.0
279,2021-10-12 03:18:35,31350.0,100.0,123700.0
280,2021-10-12 03:18:35,31350.0,100.0,123600.0
281,2021-10-12 03:18:35,31350.0,500.0,123500.0
282,2021-10-12 03:18:35,31350.0,400.0,123000.0
283,2021-10-12 03:18:06,31350.0,300.0,122600.0
284,2021-10-12 03:16:30,31350.0,3500.0,122300.0
285,2021-10-12 03:16:19,31350.0,1000.0,118800.0
286,2021-10-12 03:15:58,31350.0,100.0,117800.0
287,2021-10-12 03:15:54,31350.0,200.0,117700.0
288,2021-10-12 03:15:50,31350.0,500.0,117500.0
289,2021-10-12 03:15:25,31350.0,1600.0,117000.0
290,2021-10-12 03:15:07,31350.0,500.0,115400.0
291,2021-10-12 03:14:52,31350.0,500.0,114900.0
292,2021-10-12 03:12:13,31400.0,200.0,114400.0
293,2021-10-12 03:11:54,31350.0,100.0,114200.0
294,2021-10-12 03:11:44,31350.0,1000.0,114100.0
295,2021-10-12 03:11:33,31350.0,300.0,113100.0
296,2021-10-12 03:11:33,31350.0,300.0,112800.0
297,2021-10-12 03:09:33,31350.0,700.0,112500.0
298,2021-10-12 03:09:33,31350.0,1300.0,111800.0
299,2021-10-12 03:08:37,31350.0,300.0,110500.0
300,2021-10-12 03:08:13,31350.0,4100.0,110200.0
301,2021-10-12 03:07:04,31350.0,4300.0,106100.0
302,2021-10-12 03:07:04,31350.0,500.0,101800.0
303,2021-10-12 03:07:04,31350.0,800.0,101300.0
304,2021-10-12 03:07:04,31350.0,300.0,100500.0
305,2021-10-12 03:05:49,31400.0,400.0,100200.0
306,2021-10-12 03:05:49,31400.0,200.0,99800.0
307,2021-10-12 03:05:34,31350.0,500.0,99600.0
308,2021-10-12 03:04:27,31400.0,100.0,99100.0
309,2021-10-12 03:04:02,31400.0,100.0,99000.0
310,2021-10-12 03:04:02,31400.0,1500.0,98900.0
311,2021-10-12 02:59:22,31400.0,100.0,97400.0
312,2021-10-12 02:58:44,31400.0,600.0,97300.0
313,2021-10-12 02:58:22,31400.0,1000.0,96700.0
314,2021-10-12 02:57:17,31400.0,2000.0,95700.0
315,2021-10-12 02:57:17,31400.0,4800.0,93700.0
316,2021-10-12 02:56:30,31400.0,100.0,88900.0
317,2021-10-12 02:56:00,31400.0,1000.0,88800.0
318,2021-10-12 02:56:00,31400.0,1100.0,87800.0
319,2021-10-12 02:55:07,31400.0,8900.0,86700.0
320,2021-10-12 02:55:07,31400.0,700.0,77800.0
321,2021-10-12 02:55:07,31400.0,400.0,77100.0
322,2021-10-12 02:54:47,31400.0,1000.0,76700.0
323,2021-10-12 02:54:18,31400.0,100.0,75700.0
324,2021-10-12 02:53:15,31400.0,3500.0,75600.0
325,2021-10-12 02:52:19,31400.0,500.0,72100.0
326,2021-10-12 02:50:54,31400.0,100.0,71600.0
327,2021-10-12 02:48:33,31400.0,800.0,71500.0
328,2021-10-12 02:48:33,31400.0,100.0,70700.0
329,2021-10-12 02:48:33,31400.0,100.0,70600.0
330,2021-10-12 02:48:33,31400.0,200.0,70500.0
331,2021-10-12 02:48:13,31350.0,500.0,70300.0
332,2021-10-12 02:48:00,31300.0,4000.0,69800.0
333,2021-10-12 02:47:54,31400.0,100.0,65800.0
334,2021-10-12 02:47:12,31250.0,1600.0,65700.0
335,2021-10-12 02:46:25,31250.0,900.0,64100.0
336,2021-10-12 02:46:22,31250.0,5000.0,63200.0
337,2021-10-12 02:46:10,31250.0,10000.0,58200.0
338,2021-10-12 02:46:10,31250.0,200.0,48200.0
339,2021-10-12 02:46:10,31250.0,100.0,48000.0
340,2021-10-12 02:46:10,31250.0,100.0,47900.0
341,2021-10-12 02:46:10,31300.0,100.0,47800.0
342,2021-10-12 02:46:10,31300.0,100.0,47700.0
343,2021-10-12 02:46:10,31300.0,200.0,47600.0
344,2021-10-12 02:46:10,31300.0,100.0,47400.0
345,2021-10-12 02:46:10,31300.0,100.0,47300.0
346,2021-10-12 02:46:10,31300.0,200.0,47200.0
347,2021-10-12 02:46:10,31300.0,100.0,47000.0
348,2021-10-12 02:46:10,31300.0,100.0,46900.0
349,2021-10-12 02:46:10,31300.0,100.0,46800.0
350,2021-10-12 02:46:10,31300.0,100.0,46700.0
351,2021-10-12 02:46:10,31300.0,500.0,46600.0
352,2021-10-12 02:46:10,31300.0,100.0,46100.0
353,2021-10-12 02:46:10,31300.0,300.0,46000.0
354,2021-10-12 02:46:10,31300.0,100.0,45700.0
355,2021-10-12 02:46:10,31300.0,10000.0,45600.0
356,2021-10-12 02:46:10,31300.0,100.0,35600.0
357,2021-10-12 02:46:10,31300.0,100.0,35500.0
358,2021-10-12 02:46:10,31300.0,200.0,35400.0
359,2021-10-12 02:46:10,31350.0,300.0,35200.0
360,2021-10-12 02:46:10,31350.0,500.0,34900.0
361,2021-10-12 02:46:10,31350.0,1000.0,34400.0
362,2021-10-12 02:46:10,31350.0,100.0,33400.0
363,2021-10-12 02:46:10,31350.0,2000.0,33300.0
364,2021-10-12 02:46:10,31350.0,6400.0,31300.0
365,2021-10-12 02:43:44,31350.0,500.0,24900.0
366,2021-10-12 02:43:28,31350.0,2000.0,24400.0
367,2021-10-12 02:43:24,31400.0,200.0,22400.0
368,2021-10-12 02:43:07,31350.0,1100.0,22200.0
369,2021-10-12 02:43:07,31350.0,100.0,21100.0
370,2021-10-12 02:43:07,31400.0,500.0,21000.0
371,2021-10-12 02:43:07,31400.0,300.0,20500.0
372,2021-10-12 02:42:24,31400.0,200.0,20200.0
373,2021-10-12 02:41:43,31400.0,300.0,20000.0
374,2021-10-12 02:40:28,31400.0,3200.0,19700.0
375,2021-10-12 02:40:13,31400.0,200.0,16500.0
376,2021-10-12 02:40:13,31400.0,100.0,16300.0
377,2021-10-12 02:39:52,31400.0,400.0,16200.0
378,2021-10-12 02:39:52,31400.0,100.0,15800.0
379,2021-10-12 02:39:52,31400.0,2000.0,15700.0
380,2021-10-12 02:39:52,31400.0,100.0,13700.0
381,2021-10-12 02:39:52,31400.0,300.0,13600.0
382,2021-10-12 02:39:52,31400.0,100.0,13300.0
383,2021-10-12 02:39:52,31400.0,200.0,13200.0
384,2021-10-12 02:39:52,31400.0,100.0,13000.0
385,2021-10-12 02:39:52,31400.0,100.0,12900.0
386,2021-10-12 02:39:52,31400.0,200.0,12800.0
387,2021-10-12 02:39:52,31400.0,200.0,12600.0
388,2021-10-12 02:35:16,31400.0,200.0,12400.0
389,2021-10-12 02:34:37,31400.0,500.0,12200.0
390,2021-10-12 02:33:48,31400.0,1000.0,11700.0
391,2021-10-12 02:33:38,31400.0,300.0,10700.0
392,2021-10-12 02:33:03,31400.0,1000.0,10400.0
393,2021-10-12 02:33:03,31400.0,200.0,9400.0
394,2021-10-12 02:31:47,31400.0,200.0,9200.0
395,2021-10-12 02:31:32,31400.0,100.0,9000.0
396,2021-10-12 02:31:22,31400.0,300.0,8900.0
397,2021-10-12 02:30:32,31400.0,1000.0,8600.0
398,2021-10-12 02:30:32,31400.0,200.0,7600.0
399,2021-10-12 02:30:32,31400.0,100.0,7400.0
400,2021-10-12 02:30:14,31500.0,300.0,7300.0
401,2021-10-12 02:30:13,31500.0,100.0,7000.0
402,2021-10-12 02:30:13,31500.0,200.0,6900.0
403,2021-10-12 02:30:13,31500.0,200.0,6700.0
404,2021-10-12 02:29:55,31550.0,1000.0,6500.0
405,2021-10-12 02:28:01,31550.0,300.0,5500.0
406,2021-10-12 02:26:21,31550.0,100.0,5200.0
407,2021-10-12 02:26:21,31550.0,100.0,5100.0
408,2021-10-12 02:26:21,31550.0,100.0,5000.0
409,2021-10-12 02:26:21,31550.0,100.0,4900.0
410,2021-10-12 02:25:45,31550.0,100.0,4800.0
411,2021-10-12 02:25:00,31600.0,800.0,4700.0
412,2021-10-12 02:23:38,31600.0,100.0,3900.0
413,2021-10-12 02:22:35,31600.0,500.0,3800.0
414,2021-10-12 02:22:35,31600.0,500.0,3300.0
415,2021-10-12 02:20:39,31600.0,100.0,2800.0
416,2021-10-12 02:20:39,31600.0,200.0,2700.0
417,2021-10-12 02:20:02,31600.0,100.0,2500.0
418,2021-10-12 02:20:02,31600.0,100.0,2400.0
419,2021-10-12 02:18:50,31600.0,100.0,2300.0
420,2021-10-12 02:17:47,31600.0,100.0,2200.0
421,2021-10-12 02:17:47,31600.0,100.0,2100.0
422,2021-10-12 02:15:00,31600.0,200.0,2000.0
423,2021-10-12 02:15:00,31600.0,100.0,1800.0
424,2021-10-12 02:15:00,31600.0,1700.0,1700.0
