,Time,Price,Volume_per_trade,Volume
0,2021-10-20 07:45:00,14800.0,100.0,1235400.0
1,2021-10-20 07:45:00,14800.0,300.0,1235300.0
2,2021-10-20 07:45:00,14800.0,200.0,1235000.0
3,2021-10-20 07:45:00,14800.0,200.0,1234800.0
4,2021-10-20 07:45:00,14800.0,300.0,1234600.0
5,2021-10-20 07:45:00,14800.0,100.0,1234300.0
6,2021-10-20 07:45:00,14800.0,200.0,1234200.0
7,2021-10-20 07:45:00,14800.0,200.0,1234000.0
8,2021-10-20 07:45:00,14800.0,4200.0,1233800.0
9,2021-10-20 07:45:00,14800.0,300.0,1229600.0
10,2021-10-20 07:45:00,14800.0,700.0,1229300.0
11,2021-10-20 07:45:00,14800.0,1000.0,1228600.0
12,2021-10-20 07:45:00,14800.0,300.0,1227600.0
13,2021-10-20 07:45:00,14800.0,100.0,1227300.0
14,2021-10-20 07:45:00,14800.0,7900.0,1227200.0
15,2021-10-20 07:45:00,14800.0,800.0,1219300.0
16,2021-10-20 07:45:00,14800.0,1300.0,1218500.0
17,2021-10-20 07:45:00,14800.0,600.0,1217200.0
18,2021-10-20 07:45:00,14800.0,1100.0,1216600.0
19,2021-10-20 07:45:00,14800.0,8000.0,1215500.0
20,2021-10-20 07:45:00,14800.0,200.0,1207500.0
21,2021-10-20 07:45:00,14800.0,100.0,1207300.0
22,2021-10-20 07:45:00,14800.0,300.0,1207200.0
23,2021-10-20 07:45:00,14800.0,6200.0,1206900.0
24,2021-10-20 07:45:00,14800.0,300.0,1200700.0
25,2021-10-20 07:45:00,14800.0,100.0,1200400.0
26,2021-10-20 07:45:00,14800.0,3000.0,1200300.0
27,2021-10-20 07:45:00,14800.0,700.0,1197300.0
28,2021-10-20 07:45:00,14800.0,200.0,1196600.0
29,2021-10-20 07:45:00,14800.0,800.0,1196400.0
30,2021-10-20 07:45:00,14800.0,200.0,1195600.0
31,2021-10-20 07:45:00,14800.0,1000.0,1195400.0
32,2021-10-20 07:45:00,14800.0,200.0,1194400.0
33,2021-10-20 07:45:00,14800.0,1800.0,1194200.0
34,2021-10-20 07:45:00,14800.0,200.0,1192400.0
35,2021-10-20 07:45:00,14800.0,300.0,1192200.0
36,2021-10-20 07:45:00,14800.0,100.0,1191900.0
37,2021-10-20 07:45:00,14800.0,200.0,1191800.0
38,2021-10-20 07:45:00,14800.0,1400.0,1191600.0
39,2021-10-20 07:45:00,14800.0,500.0,1190200.0
40,2021-10-20 07:45:00,14800.0,3000.0,1189700.0
41,2021-10-20 07:45:00,14800.0,100.0,1186700.0
42,2021-10-20 07:45:00,14800.0,400.0,1186600.0
43,2021-10-20 07:45:00,14800.0,400.0,1186200.0
44,2021-10-20 07:45:00,14800.0,100.0,1185800.0
45,2021-10-20 07:45:00,14800.0,100.0,1185700.0
46,2021-10-20 07:45:00,14800.0,900.0,1185600.0
47,2021-10-20 07:45:00,14800.0,3300.0,1184700.0
48,2021-10-20 07:45:00,14800.0,700.0,1181400.0
49,2021-10-20 07:45:00,14800.0,3300.0,1180700.0
50,2021-10-20 07:45:00,14800.0,8600.0,1177400.0
51,2021-10-20 07:45:00,14800.0,1000.0,1168800.0
52,2021-10-20 07:45:00,14800.0,400.0,1167800.0
53,2021-10-20 07:45:00,14800.0,100.0,1167400.0
54,2021-10-20 07:45:00,14800.0,500.0,1167300.0
55,2021-10-20 07:45:00,14800.0,300.0,1166800.0
56,2021-10-20 07:45:00,14800.0,200.0,1166500.0
57,2021-10-20 07:45:00,14800.0,200.0,1166300.0
58,2021-10-20 07:45:00,14800.0,900.0,1166100.0
59,2021-10-20 07:45:00,14800.0,100.0,1165200.0
60,2021-10-20 07:45:00,14800.0,200.0,1165100.0
61,2021-10-20 07:45:00,14800.0,100.0,1164900.0
62,2021-10-20 07:29:47,14750.0,100.0,1164800.0
63,2021-10-20 07:29:37,14750.0,100.0,1164700.0
64,2021-10-20 07:28:40,14750.0,17900.0,1164600.0
65,2021-10-20 07:28:37,14750.0,200.0,1146700.0
66,2021-10-20 07:28:37,14750.0,500.0,1146500.0
67,2021-10-20 07:28:37,14750.0,200.0,1146000.0
68,2021-10-20 07:28:37,14750.0,500.0,1145800.0
69,2021-10-20 07:28:13,14600.0,1500.0,1145300.0
70,2021-10-20 07:28:13,14600.0,100.0,1143800.0
71,2021-10-20 07:27:31,14750.0,1000.0,1143700.0
72,2021-10-20 07:27:24,14600.0,100.0,1142700.0
73,2021-10-20 07:27:24,14600.0,200.0,1142600.0
74,2021-10-20 07:27:24,14600.0,500.0,1142400.0
75,2021-10-20 07:27:24,14600.0,10000.0,1141900.0
76,2021-10-20 07:27:24,14600.0,1000.0,1131900.0
77,2021-10-20 07:27:24,14600.0,9100.0,1130900.0
78,2021-10-20 07:26:53,14600.0,900.0,1121800.0
79,2021-10-20 07:26:53,14700.0,400.0,1120900.0
80,2021-10-20 07:26:30,14750.0,1500.0,1120500.0
81,2021-10-20 07:26:30,14700.0,500.0,1119000.0
82,2021-10-20 07:26:24,14700.0,1500.0,1118500.0
83,2021-10-20 07:26:23,14700.0,800.0,1117000.0
84,2021-10-20 07:26:23,14700.0,300.0,1116200.0
85,2021-10-20 07:25:48,14700.0,200.0,1115900.0
86,2021-10-20 07:25:48,14700.0,400.0,1115700.0
87,2021-10-20 07:25:48,14700.0,100.0,1115300.0
88,2021-10-20 07:25:48,14700.0,1000.0,1115200.0
89,2021-10-20 07:25:48,14700.0,300.0,1114200.0
90,2021-10-20 07:25:46,14700.0,700.0,1113900.0
91,2021-10-20 07:25:46,14700.0,300.0,1113200.0
92,2021-10-20 07:25:23,14700.0,1000.0,1112900.0
93,2021-10-20 07:25:10,14600.0,300.0,1111900.0
94,2021-10-20 07:24:49,14600.0,2700.0,1111600.0
95,2021-10-20 07:24:41,14600.0,400.0,1108900.0
96,2021-10-20 07:24:14,14600.0,1000.0,1108500.0
97,2021-10-20 07:24:12,14500.0,500.0,1107500.0
98,2021-10-20 07:24:12,14500.0,200.0,1107000.0
99,2021-10-20 07:24:12,14550.0,800.0,1106800.0
100,2021-10-20 07:24:12,14550.0,600.0,1106000.0
101,2021-10-20 07:24:10,14600.0,100.0,1105400.0
102,2021-10-20 07:24:09,14600.0,500.0,1105300.0
103,2021-10-20 07:24:09,14600.0,300.0,1104800.0
104,2021-10-20 07:23:26,14700.0,1000.0,1104500.0
105,2021-10-20 07:23:14,14600.0,300.0,1103500.0
106,2021-10-20 07:23:14,14600.0,200.0,1103200.0
107,2021-10-20 07:23:00,14600.0,500.0,1103000.0
108,2021-10-20 07:22:39,14700.0,700.0,1102500.0
109,2021-10-20 07:22:39,14700.0,1300.0,1101800.0
110,2021-10-20 07:22:14,14600.0,300.0,1100500.0
111,2021-10-20 07:21:58,14700.0,2000.0,1100200.0
112,2021-10-20 07:21:37,14700.0,1700.0,1098200.0
113,2021-10-20 07:21:37,14700.0,800.0,1096500.0
114,2021-10-20 07:21:36,14600.0,1000.0,1095700.0
115,2021-10-20 07:21:36,14600.0,400.0,1094700.0
116,2021-10-20 07:21:36,14600.0,700.0,1094300.0
117,2021-10-20 07:21:36,14600.0,500.0,1093600.0
118,2021-10-20 07:21:36,14600.0,400.0,1093100.0
119,2021-10-20 07:21:28,14700.0,2000.0,1092700.0
120,2021-10-20 07:21:25,14700.0,2000.0,1090700.0
121,2021-10-20 07:20:55,14700.0,200.0,1088700.0
122,2021-10-20 07:20:55,14700.0,2000.0,1088500.0
123,2021-10-20 07:20:55,14700.0,800.0,1086500.0
124,2021-10-20 07:20:46,14700.0,200.0,1085700.0
125,2021-10-20 07:20:46,14700.0,1000.0,1085500.0
126,2021-10-20 07:20:46,14700.0,100.0,1084500.0
127,2021-10-20 07:20:46,14700.0,700.0,1084400.0
128,2021-10-20 07:20:38,14600.0,400.0,1083700.0
129,2021-10-20 07:20:21,14600.0,200.0,1083300.0
130,2021-10-20 07:20:10,14700.0,3000.0,1083100.0
131,2021-10-20 07:19:40,14700.0,3000.0,1080100.0
132,2021-10-20 07:19:14,14600.0,100.0,1077100.0
133,2021-10-20 07:19:13,14700.0,300.0,1077000.0
134,2021-10-20 07:19:13,14700.0,700.0,1076700.0
135,2021-10-20 07:19:13,14700.0,100.0,1076000.0
136,2021-10-20 07:19:13,14700.0,1000.0,1075900.0
137,2021-10-20 07:19:13,14700.0,900.0,1074900.0
138,2021-10-20 07:18:45,14700.0,100.0,1074000.0
139,2021-10-20 07:18:45,14700.0,200.0,1073900.0
140,2021-10-20 07:18:45,14700.0,1200.0,1073700.0
141,2021-10-20 07:18:45,14700.0,700.0,1072500.0
142,2021-10-20 07:18:45,14700.0,500.0,1071800.0
143,2021-10-20 07:18:45,14700.0,1300.0,1071300.0
144,2021-10-20 07:18:17,14700.0,3000.0,1070000.0
145,2021-10-20 07:17:52,14700.0,700.0,1067000.0
146,2021-10-20 07:17:52,14650.0,500.0,1066300.0
147,2021-10-20 07:17:52,14600.0,3800.0,1065800.0
148,2021-10-20 07:17:37,14600.0,100.0,1062000.0
149,2021-10-20 07:17:37,14600.0,100.0,1061900.0
150,2021-10-20 07:17:28,14600.0,1700.0,1061800.0
151,2021-10-20 07:17:26,14700.0,1000.0,1060100.0
152,2021-10-20 07:17:26,14700.0,500.0,1059100.0
153,2021-10-20 07:17:26,14700.0,100.0,1058600.0
154,2021-10-20 07:17:26,14700.0,1000.0,1058500.0
155,2021-10-20 07:17:26,14700.0,200.0,1057500.0
156,2021-10-20 07:17:26,14700.0,2200.0,1057300.0
157,2021-10-20 07:16:57,14700.0,1500.0,1055100.0
158,2021-10-20 07:16:57,14650.0,500.0,1053600.0
159,2021-10-20 07:16:16,14700.0,1300.0,1053100.0
160,2021-10-20 07:16:16,14700.0,300.0,1051800.0
161,2021-10-20 07:16:16,14700.0,300.0,1051500.0
162,2021-10-20 07:16:16,14700.0,2100.0,1051200.0
163,2021-10-20 07:16:16,14600.0,200.0,1049100.0
164,2021-10-20 07:16:16,14600.0,800.0,1048900.0
165,2021-10-20 07:16:08,14600.0,4000.0,1048100.0
166,2021-10-20 07:16:08,14600.0,100.0,1044100.0
167,2021-10-20 07:16:08,14600.0,600.0,1044000.0
168,2021-10-20 07:16:08,14600.0,100.0,1043400.0
169,2021-10-20 07:16:08,14600.0,100.0,1043300.0
170,2021-10-20 07:16:08,14600.0,100.0,1043200.0
171,2021-10-20 07:16:08,14600.0,20000.0,1043100.0
172,2021-10-20 07:16:08,14600.0,1500.0,1023100.0
173,2021-10-20 07:16:08,14600.0,100.0,1021600.0
174,2021-10-20 07:16:08,14600.0,200.0,1021500.0
175,2021-10-20 07:16:07,14600.0,800.0,1021300.0
176,2021-10-20 07:15:55,14600.0,500.0,1020500.0
177,2021-10-20 07:15:55,14600.0,2000.0,1020000.0
178,2021-10-20 07:15:55,14600.0,500.0,1018000.0
179,2021-10-20 07:15:55,14600.0,2000.0,1017500.0
180,2021-10-20 07:15:55,14600.0,2000.0,1015500.0
181,2021-10-20 07:15:55,14600.0,200.0,1013500.0
182,2021-10-20 07:15:55,14600.0,100.0,1013300.0
183,2021-10-20 07:15:55,14600.0,100.0,1013200.0
184,2021-10-20 07:15:55,14600.0,500.0,1013100.0
185,2021-10-20 07:15:55,14600.0,1000.0,1012600.0
186,2021-10-20 07:15:55,14600.0,600.0,1011600.0
187,2021-10-20 07:15:55,14600.0,100.0,1011000.0
188,2021-10-20 07:15:55,14600.0,1000.0,1010900.0
189,2021-10-20 07:15:55,14600.0,100.0,1009900.0
190,2021-10-20 07:15:55,14600.0,300.0,1009800.0
191,2021-10-20 07:15:55,14600.0,100.0,1009500.0
192,2021-10-20 07:15:55,14600.0,500.0,1009400.0
193,2021-10-20 07:15:55,14600.0,1000.0,1008900.0
194,2021-10-20 07:15:55,14600.0,1300.0,1007900.0
195,2021-10-20 07:15:55,14600.0,1000.0,1006600.0
196,2021-10-20 07:15:55,14600.0,500.0,1005600.0
197,2021-10-20 07:15:55,14600.0,100.0,1005100.0
198,2021-10-20 07:15:55,14600.0,500.0,1005000.0
199,2021-10-20 07:15:55,14600.0,100.0,1004500.0
200,2021-10-20 07:15:55,14600.0,3000.0,1004400.0
201,2021-10-20 07:15:55,14600.0,300.0,1001400.0
202,2021-10-20 07:15:55,14600.0,600.0,1001100.0
203,2021-10-20 07:15:23,14600.0,100.0,1000500.0
204,2021-10-20 07:15:17,14700.0,1000.0,1000400.0
205,2021-10-20 07:14:38,14700.0,300.0,999400.0
206,2021-10-20 07:14:19,14600.0,1600.0,999100.0
207,2021-10-20 07:14:19,14600.0,1100.0,997500.0
208,2021-10-20 07:14:19,14650.0,300.0,996400.0
209,2021-10-20 07:14:08,14700.0,1600.0,996100.0
210,2021-10-20 07:13:42,14700.0,3400.0,994500.0
211,2021-10-20 07:13:34,14700.0,1600.0,991100.0
212,2021-10-20 07:13:34,14700.0,300.0,989500.0
213,2021-10-20 07:13:34,14700.0,100.0,989200.0
214,2021-10-20 07:13:02,14700.0,1400.0,989100.0
215,2021-10-20 07:13:02,14700.0,2600.0,987700.0
216,2021-10-20 07:12:34,14700.0,100.0,985100.0
217,2021-10-20 07:12:22,14650.0,100.0,985000.0
218,2021-10-20 07:12:22,14650.0,300.0,984900.0
219,2021-10-20 07:12:22,14650.0,1300.0,984600.0
220,2021-10-20 07:12:22,14650.0,1000.0,983300.0
221,2021-10-20 07:12:22,14650.0,1000.0,982300.0
222,2021-10-20 07:12:22,14650.0,1000.0,981300.0
223,2021-10-20 07:12:22,14650.0,5000.0,980300.0
224,2021-10-20 07:12:22,14650.0,3100.0,975300.0
225,2021-10-20 07:12:22,14650.0,500.0,972200.0
226,2021-10-20 07:12:22,14650.0,100.0,971700.0
227,2021-10-20 07:12:22,14650.0,100.0,971600.0
228,2021-10-20 07:12:22,14650.0,2000.0,971500.0
229,2021-10-20 07:11:41,14700.0,1000.0,969500.0
230,2021-10-20 07:11:33,14700.0,1300.0,968500.0
231,2021-10-20 07:11:20,14700.0,1000.0,967200.0
232,2021-10-20 07:11:20,14700.0,100.0,966200.0
233,2021-10-20 07:11:20,14700.0,100.0,966100.0
234,2021-10-20 07:10:07,14700.0,3900.0,966000.0
235,2021-10-20 07:10:07,14700.0,100.0,962100.0
236,2021-10-20 07:09:50,14750.0,2000.0,962000.0
237,2021-10-20 07:08:58,14750.0,2000.0,960000.0
238,2021-10-20 07:08:17,14700.0,5000.0,958000.0
239,2021-10-20 07:08:17,14700.0,200.0,953000.0
240,2021-10-20 07:08:17,14700.0,100.0,952800.0
241,2021-10-20 07:08:17,14700.0,100.0,952700.0
242,2021-10-20 07:07:38,14750.0,2000.0,952600.0
243,2021-10-20 07:07:07,14750.0,2000.0,950600.0
244,2021-10-20 07:06:27,14750.0,1000.0,948600.0
245,2021-10-20 07:06:24,14750.0,2000.0,947600.0
246,2021-10-20 07:05:35,14750.0,3000.0,945600.0
247,2021-10-20 07:05:04,14750.0,500.0,942600.0
248,2021-10-20 07:04:58,14700.0,400.0,942100.0
249,2021-10-20 07:04:58,14700.0,10000.0,941700.0
250,2021-10-20 07:04:47,14750.0,200.0,931700.0
251,2021-10-20 07:04:32,14750.0,300.0,931500.0
252,2021-10-20 07:04:26,14750.0,2000.0,931200.0
253,2021-10-20 07:03:55,14800.0,1000.0,929200.0
254,2021-10-20 07:03:46,14800.0,1400.0,928200.0
255,2021-10-20 07:03:46,14750.0,200.0,926800.0
256,2021-10-20 07:03:46,14750.0,400.0,926600.0
257,2021-10-20 07:03:37,14750.0,900.0,926200.0
258,2021-10-20 07:03:22,14750.0,700.0,925300.0
259,2021-10-20 07:03:22,14750.0,1300.0,924600.0
260,2021-10-20 07:02:50,14700.0,600.0,923300.0
261,2021-10-20 07:02:50,14700.0,100.0,922700.0
262,2021-10-20 07:02:50,14700.0,1000.0,922600.0
263,2021-10-20 07:02:50,14700.0,300.0,921600.0
264,2021-10-20 07:02:50,14700.0,300.0,921300.0
265,2021-10-20 07:02:50,14700.0,600.0,921000.0
266,2021-10-20 07:02:50,14700.0,200.0,920400.0
267,2021-10-20 07:02:50,14700.0,2000.0,920200.0
268,2021-10-20 07:02:50,14700.0,200.0,918200.0
269,2021-10-20 07:02:47,14750.0,600.0,918000.0
270,2021-10-20 07:02:46,14750.0,1000.0,917400.0
271,2021-10-20 07:02:28,14750.0,500.0,916400.0
272,2021-10-20 07:02:04,14750.0,400.0,915900.0
273,2021-10-20 07:02:02,14750.0,2000.0,915500.0
274,2021-10-20 07:01:38,14750.0,500.0,913500.0
275,2021-10-20 07:01:34,14750.0,2000.0,913000.0
276,2021-10-20 07:01:13,14750.0,1000.0,911000.0
277,2021-10-20 07:01:07,14750.0,2000.0,910000.0
278,2021-10-20 07:00:42,14750.0,2000.0,908000.0
279,2021-10-20 07:00:19,14750.0,2000.0,906000.0
280,2021-10-20 07:00:00,14750.0,1900.0,904000.0
281,2021-10-20 06:59:38,14750.0,2000.0,902100.0
282,2021-10-20 06:59:14,14750.0,300.0,900100.0
283,2021-10-20 06:58:55,14750.0,500.0,899800.0
284,2021-10-20 06:58:47,14700.0,100.0,899300.0
285,2021-10-20 06:58:47,14700.0,900.0,899200.0
286,2021-10-20 06:58:46,14700.0,100.0,898300.0
287,2021-10-20 06:58:29,14700.0,3000.0,898200.0
288,2021-10-20 06:58:01,14700.0,500.0,895200.0
289,2021-10-20 06:58:01,14700.0,500.0,894700.0
290,2021-10-20 06:58:01,14700.0,200.0,894200.0
291,2021-10-20 06:58:01,14700.0,2000.0,894000.0
292,2021-10-20 06:58:01,14700.0,100.0,892000.0
293,2021-10-20 06:58:01,14700.0,500.0,891900.0
294,2021-10-20 06:58:01,14700.0,200.0,891400.0
295,2021-10-20 06:58:01,14700.0,500.0,891200.0
296,2021-10-20 06:58:01,14700.0,400.0,890700.0
297,2021-10-20 06:58:01,14700.0,1000.0,890300.0
298,2021-10-20 06:58:01,14700.0,2000.0,889300.0
299,2021-10-20 06:58:01,14700.0,500.0,887300.0
300,2021-10-20 06:58:01,14700.0,600.0,886800.0
301,2021-10-20 06:58:01,14700.0,2200.0,886200.0
302,2021-10-20 06:58:01,14700.0,900.0,884000.0
303,2021-10-20 06:58:01,14700.0,500.0,883100.0
304,2021-10-20 06:58:01,14700.0,200.0,882600.0
305,2021-10-20 06:58:01,14700.0,3000.0,882400.0
306,2021-10-20 06:58:01,14700.0,1000.0,879400.0
307,2021-10-20 06:58:01,14700.0,500.0,878400.0
308,2021-10-20 06:58:01,14700.0,1000.0,877900.0
309,2021-10-20 06:58:01,14700.0,600.0,876900.0
310,2021-10-20 06:58:01,14700.0,1500.0,876300.0
311,2021-10-20 06:57:25,14800.0,5000.0,874800.0
312,2021-10-20 06:57:17,14750.0,100.0,869800.0
313,2021-10-20 06:56:29,14750.0,10000.0,869700.0
314,2021-10-20 06:56:29,14750.0,500.0,859700.0
315,2021-10-20 06:56:29,14750.0,2000.0,859200.0
316,2021-10-20 06:56:29,14750.0,5400.0,857200.0
317,2021-10-20 06:56:29,14750.0,200.0,851800.0
318,2021-10-20 06:56:04,14800.0,2000.0,851600.0
319,2021-10-20 06:55:38,14750.0,9900.0,849600.0
320,2021-10-20 06:55:38,14750.0,1000.0,839700.0
321,2021-10-20 06:55:38,14750.0,500.0,838700.0
322,2021-10-20 06:55:38,14750.0,2000.0,838200.0
323,2021-10-20 06:55:38,14750.0,4900.0,836200.0
324,2021-10-20 06:55:04,14750.0,300.0,831300.0
325,2021-10-20 06:54:50,14850.0,3000.0,831000.0
326,2021-10-20 06:54:16,14750.0,4800.0,828000.0
327,2021-10-20 06:54:16,14750.0,2400.0,823200.0
328,2021-10-20 06:54:16,14750.0,100.0,820800.0
329,2021-10-20 06:54:16,14750.0,100.0,820700.0
330,2021-10-20 06:54:16,14750.0,500.0,820600.0
331,2021-10-20 06:54:16,14750.0,500.0,820100.0
332,2021-10-20 06:54:16,14750.0,500.0,819600.0
333,2021-10-20 06:54:16,14750.0,100.0,819100.0
334,2021-10-20 06:54:16,14750.0,1000.0,819000.0
335,2021-10-20 06:54:11,14850.0,3000.0,818000.0
336,2021-10-20 06:53:47,14850.0,1900.0,815000.0
337,2021-10-20 06:53:47,14800.0,100.0,813100.0
338,2021-10-20 06:53:42,14800.0,100.0,813000.0
339,2021-10-20 06:53:16,14800.0,900.0,812900.0
340,2021-10-20 06:53:16,14800.0,900.0,812000.0
341,2021-10-20 06:52:59,14850.0,2000.0,811100.0
342,2021-10-20 06:52:41,14800.0,1800.0,809100.0
343,2021-10-20 06:52:41,14800.0,2000.0,807300.0
344,2021-10-20 06:52:41,14850.0,600.0,805300.0
345,2021-10-20 06:52:41,14850.0,300.0,804700.0
346,2021-10-20 06:52:29,14850.0,300.0,804400.0
347,2021-10-20 06:52:29,14850.0,1100.0,804100.0
348,2021-10-20 06:52:29,14850.0,300.0,803000.0
349,2021-10-20 06:52:25,14850.0,700.0,802700.0
350,2021-10-20 06:52:25,14850.0,5000.0,802000.0
351,2021-10-20 06:52:25,14850.0,4300.0,797000.0
352,2021-10-20 06:52:16,14800.0,3200.0,792700.0
353,2021-10-20 06:52:16,14800.0,2000.0,789500.0
354,2021-10-20 06:52:16,14800.0,1000.0,787500.0
355,2021-10-20 06:52:16,14800.0,100.0,786500.0
356,2021-10-20 06:52:16,14800.0,500.0,786400.0
357,2021-10-20 06:52:16,14800.0,2800.0,785900.0
358,2021-10-20 06:52:16,14800.0,1000.0,783100.0
359,2021-10-20 06:52:16,14800.0,100.0,782100.0
360,2021-10-20 06:52:16,14800.0,1800.0,782000.0
361,2021-10-20 06:52:13,14850.0,1000.0,780200.0
362,2021-10-20 06:51:50,14850.0,1700.0,779200.0
363,2021-10-20 06:51:50,14850.0,1300.0,777500.0
364,2021-10-20 06:51:41,14800.0,200.0,776200.0
365,2021-10-20 06:51:10,14850.0,2000.0,776000.0
366,2021-10-20 06:50:32,14850.0,200.0,774000.0
367,2021-10-20 06:50:28,14850.0,1500.0,773800.0
368,2021-10-20 06:49:52,14900.0,100.0,772300.0
369,2021-10-20 06:49:52,14900.0,500.0,772200.0
370,2021-10-20 06:49:52,14800.0,400.0,771700.0
371,2021-10-20 06:49:43,14800.0,300.0,771300.0
372,2021-10-20 06:49:34,14800.0,5000.0,771000.0
373,2021-10-20 06:48:51,14800.0,200.0,766000.0
374,2021-10-20 06:48:51,14800.0,5000.0,765800.0
375,2021-10-20 06:48:51,14800.0,300.0,760800.0
376,2021-10-20 06:48:51,14800.0,800.0,760500.0
377,2021-10-20 06:48:51,14800.0,300.0,759700.0
378,2021-10-20 06:48:25,14800.0,100.0,759400.0
379,2021-10-20 06:48:25,14800.0,1000.0,759300.0
380,2021-10-20 06:48:25,14800.0,200.0,758300.0
381,2021-10-20 06:48:25,14800.0,3000.0,758100.0
382,2021-10-20 06:48:00,14800.0,100.0,755100.0
383,2021-10-20 06:47:56,14800.0,2000.0,755000.0
384,2021-10-20 06:47:56,14800.0,1000.0,753000.0
385,2021-10-20 06:47:56,14800.0,200.0,752000.0
386,2021-10-20 06:47:56,14800.0,800.0,751800.0
387,2021-10-20 06:47:56,14800.0,100.0,751000.0
388,2021-10-20 06:47:27,14800.0,500.0,750900.0
389,2021-10-20 06:47:27,14800.0,1000.0,750400.0
390,2021-10-20 06:47:27,14800.0,500.0,749400.0
391,2021-10-20 06:47:27,14800.0,1400.0,748900.0
392,2021-10-20 06:47:27,14800.0,100.0,747500.0
393,2021-10-20 06:47:27,14800.0,500.0,747400.0
394,2021-10-20 06:47:12,14900.0,500.0,746900.0
395,2021-10-20 06:46:56,14900.0,2000.0,746400.0
396,2021-10-20 06:46:38,14800.0,500.0,744400.0
397,2021-10-20 06:46:29,14900.0,2000.0,743900.0
398,2021-10-20 06:46:23,14850.0,200.0,741900.0
399,2021-10-20 06:46:23,14850.0,800.0,741700.0
400,2021-10-20 06:46:20,14850.0,500.0,740900.0
401,2021-10-20 06:46:17,14900.0,200.0,740400.0
402,2021-10-20 06:46:16,14900.0,100.0,740200.0
403,2021-10-20 06:46:04,14900.0,200.0,740100.0
404,2021-10-20 06:46:04,14900.0,1300.0,739900.0
405,2021-10-20 06:46:00,14900.0,2000.0,738600.0
406,2021-10-20 06:45:24,14850.0,100.0,736600.0
407,2021-10-20 06:45:24,14850.0,500.0,736500.0
408,2021-10-20 06:45:24,14850.0,100.0,736000.0
409,2021-10-20 06:45:19,14850.0,400.0,735900.0
410,2021-10-20 06:45:19,14850.0,5600.0,735500.0
411,2021-10-20 06:45:03,14850.0,400.0,729900.0
412,2021-10-20 06:45:03,14850.0,100.0,729500.0
413,2021-10-20 06:45:03,14850.0,1000.0,729400.0
414,2021-10-20 06:45:03,14850.0,200.0,728400.0
415,2021-10-20 06:45:03,14850.0,300.0,728200.0
416,2021-10-20 06:44:30,14850.0,100.0,727900.0
417,2021-10-20 06:43:23,14850.0,500.0,727800.0
418,2021-10-20 06:43:16,14850.0,100.0,727300.0
419,2021-10-20 06:43:16,14850.0,100.0,727200.0
420,2021-10-20 06:43:16,14850.0,300.0,727100.0
421,2021-10-20 06:43:12,14850.0,200.0,726800.0
422,2021-10-20 06:43:12,14800.0,400.0,726600.0
423,2021-10-20 06:42:54,14850.0,1500.0,726200.0
424,2021-10-20 06:42:54,14850.0,200.0,724700.0
425,2021-10-20 06:42:54,14850.0,300.0,724500.0
426,2021-10-20 06:42:45,14850.0,700.0,724200.0
427,2021-10-20 06:42:45,14850.0,2300.0,723500.0
428,2021-10-20 06:42:22,14850.0,2000.0,721200.0
429,2021-10-20 06:41:51,14850.0,1700.0,719200.0
430,2021-10-20 06:41:51,14850.0,100.0,717500.0
431,2021-10-20 06:41:51,14850.0,1200.0,717400.0
432,2021-10-20 06:41:14,14800.0,3000.0,716200.0
433,2021-10-20 06:41:14,14800.0,100.0,713200.0
434,2021-10-20 06:41:14,14800.0,300.0,713100.0
435,2021-10-20 06:41:14,14800.0,500.0,712800.0
436,2021-10-20 06:41:14,14800.0,600.0,712300.0
437,2021-10-20 06:41:14,14800.0,1000.0,711700.0
438,2021-10-20 06:41:14,14800.0,2000.0,710700.0
439,2021-10-20 06:41:14,14800.0,800.0,708700.0
440,2021-10-20 06:41:14,14800.0,1000.0,707900.0
441,2021-10-20 06:41:14,14800.0,100.0,706900.0
442,2021-10-20 06:41:14,14800.0,400.0,706800.0
443,2021-10-20 06:41:14,14800.0,100.0,706400.0
444,2021-10-20 06:41:01,14850.0,3800.0,706300.0
445,2021-10-20 06:40:49,14850.0,2900.0,702500.0
446,2021-10-20 06:40:24,14850.0,1000.0,699600.0
447,2021-10-20 06:40:24,14850.0,100.0,698600.0
448,2021-10-20 06:40:24,14850.0,1000.0,698500.0
449,2021-10-20 06:40:04,14850.0,1000.0,697500.0
450,2021-10-20 06:39:40,14850.0,1200.0,696500.0
451,2021-10-20 06:39:40,14850.0,5000.0,695300.0
452,2021-10-20 06:39:40,14850.0,100.0,690300.0
453,2021-10-20 06:39:40,14850.0,4200.0,690200.0
454,2021-10-20 06:39:01,14850.0,1000.0,686000.0
455,2021-10-20 06:39:01,14850.0,4800.0,685000.0
456,2021-10-20 06:38:51,14850.0,4800.0,680200.0
457,2021-10-20 06:38:47,14850.0,400.0,675400.0
458,2021-10-20 06:38:47,14850.0,100.0,675000.0
459,2021-10-20 06:38:40,14850.0,100.0,674900.0
460,2021-10-20 06:38:40,14850.0,1000.0,674800.0
461,2021-10-20 06:38:39,14850.0,500.0,673800.0
462,2021-10-20 06:38:34,14850.0,100.0,673300.0
463,2021-10-20 06:38:34,14850.0,500.0,673200.0
464,2021-10-20 06:38:34,14850.0,200.0,672700.0
465,2021-10-20 06:38:14,14850.0,1000.0,672500.0
466,2021-10-20 06:38:13,14850.0,800.0,671500.0
467,2021-10-20 06:38:11,14900.0,1700.0,670700.0
468,2021-10-20 06:38:11,14900.0,300.0,669000.0
469,2021-10-20 06:38:01,14900.0,900.0,668700.0
470,2021-10-20 06:38:01,14850.0,100.0,667800.0
471,2021-10-20 06:37:55,14850.0,100.0,667700.0
472,2021-10-20 06:37:55,14850.0,100.0,667600.0
473,2021-10-20 06:37:55,14850.0,700.0,667500.0
474,2021-10-20 06:37:55,14850.0,300.0,666800.0
475,2021-10-20 06:37:47,14850.0,200.0,666500.0
476,2021-10-20 06:37:43,14850.0,500.0,666300.0
477,2021-10-20 06:37:43,14850.0,400.0,665800.0
478,2021-10-20 06:37:34,14850.0,1000.0,665400.0
479,2021-10-20 06:37:33,14850.0,100.0,664400.0
480,2021-10-20 06:37:33,14850.0,200.0,664300.0
481,2021-10-20 06:37:25,14850.0,500.0,664100.0
482,2021-10-20 06:37:25,14850.0,100.0,663600.0
483,2021-10-20 06:37:20,14850.0,200.0,663500.0
484,2021-10-20 06:37:11,14850.0,800.0,663300.0
485,2021-10-20 06:37:06,14850.0,200.0,662500.0
486,2021-10-20 06:37:06,14850.0,500.0,662300.0
487,2021-10-20 06:37:06,14850.0,200.0,661800.0
488,2021-10-20 06:37:06,14850.0,100.0,661600.0
489,2021-10-20 06:37:06,14850.0,200.0,661500.0
490,2021-10-20 06:37:06,14850.0,800.0,661300.0
491,2021-10-20 06:37:01,14850.0,900.0,660500.0
492,2021-10-20 06:37:01,14850.0,1100.0,659600.0
493,2021-10-20 06:37:00,14850.0,400.0,658500.0
494,2021-10-20 06:37:00,14850.0,200.0,658100.0
495,2021-10-20 06:37:00,14850.0,200.0,657900.0
496,2021-10-20 06:37:00,14850.0,1200.0,657700.0
497,2021-10-20 06:36:39,14850.0,3700.0,656500.0
498,2021-10-20 06:36:34,14850.0,3000.0,652800.0
499,2021-10-20 06:35:55,14850.0,2000.0,649800.0
500,2021-10-20 06:35:27,14850.0,100.0,647800.0
501,2021-10-20 06:35:27,14850.0,1900.0,647700.0
502,2021-10-20 06:35:15,14800.0,500.0,645800.0
503,2021-10-20 06:35:15,14800.0,800.0,645300.0
504,2021-10-20 06:35:07,14800.0,1000.0,644500.0
505,2021-10-20 06:34:57,14800.0,200.0,643500.0
506,2021-10-20 06:34:54,14800.0,2000.0,643300.0
507,2021-10-20 06:34:36,14800.0,1000.0,641300.0
508,2021-10-20 06:34:28,14850.0,800.0,640300.0
509,2021-10-20 06:34:28,14800.0,100.0,639500.0
510,2021-10-20 06:34:28,14800.0,100.0,639400.0
511,2021-10-20 06:34:03,14850.0,500.0,639300.0
512,2021-10-20 06:34:03,14800.0,500.0,638800.0
513,2021-10-20 06:34:00,14750.0,1000.0,638300.0
514,2021-10-20 06:34:00,14750.0,4400.0,637300.0
515,2021-10-20 06:33:48,14850.0,1000.0,632900.0
516,2021-10-20 06:33:41,14750.0,5600.0,631900.0
517,2021-10-20 06:33:41,14750.0,100.0,626300.0
518,2021-10-20 06:33:41,14750.0,100.0,626200.0
519,2021-10-20 06:33:41,14750.0,1000.0,626100.0
520,2021-10-20 06:33:41,14750.0,100.0,625100.0
521,2021-10-20 06:33:41,14750.0,100.0,625000.0
522,2021-10-20 06:33:41,14750.0,100.0,624900.0
523,2021-10-20 06:33:41,14750.0,1000.0,624800.0
524,2021-10-20 06:33:41,14750.0,300.0,623800.0
525,2021-10-20 06:33:41,14750.0,400.0,623500.0
526,2021-10-20 06:33:41,14750.0,200.0,623100.0
527,2021-10-20 06:33:41,14750.0,500.0,622900.0
528,2021-10-20 06:33:41,14800.0,100.0,622400.0
529,2021-10-20 06:33:41,14800.0,1000.0,622300.0
530,2021-10-20 06:33:41,14800.0,1000.0,621300.0
531,2021-10-20 06:33:41,14800.0,2000.0,620300.0
532,2021-10-20 06:33:41,14800.0,300.0,618300.0
533,2021-10-20 06:33:37,14850.0,800.0,618000.0
534,2021-10-20 06:33:21,14800.0,100.0,617200.0
535,2021-10-20 06:33:21,14800.0,100.0,617100.0
536,2021-10-20 06:33:02,14800.0,500.0,617000.0
537,2021-10-20 06:33:02,14800.0,1500.0,616500.0
538,2021-10-20 06:32:58,14800.0,200.0,615000.0
539,2021-10-20 06:32:56,14800.0,500.0,614800.0
540,2021-10-20 06:32:56,14800.0,400.0,614300.0
541,2021-10-20 06:32:56,14800.0,200.0,613900.0
542,2021-10-20 06:32:47,14850.0,200.0,613700.0
543,2021-10-20 06:32:45,14800.0,100.0,613500.0
544,2021-10-20 06:32:37,14800.0,4700.0,613400.0
545,2021-10-20 06:32:34,14800.0,2500.0,608700.0
546,2021-10-20 06:32:34,14800.0,200.0,606200.0
547,2021-10-20 06:32:34,14800.0,1000.0,606000.0
548,2021-10-20 06:32:34,14800.0,100.0,605000.0
549,2021-10-20 06:32:34,14800.0,100.0,604900.0
550,2021-10-20 06:32:34,14800.0,1000.0,604800.0
551,2021-10-20 06:32:29,14850.0,1500.0,603800.0
552,2021-10-20 06:32:23,14800.0,200.0,602300.0
553,2021-10-20 06:32:23,14800.0,100.0,602100.0
554,2021-10-20 06:32:23,14800.0,5700.0,602000.0
555,2021-10-20 06:32:11,14800.0,200.0,596300.0
556,2021-10-20 06:31:59,14800.0,100.0,596100.0
557,2021-10-20 06:31:59,14800.0,200.0,596000.0
558,2021-10-20 06:31:59,14800.0,300.0,595800.0
559,2021-10-20 06:31:55,14850.0,900.0,595500.0
560,2021-10-20 06:31:55,14850.0,100.0,594600.0
561,2021-10-20 06:31:38,14850.0,2000.0,594500.0
562,2021-10-20 06:31:34,14800.0,3000.0,592500.0
563,2021-10-20 06:31:34,14800.0,9500.0,589500.0
564,2021-10-20 06:31:15,14800.0,500.0,580000.0
565,2021-10-20 06:31:15,14800.0,300.0,579500.0
566,2021-10-20 06:31:15,14800.0,200.0,579200.0
567,2021-10-20 06:31:15,14800.0,100.0,579000.0
568,2021-10-20 06:31:15,14800.0,100.0,578900.0
569,2021-10-20 06:31:15,14800.0,300.0,578800.0
570,2021-10-20 06:31:15,14800.0,2400.0,578500.0
571,2021-10-20 06:31:14,14800.0,600.0,576100.0
572,2021-10-20 06:31:14,14800.0,200.0,575500.0
573,2021-10-20 06:31:14,14800.0,1100.0,575300.0
574,2021-10-20 06:31:13,14800.0,9500.0,574200.0
575,2021-10-20 06:31:13,14800.0,2600.0,564700.0
576,2021-10-20 06:31:13,14800.0,1800.0,562100.0
577,2021-10-20 06:31:13,14800.0,500.0,560300.0
578,2021-10-20 06:31:13,14800.0,3300.0,559800.0
579,2021-10-20 06:31:13,14800.0,1700.0,556500.0
580,2021-10-20 06:31:13,14800.0,2700.0,554800.0
581,2021-10-20 06:31:13,14800.0,1000.0,552100.0
582,2021-10-20 06:31:13,14800.0,1000.0,551100.0
583,2021-10-20 06:31:13,14800.0,100.0,550100.0
584,2021-10-20 06:31:13,14800.0,300.0,550000.0
585,2021-10-20 06:31:13,14800.0,400.0,549700.0
586,2021-10-20 06:31:13,14800.0,9800.0,549300.0
587,2021-10-20 06:31:13,14750.0,200.0,539500.0
588,2021-10-20 06:31:12,14800.0,1000.0,539300.0
589,2021-10-20 06:31:02,14800.0,5000.0,538300.0
590,2021-10-20 06:30:56,14800.0,1500.0,533300.0
591,2021-10-20 06:30:50,14800.0,100.0,531800.0
592,2021-10-20 06:30:44,14800.0,2000.0,531700.0
593,2021-10-20 06:30:39,14800.0,200.0,529700.0
594,2021-10-20 06:30:21,14800.0,2000.0,529500.0
595,2021-10-20 06:30:11,14800.0,400.0,527500.0
596,2021-10-20 06:30:05,14800.0,500.0,527100.0
597,2021-10-20 06:29:57,14750.0,500.0,526600.0
598,2021-10-20 06:29:56,14800.0,2000.0,526100.0
599,2021-10-20 06:29:42,14800.0,600.0,524100.0
600,2021-10-20 06:29:39,14800.0,100.0,523500.0
601,2021-10-20 06:29:36,14800.0,5000.0,523400.0
602,2021-10-20 06:29:34,14800.0,5000.0,518400.0
603,2021-10-20 06:29:34,14800.0,1500.0,513400.0
604,2021-10-20 06:29:28,14800.0,500.0,511900.0
605,2021-10-20 06:29:28,14800.0,200.0,511400.0
606,2021-10-20 06:29:28,14800.0,300.0,511200.0
607,2021-10-20 06:29:11,14800.0,700.0,510900.0
608,2021-10-20 06:29:11,14800.0,500.0,510200.0
609,2021-10-20 06:29:03,14800.0,1000.0,509700.0
610,2021-10-20 06:28:46,14750.0,300.0,508700.0
611,2021-10-20 06:28:45,14750.0,500.0,508400.0
612,2021-10-20 06:28:39,14750.0,500.0,507900.0
613,2021-10-20 06:28:37,14750.0,500.0,507400.0
614,2021-10-20 06:28:37,14750.0,10000.0,506900.0
615,2021-10-20 06:28:37,14750.0,300.0,496900.0
616,2021-10-20 06:28:37,14750.0,1000.0,496600.0
617,2021-10-20 06:28:37,14750.0,3000.0,495600.0
618,2021-10-20 06:28:37,14750.0,200.0,492600.0
619,2021-10-20 06:28:34,14750.0,800.0,492400.0
620,2021-10-20 06:28:34,14750.0,200.0,491600.0
621,2021-10-20 06:28:33,14750.0,300.0,491400.0
622,2021-10-20 06:28:14,14750.0,500.0,491100.0
623,2021-10-20 06:28:14,14750.0,800.0,490600.0
624,2021-10-20 06:28:12,14750.0,1500.0,489800.0
625,2021-10-20 06:28:08,14750.0,3000.0,488300.0
626,2021-10-20 06:28:01,14750.0,600.0,485300.0
627,2021-10-20 06:27:53,14750.0,200.0,484700.0
628,2021-10-20 06:27:43,14750.0,1000.0,484500.0
629,2021-10-20 06:27:23,14750.0,800.0,483500.0
630,2021-10-20 06:27:15,14750.0,100.0,482700.0
631,2021-10-20 06:27:09,14750.0,1000.0,482600.0
632,2021-10-20 06:27:09,14750.0,100.0,481600.0
633,2021-10-20 06:27:09,14750.0,400.0,481500.0
634,2021-10-20 06:27:09,14750.0,1500.0,481100.0
635,2021-10-20 06:26:52,14750.0,500.0,479600.0
636,2021-10-20 06:26:49,14750.0,1500.0,479100.0
637,2021-10-20 06:26:48,14750.0,200.0,477600.0
638,2021-10-20 06:26:40,14750.0,1000.0,477400.0
639,2021-10-20 06:26:38,14750.0,300.0,476400.0
640,2021-10-20 06:26:36,14750.0,4000.0,476100.0
641,2021-10-20 06:26:23,14700.0,200.0,472100.0
642,2021-10-20 06:26:13,14700.0,1000.0,471900.0
643,2021-10-20 06:26:10,14700.0,300.0,470900.0
644,2021-10-20 06:25:52,14700.0,200.0,470600.0
645,2021-10-20 06:25:30,14700.0,2000.0,470400.0
646,2021-10-20 06:25:30,14700.0,300.0,468400.0
647,2021-10-20 06:25:29,14750.0,1000.0,468100.0
648,2021-10-20 06:25:03,14700.0,500.0,467100.0
649,2021-10-20 06:24:54,14700.0,6300.0,466600.0
650,2021-10-20 06:24:54,14700.0,700.0,460300.0
651,2021-10-20 06:24:54,14700.0,8800.0,459600.0
652,2021-10-20 06:24:54,14700.0,500.0,450800.0
653,2021-10-20 06:24:54,14700.0,400.0,450300.0
654,2021-10-20 06:24:54,14700.0,700.0,449900.0
655,2021-10-20 06:24:54,14700.0,500.0,449200.0
656,2021-10-20 06:24:54,14700.0,1000.0,448700.0
657,2021-10-20 06:24:54,14700.0,1100.0,447700.0
658,2021-10-20 06:24:32,14700.0,400.0,446600.0
659,2021-10-20 06:24:32,14650.0,100.0,446200.0
660,2021-10-20 06:24:32,14650.0,500.0,446100.0
661,2021-10-20 06:23:40,14650.0,5000.0,445600.0
662,2021-10-20 06:23:40,14650.0,200.0,440600.0
663,2021-10-20 06:23:40,14650.0,1000.0,440400.0
664,2021-10-20 06:23:40,14650.0,1000.0,439400.0
665,2021-10-20 06:23:40,14650.0,100.0,438400.0
666,2021-10-20 06:23:17,14650.0,400.0,438300.0
667,2021-10-20 06:23:17,14650.0,100.0,437900.0
668,2021-10-20 06:22:21,14650.0,900.0,437800.0
669,2021-10-20 06:22:21,14650.0,2000.0,436900.0
670,2021-10-20 06:22:21,14650.0,100.0,434900.0
671,2021-10-20 06:21:25,14700.0,100.0,434800.0
672,2021-10-20 06:20:38,14700.0,100.0,434700.0
673,2021-10-20 06:20:38,14700.0,100.0,434600.0
674,2021-10-20 06:20:38,14700.0,100.0,434500.0
675,2021-10-20 06:20:38,14700.0,100.0,434400.0
676,2021-10-20 06:20:38,14700.0,100.0,434300.0
677,2021-10-20 06:19:36,14700.0,500.0,434200.0
678,2021-10-20 06:18:57,14700.0,400.0,433700.0
679,2021-10-20 06:18:57,14700.0,100.0,433300.0
680,2021-10-20 06:18:51,14700.0,900.0,433200.0
681,2021-10-20 06:18:51,14700.0,1100.0,432300.0
682,2021-10-20 06:17:58,14700.0,800.0,431200.0
683,2021-10-20 06:17:52,14700.0,100.0,430400.0
684,2021-10-20 06:17:50,14700.0,500.0,430300.0
685,2021-10-20 06:17:38,14700.0,200.0,429800.0
686,2021-10-20 06:17:18,14700.0,300.0,429600.0
687,2021-10-20 06:17:18,14700.0,100.0,429300.0
688,2021-10-20 06:17:18,14700.0,100.0,429200.0
689,2021-10-20 06:17:14,14700.0,100.0,429100.0
690,2021-10-20 06:16:18,14700.0,600.0,429000.0
691,2021-10-20 06:16:18,14700.0,1400.0,428400.0
692,2021-10-20 06:15:24,14700.0,7800.0,427000.0
693,2021-10-20 06:15:18,14700.0,1000.0,419200.0
694,2021-10-20 06:14:52,14700.0,1000.0,418200.0
695,2021-10-20 06:14:47,14700.0,200.0,417200.0
696,2021-10-20 06:14:47,14700.0,100.0,417000.0
697,2021-10-20 06:14:40,14700.0,200.0,416900.0
698,2021-10-20 06:14:35,14700.0,100.0,416700.0
699,2021-10-20 06:14:35,14700.0,500.0,416600.0
700,2021-10-20 06:14:35,14700.0,200.0,416100.0
701,2021-10-20 06:14:35,14700.0,200.0,415900.0
702,2021-10-20 06:14:25,14700.0,800.0,415700.0
703,2021-10-20 06:14:08,14700.0,500.0,414900.0
704,2021-10-20 06:14:00,14700.0,400.0,414400.0
705,2021-10-20 06:13:48,14700.0,200.0,414000.0
706,2021-10-20 06:13:46,14700.0,500.0,413800.0
707,2021-10-20 06:13:41,14700.0,2000.0,413300.0
708,2021-10-20 06:13:41,14700.0,100.0,411300.0
709,2021-10-20 06:13:35,14650.0,500.0,411200.0
710,2021-10-20 06:13:35,14650.0,200.0,410700.0
711,2021-10-20 06:13:29,14700.0,800.0,410500.0
712,2021-10-20 06:13:29,14700.0,500.0,409700.0
713,2021-10-20 06:13:29,14700.0,100.0,409200.0
714,2021-10-20 06:13:29,14700.0,100.0,409100.0
715,2021-10-20 06:13:29,14700.0,800.0,409000.0
716,2021-10-20 06:13:08,14700.0,1000.0,408200.0
717,2021-10-20 06:12:57,14700.0,500.0,407200.0
718,2021-10-20 06:12:45,14700.0,700.0,406700.0
719,2021-10-20 06:12:13,14700.0,600.0,406000.0
720,2021-10-20 06:11:40,14700.0,1000.0,405400.0
721,2021-10-20 06:11:40,14700.0,200.0,404400.0
722,2021-10-20 06:11:40,14700.0,300.0,404200.0
723,2021-10-20 06:11:00,14700.0,300.0,403900.0
724,2021-10-20 06:10:33,14650.0,1000.0,403600.0
725,2021-10-20 06:10:23,14700.0,400.0,402600.0
726,2021-10-20 06:10:23,14700.0,400.0,402200.0
727,2021-10-20 06:10:23,14700.0,200.0,401800.0
728,2021-10-20 06:10:16,14700.0,100.0,401600.0
729,2021-10-20 06:10:12,14700.0,100.0,401500.0
730,2021-10-20 06:10:10,14700.0,100.0,401400.0
731,2021-10-20 06:10:10,14700.0,300.0,401300.0
732,2021-10-20 06:10:10,14700.0,1000.0,401000.0
733,2021-10-20 06:10:10,14700.0,500.0,400000.0
734,2021-10-20 06:10:10,14700.0,100.0,399500.0
735,2021-10-20 06:10:10,14700.0,200.0,399400.0
736,2021-10-20 06:10:10,14700.0,400.0,399200.0
737,2021-10-20 06:10:10,14700.0,500.0,398800.0
738,2021-10-20 06:10:10,14700.0,1000.0,398300.0
739,2021-10-20 06:10:10,14700.0,5900.0,397300.0
740,2021-10-20 06:09:55,14700.0,300.0,391400.0
741,2021-10-20 06:09:40,14700.0,1000.0,391100.0
742,2021-10-20 06:09:38,14650.0,600.0,390100.0
743,2021-10-20 06:09:38,14650.0,400.0,389500.0
744,2021-10-20 06:09:36,14700.0,500.0,389100.0
745,2021-10-20 06:08:59,14700.0,600.0,388600.0
746,2021-10-20 06:08:23,14700.0,1200.0,388000.0
747,2021-10-20 06:08:08,14650.0,300.0,386800.0
748,2021-10-20 06:08:08,14650.0,300.0,386500.0
749,2021-10-20 06:08:08,14650.0,700.0,386200.0
750,2021-10-20 06:08:08,14650.0,1000.0,385500.0
751,2021-10-20 06:08:08,14650.0,300.0,384500.0
752,2021-10-20 06:08:08,14650.0,500.0,384200.0
753,2021-10-20 06:08:08,14650.0,400.0,383700.0
754,2021-10-20 06:06:20,14650.0,1600.0,383300.0
755,2021-10-20 06:06:20,14650.0,300.0,381700.0
756,2021-10-20 06:06:20,14650.0,400.0,381400.0
757,2021-10-20 06:06:20,14650.0,500.0,381000.0
758,2021-10-20 06:05:24,14650.0,300.0,380500.0
759,2021-10-20 06:05:14,14650.0,300.0,380200.0
760,2021-10-20 06:05:14,14650.0,700.0,379900.0
761,2021-10-20 06:05:11,14650.0,700.0,379200.0
762,2021-10-20 06:05:07,14650.0,100.0,378500.0
763,2021-10-20 06:03:27,14650.0,500.0,378400.0
764,2021-10-20 06:03:24,14700.0,500.0,377900.0
765,2021-10-20 06:03:24,14700.0,500.0,377400.0
766,2021-10-20 06:03:24,14700.0,300.0,376900.0
767,2021-10-20 06:03:20,14700.0,200.0,376600.0
768,2021-10-20 06:03:16,14700.0,1500.0,376400.0
769,2021-10-20 06:03:16,14700.0,500.0,374900.0
770,2021-10-20 06:02:07,14650.0,1000.0,374400.0
771,2021-10-20 06:02:07,14650.0,900.0,373400.0
772,2021-10-20 06:01:51,14650.0,300.0,372500.0
773,2021-10-20 06:01:51,14650.0,800.0,372200.0
774,2021-10-20 06:01:45,14650.0,200.0,371400.0
775,2021-10-20 06:01:45,14650.0,400.0,371200.0
776,2021-10-20 06:01:45,14650.0,100.0,370800.0
777,2021-10-20 06:01:45,14650.0,300.0,370700.0
778,2021-10-20 06:01:37,14650.0,700.0,370400.0
779,2021-10-20 06:00:11,14600.0,1000.0,369700.0
780,2021-10-20 06:00:11,14600.0,1000.0,368700.0
781,2021-10-20 06:00:11,14600.0,500.0,367700.0
782,2021-10-20 06:00:11,14600.0,1000.0,367200.0
783,2021-10-20 06:00:11,14600.0,100.0,366200.0
784,2021-10-20 06:00:11,14600.0,100.0,366100.0
785,2021-10-20 06:00:11,14600.0,400.0,366000.0
786,2021-10-20 06:00:11,14600.0,600.0,365600.0
787,2021-10-20 06:00:11,14600.0,200.0,365000.0
788,2021-10-20 06:00:11,14600.0,1000.0,364800.0
789,2021-10-20 06:00:11,14600.0,4700.0,363800.0
790,2021-10-20 06:00:11,14600.0,300.0,359100.0
791,2021-10-20 06:00:11,14600.0,1000.0,358800.0
792,2021-10-20 06:00:11,14600.0,800.0,357800.0
793,2021-10-20 06:00:11,14600.0,700.0,357000.0
794,2021-10-20 06:00:11,14600.0,200.0,356300.0
795,2021-10-20 06:00:11,14600.0,600.0,356100.0
796,2021-10-20 06:00:11,14600.0,200.0,355500.0
797,2021-10-20 06:00:11,14600.0,500.0,355300.0
798,2021-10-20 06:00:11,14600.0,800.0,354800.0
799,2021-10-20 06:00:11,14600.0,1000.0,354000.0
800,2021-10-20 06:00:11,14600.0,300.0,353000.0
801,2021-10-20 06:00:11,14600.0,200.0,352700.0
802,2021-10-20 06:00:11,14600.0,500.0,352500.0
803,2021-10-20 06:00:11,14600.0,100.0,352000.0
804,2021-10-20 06:00:11,14600.0,100.0,351900.0
805,2021-10-20 06:00:11,14600.0,500.0,351800.0
806,2021-10-20 06:00:11,14600.0,6400.0,351300.0
807,2021-10-20 06:00:11,14600.0,9000.0,344900.0
808,2021-10-20 06:00:11,14600.0,1000.0,335900.0
809,2021-10-20 06:00:11,14600.0,1000.0,334900.0
810,2021-10-20 06:00:11,14600.0,600.0,333900.0
811,2021-10-20 06:00:10,14600.0,2800.0,333300.0
812,2021-10-20 06:00:08,14550.0,1400.0,330500.0
813,2021-10-20 06:00:03,14550.0,2000.0,329100.0
814,2021-10-20 06:00:02,14550.0,100.0,327100.0
815,2021-10-20 06:00:02,14550.0,800.0,327000.0
816,2021-10-20 04:21:59,14600.0,100.0,326200.0
817,2021-10-20 04:21:59,14600.0,100.0,326100.0
818,2021-10-20 04:21:59,14600.0,100.0,326000.0
819,2021-10-20 04:21:59,14550.0,700.0,325900.0
820,2021-10-20 04:20:49,14400.0,2500.0,325200.0
821,2021-10-20 04:20:49,14450.0,500.0,322700.0
822,2021-10-20 04:20:38,14600.0,900.0,322200.0
823,2021-10-20 04:20:38,14600.0,100.0,321300.0
824,2021-10-20 04:20:38,14550.0,2000.0,321200.0
825,2021-10-20 04:19:42,14550.0,700.0,319200.0
826,2021-10-20 04:19:42,14500.0,2300.0,318500.0
827,2021-10-20 04:19:05,14500.0,3000.0,316200.0
828,2021-10-20 04:18:46,14500.0,3000.0,313200.0
829,2021-10-20 04:18:23,14500.0,2000.0,310200.0
830,2021-10-20 04:17:54,14500.0,9000.0,308200.0
831,2021-10-20 04:16:11,14500.0,100.0,299200.0
832,2021-10-20 04:15:58,14500.0,200.0,299100.0
833,2021-10-20 04:15:58,14500.0,400.0,298900.0
834,2021-10-20 04:14:46,14550.0,3000.0,298500.0
835,2021-10-20 04:14:11,14550.0,4300.0,295500.0
836,2021-10-20 04:14:11,14550.0,600.0,291200.0
837,2021-10-20 04:14:11,14500.0,100.0,290600.0
838,2021-10-20 04:13:39,14400.0,1000.0,290500.0
839,2021-10-20 04:13:34,14400.0,100.0,289500.0
840,2021-10-20 04:13:27,14400.0,1000.0,289400.0
841,2021-10-20 04:13:02,14400.0,10000.0,288400.0
842,2021-10-20 04:13:02,14400.0,10000.0,278400.0
843,2021-10-20 04:13:02,14400.0,1000.0,268400.0
844,2021-10-20 04:13:02,14400.0,200.0,267400.0
845,2021-10-20 04:13:02,14400.0,1000.0,267200.0
846,2021-10-20 04:13:02,14400.0,500.0,266200.0
847,2021-10-20 04:13:02,14450.0,200.0,265700.0
848,2021-10-20 04:12:56,14550.0,400.0,265500.0
849,2021-10-20 04:12:56,14550.0,100.0,265100.0
850,2021-10-20 04:12:47,14550.0,1000.0,265000.0
851,2021-10-20 04:12:30,14450.0,2800.0,264000.0
852,2021-10-20 04:12:30,14450.0,700.0,261200.0
853,2021-10-20 04:12:30,14450.0,500.0,260500.0
854,2021-10-20 04:12:30,14500.0,1000.0,260000.0
855,2021-10-20 04:12:00,14550.0,400.0,259000.0
856,2021-10-20 04:12:00,14550.0,1000.0,258600.0
857,2021-10-20 04:12:00,14550.0,800.0,257600.0
858,2021-10-20 04:12:00,14550.0,800.0,256800.0
859,2021-10-20 04:11:27,14550.0,3000.0,256000.0
860,2021-10-20 04:10:59,14550.0,2000.0,253000.0
861,2021-10-20 04:10:18,14550.0,4200.0,251000.0
862,2021-10-20 04:10:18,14550.0,800.0,246800.0
863,2021-10-20 04:09:37,14550.0,1000.0,246000.0
864,2021-10-20 04:09:37,14550.0,4000.0,245000.0
865,2021-10-20 04:09:16,14550.0,5600.0,241000.0
866,2021-10-20 04:08:56,14500.0,1500.0,235400.0
867,2021-10-20 04:08:56,14500.0,2900.0,233900.0
868,2021-10-20 04:08:23,14500.0,500.0,231000.0
869,2021-10-20 04:07:53,14500.0,500.0,230500.0
870,2021-10-20 04:07:44,14500.0,1000.0,230000.0
871,2021-10-20 04:06:08,14500.0,800.0,229000.0
872,2021-10-20 03:59:09,14500.0,800.0,228200.0
873,2021-10-20 03:58:45,14500.0,800.0,227400.0
874,2021-10-20 03:56:24,14500.0,1000.0,226600.0
875,2021-10-20 03:53:52,14500.0,100.0,225600.0
876,2021-10-20 03:52:55,14500.0,500.0,225500.0
877,2021-10-20 03:52:00,14500.0,1000.0,225000.0
878,2021-10-20 03:50:58,14500.0,100.0,224000.0
879,2021-10-20 03:50:58,14500.0,200.0,223900.0
880,2021-10-20 03:50:26,14500.0,1000.0,223700.0
881,2021-10-20 03:50:25,14500.0,1500.0,222700.0
882,2021-10-20 03:49:51,14500.0,500.0,221200.0
883,2021-10-20 03:49:26,14500.0,1000.0,220700.0
884,2021-10-20 03:48:51,14500.0,700.0,219700.0
885,2021-10-20 03:47:58,14500.0,5000.0,219000.0
886,2021-10-20 03:45:16,14500.0,100.0,214000.0
887,2021-10-20 03:44:50,14500.0,200.0,213900.0
888,2021-10-20 03:44:27,14550.0,100.0,213700.0
889,2021-10-20 03:44:27,14500.0,100.0,213600.0
890,2021-10-20 03:43:52,14500.0,200.0,213500.0
891,2021-10-20 03:43:33,14500.0,300.0,213300.0
892,2021-10-20 03:43:23,14500.0,200.0,213000.0
893,2021-10-20 03:43:20,14450.0,100.0,212800.0
894,2021-10-20 03:42:42,14450.0,100.0,212700.0
895,2021-10-20 03:42:27,14450.0,100.0,212600.0
896,2021-10-20 03:39:44,14550.0,100.0,212500.0
897,2021-10-20 03:39:14,14550.0,100.0,212400.0
898,2021-10-20 03:39:14,14500.0,300.0,212300.0
899,2021-10-20 03:38:16,14500.0,100.0,212000.0
900,2021-10-20 03:38:16,14500.0,900.0,211900.0
901,2021-10-20 03:37:37,14400.0,1000.0,211000.0
902,2021-10-20 03:37:02,14400.0,5000.0,210000.0
903,2021-10-20 03:37:02,14400.0,500.0,205000.0
904,2021-10-20 03:37:02,14400.0,200.0,204500.0
905,2021-10-20 03:37:02,14400.0,1000.0,204300.0
906,2021-10-20 03:35:01,14500.0,500.0,203300.0
907,2021-10-20 03:34:07,14500.0,500.0,202800.0
908,2021-10-20 03:33:17,14500.0,500.0,202300.0
909,2021-10-20 03:32:49,14500.0,2000.0,201800.0
910,2021-10-20 03:32:02,14300.0,500.0,199800.0
911,2021-10-20 03:31:46,14350.0,100.0,199300.0
912,2021-10-20 03:31:46,14350.0,2000.0,199200.0
913,2021-10-20 03:31:46,14350.0,1000.0,197200.0
914,2021-10-20 03:31:46,14350.0,600.0,196200.0
915,2021-10-20 03:31:46,14350.0,2000.0,195600.0
916,2021-10-20 03:31:46,14350.0,1500.0,193600.0
917,2021-10-20 03:31:46,14350.0,10000.0,192100.0
918,2021-10-20 03:31:46,14350.0,1000.0,182100.0
919,2021-10-20 03:31:46,14350.0,500.0,181100.0
920,2021-10-20 03:31:46,14350.0,1000.0,180600.0
921,2021-10-20 03:31:46,14350.0,1000.0,179600.0
922,2021-10-20 03:31:46,14350.0,200.0,178600.0
923,2021-10-20 03:31:46,14350.0,500.0,178400.0
924,2021-10-20 03:31:46,14350.0,100.0,177900.0
925,2021-10-20 03:31:46,14350.0,500.0,177800.0
926,2021-10-20 03:31:46,14350.0,300.0,177300.0
927,2021-10-20 03:31:36,14350.0,1000.0,177000.0
928,2021-10-20 03:30:31,14350.0,5000.0,176000.0
929,2021-10-20 03:30:28,14500.0,600.0,171000.0
930,2021-10-20 03:28:30,14550.0,100.0,170400.0
931,2021-10-20 03:28:30,14550.0,400.0,170300.0
932,2021-10-20 03:23:21,14550.0,200.0,169900.0
933,2021-10-20 03:22:39,14550.0,300.0,169700.0
934,2021-10-20 03:21:55,14550.0,100.0,169400.0
935,2021-10-20 03:21:55,14550.0,300.0,169300.0
936,2021-10-20 03:21:14,14550.0,200.0,169000.0
937,2021-10-20 03:21:14,14500.0,300.0,168800.0
938,2021-10-20 03:21:04,14400.0,100.0,168500.0
939,2021-10-20 03:21:04,14400.0,8300.0,168400.0
940,2021-10-20 03:19:15,14500.0,500.0,160100.0
941,2021-10-20 03:19:07,14400.0,100.0,159600.0
942,2021-10-20 03:18:58,14500.0,200.0,159500.0
943,2021-10-20 03:18:58,14500.0,800.0,159300.0
944,2021-10-20 03:18:55,14400.0,1600.0,158500.0
945,2021-10-20 03:17:16,14500.0,200.0,156900.0
946,2021-10-20 03:17:08,14550.0,200.0,156700.0
947,2021-10-20 03:16:09,14550.0,100.0,156500.0
948,2021-10-20 03:16:09,14550.0,900.0,156400.0
949,2021-10-20 03:15:20,14550.0,600.0,155500.0
950,2021-10-20 03:15:20,14550.0,400.0,154900.0
951,2021-10-20 03:14:38,14550.0,100.0,154500.0
952,2021-10-20 03:14:38,14550.0,200.0,154400.0
953,2021-10-20 03:14:20,14550.0,200.0,154200.0
954,2021-10-20 03:14:09,14550.0,100.0,154000.0
955,2021-10-20 03:14:02,14550.0,500.0,153900.0
956,2021-10-20 03:11:49,14550.0,1000.0,153400.0
957,2021-10-20 03:11:49,14550.0,600.0,152400.0
958,2021-10-20 03:11:14,14550.0,500.0,151800.0
959,2021-10-20 03:11:14,14550.0,500.0,151300.0
960,2021-10-20 03:11:14,14550.0,100.0,150800.0
961,2021-10-20 03:11:14,14550.0,1300.0,150700.0
962,2021-10-20 03:10:51,14550.0,500.0,149400.0
963,2021-10-20 03:10:42,14550.0,1000.0,148900.0
964,2021-10-20 03:09:51,14550.0,500.0,147900.0
965,2021-10-20 03:09:23,14400.0,500.0,147400.0
966,2021-10-20 03:09:23,14400.0,2000.0,146900.0
967,2021-10-20 03:08:52,14400.0,10000.0,144900.0
968,2021-10-20 03:08:21,14550.0,1000.0,134900.0
969,2021-10-20 03:07:56,14550.0,2000.0,133900.0
970,2021-10-20 03:07:48,14550.0,700.0,131900.0
971,2021-10-20 03:07:31,14550.0,3000.0,131200.0
972,2021-10-20 03:06:45,14400.0,10000.0,128200.0
973,2021-10-20 03:06:45,14400.0,1500.0,118200.0
974,2021-10-20 03:06:45,14400.0,700.0,116700.0
975,2021-10-20 03:06:27,14400.0,9000.0,116000.0
976,2021-10-20 03:06:27,14400.0,3900.0,107000.0
977,2021-10-20 03:05:53,14400.0,100.0,103100.0
978,2021-10-20 03:05:48,14400.0,100.0,103000.0
979,2021-10-20 03:05:48,14400.0,200.0,102900.0
980,2021-10-20 03:05:48,14400.0,1000.0,102700.0
981,2021-10-20 03:05:48,14400.0,100.0,101700.0
982,2021-10-20 03:04:57,14400.0,1000.0,101600.0
983,2021-10-20 03:04:23,14400.0,100.0,100600.0
984,2021-10-20 03:04:23,14400.0,10000.0,100500.0
985,2021-10-20 03:04:23,14400.0,400.0,90500.0
986,2021-10-20 03:04:23,14400.0,100.0,90100.0
987,2021-10-20 03:04:23,14400.0,800.0,90000.0
988,2021-10-20 03:04:23,14400.0,100.0,89200.0
989,2021-10-20 03:04:23,14400.0,5000.0,89100.0
990,2021-10-20 03:04:23,14400.0,500.0,84100.0
991,2021-10-20 03:04:02,14550.0,2000.0,83600.0
992,2021-10-20 03:03:29,14450.0,5000.0,81600.0
993,2021-10-20 03:03:29,14450.0,3800.0,76600.0
994,2021-10-20 03:02:45,14450.0,6200.0,72800.0
995,2021-10-20 03:02:45,14450.0,1000.0,66600.0
996,2021-10-20 03:02:45,14450.0,300.0,65600.0
997,2021-10-20 03:02:45,14500.0,400.0,65300.0
998,2021-10-20 03:02:45,14500.0,1100.0,64900.0
999,2021-10-20 03:02:45,14500.0,1000.0,63800.0
1000,2021-10-20 02:59:24,14600.0,500.0,62800.0
1001,2021-10-20 02:58:54,14550.0,700.0,62300.0
1002,2021-10-20 02:58:16,14550.0,300.0,61600.0
1003,2021-10-20 02:58:01,14550.0,700.0,61300.0
1004,2021-10-20 02:58:01,14550.0,200.0,60600.0
1005,2021-10-20 02:58:01,14550.0,100.0,60400.0
1006,2021-10-20 02:58:01,14550.0,500.0,60300.0
1007,2021-10-20 02:57:43,14550.0,500.0,59800.0
1008,2021-10-20 02:57:07,14550.0,500.0,59300.0
1009,2021-10-20 02:56:42,14550.0,100.0,58800.0
1010,2021-10-20 02:56:32,14550.0,1000.0,58700.0
1011,2021-10-20 02:55:54,14550.0,2000.0,57700.0
1012,2021-10-20 02:55:10,14550.0,2000.0,55700.0
1013,2021-10-20 02:55:09,14450.0,200.0,53700.0
1014,2021-10-20 02:54:24,14550.0,400.0,53500.0
1015,2021-10-20 02:53:42,14550.0,500.0,53100.0
1016,2021-10-20 02:53:01,14550.0,1000.0,52600.0
1017,2021-10-20 02:52:19,14550.0,500.0,51600.0
1018,2021-10-20 02:51:50,14550.0,500.0,51100.0
1019,2021-10-20 02:51:26,14550.0,1000.0,50600.0
1020,2021-10-20 02:50:58,14550.0,1000.0,49600.0
1021,2021-10-20 02:50:38,14550.0,100.0,48600.0
1022,2021-10-20 02:46:56,14550.0,400.0,48500.0
1023,2021-10-20 02:45:19,14600.0,100.0,48100.0
1024,2021-10-20 02:45:19,14550.0,400.0,48000.0
1025,2021-10-20 02:45:19,14550.0,500.0,47600.0
1026,2021-10-20 02:44:27,14550.0,400.0,47100.0
1027,2021-10-20 02:44:00,14550.0,100.0,46700.0
1028,2021-10-20 02:44:00,14550.0,200.0,46600.0
1029,2021-10-20 02:41:13,14550.0,300.0,46400.0
1030,2021-10-20 02:40:47,14550.0,100.0,46100.0
1031,2021-10-20 02:40:47,14550.0,100.0,46000.0
1032,2021-10-20 02:40:10,14550.0,300.0,45900.0
1033,2021-10-20 02:39:39,14550.0,200.0,45600.0
1034,2021-10-20 02:39:39,14550.0,300.0,45400.0
1035,2021-10-20 02:38:25,14550.0,100.0,45100.0
1036,2021-10-20 02:37:40,14550.0,300.0,45000.0
1037,2021-10-20 02:37:00,14550.0,300.0,44700.0
1038,2021-10-20 02:36:40,14350.0,100.0,44400.0
1039,2021-10-20 02:36:16,14550.0,100.0,44300.0
1040,2021-10-20 02:36:16,14500.0,300.0,44200.0
1041,2021-10-20 02:36:01,14350.0,400.0,43900.0
1042,2021-10-20 02:36:01,14400.0,400.0,43500.0
1043,2021-10-20 02:35:34,14400.0,100.0,43100.0
1044,2021-10-20 02:35:30,14400.0,1500.0,43000.0
1045,2021-10-20 02:35:10,14400.0,200.0,41500.0
1046,2021-10-20 02:34:51,14400.0,100.0,41300.0
1047,2021-10-20 02:34:45,14400.0,500.0,41200.0
1048,2021-10-20 02:34:44,14400.0,500.0,40700.0
1049,2021-10-20 02:34:38,14400.0,100.0,40200.0
1050,2021-10-20 02:34:20,14400.0,7300.0,40100.0
1051,2021-10-20 02:33:51,14400.0,2700.0,32800.0
1052,2021-10-20 02:33:47,14400.0,200.0,30100.0
1053,2021-10-20 02:33:36,14400.0,100.0,29900.0
1054,2021-10-20 02:33:27,14400.0,400.0,29800.0
1055,2021-10-20 02:31:20,14550.0,100.0,29400.0
1056,2021-10-20 02:31:20,14550.0,200.0,29300.0
1057,2021-10-20 02:31:20,14550.0,200.0,29100.0
1058,2021-10-20 02:30:49,14550.0,300.0,28900.0
1059,2021-10-20 02:30:08,14550.0,400.0,28600.0
1060,2021-10-20 02:29:40,14550.0,2000.0,28200.0
1061,2021-10-20 02:28:43,14500.0,100.0,26200.0
1062,2021-10-20 02:28:43,14500.0,100.0,26100.0
1063,2021-10-20 02:28:43,14500.0,500.0,26000.0
1064,2021-10-20 02:28:43,14400.0,300.0,25500.0
1065,2021-10-20 02:27:46,14400.0,7900.0,25200.0
1066,2021-10-20 02:27:05,14400.0,2100.0,17300.0
1067,2021-10-20 02:27:01,14400.0,500.0,15200.0
1068,2021-10-20 02:26:59,14400.0,100.0,14700.0
1069,2021-10-20 02:26:50,14400.0,500.0,14600.0
1070,2021-10-20 02:26:50,14400.0,400.0,14100.0
1071,2021-10-20 02:26:50,14400.0,400.0,13700.0
1072,2021-10-20 02:26:50,14400.0,700.0,13300.0
1073,2021-10-20 02:26:49,14400.0,3300.0,12600.0
1074,2021-10-20 02:26:49,14400.0,100.0,9300.0
1075,2021-10-20 02:26:49,14400.0,200.0,9200.0
1076,2021-10-20 02:22:33,14600.0,500.0,9000.0
1077,2021-10-20 02:21:37,14600.0,100.0,8500.0
1078,2021-10-20 02:21:31,14400.0,200.0,8400.0
1079,2021-10-20 02:21:31,14400.0,1700.0,8200.0
1080,2021-10-20 02:21:31,14400.0,500.0,6500.0
1081,2021-10-20 02:21:31,14400.0,500.0,6000.0
1082,2021-10-20 02:21:31,14400.0,800.0,5500.0
1083,2021-10-20 02:20:36,14400.0,900.0,4700.0
1084,2021-10-20 02:20:05,14600.0,100.0,3800.0
1085,2021-10-20 02:20:05,14550.0,200.0,3700.0
1086,2021-10-20 02:19:31,14600.0,500.0,3500.0
1087,2021-10-20 02:18:59,14600.0,100.0,3000.0
1088,2021-10-20 02:18:59,14600.0,100.0,2900.0
1089,2021-10-20 02:18:53,14400.0,300.0,2800.0
1090,2021-10-20 02:18:53,14500.0,200.0,2500.0
1091,2021-10-20 02:18:31,14600.0,300.0,2300.0
1092,2021-10-20 02:18:21,14600.0,100.0,2000.0
1093,2021-10-20 02:16:56,14600.0,100.0,1900.0
1094,2021-10-20 02:16:30,14600.0,300.0,1800.0
1095,2021-10-20 02:15:59,14600.0,500.0,1500.0
1096,2021-10-20 02:15:58,14600.0,300.0,1000.0
1097,2021-10-20 02:15:46,14600.0,500.0,700.0
1098,2021-10-20 02:15:01,14600.0,100.0,200.0
1099,2021-10-20 02:15:01,14600.0,100.0,100.0
