,Time,Price,Volume_per_trade,Volume
0,2021-10-18 07:45:01,14400.0,100.0,684900.0
1,2021-10-18 07:45:01,14400.0,9700.0,684800.0
2,2021-10-18 07:45:01,14400.0,4500.0,675100.0
3,2021-10-18 07:45:01,14400.0,5000.0,670600.0
4,2021-10-18 07:45:01,14400.0,3000.0,665600.0
5,2021-10-18 07:45:01,14400.0,1000.0,662600.0
6,2021-10-18 07:45:01,14400.0,1000.0,661600.0
7,2021-10-18 07:45:01,14400.0,1000.0,660600.0
8,2021-10-18 07:45:01,14400.0,300.0,659600.0
9,2021-10-18 07:45:01,14400.0,1600.0,659300.0
10,2021-10-18 07:45:01,14400.0,200.0,657700.0
11,2021-10-18 07:45:01,14400.0,1000.0,657500.0
12,2021-10-18 07:45:01,14400.0,1000.0,656500.0
13,2021-10-18 07:45:01,14400.0,700.0,655500.0
14,2021-10-18 07:45:01,14400.0,1000.0,654800.0
15,2021-10-18 07:45:01,14400.0,200.0,653800.0
16,2021-10-18 07:45:01,14400.0,600.0,653600.0
17,2021-10-18 07:45:01,14400.0,100.0,653000.0
18,2021-10-18 07:45:01,14400.0,200.0,652900.0
19,2021-10-18 07:45:01,14400.0,1000.0,652700.0
20,2021-10-18 07:45:01,14400.0,700.0,651700.0
21,2021-10-18 07:45:01,14400.0,1400.0,651000.0
22,2021-10-18 07:45:01,14400.0,600.0,649600.0
23,2021-10-18 07:45:01,14400.0,400.0,649000.0
24,2021-10-18 07:45:01,14400.0,400.0,648600.0
25,2021-10-18 07:45:01,14400.0,100.0,648200.0
26,2021-10-18 07:45:01,14400.0,2500.0,648100.0
27,2021-10-18 07:29:16,14500.0,200.0,645600.0
28,2021-10-18 07:28:36,14250.0,1100.0,645400.0
29,2021-10-18 07:28:35,14300.0,600.0,644300.0
30,2021-10-18 07:28:10,14300.0,200.0,643700.0
31,2021-10-18 07:28:10,14300.0,2000.0,643500.0
32,2021-10-18 07:28:10,14300.0,100.0,641500.0
33,2021-10-18 07:26:51,14350.0,100.0,641400.0
34,2021-10-18 07:25:06,14500.0,200.0,641300.0
35,2021-10-18 07:23:41,14500.0,600.0,641100.0
36,2021-10-18 07:23:41,14450.0,2400.0,640500.0
37,2021-10-18 07:23:09,14450.0,1100.0,638100.0
38,2021-10-18 07:23:09,14450.0,1900.0,637000.0
39,2021-10-18 07:22:49,14450.0,5000.0,635100.0
40,2021-10-18 07:22:12,14450.0,200.0,630100.0
41,2021-10-18 07:22:12,14400.0,300.0,629900.0
42,2021-10-18 07:21:45,14400.0,2000.0,629600.0
43,2021-10-18 07:21:18,14400.0,1700.0,627600.0
44,2021-10-18 07:21:18,14400.0,300.0,625900.0
45,2021-10-18 07:20:51,14400.0,2000.0,625600.0
46,2021-10-18 07:20:20,14400.0,1800.0,623600.0
47,2021-10-18 07:20:20,14400.0,500.0,621800.0
48,2021-10-18 07:20:20,14400.0,700.0,621300.0
49,2021-10-18 07:19:06,14400.0,2300.0,620600.0
50,2021-10-18 07:19:06,14400.0,700.0,618300.0
51,2021-10-18 07:18:40,14400.0,1300.0,617600.0
52,2021-10-18 07:18:40,14400.0,3700.0,616300.0
53,2021-10-18 07:18:15,14400.0,2000.0,612600.0
54,2021-10-18 07:17:46,14300.0,800.0,610600.0
55,2021-10-18 07:17:46,14300.0,200.0,609800.0
56,2021-10-18 07:17:46,14300.0,10000.0,609600.0
57,2021-10-18 07:17:46,14300.0,500.0,599600.0
58,2021-10-18 07:17:46,14300.0,500.0,599100.0
59,2021-10-18 07:17:46,14300.0,100.0,598600.0
60,2021-10-18 07:17:46,14300.0,100.0,598500.0
61,2021-10-18 07:17:46,14300.0,3000.0,598400.0
62,2021-10-18 07:17:46,14300.0,300.0,595400.0
63,2021-10-18 07:17:46,14300.0,1000.0,595100.0
64,2021-10-18 07:17:46,14300.0,100.0,594100.0
65,2021-10-18 07:17:46,14300.0,1000.0,594000.0
66,2021-10-18 07:17:46,14300.0,200.0,593000.0
67,2021-10-18 07:17:46,14300.0,100.0,592800.0
68,2021-10-18 07:17:46,14300.0,100.0,592700.0
69,2021-10-18 07:17:46,14300.0,100.0,592600.0
70,2021-10-18 07:17:46,14300.0,100.0,592500.0
71,2021-10-18 07:17:46,14300.0,500.0,592400.0
72,2021-10-18 07:17:46,14300.0,100.0,591900.0
73,2021-10-18 07:17:46,14300.0,1000.0,591800.0
74,2021-10-18 07:17:46,14300.0,500.0,590800.0
75,2021-10-18 07:17:46,14300.0,200.0,590300.0
76,2021-10-18 07:17:46,14300.0,2000.0,590100.0
77,2021-10-18 07:17:46,14300.0,200.0,588100.0
78,2021-10-18 07:17:46,14300.0,200.0,587900.0
79,2021-10-18 07:17:46,14300.0,100.0,587700.0
80,2021-10-18 07:17:46,14300.0,100.0,587600.0
81,2021-10-18 07:17:46,14300.0,1600.0,587500.0
82,2021-10-18 07:17:46,14300.0,500.0,585900.0
83,2021-10-18 07:17:46,14300.0,5000.0,585400.0
84,2021-10-18 07:17:46,14300.0,900.0,580400.0
85,2021-10-18 07:17:17,14350.0,10000.0,579500.0
86,2021-10-18 07:16:43,14400.0,300.0,569500.0
87,2021-10-18 07:16:43,14400.0,3700.0,569200.0
88,2021-10-18 07:16:08,14400.0,5000.0,565500.0
89,2021-10-18 07:15:41,14400.0,5000.0,560500.0
90,2021-10-18 07:15:39,14400.0,3800.0,555500.0
91,2021-10-18 07:15:39,14350.0,2400.0,551700.0
92,2021-10-18 07:15:39,14350.0,3800.0,549300.0
93,2021-10-18 07:15:31,14350.0,500.0,545500.0
94,2021-10-18 07:15:31,14350.0,100.0,545000.0
95,2021-10-18 07:15:31,14350.0,1700.0,544900.0
96,2021-10-18 07:15:19,14400.0,2500.0,543200.0
97,2021-10-18 07:15:19,14400.0,300.0,540700.0
98,2021-10-18 07:15:19,14400.0,2200.0,540400.0
99,2021-10-18 07:15:07,14350.0,200.0,538200.0
100,2021-10-18 07:14:48,14400.0,2000.0,538000.0
101,2021-10-18 07:14:15,14400.0,2800.0,536000.0
102,2021-10-18 07:14:15,14400.0,200.0,533200.0
103,2021-10-18 07:14:15,14400.0,100.0,533000.0
104,2021-10-18 07:14:15,14400.0,100.0,532900.0
105,2021-10-18 07:14:15,14400.0,500.0,532800.0
106,2021-10-18 07:14:15,14400.0,1000.0,532300.0
107,2021-10-18 07:14:15,14400.0,300.0,531300.0
108,2021-10-18 07:14:03,14400.0,200.0,531000.0
109,2021-10-18 07:14:03,14400.0,800.0,530800.0
110,2021-10-18 07:13:42,14400.0,200.0,530000.0
111,2021-10-18 07:13:42,14400.0,800.0,529800.0
112,2021-10-18 07:13:16,14400.0,200.0,529000.0
113,2021-10-18 07:13:16,14400.0,1000.0,528800.0
114,2021-10-18 07:13:16,14400.0,800.0,527800.0
115,2021-10-18 07:12:50,14350.0,100.0,527000.0
116,2021-10-18 07:12:50,14350.0,800.0,526900.0
117,2021-10-18 07:12:50,14350.0,200.0,526100.0
118,2021-10-18 07:12:50,14350.0,900.0,525900.0
119,2021-10-18 07:12:48,14350.0,100.0,525000.0
120,2021-10-18 07:12:48,14350.0,100.0,524900.0
121,2021-10-18 07:12:02,14350.0,100.0,524800.0
122,2021-10-18 07:11:06,14350.0,2200.0,524700.0
123,2021-10-18 07:09:49,14350.0,800.0,522500.0
124,2021-10-18 07:09:49,14350.0,100.0,521700.0
125,2021-10-18 07:09:49,14350.0,100.0,521600.0
126,2021-10-18 07:08:35,14400.0,500.0,521500.0
127,2021-10-18 07:08:28,14350.0,2000.0,521000.0
128,2021-10-18 07:08:09,14350.0,1000.0,519000.0
129,2021-10-18 07:06:58,14350.0,10000.0,518000.0
130,2021-10-18 07:06:58,14350.0,1000.0,508000.0
131,2021-10-18 07:06:58,14350.0,1000.0,507000.0
132,2021-10-18 07:03:15,14350.0,1000.0,506000.0
133,2021-10-18 06:59:07,14350.0,500.0,505000.0
134,2021-10-18 06:58:29,14350.0,500.0,504500.0
135,2021-10-18 06:58:29,14350.0,200.0,504000.0
136,2021-10-18 06:58:29,14350.0,2000.0,503800.0
137,2021-10-18 06:58:29,14350.0,200.0,501800.0
138,2021-10-18 06:58:29,14350.0,1000.0,501600.0
139,2021-10-18 06:58:29,14350.0,100.0,500600.0
140,2021-10-18 06:58:29,14350.0,600.0,500500.0
141,2021-10-18 06:57:49,14350.0,400.0,499900.0
142,2021-10-18 06:57:01,14350.0,1000.0,499500.0
143,2021-10-18 06:57:01,14350.0,200.0,498500.0
144,2021-10-18 06:57:01,14350.0,1000.0,498300.0
145,2021-10-18 06:57:01,14350.0,1000.0,497300.0
146,2021-10-18 06:57:01,14350.0,1800.0,496300.0
147,2021-10-18 06:57:00,14350.0,100.0,494500.0
148,2021-10-18 06:56:18,14400.0,1000.0,494400.0
149,2021-10-18 06:54:59,14400.0,200.0,493400.0
150,2021-10-18 06:52:46,14400.0,500.0,493200.0
151,2021-10-18 06:48:57,14400.0,400.0,492700.0
152,2021-10-18 06:48:29,14400.0,1200.0,492300.0
153,2021-10-18 06:48:29,14400.0,2100.0,491100.0
154,2021-10-18 06:48:09,14400.0,900.0,489000.0
155,2021-10-18 06:48:06,14400.0,100.0,488100.0
156,2021-10-18 06:48:06,14400.0,200.0,488000.0
157,2021-10-18 06:48:06,14400.0,1000.0,487800.0
158,2021-10-18 06:48:06,14400.0,300.0,486800.0
159,2021-10-18 06:48:06,14400.0,400.0,486500.0
160,2021-10-18 06:44:15,14400.0,300.0,486100.0
161,2021-10-18 06:42:19,14400.0,300.0,485800.0
162,2021-10-18 06:40:47,14350.0,100.0,485500.0
163,2021-10-18 06:39:46,14300.0,1100.0,485400.0
164,2021-10-18 06:39:46,14300.0,100.0,484300.0
165,2021-10-18 06:39:46,14350.0,500.0,484200.0
166,2021-10-18 06:39:46,14350.0,2000.0,483700.0
167,2021-10-18 06:39:46,14350.0,200.0,481700.0
168,2021-10-18 06:39:46,14350.0,100.0,481500.0
169,2021-10-18 06:39:46,14400.0,3000.0,481400.0
170,2021-10-18 06:39:46,14400.0,200.0,478400.0
171,2021-10-18 06:39:46,14400.0,500.0,478200.0
172,2021-10-18 06:39:46,14400.0,100.0,477700.0
173,2021-10-18 06:39:46,14400.0,200.0,477600.0
174,2021-10-18 06:39:46,14400.0,1000.0,477400.0
175,2021-10-18 06:39:46,14400.0,200.0,476400.0
176,2021-10-18 06:39:46,14400.0,100.0,476200.0
177,2021-10-18 06:39:46,14400.0,1000.0,476100.0
178,2021-10-18 06:39:46,14400.0,200.0,475100.0
179,2021-10-18 06:39:46,14400.0,500.0,474900.0
180,2021-10-18 06:39:46,14400.0,100.0,474400.0
181,2021-10-18 06:39:46,14400.0,1000.0,474300.0
182,2021-10-18 06:39:46,14400.0,300.0,473300.0
183,2021-10-18 06:39:46,14400.0,500.0,473000.0
184,2021-10-18 06:39:46,14400.0,200.0,472500.0
185,2021-10-18 06:39:46,14400.0,1400.0,472300.0
186,2021-10-18 06:39:46,14400.0,100.0,470900.0
187,2021-10-18 06:39:46,14400.0,100.0,470800.0
188,2021-10-18 06:39:46,14400.0,300.0,470700.0
189,2021-10-18 06:39:46,14400.0,2200.0,470400.0
190,2021-10-18 06:39:46,14450.0,500.0,468200.0
191,2021-10-18 06:39:46,14450.0,2300.0,467700.0
192,2021-10-18 06:39:06,14450.0,2000.0,465400.0
193,2021-10-18 06:39:06,14450.0,200.0,463400.0
194,2021-10-18 06:37:35,14450.0,100.0,463200.0
195,2021-10-18 06:37:34,14400.0,2000.0,463100.0
196,2021-10-18 06:35:12,14400.0,100.0,461100.0
197,2021-10-18 06:33:22,14400.0,4400.0,461000.0
198,2021-10-18 06:32:40,14400.0,1300.0,456600.0
199,2021-10-18 06:32:40,14400.0,700.0,455300.0
200,2021-10-18 06:32:40,14400.0,1000.0,454600.0
201,2021-10-18 06:32:36,14400.0,300.0,453600.0
202,2021-10-18 06:32:36,14400.0,300.0,453300.0
203,2021-10-18 06:32:36,14400.0,100.0,453000.0
204,2021-10-18 06:32:36,14400.0,200.0,452900.0
205,2021-10-18 06:32:36,14400.0,100.0,452700.0
206,2021-10-18 06:31:58,14400.0,200.0,452600.0
207,2021-10-18 06:31:58,14400.0,100.0,452400.0
208,2021-10-18 06:31:58,14400.0,2000.0,452300.0
209,2021-10-18 06:31:58,14400.0,200.0,450300.0
210,2021-10-18 06:31:29,14400.0,100.0,450100.0
211,2021-10-18 06:31:29,14400.0,500.0,450000.0
212,2021-10-18 06:31:29,14400.0,100.0,449500.0
213,2021-10-18 06:31:29,14400.0,300.0,449400.0
214,2021-10-18 06:30:18,14400.0,1700.0,449100.0
215,2021-10-18 06:30:18,14400.0,300.0,447400.0
216,2021-10-18 06:28:27,14450.0,100.0,447100.0
217,2021-10-18 06:28:27,14450.0,4600.0,447000.0
218,2021-10-18 06:28:01,14500.0,100.0,442400.0
219,2021-10-18 06:27:28,14500.0,200.0,442300.0
220,2021-10-18 06:27:28,14500.0,100.0,442100.0
221,2021-10-18 06:27:28,14500.0,200.0,442000.0
222,2021-10-18 06:23:58,14500.0,100.0,441800.0
223,2021-10-18 06:22:50,14450.0,3000.0,441700.0
224,2021-10-18 06:22:19,14450.0,1100.0,438700.0
225,2021-10-18 06:21:57,14450.0,900.0,437600.0
226,2021-10-18 06:21:34,14450.0,2000.0,436700.0
227,2021-10-18 06:21:34,14450.0,600.0,434700.0
228,2021-10-18 06:18:48,14400.0,3600.0,434100.0
229,2021-10-18 06:17:36,14400.0,400.0,430500.0
230,2021-10-18 06:15:34,14450.0,400.0,430100.0
231,2021-10-18 06:14:19,14450.0,400.0,429700.0
232,2021-10-18 06:14:19,14450.0,100.0,429300.0
233,2021-10-18 06:14:19,14450.0,500.0,429200.0
234,2021-10-18 06:13:00,14450.0,200.0,428700.0
235,2021-10-18 06:11:52,14450.0,100.0,428500.0
236,2021-10-18 06:11:32,14500.0,100.0,428400.0
237,2021-10-18 06:11:32,14500.0,300.0,428300.0
238,2021-10-18 06:10:20,14500.0,100.0,428000.0
239,2021-10-18 06:09:41,14500.0,100.0,427900.0
240,2021-10-18 06:09:41,14500.0,300.0,427800.0
241,2021-10-18 06:07:01,14450.0,200.0,427500.0
242,2021-10-18 06:06:01,14500.0,1000.0,427300.0
243,2021-10-18 06:05:24,14500.0,200.0,426300.0
244,2021-10-18 06:05:24,14500.0,800.0,426100.0
245,2021-10-18 06:04:33,14500.0,1200.0,425300.0
246,2021-10-18 06:04:33,14500.0,600.0,424100.0
247,2021-10-18 06:04:33,14500.0,400.0,423500.0
248,2021-10-18 06:04:33,14500.0,300.0,423100.0
249,2021-10-18 06:01:06,14450.0,500.0,422800.0
250,2021-10-18 06:00:18,14450.0,300.0,422300.0
251,2021-10-18 06:00:06,14450.0,100.0,422000.0
252,2021-10-18 06:00:06,14450.0,500.0,421900.0
253,2021-10-18 06:00:00,14450.0,5000.0,421400.0
254,2021-10-18 04:26:03,14400.0,600.0,416400.0
255,2021-10-18 04:23:03,14400.0,400.0,415800.0
256,2021-10-18 04:23:03,14400.0,2000.0,415400.0
257,2021-10-18 04:23:03,14400.0,100.0,413400.0
258,2021-10-18 04:23:03,14400.0,200.0,413300.0
259,2021-10-18 04:23:03,14400.0,300.0,413100.0
260,2021-10-18 04:21:30,14400.0,100.0,412800.0
261,2021-10-18 04:21:25,14400.0,100.0,412700.0
262,2021-10-18 04:21:25,14400.0,2000.0,412600.0
263,2021-10-18 04:21:25,14400.0,600.0,410600.0
264,2021-10-18 04:20:13,14400.0,1400.0,410000.0
265,2021-10-18 04:20:13,14400.0,1600.0,408600.0
266,2021-10-18 04:20:11,14500.0,100.0,407000.0
267,2021-10-18 04:19:24,14400.0,400.0,406900.0
268,2021-10-18 04:19:24,14400.0,200.0,406500.0
269,2021-10-18 04:19:24,14400.0,1000.0,406300.0
270,2021-10-18 04:19:24,14400.0,400.0,405300.0
271,2021-10-18 04:16:14,14400.0,100.0,404900.0
272,2021-10-18 04:14:31,14500.0,4600.0,404800.0
273,2021-10-18 04:14:30,14500.0,400.0,400200.0
274,2021-10-18 04:13:52,14400.0,500.0,399800.0
275,2021-10-18 04:13:52,14400.0,2300.0,399300.0
276,2021-10-18 04:12:51,14400.0,1000.0,397000.0
277,2021-10-18 04:12:24,14400.0,6400.0,396000.0
278,2021-10-18 04:12:24,14400.0,500.0,389600.0
279,2021-10-18 04:12:24,14400.0,100.0,389100.0
280,2021-10-18 04:10:54,14500.0,200.0,389000.0
281,2021-10-18 04:10:52,14400.0,400.0,388800.0
282,2021-10-18 04:08:26,14500.0,100.0,388400.0
283,2021-10-18 04:07:15,14500.0,100.0,388300.0
284,2021-10-18 04:06:42,14400.0,1000.0,388200.0
285,2021-10-18 04:05:22,14500.0,1000.0,387200.0
286,2021-10-18 04:04:45,14500.0,7300.0,386200.0
287,2021-10-18 04:00:19,14500.0,3400.0,378900.0
288,2021-10-18 04:00:19,14500.0,1600.0,375500.0
289,2021-10-18 03:57:00,14500.0,200.0,373900.0
290,2021-10-18 03:55:52,14500.0,200.0,373700.0
291,2021-10-18 03:55:46,14500.0,100.0,373500.0
292,2021-10-18 03:55:26,14550.0,200.0,373400.0
293,2021-10-18 03:55:26,14550.0,800.0,373200.0
294,2021-10-18 03:51:30,14550.0,200.0,372400.0
295,2021-10-18 03:51:30,14550.0,300.0,372200.0
296,2021-10-18 03:50:34,14500.0,2800.0,371900.0
297,2021-10-18 03:50:10,14500.0,100.0,369100.0
298,2021-10-18 03:49:58,14500.0,900.0,369000.0
299,2021-10-18 03:49:58,14500.0,100.0,368100.0
300,2021-10-18 03:47:56,14500.0,100.0,368000.0
301,2021-10-18 03:45:24,14400.0,200.0,367900.0
302,2021-10-18 03:45:24,14400.0,1800.0,367700.0
303,2021-10-18 03:45:18,14500.0,100.0,365900.0
304,2021-10-18 03:44:10,14500.0,200.0,365800.0
305,2021-10-18 03:44:10,14500.0,200.0,365600.0
306,2021-10-18 03:44:10,14500.0,100.0,365400.0
307,2021-10-18 03:40:44,14500.0,200.0,365300.0
308,2021-10-18 03:40:06,14600.0,800.0,365100.0
309,2021-10-18 03:38:54,14600.0,2000.0,364300.0
310,2021-10-18 03:38:30,14600.0,600.0,362300.0
311,2021-10-18 03:38:24,14600.0,1000.0,361700.0
312,2021-10-18 03:37:33,14600.0,500.0,360700.0
313,2021-10-18 03:37:26,14400.0,1900.0,360200.0
314,2021-10-18 03:37:26,14400.0,100.0,358300.0
315,2021-10-18 03:37:26,14400.0,1000.0,358200.0
316,2021-10-18 03:37:26,14400.0,5000.0,357200.0
317,2021-10-18 03:37:26,14400.0,100.0,352200.0
318,2021-10-18 03:37:26,14400.0,100.0,352100.0
319,2021-10-18 03:37:26,14400.0,100.0,352000.0
320,2021-10-18 03:37:26,14400.0,200.0,351900.0
321,2021-10-18 03:36:43,14400.0,800.0,351700.0
322,2021-10-18 03:36:43,14400.0,400.0,350900.0
323,2021-10-18 03:36:43,14400.0,500.0,350500.0
324,2021-10-18 03:36:43,14400.0,1000.0,350000.0
325,2021-10-18 03:36:43,14450.0,3000.0,349000.0
326,2021-10-18 03:36:43,14450.0,100.0,346000.0
327,2021-10-18 03:36:43,14450.0,100.0,345900.0
328,2021-10-18 03:36:43,14500.0,100.0,345800.0
329,2021-10-18 03:36:38,14600.0,1000.0,345700.0
330,2021-10-18 03:36:03,14600.0,500.0,344700.0
331,2021-10-18 03:34:51,14500.0,500.0,344200.0
332,2021-10-18 03:34:51,14500.0,200.0,343700.0
333,2021-10-18 03:34:51,14500.0,300.0,343500.0
334,2021-10-18 03:33:33,14600.0,1000.0,343200.0
335,2021-10-18 03:33:18,14600.0,1000.0,342200.0
336,2021-10-18 03:32:55,14600.0,300.0,341200.0
337,2021-10-18 03:32:55,14600.0,1700.0,340900.0
338,2021-10-18 03:32:23,14600.0,200.0,339200.0
339,2021-10-18 03:31:55,14500.0,700.0,339000.0
340,2021-10-18 03:31:55,14500.0,100.0,338300.0
341,2021-10-18 03:31:55,14500.0,900.0,338200.0
342,2021-10-18 03:31:55,14500.0,100.0,337300.0
343,2021-10-18 03:31:55,14500.0,300.0,337200.0
344,2021-10-18 03:31:51,14600.0,500.0,336900.0
345,2021-10-18 03:31:47,14600.0,1000.0,336400.0
346,2021-10-18 03:31:16,14600.0,300.0,335400.0
347,2021-10-18 03:30:45,14600.0,500.0,335100.0
348,2021-10-18 03:30:25,14600.0,200.0,334600.0
349,2021-10-18 03:30:25,14600.0,800.0,334400.0
350,2021-10-18 03:29:22,14600.0,100.0,333600.0
351,2021-10-18 03:28:33,14500.0,200.0,333500.0
352,2021-10-18 03:28:33,14500.0,100.0,333300.0
353,2021-10-18 03:28:01,14500.0,1100.0,333200.0
354,2021-10-18 03:27:59,14500.0,800.0,332100.0
355,2021-10-18 03:27:59,14500.0,200.0,331300.0
356,2021-10-18 03:27:49,14500.0,5800.0,331100.0
357,2021-10-18 03:27:34,14500.0,3000.0,325300.0
358,2021-10-18 03:27:08,14500.0,700.0,322300.0
359,2021-10-18 03:26:56,14500.0,500.0,321600.0
360,2021-10-18 03:26:39,14600.0,1000.0,321100.0
361,2021-10-18 03:26:14,14600.0,2000.0,320100.0
362,2021-10-18 03:25:47,14600.0,1100.0,318100.0
363,2021-10-18 03:25:47,14600.0,400.0,317000.0
364,2021-10-18 03:25:47,14600.0,500.0,316600.0
365,2021-10-18 03:25:13,14600.0,200.0,316100.0
366,2021-10-18 03:25:13,14600.0,400.0,315900.0
367,2021-10-18 03:25:13,14600.0,100.0,315500.0
368,2021-10-18 03:25:13,14500.0,1300.0,315400.0
369,2021-10-18 03:24:30,14500.0,1000.0,314100.0
370,2021-10-18 03:23:58,14500.0,200.0,313100.0
371,2021-10-18 03:23:58,14500.0,800.0,312900.0
372,2021-10-18 03:23:33,14500.0,400.0,312100.0
373,2021-10-18 03:23:33,14500.0,2100.0,311700.0
374,2021-10-18 03:21:42,14500.0,500.0,309600.0
375,2021-10-18 03:21:36,14400.0,10000.0,309100.0
376,2021-10-18 03:21:36,14400.0,500.0,299100.0
377,2021-10-18 03:21:36,14400.0,200.0,298600.0
378,2021-10-18 03:21:36,14400.0,1000.0,298400.0
379,2021-10-18 03:21:36,14400.0,6900.0,297400.0
380,2021-10-18 03:21:05,14400.0,1000.0,290500.0
381,2021-10-18 03:20:51,14400.0,2100.0,289500.0
382,2021-10-18 03:20:51,14400.0,300.0,287400.0
383,2021-10-18 03:20:51,14400.0,100.0,287100.0
384,2021-10-18 03:20:49,14500.0,500.0,287000.0
385,2021-10-18 03:20:17,14400.0,200.0,286500.0
386,2021-10-18 03:20:17,14400.0,100.0,286300.0
387,2021-10-18 03:20:17,14400.0,100.0,286200.0
388,2021-10-18 03:20:17,14400.0,500.0,286100.0
389,2021-10-18 03:20:17,14400.0,100.0,285600.0
390,2021-10-18 03:20:17,14400.0,1000.0,285500.0
391,2021-10-18 03:20:17,14400.0,2700.0,284500.0
392,2021-10-18 03:20:17,14400.0,500.0,281800.0
393,2021-10-18 03:20:17,14400.0,800.0,281300.0
394,2021-10-18 03:20:17,14400.0,3000.0,280500.0
395,2021-10-18 03:20:17,14400.0,700.0,277500.0
396,2021-10-18 03:20:17,14400.0,600.0,276800.0
397,2021-10-18 03:19:49,14400.0,100.0,276200.0
398,2021-10-18 03:19:49,14400.0,500.0,276100.0
399,2021-10-18 03:19:49,14400.0,900.0,275600.0
400,2021-10-18 03:19:49,14400.0,300.0,274700.0
401,2021-10-18 03:19:49,14400.0,100.0,274400.0
402,2021-10-18 03:19:49,14400.0,100.0,274300.0
403,2021-10-18 03:19:36,14500.0,1900.0,274200.0
404,2021-10-18 03:19:36,14500.0,100.0,272300.0
405,2021-10-18 03:19:31,14450.0,100.0,272200.0
406,2021-10-18 03:19:31,14450.0,200.0,272100.0
407,2021-10-18 03:19:31,14450.0,1900.0,271900.0
408,2021-10-18 03:19:31,14450.0,500.0,270000.0
409,2021-10-18 03:19:31,14450.0,2000.0,269500.0
410,2021-10-18 03:19:31,14450.0,9000.0,267500.0
411,2021-10-18 03:19:11,14500.0,500.0,258500.0
412,2021-10-18 03:18:57,14450.0,2000.0,258000.0
413,2021-10-18 03:18:07,14500.0,200.0,256000.0
414,2021-10-18 03:18:01,14500.0,200.0,255800.0
415,2021-10-18 03:16:18,14500.0,2000.0,255600.0
416,2021-10-18 03:16:18,14500.0,2000.0,253600.0
417,2021-10-18 03:16:15,14600.0,500.0,251600.0
418,2021-10-18 03:16:15,14550.0,500.0,251100.0
419,2021-10-18 03:15:41,14550.0,200.0,250600.0
420,2021-10-18 03:15:02,14550.0,300.0,250400.0
421,2021-10-18 03:14:18,14500.0,100.0,250100.0
422,2021-10-18 03:14:03,14500.0,13200.0,250000.0
423,2021-10-18 03:13:29,14550.0,1000.0,236800.0
424,2021-10-18 03:13:27,14550.0,1500.0,235800.0
425,2021-10-18 03:12:44,14600.0,1000.0,234300.0
426,2021-10-18 03:12:16,14600.0,500.0,233300.0
427,2021-10-18 03:11:40,14600.0,500.0,232800.0
428,2021-10-18 03:10:27,14600.0,400.0,232300.0
429,2021-10-18 03:10:25,14600.0,1000.0,231900.0
430,2021-10-18 03:10:18,14600.0,1000.0,230900.0
431,2021-10-18 03:09:51,14650.0,800.0,229900.0
432,2021-10-18 03:09:51,14650.0,300.0,229100.0
433,2021-10-18 03:09:51,14600.0,900.0,228800.0
434,2021-10-18 03:09:48,14600.0,100.0,227900.0
435,2021-10-18 03:09:42,14600.0,600.0,227800.0
436,2021-10-18 03:09:21,14600.0,1000.0,227200.0
437,2021-10-18 03:09:17,14600.0,500.0,226200.0
438,2021-10-18 03:09:10,14600.0,2900.0,225700.0
439,2021-10-18 03:09:10,14600.0,300.0,222800.0
440,2021-10-18 03:08:33,14650.0,400.0,222500.0
441,2021-10-18 03:08:33,14650.0,100.0,222100.0
442,2021-10-18 03:08:27,14600.0,1000.0,222000.0
443,2021-10-18 03:08:27,14600.0,600.0,221000.0
444,2021-10-18 03:08:27,14600.0,2500.0,220400.0
445,2021-10-18 03:08:12,14650.0,400.0,217900.0
446,2021-10-18 03:08:12,14650.0,100.0,217500.0
447,2021-10-18 03:08:12,14650.0,1500.0,217400.0
448,2021-10-18 03:08:00,14650.0,1000.0,215900.0
449,2021-10-18 03:08:00,14650.0,1000.0,214900.0
450,2021-10-18 03:08:00,14650.0,100.0,213900.0
451,2021-10-18 03:08:00,14650.0,100.0,213800.0
452,2021-10-18 03:08:00,14650.0,900.0,213700.0
453,2021-10-18 03:07:54,14650.0,100.0,212800.0
454,2021-10-18 03:07:54,14650.0,100.0,212700.0
455,2021-10-18 03:07:54,14650.0,100.0,212600.0
456,2021-10-18 03:07:53,14650.0,100.0,212500.0
457,2021-10-18 03:07:34,14650.0,100.0,212400.0
458,2021-10-18 03:07:34,14650.0,200.0,212300.0
459,2021-10-18 03:07:34,14650.0,100.0,212100.0
460,2021-10-18 03:07:34,14650.0,1000.0,212000.0
461,2021-10-18 03:07:34,14650.0,600.0,211000.0
462,2021-10-18 03:07:12,14600.0,400.0,210400.0
463,2021-10-18 03:07:12,14600.0,100.0,210000.0
464,2021-10-18 03:07:07,14650.0,1000.0,209900.0
465,2021-10-18 03:06:55,14600.0,400.0,208900.0
466,2021-10-18 03:06:39,14650.0,700.0,208500.0
467,2021-10-18 03:06:39,14600.0,1500.0,207800.0
468,2021-10-18 03:06:39,14600.0,800.0,206300.0
469,2021-10-18 03:06:06,14600.0,5000.0,205500.0
470,2021-10-18 03:06:01,14600.0,1500.0,200500.0
471,2021-10-18 03:05:55,14550.0,100.0,199000.0
472,2021-10-18 03:05:55,14550.0,200.0,198900.0
473,2021-10-18 03:05:55,14550.0,200.0,198700.0
474,2021-10-18 03:05:54,14600.0,100.0,198500.0
475,2021-10-18 03:05:42,14600.0,3000.0,198400.0
476,2021-10-18 03:05:31,14600.0,1000.0,195400.0
477,2021-10-18 03:05:03,14600.0,100.0,194400.0
478,2021-10-18 03:04:57,14600.0,3000.0,194300.0
479,2021-10-18 03:04:31,14600.0,5000.0,191300.0
480,2021-10-18 03:04:05,14600.0,200.0,186300.0
481,2021-10-18 03:04:05,14600.0,300.0,186100.0
482,2021-10-18 03:04:01,14600.0,100.0,185800.0
483,2021-10-18 03:03:53,14650.0,500.0,185700.0
484,2021-10-18 03:03:39,14600.0,1000.0,185200.0
485,2021-10-18 03:03:25,14650.0,500.0,184200.0
486,2021-10-18 03:03:06,14650.0,500.0,183700.0
487,2021-10-18 03:02:27,14650.0,500.0,183200.0
488,2021-10-18 03:02:27,14650.0,500.0,182700.0
489,2021-10-18 03:02:25,14600.0,600.0,182200.0
490,2021-10-18 03:02:00,14600.0,400.0,181600.0
491,2021-10-18 03:02:00,14600.0,100.0,181200.0
492,2021-10-18 03:01:52,14600.0,300.0,181100.0
493,2021-10-18 03:01:33,14600.0,400.0,180800.0
494,2021-10-18 03:01:26,14600.0,500.0,180400.0
495,2021-10-18 03:00:57,14600.0,800.0,179900.0
496,2021-10-18 03:00:57,14600.0,200.0,179100.0
497,2021-10-18 03:00:50,14600.0,600.0,178900.0
498,2021-10-18 03:00:26,14600.0,1000.0,178300.0
499,2021-10-18 02:59:46,14600.0,1000.0,177300.0
500,2021-10-18 02:59:15,14600.0,2000.0,176300.0
501,2021-10-18 02:58:50,14600.0,200.0,174300.0
502,2021-10-18 02:58:50,14600.0,100.0,174100.0
503,2021-10-18 02:58:50,14600.0,700.0,174000.0
504,2021-10-18 02:57:47,14600.0,300.0,173300.0
505,2021-10-18 02:57:23,14600.0,2000.0,173000.0
506,2021-10-18 02:56:59,14600.0,2000.0,171000.0
507,2021-10-18 02:56:03,14650.0,100.0,169000.0
508,2021-10-18 02:56:03,14600.0,100.0,168900.0
509,2021-10-18 02:55:07,14650.0,300.0,168800.0
510,2021-10-18 02:55:07,14600.0,200.0,168500.0
511,2021-10-18 02:55:01,14600.0,800.0,168300.0
512,2021-10-18 02:55:01,14600.0,600.0,167500.0
513,2021-10-18 02:54:32,14600.0,100.0,166900.0
514,2021-10-18 02:54:31,14650.0,100.0,166800.0
515,2021-10-18 02:54:31,14650.0,400.0,166700.0
516,2021-10-18 02:54:05,14650.0,1000.0,166300.0
517,2021-10-18 02:53:49,14650.0,600.0,165300.0
518,2021-10-18 02:53:49,14650.0,200.0,164700.0
519,2021-10-18 02:53:49,14650.0,100.0,164500.0
520,2021-10-18 02:53:49,14650.0,500.0,164400.0
521,2021-10-18 02:53:49,14650.0,400.0,163900.0
522,2021-10-18 02:53:49,14650.0,200.0,163500.0
523,2021-10-18 02:53:36,14650.0,300.0,163300.0
524,2021-10-18 02:53:36,14600.0,700.0,163000.0
525,2021-10-18 02:53:06,14600.0,1000.0,162300.0
526,2021-10-18 02:53:00,14500.0,700.0,161300.0
527,2021-10-18 02:53:00,14500.0,500.0,160600.0
528,2021-10-18 02:53:00,14500.0,500.0,160100.0
529,2021-10-18 02:53:00,14500.0,100.0,159600.0
530,2021-10-18 02:53:00,14500.0,800.0,159500.0
531,2021-10-18 02:53:00,14500.0,5000.0,158700.0
532,2021-10-18 02:53:00,14500.0,1900.0,153700.0
533,2021-10-18 02:53:00,14500.0,1000.0,151800.0
534,2021-10-18 02:53:00,14500.0,100.0,150800.0
535,2021-10-18 02:53:00,14500.0,2000.0,150700.0
536,2021-10-18 02:53:00,14500.0,500.0,148700.0
537,2021-10-18 02:53:00,14500.0,100.0,148200.0
538,2021-10-18 02:53:00,14500.0,1000.0,148100.0
539,2021-10-18 02:53:00,14500.0,1000.0,147100.0
540,2021-10-18 02:53:00,14500.0,300.0,146100.0
541,2021-10-18 02:52:48,14600.0,100.0,145800.0
542,2021-10-18 02:52:41,14600.0,100.0,145700.0
543,2021-10-18 02:52:41,14600.0,1500.0,145600.0
544,2021-10-18 02:52:27,14600.0,500.0,144100.0
545,2021-10-18 02:52:27,14600.0,500.0,143600.0
546,2021-10-18 02:52:03,14600.0,500.0,143100.0
547,2021-10-18 02:52:03,14600.0,1500.0,142600.0
548,2021-10-18 02:51:47,14600.0,500.0,141100.0
549,2021-10-18 02:51:40,14600.0,500.0,140600.0
550,2021-10-18 02:51:40,14600.0,1000.0,140100.0
551,2021-10-18 02:51:40,14600.0,500.0,139100.0
552,2021-10-18 02:51:28,14600.0,500.0,138600.0
553,2021-10-18 02:51:28,14600.0,100.0,138100.0
554,2021-10-18 02:51:28,14600.0,1000.0,138000.0
555,2021-10-18 02:51:28,14600.0,200.0,137000.0
556,2021-10-18 02:51:28,14600.0,1000.0,136800.0
557,2021-10-18 02:51:28,14600.0,200.0,135800.0
558,2021-10-18 02:51:27,14600.0,100.0,135600.0
559,2021-10-18 02:51:27,14600.0,900.0,135500.0
560,2021-10-18 02:51:20,14600.0,1000.0,134600.0
561,2021-10-18 02:50:51,14600.0,3100.0,133600.0
562,2021-10-18 02:50:51,14600.0,100.0,130500.0
563,2021-10-18 02:50:51,14600.0,400.0,130400.0
564,2021-10-18 02:50:51,14600.0,1000.0,130000.0
565,2021-10-18 02:50:51,14600.0,5000.0,129000.0
566,2021-10-18 02:50:51,14600.0,400.0,124000.0
567,2021-10-18 02:47:39,14600.0,100.0,123600.0
568,2021-10-18 02:47:39,14600.0,200.0,123500.0
569,2021-10-18 02:47:34,14600.0,500.0,123300.0
570,2021-10-18 02:47:05,14600.0,300.0,122800.0
571,2021-10-18 02:47:05,14600.0,1100.0,122500.0
572,2021-10-18 02:47:05,14600.0,1000.0,121400.0
573,2021-10-18 02:47:05,14600.0,600.0,120400.0
574,2021-10-18 02:46:39,14600.0,400.0,119800.0
575,2021-10-18 02:46:39,14600.0,2000.0,119400.0
576,2021-10-18 02:46:39,14600.0,600.0,117400.0
577,2021-10-18 02:46:17,14600.0,2000.0,116800.0
578,2021-10-18 02:45:12,14600.0,400.0,114800.0
579,2021-10-18 02:45:12,14600.0,100.0,114400.0
580,2021-10-18 02:44:44,14600.0,900.0,114300.0
581,2021-10-18 02:44:44,14600.0,100.0,113400.0
582,2021-10-18 02:44:13,14600.0,200.0,113300.0
583,2021-10-18 02:44:02,14550.0,100.0,113100.0
584,2021-10-18 02:43:53,14500.0,200.0,113000.0
585,2021-10-18 02:43:46,14550.0,4900.0,112800.0
586,2021-10-18 02:43:45,14550.0,100.0,107900.0
587,2021-10-18 02:43:19,14600.0,700.0,107800.0
588,2021-10-18 02:43:19,14600.0,1300.0,107100.0
589,2021-10-18 02:42:50,14600.0,500.0,105800.0
590,2021-10-18 02:42:09,14600.0,700.0,105300.0
591,2021-10-18 02:42:09,14600.0,300.0,104600.0
592,2021-10-18 02:41:40,14600.0,500.0,104300.0
593,2021-10-18 02:41:19,14600.0,2000.0,103800.0
594,2021-10-18 02:40:54,14600.0,1000.0,101800.0
595,2021-10-18 02:40:35,14600.0,500.0,100800.0
596,2021-10-18 02:40:32,14500.0,600.0,100300.0
597,2021-10-18 02:40:31,14600.0,500.0,99700.0
598,2021-10-18 02:40:20,14600.0,500.0,99200.0
599,2021-10-18 02:40:06,14600.0,100.0,98700.0
600,2021-10-18 02:40:01,14500.0,4700.0,98600.0
601,2021-10-18 02:40:01,14500.0,5000.0,93900.0
602,2021-10-18 02:40:01,14500.0,2500.0,88900.0
603,2021-10-18 02:40:01,14500.0,2000.0,86400.0
604,2021-10-18 02:39:23,14600.0,2000.0,84400.0
605,2021-10-18 02:38:30,14600.0,1000.0,82400.0
606,2021-10-18 02:38:25,14600.0,100.0,81400.0
607,2021-10-18 02:38:03,14500.0,4500.0,81300.0
608,2021-10-18 02:37:47,14500.0,500.0,76800.0
609,2021-10-18 02:37:47,14500.0,1000.0,76300.0
610,2021-10-18 02:37:47,14500.0,200.0,75300.0
611,2021-10-18 02:37:44,14500.0,1500.0,75100.0
612,2021-10-18 02:37:25,14500.0,300.0,73600.0
613,2021-10-18 02:37:25,14500.0,4700.0,73300.0
614,2021-10-18 02:37:17,14500.0,300.0,68600.0
615,2021-10-18 02:36:49,14600.0,500.0,68300.0
616,2021-10-18 02:35:55,14600.0,1000.0,67800.0
617,2021-10-18 02:35:49,14500.0,300.0,66800.0
618,2021-10-18 02:35:49,14500.0,3000.0,66500.0
619,2021-10-18 02:35:49,14500.0,100.0,63500.0
620,2021-10-18 02:35:49,14500.0,3000.0,63400.0
621,2021-10-18 02:35:49,14500.0,1300.0,60400.0
622,2021-10-18 02:35:14,14600.0,300.0,59100.0
623,2021-10-18 02:34:30,14600.0,100.0,58800.0
624,2021-10-18 02:34:30,14600.0,400.0,58700.0
625,2021-10-18 02:34:30,14600.0,200.0,58300.0
626,2021-10-18 02:34:13,14600.0,1000.0,58100.0
627,2021-10-18 02:33:58,14500.0,1700.0,57100.0
628,2021-10-18 02:33:58,14500.0,800.0,55400.0
629,2021-10-18 02:33:58,14500.0,700.0,54600.0
630,2021-10-18 02:33:44,14600.0,500.0,53900.0
631,2021-10-18 02:33:37,14500.0,200.0,53400.0
632,2021-10-18 02:33:26,14600.0,200.0,53200.0
633,2021-10-18 02:33:17,14500.0,100.0,53000.0
634,2021-10-18 02:33:11,14500.0,3300.0,52900.0
635,2021-10-18 02:33:11,14500.0,200.0,49600.0
636,2021-10-18 02:33:11,14500.0,800.0,49400.0
637,2021-10-18 02:33:11,14500.0,800.0,48600.0
638,2021-10-18 02:32:59,14600.0,800.0,47800.0
639,2021-10-18 02:32:59,14600.0,100.0,47000.0
640,2021-10-18 02:32:59,14600.0,100.0,46900.0
641,2021-10-18 02:32:36,14600.0,100.0,46800.0
642,2021-10-18 02:32:36,14600.0,100.0,46700.0
643,2021-10-18 02:32:36,14600.0,100.0,46600.0
644,2021-10-18 02:32:36,14600.0,300.0,46500.0
645,2021-10-18 02:32:33,14600.0,200.0,46200.0
646,2021-10-18 02:32:09,14600.0,500.0,46000.0
647,2021-10-18 02:32:07,14600.0,200.0,45500.0
648,2021-10-18 02:31:53,14600.0,1000.0,45300.0
649,2021-10-18 02:31:39,14600.0,100.0,44300.0
650,2021-10-18 02:31:16,14600.0,200.0,44200.0
651,2021-10-18 02:30:47,14600.0,500.0,44000.0
652,2021-10-18 02:30:41,14500.0,6200.0,43500.0
653,2021-10-18 02:30:09,14600.0,500.0,37300.0
654,2021-10-18 02:30:08,14500.0,100.0,36800.0
655,2021-10-18 02:29:45,14500.0,200.0,36700.0
656,2021-10-18 02:29:45,14500.0,1000.0,36500.0
657,2021-10-18 02:29:45,14500.0,2500.0,35500.0
658,2021-10-18 02:29:43,14500.0,500.0,33000.0
659,2021-10-18 02:29:43,14500.0,500.0,32500.0
660,2021-10-18 02:29:43,14500.0,100.0,32000.0
661,2021-10-18 02:29:43,14500.0,100.0,31900.0
662,2021-10-18 02:29:43,14500.0,500.0,31800.0
663,2021-10-18 02:29:43,14500.0,1300.0,31300.0
664,2021-10-18 02:29:05,14500.0,700.0,30000.0
665,2021-10-18 02:29:05,14500.0,1000.0,29300.0
666,2021-10-18 02:29:05,14500.0,100.0,28300.0
667,2021-10-18 02:29:05,14500.0,200.0,28200.0
668,2021-10-18 02:28:06,14500.0,300.0,28000.0
669,2021-10-18 02:28:06,14500.0,1700.0,27700.0
670,2021-10-18 02:27:43,14500.0,1000.0,26000.0
671,2021-10-18 02:26:19,14500.0,500.0,25000.0
672,2021-10-18 02:25:27,14400.0,200.0,24500.0
673,2021-10-18 02:25:18,14400.0,500.0,24300.0
674,2021-10-18 02:24:44,14500.0,500.0,23800.0
675,2021-10-18 02:24:32,14500.0,200.0,23300.0
676,2021-10-18 02:24:25,14500.0,200.0,23100.0
677,2021-10-18 02:24:21,14500.0,500.0,22900.0
678,2021-10-18 02:23:49,14500.0,500.0,22400.0
679,2021-10-18 02:23:09,14500.0,200.0,21900.0
680,2021-10-18 02:22:56,14400.0,300.0,21700.0
681,2021-10-18 02:22:55,14400.0,500.0,21400.0
682,2021-10-18 02:22:47,14500.0,500.0,20900.0
683,2021-10-18 02:22:20,14500.0,300.0,20400.0
684,2021-10-18 02:21:50,14500.0,500.0,20100.0
685,2021-10-18 02:21:18,14500.0,500.0,19600.0
686,2021-10-18 02:19:25,14500.0,4000.0,19100.0
687,2021-10-18 02:17:45,14500.0,3000.0,15100.0
688,2021-10-18 02:15:01,14500.0,900.0,12100.0
689,2021-10-18 02:15:01,14500.0,2500.0,11200.0
690,2021-10-18 02:15:01,14500.0,500.0,8700.0
691,2021-10-18 02:15:01,14500.0,200.0,8200.0
692,2021-10-18 02:15:01,14500.0,2300.0,8000.0
693,2021-10-18 02:15:01,14500.0,700.0,5700.0
694,2021-10-18 02:15:01,14500.0,100.0,5000.0
695,2021-10-18 02:15:01,14500.0,2200.0,4900.0
696,2021-10-18 02:15:01,14500.0,100.0,2700.0
697,2021-10-18 02:15:01,14500.0,200.0,2600.0
698,2021-10-18 02:15:01,14500.0,700.0,2400.0
699,2021-10-18 02:15:01,14500.0,1100.0,1700.0
700,2021-10-18 02:15:01,14500.0,100.0,600.0
701,2021-10-18 02:15:01,14500.0,100.0,500.0
702,2021-10-18 02:15:01,14500.0,300.0,400.0
703,2021-10-18 02:15:01,14500.0,100.0,100.0
