,Time,Price,Volume_per_trade,Volume
0,2021-10-01 14:45:01,14300.0,200.0,1055400.0
1,2021-10-01 14:45:01,14300.0,3400.0,1055200.0
2,2021-10-01 14:45:01,14300.0,100.0,1051800.0
3,2021-10-01 14:45:01,14300.0,800.0,1051700.0
4,2021-10-01 14:45:01,14300.0,700.0,1050900.0
5,2021-10-01 14:28:04,14300.0,1500.0,1050200.0
6,2021-10-01 14:25:26,14300.0,800.0,1048700.0
7,2021-10-01 14:22:10,14300.0,1900.0,1047900.0
8,2021-10-01 14:22:10,14300.0,500.0,1046000.0
9,2021-10-01 14:22:10,14300.0,2600.0,1045500.0
10,2021-10-01 14:22:09,14300.0,1900.0,1042900.0
11,2021-10-01 14:22:09,14300.0,100.0,1041000.0
12,2021-10-01 14:20:46,14250.0,200.0,1040900.0
13,2021-10-01 14:20:38,14250.0,100.0,1040700.0
14,2021-10-01 14:19:59,14250.0,8900.0,1040600.0
15,2021-10-01 14:19:59,14250.0,100.0,1031700.0
16,2021-10-01 14:19:59,14250.0,1000.0,1031600.0
17,2021-10-01 14:19:50,14300.0,500.0,1030600.0
18,2021-10-01 14:19:41,14300.0,700.0,1030100.0
19,2021-10-01 14:19:41,14300.0,400.0,1029400.0
20,2021-10-01 14:19:41,14300.0,200.0,1029000.0
21,2021-10-01 14:19:41,14300.0,600.0,1028800.0
22,2021-10-01 14:19:41,14300.0,1000.0,1028200.0
23,2021-10-01 14:19:41,14300.0,300.0,1027200.0
24,2021-10-01 14:19:41,14300.0,600.0,1026900.0
25,2021-10-01 14:19:41,14300.0,500.0,1026300.0
26,2021-10-01 14:19:41,14300.0,1200.0,1025800.0
27,2021-10-01 14:18:37,14300.0,300.0,1024600.0
28,2021-10-01 14:18:37,14300.0,300.0,1024300.0
29,2021-10-01 14:18:37,14300.0,4400.0,1024000.0
30,2021-10-01 14:18:23,14300.0,1000.0,1019600.0
31,2021-10-01 14:16:43,14300.0,100.0,1018600.0
32,2021-10-01 14:15:59,14300.0,500.0,1018500.0
33,2021-10-01 14:15:59,14300.0,500.0,1018000.0
34,2021-10-01 14:15:39,14300.0,100.0,1017500.0
35,2021-10-01 14:13:36,14300.0,4000.0,1017400.0
36,2021-10-01 14:13:14,14300.0,900.0,1013400.0
37,2021-10-01 14:13:14,14300.0,500.0,1012500.0
38,2021-10-01 14:13:14,14300.0,500.0,1012000.0
39,2021-10-01 14:13:14,14300.0,2500.0,1011500.0
40,2021-10-01 14:13:14,14300.0,1000.0,1009000.0
41,2021-10-01 14:13:14,14300.0,1000.0,1008000.0
42,2021-10-01 14:13:14,14300.0,100.0,1007000.0
43,2021-10-01 14:13:14,14300.0,200.0,1006900.0
44,2021-10-01 14:13:14,14300.0,1000.0,1006700.0
45,2021-10-01 14:13:14,14300.0,1000.0,1005700.0
46,2021-10-01 14:13:14,14300.0,1300.0,1004700.0
47,2021-10-01 14:12:40,14300.0,200.0,1003400.0
48,2021-10-01 14:12:40,14300.0,500.0,1003200.0
49,2021-10-01 14:12:40,14300.0,200.0,1002700.0
50,2021-10-01 14:12:40,14300.0,100.0,1002500.0
51,2021-10-01 14:12:40,14300.0,100.0,1002400.0
52,2021-10-01 14:12:40,14300.0,200.0,1002300.0
53,2021-10-01 14:12:40,14300.0,700.0,1002100.0
54,2021-10-01 14:12:03,14300.0,1300.0,1001400.0
55,2021-10-01 14:12:03,14300.0,200.0,1000100.0
56,2021-10-01 14:12:03,14300.0,500.0,999900.0
57,2021-10-01 14:09:00,14300.0,200.0,999400.0
58,2021-10-01 14:07:21,14300.0,3300.0,999200.0
59,2021-10-01 14:07:21,14300.0,300.0,995900.0
60,2021-10-01 14:07:21,14300.0,3500.0,995600.0
61,2021-10-01 14:07:21,14300.0,1000.0,992100.0
62,2021-10-01 14:07:21,14300.0,300.0,991100.0
63,2021-10-01 14:07:21,14300.0,3000.0,990800.0
64,2021-10-01 14:07:21,14300.0,1000.0,987800.0
65,2021-10-01 14:07:21,14300.0,7600.0,986800.0
66,2021-10-01 14:05:14,14300.0,2300.0,979200.0
67,2021-10-01 14:05:14,14300.0,500.0,976900.0
68,2021-10-01 14:05:14,14300.0,500.0,976400.0
69,2021-10-01 14:05:14,14300.0,100.0,975900.0
70,2021-10-01 14:05:14,14300.0,100.0,975800.0
71,2021-10-01 14:05:14,14300.0,1000.0,975700.0
72,2021-10-01 14:05:14,14300.0,10000.0,974700.0
73,2021-10-01 14:05:14,14300.0,500.0,964700.0
74,2021-10-01 14:05:14,14300.0,200.0,964200.0
75,2021-10-01 14:05:14,14300.0,500.0,964000.0
76,2021-10-01 14:05:14,14300.0,500.0,963500.0
77,2021-10-01 14:05:14,14300.0,1500.0,963000.0
78,2021-10-01 14:05:14,14300.0,500.0,961500.0
79,2021-10-01 14:05:14,14300.0,100.0,961000.0
80,2021-10-01 14:05:14,14300.0,200.0,960900.0
81,2021-10-01 14:05:14,14300.0,200.0,960700.0
82,2021-10-01 14:05:14,14300.0,200.0,960500.0
83,2021-10-01 14:05:14,14300.0,100.0,960300.0
84,2021-10-01 14:05:14,14300.0,200.0,960200.0
85,2021-10-01 14:05:14,14300.0,2000.0,960000.0
86,2021-10-01 14:05:14,14300.0,800.0,958000.0
87,2021-10-01 14:05:14,14300.0,200.0,957200.0
88,2021-10-01 14:05:14,14300.0,3000.0,957000.0
89,2021-10-01 14:05:14,14300.0,100.0,954000.0
90,2021-10-01 14:05:14,14300.0,4700.0,953900.0
91,2021-10-01 14:04:04,14300.0,400.0,949200.0
92,2021-10-01 13:59:26,14300.0,200.0,948800.0
93,2021-10-01 13:59:26,14300.0,300.0,948600.0
94,2021-10-01 13:54:26,14300.0,100.0,948300.0
95,2021-10-01 13:42:48,14300.0,500.0,948200.0
96,2021-10-01 13:41:16,14300.0,2600.0,947700.0
97,2021-10-01 13:41:16,14300.0,2400.0,945100.0
98,2021-10-01 13:34:35,14300.0,300.0,942700.0
99,2021-10-01 13:34:35,14300.0,400.0,942400.0
100,2021-10-01 13:34:35,14300.0,300.0,942000.0
101,2021-10-01 13:34:35,14300.0,1000.0,941700.0
102,2021-10-01 13:33:05,14300.0,100.0,940700.0
103,2021-10-01 13:31:31,14300.0,900.0,940600.0
104,2021-10-01 13:31:31,14300.0,600.0,939700.0
105,2021-10-01 13:29:29,14300.0,200.0,939100.0
106,2021-10-01 13:22:54,14300.0,300.0,938900.0
107,2021-10-01 13:17:00,14300.0,100.0,938600.0
108,2021-10-01 13:14:39,14300.0,500.0,938500.0
109,2021-10-01 13:13:45,14300.0,200.0,938000.0
110,2021-10-01 13:10:39,14300.0,600.0,937800.0
111,2021-10-01 13:10:20,14300.0,500.0,937200.0
112,2021-10-01 13:10:20,14300.0,900.0,936700.0
113,2021-10-01 13:10:20,14300.0,8600.0,935800.0
114,2021-10-01 13:04:11,14300.0,100.0,927200.0
115,2021-10-01 13:02:06,14300.0,1300.0,927100.0
116,2021-10-01 13:02:06,14300.0,500.0,925800.0
117,2021-10-01 13:02:06,14300.0,500.0,925300.0
118,2021-10-01 13:02:06,14300.0,800.0,924800.0
119,2021-10-01 13:00:24,14300.0,200.0,924000.0
120,2021-10-01 13:00:24,14300.0,100.0,923800.0
121,2021-10-01 13:00:07,14300.0,1500.0,923700.0
122,2021-10-01 13:00:07,14300.0,1000.0,922200.0
123,2021-10-01 13:00:04,14300.0,1100.0,921200.0
124,2021-10-01 13:00:04,14300.0,2500.0,920100.0
125,2021-10-01 13:00:04,14300.0,1400.0,917600.0
126,2021-10-01 11:27:18,14300.0,600.0,916200.0
127,2021-10-01 11:27:18,14300.0,1000.0,915600.0
128,2021-10-01 11:27:18,14300.0,1000.0,914600.0
129,2021-10-01 11:27:18,14300.0,500.0,913600.0
130,2021-10-01 11:27:18,14300.0,1900.0,913100.0
131,2021-10-01 11:26:05,14300.0,100.0,911200.0
132,2021-10-01 11:19:11,14300.0,300.0,911100.0
133,2021-10-01 11:18:51,14300.0,200.0,910800.0
134,2021-10-01 11:17:58,14300.0,400.0,910600.0
135,2021-10-01 11:17:18,14300.0,100.0,910200.0
136,2021-10-01 11:13:47,14300.0,600.0,910100.0
137,2021-10-01 11:11:21,14300.0,100.0,909500.0
138,2021-10-01 11:11:21,14300.0,300.0,909400.0
139,2021-10-01 11:11:21,14300.0,100.0,909100.0
140,2021-10-01 11:11:21,14300.0,400.0,909000.0
141,2021-10-01 11:11:21,14300.0,500.0,908600.0
142,2021-10-01 11:11:21,14300.0,500.0,908100.0
143,2021-10-01 11:11:21,14300.0,1000.0,907600.0
144,2021-10-01 11:11:21,14300.0,100.0,906600.0
145,2021-10-01 11:11:21,14300.0,1000.0,906500.0
146,2021-10-01 11:11:21,14300.0,1000.0,905500.0
147,2021-10-01 11:07:10,14300.0,1000.0,904500.0
148,2021-10-01 11:03:37,14300.0,100.0,903500.0
149,2021-10-01 11:02:57,14300.0,700.0,903400.0
150,2021-10-01 11:02:57,14300.0,100.0,902700.0
151,2021-10-01 11:00:29,14300.0,200.0,902600.0
152,2021-10-01 11:00:07,14300.0,200.0,902400.0
153,2021-10-01 11:00:07,14300.0,100.0,902200.0
154,2021-10-01 11:00:00,14300.0,500.0,902100.0
155,2021-10-01 10:59:21,14300.0,400.0,901600.0
156,2021-10-01 10:58:58,14300.0,800.0,901200.0
157,2021-10-01 10:58:13,14300.0,4000.0,900400.0
158,2021-10-01 10:57:19,14300.0,200.0,896400.0
159,2021-10-01 10:57:02,14300.0,300.0,896200.0
160,2021-10-01 10:57:02,14300.0,700.0,895900.0
161,2021-10-01 10:56:40,14300.0,300.0,895200.0
162,2021-10-01 10:56:40,14300.0,200.0,894900.0
163,2021-10-01 10:56:05,14300.0,200.0,894700.0
164,2021-10-01 10:55:11,14300.0,500.0,894500.0
165,2021-10-01 10:55:11,14300.0,100.0,894000.0
166,2021-10-01 10:54:35,14300.0,300.0,893900.0
167,2021-10-01 10:52:21,14300.0,200.0,893600.0
168,2021-10-01 10:52:12,14300.0,200.0,893400.0
169,2021-10-01 10:51:44,14300.0,200.0,893200.0
170,2021-10-01 10:51:37,14300.0,100.0,893000.0
171,2021-10-01 10:51:21,14300.0,200.0,892900.0
172,2021-10-01 10:50:31,14300.0,400.0,892700.0
173,2021-10-01 10:50:06,14300.0,200.0,892300.0
174,2021-10-01 10:49:33,14300.0,400.0,892100.0
175,2021-10-01 10:49:20,14300.0,4000.0,891700.0
176,2021-10-01 10:48:33,14300.0,200.0,887700.0
177,2021-10-01 10:48:22,14300.0,500.0,887500.0
178,2021-10-01 10:48:05,14300.0,600.0,887000.0
179,2021-10-01 10:47:59,14300.0,500.0,886400.0
180,2021-10-01 10:47:13,14300.0,400.0,885900.0
181,2021-10-01 10:46:30,14300.0,200.0,885500.0
182,2021-10-01 10:45:45,14300.0,100.0,885300.0
183,2021-10-01 10:45:30,14300.0,800.0,885200.0
184,2021-10-01 10:45:30,14300.0,3000.0,884400.0
185,2021-10-01 10:45:30,14300.0,3200.0,881400.0
186,2021-10-01 10:43:53,14300.0,300.0,878200.0
187,2021-10-01 10:40:37,14300.0,500.0,877900.0
188,2021-10-01 10:40:37,14300.0,500.0,877400.0
189,2021-10-01 10:40:08,14300.0,2500.0,876900.0
190,2021-10-01 10:40:08,14300.0,500.0,874400.0
191,2021-10-01 10:39:26,14300.0,300.0,873900.0
192,2021-10-01 10:38:54,14300.0,1600.0,873600.0
193,2021-10-01 10:38:43,14300.0,100.0,872000.0
194,2021-10-01 10:38:10,14300.0,1000.0,871900.0
195,2021-10-01 10:38:10,14300.0,1300.0,870900.0
196,2021-10-01 10:38:10,14300.0,500.0,869600.0
197,2021-10-01 10:38:10,14300.0,500.0,869100.0
198,2021-10-01 10:38:06,14300.0,500.0,868600.0
199,2021-10-01 10:38:06,14300.0,100.0,868100.0
200,2021-10-01 10:36:07,14300.0,300.0,868000.0
201,2021-10-01 10:35:51,14300.0,100.0,867700.0
202,2021-10-01 10:35:41,14300.0,100.0,867600.0
203,2021-10-01 10:35:41,14300.0,300.0,867500.0
204,2021-10-01 10:35:41,14300.0,500.0,867200.0
205,2021-10-01 10:35:38,14300.0,500.0,866700.0
206,2021-10-01 10:35:38,14300.0,500.0,866200.0
207,2021-10-01 10:35:31,14300.0,1000.0,865700.0
208,2021-10-01 10:35:27,14300.0,600.0,864700.0
209,2021-10-01 10:35:23,14300.0,500.0,864100.0
210,2021-10-01 10:35:18,14300.0,800.0,863600.0
211,2021-10-01 10:35:12,14300.0,1000.0,862800.0
212,2021-10-01 10:34:49,14300.0,600.0,861800.0
213,2021-10-01 10:34:49,14300.0,400.0,861200.0
214,2021-10-01 10:34:33,14300.0,100.0,860800.0
215,2021-10-01 10:34:33,14300.0,2100.0,860700.0
216,2021-10-01 10:34:33,14300.0,1000.0,858600.0
217,2021-10-01 10:34:33,14300.0,100.0,857600.0
218,2021-10-01 10:34:33,14300.0,300.0,857500.0
219,2021-10-01 10:34:22,14300.0,2000.0,857200.0
220,2021-10-01 10:34:17,14300.0,1900.0,855200.0
221,2021-10-01 10:34:17,14300.0,400.0,853300.0
222,2021-10-01 10:33:47,14300.0,1000.0,852900.0
223,2021-10-01 10:33:28,14300.0,1000.0,851900.0
224,2021-10-01 10:33:26,14250.0,2500.0,850900.0
225,2021-10-01 10:33:22,14300.0,1000.0,848400.0
226,2021-10-01 10:32:45,14300.0,100.0,847400.0
227,2021-10-01 10:32:34,14300.0,200.0,847300.0
228,2021-10-01 10:32:15,14300.0,100.0,847100.0
229,2021-10-01 10:32:13,14300.0,500.0,847000.0
230,2021-10-01 10:31:22,14300.0,300.0,846500.0
231,2021-10-01 10:31:17,14300.0,300.0,846200.0
232,2021-10-01 10:31:14,14300.0,100.0,845900.0
233,2021-10-01 10:31:00,14300.0,1000.0,845800.0
234,2021-10-01 10:30:54,14300.0,100.0,844800.0
235,2021-10-01 10:30:32,14300.0,100.0,844700.0
236,2021-10-01 10:30:31,14300.0,2800.0,844600.0
237,2021-10-01 10:30:28,14300.0,100.0,841800.0
238,2021-10-01 10:30:26,14250.0,2000.0,841700.0
239,2021-10-01 10:29:56,14300.0,1000.0,839700.0
240,2021-10-01 10:29:43,14250.0,200.0,838700.0
241,2021-10-01 10:29:43,14250.0,1100.0,838500.0
242,2021-10-01 10:29:21,14250.0,900.0,837400.0
243,2021-10-01 10:29:21,14250.0,200.0,836500.0
244,2021-10-01 10:29:21,14250.0,100.0,836300.0
245,2021-10-01 10:29:10,14300.0,1000.0,836200.0
246,2021-10-01 10:28:49,14300.0,500.0,835200.0
247,2021-10-01 10:28:13,14300.0,1000.0,834700.0
248,2021-10-01 10:28:13,14300.0,500.0,833700.0
249,2021-10-01 10:28:13,14300.0,2000.0,833200.0
250,2021-10-01 10:28:13,14300.0,1000.0,831200.0
251,2021-10-01 10:28:13,14300.0,600.0,830200.0
252,2021-10-01 10:28:08,14300.0,100.0,829600.0
253,2021-10-01 10:27:59,14300.0,300.0,829500.0
254,2021-10-01 10:27:59,14300.0,1400.0,829200.0
255,2021-10-01 10:27:00,14300.0,600.0,827800.0
256,2021-10-01 10:27:00,14300.0,200.0,827200.0
257,2021-10-01 10:24:47,14300.0,800.0,827000.0
258,2021-10-01 10:24:47,14300.0,200.0,826200.0
259,2021-10-01 10:24:40,14300.0,1000.0,826000.0
260,2021-10-01 10:23:57,14300.0,800.0,825000.0
261,2021-10-01 10:23:25,14300.0,200.0,824200.0
262,2021-10-01 10:23:21,14300.0,100.0,824000.0
263,2021-10-01 10:23:13,14300.0,100.0,823900.0
264,2021-10-01 10:22:53,14300.0,1000.0,823800.0
265,2021-10-01 10:22:53,14300.0,1200.0,822800.0
266,2021-10-01 10:22:53,14300.0,500.0,821600.0
267,2021-10-01 10:22:53,14300.0,4500.0,821100.0
268,2021-10-01 10:22:53,14300.0,1000.0,816600.0
269,2021-10-01 10:22:53,14300.0,500.0,815600.0
270,2021-10-01 10:22:53,14300.0,1600.0,815100.0
271,2021-10-01 10:22:53,14300.0,3000.0,813500.0
272,2021-10-01 10:22:53,14300.0,2000.0,810500.0
273,2021-10-01 10:22:53,14300.0,900.0,808500.0
274,2021-10-01 10:22:53,14300.0,1000.0,807600.0
275,2021-10-01 10:22:53,14300.0,2000.0,806600.0
276,2021-10-01 10:22:53,14300.0,2000.0,804600.0
277,2021-10-01 10:22:53,14300.0,1000.0,802600.0
278,2021-10-01 10:22:53,14300.0,1000.0,801600.0
279,2021-10-01 10:22:53,14300.0,100.0,800600.0
280,2021-10-01 10:22:53,14300.0,6500.0,800500.0
281,2021-10-01 10:19:54,14300.0,1500.0,794000.0
282,2021-10-01 10:19:54,14300.0,300.0,792500.0
283,2021-10-01 10:19:54,14300.0,5200.0,792200.0
284,2021-10-01 10:18:29,14300.0,500.0,787000.0
285,2021-10-01 10:17:18,14300.0,100.0,786500.0
286,2021-10-01 10:17:18,14300.0,500.0,786400.0
287,2021-10-01 10:17:15,14300.0,2700.0,785900.0
288,2021-10-01 10:17:15,14300.0,300.0,783200.0
289,2021-10-01 10:16:18,14300.0,200.0,782900.0
290,2021-10-01 10:15:57,14300.0,9500.0,782700.0
291,2021-10-01 10:15:57,14300.0,500.0,773200.0
292,2021-10-01 10:14:50,14300.0,2000.0,772700.0
293,2021-10-01 10:14:36,14300.0,200.0,770700.0
294,2021-10-01 10:14:27,14300.0,2000.0,770500.0
295,2021-10-01 10:14:27,14300.0,10000.0,768500.0
296,2021-10-01 10:14:27,14300.0,200.0,758500.0
297,2021-10-01 10:14:27,14300.0,300.0,758300.0
298,2021-10-01 10:14:27,14300.0,100.0,758000.0
299,2021-10-01 10:14:27,14300.0,300.0,757900.0
300,2021-10-01 10:14:27,14300.0,4900.0,757600.0
301,2021-10-01 10:14:24,14300.0,2000.0,752700.0
302,2021-10-01 10:14:08,14300.0,3100.0,750700.0
303,2021-10-01 10:14:08,14300.0,500.0,747600.0
304,2021-10-01 10:14:08,14300.0,500.0,747100.0
305,2021-10-01 10:14:08,14300.0,400.0,746600.0
306,2021-10-01 10:13:36,14300.0,5000.0,746200.0
307,2021-10-01 10:13:04,14300.0,900.0,741200.0
308,2021-10-01 10:12:07,14300.0,100.0,740300.0
309,2021-10-01 10:12:07,14300.0,3600.0,740200.0
310,2021-10-01 10:11:58,14300.0,1000.0,736600.0
311,2021-10-01 10:11:21,14300.0,7300.0,735600.0
312,2021-10-01 10:11:14,14300.0,2000.0,728300.0
313,2021-10-01 10:11:14,14300.0,5000.0,726300.0
314,2021-10-01 10:11:12,14300.0,400.0,721300.0
315,2021-10-01 10:11:07,14300.0,100.0,720900.0
316,2021-10-01 10:11:01,14300.0,300.0,720800.0
317,2021-10-01 10:10:27,14300.0,300.0,720500.0
318,2021-10-01 10:09:55,14300.0,100.0,720200.0
319,2021-10-01 10:09:55,14300.0,100.0,720100.0
320,2021-10-01 10:09:39,14300.0,2000.0,720000.0
321,2021-10-01 10:09:28,14300.0,1000.0,718000.0
322,2021-10-01 10:09:21,14300.0,2000.0,717000.0
323,2021-10-01 10:09:21,14300.0,7400.0,715000.0
324,2021-10-01 10:09:21,14300.0,400.0,707600.0
325,2021-10-01 10:09:21,14300.0,500.0,707200.0
326,2021-10-01 10:09:21,14300.0,1600.0,706700.0
327,2021-10-01 10:08:31,14300.0,1400.0,705100.0
328,2021-10-01 10:08:31,14300.0,500.0,703700.0
329,2021-10-01 10:08:31,14300.0,500.0,703200.0
330,2021-10-01 10:08:31,14300.0,2000.0,702700.0
331,2021-10-01 10:08:31,14300.0,200.0,700700.0
332,2021-10-01 10:08:31,14300.0,1000.0,700500.0
333,2021-10-01 10:08:31,14300.0,300.0,699500.0
334,2021-10-01 10:08:31,14300.0,500.0,699200.0
335,2021-10-01 10:08:31,14300.0,100.0,698700.0
336,2021-10-01 10:08:31,14300.0,1000.0,698600.0
337,2021-10-01 10:08:31,14300.0,2500.0,697600.0
338,2021-10-01 10:08:19,14300.0,1000.0,695100.0
339,2021-10-01 10:06:54,14300.0,2800.0,694100.0
340,2021-10-01 10:06:54,14300.0,2200.0,691300.0
341,2021-10-01 10:05:58,14300.0,2500.0,689100.0
342,2021-10-01 10:05:58,14300.0,100.0,686600.0
343,2021-10-01 10:05:58,14300.0,400.0,686500.0
344,2021-10-01 10:05:37,14300.0,100.0,686100.0
345,2021-10-01 10:05:37,14300.0,1500.0,686000.0
346,2021-10-01 10:05:37,14300.0,1000.0,684500.0
347,2021-10-01 10:05:37,14300.0,2000.0,683500.0
348,2021-10-01 10:05:37,14300.0,100.0,681500.0
349,2021-10-01 10:05:37,14300.0,500.0,681400.0
350,2021-10-01 10:05:37,14300.0,100.0,680900.0
351,2021-10-01 10:05:37,14300.0,4700.0,680800.0
352,2021-10-01 10:04:30,14300.0,5000.0,676100.0
353,2021-10-01 10:04:03,14300.0,100.0,671100.0
354,2021-10-01 10:03:16,14300.0,4200.0,671000.0
355,2021-10-01 10:02:26,14300.0,600.0,666800.0
356,2021-10-01 10:02:09,14300.0,5400.0,666200.0
357,2021-10-01 10:02:09,14300.0,200.0,660800.0
358,2021-10-01 10:02:09,14300.0,1000.0,660600.0
359,2021-10-01 10:02:09,14300.0,100.0,659600.0
360,2021-10-01 10:02:09,14300.0,700.0,659500.0
361,2021-10-01 10:02:09,14300.0,400.0,658800.0
362,2021-10-01 10:02:09,14300.0,500.0,658400.0
363,2021-10-01 10:02:09,14300.0,400.0,657900.0
364,2021-10-01 10:02:09,14300.0,1000.0,657500.0
365,2021-10-01 10:02:09,14300.0,100.0,656500.0
366,2021-10-01 10:02:09,14300.0,200.0,656400.0
367,2021-10-01 10:02:02,14300.0,100.0,656200.0
368,2021-10-01 10:01:58,14300.0,200.0,656100.0
369,2021-10-01 10:01:58,14300.0,200.0,655900.0
370,2021-10-01 10:01:29,14300.0,600.0,655700.0
371,2021-10-01 10:01:29,14300.0,500.0,655100.0
372,2021-10-01 10:01:29,14300.0,400.0,654600.0
373,2021-10-01 10:01:29,14300.0,2000.0,654200.0
374,2021-10-01 10:01:29,14300.0,1500.0,652200.0
375,2021-10-01 10:01:27,14300.0,200.0,650700.0
376,2021-10-01 10:00:53,14300.0,200.0,650500.0
377,2021-10-01 10:00:43,14300.0,2000.0,650300.0
378,2021-10-01 10:00:41,14300.0,100.0,648300.0
379,2021-10-01 10:00:27,14300.0,3700.0,648200.0
380,2021-10-01 10:00:06,14300.0,10000.0,644500.0
381,2021-10-01 10:00:02,14300.0,1000.0,634500.0
382,2021-10-01 09:59:34,14300.0,1000.0,633500.0
383,2021-10-01 09:59:10,14300.0,300.0,632500.0
384,2021-10-01 09:59:10,14300.0,500.0,632200.0
385,2021-10-01 09:59:07,14300.0,500.0,631700.0
386,2021-10-01 09:59:05,14300.0,2000.0,631200.0
387,2021-10-01 09:59:05,14300.0,200.0,629200.0
388,2021-10-01 09:58:54,14300.0,400.0,629000.0
389,2021-10-01 09:58:52,14300.0,500.0,628600.0
390,2021-10-01 09:58:51,14300.0,5000.0,628100.0
391,2021-10-01 09:58:51,14300.0,100.0,623100.0
392,2021-10-01 09:58:51,14300.0,500.0,623000.0
393,2021-10-01 09:58:43,14300.0,100.0,622500.0
394,2021-10-01 09:58:43,14300.0,700.0,622400.0
395,2021-10-01 09:58:38,14300.0,300.0,621700.0
396,2021-10-01 09:58:38,14300.0,200.0,621400.0
397,2021-10-01 09:58:30,14300.0,300.0,621200.0
398,2021-10-01 09:58:30,14300.0,1200.0,620900.0
399,2021-10-01 09:58:28,14300.0,100.0,619700.0
400,2021-10-01 09:58:27,14300.0,200.0,619600.0
401,2021-10-01 09:58:27,14300.0,800.0,619400.0
402,2021-10-01 09:58:25,14300.0,1000.0,618600.0
403,2021-10-01 09:58:24,14300.0,200.0,617600.0
404,2021-10-01 09:58:24,14300.0,1000.0,617400.0
405,2021-10-01 09:58:24,14300.0,100.0,616400.0
406,2021-10-01 09:58:24,14300.0,700.0,616300.0
407,2021-10-01 09:58:24,14300.0,200.0,615600.0
408,2021-10-01 09:58:23,14300.0,100.0,615400.0
409,2021-10-01 09:58:23,14300.0,600.0,615300.0
410,2021-10-01 09:58:23,14300.0,300.0,614700.0
411,2021-10-01 09:58:22,14300.0,700.0,614400.0
412,2021-10-01 09:58:22,14300.0,100.0,613700.0
413,2021-10-01 09:58:18,14300.0,100.0,613600.0
414,2021-10-01 09:58:18,14300.0,400.0,613500.0
415,2021-10-01 09:58:18,14300.0,500.0,613100.0
416,2021-10-01 09:58:18,14300.0,100.0,612600.0
417,2021-10-01 09:58:18,14300.0,1000.0,612500.0
418,2021-10-01 09:58:18,14300.0,1000.0,611500.0
419,2021-10-01 09:58:18,14300.0,1000.0,610500.0
420,2021-10-01 09:58:18,14300.0,100.0,609500.0
421,2021-10-01 09:58:18,14300.0,300.0,609400.0
422,2021-10-01 09:58:18,14300.0,1000.0,609100.0
423,2021-10-01 09:58:16,14300.0,1000.0,608100.0
424,2021-10-01 09:58:16,14300.0,3000.0,607100.0
425,2021-10-01 09:58:16,14300.0,500.0,604100.0
426,2021-10-01 09:58:16,14300.0,400.0,603600.0
427,2021-10-01 09:58:16,14300.0,2500.0,603200.0
428,2021-10-01 09:58:16,14300.0,300.0,600700.0
429,2021-10-01 09:58:16,14300.0,300.0,600400.0
430,2021-10-01 09:58:16,14300.0,3800.0,600100.0
431,2021-10-01 09:58:16,14300.0,500.0,596300.0
432,2021-10-01 09:58:16,14300.0,200.0,595800.0
433,2021-10-01 09:58:16,14300.0,4200.0,595600.0
434,2021-10-01 09:58:11,14300.0,400.0,591400.0
435,2021-10-01 09:58:07,14300.0,100.0,591000.0
436,2021-10-01 09:58:04,14300.0,500.0,590900.0
437,2021-10-01 09:57:58,14300.0,100.0,590400.0
438,2021-10-01 09:57:54,14300.0,200.0,590300.0
439,2021-10-01 09:57:49,14300.0,100.0,590100.0
440,2021-10-01 09:57:47,14300.0,300.0,590000.0
441,2021-10-01 09:57:39,14300.0,1100.0,589700.0
442,2021-10-01 09:57:39,14300.0,1900.0,588600.0
443,2021-10-01 09:57:32,14300.0,500.0,586700.0
444,2021-10-01 09:57:30,14300.0,2000.0,586200.0
445,2021-10-01 09:57:28,14300.0,500.0,584200.0
446,2021-10-01 09:57:26,14300.0,5100.0,583700.0
447,2021-10-01 09:57:26,14300.0,400.0,578600.0
448,2021-10-01 09:57:26,14300.0,500.0,578200.0
449,2021-10-01 09:57:26,14300.0,400.0,577700.0
450,2021-10-01 09:57:26,14300.0,3600.0,577300.0
451,2021-10-01 09:57:14,14300.0,1400.0,573700.0
452,2021-10-01 09:57:14,14300.0,200.0,572300.0
453,2021-10-01 09:57:14,14300.0,1000.0,572100.0
454,2021-10-01 09:57:14,14300.0,400.0,571100.0
455,2021-10-01 09:57:12,14300.0,100.0,570700.0
456,2021-10-01 09:57:12,14300.0,1000.0,570600.0
457,2021-10-01 09:57:12,14300.0,900.0,569600.0
458,2021-10-01 09:57:06,14300.0,1000.0,568700.0
459,2021-10-01 09:56:55,14300.0,1000.0,567700.0
460,2021-10-01 09:56:47,14300.0,1000.0,566700.0
461,2021-10-01 09:56:37,14300.0,100.0,565700.0
462,2021-10-01 09:56:37,14300.0,200.0,565600.0
463,2021-10-01 09:56:37,14300.0,1100.0,565400.0
464,2021-10-01 09:56:37,14300.0,500.0,564300.0
465,2021-10-01 09:56:37,14300.0,500.0,563800.0
466,2021-10-01 09:56:37,14300.0,200.0,563300.0
467,2021-10-01 09:56:37,14300.0,1000.0,563100.0
468,2021-10-01 09:56:37,14300.0,400.0,562100.0
469,2021-10-01 09:56:37,14300.0,1200.0,561700.0
470,2021-10-01 09:56:34,14300.0,1800.0,560500.0
471,2021-10-01 09:56:34,14300.0,400.0,558700.0
472,2021-10-01 09:56:34,14300.0,100.0,558300.0
473,2021-10-01 09:56:34,14300.0,200.0,558200.0
474,2021-10-01 09:56:34,14300.0,300.0,558000.0
475,2021-10-01 09:56:34,14300.0,200.0,557700.0
476,2021-10-01 09:56:33,14300.0,500.0,557500.0
477,2021-10-01 09:56:33,14300.0,1500.0,557000.0
478,2021-10-01 09:56:19,14300.0,500.0,555500.0
479,2021-10-01 09:55:49,14300.0,600.0,555000.0
480,2021-10-01 09:55:49,14300.0,2400.0,554400.0
481,2021-10-01 09:55:37,14300.0,2000.0,552000.0
482,2021-10-01 09:55:30,14300.0,200.0,550000.0
483,2021-10-01 09:55:19,14300.0,4300.0,549800.0
484,2021-10-01 09:55:18,14300.0,1000.0,545500.0
485,2021-10-01 09:55:17,14300.0,100.0,544500.0
486,2021-10-01 09:55:17,14300.0,900.0,544400.0
487,2021-10-01 09:55:17,14300.0,100.0,543500.0
488,2021-10-01 09:55:13,14300.0,100.0,543400.0
489,2021-10-01 09:55:07,14300.0,200.0,543300.0
490,2021-10-01 09:55:07,14300.0,800.0,543100.0
491,2021-10-01 09:55:04,14300.0,100.0,542300.0
492,2021-10-01 09:54:55,14300.0,100.0,542200.0
493,2021-10-01 09:54:52,14300.0,1000.0,542100.0
494,2021-10-01 09:54:52,14300.0,1700.0,541100.0
495,2021-10-01 09:54:47,14300.0,100.0,539400.0
496,2021-10-01 09:54:41,14300.0,400.0,539300.0
497,2021-10-01 09:54:31,14300.0,1000.0,538900.0
498,2021-10-01 09:54:28,14300.0,1000.0,537900.0
499,2021-10-01 09:54:20,14300.0,700.0,536900.0
500,2021-10-01 09:54:15,14300.0,1000.0,536200.0
501,2021-10-01 09:54:08,14300.0,700.0,535200.0
502,2021-10-01 09:54:08,14300.0,100.0,534500.0
503,2021-10-01 09:54:00,14300.0,100.0,534400.0
504,2021-10-01 09:53:54,14300.0,500.0,534300.0
505,2021-10-01 09:53:48,14300.0,200.0,533800.0
506,2021-10-01 09:53:45,14300.0,900.0,533600.0
507,2021-10-01 09:53:42,14300.0,1000.0,532700.0
508,2021-10-01 09:53:30,14300.0,500.0,531700.0
509,2021-10-01 09:53:16,14200.0,500.0,531200.0
510,2021-10-01 09:53:16,14200.0,500.0,530700.0
511,2021-10-01 09:53:16,14200.0,200.0,530200.0
512,2021-10-01 09:53:16,14200.0,200.0,530000.0
513,2021-10-01 09:53:16,14200.0,500.0,529800.0
514,2021-10-01 09:53:16,14250.0,100.0,529300.0
515,2021-10-01 09:53:13,14300.0,100.0,529200.0
516,2021-10-01 09:53:13,14300.0,600.0,529100.0
517,2021-10-01 09:53:12,14300.0,1000.0,528500.0
518,2021-10-01 09:53:07,14300.0,500.0,527500.0
519,2021-10-01 09:53:06,14300.0,300.0,527000.0
520,2021-10-01 09:52:58,14300.0,100.0,526700.0
521,2021-10-01 09:52:37,14300.0,200.0,526600.0
522,2021-10-01 09:52:36,14250.0,100.0,526400.0
523,2021-10-01 09:51:48,14200.0,500.0,526300.0
524,2021-10-01 09:51:23,14300.0,1000.0,525800.0
525,2021-10-01 09:51:13,14300.0,500.0,524800.0
526,2021-10-01 09:51:12,14300.0,2000.0,524300.0
527,2021-10-01 09:51:11,14300.0,1300.0,522300.0
528,2021-10-01 09:51:09,14300.0,200.0,521000.0
529,2021-10-01 09:51:09,14300.0,200.0,520800.0
530,2021-10-01 09:51:09,14250.0,100.0,520600.0
531,2021-10-01 09:51:05,14250.0,3400.0,520500.0
532,2021-10-01 09:51:05,14250.0,29000.0,517100.0
533,2021-10-01 09:50:56,14300.0,100.0,488100.0
534,2021-10-01 09:50:56,14300.0,200.0,488000.0
535,2021-10-01 09:50:56,14300.0,700.0,487800.0
536,2021-10-01 09:50:52,14300.0,200.0,487100.0
537,2021-10-01 09:50:42,14300.0,300.0,486900.0
538,2021-10-01 09:50:41,14300.0,8800.0,486600.0
539,2021-10-01 09:50:41,14300.0,1800.0,477800.0
540,2021-10-01 09:50:41,14300.0,4000.0,476000.0
541,2021-10-01 09:50:41,14300.0,19500.0,472000.0
542,2021-10-01 09:50:41,14300.0,4600.0,452500.0
543,2021-10-01 09:50:41,14300.0,2000.0,447900.0
544,2021-10-01 09:50:41,14300.0,2000.0,445900.0
545,2021-10-01 09:50:41,14300.0,5000.0,443900.0
546,2021-10-01 09:50:41,14300.0,500.0,438900.0
547,2021-10-01 09:50:41,14300.0,1000.0,438400.0
548,2021-10-01 09:50:41,14300.0,100.0,437400.0
549,2021-10-01 09:50:41,14300.0,700.0,437300.0
550,2021-10-01 09:50:40,14250.0,500.0,436600.0
551,2021-10-01 09:50:12,14300.0,10000.0,436100.0
552,2021-10-01 09:50:00,14300.0,500.0,426100.0
553,2021-10-01 09:49:41,14250.0,200.0,425600.0
554,2021-10-01 09:49:41,14250.0,300.0,425400.0
555,2021-10-01 09:49:27,14250.0,200.0,425100.0
556,2021-10-01 09:49:27,14300.0,1000.0,424900.0
557,2021-10-01 09:49:22,14250.0,1000.0,423900.0
558,2021-10-01 09:49:07,14250.0,1000.0,422900.0
559,2021-10-01 09:49:07,14250.0,500.0,421900.0
560,2021-10-01 09:49:00,14250.0,15000.0,421400.0
561,2021-10-01 09:49:00,14250.0,1500.0,406400.0
562,2021-10-01 09:49:00,14250.0,800.0,404900.0
563,2021-10-01 09:48:56,14250.0,700.0,404100.0
564,2021-10-01 09:48:56,14250.0,300.0,403400.0
565,2021-10-01 09:48:39,14200.0,600.0,403100.0
566,2021-10-01 09:48:26,14250.0,200.0,402500.0
567,2021-10-01 09:48:26,14250.0,300.0,402300.0
568,2021-10-01 09:48:26,14250.0,1000.0,402000.0
569,2021-10-01 09:48:26,14250.0,1000.0,401000.0
570,2021-10-01 09:48:26,14250.0,500.0,400000.0
571,2021-10-01 09:48:24,14200.0,400.0,399500.0
572,2021-10-01 09:48:24,14200.0,100.0,399100.0
573,2021-10-01 09:48:24,14200.0,1000.0,399000.0
574,2021-10-01 09:48:24,14200.0,2000.0,398000.0
575,2021-10-01 09:48:24,14200.0,500.0,396000.0
576,2021-10-01 09:48:00,14250.0,200.0,395500.0
577,2021-10-01 09:48:00,14250.0,100.0,395300.0
578,2021-10-01 09:48:00,14250.0,200.0,395200.0
579,2021-10-01 09:47:49,14250.0,200.0,395000.0
580,2021-10-01 09:47:48,14250.0,2600.0,394800.0
581,2021-10-01 09:47:48,14250.0,700.0,392200.0
582,2021-10-01 09:47:42,14250.0,1000.0,391500.0
583,2021-10-01 09:47:31,14250.0,100.0,390500.0
584,2021-10-01 09:47:26,14250.0,100.0,390400.0
585,2021-10-01 09:47:19,14250.0,600.0,390300.0
586,2021-10-01 09:47:19,14250.0,2000.0,389700.0
587,2021-10-01 09:47:19,14250.0,300.0,387700.0
588,2021-10-01 09:47:19,14250.0,200.0,387400.0
589,2021-10-01 09:47:19,14250.0,200.0,387200.0
590,2021-10-01 09:47:19,14250.0,1000.0,387000.0
591,2021-10-01 09:47:19,14250.0,400.0,386000.0
592,2021-10-01 09:47:19,14250.0,2000.0,385600.0
593,2021-10-01 09:47:19,14250.0,500.0,383600.0
594,2021-10-01 09:47:19,14250.0,100.0,383100.0
595,2021-10-01 09:47:19,14250.0,1000.0,383000.0
596,2021-10-01 09:47:19,14250.0,200.0,382000.0
597,2021-10-01 09:47:19,14250.0,1000.0,381800.0
598,2021-10-01 09:47:06,14300.0,1000.0,380800.0
599,2021-10-01 09:46:59,14250.0,2000.0,379800.0
600,2021-10-01 09:46:40,14250.0,300.0,377800.0
601,2021-10-01 09:46:14,14300.0,1000.0,377500.0
602,2021-10-01 09:46:12,14250.0,600.0,376500.0
603,2021-10-01 09:46:08,14300.0,500.0,375900.0
604,2021-10-01 09:45:14,14300.0,1000.0,375400.0
605,2021-10-01 09:44:34,14300.0,1900.0,374400.0
606,2021-10-01 09:43:53,14300.0,1000.0,372500.0
607,2021-10-01 09:42:57,14300.0,1000.0,371500.0
608,2021-10-01 09:42:53,14250.0,500.0,370500.0
609,2021-10-01 09:42:40,14300.0,2000.0,370000.0
610,2021-10-01 09:42:29,14250.0,200.0,368000.0
611,2021-10-01 09:42:22,14250.0,600.0,367800.0
612,2021-10-01 09:42:22,14250.0,100.0,367200.0
613,2021-10-01 09:42:22,14250.0,500.0,367100.0
614,2021-10-01 09:42:22,14250.0,800.0,366600.0
615,2021-10-01 09:41:59,14300.0,1000.0,365800.0
616,2021-10-01 09:41:56,14300.0,3000.0,364800.0
617,2021-10-01 09:41:56,14300.0,1000.0,361800.0
618,2021-10-01 09:41:38,14250.0,500.0,360800.0
619,2021-10-01 09:41:31,14250.0,400.0,360300.0
620,2021-10-01 09:41:27,14300.0,2000.0,359900.0
621,2021-10-01 09:41:21,14250.0,300.0,357900.0
622,2021-10-01 09:40:30,14300.0,1000.0,357600.0
623,2021-10-01 09:40:28,14300.0,400.0,356600.0
624,2021-10-01 09:40:28,14300.0,100.0,356200.0
625,2021-10-01 09:40:24,14250.0,100.0,356100.0
626,2021-10-01 09:40:19,14250.0,1000.0,356000.0
627,2021-10-01 09:40:15,14250.0,300.0,355000.0
628,2021-10-01 09:40:12,14300.0,1000.0,354700.0
629,2021-10-01 09:40:03,14250.0,1000.0,353700.0
630,2021-10-01 09:39:59,14250.0,600.0,352700.0
631,2021-10-01 09:39:59,14250.0,1500.0,352100.0
632,2021-10-01 09:39:59,14250.0,1000.0,350600.0
633,2021-10-01 09:39:59,14250.0,100.0,349600.0
634,2021-10-01 09:39:59,14250.0,500.0,349500.0
635,2021-10-01 09:39:59,14250.0,5000.0,349000.0
636,2021-10-01 09:39:59,14250.0,300.0,344000.0
637,2021-10-01 09:39:34,14300.0,1000.0,343700.0
638,2021-10-01 09:39:34,14300.0,100.0,342700.0
639,2021-10-01 09:39:34,14300.0,100.0,342600.0
640,2021-10-01 09:39:25,14300.0,300.0,342500.0
641,2021-10-01 09:39:25,14300.0,200.0,342200.0
642,2021-10-01 09:39:25,14300.0,700.0,342000.0
643,2021-10-01 09:39:24,14300.0,300.0,341300.0
644,2021-10-01 09:39:24,14300.0,200.0,341000.0
645,2021-10-01 09:39:08,14300.0,900.0,340800.0
646,2021-10-01 09:38:49,14300.0,500.0,339900.0
647,2021-10-01 09:38:20,14250.0,500.0,339400.0
648,2021-10-01 09:38:14,14250.0,200.0,338900.0
649,2021-10-01 09:37:28,14300.0,400.0,338700.0
650,2021-10-01 09:37:28,14300.0,2000.0,338300.0
651,2021-10-01 09:37:28,14300.0,2800.0,336300.0
652,2021-10-01 09:37:23,14300.0,1000.0,333500.0
653,2021-10-01 09:37:20,14300.0,100.0,332500.0
654,2021-10-01 09:37:20,14300.0,100.0,332400.0
655,2021-10-01 09:37:20,14300.0,3800.0,332300.0
656,2021-10-01 09:37:10,14300.0,2000.0,328500.0
657,2021-10-01 09:37:04,14300.0,400.0,326500.0
658,2021-10-01 09:36:54,14300.0,4500.0,326100.0
659,2021-10-01 09:36:47,14300.0,300.0,321600.0
660,2021-10-01 09:36:40,14250.0,1300.0,321300.0
661,2021-10-01 09:36:38,14300.0,200.0,320000.0
662,2021-10-01 09:36:37,14300.0,10000.0,319800.0
663,2021-10-01 09:36:37,14300.0,1000.0,309800.0
664,2021-10-01 09:36:36,14300.0,2500.0,308800.0
665,2021-10-01 09:36:34,14300.0,900.0,306300.0
666,2021-10-01 09:36:31,14300.0,500.0,305400.0
667,2021-10-01 09:36:21,14300.0,3900.0,304900.0
668,2021-10-01 09:36:21,14300.0,500.0,301000.0
669,2021-10-01 09:36:21,14300.0,500.0,300500.0
670,2021-10-01 09:36:21,14300.0,100.0,300000.0
671,2021-10-01 09:36:21,14300.0,100.0,299900.0
672,2021-10-01 09:36:21,14300.0,500.0,299800.0
673,2021-10-01 09:36:21,14300.0,100.0,299300.0
674,2021-10-01 09:36:21,14300.0,100.0,299200.0
675,2021-10-01 09:36:21,14300.0,2800.0,299100.0
676,2021-10-01 09:36:21,14300.0,1400.0,296300.0
677,2021-10-01 09:35:59,14300.0,500.0,294900.0
678,2021-10-01 09:35:55,14300.0,100.0,294400.0
679,2021-10-01 09:35:37,14250.0,400.0,294300.0
680,2021-10-01 09:35:19,14300.0,1000.0,293900.0
681,2021-10-01 09:35:19,14300.0,200.0,292900.0
682,2021-10-01 09:35:19,14300.0,800.0,292700.0
683,2021-10-01 09:35:19,14300.0,200.0,291900.0
684,2021-10-01 09:35:19,14300.0,200.0,291700.0
685,2021-10-01 09:35:19,14300.0,100.0,291500.0
686,2021-10-01 09:34:50,14250.0,2000.0,291400.0
687,2021-10-01 09:34:46,14250.0,10000.0,289400.0
688,2021-10-01 09:34:46,14250.0,200.0,279400.0
689,2021-10-01 09:34:46,14250.0,10500.0,279200.0
690,2021-10-01 09:34:43,14250.0,500.0,268700.0
691,2021-10-01 09:34:36,14250.0,3700.0,268200.0
692,2021-10-01 09:34:36,14250.0,100.0,264500.0
693,2021-10-01 09:34:36,14250.0,1000.0,264400.0
694,2021-10-01 09:34:21,14200.0,100.0,263400.0
695,2021-10-01 09:34:16,14200.0,1000.0,263300.0
696,2021-10-01 09:34:16,14200.0,1000.0,262300.0
697,2021-10-01 09:34:16,14200.0,5000.0,261300.0
698,2021-10-01 09:34:16,14200.0,200.0,256300.0
699,2021-10-01 09:34:16,14200.0,100.0,256100.0
700,2021-10-01 09:34:16,14200.0,500.0,256000.0
701,2021-10-01 09:34:16,14200.0,300.0,255500.0
702,2021-10-01 09:34:16,14200.0,100.0,255200.0
703,2021-10-01 09:34:16,14200.0,100.0,255100.0
704,2021-10-01 09:34:16,14200.0,20000.0,255000.0
705,2021-10-01 09:34:16,14200.0,100.0,235000.0
706,2021-10-01 09:34:16,14200.0,3900.0,234900.0
707,2021-10-01 09:34:02,14200.0,1600.0,231000.0
708,2021-10-01 09:33:56,14200.0,900.0,229400.0
709,2021-10-01 09:33:54,14200.0,6000.0,228500.0
710,2021-10-01 09:33:47,14200.0,500.0,222500.0
711,2021-10-01 09:33:36,14200.0,100.0,222000.0
712,2021-10-01 09:33:22,14200.0,500.0,221900.0
713,2021-10-01 09:33:20,14200.0,5000.0,221400.0
714,2021-10-01 09:33:17,14200.0,1000.0,216400.0
715,2021-10-01 09:33:04,14200.0,100.0,215400.0
716,2021-10-01 09:32:58,14200.0,500.0,215300.0
717,2021-10-01 09:32:51,14200.0,9500.0,214800.0
718,2021-10-01 09:32:51,14150.0,5500.0,205300.0
719,2021-10-01 09:32:51,14150.0,500.0,199800.0
720,2021-10-01 09:32:38,14200.0,1000.0,199300.0
721,2021-10-01 09:32:18,14200.0,300.0,198300.0
722,2021-10-01 09:32:16,14200.0,10000.0,198000.0
723,2021-10-01 09:32:12,14200.0,2000.0,188000.0
724,2021-10-01 09:32:10,14200.0,1100.0,186000.0
725,2021-10-01 09:32:10,14150.0,900.0,184900.0
726,2021-10-01 09:32:02,14150.0,100.0,184000.0
727,2021-10-01 09:32:02,14150.0,400.0,183900.0
728,2021-10-01 09:32:02,14150.0,100.0,183500.0
729,2021-10-01 09:32:01,14200.0,3000.0,183400.0
730,2021-10-01 09:31:49,14200.0,1000.0,180400.0
731,2021-10-01 09:31:44,14150.0,500.0,179400.0
732,2021-10-01 09:31:42,14200.0,1500.0,178900.0
733,2021-10-01 09:31:42,14150.0,3600.0,177400.0
734,2021-10-01 09:31:37,14150.0,300.0,173800.0
735,2021-10-01 09:31:36,14150.0,5000.0,173500.0
736,2021-10-01 09:31:32,14150.0,200.0,168500.0
737,2021-10-01 09:31:24,14150.0,500.0,168300.0
738,2021-10-01 09:31:19,14150.0,400.0,167800.0
739,2021-10-01 09:31:08,14200.0,500.0,167400.0
740,2021-10-01 09:30:55,14150.0,2500.0,166900.0
741,2021-10-01 09:30:43,14150.0,500.0,164400.0
742,2021-10-01 09:30:43,14150.0,8000.0,163900.0
743,2021-10-01 09:30:43,14100.0,1500.0,155900.0
744,2021-10-01 09:30:37,14150.0,2000.0,154400.0
745,2021-10-01 09:30:37,14150.0,100.0,152400.0
746,2021-10-01 09:30:37,14100.0,600.0,152300.0
747,2021-10-01 09:30:25,14100.0,1000.0,151700.0
748,2021-10-01 09:30:19,14100.0,1000.0,150700.0
749,2021-10-01 09:30:19,14100.0,1000.0,149700.0
750,2021-10-01 09:30:19,14100.0,100.0,148700.0
751,2021-10-01 09:30:19,14100.0,400.0,148600.0
752,2021-10-01 09:30:14,14000.0,100.0,148200.0
753,2021-10-01 09:30:09,14000.0,100.0,148100.0
754,2021-10-01 09:30:09,14000.0,2000.0,148000.0
755,2021-10-01 09:30:09,14000.0,4200.0,146000.0
756,2021-10-01 09:30:06,14000.0,4500.0,141800.0
757,2021-10-01 09:30:06,13950.0,500.0,137300.0
758,2021-10-01 09:29:55,14000.0,10300.0,136800.0
759,2021-10-01 09:29:55,14000.0,1300.0,126500.0
760,2021-10-01 09:29:55,13900.0,500.0,125200.0
761,2021-10-01 09:29:55,13900.0,1500.0,124700.0
762,2021-10-01 09:29:34,13900.0,200.0,123200.0
763,2021-10-01 09:29:34,13900.0,2300.0,123000.0
764,2021-10-01 09:29:32,13950.0,500.0,120700.0
765,2021-10-01 09:29:30,13950.0,500.0,120200.0
766,2021-10-01 09:29:29,14000.0,3700.0,119700.0
767,2021-10-01 09:29:29,14000.0,100.0,116000.0
768,2021-10-01 09:29:29,14000.0,300.0,115900.0
769,2021-10-01 09:29:29,14000.0,400.0,115600.0
770,2021-10-01 09:29:09,13900.0,400.0,115200.0
771,2021-10-01 09:29:08,13950.0,2000.0,114800.0
772,2021-10-01 09:28:44,13900.0,100.0,112800.0
773,2021-10-01 09:28:44,13900.0,200.0,112700.0
774,2021-10-01 09:28:44,13900.0,10000.0,112500.0
775,2021-10-01 09:28:44,13900.0,500.0,102500.0
776,2021-10-01 09:28:44,13900.0,10000.0,102000.0
777,2021-10-01 09:28:44,13900.0,1000.0,92000.0
778,2021-10-01 09:28:44,13800.0,100.0,91000.0
779,2021-10-01 09:28:44,13800.0,400.0,90900.0
780,2021-10-01 09:28:34,13800.0,600.0,90500.0
781,2021-10-01 09:28:34,13800.0,500.0,89900.0
782,2021-10-01 09:28:34,13800.0,200.0,89400.0
783,2021-10-01 09:28:34,13800.0,100.0,89200.0
784,2021-10-01 09:28:34,13800.0,1600.0,89100.0
785,2021-10-01 09:28:34,13800.0,200.0,87500.0
786,2021-10-01 09:28:31,13800.0,500.0,87300.0
787,2021-10-01 09:28:18,13800.0,300.0,86800.0
788,2021-10-01 09:27:57,13800.0,500.0,86500.0
789,2021-10-01 09:27:43,13800.0,500.0,86000.0
790,2021-10-01 09:27:40,13800.0,200.0,85500.0
791,2021-10-01 09:27:30,13800.0,2000.0,85300.0
792,2021-10-01 09:27:30,13800.0,1000.0,83300.0
793,2021-10-01 09:27:19,13800.0,500.0,82300.0
794,2021-10-01 09:27:00,13800.0,1000.0,81800.0
795,2021-10-01 09:26:53,13800.0,100.0,80800.0
796,2021-10-01 09:26:53,13800.0,500.0,80700.0
797,2021-10-01 09:26:53,13800.0,1100.0,80200.0
798,2021-10-01 09:26:46,13800.0,900.0,79100.0
799,2021-10-01 09:26:31,13800.0,1900.0,78200.0
800,2021-10-01 09:26:31,13800.0,100.0,76300.0
801,2021-10-01 09:26:20,13650.0,10000.0,76200.0
802,2021-10-01 09:26:20,13600.0,5000.0,66200.0
803,2021-10-01 09:26:09,13600.0,5000.0,61200.0
804,2021-10-01 09:26:06,13600.0,1500.0,56200.0
805,2021-10-01 09:26:06,13600.0,1200.0,54700.0
806,2021-10-01 09:25:42,13600.0,300.0,53500.0
807,2021-10-01 09:25:37,13600.0,200.0,53200.0
808,2021-10-01 09:25:36,13600.0,100.0,53000.0
809,2021-10-01 09:25:35,13600.0,1100.0,52900.0
810,2021-10-01 09:25:00,13600.0,500.0,51800.0
811,2021-10-01 09:24:27,13600.0,400.0,51300.0
812,2021-10-01 09:24:27,13600.0,100.0,50900.0
813,2021-10-01 09:24:27,13600.0,200.0,50800.0
814,2021-10-01 09:24:27,13600.0,100.0,50600.0
815,2021-10-01 09:24:27,13600.0,1200.0,50500.0
816,2021-10-01 09:24:23,13550.0,10000.0,49300.0
817,2021-10-01 09:23:58,13550.0,1000.0,39300.0
818,2021-10-01 09:23:41,13600.0,2000.0,38300.0
819,2021-10-01 09:23:33,13600.0,3400.0,36300.0
820,2021-10-01 09:23:33,13550.0,1600.0,32900.0
821,2021-10-01 09:23:33,13550.0,5000.0,31300.0
822,2021-10-01 09:23:16,13550.0,500.0,26300.0
823,2021-10-01 09:22:45,13550.0,100.0,25800.0
824,2021-10-01 09:22:37,13550.0,500.0,25700.0
825,2021-10-01 09:22:26,13550.0,1300.0,25200.0
826,2021-10-01 09:22:12,13550.0,1000.0,23900.0
827,2021-10-01 09:22:02,13550.0,1600.0,22900.0
828,2021-10-01 09:21:58,13600.0,100.0,21300.0
829,2021-10-01 09:21:26,13600.0,100.0,21200.0
830,2021-10-01 09:21:04,13550.0,400.0,21100.0
831,2021-10-01 09:21:04,13550.0,100.0,20700.0
832,2021-10-01 09:21:04,13550.0,100.0,20600.0
833,2021-10-01 09:21:00,13600.0,100.0,20500.0
834,2021-10-01 09:20:32,13600.0,200.0,20400.0
835,2021-10-01 09:20:29,13600.0,2000.0,20200.0
836,2021-10-01 09:20:09,13550.0,1900.0,18200.0
837,2021-10-01 09:19:54,13550.0,100.0,16300.0
838,2021-10-01 09:19:46,13600.0,200.0,16200.0
839,2021-10-01 09:19:40,13600.0,500.0,16000.0
840,2021-10-01 09:19:31,13600.0,200.0,15500.0
841,2021-10-01 09:18:56,13500.0,100.0,15300.0
842,2021-10-01 09:18:17,13500.0,500.0,15200.0
843,2021-10-01 09:18:15,13500.0,9400.0,14700.0
844,2021-10-01 09:17:43,13400.0,900.0,5300.0
845,2021-10-01 09:16:01,13400.0,2000.0,4400.0
846,2021-10-01 09:15:53,13400.0,100.0,2400.0
847,2021-10-01 09:15:00,13400.0,100.0,2300.0
848,2021-10-01 09:15:00,13400.0,100.0,2200.0
849,2021-10-01 09:15:00,13400.0,100.0,2100.0
850,2021-10-01 09:15:00,13400.0,100.0,2000.0
851,2021-10-01 09:15:00,13400.0,1000.0,1900.0
852,2021-10-01 09:15:00,13400.0,900.0,900.0
