,Time,Price,Volume_per_trade,Volume
0,2021-10-17 07:45:01,24850.0,100.0,6997700.0
1,2021-10-17 07:45:01,24850.0,300.0,6997600.0
2,2021-10-17 07:45:01,24850.0,500.0,6997300.0
3,2021-10-17 07:45:01,24850.0,1000.0,6996800.0
4,2021-10-17 07:45:01,24850.0,5000.0,6995800.0
5,2021-10-17 07:45:01,24850.0,3900.0,6990800.0
6,2021-10-17 07:45:01,24850.0,4200.0,6986900.0
7,2021-10-17 07:45:01,24850.0,500.0,6982700.0
8,2021-10-17 07:45:01,24850.0,6000.0,6982200.0
9,2021-10-17 07:45:01,24850.0,3500.0,6976200.0
10,2021-10-17 07:45:01,24850.0,1500.0,6972700.0
11,2021-10-17 07:45:01,24850.0,2000.0,6971200.0
12,2021-10-17 07:45:01,24850.0,3500.0,6969200.0
13,2021-10-17 07:45:01,24850.0,6500.0,6965700.0
14,2021-10-17 07:45:01,24850.0,800.0,6959200.0
15,2021-10-17 07:45:01,24850.0,500.0,6958400.0
16,2021-10-17 07:45:01,24850.0,1200.0,6957900.0
17,2021-10-17 07:45:01,24850.0,500.0,6956700.0
18,2021-10-17 07:45:01,24850.0,1000.0,6956200.0
19,2021-10-17 07:45:01,24850.0,100.0,6955200.0
20,2021-10-17 07:45:01,24850.0,5000.0,6955100.0
21,2021-10-17 07:45:01,24850.0,200.0,6950100.0
22,2021-10-17 07:45:01,24850.0,200.0,6949900.0
23,2021-10-17 07:45:01,24850.0,400.0,6949700.0
24,2021-10-17 07:45:01,24850.0,1000.0,6949300.0
25,2021-10-17 07:45:01,24850.0,200.0,6948300.0
26,2021-10-17 07:45:01,24850.0,4800.0,6948100.0
27,2021-10-17 07:45:01,24850.0,2200.0,6943300.0
28,2021-10-17 07:45:01,24850.0,2800.0,6941100.0
29,2021-10-17 07:45:01,24850.0,1800.0,6938300.0
30,2021-10-17 07:45:01,24850.0,1000.0,6936500.0
31,2021-10-17 07:45:01,24850.0,1200.0,6935500.0
32,2021-10-17 07:45:01,24850.0,3000.0,6934300.0
33,2021-10-17 07:45:01,24850.0,800.0,6931300.0
34,2021-10-17 07:45:01,24850.0,1000.0,6930500.0
35,2021-10-17 07:45:01,24850.0,400.0,6929500.0
36,2021-10-17 07:45:01,24850.0,100.0,6929100.0
37,2021-10-17 07:45:01,24850.0,1000.0,6929000.0
38,2021-10-17 07:45:01,24850.0,2000.0,6928000.0
39,2021-10-17 07:45:01,24850.0,100.0,6926000.0
40,2021-10-17 07:45:01,24850.0,1800.0,6925900.0
41,2021-10-17 07:45:01,24850.0,200.0,6924100.0
42,2021-10-17 07:45:01,24850.0,500.0,6923900.0
43,2021-10-17 07:45:01,24850.0,500.0,6923400.0
44,2021-10-17 07:45:01,24850.0,4000.0,6922900.0
45,2021-10-17 07:45:01,24850.0,500.0,6918900.0
46,2021-10-17 07:45:01,24850.0,100.0,6918400.0
47,2021-10-17 07:45:01,24850.0,500.0,6918300.0
48,2021-10-17 07:45:01,24850.0,1000.0,6917800.0
49,2021-10-17 07:45:01,24850.0,3400.0,6916800.0
50,2021-10-17 07:45:01,24850.0,1600.0,6913400.0
51,2021-10-17 07:45:01,24850.0,2000.0,6911800.0
52,2021-10-17 07:45:01,24850.0,1400.0,6909800.0
53,2021-10-17 07:45:01,24850.0,600.0,6908400.0
54,2021-10-17 07:45:01,24850.0,100.0,6907800.0
55,2021-10-17 07:45:01,24850.0,100.0,6907700.0
56,2021-10-17 07:45:01,24850.0,1000.0,6907600.0
57,2021-10-17 07:45:01,24850.0,100.0,6906600.0
58,2021-10-17 07:45:01,24850.0,3100.0,6906500.0
59,2021-10-17 07:45:01,24850.0,400.0,6903400.0
60,2021-10-17 07:45:01,24850.0,1500.0,6903000.0
61,2021-10-17 07:45:01,24850.0,500.0,6901500.0
62,2021-10-17 07:45:01,24850.0,600.0,6901000.0
63,2021-10-17 07:45:01,24850.0,100.0,6900400.0
64,2021-10-17 07:45:01,24850.0,3800.0,6900300.0
65,2021-10-17 07:45:01,24850.0,9000.0,6896500.0
66,2021-10-17 07:45:01,24850.0,4000.0,6887500.0
67,2021-10-17 07:45:01,24850.0,200.0,6883500.0
68,2021-10-17 07:45:01,24850.0,1000.0,6883300.0
69,2021-10-17 07:45:01,24850.0,100.0,6882300.0
70,2021-10-17 07:45:01,24850.0,4900.0,6882200.0
71,2021-10-17 07:45:01,24850.0,100.0,6877300.0
72,2021-10-17 07:45:01,24850.0,200.0,6877200.0
73,2021-10-17 07:45:01,24850.0,200.0,6877000.0
74,2021-10-17 07:45:01,24850.0,5000.0,6876800.0
75,2021-10-17 07:45:01,24850.0,1000.0,6871800.0
76,2021-10-17 07:45:01,24850.0,500.0,6870800.0
77,2021-10-17 07:45:01,24850.0,1000.0,6870300.0
78,2021-10-17 07:45:01,24850.0,2000.0,6869300.0
79,2021-10-17 07:45:01,24850.0,500.0,6867300.0
80,2021-10-17 07:45:01,24850.0,200.0,6866800.0
81,2021-10-17 07:45:01,24850.0,1000.0,6866600.0
82,2021-10-17 07:45:01,24850.0,300.0,6865600.0
83,2021-10-17 07:29:53,24800.0,700.0,6865300.0
84,2021-10-17 07:29:33,24800.0,2000.0,6864600.0
85,2021-10-17 07:29:33,24800.0,6000.0,6862600.0
86,2021-10-17 07:29:33,24800.0,100.0,6856600.0
87,2021-10-17 07:29:33,24800.0,4000.0,6856500.0
88,2021-10-17 07:29:33,24800.0,1000.0,6852500.0
89,2021-10-17 07:29:33,24800.0,3000.0,6851500.0
90,2021-10-17 07:29:33,24800.0,500.0,6848500.0
91,2021-10-17 07:29:33,24800.0,2100.0,6848000.0
92,2021-10-17 07:29:32,24800.0,500.0,6845900.0
93,2021-10-17 07:29:32,24800.0,200.0,6845400.0
94,2021-10-17 07:29:30,24800.0,100.0,6845200.0
95,2021-10-17 07:29:29,24800.0,7500.0,6845100.0
96,2021-10-17 07:29:28,24800.0,1500.0,6837600.0
97,2021-10-17 07:29:26,24800.0,200.0,6836100.0
98,2021-10-17 07:29:25,24800.0,20000.0,6835900.0
99,2021-10-17 07:29:23,24750.0,5000.0,6815900.0
100,2021-10-17 07:29:22,24750.0,1500.0,6810900.0
101,2021-10-17 07:29:21,24800.0,17900.0,6809400.0
102,2021-10-17 07:29:21,24800.0,1000.0,6791500.0
103,2021-10-17 07:29:21,24800.0,200.0,6790500.0
104,2021-10-17 07:29:21,24800.0,500.0,6790300.0
105,2021-10-17 07:29:21,24800.0,400.0,6789800.0
106,2021-10-17 07:29:21,24800.0,100.0,6789400.0
107,2021-10-17 07:29:21,24800.0,800.0,6789300.0
108,2021-10-17 07:29:21,24800.0,100.0,6788500.0
109,2021-10-17 07:29:15,24800.0,400.0,6788400.0
110,2021-10-17 07:29:15,24800.0,1600.0,6788000.0
111,2021-10-17 07:29:12,24750.0,2400.0,6786400.0
112,2021-10-17 07:29:12,24750.0,200.0,6784000.0
113,2021-10-17 07:29:12,24750.0,500.0,6783800.0
114,2021-10-17 07:29:12,24750.0,100.0,6783300.0
115,2021-10-17 07:29:12,24750.0,100.0,6783200.0
116,2021-10-17 07:29:12,24750.0,100.0,6783100.0
117,2021-10-17 07:29:12,24750.0,4200.0,6783000.0
118,2021-10-17 07:29:11,24750.0,800.0,6778800.0
119,2021-10-17 07:29:11,24750.0,1200.0,6778000.0
120,2021-10-17 07:29:09,24800.0,600.0,6776800.0
121,2021-10-17 07:29:03,24800.0,200.0,6776200.0
122,2021-10-17 07:29:02,24800.0,200.0,6776000.0
123,2021-10-17 07:28:55,24800.0,300.0,6775800.0
124,2021-10-17 07:28:50,24750.0,2500.0,6775500.0
125,2021-10-17 07:28:47,24800.0,500.0,6773000.0
126,2021-10-17 07:28:47,24800.0,1000.0,6772500.0
127,2021-10-17 07:28:47,24800.0,1000.0,6771500.0
128,2021-10-17 07:28:44,24800.0,100.0,6770500.0
129,2021-10-17 07:28:40,24800.0,300.0,6770400.0
130,2021-10-17 07:28:32,24800.0,4200.0,6770100.0
131,2021-10-17 07:28:32,24800.0,800.0,6765900.0
132,2021-10-17 07:28:31,24800.0,100.0,6765100.0
133,2021-10-17 07:28:29,24800.0,1000.0,6765000.0
134,2021-10-17 07:28:17,24800.0,2000.0,6764000.0
135,2021-10-17 07:28:15,24750.0,10000.0,6762000.0
136,2021-10-17 07:28:14,24800.0,6100.0,6752000.0
137,2021-10-17 07:28:14,24800.0,500.0,6745900.0
138,2021-10-17 07:28:14,24800.0,1000.0,6745400.0
139,2021-10-17 07:28:14,24800.0,2000.0,6744400.0
140,2021-10-17 07:28:14,24800.0,2000.0,6742400.0
141,2021-10-17 07:28:14,24800.0,1800.0,6740400.0
142,2021-10-17 07:28:14,24800.0,600.0,6738600.0
143,2021-10-17 07:28:11,24800.0,100.0,6738000.0
144,2021-10-17 07:28:09,24750.0,5000.0,6737900.0
145,2021-10-17 07:28:04,24800.0,1300.0,6732900.0
146,2021-10-17 07:28:04,24800.0,1200.0,6731600.0
147,2021-10-17 07:28:04,24800.0,300.0,6730400.0
148,2021-10-17 07:28:04,24800.0,200.0,6730100.0
149,2021-10-17 07:27:48,24750.0,2000.0,6729900.0
150,2021-10-17 07:27:40,24750.0,1000.0,6727900.0
151,2021-10-17 07:27:31,24750.0,2300.0,6726900.0
152,2021-10-17 07:27:31,24750.0,7700.0,6724600.0
153,2021-10-17 07:27:29,24750.0,2300.0,6716900.0
154,2021-10-17 07:27:29,24750.0,200.0,6714600.0
155,2021-10-17 07:27:29,24750.0,200.0,6714400.0
156,2021-10-17 07:27:29,24750.0,2300.0,6714200.0
157,2021-10-17 07:27:28,24750.0,200.0,6711900.0
158,2021-10-17 07:27:25,24750.0,1800.0,6711700.0
159,2021-10-17 07:27:17,24750.0,700.0,6709900.0
160,2021-10-17 07:27:17,24750.0,300.0,6709200.0
161,2021-10-17 07:27:17,24750.0,2000.0,6708900.0
162,2021-10-17 07:27:06,24750.0,1000.0,6706900.0
163,2021-10-17 07:27:06,24750.0,400.0,6705900.0
164,2021-10-17 07:27:06,24750.0,100.0,6705500.0
165,2021-10-17 07:27:00,24750.0,100.0,6705400.0
166,2021-10-17 07:27:00,24750.0,2900.0,6705300.0
167,2021-10-17 07:26:58,24750.0,2100.0,6702400.0
168,2021-10-17 07:26:58,24750.0,100.0,6700300.0
169,2021-10-17 07:26:58,24750.0,3000.0,6700200.0
170,2021-10-17 07:26:58,24750.0,100.0,6697200.0
171,2021-10-17 07:26:58,24750.0,100.0,6697100.0
172,2021-10-17 07:26:58,24750.0,300.0,6697000.0
173,2021-10-17 07:26:58,24750.0,100.0,6696700.0
174,2021-10-17 07:26:58,24750.0,1000.0,6696600.0
175,2021-10-17 07:26:58,24750.0,3200.0,6695600.0
176,2021-10-17 07:26:39,24750.0,1800.0,6692400.0
177,2021-10-17 07:26:39,24750.0,1000.0,6690600.0
178,2021-10-17 07:26:39,24750.0,200.0,6689600.0
179,2021-10-17 07:26:39,24750.0,1000.0,6689400.0
180,2021-10-17 07:26:39,24750.0,100.0,6688400.0
181,2021-10-17 07:26:39,24750.0,500.0,6688300.0
182,2021-10-17 07:26:39,24750.0,400.0,6687800.0
183,2021-10-17 07:26:27,24750.0,3600.0,6687400.0
184,2021-10-17 07:26:27,24750.0,1000.0,6683800.0
185,2021-10-17 07:26:27,24750.0,1000.0,6682800.0
186,2021-10-17 07:26:27,24750.0,200.0,6681800.0
187,2021-10-17 07:26:27,24750.0,4000.0,6681600.0
188,2021-10-17 07:26:27,24750.0,1300.0,6677600.0
189,2021-10-17 07:26:27,24750.0,1300.0,6676300.0
190,2021-10-17 07:26:27,24750.0,5000.0,6675000.0
191,2021-10-17 07:26:27,24750.0,2600.0,6670000.0
192,2021-10-17 07:26:25,24750.0,1700.0,6667400.0
193,2021-10-17 07:26:08,24750.0,500.0,6665700.0
194,2021-10-17 07:26:05,24750.0,200.0,6665200.0
195,2021-10-17 07:26:05,24750.0,1800.0,6665000.0
196,2021-10-17 07:26:05,24750.0,1000.0,6663200.0
197,2021-10-17 07:26:05,24750.0,500.0,6662200.0
198,2021-10-17 07:26:05,24750.0,2000.0,6661700.0
199,2021-10-17 07:26:05,24750.0,14500.0,6659700.0
200,2021-10-17 07:26:04,24750.0,2500.0,6645200.0
201,2021-10-17 07:25:55,24750.0,1000.0,6642700.0
202,2021-10-17 07:25:48,24750.0,3000.0,6641700.0
203,2021-10-17 07:25:37,24750.0,200.0,6638700.0
204,2021-10-17 07:25:35,24750.0,3000.0,6638500.0
205,2021-10-17 07:25:34,24750.0,600.0,6635500.0
206,2021-10-17 07:25:32,24750.0,100.0,6634900.0
207,2021-10-17 07:25:25,24750.0,1600.0,6634800.0
208,2021-10-17 07:25:18,24750.0,500.0,6633200.0
209,2021-10-17 07:25:18,24750.0,600.0,6632700.0
210,2021-10-17 07:25:18,24750.0,900.0,6632100.0
211,2021-10-17 07:24:55,24750.0,100.0,6631200.0
212,2021-10-17 07:24:55,24750.0,400.0,6631100.0
213,2021-10-17 07:24:50,24800.0,300.0,6630700.0
214,2021-10-17 07:24:50,24800.0,100.0,6630400.0
215,2021-10-17 07:24:50,24800.0,100.0,6630300.0
216,2021-10-17 07:24:49,24750.0,500.0,6630200.0
217,2021-10-17 07:24:45,24750.0,6300.0,6629700.0
218,2021-10-17 07:24:45,24750.0,500.0,6623400.0
219,2021-10-17 07:24:40,24750.0,200.0,6622900.0
220,2021-10-17 07:24:35,24750.0,1000.0,6622700.0
221,2021-10-17 07:24:35,24750.0,100.0,6621700.0
222,2021-10-17 07:24:35,24750.0,200.0,6621600.0
223,2021-10-17 07:24:35,24750.0,200.0,6621400.0
224,2021-10-17 07:24:35,24750.0,400.0,6621200.0
225,2021-10-17 07:24:35,24750.0,200.0,6620800.0
226,2021-10-17 07:24:33,24750.0,3800.0,6620600.0
227,2021-10-17 07:24:33,24750.0,300.0,6616800.0
228,2021-10-17 07:24:33,24750.0,5900.0,6616500.0
229,2021-10-17 07:24:32,24750.0,1000.0,6610600.0
230,2021-10-17 07:24:32,24750.0,2000.0,6609600.0
231,2021-10-17 07:24:27,24750.0,100.0,6607600.0
232,2021-10-17 07:24:25,24700.0,4900.0,6607500.0
233,2021-10-17 07:24:17,24700.0,2000.0,6602600.0
234,2021-10-17 07:24:16,24700.0,100.0,6600600.0
235,2021-10-17 07:24:12,24700.0,900.0,6600500.0
236,2021-10-17 07:24:11,24700.0,1000.0,6599600.0
237,2021-10-17 07:24:07,24700.0,1000.0,6598600.0
238,2021-10-17 07:24:07,24700.0,1000.0,6597600.0
239,2021-10-17 07:24:07,24700.0,20000.0,6596600.0
240,2021-10-17 07:24:07,24700.0,100.0,6576600.0
241,2021-10-17 07:24:07,24700.0,2000.0,6576500.0
242,2021-10-17 07:24:07,24700.0,100.0,6574500.0
243,2021-10-17 07:24:07,24700.0,1000.0,6574400.0
244,2021-10-17 07:24:07,24700.0,100.0,6573400.0
245,2021-10-17 07:24:07,24700.0,6100.0,6573300.0
246,2021-10-17 07:24:03,24700.0,1000.0,6567200.0
247,2021-10-17 07:24:02,24650.0,5000.0,6566200.0
248,2021-10-17 07:23:58,24700.0,1000.0,6561200.0
249,2021-10-17 07:23:55,24700.0,3000.0,6560200.0
250,2021-10-17 07:23:50,24700.0,8900.0,6557200.0
251,2021-10-17 07:23:50,24700.0,300.0,6548300.0
252,2021-10-17 07:23:50,24700.0,2800.0,6548000.0
253,2021-10-17 07:23:49,24700.0,6200.0,6545200.0
254,2021-10-17 07:23:49,24700.0,3800.0,6539000.0
255,2021-10-17 07:23:48,24650.0,3000.0,6535200.0
256,2021-10-17 07:23:41,24700.0,500.0,6532200.0
257,2021-10-17 07:23:38,24650.0,1000.0,6531700.0
258,2021-10-17 07:23:30,24650.0,2500.0,6530700.0
259,2021-10-17 07:23:27,24650.0,2000.0,6528200.0
260,2021-10-17 07:23:23,24650.0,200.0,6526200.0
261,2021-10-17 07:23:20,24650.0,200.0,6526000.0
262,2021-10-17 07:23:14,24650.0,500.0,6525800.0
263,2021-10-17 07:23:13,24650.0,400.0,6525300.0
264,2021-10-17 07:23:13,24650.0,500.0,6524900.0
265,2021-10-17 07:23:13,24650.0,12600.0,6524400.0
266,2021-10-17 07:23:11,24650.0,800.0,6511800.0
267,2021-10-17 07:23:00,24650.0,200.0,6511000.0
268,2021-10-17 07:23:00,24650.0,2000.0,6510800.0
269,2021-10-17 07:22:58,24650.0,600.0,6508800.0
270,2021-10-17 07:22:55,24650.0,300.0,6508200.0
271,2021-10-17 07:22:52,24600.0,300.0,6507900.0
272,2021-10-17 07:22:52,24600.0,100.0,6507600.0
273,2021-10-17 07:22:52,24600.0,100.0,6507500.0
274,2021-10-17 07:22:52,24600.0,4500.0,6507400.0
275,2021-10-17 07:22:52,24650.0,1000.0,6502900.0
276,2021-10-17 07:22:52,24650.0,2500.0,6501900.0
277,2021-10-17 07:22:51,24650.0,2000.0,6499400.0
278,2021-10-17 07:22:51,24650.0,1300.0,6497400.0
279,2021-10-17 07:22:51,24650.0,1000.0,6496100.0
280,2021-10-17 07:22:51,24650.0,100.0,6495100.0
281,2021-10-17 07:22:51,24650.0,800.0,6495000.0
282,2021-10-17 07:22:51,24650.0,200.0,6494200.0
283,2021-10-17 07:22:51,24650.0,2100.0,6494000.0
284,2021-10-17 07:22:51,24650.0,1000.0,6491900.0
285,2021-10-17 07:22:49,24650.0,100.0,6490900.0
286,2021-10-17 07:22:48,24650.0,1000.0,6490800.0
287,2021-10-17 07:22:48,24650.0,2000.0,6489800.0
288,2021-10-17 07:22:47,24650.0,4000.0,6487800.0
289,2021-10-17 07:22:47,24650.0,1000.0,6483800.0
290,2021-10-17 07:22:47,24650.0,1000.0,6482800.0
291,2021-10-17 07:22:47,24650.0,400.0,6481800.0
292,2021-10-17 07:22:47,24650.0,100.0,6481400.0
293,2021-10-17 07:22:47,24650.0,2300.0,6481300.0
294,2021-10-17 07:22:47,24650.0,5000.0,6479000.0
295,2021-10-17 07:22:47,24650.0,6200.0,6474000.0
296,2021-10-17 07:22:47,24650.0,100.0,6467800.0
297,2021-10-17 07:22:41,24650.0,100.0,6467700.0
298,2021-10-17 07:22:40,24650.0,2000.0,6467600.0
299,2021-10-17 07:22:40,24600.0,3000.0,6465600.0
300,2021-10-17 07:22:32,24650.0,3000.0,6462600.0
301,2021-10-17 07:22:32,24650.0,200.0,6459600.0
302,2021-10-17 07:22:28,24650.0,100.0,6459400.0
303,2021-10-17 07:22:27,24600.0,2500.0,6459300.0
304,2021-10-17 07:22:27,24600.0,200.0,6456800.0
305,2021-10-17 07:22:27,24600.0,1000.0,6456600.0
306,2021-10-17 07:22:27,24600.0,1000.0,6455600.0
307,2021-10-17 07:22:27,24600.0,5300.0,6454600.0
308,2021-10-17 07:22:24,24650.0,2000.0,6449300.0
309,2021-10-17 07:22:22,24600.0,400.0,6447300.0
310,2021-10-17 07:22:20,24650.0,500.0,6446900.0
311,2021-10-17 07:22:16,24650.0,100.0,6446400.0
312,2021-10-17 07:22:06,24650.0,500.0,6446300.0
313,2021-10-17 07:22:05,24600.0,200.0,6445800.0
314,2021-10-17 07:22:04,24650.0,300.0,6445600.0
315,2021-10-17 07:21:59,24650.0,800.0,6445300.0
316,2021-10-17 07:21:56,24650.0,900.0,6444500.0
317,2021-10-17 07:21:50,24650.0,3400.0,6443600.0
318,2021-10-17 07:21:50,24650.0,700.0,6440200.0
319,2021-10-17 07:21:46,24650.0,300.0,6439500.0
320,2021-10-17 07:21:46,24650.0,1000.0,6439200.0
321,2021-10-17 07:21:39,24600.0,3400.0,6438200.0
322,2021-10-17 07:21:39,24650.0,500.0,6434800.0
323,2021-10-17 07:21:39,24650.0,100.0,6434300.0
324,2021-10-17 07:21:39,24650.0,1000.0,6434200.0
325,2021-10-17 07:21:38,24700.0,700.0,6433200.0
326,2021-10-17 07:21:38,24700.0,1000.0,6432500.0
327,2021-10-17 07:21:38,24700.0,300.0,6431500.0
328,2021-10-17 07:21:38,24650.0,200.0,6431200.0
329,2021-10-17 07:21:37,24650.0,1000.0,6431000.0
330,2021-10-17 07:21:36,24650.0,800.0,6430000.0
331,2021-10-17 07:21:36,24650.0,1000.0,6429200.0
332,2021-10-17 07:21:36,24650.0,100.0,6428200.0
333,2021-10-17 07:21:36,24650.0,200.0,6428100.0
334,2021-10-17 07:21:36,24650.0,100.0,6427900.0
335,2021-10-17 07:21:36,24650.0,100.0,6427800.0
336,2021-10-17 07:21:36,24650.0,2000.0,6427700.0
337,2021-10-17 07:21:36,24650.0,1200.0,6425700.0
338,2021-10-17 07:21:36,24650.0,200.0,6424500.0
339,2021-10-17 07:21:36,24650.0,200.0,6424300.0
340,2021-10-17 07:21:36,24650.0,400.0,6424100.0
341,2021-10-17 07:21:33,24650.0,100.0,6423700.0
342,2021-10-17 07:21:33,24650.0,1500.0,6423600.0
343,2021-10-17 07:21:33,24650.0,55200.0,6422100.0
344,2021-10-17 07:21:33,24650.0,4000.0,6366900.0
345,2021-10-17 07:21:33,24650.0,100.0,6362900.0
346,2021-10-17 07:21:33,24650.0,1000.0,6362800.0
347,2021-10-17 07:21:33,24650.0,100.0,6361800.0
348,2021-10-17 07:21:33,24650.0,400.0,6361700.0
349,2021-10-17 07:21:33,24650.0,100.0,6361300.0
350,2021-10-17 07:21:33,24650.0,100.0,6361200.0
351,2021-10-17 07:21:33,24650.0,37400.0,6361100.0
352,2021-10-17 07:21:32,24650.0,10000.0,6323700.0
353,2021-10-17 07:21:29,24650.0,2000.0,6313700.0
354,2021-10-17 07:21:27,24700.0,1700.0,6311700.0
355,2021-10-17 07:21:16,24700.0,200.0,6310000.0
356,2021-10-17 07:21:16,24700.0,1300.0,6309800.0
357,2021-10-17 07:21:15,24650.0,200.0,6308500.0
358,2021-10-17 07:21:07,24650.0,300.0,6308300.0
359,2021-10-17 07:21:06,24700.0,300.0,6308000.0
360,2021-10-17 07:20:57,24700.0,100.0,6307700.0
361,2021-10-17 07:20:55,24650.0,10000.0,6307600.0
362,2021-10-17 07:20:51,24650.0,20300.0,6297600.0
363,2021-10-17 07:20:50,24700.0,300.0,6277300.0
364,2021-10-17 07:20:50,24700.0,500.0,6277000.0
365,2021-10-17 07:20:44,24650.0,200.0,6276500.0
366,2021-10-17 07:20:42,24700.0,300.0,6276300.0
367,2021-10-17 07:20:42,24650.0,2000.0,6276000.0
368,2021-10-17 07:20:41,24650.0,3000.0,6274000.0
369,2021-10-17 07:20:32,24700.0,1300.0,6271000.0
370,2021-10-17 07:20:32,24700.0,800.0,6269700.0
371,2021-10-17 07:20:32,24700.0,200.0,6268900.0
372,2021-10-17 07:20:32,24700.0,3000.0,6268700.0
373,2021-10-17 07:20:32,24700.0,400.0,6265700.0
374,2021-10-17 07:20:32,24700.0,10000.0,6265300.0
375,2021-10-17 07:20:32,24700.0,500.0,6255300.0
376,2021-10-17 07:20:32,24700.0,10000.0,6254800.0
377,2021-10-17 07:20:32,24700.0,1000.0,6244800.0
378,2021-10-17 07:20:32,24700.0,5100.0,6243800.0
379,2021-10-17 07:20:31,24650.0,300.0,6238700.0
380,2021-10-17 07:20:26,24650.0,100.0,6238400.0
381,2021-10-17 07:20:25,24700.0,500.0,6238300.0
382,2021-10-17 07:20:23,24700.0,100.0,6237800.0
383,2021-10-17 07:20:21,24650.0,6200.0,6237700.0
384,2021-10-17 07:20:20,24650.0,8000.0,6231500.0
385,2021-10-17 07:20:20,24650.0,12000.0,6223500.0
386,2021-10-17 07:20:13,24700.0,700.0,6211500.0
387,2021-10-17 07:20:10,24700.0,100.0,6210800.0
388,2021-10-17 07:20:05,24700.0,500.0,6210700.0
389,2021-10-17 07:20:04,24700.0,3000.0,6210200.0
390,2021-10-17 07:20:04,24700.0,200.0,6207200.0
391,2021-10-17 07:20:04,24700.0,100.0,6207000.0
392,2021-10-17 07:20:04,24700.0,6700.0,6206900.0
393,2021-10-17 07:20:00,24650.0,4100.0,6200200.0
394,2021-10-17 07:19:56,24700.0,500.0,6196100.0
395,2021-10-17 07:19:53,24700.0,100.0,6195600.0
396,2021-10-17 07:19:52,24700.0,200.0,6195500.0
397,2021-10-17 07:19:49,24700.0,100.0,6195300.0
398,2021-10-17 07:19:47,24700.0,100.0,6195200.0
399,2021-10-17 07:19:44,24700.0,100.0,6195100.0
400,2021-10-17 07:19:43,24700.0,1000.0,6195000.0
401,2021-10-17 07:19:41,24650.0,6300.0,6194000.0
402,2021-10-17 07:19:39,24700.0,100.0,6187700.0
403,2021-10-17 07:19:36,24700.0,200.0,6187600.0
404,2021-10-17 07:19:33,24700.0,100.0,6187400.0
405,2021-10-17 07:19:33,24650.0,7600.0,6187300.0
406,2021-10-17 07:19:33,24650.0,4000.0,6179700.0
407,2021-10-17 07:19:33,24650.0,300.0,6175700.0
408,2021-10-17 07:19:33,24650.0,100.0,6175400.0
409,2021-10-17 07:19:29,24700.0,100.0,6175300.0
410,2021-10-17 07:19:29,24700.0,700.0,6175200.0
411,2021-10-17 07:19:27,24700.0,1300.0,6174500.0
412,2021-10-17 07:19:25,24650.0,100.0,6173200.0
413,2021-10-17 07:19:25,24650.0,100.0,6173100.0
414,2021-10-17 07:19:25,24650.0,1000.0,6173000.0
415,2021-10-17 07:19:25,24650.0,200.0,6172000.0
416,2021-10-17 07:19:25,24650.0,3000.0,6171800.0
417,2021-10-17 07:19:25,24650.0,1000.0,6168800.0
418,2021-10-17 07:19:25,24650.0,200.0,6167800.0
419,2021-10-17 07:19:25,24650.0,100.0,6167600.0
420,2021-10-17 07:19:25,24650.0,1000.0,6167500.0
421,2021-10-17 07:19:25,24650.0,1300.0,6166500.0
422,2021-10-17 07:19:24,24700.0,100.0,6165200.0
423,2021-10-17 07:19:23,24650.0,300.0,6165100.0
424,2021-10-17 07:19:22,24700.0,600.0,6164800.0
425,2021-10-17 07:19:22,24700.0,10000.0,6164200.0
426,2021-10-17 07:19:22,24700.0,9400.0,6154200.0
427,2021-10-17 07:19:21,24700.0,500.0,6144800.0
428,2021-10-17 07:19:18,24650.0,400.0,6144300.0
429,2021-10-17 07:19:18,24650.0,100.0,6143900.0
430,2021-10-17 07:19:18,24650.0,1000.0,6143800.0
431,2021-10-17 07:19:18,24650.0,100.0,6142800.0
432,2021-10-17 07:19:18,24650.0,500.0,6142700.0
433,2021-10-17 07:19:18,24650.0,1000.0,6142200.0
434,2021-10-17 07:19:18,24650.0,100.0,6141200.0
435,2021-10-17 07:19:18,24650.0,200.0,6141100.0
436,2021-10-17 07:19:18,24650.0,200.0,6140900.0
437,2021-10-17 07:19:18,24650.0,900.0,6140700.0
438,2021-10-17 07:19:18,24650.0,1800.0,6139800.0
439,2021-10-17 07:19:18,24700.0,100.0,6138000.0
440,2021-10-17 07:19:16,24700.0,900.0,6137900.0
441,2021-10-17 07:19:16,24650.0,100.0,6137000.0
442,2021-10-17 07:19:16,24700.0,1100.0,6136900.0
443,2021-10-17 07:19:16,24700.0,900.0,6135800.0
444,2021-10-17 07:19:14,24700.0,100.0,6134900.0
445,2021-10-17 07:19:13,24700.0,1000.0,6134800.0
446,2021-10-17 07:19:11,24700.0,900.0,6133800.0
447,2021-10-17 07:19:11,24700.0,1000.0,6132900.0
448,2021-10-17 07:19:11,24700.0,5000.0,6131900.0
449,2021-10-17 07:19:11,24700.0,1600.0,6126900.0
450,2021-10-17 07:19:11,24700.0,1500.0,6125300.0
451,2021-10-17 07:19:10,24700.0,500.0,6123800.0
452,2021-10-17 07:19:10,24700.0,900.0,6123300.0
453,2021-10-17 07:19:10,24700.0,600.0,6122400.0
454,2021-10-17 07:19:09,24700.0,600.0,6121800.0
455,2021-10-17 07:19:09,24700.0,1900.0,6121200.0
456,2021-10-17 07:19:07,24700.0,100.0,6119300.0
457,2021-10-17 07:19:07,24700.0,4100.0,6119200.0
458,2021-10-17 07:19:07,24700.0,800.0,6115100.0
459,2021-10-17 07:19:05,24700.0,1000.0,6114300.0
460,2021-10-17 07:19:04,24700.0,100.0,6113300.0
461,2021-10-17 07:19:04,24700.0,100.0,6113200.0
462,2021-10-17 07:19:01,24700.0,2000.0,6113100.0
463,2021-10-17 07:19:01,24700.0,5000.0,6111100.0
464,2021-10-17 07:19:00,24700.0,1000.0,6106100.0
465,2021-10-17 07:18:59,24700.0,1500.0,6105100.0
466,2021-10-17 07:18:57,24700.0,100.0,6103600.0
467,2021-10-17 07:18:54,24700.0,4000.0,6103500.0
468,2021-10-17 07:18:53,24700.0,300.0,6099500.0
469,2021-10-17 07:18:50,24650.0,600.0,6099200.0
470,2021-10-17 07:18:50,24650.0,100.0,6098600.0
471,2021-10-17 07:18:50,24650.0,400.0,6098500.0
472,2021-10-17 07:18:50,24650.0,100.0,6098100.0
473,2021-10-17 07:18:50,24650.0,100.0,6098000.0
474,2021-10-17 07:18:50,24650.0,200.0,6097900.0
475,2021-10-17 07:18:50,24650.0,3500.0,6097700.0
476,2021-10-17 07:18:49,24700.0,1500.0,6094200.0
477,2021-10-17 07:18:45,24700.0,2500.0,6092700.0
478,2021-10-17 07:18:43,24700.0,100.0,6090200.0
479,2021-10-17 07:18:43,24700.0,100.0,6090100.0
480,2021-10-17 07:18:38,24700.0,200.0,6090000.0
481,2021-10-17 07:18:36,24650.0,1000.0,6089800.0
482,2021-10-17 07:18:33,24700.0,200.0,6088800.0
483,2021-10-17 07:18:33,24700.0,300.0,6088600.0
484,2021-10-17 07:18:33,24700.0,1000.0,6088300.0
485,2021-10-17 07:18:33,24700.0,200.0,6087300.0
486,2021-10-17 07:18:33,24700.0,1300.0,6087100.0
487,2021-10-17 07:18:24,24700.0,300.0,6085800.0
488,2021-10-17 07:18:19,24700.0,200.0,6085500.0
489,2021-10-17 07:18:12,24700.0,300.0,6085300.0
490,2021-10-17 07:18:07,24700.0,100.0,6085000.0
491,2021-10-17 07:18:05,24700.0,2000.0,6084900.0
492,2021-10-17 07:18:04,24650.0,500.0,6082900.0
493,2021-10-17 07:18:04,24650.0,500.0,6082400.0
494,2021-10-17 07:18:04,24650.0,500.0,6081900.0
495,2021-10-17 07:18:04,24650.0,500.0,6081400.0
496,2021-10-17 07:18:04,24650.0,4300.0,6080900.0
497,2021-10-17 07:18:03,24700.0,200.0,6076600.0
498,2021-10-17 07:17:59,24650.0,200.0,6076400.0
499,2021-10-17 07:17:58,24700.0,500.0,6076200.0
500,2021-10-17 07:17:58,24650.0,500.0,6075700.0
501,2021-10-17 07:17:58,24650.0,1000.0,6075200.0
502,2021-10-17 07:17:58,24650.0,100.0,6074200.0
503,2021-10-17 07:17:58,24650.0,100.0,6074100.0
504,2021-10-17 07:17:58,24650.0,1000.0,6074000.0
505,2021-10-17 07:17:58,24650.0,800.0,6073000.0
506,2021-10-17 07:17:56,24700.0,100.0,6072200.0
507,2021-10-17 07:17:56,24700.0,900.0,6072100.0
508,2021-10-17 07:17:53,24700.0,1000.0,6071200.0
509,2021-10-17 07:17:49,24700.0,1000.0,6070200.0
510,2021-10-17 07:17:48,24700.0,800.0,6069200.0
511,2021-10-17 07:17:47,24700.0,2000.0,6068400.0
512,2021-10-17 07:17:44,24700.0,300.0,6066400.0
513,2021-10-17 07:17:40,24700.0,100.0,6066100.0
514,2021-10-17 07:17:39,24650.0,100.0,6066000.0
515,2021-10-17 07:17:38,24700.0,300.0,6065900.0
516,2021-10-17 07:17:35,24700.0,200.0,6065600.0
517,2021-10-17 07:17:33,24650.0,400.0,6065400.0
518,2021-10-17 07:17:33,24650.0,500.0,6065000.0
519,2021-10-17 07:17:33,24650.0,10000.0,6064500.0
520,2021-10-17 07:17:33,24650.0,200.0,6054500.0
521,2021-10-17 07:17:33,24650.0,300.0,6054300.0
522,2021-10-17 07:17:33,24650.0,5000.0,6054000.0
523,2021-10-17 07:17:33,24650.0,500.0,6049000.0
524,2021-10-17 07:17:33,24650.0,100.0,6048500.0
525,2021-10-17 07:17:33,24650.0,100.0,6048400.0
526,2021-10-17 07:17:33,24650.0,1000.0,6048300.0
527,2021-10-17 07:17:33,24650.0,1900.0,6047300.0
528,2021-10-17 07:17:32,24700.0,100.0,6045400.0
529,2021-10-17 07:17:32,24700.0,500.0,6045300.0
530,2021-10-17 07:17:32,24700.0,200.0,6044800.0
531,2021-10-17 07:17:32,24700.0,1000.0,6044600.0
532,2021-10-17 07:17:32,24700.0,200.0,6043600.0
533,2021-10-17 07:17:32,24700.0,800.0,6043400.0
534,2021-10-17 07:17:32,24700.0,100.0,6042600.0
535,2021-10-17 07:17:32,24700.0,100.0,6042500.0
536,2021-10-17 07:17:32,24700.0,400.0,6042400.0
537,2021-10-17 07:17:25,24750.0,1000.0,6042000.0
538,2021-10-17 07:17:23,24700.0,600.0,6041000.0
539,2021-10-17 07:17:23,24700.0,200.0,6040400.0
540,2021-10-17 07:17:23,24700.0,1000.0,6040200.0
541,2021-10-17 07:17:23,24700.0,200.0,6039200.0
542,2021-10-17 07:17:23,24700.0,100.0,6039000.0
543,2021-10-17 07:17:23,24700.0,100.0,6038900.0
544,2021-10-17 07:17:23,24700.0,1000.0,6038800.0
545,2021-10-17 07:17:23,24700.0,2000.0,6037800.0
546,2021-10-17 07:17:23,24700.0,400.0,6035800.0
547,2021-10-17 07:17:23,24700.0,1000.0,6035400.0
548,2021-10-17 07:17:23,24700.0,200.0,6034400.0
549,2021-10-17 07:17:23,24700.0,3200.0,6034200.0
550,2021-10-17 07:17:22,24700.0,1800.0,6031000.0
551,2021-10-17 07:17:22,24700.0,500.0,6029200.0
552,2021-10-17 07:17:22,24700.0,200.0,6028700.0
553,2021-10-17 07:17:22,24700.0,1000.0,6028500.0
554,2021-10-17 07:17:22,24700.0,200.0,6027500.0
555,2021-10-17 07:17:22,24700.0,500.0,6027300.0
556,2021-10-17 07:17:22,24700.0,800.0,6026800.0
557,2021-10-17 07:17:19,24750.0,2000.0,6026000.0
558,2021-10-17 07:17:18,24750.0,500.0,6024000.0
559,2021-10-17 07:17:17,24750.0,100.0,6023500.0
560,2021-10-17 07:17:16,24700.0,1200.0,6023400.0
561,2021-10-17 07:17:16,24700.0,5000.0,6022200.0
562,2021-10-17 07:17:16,24700.0,100.0,6017200.0
563,2021-10-17 07:17:16,24700.0,100.0,6017100.0
564,2021-10-17 07:17:16,24700.0,200.0,6017000.0
565,2021-10-17 07:17:16,24700.0,1000.0,6016800.0
566,2021-10-17 07:17:16,24700.0,300.0,6015800.0
567,2021-10-17 07:17:16,24700.0,100.0,6015500.0
568,2021-10-17 07:17:16,24700.0,1000.0,6015400.0
569,2021-10-17 07:17:14,24750.0,1000.0,6014400.0
570,2021-10-17 07:17:05,24750.0,200.0,6013400.0
571,2021-10-17 07:17:04,24750.0,100.0,6013200.0
572,2021-10-17 07:16:58,24750.0,1000.0,6013100.0
573,2021-10-17 07:16:58,24750.0,100.0,6012100.0
574,2021-10-17 07:16:58,24750.0,1000.0,6012000.0
575,2021-10-17 07:16:58,24750.0,300.0,6011000.0
576,2021-10-17 07:16:58,24750.0,1000.0,6010700.0
577,2021-10-17 07:16:58,24750.0,2700.0,6009700.0
578,2021-10-17 07:16:50,24750.0,100.0,6007000.0
579,2021-10-17 07:16:50,24750.0,300.0,6006900.0
580,2021-10-17 07:16:50,24750.0,4600.0,6006600.0
581,2021-10-17 07:16:43,24750.0,100.0,6002000.0
582,2021-10-17 07:16:40,24750.0,3300.0,6001900.0
583,2021-10-17 07:16:40,24750.0,2500.0,5998600.0
584,2021-10-17 07:16:38,24750.0,1000.0,5996100.0
585,2021-10-17 07:16:36,24750.0,100.0,5995100.0
586,2021-10-17 07:16:34,24750.0,100.0,5995000.0
587,2021-10-17 07:16:32,24750.0,200.0,5994900.0
588,2021-10-17 07:16:31,24750.0,3000.0,5994700.0
589,2021-10-17 07:16:28,24750.0,2800.0,5991700.0
590,2021-10-17 07:16:27,24750.0,300.0,5988900.0
591,2021-10-17 07:16:23,24750.0,1000.0,5988600.0
592,2021-10-17 07:16:23,24750.0,1400.0,5987600.0
593,2021-10-17 07:16:22,24750.0,600.0,5986200.0
594,2021-10-17 07:16:21,24750.0,1800.0,5985600.0
595,2021-10-17 07:16:17,24750.0,1000.0,5983800.0
596,2021-10-17 07:16:15,24750.0,3000.0,5982800.0
597,2021-10-17 07:16:15,24750.0,3600.0,5979800.0
598,2021-10-17 07:16:12,24750.0,3400.0,5976200.0
599,2021-10-17 07:16:08,24750.0,3000.0,5972800.0
600,2021-10-17 07:16:08,24750.0,1000.0,5969800.0
601,2021-10-17 07:16:06,24750.0,200.0,5968800.0
602,2021-10-17 07:16:05,24750.0,600.0,5968600.0
603,2021-10-17 07:15:58,24750.0,1000.0,5968000.0
604,2021-10-17 07:15:58,24750.0,1000.0,5967000.0
605,2021-10-17 07:15:57,24700.0,500.0,5966000.0
606,2021-10-17 07:15:54,24700.0,48500.0,5965500.0
607,2021-10-17 07:15:54,24700.0,500.0,5917000.0
608,2021-10-17 07:15:54,24700.0,1000.0,5916500.0
609,2021-10-17 07:15:44,24700.0,500.0,5915500.0
610,2021-10-17 07:15:44,24700.0,1500.0,5915000.0
611,2021-10-17 07:15:42,24700.0,100.0,5913500.0
612,2021-10-17 07:15:42,24700.0,2000.0,5913400.0
613,2021-10-17 07:15:41,24650.0,6300.0,5911400.0
614,2021-10-17 07:15:36,24700.0,2700.0,5905100.0
615,2021-10-17 07:15:36,24700.0,2300.0,5902400.0
616,2021-10-17 07:15:35,24650.0,500.0,5900100.0
617,2021-10-17 07:15:32,24700.0,100.0,5899600.0
618,2021-10-17 07:15:30,24650.0,1300.0,5899500.0
619,2021-10-17 07:15:30,24650.0,300.0,5898200.0
620,2021-10-17 07:15:30,24650.0,500.0,5897900.0
621,2021-10-17 07:15:30,24650.0,500.0,5897400.0
622,2021-10-17 07:15:30,24650.0,100.0,5896900.0
623,2021-10-17 07:15:30,24650.0,400.0,5896800.0
624,2021-10-17 07:15:30,24650.0,300.0,5896400.0
625,2021-10-17 07:15:30,24650.0,700.0,5896100.0
626,2021-10-17 07:15:30,24650.0,100.0,5895400.0
627,2021-10-17 07:15:30,24650.0,200.0,5895300.0
628,2021-10-17 07:15:30,24650.0,1500.0,5895100.0
629,2021-10-17 07:15:30,24650.0,100.0,5893600.0
630,2021-10-17 07:15:30,24700.0,100.0,5893500.0
631,2021-10-17 07:15:24,24700.0,600.0,5893400.0
632,2021-10-17 07:15:24,24700.0,100.0,5892800.0
633,2021-10-17 07:15:24,24750.0,1800.0,5892700.0
634,2021-10-17 07:15:21,24750.0,600.0,5890900.0
635,2021-10-17 07:15:18,24750.0,5000.0,5890300.0
636,2021-10-17 07:15:18,24750.0,2600.0,5885300.0
637,2021-10-17 07:15:12,24650.0,200.0,5882700.0
638,2021-10-17 07:15:12,24700.0,200.0,5882500.0
639,2021-10-17 07:15:12,24700.0,500.0,5882300.0
640,2021-10-17 07:15:12,24700.0,1000.0,5881800.0
641,2021-10-17 07:15:12,24700.0,100.0,5880800.0
642,2021-10-17 07:15:11,24750.0,2000.0,5880700.0
643,2021-10-17 07:15:07,24750.0,3400.0,5878700.0
644,2021-10-17 07:15:06,24750.0,500.0,5875300.0
645,2021-10-17 07:15:06,24750.0,400.0,5874800.0
646,2021-10-17 07:15:06,24750.0,1000.0,5874400.0
647,2021-10-17 07:15:06,24750.0,1000.0,5873400.0
648,2021-10-17 07:15:06,24750.0,1500.0,5872400.0
649,2021-10-17 07:15:06,24750.0,200.0,5870900.0
650,2021-10-17 07:15:04,24750.0,200.0,5870700.0
651,2021-10-17 07:14:52,24750.0,500.0,5870500.0
652,2021-10-17 07:14:49,24700.0,500.0,5870000.0
653,2021-10-17 07:14:47,24700.0,500.0,5869500.0
654,2021-10-17 07:14:43,24700.0,1000.0,5869000.0
655,2021-10-17 07:14:43,24650.0,200.0,5868000.0
656,2021-10-17 07:14:42,24650.0,1000.0,5867800.0
657,2021-10-17 07:14:40,24650.0,100.0,5866800.0
658,2021-10-17 07:14:40,24600.0,700.0,5866700.0
659,2021-10-17 07:14:40,24600.0,300.0,5866000.0
660,2021-10-17 07:14:37,24650.0,100.0,5865700.0
661,2021-10-17 07:14:34,24650.0,100.0,5865600.0
662,2021-10-17 07:14:33,24650.0,500.0,5865500.0
663,2021-10-17 07:14:31,24650.0,1000.0,5865000.0
664,2021-10-17 07:14:31,24650.0,1000.0,5864000.0
665,2021-10-17 07:14:31,24650.0,100.0,5863000.0
666,2021-10-17 07:14:31,24650.0,300.0,5862900.0
667,2021-10-17 07:14:31,24650.0,200.0,5862600.0
668,2021-10-17 07:14:31,24650.0,300.0,5862400.0
669,2021-10-17 07:14:31,24650.0,500.0,5862100.0
670,2021-10-17 07:14:31,24650.0,100.0,5861600.0
671,2021-10-17 07:14:31,24650.0,500.0,5861500.0
672,2021-10-17 07:14:31,24650.0,100.0,5861000.0
673,2021-10-17 07:14:31,24650.0,1000.0,5860900.0
674,2021-10-17 07:14:31,24650.0,500.0,5859900.0
675,2021-10-17 07:14:31,24650.0,10000.0,5859400.0
676,2021-10-17 07:14:31,24650.0,200.0,5849400.0
677,2021-10-17 07:14:31,24650.0,100.0,5849200.0
678,2021-10-17 07:14:31,24650.0,500.0,5849100.0
679,2021-10-17 07:14:31,24650.0,700.0,5848600.0
680,2021-10-17 07:14:31,24650.0,500.0,5847900.0
681,2021-10-17 07:14:31,24650.0,19300.0,5847400.0
682,2021-10-17 07:14:31,24650.0,100.0,5828100.0
683,2021-10-17 07:14:31,24650.0,2800.0,5828000.0
684,2021-10-17 07:14:31,24650.0,200.0,5825200.0
685,2021-10-17 07:14:31,24650.0,2000.0,5825000.0
686,2021-10-17 07:14:31,24650.0,100.0,5823000.0
687,2021-10-17 07:14:31,24650.0,5900.0,5822900.0
688,2021-10-17 07:14:30,24700.0,100.0,5817000.0
689,2021-10-17 07:14:28,24650.0,500.0,5816900.0
690,2021-10-17 07:14:27,24700.0,500.0,5816400.0
691,2021-10-17 07:14:26,24700.0,1000.0,5815900.0
692,2021-10-17 07:14:25,24700.0,200.0,5814900.0
693,2021-10-17 07:14:24,24700.0,1000.0,5814700.0
694,2021-10-17 07:14:24,24650.0,3600.0,5813700.0
695,2021-10-17 07:14:23,24700.0,700.0,5810100.0
696,2021-10-17 07:14:23,24700.0,100.0,5809400.0
697,2021-10-17 07:14:21,24700.0,1000.0,5809300.0
698,2021-10-17 07:14:21,24700.0,1000.0,5808300.0
699,2021-10-17 07:14:21,24700.0,100.0,5807300.0
700,2021-10-17 07:14:21,24700.0,100.0,5807200.0
701,2021-10-17 07:14:21,24700.0,500.0,5807100.0
702,2021-10-17 07:14:21,24700.0,300.0,5806600.0
703,2021-10-17 07:14:21,24700.0,1000.0,5806300.0
704,2021-10-17 07:14:21,24700.0,100.0,5805300.0
705,2021-10-17 07:14:21,24700.0,100.0,5805200.0
706,2021-10-17 07:14:21,24700.0,2000.0,5805100.0
707,2021-10-17 07:14:21,24700.0,2000.0,5803100.0
708,2021-10-17 07:14:21,24700.0,200.0,5801100.0
709,2021-10-17 07:14:21,24700.0,1000.0,5800900.0
710,2021-10-17 07:14:21,24700.0,100.0,5799900.0
711,2021-10-17 07:14:21,24700.0,1000.0,5799800.0
712,2021-10-17 07:14:21,24700.0,2000.0,5798800.0
713,2021-10-17 07:14:21,24700.0,200.0,5796800.0
714,2021-10-17 07:14:21,24700.0,2000.0,5796600.0
715,2021-10-17 07:14:21,24700.0,5000.0,5794600.0
716,2021-10-17 07:14:21,24700.0,100.0,5789600.0
717,2021-10-17 07:14:21,24700.0,500.0,5789500.0
718,2021-10-17 07:14:21,24700.0,200.0,5789000.0
719,2021-10-17 07:14:21,24700.0,1000.0,5788800.0
720,2021-10-17 07:14:21,24700.0,100.0,5787800.0
721,2021-10-17 07:14:21,24700.0,300.0,5787700.0
722,2021-10-17 07:14:21,24700.0,100.0,5787400.0
723,2021-10-17 07:14:21,24700.0,400.0,5787300.0
724,2021-10-17 07:14:21,24700.0,300.0,5786900.0
725,2021-10-17 07:14:21,24700.0,500.0,5786600.0
726,2021-10-17 07:14:21,24700.0,100.0,5786100.0
727,2021-10-17 07:14:21,24700.0,1000.0,5786000.0
728,2021-10-17 07:14:21,24700.0,1000.0,5785000.0
729,2021-10-17 07:14:21,24700.0,100.0,5784000.0
730,2021-10-17 07:14:14,24750.0,500.0,5783900.0
731,2021-10-17 07:14:09,24750.0,500.0,5783400.0
732,2021-10-17 07:14:05,24750.0,600.0,5782900.0
733,2021-10-17 07:14:01,24700.0,900.0,5782300.0
734,2021-10-17 07:14:01,24700.0,100.0,5781400.0
735,2021-10-17 07:14:01,24700.0,200.0,5781300.0
736,2021-10-17 07:14:01,24700.0,500.0,5781100.0
737,2021-10-17 07:14:01,24700.0,100.0,5780600.0
738,2021-10-17 07:14:00,24700.0,500.0,5780500.0
739,2021-10-17 07:14:00,24700.0,2000.0,5780000.0
740,2021-10-17 07:13:58,24750.0,10000.0,5778000.0
741,2021-10-17 07:13:57,24700.0,1000.0,5768000.0
742,2021-10-17 07:13:57,24700.0,2000.0,5767000.0
743,2021-10-17 07:13:57,24700.0,4300.0,5765000.0
744,2021-10-17 07:13:55,24700.0,500.0,5760700.0
745,2021-10-17 07:13:54,24700.0,5200.0,5760200.0
746,2021-10-17 07:13:54,24700.0,500.0,5755000.0
747,2021-10-17 07:13:54,24700.0,300.0,5754500.0
748,2021-10-17 07:13:54,24700.0,1000.0,5754200.0
749,2021-10-17 07:13:54,24700.0,600.0,5753200.0
750,2021-10-17 07:13:54,24700.0,200.0,5752600.0
751,2021-10-17 07:13:54,24700.0,200.0,5752400.0
752,2021-10-17 07:13:54,24700.0,100.0,5752200.0
753,2021-10-17 07:13:54,24700.0,500.0,5752100.0
754,2021-10-17 07:13:54,24700.0,200.0,5751600.0
755,2021-10-17 07:13:54,24700.0,1000.0,5751400.0
756,2021-10-17 07:13:54,24700.0,100.0,5750400.0
757,2021-10-17 07:13:54,24700.0,500.0,5750300.0
758,2021-10-17 07:13:54,24700.0,500.0,5749800.0
759,2021-10-17 07:13:54,24700.0,600.0,5749300.0
760,2021-10-17 07:13:54,24700.0,100.0,5748700.0
761,2021-10-17 07:13:54,24700.0,300.0,5748600.0
762,2021-10-17 07:13:54,24700.0,100.0,5748300.0
763,2021-10-17 07:13:54,24700.0,4000.0,5748200.0
764,2021-10-17 07:13:54,24700.0,3000.0,5744200.0
765,2021-10-17 07:13:54,24700.0,900.0,5741200.0
766,2021-10-17 07:13:54,24700.0,500.0,5740300.0
767,2021-10-17 07:13:54,24700.0,100.0,5739800.0
768,2021-10-17 07:13:54,24700.0,100.0,5739700.0
769,2021-10-17 07:13:54,24700.0,300.0,5739600.0
770,2021-10-17 07:13:54,24700.0,1000.0,5739300.0
771,2021-10-17 07:13:54,24700.0,500.0,5738300.0
772,2021-10-17 07:13:54,24700.0,3000.0,5737800.0
773,2021-10-17 07:13:54,24700.0,200.0,5734800.0
774,2021-10-17 07:13:54,24700.0,200.0,5734600.0
775,2021-10-17 07:13:54,24700.0,100.0,5734400.0
776,2021-10-17 07:13:54,24700.0,1000.0,5734300.0
777,2021-10-17 07:13:54,24700.0,1000.0,5733300.0
778,2021-10-17 07:13:54,24700.0,200.0,5732300.0
779,2021-10-17 07:13:54,24700.0,300.0,5732100.0
780,2021-10-17 07:13:54,24700.0,1000.0,5731800.0
781,2021-10-17 07:13:54,24700.0,300.0,5730800.0
782,2021-10-17 07:13:54,24700.0,10000.0,5730500.0
783,2021-10-17 07:13:54,24700.0,300.0,5720500.0
784,2021-10-17 07:13:52,24750.0,500.0,5720200.0
785,2021-10-17 07:13:51,24700.0,300.0,5719700.0
786,2021-10-17 07:13:50,24700.0,2000.0,5719400.0
787,2021-10-17 07:13:42,24700.0,15000.0,5717400.0
788,2021-10-17 07:13:42,24750.0,400.0,5702400.0
789,2021-10-17 07:13:41,24700.0,700.0,5702000.0
790,2021-10-17 07:13:37,24750.0,100.0,5701300.0
791,2021-10-17 07:13:37,24700.0,100.0,5701200.0
792,2021-10-17 07:13:34,24750.0,100.0,5701100.0
793,2021-10-17 07:13:23,24700.0,1000.0,5701000.0
794,2021-10-17 07:13:21,24750.0,100.0,5700000.0
795,2021-10-17 07:13:17,24700.0,500.0,5699900.0
796,2021-10-17 07:13:16,24700.0,100.0,5699400.0
797,2021-10-17 07:13:16,24700.0,200.0,5699300.0
798,2021-10-17 07:13:15,24750.0,500.0,5699100.0
799,2021-10-17 07:13:15,24750.0,7800.0,5698600.0
800,2021-10-17 07:13:15,24750.0,2200.0,5690800.0
801,2021-10-17 07:13:14,24750.0,2000.0,5688600.0
802,2021-10-17 07:13:14,24700.0,2000.0,5686600.0
803,2021-10-17 07:13:13,24750.0,2100.0,5684600.0
804,2021-10-17 07:13:13,24750.0,900.0,5682500.0
805,2021-10-17 07:13:08,24750.0,100.0,5681600.0
806,2021-10-17 07:13:07,24750.0,700.0,5681500.0
807,2021-10-17 07:13:07,24750.0,200.0,5680800.0
808,2021-10-17 07:13:07,24750.0,100.0,5680600.0
809,2021-10-17 07:13:05,24750.0,400.0,5680500.0
810,2021-10-17 07:13:05,24750.0,300.0,5680100.0
811,2021-10-17 07:13:05,24750.0,200.0,5679800.0
812,2021-10-17 07:13:05,24750.0,100.0,5679600.0
813,2021-10-17 07:12:59,24750.0,1000.0,5679500.0
814,2021-10-17 07:12:57,24750.0,100.0,5678500.0
815,2021-10-17 07:12:55,24750.0,100.0,5678400.0
816,2021-10-17 07:12:55,24750.0,100.0,5678300.0
817,2021-10-17 07:12:55,24750.0,100.0,5678200.0
818,2021-10-17 07:12:55,24750.0,300.0,5678100.0
819,2021-10-17 07:12:55,24750.0,400.0,5677800.0
820,2021-10-17 07:12:53,24750.0,4600.0,5677400.0
821,2021-10-17 07:12:53,24750.0,200.0,5672800.0
822,2021-10-17 07:12:53,24750.0,200.0,5672600.0
823,2021-10-17 07:12:53,24750.0,500.0,5672400.0
824,2021-10-17 07:12:53,24750.0,300.0,5671900.0
825,2021-10-17 07:12:53,24750.0,200.0,5671600.0
826,2021-10-17 07:12:53,24750.0,300.0,5671400.0
827,2021-10-17 07:12:44,24750.0,9700.0,5671100.0
828,2021-10-17 07:12:44,24750.0,100.0,5661400.0
829,2021-10-17 07:12:44,24750.0,200.0,5661300.0
830,2021-10-17 07:12:32,24800.0,1000.0,5661100.0
831,2021-10-17 07:12:27,24750.0,500.0,5660100.0
832,2021-10-17 07:12:27,24750.0,3000.0,5659600.0
833,2021-10-17 07:12:27,24750.0,100.0,5656600.0
834,2021-10-17 07:12:27,24750.0,200.0,5656500.0
835,2021-10-17 07:12:27,24750.0,200.0,5656300.0
836,2021-10-17 07:12:27,24750.0,500.0,5656100.0
837,2021-10-17 07:12:27,24750.0,500.0,5655600.0
838,2021-10-17 07:12:22,24800.0,700.0,5655100.0
839,2021-10-17 07:12:22,24800.0,300.0,5654400.0
840,2021-10-17 07:12:18,24750.0,200.0,5654100.0
841,2021-10-17 07:12:12,24800.0,100.0,5653900.0
842,2021-10-17 07:12:12,24800.0,100.0,5653800.0
843,2021-10-17 07:12:12,24800.0,2000.0,5653700.0
844,2021-10-17 07:12:08,24800.0,200.0,5651700.0
845,2021-10-17 07:12:08,24800.0,600.0,5651500.0
846,2021-10-17 07:12:08,24800.0,10000.0,5650900.0
847,2021-10-17 07:12:08,24800.0,16700.0,5640900.0
848,2021-10-17 07:12:07,24800.0,3300.0,5624200.0
849,2021-10-17 07:12:07,24800.0,1100.0,5620900.0
850,2021-10-17 07:12:07,24800.0,100.0,5619800.0
851,2021-10-17 07:12:07,24800.0,300.0,5619700.0
852,2021-10-17 07:12:07,24800.0,200.0,5619400.0
853,2021-10-17 07:12:07,24800.0,1000.0,5619200.0
854,2021-10-17 07:12:07,24800.0,100.0,5618200.0
855,2021-10-17 07:12:07,24800.0,100.0,5618100.0
856,2021-10-17 07:12:07,24800.0,3000.0,5618000.0
857,2021-10-17 07:12:07,24800.0,500.0,5615000.0
858,2021-10-17 07:12:07,24800.0,200.0,5614500.0
859,2021-10-17 07:12:07,24800.0,400.0,5614300.0
860,2021-10-17 07:12:07,24800.0,500.0,5613900.0
861,2021-10-17 07:12:07,24800.0,100.0,5613400.0
862,2021-10-17 07:12:07,24800.0,100.0,5613300.0
863,2021-10-17 07:12:07,24800.0,4000.0,5613200.0
864,2021-10-17 07:12:07,24800.0,500.0,5609200.0
865,2021-10-17 07:12:07,24800.0,200.0,5608700.0
866,2021-10-17 07:12:07,24800.0,400.0,5608500.0
867,2021-10-17 07:12:07,24800.0,300.0,5608100.0
868,2021-10-17 07:12:07,24800.0,500.0,5607800.0
869,2021-10-17 07:12:07,24800.0,300.0,5607300.0
870,2021-10-17 07:12:07,24800.0,900.0,5607000.0
871,2021-10-17 07:12:07,24800.0,100.0,5606100.0
872,2021-10-17 07:12:07,24800.0,200.0,5606000.0
873,2021-10-17 07:12:07,24800.0,1500.0,5605800.0
874,2021-10-17 07:12:07,24800.0,100.0,5604300.0
875,2021-10-17 07:12:07,24800.0,500.0,5604200.0
876,2021-10-17 07:12:07,24800.0,500.0,5603700.0
877,2021-10-17 07:12:07,24800.0,1000.0,5603200.0
878,2021-10-17 07:12:07,24800.0,100.0,5602200.0
879,2021-10-17 07:12:07,24800.0,100.0,5602100.0
880,2021-10-17 07:12:07,24800.0,200.0,5602000.0
881,2021-10-17 07:12:07,24800.0,200.0,5601800.0
882,2021-10-17 07:12:07,24800.0,500.0,5601600.0
883,2021-10-17 07:12:07,24800.0,2000.0,5601100.0
884,2021-10-17 07:12:07,24800.0,1000.0,5599100.0
885,2021-10-17 07:12:07,24800.0,100.0,5598100.0
886,2021-10-17 07:12:07,24800.0,4100.0,5598000.0
887,2021-10-17 07:12:07,24800.0,600.0,5593900.0
888,2021-10-17 07:11:59,24850.0,300.0,5593300.0
889,2021-10-17 07:11:59,24850.0,22600.0,5593000.0
890,2021-10-17 07:11:59,24850.0,5000.0,5570400.0
891,2021-10-17 07:11:59,24850.0,2100.0,5565400.0
892,2021-10-17 07:11:58,24850.0,100.0,5563300.0
893,2021-10-17 07:11:54,24800.0,300.0,5563200.0
894,2021-10-17 07:11:54,24800.0,500.0,5562900.0
895,2021-10-17 07:11:54,24800.0,1000.0,5562400.0
896,2021-10-17 07:11:54,24800.0,100.0,5561400.0
897,2021-10-17 07:11:54,24800.0,1000.0,5561300.0
898,2021-10-17 07:11:54,24800.0,400.0,5560300.0
899,2021-10-17 07:11:54,24800.0,500.0,5559900.0
900,2021-10-17 07:11:54,24800.0,100.0,5559400.0
901,2021-10-17 07:11:54,24800.0,100.0,5559300.0
902,2021-10-17 07:11:54,24800.0,1000.0,5559200.0
903,2021-10-17 07:11:54,24800.0,1000.0,5558200.0
904,2021-10-17 07:11:54,24800.0,1700.0,5557200.0
905,2021-10-17 07:11:54,24800.0,800.0,5555500.0
906,2021-10-17 07:11:54,24800.0,100.0,5554700.0
907,2021-10-17 07:11:54,24800.0,1000.0,5554600.0
908,2021-10-17 07:11:54,24800.0,100.0,5553600.0
909,2021-10-17 07:11:54,24800.0,200.0,5553500.0
910,2021-10-17 07:11:54,24800.0,500.0,5553300.0
911,2021-10-17 07:11:54,24800.0,1000.0,5552800.0
912,2021-10-17 07:11:54,24800.0,1000.0,5551800.0
913,2021-10-17 07:11:54,24800.0,1000.0,5550800.0
914,2021-10-17 07:11:54,24800.0,5000.0,5549800.0
915,2021-10-17 07:11:54,24800.0,1000.0,5544800.0
916,2021-10-17 07:11:54,24800.0,1000.0,5543800.0
917,2021-10-17 07:11:54,24800.0,500.0,5542800.0
918,2021-10-17 07:11:54,24800.0,500.0,5542300.0
919,2021-10-17 07:11:54,24800.0,500.0,5541800.0
920,2021-10-17 07:11:54,24800.0,3000.0,5541300.0
921,2021-10-17 07:11:54,24800.0,1000.0,5538300.0
922,2021-10-17 07:11:54,24800.0,100.0,5537300.0
923,2021-10-17 07:11:54,24800.0,1000.0,5537200.0
924,2021-10-17 07:11:54,24800.0,100.0,5536200.0
925,2021-10-17 07:11:54,24800.0,100.0,5536100.0
926,2021-10-17 07:11:54,24800.0,100.0,5536000.0
927,2021-10-17 07:11:54,24800.0,1000.0,5535900.0
928,2021-10-17 07:11:54,24800.0,700.0,5534900.0
929,2021-10-17 07:11:54,24800.0,700.0,5534200.0
930,2021-10-17 07:11:54,24800.0,3000.0,5533500.0
931,2021-10-17 07:11:54,24800.0,10000.0,5530500.0
932,2021-10-17 07:11:54,24800.0,200.0,5520500.0
933,2021-10-17 07:11:54,24800.0,300.0,5520300.0
934,2021-10-17 07:11:54,24800.0,100.0,5520000.0
935,2021-10-17 07:11:54,24800.0,200.0,5519900.0
936,2021-10-17 07:11:54,24800.0,800.0,5519700.0
937,2021-10-17 07:11:54,24800.0,100.0,5518900.0
938,2021-10-17 07:11:54,24800.0,100.0,5518800.0
939,2021-10-17 07:11:54,24800.0,100.0,5518700.0
940,2021-10-17 07:11:54,24800.0,500.0,5518600.0
941,2021-10-17 07:11:54,24800.0,300.0,5518100.0
942,2021-10-17 07:11:54,24800.0,1000.0,5517800.0
943,2021-10-17 07:11:54,24800.0,200.0,5516800.0
944,2021-10-17 07:11:54,24800.0,1000.0,5516600.0
945,2021-10-17 07:11:54,24800.0,300.0,5515600.0
946,2021-10-17 07:11:54,24800.0,100.0,5515300.0
947,2021-10-17 07:11:54,24800.0,200.0,5515200.0
948,2021-10-17 07:11:54,24800.0,100.0,5515000.0
949,2021-10-17 07:11:54,24800.0,200.0,5514900.0
950,2021-10-17 07:11:54,24800.0,4000.0,5514700.0
951,2021-10-17 07:11:54,24800.0,200.0,5510700.0
952,2021-10-17 07:11:54,24800.0,100.0,5510500.0
953,2021-10-17 07:11:54,24800.0,1000.0,5510400.0
954,2021-10-17 07:11:54,24800.0,100.0,5509400.0
955,2021-10-17 07:11:54,24800.0,1000.0,5509300.0
956,2021-10-17 07:11:54,24800.0,100.0,5508300.0
957,2021-10-17 07:11:54,24800.0,1000.0,5508200.0
958,2021-10-17 07:11:54,24800.0,100.0,5507200.0
959,2021-10-17 07:11:54,24800.0,5000.0,5507100.0
960,2021-10-17 07:11:54,24800.0,500.0,5502100.0
961,2021-10-17 07:11:54,24800.0,100.0,5501600.0
962,2021-10-17 07:11:54,24800.0,100.0,5501500.0
963,2021-10-17 07:11:54,24800.0,100.0,5501400.0
964,2021-10-17 07:11:54,24800.0,100.0,5501300.0
965,2021-10-17 07:11:54,24800.0,3000.0,5501200.0
966,2021-10-17 07:11:54,24800.0,100.0,5498200.0
967,2021-10-17 07:11:54,24800.0,200.0,5498100.0
968,2021-10-17 07:11:54,24800.0,100.0,5497900.0
969,2021-10-17 07:11:54,24800.0,100.0,5497800.0
970,2021-10-17 07:11:54,24800.0,100.0,5497700.0
971,2021-10-17 07:11:54,24800.0,2000.0,5497600.0
972,2021-10-17 07:11:54,24800.0,700.0,5495600.0
973,2021-10-17 07:11:54,24800.0,300.0,5494900.0
974,2021-10-17 07:11:54,24800.0,1000.0,5494600.0
975,2021-10-17 07:11:54,24800.0,100.0,5493600.0
976,2021-10-17 07:11:54,24800.0,100.0,5493500.0
977,2021-10-17 07:11:54,24800.0,200.0,5493400.0
978,2021-10-17 07:11:54,24800.0,1000.0,5493200.0
979,2021-10-17 07:11:54,24800.0,2000.0,5492200.0
980,2021-10-17 07:11:54,24800.0,100.0,5490200.0
981,2021-10-17 07:11:54,24800.0,300.0,5490100.0
982,2021-10-17 07:11:54,24800.0,100.0,5489800.0
983,2021-10-17 07:11:54,24800.0,200.0,5489700.0
984,2021-10-17 07:11:54,24800.0,2000.0,5489500.0
985,2021-10-17 07:11:54,24800.0,1000.0,5487500.0
986,2021-10-17 07:11:54,24800.0,100.0,5486500.0
987,2021-10-17 07:11:54,24800.0,1000.0,5486400.0
988,2021-10-17 07:11:54,24800.0,1000.0,5485400.0
989,2021-10-17 07:11:54,24800.0,100.0,5484400.0
990,2021-10-17 07:11:54,24800.0,100.0,5484300.0
991,2021-10-17 07:11:54,24800.0,100.0,5484200.0
992,2021-10-17 07:11:54,24800.0,2000.0,5484100.0
993,2021-10-17 07:11:54,24800.0,2000.0,5482100.0
994,2021-10-17 07:11:54,24800.0,200.0,5480100.0
995,2021-10-17 07:11:54,24800.0,200.0,5479900.0
996,2021-10-17 07:11:54,24800.0,1000.0,5479700.0
997,2021-10-17 07:11:54,24800.0,500.0,5478700.0
998,2021-10-17 07:11:54,24800.0,500.0,5478200.0
999,2021-10-17 07:11:54,24800.0,200.0,5477700.0
1000,2021-10-17 07:11:54,24800.0,1000.0,5477500.0
1001,2021-10-17 07:11:54,24800.0,100.0,5476500.0
1002,2021-10-17 07:11:54,24800.0,100.0,5476400.0
1003,2021-10-17 07:11:54,24800.0,500.0,5476300.0
1004,2021-10-17 07:11:54,24800.0,200.0,5475800.0
1005,2021-10-17 07:11:54,24800.0,1000.0,5475600.0
1006,2021-10-17 07:11:54,24800.0,1000.0,5474600.0
1007,2021-10-17 07:11:54,24800.0,1000.0,5473600.0
1008,2021-10-17 07:11:54,24800.0,1000.0,5472600.0
1009,2021-10-17 07:11:54,24800.0,100.0,5471600.0
1010,2021-10-17 07:11:54,24800.0,500.0,5471500.0
1011,2021-10-17 07:11:54,24800.0,500.0,5471000.0
1012,2021-10-17 07:11:54,24800.0,100.0,5470500.0
1013,2021-10-17 07:11:54,24800.0,300.0,5470400.0
1014,2021-10-17 07:11:54,24800.0,2000.0,5470100.0
1015,2021-10-17 07:11:54,24800.0,1200.0,5468100.0
1016,2021-10-17 07:11:54,24800.0,200.0,5466900.0
1017,2021-10-17 07:11:54,24800.0,200.0,5466700.0
1018,2021-10-17 07:11:54,24800.0,1000.0,5466500.0
1019,2021-10-17 07:11:54,24800.0,2300.0,5465500.0
1020,2021-10-17 07:11:35,24850.0,100.0,5463200.0
1021,2021-10-17 07:11:26,24850.0,200.0,5463100.0
1022,2021-10-17 07:11:24,24800.0,17700.0,5462900.0
1023,2021-10-17 07:11:24,24800.0,100.0,5445200.0
1024,2021-10-17 07:11:24,24800.0,200.0,5445100.0
1025,2021-10-17 07:11:24,24800.0,2000.0,5444900.0
1026,2021-10-17 07:11:23,24850.0,200.0,5442900.0
1027,2021-10-17 07:11:23,24800.0,300.0,5442700.0
1028,2021-10-17 07:11:21,24850.0,100.0,5442400.0
1029,2021-10-17 07:11:21,24850.0,300.0,5442300.0
1030,2021-10-17 07:11:21,24850.0,200.0,5442000.0
1031,2021-10-17 07:11:21,24850.0,100.0,5441800.0
1032,2021-10-17 07:11:21,24850.0,1000.0,5441700.0
1033,2021-10-17 07:11:21,24850.0,100.0,5440700.0
1034,2021-10-17 07:11:21,24850.0,1000.0,5440600.0
1035,2021-10-17 07:11:21,24850.0,7500.0,5439600.0
1036,2021-10-17 07:11:21,24850.0,100.0,5432100.0
1037,2021-10-17 07:11:21,24850.0,200.0,5432000.0
1038,2021-10-17 07:11:21,24850.0,1000.0,5431800.0
1039,2021-10-17 07:11:21,24850.0,1000.0,5430800.0
1040,2021-10-17 07:11:21,24850.0,200.0,5429800.0
1041,2021-10-17 07:11:21,24850.0,100.0,5429600.0
1042,2021-10-17 07:11:21,24850.0,100.0,5429500.0
1043,2021-10-17 07:11:21,24850.0,500.0,5429400.0
1044,2021-10-17 07:11:21,24850.0,500.0,5428900.0
1045,2021-10-17 07:11:21,24850.0,1000.0,5428400.0
1046,2021-10-17 07:11:21,24850.0,100.0,5427400.0
1047,2021-10-17 07:11:21,24850.0,1000.0,5427300.0
1048,2021-10-17 07:11:21,24850.0,1500.0,5426300.0
1049,2021-10-17 07:11:21,24850.0,500.0,5424800.0
1050,2021-10-17 07:11:21,24850.0,800.0,5424300.0
1051,2021-10-17 07:11:21,24850.0,200.0,5423500.0
1052,2021-10-17 07:11:21,24850.0,100.0,5423300.0
1053,2021-10-17 07:11:21,24850.0,200.0,5423200.0
1054,2021-10-17 07:11:21,24850.0,500.0,5423000.0
1055,2021-10-17 07:11:21,24850.0,1000.0,5422500.0
1056,2021-10-17 07:11:21,24850.0,200.0,5421500.0
1057,2021-10-17 07:11:21,24850.0,5000.0,5421300.0
1058,2021-10-17 07:11:21,24850.0,2000.0,5416300.0
1059,2021-10-17 07:11:21,24850.0,2000.0,5414300.0
1060,2021-10-17 07:11:21,24850.0,100.0,5412300.0
1061,2021-10-17 07:11:21,24850.0,400.0,5412200.0
1062,2021-10-17 07:11:21,24850.0,600.0,5411800.0
1063,2021-10-17 07:11:21,24850.0,500.0,5411200.0
1064,2021-10-17 07:11:21,24850.0,500.0,5410700.0
1065,2021-10-17 07:11:21,24850.0,5000.0,5410200.0
1066,2021-10-17 07:11:21,24850.0,200.0,5405200.0
1067,2021-10-17 07:11:21,24850.0,200.0,5405000.0
1068,2021-10-17 07:11:21,24850.0,2000.0,5404800.0
1069,2021-10-17 07:11:21,24850.0,400.0,5402800.0
1070,2021-10-17 07:11:21,24850.0,1100.0,5402400.0
1071,2021-10-17 07:11:21,24850.0,1000.0,5401300.0
1072,2021-10-17 07:11:21,24850.0,2000.0,5400300.0
1073,2021-10-17 07:11:21,24850.0,3000.0,5398300.0
1074,2021-10-17 07:11:21,24850.0,300.0,5395300.0
1075,2021-10-17 07:11:21,24850.0,300.0,5395000.0
1076,2021-10-17 07:11:21,24850.0,100.0,5394700.0
1077,2021-10-17 07:11:21,24850.0,20000.0,5394600.0
1078,2021-10-17 07:11:21,24850.0,9300.0,5374600.0
1079,2021-10-17 07:11:21,24850.0,15000.0,5365300.0
1080,2021-10-17 07:11:21,24850.0,2500.0,5350300.0
1081,2021-10-17 07:11:18,24850.0,100000.0,5347800.0
1082,2021-10-17 07:11:17,24850.0,500.0,5247800.0
1083,2021-10-17 07:11:15,24850.0,500.0,5247300.0
1084,2021-10-17 07:11:12,24850.0,4000.0,5246800.0
1085,2021-10-17 07:11:10,24850.0,4100.0,5242800.0
1086,2021-10-17 07:11:09,24900.0,2000.0,5238700.0
1087,2021-10-17 07:11:03,24850.0,600.0,5236700.0
1088,2021-10-17 07:10:59,24850.0,12400.0,5236100.0
1089,2021-10-17 07:10:53,24850.0,1100.0,5223700.0
1090,2021-10-17 07:10:53,24850.0,2000.0,5222600.0
1091,2021-10-17 07:10:53,24850.0,100.0,5220600.0
1092,2021-10-17 07:10:40,24900.0,100.0,5220500.0
1093,2021-10-17 07:10:34,24900.0,300.0,5220400.0
1094,2021-10-17 07:10:18,24900.0,100.0,5220100.0
1095,2021-10-17 07:10:18,24850.0,100.0,5220000.0
1096,2021-10-17 07:10:17,24850.0,300.0,5219900.0
1097,2021-10-17 07:10:17,24850.0,200.0,5219600.0
1098,2021-10-17 07:10:17,24850.0,500.0,5219400.0
1099,2021-10-17 07:10:14,24900.0,100.0,5218900.0
1100,2021-10-17 07:10:05,24900.0,1000.0,5218800.0
1101,2021-10-17 07:09:52,24900.0,500.0,5217800.0
1102,2021-10-17 07:09:47,24900.0,100.0,5217300.0
1103,2021-10-17 07:09:47,24900.0,300.0,5217200.0
1104,2021-10-17 07:09:47,24900.0,2000.0,5216900.0
1105,2021-10-17 07:09:47,24900.0,1000.0,5214900.0
1106,2021-10-17 07:09:47,24900.0,400.0,5213900.0
1107,2021-10-17 07:09:47,24900.0,100.0,5213500.0
1108,2021-10-17 07:09:47,24900.0,300.0,5213400.0
1109,2021-10-17 07:09:47,24900.0,1000.0,5213100.0
1110,2021-10-17 07:09:47,24900.0,200.0,5212100.0
1111,2021-10-17 07:09:47,24900.0,5000.0,5211900.0
1112,2021-10-17 07:09:47,24900.0,200.0,5206900.0
1113,2021-10-17 07:09:47,24900.0,100.0,5206700.0
1114,2021-10-17 07:09:47,24900.0,200.0,5206600.0
1115,2021-10-17 07:09:47,24900.0,100.0,5206400.0
1116,2021-10-17 07:09:47,24900.0,300.0,5206300.0
1117,2021-10-17 07:09:47,24900.0,200.0,5206000.0
1118,2021-10-17 07:09:47,24900.0,100.0,5205800.0
1119,2021-10-17 07:09:47,24900.0,1000.0,5205700.0
1120,2021-10-17 07:09:47,24900.0,100.0,5204700.0
1121,2021-10-17 07:09:47,24900.0,1000.0,5204600.0
1122,2021-10-17 07:09:47,24900.0,500.0,5203600.0
1123,2021-10-17 07:09:47,24900.0,500.0,5203100.0
1124,2021-10-17 07:09:47,24900.0,100.0,5202600.0
1125,2021-10-17 07:09:47,24900.0,1500.0,5202500.0
1126,2021-10-17 07:09:47,24900.0,100.0,5201000.0
1127,2021-10-17 07:09:47,24900.0,1000.0,5200900.0
1128,2021-10-17 07:09:47,24900.0,200.0,5199900.0
1129,2021-10-17 07:09:47,24900.0,300.0,5199700.0
1130,2021-10-17 07:09:47,24900.0,500.0,5199400.0
1131,2021-10-17 07:09:47,24900.0,100.0,5198900.0
1132,2021-10-17 07:09:46,24900.0,100.0,5198800.0
1133,2021-10-17 07:09:46,24900.0,200.0,5198700.0
1134,2021-10-17 07:09:46,24900.0,100.0,5198500.0
1135,2021-10-17 07:09:46,24900.0,500.0,5198400.0
1136,2021-10-17 07:09:46,24900.0,200.0,5197900.0
1137,2021-10-17 07:09:46,24900.0,300.0,5197700.0
1138,2021-10-17 07:09:46,24900.0,100.0,5197400.0
1139,2021-10-17 07:09:46,24900.0,1000.0,5197300.0
1140,2021-10-17 07:09:46,24900.0,1000.0,5196300.0
1141,2021-10-17 07:09:46,24900.0,1000.0,5195300.0
1142,2021-10-17 07:09:46,24900.0,500.0,5194300.0
1143,2021-10-17 07:09:45,24900.0,2800.0,5193800.0
1144,2021-10-17 07:09:45,24900.0,5000.0,5191000.0
1145,2021-10-17 07:09:45,24900.0,400.0,5186000.0
1146,2021-10-17 07:09:45,24900.0,100.0,5185600.0
1147,2021-10-17 07:09:45,24900.0,200.0,5185500.0
1148,2021-10-17 07:09:45,24900.0,700.0,5185300.0
1149,2021-10-17 07:09:45,24900.0,100.0,5184600.0
1150,2021-10-17 07:09:45,24900.0,300.0,5184500.0
1151,2021-10-17 07:09:45,24900.0,800.0,5184200.0
1152,2021-10-17 07:09:45,24900.0,1100.0,5183400.0
1153,2021-10-17 07:09:45,24900.0,100.0,5182300.0
1154,2021-10-17 07:09:45,24900.0,100.0,5182200.0
1155,2021-10-17 07:09:45,24900.0,200.0,5182100.0
1156,2021-10-17 07:09:45,24900.0,100.0,5181900.0
1157,2021-10-17 07:09:45,24900.0,200.0,5181800.0
1158,2021-10-17 07:09:45,24900.0,1500.0,5181600.0
1159,2021-10-17 07:09:45,24900.0,2000.0,5180100.0
1160,2021-10-17 07:09:45,24900.0,300.0,5178100.0
1161,2021-10-17 07:09:45,24900.0,100.0,5177800.0
1162,2021-10-17 07:09:45,24900.0,100.0,5177700.0
1163,2021-10-17 07:09:45,24900.0,100.0,5177600.0
1164,2021-10-17 07:09:45,24900.0,700.0,5177500.0
1165,2021-10-17 07:09:45,24900.0,500.0,5176800.0
1166,2021-10-17 07:09:45,24900.0,500.0,5176300.0
1167,2021-10-17 07:09:45,24900.0,100.0,5175800.0
1168,2021-10-17 07:09:45,24900.0,3900.0,5175700.0
1169,2021-10-17 07:09:45,24900.0,2200.0,5171800.0
1170,2021-10-17 07:09:44,24900.0,10000.0,5169600.0
1171,2021-10-17 07:09:40,24900.0,3900.0,5159600.0
1172,2021-10-17 07:09:40,24900.0,100.0,5155700.0
1173,2021-10-17 07:09:40,24900.0,1000.0,5155600.0
1174,2021-10-17 07:09:39,24900.0,200.0,5154600.0
1175,2021-10-17 07:09:39,24900.0,500.0,5154400.0
1176,2021-10-17 07:09:39,24900.0,400.0,5153900.0
1177,2021-10-17 07:09:39,24900.0,900.0,5153500.0
1178,2021-10-17 07:09:32,24900.0,1100.0,5152600.0
1179,2021-10-17 07:09:32,24900.0,5000.0,5151500.0
1180,2021-10-17 07:09:32,24900.0,1800.0,5146500.0
1181,2021-10-17 07:09:32,24900.0,100.0,5144700.0
1182,2021-10-17 07:09:32,24900.0,100.0,5144600.0
1183,2021-10-17 07:09:32,24900.0,5000.0,5144500.0
1184,2021-10-17 07:09:32,24900.0,500.0,5139500.0
1185,2021-10-17 07:09:32,24900.0,100.0,5139000.0
1186,2021-10-17 07:09:32,24900.0,200.0,5138900.0
1187,2021-10-17 07:09:32,24900.0,2000.0,5138700.0
1188,2021-10-17 07:09:32,24900.0,1800.0,5136700.0
1189,2021-10-17 07:09:32,24900.0,2500.0,5134900.0
1190,2021-10-17 07:09:32,24900.0,1000.0,5132400.0
1191,2021-10-17 07:09:32,24900.0,500.0,5131400.0
1192,2021-10-17 07:09:32,24900.0,100.0,5130900.0
1193,2021-10-17 07:09:32,24900.0,100.0,5130800.0
1194,2021-10-17 07:09:32,24900.0,400.0,5130700.0
1195,2021-10-17 07:09:32,24900.0,1000.0,5130300.0
1196,2021-10-17 07:09:32,24900.0,200.0,5129300.0
1197,2021-10-17 07:09:32,24900.0,200.0,5129100.0
1198,2021-10-17 07:09:32,24900.0,900.0,5128900.0
1199,2021-10-17 07:09:32,24900.0,100.0,5128000.0
1200,2021-10-17 07:09:32,24900.0,1000.0,5127900.0
1201,2021-10-17 07:09:32,24900.0,100.0,5126900.0
1202,2021-10-17 07:09:32,24900.0,2000.0,5126800.0
1203,2021-10-17 07:09:32,24900.0,500.0,5124800.0
1204,2021-10-17 07:09:32,24900.0,500.0,5124300.0
1205,2021-10-17 07:09:32,24900.0,500.0,5123800.0
1206,2021-10-17 07:09:32,24900.0,500.0,5123300.0
1207,2021-10-17 07:09:32,24900.0,100.0,5122800.0
1208,2021-10-17 07:09:32,24900.0,10000.0,5122700.0
1209,2021-10-17 07:09:32,24900.0,1000.0,5112700.0
1210,2021-10-17 07:09:32,24900.0,1000.0,5111700.0
1211,2021-10-17 07:09:32,24900.0,300.0,5110700.0
1212,2021-10-17 07:09:32,24900.0,500.0,5110400.0
1213,2021-10-17 07:09:32,24900.0,1200.0,5109900.0
1214,2021-10-17 07:09:32,24900.0,1000.0,5108700.0
1215,2021-10-17 07:09:32,24900.0,100.0,5107700.0
1216,2021-10-17 07:09:32,24900.0,500.0,5107600.0
1217,2021-10-17 07:09:32,24900.0,1000.0,5107100.0
1218,2021-10-17 07:09:32,24900.0,1000.0,5106100.0
1219,2021-10-17 07:09:32,24900.0,100.0,5105100.0
1220,2021-10-17 07:09:32,24900.0,100.0,5105000.0
1221,2021-10-17 07:09:32,24900.0,5000.0,5104900.0
1222,2021-10-17 07:09:32,24900.0,300.0,5099900.0
1223,2021-10-17 07:09:32,24900.0,100.0,5099600.0
1224,2021-10-17 07:09:32,24900.0,500.0,5099500.0
1225,2021-10-17 07:09:32,24900.0,500.0,5099000.0
1226,2021-10-17 07:09:32,24900.0,200.0,5098500.0
1227,2021-10-17 07:09:32,24900.0,1000.0,5098300.0
1228,2021-10-17 07:09:32,24900.0,100.0,5097300.0
1229,2021-10-17 07:09:32,24900.0,1000.0,5097200.0
1230,2021-10-17 07:09:32,24900.0,100.0,5096200.0
1231,2021-10-17 07:09:32,24900.0,1000.0,5096100.0
1232,2021-10-17 07:09:32,24900.0,100.0,5095100.0
1233,2021-10-17 07:09:32,24900.0,17400.0,5095000.0
1234,2021-10-17 07:09:30,24900.0,21600.0,5077600.0
1235,2021-10-17 07:09:30,24900.0,8400.0,5056000.0
1236,2021-10-17 07:09:30,24900.0,1600.0,5047600.0
1237,2021-10-17 07:09:30,24900.0,500.0,5046000.0
1238,2021-10-17 07:09:30,24900.0,300.0,5045500.0
1239,2021-10-17 07:09:30,24900.0,500.0,5045200.0
1240,2021-10-17 07:09:30,24900.0,500.0,5044700.0
1241,2021-10-17 07:09:30,24900.0,100.0,5044200.0
1242,2021-10-17 07:09:30,24900.0,6500.0,5044100.0
1243,2021-10-17 07:09:28,24900.0,3500.0,5037600.0
1244,2021-10-17 07:09:28,24900.0,500.0,5034100.0
1245,2021-10-17 07:09:28,24900.0,20000.0,5033600.0
1246,2021-10-17 07:09:28,24900.0,1000.0,5013600.0
1247,2021-10-17 07:09:27,24900.0,1000.0,5012600.0
1248,2021-10-17 07:09:17,24900.0,100.0,5011600.0
1249,2021-10-17 07:09:17,24900.0,100.0,5011500.0
1250,2021-10-17 07:09:17,24900.0,600.0,5011400.0
1251,2021-10-17 07:09:17,24900.0,400.0,5010800.0
1252,2021-10-17 07:09:17,24900.0,100.0,5010400.0
1253,2021-10-17 07:09:13,24900.0,100.0,5010300.0
1254,2021-10-17 07:09:13,24900.0,1900.0,5010200.0
1255,2021-10-17 07:09:08,24950.0,2000.0,5008300.0
1256,2021-10-17 07:09:02,24900.0,1100.0,5006300.0
1257,2021-10-17 07:09:02,24900.0,200.0,5005200.0
1258,2021-10-17 07:08:51,24900.0,200.0,5005000.0
1259,2021-10-17 07:08:48,24950.0,300.0,5004800.0
1260,2021-10-17 07:08:27,24900.0,600.0,5004500.0
1261,2021-10-17 07:08:27,24900.0,400.0,5003900.0
1262,2021-10-17 07:08:24,24950.0,200.0,5003500.0
1263,2021-10-17 07:07:56,24900.0,600.0,5003300.0
1264,2021-10-17 07:07:56,24900.0,500.0,5002700.0
1265,2021-10-17 07:07:56,24900.0,100.0,5002200.0
1266,2021-10-17 07:07:56,24900.0,500.0,5002100.0
1267,2021-10-17 07:07:56,24900.0,1000.0,5001600.0
1268,2021-10-17 07:07:56,24900.0,1000.0,5000600.0
1269,2021-10-17 07:07:56,24900.0,1000.0,4999600.0
1270,2021-10-17 07:07:56,24900.0,300.0,4998600.0
1271,2021-10-17 07:07:56,24900.0,300.0,4998300.0
1272,2021-10-17 07:07:56,24900.0,500.0,4998000.0
1273,2021-10-17 07:07:56,24900.0,300.0,4997500.0
1274,2021-10-17 07:07:56,24900.0,2000.0,4997200.0
1275,2021-10-17 07:07:56,24900.0,1900.0,4995200.0
1276,2021-10-17 07:07:38,24900.0,500.0,4993300.0
1277,2021-10-17 07:06:48,24900.0,1900.0,4992800.0
1278,2021-10-17 07:06:48,24950.0,100.0,4990900.0
1279,2021-10-17 07:06:27,24950.0,100.0,4990800.0
1280,2021-10-17 07:06:26,24950.0,500.0,4990700.0
1281,2021-10-17 07:06:26,24950.0,500.0,4990200.0
1282,2021-10-17 07:06:26,24950.0,1000.0,4989700.0
1283,2021-10-17 07:06:26,24950.0,1000.0,4988700.0
1284,2021-10-17 07:06:26,24950.0,1000.0,4987700.0
1285,2021-10-17 07:06:26,24950.0,100.0,4986700.0
1286,2021-10-17 07:06:26,24950.0,100.0,4986600.0
1287,2021-10-17 07:06:26,24950.0,1000.0,4986500.0
1288,2021-10-17 07:06:26,24950.0,2000.0,4985500.0
1289,2021-10-17 07:06:08,25000.0,1000.0,4983500.0
1290,2021-10-17 07:06:06,24950.0,200.0,4982500.0
1291,2021-10-17 07:06:04,24950.0,100.0,4982300.0
1292,2021-10-17 07:05:59,24950.0,700.0,4982200.0
1293,2021-10-17 07:05:59,24950.0,100.0,4981500.0
1294,2021-10-17 07:05:59,24950.0,100.0,4981400.0
1295,2021-10-17 07:05:59,24950.0,100.0,4981300.0
1296,2021-10-17 07:05:27,24950.0,1100.0,4981200.0
1297,2021-10-17 07:05:26,24950.0,1000.0,4980100.0
1298,2021-10-17 07:05:25,24950.0,900.0,4979100.0
1299,2021-10-17 07:05:25,24950.0,100.0,4978200.0
1300,2021-10-17 07:05:21,24950.0,100.0,4978100.0
1301,2021-10-17 07:05:15,24950.0,500.0,4978000.0
1302,2021-10-17 07:05:15,24950.0,1300.0,4977500.0
1303,2021-10-17 07:05:12,24950.0,700.0,4976200.0
1304,2021-10-17 07:05:12,24950.0,400.0,4975500.0
1305,2021-10-17 07:05:07,24950.0,200.0,4975100.0
1306,2021-10-17 07:05:06,24950.0,2500.0,4974900.0
1307,2021-10-17 07:05:03,24950.0,1000.0,4972400.0
1308,2021-10-17 07:05:03,24950.0,5000.0,4971400.0
1309,2021-10-17 07:05:03,24950.0,300.0,4966400.0
1310,2021-10-17 07:05:03,24950.0,500.0,4966100.0
1311,2021-10-17 07:05:03,24950.0,100.0,4965600.0
1312,2021-10-17 07:05:00,24950.0,100.0,4965500.0
1313,2021-10-17 07:04:46,24950.0,400.0,4965400.0
1314,2021-10-17 07:04:40,24950.0,400.0,4965000.0
1315,2021-10-17 07:04:40,24950.0,1600.0,4964600.0
1316,2021-10-17 07:04:35,24950.0,500.0,4963000.0
1317,2021-10-17 07:04:22,24950.0,1000.0,4962500.0
1318,2021-10-17 07:04:22,24950.0,100.0,4961500.0
1319,2021-10-17 07:04:22,24950.0,1000.0,4961400.0
1320,2021-10-17 07:04:22,24950.0,500.0,4960400.0
1321,2021-10-17 07:04:22,24950.0,200.0,4959900.0
1322,2021-10-17 07:04:22,24950.0,500.0,4959700.0
1323,2021-10-17 07:04:22,24950.0,100.0,4959200.0
1324,2021-10-17 07:04:22,24950.0,800.0,4959100.0
1325,2021-10-17 07:04:19,24950.0,100.0,4958300.0
1326,2021-10-17 07:04:19,24950.0,2000.0,4958200.0
1327,2021-10-17 07:04:19,24950.0,7900.0,4956200.0
1328,2021-10-17 07:04:16,24950.0,7100.0,4948300.0
1329,2021-10-17 07:04:16,24950.0,1000.0,4941200.0
1330,2021-10-17 07:04:16,24950.0,3000.0,4940200.0
1331,2021-10-17 07:04:16,24950.0,200.0,4937200.0
1332,2021-10-17 07:04:16,24950.0,2000.0,4937000.0
1333,2021-10-17 07:04:16,24950.0,600.0,4935000.0
1334,2021-10-17 07:04:16,24950.0,1000.0,4934400.0
1335,2021-10-17 07:04:16,24950.0,1000.0,4933400.0
1336,2021-10-17 07:04:16,24950.0,2500.0,4932400.0
1337,2021-10-17 07:04:16,24950.0,500.0,4929900.0
1338,2021-10-17 07:04:16,24950.0,1000.0,4929400.0
1339,2021-10-17 07:04:16,24950.0,500.0,4928400.0
1340,2021-10-17 07:04:16,24950.0,1000.0,4927900.0
1341,2021-10-17 07:04:16,24950.0,500.0,4926900.0
1342,2021-10-17 07:04:16,24950.0,100.0,4926400.0
1343,2021-10-17 07:04:05,25000.0,500.0,4926300.0
1344,2021-10-17 07:03:59,24950.0,100.0,4925800.0
1345,2021-10-17 07:03:59,24950.0,900.0,4925700.0
1346,2021-10-17 07:03:33,25000.0,1500.0,4924800.0
1347,2021-10-17 07:03:30,24950.0,100.0,4923300.0
1348,2021-10-17 07:03:30,24950.0,300.0,4923200.0
1349,2021-10-17 07:03:30,24950.0,600.0,4922900.0
1350,2021-10-17 07:03:01,24950.0,300.0,4922300.0
1351,2021-10-17 07:02:55,25000.0,500.0,4922000.0
1352,2021-10-17 07:02:51,25000.0,400.0,4921500.0
1353,2021-10-17 07:02:51,25000.0,100.0,4921100.0
1354,2021-10-17 07:02:45,25000.0,200.0,4921000.0
1355,2021-10-17 07:02:29,25000.0,500.0,4920800.0
1356,2021-10-17 07:02:26,25000.0,1000.0,4920300.0
1357,2021-10-17 07:02:20,25000.0,200.0,4919300.0
1358,2021-10-17 07:02:09,25000.0,1600.0,4919100.0
1359,2021-10-17 07:01:40,25000.0,500.0,4917500.0
1360,2021-10-17 07:01:23,25000.0,100.0,4917000.0
1361,2021-10-17 07:01:23,25000.0,400.0,4916900.0
1362,2021-10-17 07:01:23,25000.0,200.0,4916500.0
1363,2021-10-17 07:00:35,25000.0,100.0,4916300.0
1364,2021-10-17 07:00:16,25000.0,100.0,4916200.0
1365,2021-10-17 07:00:13,25000.0,300.0,4916100.0
1366,2021-10-17 07:00:08,25000.0,500.0,4915800.0
1367,2021-10-17 06:59:42,25000.0,100.0,4915300.0
1368,2021-10-17 06:59:36,25000.0,300.0,4915200.0
1369,2021-10-17 06:59:32,24950.0,2100.0,4914900.0
1370,2021-10-17 06:59:32,24950.0,200.0,4912800.0
1371,2021-10-17 06:59:32,24950.0,100.0,4912600.0
1372,2021-10-17 06:59:32,24950.0,2000.0,4912500.0
1373,2021-10-17 06:59:32,24950.0,400.0,4910500.0
1374,2021-10-17 06:59:32,24950.0,100.0,4910100.0
1375,2021-10-17 06:59:32,24950.0,500.0,4910000.0
1376,2021-10-17 06:59:32,24950.0,100.0,4909500.0
1377,2021-10-17 06:59:32,24950.0,300.0,4909400.0
1378,2021-10-17 06:59:32,24950.0,500.0,4909100.0
1379,2021-10-17 06:59:27,25000.0,100.0,4908600.0
1380,2021-10-17 06:59:26,24950.0,500.0,4908500.0
1381,2021-10-17 06:59:26,24950.0,2500.0,4908000.0
1382,2021-10-17 06:59:23,25000.0,100.0,4905500.0
1383,2021-10-17 06:59:16,24950.0,3500.0,4905400.0
1384,2021-10-17 06:59:16,24950.0,200.0,4901900.0
1385,2021-10-17 06:59:16,24950.0,1000.0,4901700.0
1386,2021-10-17 06:59:16,24950.0,300.0,4900700.0
1387,2021-10-17 06:59:16,24950.0,200.0,4900400.0
1388,2021-10-17 06:59:16,24950.0,1000.0,4900200.0
1389,2021-10-17 06:59:16,24950.0,500.0,4899200.0
1390,2021-10-17 06:59:16,24950.0,500.0,4898700.0
1391,2021-10-17 06:59:16,24950.0,200.0,4898200.0
1392,2021-10-17 06:59:16,24950.0,800.0,4898000.0
1393,2021-10-17 06:58:55,24950.0,300.0,4897200.0
1394,2021-10-17 06:58:55,24950.0,1000.0,4896900.0
1395,2021-10-17 06:58:55,24950.0,100.0,4895900.0
1396,2021-10-17 06:58:55,24950.0,1500.0,4895800.0
1397,2021-10-17 06:58:55,24950.0,400.0,4894300.0
1398,2021-10-17 06:58:55,24950.0,700.0,4893900.0
1399,2021-10-17 06:58:55,25000.0,100.0,4893200.0
1400,2021-10-17 06:58:55,25000.0,700.0,4893100.0
1401,2021-10-17 06:58:54,25000.0,1000.0,4892400.0
1402,2021-10-17 06:58:48,25000.0,400.0,4891400.0
1403,2021-10-17 06:58:45,25000.0,100.0,4891000.0
1404,2021-10-17 06:58:41,25000.0,1000.0,4890900.0
1405,2021-10-17 06:58:39,25000.0,100.0,4889900.0
1406,2021-10-17 06:58:23,25000.0,1000.0,4889800.0
1407,2021-10-17 06:58:16,25000.0,700.0,4888800.0
1408,2021-10-17 06:58:16,25000.0,100.0,4888100.0
1409,2021-10-17 06:58:16,25000.0,3000.0,4888000.0
1410,2021-10-17 06:58:16,25000.0,500.0,4885000.0
1411,2021-10-17 06:58:16,25000.0,400.0,4884500.0
1412,2021-10-17 06:58:16,25000.0,300.0,4884100.0
1413,2021-10-17 06:57:59,24950.0,100.0,4883800.0
1414,2021-10-17 06:57:15,24950.0,1000.0,4883700.0
1415,2021-10-17 06:57:05,24950.0,300.0,4882700.0
1416,2021-10-17 06:57:05,24950.0,900.0,4882400.0
1417,2021-10-17 06:57:05,24950.0,200.0,4881500.0
1418,2021-10-17 06:57:04,24950.0,300.0,4881300.0
1419,2021-10-17 06:57:03,24950.0,300.0,4881000.0
1420,2021-10-17 06:57:02,24950.0,3300.0,4880700.0
1421,2021-10-17 06:57:02,24950.0,200.0,4877400.0
1422,2021-10-17 06:57:02,24950.0,100.0,4877200.0
1423,2021-10-17 06:57:02,24950.0,500.0,4877100.0
1424,2021-10-17 06:57:02,24950.0,10000.0,4876600.0
1425,2021-10-17 06:57:02,24950.0,5900.0,4866600.0
1426,2021-10-17 06:57:01,24950.0,1000.0,4860700.0
1427,2021-10-17 06:56:53,24950.0,1000.0,4859700.0
1428,2021-10-17 06:56:52,24950.0,200.0,4858700.0
1429,2021-10-17 06:56:52,24950.0,500.0,4858500.0
1430,2021-10-17 06:56:46,24950.0,1000.0,4858000.0
1431,2021-10-17 06:56:38,24950.0,800.0,4857000.0
1432,2021-10-17 06:56:38,24950.0,200.0,4856200.0
1433,2021-10-17 06:56:35,24950.0,300.0,4856000.0
1434,2021-10-17 06:56:33,24950.0,200.0,4855700.0
1435,2021-10-17 06:56:33,24950.0,300.0,4855500.0
1436,2021-10-17 06:56:29,24950.0,400.0,4855200.0
1437,2021-10-17 06:56:29,24950.0,1000.0,4854800.0
1438,2021-10-17 06:56:28,24950.0,300.0,4853800.0
1439,2021-10-17 06:56:23,24950.0,3000.0,4853500.0
1440,2021-10-17 06:56:23,24950.0,500.0,4850500.0
1441,2021-10-17 06:56:23,24950.0,300.0,4850000.0
1442,2021-10-17 06:56:23,24950.0,5000.0,4849700.0
1443,2021-10-17 06:56:23,24950.0,800.0,4844700.0
1444,2021-10-17 06:56:23,24950.0,400.0,4843900.0
1445,2021-10-17 06:56:22,24950.0,500.0,4843500.0
1446,2021-10-17 06:56:16,24950.0,100.0,4843000.0
1447,2021-10-17 06:56:12,24950.0,500.0,4842900.0
1448,2021-10-17 06:56:08,24950.0,100.0,4842400.0
1449,2021-10-17 06:56:07,24950.0,5000.0,4842300.0
1450,2021-10-17 06:55:58,24950.0,1000.0,4837300.0
1451,2021-10-17 06:55:58,24950.0,1000.0,4836300.0
1452,2021-10-17 06:55:56,24950.0,300.0,4835300.0
1453,2021-10-17 06:55:53,24950.0,1000.0,4835000.0
1454,2021-10-17 06:55:47,24950.0,500.0,4834000.0
1455,2021-10-17 06:55:43,24950.0,500.0,4833500.0
1456,2021-10-17 06:55:37,24950.0,200.0,4833000.0
1457,2021-10-17 06:55:35,24950.0,1900.0,4832800.0
1458,2021-10-17 06:55:26,24950.0,200.0,4830900.0
1459,2021-10-17 06:55:23,24950.0,1000.0,4830700.0
1460,2021-10-17 06:55:19,24950.0,400.0,4829700.0
1461,2021-10-17 06:55:00,24950.0,1000.0,4829300.0
1462,2021-10-17 06:54:57,24950.0,100.0,4828300.0
1463,2021-10-17 06:54:56,24950.0,500.0,4828200.0
1464,2021-10-17 06:54:56,24950.0,1200.0,4827700.0
1465,2021-10-17 06:54:56,24950.0,2500.0,4826500.0
1466,2021-10-17 06:54:56,24950.0,700.0,4824000.0
1467,2021-10-17 06:54:42,24950.0,300.0,4823300.0
1468,2021-10-17 06:54:35,24950.0,10000.0,4823000.0
1469,2021-10-17 06:54:34,24950.0,500.0,4813000.0
1470,2021-10-17 06:54:34,24950.0,2000.0,4812500.0
1471,2021-10-17 06:54:34,24950.0,800.0,4810500.0
1472,2021-10-17 06:54:34,24950.0,3000.0,4809700.0
1473,2021-10-17 06:54:34,24950.0,70700.0,4806700.0
1474,2021-10-17 06:54:06,24950.0,100.0,4736000.0
1475,2021-10-17 06:54:06,24950.0,5000.0,4735900.0
1476,2021-10-17 06:54:06,24950.0,6300.0,4730900.0
1477,2021-10-17 06:54:06,24950.0,1000.0,4724600.0
1478,2021-10-17 06:54:06,24950.0,10000.0,4723600.0
1479,2021-10-17 06:54:06,24950.0,6900.0,4713600.0
1480,2021-10-17 06:53:45,24950.0,3000.0,4706700.0
1481,2021-10-17 06:53:42,24950.0,100.0,4703700.0
1482,2021-10-17 06:53:42,24950.0,3900.0,4703600.0
1483,2021-10-17 06:53:17,24950.0,300.0,4699700.0
1484,2021-10-17 06:53:17,24900.0,700.0,4699400.0
1485,2021-10-17 06:53:17,24900.0,300.0,4698700.0
1486,2021-10-17 06:53:11,24900.0,200.0,4698400.0
1487,2021-10-17 06:52:26,24900.0,100.0,4698200.0
1488,2021-10-17 06:52:20,24950.0,1500.0,4698100.0
1489,2021-10-17 06:52:08,24950.0,1000.0,4696600.0
1490,2021-10-17 06:52:07,24950.0,500.0,4695600.0
1491,2021-10-17 06:52:00,24950.0,200.0,4695100.0
1492,2021-10-17 06:51:59,24950.0,100.0,4694900.0
1493,2021-10-17 06:51:59,24950.0,200.0,4694800.0
1494,2021-10-17 06:51:59,24950.0,700.0,4694600.0
1495,2021-10-17 06:51:48,24950.0,100.0,4693900.0
1496,2021-10-17 06:51:21,24950.0,100.0,4693800.0
1497,2021-10-17 06:51:21,24950.0,900.0,4693700.0
1498,2021-10-17 06:51:17,24900.0,100.0,4692800.0
1499,2021-10-17 06:51:17,24900.0,100.0,4692700.0
1500,2021-10-17 06:51:17,24900.0,500.0,4692600.0
1501,2021-10-17 06:51:17,24900.0,200.0,4692100.0
1502,2021-10-17 06:51:17,24900.0,5000.0,4691900.0
1503,2021-10-17 06:51:17,24900.0,100.0,4686900.0
1504,2021-10-17 06:51:17,24900.0,100.0,4686800.0
1505,2021-10-17 06:51:17,24900.0,200.0,4686700.0
1506,2021-10-17 06:51:00,24950.0,1100.0,4686500.0
1507,2021-10-17 06:51:00,24950.0,8900.0,4685400.0
1508,2021-10-17 06:50:58,24950.0,1000.0,4676500.0
1509,2021-10-17 06:50:56,24950.0,100.0,4675500.0
1510,2021-10-17 06:50:56,24950.0,400.0,4675400.0
1511,2021-10-17 06:50:55,24950.0,500.0,4675000.0
1512,2021-10-17 06:50:47,24950.0,100.0,4674500.0
1513,2021-10-17 06:50:47,24950.0,100.0,4674400.0
1514,2021-10-17 06:50:30,24950.0,500.0,4674300.0
1515,2021-10-17 06:50:30,24950.0,200.0,4673800.0
1516,2021-10-17 06:50:25,24950.0,500.0,4673600.0
1517,2021-10-17 06:50:19,24950.0,300.0,4673100.0
1518,2021-10-17 06:50:19,24950.0,3000.0,4672800.0
1519,2021-10-17 06:50:16,24950.0,400.0,4669800.0
1520,2021-10-17 06:50:14,24950.0,16600.0,4669400.0
1521,2021-10-17 06:50:14,24950.0,100.0,4652800.0
1522,2021-10-17 06:50:14,24950.0,3300.0,4652700.0
1523,2021-10-17 06:50:11,24900.0,200.0,4649400.0
1524,2021-10-17 06:50:11,24900.0,300.0,4649200.0
1525,2021-10-17 06:50:11,24900.0,7000.0,4648900.0
1526,2021-10-17 06:50:11,24900.0,200.0,4641900.0
1527,2021-10-17 06:50:11,24900.0,100.0,4641700.0
1528,2021-10-17 06:50:11,24900.0,300.0,4641600.0
1529,2021-10-17 06:50:11,24900.0,100.0,4641300.0
1530,2021-10-17 06:50:11,24900.0,200.0,4641200.0
1531,2021-10-17 06:50:11,24900.0,1600.0,4641000.0
1532,2021-10-17 06:50:06,24900.0,400.0,4639400.0
1533,2021-10-17 06:50:06,24900.0,600.0,4639000.0
1534,2021-10-17 06:49:58,24900.0,500.0,4638400.0
1535,2021-10-17 06:49:57,24950.0,700.0,4637900.0
1536,2021-10-17 06:49:41,24950.0,1000.0,4637200.0
1537,2021-10-17 06:49:37,24950.0,1000.0,4636200.0
1538,2021-10-17 06:49:35,24950.0,500.0,4635200.0
1539,2021-10-17 06:49:30,24950.0,200.0,4634700.0
1540,2021-10-17 06:49:21,24950.0,100.0,4634500.0
1541,2021-10-17 06:49:17,24950.0,3000.0,4634400.0
1542,2021-10-17 06:49:10,24950.0,100.0,4631400.0
1543,2021-10-17 06:49:05,24950.0,100.0,4631300.0
1544,2021-10-17 06:48:49,24950.0,1000.0,4631200.0
1545,2021-10-17 06:48:43,24950.0,400.0,4630200.0
1546,2021-10-17 06:48:31,24950.0,100.0,4629800.0
1547,2021-10-17 06:48:30,24950.0,400.0,4629700.0
1548,2021-10-17 06:48:30,24950.0,500.0,4629300.0
1549,2021-10-17 06:48:30,24950.0,2000.0,4628800.0
1550,2021-10-17 06:48:30,24950.0,7100.0,4626800.0
1551,2021-10-17 06:48:10,24950.0,100.0,4619700.0
1552,2021-10-17 06:48:09,24950.0,500.0,4619600.0
1553,2021-10-17 06:48:01,24950.0,1000.0,4619100.0
1554,2021-10-17 06:48:01,24950.0,3000.0,4618100.0
1555,2021-10-17 06:48:01,24950.0,5000.0,4615100.0
1556,2021-10-17 06:48:01,24950.0,2000.0,4610100.0
1557,2021-10-17 06:48:01,24950.0,1300.0,4608100.0
1558,2021-10-17 06:48:00,24950.0,1000.0,4606800.0
1559,2021-10-17 06:47:57,24950.0,1000.0,4605800.0
1560,2021-10-17 06:47:40,24950.0,5000.0,4604800.0
1561,2021-10-17 06:47:35,24900.0,1000.0,4599800.0
1562,2021-10-17 06:47:33,24900.0,500.0,4598800.0
1563,2021-10-17 06:47:26,24950.0,1000.0,4598300.0
1564,2021-10-17 06:47:06,24950.0,4700.0,4597300.0
1565,2021-10-17 06:47:06,24950.0,1200.0,4592600.0
1566,2021-10-17 06:47:06,24950.0,1000.0,4591400.0
1567,2021-10-17 06:47:06,24950.0,200.0,4590400.0
1568,2021-10-17 06:47:06,24950.0,1900.0,4590200.0
1569,2021-10-17 06:47:01,24950.0,100.0,4588300.0
1570,2021-10-17 06:46:59,24900.0,2400.0,4588200.0
1571,2021-10-17 06:46:59,24900.0,100.0,4585800.0
1572,2021-10-17 06:46:59,24900.0,3800.0,4585700.0
1573,2021-10-17 06:46:57,24950.0,4300.0,4581900.0
1574,2021-10-17 06:46:57,24950.0,1000.0,4577600.0
1575,2021-10-17 06:46:57,24950.0,200.0,4576600.0
1576,2021-10-17 06:46:33,24950.0,2000.0,4576400.0
1577,2021-10-17 06:46:12,24950.0,1400.0,4574400.0
1578,2021-10-17 06:46:08,24950.0,1400.0,4573000.0
1579,2021-10-17 06:46:02,24950.0,100.0,4571600.0
1580,2021-10-17 06:45:57,24950.0,9900.0,4571500.0
1581,2021-10-17 06:45:57,24950.0,100.0,4561600.0
1582,2021-10-17 06:45:56,24900.0,1000.0,4561500.0
1583,2021-10-17 06:45:54,24950.0,200.0,4560500.0
1584,2021-10-17 06:45:35,24950.0,100.0,4560300.0
1585,2021-10-17 06:45:30,24950.0,100.0,4560200.0
1586,2021-10-17 06:45:25,24900.0,200.0,4560100.0
1587,2021-10-17 06:45:25,24900.0,100.0,4559900.0
1588,2021-10-17 06:45:25,24900.0,100.0,4559800.0
1589,2021-10-17 06:45:25,24900.0,600.0,4559700.0
1590,2021-10-17 06:45:16,24950.0,1000.0,4559100.0
1591,2021-10-17 06:45:12,24950.0,500.0,4558100.0
1592,2021-10-17 06:45:07,24950.0,2000.0,4557600.0
1593,2021-10-17 06:45:07,24950.0,5000.0,4555600.0
1594,2021-10-17 06:45:07,24950.0,1000.0,4550600.0
1595,2021-10-17 06:45:05,24950.0,500.0,4549600.0
1596,2021-10-17 06:45:02,24950.0,2500.0,4549100.0
1597,2021-10-17 06:45:02,24950.0,1000.0,4546600.0
1598,2021-10-17 06:45:02,24950.0,400.0,4545600.0
1599,2021-10-17 06:44:35,24950.0,500.0,4545200.0
1600,2021-10-17 06:44:35,24950.0,1100.0,4544700.0
1601,2021-10-17 06:44:29,24950.0,300.0,4543600.0
1602,2021-10-17 06:44:19,24950.0,10000.0,4543300.0
1603,2021-10-17 06:44:04,24950.0,600.0,4533300.0
1604,2021-10-17 06:44:04,24950.0,400.0,4532700.0
1605,2021-10-17 06:43:59,24950.0,500.0,4532300.0
1606,2021-10-17 06:43:58,24950.0,200.0,4531800.0
1607,2021-10-17 06:43:53,24950.0,1000.0,4531600.0
1608,2021-10-17 06:43:48,24950.0,2000.0,4530600.0
1609,2021-10-17 06:43:44,24950.0,500.0,4528600.0
1610,2021-10-17 06:43:40,24950.0,500.0,4528100.0
1611,2021-10-17 06:43:40,24950.0,400.0,4527600.0
1612,2021-10-17 06:43:39,24950.0,1000.0,4527200.0
1613,2021-10-17 06:43:34,24950.0,100.0,4526200.0
1614,2021-10-17 06:43:30,24950.0,2000.0,4526100.0
1615,2021-10-17 06:43:24,24950.0,10000.0,4524100.0
1616,2021-10-17 06:43:19,24950.0,100.0,4514100.0
1617,2021-10-17 06:43:13,24950.0,5000.0,4514000.0
1618,2021-10-17 06:43:01,24950.0,400.0,4509000.0
1619,2021-10-17 06:42:59,24950.0,1000.0,4508600.0
1620,2021-10-17 06:42:49,24900.0,300.0,4507600.0
1621,2021-10-17 06:42:49,24900.0,100.0,4507300.0
1622,2021-10-17 06:42:49,24900.0,100.0,4507200.0
1623,2021-10-17 06:42:33,24950.0,100.0,4507100.0
1624,2021-10-17 06:42:29,24950.0,2000.0,4507000.0
1625,2021-10-17 06:42:21,24950.0,1000.0,4505000.0
1626,2021-10-17 06:42:19,24950.0,100.0,4504000.0
1627,2021-10-17 06:42:19,24950.0,500.0,4503900.0
1628,2021-10-17 06:42:19,24950.0,200.0,4503400.0
1629,2021-10-17 06:42:19,24950.0,3900.0,4503200.0
1630,2021-10-17 06:42:19,24950.0,5000.0,4499300.0
1631,2021-10-17 06:42:19,24950.0,100.0,4494300.0
1632,2021-10-17 06:42:19,24950.0,800.0,4494200.0
1633,2021-10-17 06:42:19,24950.0,3000.0,4493400.0
1634,2021-10-17 06:42:19,24950.0,500.0,4490400.0
1635,2021-10-17 06:42:19,24950.0,100.0,4489900.0
1636,2021-10-17 06:42:19,24950.0,1000.0,4489800.0
1637,2021-10-17 06:42:19,24950.0,100.0,4488800.0
1638,2021-10-17 06:42:19,24950.0,400.0,4488700.0
1639,2021-10-17 06:42:19,24950.0,100.0,4488300.0
1640,2021-10-17 06:42:19,24950.0,1000.0,4488200.0
1641,2021-10-17 06:42:19,24950.0,100.0,4487200.0
1642,2021-10-17 06:42:19,24950.0,500.0,4487100.0
1643,2021-10-17 06:42:19,24950.0,1000.0,4486600.0
1644,2021-10-17 06:42:19,24950.0,500.0,4485600.0
1645,2021-10-17 06:42:19,24950.0,1000.0,4485100.0
1646,2021-10-17 06:42:19,24950.0,100.0,4484100.0
1647,2021-10-17 06:42:19,24950.0,200.0,4484000.0
1648,2021-10-17 06:42:19,24950.0,100.0,4483800.0
1649,2021-10-17 06:42:19,24950.0,200.0,4483700.0
1650,2021-10-17 06:42:19,24950.0,200.0,4483500.0
1651,2021-10-17 06:42:19,24950.0,1200.0,4483300.0
1652,2021-10-17 06:42:19,24950.0,5000.0,4482100.0
1653,2021-10-17 06:42:06,24950.0,8000.0,4477100.0
1654,2021-10-17 06:42:06,24950.0,300.0,4469100.0
1655,2021-10-17 06:42:06,24950.0,6000.0,4468800.0
1656,2021-10-17 06:42:06,24950.0,1000.0,4462800.0
1657,2021-10-17 06:42:06,24950.0,1700.0,4461800.0
1658,2021-10-17 06:41:49,24950.0,10800.0,4460100.0
1659,2021-10-17 06:41:47,24950.0,200.0,4449300.0
1660,2021-10-17 06:41:21,24950.0,900.0,4449100.0
1661,2021-10-17 06:41:18,24950.0,200.0,4448200.0
1662,2021-10-17 06:41:06,24950.0,200.0,4448000.0
1663,2021-10-17 06:40:52,24950.0,500.0,4447800.0
1664,2021-10-17 06:40:33,24950.0,100.0,4447300.0
1665,2021-10-17 06:40:10,24950.0,700.0,4447200.0
1666,2021-10-17 06:39:58,25000.0,500.0,4446500.0
1667,2021-10-17 06:39:58,24950.0,300.0,4446000.0
1668,2021-10-17 06:39:58,24950.0,200.0,4445700.0
1669,2021-10-17 06:39:23,24950.0,1800.0,4445500.0
1670,2021-10-17 06:39:23,24950.0,3000.0,4443700.0
1671,2021-10-17 06:39:23,24950.0,100.0,4440700.0
1672,2021-10-17 06:39:23,24950.0,100.0,4440600.0
1673,2021-10-17 06:39:21,24950.0,1000.0,4440500.0
1674,2021-10-17 06:39:06,24950.0,400.0,4439500.0
1675,2021-10-17 06:39:06,24950.0,200.0,4439100.0
1676,2021-10-17 06:39:06,24950.0,100.0,4438900.0
1677,2021-10-17 06:39:04,24950.0,1000.0,4438800.0
1678,2021-10-17 06:39:00,24950.0,300.0,4437800.0
1679,2021-10-17 06:38:52,24950.0,200.0,4437500.0
1680,2021-10-17 06:38:52,24950.0,100.0,4437300.0
1681,2021-10-17 06:38:33,24950.0,300.0,4437200.0
1682,2021-10-17 06:38:33,24950.0,700.0,4436900.0
1683,2021-10-17 06:38:14,24950.0,300.0,4436200.0
1684,2021-10-17 06:38:14,24950.0,300.0,4435900.0
1685,2021-10-17 06:38:14,24950.0,3400.0,4435600.0
1686,2021-10-17 06:38:10,25000.0,200.0,4432200.0
1687,2021-10-17 06:38:10,25000.0,100.0,4432000.0
1688,2021-10-17 06:38:07,24950.0,500.0,4431900.0
1689,2021-10-17 06:38:03,24950.0,1100.0,4431400.0
1690,2021-10-17 06:38:03,24950.0,200.0,4430300.0
1691,2021-10-17 06:38:03,24950.0,700.0,4430100.0
1692,2021-10-17 06:38:00,25000.0,1000.0,4429400.0
1693,2021-10-17 06:37:57,25000.0,500.0,4428400.0
1694,2021-10-17 06:37:53,25000.0,400.0,4427900.0
1695,2021-10-17 06:37:53,25000.0,100.0,4427500.0
1696,2021-10-17 06:37:51,25000.0,800.0,4427400.0
1697,2021-10-17 06:37:49,25000.0,100.0,4426600.0
1698,2021-10-17 06:37:18,25000.0,200.0,4426500.0
1699,2021-10-17 06:37:14,25000.0,100.0,4426300.0
1700,2021-10-17 06:37:03,25000.0,1000.0,4426200.0
1701,2021-10-17 06:36:03,25000.0,200.0,4425200.0
1702,2021-10-17 06:36:01,24950.0,300.0,4425000.0
1703,2021-10-17 06:36:01,24950.0,300.0,4424700.0
1704,2021-10-17 06:36:01,24950.0,2000.0,4424400.0
1705,2021-10-17 06:36:01,24950.0,1100.0,4422400.0
1706,2021-10-17 06:36:01,24950.0,300.0,4421300.0
1707,2021-10-17 06:36:01,24950.0,2000.0,4421000.0
1708,2021-10-17 06:36:01,24950.0,1000.0,4419000.0
1709,2021-10-17 06:36:01,24950.0,1000.0,4418000.0
1710,2021-10-17 06:36:01,24950.0,1000.0,4417000.0
1711,2021-10-17 06:36:01,24950.0,1000.0,4416000.0
1712,2021-10-17 06:36:01,24950.0,100.0,4415000.0
1713,2021-10-17 06:36:01,24950.0,500.0,4414900.0
1714,2021-10-17 06:36:01,24950.0,200.0,4414400.0
1715,2021-10-17 06:36:01,24950.0,1000.0,4414200.0
1716,2021-10-17 06:36:01,24950.0,1500.0,4413200.0
1717,2021-10-17 06:36:01,24950.0,500.0,4411700.0
1718,2021-10-17 06:36:01,24950.0,1000.0,4411200.0
1719,2021-10-17 06:36:01,24950.0,5000.0,4410200.0
1720,2021-10-17 06:36:01,24950.0,500.0,4405200.0
1721,2021-10-17 06:36:01,24950.0,1000.0,4404700.0
1722,2021-10-17 06:36:01,24950.0,200.0,4403700.0
1723,2021-10-17 06:36:01,24950.0,200.0,4403500.0
1724,2021-10-17 06:36:01,24950.0,25100.0,4403300.0
1725,2021-10-17 06:36:01,24950.0,500.0,4378200.0
1726,2021-10-17 06:36:01,24950.0,2700.0,4377700.0
1727,2021-10-17 06:35:51,25000.0,2000.0,4375000.0
1728,2021-10-17 06:35:44,25000.0,300.0,4373000.0
1729,2021-10-17 06:35:36,25000.0,200.0,4372700.0
1730,2021-10-17 06:35:36,25000.0,100.0,4372500.0
1731,2021-10-17 06:35:30,25000.0,10000.0,4372400.0
1732,2021-10-17 06:35:28,25000.0,200.0,4362400.0
1733,2021-10-17 06:35:03,24950.0,1800.0,4362200.0
1734,2021-10-17 06:34:55,24950.0,5500.0,4360400.0
1735,2021-10-17 06:34:55,24950.0,600.0,4354900.0
1736,2021-10-17 06:34:55,24950.0,1500.0,4354300.0
1737,2021-10-17 06:34:55,24950.0,500.0,4352800.0
1738,2021-10-17 06:34:55,24950.0,1000.0,4352300.0
1739,2021-10-17 06:34:55,24950.0,300.0,4351300.0
1740,2021-10-17 06:34:55,24950.0,400.0,4351000.0
1741,2021-10-17 06:34:55,24950.0,200.0,4350600.0
1742,2021-10-17 06:34:37,24950.0,100.0,4350400.0
1743,2021-10-17 06:34:37,24950.0,500.0,4350300.0
1744,2021-10-17 06:34:37,25000.0,9700.0,4349800.0
1745,2021-10-17 06:34:37,25000.0,300.0,4340100.0
1746,2021-10-17 06:33:51,24950.0,700.0,4339800.0
1747,2021-10-17 06:33:51,24950.0,9300.0,4339100.0
1748,2021-10-17 06:33:50,25000.0,500.0,4329800.0
1749,2021-10-17 06:33:42,25000.0,500.0,4329300.0
1750,2021-10-17 06:33:39,25000.0,500.0,4328800.0
1751,2021-10-17 06:33:34,25000.0,1000.0,4328300.0
1752,2021-10-17 06:33:33,25000.0,200.0,4327300.0
1753,2021-10-17 06:33:29,25000.0,300.0,4327100.0
1754,2021-10-17 06:33:21,25000.0,900.0,4326800.0
1755,2021-10-17 06:33:15,24950.0,10000.0,4325900.0
1756,2021-10-17 06:33:13,25000.0,200.0,4315900.0
1757,2021-10-17 06:33:05,25000.0,400.0,4315700.0
1758,2021-10-17 06:33:00,25000.0,200.0,4315300.0
1759,2021-10-17 06:33:00,25000.0,500.0,4315100.0
1760,2021-10-17 06:33:00,25000.0,1300.0,4314600.0
1761,2021-10-17 06:32:55,25000.0,800.0,4313300.0
1762,2021-10-17 06:32:55,25000.0,1000.0,4312500.0
1763,2021-10-17 06:32:55,25000.0,200.0,4311500.0
1764,2021-10-17 06:32:51,24950.0,700.0,4311300.0
1765,2021-10-17 06:32:51,24950.0,100.0,4310600.0
1766,2021-10-17 06:32:51,24950.0,200.0,4310500.0
1767,2021-10-17 06:32:45,25000.0,100.0,4310300.0
1768,2021-10-17 06:32:45,25000.0,1000.0,4310200.0
1769,2021-10-17 06:32:45,25000.0,1300.0,4309200.0
1770,2021-10-17 06:32:43,25000.0,200.0,4307900.0
1771,2021-10-17 06:32:43,25000.0,800.0,4307700.0
1772,2021-10-17 06:32:42,25000.0,100.0,4306900.0
1773,2021-10-17 06:32:35,25000.0,800.0,4306800.0
1774,2021-10-17 06:32:35,25000.0,100.0,4306000.0
1775,2021-10-17 06:32:29,25000.0,1000.0,4305900.0
1776,2021-10-17 06:32:28,25000.0,300.0,4304900.0
1777,2021-10-17 06:32:25,25000.0,200.0,4304600.0
1778,2021-10-17 06:32:21,25000.0,100.0,4304400.0
1779,2021-10-17 06:32:21,25000.0,100.0,4304300.0
1780,2021-10-17 06:32:21,25000.0,200.0,4304200.0
1781,2021-10-17 06:32:21,25000.0,200.0,4304000.0
1782,2021-10-17 06:32:21,25000.0,1100.0,4303800.0
1783,2021-10-17 06:32:17,25000.0,100.0,4302700.0
1784,2021-10-17 06:32:12,25000.0,800.0,4302600.0
1785,2021-10-17 06:32:12,25000.0,200.0,4301800.0
1786,2021-10-17 06:32:11,25000.0,300.0,4301600.0
1787,2021-10-17 06:32:11,25000.0,2000.0,4301300.0
1788,2021-10-17 06:32:11,25000.0,7700.0,4299300.0
1789,2021-10-17 06:31:55,25000.0,600.0,4291600.0
1790,2021-10-17 06:31:54,25050.0,300.0,4291000.0
1791,2021-10-17 06:31:52,25000.0,300.0,4290700.0
1792,2021-10-17 06:31:48,25000.0,4000.0,4290400.0
1793,2021-10-17 06:31:48,25000.0,500.0,4286400.0
1794,2021-10-17 06:31:48,25000.0,4000.0,4285900.0
1795,2021-10-17 06:31:48,25000.0,1000.0,4281900.0
1796,2021-10-17 06:31:48,25000.0,5000.0,4280900.0
1797,2021-10-17 06:31:48,25000.0,1000.0,4275900.0
1798,2021-10-17 06:31:48,25000.0,200.0,4274900.0
1799,2021-10-17 06:31:48,25000.0,700.0,4274700.0
1800,2021-10-17 06:31:42,25000.0,200.0,4274000.0
1801,2021-10-17 06:31:38,25000.0,100.0,4273800.0
1802,2021-10-17 06:31:38,25000.0,100.0,4273700.0
1803,2021-10-17 06:31:36,25000.0,300.0,4273600.0
1804,2021-10-17 06:31:36,25000.0,200.0,4273300.0
1805,2021-10-17 06:31:35,25000.0,2000.0,4273100.0
1806,2021-10-17 06:31:28,25000.0,100.0,4271100.0
1807,2021-10-17 06:31:22,25000.0,200.0,4271000.0
1808,2021-10-17 06:31:19,25000.0,500.0,4270800.0
1809,2021-10-17 06:31:17,25000.0,2200.0,4270300.0
1810,2021-10-17 06:31:15,25000.0,1000.0,4268100.0
1811,2021-10-17 06:31:13,25000.0,200.0,4267100.0
1812,2021-10-17 06:31:13,25000.0,1000.0,4266900.0
1813,2021-10-17 06:31:13,25000.0,200.0,4265900.0
1814,2021-10-17 06:31:13,25000.0,500.0,4265700.0
1815,2021-10-17 06:31:13,25000.0,5000.0,4265200.0
1816,2021-10-17 06:31:13,25000.0,500.0,4260200.0
1817,2021-10-17 06:31:13,25000.0,5000.0,4259700.0
1818,2021-10-17 06:31:13,25000.0,1400.0,4254700.0
1819,2021-10-17 06:31:11,25000.0,2000.0,4253300.0
1820,2021-10-17 06:30:40,25000.0,1600.0,4251300.0
1821,2021-10-17 06:30:40,25000.0,1000.0,4249700.0
1822,2021-10-17 06:30:40,25000.0,500.0,4248700.0
1823,2021-10-17 06:30:40,25000.0,2000.0,4248200.0
1824,2021-10-17 06:30:40,25000.0,2700.0,4246200.0
1825,2021-10-17 06:30:40,25000.0,500.0,4243500.0
1826,2021-10-17 06:30:40,25000.0,2000.0,4243000.0
1827,2021-10-17 06:30:40,25000.0,1000.0,4241000.0
1828,2021-10-17 06:30:40,25000.0,200.0,4240000.0
1829,2021-10-17 06:30:40,25000.0,700.0,4239800.0
1830,2021-10-17 06:30:40,25000.0,200.0,4239100.0
1831,2021-10-17 06:30:40,25000.0,1000.0,4238900.0
1832,2021-10-17 06:30:40,25000.0,500.0,4237900.0
1833,2021-10-17 06:30:40,25000.0,1000.0,4237400.0
1834,2021-10-17 06:30:40,25000.0,500.0,4236400.0
1835,2021-10-17 06:30:40,25000.0,100.0,4235900.0
1836,2021-10-17 06:30:40,25000.0,1000.0,4235800.0
1837,2021-10-17 06:30:40,25000.0,1000.0,4234800.0
1838,2021-10-17 06:30:40,25000.0,100.0,4233800.0
1839,2021-10-17 06:30:40,25000.0,300.0,4233700.0
1840,2021-10-17 06:30:40,25000.0,500.0,4233400.0
1841,2021-10-17 06:30:40,25000.0,200.0,4232900.0
1842,2021-10-17 06:30:40,25000.0,400.0,4232700.0
1843,2021-10-17 06:30:40,25000.0,100.0,4232300.0
1844,2021-10-17 06:30:40,25000.0,200.0,4232200.0
1845,2021-10-17 06:30:40,25000.0,700.0,4232000.0
1846,2021-10-17 06:29:07,25050.0,100.0,4231300.0
1847,2021-10-17 06:28:44,25000.0,400.0,4231200.0
1848,2021-10-17 06:28:38,25000.0,1300.0,4230800.0
1849,2021-10-17 06:28:38,25000.0,100.0,4229500.0
1850,2021-10-17 06:28:38,25000.0,600.0,4229400.0
1851,2021-10-17 06:28:38,25000.0,2000.0,4228800.0
1852,2021-10-17 06:28:38,25000.0,100.0,4226800.0
1853,2021-10-17 06:28:38,25000.0,2400.0,4226700.0
1854,2021-10-17 06:28:37,25050.0,100.0,4224300.0
1855,2021-10-17 06:28:37,25000.0,100.0,4224200.0
1856,2021-10-17 06:28:35,25050.0,2500.0,4224100.0
1857,2021-10-17 06:28:33,25050.0,500.0,4221600.0
1858,2021-10-17 06:28:32,25000.0,2500.0,4221100.0
1859,2021-10-17 06:28:32,25000.0,400.0,4218600.0
1860,2021-10-17 06:28:32,25000.0,100.0,4218200.0
1861,2021-10-17 06:28:32,25000.0,1000.0,4218100.0
1862,2021-10-17 06:28:32,25000.0,100.0,4217100.0
1863,2021-10-17 06:28:32,25000.0,600.0,4217000.0
1864,2021-10-17 06:28:32,25000.0,300.0,4216400.0
1865,2021-10-17 06:28:23,25000.0,800.0,4216100.0
1866,2021-10-17 06:28:23,25000.0,500.0,4215300.0
1867,2021-10-17 06:28:23,25000.0,300.0,4214800.0
1868,2021-10-17 06:28:23,25000.0,1000.0,4214500.0
1869,2021-10-17 06:28:23,25000.0,2000.0,4213500.0
1870,2021-10-17 06:28:23,25000.0,100.0,4211500.0
1871,2021-10-17 06:28:23,25000.0,300.0,4211400.0
1872,2021-10-17 06:28:23,25000.0,1000.0,4211100.0
1873,2021-10-17 06:28:23,25000.0,100.0,4210100.0
1874,2021-10-17 06:28:23,25000.0,8000.0,4210000.0
1875,2021-10-17 06:28:23,25000.0,1000.0,4202000.0
1876,2021-10-17 06:28:23,25000.0,1000.0,4201000.0
1877,2021-10-17 06:28:23,25000.0,100.0,4200000.0
1878,2021-10-17 06:28:23,25000.0,500.0,4199900.0
1879,2021-10-17 06:28:23,25000.0,3300.0,4199400.0
1880,2021-10-17 06:28:14,25000.0,1200.0,4196100.0
1881,2021-10-17 06:28:14,25000.0,600.0,4194900.0
1882,2021-10-17 06:28:14,25000.0,500.0,4194300.0
1883,2021-10-17 06:28:14,25000.0,1000.0,4193800.0
1884,2021-10-17 06:28:14,25000.0,400.0,4192800.0
1885,2021-10-17 06:28:14,25000.0,300.0,4192400.0
1886,2021-10-17 06:28:14,25000.0,1000.0,4192100.0
1887,2021-10-17 06:28:14,25000.0,100.0,4191100.0
1888,2021-10-17 06:28:14,25000.0,1500.0,4191000.0
1889,2021-10-17 06:28:14,25000.0,400.0,4189500.0
1890,2021-10-17 06:28:06,25050.0,100.0,4189100.0
1891,2021-10-17 06:28:06,25000.0,500.0,4189000.0
1892,2021-10-17 06:28:02,25000.0,400.0,4188500.0
1893,2021-10-17 06:28:02,25000.0,400.0,4188100.0
1894,2021-10-17 06:28:02,25000.0,300.0,4187700.0
1895,2021-10-17 06:28:02,25000.0,900.0,4187400.0
1896,2021-10-17 06:27:47,25000.0,4100.0,4186500.0
1897,2021-10-17 06:27:47,25000.0,1000.0,4182400.0
1898,2021-10-17 06:27:47,25000.0,200.0,4181400.0
1899,2021-10-17 06:27:47,25000.0,1600.0,4181200.0
1900,2021-10-17 06:27:47,25000.0,1000.0,4179600.0
1901,2021-10-17 06:27:47,25000.0,1000.0,4178600.0
1902,2021-10-17 06:27:47,25000.0,100.0,4177600.0
1903,2021-10-17 06:27:47,25000.0,1000.0,4177500.0
1904,2021-10-17 06:27:47,25000.0,500.0,4176500.0
1905,2021-10-17 06:27:47,25000.0,900.0,4176000.0
1906,2021-10-17 06:27:27,25050.0,200.0,4175100.0
1907,2021-10-17 06:27:21,25050.0,100.0,4174900.0
1908,2021-10-17 06:27:16,25000.0,100.0,4174800.0
1909,2021-10-17 06:26:31,25050.0,200.0,4174700.0
1910,2021-10-17 06:26:27,25050.0,200.0,4174500.0
1911,2021-10-17 06:26:27,25050.0,300.0,4174300.0
1912,2021-10-17 06:26:27,25050.0,4700.0,4174000.0
1913,2021-10-17 06:26:27,25050.0,500.0,4169300.0
1914,2021-10-17 06:26:16,25050.0,200.0,4168800.0
1915,2021-10-17 06:26:04,25050.0,300.0,4168600.0
1916,2021-10-17 06:26:04,25050.0,500.0,4168300.0
1917,2021-10-17 06:26:04,25050.0,500.0,4167800.0
1918,2021-10-17 06:26:04,25050.0,200.0,4167300.0
1919,2021-10-17 06:25:34,25050.0,300.0,4167100.0
1920,2021-10-17 06:25:08,25050.0,1500.0,4166800.0
1921,2021-10-17 06:24:53,25050.0,5000.0,4165300.0
1922,2021-10-17 06:24:35,25050.0,100.0,4160300.0
1923,2021-10-17 06:24:35,25050.0,100.0,4160200.0
1924,2021-10-17 06:24:34,25050.0,500.0,4160100.0
1925,2021-10-17 06:24:26,25050.0,500.0,4159600.0
1926,2021-10-17 06:24:16,25050.0,900.0,4159100.0
1927,2021-10-17 06:24:16,25050.0,100.0,4158200.0
1928,2021-10-17 06:23:56,25050.0,4900.0,4158100.0
1929,2021-10-17 06:23:56,25050.0,900.0,4153200.0
1930,2021-10-17 06:23:56,25050.0,300.0,4152300.0
1931,2021-10-17 06:23:56,25050.0,900.0,4152000.0
1932,2021-10-17 06:23:56,25050.0,3000.0,4151100.0
1933,2021-10-17 06:23:45,25050.0,2000.0,4148100.0
1934,2021-10-17 06:23:45,25050.0,100.0,4146100.0
1935,2021-10-17 06:23:45,25050.0,600.0,4146000.0
1936,2021-10-17 06:23:45,25050.0,2300.0,4145400.0
1937,2021-10-17 06:23:32,25050.0,2000.0,4143100.0
1938,2021-10-17 06:23:08,25100.0,100.0,4141100.0
1939,2021-10-17 06:23:01,25100.0,200.0,4141000.0
1940,2021-10-17 06:22:54,25100.0,2000.0,4140800.0
1941,2021-10-17 06:22:49,25100.0,4800.0,4138800.0
1942,2021-10-17 06:22:46,25100.0,200.0,4134000.0
1943,2021-10-17 06:22:46,25100.0,100.0,4133800.0
1944,2021-10-17 06:22:46,25100.0,100.0,4133700.0
1945,2021-10-17 06:22:46,25100.0,3000.0,4133600.0
1946,2021-10-17 06:22:46,25100.0,1600.0,4130600.0
1947,2021-10-17 06:22:42,25100.0,3400.0,4129000.0
1948,2021-10-17 06:22:42,25100.0,600.0,4125600.0
1949,2021-10-17 06:22:40,25150.0,300.0,4125000.0
1950,2021-10-17 06:22:30,25100.0,2300.0,4124700.0
1951,2021-10-17 06:21:59,25150.0,300.0,4122400.0
1952,2021-10-17 06:21:59,25150.0,100.0,4122100.0
1953,2021-10-17 06:21:56,25150.0,300.0,4122000.0
1954,2021-10-17 06:21:46,25100.0,100.0,4121700.0
1955,2021-10-17 06:21:38,25150.0,100.0,4121600.0
1956,2021-10-17 06:21:37,25150.0,600.0,4121500.0
1957,2021-10-17 06:21:37,25150.0,400.0,4120900.0
1958,2021-10-17 06:20:58,25150.0,400.0,4120500.0
1959,2021-10-17 06:20:42,25150.0,2000.0,4120100.0
1960,2021-10-17 06:20:35,25150.0,1200.0,4118100.0
1961,2021-10-17 06:20:35,25150.0,100.0,4116900.0
1962,2021-10-17 06:20:35,25150.0,100.0,4116800.0
1963,2021-10-17 06:20:35,25150.0,400.0,4116700.0
1964,2021-10-17 06:20:35,25150.0,200.0,4116300.0
1965,2021-10-17 06:20:34,25100.0,4000.0,4116100.0
1966,2021-10-17 06:20:27,25100.0,2000.0,4112100.0
1967,2021-10-17 06:20:27,25100.0,5000.0,4110100.0
1968,2021-10-17 06:20:27,25100.0,500.0,4105100.0
1969,2021-10-17 06:20:12,25100.0,100.0,4104600.0
1970,2021-10-17 06:19:58,25100.0,100.0,4104500.0
1971,2021-10-17 06:19:56,25150.0,100.0,4104400.0
1972,2021-10-17 06:19:56,25150.0,1700.0,4104300.0
1973,2021-10-17 06:19:56,25150.0,300.0,4102600.0
1974,2021-10-17 06:19:50,25150.0,200.0,4102300.0
1975,2021-10-17 06:19:47,25150.0,100.0,4102100.0
1976,2021-10-17 06:19:36,25150.0,1000.0,4102000.0
1977,2021-10-17 06:19:25,25150.0,3000.0,4101000.0
1978,2021-10-17 06:19:19,25150.0,400.0,4098000.0
1979,2021-10-17 06:19:19,25150.0,300.0,4097600.0
1980,2021-10-17 06:18:56,25150.0,200.0,4097300.0
1981,2021-10-17 06:18:49,25200.0,500.0,4097100.0
1982,2021-10-17 06:18:49,25200.0,500.0,4096600.0
1983,2021-10-17 06:18:20,25200.0,500.0,4096100.0
1984,2021-10-17 06:18:20,25200.0,100.0,4095600.0
1985,2021-10-17 06:18:05,25200.0,800.0,4095500.0
1986,2021-10-17 06:18:05,25150.0,100.0,4094700.0
1987,2021-10-17 06:17:58,25150.0,200.0,4094600.0
1988,2021-10-17 06:17:43,25200.0,5000.0,4094400.0
1989,2021-10-17 06:17:43,25200.0,400.0,4089400.0
1990,2021-10-17 06:17:43,25200.0,100.0,4089000.0
1991,2021-10-17 06:17:43,25200.0,100.0,4088900.0
1992,2021-10-17 06:17:43,25200.0,1000.0,4088800.0
1993,2021-10-17 06:17:43,25200.0,3000.0,4087800.0
1994,2021-10-17 06:17:43,25200.0,1000.0,4084800.0
1995,2021-10-17 06:17:43,25200.0,100.0,4083800.0
1996,2021-10-17 06:17:43,25200.0,100.0,4083700.0
1997,2021-10-17 06:17:43,25200.0,500.0,4083600.0
1998,2021-10-17 06:17:43,25200.0,100.0,4083100.0
1999,2021-10-17 06:17:43,25200.0,100.0,4083000.0
2000,2021-10-17 06:17:43,25200.0,3500.0,4082900.0
2001,2021-10-17 06:17:43,25200.0,1000.0,4079400.0
2002,2021-10-17 06:17:43,25200.0,500.0,4078400.0
2003,2021-10-17 06:17:43,25200.0,100.0,4077900.0
2004,2021-10-17 06:17:43,25200.0,5000.0,4077800.0
2005,2021-10-17 06:17:43,25200.0,100.0,4072800.0
2006,2021-10-17 06:17:43,25200.0,2000.0,4072700.0
2007,2021-10-17 06:17:43,25200.0,1000.0,4070700.0
2008,2021-10-17 06:17:43,25200.0,500.0,4069700.0
2009,2021-10-17 06:17:43,25200.0,100.0,4069200.0
2010,2021-10-17 06:17:43,25200.0,1000.0,4069100.0
2011,2021-10-17 06:17:43,25200.0,2500.0,4068100.0
2012,2021-10-17 06:17:43,25200.0,700.0,4065600.0
2013,2021-10-17 06:17:43,25200.0,500.0,4064900.0
2014,2021-10-17 06:17:43,25200.0,4400.0,4064400.0
2015,2021-10-17 06:17:43,25200.0,100.0,4060000.0
2016,2021-10-17 06:17:43,25200.0,600.0,4059900.0
2017,2021-10-17 06:17:43,25200.0,500.0,4059300.0
2018,2021-10-17 06:17:43,25200.0,1000.0,4058800.0
2019,2021-10-17 06:17:43,25200.0,100.0,4057800.0
2020,2021-10-17 06:17:43,25200.0,1000.0,4057700.0
2021,2021-10-17 06:17:43,25200.0,200.0,4056700.0
2022,2021-10-17 06:17:43,25200.0,1000.0,4056500.0
2023,2021-10-17 06:17:43,25200.0,2000.0,4055500.0
2024,2021-10-17 06:17:43,25200.0,500.0,4053500.0
2025,2021-10-17 06:17:43,25200.0,200.0,4053000.0
2026,2021-10-17 06:17:43,25200.0,1000.0,4052800.0
2027,2021-10-17 06:17:43,25200.0,100.0,4051800.0
2028,2021-10-17 06:17:43,25200.0,300.0,4051700.0
2029,2021-10-17 06:17:43,25200.0,10000.0,4051400.0
2030,2021-10-17 06:17:43,25200.0,2000.0,4041400.0
2031,2021-10-17 06:17:43,25200.0,100.0,4039400.0
2032,2021-10-17 06:17:43,25200.0,500.0,4039300.0
2033,2021-10-17 06:17:43,25200.0,400.0,4038800.0
2034,2021-10-17 06:17:43,25200.0,200.0,4038400.0
2035,2021-10-17 06:17:43,25200.0,5000.0,4038200.0
2036,2021-10-17 06:17:43,25200.0,100.0,4033200.0
2037,2021-10-17 06:17:43,25200.0,2000.0,4033100.0
2038,2021-10-17 06:17:43,25200.0,500.0,4031100.0
2039,2021-10-17 06:17:43,25200.0,1000.0,4030600.0
2040,2021-10-17 06:17:43,25200.0,100.0,4029600.0
2041,2021-10-17 06:17:43,25200.0,100.0,4029500.0
2042,2021-10-17 06:17:43,25200.0,100.0,4029400.0
2043,2021-10-17 06:17:43,25200.0,1000.0,4029300.0
2044,2021-10-17 06:17:43,25200.0,2000.0,4028300.0
