,Time,Price,Volume_per_trade,Volume
0,2021-10-19 07:45:01,25700.0,1000.0,5811400.0
1,2021-10-19 07:45:01,25700.0,200.0,5810400.0
2,2021-10-19 07:45:01,25700.0,1000.0,5810200.0
3,2021-10-19 07:45:01,25700.0,2000.0,5809200.0
4,2021-10-19 07:45:01,25700.0,200.0,5807200.0
5,2021-10-19 07:45:01,25700.0,200.0,5807000.0
6,2021-10-19 07:45:01,25700.0,300.0,5806800.0
7,2021-10-19 07:45:01,25700.0,500.0,5806500.0
8,2021-10-19 07:45:01,25700.0,1000.0,5806000.0
9,2021-10-19 07:45:01,25700.0,200.0,5805000.0
10,2021-10-19 07:45:01,25700.0,1000.0,5804800.0
11,2021-10-19 07:45:01,25700.0,200.0,5803800.0
12,2021-10-19 07:45:01,25700.0,3000.0,5803600.0
13,2021-10-19 07:45:01,25700.0,1500.0,5800600.0
14,2021-10-19 07:45:01,25700.0,400.0,5799100.0
15,2021-10-19 07:45:01,25700.0,400.0,5798700.0
16,2021-10-19 07:45:01,25700.0,1500.0,5798300.0
17,2021-10-19 07:45:01,25700.0,1000.0,5796800.0
18,2021-10-19 07:45:01,25700.0,1500.0,5795800.0
19,2021-10-19 07:45:01,25700.0,1500.0,5794300.0
20,2021-10-19 07:45:01,25700.0,10800.0,5792800.0
21,2021-10-19 07:45:01,25700.0,300.0,5782000.0
22,2021-10-19 07:45:01,25700.0,2200.0,5781700.0
23,2021-10-19 07:45:01,25700.0,2000.0,5779500.0
24,2021-10-19 07:45:01,25700.0,300.0,5777500.0
25,2021-10-19 07:45:01,25700.0,2000.0,5777200.0
26,2021-10-19 07:45:01,25700.0,100.0,5775200.0
27,2021-10-19 07:45:01,25700.0,500.0,5775100.0
28,2021-10-19 07:45:01,25700.0,700.0,5774600.0
29,2021-10-19 07:45:01,25700.0,100.0,5773900.0
30,2021-10-19 07:45:01,25700.0,500.0,5773800.0
31,2021-10-19 07:45:01,25700.0,1600.0,5773300.0
32,2021-10-19 07:45:01,25700.0,1400.0,5771700.0
33,2021-10-19 07:45:01,25700.0,2000.0,5770300.0
34,2021-10-19 07:45:01,25700.0,500.0,5768300.0
35,2021-10-19 07:45:01,25700.0,100.0,5767800.0
36,2021-10-19 07:45:01,25700.0,10000.0,5767700.0
37,2021-10-19 07:45:01,25700.0,500.0,5757700.0
38,2021-10-19 07:45:01,25700.0,5000.0,5757200.0
39,2021-10-19 07:45:01,25700.0,300.0,5752200.0
40,2021-10-19 07:45:01,25700.0,25300.0,5751900.0
41,2021-10-19 07:45:01,25700.0,1000.0,5726600.0
42,2021-10-19 07:45:01,25700.0,200.0,5725600.0
43,2021-10-19 07:45:01,25700.0,5000.0,5725400.0
44,2021-10-19 07:45:01,25700.0,20000.0,5720400.0
45,2021-10-19 07:45:01,25700.0,1000.0,5700400.0
46,2021-10-19 07:45:01,25700.0,1000.0,5699400.0
47,2021-10-19 07:45:01,25700.0,3500.0,5698400.0
48,2021-10-19 07:45:01,25700.0,1000.0,5694900.0
49,2021-10-19 07:45:01,25700.0,20000.0,5693900.0
50,2021-10-19 07:45:01,25700.0,1000.0,5673900.0
51,2021-10-19 07:45:01,25700.0,200.0,5672900.0
52,2021-10-19 07:45:01,25700.0,1000.0,5672700.0
53,2021-10-19 07:45:01,25700.0,1000.0,5671700.0
54,2021-10-19 07:45:01,25700.0,300.0,5670700.0
55,2021-10-19 07:45:01,25700.0,3100.0,5670400.0
56,2021-10-19 07:45:01,25700.0,1000.0,5667300.0
57,2021-10-19 07:45:01,25700.0,100.0,5666300.0
58,2021-10-19 07:45:01,25700.0,15000.0,5666200.0
59,2021-10-19 07:45:01,25700.0,800.0,5651200.0
60,2021-10-19 07:45:01,25700.0,3800.0,5650400.0
61,2021-10-19 07:45:01,25700.0,1000.0,5646600.0
62,2021-10-19 07:45:01,25700.0,200.0,5645600.0
63,2021-10-19 07:45:01,25700.0,200.0,5645400.0
64,2021-10-19 07:45:01,25700.0,5000.0,5645200.0
65,2021-10-19 07:45:01,25700.0,4000.0,5640200.0
66,2021-10-19 07:45:01,25700.0,600.0,5636200.0
67,2021-10-19 07:45:01,25700.0,4400.0,5635600.0
68,2021-10-19 07:45:01,25700.0,600.0,5631200.0
69,2021-10-19 07:45:01,25700.0,9400.0,5630600.0
70,2021-10-19 07:45:01,25700.0,600.0,5621200.0
71,2021-10-19 07:45:01,25700.0,400.0,5620600.0
72,2021-10-19 07:45:01,25700.0,100.0,5620200.0
73,2021-10-19 07:45:01,25700.0,1000.0,5620100.0
74,2021-10-19 07:45:01,25700.0,400.0,5619100.0
75,2021-10-19 07:45:01,25700.0,200.0,5618700.0
76,2021-10-19 07:45:01,25700.0,1000.0,5618500.0
77,2021-10-19 07:45:01,25700.0,300.0,5617500.0
78,2021-10-19 07:45:01,25700.0,700.0,5617200.0
79,2021-10-19 07:45:01,25700.0,100.0,5616500.0
80,2021-10-19 07:45:01,25700.0,5000.0,5616400.0
81,2021-10-19 07:45:01,25700.0,5000.0,5611400.0
82,2021-10-19 07:45:01,25700.0,1800.0,5606400.0
83,2021-10-19 07:45:01,25700.0,900.0,5604600.0
84,2021-10-19 07:45:01,25700.0,100.0,5603700.0
85,2021-10-19 07:45:01,25700.0,200.0,5603600.0
86,2021-10-19 07:45:01,25700.0,300.0,5603400.0
87,2021-10-19 07:45:01,25700.0,800.0,5603100.0
88,2021-10-19 07:45:01,25700.0,200.0,5602300.0
89,2021-10-19 07:45:01,25700.0,100.0,5602100.0
90,2021-10-19 07:45:01,25700.0,100.0,5602000.0
91,2021-10-19 07:45:01,25700.0,200.0,5601900.0
92,2021-10-19 07:45:01,25700.0,100.0,5601700.0
93,2021-10-19 07:45:01,25700.0,100.0,5601600.0
94,2021-10-19 07:45:01,25700.0,300.0,5601500.0
95,2021-10-19 07:45:01,25700.0,1000.0,5601200.0
96,2021-10-19 07:45:01,25700.0,7000.0,5600200.0
97,2021-10-19 07:45:01,25700.0,2000.0,5593200.0
98,2021-10-19 07:45:01,25700.0,2000.0,5591200.0
99,2021-10-19 07:45:01,25700.0,1000.0,5589200.0
100,2021-10-19 07:45:01,25700.0,100.0,5588200.0
101,2021-10-19 07:45:01,25700.0,1600.0,5588100.0
102,2021-10-19 07:45:01,25700.0,200.0,5586500.0
103,2021-10-19 07:45:01,25700.0,200.0,5586300.0
104,2021-10-19 07:45:01,25700.0,200.0,5586100.0
105,2021-10-19 07:45:01,25700.0,100.0,5585900.0
106,2021-10-19 07:45:01,25700.0,100.0,5585800.0
107,2021-10-19 07:45:01,25700.0,100.0,5585700.0
108,2021-10-19 07:29:53,25700.0,11500.0,5585600.0
109,2021-10-19 07:29:48,25700.0,3000.0,5574100.0
110,2021-10-19 07:29:40,25700.0,300.0,5571100.0
111,2021-10-19 07:29:39,25700.0,200.0,5570800.0
112,2021-10-19 07:29:24,25700.0,5000.0,5570600.0
113,2021-10-19 07:29:24,25650.0,1000.0,5565600.0
114,2021-10-19 07:29:13,25700.0,6800.0,5564600.0
115,2021-10-19 07:28:58,25650.0,7000.0,5557800.0
116,2021-10-19 07:28:58,25650.0,100.0,5550800.0
117,2021-10-19 07:28:58,25650.0,2900.0,5550700.0
118,2021-10-19 07:28:57,25650.0,100.0,5547800.0
119,2021-10-19 07:28:57,25650.0,100.0,5547700.0
120,2021-10-19 07:28:57,25650.0,1000.0,5547600.0
121,2021-10-19 07:28:57,25650.0,1000.0,5546600.0
122,2021-10-19 07:28:57,25650.0,2000.0,5545600.0
123,2021-10-19 07:28:57,25650.0,500.0,5543600.0
124,2021-10-19 07:28:57,25650.0,5900.0,5543100.0
125,2021-10-19 07:28:49,25700.0,100.0,5537200.0
126,2021-10-19 07:28:37,25650.0,2000.0,5537100.0
127,2021-10-19 07:28:34,25650.0,1300.0,5535100.0
128,2021-10-19 07:28:33,25650.0,800.0,5533800.0
129,2021-10-19 07:28:33,25650.0,500.0,5533000.0
130,2021-10-19 07:28:33,25650.0,1200.0,5532500.0
131,2021-10-19 07:28:28,25700.0,100.0,5531300.0
132,2021-10-19 07:28:19,25650.0,800.0,5531200.0
133,2021-10-19 07:28:15,25650.0,200.0,5530400.0
134,2021-10-19 07:28:13,25650.0,400.0,5530200.0
135,2021-10-19 07:28:13,25650.0,2600.0,5529800.0
136,2021-10-19 07:28:13,25650.0,200.0,5527200.0
137,2021-10-19 07:28:12,25650.0,11000.0,5527000.0
138,2021-10-19 07:28:12,25650.0,2000.0,5516000.0
139,2021-10-19 07:28:12,25650.0,4200.0,5514000.0
140,2021-10-19 07:28:08,25650.0,500.0,5509800.0
141,2021-10-19 07:28:05,25650.0,500.0,5509300.0
142,2021-10-19 07:27:58,25650.0,6600.0,5508800.0
143,2021-10-19 07:27:58,25650.0,3400.0,5502200.0
144,2021-10-19 07:27:56,25650.0,100.0,5498800.0
145,2021-10-19 07:27:53,25650.0,1000.0,5498700.0
146,2021-10-19 07:27:53,25650.0,500.0,5497700.0
147,2021-10-19 07:27:49,25650.0,1500.0,5497200.0
148,2021-10-19 07:27:48,25700.0,100.0,5495700.0
149,2021-10-19 07:27:48,25650.0,1000.0,5495600.0
150,2021-10-19 07:27:48,25650.0,1000.0,5494600.0
151,2021-10-19 07:27:41,25650.0,500.0,5493600.0
152,2021-10-19 07:27:37,25650.0,500.0,5493100.0
153,2021-10-19 07:27:32,25650.0,1000.0,5492600.0
154,2021-10-19 07:27:32,25650.0,500.0,5491600.0
155,2021-10-19 07:27:32,25650.0,100.0,5491100.0
156,2021-10-19 07:27:32,25650.0,100.0,5491000.0
157,2021-10-19 07:27:32,25650.0,200.0,5490900.0
158,2021-10-19 07:27:32,25650.0,200.0,5490700.0
159,2021-10-19 07:27:32,25650.0,1000.0,5490500.0
160,2021-10-19 07:27:32,25650.0,3000.0,5489500.0
161,2021-10-19 07:27:32,25650.0,1000.0,5486500.0
162,2021-10-19 07:27:32,25650.0,4500.0,5485500.0
163,2021-10-19 07:27:32,25650.0,500.0,5481000.0
164,2021-10-19 07:27:32,25650.0,1500.0,5480500.0
165,2021-10-19 07:27:32,25650.0,300.0,5479000.0
166,2021-10-19 07:27:32,25650.0,100.0,5478700.0
167,2021-10-19 07:27:32,25650.0,1300.0,5478600.0
168,2021-10-19 07:27:32,25650.0,200.0,5477300.0
169,2021-10-19 07:27:32,25650.0,500.0,5477100.0
170,2021-10-19 07:27:32,25650.0,100.0,5476600.0
171,2021-10-19 07:27:32,25650.0,100.0,5476500.0
172,2021-10-19 07:27:32,25650.0,300.0,5476400.0
173,2021-10-19 07:27:32,25650.0,500.0,5476100.0
174,2021-10-19 07:27:32,25650.0,100.0,5475600.0
175,2021-10-19 07:27:32,25650.0,500.0,5475500.0
176,2021-10-19 07:27:32,25650.0,500.0,5475000.0
177,2021-10-19 07:27:32,25650.0,1000.0,5474500.0
178,2021-10-19 07:27:32,25650.0,2000.0,5473500.0
179,2021-10-19 07:27:32,25650.0,20000.0,5471500.0
180,2021-10-19 07:27:32,25650.0,2000.0,5451500.0
181,2021-10-19 07:27:32,25650.0,1000.0,5449500.0
182,2021-10-19 07:27:32,25650.0,900.0,5448500.0
183,2021-10-19 07:27:32,25650.0,1000.0,5447600.0
184,2021-10-19 07:27:32,25650.0,200.0,5446600.0
185,2021-10-19 07:27:32,25650.0,1000.0,5446400.0
186,2021-10-19 07:27:32,25650.0,600.0,5445400.0
187,2021-10-19 07:27:32,25650.0,1000.0,5444800.0
188,2021-10-19 07:27:32,25650.0,10000.0,5443800.0
189,2021-10-19 07:27:32,25650.0,100.0,5433800.0
190,2021-10-19 07:27:32,25650.0,1000.0,5433700.0
191,2021-10-19 07:27:32,25650.0,400.0,5432700.0
192,2021-10-19 07:27:32,25650.0,100.0,5432300.0
193,2021-10-19 07:27:32,25650.0,200.0,5432200.0
194,2021-10-19 07:27:32,25650.0,200.0,5432000.0
195,2021-10-19 07:27:32,25650.0,1200.0,5431800.0
196,2021-10-19 07:27:32,25650.0,500.0,5430600.0
197,2021-10-19 07:27:32,25650.0,500.0,5430100.0
198,2021-10-19 07:27:32,25650.0,500.0,5429600.0
199,2021-10-19 07:27:32,25650.0,100.0,5429100.0
200,2021-10-19 07:27:32,25650.0,5000.0,5429000.0
201,2021-10-19 07:27:32,25650.0,1400.0,5424000.0
202,2021-10-19 07:26:59,25700.0,500.0,5422600.0
203,2021-10-19 07:26:35,25700.0,900.0,5422100.0
204,2021-10-19 07:26:33,25650.0,100.0,5421200.0
205,2021-10-19 07:26:33,25650.0,500.0,5421100.0
206,2021-10-19 07:26:32,25700.0,100.0,5420600.0
207,2021-10-19 07:25:22,25700.0,100.0,5420500.0
208,2021-10-19 07:25:19,25650.0,3000.0,5420400.0
209,2021-10-19 07:25:07,25700.0,200.0,5417400.0
210,2021-10-19 07:25:00,25700.0,400.0,5417200.0
211,2021-10-19 07:24:29,25700.0,500.0,5416800.0
212,2021-10-19 07:24:28,25650.0,1000.0,5416300.0
213,2021-10-19 07:24:24,25700.0,500.0,5415300.0
214,2021-10-19 07:24:24,25700.0,200.0,5414800.0
215,2021-10-19 07:24:20,25700.0,200.0,5414600.0
216,2021-10-19 07:24:18,25700.0,500.0,5414400.0
217,2021-10-19 07:24:04,25700.0,900.0,5413900.0
218,2021-10-19 07:24:04,25700.0,5000.0,5413000.0
219,2021-10-19 07:24:04,25700.0,1000.0,5408000.0
220,2021-10-19 07:24:04,25700.0,500.0,5407000.0
221,2021-10-19 07:24:04,25700.0,1000.0,5406500.0
222,2021-10-19 07:24:04,25700.0,1000.0,5405500.0
223,2021-10-19 07:24:04,25700.0,5000.0,5404500.0
224,2021-10-19 07:24:04,25700.0,20000.0,5399500.0
225,2021-10-19 07:24:04,25700.0,19100.0,5379500.0
226,2021-10-19 07:23:49,25750.0,500.0,5360400.0
227,2021-10-19 07:23:38,25700.0,900.0,5359900.0
228,2021-10-19 07:23:38,25700.0,2000.0,5359000.0
229,2021-10-19 07:23:38,25700.0,500.0,5357000.0
230,2021-10-19 07:23:38,25700.0,5000.0,5356500.0
231,2021-10-19 07:23:38,25700.0,3100.0,5351500.0
232,2021-10-19 07:23:34,25750.0,400.0,5348400.0
233,2021-10-19 07:23:15,25700.0,200.0,5348000.0
234,2021-10-19 07:23:06,25700.0,100.0,5347800.0
235,2021-10-19 07:23:06,25700.0,900.0,5347700.0
236,2021-10-19 07:23:04,25700.0,500.0,5346800.0
237,2021-10-19 07:22:51,25700.0,500.0,5346300.0
238,2021-10-19 07:22:31,25700.0,100.0,5345800.0
239,2021-10-19 07:22:23,25700.0,1300.0,5345700.0
240,2021-10-19 07:22:22,25700.0,200.0,5344400.0
241,2021-10-19 07:22:22,25700.0,800.0,5344200.0
242,2021-10-19 07:22:21,25700.0,700.0,5343400.0
243,2021-10-19 07:22:21,25700.0,100.0,5342700.0
244,2021-10-19 07:22:21,25700.0,200.0,5342600.0
245,2021-10-19 07:22:21,25700.0,800.0,5342400.0
246,2021-10-19 07:22:21,25700.0,1000.0,5341600.0
247,2021-10-19 07:22:21,25700.0,200.0,5340600.0
248,2021-10-19 07:22:19,25700.0,4800.0,5340400.0
249,2021-10-19 07:22:19,25700.0,100.0,5335600.0
250,2021-10-19 07:22:19,25700.0,100.0,5335500.0
251,2021-10-19 07:22:19,25700.0,500.0,5335400.0
252,2021-10-19 07:22:18,25700.0,400.0,5334900.0
253,2021-10-19 07:22:18,25700.0,600.0,5334500.0
254,2021-10-19 07:22:11,25700.0,100.0,5333900.0
255,2021-10-19 07:22:11,25700.0,100.0,5333800.0
256,2021-10-19 07:22:11,25700.0,19800.0,5333700.0
257,2021-10-19 07:22:03,25700.0,30000.0,5313900.0
258,2021-10-19 07:21:49,25700.0,200.0,5283900.0
259,2021-10-19 07:21:49,25650.0,500.0,5283700.0
260,2021-10-19 07:21:49,25650.0,500.0,5283200.0
261,2021-10-19 07:21:30,25700.0,500.0,5282700.0
262,2021-10-19 07:21:04,25700.0,300.0,5282200.0
263,2021-10-19 07:21:01,25700.0,100.0,5281900.0
264,2021-10-19 07:20:41,25700.0,1400.0,5281800.0
265,2021-10-19 07:20:22,25650.0,500.0,5280400.0
266,2021-10-19 07:20:22,25650.0,500.0,5279900.0
267,2021-10-19 07:20:09,25700.0,200.0,5279400.0
268,2021-10-19 07:20:00,25700.0,500.0,5279200.0
269,2021-10-19 07:19:54,25650.0,2000.0,5278700.0
270,2021-10-19 07:19:54,25650.0,1000.0,5276700.0
271,2021-10-19 07:19:29,25700.0,1000.0,5275700.0
272,2021-10-19 07:19:19,25700.0,100.0,5274700.0
273,2021-10-19 07:18:59,25700.0,1200.0,5274600.0
274,2021-10-19 07:18:59,25700.0,500.0,5273400.0
275,2021-10-19 07:18:59,25700.0,200.0,5272900.0
276,2021-10-19 07:18:59,25700.0,100.0,5272700.0
277,2021-10-19 07:18:59,25700.0,2000.0,5272600.0
278,2021-10-19 07:18:59,25700.0,400.0,5270600.0
279,2021-10-19 07:18:59,25700.0,1000.0,5270200.0
280,2021-10-19 07:18:59,25700.0,500.0,5269200.0
281,2021-10-19 07:18:59,25700.0,1000.0,5268700.0
282,2021-10-19 07:18:59,25700.0,100.0,5267700.0
283,2021-10-19 07:18:59,25700.0,500.0,5267600.0
284,2021-10-19 07:18:59,25700.0,1000.0,5267100.0
285,2021-10-19 07:18:59,25700.0,1000.0,5266100.0
286,2021-10-19 07:18:59,25700.0,1000.0,5265100.0
287,2021-10-19 07:18:59,25700.0,700.0,5264100.0
288,2021-10-19 07:18:59,25700.0,1000.0,5263400.0
289,2021-10-19 07:18:59,25700.0,400.0,5262400.0
290,2021-10-19 07:18:59,25700.0,3300.0,5262000.0
291,2021-10-19 07:18:59,25700.0,900.0,5258700.0
292,2021-10-19 07:18:59,25700.0,300.0,5257800.0
293,2021-10-19 07:18:59,25700.0,1000.0,5257500.0
294,2021-10-19 07:18:59,25700.0,3400.0,5256500.0
295,2021-10-19 07:18:59,25700.0,300.0,5253100.0
296,2021-10-19 07:18:59,25700.0,100.0,5252800.0
297,2021-10-19 07:18:59,25700.0,100.0,5252700.0
298,2021-10-19 07:18:59,25700.0,1000.0,5252600.0
299,2021-10-19 07:18:59,25700.0,1200.0,5251600.0
300,2021-10-19 07:18:59,25700.0,500.0,5250400.0
301,2021-10-19 07:18:59,25700.0,1000.0,5249900.0
302,2021-10-19 07:18:59,25700.0,7000.0,5248900.0
303,2021-10-19 07:18:59,25700.0,600.0,5241900.0
304,2021-10-19 07:18:59,25700.0,300.0,5241300.0
305,2021-10-19 07:18:59,25700.0,1000.0,5241000.0
306,2021-10-19 07:18:59,25700.0,500.0,5240000.0
307,2021-10-19 07:18:59,25700.0,100.0,5239500.0
308,2021-10-19 07:18:59,25700.0,100.0,5239400.0
309,2021-10-19 07:18:59,25700.0,1000.0,5239300.0
310,2021-10-19 07:18:59,25700.0,1000.0,5238300.0
311,2021-10-19 07:18:59,25700.0,200.0,5237300.0
312,2021-10-19 07:18:59,25700.0,1000.0,5237100.0
313,2021-10-19 07:18:59,25700.0,2000.0,5236100.0
314,2021-10-19 07:18:59,25700.0,5400.0,5234100.0
315,2021-10-19 07:18:46,25750.0,500.0,5228700.0
316,2021-10-19 07:18:45,25700.0,2000.0,5228200.0
317,2021-10-19 07:18:29,25750.0,1000.0,5226200.0
318,2021-10-19 07:18:13,25700.0,100.0,5225200.0
319,2021-10-19 07:18:13,25750.0,100.0,5225100.0
320,2021-10-19 07:17:59,25700.0,2500.0,5225000.0
321,2021-10-19 07:17:59,25700.0,200.0,5222500.0
322,2021-10-19 07:17:59,25700.0,100.0,5222300.0
323,2021-10-19 07:17:59,25700.0,200.0,5222200.0
324,2021-10-19 07:17:43,25750.0,5000.0,5222000.0
325,2021-10-19 07:17:36,25700.0,200.0,5217000.0
326,2021-10-19 07:17:35,25700.0,100.0,5216800.0
327,2021-10-19 07:17:34,25700.0,100.0,5216700.0
328,2021-10-19 07:17:34,25700.0,100.0,5216600.0
329,2021-10-19 07:17:34,25700.0,400.0,5216500.0
330,2021-10-19 07:17:34,25700.0,300.0,5216100.0
331,2021-10-19 07:17:34,25700.0,2900.0,5215800.0
332,2021-10-19 07:17:28,25700.0,500.0,5212900.0
333,2021-10-19 07:17:12,25700.0,1600.0,5212400.0
334,2021-10-19 07:17:12,25700.0,100.0,5210800.0
335,2021-10-19 07:16:54,25700.0,200.0,5210700.0
336,2021-10-19 07:16:54,25700.0,200.0,5210500.0
337,2021-10-19 07:16:48,25700.0,300.0,5210300.0
338,2021-10-19 07:16:48,25700.0,1200.0,5210000.0
339,2021-10-19 07:16:48,25700.0,200.0,5208800.0
340,2021-10-19 07:16:48,25700.0,500.0,5208600.0
341,2021-10-19 07:16:48,25700.0,500.0,5208100.0
342,2021-10-19 07:16:48,25700.0,500.0,5207600.0
343,2021-10-19 07:16:48,25700.0,600.0,5207100.0
344,2021-10-19 07:16:48,25700.0,100.0,5206500.0
345,2021-10-19 07:16:48,25700.0,100.0,5206400.0
346,2021-10-19 07:16:33,25750.0,2500.0,5206300.0
347,2021-10-19 07:16:23,25700.0,400.0,5203800.0
348,2021-10-19 07:16:23,25700.0,5000.0,5203400.0
349,2021-10-19 07:16:23,25700.0,100.0,5198400.0
350,2021-10-19 07:16:23,25700.0,100.0,5198300.0
351,2021-10-19 07:16:14,25700.0,100.0,5198200.0
352,2021-10-19 07:16:14,25700.0,200.0,5198100.0
353,2021-10-19 07:16:08,25700.0,600.0,5197900.0
354,2021-10-19 07:15:14,25700.0,1200.0,5197300.0
355,2021-10-19 07:15:14,25700.0,100.0,5196100.0
356,2021-10-19 07:15:14,25700.0,700.0,5196000.0
357,2021-10-19 07:15:14,25700.0,3000.0,5195300.0
358,2021-10-19 07:15:08,25700.0,2200.0,5192300.0
359,2021-10-19 07:15:08,25700.0,4800.0,5190100.0
360,2021-10-19 07:15:08,25700.0,500.0,5185300.0
361,2021-10-19 07:15:08,25700.0,500.0,5184800.0
362,2021-10-19 07:15:08,25700.0,800.0,5184300.0
363,2021-10-19 07:15:08,25700.0,1000.0,5183500.0
364,2021-10-19 07:15:08,25700.0,100.0,5182500.0
365,2021-10-19 07:15:08,25700.0,500.0,5182400.0
366,2021-10-19 07:15:08,25700.0,100.0,5181900.0
367,2021-10-19 07:15:08,25700.0,100.0,5181800.0
368,2021-10-19 07:15:08,25700.0,1000.0,5181700.0
369,2021-10-19 07:15:08,25700.0,300.0,5180700.0
370,2021-10-19 07:15:08,25700.0,400.0,5180400.0
371,2021-10-19 07:15:08,25700.0,1000.0,5180000.0
372,2021-10-19 07:15:08,25700.0,3900.0,5179000.0
373,2021-10-19 07:15:02,25700.0,3000.0,5175100.0
374,2021-10-19 07:14:59,25700.0,700.0,5172100.0
375,2021-10-19 07:14:59,25700.0,2800.0,5171400.0
376,2021-10-19 07:14:42,25700.0,3800.0,5168600.0
377,2021-10-19 07:14:37,25700.0,3600.0,5164800.0
378,2021-10-19 07:14:28,25700.0,300.0,5161200.0
379,2021-10-19 07:14:21,25750.0,200.0,5160900.0
380,2021-10-19 07:14:14,25750.0,500.0,5160700.0
381,2021-10-19 07:14:08,25750.0,100.0,5160200.0
382,2021-10-19 07:14:06,25700.0,400.0,5160100.0
383,2021-10-19 07:14:06,25700.0,100.0,5159700.0
384,2021-10-19 07:13:50,25750.0,100.0,5159600.0
385,2021-10-19 07:13:50,25750.0,3000.0,5159500.0
386,2021-10-19 07:13:50,25750.0,100.0,5156500.0
387,2021-10-19 07:13:50,25750.0,1500.0,5156400.0
388,2021-10-19 07:13:50,25750.0,6100.0,5154900.0
389,2021-10-19 07:13:50,25750.0,100.0,5148800.0
390,2021-10-19 07:13:50,25750.0,5000.0,5148700.0
391,2021-10-19 07:13:50,25750.0,500.0,5143700.0
392,2021-10-19 07:13:50,25750.0,400.0,5143200.0
393,2021-10-19 07:13:50,25750.0,100.0,5142800.0
394,2021-10-19 07:13:50,25750.0,100.0,5142700.0
395,2021-10-19 07:13:50,25750.0,7600.0,5142600.0
396,2021-10-19 07:13:50,25750.0,500.0,5135000.0
397,2021-10-19 07:13:50,25750.0,2000.0,5134500.0
398,2021-10-19 07:13:50,25750.0,1400.0,5132500.0
399,2021-10-19 07:13:47,25800.0,100.0,5131100.0
400,2021-10-19 07:13:43,25750.0,100.0,5131000.0
401,2021-10-19 07:13:43,25750.0,4000.0,5130900.0
402,2021-10-19 07:13:43,25750.0,900.0,5126900.0
403,2021-10-19 07:13:40,25750.0,100.0,5126000.0
404,2021-10-19 07:13:40,25750.0,10000.0,5125900.0
405,2021-10-19 07:13:40,25750.0,500.0,5115900.0
406,2021-10-19 07:13:40,25750.0,1000.0,5115400.0
407,2021-10-19 07:13:40,25750.0,500.0,5114400.0
408,2021-10-19 07:13:40,25750.0,100.0,5113900.0
409,2021-10-19 07:13:40,25750.0,100.0,5113800.0
410,2021-10-19 07:13:40,25750.0,5000.0,5113700.0
411,2021-10-19 07:13:40,25750.0,2700.0,5108700.0
412,2021-10-19 07:13:36,25750.0,300.0,5106000.0
413,2021-10-19 07:13:22,25800.0,2000.0,5105700.0
414,2021-10-19 07:12:56,25750.0,600.0,5103700.0
415,2021-10-19 07:12:48,25750.0,1000.0,5103100.0
416,2021-10-19 07:12:13,25750.0,100.0,5102100.0
417,2021-10-19 07:11:50,25800.0,300.0,5102000.0
418,2021-10-19 07:11:06,25800.0,1000.0,5101700.0
419,2021-10-19 07:11:03,25800.0,300.0,5100700.0
420,2021-10-19 07:10:59,25800.0,500.0,5100400.0
421,2021-10-19 07:10:59,25800.0,100.0,5099900.0
422,2021-10-19 07:10:59,25800.0,1000.0,5099800.0
423,2021-10-19 07:10:59,25800.0,100.0,5098800.0
424,2021-10-19 07:10:59,25800.0,2700.0,5098700.0
425,2021-10-19 07:10:45,25800.0,1000.0,5096000.0
426,2021-10-19 07:10:41,25800.0,13000.0,5095000.0
427,2021-10-19 07:10:23,25800.0,1000.0,5082000.0
428,2021-10-19 07:10:09,25800.0,500.0,5081000.0
429,2021-10-19 07:10:09,25800.0,300.0,5080500.0
430,2021-10-19 07:10:09,25800.0,100.0,5080200.0
431,2021-10-19 07:10:09,25800.0,200.0,5080100.0
432,2021-10-19 07:10:09,25800.0,3000.0,5079900.0
433,2021-10-19 07:10:09,25800.0,200.0,5076900.0
434,2021-10-19 07:10:09,25800.0,5000.0,5076700.0
435,2021-10-19 07:10:09,25800.0,200.0,5071700.0
436,2021-10-19 07:10:09,25800.0,100.0,5071500.0
437,2021-10-19 07:10:09,25800.0,2000.0,5071400.0
438,2021-10-19 07:10:09,25800.0,100.0,5069400.0
439,2021-10-19 07:10:09,25800.0,100.0,5069300.0
440,2021-10-19 07:10:09,25800.0,500.0,5069200.0
441,2021-10-19 07:10:09,25800.0,1000.0,5068700.0
442,2021-10-19 07:10:09,25800.0,1000.0,5067700.0
443,2021-10-19 07:10:09,25800.0,1700.0,5066700.0
444,2021-10-19 07:10:09,25800.0,200.0,5065000.0
445,2021-10-19 07:10:09,25800.0,100.0,5064800.0
446,2021-10-19 07:10:09,25800.0,500.0,5064700.0
447,2021-10-19 07:10:09,25800.0,5000.0,5064200.0
448,2021-10-19 07:10:09,25800.0,100.0,5059200.0
449,2021-10-19 07:10:09,25800.0,2400.0,5059100.0
450,2021-10-19 07:10:09,25800.0,1000.0,5056700.0
451,2021-10-19 07:10:09,25800.0,1000.0,5055700.0
452,2021-10-19 07:10:09,25800.0,6000.0,5054700.0
453,2021-10-19 07:09:44,25750.0,300.0,5048700.0
454,2021-10-19 07:09:44,25750.0,200.0,5048400.0
455,2021-10-19 07:09:35,25750.0,500.0,5048200.0
456,2021-10-19 07:09:16,25750.0,500.0,5047700.0
457,2021-10-19 07:08:57,25750.0,100.0,5047200.0
458,2021-10-19 07:08:50,25750.0,1000.0,5047100.0
459,2021-10-19 07:07:47,25800.0,200.0,5046100.0
460,2021-10-19 07:06:47,25800.0,500.0,5045900.0
461,2021-10-19 07:06:34,25750.0,200.0,5045400.0
462,2021-10-19 07:06:34,25750.0,500.0,5045200.0
463,2021-10-19 07:06:29,25750.0,100.0,5044700.0
464,2021-10-19 07:06:22,25750.0,200.0,5044600.0
465,2021-10-19 07:06:22,25750.0,600.0,5044400.0
466,2021-10-19 07:06:22,25750.0,1000.0,5043800.0
467,2021-10-19 07:06:00,25750.0,200.0,5042800.0
468,2021-10-19 07:05:39,25750.0,1000.0,5042600.0
469,2021-10-19 07:05:36,25750.0,200.0,5041600.0
470,2021-10-19 07:05:35,25750.0,400.0,5041400.0
471,2021-10-19 07:05:35,25750.0,100.0,5041000.0
472,2021-10-19 07:05:31,25750.0,200.0,5040900.0
473,2021-10-19 07:05:22,25750.0,500.0,5040700.0
474,2021-10-19 07:05:16,25750.0,200.0,5040200.0
475,2021-10-19 07:05:04,25750.0,500.0,5040000.0
476,2021-10-19 07:04:58,25750.0,500.0,5039500.0
477,2021-10-19 07:04:53,25750.0,1000.0,5039000.0
478,2021-10-19 07:04:47,25700.0,600.0,5038000.0
479,2021-10-19 07:04:27,25700.0,1300.0,5037400.0
480,2021-10-19 07:04:27,25700.0,2000.0,5036100.0
481,2021-10-19 07:04:27,25700.0,500.0,5034100.0
482,2021-10-19 07:04:13,25750.0,100.0,5033600.0
483,2021-10-19 07:04:13,25750.0,400.0,5033500.0
484,2021-10-19 07:04:01,25700.0,100.0,5033100.0
485,2021-10-19 07:03:58,25750.0,600.0,5033000.0
486,2021-10-19 07:03:54,25750.0,300.0,5032400.0
487,2021-10-19 07:03:41,25750.0,200.0,5032100.0
488,2021-10-19 07:03:41,25750.0,1000.0,5031900.0
489,2021-10-19 07:03:23,25750.0,100.0,5030900.0
490,2021-10-19 07:03:23,25750.0,300.0,5030800.0
491,2021-10-19 07:02:52,25800.0,500.0,5030500.0
492,2021-10-19 07:02:51,25700.0,4100.0,5030000.0
493,2021-10-19 07:02:51,25750.0,100.0,5025900.0
494,2021-10-19 07:02:51,25750.0,800.0,5025800.0
495,2021-10-19 07:02:51,25750.0,1000.0,5025000.0
496,2021-10-19 07:02:09,25700.0,4200.0,5024000.0
497,2021-10-19 07:01:59,25700.0,1100.0,5019800.0
498,2021-10-19 07:01:59,25700.0,100.0,5018700.0
499,2021-10-19 07:01:59,25700.0,1500.0,5018600.0
500,2021-10-19 07:01:59,25700.0,100.0,5017100.0
501,2021-10-19 07:01:59,25700.0,600.0,5017000.0
502,2021-10-19 07:01:59,25700.0,500.0,5016400.0
503,2021-10-19 07:01:56,25700.0,4200.0,5015900.0
504,2021-10-19 07:01:47,25700.0,3900.0,5011700.0
505,2021-10-19 07:01:47,25800.0,7600.0,5007800.0
506,2021-10-19 07:01:39,25800.0,1600.0,5000200.0
507,2021-10-19 07:01:39,25750.0,100.0,4998600.0
508,2021-10-19 07:01:37,25700.0,4200.0,4998500.0
509,2021-10-19 07:01:35,25700.0,3800.0,4994300.0
510,2021-10-19 07:01:26,25700.0,4200.0,4990500.0
511,2021-10-19 07:01:24,25700.0,200.0,4986300.0
512,2021-10-19 07:01:24,25750.0,200.0,4986100.0
513,2021-10-19 07:01:24,25750.0,200.0,4985900.0
514,2021-10-19 07:01:24,25750.0,500.0,4985700.0
515,2021-10-19 07:01:24,25750.0,3100.0,4985200.0
516,2021-10-19 07:01:16,25750.0,500.0,4982100.0
517,2021-10-19 07:01:15,25750.0,1400.0,4981600.0
518,2021-10-19 07:01:15,25750.0,2800.0,4980200.0
519,2021-10-19 07:01:15,25750.0,2200.0,4977400.0
520,2021-10-19 07:01:15,25750.0,300.0,4975200.0
521,2021-10-19 07:01:15,25750.0,100.0,4974900.0
522,2021-10-19 07:01:15,25750.0,1200.0,4974800.0
523,2021-10-19 07:01:07,25750.0,100.0,4973600.0
524,2021-10-19 07:01:05,25750.0,3800.0,4973500.0
525,2021-10-19 07:01:04,25750.0,900.0,4969700.0
526,2021-10-19 07:01:04,25750.0,400.0,4968800.0
527,2021-10-19 07:01:04,25750.0,2900.0,4968400.0
528,2021-10-19 07:01:02,25750.0,1000.0,4965500.0
529,2021-10-19 07:01:01,25750.0,500.0,4964500.0
530,2021-10-19 07:00:58,25750.0,2000.0,4964000.0
531,2021-10-19 07:00:20,25750.0,4200.0,4962000.0
532,2021-10-19 07:00:17,25800.0,200.0,4957800.0
533,2021-10-19 07:00:15,25750.0,5000.0,4957600.0
534,2021-10-19 07:00:13,25800.0,33400.0,4952600.0
535,2021-10-19 07:00:11,25850.0,1000.0,4919200.0
536,2021-10-19 07:00:08,25800.0,4200.0,4918200.0
537,2021-10-19 07:00:04,25800.0,1000.0,4914000.0
538,2021-10-19 07:00:04,25800.0,4000.0,4913000.0
539,2021-10-19 07:00:04,25800.0,1000.0,4909000.0
540,2021-10-19 07:00:04,25800.0,300.0,4908000.0
541,2021-10-19 07:00:04,25800.0,1100.0,4907700.0
542,2021-10-19 06:59:56,25750.0,4200.0,4906600.0
543,2021-10-19 06:59:56,25800.0,900.0,4902400.0
544,2021-10-19 06:59:56,25800.0,500.0,4901500.0
545,2021-10-19 06:59:53,25800.0,4500.0,4901000.0
546,2021-10-19 06:59:53,25800.0,500.0,4896500.0
547,2021-10-19 06:59:53,25800.0,100.0,4896000.0
548,2021-10-19 06:59:53,25800.0,1000.0,4895900.0
549,2021-10-19 06:59:53,25800.0,2000.0,4894900.0
550,2021-10-19 06:59:53,25800.0,200.0,4892900.0
551,2021-10-19 06:59:53,25800.0,200.0,4892700.0
552,2021-10-19 06:59:53,25800.0,1000.0,4892500.0
553,2021-10-19 06:59:53,25800.0,100.0,4891500.0
554,2021-10-19 06:59:53,25800.0,400.0,4891400.0
555,2021-10-19 06:59:50,25800.0,300.0,4891000.0
556,2021-10-19 06:59:26,25800.0,300.0,4890700.0
557,2021-10-19 06:59:26,25800.0,200.0,4890400.0
558,2021-10-19 06:59:04,25800.0,800.0,4890200.0
559,2021-10-19 06:59:04,25800.0,100.0,4889400.0
560,2021-10-19 06:59:04,25800.0,400.0,4889300.0
561,2021-10-19 06:58:59,25800.0,2600.0,4888900.0
562,2021-10-19 06:58:59,25800.0,3000.0,4886300.0
563,2021-10-19 06:58:59,25800.0,300.0,4883300.0
564,2021-10-19 06:58:59,25800.0,1000.0,4883000.0
565,2021-10-19 06:58:38,25750.0,1000.0,4882000.0
566,2021-10-19 06:58:19,25750.0,200.0,4881000.0
567,2021-10-19 06:57:59,25750.0,200.0,4880800.0
568,2021-10-19 06:57:51,25750.0,1000.0,4880600.0
569,2021-10-19 06:57:37,25750.0,3000.0,4879600.0
570,2021-10-19 06:57:37,25750.0,1000.0,4876600.0
571,2021-10-19 06:57:37,25750.0,1000.0,4875600.0
572,2021-10-19 06:57:37,25750.0,1000.0,4874600.0
573,2021-10-19 06:57:37,25750.0,1000.0,4873600.0
574,2021-10-19 06:57:37,25750.0,800.0,4872600.0
575,2021-10-19 06:57:30,25700.0,1500.0,4871800.0
576,2021-10-19 06:57:30,25700.0,3800.0,4870300.0
577,2021-10-19 06:57:27,25750.0,500.0,4866500.0
578,2021-10-19 06:57:23,25750.0,23700.0,4866000.0
579,2021-10-19 06:57:23,25750.0,2000.0,4842300.0
580,2021-10-19 06:57:23,25750.0,300.0,4840300.0
581,2021-10-19 06:57:23,25750.0,4000.0,4840000.0
582,2021-10-19 06:57:05,25750.0,100.0,4836000.0
583,2021-10-19 06:56:59,25750.0,500.0,4835900.0
584,2021-10-19 06:56:52,25750.0,1000.0,4835400.0
585,2021-10-19 06:56:43,25750.0,1900.0,4834400.0
586,2021-10-19 06:56:25,25700.0,100.0,4832500.0
587,2021-10-19 06:56:25,25750.0,500.0,4832400.0
588,2021-10-19 06:56:16,25750.0,1000.0,4831900.0
589,2021-10-19 06:56:14,25750.0,500.0,4830900.0
590,2021-10-19 06:56:09,25750.0,500.0,4830400.0
591,2021-10-19 06:55:48,25750.0,100.0,4829900.0
592,2021-10-19 06:55:48,25750.0,200.0,4829800.0
593,2021-10-19 06:55:48,25750.0,5000.0,4829600.0
594,2021-10-19 06:55:48,25750.0,500.0,4824600.0
595,2021-10-19 06:55:48,25750.0,200.0,4824100.0
596,2021-10-19 06:55:48,25750.0,200.0,4823900.0
597,2021-10-19 06:55:48,25750.0,100.0,4823700.0
598,2021-10-19 06:55:48,25750.0,100.0,4823600.0
599,2021-10-19 06:55:48,25750.0,4000.0,4823500.0
600,2021-10-19 06:55:48,25750.0,19600.0,4819500.0
601,2021-10-19 06:55:23,25700.0,1100.0,4799900.0
602,2021-10-19 06:55:23,25700.0,1000.0,4798800.0
603,2021-10-19 06:55:23,25700.0,1000.0,4797800.0
604,2021-10-19 06:55:23,25700.0,3200.0,4796800.0
605,2021-10-19 06:55:23,25700.0,5600.0,4793600.0
606,2021-10-19 06:55:23,25700.0,100.0,4788000.0
607,2021-10-19 06:55:23,25700.0,100.0,4787900.0
608,2021-10-19 06:55:23,25700.0,2900.0,4787800.0
609,2021-10-19 06:55:15,25700.0,1100.0,4784900.0
610,2021-10-19 06:55:15,25700.0,100.0,4783800.0
611,2021-10-19 06:55:15,25700.0,1100.0,4783700.0
612,2021-10-19 06:55:15,25700.0,1000.0,4782600.0
613,2021-10-19 06:55:15,25700.0,500.0,4781600.0
614,2021-10-19 06:55:15,25700.0,500.0,4781100.0
615,2021-10-19 06:55:15,25700.0,5700.0,4780600.0
616,2021-10-19 06:55:03,25700.0,200.0,4774900.0
617,2021-10-19 06:54:43,25700.0,100.0,4774700.0
618,2021-10-19 06:54:22,25750.0,400.0,4774600.0
619,2021-10-19 06:54:22,25750.0,100.0,4774200.0
620,2021-10-19 06:54:16,25700.0,100.0,4774100.0
621,2021-10-19 06:54:16,25700.0,1000.0,4774000.0
622,2021-10-19 06:54:16,25700.0,1000.0,4773000.0
623,2021-10-19 06:54:16,25700.0,200.0,4772000.0
624,2021-10-19 06:54:16,25700.0,100.0,4771800.0
625,2021-10-19 06:54:16,25700.0,500.0,4771700.0
626,2021-10-19 06:54:16,25700.0,200.0,4771200.0
627,2021-10-19 06:54:16,25700.0,200.0,4771000.0
628,2021-10-19 06:54:16,25700.0,200.0,4770800.0
629,2021-10-19 06:54:16,25700.0,100.0,4770600.0
630,2021-10-19 06:54:16,25700.0,200.0,4770500.0
631,2021-10-19 06:54:16,25700.0,200.0,4770300.0
632,2021-10-19 06:54:02,25700.0,200.0,4770100.0
633,2021-10-19 06:53:53,25700.0,9000.0,4769900.0
634,2021-10-19 06:53:31,25650.0,100.0,4760900.0
635,2021-10-19 06:53:06,25650.0,1900.0,4760800.0
636,2021-10-19 06:53:06,25650.0,2000.0,4758900.0
637,2021-10-19 06:53:06,25650.0,600.0,4756900.0
638,2021-10-19 06:53:06,25650.0,100.0,4756300.0
639,2021-10-19 06:53:06,25650.0,400.0,4756200.0
640,2021-10-19 06:52:36,25650.0,100.0,4755800.0
641,2021-10-19 06:52:15,25600.0,3000.0,4755700.0
642,2021-10-19 06:52:15,25600.0,200.0,4752700.0
643,2021-10-19 06:52:15,25650.0,2400.0,4752500.0
644,2021-10-19 06:52:15,25650.0,1000.0,4750100.0
645,2021-10-19 06:52:14,25650.0,200.0,4749100.0
646,2021-10-19 06:52:06,25650.0,1500.0,4748900.0
647,2021-10-19 06:52:06,25650.0,5600.0,4747400.0
648,2021-10-19 06:52:00,25700.0,1000.0,4741800.0
649,2021-10-19 06:51:58,25650.0,1300.0,4740800.0
650,2021-10-19 06:51:54,25600.0,5600.0,4739500.0
651,2021-10-19 06:51:45,25600.0,2800.0,4733900.0
652,2021-10-19 06:51:45,25650.0,200.0,4731100.0
653,2021-10-19 06:51:45,25650.0,2600.0,4730900.0
654,2021-10-19 06:51:44,25650.0,2400.0,4728300.0
655,2021-10-19 06:51:44,25650.0,500.0,4725900.0
656,2021-10-19 06:51:44,25650.0,1000.0,4725400.0
657,2021-10-19 06:51:44,25650.0,500.0,4724400.0
658,2021-10-19 06:51:44,25650.0,200.0,4723900.0
659,2021-10-19 06:51:44,25650.0,1400.0,4723700.0
660,2021-10-19 06:51:39,25700.0,100.0,4722300.0
661,2021-10-19 06:51:36,25650.0,5600.0,4722200.0
662,2021-10-19 06:51:33,25650.0,100.0,4716600.0
663,2021-10-19 06:51:28,25700.0,1100.0,4716500.0
664,2021-10-19 06:51:28,25700.0,1300.0,4715400.0
665,2021-10-19 06:51:28,25700.0,200.0,4714100.0
666,2021-10-19 06:51:28,25700.0,2400.0,4713900.0
667,2021-10-19 06:51:28,25650.0,2900.0,4711500.0
668,2021-10-19 06:51:27,25600.0,5600.0,4708600.0
669,2021-10-19 06:51:24,25650.0,2100.0,4703000.0
670,2021-10-19 06:51:21,25650.0,7900.0,4700900.0
671,2021-10-19 06:51:21,25650.0,500.0,4693000.0
672,2021-10-19 06:51:21,25650.0,5000.0,4692500.0
673,2021-10-19 06:51:21,25650.0,1000.0,4687500.0
674,2021-10-19 06:51:21,25650.0,8000.0,4686500.0
675,2021-10-19 06:51:21,25650.0,1000.0,4678500.0
676,2021-10-19 06:51:21,25650.0,400.0,4677500.0
677,2021-10-19 06:51:21,25650.0,5000.0,4677100.0
678,2021-10-19 06:51:21,25650.0,100.0,4672100.0
679,2021-10-19 06:51:21,25650.0,100.0,4672000.0
680,2021-10-19 06:51:18,25650.0,2000.0,4671900.0
681,2021-10-19 06:51:18,25650.0,300.0,4669900.0
682,2021-10-19 06:51:17,25650.0,400.0,4669600.0
683,2021-10-19 06:51:17,25650.0,500.0,4669200.0
684,2021-10-19 06:51:17,25650.0,4700.0,4668700.0
685,2021-10-19 06:51:13,25650.0,200.0,4664000.0
686,2021-10-19 06:51:08,25650.0,3700.0,4663800.0
687,2021-10-19 06:51:08,25650.0,3000.0,4660100.0
688,2021-10-19 06:51:08,25650.0,200.0,4657100.0
689,2021-10-19 06:51:08,25650.0,400.0,4656900.0
690,2021-10-19 06:51:08,25650.0,500.0,4656500.0
691,2021-10-19 06:51:08,25650.0,500.0,4656000.0
692,2021-10-19 06:51:08,25650.0,100.0,4655500.0
693,2021-10-19 06:51:08,25650.0,1000.0,4655400.0
694,2021-10-19 06:51:08,25650.0,600.0,4654400.0
695,2021-10-19 06:50:52,25650.0,200.0,4653800.0
696,2021-10-19 06:50:42,25650.0,2800.0,4653600.0
697,2021-10-19 06:50:39,25650.0,2000.0,4650800.0
698,2021-10-19 06:50:32,25700.0,6000.0,4648800.0
699,2021-10-19 06:50:32,25650.0,300.0,4642800.0
700,2021-10-19 06:50:26,25650.0,4100.0,4642500.0
701,2021-10-19 06:50:26,25650.0,200.0,4638400.0
702,2021-10-19 06:50:26,25650.0,700.0,4638200.0
703,2021-10-19 06:50:22,25650.0,1300.0,4637500.0
704,2021-10-19 06:50:22,25650.0,100.0,4636200.0
705,2021-10-19 06:50:16,25650.0,100.0,4636100.0
706,2021-10-19 06:50:12,25650.0,100.0,4636000.0
707,2021-10-19 06:50:12,25650.0,2000.0,4635900.0
708,2021-10-19 06:50:12,25650.0,1000.0,4633900.0
709,2021-10-19 06:50:12,25650.0,100.0,4632900.0
710,2021-10-19 06:50:12,25650.0,100.0,4632800.0
711,2021-10-19 06:50:12,25650.0,500.0,4632700.0
712,2021-10-19 06:50:12,25650.0,5000.0,4632200.0
713,2021-10-19 06:50:12,25650.0,300.0,4627200.0
714,2021-10-19 06:50:12,25650.0,100.0,4626900.0
715,2021-10-19 06:50:12,25650.0,100.0,4626800.0
716,2021-10-19 06:50:12,25650.0,1000.0,4626700.0
717,2021-10-19 06:50:12,25650.0,200.0,4625700.0
718,2021-10-19 06:50:12,25650.0,1000.0,4625500.0
719,2021-10-19 06:50:12,25650.0,100.0,4624500.0
720,2021-10-19 06:50:12,25650.0,100.0,4624400.0
721,2021-10-19 06:50:12,25650.0,100.0,4624300.0
722,2021-10-19 06:50:12,25650.0,200.0,4624200.0
723,2021-10-19 06:50:12,25650.0,5000.0,4624000.0
724,2021-10-19 06:50:12,25650.0,500.0,4619000.0
725,2021-10-19 06:50:12,25650.0,2000.0,4618500.0
726,2021-10-19 06:50:12,25650.0,500.0,4616500.0
727,2021-10-19 06:50:08,25650.0,9500.0,4616000.0
728,2021-10-19 06:50:08,25650.0,500.0,4606500.0
729,2021-10-19 06:50:08,25650.0,200.0,4606000.0
730,2021-10-19 06:50:08,25650.0,25800.0,4605800.0
731,2021-10-19 06:50:00,25650.0,4200.0,4580000.0
732,2021-10-19 06:50:00,25650.0,200.0,4575800.0
733,2021-10-19 06:50:00,25650.0,200.0,4575600.0
734,2021-10-19 06:50:00,25650.0,100.0,4575400.0
735,2021-10-19 06:50:00,25650.0,200.0,4575300.0
736,2021-10-19 06:50:00,25650.0,100.0,4575100.0
737,2021-10-19 06:49:57,25650.0,100.0,4575000.0
738,2021-10-19 06:49:57,25650.0,100.0,4574900.0
739,2021-10-19 06:49:57,25650.0,100.0,4574800.0
740,2021-10-19 06:49:57,25650.0,100.0,4574700.0
741,2021-10-19 06:49:57,25650.0,4600.0,4574600.0
742,2021-10-19 06:49:40,25650.0,400.0,4570000.0
743,2021-10-19 06:49:40,25650.0,500.0,4569600.0
744,2021-10-19 06:49:40,25650.0,500.0,4569100.0
745,2021-10-19 06:49:40,25650.0,100.0,4568600.0
746,2021-10-19 06:49:40,25650.0,300.0,4568500.0
747,2021-10-19 06:49:40,25650.0,2000.0,4568200.0
748,2021-10-19 06:49:36,25700.0,100.0,4566200.0
749,2021-10-19 06:49:36,25700.0,1000.0,4566100.0
750,2021-10-19 06:49:36,25700.0,1000.0,4565100.0
751,2021-10-19 06:49:36,25700.0,100.0,4564100.0
752,2021-10-19 06:49:36,25700.0,800.0,4564000.0
753,2021-10-19 06:49:36,25700.0,100.0,4563200.0
754,2021-10-19 06:49:36,25700.0,1700.0,4563100.0
755,2021-10-19 06:49:36,25700.0,100.0,4561400.0
756,2021-10-19 06:49:36,25700.0,500.0,4561300.0
757,2021-10-19 06:49:36,25700.0,1000.0,4560800.0
758,2021-10-19 06:49:36,25700.0,3100.0,4559800.0
759,2021-10-19 06:49:36,25700.0,200.0,4556700.0
760,2021-10-19 06:49:36,25700.0,2700.0,4556500.0
761,2021-10-19 06:49:36,25700.0,200.0,4553800.0
762,2021-10-19 06:49:36,25700.0,200.0,4553600.0
763,2021-10-19 06:49:36,25700.0,100.0,4553400.0
764,2021-10-19 06:49:36,25700.0,100.0,4553300.0
765,2021-10-19 06:49:36,25700.0,1000.0,4553200.0
766,2021-10-19 06:49:36,25700.0,300.0,4552200.0
767,2021-10-19 06:49:36,25700.0,500.0,4551900.0
768,2021-10-19 06:49:36,25700.0,200.0,4551400.0
769,2021-10-19 06:49:36,25700.0,200.0,4551200.0
770,2021-10-19 06:49:36,25700.0,3000.0,4551000.0
771,2021-10-19 06:49:36,25700.0,100.0,4548000.0
772,2021-10-19 06:49:36,25700.0,200.0,4547900.0
773,2021-10-19 06:49:36,25700.0,100.0,4547700.0
774,2021-10-19 06:49:36,25700.0,100.0,4547600.0
775,2021-10-19 06:49:36,25700.0,100.0,4547500.0
776,2021-10-19 06:49:36,25700.0,100.0,4547400.0
777,2021-10-19 06:49:36,25700.0,1000.0,4547300.0
778,2021-10-19 06:49:36,25700.0,100.0,4546300.0
779,2021-10-19 06:49:36,25700.0,100.0,4546200.0
780,2021-10-19 06:49:36,25700.0,600.0,4546100.0
781,2021-10-19 06:49:36,25700.0,2000.0,4545500.0
782,2021-10-19 06:49:36,25700.0,400.0,4543500.0
783,2021-10-19 06:49:36,25700.0,1000.0,4543100.0
784,2021-10-19 06:49:36,25700.0,100.0,4542100.0
785,2021-10-19 06:49:36,25700.0,500.0,4542000.0
786,2021-10-19 06:49:36,25700.0,2000.0,4541500.0
787,2021-10-19 06:49:36,25700.0,1000.0,4539500.0
788,2021-10-19 06:49:36,25700.0,2000.0,4538500.0
789,2021-10-19 06:49:36,25700.0,100.0,4536500.0
790,2021-10-19 06:49:36,25700.0,100.0,4536400.0
791,2021-10-19 06:49:36,25700.0,100.0,4536300.0
792,2021-10-19 06:49:36,25700.0,500.0,4536200.0
793,2021-10-19 06:49:36,25700.0,200.0,4535700.0
794,2021-10-19 06:49:36,25700.0,1000.0,4535500.0
795,2021-10-19 06:49:36,25700.0,1000.0,4534500.0
796,2021-10-19 06:49:36,25700.0,1000.0,4533500.0
797,2021-10-19 06:49:36,25700.0,500.0,4532500.0
798,2021-10-19 06:49:36,25700.0,500.0,4532000.0
799,2021-10-19 06:49:36,25700.0,100.0,4531500.0
800,2021-10-19 06:49:36,25700.0,500.0,4531400.0
801,2021-10-19 06:49:36,25700.0,200.0,4530900.0
802,2021-10-19 06:49:36,25700.0,200.0,4530700.0
803,2021-10-19 06:49:36,25700.0,100.0,4530500.0
804,2021-10-19 06:49:36,25700.0,100.0,4530400.0
805,2021-10-19 06:49:36,25700.0,1000.0,4530300.0
806,2021-10-19 06:49:36,25700.0,300.0,4529300.0
807,2021-10-19 06:49:36,25700.0,600.0,4529000.0
808,2021-10-19 06:49:36,25700.0,1000.0,4528400.0
809,2021-10-19 06:49:36,25700.0,2500.0,4527400.0
810,2021-10-19 06:49:36,25700.0,100.0,4524900.0
811,2021-10-19 06:49:36,25700.0,100.0,4524800.0
812,2021-10-19 06:49:36,25700.0,100.0,4524700.0
813,2021-10-19 06:49:32,25700.0,200.0,4524600.0
814,2021-10-19 06:49:32,25700.0,100.0,4524400.0
815,2021-10-19 06:49:32,25700.0,100.0,4524300.0
816,2021-10-19 06:49:32,25700.0,3400.0,4524200.0
817,2021-10-19 06:49:28,25700.0,500.0,4520800.0
818,2021-10-19 06:49:28,25700.0,100.0,4520300.0
819,2021-10-19 06:49:28,25700.0,200.0,4520200.0
820,2021-10-19 06:49:28,25700.0,200.0,4520000.0
821,2021-10-19 06:49:28,25700.0,500.0,4519800.0
822,2021-10-19 06:49:28,25700.0,1000.0,4519300.0
823,2021-10-19 06:49:28,25700.0,800.0,4518300.0
824,2021-10-19 06:49:28,25700.0,6900.0,4517500.0
825,2021-10-19 06:49:25,25700.0,3100.0,4510600.0
826,2021-10-19 06:49:25,25700.0,700.0,4507500.0
827,2021-10-19 06:49:24,25700.0,1300.0,4506800.0
828,2021-10-19 06:49:24,25700.0,3000.0,4505500.0
829,2021-10-19 06:49:24,25700.0,700.0,4502500.0
830,2021-10-19 06:49:22,25700.0,300.0,4501800.0
831,2021-10-19 06:49:22,25700.0,500.0,4501500.0
832,2021-10-19 06:49:22,25700.0,100.0,4501000.0
833,2021-10-19 06:49:22,25700.0,5000.0,4500900.0
834,2021-10-19 06:49:22,25700.0,100.0,4495900.0
835,2021-10-19 06:49:22,25700.0,500.0,4495800.0
836,2021-10-19 06:49:22,25700.0,100.0,4495300.0
837,2021-10-19 06:49:22,25700.0,100.0,4495200.0
838,2021-10-19 06:49:22,25700.0,500.0,4495100.0
839,2021-10-19 06:49:22,25700.0,1000.0,4494600.0
840,2021-10-19 06:49:22,25700.0,200.0,4493600.0
841,2021-10-19 06:49:22,25700.0,7200.0,4493400.0
842,2021-10-19 06:49:19,25700.0,1700.0,4486200.0
843,2021-10-19 06:49:16,25700.0,100.0,4484500.0
844,2021-10-19 06:49:09,25700.0,100.0,4484400.0
845,2021-10-19 06:49:09,25700.0,1000.0,4484300.0
846,2021-10-19 06:49:09,25700.0,200.0,4483300.0
847,2021-10-19 06:49:09,25700.0,100.0,4483100.0
848,2021-10-19 06:49:09,25700.0,2200.0,4483000.0
849,2021-10-19 06:49:03,25750.0,1000.0,4480800.0
850,2021-10-19 06:49:02,25700.0,1300.0,4479800.0
851,2021-10-19 06:49:02,25700.0,1000.0,4478500.0
852,2021-10-19 06:49:02,25700.0,1300.0,4477500.0
853,2021-10-19 06:49:02,25700.0,700.0,4476200.0
854,2021-10-19 06:49:02,25700.0,300.0,4475500.0
855,2021-10-19 06:48:58,25750.0,300.0,4475200.0
856,2021-10-19 06:48:58,25750.0,100.0,4474900.0
857,2021-10-19 06:48:51,25700.0,300.0,4474800.0
858,2021-10-19 06:48:51,25700.0,200.0,4474500.0
859,2021-10-19 06:48:11,25700.0,300.0,4474300.0
860,2021-10-19 06:48:11,25700.0,200.0,4474000.0
861,2021-10-19 06:48:11,25700.0,1000.0,4473800.0
862,2021-10-19 06:48:11,25700.0,100.0,4472800.0
863,2021-10-19 06:48:11,25700.0,8400.0,4472700.0
864,2021-10-19 06:48:11,25800.0,6800.0,4464300.0
865,2021-10-19 06:48:11,25800.0,5200.0,4457500.0
866,2021-10-19 06:47:45,25700.0,1600.0,4452300.0
867,2021-10-19 06:47:45,25700.0,100.0,4450700.0
868,2021-10-19 06:47:45,25700.0,5000.0,4450600.0
869,2021-10-19 06:47:45,25700.0,1000.0,4445600.0
870,2021-10-19 06:47:45,25700.0,300.0,4444600.0
871,2021-10-19 06:47:45,25700.0,30000.0,4444300.0
872,2021-10-19 06:47:45,25700.0,100.0,4414300.0
873,2021-10-19 06:47:45,25700.0,200.0,4414200.0
874,2021-10-19 06:47:45,25700.0,1000.0,4414000.0
875,2021-10-19 06:47:45,25700.0,500.0,4413000.0
876,2021-10-19 06:47:45,25700.0,100.0,4412500.0
877,2021-10-19 06:47:45,25700.0,100.0,4412400.0
878,2021-10-19 06:47:45,25700.0,100.0,4412300.0
879,2021-10-19 06:47:45,25700.0,100.0,4412200.0
880,2021-10-19 06:47:45,25700.0,1300.0,4412100.0
881,2021-10-19 06:47:45,25750.0,500.0,4410800.0
882,2021-10-19 06:47:45,25750.0,4000.0,4410300.0
883,2021-10-19 06:47:45,25750.0,100.0,4406300.0
884,2021-10-19 06:47:45,25750.0,200.0,4406200.0
885,2021-10-19 06:47:45,25750.0,200.0,4406000.0
886,2021-10-19 06:47:45,25750.0,300.0,4405800.0
887,2021-10-19 06:47:45,25750.0,300.0,4405500.0
888,2021-10-19 06:47:45,25750.0,100.0,4405200.0
889,2021-10-19 06:47:45,25750.0,1000.0,4405100.0
890,2021-10-19 06:47:45,25750.0,100.0,4404100.0
891,2021-10-19 06:47:45,25750.0,100.0,4404000.0
892,2021-10-19 06:47:45,25750.0,1000.0,4403900.0
893,2021-10-19 06:47:45,25750.0,100.0,4402900.0
894,2021-10-19 06:47:45,25750.0,100.0,4402800.0
895,2021-10-19 06:47:45,25750.0,10000.0,4402700.0
896,2021-10-19 06:47:45,25750.0,1000.0,4392700.0
897,2021-10-19 06:47:45,25750.0,100.0,4391700.0
898,2021-10-19 06:47:45,25750.0,100.0,4391600.0
899,2021-10-19 06:47:45,25750.0,100.0,4391500.0
900,2021-10-19 06:47:45,25750.0,1000.0,4391400.0
901,2021-10-19 06:47:45,25750.0,4600.0,4390400.0
902,2021-10-19 06:47:45,25750.0,1000.0,4385800.0
903,2021-10-19 06:47:45,25750.0,500.0,4384800.0
904,2021-10-19 06:47:36,25750.0,700.0,4384300.0
905,2021-10-19 06:47:34,25750.0,5000.0,4383600.0
906,2021-10-19 06:47:17,25750.0,1700.0,4378600.0
907,2021-10-19 06:47:17,25750.0,100.0,4376900.0
908,2021-10-19 06:47:17,25750.0,700.0,4376800.0
909,2021-10-19 06:47:02,25750.0,300.0,4376100.0
910,2021-10-19 06:47:02,25750.0,400.0,4375800.0
911,2021-10-19 06:47:02,25750.0,500.0,4375400.0
912,2021-10-19 06:47:02,25750.0,400.0,4374900.0
913,2021-10-19 06:47:02,25750.0,100.0,4374500.0
914,2021-10-19 06:47:02,25750.0,100.0,4374400.0
915,2021-10-19 06:47:02,25750.0,300.0,4374300.0
916,2021-10-19 06:47:01,25750.0,3500.0,4374000.0
917,2021-10-19 06:46:54,25750.0,2000.0,4370500.0
918,2021-10-19 06:46:45,25750.0,500.0,4368500.0
919,2021-10-19 06:46:42,25750.0,400.0,4368000.0
920,2021-10-19 06:46:06,25750.0,7300.0,4367600.0
921,2021-10-19 06:46:06,25750.0,1000.0,4360300.0
922,2021-10-19 06:46:06,25750.0,100.0,4359300.0
923,2021-10-19 06:46:06,25750.0,1000.0,4359200.0
924,2021-10-19 06:46:06,25750.0,100.0,4358200.0
925,2021-10-19 06:46:06,25750.0,1000.0,4358100.0
926,2021-10-19 06:46:06,25750.0,500.0,4357100.0
927,2021-10-19 06:46:06,25750.0,1000.0,4356600.0
928,2021-10-19 06:46:06,25750.0,100.0,4355600.0
929,2021-10-19 06:46:06,25750.0,100.0,4355500.0
930,2021-10-19 06:46:06,25750.0,200.0,4355400.0
931,2021-10-19 06:46:06,25750.0,500.0,4355200.0
932,2021-10-19 06:46:06,25750.0,500.0,4354700.0
933,2021-10-19 06:46:06,25750.0,500.0,4354200.0
934,2021-10-19 06:46:06,25750.0,500.0,4353700.0
935,2021-10-19 06:46:06,25750.0,100.0,4353200.0
936,2021-10-19 06:46:06,25750.0,100.0,4353100.0
937,2021-10-19 06:46:06,25750.0,100.0,4353000.0
938,2021-10-19 06:46:06,25750.0,300.0,4352900.0
939,2021-10-19 06:46:06,25800.0,5000.0,4352600.0
940,2021-10-19 06:45:57,25800.0,300.0,4347600.0
941,2021-10-19 06:45:53,25750.0,4200.0,4347300.0
942,2021-10-19 06:45:49,25750.0,5100.0,4343100.0
943,2021-10-19 06:45:49,25750.0,8000.0,4338000.0
944,2021-10-19 06:45:49,25750.0,1200.0,4330000.0
945,2021-10-19 06:45:49,25750.0,500.0,4328800.0
946,2021-10-19 06:45:49,25750.0,5000.0,4328300.0
947,2021-10-19 06:45:49,25750.0,200.0,4323300.0
948,2021-10-19 06:45:44,25750.0,2800.0,4323100.0
949,2021-10-19 06:45:44,25750.0,2000.0,4320300.0
950,2021-10-19 06:45:44,25750.0,200.0,4318300.0
951,2021-10-19 06:45:44,25750.0,500.0,4318100.0
952,2021-10-19 06:45:44,25750.0,100.0,4317600.0
953,2021-10-19 06:45:28,25750.0,5100.0,4317500.0
954,2021-10-19 06:45:22,25750.0,4200.0,4312400.0
955,2021-10-19 06:45:19,25800.0,100.0,4308200.0
956,2021-10-19 06:45:19,25750.0,3500.0,4308100.0
957,2021-10-19 06:45:13,25800.0,100.0,4304600.0
958,2021-10-19 06:45:11,25800.0,200.0,4304500.0
959,2021-10-19 06:45:10,25750.0,2600.0,4304300.0
960,2021-10-19 06:45:10,25750.0,500.0,4301700.0
961,2021-10-19 06:45:10,25750.0,200.0,4301200.0
962,2021-10-19 06:45:10,25750.0,300.0,4301000.0
963,2021-10-19 06:45:04,25750.0,700.0,4300700.0
964,2021-10-19 06:45:04,25750.0,1000.0,4300000.0
965,2021-10-19 06:45:04,25750.0,3400.0,4299000.0
966,2021-10-19 06:44:51,25800.0,2000.0,4295600.0
967,2021-10-19 06:44:51,25800.0,100.0,4293600.0
968,2021-10-19 06:44:51,25800.0,2000.0,4293500.0
969,2021-10-19 06:44:51,25800.0,200.0,4291500.0
970,2021-10-19 06:44:51,25800.0,1300.0,4291300.0
971,2021-10-19 06:44:51,25800.0,300.0,4290000.0
972,2021-10-19 06:44:51,25800.0,100.0,4289700.0
973,2021-10-19 06:44:51,25800.0,500.0,4289600.0
974,2021-10-19 06:44:51,25800.0,100.0,4289100.0
975,2021-10-19 06:44:51,25800.0,100.0,4289000.0
976,2021-10-19 06:44:51,25800.0,100.0,4288900.0
977,2021-10-19 06:44:51,25800.0,3600.0,4288800.0
978,2021-10-19 06:44:51,25800.0,1000.0,4285200.0
979,2021-10-19 06:44:51,25800.0,500.0,4284200.0
980,2021-10-19 06:44:51,25800.0,2800.0,4283700.0
981,2021-10-19 06:44:51,25800.0,100.0,4280900.0
982,2021-10-19 06:44:51,25800.0,100.0,4280800.0
983,2021-10-19 06:44:51,25800.0,1000.0,4280700.0
984,2021-10-19 06:44:48,25800.0,19000.0,4279700.0
985,2021-10-19 06:44:48,25800.0,1000.0,4260700.0
986,2021-10-19 06:44:36,25800.0,4000.0,4259700.0
987,2021-10-19 06:44:36,25800.0,100.0,4255700.0
988,2021-10-19 06:44:36,25800.0,300.0,4255600.0
989,2021-10-19 06:44:36,25800.0,1000.0,4255300.0
990,2021-10-19 06:44:36,25800.0,1000.0,4254300.0
991,2021-10-19 06:44:36,25800.0,4100.0,4253300.0
992,2021-10-19 06:44:21,25800.0,500.0,4249200.0
993,2021-10-19 06:44:17,25800.0,100.0,4248700.0
994,2021-10-19 06:44:17,25850.0,100.0,4248600.0
995,2021-10-19 06:43:57,25800.0,700.0,4248500.0
996,2021-10-19 06:43:47,25850.0,500.0,4247800.0
997,2021-10-19 06:43:16,25850.0,200.0,4247300.0
998,2021-10-19 06:42:56,25850.0,1000.0,4247100.0
999,2021-10-19 06:42:27,25850.0,200.0,4246100.0
1000,2021-10-19 06:42:27,25850.0,200.0,4245900.0
1001,2021-10-19 06:42:27,25850.0,600.0,4245700.0
1002,2021-10-19 06:42:14,25850.0,2000.0,4245100.0
1003,2021-10-19 06:42:13,25850.0,2000.0,4243100.0
1004,2021-10-19 06:42:13,25850.0,15400.0,4241100.0
1005,2021-10-19 06:42:13,25850.0,1000.0,4225700.0
1006,2021-10-19 06:42:13,25850.0,100.0,4224700.0
1007,2021-10-19 06:42:13,25850.0,500.0,4224600.0
1008,2021-10-19 06:42:13,25850.0,100.0,4224100.0
1009,2021-10-19 06:42:13,25850.0,2900.0,4224000.0
1010,2021-10-19 06:42:04,25850.0,6600.0,4221100.0
1011,2021-10-19 06:42:04,25850.0,400.0,4214500.0
1012,2021-10-19 06:42:04,25850.0,500.0,4214100.0
1013,2021-10-19 06:42:04,25850.0,3200.0,4213600.0
1014,2021-10-19 06:41:39,25850.0,2200.0,4210400.0
1015,2021-10-19 06:41:08,25850.0,3000.0,4208200.0
1016,2021-10-19 06:40:28,25850.0,2000.0,4205200.0
1017,2021-10-19 06:39:52,25850.0,2600.0,4203200.0
1018,2021-10-19 06:39:52,25850.0,800.0,4200600.0
1019,2021-10-19 06:39:52,25850.0,1000.0,4199800.0
1020,2021-10-19 06:39:52,25850.0,1600.0,4198800.0
1021,2021-10-19 06:39:51,25850.0,1400.0,4197200.0
1022,2021-10-19 06:39:51,25850.0,500.0,4195800.0
1023,2021-10-19 06:39:51,25850.0,100.0,4195300.0
1024,2021-10-19 06:39:50,25800.0,100.0,4195200.0
1025,2021-10-19 06:39:48,25800.0,24500.0,4195100.0
1026,2021-10-19 06:39:48,25800.0,100.0,4170600.0
1027,2021-10-19 06:39:48,25800.0,100.0,4170500.0
1028,2021-10-19 06:39:48,25800.0,20000.0,4170400.0
1029,2021-10-19 06:39:48,25800.0,300.0,4150400.0
1030,2021-10-19 06:39:48,25800.0,28000.0,4150100.0
1031,2021-10-19 06:39:48,25800.0,3000.0,4122100.0
1032,2021-10-19 06:39:44,25850.0,1900.0,4119100.0
1033,2021-10-19 06:39:44,25850.0,100.0,4117200.0
1034,2021-10-19 06:39:16,25850.0,400.0,4117100.0
1035,2021-10-19 06:39:10,25850.0,300.0,4116700.0
1036,2021-10-19 06:39:08,25850.0,500.0,4116400.0
1037,2021-10-19 06:39:04,25850.0,3700.0,4115900.0
1038,2021-10-19 06:39:04,25850.0,1000.0,4112200.0
1039,2021-10-19 06:39:04,25850.0,5000.0,4111200.0
1040,2021-10-19 06:39:04,25850.0,5000.0,4106200.0
1041,2021-10-19 06:39:04,25850.0,300.0,4101200.0
1042,2021-10-19 06:39:04,25850.0,200.0,4100900.0
1043,2021-10-19 06:39:04,25850.0,500.0,4100700.0
1044,2021-10-19 06:39:04,25850.0,100.0,4100200.0
1045,2021-10-19 06:39:04,25850.0,200.0,4100100.0
1046,2021-10-19 06:39:04,25850.0,4000.0,4099900.0
1047,2021-10-19 06:38:48,25850.0,1000.0,4095900.0
1048,2021-10-19 06:38:24,25850.0,500.0,4094900.0
1049,2021-10-19 06:38:18,25850.0,1000.0,4094400.0
1050,2021-10-19 06:38:11,25850.0,100.0,4093400.0
1051,2021-10-19 06:38:07,25850.0,1500.0,4093300.0
1052,2021-10-19 06:38:06,25850.0,500.0,4091800.0
1053,2021-10-19 06:38:05,25850.0,16400.0,4091300.0
1054,2021-10-19 06:38:05,25850.0,9000.0,4074900.0
1055,2021-10-19 06:38:05,25850.0,10000.0,4065900.0
1056,2021-10-19 06:38:05,25850.0,500.0,4055900.0
1057,2021-10-19 06:38:05,25850.0,1000.0,4055400.0
1058,2021-10-19 06:38:05,25850.0,4000.0,4054400.0
1059,2021-10-19 06:38:05,25850.0,500.0,4050400.0
1060,2021-10-19 06:38:05,25850.0,500.0,4049900.0
1061,2021-10-19 06:38:05,25850.0,500.0,4049400.0
1062,2021-10-19 06:38:05,25850.0,5000.0,4048900.0
1063,2021-10-19 06:38:05,25850.0,2600.0,4043900.0
1064,2021-10-19 06:37:57,25800.0,100.0,4041300.0
1065,2021-10-19 06:37:36,25800.0,100.0,4041200.0
1066,2021-10-19 06:37:06,25850.0,3000.0,4041100.0
1067,2021-10-19 06:36:51,25850.0,1100.0,4038100.0
1068,2021-10-19 06:36:28,25850.0,3300.0,4037000.0
1069,2021-10-19 06:36:28,25850.0,200.0,4033700.0
1070,2021-10-19 06:36:28,25850.0,5000.0,4033500.0
1071,2021-10-19 06:36:28,25850.0,900.0,4028500.0
1072,2021-10-19 06:35:53,25800.0,400.0,4027600.0
1073,2021-10-19 06:35:42,25800.0,500.0,4027200.0
1074,2021-10-19 06:35:22,25800.0,300.0,4026700.0
1075,2021-10-19 06:35:21,25800.0,600.0,4026400.0
1076,2021-10-19 06:35:21,25800.0,400.0,4025800.0
1077,2021-10-19 06:35:02,25800.0,200.0,4025400.0
1078,2021-10-19 06:34:32,25800.0,400.0,4025200.0
1079,2021-10-19 06:34:32,25800.0,100.0,4024800.0
1080,2021-10-19 06:34:26,25800.0,900.0,4024700.0
1081,2021-10-19 06:34:26,25800.0,1100.0,4023800.0
1082,2021-10-19 06:34:13,25800.0,200.0,4022700.0
1083,2021-10-19 06:33:53,25850.0,1000.0,4022500.0
1084,2021-10-19 06:33:27,25850.0,1000.0,4021500.0
1085,2021-10-19 06:33:24,25800.0,800.0,4020500.0
1086,2021-10-19 06:32:52,25800.0,300.0,4019700.0
1087,2021-10-19 06:32:52,25800.0,100.0,4019400.0
1088,2021-10-19 06:32:37,25800.0,800.0,4019300.0
1089,2021-10-19 06:32:25,25800.0,2100.0,4018500.0
1090,2021-10-19 06:32:25,25800.0,100.0,4016400.0
1091,2021-10-19 06:32:25,25800.0,2000.0,4016300.0
1092,2021-10-19 06:32:25,25800.0,1000.0,4014300.0
1093,2021-10-19 06:32:25,25800.0,100.0,4013300.0
1094,2021-10-19 06:32:25,25800.0,1000.0,4013200.0
1095,2021-10-19 06:32:25,25800.0,1000.0,4012200.0
1096,2021-10-19 06:32:25,25800.0,100.0,4011200.0
1097,2021-10-19 06:32:25,25800.0,1000.0,4011100.0
1098,2021-10-19 06:32:25,25800.0,200.0,4010100.0
1099,2021-10-19 06:32:25,25800.0,1000.0,4009900.0
1100,2021-10-19 06:32:25,25800.0,500.0,4008900.0
1101,2021-10-19 06:32:25,25800.0,400.0,4008400.0
1102,2021-10-19 06:32:25,25800.0,100.0,4008000.0
1103,2021-10-19 06:32:25,25800.0,200.0,4007900.0
1104,2021-10-19 06:32:25,25800.0,4200.0,4007700.0
1105,2021-10-19 06:32:14,25800.0,800.0,4003500.0
1106,2021-10-19 06:32:14,25800.0,5000.0,4002700.0
1107,2021-10-19 06:32:14,25800.0,7700.0,3997700.0
1108,2021-10-19 06:32:14,25800.0,200.0,3990000.0
1109,2021-10-19 06:32:14,25800.0,100.0,3989800.0
1110,2021-10-19 06:32:14,25800.0,2000.0,3989700.0
1111,2021-10-19 06:32:14,25800.0,500.0,3987700.0
1112,2021-10-19 06:32:14,25800.0,100.0,3987200.0
1113,2021-10-19 06:32:14,25800.0,3600.0,3987100.0
1114,2021-10-19 06:32:07,25850.0,1100.0,3983500.0
1115,2021-10-19 06:32:07,25850.0,900.0,3982400.0
1116,2021-10-19 06:31:49,25800.0,800.0,3981500.0
1117,2021-10-19 06:31:15,25800.0,600.0,3980700.0
1118,2021-10-19 06:31:15,25800.0,200.0,3980100.0
1119,2021-10-19 06:30:46,25800.0,800.0,3979900.0
1120,2021-10-19 06:30:46,25800.0,100.0,3979100.0
1121,2021-10-19 06:30:46,25800.0,100.0,3979000.0
1122,2021-10-19 06:30:46,25800.0,100.0,3978900.0
1123,2021-10-19 06:30:46,25800.0,5000.0,3978800.0
1124,2021-10-19 06:30:46,25800.0,200.0,3973800.0
1125,2021-10-19 06:30:46,25800.0,100.0,3973600.0
1126,2021-10-19 06:30:46,25800.0,100.0,3973500.0
1127,2021-10-19 06:30:46,25800.0,5800.0,3973400.0
1128,2021-10-19 06:30:46,25800.0,500.0,3967600.0
1129,2021-10-19 06:30:46,25800.0,500.0,3967100.0
1130,2021-10-19 06:30:46,25800.0,200.0,3966600.0
1131,2021-10-19 06:30:46,25800.0,300.0,3966400.0
1132,2021-10-19 06:30:46,25800.0,400.0,3966100.0
1133,2021-10-19 06:30:46,25800.0,800.0,3965700.0
1134,2021-10-19 06:30:34,25800.0,100.0,3964900.0
1135,2021-10-19 06:30:06,25850.0,1100.0,3964800.0
1136,2021-10-19 06:29:55,25800.0,2100.0,3963700.0
1137,2021-10-19 06:29:55,25800.0,100.0,3961600.0
1138,2021-10-19 06:29:55,25800.0,1100.0,3961500.0
1139,2021-10-19 06:29:31,25800.0,500.0,3960400.0
1140,2021-10-19 06:29:27,25800.0,400.0,3959900.0
1141,2021-10-19 06:29:27,25800.0,100.0,3959500.0
1142,2021-10-19 06:29:10,25800.0,400.0,3959400.0
1143,2021-10-19 06:29:10,25800.0,1000.0,3959000.0
1144,2021-10-19 06:29:10,25800.0,600.0,3958000.0
1145,2021-10-19 06:28:20,25800.0,100.0,3957400.0
1146,2021-10-19 06:27:46,25800.0,200.0,3957300.0
1147,2021-10-19 06:27:46,25800.0,100.0,3957100.0
1148,2021-10-19 06:27:46,25800.0,1400.0,3957000.0
1149,2021-10-19 06:27:42,25850.0,2000.0,3955600.0
1150,2021-10-19 06:26:52,25800.0,200.0,3953600.0
1151,2021-10-19 06:26:41,25800.0,300.0,3953400.0
1152,2021-10-19 06:25:24,25800.0,100.0,3953100.0
1153,2021-10-19 06:25:24,25800.0,900.0,3953000.0
1154,2021-10-19 06:25:16,25800.0,5100.0,3952100.0
1155,2021-10-19 06:24:44,25850.0,6000.0,3947000.0
1156,2021-10-19 06:24:32,25850.0,5000.0,3941000.0
1157,2021-10-19 06:24:25,25850.0,500.0,3936000.0
1158,2021-10-19 06:24:23,25850.0,10000.0,3935500.0
1159,2021-10-19 06:24:23,25850.0,500.0,3925500.0
1160,2021-10-19 06:24:23,25850.0,500.0,3925000.0
1161,2021-10-19 06:24:23,25850.0,500.0,3924500.0
1162,2021-10-19 06:24:23,25850.0,2000.0,3924000.0
1163,2021-10-19 06:24:23,25850.0,900.0,3922000.0
1164,2021-10-19 06:24:20,25850.0,3100.0,3921100.0
1165,2021-10-19 06:24:20,25850.0,100.0,3918000.0
1166,2021-10-19 06:24:20,25850.0,6300.0,3917900.0
1167,2021-10-19 06:24:12,25850.0,500.0,3911600.0
1168,2021-10-19 06:23:51,25850.0,100.0,3911100.0
1169,2021-10-19 06:23:43,25900.0,100.0,3911000.0
1170,2021-10-19 06:23:32,25850.0,300.0,3910900.0
1171,2021-10-19 06:23:27,25850.0,100.0,3910600.0
1172,2021-10-19 06:23:25,25850.0,500.0,3910500.0
1173,2021-10-19 06:22:59,25850.0,12200.0,3910000.0
1174,2021-10-19 06:22:34,25850.0,700.0,3897800.0
1175,2021-10-19 06:22:29,25850.0,100.0,3897100.0
1176,2021-10-19 06:22:25,25850.0,500.0,3897000.0
1177,2021-10-19 06:22:23,25850.0,1000.0,3896500.0
1178,2021-10-19 06:22:19,25850.0,5500.0,3895500.0
1179,2021-10-19 06:22:19,25850.0,2000.0,3890000.0
1180,2021-10-19 06:22:19,25850.0,1000.0,3888000.0
1181,2021-10-19 06:22:19,25850.0,1500.0,3887000.0
1182,2021-10-19 06:21:55,25850.0,400.0,3885500.0
1183,2021-10-19 06:21:55,25850.0,7500.0,3885100.0
1184,2021-10-19 06:21:42,25850.0,200.0,3877600.0
1185,2021-10-19 06:21:35,25850.0,100.0,3877400.0
1186,2021-10-19 06:21:24,25850.0,200.0,3877300.0
1187,2021-10-19 06:21:24,25850.0,3300.0,3877100.0
1188,2021-10-19 06:21:02,25850.0,400.0,3873800.0
1189,2021-10-19 06:20:57,25850.0,400.0,3873400.0
1190,2021-10-19 06:20:49,25850.0,100.0,3873000.0
1191,2021-10-19 06:20:49,25850.0,800.0,3872900.0
1192,2021-10-19 06:20:46,25850.0,200.0,3872100.0
1193,2021-10-19 06:20:46,25850.0,1000.0,3871900.0
1194,2021-10-19 06:20:46,25850.0,1000.0,3870900.0
1195,2021-10-19 06:20:46,25850.0,1100.0,3869900.0
1196,2021-10-19 06:20:46,25850.0,1000.0,3868800.0
1197,2021-10-19 06:20:46,25850.0,5700.0,3867800.0
1198,2021-10-19 06:20:31,25800.0,4100.0,3862100.0
1199,2021-10-19 06:20:31,25800.0,100.0,3858000.0
1200,2021-10-19 06:20:31,25800.0,500.0,3857900.0
1201,2021-10-19 06:20:31,25800.0,500.0,3857400.0
1202,2021-10-19 06:20:31,25800.0,100.0,3856900.0
1203,2021-10-19 06:20:31,25800.0,1000.0,3856800.0
1204,2021-10-19 06:20:31,25800.0,12000.0,3855800.0
1205,2021-10-19 06:20:31,25800.0,1700.0,3843800.0
1206,2021-10-19 06:20:17,25850.0,700.0,3842100.0
1207,2021-10-19 06:19:37,25850.0,300.0,3841400.0
1208,2021-10-19 06:19:28,25800.0,100.0,3841100.0
1209,2021-10-19 06:19:26,25800.0,100.0,3841000.0
1210,2021-10-19 06:19:25,25800.0,100.0,3840900.0
1211,2021-10-19 06:19:13,25800.0,100.0,3840800.0
1212,2021-10-19 06:18:56,25800.0,600.0,3840700.0
1213,2021-10-19 06:18:46,25850.0,2300.0,3840100.0
1214,2021-10-19 06:18:46,25850.0,1000.0,3837800.0
1215,2021-10-19 06:18:46,25850.0,500.0,3836800.0
1216,2021-10-19 06:18:32,25850.0,500.0,3836300.0
1217,2021-10-19 06:18:32,25850.0,500.0,3835800.0
1218,2021-10-19 06:18:32,25850.0,8000.0,3835300.0
1219,2021-10-19 06:18:21,25800.0,100.0,3827300.0
1220,2021-10-19 06:18:14,25800.0,200.0,3827200.0
1221,2021-10-19 06:18:02,25850.0,5000.0,3827000.0
1222,2021-10-19 06:17:22,25850.0,2000.0,3822000.0
1223,2021-10-19 06:17:22,25850.0,1000.0,3820000.0
1224,2021-10-19 06:17:22,25850.0,300.0,3819000.0
1225,2021-10-19 06:17:22,25850.0,200.0,3818700.0
1226,2021-10-19 06:16:30,25850.0,7900.0,3818500.0
1227,2021-10-19 06:16:30,25850.0,5000.0,3810600.0
1228,2021-10-19 06:16:30,25850.0,5900.0,3805600.0
1229,2021-10-19 06:16:30,25850.0,100.0,3799700.0
1230,2021-10-19 06:16:30,25850.0,100.0,3799600.0
1231,2021-10-19 06:16:30,25850.0,1000.0,3799500.0
1232,2021-10-19 06:16:30,25850.0,200.0,3798500.0
1233,2021-10-19 06:16:30,25850.0,3000.0,3798300.0
1234,2021-10-19 06:16:30,25850.0,5000.0,3795300.0
1235,2021-10-19 06:16:30,25850.0,1500.0,3790300.0
1236,2021-10-19 06:16:30,25850.0,300.0,3788800.0
1237,2021-10-19 06:16:30,25850.0,3000.0,3788500.0
1238,2021-10-19 06:16:30,25850.0,2000.0,3785500.0
1239,2021-10-19 06:16:30,25850.0,2000.0,3783500.0
1240,2021-10-19 06:16:30,25850.0,500.0,3781500.0
1241,2021-10-19 06:16:30,25850.0,100.0,3781000.0
1242,2021-10-19 06:16:30,25850.0,3300.0,3780900.0
1243,2021-10-19 06:16:14,25800.0,500.0,3777600.0
1244,2021-10-19 06:15:26,25800.0,100.0,3777100.0
1245,2021-10-19 06:15:14,25800.0,4400.0,3777000.0
1246,2021-10-19 06:15:14,25800.0,10000.0,3772600.0
1247,2021-10-19 06:15:14,25800.0,100.0,3762600.0
1248,2021-10-19 06:15:14,25800.0,1000.0,3762500.0
1249,2021-10-19 06:15:14,25800.0,100.0,3761500.0
1250,2021-10-19 06:15:14,25800.0,100.0,3761400.0
1251,2021-10-19 06:15:09,25800.0,300.0,3761300.0
1252,2021-10-19 06:15:09,25800.0,700.0,3761000.0
1253,2021-10-19 06:14:44,25850.0,700.0,3760300.0
1254,2021-10-19 06:14:31,25800.0,1000.0,3759600.0
1255,2021-10-19 06:14:08,25850.0,200.0,3758600.0
1256,2021-10-19 06:14:08,25850.0,300.0,3758400.0
1257,2021-10-19 06:14:05,25800.0,3300.0,3758100.0
1258,2021-10-19 06:14:05,25800.0,100.0,3754800.0
1259,2021-10-19 06:14:05,25800.0,500.0,3754700.0
1260,2021-10-19 06:14:05,25800.0,1100.0,3754200.0
1261,2021-10-19 06:13:54,25850.0,100.0,3753100.0
1262,2021-10-19 06:13:53,25850.0,1000.0,3753000.0
1263,2021-10-19 06:13:16,25850.0,200.0,3752000.0
1264,2021-10-19 06:13:11,25800.0,1800.0,3751800.0
1265,2021-10-19 06:12:04,25850.0,100.0,3750000.0
1266,2021-10-19 06:11:48,25850.0,2000.0,3749900.0
1267,2021-10-19 06:11:34,25850.0,3100.0,3747900.0
1268,2021-10-19 06:11:17,25850.0,100.0,3744800.0
1269,2021-10-19 06:11:12,25800.0,100.0,3744700.0
1270,2021-10-19 06:11:12,25800.0,100.0,3744600.0
1271,2021-10-19 06:11:12,25800.0,500.0,3744500.0
1272,2021-10-19 06:11:12,25800.0,500.0,3744000.0
1273,2021-10-19 06:11:12,25800.0,5800.0,3743500.0
1274,2021-10-19 06:11:06,25850.0,200.0,3737700.0
1275,2021-10-19 06:11:05,25850.0,100.0,3737500.0
1276,2021-10-19 06:11:04,25850.0,500.0,3737400.0
1277,2021-10-19 06:10:35,25850.0,2900.0,3736900.0
1278,2021-10-19 06:10:12,25850.0,100.0,3734000.0
1279,2021-10-19 06:10:05,25850.0,500.0,3733900.0
1280,2021-10-19 06:10:00,25850.0,300.0,3733400.0
1281,2021-10-19 06:09:54,25800.0,900.0,3733100.0
1282,2021-10-19 06:09:34,25800.0,100.0,3732200.0
1283,2021-10-19 06:09:08,25850.0,300.0,3732100.0
1284,2021-10-19 06:09:03,25800.0,500.0,3731800.0
1285,2021-10-19 06:08:56,25800.0,2000.0,3731300.0
1286,2021-10-19 06:08:22,25800.0,700.0,3729300.0
1287,2021-10-19 06:08:22,25800.0,100.0,3728600.0
1288,2021-10-19 06:08:22,25800.0,200.0,3728500.0
1289,2021-10-19 06:08:06,25800.0,200.0,3728300.0
1290,2021-10-19 06:07:46,25800.0,200.0,3728100.0
1291,2021-10-19 06:06:50,25800.0,200.0,3727900.0
1292,2021-10-19 06:06:30,25800.0,200.0,3727700.0
1293,2021-10-19 06:06:23,25800.0,1100.0,3727500.0
1294,2021-10-19 06:06:15,25800.0,1800.0,3726400.0
1295,2021-10-19 06:06:15,25800.0,1000.0,3724600.0
1296,2021-10-19 06:06:15,25800.0,1300.0,3723600.0
1297,2021-10-19 06:06:15,25800.0,1000.0,3722300.0
1298,2021-10-19 06:06:15,25800.0,300.0,3721300.0
1299,2021-10-19 06:06:15,25800.0,1000.0,3721000.0
1300,2021-10-19 06:06:15,25800.0,13600.0,3720000.0
1301,2021-10-19 06:05:23,25800.0,200.0,3706400.0
1302,2021-10-19 06:05:11,25800.0,100.0,3706200.0
1303,2021-10-19 06:05:08,25800.0,100.0,3706100.0
1304,2021-10-19 06:05:08,25800.0,5000.0,3706000.0
1305,2021-10-19 06:05:08,25800.0,31000.0,3701000.0
1306,2021-10-19 06:04:49,25800.0,1000.0,3670000.0
1307,2021-10-19 06:04:43,25800.0,3000.0,3669000.0
1308,2021-10-19 06:04:16,25800.0,500.0,3666000.0
1309,2021-10-19 06:04:00,25800.0,100.0,3665500.0
1310,2021-10-19 06:03:31,25800.0,100.0,3665400.0
1311,2021-10-19 06:03:24,25800.0,800.0,3665300.0
1312,2021-10-19 06:03:24,25800.0,20000.0,3664500.0
1313,2021-10-19 06:03:24,25800.0,100.0,3644500.0
1314,2021-10-19 06:03:24,25800.0,200.0,3644400.0
1315,2021-10-19 06:03:24,25800.0,3200.0,3644200.0
1316,2021-10-19 06:02:42,25800.0,16800.0,3641000.0
1317,2021-10-19 06:02:42,25800.0,500.0,3624200.0
1318,2021-10-19 06:02:42,25800.0,500.0,3623700.0
1319,2021-10-19 06:02:42,25800.0,500.0,3623200.0
1320,2021-10-19 06:02:42,25800.0,500.0,3622700.0
1321,2021-10-19 06:02:42,25800.0,1200.0,3622200.0
1322,2021-10-19 06:01:16,25800.0,10000.0,3621000.0
1323,2021-10-19 06:00:35,25800.0,100.0,3611000.0
1324,2021-10-19 06:00:35,25800.0,200.0,3610900.0
1325,2021-10-19 06:00:18,25800.0,100.0,3610700.0
1326,2021-10-19 06:00:17,25800.0,300.0,3610600.0
1327,2021-10-19 06:00:12,25800.0,100.0,3610300.0
1328,2021-10-19 06:00:09,25800.0,1400.0,3610200.0
1329,2021-10-19 06:00:09,25800.0,300.0,3608800.0
1330,2021-10-19 06:00:09,25800.0,600.0,3608500.0
1331,2021-10-19 06:00:07,25800.0,2000.0,3607900.0
1332,2021-10-19 06:00:05,25800.0,400.0,3605900.0
1333,2021-10-19 06:00:05,25800.0,2600.0,3605500.0
1334,2021-10-19 06:00:05,25750.0,1600.0,3602900.0
1335,2021-10-19 06:00:05,25750.0,3400.0,3601300.0
1336,2021-10-19 06:00:03,25750.0,100.0,3597900.0
1337,2021-10-19 06:00:02,25800.0,200.0,3597800.0
1338,2021-10-19 06:00:01,25800.0,4400.0,3597600.0
1339,2021-10-19 06:00:01,25800.0,5600.0,3593200.0
1340,2021-10-19 06:00:01,25800.0,300.0,3587600.0
1341,2021-10-19 06:00:00,25800.0,4100.0,3587300.0
1342,2021-10-19 06:00:00,25800.0,500.0,3583200.0
1343,2021-10-19 06:00:00,25800.0,400.0,3582700.0
1344,2021-10-19 06:00:00,25800.0,500.0,3582300.0
1345,2021-10-19 06:00:00,25750.0,100.0,3581800.0
1346,2021-10-19 06:00:00,25750.0,100.0,3581700.0
1347,2021-10-19 06:00:00,25800.0,3000.0,3581600.0
1348,2021-10-19 06:00:00,25800.0,1100.0,3578600.0
1349,2021-10-19 06:00:00,25800.0,3900.0,3577500.0
1350,2021-10-19 04:29:35,25750.0,1800.0,3573600.0
1351,2021-10-19 04:28:57,25750.0,1600.0,3571800.0
1352,2021-10-19 04:28:44,25800.0,100.0,3570200.0
1353,2021-10-19 04:28:44,25800.0,16800.0,3570100.0
1354,2021-10-19 04:28:44,25800.0,2500.0,3553300.0
1355,2021-10-19 04:28:44,25800.0,200.0,3550800.0
1356,2021-10-19 04:28:44,25800.0,100.0,3550600.0
1357,2021-10-19 04:28:44,25800.0,300.0,3550500.0
1358,2021-10-19 04:28:36,25750.0,1000.0,3550200.0
1359,2021-10-19 04:28:18,25750.0,1900.0,3549200.0
1360,2021-10-19 04:28:18,25750.0,200.0,3547300.0
1361,2021-10-19 04:28:18,25750.0,100.0,3547100.0
1362,2021-10-19 04:28:18,25750.0,400.0,3547000.0
1363,2021-10-19 04:28:18,25750.0,5000.0,3546600.0
1364,2021-10-19 04:28:18,25750.0,300.0,3541600.0
1365,2021-10-19 04:28:18,25750.0,200.0,3541300.0
1366,2021-10-19 04:28:18,25750.0,2000.0,3541100.0
1367,2021-10-19 04:28:18,25750.0,100.0,3539100.0
1368,2021-10-19 04:28:18,25750.0,3000.0,3539000.0
1369,2021-10-19 04:28:18,25750.0,500.0,3536000.0
1370,2021-10-19 04:27:42,25750.0,3000.0,3535500.0
1371,2021-10-19 04:27:07,25800.0,500.0,3532500.0
1372,2021-10-19 04:26:28,25800.0,5000.0,3532000.0
1373,2021-10-19 04:26:19,25800.0,300.0,3527000.0
1374,2021-10-19 04:25:46,25800.0,1000.0,3526700.0
1375,2021-10-19 04:25:19,25800.0,500.0,3525700.0
1376,2021-10-19 04:24:54,25800.0,1000.0,3525200.0
1377,2021-10-19 04:24:53,25800.0,100.0,3524200.0
1378,2021-10-19 04:24:48,25800.0,200.0,3524100.0
1379,2021-10-19 04:24:44,25800.0,100.0,3523900.0
1380,2021-10-19 04:24:24,25800.0,100.0,3523800.0
1381,2021-10-19 04:24:10,25800.0,200.0,3523700.0
1382,2021-10-19 04:23:33,25800.0,300.0,3523500.0
1383,2021-10-19 04:23:27,25800.0,200.0,3523200.0
1384,2021-10-19 04:23:27,25800.0,3000.0,3523000.0
1385,2021-10-19 04:23:23,25800.0,300.0,3520000.0
1386,2021-10-19 04:23:23,25800.0,500.0,3519700.0
1387,2021-10-19 04:23:16,25800.0,200.0,3519200.0
1388,2021-10-19 04:23:11,25800.0,10000.0,3519000.0
1389,2021-10-19 04:22:04,25800.0,8000.0,3509000.0
1390,2021-10-19 04:21:56,25800.0,200.0,3501000.0
1391,2021-10-19 04:21:56,25800.0,10000.0,3500800.0
1392,2021-10-19 04:21:56,25800.0,2000.0,3490800.0
1393,2021-10-19 04:21:56,25800.0,10000.0,3488800.0
1394,2021-10-19 04:21:56,25800.0,100.0,3478800.0
1395,2021-10-19 04:21:56,25800.0,200.0,3478700.0
1396,2021-10-19 04:21:56,25800.0,200.0,3478500.0
1397,2021-10-19 04:21:56,25800.0,2100.0,3478300.0
1398,2021-10-19 04:21:31,25800.0,100.0,3476200.0
1399,2021-10-19 04:21:05,25800.0,5000.0,3476100.0
1400,2021-10-19 04:20:56,25800.0,400.0,3471100.0
1401,2021-10-19 04:20:18,25800.0,500.0,3470700.0
1402,2021-10-19 04:20:09,25800.0,2000.0,3470200.0
1403,2021-10-19 04:20:09,25800.0,4100.0,3468200.0
1404,2021-10-19 04:20:09,25800.0,500.0,3464100.0
1405,2021-10-19 04:20:09,25800.0,5000.0,3463600.0
1406,2021-10-19 04:20:09,25800.0,300.0,3458600.0
1407,2021-10-19 04:19:42,25800.0,200.0,3458300.0
1408,2021-10-19 04:19:42,25800.0,4800.0,3458100.0
1409,2021-10-19 04:19:31,25800.0,200.0,3453300.0
1410,2021-10-19 04:19:20,25800.0,6000.0,3453100.0
1411,2021-10-19 04:19:13,25800.0,100.0,3447100.0
1412,2021-10-19 04:19:08,25800.0,400.0,3447000.0
1413,2021-10-19 04:19:07,25800.0,200.0,3446600.0
1414,2021-10-19 04:19:07,25800.0,5000.0,3446400.0
1415,2021-10-19 04:19:07,25800.0,3300.0,3441400.0
1416,2021-10-19 04:19:00,25800.0,400.0,3438100.0
1417,2021-10-19 04:18:57,25800.0,600.0,3437700.0
1418,2021-10-19 04:18:57,25800.0,400.0,3437100.0
1419,2021-10-19 04:18:44,25800.0,500.0,3436700.0
1420,2021-10-19 04:18:40,25800.0,100.0,3436200.0
1421,2021-10-19 04:18:27,25800.0,100.0,3436100.0
1422,2021-10-19 04:18:27,25800.0,5000.0,3436000.0
1423,2021-10-19 04:18:27,25800.0,3000.0,3431000.0
1424,2021-10-19 04:18:27,25800.0,300.0,3428000.0
1425,2021-10-19 04:18:27,25800.0,200.0,3427700.0
1426,2021-10-19 04:18:27,25800.0,5000.0,3427500.0
1427,2021-10-19 04:18:27,25800.0,1000.0,3422500.0
1428,2021-10-19 04:18:27,25800.0,3000.0,3421500.0
1429,2021-10-19 04:18:27,25800.0,200.0,3418500.0
1430,2021-10-19 04:18:27,25800.0,1000.0,3418300.0
1431,2021-10-19 04:18:27,25800.0,100.0,3417300.0
1432,2021-10-19 04:18:27,25800.0,100.0,3417200.0
1433,2021-10-19 04:18:27,25800.0,1000.0,3417100.0
1434,2021-10-19 04:18:03,25800.0,300.0,3416100.0
1435,2021-10-19 04:16:54,25850.0,300.0,3415800.0
1436,2021-10-19 04:16:54,25850.0,100.0,3415500.0
1437,2021-10-19 04:16:38,25850.0,10000.0,3415400.0
1438,2021-10-19 04:16:20,25850.0,5700.0,3405400.0
1439,2021-10-19 04:16:10,25800.0,100.0,3399700.0
1440,2021-10-19 04:15:31,25800.0,200.0,3399600.0
1441,2021-10-19 04:14:52,25800.0,100.0,3399400.0
1442,2021-10-19 04:14:03,25800.0,100.0,3399300.0
1443,2021-10-19 04:14:03,25800.0,700.0,3399200.0
1444,2021-10-19 04:14:02,25850.0,500.0,3398500.0
1445,2021-10-19 04:13:26,25800.0,200.0,3398000.0
1446,2021-10-19 04:13:26,25800.0,500.0,3397800.0
1447,2021-10-19 04:13:26,25800.0,2100.0,3397300.0
1448,2021-10-19 04:13:24,25800.0,200.0,3395200.0
1449,2021-10-19 04:13:22,25800.0,500.0,3395000.0
1450,2021-10-19 04:13:13,25800.0,1000.0,3394500.0
1451,2021-10-19 04:13:08,25800.0,500.0,3393500.0
1452,2021-10-19 04:12:57,25800.0,100.0,3393000.0
1453,2021-10-19 04:12:51,25800.0,100.0,3392900.0
1454,2021-10-19 04:12:27,25800.0,1000.0,3392800.0
1455,2021-10-19 04:12:27,25800.0,7600.0,3391800.0
1456,2021-10-19 04:12:27,25800.0,2000.0,3384200.0
1457,2021-10-19 04:12:27,25800.0,200.0,3382200.0
1458,2021-10-19 04:12:27,25800.0,100.0,3382000.0
1459,2021-10-19 04:12:27,25800.0,4000.0,3381900.0
1460,2021-10-19 04:12:27,25800.0,7600.0,3377900.0
1461,2021-10-19 04:12:27,25800.0,3000.0,3370300.0
1462,2021-10-19 04:11:19,25850.0,1000.0,3367300.0
1463,2021-10-19 04:11:13,25850.0,20600.0,3366300.0
1464,2021-10-19 04:11:13,25850.0,9400.0,3345700.0
1465,2021-10-19 04:11:10,25800.0,900.0,3336300.0
1466,2021-10-19 04:11:10,25800.0,100.0,3335400.0
1467,2021-10-19 04:11:10,25800.0,500.0,3335300.0
1468,2021-10-19 04:11:10,25800.0,600.0,3334800.0
1469,2021-10-19 04:11:10,25800.0,1000.0,3334200.0
1470,2021-10-19 04:11:10,25800.0,200.0,3333200.0
1471,2021-10-19 04:11:10,25800.0,1000.0,3333000.0
1472,2021-10-19 04:11:10,25800.0,200.0,3332000.0
1473,2021-10-19 04:11:10,25800.0,100.0,3331800.0
1474,2021-10-19 04:11:10,25800.0,400.0,3331700.0
1475,2021-10-19 04:10:52,25800.0,1600.0,3331300.0
1476,2021-10-19 04:10:52,25800.0,200.0,3329700.0
1477,2021-10-19 04:10:52,25800.0,500.0,3329500.0
1478,2021-10-19 04:10:52,25800.0,100.0,3329000.0
1479,2021-10-19 04:10:52,25800.0,600.0,3328900.0
1480,2021-10-19 04:09:43,25800.0,100.0,3328300.0
1481,2021-10-19 04:08:37,25850.0,300.0,3328200.0
1482,2021-10-19 04:07:36,25850.0,300.0,3327900.0
1483,2021-10-19 04:07:36,25850.0,200.0,3327600.0
1484,2021-10-19 04:06:33,25850.0,100.0,3327400.0
1485,2021-10-19 04:06:27,25800.0,1300.0,3327300.0
1486,2021-10-19 04:06:27,25800.0,700.0,3326000.0
1487,2021-10-19 04:06:15,25800.0,500.0,3325300.0
1488,2021-10-19 04:05:36,25800.0,1800.0,3324800.0
1489,2021-10-19 04:05:15,25800.0,5000.0,3323000.0
1490,2021-10-19 04:05:02,25800.0,1000.0,3318000.0
1491,2021-10-19 04:05:02,25800.0,200.0,3317000.0
1492,2021-10-19 04:05:02,25800.0,13800.0,3316800.0
1493,2021-10-19 04:04:55,25800.0,100.0,3303000.0
1494,2021-10-19 04:04:41,25800.0,1000.0,3302900.0
1495,2021-10-19 04:04:18,25800.0,2000.0,3301900.0
1496,2021-10-19 04:04:08,25800.0,500.0,3299900.0
1497,2021-10-19 04:03:59,25750.0,1000.0,3299400.0
1498,2021-10-19 04:03:59,25750.0,500.0,3298400.0
1499,2021-10-19 04:03:59,25750.0,200.0,3297900.0
1500,2021-10-19 04:03:59,25750.0,300.0,3297700.0
1501,2021-10-19 04:03:56,25800.0,500.0,3297400.0
1502,2021-10-19 04:03:47,25800.0,1000.0,3296900.0
1503,2021-10-19 04:03:35,25750.0,1000.0,3295900.0
1504,2021-10-19 04:03:19,25750.0,3000.0,3294900.0
1505,2021-10-19 04:03:09,25750.0,100.0,3291900.0
1506,2021-10-19 04:02:17,25750.0,100.0,3291800.0
1507,2021-10-19 04:02:17,25750.0,5500.0,3291700.0
1508,2021-10-19 04:02:08,25750.0,1000.0,3286200.0
1509,2021-10-19 04:02:03,25750.0,400.0,3285200.0
1510,2021-10-19 04:01:54,25700.0,700.0,3284800.0
1511,2021-10-19 04:01:54,25700.0,300.0,3284100.0
1512,2021-10-19 04:01:46,25750.0,1000.0,3283800.0
1513,2021-10-19 04:01:45,25750.0,100.0,3282800.0
1514,2021-10-19 04:01:37,25750.0,5000.0,3282700.0
1515,2021-10-19 04:01:37,25750.0,1000.0,3277700.0
1516,2021-10-19 04:01:37,25750.0,3000.0,3276700.0
1517,2021-10-19 04:01:37,25750.0,100.0,3273700.0
1518,2021-10-19 04:01:37,25750.0,10000.0,3273600.0
1519,2021-10-19 04:01:37,25750.0,100.0,3263600.0
1520,2021-10-19 04:01:37,25750.0,15000.0,3263500.0
1521,2021-10-19 04:01:37,25750.0,300.0,3248500.0
1522,2021-10-19 04:01:37,25750.0,4500.0,3248200.0
1523,2021-10-19 04:01:37,25750.0,100.0,3243700.0
1524,2021-10-19 04:01:37,25750.0,2900.0,3243600.0
1525,2021-10-19 04:01:27,25800.0,500.0,3240700.0
1526,2021-10-19 04:00:16,25800.0,1000.0,3240200.0
1527,2021-10-19 04:00:16,25800.0,100.0,3239200.0
1528,2021-10-19 04:00:16,25800.0,200.0,3239100.0
1529,2021-10-19 04:00:16,25800.0,1000.0,3238900.0
1530,2021-10-19 04:00:16,25800.0,500.0,3237900.0
1531,2021-10-19 04:00:16,25800.0,200.0,3237400.0
1532,2021-10-19 04:00:16,25800.0,100.0,3237200.0
1533,2021-10-19 04:00:16,25800.0,100.0,3237100.0
1534,2021-10-19 04:00:16,25800.0,5000.0,3237000.0
1535,2021-10-19 04:00:16,25800.0,1000.0,3232000.0
1536,2021-10-19 04:00:16,25800.0,1000.0,3231000.0
1537,2021-10-19 04:00:16,25800.0,1000.0,3230000.0
1538,2021-10-19 04:00:16,25800.0,200.0,3229000.0
1539,2021-10-19 04:00:16,25800.0,1000.0,3228800.0
1540,2021-10-19 04:00:16,25800.0,300.0,3227800.0
1541,2021-10-19 04:00:16,25800.0,900.0,3227500.0
1542,2021-10-19 04:00:16,25800.0,1500.0,3226600.0
1543,2021-10-19 04:00:16,25800.0,100.0,3225100.0
1544,2021-10-19 04:00:16,25800.0,5000.0,3225000.0
1545,2021-10-19 04:00:16,25800.0,9000.0,3220000.0
1546,2021-10-19 04:00:16,25800.0,1000.0,3211000.0
1547,2021-10-19 04:00:16,25800.0,400.0,3210000.0
1548,2021-10-19 03:59:44,25800.0,300.0,3209600.0
1549,2021-10-19 03:59:21,25800.0,300.0,3209300.0
1550,2021-10-19 03:59:21,25800.0,1700.0,3209000.0
1551,2021-10-19 03:59:10,25850.0,500.0,3207300.0
1552,2021-10-19 03:59:08,25800.0,1000.0,3206800.0
1553,2021-10-19 03:59:06,25800.0,300.0,3205800.0
1554,2021-10-19 03:58:34,25850.0,100.0,3205500.0
1555,2021-10-19 03:58:25,25850.0,13500.0,3205400.0
1556,2021-10-19 03:57:57,25850.0,300.0,3191900.0
1557,2021-10-19 03:57:47,25850.0,200.0,3191600.0
1558,2021-10-19 03:57:32,25850.0,1000.0,3191400.0
1559,2021-10-19 03:57:28,25850.0,100.0,3190400.0
1560,2021-10-19 03:56:22,25850.0,2500.0,3190300.0
1561,2021-10-19 03:56:22,25850.0,5000.0,3187800.0
1562,2021-10-19 03:56:22,25850.0,5000.0,3182800.0
1563,2021-10-19 03:56:22,25850.0,2000.0,3177800.0
1564,2021-10-19 03:55:31,25900.0,200.0,3175800.0
1565,2021-10-19 03:55:31,25900.0,300.0,3175600.0
1566,2021-10-19 03:55:30,25900.0,200.0,3175300.0
1567,2021-10-19 03:55:30,25900.0,400.0,3175100.0
1568,2021-10-19 03:55:27,25900.0,3000.0,3174700.0
1569,2021-10-19 03:55:27,25900.0,2000.0,3171700.0
1570,2021-10-19 03:55:18,25900.0,3000.0,3169700.0
1571,2021-10-19 03:55:18,25900.0,100.0,3166700.0
1572,2021-10-19 03:55:18,25900.0,500.0,3166600.0
1573,2021-10-19 03:55:18,25900.0,200.0,3166100.0
1574,2021-10-19 03:55:18,25900.0,200.0,3165900.0
1575,2021-10-19 03:55:18,25900.0,700.0,3165700.0
1576,2021-10-19 03:55:18,25900.0,1000.0,3165000.0
1577,2021-10-19 03:55:18,25900.0,400.0,3164000.0
1578,2021-10-19 03:55:11,25900.0,400.0,3163600.0
1579,2021-10-19 03:55:11,25900.0,2000.0,3163200.0
1580,2021-10-19 03:55:11,25900.0,500.0,3161200.0
1581,2021-10-19 03:55:11,25900.0,9800.0,3160700.0
1582,2021-10-19 03:55:09,25900.0,1400.0,3150900.0
1583,2021-10-19 03:53:53,25900.0,2000.0,3149500.0
1584,2021-10-19 03:53:44,25900.0,1000.0,3147500.0
1585,2021-10-19 03:53:41,25900.0,500.0,3146500.0
1586,2021-10-19 03:53:30,25900.0,400.0,3146000.0
1587,2021-10-19 03:53:16,25900.0,84900.0,3145600.0
1588,2021-10-19 03:53:16,25900.0,1300.0,3060700.0
1589,2021-10-19 03:53:16,25900.0,100.0,3059400.0
1590,2021-10-19 03:53:16,25900.0,2000.0,3059300.0
1591,2021-10-19 03:53:16,25900.0,10000.0,3057300.0
1592,2021-10-19 03:53:16,25900.0,200.0,3047300.0
1593,2021-10-19 03:53:16,25900.0,1000.0,3047100.0
1594,2021-10-19 03:53:16,25900.0,1000.0,3046100.0
1595,2021-10-19 03:53:16,25900.0,4500.0,3045100.0
1596,2021-10-19 03:53:16,25900.0,300.0,3040600.0
1597,2021-10-19 03:53:16,25900.0,100.0,3040300.0
1598,2021-10-19 03:53:16,25900.0,100.0,3040200.0
1599,2021-10-19 03:53:16,25900.0,500.0,3040100.0
1600,2021-10-19 03:53:16,25900.0,500.0,3039600.0
1601,2021-10-19 03:53:16,25900.0,100.0,3039100.0
1602,2021-10-19 03:53:16,25900.0,200.0,3039000.0
1603,2021-10-19 03:53:16,25900.0,100.0,3038800.0
1604,2021-10-19 03:53:16,25900.0,20000.0,3038700.0
1605,2021-10-19 03:53:16,25900.0,100.0,3018700.0
1606,2021-10-19 03:53:16,25900.0,500.0,3018600.0
1607,2021-10-19 03:53:16,25900.0,1600.0,3018100.0
1608,2021-10-19 03:53:16,25900.0,5800.0,3016500.0
1609,2021-10-19 03:53:16,25850.0,65100.0,3010700.0
1610,2021-10-19 03:52:40,25850.0,200.0,2945600.0
1611,2021-10-19 03:52:40,25850.0,700.0,2945400.0
1612,2021-10-19 03:52:40,25850.0,20000.0,2944700.0
1613,2021-10-19 03:52:40,25850.0,1000.0,2924700.0
1614,2021-10-19 03:52:40,25850.0,200.0,2923700.0
1615,2021-10-19 03:52:40,25850.0,2200.0,2923500.0
1616,2021-10-19 03:52:40,25850.0,200.0,2921300.0
1617,2021-10-19 03:52:40,25850.0,2000.0,2921100.0
1618,2021-10-19 03:52:40,25850.0,7000.0,2919100.0
1619,2021-10-19 03:52:40,25850.0,1400.0,2912100.0
1620,2021-10-19 03:52:26,25850.0,100.0,2910700.0
1621,2021-10-19 03:52:23,25850.0,3500.0,2910600.0
1622,2021-10-19 03:52:23,25850.0,500.0,2907100.0
1623,2021-10-19 03:51:48,25850.0,500.0,2906600.0
1624,2021-10-19 03:51:37,25900.0,100.0,2906100.0
1625,2021-10-19 03:51:25,25850.0,100.0,2906000.0
1626,2021-10-19 03:50:54,25850.0,100.0,2905900.0
1627,2021-10-19 03:50:52,25850.0,100.0,2905800.0
1628,2021-10-19 03:50:52,25850.0,400.0,2905700.0
1629,2021-10-19 03:50:52,25850.0,600.0,2905300.0
1630,2021-10-19 03:50:52,25850.0,300.0,2904700.0
1631,2021-10-19 03:50:52,25850.0,100.0,2904400.0
1632,2021-10-19 03:50:52,25850.0,3000.0,2904300.0
1633,2021-10-19 03:50:52,25850.0,100.0,2901300.0
1634,2021-10-19 03:50:52,25850.0,100.0,2901200.0
1635,2021-10-19 03:50:52,25850.0,100.0,2901100.0
1636,2021-10-19 03:50:24,25850.0,500.0,2901000.0
1637,2021-10-19 03:50:06,25850.0,100.0,2900500.0
1638,2021-10-19 03:49:59,25850.0,5000.0,2900400.0
1639,2021-10-19 03:49:56,25850.0,3400.0,2895400.0
1640,2021-10-19 03:49:56,25850.0,1600.0,2892000.0
1641,2021-10-19 03:49:34,25800.0,2000.0,2890400.0
1642,2021-10-19 03:49:32,25850.0,1400.0,2888400.0
1643,2021-10-19 03:49:32,25850.0,200.0,2887000.0
1644,2021-10-19 03:49:32,25850.0,400.0,2886800.0
1645,2021-10-19 03:48:31,25800.0,100.0,2886400.0
1646,2021-10-19 03:48:31,25800.0,200.0,2886300.0
1647,2021-10-19 03:48:29,25800.0,100.0,2886100.0
1648,2021-10-19 03:48:28,25800.0,200.0,2886000.0
1649,2021-10-19 03:48:28,25800.0,300.0,2885800.0
1650,2021-10-19 03:48:28,25800.0,200.0,2885500.0
1651,2021-10-19 03:48:28,25800.0,300.0,2885300.0
1652,2021-10-19 03:48:25,25800.0,100.0,2885000.0
1653,2021-10-19 03:48:23,25800.0,600.0,2884900.0
1654,2021-10-19 03:48:23,25800.0,200.0,2884300.0
1655,2021-10-19 03:48:23,25800.0,300.0,2884100.0
1656,2021-10-19 03:48:23,25800.0,900.0,2883800.0
1657,2021-10-19 03:48:18,25800.0,5000.0,2882900.0
1658,2021-10-19 03:48:16,25750.0,6100.0,2877900.0
1659,2021-10-19 03:48:16,25750.0,200.0,2871800.0
1660,2021-10-19 03:48:16,25750.0,1000.0,2871600.0
1661,2021-10-19 03:48:16,25750.0,100.0,2870600.0
1662,2021-10-19 03:48:16,25750.0,100.0,2870500.0
1663,2021-10-19 03:48:16,25750.0,300.0,2870400.0
1664,2021-10-19 03:48:16,25750.0,9900.0,2870100.0
1665,2021-10-19 03:48:16,25750.0,100.0,2860200.0
1666,2021-10-19 03:48:16,25750.0,500.0,2860100.0
1667,2021-10-19 03:48:16,25750.0,31700.0,2859600.0
1668,2021-10-19 03:48:15,25800.0,300.0,2827900.0
1669,2021-10-19 03:48:15,25800.0,2000.0,2827600.0
1670,2021-10-19 03:48:15,25800.0,1000.0,2825600.0
1671,2021-10-19 03:48:15,25800.0,100.0,2824600.0
1672,2021-10-19 03:48:15,25800.0,200.0,2824500.0
1673,2021-10-19 03:48:15,25800.0,700.0,2824300.0
1674,2021-10-19 03:48:13,25800.0,1500.0,2823600.0
1675,2021-10-19 03:48:11,25800.0,1000.0,2822100.0
1676,2021-10-19 03:48:05,25800.0,800.0,2821100.0
1677,2021-10-19 03:48:05,25800.0,100.0,2820300.0
1678,2021-10-19 03:48:05,25800.0,100.0,2820200.0
1679,2021-10-19 03:48:03,25800.0,900.0,2820100.0
1680,2021-10-19 03:48:03,25800.0,1600.0,2819200.0
1681,2021-10-19 03:48:03,25800.0,500.0,2817600.0
1682,2021-10-19 03:48:01,25800.0,100.0,2817100.0
1683,2021-10-19 03:48:00,25800.0,500.0,2817000.0
1684,2021-10-19 03:47:58,25800.0,2000.0,2816500.0
1685,2021-10-19 03:47:45,25800.0,1000.0,2814500.0
1686,2021-10-19 03:47:42,25800.0,900.0,2813500.0
1687,2021-10-19 03:47:42,25800.0,100.0,2812600.0
1688,2021-10-19 03:47:36,25800.0,100.0,2812500.0
1689,2021-10-19 03:47:36,25800.0,5900.0,2812400.0
1690,2021-10-19 03:47:36,25800.0,4100.0,2806500.0
1691,2021-10-19 03:47:36,25800.0,400.0,2802400.0
1692,2021-10-19 03:47:36,25800.0,2500.0,2802000.0
1693,2021-10-19 03:47:29,25800.0,300.0,2799500.0
1694,2021-10-19 03:47:26,25800.0,6000.0,2799200.0
1695,2021-10-19 03:47:24,25800.0,1000.0,2793200.0
1696,2021-10-19 03:47:14,25800.0,18900.0,2792200.0
1697,2021-10-19 03:47:14,25750.0,500.0,2773300.0
1698,2021-10-19 03:47:03,25800.0,600.0,2772800.0
1699,2021-10-19 03:46:46,25750.0,400.0,2772200.0
1700,2021-10-19 03:46:42,25750.0,1000.0,2771800.0
1701,2021-10-19 03:46:34,25750.0,100.0,2770800.0
1702,2021-10-19 03:46:34,25750.0,200.0,2770700.0
1703,2021-10-19 03:46:22,25750.0,200.0,2770500.0
1704,2021-10-19 03:45:26,25750.0,200.0,2770300.0
1705,2021-10-19 03:45:22,25750.0,500.0,2770100.0
1706,2021-10-19 03:44:37,25750.0,1000.0,2769600.0
1707,2021-10-19 03:44:28,25750.0,100.0,2768600.0
1708,2021-10-19 03:44:11,25750.0,3000.0,2768500.0
1709,2021-10-19 03:43:33,25750.0,1000.0,2765500.0
1710,2021-10-19 03:43:26,25750.0,100.0,2764500.0
1711,2021-10-19 03:43:26,25750.0,500.0,2764400.0
1712,2021-10-19 03:43:26,25750.0,100.0,2763900.0
1713,2021-10-19 03:43:06,25750.0,100.0,2763800.0
1714,2021-10-19 03:43:01,25750.0,100.0,2763700.0
1715,2021-10-19 03:43:01,25750.0,400.0,2763600.0
1716,2021-10-19 03:42:50,25750.0,200.0,2763200.0
1717,2021-10-19 03:42:33,25750.0,100.0,2763000.0
1718,2021-10-19 03:42:33,25750.0,1400.0,2762900.0
1719,2021-10-19 03:42:27,25750.0,3000.0,2761500.0
1720,2021-10-19 03:42:24,25750.0,300.0,2758500.0
1721,2021-10-19 03:42:18,25750.0,500.0,2758200.0
1722,2021-10-19 03:42:04,25750.0,4800.0,2757700.0
1723,2021-10-19 03:42:04,25750.0,200.0,2752900.0
1724,2021-10-19 03:41:50,25750.0,400.0,2752700.0
1725,2021-10-19 03:41:35,25750.0,1000.0,2752300.0
1726,2021-10-19 03:41:33,25800.0,100.0,2751300.0
1727,2021-10-19 03:41:20,25750.0,100.0,2751200.0
1728,2021-10-19 03:41:17,25800.0,2800.0,2751100.0
1729,2021-10-19 03:41:17,25800.0,200.0,2748300.0
1730,2021-10-19 03:41:17,25800.0,200.0,2748100.0
1731,2021-10-19 03:41:17,25800.0,6000.0,2747900.0
1732,2021-10-19 03:41:17,25800.0,100.0,2741900.0
1733,2021-10-19 03:41:17,25800.0,900.0,2741800.0
1734,2021-10-19 03:41:17,25800.0,7800.0,2740900.0
1735,2021-10-19 03:41:15,25750.0,100.0,2733100.0
1736,2021-10-19 03:40:57,25750.0,200.0,2733000.0
1737,2021-10-19 03:40:57,25750.0,100.0,2732800.0
1738,2021-10-19 03:40:57,25750.0,100.0,2732700.0
1739,2021-10-19 03:40:57,25750.0,100.0,2732600.0
1740,2021-10-19 03:40:57,25750.0,200.0,2732500.0
1741,2021-10-19 03:40:57,25750.0,1100.0,2732300.0
1742,2021-10-19 03:40:56,25700.0,300.0,2731200.0
1743,2021-10-19 03:40:54,25700.0,200.0,2730900.0
1744,2021-10-19 03:40:54,25700.0,800.0,2730700.0
1745,2021-10-19 03:40:48,25750.0,2000.0,2729900.0
1746,2021-10-19 03:40:47,25750.0,1900.0,2727900.0
1747,2021-10-19 03:40:47,25750.0,100.0,2726000.0
1748,2021-10-19 03:40:38,25700.0,1000.0,2725900.0
1749,2021-10-19 03:40:36,25750.0,200.0,2724900.0
1750,2021-10-19 03:40:21,25700.0,1000.0,2724700.0
1751,2021-10-19 03:40:10,25750.0,100.0,2723700.0
1752,2021-10-19 03:40:07,25750.0,100.0,2723600.0
1753,2021-10-19 03:40:03,25750.0,500.0,2723500.0
1754,2021-10-19 03:39:59,25750.0,100.0,2723000.0
1755,2021-10-19 03:39:50,25750.0,4000.0,2722900.0
1756,2021-10-19 03:39:40,25700.0,20000.0,2718900.0
1757,2021-10-19 03:39:40,25750.0,300.0,2698900.0
1758,2021-10-19 03:39:31,25750.0,100.0,2698600.0
1759,2021-10-19 03:39:18,25750.0,100.0,2698500.0
1760,2021-10-19 03:39:13,25750.0,1500.0,2698400.0
1761,2021-10-19 03:38:53,25750.0,500.0,2696900.0
1762,2021-10-19 03:38:39,25750.0,100.0,2696400.0
1763,2021-10-19 03:38:39,25750.0,500.0,2696300.0
1764,2021-10-19 03:38:26,25750.0,2400.0,2695800.0
1765,2021-10-19 03:38:24,25750.0,2600.0,2693400.0
1766,2021-10-19 03:38:24,25750.0,1000.0,2690800.0
1767,2021-10-19 03:38:24,25750.0,100.0,2689800.0
1768,2021-10-19 03:38:24,25750.0,200.0,2689700.0
1769,2021-10-19 03:38:24,25750.0,4500.0,2689500.0
1770,2021-10-19 03:38:24,25750.0,1600.0,2685000.0
1771,2021-10-19 03:38:21,25750.0,1000.0,2683400.0
1772,2021-10-19 03:38:20,25750.0,200.0,2682400.0
1773,2021-10-19 03:38:06,25750.0,200.0,2682200.0
1774,2021-10-19 03:38:06,25750.0,500.0,2682000.0
1775,2021-10-19 03:38:06,25750.0,1000.0,2681500.0
1776,2021-10-19 03:38:06,25750.0,100.0,2680500.0
1777,2021-10-19 03:38:06,25750.0,1200.0,2680400.0
1778,2021-10-19 03:38:03,25800.0,500.0,2679200.0
1779,2021-10-19 03:37:05,25800.0,200.0,2678700.0
1780,2021-10-19 03:36:57,25750.0,800.0,2678500.0
1781,2021-10-19 03:36:57,25750.0,3000.0,2677700.0
1782,2021-10-19 03:36:57,25750.0,6200.0,2674700.0
1783,2021-10-19 03:36:57,25750.0,3100.0,2668500.0
1784,2021-10-19 03:36:48,25750.0,100.0,2665400.0
1785,2021-10-19 03:36:28,25750.0,1500.0,2665300.0
1786,2021-10-19 03:36:20,25800.0,500.0,2663800.0
1787,2021-10-19 03:35:55,25750.0,3000.0,2663300.0
1788,2021-10-19 03:35:55,25750.0,100.0,2660300.0
1789,2021-10-19 03:35:55,25750.0,2000.0,2660200.0
1790,2021-10-19 03:35:55,25750.0,200.0,2658200.0
1791,2021-10-19 03:35:46,25750.0,100.0,2658000.0
1792,2021-10-19 03:35:35,25750.0,100.0,2657900.0
1793,2021-10-19 03:35:26,25750.0,100.0,2657800.0
1794,2021-10-19 03:35:22,25750.0,11400.0,2657700.0
1795,2021-10-19 03:35:22,25750.0,3600.0,2646300.0
1796,2021-10-19 03:35:10,25750.0,200.0,2642700.0
1797,2021-10-19 03:34:46,25750.0,200.0,2642500.0
1798,2021-10-19 03:34:13,25750.0,100.0,2642300.0
1799,2021-10-19 03:33:55,25750.0,2700.0,2642200.0
1800,2021-10-19 03:33:55,25750.0,7300.0,2639500.0
1801,2021-10-19 03:33:39,25700.0,2000.0,2632200.0
1802,2021-10-19 03:33:28,25700.0,200.0,2630200.0
1803,2021-10-19 03:33:27,25750.0,100.0,2630000.0
1804,2021-10-19 03:33:27,25700.0,1000.0,2629900.0
1805,2021-10-19 03:33:16,25700.0,5000.0,2628900.0
1806,2021-10-19 03:33:13,25700.0,3000.0,2623900.0
1807,2021-10-19 03:33:11,25750.0,100.0,2620900.0
1808,2021-10-19 03:33:09,25750.0,500.0,2620800.0
1809,2021-10-19 03:33:09,25750.0,500.0,2620300.0
1810,2021-10-19 03:33:09,25750.0,600.0,2619800.0
1811,2021-10-19 03:32:42,25700.0,1100.0,2619200.0
1812,2021-10-19 03:32:42,25700.0,2000.0,2618100.0
1813,2021-10-19 03:32:42,25700.0,7200.0,2616100.0
1814,2021-10-19 03:32:42,25700.0,5700.0,2608900.0
1815,2021-10-19 03:32:35,25700.0,800.0,2603200.0
1816,2021-10-19 03:32:30,25700.0,2000.0,2602400.0
1817,2021-10-19 03:32:22,25700.0,100.0,2600400.0
1818,2021-10-19 03:32:17,25700.0,100.0,2600300.0
1819,2021-10-19 03:32:16,25700.0,1300.0,2600200.0
1820,2021-10-19 03:32:16,25700.0,500.0,2598900.0
1821,2021-10-19 03:32:15,25700.0,500.0,2598400.0
1822,2021-10-19 03:32:02,25700.0,100.0,2597900.0
1823,2021-10-19 03:31:57,25650.0,100.0,2597800.0
1824,2021-10-19 03:31:41,25700.0,1600.0,2597700.0
1825,2021-10-19 03:31:38,25700.0,700.0,2596100.0
1826,2021-10-19 03:31:38,25700.0,1000.0,2595400.0
1827,2021-10-19 03:31:35,25700.0,100.0,2594400.0
1828,2021-10-19 03:31:28,25700.0,100.0,2594300.0
1829,2021-10-19 03:31:28,25700.0,100.0,2594200.0
1830,2021-10-19 03:31:28,25700.0,900.0,2594100.0
1831,2021-10-19 03:31:28,25700.0,9400.0,2593200.0
1832,2021-10-19 03:31:18,25700.0,500.0,2583800.0
1833,2021-10-19 03:31:09,25700.0,3000.0,2583300.0
1834,2021-10-19 03:31:03,25700.0,3000.0,2580300.0
1835,2021-10-19 03:30:54,25700.0,1000.0,2577300.0
1836,2021-10-19 03:30:53,25700.0,100.0,2576300.0
1837,2021-10-19 03:30:53,25700.0,33000.0,2576200.0
1838,2021-10-19 03:30:43,25700.0,400.0,2543200.0
1839,2021-10-19 03:30:42,25700.0,200.0,2542800.0
1840,2021-10-19 03:30:25,25650.0,9000.0,2542600.0
1841,2021-10-19 03:30:25,25650.0,500.0,2533600.0
1842,2021-10-19 03:30:25,25650.0,500.0,2533100.0
1843,2021-10-19 03:30:22,25700.0,200.0,2532600.0
1844,2021-10-19 03:30:20,25700.0,200.0,2532400.0
1845,2021-10-19 03:30:12,25700.0,100.0,2532200.0
1846,2021-10-19 03:30:05,25700.0,600.0,2532100.0
1847,2021-10-19 03:30:04,25700.0,500.0,2531500.0
1848,2021-10-19 03:30:04,25700.0,3500.0,2531000.0
1849,2021-10-19 03:30:04,25700.0,3000.0,2527500.0
1850,2021-10-19 03:30:04,25700.0,5800.0,2524500.0
1851,2021-10-19 03:30:04,25700.0,100.0,2518700.0
1852,2021-10-19 03:30:04,25700.0,200.0,2518600.0
1853,2021-10-19 03:30:04,25700.0,1000.0,2518400.0
1854,2021-10-19 03:30:04,25700.0,100.0,2517400.0
1855,2021-10-19 03:30:04,25700.0,100.0,2517300.0
1856,2021-10-19 03:30:04,25700.0,1000.0,2517200.0
1857,2021-10-19 03:29:40,25700.0,200.0,2516200.0
1858,2021-10-19 03:29:21,25750.0,1000.0,2516000.0
1859,2021-10-19 03:29:15,25750.0,2300.0,2515000.0
1860,2021-10-19 03:29:09,25750.0,1000.0,2512700.0
1861,2021-10-19 03:29:00,25700.0,1000.0,2511700.0
1862,2021-10-19 03:28:59,25700.0,2800.0,2510700.0
1863,2021-10-19 03:28:59,25700.0,2000.0,2507900.0
1864,2021-10-19 03:28:59,25700.0,1000.0,2505900.0
1865,2021-10-19 03:28:59,25700.0,100.0,2504900.0
1866,2021-10-19 03:28:59,25700.0,1000.0,2504800.0
1867,2021-10-19 03:28:59,25700.0,2000.0,2503800.0
1868,2021-10-19 03:28:59,25700.0,1000.0,2501800.0
1869,2021-10-19 03:28:59,25700.0,100.0,2500800.0
1870,2021-10-19 03:28:59,25700.0,1000.0,2500700.0
1871,2021-10-19 03:28:59,25700.0,1000.0,2499700.0
1872,2021-10-19 03:28:42,25750.0,1600.0,2498700.0
1873,2021-10-19 03:28:42,25750.0,100.0,2497100.0
1874,2021-10-19 03:28:42,25750.0,300.0,2497000.0
1875,2021-10-19 03:28:37,25700.0,200.0,2496700.0
1876,2021-10-19 03:28:37,25700.0,1000.0,2496500.0
1877,2021-10-19 03:28:37,25700.0,1000.0,2495500.0
1878,2021-10-19 03:28:37,25700.0,1000.0,2494500.0
1879,2021-10-19 03:28:37,25700.0,500.0,2493500.0
1880,2021-10-19 03:28:37,25700.0,700.0,2493000.0
1881,2021-10-19 03:28:37,25700.0,7400.0,2492300.0
1882,2021-10-19 03:28:37,25700.0,100.0,2484900.0
1883,2021-10-19 03:28:37,25700.0,100.0,2484800.0
1884,2021-10-19 03:28:37,25700.0,400.0,2484700.0
1885,2021-10-19 03:28:37,25700.0,1000.0,2484300.0
1886,2021-10-19 03:28:37,25700.0,3000.0,2483300.0
1887,2021-10-19 03:28:37,25700.0,200.0,2480300.0
1888,2021-10-19 03:28:37,25700.0,100.0,2480100.0
1889,2021-10-19 03:28:37,25700.0,1000.0,2480000.0
1890,2021-10-19 03:28:37,25700.0,100.0,2479000.0
1891,2021-10-19 03:28:37,25700.0,100.0,2478900.0
1892,2021-10-19 03:28:37,25700.0,100.0,2478800.0
1893,2021-10-19 03:28:37,25700.0,1500.0,2478700.0
1894,2021-10-19 03:28:37,25700.0,200.0,2477200.0
1895,2021-10-19 03:28:37,25700.0,200.0,2477000.0
1896,2021-10-19 03:28:37,25700.0,8000.0,2476800.0
1897,2021-10-19 03:28:37,25700.0,100.0,2468800.0
1898,2021-10-19 03:28:37,25700.0,200.0,2468700.0
1899,2021-10-19 03:28:37,25700.0,100.0,2468500.0
1900,2021-10-19 03:28:37,25700.0,3000.0,2468400.0
1901,2021-10-19 03:28:37,25700.0,100.0,2465400.0
1902,2021-10-19 03:28:37,25700.0,1000.0,2465300.0
1903,2021-10-19 03:28:37,25700.0,5000.0,2464300.0
1904,2021-10-19 03:28:37,25700.0,2000.0,2459300.0
1905,2021-10-19 03:28:37,25700.0,100.0,2457300.0
1906,2021-10-19 03:28:37,25700.0,2000.0,2457200.0
1907,2021-10-19 03:28:37,25700.0,200.0,2455200.0
1908,2021-10-19 03:28:37,25700.0,100.0,2455000.0
1909,2021-10-19 03:28:37,25700.0,300.0,2454900.0
1910,2021-10-19 03:28:37,25700.0,5000.0,2454600.0
1911,2021-10-19 03:28:37,25700.0,100.0,2449600.0
1912,2021-10-19 03:28:37,25700.0,100.0,2449500.0
1913,2021-10-19 03:28:37,25700.0,200.0,2449400.0
1914,2021-10-19 03:28:37,25700.0,1000.0,2449200.0
1915,2021-10-19 03:28:37,25700.0,100.0,2448200.0
1916,2021-10-19 03:28:37,25700.0,1200.0,2448100.0
1917,2021-10-19 03:28:37,25700.0,200.0,2446900.0
1918,2021-10-19 03:28:36,25750.0,100.0,2446700.0
1919,2021-10-19 03:28:26,25750.0,100.0,2446600.0
1920,2021-10-19 03:28:21,25700.0,300.0,2446500.0
1921,2021-10-19 03:28:21,25700.0,800.0,2446200.0
1922,2021-10-19 03:28:21,25700.0,300.0,2445400.0
1923,2021-10-19 03:28:21,25700.0,100.0,2445100.0
1924,2021-10-19 03:28:21,25700.0,100.0,2445000.0
1925,2021-10-19 03:28:21,25700.0,300.0,2444900.0
1926,2021-10-19 03:28:21,25700.0,100.0,2444600.0
1927,2021-10-19 03:28:21,25700.0,300.0,2444500.0
1928,2021-10-19 03:28:21,25700.0,500.0,2444200.0
1929,2021-10-19 03:28:21,25700.0,500.0,2443700.0
1930,2021-10-19 03:28:21,25700.0,400.0,2443200.0
1931,2021-10-19 03:28:21,25700.0,300.0,2442800.0
1932,2021-10-19 03:28:13,25750.0,100.0,2442500.0
1933,2021-10-19 03:28:13,25750.0,500.0,2442400.0
1934,2021-10-19 03:28:13,25750.0,200.0,2441900.0
1935,2021-10-19 03:27:27,25800.0,100.0,2441700.0
1936,2021-10-19 03:27:04,25800.0,400.0,2441600.0
1937,2021-10-19 03:26:53,25800.0,500.0,2441200.0
1938,2021-10-19 03:26:53,25800.0,100.0,2440700.0
1939,2021-10-19 03:26:53,25750.0,1000.0,2440600.0
1940,2021-10-19 03:26:53,25750.0,600.0,2439600.0
1941,2021-10-19 03:26:53,25750.0,500.0,2439000.0
1942,2021-10-19 03:26:53,25750.0,300.0,2438500.0
1943,2021-10-19 03:26:47,25750.0,100.0,2438200.0
1944,2021-10-19 03:26:44,25750.0,2000.0,2438100.0
1945,2021-10-19 03:26:35,25750.0,500.0,2436100.0
1946,2021-10-19 03:26:35,25750.0,1000.0,2435600.0
1947,2021-10-19 03:26:34,25750.0,4100.0,2434600.0
1948,2021-10-19 03:26:34,25750.0,5900.0,2430500.0
1949,2021-10-19 03:26:31,25750.0,500.0,2424600.0
1950,2021-10-19 03:26:04,25750.0,700.0,2424100.0
1951,2021-10-19 03:26:03,25750.0,1000.0,2423400.0
1952,2021-10-19 03:25:59,25750.0,2100.0,2422400.0
1953,2021-10-19 03:25:59,25750.0,6900.0,2420300.0
1954,2021-10-19 03:25:54,25750.0,500.0,2413400.0
1955,2021-10-19 03:25:50,25750.0,100.0,2412900.0
1956,2021-10-19 03:25:46,25750.0,2000.0,2412800.0
1957,2021-10-19 03:25:43,25700.0,300.0,2410800.0
1958,2021-10-19 03:25:43,25700.0,200.0,2410500.0
1959,2021-10-19 03:25:43,25700.0,300.0,2410300.0
1960,2021-10-19 03:25:43,25700.0,500.0,2410000.0
1961,2021-10-19 03:25:43,25700.0,100.0,2409500.0
1962,2021-10-19 03:25:43,25700.0,100.0,2409400.0
1963,2021-10-19 03:25:43,25700.0,300.0,2409300.0
1964,2021-10-19 03:25:43,25700.0,100.0,2409000.0
1965,2021-10-19 03:25:43,25700.0,400.0,2408900.0
1966,2021-10-19 03:25:31,25750.0,500.0,2408500.0
1967,2021-10-19 03:25:31,25750.0,500.0,2408000.0
1968,2021-10-19 03:25:24,25750.0,100.0,2407500.0
1969,2021-10-19 03:25:24,25750.0,100.0,2407400.0
1970,2021-10-19 03:25:18,25750.0,1000.0,2407300.0
1971,2021-10-19 03:25:18,25750.0,100.0,2406300.0
1972,2021-10-19 03:25:18,25750.0,1000.0,2406200.0
1973,2021-10-19 03:25:18,25750.0,200.0,2405200.0
1974,2021-10-19 03:25:18,25750.0,700.0,2405000.0
1975,2021-10-19 03:24:48,25750.0,1300.0,2404300.0
1976,2021-10-19 03:24:48,25750.0,500.0,2403000.0
1977,2021-10-19 03:24:48,25750.0,1000.0,2402500.0
1978,2021-10-19 03:24:48,25750.0,500.0,2401500.0
1979,2021-10-19 03:24:48,25750.0,100.0,2401000.0
1980,2021-10-19 03:24:48,25750.0,1000.0,2400900.0
1981,2021-10-19 03:24:48,25750.0,400.0,2399900.0
1982,2021-10-19 03:24:48,25750.0,200.0,2399500.0
1983,2021-10-19 03:24:28,25800.0,100.0,2399300.0
1984,2021-10-19 03:24:28,25800.0,100.0,2399200.0
1985,2021-10-19 03:24:28,25800.0,100.0,2399100.0
1986,2021-10-19 03:24:28,25800.0,100.0,2399000.0
1987,2021-10-19 03:24:28,25800.0,1000.0,2398900.0
1988,2021-10-19 03:24:28,25800.0,300.0,2397900.0
1989,2021-10-19 03:24:28,25800.0,1000.0,2397600.0
1990,2021-10-19 03:24:28,25800.0,1000.0,2396600.0
1991,2021-10-19 03:24:28,25800.0,1300.0,2395600.0
1992,2021-10-19 03:24:26,25750.0,100.0,2394300.0
1993,2021-10-19 03:24:01,25800.0,100.0,2394200.0
1994,2021-10-19 03:23:36,25800.0,500.0,2394100.0
1995,2021-10-19 03:23:36,25800.0,100.0,2393600.0
1996,2021-10-19 03:23:35,25800.0,100.0,2393500.0
1997,2021-10-19 03:23:12,25800.0,100.0,2393400.0
1998,2021-10-19 03:22:54,25800.0,300.0,2393300.0
1999,2021-10-19 03:22:54,25800.0,100.0,2393000.0
2000,2021-10-19 03:22:54,25800.0,600.0,2392900.0
2001,2021-10-19 03:22:53,25750.0,200.0,2392300.0
2002,2021-10-19 03:22:48,25750.0,500.0,2392100.0
2003,2021-10-19 03:22:13,25800.0,100.0,2391600.0
2004,2021-10-19 03:22:11,25800.0,200.0,2391500.0
2005,2021-10-19 03:21:21,25800.0,1100.0,2391300.0
2006,2021-10-19 03:21:21,25800.0,1000.0,2390200.0
2007,2021-10-19 03:21:21,25800.0,2900.0,2389200.0
2008,2021-10-19 03:21:02,25700.0,1600.0,2386300.0
2009,2021-10-19 03:21:02,25700.0,500.0,2384700.0
2010,2021-10-19 03:21:02,25700.0,400.0,2384200.0
2011,2021-10-19 03:21:02,25700.0,200.0,2383800.0
2012,2021-10-19 03:21:02,25700.0,500.0,2383600.0
2013,2021-10-19 03:21:02,25700.0,500.0,2383100.0
2014,2021-10-19 03:20:57,25800.0,3300.0,2382600.0
2015,2021-10-19 03:20:57,25800.0,400.0,2379300.0
2016,2021-10-19 03:20:57,25800.0,500.0,2378900.0
2017,2021-10-19 03:20:57,25800.0,600.0,2378400.0
2018,2021-10-19 03:20:57,25800.0,1000.0,2377800.0
2019,2021-10-19 03:20:57,25800.0,200.0,2376800.0
2020,2021-10-19 03:20:57,25800.0,200.0,2376600.0
2021,2021-10-19 03:20:57,25800.0,400.0,2376400.0
2022,2021-10-19 03:20:57,25800.0,100.0,2376000.0
2023,2021-10-19 03:20:57,25800.0,300.0,2375900.0
2024,2021-10-19 03:20:54,25800.0,200.0,2375600.0
2025,2021-10-19 03:20:54,25800.0,300.0,2375400.0
2026,2021-10-19 03:20:46,25800.0,200.0,2375100.0
2027,2021-10-19 03:20:46,25800.0,800.0,2374900.0
2028,2021-10-19 03:20:21,25800.0,500.0,2374100.0
2029,2021-10-19 03:20:21,25800.0,200.0,2373600.0
2030,2021-10-19 03:20:21,25800.0,100.0,2373400.0
2031,2021-10-19 03:20:21,25800.0,200.0,2373300.0
2032,2021-10-19 03:20:13,25800.0,100.0,2373100.0
2033,2021-10-19 03:20:12,25700.0,4500.0,2373000.0
2034,2021-10-19 03:20:12,25700.0,1000.0,2368500.0
2035,2021-10-19 03:20:12,25700.0,500.0,2367500.0
2036,2021-10-19 03:20:12,25700.0,100.0,2367000.0
2037,2021-10-19 03:20:12,25700.0,500.0,2366900.0
2038,2021-10-19 03:20:12,25700.0,200.0,2366400.0
2039,2021-10-19 03:20:12,25700.0,3000.0,2366200.0
2040,2021-10-19 03:20:12,25700.0,1000.0,2363200.0
2041,2021-10-19 03:20:12,25700.0,100.0,2362200.0
2042,2021-10-19 03:20:12,25700.0,100.0,2362100.0
2043,2021-10-19 03:20:12,25700.0,1000.0,2362000.0
2044,2021-10-19 03:20:12,25700.0,500.0,2361000.0
