,Time,Price,Volume_per_trade,Volume
0,2021-10-21 07:45:02,55900.0,20000.0,6882300.0
1,2021-10-21 07:45:02,55900.0,8400.0,6862300.0
2,2021-10-21 07:45:02,55900.0,1000.0,6853900.0
3,2021-10-21 07:45:02,55900.0,10000.0,6852900.0
4,2021-10-21 07:45:02,55900.0,600.0,6842900.0
5,2021-10-21 07:45:02,55900.0,400.0,6842300.0
6,2021-10-21 07:45:02,55900.0,200.0,6841900.0
7,2021-10-21 07:45:02,55900.0,1800.0,6841700.0
8,2021-10-21 07:45:02,55900.0,100.0,6839900.0
9,2021-10-21 07:45:02,55900.0,200.0,6839800.0
10,2021-10-21 07:45:02,55900.0,1000.0,6839600.0
11,2021-10-21 07:45:02,55900.0,400.0,6838600.0
12,2021-10-21 07:45:02,55900.0,5000.0,6838200.0
13,2021-10-21 07:45:02,55900.0,2000.0,6833200.0
14,2021-10-21 07:45:02,55900.0,1900.0,6831200.0
15,2021-10-21 07:45:02,55900.0,1500.0,6829300.0
16,2021-10-21 07:45:02,55900.0,100.0,6827800.0
17,2021-10-21 07:45:02,55900.0,2000.0,6827700.0
18,2021-10-21 07:45:02,55900.0,1000.0,6825700.0
19,2021-10-21 07:45:02,55900.0,1000.0,6824700.0
20,2021-10-21 07:45:02,55900.0,1000.0,6823700.0
21,2021-10-21 07:45:02,55900.0,500.0,6822700.0
22,2021-10-21 07:45:02,55900.0,300.0,6822200.0
23,2021-10-21 07:45:02,55900.0,200.0,6821900.0
24,2021-10-21 07:45:02,55900.0,4800.0,6821700.0
25,2021-10-21 07:45:02,55900.0,100.0,6816900.0
26,2021-10-21 07:45:02,55900.0,3000.0,6816800.0
27,2021-10-21 07:45:02,55900.0,12100.0,6813800.0
28,2021-10-21 07:45:02,55900.0,20000.0,6801700.0
29,2021-10-21 07:45:02,55900.0,200.0,6781700.0
30,2021-10-21 07:45:02,55900.0,2000.0,6781500.0
31,2021-10-21 07:45:02,55900.0,1000.0,6779500.0
32,2021-10-21 07:45:02,55900.0,500.0,6778500.0
33,2021-10-21 07:45:02,55900.0,1000.0,6778000.0
34,2021-10-21 07:45:02,55900.0,3000.0,6777000.0
35,2021-10-21 07:45:02,55900.0,100.0,6774000.0
36,2021-10-21 07:45:02,55900.0,100.0,6773900.0
37,2021-10-21 07:45:02,55900.0,100.0,6773800.0
38,2021-10-21 07:45:02,55900.0,500.0,6773700.0
39,2021-10-21 07:45:02,55900.0,100.0,6773200.0
40,2021-10-21 07:45:02,55900.0,1500.0,6773100.0
41,2021-10-21 07:45:02,55900.0,100.0,6771600.0
42,2021-10-21 07:45:02,55900.0,1000.0,6771500.0
43,2021-10-21 07:45:02,55900.0,1000.0,6770500.0
44,2021-10-21 07:45:02,55900.0,100.0,6769500.0
45,2021-10-21 07:45:02,55900.0,900.0,6769400.0
46,2021-10-21 07:45:02,55900.0,500.0,6768500.0
47,2021-10-21 07:45:02,55900.0,500.0,6768000.0
48,2021-10-21 07:45:02,55900.0,1100.0,6767500.0
49,2021-10-21 07:45:02,55900.0,1000.0,6766400.0
50,2021-10-21 07:45:02,55900.0,50000.0,6765400.0
51,2021-10-21 07:45:02,55900.0,100.0,6715400.0
52,2021-10-21 07:45:02,55900.0,300.0,6715300.0
53,2021-10-21 07:45:02,55900.0,200.0,6715000.0
54,2021-10-21 07:45:02,55900.0,10000.0,6714800.0
55,2021-10-21 07:45:02,55900.0,600.0,6704800.0
56,2021-10-21 07:45:02,55900.0,200.0,6704200.0
57,2021-10-21 07:45:02,55900.0,100.0,6704000.0
58,2021-10-21 07:45:02,55900.0,1000.0,6703900.0
59,2021-10-21 07:45:02,55900.0,200.0,6702900.0
60,2021-10-21 07:45:02,55900.0,500.0,6702700.0
61,2021-10-21 07:45:02,55900.0,500.0,6702200.0
62,2021-10-21 07:45:02,55900.0,1000.0,6701700.0
63,2021-10-21 07:45:02,55900.0,2000.0,6700700.0
64,2021-10-21 07:45:02,55900.0,2000.0,6698700.0
65,2021-10-21 07:45:02,55900.0,21800.0,6696700.0
66,2021-10-21 07:45:02,55900.0,500.0,6674900.0
67,2021-10-21 07:45:02,55900.0,500.0,6674400.0
68,2021-10-21 07:45:02,55900.0,1000.0,6673900.0
69,2021-10-21 07:45:02,55900.0,1000.0,6672900.0
70,2021-10-21 07:45:02,55900.0,5000.0,6671900.0
71,2021-10-21 07:45:02,55900.0,100.0,6666900.0
72,2021-10-21 07:45:02,55900.0,200.0,6666800.0
73,2021-10-21 07:45:02,55900.0,200.0,6666600.0
74,2021-10-21 07:45:02,55900.0,100.0,6666400.0
75,2021-10-21 07:45:02,55900.0,300.0,6666300.0
76,2021-10-21 07:45:02,55900.0,2200.0,6666000.0
77,2021-10-21 07:45:02,55900.0,100.0,6663800.0
78,2021-10-21 07:45:02,55900.0,1500.0,6663700.0
79,2021-10-21 07:45:02,55900.0,1200.0,6662200.0
80,2021-10-21 07:45:02,55900.0,1000.0,6661000.0
81,2021-10-21 07:45:02,55900.0,100.0,6660000.0
82,2021-10-21 07:45:02,55900.0,1800.0,6659900.0
83,2021-10-21 07:45:02,55900.0,2100.0,6658100.0
84,2021-10-21 07:45:02,55900.0,2900.0,6656000.0
85,2021-10-21 07:45:02,55900.0,1000.0,6653100.0
86,2021-10-21 07:45:02,55900.0,100.0,6652100.0
87,2021-10-21 07:45:02,55900.0,1000.0,6652000.0
88,2021-10-21 07:45:02,55900.0,700.0,6651000.0
89,2021-10-21 07:45:02,55900.0,200.0,6650300.0
90,2021-10-21 07:45:02,55900.0,500.0,6650100.0
91,2021-10-21 07:45:02,55900.0,300.0,6649600.0
92,2021-10-21 07:45:02,55900.0,3000.0,6649300.0
93,2021-10-21 07:45:02,55900.0,100.0,6646300.0
94,2021-10-21 07:45:02,55900.0,200.0,6646200.0
95,2021-10-21 07:45:02,55900.0,1000.0,6646000.0
96,2021-10-21 07:45:02,55900.0,5000.0,6645000.0
97,2021-10-21 07:45:02,55900.0,300.0,6640000.0
98,2021-10-21 07:45:02,55900.0,200.0,6639700.0
99,2021-10-21 07:45:02,55900.0,900.0,6639500.0
100,2021-10-21 07:45:02,55900.0,200.0,6638600.0
101,2021-10-21 07:45:02,55900.0,5000.0,6638400.0
102,2021-10-21 07:45:02,55900.0,5000.0,6633400.0
103,2021-10-21 07:45:02,55900.0,500.0,6628400.0
104,2021-10-21 07:45:02,55900.0,1200.0,6627900.0
105,2021-10-21 07:45:02,55900.0,700.0,6626700.0
106,2021-10-21 07:45:02,55900.0,100.0,6626000.0
107,2021-10-21 07:45:02,55900.0,200.0,6625900.0
108,2021-10-21 07:45:02,55900.0,300.0,6625700.0
109,2021-10-21 07:29:56,55900.0,100.0,6625400.0
110,2021-10-21 07:29:52,56000.0,3900.0,6625300.0
111,2021-10-21 07:29:52,56000.0,1300.0,6621400.0
112,2021-10-21 07:29:52,56000.0,300.0,6620100.0
113,2021-10-21 07:29:52,56000.0,500.0,6619800.0
114,2021-10-21 07:29:52,56000.0,200.0,6619300.0
115,2021-10-21 07:29:52,56000.0,100.0,6619100.0
116,2021-10-21 07:29:52,56000.0,1000.0,6619000.0
117,2021-10-21 07:29:52,56000.0,200.0,6618000.0
118,2021-10-21 07:29:52,56000.0,500.0,6617800.0
119,2021-10-21 07:29:52,56000.0,200.0,6617300.0
120,2021-10-21 07:29:52,56000.0,300.0,6617100.0
121,2021-10-21 07:29:52,56000.0,2400.0,6616800.0
122,2021-10-21 07:29:46,55900.0,100.0,6614400.0
123,2021-10-21 07:29:46,56000.0,600.0,6614300.0
124,2021-10-21 07:29:46,56000.0,200.0,6613700.0
125,2021-10-21 07:29:46,56000.0,500.0,6613500.0
126,2021-10-21 07:29:46,56000.0,100.0,6613000.0
127,2021-10-21 07:29:46,56000.0,200.0,6612900.0
128,2021-10-21 07:29:46,56000.0,400.0,6612700.0
129,2021-10-21 07:29:46,56000.0,100.0,6612300.0
130,2021-10-21 07:29:46,56000.0,200.0,6612200.0
131,2021-10-21 07:29:46,56000.0,300.0,6612000.0
132,2021-10-21 07:29:46,56000.0,500.0,6611700.0
133,2021-10-21 07:29:46,56000.0,100.0,6611200.0
134,2021-10-21 07:29:46,56000.0,300.0,6611100.0
135,2021-10-21 07:29:46,56000.0,1700.0,6610800.0
136,2021-10-21 07:29:46,56000.0,200.0,6609100.0
137,2021-10-21 07:29:46,56000.0,100.0,6608900.0
138,2021-10-21 07:29:46,56000.0,100.0,6608800.0
139,2021-10-21 07:29:46,56000.0,400.0,6608700.0
140,2021-10-21 07:29:46,56000.0,600.0,6608300.0
141,2021-10-21 07:29:46,56000.0,100.0,6607700.0
142,2021-10-21 07:29:46,56000.0,500.0,6607600.0
143,2021-10-21 07:29:46,56000.0,100.0,6607100.0
144,2021-10-21 07:29:46,56000.0,700.0,6607000.0
145,2021-10-21 07:29:45,56000.0,1300.0,6606300.0
146,2021-10-21 07:29:45,56000.0,1000.0,6605000.0
147,2021-10-21 07:29:45,56000.0,200.0,6604000.0
148,2021-10-21 07:29:45,56000.0,200.0,6603800.0
149,2021-10-21 07:29:45,56000.0,1000.0,6603600.0
150,2021-10-21 07:29:45,56000.0,500.0,6602600.0
151,2021-10-21 07:29:45,56000.0,400.0,6602100.0
152,2021-10-21 07:29:45,56000.0,500.0,6601700.0
153,2021-10-21 07:29:45,56000.0,100.0,6601200.0
154,2021-10-21 07:29:41,56000.0,200.0,6601100.0
155,2021-10-21 07:29:41,56000.0,100.0,6600900.0
156,2021-10-21 07:29:32,55900.0,100.0,6600800.0
157,2021-10-21 07:29:25,55900.0,100.0,6600700.0
158,2021-10-21 07:29:24,55900.0,5000.0,6600600.0
159,2021-10-21 07:29:21,55900.0,1000.0,6595600.0
160,2021-10-21 07:29:18,55900.0,100.0,6594600.0
161,2021-10-21 07:29:18,55900.0,100.0,6594500.0
162,2021-10-21 07:29:18,55900.0,100.0,6594400.0
163,2021-10-21 07:29:18,55900.0,3100.0,6594300.0
164,2021-10-21 07:29:18,55900.0,100.0,6591200.0
165,2021-10-21 07:29:18,55900.0,100.0,6591100.0
166,2021-10-21 07:29:18,55900.0,500.0,6591000.0
167,2021-10-21 07:29:18,55900.0,600.0,6590500.0
168,2021-10-21 07:29:15,55900.0,1400.0,6589900.0
169,2021-10-21 07:29:15,55900.0,100.0,6588500.0
170,2021-10-21 07:29:15,55900.0,1100.0,6588400.0
171,2021-10-21 07:29:15,55800.0,4400.0,6587300.0
172,2021-10-21 07:29:13,55800.0,500.0,6582900.0
173,2021-10-21 07:29:13,55800.0,100.0,6582400.0
174,2021-10-21 07:29:13,55800.0,5000.0,6582300.0
175,2021-10-21 07:29:13,55800.0,3600.0,6577300.0
176,2021-10-21 07:29:13,55800.0,70000.0,6573700.0
177,2021-10-21 07:29:13,55800.0,3500.0,6503700.0
178,2021-10-21 07:29:13,55800.0,400.0,6500200.0
179,2021-10-21 07:29:13,55800.0,100.0,6499800.0
180,2021-10-21 07:29:13,55800.0,10000.0,6499700.0
181,2021-10-21 07:29:13,55800.0,2400.0,6489700.0
182,2021-10-21 07:29:07,55900.0,100.0,6487300.0
183,2021-10-21 07:29:04,55900.0,500.0,6487200.0
184,2021-10-21 07:29:04,55900.0,300.0,6486700.0
185,2021-10-21 07:29:04,55900.0,200.0,6486400.0
186,2021-10-21 07:29:02,55900.0,100.0,6486200.0
187,2021-10-21 07:28:57,55900.0,400.0,6486100.0
188,2021-10-21 07:28:57,55900.0,200.0,6485700.0
189,2021-10-21 07:28:56,55900.0,100.0,6485500.0
190,2021-10-21 07:28:56,55900.0,100.0,6485400.0
191,2021-10-21 07:28:54,55900.0,100.0,6485300.0
192,2021-10-21 07:28:54,55900.0,1900.0,6485200.0
193,2021-10-21 07:28:52,55900.0,100.0,6483300.0
194,2021-10-21 07:28:52,55900.0,100.0,6483200.0
195,2021-10-21 07:28:52,55900.0,300.0,6483100.0
196,2021-10-21 07:28:51,55900.0,600.0,6482800.0
197,2021-10-21 07:28:46,55900.0,100.0,6482200.0
198,2021-10-21 07:28:43,55900.0,400.0,6482100.0
199,2021-10-21 07:28:43,55900.0,200.0,6481700.0
200,2021-10-21 07:28:42,55900.0,600.0,6481500.0
201,2021-10-21 07:28:40,55900.0,10000.0,6480900.0
202,2021-10-21 07:28:28,55900.0,1000.0,6470900.0
203,2021-10-21 07:28:26,55900.0,500.0,6469900.0
204,2021-10-21 07:28:18,55900.0,200.0,6469400.0
205,2021-10-21 07:28:12,55900.0,400.0,6469200.0
206,2021-10-21 07:28:09,55800.0,100.0,6468800.0
207,2021-10-21 07:27:57,55900.0,1500.0,6468700.0
208,2021-10-21 07:27:57,55800.0,500.0,6467200.0
209,2021-10-21 07:27:50,55900.0,34200.0,6466700.0
210,2021-10-21 07:27:50,55900.0,100.0,6432500.0
211,2021-10-21 07:27:50,55900.0,200.0,6432400.0
212,2021-10-21 07:27:50,55900.0,400.0,6432200.0
213,2021-10-21 07:27:50,55900.0,100.0,6431800.0
214,2021-10-21 07:27:50,55900.0,500.0,6431700.0
215,2021-10-21 07:27:50,55900.0,100.0,6431200.0
216,2021-10-21 07:27:50,55900.0,300.0,6431100.0
217,2021-10-21 07:27:50,55900.0,100.0,6430800.0
218,2021-10-21 07:27:50,55900.0,100.0,6430700.0
219,2021-10-21 07:27:50,55900.0,500.0,6430600.0
220,2021-10-21 07:27:50,55900.0,200.0,6430100.0
221,2021-10-21 07:27:50,55900.0,5000.0,6429900.0
222,2021-10-21 07:27:50,55900.0,200.0,6424900.0
223,2021-10-21 07:27:50,55900.0,200.0,6424700.0
224,2021-10-21 07:27:50,55900.0,20000.0,6424500.0
225,2021-10-21 07:27:50,55900.0,500.0,6404500.0
226,2021-10-21 07:27:50,55900.0,100.0,6404000.0
227,2021-10-21 07:27:50,55900.0,100.0,6403900.0
228,2021-10-21 07:27:50,55900.0,100.0,6403800.0
229,2021-10-21 07:27:50,55900.0,500.0,6403700.0
230,2021-10-21 07:27:50,55900.0,200.0,6403200.0
231,2021-10-21 07:27:50,55900.0,500.0,6403000.0
232,2021-10-21 07:27:50,55900.0,300.0,6402500.0
233,2021-10-21 07:27:50,55900.0,2000.0,6402200.0
234,2021-10-21 07:27:50,55900.0,500.0,6400200.0
235,2021-10-21 07:27:50,55900.0,1000.0,6399700.0
236,2021-10-21 07:27:49,55700.0,2100.0,6398700.0
237,2021-10-21 07:27:49,55700.0,500.0,6396600.0
238,2021-10-21 07:27:49,55700.0,7100.0,6396100.0
239,2021-10-21 07:27:49,55800.0,1100.0,6389000.0
240,2021-10-21 07:27:49,55800.0,3000.0,6387900.0
241,2021-10-21 07:27:49,55800.0,14300.0,6384900.0
242,2021-10-21 07:27:49,55800.0,500.0,6370600.0
243,2021-10-21 07:27:49,55800.0,5000.0,6370100.0
244,2021-10-21 07:27:49,55800.0,1300.0,6365100.0
245,2021-10-21 07:27:49,55800.0,1500.0,6363800.0
246,2021-10-21 07:27:49,55800.0,5000.0,6362300.0
247,2021-10-21 07:27:49,55800.0,300.0,6357300.0
248,2021-10-21 07:27:49,55800.0,400.0,6357000.0
249,2021-10-21 07:27:49,55800.0,7900.0,6356600.0
250,2021-10-21 07:27:36,55800.0,2000.0,6348700.0
251,2021-10-21 07:27:26,55800.0,100.0,6346700.0
252,2021-10-21 07:27:26,55800.0,200.0,6346600.0
253,2021-10-21 07:27:26,55800.0,100.0,6346400.0
254,2021-10-21 07:27:20,55900.0,300.0,6346300.0
255,2021-10-21 07:27:18,55900.0,400.0,6346000.0
256,2021-10-21 07:27:04,55800.0,300.0,6345600.0
257,2021-10-21 07:27:04,55800.0,1000.0,6345300.0
258,2021-10-21 07:27:04,55800.0,1000.0,6344300.0
259,2021-10-21 07:27:04,55800.0,200.0,6343300.0
260,2021-10-21 07:27:04,55800.0,2200.0,6343100.0
261,2021-10-21 07:26:54,55800.0,2800.0,6340900.0
262,2021-10-21 07:26:54,55800.0,500.0,6338100.0
263,2021-10-21 07:26:54,55800.0,400.0,6337600.0
264,2021-10-21 07:26:45,55900.0,800.0,6337200.0
265,2021-10-21 07:26:40,55900.0,200.0,6336400.0
266,2021-10-21 07:26:40,55900.0,800.0,6336200.0
267,2021-10-21 07:26:40,55900.0,200.0,6335400.0
268,2021-10-21 07:26:40,55900.0,100.0,6335200.0
269,2021-10-21 07:26:40,55900.0,1200.0,6335100.0
270,2021-10-21 07:26:28,55900.0,300.0,6333900.0
271,2021-10-21 07:26:26,55700.0,15900.0,6333600.0
272,2021-10-21 07:26:26,55700.0,8200.0,6317700.0
273,2021-10-21 07:26:26,55800.0,15600.0,6309500.0
274,2021-10-21 07:26:26,55800.0,5000.0,6293900.0
275,2021-10-21 07:26:26,55800.0,3000.0,6288900.0
276,2021-10-21 07:26:26,55800.0,1700.0,6285900.0
277,2021-10-21 07:26:26,55800.0,100.0,6284200.0
278,2021-10-21 07:26:26,55800.0,500.0,6284100.0
279,2021-10-21 07:26:25,55900.0,100.0,6283600.0
280,2021-10-21 07:25:59,55900.0,1000.0,6283500.0
281,2021-10-21 07:25:25,55700.0,1800.0,6282500.0
282,2021-10-21 07:25:25,55700.0,300.0,6280700.0
283,2021-10-21 07:25:25,55700.0,2000.0,6280400.0
284,2021-10-21 07:25:25,55700.0,600.0,6278400.0
285,2021-10-21 07:25:25,55700.0,300.0,6277800.0
286,2021-10-21 07:25:25,55700.0,500.0,6277500.0
287,2021-10-21 07:25:25,55700.0,400.0,6277000.0
288,2021-10-21 07:25:25,55700.0,100.0,6276600.0
289,2021-10-21 07:25:25,55700.0,1000.0,6276500.0
290,2021-10-21 07:25:25,55700.0,200.0,6275500.0
291,2021-10-21 07:25:25,55700.0,800.0,6275300.0
292,2021-10-21 07:25:25,55700.0,2000.0,6274500.0
293,2021-10-21 07:25:25,55700.0,500.0,6272500.0
294,2021-10-21 07:25:25,55700.0,800.0,6272000.0
295,2021-10-21 07:25:25,55700.0,400.0,6271200.0
296,2021-10-21 07:25:25,55700.0,100.0,6270800.0
297,2021-10-21 07:25:25,55700.0,4000.0,6270700.0
298,2021-10-21 07:25:25,55700.0,100.0,6266700.0
299,2021-10-21 07:25:25,55700.0,8000.0,6266600.0
300,2021-10-21 07:25:25,55700.0,100.0,6258600.0
301,2021-10-21 07:25:25,55700.0,500.0,6258500.0
302,2021-10-21 07:25:25,55700.0,200.0,6258000.0
303,2021-10-21 07:25:25,55800.0,3000.0,6257800.0
304,2021-10-21 07:25:25,55800.0,1000.0,6254800.0
305,2021-10-21 07:25:25,55800.0,1000.0,6253800.0
306,2021-10-21 07:25:25,55800.0,1500.0,6252800.0
307,2021-10-21 07:25:25,55800.0,600.0,6251300.0
308,2021-10-21 07:25:25,55800.0,1000.0,6250700.0
309,2021-10-21 07:25:25,55800.0,100.0,6249700.0
310,2021-10-21 07:25:25,55800.0,800.0,6249600.0
311,2021-10-21 07:25:25,55800.0,1000.0,6248800.0
312,2021-10-21 07:25:25,55800.0,100.0,6247800.0
313,2021-10-21 07:25:25,55800.0,3000.0,6247700.0
314,2021-10-21 07:25:25,55800.0,400.0,6244700.0
315,2021-10-21 07:25:25,55800.0,2000.0,6244300.0
316,2021-10-21 07:25:25,55800.0,300.0,6242300.0
317,2021-10-21 07:25:25,55800.0,9500.0,6242000.0
318,2021-10-21 07:24:48,55900.0,200.0,6232500.0
319,2021-10-21 07:24:40,55900.0,200.0,6232300.0
320,2021-10-21 07:24:40,55900.0,500.0,6232100.0
321,2021-10-21 07:24:40,55900.0,300.0,6231600.0
322,2021-10-21 07:24:40,55900.0,200.0,6231300.0
323,2021-10-21 07:24:40,55900.0,1000.0,6231100.0
324,2021-10-21 07:24:40,55900.0,400.0,6230100.0
325,2021-10-21 07:24:40,55900.0,100.0,6229700.0
326,2021-10-21 07:24:28,55900.0,500.0,6229600.0
327,2021-10-21 07:23:43,55900.0,1400.0,6229100.0
328,2021-10-21 07:23:43,55900.0,900.0,6227700.0
329,2021-10-21 07:23:43,55900.0,300.0,6226800.0
330,2021-10-21 07:23:42,55800.0,300.0,6226500.0
331,2021-10-21 07:23:42,55800.0,400.0,6226200.0
332,2021-10-21 07:23:42,55800.0,5000.0,6225800.0
333,2021-10-21 07:23:42,55800.0,2800.0,6220800.0
334,2021-10-21 07:23:36,55800.0,200.0,6218000.0
335,2021-10-21 07:23:36,55800.0,100.0,6217800.0
336,2021-10-21 07:23:36,55800.0,200.0,6217700.0
337,2021-10-21 07:23:36,55800.0,300.0,6217500.0
338,2021-10-21 07:23:36,55800.0,200.0,6217200.0
339,2021-10-21 07:23:36,55800.0,3000.0,6217000.0
340,2021-10-21 07:23:36,55800.0,100.0,6214000.0
341,2021-10-21 07:23:36,55800.0,1000.0,6213900.0
342,2021-10-21 07:23:36,55800.0,100.0,6212900.0
343,2021-10-21 07:23:36,55800.0,2500.0,6212800.0
344,2021-10-21 07:23:36,55800.0,500.0,6210300.0
345,2021-10-21 07:23:36,55800.0,200.0,6209800.0
346,2021-10-21 07:23:36,55800.0,100.0,6209600.0
347,2021-10-21 07:23:36,55800.0,100.0,6209500.0
348,2021-10-21 07:23:36,55800.0,100.0,6209400.0
349,2021-10-21 07:23:36,55800.0,100.0,6209300.0
350,2021-10-21 07:23:36,55800.0,100.0,6209200.0
351,2021-10-21 07:23:36,55800.0,1100.0,6209100.0
352,2021-10-21 07:23:24,55700.0,100.0,6208000.0
353,2021-10-21 07:23:24,55700.0,1900.0,6207900.0
354,2021-10-21 07:23:23,55700.0,3100.0,6206000.0
355,2021-10-21 07:23:23,55700.0,10000.0,6202900.0
356,2021-10-21 07:23:23,55700.0,400.0,6192900.0
357,2021-10-21 07:23:23,55700.0,500.0,6192500.0
358,2021-10-21 07:23:11,55800.0,30000.0,6192000.0
359,2021-10-21 07:23:10,55800.0,100.0,6162000.0
360,2021-10-21 07:23:06,55700.0,1200.0,6161900.0
361,2021-10-21 07:23:05,55700.0,300.0,6160700.0
362,2021-10-21 07:23:05,55700.0,100.0,6160400.0
363,2021-10-21 07:23:05,55700.0,500.0,6160300.0
364,2021-10-21 07:23:05,55700.0,3100.0,6159800.0
365,2021-10-21 07:23:03,55700.0,1900.0,6156700.0
366,2021-10-21 07:23:03,55700.0,500.0,6154800.0
367,2021-10-21 07:23:03,55700.0,2100.0,6154300.0
368,2021-10-21 07:23:03,55700.0,10000.0,6152200.0
369,2021-10-21 07:23:03,55700.0,1000.0,6142200.0
370,2021-10-21 07:23:03,55700.0,4500.0,6141200.0
371,2021-10-21 07:23:01,55800.0,18800.0,6136700.0
372,2021-10-21 07:23:01,55800.0,100.0,6117900.0
373,2021-10-21 07:23:01,55800.0,7700.0,6117800.0
374,2021-10-21 07:23:01,55800.0,300.0,6110100.0
375,2021-10-21 07:23:01,55800.0,1000.0,6109800.0
376,2021-10-21 07:23:01,55800.0,600.0,6108800.0
377,2021-10-21 07:23:01,55800.0,100.0,6108200.0
378,2021-10-21 07:23:01,55800.0,1400.0,6108100.0
379,2021-10-21 07:23:01,55800.0,400.0,6106700.0
380,2021-10-21 07:22:52,55700.0,15500.0,6106300.0
381,2021-10-21 07:22:52,55700.0,900.0,6090800.0
382,2021-10-21 07:22:52,55700.0,500.0,6089900.0
383,2021-10-21 07:22:52,55700.0,600.0,6089400.0
384,2021-10-21 07:22:52,55700.0,400.0,6088800.0
385,2021-10-21 07:22:52,55700.0,200.0,6088400.0
386,2021-10-21 07:22:52,55700.0,1000.0,6088200.0
387,2021-10-21 07:22:52,55700.0,400.0,6087200.0
388,2021-10-21 07:22:52,55700.0,200.0,6086800.0
389,2021-10-21 07:22:52,55700.0,2000.0,6086600.0
390,2021-10-21 07:22:52,55700.0,1000.0,6084600.0
391,2021-10-21 07:22:52,55700.0,900.0,6083600.0
392,2021-10-21 07:22:52,55700.0,600.0,6082700.0
393,2021-10-21 07:22:52,55700.0,1000.0,6082100.0
394,2021-10-21 07:22:52,55700.0,35000.0,6081100.0
395,2021-10-21 07:22:52,55700.0,200.0,6046100.0
396,2021-10-21 07:22:52,55700.0,200.0,6045900.0
397,2021-10-21 07:22:52,55700.0,1000.0,6045700.0
398,2021-10-21 07:22:52,55700.0,25700.0,6044700.0
399,2021-10-21 07:22:52,55700.0,100.0,6019000.0
400,2021-10-21 07:22:52,55700.0,300.0,6018900.0
401,2021-10-21 07:22:52,55700.0,4800.0,6018600.0
402,2021-10-21 07:22:52,55700.0,400.0,6013800.0
403,2021-10-21 07:22:52,55700.0,500.0,6013400.0
404,2021-10-21 07:22:52,55700.0,1000.0,6012900.0
405,2021-10-21 07:22:52,55700.0,200.0,6011900.0
406,2021-10-21 07:22:52,55700.0,300.0,6011700.0
407,2021-10-21 07:22:52,55700.0,800.0,6011400.0
408,2021-10-21 07:22:52,55700.0,800.0,6010600.0
409,2021-10-21 07:22:52,55700.0,3500.0,6009800.0
410,2021-10-21 07:22:52,55800.0,300.0,6006300.0
411,2021-10-21 07:22:39,55700.0,100.0,6006000.0
412,2021-10-21 07:22:22,55800.0,900.0,6005900.0
413,2021-10-21 07:22:22,55800.0,2800.0,6005000.0
414,2021-10-21 07:22:13,55700.0,900.0,6002200.0
415,2021-10-21 07:22:13,55700.0,3400.0,6001300.0
416,2021-10-21 07:22:13,55700.0,1000.0,5997900.0
417,2021-10-21 07:22:11,55800.0,500.0,5996900.0
418,2021-10-21 07:22:04,55700.0,2400.0,5996400.0
419,2021-10-21 07:21:49,55800.0,300.0,5994000.0
420,2021-10-21 07:21:35,55800.0,100.0,5993700.0
421,2021-10-21 07:21:24,55700.0,700.0,5993600.0
422,2021-10-21 07:21:24,55700.0,10000.0,5992900.0
423,2021-10-21 07:21:24,55700.0,3000.0,5982900.0
424,2021-10-21 07:21:24,55700.0,1000.0,5979900.0
425,2021-10-21 07:21:24,55700.0,3500.0,5978900.0
426,2021-10-21 07:21:24,55700.0,300.0,5975400.0
427,2021-10-21 07:21:24,55700.0,4100.0,5975100.0
428,2021-10-21 07:21:24,55700.0,1000.0,5971000.0
429,2021-10-21 07:21:24,55700.0,2000.0,5970000.0
430,2021-10-21 07:21:24,55700.0,200.0,5968000.0
431,2021-10-21 07:21:24,55700.0,5000.0,5967800.0
432,2021-10-21 07:21:24,55700.0,200.0,5962800.0
433,2021-10-21 07:21:24,55700.0,500.0,5962600.0
434,2021-10-21 07:21:24,55700.0,1000.0,5962100.0
435,2021-10-21 07:21:24,55700.0,400.0,5961100.0
436,2021-10-21 07:21:24,55700.0,17100.0,5960700.0
437,2021-10-21 07:21:24,55700.0,32900.0,5943600.0
438,2021-10-21 07:21:24,55700.0,300.0,5910700.0
439,2021-10-21 07:21:24,55700.0,300.0,5910400.0
440,2021-10-21 07:21:24,55700.0,5000.0,5910100.0
441,2021-10-21 07:21:24,55700.0,7800.0,5905100.0
442,2021-10-21 07:21:24,55700.0,1000.0,5897300.0
443,2021-10-21 07:21:24,55700.0,600.0,5896300.0
444,2021-10-21 07:21:24,55700.0,2100.0,5895700.0
445,2021-10-21 07:21:03,55800.0,300.0,5893600.0
446,2021-10-21 07:21:03,55800.0,300.0,5893300.0
447,2021-10-21 07:21:00,55700.0,500.0,5893000.0
448,2021-10-21 07:20:59,55700.0,300.0,5892500.0
449,2021-10-21 07:20:38,55700.0,100.0,5892200.0
450,2021-10-21 07:20:38,55700.0,100.0,5892100.0
451,2021-10-21 07:20:38,55700.0,1000.0,5892000.0
452,2021-10-21 07:20:38,55700.0,6800.0,5891000.0
453,2021-10-21 07:20:36,55800.0,100.0,5884200.0
454,2021-10-21 07:20:23,55700.0,1200.0,5884100.0
455,2021-10-21 07:20:19,55700.0,300.0,5882900.0
456,2021-10-21 07:20:14,55700.0,100.0,5882600.0
457,2021-10-21 07:20:08,55700.0,300.0,5882500.0
458,2021-10-21 07:20:06,55700.0,5000.0,5882200.0
459,2021-10-21 07:20:05,55700.0,2300.0,5877200.0
460,2021-10-21 07:20:03,55700.0,100.0,5874900.0
461,2021-10-21 07:20:02,55700.0,1000.0,5874800.0
462,2021-10-21 07:20:02,55700.0,500.0,5873800.0
463,2021-10-21 07:20:02,55700.0,1000.0,5873300.0
464,2021-10-21 07:20:02,55700.0,1000.0,5872300.0
465,2021-10-21 07:20:02,55700.0,1000.0,5871300.0
466,2021-10-21 07:20:02,55700.0,100.0,5870300.0
467,2021-10-21 07:20:02,55700.0,500.0,5870200.0
468,2021-10-21 07:20:02,55700.0,9900.0,5869700.0
469,2021-10-21 07:20:02,55700.0,8500.0,5859800.0
470,2021-10-21 07:20:02,55700.0,3400.0,5851300.0
471,2021-10-21 07:20:02,55700.0,2600.0,5847900.0
472,2021-10-21 07:20:02,55700.0,8100.0,5845300.0
473,2021-10-21 07:19:52,55700.0,500.0,5837200.0
474,2021-10-21 07:19:47,55700.0,200.0,5836700.0
475,2021-10-21 07:19:47,55700.0,900.0,5836500.0
476,2021-10-21 07:19:47,55700.0,200.0,5835600.0
477,2021-10-21 07:19:27,55700.0,100.0,5835400.0
478,2021-10-21 07:19:22,55700.0,500.0,5835300.0
479,2021-10-21 07:19:20,55700.0,200.0,5834800.0
480,2021-10-21 07:19:18,55700.0,300.0,5834600.0
481,2021-10-21 07:19:17,55700.0,900.0,5834300.0
482,2021-10-21 07:19:17,55700.0,800.0,5833400.0
483,2021-10-21 07:19:16,55700.0,200.0,5832600.0
484,2021-10-21 07:19:16,55700.0,800.0,5832400.0
485,2021-10-21 07:19:14,55700.0,200.0,5831600.0
486,2021-10-21 07:19:14,55700.0,800.0,5831400.0
487,2021-10-21 07:19:11,55700.0,300.0,5830600.0
488,2021-10-21 07:19:06,55700.0,1800.0,5830300.0
489,2021-10-21 07:18:55,55700.0,100.0,5828500.0
490,2021-10-21 07:18:54,55700.0,200.0,5828400.0
491,2021-10-21 07:18:46,55700.0,1600.0,5828200.0
492,2021-10-21 07:18:42,55700.0,100.0,5826600.0
493,2021-10-21 07:18:40,55700.0,100.0,5826500.0
494,2021-10-21 07:18:33,55700.0,100.0,5826400.0
495,2021-10-21 07:18:33,55700.0,500.0,5826300.0
496,2021-10-21 07:18:29,55700.0,100.0,5825800.0
497,2021-10-21 07:18:20,55700.0,200.0,5825700.0
498,2021-10-21 07:18:02,55700.0,4200.0,5825500.0
499,2021-10-21 07:18:02,55700.0,2000.0,5821300.0
500,2021-10-21 07:18:02,55700.0,200.0,5819300.0
501,2021-10-21 07:18:02,55700.0,300.0,5819100.0
502,2021-10-21 07:18:02,55700.0,900.0,5818800.0
503,2021-10-21 07:18:02,55700.0,300.0,5817900.0
504,2021-10-21 07:18:02,55700.0,300.0,5817600.0
505,2021-10-21 07:17:59,55600.0,100.0,5817300.0
506,2021-10-21 07:17:51,55700.0,400.0,5817200.0
507,2021-10-21 07:17:49,55600.0,200.0,5816800.0
508,2021-10-21 07:17:46,55700.0,1900.0,5816600.0
509,2021-10-21 07:17:45,55700.0,10000.0,5814700.0
510,2021-10-21 07:17:43,55700.0,100.0,5804700.0
511,2021-10-21 07:17:41,55700.0,500.0,5804600.0
512,2021-10-21 07:17:40,55700.0,400.0,5804100.0
513,2021-10-21 07:17:39,55700.0,1400.0,5803700.0
514,2021-10-21 07:17:39,55700.0,1600.0,5802300.0
515,2021-10-21 07:17:36,55700.0,2000.0,5800700.0
516,2021-10-21 07:17:32,55700.0,100.0,5798700.0
517,2021-10-21 07:17:26,55700.0,2000.0,5798600.0
518,2021-10-21 07:17:24,55700.0,3000.0,5796600.0
519,2021-10-21 07:17:22,55700.0,100.0,5793600.0
520,2021-10-21 07:17:21,55700.0,600.0,5793500.0
521,2021-10-21 07:17:21,55700.0,200.0,5792900.0
522,2021-10-21 07:17:21,55700.0,2100.0,5792700.0
523,2021-10-21 07:17:21,55700.0,500.0,5790600.0
524,2021-10-21 07:17:21,55700.0,400.0,5790100.0
525,2021-10-21 07:17:21,55700.0,200.0,5789700.0
526,2021-10-21 07:17:21,55700.0,1000.0,5789500.0
527,2021-10-21 07:17:21,55700.0,900.0,5788500.0
528,2021-10-21 07:17:21,55700.0,5300.0,5787600.0
529,2021-10-21 07:17:00,55700.0,1000.0,5782300.0
530,2021-10-21 07:17:00,55700.0,200.0,5781300.0
531,2021-10-21 07:16:48,55700.0,3500.0,5781100.0
532,2021-10-21 07:16:42,55700.0,200.0,5777600.0
533,2021-10-21 07:16:41,55700.0,2000.0,5777400.0
534,2021-10-21 07:16:39,55700.0,10000.0,5775400.0
535,2021-10-21 07:16:35,55700.0,2000.0,5765400.0
536,2021-10-21 07:16:35,55700.0,1600.0,5763400.0
537,2021-10-21 07:16:34,55700.0,300.0,5761800.0
538,2021-10-21 07:16:23,55700.0,500.0,5761500.0
539,2021-10-21 07:16:23,55700.0,100.0,5761000.0
540,2021-10-21 07:16:23,55700.0,5000.0,5760900.0
541,2021-10-21 07:16:23,55700.0,1000.0,5755900.0
542,2021-10-21 07:16:23,55700.0,1500.0,5754900.0
543,2021-10-21 07:16:23,55700.0,1000.0,5753400.0
544,2021-10-21 07:16:23,55700.0,1000.0,5752400.0
545,2021-10-21 07:16:23,55700.0,500.0,5751400.0
546,2021-10-21 07:16:23,55700.0,500.0,5750900.0
547,2021-10-21 07:16:23,55700.0,500.0,5750400.0
548,2021-10-21 07:16:23,55700.0,1000.0,5749900.0
549,2021-10-21 07:16:23,55700.0,3000.0,5748900.0
550,2021-10-21 07:16:23,55700.0,100.0,5745900.0
551,2021-10-21 07:16:23,55700.0,2500.0,5745800.0
552,2021-10-21 07:16:23,55700.0,100.0,5743300.0
553,2021-10-21 07:16:23,55700.0,100.0,5743200.0
554,2021-10-21 07:16:23,55700.0,12000.0,5743100.0
555,2021-10-21 07:16:21,55700.0,8000.0,5731100.0
556,2021-10-21 07:16:21,55700.0,2500.0,5723100.0
557,2021-10-21 07:16:21,55700.0,2900.0,5720600.0
558,2021-10-21 07:16:21,55700.0,1000.0,5717700.0
559,2021-10-21 07:16:21,55700.0,3000.0,5716700.0
560,2021-10-21 07:16:21,55700.0,1000.0,5713700.0
561,2021-10-21 07:16:21,55700.0,5000.0,5712700.0
562,2021-10-21 07:16:21,55700.0,600.0,5707700.0
563,2021-10-21 07:16:21,55700.0,20000.0,5707100.0
564,2021-10-21 07:16:21,55700.0,6000.0,5687100.0
565,2021-10-21 07:16:20,55700.0,4000.0,5681100.0
566,2021-10-21 07:16:20,55700.0,1000.0,5677100.0
567,2021-10-21 07:16:20,55700.0,1300.0,5676100.0
568,2021-10-21 07:16:20,55700.0,300.0,5674800.0
569,2021-10-21 07:16:20,55700.0,1000.0,5674500.0
570,2021-10-21 07:16:20,55700.0,22400.0,5673500.0
571,2021-10-21 07:16:12,55800.0,3000.0,5651100.0
572,2021-10-21 07:15:58,55700.0,500.0,5648100.0
573,2021-10-21 07:15:41,55700.0,200.0,5647600.0
574,2021-10-21 07:15:41,55700.0,900.0,5647400.0
575,2021-10-21 07:15:41,55700.0,200.0,5646500.0
576,2021-10-21 07:15:31,55700.0,1500.0,5646300.0
577,2021-10-21 07:14:54,55700.0,3000.0,5644800.0
578,2021-10-21 07:14:48,55800.0,10100.0,5641800.0
579,2021-10-21 07:14:33,55700.0,800.0,5631700.0
580,2021-10-21 07:14:26,55700.0,1500.0,5630900.0
581,2021-10-21 07:14:26,55700.0,1000.0,5629400.0
582,2021-10-21 07:14:26,55700.0,7500.0,5628400.0
583,2021-10-21 07:14:25,55700.0,800.0,5620900.0
584,2021-10-21 07:14:21,55700.0,21700.0,5620100.0
585,2021-10-21 07:14:21,55700.0,500.0,5598400.0
586,2021-10-21 07:14:21,55700.0,500.0,5597900.0
587,2021-10-21 07:14:21,55700.0,100.0,5597400.0
588,2021-10-21 07:14:21,55700.0,200.0,5597300.0
589,2021-10-21 07:14:21,55700.0,400.0,5597100.0
590,2021-10-21 07:14:21,55700.0,300.0,5596700.0
591,2021-10-21 07:14:21,55700.0,100.0,5596400.0
592,2021-10-21 07:14:21,55700.0,17000.0,5596300.0
593,2021-10-21 07:14:21,55700.0,500.0,5579300.0
594,2021-10-21 07:14:21,55700.0,200.0,5578800.0
595,2021-10-21 07:14:21,55700.0,300.0,5578600.0
596,2021-10-21 07:14:21,55700.0,1000.0,5578300.0
597,2021-10-21 07:14:21,55700.0,1000.0,5577300.0
598,2021-10-21 07:14:21,55700.0,6200.0,5576300.0
599,2021-10-21 07:14:20,55700.0,5500.0,5570100.0
600,2021-10-21 07:14:16,55700.0,1000.0,5564600.0
601,2021-10-21 07:14:11,55700.0,100.0,5563600.0
602,2021-10-21 07:14:06,55700.0,200.0,5563500.0
603,2021-10-21 07:13:58,55700.0,300.0,5563300.0
604,2021-10-21 07:13:37,55700.0,300.0,5563000.0
605,2021-10-21 07:13:37,55700.0,900.0,5562700.0
606,2021-10-21 07:13:37,55700.0,200.0,5561800.0
607,2021-10-21 07:13:36,55700.0,5300.0,5561600.0
608,2021-10-21 07:13:36,55700.0,100.0,5556300.0
609,2021-10-21 07:13:36,55700.0,5000.0,5556200.0
610,2021-10-21 07:13:36,55700.0,12000.0,5551200.0
611,2021-10-21 07:13:36,55700.0,500.0,5539200.0
612,2021-10-21 07:13:36,55700.0,600.0,5538700.0
613,2021-10-21 07:13:36,55700.0,1500.0,5538100.0
614,2021-10-21 07:13:33,55800.0,800.0,5536600.0
615,2021-10-21 07:13:17,55800.0,900.0,5535800.0
616,2021-10-21 07:13:14,55700.0,13500.0,5534900.0
617,2021-10-21 07:13:14,55700.0,11500.0,5521400.0
618,2021-10-21 07:12:47,55700.0,100.0,5509900.0
619,2021-10-21 07:12:43,55700.0,100.0,5509800.0
620,2021-10-21 07:12:19,55700.0,18700.0,5509700.0
621,2021-10-21 07:12:19,55700.0,6300.0,5491000.0
622,2021-10-21 07:12:14,55800.0,1000.0,5484700.0
623,2021-10-21 07:12:10,55800.0,2600.0,5483700.0
624,2021-10-21 07:12:10,55800.0,200.0,5481100.0
625,2021-10-21 07:12:10,55800.0,300.0,5480900.0
626,2021-10-21 07:12:10,55800.0,900.0,5480600.0
627,2021-10-21 07:12:10,55800.0,1000.0,5479700.0
628,2021-10-21 07:12:10,55800.0,2400.0,5478700.0
629,2021-10-21 07:12:10,55800.0,300.0,5476300.0
630,2021-10-21 07:12:10,55800.0,300.0,5476000.0
631,2021-10-21 07:12:10,55800.0,200.0,5475700.0
632,2021-10-21 07:12:10,55800.0,200.0,5475500.0
633,2021-10-21 07:12:10,55800.0,2000.0,5475300.0
634,2021-10-21 07:12:10,55800.0,300.0,5473300.0
635,2021-10-21 07:12:10,55800.0,500.0,5473000.0
636,2021-10-21 07:12:10,55800.0,300.0,5472500.0
637,2021-10-21 07:12:10,55800.0,900.0,5472200.0
638,2021-10-21 07:12:10,55800.0,200.0,5471300.0
639,2021-10-21 07:12:10,55800.0,2400.0,5471100.0
640,2021-10-21 07:11:53,55700.0,8700.0,5468700.0
641,2021-10-21 07:11:53,55700.0,900.0,5460000.0
642,2021-10-21 07:11:53,55700.0,5000.0,5459100.0
643,2021-10-21 07:11:53,55700.0,2000.0,5454100.0
644,2021-10-21 07:11:53,55700.0,100.0,5452100.0
645,2021-10-21 07:11:53,55700.0,1000.0,5452000.0
646,2021-10-21 07:11:53,55700.0,14000.0,5451000.0
647,2021-10-21 07:11:53,55700.0,1000.0,5437000.0
648,2021-10-21 07:11:53,55700.0,200.0,5436000.0
649,2021-10-21 07:11:53,55700.0,15000.0,5435800.0
650,2021-10-21 07:11:53,55700.0,300.0,5420800.0
651,2021-10-21 07:11:53,55700.0,500.0,5420500.0
652,2021-10-21 07:11:53,55700.0,200.0,5420000.0
653,2021-10-21 07:11:53,55700.0,1100.0,5419800.0
654,2021-10-21 07:11:50,55700.0,8900.0,5418700.0
655,2021-10-21 07:11:50,55700.0,1000.0,5409800.0
656,2021-10-21 07:11:50,55700.0,100.0,5408800.0
657,2021-10-21 07:11:50,55700.0,3300.0,5408700.0
658,2021-10-21 07:11:46,55700.0,6700.0,5405400.0
659,2021-10-21 07:11:46,55700.0,18300.0,5398700.0
660,2021-10-21 07:11:34,55700.0,200.0,5380400.0
661,2021-10-21 07:11:34,55700.0,500.0,5380200.0
662,2021-10-21 07:11:34,55700.0,400.0,5379700.0
663,2021-10-21 07:11:34,55700.0,300.0,5379300.0
664,2021-10-21 07:11:08,55700.0,11300.0,5379000.0
665,2021-10-21 07:11:08,55700.0,10000.0,5367700.0
666,2021-10-21 07:11:08,55700.0,10000.0,5357700.0
667,2021-10-21 07:11:08,55700.0,10000.0,5347700.0
668,2021-10-21 07:11:08,55700.0,8700.0,5337700.0
669,2021-10-21 07:11:05,55800.0,13000.0,5329000.0
670,2021-10-21 07:10:56,55700.0,200.0,5316000.0
671,2021-10-21 07:10:54,55800.0,200.0,5315800.0
672,2021-10-21 07:10:53,55700.0,200.0,5315600.0
673,2021-10-21 07:10:23,55700.0,500.0,5315400.0
674,2021-10-21 07:10:21,55800.0,500.0,5314900.0
675,2021-10-21 07:10:11,55700.0,400.0,5314400.0
676,2021-10-21 07:10:11,55700.0,100.0,5314000.0
677,2021-10-21 07:09:53,55800.0,4000.0,5313900.0
678,2021-10-21 07:09:53,55700.0,200.0,5309900.0
679,2021-10-21 07:09:53,55700.0,4800.0,5309700.0
680,2021-10-21 07:09:51,55700.0,10000.0,5304900.0
681,2021-10-21 07:09:51,55700.0,1000.0,5294900.0
682,2021-10-21 07:09:45,55700.0,24500.0,5293900.0
683,2021-10-21 07:09:36,55700.0,400.0,5269400.0
684,2021-10-21 07:09:32,55700.0,9300.0,5269000.0
685,2021-10-21 07:09:30,55700.0,700.0,5259700.0
686,2021-10-21 07:09:30,55700.0,100.0,5259000.0
687,2021-10-21 07:09:30,55700.0,200.0,5258900.0
688,2021-10-21 07:09:30,55700.0,200.0,5258700.0
689,2021-10-21 07:09:20,55700.0,500.0,5258500.0
690,2021-10-21 07:09:06,55600.0,2500.0,5258000.0
691,2021-10-21 07:09:06,55600.0,1000.0,5255500.0
692,2021-10-21 07:09:06,55600.0,300.0,5254500.0
693,2021-10-21 07:09:06,55600.0,200.0,5254200.0
694,2021-10-21 07:09:06,55600.0,100.0,5254000.0
695,2021-10-21 07:09:06,55600.0,100.0,5253900.0
696,2021-10-21 07:09:06,55600.0,500.0,5253800.0
697,2021-10-21 07:09:06,55600.0,100.0,5253300.0
698,2021-10-21 07:09:06,55600.0,100.0,5253200.0
699,2021-10-21 07:09:06,55600.0,500.0,5253100.0
700,2021-10-21 07:09:06,55600.0,100.0,5252600.0
701,2021-10-21 07:09:06,55600.0,1000.0,5252500.0
702,2021-10-21 07:09:06,55600.0,500.0,5251500.0
703,2021-10-21 07:09:06,55600.0,200.0,5251000.0
704,2021-10-21 07:09:06,55600.0,400.0,5250800.0
705,2021-10-21 07:09:06,55600.0,400.0,5250400.0
706,2021-10-21 07:09:06,55600.0,500.0,5250000.0
707,2021-10-21 07:09:06,55600.0,300.0,5249500.0
708,2021-10-21 07:09:06,55600.0,900.0,5249200.0
709,2021-10-21 07:09:06,55600.0,100.0,5248300.0
710,2021-10-21 07:09:06,55600.0,100.0,5248200.0
711,2021-10-21 07:09:06,55600.0,100.0,5248100.0
712,2021-10-21 07:09:06,55600.0,500.0,5248000.0
713,2021-10-21 07:09:06,55600.0,1000.0,5247500.0
714,2021-10-21 07:09:06,55600.0,500.0,5246500.0
715,2021-10-21 07:09:06,55600.0,900.0,5246000.0
716,2021-10-21 07:09:06,55600.0,100.0,5245100.0
717,2021-10-21 07:09:06,55600.0,500.0,5245000.0
718,2021-10-21 07:09:06,55600.0,500.0,5244500.0
719,2021-10-21 07:09:06,55600.0,100.0,5244000.0
720,2021-10-21 07:09:06,55600.0,500.0,5243900.0
721,2021-10-21 07:09:06,55600.0,1000.0,5243400.0
722,2021-10-21 07:09:06,55600.0,1000.0,5242400.0
723,2021-10-21 07:09:06,55600.0,200.0,5241400.0
724,2021-10-21 07:09:06,55600.0,200.0,5241200.0
725,2021-10-21 07:09:06,55600.0,100.0,5241000.0
726,2021-10-21 07:09:06,55600.0,100.0,5240900.0
727,2021-10-21 07:09:06,55600.0,1000.0,5240800.0
728,2021-10-21 07:09:06,55700.0,900.0,5239800.0
729,2021-10-21 07:09:06,55700.0,1000.0,5238900.0
730,2021-10-21 07:09:06,55700.0,400.0,5237900.0
731,2021-10-21 07:09:06,55700.0,500.0,5237500.0
732,2021-10-21 07:09:06,55700.0,100.0,5237000.0
733,2021-10-21 07:09:06,55700.0,600.0,5236900.0
734,2021-10-21 07:09:06,55700.0,300.0,5236300.0
735,2021-10-21 07:09:06,55700.0,200.0,5236000.0
736,2021-10-21 07:09:06,55700.0,20000.0,5235800.0
737,2021-10-21 07:09:06,55700.0,2000.0,5215800.0
738,2021-10-21 07:09:06,55700.0,100.0,5213800.0
739,2021-10-21 07:09:06,55700.0,100.0,5213700.0
740,2021-10-21 07:09:06,55700.0,5600.0,5213600.0
741,2021-10-21 07:08:56,55700.0,2000.0,5208000.0
742,2021-10-21 07:08:31,55800.0,1000.0,5206000.0
743,2021-10-21 07:08:15,55800.0,300.0,5205000.0
744,2021-10-21 07:07:48,55700.0,400.0,5204700.0
745,2021-10-21 07:07:48,55700.0,1000.0,5204300.0
746,2021-10-21 07:07:48,55700.0,1000.0,5203300.0
747,2021-10-21 07:07:48,55700.0,600.0,5202300.0
748,2021-10-21 07:07:48,55700.0,1000.0,5201700.0
749,2021-10-21 07:07:48,55700.0,1000.0,5200700.0
750,2021-10-21 07:07:48,55700.0,200.0,5199700.0
751,2021-10-21 07:07:48,55700.0,3000.0,5199500.0
752,2021-10-21 07:07:48,55700.0,200.0,5196500.0
753,2021-10-21 07:07:48,55700.0,100.0,5196300.0
754,2021-10-21 07:07:48,55700.0,4000.0,5196200.0
755,2021-10-21 07:07:48,55700.0,300.0,5192200.0
756,2021-10-21 07:07:48,55700.0,100.0,5191900.0
757,2021-10-21 07:07:48,55700.0,5000.0,5191800.0
758,2021-10-21 07:07:48,55700.0,200.0,5186800.0
759,2021-10-21 07:07:48,55700.0,10000.0,5186600.0
760,2021-10-21 07:07:48,55700.0,700.0,5176600.0
761,2021-10-21 07:07:48,55700.0,1000.0,5175900.0
762,2021-10-21 07:07:48,55700.0,100.0,5174900.0
763,2021-10-21 07:07:48,55700.0,1800.0,5174800.0
764,2021-10-21 07:07:48,55700.0,1800.0,5173000.0
765,2021-10-21 07:07:48,55700.0,500.0,5171200.0
766,2021-10-21 07:07:48,55700.0,100.0,5170700.0
767,2021-10-21 07:07:48,55700.0,1100.0,5170600.0
768,2021-10-21 07:07:48,55700.0,100.0,5169500.0
769,2021-10-21 07:07:48,55700.0,500.0,5169400.0
770,2021-10-21 07:07:48,55700.0,500.0,5168900.0
771,2021-10-21 07:07:48,55700.0,2000.0,5168400.0
772,2021-10-21 07:07:48,55700.0,100.0,5166400.0
773,2021-10-21 07:07:48,55700.0,300.0,5166300.0
774,2021-10-21 07:07:48,55700.0,2000.0,5166000.0
775,2021-10-21 07:07:48,55700.0,5000.0,5164000.0
776,2021-10-21 07:07:48,55700.0,100.0,5159000.0
777,2021-10-21 07:07:48,55700.0,100.0,5158900.0
778,2021-10-21 07:07:48,55700.0,100.0,5158800.0
779,2021-10-21 07:07:48,55700.0,100.0,5158700.0
780,2021-10-21 07:07:48,55700.0,700.0,5158600.0
781,2021-10-21 07:07:48,55700.0,3200.0,5157900.0
782,2021-10-21 07:07:36,55800.0,400.0,5154700.0
783,2021-10-21 07:06:58,55800.0,10000.0,5154300.0
784,2021-10-21 07:06:48,55700.0,500.0,5144300.0
785,2021-10-21 07:06:45,55800.0,5000.0,5143800.0
786,2021-10-21 07:06:43,55800.0,100.0,5138800.0
787,2021-10-21 07:05:55,55800.0,200.0,5138700.0
788,2021-10-21 07:05:51,55800.0,2000.0,5138500.0
789,2021-10-21 07:05:50,55700.0,16300.0,5136500.0
790,2021-10-21 07:05:50,55700.0,200.0,5120200.0
791,2021-10-21 07:05:50,55700.0,2000.0,5120000.0
792,2021-10-21 07:05:50,55700.0,100.0,5118000.0
793,2021-10-21 07:05:50,55700.0,100.0,5117900.0
794,2021-10-21 07:05:50,55700.0,200.0,5117800.0
795,2021-10-21 07:05:50,55700.0,2200.0,5117600.0
796,2021-10-21 07:05:50,55700.0,1800.0,5115400.0
797,2021-10-21 07:05:50,55700.0,2500.0,5113600.0
798,2021-10-21 07:05:50,55700.0,24600.0,5111100.0
799,2021-10-21 07:05:37,55700.0,10000.0,5086500.0
800,2021-10-21 07:05:30,55800.0,200.0,5076500.0
801,2021-10-21 07:05:14,55800.0,5000.0,5076300.0
802,2021-10-21 07:05:13,55800.0,400.0,5071300.0
803,2021-10-21 07:05:13,55800.0,500.0,5070900.0
804,2021-10-21 07:05:13,55800.0,500.0,5070400.0
805,2021-10-21 07:05:13,55800.0,4300.0,5069900.0
806,2021-10-21 07:05:09,55800.0,1000.0,5065600.0
807,2021-10-21 07:04:59,55800.0,100.0,5064600.0
808,2021-10-21 07:04:59,55700.0,39800.0,5064500.0
809,2021-10-21 07:04:59,55700.0,2000.0,5024700.0
810,2021-10-21 07:04:59,55700.0,500.0,5022700.0
811,2021-10-21 07:04:59,55700.0,500.0,5022200.0
812,2021-10-21 07:04:59,55700.0,400.0,5021700.0
813,2021-10-21 07:04:59,55800.0,1000.0,5021300.0
814,2021-10-21 07:04:59,55800.0,200.0,5020300.0
815,2021-10-21 07:04:59,55800.0,2000.0,5020100.0
816,2021-10-21 07:04:59,55800.0,3600.0,5018100.0
817,2021-10-21 07:04:50,55800.0,300.0,5014500.0
818,2021-10-21 07:04:50,55800.0,1500.0,5014200.0
819,2021-10-21 07:04:50,55800.0,500.0,5012700.0
820,2021-10-21 07:04:50,55800.0,1000.0,5012200.0
821,2021-10-21 07:04:50,55800.0,900.0,5011200.0
822,2021-10-21 07:04:50,55800.0,200.0,5010300.0
823,2021-10-21 07:04:50,55800.0,300.0,5010100.0
824,2021-10-21 07:04:50,55800.0,1700.0,5009800.0
825,2021-10-21 07:04:47,55800.0,100.0,5008100.0
826,2021-10-21 07:04:44,55800.0,1200.0,5008000.0
827,2021-10-21 07:04:44,55800.0,6600.0,5006800.0
828,2021-10-21 07:04:44,55800.0,1800.0,5000200.0
829,2021-10-21 07:04:44,55800.0,300.0,4998400.0
830,2021-10-21 07:04:44,55800.0,100.0,4998100.0
831,2021-10-21 07:04:41,55800.0,1000.0,4998000.0
832,2021-10-21 07:04:41,55800.0,9000.0,4997000.0
833,2021-10-21 07:04:40,55700.0,100.0,4988000.0
834,2021-10-21 07:04:36,55800.0,500.0,4987900.0
835,2021-10-21 07:04:21,55800.0,100.0,4987400.0
836,2021-10-21 07:04:11,55800.0,300.0,4987300.0
837,2021-10-21 07:03:58,55800.0,1600.0,4987000.0
838,2021-10-21 07:03:57,55800.0,100.0,4985400.0
839,2021-10-21 07:03:44,55800.0,2300.0,4985300.0
840,2021-10-21 07:03:41,55800.0,5000.0,4983000.0
841,2021-10-21 07:03:40,55800.0,500.0,4978000.0
842,2021-10-21 07:03:22,55800.0,1000.0,4977500.0
843,2021-10-21 07:03:18,55800.0,200.0,4976500.0
844,2021-10-21 07:03:10,55800.0,1300.0,4976300.0
845,2021-10-21 07:02:58,55800.0,1000.0,4975000.0
846,2021-10-21 07:02:54,55800.0,200.0,4974000.0
847,2021-10-21 07:02:45,55800.0,2000.0,4973800.0
848,2021-10-21 07:02:38,55800.0,5000.0,4971800.0
849,2021-10-21 07:02:32,55800.0,8000.0,4966800.0
850,2021-10-21 07:02:12,55800.0,1000.0,4958800.0
851,2021-10-21 07:02:00,55800.0,600.0,4957800.0
852,2021-10-21 07:01:43,55800.0,100.0,4957200.0
853,2021-10-21 07:01:42,55800.0,100.0,4957100.0
854,2021-10-21 07:01:39,55800.0,1000.0,4957000.0
855,2021-10-21 07:01:39,55800.0,100.0,4956000.0
856,2021-10-21 07:01:39,55800.0,1000.0,4955900.0
857,2021-10-21 07:01:39,55800.0,700.0,4954900.0
858,2021-10-21 07:01:39,55800.0,3000.0,4954200.0
859,2021-10-21 07:01:39,55800.0,1800.0,4951200.0
860,2021-10-21 07:01:39,55800.0,600.0,4949400.0
861,2021-10-21 07:01:39,55800.0,400.0,4948800.0
862,2021-10-21 07:01:39,55800.0,300.0,4948400.0
863,2021-10-21 07:01:39,55800.0,500.0,4948100.0
864,2021-10-21 07:01:39,55800.0,700.0,4947600.0
865,2021-10-21 07:01:29,55800.0,300.0,4946900.0
866,2021-10-21 07:01:29,55800.0,2000.0,4946600.0
867,2021-10-21 07:01:29,55800.0,300.0,4944600.0
868,2021-10-21 07:01:29,55800.0,1000.0,4944300.0
869,2021-10-21 07:01:29,55800.0,100.0,4943300.0
870,2021-10-21 07:01:29,55800.0,5000.0,4943200.0
871,2021-10-21 07:01:29,55800.0,1300.0,4938200.0
872,2021-10-21 07:01:26,55800.0,2500.0,4936900.0
873,2021-10-21 07:01:18,55800.0,300.0,4934400.0
874,2021-10-21 07:01:18,55800.0,200.0,4934100.0
875,2021-10-21 07:01:18,55800.0,900.0,4933900.0
876,2021-10-21 07:00:57,55800.0,100.0,4933000.0
877,2021-10-21 07:00:33,55800.0,100.0,4932900.0
878,2021-10-21 07:00:13,55900.0,500.0,4932800.0
879,2021-10-21 06:59:31,55900.0,5900.0,4932300.0
880,2021-10-21 06:59:31,55900.0,1000.0,4926400.0
881,2021-10-21 06:59:31,55900.0,100.0,4925400.0
882,2021-10-21 06:59:26,55800.0,1900.0,4925300.0
883,2021-10-21 06:59:23,55800.0,1000.0,4923400.0
884,2021-10-21 06:59:16,55800.0,200.0,4922400.0
885,2021-10-21 06:59:16,55800.0,900.0,4922200.0
886,2021-10-21 06:59:16,55800.0,200.0,4921300.0
887,2021-10-21 06:59:00,55800.0,400.0,4921100.0
888,2021-10-21 06:59:00,55800.0,400.0,4920700.0
889,2021-10-21 06:59:00,55800.0,200.0,4920300.0
890,2021-10-21 06:58:48,55800.0,500.0,4920100.0
891,2021-10-21 06:58:45,55800.0,400.0,4919600.0
892,2021-10-21 06:58:40,55800.0,1900.0,4919200.0
893,2021-10-21 06:58:37,55800.0,600.0,4917300.0
894,2021-10-21 06:58:37,55800.0,400.0,4916700.0
895,2021-10-21 06:58:26,55800.0,100.0,4916300.0
896,2021-10-21 06:58:26,55800.0,200.0,4916200.0
897,2021-10-21 06:58:26,55800.0,400.0,4916000.0
898,2021-10-21 06:58:26,55800.0,100.0,4915600.0
899,2021-10-21 06:58:26,55800.0,100.0,4915500.0
900,2021-10-21 06:58:26,55800.0,300.0,4915400.0
901,2021-10-21 06:58:26,55800.0,200.0,4915100.0
902,2021-10-21 06:58:26,55800.0,800.0,4914900.0
903,2021-10-21 06:58:26,55800.0,300.0,4914100.0
904,2021-10-21 06:58:26,55800.0,100.0,4913800.0
905,2021-10-21 06:58:26,55800.0,100.0,4913700.0
906,2021-10-21 06:58:26,55800.0,500.0,4913600.0
907,2021-10-21 06:58:26,55800.0,6800.0,4913100.0
908,2021-10-21 06:58:26,55800.0,200.0,4906300.0
909,2021-10-21 06:58:09,55800.0,500.0,4906100.0
910,2021-10-21 06:57:43,55800.0,200.0,4905600.0
911,2021-10-21 06:57:42,55700.0,3000.0,4905400.0
912,2021-10-21 06:57:25,55800.0,1000.0,4902400.0
913,2021-10-21 06:57:13,55800.0,200.0,4901400.0
914,2021-10-21 06:57:12,55800.0,100.0,4901200.0
915,2021-10-21 06:57:09,55800.0,200.0,4901100.0
916,2021-10-21 06:57:01,55800.0,1200.0,4900900.0
917,2021-10-21 06:56:57,55800.0,1600.0,4899700.0
918,2021-10-21 06:56:50,55800.0,200.0,4898100.0
919,2021-10-21 06:56:32,55800.0,5600.0,4897900.0
920,2021-10-21 06:56:25,55800.0,1900.0,4892300.0
921,2021-10-21 06:56:25,55800.0,100.0,4890400.0
922,2021-10-21 06:56:18,55800.0,1900.0,4890300.0
923,2021-10-21 06:56:18,55800.0,200.0,4888400.0
924,2021-10-21 06:56:18,55800.0,200.0,4888200.0
925,2021-10-21 06:56:18,55800.0,7700.0,4888000.0
926,2021-10-21 06:56:13,55800.0,3000.0,4880300.0
927,2021-10-21 06:56:13,55800.0,100.0,4877300.0
928,2021-10-21 06:56:12,55800.0,600.0,4877200.0
929,2021-10-21 06:56:02,55800.0,300.0,4876600.0
930,2021-10-21 06:56:01,55800.0,200.0,4876300.0
931,2021-10-21 06:56:01,55800.0,500.0,4876100.0
932,2021-10-21 06:56:01,55800.0,100.0,4875600.0
933,2021-10-21 06:56:01,55800.0,500.0,4875500.0
934,2021-10-21 06:56:01,55800.0,1000.0,4875000.0
935,2021-10-21 06:56:01,55800.0,1000.0,4874000.0
936,2021-10-21 06:56:01,55800.0,35000.0,4873000.0
937,2021-10-21 06:55:28,55800.0,100.0,4838000.0
938,2021-10-21 06:55:28,55800.0,200.0,4837900.0
939,2021-10-21 06:55:28,55800.0,5000.0,4837700.0
940,2021-10-21 06:55:28,55800.0,100.0,4832700.0
941,2021-10-21 06:55:28,55800.0,700.0,4832600.0
942,2021-10-21 06:55:28,55800.0,100.0,4831900.0
943,2021-10-21 06:55:28,55800.0,5000.0,4831800.0
944,2021-10-21 06:55:28,55800.0,100.0,4826800.0
945,2021-10-21 06:55:28,55800.0,300.0,4826700.0
946,2021-10-21 06:55:28,55800.0,800.0,4826400.0
947,2021-10-21 06:55:28,55800.0,5000.0,4825600.0
948,2021-10-21 06:55:28,55800.0,200.0,4820600.0
949,2021-10-21 06:55:28,55800.0,12500.0,4820400.0
950,2021-10-21 06:55:21,55700.0,100.0,4807900.0
951,2021-10-21 06:55:21,55800.0,7500.0,4807800.0
952,2021-10-21 06:55:21,55800.0,1000.0,4800300.0
953,2021-10-21 06:55:21,55800.0,200.0,4799300.0
954,2021-10-21 06:55:21,55800.0,100.0,4799100.0
955,2021-10-21 06:55:21,55800.0,1000.0,4799000.0
956,2021-10-21 06:55:21,55800.0,400.0,4798000.0
957,2021-10-21 06:55:21,55800.0,500.0,4797600.0
958,2021-10-21 06:55:21,55800.0,20000.0,4797100.0
959,2021-10-21 06:55:21,55800.0,100.0,4777100.0
960,2021-10-21 06:55:21,55800.0,100.0,4777000.0
961,2021-10-21 06:55:21,55800.0,100.0,4776900.0
962,2021-10-21 06:55:07,55700.0,900.0,4776800.0
963,2021-10-21 06:55:07,55700.0,300.0,4775900.0
964,2021-10-21 06:55:07,55700.0,200.0,4775600.0
965,2021-10-21 06:55:00,55700.0,1600.0,4775400.0
966,2021-10-21 06:54:38,55700.0,1000.0,4773800.0
967,2021-10-21 06:54:38,55700.0,1700.0,4772800.0
968,2021-10-21 06:54:38,55700.0,2500.0,4771100.0
969,2021-10-21 06:54:36,55700.0,2500.0,4768600.0
970,2021-10-21 06:54:34,55700.0,500.0,4766100.0
971,2021-10-21 06:54:28,55700.0,10000.0,4765600.0
972,2021-10-21 06:54:27,55700.0,100.0,4755600.0
973,2021-10-21 06:54:23,55700.0,100.0,4755500.0
974,2021-10-21 06:54:21,55700.0,100.0,4755400.0
975,2021-10-21 06:54:20,55700.0,6000.0,4755300.0
976,2021-10-21 06:54:05,55700.0,100.0,4749300.0
977,2021-10-21 06:54:05,55700.0,100.0,4749200.0
978,2021-10-21 06:54:05,55700.0,100.0,4749100.0
979,2021-10-21 06:54:05,55700.0,300.0,4749000.0
980,2021-10-21 06:54:05,55700.0,20000.0,4748700.0
981,2021-10-21 06:54:05,55700.0,500.0,4728700.0
982,2021-10-21 06:54:05,55700.0,200.0,4728200.0
983,2021-10-21 06:54:05,55700.0,500.0,4728000.0
984,2021-10-21 06:54:05,55700.0,100.0,4727500.0
985,2021-10-21 06:54:05,55700.0,6300.0,4727400.0
986,2021-10-21 06:53:30,55700.0,200.0,4721100.0
987,2021-10-21 06:53:22,55700.0,5500.0,4720900.0
988,2021-10-21 06:53:22,55700.0,500.0,4715400.0
989,2021-10-21 06:53:22,55700.0,100.0,4714900.0
990,2021-10-21 06:53:22,55700.0,100.0,4714800.0
991,2021-10-21 06:53:22,55700.0,2000.0,4714700.0
992,2021-10-21 06:53:22,55700.0,1800.0,4712700.0
993,2021-10-21 06:53:21,55700.0,100.0,4710900.0
994,2021-10-21 06:53:18,55700.0,5000.0,4710800.0
995,2021-10-21 06:53:14,55700.0,200.0,4705800.0
996,2021-10-21 06:53:05,55700.0,1000.0,4705600.0
997,2021-10-21 06:53:03,55700.0,900.0,4704600.0
998,2021-10-21 06:53:03,55700.0,200.0,4703700.0
999,2021-10-21 06:53:03,55700.0,200.0,4703500.0
1000,2021-10-21 06:53:02,55700.0,400.0,4703300.0
1001,2021-10-21 06:52:54,55700.0,10000.0,4702900.0
1002,2021-10-21 06:52:47,55700.0,100.0,4692900.0
1003,2021-10-21 06:52:39,55700.0,600.0,4692800.0
1004,2021-10-21 06:52:31,55700.0,100.0,4692200.0
1005,2021-10-21 06:52:31,55700.0,100.0,4692100.0
1006,2021-10-21 06:52:31,55700.0,500.0,4692000.0
1007,2021-10-21 06:52:31,55700.0,1000.0,4691500.0
1008,2021-10-21 06:52:31,55700.0,300.0,4690500.0
1009,2021-10-21 06:52:31,55700.0,300.0,4690200.0
1010,2021-10-21 06:52:31,55700.0,900.0,4689900.0
1011,2021-10-21 06:52:31,55700.0,100.0,4689000.0
1012,2021-10-21 06:52:31,55700.0,200.0,4688900.0
1013,2021-10-21 06:52:31,55700.0,600.0,4688700.0
1014,2021-10-21 06:52:31,55700.0,100.0,4688100.0
1015,2021-10-21 06:52:31,55700.0,200.0,4688000.0
1016,2021-10-21 06:52:31,55700.0,100.0,4687800.0
1017,2021-10-21 06:52:31,55700.0,200.0,4687700.0
1018,2021-10-21 06:52:31,55700.0,1000.0,4687500.0
1019,2021-10-21 06:52:31,55700.0,300.0,4686500.0
1020,2021-10-21 06:52:31,55700.0,3700.0,4686200.0
1021,2021-10-21 06:52:31,55700.0,100.0,4682500.0
1022,2021-10-21 06:52:31,55700.0,200.0,4682400.0
1023,2021-10-21 06:52:31,55700.0,200.0,4682200.0
1024,2021-10-21 06:52:31,55700.0,800.0,4682000.0
1025,2021-10-21 06:52:31,55700.0,200.0,4681200.0
1026,2021-10-21 06:52:31,55700.0,100.0,4681000.0
1027,2021-10-21 06:52:31,55700.0,100.0,4680900.0
1028,2021-10-21 06:52:31,55700.0,500.0,4680800.0
1029,2021-10-21 06:52:31,55700.0,100.0,4680300.0
1030,2021-10-21 06:52:31,55700.0,100.0,4680200.0
1031,2021-10-21 06:52:31,55700.0,800.0,4680100.0
1032,2021-10-21 06:52:31,55700.0,300.0,4679300.0
1033,2021-10-21 06:52:31,55700.0,200.0,4679000.0
1034,2021-10-21 06:52:31,55700.0,1700.0,4678800.0
1035,2021-10-21 06:52:31,55700.0,3000.0,4677100.0
1036,2021-10-21 06:52:31,55700.0,200.0,4674100.0
1037,2021-10-21 06:52:31,55700.0,200.0,4673900.0
1038,2021-10-21 06:52:31,55700.0,800.0,4673700.0
1039,2021-10-21 06:52:31,55700.0,100.0,4672900.0
1040,2021-10-21 06:52:31,55700.0,100.0,4672800.0
1041,2021-10-21 06:52:31,55700.0,70000.0,4672700.0
1042,2021-10-21 06:52:30,55600.0,100.0,4602700.0
1043,2021-10-21 06:52:03,55600.0,200.0,4602600.0
1044,2021-10-21 06:52:02,55700.0,100.0,4602400.0
1045,2021-10-21 06:51:52,55600.0,200.0,4602300.0
1046,2021-10-21 06:51:42,55700.0,200.0,4602100.0
1047,2021-10-21 06:51:42,55600.0,1500.0,4601900.0
1048,2021-10-21 06:51:42,55600.0,1600.0,4600400.0
1049,2021-10-21 06:51:29,55600.0,400.0,4598800.0
1050,2021-10-21 06:51:21,55600.0,200.0,4598400.0
1051,2021-10-21 06:51:21,55600.0,100.0,4598200.0
1052,2021-10-21 06:51:21,55600.0,100.0,4598100.0
1053,2021-10-21 06:51:21,55600.0,600.0,4598000.0
1054,2021-10-21 06:51:11,55600.0,400.0,4597400.0
1055,2021-10-21 06:51:11,55600.0,100.0,4597000.0
1056,2021-10-21 06:51:11,55600.0,500.0,4596900.0
1057,2021-10-21 06:51:00,55600.0,900.0,4596400.0
1058,2021-10-21 06:51:00,55600.0,300.0,4595500.0
1059,2021-10-21 06:51:00,55600.0,300.0,4595200.0
1060,2021-10-21 06:50:48,55600.0,2000.0,4594900.0
1061,2021-10-21 06:50:15,55700.0,100.0,4592900.0
1062,2021-10-21 06:50:05,55700.0,300.0,4592800.0
1063,2021-10-21 06:50:04,55600.0,1000.0,4592500.0
1064,2021-10-21 06:50:04,55600.0,300.0,4591500.0
1065,2021-10-21 06:50:04,55600.0,300.0,4591200.0
1066,2021-10-21 06:50:04,55600.0,1000.0,4590900.0
1067,2021-10-21 06:50:04,55600.0,1000.0,4589900.0
1068,2021-10-21 06:50:04,55600.0,200.0,4588900.0
1069,2021-10-21 06:50:04,55600.0,200.0,4588700.0
1070,2021-10-21 06:50:04,55600.0,100.0,4588500.0
1071,2021-10-21 06:50:04,55600.0,200.0,4588400.0
1072,2021-10-21 06:50:04,55600.0,100.0,4588200.0
1073,2021-10-21 06:50:04,55600.0,500.0,4588100.0
1074,2021-10-21 06:50:04,55600.0,100.0,4587600.0
1075,2021-10-21 06:49:58,55700.0,100.0,4587500.0
1076,2021-10-21 06:49:50,55700.0,200.0,4587400.0
1077,2021-10-21 06:49:44,55700.0,100.0,4587200.0
1078,2021-10-21 06:49:42,55700.0,700.0,4587100.0
1079,2021-10-21 06:49:36,55700.0,200.0,4586400.0
1080,2021-10-21 06:49:23,55700.0,500.0,4586200.0
1081,2021-10-21 06:49:23,55600.0,200.0,4585700.0
1082,2021-10-21 06:49:07,55700.0,1500.0,4585500.0
1083,2021-10-21 06:49:00,55700.0,1000.0,4584000.0
1084,2021-10-21 06:49:00,55700.0,100.0,4583000.0
1085,2021-10-21 06:48:46,55700.0,27700.0,4582900.0
1086,2021-10-21 06:48:05,55700.0,1000.0,4555200.0
1087,2021-10-21 06:48:01,55700.0,3500.0,4554200.0
1088,2021-10-21 06:47:49,55600.0,2000.0,4550700.0
1089,2021-10-21 06:47:35,55700.0,1000.0,4548700.0
1090,2021-10-21 06:46:54,55700.0,1300.0,4547700.0
1091,2021-10-21 06:46:53,55600.0,300.0,4546400.0
1092,2021-10-21 06:46:53,55600.0,200.0,4546100.0
1093,2021-10-21 06:46:53,55600.0,800.0,4545900.0
1094,2021-10-21 06:46:44,55600.0,100.0,4545100.0
1095,2021-10-21 06:46:37,55700.0,16300.0,4545000.0
1096,2021-10-21 06:46:25,55700.0,2000.0,4528700.0
1097,2021-10-21 06:46:21,55600.0,200.0,4526700.0
1098,2021-10-21 06:46:12,55600.0,300.0,4526500.0
1099,2021-10-21 06:45:29,55600.0,100.0,4526200.0
1100,2021-10-21 06:45:17,55600.0,100.0,4526100.0
1101,2021-10-21 06:45:16,55600.0,1000.0,4526000.0
1102,2021-10-21 06:45:15,55700.0,3000.0,4525000.0
1103,2021-10-21 06:45:15,55700.0,300.0,4522000.0
1104,2021-10-21 06:45:02,55700.0,300.0,4521700.0
1105,2021-10-21 06:44:37,55700.0,1000.0,4521400.0
1106,2021-10-21 06:44:18,55700.0,500.0,4520400.0
1107,2021-10-21 06:44:04,55700.0,8100.0,4519900.0
1108,2021-10-21 06:43:35,55700.0,200.0,4511800.0
1109,2021-10-21 06:43:02,55700.0,300.0,4511600.0
1110,2021-10-21 06:42:50,55600.0,5000.0,4511300.0
1111,2021-10-21 06:42:46,55600.0,200.0,4506300.0
1112,2021-10-21 06:42:46,55600.0,700.0,4506100.0
1113,2021-10-21 06:42:46,55600.0,200.0,4505400.0
1114,2021-10-21 06:42:28,55600.0,3500.0,4505200.0
1115,2021-10-21 06:42:28,55600.0,100.0,4501700.0
1116,2021-10-21 06:42:28,55600.0,1400.0,4501600.0
1117,2021-10-21 06:42:23,55600.0,600.0,4500200.0
1118,2021-10-21 06:42:23,55600.0,2100.0,4499600.0
1119,2021-10-21 06:42:16,55700.0,100.0,4497500.0
1120,2021-10-21 06:42:00,55700.0,400.0,4497400.0
1121,2021-10-21 06:41:58,55700.0,100.0,4497000.0
1122,2021-10-21 06:41:57,55700.0,100.0,4496900.0
1123,2021-10-21 06:41:57,55700.0,100.0,4496800.0
1124,2021-10-21 06:41:57,55700.0,100.0,4496700.0
1125,2021-10-21 06:41:53,55600.0,300.0,4496600.0
1126,2021-10-21 06:41:51,55600.0,100.0,4496300.0
1127,2021-10-21 06:41:46,55700.0,100.0,4496200.0
1128,2021-10-21 06:41:37,55600.0,100.0,4496100.0
1129,2021-10-21 06:41:35,55700.0,200.0,4496000.0
1130,2021-10-21 06:41:26,55700.0,100.0,4495800.0
1131,2021-10-21 06:41:08,55700.0,200.0,4495700.0
1132,2021-10-21 06:40:57,55600.0,100.0,4495500.0
1133,2021-10-21 06:40:13,55700.0,200.0,4495400.0
1134,2021-10-21 06:40:06,55700.0,300.0,4495200.0
1135,2021-10-21 06:40:01,55700.0,1000.0,4494900.0
1136,2021-10-21 06:39:44,55600.0,300.0,4493900.0
1137,2021-10-21 06:39:44,55600.0,200.0,4493600.0
1138,2021-10-21 06:39:44,55600.0,200.0,4493400.0
1139,2021-10-21 06:39:44,55600.0,100.0,4493200.0
1140,2021-10-21 06:39:44,55600.0,200.0,4493100.0
1141,2021-10-21 06:39:32,55600.0,100.0,4492900.0
1142,2021-10-21 06:39:32,55600.0,100.0,4492800.0
1143,2021-10-21 06:39:00,55700.0,100.0,4492700.0
1144,2021-10-21 06:39:00,55700.0,1900.0,4492600.0
1145,2021-10-21 06:38:57,55700.0,200.0,4490700.0
1146,2021-10-21 06:38:25,55700.0,2000.0,4490500.0
1147,2021-10-21 06:38:00,55700.0,100.0,4488500.0
1148,2021-10-21 06:37:55,55700.0,100.0,4488400.0
1149,2021-10-21 06:37:50,55700.0,300.0,4488300.0
1150,2021-10-21 06:37:50,55700.0,400.0,4488000.0
1151,2021-10-21 06:37:50,55700.0,200.0,4487600.0
1152,2021-10-21 06:37:50,55700.0,700.0,4487400.0
1153,2021-10-21 06:37:50,55700.0,200.0,4486700.0
1154,2021-10-21 06:37:50,55700.0,300.0,4486500.0
1155,2021-10-21 06:37:50,55700.0,200.0,4486200.0
1156,2021-10-21 06:37:48,55600.0,100.0,4486000.0
1157,2021-10-21 06:37:48,55600.0,200.0,4485900.0
1158,2021-10-21 06:37:48,55600.0,700.0,4485700.0
1159,2021-10-21 06:37:48,55600.0,200.0,4485000.0
1160,2021-10-21 06:37:48,55600.0,500.0,4484800.0
1161,2021-10-21 06:37:48,55600.0,200.0,4484300.0
1162,2021-10-21 06:37:48,55600.0,400.0,4484100.0
1163,2021-10-21 06:37:36,55700.0,500.0,4483700.0
1164,2021-10-21 06:37:35,55700.0,100.0,4483200.0
1165,2021-10-21 06:37:18,55700.0,1100.0,4483100.0
1166,2021-10-21 06:37:17,55700.0,4000.0,4482000.0
1167,2021-10-21 06:37:16,55700.0,100.0,4478000.0
1168,2021-10-21 06:37:14,55700.0,800.0,4477900.0
1169,2021-10-21 06:37:13,55700.0,300.0,4477100.0
1170,2021-10-21 06:37:08,55700.0,100.0,4476800.0
1171,2021-10-21 06:36:58,55700.0,100.0,4476700.0
1172,2021-10-21 06:36:52,55600.0,100.0,4476600.0
1173,2021-10-21 06:36:52,55600.0,100.0,4476500.0
1174,2021-10-21 06:36:50,55700.0,200.0,4476400.0
1175,2021-10-21 06:36:49,55700.0,5000.0,4476200.0
1176,2021-10-21 06:36:47,55700.0,1500.0,4471200.0
1177,2021-10-21 06:36:29,55700.0,100.0,4469700.0
1178,2021-10-21 06:36:28,55700.0,2000.0,4469600.0
1179,2021-10-21 06:36:26,55700.0,400.0,4467600.0
1180,2021-10-21 06:36:24,55700.0,500.0,4467200.0
1181,2021-10-21 06:36:24,55700.0,100.0,4466700.0
1182,2021-10-21 06:36:24,55700.0,300.0,4466600.0
1183,2021-10-21 06:36:24,55700.0,200.0,4466300.0
1184,2021-10-21 06:36:24,55700.0,400.0,4466100.0
1185,2021-10-21 06:36:24,55700.0,300.0,4465700.0
1186,2021-10-21 06:36:24,55700.0,900.0,4465400.0
1187,2021-10-21 06:36:24,55700.0,4500.0,4464500.0
1188,2021-10-21 06:36:24,55700.0,500.0,4460000.0
1189,2021-10-21 06:36:24,55700.0,500.0,4459500.0
1190,2021-10-21 06:36:24,55700.0,100.0,4459000.0
1191,2021-10-21 06:36:24,55700.0,1000.0,4458900.0
1192,2021-10-21 06:36:24,55700.0,1000.0,4457900.0
1193,2021-10-21 06:36:24,55700.0,200.0,4456900.0
1194,2021-10-21 06:36:24,55700.0,4700.0,4456700.0
1195,2021-10-21 06:36:24,55700.0,2000.0,4452000.0
1196,2021-10-21 06:36:24,55700.0,400.0,4450000.0
1197,2021-10-21 06:36:24,55700.0,300.0,4449600.0
1198,2021-10-21 06:36:24,55700.0,200.0,4449300.0
1199,2021-10-21 06:36:24,55700.0,1000.0,4449100.0
1200,2021-10-21 06:36:24,55700.0,500.0,4448100.0
1201,2021-10-21 06:36:24,55700.0,2000.0,4447600.0
1202,2021-10-21 06:36:24,55700.0,500.0,4445600.0
1203,2021-10-21 06:36:24,55700.0,10000.0,4445100.0
1204,2021-10-21 06:36:24,55700.0,200.0,4435100.0
1205,2021-10-21 06:36:24,55700.0,100.0,4434900.0
1206,2021-10-21 06:36:24,55700.0,1000.0,4434800.0
1207,2021-10-21 06:36:24,55700.0,100.0,4433800.0
1208,2021-10-21 06:35:48,55700.0,200.0,4433700.0
1209,2021-10-21 06:35:48,55700.0,100.0,4433500.0
1210,2021-10-21 06:35:48,55700.0,1000.0,4433400.0
1211,2021-10-21 06:35:48,55700.0,100.0,4432400.0
1212,2021-10-21 06:35:48,55700.0,200.0,4432300.0
1213,2021-10-21 06:35:48,55700.0,200.0,4432100.0
1214,2021-10-21 06:35:48,55700.0,100.0,4431900.0
1215,2021-10-21 06:35:48,55700.0,100.0,4431800.0
1216,2021-10-21 06:35:48,55700.0,1000.0,4431700.0
1217,2021-10-21 06:35:48,55700.0,500.0,4430700.0
1218,2021-10-21 06:35:48,55700.0,200.0,4430200.0
1219,2021-10-21 06:35:48,55700.0,16300.0,4430000.0
1220,2021-10-21 06:35:38,55700.0,200.0,4413700.0
1221,2021-10-21 06:35:35,55700.0,1000.0,4413500.0
1222,2021-10-21 06:35:24,55700.0,200.0,4412500.0
1223,2021-10-21 06:35:19,55700.0,500.0,4412300.0
1224,2021-10-21 06:35:11,55700.0,1800.0,4411800.0
1225,2021-10-21 06:35:11,55700.0,3900.0,4410000.0
1226,2021-10-21 06:35:11,55700.0,1000.0,4406100.0
1227,2021-10-21 06:35:11,55700.0,500.0,4405100.0
1228,2021-10-21 06:35:11,55700.0,100.0,4404600.0
1229,2021-10-21 06:35:11,55700.0,500.0,4404500.0
1230,2021-10-21 06:35:11,55700.0,500.0,4404000.0
1231,2021-10-21 06:35:11,55700.0,300.0,4403500.0
1232,2021-10-21 06:35:11,55700.0,200.0,4403200.0
1233,2021-10-21 06:35:11,55700.0,3000.0,4403000.0
1234,2021-10-21 06:35:11,55700.0,300.0,4400000.0
1235,2021-10-21 06:35:11,55700.0,500.0,4399700.0
1236,2021-10-21 06:35:11,55700.0,500.0,4399200.0
1237,2021-10-21 06:35:11,55700.0,26900.0,4398700.0
1238,2021-10-21 06:35:11,55700.0,3000.0,4371800.0
1239,2021-10-21 06:35:11,55700.0,2000.0,4368800.0
1240,2021-10-21 06:35:11,55700.0,100.0,4366800.0
1241,2021-10-21 06:35:11,55700.0,100.0,4366700.0
1242,2021-10-21 06:35:11,55700.0,200.0,4366600.0
1243,2021-10-21 06:35:11,55700.0,1000.0,4366400.0
1244,2021-10-21 06:35:11,55700.0,200.0,4365400.0
1245,2021-10-21 06:35:11,55700.0,3400.0,4365200.0
1246,2021-10-21 06:34:53,55800.0,500.0,4361800.0
1247,2021-10-21 06:34:51,55800.0,100.0,4361300.0
1248,2021-10-21 06:34:50,55800.0,2100.0,4361200.0
1249,2021-10-21 06:34:42,55800.0,1500.0,4359100.0
1250,2021-10-21 06:34:35,55800.0,1000.0,4357600.0
1251,2021-10-21 06:34:18,55800.0,2000.0,4356600.0
1252,2021-10-21 06:34:13,55700.0,500.0,4354600.0
1253,2021-10-21 06:34:02,55800.0,1000.0,4354100.0
1254,2021-10-21 06:33:54,55800.0,1000.0,4353100.0
1255,2021-10-21 06:33:49,55800.0,500.0,4352100.0
1256,2021-10-21 06:33:27,55800.0,4000.0,4351600.0
1257,2021-10-21 06:33:07,55800.0,1000.0,4347600.0
1258,2021-10-21 06:33:01,55800.0,100.0,4346600.0
1259,2021-10-21 06:32:53,55700.0,200.0,4346500.0
1260,2021-10-21 06:32:46,55700.0,500.0,4346300.0
1261,2021-10-21 06:32:27,55800.0,100.0,4345800.0
1262,2021-10-21 06:32:25,55700.0,2900.0,4345700.0
1263,2021-10-21 06:31:53,55700.0,100.0,4342800.0
1264,2021-10-21 06:31:42,55800.0,4000.0,4342700.0
1265,2021-10-21 06:31:39,55800.0,300.0,4338700.0
1266,2021-10-21 06:31:38,55800.0,900.0,4338400.0
1267,2021-10-21 06:31:19,55800.0,300.0,4337500.0
1268,2021-10-21 06:31:15,55700.0,1800.0,4337200.0
1269,2021-10-21 06:31:14,55700.0,600.0,4335400.0
1270,2021-10-21 06:31:14,55700.0,200.0,4334800.0
1271,2021-10-21 06:31:14,55700.0,100.0,4334600.0
1272,2021-10-21 06:31:14,55700.0,100.0,4334500.0
1273,2021-10-21 06:30:52,55700.0,100.0,4334400.0
1274,2021-10-21 06:30:49,55800.0,50000.0,4334300.0
1275,2021-10-21 06:30:18,55800.0,1000.0,4284300.0
1276,2021-10-21 06:30:18,55700.0,400.0,4283300.0
1277,2021-10-21 06:30:18,55700.0,1000.0,4282900.0
1278,2021-10-21 06:30:18,55700.0,2000.0,4281900.0
1279,2021-10-21 06:30:18,55700.0,5500.0,4279900.0
1280,2021-10-21 06:30:18,55700.0,200.0,4274400.0
1281,2021-10-21 06:30:18,55700.0,100.0,4274200.0
1282,2021-10-21 06:30:18,55700.0,200.0,4274100.0
1283,2021-10-21 06:30:18,55700.0,100.0,4273900.0
1284,2021-10-21 06:30:18,55700.0,1300.0,4273800.0
1285,2021-10-21 06:30:18,55700.0,1000.0,4272500.0
1286,2021-10-21 06:30:18,55700.0,1000.0,4271500.0
1287,2021-10-21 06:30:18,55700.0,100.0,4270500.0
1288,2021-10-21 06:30:18,55700.0,1000.0,4270400.0
1289,2021-10-21 06:30:18,55700.0,100.0,4269400.0
1290,2021-10-21 06:30:18,55700.0,100.0,4269300.0
1291,2021-10-21 06:30:18,55700.0,200.0,4269200.0
1292,2021-10-21 06:30:18,55700.0,700.0,4269000.0
1293,2021-10-21 06:30:03,55700.0,100.0,4268300.0
1294,2021-10-21 06:29:59,55800.0,100.0,4268200.0
1295,2021-10-21 06:29:54,55800.0,700.0,4268100.0
1296,2021-10-21 06:29:34,55800.0,200.0,4267400.0
1297,2021-10-21 06:29:34,55800.0,200.0,4267200.0
1298,2021-10-21 06:29:34,55800.0,300.0,4267000.0
1299,2021-10-21 06:29:34,55800.0,100.0,4266700.0
1300,2021-10-21 06:29:34,55800.0,100.0,4266600.0
1301,2021-10-21 06:29:34,55800.0,1200.0,4266500.0
1302,2021-10-21 06:29:34,55800.0,200.0,4265300.0
1303,2021-10-21 06:29:34,55800.0,4500.0,4265100.0
1304,2021-10-21 06:29:29,55800.0,3800.0,4260600.0
1305,2021-10-21 06:29:29,55800.0,800.0,4256800.0
1306,2021-10-21 06:29:29,55800.0,100.0,4256000.0
1307,2021-10-21 06:29:29,55800.0,300.0,4255900.0
1308,2021-10-21 06:29:29,55800.0,1000.0,4255600.0
1309,2021-10-21 06:29:29,55800.0,200.0,4254600.0
1310,2021-10-21 06:29:29,55800.0,3800.0,4254400.0
1311,2021-10-21 06:28:53,55800.0,100.0,4250600.0
1312,2021-10-21 06:28:38,55800.0,700.0,4250500.0
1313,2021-10-21 06:28:22,55800.0,200.0,4249800.0
1314,2021-10-21 06:28:22,55800.0,200.0,4249600.0
1315,2021-10-21 06:28:22,55800.0,800.0,4249400.0
1316,2021-10-21 06:28:11,55800.0,5000.0,4248600.0
1317,2021-10-21 06:28:11,55800.0,300.0,4243600.0
1318,2021-10-21 06:28:08,55800.0,4700.0,4243300.0
1319,2021-10-21 06:28:08,55800.0,500.0,4238600.0
1320,2021-10-21 06:28:08,55800.0,2000.0,4238100.0
1321,2021-10-21 06:28:08,55800.0,1000.0,4236100.0
1322,2021-10-21 06:28:08,55800.0,1300.0,4235100.0
1323,2021-10-21 06:28:08,55800.0,200.0,4233800.0
1324,2021-10-21 06:28:08,55800.0,10300.0,4233600.0
1325,2021-10-21 06:28:00,55800.0,1000.0,4223300.0
1326,2021-10-21 06:27:33,55800.0,600.0,4222300.0
1327,2021-10-21 06:27:31,55800.0,1000.0,4221700.0
1328,2021-10-21 06:27:17,55800.0,200.0,4220700.0
1329,2021-10-21 06:27:17,55800.0,100.0,4220500.0
1330,2021-10-21 06:27:17,55800.0,200.0,4220400.0
1331,2021-10-21 06:27:17,55800.0,300.0,4220200.0
1332,2021-10-21 06:27:17,55800.0,800.0,4219900.0
1333,2021-10-21 06:27:17,55800.0,1000.0,4219100.0
1334,2021-10-21 06:27:17,55800.0,100.0,4218100.0
1335,2021-10-21 06:27:17,55800.0,500.0,4218000.0
1336,2021-10-21 06:27:17,55800.0,1000.0,4217500.0
1337,2021-10-21 06:27:17,55800.0,100.0,4216500.0
1338,2021-10-21 06:27:11,55800.0,700.0,4216400.0
1339,2021-10-21 06:27:08,55800.0,200.0,4215700.0
1340,2021-10-21 06:27:08,55800.0,500.0,4215500.0
1341,2021-10-21 06:27:08,55800.0,1000.0,4215000.0
1342,2021-10-21 06:27:08,55800.0,3300.0,4214000.0
1343,2021-10-21 06:26:58,55800.0,200.0,4210700.0
1344,2021-10-21 06:26:55,55800.0,1000.0,4210500.0
1345,2021-10-21 06:26:55,55800.0,400.0,4209500.0
1346,2021-10-21 06:26:53,55800.0,5100.0,4209100.0
1347,2021-10-21 06:26:53,55800.0,500.0,4204000.0
1348,2021-10-21 06:26:53,55800.0,1000.0,4203500.0
1349,2021-10-21 06:26:53,55800.0,100.0,4202500.0
1350,2021-10-21 06:26:52,55700.0,3300.0,4202400.0
1351,2021-10-21 06:26:52,55700.0,300.0,4199100.0
1352,2021-10-21 06:26:52,55700.0,200.0,4198800.0
1353,2021-10-21 06:26:52,55700.0,100.0,4198600.0
1354,2021-10-21 06:26:52,55700.0,100.0,4198500.0
1355,2021-10-21 06:26:52,55700.0,100.0,4198400.0
1356,2021-10-21 06:26:52,55700.0,300.0,4198300.0
1357,2021-10-21 06:26:52,55700.0,1200.0,4198000.0
1358,2021-10-21 06:26:52,55700.0,100.0,4196800.0
1359,2021-10-21 06:26:52,55700.0,5000.0,4196700.0
1360,2021-10-21 06:26:52,55700.0,300.0,4191700.0
1361,2021-10-21 06:26:52,55700.0,700.0,4191400.0
1362,2021-10-21 06:26:52,55700.0,3000.0,4190700.0
1363,2021-10-21 06:26:52,55700.0,5000.0,4187700.0
1364,2021-10-21 06:26:52,55700.0,300.0,4182700.0
1365,2021-10-21 06:26:48,55800.0,100.0,4182400.0
1366,2021-10-21 06:26:48,55800.0,100.0,4182300.0
1367,2021-10-21 06:26:48,55800.0,200.0,4182200.0
1368,2021-10-21 06:26:48,55800.0,300.0,4182000.0
1369,2021-10-21 06:26:48,55800.0,400.0,4181700.0
1370,2021-10-21 06:26:41,55800.0,500.0,4181300.0
1371,2021-10-21 06:26:35,55800.0,1000.0,4180800.0
1372,2021-10-21 06:26:35,55800.0,500.0,4179800.0
1373,2021-10-21 06:26:35,55800.0,500.0,4179300.0
1374,2021-10-21 06:26:35,55800.0,500.0,4178800.0
1375,2021-10-21 06:26:35,55800.0,500.0,4178300.0
1376,2021-10-21 06:26:28,55800.0,1000.0,4177800.0
1377,2021-10-21 06:26:27,55800.0,800.0,4176800.0
1378,2021-10-21 06:26:25,55800.0,100.0,4176000.0
1379,2021-10-21 06:26:25,55800.0,100.0,4175900.0
1380,2021-10-21 06:26:04,55800.0,1500.0,4175800.0
1381,2021-10-21 06:26:04,55800.0,5000.0,4174300.0
1382,2021-10-21 06:26:04,55800.0,1000.0,4169300.0
1383,2021-10-21 06:26:04,55800.0,1000.0,4168300.0
1384,2021-10-21 06:26:04,55800.0,200.0,4167300.0
1385,2021-10-21 06:26:04,55800.0,500.0,4167100.0
1386,2021-10-21 06:26:04,55800.0,500.0,4166600.0
1387,2021-10-21 06:26:04,55800.0,500.0,4166100.0
1388,2021-10-21 06:26:04,55800.0,900.0,4165600.0
1389,2021-10-21 06:26:04,55800.0,200.0,4164700.0
1390,2021-10-21 06:26:04,55800.0,200.0,4164500.0
1391,2021-10-21 06:26:04,55800.0,5000.0,4164300.0
1392,2021-10-21 06:26:04,55800.0,500.0,4159300.0
1393,2021-10-21 06:26:04,55800.0,5000.0,4158800.0
1394,2021-10-21 06:26:04,55800.0,100.0,4153800.0
1395,2021-10-21 06:26:04,55800.0,500.0,4153700.0
1396,2021-10-21 06:26:04,55800.0,800.0,4153200.0
1397,2021-10-21 06:26:04,55800.0,600.0,4152400.0
1398,2021-10-21 06:26:04,55800.0,500.0,4151800.0
1399,2021-10-21 06:26:04,55800.0,500.0,4151300.0
1400,2021-10-21 06:26:04,55800.0,300.0,4150800.0
1401,2021-10-21 06:26:04,55800.0,100.0,4150500.0
1402,2021-10-21 06:26:04,55800.0,500.0,4150400.0
1403,2021-10-21 06:26:04,55800.0,100.0,4149900.0
1404,2021-10-21 06:26:04,55800.0,200.0,4149800.0
1405,2021-10-21 06:26:04,55800.0,1100.0,4149600.0
1406,2021-10-21 06:26:04,55800.0,1000.0,4148500.0
1407,2021-10-21 06:26:04,55800.0,200.0,4147500.0
1408,2021-10-21 06:26:04,55800.0,2000.0,4147300.0
1409,2021-10-21 06:26:04,55800.0,300.0,4145300.0
1410,2021-10-21 06:26:04,55800.0,100.0,4145000.0
1411,2021-10-21 06:26:04,55800.0,1800.0,4144900.0
1412,2021-10-21 06:26:04,55800.0,500.0,4143100.0
1413,2021-10-21 06:26:04,55800.0,100.0,4142600.0
1414,2021-10-21 06:26:04,55800.0,2500.0,4142500.0
1415,2021-10-21 06:26:04,55800.0,6900.0,4140000.0
1416,2021-10-21 06:26:04,55800.0,100.0,4133100.0
1417,2021-10-21 06:26:04,55800.0,2000.0,4133000.0
1418,2021-10-21 06:26:04,55800.0,500.0,4131000.0
1419,2021-10-21 06:26:04,55800.0,500.0,4130500.0
1420,2021-10-21 06:26:04,55800.0,300.0,4130000.0
1421,2021-10-21 06:26:04,55800.0,500.0,4129700.0
1422,2021-10-21 06:26:04,55800.0,500.0,4129200.0
1423,2021-10-21 06:26:04,55800.0,200.0,4128700.0
1424,2021-10-21 06:26:04,55800.0,2700.0,4128500.0
1425,2021-10-21 06:26:03,55800.0,2300.0,4125800.0
1426,2021-10-21 06:26:03,55800.0,1000.0,4123500.0
1427,2021-10-21 06:26:03,55800.0,100.0,4122500.0
1428,2021-10-21 06:26:03,55800.0,1000.0,4122400.0
1429,2021-10-21 06:25:44,55800.0,200.0,4121400.0
1430,2021-10-21 06:25:12,55700.0,100.0,4121200.0
1431,2021-10-21 06:25:04,55800.0,1000.0,4121100.0
1432,2021-10-21 06:24:59,55800.0,200.0,4120100.0
1433,2021-10-21 06:24:43,55800.0,2000.0,4119900.0
1434,2021-10-21 06:24:38,55700.0,100.0,4117900.0
1435,2021-10-21 06:24:38,55700.0,100.0,4117800.0
1436,2021-10-21 06:24:24,55700.0,1600.0,4117700.0
1437,2021-10-21 06:24:24,55700.0,300.0,4116100.0
1438,2021-10-21 06:24:24,55700.0,100.0,4115800.0
1439,2021-10-21 06:24:17,55800.0,1300.0,4115700.0
1440,2021-10-21 06:24:15,55700.0,300.0,4114400.0
1441,2021-10-21 06:24:15,55700.0,100.0,4114100.0
1442,2021-10-21 06:24:15,55700.0,100.0,4114000.0
1443,2021-10-21 06:24:15,55700.0,100.0,4113900.0
1444,2021-10-21 06:24:15,55700.0,100.0,4113800.0
1445,2021-10-21 06:24:15,55700.0,400.0,4113700.0
1446,2021-10-21 06:24:15,55700.0,200.0,4113300.0
1447,2021-10-21 06:24:15,55700.0,100.0,4113100.0
1448,2021-10-21 06:24:07,55700.0,400.0,4113000.0
1449,2021-10-21 06:24:07,55700.0,500.0,4112600.0
1450,2021-10-21 06:24:07,55700.0,400.0,4112100.0
1451,2021-10-21 06:24:07,55700.0,500.0,4111700.0
1452,2021-10-21 06:24:07,55700.0,300.0,4111200.0
1453,2021-10-21 06:24:07,55700.0,700.0,4110900.0
1454,2021-10-21 06:24:07,55700.0,1900.0,4110200.0
1455,2021-10-21 06:24:07,55700.0,400.0,4108300.0
1456,2021-10-21 06:24:07,55700.0,500.0,4107900.0
1457,2021-10-21 06:24:04,55800.0,700.0,4107400.0
1458,2021-10-21 06:24:02,55800.0,300.0,4106700.0
1459,2021-10-21 06:23:55,55800.0,1000.0,4106400.0
1460,2021-10-21 06:23:53,55800.0,1400.0,4105400.0
1461,2021-10-21 06:22:31,55800.0,2000.0,4104000.0
1462,2021-10-21 06:22:21,55800.0,400.0,4102000.0
1463,2021-10-21 06:22:16,55800.0,600.0,4101600.0
1464,2021-10-21 06:21:54,55800.0,2000.0,4101000.0
1465,2021-10-21 06:21:44,55800.0,700.0,4099000.0
1466,2021-10-21 06:21:31,55800.0,500.0,4098300.0
1467,2021-10-21 06:21:30,55800.0,5000.0,4097800.0
1468,2021-10-21 06:21:29,55800.0,1600.0,4092800.0
1469,2021-10-21 06:21:14,55800.0,300.0,4091200.0
1470,2021-10-21 06:21:07,55800.0,300.0,4090900.0
1471,2021-10-21 06:21:01,55800.0,200.0,4090600.0
1472,2021-10-21 06:20:51,55700.0,100.0,4090400.0
1473,2021-10-21 06:20:51,55700.0,500.0,4090300.0
1474,2021-10-21 06:20:51,55700.0,600.0,4089800.0
1475,2021-10-21 06:20:51,55700.0,300.0,4089200.0
1476,2021-10-21 06:20:51,55700.0,200.0,4088900.0
1477,2021-10-21 06:20:35,55800.0,500.0,4088700.0
1478,2021-10-21 06:20:34,55800.0,9000.0,4088200.0
1479,2021-10-21 06:20:27,55800.0,100.0,4079200.0
1480,2021-10-21 06:20:14,55800.0,200.0,4079100.0
1481,2021-10-21 06:20:10,55700.0,900.0,4078900.0
1482,2021-10-21 06:20:09,55700.0,200.0,4078000.0
1483,2021-10-21 06:20:09,55700.0,300.0,4077800.0
1484,2021-10-21 06:20:00,55700.0,200.0,4077500.0
1485,2021-10-21 06:20:00,55700.0,100.0,4077300.0
1486,2021-10-21 06:19:55,55700.0,100.0,4077200.0
1487,2021-10-21 06:19:49,55700.0,100.0,4077100.0
1488,2021-10-21 06:19:49,55700.0,400.0,4077000.0
1489,2021-10-21 06:19:40,55700.0,600.0,4076600.0
1490,2021-10-21 06:19:40,55700.0,500.0,4076000.0
1491,2021-10-21 06:19:34,55700.0,200.0,4075500.0
1492,2021-10-21 06:19:18,55700.0,1300.0,4075300.0
1493,2021-10-21 06:19:18,55700.0,100.0,4074000.0
1494,2021-10-21 06:19:18,55700.0,100.0,4073900.0
1495,2021-10-21 06:19:18,55700.0,900.0,4073800.0
1496,2021-10-21 06:19:18,55700.0,200.0,4072900.0
1497,2021-10-21 06:19:18,55700.0,2400.0,4072700.0
1498,2021-10-21 06:18:36,55700.0,300.0,4070300.0
1499,2021-10-21 06:17:41,55800.0,100.0,4070000.0
1500,2021-10-21 06:17:33,55700.0,200.0,4069900.0
1501,2021-10-21 06:17:27,55700.0,100.0,4069700.0
1502,2021-10-21 06:17:12,55700.0,4000.0,4069600.0
1503,2021-10-21 06:16:51,55700.0,100.0,4065600.0
1504,2021-10-21 06:16:50,55700.0,500.0,4065500.0
1505,2021-10-21 06:16:50,55700.0,3000.0,4065000.0
1506,2021-10-21 06:16:50,55700.0,400.0,4062000.0
1507,2021-10-21 06:16:39,55700.0,300.0,4061600.0
1508,2021-10-21 06:16:39,55700.0,300.0,4061300.0
1509,2021-10-21 06:16:38,55700.0,200.0,4061000.0
1510,2021-10-21 06:16:38,55700.0,100.0,4060800.0
1511,2021-10-21 06:16:38,55700.0,500.0,4060700.0
1512,2021-10-21 06:16:38,55700.0,100.0,4060200.0
1513,2021-10-21 06:16:38,55700.0,100.0,4060100.0
1514,2021-10-21 06:16:24,55700.0,500.0,4060000.0
1515,2021-10-21 06:16:24,55700.0,100.0,4059500.0
1516,2021-10-21 06:16:24,55700.0,100.0,4059400.0
1517,2021-10-21 06:16:24,55700.0,200.0,4059300.0
1518,2021-10-21 06:16:23,55700.0,100.0,4059100.0
1519,2021-10-21 06:16:23,55700.0,300.0,4059000.0
1520,2021-10-21 06:16:23,55700.0,100.0,4058700.0
1521,2021-10-21 06:16:22,55600.0,500.0,4058600.0
1522,2021-10-21 06:16:21,55600.0,300.0,4058100.0
1523,2021-10-21 06:16:19,55700.0,800.0,4057800.0
1524,2021-10-21 06:16:19,55700.0,800.0,4057000.0
1525,2021-10-21 06:16:19,55700.0,100.0,4056200.0
1526,2021-10-21 06:16:19,55700.0,100.0,4056100.0
1527,2021-10-21 06:16:19,55700.0,200.0,4056000.0
1528,2021-10-21 06:16:19,55700.0,300.0,4055800.0
1529,2021-10-21 06:16:19,55700.0,1000.0,4055500.0
1530,2021-10-21 06:16:19,55700.0,1000.0,4054500.0
1531,2021-10-21 06:16:19,55700.0,500.0,4053500.0
1532,2021-10-21 06:16:19,55700.0,300.0,4053000.0
1533,2021-10-21 06:16:19,55700.0,500.0,4052700.0
1534,2021-10-21 06:16:19,55700.0,100.0,4052200.0
1535,2021-10-21 06:16:19,55700.0,300.0,4052100.0
1536,2021-10-21 06:16:14,55700.0,200.0,4051800.0
1537,2021-10-21 06:16:14,55700.0,100.0,4051600.0
1538,2021-10-21 06:16:13,55700.0,1900.0,4051500.0
1539,2021-10-21 06:16:13,55700.0,200.0,4049600.0
1540,2021-10-21 06:16:13,55700.0,200.0,4049400.0
1541,2021-10-21 06:16:13,55700.0,900.0,4049200.0
1542,2021-10-21 06:16:13,55700.0,1800.0,4048300.0
1543,2021-10-21 06:16:12,55700.0,500.0,4046500.0
1544,2021-10-21 06:16:05,55700.0,2700.0,4046000.0
1545,2021-10-21 06:16:05,55700.0,100.0,4043300.0
1546,2021-10-21 06:16:05,55700.0,100.0,4043200.0
1547,2021-10-21 06:16:05,55700.0,1000.0,4043100.0
1548,2021-10-21 06:16:00,55700.0,600.0,4042100.0
1549,2021-10-21 06:15:56,55700.0,800.0,4041500.0
1550,2021-10-21 06:15:52,55700.0,2600.0,4040700.0
1551,2021-10-21 06:15:52,55700.0,2000.0,4038100.0
1552,2021-10-21 06:15:52,55700.0,400.0,4036100.0
1553,2021-10-21 06:15:37,55700.0,1600.0,4035700.0
1554,2021-10-21 06:15:37,55700.0,100.0,4034100.0
1555,2021-10-21 06:15:37,55700.0,1500.0,4034000.0
1556,2021-10-21 06:15:36,55700.0,100.0,4032500.0
1557,2021-10-21 06:15:21,55700.0,100.0,4032400.0
1558,2021-10-21 06:15:18,55700.0,1300.0,4032300.0
1559,2021-10-21 06:15:18,55700.0,1200.0,4031000.0
1560,2021-10-21 06:15:07,55600.0,100.0,4029800.0
1561,2021-10-21 06:15:01,55700.0,100.0,4029700.0
1562,2021-10-21 06:15:01,55700.0,200.0,4029600.0
1563,2021-10-21 06:15:01,55700.0,100.0,4029400.0
1564,2021-10-21 06:15:01,55700.0,300.0,4029300.0
1565,2021-10-21 06:14:50,55700.0,6700.0,4029000.0
1566,2021-10-21 06:14:50,55700.0,500.0,4022300.0
1567,2021-10-21 06:14:50,55700.0,100.0,4021800.0
1568,2021-10-21 06:14:50,55700.0,1000.0,4021700.0
1569,2021-10-21 06:14:50,55700.0,500.0,4020700.0
1570,2021-10-21 06:14:50,55700.0,300.0,4020200.0
1571,2021-10-21 06:14:50,55700.0,900.0,4019900.0
1572,2021-10-21 06:14:50,55700.0,200.0,4019000.0
1573,2021-10-21 06:14:50,55700.0,100.0,4018800.0
1574,2021-10-21 06:14:50,55700.0,200.0,4018700.0
1575,2021-10-21 06:14:50,55700.0,500.0,4018500.0
1576,2021-10-21 06:14:50,55700.0,1000.0,4018000.0
1577,2021-10-21 06:14:50,55700.0,5000.0,4017000.0
1578,2021-10-21 06:14:50,55700.0,100.0,4012000.0
1579,2021-10-21 06:14:50,55700.0,100.0,4011900.0
1580,2021-10-21 06:14:50,55700.0,500.0,4011800.0
1581,2021-10-21 06:14:50,55700.0,300.0,4011300.0
1582,2021-10-21 06:14:45,55700.0,900.0,4011000.0
1583,2021-10-21 06:14:45,55700.0,100.0,4010100.0
1584,2021-10-21 06:14:31,55700.0,100.0,4010000.0
1585,2021-10-21 06:14:31,55700.0,400.0,4009900.0
1586,2021-10-21 06:14:31,55700.0,100.0,4009500.0
1587,2021-10-21 06:14:31,55700.0,100.0,4009400.0
1588,2021-10-21 06:14:31,55700.0,100.0,4009300.0
1589,2021-10-21 06:14:31,55700.0,500.0,4009200.0
1590,2021-10-21 06:14:31,55700.0,500.0,4008700.0
1591,2021-10-21 06:14:31,55700.0,200.0,4008200.0
1592,2021-10-21 06:14:19,55600.0,400.0,4008000.0
1593,2021-10-21 06:14:19,55600.0,100.0,4007600.0
1594,2021-10-21 06:13:58,55600.0,100.0,4007500.0
1595,2021-10-21 06:13:58,55600.0,100.0,4007400.0
1596,2021-10-21 06:13:58,55600.0,300.0,4007300.0
1597,2021-10-21 06:13:58,55600.0,900.0,4007000.0
1598,2021-10-21 06:13:57,55600.0,900.0,4006100.0
1599,2021-10-21 06:13:51,55700.0,100.0,4005200.0
1600,2021-10-21 06:13:49,55600.0,1000.0,4005100.0
1601,2021-10-21 06:13:48,55700.0,700.0,4004100.0
1602,2021-10-21 06:13:48,55700.0,700.0,4003400.0
1603,2021-10-21 06:13:48,55700.0,600.0,4002700.0
1604,2021-10-21 06:13:47,55700.0,500.0,4002100.0
1605,2021-10-21 06:13:41,55700.0,200.0,4001600.0
1606,2021-10-21 06:13:25,55700.0,700.0,4001400.0
1607,2021-10-21 06:13:25,55700.0,100.0,4000700.0
1608,2021-10-21 06:13:16,55600.0,1000.0,4000600.0
1609,2021-10-21 06:12:44,55600.0,300.0,3999600.0
1610,2021-10-21 06:12:44,55700.0,700.0,3999300.0
1611,2021-10-21 06:12:44,55600.0,700.0,3998600.0
1612,2021-10-21 06:12:34,55600.0,200.0,3997900.0
1613,2021-10-21 06:12:34,55600.0,300.0,3997700.0
1614,2021-10-21 06:12:34,55600.0,500.0,3997400.0
1615,2021-10-21 06:12:12,55600.0,500.0,3996900.0
1616,2021-10-21 06:12:11,55700.0,200.0,3996400.0
1617,2021-10-21 06:12:11,55700.0,100.0,3996200.0
1618,2021-10-21 06:11:57,55700.0,200.0,3996100.0
1619,2021-10-21 06:11:55,55700.0,200.0,3995900.0
1620,2021-10-21 06:11:55,55700.0,100.0,3995700.0
1621,2021-10-21 06:11:55,55700.0,100.0,3995600.0
1622,2021-10-21 06:11:37,55700.0,100.0,3995500.0
1623,2021-10-21 06:11:29,55700.0,300.0,3995400.0
1624,2021-10-21 06:11:29,55700.0,100.0,3995100.0
1625,2021-10-21 06:11:29,55700.0,100.0,3995000.0
1626,2021-10-21 06:11:29,55700.0,100.0,3994900.0
1627,2021-10-21 06:11:28,55600.0,2400.0,3994800.0
1628,2021-10-21 06:11:21,55600.0,100.0,3992400.0
1629,2021-10-21 06:11:16,55600.0,200.0,3992300.0
1630,2021-10-21 06:11:09,55700.0,100.0,3992100.0
1631,2021-10-21 06:11:08,55600.0,200.0,3992000.0
1632,2021-10-21 06:11:01,55600.0,300.0,3991800.0
1633,2021-10-21 06:10:45,55600.0,3200.0,3991500.0
1634,2021-10-21 06:10:45,55600.0,600.0,3988300.0
1635,2021-10-21 06:10:45,55600.0,300.0,3987700.0
1636,2021-10-21 06:10:45,55600.0,900.0,3987400.0
1637,2021-10-21 06:10:41,55600.0,1000.0,3986500.0
1638,2021-10-21 06:10:36,55600.0,500.0,3985500.0
1639,2021-10-21 06:10:17,55600.0,1000.0,3985000.0
1640,2021-10-21 06:09:58,55600.0,3000.0,3984000.0
1641,2021-10-21 06:09:52,55600.0,200.0,3981000.0
1642,2021-10-21 06:09:52,55600.0,900.0,3980800.0
1643,2021-10-21 06:09:52,55600.0,300.0,3979900.0
1644,2021-10-21 06:09:46,55600.0,500.0,3979600.0
1645,2021-10-21 06:09:45,55600.0,200.0,3979100.0
1646,2021-10-21 06:09:13,55700.0,100.0,3978900.0
1647,2021-10-21 06:09:08,55700.0,800.0,3978800.0
1648,2021-10-21 06:09:08,55700.0,200.0,3978000.0
1649,2021-10-21 06:09:08,55700.0,100.0,3977800.0
1650,2021-10-21 06:09:08,55700.0,100.0,3977700.0
1651,2021-10-21 06:09:08,55700.0,100.0,3977600.0
1652,2021-10-21 06:09:08,55700.0,100.0,3977500.0
1653,2021-10-21 06:09:08,55700.0,3000.0,3977400.0
1654,2021-10-21 06:09:08,55700.0,100.0,3974400.0
1655,2021-10-21 06:09:08,55700.0,500.0,3974300.0
1656,2021-10-21 06:09:08,55700.0,600.0,3973800.0
1657,2021-10-21 06:09:08,55600.0,400.0,3973200.0
1658,2021-10-21 06:08:52,55700.0,100.0,3972800.0
1659,2021-10-21 06:08:45,55700.0,200.0,3972700.0
1660,2021-10-21 06:08:35,55600.0,1100.0,3972500.0
1661,2021-10-21 06:08:35,55600.0,1000.0,3971400.0
1662,2021-10-21 06:08:35,55600.0,100.0,3970400.0
1663,2021-10-21 06:08:35,55600.0,1800.0,3970300.0
1664,2021-10-21 06:08:32,55600.0,200.0,3968500.0
1665,2021-10-21 06:08:32,55600.0,1000.0,3968300.0
1666,2021-10-21 06:08:32,55600.0,100.0,3967300.0
1667,2021-10-21 06:08:32,55600.0,100.0,3967200.0
1668,2021-10-21 06:08:32,55600.0,100.0,3967100.0
1669,2021-10-21 06:08:32,55600.0,200.0,3967000.0
1670,2021-10-21 06:08:32,55600.0,100.0,3966800.0
1671,2021-10-21 06:08:32,55600.0,1200.0,3966700.0
1672,2021-10-21 06:08:24,55600.0,300.0,3965500.0
1673,2021-10-21 06:08:17,55600.0,500.0,3965200.0
1674,2021-10-21 06:07:48,55600.0,200.0,3964700.0
1675,2021-10-21 06:07:48,55600.0,300.0,3964500.0
1676,2021-10-21 06:07:48,55600.0,800.0,3964200.0
1677,2021-10-21 06:07:44,55600.0,500.0,3963400.0
1678,2021-10-21 06:07:42,55600.0,1000.0,3962900.0
1679,2021-10-21 06:07:25,55600.0,5200.0,3961900.0
1680,2021-10-21 06:07:22,55600.0,100.0,3956700.0
1681,2021-10-21 06:07:22,55600.0,100.0,3956600.0
1682,2021-10-21 06:07:22,55600.0,1000.0,3956500.0
1683,2021-10-21 06:07:22,55600.0,300.0,3955500.0
1684,2021-10-21 06:07:22,55600.0,300.0,3955200.0
1685,2021-10-21 06:07:18,55600.0,500.0,3954900.0
1686,2021-10-21 06:07:12,55600.0,100.0,3954400.0
1687,2021-10-21 06:07:03,55600.0,200.0,3954300.0
1688,2021-10-21 06:06:58,55600.0,200.0,3954100.0
1689,2021-10-21 06:06:46,55600.0,500.0,3953900.0
1690,2021-10-21 06:06:43,55600.0,200.0,3953400.0
1691,2021-10-21 06:06:43,55600.0,200.0,3953200.0
1692,2021-10-21 06:06:38,55600.0,200.0,3953000.0
1693,2021-10-21 06:06:29,55600.0,100.0,3952800.0
1694,2021-10-21 06:06:23,55600.0,1000.0,3952700.0
1695,2021-10-21 06:06:23,55600.0,300.0,3951700.0
1696,2021-10-21 06:06:23,55600.0,300.0,3951400.0
1697,2021-10-21 06:06:16,55600.0,700.0,3951100.0
1698,2021-10-21 06:06:16,55600.0,2000.0,3950400.0
1699,2021-10-21 06:06:16,55600.0,1000.0,3948400.0
1700,2021-10-21 06:06:16,55600.0,200.0,3947400.0
1701,2021-10-21 06:06:16,55600.0,100.0,3947200.0
1702,2021-10-21 06:06:16,55600.0,1000.0,3947100.0
1703,2021-10-21 06:06:16,55600.0,100.0,3946100.0
1704,2021-10-21 06:06:16,55600.0,1100.0,3946000.0
1705,2021-10-21 06:06:16,55600.0,500.0,3944900.0
1706,2021-10-21 06:06:16,55600.0,100.0,3944400.0
1707,2021-10-21 06:06:16,55600.0,100.0,3944300.0
1708,2021-10-21 06:06:16,55600.0,1000.0,3944200.0
1709,2021-10-21 06:06:16,55600.0,100.0,3943200.0
1710,2021-10-21 06:06:16,55600.0,2000.0,3943100.0
1711,2021-10-21 06:06:08,55600.0,300.0,3941100.0
1712,2021-10-21 06:06:02,55700.0,500.0,3940800.0
1713,2021-10-21 06:05:59,55700.0,2000.0,3940300.0
1714,2021-10-21 06:05:57,55600.0,500.0,3938300.0
1715,2021-10-21 06:05:48,55700.0,200.0,3937800.0
1716,2021-10-21 06:05:38,55700.0,200.0,3937600.0
1717,2021-10-21 06:05:14,55600.0,2100.0,3937400.0
1718,2021-10-21 06:05:07,55700.0,400.0,3935300.0
1719,2021-10-21 06:04:48,55700.0,100.0,3934900.0
1720,2021-10-21 06:04:32,55700.0,300.0,3934800.0
1721,2021-10-21 06:04:19,55700.0,6000.0,3934500.0
1722,2021-10-21 06:04:13,55600.0,100.0,3928500.0
1723,2021-10-21 06:03:57,55600.0,500.0,3928400.0
1724,2021-10-21 06:03:50,55600.0,3100.0,3927900.0
1725,2021-10-21 06:03:41,55700.0,10000.0,3924800.0
1726,2021-10-21 06:03:41,55600.0,900.0,3914800.0
1727,2021-10-21 06:03:41,55600.0,300.0,3913900.0
1728,2021-10-21 06:03:41,55600.0,200.0,3913600.0
1729,2021-10-21 06:03:35,55600.0,3000.0,3913400.0
1730,2021-10-21 06:03:17,55700.0,3000.0,3910400.0
1731,2021-10-21 06:03:09,55700.0,800.0,3907400.0
1732,2021-10-21 06:03:05,55700.0,500.0,3906600.0
1733,2021-10-21 06:02:30,55700.0,100.0,3906100.0
1734,2021-10-21 06:02:20,55600.0,2000.0,3906000.0
1735,2021-10-21 06:02:20,55600.0,1000.0,3904000.0
1736,2021-10-21 06:02:20,55600.0,300.0,3903000.0
1737,2021-10-21 06:02:20,55600.0,500.0,3902700.0
1738,2021-10-21 06:02:20,55600.0,300.0,3902200.0
1739,2021-10-21 06:02:20,55600.0,900.0,3901900.0
1740,2021-10-21 06:02:18,55700.0,4500.0,3901000.0
1741,2021-10-21 06:02:00,55600.0,100.0,3896500.0
1742,2021-10-21 06:01:47,55700.0,100.0,3896400.0
1743,2021-10-21 06:01:34,55700.0,1500.0,3896300.0
1744,2021-10-21 06:00:38,55700.0,200.0,3894800.0
1745,2021-10-21 06:00:34,55700.0,100.0,3894600.0
1746,2021-10-21 06:00:32,55700.0,2000.0,3894500.0
1747,2021-10-21 06:00:30,55600.0,1000.0,3892500.0
1748,2021-10-21 06:00:30,55600.0,200.0,3891500.0
1749,2021-10-21 06:00:30,55600.0,300.0,3891300.0
1750,2021-10-21 06:00:30,55600.0,2500.0,3891000.0
1751,2021-10-21 06:00:30,55700.0,500.0,3888500.0
1752,2021-10-21 06:00:29,55700.0,200.0,3888000.0
1753,2021-10-21 06:00:29,55700.0,400.0,3887800.0
1754,2021-10-21 06:00:25,55700.0,200.0,3887400.0
1755,2021-10-21 06:00:24,55700.0,200.0,3887200.0
1756,2021-10-21 06:00:20,55700.0,1000.0,3887000.0
1757,2021-10-21 06:00:19,55700.0,500.0,3886000.0
1758,2021-10-21 06:00:15,55600.0,2100.0,3885500.0
1759,2021-10-21 06:00:14,55700.0,200.0,3883400.0
1760,2021-10-21 06:00:14,55600.0,100.0,3883200.0
1761,2021-10-21 06:00:12,55600.0,100.0,3883100.0
1762,2021-10-21 06:00:12,55700.0,100.0,3883000.0
1763,2021-10-21 06:00:07,55700.0,1000.0,3882900.0
1764,2021-10-21 06:00:06,55600.0,500.0,3881900.0
1765,2021-10-21 06:00:04,55600.0,100.0,3881400.0
1766,2021-10-21 06:00:03,55700.0,300.0,3881300.0
1767,2021-10-21 06:00:03,55700.0,12000.0,3881000.0
1768,2021-10-21 06:00:03,55700.0,23000.0,3869000.0
1769,2021-10-21 06:00:03,55600.0,2000.0,3846000.0
1770,2021-10-21 06:00:03,55700.0,500.0,3844000.0
1771,2021-10-21 06:00:02,55700.0,100.0,3843500.0
1772,2021-10-21 06:00:01,55700.0,700.0,3843400.0
1773,2021-10-21 06:00:01,55700.0,200.0,3842700.0
1774,2021-10-21 06:00:01,55600.0,1000.0,3842500.0
1775,2021-10-21 06:00:01,55700.0,100.0,3841500.0
1776,2021-10-21 06:00:01,55600.0,200.0,3841400.0
1777,2021-10-21 06:00:01,55600.0,800.0,3841200.0
1778,2021-10-21 06:00:01,55700.0,6900.0,3840400.0
1779,2021-10-21 04:29:50,55700.0,100.0,3833500.0
1780,2021-10-21 04:29:49,55700.0,1000.0,3833400.0
1781,2021-10-21 04:29:46,55700.0,2000.0,3832400.0
1782,2021-10-21 04:29:31,55700.0,1500.0,3830400.0
1783,2021-10-21 04:29:23,55600.0,600.0,3828900.0
1784,2021-10-21 04:29:23,55600.0,200.0,3828300.0
1785,2021-10-21 04:29:23,55600.0,100.0,3828100.0
1786,2021-10-21 04:29:21,55700.0,5000.0,3828000.0
1787,2021-10-21 04:29:12,55600.0,100.0,3823000.0
1788,2021-10-21 04:29:06,55700.0,500.0,3822900.0
1789,2021-10-21 04:29:05,55700.0,8400.0,3822400.0
1790,2021-10-21 04:29:05,55700.0,1000.0,3814000.0
1791,2021-10-21 04:29:05,55700.0,3000.0,3813000.0
1792,2021-10-21 04:29:05,55700.0,4000.0,3810000.0
1793,2021-10-21 04:29:05,55700.0,1000.0,3806000.0
1794,2021-10-21 04:29:05,55700.0,1000.0,3805000.0
1795,2021-10-21 04:29:05,55700.0,1000.0,3804000.0
1796,2021-10-21 04:29:05,55700.0,20600.0,3803000.0
1797,2021-10-21 04:28:38,55700.0,200.0,3782400.0
1798,2021-10-21 04:28:26,55600.0,100.0,3782200.0
1799,2021-10-21 04:28:03,55600.0,200.0,3782100.0
1800,2021-10-21 04:28:00,55700.0,100.0,3781900.0
1801,2021-10-21 04:27:59,55600.0,300.0,3781800.0
1802,2021-10-21 04:27:58,55600.0,200.0,3781500.0
1803,2021-10-21 04:27:58,55600.0,300.0,3781300.0
1804,2021-10-21 04:27:58,55600.0,200.0,3781000.0
1805,2021-10-21 04:27:51,55600.0,300.0,3780800.0
1806,2021-10-21 04:27:51,55600.0,500.0,3780500.0
1807,2021-10-21 04:27:46,55600.0,400.0,3780000.0
1808,2021-10-21 04:27:46,55600.0,200.0,3779600.0
1809,2021-10-21 04:27:46,55600.0,500.0,3779400.0
1810,2021-10-21 04:27:46,55600.0,100.0,3778900.0
1811,2021-10-21 04:27:46,55600.0,100.0,3778800.0
1812,2021-10-21 04:27:46,55600.0,100.0,3778700.0
1813,2021-10-21 04:27:46,55600.0,1000.0,3778600.0
1814,2021-10-21 04:27:46,55600.0,300.0,3777600.0
1815,2021-10-21 04:27:46,55600.0,900.0,3777300.0
1816,2021-10-21 04:27:46,55600.0,300.0,3776400.0
1817,2021-10-21 04:27:46,55600.0,100.0,3776100.0
1818,2021-10-21 04:27:46,55600.0,100.0,3776000.0
1819,2021-10-21 04:27:46,55600.0,10900.0,3775900.0
1820,2021-10-21 04:27:44,55600.0,100.0,3765000.0
1821,2021-10-21 04:27:42,55600.0,100.0,3764900.0
1822,2021-10-21 04:27:34,55600.0,200.0,3764800.0
1823,2021-10-21 04:27:31,55600.0,100.0,3764600.0
1824,2021-10-21 04:27:31,55600.0,100.0,3764500.0
1825,2021-10-21 04:27:25,55600.0,400.0,3764400.0
1826,2021-10-21 04:27:24,55600.0,100.0,3764000.0
1827,2021-10-21 04:27:23,55600.0,100.0,3763900.0
1828,2021-10-21 04:27:03,55600.0,1000.0,3763800.0
1829,2021-10-21 04:27:01,55600.0,100.0,3762800.0
1830,2021-10-21 04:26:47,55600.0,100.0,3762700.0
1831,2021-10-21 04:26:43,55500.0,1000.0,3762600.0
1832,2021-10-21 04:26:43,55500.0,200.0,3761600.0
1833,2021-10-21 04:26:43,55500.0,1000.0,3761400.0
1834,2021-10-21 04:26:43,55500.0,100.0,3760400.0
1835,2021-10-21 04:26:43,55500.0,100.0,3760300.0
1836,2021-10-21 04:26:43,55500.0,200.0,3760200.0
1837,2021-10-21 04:26:43,55500.0,400.0,3760000.0
1838,2021-10-21 04:26:42,55500.0,1000.0,3759600.0
1839,2021-10-21 04:26:42,55500.0,200.0,3758600.0
1840,2021-10-21 04:26:42,55500.0,2000.0,3758400.0
1841,2021-10-21 04:26:42,55500.0,500.0,3756400.0
1842,2021-10-21 04:26:42,55500.0,300.0,3755900.0
1843,2021-10-21 04:26:42,55500.0,100.0,3755600.0
1844,2021-10-21 04:26:42,55500.0,100.0,3755500.0
1845,2021-10-21 04:26:42,55500.0,200.0,3755400.0
1846,2021-10-21 04:26:42,55500.0,2000.0,3755200.0
1847,2021-10-21 04:26:42,55500.0,200.0,3753200.0
1848,2021-10-21 04:26:42,55500.0,600.0,3753000.0
1849,2021-10-21 04:26:42,55600.0,1700.0,3752400.0
1850,2021-10-21 04:26:42,55600.0,200.0,3750700.0
1851,2021-10-21 04:26:42,55600.0,300.0,3750500.0
1852,2021-10-21 04:26:42,55600.0,600.0,3750200.0
1853,2021-10-21 04:26:34,55600.0,20000.0,3749600.0
1854,2021-10-21 04:26:27,55500.0,400.0,3729600.0
1855,2021-10-21 04:26:27,55500.0,100.0,3729200.0
1856,2021-10-21 04:26:27,55500.0,100.0,3729100.0
1857,2021-10-21 04:26:27,55500.0,100.0,3729000.0
1858,2021-10-21 04:26:27,55500.0,300.0,3728900.0
1859,2021-10-21 04:26:24,55600.0,400.0,3728600.0
1860,2021-10-21 04:26:22,55600.0,500.0,3728200.0
1861,2021-10-21 04:26:15,55500.0,200.0,3727700.0
1862,2021-10-21 04:26:15,55500.0,200.0,3727500.0
1863,2021-10-21 04:26:15,55500.0,100.0,3727300.0
1864,2021-10-21 04:26:15,55500.0,200.0,3727200.0
1865,2021-10-21 04:26:15,55500.0,300.0,3727000.0
1866,2021-10-21 04:26:15,55500.0,400.0,3726700.0
1867,2021-10-21 04:26:07,55500.0,200.0,3726300.0
1868,2021-10-21 04:26:07,55500.0,100.0,3726100.0
1869,2021-10-21 04:26:07,55500.0,100.0,3726000.0
1870,2021-10-21 04:26:07,55500.0,100.0,3725900.0
1871,2021-10-21 04:26:07,55500.0,600.0,3725800.0
1872,2021-10-21 04:26:07,55500.0,100.0,3725200.0
1873,2021-10-21 04:26:07,55500.0,1000.0,3725100.0
1874,2021-10-21 04:26:07,55500.0,100.0,3724100.0
1875,2021-10-21 04:26:07,55500.0,100.0,3724000.0
1876,2021-10-21 04:26:07,55500.0,100.0,3723900.0
1877,2021-10-21 04:26:07,55500.0,1000.0,3723800.0
1878,2021-10-21 04:26:07,55500.0,1000.0,3722800.0
1879,2021-10-21 04:26:07,55500.0,5000.0,3721800.0
1880,2021-10-21 04:26:07,55500.0,900.0,3716800.0
1881,2021-10-21 04:26:07,55500.0,500.0,3715900.0
1882,2021-10-21 04:26:07,55500.0,100.0,3715400.0
1883,2021-10-21 04:26:07,55500.0,100.0,3715300.0
1884,2021-10-21 04:26:07,55500.0,500.0,3715200.0
1885,2021-10-21 04:26:07,55500.0,400.0,3714700.0
1886,2021-10-21 04:26:07,55500.0,100.0,3714300.0
1887,2021-10-21 04:26:07,55500.0,500.0,3714200.0
1888,2021-10-21 04:26:07,55500.0,100.0,3713700.0
1889,2021-10-21 04:26:07,55500.0,500.0,3713600.0
1890,2021-10-21 04:26:07,55500.0,300.0,3713100.0
1891,2021-10-21 04:26:07,55500.0,500.0,3712800.0
1892,2021-10-21 04:26:07,55500.0,1000.0,3712300.0
1893,2021-10-21 04:26:07,55500.0,100.0,3711300.0
1894,2021-10-21 04:26:07,55500.0,300.0,3711200.0
1895,2021-10-21 04:26:07,55500.0,200.0,3710900.0
1896,2021-10-21 04:26:07,55500.0,5000.0,3710700.0
1897,2021-10-21 04:26:03,55600.0,1000.0,3705700.0
1898,2021-10-21 04:26:02,55500.0,300.0,3704700.0
1899,2021-10-21 04:25:44,55500.0,300.0,3704400.0
1900,2021-10-21 04:25:41,55600.0,2600.0,3704100.0
1901,2021-10-21 04:25:41,55600.0,200.0,3701500.0
1902,2021-10-21 04:25:20,55600.0,200.0,3701300.0
1903,2021-10-21 04:25:18,55600.0,200.0,3701100.0
1904,2021-10-21 04:25:16,55600.0,300.0,3700900.0
1905,2021-10-21 04:25:09,55600.0,100.0,3700600.0
1906,2021-10-21 04:25:06,55600.0,2000.0,3700500.0
1907,2021-10-21 04:25:00,55500.0,300.0,3698500.0
1908,2021-10-21 04:24:52,55600.0,1600.0,3698200.0
1909,2021-10-21 04:24:46,55500.0,300.0,3696600.0
1910,2021-10-21 04:24:34,55500.0,1000.0,3696300.0
1911,2021-10-21 04:24:10,55500.0,5000.0,3695300.0
1912,2021-10-21 04:24:08,55500.0,500.0,3690300.0
1913,2021-10-21 04:24:06,55500.0,400.0,3689800.0
1914,2021-10-21 04:24:01,55500.0,1100.0,3689400.0
1915,2021-10-21 04:23:48,55500.0,5000.0,3688300.0
1916,2021-10-21 04:23:43,55500.0,800.0,3683300.0
1917,2021-10-21 04:23:43,55500.0,2000.0,3682500.0
1918,2021-10-21 04:23:43,55500.0,200.0,3680500.0
1919,2021-10-21 04:23:43,55500.0,1300.0,3680300.0
1920,2021-10-21 04:23:43,55500.0,100.0,3679000.0
1921,2021-10-21 04:23:43,55500.0,100.0,3678900.0
1922,2021-10-21 04:23:43,55500.0,100.0,3678800.0
1923,2021-10-21 04:23:43,55500.0,300.0,3678700.0
1924,2021-10-21 04:23:43,55500.0,100.0,3678400.0
1925,2021-10-21 04:23:40,55500.0,300.0,3678300.0
1926,2021-10-21 04:23:40,55500.0,100.0,3678000.0
1927,2021-10-21 04:23:40,55500.0,100.0,3677900.0
1928,2021-10-21 04:23:40,55500.0,300.0,3677800.0
1929,2021-10-21 04:23:40,55500.0,200.0,3677500.0
1930,2021-10-21 04:23:40,55500.0,10000.0,3677300.0
1931,2021-10-21 04:23:40,55500.0,400.0,3667300.0
1932,2021-10-21 04:23:40,55500.0,100.0,3666900.0
1933,2021-10-21 04:23:40,55500.0,700.0,3666800.0
1934,2021-10-21 04:23:40,55500.0,500.0,3666100.0
1935,2021-10-21 04:23:40,55500.0,800.0,3665600.0
1936,2021-10-21 04:23:40,55500.0,500.0,3664800.0
1937,2021-10-21 04:23:40,55500.0,1000.0,3664300.0
1938,2021-10-21 04:23:40,55500.0,1000.0,3663300.0
1939,2021-10-21 04:23:40,55500.0,500.0,3662300.0
1940,2021-10-21 04:23:40,55500.0,100.0,3661800.0
1941,2021-10-21 04:23:40,55500.0,1600.0,3661700.0
1942,2021-10-21 04:23:40,55500.0,1000.0,3660100.0
1943,2021-10-21 04:23:40,55500.0,200.0,3659100.0
1944,2021-10-21 04:23:40,55500.0,600.0,3658900.0
1945,2021-10-21 04:23:38,55500.0,400.0,3658300.0
1946,2021-10-21 04:23:38,55500.0,800.0,3657900.0
1947,2021-10-21 04:23:32,55500.0,200.0,3657100.0
1948,2021-10-21 04:23:32,55500.0,300.0,3656900.0
1949,2021-10-21 04:23:28,55500.0,200.0,3656600.0
1950,2021-10-21 04:23:24,55500.0,300.0,3656400.0
1951,2021-10-21 04:23:24,55500.0,100.0,3656100.0
1952,2021-10-21 04:23:24,55500.0,200.0,3656000.0
1953,2021-10-21 04:23:24,55500.0,900.0,3655800.0
1954,2021-10-21 04:23:14,55500.0,100.0,3654900.0
1955,2021-10-21 04:23:14,55500.0,300.0,3654800.0
1956,2021-10-21 04:22:44,55500.0,500.0,3654500.0
1957,2021-10-21 04:22:43,55500.0,200.0,3654000.0
1958,2021-10-21 04:22:43,55500.0,200.0,3653800.0
1959,2021-10-21 04:22:43,55500.0,200.0,3653600.0
1960,2021-10-21 04:22:43,55500.0,200.0,3653400.0
1961,2021-10-21 04:22:13,55500.0,100.0,3653200.0
1962,2021-10-21 04:21:46,55500.0,200.0,3653100.0
1963,2021-10-21 04:21:46,55500.0,100.0,3652900.0
1964,2021-10-21 04:21:21,55500.0,200.0,3652800.0
1965,2021-10-21 04:21:21,55500.0,200.0,3652600.0
1966,2021-10-21 04:21:21,55500.0,300.0,3652400.0
1967,2021-10-21 04:21:21,55500.0,500.0,3652100.0
1968,2021-10-21 04:21:21,55500.0,100.0,3651600.0
1969,2021-10-21 04:21:14,55500.0,100.0,3651500.0
1970,2021-10-21 04:21:00,55600.0,100.0,3651400.0
1971,2021-10-21 04:20:59,55600.0,200.0,3651300.0
1972,2021-10-21 04:20:59,55600.0,100.0,3651100.0
1973,2021-10-21 04:20:48,55600.0,100.0,3651000.0
1974,2021-10-21 04:20:45,55600.0,500.0,3650900.0
1975,2021-10-21 04:20:45,55600.0,1300.0,3650400.0
1976,2021-10-21 04:20:45,55600.0,600.0,3649100.0
1977,2021-10-21 04:20:45,55600.0,500.0,3648500.0
1978,2021-10-21 04:20:45,55600.0,300.0,3648000.0
1979,2021-10-21 04:20:45,55600.0,200.0,3647700.0
1980,2021-10-21 04:20:45,55600.0,100.0,3647500.0
1981,2021-10-21 04:20:37,55600.0,200.0,3647400.0
1982,2021-10-21 04:20:37,55600.0,100.0,3647200.0
1983,2021-10-21 04:20:37,55600.0,3000.0,3647100.0
1984,2021-10-21 04:20:37,55600.0,100.0,3644100.0
1985,2021-10-21 04:20:37,55600.0,300.0,3644000.0
1986,2021-10-21 04:20:37,55600.0,6300.0,3643700.0
1987,2021-10-21 04:20:37,55600.0,1900.0,3637400.0
1988,2021-10-21 04:20:34,55600.0,400.0,3635500.0
1989,2021-10-21 04:20:20,55700.0,300.0,3635100.0
1990,2021-10-21 04:20:17,55600.0,6300.0,3634800.0
1991,2021-10-21 04:20:17,55600.0,100.0,3628500.0
1992,2021-10-21 04:20:17,55600.0,100.0,3628400.0
1993,2021-10-21 04:20:17,55600.0,500.0,3628300.0
1994,2021-10-21 04:20:17,55600.0,2000.0,3627800.0
1995,2021-10-21 04:20:17,55600.0,100.0,3625800.0
1996,2021-10-21 04:20:17,55600.0,100.0,3625700.0
1997,2021-10-21 04:20:17,55600.0,2400.0,3625600.0
1998,2021-10-21 04:20:12,55600.0,700.0,3623200.0
1999,2021-10-21 04:20:12,55600.0,100.0,3622500.0
2000,2021-10-21 04:20:12,55600.0,100.0,3622400.0
2001,2021-10-21 04:20:09,55600.0,800.0,3622300.0
2002,2021-10-21 04:20:09,55600.0,100.0,3621500.0
2003,2021-10-21 04:20:09,55600.0,1000.0,3621400.0
2004,2021-10-21 04:20:09,55600.0,500.0,3620400.0
2005,2021-10-21 04:20:09,55600.0,100.0,3619900.0
2006,2021-10-21 04:20:09,55600.0,100.0,3619800.0
2007,2021-10-21 04:20:09,55600.0,1000.0,3619700.0
2008,2021-10-21 04:20:09,55600.0,100.0,3618700.0
2009,2021-10-21 04:20:09,55600.0,100.0,3618600.0
2010,2021-10-21 04:20:09,55600.0,900.0,3618500.0
2011,2021-10-21 04:20:04,55600.0,600.0,3617600.0
2012,2021-10-21 04:19:54,55600.0,200.0,3617000.0
2013,2021-10-21 04:19:19,55700.0,2000.0,3616800.0
2014,2021-10-21 04:19:18,55600.0,300.0,3614800.0
2015,2021-10-21 04:19:18,55600.0,200.0,3614500.0
2016,2021-10-21 04:19:18,55600.0,800.0,3614300.0
2017,2021-10-21 04:19:07,55600.0,500.0,3613500.0
2018,2021-10-21 04:19:04,55600.0,900.0,3613000.0
2019,2021-10-21 04:18:57,55600.0,1500.0,3612100.0
2020,2021-10-21 04:18:53,55600.0,900.0,3610600.0
2021,2021-10-21 04:18:48,55600.0,400.0,3609700.0
2022,2021-10-21 04:18:43,55600.0,2000.0,3609300.0
2023,2021-10-21 04:18:39,55600.0,300.0,3607300.0
2024,2021-10-21 04:18:38,55600.0,500.0,3607000.0
2025,2021-10-21 04:18:23,55600.0,3200.0,3606500.0
2026,2021-10-21 04:18:17,55600.0,200.0,3603300.0
2027,2021-10-21 04:18:16,55600.0,500.0,3603100.0
2028,2021-10-21 04:18:09,55600.0,5000.0,3602600.0
2029,2021-10-21 04:18:03,55600.0,1100.0,3597600.0
2030,2021-10-21 04:18:03,55600.0,500.0,3596500.0
2031,2021-10-21 04:18:03,55600.0,500.0,3596000.0
2032,2021-10-21 04:17:58,55600.0,100.0,3595500.0
2033,2021-10-21 04:17:58,55600.0,300.0,3595400.0
2034,2021-10-21 04:17:56,55600.0,200.0,3595100.0
2035,2021-10-21 04:17:56,55600.0,500.0,3594900.0
2036,2021-10-21 04:17:56,55600.0,3900.0,3594400.0
2037,2021-10-21 04:17:56,55600.0,100.0,3590500.0
2038,2021-10-21 04:17:56,55600.0,5000.0,3590400.0
2039,2021-10-21 04:17:56,55600.0,500.0,3585400.0
2040,2021-10-21 04:17:56,55600.0,100.0,3584900.0
2041,2021-10-21 04:17:56,55600.0,10000.0,3584800.0
2042,2021-10-21 04:17:56,55600.0,1000.0,3574800.0
2043,2021-10-21 04:17:56,55600.0,3500.0,3573800.0
2044,2021-10-21 04:17:56,55600.0,100.0,3570300.0
2045,2021-10-21 04:17:56,55600.0,500.0,3570200.0
2046,2021-10-21 04:17:56,55600.0,100.0,3569700.0
