,Time,Price,Volume_per_trade,Volume
0,2021-10-20 07:45:01,55700.0,100.0,7352200.0
1,2021-10-20 07:45:01,55700.0,1800.0,7352100.0
2,2021-10-20 07:45:01,55700.0,900.0,7350300.0
3,2021-10-20 07:45:01,55700.0,100.0,7349400.0
4,2021-10-20 07:45:01,55700.0,1000.0,7349300.0
5,2021-10-20 07:45:01,55700.0,500.0,7348300.0
6,2021-10-20 07:45:01,55700.0,1000.0,7347800.0
7,2021-10-20 07:45:01,55700.0,500.0,7346800.0
8,2021-10-20 07:45:01,55700.0,100.0,7346300.0
9,2021-10-20 07:45:01,55700.0,100.0,7346200.0
10,2021-10-20 07:45:01,55700.0,100.0,7346100.0
11,2021-10-20 07:45:01,55700.0,500.0,7346000.0
12,2021-10-20 07:45:01,55700.0,100.0,7345500.0
13,2021-10-20 07:45:01,55700.0,1000.0,7345400.0
14,2021-10-20 07:45:01,55700.0,200.0,7344400.0
15,2021-10-20 07:45:01,55700.0,1000.0,7344200.0
16,2021-10-20 07:45:01,55700.0,1000.0,7343200.0
17,2021-10-20 07:45:01,55700.0,4000.0,7342200.0
18,2021-10-20 07:45:01,55700.0,500.0,7338200.0
19,2021-10-20 07:45:01,55700.0,400.0,7337700.0
20,2021-10-20 07:45:01,55700.0,500.0,7337300.0
21,2021-10-20 07:45:01,55700.0,300.0,7336800.0
22,2021-10-20 07:45:01,55700.0,200.0,7336500.0
23,2021-10-20 07:45:01,55700.0,2000.0,7336300.0
24,2021-10-20 07:45:01,55700.0,1000.0,7334300.0
25,2021-10-20 07:45:01,55700.0,300.0,7333300.0
26,2021-10-20 07:45:01,55700.0,200.0,7333000.0
27,2021-10-20 07:45:01,55700.0,600.0,7332800.0
28,2021-10-20 07:45:01,55700.0,2000.0,7332200.0
29,2021-10-20 07:45:01,55700.0,500.0,7330200.0
30,2021-10-20 07:45:01,55700.0,4000.0,7329700.0
31,2021-10-20 07:45:01,55700.0,2000.0,7325700.0
32,2021-10-20 07:45:01,55700.0,1500.0,7323700.0
33,2021-10-20 07:45:01,55700.0,1500.0,7322200.0
34,2021-10-20 07:45:01,55700.0,900.0,7320700.0
35,2021-10-20 07:45:01,55700.0,500.0,7319800.0
36,2021-10-20 07:45:01,55700.0,100.0,7319300.0
37,2021-10-20 07:45:01,55700.0,1000.0,7319200.0
38,2021-10-20 07:45:01,55700.0,2000.0,7318200.0
39,2021-10-20 07:45:01,55700.0,1000.0,7316200.0
40,2021-10-20 07:45:01,55700.0,100.0,7315200.0
41,2021-10-20 07:45:01,55700.0,2300.0,7315100.0
42,2021-10-20 07:45:01,55700.0,200.0,7312800.0
43,2021-10-20 07:45:01,55700.0,500.0,7312600.0
44,2021-10-20 07:45:01,55700.0,500.0,7312100.0
45,2021-10-20 07:45:01,55700.0,300.0,7311600.0
46,2021-10-20 07:45:01,55700.0,200.0,7311300.0
47,2021-10-20 07:45:01,55700.0,300.0,7311100.0
48,2021-10-20 07:45:01,55700.0,100.0,7310800.0
49,2021-10-20 07:45:01,55700.0,200.0,7310700.0
50,2021-10-20 07:45:01,55700.0,100.0,7310500.0
51,2021-10-20 07:45:01,55700.0,100.0,7310400.0
52,2021-10-20 07:45:01,55700.0,100.0,7310300.0
53,2021-10-20 07:45:01,55700.0,500.0,7310200.0
54,2021-10-20 07:45:01,55700.0,200.0,7309700.0
55,2021-10-20 07:45:01,55700.0,1000.0,7309500.0
56,2021-10-20 07:45:01,55700.0,500.0,7308500.0
57,2021-10-20 07:45:01,55700.0,1000.0,7308000.0
58,2021-10-20 07:45:01,55700.0,500.0,7307000.0
59,2021-10-20 07:45:01,55700.0,700.0,7306500.0
60,2021-10-20 07:45:01,55700.0,2000.0,7305800.0
61,2021-10-20 07:45:01,55700.0,200.0,7303800.0
62,2021-10-20 07:45:01,55700.0,500.0,7303600.0
63,2021-10-20 07:45:01,55700.0,200.0,7303100.0
64,2021-10-20 07:45:01,55700.0,100.0,7302900.0
65,2021-10-20 07:45:01,55700.0,500.0,7302800.0
66,2021-10-20 07:45:01,55700.0,100.0,7302300.0
67,2021-10-20 07:45:01,55700.0,500.0,7302200.0
68,2021-10-20 07:45:01,55700.0,100.0,7301700.0
69,2021-10-20 07:45:01,55700.0,100.0,7301600.0
70,2021-10-20 07:45:01,55700.0,100.0,7301500.0
71,2021-10-20 07:45:01,55700.0,400.0,7301400.0
72,2021-10-20 07:45:01,55700.0,1000.0,7301000.0
73,2021-10-20 07:45:01,55700.0,1000.0,7300000.0
74,2021-10-20 07:45:01,55700.0,100.0,7299000.0
75,2021-10-20 07:45:01,55700.0,800.0,7298900.0
76,2021-10-20 07:45:01,55700.0,100.0,7298100.0
77,2021-10-20 07:45:01,55700.0,2000.0,7298000.0
78,2021-10-20 07:45:01,55700.0,400.0,7296000.0
79,2021-10-20 07:45:01,55700.0,500.0,7295600.0
80,2021-10-20 07:45:01,55700.0,100.0,7295100.0
81,2021-10-20 07:45:01,55700.0,500.0,7295000.0
82,2021-10-20 07:45:01,55700.0,100.0,7294500.0
83,2021-10-20 07:45:01,55700.0,500.0,7294400.0
84,2021-10-20 07:45:01,55700.0,200.0,7293900.0
85,2021-10-20 07:45:01,55700.0,100.0,7293700.0
86,2021-10-20 07:45:01,55700.0,500.0,7293600.0
87,2021-10-20 07:45:01,55700.0,100.0,7293100.0
88,2021-10-20 07:45:01,55700.0,300.0,7293000.0
89,2021-10-20 07:45:01,55700.0,100.0,7292700.0
90,2021-10-20 07:45:01,55700.0,500.0,7292600.0
91,2021-10-20 07:45:01,55700.0,5000.0,7292100.0
92,2021-10-20 07:45:01,55700.0,100.0,7287100.0
93,2021-10-20 07:45:01,55700.0,200.0,7287000.0
94,2021-10-20 07:45:01,55700.0,1900.0,7286800.0
95,2021-10-20 07:45:01,55700.0,100.0,7284900.0
96,2021-10-20 07:45:01,55700.0,200.0,7284800.0
97,2021-10-20 07:45:01,55700.0,200.0,7284600.0
98,2021-10-20 07:45:01,55700.0,100.0,7284400.0
99,2021-10-20 07:45:01,55700.0,800.0,7284300.0
100,2021-10-20 07:45:01,55700.0,500.0,7283500.0
101,2021-10-20 07:45:01,55700.0,100.0,7283000.0
102,2021-10-20 07:45:01,55700.0,100.0,7282900.0
103,2021-10-20 07:45:01,55700.0,100.0,7282800.0
104,2021-10-20 07:45:01,55700.0,3000.0,7282700.0
105,2021-10-20 07:45:01,55700.0,300.0,7279700.0
106,2021-10-20 07:45:01,55700.0,4000.0,7279400.0
107,2021-10-20 07:45:01,55700.0,200.0,7275400.0
108,2021-10-20 07:45:01,55700.0,500.0,7275200.0
109,2021-10-20 07:45:01,55700.0,100.0,7274700.0
110,2021-10-20 07:45:01,55700.0,400.0,7274600.0
111,2021-10-20 07:45:01,55700.0,300.0,7274200.0
112,2021-10-20 07:45:01,55700.0,600.0,7273900.0
113,2021-10-20 07:45:01,55700.0,500.0,7273300.0
114,2021-10-20 07:45:01,55700.0,100.0,7272800.0
115,2021-10-20 07:45:01,55700.0,300.0,7272700.0
116,2021-10-20 07:45:01,55700.0,1000.0,7272400.0
117,2021-10-20 07:45:01,55700.0,500.0,7271400.0
118,2021-10-20 07:45:01,55700.0,100.0,7270900.0
119,2021-10-20 07:45:01,55700.0,500.0,7270800.0
120,2021-10-20 07:45:01,55700.0,200.0,7270300.0
121,2021-10-20 07:45:01,55700.0,1000.0,7270100.0
122,2021-10-20 07:45:01,55700.0,300.0,7269100.0
123,2021-10-20 07:45:01,55700.0,700.0,7268800.0
124,2021-10-20 07:45:01,55700.0,500.0,7268100.0
125,2021-10-20 07:45:01,55700.0,400.0,7267600.0
126,2021-10-20 07:45:01,55700.0,100.0,7267200.0
127,2021-10-20 07:45:01,55700.0,3300.0,7267100.0
128,2021-10-20 07:45:01,55700.0,2000.0,7263800.0
129,2021-10-20 07:45:01,55700.0,100.0,7261800.0
130,2021-10-20 07:45:01,55700.0,3000.0,7261700.0
131,2021-10-20 07:45:01,55700.0,500.0,7258700.0
132,2021-10-20 07:45:01,55700.0,100.0,7258200.0
133,2021-10-20 07:45:01,55700.0,500.0,7258100.0
134,2021-10-20 07:45:01,55700.0,100.0,7257600.0
135,2021-10-20 07:45:01,55700.0,400.0,7257500.0
136,2021-10-20 07:45:01,55700.0,1000.0,7257100.0
137,2021-10-20 07:45:01,55700.0,1600.0,7256100.0
138,2021-10-20 07:45:01,55700.0,100.0,7254500.0
139,2021-10-20 07:45:01,55700.0,2000.0,7254400.0
140,2021-10-20 07:45:01,55700.0,300.0,7252400.0
141,2021-10-20 07:45:01,55700.0,300.0,7252100.0
142,2021-10-20 07:45:01,55700.0,400.0,7251800.0
143,2021-10-20 07:45:01,55700.0,300.0,7251400.0
144,2021-10-20 07:45:01,55700.0,200.0,7251100.0
145,2021-10-20 07:45:01,55700.0,100.0,7250900.0
146,2021-10-20 07:45:01,55700.0,100.0,7250800.0
147,2021-10-20 07:45:01,55700.0,300.0,7250700.0
148,2021-10-20 07:45:01,55700.0,300.0,7250400.0
149,2021-10-20 07:45:01,55700.0,1000.0,7250100.0
150,2021-10-20 07:45:01,55700.0,700.0,7249100.0
151,2021-10-20 07:45:01,55700.0,300.0,7248400.0
152,2021-10-20 07:45:01,55700.0,100.0,7248100.0
153,2021-10-20 07:45:01,55700.0,300.0,7248000.0
154,2021-10-20 07:45:01,55700.0,100.0,7247700.0
155,2021-10-20 07:45:01,55700.0,100.0,7247600.0
156,2021-10-20 07:45:01,55700.0,11100.0,7247500.0
157,2021-10-20 07:45:01,55700.0,900.0,7236400.0
158,2021-10-20 07:45:01,55700.0,200.0,7235500.0
159,2021-10-20 07:45:01,55700.0,1900.0,7235300.0
160,2021-10-20 07:45:01,55700.0,500.0,7233400.0
161,2021-10-20 07:45:01,55700.0,2000.0,7232900.0
162,2021-10-20 07:45:01,55700.0,1300.0,7230900.0
163,2021-10-20 07:45:01,55700.0,700.0,7229600.0
164,2021-10-20 07:45:01,55700.0,500.0,7228900.0
165,2021-10-20 07:45:01,55700.0,200.0,7228400.0
166,2021-10-20 07:45:01,55700.0,100.0,7228200.0
167,2021-10-20 07:45:01,55700.0,700.0,7228100.0
168,2021-10-20 07:45:01,55700.0,300.0,7227400.0
169,2021-10-20 07:45:01,55700.0,100.0,7227100.0
170,2021-10-20 07:45:01,55700.0,100.0,7227000.0
171,2021-10-20 07:45:01,55700.0,100.0,7226900.0
172,2021-10-20 07:45:01,55700.0,100.0,7226800.0
173,2021-10-20 07:45:01,55700.0,500.0,7226700.0
174,2021-10-20 07:45:01,55700.0,500.0,7226200.0
175,2021-10-20 07:45:01,55700.0,100.0,7225700.0
176,2021-10-20 07:45:01,55700.0,3800.0,7225600.0
177,2021-10-20 07:45:01,55700.0,100.0,7221800.0
178,2021-10-20 07:45:01,55700.0,3000.0,7221700.0
179,2021-10-20 07:45:01,55700.0,3100.0,7218700.0
180,2021-10-20 07:45:01,55700.0,900.0,7215600.0
181,2021-10-20 07:45:01,55700.0,1000.0,7214700.0
182,2021-10-20 07:45:01,55700.0,100.0,7213700.0
183,2021-10-20 07:45:01,55700.0,500.0,7213600.0
184,2021-10-20 07:45:01,55700.0,100.0,7213100.0
185,2021-10-20 07:45:01,55700.0,400.0,7213000.0
186,2021-10-20 07:45:01,55700.0,100.0,7212600.0
187,2021-10-20 07:45:01,55700.0,300.0,7212500.0
188,2021-10-20 07:45:01,55700.0,200.0,7212200.0
189,2021-10-20 07:45:01,55700.0,10000.0,7212000.0
190,2021-10-20 07:45:01,55700.0,100.0,7202000.0
191,2021-10-20 07:45:01,55700.0,500.0,7201900.0
192,2021-10-20 07:45:01,55700.0,10000.0,7201400.0
193,2021-10-20 07:45:01,55700.0,100.0,7191400.0
194,2021-10-20 07:45:01,55700.0,300.0,7191300.0
195,2021-10-20 07:45:01,55700.0,500.0,7191000.0
196,2021-10-20 07:45:01,55700.0,100.0,7190500.0
197,2021-10-20 07:45:01,55700.0,200.0,7190400.0
198,2021-10-20 07:45:01,55700.0,900.0,7190200.0
199,2021-10-20 07:45:01,55700.0,1600.0,7189300.0
200,2021-10-20 07:45:01,55700.0,1100.0,7187700.0
201,2021-10-20 07:45:01,55700.0,1500.0,7186600.0
202,2021-10-20 07:45:01,55700.0,3500.0,7185100.0
203,2021-10-20 07:45:01,55700.0,1000.0,7181600.0
204,2021-10-20 07:45:01,55700.0,1000.0,7180600.0
205,2021-10-20 07:45:01,55700.0,1000.0,7179600.0
206,2021-10-20 07:45:01,55700.0,500.0,7178600.0
207,2021-10-20 07:45:01,55700.0,1100.0,7178100.0
208,2021-10-20 07:45:01,55700.0,300.0,7177000.0
209,2021-10-20 07:45:01,55700.0,1600.0,7176700.0
210,2021-10-20 07:45:01,55700.0,300.0,7175100.0
211,2021-10-20 07:45:01,55700.0,100.0,7174800.0
212,2021-10-20 07:45:01,55700.0,100.0,7174700.0
213,2021-10-20 07:45:01,55700.0,300.0,7174600.0
214,2021-10-20 07:45:01,55700.0,500.0,7174300.0
215,2021-10-20 07:45:01,55700.0,100.0,7173800.0
216,2021-10-20 07:45:01,55700.0,600.0,7173700.0
217,2021-10-20 07:45:01,55700.0,100.0,7173100.0
218,2021-10-20 07:45:01,55700.0,500.0,7173000.0
219,2021-10-20 07:45:01,55700.0,2100.0,7172500.0
220,2021-10-20 07:45:01,55700.0,100.0,7170400.0
221,2021-10-20 07:45:01,55700.0,100.0,7170300.0
222,2021-10-20 07:45:01,55700.0,100.0,7170200.0
223,2021-10-20 07:45:01,55700.0,300.0,7170100.0
224,2021-10-20 07:45:01,55700.0,200.0,7169800.0
225,2021-10-20 07:45:01,55700.0,1300.0,7169600.0
226,2021-10-20 07:45:01,55700.0,5000.0,7168300.0
227,2021-10-20 07:45:01,55700.0,5000.0,7163300.0
228,2021-10-20 07:45:01,55700.0,1000.0,7158300.0
229,2021-10-20 07:45:01,55700.0,500.0,7157300.0
230,2021-10-20 07:45:01,55700.0,1000.0,7156800.0
231,2021-10-20 07:45:01,55700.0,500.0,7155800.0
232,2021-10-20 07:45:01,55700.0,20000.0,7155300.0
233,2021-10-20 07:45:01,55700.0,2500.0,7135300.0
234,2021-10-20 07:45:01,55700.0,2000.0,7132800.0
235,2021-10-20 07:45:01,55700.0,100.0,7130800.0
236,2021-10-20 07:45:01,55700.0,11100.0,7130700.0
237,2021-10-20 07:45:01,55700.0,500.0,7119600.0
238,2021-10-20 07:45:01,55700.0,100.0,7119100.0
239,2021-10-20 07:45:01,55700.0,100.0,7119000.0
240,2021-10-20 07:45:01,55700.0,500.0,7118900.0
241,2021-10-20 07:45:01,55700.0,100.0,7118400.0
242,2021-10-20 07:45:01,55700.0,100.0,7118300.0
243,2021-10-20 07:45:01,55700.0,100.0,7118200.0
244,2021-10-20 07:45:01,55700.0,100.0,7118100.0
245,2021-10-20 07:45:01,55700.0,2000.0,7118000.0
246,2021-10-20 07:45:01,55700.0,3000.0,7116000.0
247,2021-10-20 07:45:01,55700.0,100.0,7113000.0
248,2021-10-20 07:45:01,55700.0,500.0,7112900.0
249,2021-10-20 07:45:01,55700.0,11200.0,7112400.0
250,2021-10-20 07:45:01,55700.0,2000.0,7101200.0
251,2021-10-20 07:45:01,55700.0,100.0,7099200.0
252,2021-10-20 07:45:01,55700.0,1000.0,7099100.0
253,2021-10-20 07:45:01,55700.0,100.0,7098100.0
254,2021-10-20 07:45:01,55700.0,1500.0,7098000.0
255,2021-10-20 07:45:01,55700.0,500.0,7096500.0
256,2021-10-20 07:45:01,55700.0,100.0,7096000.0
257,2021-10-20 07:45:01,55700.0,1500.0,7095900.0
258,2021-10-20 07:45:01,55700.0,4000.0,7094400.0
259,2021-10-20 07:45:01,55700.0,3000.0,7090400.0
260,2021-10-20 07:45:01,55700.0,1800.0,7087400.0
261,2021-10-20 07:45:01,55700.0,900.0,7085600.0
262,2021-10-20 07:45:01,55700.0,500.0,7084700.0
263,2021-10-20 07:45:01,55700.0,1000.0,7084200.0
264,2021-10-20 07:45:01,55700.0,4500.0,7083200.0
265,2021-10-20 07:45:01,55700.0,300.0,7078700.0
266,2021-10-20 07:45:01,55700.0,3700.0,7078400.0
267,2021-10-20 07:45:01,55700.0,400.0,7074700.0
268,2021-10-20 07:45:01,55700.0,900.0,7074300.0
269,2021-10-20 07:45:01,55700.0,500.0,7073400.0
270,2021-10-20 07:45:01,55700.0,500.0,7072900.0
271,2021-10-20 07:45:01,55700.0,1300.0,7072400.0
272,2021-10-20 07:45:01,55700.0,700.0,7071100.0
273,2021-10-20 07:45:01,55700.0,300.0,7070400.0
274,2021-10-20 07:45:01,55700.0,300.0,7070100.0
275,2021-10-20 07:45:01,55700.0,500.0,7069800.0
276,2021-10-20 07:45:01,55700.0,500.0,7069300.0
277,2021-10-20 07:45:01,55700.0,300.0,7068800.0
278,2021-10-20 07:45:01,55700.0,100.0,7068500.0
279,2021-10-20 07:45:01,55700.0,300.0,7068400.0
280,2021-10-20 07:45:01,55700.0,500.0,7068100.0
281,2021-10-20 07:45:01,55700.0,800.0,7067600.0
282,2021-10-20 07:45:01,55700.0,300.0,7066800.0
283,2021-10-20 07:45:01,55700.0,100.0,7066500.0
284,2021-10-20 07:45:01,55700.0,1600.0,7066400.0
285,2021-10-20 07:45:01,55700.0,500.0,7064800.0
286,2021-10-20 07:45:01,55700.0,200.0,7064300.0
287,2021-10-20 07:45:01,55700.0,200.0,7064100.0
288,2021-10-20 07:45:01,55700.0,200.0,7063900.0
289,2021-10-20 07:45:01,55700.0,500.0,7063700.0
290,2021-10-20 07:45:01,55700.0,100.0,7063200.0
291,2021-10-20 07:45:01,55700.0,500.0,7063100.0
292,2021-10-20 07:45:01,55700.0,100.0,7062600.0
293,2021-10-20 07:45:01,55700.0,500.0,7062500.0
294,2021-10-20 07:45:01,55700.0,500.0,7062000.0
295,2021-10-20 07:45:01,55700.0,800.0,7061500.0
296,2021-10-20 07:45:01,55700.0,100.0,7060700.0
297,2021-10-20 07:45:01,55700.0,100.0,7060600.0
298,2021-10-20 07:45:01,55700.0,200.0,7060500.0
299,2021-10-20 07:45:01,55700.0,400.0,7060300.0
300,2021-10-20 07:45:01,55700.0,200.0,7059900.0
301,2021-10-20 07:45:01,55700.0,100.0,7059700.0
302,2021-10-20 07:45:01,55700.0,500.0,7059600.0
303,2021-10-20 07:45:01,55700.0,200.0,7059100.0
304,2021-10-20 07:45:01,55700.0,500.0,7058900.0
305,2021-10-20 07:45:01,55700.0,100.0,7058400.0
306,2021-10-20 07:45:01,55700.0,200.0,7058300.0
307,2021-10-20 07:45:01,55700.0,2200.0,7058100.0
308,2021-10-20 07:45:01,55700.0,1000.0,7055900.0
309,2021-10-20 07:45:01,55700.0,600.0,7054900.0
310,2021-10-20 07:45:01,55700.0,100.0,7054300.0
311,2021-10-20 07:45:01,55700.0,100.0,7054200.0
312,2021-10-20 07:45:01,55700.0,100.0,7054100.0
313,2021-10-20 07:45:01,55700.0,300.0,7054000.0
314,2021-10-20 07:45:01,55700.0,300.0,7053700.0
315,2021-10-20 07:45:01,55700.0,300.0,7053400.0
316,2021-10-20 07:45:01,55700.0,200.0,7053100.0
317,2021-10-20 07:45:01,55700.0,200.0,7052900.0
318,2021-10-20 07:45:01,55700.0,300.0,7052700.0
319,2021-10-20 07:45:01,55700.0,1000.0,7052400.0
320,2021-10-20 07:45:01,55700.0,500.0,7051400.0
321,2021-10-20 07:45:01,55700.0,100.0,7050900.0
322,2021-10-20 07:45:01,55700.0,1000.0,7050800.0
323,2021-10-20 07:45:01,55700.0,100.0,7049800.0
324,2021-10-20 07:45:01,55700.0,1000.0,7049700.0
325,2021-10-20 07:45:01,55700.0,500.0,7048700.0
326,2021-10-20 07:45:01,55700.0,500.0,7048200.0
327,2021-10-20 07:45:01,55700.0,200.0,7047700.0
328,2021-10-20 07:45:01,55700.0,4300.0,7047500.0
329,2021-10-20 07:45:01,55700.0,600.0,7043200.0
330,2021-10-20 07:45:01,55700.0,100.0,7042600.0
331,2021-10-20 07:45:01,55700.0,200.0,7042500.0
332,2021-10-20 07:45:01,55700.0,1000.0,7042300.0
333,2021-10-20 07:45:01,55700.0,1000.0,7041300.0
334,2021-10-20 07:45:01,55700.0,200.0,7040300.0
335,2021-10-20 07:45:01,55700.0,200.0,7040100.0
336,2021-10-20 07:45:01,55700.0,100.0,7039900.0
337,2021-10-20 07:45:01,55700.0,300.0,7039800.0
338,2021-10-20 07:45:01,55700.0,300.0,7039500.0
339,2021-10-20 07:45:01,55700.0,3000.0,7039200.0
340,2021-10-20 07:45:01,55700.0,1300.0,7036200.0
341,2021-10-20 07:45:01,55700.0,100.0,7034900.0
342,2021-10-20 07:45:01,55700.0,500.0,7034800.0
343,2021-10-20 07:45:01,55700.0,100.0,7034300.0
344,2021-10-20 07:45:01,55700.0,500.0,7034200.0
345,2021-10-20 07:45:01,55700.0,500.0,7033700.0
346,2021-10-20 07:45:01,55700.0,200.0,7033200.0
347,2021-10-20 07:45:01,55700.0,1000.0,7033000.0
348,2021-10-20 07:45:01,55700.0,300.0,7032000.0
349,2021-10-20 07:45:01,55700.0,200.0,7031700.0
350,2021-10-20 07:45:01,55700.0,500.0,7031500.0
351,2021-10-20 07:45:01,55700.0,100.0,7031000.0
352,2021-10-20 07:45:01,55700.0,100.0,7030900.0
353,2021-10-20 07:45:01,55700.0,200.0,7030800.0
354,2021-10-20 07:45:01,55700.0,300.0,7030600.0
355,2021-10-20 07:45:01,55700.0,200.0,7030300.0
356,2021-10-20 07:45:01,55700.0,200.0,7030100.0
357,2021-10-20 07:45:01,55700.0,300.0,7029900.0
358,2021-10-20 07:45:01,55700.0,800.0,7029600.0
359,2021-10-20 07:45:01,55700.0,500.0,7028800.0
360,2021-10-20 07:45:01,55700.0,100.0,7028300.0
361,2021-10-20 07:45:01,55700.0,200.0,7028200.0
362,2021-10-20 07:45:01,55700.0,100.0,7028000.0
363,2021-10-20 07:45:01,55700.0,1000.0,7027900.0
364,2021-10-20 07:45:01,55700.0,400.0,7026900.0
365,2021-10-20 07:45:01,55700.0,100.0,7026500.0
366,2021-10-20 07:45:01,55700.0,100.0,7026400.0
367,2021-10-20 07:45:01,55700.0,100.0,7026300.0
368,2021-10-20 07:45:01,55700.0,4200.0,7026200.0
369,2021-10-20 07:45:01,55700.0,3000.0,7022000.0
370,2021-10-20 07:45:01,55700.0,200.0,7019000.0
371,2021-10-20 07:45:01,55700.0,1900.0,7018800.0
372,2021-10-20 07:45:01,55700.0,700.0,7016900.0
373,2021-10-20 07:45:01,55700.0,100.0,7016200.0
374,2021-10-20 07:45:01,55700.0,300.0,7016100.0
375,2021-10-20 07:45:01,55700.0,100.0,7015800.0
376,2021-10-20 07:45:01,55700.0,1100.0,7015700.0
377,2021-10-20 07:45:01,55700.0,100.0,7014600.0
378,2021-10-20 07:45:01,55700.0,1600.0,7014500.0
379,2021-10-20 07:45:01,55700.0,7500.0,7012900.0
380,2021-10-20 07:45:01,55700.0,500.0,7005400.0
381,2021-10-20 07:45:01,55700.0,15300.0,7004900.0
382,2021-10-20 07:45:01,55700.0,400.0,6989600.0
383,2021-10-20 07:45:01,55700.0,11000.0,6989200.0
384,2021-10-20 07:45:01,55700.0,13700.0,6978200.0
385,2021-10-20 07:45:01,55700.0,500.0,6964500.0
386,2021-10-20 07:45:01,55700.0,200.0,6964000.0
387,2021-10-20 07:45:01,55700.0,200.0,6963800.0
388,2021-10-20 07:45:01,55700.0,200.0,6963600.0
389,2021-10-20 07:45:01,55700.0,1000.0,6963400.0
390,2021-10-20 07:45:01,55700.0,300.0,6962400.0
391,2021-10-20 07:45:01,55700.0,100.0,6962100.0
392,2021-10-20 07:45:01,55700.0,5000.0,6962000.0
393,2021-10-20 07:45:01,55700.0,1000.0,6957000.0
394,2021-10-20 07:45:01,55700.0,7800.0,6956000.0
395,2021-10-20 07:45:01,55700.0,200.0,6948200.0
396,2021-10-20 07:45:01,55700.0,1000.0,6948000.0
397,2021-10-20 07:45:01,55700.0,1000.0,6947000.0
398,2021-10-20 07:45:01,55700.0,100.0,6946000.0
399,2021-10-20 07:45:01,55700.0,1000.0,6945900.0
400,2021-10-20 07:45:01,55700.0,500.0,6944900.0
401,2021-10-20 07:45:01,55700.0,1700.0,6944400.0
402,2021-10-20 07:45:01,55700.0,300.0,6942700.0
403,2021-10-20 07:45:01,55700.0,2000.0,6942400.0
404,2021-10-20 07:45:01,55700.0,700.0,6940400.0
405,2021-10-20 07:45:01,55700.0,700.0,6939700.0
406,2021-10-20 07:45:01,55700.0,100.0,6939000.0
407,2021-10-20 07:45:01,55700.0,5000.0,6938900.0
408,2021-10-20 07:45:01,55700.0,1600.0,6933900.0
409,2021-10-20 07:45:01,55700.0,2000.0,6932300.0
410,2021-10-20 07:45:01,55700.0,3000.0,6930300.0
411,2021-10-20 07:45:01,55700.0,100.0,6927300.0
412,2021-10-20 07:45:01,55700.0,1800.0,6927200.0
413,2021-10-20 07:45:01,55700.0,600.0,6925400.0
414,2021-10-20 07:45:01,55700.0,1000.0,6924800.0
415,2021-10-20 07:45:01,55700.0,100.0,6923800.0
416,2021-10-20 07:45:01,55700.0,1000.0,6923700.0
417,2021-10-20 07:45:01,55700.0,100.0,6922700.0
418,2021-10-20 07:45:01,55700.0,2000.0,6922600.0
419,2021-10-20 07:45:01,55700.0,100.0,6920600.0
420,2021-10-20 07:45:01,55700.0,100.0,6920500.0
421,2021-10-20 07:45:01,55700.0,300.0,6920400.0
422,2021-10-20 07:45:01,55700.0,2900.0,6920100.0
423,2021-10-20 07:45:01,55700.0,100.0,6917200.0
424,2021-10-20 07:45:01,55700.0,400.0,6917100.0
425,2021-10-20 07:45:01,55700.0,100.0,6916700.0
426,2021-10-20 07:45:01,55700.0,500.0,6916600.0
427,2021-10-20 07:45:01,55700.0,1500.0,6916100.0
428,2021-10-20 07:45:01,55700.0,8500.0,6914600.0
429,2021-10-20 07:45:01,55700.0,200.0,6906100.0
430,2021-10-20 07:45:01,55700.0,1300.0,6905900.0
431,2021-10-20 07:45:01,55700.0,700.0,6904600.0
432,2021-10-20 07:45:01,55700.0,100.0,6903900.0
433,2021-10-20 07:45:01,55700.0,1000.0,6903800.0
434,2021-10-20 07:45:01,55700.0,100.0,6902800.0
435,2021-10-20 07:45:01,55700.0,400.0,6902700.0
436,2021-10-20 07:45:01,55700.0,700.0,6902300.0
437,2021-10-20 07:45:01,55700.0,1000.0,6901600.0
438,2021-10-20 07:45:01,55700.0,200.0,6900600.0
439,2021-10-20 07:45:01,55700.0,100.0,6900400.0
440,2021-10-20 07:45:01,55700.0,100.0,6900300.0
441,2021-10-20 07:45:01,55700.0,100.0,6900200.0
442,2021-10-20 07:45:01,55700.0,100.0,6900100.0
443,2021-10-20 07:45:01,55700.0,400.0,6900000.0
444,2021-10-20 07:45:01,55700.0,500.0,6899600.0
445,2021-10-20 07:45:01,55700.0,500.0,6899100.0
446,2021-10-20 07:45:01,55700.0,900.0,6898600.0
447,2021-10-20 07:45:01,55700.0,100.0,6897700.0
448,2021-10-20 07:45:01,55700.0,1000.0,6897600.0
449,2021-10-20 07:45:01,55700.0,700.0,6896600.0
450,2021-10-20 07:45:01,55700.0,100.0,6895900.0
451,2021-10-20 07:45:01,55700.0,1200.0,6895800.0
452,2021-10-20 07:45:01,55700.0,800.0,6894600.0
453,2021-10-20 07:45:01,55700.0,100.0,6893800.0
454,2021-10-20 07:45:01,55700.0,600.0,6893700.0
455,2021-10-20 07:45:01,55700.0,400.0,6893100.0
456,2021-10-20 07:45:01,55700.0,100.0,6892700.0
457,2021-10-20 07:45:01,55700.0,200.0,6892600.0
458,2021-10-20 07:45:01,55700.0,2000.0,6892400.0
459,2021-10-20 07:45:01,55700.0,1000.0,6890400.0
460,2021-10-20 07:45:01,55700.0,100.0,6889400.0
461,2021-10-20 07:45:01,55700.0,200.0,6889300.0
462,2021-10-20 07:45:01,55700.0,100.0,6889100.0
463,2021-10-20 07:45:01,55700.0,900.0,6889000.0
464,2021-10-20 07:45:01,55700.0,100.0,6888100.0
465,2021-10-20 07:45:01,55700.0,100.0,6888000.0
466,2021-10-20 07:45:01,55700.0,300.0,6887900.0
467,2021-10-20 07:45:01,55700.0,100.0,6887600.0
468,2021-10-20 07:45:01,55700.0,200.0,6887500.0
469,2021-10-20 07:45:01,55700.0,400.0,6887300.0
470,2021-10-20 07:45:01,55700.0,300.0,6886900.0
471,2021-10-20 07:45:01,55700.0,800.0,6886600.0
472,2021-10-20 07:45:01,55700.0,500.0,6885800.0
473,2021-10-20 07:45:01,55700.0,400.0,6885300.0
474,2021-10-20 07:45:01,55700.0,6400.0,6884900.0
475,2021-10-20 07:45:01,55700.0,200.0,6878500.0
476,2021-10-20 07:45:01,55700.0,500.0,6878300.0
477,2021-10-20 07:45:01,55700.0,1000.0,6877800.0
478,2021-10-20 07:45:01,55700.0,2000.0,6876800.0
479,2021-10-20 07:45:01,55700.0,700.0,6874800.0
480,2021-10-20 07:45:01,55700.0,100.0,6874100.0
481,2021-10-20 07:45:01,55700.0,200.0,6874000.0
482,2021-10-20 07:45:01,55700.0,1000.0,6873800.0
483,2021-10-20 07:45:01,55700.0,100.0,6872800.0
484,2021-10-20 07:45:01,55700.0,200.0,6872700.0
485,2021-10-20 07:45:01,55700.0,500.0,6872500.0
486,2021-10-20 07:45:01,55700.0,100.0,6872000.0
487,2021-10-20 07:45:01,55700.0,100.0,6871900.0
488,2021-10-20 07:45:01,55700.0,1200.0,6871800.0
489,2021-10-20 07:45:01,55700.0,1000.0,6870600.0
490,2021-10-20 07:45:01,55700.0,1000.0,6869600.0
491,2021-10-20 07:45:01,55700.0,500.0,6868600.0
492,2021-10-20 07:45:01,55700.0,500.0,6868100.0
493,2021-10-20 07:45:01,55700.0,700.0,6867600.0
494,2021-10-20 07:45:01,55700.0,500.0,6866900.0
495,2021-10-20 07:45:01,55700.0,1000.0,6866400.0
496,2021-10-20 07:45:01,55700.0,10000.0,6865400.0
497,2021-10-20 07:45:01,55700.0,300.0,6855400.0
498,2021-10-20 07:45:01,55700.0,4000.0,6855100.0
499,2021-10-20 07:45:01,55700.0,3500.0,6851100.0
500,2021-10-20 07:45:01,55700.0,2500.0,6847600.0
501,2021-10-20 07:45:01,55700.0,2500.0,6845100.0
502,2021-10-20 07:45:01,55700.0,100.0,6842600.0
503,2021-10-20 07:45:01,55700.0,2200.0,6842500.0
504,2021-10-20 07:45:01,55700.0,100.0,6840300.0
505,2021-10-20 07:45:01,55700.0,300.0,6840200.0
506,2021-10-20 07:45:01,55700.0,700.0,6839900.0
507,2021-10-20 07:45:01,55700.0,3100.0,6839200.0
508,2021-10-20 07:45:01,55700.0,100.0,6836100.0
509,2021-10-20 07:45:01,55700.0,200.0,6836000.0
510,2021-10-20 07:45:01,55700.0,200.0,6835800.0
511,2021-10-20 07:45:01,55700.0,100.0,6835600.0
512,2021-10-20 07:45:01,55700.0,500.0,6835500.0
513,2021-10-20 07:45:01,55700.0,100.0,6835000.0
514,2021-10-20 07:45:01,55700.0,100.0,6834900.0
515,2021-10-20 07:45:01,55700.0,100.0,6834800.0
516,2021-10-20 07:45:01,55700.0,200.0,6834700.0
517,2021-10-20 07:45:01,55700.0,1000.0,6834500.0
518,2021-10-20 07:45:01,55700.0,100.0,6833500.0
519,2021-10-20 07:45:01,55700.0,100.0,6833400.0
520,2021-10-20 07:45:01,55700.0,100.0,6833300.0
521,2021-10-20 07:45:01,55700.0,100.0,6833200.0
522,2021-10-20 07:45:01,55700.0,8700.0,6833100.0
523,2021-10-20 07:45:01,55700.0,1000.0,6824400.0
524,2021-10-20 07:45:01,55700.0,300.0,6823400.0
525,2021-10-20 07:45:01,55700.0,400.0,6823100.0
526,2021-10-20 07:45:01,55700.0,600.0,6822700.0
527,2021-10-20 07:45:01,55700.0,100.0,6822100.0
528,2021-10-20 07:45:01,55700.0,1000.0,6822000.0
529,2021-10-20 07:45:01,55700.0,100.0,6821000.0
530,2021-10-20 07:45:01,55700.0,3200.0,6820900.0
531,2021-10-20 07:45:01,55700.0,6800.0,6817700.0
532,2021-10-20 07:45:01,55700.0,200.0,6810900.0
533,2021-10-20 07:45:01,55700.0,100.0,6810700.0
534,2021-10-20 07:45:01,55700.0,5000.0,6810600.0
535,2021-10-20 07:45:01,55700.0,500.0,6805600.0
536,2021-10-20 07:45:01,55700.0,500.0,6805100.0
537,2021-10-20 07:45:01,55700.0,1900.0,6804600.0
538,2021-10-20 07:45:01,55700.0,300.0,6802700.0
539,2021-10-20 07:45:01,55700.0,100.0,6802400.0
540,2021-10-20 07:45:01,55700.0,100.0,6802300.0
541,2021-10-20 07:45:01,55700.0,300.0,6802200.0
542,2021-10-20 07:45:01,55700.0,200.0,6801900.0
543,2021-10-20 07:45:01,55700.0,100.0,6801700.0
544,2021-10-20 07:45:01,55700.0,100.0,6801600.0
545,2021-10-20 07:45:01,55700.0,100.0,6801500.0
546,2021-10-20 07:45:01,55700.0,1000.0,6801400.0
547,2021-10-20 07:45:01,55700.0,500.0,6800400.0
548,2021-10-20 07:45:01,55700.0,200.0,6799900.0
549,2021-10-20 07:45:01,55700.0,1300.0,6799700.0
550,2021-10-20 07:45:01,55700.0,700.0,6798400.0
551,2021-10-20 07:45:01,55700.0,400.0,6797700.0
552,2021-10-20 07:45:01,55700.0,600.0,6797300.0
553,2021-10-20 07:45:01,55700.0,500.0,6796700.0
554,2021-10-20 07:45:01,55700.0,500.0,6796200.0
555,2021-10-20 07:45:01,55700.0,500.0,6795700.0
556,2021-10-20 07:45:01,55700.0,500.0,6795200.0
557,2021-10-20 07:45:01,55700.0,300.0,6794700.0
558,2021-10-20 07:45:01,55700.0,12000.0,6794400.0
559,2021-10-20 07:45:01,55700.0,500.0,6782400.0
560,2021-10-20 07:45:01,55700.0,400.0,6781900.0
561,2021-10-20 07:45:01,55700.0,100.0,6781500.0
562,2021-10-20 07:45:01,55700.0,100.0,6781400.0
563,2021-10-20 07:45:01,55700.0,100.0,6781300.0
564,2021-10-20 07:45:01,55700.0,2000.0,6781200.0
565,2021-10-20 07:45:01,55700.0,900.0,6779200.0
566,2021-10-20 07:45:01,55700.0,200.0,6778300.0
567,2021-10-20 07:45:01,55700.0,700.0,6778100.0
568,2021-10-20 07:45:01,55700.0,200.0,6777400.0
569,2021-10-20 07:45:01,55700.0,2000.0,6777200.0
570,2021-10-20 07:45:01,55700.0,3000.0,6775200.0
571,2021-10-20 07:45:01,55700.0,1500.0,6772200.0
572,2021-10-20 07:45:01,55700.0,2700.0,6770700.0
573,2021-10-20 07:45:01,55700.0,100.0,6768000.0
574,2021-10-20 07:45:01,55700.0,500.0,6767900.0
575,2021-10-20 07:45:01,55700.0,100.0,6767400.0
576,2021-10-20 07:45:01,55700.0,100.0,6767300.0
577,2021-10-20 07:45:01,55700.0,1300.0,6767200.0
578,2021-10-20 07:45:01,55700.0,1000.0,6765900.0
579,2021-10-20 07:45:01,55700.0,300.0,6764900.0
580,2021-10-20 07:45:00,55700.0,400.0,6764600.0
581,2021-10-20 07:45:00,55700.0,100.0,6764200.0
582,2021-10-20 07:45:00,55700.0,100.0,6764100.0
583,2021-10-20 07:45:00,55700.0,400.0,6764000.0
584,2021-10-20 07:45:00,55700.0,200.0,6763600.0
585,2021-10-20 07:45:00,55700.0,1000.0,6763400.0
586,2021-10-20 07:45:00,55700.0,500.0,6762400.0
587,2021-10-20 07:45:00,55700.0,1000.0,6761900.0
588,2021-10-20 07:45:00,55700.0,1000.0,6760900.0
589,2021-10-20 07:45:00,55700.0,2000.0,6759900.0
590,2021-10-20 07:45:00,55700.0,100.0,6757900.0
591,2021-10-20 07:45:00,55700.0,4200.0,6757800.0
592,2021-10-20 07:45:00,55700.0,300.0,6753600.0
593,2021-10-20 07:45:00,55700.0,7600.0,6753300.0
594,2021-10-20 07:45:00,55700.0,2400.0,6745700.0
595,2021-10-20 07:45:00,55700.0,100.0,6743300.0
596,2021-10-20 07:45:00,55700.0,1000.0,6743200.0
597,2021-10-20 07:45:00,55700.0,500.0,6742200.0
598,2021-10-20 07:45:00,55700.0,1000.0,6741700.0
599,2021-10-20 07:45:00,55700.0,100.0,6740700.0
600,2021-10-20 07:45:00,55700.0,4900.0,6740600.0
601,2021-10-20 07:45:00,55700.0,5000.0,6735700.0
602,2021-10-20 07:45:00,55700.0,5100.0,6730700.0
603,2021-10-20 07:45:00,55700.0,1600.0,6725600.0
604,2021-10-20 07:45:00,55700.0,1000.0,6724000.0
605,2021-10-20 07:45:00,55700.0,100.0,6723000.0
606,2021-10-20 07:45:00,55700.0,600.0,6722900.0
607,2021-10-20 07:45:00,55700.0,1600.0,6722300.0
608,2021-10-20 07:45:00,55700.0,100.0,6720700.0
609,2021-10-20 07:45:00,55700.0,100.0,6720600.0
610,2021-10-20 07:45:00,55700.0,1000.0,6720500.0
611,2021-10-20 07:45:00,55700.0,500.0,6719500.0
612,2021-10-20 07:45:00,55700.0,200.0,6719000.0
613,2021-10-20 07:45:00,55700.0,300.0,6718800.0
614,2021-10-20 07:45:00,55700.0,100.0,6718500.0
615,2021-10-20 07:45:00,55700.0,1000.0,6718400.0
616,2021-10-20 07:45:00,55700.0,1000.0,6717400.0
617,2021-10-20 07:45:00,55700.0,2000.0,6716400.0
618,2021-10-20 07:45:00,55700.0,100.0,6714400.0
619,2021-10-20 07:45:00,55700.0,500.0,6714300.0
620,2021-10-20 07:45:00,55700.0,300.0,6713800.0
621,2021-10-20 07:45:00,55700.0,2000.0,6713500.0
622,2021-10-20 07:45:00,55700.0,200.0,6711500.0
623,2021-10-20 07:45:00,55700.0,100.0,6711300.0
624,2021-10-20 07:45:00,55700.0,1000.0,6711200.0
625,2021-10-20 07:45:00,55700.0,1000.0,6710200.0
626,2021-10-20 07:45:00,55700.0,1000.0,6709200.0
627,2021-10-20 07:45:00,55700.0,100.0,6708200.0
628,2021-10-20 07:45:00,55700.0,100.0,6708100.0
629,2021-10-20 07:45:00,55700.0,28000.0,6708000.0
630,2021-10-20 07:45:00,55700.0,100.0,6680000.0
631,2021-10-20 07:45:00,55700.0,2000.0,6679900.0
632,2021-10-20 07:45:00,55700.0,5600.0,6677900.0
633,2021-10-20 07:45:00,55700.0,1000.0,6672300.0
634,2021-10-20 07:45:00,55700.0,100.0,6671300.0
635,2021-10-20 07:45:00,55700.0,900.0,6671200.0
636,2021-10-20 07:45:00,55700.0,200.0,6670300.0
637,2021-10-20 07:45:00,55700.0,300.0,6670100.0
638,2021-10-20 07:45:00,55700.0,300.0,6669800.0
639,2021-10-20 07:45:00,55700.0,500.0,6669500.0
640,2021-10-20 07:45:00,55700.0,200.0,6669000.0
641,2021-10-20 07:45:00,55700.0,100.0,6668800.0
642,2021-10-20 07:45:00,55700.0,100.0,6668700.0
643,2021-10-20 07:45:00,55700.0,4000.0,6668600.0
644,2021-10-20 07:45:00,55700.0,100.0,6664600.0
645,2021-10-20 07:45:00,55700.0,100.0,6664500.0
646,2021-10-20 07:45:00,55700.0,500.0,6664400.0
647,2021-10-20 07:45:00,55700.0,100.0,6663900.0
648,2021-10-20 07:45:00,55700.0,200.0,6663800.0
649,2021-10-20 07:45:00,55700.0,500.0,6663600.0
650,2021-10-20 07:29:57,54200.0,1500.0,6663100.0
651,2021-10-20 07:29:55,54200.0,100.0,6661600.0
652,2021-10-20 07:29:54,54200.0,800.0,6661500.0
653,2021-10-20 07:29:51,54200.0,8900.0,6660700.0
654,2021-10-20 07:29:51,54200.0,500.0,6651800.0
655,2021-10-20 07:29:51,54200.0,600.0,6651300.0
656,2021-10-20 07:29:46,54200.0,300.0,6650700.0
657,2021-10-20 07:29:41,54200.0,100.0,6650400.0
658,2021-10-20 07:29:38,54200.0,600.0,6650300.0
659,2021-10-20 07:29:34,54200.0,100.0,6649700.0
660,2021-10-20 07:29:31,54200.0,200.0,6649600.0
661,2021-10-20 07:29:27,54200.0,200.0,6649400.0
662,2021-10-20 07:29:27,54200.0,1000.0,6649200.0
663,2021-10-20 07:29:27,54200.0,500.0,6648200.0
664,2021-10-20 07:29:27,54200.0,1900.0,6647700.0
665,2021-10-20 07:29:26,54200.0,100.0,6645800.0
666,2021-10-20 07:29:26,54200.0,100.0,6645700.0
667,2021-10-20 07:29:26,54200.0,1500.0,6645600.0
668,2021-10-20 07:29:26,54200.0,100.0,6644100.0
669,2021-10-20 07:29:26,54200.0,1200.0,6644000.0
670,2021-10-20 07:29:17,54200.0,800.0,6642800.0
671,2021-10-20 07:29:17,54200.0,400.0,6642000.0
672,2021-10-20 07:29:17,54200.0,200.0,6641600.0
673,2021-10-20 07:29:17,54200.0,1000.0,6641400.0
674,2021-10-20 07:29:17,54200.0,1000.0,6640400.0
675,2021-10-20 07:29:17,54200.0,1900.0,6639400.0
676,2021-10-20 07:29:17,54200.0,500.0,6637500.0
677,2021-10-20 07:29:17,54200.0,100.0,6637000.0
678,2021-10-20 07:29:17,54200.0,500.0,6636900.0
679,2021-10-20 07:29:17,54200.0,100.0,6636400.0
680,2021-10-20 07:29:17,54200.0,100.0,6636300.0
681,2021-10-20 07:29:17,54200.0,300.0,6636200.0
682,2021-10-20 07:29:17,54200.0,400.0,6635900.0
683,2021-10-20 07:29:17,54200.0,200.0,6635500.0
684,2021-10-20 07:29:17,54200.0,300.0,6635300.0
685,2021-10-20 07:29:17,54200.0,1000.0,6635000.0
686,2021-10-20 07:29:17,54200.0,1000.0,6634000.0
687,2021-10-20 07:29:17,54200.0,100.0,6633000.0
688,2021-10-20 07:29:17,54200.0,300.0,6632900.0
689,2021-10-20 07:29:17,54200.0,100.0,6632600.0
690,2021-10-20 07:29:17,54200.0,100.0,6632500.0
691,2021-10-20 07:29:17,54200.0,200.0,6632400.0
692,2021-10-20 07:29:17,54200.0,1700.0,6632200.0
693,2021-10-20 07:29:14,54200.0,100.0,6630500.0
694,2021-10-20 07:29:14,54200.0,2500.0,6630400.0
695,2021-10-20 07:29:14,54200.0,2000.0,6627900.0
696,2021-10-20 07:29:14,54200.0,100.0,6625900.0
697,2021-10-20 07:29:14,54200.0,300.0,6625800.0
698,2021-10-20 07:29:10,54200.0,1000.0,6625500.0
699,2021-10-20 07:29:10,54200.0,100.0,6624500.0
700,2021-10-20 07:29:07,54200.0,500.0,6624400.0
701,2021-10-20 07:29:07,54200.0,200.0,6623900.0
702,2021-10-20 07:29:07,54200.0,100.0,6623700.0
703,2021-10-20 07:29:07,54200.0,100.0,6623600.0
704,2021-10-20 07:29:07,54200.0,200.0,6623500.0
705,2021-10-20 07:29:07,54200.0,100.0,6623300.0
706,2021-10-20 07:29:07,54200.0,200.0,6623200.0
707,2021-10-20 07:29:07,54200.0,100.0,6623000.0
708,2021-10-20 07:29:07,54200.0,800.0,6622900.0
709,2021-10-20 07:29:07,54200.0,300.0,6622100.0
710,2021-10-20 07:29:04,54100.0,1000.0,6621800.0
711,2021-10-20 07:29:04,54200.0,200.0,6620800.0
712,2021-10-20 07:28:52,54200.0,100.0,6620600.0
713,2021-10-20 07:28:49,54100.0,2000.0,6620500.0
714,2021-10-20 07:28:47,54200.0,400.0,6618500.0
715,2021-10-20 07:28:47,54200.0,200.0,6618100.0
716,2021-10-20 07:28:47,54200.0,1000.0,6617900.0
717,2021-10-20 07:28:47,54200.0,1000.0,6616900.0
718,2021-10-20 07:28:47,54200.0,500.0,6615900.0
719,2021-10-20 07:28:47,54200.0,500.0,6615400.0
720,2021-10-20 07:28:47,54200.0,200.0,6614900.0
721,2021-10-20 07:28:47,54200.0,700.0,6614700.0
722,2021-10-20 07:28:47,54200.0,200.0,6614000.0
723,2021-10-20 07:28:47,54200.0,300.0,6613800.0
724,2021-10-20 07:28:45,54200.0,600.0,6613500.0
725,2021-10-20 07:28:45,54200.0,4400.0,6612900.0
726,2021-10-20 07:28:41,54200.0,500.0,6608500.0
727,2021-10-20 07:28:39,54100.0,1000.0,6608000.0
728,2021-10-20 07:28:36,54200.0,5100.0,6607000.0
729,2021-10-20 07:28:36,54200.0,100.0,6601900.0
730,2021-10-20 07:28:36,54200.0,300.0,6601800.0
731,2021-10-20 07:28:29,54100.0,2000.0,6601500.0
732,2021-10-20 07:28:29,54200.0,1700.0,6599500.0
733,2021-10-20 07:28:29,54200.0,200.0,6597800.0
734,2021-10-20 07:28:29,54200.0,100.0,6597600.0
735,2021-10-20 07:28:29,54200.0,1000.0,6597500.0
736,2021-10-20 07:28:29,54200.0,100.0,6596500.0
737,2021-10-20 07:28:29,54200.0,600.0,6596400.0
738,2021-10-20 07:28:29,54200.0,300.0,6595800.0
739,2021-10-20 07:28:29,54200.0,100.0,6595500.0
740,2021-10-20 07:28:29,54200.0,200.0,6595400.0
741,2021-10-20 07:28:29,54200.0,100.0,6595200.0
742,2021-10-20 07:28:29,54200.0,300.0,6595100.0
743,2021-10-20 07:28:29,54200.0,200.0,6594800.0
744,2021-10-20 07:28:29,54200.0,100.0,6594600.0
745,2021-10-20 07:28:27,54100.0,300.0,6594500.0
746,2021-10-20 07:28:24,54100.0,200.0,6594200.0
747,2021-10-20 07:28:14,54200.0,400.0,6594000.0
748,2021-10-20 07:28:14,54200.0,100.0,6593600.0
749,2021-10-20 07:28:14,54200.0,500.0,6593500.0
750,2021-10-20 07:28:10,54200.0,500.0,6593000.0
751,2021-10-20 07:28:09,54100.0,1000.0,6592500.0
752,2021-10-20 07:28:09,54100.0,200.0,6591500.0
753,2021-10-20 07:28:09,54100.0,10000.0,6591300.0
754,2021-10-20 07:28:09,54100.0,100.0,6581300.0
755,2021-10-20 07:28:09,54100.0,10000.0,6581200.0
756,2021-10-20 07:28:09,54100.0,100.0,6571200.0
757,2021-10-20 07:28:09,54100.0,100.0,6571100.0
758,2021-10-20 07:28:09,54100.0,200.0,6571000.0
759,2021-10-20 07:28:09,54100.0,700.0,6570800.0
760,2021-10-20 07:28:09,54100.0,400.0,6570100.0
761,2021-10-20 07:28:09,54100.0,100.0,6569700.0
762,2021-10-20 07:28:09,54100.0,200.0,6569600.0
763,2021-10-20 07:28:09,54100.0,100.0,6569400.0
764,2021-10-20 07:28:09,54100.0,300.0,6569300.0
765,2021-10-20 07:28:09,54100.0,100.0,6569000.0
766,2021-10-20 07:28:09,54100.0,100.0,6568900.0
767,2021-10-20 07:28:09,54100.0,800.0,6568800.0
768,2021-10-20 07:28:09,54100.0,100.0,6568000.0
769,2021-10-20 07:28:09,54100.0,300.0,6567900.0
770,2021-10-20 07:28:09,54100.0,100.0,6567600.0
771,2021-10-20 07:28:09,54100.0,200.0,6567500.0
772,2021-10-20 07:28:09,54100.0,8700.0,6567300.0
773,2021-10-20 07:28:05,54000.0,100.0,6558600.0
774,2021-10-20 07:28:04,54000.0,500.0,6558500.0
775,2021-10-20 07:28:03,54000.0,1900.0,6558000.0
776,2021-10-20 07:28:00,54100.0,200.0,6556100.0
777,2021-10-20 07:27:59,54100.0,100.0,6555900.0
778,2021-10-20 07:27:59,54000.0,500.0,6555800.0
779,2021-10-20 07:27:53,54100.0,1000.0,6555300.0
780,2021-10-20 07:27:52,54000.0,1000.0,6554300.0
781,2021-10-20 07:27:52,54000.0,500.0,6553300.0
782,2021-10-20 07:27:51,54000.0,5600.0,6552800.0
783,2021-10-20 07:27:51,54000.0,5000.0,6547200.0
784,2021-10-20 07:27:50,54000.0,500.0,6542200.0
785,2021-10-20 07:27:50,54000.0,2000.0,6541700.0
786,2021-10-20 07:27:50,54000.0,6900.0,6539700.0
787,2021-10-20 07:27:49,54000.0,1000.0,6532800.0
788,2021-10-20 07:27:47,54000.0,12100.0,6531800.0
789,2021-10-20 07:27:47,54000.0,3300.0,6519700.0
790,2021-10-20 07:27:46,54000.0,1000.0,6516400.0
791,2021-10-20 07:27:42,54000.0,1000.0,6515400.0
792,2021-10-20 07:27:39,54000.0,500.0,6514400.0
793,2021-10-20 07:27:39,54000.0,400.0,6513900.0
794,2021-10-20 07:27:38,53900.0,500.0,6513500.0
795,2021-10-20 07:27:36,54000.0,600.0,6513000.0
796,2021-10-20 07:27:36,54000.0,100.0,6512400.0
797,2021-10-20 07:27:36,54000.0,100.0,6512300.0
798,2021-10-20 07:27:36,54000.0,200.0,6512200.0
799,2021-10-20 07:27:35,54000.0,500.0,6512000.0
800,2021-10-20 07:27:30,53900.0,1000.0,6511500.0
801,2021-10-20 07:27:29,54000.0,400.0,6510500.0
802,2021-10-20 07:27:27,54000.0,500.0,6510100.0
803,2021-10-20 07:27:27,54000.0,3400.0,6509600.0
804,2021-10-20 07:27:24,54000.0,400.0,6506200.0
805,2021-10-20 07:27:23,54000.0,500.0,6505800.0
806,2021-10-20 07:27:22,54000.0,200.0,6505300.0
807,2021-10-20 07:27:19,54000.0,500.0,6505100.0
808,2021-10-20 07:27:19,54000.0,500.0,6504600.0
809,2021-10-20 07:27:19,54000.0,200.0,6504100.0
810,2021-10-20 07:27:19,54000.0,200.0,6503900.0
811,2021-10-20 07:27:19,54000.0,2000.0,6503700.0
812,2021-10-20 07:27:19,54000.0,2100.0,6501700.0
813,2021-10-20 07:27:18,54000.0,200.0,6499600.0
814,2021-10-20 07:27:18,54000.0,4800.0,6499400.0
815,2021-10-20 07:27:17,54000.0,4400.0,6494600.0
816,2021-10-20 07:27:16,54000.0,2000.0,6490200.0
817,2021-10-20 07:27:16,54000.0,100.0,6488200.0
818,2021-10-20 07:27:14,54000.0,400.0,6488100.0
819,2021-10-20 07:27:11,54000.0,1000.0,6487700.0
820,2021-10-20 07:27:11,53900.0,1000.0,6486700.0
821,2021-10-20 07:27:11,54000.0,2000.0,6485700.0
822,2021-10-20 07:27:10,54000.0,5000.0,6483700.0
823,2021-10-20 07:27:08,53900.0,100.0,6478700.0
824,2021-10-20 07:27:05,54000.0,1000.0,6478600.0
825,2021-10-20 07:27:04,53900.0,2200.0,6477600.0
826,2021-10-20 07:27:04,53900.0,5500.0,6475400.0
827,2021-10-20 07:27:04,53900.0,200.0,6469900.0
828,2021-10-20 07:27:04,53900.0,5000.0,6469700.0
829,2021-10-20 07:27:04,53900.0,200.0,6464700.0
830,2021-10-20 07:27:04,53900.0,4700.0,6464500.0
831,2021-10-20 07:27:04,53900.0,5000.0,6459800.0
832,2021-10-20 07:27:04,53900.0,400.0,6454800.0
833,2021-10-20 07:27:04,53900.0,100.0,6454400.0
834,2021-10-20 07:27:04,53900.0,5500.0,6454300.0
835,2021-10-20 07:27:04,53900.0,500.0,6448800.0
836,2021-10-20 07:27:04,54000.0,3000.0,6448300.0
837,2021-10-20 07:27:04,54000.0,5000.0,6445300.0
838,2021-10-20 07:27:04,54000.0,1000.0,6440300.0
839,2021-10-20 07:27:04,54000.0,300.0,6439300.0
840,2021-10-20 07:27:04,54000.0,400.0,6439000.0
841,2021-10-20 07:27:00,54000.0,1200.0,6438600.0
842,2021-10-20 07:27:00,54000.0,1000.0,6437400.0
843,2021-10-20 07:27:00,54000.0,300.0,6436400.0
844,2021-10-20 07:27:00,54000.0,300.0,6436100.0
845,2021-10-20 07:27:00,54000.0,500.0,6435800.0
846,2021-10-20 07:27:00,54000.0,200.0,6435300.0
847,2021-10-20 07:27:00,54000.0,400.0,6435100.0
848,2021-10-20 07:27:00,54000.0,400.0,6434700.0
849,2021-10-20 07:27:00,54000.0,300.0,6434300.0
850,2021-10-20 07:27:00,54000.0,2000.0,6434000.0
851,2021-10-20 07:27:00,54000.0,1000.0,6432000.0
852,2021-10-20 07:27:00,54000.0,500.0,6431000.0
853,2021-10-20 07:27:00,54000.0,400.0,6430500.0
854,2021-10-20 07:27:00,54000.0,100.0,6430100.0
855,2021-10-20 07:27:00,54000.0,500.0,6430000.0
856,2021-10-20 07:26:59,54000.0,500.0,6429500.0
857,2021-10-20 07:26:59,54000.0,100.0,6429000.0
858,2021-10-20 07:26:59,54000.0,1000.0,6428900.0
859,2021-10-20 07:26:59,54000.0,100.0,6427900.0
860,2021-10-20 07:26:59,54000.0,300.0,6427800.0
861,2021-10-20 07:26:58,54000.0,700.0,6427500.0
862,2021-10-20 07:26:58,54000.0,3000.0,6426800.0
863,2021-10-20 07:26:58,54000.0,100.0,6423800.0
864,2021-10-20 07:26:58,54000.0,100.0,6423700.0
865,2021-10-20 07:26:58,54000.0,200.0,6423600.0
866,2021-10-20 07:26:58,54000.0,100.0,6423400.0
867,2021-10-20 07:26:58,54000.0,500.0,6423300.0
868,2021-10-20 07:26:58,54000.0,100.0,6422800.0
869,2021-10-20 07:26:58,54000.0,100.0,6422700.0
870,2021-10-20 07:26:58,54000.0,400.0,6422600.0
871,2021-10-20 07:26:58,54000.0,100.0,6422200.0
872,2021-10-20 07:26:58,54000.0,100.0,6422100.0
873,2021-10-20 07:26:58,54000.0,100.0,6422000.0
874,2021-10-20 07:26:58,54000.0,500.0,6421900.0
875,2021-10-20 07:26:58,54000.0,800.0,6421400.0
876,2021-10-20 07:26:57,54000.0,4200.0,6420600.0
877,2021-10-20 07:26:57,54000.0,200.0,6416400.0
878,2021-10-20 07:26:57,54000.0,600.0,6416200.0
879,2021-10-20 07:26:56,54000.0,100.0,6415600.0
880,2021-10-20 07:26:56,54000.0,300.0,6415500.0
881,2021-10-20 07:26:56,54000.0,200.0,6415200.0
882,2021-10-20 07:26:56,54000.0,100.0,6415000.0
883,2021-10-20 07:26:56,54000.0,500.0,6414900.0
884,2021-10-20 07:26:56,54000.0,100.0,6414400.0
885,2021-10-20 07:26:56,54000.0,800.0,6414300.0
886,2021-10-20 07:26:55,54000.0,200.0,6413500.0
887,2021-10-20 07:26:55,54000.0,100.0,6413300.0
888,2021-10-20 07:26:55,54000.0,400.0,6413200.0
889,2021-10-20 07:26:55,54000.0,500.0,6412800.0
890,2021-10-20 07:26:55,54000.0,5000.0,6412300.0
891,2021-10-20 07:26:55,54000.0,1000.0,6407300.0
892,2021-10-20 07:26:55,54000.0,500.0,6406300.0
893,2021-10-20 07:26:55,54000.0,200.0,6405800.0
894,2021-10-20 07:26:55,54000.0,1000.0,6405600.0
895,2021-10-20 07:26:55,54000.0,1200.0,6404600.0
896,2021-10-20 07:26:54,54000.0,200.0,6403400.0
897,2021-10-20 07:26:53,54000.0,1000.0,6403200.0
898,2021-10-20 07:26:53,54000.0,700.0,6402200.0
899,2021-10-20 07:26:53,54000.0,400.0,6401500.0
900,2021-10-20 07:26:53,54000.0,300.0,6401100.0
901,2021-10-20 07:26:53,54000.0,1000.0,6400800.0
902,2021-10-20 07:26:53,54000.0,400.0,6399800.0
903,2021-10-20 07:26:53,54000.0,100.0,6399400.0
904,2021-10-20 07:26:53,54000.0,100.0,6399300.0
905,2021-10-20 07:26:53,54000.0,500.0,6399200.0
906,2021-10-20 07:26:53,54000.0,500.0,6398700.0
907,2021-10-20 07:26:53,54000.0,200.0,6398200.0
908,2021-10-20 07:26:53,54000.0,500.0,6398000.0
909,2021-10-20 07:26:53,54000.0,100.0,6397500.0
910,2021-10-20 07:26:53,54000.0,200.0,6397400.0
911,2021-10-20 07:26:51,54000.0,1800.0,6397200.0
912,2021-10-20 07:26:51,54000.0,200.0,6395400.0
913,2021-10-20 07:26:51,54000.0,500.0,6395200.0
914,2021-10-20 07:26:49,54000.0,1400.0,6394700.0
915,2021-10-20 07:26:49,54000.0,100.0,6393300.0
916,2021-10-20 07:26:49,54000.0,100.0,6393200.0
917,2021-10-20 07:26:49,54000.0,900.0,6393100.0
918,2021-10-20 07:26:49,54000.0,300.0,6392200.0
919,2021-10-20 07:26:49,54000.0,1000.0,6391900.0
920,2021-10-20 07:26:49,54000.0,500.0,6390900.0
921,2021-10-20 07:26:49,54000.0,500.0,6390400.0
922,2021-10-20 07:26:49,54000.0,200.0,6389900.0
923,2021-10-20 07:26:49,54000.0,100.0,6389700.0
924,2021-10-20 07:26:49,54000.0,400.0,6389600.0
925,2021-10-20 07:26:48,54000.0,400.0,6389200.0
926,2021-10-20 07:26:48,54000.0,200.0,6388800.0
927,2021-10-20 07:26:48,54000.0,500.0,6388600.0
928,2021-10-20 07:26:48,54000.0,500.0,6388100.0
929,2021-10-20 07:26:48,54000.0,400.0,6387600.0
930,2021-10-20 07:26:47,54000.0,100.0,6387200.0
931,2021-10-20 07:26:45,54000.0,300.0,6387100.0
932,2021-10-20 07:26:45,54000.0,100.0,6386800.0
933,2021-10-20 07:26:45,54000.0,100.0,6386700.0
934,2021-10-20 07:26:44,54000.0,300.0,6386600.0
935,2021-10-20 07:26:44,54000.0,100.0,6386300.0
936,2021-10-20 07:26:44,54000.0,500.0,6386200.0
937,2021-10-20 07:26:44,54000.0,2000.0,6385700.0
938,2021-10-20 07:26:44,54000.0,100.0,6383700.0
939,2021-10-20 07:26:43,54000.0,900.0,6383600.0
940,2021-10-20 07:26:43,54000.0,200.0,6382700.0
941,2021-10-20 07:26:43,54000.0,1000.0,6382500.0
942,2021-10-20 07:26:43,54000.0,1000.0,6381500.0
943,2021-10-20 07:26:43,54000.0,500.0,6380500.0
944,2021-10-20 07:26:43,54000.0,1400.0,6380000.0
945,2021-10-20 07:26:41,54000.0,1600.0,6378600.0
946,2021-10-20 07:26:41,54000.0,100.0,6377000.0
947,2021-10-20 07:26:41,54000.0,1300.0,6376900.0
948,2021-10-20 07:26:41,54000.0,3000.0,6375600.0
949,2021-10-20 07:26:40,54000.0,500.0,6372600.0
950,2021-10-20 07:26:40,54000.0,100.0,6372100.0
951,2021-10-20 07:26:40,54000.0,700.0,6372000.0
952,2021-10-20 07:26:40,54000.0,400.0,6371300.0
953,2021-10-20 07:26:40,54000.0,300.0,6370900.0
954,2021-10-20 07:26:39,54000.0,200.0,6370600.0
955,2021-10-20 07:26:39,54000.0,1200.0,6370400.0
956,2021-10-20 07:26:39,54000.0,500.0,6369200.0
957,2021-10-20 07:26:39,54000.0,1100.0,6368700.0
958,2021-10-20 07:26:38,54000.0,500.0,6367600.0
959,2021-10-20 07:26:38,54000.0,200.0,6367100.0
960,2021-10-20 07:26:38,54000.0,1000.0,6366900.0
961,2021-10-20 07:26:38,54000.0,500.0,6365900.0
962,2021-10-20 07:26:38,54000.0,200.0,6365400.0
963,2021-10-20 07:26:38,54000.0,100.0,6365200.0
964,2021-10-20 07:26:38,54000.0,100.0,6365100.0
965,2021-10-20 07:26:38,54000.0,400.0,6365000.0
966,2021-10-20 07:26:37,54000.0,400.0,6364600.0
967,2021-10-20 07:26:37,54000.0,600.0,6364200.0
968,2021-10-20 07:26:37,54000.0,200.0,6363600.0
969,2021-10-20 07:26:37,54000.0,100.0,6363400.0
970,2021-10-20 07:26:37,54000.0,500.0,6363300.0
971,2021-10-20 07:26:37,53900.0,100.0,6362800.0
972,2021-10-20 07:26:37,53900.0,100.0,6362700.0
973,2021-10-20 07:26:37,53900.0,800.0,6362600.0
974,2021-10-20 07:26:36,54000.0,500.0,6361800.0
975,2021-10-20 07:26:36,54000.0,700.0,6361300.0
976,2021-10-20 07:26:35,54000.0,200.0,6360600.0
977,2021-10-20 07:26:35,54000.0,500.0,6360400.0
978,2021-10-20 07:26:35,54000.0,6500.0,6359900.0
979,2021-10-20 07:26:35,54000.0,100.0,6353400.0
980,2021-10-20 07:26:35,54000.0,200.0,6353300.0
981,2021-10-20 07:26:35,54000.0,100.0,6353100.0
982,2021-10-20 07:26:35,54000.0,100.0,6353000.0
983,2021-10-20 07:26:35,54000.0,1700.0,6352900.0
984,2021-10-20 07:26:35,54000.0,1000.0,6351200.0
985,2021-10-20 07:26:35,54000.0,1700.0,6350200.0
986,2021-10-20 07:26:35,54000.0,200.0,6348500.0
987,2021-10-20 07:26:35,54000.0,300.0,6348300.0
988,2021-10-20 07:26:35,54000.0,500.0,6348000.0
989,2021-10-20 07:26:35,54000.0,200.0,6347500.0
990,2021-10-20 07:26:35,54000.0,200.0,6347300.0
991,2021-10-20 07:26:35,54000.0,400.0,6347100.0
992,2021-10-20 07:26:35,54000.0,600.0,6346700.0
993,2021-10-20 07:26:35,54000.0,7100.0,6346100.0
994,2021-10-20 07:26:34,53900.0,100.0,6339000.0
995,2021-10-20 07:26:31,54000.0,400.0,6338900.0
996,2021-10-20 07:26:30,54000.0,10000.0,6338500.0
997,2021-10-20 07:26:28,54000.0,2500.0,6328500.0
998,2021-10-20 07:26:28,54000.0,100.0,6326000.0
999,2021-10-20 07:26:28,54000.0,1000.0,6325900.0
1000,2021-10-20 07:26:28,54000.0,100.0,6324900.0
1001,2021-10-20 07:26:25,53900.0,100.0,6324800.0
1002,2021-10-20 07:26:25,53900.0,100.0,6324700.0
1003,2021-10-20 07:26:19,53900.0,100.0,6324600.0
1004,2021-10-20 07:26:17,54000.0,200.0,6324500.0
1005,2021-10-20 07:26:05,53900.0,200.0,6324300.0
1006,2021-10-20 07:26:02,54000.0,200.0,6324100.0
1007,2021-10-20 07:26:02,54000.0,100.0,6323900.0
1008,2021-10-20 07:26:02,54000.0,100.0,6323800.0
1009,2021-10-20 07:26:02,54000.0,600.0,6323700.0
1010,2021-10-20 07:26:01,54000.0,400.0,6323100.0
1011,2021-10-20 07:26:01,54000.0,1000.0,6322700.0
1012,2021-10-20 07:26:01,54000.0,600.0,6321700.0
1013,2021-10-20 07:26:00,54000.0,200.0,6321100.0
1014,2021-10-20 07:25:59,54000.0,100.0,6320900.0
1015,2021-10-20 07:25:59,54000.0,500.0,6320800.0
1016,2021-10-20 07:25:59,54000.0,400.0,6320300.0
1017,2021-10-20 07:25:55,54000.0,100.0,6319900.0
1018,2021-10-20 07:25:53,53900.0,100.0,6319800.0
1019,2021-10-20 07:25:53,53900.0,100.0,6319700.0
1020,2021-10-20 07:25:51,54000.0,400.0,6319600.0
1021,2021-10-20 07:25:51,54000.0,100.0,6319200.0
1022,2021-10-20 07:25:51,54000.0,500.0,6319100.0
1023,2021-10-20 07:25:51,54000.0,100.0,6318600.0
1024,2021-10-20 07:25:51,54000.0,800.0,6318500.0
1025,2021-10-20 07:25:51,54000.0,1000.0,6317700.0
1026,2021-10-20 07:25:51,54000.0,1000.0,6316700.0
1027,2021-10-20 07:25:51,54000.0,300.0,6315700.0
1028,2021-10-20 07:25:51,54000.0,300.0,6315400.0
1029,2021-10-20 07:25:51,54000.0,100.0,6315100.0
1030,2021-10-20 07:25:51,54000.0,400.0,6315000.0
1031,2021-10-20 07:25:48,54000.0,100.0,6314600.0
1032,2021-10-20 07:25:46,53900.0,100.0,6314500.0
1033,2021-10-20 07:25:45,54000.0,500.0,6314400.0
1034,2021-10-20 07:25:45,54000.0,1800.0,6313900.0
1035,2021-10-20 07:25:45,54000.0,100.0,6312100.0
1036,2021-10-20 07:25:45,54000.0,100.0,6312000.0
1037,2021-10-20 07:25:45,54000.0,300.0,6311900.0
1038,2021-10-20 07:25:45,54000.0,1000.0,6311600.0
1039,2021-10-20 07:25:45,54000.0,1000.0,6310600.0
1040,2021-10-20 07:25:45,54000.0,200.0,6309600.0
1041,2021-10-20 07:25:45,54000.0,100.0,6309400.0
1042,2021-10-20 07:25:41,54000.0,200.0,6309300.0
1043,2021-10-20 07:25:41,54000.0,600.0,6309100.0
1044,2021-10-20 07:25:41,54000.0,1000.0,6308500.0
1045,2021-10-20 07:25:41,54000.0,500.0,6307500.0
1046,2021-10-20 07:25:41,54000.0,1000.0,6307000.0
1047,2021-10-20 07:25:41,54000.0,1000.0,6306000.0
1048,2021-10-20 07:25:41,54000.0,700.0,6305000.0
1049,2021-10-20 07:25:37,54000.0,300.0,6304300.0
1050,2021-10-20 07:25:37,54000.0,100.0,6304000.0
1051,2021-10-20 07:25:37,54000.0,200.0,6303900.0
1052,2021-10-20 07:25:37,54000.0,100.0,6303700.0
1053,2021-10-20 07:25:37,54000.0,1000.0,6303600.0
1054,2021-10-20 07:25:37,54000.0,2300.0,6302600.0
1055,2021-10-20 07:25:37,54000.0,5100.0,6300300.0
1056,2021-10-20 07:25:37,54000.0,500.0,6295200.0
1057,2021-10-20 07:25:37,54000.0,400.0,6294700.0
1058,2021-10-20 07:25:30,53900.0,400.0,6294300.0
1059,2021-10-20 07:25:30,53900.0,100.0,6293900.0
1060,2021-10-20 07:25:29,53900.0,500.0,6293800.0
1061,2021-10-20 07:25:29,54000.0,200.0,6293300.0
1062,2021-10-20 07:25:29,54000.0,1800.0,6293100.0
1063,2021-10-20 07:25:28,54000.0,200.0,6291300.0
1064,2021-10-20 07:25:25,54000.0,500.0,6291100.0
1065,2021-10-20 07:25:25,54000.0,500.0,6290600.0
1066,2021-10-20 07:25:25,54000.0,100.0,6290100.0
1067,2021-10-20 07:25:25,54000.0,1200.0,6290000.0
1068,2021-10-20 07:25:25,54000.0,300.0,6288800.0
1069,2021-10-20 07:25:25,54000.0,1000.0,6288500.0
1070,2021-10-20 07:25:25,54000.0,400.0,6287500.0
1071,2021-10-20 07:25:25,54000.0,400.0,6287100.0
1072,2021-10-20 07:25:25,54000.0,600.0,6286700.0
1073,2021-10-20 07:25:21,54000.0,2000.0,6286100.0
1074,2021-10-20 07:25:20,54000.0,700.0,6284100.0
1075,2021-10-20 07:25:20,54000.0,500.0,6283400.0
1076,2021-10-20 07:25:19,54000.0,400.0,6282900.0
1077,2021-10-20 07:25:16,54000.0,5000.0,6282500.0
1078,2021-10-20 07:25:15,54000.0,100.0,6277500.0
1079,2021-10-20 07:25:15,53900.0,400.0,6277400.0
1080,2021-10-20 07:25:15,53900.0,600.0,6277000.0
1081,2021-10-20 07:25:12,53900.0,1000.0,6276400.0
1082,2021-10-20 07:25:04,54000.0,500.0,6275400.0
1083,2021-10-20 07:25:04,54000.0,200.0,6274900.0
1084,2021-10-20 07:25:04,54000.0,4000.0,6274700.0
1085,2021-10-20 07:25:04,54000.0,200.0,6270700.0
1086,2021-10-20 07:25:04,54000.0,100.0,6270500.0
1087,2021-10-20 07:25:04,54000.0,500.0,6270400.0
1088,2021-10-20 07:25:03,54000.0,100.0,6269900.0
1089,2021-10-20 07:25:03,54000.0,900.0,6269800.0
1090,2021-10-20 07:25:01,54000.0,1600.0,6268900.0
1091,2021-10-20 07:25:01,54000.0,700.0,6267300.0
1092,2021-10-20 07:25:01,54000.0,300.0,6266600.0
1093,2021-10-20 07:25:01,54000.0,100.0,6266300.0
1094,2021-10-20 07:25:01,54000.0,500.0,6266200.0
1095,2021-10-20 07:25:01,54000.0,500.0,6265700.0
1096,2021-10-20 07:24:58,53900.0,300.0,6265200.0
1097,2021-10-20 07:24:53,53900.0,2000.0,6264900.0
1098,2021-10-20 07:24:52,53900.0,200.0,6262900.0
1099,2021-10-20 07:24:49,53900.0,100.0,6262700.0
1100,2021-10-20 07:24:48,53900.0,1500.0,6262600.0
1101,2021-10-20 07:24:45,53900.0,2000.0,6261100.0
1102,2021-10-20 07:24:45,53900.0,1700.0,6259100.0
1103,2021-10-20 07:24:41,53900.0,100.0,6257400.0
1104,2021-10-20 07:24:41,53900.0,400.0,6257300.0
1105,2021-10-20 07:24:38,53900.0,100.0,6256900.0
1106,2021-10-20 07:24:36,53800.0,4500.0,6256800.0
1107,2021-10-20 07:24:36,53800.0,400.0,6252300.0
1108,2021-10-20 07:24:36,53900.0,100.0,6251900.0
1109,2021-10-20 07:24:34,53900.0,300.0,6251800.0
1110,2021-10-20 07:24:33,53900.0,700.0,6251500.0
1111,2021-10-20 07:24:33,53900.0,100.0,6250800.0
1112,2021-10-20 07:24:33,53900.0,200.0,6250700.0
1113,2021-10-20 07:24:32,53900.0,4800.0,6250500.0
1114,2021-10-20 07:24:32,53900.0,300.0,6245700.0
1115,2021-10-20 07:24:32,53900.0,100.0,6245400.0
1116,2021-10-20 07:24:32,53900.0,1500.0,6245300.0
1117,2021-10-20 07:24:32,53900.0,3300.0,6243800.0
1118,2021-10-20 07:24:28,53900.0,1000.0,6240500.0
1119,2021-10-20 07:24:26,53900.0,5700.0,6239500.0
1120,2021-10-20 07:24:26,53900.0,10000.0,6233800.0
1121,2021-10-20 07:24:26,53900.0,100.0,6223800.0
1122,2021-10-20 07:24:26,53900.0,100.0,6223700.0
1123,2021-10-20 07:24:26,53900.0,100.0,6223600.0
1124,2021-10-20 07:24:26,53900.0,200.0,6223500.0
1125,2021-10-20 07:24:26,53900.0,2000.0,6223300.0
1126,2021-10-20 07:24:26,53900.0,800.0,6221300.0
1127,2021-10-20 07:24:26,53900.0,400.0,6220500.0
1128,2021-10-20 07:24:26,53900.0,100.0,6220100.0
1129,2021-10-20 07:24:26,53900.0,9300.0,6220000.0
1130,2021-10-20 07:24:26,53900.0,200.0,6210700.0
1131,2021-10-20 07:24:26,53900.0,1000.0,6210500.0
1132,2021-10-20 07:24:26,53900.0,200.0,6209500.0
1133,2021-10-20 07:24:26,53900.0,4000.0,6209300.0
1134,2021-10-20 07:24:26,53900.0,900.0,6205300.0
1135,2021-10-20 07:24:26,53900.0,100.0,6204400.0
1136,2021-10-20 07:24:26,53900.0,1000.0,6204300.0
1137,2021-10-20 07:24:26,53900.0,500.0,6203300.0
1138,2021-10-20 07:24:26,53900.0,100.0,6202800.0
1139,2021-10-20 07:24:26,53900.0,200.0,6202700.0
1140,2021-10-20 07:24:23,53800.0,600.0,6202500.0
1141,2021-10-20 07:24:22,53800.0,200.0,6201900.0
1142,2021-10-20 07:24:22,53800.0,200.0,6201700.0
1143,2021-10-20 07:24:22,53800.0,200.0,6201500.0
1144,2021-10-20 07:24:18,53900.0,1100.0,6201300.0
1145,2021-10-20 07:24:18,53900.0,100.0,6200200.0
1146,2021-10-20 07:24:18,53800.0,500.0,6200100.0
1147,2021-10-20 07:24:18,53800.0,300.0,6199600.0
1148,2021-10-20 07:24:18,53800.0,100.0,6199300.0
1149,2021-10-20 07:24:18,53800.0,200.0,6199200.0
1150,2021-10-20 07:24:18,53800.0,100.0,6199000.0
1151,2021-10-20 07:24:18,53800.0,100.0,6198900.0
1152,2021-10-20 07:24:18,53800.0,100.0,6198800.0
1153,2021-10-20 07:24:18,53800.0,200.0,6198700.0
1154,2021-10-20 07:24:18,53800.0,100.0,6198500.0
1155,2021-10-20 07:24:18,53800.0,200.0,6198400.0
1156,2021-10-20 07:24:18,53800.0,100.0,6198200.0
1157,2021-10-20 07:24:18,53800.0,300.0,6198100.0
1158,2021-10-20 07:24:18,53800.0,600.0,6197800.0
1159,2021-10-20 07:24:18,53800.0,800.0,6197200.0
1160,2021-10-20 07:24:18,53800.0,100.0,6196400.0
1161,2021-10-20 07:24:17,53800.0,100.0,6196300.0
1162,2021-10-20 07:24:17,53800.0,200.0,6196200.0
1163,2021-10-20 07:24:17,53800.0,700.0,6196000.0
1164,2021-10-20 07:24:17,53700.0,100.0,6195300.0
1165,2021-10-20 07:24:12,53800.0,100.0,6195200.0
1166,2021-10-20 07:24:08,53800.0,1000.0,6195100.0
1167,2021-10-20 07:24:06,53800.0,200.0,6194100.0
1168,2021-10-20 07:24:03,53700.0,500.0,6193900.0
1169,2021-10-20 07:24:03,53700.0,5000.0,6193400.0
1170,2021-10-20 07:24:00,53700.0,1000.0,6188400.0
1171,2021-10-20 07:23:58,53700.0,1000.0,6187400.0
1172,2021-10-20 07:23:58,53700.0,500.0,6186400.0
1173,2021-10-20 07:23:58,53700.0,2000.0,6185900.0
1174,2021-10-20 07:23:56,53700.0,900.0,6183900.0
1175,2021-10-20 07:23:53,53700.0,500.0,6183000.0
1176,2021-10-20 07:23:51,53700.0,100.0,6182500.0
1177,2021-10-20 07:23:51,53700.0,900.0,6182400.0
1178,2021-10-20 07:23:51,53700.0,100.0,6181500.0
1179,2021-10-20 07:23:51,53700.0,500.0,6181400.0
1180,2021-10-20 07:23:51,53700.0,200.0,6180900.0
1181,2021-10-20 07:23:41,53600.0,200.0,6180700.0
1182,2021-10-20 07:23:41,53600.0,100.0,6180500.0
1183,2021-10-20 07:23:39,53600.0,200.0,6180400.0
1184,2021-10-20 07:23:39,53600.0,800.0,6180200.0
1185,2021-10-20 07:23:39,53600.0,400.0,6179400.0
1186,2021-10-20 07:23:39,53600.0,2100.0,6179000.0
1187,2021-10-20 07:23:39,53600.0,1000.0,6176900.0
1188,2021-10-20 07:23:39,53600.0,500.0,6175900.0
1189,2021-10-20 07:23:39,53600.0,300.0,6175400.0
1190,2021-10-20 07:23:39,53600.0,400.0,6175100.0
1191,2021-10-20 07:23:39,53600.0,100.0,6174700.0
1192,2021-10-20 07:23:38,53600.0,1500.0,6174600.0
1193,2021-10-20 07:23:38,53600.0,900.0,6173100.0
1194,2021-10-20 07:23:38,53600.0,600.0,6172200.0
1195,2021-10-20 07:23:38,53500.0,200.0,6171600.0
1196,2021-10-20 07:23:34,53600.0,400.0,6171400.0
1197,2021-10-20 07:23:34,53600.0,300.0,6171000.0
1198,2021-10-20 07:23:34,53600.0,1300.0,6170700.0
1199,2021-10-20 07:23:33,53600.0,200.0,6169400.0
1200,2021-10-20 07:23:31,53500.0,3000.0,6169200.0
1201,2021-10-20 07:23:30,53500.0,200.0,6166200.0
1202,2021-10-20 07:23:26,53500.0,600.0,6166000.0
1203,2021-10-20 07:23:26,53500.0,1000.0,6165400.0
1204,2021-10-20 07:23:26,53500.0,400.0,6164400.0
1205,2021-10-20 07:23:26,53500.0,100.0,6164000.0
1206,2021-10-20 07:23:26,53500.0,100.0,6163900.0
1207,2021-10-20 07:23:26,53500.0,100.0,6163800.0
1208,2021-10-20 07:23:25,53500.0,200.0,6163700.0
1209,2021-10-20 07:23:25,53500.0,200.0,6163500.0
1210,2021-10-20 07:23:25,53500.0,800.0,6163300.0
1211,2021-10-20 07:23:23,53500.0,2000.0,6162500.0
1212,2021-10-20 07:23:20,53500.0,1000.0,6160500.0
1213,2021-10-20 07:23:20,53500.0,500.0,6159500.0
1214,2021-10-20 07:23:20,53500.0,2500.0,6159000.0
1215,2021-10-20 07:23:20,53500.0,2000.0,6156500.0
1216,2021-10-20 07:23:20,53500.0,100.0,6154500.0
1217,2021-10-20 07:23:20,53500.0,200.0,6154400.0
1218,2021-10-20 07:23:20,53500.0,1000.0,6154200.0
1219,2021-10-20 07:23:20,53500.0,200.0,6153200.0
1220,2021-10-20 07:23:20,53500.0,400.0,6153000.0
1221,2021-10-20 07:23:20,53500.0,100.0,6152600.0
1222,2021-10-20 07:23:19,53400.0,600.0,6152500.0
1223,2021-10-20 07:23:17,53400.0,200.0,6151900.0
1224,2021-10-20 07:23:16,53400.0,300.0,6151700.0
1225,2021-10-20 07:23:16,53400.0,600.0,6151400.0
1226,2021-10-20 07:23:16,53400.0,200.0,6150800.0
1227,2021-10-20 07:23:16,53400.0,1000.0,6150600.0
1228,2021-10-20 07:23:16,53400.0,500.0,6149600.0
1229,2021-10-20 07:23:16,53400.0,200.0,6149100.0
1230,2021-10-20 07:23:16,53400.0,1000.0,6148900.0
1231,2021-10-20 07:23:16,53400.0,2000.0,6147900.0
1232,2021-10-20 07:23:16,53400.0,100.0,6145900.0
1233,2021-10-20 07:23:16,53400.0,700.0,6145800.0
1234,2021-10-20 07:23:16,53400.0,2000.0,6145100.0
1235,2021-10-20 07:23:16,53400.0,100.0,6143100.0
1236,2021-10-20 07:23:16,53400.0,1000.0,6143000.0
1237,2021-10-20 07:23:16,53400.0,19900.0,6142000.0
1238,2021-10-20 07:23:14,53300.0,100.0,6122100.0
1239,2021-10-20 07:23:14,53300.0,400.0,6122000.0
1240,2021-10-20 07:23:10,53400.0,100.0,6121600.0
1241,2021-10-20 07:23:10,53300.0,100.0,6121500.0
1242,2021-10-20 07:23:10,53200.0,600.0,6121400.0
1243,2021-10-20 07:23:10,53300.0,1400.0,6120800.0
1244,2021-10-20 07:23:08,53300.0,100.0,6119400.0
1245,2021-10-20 07:23:08,53300.0,300.0,6119300.0
1246,2021-10-20 07:23:08,53300.0,200.0,6119000.0
1247,2021-10-20 07:23:08,53300.0,100.0,6118800.0
1248,2021-10-20 07:23:07,53300.0,200.0,6118700.0
1249,2021-10-20 07:23:07,53300.0,500.0,6118500.0
1250,2021-10-20 07:23:07,53300.0,300.0,6118000.0
1251,2021-10-20 07:23:05,53300.0,200.0,6117700.0
1252,2021-10-20 07:23:05,53300.0,200.0,6117500.0
1253,2021-10-20 07:23:03,53200.0,500.0,6117300.0
1254,2021-10-20 07:23:03,53200.0,4000.0,6116800.0
1255,2021-10-20 07:23:03,53200.0,500.0,6112800.0
1256,2021-10-20 07:23:03,53300.0,200.0,6112300.0
1257,2021-10-20 07:23:02,53200.0,100.0,6112100.0
1258,2021-10-20 07:23:02,53300.0,1000.0,6112000.0
1259,2021-10-20 07:23:02,53300.0,100.0,6111000.0
1260,2021-10-20 07:23:02,53300.0,300.0,6110900.0
1261,2021-10-20 07:23:02,53300.0,100.0,6110600.0
1262,2021-10-20 07:23:02,53300.0,500.0,6110500.0
1263,2021-10-20 07:23:02,53300.0,100.0,6110000.0
1264,2021-10-20 07:23:02,53300.0,500.0,6109900.0
1265,2021-10-20 07:23:02,53200.0,200.0,6109400.0
1266,2021-10-20 07:23:02,53200.0,800.0,6109200.0
1267,2021-10-20 07:23:02,53300.0,300.0,6108400.0
1268,2021-10-20 07:23:02,53300.0,600.0,6108100.0
1269,2021-10-20 07:23:02,53300.0,2000.0,6107500.0
1270,2021-10-20 07:23:02,53300.0,100.0,6105500.0
1271,2021-10-20 07:23:01,53200.0,200.0,6105400.0
1272,2021-10-20 07:22:59,53200.0,500.0,6105200.0
1273,2021-10-20 07:22:59,53200.0,2000.0,6104700.0
1274,2021-10-20 07:22:59,53200.0,700.0,6102700.0
1275,2021-10-20 07:22:59,53200.0,800.0,6102000.0
1276,2021-10-20 07:22:53,53200.0,3000.0,6101200.0
1277,2021-10-20 07:22:53,53200.0,500.0,6098200.0
1278,2021-10-20 07:22:52,53200.0,2000.0,6097700.0
1279,2021-10-20 07:22:50,53200.0,1000.0,6095700.0
1280,2021-10-20 07:22:50,53200.0,600.0,6094700.0
1281,2021-10-20 07:22:48,53200.0,2900.0,6094100.0
1282,2021-10-20 07:22:47,53200.0,500.0,6091200.0
1283,2021-10-20 07:22:47,53200.0,6000.0,6090700.0
1284,2021-10-20 07:22:47,53200.0,500.0,6084700.0
1285,2021-10-20 07:22:47,53200.0,200.0,6084200.0
1286,2021-10-20 07:22:47,53200.0,200.0,6084000.0
1287,2021-10-20 07:22:47,53200.0,200.0,6083800.0
1288,2021-10-20 07:22:47,53200.0,600.0,6083600.0
1289,2021-10-20 07:22:47,53200.0,100.0,6083000.0
1290,2021-10-20 07:22:47,53200.0,200.0,6082900.0
1291,2021-10-20 07:22:47,53200.0,300.0,6082700.0
1292,2021-10-20 07:22:47,53200.0,100.0,6082400.0
1293,2021-10-20 07:22:47,53200.0,5000.0,6082300.0
1294,2021-10-20 07:22:47,53200.0,500.0,6077300.0
1295,2021-10-20 07:22:47,53200.0,1400.0,6076800.0
1296,2021-10-20 07:22:41,53100.0,500.0,6075400.0
1297,2021-10-20 07:22:41,53100.0,100.0,6074900.0
1298,2021-10-20 07:22:40,53200.0,100.0,6074800.0
1299,2021-10-20 07:22:40,53200.0,2000.0,6074700.0
1300,2021-10-20 07:22:40,53100.0,1000.0,6072700.0
1301,2021-10-20 07:22:38,53100.0,400.0,6071700.0
1302,2021-10-20 07:22:37,53000.0,100.0,6071300.0
1303,2021-10-20 07:22:35,53100.0,100.0,6071200.0
1304,2021-10-20 07:22:34,53000.0,1000.0,6071100.0
1305,2021-10-20 07:22:33,53000.0,800.0,6070100.0
1306,2021-10-20 07:22:33,53000.0,700.0,6069300.0
1307,2021-10-20 07:22:33,53100.0,300.0,6068600.0
1308,2021-10-20 07:22:30,53000.0,300.0,6068300.0
1309,2021-10-20 07:22:30,53000.0,2000.0,6068000.0
1310,2021-10-20 07:22:30,53000.0,5000.0,6066000.0
1311,2021-10-20 07:22:30,53000.0,2700.0,6061000.0
1312,2021-10-20 07:22:27,53000.0,1300.0,6058300.0
1313,2021-10-20 07:22:27,53000.0,100.0,6057000.0
1314,2021-10-20 07:22:27,53000.0,100.0,6056900.0
1315,2021-10-20 07:22:26,53100.0,200.0,6056800.0
1316,2021-10-20 07:22:26,53100.0,100.0,6056600.0
1317,2021-10-20 07:22:26,53100.0,1700.0,6056500.0
1318,2021-10-20 07:22:25,53100.0,200.0,6054800.0
1319,2021-10-20 07:22:24,53000.0,100.0,6054600.0
1320,2021-10-20 07:22:23,53100.0,8800.0,6054500.0
1321,2021-10-20 07:22:22,53000.0,2000.0,6045700.0
1322,2021-10-20 07:22:19,53000.0,400.0,6043700.0
1323,2021-10-20 07:22:18,53000.0,6400.0,6043300.0
1324,2021-10-20 07:22:17,53000.0,500.0,6036900.0
1325,2021-10-20 07:22:17,53000.0,1000.0,6036400.0
1326,2021-10-20 07:22:17,53000.0,10000.0,6035400.0
1327,2021-10-20 07:22:17,53000.0,100.0,6025400.0
1328,2021-10-20 07:22:17,53000.0,200.0,6025300.0
1329,2021-10-20 07:22:17,53000.0,5000.0,6025100.0
1330,2021-10-20 07:22:17,53000.0,100.0,6020100.0
1331,2021-10-20 07:22:17,53000.0,4600.0,6020000.0
1332,2021-10-20 07:22:17,53000.0,400.0,6015400.0
1333,2021-10-20 07:22:17,53000.0,1000.0,6015000.0
1334,2021-10-20 07:22:17,53000.0,500.0,6014000.0
1335,2021-10-20 07:22:17,53000.0,700.0,6013500.0
1336,2021-10-20 07:22:17,53000.0,200.0,6012800.0
1337,2021-10-20 07:22:17,53000.0,1000.0,6012600.0
1338,2021-10-20 07:22:17,53000.0,200.0,6011600.0
1339,2021-10-20 07:22:17,53000.0,200.0,6011400.0
1340,2021-10-20 07:22:17,53000.0,1100.0,6011200.0
1341,2021-10-20 07:22:17,53000.0,300.0,6010100.0
1342,2021-10-20 07:22:17,53000.0,1000.0,6009800.0
1343,2021-10-20 07:22:17,53000.0,400.0,6008800.0
1344,2021-10-20 07:22:17,53000.0,1100.0,6008400.0
1345,2021-10-20 07:22:17,53000.0,400.0,6007300.0
1346,2021-10-20 07:22:17,53000.0,600.0,6006900.0
1347,2021-10-20 07:22:17,53000.0,300.0,6006300.0
1348,2021-10-20 07:22:17,53000.0,4000.0,6006000.0
1349,2021-10-20 07:22:17,53000.0,300.0,6002000.0
1350,2021-10-20 07:22:17,53000.0,5800.0,6001700.0
1351,2021-10-20 07:22:16,52900.0,3000.0,5995900.0
1352,2021-10-20 07:22:11,52900.0,400.0,5992900.0
1353,2021-10-20 07:22:11,52800.0,400.0,5992500.0
1354,2021-10-20 07:22:11,52900.0,600.0,5992100.0
1355,2021-10-20 07:22:11,53000.0,1700.0,5991500.0
1356,2021-10-20 07:22:11,52900.0,300.0,5989800.0
1357,2021-10-20 07:22:10,52900.0,100.0,5989500.0
1358,2021-10-20 07:22:10,52900.0,200.0,5989400.0
1359,2021-10-20 07:22:10,52900.0,500.0,5989200.0
1360,2021-10-20 07:22:10,52900.0,200.0,5988700.0
1361,2021-10-20 07:22:10,52900.0,200.0,5988500.0
1362,2021-10-20 07:22:10,52900.0,500.0,5988300.0
1363,2021-10-20 07:22:10,52900.0,100.0,5987800.0
1364,2021-10-20 07:22:10,52900.0,2900.0,5987700.0
1365,2021-10-20 07:22:10,53000.0,5000.0,5984800.0
1366,2021-10-20 07:22:09,53000.0,200.0,5979800.0
1367,2021-10-20 07:22:09,52900.0,400.0,5979600.0
1368,2021-10-20 07:22:08,52900.0,1600.0,5979200.0
1369,2021-10-20 07:22:06,52900.0,400.0,5977600.0
1370,2021-10-20 07:22:05,52900.0,100.0,5977200.0
1371,2021-10-20 07:22:03,52900.0,200.0,5977100.0
1372,2021-10-20 07:22:02,52900.0,1000.0,5976900.0
1373,2021-10-20 07:22:01,52900.0,4000.0,5975900.0
1374,2021-10-20 07:22:01,52900.0,500.0,5971900.0
1375,2021-10-20 07:22:01,52900.0,1000.0,5971400.0
1376,2021-10-20 07:22:01,52900.0,5000.0,5970400.0
1377,2021-10-20 07:22:01,52900.0,2900.0,5965400.0
1378,2021-10-20 07:22:00,52900.0,300.0,5962500.0
1379,2021-10-20 07:21:58,52900.0,400.0,5962200.0
1380,2021-10-20 07:21:58,52900.0,200.0,5961800.0
1381,2021-10-20 07:21:56,52900.0,14100.0,5961600.0
1382,2021-10-20 07:21:54,52900.0,2100.0,5947500.0
1383,2021-10-20 07:21:54,52900.0,100.0,5945400.0
1384,2021-10-20 07:21:53,52900.0,100.0,5945300.0
1385,2021-10-20 07:21:53,52900.0,7700.0,5945200.0
1386,2021-10-20 07:21:53,52900.0,2300.0,5937500.0
1387,2021-10-20 07:21:53,52900.0,700.0,5935200.0
1388,2021-10-20 07:21:51,52900.0,800.0,5934500.0
1389,2021-10-20 07:21:51,52900.0,200.0,5933700.0
1390,2021-10-20 07:21:51,52900.0,100.0,5933500.0
1391,2021-10-20 07:21:49,52800.0,1000.0,5933400.0
1392,2021-10-20 07:21:49,53000.0,7300.0,5932400.0
1393,2021-10-20 07:21:49,52900.0,1700.0,5925100.0
1394,2021-10-20 07:21:49,52900.0,1000.0,5923400.0
1395,2021-10-20 07:21:48,52900.0,300.0,5922400.0
1396,2021-10-20 07:21:48,52900.0,500.0,5922100.0
1397,2021-10-20 07:21:48,52800.0,100.0,5921600.0
1398,2021-10-20 07:21:48,52800.0,2000.0,5921500.0
1399,2021-10-20 07:21:48,52800.0,400.0,5919500.0
1400,2021-10-20 07:21:48,52800.0,200.0,5919100.0
1401,2021-10-20 07:21:48,52800.0,5400.0,5918900.0
1402,2021-10-20 07:21:48,52900.0,200.0,5913500.0
1403,2021-10-20 07:21:48,52900.0,1800.0,5913300.0
1404,2021-10-20 07:21:46,52900.0,5000.0,5911500.0
1405,2021-10-20 07:21:42,52800.0,1500.0,5906500.0
1406,2021-10-20 07:21:42,52900.0,500.0,5905000.0
1407,2021-10-20 07:21:42,52900.0,200.0,5904500.0
1408,2021-10-20 07:21:42,52900.0,2500.0,5904300.0
1409,2021-10-20 07:21:40,52900.0,200.0,5901800.0
1410,2021-10-20 07:21:39,52900.0,400.0,5901600.0
1411,2021-10-20 07:21:39,52900.0,1000.0,5901200.0
1412,2021-10-20 07:21:38,52900.0,1400.0,5900200.0
1413,2021-10-20 07:21:37,52900.0,200.0,5898800.0
1414,2021-10-20 07:21:36,52900.0,1000.0,5898600.0
1415,2021-10-20 07:21:36,52900.0,100.0,5897600.0
1416,2021-10-20 07:21:36,52900.0,500.0,5897500.0
1417,2021-10-20 07:21:36,52900.0,1400.0,5897000.0
1418,2021-10-20 07:21:36,52900.0,500.0,5895600.0
1419,2021-10-20 07:21:36,52900.0,400.0,5895100.0
1420,2021-10-20 07:21:36,52900.0,1500.0,5894700.0
1421,2021-10-20 07:21:36,52900.0,700.0,5893200.0
1422,2021-10-20 07:21:36,52900.0,500.0,5892500.0
1423,2021-10-20 07:21:36,52900.0,3000.0,5892000.0
1424,2021-10-20 07:21:36,52900.0,1000.0,5889000.0
1425,2021-10-20 07:21:36,52900.0,1000.0,5888000.0
1426,2021-10-20 07:21:36,52900.0,1000.0,5887000.0
1427,2021-10-20 07:21:36,52900.0,100.0,5886000.0
1428,2021-10-20 07:21:36,52900.0,1600.0,5885900.0
1429,2021-10-20 07:21:35,52800.0,5000.0,5884300.0
1430,2021-10-20 07:21:35,52800.0,1000.0,5879300.0
1431,2021-10-20 07:21:35,52800.0,200.0,5878300.0
1432,2021-10-20 07:21:35,52800.0,700.0,5878100.0
1433,2021-10-20 07:21:35,52800.0,100.0,5877400.0
1434,2021-10-20 07:21:35,52800.0,100.0,5877300.0
1435,2021-10-20 07:21:35,52800.0,100.0,5877200.0
1436,2021-10-20 07:21:35,52800.0,200.0,5877100.0
1437,2021-10-20 07:21:35,52800.0,2600.0,5876900.0
1438,2021-10-20 07:21:35,52900.0,100.0,5874300.0
1439,2021-10-20 07:21:33,52900.0,500.0,5874200.0
1440,2021-10-20 07:21:31,52800.0,1000.0,5873700.0
1441,2021-10-20 07:21:29,52800.0,1700.0,5872700.0
1442,2021-10-20 07:21:29,52900.0,300.0,5871000.0
1443,2021-10-20 07:21:29,52900.0,500.0,5870700.0
1444,2021-10-20 07:21:29,52900.0,1500.0,5870200.0
1445,2021-10-20 07:21:28,52900.0,2300.0,5868700.0
1446,2021-10-20 07:21:28,52900.0,1100.0,5866400.0
1447,2021-10-20 07:21:26,52900.0,100.0,5865300.0
1448,2021-10-20 07:21:26,52800.0,700.0,5865200.0
1449,2021-10-20 07:21:25,52800.0,500.0,5864500.0
1450,2021-10-20 07:21:25,52800.0,500.0,5864000.0
1451,2021-10-20 07:21:25,52800.0,200.0,5863500.0
1452,2021-10-20 07:21:25,52800.0,600.0,5863300.0
1453,2021-10-20 07:21:25,52800.0,200.0,5862700.0
1454,2021-10-20 07:21:25,52800.0,1000.0,5862500.0
1455,2021-10-20 07:21:25,52800.0,1000.0,5861500.0
1456,2021-10-20 07:21:21,52900.0,1800.0,5860500.0
1457,2021-10-20 07:21:21,52900.0,2000.0,5858700.0
1458,2021-10-20 07:21:21,52900.0,6200.0,5856700.0
1459,2021-10-20 07:21:21,52900.0,400.0,5850500.0
1460,2021-10-20 07:21:21,52900.0,100.0,5850100.0
1461,2021-10-20 07:21:17,52900.0,1000.0,5850000.0
1462,2021-10-20 07:21:16,52900.0,300.0,5849000.0
1463,2021-10-20 07:21:15,52900.0,1000.0,5848700.0
1464,2021-10-20 07:21:14,52900.0,500.0,5847700.0
1465,2021-10-20 07:21:14,52800.0,300.0,5847200.0
1466,2021-10-20 07:21:14,52800.0,1500.0,5846900.0
1467,2021-10-20 07:21:13,52800.0,2000.0,5845400.0
1468,2021-10-20 07:21:13,52900.0,100.0,5843400.0
1469,2021-10-20 07:21:12,52800.0,200.0,5843300.0
1470,2021-10-20 07:21:12,52800.0,400.0,5843100.0
1471,2021-10-20 07:21:12,52800.0,1600.0,5842700.0
1472,2021-10-20 07:21:12,52800.0,200.0,5841100.0
1473,2021-10-20 07:21:12,52800.0,100.0,5840900.0
1474,2021-10-20 07:21:12,52800.0,2000.0,5840800.0
1475,2021-10-20 07:21:12,52800.0,100.0,5838800.0
1476,2021-10-20 07:21:12,52800.0,300.0,5838700.0
1477,2021-10-20 07:21:12,52800.0,400.0,5838400.0
1478,2021-10-20 07:21:12,52800.0,100.0,5838000.0
1479,2021-10-20 07:21:12,52800.0,200.0,5837900.0
1480,2021-10-20 07:21:12,53000.0,1400.0,5837700.0
1481,2021-10-20 07:21:12,53000.0,500.0,5836300.0
1482,2021-10-20 07:21:12,53000.0,400.0,5835800.0
1483,2021-10-20 07:21:12,52900.0,200.0,5835400.0
1484,2021-10-20 07:21:12,52900.0,2500.0,5835200.0
1485,2021-10-20 07:21:09,52900.0,500.0,5832700.0
1486,2021-10-20 07:21:08,52900.0,500.0,5832200.0
1487,2021-10-20 07:21:06,52900.0,200.0,5831700.0
1488,2021-10-20 07:21:04,52900.0,100.0,5831500.0
1489,2021-10-20 07:21:03,52800.0,100.0,5831400.0
1490,2021-10-20 07:21:03,52800.0,200.0,5831300.0
1491,2021-10-20 07:21:03,52800.0,100.0,5831100.0
1492,2021-10-20 07:21:03,52800.0,3000.0,5831000.0
1493,2021-10-20 07:21:03,52800.0,1000.0,5828000.0
1494,2021-10-20 07:21:03,52800.0,2700.0,5827000.0
1495,2021-10-20 07:21:02,52800.0,2300.0,5824300.0
1496,2021-10-20 07:21:02,52800.0,200.0,5822000.0
1497,2021-10-20 07:21:02,52800.0,100.0,5821800.0
1498,2021-10-20 07:21:02,52900.0,1000.0,5821700.0
1499,2021-10-20 07:21:02,52900.0,8300.0,5820700.0
1500,2021-10-20 07:21:01,52900.0,300.0,5812400.0
1501,2021-10-20 07:21:01,52900.0,400.0,5812100.0
1502,2021-10-20 07:21:01,52900.0,200.0,5811700.0
1503,2021-10-20 07:21:01,52900.0,800.0,5811500.0
1504,2021-10-20 07:21:01,52800.0,200.0,5810700.0
1505,2021-10-20 07:21:01,52800.0,600.0,5810500.0
1506,2021-10-20 07:21:00,52900.0,100.0,5809900.0
1507,2021-10-20 07:21:00,52900.0,200.0,5809800.0
1508,2021-10-20 07:20:59,52900.0,100.0,5809600.0
1509,2021-10-20 07:20:58,52900.0,500.0,5809500.0
1510,2021-10-20 07:20:57,52800.0,200.0,5809000.0
1511,2021-10-20 07:20:56,52900.0,1000.0,5808800.0
1512,2021-10-20 07:20:56,52900.0,200.0,5807800.0
1513,2021-10-20 07:20:55,52900.0,1000.0,5807600.0
1514,2021-10-20 07:20:54,52800.0,100.0,5806600.0
1515,2021-10-20 07:20:53,52900.0,100.0,5806500.0
1516,2021-10-20 07:20:50,52900.0,500.0,5806400.0
1517,2021-10-20 07:20:50,52800.0,100.0,5805900.0
1518,2021-10-20 07:20:50,52800.0,100.0,5805800.0
1519,2021-10-20 07:20:50,52800.0,100.0,5805700.0
1520,2021-10-20 07:20:50,52800.0,200.0,5805600.0
1521,2021-10-20 07:20:50,52800.0,200.0,5805400.0
1522,2021-10-20 07:20:49,52900.0,500.0,5805200.0
1523,2021-10-20 07:20:49,52900.0,400.0,5804700.0
1524,2021-10-20 07:20:49,52900.0,200.0,5804300.0
1525,2021-10-20 07:20:49,52800.0,100.0,5804100.0
1526,2021-10-20 07:20:45,52900.0,400.0,5804000.0
1527,2021-10-20 07:20:45,52800.0,700.0,5803600.0
1528,2021-10-20 07:20:45,52800.0,500.0,5802900.0
1529,2021-10-20 07:20:45,52800.0,500.0,5802400.0
1530,2021-10-20 07:20:45,52800.0,300.0,5801900.0
1531,2021-10-20 07:20:45,52800.0,100.0,5801600.0
1532,2021-10-20 07:20:45,52800.0,100.0,5801500.0
1533,2021-10-20 07:20:45,52800.0,100.0,5801400.0
1534,2021-10-20 07:20:45,52800.0,10000.0,5801300.0
1535,2021-10-20 07:20:45,52800.0,1000.0,5791300.0
1536,2021-10-20 07:20:45,52800.0,700.0,5790300.0
1537,2021-10-20 07:20:45,52900.0,1000.0,5789600.0
1538,2021-10-20 07:20:44,52800.0,300.0,5788600.0
1539,2021-10-20 07:20:44,52800.0,200.0,5788300.0
1540,2021-10-20 07:20:44,52900.0,300.0,5788100.0
1541,2021-10-20 07:20:44,52900.0,800.0,5787800.0
1542,2021-10-20 07:20:43,53000.0,1000.0,5787000.0
1543,2021-10-20 07:20:42,52900.0,1200.0,5786000.0
1544,2021-10-20 07:20:42,52900.0,1000.0,5784800.0
1545,2021-10-20 07:20:41,52900.0,1000.0,5783800.0
1546,2021-10-20 07:20:40,52900.0,300.0,5782800.0
1547,2021-10-20 07:20:40,52900.0,700.0,5782500.0
1548,2021-10-20 07:20:40,52900.0,100.0,5781800.0
1549,2021-10-20 07:20:39,52900.0,100.0,5781700.0
1550,2021-10-20 07:20:37,53000.0,100.0,5781600.0
1551,2021-10-20 07:20:36,53000.0,200.0,5781500.0
1552,2021-10-20 07:20:35,52900.0,2800.0,5781300.0
1553,2021-10-20 07:20:35,52900.0,2200.0,5778500.0
1554,2021-10-20 07:20:33,52900.0,1700.0,5776300.0
1555,2021-10-20 07:20:33,53000.0,3200.0,5774600.0
1556,2021-10-20 07:20:33,53000.0,7800.0,5771400.0
1557,2021-10-20 07:20:33,52900.0,1100.0,5763600.0
1558,2021-10-20 07:20:31,52900.0,100.0,5762500.0
1559,2021-10-20 07:20:31,52900.0,5000.0,5762400.0
1560,2021-10-20 07:20:31,52900.0,300.0,5757400.0
1561,2021-10-20 07:20:31,52900.0,100.0,5757100.0
1562,2021-10-20 07:20:31,52900.0,200.0,5757000.0
1563,2021-10-20 07:20:31,52900.0,200.0,5756800.0
1564,2021-10-20 07:20:31,52900.0,500.0,5756600.0
1565,2021-10-20 07:20:31,52900.0,500.0,5756100.0
1566,2021-10-20 07:20:31,52900.0,100.0,5755600.0
1567,2021-10-20 07:20:31,52900.0,100.0,5755500.0
1568,2021-10-20 07:20:31,52900.0,7900.0,5755400.0
1569,2021-10-20 07:20:28,53000.0,3000.0,5747500.0
1570,2021-10-20 07:20:23,52900.0,1100.0,5744500.0
1571,2021-10-20 07:20:22,53000.0,1000.0,5743400.0
1572,2021-10-20 07:20:22,53000.0,500.0,5742400.0
1573,2021-10-20 07:20:22,53000.0,5000.0,5741900.0
1574,2021-10-20 07:20:22,53000.0,1000.0,5736900.0
1575,2021-10-20 07:20:22,53000.0,1000.0,5735900.0
1576,2021-10-20 07:20:22,53000.0,700.0,5734900.0
1577,2021-10-20 07:20:22,53000.0,300.0,5734200.0
1578,2021-10-20 07:20:22,53000.0,200.0,5733900.0
1579,2021-10-20 07:20:20,53000.0,500.0,5733700.0
1580,2021-10-20 07:20:20,53000.0,1000.0,5733200.0
1581,2021-10-20 07:20:20,53000.0,2000.0,5732200.0
1582,2021-10-20 07:20:20,53000.0,100.0,5730200.0
1583,2021-10-20 07:20:17,53000.0,1500.0,5730100.0
1584,2021-10-20 07:20:17,53000.0,1000.0,5728600.0
1585,2021-10-20 07:20:16,53000.0,200.0,5727600.0
1586,2021-10-20 07:20:16,53000.0,200.0,5727400.0
1587,2021-10-20 07:20:16,53000.0,300.0,5727200.0
1588,2021-10-20 07:20:15,53000.0,1700.0,5726900.0
1589,2021-10-20 07:20:15,53000.0,1000.0,5725200.0
1590,2021-10-20 07:20:15,53000.0,2300.0,5724200.0
1591,2021-10-20 07:20:15,53000.0,500.0,5721900.0
1592,2021-10-20 07:20:14,53000.0,200.0,5721400.0
1593,2021-10-20 07:20:14,53000.0,200.0,5721200.0
1594,2021-10-20 07:20:14,53000.0,2000.0,5721000.0
1595,2021-10-20 07:20:14,53000.0,300.0,5719000.0
1596,2021-10-20 07:20:14,53000.0,200.0,5718700.0
1597,2021-10-20 07:20:14,53000.0,1000.0,5718500.0
1598,2021-10-20 07:20:14,53000.0,1100.0,5717500.0
1599,2021-10-20 07:20:13,53000.0,900.0,5716400.0
1600,2021-10-20 07:20:13,53000.0,1000.0,5715500.0
1601,2021-10-20 07:20:13,53000.0,2100.0,5714500.0
1602,2021-10-20 07:20:13,53000.0,100.0,5712400.0
1603,2021-10-20 07:20:12,53000.0,200.0,5712300.0
1604,2021-10-20 07:20:11,53000.0,1000.0,5712100.0
1605,2021-10-20 07:20:11,53000.0,1000.0,5711100.0
1606,2021-10-20 07:20:09,53000.0,200.0,5710100.0
1607,2021-10-20 07:20:05,53000.0,400.0,5709900.0
1608,2021-10-20 07:20:03,53000.0,500.0,5709500.0
1609,2021-10-20 07:20:01,53000.0,3300.0,5709000.0
1610,2021-10-20 07:20:01,53100.0,700.0,5705700.0
1611,2021-10-20 07:20:01,53200.0,700.0,5705000.0
1612,2021-10-20 07:20:00,53100.0,300.0,5704300.0
1613,2021-10-20 07:20:00,53000.0,1400.0,5704000.0
1614,2021-10-20 07:20:00,53100.0,100.0,5702600.0
1615,2021-10-20 07:19:57,53000.0,300.0,5702500.0
1616,2021-10-20 07:19:57,53000.0,500.0,5702200.0
1617,2021-10-20 07:19:57,53000.0,200.0,5701700.0
1618,2021-10-20 07:19:57,53000.0,100.0,5701500.0
1619,2021-10-20 07:19:57,53000.0,900.0,5701400.0
1620,2021-10-20 07:19:56,53000.0,1600.0,5700500.0
1621,2021-10-20 07:19:56,53000.0,200.0,5698900.0
1622,2021-10-20 07:19:56,53000.0,400.0,5698700.0
1623,2021-10-20 07:19:56,53000.0,100.0,5698300.0
1624,2021-10-20 07:19:56,53000.0,1000.0,5698200.0
1625,2021-10-20 07:19:56,53000.0,1000.0,5697200.0
1626,2021-10-20 07:19:56,53000.0,1000.0,5696200.0
1627,2021-10-20 07:19:56,53000.0,1000.0,5695200.0
1628,2021-10-20 07:19:56,53000.0,500.0,5694200.0
1629,2021-10-20 07:19:56,53000.0,1100.0,5693700.0
1630,2021-10-20 07:19:56,53000.0,1000.0,5692600.0
1631,2021-10-20 07:19:56,53000.0,500.0,5691600.0
1632,2021-10-20 07:19:56,53000.0,500.0,5691100.0
1633,2021-10-20 07:19:56,53000.0,200.0,5690600.0
1634,2021-10-20 07:19:56,53000.0,100.0,5690400.0
1635,2021-10-20 07:19:56,53000.0,1000.0,5690300.0
1636,2021-10-20 07:19:56,53000.0,1000.0,5689300.0
1637,2021-10-20 07:19:56,53000.0,600.0,5688300.0
1638,2021-10-20 07:19:56,53000.0,200.0,5687700.0
1639,2021-10-20 07:19:56,53000.0,1000.0,5687500.0
1640,2021-10-20 07:19:56,53000.0,5000.0,5686500.0
1641,2021-10-20 07:19:56,53000.0,100.0,5681500.0
1642,2021-10-20 07:19:56,53000.0,400.0,5681400.0
1643,2021-10-20 07:19:56,53000.0,500.0,5681000.0
1644,2021-10-20 07:19:56,53000.0,100.0,5680500.0
1645,2021-10-20 07:19:56,53000.0,200.0,5680400.0
1646,2021-10-20 07:19:56,53000.0,100.0,5680200.0
1647,2021-10-20 07:19:56,53000.0,10000.0,5680100.0
1648,2021-10-20 07:19:56,53000.0,100.0,5670100.0
1649,2021-10-20 07:19:56,53000.0,10000.0,5670000.0
1650,2021-10-20 07:19:56,53000.0,500.0,5660000.0
1651,2021-10-20 07:19:56,53000.0,400.0,5659500.0
1652,2021-10-20 07:19:56,53000.0,100.0,5659100.0
1653,2021-10-20 07:19:56,53000.0,300.0,5659000.0
1654,2021-10-20 07:19:56,53000.0,200.0,5658700.0
1655,2021-10-20 07:19:56,53000.0,1500.0,5658500.0
1656,2021-10-20 07:19:56,53000.0,2000.0,5657000.0
1657,2021-10-20 07:19:56,53000.0,100.0,5655000.0
1658,2021-10-20 07:19:56,53000.0,500.0,5654900.0
1659,2021-10-20 07:19:56,53000.0,200.0,5654400.0
1660,2021-10-20 07:19:56,53100.0,8700.0,5654200.0
1661,2021-10-20 07:19:55,53100.0,1300.0,5645500.0
1662,2021-10-20 07:19:55,53000.0,1800.0,5644200.0
1663,2021-10-20 07:19:55,53000.0,400.0,5642400.0
1664,2021-10-20 07:19:55,53000.0,100.0,5642000.0
1665,2021-10-20 07:19:55,53000.0,200.0,5641900.0
1666,2021-10-20 07:19:54,53100.0,1000.0,5641700.0
1667,2021-10-20 07:19:51,53100.0,100.0,5640700.0
1668,2021-10-20 07:19:49,53100.0,100.0,5640600.0
1669,2021-10-20 07:19:46,53100.0,200.0,5640500.0
1670,2021-10-20 07:19:46,53100.0,10000.0,5640300.0
1671,2021-10-20 07:19:45,53100.0,200.0,5630300.0
1672,2021-10-20 07:19:44,53100.0,100.0,5630100.0
1673,2021-10-20 07:19:44,53100.0,100.0,5630000.0
1674,2021-10-20 07:19:41,53200.0,2300.0,5629900.0
1675,2021-10-20 07:19:41,53200.0,500.0,5627600.0
1676,2021-10-20 07:19:38,53200.0,1200.0,5627100.0
1677,2021-10-20 07:19:38,53200.0,3800.0,5625900.0
1678,2021-10-20 07:19:37,53200.0,900.0,5622100.0
1679,2021-10-20 07:19:36,53200.0,1500.0,5621200.0
1680,2021-10-20 07:19:36,53200.0,200.0,5619700.0
1681,2021-10-20 07:19:36,53200.0,5300.0,5619500.0
1682,2021-10-20 07:19:35,53200.0,100.0,5614200.0
1683,2021-10-20 07:19:34,53200.0,1000.0,5614100.0
1684,2021-10-20 07:19:34,53200.0,400.0,5613100.0
1685,2021-10-20 07:19:34,53200.0,600.0,5612700.0
1686,2021-10-20 07:19:34,53200.0,300.0,5612100.0
1687,2021-10-20 07:19:34,53200.0,2000.0,5611800.0
1688,2021-10-20 07:19:34,53200.0,100.0,5609800.0
1689,2021-10-20 07:19:34,53200.0,100.0,5609700.0
1690,2021-10-20 07:19:34,53200.0,100.0,5609600.0
1691,2021-10-20 07:19:34,53200.0,600.0,5609500.0
1692,2021-10-20 07:19:34,53100.0,1500.0,5608900.0
1693,2021-10-20 07:19:34,53100.0,1500.0,5607400.0
1694,2021-10-20 07:19:32,53000.0,100.0,5605900.0
1695,2021-10-20 07:19:32,53000.0,200.0,5605800.0
1696,2021-10-20 07:19:32,53000.0,100.0,5605600.0
1697,2021-10-20 07:19:32,53000.0,100.0,5605500.0
1698,2021-10-20 07:19:32,53000.0,1000.0,5605400.0
1699,2021-10-20 07:19:32,53000.0,100.0,5604400.0
1700,2021-10-20 07:19:32,53000.0,300.0,5604300.0
1701,2021-10-20 07:19:32,53000.0,200.0,5604000.0
1702,2021-10-20 07:19:32,53000.0,300.0,5603800.0
1703,2021-10-20 07:19:32,53000.0,1000.0,5603500.0
1704,2021-10-20 07:19:32,53000.0,100.0,5602500.0
1705,2021-10-20 07:19:32,53000.0,300.0,5602400.0
1706,2021-10-20 07:19:32,53000.0,200.0,5602100.0
1707,2021-10-20 07:19:31,53100.0,500.0,5601900.0
1708,2021-10-20 07:19:29,53000.0,300.0,5601400.0
1709,2021-10-20 07:19:29,53000.0,200.0,5601100.0
1710,2021-10-20 07:19:29,53000.0,100.0,5600900.0
1711,2021-10-20 07:19:29,53000.0,100.0,5600800.0
1712,2021-10-20 07:19:29,53000.0,100.0,5600700.0
1713,2021-10-20 07:19:29,53000.0,100.0,5600600.0
1714,2021-10-20 07:19:29,53000.0,100.0,5600500.0
1715,2021-10-20 07:19:29,53000.0,2000.0,5600400.0
1716,2021-10-20 07:19:29,53000.0,900.0,5598400.0
1717,2021-10-20 07:19:29,53000.0,2100.0,5597500.0
1718,2021-10-20 07:19:29,53000.0,300.0,5595400.0
1719,2021-10-20 07:19:29,53000.0,100.0,5595100.0
1720,2021-10-20 07:19:29,53000.0,100.0,5595000.0
1721,2021-10-20 07:19:29,53000.0,900.0,5594900.0
1722,2021-10-20 07:19:28,53000.0,100.0,5594000.0
1723,2021-10-20 07:19:27,53100.0,300.0,5593900.0
1724,2021-10-20 07:19:27,53100.0,100.0,5593600.0
1725,2021-10-20 07:19:27,53100.0,600.0,5593500.0
1726,2021-10-20 07:19:25,53200.0,400.0,5592900.0
1727,2021-10-20 07:19:25,53200.0,100.0,5592500.0
1728,2021-10-20 07:19:25,53200.0,200.0,5592400.0
1729,2021-10-20 07:19:25,53200.0,1300.0,5592200.0
1730,2021-10-20 07:19:23,53100.0,400.0,5590900.0
1731,2021-10-20 07:19:23,53100.0,2000.0,5590500.0
1732,2021-10-20 07:19:23,53100.0,200.0,5588500.0
1733,2021-10-20 07:19:23,53100.0,100.0,5588300.0
1734,2021-10-20 07:19:23,53100.0,100.0,5588200.0
1735,2021-10-20 07:19:23,53100.0,5000.0,5588100.0
1736,2021-10-20 07:19:23,53100.0,300.0,5583100.0
1737,2021-10-20 07:19:23,53100.0,100.0,5582800.0
1738,2021-10-20 07:19:23,53100.0,100.0,5582700.0
1739,2021-10-20 07:19:23,53100.0,100.0,5582600.0
1740,2021-10-20 07:19:23,53100.0,100.0,5582500.0
1741,2021-10-20 07:19:23,53100.0,100.0,5582400.0
1742,2021-10-20 07:19:23,53100.0,9300.0,5582300.0
1743,2021-10-20 07:19:21,53200.0,300.0,5573000.0
1744,2021-10-20 07:19:20,53200.0,1000.0,5572700.0
1745,2021-10-20 07:19:16,53100.0,700.0,5571700.0
1746,2021-10-20 07:19:16,53100.0,300.0,5571000.0
1747,2021-10-20 07:19:14,53200.0,400.0,5570700.0
1748,2021-10-20 07:19:14,53200.0,300.0,5570300.0
1749,2021-10-20 07:19:13,53100.0,5700.0,5570000.0
1750,2021-10-20 07:19:13,53200.0,2300.0,5564300.0
1751,2021-10-20 07:19:13,53200.0,300.0,5562000.0
1752,2021-10-20 07:19:13,53200.0,400.0,5561700.0
1753,2021-10-20 07:19:12,53100.0,4000.0,5561300.0
1754,2021-10-20 07:19:12,53100.0,100.0,5557300.0
1755,2021-10-20 07:19:12,53100.0,100.0,5557200.0
1756,2021-10-20 07:19:12,53100.0,200.0,5557100.0
1757,2021-10-20 07:19:12,53100.0,200.0,5556900.0
1758,2021-10-20 07:19:12,53100.0,800.0,5556700.0
1759,2021-10-20 07:19:12,53100.0,200.0,5555900.0
1760,2021-10-20 07:19:12,53100.0,100.0,5555700.0
1761,2021-10-20 07:19:12,53100.0,10000.0,5555600.0
1762,2021-10-20 07:19:09,53200.0,100.0,5545600.0
1763,2021-10-20 07:19:09,53200.0,100.0,5545500.0
1764,2021-10-20 07:19:09,53200.0,1400.0,5545400.0
1765,2021-10-20 07:19:07,53300.0,600.0,5544000.0
1766,2021-10-20 07:19:06,53200.0,600.0,5543400.0
1767,2021-10-20 07:19:05,53300.0,500.0,5542800.0
1768,2021-10-20 07:19:05,53200.0,200.0,5542300.0
1769,2021-10-20 07:19:04,53200.0,300.0,5542100.0
1770,2021-10-20 07:19:04,53200.0,2500.0,5541800.0
1771,2021-10-20 07:19:04,53200.0,300.0,5539300.0
1772,2021-10-20 07:19:04,53200.0,500.0,5539000.0
1773,2021-10-20 07:19:04,53200.0,7300.0,5538500.0
1774,2021-10-20 07:19:04,53200.0,500.0,5531200.0
1775,2021-10-20 07:19:03,53200.0,2000.0,5530700.0
1776,2021-10-20 07:19:01,53200.0,100.0,5528700.0
1777,2021-10-20 07:18:55,53200.0,100.0,5528600.0
1778,2021-10-20 07:18:55,53200.0,200.0,5528500.0
1779,2021-10-20 07:18:55,53200.0,400.0,5528300.0
1780,2021-10-20 07:18:55,53200.0,300.0,5527900.0
1781,2021-10-20 07:18:55,53200.0,500.0,5527600.0
1782,2021-10-20 07:18:55,53300.0,16400.0,5527100.0
1783,2021-10-20 07:18:55,53300.0,1600.0,5510700.0
1784,2021-10-20 07:18:55,53300.0,300.0,5509100.0
1785,2021-10-20 07:18:55,53300.0,200.0,5508800.0
1786,2021-10-20 07:18:55,53300.0,1000.0,5508600.0
1787,2021-10-20 07:18:55,53300.0,100.0,5507600.0
1788,2021-10-20 07:18:55,53300.0,1000.0,5507500.0
1789,2021-10-20 07:18:55,53300.0,200.0,5506500.0
1790,2021-10-20 07:18:55,53300.0,1000.0,5506300.0
1791,2021-10-20 07:18:55,53300.0,800.0,5505300.0
1792,2021-10-20 07:18:55,53300.0,1000.0,5504500.0
1793,2021-10-20 07:18:55,53300.0,8000.0,5503500.0
1794,2021-10-20 07:18:55,53300.0,100.0,5495500.0
1795,2021-10-20 07:18:55,53300.0,300.0,5495400.0
1796,2021-10-20 07:18:55,53200.0,2000.0,5495100.0
1797,2021-10-20 07:18:54,53200.0,200.0,5493100.0
1798,2021-10-20 07:18:54,53200.0,500.0,5492900.0
1799,2021-10-20 07:18:54,53200.0,200.0,5492400.0
1800,2021-10-20 07:18:54,53200.0,1000.0,5492200.0
1801,2021-10-20 07:18:54,53200.0,100.0,5491200.0
1802,2021-10-20 07:18:52,53200.0,500.0,5491100.0
1803,2021-10-20 07:18:52,53200.0,200.0,5490600.0
1804,2021-10-20 07:18:52,53200.0,300.0,5490400.0
1805,2021-10-20 07:18:52,53200.0,200.0,5490100.0
1806,2021-10-20 07:18:52,53200.0,100.0,5489900.0
1807,2021-10-20 07:18:52,53200.0,2000.0,5489800.0
1808,2021-10-20 07:18:52,53200.0,100.0,5487800.0
1809,2021-10-20 07:18:52,53200.0,300.0,5487700.0
1810,2021-10-20 07:18:52,53200.0,500.0,5487400.0
1811,2021-10-20 07:18:52,53200.0,500.0,5486900.0
1812,2021-10-20 07:18:52,53200.0,1000.0,5486400.0
1813,2021-10-20 07:18:52,53200.0,3300.0,5485400.0
1814,2021-10-20 07:18:52,53200.0,2000.0,5482100.0
1815,2021-10-20 07:18:52,53200.0,200.0,5480100.0
1816,2021-10-20 07:18:52,53200.0,200.0,5479900.0
1817,2021-10-20 07:18:52,53200.0,100.0,5479700.0
1818,2021-10-20 07:18:52,53200.0,400.0,5479600.0
1819,2021-10-20 07:18:52,53200.0,1000.0,5479200.0
1820,2021-10-20 07:18:52,53200.0,100.0,5478200.0
1821,2021-10-20 07:18:52,53200.0,500.0,5478100.0
1822,2021-10-20 07:18:52,53200.0,500.0,5477600.0
1823,2021-10-20 07:18:52,53200.0,100.0,5477100.0
1824,2021-10-20 07:18:52,53200.0,1800.0,5477000.0
1825,2021-10-20 07:18:52,53200.0,500.0,5475200.0
1826,2021-10-20 07:18:50,53200.0,300.0,5474700.0
1827,2021-10-20 07:18:50,53200.0,400.0,5474400.0
1828,2021-10-20 07:18:49,53200.0,200.0,5474000.0
1829,2021-10-20 07:18:49,53200.0,100.0,5473800.0
1830,2021-10-20 07:18:48,53200.0,300.0,5473700.0
1831,2021-10-20 07:18:48,53200.0,2000.0,5473400.0
1832,2021-10-20 07:18:45,53200.0,900.0,5471400.0
1833,2021-10-20 07:18:44,53200.0,500.0,5470500.0
1834,2021-10-20 07:18:44,53200.0,1000.0,5470000.0
1835,2021-10-20 07:18:40,53200.0,2000.0,5469000.0
1836,2021-10-20 07:18:40,53200.0,500.0,5467000.0
1837,2021-10-20 07:18:39,53200.0,5000.0,5466500.0
1838,2021-10-20 07:18:38,53200.0,500.0,5461500.0
1839,2021-10-20 07:18:35,53300.0,100.0,5461000.0
1840,2021-10-20 07:18:34,53200.0,500.0,5460900.0
1841,2021-10-20 07:18:34,53200.0,100.0,5460400.0
1842,2021-10-20 07:18:33,53300.0,500.0,5460300.0
1843,2021-10-20 07:18:33,53200.0,100.0,5459800.0
1844,2021-10-20 07:18:33,53200.0,500.0,5459700.0
1845,2021-10-20 07:18:32,53200.0,300.0,5459200.0
1846,2021-10-20 07:18:30,53300.0,100.0,5458900.0
1847,2021-10-20 07:18:30,53300.0,200.0,5458800.0
1848,2021-10-20 07:18:29,53200.0,200.0,5458600.0
1849,2021-10-20 07:18:29,53200.0,100.0,5458400.0
1850,2021-10-20 07:18:29,53200.0,5000.0,5458300.0
1851,2021-10-20 07:18:29,53200.0,700.0,5453300.0
1852,2021-10-20 07:18:28,53200.0,4200.0,5452600.0
1853,2021-10-20 07:18:28,53200.0,100.0,5448400.0
1854,2021-10-20 07:18:28,53200.0,2700.0,5448300.0
1855,2021-10-20 07:18:28,53300.0,300.0,5445600.0
1856,2021-10-20 07:18:28,53300.0,700.0,5445300.0
1857,2021-10-20 07:18:28,53200.0,200.0,5444600.0
1858,2021-10-20 07:18:27,53300.0,1000.0,5444400.0
1859,2021-10-20 07:18:26,53200.0,100.0,5443400.0
1860,2021-10-20 07:18:26,53200.0,500.0,5443300.0
1861,2021-10-20 07:18:26,53200.0,200.0,5442800.0
1862,2021-10-20 07:18:26,53200.0,1000.0,5442600.0
1863,2021-10-20 07:18:26,53200.0,300.0,5441600.0
1864,2021-10-20 07:18:26,53200.0,300.0,5441300.0
1865,2021-10-20 07:18:26,53200.0,100.0,5441000.0
1866,2021-10-20 07:18:26,53200.0,5000.0,5440900.0
1867,2021-10-20 07:18:26,53200.0,300.0,5435900.0
1868,2021-10-20 07:18:26,53200.0,600.0,5435600.0
1869,2021-10-20 07:18:26,53200.0,300.0,5435000.0
1870,2021-10-20 07:18:26,53200.0,20000.0,5434700.0
1871,2021-10-20 07:18:26,53200.0,1300.0,5414700.0
1872,2021-10-20 07:18:25,53200.0,500.0,5413400.0
1873,2021-10-20 07:18:25,53200.0,5200.0,5412900.0
1874,2021-10-20 07:18:23,53300.0,500.0,5407700.0
1875,2021-10-20 07:18:21,53200.0,4000.0,5407200.0
1876,2021-10-20 07:18:20,53200.0,300.0,5403200.0
1877,2021-10-20 07:18:20,53200.0,1700.0,5402900.0
1878,2021-10-20 07:18:20,53200.0,100.0,5401200.0
1879,2021-10-20 07:18:18,53200.0,300.0,5401100.0
1880,2021-10-20 07:18:18,53200.0,800.0,5400800.0
1881,2021-10-20 07:18:18,53200.0,100.0,5400000.0
1882,2021-10-20 07:18:18,53200.0,100.0,5399900.0
1883,2021-10-20 07:18:14,53200.0,300.0,5399800.0
1884,2021-10-20 07:18:14,53200.0,100.0,5399500.0
1885,2021-10-20 07:18:14,53200.0,100.0,5399400.0
1886,2021-10-20 07:18:13,53200.0,400.0,5399300.0
1887,2021-10-20 07:18:12,53200.0,5000.0,5398900.0
1888,2021-10-20 07:18:12,53200.0,100.0,5393900.0
1889,2021-10-20 07:18:12,53200.0,300.0,5393800.0
1890,2021-10-20 07:18:12,53200.0,600.0,5393500.0
1891,2021-10-20 07:18:10,53300.0,200.0,5392900.0
1892,2021-10-20 07:18:10,53200.0,500.0,5392700.0
1893,2021-10-20 07:18:09,53300.0,300.0,5392200.0
1894,2021-10-20 07:18:09,53300.0,200.0,5391900.0
1895,2021-10-20 07:18:05,53300.0,300.0,5391700.0
1896,2021-10-20 07:18:04,53200.0,3200.0,5391400.0
1897,2021-10-20 07:18:04,53200.0,200.0,5388200.0
1898,2021-10-20 07:18:03,53300.0,500.0,5388000.0
1899,2021-10-20 07:18:02,53300.0,100.0,5387500.0
1900,2021-10-20 07:18:02,53300.0,200.0,5387400.0
1901,2021-10-20 07:18:02,53300.0,2100.0,5387200.0
1902,2021-10-20 07:18:02,53300.0,100.0,5385100.0
1903,2021-10-20 07:18:00,53300.0,300.0,5385000.0
1904,2021-10-20 07:17:58,53300.0,100.0,5384700.0
1905,2021-10-20 07:17:58,53300.0,100.0,5384600.0
1906,2021-10-20 07:17:58,53300.0,200.0,5384500.0
1907,2021-10-20 07:17:58,53300.0,100.0,5384300.0
1908,2021-10-20 07:17:58,53200.0,200.0,5384200.0
1909,2021-10-20 07:17:56,53300.0,1900.0,5384000.0
1910,2021-10-20 07:17:56,53300.0,300.0,5382100.0
1911,2021-10-20 07:17:56,53300.0,5000.0,5381800.0
1912,2021-10-20 07:17:56,53300.0,2800.0,5376800.0
1913,2021-10-20 07:17:56,53200.0,1800.0,5374000.0
1914,2021-10-20 07:17:55,53200.0,500.0,5372200.0
1915,2021-10-20 07:17:55,53200.0,1100.0,5371700.0
1916,2021-10-20 07:17:53,53300.0,1200.0,5370600.0
1917,2021-10-20 07:17:53,53300.0,600.0,5369400.0
1918,2021-10-20 07:17:53,53300.0,100.0,5368800.0
1919,2021-10-20 07:17:53,53300.0,500.0,5368700.0
1920,2021-10-20 07:17:53,53300.0,400.0,5368200.0
1921,2021-10-20 07:17:53,53300.0,700.0,5367800.0
1922,2021-10-20 07:17:53,53300.0,700.0,5367100.0
1923,2021-10-20 07:17:53,53300.0,800.0,5366400.0
1924,2021-10-20 07:17:52,53200.0,100.0,5365600.0
1925,2021-10-20 07:17:51,53200.0,1800.0,5365500.0
1926,2021-10-20 07:17:51,53200.0,200.0,5363700.0
1927,2021-10-20 07:17:50,53200.0,9800.0,5363500.0
1928,2021-10-20 07:17:50,53200.0,700.0,5353700.0
1929,2021-10-20 07:17:50,53200.0,4000.0,5353000.0
1930,2021-10-20 07:17:50,53200.0,300.0,5349000.0
1931,2021-10-20 07:17:50,53200.0,8000.0,5348700.0
1932,2021-10-20 07:17:50,53200.0,3200.0,5340700.0
1933,2021-10-20 07:17:47,53200.0,200.0,5337500.0
1934,2021-10-20 07:17:46,53200.0,100.0,5337300.0
1935,2021-10-20 07:17:45,53200.0,3000.0,5337200.0
1936,2021-10-20 07:17:45,53200.0,1000.0,5334200.0
1937,2021-10-20 07:17:44,53200.0,1000.0,5333200.0
1938,2021-10-20 07:17:41,53200.0,500.0,5332200.0
1939,2021-10-20 07:17:41,53300.0,100.0,5331700.0
1940,2021-10-20 07:17:41,53200.0,900.0,5331600.0
1941,2021-10-20 07:17:40,53200.0,100.0,5330700.0
1942,2021-10-20 07:17:40,53200.0,1000.0,5330600.0
1943,2021-10-20 07:17:40,53200.0,200.0,5329600.0
1944,2021-10-20 07:17:40,53200.0,100.0,5329400.0
1945,2021-10-20 07:17:40,53300.0,2000.0,5329300.0
1946,2021-10-20 07:17:39,53200.0,200.0,5327300.0
1947,2021-10-20 07:17:38,53300.0,2000.0,5327100.0
1948,2021-10-20 07:17:32,53200.0,800.0,5325100.0
1949,2021-10-20 07:17:32,53200.0,2200.0,5324300.0
1950,2021-10-20 07:17:28,53300.0,1000.0,5322100.0
1951,2021-10-20 07:17:26,53200.0,500.0,5321100.0
1952,2021-10-20 07:17:25,53200.0,1800.0,5320600.0
1953,2021-10-20 07:17:23,53300.0,200.0,5318800.0
1954,2021-10-20 07:17:22,53200.0,400.0,5318600.0
1955,2021-10-20 07:17:22,53300.0,900.0,5318200.0
1956,2021-10-20 07:17:22,53200.0,100.0,5317300.0
1957,2021-10-20 07:17:22,53200.0,900.0,5317200.0
1958,2021-10-20 07:17:21,53200.0,4100.0,5316300.0
1959,2021-10-20 07:17:21,53200.0,300.0,5312200.0
1960,2021-10-20 07:17:21,53200.0,100.0,5311900.0
1961,2021-10-20 07:17:21,53200.0,1000.0,5311800.0
1962,2021-10-20 07:17:21,53200.0,100.0,5310800.0
1963,2021-10-20 07:17:21,53200.0,400.0,5310700.0
1964,2021-10-20 07:17:21,53200.0,600.0,5310300.0
1965,2021-10-20 07:17:21,53200.0,1000.0,5309700.0
1966,2021-10-20 07:17:21,53200.0,100.0,5308700.0
1967,2021-10-20 07:17:21,53200.0,600.0,5308600.0
1968,2021-10-20 07:17:21,53200.0,100.0,5308000.0
1969,2021-10-20 07:17:21,53200.0,100.0,5307900.0
1970,2021-10-20 07:17:21,53200.0,100.0,5307800.0
1971,2021-10-20 07:17:20,53300.0,1700.0,5307700.0
1972,2021-10-20 07:17:20,53300.0,100.0,5306000.0
1973,2021-10-20 07:17:20,53300.0,200.0,5305900.0
1974,2021-10-20 07:17:20,53300.0,200.0,5305700.0
1975,2021-10-20 07:17:20,53300.0,500.0,5305500.0
1976,2021-10-20 07:17:20,53300.0,500.0,5305000.0
1977,2021-10-20 07:17:20,53300.0,1000.0,5304500.0
1978,2021-10-20 07:17:20,53300.0,200.0,5303500.0
1979,2021-10-20 07:17:20,53300.0,1000.0,5303300.0
1980,2021-10-20 07:17:20,53300.0,3000.0,5302300.0
1981,2021-10-20 07:17:20,53300.0,100.0,5299300.0
1982,2021-10-20 07:17:20,53300.0,200.0,5299200.0
1983,2021-10-20 07:17:19,53300.0,500.0,5299000.0
1984,2021-10-20 07:17:17,53300.0,100.0,5298500.0
1985,2021-10-20 07:17:17,53300.0,2500.0,5298400.0
1986,2021-10-20 07:17:16,53200.0,100.0,5295900.0
1987,2021-10-20 07:17:16,53200.0,200.0,5295800.0
1988,2021-10-20 07:17:16,53200.0,100.0,5295600.0
1989,2021-10-20 07:17:15,53300.0,1000.0,5295500.0
1990,2021-10-20 07:17:13,53200.0,100.0,5294500.0
1991,2021-10-20 07:17:13,53200.0,200.0,5294400.0
1992,2021-10-20 07:17:13,53200.0,500.0,5294200.0
1993,2021-10-20 07:17:13,53200.0,200.0,5293700.0
1994,2021-10-20 07:17:01,53300.0,700.0,5293500.0
1995,2021-10-20 07:17:00,53300.0,300.0,5292800.0
1996,2021-10-20 07:17:00,53300.0,200.0,5292500.0
1997,2021-10-20 07:17:00,53300.0,100.0,5292300.0
1998,2021-10-20 07:17:00,53300.0,500.0,5292200.0
1999,2021-10-20 07:16:58,53300.0,500.0,5291700.0
2000,2021-10-20 07:16:58,53300.0,200.0,5291200.0
2001,2021-10-20 07:16:58,53300.0,1000.0,5291000.0
2002,2021-10-20 07:16:58,53300.0,100.0,5290000.0
2003,2021-10-20 07:16:58,53300.0,200.0,5289900.0
2004,2021-10-20 07:16:57,53400.0,1000.0,5289700.0
2005,2021-10-20 07:16:55,53300.0,300.0,5288700.0
2006,2021-10-20 07:16:55,53300.0,200.0,5288400.0
2007,2021-10-20 07:16:55,53300.0,200.0,5288200.0
2008,2021-10-20 07:16:55,53300.0,100.0,5288000.0
2009,2021-10-20 07:16:55,53300.0,3000.0,5287900.0
2010,2021-10-20 07:16:55,53300.0,300.0,5284900.0
2011,2021-10-20 07:16:55,53300.0,600.0,5284600.0
2012,2021-10-20 07:16:54,53300.0,500.0,5284000.0
2013,2021-10-20 07:16:54,53400.0,300.0,5283500.0
2014,2021-10-20 07:16:53,53300.0,1000.0,5283200.0
2015,2021-10-20 07:16:52,53300.0,100.0,5282200.0
2016,2021-10-20 07:16:51,53300.0,2400.0,5282100.0
2017,2021-10-20 07:16:50,53300.0,400.0,5279700.0
2018,2021-10-20 07:16:50,53300.0,100.0,5279300.0
2019,2021-10-20 07:16:50,53300.0,500.0,5279200.0
2020,2021-10-20 07:16:50,53300.0,900.0,5278700.0
2021,2021-10-20 07:16:48,53300.0,300.0,5277800.0
2022,2021-10-20 07:16:47,53300.0,1000.0,5277500.0
2023,2021-10-20 07:16:46,53300.0,6000.0,5276500.0
2024,2021-10-20 07:16:45,53300.0,1000.0,5270500.0
2025,2021-10-20 07:16:43,53300.0,300.0,5269500.0
2026,2021-10-20 07:16:43,53300.0,2700.0,5269200.0
2027,2021-10-20 07:16:43,53300.0,1000.0,5266500.0
2028,2021-10-20 07:16:41,53400.0,900.0,5265500.0
2029,2021-10-20 07:16:41,53400.0,500.0,5264600.0
2030,2021-10-20 07:16:40,53300.0,400.0,5264100.0
2031,2021-10-20 07:16:40,53300.0,3000.0,5263700.0
2032,2021-10-20 07:16:39,53300.0,1200.0,5260700.0
2033,2021-10-20 07:16:38,53300.0,1700.0,5259500.0
2034,2021-10-20 07:16:38,53300.0,200.0,5257800.0
2035,2021-10-20 07:16:38,53300.0,100.0,5257600.0
2036,2021-10-20 07:16:38,53300.0,100.0,5257500.0
2037,2021-10-20 07:16:38,53300.0,100.0,5257400.0
2038,2021-10-20 07:16:38,53300.0,1000.0,5257300.0
2039,2021-10-20 07:16:38,53300.0,4600.0,5256300.0
2040,2021-10-20 07:16:37,53300.0,1000.0,5251700.0
2041,2021-10-20 07:16:36,53300.0,2000.0,5250700.0
2042,2021-10-20 07:16:36,53300.0,1500.0,5248700.0
2043,2021-10-20 07:16:36,53300.0,100.0,5247200.0
2044,2021-10-20 07:16:35,53300.0,800.0,5247100.0
2045,2021-10-20 07:16:35,53300.0,7200.0,5246300.0
2046,2021-10-20 07:16:33,53300.0,2800.0,5239100.0
2047,2021-10-20 07:16:33,53300.0,200.0,5236300.0
2048,2021-10-20 07:16:33,53300.0,100.0,5236100.0
