,Time,Price,Volume_per_trade,Volume
0,2021-10-01 14:45:01,47800.0,400.0,11199500.0
1,2021-10-01 14:45:01,47800.0,600.0,11199100.0
2,2021-10-01 14:45:01,47800.0,100.0,11198500.0
3,2021-10-01 14:45:01,47800.0,1500.0,11198400.0
4,2021-10-01 14:45:01,47800.0,100.0,11196900.0
5,2021-10-01 14:45:01,47800.0,1400.0,11196800.0
6,2021-10-01 14:45:01,47800.0,1000.0,11195400.0
7,2021-10-01 14:45:01,47800.0,5000.0,11194400.0
8,2021-10-01 14:45:01,47800.0,1000.0,11189400.0
9,2021-10-01 14:45:01,47800.0,1000.0,11188400.0
10,2021-10-01 14:45:01,47800.0,500.0,11187400.0
11,2021-10-01 14:45:01,47800.0,2000.0,11186900.0
12,2021-10-01 14:45:01,47800.0,100.0,11184900.0
13,2021-10-01 14:45:01,47800.0,700.0,11184800.0
14,2021-10-01 14:45:01,47800.0,100.0,11184100.0
15,2021-10-01 14:45:01,47800.0,400.0,11184000.0
16,2021-10-01 14:45:01,47800.0,200.0,11183600.0
17,2021-10-01 14:45:01,47800.0,500.0,11183400.0
18,2021-10-01 14:45:01,47800.0,1300.0,11182900.0
19,2021-10-01 14:45:01,47800.0,200.0,11181600.0
20,2021-10-01 14:45:01,47800.0,500.0,11181400.0
21,2021-10-01 14:45:01,47800.0,500.0,11180900.0
22,2021-10-01 14:45:01,47800.0,100.0,11180400.0
23,2021-10-01 14:45:01,47800.0,2900.0,11180300.0
24,2021-10-01 14:45:01,47800.0,2100.0,11177400.0
25,2021-10-01 14:45:01,47800.0,200.0,11175300.0
26,2021-10-01 14:45:01,47800.0,1000.0,11175100.0
27,2021-10-01 14:45:01,47800.0,100.0,11174100.0
28,2021-10-01 14:45:01,47800.0,100.0,11174000.0
29,2021-10-01 14:45:01,47800.0,200.0,11173900.0
30,2021-10-01 14:45:01,47800.0,300.0,11173700.0
31,2021-10-01 14:45:01,47800.0,100.0,11173400.0
32,2021-10-01 14:45:01,47800.0,600.0,11173300.0
33,2021-10-01 14:45:01,47800.0,500.0,11172700.0
34,2021-10-01 14:45:01,47800.0,100.0,11172200.0
35,2021-10-01 14:45:01,47800.0,600.0,11172100.0
36,2021-10-01 14:45:01,47800.0,100.0,11171500.0
37,2021-10-01 14:45:01,47800.0,100.0,11171400.0
38,2021-10-01 14:45:01,47800.0,100.0,11171300.0
39,2021-10-01 14:45:01,47800.0,800.0,11171200.0
40,2021-10-01 14:45:01,47800.0,200.0,11170400.0
41,2021-10-01 14:45:01,47800.0,1000.0,11170200.0
42,2021-10-01 14:45:01,47800.0,800.0,11169200.0
43,2021-10-01 14:45:01,47800.0,100.0,11168400.0
44,2021-10-01 14:45:01,47800.0,100.0,11168300.0
45,2021-10-01 14:45:01,47800.0,1000.0,11168200.0
46,2021-10-01 14:45:01,47800.0,900.0,11167200.0
47,2021-10-01 14:45:01,47800.0,100.0,11166300.0
48,2021-10-01 14:45:01,47800.0,1000.0,11166200.0
49,2021-10-01 14:45:01,47800.0,100.0,11165200.0
50,2021-10-01 14:45:01,47800.0,3700.0,11165100.0
51,2021-10-01 14:45:01,47800.0,1000.0,11161400.0
52,2021-10-01 14:45:01,47800.0,2000.0,11160400.0
53,2021-10-01 14:45:01,47800.0,1000.0,11158400.0
54,2021-10-01 14:45:01,47800.0,300.0,11157400.0
55,2021-10-01 14:45:01,47800.0,1000.0,11157100.0
56,2021-10-01 14:45:01,47800.0,100.0,11156100.0
57,2021-10-01 14:45:01,47800.0,100.0,11156000.0
58,2021-10-01 14:45:01,47800.0,700.0,11155900.0
59,2021-10-01 14:45:01,47800.0,200.0,11155200.0
60,2021-10-01 14:45:01,47800.0,400.0,11155000.0
61,2021-10-01 14:45:01,47800.0,100.0,11154600.0
62,2021-10-01 14:45:01,47800.0,3000.0,11154500.0
63,2021-10-01 14:45:01,47800.0,600.0,11151500.0
64,2021-10-01 14:45:01,47800.0,200.0,11150900.0
65,2021-10-01 14:45:01,47800.0,200.0,11150700.0
66,2021-10-01 14:45:01,47800.0,500.0,11150500.0
67,2021-10-01 14:45:01,47800.0,100.0,11150000.0
68,2021-10-01 14:45:01,47800.0,500.0,11149900.0
69,2021-10-01 14:45:01,47800.0,500.0,11149400.0
70,2021-10-01 14:45:01,47800.0,400.0,11148900.0
71,2021-10-01 14:45:01,47800.0,1000.0,11148500.0
72,2021-10-01 14:45:01,47800.0,100.0,11147500.0
73,2021-10-01 14:45:01,47800.0,200.0,11147400.0
74,2021-10-01 14:45:01,47800.0,4100.0,11147200.0
75,2021-10-01 14:45:01,47800.0,200.0,11143100.0
76,2021-10-01 14:45:01,47800.0,600.0,11142900.0
77,2021-10-01 14:45:01,47800.0,100.0,11142300.0
78,2021-10-01 14:45:01,47800.0,600.0,11142200.0
79,2021-10-01 14:45:01,47800.0,300.0,11141600.0
80,2021-10-01 14:45:01,47800.0,100.0,11141300.0
81,2021-10-01 14:45:01,47800.0,2500.0,11141200.0
82,2021-10-01 14:45:01,47800.0,100.0,11138700.0
83,2021-10-01 14:45:01,47800.0,100.0,11138600.0
84,2021-10-01 14:45:01,47800.0,500.0,11138500.0
85,2021-10-01 14:45:01,47800.0,100.0,11138000.0
86,2021-10-01 14:45:01,47800.0,1000.0,11137900.0
87,2021-10-01 14:45:01,47800.0,100.0,11136900.0
88,2021-10-01 14:45:01,47800.0,100.0,11136800.0
89,2021-10-01 14:45:01,47800.0,300.0,11136700.0
90,2021-10-01 14:45:01,47800.0,200.0,11136400.0
91,2021-10-01 14:45:01,47800.0,300.0,11136200.0
92,2021-10-01 14:45:01,47800.0,500.0,11135900.0
93,2021-10-01 14:45:01,47800.0,100.0,11135400.0
94,2021-10-01 14:45:01,47800.0,500.0,11135300.0
95,2021-10-01 14:45:01,47800.0,200.0,11134800.0
96,2021-10-01 14:45:01,47800.0,200.0,11134600.0
97,2021-10-01 14:45:01,47800.0,100.0,11134400.0
98,2021-10-01 14:45:01,47800.0,100.0,11134300.0
99,2021-10-01 14:45:01,47800.0,1000.0,11134200.0
100,2021-10-01 14:45:01,47800.0,100.0,11133200.0
101,2021-10-01 14:45:01,47800.0,300.0,11133100.0
102,2021-10-01 14:45:01,47800.0,5000.0,11132800.0
103,2021-10-01 14:45:01,47800.0,6600.0,11127800.0
104,2021-10-01 14:45:01,47800.0,200.0,11121200.0
105,2021-10-01 14:45:01,47800.0,5000.0,11121000.0
106,2021-10-01 14:45:01,47800.0,200.0,11116000.0
107,2021-10-01 14:45:01,47800.0,10000.0,11115800.0
108,2021-10-01 14:45:01,47800.0,8000.0,11105800.0
109,2021-10-01 14:45:01,47800.0,500.0,11097800.0
110,2021-10-01 14:45:01,47800.0,1800.0,11097300.0
111,2021-10-01 14:45:01,47800.0,1500.0,11095500.0
112,2021-10-01 14:45:01,47800.0,500.0,11094000.0
113,2021-10-01 14:45:01,47800.0,1000.0,11093500.0
114,2021-10-01 14:45:01,47800.0,600.0,11092500.0
115,2021-10-01 14:45:01,47800.0,3600.0,11091900.0
116,2021-10-01 14:45:01,47800.0,100.0,11088300.0
117,2021-10-01 14:45:01,47800.0,1000.0,11088200.0
118,2021-10-01 14:45:01,47800.0,5400.0,11087200.0
119,2021-10-01 14:45:01,47800.0,500.0,11081800.0
120,2021-10-01 14:45:01,47800.0,200.0,11081300.0
121,2021-10-01 14:45:01,47800.0,3000.0,11081100.0
122,2021-10-01 14:45:01,47800.0,300.0,11078100.0
123,2021-10-01 14:45:01,47800.0,100.0,11077800.0
124,2021-10-01 14:45:01,47800.0,1000.0,11077700.0
125,2021-10-01 14:45:01,47800.0,1600.0,11076700.0
126,2021-10-01 14:45:01,47800.0,900.0,11075100.0
127,2021-10-01 14:45:01,47800.0,400.0,11074200.0
128,2021-10-01 14:45:01,47800.0,300.0,11073800.0
129,2021-10-01 14:45:01,47800.0,1800.0,11073500.0
130,2021-10-01 14:45:01,47800.0,300.0,11071700.0
131,2021-10-01 14:45:01,47800.0,500.0,11071400.0
132,2021-10-01 14:45:01,47800.0,1000.0,11070900.0
133,2021-10-01 14:45:01,47800.0,400.0,11069900.0
134,2021-10-01 14:45:01,47800.0,100.0,11069500.0
135,2021-10-01 14:45:01,47800.0,100.0,11069400.0
136,2021-10-01 14:45:01,47800.0,100.0,11069300.0
137,2021-10-01 14:45:01,47800.0,500.0,11069200.0
138,2021-10-01 14:45:01,47800.0,100.0,11068700.0
139,2021-10-01 14:45:01,47800.0,100.0,11068600.0
140,2021-10-01 14:45:01,47800.0,1000.0,11068500.0
141,2021-10-01 14:45:01,47800.0,100.0,11067500.0
142,2021-10-01 14:45:01,47800.0,1000.0,11067400.0
143,2021-10-01 14:45:01,47800.0,1900.0,11066400.0
144,2021-10-01 14:45:01,47800.0,100.0,11064500.0
145,2021-10-01 14:45:01,47800.0,100.0,11064400.0
146,2021-10-01 14:45:01,47800.0,900.0,11064300.0
147,2021-10-01 14:45:01,47800.0,200.0,11063400.0
148,2021-10-01 14:45:01,47800.0,1000.0,11063200.0
149,2021-10-01 14:45:01,47800.0,100.0,11062200.0
150,2021-10-01 14:45:01,47800.0,300.0,11062100.0
151,2021-10-01 14:45:01,47800.0,500.0,11061800.0
152,2021-10-01 14:45:01,47800.0,100.0,11061300.0
153,2021-10-01 14:45:01,47800.0,100.0,11061200.0
154,2021-10-01 14:45:01,47800.0,100.0,11061100.0
155,2021-10-01 14:45:01,47800.0,100.0,11061000.0
156,2021-10-01 14:45:01,47800.0,1000.0,11060900.0
157,2021-10-01 14:45:01,47800.0,600.0,11059900.0
158,2021-10-01 14:45:01,47800.0,200.0,11059300.0
159,2021-10-01 14:45:01,47800.0,500.0,11059100.0
160,2021-10-01 14:45:01,47800.0,1000.0,11058600.0
161,2021-10-01 14:45:01,47800.0,200.0,11057600.0
162,2021-10-01 14:45:01,47800.0,100.0,11057400.0
163,2021-10-01 14:45:01,47800.0,1000.0,11057300.0
164,2021-10-01 14:45:01,47800.0,300.0,11056300.0
165,2021-10-01 14:45:01,47800.0,400.0,11056000.0
166,2021-10-01 14:45:01,47800.0,100.0,11055600.0
167,2021-10-01 14:45:01,47800.0,1500.0,11055500.0
168,2021-10-01 14:45:01,47800.0,700.0,11054000.0
169,2021-10-01 14:45:01,47800.0,500.0,11053300.0
170,2021-10-01 14:45:01,47800.0,300.0,11052800.0
171,2021-10-01 14:45:01,47800.0,100.0,11052500.0
172,2021-10-01 14:45:01,47800.0,100.0,11052400.0
173,2021-10-01 14:45:01,47800.0,200.0,11052300.0
174,2021-10-01 14:45:01,47800.0,100.0,11052100.0
175,2021-10-01 14:45:01,47800.0,200.0,11052000.0
176,2021-10-01 14:45:01,47800.0,200.0,11051800.0
177,2021-10-01 14:45:01,47800.0,3500.0,11051600.0
178,2021-10-01 14:45:01,47800.0,200.0,11048100.0
179,2021-10-01 14:45:01,47800.0,500.0,11047900.0
180,2021-10-01 14:45:01,47800.0,2500.0,11047400.0
181,2021-10-01 14:45:01,47800.0,100.0,11044900.0
182,2021-10-01 14:45:01,47800.0,300.0,11044800.0
183,2021-10-01 14:45:01,47800.0,200.0,11044500.0
184,2021-10-01 14:45:01,47800.0,300.0,11044300.0
185,2021-10-01 14:45:01,47800.0,100.0,11044000.0
186,2021-10-01 14:45:01,47800.0,500.0,11043900.0
187,2021-10-01 14:45:01,47800.0,5000.0,11043400.0
188,2021-10-01 14:45:01,47800.0,500.0,11038400.0
189,2021-10-01 14:45:01,47800.0,500.0,11037900.0
190,2021-10-01 14:45:01,47800.0,200.0,11037400.0
191,2021-10-01 14:45:01,47800.0,1800.0,11037200.0
192,2021-10-01 14:45:01,47800.0,300.0,11035400.0
193,2021-10-01 14:45:01,47800.0,200.0,11035100.0
194,2021-10-01 14:45:01,47800.0,200.0,11034900.0
195,2021-10-01 14:45:01,47800.0,700.0,11034700.0
196,2021-10-01 14:45:01,47800.0,100.0,11034000.0
197,2021-10-01 14:45:01,47800.0,200.0,11033900.0
198,2021-10-01 14:45:01,47800.0,200.0,11033700.0
199,2021-10-01 14:45:01,47800.0,1000.0,11033500.0
200,2021-10-01 14:45:01,47800.0,1000.0,11032500.0
201,2021-10-01 14:45:01,47800.0,1500.0,11031500.0
202,2021-10-01 14:45:01,47800.0,5400.0,11030000.0
203,2021-10-01 14:45:01,47800.0,100.0,11024600.0
204,2021-10-01 14:45:01,47800.0,200.0,11024500.0
205,2021-10-01 14:45:01,47800.0,100.0,11024300.0
206,2021-10-01 14:45:01,47800.0,400.0,11024200.0
207,2021-10-01 14:45:01,47800.0,300.0,11023800.0
208,2021-10-01 14:45:01,47800.0,8500.0,11023500.0
209,2021-10-01 14:45:01,47800.0,100.0,11015000.0
210,2021-10-01 14:45:01,47800.0,500.0,11014900.0
211,2021-10-01 14:45:01,47800.0,1000.0,11014400.0
212,2021-10-01 14:45:01,47800.0,1000.0,11013400.0
213,2021-10-01 14:45:01,47800.0,100.0,11012400.0
214,2021-10-01 14:45:01,47800.0,1800.0,11012300.0
215,2021-10-01 14:45:01,47800.0,300.0,11010500.0
216,2021-10-01 14:45:01,47800.0,2400.0,11010200.0
217,2021-10-01 14:45:01,47800.0,2200.0,11007800.0
218,2021-10-01 14:45:01,47800.0,500.0,11005600.0
219,2021-10-01 14:45:01,47800.0,600.0,11005100.0
220,2021-10-01 14:45:01,47800.0,2000.0,11004500.0
221,2021-10-01 14:45:01,47800.0,1400.0,11002500.0
222,2021-10-01 14:45:01,47800.0,4600.0,11001100.0
223,2021-10-01 14:45:01,47800.0,1700.0,10996500.0
224,2021-10-01 14:45:01,47800.0,500.0,10994800.0
225,2021-10-01 14:45:01,47800.0,1800.0,10994300.0
226,2021-10-01 14:45:01,47800.0,500.0,10992500.0
227,2021-10-01 14:45:01,47800.0,3700.0,10992000.0
228,2021-10-01 14:45:01,47800.0,500.0,10988300.0
229,2021-10-01 14:45:01,47800.0,800.0,10987800.0
230,2021-10-01 14:45:01,47800.0,600.0,10987000.0
231,2021-10-01 14:45:01,47800.0,400.0,10986400.0
232,2021-10-01 14:45:01,47800.0,100.0,10986000.0
233,2021-10-01 14:45:01,47800.0,300.0,10985900.0
234,2021-10-01 14:45:01,47800.0,100.0,10985600.0
235,2021-10-01 14:45:01,47800.0,100.0,10985500.0
236,2021-10-01 14:45:01,47800.0,1800.0,10985400.0
237,2021-10-01 14:45:01,47800.0,800.0,10983600.0
238,2021-10-01 14:45:01,47800.0,300.0,10982800.0
239,2021-10-01 14:45:01,47800.0,500.0,10982500.0
240,2021-10-01 14:45:01,47800.0,500.0,10982000.0
241,2021-10-01 14:45:01,47800.0,600.0,10981500.0
242,2021-10-01 14:45:01,47800.0,500.0,10980900.0
243,2021-10-01 14:45:01,47800.0,100.0,10980400.0
244,2021-10-01 14:45:01,47800.0,2000.0,10980300.0
245,2021-10-01 14:45:01,47800.0,2000.0,10978300.0
246,2021-10-01 14:45:01,47800.0,2700.0,10976300.0
247,2021-10-01 14:45:01,47800.0,300.0,10973600.0
248,2021-10-01 14:45:01,47800.0,200.0,10973300.0
249,2021-10-01 14:45:01,47800.0,100.0,10973100.0
250,2021-10-01 14:45:01,47800.0,200.0,10973000.0
251,2021-10-01 14:45:01,47800.0,800.0,10972800.0
252,2021-10-01 14:45:01,47800.0,1000.0,10972000.0
253,2021-10-01 14:45:01,47800.0,200.0,10971000.0
254,2021-10-01 14:45:01,47800.0,200.0,10970800.0
255,2021-10-01 14:45:01,47800.0,200.0,10970600.0
256,2021-10-01 14:45:01,47800.0,500.0,10970400.0
257,2021-10-01 14:45:01,47800.0,3900.0,10969900.0
258,2021-10-01 14:45:01,47800.0,1000.0,10966000.0
259,2021-10-01 14:45:01,47800.0,100.0,10965000.0
260,2021-10-01 14:45:01,47800.0,100.0,10964900.0
261,2021-10-01 14:45:01,47800.0,100.0,10964800.0
262,2021-10-01 14:45:01,47800.0,800.0,10964700.0
263,2021-10-01 14:45:01,47800.0,200.0,10963900.0
264,2021-10-01 14:45:01,47800.0,200.0,10963700.0
265,2021-10-01 14:45:01,47800.0,100.0,10963500.0
266,2021-10-01 14:45:01,47800.0,100.0,10963400.0
267,2021-10-01 14:45:01,47800.0,100.0,10963300.0
268,2021-10-01 14:45:01,47800.0,100.0,10963200.0
269,2021-10-01 14:45:01,47800.0,600.0,10963100.0
270,2021-10-01 14:45:01,47800.0,300.0,10962500.0
271,2021-10-01 14:45:01,47800.0,1100.0,10962200.0
272,2021-10-01 14:45:01,47800.0,900.0,10961100.0
273,2021-10-01 14:45:01,47800.0,100.0,10960200.0
274,2021-10-01 14:45:01,47800.0,100.0,10960100.0
275,2021-10-01 14:45:01,47800.0,200.0,10960000.0
276,2021-10-01 14:45:01,47800.0,1000.0,10959800.0
277,2021-10-01 14:45:01,47800.0,800.0,10958800.0
278,2021-10-01 14:45:01,47800.0,300.0,10958000.0
279,2021-10-01 14:45:01,47800.0,200.0,10957700.0
280,2021-10-01 14:45:01,47800.0,600.0,10957500.0
281,2021-10-01 14:45:01,47800.0,100.0,10956900.0
282,2021-10-01 14:45:01,47800.0,1300.0,10956800.0
283,2021-10-01 14:45:01,47800.0,2000.0,10955500.0
284,2021-10-01 14:45:01,47800.0,200.0,10953500.0
285,2021-10-01 14:45:01,47800.0,2000.0,10953300.0
286,2021-10-01 14:45:01,47800.0,100.0,10951300.0
287,2021-10-01 14:45:01,47800.0,100.0,10951200.0
288,2021-10-01 14:45:01,47800.0,200.0,10951100.0
289,2021-10-01 14:45:01,47800.0,300.0,10950900.0
290,2021-10-01 14:45:01,47800.0,200.0,10950600.0
291,2021-10-01 14:45:01,47800.0,7100.0,10950400.0
292,2021-10-01 14:45:01,47800.0,100.0,10943300.0
293,2021-10-01 14:45:01,47800.0,7000.0,10943200.0
294,2021-10-01 14:45:01,47800.0,5000.0,10936200.0
295,2021-10-01 14:45:01,47800.0,400.0,10931200.0
296,2021-10-01 14:45:01,47800.0,400.0,10930800.0
297,2021-10-01 14:30:00,47700.0,1000.0,10930400.0
298,2021-10-01 14:29:59,47700.0,500.0,10929400.0
299,2021-10-01 14:29:58,47750.0,900.0,10928900.0
300,2021-10-01 14:29:58,47750.0,100.0,10928000.0
301,2021-10-01 14:29:58,47750.0,3000.0,10927900.0
302,2021-10-01 14:29:52,47750.0,100.0,10924900.0
303,2021-10-01 14:29:52,47700.0,6000.0,10924800.0
304,2021-10-01 14:29:52,47700.0,2000.0,10918800.0
305,2021-10-01 14:29:52,47700.0,900.0,10916800.0
306,2021-10-01 14:29:49,47750.0,100.0,10915900.0
307,2021-10-01 14:29:46,47750.0,100.0,10915800.0
308,2021-10-01 14:29:42,47700.0,100.0,10915700.0
309,2021-10-01 14:29:42,47700.0,100.0,10915600.0
310,2021-10-01 14:29:39,47750.0,1100.0,10915500.0
311,2021-10-01 14:29:37,47750.0,3400.0,10914400.0
312,2021-10-01 14:29:33,47750.0,100.0,10911000.0
313,2021-10-01 14:29:29,47700.0,300.0,10910900.0
314,2021-10-01 14:29:28,47700.0,1000.0,10910600.0
315,2021-10-01 14:29:24,47700.0,1200.0,10909600.0
316,2021-10-01 14:29:23,47750.0,100.0,10908400.0
317,2021-10-01 14:29:22,47700.0,100.0,10908300.0
318,2021-10-01 14:29:22,47750.0,2000.0,10908200.0
319,2021-10-01 14:29:22,47750.0,10000.0,10906200.0
320,2021-10-01 14:29:22,47750.0,5000.0,10896200.0
321,2021-10-01 14:29:22,47750.0,1200.0,10891200.0
322,2021-10-01 14:29:22,47750.0,100.0,10890000.0
323,2021-10-01 14:29:22,47750.0,200.0,10889900.0
324,2021-10-01 14:29:22,47750.0,100.0,10889700.0
325,2021-10-01 14:29:13,47700.0,1300.0,10889600.0
326,2021-10-01 14:29:13,47700.0,100.0,10888300.0
327,2021-10-01 14:29:13,47700.0,1000.0,10888200.0
328,2021-10-01 14:29:13,47700.0,3500.0,10887200.0
329,2021-10-01 14:29:12,47700.0,2000.0,10883700.0
330,2021-10-01 14:29:09,47700.0,3600.0,10881700.0
331,2021-10-01 14:29:09,47700.0,100.0,10878100.0
332,2021-10-01 14:29:09,47700.0,300.0,10878000.0
333,2021-10-01 14:29:09,47700.0,500.0,10877700.0
334,2021-10-01 14:29:09,47700.0,100.0,10877200.0
335,2021-10-01 14:29:09,47700.0,100.0,10877100.0
336,2021-10-01 14:29:09,47700.0,1000.0,10877000.0
337,2021-10-01 14:29:09,47700.0,4300.0,10876000.0
338,2021-10-01 14:29:07,47750.0,200.0,10871700.0
339,2021-10-01 14:29:05,47700.0,2100.0,10871500.0
340,2021-10-01 14:29:04,47750.0,800.0,10869400.0
341,2021-10-01 14:29:04,47750.0,1100.0,10868600.0
342,2021-10-01 14:28:53,47750.0,100.0,10867500.0
343,2021-10-01 14:28:48,47750.0,100.0,10867400.0
344,2021-10-01 14:28:48,47750.0,100.0,10867300.0
345,2021-10-01 14:28:48,47700.0,100.0,10867200.0
346,2021-10-01 14:28:46,47700.0,4000.0,10867100.0
347,2021-10-01 14:28:38,47700.0,1600.0,10863100.0
348,2021-10-01 14:28:29,47750.0,300.0,10861500.0
349,2021-10-01 14:28:27,47750.0,100.0,10861200.0
350,2021-10-01 14:28:26,47750.0,800.0,10861100.0
351,2021-10-01 14:28:26,47750.0,800.0,10860300.0
352,2021-10-01 14:28:26,47750.0,100.0,10859500.0
353,2021-10-01 14:28:26,47750.0,4100.0,10859400.0
354,2021-10-01 14:28:18,47750.0,100.0,10855300.0
355,2021-10-01 14:28:17,47700.0,1000.0,10855200.0
356,2021-10-01 14:28:16,47700.0,1000.0,10854200.0
357,2021-10-01 14:28:14,47700.0,400.0,10853200.0
358,2021-10-01 14:28:14,47700.0,100.0,10852800.0
359,2021-10-01 14:28:13,47700.0,100.0,10852700.0
360,2021-10-01 14:28:12,47700.0,200.0,10852600.0
361,2021-10-01 14:28:10,47700.0,200.0,10852400.0
362,2021-10-01 14:28:10,47700.0,400.0,10852200.0
363,2021-10-01 14:28:10,47700.0,2500.0,10851800.0
364,2021-10-01 14:28:06,47650.0,1300.0,10849300.0
365,2021-10-01 14:28:06,47650.0,2000.0,10848000.0
366,2021-10-01 14:28:06,47650.0,200.0,10846000.0
367,2021-10-01 14:28:06,47650.0,200.0,10845800.0
368,2021-10-01 14:28:06,47650.0,1100.0,10845600.0
369,2021-10-01 14:28:06,47650.0,1200.0,10844500.0
370,2021-10-01 14:28:05,47650.0,1800.0,10843300.0
371,2021-10-01 14:28:05,47650.0,1000.0,10841500.0
372,2021-10-01 14:28:05,47650.0,300.0,10840500.0
373,2021-10-01 14:28:05,47650.0,2000.0,10840200.0
374,2021-10-01 14:28:05,47650.0,3900.0,10838200.0
375,2021-10-01 14:28:04,47700.0,400.0,10834300.0
376,2021-10-01 14:28:04,47700.0,7100.0,10833900.0
377,2021-10-01 14:28:04,47700.0,1000.0,10826800.0
378,2021-10-01 14:28:04,47700.0,300.0,10825800.0
379,2021-10-01 14:28:04,47700.0,200.0,10825500.0
380,2021-10-01 14:28:04,47700.0,200.0,10825300.0
381,2021-10-01 14:28:04,47700.0,200.0,10825100.0
382,2021-10-01 14:28:04,47700.0,500.0,10824900.0
383,2021-10-01 14:28:04,47700.0,300.0,10824400.0
384,2021-10-01 14:28:04,47700.0,5000.0,10824100.0
385,2021-10-01 14:28:04,47700.0,200.0,10819100.0
386,2021-10-01 14:28:04,47700.0,1000.0,10818900.0
387,2021-10-01 14:28:04,47700.0,200.0,10817900.0
388,2021-10-01 14:28:04,47700.0,15000.0,10817700.0
389,2021-10-01 14:28:04,47700.0,100.0,10802700.0
390,2021-10-01 14:28:04,47700.0,400.0,10802600.0
391,2021-10-01 14:28:04,47700.0,500.0,10802200.0
392,2021-10-01 14:28:04,47700.0,200.0,10801700.0
393,2021-10-01 14:28:04,47700.0,200.0,10801500.0
394,2021-10-01 14:28:04,47700.0,500.0,10801300.0
395,2021-10-01 14:28:04,47700.0,2000.0,10800800.0
396,2021-10-01 14:28:04,47700.0,200.0,10798800.0
397,2021-10-01 14:28:04,47700.0,300.0,10798600.0
398,2021-10-01 14:28:04,47700.0,200.0,10798300.0
399,2021-10-01 14:28:04,47700.0,100.0,10798100.0
400,2021-10-01 14:28:04,47700.0,300.0,10798000.0
401,2021-10-01 14:28:04,47700.0,100.0,10797700.0
402,2021-10-01 14:28:04,47700.0,1000.0,10797600.0
403,2021-10-01 14:28:04,47700.0,2000.0,10796600.0
404,2021-10-01 14:28:04,47700.0,3000.0,10794600.0
405,2021-10-01 14:28:04,47700.0,300.0,10791600.0
406,2021-10-01 14:28:04,47700.0,1000.0,10791300.0
407,2021-10-01 14:28:04,47700.0,300.0,10790300.0
408,2021-10-01 14:28:04,47700.0,200.0,10790000.0
409,2021-10-01 14:28:04,47700.0,2000.0,10789800.0
410,2021-10-01 14:28:04,47700.0,3000.0,10787800.0
411,2021-10-01 14:28:04,47700.0,600.0,10784800.0
412,2021-10-01 14:28:04,47700.0,300.0,10784200.0
413,2021-10-01 14:27:59,47700.0,700.0,10783900.0
414,2021-10-01 14:27:59,47700.0,300.0,10783200.0
415,2021-10-01 14:27:59,47700.0,100.0,10782900.0
416,2021-10-01 14:27:59,47700.0,100.0,10782800.0
417,2021-10-01 14:27:59,47700.0,200.0,10782700.0
418,2021-10-01 14:27:59,47700.0,100.0,10782500.0
419,2021-10-01 14:27:59,47700.0,500.0,10782400.0
420,2021-10-01 14:27:59,47700.0,200.0,10781900.0
421,2021-10-01 14:27:59,47700.0,100.0,10781700.0
422,2021-10-01 14:27:59,47700.0,1000.0,10781600.0
423,2021-10-01 14:27:59,47700.0,500.0,10780600.0
424,2021-10-01 14:27:59,47700.0,200.0,10780100.0
425,2021-10-01 14:27:59,47650.0,1000.0,10779900.0
426,2021-10-01 14:27:53,47700.0,100.0,10778900.0
427,2021-10-01 14:27:52,47700.0,700.0,10778800.0
428,2021-10-01 14:27:51,47700.0,1500.0,10778100.0
429,2021-10-01 14:27:51,47700.0,1000.0,10776600.0
430,2021-10-01 14:27:51,47700.0,1000.0,10775600.0
431,2021-10-01 14:27:51,47700.0,100.0,10774600.0
432,2021-10-01 14:27:51,47700.0,100.0,10774500.0
433,2021-10-01 14:27:51,47700.0,1000.0,10774400.0
434,2021-10-01 14:27:51,47700.0,5600.0,10773400.0
435,2021-10-01 14:27:38,47700.0,500.0,10767800.0
436,2021-10-01 14:27:36,47700.0,7900.0,10767300.0
437,2021-10-01 14:27:29,47700.0,100.0,10759400.0
438,2021-10-01 14:27:26,47650.0,200.0,10759300.0
439,2021-10-01 14:27:25,47700.0,100.0,10759100.0
440,2021-10-01 14:27:25,47700.0,600.0,10759000.0
441,2021-10-01 14:27:24,47700.0,100.0,10758400.0
442,2021-10-01 14:27:08,47650.0,1200.0,10758300.0
443,2021-10-01 14:27:08,47650.0,800.0,10757100.0
444,2021-10-01 14:27:07,47700.0,1000.0,10756300.0
445,2021-10-01 14:27:07,47700.0,200.0,10755300.0
446,2021-10-01 14:27:02,47700.0,200.0,10755100.0
447,2021-10-01 14:26:58,47700.0,100.0,10754900.0
448,2021-10-01 14:26:50,47700.0,700.0,10754800.0
449,2021-10-01 14:26:49,47650.0,300.0,10754100.0
450,2021-10-01 14:26:48,47650.0,200.0,10753800.0
451,2021-10-01 14:26:48,47650.0,2400.0,10753600.0
452,2021-10-01 14:26:48,47650.0,100.0,10751200.0
453,2021-10-01 14:26:48,47650.0,100.0,10751100.0
454,2021-10-01 14:26:48,47650.0,2000.0,10751000.0
455,2021-10-01 14:26:48,47650.0,400.0,10749000.0
456,2021-10-01 14:26:41,47700.0,300.0,10748600.0
457,2021-10-01 14:26:36,47700.0,100.0,10748300.0
458,2021-10-01 14:26:26,47650.0,100.0,10748200.0
459,2021-10-01 14:26:17,47700.0,5000.0,10748100.0
460,2021-10-01 14:26:13,47650.0,200.0,10743100.0
461,2021-10-01 14:26:06,47700.0,200.0,10742900.0
462,2021-10-01 14:26:05,47700.0,100.0,10742700.0
463,2021-10-01 14:26:05,47700.0,900.0,10742600.0
464,2021-10-01 14:25:49,47700.0,100.0,10741700.0
465,2021-10-01 14:25:44,47700.0,600.0,10741600.0
466,2021-10-01 14:25:43,47700.0,100.0,10741000.0
467,2021-10-01 14:25:41,47650.0,400.0,10740900.0
468,2021-10-01 14:25:41,47650.0,200.0,10740500.0
469,2021-10-01 14:25:40,47650.0,2000.0,10740300.0
470,2021-10-01 14:25:29,47650.0,900.0,10738300.0
471,2021-10-01 14:25:23,47650.0,2000.0,10737400.0
472,2021-10-01 14:25:15,47650.0,200.0,10735400.0
473,2021-10-01 14:25:14,47650.0,100.0,10735200.0
474,2021-10-01 14:25:13,47650.0,100.0,10735100.0
475,2021-10-01 14:25:05,47650.0,400.0,10735000.0
476,2021-10-01 14:25:05,47650.0,100.0,10734600.0
477,2021-10-01 14:25:05,47650.0,500.0,10734500.0
478,2021-10-01 14:25:05,47650.0,3900.0,10734000.0
479,2021-10-01 14:25:04,47600.0,100.0,10730100.0
480,2021-10-01 14:25:00,47650.0,10000.0,10730000.0
481,2021-10-01 14:24:58,47650.0,100.0,10720000.0
482,2021-10-01 14:24:58,47650.0,200.0,10719900.0
483,2021-10-01 14:24:56,47650.0,10000.0,10719700.0
484,2021-10-01 14:24:56,47650.0,1000.0,10709700.0
485,2021-10-01 14:24:56,47650.0,1100.0,10708700.0
486,2021-10-01 14:24:54,47600.0,100.0,10707600.0
487,2021-10-01 14:24:52,47650.0,18700.0,10707500.0
488,2021-10-01 14:24:52,47650.0,3200.0,10688800.0
489,2021-10-01 14:24:48,47650.0,200.0,10685600.0
490,2021-10-01 14:24:39,47600.0,100.0,10685400.0
491,2021-10-01 14:24:37,47650.0,1500.0,10685300.0
492,2021-10-01 14:24:36,47650.0,100.0,10683800.0
493,2021-10-01 14:24:36,47650.0,1000.0,10683700.0
494,2021-10-01 14:24:36,47650.0,100.0,10682700.0
495,2021-10-01 14:24:36,47600.0,300.0,10682600.0
496,2021-10-01 14:24:35,47650.0,1000.0,10682300.0
497,2021-10-01 14:24:35,47650.0,4000.0,10681300.0
498,2021-10-01 14:24:34,47650.0,1000.0,10677300.0
499,2021-10-01 14:24:27,47650.0,200.0,10676300.0
500,2021-10-01 14:24:27,47650.0,400.0,10676100.0
501,2021-10-01 14:24:25,47600.0,500.0,10675700.0
502,2021-10-01 14:24:24,47600.0,100.0,10675200.0
503,2021-10-01 14:24:21,47600.0,900.0,10675100.0
504,2021-10-01 14:24:17,47550.0,100.0,10674200.0
505,2021-10-01 14:24:17,47600.0,700.0,10674100.0
506,2021-10-01 14:24:17,47600.0,400.0,10673400.0
507,2021-10-01 14:24:17,47600.0,200.0,10673000.0
508,2021-10-01 14:24:17,47600.0,400.0,10672800.0
509,2021-10-01 14:24:17,47600.0,400.0,10672400.0
510,2021-10-01 14:24:15,47600.0,100.0,10672000.0
511,2021-10-01 14:24:12,47600.0,100.0,10671900.0
512,2021-10-01 14:24:12,47600.0,1000.0,10671800.0
513,2021-10-01 14:24:07,47600.0,600.0,10670800.0
514,2021-10-01 14:24:07,47600.0,100.0,10670200.0
515,2021-10-01 14:24:07,47600.0,200.0,10670100.0
516,2021-10-01 14:24:07,47600.0,600.0,10669900.0
517,2021-10-01 14:24:07,47600.0,400.0,10669300.0
518,2021-10-01 14:24:07,47600.0,500.0,10668900.0
519,2021-10-01 14:24:07,47600.0,1200.0,10668400.0
520,2021-10-01 14:24:07,47600.0,1000.0,10667200.0
521,2021-10-01 14:24:07,47600.0,600.0,10666200.0
522,2021-10-01 14:24:07,47600.0,100.0,10665600.0
523,2021-10-01 14:24:07,47600.0,2000.0,10665500.0
524,2021-10-01 14:24:07,47600.0,500.0,10663500.0
525,2021-10-01 14:24:07,47600.0,100.0,10663000.0
526,2021-10-01 14:24:07,47600.0,500.0,10662900.0
527,2021-10-01 14:24:00,47600.0,200.0,10662400.0
528,2021-10-01 14:24:00,47600.0,100.0,10662200.0
529,2021-10-01 14:24:00,47600.0,200.0,10662100.0
530,2021-10-01 14:23:52,47550.0,200.0,10661900.0
531,2021-10-01 14:23:51,47550.0,100.0,10661700.0
532,2021-10-01 14:23:46,47550.0,300.0,10661600.0
533,2021-10-01 14:23:45,47600.0,100.0,10661300.0
534,2021-10-01 14:23:45,47600.0,1000.0,10661200.0
535,2021-10-01 14:23:42,47550.0,100.0,10660200.0
536,2021-10-01 14:23:37,47550.0,800.0,10660100.0
537,2021-10-01 14:23:36,47550.0,100.0,10659300.0
538,2021-10-01 14:23:29,47550.0,900.0,10659200.0
539,2021-10-01 14:23:29,47600.0,200.0,10658300.0
540,2021-10-01 14:23:24,47550.0,1000.0,10658100.0
541,2021-10-01 14:23:16,47550.0,500.0,10657100.0
542,2021-10-01 14:23:16,47550.0,100.0,10656600.0
543,2021-10-01 14:23:16,47550.0,500.0,10656500.0
544,2021-10-01 14:23:16,47550.0,1000.0,10656000.0
545,2021-10-01 14:23:16,47550.0,500.0,10655000.0
546,2021-10-01 14:23:16,47550.0,100.0,10654500.0
547,2021-10-01 14:23:16,47550.0,200.0,10654400.0
548,2021-10-01 14:23:16,47550.0,100.0,10654200.0
549,2021-10-01 14:23:16,47550.0,5000.0,10654100.0
550,2021-10-01 14:23:16,47550.0,300.0,10649100.0
551,2021-10-01 14:23:16,47550.0,5000.0,10648800.0
552,2021-10-01 14:23:16,47550.0,15000.0,10643800.0
553,2021-10-01 14:23:16,47550.0,100.0,10628800.0
554,2021-10-01 14:23:16,47550.0,600.0,10628700.0
555,2021-10-01 14:23:16,47550.0,2500.0,10628100.0
556,2021-10-01 14:23:16,47550.0,100.0,10625600.0
557,2021-10-01 14:23:16,47550.0,500.0,10625500.0
558,2021-10-01 14:23:16,47550.0,600.0,10625000.0
559,2021-10-01 14:23:16,47550.0,2500.0,10624400.0
560,2021-10-01 14:23:16,47550.0,3300.0,10621900.0
561,2021-10-01 14:23:08,47550.0,1000.0,10618600.0
562,2021-10-01 14:23:07,47500.0,100.0,10617600.0
563,2021-10-01 14:23:06,47550.0,4900.0,10617500.0
564,2021-10-01 14:23:05,47500.0,100.0,10612600.0
565,2021-10-01 14:23:05,47550.0,100.0,10612500.0
566,2021-10-01 14:23:04,47500.0,4900.0,10612400.0
567,2021-10-01 14:23:04,47500.0,100.0,10607500.0
568,2021-10-01 14:22:53,47450.0,600.0,10607400.0
569,2021-10-01 14:22:53,47500.0,1200.0,10606800.0
570,2021-10-01 14:22:53,47500.0,100.0,10605600.0
571,2021-10-01 14:22:53,47500.0,200.0,10605500.0
572,2021-10-01 14:22:53,47500.0,500.0,10605300.0
573,2021-10-01 14:22:53,47500.0,400.0,10604800.0
574,2021-10-01 14:22:51,47500.0,500.0,10604400.0
575,2021-10-01 14:22:51,47500.0,1500.0,10603900.0
576,2021-10-01 14:22:50,47550.0,300.0,10602400.0
577,2021-10-01 14:22:50,47500.0,500.0,10602100.0
578,2021-10-01 14:22:50,47500.0,200.0,10601600.0
579,2021-10-01 14:22:50,47500.0,1000.0,10601400.0
580,2021-10-01 14:22:50,47500.0,2000.0,10600400.0
581,2021-10-01 14:22:50,47500.0,100.0,10598400.0
582,2021-10-01 14:22:50,47500.0,1000.0,10598300.0
583,2021-10-01 14:22:50,47500.0,500.0,10597300.0
584,2021-10-01 14:22:50,47500.0,30000.0,10596800.0
585,2021-10-01 14:22:50,47500.0,500.0,10566800.0
586,2021-10-01 14:22:50,47500.0,400.0,10566300.0
587,2021-10-01 14:22:50,47500.0,100.0,10565900.0
588,2021-10-01 14:22:50,47500.0,200.0,10565800.0
589,2021-10-01 14:22:50,47500.0,2100.0,10565600.0
590,2021-10-01 14:22:37,47500.0,500.0,10563500.0
591,2021-10-01 14:22:33,47550.0,2300.0,10563000.0
592,2021-10-01 14:22:29,47550.0,400.0,10560700.0
593,2021-10-01 14:22:29,47550.0,2000.0,10560300.0
594,2021-10-01 14:22:20,47550.0,2000.0,10558300.0
595,2021-10-01 14:22:19,47500.0,900.0,10556300.0
596,2021-10-01 14:22:06,47550.0,300.0,10555400.0
597,2021-10-01 14:22:05,47550.0,100.0,10555100.0
598,2021-10-01 14:22:04,47500.0,5700.0,10555000.0
599,2021-10-01 14:22:00,47550.0,300.0,10549300.0
600,2021-10-01 14:21:58,47500.0,100.0,10549000.0
601,2021-10-01 14:21:58,47550.0,300.0,10548900.0
602,2021-10-01 14:21:43,47550.0,500.0,10548600.0
603,2021-10-01 14:21:40,47550.0,100.0,10548100.0
604,2021-10-01 14:21:40,47550.0,300.0,10548000.0
605,2021-10-01 14:21:38,47500.0,500.0,10547700.0
606,2021-10-01 14:21:30,47550.0,2100.0,10547200.0
607,2021-10-01 14:21:25,47550.0,100.0,10545100.0
608,2021-10-01 14:21:25,47500.0,200.0,10545000.0
609,2021-10-01 14:21:25,47500.0,400.0,10544800.0
610,2021-10-01 14:21:25,47500.0,400.0,10544400.0
611,2021-10-01 14:21:21,47550.0,300.0,10544000.0
612,2021-10-01 14:21:21,47500.0,600.0,10543700.0
613,2021-10-01 14:21:20,47500.0,300.0,10543100.0
614,2021-10-01 14:21:18,47500.0,200.0,10542800.0
615,2021-10-01 14:21:16,47500.0,100.0,10542600.0
616,2021-10-01 14:21:15,47500.0,600.0,10542500.0
617,2021-10-01 14:21:15,47500.0,3200.0,10541900.0
618,2021-10-01 14:21:14,47550.0,100.0,10538700.0
619,2021-10-01 14:21:14,47550.0,100.0,10538600.0
620,2021-10-01 14:21:13,47500.0,1800.0,10538500.0
621,2021-10-01 14:21:13,47500.0,500.0,10536700.0
622,2021-10-01 14:21:13,47500.0,200.0,10536200.0
623,2021-10-01 14:21:13,47500.0,17800.0,10536000.0
624,2021-10-01 14:21:13,47500.0,200.0,10518200.0
625,2021-10-01 14:21:13,47500.0,1000.0,10518000.0
626,2021-10-01 14:21:13,47500.0,300.0,10517000.0
627,2021-10-01 14:21:13,47500.0,100.0,10516700.0
628,2021-10-01 14:21:13,47500.0,500.0,10516600.0
629,2021-10-01 14:21:13,47500.0,1000.0,10516100.0
630,2021-10-01 14:21:13,47500.0,200.0,10515100.0
631,2021-10-01 14:21:13,47500.0,200.0,10514900.0
632,2021-10-01 14:21:13,47500.0,200.0,10514700.0
633,2021-10-01 14:21:13,47500.0,100.0,10514500.0
634,2021-10-01 14:21:13,47500.0,1000.0,10514400.0
635,2021-10-01 14:21:13,47500.0,4900.0,10513400.0
636,2021-10-01 14:21:08,47550.0,1000.0,10508500.0
637,2021-10-01 14:21:05,47550.0,100.0,10507500.0
638,2021-10-01 14:21:02,47550.0,200.0,10507400.0
639,2021-10-01 14:20:51,47550.0,2000.0,10507200.0
640,2021-10-01 14:20:50,47500.0,100.0,10505200.0
641,2021-10-01 14:20:46,47550.0,800.0,10505100.0
642,2021-10-01 14:20:46,47550.0,200.0,10504300.0
643,2021-10-01 14:20:46,47550.0,1000.0,10504100.0
644,2021-10-01 14:20:45,47500.0,1000.0,10503100.0
645,2021-10-01 14:20:43,47500.0,400.0,10502100.0
646,2021-10-01 14:20:40,47500.0,500.0,10501700.0
647,2021-10-01 14:20:29,47500.0,200.0,10501200.0
648,2021-10-01 14:20:25,47550.0,900.0,10501000.0
649,2021-10-01 14:20:25,47550.0,100.0,10500100.0
650,2021-10-01 14:20:23,47500.0,1000.0,10500000.0
651,2021-10-01 14:20:23,47500.0,400.0,10499000.0
652,2021-10-01 14:20:23,47500.0,200.0,10498600.0
653,2021-10-01 14:20:18,47500.0,400.0,10498400.0
654,2021-10-01 14:20:18,47500.0,100.0,10498000.0
655,2021-10-01 14:20:17,47500.0,100.0,10497900.0
656,2021-10-01 14:20:16,47500.0,200.0,10497800.0
657,2021-10-01 14:20:11,47500.0,100.0,10497600.0
658,2021-10-01 14:20:11,47500.0,500.0,10497500.0
659,2021-10-01 14:20:11,47500.0,5000.0,10497000.0
660,2021-10-01 14:20:11,47500.0,1000.0,10492000.0
661,2021-10-01 14:20:11,47500.0,1000.0,10491000.0
662,2021-10-01 14:20:11,47500.0,100.0,10490000.0
663,2021-10-01 14:20:11,47500.0,300.0,10489900.0
664,2021-10-01 14:20:11,47500.0,100.0,10489600.0
665,2021-10-01 14:20:11,47500.0,5000.0,10489500.0
666,2021-10-01 14:20:11,47500.0,200.0,10484500.0
667,2021-10-01 14:20:11,47500.0,4000.0,10484300.0
668,2021-10-01 14:20:11,47500.0,400.0,10480300.0
669,2021-10-01 14:20:11,47500.0,500.0,10479900.0
670,2021-10-01 14:20:11,47500.0,2000.0,10479400.0
671,2021-10-01 14:20:11,47500.0,100.0,10477400.0
672,2021-10-01 14:20:11,47500.0,600.0,10477300.0
673,2021-10-01 14:20:11,47500.0,2000.0,10476700.0
674,2021-10-01 14:20:11,47500.0,2000.0,10474700.0
675,2021-10-01 14:20:11,47500.0,100.0,10472700.0
676,2021-10-01 14:20:11,47500.0,100.0,10472600.0
677,2021-10-01 14:20:11,47500.0,100.0,10472500.0
678,2021-10-01 14:20:11,47550.0,2100.0,10472400.0
679,2021-10-01 14:20:11,47550.0,300.0,10470300.0
680,2021-10-01 14:20:09,47600.0,800.0,10470000.0
681,2021-10-01 14:20:07,47550.0,300.0,10469200.0
682,2021-10-01 14:20:07,47550.0,100.0,10468900.0
683,2021-10-01 14:20:07,47550.0,500.0,10468800.0
684,2021-10-01 14:20:07,47550.0,1600.0,10468300.0
685,2021-10-01 14:20:07,47550.0,2000.0,10466700.0
686,2021-10-01 14:20:07,47550.0,500.0,10464700.0
687,2021-10-01 14:20:06,47550.0,500.0,10464200.0
688,2021-10-01 14:20:04,47550.0,100.0,10463700.0
689,2021-10-01 14:20:01,47550.0,500.0,10463600.0
690,2021-10-01 14:19:54,47550.0,400.0,10463100.0
691,2021-10-01 14:19:53,47550.0,100.0,10462700.0
692,2021-10-01 14:19:53,47550.0,100.0,10462600.0
693,2021-10-01 14:19:52,47550.0,900.0,10462500.0
694,2021-10-01 14:19:52,47550.0,1000.0,10461600.0
695,2021-10-01 14:19:52,47550.0,200.0,10460600.0
696,2021-10-01 14:19:48,47550.0,100.0,10460400.0
697,2021-10-01 14:19:48,47500.0,600.0,10460300.0
698,2021-10-01 14:19:48,47500.0,100.0,10459700.0
699,2021-10-01 14:19:48,47500.0,100.0,10459600.0
700,2021-10-01 14:19:48,47500.0,500.0,10459500.0
701,2021-10-01 14:19:48,47500.0,100.0,10459000.0
702,2021-10-01 14:19:36,47550.0,400.0,10458900.0
703,2021-10-01 14:19:36,47550.0,300.0,10458500.0
704,2021-10-01 14:19:36,47550.0,1700.0,10458200.0
705,2021-10-01 14:19:36,47550.0,100.0,10456500.0
706,2021-10-01 14:19:36,47550.0,300.0,10456400.0
707,2021-10-01 14:19:36,47550.0,300.0,10456100.0
708,2021-10-01 14:19:36,47550.0,200.0,10455800.0
709,2021-10-01 14:19:36,47550.0,100.0,10455600.0
710,2021-10-01 14:19:36,47550.0,300.0,10455500.0
711,2021-10-01 14:19:35,47550.0,100.0,10455200.0
712,2021-10-01 14:19:34,47550.0,300.0,10455100.0
713,2021-10-01 14:19:33,47550.0,500.0,10454800.0
714,2021-10-01 14:19:30,47550.0,100.0,10454300.0
715,2021-10-01 14:19:28,47500.0,4900.0,10454200.0
716,2021-10-01 14:19:28,47500.0,100.0,10449300.0
717,2021-10-01 14:19:28,47550.0,500.0,10449200.0
718,2021-10-01 14:19:21,47550.0,200.0,10448700.0
719,2021-10-01 14:19:21,47550.0,100.0,10448500.0
720,2021-10-01 14:19:21,47550.0,700.0,10448400.0
721,2021-10-01 14:19:13,47500.0,100.0,10447700.0
722,2021-10-01 14:19:04,47500.0,300.0,10447600.0
723,2021-10-01 14:19:02,47500.0,100.0,10447300.0
724,2021-10-01 14:19:00,47550.0,400.0,10447200.0
725,2021-10-01 14:18:58,47500.0,200.0,10446800.0
726,2021-10-01 14:18:58,47500.0,700.0,10446600.0
727,2021-10-01 14:18:58,47500.0,100.0,10445900.0
728,2021-10-01 14:18:57,47550.0,200.0,10445800.0
729,2021-10-01 14:18:50,47550.0,3700.0,10445600.0
730,2021-10-01 14:18:45,47550.0,100.0,10441900.0
731,2021-10-01 14:18:43,47550.0,500.0,10441800.0
732,2021-10-01 14:18:42,47550.0,800.0,10441300.0
733,2021-10-01 14:18:40,47550.0,100.0,10440500.0
734,2021-10-01 14:18:40,47550.0,200.0,10440400.0
735,2021-10-01 14:18:40,47550.0,2800.0,10440200.0
736,2021-10-01 14:18:38,47500.0,100.0,10437400.0
737,2021-10-01 14:18:37,47550.0,100.0,10437300.0
738,2021-10-01 14:18:34,47550.0,500.0,10437200.0
739,2021-10-01 14:18:34,47550.0,100.0,10436700.0
740,2021-10-01 14:18:34,47550.0,1000.0,10436600.0
741,2021-10-01 14:18:34,47550.0,500.0,10435600.0
742,2021-10-01 14:18:30,47550.0,1000.0,10435100.0
743,2021-10-01 14:18:20,47600.0,500.0,10434100.0
744,2021-10-01 14:18:18,47600.0,400.0,10433600.0
745,2021-10-01 14:18:18,47600.0,200.0,10433200.0
746,2021-10-01 14:18:18,47600.0,3000.0,10433000.0
747,2021-10-01 14:18:18,47600.0,200.0,10430000.0
748,2021-10-01 14:18:18,47600.0,100.0,10429800.0
749,2021-10-01 14:18:18,47600.0,100.0,10429700.0
750,2021-10-01 14:18:18,47600.0,300.0,10429600.0
751,2021-10-01 14:18:18,47600.0,1000.0,10429300.0
752,2021-10-01 14:18:18,47600.0,500.0,10428300.0
753,2021-10-01 14:18:18,47600.0,400.0,10427800.0
754,2021-10-01 14:18:18,47600.0,200.0,10427400.0
755,2021-10-01 14:18:18,47600.0,500.0,10427200.0
756,2021-10-01 14:18:18,47600.0,300.0,10426700.0
757,2021-10-01 14:18:18,47600.0,100.0,10426400.0
758,2021-10-01 14:18:18,47600.0,1000.0,10426300.0
759,2021-10-01 14:18:18,47600.0,100.0,10425300.0
760,2021-10-01 14:18:18,47600.0,4300.0,10425200.0
761,2021-10-01 14:18:16,47650.0,100.0,10420900.0
762,2021-10-01 14:18:15,47600.0,100.0,10420800.0
763,2021-10-01 14:18:12,47650.0,400.0,10420700.0
764,2021-10-01 14:18:11,47600.0,600.0,10420300.0
765,2021-10-01 14:18:10,47650.0,500.0,10419700.0
766,2021-10-01 14:18:10,47650.0,2000.0,10419200.0
767,2021-10-01 14:18:00,47650.0,1000.0,10417200.0
768,2021-10-01 14:17:59,47650.0,600.0,10416200.0
769,2021-10-01 14:17:54,47650.0,800.0,10415600.0
770,2021-10-01 14:17:52,47650.0,1800.0,10414800.0
771,2021-10-01 14:17:52,47650.0,1000.0,10413000.0
772,2021-10-01 14:17:52,47650.0,100.0,10412000.0
773,2021-10-01 14:17:52,47650.0,300.0,10411900.0
774,2021-10-01 14:17:52,47650.0,500.0,10411600.0
775,2021-10-01 14:17:52,47650.0,500.0,10411100.0
776,2021-10-01 14:17:52,47650.0,200.0,10410600.0
777,2021-10-01 14:17:52,47650.0,300.0,10410400.0
778,2021-10-01 14:17:50,47650.0,1000.0,10410100.0
779,2021-10-01 14:17:39,47650.0,100.0,10409100.0
780,2021-10-01 14:17:30,47700.0,300.0,10409000.0
781,2021-10-01 14:17:30,47700.0,1000.0,10408700.0
782,2021-10-01 14:17:29,47700.0,1000.0,10407700.0
783,2021-10-01 14:17:26,47700.0,100.0,10406700.0
784,2021-10-01 14:17:24,47700.0,1000.0,10406600.0
785,2021-10-01 14:17:24,47700.0,1600.0,10405600.0
786,2021-10-01 14:17:21,47700.0,1400.0,10404000.0
787,2021-10-01 14:17:20,47700.0,100.0,10402600.0
788,2021-10-01 14:17:18,47700.0,1000.0,10402500.0
789,2021-10-01 14:17:17,47700.0,100.0,10401500.0
790,2021-10-01 14:17:15,47700.0,3000.0,10401400.0
791,2021-10-01 14:17:13,47700.0,300.0,10398400.0
792,2021-10-01 14:17:11,47700.0,100.0,10398100.0
793,2021-10-01 14:17:11,47700.0,500.0,10398000.0
794,2021-10-01 14:17:10,47700.0,3000.0,10397500.0
795,2021-10-01 14:17:10,47700.0,100.0,10394500.0
796,2021-10-01 14:17:10,47700.0,8300.0,10394400.0
797,2021-10-01 14:17:10,47700.0,100.0,10386100.0
798,2021-10-01 14:17:10,47700.0,2000.0,10386000.0
799,2021-10-01 14:17:08,47650.0,200.0,10384000.0
800,2021-10-01 14:17:05,47650.0,1000.0,10383800.0
801,2021-10-01 14:17:01,47700.0,300.0,10382800.0
802,2021-10-01 14:16:52,47650.0,1000.0,10382500.0
803,2021-10-01 14:16:48,47700.0,4800.0,10381500.0
804,2021-10-01 14:16:42,47700.0,200.0,10376700.0
805,2021-10-01 14:16:40,47700.0,500.0,10376500.0
806,2021-10-01 14:16:40,47700.0,200.0,10376000.0
807,2021-10-01 14:16:40,47700.0,100.0,10375800.0
808,2021-10-01 14:16:40,47700.0,300.0,10375700.0
809,2021-10-01 14:16:40,47700.0,3600.0,10375400.0
810,2021-10-01 14:16:40,47750.0,100.0,10371800.0
811,2021-10-01 14:16:37,47700.0,100.0,10371700.0
812,2021-10-01 14:16:36,47700.0,200.0,10371600.0
813,2021-10-01 14:16:35,47700.0,200.0,10371400.0
814,2021-10-01 14:16:34,47700.0,2000.0,10371200.0
815,2021-10-01 14:16:33,47700.0,3900.0,10369200.0
816,2021-10-01 14:16:33,47700.0,100.0,10365300.0
817,2021-10-01 14:16:33,47700.0,300.0,10365200.0
818,2021-10-01 14:16:33,47700.0,300.0,10364900.0
819,2021-10-01 14:16:33,47700.0,400.0,10364600.0
820,2021-10-01 14:16:29,47700.0,1800.0,10364200.0
821,2021-10-01 14:16:29,47700.0,1000.0,10362400.0
822,2021-10-01 14:16:29,47700.0,4600.0,10361400.0
823,2021-10-01 14:16:29,47700.0,500.0,10356800.0
824,2021-10-01 14:16:29,47700.0,100.0,10356300.0
825,2021-10-01 14:16:29,47700.0,500.0,10356200.0
826,2021-10-01 14:16:29,47700.0,100.0,10355700.0
827,2021-10-01 14:16:29,47700.0,100.0,10355600.0
828,2021-10-01 14:16:29,47700.0,1300.0,10355500.0
829,2021-10-01 14:16:25,47700.0,100.0,10354200.0
830,2021-10-01 14:16:20,47700.0,1000.0,10354100.0
831,2021-10-01 14:16:17,47750.0,200.0,10353100.0
832,2021-10-01 14:16:16,47700.0,400.0,10352900.0
833,2021-10-01 14:16:13,47700.0,800.0,10352500.0
834,2021-10-01 14:16:11,47700.0,300.0,10351700.0
835,2021-10-01 14:16:11,47800.0,200.0,10351400.0
836,2021-10-01 14:16:11,47800.0,300.0,10351200.0
837,2021-10-01 14:16:10,47700.0,100.0,10350900.0
838,2021-10-01 14:16:05,47800.0,100.0,10350800.0
839,2021-10-01 14:16:05,47750.0,500.0,10350700.0
840,2021-10-01 14:15:58,47700.0,400.0,10350200.0
841,2021-10-01 14:15:51,47700.0,400.0,10349800.0
842,2021-10-01 14:15:45,47700.0,200.0,10349400.0
843,2021-10-01 14:15:45,47700.0,200.0,10349200.0
844,2021-10-01 14:15:45,47700.0,100.0,10349000.0
845,2021-10-01 14:15:45,47700.0,1000.0,10348900.0
846,2021-10-01 14:15:45,47700.0,1700.0,10347900.0
847,2021-10-01 14:15:45,47700.0,3000.0,10346200.0
848,2021-10-01 14:15:40,47800.0,800.0,10343200.0
849,2021-10-01 14:15:36,47700.0,300.0,10342400.0
850,2021-10-01 14:15:36,47700.0,100.0,10342100.0
851,2021-10-01 14:15:36,47700.0,1500.0,10342000.0
852,2021-10-01 14:15:32,47700.0,800.0,10340500.0
853,2021-10-01 14:15:20,47700.0,1300.0,10339700.0
854,2021-10-01 14:15:20,47750.0,500.0,10338400.0
855,2021-10-01 14:15:20,47750.0,200.0,10337900.0
856,2021-10-01 14:15:18,47800.0,100.0,10337700.0
857,2021-10-01 14:15:18,47800.0,3000.0,10337600.0
858,2021-10-01 14:15:16,47800.0,1000.0,10334600.0
859,2021-10-01 14:15:16,47800.0,900.0,10333600.0
860,2021-10-01 14:15:16,47800.0,100.0,10332700.0
861,2021-10-01 14:15:16,47800.0,1000.0,10332600.0
862,2021-10-01 14:15:16,47800.0,2000.0,10331600.0
863,2021-10-01 14:15:16,47800.0,200.0,10329600.0
864,2021-10-01 14:15:16,47800.0,300.0,10329400.0
865,2021-10-01 14:15:16,47800.0,2000.0,10329100.0
866,2021-10-01 14:15:16,47800.0,100.0,10327100.0
867,2021-10-01 14:15:16,47800.0,400.0,10327000.0
868,2021-10-01 14:15:13,47800.0,200.0,10326600.0
869,2021-10-01 14:15:12,47800.0,100.0,10326400.0
870,2021-10-01 14:15:11,47800.0,300.0,10326300.0
871,2021-10-01 14:15:11,47800.0,100.0,10326000.0
872,2021-10-01 14:15:11,47800.0,400.0,10325900.0
873,2021-10-01 14:15:11,47800.0,200.0,10325500.0
874,2021-10-01 14:15:06,47800.0,200.0,10325300.0
875,2021-10-01 14:15:05,47800.0,1000.0,10325100.0
876,2021-10-01 14:15:03,47700.0,1400.0,10324100.0
877,2021-10-01 14:15:03,47750.0,400.0,10322700.0
878,2021-10-01 14:15:03,47750.0,200.0,10322300.0
879,2021-10-01 14:15:02,47800.0,300.0,10322100.0
880,2021-10-01 14:14:52,47800.0,100.0,10321800.0
881,2021-10-01 14:14:37,47800.0,100.0,10321700.0
882,2021-10-01 14:14:35,47800.0,300.0,10321600.0
883,2021-10-01 14:14:35,47800.0,2700.0,10321300.0
884,2021-10-01 14:14:35,47800.0,1000.0,10318600.0
885,2021-10-01 14:14:34,47800.0,300.0,10317600.0
886,2021-10-01 14:14:33,47800.0,100.0,10317300.0
887,2021-10-01 14:14:32,47800.0,900.0,10317200.0
888,2021-10-01 14:14:32,47800.0,100.0,10316300.0
889,2021-10-01 14:14:31,47850.0,300.0,10316200.0
890,2021-10-01 14:14:31,47850.0,5900.0,10315900.0
891,2021-10-01 14:14:31,47850.0,100.0,10310000.0
892,2021-10-01 14:14:31,47850.0,500.0,10309900.0
893,2021-10-01 14:14:31,47850.0,600.0,10309400.0
894,2021-10-01 14:14:31,47850.0,1000.0,10308800.0
895,2021-10-01 14:14:31,47850.0,1000.0,10307800.0
896,2021-10-01 14:14:31,47850.0,500.0,10306800.0
897,2021-10-01 14:14:31,47850.0,100.0,10306300.0
898,2021-10-01 14:14:31,47850.0,100.0,10306200.0
899,2021-10-01 14:14:31,47850.0,100.0,10306100.0
900,2021-10-01 14:14:31,47850.0,1000.0,10306000.0
901,2021-10-01 14:14:31,47850.0,100.0,10305000.0
902,2021-10-01 14:14:31,47850.0,1000.0,10304900.0
903,2021-10-01 14:14:31,47850.0,100.0,10303900.0
904,2021-10-01 14:14:31,47850.0,200.0,10303800.0
905,2021-10-01 14:14:31,47850.0,200.0,10303600.0
906,2021-10-01 14:14:31,47850.0,1000.0,10303400.0
907,2021-10-01 14:14:31,47850.0,500.0,10302400.0
908,2021-10-01 14:14:31,47850.0,500.0,10301900.0
909,2021-10-01 14:14:31,47850.0,1200.0,10301400.0
910,2021-10-01 14:14:31,47850.0,300.0,10300200.0
911,2021-10-01 14:14:31,47850.0,8700.0,10299900.0
912,2021-10-01 14:14:31,47800.0,1000.0,10291200.0
913,2021-10-01 14:14:31,47800.0,500.0,10290200.0
914,2021-10-01 14:14:31,47800.0,2500.0,10289700.0
915,2021-10-01 14:14:31,47800.0,200.0,10287200.0
916,2021-10-01 14:14:31,47800.0,500.0,10287000.0
917,2021-10-01 14:14:31,47800.0,1100.0,10286500.0
918,2021-10-01 14:14:31,47800.0,4000.0,10285400.0
919,2021-10-01 14:14:31,47800.0,600.0,10281400.0
920,2021-10-01 14:14:31,47800.0,200.0,10280800.0
921,2021-10-01 14:14:31,47800.0,300.0,10280600.0
922,2021-10-01 14:14:31,47800.0,4100.0,10280300.0
923,2021-10-01 14:14:30,47800.0,5000.0,10276200.0
924,2021-10-01 14:14:25,47800.0,100.0,10271200.0
925,2021-10-01 14:14:23,47800.0,1000.0,10271100.0
926,2021-10-01 14:14:21,47800.0,200.0,10270100.0
927,2021-10-01 14:14:19,47800.0,2500.0,10269900.0
928,2021-10-01 14:14:19,47850.0,1800.0,10267400.0
929,2021-10-01 14:14:18,47800.0,300.0,10265600.0
930,2021-10-01 14:14:16,47800.0,1000.0,10265300.0
931,2021-10-01 14:14:16,47800.0,200.0,10264300.0
932,2021-10-01 14:14:13,47800.0,100.0,10264100.0
933,2021-10-01 14:14:13,47800.0,100.0,10264000.0
934,2021-10-01 14:14:13,47800.0,100.0,10263900.0
935,2021-10-01 14:14:12,47800.0,100.0,10263800.0
936,2021-10-01 14:14:12,47800.0,200.0,10263700.0
937,2021-10-01 14:14:12,47800.0,300.0,10263500.0
938,2021-10-01 14:14:10,47800.0,300.0,10263200.0
939,2021-10-01 14:14:10,47800.0,700.0,10262900.0
940,2021-10-01 14:14:10,47800.0,1000.0,10262200.0
941,2021-10-01 14:14:08,47800.0,100.0,10261200.0
942,2021-10-01 14:14:08,47800.0,400.0,10261100.0
943,2021-10-01 14:14:03,47800.0,2800.0,10260700.0
944,2021-10-01 14:14:03,47800.0,200.0,10257900.0
945,2021-10-01 14:14:03,47800.0,1000.0,10257700.0
946,2021-10-01 14:14:03,47800.0,100.0,10256700.0
947,2021-10-01 14:14:00,47800.0,600.0,10256600.0
948,2021-10-01 14:13:59,47850.0,300.0,10256000.0
949,2021-10-01 14:13:57,47800.0,1000.0,10255700.0
950,2021-10-01 14:13:57,47800.0,500.0,10254700.0
951,2021-10-01 14:13:52,47850.0,200.0,10254200.0
952,2021-10-01 14:13:50,47800.0,400.0,10254000.0
953,2021-10-01 14:13:49,47800.0,1000.0,10253600.0
954,2021-10-01 14:13:48,47800.0,2000.0,10252600.0
955,2021-10-01 14:13:45,47800.0,200.0,10250600.0
956,2021-10-01 14:13:43,47800.0,3000.0,10250400.0
957,2021-10-01 14:13:42,47800.0,100.0,10247400.0
958,2021-10-01 14:13:42,47800.0,100.0,10247300.0
959,2021-10-01 14:13:39,47800.0,100.0,10247200.0
960,2021-10-01 14:13:35,47800.0,500.0,10247100.0
961,2021-10-01 14:13:33,47850.0,1800.0,10246600.0
962,2021-10-01 14:13:33,47800.0,200.0,10244800.0
963,2021-10-01 14:13:33,47800.0,3000.0,10244600.0
964,2021-10-01 14:13:33,47800.0,5000.0,10241600.0
965,2021-10-01 14:13:33,47800.0,7000.0,10236600.0
966,2021-10-01 14:13:29,47850.0,1400.0,10229600.0
967,2021-10-01 14:13:29,47700.0,1600.0,10228200.0
968,2021-10-01 14:13:29,47700.0,300.0,10226600.0
969,2021-10-01 14:13:29,47700.0,100.0,10226300.0
970,2021-10-01 14:13:29,47700.0,100.0,10226200.0
971,2021-10-01 14:13:29,47700.0,800.0,10226100.0
972,2021-10-01 14:13:29,47700.0,300.0,10225300.0
973,2021-10-01 14:13:29,47750.0,2000.0,10225000.0
974,2021-10-01 14:13:29,47750.0,500.0,10223000.0
975,2021-10-01 14:13:29,47750.0,100.0,10222500.0
976,2021-10-01 14:13:29,47750.0,100.0,10222400.0
977,2021-10-01 14:13:29,47750.0,100.0,10222300.0
978,2021-10-01 14:13:29,47800.0,2000.0,10222200.0
979,2021-10-01 14:13:29,47800.0,100.0,10220200.0
980,2021-10-01 14:13:29,47800.0,100.0,10220100.0
981,2021-10-01 14:13:29,47800.0,100.0,10220000.0
982,2021-10-01 14:13:29,47800.0,500.0,10219900.0
983,2021-10-01 14:13:29,47800.0,400.0,10219400.0
984,2021-10-01 14:13:29,47800.0,1500.0,10219000.0
985,2021-10-01 14:13:29,47800.0,500.0,10217500.0
986,2021-10-01 14:13:29,47800.0,100.0,10217000.0
987,2021-10-01 14:13:29,47800.0,10000.0,10216900.0
988,2021-10-01 14:13:29,47800.0,700.0,10206900.0
989,2021-10-01 14:13:27,47800.0,300.0,10206200.0
990,2021-10-01 14:13:24,47800.0,600.0,10205900.0
991,2021-10-01 14:13:24,47800.0,200.0,10205300.0
992,2021-10-01 14:13:24,47800.0,400.0,10205100.0
993,2021-10-01 14:13:24,47800.0,800.0,10204700.0
994,2021-10-01 14:13:23,47800.0,2000.0,10203900.0
995,2021-10-01 14:13:19,47800.0,100.0,10201900.0
996,2021-10-01 14:13:18,47850.0,1000.0,10201800.0
997,2021-10-01 14:13:18,47850.0,1000.0,10200800.0
998,2021-10-01 14:13:15,47800.0,100.0,10199800.0
999,2021-10-01 14:13:15,47800.0,100.0,10199700.0
1000,2021-10-01 14:13:14,47800.0,3000.0,10199600.0
1001,2021-10-01 14:13:13,47850.0,100.0,10196600.0
1002,2021-10-01 14:13:13,47850.0,3700.0,10196500.0
1003,2021-10-01 14:13:13,47850.0,1300.0,10192800.0
1004,2021-10-01 14:13:13,47800.0,1200.0,10191500.0
1005,2021-10-01 14:13:12,47850.0,300.0,10190300.0
1006,2021-10-01 14:13:11,47850.0,2000.0,10190000.0
1007,2021-10-01 14:13:08,47850.0,100.0,10188000.0
1008,2021-10-01 14:13:07,47800.0,5000.0,10187900.0
1009,2021-10-01 14:13:03,47800.0,700.0,10182900.0
1010,2021-10-01 14:13:03,47800.0,200.0,10182200.0
1011,2021-10-01 14:13:03,47800.0,100.0,10182000.0
1012,2021-10-01 14:13:01,47850.0,100.0,10181900.0
1013,2021-10-01 14:12:55,47850.0,1200.0,10181800.0
1014,2021-10-01 14:12:55,47850.0,100.0,10180600.0
1015,2021-10-01 14:12:55,47850.0,1000.0,10180500.0
1016,2021-10-01 14:12:55,47850.0,100.0,10179500.0
1017,2021-10-01 14:12:55,47850.0,100.0,10179400.0
1018,2021-10-01 14:12:55,47850.0,2500.0,10179300.0
1019,2021-10-01 14:12:53,47850.0,1000.0,10176800.0
1020,2021-10-01 14:12:50,47850.0,10000.0,10175800.0
1021,2021-10-01 14:12:49,47850.0,500.0,10165800.0
1022,2021-10-01 14:12:49,47850.0,600.0,10165300.0
1023,2021-10-01 14:12:45,47850.0,100.0,10164700.0
1024,2021-10-01 14:12:40,47850.0,4000.0,10164600.0
1025,2021-10-01 14:12:38,47850.0,500.0,10160600.0
1026,2021-10-01 14:12:35,47800.0,700.0,10160100.0
1027,2021-10-01 14:12:35,47800.0,100.0,10159400.0
1028,2021-10-01 14:12:35,47800.0,200.0,10159300.0
1029,2021-10-01 14:12:35,47800.0,200.0,10159100.0
1030,2021-10-01 14:12:35,47800.0,200.0,10158900.0
1031,2021-10-01 14:12:35,47800.0,1000.0,10158700.0
1032,2021-10-01 14:12:35,47800.0,1000.0,10157700.0
1033,2021-10-01 14:12:35,47800.0,300.0,10156700.0
1034,2021-10-01 14:12:35,47800.0,6300.0,10156400.0
1035,2021-10-01 14:12:34,47850.0,1000.0,10150100.0
1036,2021-10-01 14:12:26,47850.0,1200.0,10149100.0
1037,2021-10-01 14:12:25,47850.0,2000.0,10147900.0
1038,2021-10-01 14:12:24,47800.0,1000.0,10145900.0
1039,2021-10-01 14:12:24,47800.0,1000.0,10144900.0
1040,2021-10-01 14:12:23,47850.0,100.0,10143900.0
1041,2021-10-01 14:12:21,47800.0,100.0,10143800.0
1042,2021-10-01 14:12:17,47850.0,6800.0,10143700.0
1043,2021-10-01 14:12:16,47850.0,100.0,10136900.0
1044,2021-10-01 14:12:16,47850.0,5000.0,10136800.0
1045,2021-10-01 14:12:15,47850.0,14600.0,10131800.0
1046,2021-10-01 14:12:15,47850.0,5000.0,10117200.0
1047,2021-10-01 14:12:15,47850.0,200.0,10112200.0
1048,2021-10-01 14:12:15,47850.0,200.0,10112000.0
1049,2021-10-01 14:12:15,47850.0,200.0,10111800.0
1050,2021-10-01 14:12:15,47850.0,200.0,10111600.0
1051,2021-10-01 14:12:15,47850.0,500.0,10111400.0
1052,2021-10-01 14:12:15,47850.0,500.0,10110900.0
1053,2021-10-01 14:12:13,47850.0,100.0,10110400.0
1054,2021-10-01 14:12:12,47850.0,600.0,10110300.0
1055,2021-10-01 14:12:05,47850.0,100.0,10109700.0
1056,2021-10-01 14:12:05,47800.0,600.0,10109600.0
1057,2021-10-01 14:12:05,47800.0,800.0,10109000.0
1058,2021-10-01 14:12:05,47800.0,800.0,10108200.0
1059,2021-10-01 14:12:05,47800.0,100.0,10107400.0
1060,2021-10-01 14:12:05,47800.0,1200.0,10107300.0
1061,2021-10-01 14:12:05,47800.0,1000.0,10106100.0
1062,2021-10-01 14:12:05,47800.0,100.0,10105100.0
1063,2021-10-01 14:12:05,47800.0,100.0,10105000.0
1064,2021-10-01 14:12:05,47800.0,100.0,10104900.0
1065,2021-10-01 14:12:05,47800.0,100.0,10104800.0
1066,2021-10-01 14:12:05,47800.0,4700.0,10104700.0
1067,2021-10-01 14:12:05,47800.0,100.0,10100000.0
1068,2021-10-01 14:12:05,47800.0,100.0,10099900.0
1069,2021-10-01 14:12:05,47800.0,200.0,10099800.0
1070,2021-10-01 14:12:03,47850.0,1000.0,10099600.0
1071,2021-10-01 14:12:02,47850.0,100.0,10098600.0
1072,2021-10-01 14:12:02,47850.0,1000.0,10098500.0
1073,2021-10-01 14:12:01,47850.0,500.0,10097500.0
1074,2021-10-01 14:11:58,47800.0,100.0,10097000.0
1075,2021-10-01 14:11:57,47850.0,100.0,10096900.0
1076,2021-10-01 14:11:55,47850.0,100.0,10096800.0
1077,2021-10-01 14:11:55,47850.0,5900.0,10096700.0
1078,2021-10-01 14:11:55,47850.0,1000.0,10090800.0
1079,2021-10-01 14:11:55,47850.0,500.0,10089800.0
1080,2021-10-01 14:11:55,47850.0,5000.0,10089300.0
1081,2021-10-01 14:11:55,47850.0,100.0,10084300.0
1082,2021-10-01 14:11:55,47850.0,100.0,10084200.0
1083,2021-10-01 14:11:55,47850.0,1200.0,10084100.0
1084,2021-10-01 14:11:55,47850.0,27700.0,10082900.0
1085,2021-10-01 14:11:52,47850.0,200.0,10055200.0
1086,2021-10-01 14:11:51,47850.0,1000.0,10055000.0
1087,2021-10-01 14:11:51,47850.0,700.0,10054000.0
1088,2021-10-01 14:11:50,47850.0,200.0,10053300.0
1089,2021-10-01 14:11:47,47850.0,5000.0,10053100.0
1090,2021-10-01 14:11:46,47850.0,600.0,10048100.0
1091,2021-10-01 14:11:45,47850.0,900.0,10047500.0
1092,2021-10-01 14:11:45,47850.0,1000.0,10046600.0
1093,2021-10-01 14:11:42,47850.0,500.0,10045600.0
1094,2021-10-01 14:11:42,47850.0,1500.0,10045100.0
1095,2021-10-01 14:11:41,47800.0,10000.0,10043600.0
1096,2021-10-01 14:11:40,47850.0,100.0,10033600.0
1097,2021-10-01 14:11:40,47850.0,500.0,10033500.0
1098,2021-10-01 14:11:40,47850.0,2000.0,10033000.0
1099,2021-10-01 14:11:38,47850.0,200.0,10031000.0
1100,2021-10-01 14:11:37,47850.0,1000.0,10030800.0
1101,2021-10-01 14:11:35,47850.0,100.0,10029800.0
1102,2021-10-01 14:11:34,47850.0,100.0,10029700.0
1103,2021-10-01 14:11:33,47800.0,100.0,10029600.0
1104,2021-10-01 14:11:33,47850.0,500.0,10029500.0
1105,2021-10-01 14:11:30,47850.0,1000.0,10029000.0
1106,2021-10-01 14:11:30,47850.0,400.0,10028000.0
1107,2021-10-01 14:11:28,47850.0,800.0,10027600.0
1108,2021-10-01 14:11:28,47850.0,100.0,10026800.0
1109,2021-10-01 14:11:27,47850.0,500.0,10026700.0
1110,2021-10-01 14:11:26,47850.0,200.0,10026200.0
1111,2021-10-01 14:11:25,47850.0,500.0,10026000.0
1112,2021-10-01 14:11:25,47850.0,500.0,10025500.0
1113,2021-10-01 14:11:23,47850.0,100.0,10025000.0
1114,2021-10-01 14:11:21,47850.0,100.0,10024900.0
1115,2021-10-01 14:11:19,47850.0,200.0,10024800.0
1116,2021-10-01 14:11:18,47850.0,900.0,10024600.0
1117,2021-10-01 14:11:17,47850.0,900.0,10023700.0
1118,2021-10-01 14:11:17,47850.0,600.0,10022800.0
1119,2021-10-01 14:11:17,47850.0,100.0,10022200.0
1120,2021-10-01 14:11:17,47850.0,100.0,10022100.0
1121,2021-10-01 14:11:17,47850.0,1000.0,10022000.0
1122,2021-10-01 14:11:17,47850.0,200.0,10021000.0
1123,2021-10-01 14:11:17,47850.0,17100.0,10020800.0
1124,2021-10-01 14:11:17,47850.0,100.0,10003700.0
1125,2021-10-01 14:11:16,47850.0,900.0,10003600.0
1126,2021-10-01 14:11:16,47850.0,1000.0,10002700.0
1127,2021-10-01 14:11:16,47800.0,1000.0,10001700.0
1128,2021-10-01 14:11:15,47850.0,1000.0,10000700.0
1129,2021-10-01 14:11:12,47850.0,1000.0,9999700.0
1130,2021-10-01 14:11:12,47850.0,11100.0,9998700.0
1131,2021-10-01 14:11:12,47850.0,700.0,9987600.0
1132,2021-10-01 14:11:11,47850.0,8200.0,9986900.0
1133,2021-10-01 14:11:11,47850.0,100.0,9978700.0
1134,2021-10-01 14:11:11,47850.0,200.0,9978600.0
1135,2021-10-01 14:11:11,47850.0,200.0,9978400.0
1136,2021-10-01 14:11:11,47850.0,900.0,9978200.0
1137,2021-10-01 14:11:11,47850.0,200.0,9977300.0
1138,2021-10-01 14:11:11,47850.0,200.0,9977100.0
1139,2021-10-01 14:11:08,47850.0,300.0,9976900.0
1140,2021-10-01 14:11:08,47850.0,100.0,9976600.0
1141,2021-10-01 14:11:03,47800.0,1000.0,9976500.0
1142,2021-10-01 14:10:59,47800.0,1000.0,9975500.0
1143,2021-10-01 14:10:58,47800.0,10000.0,9974500.0
1144,2021-10-01 14:10:57,47850.0,100.0,9964500.0
1145,2021-10-01 14:10:57,47850.0,1500.0,9964400.0
1146,2021-10-01 14:10:57,47800.0,500.0,9962900.0
1147,2021-10-01 14:10:57,47800.0,400.0,9962400.0
1148,2021-10-01 14:10:57,47800.0,300.0,9962000.0
1149,2021-10-01 14:10:57,47800.0,100.0,9961700.0
1150,2021-10-01 14:10:57,47800.0,300.0,9961600.0
1151,2021-10-01 14:10:57,47800.0,1000.0,9961300.0
1152,2021-10-01 14:10:57,47800.0,300.0,9960300.0
1153,2021-10-01 14:10:57,47800.0,100.0,9960000.0
1154,2021-10-01 14:10:57,47800.0,500.0,9959900.0
1155,2021-10-01 14:10:57,47800.0,100.0,9959400.0
1156,2021-10-01 14:10:57,47800.0,100.0,9959300.0
1157,2021-10-01 14:10:57,47800.0,10000.0,9959200.0
1158,2021-10-01 14:10:57,47800.0,18000.0,9949200.0
1159,2021-10-01 14:10:57,47800.0,100.0,9931200.0
1160,2021-10-01 14:10:57,47800.0,500.0,9931100.0
1161,2021-10-01 14:10:57,47800.0,500.0,9930600.0
1162,2021-10-01 14:10:57,47800.0,500.0,9930100.0
1163,2021-10-01 14:10:57,47800.0,100.0,9929600.0
1164,2021-10-01 14:10:57,47800.0,2000.0,9929500.0
1165,2021-10-01 14:10:56,47800.0,1000.0,9927500.0
1166,2021-10-01 14:10:56,47800.0,100.0,9926500.0
1167,2021-10-01 14:10:56,47800.0,1000.0,9926400.0
1168,2021-10-01 14:10:54,47800.0,5900.0,9925400.0
1169,2021-10-01 14:10:54,47800.0,500.0,9919500.0
1170,2021-10-01 14:10:54,47800.0,3600.0,9919000.0
1171,2021-10-01 14:10:53,47800.0,1000.0,9915400.0
1172,2021-10-01 14:10:53,47800.0,400.0,9914400.0
1173,2021-10-01 14:10:53,47800.0,400.0,9914000.0
1174,2021-10-01 14:10:53,47800.0,200.0,9913600.0
1175,2021-10-01 14:10:52,47800.0,100.0,9913400.0
1176,2021-10-01 14:10:51,47800.0,500.0,9913300.0
1177,2021-10-01 14:10:51,47800.0,500.0,9912800.0
1178,2021-10-01 14:10:51,47800.0,500.0,9912300.0
1179,2021-10-01 14:10:50,47800.0,10000.0,9911800.0
1180,2021-10-01 14:10:49,47800.0,2100.0,9901800.0
1181,2021-10-01 14:10:47,47800.0,1700.0,9899700.0
1182,2021-10-01 14:10:47,47800.0,200.0,9898000.0
1183,2021-10-01 14:10:45,47800.0,1000.0,9897800.0
1184,2021-10-01 14:10:44,47800.0,2000.0,9896800.0
1185,2021-10-01 14:10:43,47800.0,200.0,9894800.0
1186,2021-10-01 14:10:43,47800.0,1200.0,9894600.0
1187,2021-10-01 14:10:43,47800.0,1100.0,9893400.0
1188,2021-10-01 14:10:43,47800.0,100.0,9892300.0
1189,2021-10-01 14:10:43,47800.0,2600.0,9892200.0
1190,2021-10-01 14:10:43,47800.0,400.0,9889600.0
1191,2021-10-01 14:10:42,47750.0,5000.0,9889200.0
1192,2021-10-01 14:10:42,47800.0,100.0,9884200.0
1193,2021-10-01 14:10:41,47800.0,5000.0,9884100.0
1194,2021-10-01 14:10:40,47800.0,41900.0,9879100.0
1195,2021-10-01 14:10:40,47800.0,1500.0,9837200.0
1196,2021-10-01 14:10:40,47800.0,1000.0,9835700.0
1197,2021-10-01 14:10:40,47800.0,200.0,9834700.0
1198,2021-10-01 14:10:40,47800.0,800.0,9834500.0
1199,2021-10-01 14:10:40,47800.0,5000.0,9833700.0
1200,2021-10-01 14:10:40,47800.0,1000.0,9828700.0
1201,2021-10-01 14:10:40,47800.0,1000.0,9827700.0
1202,2021-10-01 14:10:40,47800.0,14400.0,9826700.0
1203,2021-10-01 14:10:40,47800.0,1000.0,9812300.0
1204,2021-10-01 14:10:40,47800.0,500.0,9811300.0
1205,2021-10-01 14:10:40,47800.0,5000.0,9810800.0
1206,2021-10-01 14:10:40,47800.0,500.0,9805800.0
1207,2021-10-01 14:10:40,47800.0,1000.0,9805300.0
1208,2021-10-01 14:10:40,47800.0,100.0,9804300.0
1209,2021-10-01 14:10:40,47800.0,2000.0,9804200.0
1210,2021-10-01 14:10:40,47800.0,100.0,9802200.0
1211,2021-10-01 14:10:40,47800.0,1800.0,9802100.0
1212,2021-10-01 14:10:40,47800.0,600.0,9800300.0
1213,2021-10-01 14:10:40,47800.0,10000.0,9799700.0
1214,2021-10-01 14:10:40,47800.0,1600.0,9789700.0
1215,2021-10-01 14:10:40,47800.0,300.0,9788100.0
1216,2021-10-01 14:10:40,47800.0,500.0,9787800.0
1217,2021-10-01 14:10:40,47800.0,6200.0,9787300.0
1218,2021-10-01 14:10:39,47800.0,100.0,9781100.0
1219,2021-10-01 14:10:39,47800.0,100.0,9781000.0
1220,2021-10-01 14:10:38,47800.0,300.0,9780900.0
1221,2021-10-01 14:10:36,47800.0,100.0,9780600.0
1222,2021-10-01 14:10:35,47800.0,100.0,9780500.0
1223,2021-10-01 14:10:35,47800.0,1900.0,9780400.0
1224,2021-10-01 14:10:35,47800.0,2000.0,9778500.0
1225,2021-10-01 14:10:32,47800.0,100.0,9776500.0
1226,2021-10-01 14:10:30,47800.0,1000.0,9776400.0
1227,2021-10-01 14:10:28,47750.0,100.0,9775400.0
1228,2021-10-01 14:10:28,47750.0,1000.0,9775300.0
1229,2021-10-01 14:10:28,47750.0,2800.0,9774300.0
1230,2021-10-01 14:10:28,47750.0,100.0,9771500.0
1231,2021-10-01 14:10:28,47750.0,500.0,9771400.0
1232,2021-10-01 14:10:27,47700.0,500.0,9770900.0
1233,2021-10-01 14:10:24,47750.0,1600.0,9770400.0
1234,2021-10-01 14:10:24,47750.0,2500.0,9768800.0
1235,2021-10-01 14:10:24,47700.0,5000.0,9766300.0
1236,2021-10-01 14:10:23,47750.0,1000.0,9761300.0
1237,2021-10-01 14:10:19,47700.0,300.0,9760300.0
1238,2021-10-01 14:10:19,47750.0,500.0,9760000.0
1239,2021-10-01 14:10:15,47750.0,7500.0,9759500.0
1240,2021-10-01 14:10:13,47750.0,500.0,9752000.0
1241,2021-10-01 14:10:10,47750.0,900.0,9751500.0
1242,2021-10-01 14:10:10,47750.0,100.0,9750600.0
1243,2021-10-01 14:10:08,47750.0,200.0,9750500.0
1244,2021-10-01 14:10:08,47750.0,100.0,9750300.0
1245,2021-10-01 14:10:06,47700.0,100.0,9750200.0
1246,2021-10-01 14:10:06,47700.0,1500.0,9750100.0
1247,2021-10-01 14:10:04,47700.0,900.0,9748600.0
1248,2021-10-01 14:10:04,47700.0,100.0,9747700.0
1249,2021-10-01 14:09:59,47700.0,100.0,9747600.0
1250,2021-10-01 14:09:58,47700.0,1000.0,9747500.0
1251,2021-10-01 14:09:52,47700.0,800.0,9746500.0
1252,2021-10-01 14:09:52,47700.0,200.0,9745700.0
1253,2021-10-01 14:09:52,47700.0,100.0,9745500.0
1254,2021-10-01 14:09:52,47700.0,200.0,9745400.0
1255,2021-10-01 14:09:52,47700.0,1000.0,9745200.0
1256,2021-10-01 14:09:52,47700.0,1000.0,9744200.0
1257,2021-10-01 14:09:52,47700.0,1500.0,9743200.0
1258,2021-10-01 14:09:52,47700.0,500.0,9741700.0
1259,2021-10-01 14:09:52,47700.0,100.0,9741200.0
1260,2021-10-01 14:09:52,47700.0,400.0,9741100.0
1261,2021-10-01 14:09:52,47700.0,100.0,9740700.0
1262,2021-10-01 14:09:52,47700.0,1000.0,9740600.0
1263,2021-10-01 14:09:52,47700.0,1700.0,9739600.0
1264,2021-10-01 14:09:52,47650.0,200.0,9737900.0
1265,2021-10-01 14:09:49,47600.0,300.0,9737700.0
1266,2021-10-01 14:09:49,47700.0,1300.0,9737400.0
1267,2021-10-01 14:09:49,47700.0,500.0,9736100.0
1268,2021-10-01 14:09:49,47700.0,200.0,9735600.0
1269,2021-10-01 14:09:49,47700.0,200.0,9735400.0
1270,2021-10-01 14:09:49,47700.0,500.0,9735200.0
1271,2021-10-01 14:09:49,47700.0,100.0,9734700.0
1272,2021-10-01 14:09:49,47700.0,2000.0,9734600.0
1273,2021-10-01 14:09:49,47700.0,200.0,9732600.0
1274,2021-10-01 14:09:49,47700.0,100.0,9732400.0
1275,2021-10-01 14:09:49,47700.0,500.0,9732300.0
1276,2021-10-01 14:09:49,47700.0,10000.0,9731800.0
1277,2021-10-01 14:09:49,47700.0,4400.0,9721800.0
1278,2021-10-01 14:09:47,47700.0,600.0,9717400.0
1279,2021-10-01 14:09:47,47700.0,400.0,9716800.0
1280,2021-10-01 14:09:47,47700.0,1000.0,9716400.0
1281,2021-10-01 14:09:41,47600.0,100.0,9715400.0
1282,2021-10-01 14:09:39,47650.0,200.0,9715300.0
1283,2021-10-01 14:09:39,47650.0,800.0,9715100.0
1284,2021-10-01 14:09:36,47600.0,200.0,9714300.0
1285,2021-10-01 14:09:36,47600.0,500.0,9714100.0
1286,2021-10-01 14:09:36,47600.0,100.0,9713600.0
1287,2021-10-01 14:09:36,47600.0,100.0,9713500.0
1288,2021-10-01 14:09:36,47600.0,800.0,9713400.0
1289,2021-10-01 14:09:31,47600.0,100.0,9712600.0
1290,2021-10-01 14:09:31,47600.0,900.0,9712500.0
1291,2021-10-01 14:09:28,47500.0,5000.0,9711600.0
1292,2021-10-01 14:09:24,47600.0,500.0,9706600.0
1293,2021-10-01 14:09:24,47600.0,100.0,9706100.0
1294,2021-10-01 14:09:24,47600.0,400.0,9706000.0
1295,2021-10-01 14:09:23,47600.0,600.0,9705600.0
1296,2021-10-01 14:09:23,47600.0,200.0,9705000.0
1297,2021-10-01 14:09:23,47600.0,200.0,9704800.0
1298,2021-10-01 14:09:23,47600.0,100.0,9704600.0
1299,2021-10-01 14:09:23,47600.0,500.0,9704500.0
1300,2021-10-01 14:09:23,47600.0,100.0,9704000.0
1301,2021-10-01 14:09:23,47600.0,100.0,9703900.0
1302,2021-10-01 14:09:23,47600.0,200.0,9703800.0
1303,2021-10-01 14:09:23,47600.0,200.0,9703600.0
1304,2021-10-01 14:09:23,47600.0,500.0,9703400.0
1305,2021-10-01 14:09:23,47600.0,100.0,9702900.0
1306,2021-10-01 14:09:23,47600.0,100.0,9702800.0
1307,2021-10-01 14:09:23,47600.0,500.0,9702700.0
1308,2021-10-01 14:09:23,47600.0,200.0,9702200.0
1309,2021-10-01 14:09:23,47600.0,1000.0,9702000.0
1310,2021-10-01 14:09:23,47600.0,8600.0,9701000.0
1311,2021-10-01 14:09:23,47600.0,300.0,9692400.0
1312,2021-10-01 14:09:23,47600.0,2000.0,9692100.0
1313,2021-10-01 14:09:23,47600.0,5000.0,9690100.0
1314,2021-10-01 14:09:23,47600.0,200.0,9685100.0
1315,2021-10-01 14:09:23,47600.0,500.0,9684900.0
1316,2021-10-01 14:09:23,47600.0,2500.0,9684400.0
1317,2021-10-01 14:09:23,47600.0,100.0,9681900.0
1318,2021-10-01 14:09:23,47600.0,500.0,9681800.0
1319,2021-10-01 14:09:23,47600.0,100.0,9681300.0
1320,2021-10-01 14:09:23,47600.0,300.0,9681200.0
1321,2021-10-01 14:09:23,47600.0,100.0,9680900.0
1322,2021-10-01 14:09:23,47600.0,100.0,9680800.0
1323,2021-10-01 14:09:23,47600.0,100.0,9680700.0
1324,2021-10-01 14:09:23,47600.0,100.0,9680600.0
1325,2021-10-01 14:09:23,47600.0,5000.0,9680500.0
1326,2021-10-01 14:09:23,47600.0,200.0,9675500.0
1327,2021-10-01 14:09:23,47600.0,200.0,9675300.0
1328,2021-10-01 14:09:23,47550.0,600.0,9675100.0
1329,2021-10-01 14:09:23,47550.0,700.0,9674500.0
1330,2021-10-01 14:09:23,47550.0,100.0,9673800.0
1331,2021-10-01 14:09:23,47550.0,100.0,9673700.0
1332,2021-10-01 14:09:23,47550.0,100.0,9673600.0
1333,2021-10-01 14:09:23,47550.0,200.0,9673500.0
1334,2021-10-01 14:09:23,47550.0,500.0,9673300.0
1335,2021-10-01 14:09:23,47550.0,300.0,9672800.0
1336,2021-10-01 14:09:18,47500.0,2000.0,9672500.0
1337,2021-10-01 14:09:15,47550.0,200.0,9670500.0
1338,2021-10-01 14:09:08,47500.0,200.0,9670300.0
1339,2021-10-01 14:09:07,47500.0,200.0,9670100.0
1340,2021-10-01 14:09:07,47500.0,1000.0,9669900.0
1341,2021-10-01 14:09:07,47500.0,200.0,9668900.0
1342,2021-10-01 14:09:07,47500.0,2600.0,9668700.0
1343,2021-10-01 14:09:07,47500.0,4700.0,9666100.0
1344,2021-10-01 14:09:07,47500.0,300.0,9661400.0
1345,2021-10-01 14:09:07,47500.0,200.0,9661100.0
1346,2021-10-01 14:09:07,47500.0,1000.0,9660900.0
1347,2021-10-01 14:09:07,47500.0,500.0,9659900.0
1348,2021-10-01 14:09:05,47500.0,200.0,9659400.0
1349,2021-10-01 14:09:05,47500.0,2000.0,9659200.0
1350,2021-10-01 14:09:05,47500.0,700.0,9657200.0
1351,2021-10-01 14:09:03,47500.0,700.0,9656500.0
1352,2021-10-01 14:08:59,47500.0,3600.0,9655800.0
1353,2021-10-01 14:08:59,47500.0,500.0,9652200.0
1354,2021-10-01 14:08:59,47500.0,200.0,9651700.0
1355,2021-10-01 14:08:59,47500.0,1000.0,9651500.0
1356,2021-10-01 14:08:59,47500.0,200.0,9650500.0
1357,2021-10-01 14:08:59,47500.0,300.0,9650300.0
1358,2021-10-01 14:08:59,47500.0,100.0,9650000.0
1359,2021-10-01 14:08:59,47500.0,500.0,9649900.0
1360,2021-10-01 14:08:59,47500.0,100.0,9649400.0
1361,2021-10-01 14:08:59,47500.0,100.0,9649300.0
1362,2021-10-01 14:08:59,47500.0,500.0,9649200.0
1363,2021-10-01 14:08:59,47500.0,100.0,9648700.0
1364,2021-10-01 14:08:59,47500.0,400.0,9648600.0
1365,2021-10-01 14:08:59,47500.0,500.0,9648200.0
1366,2021-10-01 14:08:59,47500.0,500.0,9647700.0
1367,2021-10-01 14:08:59,47500.0,1800.0,9647200.0
1368,2021-10-01 14:08:59,47500.0,1000.0,9645400.0
1369,2021-10-01 14:08:59,47500.0,100.0,9644400.0
1370,2021-10-01 14:08:59,47500.0,500.0,9644300.0
1371,2021-10-01 14:08:59,47500.0,1500.0,9643800.0
1372,2021-10-01 14:08:59,47500.0,100.0,9642300.0
1373,2021-10-01 14:08:59,47500.0,500.0,9642200.0
1374,2021-10-01 14:08:59,47500.0,500.0,9641700.0
1375,2021-10-01 14:08:59,47500.0,1000.0,9641200.0
1376,2021-10-01 14:08:59,47500.0,300.0,9640200.0
1377,2021-10-01 14:08:59,47500.0,2000.0,9639900.0
1378,2021-10-01 14:08:59,47500.0,100.0,9637900.0
1379,2021-10-01 14:08:59,47500.0,200.0,9637800.0
1380,2021-10-01 14:08:59,47500.0,800.0,9637600.0
1381,2021-10-01 14:08:59,47500.0,100.0,9636800.0
1382,2021-10-01 14:08:59,47500.0,100.0,9636700.0
1383,2021-10-01 14:08:59,47500.0,2000.0,9636600.0
1384,2021-10-01 14:08:59,47500.0,2000.0,9634600.0
1385,2021-10-01 14:08:59,47500.0,600.0,9632600.0
1386,2021-10-01 14:08:59,47500.0,100.0,9632000.0
1387,2021-10-01 14:08:59,47500.0,200.0,9631900.0
1388,2021-10-01 14:08:59,47500.0,200.0,9631700.0
1389,2021-10-01 14:08:59,47500.0,100.0,9631500.0
1390,2021-10-01 14:08:59,47500.0,500.0,9631400.0
1391,2021-10-01 14:08:59,47500.0,200.0,9630900.0
1392,2021-10-01 14:08:59,47500.0,200.0,9630700.0
1393,2021-10-01 14:08:59,47500.0,500.0,9630500.0
1394,2021-10-01 14:08:59,47500.0,200.0,9630000.0
1395,2021-10-01 14:08:59,47500.0,3000.0,9629800.0
1396,2021-10-01 14:08:59,47500.0,10000.0,9626800.0
1397,2021-10-01 14:08:59,47500.0,400.0,9616800.0
1398,2021-10-01 14:08:59,47500.0,200.0,9616400.0
1399,2021-10-01 14:08:59,47500.0,1000.0,9616200.0
1400,2021-10-01 14:08:59,47500.0,400.0,9615200.0
1401,2021-10-01 14:08:59,47500.0,3000.0,9614800.0
1402,2021-10-01 14:08:59,47500.0,500.0,9611800.0
1403,2021-10-01 14:08:59,47500.0,1000.0,9611300.0
1404,2021-10-01 14:08:59,47500.0,300.0,9610300.0
1405,2021-10-01 14:08:59,47500.0,100.0,9610000.0
1406,2021-10-01 14:08:59,47500.0,300.0,9609900.0
1407,2021-10-01 14:08:59,47500.0,100.0,9609600.0
1408,2021-10-01 14:08:59,47500.0,600.0,9609500.0
1409,2021-10-01 14:08:59,47500.0,100.0,9608900.0
1410,2021-10-01 14:08:59,47500.0,500.0,9608800.0
1411,2021-10-01 14:08:59,47500.0,1000.0,9608300.0
1412,2021-10-01 14:08:59,47500.0,100.0,9607300.0
1413,2021-10-01 14:08:59,47500.0,200.0,9607200.0
1414,2021-10-01 14:08:59,47500.0,100.0,9607000.0
1415,2021-10-01 14:08:59,47500.0,1000.0,9606900.0
1416,2021-10-01 14:08:59,47500.0,400.0,9605900.0
1417,2021-10-01 14:08:59,47500.0,200.0,9605500.0
1418,2021-10-01 14:08:59,47500.0,1000.0,9605300.0
1419,2021-10-01 14:08:59,47500.0,1000.0,9604300.0
1420,2021-10-01 14:08:59,47500.0,100.0,9603300.0
1421,2021-10-01 14:08:59,47500.0,200.0,9603200.0
1422,2021-10-01 14:08:59,47500.0,2000.0,9603000.0
1423,2021-10-01 14:08:59,47500.0,100.0,9601000.0
1424,2021-10-01 14:08:59,47500.0,100.0,9600900.0
1425,2021-10-01 14:08:59,47500.0,1000.0,9600800.0
1426,2021-10-01 14:08:59,47500.0,200.0,9599800.0
1427,2021-10-01 14:08:59,47500.0,800.0,9599600.0
1428,2021-10-01 14:08:59,47500.0,100.0,9598800.0
1429,2021-10-01 14:08:59,47500.0,300.0,9598700.0
1430,2021-10-01 14:08:59,47500.0,14600.0,9598400.0
1431,2021-10-01 14:08:59,47500.0,500.0,9583800.0
1432,2021-10-01 14:08:59,47500.0,100.0,9583300.0
1433,2021-10-01 14:08:59,47500.0,200.0,9583200.0
1434,2021-10-01 14:08:59,47500.0,500.0,9583000.0
1435,2021-10-01 14:08:59,47500.0,400.0,9582500.0
1436,2021-10-01 14:08:59,47500.0,500.0,9582100.0
1437,2021-10-01 14:08:59,47500.0,200.0,9581600.0
1438,2021-10-01 14:08:59,47500.0,500.0,9581400.0
1439,2021-10-01 14:08:59,47500.0,6000.0,9580900.0
1440,2021-10-01 14:08:59,47500.0,3000.0,9574900.0
1441,2021-10-01 14:08:59,47500.0,300.0,9571900.0
1442,2021-10-01 14:08:59,47500.0,500.0,9571600.0
1443,2021-10-01 14:08:59,47500.0,700.0,9571100.0
1444,2021-10-01 14:08:59,47500.0,100.0,9570400.0
1445,2021-10-01 14:08:59,47500.0,200.0,9570300.0
1446,2021-10-01 14:08:59,47500.0,1000.0,9570100.0
1447,2021-10-01 14:08:59,47500.0,500.0,9569100.0
1448,2021-10-01 14:08:59,47500.0,200.0,9568600.0
1449,2021-10-01 14:08:59,47500.0,100.0,9568400.0
1450,2021-10-01 14:08:59,47500.0,500.0,9568300.0
1451,2021-10-01 14:08:59,47500.0,1000.0,9567800.0
1452,2021-10-01 14:08:59,47500.0,1000.0,9566800.0
1453,2021-10-01 14:08:59,47500.0,200.0,9565800.0
1454,2021-10-01 14:08:59,47500.0,100.0,9565600.0
1455,2021-10-01 14:08:59,47500.0,100.0,9565500.0
1456,2021-10-01 14:08:59,47500.0,500.0,9565400.0
1457,2021-10-01 14:08:59,47500.0,300.0,9564900.0
1458,2021-10-01 14:08:59,47500.0,300.0,9564600.0
1459,2021-10-01 14:08:59,47500.0,1000.0,9564300.0
1460,2021-10-01 14:08:59,47500.0,500.0,9563300.0
1461,2021-10-01 14:08:59,47500.0,500.0,9562800.0
1462,2021-10-01 14:08:59,47500.0,3000.0,9562300.0
1463,2021-10-01 14:08:59,47500.0,700.0,9559300.0
1464,2021-10-01 14:08:59,47500.0,500.0,9558600.0
1465,2021-10-01 14:08:59,47500.0,1200.0,9558100.0
1466,2021-10-01 14:08:59,47500.0,300.0,9556900.0
1467,2021-10-01 14:08:59,47500.0,400.0,9556600.0
1468,2021-10-01 14:08:59,47500.0,500.0,9556200.0
1469,2021-10-01 14:08:59,47500.0,100.0,9555700.0
1470,2021-10-01 14:08:59,47500.0,400.0,9555600.0
1471,2021-10-01 14:08:59,47500.0,1000.0,9555200.0
1472,2021-10-01 14:08:59,47500.0,100.0,9554200.0
1473,2021-10-01 14:08:59,47500.0,300.0,9554100.0
1474,2021-10-01 14:08:59,47500.0,2400.0,9553800.0
1475,2021-10-01 14:08:59,47500.0,100.0,9551400.0
1476,2021-10-01 14:08:59,47500.0,1900.0,9551300.0
1477,2021-10-01 14:08:59,47500.0,100.0,9549400.0
1478,2021-10-01 14:08:59,47500.0,2400.0,9549300.0
1479,2021-10-01 14:08:59,47500.0,600.0,9546900.0
1480,2021-10-01 14:08:59,47500.0,2600.0,9546300.0
1481,2021-10-01 14:08:59,47500.0,2000.0,9543700.0
1482,2021-10-01 14:08:59,47500.0,5500.0,9541700.0
1483,2021-10-01 14:08:59,47500.0,2000.0,9536200.0
1484,2021-10-01 14:08:59,47500.0,400.0,9534200.0
1485,2021-10-01 14:08:59,47500.0,1000.0,9533800.0
1486,2021-10-01 14:08:59,47500.0,200.0,9532800.0
1487,2021-10-01 14:08:59,47500.0,300.0,9532600.0
1488,2021-10-01 14:08:59,47500.0,1200.0,9532300.0
1489,2021-10-01 14:08:59,47500.0,100.0,9531100.0
1490,2021-10-01 14:08:59,47500.0,100.0,9531000.0
1491,2021-10-01 14:08:59,47500.0,500.0,9530900.0
1492,2021-10-01 14:08:59,47500.0,100.0,9530400.0
1493,2021-10-01 14:08:59,47500.0,1000.0,9530300.0
1494,2021-10-01 14:08:59,47500.0,2000.0,9529300.0
1495,2021-10-01 14:08:59,47500.0,200.0,9527300.0
1496,2021-10-01 14:08:59,47500.0,500.0,9527100.0
1497,2021-10-01 14:08:59,47500.0,200.0,9526600.0
1498,2021-10-01 14:08:59,47500.0,1000.0,9526400.0
1499,2021-10-01 14:08:59,47500.0,1000.0,9525400.0
1500,2021-10-01 14:08:59,47500.0,200.0,9524400.0
1501,2021-10-01 14:08:59,47500.0,1000.0,9524200.0
1502,2021-10-01 14:08:59,47500.0,300.0,9523200.0
1503,2021-10-01 14:08:59,47500.0,5000.0,9522900.0
1504,2021-10-01 14:08:59,47500.0,100.0,9517900.0
1505,2021-10-01 14:08:59,47500.0,100.0,9517800.0
1506,2021-10-01 14:08:59,47500.0,5000.0,9517700.0
1507,2021-10-01 14:08:59,47500.0,300.0,9512700.0
1508,2021-10-01 14:08:59,47500.0,200.0,9512400.0
1509,2021-10-01 14:08:59,47500.0,300.0,9512200.0
1510,2021-10-01 14:08:59,47500.0,1000.0,9511900.0
1511,2021-10-01 14:08:59,47500.0,500.0,9510900.0
1512,2021-10-01 14:08:59,47500.0,400.0,9510400.0
1513,2021-10-01 14:08:59,47500.0,300.0,9510000.0
1514,2021-10-01 14:08:59,47500.0,100.0,9509700.0
1515,2021-10-01 14:08:59,47500.0,100.0,9509600.0
1516,2021-10-01 14:08:59,47500.0,500.0,9509500.0
1517,2021-10-01 14:08:59,47500.0,100.0,9509000.0
1518,2021-10-01 14:08:59,47500.0,1000.0,9508900.0
1519,2021-10-01 14:08:59,47500.0,200.0,9507900.0
1520,2021-10-01 14:08:59,47500.0,100.0,9507700.0
1521,2021-10-01 14:08:59,47500.0,100.0,9507600.0
1522,2021-10-01 14:08:59,47500.0,300.0,9507500.0
1523,2021-10-01 14:08:59,47500.0,1000.0,9507200.0
1524,2021-10-01 14:08:59,47500.0,100.0,9506200.0
1525,2021-10-01 14:08:59,47500.0,300.0,9506100.0
1526,2021-10-01 14:08:59,47500.0,100.0,9505800.0
1527,2021-10-01 14:08:59,47500.0,5000.0,9505700.0
1528,2021-10-01 14:08:59,47500.0,100.0,9500700.0
1529,2021-10-01 14:08:59,47500.0,300.0,9500600.0
1530,2021-10-01 14:08:59,47500.0,2000.0,9500300.0
1531,2021-10-01 14:08:59,47500.0,100.0,9498300.0
1532,2021-10-01 14:08:59,47500.0,200.0,9498200.0
1533,2021-10-01 14:08:59,47500.0,500.0,9498000.0
1534,2021-10-01 14:08:59,47500.0,500.0,9497500.0
1535,2021-10-01 14:08:59,47500.0,100.0,9497000.0
1536,2021-10-01 14:08:59,47500.0,500.0,9496900.0
1537,2021-10-01 14:08:59,47500.0,500.0,9496400.0
1538,2021-10-01 14:08:59,47500.0,5000.0,9495900.0
1539,2021-10-01 14:08:59,47500.0,500.0,9490900.0
1540,2021-10-01 14:08:59,47500.0,1000.0,9490400.0
1541,2021-10-01 14:08:59,47500.0,200.0,9489400.0
1542,2021-10-01 14:08:59,47500.0,500.0,9489200.0
1543,2021-10-01 14:08:59,47500.0,200.0,9488700.0
1544,2021-10-01 14:08:59,47500.0,100.0,9488500.0
1545,2021-10-01 14:08:59,47500.0,100.0,9488400.0
1546,2021-10-01 14:08:59,47500.0,300.0,9488300.0
1547,2021-10-01 14:08:59,47500.0,300.0,9488000.0
1548,2021-10-01 14:08:59,47500.0,800.0,9487700.0
1549,2021-10-01 14:08:59,47450.0,200.0,9486900.0
1550,2021-10-01 14:08:59,47450.0,10000.0,9486700.0
1551,2021-10-01 14:08:59,47450.0,200.0,9476700.0
1552,2021-10-01 14:08:59,47450.0,100.0,9476500.0
1553,2021-10-01 14:08:59,47450.0,100.0,9476400.0
1554,2021-10-01 14:08:59,47450.0,100.0,9476300.0
1555,2021-10-01 14:08:59,47450.0,500.0,9476200.0
1556,2021-10-01 14:08:59,47450.0,19900.0,9475700.0
1557,2021-10-01 14:08:57,47450.0,1000.0,9455800.0
1558,2021-10-01 14:08:57,47450.0,300.0,9454800.0
1559,2021-10-01 14:08:56,47450.0,1000.0,9454500.0
1560,2021-10-01 14:08:53,47450.0,5800.0,9453500.0
1561,2021-10-01 14:08:49,47450.0,500.0,9447700.0
1562,2021-10-01 14:08:49,47450.0,400.0,9447200.0
1563,2021-10-01 14:08:49,47450.0,9000.0,9446800.0
1564,2021-10-01 14:08:36,47450.0,5300.0,9437800.0
1565,2021-10-01 14:08:32,47450.0,5000.0,9432500.0
1566,2021-10-01 14:08:27,47450.0,500.0,9427500.0
1567,2021-10-01 14:08:24,47450.0,200.0,9427000.0
1568,2021-10-01 14:08:20,47450.0,100.0,9426800.0
1569,2021-10-01 14:08:11,47450.0,1000.0,9426700.0
1570,2021-10-01 14:08:11,47450.0,1000.0,9425700.0
1571,2021-10-01 14:08:10,47400.0,1000.0,9424700.0
1572,2021-10-01 14:08:08,47400.0,4000.0,9423700.0
1573,2021-10-01 14:08:03,47400.0,1000.0,9419700.0
1574,2021-10-01 14:07:57,47400.0,5000.0,9418700.0
1575,2021-10-01 14:07:53,47400.0,100.0,9413700.0
1576,2021-10-01 14:07:53,47400.0,5000.0,9413600.0
1577,2021-10-01 14:07:53,47350.0,800.0,9408600.0
1578,2021-10-01 14:07:45,47350.0,200.0,9407800.0
1579,2021-10-01 14:07:44,47350.0,200.0,9407600.0
1580,2021-10-01 14:07:44,47350.0,1000.0,9407400.0
1581,2021-10-01 14:07:44,47350.0,500.0,9406400.0
1582,2021-10-01 14:07:44,47350.0,2000.0,9405900.0
1583,2021-10-01 14:07:44,47350.0,300.0,9403900.0
1584,2021-10-01 14:07:39,47350.0,1000.0,9403600.0
1585,2021-10-01 14:07:33,47350.0,100.0,9402600.0
1586,2021-10-01 14:07:26,47300.0,900.0,9402500.0
1587,2021-10-01 14:07:26,47300.0,2000.0,9401600.0
1588,2021-10-01 14:07:26,47300.0,500.0,9399600.0
1589,2021-10-01 14:07:26,47300.0,500.0,9399100.0
1590,2021-10-01 14:07:26,47300.0,100.0,9398600.0
1591,2021-10-01 14:07:26,47350.0,1000.0,9398500.0
1592,2021-10-01 14:07:15,47350.0,2000.0,9397500.0
1593,2021-10-01 14:07:12,47350.0,1000.0,9395500.0
1594,2021-10-01 14:07:11,47350.0,2000.0,9394500.0
1595,2021-10-01 14:06:42,47300.0,200.0,9392500.0
1596,2021-10-01 14:06:42,47300.0,300.0,9392300.0
1597,2021-10-01 14:06:42,47300.0,500.0,9392000.0
1598,2021-10-01 14:06:42,47300.0,700.0,9391500.0
1599,2021-10-01 14:06:42,47300.0,100.0,9390800.0
1600,2021-10-01 14:06:42,47300.0,700.0,9390700.0
1601,2021-10-01 14:06:42,47300.0,500.0,9390000.0
1602,2021-10-01 14:06:42,47300.0,1000.0,9389500.0
1603,2021-10-01 14:06:42,47300.0,2000.0,9388500.0
1604,2021-10-01 14:06:42,47300.0,300.0,9386500.0
1605,2021-10-01 14:06:42,47300.0,2400.0,9386200.0
1606,2021-10-01 14:06:42,47300.0,500.0,9383800.0
1607,2021-10-01 14:06:42,47300.0,400.0,9383300.0
1608,2021-10-01 14:06:42,47400.0,400.0,9382900.0
1609,2021-10-01 14:06:24,47300.0,200.0,9382500.0
1610,2021-10-01 14:06:17,47300.0,100.0,9382300.0
1611,2021-10-01 14:06:17,47300.0,400.0,9382200.0
1612,2021-10-01 14:06:05,47500.0,43300.0,9381800.0
1613,2021-10-01 14:06:05,47450.0,600.0,9338500.0
1614,2021-10-01 14:06:05,47450.0,1800.0,9337900.0
1615,2021-10-01 14:06:05,47450.0,1200.0,9336100.0
1616,2021-10-01 14:06:05,47450.0,10000.0,9334900.0
1617,2021-10-01 14:06:05,47450.0,1500.0,9324900.0
1618,2021-10-01 14:06:05,47450.0,100.0,9323400.0
1619,2021-10-01 14:06:05,47450.0,10000.0,9323300.0
1620,2021-10-01 14:06:05,47450.0,100.0,9313300.0
1621,2021-10-01 14:06:05,47450.0,10000.0,9313200.0
1622,2021-10-01 14:06:05,47450.0,100.0,9303200.0
1623,2021-10-01 14:06:05,47450.0,4000.0,9303100.0
1624,2021-10-01 14:06:05,47450.0,400.0,9299100.0
1625,2021-10-01 14:06:05,47450.0,300.0,9298700.0
1626,2021-10-01 14:06:05,47450.0,500.0,9298400.0
1627,2021-10-01 14:06:05,47450.0,500.0,9297900.0
1628,2021-10-01 14:06:05,47450.0,200.0,9297400.0
1629,2021-10-01 14:06:05,47450.0,5000.0,9297200.0
1630,2021-10-01 14:06:05,47450.0,200.0,9292200.0
1631,2021-10-01 14:06:05,47450.0,100.0,9292000.0
1632,2021-10-01 14:06:05,47450.0,400.0,9291900.0
1633,2021-10-01 14:06:05,47400.0,700.0,9291500.0
1634,2021-10-01 14:06:05,47400.0,500.0,9290800.0
1635,2021-10-01 14:06:05,47400.0,1200.0,9290300.0
1636,2021-10-01 14:06:05,47400.0,500.0,9289100.0
1637,2021-10-01 14:06:05,47400.0,100.0,9288600.0
1638,2021-10-01 14:06:05,47400.0,100.0,9288500.0
1639,2021-10-01 14:06:05,47400.0,10000.0,9288400.0
1640,2021-10-01 14:06:05,47400.0,1000.0,9278400.0
1641,2021-10-01 14:06:05,47400.0,2000.0,9277400.0
1642,2021-10-01 14:06:05,47400.0,300.0,9275400.0
1643,2021-10-01 14:06:05,47400.0,300.0,9275100.0
1644,2021-10-01 14:06:05,47400.0,200.0,9274800.0
1645,2021-10-01 14:06:05,47400.0,1000.0,9274600.0
1646,2021-10-01 14:06:05,47400.0,2000.0,9273600.0
1647,2021-10-01 14:06:05,47400.0,20000.0,9271600.0
1648,2021-10-01 14:06:05,47400.0,100.0,9251600.0
1649,2021-10-01 14:06:05,47400.0,100.0,9251500.0
1650,2021-10-01 14:06:05,47400.0,2000.0,9251400.0
1651,2021-10-01 14:06:05,47400.0,100.0,9249400.0
1652,2021-10-01 14:06:05,47400.0,300.0,9249300.0
1653,2021-10-01 14:06:05,47400.0,100.0,9249000.0
1654,2021-10-01 14:06:05,47400.0,400.0,9248900.0
1655,2021-10-01 14:06:05,47400.0,900.0,9248500.0
1656,2021-10-01 14:06:05,47400.0,100.0,9247600.0
1657,2021-10-01 14:06:05,47400.0,900.0,9247500.0
1658,2021-10-01 14:06:05,47400.0,300.0,9246600.0
1659,2021-10-01 14:06:05,47400.0,200.0,9246300.0
1660,2021-10-01 14:06:05,47400.0,400.0,9246100.0
1661,2021-10-01 14:06:05,47400.0,1000.0,9245700.0
1662,2021-10-01 14:06:05,47400.0,100.0,9244700.0
1663,2021-10-01 14:06:05,47350.0,500.0,9244600.0
1664,2021-10-01 14:06:05,47350.0,1000.0,9244100.0
1665,2021-10-01 14:06:05,47350.0,200.0,9243100.0
1666,2021-10-01 14:06:05,47350.0,2000.0,9242900.0
1667,2021-10-01 14:06:05,47350.0,100.0,9240900.0
1668,2021-10-01 14:06:05,47350.0,10000.0,9240800.0
1669,2021-10-01 14:06:05,47350.0,20000.0,9230800.0
1670,2021-10-01 14:06:05,47350.0,2800.0,9210800.0
1671,2021-10-01 14:06:05,47350.0,2000.0,9208000.0
1672,2021-10-01 14:06:05,47350.0,5000.0,9206000.0
1673,2021-10-01 14:06:05,47350.0,3500.0,9201000.0
1674,2021-10-01 14:06:05,47350.0,500.0,9197500.0
1675,2021-10-01 14:06:05,47350.0,10000.0,9197000.0
1676,2021-10-01 14:06:05,47350.0,5200.0,9187000.0
1677,2021-10-01 14:06:04,47350.0,400.0,9181800.0
1678,2021-10-01 14:06:02,47300.0,2400.0,9181400.0
1679,2021-10-01 14:06:02,47300.0,500.0,9179000.0
1680,2021-10-01 14:06:02,47300.0,300.0,9178500.0
1681,2021-10-01 14:06:02,47300.0,200.0,9178200.0
1682,2021-10-01 14:06:02,47300.0,200.0,9178000.0
1683,2021-10-01 14:06:02,47300.0,3000.0,9177800.0
1684,2021-10-01 14:06:01,47300.0,1600.0,9174800.0
1685,2021-10-01 14:06:00,47300.0,2000.0,9173200.0
1686,2021-10-01 14:05:51,47300.0,300.0,9171200.0
1687,2021-10-01 14:05:49,47300.0,200.0,9170900.0
1688,2021-10-01 14:05:47,47300.0,1000.0,9170700.0
1689,2021-10-01 14:05:47,47300.0,1000.0,9169700.0
1690,2021-10-01 14:05:46,47300.0,2000.0,9168700.0
1691,2021-10-01 14:05:43,47300.0,500.0,9166700.0
1692,2021-10-01 14:05:43,47300.0,100.0,9166200.0
1693,2021-10-01 14:05:42,47300.0,8300.0,9166100.0
1694,2021-10-01 14:05:40,47350.0,2000.0,9157800.0
1695,2021-10-01 14:05:40,47350.0,800.0,9155800.0
1696,2021-10-01 14:05:40,47350.0,1600.0,9155000.0
1697,2021-10-01 14:05:40,47350.0,400.0,9153400.0
1698,2021-10-01 14:05:39,47300.0,1000.0,9153000.0
1699,2021-10-01 14:05:39,47300.0,1000.0,9152000.0
1700,2021-10-01 14:05:39,47300.0,200.0,9151000.0
1701,2021-10-01 14:05:39,47300.0,100.0,9150800.0
1702,2021-10-01 14:05:39,47300.0,400.0,9150700.0
1703,2021-10-01 14:05:39,47300.0,8900.0,9150300.0
1704,2021-10-01 14:05:37,47300.0,2000.0,9141400.0
1705,2021-10-01 14:05:34,47300.0,300.0,9139400.0
1706,2021-10-01 14:05:31,47300.0,2000.0,9139100.0
1707,2021-10-01 14:05:21,47300.0,400.0,9137100.0
1708,2021-10-01 14:05:17,47300.0,100.0,9136700.0
1709,2021-10-01 14:05:11,47300.0,500.0,9136600.0
1710,2021-10-01 14:05:07,47300.0,200.0,9136100.0
1711,2021-10-01 14:05:06,47300.0,300.0,9135900.0
1712,2021-10-01 14:05:06,47300.0,400.0,9135600.0
1713,2021-10-01 14:05:06,47300.0,1500.0,9135200.0
1714,2021-10-01 14:05:06,47300.0,3400.0,9133700.0
1715,2021-10-01 14:05:05,47300.0,11400.0,9130300.0
1716,2021-10-01 14:05:05,47350.0,600.0,9118900.0
1717,2021-10-01 14:05:05,47350.0,400.0,9118300.0
1718,2021-10-01 14:04:47,47300.0,500.0,9117900.0
1719,2021-10-01 14:04:47,47300.0,100.0,9117400.0
1720,2021-10-01 14:04:45,47300.0,800.0,9117300.0
1721,2021-10-01 14:04:45,47300.0,100.0,9116500.0
1722,2021-10-01 14:04:45,47300.0,13700.0,9116400.0
1723,2021-10-01 14:04:41,47300.0,5000.0,9102700.0
1724,2021-10-01 14:04:39,47300.0,200.0,9097700.0
1725,2021-10-01 14:04:37,47300.0,500.0,9097500.0
1726,2021-10-01 14:04:34,47300.0,200.0,9097000.0
1727,2021-10-01 14:04:30,47300.0,100.0,9096800.0
1728,2021-10-01 14:04:30,47300.0,200.0,9096700.0
1729,2021-10-01 14:04:30,47300.0,100.0,9096500.0
1730,2021-10-01 14:04:14,47350.0,100.0,9096400.0
1731,2021-10-01 14:04:14,47300.0,400.0,9096300.0
1732,2021-10-01 14:04:07,47300.0,500.0,9095900.0
1733,2021-10-01 14:04:05,47300.0,100.0,9095400.0
1734,2021-10-01 14:04:02,47200.0,1900.0,9095300.0
1735,2021-10-01 14:04:02,47200.0,100.0,9093400.0
1736,2021-10-01 14:03:56,47200.0,100.0,9093300.0
1737,2021-10-01 14:03:55,47200.0,3000.0,9093200.0
1738,2021-10-01 14:03:54,47200.0,10000.0,9090200.0
1739,2021-10-01 14:03:53,47200.0,300.0,9080200.0
1740,2021-10-01 14:03:44,47200.0,500.0,9079900.0
1741,2021-10-01 14:03:44,47200.0,200.0,9079400.0
1742,2021-10-01 14:03:44,47200.0,100.0,9079200.0
1743,2021-10-01 14:03:44,47200.0,100.0,9079100.0
1744,2021-10-01 14:03:44,47200.0,1800.0,9079000.0
1745,2021-10-01 14:03:44,47200.0,2000.0,9077200.0
1746,2021-10-01 14:03:44,47200.0,400.0,9075200.0
1747,2021-10-01 14:03:44,47200.0,500.0,9074800.0
1748,2021-10-01 14:03:44,47200.0,1000.0,9074300.0
1749,2021-10-01 14:03:36,47350.0,700.0,9073300.0
1750,2021-10-01 14:03:36,47300.0,100.0,9072600.0
1751,2021-10-01 14:03:36,47300.0,100.0,9072500.0
1752,2021-10-01 14:03:36,47300.0,100.0,9072400.0
1753,2021-10-01 14:03:32,47200.0,1000.0,9072300.0
1754,2021-10-01 14:03:32,47200.0,200.0,9071300.0
1755,2021-10-01 14:03:32,47200.0,1000.0,9071100.0
1756,2021-10-01 14:03:32,47200.0,2000.0,9070100.0
1757,2021-10-01 14:03:32,47200.0,200.0,9068100.0
1758,2021-10-01 14:03:32,47200.0,100.0,9067900.0
1759,2021-10-01 14:03:32,47250.0,500.0,9067800.0
1760,2021-10-01 14:03:24,47200.0,900.0,9067300.0
1761,2021-10-01 14:03:24,47200.0,300.0,9066400.0
1762,2021-10-01 14:03:24,47200.0,300.0,9066100.0
1763,2021-10-01 14:03:24,47200.0,500.0,9065800.0
1764,2021-10-01 14:03:24,47200.0,400.0,9065300.0
1765,2021-10-01 14:03:24,47200.0,2000.0,9064900.0
1766,2021-10-01 14:03:24,47200.0,1000.0,9062900.0
1767,2021-10-01 14:03:24,47200.0,11700.0,9061900.0
1768,2021-10-01 14:03:24,47250.0,2900.0,9050200.0
1769,2021-10-01 14:03:22,47300.0,400.0,9047300.0
1770,2021-10-01 14:03:22,47300.0,100.0,9046900.0
1771,2021-10-01 14:03:06,47200.0,8200.0,9046800.0
1772,2021-10-01 14:03:06,47200.0,100.0,9038600.0
1773,2021-10-01 14:03:06,47200.0,1000.0,9038500.0
1774,2021-10-01 14:03:06,47200.0,500.0,9037500.0
1775,2021-10-01 14:03:06,47200.0,600.0,9037000.0
1776,2021-10-01 14:03:06,47200.0,100.0,9036400.0
1777,2021-10-01 14:03:06,47200.0,5000.0,9036300.0
1778,2021-10-01 14:03:06,47200.0,1000.0,9031300.0
1779,2021-10-01 14:03:06,47200.0,1000.0,9030300.0
1780,2021-10-01 14:03:06,47200.0,2300.0,9029300.0
1781,2021-10-01 14:03:06,47250.0,200.0,9027000.0
1782,2021-10-01 14:02:43,47200.0,2700.0,9026800.0
1783,2021-10-01 14:02:43,47200.0,2000.0,9024100.0
1784,2021-10-01 14:02:43,47200.0,100.0,9022100.0
1785,2021-10-01 14:02:43,47200.0,2000.0,9022000.0
1786,2021-10-01 14:02:43,47200.0,1000.0,9020000.0
1787,2021-10-01 14:02:43,47200.0,2000.0,9019000.0
1788,2021-10-01 14:02:43,47200.0,400.0,9017000.0
1789,2021-10-01 14:02:43,47200.0,300.0,9016600.0
1790,2021-10-01 14:02:43,47200.0,200.0,9016300.0
1791,2021-10-01 14:02:43,47200.0,9300.0,9016100.0
1792,2021-10-01 14:02:38,47350.0,5300.0,9006800.0
1793,2021-10-01 14:02:38,47350.0,200.0,9001500.0
1794,2021-10-01 14:02:38,47300.0,10000.0,9001300.0
1795,2021-10-01 14:02:38,47300.0,300.0,8991300.0
1796,2021-10-01 14:02:38,47300.0,2700.0,8991000.0
1797,2021-10-01 14:02:38,47300.0,200.0,8988300.0
1798,2021-10-01 14:02:38,47300.0,100.0,8988100.0
1799,2021-10-01 14:02:38,47300.0,5600.0,8988000.0
1800,2021-10-01 14:02:38,47300.0,2400.0,8982400.0
1801,2021-10-01 14:02:38,47300.0,10000.0,8980000.0
1802,2021-10-01 14:02:38,47300.0,1000.0,8970000.0
1803,2021-10-01 14:02:38,47300.0,800.0,8969000.0
1804,2021-10-01 14:02:38,47300.0,100.0,8968200.0
1805,2021-10-01 14:02:38,47300.0,1000.0,8968100.0
1806,2021-10-01 14:02:38,47300.0,100.0,8967100.0
1807,2021-10-01 14:02:38,47300.0,200.0,8967000.0
1808,2021-10-01 14:02:38,47300.0,2000.0,8966800.0
1809,2021-10-01 14:02:38,47300.0,500.0,8964800.0
1810,2021-10-01 14:02:38,47300.0,1000.0,8964300.0
1811,2021-10-01 14:02:38,47300.0,100.0,8963300.0
1812,2021-10-01 14:02:38,47300.0,200.0,8963200.0
1813,2021-10-01 14:02:38,47300.0,300.0,8963000.0
1814,2021-10-01 14:02:38,47300.0,100.0,8962700.0
1815,2021-10-01 14:02:38,47300.0,1200.0,8962600.0
1816,2021-10-01 14:02:38,47300.0,20000.0,8961400.0
1817,2021-10-01 14:02:38,47300.0,300.0,8941400.0
1818,2021-10-01 14:02:38,47300.0,100.0,8941100.0
1819,2021-10-01 14:02:38,47300.0,100.0,8941000.0
1820,2021-10-01 14:02:38,47300.0,1000.0,8940900.0
1821,2021-10-01 14:02:38,47300.0,100.0,8939900.0
1822,2021-10-01 14:02:38,47300.0,700.0,8939800.0
1823,2021-10-01 14:02:38,47300.0,1000.0,8939100.0
1824,2021-10-01 14:02:38,47300.0,1000.0,8938100.0
1825,2021-10-01 14:02:38,47300.0,100.0,8937100.0
1826,2021-10-01 14:02:38,47300.0,100.0,8937000.0
1827,2021-10-01 14:02:38,47300.0,2000.0,8936900.0
1828,2021-10-01 14:02:38,47300.0,100.0,8934900.0
1829,2021-10-01 14:02:38,47300.0,100.0,8934800.0
1830,2021-10-01 14:02:38,47300.0,100.0,8934700.0
1831,2021-10-01 14:02:38,47300.0,2000.0,8934600.0
1832,2021-10-01 14:02:38,47300.0,500.0,8932600.0
1833,2021-10-01 14:02:38,47300.0,100.0,8932100.0
1834,2021-10-01 14:02:38,47300.0,100.0,8932000.0
1835,2021-10-01 14:02:38,47300.0,100.0,8931900.0
1836,2021-10-01 14:02:38,47300.0,800.0,8931800.0
1837,2021-10-01 14:02:38,47300.0,100.0,8931000.0
1838,2021-10-01 14:02:38,47300.0,200.0,8930900.0
1839,2021-10-01 14:02:38,47250.0,100.0,8930700.0
1840,2021-10-01 14:02:38,47250.0,20000.0,8930600.0
1841,2021-10-01 14:02:38,47250.0,3800.0,8910600.0
1842,2021-10-01 14:02:37,47250.0,1000.0,8906800.0
1843,2021-10-01 14:02:33,47250.0,34000.0,8905800.0
1844,2021-10-01 14:02:25,47200.0,19700.0,8871800.0
1845,2021-10-01 14:02:25,47200.0,300.0,8852100.0
1846,2021-10-01 14:02:23,47250.0,1000.0,8851800.0
1847,2021-10-01 14:02:22,47250.0,10000.0,8850800.0
1848,2021-10-01 14:02:15,47200.0,100.0,8840800.0
1849,2021-10-01 14:02:15,47200.0,100.0,8840700.0
1850,2021-10-01 14:02:13,47200.0,300.0,8840600.0
1851,2021-10-01 14:02:13,47200.0,700.0,8840300.0
1852,2021-10-01 14:02:12,47250.0,200.0,8839600.0
1853,2021-10-01 14:02:12,47250.0,300.0,8839400.0
1854,2021-10-01 14:01:56,47200.0,200.0,8839100.0
1855,2021-10-01 14:01:50,47250.0,400.0,8838900.0
1856,2021-10-01 14:01:50,47200.0,100.0,8838500.0
1857,2021-10-01 14:01:46,47150.0,4000.0,8838400.0
1858,2021-10-01 14:01:46,47150.0,5000.0,8834400.0
1859,2021-10-01 14:01:46,47150.0,300.0,8829400.0
1860,2021-10-01 14:01:46,47150.0,100.0,8829100.0
1861,2021-10-01 14:01:46,47200.0,10000.0,8829000.0
1862,2021-10-01 14:01:46,47200.0,500.0,8819000.0
1863,2021-10-01 14:01:46,47200.0,100.0,8818500.0
1864,2021-10-01 14:01:44,47250.0,100.0,8818400.0
1865,2021-10-01 14:01:43,47250.0,200.0,8818300.0
1866,2021-10-01 14:01:32,47300.0,1000.0,8818100.0
1867,2021-10-01 14:01:32,47300.0,2000.0,8817100.0
1868,2021-10-01 14:01:32,47300.0,300.0,8815100.0
1869,2021-10-01 14:01:32,47300.0,1000.0,8814800.0
1870,2021-10-01 14:01:32,47300.0,200.0,8813800.0
1871,2021-10-01 14:01:32,47300.0,6000.0,8813600.0
1872,2021-10-01 14:01:32,47300.0,300.0,8807600.0
1873,2021-10-01 14:01:32,47300.0,100.0,8807300.0
1874,2021-10-01 14:01:32,47300.0,200.0,8807200.0
1875,2021-10-01 14:01:32,47300.0,100.0,8807000.0
1876,2021-10-01 14:01:32,47300.0,100.0,8806900.0
1877,2021-10-01 14:01:32,47300.0,100.0,8806800.0
1878,2021-10-01 14:01:32,47300.0,100.0,8806700.0
1879,2021-10-01 14:01:32,47300.0,500.0,8806600.0
1880,2021-10-01 14:01:32,47300.0,200.0,8806100.0
1881,2021-10-01 14:01:32,47300.0,500.0,8805900.0
1882,2021-10-01 14:01:32,47300.0,200.0,8805400.0
1883,2021-10-01 14:01:32,47300.0,100.0,8805200.0
1884,2021-10-01 14:01:32,47300.0,100.0,8805100.0
1885,2021-10-01 14:01:32,47300.0,1000.0,8805000.0
1886,2021-10-01 14:01:32,47300.0,5500.0,8804000.0
1887,2021-10-01 14:01:32,47300.0,300.0,8798500.0
1888,2021-10-01 14:01:32,47250.0,10100.0,8798200.0
1889,2021-10-01 14:01:31,47250.0,1000.0,8788100.0
1890,2021-10-01 14:01:26,47250.0,100.0,8787100.0
1891,2021-10-01 14:01:19,47200.0,1000.0,8787000.0
1892,2021-10-01 14:01:19,47150.0,100.0,8786000.0
1893,2021-10-01 14:01:19,47150.0,400.0,8785900.0
1894,2021-10-01 14:01:19,47150.0,100.0,8785500.0
1895,2021-10-01 14:01:19,47150.0,300.0,8785400.0
1896,2021-10-01 14:01:19,47150.0,5000.0,8785100.0
1897,2021-10-01 14:01:15,47150.0,4000.0,8780100.0
1898,2021-10-01 14:01:14,47150.0,2000.0,8776100.0
1899,2021-10-01 14:01:14,47150.0,3700.0,8774100.0
1900,2021-10-01 14:01:14,47150.0,1200.0,8770400.0
1901,2021-10-01 14:01:13,47150.0,1000.0,8769200.0
1902,2021-10-01 14:01:12,47150.0,400.0,8768200.0
1903,2021-10-01 14:01:11,47150.0,1000.0,8767800.0
1904,2021-10-01 14:01:10,47150.0,10500.0,8766800.0
1905,2021-10-01 14:01:09,47150.0,2000.0,8756300.0
1906,2021-10-01 14:01:09,47150.0,100.0,8754300.0
1907,2021-10-01 14:01:03,47100.0,100.0,8754200.0
1908,2021-10-01 14:01:00,47150.0,500.0,8754100.0
1909,2021-10-01 14:00:58,47150.0,500.0,8753600.0
1910,2021-10-01 14:00:57,47150.0,2000.0,8753100.0
1911,2021-10-01 14:00:55,47150.0,500.0,8751100.0
1912,2021-10-01 14:00:54,47150.0,2000.0,8750600.0
1913,2021-10-01 14:00:54,47150.0,1000.0,8748600.0
1914,2021-10-01 14:00:52,47150.0,1000.0,8747600.0
1915,2021-10-01 14:00:52,47150.0,200.0,8746600.0
1916,2021-10-01 14:00:52,47150.0,100.0,8746400.0
1917,2021-10-01 14:00:50,47150.0,2000.0,8746300.0
1918,2021-10-01 14:00:46,47150.0,6000.0,8744300.0
1919,2021-10-01 14:00:40,47150.0,200.0,8738300.0
1920,2021-10-01 14:00:40,47150.0,900.0,8738100.0
1921,2021-10-01 14:00:40,47150.0,300.0,8737200.0
1922,2021-10-01 14:00:40,47200.0,1600.0,8736900.0
1923,2021-10-01 14:00:38,47150.0,100.0,8735300.0
1924,2021-10-01 14:00:38,47150.0,100.0,8735200.0
1925,2021-10-01 14:00:35,47300.0,2000.0,8735100.0
1926,2021-10-01 14:00:35,47150.0,1900.0,8733100.0
1927,2021-10-01 14:00:35,47150.0,100.0,8731200.0
1928,2021-10-01 14:00:33,47150.0,100.0,8731100.0
1929,2021-10-01 14:00:33,47300.0,700.0,8731000.0
1930,2021-10-01 14:00:33,47300.0,100.0,8730300.0
1931,2021-10-01 14:00:33,47300.0,600.0,8730200.0
1932,2021-10-01 14:00:33,47250.0,1000.0,8729600.0
1933,2021-10-01 14:00:33,47250.0,300.0,8728600.0
1934,2021-10-01 14:00:33,47250.0,800.0,8728300.0
1935,2021-10-01 14:00:33,47250.0,1000.0,8727500.0
1936,2021-10-01 14:00:33,47250.0,200.0,8726500.0
1937,2021-10-01 14:00:33,47250.0,1000.0,8726300.0
1938,2021-10-01 14:00:33,47250.0,10000.0,8725300.0
1939,2021-10-01 14:00:33,47250.0,100.0,8715300.0
1940,2021-10-01 14:00:33,47250.0,10000.0,8715200.0
1941,2021-10-01 14:00:33,47250.0,400.0,8705200.0
1942,2021-10-01 14:00:33,47250.0,100.0,8704800.0
1943,2021-10-01 14:00:33,47250.0,500.0,8704700.0
1944,2021-10-01 14:00:33,47250.0,200.0,8704200.0
1945,2021-10-01 14:00:33,47250.0,100.0,8704000.0
1946,2021-10-01 14:00:33,47250.0,3000.0,8703900.0
1947,2021-10-01 14:00:33,47250.0,1000.0,8700900.0
1948,2021-10-01 14:00:33,47250.0,100.0,8699900.0
1949,2021-10-01 14:00:33,47250.0,100.0,8699800.0
1950,2021-10-01 14:00:33,47250.0,500.0,8699700.0
1951,2021-10-01 14:00:33,47250.0,500.0,8699200.0
1952,2021-10-01 14:00:33,47250.0,1500.0,8698700.0
1953,2021-10-01 14:00:33,47250.0,100.0,8697200.0
1954,2021-10-01 14:00:33,47250.0,200.0,8697100.0
1955,2021-10-01 14:00:33,47250.0,300.0,8696900.0
1956,2021-10-01 14:00:33,47250.0,200.0,8696600.0
1957,2021-10-01 14:00:33,47250.0,1000.0,8696400.0
1958,2021-10-01 14:00:33,47250.0,200.0,8695400.0
1959,2021-10-01 14:00:33,47250.0,1000.0,8695200.0
1960,2021-10-01 14:00:33,47200.0,46200.0,8694200.0
1961,2021-10-01 14:00:33,47200.0,1300.0,8648000.0
1962,2021-10-01 14:00:33,47200.0,500.0,8646700.0
1963,2021-10-01 14:00:33,47200.0,5000.0,8646200.0
1964,2021-10-01 14:00:33,47200.0,400.0,8641200.0
1965,2021-10-01 14:00:33,47200.0,400.0,8640800.0
1966,2021-10-01 14:00:33,47200.0,100.0,8640400.0
1967,2021-10-01 14:00:33,47200.0,300.0,8640300.0
1968,2021-10-01 14:00:33,47200.0,500.0,8640000.0
1969,2021-10-01 14:00:33,47200.0,100.0,8639500.0
1970,2021-10-01 14:00:33,47200.0,3300.0,8639400.0
1971,2021-10-01 14:00:33,47200.0,200.0,8636100.0
1972,2021-10-01 14:00:33,47200.0,200.0,8635900.0
1973,2021-10-01 14:00:33,47200.0,300.0,8635700.0
1974,2021-10-01 14:00:33,47200.0,100.0,8635400.0
1975,2021-10-01 14:00:33,47200.0,600.0,8635300.0
1976,2021-10-01 14:00:33,47200.0,2400.0,8634700.0
1977,2021-10-01 14:00:33,47200.0,3600.0,8632300.0
1978,2021-10-01 14:00:33,47200.0,100.0,8628700.0
1979,2021-10-01 14:00:33,47200.0,700.0,8628600.0
1980,2021-10-01 14:00:33,47200.0,300.0,8627900.0
1981,2021-10-01 14:00:33,47200.0,100.0,8627600.0
1982,2021-10-01 14:00:33,47200.0,5000.0,8627500.0
1983,2021-10-01 14:00:33,47200.0,5000.0,8622500.0
1984,2021-10-01 14:00:33,47200.0,300.0,8617500.0
1985,2021-10-01 14:00:33,47200.0,1000.0,8617200.0
1986,2021-10-01 14:00:33,47200.0,200.0,8616200.0
1987,2021-10-01 14:00:33,47200.0,3000.0,8616000.0
1988,2021-10-01 14:00:33,47200.0,10000.0,8613000.0
1989,2021-10-01 14:00:33,47200.0,200.0,8603000.0
1990,2021-10-01 14:00:33,47200.0,800.0,8602800.0
1991,2021-10-01 14:00:33,47200.0,1200.0,8602000.0
1992,2021-10-01 14:00:33,47200.0,2000.0,8600800.0
1993,2021-10-01 14:00:33,47200.0,2000.0,8598800.0
1994,2021-10-01 14:00:33,47200.0,100.0,8596800.0
1995,2021-10-01 14:00:33,47200.0,500.0,8596700.0
1996,2021-10-01 14:00:33,47200.0,2000.0,8596200.0
1997,2021-10-01 14:00:33,47200.0,200.0,8594200.0
1998,2021-10-01 14:00:33,47200.0,100.0,8594000.0
1999,2021-10-01 14:00:33,47200.0,100.0,8593900.0
2000,2021-10-01 14:00:33,47200.0,100.0,8593800.0
2001,2021-10-01 14:00:33,47200.0,500.0,8593700.0
2002,2021-10-01 14:00:33,47200.0,900.0,8593200.0
2003,2021-10-01 14:00:33,47200.0,1500.0,8592300.0
2004,2021-10-01 14:00:33,47200.0,200.0,8590800.0
2005,2021-10-01 14:00:33,47200.0,20000.0,8590600.0
2006,2021-10-01 14:00:33,47200.0,100.0,8570600.0
2007,2021-10-01 14:00:33,47200.0,300.0,8570500.0
2008,2021-10-01 14:00:33,47200.0,100.0,8570200.0
2009,2021-10-01 14:00:33,47200.0,500.0,8570100.0
2010,2021-10-01 14:00:33,47200.0,100.0,8569600.0
2011,2021-10-01 14:00:33,47200.0,200.0,8569500.0
2012,2021-10-01 14:00:33,47200.0,800.0,8569300.0
2013,2021-10-01 14:00:33,47200.0,800.0,8568500.0
2014,2021-10-01 14:00:33,47200.0,2500.0,8567700.0
2015,2021-10-01 14:00:33,47200.0,100.0,8565200.0
2016,2021-10-01 14:00:33,47200.0,200.0,8565100.0
2017,2021-10-01 14:00:33,47200.0,300.0,8564900.0
2018,2021-10-01 14:00:33,47200.0,600.0,8564600.0
2019,2021-10-01 14:00:33,47200.0,300.0,8564000.0
2020,2021-10-01 14:00:33,47200.0,200.0,8563700.0
2021,2021-10-01 14:00:33,47200.0,100.0,8563500.0
2022,2021-10-01 14:00:33,47200.0,500.0,8563400.0
2023,2021-10-01 14:00:33,47200.0,300.0,8562900.0
2024,2021-10-01 14:00:33,47200.0,400.0,8562600.0
