,Time,Price,Volume_per_trade,Volume
0,2021-10-18 07:45:00,18050.0,2500.0,481000.0
1,2021-10-18 07:45:00,18050.0,2500.0,478500.0
2,2021-10-18 07:45:00,18050.0,400.0,476000.0
3,2021-10-18 07:45:00,18050.0,300.0,475600.0
4,2021-10-18 07:45:00,18050.0,7800.0,475300.0
5,2021-10-18 07:45:00,18050.0,2000.0,467500.0
6,2021-10-18 07:45:00,18050.0,200.0,465500.0
7,2021-10-18 07:45:00,18050.0,2300.0,465300.0
8,2021-10-18 07:45:00,18050.0,1500.0,463000.0
9,2021-10-18 07:45:00,18050.0,2000.0,461500.0
10,2021-10-18 07:45:00,18050.0,1100.0,459500.0
11,2021-10-18 07:45:00,18050.0,1000.0,458400.0
12,2021-10-18 07:45:00,18050.0,400.0,457400.0
13,2021-10-18 07:29:38,18000.0,5100.0,457000.0
14,2021-10-18 07:29:38,18000.0,1000.0,451900.0
15,2021-10-18 07:29:38,18000.0,3900.0,450900.0
16,2021-10-18 07:29:32,18050.0,2000.0,447000.0
17,2021-10-18 07:29:26,18050.0,2000.0,445000.0
18,2021-10-18 07:29:08,18050.0,200.0,443000.0
19,2021-10-18 07:28:22,18050.0,200.0,442800.0
20,2021-10-18 07:28:16,18000.0,1800.0,442600.0
21,2021-10-18 07:28:12,18000.0,100.0,440800.0
22,2021-10-18 07:27:38,18000.0,2100.0,440700.0
23,2021-10-18 07:27:37,18000.0,2100.0,438600.0
24,2021-10-18 07:27:37,18000.0,2000.0,436500.0
25,2021-10-18 07:27:37,18000.0,900.0,434500.0
26,2021-10-18 07:27:31,18000.0,500.0,433600.0
27,2021-10-18 07:27:12,18000.0,8600.0,433100.0
28,2021-10-18 07:27:12,18000.0,100.0,424500.0
29,2021-10-18 07:27:04,18000.0,100.0,424400.0
30,2021-10-18 07:27:04,18000.0,500.0,424300.0
31,2021-10-18 07:27:04,18000.0,200.0,423800.0
32,2021-10-18 07:27:01,18000.0,100.0,423600.0
33,2021-10-18 07:25:58,18000.0,100.0,423500.0
34,2021-10-18 07:25:50,18000.0,600.0,423400.0
35,2021-10-18 07:25:50,18000.0,200.0,422800.0
36,2021-10-18 07:25:46,18000.0,800.0,422600.0
37,2021-10-18 07:25:46,18000.0,500.0,421800.0
38,2021-10-18 07:25:46,18000.0,1200.0,421300.0
39,2021-10-18 07:25:43,18000.0,400.0,420100.0
40,2021-10-18 07:25:40,18000.0,500.0,419700.0
41,2021-10-18 07:25:10,18000.0,600.0,419200.0
42,2021-10-18 07:24:20,18000.0,7300.0,418600.0
43,2021-10-18 07:24:20,18000.0,700.0,411300.0
44,2021-10-18 07:23:20,18050.0,200.0,410600.0
45,2021-10-18 07:19:07,18050.0,300.0,410400.0
46,2021-10-18 07:18:23,18000.0,300.0,410100.0
47,2021-10-18 07:18:23,18000.0,100.0,409800.0
48,2021-10-18 07:18:23,18000.0,200.0,409700.0
49,2021-10-18 07:18:23,18000.0,700.0,409500.0
50,2021-10-18 07:18:23,18000.0,100.0,408800.0
51,2021-10-18 07:18:23,18000.0,1800.0,408700.0
52,2021-10-18 07:18:23,18000.0,200.0,406900.0
53,2021-10-18 07:18:23,18000.0,100.0,406700.0
54,2021-10-18 07:18:23,18000.0,200.0,406600.0
55,2021-10-18 07:18:23,18000.0,300.0,406400.0
56,2021-10-18 07:18:23,18000.0,100.0,406100.0
57,2021-10-18 07:18:23,18000.0,1000.0,406000.0
58,2021-10-18 07:18:23,18000.0,200.0,405000.0
59,2021-10-18 07:18:23,18000.0,700.0,404800.0
60,2021-10-18 07:18:23,18000.0,500.0,404100.0
61,2021-10-18 07:18:23,18000.0,500.0,403600.0
62,2021-10-18 07:18:23,18000.0,100.0,403100.0
63,2021-10-18 07:18:23,18000.0,300.0,403000.0
64,2021-10-18 07:18:23,18000.0,2000.0,402700.0
65,2021-10-18 07:18:23,18000.0,100.0,400700.0
66,2021-10-18 07:18:23,18000.0,200.0,400600.0
67,2021-10-18 07:18:23,18000.0,300.0,400400.0
68,2021-10-18 07:16:58,18000.0,1200.0,400100.0
69,2021-10-18 07:16:58,18000.0,100.0,398900.0
70,2021-10-18 07:16:58,18000.0,200.0,398800.0
71,2021-10-18 07:16:58,18000.0,1100.0,398600.0
72,2021-10-18 07:16:19,18000.0,900.0,397500.0
73,2021-10-18 07:16:12,18000.0,2000.0,396600.0
74,2021-10-18 07:15:08,18000.0,4000.0,394600.0
75,2021-10-18 07:15:08,18000.0,500.0,390600.0
76,2021-10-18 07:15:08,18000.0,3000.0,390100.0
77,2021-10-18 07:15:08,18000.0,200.0,387100.0
78,2021-10-18 07:15:08,18000.0,500.0,386900.0
79,2021-10-18 07:15:08,18000.0,1000.0,386400.0
80,2021-10-18 07:15:08,18000.0,400.0,385400.0
81,2021-10-18 07:15:08,18000.0,200.0,385000.0
82,2021-10-18 07:15:08,18000.0,100.0,384800.0
83,2021-10-18 07:15:08,18000.0,100.0,384700.0
84,2021-10-18 07:15:07,18000.0,400.0,384600.0
85,2021-10-18 07:15:07,18000.0,900.0,384200.0
86,2021-10-18 07:15:07,18000.0,100.0,383300.0
87,2021-10-18 07:15:07,18000.0,200.0,383200.0
88,2021-10-18 07:15:07,18000.0,100.0,383000.0
89,2021-10-18 07:15:07,18000.0,200.0,382900.0
90,2021-10-18 07:14:08,18000.0,100.0,382700.0
91,2021-10-18 07:14:08,18000.0,2000.0,382600.0
92,2021-10-18 07:14:08,18000.0,200.0,380600.0
93,2021-10-18 07:14:08,18000.0,2700.0,380400.0
94,2021-10-18 07:12:49,18000.0,4300.0,377700.0
95,2021-10-18 07:12:49,18000.0,500.0,373400.0
96,2021-10-18 07:12:49,18000.0,500.0,372900.0
97,2021-10-18 07:12:49,18000.0,500.0,372400.0
98,2021-10-18 07:12:49,18000.0,1000.0,371900.0
99,2021-10-18 07:12:49,18000.0,600.0,370900.0
100,2021-10-18 07:12:49,18050.0,100.0,370300.0
101,2021-10-18 07:12:49,18050.0,100.0,370200.0
102,2021-10-18 07:12:49,18050.0,1000.0,370100.0
103,2021-10-18 07:12:49,18050.0,500.0,369100.0
104,2021-10-18 07:12:49,18050.0,300.0,368600.0
105,2021-10-18 07:12:49,18050.0,2600.0,368300.0
106,2021-10-18 07:04:16,18100.0,100.0,365700.0
107,2021-10-18 07:04:04,18100.0,2000.0,365600.0
108,2021-10-18 07:01:38,18050.0,2400.0,363600.0
109,2021-10-18 07:01:32,18050.0,1000.0,361200.0
110,2021-10-18 06:59:47,18050.0,500.0,360200.0
111,2021-10-18 06:59:19,18050.0,300.0,359700.0
112,2021-10-18 06:59:19,18050.0,500.0,359400.0
113,2021-10-18 06:59:19,18050.0,500.0,358900.0
114,2021-10-18 06:59:19,18050.0,800.0,358400.0
115,2021-10-18 06:58:10,18050.0,200.0,357600.0
116,2021-10-18 06:52:57,18000.0,400.0,357400.0
117,2021-10-18 06:52:57,18000.0,100.0,357000.0
118,2021-10-18 06:52:57,18000.0,800.0,356900.0
119,2021-10-18 06:52:57,18050.0,2700.0,356100.0
120,2021-10-18 06:52:44,18050.0,300.0,353400.0
121,2021-10-18 06:52:44,18050.0,1000.0,353100.0
122,2021-10-18 06:52:44,18050.0,500.0,352100.0
123,2021-10-18 06:52:44,18050.0,300.0,351600.0
124,2021-10-18 06:52:44,18050.0,200.0,351300.0
125,2021-10-18 06:52:44,18100.0,500.0,351100.0
126,2021-10-18 06:52:44,18100.0,500.0,350600.0
127,2021-10-18 06:52:44,18100.0,200.0,350100.0
128,2021-10-18 06:52:44,18100.0,500.0,349900.0
129,2021-10-18 06:52:37,18100.0,500.0,349400.0
130,2021-10-18 06:49:35,18100.0,1000.0,348900.0
131,2021-10-18 06:49:35,18100.0,200.0,347900.0
132,2021-10-18 06:49:35,18100.0,2000.0,347700.0
133,2021-10-18 06:49:35,18100.0,1000.0,345700.0
134,2021-10-18 06:49:35,18100.0,200.0,344700.0
135,2021-10-18 06:46:29,18050.0,1800.0,344500.0
136,2021-10-18 06:46:29,18050.0,3200.0,342700.0
137,2021-10-18 06:45:52,18050.0,200.0,339500.0
138,2021-10-18 06:45:34,18050.0,700.0,339300.0
139,2021-10-18 06:45:34,18050.0,1000.0,338600.0
140,2021-10-18 06:45:34,18050.0,1000.0,337600.0
141,2021-10-18 06:45:34,18050.0,300.0,336600.0
142,2021-10-18 06:45:34,18050.0,1100.0,336300.0
143,2021-10-18 06:45:34,18050.0,1500.0,335200.0
144,2021-10-18 06:44:51,18050.0,1400.0,333700.0
145,2021-10-18 06:44:04,18100.0,700.0,332300.0
146,2021-10-18 06:42:04,18050.0,300.0,331600.0
147,2021-10-18 06:39:57,18050.0,1500.0,331300.0
148,2021-10-18 06:39:57,18050.0,300.0,329800.0
149,2021-10-18 06:38:15,18000.0,3200.0,329500.0
150,2021-10-18 06:38:15,18000.0,200.0,326300.0
151,2021-10-18 06:38:15,18000.0,500.0,326100.0
152,2021-10-18 06:38:15,18050.0,3000.0,325600.0
153,2021-10-18 06:38:15,18050.0,500.0,322600.0
154,2021-10-18 06:38:15,18050.0,1000.0,322100.0
155,2021-10-18 06:38:15,18050.0,400.0,321100.0
156,2021-10-18 06:38:15,18050.0,500.0,320700.0
157,2021-10-18 06:38:15,18050.0,700.0,320200.0
158,2021-10-18 06:35:06,18100.0,9100.0,319500.0
159,2021-10-18 06:35:06,18100.0,900.0,310400.0
160,2021-10-18 06:34:11,18100.0,500.0,309500.0
161,2021-10-18 06:34:11,18100.0,2600.0,309000.0
162,2021-10-18 06:33:10,18100.0,100.0,306400.0
163,2021-10-18 06:33:10,18100.0,9900.0,306300.0
164,2021-10-18 06:29:08,18100.0,100.0,296400.0
165,2021-10-18 06:25:34,18150.0,200.0,296300.0
166,2021-10-18 06:24:54,18150.0,400.0,296100.0
167,2021-10-18 06:24:54,18150.0,1600.0,295700.0
168,2021-10-18 06:23:55,18150.0,1400.0,294100.0
169,2021-10-18 06:23:55,18150.0,1000.0,292700.0
170,2021-10-18 06:23:55,18100.0,1000.0,291700.0
171,2021-10-18 06:22:38,18100.0,10000.0,290700.0
172,2021-10-18 06:22:27,18100.0,100.0,280700.0
173,2021-10-18 06:21:25,18100.0,500.0,280600.0
174,2021-10-18 06:21:24,18100.0,100.0,280100.0
175,2021-10-18 06:21:24,18100.0,600.0,280000.0
176,2021-10-18 06:21:24,18100.0,700.0,279400.0
177,2021-10-18 06:20:40,18100.0,800.0,278700.0
178,2021-10-18 06:19:55,18100.0,500.0,277900.0
179,2021-10-18 06:18:56,18100.0,800.0,277400.0
180,2021-10-18 06:17:46,18050.0,300.0,276600.0
181,2021-10-18 06:17:11,18050.0,200.0,276300.0
182,2021-10-18 06:15:18,18000.0,800.0,276100.0
183,2021-10-18 06:15:01,18000.0,200.0,275300.0
184,2021-10-18 06:15:01,18000.0,1000.0,275100.0
185,2021-10-18 06:14:51,18000.0,3800.0,274100.0
186,2021-10-18 06:14:47,18000.0,1000.0,270300.0
187,2021-10-18 06:14:37,18000.0,100.0,269300.0
188,2021-10-18 06:14:37,18000.0,100.0,269200.0
189,2021-10-18 06:14:19,18000.0,300.0,269100.0
190,2021-10-18 06:14:19,18000.0,100.0,268800.0
191,2021-10-18 06:14:19,18000.0,400.0,268700.0
192,2021-10-18 06:14:19,18000.0,2700.0,268300.0
193,2021-10-18 06:14:19,18000.0,200.0,265600.0
194,2021-10-18 06:14:19,18000.0,100.0,265400.0
195,2021-10-18 06:14:19,18000.0,500.0,265300.0
196,2021-10-18 06:14:19,18000.0,500.0,264800.0
197,2021-10-18 06:14:19,18000.0,100.0,264300.0
198,2021-10-18 06:14:19,18000.0,100.0,264200.0
199,2021-10-18 06:13:21,18000.0,400.0,264100.0
200,2021-10-18 06:13:21,18000.0,200.0,263700.0
201,2021-10-18 06:13:21,18000.0,700.0,263500.0
202,2021-10-18 06:13:21,18000.0,100.0,262800.0
203,2021-10-18 06:13:21,18000.0,100.0,262700.0
204,2021-10-18 06:13:21,18000.0,200.0,262600.0
205,2021-10-18 06:13:21,18000.0,300.0,262400.0
206,2021-10-18 06:13:02,18000.0,200.0,262100.0
207,2021-10-18 06:13:02,18000.0,1100.0,261900.0
208,2021-10-18 06:13:02,18000.0,200.0,260800.0
209,2021-10-18 06:13:02,18000.0,200.0,260600.0
210,2021-10-18 06:13:02,18000.0,100.0,260400.0
211,2021-10-18 06:13:02,18000.0,1000.0,260300.0
212,2021-10-18 06:13:02,18000.0,5000.0,259300.0
213,2021-10-18 06:13:02,18000.0,200.0,254300.0
214,2021-10-18 06:13:02,18000.0,100.0,254100.0
215,2021-10-18 06:13:02,18000.0,300.0,254000.0
216,2021-10-18 06:13:02,18000.0,400.0,253700.0
217,2021-10-18 06:13:02,18000.0,1500.0,253300.0
218,2021-10-18 06:12:36,18000.0,2500.0,251800.0
219,2021-10-18 06:12:36,18000.0,400.0,249300.0
220,2021-10-18 06:12:36,18000.0,100.0,248900.0
221,2021-10-18 06:12:36,18000.0,400.0,248800.0
222,2021-10-18 06:12:36,18000.0,300.0,248400.0
223,2021-10-18 06:12:36,18000.0,500.0,248100.0
224,2021-10-18 06:12:36,18000.0,100.0,247600.0
225,2021-10-18 06:12:36,18000.0,500.0,247500.0
226,2021-10-18 06:12:36,18000.0,500.0,247000.0
227,2021-10-18 06:12:36,18000.0,500.0,246500.0
228,2021-10-18 06:12:36,18000.0,2000.0,246000.0
229,2021-10-18 06:12:36,18000.0,500.0,244000.0
230,2021-10-18 06:12:36,18000.0,100.0,243500.0
231,2021-10-18 06:12:36,18000.0,100.0,243400.0
232,2021-10-18 06:12:36,18000.0,1000.0,243300.0
233,2021-10-18 06:12:36,18000.0,600.0,242300.0
234,2021-10-18 06:12:36,18000.0,3000.0,241700.0
235,2021-10-18 06:12:36,18000.0,100.0,238700.0
236,2021-10-18 06:12:36,18000.0,500.0,238600.0
237,2021-10-18 06:12:36,18050.0,1000.0,238100.0
238,2021-10-18 06:12:36,18050.0,100.0,237100.0
239,2021-10-18 06:12:36,18050.0,200.0,237000.0
240,2021-10-18 06:12:36,18050.0,100.0,236800.0
241,2021-10-18 06:12:36,18050.0,100.0,236700.0
242,2021-10-18 06:12:36,18050.0,900.0,236600.0
243,2021-10-18 06:12:36,18050.0,100.0,235700.0
244,2021-10-18 06:12:36,18050.0,300.0,235600.0
245,2021-10-18 06:12:36,18050.0,1000.0,235300.0
246,2021-10-18 06:12:36,18050.0,100.0,234300.0
247,2021-10-18 06:12:36,18050.0,4000.0,234200.0
248,2021-10-18 06:12:36,18050.0,2000.0,230200.0
249,2021-10-18 06:12:36,18050.0,1000.0,228200.0
250,2021-10-18 06:12:36,18050.0,2000.0,227200.0
251,2021-10-18 06:12:36,18050.0,500.0,225200.0
252,2021-10-18 06:12:36,18050.0,500.0,224700.0
253,2021-10-18 06:12:36,18050.0,500.0,224200.0
254,2021-10-18 06:12:36,18050.0,1000.0,223700.0
255,2021-10-18 06:12:36,18050.0,300.0,222700.0
256,2021-10-18 06:12:36,18050.0,600.0,222400.0
257,2021-10-18 06:12:01,18100.0,2000.0,221800.0
258,2021-10-18 06:11:27,18100.0,300.0,219800.0
259,2021-10-18 06:11:15,18100.0,7700.0,219500.0
260,2021-10-18 06:10:21,18100.0,100.0,211800.0
261,2021-10-18 06:10:03,18100.0,100.0,211700.0
262,2021-10-18 06:09:50,18100.0,100.0,211600.0
263,2021-10-18 06:09:39,18100.0,2000.0,211500.0
264,2021-10-18 06:09:33,18100.0,100.0,209500.0
265,2021-10-18 06:06:41,18100.0,900.0,209400.0
266,2021-10-18 06:06:41,18100.0,3000.0,208500.0
267,2021-10-18 06:06:41,18100.0,3000.0,205500.0
268,2021-10-18 06:06:41,18100.0,100.0,202500.0
269,2021-10-18 06:06:41,18100.0,3000.0,202400.0
270,2021-10-18 06:06:41,18100.0,200.0,199400.0
271,2021-10-18 06:06:41,18100.0,100.0,199200.0
272,2021-10-18 06:06:41,18100.0,1000.0,199100.0
273,2021-10-18 06:06:41,18100.0,100.0,198100.0
274,2021-10-18 06:06:41,18100.0,100.0,198000.0
275,2021-10-18 06:06:41,18100.0,200.0,197900.0
276,2021-10-18 06:06:41,18100.0,100.0,197700.0
277,2021-10-18 06:06:41,18100.0,5000.0,197600.0
278,2021-10-18 06:06:41,18100.0,100.0,192600.0
279,2021-10-18 06:06:41,18100.0,10000.0,192500.0
280,2021-10-18 06:06:41,18100.0,1200.0,182500.0
281,2021-10-18 06:05:16,18150.0,700.0,181300.0
282,2021-10-18 06:00:46,18150.0,400.0,180600.0
283,2021-10-18 06:00:30,18150.0,500.0,180200.0
284,2021-10-18 06:00:30,18150.0,500.0,179700.0
285,2021-10-18 06:00:29,18150.0,1000.0,179200.0
286,2021-10-18 06:00:13,18150.0,100.0,178200.0
287,2021-10-18 06:00:12,18150.0,100.0,178100.0
288,2021-10-18 06:00:01,18200.0,1800.0,178000.0
289,2021-10-18 06:00:01,18200.0,10000.0,176200.0
290,2021-10-18 06:00:01,18200.0,600.0,166200.0
291,2021-10-18 06:00:01,18200.0,13400.0,165600.0
292,2021-10-18 06:00:01,18200.0,1000.0,152200.0
293,2021-10-18 06:00:01,18200.0,100.0,151200.0
294,2021-10-18 06:00:01,18200.0,500.0,151100.0
295,2021-10-18 06:00:01,18200.0,1000.0,150600.0
296,2021-10-18 06:00:01,18200.0,1000.0,149600.0
297,2021-10-18 06:00:01,18200.0,500.0,148600.0
298,2021-10-18 06:00:01,18200.0,4000.0,148100.0
299,2021-10-18 06:00:01,18150.0,2000.0,144100.0
300,2021-10-18 06:00:01,18150.0,100.0,142100.0
301,2021-10-18 06:00:01,18150.0,400.0,142000.0
302,2021-10-18 04:28:42,18150.0,100.0,141600.0
303,2021-10-18 04:27:16,18150.0,2100.0,141500.0
304,2021-10-18 04:27:14,18150.0,3500.0,139400.0
305,2021-10-18 04:24:48,18150.0,1000.0,135900.0
306,2021-10-18 04:24:48,18150.0,400.0,134900.0
307,2021-10-18 04:24:48,18150.0,3000.0,134500.0
308,2021-10-18 04:24:07,18150.0,2900.0,131500.0
309,2021-10-18 04:21:56,18150.0,1000.0,128600.0
310,2021-10-18 04:21:56,18150.0,200.0,127600.0
311,2021-10-18 04:18:27,18150.0,1300.0,127400.0
312,2021-10-18 04:18:27,18150.0,700.0,126100.0
313,2021-10-18 04:17:30,18150.0,1400.0,125400.0
314,2021-10-18 04:17:30,18150.0,1000.0,124000.0
315,2021-10-18 04:17:08,18150.0,300.0,123000.0
316,2021-10-18 04:17:08,18150.0,2500.0,122700.0
317,2021-10-18 04:17:08,18150.0,200.0,120200.0
318,2021-10-18 04:17:08,18150.0,300.0,120000.0
319,2021-10-18 04:17:08,18150.0,700.0,119700.0
320,2021-10-18 04:12:44,18150.0,800.0,119000.0
321,2021-10-18 04:07:34,18150.0,100.0,118200.0
322,2021-10-18 04:06:05,18150.0,400.0,118100.0
323,2021-10-18 04:06:05,18150.0,1700.0,117700.0
324,2021-10-18 04:00:17,18150.0,100.0,116000.0
325,2021-10-18 04:00:17,18150.0,400.0,115900.0
326,2021-10-18 04:00:08,18150.0,300.0,115500.0
327,2021-10-18 04:00:02,18150.0,300.0,115200.0
328,2021-10-18 04:00:02,18150.0,500.0,114900.0
329,2021-10-18 04:00:02,18150.0,2000.0,114400.0
330,2021-10-18 04:00:02,18150.0,100.0,112400.0
331,2021-10-18 04:00:02,18150.0,100.0,112300.0
332,2021-10-18 04:00:02,18150.0,1000.0,112200.0
333,2021-10-18 04:00:02,18150.0,1000.0,111200.0
334,2021-10-18 04:00:02,18150.0,200.0,110200.0
335,2021-10-18 03:59:52,18150.0,700.0,110000.0
336,2021-10-18 03:59:42,18150.0,200.0,109300.0
337,2021-10-18 03:59:41,18150.0,100.0,109100.0
338,2021-10-18 03:59:33,18150.0,5000.0,109000.0
339,2021-10-18 03:57:14,18150.0,100.0,104000.0
340,2021-10-18 03:55:51,18150.0,2700.0,103900.0
341,2021-10-18 03:55:51,18150.0,300.0,101200.0
342,2021-10-18 03:52:55,18150.0,200.0,100900.0
343,2021-10-18 03:52:39,18200.0,100.0,100700.0
344,2021-10-18 03:50:14,18200.0,300.0,100600.0
345,2021-10-18 03:47:26,18200.0,1000.0,100300.0
346,2021-10-18 03:46:30,18200.0,600.0,99300.0
347,2021-10-18 03:46:30,18200.0,400.0,98700.0
348,2021-10-18 03:40:32,18150.0,100.0,98300.0
349,2021-10-18 03:40:10,18150.0,100.0,98200.0
350,2021-10-18 03:40:10,18150.0,300.0,98100.0
351,2021-10-18 03:40:07,18100.0,800.0,97800.0
352,2021-10-18 03:40:07,18100.0,500.0,97000.0
353,2021-10-18 03:40:07,18100.0,200.0,96500.0
354,2021-10-18 03:40:07,18100.0,500.0,96300.0
355,2021-10-18 03:39:54,18150.0,4000.0,95800.0
356,2021-10-18 03:39:54,18150.0,5000.0,91800.0
357,2021-10-18 03:39:46,18100.0,500.0,86800.0
358,2021-10-18 03:35:39,18150.0,200.0,86300.0
359,2021-10-18 03:35:22,18150.0,500.0,86100.0
360,2021-10-18 03:33:39,18100.0,1000.0,85600.0
361,2021-10-18 03:33:26,18150.0,300.0,84600.0
362,2021-10-18 03:33:22,18150.0,100.0,84300.0
363,2021-10-18 03:33:22,18150.0,1500.0,84200.0
364,2021-10-18 03:33:22,18150.0,400.0,82700.0
365,2021-10-18 03:33:20,18200.0,100.0,82300.0
366,2021-10-18 03:33:20,18200.0,200.0,82200.0
367,2021-10-18 03:30:44,18200.0,300.0,82000.0
368,2021-10-18 03:30:44,18200.0,1000.0,81700.0
369,2021-10-18 03:30:44,18200.0,2000.0,80700.0
370,2021-10-18 03:30:44,18200.0,600.0,78700.0
371,2021-10-18 03:30:44,18200.0,100.0,78100.0
372,2021-10-18 03:30:27,18150.0,1000.0,78000.0
373,2021-10-18 03:27:21,18150.0,1100.0,77000.0
374,2021-10-18 03:21:50,18150.0,1000.0,75900.0
375,2021-10-18 03:21:11,18200.0,900.0,74900.0
376,2021-10-18 03:20:24,18200.0,1000.0,74000.0
377,2021-10-18 03:17:50,18200.0,1100.0,73000.0
378,2021-10-18 03:17:50,18200.0,1400.0,71900.0
379,2021-10-18 03:16:39,18250.0,1600.0,70500.0
380,2021-10-18 03:13:19,18200.0,100.0,68900.0
381,2021-10-18 03:10:35,18200.0,400.0,68800.0
382,2021-10-18 03:10:19,18200.0,600.0,68400.0
383,2021-10-18 03:10:19,18200.0,100.0,67800.0
384,2021-10-18 03:09:08,18250.0,100.0,67700.0
385,2021-10-18 03:09:08,18250.0,300.0,67600.0
386,2021-10-18 03:08:25,18250.0,600.0,67300.0
387,2021-10-18 03:03:14,18250.0,100.0,66700.0
388,2021-10-18 03:03:14,18250.0,400.0,66600.0
389,2021-10-18 03:02:35,18200.0,400.0,66200.0
390,2021-10-18 03:00:43,18200.0,1500.0,65800.0
391,2021-10-18 02:58:06,18200.0,500.0,64300.0
392,2021-10-18 02:55:04,18200.0,800.0,63800.0
393,2021-10-18 02:55:04,18200.0,200.0,63000.0
394,2021-10-18 02:55:04,18200.0,5000.0,62800.0
395,2021-10-18 02:48:59,18100.0,500.0,57800.0
396,2021-10-18 02:48:30,18100.0,2500.0,57300.0
397,2021-10-18 02:48:30,18100.0,1000.0,54800.0
398,2021-10-18 02:48:29,18100.0,400.0,53800.0
399,2021-10-18 02:46:07,18100.0,3600.0,53400.0
400,2021-10-18 02:45:53,18100.0,3500.0,49800.0
401,2021-10-18 02:44:47,18100.0,100.0,46300.0
402,2021-10-18 02:41:52,18050.0,300.0,46200.0
403,2021-10-18 02:40:30,18050.0,100.0,45900.0
404,2021-10-18 02:40:30,18050.0,500.0,45800.0
405,2021-10-18 02:40:30,18050.0,200.0,45300.0
406,2021-10-18 02:40:30,18050.0,1000.0,45100.0
407,2021-10-18 02:40:30,18050.0,3000.0,44100.0
408,2021-10-18 02:40:30,18050.0,200.0,41100.0
409,2021-10-18 02:39:37,18100.0,300.0,40900.0
410,2021-10-18 02:39:37,18100.0,300.0,40600.0
411,2021-10-18 02:39:37,18100.0,2000.0,40300.0
412,2021-10-18 02:39:37,18100.0,1200.0,38300.0
413,2021-10-18 02:36:56,18100.0,500.0,37100.0
414,2021-10-18 02:36:56,18100.0,300.0,36600.0
415,2021-10-18 02:36:50,18100.0,500.0,36300.0
416,2021-10-18 02:36:36,18050.0,200.0,35800.0
417,2021-10-18 02:36:36,18050.0,1000.0,35600.0
418,2021-10-18 02:36:36,18050.0,3800.0,34600.0
419,2021-10-18 02:36:36,18100.0,1000.0,30800.0
420,2021-10-18 02:36:31,18100.0,1200.0,29800.0
421,2021-10-18 02:36:10,18100.0,200.0,28600.0
422,2021-10-18 02:36:04,18100.0,400.0,28400.0
423,2021-10-18 02:33:16,18050.0,800.0,28000.0
424,2021-10-18 02:32:58,18050.0,400.0,27200.0
425,2021-10-18 02:32:58,18050.0,2000.0,26800.0
426,2021-10-18 02:32:58,18050.0,200.0,24800.0
427,2021-10-18 02:32:49,18100.0,100.0,24600.0
428,2021-10-18 02:32:49,18100.0,200.0,24500.0
429,2021-10-18 02:32:49,18100.0,1000.0,24300.0
430,2021-10-18 02:32:49,18100.0,100.0,23300.0
431,2021-10-18 02:32:14,18150.0,100.0,23200.0
432,2021-10-18 02:32:07,18150.0,1900.0,23100.0
433,2021-10-18 02:32:07,18150.0,100.0,21200.0
434,2021-10-18 02:31:29,18200.0,400.0,21100.0
435,2021-10-18 02:31:29,18200.0,900.0,20700.0
436,2021-10-18 02:29:36,18200.0,3600.0,19800.0
437,2021-10-18 02:23:15,18250.0,100.0,16200.0
438,2021-10-18 02:21:25,18250.0,700.0,16100.0
439,2021-10-18 02:21:25,18250.0,9300.0,15400.0
440,2021-10-18 02:19:19,18250.0,200.0,6100.0
441,2021-10-18 02:18:56,18300.0,100.0,5900.0
442,2021-10-18 02:18:56,18350.0,400.0,5800.0
443,2021-10-18 02:17:14,18350.0,100.0,5400.0
444,2021-10-18 02:16:57,18350.0,800.0,5300.0
445,2021-10-18 02:16:28,18350.0,1000.0,4500.0
446,2021-10-18 02:15:01,18300.0,2200.0,3500.0
447,2021-10-18 02:15:01,18300.0,300.0,1300.0
448,2021-10-18 02:15:01,18300.0,200.0,1000.0
449,2021-10-18 02:15:01,18300.0,400.0,800.0
450,2021-10-18 02:15:01,18300.0,400.0,400.0
