,Time,Price,Volume_per_trade,Volume
0,2021-10-22 07:45:01,18150.0,1000.0,389300.0
1,2021-10-22 07:45:01,18150.0,2000.0,388300.0
2,2021-10-22 07:45:01,18150.0,1100.0,386300.0
3,2021-10-22 07:45:01,18150.0,1000.0,385200.0
4,2021-10-22 07:45:01,18150.0,200.0,384200.0
5,2021-10-22 07:45:01,18150.0,1300.0,384000.0
6,2021-10-22 07:45:01,18150.0,700.0,382700.0
7,2021-10-22 07:45:01,18150.0,300.0,382000.0
8,2021-10-22 07:29:46,18150.0,400.0,381700.0
9,2021-10-22 07:29:39,18150.0,500.0,381300.0
10,2021-10-22 07:29:06,18150.0,1500.0,380800.0
11,2021-10-22 07:28:09,18150.0,500.0,379300.0
12,2021-10-22 07:27:54,18150.0,3500.0,378800.0
13,2021-10-22 07:27:36,18150.0,4800.0,375300.0
14,2021-10-22 07:27:18,18150.0,2000.0,370500.0
15,2021-10-22 07:27:09,18150.0,1000.0,368500.0
16,2021-10-22 07:26:42,18150.0,1000.0,367500.0
17,2021-10-22 07:26:09,18150.0,200.0,366500.0
18,2021-10-22 07:26:09,18150.0,1000.0,366300.0
19,2021-10-22 07:24:07,18150.0,3000.0,365300.0
20,2021-10-22 07:24:07,18150.0,200.0,362300.0
21,2021-10-22 07:24:07,18150.0,1000.0,362100.0
22,2021-10-22 07:24:07,18150.0,900.0,361100.0
23,2021-10-22 07:19:39,18150.0,100.0,360200.0
24,2021-10-22 07:19:39,18150.0,200.0,360100.0
25,2021-10-22 07:18:37,18150.0,300.0,359900.0
26,2021-10-22 07:18:17,18150.0,100.0,359600.0
27,2021-10-22 07:17:51,18100.0,300.0,359500.0
28,2021-10-22 07:16:25,18150.0,200.0,359200.0
29,2021-10-22 07:15:55,18150.0,200.0,359000.0
30,2021-10-22 07:15:14,18150.0,1000.0,358800.0
31,2021-10-22 07:15:02,18150.0,500.0,357800.0
32,2021-10-22 07:14:50,18150.0,1300.0,357300.0
33,2021-10-22 07:14:50,18150.0,700.0,356000.0
34,2021-10-22 07:14:25,18200.0,400.0,355300.0
35,2021-10-22 07:14:25,18200.0,500.0,354900.0
36,2021-10-22 07:14:25,18200.0,200.0,354400.0
37,2021-10-22 07:14:25,18200.0,800.0,354200.0
38,2021-10-22 07:13:34,18150.0,1000.0,353400.0
39,2021-10-22 07:13:11,18150.0,1000.0,352400.0
40,2021-10-22 07:12:41,18150.0,500.0,351400.0
41,2021-10-22 07:11:22,18150.0,100.0,350900.0
42,2021-10-22 07:11:22,18150.0,6700.0,350800.0
43,2021-10-22 07:11:08,18150.0,3300.0,344100.0
44,2021-10-22 07:11:08,18150.0,200.0,340800.0
45,2021-10-22 07:11:08,18150.0,1000.0,340600.0
46,2021-10-22 07:11:08,18150.0,500.0,339600.0
47,2021-10-22 07:11:00,18150.0,500.0,339100.0
48,2021-10-22 07:10:16,18150.0,100.0,338600.0
49,2021-10-22 07:08:13,18150.0,100.0,338500.0
50,2021-10-22 07:07:54,18150.0,100.0,338400.0
51,2021-10-22 07:05:54,18150.0,700.0,338300.0
52,2021-10-22 07:05:54,18150.0,200.0,337600.0
53,2021-10-22 07:02:55,18100.0,2200.0,337400.0
54,2021-10-22 07:00:40,18150.0,1000.0,335200.0
55,2021-10-22 07:00:40,18150.0,800.0,334200.0
56,2021-10-22 06:58:30,18150.0,200.0,333400.0
57,2021-10-22 06:58:30,18150.0,1000.0,333200.0
58,2021-10-22 06:55:16,18150.0,1100.0,332200.0
59,2021-10-22 06:55:16,18150.0,100.0,331100.0
60,2021-10-22 06:55:16,18150.0,400.0,331000.0
61,2021-10-22 06:55:16,18150.0,1000.0,330600.0
62,2021-10-22 06:55:16,18150.0,200.0,329600.0
63,2021-10-22 06:55:16,18150.0,600.0,329400.0
64,2021-10-22 06:54:18,18150.0,400.0,328800.0
65,2021-10-22 06:54:18,18150.0,200.0,328400.0
66,2021-10-22 06:54:18,18150.0,900.0,328200.0
67,2021-10-22 06:53:34,18200.0,100.0,327300.0
68,2021-10-22 06:46:30,18200.0,400.0,327200.0
69,2021-10-22 06:44:06,18200.0,1600.0,326800.0
70,2021-10-22 06:43:58,18150.0,100.0,325200.0
71,2021-10-22 06:43:58,18150.0,100.0,325100.0
72,2021-10-22 06:43:58,18150.0,100.0,325000.0
73,2021-10-22 06:43:58,18150.0,5000.0,324900.0
74,2021-10-22 06:43:58,18150.0,500.0,319900.0
75,2021-10-22 06:43:58,18150.0,2000.0,319400.0
76,2021-10-22 06:43:58,18150.0,2200.0,317400.0
77,2021-10-22 06:40:53,18200.0,400.0,315200.0
78,2021-10-22 06:40:53,18200.0,300.0,314800.0
79,2021-10-22 06:40:53,18200.0,1400.0,314500.0
80,2021-10-22 06:40:42,18200.0,1500.0,313100.0
81,2021-10-22 06:39:42,18200.0,100.0,311600.0
82,2021-10-22 06:39:42,18200.0,200.0,311500.0
83,2021-10-22 06:39:18,18200.0,200.0,311300.0
84,2021-10-22 06:39:18,18200.0,300.0,311100.0
85,2021-10-22 06:39:18,18200.0,3000.0,310800.0
86,2021-10-22 06:39:18,18200.0,4300.0,307800.0
87,2021-10-22 06:39:02,18200.0,100.0,303500.0
88,2021-10-22 06:38:00,18200.0,200.0,303400.0
89,2021-10-22 06:36:05,18200.0,200.0,303200.0
90,2021-10-22 06:35:17,18200.0,100.0,303000.0
91,2021-10-22 06:35:16,18150.0,2000.0,302900.0
92,2021-10-22 06:33:50,18200.0,2000.0,300900.0
93,2021-10-22 06:33:50,18200.0,3100.0,298900.0
94,2021-10-22 06:32:28,18200.0,800.0,295800.0
95,2021-10-22 06:29:00,18200.0,100.0,295000.0
96,2021-10-22 06:28:53,18200.0,1000.0,294900.0
97,2021-10-22 06:28:53,18200.0,100.0,293900.0
98,2021-10-22 06:28:53,18200.0,300.0,293800.0
99,2021-10-22 06:28:53,18200.0,600.0,293500.0
100,2021-10-22 06:27:07,18200.0,1400.0,292900.0
101,2021-10-22 06:27:07,18200.0,600.0,291500.0
102,2021-10-22 06:26:43,18200.0,400.0,290900.0
103,2021-10-22 06:26:43,18200.0,100.0,290500.0
104,2021-10-22 06:26:43,18200.0,500.0,290400.0
105,2021-10-22 06:24:23,18200.0,400.0,289900.0
106,2021-10-22 06:24:20,18200.0,100.0,289500.0
107,2021-10-22 06:23:53,18200.0,500.0,289400.0
108,2021-10-22 06:23:53,18200.0,500.0,288900.0
109,2021-10-22 06:23:53,18200.0,500.0,288400.0
110,2021-10-22 06:23:25,18200.0,1600.0,287900.0
111,2021-10-22 06:23:14,18200.0,500.0,286300.0
112,2021-10-22 06:22:19,18200.0,300.0,285800.0
113,2021-10-22 06:22:19,18200.0,200.0,285500.0
114,2021-10-22 06:22:12,18200.0,100.0,285300.0
115,2021-10-22 06:22:12,18200.0,100.0,285200.0
116,2021-10-22 06:21:58,18200.0,1000.0,285100.0
117,2021-10-22 06:20:34,18200.0,900.0,284100.0
118,2021-10-22 06:20:34,18200.0,1000.0,283200.0
119,2021-10-22 06:20:34,18200.0,100.0,282200.0
120,2021-10-22 06:19:28,18200.0,200.0,282100.0
121,2021-10-22 06:19:18,18200.0,100.0,281900.0
122,2021-10-22 06:19:04,18200.0,100.0,281800.0
123,2021-10-22 06:19:04,18200.0,100.0,281700.0
124,2021-10-22 06:18:57,18200.0,200.0,281600.0
125,2021-10-22 06:18:35,18200.0,200.0,281400.0
126,2021-10-22 06:18:06,18200.0,300.0,281200.0
127,2021-10-22 06:18:04,18150.0,600.0,280900.0
128,2021-10-22 06:17:17,18200.0,200.0,280300.0
129,2021-10-22 06:17:17,18200.0,1000.0,280100.0
130,2021-10-22 06:17:17,18200.0,500.0,279100.0
131,2021-10-22 06:17:17,18200.0,1300.0,278600.0
132,2021-10-22 06:17:16,18200.0,200.0,277300.0
133,2021-10-22 06:16:43,18200.0,600.0,277100.0
134,2021-10-22 06:14:37,18200.0,1800.0,276500.0
135,2021-10-22 06:13:02,18200.0,500.0,274700.0
136,2021-10-22 06:11:04,18200.0,500.0,274200.0
137,2021-10-22 06:10:24,18200.0,6000.0,273700.0
138,2021-10-22 06:10:24,18200.0,200.0,267700.0
139,2021-10-22 06:10:24,18200.0,500.0,267500.0
140,2021-10-22 06:10:24,18200.0,3800.0,267000.0
141,2021-10-22 06:10:24,18200.0,1800.0,263200.0
142,2021-10-22 06:09:31,18200.0,200.0,261400.0
143,2021-10-22 06:08:57,18200.0,1000.0,261200.0
144,2021-10-22 06:08:31,18200.0,1000.0,260200.0
145,2021-10-22 06:08:14,18200.0,1000.0,259200.0
146,2021-10-22 06:07:38,18200.0,1000.0,258200.0
147,2021-10-22 06:06:33,18200.0,2000.0,257200.0
148,2021-10-22 06:06:33,18200.0,2000.0,255200.0
149,2021-10-22 06:06:33,18200.0,400.0,253200.0
150,2021-10-22 06:06:33,18200.0,2000.0,252800.0
151,2021-10-22 06:06:33,18200.0,200.0,250800.0
152,2021-10-22 06:04:47,18200.0,100.0,250600.0
153,2021-10-22 06:04:13,18200.0,600.0,250500.0
154,2021-10-22 06:04:04,18200.0,300.0,249900.0
155,2021-10-22 06:04:01,18200.0,100.0,249600.0
156,2021-10-22 06:03:57,18200.0,400.0,249500.0
157,2021-10-22 06:03:43,18200.0,100.0,249100.0
158,2021-10-22 06:01:42,18200.0,3000.0,249000.0
159,2021-10-22 06:00:17,18200.0,200.0,246000.0
160,2021-10-22 06:00:17,18200.0,500.0,245800.0
161,2021-10-22 06:00:17,18200.0,300.0,245300.0
162,2021-10-22 06:00:03,18200.0,100.0,245000.0
163,2021-10-22 06:00:03,18200.0,300.0,244900.0
164,2021-10-22 06:00:01,18200.0,200.0,244600.0
165,2021-10-22 06:00:01,18200.0,1000.0,244400.0
166,2021-10-22 06:00:01,18200.0,1000.0,243400.0
167,2021-10-22 06:00:01,18200.0,800.0,242400.0
168,2021-10-22 04:29:53,18200.0,1500.0,241600.0
169,2021-10-22 04:28:08,18200.0,2000.0,240100.0
170,2021-10-22 04:20:53,18200.0,100.0,238100.0
171,2021-10-22 04:20:53,18200.0,200.0,238000.0
172,2021-10-22 04:19:47,18200.0,1000.0,237800.0
173,2021-10-22 04:18:54,18200.0,300.0,236800.0
174,2021-10-22 04:17:36,18200.0,200.0,236500.0
175,2021-10-22 04:17:36,18200.0,300.0,236300.0
176,2021-10-22 04:16:47,18250.0,400.0,236000.0
177,2021-10-22 04:16:47,18250.0,500.0,235600.0
178,2021-10-22 04:16:47,18250.0,2000.0,235100.0
179,2021-10-22 04:16:47,18250.0,100.0,233100.0
180,2021-10-22 04:16:46,18200.0,1100.0,233000.0
181,2021-10-22 04:16:46,18200.0,2900.0,231900.0
182,2021-10-22 04:16:22,18200.0,2400.0,229000.0
183,2021-10-22 04:14:18,18200.0,900.0,226600.0
184,2021-10-22 04:12:05,18200.0,3000.0,225700.0
185,2021-10-22 04:12:05,18200.0,200.0,222700.0
186,2021-10-22 04:12:05,18200.0,200.0,222500.0
187,2021-10-22 04:12:05,18200.0,200.0,222300.0
188,2021-10-22 04:12:05,18200.0,300.0,222100.0
189,2021-10-22 04:12:05,18200.0,5200.0,221800.0
190,2021-10-22 04:08:54,18200.0,1000.0,216600.0
191,2021-10-22 04:06:56,18200.0,600.0,215600.0
192,2021-10-22 04:06:56,18200.0,100.0,215000.0
193,2021-10-22 04:06:56,18200.0,300.0,214900.0
194,2021-10-22 04:04:07,18250.0,200.0,214600.0
195,2021-10-22 04:04:07,18250.0,100.0,214400.0
196,2021-10-22 04:02:28,18200.0,200.0,214300.0
197,2021-10-22 04:02:28,18200.0,700.0,214100.0
198,2021-10-22 03:59:45,18150.0,200.0,213400.0
199,2021-10-22 03:50:00,18150.0,3000.0,213200.0
200,2021-10-22 03:42:43,18150.0,100.0,210200.0
201,2021-10-22 03:41:14,18150.0,600.0,210100.0
202,2021-10-22 03:39:53,18150.0,200.0,209500.0
203,2021-10-22 03:39:33,18200.0,300.0,209300.0
204,2021-10-22 03:39:33,18200.0,100.0,209000.0
205,2021-10-22 03:39:33,18200.0,1000.0,208900.0
206,2021-10-22 03:39:33,18200.0,600.0,207900.0
207,2021-10-22 03:35:23,18200.0,300.0,207300.0
208,2021-10-22 03:33:21,18200.0,100.0,207000.0
209,2021-10-22 03:31:21,18200.0,3400.0,206900.0
210,2021-10-22 03:31:00,18200.0,5000.0,203500.0
211,2021-10-22 03:30:47,18200.0,1600.0,198500.0
212,2021-10-22 03:30:47,18200.0,700.0,196900.0
213,2021-10-22 03:30:47,18200.0,100.0,196200.0
214,2021-10-22 03:30:47,18200.0,600.0,196100.0
215,2021-10-22 03:30:44,18200.0,200.0,195500.0
216,2021-10-22 03:30:30,18200.0,4200.0,195300.0
217,2021-10-22 03:30:30,18200.0,200.0,191100.0
218,2021-10-22 03:30:30,18200.0,100.0,190900.0
219,2021-10-22 03:30:30,18200.0,500.0,190800.0
220,2021-10-22 03:29:19,18250.0,400.0,190300.0
221,2021-10-22 03:25:45,18250.0,200.0,189900.0
222,2021-10-22 03:22:20,18250.0,2000.0,189700.0
223,2021-10-22 03:21:42,18250.0,200.0,187700.0
224,2021-10-22 03:21:28,18200.0,100.0,187500.0
225,2021-10-22 03:21:28,18200.0,2000.0,187400.0
226,2021-10-22 03:21:28,18200.0,2000.0,185400.0
227,2021-10-22 03:21:28,18200.0,4900.0,183400.0
228,2021-10-22 03:16:57,18250.0,400.0,178500.0
229,2021-10-22 03:16:32,18200.0,100.0,178100.0
230,2021-10-22 03:16:32,18200.0,900.0,178000.0
231,2021-10-22 03:15:55,18200.0,1100.0,177100.0
232,2021-10-22 03:13:25,18250.0,500.0,176000.0
233,2021-10-22 03:13:25,18250.0,500.0,175500.0
234,2021-10-22 03:12:39,18250.0,100.0,175000.0
235,2021-10-22 03:12:39,18250.0,300.0,174900.0
236,2021-10-22 03:12:29,18250.0,100.0,174600.0
237,2021-10-22 03:12:29,18250.0,900.0,174500.0
238,2021-10-22 03:12:22,18250.0,200.0,173600.0
239,2021-10-22 03:12:01,18250.0,900.0,173400.0
240,2021-10-22 03:12:01,18250.0,1600.0,172500.0
241,2021-10-22 03:11:53,18250.0,300.0,170900.0
242,2021-10-22 03:10:53,18250.0,2500.0,170600.0
243,2021-10-22 03:10:51,18250.0,100.0,168100.0
244,2021-10-22 03:10:22,18250.0,2500.0,168000.0
245,2021-10-22 03:10:21,18250.0,1000.0,165500.0
246,2021-10-22 03:09:52,18250.0,1000.0,164500.0
247,2021-10-22 03:09:35,18300.0,1000.0,163500.0
248,2021-10-22 03:09:29,18300.0,500.0,162500.0
249,2021-10-22 03:09:29,18300.0,200.0,162000.0
250,2021-10-22 03:09:29,18300.0,100.0,161800.0
251,2021-10-22 03:09:29,18300.0,200.0,161700.0
252,2021-10-22 03:09:05,18250.0,1000.0,161500.0
253,2021-10-22 03:09:05,18250.0,1000.0,160500.0
254,2021-10-22 03:09:05,18250.0,200.0,159500.0
255,2021-10-22 03:09:05,18250.0,2000.0,159300.0
256,2021-10-22 03:09:05,18250.0,200.0,157300.0
257,2021-10-22 03:08:13,18300.0,100.0,157100.0
258,2021-10-22 03:08:13,18300.0,100.0,157000.0
259,2021-10-22 03:08:13,18300.0,2000.0,156900.0
260,2021-10-22 03:08:13,18300.0,1100.0,154900.0
261,2021-10-22 03:08:13,18300.0,700.0,153800.0
262,2021-10-22 03:06:08,18300.0,100.0,153100.0
263,2021-10-22 03:05:36,18300.0,2200.0,153000.0
264,2021-10-22 03:05:36,18300.0,100.0,150800.0
265,2021-10-22 03:05:36,18300.0,100.0,150700.0
266,2021-10-22 03:05:36,18300.0,6900.0,150600.0
267,2021-10-22 03:05:31,18250.0,600.0,143700.0
268,2021-10-22 03:05:30,18250.0,200.0,143100.0
269,2021-10-22 03:05:16,18250.0,2200.0,142900.0
270,2021-10-22 03:05:16,18250.0,200.0,140700.0
271,2021-10-22 03:05:16,18250.0,500.0,140500.0
272,2021-10-22 03:05:16,18250.0,100.0,140000.0
273,2021-10-22 03:05:07,18250.0,100.0,139900.0
274,2021-10-22 03:04:27,18250.0,300.0,139800.0
275,2021-10-22 03:04:16,18250.0,1700.0,139500.0
276,2021-10-22 03:04:16,18250.0,1000.0,137800.0
277,2021-10-22 03:04:15,18300.0,1000.0,136800.0
278,2021-10-22 03:03:19,18300.0,2100.0,135800.0
279,2021-10-22 03:03:19,18300.0,1500.0,133700.0
280,2021-10-22 03:03:19,18300.0,200.0,132200.0
281,2021-10-22 03:03:19,18300.0,2700.0,132000.0
282,2021-10-22 03:03:19,18200.0,600.0,129300.0
283,2021-10-22 03:02:37,18200.0,400.0,128700.0
284,2021-10-22 03:02:37,18200.0,2000.0,128300.0
285,2021-10-22 03:02:37,18200.0,300.0,126300.0
286,2021-10-22 03:02:37,18200.0,300.0,126000.0
287,2021-10-22 02:59:05,18150.0,300.0,125700.0
288,2021-10-22 02:59:05,18150.0,100.0,125400.0
289,2021-10-22 02:59:05,18150.0,1600.0,125300.0
290,2021-10-22 02:59:03,18200.0,700.0,123700.0
291,2021-10-22 02:59:03,18200.0,300.0,123000.0
292,2021-10-22 02:59:01,18150.0,500.0,122700.0
293,2021-10-22 02:58:38,18200.0,1700.0,122200.0
294,2021-10-22 02:58:38,18200.0,100.0,120500.0
295,2021-10-22 02:58:38,18200.0,400.0,120400.0
296,2021-10-22 02:58:37,18200.0,100.0,120000.0
297,2021-10-22 02:58:37,18200.0,600.0,119900.0
298,2021-10-22 02:58:37,18200.0,100.0,119300.0
299,2021-10-22 02:58:37,18200.0,200.0,119200.0
300,2021-10-22 02:58:37,18200.0,200.0,119000.0
301,2021-10-22 02:57:53,18150.0,100.0,118800.0
302,2021-10-22 02:57:53,18150.0,200.0,118700.0
303,2021-10-22 02:57:53,18150.0,100.0,118500.0
304,2021-10-22 02:57:53,18150.0,7500.0,118400.0
305,2021-10-22 02:57:38,18150.0,2000.0,110900.0
306,2021-10-22 02:57:38,18150.0,500.0,108900.0
307,2021-10-22 02:57:38,18150.0,500.0,108400.0
308,2021-10-22 02:57:03,18100.0,1000.0,107900.0
309,2021-10-22 02:56:39,18100.0,100.0,106900.0
310,2021-10-22 02:56:24,18100.0,400.0,106800.0
311,2021-10-22 02:56:24,18100.0,200.0,106400.0
312,2021-10-22 02:56:24,18100.0,4400.0,106200.0
313,2021-10-22 02:55:20,18100.0,500.0,101800.0
314,2021-10-22 02:54:37,18100.0,100.0,101300.0
315,2021-10-22 02:54:37,18100.0,100.0,101200.0
316,2021-10-22 02:54:37,18100.0,100.0,101100.0
317,2021-10-22 02:54:37,18100.0,800.0,101000.0
318,2021-10-22 02:54:37,18100.0,300.0,100200.0
319,2021-10-22 02:54:37,18100.0,1000.0,99900.0
320,2021-10-22 02:54:37,18100.0,300.0,98900.0
321,2021-10-22 02:54:37,18100.0,300.0,98600.0
322,2021-10-22 02:54:37,18100.0,100.0,98300.0
323,2021-10-22 02:54:37,18100.0,100.0,98200.0
324,2021-10-22 02:54:37,18100.0,1800.0,98100.0
325,2021-10-22 02:53:47,18050.0,100.0,96300.0
326,2021-10-22 02:49:46,18100.0,1200.0,96200.0
327,2021-10-22 02:49:46,18100.0,1800.0,95000.0
328,2021-10-22 02:49:06,18050.0,600.0,93200.0
329,2021-10-22 02:49:06,18050.0,400.0,92600.0
330,2021-10-22 02:48:25,18050.0,100.0,92200.0
331,2021-10-22 02:48:25,18050.0,400.0,92100.0
332,2021-10-22 02:48:25,18050.0,500.0,91700.0
333,2021-10-22 02:48:25,18050.0,3500.0,91200.0
334,2021-10-22 02:48:24,18000.0,100.0,87700.0
335,2021-10-22 02:48:23,18000.0,200.0,87600.0
336,2021-10-22 02:48:17,18000.0,1500.0,87400.0
337,2021-10-22 02:48:17,18000.0,2000.0,85900.0
338,2021-10-22 02:48:17,18000.0,100.0,83900.0
339,2021-10-22 02:48:17,18000.0,500.0,83800.0
340,2021-10-22 02:48:17,18000.0,100.0,83300.0
341,2021-10-22 02:48:17,18000.0,800.0,83200.0
342,2021-10-22 02:48:11,18050.0,300.0,82400.0
343,2021-10-22 02:47:52,18000.0,1000.0,82100.0
344,2021-10-22 02:47:16,18000.0,200.0,81100.0
345,2021-10-22 02:47:16,18000.0,900.0,80900.0
346,2021-10-22 02:47:05,18050.0,1000.0,80000.0
347,2021-10-22 02:46:54,18050.0,1000.0,79000.0
348,2021-10-22 02:46:53,18050.0,4200.0,78000.0
349,2021-10-22 02:46:53,18050.0,800.0,73800.0
350,2021-10-22 02:46:42,18050.0,200.0,73000.0
351,2021-10-22 02:46:42,18050.0,4800.0,72800.0
352,2021-10-22 02:46:00,18050.0,100.0,68000.0
353,2021-10-22 02:46:00,18050.0,4900.0,67900.0
354,2021-10-22 02:45:40,18000.0,200.0,63000.0
355,2021-10-22 02:37:12,18050.0,100.0,62800.0
356,2021-10-22 02:37:12,18050.0,400.0,62700.0
357,2021-10-22 02:31:51,18100.0,900.0,62300.0
358,2021-10-22 02:31:51,18100.0,2000.0,61400.0
359,2021-10-22 02:31:51,18100.0,2100.0,59400.0
360,2021-10-22 02:31:15,18100.0,2900.0,57300.0
361,2021-10-22 02:31:15,18100.0,1000.0,54400.0
362,2021-10-22 02:31:15,18100.0,500.0,53400.0
363,2021-10-22 02:31:15,18100.0,500.0,52900.0
364,2021-10-22 02:31:15,18100.0,300.0,52400.0
365,2021-10-22 02:29:11,18100.0,100.0,52100.0
366,2021-10-22 02:28:48,18100.0,100.0,52000.0
367,2021-10-22 02:28:27,18050.0,1000.0,51900.0
368,2021-10-22 02:28:27,18050.0,500.0,50900.0
369,2021-10-22 02:28:27,18050.0,3300.0,50400.0
370,2021-10-22 02:27:08,18050.0,1300.0,47100.0
371,2021-10-22 02:27:08,18050.0,700.0,45800.0
372,2021-10-22 02:26:07,18050.0,200.0,45100.0
373,2021-10-22 02:25:36,18050.0,100.0,44900.0
374,2021-10-22 02:25:36,18050.0,200.0,44800.0
375,2021-10-22 02:24:56,18050.0,300.0,44600.0
376,2021-10-22 02:24:37,18000.0,300.0,44300.0
377,2021-10-22 02:23:29,18000.0,300.0,44000.0
378,2021-10-22 02:23:29,18000.0,300.0,43700.0
379,2021-10-22 02:23:02,18000.0,100.0,43400.0
380,2021-10-22 02:21:54,18000.0,200.0,43300.0
381,2021-10-22 02:21:35,18000.0,3000.0,43100.0
382,2021-10-22 02:20:17,17950.0,8600.0,40100.0
383,2021-10-22 02:20:17,17950.0,1000.0,31500.0
384,2021-10-22 02:20:17,17950.0,400.0,30500.0
385,2021-10-22 02:19:32,17950.0,500.0,30100.0
386,2021-10-22 02:19:32,17950.0,100.0,29600.0
387,2021-10-22 02:19:01,17950.0,1900.0,29500.0
388,2021-10-22 02:18:25,17950.0,300.0,27600.0
389,2021-10-22 02:17:57,17950.0,100.0,27300.0
390,2021-10-22 02:17:23,17950.0,1500.0,27200.0
391,2021-10-22 02:17:23,17950.0,500.0,25700.0
392,2021-10-22 02:17:23,17950.0,200.0,25200.0
393,2021-10-22 02:17:23,17950.0,500.0,25000.0
394,2021-10-22 02:17:10,18000.0,2000.0,24500.0
395,2021-10-22 02:15:04,18000.0,4400.0,22500.0
396,2021-10-22 02:15:04,18000.0,5000.0,18100.0
397,2021-10-22 02:15:04,18000.0,100.0,13100.0
398,2021-10-22 02:15:04,18000.0,500.0,13000.0
399,2021-10-22 02:15:00,17950.0,600.0,12500.0
400,2021-10-22 02:15:00,17950.0,4400.0,11900.0
401,2021-10-22 02:15:00,17950.0,5000.0,7500.0
402,2021-10-22 02:15:00,17950.0,600.0,2500.0
403,2021-10-22 02:15:00,17950.0,400.0,1900.0
404,2021-10-22 02:15:00,17950.0,1000.0,1500.0
405,2021-10-22 02:15:00,17950.0,100.0,500.0
406,2021-10-22 02:15:00,17950.0,300.0,400.0
407,2021-10-22 02:15:00,17950.0,100.0,100.0
