,Time,Price,Volume_per_trade,Volume
0,2021-10-12 07:45:00,18100.0,300.0,678000.0
1,2021-10-12 07:45:00,18100.0,1000.0,677700.0
2,2021-10-12 07:45:00,18100.0,1100.0,676700.0
3,2021-10-12 07:45:00,18100.0,4200.0,675600.0
4,2021-10-12 07:45:00,18100.0,100.0,671400.0
5,2021-10-12 07:45:00,18100.0,100.0,671300.0
6,2021-10-12 07:45:00,18100.0,100.0,671200.0
7,2021-10-12 07:45:00,18100.0,6400.0,671100.0
8,2021-10-12 07:45:00,18100.0,1000.0,664700.0
9,2021-10-12 07:45:00,18100.0,100.0,663700.0
10,2021-10-12 07:45:00,18100.0,500.0,663600.0
11,2021-10-12 07:45:00,18100.0,500.0,663100.0
12,2021-10-12 07:45:00,18100.0,200.0,662600.0
13,2021-10-12 07:45:00,18100.0,100.0,662400.0
14,2021-10-12 07:45:00,18100.0,100.0,662300.0
15,2021-10-12 07:45:00,18100.0,200.0,662200.0
16,2021-10-12 07:29:32,18100.0,300.0,662000.0
17,2021-10-12 07:25:06,18100.0,100.0,661700.0
18,2021-10-12 07:17:57,18050.0,2700.0,661600.0
19,2021-10-12 07:17:36,18050.0,500.0,658900.0
20,2021-10-12 07:17:36,18050.0,300.0,658400.0
21,2021-10-12 07:17:36,18050.0,400.0,658100.0
22,2021-10-12 07:17:36,18050.0,800.0,657700.0
23,2021-10-12 07:17:36,18050.0,100.0,656900.0
24,2021-10-12 07:17:36,18050.0,200.0,656800.0
25,2021-10-12 07:13:27,18050.0,300.0,656600.0
26,2021-10-12 07:13:27,18050.0,1200.0,656300.0
27,2021-10-12 07:08:35,18050.0,800.0,655100.0
28,2021-10-12 07:08:35,18050.0,900.0,654300.0
29,2021-10-12 07:08:04,18050.0,1200.0,653400.0
30,2021-10-12 07:07:23,18050.0,900.0,652200.0
31,2021-10-12 07:07:23,18050.0,200.0,651300.0
32,2021-10-12 07:07:23,18050.0,900.0,651100.0
33,2021-10-12 07:06:26,18050.0,100.0,650200.0
34,2021-10-12 07:06:26,18050.0,300.0,650100.0
35,2021-10-12 07:05:49,18050.0,600.0,649800.0
36,2021-10-12 07:05:49,18050.0,1200.0,649200.0
37,2021-10-12 07:05:49,18050.0,600.0,648000.0
38,2021-10-12 07:05:14,18100.0,1000.0,647400.0
39,2021-10-12 07:05:11,18100.0,100.0,646400.0
40,2021-10-12 07:05:03,18100.0,100.0,646300.0
41,2021-10-12 07:01:50,18100.0,300.0,646200.0
42,2021-10-12 06:56:07,18100.0,1900.0,645900.0
43,2021-10-12 06:56:03,18100.0,700.0,644000.0
44,2021-10-12 06:55:46,18150.0,100.0,643300.0
45,2021-10-12 06:55:09,18100.0,1700.0,643200.0
46,2021-10-12 06:55:09,18100.0,700.0,641500.0
47,2021-10-12 06:52:24,18100.0,300.0,640800.0
48,2021-10-12 06:52:08,18100.0,200.0,640500.0
49,2021-10-12 06:52:08,18100.0,400.0,640300.0
50,2021-10-12 06:51:03,18100.0,1000.0,639900.0
51,2021-10-12 06:50:46,18100.0,3600.0,638900.0
52,2021-10-12 06:50:46,18100.0,100.0,635300.0
53,2021-10-12 06:50:46,18100.0,6300.0,635200.0
54,2021-10-12 06:50:27,18100.0,200.0,628900.0
55,2021-10-12 06:49:16,18150.0,100.0,628700.0
56,2021-10-12 06:46:01,18150.0,500.0,628600.0
57,2021-10-12 06:45:56,18150.0,5000.0,628100.0
58,2021-10-12 06:45:02,18150.0,1700.0,623100.0
59,2021-10-12 06:44:39,18150.0,300.0,621400.0
60,2021-10-12 06:43:15,18100.0,1500.0,621100.0
61,2021-10-12 06:43:15,18100.0,500.0,619600.0
62,2021-10-12 06:43:15,18100.0,1000.0,619100.0
63,2021-10-12 06:42:59,18150.0,100.0,618100.0
64,2021-10-12 06:39:29,18100.0,100.0,618000.0
65,2021-10-12 06:39:04,18100.0,1800.0,617900.0
66,2021-10-12 06:37:43,18100.0,1300.0,616100.0
67,2021-10-12 06:35:32,18100.0,2000.0,614800.0
68,2021-10-12 06:35:32,18100.0,1900.0,612800.0
69,2021-10-12 06:34:54,18100.0,900.0,610900.0
70,2021-10-12 06:34:53,18100.0,3100.0,610000.0
71,2021-10-12 06:34:46,18100.0,1900.0,606900.0
72,2021-10-12 06:34:38,18100.0,100.0,605000.0
73,2021-10-12 06:33:45,18100.0,200.0,604900.0
74,2021-10-12 06:33:45,18100.0,1000.0,604700.0
75,2021-10-12 06:33:45,18100.0,100.0,603700.0
76,2021-10-12 06:33:45,18100.0,100.0,603600.0
77,2021-10-12 06:33:45,18100.0,900.0,603500.0
78,2021-10-12 06:33:37,18100.0,500.0,602600.0
79,2021-10-12 06:33:37,18100.0,100.0,602100.0
80,2021-10-12 06:33:37,18100.0,100.0,602000.0
81,2021-10-12 06:33:37,18100.0,2000.0,601900.0
82,2021-10-12 06:33:37,18100.0,800.0,599900.0
83,2021-10-12 06:29:20,18100.0,500.0,599100.0
84,2021-10-12 06:26:41,18150.0,1700.0,598600.0
85,2021-10-12 06:25:49,18150.0,1200.0,596900.0
86,2021-10-12 06:25:49,18150.0,2500.0,595700.0
87,2021-10-12 06:25:34,18150.0,900.0,593200.0
88,2021-10-12 06:25:34,18150.0,3400.0,592300.0
89,2021-10-12 06:24:22,18150.0,500.0,588900.0
90,2021-10-12 06:24:22,18150.0,100.0,588400.0
91,2021-10-12 06:24:22,18150.0,4600.0,588300.0
92,2021-10-12 06:24:22,18150.0,1400.0,583700.0
93,2021-10-12 06:20:28,18150.0,1600.0,582300.0
94,2021-10-12 06:20:21,18150.0,1000.0,580700.0
95,2021-10-12 06:20:18,18150.0,5400.0,579700.0
96,2021-10-12 06:19:05,18150.0,500.0,574300.0
97,2021-10-12 06:18:57,18150.0,2500.0,573800.0
98,2021-10-12 06:18:42,18150.0,5000.0,571300.0
99,2021-10-12 06:17:01,18200.0,100.0,566300.0
100,2021-10-12 06:17:01,18200.0,900.0,566200.0
101,2021-10-12 06:12:11,18200.0,100.0,565300.0
102,2021-10-12 06:10:06,18150.0,700.0,565200.0
103,2021-10-12 06:10:06,18150.0,600.0,564500.0
104,2021-10-12 06:10:06,18150.0,1000.0,563900.0
105,2021-10-12 06:10:06,18150.0,200.0,562900.0
106,2021-10-12 06:09:50,18150.0,1400.0,562700.0
107,2021-10-12 06:08:59,18150.0,1400.0,561300.0
108,2021-10-12 06:08:59,18150.0,600.0,559900.0
109,2021-10-12 06:08:59,18150.0,500.0,559300.0
110,2021-10-12 06:08:19,18150.0,200.0,558800.0
111,2021-10-12 06:08:15,18150.0,1900.0,558600.0
112,2021-10-12 06:08:15,18150.0,1100.0,556700.0
113,2021-10-12 06:08:08,18150.0,4300.0,555600.0
114,2021-10-12 06:07:55,18150.0,600.0,551300.0
115,2021-10-12 06:07:10,18150.0,100.0,550700.0
116,2021-10-12 06:07:01,18200.0,100.0,550600.0
117,2021-10-12 06:04:36,18150.0,500.0,550500.0
118,2021-10-12 06:04:36,18150.0,3000.0,550000.0
119,2021-10-12 06:04:36,18150.0,400.0,547000.0
120,2021-10-12 06:03:41,18150.0,4600.0,546600.0
121,2021-10-12 06:03:35,18150.0,2500.0,542000.0
122,2021-10-12 06:02:32,18150.0,1000.0,539500.0
123,2021-10-12 06:02:32,18150.0,1900.0,538500.0
124,2021-10-12 06:01:50,18150.0,500.0,536600.0
125,2021-10-12 06:00:21,18150.0,500.0,536100.0
126,2021-10-12 04:27:33,18100.0,5000.0,535600.0
127,2021-10-12 04:27:33,18100.0,3700.0,530600.0
128,2021-10-12 04:25:27,18100.0,100.0,526900.0
129,2021-10-12 04:24:52,18100.0,300.0,526800.0
130,2021-10-12 04:21:58,18100.0,200.0,526500.0
131,2021-10-12 04:21:47,18100.0,1100.0,526300.0
132,2021-10-12 04:21:21,18100.0,400.0,525200.0
133,2021-10-12 04:21:21,18100.0,700.0,524800.0
134,2021-10-12 04:20:33,18100.0,1300.0,524100.0
135,2021-10-12 04:19:51,18100.0,1500.0,522800.0
136,2021-10-12 04:18:00,18100.0,600.0,521300.0
137,2021-10-12 04:17:29,18100.0,300.0,520700.0
138,2021-10-12 04:17:28,18100.0,300.0,520400.0
139,2021-10-12 04:17:28,18100.0,400.0,520100.0
140,2021-10-12 04:17:28,18100.0,600.0,519700.0
141,2021-10-12 04:17:28,18100.0,600.0,519100.0
142,2021-10-12 04:17:28,18100.0,100.0,518500.0
143,2021-10-12 04:17:28,18100.0,100.0,518400.0
144,2021-10-12 04:15:41,18100.0,500.0,518300.0
145,2021-10-12 04:15:37,18100.0,1000.0,517800.0
146,2021-10-12 04:15:30,18100.0,400.0,516800.0
147,2021-10-12 04:14:14,18100.0,100.0,516400.0
148,2021-10-12 04:14:07,18100.0,500.0,516300.0
149,2021-10-12 04:14:01,18100.0,500.0,515800.0
150,2021-10-12 04:14:01,18100.0,2800.0,515300.0
151,2021-10-12 04:13:02,18100.0,500.0,512500.0
152,2021-10-12 04:11:46,18100.0,1000.0,512000.0
153,2021-10-12 04:11:46,18100.0,5700.0,511000.0
154,2021-10-12 04:09:48,18100.0,500.0,505300.0
155,2021-10-12 04:09:48,18100.0,1100.0,504800.0
156,2021-10-12 04:09:48,18100.0,2700.0,503700.0
157,2021-10-12 04:09:24,18100.0,1000.0,501000.0
158,2021-10-12 04:07:29,18100.0,500.0,500000.0
159,2021-10-12 04:07:16,18150.0,300.0,499500.0
160,2021-10-12 04:06:59,18100.0,5800.0,499200.0
161,2021-10-12 04:04:34,18100.0,200.0,493400.0
162,2021-10-12 04:04:34,18100.0,500.0,493200.0
163,2021-10-12 04:04:34,18100.0,500.0,492700.0
164,2021-10-12 04:04:34,18100.0,300.0,492200.0
165,2021-10-12 04:04:34,18100.0,200.0,491900.0
166,2021-10-12 04:01:04,18100.0,300.0,491700.0
167,2021-10-12 04:00:04,18100.0,500.0,491400.0
168,2021-10-12 03:59:56,18100.0,1000.0,490900.0
169,2021-10-12 03:59:49,18100.0,300.0,489900.0
170,2021-10-12 03:59:49,18100.0,400.0,489600.0
171,2021-10-12 03:59:43,18100.0,8500.0,489200.0
172,2021-10-12 03:59:29,18100.0,500.0,480700.0
173,2021-10-12 03:59:29,18100.0,600.0,480200.0
174,2021-10-12 03:59:26,18100.0,1400.0,479600.0
175,2021-10-12 03:59:26,18100.0,1200.0,478200.0
176,2021-10-12 03:59:26,18100.0,500.0,477000.0
177,2021-10-12 03:59:26,18100.0,1300.0,476500.0
178,2021-10-12 03:58:21,18100.0,500.0,475200.0
179,2021-10-12 03:58:19,18100.0,400.0,474700.0
180,2021-10-12 03:57:56,18100.0,100.0,474300.0
181,2021-10-12 03:57:53,18050.0,200.0,474200.0
182,2021-10-12 03:57:53,18050.0,300.0,474000.0
183,2021-10-12 03:50:33,18050.0,200.0,473700.0
184,2021-10-12 03:50:24,18050.0,2000.0,473500.0
185,2021-10-12 03:50:19,18050.0,800.0,471500.0
186,2021-10-12 03:50:19,18050.0,300.0,470700.0
187,2021-10-12 03:50:19,18050.0,900.0,470400.0
188,2021-10-12 03:50:09,18050.0,4900.0,469500.0
189,2021-10-12 03:47:16,18000.0,200.0,464600.0
190,2021-10-12 03:46:31,18050.0,900.0,464400.0
191,2021-10-12 03:43:48,18000.0,700.0,463500.0
192,2021-10-12 03:43:48,18000.0,300.0,462800.0
193,2021-10-12 03:43:24,18050.0,1000.0,462500.0
194,2021-10-12 03:40:47,18050.0,1300.0,461500.0
195,2021-10-12 03:40:42,18050.0,3000.0,460200.0
196,2021-10-12 03:40:42,18050.0,3500.0,457200.0
197,2021-10-12 03:40:42,18050.0,2000.0,453700.0
198,2021-10-12 03:40:42,18050.0,200.0,451700.0
199,2021-10-12 03:38:40,18050.0,200.0,451500.0
200,2021-10-12 03:38:11,18000.0,300.0,451300.0
201,2021-10-12 03:38:04,18000.0,4000.0,451000.0
202,2021-10-12 03:37:40,18050.0,200.0,447000.0
203,2021-10-12 03:37:40,18050.0,100.0,446800.0
204,2021-10-12 03:37:40,18050.0,100.0,446700.0
205,2021-10-12 03:37:40,18050.0,5000.0,446600.0
206,2021-10-12 03:37:40,18050.0,500.0,441600.0
207,2021-10-12 03:37:40,18050.0,500.0,441100.0
208,2021-10-12 03:37:07,18100.0,1100.0,440600.0
209,2021-10-12 03:37:07,18100.0,300.0,439500.0
210,2021-10-12 03:37:07,18100.0,1100.0,439200.0
211,2021-10-12 03:37:07,18100.0,1000.0,438100.0
212,2021-10-12 03:37:07,18100.0,5000.0,437100.0
213,2021-10-12 03:37:07,18100.0,1500.0,432100.0
214,2021-10-12 03:35:32,18100.0,200.0,430600.0
215,2021-10-12 03:34:12,18050.0,1000.0,430400.0
216,2021-10-12 03:34:12,18050.0,2500.0,429400.0
217,2021-10-12 03:33:47,18050.0,500.0,426900.0
218,2021-10-12 03:32:30,18050.0,100.0,426400.0
219,2021-10-12 03:31:13,18050.0,1400.0,426300.0
220,2021-10-12 03:31:13,18050.0,200.0,424900.0
221,2021-10-12 03:29:30,18000.0,200.0,424700.0
222,2021-10-12 03:29:30,18000.0,100.0,424500.0
223,2021-10-12 03:29:23,18000.0,100.0,424400.0
224,2021-10-12 03:29:15,18000.0,500.0,424300.0
225,2021-10-12 03:29:15,18000.0,500.0,423800.0
226,2021-10-12 03:28:56,18000.0,100.0,423300.0
227,2021-10-12 03:28:39,18000.0,1500.0,423200.0
228,2021-10-12 03:28:39,18000.0,1500.0,421700.0
229,2021-10-12 03:28:27,18000.0,100.0,420200.0
230,2021-10-12 03:27:19,18000.0,3700.0,420100.0
231,2021-10-12 03:27:19,18000.0,1300.0,416400.0
232,2021-10-12 03:26:50,17950.0,500.0,415100.0
233,2021-10-12 03:24:27,17950.0,400.0,414600.0
234,2021-10-12 03:24:27,17950.0,300.0,414200.0
235,2021-10-12 03:24:19,17950.0,900.0,413900.0
236,2021-10-12 03:24:19,17950.0,100.0,413000.0
237,2021-10-12 03:24:07,17950.0,400.0,412900.0
238,2021-10-12 03:24:07,17950.0,100.0,412500.0
239,2021-10-12 03:24:07,17950.0,1500.0,412400.0
240,2021-10-12 03:23:51,17950.0,500.0,410900.0
241,2021-10-12 03:23:19,17950.0,200.0,410400.0
242,2021-10-12 03:23:19,17950.0,300.0,410200.0
243,2021-10-12 03:22:57,17900.0,400.0,409900.0
244,2021-10-12 03:22:52,17900.0,2000.0,409500.0
245,2021-10-12 03:22:30,17900.0,1000.0,407500.0
246,2021-10-12 03:22:29,17900.0,900.0,406500.0
247,2021-10-12 03:22:27,17900.0,500.0,405600.0
248,2021-10-12 03:21:34,17900.0,200.0,405100.0
249,2021-10-12 03:21:34,17900.0,1800.0,404900.0
250,2021-10-12 03:21:12,17900.0,2000.0,403100.0
251,2021-10-12 03:21:12,17900.0,300.0,401100.0
252,2021-10-12 03:21:12,17900.0,300.0,400800.0
253,2021-10-12 03:21:12,17900.0,1000.0,400500.0
254,2021-10-12 03:20:58,17900.0,1000.0,399500.0
255,2021-10-12 03:20:57,17900.0,100.0,398500.0
256,2021-10-12 03:20:53,17900.0,1000.0,398400.0
257,2021-10-12 03:20:29,17900.0,500.0,397400.0
258,2021-10-12 03:20:22,17900.0,400.0,396900.0
259,2021-10-12 03:20:22,17900.0,100.0,396500.0
260,2021-10-12 03:20:09,17900.0,900.0,396400.0
261,2021-10-12 03:20:09,17900.0,100.0,395500.0
262,2021-10-12 03:19:22,17900.0,600.0,395400.0
263,2021-10-12 03:19:22,17900.0,400.0,394800.0
264,2021-10-12 03:19:18,17850.0,100.0,394400.0
265,2021-10-12 03:18:47,17850.0,700.0,394300.0
266,2021-10-12 03:18:01,17850.0,200.0,393600.0
267,2021-10-12 03:17:48,17900.0,100.0,393400.0
268,2021-10-12 03:17:42,17900.0,10000.0,393300.0
269,2021-10-12 03:17:41,17900.0,100.0,383300.0
270,2021-10-12 03:17:02,17900.0,1500.0,383200.0
271,2021-10-12 03:17:02,17900.0,100.0,381700.0
272,2021-10-12 03:17:02,17900.0,500.0,381600.0
273,2021-10-12 03:17:02,17900.0,1000.0,381100.0
274,2021-10-12 03:17:02,17900.0,200.0,380100.0
275,2021-10-12 03:17:02,17900.0,300.0,379900.0
276,2021-10-12 03:17:02,17900.0,2500.0,379600.0
277,2021-10-12 03:17:02,17900.0,200.0,377100.0
278,2021-10-12 03:17:02,17900.0,1000.0,376900.0
279,2021-10-12 03:17:02,17900.0,1000.0,375900.0
280,2021-10-12 03:17:02,17900.0,300.0,374900.0
281,2021-10-12 03:17:02,17900.0,100.0,374600.0
282,2021-10-12 03:17:02,17900.0,200.0,374500.0
283,2021-10-12 03:17:02,17900.0,500.0,374300.0
284,2021-10-12 03:17:02,17900.0,5000.0,373800.0
285,2021-10-12 03:17:02,17900.0,3000.0,368800.0
286,2021-10-12 03:17:02,17900.0,200.0,365800.0
287,2021-10-12 03:17:02,17900.0,1500.0,365600.0
288,2021-10-12 03:17:02,17900.0,1000.0,364100.0
289,2021-10-12 03:17:02,17900.0,100.0,363100.0
290,2021-10-12 03:17:02,17900.0,100.0,363000.0
291,2021-10-12 03:17:02,17900.0,100.0,362900.0
292,2021-10-12 03:17:02,17900.0,1000.0,362800.0
293,2021-10-12 03:17:02,17900.0,200.0,361800.0
294,2021-10-12 03:17:02,17900.0,500.0,361600.0
295,2021-10-12 03:17:02,17900.0,200.0,361100.0
296,2021-10-12 03:17:02,17900.0,2100.0,360900.0
297,2021-10-12 03:16:44,17950.0,100.0,358800.0
298,2021-10-12 03:16:07,17950.0,500.0,358700.0
299,2021-10-12 03:15:25,17950.0,100.0,358200.0
300,2021-10-12 03:15:13,17950.0,1500.0,358100.0
301,2021-10-12 03:15:11,17950.0,500.0,356600.0
302,2021-10-12 03:14:59,17950.0,1000.0,356100.0
303,2021-10-12 03:14:54,17900.0,900.0,355100.0
304,2021-10-12 03:14:54,17900.0,100.0,354200.0
305,2021-10-12 03:14:21,17900.0,600.0,354100.0
306,2021-10-12 03:14:18,17900.0,300.0,353500.0
307,2021-10-12 03:14:18,17900.0,100.0,353200.0
308,2021-10-12 03:14:18,17900.0,800.0,353100.0
309,2021-10-12 03:14:18,17900.0,500.0,352300.0
310,2021-10-12 03:14:18,17900.0,300.0,351800.0
311,2021-10-12 03:14:02,17950.0,100.0,351500.0
312,2021-10-12 03:13:55,17950.0,1000.0,351400.0
313,2021-10-12 03:13:37,17950.0,7300.0,350400.0
314,2021-10-12 03:13:37,17950.0,6200.0,343100.0
315,2021-10-12 03:13:25,17950.0,2000.0,336900.0
316,2021-10-12 03:13:10,17950.0,100.0,334900.0
317,2021-10-12 03:13:10,17950.0,800.0,334800.0
318,2021-10-12 03:13:10,17950.0,1000.0,334000.0
319,2021-10-12 03:13:10,17950.0,5000.0,333000.0
320,2021-10-12 03:13:10,17950.0,1000.0,328000.0
321,2021-10-12 03:13:10,17950.0,100.0,327000.0
322,2021-10-12 03:13:10,17950.0,3000.0,326900.0
323,2021-10-12 03:13:10,17950.0,100.0,323900.0
324,2021-10-12 03:13:10,17950.0,100.0,323800.0
325,2021-10-12 03:13:10,17950.0,300.0,323700.0
326,2021-10-12 03:13:10,17950.0,300.0,323400.0
327,2021-10-12 03:09:13,17950.0,700.0,323100.0
328,2021-10-12 03:09:03,17950.0,2300.0,322400.0
329,2021-10-12 03:09:03,17950.0,700.0,320100.0
330,2021-10-12 03:08:38,17950.0,1600.0,319400.0
331,2021-10-12 03:08:36,17950.0,500.0,317800.0
332,2021-10-12 03:08:36,17950.0,100.0,317300.0
333,2021-10-12 03:08:24,17950.0,1000.0,317200.0
334,2021-10-12 03:08:07,17950.0,100.0,316200.0
335,2021-10-12 03:07:52,17950.0,1000.0,316100.0
336,2021-10-12 03:07:52,17950.0,2000.0,315100.0
337,2021-10-12 03:07:50,17950.0,1000.0,313100.0
338,2021-10-12 03:07:29,17950.0,700.0,312100.0
339,2021-10-12 03:07:20,17950.0,400.0,311400.0
340,2021-10-12 03:07:18,17950.0,500.0,311000.0
341,2021-10-12 03:07:18,17950.0,100.0,310500.0
342,2021-10-12 03:07:18,17950.0,1000.0,310400.0
343,2021-10-12 03:07:18,17950.0,1000.0,309400.0
344,2021-10-12 03:07:18,17950.0,1000.0,308400.0
345,2021-10-12 03:07:18,17950.0,100.0,307400.0
346,2021-10-12 03:07:18,17950.0,500.0,307300.0
347,2021-10-12 03:07:18,17950.0,500.0,306800.0
348,2021-10-12 03:07:18,17950.0,100.0,306300.0
349,2021-10-12 03:07:18,17950.0,1000.0,306200.0
350,2021-10-12 03:07:18,17950.0,1500.0,305200.0
351,2021-10-12 03:07:18,17950.0,1500.0,303700.0
352,2021-10-12 03:07:18,17950.0,100.0,302200.0
353,2021-10-12 03:07:18,17950.0,4000.0,302100.0
354,2021-10-12 03:07:18,17950.0,3000.0,298100.0
355,2021-10-12 03:06:03,18000.0,100.0,295100.0
356,2021-10-12 03:06:03,18000.0,1000.0,295000.0
357,2021-10-12 03:06:03,18000.0,200.0,294000.0
358,2021-10-12 03:06:03,18000.0,500.0,293800.0
359,2021-10-12 03:06:03,18000.0,500.0,293300.0
360,2021-10-12 03:06:03,18000.0,500.0,292800.0
361,2021-10-12 03:06:03,18000.0,200.0,292300.0
362,2021-10-12 03:06:03,18000.0,200.0,292100.0
363,2021-10-12 03:05:59,18000.0,200.0,291900.0
364,2021-10-12 03:05:59,18000.0,300.0,291700.0
365,2021-10-12 03:05:59,18000.0,100.0,291400.0
366,2021-10-12 03:05:59,18000.0,500.0,291300.0
367,2021-10-12 03:05:59,18000.0,3900.0,290800.0
368,2021-10-12 03:05:53,18000.0,4100.0,286900.0
369,2021-10-12 03:05:53,18000.0,100.0,282800.0
370,2021-10-12 03:05:53,18000.0,5000.0,282700.0
371,2021-10-12 03:05:53,18000.0,100.0,277700.0
372,2021-10-12 03:05:53,18000.0,4000.0,277600.0
373,2021-10-12 03:05:53,18000.0,100.0,273600.0
374,2021-10-12 03:05:53,18000.0,100.0,273500.0
375,2021-10-12 03:05:53,18050.0,100.0,273400.0
376,2021-10-12 03:05:47,18000.0,1000.0,273300.0
377,2021-10-12 03:05:47,18000.0,100.0,272300.0
378,2021-10-12 03:05:47,18000.0,500.0,272200.0
379,2021-10-12 03:05:47,18000.0,8600.0,271700.0
380,2021-10-12 03:05:45,18050.0,500.0,263100.0
381,2021-10-12 03:05:43,18000.0,1400.0,262600.0
382,2021-10-12 03:05:43,18000.0,200.0,261200.0
383,2021-10-12 03:05:43,18000.0,200.0,261000.0
384,2021-10-12 03:05:43,18000.0,400.0,260800.0
385,2021-10-12 03:05:43,18000.0,2000.0,260400.0
386,2021-10-12 03:05:43,18000.0,800.0,258400.0
387,2021-10-12 03:05:35,18000.0,2200.0,257600.0
388,2021-10-12 03:05:35,18000.0,100.0,255400.0
389,2021-10-12 03:05:35,18000.0,100.0,255300.0
390,2021-10-12 03:05:35,18000.0,500.0,255200.0
391,2021-10-12 03:05:35,18000.0,400.0,254700.0
392,2021-10-12 03:05:35,18000.0,600.0,254300.0
393,2021-10-12 03:05:35,18000.0,100.0,253700.0
394,2021-10-12 03:05:35,18000.0,500.0,253600.0
395,2021-10-12 03:05:35,18000.0,500.0,253100.0
396,2021-10-12 03:05:35,18000.0,1000.0,252600.0
397,2021-10-12 03:05:35,18000.0,300.0,251600.0
398,2021-10-12 03:05:35,18000.0,700.0,251300.0
399,2021-10-12 03:05:35,18000.0,1000.0,250600.0
400,2021-10-12 03:05:35,18000.0,100.0,249600.0
401,2021-10-12 03:05:35,18000.0,100.0,249500.0
402,2021-10-12 03:05:35,18000.0,200.0,249400.0
403,2021-10-12 03:05:35,18000.0,100.0,249200.0
404,2021-10-12 03:05:35,18000.0,500.0,249100.0
405,2021-10-12 03:05:35,18000.0,200.0,248600.0
406,2021-10-12 03:05:35,18000.0,500.0,248400.0
407,2021-10-12 03:05:35,18000.0,5000.0,247900.0
408,2021-10-12 03:05:35,18000.0,1000.0,242900.0
409,2021-10-12 03:05:35,18000.0,3300.0,241900.0
410,2021-10-12 03:05:35,18000.0,1800.0,238600.0
411,2021-10-12 03:05:35,18000.0,3000.0,236800.0
412,2021-10-12 03:05:35,18000.0,500.0,233800.0
413,2021-10-12 03:05:35,18000.0,1000.0,233300.0
414,2021-10-12 03:05:35,18000.0,4700.0,232300.0
415,2021-10-12 03:05:10,18000.0,2000.0,227600.0
416,2021-10-12 03:05:04,18050.0,200.0,225600.0
417,2021-10-12 03:04:42,18050.0,300.0,225400.0
418,2021-10-12 03:04:42,18050.0,200.0,225100.0
419,2021-10-12 03:04:03,18050.0,1000.0,224900.0
420,2021-10-12 03:03:54,18000.0,3300.0,223900.0
421,2021-10-12 03:03:54,18000.0,1500.0,220600.0
422,2021-10-12 03:03:54,18000.0,200.0,219100.0
423,2021-10-12 03:03:37,18050.0,1000.0,218900.0
424,2021-10-12 03:03:07,18050.0,200.0,217900.0
425,2021-10-12 03:03:01,18050.0,900.0,217700.0
426,2021-10-12 03:02:53,18050.0,200.0,216800.0
427,2021-10-12 03:02:36,18050.0,100.0,216600.0
428,2021-10-12 03:02:32,18050.0,800.0,216500.0
429,2021-10-12 03:02:25,18050.0,500.0,215700.0
430,2021-10-12 03:02:25,18050.0,300.0,215200.0
431,2021-10-12 03:02:23,18050.0,500.0,214900.0
432,2021-10-12 03:02:05,18050.0,200.0,214400.0
433,2021-10-12 03:01:46,18050.0,1800.0,214200.0
434,2021-10-12 03:01:12,18050.0,1600.0,212400.0
435,2021-10-12 03:00:41,18050.0,3400.0,210800.0
436,2021-10-12 03:00:41,18050.0,1500.0,207400.0
437,2021-10-12 03:00:41,18050.0,300.0,205900.0
438,2021-10-12 03:00:41,18050.0,200.0,205600.0
439,2021-10-12 03:00:41,18050.0,200.0,205400.0
440,2021-10-12 03:00:41,18050.0,200.0,205200.0
441,2021-10-12 03:00:41,18050.0,3200.0,205000.0
442,2021-10-12 03:00:41,18050.0,300.0,201800.0
443,2021-10-12 02:59:52,18050.0,700.0,201500.0
444,2021-10-12 02:57:11,18050.0,800.0,200800.0
445,2021-10-12 02:57:08,18050.0,2000.0,200000.0
446,2021-10-12 02:57:05,18050.0,1200.0,198000.0
447,2021-10-12 02:57:05,18050.0,300.0,196800.0
448,2021-10-12 02:56:27,18050.0,1000.0,196500.0
449,2021-10-12 02:56:14,18050.0,5000.0,195500.0
450,2021-10-12 02:56:02,18050.0,3200.0,190500.0
451,2021-10-12 02:56:02,18050.0,1300.0,187300.0
452,2021-10-12 02:56:02,18050.0,100.0,186000.0
453,2021-10-12 02:55:10,18050.0,500.0,185900.0
454,2021-10-12 02:54:53,18050.0,1100.0,185400.0
455,2021-10-12 02:54:53,18050.0,500.0,184300.0
456,2021-10-12 02:54:46,18050.0,100.0,183800.0
457,2021-10-12 02:54:45,18050.0,1000.0,183700.0
458,2021-10-12 02:54:26,18050.0,1000.0,182700.0
459,2021-10-12 02:54:18,18050.0,100.0,181700.0
460,2021-10-12 02:54:18,18050.0,700.0,181600.0
461,2021-10-12 02:54:12,18050.0,1400.0,180900.0
462,2021-10-12 02:54:12,18050.0,100.0,179500.0
463,2021-10-12 02:53:57,18050.0,400.0,179400.0
464,2021-10-12 02:53:57,18050.0,900.0,179000.0
465,2021-10-12 02:53:52,18050.0,1700.0,178100.0
466,2021-10-12 02:53:52,18050.0,300.0,176400.0
467,2021-10-12 02:53:02,18050.0,2000.0,176100.0
468,2021-10-12 02:52:43,18050.0,300.0,174100.0
469,2021-10-12 02:52:43,18050.0,3900.0,173800.0
470,2021-10-12 02:52:37,18050.0,100.0,169900.0
471,2021-10-12 02:52:09,18050.0,4900.0,169800.0
472,2021-10-12 02:52:09,18050.0,100.0,164900.0
473,2021-10-12 02:51:59,18050.0,200.0,164800.0
474,2021-10-12 02:51:12,18050.0,100.0,164600.0
475,2021-10-12 02:50:50,18050.0,100.0,164500.0
476,2021-10-12 02:50:46,18050.0,100.0,164400.0
477,2021-10-12 02:50:46,18050.0,1000.0,164300.0
478,2021-10-12 02:50:46,18050.0,100.0,163300.0
479,2021-10-12 02:50:46,18050.0,500.0,163200.0
480,2021-10-12 02:50:46,18050.0,200.0,162700.0
481,2021-10-12 02:50:46,18050.0,500.0,162500.0
482,2021-10-12 02:50:46,18050.0,600.0,162000.0
483,2021-10-12 02:50:38,18050.0,400.0,161400.0
484,2021-10-12 02:50:38,18050.0,300.0,161000.0
485,2021-10-12 02:50:38,18050.0,1000.0,160700.0
486,2021-10-12 02:50:38,18050.0,100.0,159700.0
487,2021-10-12 02:50:38,18050.0,400.0,159600.0
488,2021-10-12 02:50:38,18050.0,500.0,159200.0
489,2021-10-12 02:50:38,18050.0,1500.0,158700.0
490,2021-10-12 02:50:38,18050.0,1000.0,157200.0
491,2021-10-12 02:50:38,18050.0,400.0,156200.0
492,2021-10-12 02:50:38,18050.0,900.0,155800.0
493,2021-10-12 02:50:15,18050.0,400.0,154900.0
494,2021-10-12 02:48:34,18100.0,500.0,154500.0
495,2021-10-12 02:47:58,18100.0,900.0,154000.0
496,2021-10-12 02:47:49,18100.0,2300.0,153100.0
497,2021-10-12 02:47:06,18100.0,1300.0,150800.0
498,2021-10-12 02:46:45,18100.0,500.0,149500.0
499,2021-10-12 02:46:45,18100.0,1900.0,149000.0
500,2021-10-12 02:46:27,18100.0,3100.0,147100.0
501,2021-10-12 02:46:19,18100.0,100.0,144000.0
502,2021-10-12 02:46:03,18100.0,100.0,143900.0
503,2021-10-12 02:45:50,18100.0,100.0,143800.0
504,2021-10-12 02:45:17,18100.0,300.0,143700.0
505,2021-10-12 02:44:50,18100.0,2000.0,143400.0
506,2021-10-12 02:44:50,18100.0,1000.0,141400.0
507,2021-10-12 02:44:50,18100.0,1700.0,140400.0
508,2021-10-12 02:43:13,18100.0,100.0,138700.0
509,2021-10-12 02:43:13,18100.0,1200.0,138600.0
510,2021-10-12 02:41:31,18100.0,100.0,137400.0
511,2021-10-12 02:40:22,18100.0,3700.0,137300.0
512,2021-10-12 02:40:02,18100.0,500.0,133600.0
513,2021-10-12 02:40:02,18100.0,900.0,133100.0
514,2021-10-12 02:39:57,18100.0,6000.0,132200.0
515,2021-10-12 02:38:38,18100.0,2900.0,126200.0
516,2021-10-12 02:38:38,18100.0,200.0,123300.0
517,2021-10-12 02:38:13,18100.0,2000.0,123100.0
518,2021-10-12 02:38:10,18100.0,400.0,121100.0
519,2021-10-12 02:38:10,18100.0,1000.0,120700.0
520,2021-10-12 02:38:10,18100.0,900.0,119700.0
521,2021-10-12 02:38:02,18100.0,1400.0,118800.0
522,2021-10-12 02:36:46,18100.0,2700.0,117400.0
523,2021-10-12 02:35:52,18100.0,500.0,114700.0
524,2021-10-12 02:35:51,18100.0,700.0,114200.0
525,2021-10-12 02:35:51,18100.0,100.0,113500.0
526,2021-10-12 02:35:51,18100.0,500.0,113400.0
527,2021-10-12 02:35:31,18150.0,100.0,112900.0
528,2021-10-12 02:35:27,18150.0,200.0,112800.0
529,2021-10-12 02:34:26,18100.0,500.0,112600.0
530,2021-10-12 02:32:03,18100.0,100.0,112100.0
531,2021-10-12 02:30:08,18100.0,300.0,112000.0
532,2021-10-12 02:30:08,18100.0,400.0,111700.0
533,2021-10-12 02:30:08,18100.0,2300.0,111300.0
534,2021-10-12 02:29:46,18050.0,2500.0,109000.0
535,2021-10-12 02:29:46,18000.0,200.0,106500.0
536,2021-10-12 02:29:44,18000.0,1000.0,106300.0
537,2021-10-12 02:29:44,18000.0,2600.0,105300.0
538,2021-10-12 02:29:32,18000.0,3400.0,102700.0
539,2021-10-12 02:29:32,18000.0,2000.0,99300.0
540,2021-10-12 02:29:32,18000.0,4600.0,97300.0
541,2021-10-12 02:28:16,18000.0,500.0,92700.0
542,2021-10-12 02:28:16,18000.0,100.0,92200.0
543,2021-10-12 02:28:16,18000.0,1600.0,92100.0
544,2021-10-12 02:28:12,18000.0,5000.0,90500.0
545,2021-10-12 02:28:03,18000.0,100.0,85500.0
546,2021-10-12 02:27:38,18000.0,3300.0,85400.0
547,2021-10-12 02:27:27,18000.0,1700.0,82100.0
548,2021-10-12 02:27:27,18000.0,3300.0,80400.0
549,2021-10-12 02:27:17,18000.0,500.0,77100.0
550,2021-10-12 02:27:02,18000.0,1000.0,76600.0
551,2021-10-12 02:27:02,18000.0,500.0,75600.0
552,2021-10-12 02:27:02,18000.0,200.0,75100.0
553,2021-10-12 02:27:02,18000.0,2000.0,74900.0
554,2021-10-12 02:27:02,18000.0,2500.0,72900.0
555,2021-10-12 02:27:00,18000.0,500.0,70400.0
556,2021-10-12 02:27:00,18000.0,2000.0,69900.0
557,2021-10-12 02:27:00,18000.0,2000.0,67900.0
558,2021-10-12 02:27:00,18000.0,100.0,65900.0
559,2021-10-12 02:27:00,18000.0,200.0,65800.0
560,2021-10-12 02:27:00,18000.0,800.0,65600.0
561,2021-10-12 02:26:56,18000.0,200.0,64800.0
562,2021-10-12 02:26:56,18000.0,800.0,64600.0
563,2021-10-12 02:26:39,18000.0,4200.0,63800.0
564,2021-10-12 02:26:39,18000.0,800.0,59600.0
565,2021-10-12 02:26:23,18050.0,600.0,58800.0
566,2021-10-12 02:26:23,18050.0,700.0,58200.0
567,2021-10-12 02:26:23,18050.0,3100.0,57500.0
568,2021-10-12 02:26:23,18050.0,600.0,54400.0
569,2021-10-12 02:26:16,18000.0,1000.0,53800.0
570,2021-10-12 02:25:44,18000.0,200.0,52800.0
571,2021-10-12 02:25:44,18000.0,800.0,52600.0
572,2021-10-12 02:25:06,18000.0,800.0,51800.0
573,2021-10-12 02:25:06,18000.0,100.0,51000.0
574,2021-10-12 02:25:06,18000.0,100.0,50900.0
575,2021-10-12 02:24:07,18000.0,500.0,50800.0
576,2021-10-12 02:23:50,18000.0,2000.0,50300.0
577,2021-10-12 02:23:50,18000.0,2400.0,48300.0
578,2021-10-12 02:23:46,18000.0,200.0,45900.0
579,2021-10-12 02:23:16,18000.0,1000.0,45700.0
580,2021-10-12 02:23:16,18000.0,1000.0,44700.0
581,2021-10-12 02:23:16,18000.0,2000.0,43700.0
582,2021-10-12 02:22:32,18050.0,400.0,41700.0
583,2021-10-12 02:22:32,18050.0,600.0,41300.0
584,2021-10-12 02:22:08,18000.0,1000.0,40700.0
585,2021-10-12 02:21:54,18000.0,300.0,39700.0
586,2021-10-12 02:21:46,18000.0,700.0,39400.0
587,2021-10-12 02:21:46,18000.0,500.0,38700.0
588,2021-10-12 02:21:46,18000.0,500.0,38200.0
589,2021-10-12 02:21:46,18000.0,2000.0,37700.0
590,2021-10-12 02:21:46,18000.0,500.0,35700.0
591,2021-10-12 02:21:46,18000.0,1800.0,35200.0
592,2021-10-12 02:20:55,18000.0,200.0,33400.0
593,2021-10-12 02:20:55,18000.0,100.0,33200.0
594,2021-10-12 02:20:55,18000.0,1500.0,33100.0
595,2021-10-12 02:20:55,18000.0,1000.0,31600.0
596,2021-10-12 02:20:55,18000.0,200.0,30600.0
597,2021-10-12 02:19:32,18000.0,500.0,30400.0
598,2021-10-12 02:19:02,18000.0,300.0,29900.0
599,2021-10-12 02:19:01,18000.0,100.0,29600.0
600,2021-10-12 02:19:01,18000.0,100.0,29500.0
601,2021-10-12 02:19:01,18000.0,300.0,29400.0
602,2021-10-12 02:19:01,18000.0,200.0,29100.0
603,2021-10-12 02:18:43,18000.0,1000.0,28900.0
604,2021-10-12 02:18:17,18050.0,2000.0,27900.0
605,2021-10-12 02:18:17,18000.0,3000.0,25900.0
606,2021-10-12 02:18:16,18000.0,400.0,22900.0
607,2021-10-12 02:18:15,18000.0,200.0,22500.0
608,2021-10-12 02:18:15,18000.0,100.0,22300.0
609,2021-10-12 02:18:15,18000.0,300.0,22200.0
610,2021-10-12 02:18:15,18000.0,100.0,21900.0
611,2021-10-12 02:18:15,18000.0,500.0,21800.0
612,2021-10-12 02:18:15,18000.0,400.0,21300.0
613,2021-10-12 02:18:12,18000.0,100.0,20900.0
614,2021-10-12 02:18:12,18000.0,1000.0,20800.0
615,2021-10-12 02:18:12,18000.0,1000.0,19800.0
616,2021-10-12 02:18:12,18000.0,3000.0,18800.0
617,2021-10-12 02:18:12,18000.0,100.0,15800.0
618,2021-10-12 02:18:12,18000.0,1000.0,15700.0
619,2021-10-12 02:18:12,18000.0,200.0,14700.0
620,2021-10-12 02:18:12,18000.0,200.0,14500.0
621,2021-10-12 02:18:12,18000.0,200.0,14300.0
622,2021-10-12 02:18:01,18050.0,500.0,14100.0
623,2021-10-12 02:18:00,18050.0,1000.0,13600.0
624,2021-10-12 02:17:34,18100.0,500.0,12600.0
625,2021-10-12 02:16:24,18000.0,200.0,12100.0
626,2021-10-12 02:16:15,18000.0,600.0,11900.0
627,2021-10-12 02:15:54,18000.0,500.0,11300.0
628,2021-10-12 02:15:54,18000.0,5000.0,10800.0
629,2021-10-12 02:15:54,18000.0,100.0,5800.0
630,2021-10-12 02:15:54,18000.0,100.0,5700.0
631,2021-10-12 02:15:54,18000.0,100.0,5600.0
632,2021-10-12 02:15:54,18000.0,1000.0,5500.0
633,2021-10-12 02:15:54,18000.0,1000.0,4500.0
634,2021-10-12 02:15:54,18000.0,500.0,3500.0
635,2021-10-12 02:15:54,18000.0,100.0,3000.0
636,2021-10-12 02:15:54,18000.0,400.0,2900.0
637,2021-10-12 02:15:54,18050.0,100.0,2500.0
638,2021-10-12 02:15:54,18050.0,500.0,2400.0
639,2021-10-12 02:15:44,18100.0,100.0,1900.0
640,2021-10-12 02:15:44,18100.0,200.0,1800.0
641,2021-10-12 02:15:44,18100.0,700.0,1600.0
642,2021-10-12 02:15:44,18100.0,100.0,900.0
643,2021-10-12 02:15:33,18150.0,100.0,800.0
644,2021-10-12 02:15:33,18150.0,500.0,700.0
645,2021-10-12 02:15:14,18200.0,100.0,200.0
646,2021-10-12 02:15:12,18200.0,100.0,100.0
