,Time,Price,Volume_per_trade,Volume
0,2021-10-01 14:45:01,28700.0,3000.0,20181900.0
1,2021-10-01 14:45:01,28700.0,1000.0,20178900.0
2,2021-10-01 14:45:01,28700.0,500.0,20177900.0
3,2021-10-01 14:45:01,28700.0,200.0,20177400.0
4,2021-10-01 14:45:01,28700.0,300.0,20177200.0
5,2021-10-01 14:45:01,28700.0,1200.0,20176900.0
6,2021-10-01 14:45:01,28700.0,2500.0,20175700.0
7,2021-10-01 14:45:01,28700.0,500.0,20173200.0
8,2021-10-01 14:45:01,28700.0,800.0,20172700.0
9,2021-10-01 14:45:01,28700.0,100.0,20171900.0
10,2021-10-01 14:45:01,28700.0,300.0,20171800.0
11,2021-10-01 14:45:01,28700.0,100.0,20171500.0
12,2021-10-01 14:45:01,28700.0,100.0,20171400.0
13,2021-10-01 14:45:01,28700.0,300.0,20171300.0
14,2021-10-01 14:45:01,28700.0,500.0,20171000.0
15,2021-10-01 14:45:01,28700.0,1800.0,20170500.0
16,2021-10-01 14:45:01,28700.0,2000.0,20168700.0
17,2021-10-01 14:45:01,28700.0,500.0,20166700.0
18,2021-10-01 14:45:01,28700.0,1000.0,20166200.0
19,2021-10-01 14:45:01,28700.0,500.0,20165200.0
20,2021-10-01 14:45:01,28700.0,2000.0,20164700.0
21,2021-10-01 14:45:01,28700.0,1400.0,20162700.0
22,2021-10-01 14:45:01,28700.0,1600.0,20161300.0
23,2021-10-01 14:45:01,28700.0,400.0,20159700.0
24,2021-10-01 14:45:01,28700.0,1800.0,20159300.0
25,2021-10-01 14:45:01,28700.0,400.0,20157500.0
26,2021-10-01 14:45:01,28700.0,1000.0,20157100.0
27,2021-10-01 14:45:01,28700.0,1800.0,20156100.0
28,2021-10-01 14:45:01,28700.0,2000.0,20154300.0
29,2021-10-01 14:45:01,28700.0,500.0,20152300.0
30,2021-10-01 14:45:01,28700.0,5700.0,20151800.0
31,2021-10-01 14:45:01,28700.0,500.0,20146100.0
32,2021-10-01 14:45:01,28700.0,100.0,20145600.0
33,2021-10-01 14:45:01,28700.0,100.0,20145500.0
34,2021-10-01 14:45:01,28700.0,200.0,20145400.0
35,2021-10-01 14:45:01,28700.0,1000.0,20145200.0
36,2021-10-01 14:45:01,28700.0,100.0,20144200.0
37,2021-10-01 14:45:01,28700.0,300.0,20144100.0
38,2021-10-01 14:45:01,28700.0,1000.0,20143800.0
39,2021-10-01 14:45:01,28700.0,100.0,20142800.0
40,2021-10-01 14:45:01,28700.0,100.0,20142700.0
41,2021-10-01 14:45:01,28700.0,200.0,20142600.0
42,2021-10-01 14:45:01,28700.0,100.0,20142400.0
43,2021-10-01 14:45:01,28700.0,500.0,20142300.0
44,2021-10-01 14:45:01,28700.0,500.0,20141800.0
45,2021-10-01 14:45:01,28700.0,5700.0,20141300.0
46,2021-10-01 14:45:01,28700.0,4000.0,20135600.0
47,2021-10-01 14:45:01,28700.0,300.0,20131600.0
48,2021-10-01 14:45:01,28700.0,500.0,20131300.0
49,2021-10-01 14:45:01,28700.0,100.0,20130800.0
50,2021-10-01 14:45:01,28700.0,100.0,20130700.0
51,2021-10-01 14:45:01,28700.0,500.0,20130600.0
52,2021-10-01 14:45:01,28700.0,100.0,20130100.0
53,2021-10-01 14:45:01,28700.0,100.0,20130000.0
54,2021-10-01 14:45:01,28700.0,200.0,20129900.0
55,2021-10-01 14:45:01,28700.0,2100.0,20129700.0
56,2021-10-01 14:45:01,28700.0,100.0,20127600.0
57,2021-10-01 14:45:01,28700.0,100.0,20127500.0
58,2021-10-01 14:45:01,28700.0,200.0,20127400.0
59,2021-10-01 14:45:01,28700.0,500.0,20127200.0
60,2021-10-01 14:45:01,28700.0,400.0,20126700.0
61,2021-10-01 14:45:01,28700.0,600.0,20126300.0
62,2021-10-01 14:45:01,28700.0,100.0,20125700.0
63,2021-10-01 14:45:01,28700.0,400.0,20125600.0
64,2021-10-01 14:45:01,28700.0,500.0,20125200.0
65,2021-10-01 14:45:01,28700.0,100.0,20124700.0
66,2021-10-01 14:45:01,28700.0,5400.0,20124600.0
67,2021-10-01 14:45:01,28700.0,100.0,20119200.0
68,2021-10-01 14:45:01,28700.0,1000.0,20119100.0
69,2021-10-01 14:45:01,28700.0,500.0,20118100.0
70,2021-10-01 14:45:01,28700.0,200.0,20117600.0
71,2021-10-01 14:45:01,28700.0,2000.0,20117400.0
72,2021-10-01 14:45:01,28700.0,5000.0,20115400.0
73,2021-10-01 14:45:01,28700.0,100.0,20110400.0
74,2021-10-01 14:45:01,28700.0,200.0,20110300.0
75,2021-10-01 14:45:01,28700.0,200.0,20110100.0
76,2021-10-01 14:45:01,28700.0,500.0,20109900.0
77,2021-10-01 14:45:01,28700.0,500.0,20109400.0
78,2021-10-01 14:45:01,28700.0,2500.0,20108900.0
79,2021-10-01 14:45:01,28700.0,100.0,20106400.0
80,2021-10-01 14:45:01,28700.0,5000.0,20106300.0
81,2021-10-01 14:45:01,28700.0,100.0,20101300.0
82,2021-10-01 14:45:01,28700.0,1000.0,20101200.0
83,2021-10-01 14:45:01,28700.0,1700.0,20100200.0
84,2021-10-01 14:45:01,28700.0,100.0,20098500.0
85,2021-10-01 14:45:01,28700.0,500.0,20098400.0
86,2021-10-01 14:45:01,28700.0,100.0,20097900.0
87,2021-10-01 14:45:01,28700.0,100.0,20097800.0
88,2021-10-01 14:45:01,28700.0,100.0,20097700.0
89,2021-10-01 14:45:01,28700.0,500.0,20097600.0
90,2021-10-01 14:45:01,28700.0,200.0,20097100.0
91,2021-10-01 14:45:01,28700.0,1200.0,20096900.0
92,2021-10-01 14:45:01,28700.0,100.0,20095700.0
93,2021-10-01 14:45:01,28700.0,300.0,20095600.0
94,2021-10-01 14:45:01,28700.0,400.0,20095300.0
95,2021-10-01 14:45:01,28700.0,300.0,20094900.0
96,2021-10-01 14:45:01,28700.0,100.0,20094600.0
97,2021-10-01 14:45:01,28700.0,100.0,20094500.0
98,2021-10-01 14:45:01,28700.0,200.0,20094400.0
99,2021-10-01 14:45:01,28700.0,100.0,20094200.0
100,2021-10-01 14:45:01,28700.0,500.0,20094100.0
101,2021-10-01 14:45:01,28700.0,200.0,20093600.0
102,2021-10-01 14:45:01,28700.0,5000.0,20093400.0
103,2021-10-01 14:45:01,28700.0,400.0,20088400.0
104,2021-10-01 14:45:01,28700.0,1400.0,20088000.0
105,2021-10-01 14:45:01,28700.0,1000.0,20086600.0
106,2021-10-01 14:45:01,28700.0,200.0,20085600.0
107,2021-10-01 14:45:01,28700.0,200.0,20085400.0
108,2021-10-01 14:45:01,28700.0,2800.0,20085200.0
109,2021-10-01 14:45:01,28700.0,100.0,20082400.0
110,2021-10-01 14:45:01,28700.0,100.0,20082300.0
111,2021-10-01 14:45:01,28700.0,100.0,20082200.0
112,2021-10-01 14:45:01,28700.0,1000.0,20082100.0
113,2021-10-01 14:45:01,28700.0,100.0,20081100.0
114,2021-10-01 14:45:01,28700.0,100.0,20081000.0
115,2021-10-01 14:45:01,28700.0,100.0,20080900.0
116,2021-10-01 14:45:01,28700.0,300.0,20080800.0
117,2021-10-01 14:45:01,28700.0,100.0,20080500.0
118,2021-10-01 14:45:01,28700.0,100.0,20080400.0
119,2021-10-01 14:45:01,28700.0,500.0,20080300.0
120,2021-10-01 14:45:01,28700.0,500.0,20079800.0
121,2021-10-01 14:45:01,28700.0,100.0,20079300.0
122,2021-10-01 14:45:01,28700.0,1000.0,20079200.0
123,2021-10-01 14:45:01,28700.0,500.0,20078200.0
124,2021-10-01 14:45:01,28700.0,100.0,20077700.0
125,2021-10-01 14:45:01,28700.0,100.0,20077600.0
126,2021-10-01 14:45:01,28700.0,200.0,20077500.0
127,2021-10-01 14:45:01,28700.0,500.0,20077300.0
128,2021-10-01 14:45:01,28700.0,1000.0,20076800.0
129,2021-10-01 14:45:01,28700.0,500.0,20075800.0
130,2021-10-01 14:45:01,28700.0,500.0,20075300.0
131,2021-10-01 14:45:01,28700.0,500.0,20074800.0
132,2021-10-01 14:45:01,28700.0,3500.0,20074300.0
133,2021-10-01 14:45:01,28700.0,1000.0,20070800.0
134,2021-10-01 14:45:01,28700.0,100.0,20069800.0
135,2021-10-01 14:45:01,28700.0,100.0,20069700.0
136,2021-10-01 14:45:01,28700.0,300.0,20069600.0
137,2021-10-01 14:45:01,28700.0,100.0,20069300.0
138,2021-10-01 14:45:01,28700.0,100.0,20069200.0
139,2021-10-01 14:45:01,28700.0,200.0,20069100.0
140,2021-10-01 14:45:01,28700.0,100.0,20068900.0
141,2021-10-01 14:45:01,28700.0,200.0,20068800.0
142,2021-10-01 14:45:01,28700.0,100.0,20068600.0
143,2021-10-01 14:45:01,28700.0,200.0,20068500.0
144,2021-10-01 14:45:01,28700.0,1500.0,20068300.0
145,2021-10-01 14:45:01,28700.0,500.0,20066800.0
146,2021-10-01 14:45:01,28700.0,100.0,20066300.0
147,2021-10-01 14:45:01,28700.0,1000.0,20066200.0
148,2021-10-01 14:45:01,28700.0,2000.0,20065200.0
149,2021-10-01 14:45:01,28700.0,100.0,20063200.0
150,2021-10-01 14:45:01,28700.0,1300.0,20063100.0
151,2021-10-01 14:45:01,28700.0,300.0,20061800.0
152,2021-10-01 14:45:01,28700.0,100.0,20061500.0
153,2021-10-01 14:45:01,28700.0,500.0,20061400.0
154,2021-10-01 14:45:01,28700.0,2000.0,20060900.0
155,2021-10-01 14:45:01,28700.0,2000.0,20058900.0
156,2021-10-01 14:45:01,28700.0,100.0,20056900.0
157,2021-10-01 14:45:01,28700.0,300.0,20056800.0
158,2021-10-01 14:45:01,28700.0,1000.0,20056500.0
159,2021-10-01 14:45:01,28700.0,1000.0,20055500.0
160,2021-10-01 14:45:01,28700.0,200.0,20054500.0
161,2021-10-01 14:45:01,28700.0,200.0,20054300.0
162,2021-10-01 14:45:01,28700.0,200.0,20054100.0
163,2021-10-01 14:45:01,28700.0,100.0,20053900.0
164,2021-10-01 14:45:01,28700.0,300.0,20053800.0
165,2021-10-01 14:45:01,28700.0,100.0,20053500.0
166,2021-10-01 14:45:01,28700.0,100.0,20053400.0
167,2021-10-01 14:45:01,28700.0,200.0,20053300.0
168,2021-10-01 14:45:01,28700.0,3000.0,20053100.0
169,2021-10-01 14:45:01,28700.0,300.0,20050100.0
170,2021-10-01 14:45:01,28700.0,100.0,20049800.0
171,2021-10-01 14:45:01,28700.0,100.0,20049700.0
172,2021-10-01 14:45:01,28700.0,100.0,20049600.0
173,2021-10-01 14:45:01,28700.0,200.0,20049500.0
174,2021-10-01 14:45:01,28700.0,1200.0,20049300.0
175,2021-10-01 14:45:01,28700.0,1000.0,20048100.0
176,2021-10-01 14:45:01,28700.0,100.0,20047100.0
177,2021-10-01 14:45:01,28700.0,300.0,20047000.0
178,2021-10-01 14:45:01,28700.0,300.0,20046700.0
179,2021-10-01 14:45:01,28700.0,100.0,20046400.0
180,2021-10-01 14:45:01,28700.0,600.0,20046300.0
181,2021-10-01 14:45:01,28700.0,1000.0,20045700.0
182,2021-10-01 14:45:01,28700.0,1300.0,20044700.0
183,2021-10-01 14:45:01,28700.0,500.0,20043400.0
184,2021-10-01 14:45:01,28700.0,500.0,20042900.0
185,2021-10-01 14:45:01,28700.0,100.0,20042400.0
186,2021-10-01 14:45:01,28700.0,500.0,20042300.0
187,2021-10-01 14:45:01,28700.0,100.0,20041800.0
188,2021-10-01 14:45:01,28700.0,100.0,20041700.0
189,2021-10-01 14:45:01,28700.0,10000.0,20041600.0
190,2021-10-01 14:45:01,28700.0,100.0,20031600.0
191,2021-10-01 14:45:01,28700.0,400.0,20031500.0
192,2021-10-01 14:45:01,28700.0,3000.0,20031100.0
193,2021-10-01 14:45:01,28700.0,500.0,20028100.0
194,2021-10-01 14:45:01,28700.0,500.0,20027600.0
195,2021-10-01 14:45:01,28700.0,300.0,20027100.0
196,2021-10-01 14:45:01,28700.0,2200.0,20026800.0
197,2021-10-01 14:45:01,28700.0,300.0,20024600.0
198,2021-10-01 14:45:01,28700.0,200.0,20024300.0
199,2021-10-01 14:45:01,28700.0,500.0,20024100.0
200,2021-10-01 14:45:01,28700.0,1000.0,20023600.0
201,2021-10-01 14:45:01,28700.0,100.0,20022600.0
202,2021-10-01 14:45:01,28700.0,1600.0,20022500.0
203,2021-10-01 14:45:01,28700.0,1000.0,20020900.0
204,2021-10-01 14:45:01,28700.0,200.0,20019900.0
205,2021-10-01 14:45:01,28700.0,2900.0,20019700.0
206,2021-10-01 14:45:01,28700.0,1100.0,20016800.0
207,2021-10-01 14:45:01,28700.0,1000.0,20015700.0
208,2021-10-01 14:45:01,28700.0,200.0,20014700.0
209,2021-10-01 14:45:01,28700.0,200.0,20014500.0
210,2021-10-01 14:45:01,28700.0,900.0,20014300.0
211,2021-10-01 14:45:01,28700.0,100.0,20013400.0
212,2021-10-01 14:45:01,28700.0,100.0,20013300.0
213,2021-10-01 14:45:01,28700.0,100.0,20013200.0
214,2021-10-01 14:45:01,28700.0,500.0,20013100.0
215,2021-10-01 14:45:01,28700.0,200.0,20012600.0
216,2021-10-01 14:45:01,28700.0,100.0,20012400.0
217,2021-10-01 14:45:01,28700.0,800.0,20012300.0
218,2021-10-01 14:45:01,28700.0,300.0,20011500.0
219,2021-10-01 14:45:01,28700.0,300.0,20011200.0
220,2021-10-01 14:45:01,28700.0,300.0,20010900.0
221,2021-10-01 14:45:01,28700.0,1300.0,20010600.0
222,2021-10-01 14:45:01,28700.0,300.0,20009300.0
223,2021-10-01 14:45:01,28700.0,300.0,20009000.0
224,2021-10-01 14:45:01,28700.0,700.0,20008700.0
225,2021-10-01 14:45:01,28700.0,1300.0,20008000.0
226,2021-10-01 14:45:01,28700.0,7700.0,20006700.0
227,2021-10-01 14:45:01,28700.0,2000.0,19999000.0
228,2021-10-01 14:45:01,28700.0,1000.0,19997000.0
229,2021-10-01 14:45:01,28700.0,200.0,19996000.0
230,2021-10-01 14:45:01,28700.0,100.0,19995800.0
231,2021-10-01 14:45:01,28700.0,4000.0,19995700.0
232,2021-10-01 14:45:01,28700.0,100.0,19991700.0
233,2021-10-01 14:45:01,28700.0,300.0,19991600.0
234,2021-10-01 14:45:01,28700.0,500.0,19991300.0
235,2021-10-01 14:45:01,28700.0,100.0,19990800.0
236,2021-10-01 14:45:01,28700.0,100.0,19990700.0
237,2021-10-01 14:45:01,28700.0,400.0,19990600.0
238,2021-10-01 14:45:01,28700.0,300.0,19990200.0
239,2021-10-01 14:45:01,28700.0,100.0,19989900.0
240,2021-10-01 14:45:01,28700.0,100.0,19989800.0
241,2021-10-01 14:45:01,28700.0,3200.0,19989700.0
242,2021-10-01 14:45:01,28700.0,1000.0,19986500.0
243,2021-10-01 14:45:01,28700.0,100.0,19985500.0
244,2021-10-01 14:45:01,28700.0,100.0,19985400.0
245,2021-10-01 14:45:01,28700.0,100.0,19985300.0
246,2021-10-01 14:45:01,28700.0,100.0,19985200.0
247,2021-10-01 14:45:01,28700.0,200.0,19985100.0
248,2021-10-01 14:45:01,28700.0,1000.0,19984900.0
249,2021-10-01 14:45:01,28700.0,100.0,19983900.0
250,2021-10-01 14:45:01,28700.0,100.0,19983800.0
251,2021-10-01 14:45:01,28700.0,100.0,19983700.0
252,2021-10-01 14:45:01,28700.0,500.0,19983600.0
253,2021-10-01 14:45:01,28700.0,100.0,19983100.0
254,2021-10-01 14:45:01,28700.0,100.0,19983000.0
255,2021-10-01 14:45:01,28700.0,1000.0,19982900.0
256,2021-10-01 14:45:01,28700.0,300.0,19981900.0
257,2021-10-01 14:45:01,28700.0,5000.0,19981600.0
258,2021-10-01 14:45:01,28700.0,200.0,19976600.0
259,2021-10-01 14:45:01,28700.0,100.0,19976400.0
260,2021-10-01 14:45:01,28700.0,200.0,19976300.0
261,2021-10-01 14:45:01,28700.0,200.0,19976100.0
262,2021-10-01 14:45:01,28700.0,100.0,19975900.0
263,2021-10-01 14:45:01,28700.0,500.0,19975800.0
264,2021-10-01 14:45:01,28700.0,200.0,19975300.0
265,2021-10-01 14:45:01,28700.0,200.0,19975100.0
266,2021-10-01 14:45:01,28700.0,100.0,19974900.0
267,2021-10-01 14:45:01,28700.0,700.0,19974800.0
268,2021-10-01 14:45:01,28700.0,100.0,19974100.0
269,2021-10-01 14:45:01,28700.0,1000.0,19974000.0
270,2021-10-01 14:45:01,28700.0,100.0,19973000.0
271,2021-10-01 14:45:01,28700.0,500.0,19972900.0
272,2021-10-01 14:45:01,28700.0,500.0,19972400.0
273,2021-10-01 14:45:01,28700.0,1200.0,19971900.0
274,2021-10-01 14:45:01,28700.0,1000.0,19970700.0
275,2021-10-01 14:45:01,28700.0,5000.0,19969700.0
276,2021-10-01 14:45:01,28700.0,200.0,19964700.0
277,2021-10-01 14:45:01,28700.0,2000.0,19964500.0
278,2021-10-01 14:45:01,28700.0,300.0,19962500.0
279,2021-10-01 14:45:01,28700.0,200.0,19962200.0
280,2021-10-01 14:45:01,28700.0,100.0,19962000.0
281,2021-10-01 14:45:01,28700.0,400.0,19961900.0
282,2021-10-01 14:45:01,28700.0,3000.0,19961500.0
283,2021-10-01 14:45:01,28700.0,100.0,19958500.0
284,2021-10-01 14:45:01,28700.0,100.0,19958400.0
285,2021-10-01 14:45:01,28700.0,100.0,19958300.0
286,2021-10-01 14:45:01,28700.0,100.0,19958200.0
287,2021-10-01 14:45:01,28700.0,300.0,19958100.0
288,2021-10-01 14:45:01,28700.0,100.0,19957800.0
289,2021-10-01 14:45:01,28700.0,100.0,19957700.0
290,2021-10-01 14:45:01,28700.0,100.0,19957600.0
291,2021-10-01 14:45:01,28700.0,1000.0,19957500.0
292,2021-10-01 14:45:01,28700.0,300.0,19956500.0
293,2021-10-01 14:45:01,28700.0,100.0,19956200.0
294,2021-10-01 14:45:01,28700.0,1000.0,19956100.0
295,2021-10-01 14:45:01,28700.0,2000.0,19955100.0
296,2021-10-01 14:45:01,28700.0,200.0,19953100.0
297,2021-10-01 14:45:01,28700.0,100.0,19952900.0
298,2021-10-01 14:45:01,28700.0,300.0,19952800.0
299,2021-10-01 14:45:01,28700.0,300.0,19952500.0
300,2021-10-01 14:45:01,28700.0,100.0,19952200.0
301,2021-10-01 14:45:01,28700.0,1800.0,19952100.0
302,2021-10-01 14:45:01,28700.0,2100.0,19950300.0
303,2021-10-01 14:45:01,28700.0,300.0,19948200.0
304,2021-10-01 14:45:01,28700.0,600.0,19947900.0
305,2021-10-01 14:45:01,28700.0,500.0,19947300.0
306,2021-10-01 14:45:01,28700.0,100.0,19946800.0
307,2021-10-01 14:45:01,28700.0,500.0,19946700.0
308,2021-10-01 14:45:01,28700.0,100.0,19946200.0
309,2021-10-01 14:45:01,28700.0,300.0,19946100.0
310,2021-10-01 14:45:01,28700.0,500.0,19945800.0
311,2021-10-01 14:45:01,28700.0,1000.0,19945300.0
312,2021-10-01 14:45:01,28700.0,100.0,19944300.0
313,2021-10-01 14:45:01,28700.0,500.0,19944200.0
314,2021-10-01 14:45:01,28700.0,100.0,19943700.0
315,2021-10-01 14:45:01,28700.0,100.0,19943600.0
316,2021-10-01 14:45:01,28700.0,1000.0,19943500.0
317,2021-10-01 14:45:01,28700.0,100.0,19942500.0
318,2021-10-01 14:45:01,28700.0,1000.0,19942400.0
319,2021-10-01 14:45:01,28700.0,100.0,19941400.0
320,2021-10-01 14:45:01,28700.0,100.0,19941300.0
321,2021-10-01 14:45:01,28700.0,100.0,19941200.0
322,2021-10-01 14:45:01,28700.0,500.0,19941100.0
323,2021-10-01 14:45:01,28700.0,100.0,19940600.0
324,2021-10-01 14:45:01,28700.0,1000.0,19940500.0
325,2021-10-01 14:45:01,28700.0,100.0,19939500.0
326,2021-10-01 14:45:01,28700.0,100.0,19939400.0
327,2021-10-01 14:45:01,28700.0,1000.0,19939300.0
328,2021-10-01 14:45:01,28700.0,500.0,19938300.0
329,2021-10-01 14:45:01,28700.0,100.0,19937800.0
330,2021-10-01 14:45:01,28700.0,100.0,19937700.0
331,2021-10-01 14:45:01,28700.0,100.0,19937600.0
332,2021-10-01 14:45:01,28700.0,600.0,19937500.0
333,2021-10-01 14:45:01,28700.0,100.0,19936900.0
334,2021-10-01 14:45:01,28700.0,100.0,19936800.0
335,2021-10-01 14:45:01,28700.0,300.0,19936700.0
336,2021-10-01 14:45:01,28700.0,800.0,19936400.0
337,2021-10-01 14:45:01,28700.0,100.0,19935600.0
338,2021-10-01 14:45:01,28700.0,1600.0,19935500.0
339,2021-10-01 14:45:01,28700.0,600.0,19933900.0
340,2021-10-01 14:45:01,28700.0,200.0,19933300.0
341,2021-10-01 14:45:01,28700.0,500.0,19933100.0
342,2021-10-01 14:45:01,28700.0,200.0,19932600.0
343,2021-10-01 14:45:01,28700.0,100.0,19932400.0
344,2021-10-01 14:45:01,28700.0,100.0,19932300.0
345,2021-10-01 14:45:01,28700.0,300.0,19932200.0
346,2021-10-01 14:45:01,28700.0,100.0,19931900.0
347,2021-10-01 14:45:01,28700.0,1000.0,19931800.0
348,2021-10-01 14:45:01,28700.0,200.0,19930800.0
349,2021-10-01 14:45:01,28700.0,100.0,19930600.0
350,2021-10-01 14:45:01,28700.0,1000.0,19930500.0
351,2021-10-01 14:45:01,28700.0,10000.0,19929500.0
352,2021-10-01 14:45:01,28700.0,200.0,19919500.0
353,2021-10-01 14:45:01,28700.0,2000.0,19919300.0
354,2021-10-01 14:45:01,28700.0,200.0,19917300.0
355,2021-10-01 14:45:01,28700.0,200.0,19917100.0
356,2021-10-01 14:45:01,28700.0,300.0,19916900.0
357,2021-10-01 14:45:01,28700.0,500.0,19916600.0
358,2021-10-01 14:45:01,28700.0,1000.0,19916100.0
359,2021-10-01 14:45:01,28700.0,100.0,19915100.0
360,2021-10-01 14:45:01,28700.0,500.0,19915000.0
361,2021-10-01 14:45:01,28700.0,10200.0,19914500.0
362,2021-10-01 14:45:01,28700.0,200.0,19904300.0
363,2021-10-01 14:45:01,28700.0,2000.0,19904100.0
364,2021-10-01 14:45:01,28700.0,1000.0,19902100.0
365,2021-10-01 14:45:01,28700.0,100.0,19901100.0
366,2021-10-01 14:45:01,28700.0,100.0,19901000.0
367,2021-10-01 14:45:01,28700.0,500.0,19900900.0
368,2021-10-01 14:45:01,28700.0,1000.0,19900400.0
369,2021-10-01 14:45:01,28700.0,500.0,19899400.0
370,2021-10-01 14:45:01,28700.0,500.0,19898900.0
371,2021-10-01 14:45:01,28700.0,5000.0,19898400.0
372,2021-10-01 14:45:01,28700.0,100.0,19893400.0
373,2021-10-01 14:45:01,28700.0,100.0,19893300.0
374,2021-10-01 14:45:01,28700.0,100.0,19893200.0
375,2021-10-01 14:45:01,28700.0,500.0,19893100.0
376,2021-10-01 14:45:01,28700.0,1500.0,19892600.0
377,2021-10-01 14:45:01,28700.0,300.0,19891100.0
378,2021-10-01 14:45:01,28700.0,100.0,19890800.0
379,2021-10-01 14:45:01,28700.0,100.0,19890700.0
380,2021-10-01 14:45:01,28700.0,100.0,19890600.0
381,2021-10-01 14:45:01,28700.0,500.0,19890500.0
382,2021-10-01 14:45:01,28700.0,500.0,19890000.0
383,2021-10-01 14:45:01,28700.0,100.0,19889500.0
384,2021-10-01 14:45:01,28700.0,1000.0,19889400.0
385,2021-10-01 14:45:01,28700.0,500.0,19888400.0
386,2021-10-01 14:45:01,28700.0,500.0,19887900.0
387,2021-10-01 14:45:01,28700.0,100.0,19887400.0
388,2021-10-01 14:45:01,28700.0,20000.0,19887300.0
389,2021-10-01 14:45:01,28700.0,1000.0,19867300.0
390,2021-10-01 14:45:01,28700.0,500.0,19866300.0
391,2021-10-01 14:45:01,28700.0,300.0,19865800.0
392,2021-10-01 14:45:01,28700.0,300.0,19865500.0
393,2021-10-01 14:45:01,28700.0,500.0,19865200.0
394,2021-10-01 14:45:01,28700.0,200.0,19864700.0
395,2021-10-01 14:45:01,28700.0,500.0,19864500.0
396,2021-10-01 14:45:01,28700.0,500.0,19864000.0
397,2021-10-01 14:45:01,28700.0,100.0,19863500.0
398,2021-10-01 14:45:01,28700.0,100.0,19863400.0
399,2021-10-01 14:45:01,28700.0,200.0,19863300.0
400,2021-10-01 14:45:01,28700.0,1000.0,19863100.0
401,2021-10-01 14:45:01,28700.0,100.0,19862100.0
402,2021-10-01 14:45:01,28700.0,1300.0,19862000.0
403,2021-10-01 14:45:01,28700.0,100.0,19860700.0
404,2021-10-01 14:45:01,28700.0,100.0,19860600.0
405,2021-10-01 14:45:01,28700.0,100.0,19860500.0
406,2021-10-01 14:45:01,28700.0,100.0,19860400.0
407,2021-10-01 14:45:01,28700.0,500.0,19860300.0
408,2021-10-01 14:45:01,28700.0,100.0,19859800.0
409,2021-10-01 14:45:01,28700.0,100.0,19859700.0
410,2021-10-01 14:45:01,28700.0,300.0,19859600.0
411,2021-10-01 14:45:01,28700.0,4000.0,19859300.0
412,2021-10-01 14:45:01,28700.0,1000.0,19855300.0
413,2021-10-01 14:45:01,28700.0,100.0,19854300.0
414,2021-10-01 14:45:01,28700.0,1200.0,19854200.0
415,2021-10-01 14:45:01,28700.0,100.0,19853000.0
416,2021-10-01 14:45:01,28700.0,100.0,19852900.0
417,2021-10-01 14:45:01,28700.0,300.0,19852800.0
418,2021-10-01 14:45:01,28700.0,100.0,19852500.0
419,2021-10-01 14:45:01,28700.0,100.0,19852400.0
420,2021-10-01 14:45:01,28700.0,7000.0,19852300.0
421,2021-10-01 14:45:01,28700.0,1700.0,19845300.0
422,2021-10-01 14:45:01,28700.0,2000.0,19843600.0
423,2021-10-01 14:45:01,28700.0,5000.0,19841600.0
424,2021-10-01 14:45:01,28700.0,1000.0,19836600.0
425,2021-10-01 14:45:01,28700.0,100.0,19835600.0
426,2021-10-01 14:45:01,28700.0,30000.0,19835500.0
427,2021-10-01 14:45:01,28700.0,1500.0,19805500.0
428,2021-10-01 14:45:01,28700.0,1500.0,19804000.0
429,2021-10-01 14:45:01,28700.0,900.0,19802500.0
430,2021-10-01 14:45:01,28700.0,4000.0,19801600.0
431,2021-10-01 14:45:01,28700.0,200.0,19797600.0
432,2021-10-01 14:45:01,28700.0,100.0,19797400.0
433,2021-10-01 14:45:01,28700.0,700.0,19797300.0
434,2021-10-01 14:45:01,28700.0,100.0,19796600.0
435,2021-10-01 14:45:01,28700.0,100.0,19796500.0
436,2021-10-01 14:45:01,28700.0,200.0,19796400.0
437,2021-10-01 14:45:01,28700.0,1100.0,19796200.0
438,2021-10-01 14:45:01,28700.0,1200.0,19795100.0
439,2021-10-01 14:45:01,28700.0,300.0,19793900.0
440,2021-10-01 14:45:01,28700.0,2400.0,19793600.0
441,2021-10-01 14:45:01,28700.0,100.0,19791200.0
442,2021-10-01 14:45:01,28700.0,100.0,19791100.0
443,2021-10-01 14:45:01,28700.0,1000.0,19791000.0
444,2021-10-01 14:45:01,28700.0,100.0,19790000.0
445,2021-10-01 14:45:01,28700.0,2000.0,19789900.0
446,2021-10-01 14:45:01,28700.0,4300.0,19787900.0
447,2021-10-01 14:45:01,28700.0,500.0,19783600.0
448,2021-10-01 14:45:01,28700.0,200.0,19783100.0
449,2021-10-01 14:45:01,28700.0,500.0,19782900.0
450,2021-10-01 14:45:01,28700.0,800.0,19782400.0
451,2021-10-01 14:45:01,28700.0,100.0,19781600.0
452,2021-10-01 14:45:01,28700.0,100.0,19781500.0
453,2021-10-01 14:45:01,28700.0,5200.0,19781400.0
454,2021-10-01 14:45:01,28700.0,2000.0,19776200.0
455,2021-10-01 14:45:01,28700.0,100.0,19774200.0
456,2021-10-01 14:45:01,28700.0,100.0,19774100.0
457,2021-10-01 14:45:01,28700.0,1700.0,19774000.0
458,2021-10-01 14:45:01,28700.0,1000.0,19772300.0
459,2021-10-01 14:45:01,28700.0,1500.0,19771300.0
460,2021-10-01 14:45:01,28700.0,100.0,19769800.0
461,2021-10-01 14:45:01,28700.0,100.0,19769700.0
462,2021-10-01 14:45:01,28700.0,1800.0,19769600.0
463,2021-10-01 14:45:01,28700.0,500.0,19767800.0
464,2021-10-01 14:45:01,28700.0,7700.0,19767300.0
465,2021-10-01 14:45:01,28700.0,2300.0,19759600.0
466,2021-10-01 14:45:01,28700.0,1000.0,19757300.0
467,2021-10-01 14:45:01,28700.0,1900.0,19756300.0
468,2021-10-01 14:45:01,28700.0,1000.0,19754400.0
469,2021-10-01 14:45:01,28700.0,7000.0,19753400.0
470,2021-10-01 14:45:01,28700.0,5000.0,19746400.0
471,2021-10-01 14:45:01,28700.0,11800.0,19741400.0
472,2021-10-01 14:45:01,28700.0,100.0,19729600.0
473,2021-10-01 14:45:01,28700.0,100.0,19729500.0
474,2021-10-01 14:45:01,28700.0,100.0,19729400.0
475,2021-10-01 14:45:01,28700.0,1000.0,19729300.0
476,2021-10-01 14:45:01,28700.0,500.0,19728300.0
477,2021-10-01 14:45:01,28700.0,10000.0,19727800.0
478,2021-10-01 14:45:01,28700.0,1000.0,19717800.0
479,2021-10-01 14:45:01,28700.0,100.0,19716800.0
480,2021-10-01 14:45:01,28700.0,31600.0,19716700.0
481,2021-10-01 14:45:01,28700.0,2800.0,19685100.0
482,2021-10-01 14:45:01,28700.0,500.0,19682300.0
483,2021-10-01 14:45:01,28700.0,1000.0,19681800.0
484,2021-10-01 14:45:01,28700.0,4500.0,19680800.0
485,2021-10-01 14:45:01,28700.0,9600.0,19676300.0
486,2021-10-01 14:45:01,28700.0,10000.0,19666700.0
487,2021-10-01 14:45:01,28700.0,200.0,19656700.0
488,2021-10-01 14:45:01,28700.0,500.0,19656500.0
489,2021-10-01 14:45:01,28700.0,10000.0,19656000.0
490,2021-10-01 14:45:01,28700.0,300.0,19646000.0
491,2021-10-01 14:45:01,28700.0,100.0,19645700.0
492,2021-10-01 14:45:01,28700.0,1000.0,19645600.0
493,2021-10-01 14:45:01,28700.0,10000.0,19644600.0
494,2021-10-01 14:45:01,28700.0,500.0,19634600.0
495,2021-10-01 14:45:01,28700.0,200.0,19634100.0
496,2021-10-01 14:45:01,28700.0,3000.0,19633900.0
497,2021-10-01 14:45:01,28700.0,30000.0,19630900.0
498,2021-10-01 14:45:01,28700.0,24600.0,19600900.0
499,2021-10-01 14:45:01,28700.0,100.0,19576300.0
500,2021-10-01 14:45:01,28700.0,5300.0,19576200.0
501,2021-10-01 14:45:01,28700.0,4000.0,19570900.0
502,2021-10-01 14:45:00,28700.0,2000.0,19566900.0
503,2021-10-01 14:45:00,28700.0,10000.0,19564900.0
504,2021-10-01 14:45:00,28700.0,5000.0,19554900.0
505,2021-10-01 14:45:00,28700.0,200.0,19549900.0
506,2021-10-01 14:45:00,28700.0,100.0,19549700.0
507,2021-10-01 14:45:00,28700.0,100.0,19549600.0
508,2021-10-01 14:45:00,28700.0,100.0,19549500.0
509,2021-10-01 14:45:00,28700.0,1000.0,19549400.0
510,2021-10-01 14:45:00,28700.0,500.0,19548400.0
511,2021-10-01 14:45:00,28700.0,100.0,19547900.0
512,2021-10-01 14:45:00,28700.0,200.0,19547800.0
513,2021-10-01 14:45:00,28700.0,500.0,19547600.0
514,2021-10-01 14:45:00,28700.0,500.0,19547100.0
515,2021-10-01 14:45:00,28700.0,200.0,19546600.0
516,2021-10-01 14:45:00,28700.0,200.0,19546400.0
517,2021-10-01 14:45:00,28700.0,300.0,19546200.0
518,2021-10-01 14:45:00,28700.0,100.0,19545900.0
519,2021-10-01 14:45:00,28700.0,100.0,19545800.0
520,2021-10-01 14:45:00,28700.0,3000.0,19545700.0
521,2021-10-01 14:45:00,28700.0,100.0,19542700.0
522,2021-10-01 14:45:00,28700.0,5000.0,19542600.0
523,2021-10-01 14:45:00,28700.0,200.0,19537600.0
524,2021-10-01 14:45:00,28700.0,300.0,19537400.0
525,2021-10-01 14:45:00,28700.0,100.0,19537100.0
526,2021-10-01 14:45:00,28700.0,1000.0,19537000.0
527,2021-10-01 14:45:00,28700.0,200.0,19536000.0
528,2021-10-01 14:45:00,28700.0,100.0,19535800.0
529,2021-10-01 14:45:00,28700.0,2000.0,19535700.0
530,2021-10-01 14:45:00,28700.0,200.0,19533700.0
531,2021-10-01 14:45:00,28700.0,500.0,19533500.0
532,2021-10-01 14:45:00,28700.0,1800.0,19533000.0
533,2021-10-01 14:45:00,28700.0,100.0,19531200.0
534,2021-10-01 14:45:00,28700.0,2000.0,19531100.0
535,2021-10-01 14:45:00,28700.0,9400.0,19529100.0
536,2021-10-01 14:45:00,28700.0,36700.0,19519700.0
537,2021-10-01 14:45:00,28700.0,500.0,19483000.0
538,2021-10-01 14:45:00,28700.0,1000.0,19482500.0
539,2021-10-01 14:45:00,28700.0,100.0,19481500.0
540,2021-10-01 14:45:00,28700.0,100.0,19481400.0
541,2021-10-01 14:45:00,28700.0,1000.0,19481300.0
542,2021-10-01 14:45:00,28700.0,2000.0,19480300.0
543,2021-10-01 14:45:00,28700.0,17900.0,19478300.0
544,2021-10-01 14:45:00,28700.0,500.0,19460400.0
545,2021-10-01 14:45:00,28700.0,300.0,19459900.0
546,2021-10-01 14:45:00,28700.0,20000.0,19459600.0
547,2021-10-01 14:45:00,28700.0,200.0,19439600.0
548,2021-10-01 14:45:00,28700.0,400.0,19439400.0
549,2021-10-01 14:45:00,28700.0,2000.0,19439000.0
550,2021-10-01 14:45:00,28700.0,17300.0,19437000.0
551,2021-10-01 14:45:00,28700.0,300.0,19419700.0
552,2021-10-01 14:45:00,28700.0,2400.0,19419400.0
553,2021-10-01 14:45:00,28700.0,100.0,19417000.0
554,2021-10-01 14:45:00,28700.0,1000.0,19416900.0
555,2021-10-01 14:45:00,28700.0,1000.0,19415900.0
556,2021-10-01 14:45:00,28700.0,500.0,19414900.0
557,2021-10-01 14:45:00,28700.0,200.0,19414400.0
558,2021-10-01 14:45:00,28700.0,100.0,19414200.0
559,2021-10-01 14:45:00,28700.0,10000.0,19414100.0
560,2021-10-01 14:45:00,28700.0,100.0,19404100.0
561,2021-10-01 14:45:00,28700.0,3000.0,19404000.0
562,2021-10-01 14:45:00,28700.0,1600.0,19401000.0
563,2021-10-01 14:45:00,28700.0,400.0,19399400.0
564,2021-10-01 14:45:00,28700.0,500.0,19399000.0
565,2021-10-01 14:45:00,28700.0,500.0,19398500.0
566,2021-10-01 14:45:00,28700.0,900.0,19398000.0
567,2021-10-01 14:45:00,28700.0,100.0,19397100.0
568,2021-10-01 14:45:00,28700.0,300.0,19397000.0
569,2021-10-01 14:45:00,28700.0,1000.0,19396700.0
570,2021-10-01 14:45:00,28700.0,300.0,19395700.0
571,2021-10-01 14:45:00,28700.0,100.0,19395400.0
572,2021-10-01 14:45:00,28700.0,200.0,19395300.0
573,2021-10-01 14:45:00,28700.0,200.0,19395100.0
574,2021-10-01 14:45:00,28700.0,1000.0,19394900.0
575,2021-10-01 14:45:00,28700.0,100.0,19393900.0
576,2021-10-01 14:45:00,28700.0,300.0,19393800.0
577,2021-10-01 14:45:00,28700.0,100.0,19393500.0
578,2021-10-01 14:45:00,28700.0,100.0,19393400.0
579,2021-10-01 14:45:00,28700.0,100.0,19393300.0
580,2021-10-01 14:45:00,28700.0,900.0,19393200.0
581,2021-10-01 14:45:00,28700.0,1000.0,19392300.0
582,2021-10-01 14:45:00,28700.0,100.0,19391300.0
583,2021-10-01 14:45:00,28700.0,100.0,19391200.0
584,2021-10-01 14:45:00,28700.0,300.0,19391100.0
585,2021-10-01 14:45:00,28700.0,100.0,19390800.0
586,2021-10-01 14:45:00,28700.0,100.0,19390700.0
587,2021-10-01 14:45:00,28700.0,400.0,19390600.0
588,2021-10-01 14:45:00,28700.0,5000.0,19390200.0
589,2021-10-01 14:45:00,28700.0,100.0,19385200.0
590,2021-10-01 14:45:00,28700.0,500.0,19385100.0
591,2021-10-01 14:45:00,28700.0,500.0,19384600.0
592,2021-10-01 14:45:00,28700.0,500.0,19384100.0
593,2021-10-01 14:45:00,28700.0,600.0,19383600.0
594,2021-10-01 14:45:00,28700.0,100.0,19383000.0
595,2021-10-01 14:45:00,28700.0,300.0,19382900.0
596,2021-10-01 14:45:00,28700.0,100.0,19382600.0
597,2021-10-01 14:45:00,28700.0,17400.0,19382500.0
598,2021-10-01 14:45:00,28700.0,300.0,19365100.0
599,2021-10-01 14:45:00,28700.0,1400.0,19364800.0
600,2021-10-01 14:45:00,28700.0,1000.0,19363400.0
601,2021-10-01 14:45:00,28700.0,700.0,19362400.0
602,2021-10-01 14:45:00,28700.0,500.0,19361700.0
603,2021-10-01 14:45:00,28700.0,500.0,19361200.0
604,2021-10-01 14:45:00,28700.0,400.0,19360700.0
605,2021-10-01 14:45:00,28700.0,169700.0,19360300.0
606,2021-10-01 14:45:00,28700.0,1200.0,19190600.0
607,2021-10-01 14:45:00,28700.0,100.0,19189400.0
608,2021-10-01 14:45:00,28700.0,3000.0,19189300.0
609,2021-10-01 14:45:00,28700.0,5000.0,19186300.0
610,2021-10-01 14:45:00,28700.0,200.0,19181300.0
611,2021-10-01 14:45:00,28700.0,1000.0,19181100.0
612,2021-10-01 14:45:00,28700.0,30000.0,19180100.0
613,2021-10-01 14:45:00,28700.0,1000.0,19150100.0
614,2021-10-01 14:45:00,28700.0,100.0,19149100.0
615,2021-10-01 14:45:00,28700.0,500.0,19149000.0
616,2021-10-01 14:45:00,28700.0,100.0,19148500.0
617,2021-10-01 14:45:00,28700.0,100.0,19148400.0
618,2021-10-01 14:45:00,28700.0,500.0,19148300.0
619,2021-10-01 14:45:00,28700.0,200.0,19147800.0
620,2021-10-01 14:45:00,28700.0,100.0,19147600.0
621,2021-10-01 14:45:00,28700.0,200.0,19147500.0
622,2021-10-01 14:45:00,28700.0,100.0,19147300.0
623,2021-10-01 14:45:00,28700.0,100.0,19147200.0
624,2021-10-01 14:45:00,28700.0,10000.0,19147100.0
625,2021-10-01 14:45:00,28700.0,100.0,19137100.0
626,2021-10-01 14:45:00,28700.0,200.0,19137000.0
627,2021-10-01 14:45:00,28700.0,1000.0,19136800.0
628,2021-10-01 14:45:00,28700.0,2000.0,19135800.0
629,2021-10-01 14:45:00,28700.0,500.0,19133800.0
630,2021-10-01 14:45:00,28700.0,200.0,19133300.0
631,2021-10-01 14:45:00,28700.0,100.0,19133100.0
632,2021-10-01 14:45:00,28700.0,100.0,19133000.0
633,2021-10-01 14:45:00,28700.0,400.0,19132900.0
634,2021-10-01 14:45:00,28700.0,600.0,19132500.0
635,2021-10-01 14:45:00,28700.0,10000.0,19131900.0
636,2021-10-01 14:45:00,28700.0,1000.0,19121900.0
637,2021-10-01 14:45:00,28700.0,1000.0,19120900.0
638,2021-10-01 14:45:00,28700.0,1000.0,19119900.0
639,2021-10-01 14:45:00,28700.0,200.0,19118900.0
640,2021-10-01 14:45:00,28700.0,2000.0,19118700.0
641,2021-10-01 14:45:00,28700.0,1000.0,19116700.0
642,2021-10-01 14:45:00,28700.0,1000.0,19115700.0
643,2021-10-01 14:45:00,28700.0,300.0,19114700.0
644,2021-10-01 14:45:00,28700.0,1000.0,19114400.0
645,2021-10-01 14:45:00,28700.0,200.0,19113400.0
646,2021-10-01 14:45:00,28700.0,200.0,19113200.0
647,2021-10-01 14:45:00,28700.0,500.0,19113000.0
648,2021-10-01 14:45:00,28700.0,100.0,19112500.0
649,2021-10-01 14:45:00,28700.0,500.0,19112400.0
650,2021-10-01 14:45:00,28700.0,100.0,19111900.0
651,2021-10-01 14:45:00,28700.0,500.0,19111800.0
652,2021-10-01 14:45:00,28700.0,1000.0,19111300.0
653,2021-10-01 14:45:00,28700.0,100.0,19110300.0
654,2021-10-01 14:45:00,28700.0,2000.0,19110200.0
655,2021-10-01 14:45:00,28700.0,500.0,19108200.0
656,2021-10-01 14:45:00,28700.0,10000.0,19107700.0
657,2021-10-01 14:45:00,28700.0,4100.0,19097700.0
658,2021-10-01 14:45:00,28700.0,3000.0,19093600.0
659,2021-10-01 14:45:00,28700.0,2000.0,19090600.0
660,2021-10-01 14:45:00,28700.0,500.0,19088600.0
661,2021-10-01 14:45:00,28700.0,100.0,19088100.0
662,2021-10-01 14:45:00,28700.0,2000.0,19088000.0
663,2021-10-01 14:45:00,28700.0,300.0,19086000.0
664,2021-10-01 14:45:00,28700.0,1000.0,19085700.0
665,2021-10-01 14:45:00,28700.0,5000.0,19084700.0
666,2021-10-01 14:45:00,28700.0,1000.0,19079700.0
667,2021-10-01 14:45:00,28700.0,1400.0,19078700.0
668,2021-10-01 14:45:00,28700.0,500.0,19077300.0
669,2021-10-01 14:45:00,28700.0,3000.0,19076800.0
670,2021-10-01 14:45:00,28700.0,100.0,19073800.0
671,2021-10-01 14:45:00,28700.0,1000.0,19073700.0
672,2021-10-01 14:45:00,28700.0,300.0,19072700.0
673,2021-10-01 14:45:00,28700.0,3000.0,19072400.0
674,2021-10-01 14:45:00,28700.0,100.0,19069400.0
675,2021-10-01 14:45:00,28700.0,200.0,19069300.0
676,2021-10-01 14:45:00,28700.0,100.0,19069100.0
677,2021-10-01 14:45:00,28700.0,500.0,19069000.0
678,2021-10-01 14:45:00,28700.0,8200.0,19068500.0
679,2021-10-01 14:45:00,28700.0,100.0,19060300.0
680,2021-10-01 14:45:00,28700.0,1700.0,19060200.0
681,2021-10-01 14:45:00,28700.0,300.0,19058500.0
682,2021-10-01 14:45:00,28700.0,400.0,19058200.0
683,2021-10-01 14:45:00,28700.0,4000.0,19057800.0
684,2021-10-01 14:45:00,28700.0,100.0,19053800.0
685,2021-10-01 14:45:00,28700.0,200.0,19053700.0
686,2021-10-01 14:45:00,28700.0,100.0,19053500.0
687,2021-10-01 14:45:00,28700.0,500.0,19053400.0
688,2021-10-01 14:45:00,28700.0,2000.0,19052900.0
689,2021-10-01 14:45:00,28700.0,100.0,19050900.0
690,2021-10-01 14:45:00,28700.0,1000.0,19050800.0
691,2021-10-01 14:45:00,28700.0,200.0,19049800.0
692,2021-10-01 14:45:00,28700.0,200.0,19049600.0
693,2021-10-01 14:45:00,28700.0,300.0,19049400.0
694,2021-10-01 14:45:00,28700.0,200.0,19049100.0
695,2021-10-01 14:45:00,28700.0,200.0,19048900.0
696,2021-10-01 14:45:00,28700.0,100.0,19048700.0
697,2021-10-01 14:45:00,28700.0,300.0,19048600.0
698,2021-10-01 14:45:00,28700.0,100.0,19048300.0
699,2021-10-01 14:45:00,28700.0,100.0,19048200.0
700,2021-10-01 14:45:00,28700.0,4000.0,19048100.0
701,2021-10-01 14:45:00,28700.0,500.0,19044100.0
702,2021-10-01 14:45:00,28700.0,2000.0,19043600.0
703,2021-10-01 14:45:00,28700.0,600.0,19041600.0
704,2021-10-01 14:45:00,28700.0,1000.0,19041000.0
705,2021-10-01 14:45:00,28700.0,200.0,19040000.0
706,2021-10-01 14:45:00,28700.0,5000.0,19039800.0
707,2021-10-01 14:45:00,28700.0,200.0,19034800.0
708,2021-10-01 14:45:00,28700.0,400.0,19034600.0
709,2021-10-01 14:45:00,28700.0,2300.0,19034200.0
710,2021-10-01 14:45:00,28700.0,100.0,19031900.0
711,2021-10-01 14:45:00,28700.0,1600.0,19031800.0
712,2021-10-01 14:45:00,28700.0,100.0,19030200.0
713,2021-10-01 14:45:00,28700.0,600.0,19030100.0
714,2021-10-01 14:45:00,28700.0,5000.0,19029500.0
715,2021-10-01 14:45:00,28700.0,100.0,19024500.0
716,2021-10-01 14:45:00,28700.0,200.0,19024400.0
717,2021-10-01 14:45:00,28700.0,2400.0,19024200.0
718,2021-10-01 14:45:00,28700.0,3000.0,19021800.0
719,2021-10-01 14:45:00,28700.0,1000.0,19018800.0
720,2021-10-01 14:45:00,28700.0,100.0,19017800.0
721,2021-10-01 14:45:00,28700.0,3000.0,19017700.0
722,2021-10-01 14:45:00,28700.0,2300.0,19014700.0
723,2021-10-01 14:45:00,28700.0,900.0,19012400.0
724,2021-10-01 14:45:00,28700.0,200.0,19011500.0
725,2021-10-01 14:45:00,28700.0,100.0,19011300.0
726,2021-10-01 14:45:00,28700.0,800.0,19011200.0
727,2021-10-01 14:45:00,28700.0,200.0,19010400.0
728,2021-10-01 14:45:00,28700.0,200.0,19010200.0
729,2021-10-01 14:45:00,28700.0,100.0,19010000.0
730,2021-10-01 14:45:00,28700.0,1000.0,19009900.0
731,2021-10-01 14:45:00,28700.0,100.0,19008900.0
732,2021-10-01 14:45:00,28700.0,200.0,19008800.0
733,2021-10-01 14:45:00,28700.0,300.0,19008600.0
734,2021-10-01 14:45:00,28700.0,500.0,19008300.0
735,2021-10-01 14:45:00,28700.0,100.0,19007800.0
736,2021-10-01 14:45:00,28700.0,500.0,19007700.0
737,2021-10-01 14:45:00,28700.0,100.0,19007200.0
738,2021-10-01 14:45:00,28700.0,200.0,19007100.0
739,2021-10-01 14:45:00,28700.0,200.0,19006900.0
740,2021-10-01 14:45:00,28700.0,500.0,19006700.0
741,2021-10-01 14:45:00,28700.0,100.0,19006200.0
742,2021-10-01 14:45:00,28700.0,100.0,19006100.0
743,2021-10-01 14:45:00,28700.0,1000.0,19006000.0
744,2021-10-01 14:45:00,28700.0,1000.0,19005000.0
745,2021-10-01 14:45:00,28700.0,700.0,19004000.0
746,2021-10-01 14:45:00,28700.0,100.0,19003300.0
747,2021-10-01 14:45:00,28700.0,200.0,19003200.0
748,2021-10-01 14:29:57,28750.0,200.0,19003000.0
749,2021-10-01 14:29:57,28750.0,1000.0,19002800.0
750,2021-10-01 14:29:55,28750.0,500.0,19001800.0
751,2021-10-01 14:29:55,28800.0,100.0,19001300.0
752,2021-10-01 14:29:54,28750.0,21300.0,19001200.0
753,2021-10-01 14:29:53,28750.0,1300.0,18979900.0
754,2021-10-01 14:29:53,28750.0,700.0,18978600.0
755,2021-10-01 14:29:53,28700.0,200.0,18977900.0
756,2021-10-01 14:29:53,28750.0,500.0,18977700.0
757,2021-10-01 14:29:53,28750.0,5000.0,18977200.0
758,2021-10-01 14:29:53,28750.0,100.0,18972200.0
759,2021-10-01 14:29:53,28750.0,100.0,18972100.0
760,2021-10-01 14:29:53,28750.0,200.0,18972000.0
761,2021-10-01 14:29:53,28750.0,400.0,18971800.0
762,2021-10-01 14:29:50,28750.0,300.0,18971400.0
763,2021-10-01 14:29:50,28750.0,500.0,18971100.0
764,2021-10-01 14:29:50,28750.0,400.0,18970600.0
765,2021-10-01 14:29:48,28750.0,100.0,18970200.0
766,2021-10-01 14:29:48,28750.0,500.0,18970100.0
767,2021-10-01 14:29:48,28750.0,300.0,18969600.0
768,2021-10-01 14:29:48,28750.0,300.0,18969300.0
769,2021-10-01 14:29:46,28750.0,200.0,18969000.0
770,2021-10-01 14:29:44,28800.0,300.0,18968800.0
771,2021-10-01 14:29:40,28750.0,100.0,18968500.0
772,2021-10-01 14:29:40,28750.0,500.0,18968400.0
773,2021-10-01 14:29:40,28750.0,400.0,18967900.0
774,2021-10-01 14:29:38,28700.0,200.0,18967500.0
775,2021-10-01 14:29:38,28700.0,100.0,18967300.0
776,2021-10-01 14:29:38,28700.0,500.0,18967200.0
777,2021-10-01 14:29:38,28700.0,2000.0,18966700.0
778,2021-10-01 14:29:38,28700.0,100.0,18964700.0
779,2021-10-01 14:29:38,28700.0,700.0,18964600.0
780,2021-10-01 14:29:38,28700.0,200.0,18963900.0
781,2021-10-01 14:29:38,28700.0,500.0,18963700.0
782,2021-10-01 14:29:38,28700.0,3600.0,18963200.0
783,2021-10-01 14:29:38,28750.0,200.0,18959600.0
784,2021-10-01 14:29:38,28750.0,3000.0,18959400.0
785,2021-10-01 14:29:38,28750.0,100.0,18956400.0
786,2021-10-01 14:29:38,28750.0,100.0,18956300.0
787,2021-10-01 14:29:38,28750.0,5600.0,18956200.0
788,2021-10-01 14:29:38,28750.0,500.0,18950600.0
789,2021-10-01 14:29:35,28750.0,500.0,18950100.0
790,2021-10-01 14:29:34,28750.0,100.0,18949600.0
791,2021-10-01 14:29:34,28750.0,100.0,18949500.0
792,2021-10-01 14:29:34,28750.0,1000.0,18949400.0
793,2021-10-01 14:29:34,28750.0,200.0,18948400.0
794,2021-10-01 14:29:34,28750.0,1000.0,18948200.0
795,2021-10-01 14:29:34,28750.0,1000.0,18947200.0
796,2021-10-01 14:29:33,28750.0,1000.0,18946200.0
797,2021-10-01 14:29:32,28750.0,100.0,18945200.0
798,2021-10-01 14:29:32,28750.0,300.0,18945100.0
799,2021-10-01 14:29:32,28750.0,100.0,18944800.0
800,2021-10-01 14:29:32,28750.0,6600.0,18944700.0
801,2021-10-01 14:29:31,28750.0,100.0,18938100.0
802,2021-10-01 14:29:30,28750.0,200.0,18938000.0
803,2021-10-01 14:29:30,28700.0,400.0,18937800.0
804,2021-10-01 14:29:30,28700.0,200.0,18937400.0
805,2021-10-01 14:29:30,28750.0,400.0,18937200.0
806,2021-10-01 14:29:29,28750.0,100.0,18936800.0
807,2021-10-01 14:29:28,28750.0,5000.0,18936700.0
808,2021-10-01 14:29:26,28750.0,2000.0,18931700.0
809,2021-10-01 14:29:26,28750.0,6000.0,18929700.0
810,2021-10-01 14:29:25,28750.0,10200.0,18923700.0
811,2021-10-01 14:29:25,28750.0,300.0,18913500.0
812,2021-10-01 14:29:23,28750.0,200.0,18913200.0
813,2021-10-01 14:29:23,28750.0,300.0,18913000.0
814,2021-10-01 14:29:22,28750.0,200.0,18912700.0
815,2021-10-01 14:29:22,28750.0,100.0,18912500.0
816,2021-10-01 14:29:21,28750.0,100.0,18912400.0
817,2021-10-01 14:29:18,28750.0,300.0,18912300.0
818,2021-10-01 14:29:14,28750.0,100.0,18912000.0
819,2021-10-01 14:29:12,28750.0,1900.0,18911900.0
820,2021-10-01 14:29:12,28750.0,200.0,18910000.0
821,2021-10-01 14:29:12,28750.0,500.0,18909800.0
822,2021-10-01 14:29:12,28700.0,500.0,18909300.0
823,2021-10-01 14:29:12,28700.0,500.0,18908800.0
824,2021-10-01 14:29:12,28700.0,1000.0,18908300.0
825,2021-10-01 14:29:12,28700.0,100.0,18907300.0
826,2021-10-01 14:29:12,28700.0,900.0,18907200.0
827,2021-10-01 14:29:10,28700.0,300.0,18906300.0
828,2021-10-01 14:29:09,28750.0,100.0,18906000.0
829,2021-10-01 14:29:07,28750.0,5000.0,18905900.0
830,2021-10-01 14:29:06,28750.0,100.0,18900900.0
831,2021-10-01 14:29:05,28750.0,600.0,18900800.0
832,2021-10-01 14:29:05,28750.0,500.0,18900200.0
833,2021-10-01 14:29:02,28750.0,200.0,18899700.0
834,2021-10-01 14:29:01,28750.0,500.0,18899500.0
835,2021-10-01 14:29:00,28750.0,500.0,18899000.0
836,2021-10-01 14:28:59,28750.0,300.0,18898500.0
837,2021-10-01 14:28:57,28750.0,3000.0,18898200.0
838,2021-10-01 14:28:56,28750.0,100.0,18895200.0
839,2021-10-01 14:28:55,28750.0,100.0,18895100.0
840,2021-10-01 14:28:54,28750.0,5000.0,18895000.0
841,2021-10-01 14:28:53,28750.0,1000.0,18890000.0
842,2021-10-01 14:28:53,28750.0,200.0,18889000.0
843,2021-10-01 14:28:53,28750.0,200.0,18888800.0
844,2021-10-01 14:28:53,28750.0,3000.0,18888600.0
845,2021-10-01 14:28:53,28750.0,3000.0,18885600.0
846,2021-10-01 14:28:53,28750.0,2900.0,18882600.0
847,2021-10-01 14:28:53,28750.0,300.0,18879700.0
848,2021-10-01 14:28:53,28750.0,300.0,18879400.0
849,2021-10-01 14:28:53,28750.0,13000.0,18879100.0
850,2021-10-01 14:28:53,28750.0,1000.0,18866100.0
851,2021-10-01 14:28:53,28750.0,2000.0,18865100.0
852,2021-10-01 14:28:53,28750.0,100.0,18863100.0
853,2021-10-01 14:28:53,28750.0,1000.0,18863000.0
854,2021-10-01 14:28:53,28750.0,500.0,18862000.0
855,2021-10-01 14:28:53,28750.0,5000.0,18861500.0
856,2021-10-01 14:28:53,28750.0,200.0,18856500.0
857,2021-10-01 14:28:53,28750.0,100.0,18856300.0
858,2021-10-01 14:28:53,28750.0,100.0,18856200.0
859,2021-10-01 14:28:53,28750.0,100.0,18856100.0
860,2021-10-01 14:28:53,28750.0,500.0,18856000.0
861,2021-10-01 14:28:53,28750.0,9600.0,18855500.0
862,2021-10-01 14:28:53,28750.0,200.0,18845900.0
863,2021-10-01 14:28:53,28750.0,800.0,18845700.0
864,2021-10-01 14:28:53,28750.0,100.0,18844900.0
865,2021-10-01 14:28:53,28750.0,400.0,18844800.0
866,2021-10-01 14:28:53,28750.0,200.0,18844400.0
867,2021-10-01 14:28:53,28750.0,3400.0,18844200.0
868,2021-10-01 14:28:51,28750.0,1000.0,18840800.0
869,2021-10-01 14:28:47,28750.0,100.0,18839800.0
870,2021-10-01 14:28:44,28800.0,500.0,18839700.0
871,2021-10-01 14:28:42,28800.0,1000.0,18839200.0
872,2021-10-01 14:28:38,28750.0,500.0,18838200.0
873,2021-10-01 14:28:38,28750.0,200.0,18837700.0
874,2021-10-01 14:28:38,28750.0,500.0,18837500.0
875,2021-10-01 14:28:38,28750.0,100.0,18837000.0
876,2021-10-01 14:28:38,28750.0,200.0,18836900.0
877,2021-10-01 14:28:38,28750.0,200.0,18836700.0
878,2021-10-01 14:28:38,28750.0,100.0,18836500.0
879,2021-10-01 14:28:38,28750.0,700.0,18836400.0
880,2021-10-01 14:28:38,28750.0,100.0,18835700.0
881,2021-10-01 14:28:38,28750.0,100.0,18835600.0
882,2021-10-01 14:28:38,28750.0,100.0,18835500.0
883,2021-10-01 14:28:38,28750.0,200.0,18835400.0
884,2021-10-01 14:28:38,28750.0,1000.0,18835200.0
885,2021-10-01 14:28:38,28750.0,200.0,18834200.0
886,2021-10-01 14:28:38,28750.0,200.0,18834000.0
887,2021-10-01 14:28:38,28750.0,100.0,18833800.0
888,2021-10-01 14:28:38,28750.0,500.0,18833700.0
889,2021-10-01 14:28:38,28750.0,1000.0,18833200.0
890,2021-10-01 14:28:38,28750.0,2800.0,18832200.0
891,2021-10-01 14:28:34,28750.0,200.0,18829400.0
892,2021-10-01 14:28:34,28750.0,100.0,18829200.0
893,2021-10-01 14:28:34,28750.0,300.0,18829100.0
894,2021-10-01 14:28:34,28750.0,1400.0,18828800.0
895,2021-10-01 14:28:32,28750.0,200.0,18827400.0
896,2021-10-01 14:28:31,28750.0,3400.0,18827200.0
897,2021-10-01 14:28:31,28750.0,2300.0,18823800.0
898,2021-10-01 14:28:30,28800.0,1000.0,18821500.0
899,2021-10-01 14:28:28,28800.0,100.0,18820500.0
900,2021-10-01 14:28:28,28800.0,100.0,18820400.0
901,2021-10-01 14:28:27,28800.0,500.0,18820300.0
902,2021-10-01 14:28:20,28800.0,2000.0,18819800.0
903,2021-10-01 14:28:19,28800.0,500.0,18817800.0
904,2021-10-01 14:28:07,28800.0,400.0,18817300.0
905,2021-10-01 14:28:05,28800.0,100.0,18816900.0
906,2021-10-01 14:28:02,28750.0,1700.0,18816800.0
907,2021-10-01 14:28:02,28750.0,2000.0,18815100.0
908,2021-10-01 14:28:02,28750.0,500.0,18813100.0
909,2021-10-01 14:28:02,28750.0,400.0,18812600.0
910,2021-10-01 14:28:02,28750.0,1800.0,18812200.0
911,2021-10-01 14:28:02,28750.0,3500.0,18810400.0
912,2021-10-01 14:28:02,28750.0,100.0,18806900.0
913,2021-10-01 14:28:01,28750.0,100.0,18806800.0
914,2021-10-01 14:28:01,28750.0,1000.0,18806700.0
915,2021-10-01 14:28:01,28750.0,100.0,18805700.0
916,2021-10-01 14:28:01,28750.0,2800.0,18805600.0
917,2021-10-01 14:27:59,28800.0,400.0,18802800.0
918,2021-10-01 14:27:59,28800.0,500.0,18802400.0
919,2021-10-01 14:27:59,28800.0,1100.0,18801900.0
920,2021-10-01 14:27:58,28800.0,100.0,18800800.0
921,2021-10-01 14:27:58,28800.0,100.0,18800700.0
922,2021-10-01 14:27:57,28750.0,300.0,18800600.0
923,2021-10-01 14:27:53,28750.0,1000.0,18800300.0
924,2021-10-01 14:27:51,28750.0,1400.0,18799300.0
925,2021-10-01 14:27:44,28750.0,500.0,18797900.0
926,2021-10-01 14:27:44,28750.0,5000.0,18797400.0
927,2021-10-01 14:27:44,28750.0,1000.0,18792400.0
928,2021-10-01 14:27:44,28750.0,1000.0,18791400.0
929,2021-10-01 14:27:44,28750.0,100.0,18790400.0
930,2021-10-01 14:27:44,28750.0,100.0,18790300.0
931,2021-10-01 14:27:44,28750.0,500.0,18790200.0
932,2021-10-01 14:27:44,28750.0,100.0,18789700.0
933,2021-10-01 14:27:44,28750.0,2000.0,18789600.0
934,2021-10-01 14:27:44,28750.0,1000.0,18787600.0
935,2021-10-01 14:27:44,28750.0,1900.0,18786600.0
936,2021-10-01 14:27:44,28750.0,700.0,18784700.0
937,2021-10-01 14:27:43,28750.0,100.0,18784000.0
938,2021-10-01 14:27:43,28750.0,100.0,18783900.0
939,2021-10-01 14:27:43,28800.0,200.0,18783800.0
940,2021-10-01 14:27:43,28800.0,300.0,18783600.0
941,2021-10-01 14:27:34,28750.0,500.0,18783300.0
942,2021-10-01 14:27:33,28800.0,100.0,18782800.0
943,2021-10-01 14:27:30,28750.0,500.0,18782700.0
944,2021-10-01 14:27:28,28800.0,900.0,18782200.0
945,2021-10-01 14:27:22,28750.0,300.0,18781300.0
946,2021-10-01 14:27:20,28750.0,2300.0,18781000.0
947,2021-10-01 14:27:20,28750.0,200.0,18778700.0
948,2021-10-01 14:27:20,28750.0,500.0,18778500.0
949,2021-10-01 14:27:20,28750.0,100.0,18778000.0
950,2021-10-01 14:27:20,28750.0,1900.0,18777900.0
951,2021-10-01 14:27:18,28750.0,100.0,18776000.0
952,2021-10-01 14:27:18,28750.0,100.0,18775900.0
953,2021-10-01 14:27:18,28750.0,300.0,18775800.0
954,2021-10-01 14:27:18,28750.0,1500.0,18775500.0
955,2021-10-01 14:27:14,28750.0,300.0,18774000.0
956,2021-10-01 14:27:13,28750.0,3200.0,18773700.0
957,2021-10-01 14:27:13,28750.0,200.0,18770500.0
958,2021-10-01 14:27:13,28750.0,200.0,18770300.0
959,2021-10-01 14:27:13,28750.0,100.0,18770100.0
960,2021-10-01 14:27:13,28750.0,200.0,18770000.0
961,2021-10-01 14:27:13,28750.0,100.0,18769800.0
962,2021-10-01 14:27:13,28750.0,100.0,18769700.0
963,2021-10-01 14:27:13,28750.0,900.0,18769600.0
964,2021-10-01 14:27:11,28800.0,100.0,18768700.0
965,2021-10-01 14:27:10,28750.0,2100.0,18768600.0
966,2021-10-01 14:27:10,28750.0,100.0,18766500.0
967,2021-10-01 14:27:10,28750.0,100.0,18766400.0
968,2021-10-01 14:27:10,28750.0,200.0,18766300.0
969,2021-10-01 14:27:10,28750.0,400.0,18766100.0
970,2021-10-01 14:27:10,28750.0,1000.0,18765700.0
971,2021-10-01 14:27:10,28750.0,900.0,18764700.0
972,2021-10-01 14:27:10,28750.0,1000.0,18763800.0
973,2021-10-01 14:27:10,28750.0,1000.0,18762800.0
974,2021-10-01 14:27:10,28750.0,2000.0,18761800.0
975,2021-10-01 14:27:10,28750.0,200.0,18759800.0
976,2021-10-01 14:27:09,28750.0,100.0,18759600.0
977,2021-10-01 14:27:09,28750.0,200.0,18759500.0
978,2021-10-01 14:27:09,28750.0,4000.0,18759300.0
979,2021-10-01 14:27:09,28750.0,100.0,18755300.0
980,2021-10-01 14:27:09,28750.0,100.0,18755200.0
981,2021-10-01 14:27:09,28750.0,200.0,18755100.0
982,2021-10-01 14:27:09,28750.0,100.0,18754900.0
983,2021-10-01 14:27:09,28750.0,100.0,18754800.0
984,2021-10-01 14:27:09,28750.0,200.0,18754700.0
985,2021-10-01 14:27:09,28750.0,100.0,18754500.0
986,2021-10-01 14:27:09,28750.0,1000.0,18754400.0
987,2021-10-01 14:27:09,28750.0,300.0,18753400.0
988,2021-10-01 14:27:09,28750.0,100.0,18753100.0
989,2021-10-01 14:27:09,28750.0,200.0,18753000.0
990,2021-10-01 14:27:09,28750.0,300.0,18752800.0
991,2021-10-01 14:27:09,28750.0,100.0,18752500.0
992,2021-10-01 14:27:09,28750.0,500.0,18752400.0
993,2021-10-01 14:27:09,28750.0,300.0,18751900.0
994,2021-10-01 14:27:09,28750.0,100.0,18751600.0
995,2021-10-01 14:27:09,28750.0,1000.0,18751500.0
996,2021-10-01 14:27:09,28750.0,100.0,18750500.0
997,2021-10-01 14:27:09,28750.0,800.0,18750400.0
998,2021-10-01 14:27:09,28750.0,500.0,18749600.0
999,2021-10-01 14:27:09,28800.0,1900.0,18749100.0
1000,2021-10-01 14:27:07,28800.0,200.0,18747200.0
1001,2021-10-01 14:27:04,28750.0,3700.0,18747000.0
1002,2021-10-01 14:27:04,28750.0,1300.0,18743300.0
1003,2021-10-01 14:27:03,28800.0,500.0,18742000.0
1004,2021-10-01 14:26:59,28800.0,200.0,18741500.0
1005,2021-10-01 14:26:53,28750.0,1500.0,18741300.0
1006,2021-10-01 14:26:53,28750.0,2000.0,18739800.0
1007,2021-10-01 14:26:53,28750.0,500.0,18737800.0
1008,2021-10-01 14:26:53,28750.0,1000.0,18737300.0
1009,2021-10-01 14:26:53,28750.0,3800.0,18736300.0
1010,2021-10-01 14:26:52,28750.0,1200.0,18732500.0
1011,2021-10-01 14:26:52,28750.0,1000.0,18731300.0
1012,2021-10-01 14:26:52,28750.0,100.0,18730300.0
1013,2021-10-01 14:26:52,28750.0,2800.0,18730200.0
1014,2021-10-01 14:26:52,28750.0,7000.0,18727400.0
1015,2021-10-01 14:26:45,28800.0,100.0,18720400.0
1016,2021-10-01 14:26:45,28800.0,200.0,18720300.0
1017,2021-10-01 14:26:40,28750.0,3000.0,18720100.0
1018,2021-10-01 14:26:40,28750.0,500.0,18717100.0
1019,2021-10-01 14:26:40,28750.0,5000.0,18716600.0
1020,2021-10-01 14:26:40,28750.0,1100.0,18711600.0
1021,2021-10-01 14:26:40,28750.0,400.0,18710500.0
1022,2021-10-01 14:26:37,28800.0,300.0,18710100.0
1023,2021-10-01 14:26:35,28750.0,200.0,18709800.0
1024,2021-10-01 14:26:33,28800.0,900.0,18709600.0
1025,2021-10-01 14:26:22,28750.0,400.0,18708700.0
1026,2021-10-01 14:26:22,28750.0,100.0,18708300.0
1027,2021-10-01 14:26:22,28750.0,400.0,18708200.0
1028,2021-10-01 14:26:22,28750.0,100.0,18707800.0
1029,2021-10-01 14:26:22,28750.0,5000.0,18707700.0
1030,2021-10-01 14:26:22,28750.0,1000.0,18702700.0
1031,2021-10-01 14:26:22,28750.0,100.0,18701700.0
1032,2021-10-01 14:26:22,28750.0,300.0,18701600.0
1033,2021-10-01 14:26:22,28750.0,200.0,18701300.0
1034,2021-10-01 14:26:22,28750.0,100.0,18701100.0
1035,2021-10-01 14:26:22,28750.0,800.0,18701000.0
1036,2021-10-01 14:26:18,28800.0,200.0,18700200.0
1037,2021-10-01 14:26:16,28750.0,500.0,18700000.0
1038,2021-10-01 14:26:15,28750.0,1500.0,18699500.0
1039,2021-10-01 14:26:14,28750.0,1300.0,18698000.0
1040,2021-10-01 14:26:14,28750.0,200.0,18696700.0
1041,2021-10-01 14:26:13,28750.0,300.0,18696500.0
1042,2021-10-01 14:26:13,28750.0,200.0,18696200.0
1043,2021-10-01 14:26:13,28750.0,500.0,18696000.0
1044,2021-10-01 14:26:13,28750.0,500.0,18695500.0
1045,2021-10-01 14:26:13,28750.0,100.0,18695000.0
1046,2021-10-01 14:26:13,28750.0,100.0,18694900.0
1047,2021-10-01 14:26:13,28750.0,1000.0,18694800.0
1048,2021-10-01 14:26:13,28750.0,100.0,18693800.0
1049,2021-10-01 14:26:13,28750.0,200.0,18693700.0
1050,2021-10-01 14:26:13,28750.0,3300.0,18693500.0
1051,2021-10-01 14:26:13,28800.0,2200.0,18690200.0
1052,2021-10-01 14:26:05,28750.0,5000.0,18688000.0
1053,2021-10-01 14:26:00,28750.0,2000.0,18683000.0
1054,2021-10-01 14:25:59,28800.0,1000.0,18681000.0
1055,2021-10-01 14:25:58,28800.0,2000.0,18680000.0
1056,2021-10-01 14:25:56,28800.0,800.0,18678000.0
1057,2021-10-01 14:25:55,28750.0,39700.0,18677200.0
1058,2021-10-01 14:25:55,28750.0,50000.0,18637500.0
1059,2021-10-01 14:25:55,28750.0,200.0,18587500.0
1060,2021-10-01 14:25:55,28750.0,2000.0,18587300.0
1061,2021-10-01 14:25:55,28750.0,100.0,18585300.0
1062,2021-10-01 14:25:55,28750.0,2000.0,18585200.0
1063,2021-10-01 14:25:55,28750.0,100.0,18583200.0
1064,2021-10-01 14:25:55,28750.0,100.0,18583100.0
1065,2021-10-01 14:25:55,28750.0,2000.0,18583000.0
1066,2021-10-01 14:25:55,28750.0,100.0,18581000.0
1067,2021-10-01 14:25:55,28750.0,200.0,18580900.0
1068,2021-10-01 14:25:55,28750.0,400.0,18580700.0
1069,2021-10-01 14:25:55,28750.0,3100.0,18580300.0
1070,2021-10-01 14:25:54,28750.0,200.0,18577200.0
1071,2021-10-01 14:25:53,28750.0,1700.0,18577000.0
1072,2021-10-01 14:25:53,28750.0,100.0,18575300.0
1073,2021-10-01 14:25:53,28750.0,1000.0,18575200.0
1074,2021-10-01 14:25:53,28750.0,100.0,18574200.0
1075,2021-10-01 14:25:53,28750.0,100.0,18574100.0
1076,2021-10-01 14:25:53,28750.0,1500.0,18574000.0
1077,2021-10-01 14:25:53,28750.0,4400.0,18572500.0
1078,2021-10-01 14:25:44,28750.0,100.0,18568100.0
1079,2021-10-01 14:25:44,28800.0,500.0,18568000.0
1080,2021-10-01 14:25:43,28750.0,1400.0,18567500.0
1081,2021-10-01 14:25:39,28750.0,100.0,18566100.0
1082,2021-10-01 14:25:39,28800.0,9000.0,18566000.0
1083,2021-10-01 14:25:34,28800.0,200.0,18557000.0
1084,2021-10-01 14:25:33,28750.0,2500.0,18556800.0
1085,2021-10-01 14:25:33,28800.0,4500.0,18554300.0
1086,2021-10-01 14:25:33,28800.0,600.0,18549800.0
1087,2021-10-01 14:25:33,28800.0,800.0,18549200.0
1088,2021-10-01 14:25:33,28800.0,100.0,18548400.0
1089,2021-10-01 14:25:28,28750.0,5000.0,18548300.0
1090,2021-10-01 14:25:25,28800.0,300.0,18543300.0
1091,2021-10-01 14:25:25,28800.0,200.0,18543000.0
1092,2021-10-01 14:25:25,28800.0,200.0,18542800.0
1093,2021-10-01 14:25:24,28750.0,5700.0,18542600.0
1094,2021-10-01 14:25:19,28750.0,800.0,18536900.0
1095,2021-10-01 14:25:19,28750.0,200.0,18536100.0
1096,2021-10-01 14:25:17,28750.0,300.0,18535900.0
1097,2021-10-01 14:25:16,28750.0,500.0,18535600.0
1098,2021-10-01 14:25:16,28750.0,500.0,18535100.0
1099,2021-10-01 14:25:12,28750.0,400.0,18534600.0
1100,2021-10-01 14:25:12,28750.0,100.0,18534200.0
1101,2021-10-01 14:25:11,28750.0,100.0,18534100.0
1102,2021-10-01 14:25:10,28750.0,200.0,18534000.0
1103,2021-10-01 14:25:10,28750.0,2800.0,18533800.0
1104,2021-10-01 14:25:09,28750.0,100.0,18531000.0
1105,2021-10-01 14:25:09,28750.0,1000.0,18530900.0
1106,2021-10-01 14:25:08,28750.0,1100.0,18529900.0
1107,2021-10-01 14:25:08,28750.0,3900.0,18528800.0
1108,2021-10-01 14:25:08,28750.0,200.0,18524900.0
1109,2021-10-01 14:25:08,28750.0,5000.0,18524700.0
1110,2021-10-01 14:25:07,28750.0,500.0,18519700.0
1111,2021-10-01 14:25:04,28750.0,400.0,18519200.0
1112,2021-10-01 14:25:04,28750.0,5000.0,18518800.0
1113,2021-10-01 14:25:04,28750.0,1000.0,18513800.0
1114,2021-10-01 14:25:04,28750.0,5000.0,18512800.0
1115,2021-10-01 14:25:04,28750.0,100.0,18507800.0
1116,2021-10-01 14:25:03,28750.0,1500.0,18507700.0
1117,2021-10-01 14:25:01,28750.0,600.0,18506200.0
1118,2021-10-01 14:24:58,28750.0,100.0,18505600.0
1119,2021-10-01 14:24:56,28700.0,200.0,18505500.0
1120,2021-10-01 14:24:53,28700.0,2000.0,18505300.0
1121,2021-10-01 14:24:53,28750.0,3300.0,18503300.0
1122,2021-10-01 14:24:53,28750.0,700.0,18500000.0
1123,2021-10-01 14:24:52,28700.0,6000.0,18499300.0
1124,2021-10-01 14:24:52,28750.0,300.0,18493300.0
1125,2021-10-01 14:24:52,28750.0,100.0,18493000.0
1126,2021-10-01 14:24:52,28750.0,100.0,18492900.0
1127,2021-10-01 14:24:51,28700.0,5000.0,18492800.0
1128,2021-10-01 14:24:50,28750.0,100.0,18487800.0
1129,2021-10-01 14:24:50,28750.0,1200.0,18487700.0
1130,2021-10-01 14:24:49,28750.0,5000.0,18486500.0
1131,2021-10-01 14:24:49,28750.0,300.0,18481500.0
1132,2021-10-01 14:24:49,28700.0,5000.0,18481200.0
1133,2021-10-01 14:24:48,28700.0,500.0,18476200.0
1134,2021-10-01 14:24:47,28750.0,1000.0,18475700.0
1135,2021-10-01 14:24:46,28750.0,2000.0,18474700.0
1136,2021-10-01 14:24:46,28700.0,100.0,18472700.0
1137,2021-10-01 14:24:46,28700.0,100.0,18472600.0
1138,2021-10-01 14:24:46,28700.0,100.0,18472500.0
1139,2021-10-01 14:24:45,28700.0,200.0,18472400.0
1140,2021-10-01 14:24:45,28700.0,1000.0,18472200.0
1141,2021-10-01 14:24:45,28700.0,100.0,18471200.0
1142,2021-10-01 14:24:45,28700.0,100.0,18471100.0
1143,2021-10-01 14:24:45,28700.0,100.0,18471000.0
1144,2021-10-01 14:24:45,28700.0,700.0,18470900.0
1145,2021-10-01 14:24:45,28700.0,100.0,18470200.0
1146,2021-10-01 14:24:45,28700.0,100.0,18470100.0
1147,2021-10-01 14:24:45,28700.0,6700.0,18470000.0
1148,2021-10-01 14:24:45,28700.0,2000.0,18463300.0
1149,2021-10-01 14:24:45,28700.0,100.0,18461300.0
1150,2021-10-01 14:24:45,28700.0,18800.0,18461200.0
1151,2021-10-01 14:24:41,28750.0,100.0,18442400.0
1152,2021-10-01 14:24:39,28750.0,5000.0,18442300.0
1153,2021-10-01 14:24:39,28750.0,200.0,18437300.0
1154,2021-10-01 14:24:37,28750.0,200.0,18437100.0
1155,2021-10-01 14:24:35,28750.0,1400.0,18436900.0
1156,2021-10-01 14:24:35,28750.0,100.0,18435500.0
1157,2021-10-01 14:24:34,28750.0,100.0,18435400.0
1158,2021-10-01 14:24:34,28750.0,500.0,18435300.0
1159,2021-10-01 14:24:33,28750.0,500.0,18434800.0
1160,2021-10-01 14:24:32,28750.0,1000.0,18434300.0
1161,2021-10-01 14:24:32,28750.0,5000.0,18433300.0
1162,2021-10-01 14:24:31,28750.0,100.0,18428300.0
1163,2021-10-01 14:24:30,28750.0,500.0,18428200.0
1164,2021-10-01 14:24:29,28750.0,100.0,18427700.0
1165,2021-10-01 14:24:28,28750.0,100.0,18427600.0
1166,2021-10-01 14:24:28,28700.0,800.0,18427500.0
1167,2021-10-01 14:24:28,28750.0,100.0,18426700.0
1168,2021-10-01 14:24:27,28750.0,100.0,18426600.0
1169,2021-10-01 14:24:23,28750.0,100.0,18426500.0
1170,2021-10-01 14:24:23,28750.0,300.0,18426400.0
1171,2021-10-01 14:24:23,28750.0,700.0,18426100.0
1172,2021-10-01 14:24:23,28750.0,1000.0,18425400.0
1173,2021-10-01 14:24:22,28750.0,1000.0,18424400.0
1174,2021-10-01 14:24:22,28750.0,1000.0,18423400.0
1175,2021-10-01 14:24:22,28750.0,100.0,18422400.0
1176,2021-10-01 14:24:22,28750.0,200.0,18422300.0
1177,2021-10-01 14:24:20,28750.0,200.0,18422100.0
1178,2021-10-01 14:24:20,28750.0,200.0,18421900.0
1179,2021-10-01 14:24:19,28750.0,600.0,18421700.0
1180,2021-10-01 14:24:19,28750.0,1900.0,18421100.0
1181,2021-10-01 14:24:19,28700.0,400.0,18419200.0
1182,2021-10-01 14:24:19,28700.0,100.0,18418800.0
1183,2021-10-01 14:24:19,28700.0,200.0,18418700.0
1184,2021-10-01 14:24:19,28700.0,100.0,18418500.0
1185,2021-10-01 14:24:19,28700.0,500.0,18418400.0
1186,2021-10-01 14:24:19,28700.0,100.0,18417900.0
1187,2021-10-01 14:24:19,28700.0,100.0,18417800.0
1188,2021-10-01 14:24:19,28700.0,400.0,18417700.0
1189,2021-10-01 14:24:19,28700.0,100.0,18417300.0
1190,2021-10-01 14:24:19,28700.0,500.0,18417200.0
1191,2021-10-01 14:24:19,28700.0,200.0,18416700.0
1192,2021-10-01 14:24:19,28700.0,500.0,18416500.0
1193,2021-10-01 14:24:19,28700.0,100.0,18416000.0
1194,2021-10-01 14:24:19,28700.0,1700.0,18415900.0
1195,2021-10-01 14:24:17,28750.0,300.0,18414200.0
1196,2021-10-01 14:24:16,28750.0,500.0,18413900.0
1197,2021-10-01 14:24:15,28750.0,100.0,18413400.0
1198,2021-10-01 14:24:15,28750.0,500.0,18413300.0
1199,2021-10-01 14:24:15,28700.0,200.0,18412800.0
1200,2021-10-01 14:24:14,28750.0,1000.0,18412600.0
1201,2021-10-01 14:24:13,28750.0,100.0,18411600.0
1202,2021-10-01 14:24:10,28750.0,100.0,18411500.0
1203,2021-10-01 14:24:09,28750.0,100.0,18411400.0
1204,2021-10-01 14:24:07,28750.0,500.0,18411300.0
1205,2021-10-01 14:24:06,28750.0,2000.0,18410800.0
1206,2021-10-01 14:24:06,28750.0,1000.0,18408800.0
1207,2021-10-01 14:24:05,28750.0,2200.0,18407800.0
1208,2021-10-01 14:24:05,28750.0,100.0,18405600.0
1209,2021-10-01 14:24:04,28750.0,100.0,18405500.0
1210,2021-10-01 14:24:04,28750.0,800.0,18405400.0
1211,2021-10-01 14:24:03,28750.0,500.0,18404600.0
1212,2021-10-01 14:24:03,28750.0,100.0,18404100.0
1213,2021-10-01 14:24:03,28700.0,200.0,18404000.0
1214,2021-10-01 14:24:03,28700.0,100.0,18403800.0
1215,2021-10-01 14:24:03,28700.0,200.0,18403700.0
1216,2021-10-01 14:24:03,28700.0,2400.0,18403500.0
1217,2021-10-01 14:24:03,28700.0,1000.0,18401100.0
1218,2021-10-01 14:24:03,28700.0,1000.0,18400100.0
1219,2021-10-01 14:24:03,28700.0,300.0,18399100.0
1220,2021-10-01 14:24:03,28700.0,100.0,18398800.0
1221,2021-10-01 14:24:03,28700.0,200.0,18398700.0
1222,2021-10-01 14:24:03,28700.0,300.0,18398500.0
1223,2021-10-01 14:24:02,28750.0,1000.0,18398200.0
1224,2021-10-01 14:24:01,28700.0,700.0,18397200.0
1225,2021-10-01 14:24:01,28700.0,100.0,18396500.0
1226,2021-10-01 14:24:01,28700.0,1000.0,18396400.0
1227,2021-10-01 14:24:01,28700.0,100.0,18395400.0
1228,2021-10-01 14:24:01,28700.0,100.0,18395300.0
1229,2021-10-01 14:24:01,28700.0,3000.0,18395200.0
1230,2021-10-01 14:24:01,28700.0,300.0,18392200.0
1231,2021-10-01 14:24:01,28700.0,300.0,18391900.0
1232,2021-10-01 14:24:01,28700.0,100.0,18391600.0
1233,2021-10-01 14:24:01,28700.0,500.0,18391500.0
1234,2021-10-01 14:24:01,28700.0,500.0,18391000.0
1235,2021-10-01 14:24:01,28700.0,100.0,18390500.0
1236,2021-10-01 14:24:01,28700.0,300.0,18390400.0
1237,2021-10-01 14:24:01,28700.0,200.0,18390100.0
1238,2021-10-01 14:24:01,28700.0,200.0,18389900.0
1239,2021-10-01 14:24:01,28700.0,100.0,18389700.0
1240,2021-10-01 14:24:01,28700.0,200.0,18389600.0
1241,2021-10-01 14:24:01,28700.0,1000.0,18389400.0
1242,2021-10-01 14:24:01,28700.0,300.0,18388400.0
1243,2021-10-01 14:24:01,28700.0,100.0,18388100.0
1244,2021-10-01 14:24:01,28700.0,100.0,18388000.0
1245,2021-10-01 14:24:01,28700.0,100.0,18387900.0
1246,2021-10-01 14:24:01,28700.0,100.0,18387800.0
1247,2021-10-01 14:24:01,28700.0,100.0,18387700.0
1248,2021-10-01 14:24:01,28700.0,200.0,18387600.0
1249,2021-10-01 14:24:01,28700.0,1000.0,18387400.0
1250,2021-10-01 14:24:01,28700.0,200.0,18386400.0
1251,2021-10-01 14:24:01,28700.0,1000.0,18386200.0
1252,2021-10-01 14:24:01,28700.0,200.0,18385200.0
1253,2021-10-01 14:24:01,28700.0,200.0,18385000.0
1254,2021-10-01 14:24:01,28700.0,1000.0,18384800.0
1255,2021-10-01 14:24:01,28700.0,2400.0,18383800.0
1256,2021-10-01 14:24:01,28700.0,100.0,18381400.0
1257,2021-10-01 14:24:01,28700.0,1000.0,18381300.0
1258,2021-10-01 14:24:01,28700.0,200.0,18380300.0
1259,2021-10-01 14:24:01,28700.0,2000.0,18380100.0
1260,2021-10-01 14:24:01,28700.0,900.0,18378100.0
1261,2021-10-01 14:24:00,28750.0,1000.0,18377200.0
1262,2021-10-01 14:24:00,28750.0,1000.0,18376200.0
1263,2021-10-01 14:24:00,28750.0,100.0,18375200.0
1264,2021-10-01 14:23:58,28800.0,100.0,18375100.0
1265,2021-10-01 14:23:56,28750.0,100.0,18375000.0
1266,2021-10-01 14:23:55,28750.0,900.0,18374900.0
1267,2021-10-01 14:23:55,28750.0,300.0,18374000.0
1268,2021-10-01 14:23:55,28750.0,200.0,18373700.0
1269,2021-10-01 14:23:55,28750.0,100.0,18373500.0
1270,2021-10-01 14:23:55,28750.0,100.0,18373400.0
1271,2021-10-01 14:23:55,28750.0,300.0,18373300.0
1272,2021-10-01 14:23:55,28750.0,1800.0,18373000.0
1273,2021-10-01 14:23:55,28750.0,600.0,18371200.0
1274,2021-10-01 14:23:55,28750.0,100.0,18370600.0
1275,2021-10-01 14:23:55,28750.0,300.0,18370500.0
1276,2021-10-01 14:23:55,28750.0,300.0,18370200.0
1277,2021-10-01 14:23:55,28750.0,100.0,18369900.0
1278,2021-10-01 14:23:55,28750.0,200.0,18369800.0
1279,2021-10-01 14:23:55,28750.0,100.0,18369600.0
1280,2021-10-01 14:23:55,28750.0,200.0,18369500.0
1281,2021-10-01 14:23:55,28750.0,100.0,18369300.0
1282,2021-10-01 14:23:55,28750.0,1000.0,18369200.0
1283,2021-10-01 14:23:55,28750.0,1000.0,18368200.0
1284,2021-10-01 14:23:55,28750.0,100.0,18367200.0
1285,2021-10-01 14:23:55,28750.0,300.0,18367100.0
1286,2021-10-01 14:23:55,28750.0,2000.0,18366800.0
1287,2021-10-01 14:23:55,28750.0,100.0,18364800.0
1288,2021-10-01 14:23:55,28750.0,1000.0,18364700.0
1289,2021-10-01 14:23:55,28750.0,1000.0,18363700.0
1290,2021-10-01 14:23:55,28750.0,1000.0,18362700.0
1291,2021-10-01 14:23:55,28750.0,500.0,18361700.0
1292,2021-10-01 14:23:55,28750.0,200.0,18361200.0
1293,2021-10-01 14:23:55,28750.0,100.0,18361000.0
1294,2021-10-01 14:23:55,28750.0,100.0,18360900.0
1295,2021-10-01 14:23:55,28750.0,200.0,18360800.0
1296,2021-10-01 14:23:55,28750.0,3300.0,18360600.0
1297,2021-10-01 14:23:53,28800.0,200.0,18357300.0
1298,2021-10-01 14:23:53,28800.0,100.0,18357100.0
1299,2021-10-01 14:23:53,28800.0,1700.0,18357000.0
1300,2021-10-01 14:23:52,28800.0,3000.0,18355300.0
1301,2021-10-01 14:23:50,28800.0,100.0,18352300.0
1302,2021-10-01 14:23:49,28750.0,500.0,18352200.0
1303,2021-10-01 14:23:44,28800.0,900.0,18351700.0
1304,2021-10-01 14:23:44,28800.0,100.0,18350800.0
1305,2021-10-01 14:23:43,28800.0,400.0,18350700.0
1306,2021-10-01 14:23:41,28800.0,4500.0,18350300.0
1307,2021-10-01 14:23:41,28800.0,500.0,18345800.0
1308,2021-10-01 14:23:40,28800.0,1000.0,18345300.0
1309,2021-10-01 14:23:40,28800.0,100.0,18344300.0
1310,2021-10-01 14:23:40,28800.0,1200.0,18344200.0
1311,2021-10-01 14:23:40,28750.0,2000.0,18343000.0
1312,2021-10-01 14:23:39,28800.0,600.0,18341000.0
1313,2021-10-01 14:23:39,28800.0,200.0,18340400.0
1314,2021-10-01 14:23:38,28800.0,100.0,18340200.0
1315,2021-10-01 14:23:38,28800.0,400.0,18340100.0
1316,2021-10-01 14:23:31,28800.0,100.0,18339700.0
1317,2021-10-01 14:23:30,28800.0,400.0,18339600.0
1318,2021-10-01 14:23:30,28800.0,600.0,18339200.0
1319,2021-10-01 14:23:30,28750.0,3200.0,18338600.0
1320,2021-10-01 14:23:30,28750.0,100.0,18335400.0
1321,2021-10-01 14:23:30,28750.0,200.0,18335300.0
1322,2021-10-01 14:23:30,28750.0,1000.0,18335100.0
1323,2021-10-01 14:23:30,28750.0,300.0,18334100.0
1324,2021-10-01 14:23:30,28750.0,100.0,18333800.0
1325,2021-10-01 14:23:30,28750.0,100.0,18333700.0
1326,2021-10-01 14:23:29,28800.0,600.0,18333600.0
1327,2021-10-01 14:23:29,28800.0,600.0,18333000.0
1328,2021-10-01 14:23:29,28800.0,100.0,18332400.0
1329,2021-10-01 14:23:28,28800.0,1100.0,18332300.0
1330,2021-10-01 14:23:28,28800.0,3900.0,18331200.0
1331,2021-10-01 14:23:26,28800.0,300.0,18327300.0
1332,2021-10-01 14:23:25,28800.0,1000.0,18327000.0
1333,2021-10-01 14:23:24,28800.0,100.0,18326000.0
1334,2021-10-01 14:23:24,28800.0,3000.0,18325900.0
1335,2021-10-01 14:23:23,28800.0,500.0,18322900.0
1336,2021-10-01 14:23:23,28750.0,2900.0,18322400.0
1337,2021-10-01 14:23:23,28750.0,100.0,18319500.0
1338,2021-10-01 14:23:23,28750.0,2000.0,18319400.0
1339,2021-10-01 14:23:21,28800.0,100.0,18317400.0
1340,2021-10-01 14:23:20,28800.0,1100.0,18317300.0
1341,2021-10-01 14:23:20,28800.0,8900.0,18316200.0
1342,2021-10-01 14:23:20,28800.0,300.0,18307300.0
1343,2021-10-01 14:23:15,28800.0,100.0,18307000.0
1344,2021-10-01 14:23:15,28800.0,300.0,18306900.0
1345,2021-10-01 14:23:12,28800.0,1000.0,18306600.0
1346,2021-10-01 14:23:09,28800.0,100.0,18305600.0
1347,2021-10-01 14:23:09,28800.0,500.0,18305500.0
1348,2021-10-01 14:23:08,28800.0,100.0,18305000.0
1349,2021-10-01 14:23:08,28800.0,500.0,18304900.0
1350,2021-10-01 14:23:07,28800.0,1000.0,18304400.0
1351,2021-10-01 14:23:07,28800.0,500.0,18303400.0
1352,2021-10-01 14:23:04,28800.0,1000.0,18302900.0
1353,2021-10-01 14:23:04,28800.0,100.0,18301900.0
1354,2021-10-01 14:22:56,28800.0,2000.0,18301800.0
1355,2021-10-01 14:22:56,28800.0,600.0,18299800.0
1356,2021-10-01 14:22:56,28800.0,200.0,18299200.0
1357,2021-10-01 14:22:56,28800.0,2800.0,18299000.0
1358,2021-10-01 14:22:48,28850.0,500.0,18296200.0
1359,2021-10-01 14:22:47,28850.0,3200.0,18295700.0
1360,2021-10-01 14:22:47,28800.0,1000.0,18292500.0
1361,2021-10-01 14:22:47,28800.0,300.0,18291500.0
1362,2021-10-01 14:22:47,28800.0,6000.0,18291200.0
1363,2021-10-01 14:22:47,28800.0,200.0,18285200.0
1364,2021-10-01 14:22:47,28800.0,200.0,18285000.0
1365,2021-10-01 14:22:47,28800.0,19000.0,18284800.0
1366,2021-10-01 14:22:47,28750.0,500.0,18265800.0
1367,2021-10-01 14:22:46,28750.0,5200.0,18265300.0
1368,2021-10-01 14:22:46,28750.0,1000.0,18260100.0
1369,2021-10-01 14:22:46,28750.0,13800.0,18259100.0
1370,2021-10-01 14:22:46,28750.0,2000.0,18245300.0
1371,2021-10-01 14:22:43,28750.0,100.0,18243300.0
1372,2021-10-01 14:22:43,28750.0,100.0,18243200.0
1373,2021-10-01 14:22:42,28750.0,100.0,18243100.0
1374,2021-10-01 14:22:42,28750.0,100.0,18243000.0
1375,2021-10-01 14:22:41,28750.0,500.0,18242900.0
1376,2021-10-01 14:22:41,28750.0,100.0,18242400.0
1377,2021-10-01 14:22:41,28750.0,300.0,18242300.0
1378,2021-10-01 14:22:41,28700.0,100.0,18242000.0
1379,2021-10-01 14:22:40,28750.0,2000.0,18241900.0
1380,2021-10-01 14:22:40,28750.0,100.0,18239900.0
1381,2021-10-01 14:22:40,28750.0,100.0,18239800.0
1382,2021-10-01 14:22:40,28750.0,700.0,18239700.0
1383,2021-10-01 14:22:38,28800.0,10000.0,18239000.0
1384,2021-10-01 14:22:37,28800.0,1000.0,18229000.0
1385,2021-10-01 14:22:37,28750.0,100.0,18228000.0
1386,2021-10-01 14:22:37,28750.0,200.0,18227900.0
1387,2021-10-01 14:22:37,28750.0,100.0,18227700.0
1388,2021-10-01 14:22:37,28750.0,2000.0,18227600.0
1389,2021-10-01 14:22:37,28750.0,500.0,18225600.0
1390,2021-10-01 14:22:37,28750.0,200.0,18225100.0
1391,2021-10-01 14:22:37,28750.0,500.0,18224900.0
1392,2021-10-01 14:22:37,28750.0,300.0,18224400.0
1393,2021-10-01 14:22:37,28750.0,100.0,18224100.0
1394,2021-10-01 14:22:37,28750.0,200.0,18224000.0
1395,2021-10-01 14:22:37,28750.0,1000.0,18223800.0
1396,2021-10-01 14:22:37,28750.0,300.0,18222800.0
1397,2021-10-01 14:22:37,28750.0,100.0,18222500.0
1398,2021-10-01 14:22:37,28750.0,100.0,18222400.0
1399,2021-10-01 14:22:37,28750.0,100.0,18222300.0
1400,2021-10-01 14:22:37,28750.0,1100.0,18222200.0
1401,2021-10-01 14:22:37,28750.0,1000.0,18221100.0
1402,2021-10-01 14:22:37,28750.0,100.0,18220100.0
1403,2021-10-01 14:22:37,28750.0,1000.0,18220000.0
1404,2021-10-01 14:22:37,28750.0,100.0,18219000.0
1405,2021-10-01 14:22:37,28750.0,400.0,18218900.0
1406,2021-10-01 14:22:37,28750.0,1000.0,18218500.0
1407,2021-10-01 14:22:37,28750.0,500.0,18217500.0
1408,2021-10-01 14:22:37,28750.0,100.0,18217000.0
1409,2021-10-01 14:22:37,28750.0,100.0,18216900.0
1410,2021-10-01 14:22:37,28750.0,100.0,18216800.0
1411,2021-10-01 14:22:37,28750.0,100.0,18216700.0
1412,2021-10-01 14:22:37,28750.0,300.0,18216600.0
1413,2021-10-01 14:22:37,28750.0,200.0,18216300.0
1414,2021-10-01 14:22:37,28750.0,100.0,18216100.0
1415,2021-10-01 14:22:37,28750.0,100.0,18216000.0
1416,2021-10-01 14:22:37,28750.0,100.0,18215900.0
1417,2021-10-01 14:22:37,28750.0,200.0,18215800.0
1418,2021-10-01 14:22:37,28750.0,300.0,18215600.0
1419,2021-10-01 14:22:37,28750.0,600.0,18215300.0
1420,2021-10-01 14:22:37,28750.0,500.0,18214700.0
1421,2021-10-01 14:22:37,28750.0,100.0,18214200.0
1422,2021-10-01 14:22:37,28750.0,100.0,18214100.0
1423,2021-10-01 14:22:37,28750.0,500.0,18214000.0
1424,2021-10-01 14:22:37,28750.0,200.0,18213500.0
1425,2021-10-01 14:22:37,28750.0,500.0,18213300.0
1426,2021-10-01 14:22:37,28750.0,100.0,18212800.0
1427,2021-10-01 14:22:37,28750.0,100.0,18212700.0
1428,2021-10-01 14:22:37,28750.0,1000.0,18212600.0
1429,2021-10-01 14:22:37,28750.0,100.0,18211600.0
1430,2021-10-01 14:22:37,28750.0,600.0,18211500.0
1431,2021-10-01 14:22:37,28750.0,1200.0,18210900.0
1432,2021-10-01 14:22:37,28750.0,1200.0,18209700.0
1433,2021-10-01 14:22:37,28750.0,100.0,18208500.0
1434,2021-10-01 14:22:37,28750.0,100.0,18208400.0
1435,2021-10-01 14:22:37,28750.0,100.0,18208300.0
1436,2021-10-01 14:22:37,28750.0,100.0,18208200.0
1437,2021-10-01 14:22:37,28750.0,1000.0,18208100.0
1438,2021-10-01 14:22:37,28750.0,3100.0,18207100.0
1439,2021-10-01 14:22:37,28750.0,1000.0,18204000.0
1440,2021-10-01 14:22:36,28800.0,100.0,18203000.0
1441,2021-10-01 14:22:36,28800.0,100.0,18202900.0
1442,2021-10-01 14:22:35,28800.0,600.0,18202800.0
1443,2021-10-01 14:22:35,28800.0,100.0,18202200.0
1444,2021-10-01 14:22:33,28800.0,500.0,18202100.0
1445,2021-10-01 14:22:29,28800.0,300.0,18201600.0
1446,2021-10-01 14:22:28,28750.0,1000.0,18201300.0
1447,2021-10-01 14:22:28,28750.0,1000.0,18200300.0
1448,2021-10-01 14:22:28,28750.0,500.0,18199300.0
1449,2021-10-01 14:22:28,28750.0,100.0,18198800.0
1450,2021-10-01 14:22:28,28750.0,100.0,18198700.0
1451,2021-10-01 14:22:28,28750.0,100.0,18198600.0
1452,2021-10-01 14:22:28,28750.0,2200.0,18198500.0
1453,2021-10-01 14:22:25,28800.0,100.0,18196300.0
1454,2021-10-01 14:22:24,28800.0,1000.0,18196200.0
1455,2021-10-01 14:22:24,28750.0,200.0,18195200.0
1456,2021-10-01 14:22:21,28800.0,1000.0,18195000.0
1457,2021-10-01 14:22:19,28750.0,5000.0,18194000.0
1458,2021-10-01 14:22:18,28800.0,100.0,18189000.0
1459,2021-10-01 14:22:17,28800.0,300.0,18188900.0
1460,2021-10-01 14:22:16,28800.0,300.0,18188600.0
1461,2021-10-01 14:22:14,28800.0,100.0,18188300.0
1462,2021-10-01 14:22:13,28800.0,100.0,18188200.0
1463,2021-10-01 14:22:12,28800.0,100.0,18188100.0
1464,2021-10-01 14:22:08,28850.0,2000.0,18188000.0
1465,2021-10-01 14:22:08,28850.0,500.0,18186000.0
1466,2021-10-01 14:22:04,28750.0,2600.0,18185500.0
1467,2021-10-01 14:22:04,28750.0,100.0,18182900.0
1468,2021-10-01 14:22:04,28750.0,500.0,18182800.0
1469,2021-10-01 14:22:04,28750.0,100.0,18182300.0
1470,2021-10-01 14:22:04,28750.0,1000.0,18182200.0
1471,2021-10-01 14:22:04,28750.0,100.0,18181200.0
1472,2021-10-01 14:22:04,28750.0,500.0,18181100.0
1473,2021-10-01 14:22:04,28750.0,200.0,18180600.0
1474,2021-10-01 14:22:04,28750.0,300.0,18180400.0
1475,2021-10-01 14:22:04,28750.0,200.0,18180100.0
1476,2021-10-01 14:22:04,28750.0,1000.0,18179900.0
1477,2021-10-01 14:22:04,28750.0,100.0,18178900.0
1478,2021-10-01 14:22:04,28750.0,500.0,18178800.0
1479,2021-10-01 14:22:04,28750.0,100.0,18178300.0
1480,2021-10-01 14:22:04,28750.0,100.0,18178200.0
1481,2021-10-01 14:22:04,28750.0,100.0,18178100.0
1482,2021-10-01 14:22:04,28750.0,200.0,18178000.0
1483,2021-10-01 14:22:04,28750.0,500.0,18177800.0
1484,2021-10-01 14:22:04,28750.0,500.0,18177300.0
1485,2021-10-01 14:22:04,28750.0,200.0,18176800.0
1486,2021-10-01 14:22:04,28750.0,300.0,18176600.0
1487,2021-10-01 14:22:04,28750.0,100.0,18176300.0
1488,2021-10-01 14:22:04,28750.0,300.0,18176200.0
1489,2021-10-01 14:22:04,28750.0,100.0,18175900.0
1490,2021-10-01 14:22:04,28750.0,100.0,18175800.0
1491,2021-10-01 14:22:04,28750.0,10000.0,18175700.0
1492,2021-10-01 14:22:04,28750.0,100.0,18165700.0
1493,2021-10-01 14:22:04,28750.0,500.0,18165600.0
1494,2021-10-01 14:22:04,28750.0,500.0,18165100.0
1495,2021-10-01 14:22:04,28750.0,5000.0,18164600.0
1496,2021-10-01 14:22:04,28750.0,300.0,18159600.0
1497,2021-10-01 14:22:04,28750.0,200.0,18159300.0
1498,2021-10-01 14:22:04,28750.0,100.0,18159100.0
1499,2021-10-01 14:22:04,28750.0,100.0,18159000.0
1500,2021-10-01 14:22:04,28750.0,500.0,18158900.0
1501,2021-10-01 14:22:04,28750.0,900.0,18158400.0
1502,2021-10-01 14:22:04,28750.0,500.0,18157500.0
1503,2021-10-01 14:22:04,28750.0,1000.0,18157000.0
1504,2021-10-01 14:22:04,28750.0,1000.0,18156000.0
1505,2021-10-01 14:22:04,28750.0,500.0,18155000.0
1506,2021-10-01 14:22:04,28750.0,1600.0,18154500.0
1507,2021-10-01 14:22:04,28750.0,2000.0,18152900.0
1508,2021-10-01 14:22:04,28750.0,300.0,18150900.0
1509,2021-10-01 14:22:04,28750.0,100.0,18150600.0
1510,2021-10-01 14:22:04,28750.0,100.0,18150500.0
1511,2021-10-01 14:22:04,28750.0,200.0,18150400.0
1512,2021-10-01 14:22:04,28750.0,500.0,18150200.0
1513,2021-10-01 14:22:04,28750.0,200.0,18149700.0
1514,2021-10-01 14:22:04,28750.0,1100.0,18149500.0
1515,2021-10-01 14:22:04,28750.0,100.0,18148400.0
1516,2021-10-01 14:22:04,28750.0,100.0,18148300.0
1517,2021-10-01 14:22:04,28750.0,100.0,18148200.0
1518,2021-10-01 14:22:04,28750.0,500.0,18148100.0
1519,2021-10-01 14:22:04,28750.0,100.0,18147600.0
1520,2021-10-01 14:22:04,28750.0,100.0,18147500.0
1521,2021-10-01 14:22:04,28750.0,2500.0,18147400.0
1522,2021-10-01 14:22:04,28750.0,100.0,18144900.0
1523,2021-10-01 14:22:04,28750.0,1000.0,18144800.0
1524,2021-10-01 14:22:04,28750.0,2000.0,18143800.0
1525,2021-10-01 14:22:04,28750.0,100.0,18141800.0
1526,2021-10-01 14:22:04,28750.0,200.0,18141700.0
1527,2021-10-01 14:22:04,28750.0,300.0,18141500.0
1528,2021-10-01 14:22:04,28750.0,300.0,18141200.0
1529,2021-10-01 14:22:04,28750.0,100.0,18140900.0
1530,2021-10-01 14:22:04,28750.0,100.0,18140800.0
1531,2021-10-01 14:22:04,28750.0,1000.0,18140700.0
1532,2021-10-01 14:22:04,28750.0,300.0,18139700.0
1533,2021-10-01 14:22:04,28750.0,5000.0,18139400.0
1534,2021-10-01 14:22:04,28750.0,100.0,18134400.0
1535,2021-10-01 14:22:04,28750.0,100.0,18134300.0
1536,2021-10-01 14:22:04,28750.0,10000.0,18134200.0
1537,2021-10-01 14:22:04,28750.0,3000.0,18124200.0
1538,2021-10-01 14:22:04,28750.0,1000.0,18121200.0
1539,2021-10-01 14:22:04,28800.0,100.0,18120200.0
1540,2021-10-01 14:22:04,28800.0,1000.0,18120100.0
1541,2021-10-01 14:22:04,28800.0,1000.0,18119100.0
1542,2021-10-01 14:22:04,28800.0,500.0,18118100.0
1543,2021-10-01 14:22:04,28800.0,100.0,18117600.0
1544,2021-10-01 14:22:04,28800.0,100.0,18117500.0
1545,2021-10-01 14:22:04,28800.0,500.0,18117400.0
1546,2021-10-01 14:22:04,28800.0,1000.0,18116900.0
1547,2021-10-01 14:22:04,28800.0,400.0,18115900.0
1548,2021-10-01 14:22:04,28800.0,1000.0,18115500.0
1549,2021-10-01 14:22:04,28800.0,100.0,18114500.0
1550,2021-10-01 14:22:04,28800.0,200.0,18114400.0
1551,2021-10-01 14:22:04,28800.0,1000.0,18114200.0
1552,2021-10-01 14:22:04,28800.0,300.0,18113200.0
1553,2021-10-01 14:22:04,28800.0,2000.0,18112900.0
1554,2021-10-01 14:22:04,28800.0,300.0,18110900.0
1555,2021-10-01 14:22:04,28800.0,100.0,18110600.0
1556,2021-10-01 14:22:04,28800.0,200.0,18110500.0
1557,2021-10-01 14:22:04,28800.0,100.0,18110300.0
1558,2021-10-01 14:22:04,28800.0,500.0,18110200.0
1559,2021-10-01 14:22:04,28800.0,200.0,18109700.0
1560,2021-10-01 14:22:04,28800.0,100.0,18109500.0
1561,2021-10-01 14:22:04,28800.0,100.0,18109400.0
1562,2021-10-01 14:22:04,28800.0,3000.0,18109300.0
1563,2021-10-01 14:22:04,28800.0,500.0,18106300.0
1564,2021-10-01 14:22:04,28800.0,100.0,18105800.0
1565,2021-10-01 14:22:04,28800.0,100.0,18105700.0
1566,2021-10-01 14:22:04,28800.0,100.0,18105600.0
1567,2021-10-01 14:22:04,28800.0,100.0,18105500.0
1568,2021-10-01 14:22:04,28800.0,600.0,18105400.0
1569,2021-10-01 14:22:04,28800.0,500.0,18104800.0
1570,2021-10-01 14:22:04,28800.0,500.0,18104300.0
1571,2021-10-01 14:22:04,28800.0,100.0,18103800.0
1572,2021-10-01 14:22:04,28800.0,3000.0,18103700.0
1573,2021-10-01 14:22:04,28800.0,200.0,18100700.0
1574,2021-10-01 14:22:04,28800.0,100.0,18100500.0
1575,2021-10-01 14:22:04,28800.0,100.0,18100400.0
1576,2021-10-01 14:22:04,28800.0,1000.0,18100300.0
1577,2021-10-01 14:22:04,28800.0,100.0,18099300.0
1578,2021-10-01 14:22:04,28800.0,100.0,18099200.0
1579,2021-10-01 14:22:04,28800.0,100.0,18099100.0
1580,2021-10-01 14:22:04,28800.0,100.0,18099000.0
1581,2021-10-01 14:22:04,28800.0,100.0,18098900.0
1582,2021-10-01 14:22:04,28800.0,2000.0,18098800.0
1583,2021-10-01 14:22:04,28800.0,200.0,18096800.0
1584,2021-10-01 14:22:04,28800.0,1000.0,18096600.0
1585,2021-10-01 14:22:04,28800.0,100.0,18095600.0
1586,2021-10-01 14:22:04,28800.0,100.0,18095500.0
1587,2021-10-01 14:22:04,28800.0,100.0,18095400.0
1588,2021-10-01 14:22:04,28800.0,200.0,18095300.0
1589,2021-10-01 14:22:04,28800.0,100.0,18095100.0
1590,2021-10-01 14:22:04,28800.0,500.0,18095000.0
1591,2021-10-01 14:22:04,28800.0,1000.0,18094500.0
1592,2021-10-01 14:22:04,28800.0,500.0,18093500.0
1593,2021-10-01 14:22:04,28800.0,100.0,18093000.0
1594,2021-10-01 14:22:04,28800.0,5000.0,18092900.0
1595,2021-10-01 14:22:04,28800.0,1200.0,18087900.0
1596,2021-10-01 14:22:04,28800.0,200.0,18086700.0
1597,2021-10-01 14:22:04,28800.0,100.0,18086500.0
1598,2021-10-01 14:22:04,28800.0,100.0,18086400.0
1599,2021-10-01 14:22:04,28800.0,5000.0,18086300.0
1600,2021-10-01 14:22:04,28800.0,100.0,18081300.0
1601,2021-10-01 14:22:04,28800.0,200.0,18081200.0
1602,2021-10-01 14:22:04,28800.0,1800.0,18081000.0
1603,2021-10-01 14:22:04,28800.0,500.0,18079200.0
1604,2021-10-01 14:22:04,28800.0,200.0,18078700.0
1605,2021-10-01 14:22:04,28800.0,100.0,18078500.0
1606,2021-10-01 14:22:04,28800.0,800.0,18078400.0
1607,2021-10-01 14:22:04,28800.0,1000.0,18077600.0
1608,2021-10-01 14:22:04,28800.0,2000.0,18076600.0
1609,2021-10-01 14:22:04,28800.0,500.0,18074600.0
1610,2021-10-01 14:22:04,28800.0,1500.0,18074100.0
1611,2021-10-01 14:22:04,28800.0,1000.0,18072600.0
1612,2021-10-01 14:22:04,28800.0,500.0,18071600.0
1613,2021-10-01 14:22:04,28800.0,100.0,18071100.0
1614,2021-10-01 14:22:04,28800.0,300.0,18071000.0
1615,2021-10-01 14:22:04,28800.0,1000.0,18070700.0
1616,2021-10-01 14:22:04,28800.0,5000.0,18069700.0
1617,2021-10-01 14:22:04,28800.0,100.0,18064700.0
1618,2021-10-01 14:22:04,28800.0,100.0,18064600.0
1619,2021-10-01 14:22:04,28800.0,100.0,18064500.0
1620,2021-10-01 14:22:04,28800.0,200.0,18064400.0
1621,2021-10-01 14:22:04,28800.0,1000.0,18064200.0
1622,2021-10-01 14:22:04,28800.0,300.0,18063200.0
1623,2021-10-01 14:22:04,28800.0,200.0,18062900.0
1624,2021-10-01 14:22:04,28800.0,100.0,18062700.0
1625,2021-10-01 14:22:04,28800.0,4000.0,18062600.0
1626,2021-10-01 14:22:04,28800.0,100.0,18058600.0
1627,2021-10-01 14:22:04,28800.0,8000.0,18058500.0
1628,2021-10-01 14:22:04,28800.0,300.0,18050500.0
1629,2021-10-01 14:22:04,28800.0,1000.0,18050200.0
1630,2021-10-01 14:22:04,28800.0,500.0,18049200.0
1631,2021-10-01 14:22:04,28800.0,100.0,18048700.0
1632,2021-10-01 14:22:04,28800.0,100.0,18048600.0
1633,2021-10-01 14:22:04,28800.0,100.0,18048500.0
1634,2021-10-01 14:22:04,28800.0,100.0,18048400.0
1635,2021-10-01 14:22:04,28800.0,1000.0,18048300.0
1636,2021-10-01 14:22:04,28800.0,3000.0,18047300.0
1637,2021-10-01 14:22:04,28800.0,200.0,18044300.0
1638,2021-10-01 14:22:04,28800.0,200.0,18044100.0
1639,2021-10-01 14:22:04,28800.0,300.0,18043900.0
1640,2021-10-01 14:22:04,28800.0,500.0,18043600.0
1641,2021-10-01 14:22:04,28800.0,500.0,18043100.0
1642,2021-10-01 14:22:04,28800.0,200.0,18042600.0
1643,2021-10-01 14:22:04,28800.0,500.0,18042400.0
1644,2021-10-01 14:22:04,28800.0,100.0,18041900.0
1645,2021-10-01 14:22:04,28800.0,1000.0,18041800.0
1646,2021-10-01 14:22:04,28800.0,1000.0,18040800.0
1647,2021-10-01 14:22:04,28800.0,200.0,18039800.0
1648,2021-10-01 14:22:04,28800.0,400.0,18039600.0
1649,2021-10-01 14:22:04,28800.0,100.0,18039200.0
1650,2021-10-01 14:22:04,28800.0,500.0,18039100.0
1651,2021-10-01 14:22:04,28800.0,5000.0,18038600.0
1652,2021-10-01 14:22:04,28800.0,200.0,18033600.0
1653,2021-10-01 14:22:04,28800.0,1000.0,18033400.0
1654,2021-10-01 14:22:04,28800.0,1000.0,18032400.0
1655,2021-10-01 14:22:04,28800.0,500.0,18031400.0
1656,2021-10-01 14:22:04,28800.0,200.0,18030900.0
1657,2021-10-01 14:22:04,28800.0,1000.0,18030700.0
1658,2021-10-01 14:22:04,28800.0,200.0,18029700.0
1659,2021-10-01 14:22:04,28800.0,1000.0,18029500.0
1660,2021-10-01 14:22:04,28800.0,100.0,18028500.0
1661,2021-10-01 14:22:04,28800.0,3000.0,18028400.0
1662,2021-10-01 14:22:04,28800.0,300.0,18025400.0
1663,2021-10-01 14:22:04,28800.0,100.0,18025100.0
1664,2021-10-01 14:22:04,28800.0,500.0,18025000.0
1665,2021-10-01 14:22:04,28800.0,100.0,18024500.0
1666,2021-10-01 14:22:04,28800.0,1000.0,18024400.0
1667,2021-10-01 14:22:04,28800.0,100.0,18023400.0
1668,2021-10-01 14:22:04,28800.0,200.0,18023300.0
1669,2021-10-01 14:22:04,28800.0,500.0,18023100.0
1670,2021-10-01 14:22:04,28800.0,200.0,18022600.0
1671,2021-10-01 14:22:04,28800.0,1000.0,18022400.0
1672,2021-10-01 14:22:04,28800.0,500.0,18021400.0
1673,2021-10-01 14:22:04,28800.0,100.0,18020900.0
1674,2021-10-01 14:22:04,28800.0,3800.0,18020800.0
1675,2021-10-01 14:22:04,28800.0,100.0,18017000.0
1676,2021-10-01 14:22:04,28800.0,200.0,18016900.0
1677,2021-10-01 14:22:04,28800.0,500.0,18016700.0
1678,2021-10-01 14:22:04,28800.0,100.0,18016200.0
1679,2021-10-01 14:22:04,28800.0,500.0,18016100.0
1680,2021-10-01 14:22:04,28800.0,100.0,18015600.0
1681,2021-10-01 14:22:04,28800.0,200.0,18015500.0
1682,2021-10-01 14:22:04,28800.0,1000.0,18015300.0
1683,2021-10-01 14:22:04,28800.0,200.0,18014300.0
1684,2021-10-01 14:22:04,28800.0,1000.0,18014100.0
1685,2021-10-01 14:22:04,28800.0,200.0,18013100.0
1686,2021-10-01 14:22:04,28800.0,200.0,18012900.0
1687,2021-10-01 14:22:04,28800.0,500.0,18012700.0
1688,2021-10-01 14:22:04,28800.0,200.0,18012200.0
1689,2021-10-01 14:22:04,28800.0,200.0,18012000.0
1690,2021-10-01 14:22:04,28800.0,1000.0,18011800.0
1691,2021-10-01 14:22:04,28800.0,100.0,18010800.0
1692,2021-10-01 14:22:04,28800.0,100.0,18010700.0
1693,2021-10-01 14:22:04,28800.0,200.0,18010600.0
1694,2021-10-01 14:22:04,28800.0,1000.0,18010400.0
1695,2021-10-01 14:22:04,28800.0,500.0,18009400.0
1696,2021-10-01 14:22:04,28800.0,1000.0,18008900.0
1697,2021-10-01 14:22:04,28800.0,200.0,18007900.0
1698,2021-10-01 14:22:04,28800.0,200.0,18007700.0
1699,2021-10-01 14:22:04,28800.0,100.0,18007500.0
1700,2021-10-01 14:22:04,28800.0,200.0,18007400.0
1701,2021-10-01 14:22:04,28800.0,500.0,18007200.0
1702,2021-10-01 14:22:04,28800.0,500.0,18006700.0
1703,2021-10-01 14:22:04,28800.0,300.0,18006200.0
1704,2021-10-01 14:22:04,28800.0,100.0,18005900.0
1705,2021-10-01 14:22:04,28800.0,300.0,18005800.0
1706,2021-10-01 14:22:04,28800.0,1000.0,18005500.0
1707,2021-10-01 14:22:04,28800.0,100.0,18004500.0
1708,2021-10-01 14:22:04,28800.0,200.0,18004400.0
1709,2021-10-01 14:22:04,28800.0,100.0,18004200.0
1710,2021-10-01 14:22:04,28800.0,200.0,18004100.0
1711,2021-10-01 14:22:04,28800.0,100.0,18003900.0
1712,2021-10-01 14:22:04,28800.0,600.0,18003800.0
1713,2021-10-01 14:22:04,28800.0,500.0,18003200.0
1714,2021-10-01 14:22:04,28800.0,1000.0,18002700.0
1715,2021-10-01 14:22:04,28800.0,600.0,18001700.0
1716,2021-10-01 14:22:04,28800.0,200.0,18001100.0
1717,2021-10-01 14:22:04,28800.0,1000.0,18000900.0
1718,2021-10-01 14:22:04,28800.0,100.0,17999900.0
1719,2021-10-01 14:22:04,28800.0,100.0,17999800.0
1720,2021-10-01 14:22:04,28800.0,500.0,17999700.0
1721,2021-10-01 14:22:04,28800.0,100.0,17999200.0
1722,2021-10-01 14:22:04,28800.0,100.0,17999100.0
1723,2021-10-01 14:22:04,28800.0,100.0,17999000.0
1724,2021-10-01 14:22:04,28800.0,500.0,17998900.0
1725,2021-10-01 14:22:04,28800.0,100.0,17998400.0
1726,2021-10-01 14:22:04,28800.0,500.0,17998300.0
1727,2021-10-01 14:22:04,28800.0,900.0,17997800.0
1728,2021-10-01 14:22:04,28800.0,1500.0,17996900.0
1729,2021-10-01 14:22:04,28800.0,100.0,17995400.0
1730,2021-10-01 14:22:04,28800.0,100.0,17995300.0
1731,2021-10-01 14:22:04,28800.0,2000.0,17995200.0
1732,2021-10-01 14:22:04,28800.0,100.0,17993200.0
1733,2021-10-01 14:22:04,28800.0,3000.0,17993100.0
1734,2021-10-01 14:22:04,28800.0,1000.0,17990100.0
1735,2021-10-01 14:22:04,28800.0,100.0,17989100.0
1736,2021-10-01 14:22:04,28800.0,200.0,17989000.0
1737,2021-10-01 14:22:04,28800.0,300.0,17988800.0
1738,2021-10-01 14:22:04,28800.0,500.0,17988500.0
1739,2021-10-01 14:22:04,28800.0,100.0,17988000.0
1740,2021-10-01 14:22:04,28800.0,100.0,17987900.0
1741,2021-10-01 14:22:04,28800.0,1000.0,17987800.0
1742,2021-10-01 14:22:04,28800.0,100.0,17986800.0
1743,2021-10-01 14:22:04,28800.0,100.0,17986700.0
1744,2021-10-01 14:22:04,28800.0,100.0,17986600.0
1745,2021-10-01 14:22:04,28800.0,500.0,17986500.0
1746,2021-10-01 14:22:04,28800.0,1000.0,17986000.0
1747,2021-10-01 14:22:04,28800.0,100.0,17985000.0
1748,2021-10-01 14:22:04,28800.0,500.0,17984900.0
1749,2021-10-01 14:22:04,28800.0,800.0,17984400.0
1750,2021-10-01 14:22:04,28800.0,100.0,17983600.0
1751,2021-10-01 14:22:04,28800.0,100.0,17983500.0
1752,2021-10-01 14:22:04,28800.0,100.0,17983400.0
1753,2021-10-01 14:22:04,28800.0,500.0,17983300.0
1754,2021-10-01 14:22:04,28800.0,100.0,17982800.0
1755,2021-10-01 14:22:04,28800.0,500.0,17982700.0
1756,2021-10-01 14:22:04,28800.0,500.0,17982200.0
1757,2021-10-01 14:22:04,28800.0,2000.0,17981700.0
1758,2021-10-01 14:22:04,28800.0,100.0,17979700.0
1759,2021-10-01 14:22:04,28800.0,195000.0,17979600.0
1760,2021-10-01 14:22:04,28800.0,99100.0,17784600.0
1761,2021-10-01 14:22:04,28800.0,400900.0,17685500.0
1762,2021-10-01 14:22:04,28800.0,100.0,17284600.0
1763,2021-10-01 14:22:04,28800.0,400.0,17284500.0
1764,2021-10-01 14:22:04,28800.0,2000.0,17284100.0
1765,2021-10-01 14:22:04,28800.0,100.0,17282100.0
1766,2021-10-01 14:22:04,28800.0,100.0,17282000.0
1767,2021-10-01 14:22:04,28800.0,200.0,17281900.0
1768,2021-10-01 14:22:04,28800.0,2000.0,17281700.0
1769,2021-10-01 14:22:04,28800.0,1000.0,17279700.0
1770,2021-10-01 14:22:04,28800.0,1000.0,17278700.0
1771,2021-10-01 14:22:04,28800.0,500.0,17277700.0
1772,2021-10-01 14:22:04,28800.0,100.0,17277200.0
1773,2021-10-01 14:22:04,28800.0,91600.0,17277100.0
1774,2021-10-01 14:22:04,28850.0,700.0,17185500.0
1775,2021-10-01 14:22:04,28800.0,208400.0,17184800.0
1776,2021-10-01 14:22:04,28800.0,291600.0,16976400.0
1777,2021-10-01 14:22:04,28800.0,208400.0,16684800.0
1778,2021-10-01 14:22:04,28800.0,100.0,16476400.0
1779,2021-10-01 14:22:04,28800.0,100.0,16476300.0
1780,2021-10-01 14:22:04,28800.0,2000.0,16476200.0
1781,2021-10-01 14:22:04,28800.0,500.0,16474200.0
1782,2021-10-01 14:22:04,28800.0,100.0,16473700.0
1783,2021-10-01 14:22:04,28800.0,100.0,16473600.0
1784,2021-10-01 14:22:04,28800.0,1000.0,16473500.0
1785,2021-10-01 14:22:04,28800.0,100.0,16472500.0
1786,2021-10-01 14:22:04,28800.0,1000.0,16472400.0
1787,2021-10-01 14:22:04,28800.0,3600.0,16471400.0
1788,2021-10-01 14:22:04,28800.0,2000.0,16467800.0
1789,2021-10-01 14:22:04,28800.0,200.0,16465800.0
1790,2021-10-01 14:22:04,28800.0,300.0,16465600.0
1791,2021-10-01 14:22:04,28800.0,200.0,16465300.0
1792,2021-10-01 14:22:04,28800.0,500.0,16465100.0
1793,2021-10-01 14:22:04,28800.0,100.0,16464600.0
1794,2021-10-01 14:22:04,28800.0,100.0,16464500.0
1795,2021-10-01 14:22:04,28800.0,100.0,16464400.0
1796,2021-10-01 14:22:04,28800.0,2000.0,16464300.0
1797,2021-10-01 14:22:04,28800.0,300.0,16462300.0
1798,2021-10-01 14:22:04,28800.0,300.0,16462000.0
1799,2021-10-01 14:22:04,28800.0,300.0,16461700.0
1800,2021-10-01 14:22:04,28800.0,1000.0,16461400.0
1801,2021-10-01 14:22:04,28800.0,200.0,16460400.0
1802,2021-10-01 14:22:04,28800.0,200.0,16460200.0
1803,2021-10-01 14:22:04,28800.0,12000.0,16460000.0
1804,2021-10-01 14:22:04,28800.0,1000.0,16448000.0
1805,2021-10-01 14:22:04,28800.0,100.0,16447000.0
1806,2021-10-01 14:22:04,28800.0,1000.0,16446900.0
1807,2021-10-01 14:22:04,28800.0,400.0,16445900.0
1808,2021-10-01 14:22:04,28800.0,100.0,16445500.0
1809,2021-10-01 14:22:04,28800.0,600.0,16445400.0
1810,2021-10-01 14:22:04,28800.0,100.0,16444800.0
1811,2021-10-01 14:22:04,28800.0,100.0,16444700.0
1812,2021-10-01 14:22:04,28800.0,100.0,16444600.0
1813,2021-10-01 14:22:04,28800.0,1000.0,16444500.0
1814,2021-10-01 14:22:04,28800.0,500.0,16443500.0
1815,2021-10-01 14:22:04,28800.0,100.0,16443000.0
1816,2021-10-01 14:22:04,28800.0,100.0,16442900.0
1817,2021-10-01 14:22:04,28800.0,100.0,16442800.0
1818,2021-10-01 14:22:04,28800.0,1000.0,16442700.0
1819,2021-10-01 14:22:04,28800.0,100.0,16441700.0
1820,2021-10-01 14:22:04,28800.0,100.0,16441600.0
1821,2021-10-01 14:22:04,28800.0,100.0,16441500.0
1822,2021-10-01 14:22:04,28800.0,1000.0,16441400.0
1823,2021-10-01 14:22:04,28800.0,1000.0,16440400.0
1824,2021-10-01 14:22:04,28800.0,100.0,16439400.0
1825,2021-10-01 14:22:04,28800.0,100.0,16439300.0
1826,2021-10-01 14:22:04,28800.0,2000.0,16439200.0
1827,2021-10-01 14:22:04,28800.0,5000.0,16437200.0
1828,2021-10-01 14:22:04,28800.0,200.0,16432200.0
1829,2021-10-01 14:22:04,28800.0,2000.0,16432000.0
1830,2021-10-01 14:22:04,28800.0,100.0,16430000.0
1831,2021-10-01 14:22:04,28800.0,100.0,16429900.0
1832,2021-10-01 14:22:04,28800.0,100.0,16429800.0
1833,2021-10-01 14:22:04,28800.0,200.0,16429700.0
1834,2021-10-01 14:22:04,28800.0,100.0,16429500.0
1835,2021-10-01 14:22:04,28800.0,100.0,16429400.0
1836,2021-10-01 14:22:04,28800.0,4000.0,16429300.0
1837,2021-10-01 14:22:04,28800.0,400.0,16425300.0
1838,2021-10-01 14:22:04,28800.0,500.0,16424900.0
1839,2021-10-01 14:22:04,28800.0,1000.0,16424400.0
1840,2021-10-01 14:22:04,28800.0,200.0,16423400.0
1841,2021-10-01 14:22:04,28800.0,500.0,16423200.0
1842,2021-10-01 14:22:04,28800.0,2000.0,16422700.0
1843,2021-10-01 14:22:04,28800.0,200.0,16420700.0
1844,2021-10-01 14:22:04,28800.0,100.0,16420500.0
1845,2021-10-01 14:22:04,28800.0,1000.0,16420400.0
1846,2021-10-01 14:22:04,28800.0,100.0,16419400.0
1847,2021-10-01 14:22:04,28800.0,1000.0,16419300.0
1848,2021-10-01 14:22:04,28800.0,100.0,16418300.0
1849,2021-10-01 14:22:04,28800.0,5000.0,16418200.0
1850,2021-10-01 14:22:04,28800.0,100.0,16413200.0
1851,2021-10-01 14:22:04,28800.0,100.0,16413100.0
1852,2021-10-01 14:22:04,28800.0,100.0,16413000.0
1853,2021-10-01 14:22:04,28800.0,1000.0,16412900.0
1854,2021-10-01 14:22:04,28800.0,100.0,16411900.0
1855,2021-10-01 14:22:04,28800.0,100.0,16411800.0
1856,2021-10-01 14:22:04,28800.0,100.0,16411700.0
1857,2021-10-01 14:22:04,28800.0,100.0,16411600.0
1858,2021-10-01 14:22:04,28800.0,100.0,16411500.0
1859,2021-10-01 14:22:04,28800.0,100.0,16411400.0
1860,2021-10-01 14:22:04,28800.0,100.0,16411300.0
1861,2021-10-01 14:22:04,28800.0,100.0,16411200.0
1862,2021-10-01 14:22:04,28800.0,100.0,16411100.0
1863,2021-10-01 14:22:04,28800.0,700.0,16411000.0
1864,2021-10-01 14:22:04,28800.0,1000.0,16410300.0
1865,2021-10-01 14:22:04,28800.0,200.0,16409300.0
1866,2021-10-01 14:22:04,28800.0,100.0,16409100.0
1867,2021-10-01 14:22:04,28800.0,100.0,16409000.0
1868,2021-10-01 14:22:04,28800.0,2000.0,16408900.0
1869,2021-10-01 14:22:04,28800.0,100.0,16406900.0
1870,2021-10-01 14:22:04,28800.0,100.0,16406800.0
1871,2021-10-01 14:22:04,28800.0,1500.0,16406700.0
1872,2021-10-01 14:22:04,28800.0,100.0,16405200.0
1873,2021-10-01 14:22:04,28800.0,100.0,16405100.0
1874,2021-10-01 14:22:04,28800.0,100.0,16405000.0
1875,2021-10-01 14:22:04,28800.0,200.0,16404900.0
1876,2021-10-01 14:22:04,28800.0,1000.0,16404700.0
1877,2021-10-01 14:22:04,28800.0,1000.0,16403700.0
1878,2021-10-01 14:22:04,28800.0,300.0,16402700.0
1879,2021-10-01 14:22:04,28800.0,400.0,16402400.0
1880,2021-10-01 14:22:04,28800.0,500.0,16402000.0
1881,2021-10-01 14:22:04,28800.0,300.0,16401500.0
1882,2021-10-01 14:22:04,28800.0,1000.0,16401200.0
1883,2021-10-01 14:22:04,28800.0,200.0,16400200.0
1884,2021-10-01 14:22:04,28800.0,100.0,16400000.0
1885,2021-10-01 14:22:04,28800.0,100.0,16399900.0
1886,2021-10-01 14:22:04,28800.0,500.0,16399800.0
1887,2021-10-01 14:22:04,28800.0,2000.0,16399300.0
1888,2021-10-01 14:22:04,28800.0,300.0,16397300.0
1889,2021-10-01 14:22:04,28800.0,100.0,16397000.0
1890,2021-10-01 14:22:04,28800.0,200.0,16396900.0
1891,2021-10-01 14:22:04,28800.0,500.0,16396700.0
1892,2021-10-01 14:22:04,28800.0,500.0,16396200.0
1893,2021-10-01 14:22:04,28800.0,100.0,16395700.0
1894,2021-10-01 14:22:04,28800.0,200.0,16395600.0
1895,2021-10-01 14:22:04,28800.0,500.0,16395400.0
1896,2021-10-01 14:22:04,28800.0,100.0,16394900.0
1897,2021-10-01 14:22:04,28800.0,1000.0,16394800.0
1898,2021-10-01 14:22:04,28800.0,300.0,16393800.0
1899,2021-10-01 14:22:04,28800.0,100.0,16393500.0
1900,2021-10-01 14:22:04,28800.0,200.0,16393400.0
1901,2021-10-01 14:22:04,28800.0,500.0,16393200.0
1902,2021-10-01 14:22:04,28800.0,1000.0,16392700.0
1903,2021-10-01 14:22:04,28800.0,100.0,16391700.0
1904,2021-10-01 14:22:04,28800.0,2000.0,16391600.0
1905,2021-10-01 14:22:04,28800.0,100.0,16389600.0
1906,2021-10-01 14:22:04,28800.0,500.0,16389500.0
1907,2021-10-01 14:22:04,28800.0,100.0,16389000.0
1908,2021-10-01 14:22:04,28800.0,100.0,16388900.0
1909,2021-10-01 14:22:04,28800.0,200.0,16388800.0
1910,2021-10-01 14:22:04,28800.0,1000.0,16388600.0
1911,2021-10-01 14:22:04,28800.0,200.0,16387600.0
1912,2021-10-01 14:22:04,28800.0,100.0,16387400.0
1913,2021-10-01 14:22:04,28800.0,200.0,16387300.0
1914,2021-10-01 14:22:04,28800.0,100.0,16387100.0
1915,2021-10-01 14:22:04,28800.0,2000.0,16387000.0
1916,2021-10-01 14:22:04,28800.0,200.0,16385000.0
1917,2021-10-01 14:22:04,28800.0,1000.0,16384800.0
1918,2021-10-01 14:22:04,28800.0,500.0,16383800.0
1919,2021-10-01 14:22:04,28800.0,200.0,16383300.0
1920,2021-10-01 14:22:04,28800.0,400.0,16383100.0
1921,2021-10-01 14:22:04,28800.0,100.0,16382700.0
1922,2021-10-01 14:22:04,28800.0,100.0,16382600.0
1923,2021-10-01 14:22:04,28800.0,100.0,16382500.0
1924,2021-10-01 14:22:04,28800.0,100.0,16382400.0
1925,2021-10-01 14:22:04,28800.0,600.0,16382300.0
1926,2021-10-01 14:22:04,28800.0,2600.0,16381700.0
1927,2021-10-01 14:22:04,28800.0,500.0,16379100.0
1928,2021-10-01 14:22:04,28800.0,300.0,16378600.0
1929,2021-10-01 14:22:04,28800.0,100.0,16378300.0
1930,2021-10-01 14:22:04,28800.0,600.0,16378200.0
1931,2021-10-01 14:22:04,28800.0,100.0,16377600.0
1932,2021-10-01 14:22:04,28800.0,300.0,16377500.0
1933,2021-10-01 14:22:04,28800.0,200.0,16377200.0
1934,2021-10-01 14:22:04,28800.0,2000.0,16377000.0
1935,2021-10-01 14:22:04,28800.0,100.0,16375000.0
1936,2021-10-01 14:22:04,28800.0,1000.0,16374900.0
1937,2021-10-01 14:22:04,28800.0,300.0,16373900.0
1938,2021-10-01 14:22:04,28800.0,500.0,16373600.0
1939,2021-10-01 14:22:04,28800.0,100.0,16373100.0
1940,2021-10-01 14:22:04,28800.0,200.0,16373000.0
1941,2021-10-01 14:22:04,28800.0,500.0,16372800.0
1942,2021-10-01 14:22:04,28800.0,500.0,16372300.0
1943,2021-10-01 14:22:04,28800.0,200.0,16371800.0
1944,2021-10-01 14:22:04,28800.0,100.0,16371600.0
1945,2021-10-01 14:22:04,28800.0,100.0,16371500.0
1946,2021-10-01 14:22:04,28800.0,2000.0,16371400.0
1947,2021-10-01 14:22:04,28800.0,100.0,16369400.0
1948,2021-10-01 14:22:04,28800.0,6000.0,16369300.0
1949,2021-10-01 14:22:04,28800.0,100.0,16363300.0
1950,2021-10-01 14:22:04,28800.0,100.0,16363200.0
1951,2021-10-01 14:22:04,28800.0,1000.0,16363100.0
1952,2021-10-01 14:22:04,28800.0,100.0,16362100.0
1953,2021-10-01 14:22:04,28800.0,100.0,16362000.0
1954,2021-10-01 14:22:04,28800.0,100.0,16361900.0
1955,2021-10-01 14:22:04,28800.0,100.0,16361800.0
1956,2021-10-01 14:22:04,28800.0,500.0,16361700.0
1957,2021-10-01 14:22:04,28800.0,100.0,16361200.0
1958,2021-10-01 14:22:04,28800.0,1000.0,16361100.0
1959,2021-10-01 14:22:04,28800.0,500.0,16360100.0
1960,2021-10-01 14:22:04,28800.0,100.0,16359600.0
1961,2021-10-01 14:22:04,28800.0,200.0,16359500.0
1962,2021-10-01 14:22:04,28800.0,100.0,16359300.0
1963,2021-10-01 14:22:04,28800.0,100.0,16359200.0
1964,2021-10-01 14:22:04,28800.0,1000.0,16359100.0
1965,2021-10-01 14:22:04,28800.0,1000.0,16358100.0
1966,2021-10-01 14:22:04,28800.0,100.0,16357100.0
1967,2021-10-01 14:22:04,28800.0,500.0,16357000.0
1968,2021-10-01 14:22:04,28800.0,200.0,16356500.0
1969,2021-10-01 14:22:04,28800.0,100.0,16356300.0
1970,2021-10-01 14:22:04,28800.0,1000.0,16356200.0
1971,2021-10-01 14:22:04,28800.0,10000.0,16355200.0
1972,2021-10-01 14:22:04,28800.0,500.0,16345200.0
1973,2021-10-01 14:22:04,28800.0,300.0,16344700.0
1974,2021-10-01 14:22:04,28800.0,200.0,16344400.0
1975,2021-10-01 14:22:04,28800.0,2600.0,16344200.0
1976,2021-10-01 14:22:04,28800.0,500.0,16341600.0
1977,2021-10-01 14:22:04,28800.0,1000.0,16341100.0
1978,2021-10-01 14:22:04,28800.0,400.0,16340100.0
1979,2021-10-01 14:22:04,28800.0,200.0,16339700.0
1980,2021-10-01 14:22:04,28800.0,1000.0,16339500.0
1981,2021-10-01 14:22:04,28800.0,500.0,16338500.0
1982,2021-10-01 14:22:04,28800.0,100.0,16338000.0
1983,2021-10-01 14:22:04,28800.0,300.0,16337900.0
1984,2021-10-01 14:22:04,28800.0,500.0,16337600.0
1985,2021-10-01 14:22:04,28800.0,200.0,16337100.0
1986,2021-10-01 14:22:04,28800.0,200.0,16336900.0
1987,2021-10-01 14:22:04,28800.0,200.0,16336700.0
1988,2021-10-01 14:22:04,28800.0,100.0,16336500.0
1989,2021-10-01 14:22:04,28800.0,1000.0,16336400.0
1990,2021-10-01 14:22:04,28800.0,200.0,16335400.0
1991,2021-10-01 14:22:04,28800.0,900.0,16335200.0
1992,2021-10-01 14:22:04,28800.0,100.0,16334300.0
1993,2021-10-01 14:22:04,28800.0,300.0,16334200.0
1994,2021-10-01 14:22:04,28800.0,1000.0,16333900.0
1995,2021-10-01 14:22:04,28800.0,200.0,16332900.0
1996,2021-10-01 14:22:04,28800.0,1000.0,16332700.0
1997,2021-10-01 14:22:04,28800.0,1000.0,16331700.0
1998,2021-10-01 14:22:04,28800.0,300.0,16330700.0
1999,2021-10-01 14:22:04,28800.0,200.0,16330400.0
2000,2021-10-01 14:22:04,28800.0,1000.0,16330200.0
2001,2021-10-01 14:22:04,28800.0,100.0,16329200.0
2002,2021-10-01 14:22:04,28800.0,500.0,16329100.0
2003,2021-10-01 14:22:04,28800.0,100.0,16328600.0
2004,2021-10-01 14:22:04,28800.0,100.0,16328500.0
2005,2021-10-01 14:22:04,28800.0,200.0,16328400.0
2006,2021-10-01 14:22:04,28800.0,500.0,16328200.0
2007,2021-10-01 14:22:04,28800.0,100.0,16327700.0
