,Time,Price,Volume_per_trade,Volume
0,2021-10-12 07:45:01,29200.0,1000.0,3252600.0
1,2021-10-12 07:45:01,29200.0,100.0,3251600.0
2,2021-10-12 07:45:01,29200.0,6000.0,3251500.0
3,2021-10-12 07:45:01,29200.0,2200.0,3245500.0
4,2021-10-12 07:45:01,29200.0,200.0,3243300.0
5,2021-10-12 07:45:01,29200.0,1100.0,3243100.0
6,2021-10-12 07:45:01,29200.0,300.0,3242000.0
7,2021-10-12 07:45:01,29200.0,300.0,3241700.0
8,2021-10-12 07:45:01,29200.0,5000.0,3241400.0
9,2021-10-12 07:45:01,29200.0,900.0,3236400.0
10,2021-10-12 07:45:01,29200.0,2100.0,3235500.0
11,2021-10-12 07:45:01,29200.0,2900.0,3233400.0
12,2021-10-12 07:45:01,29200.0,100.0,3230500.0
13,2021-10-12 07:45:01,29200.0,500.0,3230400.0
14,2021-10-12 07:45:01,29200.0,400.0,3229900.0
15,2021-10-12 07:45:01,29200.0,400.0,3229500.0
16,2021-10-12 07:45:01,29200.0,700.0,3229100.0
17,2021-10-12 07:45:01,29200.0,800.0,3228400.0
18,2021-10-12 07:45:01,29200.0,1000.0,3227600.0
19,2021-10-12 07:45:01,29200.0,200.0,3226600.0
20,2021-10-12 07:45:01,29200.0,1600.0,3226400.0
21,2021-10-12 07:45:01,29200.0,2000.0,3224800.0
22,2021-10-12 07:45:01,29200.0,200.0,3222800.0
23,2021-10-12 07:45:01,29200.0,100.0,3222600.0
24,2021-10-12 07:45:01,29200.0,1700.0,3222500.0
25,2021-10-12 07:45:01,29200.0,1600.0,3220800.0
26,2021-10-12 07:45:01,29200.0,500.0,3219200.0
27,2021-10-12 07:45:01,29200.0,300.0,3218700.0
28,2021-10-12 07:45:01,29200.0,900.0,3218400.0
29,2021-10-12 07:29:55,29200.0,100.0,3217500.0
30,2021-10-12 07:29:55,29200.0,400.0,3217400.0
31,2021-10-12 07:29:55,29200.0,1900.0,3217000.0
32,2021-10-12 07:29:25,29250.0,700.0,3215100.0
33,2021-10-12 07:29:19,29200.0,100.0,3214400.0
34,2021-10-12 07:29:12,29250.0,2000.0,3214300.0
35,2021-10-12 07:29:01,29200.0,3000.0,3212300.0
36,2021-10-12 07:28:37,29200.0,400.0,3209300.0
37,2021-10-12 07:27:51,29150.0,400.0,3208900.0
38,2021-10-12 07:27:48,29150.0,1900.0,3208500.0
39,2021-10-12 07:27:40,29150.0,1000.0,3206600.0
40,2021-10-12 07:27:39,29150.0,100.0,3205600.0
41,2021-10-12 07:27:39,29150.0,3000.0,3205500.0
42,2021-10-12 07:27:39,29150.0,100.0,3202500.0
43,2021-10-12 07:27:39,29150.0,400.0,3202400.0
44,2021-10-12 07:27:39,29150.0,100.0,3202000.0
45,2021-10-12 07:27:38,29150.0,300.0,3201900.0
46,2021-10-12 07:27:33,29150.0,600.0,3201600.0
47,2021-10-12 07:27:33,29150.0,300.0,3201000.0
48,2021-10-12 07:27:33,29150.0,1100.0,3200700.0
49,2021-10-12 07:27:30,29200.0,600.0,3199600.0
50,2021-10-12 07:27:30,29200.0,100.0,3199000.0
51,2021-10-12 07:27:30,29150.0,300.0,3198900.0
52,2021-10-12 07:26:46,29150.0,8000.0,3198600.0
53,2021-10-12 07:26:32,29150.0,2000.0,3190600.0
54,2021-10-12 07:25:52,29100.0,7600.0,3188600.0
55,2021-10-12 07:25:52,29100.0,100.0,3181000.0
56,2021-10-12 07:25:52,29100.0,300.0,3180900.0
57,2021-10-12 07:25:52,29100.0,1000.0,3180600.0
58,2021-10-12 07:25:52,29100.0,500.0,3179600.0
59,2021-10-12 07:25:52,29100.0,1000.0,3179100.0
60,2021-10-12 07:25:52,29100.0,600.0,3178100.0
61,2021-10-12 07:25:52,29100.0,2900.0,3177500.0
62,2021-10-12 07:25:39,29100.0,100.0,3174600.0
63,2021-10-12 07:25:39,29100.0,1900.0,3174500.0
64,2021-10-12 07:24:51,29100.0,100.0,3172600.0
65,2021-10-12 07:24:51,29100.0,300.0,3172500.0
66,2021-10-12 07:24:51,29100.0,400.0,3172200.0
67,2021-10-12 07:24:37,29100.0,100.0,3171800.0
68,2021-10-12 07:24:22,29100.0,500.0,3171700.0
69,2021-10-12 07:24:04,29100.0,300.0,3171200.0
70,2021-10-12 07:23:53,29150.0,200.0,3170900.0
71,2021-10-12 07:23:51,29150.0,100.0,3170700.0
72,2021-10-12 07:23:41,29150.0,2000.0,3170600.0
73,2021-10-12 07:23:35,29150.0,1000.0,3168600.0
74,2021-10-12 07:23:28,29150.0,1000.0,3167600.0
75,2021-10-12 07:23:26,29150.0,1000.0,3166600.0
76,2021-10-12 07:23:26,29150.0,1000.0,3165600.0
77,2021-10-12 07:23:26,29150.0,2000.0,3164600.0
78,2021-10-12 07:23:26,29150.0,500.0,3162600.0
79,2021-10-12 07:23:26,29150.0,400.0,3162100.0
80,2021-10-12 07:23:12,29150.0,700.0,3161700.0
81,2021-10-12 07:22:52,29150.0,8900.0,3161000.0
82,2021-10-12 07:22:13,29150.0,100.0,3152100.0
83,2021-10-12 07:22:08,29150.0,1000.0,3152000.0
84,2021-10-12 07:22:03,29150.0,500.0,3151000.0
85,2021-10-12 07:21:49,29150.0,200.0,3150500.0
86,2021-10-12 07:21:49,29150.0,800.0,3150300.0
87,2021-10-12 07:21:49,29150.0,1200.0,3149500.0
88,2021-10-12 07:21:44,29150.0,1300.0,3148300.0
89,2021-10-12 07:21:44,29150.0,1000.0,3147000.0
90,2021-10-12 07:21:44,29150.0,200.0,3146000.0
91,2021-10-12 07:21:44,29150.0,300.0,3145800.0
92,2021-10-12 07:21:16,29150.0,700.0,3145500.0
93,2021-10-12 07:21:14,29150.0,100.0,3144800.0
94,2021-10-12 07:21:11,29150.0,100.0,3144700.0
95,2021-10-12 07:21:07,29150.0,600.0,3144600.0
96,2021-10-12 07:20:57,29200.0,500.0,3144000.0
97,2021-10-12 07:20:57,29150.0,2500.0,3143500.0
98,2021-10-12 07:20:57,29100.0,100.0,3141000.0
99,2021-10-12 07:20:56,29150.0,700.0,3140900.0
100,2021-10-12 07:20:56,29150.0,200.0,3140200.0
101,2021-10-12 07:20:56,29150.0,900.0,3140000.0
102,2021-10-12 07:20:56,29150.0,600.0,3139100.0
103,2021-10-12 07:20:56,29150.0,200.0,3138500.0
104,2021-10-12 07:20:56,29150.0,1000.0,3138300.0
105,2021-10-12 07:20:56,29150.0,200.0,3137300.0
106,2021-10-12 07:20:56,29150.0,500.0,3137100.0
107,2021-10-12 07:20:56,29150.0,100.0,3136600.0
108,2021-10-12 07:20:56,29150.0,300.0,3136500.0
109,2021-10-12 07:20:56,29150.0,1000.0,3136200.0
110,2021-10-12 07:20:56,29150.0,300.0,3135200.0
111,2021-10-12 07:20:56,29150.0,200.0,3134900.0
112,2021-10-12 07:20:56,29150.0,100.0,3134700.0
113,2021-10-12 07:20:56,29150.0,1000.0,3134600.0
114,2021-10-12 07:20:56,29150.0,100.0,3133600.0
115,2021-10-12 07:20:56,29150.0,100.0,3133500.0
116,2021-10-12 07:20:37,29150.0,1000.0,3133400.0
117,2021-10-12 07:20:34,29200.0,300.0,3132400.0
118,2021-10-12 07:20:32,29150.0,600.0,3132100.0
119,2021-10-12 07:20:32,29150.0,700.0,3131500.0
120,2021-10-12 07:20:30,29200.0,1000.0,3130800.0
121,2021-10-12 07:20:19,29200.0,200.0,3129800.0
122,2021-10-12 07:20:02,29200.0,1000.0,3129600.0
123,2021-10-12 07:19:47,29200.0,1000.0,3128600.0
124,2021-10-12 07:19:35,29200.0,100.0,3127600.0
125,2021-10-12 07:19:35,29200.0,400.0,3127500.0
126,2021-10-12 07:19:35,29200.0,500.0,3127100.0
127,2021-10-12 07:19:35,29200.0,1800.0,3126600.0
128,2021-10-12 07:18:52,29250.0,400.0,3124800.0
129,2021-10-12 07:18:52,29250.0,600.0,3124400.0
130,2021-10-12 07:18:28,29250.0,400.0,3123800.0
131,2021-10-12 07:18:23,29250.0,800.0,3123400.0
132,2021-10-12 07:17:58,29200.0,200.0,3122600.0
133,2021-10-12 07:17:58,29200.0,300.0,3122400.0
134,2021-10-12 07:17:58,29200.0,500.0,3122100.0
135,2021-10-12 07:17:53,29250.0,800.0,3121600.0
136,2021-10-12 07:17:49,29200.0,1500.0,3120800.0
137,2021-10-12 07:17:49,29200.0,100.0,3119300.0
138,2021-10-12 07:17:49,29200.0,1000.0,3119200.0
139,2021-10-12 07:17:49,29200.0,400.0,3118200.0
140,2021-10-12 07:17:27,29250.0,100.0,3117800.0
141,2021-10-12 07:17:13,29250.0,500.0,3117700.0
142,2021-10-12 07:16:50,29250.0,500.0,3117200.0
143,2021-10-12 07:16:38,29250.0,300.0,3116700.0
144,2021-10-12 07:16:38,29250.0,1100.0,3116400.0
145,2021-10-12 07:16:38,29250.0,2400.0,3115300.0
146,2021-10-12 07:15:34,29250.0,100.0,3112900.0
147,2021-10-12 07:15:34,29250.0,500.0,3112800.0
148,2021-10-12 07:15:26,29250.0,300.0,3112300.0
149,2021-10-12 07:15:18,29250.0,200.0,3112000.0
150,2021-10-12 07:14:47,29200.0,500.0,3111800.0
151,2021-10-12 07:14:47,29200.0,1100.0,3111300.0
152,2021-10-12 07:14:45,29200.0,5000.0,3110200.0
153,2021-10-12 07:14:15,29200.0,500.0,3105200.0
154,2021-10-12 07:14:03,29200.0,100.0,3104700.0
155,2021-10-12 07:13:37,29200.0,100.0,3104600.0
156,2021-10-12 07:13:20,29200.0,100.0,3104500.0
157,2021-10-12 07:12:34,29200.0,100.0,3104400.0
158,2021-10-12 07:12:19,29200.0,1000.0,3104300.0
159,2021-10-12 07:12:19,29200.0,200.0,3103300.0
160,2021-10-12 07:12:19,29200.0,100.0,3103100.0
161,2021-10-12 07:12:19,29200.0,1000.0,3103000.0
162,2021-10-12 07:12:19,29200.0,100.0,3102000.0
163,2021-10-12 07:12:19,29200.0,100.0,3101900.0
164,2021-10-12 07:12:19,29200.0,100.0,3101800.0
165,2021-10-12 07:12:19,29200.0,2000.0,3101700.0
166,2021-10-12 07:12:19,29200.0,200.0,3099700.0
167,2021-10-12 07:12:19,29200.0,1300.0,3099500.0
168,2021-10-12 07:12:19,29250.0,6900.0,3098200.0
169,2021-10-12 07:09:21,29200.0,700.0,3091300.0
170,2021-10-12 07:09:21,29200.0,100.0,3090600.0
171,2021-10-12 07:09:21,29200.0,200.0,3090500.0
172,2021-10-12 07:08:41,29300.0,200.0,3090300.0
173,2021-10-12 07:08:25,29300.0,700.0,3090100.0
174,2021-10-12 07:08:25,29300.0,200.0,3089400.0
175,2021-10-12 07:08:25,29300.0,300.0,3089200.0
176,2021-10-12 07:08:25,29300.0,500.0,3088900.0
177,2021-10-12 07:08:25,29300.0,900.0,3088400.0
178,2021-10-12 07:08:13,29200.0,300.0,3087500.0
179,2021-10-12 07:07:37,29200.0,300.0,3087200.0
180,2021-10-12 07:07:37,29200.0,100.0,3086900.0
181,2021-10-12 07:07:37,29200.0,200.0,3086800.0
182,2021-10-12 07:07:37,29200.0,100.0,3086600.0
183,2021-10-12 07:07:37,29200.0,10000.0,3086500.0
184,2021-10-12 07:07:37,29200.0,2000.0,3076500.0
185,2021-10-12 07:07:37,29200.0,1000.0,3074500.0
186,2021-10-12 07:07:37,29200.0,3000.0,3073500.0
187,2021-10-12 07:07:37,29200.0,1200.0,3070500.0
188,2021-10-12 07:07:37,29200.0,2400.0,3069300.0
189,2021-10-12 07:07:37,29250.0,100.0,3066900.0
190,2021-10-12 07:07:37,29250.0,2000.0,3066800.0
191,2021-10-12 07:07:37,29250.0,500.0,3064800.0
192,2021-10-12 07:07:37,29250.0,200.0,3064300.0
193,2021-10-12 07:07:37,29250.0,100.0,3064100.0
194,2021-10-12 07:07:37,29250.0,900.0,3064000.0
195,2021-10-12 07:07:16,29300.0,1000.0,3063100.0
196,2021-10-12 07:07:14,29300.0,100.0,3062100.0
197,2021-10-12 07:07:14,29300.0,400.0,3062000.0
198,2021-10-12 07:05:24,29300.0,100.0,3061600.0
199,2021-10-12 07:05:08,29300.0,700.0,3061500.0
200,2021-10-12 07:05:08,29300.0,300.0,3060800.0
201,2021-10-12 07:05:02,29300.0,2700.0,3060500.0
202,2021-10-12 07:03:52,29200.0,2000.0,3057800.0
203,2021-10-12 07:03:18,29200.0,2000.0,3055800.0
204,2021-10-12 07:03:18,29200.0,1000.0,3053800.0
205,2021-10-12 07:03:18,29200.0,2000.0,3052800.0
206,2021-10-12 07:03:18,29200.0,4800.0,3050800.0
207,2021-10-12 07:03:18,29200.0,900.0,3046000.0
208,2021-10-12 07:03:18,29200.0,2000.0,3045100.0
209,2021-10-12 07:03:18,29200.0,1000.0,3043100.0
210,2021-10-12 07:03:18,29200.0,1900.0,3042100.0
211,2021-10-12 07:03:12,29200.0,100.0,3040200.0
212,2021-10-12 07:02:16,29150.0,500.0,3040100.0
213,2021-10-12 07:02:00,29150.0,100.0,3039600.0
214,2021-10-12 07:02:00,29150.0,900.0,3039500.0
215,2021-10-12 07:01:04,29150.0,100.0,3038600.0
216,2021-10-12 07:01:04,29150.0,1000.0,3038500.0
217,2021-10-12 07:01:04,29150.0,200.0,3037500.0
218,2021-10-12 07:01:04,29150.0,200.0,3037300.0
219,2021-10-12 07:01:04,29150.0,1300.0,3037100.0
220,2021-10-12 07:01:04,29150.0,200.0,3035800.0
221,2021-10-12 07:01:04,29150.0,1000.0,3035600.0
222,2021-10-12 07:01:04,29150.0,1000.0,3034600.0
223,2021-10-12 06:59:52,29150.0,200.0,3033600.0
224,2021-10-12 06:59:40,29150.0,2000.0,3033400.0
225,2021-10-12 06:59:20,29150.0,500.0,3031400.0
226,2021-10-12 06:58:59,29150.0,100.0,3030900.0
227,2021-10-12 06:58:59,29150.0,100.0,3030800.0
228,2021-10-12 06:58:30,29150.0,200.0,3030700.0
229,2021-10-12 06:58:30,29150.0,400.0,3030500.0
230,2021-10-12 06:58:30,29150.0,700.0,3030100.0
231,2021-10-12 06:58:30,29150.0,200.0,3029400.0
232,2021-10-12 06:58:30,29150.0,2000.0,3029200.0
233,2021-10-12 06:58:22,29200.0,1600.0,3027200.0
234,2021-10-12 06:58:22,29150.0,500.0,3025600.0
235,2021-10-12 06:58:22,29150.0,500.0,3025100.0
236,2021-10-12 06:58:22,29150.0,100.0,3024600.0
237,2021-10-12 06:58:19,29150.0,400.0,3024500.0
238,2021-10-12 06:58:19,29150.0,100.0,3024100.0
239,2021-10-12 06:58:16,29150.0,3500.0,3024000.0
240,2021-10-12 06:58:10,29150.0,4000.0,3020500.0
241,2021-10-12 06:58:05,29150.0,2500.0,3016500.0
242,2021-10-12 06:58:05,29150.0,500.0,3014000.0
243,2021-10-12 06:58:04,29200.0,100.0,3013500.0
244,2021-10-12 06:57:45,29150.0,500.0,3013400.0
245,2021-10-12 06:57:33,29200.0,100.0,3012900.0
246,2021-10-12 06:57:33,29200.0,300.0,3012800.0
247,2021-10-12 06:57:33,29200.0,600.0,3012500.0
248,2021-10-12 06:57:33,29200.0,100.0,3011900.0
249,2021-10-12 06:57:33,29200.0,600.0,3011800.0
250,2021-10-12 06:57:33,29200.0,300.0,3011200.0
251,2021-10-12 06:57:33,29200.0,200.0,3010900.0
252,2021-10-12 06:57:33,29200.0,3000.0,3010700.0
253,2021-10-12 06:57:33,29200.0,200.0,3007700.0
254,2021-10-12 06:57:33,29200.0,500.0,3007500.0
255,2021-10-12 06:57:33,29200.0,5000.0,3007000.0
256,2021-10-12 06:57:33,29200.0,1000.0,3002000.0
257,2021-10-12 06:57:33,29200.0,200.0,3001000.0
258,2021-10-12 06:57:33,29200.0,500.0,3000800.0
259,2021-10-12 06:57:33,29200.0,1000.0,3000300.0
260,2021-10-12 06:57:33,29200.0,5000.0,2999300.0
261,2021-10-12 06:57:33,29200.0,1000.0,2994300.0
262,2021-10-12 06:57:33,29200.0,300.0,2993300.0
263,2021-10-12 06:57:33,29200.0,1000.0,2993000.0
264,2021-10-12 06:57:33,29200.0,200.0,2992000.0
265,2021-10-12 06:57:33,29200.0,6300.0,2991800.0
266,2021-10-12 06:57:28,29200.0,13700.0,2985500.0
267,2021-10-12 06:57:28,29200.0,1100.0,2971800.0
268,2021-10-12 06:57:28,29200.0,1000.0,2970700.0
269,2021-10-12 06:57:28,29200.0,100.0,2969700.0
270,2021-10-12 06:57:28,29200.0,500.0,2969600.0
271,2021-10-12 06:57:28,29200.0,300.0,2969100.0
272,2021-10-12 06:57:28,29200.0,300.0,2968800.0
273,2021-10-12 06:57:28,29200.0,10000.0,2968500.0
274,2021-10-12 06:57:28,29200.0,3000.0,2958500.0
275,2021-10-12 06:57:17,29250.0,1000.0,2955500.0
276,2021-10-12 06:57:17,29250.0,200.0,2954500.0
277,2021-10-12 06:57:09,29300.0,19800.0,2954300.0
278,2021-10-12 06:57:09,29300.0,200.0,2934500.0
279,2021-10-12 06:57:03,29300.0,100.0,2934300.0
280,2021-10-12 06:57:03,29300.0,700.0,2934200.0
281,2021-10-12 06:56:59,29300.0,1300.0,2933500.0
282,2021-10-12 06:56:59,29300.0,100.0,2932200.0
283,2021-10-12 06:56:59,29300.0,2000.0,2932100.0
284,2021-10-12 06:56:59,29300.0,5000.0,2930100.0
285,2021-10-12 06:56:59,29300.0,500.0,2925100.0
286,2021-10-12 06:56:59,29300.0,100.0,2924600.0
287,2021-10-12 06:56:59,29300.0,200.0,2924500.0
288,2021-10-12 06:56:59,29300.0,300.0,2924300.0
289,2021-10-12 06:56:59,29300.0,2000.0,2924000.0
290,2021-10-12 06:56:59,29300.0,200.0,2922000.0
291,2021-10-12 06:56:59,29300.0,200.0,2921800.0
292,2021-10-12 06:56:59,29300.0,1000.0,2921600.0
293,2021-10-12 06:56:59,29300.0,100.0,2920600.0
294,2021-10-12 06:56:59,29300.0,2500.0,2920500.0
295,2021-10-12 06:56:59,29300.0,500.0,2918000.0
296,2021-10-12 06:56:59,29300.0,4000.0,2917500.0
297,2021-10-12 06:56:59,29300.0,20000.0,2913500.0
298,2021-10-12 06:56:44,29300.0,1000.0,2893500.0
299,2021-10-12 06:56:16,29350.0,100.0,2892500.0
300,2021-10-12 06:56:10,29350.0,300.0,2892400.0
301,2021-10-12 06:56:03,29350.0,500.0,2892100.0
302,2021-10-12 06:55:27,29350.0,300.0,2891600.0
303,2021-10-12 06:55:27,29350.0,700.0,2891300.0
304,2021-10-12 06:55:12,29350.0,500.0,2890600.0
305,2021-10-12 06:55:07,29350.0,3000.0,2890100.0
306,2021-10-12 06:54:49,29350.0,800.0,2887100.0
307,2021-10-12 06:54:49,29350.0,500.0,2886300.0
308,2021-10-12 06:54:49,29350.0,200.0,2885800.0
309,2021-10-12 06:54:49,29350.0,1000.0,2885600.0
310,2021-10-12 06:54:49,29350.0,200.0,2884600.0
311,2021-10-12 06:54:49,29350.0,200.0,2884400.0
312,2021-10-12 06:54:49,29350.0,100.0,2884200.0
313,2021-10-12 06:54:49,29350.0,100.0,2884100.0
314,2021-10-12 06:54:49,29350.0,100.0,2884000.0
315,2021-10-12 06:54:49,29350.0,500.0,2883900.0
316,2021-10-12 06:54:49,29350.0,500.0,2883400.0
317,2021-10-12 06:54:49,29350.0,15800.0,2882900.0
318,2021-10-12 06:53:12,29350.0,900.0,2867100.0
319,2021-10-12 06:53:11,29400.0,200.0,2866200.0
320,2021-10-12 06:53:10,29350.0,2000.0,2866000.0
321,2021-10-12 06:52:45,29350.0,500.0,2864000.0
322,2021-10-12 06:52:21,29350.0,1200.0,2863500.0
323,2021-10-12 06:52:18,29350.0,500.0,2862300.0
324,2021-10-12 06:51:23,29350.0,3000.0,2861800.0
325,2021-10-12 06:51:13,29350.0,1400.0,2858800.0
326,2021-10-12 06:50:38,29350.0,2000.0,2857400.0
327,2021-10-12 06:50:21,29350.0,1000.0,2855400.0
328,2021-10-12 06:49:52,29350.0,500.0,2854400.0
329,2021-10-12 06:48:43,29350.0,100.0,2853900.0
330,2021-10-12 06:48:11,29400.0,100.0,2853800.0
331,2021-10-12 06:48:01,29400.0,100.0,2853700.0
332,2021-10-12 06:47:44,29400.0,100.0,2853600.0
333,2021-10-12 06:47:32,29400.0,100.0,2853500.0
334,2021-10-12 06:46:30,29400.0,200.0,2853400.0
335,2021-10-12 06:45:47,29350.0,100.0,2853200.0
336,2021-10-12 06:45:22,29350.0,7900.0,2853100.0
337,2021-10-12 06:45:22,29350.0,1300.0,2845200.0
338,2021-10-12 06:45:22,29350.0,800.0,2843900.0
339,2021-10-12 06:45:13,29350.0,1200.0,2843100.0
340,2021-10-12 06:45:13,29350.0,2000.0,2841900.0
341,2021-10-12 06:45:13,29350.0,500.0,2839900.0
342,2021-10-12 06:45:13,29350.0,4300.0,2839400.0
343,2021-10-12 06:44:57,29350.0,300.0,2835100.0
344,2021-10-12 06:44:43,29400.0,200.0,2834800.0
345,2021-10-12 06:43:45,29400.0,4900.0,2834600.0
346,2021-10-12 06:43:45,29400.0,5000.0,2829700.0
347,2021-10-12 06:43:45,29400.0,5000.0,2824700.0
348,2021-10-12 06:43:45,29400.0,500.0,2819700.0
349,2021-10-12 06:43:45,29400.0,1000.0,2819200.0
350,2021-10-12 06:43:22,29350.0,400.0,2818200.0
351,2021-10-12 06:43:22,29350.0,500.0,2817800.0
352,2021-10-12 06:43:14,29400.0,300.0,2817300.0
353,2021-10-12 06:42:15,29400.0,100.0,2817000.0
354,2021-10-12 06:42:15,29400.0,200.0,2816900.0
355,2021-10-12 06:42:15,29400.0,100.0,2816700.0
356,2021-10-12 06:42:15,29400.0,300.0,2816600.0
357,2021-10-12 06:42:02,29400.0,200.0,2816300.0
358,2021-10-12 06:42:02,29400.0,300.0,2816100.0
359,2021-10-12 06:41:14,29400.0,100.0,2815800.0
360,2021-10-12 06:41:14,29400.0,400.0,2815700.0
361,2021-10-12 06:40:56,29400.0,100.0,2815300.0
362,2021-10-12 06:40:56,29400.0,1000.0,2815200.0
363,2021-10-12 06:40:56,29400.0,200.0,2814200.0
364,2021-10-12 06:40:56,29400.0,1800.0,2814000.0
365,2021-10-12 06:40:56,29400.0,1000.0,2812200.0
366,2021-10-12 06:40:56,29400.0,1000.0,2811200.0
367,2021-10-12 06:40:56,29400.0,900.0,2810200.0
368,2021-10-12 06:40:56,29400.0,200.0,2809300.0
369,2021-10-12 06:40:56,29400.0,2900.0,2809100.0
370,2021-10-12 06:40:56,29400.0,900.0,2806200.0
371,2021-10-12 06:40:50,29400.0,1000.0,2805300.0
372,2021-10-12 06:40:31,29400.0,100.0,2804300.0
373,2021-10-12 06:40:31,29400.0,400.0,2804200.0
374,2021-10-12 06:39:55,29400.0,1000.0,2803800.0
375,2021-10-12 06:39:13,29400.0,1000.0,2802800.0
376,2021-10-12 06:37:54,29450.0,500.0,2801800.0
377,2021-10-12 06:37:50,29450.0,1000.0,2801300.0
378,2021-10-12 06:37:48,29400.0,200.0,2800300.0
379,2021-10-12 06:37:48,29400.0,300.0,2800100.0
380,2021-10-12 06:36:35,29450.0,200.0,2799800.0
381,2021-10-12 06:35:57,29400.0,500.0,2799600.0
382,2021-10-12 06:35:44,29400.0,800.0,2799100.0
383,2021-10-12 06:35:44,29400.0,200.0,2798300.0
384,2021-10-12 06:35:35,29400.0,8200.0,2798100.0
385,2021-10-12 06:35:26,29400.0,500.0,2789900.0
386,2021-10-12 06:35:26,29400.0,1000.0,2789400.0
387,2021-10-12 06:35:26,29400.0,100.0,2788400.0
388,2021-10-12 06:35:19,29400.0,300.0,2788300.0
389,2021-10-12 06:34:55,29400.0,100.0,2788000.0
390,2021-10-12 06:34:55,29400.0,100.0,2787900.0
391,2021-10-12 06:34:55,29400.0,200.0,2787800.0
392,2021-10-12 06:34:55,29400.0,1200.0,2787600.0
393,2021-10-12 06:34:53,29400.0,3000.0,2786400.0
394,2021-10-12 06:34:32,29400.0,3800.0,2783400.0
395,2021-10-12 06:34:32,29400.0,300.0,2779600.0
396,2021-10-12 06:34:32,29400.0,300.0,2779300.0
397,2021-10-12 06:34:32,29400.0,200.0,2779000.0
398,2021-10-12 06:34:32,29400.0,2400.0,2778800.0
399,2021-10-12 06:34:32,29400.0,3000.0,2776400.0
400,2021-10-12 06:34:24,29400.0,200.0,2773400.0
401,2021-10-12 06:34:17,29400.0,800.0,2773200.0
402,2021-10-12 06:34:17,29400.0,200.0,2772400.0
403,2021-10-12 06:34:17,29400.0,100.0,2772200.0
404,2021-10-12 06:34:17,29400.0,3000.0,2772100.0
405,2021-10-12 06:34:17,29400.0,900.0,2769100.0
406,2021-10-12 06:34:16,29400.0,2000.0,2768200.0
407,2021-10-12 06:33:39,29400.0,200.0,2766200.0
408,2021-10-12 06:32:47,29350.0,100.0,2766000.0
409,2021-10-12 06:31:18,29350.0,200.0,2765900.0
410,2021-10-12 06:31:00,29350.0,800.0,2765700.0
411,2021-10-12 06:31:00,29350.0,300.0,2764900.0
412,2021-10-12 06:31:00,29350.0,1300.0,2764600.0
413,2021-10-12 06:30:38,29350.0,700.0,2763300.0
414,2021-10-12 06:30:38,29350.0,600.0,2762600.0
415,2021-10-12 06:30:38,29350.0,500.0,2762000.0
416,2021-10-12 06:30:38,29350.0,300.0,2761500.0
417,2021-10-12 06:29:53,29350.0,100.0,2761200.0
418,2021-10-12 06:29:53,29350.0,7900.0,2761100.0
419,2021-10-12 06:29:26,29350.0,2100.0,2753200.0
420,2021-10-12 06:29:26,29350.0,6900.0,2751100.0
421,2021-10-12 06:29:16,29350.0,100.0,2744200.0
422,2021-10-12 06:29:05,29350.0,3000.0,2744100.0
423,2021-10-12 06:28:47,29400.0,300.0,2741100.0
424,2021-10-12 06:28:41,29400.0,300.0,2740800.0
425,2021-10-12 06:27:06,29400.0,2300.0,2740500.0
426,2021-10-12 06:25:35,29400.0,1900.0,2738200.0
427,2021-10-12 06:25:35,29400.0,500.0,2736300.0
428,2021-10-12 06:25:35,29400.0,600.0,2735800.0
429,2021-10-12 06:25:31,29400.0,800.0,2735200.0
430,2021-10-12 06:25:15,29400.0,900.0,2734400.0
431,2021-10-12 06:25:15,29400.0,500.0,2733500.0
432,2021-10-12 06:25:15,29400.0,200.0,2733000.0
433,2021-10-12 06:25:15,29400.0,300.0,2732800.0
434,2021-10-12 06:25:15,29400.0,10000.0,2732500.0
435,2021-10-12 06:25:15,29400.0,8100.0,2722500.0
436,2021-10-12 06:25:02,29400.0,1900.0,2714400.0
437,2021-10-12 06:25:02,29400.0,100.0,2712500.0
438,2021-10-12 06:25:00,29400.0,100.0,2712400.0
439,2021-10-12 06:25:00,29400.0,200.0,2712300.0
440,2021-10-12 06:25:00,29400.0,100.0,2712100.0
441,2021-10-12 06:25:00,29400.0,100.0,2712000.0
442,2021-10-12 06:24:43,29400.0,100.0,2711900.0
443,2021-10-12 06:24:42,29400.0,100.0,2711800.0
444,2021-10-12 06:24:29,29400.0,100.0,2711700.0
445,2021-10-12 06:24:29,29400.0,100.0,2711600.0
446,2021-10-12 06:24:08,29400.0,1000.0,2711500.0
447,2021-10-12 06:24:03,29400.0,600.0,2710500.0
448,2021-10-12 06:23:50,29400.0,3400.0,2709900.0
449,2021-10-12 06:23:50,29400.0,400.0,2706500.0
450,2021-10-12 06:23:50,29400.0,1000.0,2706100.0
451,2021-10-12 06:23:50,29400.0,300.0,2705100.0
452,2021-10-12 06:23:50,29400.0,200.0,2704800.0
453,2021-10-12 06:23:50,29400.0,200.0,2704600.0
454,2021-10-12 06:23:50,29400.0,200.0,2704400.0
455,2021-10-12 06:23:50,29400.0,100.0,2704200.0
456,2021-10-12 06:23:50,29400.0,14200.0,2704100.0
457,2021-10-12 06:23:43,29400.0,500.0,2689900.0
458,2021-10-12 06:23:39,29400.0,1500.0,2689400.0
459,2021-10-12 06:23:34,29400.0,3000.0,2687900.0
460,2021-10-12 06:23:23,29400.0,800.0,2684900.0
461,2021-10-12 06:23:23,29400.0,200.0,2684100.0
462,2021-10-12 06:22:32,29400.0,4800.0,2683900.0
463,2021-10-12 06:22:32,29400.0,500.0,2679100.0
464,2021-10-12 06:22:30,29400.0,100.0,2678600.0
465,2021-10-12 06:21:45,29400.0,4400.0,2678500.0
466,2021-10-12 06:21:45,29450.0,600.0,2674100.0
467,2021-10-12 06:21:42,29450.0,1300.0,2673500.0
468,2021-10-12 06:21:42,29450.0,100.0,2672200.0
469,2021-10-12 06:21:42,29450.0,100.0,2672100.0
470,2021-10-12 06:21:42,29450.0,3500.0,2672000.0
471,2021-10-12 06:21:33,29450.0,1500.0,2668500.0
472,2021-10-12 06:21:33,29450.0,200.0,2667000.0
473,2021-10-12 06:21:33,29450.0,100.0,2666800.0
474,2021-10-12 06:21:33,29450.0,100.0,2666700.0
475,2021-10-12 06:21:33,29450.0,500.0,2666600.0
476,2021-10-12 06:21:33,29450.0,1600.0,2666100.0
477,2021-10-12 06:21:23,29450.0,3000.0,2664500.0
478,2021-10-12 06:20:21,29450.0,5400.0,2661500.0
479,2021-10-12 06:20:21,29450.0,2600.0,2656100.0
480,2021-10-12 06:20:12,29450.0,1000.0,2653500.0
481,2021-10-12 06:19:45,29450.0,1000.0,2652500.0
482,2021-10-12 06:19:32,29450.0,5400.0,2651500.0
483,2021-10-12 06:19:32,29450.0,2400.0,2646100.0
484,2021-10-12 06:19:12,29450.0,300.0,2643700.0
485,2021-10-12 06:19:07,29450.0,5000.0,2643400.0
486,2021-10-12 06:18:03,29450.0,2300.0,2638400.0
487,2021-10-12 06:18:03,29450.0,500.0,2636100.0
488,2021-10-12 06:18:03,29450.0,200.0,2635600.0
489,2021-10-12 06:17:38,29500.0,100.0,2635400.0
490,2021-10-12 06:17:25,29500.0,500.0,2635300.0
491,2021-10-12 06:17:22,29500.0,600.0,2634800.0
492,2021-10-12 06:17:22,29500.0,300.0,2634200.0
493,2021-10-12 06:17:22,29500.0,500.0,2633900.0
494,2021-10-12 06:17:22,29500.0,10000.0,2633400.0
495,2021-10-12 06:17:22,29500.0,500.0,2623400.0
496,2021-10-12 06:17:22,29500.0,9700.0,2622900.0
497,2021-10-12 06:17:10,29500.0,300.0,2613200.0
498,2021-10-12 06:17:10,29500.0,500.0,2612900.0
499,2021-10-12 06:17:10,29500.0,100.0,2612400.0
500,2021-10-12 06:17:10,29500.0,500.0,2612300.0
501,2021-10-12 06:17:10,29500.0,800.0,2611800.0
502,2021-10-12 06:16:45,29500.0,100.0,2611000.0
503,2021-10-12 06:16:30,29500.0,100.0,2610900.0
504,2021-10-12 06:16:30,29500.0,300.0,2610800.0
505,2021-10-12 06:16:30,29500.0,100.0,2610500.0
506,2021-10-12 06:16:13,29500.0,400.0,2610400.0
507,2021-10-12 06:16:13,29500.0,100.0,2610000.0
508,2021-10-12 06:16:13,29500.0,500.0,2609900.0
509,2021-10-12 06:16:13,29500.0,300.0,2609400.0
510,2021-10-12 06:16:13,29500.0,100.0,2609100.0
511,2021-10-12 06:16:13,29500.0,100.0,2609000.0
512,2021-10-12 06:16:13,29500.0,1000.0,2608900.0
513,2021-10-12 06:16:13,29500.0,1500.0,2607900.0
514,2021-10-12 06:16:01,29550.0,100.0,2606400.0
515,2021-10-12 06:15:29,29550.0,100.0,2606300.0
516,2021-10-12 06:15:24,29550.0,500.0,2606200.0
517,2021-10-12 06:14:59,29550.0,1100.0,2605700.0
518,2021-10-12 06:14:59,29550.0,200.0,2604600.0
519,2021-10-12 06:14:59,29550.0,700.0,2604400.0
520,2021-10-12 06:14:54,29550.0,300.0,2603700.0
521,2021-10-12 06:14:50,29500.0,300.0,2603400.0
522,2021-10-12 06:14:43,29500.0,200.0,2603100.0
523,2021-10-12 06:14:43,29500.0,300.0,2602900.0
524,2021-10-12 06:14:43,29500.0,2500.0,2602600.0
525,2021-10-12 06:14:39,29550.0,300.0,2600100.0
526,2021-10-12 06:14:39,29550.0,400.0,2599800.0
527,2021-10-12 06:13:40,29550.0,100.0,2599400.0
528,2021-10-12 06:13:40,29550.0,500.0,2599300.0
529,2021-10-12 06:13:39,29550.0,500.0,2598800.0
530,2021-10-12 06:13:21,29550.0,300.0,2598300.0
531,2021-10-12 06:12:30,29550.0,6000.0,2598000.0
532,2021-10-12 06:12:30,29550.0,2000.0,2592000.0
533,2021-10-12 06:12:30,29550.0,700.0,2590000.0
534,2021-10-12 06:12:25,29550.0,200.0,2589300.0
535,2021-10-12 06:12:21,29550.0,100.0,2589100.0
536,2021-10-12 06:12:13,29550.0,100.0,2589000.0
537,2021-10-12 06:12:10,29550.0,1000.0,2588900.0
538,2021-10-12 06:12:10,29550.0,1100.0,2587900.0
539,2021-10-12 06:12:10,29550.0,100.0,2586800.0
540,2021-10-12 06:11:53,29550.0,400.0,2586700.0
541,2021-10-12 06:11:46,29550.0,600.0,2586300.0
542,2021-10-12 06:11:46,29550.0,400.0,2585700.0
543,2021-10-12 06:11:32,29550.0,600.0,2585300.0
544,2021-10-12 06:10:28,29550.0,4000.0,2584700.0
545,2021-10-12 06:10:28,29550.0,500.0,2580700.0
546,2021-10-12 06:10:28,29550.0,500.0,2580200.0
547,2021-10-12 06:09:46,29550.0,500.0,2579700.0
548,2021-10-12 06:09:05,29550.0,900.0,2579200.0
549,2021-10-12 06:09:05,29550.0,100.0,2578300.0
550,2021-10-12 06:09:05,29550.0,100.0,2578200.0
551,2021-10-12 06:09:05,29550.0,1000.0,2578100.0
552,2021-10-12 06:09:05,29550.0,2900.0,2577100.0
553,2021-10-12 06:08:24,29600.0,200.0,2574200.0
554,2021-10-12 06:08:24,29600.0,100.0,2574000.0
555,2021-10-12 06:08:22,29600.0,100.0,2573900.0
556,2021-10-12 06:07:25,29600.0,300.0,2573800.0
557,2021-10-12 06:07:25,29600.0,1000.0,2573500.0
558,2021-10-12 06:07:25,29600.0,100.0,2572500.0
559,2021-10-12 06:07:25,29600.0,200.0,2572400.0
560,2021-10-12 06:07:25,29600.0,1800.0,2572200.0
561,2021-10-12 06:07:25,29600.0,1000.0,2570400.0
562,2021-10-12 06:07:25,29600.0,100.0,2569400.0
563,2021-10-12 06:07:25,29600.0,700.0,2569300.0
564,2021-10-12 06:07:25,29600.0,100.0,2568600.0
565,2021-10-12 06:07:25,29600.0,3000.0,2568500.0
566,2021-10-12 06:07:25,29600.0,1400.0,2565500.0
567,2021-10-12 06:07:25,29600.0,300.0,2564100.0
568,2021-10-12 06:06:46,29550.0,900.0,2563800.0
569,2021-10-12 06:06:06,29600.0,900.0,2562900.0
570,2021-10-12 06:06:06,29600.0,500.0,2562000.0
571,2021-10-12 06:06:06,29600.0,500.0,2561500.0
572,2021-10-12 06:06:06,29600.0,1500.0,2561000.0
573,2021-10-12 06:06:06,29600.0,500.0,2559500.0
574,2021-10-12 06:06:06,29600.0,1000.0,2559000.0
575,2021-10-12 06:06:06,29600.0,10000.0,2558000.0
576,2021-10-12 06:06:06,29600.0,700.0,2548000.0
577,2021-10-12 06:06:06,29600.0,400.0,2547300.0
578,2021-10-12 06:06:06,29600.0,800.0,2546900.0
579,2021-10-12 06:06:06,29600.0,200.0,2546100.0
580,2021-10-12 06:05:54,29550.0,11100.0,2545900.0
581,2021-10-12 06:05:01,29550.0,100.0,2534800.0
582,2021-10-12 06:05:01,29550.0,100.0,2534700.0
583,2021-10-12 06:04:26,29550.0,100.0,2534600.0
584,2021-10-12 06:04:26,29550.0,1300.0,2534500.0
585,2021-10-12 06:04:12,29550.0,1000.0,2533200.0
586,2021-10-12 06:04:09,29550.0,100.0,2532200.0
587,2021-10-12 06:04:09,29550.0,1000.0,2532100.0
588,2021-10-12 06:04:09,29550.0,1000.0,2531100.0
589,2021-10-12 06:04:09,29550.0,5000.0,2530100.0
590,2021-10-12 06:04:09,29550.0,2900.0,2525100.0
591,2021-10-12 06:03:52,29550.0,400.0,2522200.0
592,2021-10-12 06:03:48,29550.0,1000.0,2521800.0
593,2021-10-12 06:03:31,29550.0,200.0,2520800.0
594,2021-10-12 06:03:13,29550.0,500.0,2520600.0
595,2021-10-12 06:03:13,29550.0,100.0,2520100.0
596,2021-10-12 06:02:24,29550.0,200.0,2520000.0
597,2021-10-12 06:02:24,29550.0,800.0,2519800.0
598,2021-10-12 06:02:15,29550.0,100.0,2519000.0
599,2021-10-12 06:00:36,29550.0,300.0,2518900.0
600,2021-10-12 06:00:27,29500.0,100.0,2518600.0
601,2021-10-12 06:00:22,29550.0,100.0,2518500.0
602,2021-10-12 06:00:19,29550.0,1000.0,2518400.0
603,2021-10-12 06:00:17,29500.0,200.0,2517400.0
604,2021-10-12 06:00:17,29500.0,1000.0,2517200.0
605,2021-10-12 06:00:16,29500.0,1000.0,2516200.0
606,2021-10-12 06:00:13,29500.0,100.0,2515200.0
607,2021-10-12 06:00:12,29500.0,100.0,2515100.0
608,2021-10-12 06:00:12,29500.0,200.0,2515000.0
609,2021-10-12 06:00:12,29500.0,200.0,2514800.0
610,2021-10-12 06:00:03,29500.0,500.0,2514600.0
611,2021-10-12 06:00:01,29500.0,200.0,2514100.0
612,2021-10-12 06:00:01,29500.0,100.0,2513900.0
613,2021-10-12 06:00:01,29500.0,100.0,2513800.0
614,2021-10-12 06:00:01,29500.0,1500.0,2513700.0
615,2021-10-12 06:00:01,29500.0,100.0,2512200.0
616,2021-10-12 06:00:01,29500.0,2000.0,2512100.0
617,2021-10-12 06:00:01,29500.0,5000.0,2510100.0
618,2021-10-12 06:00:01,29500.0,600.0,2505100.0
619,2021-10-12 06:00:01,29500.0,1200.0,2504500.0
620,2021-10-12 06:00:01,29500.0,200.0,2503300.0
621,2021-10-12 06:00:01,29500.0,200.0,2503100.0
622,2021-10-12 06:00:01,29500.0,100.0,2502900.0
623,2021-10-12 06:00:01,29500.0,1000.0,2502800.0
624,2021-10-12 06:00:01,29500.0,500.0,2501800.0
625,2021-10-12 06:00:01,29500.0,2000.0,2501300.0
626,2021-10-12 06:00:01,29500.0,100.0,2499300.0
627,2021-10-12 06:00:01,29500.0,300.0,2499200.0
628,2021-10-12 06:00:01,29550.0,1000.0,2498900.0
629,2021-10-12 06:00:01,29500.0,200.0,2497900.0
630,2021-10-12 06:00:01,29500.0,300.0,2497700.0
631,2021-10-12 04:29:36,29500.0,600.0,2497400.0
632,2021-10-12 04:29:34,29550.0,1300.0,2496800.0
633,2021-10-12 04:29:25,29500.0,1000.0,2495500.0
634,2021-10-12 04:27:57,29500.0,100.0,2494500.0
635,2021-10-12 04:27:57,29500.0,100.0,2494400.0
636,2021-10-12 04:27:57,29500.0,300.0,2494300.0
637,2021-10-12 04:26:49,29550.0,100.0,2494000.0
638,2021-10-12 04:25:38,29500.0,900.0,2493900.0
639,2021-10-12 04:25:16,29500.0,1800.0,2493000.0
640,2021-10-12 04:25:16,29500.0,200.0,2491200.0
641,2021-10-12 04:25:13,29500.0,300.0,2491000.0
642,2021-10-12 04:25:13,29500.0,100.0,2490700.0
643,2021-10-12 04:25:13,29500.0,600.0,2490600.0
644,2021-10-12 04:25:02,29500.0,100.0,2490000.0
645,2021-10-12 04:24:54,29550.0,300.0,2489900.0
646,2021-10-12 04:24:14,29500.0,100.0,2489600.0
647,2021-10-12 04:23:23,29500.0,500.0,2489500.0
648,2021-10-12 04:22:38,29500.0,1700.0,2489000.0
649,2021-10-12 04:22:38,29500.0,500.0,2487300.0
650,2021-10-12 04:22:38,29500.0,1000.0,2486800.0
651,2021-10-12 04:22:38,29500.0,200.0,2485800.0
652,2021-10-12 04:22:38,29500.0,300.0,2485600.0
653,2021-10-12 04:22:38,29500.0,500.0,2485300.0
654,2021-10-12 04:22:38,29500.0,800.0,2484800.0
655,2021-10-12 04:22:31,29500.0,1000.0,2484000.0
656,2021-10-12 04:22:28,29500.0,300.0,2483000.0
657,2021-10-12 04:22:23,29500.0,2900.0,2482700.0
658,2021-10-12 04:22:23,29500.0,300.0,2479800.0
659,2021-10-12 04:22:23,29500.0,100.0,2479500.0
660,2021-10-12 04:22:23,29500.0,400.0,2479400.0
661,2021-10-12 04:22:23,29500.0,200.0,2479000.0
662,2021-10-12 04:22:23,29500.0,500.0,2478800.0
663,2021-10-12 04:22:23,29500.0,600.0,2478300.0
664,2021-10-12 04:21:15,29500.0,2000.0,2477700.0
665,2021-10-12 04:21:10,29500.0,1000.0,2475700.0
666,2021-10-12 04:21:06,29500.0,200.0,2474700.0
667,2021-10-12 04:20:59,29500.0,100.0,2474500.0
668,2021-10-12 04:20:43,29500.0,5000.0,2474400.0
669,2021-10-12 04:20:38,29500.0,5000.0,2469400.0
670,2021-10-12 04:20:11,29500.0,200.0,2464400.0
671,2021-10-12 04:19:47,29500.0,3000.0,2464200.0
672,2021-10-12 04:19:46,29500.0,700.0,2461200.0
673,2021-10-12 04:19:21,29500.0,500.0,2460500.0
674,2021-10-12 04:18:53,29500.0,1700.0,2460000.0
675,2021-10-12 04:17:52,29500.0,1000.0,2458300.0
676,2021-10-12 04:17:52,29500.0,300.0,2457300.0
677,2021-10-12 04:17:52,29500.0,1000.0,2457000.0
678,2021-10-12 04:17:52,29500.0,100.0,2456000.0
679,2021-10-12 04:17:52,29500.0,5000.0,2455900.0
680,2021-10-12 04:17:52,29500.0,200.0,2450900.0
681,2021-10-12 04:17:52,29500.0,1000.0,2450700.0
682,2021-10-12 04:17:52,29500.0,200.0,2449700.0
683,2021-10-12 04:17:52,29550.0,500.0,2449500.0
684,2021-10-12 04:17:52,29550.0,900.0,2449000.0
685,2021-10-12 04:17:52,29550.0,400.0,2448100.0
686,2021-10-12 04:16:15,29550.0,300.0,2447700.0
687,2021-10-12 04:16:15,29550.0,200.0,2447400.0
688,2021-10-12 04:16:12,29550.0,5000.0,2447200.0
689,2021-10-12 04:16:12,29550.0,1600.0,2442200.0
690,2021-10-12 04:16:12,29550.0,300.0,2440600.0
691,2021-10-12 04:16:12,29550.0,300.0,2440300.0
692,2021-10-12 04:16:12,29550.0,200.0,2440000.0
693,2021-10-12 04:16:12,29550.0,500.0,2439800.0
694,2021-10-12 04:16:12,29550.0,100.0,2439300.0
695,2021-10-12 04:16:12,29550.0,200.0,2439200.0
696,2021-10-12 04:16:12,29550.0,100.0,2439000.0
697,2021-10-12 04:16:12,29550.0,400.0,2438900.0
698,2021-10-12 04:16:12,29550.0,200.0,2438500.0
699,2021-10-12 04:16:12,29550.0,200.0,2438300.0
700,2021-10-12 04:16:12,29550.0,100.0,2438100.0
701,2021-10-12 04:16:12,29550.0,800.0,2438000.0
702,2021-10-12 04:15:42,29550.0,5000.0,2437200.0
703,2021-10-12 04:15:20,29550.0,3400.0,2432200.0
704,2021-10-12 04:15:20,29600.0,1600.0,2428800.0
705,2021-10-12 04:15:20,29650.0,100.0,2427200.0
706,2021-10-12 04:15:14,29600.0,400.0,2427100.0
707,2021-10-12 04:15:14,29600.0,600.0,2426700.0
708,2021-10-12 04:15:07,29600.0,100.0,2426100.0
709,2021-10-12 04:14:22,29600.0,500.0,2426000.0
710,2021-10-12 04:14:22,29600.0,500.0,2425500.0
711,2021-10-12 04:14:15,29600.0,300.0,2425000.0
712,2021-10-12 04:14:15,29600.0,700.0,2424700.0
713,2021-10-12 04:14:07,29600.0,300.0,2424000.0
714,2021-10-12 04:14:07,29600.0,400.0,2423700.0
715,2021-10-12 04:13:40,29600.0,100.0,2423300.0
716,2021-10-12 04:13:40,29600.0,300.0,2423200.0
717,2021-10-12 04:13:40,29600.0,100.0,2422900.0
718,2021-10-12 04:13:40,29600.0,200.0,2422800.0
719,2021-10-12 04:13:33,29600.0,200.0,2422600.0
720,2021-10-12 04:13:23,29600.0,600.0,2422400.0
721,2021-10-12 04:13:23,29600.0,500.0,2421800.0
722,2021-10-12 04:13:23,29600.0,100.0,2421300.0
723,2021-10-12 04:13:23,29600.0,800.0,2421200.0
724,2021-10-12 04:13:06,29600.0,100.0,2420400.0
725,2021-10-12 04:12:28,29600.0,100.0,2420300.0
726,2021-10-12 04:12:28,29600.0,1000.0,2420200.0
727,2021-10-12 04:12:28,29600.0,800.0,2419200.0
728,2021-10-12 04:12:24,29650.0,200.0,2418400.0
729,2021-10-12 04:12:23,29600.0,200.0,2418200.0
730,2021-10-12 04:12:07,29600.0,3000.0,2418000.0
731,2021-10-12 04:11:41,29600.0,100.0,2415000.0
732,2021-10-12 04:11:41,29600.0,300.0,2414900.0
733,2021-10-12 04:11:41,29600.0,100.0,2414600.0
734,2021-10-12 04:11:41,29600.0,5000.0,2414500.0
735,2021-10-12 04:11:41,29600.0,300.0,2409500.0
736,2021-10-12 04:11:41,29600.0,100.0,2409200.0
737,2021-10-12 04:11:41,29600.0,200.0,2409100.0
738,2021-10-12 04:11:41,29600.0,3000.0,2408900.0
739,2021-10-12 04:11:41,29600.0,2900.0,2405900.0
740,2021-10-12 04:11:28,29600.0,100.0,2403000.0
741,2021-10-12 04:11:07,29550.0,100.0,2402900.0
742,2021-10-12 04:10:27,29550.0,700.0,2402800.0
743,2021-10-12 04:10:27,29550.0,200.0,2402100.0
744,2021-10-12 04:10:27,29550.0,500.0,2401900.0
745,2021-10-12 04:10:27,29550.0,200.0,2401400.0
746,2021-10-12 04:10:27,29550.0,400.0,2401200.0
747,2021-10-12 04:10:26,29600.0,100.0,2400800.0
748,2021-10-12 04:09:34,29600.0,1000.0,2400700.0
749,2021-10-12 04:09:33,29600.0,100.0,2399700.0
750,2021-10-12 04:09:23,29600.0,300.0,2399600.0
751,2021-10-12 04:08:39,29550.0,1600.0,2399300.0
752,2021-10-12 04:08:09,29550.0,1600.0,2397700.0
753,2021-10-12 04:07:22,29550.0,1500.0,2396100.0
754,2021-10-12 04:06:56,29600.0,400.0,2394600.0
755,2021-10-12 04:06:53,29600.0,500.0,2394200.0
756,2021-10-12 04:06:53,29600.0,1500.0,2393700.0
757,2021-10-12 04:06:53,29600.0,200.0,2392200.0
758,2021-10-12 04:06:53,29600.0,1000.0,2392000.0
759,2021-10-12 04:06:53,29600.0,1900.0,2391000.0
760,2021-10-12 04:06:52,29600.0,500.0,2389100.0
761,2021-10-12 04:06:28,29600.0,100.0,2388600.0
762,2021-10-12 04:06:24,29600.0,100.0,2388500.0
763,2021-10-12 04:06:21,29600.0,200.0,2388400.0
764,2021-10-12 04:06:21,29600.0,2200.0,2388200.0
765,2021-10-12 04:06:21,29600.0,400.0,2386000.0
766,2021-10-12 04:06:21,29600.0,500.0,2385600.0
767,2021-10-12 04:06:21,29600.0,1000.0,2385100.0
768,2021-10-12 04:06:21,29600.0,400.0,2384100.0
769,2021-10-12 04:06:21,29600.0,2000.0,2383700.0
770,2021-10-12 04:06:21,29600.0,100.0,2381700.0
771,2021-10-12 04:06:21,29600.0,4400.0,2381600.0
772,2021-10-12 04:06:18,29600.0,600.0,2377200.0
773,2021-10-12 04:06:18,29600.0,100.0,2376600.0
774,2021-10-12 04:06:18,29600.0,100.0,2376500.0
775,2021-10-12 04:06:16,29600.0,200.0,2376400.0
776,2021-10-12 04:05:40,29650.0,700.0,2376200.0
777,2021-10-12 04:05:24,29650.0,300.0,2375500.0
778,2021-10-12 04:04:57,29650.0,2000.0,2375200.0
779,2021-10-12 04:04:55,29600.0,100.0,2373200.0
780,2021-10-12 04:04:55,29600.0,1000.0,2373100.0
781,2021-10-12 04:04:55,29600.0,500.0,2372100.0
782,2021-10-12 04:04:55,29600.0,300.0,2371600.0
783,2021-10-12 04:04:55,29600.0,2700.0,2371300.0
784,2021-10-12 04:04:40,29650.0,600.0,2368600.0
785,2021-10-12 04:04:32,29650.0,400.0,2368000.0
786,2021-10-12 04:04:32,29650.0,900.0,2367600.0
787,2021-10-12 04:04:20,29650.0,2000.0,2366700.0
788,2021-10-12 04:04:07,29700.0,1000.0,2364700.0
789,2021-10-12 04:03:51,29700.0,1000.0,2363700.0
790,2021-10-12 04:03:50,29700.0,2000.0,2362700.0
791,2021-10-12 04:03:50,29650.0,2100.0,2360700.0
792,2021-10-12 04:03:50,29650.0,100.0,2358600.0
793,2021-10-12 04:03:50,29650.0,1000.0,2358500.0
794,2021-10-12 04:03:50,29650.0,2000.0,2357500.0
795,2021-10-12 04:03:50,29650.0,1000.0,2355500.0
796,2021-10-12 04:03:50,29650.0,3800.0,2354500.0
797,2021-10-12 04:03:43,29700.0,5000.0,2350700.0
798,2021-10-12 04:03:13,29700.0,500.0,2345700.0
799,2021-10-12 04:02:53,29700.0,100.0,2345200.0
800,2021-10-12 04:02:26,29700.0,2000.0,2345100.0
801,2021-10-12 04:02:21,29700.0,100.0,2343100.0
802,2021-10-12 04:02:11,29700.0,500.0,2343000.0
803,2021-10-12 04:01:45,29650.0,100.0,2342500.0
804,2021-10-12 04:01:35,29700.0,500.0,2342400.0
805,2021-10-12 04:01:06,29700.0,1800.0,2341900.0
806,2021-10-12 04:01:06,29650.0,200.0,2340100.0
807,2021-10-12 04:00:14,29600.0,2300.0,2339900.0
808,2021-10-12 04:00:14,29600.0,100.0,2337600.0
809,2021-10-12 04:00:14,29600.0,3400.0,2337500.0
810,2021-10-12 04:00:14,29600.0,4200.0,2334100.0
811,2021-10-12 03:59:52,29600.0,1000.0,2329900.0
812,2021-10-12 03:59:41,29600.0,500.0,2328900.0
813,2021-10-12 03:59:39,29600.0,300.0,2328400.0
814,2021-10-12 03:59:39,29600.0,200.0,2328100.0
815,2021-10-12 03:59:39,29600.0,1000.0,2327900.0
816,2021-10-12 03:59:39,29600.0,300.0,2326900.0
817,2021-10-12 03:59:39,29600.0,100.0,2326600.0
818,2021-10-12 03:59:39,29600.0,100.0,2326500.0
819,2021-10-12 03:58:39,29600.0,1000.0,2326400.0
820,2021-10-12 03:58:21,29700.0,100.0,2325400.0
821,2021-10-12 03:58:21,29700.0,5300.0,2325300.0
822,2021-10-12 03:58:09,29700.0,100.0,2320000.0
823,2021-10-12 03:58:02,29700.0,100.0,2319900.0
824,2021-10-12 03:58:02,29700.0,1000.0,2319800.0
825,2021-10-12 03:58:02,29700.0,1000.0,2318800.0
826,2021-10-12 03:58:02,29700.0,900.0,2317800.0
827,2021-10-12 03:58:02,29700.0,200.0,2316900.0
828,2021-10-12 03:58:02,29700.0,1000.0,2316700.0
829,2021-10-12 03:58:02,29700.0,100.0,2315700.0
830,2021-10-12 03:58:02,29700.0,2000.0,2315600.0
831,2021-10-12 03:58:02,29700.0,2000.0,2313600.0
832,2021-10-12 03:58:02,29700.0,1000.0,2311600.0
833,2021-10-12 03:58:02,29700.0,100.0,2310600.0
834,2021-10-12 03:58:02,29700.0,100.0,2310500.0
835,2021-10-12 03:58:02,29700.0,100.0,2310400.0
836,2021-10-12 03:58:02,29700.0,100.0,2310300.0
837,2021-10-12 03:58:02,29700.0,2500.0,2310200.0
838,2021-10-12 03:57:59,29700.0,500.0,2307700.0
839,2021-10-12 03:57:59,29700.0,2000.0,2307200.0
840,2021-10-12 03:57:55,29700.0,5000.0,2305200.0
841,2021-10-12 03:57:55,29700.0,600.0,2300200.0
842,2021-10-12 03:57:55,29700.0,400.0,2299600.0
843,2021-10-12 03:57:54,29700.0,1300.0,2299200.0
844,2021-10-12 03:57:51,29600.0,200.0,2297900.0
845,2021-10-12 03:57:19,29700.0,1300.0,2297700.0
846,2021-10-12 03:57:19,29700.0,500.0,2296400.0
847,2021-10-12 03:57:19,29700.0,1600.0,2295900.0
848,2021-10-12 03:57:16,29700.0,300.0,2294300.0
849,2021-10-12 03:56:53,29700.0,400.0,2294000.0
850,2021-10-12 03:56:44,29700.0,2000.0,2293600.0
851,2021-10-12 03:56:44,29700.0,5000.0,2291600.0
852,2021-10-12 03:56:33,29700.0,500.0,2286600.0
853,2021-10-12 03:56:32,29700.0,6000.0,2286100.0
854,2021-10-12 03:56:22,29700.0,400.0,2280100.0
855,2021-10-12 03:56:13,29700.0,4000.0,2279700.0
856,2021-10-12 03:56:11,29600.0,700.0,2275700.0
857,2021-10-12 03:56:11,29600.0,200.0,2275000.0
858,2021-10-12 03:56:11,29600.0,1000.0,2274800.0
859,2021-10-12 03:56:11,29600.0,1000.0,2273800.0
860,2021-10-12 03:56:11,29600.0,100.0,2272800.0
861,2021-10-12 03:56:11,29600.0,5000.0,2272700.0
862,2021-10-12 03:56:11,29600.0,300.0,2267700.0
863,2021-10-12 03:56:11,29600.0,200.0,2267400.0
864,2021-10-12 03:56:11,29600.0,10000.0,2267200.0
865,2021-10-12 03:56:11,29600.0,400.0,2257200.0
866,2021-10-12 03:56:11,29650.0,300.0,2256800.0
867,2021-10-12 03:56:11,29650.0,700.0,2256500.0
868,2021-10-12 03:56:11,29650.0,300.0,2255800.0
869,2021-10-12 03:56:11,29650.0,300.0,2255500.0
870,2021-10-12 03:56:11,29650.0,200.0,2255200.0
871,2021-10-12 03:56:11,29650.0,1200.0,2255000.0
872,2021-10-12 03:55:54,29700.0,400.0,2253800.0
873,2021-10-12 03:55:54,29700.0,500.0,2253400.0
874,2021-10-12 03:55:50,29700.0,500.0,2252900.0
875,2021-10-12 03:55:42,29700.0,2000.0,2252400.0
876,2021-10-12 03:55:41,29650.0,1800.0,2250400.0
877,2021-10-12 03:55:41,29650.0,500.0,2248600.0
878,2021-10-12 03:55:41,29650.0,600.0,2248100.0
879,2021-10-12 03:55:41,29650.0,100.0,2247500.0
880,2021-10-12 03:55:36,29700.0,300.0,2247400.0
881,2021-10-12 03:55:33,29700.0,1000.0,2247100.0
882,2021-10-12 03:55:20,29700.0,300.0,2246100.0
883,2021-10-12 03:55:19,29700.0,200.0,2245800.0
884,2021-10-12 03:55:16,29750.0,200.0,2245600.0
885,2021-10-12 03:55:16,29750.0,3200.0,2245400.0
886,2021-10-12 03:55:10,29700.0,100.0,2242200.0
887,2021-10-12 03:55:09,29700.0,300.0,2242100.0
888,2021-10-12 03:55:09,29700.0,400.0,2241800.0
889,2021-10-12 03:55:09,29700.0,100.0,2241400.0
890,2021-10-12 03:55:09,29700.0,2100.0,2241300.0
891,2021-10-12 03:55:00,29700.0,100.0,2239200.0
892,2021-10-12 03:54:54,29750.0,400.0,2239100.0
893,2021-10-12 03:54:45,29750.0,200.0,2238700.0
894,2021-10-12 03:54:45,29750.0,1100.0,2238500.0
895,2021-10-12 03:54:45,29750.0,100.0,2237400.0
896,2021-10-12 03:54:38,29750.0,700.0,2237300.0
897,2021-10-12 03:54:38,29750.0,1300.0,2236600.0
898,2021-10-12 03:54:31,29750.0,100.0,2235300.0
899,2021-10-12 03:54:31,29750.0,800.0,2235200.0
900,2021-10-12 03:54:26,29750.0,500.0,2234400.0
901,2021-10-12 03:54:24,29750.0,1900.0,2233900.0
902,2021-10-12 03:54:24,29750.0,100.0,2232000.0
903,2021-10-12 03:54:15,29800.0,1400.0,2231900.0
904,2021-10-12 03:54:09,29800.0,200.0,2230500.0
905,2021-10-12 03:54:05,29800.0,3500.0,2230300.0
906,2021-10-12 03:54:05,29750.0,900.0,2226800.0
907,2021-10-12 03:53:56,29750.0,100.0,2225900.0
908,2021-10-12 03:53:51,29800.0,800.0,2225800.0
909,2021-10-12 03:53:48,29700.0,500.0,2225000.0
910,2021-10-12 03:53:43,29800.0,2200.0,2224500.0
911,2021-10-12 03:53:43,29800.0,1900.0,2222300.0
912,2021-10-12 03:53:43,29750.0,1000.0,2220400.0
913,2021-10-12 03:53:43,29750.0,100.0,2219400.0
914,2021-10-12 03:53:43,29750.0,100.0,2219300.0
915,2021-10-12 03:53:43,29750.0,200.0,2219200.0
916,2021-10-12 03:53:43,29750.0,7600.0,2219000.0
917,2021-10-12 03:53:40,29750.0,2400.0,2211400.0
918,2021-10-12 03:53:40,29750.0,100.0,2209000.0
919,2021-10-12 03:53:40,29750.0,300.0,2208900.0
920,2021-10-12 03:53:40,29750.0,200.0,2208600.0
921,2021-10-12 03:53:40,29700.0,300.0,2208400.0
922,2021-10-12 03:53:35,29700.0,700.0,2208100.0
923,2021-10-12 03:53:35,29700.0,300.0,2207400.0
924,2021-10-12 03:53:30,29700.0,100.0,2207100.0
925,2021-10-12 03:53:25,29700.0,600.0,2207000.0
926,2021-10-12 03:53:25,29700.0,100.0,2206400.0
927,2021-10-12 03:53:19,29700.0,900.0,2206300.0
928,2021-10-12 03:53:19,29700.0,700.0,2205400.0
929,2021-10-12 03:53:12,29700.0,100.0,2204700.0
930,2021-10-12 03:53:12,29700.0,100.0,2204600.0
931,2021-10-12 03:53:12,29700.0,100.0,2204500.0
932,2021-10-12 03:53:12,29700.0,100.0,2204400.0
933,2021-10-12 03:53:12,29700.0,200.0,2204300.0
934,2021-10-12 03:53:12,29700.0,1000.0,2204100.0
935,2021-10-12 03:53:12,29700.0,3500.0,2203100.0
936,2021-10-12 03:53:07,29700.0,200.0,2199600.0
937,2021-10-12 03:53:06,29700.0,300.0,2199400.0
938,2021-10-12 03:53:06,29700.0,100.0,2199100.0
939,2021-10-12 03:53:06,29700.0,500.0,2199000.0
940,2021-10-12 03:52:57,29700.0,600.0,2198500.0
941,2021-10-12 03:52:49,29700.0,1100.0,2197900.0
942,2021-10-12 03:52:48,29650.0,200.0,2196800.0
943,2021-10-12 03:52:48,29650.0,200.0,2196600.0
944,2021-10-12 03:52:48,29650.0,200.0,2196400.0
945,2021-10-12 03:52:48,29650.0,400.0,2196200.0
946,2021-10-12 03:52:46,29650.0,1100.0,2195800.0
947,2021-10-12 03:52:46,29650.0,400.0,2194700.0
948,2021-10-12 03:52:38,29700.0,1500.0,2194300.0
949,2021-10-12 03:52:31,29650.0,100.0,2192800.0
950,2021-10-12 03:52:30,29650.0,200.0,2192700.0
951,2021-10-12 03:52:27,29700.0,2000.0,2192500.0
952,2021-10-12 03:52:18,29700.0,400.0,2190500.0
953,2021-10-12 03:52:08,29700.0,500.0,2190100.0
954,2021-10-12 03:52:08,29700.0,1000.0,2189600.0
955,2021-10-12 03:52:08,29700.0,1500.0,2188600.0
956,2021-10-12 03:52:08,29700.0,900.0,2187100.0
957,2021-10-12 03:52:04,29750.0,100.0,2186200.0
958,2021-10-12 03:52:04,29750.0,400.0,2186100.0
959,2021-10-12 03:51:53,29750.0,400.0,2185700.0
960,2021-10-12 03:51:50,29750.0,200.0,2185300.0
961,2021-10-12 03:51:50,29750.0,200.0,2185100.0
962,2021-10-12 03:51:49,29750.0,1700.0,2184900.0
963,2021-10-12 03:51:49,29750.0,2000.0,2183200.0
964,2021-10-12 03:51:49,29750.0,1100.0,2181200.0
965,2021-10-12 03:51:49,29750.0,1700.0,2180100.0
966,2021-10-12 03:51:46,29800.0,200.0,2178400.0
967,2021-10-12 03:51:42,29750.0,400.0,2178200.0
968,2021-10-12 03:51:40,29750.0,200.0,2177800.0
969,2021-10-12 03:51:32,29750.0,500.0,2177600.0
970,2021-10-12 03:51:31,29750.0,500.0,2177100.0
971,2021-10-12 03:51:31,29750.0,500.0,2176600.0
972,2021-10-12 03:51:31,29750.0,200.0,2176100.0
973,2021-10-12 03:51:31,29750.0,800.0,2175900.0
974,2021-10-12 03:51:31,29750.0,1800.0,2175100.0
975,2021-10-12 03:51:28,29750.0,1000.0,2173300.0
976,2021-10-12 03:51:16,29750.0,200.0,2172300.0
977,2021-10-12 03:51:12,29700.0,400.0,2172100.0
978,2021-10-12 03:51:12,29700.0,3900.0,2171700.0
979,2021-10-12 03:51:12,29750.0,1100.0,2167800.0
980,2021-10-12 03:51:12,29750.0,200.0,2166700.0
981,2021-10-12 03:51:12,29750.0,4400.0,2166500.0
982,2021-10-12 03:51:11,29800.0,2000.0,2162100.0
983,2021-10-12 03:51:11,29750.0,3000.0,2160100.0
984,2021-10-12 03:51:01,29750.0,100.0,2157100.0
985,2021-10-12 03:50:55,29750.0,500.0,2157000.0
986,2021-10-12 03:50:55,29750.0,500.0,2156500.0
987,2021-10-12 03:50:51,29750.0,100.0,2156000.0
988,2021-10-12 03:50:43,29800.0,100.0,2155900.0
989,2021-10-12 03:50:42,29750.0,500.0,2155800.0
990,2021-10-12 03:50:39,29750.0,1500.0,2155300.0
991,2021-10-12 03:50:36,29750.0,1000.0,2153800.0
992,2021-10-12 03:50:36,29750.0,6400.0,2152800.0
993,2021-10-12 03:50:28,29700.0,2200.0,2146400.0
994,2021-10-12 03:50:28,29750.0,300.0,2144200.0
995,2021-10-12 03:50:28,29750.0,100.0,2143900.0
996,2021-10-12 03:50:28,29750.0,400.0,2143800.0
997,2021-10-12 03:50:26,29750.0,500.0,2143400.0
998,2021-10-12 03:50:26,29750.0,100.0,2142900.0
999,2021-10-12 03:50:16,29750.0,300.0,2142800.0
1000,2021-10-12 03:50:15,29750.0,200.0,2142500.0
1001,2021-10-12 03:50:12,29800.0,200.0,2142300.0
1002,2021-10-12 03:50:07,29800.0,600.0,2142100.0
1003,2021-10-12 03:50:07,29800.0,1400.0,2141500.0
1004,2021-10-12 03:50:02,29800.0,1000.0,2140100.0
1005,2021-10-12 03:50:00,29800.0,900.0,2139100.0
1006,2021-10-12 03:50:00,29800.0,1000.0,2138200.0
1007,2021-10-12 03:49:56,29800.0,2000.0,2137200.0
1008,2021-10-12 03:49:52,29800.0,3000.0,2135200.0
1009,2021-10-12 03:49:52,29800.0,700.0,2132200.0
1010,2021-10-12 03:49:51,29800.0,300.0,2131500.0
1011,2021-10-12 03:49:49,29800.0,4700.0,2131200.0
1012,2021-10-12 03:49:49,29800.0,200.0,2126500.0
1013,2021-10-12 03:49:49,29800.0,2000.0,2126300.0
1014,2021-10-12 03:49:47,29800.0,200.0,2124300.0
1015,2021-10-12 03:49:46,29800.0,500.0,2124100.0
1016,2021-10-12 03:49:42,29800.0,2000.0,2123600.0
1017,2021-10-12 03:49:42,29800.0,2000.0,2121600.0
1018,2021-10-12 03:49:42,29800.0,1000.0,2119600.0
1019,2021-10-12 03:49:41,29800.0,200.0,2118600.0
1020,2021-10-12 03:49:40,29800.0,500.0,2118400.0
1021,2021-10-12 03:49:37,29800.0,1500.0,2117900.0
1022,2021-10-12 03:49:33,29800.0,300.0,2116400.0
1023,2021-10-12 03:49:33,29800.0,1000.0,2116100.0
1024,2021-10-12 03:49:33,29800.0,5000.0,2115100.0
1025,2021-10-12 03:49:33,29800.0,300.0,2110100.0
1026,2021-10-12 03:49:33,29800.0,200.0,2109800.0
1027,2021-10-12 03:49:33,29850.0,2000.0,2109600.0
1028,2021-10-12 03:49:33,29850.0,200.0,2107600.0
1029,2021-10-12 03:49:33,29850.0,1000.0,2107400.0
1030,2021-10-12 03:49:27,29900.0,1800.0,2106400.0
1031,2021-10-12 03:49:26,29850.0,500.0,2104600.0
1032,2021-10-12 03:49:25,29900.0,200.0,2104100.0
1033,2021-10-12 03:49:25,29900.0,500.0,2103900.0
1034,2021-10-12 03:49:23,29900.0,1000.0,2103400.0
1035,2021-10-12 03:49:17,29900.0,200.0,2102400.0
1036,2021-10-12 03:49:16,29900.0,1500.0,2102200.0
1037,2021-10-12 03:49:03,29900.0,200.0,2100700.0
1038,2021-10-12 03:49:02,29850.0,100.0,2100500.0
1039,2021-10-12 03:49:02,29850.0,100.0,2100400.0
1040,2021-10-12 03:49:02,29850.0,300.0,2100300.0
1041,2021-10-12 03:48:58,29850.0,200.0,2100000.0
1042,2021-10-12 03:48:58,29850.0,1000.0,2099800.0
1043,2021-10-12 03:48:50,29800.0,100.0,2098800.0
1044,2021-10-12 03:48:50,29800.0,100.0,2098700.0
1045,2021-10-12 03:48:50,29800.0,200.0,2098600.0
1046,2021-10-12 03:48:50,29800.0,100.0,2098400.0
1047,2021-10-12 03:48:50,29800.0,1000.0,2098300.0
1048,2021-10-12 03:48:50,29800.0,200.0,2097300.0
1049,2021-10-12 03:48:50,29800.0,5000.0,2097100.0
1050,2021-10-12 03:48:50,29800.0,100.0,2092100.0
1051,2021-10-12 03:48:50,29800.0,300.0,2092000.0
1052,2021-10-12 03:48:50,29800.0,500.0,2091700.0
1053,2021-10-12 03:48:50,29800.0,400.0,2091200.0
1054,2021-10-12 03:48:50,29800.0,2000.0,2090800.0
1055,2021-10-12 03:48:50,29800.0,100.0,2088800.0
1056,2021-10-12 03:48:50,29800.0,100.0,2088700.0
1057,2021-10-12 03:48:50,29800.0,500.0,2088600.0
1058,2021-10-12 03:48:50,29800.0,400.0,2088100.0
1059,2021-10-12 03:48:50,29800.0,200.0,2087700.0
1060,2021-10-12 03:48:50,29800.0,200.0,2087500.0
1061,2021-10-12 03:48:50,29800.0,10000.0,2087300.0
1062,2021-10-12 03:48:50,29800.0,200.0,2077300.0
1063,2021-10-12 03:48:50,29800.0,500.0,2077100.0
1064,2021-10-12 03:48:50,29800.0,400.0,2076600.0
1065,2021-10-12 03:48:49,29800.0,200.0,2076200.0
1066,2021-10-12 03:48:40,29800.0,10000.0,2076000.0
1067,2021-10-12 03:48:39,29800.0,3000.0,2066000.0
1068,2021-10-12 03:48:38,29800.0,400.0,2063000.0
1069,2021-10-12 03:48:38,29800.0,4000.0,2062600.0
1070,2021-10-12 03:48:38,29800.0,2000.0,2058600.0
1071,2021-10-12 03:48:37,29800.0,2800.0,2056600.0
1072,2021-10-12 03:48:37,29750.0,200.0,2053800.0
1073,2021-10-12 03:48:35,29800.0,1000.0,2053600.0
1074,2021-10-12 03:48:35,29800.0,400.0,2052600.0
1075,2021-10-12 03:48:34,29700.0,2000.0,2052200.0
1076,2021-10-12 03:48:30,29800.0,800.0,2050200.0
1077,2021-10-12 03:48:30,29800.0,500.0,2049400.0
1078,2021-10-12 03:48:30,29800.0,200.0,2048900.0
1079,2021-10-12 03:48:30,29700.0,1900.0,2048700.0
1080,2021-10-12 03:48:30,29700.0,3400.0,2046800.0
1081,2021-10-12 03:48:30,29700.0,4700.0,2043400.0
1082,2021-10-12 03:48:29,29700.0,300.0,2038700.0
1083,2021-10-12 03:48:29,29700.0,300.0,2038400.0
1084,2021-10-12 03:48:29,29700.0,300.0,2038100.0
1085,2021-10-12 03:48:29,29700.0,100.0,2037800.0
1086,2021-10-12 03:48:27,29700.0,100.0,2037700.0
1087,2021-10-12 03:48:25,29800.0,800.0,2037600.0
1088,2021-10-12 03:48:25,29800.0,1000.0,2036800.0
1089,2021-10-12 03:48:25,29800.0,500.0,2035800.0
1090,2021-10-12 03:48:25,29700.0,1000.0,2035300.0
1091,2021-10-12 03:48:25,29700.0,500.0,2034300.0
1092,2021-10-12 03:48:25,29700.0,1000.0,2033800.0
1093,2021-10-12 03:48:25,29700.0,6300.0,2032800.0
1094,2021-10-12 03:48:24,29700.0,1000.0,2026500.0
1095,2021-10-12 03:48:23,29700.0,2700.0,2025500.0
1096,2021-10-12 03:48:23,29700.0,200.0,2022800.0
1097,2021-10-12 03:48:23,29700.0,200.0,2022600.0
1098,2021-10-12 03:48:23,29700.0,100.0,2022400.0
1099,2021-10-12 03:48:23,29700.0,2000.0,2022300.0
1100,2021-10-12 03:48:21,29700.0,500.0,2020300.0
1101,2021-10-12 03:48:21,29700.0,900.0,2019800.0
1102,2021-10-12 03:48:21,29700.0,1000.0,2018900.0
1103,2021-10-12 03:48:21,29700.0,100.0,2017900.0
1104,2021-10-12 03:48:20,29700.0,100.0,2017800.0
1105,2021-10-12 03:48:18,29700.0,500.0,2017700.0
1106,2021-10-12 03:48:18,29700.0,500.0,2017200.0
1107,2021-10-12 03:48:14,29700.0,300.0,2016700.0
1108,2021-10-12 03:48:14,29700.0,200.0,2016400.0
1109,2021-10-12 03:48:14,29700.0,4800.0,2016200.0
1110,2021-10-12 03:48:12,29700.0,200.0,2011400.0
1111,2021-10-12 03:48:12,29700.0,1000.0,2011200.0
1112,2021-10-12 03:48:12,29700.0,100.0,2010200.0
1113,2021-10-12 03:48:12,29700.0,100.0,2010100.0
1114,2021-10-12 03:48:12,29700.0,1400.0,2010000.0
1115,2021-10-12 03:48:09,29700.0,500.0,2008600.0
1116,2021-10-12 03:48:09,29700.0,100.0,2008100.0
1117,2021-10-12 03:48:09,29650.0,100.0,2008000.0
1118,2021-10-12 03:48:09,29650.0,100.0,2007900.0
1119,2021-10-12 03:48:03,29600.0,100.0,2007800.0
1120,2021-10-12 03:48:01,29600.0,4500.0,2007700.0
1121,2021-10-12 03:48:01,29600.0,500.0,2003200.0
1122,2021-10-12 03:48:01,29600.0,100.0,2002700.0
1123,2021-10-12 03:48:01,29600.0,100.0,2002600.0
1124,2021-10-12 03:48:01,29600.0,300.0,2002500.0
1125,2021-10-12 03:48:01,29600.0,200.0,2002200.0
1126,2021-10-12 03:48:01,29600.0,100.0,2002000.0
1127,2021-10-12 03:48:01,29600.0,100.0,2001900.0
1128,2021-10-12 03:48:01,29600.0,200.0,2001800.0
1129,2021-10-12 03:48:01,29600.0,100.0,2001600.0
1130,2021-10-12 03:48:01,29600.0,1000.0,2001500.0
1131,2021-10-12 03:48:01,29600.0,100.0,2000500.0
1132,2021-10-12 03:48:01,29600.0,100.0,2000400.0
1133,2021-10-12 03:48:01,29600.0,300.0,2000300.0
1134,2021-10-12 03:48:01,29600.0,500.0,2000000.0
1135,2021-10-12 03:48:01,29600.0,200.0,1999500.0
1136,2021-10-12 03:48:01,29600.0,100.0,1999300.0
1137,2021-10-12 03:48:01,29600.0,2900.0,1999200.0
1138,2021-10-12 03:48:01,29600.0,1000.0,1996300.0
1139,2021-10-12 03:48:01,29600.0,100.0,1995300.0
1140,2021-10-12 03:48:01,29600.0,200.0,1995200.0
1141,2021-10-12 03:48:01,29600.0,2000.0,1995000.0
1142,2021-10-12 03:48:01,29600.0,500.0,1993000.0
1143,2021-10-12 03:48:01,29600.0,3300.0,1992500.0
1144,2021-10-12 03:47:59,29600.0,700.0,1989200.0
1145,2021-10-12 03:47:59,29600.0,200.0,1988500.0
1146,2021-10-12 03:47:59,29600.0,1000.0,1988300.0
1147,2021-10-12 03:47:59,29600.0,500.0,1987300.0
1148,2021-10-12 03:47:59,29600.0,100.0,1986800.0
1149,2021-10-12 03:47:59,29600.0,200.0,1986700.0
1150,2021-10-12 03:47:59,29600.0,500.0,1986500.0
1151,2021-10-12 03:47:59,29600.0,1800.0,1986000.0
1152,2021-10-12 03:47:59,29600.0,3200.0,1984200.0
1153,2021-10-12 03:47:59,29600.0,1000.0,1981000.0
1154,2021-10-12 03:47:59,29600.0,2000.0,1980000.0
1155,2021-10-12 03:47:58,29600.0,8000.0,1978000.0
1156,2021-10-12 03:47:58,29600.0,6000.0,1970000.0
1157,2021-10-12 03:47:55,29550.0,100.0,1964000.0
1158,2021-10-12 03:47:52,29600.0,2000.0,1963900.0
1159,2021-10-12 03:47:50,29600.0,2000.0,1961900.0
1160,2021-10-12 03:47:49,29550.0,100.0,1959900.0
1161,2021-10-12 03:47:49,29550.0,4600.0,1959800.0
1162,2021-10-12 03:47:49,29550.0,10000.0,1955200.0
1163,2021-10-12 03:47:48,29550.0,500.0,1945200.0
1164,2021-10-12 03:47:47,29550.0,500.0,1944700.0
1165,2021-10-12 03:47:47,29550.0,500.0,1944200.0
1166,2021-10-12 03:47:43,29500.0,1300.0,1943700.0
1167,2021-10-12 03:47:36,29500.0,1000.0,1942400.0
1168,2021-10-12 03:47:36,29500.0,100.0,1941400.0
1169,2021-10-12 03:47:36,29500.0,100.0,1941300.0
1170,2021-10-12 03:47:36,29500.0,700.0,1941200.0
1171,2021-10-12 03:47:36,29500.0,100.0,1940500.0
1172,2021-10-12 03:47:36,29500.0,1800.0,1940400.0
1173,2021-10-12 03:47:36,29500.0,300.0,1938600.0
1174,2021-10-12 03:47:36,29500.0,900.0,1938300.0
1175,2021-10-12 03:47:36,29500.0,100.0,1937400.0
1176,2021-10-12 03:47:36,29500.0,300.0,1937300.0
1177,2021-10-12 03:47:36,29500.0,500.0,1937000.0
1178,2021-10-12 03:47:36,29500.0,200.0,1936500.0
1179,2021-10-12 03:47:36,29500.0,1000.0,1936300.0
1180,2021-10-12 03:47:36,29500.0,1000.0,1935300.0
1181,2021-10-12 03:47:36,29500.0,200.0,1934300.0
1182,2021-10-12 03:47:36,29500.0,200.0,1934100.0
1183,2021-10-12 03:47:36,29500.0,5000.0,1933900.0
1184,2021-10-12 03:47:36,29500.0,300.0,1928900.0
1185,2021-10-12 03:47:36,29500.0,700.0,1928600.0
1186,2021-10-12 03:47:36,29500.0,1000.0,1927900.0
1187,2021-10-12 03:47:36,29500.0,100.0,1926900.0
1188,2021-10-12 03:47:36,29500.0,100.0,1926800.0
1189,2021-10-12 03:47:36,29500.0,1000.0,1926700.0
1190,2021-10-12 03:47:36,29500.0,100.0,1925700.0
1191,2021-10-12 03:47:35,29500.0,100.0,1925600.0
1192,2021-10-12 03:47:35,29500.0,100.0,1925500.0
1193,2021-10-12 03:47:35,29500.0,200.0,1925400.0
1194,2021-10-12 03:47:35,29500.0,100.0,1925200.0
1195,2021-10-12 03:47:35,29500.0,100.0,1925100.0
1196,2021-10-12 03:47:35,29500.0,3400.0,1925000.0
1197,2021-10-12 03:47:34,29500.0,10000.0,1921600.0
1198,2021-10-12 03:47:34,29500.0,4600.0,1911600.0
1199,2021-10-12 03:47:34,29500.0,200.0,1907000.0
1200,2021-10-12 03:47:34,29500.0,200.0,1906800.0
1201,2021-10-12 03:47:33,29500.0,1000.0,1906600.0
1202,2021-10-12 03:47:33,29500.0,300.0,1905600.0
1203,2021-10-12 03:47:33,29500.0,100.0,1905300.0
1204,2021-10-12 03:47:33,29500.0,200.0,1905200.0
1205,2021-10-12 03:47:33,29500.0,100.0,1905000.0
1206,2021-10-12 03:47:33,29500.0,300.0,1904900.0
1207,2021-10-12 03:47:32,29500.0,1700.0,1904600.0
1208,2021-10-12 03:47:32,29500.0,500.0,1902900.0
1209,2021-10-12 03:47:32,29500.0,600.0,1902400.0
1210,2021-10-12 03:47:32,29500.0,10000.0,1901800.0
1211,2021-10-12 03:47:32,29500.0,3000.0,1891800.0
1212,2021-10-12 03:47:32,29500.0,2000.0,1888800.0
1213,2021-10-12 03:47:32,29500.0,1400.0,1886800.0
1214,2021-10-12 03:47:32,29500.0,500.0,1885400.0
1215,2021-10-12 03:47:32,29500.0,200.0,1884900.0
1216,2021-10-12 03:47:32,29500.0,100.0,1884700.0
1217,2021-10-12 03:47:32,29500.0,800.0,1884600.0
1218,2021-10-12 03:47:32,29500.0,100.0,1883800.0
1219,2021-10-12 03:47:32,29500.0,100.0,1883700.0
1220,2021-10-12 03:47:32,29500.0,2000.0,1883600.0
1221,2021-10-12 03:47:32,29500.0,1000.0,1881600.0
1222,2021-10-12 03:47:32,29500.0,500.0,1880600.0
1223,2021-10-12 03:47:32,29500.0,400.0,1880100.0
1224,2021-10-12 03:47:32,29500.0,100.0,1879700.0
1225,2021-10-12 03:47:32,29500.0,300.0,1879600.0
1226,2021-10-12 03:47:32,29500.0,100.0,1879300.0
1227,2021-10-12 03:47:32,29500.0,100.0,1879200.0
1228,2021-10-12 03:47:32,29500.0,300.0,1879100.0
1229,2021-10-12 03:47:32,29500.0,3500.0,1878800.0
1230,2021-10-12 03:47:32,29500.0,100.0,1875300.0
1231,2021-10-12 03:47:32,29500.0,3000.0,1875200.0
1232,2021-10-12 03:47:32,29500.0,100.0,1872200.0
1233,2021-10-12 03:47:32,29500.0,200.0,1872100.0
1234,2021-10-12 03:47:32,29500.0,2000.0,1871900.0
1235,2021-10-12 03:47:32,29500.0,3000.0,1869900.0
1236,2021-10-12 03:47:32,29500.0,3000.0,1866900.0
1237,2021-10-12 03:47:32,29500.0,200.0,1863900.0
1238,2021-10-12 03:47:32,29500.0,1500.0,1863700.0
1239,2021-10-12 03:47:32,29500.0,200.0,1862200.0
1240,2021-10-12 03:47:32,29500.0,200.0,1862000.0
1241,2021-10-12 03:47:32,29500.0,100.0,1861800.0
1242,2021-10-12 03:47:32,29500.0,5000.0,1861700.0
1243,2021-10-12 03:47:32,29500.0,700.0,1856700.0
1244,2021-10-12 03:47:32,29500.0,1400.0,1856000.0
1245,2021-10-12 03:47:31,29500.0,500.0,1854600.0
1246,2021-10-12 03:47:30,29500.0,100.0,1854100.0
1247,2021-10-12 03:47:30,29500.0,900.0,1854000.0
1248,2021-10-12 03:47:30,29500.0,100.0,1853100.0
1249,2021-10-12 03:47:30,29500.0,19000.0,1853000.0
1250,2021-10-12 03:47:28,29500.0,1000.0,1834000.0
1251,2021-10-12 03:47:25,29500.0,100.0,1833000.0
1252,2021-10-12 03:47:25,29500.0,500.0,1832900.0
1253,2021-10-12 03:47:25,29500.0,400.0,1832400.0
1254,2021-10-12 03:47:25,29500.0,3400.0,1832000.0
1255,2021-10-12 03:47:25,29500.0,500.0,1828600.0
1256,2021-10-12 03:47:25,29500.0,1000.0,1828100.0
1257,2021-10-12 03:47:25,29500.0,100.0,1827100.0
1258,2021-10-12 03:47:24,29500.0,100.0,1827000.0
1259,2021-10-12 03:47:22,29500.0,1000.0,1826900.0
1260,2021-10-12 03:47:21,29500.0,1400.0,1825900.0
1261,2021-10-12 03:47:19,29500.0,700.0,1824500.0
1262,2021-10-12 03:47:17,29500.0,200.0,1823800.0
1263,2021-10-12 03:47:17,29500.0,200.0,1823600.0
1264,2021-10-12 03:47:17,29500.0,1500.0,1823400.0
1265,2021-10-12 03:47:17,29500.0,200.0,1821900.0
1266,2021-10-12 03:47:17,29500.0,200.0,1821700.0
1267,2021-10-12 03:47:17,29500.0,5000.0,1821500.0
1268,2021-10-12 03:47:17,29500.0,1000.0,1816500.0
1269,2021-10-12 03:47:17,29500.0,2000.0,1815500.0
1270,2021-10-12 03:47:17,29500.0,1500.0,1813500.0
1271,2021-10-12 03:47:17,29500.0,3800.0,1812000.0
1272,2021-10-12 03:47:17,29500.0,1000.0,1808200.0
1273,2021-10-12 03:47:14,29500.0,100.0,1807200.0
1274,2021-10-12 03:47:14,29500.0,200.0,1807100.0
1275,2021-10-12 03:47:14,29500.0,700.0,1806900.0
1276,2021-10-12 03:47:13,29500.0,1300.0,1806200.0
1277,2021-10-12 03:47:13,29500.0,100.0,1804900.0
1278,2021-10-12 03:47:06,29500.0,1900.0,1804800.0
1279,2021-10-12 03:47:06,29500.0,100.0,1802900.0
1280,2021-10-12 03:47:01,29450.0,3000.0,1802800.0
1281,2021-10-12 03:46:57,29500.0,2900.0,1799800.0
1282,2021-10-12 03:46:57,29500.0,100.0,1796900.0
1283,2021-10-12 03:46:57,29500.0,2600.0,1796800.0
1284,2021-10-12 03:46:57,29500.0,2000.0,1794200.0
1285,2021-10-12 03:46:57,29500.0,400.0,1792200.0
1286,2021-10-12 03:46:57,29500.0,100.0,1791800.0
1287,2021-10-12 03:46:57,29500.0,100.0,1791700.0
1288,2021-10-12 03:46:57,29500.0,500.0,1791600.0
1289,2021-10-12 03:46:57,29500.0,3000.0,1791100.0
1290,2021-10-12 03:46:57,29500.0,100.0,1788100.0
1291,2021-10-12 03:46:57,29500.0,1000.0,1788000.0
1292,2021-10-12 03:46:57,29500.0,100.0,1787000.0
1293,2021-10-12 03:46:57,29500.0,500.0,1786900.0
1294,2021-10-12 03:46:57,29500.0,500.0,1786400.0
1295,2021-10-12 03:46:57,29500.0,5000.0,1785900.0
1296,2021-10-12 03:46:57,29500.0,2000.0,1780900.0
1297,2021-10-12 03:46:57,29500.0,1000.0,1778900.0
1298,2021-10-12 03:46:57,29500.0,900.0,1777900.0
1299,2021-10-12 03:46:57,29500.0,100.0,1777000.0
1300,2021-10-12 03:46:57,29500.0,200.0,1776900.0
1301,2021-10-12 03:46:57,29500.0,1000.0,1776700.0
1302,2021-10-12 03:46:57,29500.0,100.0,1775700.0
1303,2021-10-12 03:46:57,29500.0,300.0,1775600.0
1304,2021-10-12 03:46:57,29500.0,3000.0,1775300.0
1305,2021-10-12 03:46:57,29500.0,5500.0,1772300.0
1306,2021-10-12 03:46:56,29450.0,3000.0,1766800.0
1307,2021-10-12 03:46:56,29500.0,200.0,1763800.0
1308,2021-10-12 03:46:56,29500.0,800.0,1763600.0
1309,2021-10-12 03:46:55,29500.0,500.0,1762800.0
1310,2021-10-12 03:46:55,29500.0,100.0,1762300.0
1311,2021-10-12 03:46:51,29450.0,3000.0,1762200.0
1312,2021-10-12 03:46:47,29450.0,200.0,1759200.0
1313,2021-10-12 03:46:45,29450.0,1000.0,1759000.0
1314,2021-10-12 03:46:45,29450.0,2900.0,1758000.0
1315,2021-10-12 03:46:45,29450.0,300.0,1755100.0
1316,2021-10-12 03:46:43,29450.0,5000.0,1754800.0
1317,2021-10-12 03:46:42,29450.0,1800.0,1749800.0
1318,2021-10-12 03:46:38,29450.0,100.0,1748000.0
1319,2021-10-12 03:46:36,29450.0,5000.0,1747900.0
1320,2021-10-12 03:46:36,29450.0,200.0,1742900.0
1321,2021-10-12 03:46:32,29450.0,7500.0,1742700.0
1322,2021-10-12 03:46:32,29450.0,1000.0,1735200.0
1323,2021-10-12 03:46:32,29450.0,100.0,1734200.0
1324,2021-10-12 03:46:32,29450.0,1000.0,1734100.0
1325,2021-10-12 03:46:32,29450.0,1000.0,1733100.0
1326,2021-10-12 03:46:32,29450.0,300.0,1732100.0
1327,2021-10-12 03:46:32,29450.0,2000.0,1731800.0
1328,2021-10-12 03:46:31,29400.0,2700.0,1729800.0
1329,2021-10-12 03:46:30,29400.0,6700.0,1727100.0
1330,2021-10-12 03:46:29,29400.0,1000.0,1720400.0
1331,2021-10-12 03:46:29,29400.0,4400.0,1719400.0
1332,2021-10-12 03:46:28,29400.0,5200.0,1715000.0
1333,2021-10-12 03:46:28,29400.0,3800.0,1709800.0
1334,2021-10-12 03:46:27,29400.0,500.0,1706000.0
1335,2021-10-12 03:46:24,29400.0,500.0,1705500.0
1336,2021-10-12 03:46:24,29400.0,100.0,1705000.0
1337,2021-10-12 03:46:21,29400.0,900.0,1704900.0
1338,2021-10-12 03:46:21,29400.0,3000.0,1704000.0
1339,2021-10-12 03:46:21,29400.0,2100.0,1701000.0
1340,2021-10-12 03:46:18,29400.0,3000.0,1698900.0
1341,2021-10-12 03:46:17,29400.0,2000.0,1695900.0
1342,2021-10-12 03:46:14,29400.0,1000.0,1693900.0
1343,2021-10-12 03:46:14,29400.0,100.0,1692900.0
1344,2021-10-12 03:46:14,29400.0,100.0,1692800.0
1345,2021-10-12 03:46:14,29400.0,2900.0,1692700.0
1346,2021-10-12 03:46:13,29450.0,4400.0,1689800.0
1347,2021-10-12 03:46:13,29450.0,100.0,1685400.0
1348,2021-10-12 03:46:13,29450.0,500.0,1685300.0
1349,2021-10-12 03:46:13,29450.0,10000.0,1684800.0
1350,2021-10-12 03:46:08,29400.0,100.0,1674800.0
1351,2021-10-12 03:46:08,29400.0,400.0,1674700.0
1352,2021-10-12 03:46:08,29400.0,1000.0,1674300.0
1353,2021-10-12 03:46:08,29400.0,400.0,1673300.0
1354,2021-10-12 03:46:08,29400.0,1300.0,1672900.0
1355,2021-10-12 03:46:08,29400.0,100.0,1671600.0
1356,2021-10-12 03:46:08,29400.0,3800.0,1671500.0
1357,2021-10-12 03:46:07,29400.0,1200.0,1667700.0
1358,2021-10-12 03:46:07,29400.0,500.0,1666500.0
1359,2021-10-12 03:46:07,29400.0,200.0,1666000.0
1360,2021-10-12 03:46:07,29400.0,100.0,1665800.0
1361,2021-10-12 03:46:02,29400.0,100.0,1665700.0
1362,2021-10-12 03:45:58,29400.0,1000.0,1665600.0
1363,2021-10-12 03:45:57,29400.0,2800.0,1664600.0
1364,2021-10-12 03:45:57,29400.0,200.0,1661800.0
1365,2021-10-12 03:45:56,29350.0,900.0,1661600.0
1366,2021-10-12 03:45:56,29350.0,100.0,1660700.0
1367,2021-10-12 03:45:54,29350.0,200.0,1660600.0
1368,2021-10-12 03:45:51,29350.0,300.0,1660400.0
1369,2021-10-12 03:45:50,29400.0,100.0,1660100.0
1370,2021-10-12 03:45:50,29400.0,100.0,1660000.0
1371,2021-10-12 03:45:50,29400.0,3800.0,1659900.0
1372,2021-10-12 03:45:50,29400.0,100.0,1656100.0
1373,2021-10-12 03:45:50,29400.0,100.0,1656000.0
1374,2021-10-12 03:45:50,29400.0,200.0,1655900.0
1375,2021-10-12 03:45:50,29400.0,100.0,1655700.0
1376,2021-10-12 03:45:50,29400.0,500.0,1655600.0
1377,2021-10-12 03:45:41,29400.0,500.0,1655100.0
1378,2021-10-12 03:45:41,29350.0,500.0,1654600.0
1379,2021-10-12 03:45:41,29350.0,100.0,1654100.0
1380,2021-10-12 03:45:41,29350.0,100.0,1654000.0
1381,2021-10-12 03:45:34,29350.0,1000.0,1653900.0
1382,2021-10-12 03:45:34,29350.0,1000.0,1652900.0
1383,2021-10-12 03:45:31,29300.0,300.0,1651900.0
1384,2021-10-12 03:45:31,29300.0,700.0,1651600.0
1385,2021-10-12 03:45:31,29300.0,300.0,1650900.0
1386,2021-10-12 03:45:30,29300.0,700.0,1650600.0
1387,2021-10-12 03:45:30,29300.0,100.0,1649900.0
1388,2021-10-12 03:45:30,29300.0,200.0,1649800.0
1389,2021-10-12 03:45:29,29300.0,800.0,1649600.0
1390,2021-10-12 03:45:29,29300.0,1000.0,1648800.0
1391,2021-10-12 03:45:29,29300.0,300.0,1647800.0
1392,2021-10-12 03:45:29,29300.0,500.0,1647500.0
1393,2021-10-12 03:45:29,29300.0,300.0,1647000.0
1394,2021-10-12 03:45:29,29300.0,200.0,1646700.0
1395,2021-10-12 03:45:29,29300.0,200.0,1646500.0
1396,2021-10-12 03:45:29,29300.0,500.0,1646300.0
1397,2021-10-12 03:45:29,29300.0,300.0,1645800.0
1398,2021-10-12 03:45:29,29300.0,100.0,1645500.0
1399,2021-10-12 03:45:29,29300.0,20000.0,1645400.0
1400,2021-10-12 03:45:29,29300.0,100.0,1625400.0
1401,2021-10-12 03:45:29,29300.0,300.0,1625300.0
1402,2021-10-12 03:45:29,29300.0,100.0,1625000.0
1403,2021-10-12 03:45:29,29300.0,300.0,1624900.0
1404,2021-10-12 03:45:29,29250.0,500.0,1624600.0
1405,2021-10-12 03:45:28,29300.0,1700.0,1624100.0
1406,2021-10-12 03:45:28,29300.0,500.0,1622400.0
1407,2021-10-12 03:45:28,29300.0,800.0,1621900.0
1408,2021-10-12 03:45:22,29300.0,200.0,1621100.0
1409,2021-10-12 03:45:22,29300.0,100.0,1620900.0
1410,2021-10-12 03:45:22,29300.0,200.0,1620800.0
1411,2021-10-12 03:45:18,29300.0,800.0,1620600.0
1412,2021-10-12 03:45:18,29300.0,3200.0,1619800.0
1413,2021-10-12 03:45:13,29300.0,1800.0,1616600.0
1414,2021-10-12 03:45:13,29300.0,200.0,1614800.0
1415,2021-10-12 03:45:11,29250.0,1000.0,1614600.0
1416,2021-10-12 03:45:11,29250.0,1500.0,1613600.0
1417,2021-10-12 03:45:11,29250.0,100.0,1612100.0
1418,2021-10-12 03:45:11,29250.0,200.0,1612000.0
1419,2021-10-12 03:45:11,29250.0,400.0,1611800.0
1420,2021-10-12 03:45:11,29250.0,10000.0,1611400.0
1421,2021-10-12 03:45:10,29250.0,400.0,1601400.0
1422,2021-10-12 03:45:08,29250.0,1000.0,1601000.0
1423,2021-10-12 03:45:08,29250.0,500.0,1600000.0
1424,2021-10-12 03:45:08,29250.0,7700.0,1599500.0
1425,2021-10-12 03:45:08,29250.0,300.0,1591800.0
1426,2021-10-12 03:45:06,29250.0,100.0,1591500.0
1427,2021-10-12 03:45:04,29250.0,200.0,1591400.0
1428,2021-10-12 03:45:04,29250.0,2000.0,1591200.0
1429,2021-10-12 03:45:02,29250.0,2400.0,1589200.0
1430,2021-10-12 03:45:02,29250.0,2500.0,1586800.0
1431,2021-10-12 03:45:01,29250.0,500.0,1584300.0
1432,2021-10-12 03:45:01,29250.0,500.0,1583800.0
1433,2021-10-12 03:45:01,29250.0,100.0,1583300.0
1434,2021-10-12 03:45:01,29250.0,100.0,1583200.0
1435,2021-10-12 03:45:01,29250.0,1000.0,1583100.0
1436,2021-10-12 03:45:01,29250.0,300.0,1582100.0
1437,2021-10-12 03:44:57,29250.0,700.0,1581800.0
1438,2021-10-12 03:44:57,29250.0,200.0,1581100.0
1439,2021-10-12 03:44:57,29250.0,100.0,1580900.0
1440,2021-10-12 03:44:57,29250.0,500.0,1580800.0
1441,2021-10-12 03:44:56,29250.0,200.0,1580300.0
1442,2021-10-12 03:44:55,29200.0,200.0,1580100.0
1443,2021-10-12 03:44:53,29250.0,600.0,1579900.0
1444,2021-10-12 03:44:49,29250.0,600.0,1579300.0
1445,2021-10-12 03:44:49,29250.0,100.0,1578700.0
1446,2021-10-12 03:44:26,29200.0,1800.0,1578600.0
1447,2021-10-12 03:44:26,29200.0,900.0,1576800.0
1448,2021-10-12 03:44:25,29200.0,100.0,1575900.0
1449,2021-10-12 03:44:25,29200.0,500.0,1575800.0
1450,2021-10-12 03:44:25,29200.0,1500.0,1575300.0
1451,2021-10-12 03:44:24,29200.0,5000.0,1573800.0
1452,2021-10-12 03:44:24,29200.0,300.0,1568800.0
1453,2021-10-12 03:44:24,29200.0,1000.0,1568500.0
1454,2021-10-12 03:44:24,29200.0,700.0,1567500.0
1455,2021-10-12 03:44:24,29200.0,1000.0,1566800.0
1456,2021-10-12 03:44:24,29200.0,100.0,1565800.0
1457,2021-10-12 03:44:24,29200.0,200.0,1565700.0
1458,2021-10-12 03:44:24,29200.0,300.0,1565500.0
1459,2021-10-12 03:44:24,29200.0,100.0,1565200.0
1460,2021-10-12 03:44:24,29200.0,400.0,1565100.0
1461,2021-10-12 03:44:24,29200.0,100.0,1564700.0
1462,2021-10-12 03:44:24,29200.0,100.0,1564600.0
1463,2021-10-12 03:44:24,29200.0,1000.0,1564500.0
1464,2021-10-12 03:44:24,29200.0,100.0,1563500.0
1465,2021-10-12 03:44:24,29200.0,500.0,1563400.0
1466,2021-10-12 03:44:24,29200.0,100.0,1562900.0
1467,2021-10-12 03:44:24,29200.0,2400.0,1562800.0
1468,2021-10-12 03:44:24,29200.0,1000.0,1560400.0
1469,2021-10-12 03:44:24,29200.0,1000.0,1559400.0
1470,2021-10-12 03:44:24,29200.0,2000.0,1558400.0
1471,2021-10-12 03:44:24,29200.0,200.0,1556400.0
1472,2021-10-12 03:44:24,29200.0,500.0,1556200.0
1473,2021-10-12 03:44:24,29200.0,3000.0,1555700.0
1474,2021-10-12 03:44:24,29200.0,100.0,1552700.0
1475,2021-10-12 03:44:24,29200.0,1800.0,1552600.0
1476,2021-10-12 03:44:24,29200.0,2000.0,1550800.0
1477,2021-10-12 03:44:24,29200.0,100.0,1548800.0
1478,2021-10-12 03:44:24,29200.0,100.0,1548700.0
1479,2021-10-12 03:44:22,29200.0,1500.0,1548600.0
1480,2021-10-12 03:44:20,29200.0,1000.0,1547100.0
1481,2021-10-12 03:44:19,29200.0,2400.0,1546100.0
1482,2021-10-12 03:44:19,29200.0,300.0,1543700.0
1483,2021-10-12 03:44:19,29200.0,400.0,1543400.0
1484,2021-10-12 03:44:19,29200.0,1000.0,1543000.0
1485,2021-10-12 03:44:19,29200.0,900.0,1542000.0
1486,2021-10-12 03:44:18,29200.0,100.0,1541100.0
1487,2021-10-12 03:44:18,29200.0,100.0,1541000.0
1488,2021-10-12 03:44:18,29200.0,500.0,1540900.0
1489,2021-10-12 03:44:18,29200.0,600.0,1540400.0
1490,2021-10-12 03:44:18,29200.0,300.0,1539800.0
1491,2021-10-12 03:44:18,29200.0,400.0,1539500.0
1492,2021-10-12 03:44:17,29200.0,2000.0,1539100.0
1493,2021-10-12 03:44:10,29200.0,1000.0,1537100.0
1494,2021-10-12 03:44:09,29200.0,300.0,1536100.0
1495,2021-10-12 03:44:06,29200.0,100.0,1535800.0
1496,2021-10-12 03:44:05,29200.0,1200.0,1535700.0
1497,2021-10-12 03:44:05,29200.0,500.0,1534500.0
1498,2021-10-12 03:44:05,29200.0,300.0,1534000.0
1499,2021-10-12 03:44:03,29200.0,2000.0,1533700.0
1500,2021-10-12 03:44:01,29200.0,2000.0,1531700.0
1501,2021-10-12 03:44:00,29200.0,2000.0,1529700.0
1502,2021-10-12 03:43:58,29200.0,200.0,1527700.0
1503,2021-10-12 03:43:58,29200.0,400.0,1527500.0
1504,2021-10-12 03:43:35,29200.0,1000.0,1527100.0
1505,2021-10-12 03:43:34,29150.0,100.0,1526100.0
1506,2021-10-12 03:43:32,29200.0,400.0,1526000.0
1507,2021-10-12 03:43:24,29200.0,300.0,1525600.0
1508,2021-10-12 03:43:20,29200.0,1400.0,1525300.0
1509,2021-10-12 03:43:20,29200.0,100.0,1523900.0
1510,2021-10-12 03:43:17,29150.0,1000.0,1523800.0
1511,2021-10-12 03:42:48,29150.0,500.0,1522800.0
1512,2021-10-12 03:42:48,29150.0,600.0,1522300.0
1513,2021-10-12 03:42:48,29150.0,300.0,1521700.0
1514,2021-10-12 03:42:42,29150.0,9700.0,1521400.0
1515,2021-10-12 03:42:42,29150.0,300.0,1511700.0
1516,2021-10-12 03:42:36,29100.0,200.0,1511400.0
1517,2021-10-12 03:42:34,29150.0,500.0,1511200.0
1518,2021-10-12 03:42:34,29150.0,200.0,1510700.0
1519,2021-10-12 03:41:50,29100.0,200.0,1510500.0
1520,2021-10-12 03:41:48,29100.0,1000.0,1510300.0
1521,2021-10-12 03:41:47,29100.0,1000.0,1509300.0
1522,2021-10-12 03:41:45,29100.0,500.0,1508300.0
1523,2021-10-12 03:41:37,29100.0,200.0,1507800.0
1524,2021-10-12 03:41:37,29100.0,100.0,1507600.0
1525,2021-10-12 03:41:37,29100.0,1000.0,1507500.0
1526,2021-10-12 03:41:37,29100.0,500.0,1506500.0
1527,2021-10-12 03:41:37,29100.0,500.0,1506000.0
1528,2021-10-12 03:41:35,29100.0,600.0,1505500.0
1529,2021-10-12 03:41:11,29100.0,400.0,1504900.0
1530,2021-10-12 03:41:11,29100.0,400.0,1504500.0
1531,2021-10-12 03:40:55,29100.0,100.0,1504100.0
1532,2021-10-12 03:40:34,29150.0,500.0,1504000.0
1533,2021-10-12 03:40:34,29100.0,900.0,1503500.0
1534,2021-10-12 03:40:21,29100.0,100.0,1502600.0
1535,2021-10-12 03:40:18,29150.0,300.0,1502500.0
1536,2021-10-12 03:40:18,29100.0,200.0,1502200.0
1537,2021-10-12 03:40:18,29100.0,200.0,1502000.0
1538,2021-10-12 03:40:17,29100.0,500.0,1501800.0
1539,2021-10-12 03:40:08,29100.0,300.0,1501300.0
1540,2021-10-12 03:40:08,29100.0,200.0,1501000.0
1541,2021-10-12 03:40:08,29100.0,5000.0,1500800.0
1542,2021-10-12 03:40:01,29100.0,1000.0,1495800.0
1543,2021-10-12 03:39:47,29100.0,100.0,1494800.0
1544,2021-10-12 03:39:43,29100.0,1000.0,1494700.0
1545,2021-10-12 03:39:34,29100.0,700.0,1493700.0
1546,2021-10-12 03:39:32,29100.0,200.0,1493000.0
1547,2021-10-12 03:39:31,29100.0,2000.0,1492800.0
1548,2021-10-12 03:39:21,29100.0,5000.0,1490800.0
1549,2021-10-12 03:39:17,29100.0,600.0,1485800.0
1550,2021-10-12 03:39:17,29100.0,10000.0,1485200.0
1551,2021-10-12 03:39:17,29100.0,100.0,1475200.0
1552,2021-10-12 03:39:17,29100.0,1900.0,1475100.0
1553,2021-10-12 03:39:17,29100.0,1000.0,1473200.0
1554,2021-10-12 03:39:17,29100.0,300.0,1472200.0
1555,2021-10-12 03:39:17,29100.0,200.0,1471900.0
1556,2021-10-12 03:39:17,29100.0,2800.0,1471700.0
1557,2021-10-12 03:39:17,29100.0,900.0,1468900.0
1558,2021-10-12 03:39:15,29100.0,1000.0,1468000.0
1559,2021-10-12 03:38:51,29200.0,100.0,1467000.0
1560,2021-10-12 03:38:48,29100.0,100.0,1466900.0
1561,2021-10-12 03:38:47,29200.0,2000.0,1466800.0
1562,2021-10-12 03:38:31,29200.0,500.0,1464800.0
1563,2021-10-12 03:38:28,29200.0,500.0,1464300.0
1564,2021-10-12 03:38:28,29200.0,100.0,1463800.0
1565,2021-10-12 03:38:28,29200.0,2000.0,1463700.0
1566,2021-10-12 03:38:28,29200.0,1300.0,1461700.0
1567,2021-10-12 03:38:28,29150.0,1000.0,1460400.0
1568,2021-10-12 03:38:06,29200.0,900.0,1459400.0
1569,2021-10-12 03:38:06,29150.0,100.0,1458500.0
1570,2021-10-12 03:38:05,29150.0,200.0,1458400.0
1571,2021-10-12 03:38:05,29150.0,4900.0,1458200.0
1572,2021-10-12 03:38:05,29150.0,100.0,1453300.0
1573,2021-10-12 03:38:04,29200.0,200.0,1453200.0
1574,2021-10-12 03:37:57,29200.0,700.0,1453000.0
1575,2021-10-12 03:37:53,29200.0,300.0,1452300.0
1576,2021-10-12 03:37:45,29200.0,2000.0,1452000.0
1577,2021-10-12 03:37:45,29200.0,3000.0,1450000.0
1578,2021-10-12 03:37:43,29200.0,500.0,1447000.0
1579,2021-10-12 03:37:38,29200.0,1000.0,1446500.0
1580,2021-10-12 03:37:36,29200.0,2700.0,1445500.0
1581,2021-10-12 03:37:36,29200.0,100.0,1442800.0
1582,2021-10-12 03:37:36,29200.0,200.0,1442700.0
1583,2021-10-12 03:37:28,29200.0,500.0,1442500.0
1584,2021-10-12 03:37:26,29050.0,4400.0,1442000.0
1585,2021-10-12 03:37:26,29100.0,400.0,1437600.0
1586,2021-10-12 03:37:26,29100.0,300.0,1437200.0
1587,2021-10-12 03:37:26,29100.0,500.0,1436900.0
1588,2021-10-12 03:37:26,29100.0,200.0,1436400.0
1589,2021-10-12 03:37:26,29100.0,200.0,1436200.0
1590,2021-10-12 03:37:26,29100.0,1000.0,1436000.0
1591,2021-10-12 03:37:26,29100.0,1000.0,1435000.0
1592,2021-10-12 03:37:26,29100.0,300.0,1434000.0
1593,2021-10-12 03:37:26,29100.0,5000.0,1433700.0
1594,2021-10-12 03:37:26,29100.0,400.0,1428700.0
1595,2021-10-12 03:37:26,29100.0,3000.0,1428300.0
1596,2021-10-12 03:37:26,29100.0,2000.0,1425300.0
1597,2021-10-12 03:37:26,29150.0,500.0,1423300.0
1598,2021-10-12 03:37:26,29150.0,200.0,1422800.0
1599,2021-10-12 03:37:26,29150.0,4000.0,1422600.0
1600,2021-10-12 03:37:26,29150.0,200.0,1418600.0
1601,2021-10-12 03:37:26,29150.0,100.0,1418400.0
1602,2021-10-12 03:37:26,29150.0,5000.0,1418300.0
1603,2021-10-12 03:37:26,29150.0,2000.0,1413300.0
1604,2021-10-12 03:37:26,29150.0,1000.0,1411300.0
1605,2021-10-12 03:37:26,29150.0,500.0,1410300.0
1606,2021-10-12 03:37:26,29150.0,2000.0,1409800.0
1607,2021-10-12 03:37:26,29150.0,1000.0,1407800.0
1608,2021-10-12 03:37:26,29150.0,1000.0,1406800.0
1609,2021-10-12 03:37:26,29150.0,1200.0,1405800.0
1610,2021-10-12 03:37:26,29150.0,4000.0,1404600.0
1611,2021-10-12 03:37:26,29150.0,100.0,1400600.0
1612,2021-10-12 03:37:24,29200.0,500.0,1400500.0
1613,2021-10-12 03:37:24,29200.0,100.0,1400000.0
1614,2021-10-12 03:37:24,29200.0,400.0,1399900.0
1615,2021-10-12 03:37:24,29200.0,100.0,1399500.0
1616,2021-10-12 03:37:20,29200.0,500.0,1399400.0
1617,2021-10-12 03:37:12,29200.0,400.0,1398900.0
1618,2021-10-12 03:37:12,29200.0,1000.0,1398500.0
1619,2021-10-12 03:37:12,29200.0,5000.0,1397500.0
1620,2021-10-12 03:37:12,29200.0,3600.0,1392500.0
1621,2021-10-12 03:37:12,29150.0,100.0,1388900.0
1622,2021-10-12 03:36:53,29150.0,100.0,1388800.0
1623,2021-10-12 03:36:43,29200.0,600.0,1388700.0
1624,2021-10-12 03:36:41,29200.0,2000.0,1388100.0
1625,2021-10-12 03:36:40,29200.0,200.0,1386100.0
1626,2021-10-12 03:36:39,29200.0,1000.0,1385900.0
1627,2021-10-12 03:36:39,29200.0,1000.0,1384900.0
1628,2021-10-12 03:36:23,29200.0,1600.0,1383900.0
1629,2021-10-12 03:36:23,29200.0,600.0,1382300.0
1630,2021-10-12 03:36:23,29200.0,200.0,1381700.0
1631,2021-10-12 03:36:23,29200.0,700.0,1381500.0
1632,2021-10-12 03:36:23,29200.0,200.0,1380800.0
1633,2021-10-12 03:36:23,29200.0,200.0,1380600.0
1634,2021-10-12 03:36:23,29200.0,500.0,1380400.0
1635,2021-10-12 03:36:23,29200.0,200.0,1379900.0
1636,2021-10-12 03:36:23,29200.0,100.0,1379700.0
1637,2021-10-12 03:36:23,29200.0,500.0,1379600.0
1638,2021-10-12 03:36:23,29200.0,200.0,1379100.0
1639,2021-10-12 03:36:23,29200.0,600.0,1378900.0
1640,2021-10-12 03:36:12,29200.0,300.0,1378300.0
1641,2021-10-12 03:36:12,29200.0,100.0,1378000.0
1642,2021-10-12 03:36:12,29200.0,900.0,1377900.0
1643,2021-10-12 03:35:49,29200.0,100.0,1377000.0
1644,2021-10-12 03:35:49,29200.0,900.0,1376900.0
1645,2021-10-12 03:35:46,29200.0,500.0,1376000.0
1646,2021-10-12 03:35:43,29200.0,1000.0,1375500.0
1647,2021-10-12 03:35:41,29150.0,100.0,1374500.0
1648,2021-10-12 03:35:36,29200.0,100.0,1374400.0
1649,2021-10-12 03:35:35,29150.0,2700.0,1374300.0
1650,2021-10-12 03:35:31,29150.0,900.0,1371600.0
1651,2021-10-12 03:35:31,29150.0,100.0,1370700.0
1652,2021-10-12 03:35:24,29150.0,1500.0,1370600.0
1653,2021-10-12 03:35:24,29150.0,200.0,1369100.0
1654,2021-10-12 03:35:24,29150.0,300.0,1368900.0
1655,2021-10-12 03:35:19,29150.0,1200.0,1368600.0
1656,2021-10-12 03:35:19,29150.0,500.0,1367400.0
1657,2021-10-12 03:34:59,29150.0,500.0,1366900.0
1658,2021-10-12 03:34:59,29150.0,3500.0,1366400.0
1659,2021-10-12 03:34:56,29150.0,1500.0,1362900.0
1660,2021-10-12 03:34:56,29150.0,500.0,1361400.0
1661,2021-10-12 03:34:51,29200.0,100.0,1360900.0
1662,2021-10-12 03:34:25,29200.0,5000.0,1360800.0
1663,2021-10-12 03:34:21,29150.0,200.0,1355800.0
1664,2021-10-12 03:34:12,29150.0,1000.0,1355600.0
1665,2021-10-12 03:34:04,29150.0,700.0,1354600.0
1666,2021-10-12 03:34:04,29150.0,1000.0,1353900.0
1667,2021-10-12 03:34:04,29150.0,500.0,1352900.0
1668,2021-10-12 03:34:04,29150.0,1000.0,1352400.0
1669,2021-10-12 03:34:04,29150.0,500.0,1351400.0
1670,2021-10-12 03:34:04,29150.0,200.0,1350900.0
1671,2021-10-12 03:34:04,29150.0,2000.0,1350700.0
1672,2021-10-12 03:34:04,29150.0,100.0,1348700.0
1673,2021-10-12 03:33:47,29200.0,900.0,1348600.0
1674,2021-10-12 03:33:35,29200.0,5000.0,1347700.0
1675,2021-10-12 03:33:02,29150.0,400.0,1342700.0
1676,2021-10-12 03:33:02,29150.0,600.0,1342300.0
1677,2021-10-12 03:32:59,29150.0,400.0,1341700.0
1678,2021-10-12 03:32:57,29150.0,600.0,1341300.0
1679,2021-10-12 03:32:51,29150.0,400.0,1340700.0
1680,2021-10-12 03:32:51,29150.0,700.0,1340300.0
1681,2021-10-12 03:32:51,29150.0,200.0,1339600.0
1682,2021-10-12 03:32:51,29150.0,500.0,1339400.0
1683,2021-10-12 03:32:45,29200.0,1800.0,1338900.0
1684,2021-10-12 03:32:35,29150.0,3000.0,1337100.0
1685,2021-10-12 03:32:35,29150.0,500.0,1334100.0
1686,2021-10-12 03:32:18,29150.0,500.0,1333600.0
1687,2021-10-12 03:32:13,29100.0,2600.0,1333100.0
1688,2021-10-12 03:32:13,29150.0,900.0,1330500.0
1689,2021-10-12 03:32:08,29150.0,1000.0,1329600.0
1690,2021-10-12 03:32:08,29150.0,1000.0,1328600.0
1691,2021-10-12 03:32:08,29150.0,2000.0,1327600.0
1692,2021-10-12 03:32:08,29150.0,100.0,1325600.0
1693,2021-10-12 03:32:08,29150.0,200.0,1325500.0
1694,2021-10-12 03:32:08,29150.0,4800.0,1325300.0
1695,2021-10-12 03:32:04,29150.0,2700.0,1320500.0
1696,2021-10-12 03:32:04,29150.0,300.0,1317800.0
1697,2021-10-12 03:31:30,29150.0,4700.0,1317500.0
1698,2021-10-12 03:31:30,29150.0,100.0,1312800.0
1699,2021-10-12 03:31:30,29150.0,200.0,1312700.0
1700,2021-10-12 03:31:28,29150.0,300.0,1312500.0
1701,2021-10-12 03:31:15,29150.0,1100.0,1312200.0
1702,2021-10-12 03:31:13,29150.0,5000.0,1311100.0
1703,2021-10-12 03:30:54,29150.0,1200.0,1306100.0
1704,2021-10-12 03:30:53,29100.0,400.0,1304900.0
1705,2021-10-12 03:30:53,29100.0,100.0,1304500.0
1706,2021-10-12 03:30:53,29100.0,1000.0,1304400.0
1707,2021-10-12 03:30:53,29100.0,5000.0,1303400.0
1708,2021-10-12 03:30:53,29100.0,1000.0,1298400.0
1709,2021-10-12 03:30:53,29100.0,2500.0,1297400.0
1710,2021-10-12 03:30:43,29150.0,100.0,1294900.0
1711,2021-10-12 03:30:39,29150.0,1000.0,1294800.0
1712,2021-10-12 03:30:36,29150.0,1000.0,1293800.0
1713,2021-10-12 03:30:34,29150.0,100.0,1292800.0
1714,2021-10-12 03:30:28,29150.0,500.0,1292700.0
1715,2021-10-12 03:30:25,29150.0,500.0,1292200.0
1716,2021-10-12 03:30:24,29150.0,1000.0,1291700.0
1717,2021-10-12 03:30:24,29150.0,400.0,1290700.0
1718,2021-10-12 03:30:24,29150.0,1100.0,1290300.0
1719,2021-10-12 03:30:17,29150.0,900.0,1289200.0
1720,2021-10-12 03:30:13,29150.0,100.0,1288300.0
1721,2021-10-12 03:29:53,29200.0,3400.0,1288200.0
1722,2021-10-12 03:29:53,29150.0,100.0,1284800.0
1723,2021-10-12 03:29:53,29150.0,100.0,1284700.0
1724,2021-10-12 03:29:53,29150.0,1000.0,1284600.0
1725,2021-10-12 03:29:53,29150.0,400.0,1283600.0
1726,2021-10-12 03:29:47,29150.0,100.0,1283200.0
1727,2021-10-12 03:29:32,29100.0,500.0,1283100.0
1728,2021-10-12 03:29:29,29100.0,2000.0,1282600.0
1729,2021-10-12 03:29:28,29150.0,1000.0,1280600.0
1730,2021-10-12 03:29:28,29150.0,200.0,1279600.0
1731,2021-10-12 03:29:28,29150.0,1000.0,1279400.0
1732,2021-10-12 03:29:28,29150.0,2300.0,1278400.0
1733,2021-10-12 03:29:28,29150.0,500.0,1276100.0
1734,2021-10-12 03:29:20,29100.0,100.0,1275600.0
1735,2021-10-12 03:29:20,29100.0,100.0,1275500.0
1736,2021-10-12 03:28:55,29100.0,4800.0,1275400.0
1737,2021-10-12 03:28:49,29100.0,100.0,1270600.0
1738,2021-10-12 03:28:42,29100.0,100.0,1270500.0
1739,2021-10-12 03:28:19,29150.0,500.0,1270400.0
1740,2021-10-12 03:28:19,29150.0,100.0,1269900.0
1741,2021-10-12 03:28:17,29150.0,500.0,1269800.0
1742,2021-10-12 03:28:17,29150.0,200.0,1269300.0
1743,2021-10-12 03:28:17,29150.0,300.0,1269100.0
1744,2021-10-12 03:28:17,29150.0,400.0,1268800.0
1745,2021-10-12 03:28:17,29100.0,2100.0,1268400.0
1746,2021-10-12 03:28:16,29100.0,1000.0,1266300.0
1747,2021-10-12 03:28:16,29100.0,1000.0,1265300.0
1748,2021-10-12 03:28:16,29100.0,300.0,1264300.0
1749,2021-10-12 03:28:16,29100.0,100.0,1264000.0
1750,2021-10-12 03:28:16,29100.0,500.0,1263900.0
1751,2021-10-12 03:28:11,29150.0,600.0,1263400.0
1752,2021-10-12 03:28:11,29150.0,500.0,1262800.0
1753,2021-10-12 03:28:11,29150.0,900.0,1262300.0
1754,2021-10-12 03:28:10,29100.0,100.0,1261400.0
1755,2021-10-12 03:27:55,29150.0,1000.0,1261300.0
1756,2021-10-12 03:27:49,29150.0,300.0,1260300.0
1757,2021-10-12 03:27:37,29150.0,500.0,1260000.0
1758,2021-10-12 03:27:32,29150.0,300.0,1259500.0
1759,2021-10-12 03:27:32,29150.0,200.0,1259200.0
1760,2021-10-12 03:27:30,29150.0,500.0,1259000.0
1761,2021-10-12 03:27:19,29150.0,2300.0,1258500.0
1762,2021-10-12 03:27:19,29150.0,1000.0,1256200.0
1763,2021-10-12 03:27:19,29150.0,500.0,1255200.0
1764,2021-10-12 03:27:19,29150.0,1000.0,1254700.0
1765,2021-10-12 03:27:19,29150.0,500.0,1253700.0
1766,2021-10-12 03:27:19,29150.0,2000.0,1253200.0
1767,2021-10-12 03:27:19,29150.0,800.0,1251200.0
1768,2021-10-12 03:27:19,29150.0,100.0,1250400.0
1769,2021-10-12 03:27:19,29150.0,1800.0,1250300.0
1770,2021-10-12 03:26:50,29150.0,900.0,1248500.0
1771,2021-10-12 03:26:40,29150.0,300.0,1247600.0
1772,2021-10-12 03:26:35,29150.0,400.0,1247300.0
1773,2021-10-12 03:26:29,29150.0,100.0,1246900.0
1774,2021-10-12 03:26:26,29100.0,100.0,1246800.0
1775,2021-10-12 03:26:19,29150.0,200.0,1246700.0
1776,2021-10-12 03:26:16,29150.0,1400.0,1246500.0
1777,2021-10-12 03:25:57,29150.0,100.0,1245100.0
1778,2021-10-12 03:25:54,29100.0,1000.0,1245000.0
1779,2021-10-12 03:25:42,29100.0,100.0,1244000.0
1780,2021-10-12 03:25:42,29100.0,200.0,1243900.0
1781,2021-10-12 03:25:41,29100.0,200.0,1243700.0
1782,2021-10-12 03:25:41,29100.0,400.0,1243500.0
1783,2021-10-12 03:25:41,29100.0,600.0,1243100.0
1784,2021-10-12 03:25:41,29100.0,500.0,1242500.0
1785,2021-10-12 03:25:41,29100.0,500.0,1242000.0
1786,2021-10-12 03:25:41,29100.0,100.0,1241500.0
1787,2021-10-12 03:25:41,29100.0,300.0,1241400.0
1788,2021-10-12 03:25:41,29100.0,1000.0,1241100.0
1789,2021-10-12 03:25:41,29100.0,500.0,1240100.0
1790,2021-10-12 03:25:41,29100.0,100.0,1239600.0
1791,2021-10-12 03:25:41,29100.0,100.0,1239500.0
1792,2021-10-12 03:25:41,29100.0,1200.0,1239400.0
1793,2021-10-12 03:25:32,29100.0,300.0,1238200.0
1794,2021-10-12 03:25:32,29100.0,100.0,1237900.0
1795,2021-10-12 03:25:25,29100.0,100.0,1237800.0
1796,2021-10-12 03:25:25,29100.0,5000.0,1237700.0
1797,2021-10-12 03:25:10,29050.0,300.0,1232700.0
1798,2021-10-12 03:25:10,29050.0,100.0,1232400.0
1799,2021-10-12 03:25:10,29050.0,100.0,1232300.0
1800,2021-10-12 03:25:10,29050.0,100.0,1232200.0
1801,2021-10-12 03:25:10,29050.0,36400.0,1232100.0
1802,2021-10-12 03:25:10,29050.0,600.0,1195700.0
1803,2021-10-12 03:25:10,29000.0,1300.0,1195100.0
1804,2021-10-12 03:25:10,29000.0,1100.0,1193800.0
1805,2021-10-12 03:25:10,29000.0,100.0,1192700.0
1806,2021-10-12 03:25:10,29000.0,100.0,1192600.0
1807,2021-10-12 03:25:10,29000.0,2000.0,1192500.0
1808,2021-10-12 03:25:10,29000.0,5000.0,1190500.0
1809,2021-10-12 03:25:10,29000.0,500.0,1185500.0
1810,2021-10-12 03:25:10,29000.0,200.0,1185000.0
1811,2021-10-12 03:25:10,29000.0,2000.0,1184800.0
1812,2021-10-12 03:25:10,29000.0,100.0,1182800.0
1813,2021-10-12 03:25:10,29000.0,1000.0,1182700.0
1814,2021-10-12 03:25:10,29000.0,100.0,1181700.0
1815,2021-10-12 03:25:10,29000.0,200.0,1181600.0
1816,2021-10-12 03:25:10,29000.0,300.0,1181400.0
1817,2021-10-12 03:25:10,29000.0,8000.0,1181100.0
1818,2021-10-12 03:25:10,29000.0,100.0,1173100.0
1819,2021-10-12 03:25:10,29000.0,2100.0,1173000.0
1820,2021-10-12 03:25:10,29000.0,5100.0,1170900.0
1821,2021-10-12 03:25:10,29000.0,3400.0,1165800.0
1822,2021-10-12 03:25:06,29000.0,100.0,1162400.0
1823,2021-10-12 03:24:59,29000.0,1400.0,1162300.0
1824,2021-10-12 03:24:59,29000.0,100.0,1160900.0
1825,2021-10-12 03:24:59,29000.0,500.0,1160800.0
1826,2021-10-12 03:24:59,29000.0,500.0,1160300.0
1827,2021-10-12 03:24:59,29000.0,100.0,1159800.0
1828,2021-10-12 03:24:59,29000.0,4000.0,1159700.0
1829,2021-10-12 03:24:59,29000.0,3000.0,1155700.0
1830,2021-10-12 03:24:59,29000.0,100.0,1152700.0
1831,2021-10-12 03:24:59,29000.0,5000.0,1152600.0
1832,2021-10-12 03:24:59,29000.0,100.0,1147600.0
1833,2021-10-12 03:24:59,29000.0,3000.0,1147500.0
1834,2021-10-12 03:24:59,29000.0,500.0,1144500.0
1835,2021-10-12 03:24:59,29000.0,200.0,1144000.0
1836,2021-10-12 03:24:59,29000.0,300.0,1143800.0
1837,2021-10-12 03:24:59,29000.0,1200.0,1143500.0
1838,2021-10-12 03:24:48,29000.0,800.0,1142300.0
1839,2021-10-12 03:24:48,29000.0,700.0,1141500.0
1840,2021-10-12 03:24:36,28950.0,200.0,1140800.0
1841,2021-10-12 03:24:27,28950.0,500.0,1140600.0
1842,2021-10-12 03:24:01,28950.0,300.0,1140100.0
1843,2021-10-12 03:24:01,28950.0,1200.0,1139800.0
1844,2021-10-12 03:23:59,28900.0,300.0,1138600.0
1845,2021-10-12 03:23:45,28900.0,600.0,1138300.0
1846,2021-10-12 03:23:45,28900.0,700.0,1137700.0
1847,2021-10-12 03:23:27,28900.0,300.0,1137000.0
1848,2021-10-12 03:23:25,28900.0,5000.0,1136700.0
1849,2021-10-12 03:23:21,28850.0,100.0,1131700.0
1850,2021-10-12 03:23:14,28900.0,2000.0,1131600.0
1851,2021-10-12 03:22:47,28900.0,500.0,1129600.0
1852,2021-10-12 03:22:47,28900.0,500.0,1129100.0
1853,2021-10-12 03:22:47,28900.0,700.0,1128600.0
1854,2021-10-12 03:22:47,28900.0,300.0,1127900.0
1855,2021-10-12 03:22:28,28900.0,100.0,1127600.0
1856,2021-10-12 03:22:23,28950.0,200.0,1127500.0
1857,2021-10-12 03:22:23,28950.0,200.0,1127300.0
1858,2021-10-12 03:22:23,28950.0,500.0,1127100.0
1859,2021-10-12 03:22:23,28950.0,1800.0,1126600.0
1860,2021-10-12 03:22:07,28950.0,200.0,1124800.0
1861,2021-10-12 03:22:07,28950.0,100.0,1124600.0
1862,2021-10-12 03:22:03,28950.0,10000.0,1124500.0
1863,2021-10-12 03:21:58,28950.0,2500.0,1114500.0
1864,2021-10-12 03:21:58,28950.0,10000.0,1112000.0
1865,2021-10-12 03:21:58,28950.0,100.0,1102000.0
1866,2021-10-12 03:21:58,28950.0,700.0,1101900.0
1867,2021-10-12 03:21:58,28950.0,600.0,1101200.0
1868,2021-10-12 03:21:58,28950.0,3000.0,1100600.0
1869,2021-10-12 03:21:58,28950.0,1700.0,1097600.0
1870,2021-10-12 03:21:58,28950.0,2000.0,1095900.0
1871,2021-10-12 03:21:58,28950.0,100.0,1093900.0
1872,2021-10-12 03:21:58,28950.0,10000.0,1093800.0
1873,2021-10-12 03:21:58,28950.0,9200.0,1083800.0
1874,2021-10-12 03:21:54,28900.0,300.0,1074600.0
1875,2021-10-12 03:21:54,28900.0,300.0,1074300.0
1876,2021-10-12 03:21:53,28900.0,200.0,1074000.0
1877,2021-10-12 03:21:52,28900.0,100.0,1073800.0
1878,2021-10-12 03:21:52,28900.0,400.0,1073700.0
1879,2021-10-12 03:21:47,28900.0,600.0,1073300.0
1880,2021-10-12 03:21:47,28900.0,1000.0,1072700.0
1881,2021-10-12 03:21:47,28900.0,500.0,1071700.0
1882,2021-10-12 03:21:47,28900.0,500.0,1071200.0
1883,2021-10-12 03:21:47,28900.0,2000.0,1070700.0
1884,2021-10-12 03:21:47,28900.0,400.0,1068700.0
1885,2021-10-12 03:21:37,28900.0,600.0,1068300.0
1886,2021-10-12 03:21:37,28900.0,400.0,1067700.0
1887,2021-10-12 03:21:34,28900.0,300.0,1067300.0
1888,2021-10-12 03:21:34,28900.0,200.0,1067000.0
1889,2021-10-12 03:21:26,28850.0,100.0,1066800.0
1890,2021-10-12 03:21:19,28800.0,300.0,1066700.0
1891,2021-10-12 03:21:19,28800.0,500.0,1066400.0
1892,2021-10-12 03:21:15,28800.0,500.0,1065900.0
1893,2021-10-12 03:21:15,28800.0,9500.0,1065400.0
1894,2021-10-12 03:21:11,28800.0,500.0,1055900.0
1895,2021-10-12 03:21:06,28800.0,400.0,1055400.0
1896,2021-10-12 03:21:06,28800.0,200.0,1055000.0
1897,2021-10-12 03:21:06,28800.0,100.0,1054800.0
1898,2021-10-12 03:21:06,28800.0,100.0,1054700.0
1899,2021-10-12 03:20:57,28800.0,700.0,1054600.0
1900,2021-10-12 03:20:57,28800.0,700.0,1053900.0
1901,2021-10-12 03:20:52,28800.0,300.0,1053200.0
1902,2021-10-12 03:20:52,28800.0,9000.0,1052900.0
1903,2021-10-12 03:20:51,28800.0,1500.0,1043900.0
1904,2021-10-12 03:20:50,28850.0,500.0,1042400.0
1905,2021-10-12 03:20:49,28850.0,100.0,1041900.0
1906,2021-10-12 03:20:49,28850.0,200.0,1041800.0
1907,2021-10-12 03:20:43,28800.0,200.0,1041600.0
1908,2021-10-12 03:20:41,28800.0,1300.0,1041400.0
1909,2021-10-12 03:20:35,28800.0,5000.0,1040100.0
1910,2021-10-12 03:20:35,28800.0,100.0,1035100.0
1911,2021-10-12 03:20:35,28800.0,5000.0,1035000.0
1912,2021-10-12 03:20:35,28800.0,900.0,1030000.0
1913,2021-10-12 03:20:35,28800.0,500.0,1029100.0
1914,2021-10-12 03:20:35,28800.0,1300.0,1028600.0
1915,2021-10-12 03:20:35,28800.0,200.0,1027300.0
1916,2021-10-12 03:20:35,28800.0,15400.0,1027100.0
1917,2021-10-12 03:20:35,28750.0,9600.0,1011700.0
1918,2021-10-12 03:20:34,28750.0,400.0,1002100.0
1919,2021-10-12 03:20:34,28750.0,600.0,1001700.0
1920,2021-10-12 03:20:34,28750.0,100.0,1001100.0
1921,2021-10-12 03:20:31,28750.0,2100.0,1001000.0
1922,2021-10-12 03:20:30,28750.0,200.0,998900.0
1923,2021-10-12 03:20:29,28700.0,1500.0,998700.0
1924,2021-10-12 03:20:29,28700.0,500.0,997200.0
1925,2021-10-12 03:20:17,28700.0,1000.0,996700.0
1926,2021-10-12 03:20:13,28700.0,500.0,995700.0
1927,2021-10-12 03:20:09,28700.0,100.0,995200.0
1928,2021-10-12 03:20:04,28700.0,100.0,995100.0
1929,2021-10-12 03:20:04,28700.0,2900.0,995000.0
1930,2021-10-12 03:20:03,28700.0,800.0,992100.0
1931,2021-10-12 03:20:02,28700.0,2000.0,991300.0
1932,2021-10-12 03:20:02,28700.0,100.0,989300.0
1933,2021-10-12 03:20:02,28700.0,5000.0,989200.0
1934,2021-10-12 03:20:02,28700.0,200.0,984200.0
1935,2021-10-12 03:20:02,28700.0,1000.0,984000.0
1936,2021-10-12 03:20:02,28700.0,500.0,983000.0
1937,2021-10-12 03:20:02,28700.0,1000.0,982500.0
1938,2021-10-12 03:20:02,28700.0,100.0,981500.0
1939,2021-10-12 03:20:02,28700.0,100.0,981400.0
1940,2021-10-12 03:20:02,28700.0,100.0,981300.0
1941,2021-10-12 03:20:02,28700.0,100.0,981200.0
1942,2021-10-12 03:20:02,28700.0,1000.0,981100.0
1943,2021-10-12 03:20:02,28700.0,200.0,980100.0
1944,2021-10-12 03:20:02,28700.0,5000.0,979900.0
1945,2021-10-12 03:20:02,28700.0,2900.0,974900.0
1946,2021-10-12 03:20:01,28750.0,5000.0,972000.0
1947,2021-10-12 03:19:58,28700.0,100.0,967000.0
1948,2021-10-12 03:19:58,28700.0,300.0,966900.0
1949,2021-10-12 03:19:58,28700.0,100.0,966600.0
1950,2021-10-12 03:19:57,28750.0,500.0,966500.0
1951,2021-10-12 03:19:54,28750.0,500.0,966000.0
1952,2021-10-12 03:19:48,28700.0,200.0,965500.0
1953,2021-10-12 03:19:48,28700.0,500.0,965300.0
1954,2021-10-12 03:19:48,28700.0,1000.0,964800.0
1955,2021-10-12 03:19:48,28700.0,500.0,963800.0
1956,2021-10-12 03:19:48,28700.0,100.0,963300.0
1957,2021-10-12 03:19:48,28700.0,100.0,963200.0
1958,2021-10-12 03:19:48,28700.0,300.0,963100.0
1959,2021-10-12 03:19:48,28700.0,100.0,962800.0
1960,2021-10-12 03:19:48,28700.0,100.0,962700.0
1961,2021-10-12 03:19:48,28700.0,500.0,962600.0
1962,2021-10-12 03:19:48,28700.0,100.0,962100.0
1963,2021-10-12 03:19:48,28700.0,700.0,962000.0
1964,2021-10-12 03:19:48,28700.0,800.0,961300.0
1965,2021-10-12 03:19:45,28750.0,3000.0,960500.0
1966,2021-10-12 03:19:40,28750.0,5000.0,957500.0
1967,2021-10-12 03:19:30,28700.0,200.0,952500.0
1968,2021-10-12 03:19:30,28700.0,300.0,952300.0
1969,2021-10-12 03:19:30,28700.0,100.0,952000.0
1970,2021-10-12 03:19:30,28700.0,100.0,951900.0
1971,2021-10-12 03:19:30,28700.0,100.0,951800.0
1972,2021-10-12 03:19:30,28700.0,400.0,951700.0
1973,2021-10-12 03:19:30,28700.0,100.0,951300.0
1974,2021-10-12 03:19:29,28750.0,500.0,951200.0
1975,2021-10-12 03:19:29,28750.0,2000.0,950700.0
1976,2021-10-12 03:19:29,28750.0,1000.0,948700.0
1977,2021-10-12 03:19:29,28750.0,2000.0,947700.0
1978,2021-10-12 03:19:29,28750.0,3000.0,945700.0
1979,2021-10-12 03:19:29,28750.0,500.0,942700.0
1980,2021-10-12 03:19:29,28750.0,100.0,942200.0
1981,2021-10-12 03:19:29,28750.0,500.0,942100.0
1982,2021-10-12 03:19:29,28750.0,200.0,941600.0
1983,2021-10-12 03:19:29,28750.0,500.0,941400.0
1984,2021-10-12 03:19:29,28750.0,300.0,940900.0
1985,2021-10-12 03:19:29,28750.0,100.0,940600.0
1986,2021-10-12 03:19:29,28750.0,1000.0,940500.0
1987,2021-10-12 03:19:29,28750.0,200.0,939500.0
1988,2021-10-12 03:19:29,28750.0,100.0,939300.0
1989,2021-10-12 03:19:29,28750.0,500.0,939200.0
1990,2021-10-12 03:19:29,28750.0,900.0,938700.0
1991,2021-10-12 03:19:29,28750.0,200.0,937800.0
1992,2021-10-12 03:19:29,28800.0,2000.0,937600.0
1993,2021-10-12 03:19:25,28800.0,5000.0,935600.0
1994,2021-10-12 03:19:19,28800.0,800.0,930600.0
1995,2021-10-12 03:19:05,28800.0,300.0,929800.0
1996,2021-10-12 03:18:45,28800.0,1500.0,929500.0
1997,2021-10-12 03:18:38,28800.0,500.0,928000.0
1998,2021-10-12 03:18:37,28800.0,1000.0,927500.0
1999,2021-10-12 03:18:34,28800.0,1000.0,926500.0
2000,2021-10-12 03:18:24,28800.0,100.0,925500.0
2001,2021-10-12 03:18:21,28800.0,2000.0,925400.0
2002,2021-10-12 03:18:10,28800.0,100.0,923400.0
2003,2021-10-12 03:18:09,28800.0,200.0,923300.0
2004,2021-10-12 03:18:01,28800.0,100.0,923100.0
2005,2021-10-12 03:18:01,28800.0,1500.0,923000.0
2006,2021-10-12 03:18:01,28800.0,6200.0,921500.0
2007,2021-10-12 03:18:01,28800.0,3000.0,915300.0
2008,2021-10-12 03:18:01,28800.0,400.0,912300.0
2009,2021-10-12 03:18:01,28800.0,1000.0,911900.0
2010,2021-10-12 03:18:01,28800.0,200.0,910900.0
2011,2021-10-12 03:18:01,28800.0,100.0,910700.0
2012,2021-10-12 03:18:01,28800.0,100.0,910600.0
2013,2021-10-12 03:18:01,28800.0,200.0,910500.0
2014,2021-10-12 03:18:01,28800.0,1500.0,910300.0
2015,2021-10-12 03:18:01,28800.0,500.0,908800.0
2016,2021-10-12 03:18:01,28800.0,100.0,908300.0
2017,2021-10-12 03:18:01,28800.0,200.0,908200.0
2018,2021-10-12 03:18:01,28800.0,500.0,908000.0
2019,2021-10-12 03:18:01,28800.0,300.0,907500.0
2020,2021-10-12 03:18:01,28800.0,100.0,907200.0
2021,2021-10-12 03:18:01,28800.0,400.0,907100.0
2022,2021-10-12 03:18:01,28800.0,100.0,906700.0
2023,2021-10-12 03:18:01,28800.0,100.0,906600.0
2024,2021-10-12 03:18:01,28800.0,300.0,906500.0
2025,2021-10-12 03:18:01,28800.0,2000.0,906200.0
2026,2021-10-12 03:18:01,28800.0,3000.0,904200.0
2027,2021-10-12 03:18:01,28800.0,1000.0,901200.0
2028,2021-10-12 03:18:01,28800.0,3000.0,900200.0
2029,2021-10-12 03:18:01,28800.0,1000.0,897200.0
2030,2021-10-12 03:18:01,28800.0,5000.0,896200.0
2031,2021-10-12 03:18:01,28800.0,200.0,891200.0
2032,2021-10-12 03:18:01,28800.0,600.0,891000.0
2033,2021-10-12 03:18:01,28800.0,100.0,890400.0
2034,2021-10-12 03:18:01,28800.0,500.0,890300.0
2035,2021-10-12 03:18:01,28800.0,300.0,889800.0
2036,2021-10-12 03:18:01,28800.0,1000.0,889500.0
2037,2021-10-12 03:18:01,28800.0,300.0,888500.0
2038,2021-10-12 03:18:01,28800.0,5000.0,888200.0
2039,2021-10-12 03:18:01,28800.0,1000.0,883200.0
2040,2021-10-12 03:18:01,28800.0,500.0,882200.0
2041,2021-10-12 03:18:01,28800.0,100.0,881700.0
2042,2021-10-12 03:18:01,28800.0,200.0,881600.0
2043,2021-10-12 03:18:01,28800.0,100.0,881400.0
2044,2021-10-12 03:18:01,28800.0,100.0,881300.0
2045,2021-10-12 03:18:01,28800.0,500.0,881200.0
2046,2021-10-12 03:18:01,28800.0,1000.0,880700.0
2047,2021-10-12 03:18:01,28800.0,1000.0,879700.0
2048,2021-10-12 03:18:01,28800.0,100.0,878700.0
2049,2021-10-12 03:18:01,28800.0,5000.0,878600.0
