,Time,Price,Volume_per_trade,Volume
0,2021-10-22 07:45:01,30600.0,500.0,2440600.0
1,2021-10-22 07:45:01,30600.0,100.0,2440100.0
2,2021-10-22 07:45:01,30600.0,1500.0,2440000.0
3,2021-10-22 07:45:01,30600.0,200.0,2438500.0
4,2021-10-22 07:45:01,30600.0,11000.0,2438300.0
5,2021-10-22 07:45:01,30600.0,1000.0,2427300.0
6,2021-10-22 07:45:01,30600.0,200.0,2426300.0
7,2021-10-22 07:45:01,30600.0,10000.0,2426100.0
8,2021-10-22 07:45:01,30600.0,200.0,2416100.0
9,2021-10-22 07:45:01,30600.0,1200.0,2415900.0
10,2021-10-22 07:45:01,30600.0,2000.0,2414700.0
11,2021-10-22 07:45:01,30600.0,300.0,2412700.0
12,2021-10-22 07:45:01,30600.0,2000.0,2412400.0
13,2021-10-22 07:45:01,30600.0,8100.0,2410400.0
14,2021-10-22 07:45:01,30600.0,1900.0,2402300.0
15,2021-10-22 07:45:01,30600.0,300.0,2400400.0
16,2021-10-22 07:45:01,30600.0,100.0,2400100.0
17,2021-10-22 07:45:01,30600.0,700.0,2400000.0
18,2021-10-22 07:45:01,30600.0,1000.0,2399300.0
19,2021-10-22 07:45:01,30600.0,4000.0,2398300.0
20,2021-10-22 07:45:01,30600.0,1000.0,2394300.0
21,2021-10-22 07:45:01,30600.0,5000.0,2393300.0
22,2021-10-22 07:45:01,30600.0,5000.0,2388300.0
23,2021-10-22 07:45:01,30600.0,3300.0,2383300.0
24,2021-10-22 07:45:01,30600.0,200.0,2380000.0
25,2021-10-22 07:45:01,30600.0,200.0,2379800.0
26,2021-10-22 07:45:01,30600.0,500.0,2379600.0
27,2021-10-22 07:45:01,30600.0,2500.0,2379100.0
28,2021-10-22 07:45:01,30600.0,800.0,2376600.0
29,2021-10-22 07:45:01,30600.0,100.0,2375800.0
30,2021-10-22 07:45:01,30600.0,10000.0,2375700.0
31,2021-10-22 07:45:01,30600.0,100.0,2365700.0
32,2021-10-22 07:45:01,30600.0,500.0,2365600.0
33,2021-10-22 07:45:01,30600.0,100.0,2365100.0
34,2021-10-22 07:45:01,30600.0,400.0,2365000.0
35,2021-10-22 07:45:01,30600.0,1300.0,2364600.0
36,2021-10-22 07:45:01,30600.0,1000.0,2363300.0
37,2021-10-22 07:45:01,30600.0,2700.0,2362300.0
38,2021-10-22 07:45:01,30600.0,400.0,2359600.0
39,2021-10-22 07:45:01,30600.0,500.0,2359200.0
40,2021-10-22 07:45:01,30600.0,700.0,2358700.0
41,2021-10-22 07:45:01,30600.0,700.0,2358000.0
42,2021-10-22 07:45:01,30600.0,500.0,2357300.0
43,2021-10-22 07:45:01,30600.0,500.0,2356800.0
44,2021-10-22 07:45:01,30600.0,300.0,2356300.0
45,2021-10-22 07:45:01,30600.0,2000.0,2356000.0
46,2021-10-22 07:29:58,30500.0,100.0,2354000.0
47,2021-10-22 07:29:56,30500.0,100.0,2353900.0
48,2021-10-22 07:29:42,30500.0,100.0,2353800.0
49,2021-10-22 07:29:34,30500.0,2100.0,2353700.0
50,2021-10-22 07:29:29,30500.0,1900.0,2351600.0
51,2021-10-22 07:29:29,30500.0,100.0,2349700.0
52,2021-10-22 07:29:14,30500.0,2000.0,2349600.0
53,2021-10-22 07:29:03,30550.0,100.0,2347600.0
54,2021-10-22 07:28:47,30400.0,100.0,2347500.0
55,2021-10-22 07:28:47,30400.0,300.0,2347400.0
56,2021-10-22 07:28:47,30400.0,100.0,2347100.0
57,2021-10-22 07:28:47,30400.0,1000.0,2347000.0
58,2021-10-22 07:28:47,30400.0,1500.0,2346000.0
59,2021-10-22 07:28:47,30400.0,500.0,2344500.0
60,2021-10-22 07:28:47,30400.0,3800.0,2344000.0
61,2021-10-22 07:28:47,30400.0,500.0,2340200.0
62,2021-10-22 07:28:47,30400.0,200.0,2339700.0
63,2021-10-22 07:28:47,30450.0,300.0,2339500.0
64,2021-10-22 07:28:47,30450.0,1000.0,2339200.0
65,2021-10-22 07:28:47,30450.0,1000.0,2338200.0
66,2021-10-22 07:28:47,30450.0,2000.0,2337200.0
67,2021-10-22 07:28:47,30450.0,500.0,2335200.0
68,2021-10-22 07:28:47,30500.0,200.0,2334700.0
69,2021-10-22 07:28:43,30500.0,1000.0,2334500.0
70,2021-10-22 07:28:43,30500.0,300.0,2333500.0
71,2021-10-22 07:28:32,30450.0,500.0,2333200.0
72,2021-10-22 07:28:32,30450.0,800.0,2332700.0
73,2021-10-22 07:28:32,30450.0,300.0,2331900.0
74,2021-10-22 07:28:32,30450.0,1000.0,2331600.0
75,2021-10-22 07:28:32,30450.0,400.0,2330600.0
76,2021-10-22 07:28:05,30450.0,2000.0,2330200.0
77,2021-10-22 07:28:05,30450.0,600.0,2328200.0
78,2021-10-22 07:28:03,30450.0,400.0,2327600.0
79,2021-10-22 07:28:03,30450.0,1600.0,2327200.0
80,2021-10-22 07:28:02,30450.0,400.0,2325600.0
81,2021-10-22 07:28:01,30450.0,1000.0,2325200.0
82,2021-10-22 07:28:01,30450.0,3000.0,2324200.0
83,2021-10-22 07:27:59,30450.0,500.0,2321200.0
84,2021-10-22 07:27:55,30450.0,100.0,2320700.0
85,2021-10-22 07:27:54,30450.0,100.0,2320600.0
86,2021-10-22 07:27:53,30450.0,100.0,2320500.0
87,2021-10-22 07:27:45,30450.0,1200.0,2320400.0
88,2021-10-22 07:27:45,30450.0,800.0,2319200.0
89,2021-10-22 07:27:31,30450.0,2500.0,2318400.0
90,2021-10-22 07:27:31,30450.0,1500.0,2315900.0
91,2021-10-22 07:27:28,30450.0,1800.0,2314400.0
92,2021-10-22 07:27:25,30450.0,1000.0,2312600.0
93,2021-10-22 07:27:22,30450.0,200.0,2311600.0
94,2021-10-22 07:27:18,30450.0,500.0,2311400.0
95,2021-10-22 07:27:18,30450.0,500.0,2310900.0
96,2021-10-22 07:27:15,30450.0,300.0,2310400.0
97,2021-10-22 07:27:14,30450.0,500.0,2310100.0
98,2021-10-22 07:27:12,30450.0,2000.0,2309600.0
99,2021-10-22 07:27:10,30450.0,100.0,2307600.0
100,2021-10-22 07:27:10,30450.0,100.0,2307500.0
101,2021-10-22 07:26:43,30450.0,1000.0,2307400.0
102,2021-10-22 07:26:41,30450.0,2000.0,2306400.0
103,2021-10-22 07:26:14,30400.0,4400.0,2304400.0
104,2021-10-22 07:26:14,30400.0,1500.0,2300000.0
105,2021-10-22 07:26:14,30400.0,100.0,2298500.0
106,2021-10-22 07:26:14,30400.0,1000.0,2298400.0
107,2021-10-22 07:26:14,30400.0,200.0,2297400.0
108,2021-10-22 07:26:14,30400.0,2600.0,2297200.0
109,2021-10-22 07:25:59,30400.0,200.0,2294600.0
110,2021-10-22 07:25:50,30450.0,200.0,2294400.0
111,2021-10-22 07:25:34,30400.0,300.0,2294200.0
112,2021-10-22 07:25:31,30450.0,300.0,2293900.0
113,2021-10-22 07:25:25,30400.0,6900.0,2293600.0
114,2021-10-22 07:25:25,30400.0,100.0,2286700.0
115,2021-10-22 07:25:25,30400.0,100.0,2286600.0
116,2021-10-22 07:25:25,30400.0,500.0,2286500.0
117,2021-10-22 07:25:25,30400.0,500.0,2286000.0
118,2021-10-22 07:25:25,30400.0,400.0,2285500.0
119,2021-10-22 07:25:25,30400.0,1500.0,2285100.0
120,2021-10-22 07:25:22,30450.0,1000.0,2283600.0
121,2021-10-22 07:25:12,30450.0,100.0,2282600.0
122,2021-10-22 07:25:12,30450.0,1000.0,2282500.0
123,2021-10-22 07:25:12,30450.0,900.0,2281500.0
124,2021-10-22 07:25:05,30450.0,100.0,2280600.0
125,2021-10-22 07:25:04,30450.0,100.0,2280500.0
126,2021-10-22 07:24:48,30450.0,700.0,2280400.0
127,2021-10-22 07:24:48,30450.0,500.0,2279700.0
128,2021-10-22 07:24:44,30500.0,100.0,2279200.0
129,2021-10-22 07:24:42,30500.0,100.0,2279100.0
130,2021-10-22 07:24:42,30500.0,400.0,2279000.0
131,2021-10-22 07:24:42,30500.0,2200.0,2278600.0
132,2021-10-22 07:24:42,30500.0,2300.0,2276400.0
133,2021-10-22 07:24:31,30500.0,500.0,2274100.0
134,2021-10-22 07:24:21,30500.0,2000.0,2273600.0
135,2021-10-22 07:24:18,30450.0,2500.0,2271600.0
136,2021-10-22 07:24:18,30450.0,2500.0,2269100.0
137,2021-10-22 07:23:55,30500.0,2000.0,2266600.0
138,2021-10-22 07:23:55,30500.0,500.0,2264600.0
139,2021-10-22 07:23:46,30500.0,1000.0,2264100.0
140,2021-10-22 07:23:45,30500.0,600.0,2263100.0
141,2021-10-22 07:23:39,30500.0,500.0,2262500.0
142,2021-10-22 07:23:24,30500.0,600.0,2262000.0
143,2021-10-22 07:23:24,30500.0,400.0,2261400.0
144,2021-10-22 07:23:24,30500.0,300.0,2261000.0
145,2021-10-22 07:23:24,30500.0,200.0,2260700.0
146,2021-10-22 07:23:24,30500.0,500.0,2260500.0
147,2021-10-22 07:23:12,30500.0,1000.0,2260000.0
148,2021-10-22 07:23:09,30500.0,500.0,2259000.0
149,2021-10-22 07:23:05,30500.0,500.0,2258500.0
150,2021-10-22 07:23:02,30500.0,100.0,2258000.0
151,2021-10-22 07:22:33,30500.0,100.0,2257900.0
152,2021-10-22 07:22:28,30400.0,300.0,2257800.0
153,2021-10-22 07:22:28,30400.0,700.0,2257500.0
154,2021-10-22 07:22:17,30500.0,300.0,2256800.0
155,2021-10-22 07:22:04,30500.0,300.0,2256500.0
156,2021-10-22 07:21:30,30500.0,700.0,2256200.0
157,2021-10-22 07:21:30,30500.0,500.0,2255500.0
158,2021-10-22 07:21:30,30500.0,1000.0,2255000.0
159,2021-10-22 07:21:30,30500.0,300.0,2254000.0
160,2021-10-22 07:21:30,30500.0,200.0,2253700.0
161,2021-10-22 07:21:30,30450.0,4600.0,2253500.0
162,2021-10-22 07:21:30,30450.0,500.0,2248900.0
163,2021-10-22 07:21:30,30450.0,2000.0,2248400.0
164,2021-10-22 07:21:30,30450.0,200.0,2246400.0
165,2021-10-22 07:21:25,30400.0,200.0,2246200.0
166,2021-10-22 07:21:24,30400.0,100.0,2246000.0
167,2021-10-22 07:21:05,30400.0,1000.0,2245900.0
168,2021-10-22 07:21:05,30400.0,1000.0,2244900.0
169,2021-10-22 07:20:50,30400.0,100.0,2243900.0
170,2021-10-22 07:20:31,30400.0,900.0,2243800.0
171,2021-10-22 07:20:31,30400.0,100.0,2242900.0
172,2021-10-22 07:20:27,30400.0,1000.0,2242800.0
173,2021-10-22 07:20:26,30350.0,200.0,2241800.0
174,2021-10-22 07:20:24,30400.0,500.0,2241600.0
175,2021-10-22 07:20:22,30400.0,300.0,2241100.0
176,2021-10-22 07:20:22,30400.0,2000.0,2240800.0
177,2021-10-22 07:20:21,30400.0,100.0,2238800.0
178,2021-10-22 07:20:15,30400.0,5000.0,2238700.0
179,2021-10-22 07:20:12,30400.0,100.0,2233700.0
180,2021-10-22 07:20:12,30400.0,2000.0,2233600.0
181,2021-10-22 07:19:49,30400.0,300.0,2231600.0
182,2021-10-22 07:19:49,30400.0,200.0,2231300.0
183,2021-10-22 07:19:49,30400.0,500.0,2231100.0
184,2021-10-22 07:19:47,30400.0,2100.0,2230600.0
185,2021-10-22 07:19:47,30400.0,1000.0,2228500.0
186,2021-10-22 07:19:47,30400.0,1700.0,2227500.0
187,2021-10-22 07:19:47,30400.0,200.0,2225800.0
188,2021-10-22 07:19:44,30400.0,200.0,2225600.0
189,2021-10-22 07:19:30,30400.0,100.0,2225400.0
190,2021-10-22 07:19:30,30400.0,2000.0,2225300.0
191,2021-10-22 07:19:21,30400.0,500.0,2223300.0
192,2021-10-22 07:19:20,30400.0,200.0,2222800.0
193,2021-10-22 07:19:12,30400.0,400.0,2222600.0
194,2021-10-22 07:19:10,30400.0,1400.0,2222200.0
195,2021-10-22 07:19:10,30400.0,3600.0,2220800.0
196,2021-10-22 07:19:09,30400.0,100.0,2217200.0
197,2021-10-22 07:18:54,30400.0,2000.0,2217100.0
198,2021-10-22 07:18:54,30400.0,2000.0,2215100.0
199,2021-10-22 07:18:54,30400.0,2300.0,2213100.0
200,2021-10-22 07:18:42,30400.0,700.0,2210800.0
201,2021-10-22 07:18:41,30400.0,400.0,2210100.0
202,2021-10-22 07:18:41,30400.0,500.0,2209700.0
203,2021-10-22 07:18:41,30400.0,500.0,2209200.0
204,2021-10-22 07:18:41,30400.0,2900.0,2208700.0
205,2021-10-22 07:18:33,30400.0,2000.0,2205800.0
206,2021-10-22 07:18:29,30400.0,100.0,2203800.0
207,2021-10-22 07:18:26,30400.0,300.0,2203700.0
208,2021-10-22 07:18:24,30400.0,400.0,2203400.0
209,2021-10-22 07:18:21,30400.0,300.0,2203000.0
210,2021-10-22 07:18:21,30400.0,200.0,2202700.0
211,2021-10-22 07:18:18,30400.0,500.0,2202500.0
212,2021-10-22 07:18:12,30400.0,100.0,2202000.0
213,2021-10-22 07:17:57,30400.0,400.0,2201900.0
214,2021-10-22 07:17:54,30400.0,1000.0,2201500.0
215,2021-10-22 07:17:41,30400.0,100.0,2200500.0
216,2021-10-22 07:17:41,30400.0,100.0,2200400.0
217,2021-10-22 07:17:41,30400.0,300.0,2200300.0
218,2021-10-22 07:17:41,30400.0,500.0,2200000.0
219,2021-10-22 07:17:41,30400.0,100.0,2199500.0
220,2021-10-22 07:17:41,30400.0,1000.0,2199400.0
221,2021-10-22 07:17:41,30400.0,700.0,2198400.0
222,2021-10-22 07:17:21,30400.0,300.0,2197700.0
223,2021-10-22 07:17:19,30400.0,500.0,2197400.0
224,2021-10-22 07:17:19,30400.0,500.0,2196900.0
225,2021-10-22 07:17:19,30400.0,8700.0,2196400.0
226,2021-10-22 07:16:53,30400.0,100.0,2187700.0
227,2021-10-22 07:16:49,30450.0,100.0,2187600.0
228,2021-10-22 07:16:40,30400.0,1000.0,2187500.0
229,2021-10-22 07:16:39,30400.0,200.0,2186500.0
230,2021-10-22 07:16:30,30350.0,100.0,2186300.0
231,2021-10-22 07:16:30,30400.0,4900.0,2186200.0
232,2021-10-22 07:16:25,30400.0,200.0,2181300.0
233,2021-10-22 07:16:19,30400.0,3000.0,2181100.0
234,2021-10-22 07:16:19,30400.0,1900.0,2178100.0
235,2021-10-22 07:16:03,30400.0,1000.0,2176200.0
236,2021-10-22 07:16:03,30400.0,100.0,2175200.0
237,2021-10-22 07:16:03,30400.0,700.0,2175100.0
238,2021-10-22 07:16:03,30400.0,100.0,2174400.0
239,2021-10-22 07:16:03,30400.0,200.0,2174300.0
240,2021-10-22 07:16:03,30400.0,400.0,2174100.0
241,2021-10-22 07:16:03,30400.0,100.0,2173700.0
242,2021-10-22 07:16:03,30400.0,300.0,2173600.0
243,2021-10-22 07:16:03,30400.0,100.0,2173300.0
244,2021-10-22 07:16:03,30400.0,100.0,2173200.0
245,2021-10-22 07:16:03,30400.0,100.0,2173100.0
246,2021-10-22 07:16:03,30400.0,100.0,2173000.0
247,2021-10-22 07:16:03,30400.0,100.0,2172900.0
248,2021-10-22 07:16:03,30400.0,700.0,2172800.0
249,2021-10-22 07:16:00,30400.0,2000.0,2172100.0
250,2021-10-22 07:15:59,30400.0,100.0,2170100.0
251,2021-10-22 07:15:59,30400.0,3900.0,2170000.0
252,2021-10-22 07:15:59,30400.0,100.0,2166100.0
253,2021-10-22 07:15:59,30400.0,300.0,2166000.0
254,2021-10-22 07:15:59,30400.0,100.0,2165700.0
255,2021-10-22 07:15:59,30400.0,2000.0,2165600.0
256,2021-10-22 07:15:59,30400.0,100.0,2163600.0
257,2021-10-22 07:15:59,30400.0,5000.0,2163500.0
258,2021-10-22 07:15:59,30400.0,300.0,2158500.0
259,2021-10-22 07:15:59,30400.0,100.0,2158200.0
260,2021-10-22 07:15:44,30400.0,900.0,2158100.0
261,2021-10-22 07:15:44,30400.0,1000.0,2157200.0
262,2021-10-22 07:15:44,30400.0,100.0,2156200.0
263,2021-10-22 07:15:44,30400.0,100.0,2156100.0
264,2021-10-22 07:15:44,30400.0,200.0,2156000.0
265,2021-10-22 07:15:44,30400.0,200.0,2155800.0
266,2021-10-22 07:14:56,30400.0,300.0,2155600.0
267,2021-10-22 07:14:56,30400.0,100.0,2155300.0
268,2021-10-22 07:14:56,30400.0,500.0,2155200.0
269,2021-10-22 07:14:56,30400.0,100.0,2154700.0
270,2021-10-22 07:14:44,30400.0,200.0,2154600.0
271,2021-10-22 07:14:34,30400.0,100.0,2154400.0
272,2021-10-22 07:14:34,30400.0,1000.0,2154300.0
273,2021-10-22 07:14:34,30400.0,500.0,2153300.0
274,2021-10-22 07:14:34,30400.0,100.0,2152800.0
275,2021-10-22 07:14:34,30400.0,100.0,2152700.0
276,2021-10-22 07:14:34,30400.0,100.0,2152600.0
277,2021-10-22 07:14:34,30400.0,100.0,2152500.0
278,2021-10-22 07:14:34,30450.0,900.0,2152400.0
279,2021-10-22 07:14:34,30450.0,100.0,2151500.0
280,2021-10-22 07:14:29,30400.0,400.0,2151400.0
281,2021-10-22 07:14:29,30400.0,1100.0,2151000.0
282,2021-10-22 07:14:29,30400.0,200.0,2149900.0
283,2021-10-22 07:14:29,30400.0,1000.0,2149700.0
284,2021-10-22 07:14:27,30400.0,100.0,2148700.0
285,2021-10-22 07:14:27,30400.0,300.0,2148600.0
286,2021-10-22 07:14:27,30400.0,100.0,2148300.0
287,2021-10-22 07:14:27,30400.0,1500.0,2148200.0
288,2021-10-22 07:14:25,30400.0,1100.0,2146700.0
289,2021-10-22 07:14:04,30400.0,1500.0,2145600.0
290,2021-10-22 07:14:04,30400.0,800.0,2144100.0
291,2021-10-22 07:14:04,30450.0,100.0,2143300.0
292,2021-10-22 07:13:53,30400.0,1300.0,2143200.0
293,2021-10-22 07:13:47,30400.0,1700.0,2141900.0
294,2021-10-22 07:13:38,30400.0,700.0,2140200.0
295,2021-10-22 07:13:38,30400.0,4000.0,2139500.0
296,2021-10-22 07:13:37,30400.0,200.0,2135500.0
297,2021-10-22 07:13:35,30400.0,200.0,2135300.0
298,2021-10-22 07:13:09,30400.0,1000.0,2135100.0
299,2021-10-22 07:13:01,30400.0,2000.0,2134100.0
300,2021-10-22 07:12:45,30450.0,100.0,2132100.0
301,2021-10-22 07:12:40,30400.0,200.0,2132000.0
302,2021-10-22 07:12:28,30450.0,100.0,2131800.0
303,2021-10-22 07:12:09,30450.0,100.0,2131700.0
304,2021-10-22 07:12:09,30450.0,200.0,2131600.0
305,2021-10-22 07:12:07,30450.0,100.0,2131400.0
306,2021-10-22 07:11:49,30450.0,100.0,2131300.0
307,2021-10-22 07:11:49,30450.0,100.0,2131200.0
308,2021-10-22 07:11:46,30450.0,100.0,2131100.0
309,2021-10-22 07:11:37,30450.0,200.0,2131000.0
310,2021-10-22 07:11:37,30450.0,1000.0,2130800.0
311,2021-10-22 07:11:37,30450.0,100.0,2129800.0
312,2021-10-22 07:11:37,30450.0,700.0,2129700.0
313,2021-10-22 07:11:27,30450.0,100.0,2129000.0
314,2021-10-22 07:11:23,30450.0,1000.0,2128900.0
315,2021-10-22 07:11:12,30450.0,100.0,2127900.0
316,2021-10-22 07:11:09,30450.0,2000.0,2127800.0
317,2021-10-22 07:10:59,30450.0,500.0,2125800.0
318,2021-10-22 07:10:50,30450.0,100.0,2125300.0
319,2021-10-22 07:10:44,30450.0,300.0,2125200.0
320,2021-10-22 07:10:41,30450.0,2000.0,2124900.0
321,2021-10-22 07:10:41,30450.0,100.0,2122900.0
322,2021-10-22 07:10:41,30450.0,100.0,2122800.0
323,2021-10-22 07:10:41,30450.0,100.0,2122700.0
324,2021-10-22 07:10:41,30450.0,200.0,2122600.0
325,2021-10-22 07:10:41,30450.0,1000.0,2122400.0
326,2021-10-22 07:10:41,30450.0,200.0,2121400.0
327,2021-10-22 07:10:41,30450.0,1500.0,2121200.0
328,2021-10-22 07:10:31,30450.0,100.0,2119700.0
329,2021-10-22 07:10:03,30500.0,200.0,2119600.0
330,2021-10-22 07:10:02,30450.0,3400.0,2119400.0
331,2021-10-22 07:10:02,30450.0,500.0,2116000.0
332,2021-10-22 07:10:02,30450.0,1000.0,2115500.0
333,2021-10-22 07:10:02,30450.0,100.0,2114500.0
334,2021-10-22 07:09:54,30500.0,200.0,2114400.0
335,2021-10-22 07:09:47,30500.0,300.0,2114200.0
336,2021-10-22 07:09:45,30500.0,500.0,2113900.0
337,2021-10-22 07:09:45,30500.0,1800.0,2113400.0
338,2021-10-22 07:09:38,30500.0,6500.0,2111600.0
339,2021-10-22 07:09:31,30500.0,200.0,2105100.0
340,2021-10-22 07:09:23,30500.0,500.0,2104900.0
341,2021-10-22 07:09:19,30550.0,200.0,2104400.0
342,2021-10-22 07:09:09,30500.0,100.0,2104200.0
343,2021-10-22 07:09:09,30500.0,100.0,2104100.0
344,2021-10-22 07:09:09,30500.0,100.0,2104000.0
345,2021-10-22 07:09:08,30550.0,1500.0,2103900.0
346,2021-10-22 07:09:06,30550.0,500.0,2102400.0
347,2021-10-22 07:09:02,30500.0,600.0,2101900.0
348,2021-10-22 07:08:51,30500.0,200.0,2101300.0
349,2021-10-22 07:08:49,30500.0,1100.0,2101100.0
350,2021-10-22 07:08:49,30500.0,100.0,2100000.0
351,2021-10-22 07:08:49,30500.0,2500.0,2099900.0
352,2021-10-22 07:08:49,30500.0,100.0,2097400.0
353,2021-10-22 07:08:49,30500.0,1000.0,2097300.0
354,2021-10-22 07:08:49,30500.0,500.0,2096300.0
355,2021-10-22 07:08:49,30500.0,1500.0,2095800.0
356,2021-10-22 07:08:49,30500.0,200.0,2094300.0
357,2021-10-22 07:08:34,30500.0,500.0,2094100.0
358,2021-10-22 07:08:33,30500.0,1400.0,2093600.0
359,2021-10-22 07:08:20,30500.0,200.0,2092200.0
360,2021-10-22 07:07:54,30500.0,2700.0,2092000.0
361,2021-10-22 07:07:54,30500.0,500.0,2089300.0
362,2021-10-22 07:07:54,30500.0,700.0,2088800.0
363,2021-10-22 07:07:54,30500.0,400.0,2088100.0
364,2021-10-22 07:07:54,30500.0,5000.0,2087700.0
365,2021-10-22 07:07:54,30500.0,4000.0,2082700.0
366,2021-10-22 07:07:54,30500.0,300.0,2078700.0
367,2021-10-22 07:07:54,30500.0,2000.0,2078400.0
368,2021-10-22 07:07:54,30500.0,100.0,2076400.0
369,2021-10-22 07:07:54,30500.0,600.0,2076300.0
370,2021-10-22 07:07:54,30500.0,200.0,2075700.0
371,2021-10-22 07:07:54,30500.0,200.0,2075500.0
372,2021-10-22 07:07:54,30500.0,500.0,2075300.0
373,2021-10-22 07:07:54,30500.0,100.0,2074800.0
374,2021-10-22 07:07:54,30500.0,200.0,2074700.0
375,2021-10-22 07:07:54,30500.0,500.0,2074500.0
376,2021-10-22 07:07:54,30500.0,100.0,2074000.0
377,2021-10-22 07:07:54,30500.0,1000.0,2073900.0
378,2021-10-22 07:07:54,30500.0,500.0,2072900.0
379,2021-10-22 07:07:54,30500.0,100.0,2072400.0
380,2021-10-22 07:07:54,30500.0,200.0,2072300.0
381,2021-10-22 07:07:54,30500.0,1000.0,2072100.0
382,2021-10-22 07:07:54,30500.0,1000.0,2071100.0
383,2021-10-22 07:07:54,30500.0,100.0,2070100.0
384,2021-10-22 07:07:54,30500.0,500.0,2070000.0
385,2021-10-22 07:07:54,30500.0,300.0,2069500.0
386,2021-10-22 07:07:54,30500.0,300.0,2069200.0
387,2021-10-22 07:07:54,30500.0,700.0,2068900.0
388,2021-10-22 07:07:54,30500.0,500.0,2068200.0
389,2021-10-22 07:07:54,30500.0,200.0,2067700.0
390,2021-10-22 07:07:37,30550.0,200.0,2067500.0
391,2021-10-22 07:07:37,30550.0,100.0,2067300.0
392,2021-10-22 07:07:37,30550.0,100.0,2067200.0
393,2021-10-22 07:07:37,30550.0,500.0,2067100.0
394,2021-10-22 07:07:37,30550.0,100.0,2066600.0
395,2021-10-22 07:07:37,30550.0,100.0,2066500.0
396,2021-10-22 07:07:37,30550.0,300.0,2066400.0
397,2021-10-22 07:07:37,30550.0,100.0,2066100.0
398,2021-10-22 07:07:37,30550.0,200.0,2066000.0
399,2021-10-22 07:07:37,30550.0,200.0,2065800.0
400,2021-10-22 07:07:37,30550.0,500.0,2065600.0
401,2021-10-22 07:07:37,30550.0,500.0,2065100.0
402,2021-10-22 07:07:29,30550.0,1000.0,2064600.0
403,2021-10-22 07:07:29,30550.0,1500.0,2063600.0
404,2021-10-22 07:07:29,30550.0,500.0,2062100.0
405,2021-10-22 07:07:25,30550.0,100.0,2061600.0
406,2021-10-22 07:07:20,30550.0,5000.0,2061500.0
407,2021-10-22 07:06:36,30550.0,3000.0,2056500.0
408,2021-10-22 07:06:30,30600.0,200.0,2053500.0
409,2021-10-22 07:06:30,30600.0,500.0,2053300.0
410,2021-10-22 07:05:27,30550.0,1400.0,2052800.0
411,2021-10-22 07:05:27,30550.0,100.0,2051400.0
412,2021-10-22 07:05:27,30550.0,100.0,2051300.0
413,2021-10-22 07:05:27,30550.0,300.0,2051200.0
414,2021-10-22 07:05:27,30550.0,1000.0,2050900.0
415,2021-10-22 07:05:27,30550.0,100.0,2049900.0
416,2021-10-22 07:05:25,30600.0,2000.0,2049800.0
417,2021-10-22 07:05:23,30600.0,1000.0,2047800.0
418,2021-10-22 07:05:18,30600.0,100.0,2046800.0
419,2021-10-22 07:05:11,30600.0,500.0,2046700.0
420,2021-10-22 07:05:11,30600.0,300.0,2046200.0
421,2021-10-22 07:04:58,30600.0,200.0,2045900.0
422,2021-10-22 07:04:51,30600.0,100.0,2045700.0
423,2021-10-22 07:04:45,30600.0,100.0,2045600.0
424,2021-10-22 07:04:41,30550.0,500.0,2045500.0
425,2021-10-22 07:04:41,30600.0,800.0,2045000.0
426,2021-10-22 07:04:05,30600.0,100.0,2044200.0
427,2021-10-22 07:04:05,30600.0,200.0,2044100.0
428,2021-10-22 07:04:05,30600.0,700.0,2043900.0
429,2021-10-22 07:03:58,30600.0,300.0,2043200.0
430,2021-10-22 07:03:53,30600.0,600.0,2042900.0
431,2021-10-22 07:03:52,30600.0,100.0,2042300.0
432,2021-10-22 07:03:52,30600.0,500.0,2042200.0
433,2021-10-22 07:03:47,30600.0,100.0,2041700.0
434,2021-10-22 07:03:47,30600.0,500.0,2041600.0
435,2021-10-22 07:03:47,30600.0,1900.0,2041100.0
436,2021-10-22 07:03:39,30600.0,400.0,2039200.0
437,2021-10-22 07:03:25,30550.0,200.0,2038800.0
438,2021-10-22 07:03:14,30600.0,1000.0,2038600.0
439,2021-10-22 07:02:41,30600.0,1000.0,2037600.0
440,2021-10-22 07:02:35,30600.0,200.0,2036600.0
441,2021-10-22 07:02:31,30600.0,500.0,2036400.0
442,2021-10-22 07:02:31,30600.0,300.0,2035900.0
443,2021-10-22 07:02:09,30600.0,100.0,2035600.0
444,2021-10-22 07:02:08,30600.0,100.0,2035500.0
445,2021-10-22 07:02:08,30600.0,200.0,2035400.0
446,2021-10-22 07:02:08,30600.0,500.0,2035200.0
447,2021-10-22 07:02:08,30600.0,600.0,2034700.0
448,2021-10-22 07:01:52,30600.0,400.0,2034100.0
449,2021-10-22 07:01:52,30600.0,100.0,2033700.0
450,2021-10-22 07:01:45,30600.0,500.0,2033600.0
451,2021-10-22 07:01:45,30600.0,1000.0,2033100.0
452,2021-10-22 07:01:45,30600.0,1500.0,2032100.0
453,2021-10-22 07:01:24,30600.0,500.0,2030600.0
454,2021-10-22 07:01:05,30700.0,1200.0,2030100.0
455,2021-10-22 07:00:30,30600.0,500.0,2028900.0
456,2021-10-22 06:59:10,30600.0,200.0,2028400.0
457,2021-10-22 06:58:58,30600.0,100.0,2028200.0
458,2021-10-22 06:58:36,30600.0,700.0,2028100.0
459,2021-10-22 06:58:36,30600.0,1300.0,2027400.0
460,2021-10-22 06:58:29,30600.0,400.0,2026100.0
461,2021-10-22 06:58:29,30600.0,300.0,2025700.0
462,2021-10-22 06:58:22,30600.0,1100.0,2025400.0
463,2021-10-22 06:57:57,30600.0,400.0,2024300.0
464,2021-10-22 06:57:51,30600.0,300.0,2023900.0
465,2021-10-22 06:57:51,30600.0,500.0,2023600.0
466,2021-10-22 06:57:51,30600.0,1000.0,2023100.0
467,2021-10-22 06:57:51,30600.0,100.0,2022100.0
468,2021-10-22 06:57:51,30600.0,1600.0,2022000.0
469,2021-10-22 06:57:50,30600.0,200.0,2020400.0
470,2021-10-22 06:57:50,30600.0,1800.0,2020200.0
471,2021-10-22 06:57:44,30600.0,200.0,2018400.0
472,2021-10-22 06:57:34,30600.0,5000.0,2018200.0
473,2021-10-22 06:57:23,30600.0,1000.0,2013200.0
474,2021-10-22 06:56:44,30600.0,1000.0,2012200.0
475,2021-10-22 06:56:44,30600.0,300.0,2011200.0
476,2021-10-22 06:56:44,30600.0,400.0,2010900.0
477,2021-10-22 06:56:44,30600.0,300.0,2010500.0
478,2021-10-22 06:56:13,30600.0,1000.0,2010200.0
479,2021-10-22 06:56:08,30600.0,100.0,2009200.0
480,2021-10-22 06:55:50,30600.0,500.0,2009100.0
481,2021-10-22 06:55:46,30600.0,100.0,2008600.0
482,2021-10-22 06:55:46,30600.0,3500.0,2008500.0
483,2021-10-22 06:55:39,30600.0,1500.0,2005000.0
484,2021-10-22 06:55:39,30600.0,500.0,2003500.0
485,2021-10-22 06:55:25,30600.0,500.0,2003000.0
486,2021-10-22 06:55:22,30600.0,200.0,2002500.0
487,2021-10-22 06:55:14,30600.0,200.0,2002300.0
488,2021-10-22 06:54:59,30600.0,3000.0,2002100.0
489,2021-10-22 06:54:59,30600.0,2000.0,1999100.0
490,2021-10-22 06:54:57,30550.0,4400.0,1997100.0
491,2021-10-22 06:54:45,30550.0,500.0,1992700.0
492,2021-10-22 06:54:35,30550.0,1500.0,1992200.0
493,2021-10-22 06:54:24,30550.0,2000.0,1990700.0
494,2021-10-22 06:54:18,30550.0,100.0,1988700.0
495,2021-10-22 06:54:08,30550.0,700.0,1988600.0
496,2021-10-22 06:53:54,30550.0,900.0,1987900.0
497,2021-10-22 06:53:54,30550.0,500.0,1987000.0
498,2021-10-22 06:53:54,30550.0,200.0,1986500.0
499,2021-10-22 06:53:54,30550.0,200.0,1986300.0
500,2021-10-22 06:53:52,30550.0,3500.0,1986100.0
501,2021-10-22 06:53:52,30550.0,5000.0,1982600.0
502,2021-10-22 06:53:52,30550.0,200.0,1977600.0
503,2021-10-22 06:53:52,30550.0,1300.0,1977400.0
504,2021-10-22 06:53:31,30550.0,700.0,1976100.0
505,2021-10-22 06:53:31,30550.0,1000.0,1975400.0
506,2021-10-22 06:53:31,30550.0,300.0,1974400.0
507,2021-10-22 06:53:07,30600.0,100.0,1974100.0
508,2021-10-22 06:53:07,30600.0,3000.0,1974000.0
509,2021-10-22 06:52:55,30600.0,2000.0,1971000.0
510,2021-10-22 06:52:55,30600.0,100.0,1969000.0
511,2021-10-22 06:52:55,30600.0,500.0,1968900.0
512,2021-10-22 06:52:55,30600.0,1000.0,1968400.0
513,2021-10-22 06:52:55,30600.0,300.0,1967400.0
514,2021-10-22 06:52:55,30600.0,200.0,1967100.0
515,2021-10-22 06:52:55,30600.0,1000.0,1966900.0
516,2021-10-22 06:52:55,30600.0,100.0,1965900.0
517,2021-10-22 06:52:55,30600.0,1000.0,1965800.0
518,2021-10-22 06:52:55,30600.0,300.0,1964800.0
519,2021-10-22 06:52:55,30600.0,1000.0,1964500.0
520,2021-10-22 06:52:55,30600.0,2100.0,1963500.0
521,2021-10-22 06:52:51,30600.0,2900.0,1961400.0
522,2021-10-22 06:52:51,30600.0,1000.0,1958500.0
523,2021-10-22 06:52:51,30600.0,1000.0,1957500.0
524,2021-10-22 06:52:51,30600.0,100.0,1956500.0
525,2021-10-22 06:52:51,30600.0,900.0,1956400.0
526,2021-10-22 06:52:51,30600.0,1600.0,1955500.0
527,2021-10-22 06:52:35,30600.0,1400.0,1953900.0
528,2021-10-22 06:52:35,30600.0,1000.0,1952500.0
529,2021-10-22 06:52:35,30600.0,300.0,1951500.0
530,2021-10-22 06:52:35,30600.0,4000.0,1951200.0
531,2021-10-22 06:52:35,30600.0,6800.0,1947200.0
532,2021-10-22 06:52:35,30650.0,2000.0,1940400.0
533,2021-10-22 06:52:35,30650.0,200.0,1938400.0
534,2021-10-22 06:52:35,30650.0,400.0,1938200.0
535,2021-10-22 06:52:35,30650.0,200.0,1937800.0
536,2021-10-22 06:52:35,30650.0,1000.0,1937600.0
537,2021-10-22 06:52:35,30650.0,100.0,1936600.0
538,2021-10-22 06:52:35,30650.0,100.0,1936500.0
539,2021-10-22 06:52:35,30650.0,100.0,1936400.0
540,2021-10-22 06:52:35,30650.0,100.0,1936300.0
541,2021-10-22 06:52:35,30650.0,100.0,1936200.0
542,2021-10-22 06:52:35,30650.0,1900.0,1936100.0
543,2021-10-22 06:52:35,30650.0,300.0,1934200.0
544,2021-10-22 06:52:29,30650.0,3000.0,1933900.0
545,2021-10-22 06:52:21,30650.0,700.0,1930900.0
546,2021-10-22 06:51:52,30700.0,200.0,1930200.0
547,2021-10-22 06:51:51,30650.0,1000.0,1930000.0
548,2021-10-22 06:51:51,30650.0,1000.0,1929000.0
549,2021-10-22 06:51:51,30650.0,3000.0,1928000.0
550,2021-10-22 06:51:43,30700.0,2000.0,1925000.0
551,2021-10-22 06:51:34,30700.0,100.0,1923000.0
552,2021-10-22 06:51:01,30700.0,2000.0,1922900.0
553,2021-10-22 06:50:59,30700.0,1000.0,1920900.0
554,2021-10-22 06:50:59,30700.0,200.0,1919900.0
555,2021-10-22 06:50:59,30700.0,1000.0,1919700.0
556,2021-10-22 06:50:59,30700.0,1000.0,1918700.0
557,2021-10-22 06:50:59,30700.0,1200.0,1917700.0
558,2021-10-22 06:50:59,30700.0,500.0,1916500.0
559,2021-10-22 06:50:59,30700.0,200.0,1916000.0
560,2021-10-22 06:50:59,30700.0,300.0,1915800.0
561,2021-10-22 06:50:59,30700.0,1000.0,1915500.0
562,2021-10-22 06:50:59,30700.0,500.0,1914500.0
563,2021-10-22 06:50:59,30700.0,100.0,1914000.0
564,2021-10-22 06:50:59,30700.0,300.0,1913900.0
565,2021-10-22 06:50:59,30700.0,100.0,1913600.0
566,2021-10-22 06:50:59,30700.0,500.0,1913500.0
567,2021-10-22 06:50:59,30700.0,100.0,1913000.0
568,2021-10-22 06:50:59,30700.0,400.0,1912900.0
569,2021-10-22 06:50:59,30700.0,600.0,1912500.0
570,2021-10-22 06:50:59,30700.0,2800.0,1911900.0
571,2021-10-22 06:50:50,30700.0,1800.0,1909100.0
572,2021-10-22 06:50:34,30700.0,500.0,1907300.0
573,2021-10-22 06:50:27,30700.0,4900.0,1906800.0
574,2021-10-22 06:50:27,30700.0,100.0,1901900.0
575,2021-10-22 06:50:01,30750.0,900.0,1901800.0
576,2021-10-22 06:50:01,30750.0,100.0,1900900.0
577,2021-10-22 06:50:01,30750.0,300.0,1900800.0
578,2021-10-22 06:50:01,30750.0,5000.0,1900500.0
579,2021-10-22 06:50:01,30750.0,4200.0,1895500.0
580,2021-10-22 06:50:01,30750.0,500.0,1891300.0
581,2021-10-22 06:50:01,30750.0,200.0,1890800.0
582,2021-10-22 06:50:01,30750.0,1700.0,1890600.0
583,2021-10-22 06:49:49,30750.0,800.0,1888900.0
584,2021-10-22 06:49:49,30750.0,4200.0,1888100.0
585,2021-10-22 06:49:11,30750.0,2000.0,1883900.0
586,2021-10-22 06:48:23,30750.0,900.0,1881900.0
587,2021-10-22 06:48:23,30800.0,4100.0,1881000.0
588,2021-10-22 06:48:16,30800.0,100.0,1876900.0
589,2021-10-22 06:48:16,30800.0,300.0,1876800.0
590,2021-10-22 06:48:16,30800.0,5000.0,1876500.0
591,2021-10-22 06:48:16,30800.0,500.0,1871500.0
592,2021-10-22 06:47:09,30800.0,1000.0,1871000.0
593,2021-10-22 06:47:09,30800.0,200.0,1870000.0
594,2021-10-22 06:47:09,30800.0,1300.0,1869800.0
595,2021-10-22 06:46:58,30800.0,700.0,1868500.0
596,2021-10-22 06:46:44,30800.0,700.0,1867800.0
597,2021-10-22 06:46:28,30800.0,1100.0,1867100.0
598,2021-10-22 06:46:07,30800.0,1700.0,1866000.0
599,2021-10-22 06:46:07,30800.0,1300.0,1864300.0
600,2021-10-22 06:45:46,30800.0,1200.0,1863000.0
601,2021-10-22 06:45:40,30800.0,100.0,1861800.0
602,2021-10-22 06:45:14,30800.0,100.0,1861700.0
603,2021-10-22 06:44:56,30800.0,100.0,1861600.0
604,2021-10-22 06:44:37,30750.0,900.0,1861500.0
605,2021-10-22 06:44:37,30800.0,1300.0,1860600.0
606,2021-10-22 06:44:26,30800.0,600.0,1859300.0
607,2021-10-22 06:44:17,30800.0,600.0,1858700.0
608,2021-10-22 06:44:17,30800.0,400.0,1858100.0
609,2021-10-22 06:44:15,30800.0,600.0,1857700.0
610,2021-10-22 06:44:13,30800.0,200.0,1857100.0
611,2021-10-22 06:44:09,30800.0,700.0,1856900.0
612,2021-10-22 06:44:09,30800.0,300.0,1856200.0
613,2021-10-22 06:43:59,30800.0,200.0,1855900.0
614,2021-10-22 06:43:59,30800.0,8000.0,1855700.0
615,2021-10-22 06:43:59,30800.0,4200.0,1847700.0
616,2021-10-22 06:43:59,30800.0,1000.0,1843500.0
617,2021-10-22 06:43:59,30800.0,500.0,1842500.0
618,2021-10-22 06:43:59,30800.0,16100.0,1842000.0
619,2021-10-22 06:43:36,30800.0,1300.0,1825900.0
620,2021-10-22 06:43:19,30800.0,900.0,1824600.0
621,2021-10-22 06:43:05,30800.0,1700.0,1823700.0
622,2021-10-22 06:43:05,30800.0,600.0,1822000.0
623,2021-10-22 06:42:48,30750.0,1500.0,1821400.0
624,2021-10-22 06:42:48,30750.0,500.0,1819900.0
625,2021-10-22 06:42:36,30700.0,400.0,1819400.0
626,2021-10-22 06:42:13,30700.0,500.0,1819000.0
627,2021-10-22 06:42:13,30700.0,300.0,1818500.0
628,2021-10-22 06:42:13,30700.0,100.0,1818200.0
629,2021-10-22 06:42:13,30700.0,200.0,1818100.0
630,2021-10-22 06:42:13,30700.0,7500.0,1817900.0
631,2021-10-22 06:42:13,30700.0,100.0,1810400.0
632,2021-10-22 06:42:13,30700.0,300.0,1810300.0
633,2021-10-22 06:42:13,30700.0,100.0,1810000.0
634,2021-10-22 06:42:13,30700.0,3000.0,1809900.0
635,2021-10-22 06:42:13,30700.0,500.0,1806900.0
636,2021-10-22 06:42:13,30700.0,100.0,1806400.0
637,2021-10-22 06:42:13,30700.0,3000.0,1806300.0
638,2021-10-22 06:42:13,30750.0,3000.0,1803300.0
639,2021-10-22 06:42:10,30800.0,300.0,1800300.0
640,2021-10-22 06:42:10,30750.0,100.0,1800000.0
641,2021-10-22 06:42:06,30750.0,2000.0,1799900.0
642,2021-10-22 06:42:06,30750.0,3000.0,1797900.0
643,2021-10-22 06:42:06,30750.0,500.0,1794900.0
644,2021-10-22 06:41:59,30800.0,400.0,1794400.0
645,2021-10-22 06:41:37,30750.0,100.0,1794000.0
646,2021-10-22 06:41:36,30750.0,900.0,1793900.0
647,2021-10-22 06:41:17,30750.0,400.0,1793000.0
648,2021-10-22 06:41:15,30750.0,1000.0,1792600.0
649,2021-10-22 06:41:12,30750.0,1000.0,1791600.0
650,2021-10-22 06:41:09,30750.0,1000.0,1790600.0
651,2021-10-22 06:41:06,30750.0,1700.0,1789600.0
652,2021-10-22 06:41:06,30750.0,1300.0,1787900.0
653,2021-10-22 06:41:06,30750.0,3200.0,1786600.0
654,2021-10-22 06:40:54,30750.0,500.0,1783400.0
655,2021-10-22 06:40:32,30800.0,700.0,1782900.0
656,2021-10-22 06:40:10,30700.0,100.0,1782200.0
657,2021-10-22 06:40:00,30800.0,2500.0,1782100.0
658,2021-10-22 06:39:29,30800.0,5500.0,1779600.0
659,2021-10-22 06:38:09,30700.0,2000.0,1774100.0
660,2021-10-22 06:37:45,30700.0,2000.0,1772100.0
661,2021-10-22 06:37:44,30700.0,100.0,1770100.0
662,2021-10-22 06:37:41,30700.0,200.0,1770000.0
663,2021-10-22 06:37:41,30700.0,1800.0,1769800.0
664,2021-10-22 06:37:34,30700.0,100.0,1768000.0
665,2021-10-22 06:37:10,30700.0,400.0,1767900.0
666,2021-10-22 06:37:05,30700.0,500.0,1767500.0
667,2021-10-22 06:37:05,30700.0,500.0,1767000.0
668,2021-10-22 06:37:05,30700.0,5000.0,1766500.0
669,2021-10-22 06:37:05,30700.0,100.0,1761500.0
670,2021-10-22 06:37:05,30700.0,1000.0,1761400.0
671,2021-10-22 06:37:05,30700.0,100.0,1760400.0
672,2021-10-22 06:37:05,30700.0,500.0,1760300.0
673,2021-10-22 06:36:57,30750.0,200.0,1759800.0
674,2021-10-22 06:36:57,30750.0,100.0,1759600.0
675,2021-10-22 06:36:09,30800.0,100.0,1759500.0
676,2021-10-22 06:35:26,30800.0,500.0,1759400.0
677,2021-10-22 06:35:25,30800.0,100.0,1758900.0
678,2021-10-22 06:35:18,30800.0,500.0,1758800.0
679,2021-10-22 06:35:18,30800.0,2800.0,1758300.0
680,2021-10-22 06:34:51,30800.0,1000.0,1755500.0
681,2021-10-22 06:34:48,30800.0,7000.0,1754500.0
682,2021-10-22 06:34:48,30800.0,9200.0,1747500.0
683,2021-10-22 06:34:37,30800.0,500.0,1738300.0
684,2021-10-22 06:34:26,30800.0,1000.0,1737800.0
685,2021-10-22 06:34:26,30800.0,200.0,1736800.0
686,2021-10-22 06:34:26,30800.0,10000.0,1736600.0
687,2021-10-22 06:34:26,30800.0,900.0,1726600.0
688,2021-10-22 06:34:26,30800.0,500.0,1725700.0
689,2021-10-22 06:34:26,30800.0,200.0,1725200.0
690,2021-10-22 06:34:26,30800.0,500.0,1725000.0
691,2021-10-22 06:34:26,30800.0,100.0,1724500.0
692,2021-10-22 06:34:26,30800.0,300.0,1724400.0
693,2021-10-22 06:34:26,30800.0,100.0,1724100.0
694,2021-10-22 06:34:26,30800.0,500.0,1724000.0
695,2021-10-22 06:34:26,30800.0,200.0,1723500.0
696,2021-10-22 06:34:26,30900.0,800.0,1723300.0
697,2021-10-22 06:34:07,30900.0,200.0,1722500.0
698,2021-10-22 06:34:04,30900.0,1000.0,1722300.0
699,2021-10-22 06:33:51,30900.0,1000.0,1721300.0
700,2021-10-22 06:33:51,30900.0,500.0,1720300.0
701,2021-10-22 06:33:36,30900.0,100.0,1719800.0
702,2021-10-22 06:32:57,30900.0,200.0,1719700.0
703,2021-10-22 06:32:05,31000.0,100.0,1719500.0
704,2021-10-22 06:30:29,31000.0,1500.0,1719400.0
705,2021-10-22 06:29:42,31000.0,400.0,1717900.0
706,2021-10-22 06:29:42,31000.0,100.0,1717500.0
707,2021-10-22 06:29:27,31000.0,500.0,1717400.0
708,2021-10-22 06:29:27,30800.0,100.0,1716900.0
709,2021-10-22 06:29:27,30800.0,100.0,1716800.0
710,2021-10-22 06:29:27,30800.0,200.0,1716700.0
711,2021-10-22 06:29:27,30800.0,500.0,1716500.0
712,2021-10-22 06:29:27,30800.0,500.0,1716000.0
713,2021-10-22 06:29:14,30800.0,2500.0,1715500.0
714,2021-10-22 06:29:14,30800.0,5000.0,1713000.0
715,2021-10-22 06:29:14,30850.0,600.0,1708000.0
716,2021-10-22 06:29:14,30850.0,200.0,1707400.0
717,2021-10-22 06:29:14,30850.0,5000.0,1707200.0
718,2021-10-22 06:29:14,30850.0,1000.0,1702200.0
719,2021-10-22 06:29:14,30850.0,2000.0,1701200.0
720,2021-10-22 06:29:14,30850.0,100.0,1699200.0
721,2021-10-22 06:29:14,30900.0,500.0,1699100.0
722,2021-10-22 06:29:14,30900.0,2000.0,1698600.0
723,2021-10-22 06:29:14,30900.0,5000.0,1696600.0
724,2021-10-22 06:29:14,30900.0,100.0,1691600.0
725,2021-10-22 06:29:14,30900.0,200.0,1691500.0
726,2021-10-22 06:29:14,30900.0,5800.0,1691300.0
727,2021-10-22 06:29:10,31000.0,300.0,1685500.0
728,2021-10-22 06:29:04,31000.0,300.0,1685200.0
729,2021-10-22 06:28:17,31050.0,300.0,1684900.0
730,2021-10-22 06:28:07,31050.0,500.0,1684600.0
731,2021-10-22 06:27:58,30900.0,100.0,1684100.0
732,2021-10-22 06:27:58,30900.0,4100.0,1684000.0
733,2021-10-22 06:27:48,30900.0,300.0,1679900.0
734,2021-10-22 06:27:44,30900.0,500.0,1679600.0
735,2021-10-22 06:27:38,30900.0,100.0,1679100.0
736,2021-10-22 06:27:38,30900.0,200.0,1679000.0
737,2021-10-22 06:27:20,30900.0,2300.0,1678800.0
738,2021-10-22 06:27:20,30900.0,100.0,1676500.0
739,2021-10-22 06:27:20,30900.0,100.0,1676400.0
740,2021-10-22 06:27:20,30900.0,500.0,1676300.0
741,2021-10-22 06:27:09,30850.0,200.0,1675800.0
742,2021-10-22 06:27:09,30850.0,200.0,1675600.0
743,2021-10-22 06:27:09,30850.0,200.0,1675400.0
744,2021-10-22 06:27:09,30850.0,100.0,1675200.0
745,2021-10-22 06:27:00,30850.0,1000.0,1675100.0
746,2021-10-22 06:26:53,30850.0,200.0,1674100.0
747,2021-10-22 06:26:52,30850.0,1000.0,1673900.0
748,2021-10-22 06:26:34,30850.0,100.0,1672900.0
749,2021-10-22 06:26:13,30850.0,1000.0,1672800.0
750,2021-10-22 06:25:58,30900.0,300.0,1671800.0
751,2021-10-22 06:25:58,30900.0,200.0,1671500.0
752,2021-10-22 06:25:39,30950.0,1200.0,1671300.0
753,2021-10-22 06:25:19,30950.0,6000.0,1670100.0
754,2021-10-22 06:25:19,30950.0,11200.0,1664100.0
755,2021-10-22 06:25:19,31000.0,500.0,1652900.0
756,2021-10-22 06:25:19,31000.0,700.0,1652400.0
757,2021-10-22 06:25:19,31000.0,600.0,1651700.0
758,2021-10-22 06:25:19,31000.0,1000.0,1651100.0
759,2021-10-22 06:25:19,31000.0,500.0,1650100.0
760,2021-10-22 06:25:19,31000.0,100.0,1649600.0
761,2021-10-22 06:25:19,31000.0,5000.0,1649500.0
762,2021-10-22 06:25:19,31000.0,200.0,1644500.0
763,2021-10-22 06:25:19,31000.0,400.0,1644300.0
764,2021-10-22 06:25:19,31000.0,500.0,1643900.0
765,2021-10-22 06:25:19,31000.0,5000.0,1643400.0
766,2021-10-22 06:25:19,31000.0,1000.0,1638400.0
767,2021-10-22 06:25:19,31000.0,10000.0,1637400.0
768,2021-10-22 06:25:19,31000.0,200.0,1627400.0
769,2021-10-22 06:25:19,31000.0,100.0,1627200.0
770,2021-10-22 06:25:19,31000.0,2300.0,1627100.0
771,2021-10-22 06:25:19,31000.0,500.0,1624800.0
772,2021-10-22 06:25:19,31050.0,500.0,1624300.0
773,2021-10-22 06:25:19,31050.0,1000.0,1623800.0
774,2021-10-22 06:25:19,31050.0,100.0,1622800.0
775,2021-10-22 06:24:41,31100.0,200.0,1622700.0
776,2021-10-22 06:24:09,31100.0,2700.0,1622500.0
777,2021-10-22 06:24:09,31100.0,1000.0,1619800.0
778,2021-10-22 06:24:09,31100.0,800.0,1618800.0
779,2021-10-22 06:23:51,31100.0,1500.0,1618000.0
780,2021-10-22 06:23:35,31100.0,500.0,1616500.0
781,2021-10-22 06:23:35,31100.0,600.0,1616000.0
782,2021-10-22 06:23:35,31100.0,200.0,1615400.0
783,2021-10-22 06:23:35,31100.0,400.0,1615200.0
784,2021-10-22 06:23:28,31100.0,4000.0,1614800.0
785,2021-10-22 06:23:28,31100.0,500.0,1610800.0
786,2021-10-22 06:23:22,31200.0,100.0,1610300.0
787,2021-10-22 06:23:22,31200.0,100.0,1610200.0
788,2021-10-22 06:23:22,31200.0,1000.0,1610100.0
789,2021-10-22 06:23:22,31200.0,3800.0,1609100.0
790,2021-10-22 06:23:13,31100.0,100.0,1605300.0
791,2021-10-22 06:23:13,31100.0,100.0,1605200.0
792,2021-10-22 06:23:11,31100.0,200.0,1605100.0
793,2021-10-22 06:23:04,31100.0,200.0,1604900.0
794,2021-10-22 06:23:04,31100.0,2900.0,1604700.0
795,2021-10-22 06:23:00,31100.0,2000.0,1601800.0
796,2021-10-22 06:22:25,31100.0,100.0,1599800.0
797,2021-10-22 06:22:25,31100.0,500.0,1599700.0
798,2021-10-22 06:22:25,31100.0,400.0,1599200.0
799,2021-10-22 06:22:25,31100.0,500.0,1598800.0
800,2021-10-22 06:22:25,31100.0,300.0,1598300.0
801,2021-10-22 06:22:25,31100.0,200.0,1598000.0
802,2021-10-22 06:22:25,31150.0,1000.0,1597800.0
803,2021-10-22 06:22:24,31200.0,100.0,1596800.0
804,2021-10-22 06:22:22,31200.0,800.0,1596700.0
805,2021-10-22 06:22:10,31200.0,300.0,1595900.0
806,2021-10-22 06:22:05,31150.0,100.0,1595600.0
807,2021-10-22 06:22:04,31100.0,200.0,1595500.0
808,2021-10-22 06:21:50,31100.0,100.0,1595300.0
809,2021-10-22 06:21:49,31100.0,100.0,1595200.0
810,2021-10-22 06:21:49,31100.0,500.0,1595100.0
811,2021-10-22 06:21:49,31100.0,900.0,1594600.0
812,2021-10-22 06:21:45,31100.0,900.0,1593700.0
813,2021-10-22 06:21:33,31100.0,500.0,1592800.0
814,2021-10-22 06:21:26,31100.0,3200.0,1592300.0
815,2021-10-22 06:21:26,31100.0,1000.0,1589100.0
816,2021-10-22 06:21:24,31100.0,100.0,1588100.0
817,2021-10-22 06:21:19,31100.0,1000.0,1588000.0
818,2021-10-22 06:21:13,31100.0,400.0,1587000.0
819,2021-10-22 06:21:09,31100.0,1000.0,1586600.0
820,2021-10-22 06:21:07,31100.0,1000.0,1585600.0
821,2021-10-22 06:21:06,31100.0,200.0,1584600.0
822,2021-10-22 06:21:06,31100.0,2000.0,1584400.0
823,2021-10-22 06:21:06,31100.0,400.0,1582400.0
824,2021-10-22 06:21:00,31100.0,100.0,1582000.0
825,2021-10-22 06:20:54,31100.0,200.0,1581900.0
826,2021-10-22 06:20:54,31100.0,300.0,1581700.0
827,2021-10-22 06:20:54,31100.0,500.0,1581400.0
828,2021-10-22 06:20:46,31300.0,1400.0,1580900.0
829,2021-10-22 06:20:46,31250.0,1000.0,1579500.0
830,2021-10-22 06:20:46,31250.0,1400.0,1578500.0
831,2021-10-22 06:20:39,31100.0,300.0,1577100.0
832,2021-10-22 06:20:39,31200.0,600.0,1576800.0
833,2021-10-22 06:20:39,31200.0,1000.0,1576200.0
834,2021-10-22 06:20:39,31200.0,300.0,1575200.0
835,2021-10-22 06:20:39,31200.0,200.0,1574900.0
836,2021-10-22 06:20:39,31200.0,100.0,1574700.0
837,2021-10-22 06:20:39,31200.0,900.0,1574600.0
838,2021-10-22 06:20:39,31250.0,200.0,1573700.0
839,2021-10-22 06:20:36,31250.0,1800.0,1573500.0
840,2021-10-22 06:20:36,31250.0,200.0,1571700.0
841,2021-10-22 06:20:25,31300.0,500.0,1571500.0
842,2021-10-22 06:20:24,31300.0,500.0,1571000.0
843,2021-10-22 06:20:19,31300.0,100.0,1570500.0
844,2021-10-22 06:20:14,31300.0,300.0,1570400.0
845,2021-10-22 06:20:14,31300.0,100.0,1570100.0
846,2021-10-22 06:20:14,31350.0,200.0,1570000.0
847,2021-10-22 06:20:13,31350.0,700.0,1569800.0
848,2021-10-22 06:19:54,31400.0,800.0,1569100.0
849,2021-10-22 06:19:53,31400.0,1000.0,1568300.0
850,2021-10-22 06:19:47,31400.0,100.0,1567300.0
851,2021-10-22 06:19:46,31400.0,2900.0,1567200.0
852,2021-10-22 06:19:42,31450.0,100.0,1564300.0
853,2021-10-22 06:19:42,31400.0,1000.0,1564200.0
854,2021-10-22 06:19:38,31400.0,1000.0,1563200.0
855,2021-10-22 06:19:30,31500.0,1900.0,1562200.0
856,2021-10-22 06:19:30,31500.0,1000.0,1560300.0
857,2021-10-22 06:19:30,31450.0,300.0,1559300.0
858,2021-10-22 06:19:30,31450.0,1500.0,1559000.0
859,2021-10-22 06:19:30,31450.0,10000.0,1557500.0
860,2021-10-22 06:19:30,31450.0,1100.0,1547500.0
861,2021-10-22 06:19:30,31450.0,300.0,1546400.0
862,2021-10-22 06:19:30,31450.0,400.0,1546100.0
863,2021-10-22 06:19:30,31450.0,200.0,1545700.0
864,2021-10-22 06:19:30,31450.0,1000.0,1545500.0
865,2021-10-22 06:19:30,31450.0,1000.0,1544500.0
866,2021-10-22 06:19:30,31450.0,200.0,1543500.0
867,2021-10-22 06:19:30,31450.0,300.0,1543300.0
868,2021-10-22 06:19:30,31450.0,300.0,1543000.0
869,2021-10-22 06:19:30,31450.0,200.0,1542700.0
870,2021-10-22 06:19:30,31400.0,300.0,1542500.0
871,2021-10-22 06:19:30,31400.0,500.0,1542200.0
872,2021-10-22 06:19:30,31400.0,2600.0,1541700.0
873,2021-10-22 06:19:30,31400.0,100.0,1539100.0
874,2021-10-22 06:19:30,31400.0,1400.0,1539000.0
875,2021-10-22 06:19:30,31400.0,4400.0,1537600.0
876,2021-10-22 06:19:30,31300.0,500.0,1533200.0
877,2021-10-22 06:19:30,31300.0,500.0,1532700.0
878,2021-10-22 06:19:28,31300.0,300.0,1532200.0
879,2021-10-22 06:19:28,31300.0,200.0,1531900.0
880,2021-10-22 06:19:25,31400.0,200.0,1531700.0
881,2021-10-22 06:19:22,31400.0,400.0,1531500.0
882,2021-10-22 06:19:22,31400.0,600.0,1531100.0
883,2021-10-22 06:19:14,31400.0,400.0,1530500.0
884,2021-10-22 06:19:13,31450.0,600.0,1530100.0
885,2021-10-22 06:19:13,31400.0,400.0,1529500.0
886,2021-10-22 06:19:11,31400.0,100.0,1529100.0
887,2021-10-22 06:19:11,31400.0,1000.0,1529000.0
888,2021-10-22 06:19:11,31400.0,100.0,1528000.0
889,2021-10-22 06:19:11,31400.0,200.0,1527900.0
890,2021-10-22 06:19:11,31400.0,2200.0,1527700.0
891,2021-10-22 06:19:09,31450.0,200.0,1525500.0
892,2021-10-22 06:19:09,31450.0,800.0,1525300.0
893,2021-10-22 06:19:09,31400.0,800.0,1524500.0
894,2021-10-22 06:19:09,31400.0,200.0,1523700.0
895,2021-10-22 06:19:09,31400.0,200.0,1523500.0
896,2021-10-22 06:19:09,31400.0,800.0,1523300.0
897,2021-10-22 06:19:09,31450.0,200.0,1522500.0
898,2021-10-22 06:19:09,31450.0,300.0,1522300.0
899,2021-10-22 06:19:05,31450.0,200.0,1522000.0
900,2021-10-22 06:19:05,31450.0,1100.0,1521800.0
901,2021-10-22 06:19:02,31450.0,900.0,1520700.0
902,2021-10-22 06:19:02,31450.0,1100.0,1519800.0
903,2021-10-22 06:18:59,31450.0,500.0,1518700.0
904,2021-10-22 06:18:59,31450.0,400.0,1518200.0
905,2021-10-22 06:18:57,31450.0,100.0,1517800.0
906,2021-10-22 06:18:56,31400.0,1000.0,1517700.0
907,2021-10-22 06:18:52,31450.0,100.0,1516700.0
908,2021-10-22 06:18:52,31450.0,1000.0,1516600.0
909,2021-10-22 06:18:48,31400.0,2800.0,1515600.0
910,2021-10-22 06:18:48,31400.0,500.0,1512800.0
911,2021-10-22 06:18:48,31400.0,2000.0,1512300.0
912,2021-10-22 06:18:48,31400.0,500.0,1510300.0
913,2021-10-22 06:18:48,31400.0,4200.0,1509800.0
914,2021-10-22 06:18:47,31450.0,1000.0,1505600.0
915,2021-10-22 06:18:45,31400.0,100.0,1504600.0
916,2021-10-22 06:18:44,31450.0,100.0,1504500.0
917,2021-10-22 06:18:39,31450.0,700.0,1504400.0
918,2021-10-22 06:18:39,31450.0,4300.0,1503700.0
919,2021-10-22 06:18:36,31450.0,700.0,1499400.0
920,2021-10-22 06:18:36,31450.0,300.0,1498700.0
921,2021-10-22 06:18:34,31400.0,4000.0,1498400.0
922,2021-10-22 06:18:25,31400.0,5000.0,1494400.0
923,2021-10-22 06:18:24,31450.0,4700.0,1489400.0
924,2021-10-22 06:18:19,31400.0,500.0,1484700.0
925,2021-10-22 06:18:18,31400.0,100.0,1484200.0
926,2021-10-22 06:18:17,31400.0,1000.0,1484100.0
927,2021-10-22 06:18:16,31400.0,2000.0,1483100.0
928,2021-10-22 06:18:16,31400.0,1100.0,1481100.0
929,2021-10-22 06:18:15,31300.0,200.0,1480000.0
930,2021-10-22 06:18:15,31300.0,2800.0,1479800.0
931,2021-10-22 06:18:15,31350.0,2000.0,1477000.0
932,2021-10-22 06:18:13,31400.0,800.0,1475000.0
933,2021-10-22 06:18:11,31400.0,100.0,1474200.0
934,2021-10-22 06:18:05,31400.0,1000.0,1474100.0
935,2021-10-22 06:18:05,31400.0,2900.0,1473100.0
936,2021-10-22 06:18:02,31400.0,100.0,1470200.0
937,2021-10-22 06:17:47,31300.0,200.0,1470100.0
938,2021-10-22 06:17:47,31300.0,500.0,1469900.0
939,2021-10-22 06:17:47,31300.0,3100.0,1469400.0
940,2021-10-22 06:17:47,31300.0,3000.0,1466300.0
941,2021-10-22 06:17:47,31200.0,3000.0,1463300.0
942,2021-10-22 06:17:45,31300.0,1000.0,1460300.0
943,2021-10-22 06:17:44,31300.0,300.0,1459300.0
944,2021-10-22 06:17:43,31300.0,9400.0,1459000.0
945,2021-10-22 06:17:39,31300.0,300.0,1449600.0
946,2021-10-22 06:17:35,31300.0,1400.0,1449300.0
947,2021-10-22 06:17:35,31300.0,6000.0,1447900.0
948,2021-10-22 06:17:35,31300.0,300.0,1441900.0
949,2021-10-22 06:17:35,31300.0,1000.0,1441600.0
950,2021-10-22 06:17:35,31300.0,1000.0,1440600.0
951,2021-10-22 06:17:35,31300.0,300.0,1439600.0
952,2021-10-22 06:17:32,31200.0,1000.0,1439300.0
953,2021-10-22 06:17:32,31200.0,1500.0,1438300.0
954,2021-10-22 06:17:32,31200.0,4000.0,1436800.0
955,2021-10-22 06:17:32,31200.0,100.0,1432800.0
956,2021-10-22 06:17:32,31200.0,500.0,1432700.0
957,2021-10-22 06:17:32,31200.0,100.0,1432200.0
958,2021-10-22 06:17:32,31200.0,700.0,1432100.0
959,2021-10-22 06:17:27,31150.0,2000.0,1431400.0
960,2021-10-22 06:17:09,31100.0,200.0,1429400.0
961,2021-10-22 06:17:01,31000.0,300.0,1429200.0
962,2021-10-22 06:16:56,31000.0,700.0,1428900.0
963,2021-10-22 06:16:56,31000.0,300.0,1428200.0
964,2021-10-22 06:16:54,31000.0,500.0,1427900.0
965,2021-10-22 06:16:54,31000.0,1900.0,1427400.0
966,2021-10-22 06:16:53,31000.0,100.0,1425500.0
967,2021-10-22 06:16:53,31000.0,100.0,1425400.0
968,2021-10-22 06:16:53,31000.0,200.0,1425300.0
969,2021-10-22 06:16:53,31000.0,200.0,1425100.0
970,2021-10-22 06:16:53,31000.0,100.0,1424900.0
971,2021-10-22 06:16:53,31000.0,5800.0,1424800.0
972,2021-10-22 06:16:53,31000.0,100.0,1419000.0
973,2021-10-22 06:16:52,31000.0,2000.0,1418900.0
974,2021-10-22 06:16:51,31000.0,100.0,1416900.0
975,2021-10-22 06:16:49,31000.0,2000.0,1416800.0
976,2021-10-22 06:16:49,31000.0,100.0,1414800.0
977,2021-10-22 06:16:49,31000.0,100.0,1414700.0
978,2021-10-22 06:16:49,31000.0,100.0,1414600.0
979,2021-10-22 06:16:49,31000.0,2700.0,1414500.0
980,2021-10-22 06:16:48,31000.0,100.0,1411800.0
981,2021-10-22 06:16:42,31000.0,2400.0,1411700.0
982,2021-10-22 06:16:42,31000.0,1000.0,1409300.0
983,2021-10-22 06:16:42,31000.0,1000.0,1408300.0
984,2021-10-22 06:16:42,31000.0,600.0,1407300.0
985,2021-10-22 06:16:42,31000.0,1500.0,1406700.0
986,2021-10-22 06:16:42,31000.0,1300.0,1405200.0
987,2021-10-22 06:16:42,31000.0,1000.0,1403900.0
988,2021-10-22 06:16:42,31000.0,100.0,1402900.0
989,2021-10-22 06:16:42,31000.0,2600.0,1402800.0
990,2021-10-22 06:16:42,31000.0,500.0,1400200.0
991,2021-10-22 06:16:42,31000.0,500.0,1399700.0
992,2021-10-22 06:16:42,31000.0,500.0,1399200.0
993,2021-10-22 06:16:42,31000.0,200.0,1398700.0
994,2021-10-22 06:16:42,31000.0,200.0,1398500.0
995,2021-10-22 06:16:42,31000.0,2000.0,1398300.0
996,2021-10-22 06:16:42,31000.0,1000.0,1396300.0
997,2021-10-22 06:16:42,31000.0,1800.0,1395300.0
998,2021-10-22 06:16:42,31000.0,500.0,1393500.0
999,2021-10-22 06:16:42,31000.0,10000.0,1393000.0
1000,2021-10-22 06:16:42,31000.0,100.0,1383000.0
1001,2021-10-22 06:16:42,31000.0,100.0,1382900.0
1002,2021-10-22 06:16:42,31000.0,100.0,1382800.0
1003,2021-10-22 06:16:42,31000.0,1000.0,1382700.0
1004,2021-10-22 06:16:37,30950.0,500.0,1381700.0
1005,2021-10-22 06:16:37,30950.0,2500.0,1381200.0
1006,2021-10-22 06:16:35,30950.0,100.0,1378700.0
1007,2021-10-22 06:16:35,30950.0,500.0,1378600.0
1008,2021-10-22 06:16:29,30950.0,1900.0,1378100.0
1009,2021-10-22 06:16:20,30900.0,500.0,1376200.0
1010,2021-10-22 06:16:20,30900.0,100.0,1375700.0
1011,2021-10-22 06:16:20,30900.0,700.0,1375600.0
1012,2021-10-22 06:16:15,30900.0,300.0,1374900.0
1013,2021-10-22 06:16:15,30900.0,200.0,1374600.0
1014,2021-10-22 06:15:55,30850.0,9000.0,1374400.0
1015,2021-10-22 06:15:52,30850.0,1000.0,1365400.0
1016,2021-10-22 06:15:30,30800.0,2100.0,1364400.0
1017,2021-10-22 06:15:30,30800.0,2700.0,1362300.0
1018,2021-10-22 06:15:30,30800.0,1000.0,1359600.0
1019,2021-10-22 06:15:30,30800.0,1000.0,1358600.0
1020,2021-10-22 06:15:30,30800.0,300.0,1357600.0
1021,2021-10-22 06:15:28,30800.0,1400.0,1357300.0
1022,2021-10-22 06:15:28,30800.0,600.0,1355900.0
1023,2021-10-22 06:15:25,30800.0,4000.0,1355300.0
1024,2021-10-22 06:15:22,30800.0,400.0,1351300.0
1025,2021-10-22 06:15:22,30800.0,500.0,1350900.0
1026,2021-10-22 06:15:22,30800.0,100.0,1350400.0
1027,2021-10-22 06:15:22,30800.0,1000.0,1350300.0
1028,2021-10-22 06:15:18,30800.0,200.0,1349300.0
1029,2021-10-22 06:15:16,30800.0,3800.0,1349100.0
1030,2021-10-22 06:15:16,30800.0,1100.0,1345300.0
1031,2021-10-22 06:15:16,30800.0,5000.0,1344200.0
1032,2021-10-22 06:15:15,30800.0,4400.0,1339200.0
1033,2021-10-22 06:15:14,30800.0,16100.0,1334800.0
1034,2021-10-22 06:15:12,30800.0,2000.0,1318700.0
1035,2021-10-22 06:15:12,30800.0,300.0,1316700.0
1036,2021-10-22 06:15:01,30800.0,3800.0,1316400.0
1037,2021-10-22 06:15:01,30800.0,1000.0,1312600.0
1038,2021-10-22 06:15:01,30800.0,5000.0,1311600.0
1039,2021-10-22 06:15:01,30800.0,200.0,1306600.0
1040,2021-10-22 06:14:45,30800.0,800.0,1306400.0
1041,2021-10-22 06:14:45,30800.0,1000.0,1305600.0
1042,2021-10-22 06:14:45,30800.0,100.0,1304600.0
1043,2021-10-22 06:14:43,30800.0,900.0,1304500.0
1044,2021-10-22 06:14:43,30800.0,1600.0,1303600.0
1045,2021-10-22 06:14:43,30800.0,100.0,1302000.0
1046,2021-10-22 06:14:43,30800.0,2000.0,1301900.0
1047,2021-10-22 06:14:43,30800.0,400.0,1299900.0
1048,2021-10-22 06:14:33,30800.0,2800.0,1299500.0
1049,2021-10-22 06:14:33,30800.0,300.0,1296700.0
1050,2021-10-22 06:14:33,30800.0,300.0,1296400.0
1051,2021-10-22 06:14:33,30800.0,3000.0,1296100.0
1052,2021-10-22 06:14:33,30800.0,200.0,1293100.0
1053,2021-10-22 06:14:33,30750.0,10000.0,1292900.0
1054,2021-10-22 06:14:33,30700.0,1000.0,1282900.0
1055,2021-10-22 06:14:33,30700.0,300.0,1281900.0
1056,2021-10-22 06:14:33,30700.0,10000.0,1281600.0
1057,2021-10-22 06:14:33,30700.0,100.0,1271600.0
1058,2021-10-22 06:14:33,30700.0,1000.0,1271500.0
1059,2021-10-22 06:14:33,30700.0,100.0,1270500.0
1060,2021-10-22 06:14:33,30700.0,300.0,1270400.0
1061,2021-10-22 06:14:33,30700.0,300.0,1270100.0
1062,2021-10-22 06:14:33,30700.0,300.0,1269800.0
1063,2021-10-22 06:14:15,30700.0,4700.0,1269500.0
1064,2021-10-22 06:14:15,30650.0,5300.0,1264800.0
1065,2021-10-22 06:13:58,30650.0,1000.0,1259500.0
1066,2021-10-22 06:13:44,30650.0,1000.0,1258500.0
1067,2021-10-22 06:13:44,30650.0,1000.0,1257500.0
1068,2021-10-22 06:13:21,30650.0,1600.0,1256500.0
1069,2021-10-22 06:13:11,30650.0,100.0,1254900.0
1070,2021-10-22 06:13:11,30650.0,900.0,1254800.0
1071,2021-10-22 06:13:09,30650.0,1000.0,1253900.0
1072,2021-10-22 06:13:08,30650.0,5000.0,1252900.0
1073,2021-10-22 06:13:03,30650.0,2000.0,1247900.0
1074,2021-10-22 06:13:01,30650.0,100.0,1245900.0
1075,2021-10-22 06:12:53,30650.0,1000.0,1245800.0
1076,2021-10-22 06:12:31,30600.0,500.0,1244800.0
1077,2021-10-22 06:12:31,30600.0,100.0,1244300.0
1078,2021-10-22 06:12:31,30600.0,2600.0,1244200.0
1079,2021-10-22 06:12:30,30600.0,400.0,1241600.0
1080,2021-10-22 06:12:30,30600.0,200.0,1241200.0
1081,2021-10-22 06:12:30,30600.0,300.0,1241000.0
1082,2021-10-22 06:12:30,30600.0,200.0,1240700.0
1083,2021-10-22 06:12:30,30600.0,900.0,1240500.0
1084,2021-10-22 06:12:29,30600.0,2000.0,1239600.0
1085,2021-10-22 06:12:28,30600.0,7100.0,1237600.0
1086,2021-10-22 06:12:28,30600.0,2900.0,1230500.0
1087,2021-10-22 06:12:22,30600.0,5000.0,1227600.0
1088,2021-10-22 06:12:15,30600.0,2000.0,1222600.0
1089,2021-10-22 06:12:11,30600.0,100.0,1220600.0
1090,2021-10-22 06:12:11,30600.0,1900.0,1220500.0
1091,2021-10-22 06:12:05,30600.0,300.0,1218600.0
1092,2021-10-22 06:12:05,30600.0,200.0,1218300.0
1093,2021-10-22 06:11:59,30600.0,500.0,1218100.0
1094,2021-10-22 06:11:35,30550.0,300.0,1217600.0
1095,2021-10-22 06:11:35,30550.0,100.0,1217300.0
1096,2021-10-22 06:11:34,30550.0,100.0,1217200.0
1097,2021-10-22 06:11:34,30550.0,200.0,1217100.0
1098,2021-10-22 06:11:34,30550.0,2000.0,1216900.0
1099,2021-10-22 06:11:34,30550.0,3000.0,1214900.0
1100,2021-10-22 06:11:34,30550.0,100.0,1211900.0
1101,2021-10-22 06:11:34,30550.0,200.0,1211800.0
1102,2021-10-22 06:11:34,30550.0,300.0,1211600.0
1103,2021-10-22 06:11:34,30550.0,500.0,1211300.0
1104,2021-10-22 06:11:24,30550.0,9500.0,1210800.0
1105,2021-10-22 06:11:24,30550.0,500.0,1201300.0
1106,2021-10-22 06:11:17,30550.0,5000.0,1200800.0
1107,2021-10-22 06:11:16,30550.0,4500.0,1195800.0
1108,2021-10-22 06:11:12,30500.0,500.0,1191300.0
1109,2021-10-22 06:10:49,30500.0,3600.0,1190800.0
1110,2021-10-22 06:10:49,30500.0,1000.0,1187200.0
1111,2021-10-22 06:10:49,30500.0,10000.0,1186200.0
1112,2021-10-22 06:10:49,30500.0,5400.0,1176200.0
1113,2021-10-22 06:10:42,30500.0,500.0,1170800.0
1114,2021-10-22 06:10:42,30500.0,200.0,1170300.0
1115,2021-10-22 06:10:42,30500.0,500.0,1170100.0
1116,2021-10-22 06:10:42,30500.0,200.0,1169600.0
1117,2021-10-22 06:10:42,30500.0,300.0,1169400.0
1118,2021-10-22 06:10:42,30500.0,2900.0,1169100.0
1119,2021-10-22 06:10:34,30500.0,2100.0,1166200.0
1120,2021-10-22 06:10:34,30500.0,400.0,1164100.0
1121,2021-10-22 06:10:33,30500.0,500.0,1163700.0
1122,2021-10-22 06:10:32,30500.0,1100.0,1163200.0
1123,2021-10-22 06:10:32,30500.0,2100.0,1162100.0
1124,2021-10-22 06:10:26,30500.0,5000.0,1160000.0
1125,2021-10-22 06:10:24,30500.0,1000.0,1155000.0
1126,2021-10-22 06:10:23,30500.0,1900.0,1154000.0
1127,2021-10-22 06:10:23,30500.0,700.0,1152100.0
1128,2021-10-22 06:10:23,30500.0,2600.0,1151400.0
1129,2021-10-22 06:10:19,30500.0,500.0,1148800.0
1130,2021-10-22 06:10:15,30500.0,1600.0,1148300.0
1131,2021-10-22 06:10:08,30450.0,1000.0,1146700.0
1132,2021-10-22 06:09:59,30500.0,300.0,1145700.0
1133,2021-10-22 06:09:59,30500.0,4700.0,1145400.0
1134,2021-10-22 06:09:53,30500.0,1900.0,1140700.0
1135,2021-10-22 06:09:53,30500.0,500.0,1138800.0
1136,2021-10-22 06:09:53,30500.0,200.0,1138300.0
1137,2021-10-22 06:09:53,30500.0,900.0,1138100.0
1138,2021-10-22 06:08:28,30500.0,200.0,1137200.0
1139,2021-10-22 06:08:28,30500.0,300.0,1137000.0
1140,2021-10-22 06:08:28,30500.0,4500.0,1136700.0
1141,2021-10-22 06:07:12,30450.0,1000.0,1132200.0
1142,2021-10-22 06:06:33,30450.0,2000.0,1131200.0
1143,2021-10-22 06:06:32,30500.0,100.0,1129200.0
1144,2021-10-22 06:06:11,30450.0,200.0,1129100.0
1145,2021-10-22 06:05:28,30450.0,4000.0,1128900.0
1146,2021-10-22 06:05:28,30450.0,1000.0,1124900.0
1147,2021-10-22 06:05:19,30500.0,100.0,1123900.0
1148,2021-10-22 06:05:05,30500.0,100.0,1123800.0
1149,2021-10-22 06:05:04,30500.0,100.0,1123700.0
1150,2021-10-22 06:04:59,30500.0,100.0,1123600.0
1151,2021-10-22 06:04:07,30500.0,300.0,1123500.0
1152,2021-10-22 06:03:29,30400.0,100.0,1123200.0
1153,2021-10-22 06:02:50,30400.0,13700.0,1123100.0
1154,2021-10-22 06:02:50,30400.0,3300.0,1109400.0
1155,2021-10-22 06:02:20,30400.0,1000.0,1106100.0
1156,2021-10-22 06:01:27,30400.0,200.0,1105100.0
1157,2021-10-22 06:01:27,30450.0,500.0,1104900.0
1158,2021-10-22 06:01:27,30450.0,300.0,1104400.0
1159,2021-10-22 06:01:27,30450.0,200.0,1104100.0
1160,2021-10-22 06:01:27,30450.0,200.0,1103900.0
1161,2021-10-22 06:01:27,30450.0,500.0,1103700.0
1162,2021-10-22 06:01:27,30450.0,100.0,1103200.0
1163,2021-10-22 06:00:30,30450.0,4900.0,1103100.0
1164,2021-10-22 06:00:30,30450.0,4600.0,1098200.0
1165,2021-10-22 06:00:29,30450.0,400.0,1093600.0
1166,2021-10-22 06:00:29,30450.0,100.0,1093200.0
1167,2021-10-22 06:00:29,30450.0,100.0,1093100.0
1168,2021-10-22 06:00:27,30450.0,100.0,1093000.0
1169,2021-10-22 06:00:27,30450.0,900.0,1092900.0
1170,2021-10-22 06:00:20,30500.0,100.0,1092000.0
1171,2021-10-22 06:00:06,30500.0,4600.0,1091900.0
1172,2021-10-22 06:00:06,30500.0,500.0,1087300.0
1173,2021-10-22 06:00:06,30500.0,4900.0,1086800.0
1174,2021-10-22 06:00:04,30450.0,200.0,1081900.0
1175,2021-10-22 06:00:00,30500.0,5100.0,1081700.0
1176,2021-10-22 06:00:00,30500.0,3000.0,1076600.0
1177,2021-10-22 06:00:00,30500.0,800.0,1073600.0
1178,2021-10-22 06:00:00,30500.0,500.0,1072800.0
1179,2021-10-22 06:00:00,30500.0,1000.0,1072300.0
1180,2021-10-22 06:00:00,30500.0,200.0,1071300.0
1181,2021-10-22 06:00:00,30500.0,3500.0,1071100.0
1182,2021-10-22 06:00:00,30500.0,2000.0,1067600.0
1183,2021-10-22 06:00:00,30500.0,100.0,1065600.0
1184,2021-10-22 06:00:00,30500.0,100.0,1065500.0
1185,2021-10-22 06:00:00,30500.0,100.0,1065400.0
1186,2021-10-22 06:00:00,30500.0,1000.0,1065300.0
1187,2021-10-22 06:00:00,30500.0,200.0,1064300.0
1188,2021-10-22 06:00:00,30500.0,500.0,1064100.0
1189,2021-10-22 06:00:00,30500.0,1000.0,1063600.0
1190,2021-10-22 06:00:00,30500.0,900.0,1062600.0
1191,2021-10-22 04:29:18,30450.0,3900.0,1061700.0
1192,2021-10-22 04:29:18,30450.0,100.0,1057800.0
1193,2021-10-22 04:28:39,30450.0,1600.0,1057700.0
1194,2021-10-22 04:28:38,30450.0,100.0,1056100.0
1195,2021-10-22 04:28:38,30450.0,500.0,1056000.0
1196,2021-10-22 04:28:38,30450.0,500.0,1055500.0
1197,2021-10-22 04:28:38,30450.0,100.0,1055000.0
1198,2021-10-22 04:28:38,30450.0,2000.0,1054900.0
1199,2021-10-22 04:28:38,30450.0,300.0,1052900.0
1200,2021-10-22 04:28:15,30450.0,300.0,1052600.0
1201,2021-10-22 04:28:00,30400.0,200.0,1052300.0
1202,2021-10-22 04:27:40,30450.0,400.0,1052100.0
1203,2021-10-22 04:27:40,30450.0,100.0,1051700.0
1204,2021-10-22 04:27:40,30450.0,500.0,1051600.0
1205,2021-10-22 04:27:03,30400.0,300.0,1051100.0
1206,2021-10-22 04:27:01,30400.0,3000.0,1050800.0
1207,2021-10-22 04:26:54,30400.0,1700.0,1047800.0
1208,2021-10-22 04:26:54,30400.0,100.0,1046100.0
1209,2021-10-22 04:26:54,30400.0,1200.0,1046000.0
1210,2021-10-22 04:26:51,30400.0,100.0,1044800.0
1211,2021-10-22 04:26:25,30350.0,1800.0,1044700.0
1212,2021-10-22 04:26:25,30350.0,200.0,1042900.0
1213,2021-10-22 04:26:16,30400.0,2700.0,1042700.0
1214,2021-10-22 04:26:16,30400.0,5300.0,1040000.0
1215,2021-10-22 04:25:49,30350.0,4800.0,1034700.0
1216,2021-10-22 04:25:43,30350.0,3000.0,1029900.0
1217,2021-10-22 04:25:37,30350.0,1000.0,1026900.0
1218,2021-10-22 04:25:37,30350.0,200.0,1025900.0
1219,2021-10-22 04:25:21,30350.0,4800.0,1025700.0
1220,2021-10-22 04:25:04,30300.0,100.0,1020900.0
1221,2021-10-22 04:25:04,30300.0,100.0,1020800.0
1222,2021-10-22 04:24:58,30350.0,1300.0,1020700.0
1223,2021-10-22 04:24:58,30350.0,1000.0,1019400.0
1224,2021-10-22 04:24:58,30350.0,2700.0,1018400.0
1225,2021-10-22 04:24:49,30350.0,1000.0,1015700.0
1226,2021-10-22 04:24:24,30300.0,200.0,1014700.0
1227,2021-10-22 04:23:58,30300.0,2000.0,1014500.0
1228,2021-10-22 04:23:05,30300.0,3700.0,1012500.0
1229,2021-10-22 04:23:05,30300.0,1000.0,1008800.0
1230,2021-10-22 04:23:05,30300.0,200.0,1007800.0
1231,2021-10-22 04:23:05,30300.0,100.0,1007600.0
1232,2021-10-22 04:22:58,30300.0,900.0,1007500.0
1233,2021-10-22 04:22:58,30300.0,100.0,1006600.0
1234,2021-10-22 04:22:58,30300.0,3000.0,1006500.0
1235,2021-10-22 04:22:58,30300.0,100.0,1003500.0
1236,2021-10-22 04:22:58,30300.0,1000.0,1003400.0
1237,2021-10-22 04:22:58,30300.0,3900.0,1002400.0
1238,2021-10-22 04:22:53,30350.0,10000.0,998500.0
1239,2021-10-22 04:22:42,30300.0,100.0,988500.0
1240,2021-10-22 04:22:10,30300.0,1300.0,988400.0
1241,2021-10-22 04:21:49,30350.0,1000.0,987100.0
1242,2021-10-22 04:21:43,30300.0,200.0,986100.0
1243,2021-10-22 04:21:27,30300.0,4500.0,985900.0
1244,2021-10-22 04:21:27,30300.0,100.0,981400.0
1245,2021-10-22 04:21:27,30300.0,1000.0,981300.0
1246,2021-10-22 04:21:27,30300.0,700.0,980300.0
1247,2021-10-22 04:21:27,30300.0,3000.0,979600.0
1248,2021-10-22 04:21:27,30300.0,200.0,976600.0
1249,2021-10-22 04:21:27,30300.0,100.0,976400.0
1250,2021-10-22 04:21:27,30300.0,400.0,976300.0
1251,2021-10-22 04:21:20,30350.0,1600.0,975900.0
1252,2021-10-22 04:21:19,30350.0,200.0,974300.0
1253,2021-10-22 04:21:18,30350.0,1800.0,974100.0
1254,2021-10-22 04:20:55,30350.0,100.0,972300.0
1255,2021-10-22 04:20:50,30350.0,100.0,972200.0
1256,2021-10-22 04:20:42,30350.0,500.0,972100.0
1257,2021-10-22 04:20:41,30350.0,100.0,971600.0
1258,2021-10-22 04:20:37,30350.0,100.0,971500.0
1259,2021-10-22 04:20:27,30350.0,200.0,971400.0
1260,2021-10-22 04:20:27,30350.0,200.0,971200.0
1261,2021-10-22 04:20:27,30350.0,200.0,971000.0
1262,2021-10-22 04:20:27,30350.0,800.0,970800.0
1263,2021-10-22 04:20:27,30350.0,2000.0,970000.0
1264,2021-10-22 04:20:27,30350.0,100.0,968000.0
1265,2021-10-22 04:20:27,30350.0,1400.0,967900.0
1266,2021-10-22 04:20:27,30350.0,900.0,966500.0
1267,2021-10-22 04:20:22,30400.0,200.0,965600.0
1268,2021-10-22 04:20:03,30350.0,100.0,965400.0
1269,2021-10-22 04:19:23,30350.0,300.0,965300.0
1270,2021-10-22 04:18:59,30400.0,9500.0,965000.0
1271,2021-10-22 04:18:59,30400.0,1000.0,955500.0
1272,2021-10-22 04:18:59,30400.0,200.0,954500.0
1273,2021-10-22 04:18:59,30400.0,200.0,954300.0
1274,2021-10-22 04:18:59,30400.0,4100.0,954100.0
1275,2021-10-22 04:18:28,30350.0,100.0,950000.0
1276,2021-10-22 04:16:53,30350.0,100.0,949900.0
1277,2021-10-22 04:16:52,30350.0,500.0,949800.0
1278,2021-10-22 04:16:27,30350.0,1500.0,949300.0
1279,2021-10-22 04:16:27,30350.0,2800.0,947800.0
1280,2021-10-22 04:15:34,30350.0,1200.0,945000.0
1281,2021-10-22 04:15:34,30350.0,100.0,943800.0
1282,2021-10-22 04:15:34,30350.0,100.0,943700.0
1283,2021-10-22 04:15:34,30350.0,4000.0,943600.0
1284,2021-10-22 04:15:34,30350.0,4600.0,939600.0
1285,2021-10-22 04:14:45,30400.0,100.0,935000.0
1286,2021-10-22 04:14:36,30400.0,700.0,934900.0
1287,2021-10-22 04:14:28,30400.0,5000.0,934200.0
1288,2021-10-22 04:14:08,30400.0,100.0,929200.0
1289,2021-10-22 04:14:08,30400.0,400.0,929100.0
1290,2021-10-22 04:13:48,30400.0,600.0,928700.0
1291,2021-10-22 04:13:27,30400.0,500.0,928100.0
1292,2021-10-22 04:11:53,30400.0,500.0,927600.0
1293,2021-10-22 04:11:48,30400.0,300.0,927100.0
1294,2021-10-22 04:11:28,30400.0,100.0,926800.0
1295,2021-10-22 04:10:18,30350.0,2900.0,926700.0
1296,2021-10-22 04:10:18,30350.0,1100.0,923800.0
1297,2021-10-22 04:10:17,30400.0,100.0,922700.0
1298,2021-10-22 04:10:07,30350.0,1500.0,922600.0
1299,2021-10-22 04:09:52,30350.0,300.0,921100.0
1300,2021-10-22 04:09:08,30350.0,900.0,920800.0
1301,2021-10-22 04:08:24,30350.0,1200.0,919900.0
1302,2021-10-22 04:08:24,30350.0,800.0,918700.0
1303,2021-10-22 04:08:07,30350.0,200.0,917900.0
1304,2021-10-22 04:08:04,30350.0,100.0,917700.0
1305,2021-10-22 04:08:04,30350.0,900.0,917600.0
1306,2021-10-22 04:07:58,30350.0,100.0,916700.0
1307,2021-10-22 04:07:29,30350.0,100.0,916600.0
1308,2021-10-22 04:07:20,30300.0,600.0,916500.0
1309,2021-10-22 04:07:20,30300.0,2000.0,915900.0
1310,2021-10-22 04:07:20,30300.0,100.0,913900.0
1311,2021-10-22 04:07:20,30300.0,100.0,913800.0
1312,2021-10-22 04:07:20,30300.0,200.0,913700.0
1313,2021-10-22 04:07:18,30350.0,5000.0,913500.0
1314,2021-10-22 04:07:05,30350.0,500.0,908500.0
1315,2021-10-22 04:07:05,30350.0,500.0,908000.0
1316,2021-10-22 04:06:51,30350.0,100.0,907500.0
1317,2021-10-22 04:06:38,30350.0,5000.0,907400.0
1318,2021-10-22 04:05:49,30300.0,100.0,902400.0
1319,2021-10-22 04:05:49,30300.0,100.0,902300.0
1320,2021-10-22 04:05:47,30350.0,100.0,902200.0
1321,2021-10-22 04:05:45,30350.0,400.0,902100.0
1322,2021-10-22 04:05:15,30350.0,200.0,901700.0
1323,2021-10-22 04:05:05,30300.0,900.0,901500.0
1324,2021-10-22 04:05:05,30300.0,800.0,900600.0
1325,2021-10-22 04:05:05,30300.0,2000.0,899800.0
1326,2021-10-22 04:05:05,30300.0,2000.0,897800.0
1327,2021-10-22 04:05:05,30300.0,3300.0,895800.0
1328,2021-10-22 04:04:34,30300.0,1000.0,892500.0
1329,2021-10-22 04:04:34,30300.0,1000.0,891500.0
1330,2021-10-22 04:04:34,30300.0,6000.0,890500.0
1331,2021-10-22 04:04:34,30300.0,100.0,884500.0
1332,2021-10-22 04:04:34,30300.0,900.0,884400.0
1333,2021-10-22 04:04:00,30300.0,1100.0,883500.0
1334,2021-10-22 04:04:00,30300.0,200.0,882400.0
1335,2021-10-22 04:04:00,30300.0,1000.0,882200.0
1336,2021-10-22 04:04:00,30300.0,1000.0,881200.0
1337,2021-10-22 04:04:00,30300.0,2500.0,880200.0
1338,2021-10-22 04:04:00,30300.0,3200.0,877700.0
1339,2021-10-22 04:03:34,30350.0,300.0,874500.0
1340,2021-10-22 04:03:33,30350.0,3000.0,874200.0
1341,2021-10-22 04:03:30,30350.0,400.0,871200.0
1342,2021-10-22 04:03:24,30350.0,100.0,870800.0
1343,2021-10-22 04:03:06,30350.0,7300.0,870700.0
1344,2021-10-22 04:02:56,30350.0,1000.0,863400.0
1345,2021-10-22 04:02:06,30350.0,100.0,862400.0
1346,2021-10-22 04:01:18,30300.0,1800.0,862300.0
1347,2021-10-22 04:01:18,30300.0,400.0,860500.0
1348,2021-10-22 04:01:18,30300.0,800.0,860100.0
1349,2021-10-22 04:01:16,30350.0,1300.0,859300.0
1350,2021-10-22 04:01:16,30350.0,100.0,858000.0
1351,2021-10-22 04:01:16,30350.0,3100.0,857900.0
1352,2021-10-22 04:01:10,30350.0,1000.0,854800.0
1353,2021-10-22 04:00:37,30350.0,100.0,853800.0
1354,2021-10-22 04:00:24,30350.0,500.0,853700.0
1355,2021-10-22 04:00:11,30300.0,200.0,853200.0
1356,2021-10-22 04:00:11,30300.0,300.0,853000.0
1357,2021-10-22 04:00:11,30300.0,500.0,852700.0
1358,2021-10-22 04:00:11,30300.0,100.0,852200.0
1359,2021-10-22 04:00:11,30300.0,100.0,852100.0
1360,2021-10-22 04:00:11,30300.0,800.0,852000.0
1361,2021-10-22 04:00:08,30300.0,1000.0,851200.0
1362,2021-10-22 03:59:15,30300.0,300.0,850200.0
1363,2021-10-22 03:58:58,30300.0,100.0,849900.0
1364,2021-10-22 03:57:57,30300.0,200.0,849800.0
1365,2021-10-22 03:57:57,30300.0,2600.0,849600.0
1366,2021-10-22 03:57:06,30250.0,100.0,847000.0
1367,2021-10-22 03:57:04,30300.0,1000.0,846900.0
1368,2021-10-22 03:56:49,30300.0,1500.0,845900.0
1369,2021-10-22 03:56:41,30300.0,4000.0,844400.0
1370,2021-10-22 03:56:41,30250.0,1000.0,840400.0
1371,2021-10-22 03:56:33,30250.0,100.0,839400.0
1372,2021-10-22 03:56:33,30250.0,3700.0,839300.0
1373,2021-10-22 03:56:33,30250.0,5000.0,835600.0
1374,2021-10-22 03:56:33,30250.0,500.0,830600.0
1375,2021-10-22 03:56:33,30250.0,200.0,830100.0
1376,2021-10-22 03:56:33,30250.0,100.0,829900.0
1377,2021-10-22 03:56:33,30250.0,1000.0,829800.0
1378,2021-10-22 03:56:33,30250.0,200.0,828800.0
1379,2021-10-22 03:56:33,30250.0,5000.0,828600.0
1380,2021-10-22 03:56:33,30250.0,100.0,823600.0
1381,2021-10-22 03:56:33,30250.0,1000.0,823500.0
1382,2021-10-22 03:56:33,30250.0,200.0,822500.0
1383,2021-10-22 03:56:33,30250.0,300.0,822300.0
1384,2021-10-22 03:56:33,30250.0,200.0,822000.0
1385,2021-10-22 03:56:33,30250.0,100.0,821800.0
1386,2021-10-22 03:56:33,30250.0,1000.0,821700.0
1387,2021-10-22 03:56:22,30300.0,900.0,820700.0
1388,2021-10-22 03:56:22,30300.0,1100.0,819800.0
1389,2021-10-22 03:56:14,30300.0,2000.0,818700.0
1390,2021-10-22 03:56:08,30300.0,100.0,816700.0
1391,2021-10-22 03:55:56,30300.0,1000.0,816600.0
1392,2021-10-22 03:55:48,30300.0,1800.0,815600.0
1393,2021-10-22 03:55:48,30300.0,3200.0,813800.0
1394,2021-10-22 03:55:45,30250.0,500.0,810600.0
1395,2021-10-22 03:55:43,30300.0,300.0,810100.0
1396,2021-10-22 03:55:43,30300.0,1500.0,809800.0
1397,2021-10-22 03:55:42,30300.0,1000.0,808300.0
1398,2021-10-22 03:55:13,30300.0,1900.0,807300.0
1399,2021-10-22 03:55:13,30300.0,600.0,805400.0
1400,2021-10-22 03:55:13,30300.0,1000.0,804800.0
1401,2021-10-22 03:54:59,30300.0,1000.0,803800.0
1402,2021-10-22 03:54:47,30300.0,2000.0,802800.0
1403,2021-10-22 03:54:47,30300.0,300.0,800800.0
1404,2021-10-22 03:54:47,30300.0,100.0,800500.0
1405,2021-10-22 03:54:47,30300.0,100.0,800400.0
1406,2021-10-22 03:54:47,30300.0,6900.0,800300.0
1407,2021-10-22 03:54:34,30300.0,1100.0,793400.0
1408,2021-10-22 03:54:34,30300.0,500.0,792300.0
1409,2021-10-22 03:54:34,30300.0,500.0,791800.0
1410,2021-10-22 03:54:34,30300.0,2500.0,791300.0
1411,2021-10-22 03:54:34,30300.0,200.0,788800.0
1412,2021-10-22 03:54:34,30300.0,200.0,788600.0
1413,2021-10-22 03:54:34,30300.0,100.0,788400.0
1414,2021-10-22 03:54:34,30300.0,100.0,788300.0
1415,2021-10-22 03:54:34,30300.0,100.0,788200.0
1416,2021-10-22 03:54:34,30300.0,100.0,788100.0
1417,2021-10-22 03:54:34,30300.0,500.0,788000.0
1418,2021-10-22 03:54:34,30300.0,2000.0,787500.0
1419,2021-10-22 03:54:34,30300.0,100.0,785500.0
1420,2021-10-22 03:54:34,30300.0,100.0,785400.0
1421,2021-10-22 03:53:15,30300.0,1900.0,785300.0
1422,2021-10-22 03:53:15,30300.0,100.0,783400.0
1423,2021-10-22 03:53:15,30300.0,300.0,783300.0
1424,2021-10-22 03:53:15,30300.0,1000.0,783000.0
1425,2021-10-22 03:53:15,30300.0,200.0,782000.0
1426,2021-10-22 03:53:15,30300.0,100.0,781800.0
1427,2021-10-22 03:53:15,30300.0,5000.0,781700.0
1428,2021-10-22 03:53:15,30300.0,3000.0,776700.0
1429,2021-10-22 03:53:15,30300.0,100.0,773700.0
1430,2021-10-22 03:53:15,30300.0,200.0,773600.0
1431,2021-10-22 03:53:15,30300.0,900.0,773400.0
1432,2021-10-22 03:52:04,30300.0,100.0,772500.0
1433,2021-10-22 03:52:04,30300.0,100.0,772400.0
1434,2021-10-22 03:52:04,30300.0,100.0,772300.0
1435,2021-10-22 03:51:42,30350.0,100.0,772200.0
1436,2021-10-22 03:51:05,30350.0,300.0,772100.0
1437,2021-10-22 03:50:58,30350.0,100.0,771800.0
1438,2021-10-22 03:50:58,30350.0,500.0,771700.0
1439,2021-10-22 03:50:58,30350.0,200.0,771200.0
1440,2021-10-22 03:50:58,30350.0,200.0,771000.0
1441,2021-10-22 03:50:58,30350.0,300.0,770800.0
1442,2021-10-22 03:50:58,30350.0,100.0,770500.0
1443,2021-10-22 03:50:58,30350.0,300.0,770400.0
1444,2021-10-22 03:50:58,30350.0,1000.0,770100.0
1445,2021-10-22 03:50:58,30350.0,1200.0,769100.0
1446,2021-10-22 03:50:42,30350.0,1400.0,767900.0
1447,2021-10-22 03:50:35,30350.0,100.0,766500.0
1448,2021-10-22 03:50:35,30350.0,5200.0,766400.0
1449,2021-10-22 03:50:25,30350.0,1900.0,761200.0
1450,2021-10-22 03:50:14,30350.0,100.0,759300.0
1451,2021-10-22 03:49:39,30350.0,5300.0,759200.0
1452,2021-10-22 03:49:35,30350.0,3000.0,753900.0
1453,2021-10-22 03:49:06,30400.0,300.0,750900.0
1454,2021-10-22 03:48:52,30400.0,100.0,750600.0
1455,2021-10-22 03:48:42,30350.0,4500.0,750500.0
1456,2021-10-22 03:48:42,30350.0,500.0,746000.0
1457,2021-10-22 03:48:40,30400.0,1000.0,745500.0
1458,2021-10-22 03:47:54,30400.0,1000.0,744500.0
1459,2021-10-22 03:47:44,30400.0,300.0,743500.0
1460,2021-10-22 03:47:22,30400.0,1000.0,743200.0
1461,2021-10-22 03:47:22,30400.0,100.0,742200.0
1462,2021-10-22 03:47:22,30400.0,1000.0,742100.0
1463,2021-10-22 03:47:22,30400.0,500.0,741100.0
1464,2021-10-22 03:47:22,30400.0,4500.0,740600.0
1465,2021-10-22 03:46:33,30400.0,500.0,736100.0
1466,2021-10-22 03:46:33,30400.0,100.0,735600.0
1467,2021-10-22 03:46:33,30400.0,100.0,735500.0
1468,2021-10-22 03:46:33,30400.0,300.0,735400.0
1469,2021-10-22 03:45:58,30400.0,200.0,735100.0
1470,2021-10-22 03:45:58,30400.0,300.0,734900.0
1471,2021-10-22 03:45:58,30400.0,100.0,734600.0
1472,2021-10-22 03:45:58,30400.0,200.0,734500.0
1473,2021-10-22 03:45:58,30400.0,1000.0,734300.0
1474,2021-10-22 03:45:58,30400.0,2000.0,733300.0
1475,2021-10-22 03:45:58,30400.0,200.0,731300.0
1476,2021-10-22 03:45:13,30400.0,300.0,731100.0
1477,2021-10-22 03:45:13,30400.0,200.0,730800.0
1478,2021-10-22 03:45:13,30400.0,500.0,730600.0
1479,2021-10-22 03:45:13,30400.0,300.0,730100.0
1480,2021-10-22 03:45:13,30400.0,300.0,729800.0
1481,2021-10-22 03:45:13,30400.0,100.0,729500.0
1482,2021-10-22 03:45:13,30400.0,100.0,729400.0
1483,2021-10-22 03:45:13,30400.0,200.0,729300.0
1484,2021-10-22 03:45:13,30400.0,1000.0,729100.0
1485,2021-10-22 03:45:13,30400.0,1000.0,728100.0
1486,2021-10-22 03:45:13,30400.0,4500.0,727100.0
1487,2021-10-22 03:45:13,30400.0,1500.0,722600.0
1488,2021-10-22 03:44:54,30400.0,300.0,721100.0
1489,2021-10-22 03:44:54,30400.0,200.0,720800.0
1490,2021-10-22 03:44:40,30400.0,1000.0,720600.0
1491,2021-10-22 03:44:29,30400.0,3900.0,719600.0
1492,2021-10-22 03:43:49,30450.0,700.0,715700.0
1493,2021-10-22 03:43:49,30450.0,300.0,715000.0
1494,2021-10-22 03:43:35,30450.0,500.0,714700.0
1495,2021-10-22 03:43:34,30400.0,1500.0,714200.0
1496,2021-10-22 03:43:09,30450.0,100.0,712700.0
1497,2021-10-22 03:43:00,30450.0,2400.0,712600.0
1498,2021-10-22 03:43:00,30450.0,100.0,710200.0
1499,2021-10-22 03:43:00,30450.0,500.0,710100.0
1500,2021-10-22 03:42:57,30450.0,500.0,709600.0
1501,2021-10-22 03:42:26,30450.0,200.0,709100.0
1502,2021-10-22 03:42:23,30450.0,200.0,708900.0
1503,2021-10-22 03:42:23,30450.0,300.0,708700.0
1504,2021-10-22 03:41:42,30400.0,2900.0,708400.0
1505,2021-10-22 03:41:41,30450.0,1700.0,705500.0
1506,2021-10-22 03:41:41,30450.0,300.0,703800.0
1507,2021-10-22 03:41:11,30400.0,500.0,703500.0
1508,2021-10-22 03:40:56,30400.0,500.0,703000.0
1509,2021-10-22 03:40:45,30400.0,9500.0,702500.0
1510,2021-10-22 03:40:45,30400.0,500.0,693000.0
1511,2021-10-22 03:40:11,30450.0,200.0,692500.0
1512,2021-10-22 03:39:59,30450.0,500.0,692300.0
1513,2021-10-22 03:39:39,30450.0,2000.0,691800.0
1514,2021-10-22 03:39:11,30400.0,100.0,689800.0
1515,2021-10-22 03:39:11,30400.0,700.0,689700.0
1516,2021-10-22 03:39:11,30450.0,100.0,689000.0
1517,2021-10-22 03:39:11,30450.0,1000.0,688900.0
1518,2021-10-22 03:39:11,30450.0,1000.0,687900.0
1519,2021-10-22 03:39:11,30450.0,200.0,686900.0
1520,2021-10-22 03:39:11,30450.0,900.0,686700.0
1521,2021-10-22 03:38:52,30450.0,200.0,685800.0
1522,2021-10-22 03:37:45,30450.0,200.0,685600.0
1523,2021-10-22 03:37:45,30450.0,100.0,685400.0
1524,2021-10-22 03:37:45,30450.0,500.0,685300.0
1525,2021-10-22 03:37:45,30450.0,100.0,684800.0
1526,2021-10-22 03:37:38,30450.0,1500.0,684700.0
1527,2021-10-22 03:37:38,30450.0,500.0,683200.0
1528,2021-10-22 03:37:27,30450.0,500.0,682700.0
1529,2021-10-22 03:37:27,30450.0,100.0,682200.0
1530,2021-10-22 03:37:27,30450.0,400.0,682100.0
1531,2021-10-22 03:37:25,30400.0,100.0,681700.0
1532,2021-10-22 03:37:24,30450.0,2000.0,681600.0
1533,2021-10-22 03:36:55,30450.0,2600.0,679600.0
1534,2021-10-22 03:36:55,30450.0,100.0,677000.0
1535,2021-10-22 03:36:55,30450.0,300.0,676900.0
1536,2021-10-22 03:36:31,30450.0,200.0,676600.0
1537,2021-10-22 03:36:28,30400.0,1000.0,676400.0
1538,2021-10-22 03:35:38,30450.0,1000.0,675400.0
1539,2021-10-22 03:34:54,30450.0,100.0,674400.0
1540,2021-10-22 03:34:29,30450.0,100.0,674300.0
1541,2021-10-22 03:34:29,30450.0,500.0,674200.0
1542,2021-10-22 03:34:29,30450.0,2800.0,673700.0
1543,2021-10-22 03:33:32,30450.0,1000.0,670900.0
1544,2021-10-22 03:33:24,30450.0,200.0,669900.0
1545,2021-10-22 03:33:13,30450.0,400.0,669700.0
1546,2021-10-22 03:32:37,30450.0,500.0,669300.0
1547,2021-10-22 03:31:05,30450.0,200.0,668800.0
1548,2021-10-22 03:30:46,30450.0,900.0,668600.0
1549,2021-10-22 03:30:14,30450.0,100.0,667700.0
1550,2021-10-22 03:29:56,30500.0,100.0,667600.0
1551,2021-10-22 03:29:33,30450.0,100.0,667500.0
1552,2021-10-22 03:29:01,30450.0,100.0,667400.0
1553,2021-10-22 03:28:52,30450.0,500.0,667300.0
1554,2021-10-22 03:28:48,30450.0,300.0,666800.0
1555,2021-10-22 03:28:37,30450.0,200.0,666500.0
1556,2021-10-22 03:28:37,30450.0,100.0,666300.0
1557,2021-10-22 03:28:37,30450.0,700.0,666200.0
1558,2021-10-22 03:27:59,30450.0,100.0,665500.0
1559,2021-10-22 03:27:45,30450.0,100.0,665400.0
1560,2021-10-22 03:27:16,30450.0,300.0,665300.0
1561,2021-10-22 03:27:16,30450.0,5000.0,665000.0
1562,2021-10-22 03:27:16,30450.0,3800.0,660000.0
1563,2021-10-22 03:26:21,30450.0,1200.0,656200.0
1564,2021-10-22 03:26:21,30450.0,200.0,655000.0
1565,2021-10-22 03:26:21,30450.0,200.0,654800.0
1566,2021-10-22 03:26:21,30450.0,100.0,654600.0
1567,2021-10-22 03:26:21,30450.0,1100.0,654500.0
1568,2021-10-22 03:26:13,30450.0,100.0,653400.0
1569,2021-10-22 03:26:00,30450.0,300.0,653300.0
1570,2021-10-22 03:26:00,30450.0,200.0,653000.0
1571,2021-10-22 03:25:29,30400.0,200.0,652800.0
1572,2021-10-22 03:25:13,30400.0,200.0,652600.0
1573,2021-10-22 03:25:02,30400.0,2600.0,652400.0
1574,2021-10-22 03:25:02,30400.0,100.0,649800.0
1575,2021-10-22 03:25:02,30400.0,8800.0,649700.0
1576,2021-10-22 03:25:02,30400.0,1000.0,640900.0
1577,2021-10-22 03:25:02,30400.0,7500.0,639900.0
1578,2021-10-22 03:24:57,30400.0,2500.0,632400.0
1579,2021-10-22 03:24:57,30400.0,600.0,629900.0
1580,2021-10-22 03:24:57,30400.0,5900.0,629300.0
1581,2021-10-22 03:24:33,30400.0,4100.0,623400.0
1582,2021-10-22 03:24:33,30400.0,900.0,619300.0
1583,2021-10-22 03:24:22,30400.0,100.0,618400.0
1584,2021-10-22 03:24:22,30400.0,900.0,618300.0
1585,2021-10-22 03:24:06,30400.0,300.0,617400.0
1586,2021-10-22 03:23:41,30350.0,1500.0,617100.0
1587,2021-10-22 03:23:20,30400.0,500.0,615600.0
1588,2021-10-22 03:23:08,30400.0,300.0,615100.0
1589,2021-10-22 03:23:08,30400.0,300.0,614800.0
1590,2021-10-22 03:22:34,30350.0,100.0,614500.0
1591,2021-10-22 03:20:59,30300.0,9800.0,614400.0
1592,2021-10-22 03:20:43,30300.0,1000.0,604600.0
1593,2021-10-22 03:20:22,30300.0,8200.0,603600.0
1594,2021-10-22 03:20:22,30300.0,300.0,595400.0
1595,2021-10-22 03:20:22,30300.0,200.0,595100.0
1596,2021-10-22 03:20:22,30300.0,100.0,594900.0
1597,2021-10-22 03:20:22,30300.0,5000.0,594800.0
1598,2021-10-22 03:20:22,30350.0,2000.0,589800.0
1599,2021-10-22 03:20:22,30350.0,4200.0,587800.0
1600,2021-10-22 03:20:18,30350.0,800.0,583600.0
1601,2021-10-22 03:20:18,30350.0,3000.0,582800.0
1602,2021-10-22 03:19:54,30350.0,200.0,579800.0
1603,2021-10-22 03:19:48,30350.0,200.0,579600.0
1604,2021-10-22 03:19:45,30350.0,500.0,579400.0
1605,2021-10-22 03:19:45,30350.0,300.0,578900.0
1606,2021-10-22 03:19:42,30400.0,1500.0,578600.0
1607,2021-10-22 03:19:38,30350.0,800.0,577100.0
1608,2021-10-22 03:19:38,30350.0,200.0,576300.0
1609,2021-10-22 03:19:38,30350.0,2000.0,576100.0
1610,2021-10-22 03:19:38,30350.0,300.0,574100.0
1611,2021-10-22 03:19:38,30350.0,1200.0,573800.0
1612,2021-10-22 03:19:38,30350.0,100.0,572600.0
1613,2021-10-22 03:19:38,30350.0,900.0,572500.0
1614,2021-10-22 03:19:23,30400.0,200.0,571600.0
1615,2021-10-22 03:19:18,30400.0,2700.0,571400.0
1616,2021-10-22 03:19:13,30400.0,200.0,568700.0
1617,2021-10-22 03:19:11,30400.0,1100.0,568500.0
1618,2021-10-22 03:19:11,30400.0,900.0,567400.0
1619,2021-10-22 03:19:10,30400.0,500.0,566500.0
1620,2021-10-22 03:18:58,30400.0,100.0,566000.0
1621,2021-10-22 03:18:42,30400.0,500.0,565900.0
1622,2021-10-22 03:18:36,30400.0,100.0,565400.0
1623,2021-10-22 03:18:33,30400.0,1000.0,565300.0
1624,2021-10-22 03:18:32,30400.0,200.0,564300.0
1625,2021-10-22 03:18:21,30400.0,100.0,564100.0
1626,2021-10-22 03:17:50,30400.0,1000.0,564000.0
1627,2021-10-22 03:17:40,30400.0,500.0,563000.0
1628,2021-10-22 03:17:24,30400.0,1600.0,562500.0
1629,2021-10-22 03:17:15,30400.0,100.0,560900.0
1630,2021-10-22 03:17:11,30350.0,100.0,560800.0
1631,2021-10-22 03:17:09,30400.0,400.0,560700.0
1632,2021-10-22 03:17:09,30400.0,1000.0,560300.0
1633,2021-10-22 03:17:09,30400.0,200.0,559300.0
1634,2021-10-22 03:17:09,30400.0,100.0,559100.0
1635,2021-10-22 03:17:09,30400.0,100.0,559000.0
1636,2021-10-22 03:17:09,30400.0,100.0,558900.0
1637,2021-10-22 03:17:09,30400.0,500.0,558800.0
1638,2021-10-22 03:17:09,30400.0,200.0,558300.0
1639,2021-10-22 03:17:09,30400.0,400.0,558100.0
1640,2021-10-22 03:16:57,30400.0,10000.0,557700.0
1641,2021-10-22 03:15:47,30400.0,1000.0,547700.0
1642,2021-10-22 03:15:19,30400.0,100.0,546700.0
1643,2021-10-22 03:15:14,30400.0,300.0,546600.0
1644,2021-10-22 03:14:30,30400.0,2600.0,546300.0
1645,2021-10-22 03:13:53,30350.0,100.0,543700.0
1646,2021-10-22 03:13:53,30350.0,300.0,543600.0
1647,2021-10-22 03:13:13,30350.0,100.0,543300.0
1648,2021-10-22 03:13:07,30350.0,200.0,543200.0
1649,2021-10-22 03:13:07,30350.0,300.0,543000.0
1650,2021-10-22 03:12:59,30350.0,500.0,542700.0
1651,2021-10-22 03:12:57,30350.0,100.0,542200.0
1652,2021-10-22 03:12:47,30350.0,1000.0,542100.0
1653,2021-10-22 03:12:37,30350.0,500.0,541100.0
1654,2021-10-22 03:12:28,30350.0,900.0,540600.0
1655,2021-10-22 03:12:20,30300.0,3100.0,539700.0
1656,2021-10-22 03:12:12,30300.0,200.0,536600.0
1657,2021-10-22 03:12:06,30350.0,1700.0,536400.0
1658,2021-10-22 03:11:43,30300.0,1700.0,534700.0
1659,2021-10-22 03:11:43,30300.0,2100.0,533000.0
1660,2021-10-22 03:11:34,30300.0,2900.0,530900.0
1661,2021-10-22 03:11:34,30300.0,100.0,528000.0
1662,2021-10-22 03:11:34,30250.0,500.0,527900.0
1663,2021-10-22 03:11:34,30250.0,1100.0,527400.0
1664,2021-10-22 03:11:34,30250.0,300.0,526300.0
1665,2021-10-22 03:11:34,30250.0,2900.0,526000.0
1666,2021-10-22 03:11:23,30250.0,1000.0,523100.0
1667,2021-10-22 03:10:19,30250.0,1000.0,522100.0
1668,2021-10-22 03:10:09,30250.0,100.0,521100.0
1669,2021-10-22 03:09:54,30250.0,200.0,521000.0
1670,2021-10-22 03:09:51,30300.0,100.0,520800.0
1671,2021-10-22 03:09:13,30250.0,300.0,520700.0
1672,2021-10-22 03:08:52,30250.0,2500.0,520400.0
1673,2021-10-22 03:08:52,30250.0,1000.0,517900.0
1674,2021-10-22 03:08:52,30250.0,500.0,516900.0
1675,2021-10-22 03:08:38,30250.0,500.0,516400.0
1676,2021-10-22 03:08:38,30250.0,100.0,515900.0
1677,2021-10-22 03:08:38,30250.0,200.0,515800.0
1678,2021-10-22 03:08:20,30300.0,1000.0,515600.0
1679,2021-10-22 03:07:54,30250.0,800.0,514600.0
1680,2021-10-22 03:07:54,30250.0,200.0,513800.0
1681,2021-10-22 03:07:48,30250.0,2000.0,513600.0
1682,2021-10-22 03:07:46,30250.0,1000.0,511600.0
1683,2021-10-22 03:07:32,30250.0,500.0,510600.0
1684,2021-10-22 03:07:30,30200.0,300.0,510100.0
1685,2021-10-22 03:07:28,30250.0,200.0,509800.0
1686,2021-10-22 03:07:08,30200.0,1100.0,509600.0
1687,2021-10-22 03:07:08,30200.0,500.0,508500.0
1688,2021-10-22 03:07:08,30200.0,200.0,508000.0
1689,2021-10-22 03:07:08,30200.0,100.0,507800.0
1690,2021-10-22 03:07:08,30200.0,100.0,507700.0
1691,2021-10-22 03:07:08,30200.0,3000.0,507600.0
1692,2021-10-22 03:06:51,30250.0,3000.0,504600.0
1693,2021-10-22 03:06:49,30250.0,5000.0,501600.0
1694,2021-10-22 03:06:49,30250.0,5000.0,496600.0
1695,2021-10-22 03:06:49,30250.0,500.0,491600.0
1696,2021-10-22 03:06:49,30250.0,100.0,491100.0
1697,2021-10-22 03:06:49,30250.0,2000.0,491000.0
1698,2021-10-22 03:06:49,30250.0,2000.0,489000.0
1699,2021-10-22 03:06:49,30250.0,100.0,487000.0
1700,2021-10-22 03:06:49,30250.0,300.0,486900.0
1701,2021-10-22 03:06:49,30250.0,100.0,486600.0
1702,2021-10-22 03:06:49,30250.0,100.0,486500.0
1703,2021-10-22 03:06:49,30250.0,200.0,486400.0
1704,2021-10-22 03:06:49,30250.0,100.0,486200.0
1705,2021-10-22 03:06:49,30250.0,300.0,486100.0
1706,2021-10-22 03:06:49,30250.0,200.0,485800.0
1707,2021-10-22 03:06:49,30250.0,2000.0,485600.0
1708,2021-10-22 03:06:49,30250.0,100.0,483600.0
1709,2021-10-22 03:06:45,30300.0,2300.0,483500.0
1710,2021-10-22 03:06:36,30250.0,900.0,481200.0
1711,2021-10-22 03:06:36,30250.0,100.0,480300.0
1712,2021-10-22 03:06:36,30250.0,500.0,480200.0
1713,2021-10-22 03:06:28,30300.0,1000.0,479700.0
1714,2021-10-22 03:06:27,30300.0,800.0,478700.0
1715,2021-10-22 03:06:25,30300.0,200.0,477900.0
1716,2021-10-22 03:05:29,30300.0,300.0,477700.0
1717,2021-10-22 03:05:29,30300.0,300.0,477400.0
1718,2021-10-22 03:05:29,30300.0,700.0,477100.0
1719,2021-10-22 03:05:29,30300.0,1900.0,476400.0
1720,2021-10-22 03:05:29,30300.0,200.0,474500.0
1721,2021-10-22 03:05:29,30300.0,1800.0,474300.0
1722,2021-10-22 03:05:06,30300.0,200.0,472500.0
1723,2021-10-22 03:05:06,30300.0,900.0,472300.0
1724,2021-10-22 03:04:50,30250.0,1500.0,471400.0
1725,2021-10-22 03:04:50,30250.0,100.0,469900.0
1726,2021-10-22 03:04:50,30250.0,100.0,469800.0
1727,2021-10-22 03:04:29,30300.0,1100.0,469700.0
1728,2021-10-22 03:04:29,30300.0,900.0,468600.0
1729,2021-10-22 03:04:20,30250.0,5000.0,467700.0
1730,2021-10-22 03:04:11,30300.0,200.0,462700.0
1731,2021-10-22 03:04:07,30300.0,200.0,462500.0
1732,2021-10-22 03:04:04,30300.0,300.0,462300.0
1733,2021-10-22 03:03:56,30300.0,200.0,462000.0
1734,2021-10-22 03:03:56,30300.0,500.0,461800.0
1735,2021-10-22 03:03:56,30300.0,100.0,461300.0
1736,2021-10-22 03:03:56,30300.0,300.0,461200.0
1737,2021-10-22 03:03:56,30300.0,100.0,460900.0
1738,2021-10-22 03:03:56,30300.0,100.0,460800.0
1739,2021-10-22 03:03:56,30300.0,100.0,460700.0
1740,2021-10-22 03:03:56,30300.0,100.0,460600.0
1741,2021-10-22 03:03:56,30300.0,500.0,460500.0
1742,2021-10-22 03:03:56,30300.0,200.0,460000.0
1743,2021-10-22 03:03:56,30300.0,500.0,459800.0
1744,2021-10-22 03:03:56,30300.0,100.0,459300.0
1745,2021-10-22 03:03:56,30300.0,100.0,459200.0
1746,2021-10-22 03:03:56,30300.0,100.0,459100.0
1747,2021-10-22 03:03:56,30300.0,100.0,459000.0
1748,2021-10-22 03:03:56,30300.0,100.0,458900.0
1749,2021-10-22 03:03:56,30300.0,1200.0,458800.0
1750,2021-10-22 03:03:56,30300.0,200.0,457600.0
1751,2021-10-22 03:03:56,30300.0,200.0,457400.0
1752,2021-10-22 03:03:56,30300.0,100.0,457200.0
1753,2021-10-22 03:03:56,30300.0,100.0,457100.0
1754,2021-10-22 03:03:56,30300.0,200.0,457000.0
1755,2021-10-22 03:03:56,30300.0,100.0,456800.0
1756,2021-10-22 03:03:56,30300.0,500.0,456700.0
1757,2021-10-22 03:03:56,30300.0,100.0,456200.0
1758,2021-10-22 03:03:56,30300.0,1000.0,456100.0
1759,2021-10-22 03:03:56,30300.0,100.0,455100.0
1760,2021-10-22 03:03:56,30300.0,1100.0,455000.0
1761,2021-10-22 03:03:56,30300.0,100.0,453900.0
1762,2021-10-22 03:03:56,30300.0,1000.0,453800.0
1763,2021-10-22 03:03:56,30300.0,2000.0,452800.0
1764,2021-10-22 03:03:56,30300.0,700.0,450800.0
1765,2021-10-22 03:03:56,30300.0,100.0,450100.0
1766,2021-10-22 03:03:56,30300.0,1000.0,450000.0
1767,2021-10-22 03:03:56,30300.0,1000.0,449000.0
1768,2021-10-22 03:03:56,30300.0,500.0,448000.0
1769,2021-10-22 03:03:56,30300.0,200.0,447500.0
1770,2021-10-22 03:03:56,30300.0,100.0,447300.0
1771,2021-10-22 03:03:56,30300.0,500.0,447200.0
1772,2021-10-22 03:03:56,30300.0,100.0,446700.0
1773,2021-10-22 03:03:56,30300.0,100.0,446600.0
1774,2021-10-22 03:03:56,30300.0,100.0,446500.0
1775,2021-10-22 03:03:56,30300.0,100.0,446400.0
1776,2021-10-22 03:03:56,30300.0,200.0,446300.0
1777,2021-10-22 03:03:56,30350.0,1000.0,446100.0
1778,2021-10-22 03:03:56,30350.0,1500.0,445100.0
1779,2021-10-22 03:03:56,30350.0,5000.0,443600.0
1780,2021-10-22 03:03:54,30350.0,1000.0,438600.0
1781,2021-10-22 03:03:54,30350.0,100.0,437600.0
1782,2021-10-22 03:03:54,30350.0,100.0,437500.0
1783,2021-10-22 03:03:54,30350.0,800.0,437400.0
1784,2021-10-22 03:03:48,30350.0,200.0,436600.0
1785,2021-10-22 03:03:48,30350.0,100.0,436400.0
1786,2021-10-22 03:03:48,30350.0,100.0,436300.0
1787,2021-10-22 03:03:48,30350.0,100.0,436200.0
1788,2021-10-22 03:03:42,30350.0,100.0,436100.0
1789,2021-10-22 03:02:27,30350.0,300.0,436000.0
1790,2021-10-22 03:02:27,30350.0,1500.0,435700.0
1791,2021-10-22 03:02:26,30300.0,400.0,434200.0
1792,2021-10-22 03:02:26,30300.0,200.0,433800.0
1793,2021-10-22 03:02:26,30300.0,100.0,433600.0
1794,2021-10-22 03:02:26,30300.0,300.0,433500.0
1795,2021-10-22 03:02:26,30300.0,2000.0,433200.0
1796,2021-10-22 03:02:26,30300.0,100.0,431200.0
1797,2021-10-22 03:02:26,30300.0,600.0,431100.0
1798,2021-10-22 03:02:26,30300.0,100.0,430500.0
1799,2021-10-22 03:02:26,30300.0,100.0,430400.0
1800,2021-10-22 03:02:26,30300.0,100.0,430300.0
1801,2021-10-22 03:02:26,30300.0,1000.0,430200.0
1802,2021-10-22 03:02:26,30300.0,300.0,429200.0
1803,2021-10-22 03:02:26,30300.0,3000.0,428900.0
1804,2021-10-22 03:02:26,30300.0,300.0,425900.0
1805,2021-10-22 03:02:26,30300.0,500.0,425600.0
1806,2021-10-22 03:02:26,30300.0,100.0,425100.0
1807,2021-10-22 03:02:26,30300.0,10000.0,425000.0
1808,2021-10-22 03:02:26,30300.0,800.0,415000.0
1809,2021-10-22 03:02:19,30350.0,300.0,414200.0
1810,2021-10-22 03:02:06,30350.0,200.0,413900.0
1811,2021-10-22 03:02:06,30350.0,800.0,413700.0
1812,2021-10-22 03:02:00,30300.0,2000.0,412900.0
1813,2021-10-22 03:01:42,30350.0,1000.0,410900.0
1814,2021-10-22 03:01:39,30350.0,100.0,409900.0
1815,2021-10-22 03:01:39,30350.0,1000.0,409800.0
1816,2021-10-22 03:01:39,30350.0,600.0,408800.0
1817,2021-10-22 03:01:39,30350.0,700.0,408200.0
1818,2021-10-22 03:01:39,30350.0,800.0,407500.0
1819,2021-10-22 03:01:15,30350.0,400.0,406700.0
1820,2021-10-22 03:01:11,30350.0,800.0,406300.0
1821,2021-10-22 03:01:11,30350.0,200.0,405500.0
1822,2021-10-22 03:01:09,30350.0,500.0,405300.0
1823,2021-10-22 03:01:08,30350.0,800.0,404800.0
1824,2021-10-22 02:59:48,30350.0,1500.0,404000.0
1825,2021-10-22 02:59:48,30350.0,3500.0,402500.0
1826,2021-10-22 02:59:29,30350.0,1000.0,399000.0
1827,2021-10-22 02:59:24,30350.0,500.0,398000.0
1828,2021-10-22 02:58:56,30350.0,200.0,397500.0
1829,2021-10-22 02:57:51,30400.0,100.0,397300.0
1830,2021-10-22 02:57:37,30400.0,600.0,397200.0
1831,2021-10-22 02:57:29,30400.0,500.0,396600.0
1832,2021-10-22 02:57:21,30350.0,300.0,396100.0
1833,2021-10-22 02:57:19,30400.0,2200.0,395800.0
1834,2021-10-22 02:57:14,30400.0,600.0,393600.0
1835,2021-10-22 02:57:12,30400.0,100.0,393000.0
1836,2021-10-22 02:56:48,30400.0,300.0,392900.0
1837,2021-10-22 02:56:26,30350.0,4500.0,392600.0
1838,2021-10-22 02:56:26,30350.0,100.0,388100.0
1839,2021-10-22 02:56:26,30350.0,400.0,388000.0
1840,2021-10-22 02:55:48,30350.0,100.0,387600.0
1841,2021-10-22 02:55:30,30350.0,200.0,387500.0
1842,2021-10-22 02:55:30,30350.0,100.0,387300.0
1843,2021-10-22 02:55:30,30350.0,200.0,387200.0
1844,2021-10-22 02:55:30,30350.0,500.0,387000.0
1845,2021-10-22 02:55:30,30350.0,5000.0,386500.0
1846,2021-10-22 02:55:30,30350.0,600.0,381500.0
1847,2021-10-22 02:55:30,30350.0,2000.0,380900.0
1848,2021-10-22 02:55:30,30350.0,1000.0,378900.0
1849,2021-10-22 02:55:30,30350.0,300.0,377900.0
1850,2021-10-22 02:55:20,30400.0,3000.0,377600.0
1851,2021-10-22 02:55:08,30400.0,100.0,374600.0
1852,2021-10-22 02:55:08,30400.0,500.0,374500.0
1853,2021-10-22 02:55:08,30400.0,100.0,374000.0
1854,2021-10-22 02:55:08,30400.0,700.0,373900.0
1855,2021-10-22 02:55:08,30400.0,500.0,373200.0
1856,2021-10-22 02:55:08,30400.0,1000.0,372700.0
1857,2021-10-22 02:55:08,30400.0,100.0,371700.0
1858,2021-10-22 02:55:08,30400.0,5200.0,371600.0
1859,2021-10-22 02:54:50,30400.0,2000.0,366400.0
1860,2021-10-22 02:54:18,30450.0,2000.0,364400.0
1861,2021-10-22 02:53:45,30450.0,900.0,362400.0
1862,2021-10-22 02:53:38,30450.0,100.0,361500.0
1863,2021-10-22 02:53:33,30450.0,500.0,361400.0
1864,2021-10-22 02:53:27,30450.0,100.0,360900.0
1865,2021-10-22 02:53:21,30450.0,800.0,360800.0
1866,2021-10-22 02:53:21,30450.0,200.0,360000.0
1867,2021-10-22 02:53:19,30450.0,1000.0,359800.0
1868,2021-10-22 02:53:06,30450.0,9000.0,358800.0
1869,2021-10-22 02:52:51,30450.0,1000.0,349800.0
1870,2021-10-22 02:52:51,30450.0,1500.0,348800.0
1871,2021-10-22 02:52:51,30450.0,1500.0,347300.0
1872,2021-10-22 02:52:51,30450.0,1000.0,345800.0
1873,2021-10-22 02:52:49,30400.0,2800.0,344800.0
1874,2021-10-22 02:52:49,30400.0,1000.0,342000.0
1875,2021-10-22 02:52:49,30400.0,100.0,341000.0
1876,2021-10-22 02:52:49,30400.0,1000.0,340900.0
1877,2021-10-22 02:52:49,30400.0,100.0,339900.0
1878,2021-10-22 02:52:39,30450.0,9000.0,339800.0
1879,2021-10-22 02:52:39,30450.0,2000.0,330800.0
1880,2021-10-22 02:52:16,30450.0,200.0,328800.0
1881,2021-10-22 02:51:52,30450.0,100.0,328600.0
1882,2021-10-22 02:51:49,30450.0,7700.0,328500.0
1883,2021-10-22 02:51:49,30450.0,1500.0,320800.0
1884,2021-10-22 02:51:49,30450.0,800.0,319300.0
1885,2021-10-22 02:51:20,30450.0,100.0,318500.0
1886,2021-10-22 02:51:18,30400.0,1600.0,318400.0
1887,2021-10-22 02:51:18,30450.0,100.0,316800.0
1888,2021-10-22 02:50:59,30400.0,300.0,316700.0
1889,2021-10-22 02:50:51,30400.0,300.0,316400.0
1890,2021-10-22 02:50:42,30400.0,700.0,316100.0
1891,2021-10-22 02:50:42,30400.0,1000.0,315400.0
1892,2021-10-22 02:50:42,30400.0,100.0,314400.0
1893,2021-10-22 02:50:42,30400.0,1000.0,314300.0
1894,2021-10-22 02:50:42,30400.0,500.0,313300.0
1895,2021-10-22 02:50:42,30400.0,200.0,312800.0
1896,2021-10-22 02:50:42,30400.0,500.0,312600.0
1897,2021-10-22 02:50:13,30400.0,200.0,312100.0
1898,2021-10-22 02:50:13,30400.0,300.0,311900.0
1899,2021-10-22 02:50:01,30400.0,500.0,311600.0
1900,2021-10-22 02:49:58,30400.0,500.0,311100.0
1901,2021-10-22 02:49:58,30400.0,500.0,310600.0
1902,2021-10-22 02:49:58,30400.0,400.0,310100.0
1903,2021-10-22 02:49:24,30400.0,200.0,309700.0
1904,2021-10-22 02:49:12,30400.0,100.0,309500.0
1905,2021-10-22 02:49:12,30400.0,100.0,309400.0
1906,2021-10-22 02:48:40,30400.0,700.0,309300.0
1907,2021-10-22 02:48:21,30400.0,500.0,308600.0
1908,2021-10-22 02:47:57,30400.0,300.0,308100.0
1909,2021-10-22 02:47:47,30400.0,1700.0,307800.0
1910,2021-10-22 02:47:47,30400.0,300.0,306100.0
1911,2021-10-22 02:47:43,30350.0,200.0,305800.0
1912,2021-10-22 02:46:50,30350.0,800.0,305600.0
1913,2021-10-22 02:46:48,30350.0,100.0,304800.0
1914,2021-10-22 02:46:45,30350.0,100.0,304700.0
1915,2021-10-22 02:46:43,30350.0,100.0,304600.0
1916,2021-10-22 02:46:17,30350.0,500.0,304500.0
1917,2021-10-22 02:46:05,30400.0,1100.0,304000.0
1918,2021-10-22 02:46:05,30350.0,200.0,302900.0
1919,2021-10-22 02:46:00,30300.0,200.0,302700.0
1920,2021-10-22 02:45:55,30350.0,100.0,302500.0
1921,2021-10-22 02:45:55,30350.0,900.0,302400.0
1922,2021-10-22 02:45:54,30350.0,200.0,301500.0
1923,2021-10-22 02:45:48,30350.0,400.0,301300.0
1924,2021-10-22 02:45:42,30350.0,300.0,300900.0
1925,2021-10-22 02:45:38,30350.0,100.0,300600.0
1926,2021-10-22 02:45:33,30350.0,1000.0,300500.0
1927,2021-10-22 02:45:33,30350.0,100.0,299500.0
1928,2021-10-22 02:45:33,30350.0,500.0,299400.0
1929,2021-10-22 02:45:33,30350.0,400.0,298900.0
1930,2021-10-22 02:45:33,30350.0,200.0,298500.0
1931,2021-10-22 02:45:33,30350.0,1000.0,298300.0
1932,2021-10-22 02:45:33,30350.0,300.0,297300.0
1933,2021-10-22 02:45:33,30350.0,300.0,297000.0
1934,2021-10-22 02:45:33,30350.0,100.0,296700.0
1935,2021-10-22 02:45:11,30350.0,100.0,296600.0
1936,2021-10-22 02:45:10,30350.0,500.0,296500.0
1937,2021-10-22 02:45:10,30350.0,1000.0,296000.0
1938,2021-10-22 02:45:10,30350.0,500.0,295000.0
1939,2021-10-22 02:44:59,30400.0,200.0,294500.0
1940,2021-10-22 02:44:26,30400.0,800.0,294300.0
1941,2021-10-22 02:44:25,30400.0,100.0,293500.0
1942,2021-10-22 02:44:18,30400.0,1800.0,293400.0
1943,2021-10-22 02:44:18,30400.0,100.0,291600.0
1944,2021-10-22 02:44:14,30400.0,1000.0,291500.0
1945,2021-10-22 02:44:14,30400.0,100.0,290500.0
1946,2021-10-22 02:44:14,30400.0,1000.0,290400.0
1947,2021-10-22 02:44:14,30400.0,2000.0,289400.0
1948,2021-10-22 02:44:14,30400.0,500.0,287400.0
1949,2021-10-22 02:44:14,30400.0,200.0,286900.0
1950,2021-10-22 02:44:14,30400.0,200.0,286700.0
1951,2021-10-22 02:44:14,30400.0,100.0,286500.0
1952,2021-10-22 02:44:14,30400.0,200.0,286400.0
1953,2021-10-22 02:44:14,30400.0,200.0,286200.0
1954,2021-10-22 02:44:14,30400.0,100.0,286000.0
1955,2021-10-22 02:44:14,30400.0,200.0,285900.0
1956,2021-10-22 02:44:14,30400.0,2000.0,285700.0
1957,2021-10-22 02:44:14,30400.0,100.0,283700.0
1958,2021-10-22 02:44:14,30400.0,500.0,283600.0
1959,2021-10-22 02:44:14,30400.0,100.0,283100.0
1960,2021-10-22 02:44:14,30400.0,500.0,283000.0
1961,2021-10-22 02:44:14,30400.0,500.0,282500.0
1962,2021-10-22 02:44:14,30400.0,500.0,282000.0
1963,2021-10-22 02:44:14,30400.0,5000.0,281500.0
1964,2021-10-22 02:44:14,30400.0,5000.0,276500.0
1965,2021-10-22 02:44:02,30450.0,1400.0,271500.0
1966,2021-10-22 02:44:02,30450.0,100.0,270100.0
1967,2021-10-22 02:44:02,30450.0,200.0,270000.0
1968,2021-10-22 02:43:38,30450.0,3800.0,269800.0
1969,2021-10-22 02:43:38,30450.0,500.0,266000.0
1970,2021-10-22 02:43:38,30450.0,100.0,265500.0
1971,2021-10-22 02:43:38,30450.0,600.0,265400.0
1972,2021-10-22 02:43:23,30450.0,2400.0,264800.0
1973,2021-10-22 02:43:23,30450.0,100.0,262400.0
1974,2021-10-22 02:43:23,30450.0,3000.0,262300.0
1975,2021-10-22 02:43:23,30450.0,1200.0,259300.0
1976,2021-10-22 02:43:02,30450.0,3800.0,258100.0
1977,2021-10-22 02:43:02,30450.0,100.0,254300.0
1978,2021-10-22 02:43:02,30450.0,100.0,254200.0
1979,2021-10-22 02:43:02,30450.0,1000.0,254100.0
1980,2021-10-22 02:42:29,30500.0,3300.0,253100.0
1981,2021-10-22 02:42:08,30500.0,1500.0,249800.0
1982,2021-10-22 02:42:00,30500.0,3000.0,248300.0
1983,2021-10-22 02:41:38,30500.0,200.0,245300.0
1984,2021-10-22 02:41:38,30500.0,300.0,245100.0
1985,2021-10-22 02:41:31,30500.0,100.0,244800.0
1986,2021-10-22 02:41:31,30500.0,900.0,244700.0
1987,2021-10-22 02:41:13,30500.0,500.0,243800.0
1988,2021-10-22 02:41:05,30500.0,600.0,243300.0
1989,2021-10-22 02:41:05,30500.0,500.0,242700.0
1990,2021-10-22 02:41:05,30500.0,500.0,242200.0
1991,2021-10-22 02:41:05,30500.0,700.0,241700.0
1992,2021-10-22 02:41:05,30500.0,500.0,241000.0
1993,2021-10-22 02:41:05,30500.0,500.0,240500.0
1994,2021-10-22 02:41:05,30500.0,1000.0,240000.0
1995,2021-10-22 02:41:05,30500.0,700.0,239000.0
1996,2021-10-22 02:41:05,30500.0,500.0,238300.0
1997,2021-10-22 02:41:05,30500.0,1000.0,237800.0
1998,2021-10-22 02:41:05,30500.0,3000.0,236800.0
1999,2021-10-22 02:41:05,30500.0,200.0,233800.0
2000,2021-10-22 02:41:05,30500.0,300.0,233600.0
2001,2021-10-22 02:40:49,30500.0,400.0,233300.0
2002,2021-10-22 02:40:30,30500.0,400.0,232900.0
2003,2021-10-22 02:40:18,30500.0,1000.0,232500.0
2004,2021-10-22 02:40:05,30500.0,3900.0,231500.0
2005,2021-10-22 02:40:05,30500.0,1000.0,227600.0
2006,2021-10-22 02:40:05,30500.0,900.0,226600.0
2007,2021-10-22 02:40:05,30500.0,100.0,225700.0
2008,2021-10-22 02:40:05,30500.0,1000.0,225600.0
2009,2021-10-22 02:40:05,30500.0,1000.0,224600.0
2010,2021-10-22 02:40:05,30500.0,400.0,223600.0
2011,2021-10-22 02:40:05,30550.0,1000.0,223200.0
2012,2021-10-22 02:40:00,30550.0,500.0,222200.0
2013,2021-10-22 02:39:55,30500.0,600.0,221700.0
2014,2021-10-22 02:39:55,30500.0,400.0,221100.0
2015,2021-10-22 02:39:54,30500.0,100.0,220700.0
2016,2021-10-22 02:39:14,30550.0,500.0,220600.0
2017,2021-10-22 02:39:14,30550.0,500.0,220100.0
2018,2021-10-22 02:38:45,30550.0,300.0,219600.0
2019,2021-10-22 02:38:35,30550.0,300.0,219300.0
2020,2021-10-22 02:38:34,30550.0,200.0,219000.0
2021,2021-10-22 02:38:24,30550.0,200.0,218800.0
2022,2021-10-22 02:38:24,30550.0,100.0,218600.0
2023,2021-10-22 02:38:24,30550.0,200.0,218500.0
2024,2021-10-22 02:38:10,30550.0,1000.0,218300.0
2025,2021-10-22 02:38:10,30550.0,1000.0,217300.0
2026,2021-10-22 02:37:42,30550.0,100.0,216300.0
2027,2021-10-22 02:37:13,30550.0,200.0,216200.0
2028,2021-10-22 02:37:13,30550.0,2800.0,216000.0
2029,2021-10-22 02:37:01,30500.0,5000.0,213200.0
2030,2021-10-22 02:36:41,30550.0,1600.0,208200.0
2031,2021-10-22 02:36:33,30550.0,600.0,206600.0
2032,2021-10-22 02:36:15,30550.0,200.0,206000.0
2033,2021-10-22 02:36:02,30550.0,100.0,205800.0
2034,2021-10-22 02:35:52,30550.0,1000.0,205700.0
2035,2021-10-22 02:35:39,30550.0,3000.0,204700.0
2036,2021-10-22 02:35:39,30550.0,700.0,201700.0
2037,2021-10-22 02:35:33,30550.0,1600.0,201000.0
2038,2021-10-22 02:35:33,30550.0,200.0,199400.0
2039,2021-10-22 02:35:28,30550.0,100.0,199200.0
2040,2021-10-22 02:34:55,30550.0,500.0,199100.0
2041,2021-10-22 02:34:36,30550.0,100.0,198600.0
2042,2021-10-22 02:34:36,30500.0,700.0,198500.0
2043,2021-10-22 02:34:20,30500.0,1000.0,197800.0
2044,2021-10-22 02:34:17,30550.0,4100.0,196800.0
2045,2021-10-22 02:34:17,30550.0,500.0,192700.0
2046,2021-10-22 02:34:17,30550.0,200.0,192200.0
2047,2021-10-22 02:34:17,30500.0,200.0,192000.0
2048,2021-10-22 02:34:13,30500.0,100.0,191800.0
2049,2021-10-22 02:34:13,30500.0,700.0,191700.0
2050,2021-10-22 02:34:11,30500.0,1000.0,191000.0
2051,2021-10-22 02:34:08,30500.0,300.0,190000.0
2052,2021-10-22 02:34:08,30500.0,100.0,189700.0
2053,2021-10-22 02:34:08,30500.0,100.0,189600.0
2054,2021-10-22 02:33:42,30500.0,2000.0,189500.0
2055,2021-10-22 02:33:36,30500.0,900.0,187500.0
2056,2021-10-22 02:33:36,30500.0,100.0,186600.0
2057,2021-10-22 02:33:35,30500.0,1000.0,186500.0
2058,2021-10-22 02:33:31,30500.0,100.0,185500.0
2059,2021-10-22 02:32:53,30500.0,4100.0,185400.0
2060,2021-10-22 02:32:50,30500.0,2600.0,181300.0
2061,2021-10-22 02:32:43,30500.0,400.0,178700.0
2062,2021-10-22 02:32:43,30500.0,200.0,178300.0
2063,2021-10-22 02:32:43,30500.0,300.0,178100.0
