,Time,Price,Volume_per_trade,Volume
0,2021-10-04 03:45:01,3400.0,41900.0,1793245.0
1,2021-10-04 03:29:52,3400.0,3000.0,1751345.0
2,2021-10-04 03:29:29,3400.0,300.0,1748345.0
3,2021-10-04 03:29:25,3400.0,500.0,1748045.0
4,2021-10-04 03:29:16,3400.0,100.0,1747545.0
5,2021-10-04 03:28:36,3400.0,1000.0,1747445.0
6,2021-10-04 03:27:38,3400.0,500.0,1746445.0
7,2021-10-04 03:27:12,3400.0,800.0,1745945.0
8,2021-10-04 03:27:07,3300.0,1700.0,1745145.0
9,2021-10-04 03:26:16,3400.0,500.0,1743445.0
10,2021-10-04 03:26:10,3400.0,10000.0,1742945.0
11,2021-10-04 03:26:01,3400.0,200.0,1732945.0
12,2021-10-04 03:25:42,3400.0,2000.0,1732745.0
13,2021-10-04 03:25:29,3400.0,3400.0,1730745.0
14,2021-10-04 03:25:12,3400.0,100.0,1727345.0
15,2021-10-04 03:24:49,3400.0,500.0,1727245.0
16,2021-10-04 03:24:32,3400.0,300.0,1726745.0
17,2021-10-04 03:24:02,3400.0,100.0,1726445.0
18,2021-10-04 03:23:35,3300.0,200.0,1726345.0
19,2021-10-04 03:23:03,3400.0,1500.0,1726145.0
20,2021-10-04 03:22:42,3400.0,3500.0,1724645.0
21,2021-10-04 03:22:11,3400.0,1000.0,1721145.0
22,2021-10-04 03:22:00,3400.0,500.0,1720145.0
23,2021-10-04 03:21:26,3400.0,300.0,1719645.0
24,2021-10-04 03:21:01,3400.0,200.0,1719345.0
25,2021-10-04 03:20:44,3400.0,1200.0,1719145.0
26,2021-10-04 03:20:38,3300.0,200.0,1717945.0
27,2021-10-04 03:18:27,3400.0,2500.0,1717745.0
28,2021-10-04 03:17:43,3400.0,1900.0,1715245.0
29,2021-10-04 03:17:32,3400.0,100.0,1713345.0
30,2021-10-04 03:17:31,3400.0,3000.0,1713245.0
31,2021-10-04 03:17:05,3400.0,6000.0,1710245.0
32,2021-10-04 03:16:58,3400.0,200.0,1704245.0
33,2021-10-04 03:16:26,3400.0,30000.0,1704045.0
34,2021-10-04 03:15:50,3400.0,100.0,1674045.0
35,2021-10-04 03:14:50,3400.0,200.0,1673945.0
36,2021-10-04 03:14:49,3400.0,5000.0,1673745.0
37,2021-10-04 03:14:45,3400.0,3700.0,1668745.0
38,2021-10-04 03:14:39,3400.0,400.0,1665045.0
39,2021-10-04 03:14:17,3400.0,3100.0,1664645.0
40,2021-10-04 03:13:35,3400.0,5000.0,1661545.0
41,2021-10-04 03:13:29,3400.0,500.0,1656545.0
42,2021-10-04 03:13:19,3400.0,100.0,1656045.0
43,2021-10-04 03:12:48,3400.0,12200.0,1655945.0
44,2021-10-04 03:12:33,3400.0,200.0,1643745.0
45,2021-10-04 03:12:11,3400.0,12400.0,1643545.0
46,2021-10-04 03:12:04,3400.0,100.0,1631145.0
47,2021-10-04 03:11:39,3400.0,500.0,1631045.0
48,2021-10-04 03:11:20,3400.0,200.0,1630545.0
49,2021-10-04 03:11:05,3400.0,3000.0,1630345.0
50,2021-10-04 03:10:41,3400.0,2500.0,1627345.0
51,2021-10-04 03:10:36,3500.0,2000.0,1624845.0
52,2021-10-04 03:10:03,3500.0,5000.0,1622845.0
53,2021-10-04 03:10:02,3400.0,1200.0,1617845.0
54,2021-10-04 03:09:57,3400.0,5000.0,1616645.0
55,2021-10-04 03:09:47,3400.0,300.0,1611645.0
56,2021-10-04 03:09:41,3400.0,1000.0,1611345.0
57,2021-10-04 03:09:34,3400.0,1100.0,1610345.0
58,2021-10-04 03:08:49,3400.0,500.0,1609245.0
59,2021-10-04 03:08:24,3400.0,100.0,1608745.0
60,2021-10-04 03:08:21,3400.0,2700.0,1608645.0
61,2021-10-04 03:08:17,3400.0,1000.0,1605945.0
62,2021-10-04 03:08:13,3400.0,1000.0,1604945.0
63,2021-10-04 03:08:05,3400.0,100.0,1603945.0
64,2021-10-04 03:08:04,3400.0,2500.0,1603845.0
65,2021-10-04 03:07:19,3400.0,2000.0,1601345.0
66,2021-10-04 03:06:47,3400.0,200.0,1599345.0
67,2021-10-04 03:06:36,3400.0,305100.0,1599145.0
68,2021-10-04 03:05:30,3400.0,100.0,1294045.0
69,2021-10-04 03:02:50,3400.0,10000.0,1293945.0
70,2021-10-04 03:02:23,3400.0,200.0,1283945.0
71,2021-10-04 03:00:04,3400.0,200.0,1283745.0
72,2021-10-04 02:58:43,3400.0,2000.0,1283545.0
73,2021-10-04 02:57:10,3400.0,3000.0,1281545.0
74,2021-10-04 02:56:29,3400.0,1.0,1278545.0
75,2021-10-04 02:55:59,3400.0,20.0,1278544.0
76,2021-10-04 02:55:41,3400.0,100.0,1278524.0
77,2021-10-04 02:55:24,3400.0,100.0,1278424.0
78,2021-10-04 02:54:13,3500.0,100.0,1278324.0
79,2021-10-04 02:53:42,3500.0,300.0,1278224.0
80,2021-10-04 02:53:26,3500.0,200.0,1277924.0
81,2021-10-04 02:52:37,3500.0,1000.0,1277724.0
82,2021-10-04 02:50:01,3500.0,100.0,1276724.0
83,2021-10-04 02:48:03,3400.0,100000.0,1276624.0
84,2021-10-04 02:47:37,3400.0,2000.0,1176624.0
85,2021-10-04 02:45:32,3500.0,2000.0,1174624.0
86,2021-10-04 02:43:51,3500.0,200.0,1172624.0
87,2021-10-04 02:43:20,3500.0,10000.0,1172424.0
88,2021-10-04 02:43:19,3500.0,100.0,1162424.0
89,2021-10-04 02:41:36,3500.0,200.0,1162324.0
90,2021-10-04 02:41:13,3400.0,200.0,1162124.0
91,2021-10-04 02:40:56,3400.0,1100.0,1161924.0
92,2021-10-04 02:40:13,3500.0,500.0,1160824.0
93,2021-10-04 02:40:05,3500.0,300.0,1160324.0
94,2021-10-04 02:38:36,3500.0,6000.0,1160024.0
95,2021-10-04 02:37:47,3500.0,1000.0,1154024.0
96,2021-10-04 02:33:38,3400.0,600.0,1153024.0
97,2021-10-04 02:32:39,3400.0,9000.0,1152424.0
98,2021-10-04 02:32:38,3400.0,3000.0,1143424.0
99,2021-10-04 02:32:17,3400.0,700.0,1140424.0
100,2021-10-04 02:31:32,3400.0,1000.0,1139724.0
101,2021-10-04 02:30:18,3400.0,200.0,1138724.0
102,2021-10-04 02:29:52,3500.0,300.0,1138524.0
103,2021-10-04 02:28:54,3400.0,800.0,1138224.0
104,2021-10-04 02:26:51,3400.0,500.0,1137424.0
105,2021-10-04 02:26:03,3400.0,10000.0,1136924.0
106,2021-10-04 02:25:46,3400.0,2600.0,1126924.0
107,2021-10-04 02:24:22,3400.0,1000.0,1124324.0
108,2021-10-04 02:23:15,3400.0,50000.0,1123324.0
109,2021-10-04 02:22:03,3400.0,100.0,1073324.0
110,2021-10-04 02:21:15,3500.0,100.0,1073224.0
111,2021-10-04 02:21:14,3500.0,500.0,1073124.0
112,2021-10-04 02:20:22,3500.0,600.0,1072624.0
113,2021-10-04 02:20:08,3500.0,300.0,1072024.0
114,2021-10-04 02:20:02,3500.0,100.0,1071724.0
115,2021-10-04 02:19:16,3500.0,500.0,1071624.0
116,2021-10-04 02:18:59,3500.0,200.0,1071124.0
117,2021-10-04 02:18:55,3500.0,8000.0,1070924.0
118,2021-10-04 02:18:50,3500.0,5000.0,1062924.0
119,2021-10-04 02:18:19,3500.0,1000.0,1057924.0
120,2021-10-04 02:18:09,3500.0,500.0,1056924.0
121,2021-10-04 02:17:34,3500.0,400.0,1056424.0
122,2021-10-04 02:16:47,3400.0,3500.0,1056024.0
123,2021-10-04 02:16:36,3500.0,2000.0,1052524.0
124,2021-10-04 02:16:28,3500.0,3000.0,1050524.0
125,2021-10-04 02:15:55,3500.0,1000.0,1047524.0
126,2021-10-04 02:15:33,3500.0,100.0,1046524.0
127,2021-10-04 02:15:28,3500.0,1000.0,1046424.0
128,2021-10-04 02:14:45,3500.0,31.0,1045424.0
129,2021-10-04 02:14:29,3500.0,4000.0,1045393.0
130,2021-10-04 02:13:35,3500.0,2000.0,1041393.0
131,2021-10-04 02:13:29,3500.0,500.0,1039393.0
132,2021-10-04 02:12:21,3500.0,1000.0,1038893.0
133,2021-10-04 02:12:16,3400.0,1000.0,1037893.0
134,2021-10-04 02:12:13,3500.0,100.0,1036893.0
135,2021-10-04 02:11:23,3500.0,1500.0,1036793.0
136,2021-10-04 02:11:18,3500.0,200.0,1035293.0
137,2021-10-04 02:10:17,3500.0,800.0,1035093.0
138,2021-10-04 02:10:08,3500.0,2500.0,1034293.0
139,2021-10-04 02:10:06,3400.0,1000.0,1031793.0
140,2021-10-04 02:08:30,3400.0,300.0,1030793.0
141,2021-10-04 02:08:00,3500.0,200.0,1030493.0
142,2021-10-04 02:07:52,3500.0,1300.0,1030293.0
143,2021-10-04 02:07:48,3400.0,300.0,1028993.0
144,2021-10-04 02:07:44,3400.0,500.0,1028693.0
145,2021-10-04 02:07:39,3500.0,20000.0,1028193.0
146,2021-10-04 02:07:12,3500.0,300.0,1008193.0
147,2021-10-04 02:06:40,3500.0,2000.0,1007893.0
148,2021-10-04 02:06:35,3400.0,8100.0,1005893.0
149,2021-10-04 02:06:26,3500.0,300.0,997793.0
150,2021-10-04 02:05:37,3400.0,2000.0,997493.0
151,2021-10-04 02:03:50,3400.0,300.0,995493.0
152,2021-10-04 02:03:24,3400.0,100.0,995193.0
153,2021-10-04 02:02:28,3400.0,300.0,995093.0
154,2021-10-04 02:02:10,3400.0,200.0,994793.0
155,2021-10-04 02:01:58,3400.0,2.0,994593.0
156,2021-10-04 02:00:13,3400.0,1000.0,994591.0
157,2021-10-04 02:00:08,3500.0,2700.0,993591.0
158,2021-10-04 02:00:03,3400.0,100.0,990891.0
159,2021-10-04 02:00:02,3400.0,10900.0,990791.0
160,2021-10-04 00:28:21,3400.0,100.0,979891.0
161,2021-10-04 00:28:15,3500.0,800.0,979791.0
162,2021-10-04 00:28:08,3500.0,2000.0,978991.0
163,2021-10-04 00:27:47,3500.0,200.0,976991.0
164,2021-10-04 00:26:58,3500.0,400.0,976791.0
165,2021-10-04 00:26:31,3500.0,300.0,976391.0
166,2021-10-04 00:26:19,3500.0,200.0,976091.0
167,2021-10-04 00:25:08,3500.0,20000.0,975891.0
168,2021-10-04 00:24:40,3500.0,200.0,955891.0
169,2021-10-04 00:24:14,3500.0,200.0,955691.0
170,2021-10-04 00:23:57,3500.0,300.0,955491.0
171,2021-10-04 00:23:01,3500.0,1000.0,955191.0
172,2021-10-04 00:22:21,3500.0,300.0,954191.0
173,2021-10-04 00:22:00,3400.0,900.0,953891.0
174,2021-10-04 00:21:55,3400.0,200.0,952991.0
175,2021-10-04 00:20:29,3400.0,1800.0,952791.0
176,2021-10-04 00:19:35,3400.0,1000.0,950991.0
177,2021-10-04 00:19:14,3400.0,6000.0,949991.0
178,2021-10-04 00:18:10,3400.0,100.0,943991.0
179,2021-10-04 00:18:00,3400.0,5.0,943891.0
180,2021-10-04 00:17:20,3400.0,10.0,943886.0
181,2021-10-04 00:17:01,3400.0,10.0,943876.0
182,2021-10-04 00:16:53,3400.0,100.0,943866.0
183,2021-10-04 00:16:41,3400.0,10.0,943766.0
184,2021-10-04 00:16:28,3400.0,800.0,943756.0
185,2021-10-04 00:16:24,3400.0,100.0,942956.0
186,2021-10-04 00:16:23,3400.0,10.0,942856.0
187,2021-10-04 00:16:18,3400.0,2000.0,942846.0
188,2021-10-04 00:16:04,3400.0,10.0,940846.0
189,2021-10-04 00:13:53,3400.0,1000.0,940836.0
190,2021-10-04 00:12:37,3400.0,10.0,939836.0
191,2021-10-04 00:12:17,3400.0,10.0,939826.0
192,2021-10-04 00:12:03,3400.0,500.0,939816.0
193,2021-10-04 00:11:42,3400.0,10.0,939316.0
194,2021-10-04 00:07:40,3400.0,2500.0,939306.0
195,2021-10-04 00:07:24,3500.0,600.0,936806.0
196,2021-10-04 00:07:10,3400.0,400.0,936206.0
197,2021-10-04 00:06:38,3500.0,1200.0,935806.0
198,2021-10-04 00:05:41,3500.0,300.0,934606.0
199,2021-10-04 00:05:37,3500.0,200.0,934306.0
200,2021-10-04 00:04:35,3500.0,100.0,934106.0
201,2021-10-04 00:02:51,3400.0,18000.0,934006.0
202,2021-10-04 00:00:54,3400.0,30000.0,916006.0
203,2021-10-04 23:58:14,3400.0,100.0,886006.0
204,2021-10-04 23:54:49,3400.0,400.0,885906.0
205,2021-10-04 23:54:36,3400.0,600.0,885506.0
206,2021-10-04 23:54:33,3400.0,19700.0,884906.0
207,2021-10-04 23:54:24,3400.0,1500.0,865206.0
208,2021-10-04 23:52:41,3400.0,20000.0,863706.0
209,2021-10-04 23:49:47,3400.0,3000.0,843706.0
210,2021-10-04 23:48:49,3400.0,300.0,840706.0
211,2021-10-04 23:47:54,3400.0,70000.0,840406.0
212,2021-10-04 23:47:34,3400.0,100.0,770406.0
213,2021-10-04 23:46:55,3400.0,100.0,770306.0
214,2021-10-04 23:46:53,3400.0,48800.0,770206.0
215,2021-10-04 23:46:32,3400.0,300.0,721406.0
216,2021-10-04 23:45:44,3400.0,5000.0,721106.0
217,2021-10-04 23:44:50,3400.0,200.0,716106.0
218,2021-10-04 23:44:34,3400.0,500.0,715906.0
219,2021-10-04 23:42:22,3400.0,100.0,715406.0
220,2021-10-04 23:41:44,3400.0,3500.0,715306.0
221,2021-10-04 23:39:54,3400.0,500.0,711806.0
222,2021-10-04 23:37:35,3400.0,200.0,711306.0
223,2021-10-04 23:37:14,3400.0,24000.0,711106.0
224,2021-10-04 23:36:54,3400.0,4000.0,687106.0
225,2021-10-04 23:36:17,3400.0,2000.0,683106.0
226,2021-10-04 23:36:14,3400.0,300.0,681106.0
227,2021-10-04 23:36:00,3400.0,100.0,680806.0
228,2021-10-04 23:35:58,3400.0,29400.0,680706.0
229,2021-10-04 23:35:23,3400.0,1000.0,651306.0
230,2021-10-04 23:34:59,3400.0,1000.0,650306.0
231,2021-10-04 23:34:46,3400.0,59000.0,649306.0
232,2021-10-04 23:34:31,3500.0,14.0,590306.0
233,2021-10-04 23:34:19,3500.0,2.0,590292.0
234,2021-10-04 23:33:30,3500.0,7.0,590290.0
235,2021-10-04 23:32:38,3500.0,300.0,590283.0
236,2021-10-04 23:31:42,3400.0,1000.0,589983.0
237,2021-10-04 23:30:48,3400.0,1000.0,588983.0
238,2021-10-04 23:30:36,3400.0,100.0,587983.0
239,2021-10-04 23:26:45,3400.0,400.0,587883.0
240,2021-10-04 23:25:34,3400.0,9200.0,587483.0
241,2021-10-04 23:24:28,3400.0,1000.0,578283.0
242,2021-10-04 23:24:01,3400.0,500.0,577283.0
243,2021-10-04 23:21:12,3400.0,600.0,576783.0
244,2021-10-04 23:21:00,3400.0,1000.0,576183.0
245,2021-10-04 23:19:58,3400.0,500.0,575183.0
246,2021-10-04 23:19:31,3400.0,500.0,574683.0
247,2021-10-04 23:18:35,3400.0,500.0,574183.0
248,2021-10-04 23:17:43,3400.0,400.0,573683.0
249,2021-10-04 23:13:49,3400.0,7000.0,573283.0
250,2021-10-04 23:13:38,3400.0,1000.0,566283.0
251,2021-10-04 23:12:59,3400.0,3200.0,565283.0
252,2021-10-04 23:12:58,3400.0,300.0,562083.0
253,2021-10-04 23:11:32,3400.0,7000.0,561783.0
254,2021-10-04 23:11:26,3400.0,2500.0,554783.0
255,2021-10-04 23:11:10,3400.0,2000.0,552283.0
256,2021-10-04 23:10:57,3400.0,3200.0,550283.0
257,2021-10-04 23:10:45,3400.0,2000.0,547083.0
258,2021-10-04 23:10:35,3400.0,300.0,545083.0
259,2021-10-04 23:10:06,3400.0,100.0,544783.0
260,2021-10-04 23:09:58,3400.0,100.0,544683.0
261,2021-10-04 23:09:53,3400.0,10000.0,544583.0
262,2021-10-04 23:09:48,3300.0,300.0,534583.0
263,2021-10-04 23:09:23,3400.0,3300.0,534283.0
264,2021-10-04 23:09:08,3400.0,2000.0,530983.0
265,2021-10-04 23:08:50,3400.0,100.0,528983.0
266,2021-10-04 23:08:13,3300.0,5000.0,528883.0
267,2021-10-04 23:08:10,3400.0,3400.0,523883.0
268,2021-10-04 23:07:48,3300.0,40000.0,520483.0
269,2021-10-04 23:07:44,3400.0,100.0,480483.0
270,2021-10-04 23:07:43,3400.0,100.0,480383.0
271,2021-10-04 23:07:21,3400.0,600.0,480283.0
272,2021-10-04 23:07:08,3400.0,100.0,479683.0
273,2021-10-04 23:05:42,3400.0,4300.0,479583.0
274,2021-10-04 23:05:21,3400.0,100.0,475283.0
275,2021-10-04 23:05:10,3400.0,100.0,475183.0
276,2021-10-04 23:04:46,3400.0,100.0,475083.0
277,2021-10-04 23:04:41,3400.0,1100.0,474983.0
278,2021-10-04 23:04:18,3400.0,3000.0,473883.0
279,2021-10-04 23:04:09,3400.0,200.0,470883.0
280,2021-10-04 23:04:00,3400.0,5000.0,470683.0
281,2021-10-04 23:03:26,3400.0,300.0,465683.0
282,2021-10-04 23:03:23,3400.0,1700.0,465383.0
283,2021-10-04 23:03:13,3400.0,31600.0,463683.0
284,2021-10-04 23:03:04,3300.0,100.0,432083.0
285,2021-10-04 23:02:54,3300.0,3000.0,431983.0
286,2021-10-04 23:02:47,3300.0,100.0,428983.0
287,2021-10-04 23:02:36,3300.0,500.0,428883.0
288,2021-10-04 23:02:06,3300.0,8000.0,428383.0
289,2021-10-04 23:01:51,3400.0,100.0,420383.0
290,2021-10-04 23:00:41,3300.0,1200.0,420283.0
291,2021-10-04 23:00:38,3400.0,2000.0,419083.0
292,2021-10-04 23:00:11,3400.0,5000.0,417083.0
293,2021-10-04 23:00:03,3400.0,400.0,412083.0
294,2021-10-04 22:59:36,3400.0,200.0,411683.0
295,2021-10-04 22:59:26,3400.0,500.0,411483.0
296,2021-10-04 22:59:12,3400.0,300.0,410983.0
297,2021-10-04 22:58:58,3400.0,12000.0,410683.0
298,2021-10-04 22:58:48,3400.0,1000.0,398683.0
299,2021-10-04 22:58:45,3400.0,6900.0,397683.0
300,2021-10-04 22:58:33,3400.0,1000.0,390783.0
301,2021-10-04 22:58:30,3400.0,200.0,389783.0
302,2021-10-04 22:58:04,3400.0,100.0,389583.0
303,2021-10-04 22:58:00,3400.0,2000.0,389483.0
304,2021-10-04 22:57:22,3400.0,1000.0,387483.0
305,2021-10-04 22:57:15,3400.0,500.0,386483.0
306,2021-10-04 22:57:12,3400.0,10000.0,385983.0
307,2021-10-04 22:57:10,3400.0,500.0,375983.0
308,2021-10-04 22:56:58,3400.0,600.0,375483.0
309,2021-10-04 22:56:41,3400.0,500.0,374883.0
310,2021-10-04 22:56:40,3400.0,162300.0,374383.0
311,2021-10-04 22:56:18,3500.0,500.0,212083.0
312,2021-10-04 22:56:10,3400.0,7300.0,211583.0
313,2021-10-04 22:55:53,3400.0,100.0,204283.0
314,2021-10-04 22:54:57,3400.0,4800.0,204183.0
315,2021-10-04 22:54:48,3400.0,400.0,199383.0
316,2021-10-04 22:53:04,3400.0,5000.0,198983.0
317,2021-10-04 22:52:45,3400.0,900.0,193983.0
318,2021-10-04 22:51:55,3400.0,15.0,193083.0
319,2021-10-04 22:51:38,3400.0,1500.0,193068.0
320,2021-10-04 22:51:23,3400.0,300.0,191568.0
321,2021-10-04 22:50:35,3400.0,15000.0,191268.0
322,2021-10-04 22:50:24,3400.0,600.0,176268.0
323,2021-10-04 22:48:33,3400.0,100.0,175668.0
324,2021-10-04 22:48:26,3400.0,400.0,175568.0
325,2021-10-04 22:47:38,3400.0,900.0,175168.0
326,2021-10-04 22:47:18,3400.0,2500.0,174268.0
327,2021-10-04 22:46:12,3500.0,400.0,171768.0
328,2021-10-04 22:45:31,3500.0,200.0,171368.0
329,2021-10-04 22:45:30,3500.0,100.0,171168.0
330,2021-10-04 22:43:51,3500.0,100.0,171068.0
331,2021-10-04 22:43:45,3400.0,1100.0,170968.0
332,2021-10-04 22:43:44,3500.0,5000.0,169868.0
333,2021-10-04 22:43:07,3500.0,300.0,164868.0
334,2021-10-04 22:41:56,3500.0,1000.0,164568.0
335,2021-10-04 22:41:53,3500.0,5900.0,163568.0
336,2021-10-04 22:41:51,3500.0,2400.0,157668.0
337,2021-10-04 22:41:42,3500.0,100.0,155268.0
338,2021-10-04 22:41:19,3500.0,900.0,155168.0
339,2021-10-04 22:41:04,3500.0,5000.0,154268.0
340,2021-10-04 22:39:56,3400.0,1800.0,149268.0
341,2021-10-04 22:39:52,3400.0,5000.0,147468.0
342,2021-10-04 22:39:38,3400.0,100.0,142468.0
343,2021-10-04 22:39:32,3400.0,200.0,142368.0
344,2021-10-04 22:38:14,3400.0,1000.0,142168.0
345,2021-10-04 22:37:45,3400.0,17000.0,141168.0
346,2021-10-04 22:37:38,3400.0,2000.0,124168.0
347,2021-10-04 22:36:41,3400.0,1000.0,122168.0
348,2021-10-04 22:35:10,3400.0,1000.0,121168.0
349,2021-10-04 22:34:27,3400.0,1700.0,120168.0
350,2021-10-04 22:34:24,3400.0,1800.0,118468.0
351,2021-10-04 22:32:39,3400.0,4000.0,116668.0
352,2021-10-04 22:32:29,3400.0,800.0,112668.0
353,2021-10-04 22:32:09,3400.0,100.0,111868.0
354,2021-10-04 22:30:24,3400.0,1500.0,111768.0
355,2021-10-04 22:30:10,3400.0,1500.0,110268.0
356,2021-10-04 22:29:51,3500.0,2000.0,108768.0
357,2021-10-04 22:29:20,3500.0,1000.0,106768.0
358,2021-10-04 22:29:00,3400.0,3100.0,105768.0
359,2021-10-04 22:28:26,3500.0,1000.0,102668.0
360,2021-10-04 22:27:00,3500.0,1000.0,101668.0
361,2021-10-04 22:26:13,3400.0,1000.0,100668.0
362,2021-10-04 22:25:45,3400.0,1000.0,99668.0
363,2021-10-04 22:24:31,3400.0,200.0,98668.0
364,2021-10-04 22:24:12,3500.0,500.0,98468.0
365,2021-10-04 22:23:11,3400.0,200.0,97968.0
366,2021-10-04 22:22:06,3400.0,200.0,97768.0
367,2021-10-04 22:21:45,3400.0,3000.0,97568.0
368,2021-10-04 22:21:09,3400.0,3.0,94568.0
369,2021-10-04 22:20:52,3400.0,100.0,94565.0
370,2021-10-04 22:20:18,3500.0,1500.0,94465.0
371,2021-10-04 22:19:49,3500.0,1000.0,92965.0
372,2021-10-04 22:19:44,3500.0,1000.0,91965.0
373,2021-10-04 22:19:19,3500.0,10000.0,90965.0
374,2021-10-04 22:18:20,3500.0,100.0,80965.0
375,2021-10-04 22:17:53,3400.0,400.0,80865.0
376,2021-10-04 22:17:30,3400.0,200.0,80465.0
377,2021-10-04 22:16:28,3400.0,100.0,80265.0
378,2021-10-04 22:16:19,3400.0,400.0,80165.0
379,2021-10-04 22:15:57,3400.0,100.0,79765.0
380,2021-10-04 22:15:51,3400.0,1000.0,79665.0
381,2021-10-04 22:15:48,3400.0,100.0,78665.0
382,2021-10-04 22:14:18,3400.0,1000.0,78565.0
383,2021-10-04 22:13:42,3400.0,5000.0,77565.0
384,2021-10-04 22:12:15,3400.0,400.0,72565.0
385,2021-10-04 22:11:34,3400.0,1000.0,72165.0
386,2021-10-04 22:10:35,3500.0,4000.0,71165.0
387,2021-10-04 22:10:23,3500.0,500.0,67165.0
388,2021-10-04 22:10:10,3500.0,3000.0,66665.0
389,2021-10-04 22:09:36,3500.0,200.0,63665.0
390,2021-10-04 22:09:31,3400.0,500.0,63465.0
391,2021-10-04 22:09:15,3400.0,2000.0,62965.0
392,2021-10-04 22:08:54,3400.0,100.0,60965.0
393,2021-10-04 22:08:14,3500.0,500.0,60865.0
394,2021-10-04 22:08:00,3500.0,300.0,60365.0
395,2021-10-04 22:07:00,3500.0,200.0,60065.0
396,2021-10-04 22:06:09,3500.0,5000.0,59865.0
397,2021-10-04 22:05:39,3500.0,300.0,54865.0
398,2021-10-04 22:05:36,3500.0,4000.0,54565.0
399,2021-10-04 22:05:20,3500.0,300.0,50565.0
400,2021-10-04 22:05:14,3500.0,53.0,50265.0
401,2021-10-04 22:04:51,3500.0,6000.0,50212.0
402,2021-10-04 22:04:49,3500.0,2.0,44212.0
403,2021-10-04 22:04:40,3500.0,7200.0,44210.0
404,2021-10-04 22:04:22,3500.0,1000.0,37010.0
405,2021-10-04 22:03:44,3500.0,500.0,36010.0
406,2021-10-04 22:03:33,3500.0,500.0,35510.0
407,2021-10-04 22:03:05,3500.0,10000.0,35010.0
408,2021-10-04 22:03:00,3500.0,400.0,25010.0
409,2021-10-04 22:02:09,3500.0,10000.0,24610.0
410,2021-10-04 22:01:22,3400.0,1000.0,14610.0
411,2021-10-04 22:00:38,3300.0,4400.0,13610.0
412,2021-10-04 22:00:35,3300.0,8700.0,9210.0
413,2021-10-04 22:00:29,3400.0,200.0,510.0
414,2021-10-04 22:00:14,3400.0,10.0,310.0
415,2021-10-04 22:00:10,3400.0,100.0,300.0
416,2021-10-04 22:00:07,3400.0,100.0,200.0
417,2021-10-04 22:00:02,3400.0,100.0,100.0
