,Time,Price,Volume_per_trade,Volume
0,2021-10-04 03:53:36,21700.0,500.0,2584955.0
1,2021-10-04 03:45:02,21700.0,41100.0,2584455.0
2,2021-10-04 03:30:00,21700.0,1600.0,2543355.0
3,2021-10-04 03:29:24,21600.0,200.0,2541755.0
4,2021-10-04 03:29:10,21600.0,400.0,2541555.0
5,2021-10-04 03:28:47,21600.0,200.0,2541155.0
6,2021-10-04 03:27:32,21600.0,5000.0,2540955.0
7,2021-10-04 03:27:22,21700.0,300.0,2535955.0
8,2021-10-04 03:27:18,21700.0,1900.0,2535655.0
9,2021-10-04 03:27:17,21600.0,12000.0,2533755.0
10,2021-10-04 03:26:57,21700.0,1500.0,2521755.0
11,2021-10-04 03:26:47,21700.0,200.0,2520255.0
12,2021-10-04 03:26:43,21700.0,500.0,2520055.0
13,2021-10-04 03:26:40,21600.0,500.0,2519555.0
14,2021-10-04 03:25:23,21700.0,200.0,2519055.0
15,2021-10-04 03:24:58,21700.0,600.0,2518855.0
16,2021-10-04 03:24:08,21700.0,1000.0,2518255.0
17,2021-10-04 03:24:05,21700.0,1000.0,2517255.0
18,2021-10-04 03:24:04,21700.0,2000.0,2516255.0
19,2021-10-04 03:24:00,21700.0,100.0,2514255.0
20,2021-10-04 03:23:14,21700.0,100.0,2514155.0
21,2021-10-04 03:22:56,21700.0,1000.0,2514055.0
22,2021-10-04 03:22:25,21700.0,3000.0,2513055.0
23,2021-10-04 03:22:12,21700.0,4200.0,2510055.0
24,2021-10-04 03:21:05,21700.0,100.0,2505855.0
25,2021-10-04 03:20:45,21700.0,1600.0,2505755.0
26,2021-10-04 03:19:23,21700.0,400.0,2504155.0
27,2021-10-04 03:18:25,21700.0,2000.0,2503755.0
28,2021-10-04 03:18:03,21700.0,200.0,2501755.0
29,2021-10-04 03:17:59,21700.0,200.0,2501555.0
30,2021-10-04 03:17:47,21700.0,11500.0,2501355.0
31,2021-10-04 03:17:27,21800.0,300.0,2489855.0
32,2021-10-04 03:16:58,21700.0,2800.0,2489555.0
33,2021-10-04 03:15:35,21700.0,5000.0,2486755.0
34,2021-10-04 03:15:29,21700.0,2000.0,2481755.0
35,2021-10-04 03:15:14,21700.0,10300.0,2479755.0
36,2021-10-04 03:14:37,21700.0,2000.0,2469455.0
37,2021-10-04 03:14:26,21700.0,500.0,2467455.0
38,2021-10-04 03:14:13,21700.0,300.0,2466955.0
39,2021-10-04 03:14:04,21700.0,10000.0,2466655.0
40,2021-10-04 03:13:50,21800.0,6600.0,2456655.0
41,2021-10-04 03:13:47,21700.0,300.0,2450055.0
42,2021-10-04 03:13:36,21700.0,500.0,2449755.0
43,2021-10-04 03:13:35,21700.0,900.0,2449255.0
44,2021-10-04 03:13:27,21700.0,2000.0,2448355.0
45,2021-10-04 03:12:34,21700.0,100.0,2446355.0
46,2021-10-04 03:11:28,21700.0,3000.0,2446255.0
47,2021-10-04 03:11:15,21700.0,200.0,2443255.0
48,2021-10-04 03:08:31,21700.0,500.0,2443055.0
49,2021-10-04 03:07:23,21700.0,1000.0,2442555.0
50,2021-10-04 03:07:09,21700.0,1000.0,2441555.0
51,2021-10-04 03:07:04,21700.0,4600.0,2440555.0
52,2021-10-04 03:07:00,21700.0,500.0,2435955.0
53,2021-10-04 03:06:04,21700.0,12.0,2435455.0
54,2021-10-04 03:05:14,21700.0,300.0,2435443.0
55,2021-10-04 03:05:11,21800.0,1400.0,2435143.0
56,2021-10-04 03:04:47,21700.0,1000.0,2433743.0
57,2021-10-04 03:02:57,21700.0,2000.0,2432743.0
58,2021-10-04 03:02:39,21700.0,2000.0,2430743.0
59,2021-10-04 03:02:31,21700.0,1000.0,2428743.0
60,2021-10-04 03:01:26,21700.0,500.0,2427743.0
61,2021-10-04 03:01:15,21700.0,100.0,2427243.0
62,2021-10-04 02:59:46,21800.0,200.0,2427143.0
63,2021-10-04 02:58:56,21800.0,5600.0,2426943.0
64,2021-10-04 02:58:49,21800.0,500.0,2421343.0
65,2021-10-04 02:58:40,21800.0,2200.0,2420843.0
66,2021-10-04 02:58:31,21800.0,100.0,2418643.0
67,2021-10-04 02:58:21,21800.0,5000.0,2418543.0
68,2021-10-04 02:58:11,21800.0,10000.0,2413543.0
69,2021-10-04 02:58:06,21800.0,100.0,2403543.0
70,2021-10-04 02:58:02,21800.0,5000.0,2403443.0
71,2021-10-04 02:57:36,21800.0,1000.0,2398443.0
72,2021-10-04 02:56:05,21800.0,1000.0,2397443.0
73,2021-10-04 02:55:20,21800.0,500.0,2396443.0
74,2021-10-04 02:54:39,21800.0,1000.0,2395943.0
75,2021-10-04 02:54:09,21800.0,2200.0,2394943.0
76,2021-10-04 02:53:33,21800.0,3000.0,2392743.0
77,2021-10-04 02:53:28,21800.0,5000.0,2389743.0
78,2021-10-04 02:52:16,21900.0,200.0,2384743.0
79,2021-10-04 02:52:07,21800.0,33000.0,2384543.0
80,2021-10-04 02:51:27,21700.0,2000.0,2351543.0
81,2021-10-04 02:50:53,21600.0,800.0,2349543.0
82,2021-10-04 02:50:52,21600.0,600.0,2348743.0
83,2021-10-04 02:50:46,21600.0,1000.0,2348143.0
84,2021-10-04 02:50:42,21600.0,800.0,2347143.0
85,2021-10-04 02:50:34,21600.0,2000.0,2346343.0
86,2021-10-04 02:50:28,21600.0,200.0,2344343.0
87,2021-10-04 02:50:24,21600.0,1000.0,2344143.0
88,2021-10-04 02:49:59,21500.0,300.0,2343143.0
89,2021-10-04 02:49:57,21600.0,1000.0,2342843.0
90,2021-10-04 02:49:46,21600.0,5000.0,2341843.0
91,2021-10-04 02:49:45,21600.0,10000.0,2336843.0
92,2021-10-04 02:49:43,21600.0,10000.0,2326843.0
93,2021-10-04 02:49:17,21500.0,1000.0,2316843.0
94,2021-10-04 02:48:13,21500.0,400.0,2315843.0
95,2021-10-04 02:48:05,21500.0,1000.0,2315443.0
96,2021-10-04 02:48:03,21500.0,2000.0,2314443.0
97,2021-10-04 02:48:01,21500.0,2000.0,2312443.0
98,2021-10-04 02:47:21,21500.0,1000.0,2310443.0
99,2021-10-04 02:47:02,21500.0,200.0,2309443.0
100,2021-10-04 02:46:48,21500.0,3000.0,2309243.0
101,2021-10-04 02:46:14,21600.0,1000.0,2306243.0
102,2021-10-04 02:46:05,21600.0,100.0,2305243.0
103,2021-10-04 02:46:04,21500.0,500.0,2305143.0
104,2021-10-04 02:45:56,21500.0,300.0,2304643.0
105,2021-10-04 02:45:50,21600.0,200.0,2304343.0
106,2021-10-04 02:45:29,21600.0,300.0,2304143.0
107,2021-10-04 02:45:07,21600.0,100.0,2303843.0
108,2021-10-04 02:43:49,21600.0,1900.0,2303743.0
109,2021-10-04 02:43:35,21600.0,100.0,2301843.0
110,2021-10-04 02:43:31,21600.0,2000.0,2301743.0
111,2021-10-04 02:43:29,21600.0,2.0,2299743.0
112,2021-10-04 02:43:20,21600.0,1000.0,2299741.0
113,2021-10-04 02:42:49,21600.0,20000.0,2298741.0
114,2021-10-04 02:42:19,21600.0,1000.0,2278741.0
115,2021-10-04 02:42:07,21700.0,2300.0,2277741.0
116,2021-10-04 02:42:04,21600.0,700.0,2275441.0
117,2021-10-04 02:41:34,21700.0,100.0,2274741.0
118,2021-10-04 02:41:17,21700.0,100.0,2274641.0
119,2021-10-04 02:41:06,21700.0,600.0,2274541.0
120,2021-10-04 02:41:05,21600.0,600.0,2273941.0
121,2021-10-04 02:40:53,21600.0,200.0,2273341.0
122,2021-10-04 02:40:50,21600.0,500.0,2273141.0
123,2021-10-04 02:40:48,21700.0,500.0,2272641.0
124,2021-10-04 02:40:32,21700.0,2000.0,2272141.0
125,2021-10-04 02:39:52,21700.0,200.0,2270141.0
126,2021-10-04 02:39:51,21700.0,100.0,2269941.0
127,2021-10-04 02:39:49,21600.0,11800.0,2269841.0
128,2021-10-04 02:38:56,21700.0,100.0,2258041.0
129,2021-10-04 02:38:37,21600.0,100.0,2257941.0
130,2021-10-04 02:38:24,21600.0,100.0,2257841.0
131,2021-10-04 02:38:12,21600.0,200.0,2257741.0
132,2021-10-04 02:37:38,21600.0,500.0,2257541.0
133,2021-10-04 02:37:19,21600.0,500.0,2257041.0
134,2021-10-04 02:36:58,21700.0,27500.0,2256541.0
135,2021-10-04 02:36:52,21700.0,500.0,2229041.0
136,2021-10-04 02:35:18,21700.0,700.0,2228541.0
137,2021-10-04 02:34:57,21700.0,1000.0,2227841.0
138,2021-10-04 02:33:56,21700.0,200.0,2226841.0
139,2021-10-04 02:33:55,21800.0,1500.0,2226641.0
140,2021-10-04 02:33:16,21800.0,500.0,2225141.0
141,2021-10-04 02:32:55,21700.0,800.0,2224641.0
142,2021-10-04 02:32:45,21700.0,200.0,2223841.0
143,2021-10-04 02:32:42,21700.0,2800.0,2223641.0
144,2021-10-04 02:31:45,21700.0,800.0,2220841.0
145,2021-10-04 02:31:40,21700.0,100.0,2220041.0
146,2021-10-04 02:31:35,21700.0,100.0,2219941.0
147,2021-10-04 02:31:29,21700.0,4900.0,2219841.0
148,2021-10-04 02:31:01,21700.0,100.0,2214941.0
149,2021-10-04 02:30:58,21700.0,100.0,2214841.0
150,2021-10-04 02:30:57,21700.0,400.0,2214741.0
151,2021-10-04 02:30:51,21700.0,200.0,2214341.0
152,2021-10-04 02:30:49,21700.0,1500.0,2214141.0
153,2021-10-04 02:30:42,21700.0,1000.0,2212641.0
154,2021-10-04 02:30:33,21700.0,1600.0,2211641.0
155,2021-10-04 02:30:32,21700.0,100.0,2210041.0
156,2021-10-04 02:30:24,21700.0,100.0,2209941.0
157,2021-10-04 02:30:16,21700.0,3000.0,2209841.0
158,2021-10-04 02:29:46,21700.0,1000.0,2206841.0
159,2021-10-04 02:29:33,21700.0,400.0,2205841.0
160,2021-10-04 02:29:04,21700.0,2100.0,2205441.0
161,2021-10-04 02:29:00,21700.0,100.0,2203341.0
162,2021-10-04 02:28:34,21700.0,800.0,2203241.0
163,2021-10-04 02:28:19,21700.0,5900.0,2202441.0
164,2021-10-04 02:28:10,21700.0,1100.0,2196541.0
165,2021-10-04 02:27:50,21700.0,8900.0,2195441.0
166,2021-10-04 02:27:45,21700.0,1000.0,2186541.0
167,2021-10-04 02:27:35,21700.0,3000.0,2185541.0
168,2021-10-04 02:27:23,21700.0,100.0,2182541.0
169,2021-10-04 02:27:13,21700.0,1500.0,2182441.0
170,2021-10-04 02:27:03,21700.0,500.0,2180941.0
171,2021-10-04 02:26:42,21700.0,8500.0,2180441.0
172,2021-10-04 02:26:40,21700.0,500.0,2171941.0
173,2021-10-04 02:26:39,21700.0,10100.0,2171441.0
174,2021-10-04 02:24:59,21700.0,1100.0,2161341.0
175,2021-10-04 02:24:57,21600.0,100.0,2160241.0
176,2021-10-04 02:24:56,21700.0,500.0,2160141.0
177,2021-10-04 02:24:54,21600.0,2000.0,2159641.0
178,2021-10-04 02:24:48,21700.0,20000.0,2157641.0
179,2021-10-04 02:24:41,21700.0,100.0,2137641.0
180,2021-10-04 02:23:57,21600.0,7800.0,2137541.0
181,2021-10-04 02:23:56,21600.0,1500.0,2129741.0
182,2021-10-04 02:23:39,21600.0,100.0,2128241.0
183,2021-10-04 02:23:12,21600.0,300.0,2128141.0
184,2021-10-04 02:23:09,21600.0,100.0,2127841.0
185,2021-10-04 02:23:01,21600.0,100.0,2127741.0
186,2021-10-04 02:22:54,21600.0,500.0,2127641.0
187,2021-10-04 02:22:50,21600.0,2000.0,2127141.0
188,2021-10-04 02:22:46,21600.0,500.0,2125141.0
189,2021-10-04 02:22:44,21600.0,500.0,2124641.0
190,2021-10-04 02:22:31,21600.0,3200.0,2124141.0
191,2021-10-04 02:22:22,21600.0,100.0,2120941.0
192,2021-10-04 02:22:03,21600.0,100.0,2120841.0
193,2021-10-04 02:21:55,21600.0,1000.0,2120741.0
194,2021-10-04 02:21:44,21600.0,6000.0,2119741.0
195,2021-10-04 02:21:35,21600.0,500.0,2113741.0
196,2021-10-04 02:21:32,21600.0,1000.0,2113241.0
197,2021-10-04 02:21:16,21600.0,38600.0,2112241.0
198,2021-10-04 02:21:00,21600.0,500.0,2073641.0
199,2021-10-04 02:20:55,21600.0,1000.0,2073141.0
200,2021-10-04 02:20:54,21600.0,1000.0,2072141.0
201,2021-10-04 02:20:40,21600.0,1500.0,2071141.0
202,2021-10-04 02:20:39,21700.0,1500.0,2069641.0
203,2021-10-04 02:20:30,21600.0,15000.0,2068141.0
204,2021-10-04 02:20:27,21600.0,200.0,2053141.0
205,2021-10-04 02:20:25,21700.0,2000.0,2052941.0
206,2021-10-04 02:20:20,21700.0,20.0,2050941.0
207,2021-10-04 02:20:14,21700.0,200.0,2050921.0
208,2021-10-04 02:19:52,21700.0,500.0,2050721.0
209,2021-10-04 02:19:46,21700.0,100.0,2050221.0
210,2021-10-04 02:19:42,21700.0,3000.0,2050121.0
211,2021-10-04 02:19:38,21700.0,100.0,2047121.0
212,2021-10-04 02:19:32,21700.0,100.0,2047021.0
213,2021-10-04 02:19:01,21700.0,9200.0,2046921.0
214,2021-10-04 02:18:55,21600.0,10000.0,2037721.0
215,2021-10-04 02:18:45,21700.0,5000.0,2027721.0
216,2021-10-04 02:18:42,21600.0,200.0,2022721.0
217,2021-10-04 02:18:19,21700.0,100.0,2022521.0
218,2021-10-04 02:18:18,21700.0,6500.0,2022421.0
219,2021-10-04 02:18:08,21700.0,7600.0,2015921.0
220,2021-10-04 02:17:41,21700.0,500.0,2008321.0
221,2021-10-04 02:17:22,21700.0,70000.0,2007821.0
222,2021-10-04 02:17:03,21700.0,200.0,1937821.0
223,2021-10-04 02:16:07,21700.0,10000.0,1937621.0
224,2021-10-04 02:16:04,21800.0,300.0,1927621.0
225,2021-10-04 02:15:57,21800.0,300.0,1927321.0
226,2021-10-04 02:15:44,21800.0,10000.0,1927021.0
227,2021-10-04 02:15:29,21800.0,100.0,1917021.0
228,2021-10-04 02:15:19,21800.0,200.0,1916921.0
229,2021-10-04 02:15:12,21800.0,600.0,1916721.0
230,2021-10-04 02:14:47,21800.0,100.0,1916121.0
231,2021-10-04 02:14:44,21800.0,500.0,1916021.0
232,2021-10-04 02:14:25,21800.0,500.0,1915521.0
233,2021-10-04 02:14:22,21800.0,4100.0,1915021.0
234,2021-10-04 02:14:05,21800.0,200.0,1910921.0
235,2021-10-04 02:14:03,21800.0,17900.0,1910721.0
236,2021-10-04 02:13:14,21800.0,10000.0,1892821.0
237,2021-10-04 02:12:51,21800.0,10.0,1882821.0
238,2021-10-04 02:12:36,21800.0,2200.0,1882811.0
239,2021-10-04 02:12:32,21800.0,400.0,1880611.0
240,2021-10-04 02:12:03,21800.0,1000.0,1880211.0
241,2021-10-04 02:11:59,21800.0,400.0,1879211.0
242,2021-10-04 02:11:30,21800.0,2700.0,1878811.0
243,2021-10-04 02:11:07,21800.0,800.0,1876111.0
244,2021-10-04 02:10:58,21900.0,300.0,1875311.0
245,2021-10-04 02:10:52,21800.0,4100.0,1875011.0
246,2021-10-04 02:10:40,21800.0,200.0,1870911.0
247,2021-10-04 02:10:36,21800.0,300.0,1870711.0
248,2021-10-04 02:10:32,21700.0,1000.0,1870411.0
249,2021-10-04 02:10:31,21800.0,5100.0,1869411.0
250,2021-10-04 02:10:16,21800.0,500.0,1864311.0
251,2021-10-04 02:10:09,21800.0,100.0,1863811.0
252,2021-10-04 02:09:44,21700.0,8000.0,1863711.0
253,2021-10-04 02:09:22,21800.0,1000.0,1855711.0
254,2021-10-04 02:08:36,21800.0,1000.0,1854711.0
255,2021-10-04 02:08:14,21800.0,1100.0,1853711.0
256,2021-10-04 02:08:13,21800.0,7600.0,1852611.0
257,2021-10-04 02:08:00,21900.0,500.0,1845011.0
258,2021-10-04 02:07:38,21900.0,1000.0,1844511.0
259,2021-10-04 02:07:01,21900.0,100.0,1843511.0
260,2021-10-04 02:06:50,21900.0,300.0,1843411.0
261,2021-10-04 02:06:40,21900.0,600.0,1843111.0
262,2021-10-04 02:06:07,21900.0,8200.0,1842511.0
263,2021-10-04 02:05:50,21900.0,17000.0,1834311.0
264,2021-10-04 02:05:40,21900.0,100.0,1817311.0
265,2021-10-04 02:05:37,21900.0,6300.0,1817211.0
266,2021-10-04 02:05:25,21900.0,100.0,1810911.0
267,2021-10-04 02:05:05,21900.0,1000.0,1810811.0
268,2021-10-04 02:04:57,21900.0,500.0,1809811.0
269,2021-10-04 02:03:59,21900.0,5000.0,1809311.0
270,2021-10-04 02:03:49,21900.0,700.0,1804311.0
271,2021-10-04 02:03:31,21900.0,300.0,1803611.0
272,2021-10-04 02:03:28,21900.0,300.0,1803311.0
273,2021-10-04 02:03:26,21900.0,300.0,1803011.0
274,2021-10-04 02:03:23,21900.0,2000.0,1802711.0
275,2021-10-04 02:03:18,21900.0,100.0,1800711.0
276,2021-10-04 02:03:09,21900.0,300.0,1800611.0
277,2021-10-04 02:03:05,21900.0,300.0,1800311.0
278,2021-10-04 02:03:03,21900.0,300.0,1800011.0
279,2021-10-04 02:02:58,21800.0,300.0,1799711.0
280,2021-10-04 02:02:47,21800.0,1500.0,1799411.0
281,2021-10-04 02:02:06,21800.0,1600.0,1797911.0
282,2021-10-04 02:01:57,21800.0,5.0,1796311.0
283,2021-10-04 02:01:41,21800.0,100.0,1796306.0
284,2021-10-04 02:01:14,21800.0,1000.0,1796206.0
285,2021-10-04 02:01:07,21800.0,1300.0,1795206.0
286,2021-10-04 02:00:49,21800.0,100.0,1793906.0
287,2021-10-04 02:00:14,21800.0,1000.0,1793806.0
288,2021-10-04 02:00:13,21800.0,100.0,1792806.0
289,2021-10-04 02:00:12,21800.0,100.0,1792706.0
290,2021-10-04 02:00:11,21800.0,400.0,1792606.0
291,2021-10-04 02:00:09,21800.0,2000.0,1792206.0
292,2021-10-04 02:00:04,21800.0,100.0,1790206.0
293,2021-10-04 02:00:02,21800.0,10600.0,1790106.0
294,2021-10-04 00:29:52,21800.0,1000.0,1779506.0
295,2021-10-04 00:27:52,21800.0,200.0,1778506.0
296,2021-10-04 00:25:34,21800.0,300.0,1778306.0
297,2021-10-04 00:24:19,21800.0,100.0,1778006.0
298,2021-10-04 00:24:10,21700.0,30000.0,1777906.0
299,2021-10-04 00:23:20,21800.0,500.0,1747906.0
300,2021-10-04 00:23:19,21800.0,1300.0,1747406.0
301,2021-10-04 00:23:14,21800.0,200.0,1746106.0
302,2021-10-04 00:23:03,21800.0,1200.0,1745906.0
303,2021-10-04 00:22:39,21800.0,8800.0,1744706.0
304,2021-10-04 00:22:21,21800.0,200.0,1735906.0
305,2021-10-04 00:22:07,21800.0,600.0,1735706.0
306,2021-10-04 00:21:55,21800.0,1300.0,1735106.0
307,2021-10-04 00:21:54,21800.0,100.0,1733806.0
308,2021-10-04 00:21:45,21800.0,100.0,1733706.0
309,2021-10-04 00:21:24,21800.0,5000.0,1733606.0
310,2021-10-04 00:20:52,21800.0,2000.0,1728606.0
311,2021-10-04 00:20:48,21800.0,10300.0,1726606.0
312,2021-10-04 00:20:32,21800.0,100.0,1716306.0
313,2021-10-04 00:20:03,21800.0,500.0,1716206.0
314,2021-10-04 00:19:54,21800.0,600.0,1715706.0
315,2021-10-04 00:19:49,21800.0,2300.0,1715106.0
316,2021-10-04 00:19:26,21800.0,7700.0,1712806.0
317,2021-10-04 00:19:22,21700.0,300.0,1705106.0
318,2021-10-04 00:19:21,21800.0,2000.0,1704806.0
319,2021-10-04 00:19:03,21700.0,1000.0,1702806.0
320,2021-10-04 00:18:44,21800.0,500.0,1701806.0
321,2021-10-04 00:18:02,21800.0,60.0,1701306.0
322,2021-10-04 00:18:00,21800.0,100.0,1701246.0
323,2021-10-04 00:17:42,21800.0,400.0,1701146.0
324,2021-10-04 00:17:38,21800.0,1600.0,1700746.0
325,2021-10-04 00:17:21,21800.0,500.0,1699146.0
326,2021-10-04 00:17:14,21700.0,500.0,1698646.0
327,2021-10-04 00:17:06,21700.0,3300.0,1698146.0
328,2021-10-04 00:16:20,21700.0,2200.0,1694846.0
329,2021-10-04 00:16:11,21700.0,200.0,1692646.0
330,2021-10-04 00:15:35,21700.0,100.0,1692446.0
331,2021-10-04 00:15:24,21700.0,1500.0,1692346.0
332,2021-10-04 00:15:05,21700.0,800.0,1690846.0
333,2021-10-04 00:14:57,21700.0,500.0,1690046.0
334,2021-10-04 00:14:41,21700.0,2800.0,1689546.0
335,2021-10-04 00:14:33,21800.0,400.0,1686746.0
336,2021-10-04 00:14:27,21800.0,800.0,1686346.0
337,2021-10-04 00:14:20,21700.0,20000.0,1685546.0
338,2021-10-04 00:14:15,21800.0,100.0,1665546.0
339,2021-10-04 00:14:03,21800.0,300.0,1665446.0
340,2021-10-04 00:14:00,21800.0,1000.0,1665146.0
341,2021-10-04 00:13:36,21800.0,1000.0,1664146.0
342,2021-10-04 00:13:34,21700.0,5000.0,1663146.0
343,2021-10-04 00:13:30,21700.0,5000.0,1658146.0
344,2021-10-04 00:12:11,21700.0,200.0,1653146.0
345,2021-10-04 00:12:06,21800.0,100.0,1652946.0
346,2021-10-04 00:12:00,21800.0,1000.0,1652846.0
347,2021-10-04 00:11:30,21800.0,400.0,1651846.0
348,2021-10-04 00:11:10,21800.0,4500.0,1651446.0
349,2021-10-04 00:10:54,21800.0,700.0,1646946.0
350,2021-10-04 00:10:52,21800.0,1000.0,1646246.0
351,2021-10-04 00:10:49,21800.0,300.0,1645246.0
352,2021-10-04 00:10:48,21800.0,4700.0,1644946.0
353,2021-10-04 00:10:43,21800.0,3300.0,1640246.0
354,2021-10-04 00:10:25,21800.0,500.0,1636946.0
355,2021-10-04 00:10:05,21800.0,5000.0,1636446.0
356,2021-10-04 00:09:57,21800.0,300.0,1631446.0
357,2021-10-04 00:09:53,21800.0,300.0,1631146.0
358,2021-10-04 00:09:46,21800.0,1000.0,1630846.0
359,2021-10-04 00:09:16,21800.0,600.0,1629846.0
360,2021-10-04 00:09:06,21800.0,100.0,1629246.0
361,2021-10-04 00:09:05,21800.0,2000.0,1629146.0
362,2021-10-04 00:08:54,21700.0,1500.0,1627146.0
363,2021-10-04 00:08:51,21900.0,10000.0,1625646.0
364,2021-10-04 00:08:48,21800.0,600.0,1615646.0
365,2021-10-04 00:08:45,21800.0,1000.0,1615046.0
366,2021-10-04 00:08:38,21800.0,500.0,1614046.0
367,2021-10-04 00:08:36,21800.0,500.0,1613546.0
368,2021-10-04 00:08:19,21800.0,100.0,1613046.0
369,2021-10-04 00:07:36,21700.0,1200.0,1612946.0
370,2021-10-04 00:07:34,21700.0,600.0,1611746.0
371,2021-10-04 00:07:29,21700.0,400.0,1611146.0
372,2021-10-04 00:07:21,21700.0,200.0,1610746.0
373,2021-10-04 00:07:08,21700.0,11000.0,1610546.0
374,2021-10-04 00:06:50,21700.0,200.0,1599546.0
375,2021-10-04 00:06:30,21600.0,300.0,1599346.0
376,2021-10-04 00:06:26,21600.0,100.0,1599046.0
377,2021-10-04 00:06:08,21500.0,300.0,1598946.0
378,2021-10-04 00:05:56,21500.0,500.0,1598646.0
379,2021-10-04 00:05:44,21500.0,400.0,1598146.0
380,2021-10-04 00:05:43,21500.0,100.0,1597746.0
381,2021-10-04 00:05:42,21500.0,200.0,1597646.0
382,2021-10-04 00:05:40,21500.0,1500.0,1597446.0
383,2021-10-04 00:05:29,21500.0,100.0,1595946.0
384,2021-10-04 00:05:21,21500.0,100.0,1595846.0
385,2021-10-04 00:05:20,21500.0,4800.0,1595746.0
386,2021-10-04 00:05:18,21400.0,23200.0,1590946.0
387,2021-10-04 00:05:03,21500.0,2400.0,1567746.0
388,2021-10-04 00:05:02,21500.0,2600.0,1565346.0
389,2021-10-04 00:04:55,21500.0,200.0,1562746.0
390,2021-10-04 00:04:54,21500.0,500.0,1562546.0
391,2021-10-04 00:04:53,21400.0,6100.0,1562046.0
392,2021-10-04 00:04:49,21500.0,200.0,1555946.0
393,2021-10-04 00:04:47,21500.0,1000.0,1555746.0
394,2021-10-04 00:04:45,21500.0,1200.0,1554746.0
395,2021-10-04 00:04:39,21500.0,5000.0,1553546.0
396,2021-10-04 00:04:35,21500.0,1000.0,1548546.0
397,2021-10-04 00:04:34,21500.0,1000.0,1547546.0
398,2021-10-04 00:04:33,21500.0,500.0,1546546.0
399,2021-10-04 00:04:30,21500.0,1000.0,1546046.0
400,2021-10-04 00:04:23,21500.0,600.0,1545046.0
401,2021-10-04 00:04:22,21500.0,1000.0,1544446.0
402,2021-10-04 00:04:20,21500.0,300.0,1543446.0
403,2021-10-04 00:04:18,21500.0,41400.0,1543146.0
404,2021-10-04 00:04:09,21700.0,2000.0,1501746.0
405,2021-10-04 00:03:49,21700.0,900.0,1499746.0
406,2021-10-04 00:03:48,21700.0,15000.0,1498846.0
407,2021-10-04 00:03:42,21700.0,4000.0,1483846.0
408,2021-10-04 00:03:29,21700.0,1000.0,1479846.0
409,2021-10-04 00:03:22,21700.0,1500.0,1478846.0
410,2021-10-04 00:03:11,21800.0,200.0,1477346.0
411,2021-10-04 00:03:09,21700.0,1000.0,1477146.0
412,2021-10-04 00:03:08,21800.0,41700.0,1476146.0
413,2021-10-04 00:03:06,21800.0,300.0,1434446.0
414,2021-10-04 00:02:51,21800.0,500.0,1434146.0
415,2021-10-04 00:02:44,21900.0,1000.0,1433646.0
416,2021-10-04 00:02:39,21900.0,2000.0,1432646.0
417,2021-10-04 00:02:15,21900.0,300.0,1430646.0
418,2021-10-04 00:02:08,21900.0,200.0,1430346.0
419,2021-10-04 00:01:17,21900.0,1000.0,1430146.0
420,2021-10-04 00:00:33,21900.0,5000.0,1429146.0
421,2021-10-04 00:00:32,21800.0,50000.0,1424146.0
422,2021-10-04 00:00:28,21900.0,100.0,1374146.0
423,2021-10-04 23:59:56,21900.0,100.0,1374046.0
424,2021-10-04 23:59:34,21900.0,200.0,1373946.0
425,2021-10-04 23:59:31,21900.0,1500.0,1373746.0
426,2021-10-04 23:59:28,21900.0,2000.0,1372246.0
427,2021-10-04 23:59:11,21900.0,15900.0,1370246.0
428,2021-10-04 23:59:10,21900.0,1000.0,1354346.0
429,2021-10-04 23:58:38,21900.0,7800.0,1353346.0
430,2021-10-04 23:58:27,21900.0,600.0,1345546.0
431,2021-10-04 23:58:10,21900.0,5000.0,1344946.0
432,2021-10-04 23:58:08,21900.0,10000.0,1339946.0
433,2021-10-04 23:57:51,21900.0,200.0,1329946.0
434,2021-10-04 23:57:46,21900.0,7000.0,1329746.0
435,2021-10-04 23:57:43,21800.0,100.0,1322746.0
436,2021-10-04 23:57:15,21900.0,4200.0,1322646.0
437,2021-10-04 23:57:07,21900.0,500.0,1318446.0
438,2021-10-04 23:57:04,21900.0,5000.0,1317946.0
439,2021-10-04 23:57:00,21800.0,1000.0,1312946.0
440,2021-10-04 23:56:48,21900.0,100.0,1311946.0
441,2021-10-04 23:56:44,21900.0,2000.0,1311846.0
442,2021-10-04 23:56:41,21900.0,500.0,1309846.0
443,2021-10-04 23:56:28,21900.0,100.0,1309346.0
444,2021-10-04 23:56:22,21900.0,100.0,1309246.0
445,2021-10-04 23:56:20,21900.0,11300.0,1309146.0
446,2021-10-04 23:56:02,21900.0,10000.0,1297846.0
447,2021-10-04 23:55:06,21900.0,400.0,1287846.0
448,2021-10-04 23:54:58,21900.0,100.0,1287446.0
449,2021-10-04 23:54:45,21900.0,100.0,1287346.0
450,2021-10-04 23:54:43,21900.0,15000.0,1287246.0
451,2021-10-04 23:54:33,21900.0,4900.0,1272246.0
452,2021-10-04 23:54:31,21900.0,4500.0,1267346.0
453,2021-10-04 23:53:46,21900.0,800.0,1262846.0
454,2021-10-04 23:53:28,21900.0,1000.0,1262046.0
455,2021-10-04 23:53:17,21900.0,15000.0,1261046.0
456,2021-10-04 23:53:14,21900.0,100.0,1246046.0
457,2021-10-04 23:53:11,21900.0,5400.0,1245946.0
458,2021-10-04 23:53:09,21900.0,500.0,1240546.0
459,2021-10-04 23:53:08,21900.0,100.0,1240046.0
460,2021-10-04 23:52:41,21900.0,4000.0,1239946.0
461,2021-10-04 23:52:34,21900.0,5000.0,1235946.0
462,2021-10-04 23:52:22,21900.0,1500.0,1230946.0
463,2021-10-04 23:52:07,21900.0,400.0,1229446.0
464,2021-10-04 23:51:42,21900.0,100.0,1229046.0
465,2021-10-04 23:51:37,21900.0,30000.0,1228946.0
466,2021-10-04 23:51:29,21900.0,10400.0,1198946.0
467,2021-10-04 23:51:22,21900.0,800.0,1188546.0
468,2021-10-04 23:51:19,22000.0,34.0,1187746.0
469,2021-10-04 23:50:39,22000.0,1000.0,1187712.0
470,2021-10-04 23:50:17,22000.0,100.0,1186712.0
471,2021-10-04 23:49:37,21900.0,5900.0,1186612.0
472,2021-10-04 23:49:13,21900.0,100.0,1180712.0
473,2021-10-04 23:49:10,21900.0,300.0,1180612.0
474,2021-10-04 23:48:50,21900.0,100.0,1180312.0
475,2021-10-04 23:48:40,21900.0,100.0,1180212.0
476,2021-10-04 23:48:26,21900.0,200.0,1180112.0
477,2021-10-04 23:48:22,21900.0,600.0,1179912.0
478,2021-10-04 23:48:14,21900.0,9500.0,1179312.0
479,2021-10-04 23:47:55,21900.0,10500.0,1169812.0
480,2021-10-04 23:47:47,21900.0,3000.0,1159312.0
481,2021-10-04 23:47:46,21900.0,16000.0,1156312.0
482,2021-10-04 23:47:17,22000.0,500.0,1140312.0
483,2021-10-04 23:47:16,22000.0,5000.0,1139812.0
484,2021-10-04 23:47:08,22000.0,30000.0,1134812.0
485,2021-10-04 23:46:50,22000.0,1000.0,1104812.0
486,2021-10-04 23:46:49,22000.0,1000.0,1103812.0
487,2021-10-04 23:46:47,22000.0,5.0,1102812.0
488,2021-10-04 23:46:44,22000.0,100.0,1102807.0
489,2021-10-04 23:46:40,22000.0,1000.0,1102707.0
490,2021-10-04 23:46:38,22000.0,1000.0,1101707.0
491,2021-10-04 23:46:30,22000.0,5000.0,1100707.0
492,2021-10-04 23:45:57,22000.0,3.0,1095707.0
493,2021-10-04 23:45:47,22000.0,100.0,1095704.0
494,2021-10-04 23:45:19,22000.0,300.0,1095604.0
495,2021-10-04 23:45:16,22000.0,13600.0,1095304.0
496,2021-10-04 23:44:26,22100.0,7400.0,1081704.0
497,2021-10-04 23:44:24,22100.0,100.0,1074304.0
498,2021-10-04 23:43:57,22100.0,1000.0,1074204.0
499,2021-10-04 23:42:58,22100.0,900.0,1073204.0
500,2021-10-04 23:42:53,22100.0,3000.0,1072304.0
501,2021-10-04 23:42:52,22100.0,5100.0,1069304.0
502,2021-10-04 23:42:46,22100.0,2000.0,1064204.0
503,2021-10-04 23:41:18,22100.0,300.0,1062204.0
504,2021-10-04 23:41:16,22100.0,100.0,1061904.0
505,2021-10-04 23:41:11,22000.0,200.0,1061804.0
506,2021-10-04 23:41:01,22100.0,100.0,1061604.0
507,2021-10-04 23:40:24,22100.0,300.0,1061504.0
508,2021-10-04 23:38:17,22100.0,100.0,1061204.0
509,2021-10-04 23:38:11,22100.0,2900.0,1061104.0
510,2021-10-04 23:38:00,22100.0,1100.0,1058204.0
511,2021-10-04 23:36:46,22100.0,10000.0,1057104.0
512,2021-10-04 23:36:28,22200.0,600.0,1047104.0
513,2021-10-04 23:36:14,22100.0,5000.0,1046504.0
514,2021-10-04 23:35:53,22100.0,100.0,1041504.0
515,2021-10-04 23:35:22,22100.0,6800.0,1041404.0
516,2021-10-04 23:35:10,22100.0,500.0,1034604.0
517,2021-10-04 23:35:05,22100.0,1000.0,1034104.0
518,2021-10-04 23:35:04,22100.0,2000.0,1033104.0
519,2021-10-04 23:34:43,22100.0,1000.0,1031104.0
520,2021-10-04 23:34:21,22100.0,1300.0,1030104.0
521,2021-10-04 23:34:05,22100.0,500.0,1028804.0
522,2021-10-04 23:33:37,22000.0,5000.0,1028304.0
523,2021-10-04 23:32:49,22000.0,4000.0,1023304.0
524,2021-10-04 23:32:28,22100.0,1000.0,1019304.0
525,2021-10-04 23:32:01,22100.0,200.0,1018304.0
526,2021-10-04 23:31:36,22100.0,2000.0,1018104.0
527,2021-10-04 23:30:58,22100.0,16.0,1016104.0
528,2021-10-04 23:30:56,22100.0,100.0,1016088.0
529,2021-10-04 23:30:23,22100.0,100.0,1015988.0
530,2021-10-04 23:30:11,22100.0,500.0,1015888.0
531,2021-10-04 23:29:58,22100.0,10000.0,1015388.0
532,2021-10-04 23:29:08,22100.0,500.0,1005388.0
533,2021-10-04 23:27:47,22100.0,500.0,1004888.0
534,2021-10-04 23:27:34,22000.0,2000.0,1004388.0
535,2021-10-04 23:27:31,22100.0,500.0,1002388.0
536,2021-10-04 23:27:26,22000.0,1100.0,1001888.0
537,2021-10-04 23:27:08,22000.0,2300.0,1000788.0
538,2021-10-04 23:26:52,22100.0,3500.0,998488.0
539,2021-10-04 23:26:11,22100.0,100.0,994988.0
540,2021-10-04 23:25:43,22100.0,7400.0,994888.0
541,2021-10-04 23:25:37,22100.0,1500.0,987488.0
542,2021-10-04 23:25:30,22100.0,600.0,985988.0
543,2021-10-04 23:25:23,22100.0,600.0,985388.0
544,2021-10-04 23:25:22,22100.0,3000.0,984788.0
545,2021-10-04 23:25:19,22100.0,1000.0,981788.0
546,2021-10-04 23:25:07,22100.0,10000.0,980788.0
547,2021-10-04 23:25:00,22100.0,1000.0,970788.0
548,2021-10-04 23:23:43,22000.0,4400.0,969788.0
549,2021-10-04 23:23:36,22000.0,10000.0,965388.0
550,2021-10-04 23:23:10,22000.0,2000.0,955388.0
551,2021-10-04 23:22:49,22000.0,100.0,953388.0
552,2021-10-04 23:22:47,22000.0,1000.0,953288.0
553,2021-10-04 23:22:31,22000.0,100.0,952288.0
554,2021-10-04 23:22:29,22000.0,800.0,952188.0
555,2021-10-04 23:22:18,22000.0,100.0,951388.0
556,2021-10-04 23:22:04,22000.0,100.0,951288.0
557,2021-10-04 23:21:57,22000.0,1000.0,951188.0
558,2021-10-04 23:20:35,22000.0,200.0,950188.0
559,2021-10-04 23:20:05,22000.0,10.0,949988.0
560,2021-10-04 23:19:48,22000.0,1800.0,949978.0
561,2021-10-04 23:19:30,22000.0,200.0,948178.0
562,2021-10-04 23:19:28,22000.0,4000.0,947978.0
563,2021-10-04 23:19:14,22000.0,100.0,943978.0
564,2021-10-04 23:19:02,22000.0,100.0,943878.0
565,2021-10-04 23:18:39,22000.0,600.0,943778.0
566,2021-10-04 23:18:27,22000.0,19400.0,943178.0
567,2021-10-04 23:17:56,22000.0,200.0,923778.0
568,2021-10-04 23:17:48,22000.0,700.0,923578.0
569,2021-10-04 23:17:34,22000.0,200.0,922878.0
570,2021-10-04 23:17:31,22000.0,5000.0,922678.0
571,2021-10-04 23:17:13,22000.0,1000.0,917678.0
572,2021-10-04 23:17:00,22000.0,600.0,916678.0
573,2021-10-04 23:16:46,22000.0,6000.0,916078.0
574,2021-10-04 23:16:33,22000.0,1400.0,910078.0
575,2021-10-04 23:16:26,22100.0,3700.0,908678.0
576,2021-10-04 23:16:14,22000.0,1500.0,904978.0
577,2021-10-04 23:16:13,22000.0,5400.0,903478.0
578,2021-10-04 23:16:08,22000.0,3000.0,898078.0
579,2021-10-04 23:16:07,22000.0,500.0,895078.0
580,2021-10-04 23:15:07,22000.0,1300.0,894578.0
581,2021-10-04 23:14:57,22000.0,500.0,893278.0
582,2021-10-04 23:14:18,22000.0,600.0,892778.0
583,2021-10-04 23:14:17,22000.0,500.0,892178.0
584,2021-10-04 23:14:02,22000.0,4000.0,891678.0
585,2021-10-04 23:13:40,22000.0,25.0,887678.0
586,2021-10-04 23:13:32,22000.0,1000.0,887653.0
587,2021-10-04 23:13:25,22000.0,300.0,886653.0
588,2021-10-04 23:12:56,21900.0,1000.0,886353.0
589,2021-10-04 23:12:45,22000.0,1000.0,885353.0
590,2021-10-04 23:12:25,22000.0,500.0,884353.0
591,2021-10-04 23:12:14,22000.0,500.0,883853.0
592,2021-10-04 23:12:12,22000.0,2100.0,883353.0
593,2021-10-04 23:12:02,22000.0,3500.0,881253.0
594,2021-10-04 23:11:34,22000.0,10000.0,877753.0
595,2021-10-04 23:11:24,22000.0,1000.0,867753.0
596,2021-10-04 23:10:58,22100.0,100.0,866753.0
597,2021-10-04 23:10:52,22100.0,200.0,866653.0
598,2021-10-04 23:10:23,22100.0,300.0,866453.0
599,2021-10-04 23:10:18,22100.0,300.0,866153.0
600,2021-10-04 23:07:42,22100.0,1400.0,865853.0
601,2021-10-04 23:07:01,22100.0,4200.0,864453.0
602,2021-10-04 23:06:44,22100.0,300.0,860253.0
603,2021-10-04 23:06:36,22100.0,500.0,859953.0
604,2021-10-04 23:06:28,22100.0,4500.0,859453.0
605,2021-10-04 23:06:16,22100.0,100.0,854953.0
606,2021-10-04 23:05:55,22100.0,200.0,854853.0
607,2021-10-04 23:05:52,22100.0,1000.0,854653.0
608,2021-10-04 23:04:41,22100.0,100.0,853653.0
609,2021-10-04 23:04:31,22100.0,100.0,853553.0
610,2021-10-04 23:04:26,22200.0,300.0,853453.0
611,2021-10-04 23:04:10,22200.0,500.0,853153.0
612,2021-10-04 23:03:41,22200.0,1.0,852653.0
613,2021-10-04 23:03:23,22200.0,9000.0,852652.0
614,2021-10-04 23:03:01,22100.0,500.0,843652.0
615,2021-10-04 23:02:24,22100.0,1200.0,843152.0
616,2021-10-04 23:01:27,22200.0,100.0,841952.0
617,2021-10-04 23:01:14,22200.0,1000.0,841852.0
618,2021-10-04 23:00:38,22200.0,200.0,840852.0
619,2021-10-04 23:00:32,22200.0,2000.0,840652.0
620,2021-10-04 23:00:21,22200.0,10000.0,838652.0
621,2021-10-04 23:00:03,22200.0,500.0,828652.0
622,2021-10-04 22:59:58,22200.0,1500.0,828152.0
623,2021-10-04 22:59:57,22200.0,5000.0,826652.0
624,2021-10-04 22:59:53,22200.0,4100.0,821652.0
625,2021-10-04 22:59:47,22200.0,200.0,817552.0
626,2021-10-04 22:59:24,22200.0,5900.0,817352.0
627,2021-10-04 22:59:03,22200.0,10000.0,811452.0
628,2021-10-04 22:58:59,22100.0,2000.0,801452.0
629,2021-10-04 22:58:55,22100.0,100.0,799452.0
630,2021-10-04 22:58:43,22100.0,100.0,799352.0
631,2021-10-04 22:58:37,22100.0,1000.0,799252.0
632,2021-10-04 22:58:25,22100.0,700.0,798252.0
633,2021-10-04 22:58:14,22100.0,2000.0,797552.0
634,2021-10-04 22:57:59,22100.0,500.0,795552.0
635,2021-10-04 22:57:20,22100.0,600.0,795052.0
636,2021-10-04 22:57:14,22000.0,900.0,794452.0
637,2021-10-04 22:57:13,22000.0,100.0,793552.0
638,2021-10-04 22:57:03,22000.0,1000.0,793452.0
639,2021-10-04 22:57:02,22000.0,2200.0,792452.0
640,2021-10-04 22:57:00,21900.0,400.0,790252.0
641,2021-10-04 22:56:59,22000.0,5000.0,789852.0
642,2021-10-04 22:56:31,22000.0,10000.0,784852.0
643,2021-10-04 22:56:27,21900.0,100.0,774852.0
644,2021-10-04 22:56:18,22000.0,100.0,774752.0
645,2021-10-04 22:56:02,21900.0,1900.0,774652.0
646,2021-10-04 22:55:56,21900.0,1500.0,772752.0
647,2021-10-04 22:55:37,21800.0,1000.0,771252.0
648,2021-10-04 22:55:30,21900.0,5000.0,770252.0
649,2021-10-04 22:55:19,21800.0,100.0,765252.0
650,2021-10-04 22:55:09,21900.0,200.0,765152.0
651,2021-10-04 22:54:57,21900.0,200.0,764952.0
652,2021-10-04 22:54:56,21900.0,1000.0,764752.0
653,2021-10-04 22:54:40,21900.0,10.0,763752.0
654,2021-10-04 22:54:37,21900.0,9000.0,763742.0
655,2021-10-04 22:54:31,21900.0,600.0,754742.0
656,2021-10-04 22:53:54,22000.0,2000.0,754142.0
657,2021-10-04 22:53:23,22000.0,500.0,752142.0
658,2021-10-04 22:53:13,22000.0,4600.0,751642.0
659,2021-10-04 22:53:03,22000.0,100.0,747042.0
660,2021-10-04 22:53:01,22000.0,400.0,746942.0
661,2021-10-04 22:52:50,22000.0,500.0,746542.0
662,2021-10-04 22:52:33,22000.0,1000.0,746042.0
663,2021-10-04 22:52:21,22100.0,100.0,745042.0
664,2021-10-04 22:52:20,22000.0,1000.0,744942.0
665,2021-10-04 22:52:13,22000.0,10000.0,743942.0
666,2021-10-04 22:52:06,22100.0,200.0,733942.0
667,2021-10-04 22:51:52,22100.0,1000.0,733742.0
668,2021-10-04 22:51:40,22100.0,11500.0,732742.0
669,2021-10-04 22:51:36,22100.0,700.0,721242.0
670,2021-10-04 22:51:33,22100.0,11.0,720542.0
671,2021-10-04 22:51:01,22100.0,200.0,720531.0
672,2021-10-04 22:50:39,22200.0,1800.0,720331.0
673,2021-10-04 22:50:26,22200.0,200.0,718531.0
674,2021-10-04 22:49:32,22200.0,500.0,718331.0
675,2021-10-04 22:49:23,22200.0,1000.0,717831.0
676,2021-10-04 22:49:03,22200.0,5000.0,716831.0
677,2021-10-04 22:48:16,22100.0,1000.0,711831.0
678,2021-10-04 22:48:06,22100.0,1000.0,710831.0
679,2021-10-04 22:48:03,22100.0,2400.0,709831.0
680,2021-10-04 22:47:36,22100.0,1400.0,707431.0
681,2021-10-04 22:47:31,22100.0,200.0,706031.0
682,2021-10-04 22:47:21,22100.0,3000.0,705831.0
683,2021-10-04 22:47:16,22100.0,400.0,702831.0
684,2021-10-04 22:47:02,22200.0,300.0,702431.0
685,2021-10-04 22:46:58,22200.0,5500.0,702131.0
686,2021-10-04 22:46:47,22200.0,5000.0,696631.0
687,2021-10-04 22:46:46,22200.0,300.0,691631.0
688,2021-10-04 22:46:39,22200.0,15000.0,691331.0
689,2021-10-04 22:46:31,22300.0,500.0,676331.0
690,2021-10-04 22:46:30,22300.0,1000.0,675831.0
691,2021-10-04 22:46:23,22200.0,500.0,674831.0
692,2021-10-04 22:46:14,22200.0,2500.0,674331.0
693,2021-10-04 22:46:04,22200.0,517.0,671831.0
694,2021-10-04 22:45:58,22200.0,2000.0,671314.0
695,2021-10-04 22:45:56,22300.0,500.0,669314.0
696,2021-10-04 22:45:35,22300.0,2500.0,668814.0
697,2021-10-04 22:45:21,22300.0,2000.0,666314.0
698,2021-10-04 22:45:01,22300.0,100.0,664314.0
699,2021-10-04 22:44:20,22300.0,5000.0,664214.0
700,2021-10-04 22:44:18,22200.0,100.0,659214.0
701,2021-10-04 22:44:02,22300.0,200.0,659114.0
702,2021-10-04 22:43:59,22300.0,1500.0,658914.0
703,2021-10-04 22:43:28,22300.0,400.0,657414.0
704,2021-10-04 22:43:22,22300.0,500.0,657014.0
705,2021-10-04 22:43:21,22300.0,1000.0,656514.0
706,2021-10-04 22:43:14,22300.0,100.0,655514.0
707,2021-10-04 22:43:13,22300.0,20300.0,655414.0
708,2021-10-04 22:43:07,22100.0,2100.0,635114.0
709,2021-10-04 22:43:06,22300.0,1000.0,633014.0
710,2021-10-04 22:42:50,22300.0,1800.0,632014.0
711,2021-10-04 22:42:45,22300.0,1400.0,630214.0
712,2021-10-04 22:42:31,22100.0,100.0,628814.0
713,2021-10-04 22:42:29,22000.0,10000.0,628714.0
714,2021-10-04 22:42:21,22300.0,100.0,618714.0
715,2021-10-04 22:41:52,22300.0,1800.0,618614.0
716,2021-10-04 22:41:47,22300.0,300.0,616814.0
717,2021-10-04 22:41:39,22300.0,100.0,616514.0
718,2021-10-04 22:41:32,22300.0,7800.0,616414.0
719,2021-10-04 22:41:29,22200.0,600.0,608614.0
720,2021-10-04 22:41:18,22200.0,5000.0,608014.0
721,2021-10-04 22:40:56,22200.0,800.0,603014.0
722,2021-10-04 22:40:53,22200.0,500.0,602214.0
723,2021-10-04 22:40:47,22000.0,17800.0,601714.0
724,2021-10-04 22:40:45,22200.0,7400.0,583914.0
725,2021-10-04 22:40:43,22200.0,68.0,576514.0
726,2021-10-04 22:40:38,22200.0,1600.0,576446.0
727,2021-10-04 22:40:13,22200.0,20100.0,574846.0
728,2021-10-04 22:40:07,22300.0,2100.0,554746.0
729,2021-10-04 22:40:03,22300.0,500.0,552646.0
730,2021-10-04 22:39:50,22300.0,100.0,552146.0
731,2021-10-04 22:39:36,22300.0,200.0,552046.0
732,2021-10-04 22:39:21,22400.0,300.0,551846.0
733,2021-10-04 22:39:13,22300.0,6100.0,551546.0
734,2021-10-04 22:39:10,22300.0,200.0,545446.0
735,2021-10-04 22:39:07,22300.0,100.0,545246.0
736,2021-10-04 22:38:51,22300.0,4500.0,545146.0
737,2021-10-04 22:38:49,22300.0,2300.0,540646.0
738,2021-10-04 22:38:44,22300.0,3300.0,538346.0
739,2021-10-04 22:38:41,22300.0,100.0,535046.0
740,2021-10-04 22:38:32,22300.0,1700.0,534946.0
741,2021-10-04 22:38:30,22200.0,1000.0,533246.0
742,2021-10-04 22:38:17,22200.0,500.0,532246.0
743,2021-10-04 22:38:08,22300.0,300.0,531746.0
744,2021-10-04 22:38:05,22300.0,1900.0,531446.0
745,2021-10-04 22:37:47,22300.0,300.0,529546.0
746,2021-10-04 22:37:46,22300.0,300.0,529246.0
747,2021-10-04 22:37:43,22300.0,4800.0,528946.0
748,2021-10-04 22:37:31,22200.0,100.0,524146.0
749,2021-10-04 22:37:30,22200.0,200.0,524046.0
750,2021-10-04 22:37:15,22200.0,21800.0,523846.0
751,2021-10-04 22:37:12,22100.0,1000.0,502046.0
752,2021-10-04 22:37:00,22200.0,600.0,501046.0
753,2021-10-04 22:36:58,22200.0,200.0,500446.0
754,2021-10-04 22:36:54,22200.0,7000.0,500246.0
755,2021-10-04 22:36:50,22200.0,2000.0,493246.0
756,2021-10-04 22:36:43,22200.0,200.0,491246.0
757,2021-10-04 22:36:40,22200.0,600.0,491046.0
758,2021-10-04 22:36:39,22100.0,500.0,490446.0
759,2021-10-04 22:36:38,22200.0,100.0,489946.0
760,2021-10-04 22:36:24,22200.0,5500.0,489846.0
761,2021-10-04 22:36:21,22200.0,9000.0,484346.0
762,2021-10-04 22:36:20,22200.0,600.0,475346.0
763,2021-10-04 22:36:16,22200.0,1000.0,474746.0
764,2021-10-04 22:36:15,22200.0,100.0,473746.0
765,2021-10-04 22:36:06,22200.0,2100.0,473646.0
766,2021-10-04 22:36:01,22200.0,100.0,471546.0
767,2021-10-04 22:35:52,22200.0,300.0,471446.0
768,2021-10-04 22:35:26,22200.0,1000.0,471146.0
769,2021-10-04 22:35:22,22200.0,500.0,470146.0
770,2021-10-04 22:35:19,22200.0,100.0,469646.0
771,2021-10-04 22:35:17,22200.0,200.0,469546.0
772,2021-10-04 22:35:08,22200.0,200.0,469346.0
773,2021-10-04 22:35:03,22200.0,22900.0,469146.0
774,2021-10-04 22:34:51,22100.0,200.0,446246.0
775,2021-10-04 22:34:46,22200.0,600.0,446046.0
776,2021-10-04 22:34:44,22200.0,1000.0,445446.0
777,2021-10-04 22:34:40,22200.0,11900.0,444446.0
778,2021-10-04 22:34:31,22400.0,5000.0,432546.0
779,2021-10-04 22:34:28,22200.0,200.0,427546.0
780,2021-10-04 22:34:27,22200.0,500.0,427346.0
781,2021-10-04 22:34:25,22200.0,2200.0,426846.0
782,2021-10-04 22:34:22,22200.0,14600.0,424646.0
783,2021-10-04 22:34:20,22200.0,600.0,410046.0
784,2021-10-04 22:34:16,22200.0,1000.0,409446.0
785,2021-10-04 22:34:06,22200.0,80.0,408446.0
786,2021-10-04 22:34:05,22200.0,1000.0,408366.0
787,2021-10-04 22:34:04,22200.0,500.0,407366.0
788,2021-10-04 22:34:00,22100.0,300.0,406866.0
789,2021-10-04 22:33:57,22100.0,100.0,406566.0
790,2021-10-04 22:33:49,22100.0,1400.0,406466.0
791,2021-10-04 22:33:37,22000.0,100.0,405066.0
792,2021-10-04 22:33:33,22200.0,5000.0,404966.0
793,2021-10-04 22:33:31,22000.0,500.0,399966.0
794,2021-10-04 22:33:17,22000.0,5400.0,399466.0
795,2021-10-04 22:33:16,22000.0,1200.0,394066.0
796,2021-10-04 22:33:14,22000.0,2000.0,392866.0
797,2021-10-04 22:33:09,22000.0,5000.0,390866.0
798,2021-10-04 22:33:07,22000.0,1800.0,385866.0
799,2021-10-04 22:32:59,22000.0,20000.0,384066.0
800,2021-10-04 22:32:56,22000.0,200.0,364066.0
801,2021-10-04 22:32:47,21900.0,300.0,363866.0
802,2021-10-04 22:32:46,21900.0,5000.0,363566.0
803,2021-10-04 22:32:38,21900.0,500.0,358566.0
804,2021-10-04 22:32:32,21900.0,500.0,358066.0
805,2021-10-04 22:32:31,21900.0,2700.0,357566.0
806,2021-10-04 22:32:28,21800.0,520.0,354866.0
807,2021-10-04 22:32:24,21900.0,10000.0,354346.0
808,2021-10-04 22:32:18,21800.0,100.0,344346.0
809,2021-10-04 22:31:50,21800.0,500.0,344246.0
810,2021-10-04 22:31:40,21800.0,6100.0,343746.0
811,2021-10-04 22:31:37,21700.0,100.0,337646.0
812,2021-10-04 22:31:35,21800.0,300.0,337546.0
813,2021-10-04 22:31:32,21800.0,4000.0,337246.0
814,2021-10-04 22:31:19,21700.0,25100.0,333246.0
815,2021-10-04 22:31:08,21700.0,500.0,308146.0
816,2021-10-04 22:31:05,21700.0,1400.0,307646.0
817,2021-10-04 22:31:00,21700.0,10.0,306246.0
818,2021-10-04 22:30:54,21700.0,2000.0,306236.0
819,2021-10-04 22:30:53,21700.0,2000.0,304236.0
820,2021-10-04 22:30:48,21600.0,500.0,302236.0
821,2021-10-04 22:30:44,21600.0,300.0,301736.0
822,2021-10-04 22:30:43,21600.0,1000.0,301436.0
823,2021-10-04 22:30:41,21600.0,5000.0,300436.0
824,2021-10-04 22:30:37,21600.0,1000.0,295436.0
825,2021-10-04 22:30:36,21600.0,2500.0,294436.0
826,2021-10-04 22:30:27,21600.0,1000.0,291936.0
827,2021-10-04 22:30:19,21600.0,10000.0,290936.0
828,2021-10-04 22:29:41,21500.0,4200.0,280936.0
829,2021-10-04 22:29:37,21500.0,10000.0,276736.0
830,2021-10-04 22:29:24,21500.0,100.0,266736.0
831,2021-10-04 22:28:58,21500.0,10000.0,266636.0
832,2021-10-04 22:28:39,21300.0,100.0,256636.0
833,2021-10-04 22:28:18,21300.0,500.0,256536.0
834,2021-10-04 22:28:10,21400.0,300.0,256036.0
835,2021-10-04 22:28:06,21400.0,3000.0,255736.0
836,2021-10-04 22:27:46,21300.0,1100.0,252736.0
837,2021-10-04 22:27:38,21300.0,100.0,251636.0
838,2021-10-04 22:27:36,21300.0,200.0,251536.0
839,2021-10-04 22:27:19,21300.0,2800.0,251336.0
840,2021-10-04 22:26:27,21200.0,2000.0,248536.0
841,2021-10-04 22:26:09,21200.0,4000.0,246536.0
842,2021-10-04 22:26:08,21300.0,2000.0,242536.0
843,2021-10-04 22:26:07,21300.0,5700.0,240536.0
844,2021-10-04 22:25:57,21300.0,500.0,234836.0
845,2021-10-04 22:25:55,21300.0,110.0,234336.0
846,2021-10-04 22:25:03,21300.0,300.0,234226.0
847,2021-10-04 22:24:35,21300.0,2.0,233926.0
848,2021-10-04 22:24:31,21300.0,2600.0,233924.0
849,2021-10-04 22:24:14,21300.0,5000.0,231324.0
850,2021-10-04 22:23:51,21400.0,1000.0,226324.0
851,2021-10-04 22:23:41,21300.0,4300.0,225324.0
852,2021-10-04 22:23:35,21400.0,500.0,221024.0
853,2021-10-04 22:23:28,21400.0,300.0,220524.0
854,2021-10-04 22:23:19,21400.0,300.0,220224.0
855,2021-10-04 22:23:16,21400.0,20.0,219924.0
856,2021-10-04 22:23:12,21400.0,100.0,219904.0
857,2021-10-04 22:23:11,21300.0,1000.0,219804.0
858,2021-10-04 22:23:03,21300.0,100.0,218804.0
859,2021-10-04 22:22:54,21300.0,700.0,218704.0
860,2021-10-04 22:22:50,21300.0,600.0,218004.0
861,2021-10-04 22:22:48,21300.0,1700.0,217404.0
862,2021-10-04 22:22:41,21300.0,500.0,215704.0
863,2021-10-04 22:22:34,21300.0,1000.0,215204.0
864,2021-10-04 22:22:32,21200.0,200.0,214204.0
865,2021-10-04 22:22:29,21300.0,300.0,214004.0
866,2021-10-04 22:22:13,21300.0,2000.0,213704.0
867,2021-10-04 22:21:52,21200.0,5000.0,211704.0
868,2021-10-04 22:21:46,21200.0,1000.0,206704.0
869,2021-10-04 22:21:43,21300.0,1000.0,205704.0
870,2021-10-04 22:21:30,21200.0,1400.0,204704.0
871,2021-10-04 22:21:23,21200.0,200.0,203304.0
872,2021-10-04 22:20:58,21200.0,5800.0,203104.0
873,2021-10-04 22:20:33,21300.0,4500.0,197304.0
874,2021-10-04 22:20:29,21300.0,300.0,192804.0
875,2021-10-04 22:20:23,21300.0,1200.0,192504.0
876,2021-10-04 22:20:21,21300.0,700.0,191304.0
877,2021-10-04 22:20:17,21300.0,10000.0,190604.0
878,2021-10-04 22:20:10,21300.0,1000.0,180604.0
879,2021-10-04 22:19:44,21300.0,1000.0,179604.0
880,2021-10-04 22:19:33,21300.0,500.0,178604.0
881,2021-10-04 22:19:16,21400.0,900.0,178104.0
882,2021-10-04 22:19:15,21400.0,300.0,177204.0
883,2021-10-04 22:18:30,21400.0,100.0,176904.0
884,2021-10-04 22:18:08,21400.0,1300.0,176804.0
885,2021-10-04 22:18:04,21500.0,1000.0,175504.0
886,2021-10-04 22:17:58,21500.0,1000.0,174504.0
887,2021-10-04 22:17:54,21400.0,1000.0,173504.0
888,2021-10-04 22:17:52,21500.0,500.0,172504.0
889,2021-10-04 22:17:45,21500.0,500.0,172004.0
890,2021-10-04 22:17:38,21500.0,2500.0,171504.0
891,2021-10-04 22:17:16,21500.0,5500.0,169004.0
892,2021-10-04 22:17:13,21500.0,4.0,163504.0
893,2021-10-04 22:17:07,21500.0,500.0,163500.0
894,2021-10-04 22:16:49,21500.0,100.0,163000.0
895,2021-10-04 22:15:50,21500.0,500.0,162900.0
896,2021-10-04 22:15:45,21500.0,1000.0,162400.0
897,2021-10-04 22:15:44,21500.0,1000.0,161400.0
898,2021-10-04 22:15:25,21500.0,500.0,160400.0
899,2021-10-04 22:15:24,21300.0,16100.0,159900.0
900,2021-10-04 22:15:14,21500.0,800.0,143800.0
901,2021-10-04 22:15:07,21400.0,1800.0,143000.0
902,2021-10-04 22:14:59,21400.0,200.0,141200.0
903,2021-10-04 22:14:19,21400.0,1000.0,141000.0
904,2021-10-04 22:13:58,21300.0,10000.0,140000.0
905,2021-10-04 22:13:55,21400.0,1300.0,130000.0
906,2021-10-04 22:13:44,21300.0,100.0,128700.0
907,2021-10-04 22:13:32,21400.0,2000.0,128600.0
908,2021-10-04 22:13:10,21300.0,300.0,126600.0
909,2021-10-04 22:12:56,21300.0,2000.0,126300.0
910,2021-10-04 22:12:36,21300.0,1800.0,124300.0
911,2021-10-04 22:12:34,21300.0,1000.0,122500.0
912,2021-10-04 22:12:30,21300.0,300.0,121500.0
913,2021-10-04 22:12:27,21300.0,100.0,121200.0
914,2021-10-04 22:12:16,21300.0,500.0,121100.0
915,2021-10-04 22:12:11,21300.0,1200.0,120600.0
916,2021-10-04 22:12:00,21300.0,300.0,119400.0
917,2021-10-04 22:11:42,21300.0,100.0,119100.0
918,2021-10-04 22:11:40,21300.0,100.0,119000.0
919,2021-10-04 22:11:28,21300.0,300.0,118900.0
920,2021-10-04 22:11:05,21300.0,800.0,118600.0
921,2021-10-04 22:10:57,21300.0,200.0,117800.0
922,2021-10-04 22:10:51,21400.0,3100.0,117600.0
923,2021-10-04 22:10:27,21400.0,1600.0,114500.0
924,2021-10-04 22:10:11,21400.0,500.0,112900.0
925,2021-10-04 22:10:05,21300.0,1000.0,112400.0
926,2021-10-04 22:09:51,21400.0,500.0,111400.0
927,2021-10-04 22:09:50,21500.0,200.0,110900.0
928,2021-10-04 22:09:46,21400.0,700.0,110700.0
929,2021-10-04 22:09:44,21500.0,12000.0,110000.0
930,2021-10-04 22:09:42,21500.0,500.0,98000.0
931,2021-10-04 22:09:28,21500.0,1100.0,97500.0
932,2021-10-04 22:09:21,21500.0,5000.0,96400.0
933,2021-10-04 22:09:17,21500.0,400.0,91400.0
934,2021-10-04 22:08:43,21500.0,200.0,91000.0
935,2021-10-04 22:08:29,21600.0,200.0,90800.0
936,2021-10-04 22:05:43,21600.0,200.0,90600.0
937,2021-10-04 22:05:38,21600.0,1000.0,90400.0
938,2021-10-04 22:05:20,21600.0,100.0,89400.0
939,2021-10-04 22:05:02,21700.0,100.0,89300.0
940,2021-10-04 22:04:59,21700.0,1900.0,89200.0
941,2021-10-04 22:04:39,21700.0,2400.0,87300.0
942,2021-10-04 22:04:34,21600.0,1500.0,84900.0
943,2021-10-04 22:04:06,21600.0,1100.0,83400.0
944,2021-10-04 22:03:56,21600.0,200.0,82300.0
945,2021-10-04 22:03:46,21600.0,5000.0,82100.0
946,2021-10-04 22:03:15,21800.0,2400.0,77100.0
947,2021-10-04 22:03:00,21800.0,200.0,74700.0
948,2021-10-04 22:02:54,21700.0,14400.0,74500.0
949,2021-10-04 22:02:35,21800.0,200.0,60100.0
950,2021-10-04 22:02:07,21800.0,8000.0,59900.0
951,2021-10-04 22:02:06,21800.0,2000.0,51900.0
952,2021-10-04 22:01:45,21800.0,600.0,49900.0
953,2021-10-04 22:01:44,21800.0,400.0,49300.0
954,2021-10-04 22:01:31,21800.0,14100.0,48900.0
955,2021-10-04 22:01:25,21900.0,3500.0,34800.0
956,2021-10-04 22:01:22,21900.0,500.0,31300.0
957,2021-10-04 22:01:19,21900.0,2200.0,30800.0
958,2021-10-04 22:00:48,21900.0,18500.0,28600.0
959,2021-10-04 22:00:44,22100.0,100.0,10100.0
960,2021-10-04 22:00:39,22000.0,4700.0,10000.0
961,2021-10-04 22:00:38,21900.0,2400.0,5300.0
962,2021-10-04 22:00:21,21500.0,100.0,2900.0
963,2021-10-04 22:00:20,21600.0,100.0,2800.0
964,2021-10-04 22:00:15,21500.0,1300.0,2700.0
965,2021-10-04 22:00:12,21600.0,600.0,1400.0
966,2021-10-04 22:00:07,21500.0,400.0,800.0
967,2021-10-04 22:00:05,21500.0,400.0,400.0
