,Time,Price,Volume_per_trade,Volume
0,2021-10-05 03:45:00,13200.0,2500.0,321100.0
1,2021-10-05 03:45:00,13200.0,10000.0,318600.0
2,2021-10-05 03:45:00,13200.0,400.0,308600.0
3,2021-10-05 03:45:00,13200.0,800.0,308200.0
4,2021-10-05 03:45:00,13200.0,100.0,307400.0
5,2021-10-05 03:45:00,13200.0,200.0,307300.0
6,2021-10-05 03:29:47,13200.0,200.0,307100.0
7,2021-10-05 03:29:47,13200.0,1000.0,306900.0
8,2021-10-05 03:21:29,13200.0,100.0,305900.0
9,2021-10-05 03:20:12,13200.0,100.0,305800.0
10,2021-10-05 03:20:12,13200.0,500.0,305700.0
11,2021-10-05 03:20:12,13200.0,600.0,305200.0
12,2021-10-05 03:08:42,13200.0,900.0,304600.0
13,2021-10-05 03:05:20,13200.0,100.0,303700.0
14,2021-10-05 03:04:13,13200.0,400.0,303600.0
15,2021-10-05 03:04:13,13200.0,900.0,303200.0
16,2021-10-05 03:02:35,13200.0,100.0,302300.0
17,2021-10-05 03:00:31,13200.0,100.0,302200.0
18,2021-10-05 02:57:40,13200.0,100.0,302100.0
19,2021-10-05 02:57:40,13200.0,300.0,302000.0
20,2021-10-05 02:57:20,13200.0,700.0,301700.0
21,2021-10-05 02:57:20,13200.0,800.0,301000.0
22,2021-10-05 02:49:16,13200.0,200.0,300200.0
23,2021-10-05 02:47:25,13200.0,2000.0,300000.0
24,2021-10-05 02:47:25,13200.0,500.0,298000.0
25,2021-10-05 02:47:25,13200.0,200.0,297500.0
26,2021-10-05 02:47:25,13150.0,400.0,297300.0
27,2021-10-05 02:47:25,13100.0,1800.0,296900.0
28,2021-10-05 02:47:25,13100.0,100.0,295100.0
29,2021-10-05 02:46:25,13100.0,600.0,295000.0
30,2021-10-05 02:46:01,13100.0,1000.0,294400.0
31,2021-10-05 02:46:01,13100.0,1000.0,293400.0
32,2021-10-05 02:46:01,13100.0,300.0,292400.0
33,2021-10-05 02:46:01,13100.0,6000.0,292100.0
34,2021-10-05 02:46:01,13100.0,200.0,286100.0
35,2021-10-05 02:46:01,13100.0,100.0,285900.0
36,2021-10-05 02:46:01,13100.0,200.0,285800.0
37,2021-10-05 02:46:01,13100.0,500.0,285600.0
38,2021-10-05 02:45:29,13100.0,2500.0,285100.0
39,2021-10-05 02:45:29,13100.0,3000.0,282600.0
40,2021-10-05 02:45:29,13100.0,1500.0,279600.0
41,2021-10-05 02:45:29,13100.0,8000.0,278100.0
42,2021-10-05 02:45:14,13150.0,500.0,270100.0
43,2021-10-05 02:45:14,13150.0,100.0,269600.0
44,2021-10-05 02:44:33,13150.0,500.0,269500.0
45,2021-10-05 02:43:30,13150.0,1000.0,269000.0
46,2021-10-05 02:43:30,13150.0,3900.0,268000.0
47,2021-10-05 02:43:13,13150.0,1900.0,264100.0
48,2021-10-05 02:43:13,13150.0,10000.0,262200.0
49,2021-10-05 02:43:13,13150.0,100.0,252200.0
50,2021-10-05 02:42:25,13150.0,500.0,252100.0
51,2021-10-05 02:41:40,13200.0,2500.0,251600.0
52,2021-10-05 02:40:04,13200.0,1000.0,249100.0
53,2021-10-05 02:32:47,13200.0,100.0,248100.0
54,2021-10-05 02:32:38,13200.0,100.0,248000.0
55,2021-10-05 02:32:01,13200.0,1000.0,247900.0
56,2021-10-05 02:30:05,13200.0,100.0,246900.0
57,2021-10-05 02:29:58,13200.0,900.0,246800.0
58,2021-10-05 02:29:58,13200.0,1000.0,245900.0
59,2021-10-05 02:29:58,13200.0,1000.0,244900.0
60,2021-10-05 02:29:58,13200.0,200.0,243900.0
61,2021-10-05 02:29:58,13200.0,100.0,243700.0
62,2021-10-05 02:29:58,13200.0,800.0,243600.0
63,2021-10-05 02:29:47,13250.0,100.0,242800.0
64,2021-10-05 02:19:48,13250.0,1500.0,242700.0
65,2021-10-05 02:19:36,13250.0,500.0,241200.0
66,2021-10-05 02:19:36,13250.0,500.0,240700.0
67,2021-10-05 02:19:10,13250.0,500.0,240200.0
68,2021-10-05 02:19:05,13300.0,1600.0,239700.0
69,2021-10-05 02:19:05,13300.0,3400.0,238100.0
70,2021-10-05 02:10:15,13300.0,600.0,234700.0
71,2021-10-05 02:10:15,13300.0,2000.0,234100.0
72,2021-10-05 02:10:15,13300.0,1400.0,232100.0
73,2021-10-05 02:00:01,13300.0,300.0,230700.0
74,2021-10-05 00:28:50,13200.0,1200.0,230400.0
75,2021-10-05 00:23:13,13200.0,300.0,229200.0
76,2021-10-05 00:20:13,13200.0,300.0,228900.0
77,2021-10-05 00:20:05,13200.0,100.0,228600.0
78,2021-10-05 00:20:05,13200.0,800.0,228500.0
79,2021-10-05 00:20:05,13200.0,1000.0,227700.0
80,2021-10-05 00:15:34,13200.0,100.0,226700.0
81,2021-10-05 00:15:34,13200.0,100.0,226600.0
82,2021-10-05 00:12:34,13200.0,500.0,226500.0
83,2021-10-05 00:12:31,13200.0,300.0,226000.0
84,2021-10-05 00:12:31,13200.0,300.0,225700.0
85,2021-10-05 00:12:31,13200.0,300.0,225400.0
86,2021-10-05 00:04:26,13200.0,100.0,225100.0
87,2021-10-05 00:04:26,13200.0,300.0,225000.0
88,2021-10-05 00:01:14,13200.0,100.0,224700.0
89,2021-10-05 00:01:04,13200.0,600.0,224600.0
90,2021-10-05 00:00:23,13200.0,300.0,224000.0
91,2021-10-05 00:00:23,13200.0,2000.0,223700.0
92,2021-10-05 00:00:23,13200.0,1000.0,221700.0
93,2021-10-05 00:00:23,13200.0,200.0,220700.0
94,2021-10-05 00:00:23,13200.0,400.0,220500.0
95,2021-10-05 00:00:23,13200.0,1000.0,220100.0
96,2021-10-05 00:00:23,13200.0,1000.0,219100.0
97,2021-10-05 00:00:23,13200.0,2000.0,218100.0
98,2021-10-05 00:00:23,13200.0,200.0,216100.0
99,2021-10-05 00:00:23,13200.0,2000.0,215900.0
100,2021-10-05 00:00:23,13200.0,800.0,213900.0
101,2021-10-05 00:00:23,13200.0,1000.0,213100.0
102,2021-10-05 00:00:23,13200.0,1000.0,212100.0
103,2021-10-05 00:00:23,13200.0,500.0,211100.0
104,2021-10-05 00:00:23,13200.0,600.0,210600.0
105,2021-10-05 23:48:25,13200.0,100.0,210000.0
106,2021-10-05 23:46:58,13200.0,800.0,209900.0
107,2021-10-05 23:46:58,13200.0,1000.0,209100.0
108,2021-10-05 23:46:58,13200.0,1500.0,208100.0
109,2021-10-05 23:46:58,13200.0,500.0,206600.0
110,2021-10-05 23:46:58,13200.0,200.0,206100.0
111,2021-10-05 23:46:58,13200.0,600.0,205900.0
112,2021-10-05 23:46:58,13200.0,400.0,205300.0
113,2021-10-05 23:46:13,13200.0,600.0,204900.0
114,2021-10-05 23:46:13,13200.0,500.0,204300.0
115,2021-10-05 23:46:13,13200.0,1000.0,203800.0
116,2021-10-05 23:46:13,13200.0,700.0,202800.0
117,2021-10-05 23:46:13,13200.0,400.0,202100.0
118,2021-10-05 23:46:13,13200.0,500.0,201700.0
119,2021-10-05 23:46:13,13200.0,600.0,201200.0
120,2021-10-05 23:46:13,13200.0,1000.0,200600.0
121,2021-10-05 23:46:13,13200.0,4700.0,199600.0
122,2021-10-05 23:45:56,13200.0,600.0,194900.0
123,2021-10-05 23:45:56,13250.0,2000.0,194300.0
124,2021-10-05 23:45:56,13250.0,1100.0,192300.0
125,2021-10-05 23:45:56,13250.0,600.0,191200.0
126,2021-10-05 23:45:56,13250.0,700.0,190600.0
127,2021-10-05 23:44:38,13300.0,100.0,189900.0
128,2021-10-05 23:43:08,13300.0,500.0,189800.0
129,2021-10-05 23:41:39,13300.0,700.0,189300.0
130,2021-10-05 23:41:06,13300.0,600.0,188600.0
131,2021-10-05 23:41:06,13300.0,300.0,188000.0
132,2021-10-05 23:41:06,13300.0,1000.0,187700.0
133,2021-10-05 23:41:06,13300.0,400.0,186700.0
134,2021-10-05 23:39:05,13300.0,1000.0,186300.0
135,2021-10-05 23:39:01,13300.0,200.0,185300.0
136,2021-10-05 23:36:58,13300.0,300.0,185100.0
137,2021-10-05 23:32:07,13300.0,100.0,184800.0
138,2021-10-05 23:30:09,13300.0,600.0,184700.0
139,2021-10-05 23:29:17,13300.0,1000.0,184100.0
140,2021-10-05 23:29:17,13300.0,400.0,183100.0
141,2021-10-05 23:26:16,13300.0,100.0,182700.0
142,2021-10-05 23:26:16,13300.0,100.0,182600.0
143,2021-10-05 23:25:24,13300.0,1900.0,182500.0
144,2021-10-05 23:25:24,13300.0,1000.0,180600.0
145,2021-10-05 23:25:24,13300.0,1000.0,179600.0
146,2021-10-05 23:25:24,13300.0,100.0,178600.0
147,2021-10-05 23:25:24,13300.0,100.0,178500.0
148,2021-10-05 23:25:24,13300.0,200.0,178400.0
149,2021-10-05 23:25:24,13300.0,500.0,178200.0
150,2021-10-05 23:25:24,13300.0,200.0,177700.0
151,2021-10-05 23:25:24,13300.0,2000.0,177500.0
152,2021-10-05 23:25:24,13300.0,1000.0,175500.0
153,2021-10-05 23:25:24,13300.0,1600.0,174500.0
154,2021-10-05 23:25:24,13350.0,400.0,172900.0
155,2021-10-05 23:25:24,13350.0,200.0,172500.0
156,2021-10-05 23:25:24,13350.0,600.0,172300.0
157,2021-10-05 23:21:55,13350.0,1000.0,171700.0
158,2021-10-05 23:21:04,13350.0,300.0,170700.0
159,2021-10-05 23:21:04,13350.0,100.0,170400.0
160,2021-10-05 23:17:44,13300.0,300.0,170300.0
161,2021-10-05 23:14:30,13350.0,500.0,170000.0
162,2021-10-05 23:14:30,13350.0,500.0,169500.0
163,2021-10-05 23:10:44,13350.0,500.0,169000.0
164,2021-10-05 23:07:50,13350.0,500.0,168500.0
165,2021-10-05 23:07:22,13400.0,400.0,168000.0
166,2021-10-05 23:03:35,13400.0,200.0,167600.0
167,2021-10-05 23:01:38,13400.0,100.0,167400.0
168,2021-10-05 23:01:04,13400.0,500.0,167300.0
169,2021-10-05 23:00:21,13400.0,100.0,166800.0
170,2021-10-05 22:59:42,13400.0,1900.0,166700.0
171,2021-10-05 22:59:42,13400.0,200.0,164800.0
172,2021-10-05 22:59:42,13400.0,200.0,164600.0
173,2021-10-05 22:59:42,13450.0,500.0,164400.0
174,2021-10-05 22:59:42,13450.0,200.0,163900.0
175,2021-10-05 22:59:23,13450.0,100.0,163700.0
176,2021-10-05 22:58:14,13400.0,800.0,163600.0
177,2021-10-05 22:58:14,13400.0,200.0,162800.0
178,2021-10-05 22:57:31,13400.0,500.0,162600.0
179,2021-10-05 22:55:35,13400.0,100.0,162100.0
180,2021-10-05 22:55:13,13400.0,400.0,162000.0
181,2021-10-05 22:54:24,13450.0,100.0,161600.0
182,2021-10-05 22:53:41,13500.0,500.0,161500.0
183,2021-10-05 22:53:23,13500.0,800.0,161000.0
184,2021-10-05 22:51:53,13500.0,1200.0,160200.0
185,2021-10-05 22:51:53,13500.0,2000.0,159000.0
186,2021-10-05 22:51:53,13500.0,6800.0,157000.0
187,2021-10-05 22:51:23,13500.0,100.0,150200.0
188,2021-10-05 22:51:07,13500.0,3100.0,150100.0
189,2021-10-05 22:51:07,13500.0,3000.0,147000.0
190,2021-10-05 22:50:50,13500.0,800.0,144000.0
191,2021-10-05 22:50:35,13500.0,5000.0,143200.0
192,2021-10-05 22:50:15,13500.0,100.0,138200.0
193,2021-10-05 22:49:56,13500.0,200.0,138100.0
194,2021-10-05 22:48:40,13550.0,500.0,137900.0
195,2021-10-05 22:48:31,13550.0,1000.0,137400.0
196,2021-10-05 22:48:06,13600.0,800.0,136400.0
197,2021-10-05 22:48:06,13600.0,2000.0,135600.0
198,2021-10-05 22:47:47,13550.0,500.0,133600.0
199,2021-10-05 22:47:47,13550.0,500.0,133100.0
200,2021-10-05 22:47:45,13550.0,2000.0,132600.0
201,2021-10-05 22:47:38,13550.0,500.0,130600.0
202,2021-10-05 22:47:28,13550.0,2000.0,130100.0
203,2021-10-05 22:47:16,13500.0,500.0,128100.0
204,2021-10-05 22:47:16,13500.0,300.0,127600.0
205,2021-10-05 22:47:16,13500.0,2000.0,127300.0
206,2021-10-05 22:47:16,13500.0,20000.0,125300.0
207,2021-10-05 22:47:16,13500.0,2000.0,105300.0
208,2021-10-05 22:47:16,13500.0,2000.0,103300.0
209,2021-10-05 22:47:16,13500.0,4100.0,101300.0
210,2021-10-05 22:46:53,13500.0,500.0,97200.0
211,2021-10-05 22:46:38,13500.0,400.0,96700.0
212,2021-10-05 22:46:38,13500.0,2000.0,96300.0
213,2021-10-05 22:46:38,13500.0,600.0,94300.0
214,2021-10-05 22:45:52,13500.0,400.0,93700.0
215,2021-10-05 22:45:40,13500.0,200.0,93300.0
216,2021-10-05 22:45:40,13500.0,2000.0,93100.0
217,2021-10-05 22:45:27,13450.0,2600.0,91100.0
218,2021-10-05 22:45:16,13450.0,1000.0,88500.0
219,2021-10-05 22:44:51,13450.0,300.0,87500.0
220,2021-10-05 22:44:51,13450.0,200.0,87200.0
221,2021-10-05 22:44:51,13450.0,500.0,87000.0
222,2021-10-05 22:44:49,13400.0,1000.0,86500.0
223,2021-10-05 22:44:35,13400.0,100.0,85500.0
224,2021-10-05 22:44:35,13400.0,100.0,85400.0
225,2021-10-05 22:44:35,13400.0,4000.0,85300.0
226,2021-10-05 22:44:35,13400.0,300.0,81300.0
227,2021-10-05 22:44:35,13400.0,2300.0,81000.0
228,2021-10-05 22:44:35,13400.0,200.0,78700.0
229,2021-10-05 22:44:22,13400.0,400.0,78500.0
230,2021-10-05 22:43:39,13400.0,100.0,78100.0
231,2021-10-05 22:43:39,13400.0,1700.0,78000.0
232,2021-10-05 22:43:39,13400.0,3200.0,76300.0
233,2021-10-05 22:40:39,13300.0,100.0,73100.0
234,2021-10-05 22:40:34,13300.0,1000.0,73000.0
235,2021-10-05 22:40:29,13300.0,3300.0,72000.0
236,2021-10-05 22:40:20,13300.0,1000.0,68700.0
237,2021-10-05 22:40:19,13300.0,200.0,67700.0
238,2021-10-05 22:40:18,13300.0,200.0,67500.0
239,2021-10-05 22:40:18,13300.0,100.0,67300.0
240,2021-10-05 22:40:15,13300.0,5000.0,67200.0
241,2021-10-05 22:40:12,13300.0,300.0,62200.0
242,2021-10-05 22:39:50,13300.0,9800.0,61900.0
243,2021-10-05 22:39:50,13300.0,200.0,52100.0
244,2021-10-05 22:37:36,13200.0,700.0,51900.0
245,2021-10-05 22:37:36,13200.0,300.0,51200.0
246,2021-10-05 22:36:11,13200.0,1300.0,50900.0
247,2021-10-05 22:36:11,13200.0,13700.0,49600.0
248,2021-10-05 22:35:49,13300.0,800.0,35900.0
249,2021-10-05 22:34:58,13200.0,100.0,35100.0
250,2021-10-05 22:34:58,13200.0,200.0,35000.0
251,2021-10-05 22:34:58,13200.0,200.0,34800.0
252,2021-10-05 22:34:58,13200.0,200.0,34600.0
253,2021-10-05 22:34:28,13200.0,300.0,34400.0
254,2021-10-05 22:34:28,13200.0,700.0,34100.0
255,2021-10-05 22:34:26,13200.0,2300.0,33400.0
256,2021-10-05 22:32:31,13150.0,7400.0,31100.0
257,2021-10-05 22:32:31,13150.0,200.0,23700.0
258,2021-10-05 22:32:31,13150.0,400.0,23500.0
259,2021-10-05 22:30:20,13150.0,100.0,23100.0
260,2021-10-05 22:30:13,13150.0,1000.0,23000.0
261,2021-10-05 22:30:11,13100.0,1000.0,22000.0
262,2021-10-05 22:29:54,13100.0,200.0,21000.0
263,2021-10-05 22:28:45,13100.0,1000.0,20800.0
264,2021-10-05 22:28:45,13100.0,1000.0,19800.0
265,2021-10-05 22:28:45,13050.0,1000.0,18800.0
266,2021-10-05 22:25:14,13000.0,500.0,17800.0
267,2021-10-05 22:24:50,13000.0,300.0,17300.0
268,2021-10-05 22:24:40,13000.0,300.0,17000.0
269,2021-10-05 22:23:52,13000.0,1300.0,16700.0
270,2021-10-05 22:23:34,13000.0,3700.0,15400.0
271,2021-10-05 22:23:34,13000.0,500.0,11700.0
272,2021-10-05 22:23:34,13000.0,2900.0,11200.0
273,2021-10-05 22:23:34,13100.0,2000.0,8300.0
274,2021-10-05 22:23:29,13100.0,500.0,6300.0
275,2021-10-05 22:23:03,13000.0,100.0,5800.0
276,2021-10-05 22:22:35,13100.0,1000.0,5700.0
277,2021-10-05 22:22:17,13100.0,2000.0,4700.0
278,2021-10-05 22:18:50,13100.0,400.0,2700.0
279,2021-10-05 22:18:50,13100.0,100.0,2300.0
280,2021-10-05 22:17:20,13100.0,400.0,2200.0
281,2021-10-05 22:17:18,13100.0,100.0,1800.0
282,2021-10-05 22:16:04,13000.0,700.0,1700.0
283,2021-10-05 22:15:00,13000.0,400.0,1000.0
284,2021-10-05 22:15:00,13000.0,100.0,600.0
285,2021-10-05 22:15:00,13000.0,500.0,500.0
