,Time,Price,Volume_per_trade,Volume
0,2021-10-05 03:45:00,38000.0,600.0,7890200.0
1,2021-10-05 03:45:00,38000.0,100.0,7889600.0
2,2021-10-05 03:45:00,38000.0,500.0,7889500.0
3,2021-10-05 03:45:00,38000.0,800.0,7889000.0
4,2021-10-05 03:45:00,38000.0,1000.0,7888200.0
5,2021-10-05 03:45:00,38000.0,200.0,7887200.0
6,2021-10-05 03:45:00,38000.0,100.0,7887000.0
7,2021-10-05 03:45:00,38000.0,400.0,7886900.0
8,2021-10-05 03:45:00,38000.0,1300.0,7886500.0
9,2021-10-05 03:45:00,38000.0,300.0,7885200.0
10,2021-10-05 03:45:00,38000.0,300.0,7884900.0
11,2021-10-05 03:45:00,38000.0,100.0,7884600.0
12,2021-10-05 03:45:00,38000.0,100.0,7884500.0
13,2021-10-05 03:45:00,38000.0,2200.0,7884400.0
14,2021-10-05 03:45:00,38000.0,300.0,7882200.0
15,2021-10-05 03:45:00,38000.0,300.0,7881900.0
16,2021-10-05 03:45:00,38000.0,300.0,7881600.0
17,2021-10-05 03:45:00,38000.0,2300.0,7881300.0
18,2021-10-05 03:45:00,38000.0,200.0,7879000.0
19,2021-10-05 03:45:00,38000.0,2500.0,7878800.0
20,2021-10-05 03:45:00,38000.0,1900.0,7876300.0
21,2021-10-05 03:45:00,38000.0,100.0,7874400.0
22,2021-10-05 03:45:00,38000.0,2000.0,7874300.0
23,2021-10-05 03:45:00,38000.0,1000.0,7872300.0
24,2021-10-05 03:45:00,38000.0,2000.0,7871300.0
25,2021-10-05 03:45:00,38000.0,1000.0,7869300.0
26,2021-10-05 03:45:00,38000.0,200.0,7868300.0
27,2021-10-05 03:45:00,38000.0,2500.0,7868100.0
28,2021-10-05 03:45:00,38000.0,1200.0,7865600.0
29,2021-10-05 03:45:00,38000.0,1000.0,7864400.0
30,2021-10-05 03:45:00,38000.0,100.0,7863400.0
31,2021-10-05 03:45:00,38000.0,900.0,7863300.0
32,2021-10-05 03:45:00,38000.0,1000.0,7862400.0
33,2021-10-05 03:45:00,38000.0,10000.0,7861400.0
34,2021-10-05 03:45:00,38000.0,500.0,7851400.0
35,2021-10-05 03:45:00,38000.0,100.0,7850900.0
36,2021-10-05 03:45:00,38000.0,7500.0,7850800.0
37,2021-10-05 03:45:00,38000.0,12500.0,7843300.0
38,2021-10-05 03:45:00,38000.0,7500.0,7830800.0
39,2021-10-05 03:45:00,38000.0,400.0,7823300.0
40,2021-10-05 03:45:00,38000.0,1000.0,7822900.0
41,2021-10-05 03:45:00,38000.0,2000.0,7821900.0
42,2021-10-05 03:45:00,38000.0,5000.0,7819900.0
43,2021-10-05 03:45:00,38000.0,100.0,7814900.0
44,2021-10-05 03:45:00,38000.0,1000.0,7814800.0
45,2021-10-05 03:45:00,38000.0,100.0,7813800.0
46,2021-10-05 03:45:00,38000.0,600.0,7813700.0
47,2021-10-05 03:45:00,38000.0,300.0,7813100.0
48,2021-10-05 03:45:00,38000.0,500.0,7812800.0
49,2021-10-05 03:45:00,38000.0,1000.0,7812300.0
50,2021-10-05 03:45:00,38000.0,200.0,7811300.0
51,2021-10-05 03:45:00,38000.0,400.0,7811100.0
52,2021-10-05 03:45:00,38000.0,500.0,7810700.0
53,2021-10-05 03:45:00,38000.0,2000.0,7810200.0
54,2021-10-05 03:45:00,38000.0,3000.0,7808200.0
55,2021-10-05 03:45:00,38000.0,4400.0,7805200.0
56,2021-10-05 03:45:00,38000.0,100.0,7800800.0
57,2021-10-05 03:45:00,38000.0,2000.0,7800700.0
58,2021-10-05 03:45:00,38000.0,2500.0,7798700.0
59,2021-10-05 03:45:00,38000.0,1500.0,7796200.0
60,2021-10-05 03:45:00,38000.0,2000.0,7794700.0
61,2021-10-05 03:45:00,38000.0,700.0,7792700.0
62,2021-10-05 03:45:00,38000.0,1500.0,7792000.0
63,2021-10-05 03:45:00,38000.0,5000.0,7790500.0
64,2021-10-05 03:45:00,38000.0,600.0,7785500.0
65,2021-10-05 03:45:00,38000.0,100.0,7784900.0
66,2021-10-05 03:45:00,38000.0,500.0,7784800.0
67,2021-10-05 03:45:00,38000.0,9100.0,7784300.0
68,2021-10-05 03:45:00,38000.0,100.0,7775200.0
69,2021-10-05 03:45:00,38000.0,100.0,7775100.0
70,2021-10-05 03:45:00,38000.0,100.0,7775000.0
71,2021-10-05 03:45:00,38000.0,1000.0,7774900.0
72,2021-10-05 03:45:00,38000.0,1000.0,7773900.0
73,2021-10-05 03:45:00,38000.0,1000.0,7772900.0
74,2021-10-05 03:45:00,38000.0,100.0,7771900.0
75,2021-10-05 03:45:00,38000.0,500.0,7771800.0
76,2021-10-05 03:45:00,38000.0,1000.0,7771300.0
77,2021-10-05 03:45:00,38000.0,1000.0,7770300.0
78,2021-10-05 03:45:00,38000.0,100.0,7769300.0
79,2021-10-05 03:45:00,38000.0,100.0,7769200.0
80,2021-10-05 03:45:00,38000.0,200.0,7769100.0
81,2021-10-05 03:45:00,38000.0,500.0,7768900.0
82,2021-10-05 03:45:00,38000.0,2900.0,7768400.0
83,2021-10-05 03:45:00,38000.0,1100.0,7765500.0
84,2021-10-05 03:45:00,38000.0,200.0,7764400.0
85,2021-10-05 03:45:00,38000.0,100.0,7764200.0
86,2021-10-05 03:45:00,38000.0,4000.0,7764100.0
87,2021-10-05 03:45:00,38000.0,10000.0,7760100.0
88,2021-10-05 03:45:00,38000.0,900.0,7750100.0
89,2021-10-05 03:45:00,38000.0,300.0,7749200.0
90,2021-10-05 03:45:00,38000.0,1000.0,7748900.0
91,2021-10-05 03:45:00,38000.0,13600.0,7747900.0
92,2021-10-05 03:45:00,38000.0,6000.0,7734300.0
93,2021-10-05 03:45:00,38000.0,400.0,7728300.0
94,2021-10-05 03:45:00,38000.0,100.0,7727900.0
95,2021-10-05 03:45:00,38000.0,100.0,7727800.0
96,2021-10-05 03:45:00,38000.0,100.0,7727700.0
97,2021-10-05 03:29:44,37700.0,100.0,7727600.0
98,2021-10-05 03:29:44,37750.0,100.0,7727500.0
99,2021-10-05 03:29:44,37750.0,100.0,7727400.0
100,2021-10-05 03:29:44,37750.0,300.0,7727300.0
101,2021-10-05 03:29:44,37750.0,100.0,7727000.0
102,2021-10-05 03:29:38,37800.0,100.0,7726900.0
103,2021-10-05 03:29:38,37800.0,100.0,7726800.0
104,2021-10-05 03:29:38,37800.0,100.0,7726700.0
105,2021-10-05 03:29:38,37800.0,400.0,7726600.0
106,2021-10-05 03:29:37,37800.0,1000.0,7726200.0
107,2021-10-05 03:29:26,37900.0,100.0,7725200.0
108,2021-10-05 03:29:15,37800.0,1200.0,7725100.0
109,2021-10-05 03:29:15,37800.0,100.0,7723900.0
110,2021-10-05 03:29:15,37800.0,100.0,7723800.0
111,2021-10-05 03:29:15,37800.0,2000.0,7723700.0
112,2021-10-05 03:29:15,37800.0,300.0,7721700.0
113,2021-10-05 03:29:15,37800.0,500.0,7721400.0
114,2021-10-05 03:29:15,37800.0,100.0,7720900.0
115,2021-10-05 03:29:15,37800.0,30000.0,7720800.0
116,2021-10-05 03:29:15,37800.0,2000.0,7690800.0
117,2021-10-05 03:29:15,37800.0,1000.0,7688800.0
118,2021-10-05 03:29:15,37800.0,100.0,7687800.0
119,2021-10-05 03:29:15,37800.0,200.0,7687700.0
120,2021-10-05 03:29:15,37850.0,800.0,7687500.0
121,2021-10-05 03:29:15,37850.0,1000.0,7686700.0
122,2021-10-05 03:29:15,37850.0,600.0,7685700.0
123,2021-10-05 03:29:11,37900.0,200.0,7685100.0
124,2021-10-05 03:29:11,37900.0,100.0,7684900.0
125,2021-10-05 03:29:11,37900.0,500.0,7684800.0
126,2021-10-05 03:29:11,37900.0,100.0,7684300.0
127,2021-10-05 03:29:11,37900.0,200.0,7684200.0
128,2021-10-05 03:29:11,37900.0,100.0,7684000.0
129,2021-10-05 03:29:11,37900.0,100.0,7683900.0
130,2021-10-05 03:29:11,37900.0,1000.0,7683800.0
131,2021-10-05 03:29:11,37900.0,2000.0,7682800.0
132,2021-10-05 03:29:11,37900.0,500.0,7680800.0
133,2021-10-05 03:29:11,37900.0,500.0,7680300.0
134,2021-10-05 03:29:11,37900.0,300.0,7679800.0
135,2021-10-05 03:29:11,37950.0,2000.0,7679500.0
136,2021-10-05 03:29:11,37950.0,200.0,7677500.0
137,2021-10-05 03:28:59,37950.0,300.0,7677300.0
138,2021-10-05 03:28:57,37950.0,500.0,7677000.0
139,2021-10-05 03:28:57,37950.0,1000.0,7676500.0
140,2021-10-05 03:28:55,37950.0,2000.0,7675500.0
141,2021-10-05 03:28:54,37950.0,1300.0,7673500.0
142,2021-10-05 03:28:53,37950.0,700.0,7672200.0
143,2021-10-05 03:28:50,37950.0,300.0,7671500.0
144,2021-10-05 03:28:45,37950.0,1000.0,7671200.0
145,2021-10-05 03:28:17,38000.0,100.0,7670200.0
146,2021-10-05 03:28:17,37950.0,500.0,7670100.0
147,2021-10-05 03:28:12,37950.0,200.0,7669600.0
148,2021-10-05 03:28:08,37950.0,400.0,7669400.0
149,2021-10-05 03:28:00,37950.0,1000.0,7669000.0
150,2021-10-05 03:28:00,37950.0,100.0,7668000.0
151,2021-10-05 03:28:00,37950.0,500.0,7667900.0
152,2021-10-05 03:28:00,37950.0,800.0,7667400.0
153,2021-10-05 03:28:00,37950.0,200.0,7666600.0
154,2021-10-05 03:27:34,37950.0,300.0,7666400.0
155,2021-10-05 03:27:34,37950.0,300.0,7666100.0
156,2021-10-05 03:27:26,37950.0,200.0,7665800.0
157,2021-10-05 03:27:26,37950.0,400.0,7665600.0
158,2021-10-05 03:27:26,37950.0,400.0,7665200.0
159,2021-10-05 03:27:13,37900.0,200.0,7664800.0
160,2021-10-05 03:27:13,37900.0,100.0,7664600.0
161,2021-10-05 03:27:13,37900.0,600.0,7664500.0
162,2021-10-05 03:27:13,37900.0,500.0,7663900.0
163,2021-10-05 03:27:13,37900.0,200.0,7663400.0
164,2021-10-05 03:27:13,37900.0,2400.0,7663200.0
165,2021-10-05 03:27:13,37950.0,2100.0,7660800.0
166,2021-10-05 03:27:13,37950.0,300.0,7658700.0
167,2021-10-05 03:27:13,37950.0,600.0,7658400.0
168,2021-10-05 03:27:08,37900.0,1200.0,7657800.0
169,2021-10-05 03:26:53,37900.0,200.0,7656600.0
170,2021-10-05 03:26:51,37900.0,300.0,7656400.0
171,2021-10-05 03:26:38,37900.0,900.0,7656100.0
172,2021-10-05 03:26:38,37900.0,100.0,7655200.0
173,2021-10-05 03:26:38,37900.0,300.0,7655100.0
174,2021-10-05 03:26:30,37900.0,200.0,7654800.0
175,2021-10-05 03:26:29,37900.0,100.0,7654600.0
176,2021-10-05 03:26:09,37900.0,500.0,7654500.0
177,2021-10-05 03:26:07,37900.0,200.0,7654000.0
178,2021-10-05 03:25:58,37900.0,1400.0,7653800.0
179,2021-10-05 03:25:54,37900.0,300.0,7652400.0
180,2021-10-05 03:25:30,37900.0,2000.0,7652100.0
181,2021-10-05 03:25:30,37900.0,100.0,7650100.0
182,2021-10-05 03:25:27,37900.0,1000.0,7650000.0
183,2021-10-05 03:25:03,37900.0,300.0,7649000.0
184,2021-10-05 03:24:58,37850.0,1400.0,7648700.0
185,2021-10-05 03:24:58,37850.0,1800.0,7647300.0
186,2021-10-05 03:24:58,37900.0,300.0,7645500.0
187,2021-10-05 03:24:58,37900.0,100.0,7645200.0
188,2021-10-05 03:24:58,37900.0,100.0,7645100.0
189,2021-10-05 03:24:58,37900.0,500.0,7645000.0
190,2021-10-05 03:24:58,37900.0,1400.0,7644500.0
191,2021-10-05 03:24:58,37900.0,1000.0,7643100.0
192,2021-10-05 03:24:58,37950.0,500.0,7642100.0
193,2021-10-05 03:24:58,37950.0,5000.0,7641600.0
194,2021-10-05 03:24:35,38000.0,100.0,7636600.0
195,2021-10-05 03:24:21,38000.0,900.0,7636500.0
196,2021-10-05 03:24:18,38000.0,400.0,7635600.0
197,2021-10-05 03:24:18,37950.0,4600.0,7635200.0
198,2021-10-05 03:24:17,37950.0,200.0,7630600.0
199,2021-10-05 03:24:17,37950.0,2400.0,7630400.0
200,2021-10-05 03:24:13,38000.0,500.0,7628000.0
201,2021-10-05 03:24:13,38000.0,200.0,7627500.0
202,2021-10-05 03:24:13,38000.0,2000.0,7627300.0
203,2021-10-05 03:24:13,38000.0,100.0,7625300.0
204,2021-10-05 03:24:13,38000.0,500.0,7625200.0
205,2021-10-05 03:24:13,38000.0,500.0,7624700.0
206,2021-10-05 03:24:13,38000.0,1200.0,7624200.0
207,2021-10-05 03:24:05,38000.0,100.0,7623000.0
208,2021-10-05 03:24:03,38000.0,200.0,7622900.0
209,2021-10-05 03:24:03,38000.0,500.0,7622700.0
210,2021-10-05 03:24:03,38000.0,600.0,7622200.0
211,2021-10-05 03:24:03,38000.0,400.0,7621600.0
212,2021-10-05 03:24:03,38000.0,500.0,7621200.0
213,2021-10-05 03:24:03,38000.0,2800.0,7620700.0
214,2021-10-05 03:23:53,38000.0,200.0,7617900.0
215,2021-10-05 03:23:53,38000.0,500.0,7617700.0
216,2021-10-05 03:23:42,38000.0,400.0,7617200.0
217,2021-10-05 03:23:32,38000.0,1000.0,7616800.0
218,2021-10-05 03:23:32,38000.0,500.0,7615800.0
219,2021-10-05 03:23:32,38000.0,3500.0,7615300.0
220,2021-10-05 03:23:27,38000.0,1500.0,7611800.0
221,2021-10-05 03:23:27,38000.0,2500.0,7610300.0
222,2021-10-05 03:23:26,38000.0,300.0,7607800.0
223,2021-10-05 03:23:21,38000.0,1000.0,7607500.0
224,2021-10-05 03:23:10,38000.0,500.0,7606500.0
225,2021-10-05 03:23:08,38000.0,400.0,7606000.0
226,2021-10-05 03:23:02,38000.0,1000.0,7605600.0
227,2021-10-05 03:22:39,38000.0,4300.0,7604600.0
228,2021-10-05 03:22:39,38000.0,1400.0,7600300.0
229,2021-10-05 03:21:53,38100.0,100.0,7598900.0
230,2021-10-05 03:21:53,38100.0,200.0,7598800.0
231,2021-10-05 03:21:53,38100.0,1000.0,7598600.0
232,2021-10-05 03:21:53,38100.0,400.0,7597600.0
233,2021-10-05 03:21:53,38100.0,1000.0,7597200.0
234,2021-10-05 03:21:53,38100.0,300.0,7596200.0
235,2021-10-05 03:21:49,38000.0,900.0,7595900.0
236,2021-10-05 03:21:40,38000.0,100.0,7595000.0
237,2021-10-05 03:21:40,38000.0,1000.0,7594900.0
238,2021-10-05 03:21:40,38000.0,100.0,7593900.0
239,2021-10-05 03:21:40,38000.0,1500.0,7593800.0
240,2021-10-05 03:21:40,38000.0,100.0,7592300.0
241,2021-10-05 03:21:23,38000.0,400.0,7592200.0
242,2021-10-05 03:21:23,38000.0,100.0,7591800.0
243,2021-10-05 03:21:23,38000.0,2000.0,7591700.0
244,2021-10-05 03:21:23,38000.0,400.0,7589700.0
245,2021-10-05 03:21:23,38000.0,600.0,7589300.0
246,2021-10-05 03:21:23,38000.0,500.0,7588700.0
247,2021-10-05 03:21:23,38000.0,200.0,7588200.0
248,2021-10-05 03:21:23,38000.0,200.0,7588000.0
249,2021-10-05 03:21:23,38000.0,500.0,7587800.0
250,2021-10-05 03:21:23,38000.0,100.0,7587300.0
251,2021-10-05 03:21:21,38000.0,100.0,7587200.0
252,2021-10-05 03:21:18,38000.0,7000.0,7587100.0
253,2021-10-05 03:21:18,38000.0,3000.0,7580100.0
254,2021-10-05 03:21:15,38000.0,300.0,7577100.0
255,2021-10-05 03:21:15,38000.0,1000.0,7576800.0
256,2021-10-05 03:21:15,38000.0,100.0,7575800.0
257,2021-10-05 03:21:15,38000.0,800.0,7575700.0
258,2021-10-05 03:21:15,38000.0,2800.0,7574900.0
259,2021-10-05 03:21:13,38000.0,300.0,7572100.0
260,2021-10-05 03:21:11,38000.0,2000.0,7571800.0
261,2021-10-05 03:21:09,38000.0,1000.0,7569800.0
262,2021-10-05 03:21:09,38000.0,400.0,7568800.0
263,2021-10-05 03:21:05,38000.0,100.0,7568400.0
264,2021-10-05 03:21:04,37950.0,2600.0,7568300.0
265,2021-10-05 03:21:04,38000.0,5000.0,7565700.0
266,2021-10-05 03:20:56,38000.0,10000.0,7560700.0
267,2021-10-05 03:20:56,38000.0,500.0,7550700.0
268,2021-10-05 03:20:50,38000.0,10000.0,7550200.0
269,2021-10-05 03:20:49,38000.0,10000.0,7540200.0
270,2021-10-05 03:20:38,38000.0,14900.0,7530200.0
271,2021-10-05 03:20:28,38000.0,400.0,7515300.0
272,2021-10-05 03:20:28,38000.0,100.0,7514900.0
273,2021-10-05 03:20:23,38000.0,900.0,7514800.0
274,2021-10-05 03:20:23,38000.0,200.0,7513900.0
275,2021-10-05 03:20:23,38000.0,300.0,7513700.0
276,2021-10-05 03:20:23,38000.0,500.0,7513400.0
277,2021-10-05 03:20:23,38000.0,3100.0,7512900.0
278,2021-10-05 03:20:22,38000.0,900.0,7509800.0
279,2021-10-05 03:20:22,38000.0,500.0,7508900.0
280,2021-10-05 03:20:22,38000.0,500.0,7508400.0
281,2021-10-05 03:20:22,38000.0,1000.0,7507900.0
282,2021-10-05 03:20:22,38000.0,1000.0,7506900.0
283,2021-10-05 03:20:22,38000.0,2000.0,7505900.0
284,2021-10-05 03:20:22,38000.0,2100.0,7503900.0
285,2021-10-05 03:20:22,38000.0,200.0,7501800.0
286,2021-10-05 03:20:22,38000.0,200.0,7501600.0
287,2021-10-05 03:20:22,38000.0,100.0,7501400.0
288,2021-10-05 03:20:22,38000.0,500.0,7501300.0
289,2021-10-05 03:20:22,38000.0,200.0,7500800.0
290,2021-10-05 03:20:22,38000.0,200.0,7500600.0
291,2021-10-05 03:20:22,38000.0,100.0,7500400.0
292,2021-10-05 03:20:22,38000.0,2000.0,7500300.0
293,2021-10-05 03:20:22,38000.0,1000.0,7498300.0
294,2021-10-05 03:20:22,38000.0,500.0,7497300.0
295,2021-10-05 03:20:14,38000.0,10000.0,7496800.0
296,2021-10-05 03:20:13,37950.0,2000.0,7486800.0
297,2021-10-05 03:20:05,37950.0,100.0,7484800.0
298,2021-10-05 03:20:00,37950.0,1000.0,7484700.0
299,2021-10-05 03:19:56,37950.0,500.0,7483700.0
300,2021-10-05 03:19:55,37950.0,1000.0,7483200.0
301,2021-10-05 03:19:53,37950.0,2000.0,7482200.0
302,2021-10-05 03:19:22,38000.0,5000.0,7480200.0
303,2021-10-05 03:18:58,38000.0,100.0,7475200.0
304,2021-10-05 03:18:48,38000.0,100.0,7475100.0
305,2021-10-05 03:18:48,38000.0,4300.0,7475000.0
306,2021-10-05 03:18:48,38000.0,200.0,7470700.0
307,2021-10-05 03:18:48,38000.0,200.0,7470500.0
308,2021-10-05 03:18:48,38000.0,300.0,7470300.0
309,2021-10-05 03:18:36,38000.0,1400.0,7470000.0
310,2021-10-05 03:18:36,38000.0,500.0,7468600.0
311,2021-10-05 03:18:36,38000.0,500.0,7468100.0
312,2021-10-05 03:18:36,38000.0,400.0,7467600.0
313,2021-10-05 03:18:36,38000.0,300.0,7467200.0
314,2021-10-05 03:18:36,38000.0,500.0,7466900.0
315,2021-10-05 03:18:36,38000.0,500.0,7466400.0
316,2021-10-05 03:18:36,38000.0,1000.0,7465900.0
317,2021-10-05 03:18:23,38000.0,500.0,7464900.0
318,2021-10-05 03:17:45,38000.0,800.0,7464400.0
319,2021-10-05 03:17:42,38000.0,500.0,7463600.0
320,2021-10-05 03:17:35,37950.0,400.0,7463100.0
321,2021-10-05 03:17:32,37950.0,100.0,7462700.0
322,2021-10-05 03:17:31,37950.0,100.0,7462600.0
323,2021-10-05 03:17:13,37950.0,300.0,7462500.0
324,2021-10-05 03:17:05,37950.0,1500.0,7462200.0
325,2021-10-05 03:17:05,37950.0,1000.0,7460700.0
326,2021-10-05 03:17:05,37950.0,30000.0,7459700.0
327,2021-10-05 03:17:05,37950.0,1500.0,7429700.0
328,2021-10-05 03:17:05,37900.0,500.0,7428200.0
329,2021-10-05 03:16:57,37900.0,500.0,7427700.0
330,2021-10-05 03:16:57,37900.0,1500.0,7427200.0
331,2021-10-05 03:16:57,37900.0,100.0,7425700.0
332,2021-10-05 03:16:57,37900.0,2900.0,7425600.0
333,2021-10-05 03:16:56,37900.0,10000.0,7422700.0
334,2021-10-05 03:16:54,37900.0,5000.0,7412700.0
335,2021-10-05 03:16:38,37900.0,300.0,7407700.0
336,2021-10-05 03:16:12,37900.0,700.0,7407400.0
337,2021-10-05 03:16:12,37900.0,500.0,7406700.0
338,2021-10-05 03:16:12,37900.0,9800.0,7406200.0
339,2021-10-05 03:16:12,37900.0,800.0,7396400.0
340,2021-10-05 03:16:12,37900.0,10000.0,7395600.0
341,2021-10-05 03:15:58,37950.0,200.0,7385600.0
342,2021-10-05 03:15:42,37900.0,100.0,7385400.0
343,2021-10-05 03:15:36,37900.0,2000.0,7385300.0
344,2021-10-05 03:15:31,37900.0,200.0,7383300.0
345,2021-10-05 03:15:28,37900.0,7700.0,7383100.0
346,2021-10-05 03:15:28,37900.0,1100.0,7375400.0
347,2021-10-05 03:15:28,37900.0,300.0,7374300.0
348,2021-10-05 03:15:28,37900.0,900.0,7374000.0
349,2021-10-05 03:15:28,37900.0,10000.0,7373100.0
350,2021-10-05 03:15:20,37850.0,1000.0,7363100.0
351,2021-10-05 03:15:20,37850.0,200.0,7362100.0
352,2021-10-05 03:15:03,37800.0,100.0,7361900.0
353,2021-10-05 03:14:58,37800.0,400.0,7361800.0
354,2021-10-05 03:14:53,37800.0,300.0,7361400.0
355,2021-10-05 03:14:28,37800.0,100.0,7361100.0
356,2021-10-05 03:14:26,37800.0,2000.0,7361000.0
357,2021-10-05 03:14:19,37800.0,600.0,7359000.0
358,2021-10-05 03:14:19,37800.0,500.0,7358400.0
359,2021-10-05 03:14:19,37800.0,1500.0,7357900.0
360,2021-10-05 03:14:19,37800.0,5000.0,7356400.0
361,2021-10-05 03:14:19,37800.0,4100.0,7351400.0
362,2021-10-05 03:14:19,37750.0,300.0,7347300.0
363,2021-10-05 03:14:14,37700.0,500.0,7347000.0
364,2021-10-05 03:13:40,37700.0,100.0,7346500.0
365,2021-10-05 03:13:23,37700.0,100.0,7346400.0
366,2021-10-05 03:13:23,37700.0,3900.0,7346300.0
367,2021-10-05 03:13:21,37700.0,500.0,7342400.0
368,2021-10-05 03:13:18,37700.0,100.0,7341900.0
369,2021-10-05 03:13:16,37700.0,100.0,7341800.0
370,2021-10-05 03:13:06,37700.0,300.0,7341700.0
371,2021-10-05 03:13:06,37700.0,800.0,7341400.0
372,2021-10-05 03:13:06,37700.0,2200.0,7340600.0
373,2021-10-05 03:13:06,37700.0,3000.0,7338400.0
374,2021-10-05 03:13:06,37700.0,1800.0,7335400.0
375,2021-10-05 03:13:06,37700.0,11900.0,7333600.0
376,2021-10-05 03:12:59,37700.0,1000.0,7321700.0
377,2021-10-05 03:12:58,37700.0,100.0,7320700.0
378,2021-10-05 03:12:56,37700.0,2000.0,7320600.0
379,2021-10-05 03:12:46,37700.0,1000.0,7318600.0
380,2021-10-05 03:12:42,37700.0,500.0,7317600.0
381,2021-10-05 03:12:39,37700.0,2300.0,7317100.0
382,2021-10-05 03:12:35,37700.0,100.0,7314800.0
383,2021-10-05 03:12:30,37700.0,3000.0,7314700.0
384,2021-10-05 03:12:29,37700.0,3400.0,7311700.0
385,2021-10-05 03:12:07,37700.0,200.0,7308300.0
386,2021-10-05 03:12:04,37700.0,200.0,7308100.0
387,2021-10-05 03:12:04,37700.0,300.0,7307900.0
388,2021-10-05 03:12:03,37650.0,100.0,7307600.0
389,2021-10-05 03:12:01,37650.0,3000.0,7307500.0
390,2021-10-05 03:11:55,37650.0,2700.0,7304500.0
391,2021-10-05 03:11:55,37650.0,1000.0,7301800.0
392,2021-10-05 03:11:55,37650.0,100.0,7300800.0
393,2021-10-05 03:11:55,37650.0,500.0,7300700.0
394,2021-10-05 03:11:55,37650.0,100.0,7300200.0
395,2021-10-05 03:11:55,37650.0,600.0,7300100.0
396,2021-10-05 03:11:54,37700.0,1200.0,7299500.0
397,2021-10-05 03:11:54,37700.0,300.0,7298300.0
398,2021-10-05 03:11:46,37700.0,7600.0,7298000.0
399,2021-10-05 03:11:39,37650.0,200.0,7290400.0
400,2021-10-05 03:11:37,37700.0,100.0,7290200.0
401,2021-10-05 03:11:37,37700.0,200.0,7290100.0
402,2021-10-05 03:11:36,37700.0,300.0,7289900.0
403,2021-10-05 03:11:36,37700.0,3500.0,7289600.0
404,2021-10-05 03:11:36,37700.0,100.0,7286100.0
405,2021-10-05 03:11:34,37700.0,500.0,7286000.0
406,2021-10-05 03:11:30,37700.0,300.0,7285500.0
407,2021-10-05 03:11:25,37700.0,2000.0,7285200.0
408,2021-10-05 03:11:24,37700.0,400.0,7283200.0
409,2021-10-05 03:11:23,37650.0,100.0,7282800.0
410,2021-10-05 03:11:19,37650.0,3200.0,7282700.0
411,2021-10-05 03:11:18,37700.0,100.0,7279500.0
412,2021-10-05 03:11:18,37700.0,1000.0,7279400.0
413,2021-10-05 03:11:18,37700.0,900.0,7278400.0
414,2021-10-05 03:11:15,37700.0,100.0,7277500.0
415,2021-10-05 03:11:15,37700.0,400.0,7277400.0
416,2021-10-05 03:11:04,37700.0,100.0,7277000.0
417,2021-10-05 03:10:18,37700.0,100.0,7276900.0
418,2021-10-05 03:10:08,37700.0,200.0,7276800.0
419,2021-10-05 03:10:08,37700.0,200.0,7276600.0
420,2021-10-05 03:09:49,37700.0,500.0,7276400.0
421,2021-10-05 03:09:47,37700.0,200.0,7275900.0
422,2021-10-05 03:09:45,37700.0,400.0,7275700.0
423,2021-10-05 03:09:42,37700.0,200.0,7275300.0
424,2021-10-05 03:09:42,37700.0,300.0,7275100.0
425,2021-10-05 03:09:40,37700.0,200.0,7274800.0
426,2021-10-05 03:09:36,37700.0,200.0,7274600.0
427,2021-10-05 03:09:36,37700.0,200.0,7274400.0
428,2021-10-05 03:09:36,37700.0,1000.0,7274200.0
429,2021-10-05 03:09:36,37700.0,100.0,7273200.0
430,2021-10-05 03:09:23,37700.0,200.0,7273100.0
431,2021-10-05 03:09:23,37700.0,300.0,7272900.0
432,2021-10-05 03:09:23,37700.0,200.0,7272600.0
433,2021-10-05 03:09:23,37700.0,100.0,7272400.0
434,2021-10-05 03:09:23,37700.0,200.0,7272300.0
435,2021-10-05 03:09:21,37750.0,100.0,7272100.0
436,2021-10-05 03:09:01,37750.0,100.0,7272000.0
437,2021-10-05 03:08:59,37700.0,200.0,7271900.0
438,2021-10-05 03:08:59,37700.0,500.0,7271700.0
439,2021-10-05 03:08:59,37700.0,100.0,7271200.0
440,2021-10-05 03:08:59,37700.0,200.0,7271100.0
441,2021-10-05 03:08:59,37700.0,500.0,7270900.0
442,2021-10-05 03:08:59,37700.0,300.0,7270400.0
443,2021-10-05 03:08:59,37700.0,200.0,7270100.0
444,2021-10-05 03:08:47,37750.0,1000.0,7269900.0
445,2021-10-05 03:08:46,37750.0,200.0,7268900.0
446,2021-10-05 03:08:41,37750.0,500.0,7268700.0
447,2021-10-05 03:08:30,37750.0,3000.0,7268200.0
448,2021-10-05 03:08:27,37700.0,300.0,7265200.0
449,2021-10-05 03:08:27,37700.0,500.0,7264900.0
450,2021-10-05 03:08:27,37700.0,1000.0,7264400.0
451,2021-10-05 03:08:27,37700.0,1000.0,7263400.0
452,2021-10-05 03:08:27,37700.0,1000.0,7262400.0
453,2021-10-05 03:08:27,37700.0,200.0,7261400.0
454,2021-10-05 03:08:27,37700.0,100.0,7261200.0
455,2021-10-05 03:08:27,37700.0,100.0,7261100.0
456,2021-10-05 03:08:27,37700.0,100.0,7261000.0
457,2021-10-05 03:08:27,37700.0,500.0,7260900.0
458,2021-10-05 03:08:27,37700.0,100.0,7260400.0
459,2021-10-05 03:08:27,37700.0,100.0,7260300.0
460,2021-10-05 03:08:26,37700.0,100.0,7260200.0
461,2021-10-05 03:08:26,37700.0,4900.0,7260100.0
462,2021-10-05 03:07:58,37750.0,500.0,7255200.0
463,2021-10-05 03:07:57,37700.0,900.0,7254700.0
464,2021-10-05 03:07:57,37700.0,1000.0,7253800.0
465,2021-10-05 03:07:57,37700.0,1000.0,7252800.0
466,2021-10-05 03:07:57,37700.0,100.0,7251800.0
467,2021-10-05 03:07:57,37700.0,1000.0,7251700.0
468,2021-10-05 03:07:57,37700.0,100.0,7250700.0
469,2021-10-05 03:07:57,37700.0,300.0,7250600.0
470,2021-10-05 03:07:57,37700.0,600.0,7250300.0
471,2021-10-05 03:07:57,37700.0,2400.0,7249700.0
472,2021-10-05 03:07:57,37700.0,100.0,7247300.0
473,2021-10-05 03:07:57,37700.0,100.0,7247200.0
474,2021-10-05 03:07:57,37700.0,1000.0,7247100.0
475,2021-10-05 03:07:57,37700.0,300.0,7246100.0
476,2021-10-05 03:07:57,37700.0,100.0,7245800.0
477,2021-10-05 03:07:57,37700.0,300.0,7245700.0
478,2021-10-05 03:07:57,37700.0,100.0,7245400.0
479,2021-10-05 03:07:57,37700.0,100.0,7245300.0
480,2021-10-05 03:07:57,37700.0,400.0,7245200.0
481,2021-10-05 03:07:57,37700.0,100.0,7244800.0
482,2021-10-05 03:07:57,37700.0,2000.0,7244700.0
483,2021-10-05 03:07:57,37700.0,100.0,7242700.0
484,2021-10-05 03:07:57,37700.0,1000.0,7242600.0
485,2021-10-05 03:07:57,37700.0,100.0,7241600.0
486,2021-10-05 03:07:57,37700.0,100.0,7241500.0
487,2021-10-05 03:07:57,37700.0,100.0,7241400.0
488,2021-10-05 03:07:57,37700.0,1600.0,7241300.0
489,2021-10-05 03:07:56,37750.0,400.0,7239700.0
490,2021-10-05 03:07:56,37750.0,100.0,7239300.0
491,2021-10-05 03:07:53,37750.0,1000.0,7239200.0
492,2021-10-05 03:07:52,37750.0,300.0,7238200.0
493,2021-10-05 03:07:47,37750.0,100.0,7237900.0
494,2021-10-05 03:07:45,37750.0,500.0,7237800.0
495,2021-10-05 03:07:45,37750.0,2000.0,7237300.0
496,2021-10-05 03:07:45,37750.0,500.0,7235300.0
497,2021-10-05 03:07:45,37750.0,200.0,7234800.0
498,2021-10-05 03:07:45,37750.0,15300.0,7234600.0
499,2021-10-05 03:07:45,37800.0,500.0,7219300.0
500,2021-10-05 03:07:39,37800.0,500.0,7218800.0
501,2021-10-05 03:07:39,37800.0,200.0,7218300.0
502,2021-10-05 03:07:39,37800.0,200.0,7218100.0
503,2021-10-05 03:07:39,37800.0,100.0,7217900.0
504,2021-10-05 03:07:28,37750.0,500.0,7217800.0
505,2021-10-05 03:07:21,37800.0,100.0,7217300.0
506,2021-10-05 03:06:43,37750.0,4200.0,7217200.0
507,2021-10-05 03:06:43,37750.0,300.0,7213000.0
508,2021-10-05 03:06:43,37750.0,5000.0,7212700.0
509,2021-10-05 03:06:43,37750.0,500.0,7207700.0
510,2021-10-05 03:06:29,37800.0,100.0,7207200.0
511,2021-10-05 03:06:28,37800.0,200.0,7207100.0
512,2021-10-05 03:06:28,37800.0,700.0,7206900.0
513,2021-10-05 03:06:28,37800.0,800.0,7206200.0
514,2021-10-05 03:06:28,37800.0,200.0,7205400.0
515,2021-10-05 03:06:28,37800.0,1000.0,7205200.0
516,2021-10-05 03:06:28,37800.0,2100.0,7204200.0
517,2021-10-05 03:06:00,37800.0,900.0,7202100.0
518,2021-10-05 03:06:00,37800.0,100.0,7201200.0
519,2021-10-05 03:05:59,37800.0,100.0,7201100.0
520,2021-10-05 03:05:57,37800.0,200.0,7201000.0
521,2021-10-05 03:05:45,37800.0,200.0,7200800.0
522,2021-10-05 03:05:38,37800.0,100.0,7200600.0
523,2021-10-05 03:05:38,37800.0,400.0,7200500.0
524,2021-10-05 03:04:21,37800.0,600.0,7200100.0
525,2021-10-05 03:04:21,37800.0,600.0,7199500.0
526,2021-10-05 03:04:21,37800.0,700.0,7198900.0
527,2021-10-05 03:04:21,37800.0,4000.0,7198200.0
528,2021-10-05 03:04:21,37800.0,100.0,7194200.0
529,2021-10-05 03:04:19,37800.0,600.0,7194100.0
530,2021-10-05 03:03:49,37800.0,1000.0,7193500.0
531,2021-10-05 03:03:45,37700.0,800.0,7192500.0
532,2021-10-05 03:03:38,37800.0,100.0,7191700.0
533,2021-10-05 03:03:25,37800.0,100.0,7191600.0
534,2021-10-05 03:03:25,37800.0,1000.0,7191500.0
535,2021-10-05 03:03:25,37800.0,2000.0,7190500.0
536,2021-10-05 03:03:25,37800.0,400.0,7188500.0
537,2021-10-05 03:03:25,37800.0,200.0,7188100.0
538,2021-10-05 03:03:25,37800.0,500.0,7187900.0
539,2021-10-05 03:03:25,37800.0,200.0,7187400.0
540,2021-10-05 03:03:20,37800.0,500.0,7187200.0
541,2021-10-05 03:03:11,37800.0,2600.0,7186700.0
542,2021-10-05 03:03:00,37800.0,500.0,7184100.0
543,2021-10-05 03:02:59,37800.0,700.0,7183600.0
544,2021-10-05 03:02:59,37800.0,500.0,7182900.0
545,2021-10-05 03:02:59,37800.0,800.0,7182400.0
546,2021-10-05 03:02:13,37800.0,600.0,7181600.0
547,2021-10-05 03:02:11,37800.0,900.0,7181000.0
548,2021-10-05 03:02:09,37700.0,100.0,7180100.0
549,2021-10-05 03:02:09,37750.0,200.0,7180000.0
550,2021-10-05 03:02:01,37800.0,2000.0,7179800.0
551,2021-10-05 03:02:01,37850.0,100.0,7177800.0
552,2021-10-05 03:02:01,37850.0,1600.0,7177700.0
553,2021-10-05 03:02:01,37850.0,3000.0,7176100.0
554,2021-10-05 03:02:01,37850.0,4000.0,7173100.0
555,2021-10-05 03:01:52,37800.0,3000.0,7169100.0
556,2021-10-05 03:01:52,37800.0,7000.0,7166100.0
557,2021-10-05 03:01:51,37800.0,1000.0,7159100.0
558,2021-10-05 03:01:26,37800.0,4500.0,7158100.0
559,2021-10-05 03:01:26,37800.0,100.0,7153600.0
560,2021-10-05 03:01:26,37800.0,5000.0,7153500.0
561,2021-10-05 03:01:26,37800.0,500.0,7148500.0
562,2021-10-05 03:01:26,37800.0,1000.0,7148000.0
563,2021-10-05 03:01:26,37800.0,700.0,7147000.0
564,2021-10-05 03:01:26,37750.0,200.0,7146300.0
565,2021-10-05 03:01:16,37750.0,100.0,7146100.0
566,2021-10-05 03:01:10,37750.0,300.0,7146000.0
567,2021-10-05 03:01:10,37750.0,100.0,7145700.0
568,2021-10-05 03:01:10,37750.0,300.0,7145600.0
569,2021-10-05 03:01:10,37750.0,300.0,7145300.0
570,2021-10-05 03:01:00,37750.0,1700.0,7145000.0
571,2021-10-05 03:01:00,37750.0,1300.0,7143300.0
572,2021-10-05 03:00:23,37750.0,200.0,7142000.0
573,2021-10-05 03:00:18,37700.0,100.0,7141800.0
574,2021-10-05 03:00:08,37700.0,200.0,7141700.0
575,2021-10-05 03:00:00,37700.0,2200.0,7141500.0
576,2021-10-05 03:00:00,37700.0,500.0,7139300.0
577,2021-10-05 03:00:00,37700.0,100.0,7138800.0
578,2021-10-05 03:00:00,37700.0,2200.0,7138700.0
579,2021-10-05 02:59:45,37700.0,1800.0,7136500.0
580,2021-10-05 02:59:41,37700.0,1000.0,7134700.0
581,2021-10-05 02:59:41,37700.0,100.0,7133700.0
582,2021-10-05 02:59:41,37700.0,100.0,7133600.0
583,2021-10-05 02:59:41,37700.0,1000.0,7133500.0
584,2021-10-05 02:59:41,37700.0,100.0,7132500.0
585,2021-10-05 02:59:41,37700.0,100.0,7132400.0
586,2021-10-05 02:59:41,37700.0,500.0,7132300.0
587,2021-10-05 02:59:41,37700.0,500.0,7131800.0
588,2021-10-05 02:59:41,37700.0,100.0,7131300.0
589,2021-10-05 02:59:41,37700.0,100.0,7131200.0
590,2021-10-05 02:59:41,37700.0,200.0,7131100.0
591,2021-10-05 02:59:41,37700.0,200.0,7130900.0
592,2021-10-05 02:59:41,37700.0,500.0,7130700.0
593,2021-10-05 02:59:41,37700.0,100.0,7130200.0
594,2021-10-05 02:59:41,37700.0,2000.0,7130100.0
595,2021-10-05 02:59:41,37700.0,100.0,7128100.0
596,2021-10-05 02:59:41,37700.0,100.0,7128000.0
597,2021-10-05 02:59:41,37700.0,100.0,7127900.0
598,2021-10-05 02:59:41,37700.0,3000.0,7127800.0
599,2021-10-05 02:59:41,37700.0,100.0,7124800.0
600,2021-10-05 02:59:41,37700.0,100.0,7124700.0
601,2021-10-05 02:59:41,37700.0,100.0,7124600.0
602,2021-10-05 02:59:41,37700.0,2000.0,7124500.0
603,2021-10-05 02:59:41,37700.0,100.0,7122500.0
604,2021-10-05 02:59:41,37700.0,1000.0,7122400.0
605,2021-10-05 02:59:41,37700.0,600.0,7121400.0
606,2021-10-05 02:59:41,37700.0,400.0,7120800.0
607,2021-10-05 02:59:41,37700.0,200.0,7120400.0
608,2021-10-05 02:59:41,37700.0,100.0,7120200.0
609,2021-10-05 02:59:41,37700.0,2000.0,7120100.0
610,2021-10-05 02:59:41,37700.0,300.0,7118100.0
611,2021-10-05 02:59:41,37700.0,3100.0,7117800.0
612,2021-10-05 02:59:35,37700.0,200.0,7114700.0
613,2021-10-05 02:59:33,37750.0,300.0,7114500.0
614,2021-10-05 02:59:11,37700.0,200.0,7114200.0
615,2021-10-05 02:59:10,37700.0,1200.0,7114000.0
616,2021-10-05 02:59:01,37700.0,300.0,7112800.0
617,2021-10-05 02:59:01,37700.0,100.0,7112500.0
618,2021-10-05 02:58:42,37700.0,100.0,7112400.0
619,2021-10-05 02:58:42,37700.0,300.0,7112300.0
620,2021-10-05 02:58:42,37700.0,600.0,7112000.0
621,2021-10-05 02:58:27,37700.0,400.0,7111400.0
622,2021-10-05 02:58:27,37700.0,900.0,7111000.0
623,2021-10-05 02:58:27,37700.0,200.0,7110100.0
624,2021-10-05 02:58:27,37700.0,100.0,7109900.0
625,2021-10-05 02:58:27,37700.0,500.0,7109800.0
626,2021-10-05 02:58:27,37700.0,1900.0,7109300.0
627,2021-10-05 02:58:21,37750.0,500.0,7107400.0
628,2021-10-05 02:58:13,37750.0,100.0,7106900.0
629,2021-10-05 02:58:13,37750.0,500.0,7106800.0
630,2021-10-05 02:58:13,37750.0,100.0,7106300.0
631,2021-10-05 02:58:12,37750.0,900.0,7106200.0
632,2021-10-05 02:58:12,37750.0,100.0,7105300.0
633,2021-10-05 02:57:58,37750.0,400.0,7105200.0
634,2021-10-05 02:57:58,37750.0,200.0,7104800.0
635,2021-10-05 02:57:58,37750.0,700.0,7104600.0
636,2021-10-05 02:57:58,37750.0,300.0,7103900.0
637,2021-10-05 02:57:58,37750.0,1000.0,7103600.0
638,2021-10-05 02:57:58,37750.0,1300.0,7102600.0
639,2021-10-05 02:57:58,37750.0,1000.0,7101300.0
640,2021-10-05 02:57:58,37750.0,100.0,7100300.0
641,2021-10-05 02:57:26,37800.0,100.0,7100200.0
642,2021-10-05 02:57:10,37800.0,100.0,7100100.0
643,2021-10-05 02:57:08,37800.0,100.0,7100000.0
644,2021-10-05 02:57:02,37750.0,100.0,7099900.0
645,2021-10-05 02:57:02,37750.0,500.0,7099800.0
646,2021-10-05 02:57:02,37750.0,500.0,7099300.0
647,2021-10-05 02:57:02,37750.0,1000.0,7098800.0
648,2021-10-05 02:57:02,37750.0,500.0,7097800.0
649,2021-10-05 02:56:42,37750.0,900.0,7097300.0
650,2021-10-05 02:56:42,37750.0,700.0,7096400.0
651,2021-10-05 02:56:42,37750.0,100.0,7095700.0
652,2021-10-05 02:56:42,37750.0,3000.0,7095600.0
653,2021-10-05 02:56:42,37750.0,100.0,7092600.0
654,2021-10-05 02:56:42,37750.0,200.0,7092500.0
655,2021-10-05 02:56:38,37750.0,300.0,7092300.0
656,2021-10-05 02:56:38,37750.0,4700.0,7092000.0
657,2021-10-05 02:56:37,37750.0,5000.0,7087300.0
658,2021-10-05 02:56:06,37750.0,300.0,7082300.0
659,2021-10-05 02:56:06,37800.0,100.0,7082000.0
660,2021-10-05 02:56:06,37800.0,2000.0,7081900.0
661,2021-10-05 02:56:06,37800.0,900.0,7079900.0
662,2021-10-05 02:55:49,37800.0,500.0,7079000.0
663,2021-10-05 02:55:39,37800.0,600.0,7078500.0
664,2021-10-05 02:55:39,37800.0,400.0,7077900.0
665,2021-10-05 02:55:37,37800.0,100.0,7077500.0
666,2021-10-05 02:55:28,37850.0,300.0,7077400.0
667,2021-10-05 02:55:10,37850.0,100.0,7077100.0
668,2021-10-05 02:54:40,37850.0,100.0,7077000.0
669,2021-10-05 02:54:40,37850.0,300.0,7076900.0
670,2021-10-05 02:54:24,37850.0,200.0,7076600.0
671,2021-10-05 02:54:24,37850.0,100.0,7076400.0
672,2021-10-05 02:54:18,37850.0,100.0,7076300.0
673,2021-10-05 02:54:17,37850.0,300.0,7076200.0
674,2021-10-05 02:53:59,37850.0,5500.0,7075900.0
675,2021-10-05 02:53:59,37850.0,4500.0,7070400.0
676,2021-10-05 02:53:59,37850.0,500.0,7065900.0
677,2021-10-05 02:53:56,37800.0,10000.0,7065400.0
678,2021-10-05 02:53:35,37750.0,600.0,7055400.0
679,2021-10-05 02:53:35,37750.0,400.0,7054800.0
680,2021-10-05 02:53:30,37750.0,1600.0,7054400.0
681,2021-10-05 02:53:25,37750.0,400.0,7052800.0
682,2021-10-05 02:53:20,37750.0,600.0,7052400.0
683,2021-10-05 02:52:49,37700.0,1100.0,7051800.0
684,2021-10-05 02:52:49,37700.0,100.0,7050700.0
685,2021-10-05 02:52:49,37700.0,200.0,7050600.0
686,2021-10-05 02:52:49,37700.0,300.0,7050400.0
687,2021-10-05 02:52:38,37700.0,200.0,7050100.0
688,2021-10-05 02:52:38,37700.0,100.0,7049900.0
689,2021-10-05 02:52:38,37700.0,100.0,7049800.0
690,2021-10-05 02:52:38,37700.0,900.0,7049700.0
691,2021-10-05 02:52:38,37700.0,100.0,7048800.0
692,2021-10-05 02:52:38,37700.0,100.0,7048700.0
693,2021-10-05 02:52:38,37700.0,20000.0,7048600.0
694,2021-10-05 02:52:38,37700.0,200.0,7028600.0
695,2021-10-05 02:52:38,37700.0,2300.0,7028400.0
696,2021-10-05 02:52:38,37700.0,1000.0,7026100.0
697,2021-10-05 02:52:38,37700.0,500.0,7025100.0
698,2021-10-05 02:52:38,37700.0,10000.0,7024600.0
699,2021-10-05 02:52:38,37700.0,100.0,7014600.0
700,2021-10-05 02:52:38,37700.0,500.0,7014500.0
701,2021-10-05 02:52:38,37700.0,1000.0,7014000.0
702,2021-10-05 02:52:38,37700.0,100.0,7013000.0
703,2021-10-05 02:52:38,37700.0,500.0,7012900.0
704,2021-10-05 02:52:38,37700.0,100.0,7012400.0
705,2021-10-05 02:52:38,37700.0,500.0,7012300.0
706,2021-10-05 02:52:38,37700.0,700.0,7011800.0
707,2021-10-05 02:52:38,37700.0,1000.0,7011100.0
708,2021-10-05 02:52:38,37700.0,100.0,7010100.0
709,2021-10-05 02:52:38,37700.0,500.0,7010000.0
710,2021-10-05 02:52:38,37700.0,2000.0,7009500.0
711,2021-10-05 02:52:38,37700.0,10000.0,7007500.0
712,2021-10-05 02:52:38,37700.0,1000.0,6997500.0
713,2021-10-05 02:52:38,37750.0,500.0,6996500.0
714,2021-10-05 02:52:38,37750.0,200.0,6996000.0
715,2021-10-05 02:52:38,37750.0,200.0,6995800.0
716,2021-10-05 02:52:38,37750.0,800.0,6995600.0
717,2021-10-05 02:52:38,37750.0,100.0,6994800.0
718,2021-10-05 02:52:38,37750.0,500.0,6994700.0
719,2021-10-05 02:52:38,37750.0,200.0,6994200.0
720,2021-10-05 02:52:38,37750.0,100.0,6994000.0
721,2021-10-05 02:52:38,37750.0,1000.0,6993900.0
722,2021-10-05 02:52:38,37750.0,5000.0,6992900.0
723,2021-10-05 02:52:38,37750.0,100.0,6987900.0
724,2021-10-05 02:52:38,37750.0,300.0,6987800.0
725,2021-10-05 02:52:38,37750.0,3000.0,6987500.0
726,2021-10-05 02:52:38,37750.0,200.0,6984500.0
727,2021-10-05 02:52:38,37750.0,100.0,6984300.0
728,2021-10-05 02:52:38,37750.0,100.0,6984200.0
729,2021-10-05 02:52:38,37750.0,2000.0,6984100.0
730,2021-10-05 02:52:38,37750.0,500.0,6982100.0
731,2021-10-05 02:52:38,37750.0,26200.0,6981600.0
732,2021-10-05 02:52:38,37800.0,5000.0,6955400.0
733,2021-10-05 02:52:38,37800.0,300.0,6950400.0
734,2021-10-05 02:52:29,37800.0,4700.0,6950100.0
735,2021-10-05 02:52:29,37800.0,300.0,6945400.0
736,2021-10-05 02:52:29,37800.0,1500.0,6945100.0
737,2021-10-05 02:52:29,37800.0,200.0,6943600.0
738,2021-10-05 02:52:29,37800.0,300.0,6943400.0
739,2021-10-05 02:52:29,37800.0,500.0,6943100.0
740,2021-10-05 02:52:08,37800.0,500.0,6942600.0
741,2021-10-05 02:51:49,37750.0,100.0,6942100.0
742,2021-10-05 02:51:33,37750.0,500.0,6942000.0
743,2021-10-05 02:51:24,38000.0,1700.0,6941500.0
744,2021-10-05 02:51:24,37900.0,300.0,6939800.0
745,2021-10-05 02:51:24,37850.0,5000.0,6939500.0
746,2021-10-05 02:51:24,37800.0,1000.0,6934500.0
747,2021-10-05 02:51:19,37800.0,300.0,6933500.0
748,2021-10-05 02:51:19,37800.0,1000.0,6933200.0
749,2021-10-05 02:51:19,37800.0,500.0,6932200.0
750,2021-10-05 02:51:19,37800.0,200.0,6931700.0
751,2021-10-05 02:51:19,37800.0,600.0,6931500.0
752,2021-10-05 02:51:19,37800.0,600.0,6930900.0
753,2021-10-05 02:51:19,37800.0,800.0,6930300.0
754,2021-10-05 02:51:11,37800.0,4200.0,6929500.0
755,2021-10-05 02:51:11,37800.0,100.0,6925300.0
756,2021-10-05 02:51:11,37800.0,300.0,6925200.0
757,2021-10-05 02:51:11,37800.0,100.0,6924900.0
758,2021-10-05 02:51:11,37800.0,100.0,6924800.0
759,2021-10-05 02:51:11,37800.0,200.0,6924700.0
760,2021-10-05 02:51:06,38000.0,2300.0,6924500.0
761,2021-10-05 02:51:06,37950.0,500.0,6922200.0
762,2021-10-05 02:51:06,37950.0,1000.0,6921700.0
763,2021-10-05 02:51:06,37900.0,500.0,6920700.0
764,2021-10-05 02:51:06,37900.0,3000.0,6920200.0
765,2021-10-05 02:51:06,37900.0,500.0,6917200.0
766,2021-10-05 02:51:06,37900.0,200.0,6916700.0
767,2021-10-05 02:51:04,37800.0,200.0,6916500.0
768,2021-10-05 02:51:01,37800.0,600.0,6916300.0
769,2021-10-05 02:51:01,37800.0,200.0,6915700.0
770,2021-10-05 02:51:01,37800.0,100.0,6915500.0
771,2021-10-05 02:51:01,37800.0,2000.0,6915400.0
772,2021-10-05 02:51:01,37800.0,1000.0,6913400.0
773,2021-10-05 02:51:01,37800.0,100.0,6912400.0
774,2021-10-05 02:51:01,37800.0,200.0,6912300.0
775,2021-10-05 02:51:01,37800.0,200.0,6912100.0
776,2021-10-05 02:51:01,37800.0,300.0,6911900.0
777,2021-10-05 02:51:01,37800.0,100.0,6911600.0
778,2021-10-05 02:51:01,37800.0,100.0,6911500.0
779,2021-10-05 02:51:01,37800.0,100.0,6911400.0
780,2021-10-05 02:50:47,37800.0,300.0,6911300.0
781,2021-10-05 02:50:38,37900.0,100.0,6911000.0
782,2021-10-05 02:50:29,37800.0,100.0,6910900.0
783,2021-10-05 02:50:29,37800.0,100.0,6910800.0
784,2021-10-05 02:50:29,37800.0,5000.0,6910700.0
785,2021-10-05 02:50:29,37800.0,100.0,6905700.0
786,2021-10-05 02:50:29,37800.0,500.0,6905600.0
787,2021-10-05 02:50:29,37800.0,700.0,6905100.0
788,2021-10-05 02:50:29,37800.0,1300.0,6904400.0
789,2021-10-05 02:50:29,37800.0,200.0,6903100.0
790,2021-10-05 02:50:28,37900.0,100.0,6902900.0
791,2021-10-05 02:50:10,37800.0,1800.0,6902800.0
792,2021-10-05 02:50:10,37800.0,700.0,6901000.0
793,2021-10-05 02:49:47,37800.0,200.0,6900300.0
794,2021-10-05 02:49:28,37800.0,9100.0,6900100.0
795,2021-10-05 02:49:28,37800.0,1000.0,6891000.0
796,2021-10-05 02:49:28,37800.0,100.0,6890000.0
797,2021-10-05 02:49:28,37800.0,1000.0,6889900.0
798,2021-10-05 02:49:28,37800.0,500.0,6888900.0
799,2021-10-05 02:49:28,37800.0,100.0,6888400.0
800,2021-10-05 02:49:28,37800.0,8200.0,6888300.0
801,2021-10-05 02:49:25,37900.0,200.0,6880100.0
802,2021-10-05 02:49:15,37900.0,200.0,6879900.0
803,2021-10-05 02:49:06,37900.0,200.0,6879700.0
804,2021-10-05 02:49:06,37900.0,5000.0,6879500.0
805,2021-10-05 02:49:06,37900.0,200.0,6874500.0
806,2021-10-05 02:49:06,37900.0,200.0,6874300.0
807,2021-10-05 02:49:06,37900.0,500.0,6874100.0
808,2021-10-05 02:49:06,37900.0,700.0,6873600.0
809,2021-10-05 02:49:03,37900.0,200.0,6872900.0
810,2021-10-05 02:49:02,37900.0,100.0,6872700.0
811,2021-10-05 02:49:02,37900.0,900.0,6872600.0
812,2021-10-05 02:48:17,37900.0,100.0,6871700.0
813,2021-10-05 02:48:17,37900.0,500.0,6871600.0
814,2021-10-05 02:48:15,37900.0,500.0,6871100.0
815,2021-10-05 02:48:08,37900.0,100.0,6870600.0
816,2021-10-05 02:48:08,37900.0,1200.0,6870500.0
817,2021-10-05 02:48:08,37900.0,3900.0,6869300.0
818,2021-10-05 02:48:08,37900.0,4800.0,6865400.0
819,2021-10-05 02:47:41,37900.0,200.0,6860600.0
820,2021-10-05 02:47:06,37800.0,3500.0,6860400.0
821,2021-10-05 02:47:06,37850.0,1200.0,6856900.0
822,2021-10-05 02:47:06,37850.0,2900.0,6855700.0
823,2021-10-05 02:47:06,37850.0,5900.0,6852800.0
824,2021-10-05 02:47:06,37850.0,6500.0,6846900.0
825,2021-10-05 02:47:01,37900.0,2000.0,6840400.0
826,2021-10-05 02:46:55,37900.0,3000.0,6838400.0
827,2021-10-05 02:46:46,37900.0,300.0,6835400.0
828,2021-10-05 02:46:42,37900.0,200.0,6835100.0
829,2021-10-05 02:46:42,37900.0,100.0,6834900.0
830,2021-10-05 02:46:42,37900.0,1700.0,6834800.0
831,2021-10-05 02:46:33,37900.0,200.0,6833100.0
832,2021-10-05 02:46:24,37900.0,700.0,6832900.0
833,2021-10-05 02:46:21,37900.0,1000.0,6832200.0
834,2021-10-05 02:45:40,37900.0,100.0,6831200.0
835,2021-10-05 02:45:37,37900.0,500.0,6831100.0
836,2021-10-05 02:45:31,37900.0,6100.0,6830600.0
837,2021-10-05 02:45:14,37900.0,1000.0,6824500.0
838,2021-10-05 02:45:14,37900.0,200.0,6823500.0
839,2021-10-05 02:45:14,37900.0,10000.0,6823300.0
840,2021-10-05 02:45:14,37900.0,500.0,6813300.0
841,2021-10-05 02:45:14,37900.0,1000.0,6812800.0
842,2021-10-05 02:45:14,37900.0,500.0,6811800.0
843,2021-10-05 02:45:14,37900.0,2000.0,6811300.0
844,2021-10-05 02:45:09,37850.0,500.0,6809300.0
845,2021-10-05 02:45:09,37850.0,100.0,6808800.0
846,2021-10-05 02:45:09,37850.0,500.0,6808700.0
847,2021-10-05 02:45:09,37850.0,100.0,6808200.0
848,2021-10-05 02:45:09,37850.0,5000.0,6808100.0
849,2021-10-05 02:45:09,37850.0,200.0,6803100.0
850,2021-10-05 02:45:09,37850.0,3600.0,6802900.0
851,2021-10-05 02:45:01,37900.0,900.0,6799300.0
852,2021-10-05 02:45:00,37900.0,100.0,6798400.0
853,2021-10-05 02:44:54,37900.0,1000.0,6798300.0
854,2021-10-05 02:44:50,37900.0,200.0,6797300.0
855,2021-10-05 02:44:45,37900.0,200.0,6797100.0
856,2021-10-05 02:44:43,37900.0,300.0,6796900.0
857,2021-10-05 02:44:40,37900.0,500.0,6796600.0
858,2021-10-05 02:44:21,37900.0,200.0,6796100.0
859,2021-10-05 02:44:20,37900.0,500.0,6795900.0
860,2021-10-05 02:44:06,37900.0,1000.0,6795400.0
861,2021-10-05 02:44:04,37900.0,100.0,6794400.0
862,2021-10-05 02:44:03,37900.0,3500.0,6794300.0
863,2021-10-05 02:43:59,37850.0,1400.0,6790800.0
864,2021-10-05 02:43:59,37850.0,100.0,6789400.0
865,2021-10-05 02:43:59,37850.0,200.0,6789300.0
866,2021-10-05 02:43:59,37850.0,300.0,6789100.0
867,2021-10-05 02:43:55,37900.0,200.0,6788800.0
868,2021-10-05 02:43:50,37850.0,700.0,6788600.0
869,2021-10-05 02:43:50,37850.0,300.0,6787900.0
870,2021-10-05 02:43:44,37850.0,400.0,6787600.0
871,2021-10-05 02:43:13,37850.0,300.0,6787200.0
872,2021-10-05 02:43:03,37800.0,2300.0,6786900.0
873,2021-10-05 02:43:03,37800.0,500.0,6784600.0
874,2021-10-05 02:43:03,37800.0,300.0,6784100.0
875,2021-10-05 02:43:03,37800.0,500.0,6783800.0
876,2021-10-05 02:43:03,37800.0,1400.0,6783300.0
877,2021-10-05 02:43:03,37800.0,3600.0,6781900.0
878,2021-10-05 02:43:03,37800.0,1200.0,6778300.0
879,2021-10-05 02:43:03,37800.0,200.0,6777100.0
880,2021-10-05 02:42:54,37800.0,300.0,6776900.0
881,2021-10-05 02:42:48,37800.0,300.0,6776600.0
882,2021-10-05 02:42:46,37800.0,1000.0,6776300.0
883,2021-10-05 02:42:46,37800.0,500.0,6775300.0
884,2021-10-05 02:42:46,37800.0,2700.0,6774800.0
885,2021-10-05 02:42:44,37800.0,300.0,6772100.0
886,2021-10-05 02:42:44,37800.0,200.0,6771800.0
887,2021-10-05 02:42:38,37800.0,800.0,6771600.0
888,2021-10-05 02:42:38,37800.0,200.0,6770800.0
889,2021-10-05 02:42:38,37800.0,800.0,6770600.0
890,2021-10-05 02:42:36,37800.0,400.0,6769800.0
891,2021-10-05 02:42:36,37800.0,400.0,6769400.0
892,2021-10-05 02:42:34,37800.0,100.0,6769000.0
893,2021-10-05 02:42:34,37800.0,500.0,6768900.0
894,2021-10-05 02:42:34,37800.0,100.0,6768400.0
895,2021-10-05 02:42:30,37800.0,4900.0,6768300.0
896,2021-10-05 02:42:30,37800.0,100.0,6763400.0
897,2021-10-05 02:42:30,37800.0,15000.0,6763300.0
898,2021-10-05 02:42:28,37750.0,100.0,6748300.0
899,2021-10-05 02:42:21,37750.0,1000.0,6748200.0
900,2021-10-05 02:42:14,37800.0,300.0,6747200.0
901,2021-10-05 02:41:50,37750.0,2100.0,6746900.0
902,2021-10-05 02:41:50,37750.0,1900.0,6744800.0
903,2021-10-05 02:41:46,37750.0,300.0,6742900.0
904,2021-10-05 02:41:40,37800.0,9000.0,6742600.0
905,2021-10-05 02:41:38,37750.0,1500.0,6733600.0
906,2021-10-05 02:41:33,37750.0,500.0,6732100.0
907,2021-10-05 02:41:28,37750.0,800.0,6731600.0
908,2021-10-05 02:41:28,37750.0,1200.0,6730800.0
909,2021-10-05 02:41:25,37750.0,7000.0,6729600.0
910,2021-10-05 02:41:06,37750.0,500.0,6722600.0
911,2021-10-05 02:41:06,37800.0,200.0,6722100.0
912,2021-10-05 02:41:04,37750.0,300.0,6721900.0
913,2021-10-05 02:41:04,37750.0,100.0,6721600.0
914,2021-10-05 02:41:04,37750.0,1000.0,6721500.0
915,2021-10-05 02:41:04,37750.0,200.0,6720500.0
916,2021-10-05 02:41:04,37750.0,100.0,6720300.0
917,2021-10-05 02:41:04,37750.0,300.0,6720200.0
918,2021-10-05 02:40:47,37800.0,2000.0,6719900.0
919,2021-10-05 02:40:47,37800.0,500.0,6717900.0
920,2021-10-05 02:40:38,37800.0,200.0,6717400.0
921,2021-10-05 02:40:38,37800.0,300.0,6717200.0
922,2021-10-05 02:40:38,37800.0,100.0,6716900.0
923,2021-10-05 02:40:38,37800.0,2000.0,6716800.0
924,2021-10-05 02:40:38,37800.0,200.0,6714800.0
925,2021-10-05 02:40:38,37800.0,100.0,6714600.0
926,2021-10-05 02:40:38,37800.0,200.0,6714500.0
927,2021-10-05 02:40:38,37800.0,1000.0,6714300.0
928,2021-10-05 02:40:38,37800.0,500.0,6713300.0
929,2021-10-05 02:40:38,37800.0,500.0,6712800.0
930,2021-10-05 02:40:38,37800.0,5000.0,6712300.0
931,2021-10-05 02:40:38,37800.0,300.0,6707300.0
932,2021-10-05 02:40:38,37800.0,2000.0,6707000.0
933,2021-10-05 02:40:38,37800.0,1000.0,6705000.0
934,2021-10-05 02:40:38,37800.0,100.0,6704000.0
935,2021-10-05 02:40:38,37800.0,500.0,6703900.0
936,2021-10-05 02:40:38,37800.0,9000.0,6703400.0
937,2021-10-05 02:40:28,37850.0,500.0,6694400.0
938,2021-10-05 02:40:25,37800.0,1000.0,6693900.0
939,2021-10-05 02:40:10,37800.0,200.0,6692900.0
940,2021-10-05 02:40:03,37850.0,100.0,6692700.0
941,2021-10-05 02:40:02,37900.0,100.0,6692600.0
942,2021-10-05 02:40:02,37850.0,200.0,6692500.0
943,2021-10-05 02:40:02,37850.0,1000.0,6692300.0
944,2021-10-05 02:39:47,37900.0,5000.0,6691300.0
945,2021-10-05 02:39:45,37900.0,100.0,6686300.0
946,2021-10-05 02:39:45,37900.0,200.0,6686200.0
947,2021-10-05 02:39:42,37900.0,100.0,6686000.0
948,2021-10-05 02:39:42,37900.0,100.0,6685900.0
949,2021-10-05 02:39:42,37900.0,100.0,6685800.0
950,2021-10-05 02:39:42,37900.0,100.0,6685700.0
951,2021-10-05 02:39:42,37900.0,3500.0,6685600.0
952,2021-10-05 02:39:40,37900.0,500.0,6682100.0
953,2021-10-05 02:39:40,37900.0,200.0,6681600.0
954,2021-10-05 02:39:40,37900.0,400.0,6681400.0
955,2021-10-05 02:39:40,37900.0,100.0,6681000.0
956,2021-10-05 02:39:40,37900.0,100.0,6680900.0
957,2021-10-05 02:39:40,37900.0,100.0,6680800.0
958,2021-10-05 02:39:40,37900.0,1000.0,6680700.0
959,2021-10-05 02:39:40,37900.0,5000.0,6679700.0
960,2021-10-05 02:39:40,37900.0,100.0,6674700.0
961,2021-10-05 02:39:40,37900.0,500.0,6674600.0
962,2021-10-05 02:39:40,37900.0,2000.0,6674100.0
963,2021-10-05 02:39:40,37900.0,500.0,6672100.0
964,2021-10-05 02:39:40,37900.0,300.0,6671600.0
965,2021-10-05 02:39:40,37900.0,1000.0,6671300.0
966,2021-10-05 02:39:40,37900.0,500.0,6670300.0
967,2021-10-05 02:39:40,37900.0,200.0,6669800.0
968,2021-10-05 02:39:40,37900.0,2000.0,6669600.0
969,2021-10-05 02:39:39,37900.0,300.0,6667600.0
970,2021-10-05 02:39:37,37900.0,1500.0,6667300.0
971,2021-10-05 02:39:37,37900.0,4000.0,6665800.0
972,2021-10-05 02:39:12,37900.0,1000.0,6661800.0
973,2021-10-05 02:38:49,37900.0,9500.0,6660800.0
974,2021-10-05 02:38:42,37900.0,9000.0,6651300.0
975,2021-10-05 02:38:27,37900.0,400.0,6642300.0
976,2021-10-05 02:38:15,37900.0,700.0,6641900.0
977,2021-10-05 02:38:09,37900.0,1400.0,6641200.0
978,2021-10-05 02:38:08,37900.0,300.0,6639800.0
979,2021-10-05 02:38:05,37900.0,500.0,6639500.0
980,2021-10-05 02:38:00,37900.0,500.0,6639000.0
981,2021-10-05 02:37:58,37900.0,5000.0,6638500.0
982,2021-10-05 02:37:54,37900.0,3900.0,6633500.0
983,2021-10-05 02:37:54,37900.0,100.0,6629600.0
984,2021-10-05 02:37:54,37900.0,1000.0,6629500.0
985,2021-10-05 02:37:48,37900.0,1000.0,6628500.0
986,2021-10-05 02:37:47,37900.0,100.0,6627500.0
987,2021-10-05 02:37:36,37900.0,900.0,6627400.0
988,2021-10-05 02:37:36,37900.0,100.0,6626500.0
989,2021-10-05 02:37:29,37950.0,100.0,6626400.0
990,2021-10-05 02:37:26,37950.0,200.0,6626300.0
991,2021-10-05 02:37:26,37900.0,600.0,6626100.0
992,2021-10-05 02:37:26,37900.0,400.0,6625500.0
993,2021-10-05 02:37:20,37950.0,200.0,6625100.0
994,2021-10-05 02:37:20,37950.0,5000.0,6624900.0
995,2021-10-05 02:37:20,37950.0,500.0,6619900.0
996,2021-10-05 02:37:20,37950.0,300.0,6619400.0
997,2021-10-05 02:37:20,37950.0,500.0,6619100.0
998,2021-10-05 02:37:20,37950.0,500.0,6618600.0
999,2021-10-05 02:37:20,37950.0,100.0,6618100.0
1000,2021-10-05 02:37:20,37950.0,700.0,6618000.0
1001,2021-10-05 02:37:17,37950.0,300.0,6617300.0
1002,2021-10-05 02:37:17,37950.0,100.0,6617000.0
1003,2021-10-05 02:37:17,37950.0,100.0,6616900.0
1004,2021-10-05 02:37:12,37950.0,300.0,6616800.0
1005,2021-10-05 02:37:05,37950.0,200.0,6616500.0
1006,2021-10-05 02:37:05,37950.0,800.0,6616300.0
1007,2021-10-05 02:36:34,38000.0,200.0,6615500.0
1008,2021-10-05 02:36:26,38000.0,2000.0,6615300.0
1009,2021-10-05 02:36:10,38000.0,200.0,6613300.0
1010,2021-10-05 02:35:56,38000.0,1000.0,6613100.0
1011,2021-10-05 02:35:56,38000.0,100.0,6612100.0
1012,2021-10-05 02:35:56,38000.0,1100.0,6612000.0
1013,2021-10-05 02:35:47,38000.0,300.0,6610900.0
1014,2021-10-05 02:35:36,38000.0,3000.0,6610600.0
1015,2021-10-05 02:35:36,38000.0,600.0,6607600.0
1016,2021-10-05 02:35:30,38000.0,1000.0,6607000.0
1017,2021-10-05 02:35:21,38000.0,1000.0,6606000.0
1018,2021-10-05 02:35:15,38000.0,300.0,6605000.0
1019,2021-10-05 02:35:15,38000.0,1000.0,6604700.0
1020,2021-10-05 02:35:15,38000.0,700.0,6603700.0
1021,2021-10-05 02:35:05,38000.0,1300.0,6603000.0
1022,2021-10-05 02:34:45,38000.0,700.0,6601700.0
1023,2021-10-05 02:34:29,38000.0,200.0,6601000.0
1024,2021-10-05 02:34:29,38000.0,2800.0,6600800.0
1025,2021-10-05 02:34:29,38000.0,200.0,6598000.0
1026,2021-10-05 02:34:29,38000.0,500.0,6597800.0
1027,2021-10-05 02:34:29,38000.0,1000.0,6597300.0
1028,2021-10-05 02:34:29,38000.0,5000.0,6596300.0
1029,2021-10-05 02:34:29,38000.0,100.0,6591300.0
1030,2021-10-05 02:34:29,38000.0,200.0,6591200.0
1031,2021-10-05 02:34:29,38000.0,1000.0,6591000.0
1032,2021-10-05 02:34:29,38000.0,200.0,6590000.0
1033,2021-10-05 02:34:29,38000.0,5000.0,6589800.0
1034,2021-10-05 02:34:29,38000.0,100.0,6584800.0
1035,2021-10-05 02:34:29,38000.0,300.0,6584700.0
1036,2021-10-05 02:34:29,38000.0,200.0,6584400.0
1037,2021-10-05 02:34:29,38000.0,1000.0,6584200.0
1038,2021-10-05 02:34:29,38000.0,100.0,6583200.0
1039,2021-10-05 02:34:29,38000.0,300.0,6583100.0
1040,2021-10-05 02:34:29,38000.0,1000.0,6582800.0
1041,2021-10-05 02:34:29,38000.0,200.0,6581800.0
1042,2021-10-05 02:34:29,38000.0,200.0,6581600.0
1043,2021-10-05 02:34:29,38000.0,100.0,6581400.0
1044,2021-10-05 02:34:29,38000.0,100.0,6581300.0
1045,2021-10-05 02:34:29,38000.0,10000.0,6581200.0
1046,2021-10-05 02:34:29,38000.0,200.0,6571200.0
1047,2021-10-05 02:34:29,38000.0,1000.0,6571000.0
1048,2021-10-05 02:34:29,38000.0,500.0,6570000.0
1049,2021-10-05 02:34:29,38000.0,5000.0,6569500.0
1050,2021-10-05 02:34:29,38000.0,300.0,6564500.0
1051,2021-10-05 02:34:29,38000.0,500.0,6564200.0
1052,2021-10-05 02:34:29,38000.0,100.0,6563700.0
1053,2021-10-05 02:34:29,38000.0,300.0,6563600.0
1054,2021-10-05 02:34:29,38000.0,100.0,6563300.0
1055,2021-10-05 02:34:29,38000.0,100.0,6563200.0
1056,2021-10-05 02:34:29,38000.0,100.0,6563100.0
1057,2021-10-05 02:34:29,38050.0,500.0,6563000.0
1058,2021-10-05 02:34:29,38050.0,500.0,6562500.0
1059,2021-10-05 02:34:29,38050.0,300.0,6562000.0
1060,2021-10-05 02:34:21,38050.0,100.0,6561700.0
1061,2021-10-05 02:34:21,38050.0,200.0,6561600.0
1062,2021-10-05 02:34:21,38050.0,200.0,6561400.0
1063,2021-10-05 02:34:15,38050.0,100.0,6561200.0
1064,2021-10-05 02:33:57,38050.0,700.0,6561100.0
1065,2021-10-05 02:33:57,38050.0,200.0,6560400.0
1066,2021-10-05 02:33:57,38050.0,100.0,6560200.0
1067,2021-10-05 02:33:49,38100.0,300.0,6560100.0
1068,2021-10-05 02:33:32,38100.0,100.0,6559800.0
1069,2021-10-05 02:33:19,38100.0,200.0,6559700.0
1070,2021-10-05 02:33:16,38100.0,1000.0,6559500.0
1071,2021-10-05 02:32:53,38100.0,500.0,6558500.0
1072,2021-10-05 02:32:41,38100.0,100.0,6558000.0
1073,2021-10-05 02:32:05,38050.0,100.0,6557900.0
1074,2021-10-05 02:31:58,38100.0,100.0,6557800.0
1075,2021-10-05 02:31:41,38050.0,2000.0,6557700.0
1076,2021-10-05 02:31:21,38050.0,100.0,6555700.0
1077,2021-10-05 02:31:21,38050.0,100.0,6555600.0
1078,2021-10-05 02:31:21,38050.0,500.0,6555500.0
1079,2021-10-05 02:31:21,38050.0,500.0,6555000.0
1080,2021-10-05 02:31:21,38050.0,200.0,6554500.0
1081,2021-10-05 02:31:21,38050.0,300.0,6554300.0
1082,2021-10-05 02:31:21,38050.0,500.0,6554000.0
1083,2021-10-05 02:31:21,38050.0,200.0,6553500.0
1084,2021-10-05 02:31:21,38050.0,400.0,6553300.0
1085,2021-10-05 02:31:07,38050.0,200.0,6552900.0
1086,2021-10-05 02:31:07,38050.0,100.0,6552700.0
1087,2021-10-05 02:29:52,38050.0,4000.0,6552600.0
1088,2021-10-05 02:29:52,38050.0,1000.0,6548600.0
1089,2021-10-05 02:29:21,38050.0,10000.0,6547600.0
1090,2021-10-05 02:29:14,38200.0,500.0,6537600.0
1091,2021-10-05 02:29:14,38200.0,500.0,6537100.0
1092,2021-10-05 02:29:08,38050.0,2000.0,6536600.0
1093,2021-10-05 02:28:31,38000.0,500.0,6534600.0
1094,2021-10-05 02:28:14,38200.0,9500.0,6534100.0
1095,2021-10-05 02:28:14,38300.0,17900.0,6524600.0
1096,2021-10-05 02:28:14,38300.0,2100.0,6506700.0
1097,2021-10-05 02:28:01,38200.0,500.0,6504600.0
1098,2021-10-05 02:27:35,38000.0,5300.0,6504100.0
1099,2021-10-05 02:27:35,38000.0,1200.0,6498800.0
1100,2021-10-05 02:27:35,38000.0,3000.0,6497600.0
1101,2021-10-05 02:27:35,38000.0,100.0,6494600.0
1102,2021-10-05 02:27:35,38000.0,500.0,6494500.0
1103,2021-10-05 02:27:35,38000.0,1000.0,6494000.0
1104,2021-10-05 02:27:35,38000.0,200.0,6493000.0
1105,2021-10-05 02:27:35,38000.0,1000.0,6492800.0
1106,2021-10-05 02:27:35,38000.0,500.0,6491800.0
1107,2021-10-05 02:27:35,38000.0,500.0,6491300.0
1108,2021-10-05 02:27:35,38000.0,5000.0,6490800.0
1109,2021-10-05 02:27:35,38000.0,200.0,6485800.0
1110,2021-10-05 02:27:35,38000.0,400.0,6485600.0
1111,2021-10-05 02:27:35,38000.0,100.0,6485200.0
1112,2021-10-05 02:27:35,38000.0,100.0,6485100.0
1113,2021-10-05 02:27:35,38000.0,1500.0,6485000.0
1114,2021-10-05 02:27:35,38000.0,500.0,6483500.0
1115,2021-10-05 02:27:35,38000.0,200.0,6483000.0
1116,2021-10-05 02:27:35,38000.0,100.0,6482800.0
1117,2021-10-05 02:27:35,38000.0,100.0,6482700.0
1118,2021-10-05 02:27:35,38000.0,100.0,6482600.0
1119,2021-10-05 02:27:35,38000.0,200.0,6482500.0
1120,2021-10-05 02:27:35,38000.0,200.0,6482300.0
1121,2021-10-05 02:27:35,38000.0,200.0,6482100.0
1122,2021-10-05 02:27:35,38000.0,2000.0,6481900.0
1123,2021-10-05 02:27:35,38000.0,1500.0,6479900.0
1124,2021-10-05 02:27:35,38000.0,200.0,6478400.0
1125,2021-10-05 02:27:35,38000.0,1000.0,6478200.0
1126,2021-10-05 02:27:35,38000.0,100.0,6477200.0
1127,2021-10-05 02:27:35,38000.0,500.0,6477100.0
1128,2021-10-05 02:27:35,38000.0,900.0,6476600.0
1129,2021-10-05 02:27:35,38000.0,100.0,6475700.0
1130,2021-10-05 02:27:35,38000.0,100.0,6475600.0
1131,2021-10-05 02:27:35,38000.0,100.0,6475500.0
1132,2021-10-05 02:27:35,38000.0,400.0,6475400.0
1133,2021-10-05 02:27:35,38000.0,900.0,6475000.0
1134,2021-10-05 02:27:24,38000.0,800.0,6474100.0
1135,2021-10-05 02:27:24,38000.0,500.0,6473300.0
1136,2021-10-05 02:27:24,38000.0,200.0,6472800.0
1137,2021-10-05 02:27:24,38100.0,200.0,6472600.0
1138,2021-10-05 02:26:53,38000.0,300.0,6472400.0
1139,2021-10-05 02:26:53,38000.0,200.0,6472100.0
1140,2021-10-05 02:26:53,38000.0,100.0,6471900.0
1141,2021-10-05 02:26:53,38000.0,200.0,6471800.0
1142,2021-10-05 02:26:53,38000.0,500.0,6471600.0
1143,2021-10-05 02:26:53,38000.0,300.0,6471100.0
1144,2021-10-05 02:26:52,38000.0,200.0,6470800.0
1145,2021-10-05 02:26:52,38000.0,100.0,6470600.0
1146,2021-10-05 02:26:52,38000.0,1000.0,6470500.0
1147,2021-10-05 02:26:52,38000.0,5000.0,6469500.0
1148,2021-10-05 02:26:52,38000.0,300.0,6464500.0
1149,2021-10-05 02:26:52,38000.0,1000.0,6464200.0
1150,2021-10-05 02:26:52,38000.0,300.0,6463200.0
1151,2021-10-05 02:26:52,38000.0,400.0,6462900.0
1152,2021-10-05 02:26:52,38000.0,200.0,6462500.0
1153,2021-10-05 02:26:52,38000.0,200.0,6462300.0
1154,2021-10-05 02:26:52,38000.0,200.0,6462100.0
1155,2021-10-05 02:26:52,38000.0,200.0,6461900.0
1156,2021-10-05 02:26:52,38000.0,200.0,6461700.0
1157,2021-10-05 02:26:52,38000.0,100.0,6461500.0
1158,2021-10-05 02:26:52,38000.0,900.0,6461400.0
1159,2021-10-05 02:26:52,38050.0,100.0,6460500.0
1160,2021-10-05 02:26:52,38050.0,400.0,6460400.0
1161,2021-10-05 02:26:52,38050.0,100.0,6460000.0
1162,2021-10-05 02:26:52,38050.0,10000.0,6459900.0
1163,2021-10-05 02:26:52,38050.0,1000.0,6449900.0
1164,2021-10-05 02:26:52,38050.0,100.0,6448900.0
1165,2021-10-05 02:26:52,38050.0,5000.0,6448800.0
1166,2021-10-05 02:26:52,38050.0,500.0,6443800.0
1167,2021-10-05 02:26:52,38050.0,2900.0,6443300.0
1168,2021-10-05 02:26:52,38100.0,100.0,6440400.0
1169,2021-10-05 02:26:52,38100.0,200.0,6440300.0
1170,2021-10-05 02:26:52,38100.0,500.0,6440100.0
1171,2021-10-05 02:26:52,38100.0,500.0,6439600.0
1172,2021-10-05 02:26:52,38100.0,1000.0,6439100.0
1173,2021-10-05 02:26:52,38100.0,100.0,6438100.0
1174,2021-10-05 02:26:52,38100.0,1000.0,6438000.0
1175,2021-10-05 02:26:52,38100.0,1600.0,6437000.0
1176,2021-10-05 02:26:52,38100.0,3000.0,6435400.0
1177,2021-10-05 02:26:52,38100.0,100.0,6432400.0
1178,2021-10-05 02:26:52,38100.0,400.0,6432300.0
1179,2021-10-05 02:26:52,38100.0,600.0,6431900.0
1180,2021-10-05 02:26:52,38100.0,1000.0,6431300.0
1181,2021-10-05 02:26:52,38100.0,1000.0,6430300.0
1182,2021-10-05 02:26:52,38100.0,8500.0,6429300.0
1183,2021-10-05 02:26:41,38100.0,100.0,6420800.0
1184,2021-10-05 02:26:37,38400.0,300.0,6420700.0
1185,2021-10-05 02:26:29,38100.0,1400.0,6420400.0
1186,2021-10-05 02:26:29,38100.0,400.0,6419000.0
1187,2021-10-05 02:26:29,38100.0,1000.0,6418600.0
1188,2021-10-05 02:26:29,38100.0,900.0,6417600.0
1189,2021-10-05 02:26:29,38150.0,600.0,6416700.0
1190,2021-10-05 02:26:29,38150.0,300.0,6416100.0
1191,2021-10-05 02:26:29,38150.0,500.0,6415800.0
1192,2021-10-05 02:26:29,38150.0,100.0,6415300.0
1193,2021-10-05 02:26:29,38200.0,400.0,6415200.0
1194,2021-10-05 02:26:29,38200.0,100.0,6414800.0
1195,2021-10-05 02:26:29,38200.0,100.0,6414700.0
1196,2021-10-05 02:26:29,38200.0,5000.0,6414600.0
1197,2021-10-05 02:26:29,38200.0,200.0,6409600.0
1198,2021-10-05 02:26:29,38200.0,500.0,6409400.0
1199,2021-10-05 02:26:29,38200.0,300.0,6408900.0
1200,2021-10-05 02:26:29,38200.0,100.0,6408600.0
1201,2021-10-05 02:26:29,38200.0,5200.0,6408500.0
1202,2021-10-05 02:26:29,38250.0,1000.0,6403300.0
1203,2021-10-05 02:26:29,38250.0,500.0,6402300.0
1204,2021-10-05 02:26:29,38250.0,700.0,6401800.0
1205,2021-10-05 02:26:29,38250.0,500.0,6401100.0
1206,2021-10-05 02:26:29,38250.0,5000.0,6400600.0
1207,2021-10-05 02:26:29,38250.0,1800.0,6395600.0
1208,2021-10-05 02:26:29,38300.0,800.0,6393800.0
1209,2021-10-05 02:26:29,38300.0,300.0,6393000.0
1210,2021-10-05 02:26:29,38300.0,100.0,6392700.0
1211,2021-10-05 02:26:29,38400.0,100.0,6392600.0
1212,2021-10-05 02:26:29,38400.0,500.0,6392500.0
1213,2021-10-05 02:26:29,38400.0,500.0,6392000.0
1214,2021-10-05 02:26:29,38400.0,100.0,6391500.0
1215,2021-10-05 02:26:29,38400.0,800.0,6391400.0
1216,2021-10-05 02:26:29,38400.0,200.0,6390600.0
1217,2021-10-05 02:26:29,38400.0,2000.0,6390400.0
1218,2021-10-05 02:26:22,38400.0,1000.0,6388400.0
1219,2021-10-05 02:26:18,38400.0,2000.0,6387400.0
1220,2021-10-05 02:26:17,38400.0,500.0,6385400.0
1221,2021-10-05 02:26:16,38400.0,1000.0,6384900.0
1222,2021-10-05 02:26:15,38400.0,200.0,6383900.0
1223,2021-10-05 02:26:10,38400.0,100.0,6383700.0
1224,2021-10-05 02:26:01,38400.0,100.0,6383600.0
1225,2021-10-05 02:25:46,38450.0,100.0,6383500.0
1226,2021-10-05 02:25:46,38450.0,400.0,6383400.0
1227,2021-10-05 02:25:31,38450.0,300.0,6383000.0
1228,2021-10-05 02:25:31,38450.0,200.0,6382700.0
1229,2021-10-05 02:25:17,38450.0,500.0,6382500.0
1230,2021-10-05 02:25:12,38450.0,800.0,6382000.0
1231,2021-10-05 02:25:07,38450.0,500.0,6381200.0
1232,2021-10-05 02:25:07,38450.0,5000.0,6380700.0
1233,2021-10-05 02:25:07,38450.0,200.0,6375700.0
1234,2021-10-05 02:25:07,38450.0,200.0,6375500.0
1235,2021-10-05 02:25:07,38450.0,100.0,6375300.0
1236,2021-10-05 02:25:06,38450.0,100.0,6375200.0
1237,2021-10-05 02:25:06,38450.0,200.0,6375100.0
1238,2021-10-05 02:24:50,38400.0,100.0,6374900.0
1239,2021-10-05 02:24:44,38400.0,1000.0,6374800.0
1240,2021-10-05 02:24:35,38450.0,800.0,6373800.0
1241,2021-10-05 02:24:35,38450.0,200.0,6373000.0
1242,2021-10-05 02:24:33,38450.0,1300.0,6372800.0
1243,2021-10-05 02:24:33,38400.0,2000.0,6371500.0
1244,2021-10-05 02:24:31,38450.0,300.0,6369500.0
1245,2021-10-05 02:24:28,38400.0,500.0,6369200.0
1246,2021-10-05 02:24:25,38450.0,200.0,6368700.0
1247,2021-10-05 02:23:58,38400.0,200.0,6368500.0
1248,2021-10-05 02:23:58,38400.0,100.0,6368300.0
1249,2021-10-05 02:23:50,38400.0,300.0,6368200.0
1250,2021-10-05 02:23:48,38400.0,800.0,6367900.0
1251,2021-10-05 02:23:48,38400.0,100.0,6367100.0
1252,2021-10-05 02:23:48,38400.0,1000.0,6367000.0
1253,2021-10-05 02:23:48,38400.0,100.0,6366000.0
1254,2021-10-05 02:23:48,38400.0,100.0,6365900.0
1255,2021-10-05 02:23:48,38400.0,1500.0,6365800.0
1256,2021-10-05 02:23:48,38400.0,300.0,6364300.0
1257,2021-10-05 02:23:48,38400.0,500.0,6364000.0
1258,2021-10-05 02:23:48,38400.0,100.0,6363500.0
1259,2021-10-05 02:23:48,38400.0,400.0,6363400.0
1260,2021-10-05 02:23:48,38400.0,13800.0,6363000.0
1261,2021-10-05 02:23:35,38400.0,6200.0,6349200.0
1262,2021-10-05 02:23:35,38400.0,100.0,6343000.0
1263,2021-10-05 02:23:35,38400.0,1000.0,6342900.0
1264,2021-10-05 02:23:35,38400.0,1900.0,6341900.0
1265,2021-10-05 02:23:35,38400.0,300.0,6340000.0
1266,2021-10-05 02:23:35,38300.0,100.0,6339700.0
1267,2021-10-05 02:23:35,38300.0,400.0,6339600.0
1268,2021-10-05 02:23:26,38300.0,300.0,6339200.0
1269,2021-10-05 02:23:25,38300.0,1000.0,6338900.0
1270,2021-10-05 02:23:25,38300.0,200.0,6337900.0
1271,2021-10-05 02:23:25,38300.0,3100.0,6337700.0
1272,2021-10-05 02:23:23,38400.0,3000.0,6334600.0
1273,2021-10-05 02:23:10,38300.0,400.0,6331600.0
1274,2021-10-05 02:23:08,38400.0,20000.0,6331200.0
1275,2021-10-05 02:23:07,38400.0,18900.0,6311200.0
1276,2021-10-05 02:23:07,38350.0,100.0,6292300.0
1277,2021-10-05 02:22:41,38300.0,16500.0,6292200.0
1278,2021-10-05 02:22:41,38300.0,2000.0,6275700.0
1279,2021-10-05 02:22:36,38300.0,100.0,6273700.0
1280,2021-10-05 02:22:36,38300.0,500.0,6273600.0
1281,2021-10-05 02:22:34,38250.0,200.0,6273100.0
1282,2021-10-05 02:22:34,38250.0,300.0,6272900.0
1283,2021-10-05 02:22:23,38300.0,500.0,6272600.0
1284,2021-10-05 02:22:14,38300.0,100.0,6272100.0
1285,2021-10-05 02:22:14,38300.0,400.0,6272000.0
1286,2021-10-05 02:22:13,38300.0,100.0,6271600.0
1287,2021-10-05 02:22:13,38300.0,2900.0,6271500.0
1288,2021-10-05 02:21:57,38300.0,500.0,6268600.0
1289,2021-10-05 02:21:45,38300.0,1000.0,6268100.0
1290,2021-10-05 02:21:45,38300.0,100.0,6267100.0
1291,2021-10-05 02:21:45,38300.0,1000.0,6267000.0
1292,2021-10-05 02:21:45,38300.0,200.0,6266000.0
1293,2021-10-05 02:21:45,38300.0,3800.0,6265800.0
1294,2021-10-05 02:21:45,38300.0,500.0,6262000.0
1295,2021-10-05 02:21:37,38300.0,100.0,6261500.0
1296,2021-10-05 02:21:37,38300.0,100.0,6261400.0
1297,2021-10-05 02:21:27,38300.0,1900.0,6261300.0
1298,2021-10-05 02:21:27,38300.0,200.0,6259400.0
1299,2021-10-05 02:21:27,38300.0,3000.0,6259200.0
1300,2021-10-05 02:21:27,38300.0,200.0,6256200.0
1301,2021-10-05 02:21:27,38300.0,500.0,6256000.0
1302,2021-10-05 02:21:27,38300.0,1000.0,6255500.0
1303,2021-10-05 02:21:27,38300.0,100.0,6254500.0
1304,2021-10-05 02:21:27,38300.0,1600.0,6254400.0
1305,2021-10-05 02:21:27,38300.0,300.0,6252800.0
1306,2021-10-05 02:21:27,38300.0,500.0,6252500.0
1307,2021-10-05 02:21:27,38300.0,200.0,6252000.0
1308,2021-10-05 02:21:27,38300.0,500.0,6251800.0
1309,2021-10-05 02:21:10,38300.0,100.0,6251300.0
1310,2021-10-05 02:21:10,38300.0,100.0,6251200.0
1311,2021-10-05 02:21:10,38300.0,100.0,6251100.0
1312,2021-10-05 02:21:10,38300.0,200.0,6251000.0
1313,2021-10-05 02:21:03,38250.0,2700.0,6250800.0
1314,2021-10-05 02:20:54,38300.0,200.0,6248100.0
1315,2021-10-05 02:20:53,38250.0,1000.0,6247900.0
1316,2021-10-05 02:20:16,38300.0,400.0,6246900.0
1317,2021-10-05 02:20:08,38300.0,200.0,6246500.0
1318,2021-10-05 02:20:08,38250.0,100.0,6246300.0
1319,2021-10-05 02:20:08,38250.0,700.0,6246200.0
1320,2021-10-05 02:19:46,38200.0,1000.0,6245500.0
1321,2021-10-05 02:19:24,38200.0,1300.0,6244500.0
1322,2021-10-05 02:19:11,38250.0,200.0,6243200.0
1323,2021-10-05 02:19:11,38250.0,100.0,6243000.0
1324,2021-10-05 02:19:07,38200.0,1000.0,6242900.0
1325,2021-10-05 02:19:01,38200.0,500.0,6241900.0
1326,2021-10-05 02:18:54,38200.0,2100.0,6241400.0
1327,2021-10-05 02:18:43,38200.0,200.0,6239300.0
1328,2021-10-05 02:18:09,38200.0,2000.0,6239100.0
1329,2021-10-05 02:17:58,38200.0,2000.0,6237100.0
1330,2021-10-05 02:17:31,38200.0,100.0,6235100.0
1331,2021-10-05 02:17:30,38200.0,200.0,6235000.0
1332,2021-10-05 02:17:30,38200.0,4000.0,6234800.0
1333,2021-10-05 02:17:30,38200.0,200.0,6230800.0
1334,2021-10-05 02:17:30,38200.0,200.0,6230600.0
1335,2021-10-05 02:17:24,38200.0,1000.0,6230400.0
1336,2021-10-05 02:17:15,38200.0,500.0,6229400.0
1337,2021-10-05 02:17:06,38200.0,4700.0,6228900.0
1338,2021-10-05 02:17:06,38200.0,5000.0,6224200.0
1339,2021-10-05 02:17:06,38200.0,2100.0,6219200.0
1340,2021-10-05 02:17:06,38150.0,8200.0,6217100.0
1341,2021-10-05 02:16:51,38150.0,300.0,6208900.0
1342,2021-10-05 02:16:51,38150.0,1100.0,6208600.0
1343,2021-10-05 02:16:51,38200.0,2700.0,6207500.0
1344,2021-10-05 02:16:41,38200.0,300.0,6204800.0
1345,2021-10-05 02:16:41,38200.0,2200.0,6204500.0
1346,2021-10-05 02:16:27,38200.0,2000.0,6202300.0
1347,2021-10-05 02:16:11,38200.0,1800.0,6200300.0
1348,2021-10-05 02:16:11,38200.0,200.0,6198500.0
1349,2021-10-05 02:16:11,38200.0,800.0,6198300.0
1350,2021-10-05 02:16:11,38150.0,200.0,6197500.0
1351,2021-10-05 02:16:00,38150.0,1000.0,6197300.0
1352,2021-10-05 02:16:00,38150.0,500.0,6196300.0
1353,2021-10-05 02:16:00,38150.0,200.0,6195800.0
1354,2021-10-05 02:16:00,38150.0,100.0,6195600.0
1355,2021-10-05 02:15:59,38200.0,1000.0,6195500.0
1356,2021-10-05 02:15:28,38200.0,200.0,6194500.0
1357,2021-10-05 02:15:28,38200.0,100.0,6194300.0
1358,2021-10-05 02:15:24,38200.0,100.0,6194200.0
1359,2021-10-05 02:15:17,38200.0,300.0,6194100.0
1360,2021-10-05 02:15:17,38200.0,200.0,6193800.0
1361,2021-10-05 02:15:17,38200.0,2000.0,6193600.0
1362,2021-10-05 02:15:17,38200.0,500.0,6191600.0
1363,2021-10-05 02:14:08,38100.0,100.0,6191100.0
1364,2021-10-05 02:13:59,38200.0,19500.0,6191000.0
1365,2021-10-05 02:13:59,38200.0,100.0,6171500.0
1366,2021-10-05 02:13:59,38150.0,400.0,6171400.0
1367,2021-10-05 02:13:55,38100.0,900.0,6171000.0
1368,2021-10-05 02:13:55,38100.0,100.0,6170100.0
1369,2021-10-05 02:13:55,38100.0,600.0,6170000.0
1370,2021-10-05 02:13:55,38100.0,200.0,6169400.0
1371,2021-10-05 02:13:55,38100.0,3200.0,6169200.0
1372,2021-10-05 02:13:50,38100.0,100.0,6166000.0
1373,2021-10-05 02:12:50,38100.0,15900.0,6165900.0
1374,2021-10-05 02:12:50,38200.0,20000.0,6150000.0
1375,2021-10-05 02:12:43,38200.0,4000.0,6130000.0
1376,2021-10-05 02:12:39,38150.0,1000.0,6126000.0
1377,2021-10-05 02:12:28,38100.0,400.0,6125000.0
1378,2021-10-05 02:11:38,38100.0,100.0,6124600.0
1379,2021-10-05 02:11:32,38100.0,200.0,6124500.0
1380,2021-10-05 02:10:54,38100.0,100.0,6124300.0
1381,2021-10-05 02:10:54,38100.0,600.0,6124200.0
1382,2021-10-05 02:10:40,38100.0,300.0,6123600.0
1383,2021-10-05 02:10:36,38050.0,2100.0,6123300.0
1384,2021-10-05 02:10:36,38050.0,1000.0,6121200.0
1385,2021-10-05 02:10:36,38050.0,1900.0,6120200.0
1386,2021-10-05 02:10:36,38050.0,200.0,6118300.0
1387,2021-10-05 02:10:36,38100.0,100.0,6118100.0
1388,2021-10-05 02:10:36,38100.0,2700.0,6118000.0
1389,2021-10-05 02:10:36,38100.0,1000.0,6115300.0
1390,2021-10-05 02:10:36,38100.0,10000.0,6114300.0
1391,2021-10-05 02:10:36,38100.0,1000.0,6104300.0
1392,2021-10-05 02:10:19,38100.0,8600.0,6103300.0
1393,2021-10-05 02:10:19,38100.0,1400.0,6094700.0
1394,2021-10-05 02:09:52,38100.0,500.0,6093300.0
1395,2021-10-05 02:09:51,38100.0,2000.0,6092800.0
1396,2021-10-05 02:09:42,38150.0,200.0,6090800.0
1397,2021-10-05 02:09:42,38150.0,100.0,6090600.0
1398,2021-10-05 02:09:42,38150.0,500.0,6090500.0
1399,2021-10-05 02:09:42,38150.0,2600.0,6090000.0
1400,2021-10-05 02:09:37,38150.0,200.0,6087400.0
1401,2021-10-05 02:09:35,38150.0,3000.0,6087200.0
1402,2021-10-05 02:09:28,38150.0,2100.0,6084200.0
1403,2021-10-05 02:09:21,38150.0,200.0,6082100.0
1404,2021-10-05 02:09:20,38150.0,4700.0,6081900.0
1405,2021-10-05 02:09:19,38100.0,6100.0,6077200.0
1406,2021-10-05 02:09:19,38100.0,3900.0,6071100.0
1407,2021-10-05 02:09:10,38150.0,2000.0,6067200.0
1408,2021-10-05 02:09:06,38150.0,3800.0,6065200.0
1409,2021-10-05 02:08:56,38150.0,1400.0,6061400.0
1410,2021-10-05 02:08:12,38100.0,600.0,6060000.0
1411,2021-10-05 02:08:09,38100.0,500.0,6059400.0
1412,2021-10-05 02:07:45,38100.0,100.0,6058900.0
1413,2021-10-05 02:07:36,38100.0,5400.0,6058800.0
1414,2021-10-05 02:07:30,38100.0,500.0,6053400.0
1415,2021-10-05 02:07:27,38100.0,200.0,6052900.0
1416,2021-10-05 02:07:27,38100.0,500.0,6052700.0
1417,2021-10-05 02:07:27,38100.0,100.0,6052200.0
1418,2021-10-05 02:07:27,38100.0,5000.0,6052100.0
1419,2021-10-05 02:07:27,38100.0,400.0,6047100.0
1420,2021-10-05 02:07:27,38100.0,1000.0,6046700.0
1421,2021-10-05 02:07:27,38100.0,500.0,6045700.0
1422,2021-10-05 02:07:27,38100.0,1000.0,6045200.0
1423,2021-10-05 02:07:27,38100.0,100.0,6044200.0
1424,2021-10-05 02:07:27,38100.0,2800.0,6044100.0
1425,2021-10-05 02:07:25,38150.0,500.0,6041300.0
1426,2021-10-05 02:07:13,38100.0,1500.0,6040800.0
1427,2021-10-05 02:06:35,38100.0,1500.0,6039300.0
1428,2021-10-05 02:06:01,38100.0,100.0,6037800.0
1429,2021-10-05 02:05:59,38100.0,4100.0,6037700.0
1430,2021-10-05 02:05:59,38100.0,500.0,6033600.0
1431,2021-10-05 02:05:59,38100.0,200.0,6033100.0
1432,2021-10-05 02:05:59,38100.0,1500.0,6032900.0
1433,2021-10-05 02:05:59,38100.0,500.0,6031400.0
1434,2021-10-05 02:05:59,38100.0,100.0,6030900.0
1435,2021-10-05 02:05:59,38100.0,400.0,6030800.0
1436,2021-10-05 02:05:59,38150.0,20000.0,6030400.0
1437,2021-10-05 02:05:59,38150.0,300.0,6010400.0
1438,2021-10-05 02:05:59,38150.0,100.0,6010100.0
1439,2021-10-05 02:05:59,38150.0,2300.0,6010000.0
1440,2021-10-05 02:05:42,38150.0,2700.0,6007700.0
1441,2021-10-05 02:05:42,38150.0,2000.0,6005000.0
1442,2021-10-05 02:05:04,38150.0,3000.0,6003000.0
1443,2021-10-05 02:03:59,38100.0,300.0,6000000.0
1444,2021-10-05 02:03:46,38100.0,500.0,5999700.0
1445,2021-10-05 02:03:42,38100.0,500.0,5999200.0
1446,2021-10-05 02:02:51,38100.0,1300.0,5998700.0
1447,2021-10-05 02:02:51,38100.0,100.0,5997400.0
1448,2021-10-05 02:02:51,38100.0,500.0,5997300.0
1449,2021-10-05 02:02:51,38100.0,200.0,5996800.0
1450,2021-10-05 02:02:51,38100.0,100.0,5996600.0
1451,2021-10-05 02:02:51,38100.0,700.0,5996500.0
1452,2021-10-05 02:02:51,38150.0,1600.0,5995800.0
1453,2021-10-05 02:02:51,38150.0,500.0,5994200.0
1454,2021-10-05 02:01:54,38200.0,100.0,5993700.0
1455,2021-10-05 02:01:37,38200.0,1100.0,5993600.0
1456,2021-10-05 02:01:30,38200.0,2000.0,5992500.0
1457,2021-10-05 02:01:24,38200.0,100.0,5990500.0
1458,2021-10-05 02:01:23,38200.0,300.0,5990400.0
1459,2021-10-05 02:01:16,38200.0,100.0,5990100.0
1460,2021-10-05 02:01:15,38200.0,400.0,5990000.0
1461,2021-10-05 02:01:07,38200.0,300.0,5989600.0
1462,2021-10-05 02:00:47,38200.0,400.0,5989300.0
1463,2021-10-05 02:00:41,38200.0,100.0,5988900.0
1464,2021-10-05 02:00:26,38100.0,200.0,5988800.0
1465,2021-10-05 02:00:26,38200.0,1700.0,5988600.0
1466,2021-10-05 02:00:25,38200.0,200.0,5986900.0
1467,2021-10-05 02:00:25,38200.0,1000.0,5986700.0
1468,2021-10-05 02:00:25,38200.0,100.0,5985700.0
1469,2021-10-05 02:00:23,38100.0,100.0,5985600.0
1470,2021-10-05 02:00:20,38100.0,3000.0,5985500.0
1471,2021-10-05 02:00:20,38100.0,200.0,5982500.0
1472,2021-10-05 02:00:20,38100.0,500.0,5982300.0
1473,2021-10-05 02:00:20,38100.0,5900.0,5981800.0
1474,2021-10-05 02:00:20,38100.0,2900.0,5975900.0
1475,2021-10-05 02:00:20,38100.0,1200.0,5973000.0
1476,2021-10-05 02:00:20,38100.0,300.0,5971800.0
1477,2021-10-05 02:00:20,38150.0,12000.0,5971500.0
1478,2021-10-05 02:00:16,38100.0,500.0,5959500.0
1479,2021-10-05 02:00:16,38100.0,400.0,5959000.0
1480,2021-10-05 02:00:16,38100.0,1700.0,5958600.0
1481,2021-10-05 02:00:16,38100.0,300.0,5956900.0
1482,2021-10-05 02:00:16,38100.0,100.0,5956600.0
1483,2021-10-05 02:00:16,38100.0,1500.0,5956500.0
1484,2021-10-05 02:00:16,38150.0,1000.0,5955000.0
1485,2021-10-05 02:00:16,38200.0,100.0,5954000.0
1486,2021-10-05 02:00:15,38200.0,1100.0,5953900.0
1487,2021-10-05 02:00:15,38200.0,100.0,5952800.0
1488,2021-10-05 02:00:13,38200.0,300.0,5952700.0
1489,2021-10-05 02:00:12,38200.0,100.0,5952400.0
1490,2021-10-05 02:00:09,38200.0,100.0,5952300.0
1491,2021-10-05 02:00:09,38200.0,100.0,5952200.0
1492,2021-10-05 02:00:08,38200.0,200.0,5952100.0
1493,2021-10-05 02:00:06,38200.0,500.0,5951900.0
1494,2021-10-05 02:00:05,38400.0,24700.0,5951400.0
1495,2021-10-05 02:00:05,38400.0,200.0,5926700.0
1496,2021-10-05 02:00:05,38350.0,1000.0,5926500.0
1497,2021-10-05 02:00:05,38350.0,200.0,5925500.0
1498,2021-10-05 02:00:05,38350.0,12500.0,5925300.0
1499,2021-10-05 02:00:05,38300.0,2000.0,5912800.0
1500,2021-10-05 02:00:05,38300.0,2000.0,5910800.0
1501,2021-10-05 02:00:05,38300.0,100.0,5908800.0
1502,2021-10-05 02:00:05,38300.0,100.0,5908700.0
1503,2021-10-05 02:00:05,38300.0,100.0,5908600.0
1504,2021-10-05 02:00:05,38250.0,300.0,5908500.0
1505,2021-10-05 02:00:05,38250.0,2800.0,5908200.0
1506,2021-10-05 02:00:04,38200.0,300.0,5905400.0
1507,2021-10-05 02:00:04,38200.0,100.0,5905100.0
1508,2021-10-05 02:00:02,38200.0,400.0,5905000.0
1509,2021-10-05 02:00:02,38150.0,2000.0,5904600.0
1510,2021-10-05 02:00:02,38150.0,600.0,5902600.0
1511,2021-10-05 02:00:02,38150.0,100.0,5902000.0
1512,2021-10-05 02:00:01,38150.0,2300.0,5901900.0
1513,2021-10-05 02:00:01,38150.0,2700.0,5899600.0
1514,2021-10-05 02:00:01,38150.0,3000.0,5896900.0
1515,2021-10-05 02:00:01,38100.0,200.0,5893900.0
1516,2021-10-05 00:29:56,38100.0,1000.0,5893700.0
1517,2021-10-05 00:29:56,38100.0,200.0,5892700.0
1518,2021-10-05 00:29:56,38100.0,800.0,5892500.0
1519,2021-10-05 00:29:40,38150.0,100.0,5891700.0
1520,2021-10-05 00:29:40,38150.0,100.0,5891600.0
1521,2021-10-05 00:29:40,38150.0,2900.0,5891500.0
1522,2021-10-05 00:29:40,38150.0,100.0,5888600.0
1523,2021-10-05 00:29:40,38150.0,100.0,5888500.0
1524,2021-10-05 00:29:40,38150.0,100.0,5888400.0
1525,2021-10-05 00:29:40,38150.0,100.0,5888300.0
1526,2021-10-05 00:29:40,38150.0,100.0,5888200.0
1527,2021-10-05 00:29:40,38150.0,100.0,5888100.0
1528,2021-10-05 00:29:40,38150.0,200.0,5888000.0
1529,2021-10-05 00:29:40,38150.0,3000.0,5887800.0
1530,2021-10-05 00:29:40,38150.0,400.0,5884800.0
1531,2021-10-05 00:29:40,38150.0,14000.0,5884400.0
1532,2021-10-05 00:28:59,38150.0,4000.0,5870400.0
1533,2021-10-05 00:28:59,38150.0,1000.0,5866400.0
1534,2021-10-05 00:28:56,38200.0,3000.0,5865400.0
1535,2021-10-05 00:28:47,38200.0,500.0,5862400.0
1536,2021-10-05 00:28:44,38150.0,7000.0,5861900.0
1537,2021-10-05 00:28:32,38200.0,1000.0,5854900.0
1538,2021-10-05 00:28:17,38200.0,15200.0,5853900.0
1539,2021-10-05 00:28:16,38200.0,700.0,5838700.0
1540,2021-10-05 00:28:13,38200.0,300.0,5838000.0
1541,2021-10-05 00:28:08,38200.0,1500.0,5837700.0
1542,2021-10-05 00:28:08,38200.0,400.0,5836200.0
1543,2021-10-05 00:28:08,38200.0,10000.0,5835800.0
1544,2021-10-05 00:28:08,38200.0,500.0,5825800.0
1545,2021-10-05 00:28:08,38200.0,500.0,5825300.0
1546,2021-10-05 00:28:08,38200.0,500.0,5824800.0
1547,2021-10-05 00:28:08,38200.0,100.0,5824300.0
1548,2021-10-05 00:28:08,38200.0,900.0,5824200.0
1549,2021-10-05 00:28:08,38200.0,1500.0,5823300.0
1550,2021-10-05 00:28:08,38200.0,100.0,5821800.0
1551,2021-10-05 00:28:08,38200.0,200.0,5821700.0
1552,2021-10-05 00:28:08,38200.0,1700.0,5821500.0
1553,2021-10-05 00:28:08,38200.0,100.0,5819800.0
1554,2021-10-05 00:28:08,38200.0,1000.0,5819700.0
1555,2021-10-05 00:28:08,38200.0,200.0,5818700.0
1556,2021-10-05 00:27:55,38200.0,200.0,5818500.0
1557,2021-10-05 00:27:30,38250.0,100.0,5818300.0
1558,2021-10-05 00:27:30,38250.0,2000.0,5818200.0
1559,2021-10-05 00:27:30,38250.0,200.0,5816200.0
1560,2021-10-05 00:27:30,38250.0,18200.0,5816000.0
1561,2021-10-05 00:27:06,38250.0,100.0,5797800.0
1562,2021-10-05 00:26:49,38250.0,100.0,5797700.0
1563,2021-10-05 00:25:32,38300.0,100.0,5797600.0
1564,2021-10-05 00:25:11,38250.0,600.0,5797500.0
1565,2021-10-05 00:25:11,38300.0,400.0,5796900.0
1566,2021-10-05 00:24:55,38300.0,4500.0,5796500.0
1567,2021-10-05 00:24:36,38300.0,1500.0,5792000.0
1568,2021-10-05 00:24:35,38300.0,300.0,5790500.0
1569,2021-10-05 00:24:15,38300.0,500.0,5790200.0
1570,2021-10-05 00:24:14,38300.0,500.0,5789700.0
1571,2021-10-05 00:24:13,38300.0,1200.0,5789200.0
1572,2021-10-05 00:24:13,38300.0,300.0,5788000.0
1573,2021-10-05 00:23:56,38300.0,100.0,5787700.0
1574,2021-10-05 00:23:51,38300.0,800.0,5787600.0
1575,2021-10-05 00:23:51,38300.0,200.0,5786800.0
1576,2021-10-05 00:23:27,38300.0,100.0,5786600.0
1577,2021-10-05 00:23:27,38300.0,500.0,5786500.0
1578,2021-10-05 00:22:54,38250.0,400.0,5786000.0
1579,2021-10-05 00:22:32,38300.0,12400.0,5785600.0
1580,2021-10-05 00:22:23,38300.0,1000.0,5773200.0
1581,2021-10-05 00:22:23,38300.0,500.0,5772200.0
1582,2021-10-05 00:22:14,38300.0,500.0,5771700.0
1583,2021-10-05 00:21:32,38350.0,100.0,5771200.0
1584,2021-10-05 00:21:11,38400.0,300.0,5771100.0
1585,2021-10-05 00:21:11,38400.0,100.0,5770800.0
1586,2021-10-05 00:21:11,38400.0,500.0,5770700.0
1587,2021-10-05 00:21:11,38400.0,300.0,5770200.0
1588,2021-10-05 00:21:11,38400.0,3800.0,5769900.0
1589,2021-10-05 00:21:05,38400.0,1500.0,5766100.0
1590,2021-10-05 00:21:05,38400.0,200.0,5764600.0
1591,2021-10-05 00:21:05,38400.0,1900.0,5764400.0
1592,2021-10-05 00:21:05,38400.0,200.0,5762500.0
1593,2021-10-05 00:21:05,38400.0,500.0,5762300.0
1594,2021-10-05 00:21:05,38400.0,100.0,5761800.0
1595,2021-10-05 00:21:05,38400.0,100.0,5761700.0
1596,2021-10-05 00:21:05,38400.0,500.0,5761600.0
1597,2021-10-05 00:21:01,38350.0,400.0,5761100.0
1598,2021-10-05 00:21:01,38350.0,16400.0,5760700.0
1599,2021-10-05 00:20:50,38300.0,2000.0,5744300.0
1600,2021-10-05 00:20:50,38300.0,4000.0,5742300.0
1601,2021-10-05 00:20:35,38250.0,200.0,5738300.0
1602,2021-10-05 00:20:35,38250.0,500.0,5738100.0
1603,2021-10-05 00:20:35,38250.0,9900.0,5737600.0
1604,2021-10-05 00:20:30,38250.0,3800.0,5727700.0
1605,2021-10-05 00:20:19,38250.0,600.0,5723900.0
1606,2021-10-05 00:20:16,38250.0,1000.0,5723300.0
1607,2021-10-05 00:20:11,38250.0,7000.0,5722300.0
1608,2021-10-05 00:19:59,38200.0,1600.0,5715300.0
1609,2021-10-05 00:19:59,38200.0,100.0,5713700.0
1610,2021-10-05 00:19:59,38200.0,300.0,5713600.0
1611,2021-10-05 00:19:40,38200.0,1000.0,5713300.0
1612,2021-10-05 00:19:37,38200.0,300.0,5712300.0
1613,2021-10-05 00:19:35,38250.0,1000.0,5712000.0
1614,2021-10-05 00:19:34,38200.0,600.0,5711000.0
1615,2021-10-05 00:19:34,38200.0,100.0,5710400.0
1616,2021-10-05 00:19:34,38200.0,100.0,5710300.0
1617,2021-10-05 00:18:52,38200.0,300.0,5710200.0
1618,2021-10-05 00:18:39,38200.0,200.0,5709900.0
1619,2021-10-05 00:18:31,38200.0,1400.0,5709700.0
1620,2021-10-05 00:18:31,38200.0,400.0,5708300.0
1621,2021-10-05 00:18:31,38200.0,200.0,5707900.0
1622,2021-10-05 00:18:28,38200.0,100.0,5707700.0
1623,2021-10-05 00:18:16,38250.0,2700.0,5707600.0
1624,2021-10-05 00:18:04,38200.0,200.0,5704900.0
1625,2021-10-05 00:17:49,38250.0,5400.0,5704700.0
1626,2021-10-05 00:17:29,38200.0,700.0,5699300.0
1627,2021-10-05 00:17:26,38200.0,800.0,5698600.0
1628,2021-10-05 00:17:26,38200.0,1500.0,5697800.0
1629,2021-10-05 00:17:13,38200.0,1100.0,5696300.0
1630,2021-10-05 00:17:13,38200.0,2000.0,5695200.0
1631,2021-10-05 00:17:13,38200.0,100.0,5693200.0
1632,2021-10-05 00:17:13,38200.0,1800.0,5693100.0
1633,2021-10-05 00:17:09,38200.0,1000.0,5691300.0
1634,2021-10-05 00:17:02,38200.0,1000.0,5690300.0
1635,2021-10-05 00:16:35,38200.0,100.0,5689300.0
1636,2021-10-05 00:16:13,38200.0,900.0,5689200.0
1637,2021-10-05 00:16:04,38200.0,100.0,5688300.0
1638,2021-10-05 00:15:59,38200.0,100.0,5688200.0
1639,2021-10-05 00:15:58,38200.0,400.0,5688100.0
1640,2021-10-05 00:15:56,38200.0,100.0,5687700.0
1641,2021-10-05 00:15:50,38200.0,100.0,5687600.0
1642,2021-10-05 00:15:50,38200.0,100.0,5687500.0
1643,2021-10-05 00:15:39,38200.0,800.0,5687400.0
1644,2021-10-05 00:15:34,38150.0,100.0,5686600.0
1645,2021-10-05 00:15:21,38150.0,100.0,5686500.0
1646,2021-10-05 00:15:10,38150.0,100.0,5686400.0
1647,2021-10-05 00:15:00,38200.0,600.0,5686300.0
1648,2021-10-05 00:15:00,38200.0,400.0,5685700.0
1649,2021-10-05 00:14:42,38200.0,200.0,5685300.0
1650,2021-10-05 00:14:42,38200.0,100.0,5685100.0
1651,2021-10-05 00:14:42,38200.0,200.0,5685000.0
1652,2021-10-05 00:14:42,38200.0,5000.0,5684800.0
1653,2021-10-05 00:14:42,38200.0,2000.0,5679800.0
1654,2021-10-05 00:14:42,38200.0,2100.0,5677800.0
1655,2021-10-05 00:14:29,38200.0,2900.0,5675700.0
1656,2021-10-05 00:14:29,38200.0,1400.0,5672800.0
1657,2021-10-05 00:14:29,38200.0,500.0,5671400.0
1658,2021-10-05 00:14:29,38200.0,500.0,5670900.0
1659,2021-10-05 00:14:29,38200.0,100.0,5670400.0
1660,2021-10-05 00:14:29,38200.0,100.0,5670300.0
1661,2021-10-05 00:14:29,38200.0,100.0,5670200.0
1662,2021-10-05 00:14:29,38200.0,300.0,5670100.0
1663,2021-10-05 00:14:29,38200.0,5000.0,5669800.0
1664,2021-10-05 00:14:29,38200.0,200.0,5664800.0
1665,2021-10-05 00:14:29,38200.0,200.0,5664600.0
1666,2021-10-05 00:14:29,38200.0,200.0,5664400.0
1667,2021-10-05 00:14:29,38200.0,8500.0,5664200.0
1668,2021-10-05 00:14:25,38200.0,500.0,5655700.0
1669,2021-10-05 00:14:06,38200.0,100.0,5655200.0
1670,2021-10-05 00:13:47,38200.0,900.0,5655100.0
1671,2021-10-05 00:13:47,38200.0,100.0,5654200.0
1672,2021-10-05 00:13:21,38250.0,100.0,5654100.0
1673,2021-10-05 00:13:14,38250.0,5100.0,5654000.0
1674,2021-10-05 00:13:14,38250.0,300.0,5648900.0
1675,2021-10-05 00:13:14,38250.0,13200.0,5648600.0
1676,2021-10-05 00:13:08,38300.0,500.0,5635400.0
1677,2021-10-05 00:13:01,38300.0,400.0,5634900.0
1678,2021-10-05 00:13:01,38300.0,100.0,5634500.0
1679,2021-10-05 00:12:35,38300.0,4900.0,5634400.0
1680,2021-10-05 00:12:35,38300.0,100.0,5629500.0
1681,2021-10-05 00:12:35,38300.0,1200.0,5629400.0
1682,2021-10-05 00:12:35,38300.0,3000.0,5628200.0
1683,2021-10-05 00:12:35,38300.0,700.0,5625200.0
1684,2021-10-05 00:12:18,38250.0,16800.0,5624500.0
1685,2021-10-05 00:12:04,38250.0,2000.0,5607700.0
1686,2021-10-05 00:12:04,38250.0,13200.0,5605700.0
1687,2021-10-05 00:12:04,38250.0,1000.0,5592500.0
1688,2021-10-05 00:12:04,38250.0,1000.0,5591500.0
1689,2021-10-05 00:12:04,38250.0,5000.0,5590500.0
1690,2021-10-05 00:12:04,38250.0,1000.0,5585500.0
1691,2021-10-05 00:12:04,38250.0,10000.0,5584500.0
1692,2021-10-05 00:12:02,38300.0,5300.0,5574500.0
1693,2021-10-05 00:11:59,38300.0,3500.0,5569200.0
1694,2021-10-05 00:11:52,38300.0,4500.0,5565700.0
1695,2021-10-05 00:11:44,38300.0,9900.0,5561200.0
1696,2021-10-05 00:11:43,38300.0,2100.0,5551300.0
1697,2021-10-05 00:11:37,38300.0,1400.0,5549200.0
1698,2021-10-05 00:11:27,38300.0,200.0,5547800.0
1699,2021-10-05 00:11:27,38300.0,5000.0,5547600.0
1700,2021-10-05 00:11:27,38300.0,200.0,5542600.0
1701,2021-10-05 00:11:27,38300.0,2000.0,5542400.0
1702,2021-10-05 00:11:27,38300.0,1700.0,5540400.0
1703,2021-10-05 00:11:27,38300.0,8300.0,5538700.0
1704,2021-10-05 00:11:25,38350.0,5000.0,5530400.0
1705,2021-10-05 00:10:54,38300.0,500.0,5525400.0
1706,2021-10-05 00:10:47,38300.0,1000.0,5524900.0
1707,2021-10-05 00:10:46,38350.0,200.0,5523900.0
1708,2021-10-05 00:10:46,38350.0,2400.0,5523700.0
1709,2021-10-05 00:10:44,38300.0,200.0,5521300.0
1710,2021-10-05 00:10:43,38300.0,400.0,5521100.0
1711,2021-10-05 00:10:39,38300.0,500.0,5520700.0
1712,2021-10-05 00:10:13,38300.0,1100.0,5520200.0
1713,2021-10-05 00:10:13,38300.0,200.0,5519100.0
1714,2021-10-05 00:10:13,38300.0,300.0,5518900.0
1715,2021-10-05 00:10:13,38300.0,100.0,5518600.0
1716,2021-10-05 00:10:13,38300.0,100.0,5518500.0
1717,2021-10-05 00:10:13,38300.0,2000.0,5518400.0
1718,2021-10-05 00:10:13,38300.0,900.0,5516400.0
1719,2021-10-05 00:10:13,38300.0,300.0,5515500.0
1720,2021-10-05 00:09:54,38350.0,1000.0,5515200.0
1721,2021-10-05 00:09:32,38350.0,500.0,5514200.0
1722,2021-10-05 00:09:28,38300.0,800.0,5513700.0
1723,2021-10-05 00:09:08,38350.0,6100.0,5512900.0
1724,2021-10-05 00:08:45,38300.0,400.0,5506800.0
1725,2021-10-05 00:08:43,38300.0,5000.0,5506400.0
1726,2021-10-05 00:08:35,38300.0,100.0,5501400.0
1727,2021-10-05 00:08:27,38300.0,600.0,5501300.0
1728,2021-10-05 00:08:17,38300.0,1000.0,5500700.0
1729,2021-10-05 00:08:15,38300.0,500.0,5499700.0
1730,2021-10-05 00:08:10,38300.0,500.0,5499200.0
1731,2021-10-05 00:07:20,38300.0,2000.0,5498700.0
1732,2021-10-05 00:06:50,38300.0,400.0,5496700.0
1733,2021-10-05 00:06:38,38300.0,5000.0,5496300.0
1734,2021-10-05 00:06:15,38300.0,500.0,5491300.0
1735,2021-10-05 00:06:12,38300.0,10000.0,5490800.0
1736,2021-10-05 00:05:56,38300.0,100.0,5480800.0
1737,2021-10-05 00:05:39,38300.0,500.0,5480700.0
1738,2021-10-05 00:05:32,38300.0,800.0,5480200.0
1739,2021-10-05 00:05:04,38300.0,1500.0,5479400.0
1740,2021-10-05 00:05:04,38300.0,300.0,5477900.0
1741,2021-10-05 00:05:04,38300.0,300.0,5477600.0
1742,2021-10-05 00:05:04,38300.0,500.0,5477300.0
1743,2021-10-05 00:05:04,38300.0,2400.0,5476800.0
1744,2021-10-05 00:04:59,38400.0,100.0,5474400.0
1745,2021-10-05 00:04:54,38300.0,100.0,5474300.0
1746,2021-10-05 00:03:59,38400.0,800.0,5474200.0
1747,2021-10-05 00:03:49,38300.0,2500.0,5473400.0
1748,2021-10-05 00:03:49,38300.0,500.0,5470900.0
1749,2021-10-05 00:03:40,38300.0,100.0,5470400.0
1750,2021-10-05 00:03:40,38300.0,500.0,5470300.0
1751,2021-10-05 00:03:40,38300.0,1000.0,5469800.0
1752,2021-10-05 00:03:40,38300.0,1000.0,5468800.0
1753,2021-10-05 00:03:40,38300.0,100.0,5467800.0
1754,2021-10-05 00:03:40,38300.0,200.0,5467700.0
1755,2021-10-05 00:03:40,38350.0,1100.0,5467500.0
1756,2021-10-05 00:03:40,38350.0,12000.0,5466400.0
1757,2021-10-05 00:03:40,38350.0,500.0,5454400.0
1758,2021-10-05 00:03:40,38350.0,100.0,5453900.0
1759,2021-10-05 00:03:40,38350.0,1000.0,5453800.0
1760,2021-10-05 00:03:40,38350.0,27400.0,5452800.0
1761,2021-10-05 00:03:33,38400.0,600.0,5425400.0
1762,2021-10-05 00:03:31,38350.0,100.0,5424800.0
1763,2021-10-05 00:03:18,38350.0,500.0,5424700.0
1764,2021-10-05 00:02:39,38350.0,2000.0,5424200.0
1765,2021-10-05 00:02:20,38400.0,1500.0,5422200.0
1766,2021-10-05 00:02:20,38400.0,1000.0,5420700.0
1767,2021-10-05 00:02:20,38400.0,1200.0,5419700.0
1768,2021-10-05 00:02:18,38400.0,500.0,5418500.0
1769,2021-10-05 00:02:03,38400.0,100.0,5418000.0
1770,2021-10-05 00:02:03,38400.0,200.0,5417900.0
1771,2021-10-05 00:01:31,38400.0,1000.0,5417700.0
1772,2021-10-05 00:01:28,38400.0,2000.0,5416700.0
1773,2021-10-05 00:01:16,38400.0,2000.0,5414700.0
1774,2021-10-05 00:01:12,38400.0,4800.0,5412700.0
1775,2021-10-05 00:01:12,38400.0,100.0,5407900.0
1776,2021-10-05 00:01:12,38400.0,100.0,5407800.0
1777,2021-10-05 00:00:57,38400.0,100.0,5407700.0
1778,2021-10-05 00:00:10,38400.0,100.0,5407600.0
1779,2021-10-05 23:59:31,38300.0,1000.0,5407500.0
1780,2021-10-05 23:59:29,38500.0,2600.0,5406500.0
1781,2021-10-05 23:59:29,38500.0,100.0,5403900.0
1782,2021-10-05 23:59:29,38500.0,100.0,5403800.0
1783,2021-10-05 23:59:29,38500.0,100.0,5403700.0
1784,2021-10-05 23:59:29,38500.0,100.0,5403600.0
1785,2021-10-05 23:59:29,38500.0,100.0,5403500.0
1786,2021-10-05 23:59:29,38500.0,100.0,5403400.0
1787,2021-10-05 23:59:29,38500.0,100.0,5403300.0
1788,2021-10-05 23:59:29,38500.0,100.0,5403200.0
1789,2021-10-05 23:59:29,38500.0,600.0,5403100.0
1790,2021-10-05 23:59:29,38450.0,500.0,5402500.0
1791,2021-10-05 23:59:29,38450.0,500.0,5402000.0
1792,2021-10-05 23:59:28,38300.0,2000.0,5401500.0
1793,2021-10-05 23:59:27,38300.0,100.0,5399500.0
1794,2021-10-05 23:58:57,38300.0,2600.0,5399400.0
1795,2021-10-05 23:58:57,38300.0,2900.0,5396800.0
1796,2021-10-05 23:58:57,38300.0,1200.0,5393900.0
1797,2021-10-05 23:58:57,38300.0,100.0,5392700.0
1798,2021-10-05 23:58:57,38300.0,300.0,5392600.0
1799,2021-10-05 23:58:57,38400.0,500.0,5392300.0
1800,2021-10-05 23:58:57,38400.0,100.0,5391800.0
1801,2021-10-05 23:58:57,38450.0,2300.0,5391700.0
1802,2021-10-05 23:58:53,38450.0,900.0,5389400.0
1803,2021-10-05 23:58:53,38450.0,100.0,5388500.0
1804,2021-10-05 23:58:33,38450.0,10000.0,5388400.0
1805,2021-10-05 23:58:29,38500.0,200.0,5378400.0
1806,2021-10-05 23:58:27,38450.0,9900.0,5378200.0
1807,2021-10-05 23:58:27,38450.0,100.0,5368300.0
1808,2021-10-05 23:58:22,38450.0,500.0,5368200.0
1809,2021-10-05 23:58:20,38450.0,300.0,5367700.0
1810,2021-10-05 23:58:18,38500.0,7200.0,5367400.0
1811,2021-10-05 23:58:18,38500.0,22800.0,5360200.0
1812,2021-10-05 23:58:16,38450.0,4000.0,5337400.0
1813,2021-10-05 23:58:15,38500.0,5000.0,5333400.0
1814,2021-10-05 23:58:11,38450.0,10000.0,5328400.0
1815,2021-10-05 23:58:10,38450.0,1000.0,5318400.0
1816,2021-10-05 23:58:06,38500.0,1200.0,5317400.0
1817,2021-10-05 23:58:05,38500.0,5000.0,5316200.0
1818,2021-10-05 23:58:04,38500.0,2000.0,5311200.0
1819,2021-10-05 23:57:48,38500.0,14000.0,5309200.0
1820,2021-10-05 23:57:29,38500.0,10000.0,5295200.0
1821,2021-10-05 23:57:29,38500.0,20000.0,5285200.0
1822,2021-10-05 23:57:29,38550.0,100.0,5265200.0
1823,2021-10-05 23:56:51,38600.0,600.0,5265100.0
1824,2021-10-05 23:56:51,38600.0,5000.0,5264500.0
1825,2021-10-05 23:56:51,38600.0,5000.0,5259500.0
1826,2021-10-05 23:56:51,38600.0,1500.0,5254500.0
1827,2021-10-05 23:56:51,38600.0,100.0,5253000.0
1828,2021-10-05 23:56:51,38600.0,200.0,5252900.0
1829,2021-10-05 23:56:51,38600.0,1000.0,5252700.0
1830,2021-10-05 23:56:51,38600.0,300.0,5251700.0
1831,2021-10-05 23:56:51,38600.0,2000.0,5251400.0
1832,2021-10-05 23:56:51,38600.0,3100.0,5249400.0
1833,2021-10-05 23:56:49,38550.0,100.0,5246300.0
1834,2021-10-05 23:56:48,38450.0,2400.0,5246200.0
1835,2021-10-05 23:56:48,38450.0,600.0,5243800.0
1836,2021-10-05 23:56:48,38500.0,5900.0,5243200.0
1837,2021-10-05 23:56:48,38500.0,2900.0,5237300.0
1838,2021-10-05 23:56:48,38500.0,1200.0,5234400.0
1839,2021-10-05 23:56:48,38500.0,2000.0,5233200.0
1840,2021-10-05 23:56:43,38600.0,100.0,5231200.0
1841,2021-10-05 23:56:41,38450.0,1600.0,5231100.0
1842,2021-10-05 23:56:41,38500.0,2000.0,5229500.0
1843,2021-10-05 23:56:41,38500.0,400.0,5227500.0
1844,2021-10-05 23:56:41,38500.0,100.0,5227100.0
1845,2021-10-05 23:56:41,38550.0,800.0,5227000.0
1846,2021-10-05 23:56:37,38550.0,1000.0,5226200.0
1847,2021-10-05 23:56:21,38600.0,800.0,5225200.0
1848,2021-10-05 23:56:21,38600.0,900.0,5224400.0
1849,2021-10-05 23:56:21,38600.0,1000.0,5223500.0
1850,2021-10-05 23:56:21,38600.0,200.0,5222500.0
1851,2021-10-05 23:56:21,38500.0,100.0,5222300.0
1852,2021-10-05 23:56:21,38500.0,2000.0,5222200.0
1853,2021-10-05 23:56:14,38500.0,2000.0,5220200.0
1854,2021-10-05 23:56:14,38500.0,4000.0,5218200.0
1855,2021-10-05 23:56:14,38500.0,10000.0,5214200.0
1856,2021-10-05 23:56:14,38500.0,20000.0,5204200.0
1857,2021-10-05 23:56:14,38550.0,400.0,5184200.0
1858,2021-10-05 23:56:14,38550.0,1600.0,5183800.0
1859,2021-10-05 23:56:06,38550.0,400.0,5182200.0
1860,2021-10-05 23:56:03,38600.0,400.0,5181800.0
1861,2021-10-05 23:56:02,38550.0,500.0,5181400.0
1862,2021-10-05 23:55:52,38550.0,100.0,5180900.0
1863,2021-10-05 23:55:46,38600.0,400.0,5180800.0
1864,2021-10-05 23:55:46,38600.0,200.0,5180400.0
1865,2021-10-05 23:55:46,38600.0,400.0,5180200.0
1866,2021-10-05 23:55:45,38600.0,600.0,5179800.0
1867,2021-10-05 23:55:45,38600.0,900.0,5179200.0
1868,2021-10-05 23:55:33,38600.0,1000.0,5178300.0
1869,2021-10-05 23:55:26,38600.0,1300.0,5177300.0
1870,2021-10-05 23:55:18,38600.0,200.0,5176000.0
1871,2021-10-05 23:55:15,38650.0,100.0,5175800.0
1872,2021-10-05 23:55:11,38650.0,600.0,5175700.0
1873,2021-10-05 23:55:11,38650.0,400.0,5175100.0
1874,2021-10-05 23:55:06,38600.0,100.0,5174700.0
1875,2021-10-05 23:55:06,38600.0,200.0,5174600.0
1876,2021-10-05 23:55:06,38600.0,300.0,5174400.0
1877,2021-10-05 23:55:06,38600.0,900.0,5174100.0
1878,2021-10-05 23:55:05,38500.0,500.0,5173200.0
1879,2021-10-05 23:55:05,38500.0,300.0,5172700.0
1880,2021-10-05 23:55:05,38500.0,5400.0,5172400.0
1881,2021-10-05 23:55:05,38500.0,200.0,5167000.0
1882,2021-10-05 23:55:05,38500.0,9000.0,5166800.0
1883,2021-10-05 23:55:05,38500.0,2000.0,5157800.0
1884,2021-10-05 23:55:05,38500.0,10000.0,5155800.0
1885,2021-10-05 23:55:05,38500.0,100.0,5145800.0
1886,2021-10-05 23:55:05,38500.0,4000.0,5145700.0
1887,2021-10-05 23:55:05,38500.0,8500.0,5141700.0
1888,2021-10-05 23:55:03,38600.0,100.0,5133200.0
1889,2021-10-05 23:55:03,38600.0,2000.0,5133100.0
1890,2021-10-05 23:55:03,38600.0,2000.0,5131100.0
1891,2021-10-05 23:55:03,38600.0,2000.0,5129100.0
1892,2021-10-05 23:55:03,38600.0,500.0,5127100.0
1893,2021-10-05 23:55:03,38600.0,200.0,5126600.0
1894,2021-10-05 23:55:03,38600.0,2000.0,5126400.0
1895,2021-10-05 23:55:03,38600.0,1000.0,5124400.0
1896,2021-10-05 23:55:03,38600.0,300.0,5123400.0
1897,2021-10-05 23:55:03,38600.0,20000.0,5123100.0
1898,2021-10-05 23:55:03,38600.0,100.0,5103100.0
1899,2021-10-05 23:55:03,38600.0,1000.0,5103000.0
1900,2021-10-05 23:55:03,38600.0,100.0,5102000.0
1901,2021-10-05 23:55:03,38600.0,300.0,5101900.0
1902,2021-10-05 23:55:03,38600.0,100.0,5101600.0
1903,2021-10-05 23:55:03,38600.0,400.0,5101500.0
1904,2021-10-05 23:55:03,38600.0,1000.0,5101100.0
1905,2021-10-05 23:55:03,38600.0,200.0,5100100.0
1906,2021-10-05 23:55:03,38600.0,500.0,5099900.0
1907,2021-10-05 23:55:03,38600.0,400.0,5099400.0
1908,2021-10-05 23:55:03,38600.0,200.0,5099000.0
1909,2021-10-05 23:55:03,38600.0,300.0,5098800.0
1910,2021-10-05 23:55:03,38600.0,500.0,5098500.0
1911,2021-10-05 23:55:03,38600.0,1000.0,5098000.0
1912,2021-10-05 23:55:03,38600.0,500.0,5097000.0
1913,2021-10-05 23:55:03,38600.0,100.0,5096500.0
1914,2021-10-05 23:55:03,38600.0,100.0,5096400.0
1915,2021-10-05 23:55:03,38600.0,3100.0,5096300.0
1916,2021-10-05 23:54:55,38550.0,1000.0,5093200.0
1917,2021-10-05 23:54:32,38600.0,1900.0,5092200.0
1918,2021-10-05 23:54:32,38600.0,1000.0,5090300.0
1919,2021-10-05 23:54:32,38600.0,500.0,5089300.0
1920,2021-10-05 23:54:32,38600.0,200.0,5088800.0
1921,2021-10-05 23:54:32,38600.0,1500.0,5088600.0
1922,2021-10-05 23:54:32,38600.0,500.0,5087100.0
1923,2021-10-05 23:54:32,38600.0,100.0,5086600.0
1924,2021-10-05 23:54:32,38600.0,200.0,5086500.0
1925,2021-10-05 23:54:28,38550.0,200.0,5086300.0
1926,2021-10-05 23:54:27,38500.0,1000.0,5086100.0
1927,2021-10-05 23:54:26,38500.0,100.0,5085100.0
1928,2021-10-05 23:54:26,38550.0,900.0,5085000.0
1929,2021-10-05 23:54:26,38550.0,100.0,5084100.0
1930,2021-10-05 23:54:26,38550.0,100.0,5084000.0
1931,2021-10-05 23:54:26,38550.0,200.0,5083900.0
1932,2021-10-05 23:54:26,38550.0,200.0,5083700.0
1933,2021-10-05 23:54:23,38550.0,100.0,5083500.0
1934,2021-10-05 23:54:19,38500.0,2700.0,5083400.0
1935,2021-10-05 23:54:19,38550.0,800.0,5080700.0
1936,2021-10-05 23:54:10,38550.0,200.0,5079900.0
1937,2021-10-05 23:54:10,38550.0,200.0,5079700.0
1938,2021-10-05 23:54:10,38550.0,100.0,5079500.0
1939,2021-10-05 23:54:10,38550.0,100.0,5079400.0
1940,2021-10-05 23:54:10,38550.0,1000.0,5079300.0
1941,2021-10-05 23:54:10,38550.0,1400.0,5078300.0
1942,2021-10-05 23:54:10,38550.0,1200.0,5076900.0
1943,2021-10-05 23:54:10,38550.0,1000.0,5075700.0
1944,2021-10-05 23:54:10,38550.0,200.0,5074700.0
1945,2021-10-05 23:54:03,38500.0,200.0,5074500.0
1946,2021-10-05 23:53:57,38500.0,500.0,5074300.0
1947,2021-10-05 23:53:57,38500.0,1000.0,5073800.0
1948,2021-10-05 23:53:57,38500.0,2000.0,5072800.0
1949,2021-10-05 23:53:57,38500.0,100.0,5070800.0
1950,2021-10-05 23:53:57,38500.0,1100.0,5070700.0
1951,2021-10-05 23:53:57,38500.0,1000.0,5069600.0
1952,2021-10-05 23:53:56,38500.0,2000.0,5068600.0
1953,2021-10-05 23:53:52,38500.0,900.0,5066600.0
1954,2021-10-05 23:53:52,38500.0,700.0,5065700.0
1955,2021-10-05 23:53:52,38500.0,200.0,5065000.0
1956,2021-10-05 23:53:52,38500.0,100.0,5064800.0
1957,2021-10-05 23:53:52,38500.0,1000.0,5064700.0
1958,2021-10-05 23:53:52,38500.0,200.0,5063700.0
1959,2021-10-05 23:53:52,38500.0,400.0,5063500.0
1960,2021-10-05 23:53:52,38500.0,1000.0,5063100.0
1961,2021-10-05 23:53:52,38500.0,1000.0,5062100.0
1962,2021-10-05 23:53:52,38500.0,200.0,5061100.0
1963,2021-10-05 23:53:52,38500.0,1000.0,5060900.0
1964,2021-10-05 23:53:52,38500.0,100.0,5059900.0
1965,2021-10-05 23:53:52,38500.0,200.0,5059800.0
1966,2021-10-05 23:53:52,38500.0,1000.0,5059600.0
1967,2021-10-05 23:53:52,38500.0,300.0,5058600.0
1968,2021-10-05 23:53:52,38500.0,100.0,5058300.0
1969,2021-10-05 23:53:52,38500.0,1600.0,5058200.0
1970,2021-10-05 23:53:46,38500.0,3400.0,5056600.0
1971,2021-10-05 23:53:46,38500.0,100.0,5053200.0
1972,2021-10-05 23:53:46,38500.0,400.0,5053100.0
1973,2021-10-05 23:53:46,38500.0,400.0,5052700.0
1974,2021-10-05 23:53:45,38500.0,1000.0,5052300.0
1975,2021-10-05 23:53:44,38450.0,100.0,5051300.0
1976,2021-10-05 23:53:42,38500.0,5000.0,5051200.0
1977,2021-10-05 23:53:41,38500.0,12000.0,5046200.0
1978,2021-10-05 23:53:38,38500.0,1600.0,5034200.0
1979,2021-10-05 23:53:38,38500.0,1000.0,5032600.0
1980,2021-10-05 23:53:38,38500.0,3400.0,5031600.0
1981,2021-10-05 23:53:33,38500.0,11600.0,5028200.0
1982,2021-10-05 23:53:33,38500.0,700.0,5016600.0
1983,2021-10-05 23:53:33,38500.0,2000.0,5015900.0
1984,2021-10-05 23:53:33,38500.0,500.0,5013900.0
1985,2021-10-05 23:53:33,38500.0,41100.0,5013400.0
1986,2021-10-05 23:53:33,38500.0,100.0,4972300.0
1987,2021-10-05 23:53:33,38500.0,1000.0,4972200.0
1988,2021-10-05 23:53:33,38500.0,2000.0,4971200.0
1989,2021-10-05 23:53:33,38500.0,2000.0,4969200.0
1990,2021-10-05 23:53:33,38500.0,1000.0,4967200.0
1991,2021-10-05 23:53:33,38500.0,1000.0,4966200.0
1992,2021-10-05 23:53:33,38500.0,100.0,4965200.0
1993,2021-10-05 23:53:33,38500.0,2000.0,4965100.0
1994,2021-10-05 23:53:33,38500.0,900.0,4963100.0
1995,2021-10-05 23:53:33,38500.0,100.0,4962200.0
1996,2021-10-05 23:53:33,38500.0,200.0,4962100.0
1997,2021-10-05 23:53:33,38500.0,100.0,4961900.0
1998,2021-10-05 23:53:33,38500.0,300.0,4961800.0
1999,2021-10-05 23:53:33,38500.0,300.0,4961500.0
2000,2021-10-05 23:53:33,38500.0,800.0,4961200.0
2001,2021-10-05 23:53:33,38500.0,300.0,4960400.0
2002,2021-10-05 23:53:33,38500.0,11500.0,4960100.0
2003,2021-10-05 23:53:33,38500.0,2000.0,4948600.0
2004,2021-10-05 23:53:33,38500.0,2000.0,4946600.0
2005,2021-10-05 23:53:33,38500.0,100.0,4944600.0
2006,2021-10-05 23:53:33,38500.0,100.0,4944500.0
2007,2021-10-05 23:53:33,38500.0,1000.0,4944400.0
2008,2021-10-05 23:53:33,38500.0,1000.0,4943400.0
2009,2021-10-05 23:53:33,38500.0,100.0,4942400.0
2010,2021-10-05 23:53:33,38500.0,1000.0,4942300.0
2011,2021-10-05 23:53:33,38500.0,1000.0,4941300.0
2012,2021-10-05 23:53:33,38500.0,500.0,4940300.0
2013,2021-10-05 23:53:33,38500.0,500.0,4939800.0
2014,2021-10-05 23:53:33,38500.0,600.0,4939300.0
2015,2021-10-05 23:53:33,38500.0,100.0,4938700.0
2016,2021-10-05 23:53:33,38500.0,2000.0,4938600.0
2017,2021-10-05 23:53:33,38500.0,1500.0,4936600.0
2018,2021-10-05 23:53:33,38500.0,500.0,4935100.0
2019,2021-10-05 23:53:33,38500.0,1000.0,4934600.0
2020,2021-10-05 23:53:33,38500.0,3000.0,4933600.0
2021,2021-10-05 23:53:33,38500.0,1500.0,4930600.0
2022,2021-10-05 23:53:33,38500.0,1000.0,4929100.0
2023,2021-10-05 23:53:33,38500.0,200.0,4928100.0
2024,2021-10-05 23:53:33,38500.0,200.0,4927900.0
2025,2021-10-05 23:53:33,38500.0,100.0,4927700.0
2026,2021-10-05 23:53:33,38500.0,1000.0,4927600.0
2027,2021-10-05 23:53:33,38500.0,300.0,4926600.0
2028,2021-10-05 23:53:33,38500.0,700.0,4926300.0
2029,2021-10-05 23:53:33,38500.0,10000.0,4925600.0
2030,2021-10-05 23:53:33,38500.0,100.0,4915600.0
2031,2021-10-05 23:53:33,38500.0,500.0,4915500.0
2032,2021-10-05 23:53:33,38500.0,100.0,4915000.0
2033,2021-10-05 23:53:33,38500.0,100.0,4914900.0
2034,2021-10-05 23:53:33,38500.0,400.0,4914800.0
2035,2021-10-05 23:53:33,38500.0,100.0,4914400.0
2036,2021-10-05 23:53:33,38500.0,1000.0,4914300.0
2037,2021-10-05 23:53:33,38500.0,100.0,4913300.0
2038,2021-10-05 23:53:33,38500.0,100.0,4913200.0
2039,2021-10-05 23:53:33,38500.0,300.0,4913100.0
2040,2021-10-05 23:53:33,38500.0,100.0,4912800.0
2041,2021-10-05 23:53:33,38500.0,1000.0,4912700.0
2042,2021-10-05 23:53:33,38500.0,200.0,4911700.0
2043,2021-10-05 23:53:33,38500.0,500.0,4911500.0
2044,2021-10-05 23:53:33,38500.0,500.0,4911000.0
2045,2021-10-05 23:53:33,38500.0,400.0,4910500.0
