,Time,Price,Volume_per_trade,Volume
0,2021-10-07 07:45:00,19900.0,200.0,332100.0
1,2021-10-07 07:45:00,19900.0,2000.0,331900.0
2,2021-10-07 07:45:00,19900.0,2600.0,329900.0
3,2021-10-07 07:45:00,19900.0,4500.0,327300.0
4,2021-10-07 07:21:57,19850.0,200.0,322800.0
5,2021-10-07 07:12:45,19900.0,100.0,322600.0
6,2021-10-07 06:57:47,19950.0,200.0,322500.0
7,2021-10-07 06:54:20,19900.0,4000.0,322300.0
8,2021-10-07 06:54:20,19900.0,100.0,318300.0
9,2021-10-07 06:53:36,19900.0,6400.0,318200.0
10,2021-10-07 06:53:36,19900.0,100.0,311800.0
11,2021-10-07 06:51:46,19900.0,5600.0,311700.0
12,2021-10-07 06:51:46,19900.0,100.0,306100.0
13,2021-10-07 06:50:56,19900.0,4800.0,306000.0
14,2021-10-07 06:50:56,19900.0,100.0,301200.0
15,2021-10-07 06:47:17,19950.0,100.0,301100.0
16,2021-10-07 06:47:17,19900.0,4900.0,301000.0
17,2021-10-07 06:46:45,19900.0,2000.0,296100.0
18,2021-10-07 06:45:25,19950.0,100.0,294100.0
19,2021-10-07 06:45:25,19900.0,1000.0,294000.0
20,2021-10-07 06:45:25,19900.0,300.0,293000.0
21,2021-10-07 06:45:25,19900.0,4000.0,292700.0
22,2021-10-07 06:45:25,19900.0,400.0,288700.0
23,2021-10-07 06:45:25,19900.0,100.0,288300.0
24,2021-10-07 06:45:25,19900.0,100.0,288200.0
25,2021-10-07 06:45:25,19900.0,100.0,288100.0
26,2021-10-07 06:45:25,19900.0,1000.0,288000.0
27,2021-10-07 06:36:19,19850.0,4800.0,287000.0
28,2021-10-07 06:36:19,19850.0,200.0,282200.0
29,2021-10-07 06:34:14,19850.0,4700.0,282000.0
30,2021-10-07 06:34:14,19850.0,200.0,277300.0
31,2021-10-07 06:32:50,19850.0,5600.0,277100.0
32,2021-10-07 06:32:50,19850.0,100.0,271500.0
33,2021-10-07 06:32:13,19850.0,4700.0,271400.0
34,2021-10-07 06:32:13,19850.0,100.0,266700.0
35,2021-10-07 06:26:49,19850.0,5800.0,266600.0
36,2021-10-07 06:26:49,19850.0,100.0,260800.0
37,2021-10-07 06:25:48,19850.0,4200.0,260700.0
38,2021-10-07 06:25:48,19850.0,100.0,256500.0
39,2021-10-07 06:23:44,19850.0,3400.0,256400.0
40,2021-10-07 06:23:44,19850.0,100.0,253000.0
41,2021-10-07 06:23:09,19850.0,2000.0,252900.0
42,2021-10-07 06:23:09,19850.0,100.0,250900.0
43,2021-10-07 06:22:25,19850.0,4500.0,250800.0
44,2021-10-07 06:22:25,19850.0,100.0,246300.0
45,2021-10-07 06:20:27,19850.0,5600.0,246200.0
46,2021-10-07 06:20:27,19850.0,200.0,240600.0
47,2021-10-07 06:19:36,19850.0,5700.0,240400.0
48,2021-10-07 06:19:36,19850.0,200.0,234700.0
49,2021-10-07 06:17:10,19850.0,6000.0,234500.0
50,2021-10-07 06:17:10,19850.0,100.0,228500.0
51,2021-10-07 06:16:21,19850.0,5500.0,228400.0
52,2021-10-07 06:16:21,19850.0,100.0,222900.0
53,2021-10-07 04:07:32,19900.0,100.0,222800.0
54,2021-10-07 04:06:19,19850.0,3800.0,222700.0
55,2021-10-07 04:06:19,19850.0,100.0,218900.0
56,2021-10-07 04:05:30,19850.0,6200.0,218800.0
57,2021-10-07 04:05:30,19850.0,100.0,212600.0
58,2021-10-07 04:02:16,19850.0,5200.0,212500.0
59,2021-10-07 04:02:16,19850.0,100.0,207300.0
60,2021-10-07 04:01:13,19850.0,4800.0,207200.0
61,2021-10-07 04:01:13,19850.0,100.0,202400.0
62,2021-10-07 03:52:40,19850.0,6600.0,202300.0
63,2021-10-07 03:52:40,19850.0,100.0,195700.0
64,2021-10-07 03:52:00,19850.0,5000.0,195600.0
65,2021-10-07 03:52:00,19850.0,100.0,190600.0
66,2021-10-07 03:50:00,19850.0,1900.0,190500.0
67,2021-10-07 03:50:00,19850.0,200.0,188600.0
68,2021-10-07 03:49:09,19850.0,4800.0,188400.0
69,2021-10-07 03:49:09,19850.0,200.0,183600.0
70,2021-10-07 03:48:29,19850.0,4500.0,183400.0
71,2021-10-07 03:48:29,19850.0,200.0,178900.0
72,2021-10-07 03:41:50,19850.0,3500.0,178700.0
73,2021-10-07 03:41:50,19850.0,100.0,175200.0
74,2021-10-07 03:39:42,19850.0,4400.0,175100.0
75,2021-10-07 03:39:42,19850.0,100.0,170700.0
76,2021-10-07 03:39:05,19850.0,3300.0,170600.0
77,2021-10-07 03:39:05,19850.0,100.0,167300.0
78,2021-10-07 03:37:29,19850.0,5300.0,167200.0
79,2021-10-07 03:37:29,19850.0,100.0,161900.0
80,2021-10-07 03:36:51,19850.0,6000.0,161800.0
81,2021-10-07 03:36:51,19850.0,100.0,155800.0
82,2021-10-07 03:32:35,19850.0,6200.0,155700.0
83,2021-10-07 03:32:35,19850.0,200.0,149500.0
84,2021-10-07 03:31:54,19850.0,5800.0,149300.0
85,2021-10-07 03:31:54,19850.0,200.0,143500.0
86,2021-10-07 03:29:13,19850.0,3400.0,143300.0
87,2021-10-07 03:29:13,19850.0,100.0,139900.0
88,2021-10-07 03:28:30,19850.0,4100.0,139800.0
89,2021-10-07 03:28:30,19850.0,100.0,135700.0
90,2021-10-07 03:27:27,19850.0,4600.0,135600.0
91,2021-10-07 03:27:27,19850.0,100.0,131000.0
92,2021-10-07 03:24:43,19850.0,6200.0,130900.0
93,2021-10-07 03:24:43,19850.0,100.0,124700.0
94,2021-10-07 03:23:54,19850.0,6600.0,124600.0
95,2021-10-07 03:23:54,19850.0,100.0,118000.0
96,2021-10-07 03:21:45,19850.0,2800.0,117900.0
97,2021-10-07 03:21:45,19850.0,100.0,115100.0
98,2021-10-07 03:21:10,19850.0,4100.0,115000.0
99,2021-10-07 03:21:10,19850.0,100.0,110900.0
100,2021-10-07 03:20:41,19850.0,5800.0,110800.0
101,2021-10-07 03:20:41,19850.0,100.0,105000.0
102,2021-10-07 03:08:48,19850.0,6100.0,104900.0
103,2021-10-07 03:08:48,19850.0,100.0,98800.0
104,2021-10-07 03:07:33,19850.0,5700.0,98700.0
105,2021-10-07 03:07:33,19850.0,100.0,93000.0
106,2021-10-07 03:06:54,19850.0,100.0,92900.0
107,2021-10-07 03:05:57,19850.0,5900.0,92800.0
108,2021-10-07 03:05:57,19850.0,200.0,86900.0
109,2021-10-07 03:05:16,19850.0,5700.0,86700.0
110,2021-10-07 03:05:16,19850.0,200.0,81000.0
111,2021-10-07 03:01:48,19850.0,3800.0,80800.0
112,2021-10-07 03:01:48,19850.0,100.0,77000.0
113,2021-10-07 03:00:54,19850.0,4300.0,76900.0
114,2021-10-07 03:00:54,19850.0,100.0,72600.0
115,2021-10-07 03:00:13,19850.0,6600.0,72500.0
116,2021-10-07 03:00:13,19850.0,100.0,65900.0
117,2021-10-07 02:58:19,19850.0,4200.0,65800.0
118,2021-10-07 02:58:19,19850.0,100.0,61600.0
119,2021-10-07 02:56:34,19850.0,5700.0,61500.0
120,2021-10-07 02:56:34,19850.0,100.0,55800.0
121,2021-10-07 02:55:32,19850.0,4800.0,55700.0
122,2021-10-07 02:55:32,19850.0,100.0,50900.0
123,2021-10-07 02:54:42,19850.0,900.0,50800.0
124,2021-10-07 02:54:42,19850.0,100.0,49900.0
125,2021-10-07 02:52:22,19900.0,100.0,49800.0
126,2021-10-07 02:39:15,19800.0,2400.0,49700.0
127,2021-10-07 02:39:15,19800.0,100.0,47300.0
128,2021-10-07 02:37:29,19800.0,5200.0,47200.0
129,2021-10-07 02:37:29,19800.0,200.0,42000.0
130,2021-10-07 02:36:58,19800.0,4400.0,41800.0
131,2021-10-07 02:36:58,19800.0,200.0,37400.0
132,2021-10-07 02:34:50,19800.0,1200.0,37200.0
133,2021-10-07 02:34:50,19800.0,100.0,36000.0
134,2021-10-07 02:34:09,19800.0,4200.0,35900.0
135,2021-10-07 02:34:09,19800.0,100.0,31700.0
136,2021-10-07 02:33:35,19800.0,5800.0,31600.0
137,2021-10-07 02:33:35,19800.0,100.0,25800.0
138,2021-10-07 02:30:41,19800.0,6600.0,25700.0
139,2021-10-07 02:30:41,19800.0,100.0,19100.0
140,2021-10-07 02:26:07,19800.0,100.0,19000.0
141,2021-10-07 02:25:19,19800.0,5900.0,18900.0
142,2021-10-07 02:25:19,19800.0,100.0,13000.0
143,2021-10-07 02:23:16,19800.0,3100.0,12900.0
144,2021-10-07 02:23:16,19800.0,100.0,9800.0
145,2021-10-07 02:22:22,19800.0,5300.0,9700.0
146,2021-10-07 02:22:22,19800.0,100.0,4400.0
147,2021-10-07 02:21:28,19800.0,4100.0,4300.0
148,2021-10-07 02:21:28,19800.0,100.0,200.0
149,2021-10-07 02:15:00,19900.0,100.0,100.0
