,Time,Price,Volume_per_trade,Volume
0,2021-10-20 07:45:00,20100.0,100.0,302600.0
1,2021-10-20 06:51:07,20050.0,1400.0,302500.0
2,2021-10-20 06:51:07,20050.0,100.0,301100.0
3,2021-10-20 06:46:47,20050.0,1000.0,301000.0
4,2021-10-20 06:46:47,20000.0,4200.0,300000.0
5,2021-10-20 06:46:03,20050.0,4500.0,295800.0
6,2021-10-20 06:44:07,20050.0,400.0,291300.0
7,2021-10-20 06:44:07,20000.0,200.0,290900.0
8,2021-10-20 06:43:38,20000.0,5000.0,290700.0
9,2021-10-20 06:43:22,20000.0,100.0,285700.0
10,2021-10-20 06:42:04,20050.0,3900.0,285600.0
11,2021-10-20 06:42:04,20050.0,100.0,281700.0
12,2021-10-20 06:35:05,20050.0,3800.0,281600.0
13,2021-10-20 06:35:05,20050.0,400.0,277800.0
14,2021-10-20 06:33:54,20050.0,1000.0,277400.0
15,2021-10-20 06:33:23,20050.0,2800.0,276400.0
16,2021-10-20 06:33:23,20050.0,900.0,273600.0
17,2021-10-20 06:31:53,20050.0,3900.0,272700.0
18,2021-10-20 06:30:30,20050.0,2300.0,268800.0
19,2021-10-20 06:30:30,20050.0,800.0,266500.0
20,2021-10-20 06:29:31,20050.0,2500.0,265700.0
21,2021-10-20 06:29:31,20050.0,1700.0,263200.0
22,2021-10-20 06:28:45,20050.0,900.0,261500.0
23,2021-10-20 06:28:31,20050.0,1400.0,260600.0
24,2021-10-20 06:28:31,20050.0,600.0,259200.0
25,2021-10-20 06:27:54,20050.0,2600.0,258600.0
26,2021-10-20 06:25:15,20050.0,2800.0,256000.0
27,2021-10-20 06:24:50,20050.0,400.0,253200.0
28,2021-10-20 06:24:08,20050.0,800.0,252800.0
29,2021-10-20 06:22:28,20050.0,3600.0,252000.0
30,2021-10-20 06:22:28,20050.0,600.0,248400.0
31,2021-10-20 06:21:35,20050.0,3000.0,247800.0
32,2021-10-20 06:20:17,20050.0,2900.0,244800.0
33,2021-10-20 06:20:17,20050.0,1100.0,241900.0
34,2021-10-20 06:19:28,20050.0,3500.0,240800.0
35,2021-10-20 06:19:28,20050.0,700.0,237300.0
36,2021-10-20 06:18:38,20050.0,3000.0,236600.0
37,2021-10-20 06:17:29,20050.0,2100.0,233600.0
38,2021-10-20 06:17:29,20050.0,300.0,231500.0
39,2021-10-20 06:16:28,20050.0,3400.0,231200.0
40,2021-10-20 06:16:28,20050.0,600.0,227800.0
41,2021-10-20 06:15:41,20050.0,3900.0,227200.0
42,2021-10-20 06:15:41,20050.0,100.0,223300.0
43,2021-10-20 06:14:07,20050.0,800.0,223200.0
44,2021-10-20 06:13:50,20050.0,4800.0,222400.0
45,2021-10-20 06:13:15,20050.0,800.0,217600.0
46,2021-10-20 06:13:02,20050.0,4200.0,216800.0
47,2021-10-20 06:13:02,20050.0,100.0,212600.0
48,2021-10-20 04:10:31,20050.0,4300.0,212500.0
49,2021-10-20 04:10:31,20050.0,100.0,208200.0
50,2021-10-20 04:10:31,20050.0,700.0,208100.0
51,2021-10-20 04:09:22,20050.0,500.0,207400.0
52,2021-10-20 04:08:55,20050.0,4800.0,206900.0
53,2021-10-20 04:07:44,20050.0,1600.0,202100.0
54,2021-10-20 04:07:26,20050.0,3800.0,200500.0
55,2021-10-20 04:06:48,20050.0,600.0,196700.0
56,2021-10-20 04:06:30,20050.0,4300.0,196100.0
57,2021-10-20 03:48:01,20050.0,3600.0,191800.0
58,2021-10-20 03:47:19,20050.0,900.0,188200.0
59,2021-10-20 03:46:57,20050.0,3000.0,187300.0
60,2021-10-20 03:45:25,20050.0,400.0,184300.0
61,2021-10-20 03:44:47,20050.0,4500.0,183900.0
62,2021-10-20 03:43:18,20050.0,1300.0,179400.0
63,2021-10-20 03:43:04,20050.0,1900.0,178100.0
64,2021-10-20 03:42:25,20050.0,900.0,176200.0
65,2021-10-20 03:41:50,20050.0,4300.0,175300.0
66,2021-10-20 03:37:55,20050.0,600.0,171000.0
67,2021-10-20 03:37:41,20050.0,3400.0,170400.0
68,2021-10-20 03:36:01,20050.0,600.0,167000.0
69,2021-10-20 03:35:47,20050.0,3900.0,166400.0
70,2021-10-20 03:35:08,20050.0,1200.0,162500.0
71,2021-10-20 03:34:54,20050.0,3500.0,161300.0
72,2021-10-20 03:33:11,20050.0,700.0,157800.0
73,2021-10-20 03:33:11,20000.0,3900.0,157100.0
74,2021-10-20 03:32:45,20000.0,100.0,153200.0
75,2021-10-20 03:32:01,20050.0,4500.0,153100.0
76,2021-10-20 03:20:34,20050.0,3900.0,148600.0
77,2021-10-20 03:20:34,20050.0,100.0,144700.0
78,2021-10-20 03:19:59,20050.0,1300.0,144600.0
79,2021-10-20 03:19:32,20050.0,2800.0,143300.0
80,2021-10-20 03:19:32,20050.0,1000.0,140500.0
81,2021-10-20 03:18:27,20050.0,4300.0,139500.0
82,2021-10-20 03:16:28,20050.0,3100.0,135200.0
83,2021-10-20 03:16:28,20050.0,800.0,132100.0
84,2021-10-20 03:15:14,20050.0,4100.0,131300.0
85,2021-10-20 03:14:37,20050.0,700.0,127200.0
86,2021-10-20 03:14:25,20050.0,4700.0,126500.0
87,2021-10-20 03:06:23,20050.0,800.0,121800.0
88,2021-10-20 03:06:05,20050.0,4100.0,121000.0
89,2021-10-20 03:06:05,20050.0,200.0,116900.0
90,2021-10-20 03:05:28,20050.0,3600.0,116700.0
91,2021-10-20 03:05:28,20050.0,900.0,113100.0
92,2021-10-20 03:04:44,20050.0,4000.0,112200.0
93,2021-10-20 03:03:16,20050.0,500.0,108200.0
94,2021-10-20 03:02:22,20050.0,1000.0,107700.0
95,2021-10-20 03:02:22,20000.0,5000.0,106700.0
96,2021-10-20 03:01:21,20050.0,3500.0,101700.0
97,2021-10-20 03:01:21,20000.0,500.0,98200.0
98,2021-10-20 03:00:41,20000.0,3000.0,97700.0
99,2021-10-20 03:00:26,20000.0,100.0,94700.0
100,2021-10-20 02:51:31,20050.0,200.0,94600.0
101,2021-10-20 02:51:12,20050.0,3900.0,94400.0
102,2021-10-20 02:51:12,20050.0,600.0,90500.0
103,2021-10-20 02:50:11,20050.0,3000.0,89900.0
104,2021-10-20 02:48:35,20050.0,600.0,86900.0
105,2021-10-20 02:48:18,20050.0,4600.0,86300.0
106,2021-10-20 02:42:19,20050.0,1100.0,81700.0
107,2021-10-20 02:42:08,20050.0,4300.0,80600.0
108,2021-10-20 02:42:08,20050.0,700.0,76300.0
109,2021-10-20 02:41:27,20050.0,1000.0,75600.0
110,2021-10-20 02:41:12,20050.0,1500.0,74600.0
111,2021-10-20 02:40:33,20050.0,300.0,73100.0
112,2021-10-20 02:40:05,20050.0,4000.0,72800.0
113,2021-10-20 02:38:13,20050.0,3100.0,68800.0
114,2021-10-20 02:38:13,20050.0,200.0,65700.0
115,2021-10-20 02:37:31,20050.0,3500.0,65500.0
116,2021-10-20 02:36:27,20050.0,800.0,62000.0
117,2021-10-20 02:35:55,20050.0,5000.0,61200.0
118,2021-10-20 02:34:22,20050.0,300.0,56200.0
119,2021-10-20 02:34:10,20050.0,2700.0,55900.0
120,2021-10-20 02:34:10,20050.0,800.0,53200.0
121,2021-10-20 02:33:42,20050.0,4100.0,52400.0
122,2021-10-20 02:33:02,20050.0,400.0,48300.0
123,2021-10-20 02:32:49,20050.0,4300.0,47900.0
124,2021-10-20 02:29:26,20100.0,100.0,43600.0
125,2021-10-20 02:29:26,20050.0,4300.0,43500.0
126,2021-10-20 02:28:47,20050.0,700.0,39200.0
127,2021-10-20 02:28:26,20050.0,5300.0,38500.0
128,2021-10-20 02:26:51,20050.0,700.0,33200.0
129,2021-10-20 02:26:36,20050.0,4500.0,32500.0
130,2021-10-20 02:25:59,20050.0,800.0,28000.0
131,2021-10-20 02:25:44,20050.0,4300.0,27200.0
132,2021-10-20 02:24:18,20050.0,1600.0,22900.0
133,2021-10-20 02:23:54,20050.0,4100.0,21300.0
134,2021-10-20 02:23:03,20050.0,500.0,17200.0
135,2021-10-20 02:22:46,20050.0,5200.0,16700.0
136,2021-10-20 02:21:50,20050.0,900.0,11500.0
137,2021-10-20 02:21:38,20050.0,5500.0,10600.0
138,2021-10-20 02:21:07,20050.0,700.0,5100.0
139,2021-10-20 02:20:56,20050.0,4300.0,4400.0
140,2021-10-20 02:15:00,20100.0,100.0,100.0
