,Time,Price,Volume_per_trade,Volume
0,2021-10-20 07:45:01,15700.0,600.0,852100.0
1,2021-10-20 07:45:01,15700.0,400.0,851500.0
2,2021-10-20 07:45:01,15700.0,300.0,851100.0
3,2021-10-20 07:45:01,15700.0,1000.0,850800.0
4,2021-10-20 07:45:01,15700.0,2000.0,849800.0
5,2021-10-20 07:45:01,15700.0,200.0,847800.0
6,2021-10-20 07:45:01,15700.0,500.0,847600.0
7,2021-10-20 07:45:01,15700.0,500.0,847100.0
8,2021-10-20 07:45:01,15700.0,1000.0,846600.0
9,2021-10-20 07:45:01,15700.0,1500.0,845600.0
10,2021-10-20 07:45:01,15700.0,3500.0,844100.0
11,2021-10-20 07:45:01,15700.0,1000.0,840600.0
12,2021-10-20 07:45:01,15700.0,100.0,839600.0
13,2021-10-20 07:45:01,15700.0,300.0,839500.0
14,2021-10-20 07:45:01,15700.0,100.0,839200.0
15,2021-10-20 07:29:59,16000.0,200.0,839100.0
16,2021-10-20 07:29:59,16000.0,4800.0,838900.0
17,2021-10-20 07:29:56,16000.0,200.0,834100.0
18,2021-10-20 07:29:56,16000.0,600.0,833900.0
19,2021-10-20 07:29:56,16000.0,100.0,833300.0
20,2021-10-20 07:29:43,15950.0,800.0,833200.0
21,2021-10-20 07:27:24,15800.0,100.0,832400.0
22,2021-10-20 07:25:42,15700.0,1000.0,832300.0
23,2021-10-20 07:25:17,15700.0,1000.0,831300.0
24,2021-10-20 07:25:17,15700.0,600.0,830300.0
25,2021-10-20 07:24:40,15700.0,10000.0,829700.0
26,2021-10-20 07:24:34,15700.0,500.0,819700.0
27,2021-10-20 07:24:23,15700.0,1000.0,819200.0
28,2021-10-20 07:24:09,15200.0,1600.0,818200.0
29,2021-10-20 07:24:09,15200.0,400.0,816600.0
30,2021-10-20 07:23:01,15150.0,1900.0,816200.0
31,2021-10-20 07:22:48,15150.0,7000.0,814300.0
32,2021-10-20 07:22:48,15050.0,3000.0,807300.0
33,2021-10-20 07:22:47,15000.0,400.0,804300.0
34,2021-10-20 07:22:44,15000.0,13000.0,803900.0
35,2021-10-20 07:22:36,15000.0,200.0,790900.0
36,2021-10-20 07:22:30,15000.0,5000.0,790700.0
37,2021-10-20 07:22:14,15000.0,1400.0,785700.0
38,2021-10-20 07:22:14,15000.0,3600.0,784300.0
39,2021-10-20 07:21:57,14800.0,1100.0,780700.0
40,2021-10-20 07:21:57,14800.0,2000.0,779600.0
41,2021-10-20 07:21:57,14800.0,100.0,777600.0
42,2021-10-20 07:21:57,14800.0,1000.0,777500.0
43,2021-10-20 07:21:57,14800.0,800.0,776500.0
44,2021-10-20 07:21:38,14800.0,100.0,775700.0
45,2021-10-20 07:21:27,14800.0,100.0,775600.0
46,2021-10-20 07:21:26,15000.0,2000.0,775500.0
47,2021-10-20 07:21:25,15000.0,700.0,773500.0
48,2021-10-20 07:20:52,15000.0,1000.0,772800.0
49,2021-10-20 07:20:25,15000.0,500.0,771800.0
50,2021-10-20 07:20:25,15000.0,200.0,771300.0
51,2021-10-20 07:20:25,15100.0,2000.0,771100.0
52,2021-10-20 07:20:17,15000.0,100.0,769100.0
53,2021-10-20 07:20:17,15000.0,900.0,769000.0
54,2021-10-20 07:20:13,15000.0,100.0,768100.0
55,2021-10-20 07:20:13,15000.0,500.0,768000.0
56,2021-10-20 07:20:13,15000.0,300.0,767500.0
57,2021-10-20 07:20:13,15000.0,100.0,767200.0
58,2021-10-20 07:20:07,15150.0,1100.0,767100.0
59,2021-10-20 07:20:07,15150.0,1800.0,766000.0
60,2021-10-20 07:20:07,15100.0,3100.0,764200.0
61,2021-10-20 07:19:59,15000.0,900.0,761100.0
62,2021-10-20 07:19:59,15100.0,100.0,760200.0
63,2021-10-20 07:18:48,15150.0,100.0,760100.0
64,2021-10-20 07:18:36,15150.0,100.0,760000.0
65,2021-10-20 07:18:28,15150.0,200.0,759900.0
66,2021-10-20 07:18:28,15150.0,7800.0,759700.0
67,2021-10-20 07:18:27,15150.0,1200.0,751900.0
68,2021-10-20 07:18:27,15450.0,800.0,750700.0
69,2021-10-20 07:18:26,15400.0,700.0,749900.0
70,2021-10-20 07:18:26,15350.0,500.0,749200.0
71,2021-10-20 07:18:21,15150.0,100.0,748700.0
72,2021-10-20 07:18:17,15150.0,100.0,748600.0
73,2021-10-20 07:18:07,15350.0,100.0,748500.0
74,2021-10-20 07:18:06,15150.0,800.0,748400.0
75,2021-10-20 07:18:06,15200.0,100.0,747600.0
76,2021-10-20 07:18:06,15300.0,1000.0,747500.0
77,2021-10-20 07:18:06,15300.0,100.0,746500.0
78,2021-10-20 07:17:45,15350.0,200.0,746400.0
79,2021-10-20 07:17:45,15400.0,10000.0,746200.0
80,2021-10-20 07:17:45,15400.0,100.0,736200.0
81,2021-10-20 07:17:45,15500.0,100.0,736100.0
82,2021-10-20 07:17:45,15500.0,400.0,736000.0
83,2021-10-20 07:17:45,15500.0,300.0,735600.0
84,2021-10-20 07:17:45,15500.0,8300.0,735300.0
85,2021-10-20 07:17:25,15500.0,700.0,727000.0
86,2021-10-20 07:17:25,15500.0,300.0,726300.0
87,2021-10-20 07:17:06,15500.0,1000.0,726000.0
88,2021-10-20 07:17:03,15600.0,500.0,725000.0
89,2021-10-20 07:17:00,15500.0,2700.0,724500.0
90,2021-10-20 07:17:00,15500.0,2000.0,721800.0
91,2021-10-20 07:17:00,15500.0,100.0,719800.0
92,2021-10-20 07:17:00,15500.0,200.0,719700.0
93,2021-10-20 07:16:37,15500.0,100.0,719500.0
94,2021-10-20 07:16:37,15550.0,1000.0,719400.0
95,2021-10-20 07:16:37,15550.0,500.0,718400.0
96,2021-10-20 07:16:37,15550.0,100.0,717900.0
97,2021-10-20 07:16:37,15550.0,500.0,717800.0
98,2021-10-20 07:16:28,15600.0,100.0,717300.0
99,2021-10-20 07:16:10,15600.0,9000.0,717200.0
100,2021-10-20 07:16:10,15600.0,1000.0,708200.0
101,2021-10-20 07:16:10,15600.0,2000.0,707200.0
102,2021-10-20 07:16:10,15600.0,500.0,705200.0
103,2021-10-20 07:16:10,15600.0,1100.0,704700.0
104,2021-10-20 07:16:10,15600.0,300.0,703600.0
105,2021-10-20 07:16:10,15600.0,1000.0,703300.0
106,2021-10-20 07:16:09,15700.0,7900.0,702300.0
107,2021-10-20 07:16:09,15700.0,200.0,694400.0
108,2021-10-20 07:16:09,15700.0,1900.0,694200.0
109,2021-10-20 07:16:07,15600.0,100.0,692300.0
110,2021-10-20 07:16:07,15600.0,900.0,692200.0
111,2021-10-20 07:16:01,15600.0,500.0,691300.0
112,2021-10-20 07:16:01,15600.0,500.0,690800.0
113,2021-10-20 07:15:21,15600.0,700.0,690300.0
114,2021-10-20 07:15:01,15600.0,800.0,689600.0
115,2021-10-20 07:15:01,15650.0,100.0,688800.0
116,2021-10-20 07:15:01,15650.0,100.0,688700.0
117,2021-10-20 07:15:01,15650.0,1000.0,688600.0
118,2021-10-20 07:14:45,15700.0,500.0,687600.0
119,2021-10-20 07:14:45,15700.0,300.0,687100.0
120,2021-10-20 07:14:45,15700.0,500.0,686800.0
121,2021-10-20 07:14:45,15700.0,100.0,686300.0
122,2021-10-20 07:14:45,15700.0,200.0,686200.0
123,2021-10-20 07:14:45,15700.0,1500.0,686000.0
124,2021-10-20 07:14:45,15700.0,100.0,684500.0
125,2021-10-20 07:14:45,15700.0,2700.0,684400.0
126,2021-10-20 07:14:45,15700.0,100.0,681700.0
127,2021-10-20 07:14:45,15700.0,4000.0,681600.0
128,2021-10-20 07:14:45,15700.0,200.0,677600.0
129,2021-10-20 07:14:45,15700.0,6900.0,677400.0
130,2021-10-20 07:14:39,15700.0,1100.0,670500.0
131,2021-10-20 07:14:39,15700.0,100.0,669400.0
132,2021-10-20 07:14:39,15700.0,800.0,669300.0
133,2021-10-20 07:14:20,15700.0,200.0,668500.0
134,2021-10-20 07:14:20,15700.0,800.0,668300.0
135,2021-10-20 07:14:20,15700.0,4000.0,667500.0
136,2021-10-20 07:13:57,15700.0,100.0,663500.0
137,2021-10-20 07:13:57,15750.0,100.0,663400.0
138,2021-10-20 07:13:57,15800.0,100.0,663300.0
139,2021-10-20 07:13:57,15800.0,4700.0,663200.0
140,2021-10-20 07:13:45,15800.0,300.0,658500.0
141,2021-10-20 07:11:15,15700.0,10600.0,658200.0
142,2021-10-20 07:11:15,15750.0,600.0,647600.0
143,2021-10-20 07:11:15,15750.0,500.0,647000.0
144,2021-10-20 07:11:15,15750.0,6000.0,646500.0
145,2021-10-20 07:11:15,15750.0,500.0,640500.0
146,2021-10-20 07:11:15,15800.0,2000.0,640000.0
147,2021-10-20 07:11:15,15800.0,500.0,638000.0
148,2021-10-20 07:11:15,15800.0,100.0,637500.0
149,2021-10-20 07:11:15,15800.0,3000.0,637400.0
150,2021-10-20 07:11:15,15850.0,100.0,634400.0
151,2021-10-20 07:11:15,15850.0,1000.0,634300.0
152,2021-10-20 07:11:15,15850.0,100.0,633300.0
153,2021-10-20 07:09:39,16000.0,100.0,633200.0
154,2021-10-20 07:05:57,16000.0,100.0,633100.0
155,2021-10-20 07:05:49,16000.0,100.0,633000.0
156,2021-10-20 07:05:10,16000.0,400.0,632900.0
157,2021-10-20 07:05:09,16000.0,800.0,632500.0
158,2021-10-20 07:05:09,16000.0,200.0,631700.0
159,2021-10-20 07:05:09,16000.0,1000.0,631500.0
160,2021-10-20 07:05:09,16000.0,800.0,630500.0
161,2021-10-20 06:58:51,16000.0,200.0,629700.0
162,2021-10-20 06:58:48,16000.0,4800.0,629500.0
163,2021-10-20 06:58:32,16000.0,200.0,624700.0
164,2021-10-20 06:58:32,15950.0,1100.0,624500.0
165,2021-10-20 06:58:08,15800.0,2000.0,623400.0
166,2021-10-20 06:57:51,15800.0,500.0,621400.0
167,2021-10-20 06:57:51,15900.0,500.0,620900.0
168,2021-10-20 06:57:33,15900.0,500.0,620400.0
169,2021-10-20 06:57:10,15950.0,3900.0,619900.0
170,2021-10-20 06:57:10,15950.0,200.0,616000.0
171,2021-10-20 06:57:10,15950.0,4900.0,615800.0
172,2021-10-20 06:56:45,15900.0,100.0,610900.0
173,2021-10-20 06:54:44,15900.0,1000.0,610800.0
174,2021-10-20 06:53:01,15950.0,100.0,609800.0
175,2021-10-20 06:51:07,16050.0,100.0,609700.0
176,2021-10-20 06:49:43,16050.0,200.0,609600.0
177,2021-10-20 06:49:18,16050.0,6300.0,609400.0
178,2021-10-20 06:49:18,16000.0,500.0,603100.0
179,2021-10-20 06:49:18,16000.0,200.0,602600.0
180,2021-10-20 06:49:18,16000.0,100.0,602400.0
181,2021-10-20 06:49:18,16000.0,400.0,602300.0
182,2021-10-20 06:49:18,15950.0,1000.0,601900.0
183,2021-10-20 06:49:18,15950.0,9900.0,600900.0
184,2021-10-20 06:48:44,15900.0,300.0,591000.0
185,2021-10-20 06:48:44,15900.0,300.0,590700.0
186,2021-10-20 06:46:54,15900.0,100.0,590400.0
187,2021-10-20 06:45:50,15800.0,5000.0,590300.0
188,2021-10-20 06:45:34,15900.0,500.0,585300.0
189,2021-10-20 06:45:34,15900.0,5000.0,584800.0
190,2021-10-20 06:45:34,15900.0,2500.0,579800.0
191,2021-10-20 06:44:50,15800.0,1000.0,577300.0
192,2021-10-20 06:44:31,15800.0,500.0,576300.0
193,2021-10-20 06:44:31,15750.0,1500.0,575800.0
194,2021-10-20 06:43:31,15700.0,5000.0,574300.0
195,2021-10-20 06:43:00,15700.0,300.0,569300.0
196,2021-10-20 06:43:00,15700.0,500.0,569000.0
197,2021-10-20 06:43:00,15700.0,200.0,568500.0
198,2021-10-20 06:42:14,15700.0,300.0,568300.0
199,2021-10-20 06:42:14,15700.0,4700.0,568000.0
200,2021-10-20 06:41:11,15700.0,100.0,563300.0
201,2021-10-20 06:41:06,15700.0,100.0,563200.0
202,2021-10-20 06:41:05,15750.0,600.0,563100.0
203,2021-10-20 06:40:48,15750.0,400.0,562500.0
204,2021-10-20 06:40:48,15750.0,2500.0,562100.0
205,2021-10-20 06:40:14,15750.0,2500.0,559600.0
206,2021-10-20 06:39:49,15750.0,300.0,557100.0
207,2021-10-20 06:39:28,15750.0,1000.0,556800.0
208,2021-10-20 06:39:28,15750.0,100.0,555800.0
209,2021-10-20 06:39:28,15750.0,1000.0,555700.0
210,2021-10-20 06:39:28,15750.0,100.0,554700.0
211,2021-10-20 06:39:13,15750.0,900.0,554600.0
212,2021-10-20 06:39:13,15750.0,200.0,553700.0
213,2021-10-20 06:39:13,15750.0,1100.0,553500.0
214,2021-10-20 06:39:13,15750.0,12800.0,552400.0
215,2021-10-20 06:39:04,15750.0,5000.0,539600.0
216,2021-10-20 06:37:35,15750.0,100.0,534600.0
217,2021-10-20 06:37:32,15750.0,100.0,534500.0
218,2021-10-20 06:36:55,15750.0,100.0,534400.0
219,2021-10-20 06:35:37,15900.0,5000.0,534300.0
220,2021-10-20 06:35:06,15750.0,100.0,529300.0
221,2021-10-20 06:34:50,15750.0,4300.0,529200.0
222,2021-10-20 06:34:50,15750.0,200.0,524900.0
223,2021-10-20 06:34:50,15800.0,500.0,524700.0
224,2021-10-20 06:34:46,15800.0,2000.0,524200.0
225,2021-10-20 06:34:46,15850.0,500.0,522200.0
226,2021-10-20 06:34:46,15850.0,1000.0,521700.0
227,2021-10-20 06:34:46,15850.0,1500.0,520700.0
228,2021-10-20 06:34:22,15850.0,500.0,519200.0
229,2021-10-20 06:32:49,15900.0,500.0,518700.0
230,2021-10-20 06:32:49,15900.0,2000.0,518200.0
231,2021-10-20 06:32:01,15950.0,100.0,516200.0
232,2021-10-20 06:27:35,16000.0,200.0,516100.0
233,2021-10-20 06:27:35,16000.0,200.0,515900.0
234,2021-10-20 06:24:34,16000.0,500.0,515700.0
235,2021-10-20 06:22:47,16100.0,100.0,515200.0
236,2021-10-20 06:22:04,16100.0,800.0,515100.0
237,2021-10-20 06:21:50,16150.0,200.0,514300.0
238,2021-10-20 06:19:58,16150.0,200.0,514100.0
239,2021-10-20 06:19:36,16150.0,100.0,513900.0
240,2021-10-20 06:19:36,16150.0,2900.0,513800.0
241,2021-10-20 06:19:36,16150.0,500.0,510900.0
242,2021-10-20 06:19:36,16150.0,200.0,510400.0
243,2021-10-20 06:19:00,16150.0,800.0,510200.0
244,2021-10-20 06:19:00,16150.0,200.0,509400.0
245,2021-10-20 06:18:40,16200.0,100.0,509200.0
246,2021-10-20 06:18:27,16150.0,300.0,509100.0
247,2021-10-20 06:18:27,16150.0,400.0,508800.0
248,2021-10-20 06:18:27,16150.0,100.0,508400.0
249,2021-10-20 06:18:27,16150.0,200.0,508300.0
250,2021-10-20 06:18:25,16150.0,4800.0,508100.0
251,2021-10-20 06:18:25,16150.0,2500.0,503300.0
252,2021-10-20 06:18:25,16150.0,2700.0,500800.0
253,2021-10-20 06:17:44,16200.0,300.0,498100.0
254,2021-10-20 06:17:40,16200.0,500.0,497800.0
255,2021-10-20 06:17:40,16200.0,200.0,497300.0
256,2021-10-20 06:17:40,16200.0,1000.0,497100.0
257,2021-10-20 06:17:40,16200.0,1500.0,496100.0
258,2021-10-20 06:16:10,16200.0,100.0,494600.0
259,2021-10-20 06:16:10,16200.0,100.0,494500.0
260,2021-10-20 06:16:10,16200.0,100.0,494400.0
261,2021-10-20 06:10:13,16200.0,100.0,494300.0
262,2021-10-20 06:04:43,16200.0,800.0,494200.0
263,2021-10-20 06:04:43,16200.0,200.0,493400.0
264,2021-10-20 06:04:43,16200.0,2000.0,493200.0
265,2021-10-20 06:01:19,16200.0,3000.0,491200.0
266,2021-10-20 06:01:13,16200.0,100.0,488200.0
267,2021-10-20 06:01:05,16200.0,1000.0,488100.0
268,2021-10-20 06:00:54,16200.0,400.0,487100.0
269,2021-10-20 06:00:54,16200.0,300.0,486700.0
270,2021-10-20 06:00:44,16200.0,600.0,486400.0
271,2021-10-20 06:00:37,16200.0,200.0,485800.0
272,2021-10-20 06:00:25,16200.0,500.0,485600.0
273,2021-10-20 06:00:25,16200.0,400.0,485100.0
274,2021-10-20 06:00:21,16200.0,3000.0,484700.0
275,2021-10-20 06:00:17,16200.0,1000.0,481700.0
276,2021-10-20 06:00:14,16200.0,500.0,480700.0
277,2021-10-20 06:00:14,16200.0,100.0,480200.0
278,2021-10-20 06:00:14,16200.0,100.0,480100.0
279,2021-10-20 06:00:14,16200.0,1000.0,480000.0
280,2021-10-20 06:00:14,16200.0,300.0,479000.0
281,2021-10-20 06:00:03,16200.0,2400.0,478700.0
282,2021-10-20 06:00:03,16200.0,300.0,476300.0
283,2021-10-20 06:00:03,16200.0,100.0,476000.0
284,2021-10-20 06:00:03,16200.0,500.0,475900.0
285,2021-10-20 06:00:03,16200.0,5700.0,475400.0
286,2021-10-20 06:00:02,16200.0,2000.0,469700.0
287,2021-10-20 06:00:00,16200.0,1700.0,467700.0
288,2021-10-20 06:00:00,16200.0,100.0,466000.0
289,2021-10-20 04:25:48,16200.0,500.0,465900.0
290,2021-10-20 04:25:48,16200.0,300.0,465400.0
291,2021-10-20 04:25:48,16200.0,200.0,465100.0
292,2021-10-20 04:24:43,16200.0,100.0,464900.0
293,2021-10-20 04:24:43,16200.0,200.0,464800.0
294,2021-10-20 04:24:37,16200.0,100.0,464600.0
295,2021-10-20 04:23:50,16200.0,10000.0,464500.0
296,2021-10-20 04:22:37,16200.0,700.0,454500.0
297,2021-10-20 04:21:40,16200.0,400.0,453800.0
298,2021-10-20 04:21:40,16200.0,100.0,453400.0
299,2021-10-20 04:21:15,16200.0,400.0,453300.0
300,2021-10-20 04:21:15,16200.0,1100.0,452900.0
301,2021-10-20 04:21:02,16200.0,1300.0,451800.0
302,2021-10-20 04:21:02,16200.0,500.0,450500.0
303,2021-10-20 04:21:02,16200.0,3200.0,450000.0
304,2021-10-20 04:21:01,16200.0,200.0,446800.0
305,2021-10-20 04:20:59,16200.0,600.0,446600.0
306,2021-10-20 04:20:59,16200.0,1000.0,446000.0
307,2021-10-20 04:20:59,16200.0,400.0,445000.0
308,2021-10-20 04:20:59,16200.0,100.0,444600.0
309,2021-10-20 04:20:59,16200.0,11700.0,444500.0
310,2021-10-20 04:20:59,16200.0,500.0,432800.0
311,2021-10-20 04:20:59,16200.0,100.0,432300.0
312,2021-10-20 04:20:59,16200.0,2000.0,432200.0
313,2021-10-20 04:20:59,16200.0,3300.0,430200.0
314,2021-10-20 04:20:59,16200.0,400.0,426900.0
315,2021-10-20 04:20:59,16200.0,200.0,426500.0
316,2021-10-20 04:20:59,16200.0,2000.0,426300.0
317,2021-10-20 04:20:59,16200.0,300.0,424300.0
318,2021-10-20 04:20:59,16200.0,500.0,424000.0
319,2021-10-20 04:20:59,16200.0,1400.0,423500.0
320,2021-10-20 04:20:59,16200.0,1000.0,422100.0
321,2021-10-20 04:20:59,16200.0,2000.0,421100.0
322,2021-10-20 04:20:59,16200.0,500.0,419100.0
323,2021-10-20 04:20:59,16200.0,100.0,418600.0
324,2021-10-20 04:20:59,16200.0,3000.0,418500.0
325,2021-10-20 04:20:59,16200.0,1500.0,415500.0
326,2021-10-20 04:20:59,16200.0,10000.0,414000.0
327,2021-10-20 04:20:59,16200.0,1000.0,404000.0
328,2021-10-20 04:20:59,16200.0,400.0,403000.0
329,2021-10-20 04:20:59,16200.0,500.0,402600.0
330,2021-10-20 04:20:59,16200.0,20000.0,402100.0
331,2021-10-20 04:20:59,16200.0,300.0,382100.0
332,2021-10-20 04:20:59,16200.0,2000.0,381800.0
333,2021-10-20 04:20:59,16200.0,1000.0,379800.0
334,2021-10-20 04:20:59,16200.0,700.0,378800.0
335,2021-10-20 04:20:59,16200.0,3000.0,378100.0
336,2021-10-20 04:20:59,16200.0,1000.0,375100.0
337,2021-10-20 04:20:59,16200.0,200.0,374100.0
338,2021-10-20 04:20:59,16200.0,500.0,373900.0
339,2021-10-20 04:20:59,16200.0,2000.0,373400.0
340,2021-10-20 04:20:59,16200.0,4800.0,371400.0
341,2021-10-20 04:20:49,16200.0,100.0,366600.0
342,2021-10-20 04:20:46,16200.0,200.0,366500.0
343,2021-10-20 04:20:42,16200.0,500.0,366300.0
344,2021-10-20 04:20:05,16200.0,900.0,365800.0
345,2021-10-20 04:20:00,16200.0,1000.0,364900.0
346,2021-10-20 04:19:37,16200.0,900.0,363900.0
347,2021-10-20 04:19:37,16200.0,200.0,363000.0
348,2021-10-20 04:19:37,16200.0,200.0,362800.0
349,2021-10-20 04:19:37,16200.0,4700.0,362600.0
350,2021-10-20 04:19:37,16200.0,700.0,357900.0
351,2021-10-20 04:19:37,16200.0,3000.0,357200.0
352,2021-10-20 04:19:37,16200.0,300.0,354200.0
353,2021-10-20 04:18:40,16150.0,500.0,353900.0
354,2021-10-20 04:18:40,16150.0,5000.0,353400.0
355,2021-10-20 04:18:40,16150.0,500.0,348400.0
356,2021-10-20 04:18:40,16150.0,500.0,347900.0
357,2021-10-20 04:18:40,16150.0,800.0,347400.0
358,2021-10-20 04:17:01,16150.0,500.0,346600.0
359,2021-10-20 04:16:14,16150.0,1800.0,346100.0
360,2021-10-20 04:16:14,16150.0,500.0,344300.0
361,2021-10-20 04:16:14,16150.0,200.0,343800.0
362,2021-10-20 04:16:14,16150.0,1000.0,343600.0
363,2021-10-20 04:14:29,16100.0,500.0,342600.0
364,2021-10-20 04:14:29,16100.0,500.0,342100.0
365,2021-10-20 04:13:54,16100.0,100.0,341600.0
366,2021-10-20 04:12:55,16100.0,400.0,341500.0
367,2021-10-20 04:12:55,16100.0,1000.0,341100.0
368,2021-10-20 04:12:55,16100.0,3000.0,340100.0
369,2021-10-20 04:12:55,16100.0,1000.0,337100.0
370,2021-10-20 04:12:55,16100.0,1000.0,336100.0
371,2021-10-20 04:12:55,16100.0,400.0,335100.0
372,2021-10-20 04:12:55,16050.0,500.0,334700.0
373,2021-10-20 04:12:05,16000.0,10000.0,334200.0
374,2021-10-20 04:12:05,16000.0,400.0,324200.0
375,2021-10-20 04:12:05,16000.0,100.0,323800.0
376,2021-10-20 04:12:05,16000.0,100.0,323700.0
377,2021-10-20 04:12:05,16000.0,100.0,323600.0
378,2021-10-20 04:12:05,16000.0,1000.0,323500.0
379,2021-10-20 04:12:05,16000.0,5000.0,322500.0
380,2021-10-20 04:12:05,16000.0,2000.0,317500.0
381,2021-10-20 04:12:05,16000.0,600.0,315500.0
382,2021-10-20 04:12:05,16000.0,800.0,314900.0
383,2021-10-20 04:12:05,16000.0,500.0,314100.0
384,2021-10-20 04:11:37,15950.0,200.0,313600.0
385,2021-10-20 04:11:37,15950.0,5000.0,313400.0
386,2021-10-20 04:11:03,15900.0,2000.0,308400.0
387,2021-10-20 04:11:03,15900.0,100.0,306400.0
388,2021-10-20 04:11:03,15900.0,1000.0,306300.0
389,2021-10-20 04:11:03,15900.0,500.0,305300.0
390,2021-10-20 04:10:46,15850.0,5000.0,304800.0
391,2021-10-20 04:09:03,15850.0,200.0,299800.0
392,2021-10-20 04:09:03,15850.0,1000.0,299600.0
393,2021-10-20 04:09:03,15850.0,100.0,298600.0
394,2021-10-20 04:09:03,15850.0,3000.0,298500.0
395,2021-10-20 04:09:03,15850.0,100.0,295500.0
396,2021-10-20 04:09:03,15850.0,8100.0,295400.0
397,2021-10-20 04:08:40,15800.0,5800.0,287300.0
398,2021-10-20 04:08:29,15800.0,300.0,281500.0
399,2021-10-20 04:08:29,15800.0,600.0,281200.0
400,2021-10-20 04:08:03,15800.0,4400.0,280600.0
401,2021-10-20 04:08:03,15800.0,600.0,276200.0
402,2021-10-20 04:07:44,15850.0,1000.0,275600.0
403,2021-10-20 04:00:55,15850.0,100.0,274600.0
404,2021-10-20 03:54:14,15850.0,400.0,274500.0
405,2021-10-20 03:49:55,15850.0,400.0,274100.0
406,2021-10-20 03:48:55,15850.0,600.0,273700.0
407,2021-10-20 03:48:20,15850.0,400.0,273100.0
408,2021-10-20 03:48:20,15850.0,200.0,272700.0
409,2021-10-20 03:47:41,15850.0,100.0,272500.0
410,2021-10-20 03:45:37,15850.0,400.0,272400.0
411,2021-10-20 03:45:15,15800.0,100.0,272000.0
412,2021-10-20 03:42:53,15800.0,100.0,271900.0
413,2021-10-20 03:41:59,15800.0,1000.0,271800.0
414,2021-10-20 03:41:59,15800.0,3900.0,270800.0
415,2021-10-20 03:40:44,15800.0,300.0,266900.0
416,2021-10-20 03:40:37,15800.0,200.0,266600.0
417,2021-10-20 03:39:50,15800.0,100.0,266400.0
418,2021-10-20 03:39:40,15750.0,300.0,266300.0
419,2021-10-20 03:38:25,15800.0,1000.0,266000.0
420,2021-10-20 03:38:13,15800.0,300.0,265000.0
421,2021-10-20 03:34:09,15800.0,100.0,264700.0
422,2021-10-20 03:34:09,15800.0,500.0,264600.0
423,2021-10-20 03:32:47,15800.0,4500.0,264100.0
424,2021-10-20 03:32:47,15800.0,3000.0,259600.0
425,2021-10-20 03:25:18,15800.0,5000.0,256600.0
426,2021-10-20 03:25:18,15800.0,2000.0,251600.0
427,2021-10-20 03:23:50,15800.0,300.0,249600.0
428,2021-10-20 03:23:11,15800.0,100.0,249300.0
429,2021-10-20 03:20:55,15750.0,200.0,249200.0
430,2021-10-20 03:19:53,15800.0,500.0,249000.0
431,2021-10-20 03:16:56,15800.0,400.0,248500.0
432,2021-10-20 03:15:58,15800.0,4000.0,248100.0
433,2021-10-20 03:11:08,15700.0,1600.0,244100.0
434,2021-10-20 03:11:08,15700.0,900.0,242500.0
435,2021-10-20 03:11:08,15750.0,300.0,241600.0
436,2021-10-20 03:11:08,15750.0,200.0,241300.0
437,2021-10-20 03:10:15,15750.0,300.0,241100.0
438,2021-10-20 03:10:15,15750.0,600.0,240800.0
439,2021-10-20 03:08:17,15750.0,100.0,240200.0
440,2021-10-20 03:07:21,15800.0,300.0,240100.0
441,2021-10-20 03:06:19,15800.0,1200.0,239800.0
442,2021-10-20 03:06:19,15800.0,600.0,238600.0
443,2021-10-20 03:06:19,15800.0,600.0,238000.0
444,2021-10-20 03:05:46,15850.0,1400.0,237400.0
445,2021-10-20 03:05:38,15850.0,1700.0,236000.0
446,2021-10-20 03:05:38,15850.0,500.0,234300.0
447,2021-10-20 03:04:50,15850.0,100.0,233800.0
448,2021-10-20 03:04:02,15850.0,300.0,233700.0
449,2021-10-20 03:02:01,15900.0,1000.0,233400.0
450,2021-10-20 03:02:01,15900.0,900.0,232400.0
451,2021-10-20 03:01:05,15900.0,1000.0,231500.0
452,2021-10-20 03:00:44,15850.0,100.0,230500.0
453,2021-10-20 02:58:15,15800.0,10000.0,230400.0
454,2021-10-20 02:57:45,15900.0,700.0,220400.0
455,2021-10-20 02:56:43,15900.0,1300.0,219700.0
456,2021-10-20 02:56:02,15750.0,1300.0,218400.0
457,2021-10-20 02:56:02,15750.0,500.0,217100.0
458,2021-10-20 02:56:02,15750.0,1000.0,216600.0
459,2021-10-20 02:56:02,15750.0,200.0,215600.0
460,2021-10-20 02:55:41,15900.0,100.0,215400.0
461,2021-10-20 02:55:40,15800.0,3100.0,215300.0
462,2021-10-20 02:55:33,15800.0,500.0,212200.0
463,2021-10-20 02:55:11,15800.0,100.0,211700.0
464,2021-10-20 02:54:21,15800.0,300.0,211600.0
465,2021-10-20 02:52:44,15800.0,1000.0,211300.0
466,2021-10-20 02:51:18,15700.0,100.0,210300.0
467,2021-10-20 02:50:47,15750.0,300.0,210200.0
468,2021-10-20 02:50:40,15750.0,2000.0,209900.0
469,2021-10-20 02:49:13,15700.0,1000.0,207900.0
470,2021-10-20 02:49:13,15700.0,4000.0,206900.0
471,2021-10-20 02:48:37,15750.0,1600.0,202900.0
472,2021-10-20 02:48:28,15800.0,900.0,201300.0
473,2021-10-20 02:46:00,15700.0,100.0,200400.0
474,2021-10-20 02:46:00,15700.0,1400.0,200300.0
475,2021-10-20 02:46:00,15700.0,700.0,198900.0
476,2021-10-20 02:45:58,15600.0,300.0,198200.0
477,2021-10-20 02:45:00,15600.0,500.0,197900.0
478,2021-10-20 02:45:00,15600.0,1900.0,197400.0
479,2021-10-20 02:44:55,15600.0,600.0,195500.0
480,2021-10-20 02:44:23,15600.0,2500.0,194900.0
481,2021-10-20 02:44:23,15600.0,100.0,192400.0
482,2021-10-20 02:44:10,15600.0,1500.0,192300.0
483,2021-10-20 02:44:10,15600.0,1000.0,190800.0
484,2021-10-20 02:43:40,15600.0,2000.0,189800.0
485,2021-10-20 02:42:09,15600.0,1000.0,187800.0
486,2021-10-20 02:41:59,15600.0,2000.0,186800.0
487,2021-10-20 02:41:39,15700.0,200.0,184800.0
488,2021-10-20 02:40:19,15700.0,2000.0,184600.0
489,2021-10-20 02:40:19,15700.0,200.0,182600.0
490,2021-10-20 02:40:19,15700.0,5000.0,182400.0
491,2021-10-20 02:40:19,15700.0,100.0,177400.0
492,2021-10-20 02:40:19,15700.0,1000.0,177300.0
493,2021-10-20 02:40:19,15700.0,8500.0,176300.0
494,2021-10-20 02:40:19,15700.0,500.0,167800.0
495,2021-10-20 02:40:00,15700.0,500.0,167300.0
496,2021-10-20 02:38:47,15700.0,100.0,166800.0
497,2021-10-20 02:38:27,15700.0,8900.0,166700.0
498,2021-10-20 02:38:27,15700.0,400.0,157800.0
499,2021-10-20 02:38:27,15700.0,200.0,157400.0
500,2021-10-20 02:38:27,15800.0,500.0,157200.0
501,2021-10-20 02:38:27,15750.0,600.0,156700.0
502,2021-10-20 02:38:10,15750.0,1000.0,156100.0
503,2021-10-20 02:38:10,15800.0,1300.0,155100.0
504,2021-10-20 02:38:10,15800.0,2100.0,153800.0
505,2021-10-20 02:38:00,15800.0,1100.0,151700.0
506,2021-10-20 02:38:00,15800.0,5000.0,150600.0
507,2021-10-20 02:38:00,15800.0,100.0,145600.0
508,2021-10-20 02:38:00,15850.0,1000.0,145500.0
509,2021-10-20 02:38:00,15900.0,500.0,144500.0
510,2021-10-20 02:38:00,15900.0,2000.0,144000.0
511,2021-10-20 02:38:00,15900.0,300.0,142000.0
512,2021-10-20 02:37:39,15950.0,100.0,141700.0
513,2021-10-20 02:35:24,16000.0,700.0,141600.0
514,2021-10-20 02:33:15,16000.0,200.0,140900.0
515,2021-10-20 02:32:35,16000.0,600.0,140700.0
516,2021-10-20 02:32:35,16000.0,1200.0,140100.0
517,2021-10-20 02:32:35,16000.0,800.0,138900.0
518,2021-10-20 02:32:35,16000.0,500.0,138100.0
519,2021-10-20 02:32:15,16000.0,500.0,137600.0
520,2021-10-20 02:32:15,16000.0,100.0,137100.0
521,2021-10-20 02:32:15,16000.0,400.0,137000.0
522,2021-10-20 02:31:52,16000.0,100.0,136600.0
523,2021-10-20 02:31:52,16000.0,100.0,136500.0
524,2021-10-20 02:31:52,16000.0,800.0,136400.0
525,2021-10-20 02:31:48,16100.0,3000.0,135600.0
526,2021-10-20 02:31:13,16100.0,100.0,132600.0
527,2021-10-20 02:31:13,16100.0,300.0,132500.0
528,2021-10-20 02:31:10,16100.0,1000.0,132200.0
529,2021-10-20 02:31:10,16100.0,200.0,131200.0
530,2021-10-20 02:31:10,16100.0,2300.0,131000.0
531,2021-10-20 02:30:33,16100.0,100.0,128700.0
532,2021-10-20 02:29:38,16100.0,1000.0,128600.0
533,2021-10-20 02:28:25,16150.0,300.0,127600.0
534,2021-10-20 02:28:25,16150.0,100.0,127300.0
535,2021-10-20 02:27:50,16150.0,100.0,127200.0
536,2021-10-20 02:27:50,16150.0,2900.0,127100.0
537,2021-10-20 02:27:43,16150.0,300.0,124200.0
538,2021-10-20 02:27:37,16150.0,400.0,123900.0
539,2021-10-20 02:26:56,16150.0,300.0,123500.0
540,2021-10-20 02:26:43,16150.0,1200.0,123200.0
541,2021-10-20 02:26:02,16150.0,500.0,122000.0
542,2021-10-20 02:25:34,16150.0,3100.0,121500.0
543,2021-10-20 02:25:21,16150.0,500.0,118400.0
544,2021-10-20 02:25:16,16150.0,400.0,117900.0
545,2021-10-20 02:25:13,16150.0,400.0,117500.0
546,2021-10-20 02:25:03,16200.0,700.0,117100.0
547,2021-10-20 02:25:03,16200.0,500.0,116400.0
548,2021-10-20 02:24:57,16150.0,1600.0,115900.0
549,2021-10-20 02:24:48,16150.0,4900.0,114300.0
550,2021-10-20 02:24:48,16150.0,100.0,109400.0
551,2021-10-20 02:24:19,16150.0,100.0,109300.0
552,2021-10-20 02:24:19,16150.0,500.0,109200.0
553,2021-10-20 02:24:19,16150.0,400.0,108700.0
554,2021-10-20 02:24:13,16150.0,100.0,108300.0
555,2021-10-20 02:23:42,16150.0,1500.0,108200.0
556,2021-10-20 02:23:42,16150.0,500.0,106700.0
557,2021-10-20 02:22:48,16150.0,500.0,106200.0
558,2021-10-20 02:22:31,16100.0,200.0,105700.0
559,2021-10-20 02:21:53,16100.0,2900.0,105500.0
560,2021-10-20 02:21:53,16100.0,1500.0,102600.0
561,2021-10-20 02:21:53,16100.0,2000.0,101100.0
562,2021-10-20 02:21:10,16100.0,100.0,99100.0
563,2021-10-20 02:21:10,16100.0,100.0,99000.0
564,2021-10-20 02:21:10,16100.0,200.0,98900.0
565,2021-10-20 02:21:10,16100.0,1800.0,98700.0
566,2021-10-20 02:20:58,16100.0,3000.0,96900.0
567,2021-10-20 02:20:58,16100.0,5000.0,93900.0
568,2021-10-20 02:20:44,16100.0,2000.0,88900.0
569,2021-10-20 02:19:43,16100.0,300.0,86900.0
570,2021-10-20 02:19:38,16150.0,1000.0,86600.0
571,2021-10-20 02:19:38,16150.0,100.0,85600.0
572,2021-10-20 02:19:38,16150.0,1500.0,85500.0
573,2021-10-20 02:19:38,16150.0,100.0,84000.0
574,2021-10-20 02:19:30,16200.0,200.0,83900.0
575,2021-10-20 02:19:30,16200.0,1000.0,83700.0
576,2021-10-20 02:19:30,16200.0,100.0,82700.0
577,2021-10-20 02:19:30,16200.0,1000.0,82600.0
578,2021-10-20 02:19:30,16200.0,200.0,81600.0
579,2021-10-20 02:19:21,16150.0,1000.0,81400.0
580,2021-10-20 02:19:15,16200.0,1000.0,80400.0
581,2021-10-20 02:19:02,16150.0,500.0,79400.0
582,2021-10-20 02:18:53,16200.0,200.0,78900.0
583,2021-10-20 02:18:06,16150.0,500.0,78700.0
584,2021-10-20 02:17:51,16150.0,900.0,78200.0
585,2021-10-20 02:17:36,16150.0,100.0,77300.0
586,2021-10-20 02:17:19,16200.0,2600.0,77200.0
587,2021-10-20 02:17:19,16200.0,400.0,74600.0
588,2021-10-20 02:17:02,16150.0,2000.0,74200.0
589,2021-10-20 02:17:02,16150.0,1000.0,72200.0
590,2021-10-20 02:16:57,16100.0,2000.0,71200.0
591,2021-10-20 02:16:44,16150.0,2000.0,69200.0
592,2021-10-20 02:16:39,16000.0,5000.0,67200.0
593,2021-10-20 02:16:11,16000.0,100.0,62200.0
594,2021-10-20 02:16:11,16000.0,1000.0,62100.0
595,2021-10-20 02:16:11,16000.0,800.0,61100.0
596,2021-10-20 02:16:11,16000.0,2000.0,60300.0
597,2021-10-20 02:16:11,16000.0,10000.0,58300.0
598,2021-10-20 02:16:11,16000.0,100.0,48300.0
599,2021-10-20 02:16:11,16000.0,200.0,48200.0
600,2021-10-20 02:16:07,15950.0,200.0,48000.0
601,2021-10-20 02:16:07,15950.0,700.0,47800.0
602,2021-10-20 02:15:01,15950.0,100.0,47100.0
603,2021-10-20 02:15:01,15950.0,300.0,47000.0
604,2021-10-20 02:15:01,15950.0,1200.0,46700.0
605,2021-10-20 02:15:01,15950.0,600.0,45500.0
606,2021-10-20 02:15:01,15950.0,100.0,44900.0
607,2021-10-20 02:15:01,15950.0,2100.0,44800.0
608,2021-10-20 02:15:01,15950.0,400.0,42700.0
609,2021-10-20 02:15:01,15950.0,400.0,42300.0
610,2021-10-20 02:15:01,15950.0,3000.0,41900.0
611,2021-10-20 02:15:01,15950.0,500.0,38900.0
612,2021-10-20 02:15:01,15950.0,700.0,38400.0
613,2021-10-20 02:15:01,15950.0,2300.0,37700.0
614,2021-10-20 02:15:01,15950.0,500.0,35400.0
615,2021-10-20 02:15:01,15950.0,3000.0,34900.0
616,2021-10-20 02:15:01,15950.0,500.0,31900.0
617,2021-10-20 02:15:01,15950.0,3000.0,31400.0
618,2021-10-20 02:15:01,15950.0,700.0,28400.0
619,2021-10-20 02:15:01,15950.0,2300.0,27700.0
620,2021-10-20 02:15:01,15950.0,3000.0,25400.0
621,2021-10-20 02:15:01,15950.0,3000.0,22400.0
622,2021-10-20 02:15:01,15950.0,1700.0,19400.0
623,2021-10-20 02:15:01,15950.0,300.0,17700.0
624,2021-10-20 02:15:01,15950.0,1000.0,17400.0
625,2021-10-20 02:15:01,15950.0,6200.0,16400.0
626,2021-10-20 02:15:01,15950.0,100.0,10200.0
627,2021-10-20 02:15:01,15950.0,1700.0,10100.0
628,2021-10-20 02:15:01,15950.0,3000.0,8400.0
629,2021-10-20 02:15:01,15950.0,2000.0,5400.0
630,2021-10-20 02:15:01,15950.0,600.0,3400.0
631,2021-10-20 02:15:01,15950.0,300.0,2800.0
632,2021-10-20 02:15:01,15950.0,400.0,2500.0
633,2021-10-20 02:15:01,15950.0,1000.0,2100.0
634,2021-10-20 02:15:01,15950.0,1000.0,1100.0
635,2021-10-20 02:15:01,15950.0,100.0,100.0
