,Time,Price,Volume_per_trade,Volume
0,2021-10-01 14:45:03,4500.0,397700.0,5434429.0
1,2021-10-01 14:29:57,4600.0,2300.0,5036729.0
2,2021-10-01 14:29:44,4600.0,1500.0,5034429.0
3,2021-10-01 14:29:32,4600.0,200.0,5032929.0
4,2021-10-01 14:29:31,4600.0,300.0,5032729.0
5,2021-10-01 14:29:29,4600.0,8600.0,5032429.0
6,2021-10-01 14:29:18,4600.0,4200.0,5023829.0
7,2021-10-01 14:29:03,4600.0,100.0,5019629.0
8,2021-10-01 14:28:55,4600.0,9000.0,5019529.0
9,2021-10-01 14:28:52,4600.0,5000.0,5010529.0
10,2021-10-01 14:28:49,4600.0,1200.0,5005529.0
11,2021-10-01 14:28:31,4600.0,50000.0,5004329.0
12,2021-10-01 14:28:26,4600.0,500.0,4954329.0
13,2021-10-01 14:28:25,4600.0,1000.0,4953829.0
14,2021-10-01 14:28:21,4600.0,100.0,4952829.0
15,2021-10-01 14:27:59,4600.0,5000.0,4952729.0
16,2021-10-01 14:27:36,4600.0,1300.0,4947729.0
17,2021-10-01 14:27:11,4600.0,50000.0,4946429.0
18,2021-10-01 14:26:47,4600.0,10000.0,4896429.0
19,2021-10-01 14:26:36,4600.0,1000.0,4886429.0
20,2021-10-01 14:26:16,4600.0,100.0,4885429.0
21,2021-10-01 14:26:13,4600.0,22000.0,4885329.0
22,2021-10-01 14:26:05,4600.0,100.0,4863329.0
23,2021-10-01 14:26:01,4600.0,5000.0,4863229.0
24,2021-10-01 14:25:40,4600.0,700.0,4858229.0
25,2021-10-01 14:25:23,4600.0,200.0,4857529.0
26,2021-10-01 14:25:11,4500.0,450.0,4857329.0
27,2021-10-01 14:24:56,4500.0,100.0,4856879.0
28,2021-10-01 14:24:53,4600.0,1900.0,4856779.0
29,2021-10-01 14:24:03,4500.0,100.0,4854879.0
30,2021-10-01 14:23:54,4600.0,2000.0,4854779.0
31,2021-10-01 14:23:28,4500.0,800.0,4852779.0
32,2021-10-01 14:23:00,4600.0,300.0,4851979.0
33,2021-10-01 14:22:41,4600.0,200.0,4851679.0
34,2021-10-01 14:22:39,4600.0,5000.0,4851479.0
35,2021-10-01 14:22:29,4600.0,5000.0,4846479.0
36,2021-10-01 14:22:24,4600.0,50000.0,4841479.0
37,2021-10-01 14:22:21,4600.0,200.0,4791479.0
38,2021-10-01 14:22:08,4600.0,12500.0,4791279.0
39,2021-10-01 14:22:04,4500.0,100.0,4778779.0
40,2021-10-01 14:21:37,4600.0,600.0,4778679.0
41,2021-10-01 14:20:49,4600.0,5000.0,4778079.0
42,2021-10-01 14:20:20,4600.0,300.0,4773079.0
43,2021-10-01 14:20:12,4500.0,4500.0,4772779.0
44,2021-10-01 14:18:20,4600.0,700.0,4768279.0
45,2021-10-01 14:17:45,4500.0,100.0,4767579.0
46,2021-10-01 14:16:50,4600.0,100.0,4767479.0
47,2021-10-01 14:16:02,4500.0,10000.0,4767379.0
48,2021-10-01 14:15:22,4600.0,5000.0,4757379.0
49,2021-10-01 14:14:46,4600.0,1200.0,4752379.0
50,2021-10-01 14:13:59,4600.0,100.0,4751179.0
51,2021-10-01 14:13:06,4600.0,700.0,4751079.0
52,2021-10-01 14:12:59,4600.0,400.0,4750379.0
53,2021-10-01 14:12:17,4600.0,3000.0,4749979.0
54,2021-10-01 14:12:08,4600.0,100.0,4746979.0
55,2021-10-01 14:12:07,4600.0,100.0,4746879.0
56,2021-10-01 14:11:17,4600.0,10000.0,4746779.0
57,2021-10-01 14:11:16,4600.0,20900.0,4736779.0
58,2021-10-01 14:11:12,4600.0,5000.0,4715879.0
59,2021-10-01 14:11:11,4600.0,600.0,4710879.0
60,2021-10-01 14:11:07,4600.0,200.0,4710279.0
61,2021-10-01 14:10:53,4600.0,5000.0,4710079.0
62,2021-10-01 14:10:34,4600.0,5000.0,4705079.0
63,2021-10-01 14:10:25,4600.0,5500.0,4700079.0
64,2021-10-01 14:09:07,4600.0,1900.0,4694579.0
65,2021-10-01 14:09:00,4600.0,2900.0,4692679.0
66,2021-10-01 14:08:44,4600.0,200.0,4689779.0
67,2021-10-01 14:08:36,4600.0,5500.0,4689579.0
68,2021-10-01 14:08:32,4600.0,6200.0,4684079.0
69,2021-10-01 14:07:40,4600.0,500.0,4677879.0
70,2021-10-01 14:07:32,4600.0,800.0,4677379.0
71,2021-10-01 14:07:12,4700.0,2000.0,4676579.0
72,2021-10-01 14:07:04,4600.0,500.0,4674579.0
73,2021-10-01 14:06:59,4600.0,400.0,4674079.0
74,2021-10-01 14:06:50,4600.0,200.0,4673679.0
75,2021-10-01 14:06:40,4600.0,100000.0,4673479.0
76,2021-10-01 14:05:38,4700.0,8.0,4573479.0
77,2021-10-01 14:04:54,4700.0,900.0,4573471.0
78,2021-10-01 14:04:33,4700.0,100.0,4572571.0
79,2021-10-01 14:04:09,4700.0,800.0,4572471.0
80,2021-10-01 14:04:08,4700.0,2000.0,4571671.0
81,2021-10-01 14:03:03,4600.0,6400.0,4569671.0
82,2021-10-01 14:02:18,4700.0,300.0,4563271.0
83,2021-10-01 14:01:44,4600.0,1200.0,4562971.0
84,2021-10-01 13:59:14,4600.0,1000.0,4561771.0
85,2021-10-01 13:58:54,4600.0,1000.0,4560771.0
86,2021-10-01 13:57:16,4600.0,1000.0,4559771.0
87,2021-10-01 13:56:35,4600.0,2000.0,4558771.0
88,2021-10-01 13:56:11,4600.0,100.0,4556771.0
89,2021-10-01 13:56:07,4600.0,20800.0,4556671.0
90,2021-10-01 13:55:46,4600.0,10000.0,4535871.0
91,2021-10-01 13:54:37,4700.0,100.0,4525871.0
92,2021-10-01 13:54:26,4600.0,3000.0,4525771.0
93,2021-10-01 13:54:09,4600.0,10000.0,4522771.0
94,2021-10-01 13:53:46,4600.0,300.0,4512771.0
95,2021-10-01 13:53:30,4600.0,500.0,4512471.0
96,2021-10-01 13:53:11,4600.0,2000.0,4511971.0
97,2021-10-01 13:52:37,4600.0,100.0,4509971.0
98,2021-10-01 13:52:36,4600.0,800.0,4509871.0
99,2021-10-01 13:51:59,4600.0,13600.0,4509071.0
100,2021-10-01 13:50:47,4600.0,100.0,4495471.0
101,2021-10-01 13:50:46,4600.0,200.0,4495371.0
102,2021-10-01 13:50:23,4600.0,30000.0,4495171.0
103,2021-10-01 13:49:49,4600.0,3000.0,4465171.0
104,2021-10-01 13:49:29,4600.0,600.0,4462171.0
105,2021-10-01 13:49:28,4600.0,1800.0,4461571.0
106,2021-10-01 13:48:53,4600.0,5400.0,4459771.0
107,2021-10-01 13:48:27,4600.0,4000.0,4454371.0
108,2021-10-01 13:47:41,4600.0,3700.0,4450371.0
109,2021-10-01 13:46:32,4600.0,1100.0,4446671.0
110,2021-10-01 13:45:47,4600.0,50000.0,4445571.0
111,2021-10-01 13:45:28,4600.0,3000.0,4395571.0
112,2021-10-01 13:45:07,4600.0,5100.0,4392571.0
113,2021-10-01 13:44:58,4600.0,10000.0,4387471.0
114,2021-10-01 13:44:54,4600.0,8200.0,4377471.0
115,2021-10-01 13:44:24,4600.0,16900.0,4369271.0
116,2021-10-01 13:44:19,4600.0,200.0,4352371.0
117,2021-10-01 13:44:04,4600.0,4070.0,4352171.0
118,2021-10-01 13:44:00,4600.0,25000.0,4348101.0
119,2021-10-01 13:43:41,4600.0,25200.0,4323101.0
120,2021-10-01 13:43:20,4600.0,5000.0,4297901.0
121,2021-10-01 13:43:03,4600.0,20000.0,4292901.0
122,2021-10-01 13:42:47,4600.0,5000.0,4272901.0
123,2021-10-01 13:42:18,4600.0,100.0,4267901.0
124,2021-10-01 13:41:54,4600.0,200.0,4267801.0
125,2021-10-01 13:41:51,4600.0,67000.0,4267601.0
126,2021-10-01 13:41:50,4700.0,100.0,4200601.0
127,2021-10-01 13:41:08,4600.0,5000.0,4200501.0
128,2021-10-01 13:39:52,4600.0,1000.0,4195501.0
129,2021-10-01 13:37:48,4600.0,3500.0,4194501.0
130,2021-10-01 13:37:47,4600.0,1000.0,4191001.0
131,2021-10-01 13:37:14,4600.0,5000.0,4190001.0
132,2021-10-01 13:36:55,4600.0,12000.0,4185001.0
133,2021-10-01 13:36:26,4600.0,2000.0,4173001.0
134,2021-10-01 13:35:35,4600.0,100.0,4171001.0
135,2021-10-01 13:34:58,4600.0,1000.0,4170901.0
136,2021-10-01 13:34:54,4600.0,500.0,4169901.0
137,2021-10-01 13:34:41,4600.0,1000.0,4169401.0
138,2021-10-01 13:34:22,4600.0,100.0,4168401.0
139,2021-10-01 13:33:53,4600.0,2000.0,4168301.0
140,2021-10-01 13:33:30,4600.0,5000.0,4166301.0
141,2021-10-01 13:33:03,4600.0,1500.0,4161301.0
142,2021-10-01 13:32:59,4600.0,6000.0,4159801.0
143,2021-10-01 13:32:38,4600.0,100000.0,4153801.0
144,2021-10-01 13:32:04,4600.0,1000.0,4053801.0
145,2021-10-01 13:31:07,4600.0,2000.0,4052801.0
146,2021-10-01 13:30:22,4700.0,300.0,4050801.0
147,2021-10-01 13:29:41,4600.0,500.0,4050501.0
148,2021-10-01 13:29:37,4600.0,1000.0,4050001.0
149,2021-10-01 13:29:29,4600.0,38300.0,4049001.0
150,2021-10-01 13:29:24,4600.0,900.0,4010701.0
151,2021-10-01 13:29:22,4600.0,1800.0,4009801.0
152,2021-10-01 13:28:45,4600.0,1000.0,4008001.0
153,2021-10-01 13:28:28,4600.0,50000.0,4007001.0
154,2021-10-01 13:28:15,4600.0,2000.0,3957001.0
155,2021-10-01 13:27:52,4700.0,100.0,3955001.0
156,2021-10-01 13:27:51,4600.0,4400.0,3954901.0
157,2021-10-01 13:27:16,4600.0,2000.0,3950501.0
158,2021-10-01 13:26:50,4600.0,11800.0,3948501.0
159,2021-10-01 13:25:36,4700.0,200.0,3936701.0
160,2021-10-01 13:24:22,4700.0,100.0,3936501.0
161,2021-10-01 13:24:20,4600.0,4000.0,3936401.0
162,2021-10-01 13:23:41,4600.0,100.0,3932401.0
163,2021-10-01 13:23:20,4600.0,1000.0,3932301.0
164,2021-10-01 13:22:39,4600.0,1000.0,3931301.0
165,2021-10-01 13:21:20,4700.0,100.0,3930301.0
166,2021-10-01 13:19:51,4600.0,1800.0,3930201.0
167,2021-10-01 13:18:53,4600.0,2000.0,3928401.0
168,2021-10-01 13:18:43,4600.0,1000.0,3926401.0
169,2021-10-01 13:18:04,4600.0,20600.0,3925401.0
170,2021-10-01 13:17:42,4600.0,200.0,3904801.0
171,2021-10-01 13:17:39,4600.0,1000.0,3904601.0
172,2021-10-01 13:17:28,4600.0,200.0,3903601.0
173,2021-10-01 13:16:02,4600.0,500.0,3903401.0
174,2021-10-01 13:15:28,4600.0,9700.0,3902901.0
175,2021-10-01 13:15:03,4700.0,200.0,3893201.0
176,2021-10-01 13:14:43,4700.0,50.0,3893001.0
177,2021-10-01 13:10:40,4700.0,200.0,3892951.0
178,2021-10-01 13:10:08,4700.0,300.0,3892751.0
179,2021-10-01 13:08:15,4700.0,100.0,3892451.0
180,2021-10-01 13:07:51,4700.0,5000.0,3892351.0
181,2021-10-01 13:05:01,4700.0,100.0,3887351.0
182,2021-10-01 13:04:44,4600.0,300.0,3887251.0
183,2021-10-01 13:03:01,4600.0,10000.0,3886951.0
184,2021-10-01 13:03:00,4600.0,300.0,3876951.0
185,2021-10-01 13:02:00,4700.0,2000.0,3876651.0
186,2021-10-01 13:01:51,4600.0,1300.0,3874651.0
187,2021-10-01 13:01:07,4600.0,200.0,3873351.0
188,2021-10-01 13:00:10,4600.0,100.0,3873151.0
189,2021-10-01 13:00:08,4600.0,100.0,3873051.0
190,2021-10-01 13:00:06,4600.0,100000.0,3872951.0
191,2021-10-01 13:00:04,4600.0,100.0,3772951.0
192,2021-10-01 13:00:03,4700.0,6400.0,3772851.0
193,2021-10-01 13:00:02,4600.0,1200.0,3766451.0
194,2021-10-01 11:29:23,4600.0,4000.0,3765251.0
195,2021-10-01 11:29:21,4600.0,7000.0,3761251.0
196,2021-10-01 11:27:12,4600.0,1000.0,3754251.0
197,2021-10-01 11:25:40,4700.0,100.0,3753251.0
198,2021-10-01 11:25:07,4700.0,100.0,3753151.0
199,2021-10-01 11:24:53,4600.0,300.0,3753051.0
200,2021-10-01 11:23:50,4600.0,5012.0,3752751.0
201,2021-10-01 11:23:45,4600.0,5000.0,3747739.0
202,2021-10-01 11:23:32,4600.0,70000.0,3742739.0
203,2021-10-01 11:23:16,4600.0,30000.0,3672739.0
204,2021-10-01 11:23:03,4600.0,5000.0,3642739.0
205,2021-10-01 11:22:49,4600.0,30300.0,3637739.0
206,2021-10-01 11:22:35,4600.0,1000.0,3607439.0
207,2021-10-01 11:22:33,4600.0,1600.0,3606439.0
208,2021-10-01 11:18:32,4700.0,100.0,3604839.0
209,2021-10-01 11:17:01,4600.0,500.0,3604739.0
210,2021-10-01 11:16:35,4600.0,100.0,3604239.0
211,2021-10-01 11:15:41,4700.0,100.0,3604139.0
212,2021-10-01 11:14:14,4700.0,100.0,3604039.0
213,2021-10-01 11:13:51,4600.0,8900.0,3603939.0
214,2021-10-01 11:13:26,4600.0,50000.0,3595039.0
215,2021-10-01 11:13:13,4700.0,12800.0,3545039.0
216,2021-10-01 11:12:22,4700.0,5.0,3532239.0
217,2021-10-01 11:12:16,4700.0,300.0,3532234.0
218,2021-10-01 11:11:59,4700.0,1000.0,3531934.0
219,2021-10-01 11:10:31,4700.0,100.0,3530934.0
220,2021-10-01 11:10:07,4600.0,6400.0,3530834.0
221,2021-10-01 11:10:03,4600.0,500.0,3524434.0
222,2021-10-01 11:09:57,4600.0,1000.0,3523934.0
223,2021-10-01 11:09:51,4600.0,1700.0,3522934.0
224,2021-10-01 11:09:49,4600.0,11000.0,3521234.0
225,2021-10-01 11:08:20,4600.0,300.0,3510234.0
226,2021-10-01 11:08:18,4600.0,600.0,3509934.0
227,2021-10-01 11:07:49,4600.0,1400.0,3509334.0
228,2021-10-01 11:07:36,4600.0,200.0,3507934.0
229,2021-10-01 11:07:20,4600.0,1000.0,3507734.0
230,2021-10-01 11:07:04,4600.0,50000.0,3506734.0
231,2021-10-01 11:06:36,4600.0,100.0,3456734.0
232,2021-10-01 11:05:58,4600.0,10000.0,3456634.0
233,2021-10-01 11:05:37,4600.0,3000.0,3446634.0
234,2021-10-01 11:05:32,4600.0,100.0,3443634.0
235,2021-10-01 11:05:08,4600.0,134500.0,3443534.0
236,2021-10-01 11:04:20,4700.0,12000.0,3309034.0
237,2021-10-01 11:03:40,4700.0,100.0,3297034.0
238,2021-10-01 11:02:50,4600.0,400.0,3296934.0
239,2021-10-01 11:02:47,4600.0,20000.0,3296534.0
240,2021-10-01 11:02:37,4600.0,100.0,3276534.0
241,2021-10-01 11:02:25,4600.0,10000.0,3276434.0
242,2021-10-01 11:02:03,4600.0,54000.0,3266434.0
243,2021-10-01 11:02:02,4600.0,1200.0,3212434.0
244,2021-10-01 11:01:58,4600.0,5000.0,3211234.0
245,2021-10-01 11:01:53,4600.0,1000.0,3206234.0
246,2021-10-01 11:01:50,4600.0,200.0,3205234.0
247,2021-10-01 11:01:49,4600.0,100.0,3205034.0
248,2021-10-01 11:01:47,4600.0,17500.0,3204934.0
249,2021-10-01 11:01:46,4600.0,6300.0,3187434.0
250,2021-10-01 11:01:30,4600.0,2000.0,3181134.0
251,2021-10-01 11:01:27,4600.0,74000.0,3179134.0
252,2021-10-01 11:01:25,4600.0,2000.0,3105134.0
253,2021-10-01 11:01:21,4600.0,100.0,3103134.0
254,2021-10-01 11:01:17,4600.0,400.0,3103034.0
255,2021-10-01 11:01:08,4600.0,10100.0,3102634.0
256,2021-10-01 11:00:47,4600.0,100000.0,3092534.0
257,2021-10-01 11:00:35,4600.0,500.0,2992534.0
258,2021-10-01 11:00:27,4600.0,500.0,2992034.0
259,2021-10-01 11:00:04,4600.0,700.0,2991534.0
260,2021-10-01 10:59:45,4600.0,800.0,2990834.0
261,2021-10-01 10:59:04,4600.0,50000.0,2990034.0
262,2021-10-01 10:58:15,4600.0,200.0,2940034.0
263,2021-10-01 10:57:59,4600.0,500.0,2939834.0
264,2021-10-01 10:57:10,4600.0,10000.0,2939334.0
265,2021-10-01 10:56:58,4600.0,1900.0,2929334.0
266,2021-10-01 10:56:15,4500.0,200.0,2927434.0
267,2021-10-01 10:55:39,4500.0,12800.0,2927234.0
268,2021-10-01 10:54:56,4500.0,275.0,2914434.0
269,2021-10-01 10:54:16,4500.0,2200.0,2914159.0
270,2021-10-01 10:54:06,4600.0,600.0,2911959.0
271,2021-10-01 10:53:42,4600.0,100.0,2911359.0
272,2021-10-01 10:53:31,4600.0,1000.0,2911259.0
273,2021-10-01 10:53:20,4600.0,23600.0,2910259.0
274,2021-10-01 10:53:17,4600.0,10000.0,2886659.0
275,2021-10-01 10:53:13,4600.0,400.0,2876659.0
276,2021-10-01 10:53:09,4600.0,3000.0,2876259.0
277,2021-10-01 10:52:57,4600.0,2000.0,2873259.0
278,2021-10-01 10:52:47,4600.0,169000.0,2871259.0
279,2021-10-01 10:52:42,4600.0,50000.0,2702259.0
280,2021-10-01 10:52:25,4600.0,500.0,2652259.0
281,2021-10-01 10:52:12,4600.0,10000.0,2651759.0
282,2021-10-01 10:52:08,4600.0,700.0,2641759.0
283,2021-10-01 10:51:35,4600.0,700.0,2641059.0
284,2021-10-01 10:51:33,4600.0,18000.0,2640359.0
285,2021-10-01 10:51:17,4600.0,100.0,2622359.0
286,2021-10-01 10:50:51,4600.0,700.0,2622259.0
287,2021-10-01 10:50:24,4600.0,700.0,2621559.0
288,2021-10-01 10:50:19,4600.0,100.0,2620859.0
289,2021-10-01 10:50:11,4600.0,10000.0,2620759.0
290,2021-10-01 10:50:08,4600.0,2000.0,2610759.0
291,2021-10-01 10:49:45,4600.0,20000.0,2608759.0
292,2021-10-01 10:47:37,4600.0,10000.0,2588759.0
293,2021-10-01 10:46:55,4600.0,800.0,2578759.0
294,2021-10-01 10:46:33,4600.0,400.0,2577959.0
295,2021-10-01 10:46:16,4600.0,100.0,2577559.0
296,2021-10-01 10:45:25,4600.0,100.0,2577459.0
297,2021-10-01 10:45:19,4700.0,500.0,2577359.0
298,2021-10-01 10:44:56,4700.0,224.0,2576859.0
299,2021-10-01 10:44:10,4700.0,400.0,2576635.0
300,2021-10-01 10:43:42,4700.0,100.0,2576235.0
301,2021-10-01 10:43:06,4700.0,100.0,2576135.0
302,2021-10-01 10:43:05,4600.0,700.0,2576035.0
303,2021-10-01 10:41:44,4600.0,2000.0,2575335.0
304,2021-10-01 10:41:25,4600.0,10000.0,2573335.0
305,2021-10-01 10:41:22,4600.0,3000.0,2563335.0
306,2021-10-01 10:41:13,4600.0,1000.0,2560335.0
307,2021-10-01 10:39:20,4600.0,6000.0,2559335.0
308,2021-10-01 10:38:55,4700.0,1000.0,2553335.0
309,2021-10-01 10:36:58,4700.0,500.0,2552335.0
310,2021-10-01 10:36:37,4600.0,30000.0,2551835.0
311,2021-10-01 10:36:11,4600.0,3000.0,2521835.0
312,2021-10-01 10:35:25,4600.0,71000.0,2518835.0
313,2021-10-01 10:35:08,4700.0,3900.0,2447835.0
314,2021-10-01 10:34:06,4600.0,10000.0,2443935.0
315,2021-10-01 10:33:49,4700.0,400.0,2433935.0
316,2021-10-01 10:33:31,4600.0,50000.0,2433535.0
317,2021-10-01 10:33:22,4600.0,5000.0,2383535.0
318,2021-10-01 10:30:13,4600.0,5000.0,2378535.0
319,2021-10-01 10:29:50,4600.0,10000.0,2373535.0
320,2021-10-01 10:29:43,4600.0,100.0,2363535.0
321,2021-10-01 10:29:42,4600.0,2000.0,2363435.0
322,2021-10-01 10:29:32,4600.0,3000.0,2361435.0
323,2021-10-01 10:29:16,4600.0,100.0,2358435.0
324,2021-10-01 10:28:55,4600.0,2000.0,2358335.0
325,2021-10-01 10:27:47,4600.0,20000.0,2356335.0
326,2021-10-01 10:27:37,4700.0,20.0,2336335.0
327,2021-10-01 10:25:22,4700.0,200.0,2336315.0
328,2021-10-01 10:24:54,4600.0,78300.0,2336115.0
329,2021-10-01 10:24:49,4600.0,5500.0,2257815.0
330,2021-10-01 10:24:45,4600.0,4400.0,2252315.0
331,2021-10-01 10:24:44,4600.0,300.0,2247915.0
332,2021-10-01 10:24:24,4600.0,50000.0,2247615.0
333,2021-10-01 10:24:01,4600.0,100.0,2197615.0
334,2021-10-01 10:23:57,4600.0,300.0,2197515.0
335,2021-10-01 10:23:47,4600.0,600.0,2197215.0
336,2021-10-01 10:23:45,4600.0,2100.0,2196615.0
337,2021-10-01 10:23:25,4600.0,200.0,2194515.0
338,2021-10-01 10:23:10,4600.0,500.0,2194315.0
339,2021-10-01 10:23:08,4600.0,1000.0,2193815.0
340,2021-10-01 10:22:52,4500.0,4400.0,2192815.0
341,2021-10-01 10:22:47,4600.0,1000.0,2188415.0
342,2021-10-01 10:22:42,4600.0,16000.0,2187415.0
343,2021-10-01 10:22:30,4600.0,20000.0,2171415.0
344,2021-10-01 10:22:24,4600.0,500.0,2151415.0
345,2021-10-01 10:22:16,4600.0,6300.0,2150915.0
346,2021-10-01 10:22:12,4600.0,500.0,2144615.0
347,2021-10-01 10:22:10,4600.0,300.0,2144115.0
348,2021-10-01 10:21:55,4600.0,200.0,2143815.0
349,2021-10-01 10:21:46,4600.0,100.0,2143615.0
350,2021-10-01 10:21:28,4600.0,100.0,2143515.0
351,2021-10-01 10:21:22,4500.0,1000.0,2143415.0
352,2021-10-01 10:20:44,4500.0,100.0,2142415.0
353,2021-10-01 10:20:41,4500.0,1.0,2142315.0
354,2021-10-01 10:20:33,4500.0,99.0,2142314.0
355,2021-10-01 10:19:47,4500.0,20000.0,2142215.0
356,2021-10-01 10:19:28,4600.0,300.0,2122215.0
357,2021-10-01 10:19:09,4600.0,8500.0,2121915.0
358,2021-10-01 10:18:11,4600.0,100.0,2113415.0
359,2021-10-01 10:17:33,4600.0,3300.0,2113315.0
360,2021-10-01 10:17:25,4600.0,300.0,2110015.0
361,2021-10-01 10:17:03,4600.0,1000.0,2109715.0
362,2021-10-01 10:16:33,4600.0,4300.0,2108715.0
363,2021-10-01 10:16:26,4600.0,10000.0,2104415.0
364,2021-10-01 10:16:06,4600.0,400.0,2094415.0
365,2021-10-01 10:16:02,4600.0,300.0,2094015.0
366,2021-10-01 10:15:59,4600.0,900.0,2093715.0
367,2021-10-01 10:15:21,4600.0,1000.0,2092815.0
368,2021-10-01 10:15:07,4600.0,1000.0,2091815.0
369,2021-10-01 10:15:03,4600.0,100.0,2090815.0
370,2021-10-01 10:14:41,4600.0,900.0,2090715.0
371,2021-10-01 10:14:25,4600.0,300.0,2089815.0
372,2021-10-01 10:14:07,4600.0,4200.0,2089515.0
373,2021-10-01 10:14:02,4600.0,2000.0,2085315.0
374,2021-10-01 10:12:29,4600.0,10000.0,2083315.0
375,2021-10-01 10:11:44,4600.0,1100.0,2073315.0
376,2021-10-01 10:11:42,4600.0,8600.0,2072215.0
377,2021-10-01 10:11:40,4600.0,300.0,2063615.0
378,2021-10-01 10:11:24,4600.0,200.0,2063315.0
379,2021-10-01 10:11:16,4600.0,200.0,2063115.0
380,2021-10-01 10:10:53,4600.0,392400.0,2062915.0
381,2021-10-01 10:10:36,4600.0,6000.0,1670515.0
382,2021-10-01 10:10:25,4600.0,500.0,1664515.0
383,2021-10-01 10:09:43,4600.0,2000.0,1664015.0
384,2021-10-01 10:08:42,4600.0,1000.0,1662015.0
385,2021-10-01 10:08:21,4600.0,1000.0,1661015.0
386,2021-10-01 10:08:05,4600.0,100.0,1660015.0
387,2021-10-01 10:08:00,4600.0,900.0,1659915.0
388,2021-10-01 10:07:42,4600.0,500.0,1659015.0
389,2021-10-01 10:07:28,4500.0,500.0,1658515.0
390,2021-10-01 10:06:37,4600.0,500.0,1658015.0
391,2021-10-01 10:06:35,4600.0,10000.0,1657515.0
392,2021-10-01 10:06:29,4500.0,1000.0,1647515.0
393,2021-10-01 10:05:34,4600.0,500.0,1646515.0
394,2021-10-01 10:04:56,4600.0,900.0,1646015.0
395,2021-10-01 10:03:40,4600.0,1500.0,1645115.0
396,2021-10-01 10:03:31,4600.0,12.0,1643615.0
397,2021-10-01 10:03:09,4600.0,200.0,1643603.0
398,2021-10-01 10:03:06,4500.0,1000.0,1643403.0
399,2021-10-01 10:02:59,4600.0,600.0,1642403.0
400,2021-10-01 10:02:38,4600.0,100.0,1641803.0
401,2021-10-01 10:01:59,4600.0,10000.0,1641703.0
402,2021-10-01 10:01:42,4500.0,1000.0,1631703.0
403,2021-10-01 10:01:32,4600.0,500.0,1630703.0
404,2021-10-01 10:01:29,4600.0,200.0,1630203.0
405,2021-10-01 10:01:23,4600.0,5000.0,1630003.0
406,2021-10-01 10:00:56,4600.0,8000.0,1625003.0
407,2021-10-01 10:00:53,4600.0,5000.0,1617003.0
408,2021-10-01 10:00:50,4600.0,200.0,1612003.0
409,2021-10-01 10:00:46,4600.0,1000.0,1611803.0
410,2021-10-01 10:00:37,4600.0,4800.0,1610803.0
411,2021-10-01 10:00:36,4600.0,200000.0,1606003.0
412,2021-10-01 10:00:26,4600.0,9000.0,1406003.0
413,2021-10-01 10:00:15,4600.0,4600.0,1397003.0
414,2021-10-01 10:00:05,4600.0,5300.0,1392403.0
415,2021-10-01 10:00:01,4600.0,1500.0,1387103.0
416,2021-10-01 09:59:49,4600.0,7000.0,1385603.0
417,2021-10-01 09:59:43,4600.0,100.0,1378603.0
418,2021-10-01 09:59:36,4600.0,900.0,1378503.0
419,2021-10-01 09:59:31,4600.0,100.0,1377603.0
420,2021-10-01 09:59:29,4600.0,10000.0,1377503.0
421,2021-10-01 09:59:26,4600.0,5000.0,1367503.0
422,2021-10-01 09:59:18,4600.0,2000.0,1362503.0
423,2021-10-01 09:59:15,4600.0,2000.0,1360503.0
424,2021-10-01 09:59:14,4600.0,5200.0,1358503.0
425,2021-10-01 09:59:05,4600.0,88700.0,1353303.0
426,2021-10-01 09:58:57,4600.0,500.0,1264603.0
427,2021-10-01 09:58:38,4600.0,10000.0,1264103.0
428,2021-10-01 09:58:36,4600.0,1000.0,1254103.0
429,2021-10-01 09:58:23,4600.0,136600.0,1253103.0
430,2021-10-01 09:58:21,4600.0,5000.0,1116503.0
431,2021-10-01 09:58:13,4600.0,2000.0,1111503.0
432,2021-10-01 09:58:11,4600.0,1000.0,1109503.0
433,2021-10-01 09:58:10,4600.0,13600.0,1108503.0
434,2021-10-01 09:58:08,4600.0,1000.0,1094903.0
435,2021-10-01 09:58:06,4600.0,43100.0,1093903.0
436,2021-10-01 09:58:03,4600.0,1000.0,1050803.0
437,2021-10-01 09:58:01,4600.0,6900.0,1049803.0
438,2021-10-01 09:57:54,4600.0,5300.0,1042903.0
439,2021-10-01 09:57:47,4600.0,12800.0,1037603.0
440,2021-10-01 09:57:46,4600.0,100.0,1024803.0
441,2021-10-01 09:57:37,4600.0,40000.0,1024703.0
442,2021-10-01 09:57:27,4600.0,400.0,984703.0
443,2021-10-01 09:57:23,4600.0,1000.0,984303.0
444,2021-10-01 09:57:19,4600.0,5000.0,983303.0
445,2021-10-01 09:57:10,4600.0,1100.0,978303.0
446,2021-10-01 09:57:07,4600.0,89000.0,977203.0
447,2021-10-01 09:57:02,4600.0,800.0,888203.0
448,2021-10-01 09:56:42,4600.0,7600.0,887403.0
449,2021-10-01 09:56:28,4600.0,15000.0,879803.0
450,2021-10-01 09:55:19,4600.0,400.0,864803.0
451,2021-10-01 09:54:58,4600.0,7600.0,864403.0
452,2021-10-01 09:54:56,4600.0,1000.0,856803.0
453,2021-10-01 09:54:42,4600.0,500.0,855803.0
454,2021-10-01 09:54:16,4600.0,400.0,855303.0
455,2021-10-01 09:53:45,4600.0,200.0,854903.0
456,2021-10-01 09:53:35,4500.0,1000.0,854703.0
457,2021-10-01 09:53:25,4600.0,8000.0,853703.0
458,2021-10-01 09:53:14,4500.0,500.0,845703.0
459,2021-10-01 09:53:09,4500.0,2000.0,845203.0
460,2021-10-01 09:52:33,4500.0,16000.0,843203.0
461,2021-10-01 09:52:07,4500.0,15800.0,827203.0
462,2021-10-01 09:51:16,4500.0,100.0,811403.0
463,2021-10-01 09:49:32,4500.0,800.0,811303.0
464,2021-10-01 09:49:20,4600.0,4100.0,810503.0
465,2021-10-01 09:49:04,4500.0,12200.0,806403.0
466,2021-10-01 09:48:58,4600.0,11000.0,794203.0
467,2021-10-01 09:48:53,4600.0,200.0,783203.0
468,2021-10-01 09:48:28,4500.0,1000.0,783003.0
469,2021-10-01 09:47:49,4500.0,100.0,782003.0
470,2021-10-01 09:47:36,4600.0,1000.0,781903.0
471,2021-10-01 09:47:25,4600.0,54000.0,780903.0
472,2021-10-01 09:47:09,4600.0,5000.0,726903.0
473,2021-10-01 09:47:07,4600.0,30000.0,721903.0
474,2021-10-01 09:44:13,4600.0,1000.0,691903.0
475,2021-10-01 09:43:47,4600.0,100.0,690903.0
476,2021-10-01 09:42:28,4600.0,1000.0,690803.0
477,2021-10-01 09:41:35,4600.0,400.0,689803.0
478,2021-10-01 09:36:53,4600.0,100.0,689403.0
479,2021-10-01 09:34:45,4500.0,1000.0,689303.0
480,2021-10-01 09:34:35,4500.0,1500.0,688303.0
481,2021-10-01 09:34:15,4500.0,4000.0,686803.0
482,2021-10-01 09:33:55,4500.0,1300.0,682803.0
483,2021-10-01 09:33:37,4600.0,100.0,681503.0
484,2021-10-01 09:32:44,4500.0,300.0,681403.0
485,2021-10-01 09:32:20,4500.0,60000.0,681103.0
486,2021-10-01 09:31:40,4500.0,200.0,621103.0
487,2021-10-01 09:31:19,4500.0,8000.0,620903.0
488,2021-10-01 09:30:56,4500.0,2000.0,612903.0
489,2021-10-01 09:30:44,4500.0,20000.0,610903.0
490,2021-10-01 09:30:25,4500.0,1000.0,590903.0
491,2021-10-01 09:30:09,4500.0,2000.0,589903.0
492,2021-10-01 09:30:04,4500.0,500.0,587903.0
493,2021-10-01 09:29:12,4500.0,300.0,587403.0
494,2021-10-01 09:28:57,4500.0,1000.0,587103.0
495,2021-10-01 09:28:11,4600.0,100.0,586103.0
496,2021-10-01 09:26:33,4600.0,100.0,586003.0
497,2021-10-01 09:26:19,4500.0,100.0,585903.0
498,2021-10-01 09:25:25,4500.0,200.0,585803.0
499,2021-10-01 09:25:12,4500.0,1000.0,585603.0
500,2021-10-01 09:24:53,4500.0,1200.0,584603.0
501,2021-10-01 09:24:41,4500.0,1000.0,583403.0
502,2021-10-01 09:24:26,4500.0,3500.0,582403.0
503,2021-10-01 09:23:59,4500.0,10000.0,578903.0
504,2021-10-01 09:23:49,4500.0,100.0,568903.0
505,2021-10-01 09:23:46,4500.0,1000.0,568803.0
506,2021-10-01 09:23:36,4500.0,1000.0,567803.0
507,2021-10-01 09:23:28,4500.0,5000.0,566803.0
508,2021-10-01 09:22:53,4500.0,100.0,561803.0
509,2021-10-01 09:22:36,4500.0,6000.0,561703.0
510,2021-10-01 09:21:21,4500.0,17400.0,555703.0
511,2021-10-01 09:20:31,4500.0,500.0,538303.0
512,2021-10-01 09:20:17,4500.0,400.0,537803.0
513,2021-10-01 09:19:07,4600.0,200.0,537403.0
514,2021-10-01 09:18:55,4600.0,200.0,537203.0
515,2021-10-01 09:18:18,4600.0,500.0,537003.0
516,2021-10-01 09:17:48,4600.0,1000.0,536503.0
517,2021-10-01 09:17:37,4500.0,5000.0,535503.0
518,2021-10-01 09:14:39,4500.0,5000.0,530503.0
519,2021-10-01 09:14:38,4500.0,3.0,525503.0
520,2021-10-01 09:14:23,4500.0,10000.0,525500.0
521,2021-10-01 09:14:18,4500.0,300000.0,515500.0
522,2021-10-01 09:13:50,4500.0,5000.0,215500.0
523,2021-10-01 09:13:10,4600.0,3000.0,210500.0
524,2021-10-01 09:12:59,4600.0,2000.0,207500.0
525,2021-10-01 09:12:54,4600.0,500.0,205500.0
526,2021-10-01 09:11:41,4600.0,2000.0,205000.0
527,2021-10-01 09:11:13,4500.0,5000.0,203000.0
528,2021-10-01 09:10:34,4500.0,5000.0,198000.0
529,2021-10-01 09:10:19,4500.0,100.0,193000.0
530,2021-10-01 09:09:48,4500.0,100.0,192900.0
531,2021-10-01 09:09:22,4500.0,5500.0,192800.0
532,2021-10-01 09:09:13,4500.0,5000.0,187300.0
533,2021-10-01 09:08:07,4600.0,500.0,182300.0
534,2021-10-01 09:07:16,4600.0,100.0,181800.0
535,2021-10-01 09:07:07,4500.0,200.0,181700.0
536,2021-10-01 09:05:08,4600.0,1000.0,181500.0
537,2021-10-01 09:04:34,4600.0,500.0,180500.0
538,2021-10-01 09:04:20,4600.0,400.0,180000.0
539,2021-10-01 09:04:10,4600.0,100.0,179600.0
540,2021-10-01 09:00:54,4600.0,7000.0,179500.0
541,2021-10-01 09:00:38,4600.0,100.0,172500.0
542,2021-10-01 09:00:36,4600.0,300.0,172400.0
543,2021-10-01 09:00:34,4600.0,2000.0,172100.0
544,2021-10-01 09:00:18,4600.0,2900.0,170100.0
545,2021-10-01 09:00:17,4600.0,400.0,167200.0
546,2021-10-01 09:00:16,4600.0,100.0,166800.0
547,2021-10-01 09:00:15,4600.0,10100.0,166700.0
548,2021-10-01 09:00:12,4600.0,200.0,156600.0
549,2021-10-01 09:00:11,4600.0,140300.0,156400.0
550,2021-10-01 09:00:08,4600.0,800.0,16100.0
551,2021-10-01 09:00:05,4600.0,200.0,15300.0
552,2021-10-01 09:00:01,4500.0,15100.0,15100.0
