,Time,Price,Volume_per_trade,Volume
0,2021-10-08 07:45:01,4200.0,500.0,1407600.0
1,2021-10-08 07:45:01,4200.0,900.0,1407100.0
2,2021-10-08 07:45:01,4200.0,2600.0,1406200.0
3,2021-10-08 07:45:01,4200.0,2000.0,1403600.0
4,2021-10-08 07:45:01,4200.0,2000.0,1401600.0
5,2021-10-08 07:45:01,4200.0,10000.0,1399600.0
6,2021-10-08 07:45:01,4200.0,100.0,1389600.0
7,2021-10-08 07:45:01,4200.0,1200.0,1389500.0
8,2021-10-08 07:45:01,4200.0,2100.0,1388300.0
9,2021-10-08 07:45:01,4200.0,200.0,1386200.0
10,2021-10-08 07:45:01,4200.0,1800.0,1386000.0
11,2021-10-08 07:45:01,4200.0,2000.0,1384200.0
12,2021-10-08 07:45:01,4200.0,800.0,1382200.0
13,2021-10-08 07:45:01,4200.0,700.0,1381400.0
14,2021-10-08 07:45:01,4200.0,2500.0,1380700.0
15,2021-10-08 07:45:01,4200.0,2000.0,1378200.0
16,2021-10-08 07:45:01,4200.0,9300.0,1376200.0
17,2021-10-08 07:45:01,4200.0,600.0,1366900.0
18,2021-10-08 07:45:01,4200.0,3000.0,1366300.0
19,2021-10-08 07:45:01,4200.0,2000.0,1363300.0
20,2021-10-08 07:45:01,4200.0,1000.0,1361300.0
21,2021-10-08 07:45:01,4200.0,300.0,1360300.0
22,2021-10-08 07:45:01,4200.0,1500.0,1360000.0
23,2021-10-08 07:45:01,4200.0,100.0,1358500.0
24,2021-10-08 07:45:01,4200.0,100.0,1358400.0
25,2021-10-08 07:45:01,4200.0,300.0,1358300.0
26,2021-10-08 07:45:01,4200.0,4200.0,1358000.0
27,2021-10-08 07:45:01,4200.0,500.0,1353800.0
28,2021-10-08 07:45:01,4200.0,800.0,1353300.0
29,2021-10-08 07:45:01,4200.0,200.0,1352500.0
30,2021-10-08 07:45:01,4200.0,1000.0,1352300.0
31,2021-10-08 07:45:01,4200.0,100.0,1351300.0
32,2021-10-08 07:45:01,4200.0,100.0,1351200.0
33,2021-10-08 07:29:58,4230.0,1000.0,1351100.0
34,2021-10-08 07:29:58,4230.0,700.0,1350100.0
35,2021-10-08 07:29:58,4230.0,100.0,1349400.0
36,2021-10-08 07:29:41,4240.0,300.0,1349300.0
37,2021-10-08 07:29:22,4240.0,200.0,1349000.0
38,2021-10-08 07:29:03,4250.0,2900.0,1348800.0
39,2021-10-08 07:28:51,4240.0,100.0,1345900.0
40,2021-10-08 07:28:51,4240.0,100.0,1345800.0
41,2021-10-08 07:28:51,4240.0,1100.0,1345700.0
42,2021-10-08 07:28:14,4250.0,100.0,1344600.0
43,2021-10-08 07:27:36,4250.0,200.0,1344500.0
44,2021-10-08 07:27:01,4250.0,300.0,1344300.0
45,2021-10-08 07:26:06,4240.0,2500.0,1344000.0
46,2021-10-08 07:25:10,4240.0,500.0,1341500.0
47,2021-10-08 07:24:30,4240.0,600.0,1341000.0
48,2021-10-08 07:23:41,4240.0,400.0,1340400.0
49,2021-10-08 07:23:41,4240.0,1000.0,1340000.0
50,2021-10-08 07:23:41,4240.0,2000.0,1339000.0
51,2021-10-08 07:23:41,4240.0,500.0,1337000.0
52,2021-10-08 07:23:41,4240.0,3000.0,1336500.0
53,2021-10-08 07:23:41,4230.0,2000.0,1333500.0
54,2021-10-08 07:23:41,4230.0,400.0,1331500.0
55,2021-10-08 07:23:41,4230.0,3000.0,1331100.0
56,2021-10-08 07:23:41,4230.0,500.0,1328100.0
57,2021-10-08 07:23:41,4220.0,700.0,1327600.0
58,2021-10-08 07:23:41,4220.0,2000.0,1326900.0
59,2021-10-08 07:23:41,4220.0,100.0,1324900.0
60,2021-10-08 07:23:41,4220.0,500.0,1324800.0
61,2021-10-08 07:23:41,4220.0,500.0,1324300.0
62,2021-10-08 07:23:41,4220.0,1400.0,1323800.0
63,2021-10-08 07:23:06,4220.0,100.0,1322400.0
64,2021-10-08 07:22:57,4210.0,2000.0,1322300.0
65,2021-10-08 07:22:43,4210.0,3500.0,1320300.0
66,2021-10-08 07:21:49,4210.0,500.0,1316800.0
67,2021-10-08 07:20:47,4220.0,100.0,1316300.0
68,2021-10-08 07:20:31,4220.0,2000.0,1316200.0
69,2021-10-08 07:20:12,4210.0,2000.0,1314200.0
70,2021-10-08 07:20:12,4210.0,5000.0,1312200.0
71,2021-10-08 07:19:07,4220.0,100.0,1307200.0
72,2021-10-08 07:19:02,4200.0,700.0,1307100.0
73,2021-10-08 07:18:17,4220.0,100.0,1306400.0
74,2021-10-08 07:17:50,4210.0,100.0,1306300.0
75,2021-10-08 07:17:50,4210.0,500.0,1306200.0
76,2021-10-08 07:17:20,4210.0,400.0,1305700.0
77,2021-10-08 07:17:20,4210.0,600.0,1305300.0
78,2021-10-08 07:15:38,4210.0,100.0,1304700.0
79,2021-10-08 07:14:54,4200.0,2500.0,1304600.0
80,2021-10-08 07:13:43,4200.0,1000.0,1302100.0
81,2021-10-08 07:13:42,4200.0,100.0,1301100.0
82,2021-10-08 07:13:42,4200.0,100.0,1301000.0
83,2021-10-08 07:13:07,4200.0,100.0,1300900.0
84,2021-10-08 07:13:07,4200.0,700.0,1300800.0
85,2021-10-08 07:13:07,4200.0,200.0,1300100.0
86,2021-10-08 07:12:19,4190.0,1000.0,1299900.0
87,2021-10-08 07:11:49,4190.0,1000.0,1298900.0
88,2021-10-08 07:11:49,4190.0,300.0,1297900.0
89,2021-10-08 07:11:42,4190.0,200.0,1297600.0
90,2021-10-08 07:11:42,4190.0,200.0,1297400.0
91,2021-10-08 07:11:42,4190.0,400.0,1297200.0
92,2021-10-08 07:11:42,4190.0,700.0,1296800.0
93,2021-10-08 07:11:01,4190.0,100.0,1296100.0
94,2021-10-08 07:11:00,4190.0,100.0,1296000.0
95,2021-10-08 07:10:47,4190.0,1000.0,1295900.0
96,2021-10-08 07:10:25,4190.0,1800.0,1294900.0
97,2021-10-08 07:10:24,4190.0,300.0,1293100.0
98,2021-10-08 07:10:05,4190.0,300.0,1292800.0
99,2021-10-08 07:10:01,4190.0,100.0,1292500.0
100,2021-10-08 07:09:54,4190.0,1000.0,1292400.0
101,2021-10-08 07:09:33,4190.0,600.0,1291400.0
102,2021-10-08 07:09:33,4190.0,9400.0,1290800.0
103,2021-10-08 07:08:32,4190.0,200.0,1281400.0
104,2021-10-08 07:08:13,4190.0,200.0,1281200.0
105,2021-10-08 07:07:37,4190.0,300.0,1281000.0
106,2021-10-08 07:07:24,4190.0,1000.0,1280700.0
107,2021-10-08 07:07:05,4190.0,400.0,1279700.0
108,2021-10-08 07:06:49,4190.0,1000.0,1279300.0
109,2021-10-08 07:06:38,4190.0,300.0,1278300.0
110,2021-10-08 07:06:34,4190.0,2000.0,1278000.0
111,2021-10-08 07:06:34,4190.0,200.0,1276000.0
112,2021-10-08 07:06:34,4190.0,2900.0,1275800.0
113,2021-10-08 07:06:34,4190.0,100.0,1272900.0
114,2021-10-08 07:06:34,4190.0,100.0,1272800.0
115,2021-10-08 07:06:34,4190.0,2000.0,1272700.0
116,2021-10-08 07:06:34,4190.0,400.0,1270700.0
117,2021-10-08 07:06:34,4190.0,500.0,1270300.0
118,2021-10-08 07:06:34,4190.0,1400.0,1269800.0
119,2021-10-08 07:06:34,4190.0,1000.0,1268400.0
120,2021-10-08 07:06:14,4200.0,100.0,1267400.0
121,2021-10-08 07:06:09,4190.0,3000.0,1267300.0
122,2021-10-08 07:05:08,4200.0,100.0,1264300.0
123,2021-10-08 07:04:41,4200.0,100.0,1264200.0
124,2021-10-08 07:04:39,4200.0,700.0,1264100.0
125,2021-10-08 07:04:39,4200.0,300.0,1263400.0
126,2021-10-08 07:04:09,4200.0,400.0,1263100.0
127,2021-10-08 07:03:30,4200.0,500.0,1262700.0
128,2021-10-08 07:03:30,4200.0,100.0,1262200.0
129,2021-10-08 07:03:30,4200.0,100.0,1262100.0
130,2021-10-08 07:03:30,4200.0,500.0,1262000.0
131,2021-10-08 07:03:30,4200.0,100.0,1261500.0
132,2021-10-08 07:03:30,4200.0,2500.0,1261400.0
133,2021-10-08 07:03:12,4210.0,100.0,1258900.0
134,2021-10-08 07:03:06,4200.0,500.0,1258800.0
135,2021-10-08 07:02:07,4200.0,5000.0,1258300.0
136,2021-10-08 07:00:21,4200.0,4600.0,1253300.0
137,2021-10-08 07:00:05,4210.0,200.0,1248700.0
138,2021-10-08 07:00:05,4210.0,100.0,1248500.0
139,2021-10-08 07:00:05,4210.0,400.0,1248400.0
140,2021-10-08 07:00:05,4210.0,1000.0,1248000.0
141,2021-10-08 07:00:05,4210.0,800.0,1247000.0
142,2021-10-08 07:00:03,4200.0,5900.0,1246200.0
143,2021-10-08 06:59:36,4200.0,500.0,1240300.0
144,2021-10-08 06:58:37,4210.0,100.0,1239800.0
145,2021-10-08 06:58:16,4200.0,1000.0,1239700.0
146,2021-10-08 06:57:57,4210.0,100.0,1238700.0
147,2021-10-08 06:57:29,4200.0,20000.0,1238600.0
148,2021-10-08 06:57:13,4210.0,200.0,1218600.0
149,2021-10-08 06:56:55,4210.0,200.0,1218400.0
150,2021-10-08 06:56:41,4200.0,800.0,1218200.0
151,2021-10-08 06:55:49,4200.0,5200.0,1217400.0
152,2021-10-08 06:55:49,4200.0,100.0,1212200.0
153,2021-10-08 06:55:49,4200.0,4900.0,1212100.0
154,2021-10-08 06:55:28,4200.0,10000.0,1207200.0
155,2021-10-08 06:55:23,4200.0,1000.0,1197200.0
156,2021-10-08 06:54:24,4210.0,500.0,1196200.0
157,2021-10-08 06:54:24,4210.0,2200.0,1195700.0
158,2021-10-08 06:51:56,4210.0,400.0,1193500.0
159,2021-10-08 06:51:55,4210.0,100.0,1193100.0
160,2021-10-08 06:51:21,4200.0,100.0,1193000.0
161,2021-10-08 06:51:16,4210.0,100.0,1192900.0
162,2021-10-08 06:50:48,4200.0,600.0,1192800.0
163,2021-10-08 06:50:48,4200.0,100.0,1192200.0
164,2021-10-08 06:50:20,4210.0,100.0,1192100.0
165,2021-10-08 06:50:16,4200.0,24000.0,1192000.0
166,2021-10-08 06:50:06,4200.0,100.0,1168000.0
167,2021-10-08 06:49:38,4200.0,100.0,1167900.0
168,2021-10-08 06:49:38,4210.0,100.0,1167800.0
169,2021-10-08 06:49:17,4210.0,1000.0,1167700.0
170,2021-10-08 06:47:40,4220.0,100.0,1166700.0
171,2021-10-08 06:47:16,4200.0,3300.0,1166600.0
172,2021-10-08 06:47:16,4200.0,200.0,1163300.0
173,2021-10-08 06:46:47,4210.0,400.0,1163100.0
174,2021-10-08 06:46:32,4200.0,100.0,1162700.0
175,2021-10-08 06:46:32,4200.0,5000.0,1162600.0
176,2021-10-08 06:46:32,4200.0,200.0,1157600.0
177,2021-10-08 06:46:32,4200.0,500.0,1157400.0
178,2021-10-08 06:46:32,4200.0,1000.0,1156900.0
179,2021-10-08 06:46:32,4200.0,500.0,1155900.0
180,2021-10-08 06:46:32,4200.0,1000.0,1155400.0
181,2021-10-08 06:46:32,4200.0,200.0,1154400.0
182,2021-10-08 06:46:32,4200.0,500.0,1154200.0
183,2021-10-08 06:45:54,4210.0,100.0,1153700.0
184,2021-10-08 06:45:54,4210.0,3000.0,1153600.0
185,2021-10-08 06:45:54,4210.0,500.0,1150600.0
186,2021-10-08 06:45:54,4210.0,1000.0,1150100.0
187,2021-10-08 06:45:54,4210.0,200.0,1149100.0
188,2021-10-08 06:45:54,4210.0,1000.0,1148900.0
189,2021-10-08 06:45:54,4210.0,300.0,1147900.0
190,2021-10-08 06:45:25,4210.0,200.0,1147600.0
191,2021-10-08 06:45:25,4210.0,1000.0,1147400.0
192,2021-10-08 06:45:25,4210.0,1000.0,1146400.0
193,2021-10-08 06:45:25,4210.0,4000.0,1145400.0
194,2021-10-08 06:45:25,4210.0,300.0,1141400.0
195,2021-10-08 06:45:25,4210.0,3500.0,1141100.0
196,2021-10-08 06:45:14,4210.0,500.0,1137600.0
197,2021-10-08 06:44:22,4210.0,2500.0,1137100.0
198,2021-10-08 06:43:56,4210.0,5000.0,1134600.0
199,2021-10-08 06:43:13,4220.0,200.0,1129600.0
200,2021-10-08 06:43:05,4210.0,500.0,1129400.0
201,2021-10-08 06:42:11,4210.0,1000.0,1128900.0
202,2021-10-08 06:40:42,4210.0,5300.0,1127900.0
203,2021-10-08 06:40:23,4210.0,500.0,1122600.0
204,2021-10-08 06:40:12,4210.0,1000.0,1122100.0
205,2021-10-08 06:37:34,4210.0,1200.0,1121100.0
206,2021-10-08 06:36:14,4220.0,100.0,1119900.0
207,2021-10-08 06:35:10,4220.0,100.0,1119800.0
208,2021-10-08 06:34:51,4210.0,100.0,1119700.0
209,2021-10-08 06:34:34,4210.0,300.0,1119600.0
210,2021-10-08 06:33:54,4220.0,700.0,1119300.0
211,2021-10-08 06:33:54,4220.0,300.0,1118600.0
212,2021-10-08 06:31:19,4220.0,100.0,1118300.0
213,2021-10-08 06:30:58,4220.0,500.0,1118200.0
214,2021-10-08 06:30:55,4220.0,100.0,1117700.0
215,2021-10-08 06:30:50,4220.0,100.0,1117600.0
216,2021-10-08 06:30:34,4220.0,300.0,1117500.0
217,2021-10-08 06:29:38,4220.0,100.0,1117200.0
218,2021-10-08 06:29:11,4210.0,200.0,1117100.0
219,2021-10-08 06:28:58,4220.0,900.0,1116900.0
220,2021-10-08 06:28:58,4220.0,100.0,1116000.0
221,2021-10-08 06:28:48,4220.0,1000.0,1115900.0
222,2021-10-08 06:26:49,4220.0,1000.0,1114900.0
223,2021-10-08 06:26:31,4220.0,5000.0,1113900.0
224,2021-10-08 06:26:31,4220.0,2000.0,1108900.0
225,2021-10-08 06:26:31,4220.0,100.0,1106900.0
226,2021-10-08 06:26:31,4220.0,2900.0,1106800.0
227,2021-10-08 06:25:28,4220.0,300.0,1103900.0
228,2021-10-08 06:24:40,4220.0,1000.0,1103600.0
229,2021-10-08 06:24:33,4220.0,100.0,1102600.0
230,2021-10-08 06:23:59,4210.0,2100.0,1102500.0
231,2021-10-08 06:23:49,4210.0,1100.0,1100400.0
232,2021-10-08 06:23:49,4210.0,200.0,1099300.0
233,2021-10-08 06:23:26,4210.0,9000.0,1099100.0
234,2021-10-08 06:22:52,4210.0,800.0,1090100.0
235,2021-10-08 06:22:12,4210.0,200.0,1089300.0
236,2021-10-08 06:18:27,4220.0,100.0,1089100.0
237,2021-10-08 06:17:36,4220.0,100.0,1089000.0
238,2021-10-08 06:17:31,4220.0,500.0,1088900.0
239,2021-10-08 06:17:10,4210.0,200.0,1088400.0
240,2021-10-08 06:16:55,4210.0,700.0,1088200.0
241,2021-10-08 06:16:55,4210.0,8500.0,1087500.0
242,2021-10-08 06:16:55,4210.0,100.0,1079000.0
243,2021-10-08 06:16:55,4210.0,700.0,1078900.0
244,2021-10-08 06:15:21,4210.0,1000.0,1078200.0
245,2021-10-08 06:15:05,4210.0,400.0,1077200.0
246,2021-10-08 06:14:35,4210.0,300.0,1076800.0
247,2021-10-08 06:13:20,4210.0,100.0,1076500.0
248,2021-10-08 06:11:59,4210.0,100.0,1076400.0
249,2021-10-08 06:08:43,4210.0,100.0,1076300.0
250,2021-10-08 06:08:32,4210.0,3300.0,1076200.0
251,2021-10-08 06:08:01,4200.0,1000.0,1072900.0
252,2021-10-08 06:08:01,4200.0,700.0,1071900.0
253,2021-10-08 06:07:31,4200.0,100.0,1071200.0
254,2021-10-08 06:07:05,4190.0,1000.0,1071100.0
255,2021-10-08 06:06:09,4190.0,100.0,1070100.0
256,2021-10-08 06:06:01,4190.0,1600.0,1070000.0
257,2021-10-08 06:05:52,4190.0,6600.0,1068400.0
258,2021-10-08 06:05:34,4190.0,1000.0,1061800.0
259,2021-10-08 06:05:21,4190.0,600.0,1060800.0
260,2021-10-08 06:04:41,4190.0,300.0,1060200.0
261,2021-10-08 06:04:26,4190.0,500.0,1059900.0
262,2021-10-08 06:04:24,4190.0,1000.0,1059400.0
263,2021-10-08 06:04:18,4180.0,1900.0,1058400.0
264,2021-10-08 06:04:18,4180.0,100.0,1056500.0
265,2021-10-08 06:03:53,4190.0,400.0,1056400.0
266,2021-10-08 06:03:53,4190.0,100.0,1056000.0
267,2021-10-08 06:03:53,4190.0,2500.0,1055900.0
268,2021-10-08 06:03:53,4190.0,100.0,1053400.0
269,2021-10-08 06:03:53,4190.0,4500.0,1053300.0
270,2021-10-08 06:00:48,4190.0,1000.0,1048800.0
271,2021-10-08 06:00:16,4190.0,500.0,1047800.0
272,2021-10-08 04:28:53,4180.0,17300.0,1047300.0
273,2021-10-08 04:28:53,4180.0,2000.0,1030000.0
274,2021-10-08 04:28:53,4180.0,5000.0,1028000.0
275,2021-10-08 04:28:53,4180.0,1000.0,1023000.0
276,2021-10-08 04:28:53,4180.0,500.0,1022000.0
277,2021-10-08 04:28:53,4180.0,10000.0,1021500.0
278,2021-10-08 04:28:53,4180.0,4000.0,1011500.0
279,2021-10-08 04:28:53,4180.0,200.0,1007500.0
280,2021-10-08 04:28:53,4190.0,100.0,1007300.0
281,2021-10-08 04:28:53,4190.0,1200.0,1007200.0
282,2021-10-08 04:28:53,4190.0,2700.0,1006000.0
283,2021-10-08 04:28:53,4190.0,1000.0,1003300.0
284,2021-10-08 04:28:53,4190.0,3000.0,1002300.0
285,2021-10-08 04:28:53,4190.0,1000.0,999300.0
286,2021-10-08 04:28:53,4190.0,100.0,998300.0
287,2021-10-08 04:28:53,4190.0,100.0,998200.0
288,2021-10-08 04:28:53,4200.0,400.0,998100.0
289,2021-10-08 04:28:53,4200.0,400.0,997700.0
290,2021-10-08 04:28:27,4210.0,400.0,997300.0
291,2021-10-08 04:28:27,4210.0,6000.0,996900.0
292,2021-10-08 04:23:51,4210.0,300.0,990900.0
293,2021-10-08 04:23:51,4210.0,100.0,990600.0
294,2021-10-08 04:21:58,4210.0,1400.0,990500.0
295,2021-10-08 04:21:02,4210.0,100.0,989100.0
296,2021-10-08 04:20:00,4210.0,1000.0,989000.0
297,2021-10-08 04:18:56,4190.0,200.0,988000.0
298,2021-10-08 04:18:56,4220.0,100.0,987800.0
299,2021-10-08 04:17:33,4210.0,100.0,987700.0
300,2021-10-08 04:17:33,4210.0,5000.0,987600.0
301,2021-10-08 04:15:35,4230.0,200.0,982600.0
302,2021-10-08 04:15:22,4230.0,900.0,982400.0
303,2021-10-08 04:15:22,4230.0,100.0,981500.0
304,2021-10-08 04:14:25,4190.0,100.0,981400.0
305,2021-10-08 04:14:12,4190.0,14000.0,981300.0
306,2021-10-08 04:12:30,4180.0,600.0,967300.0
307,2021-10-08 04:12:29,4190.0,400.0,966700.0
308,2021-10-08 04:12:15,4180.0,200.0,966300.0
309,2021-10-08 04:12:15,4180.0,4600.0,966100.0
310,2021-10-08 04:12:13,4180.0,400.0,961500.0
311,2021-10-08 04:12:13,4180.0,1600.0,961100.0
312,2021-10-08 04:12:01,4180.0,1500.0,959500.0
313,2021-10-08 04:11:51,4190.0,300.0,958000.0
314,2021-10-08 04:11:48,4180.0,100.0,957700.0
315,2021-10-08 04:11:48,4180.0,200.0,957600.0
316,2021-10-08 04:11:36,4190.0,1000.0,957400.0
317,2021-10-08 04:11:30,4190.0,300.0,956400.0
318,2021-10-08 04:11:22,4190.0,7000.0,956100.0
319,2021-10-08 04:11:22,4190.0,200.0,949100.0
320,2021-10-08 04:11:22,4190.0,100.0,948900.0
321,2021-10-08 04:11:22,4190.0,2000.0,948800.0
322,2021-10-08 04:11:22,4190.0,1000.0,946800.0
323,2021-10-08 04:11:22,4190.0,10000.0,945800.0
324,2021-10-08 04:11:22,4200.0,100.0,935800.0
325,2021-10-08 04:11:22,4200.0,1000.0,935700.0
326,2021-10-08 04:11:22,4200.0,500.0,934700.0
327,2021-10-08 04:11:22,4200.0,200.0,934200.0
328,2021-10-08 04:11:22,4200.0,500.0,934000.0
329,2021-10-08 04:11:22,4200.0,100.0,933500.0
330,2021-10-08 04:11:22,4200.0,1000.0,933400.0
331,2021-10-08 04:11:22,4200.0,500.0,932400.0
332,2021-10-08 04:11:22,4200.0,1000.0,931900.0
333,2021-10-08 04:11:22,4200.0,100.0,930900.0
334,2021-10-08 04:11:22,4200.0,8600.0,930800.0
335,2021-10-08 04:10:26,4200.0,28500.0,922200.0
336,2021-10-08 04:10:26,4200.0,1000.0,893700.0
337,2021-10-08 04:10:26,4200.0,200.0,892700.0
338,2021-10-08 04:10:26,4200.0,3000.0,892500.0
339,2021-10-08 04:10:26,4200.0,100.0,889500.0
340,2021-10-08 04:10:26,4200.0,1000.0,889400.0
341,2021-10-08 04:10:26,4200.0,2000.0,888400.0
342,2021-10-08 04:10:26,4200.0,300.0,886400.0
343,2021-10-08 04:10:26,4200.0,1000.0,886100.0
344,2021-10-08 04:10:26,4200.0,2000.0,885100.0
345,2021-10-08 04:10:26,4200.0,1000.0,883100.0
346,2021-10-08 04:10:26,4200.0,1000.0,882100.0
347,2021-10-08 04:10:26,4200.0,1000.0,881100.0
348,2021-10-08 04:10:26,4200.0,10000.0,880100.0
349,2021-10-08 04:10:26,4200.0,1000.0,870100.0
350,2021-10-08 04:10:26,4200.0,300.0,869100.0
351,2021-10-08 04:10:26,4200.0,1000.0,868800.0
352,2021-10-08 04:10:26,4200.0,200.0,867800.0
353,2021-10-08 04:10:26,4200.0,2300.0,867600.0
354,2021-10-08 04:10:26,4210.0,800.0,865300.0
355,2021-10-08 04:10:26,4210.0,100.0,864500.0
356,2021-10-08 04:10:26,4210.0,100.0,864400.0
357,2021-10-08 04:10:26,4210.0,1500.0,864300.0
358,2021-10-08 04:10:26,4210.0,100.0,862800.0
359,2021-10-08 04:09:04,4210.0,400.0,862700.0
360,2021-10-08 04:09:04,4210.0,3000.0,862300.0
361,2021-10-08 04:09:04,4210.0,1000.0,859300.0
362,2021-10-08 04:09:04,4210.0,100.0,858300.0
363,2021-10-08 04:09:04,4210.0,2500.0,858200.0
364,2021-10-08 04:09:04,4210.0,200.0,855700.0
365,2021-10-08 04:09:04,4210.0,200.0,855500.0
366,2021-10-08 04:09:04,4210.0,1000.0,855300.0
367,2021-10-08 04:09:04,4210.0,200.0,854300.0
368,2021-10-08 04:09:04,4210.0,400.0,854100.0
369,2021-10-08 04:08:23,4210.0,300.0,853700.0
370,2021-10-08 04:08:23,4210.0,600.0,853400.0
371,2021-10-08 04:08:23,4220.0,100.0,852800.0
372,2021-10-08 04:08:05,4230.0,300.0,852700.0
373,2021-10-08 04:07:04,4230.0,600.0,852400.0
374,2021-10-08 04:07:04,4230.0,3400.0,851800.0
375,2021-10-08 04:06:35,4220.0,400.0,848400.0
376,2021-10-08 04:06:26,4210.0,400.0,848000.0
377,2021-10-08 04:06:26,4210.0,100.0,847600.0
378,2021-10-08 04:06:14,4220.0,100.0,847500.0
379,2021-10-08 04:05:59,4220.0,100.0,847400.0
380,2021-10-08 04:05:54,4220.0,300.0,847300.0
381,2021-10-08 04:05:54,4220.0,3000.0,847000.0
382,2021-10-08 04:05:54,4220.0,1100.0,844000.0
383,2021-10-08 04:05:51,4220.0,1900.0,842900.0
384,2021-10-08 04:05:14,4230.0,1000.0,841000.0
385,2021-10-08 04:05:14,4230.0,600.0,840000.0
386,2021-10-08 04:04:34,4230.0,400.0,839400.0
387,2021-10-08 04:04:34,4230.0,300.0,839000.0
388,2021-10-08 04:04:34,4230.0,2400.0,838700.0
389,2021-10-08 04:04:22,4230.0,200.0,836300.0
390,2021-10-08 04:03:24,4230.0,100.0,836100.0
391,2021-10-08 04:03:05,4230.0,300.0,836000.0
392,2021-10-08 04:03:02,4230.0,1000.0,835700.0
393,2021-10-08 04:03:02,4230.0,200.0,834700.0
394,2021-10-08 04:03:02,4230.0,1000.0,834500.0
395,2021-10-08 04:03:02,4230.0,300.0,833500.0
396,2021-10-08 04:03:02,4230.0,1500.0,833200.0
397,2021-10-08 04:03:02,4230.0,300.0,831700.0
398,2021-10-08 04:03:02,4230.0,700.0,831400.0
399,2021-10-08 04:02:23,4230.0,400.0,830700.0
400,2021-10-08 04:01:47,4230.0,200.0,830300.0
401,2021-10-08 04:00:57,4230.0,200.0,830100.0
402,2021-10-08 04:00:09,4230.0,1000.0,829900.0
403,2021-10-08 03:59:44,4240.0,300.0,828900.0
404,2021-10-08 03:58:10,4240.0,400.0,828600.0
405,2021-10-08 03:57:15,4240.0,400.0,828200.0
406,2021-10-08 03:57:15,4240.0,600.0,827800.0
407,2021-10-08 03:56:56,4230.0,500.0,827200.0
408,2021-10-08 03:56:48,4240.0,4400.0,826700.0
409,2021-10-08 03:56:48,4240.0,2600.0,822300.0
410,2021-10-08 03:56:22,4240.0,2000.0,819700.0
411,2021-10-08 03:55:20,4240.0,200.0,817700.0
412,2021-10-08 03:54:58,4240.0,100.0,817500.0
413,2021-10-08 03:54:34,4240.0,5000.0,817400.0
414,2021-10-08 03:54:34,4240.0,500.0,812400.0
415,2021-10-08 03:53:24,4240.0,300.0,811900.0
416,2021-10-08 03:53:11,4240.0,200.0,811600.0
417,2021-10-08 03:53:11,4240.0,100.0,811400.0
418,2021-10-08 03:53:11,4240.0,300.0,811300.0
419,2021-10-08 03:53:11,4240.0,600.0,811000.0
420,2021-10-08 03:53:11,4240.0,2800.0,810400.0
421,2021-10-08 03:53:01,4250.0,300.0,807600.0
422,2021-10-08 03:52:48,4250.0,1200.0,807300.0
423,2021-10-08 03:52:34,4250.0,3500.0,806100.0
424,2021-10-08 03:52:34,4250.0,200.0,802600.0
425,2021-10-08 03:51:29,4260.0,100.0,802400.0
426,2021-10-08 03:50:39,4270.0,100.0,802300.0
427,2021-10-08 03:50:39,4270.0,600.0,802200.0
428,2021-10-08 03:50:39,4260.0,1000.0,801600.0
429,2021-10-08 03:50:39,4260.0,100.0,800600.0
430,2021-10-08 03:50:39,4260.0,200.0,800500.0
431,2021-10-08 03:50:14,4260.0,200.0,800300.0
432,2021-10-08 03:49:39,4260.0,9600.0,800100.0
433,2021-10-08 03:49:39,4260.0,3500.0,790500.0
434,2021-10-08 03:49:09,4260.0,100.0,787000.0
435,2021-10-08 03:49:09,4260.0,6400.0,786900.0
436,2021-10-08 03:48:31,4260.0,1000.0,780500.0
437,2021-10-08 03:48:09,4260.0,8300.0,779500.0
438,2021-10-08 03:48:09,4250.0,3000.0,771200.0
439,2021-10-08 03:48:09,4250.0,1000.0,768200.0
440,2021-10-08 03:48:09,4250.0,300.0,767200.0
441,2021-10-08 03:47:52,4240.0,500.0,766900.0
442,2021-10-08 03:47:50,4240.0,1500.0,766400.0
443,2021-10-08 03:47:50,4240.0,200.0,764900.0
444,2021-10-08 03:47:39,4240.0,800.0,764700.0
445,2021-10-08 03:46:47,4240.0,100.0,763900.0
446,2021-10-08 03:46:47,4240.0,300.0,763800.0
447,2021-10-08 03:46:47,4240.0,600.0,763500.0
448,2021-10-08 03:46:12,4250.0,100.0,762900.0
449,2021-10-08 03:45:54,4250.0,200.0,762800.0
450,2021-10-08 03:45:42,4240.0,400.0,762600.0
451,2021-10-08 03:45:42,4240.0,500.0,762200.0
452,2021-10-08 03:45:42,4240.0,100.0,761700.0
453,2021-10-08 03:45:41,4250.0,100.0,761600.0
454,2021-10-08 03:45:33,4250.0,100.0,761500.0
455,2021-10-08 03:44:10,4250.0,100.0,761400.0
456,2021-10-08 03:43:33,4250.0,500.0,761300.0
457,2021-10-08 03:43:33,4250.0,100.0,760800.0
458,2021-10-08 03:43:33,4250.0,100.0,760700.0
459,2021-10-08 03:43:33,4250.0,3900.0,760600.0
460,2021-10-08 03:43:33,4250.0,500.0,756700.0
461,2021-10-08 03:43:33,4250.0,500.0,756200.0
462,2021-10-08 03:43:33,4250.0,500.0,755700.0
463,2021-10-08 03:43:28,4250.0,100.0,755200.0
464,2021-10-08 03:43:19,4250.0,300.0,755100.0
465,2021-10-08 03:42:56,4260.0,3100.0,754800.0
466,2021-10-08 03:42:56,4260.0,100.0,751700.0
467,2021-10-08 03:42:56,4260.0,800.0,751600.0
468,2021-10-08 03:40:18,4260.0,200.0,750800.0
469,2021-10-08 03:39:06,4260.0,800.0,750600.0
470,2021-10-08 03:39:04,4270.0,500.0,749800.0
471,2021-10-08 03:38:52,4270.0,500.0,749300.0
472,2021-10-08 03:38:36,4270.0,400.0,748800.0
473,2021-10-08 03:38:24,4270.0,700.0,748400.0
474,2021-10-08 03:37:13,4250.0,100.0,747700.0
475,2021-10-08 03:36:37,4260.0,100.0,747600.0
476,2021-10-08 03:34:18,4260.0,3800.0,747500.0
477,2021-10-08 03:34:08,4260.0,700.0,743700.0
478,2021-10-08 03:34:03,4260.0,600.0,743000.0
479,2021-10-08 03:33:42,4260.0,100.0,742400.0
480,2021-10-08 03:33:34,4260.0,100.0,742300.0
481,2021-10-08 03:33:21,4260.0,2700.0,742200.0
482,2021-10-08 03:33:21,4260.0,300.0,739500.0
483,2021-10-08 03:32:03,4260.0,1000.0,739200.0
484,2021-10-08 03:31:59,4260.0,3700.0,738200.0
485,2021-10-08 03:31:59,4260.0,1900.0,734500.0
486,2021-10-08 03:31:59,4260.0,4400.0,732600.0
487,2021-10-08 03:31:46,4260.0,600.0,728200.0
488,2021-10-08 03:29:10,4260.0,200.0,727600.0
489,2021-10-08 03:29:10,4260.0,100.0,727400.0
490,2021-10-08 03:28:45,4260.0,200.0,727300.0
491,2021-10-08 03:27:42,4260.0,400.0,727100.0
492,2021-10-08 03:27:31,4260.0,900.0,726700.0
493,2021-10-08 03:27:31,4260.0,1600.0,725800.0
494,2021-10-08 03:27:18,4270.0,300.0,724200.0
495,2021-10-08 03:26:55,4240.0,2700.0,723900.0
496,2021-10-08 03:25:28,4210.0,100.0,721200.0
497,2021-10-08 03:24:46,4210.0,100.0,721100.0
498,2021-10-08 03:24:18,4220.0,200.0,721000.0
499,2021-10-08 03:23:44,4200.0,7700.0,720800.0
500,2021-10-08 03:23:44,4200.0,200.0,713100.0
501,2021-10-08 03:23:44,4200.0,500.0,712900.0
502,2021-10-08 03:23:44,4210.0,10000.0,712400.0
503,2021-10-08 03:23:44,4210.0,900.0,702400.0
504,2021-10-08 03:23:44,4210.0,2000.0,701500.0
505,2021-10-08 03:23:44,4210.0,200.0,699500.0
506,2021-10-08 03:23:44,4210.0,200.0,699300.0
507,2021-10-08 03:23:44,4210.0,300.0,699100.0
508,2021-10-08 03:23:44,4210.0,500.0,698800.0
509,2021-10-08 03:23:44,4220.0,700.0,698300.0
510,2021-10-08 03:23:44,4220.0,10000.0,697600.0
511,2021-10-08 03:23:44,4220.0,200.0,687600.0
512,2021-10-08 03:23:44,4220.0,100.0,687400.0
513,2021-10-08 03:23:44,4230.0,200.0,687300.0
514,2021-10-08 03:23:27,4240.0,39900.0,687100.0
515,2021-10-08 03:23:27,4230.0,2100.0,647200.0
516,2021-10-08 03:22:49,4230.0,1000.0,645100.0
517,2021-10-08 03:22:49,4230.0,900.0,644100.0
518,2021-10-08 03:22:23,4230.0,100.0,643200.0
519,2021-10-08 03:22:23,4230.0,500.0,643100.0
520,2021-10-08 03:21:26,4230.0,500.0,642600.0
521,2021-10-08 03:20:49,4230.0,200.0,642100.0
522,2021-10-08 03:20:49,4230.0,800.0,641900.0
523,2021-10-08 03:19:54,4230.0,4200.0,641100.0
524,2021-10-08 03:19:38,4230.0,2000.0,636900.0
525,2021-10-08 03:19:38,4230.0,2000.0,634900.0
526,2021-10-08 03:19:02,4220.0,400.0,632900.0
527,2021-10-08 03:19:02,4220.0,2000.0,632500.0
528,2021-10-08 03:19:02,4220.0,100.0,630500.0
529,2021-10-08 03:19:02,4220.0,8100.0,630400.0
530,2021-10-08 03:19:00,4230.0,400.0,622300.0
531,2021-10-08 03:18:49,4220.0,1400.0,621900.0
532,2021-10-08 03:18:49,4220.0,5000.0,620500.0
533,2021-10-08 03:18:49,4220.0,500.0,615500.0
534,2021-10-08 03:18:49,4220.0,11900.0,615000.0
535,2021-10-08 03:18:48,4230.0,1100.0,603100.0
536,2021-10-08 03:18:44,4230.0,200.0,602000.0
537,2021-10-08 03:18:44,4230.0,1300.0,601800.0
538,2021-10-08 03:18:44,4240.0,1000.0,600500.0
539,2021-10-08 03:18:14,4230.0,8700.0,599500.0
540,2021-10-08 03:17:41,4240.0,500.0,590800.0
541,2021-10-08 03:17:15,4240.0,100.0,590300.0
542,2021-10-08 03:17:15,4240.0,5600.0,590200.0
543,2021-10-08 03:17:15,4240.0,1000.0,584600.0
544,2021-10-08 03:17:15,4240.0,100.0,583600.0
545,2021-10-08 03:17:15,4240.0,100.0,583500.0
546,2021-10-08 03:17:15,4240.0,2400.0,583400.0
547,2021-10-08 03:17:15,4240.0,100.0,581000.0
548,2021-10-08 03:17:15,4240.0,600.0,580900.0
549,2021-10-08 03:17:15,4240.0,7000.0,580300.0
550,2021-10-08 03:17:15,4240.0,500.0,573300.0
551,2021-10-08 03:17:15,4240.0,100.0,572800.0
552,2021-10-08 03:17:15,4240.0,200.0,572700.0
553,2021-10-08 03:17:15,4240.0,100.0,572500.0
554,2021-10-08 03:17:15,4240.0,800.0,572400.0
555,2021-10-08 03:17:15,4240.0,8600.0,571600.0
556,2021-10-08 03:16:45,4250.0,500.0,563000.0
557,2021-10-08 03:16:40,4250.0,1000.0,562500.0
558,2021-10-08 03:16:28,4250.0,2400.0,561500.0
559,2021-10-08 03:16:28,4250.0,3000.0,559100.0
560,2021-10-08 03:16:28,4250.0,2100.0,556100.0
561,2021-10-08 03:16:28,4250.0,400.0,554000.0
562,2021-10-08 03:16:12,4250.0,1400.0,553600.0
563,2021-10-08 03:16:12,4250.0,1600.0,552200.0
564,2021-10-08 03:15:45,4250.0,400.0,550600.0
565,2021-10-08 03:15:13,4250.0,10000.0,550200.0
566,2021-10-08 03:15:13,4250.0,500.0,540200.0
567,2021-10-08 03:15:13,4250.0,100.0,539700.0
568,2021-10-08 03:15:13,4250.0,9000.0,539600.0
569,2021-10-08 03:15:02,4250.0,1000.0,530600.0
570,2021-10-08 03:15:02,4250.0,1000.0,529600.0
571,2021-10-08 03:13:58,4250.0,4600.0,528600.0
572,2021-10-08 03:13:58,4250.0,100.0,524000.0
573,2021-10-08 03:13:58,4250.0,1300.0,523900.0
574,2021-10-08 03:13:23,4250.0,3700.0,522600.0
575,2021-10-08 03:13:23,4250.0,100.0,518900.0
576,2021-10-08 03:13:23,4250.0,900.0,518800.0
577,2021-10-08 03:13:23,4250.0,5300.0,517900.0
578,2021-10-08 03:13:08,4250.0,3000.0,512600.0
579,2021-10-08 03:12:52,4250.0,1700.0,509600.0
580,2021-10-08 03:12:52,4250.0,100.0,507900.0
581,2021-10-08 03:12:52,4250.0,1500.0,507800.0
582,2021-10-08 03:12:52,4250.0,2000.0,506300.0
583,2021-10-08 03:12:52,4250.0,500.0,504300.0
584,2021-10-08 03:12:52,4250.0,2000.0,503800.0
585,2021-10-08 03:12:52,4250.0,1000.0,501800.0
586,2021-10-08 03:12:52,4250.0,10000.0,500800.0
587,2021-10-08 03:12:31,4270.0,1200.0,490800.0
588,2021-10-08 03:12:21,4260.0,2000.0,489600.0
589,2021-10-08 03:12:21,4260.0,2000.0,487600.0
590,2021-10-08 03:12:21,4260.0,500.0,485600.0
591,2021-10-08 03:12:21,4260.0,1700.0,485100.0
592,2021-10-08 03:11:24,4280.0,400.0,483400.0
593,2021-10-08 03:11:21,4280.0,300.0,483000.0
594,2021-10-08 03:10:52,4280.0,400.0,482700.0
595,2021-10-08 03:10:42,4270.0,5000.0,482300.0
596,2021-10-08 03:10:24,4270.0,100.0,477300.0
597,2021-10-08 03:10:24,4270.0,4200.0,477200.0
598,2021-10-08 03:10:16,4260.0,300.0,473000.0
599,2021-10-08 03:10:16,4260.0,700.0,472700.0
600,2021-10-08 03:10:16,4260.0,100.0,472000.0
601,2021-10-08 03:10:16,4260.0,900.0,471900.0
602,2021-10-08 03:09:46,4270.0,5000.0,471000.0
603,2021-10-08 03:09:21,4270.0,300.0,466000.0
604,2021-10-08 03:08:32,4260.0,100.0,465700.0
605,2021-10-08 03:07:15,4260.0,800.0,465600.0
606,2021-10-08 03:06:49,4260.0,6600.0,464800.0
607,2021-10-08 03:06:49,4260.0,100.0,458200.0
608,2021-10-08 03:06:49,4260.0,300.0,458100.0
609,2021-10-08 03:06:26,4270.0,500.0,457800.0
610,2021-10-08 03:04:59,4270.0,10000.0,457300.0
611,2021-10-08 03:03:58,4260.0,600.0,447300.0
612,2021-10-08 03:03:58,4260.0,400.0,446700.0
613,2021-10-08 03:03:37,4260.0,2000.0,446300.0
614,2021-10-08 03:03:24,4260.0,600.0,444300.0
615,2021-10-08 03:03:24,4260.0,400.0,443700.0
616,2021-10-08 03:02:29,4270.0,10000.0,443300.0
617,2021-10-08 03:02:03,4260.0,2100.0,433300.0
618,2021-10-08 03:02:03,4260.0,200.0,431200.0
619,2021-10-08 03:01:28,4260.0,100.0,431000.0
620,2021-10-08 03:01:28,4260.0,800.0,430900.0
621,2021-10-08 03:01:12,4260.0,7500.0,430100.0
622,2021-10-08 03:01:06,4260.0,11700.0,422600.0
623,2021-10-08 03:01:06,4260.0,500.0,410900.0
624,2021-10-08 03:01:06,4260.0,100.0,410400.0
625,2021-10-08 03:01:06,4260.0,200.0,410300.0
626,2021-10-08 03:01:06,4260.0,100.0,410100.0
627,2021-10-08 03:01:06,4260.0,300.0,410000.0
628,2021-10-08 03:00:59,4280.0,100.0,409700.0
629,2021-10-08 03:00:24,4260.0,100.0,409600.0
630,2021-10-08 03:00:12,4270.0,9700.0,409500.0
631,2021-10-08 02:59:53,4270.0,300.0,399800.0
632,2021-10-08 02:59:45,4270.0,200.0,399500.0
633,2021-10-08 02:59:45,4270.0,100.0,399300.0
634,2021-10-08 02:58:39,4280.0,100.0,399200.0
635,2021-10-08 02:58:25,4280.0,1000.0,399100.0
636,2021-10-08 02:58:25,4280.0,200.0,398100.0
637,2021-10-08 02:58:25,4280.0,1200.0,397900.0
638,2021-10-08 02:58:03,4280.0,3800.0,396700.0
639,2021-10-08 02:58:03,4280.0,1200.0,392900.0
640,2021-10-08 02:57:54,4280.0,2000.0,391700.0
641,2021-10-08 02:56:56,4280.0,200.0,389700.0
642,2021-10-08 02:56:42,4280.0,1500.0,389500.0
643,2021-10-08 02:56:35,4270.0,1000.0,388000.0
644,2021-10-08 02:56:35,4270.0,200.0,387000.0
645,2021-10-08 02:56:35,4270.0,400.0,386800.0
646,2021-10-08 02:56:30,4270.0,300.0,386400.0
647,2021-10-08 02:56:27,4270.0,2500.0,386100.0
648,2021-10-08 02:56:24,4270.0,100.0,383600.0
649,2021-10-08 02:54:16,4260.0,600.0,383500.0
650,2021-10-08 02:54:16,4260.0,500.0,382900.0
651,2021-10-08 02:54:16,4260.0,2500.0,382400.0
652,2021-10-08 02:54:16,4260.0,1400.0,379900.0
653,2021-10-08 02:54:12,4270.0,600.0,378500.0
654,2021-10-08 02:53:42,4270.0,100.0,377900.0
655,2021-10-08 02:53:35,4270.0,800.0,377800.0
656,2021-10-08 02:53:21,4270.0,200.0,377000.0
657,2021-10-08 02:53:21,4270.0,4800.0,376800.0
658,2021-10-08 02:53:21,4270.0,4000.0,372000.0
659,2021-10-08 02:53:21,4270.0,100.0,368000.0
660,2021-10-08 02:53:21,4270.0,100.0,367900.0
661,2021-10-08 02:53:21,4270.0,6000.0,367800.0
662,2021-10-08 02:53:04,4270.0,400.0,361800.0
663,2021-10-08 02:52:53,4270.0,1000.0,361400.0
664,2021-10-08 02:51:19,4270.0,2000.0,360400.0
665,2021-10-08 02:49:49,4270.0,500.0,358400.0
666,2021-10-08 02:49:48,4280.0,200.0,357900.0
667,2021-10-08 02:49:34,4270.0,200.0,357700.0
668,2021-10-08 02:47:26,4280.0,100.0,357500.0
669,2021-10-08 02:47:26,4280.0,1800.0,357400.0
670,2021-10-08 02:47:10,4280.0,100.0,355600.0
671,2021-10-08 02:47:09,4290.0,200.0,355500.0
672,2021-10-08 02:47:09,4290.0,100.0,355300.0
673,2021-10-08 02:46:53,4290.0,200.0,355200.0
674,2021-10-08 02:46:53,4290.0,800.0,355000.0
675,2021-10-08 02:46:28,4280.0,2000.0,354200.0
676,2021-10-08 02:46:15,4290.0,200.0,352200.0
677,2021-10-08 02:46:15,4290.0,800.0,352000.0
678,2021-10-08 02:45:21,4290.0,200.0,351200.0
679,2021-10-08 02:45:15,4280.0,100.0,351000.0
680,2021-10-08 02:44:14,4280.0,200.0,350900.0
681,2021-10-08 02:43:35,4270.0,4100.0,350700.0
682,2021-10-08 02:43:35,4270.0,5000.0,346600.0
683,2021-10-08 02:43:35,4270.0,800.0,341600.0
684,2021-10-08 02:42:57,4260.0,2000.0,340800.0
685,2021-10-08 02:40:59,4260.0,300.0,338800.0
686,2021-10-08 02:40:42,4260.0,1000.0,338500.0
687,2021-10-08 02:40:28,4240.0,1400.0,337500.0
688,2021-10-08 02:40:28,4240.0,700.0,336100.0
689,2021-10-08 02:40:28,4240.0,800.0,335400.0
690,2021-10-08 02:40:28,4250.0,200.0,334600.0
691,2021-10-08 02:40:28,4250.0,100.0,334400.0
692,2021-10-08 02:40:28,4250.0,100.0,334300.0
693,2021-10-08 02:40:28,4250.0,2000.0,334200.0
694,2021-10-08 02:40:28,4260.0,500.0,332200.0
695,2021-10-08 02:40:28,4260.0,300.0,331700.0
696,2021-10-08 02:39:54,4270.0,200.0,331400.0
697,2021-10-08 02:39:46,4260.0,100.0,331200.0
698,2021-10-08 02:39:46,4260.0,200.0,331100.0
699,2021-10-08 02:39:46,4260.0,1000.0,330900.0
700,2021-10-08 02:39:46,4260.0,400.0,329900.0
701,2021-10-08 02:39:20,4260.0,200.0,329500.0
702,2021-10-08 02:38:23,4260.0,100.0,329300.0
703,2021-10-08 02:38:22,4260.0,500.0,329200.0
704,2021-10-08 02:38:08,4260.0,500.0,328700.0
705,2021-10-08 02:38:08,4260.0,4500.0,328200.0
706,2021-10-08 02:37:58,4260.0,700.0,323700.0
707,2021-10-08 02:37:53,4260.0,500.0,323000.0
708,2021-10-08 02:36:54,4260.0,1000.0,322500.0
709,2021-10-08 02:36:54,4260.0,2500.0,321500.0
710,2021-10-08 02:36:54,4260.0,400.0,319000.0
711,2021-10-08 02:36:54,4260.0,400.0,318600.0
712,2021-10-08 02:36:41,4240.0,200.0,318200.0
713,2021-10-08 02:36:40,4250.0,100.0,318000.0
714,2021-10-08 02:36:40,4250.0,300.0,317900.0
715,2021-10-08 02:36:22,4240.0,200.0,317600.0
716,2021-10-08 02:36:16,4240.0,8800.0,317400.0
717,2021-10-08 02:36:16,4240.0,300.0,308600.0
718,2021-10-08 02:36:16,4240.0,500.0,308300.0
719,2021-10-08 02:36:16,4240.0,400.0,307800.0
720,2021-10-08 02:36:15,4250.0,1000.0,307400.0
721,2021-10-08 02:35:54,4240.0,800.0,306400.0
722,2021-10-08 02:35:54,4240.0,200.0,305600.0
723,2021-10-08 02:35:31,4240.0,200.0,305400.0
724,2021-10-08 02:35:16,4240.0,100.0,305200.0
725,2021-10-08 02:35:02,4220.0,3100.0,305100.0
726,2021-10-08 02:35:02,4220.0,100.0,302000.0
727,2021-10-08 02:35:02,4220.0,2000.0,301900.0
728,2021-10-08 02:35:02,4230.0,1800.0,299900.0
729,2021-10-08 02:34:51,4220.0,5200.0,298100.0
730,2021-10-08 02:34:51,4220.0,100.0,292900.0
731,2021-10-08 02:34:51,4220.0,4700.0,292800.0
732,2021-10-08 02:34:49,4240.0,8400.0,288100.0
733,2021-10-08 02:34:49,4240.0,2600.0,279700.0
734,2021-10-08 02:34:28,4220.0,200.0,277100.0
735,2021-10-08 02:34:14,4220.0,100.0,276900.0
736,2021-10-08 02:33:57,4220.0,200.0,276800.0
737,2021-10-08 02:33:41,4210.0,1000.0,276600.0
738,2021-10-08 02:33:37,4240.0,1000.0,275600.0
739,2021-10-08 02:33:37,4240.0,1000.0,274600.0
740,2021-10-08 02:33:37,4240.0,3000.0,273600.0
741,2021-10-08 02:33:37,4240.0,6000.0,270600.0
742,2021-10-08 02:33:37,4210.0,1000.0,264600.0
743,2021-10-08 02:33:35,4210.0,2000.0,263600.0
744,2021-10-08 02:33:23,4210.0,2000.0,261600.0
745,2021-10-08 02:33:12,4240.0,200.0,259600.0
746,2021-10-08 02:33:11,4240.0,300.0,259400.0
747,2021-10-08 02:33:11,4240.0,2000.0,259100.0
748,2021-10-08 02:33:01,4240.0,1000.0,257100.0
749,2021-10-08 02:32:46,4250.0,300.0,256100.0
750,2021-10-08 02:32:41,4250.0,400.0,255800.0
751,2021-10-08 02:32:41,4250.0,500.0,255400.0
752,2021-10-08 02:32:25,4250.0,1000.0,254900.0
753,2021-10-08 02:32:20,4250.0,300.0,253900.0
754,2021-10-08 02:32:20,4250.0,300.0,253600.0
755,2021-10-08 02:32:20,4250.0,2000.0,253300.0
756,2021-10-08 02:32:20,4250.0,500.0,251300.0
757,2021-10-08 02:32:20,4250.0,100.0,250800.0
758,2021-10-08 02:32:20,4250.0,1000.0,250700.0
759,2021-10-08 02:32:20,4250.0,12300.0,249700.0
760,2021-10-08 02:32:08,4260.0,500.0,237400.0
761,2021-10-08 02:32:01,4260.0,400.0,236900.0
762,2021-10-08 02:32:00,4250.0,2700.0,236500.0
763,2021-10-08 02:32:00,4250.0,1000.0,233800.0
764,2021-10-08 02:32:00,4250.0,3000.0,232800.0
765,2021-10-08 02:31:59,4260.0,3700.0,229800.0
766,2021-10-08 02:31:59,4260.0,1300.0,226100.0
767,2021-10-08 02:31:07,4260.0,600.0,224800.0
768,2021-10-08 02:31:07,4260.0,200.0,224200.0
769,2021-10-08 02:31:07,4260.0,1000.0,224000.0
770,2021-10-08 02:30:45,4260.0,9500.0,223000.0
771,2021-10-08 02:30:31,4260.0,500.0,213500.0
772,2021-10-08 02:30:17,4260.0,9500.0,213000.0
773,2021-10-08 02:30:17,4260.0,500.0,203500.0
774,2021-10-08 02:30:01,4270.0,800.0,203000.0
775,2021-10-08 02:29:57,4270.0,2700.0,202200.0
776,2021-10-08 02:29:54,4270.0,1000.0,199500.0
777,2021-10-08 02:29:35,4270.0,1000.0,198500.0
778,2021-10-08 02:29:32,4270.0,5300.0,197500.0
779,2021-10-08 02:29:32,4270.0,2900.0,192200.0
780,2021-10-08 02:29:30,4270.0,200.0,189300.0
781,2021-10-08 02:29:24,4270.0,2000.0,189100.0
782,2021-10-08 02:29:22,4280.0,100.0,187100.0
783,2021-10-08 02:29:09,4280.0,1000.0,187000.0
784,2021-10-08 02:29:01,4270.0,4900.0,186000.0
785,2021-10-08 02:29:01,4270.0,100.0,181100.0
786,2021-10-08 02:28:45,4280.0,100.0,181000.0
787,2021-10-08 02:28:40,4280.0,1700.0,180900.0
788,2021-10-08 02:28:40,4280.0,100.0,179200.0
789,2021-10-08 02:28:17,4280.0,100.0,179100.0
790,2021-10-08 02:28:13,4280.0,4900.0,179000.0
791,2021-10-08 02:28:04,4290.0,200.0,174100.0
792,2021-10-08 02:28:01,4280.0,100.0,173900.0
793,2021-10-08 02:26:49,4290.0,100.0,173800.0
794,2021-10-08 02:26:21,4280.0,500.0,173700.0
795,2021-10-08 02:26:21,4280.0,3500.0,173200.0
796,2021-10-08 02:26:04,4280.0,500.0,169700.0
797,2021-10-08 02:25:57,4290.0,700.0,169200.0
798,2021-10-08 02:25:48,4300.0,100.0,168500.0
799,2021-10-08 02:25:31,4290.0,100.0,168400.0
800,2021-10-08 02:25:24,4290.0,300.0,168300.0
801,2021-10-08 02:25:19,4300.0,100.0,168000.0
802,2021-10-08 02:25:07,4290.0,300.0,167900.0
803,2021-10-08 02:25:04,4280.0,1000.0,167600.0
804,2021-10-08 02:25:00,4290.0,500.0,166600.0
805,2021-10-08 02:24:53,4300.0,100.0,166100.0
806,2021-10-08 02:24:51,4290.0,2000.0,166000.0
807,2021-10-08 02:24:39,4290.0,2000.0,164000.0
808,2021-10-08 02:24:30,4300.0,200.0,162000.0
809,2021-10-08 02:24:25,4300.0,200.0,161800.0
810,2021-10-08 02:24:23,4290.0,500.0,161600.0
811,2021-10-08 02:24:07,4300.0,200.0,161100.0
812,2021-10-08 02:24:05,4300.0,200.0,160900.0
813,2021-10-08 02:24:05,4300.0,200.0,160700.0
814,2021-10-08 02:23:57,4300.0,200.0,160500.0
815,2021-10-08 02:23:54,4300.0,100.0,160300.0
816,2021-10-08 02:23:53,4300.0,10000.0,160200.0
817,2021-10-08 02:23:53,4300.0,10000.0,150200.0
818,2021-10-08 02:23:53,4300.0,100.0,140200.0
819,2021-10-08 02:23:53,4300.0,3400.0,140100.0
820,2021-10-08 02:23:53,4300.0,500.0,136700.0
821,2021-10-08 02:23:53,4300.0,100.0,136200.0
822,2021-10-08 02:23:53,4300.0,2900.0,136100.0
823,2021-10-08 02:23:53,4300.0,300.0,133200.0
824,2021-10-08 02:23:53,4300.0,100.0,132900.0
825,2021-10-08 02:23:47,4310.0,100.0,132800.0
826,2021-10-08 02:23:47,4310.0,200.0,132700.0
827,2021-10-08 02:23:47,4310.0,2600.0,132500.0
828,2021-10-08 02:23:37,4310.0,200.0,129900.0
829,2021-10-08 02:23:31,4310.0,300.0,129700.0
830,2021-10-08 02:23:11,4310.0,1900.0,129400.0
831,2021-10-08 02:23:11,4310.0,5000.0,127500.0
832,2021-10-08 02:23:11,4320.0,300.0,122500.0
833,2021-10-08 02:23:11,4320.0,1000.0,122200.0
834,2021-10-08 02:23:11,4320.0,3500.0,121200.0
835,2021-10-08 02:22:55,4320.0,1500.0,117700.0
836,2021-10-08 02:22:46,4320.0,600.0,116200.0
837,2021-10-08 02:22:46,4320.0,900.0,115600.0
838,2021-10-08 02:22:41,4320.0,5000.0,114700.0
839,2021-10-08 02:22:34,4320.0,5000.0,109700.0
840,2021-10-08 02:22:32,4330.0,700.0,104700.0
841,2021-10-08 02:22:19,4330.0,100.0,104000.0
842,2021-10-08 02:22:18,4330.0,500.0,103900.0
843,2021-10-08 02:22:04,4330.0,100.0,103400.0
844,2021-10-08 02:22:01,4320.0,5000.0,103300.0
845,2021-10-08 02:21:19,4320.0,2000.0,98300.0
846,2021-10-08 02:21:19,4320.0,900.0,96300.0
847,2021-10-08 02:21:19,4320.0,1200.0,95400.0
848,2021-10-08 02:20:42,4320.0,100.0,94200.0
849,2021-10-08 02:20:42,4320.0,200.0,94100.0
850,2021-10-08 02:20:42,4320.0,200.0,93900.0
851,2021-10-08 02:20:42,4320.0,2000.0,93700.0
852,2021-10-08 02:20:42,4320.0,100.0,91700.0
853,2021-10-08 02:20:42,4320.0,600.0,91600.0
854,2021-10-08 02:20:42,4320.0,45600.0,91000.0
855,2021-10-08 02:20:35,4330.0,100.0,45400.0
856,2021-10-08 02:20:35,4330.0,1000.0,45300.0
857,2021-10-08 02:20:35,4330.0,400.0,44300.0
858,2021-10-08 02:20:35,4330.0,500.0,43900.0
859,2021-10-08 02:20:32,4330.0,1500.0,43400.0
860,2021-10-08 02:20:32,4330.0,1200.0,41900.0
861,2021-10-08 02:20:32,4330.0,700.0,40700.0
862,2021-10-08 02:20:32,4330.0,600.0,40000.0
863,2021-10-08 02:20:22,4340.0,500.0,39400.0
864,2021-10-08 02:20:22,4340.0,300.0,38900.0
865,2021-10-08 02:20:13,4340.0,2500.0,38600.0
866,2021-10-08 02:20:13,4340.0,800.0,36100.0
867,2021-10-08 02:20:03,4340.0,2000.0,35300.0
868,2021-10-08 02:19:35,4340.0,200.0,33300.0
869,2021-10-08 02:19:32,4340.0,100.0,33100.0
870,2021-10-08 02:19:15,4340.0,500.0,33000.0
871,2021-10-08 02:18:58,4340.0,1200.0,32500.0
872,2021-10-08 02:16:35,4330.0,300.0,31300.0
873,2021-10-08 02:16:02,4330.0,200.0,31000.0
874,2021-10-08 02:16:02,4330.0,100.0,30800.0
875,2021-10-08 02:15:01,4320.0,4400.0,30700.0
876,2021-10-08 02:15:01,4320.0,100.0,26300.0
877,2021-10-08 02:15:01,4320.0,100.0,26200.0
878,2021-10-08 02:15:01,4320.0,400.0,26100.0
879,2021-10-08 02:15:01,4320.0,200.0,25700.0
880,2021-10-08 02:15:01,4320.0,1700.0,25500.0
881,2021-10-08 02:15:01,4320.0,8300.0,23800.0
882,2021-10-08 02:15:01,4320.0,500.0,15500.0
883,2021-10-08 02:15:01,4320.0,5000.0,15000.0
884,2021-10-08 02:15:01,4320.0,6200.0,10000.0
885,2021-10-08 02:15:01,4320.0,2000.0,3800.0
886,2021-10-08 02:15:01,4320.0,400.0,1800.0
887,2021-10-08 02:15:01,4320.0,1000.0,1400.0
888,2021-10-08 02:15:01,4320.0,400.0,400.0
