,Time,Price,Volume_per_trade,Volume
0,2021-10-06 07:45:01,4150.0,500.0,965200.0
1,2021-10-06 07:45:01,4150.0,500.0,964700.0
2,2021-10-06 07:45:01,4150.0,10000.0,964200.0
3,2021-10-06 07:45:01,4150.0,3000.0,954200.0
4,2021-10-06 07:45:01,4150.0,100.0,951200.0
5,2021-10-06 07:45:01,4150.0,200.0,951100.0
6,2021-10-06 07:45:01,4150.0,100.0,950900.0
7,2021-10-06 07:45:01,4150.0,1000.0,950800.0
8,2021-10-06 07:45:01,4150.0,300.0,949800.0
9,2021-10-06 07:45:01,4150.0,300.0,949500.0
10,2021-10-06 07:45:01,4150.0,1700.0,949200.0
11,2021-10-06 07:45:01,4150.0,1000.0,947500.0
12,2021-10-06 07:45:01,4150.0,5000.0,946500.0
13,2021-10-06 07:45:01,4150.0,200.0,941500.0
14,2021-10-06 07:45:01,4150.0,2100.0,941300.0
15,2021-10-06 07:45:01,4150.0,1000.0,939200.0
16,2021-10-06 07:45:01,4150.0,500.0,938200.0
17,2021-10-06 07:45:01,4150.0,1400.0,937700.0
18,2021-10-06 07:45:01,4150.0,800.0,936300.0
19,2021-10-06 07:45:01,4150.0,7000.0,935500.0
20,2021-10-06 07:45:01,4150.0,400.0,928500.0
21,2021-10-06 07:45:01,4150.0,1000.0,928100.0
22,2021-10-06 07:45:01,4150.0,1000.0,927100.0
23,2021-10-06 07:45:01,4150.0,200.0,926100.0
24,2021-10-06 07:45:01,4150.0,9600.0,925900.0
25,2021-10-06 07:45:01,4150.0,100.0,916300.0
26,2021-10-06 07:45:01,4150.0,5000.0,916200.0
27,2021-10-06 07:45:01,4150.0,5000.0,911200.0
28,2021-10-06 07:45:01,4150.0,14300.0,906200.0
29,2021-10-06 07:45:01,4150.0,3000.0,891900.0
30,2021-10-06 07:45:01,4150.0,800.0,888900.0
31,2021-10-06 07:45:01,4150.0,1900.0,888100.0
32,2021-10-06 07:45:01,4150.0,300.0,886200.0
33,2021-10-06 07:45:01,4150.0,2800.0,885900.0
34,2021-10-06 07:45:01,4150.0,100.0,883100.0
35,2021-10-06 07:45:01,4150.0,100.0,883000.0
36,2021-10-06 07:45:01,4150.0,2000.0,882900.0
37,2021-10-06 07:45:01,4150.0,1000.0,880900.0
38,2021-10-06 07:45:01,4150.0,2000.0,879900.0
39,2021-10-06 07:45:01,4150.0,500.0,877900.0
40,2021-10-06 07:45:01,4150.0,4000.0,877400.0
41,2021-10-06 07:45:01,4150.0,3100.0,873400.0
42,2021-10-06 07:45:01,4150.0,100.0,870300.0
43,2021-10-06 07:45:01,4150.0,300.0,870200.0
44,2021-10-06 07:45:01,4150.0,4700.0,869900.0
45,2021-10-06 07:45:01,4150.0,5000.0,865200.0
46,2021-10-06 07:45:01,4150.0,300.0,860200.0
47,2021-10-06 07:45:01,4150.0,400.0,859900.0
48,2021-10-06 07:45:01,4150.0,500.0,859500.0
49,2021-10-06 07:45:01,4150.0,1100.0,859000.0
50,2021-10-06 07:45:01,4150.0,100.0,857900.0
51,2021-10-06 07:45:01,4150.0,100.0,857800.0
52,2021-10-06 07:45:01,4150.0,500.0,857700.0
53,2021-10-06 07:45:01,4150.0,100.0,857200.0
54,2021-10-06 07:45:01,4150.0,10000.0,857100.0
55,2021-10-06 07:45:01,4150.0,10000.0,847100.0
56,2021-10-06 07:45:01,4150.0,1000.0,837100.0
57,2021-10-06 07:45:01,4150.0,8200.0,836100.0
58,2021-10-06 07:45:01,4150.0,1800.0,827900.0
59,2021-10-06 07:45:01,4150.0,1000.0,826100.0
60,2021-10-06 07:45:01,4150.0,200.0,825100.0
61,2021-10-06 07:45:01,4150.0,700.0,824900.0
62,2021-10-06 07:45:01,4150.0,100.0,824200.0
63,2021-10-06 07:45:01,4150.0,3000.0,824100.0
64,2021-10-06 07:45:01,4150.0,500.0,821100.0
65,2021-10-06 07:29:43,4140.0,500.0,820600.0
66,2021-10-06 07:29:43,4140.0,4300.0,820100.0
67,2021-10-06 07:29:43,4140.0,10000.0,815800.0
68,2021-10-06 07:29:43,4140.0,1000.0,805800.0
69,2021-10-06 07:29:43,4140.0,3500.0,804800.0
70,2021-10-06 07:29:40,4140.0,1900.0,801300.0
71,2021-10-06 07:29:40,4140.0,500.0,799400.0
72,2021-10-06 07:29:40,4140.0,7600.0,798900.0
73,2021-10-06 07:29:31,4140.0,12400.0,791300.0
74,2021-10-06 07:29:31,4140.0,3000.0,778900.0
75,2021-10-06 07:29:31,4140.0,2300.0,775900.0
76,2021-10-06 07:29:31,4140.0,2300.0,773600.0
77,2021-10-06 07:29:04,4140.0,1300.0,771300.0
78,2021-10-06 07:29:04,4140.0,3000.0,770000.0
79,2021-10-06 07:29:04,4140.0,1000.0,767000.0
80,2021-10-06 07:29:04,4140.0,2700.0,766000.0
81,2021-10-06 07:27:59,4130.0,200.0,763300.0
82,2021-10-06 07:27:25,4130.0,3000.0,763100.0
83,2021-10-06 07:27:05,4140.0,200.0,760100.0
84,2021-10-06 07:26:30,4140.0,1000.0,759900.0
85,2021-10-06 07:25:23,4130.0,1200.0,758900.0
86,2021-10-06 07:25:13,4140.0,2000.0,757700.0
87,2021-10-06 07:24:58,4140.0,200.0,755700.0
88,2021-10-06 07:23:40,4140.0,500.0,755500.0
89,2021-10-06 07:22:26,4140.0,800.0,755000.0
90,2021-10-06 07:21:52,4130.0,100.0,754200.0
91,2021-10-06 07:21:13,4130.0,900.0,754100.0
92,2021-10-06 07:21:04,4130.0,2300.0,753200.0
93,2021-10-06 07:21:04,4130.0,600.0,750900.0
94,2021-10-06 07:21:04,4130.0,7100.0,750300.0
95,2021-10-06 07:19:43,4140.0,800.0,743200.0
96,2021-10-06 07:19:26,4140.0,1800.0,742400.0
97,2021-10-06 07:19:26,4140.0,200.0,740600.0
98,2021-10-06 07:18:41,4140.0,300.0,740400.0
99,2021-10-06 07:18:41,4140.0,500.0,740100.0
100,2021-10-06 07:18:41,4140.0,200.0,739600.0
101,2021-10-06 07:18:41,4140.0,2000.0,739400.0
102,2021-10-06 07:18:41,4140.0,2000.0,737400.0
103,2021-10-06 07:18:41,4140.0,5000.0,735400.0
104,2021-10-06 07:16:08,4130.0,500.0,730400.0
105,2021-10-06 07:16:00,4130.0,500.0,729900.0
106,2021-10-06 07:15:57,4130.0,1500.0,729400.0
107,2021-10-06 07:15:26,4140.0,100.0,727900.0
108,2021-10-06 07:13:27,4140.0,100.0,727800.0
109,2021-10-06 07:13:27,4140.0,400.0,727700.0
110,2021-10-06 07:13:04,4140.0,100.0,727300.0
111,2021-10-06 07:12:15,4130.0,1000.0,727200.0
112,2021-10-06 07:12:02,4130.0,1500.0,726200.0
113,2021-10-06 07:11:14,4130.0,100.0,724700.0
114,2021-10-06 07:10:54,4140.0,1000.0,724600.0
115,2021-10-06 07:10:35,4140.0,100.0,723600.0
116,2021-10-06 07:10:05,4140.0,400.0,723500.0
117,2021-10-06 07:10:05,4140.0,300.0,723100.0
118,2021-10-06 07:10:05,4140.0,300.0,722800.0
119,2021-10-06 07:10:02,4140.0,500.0,722500.0
120,2021-10-06 07:09:13,4140.0,4000.0,722000.0
121,2021-10-06 07:08:31,4140.0,100.0,718000.0
122,2021-10-06 07:07:26,4130.0,1500.0,717900.0
123,2021-10-06 07:06:50,4130.0,100.0,716400.0
124,2021-10-06 07:06:44,4130.0,1000.0,716300.0
125,2021-10-06 07:06:41,4140.0,100.0,715300.0
126,2021-10-06 07:05:16,4140.0,2900.0,715200.0
127,2021-10-06 07:05:16,4140.0,2000.0,712300.0
128,2021-10-06 07:05:16,4140.0,5000.0,710300.0
129,2021-10-06 07:05:16,4140.0,100.0,705300.0
130,2021-10-06 07:04:51,4130.0,5200.0,705200.0
131,2021-10-06 07:04:51,4130.0,2000.0,700000.0
132,2021-10-06 07:04:51,4130.0,2800.0,698000.0
133,2021-10-06 07:04:20,4130.0,100.0,695200.0
134,2021-10-06 07:03:00,4130.0,3000.0,695100.0
135,2021-10-06 07:03:00,4130.0,2400.0,692100.0
136,2021-10-06 07:03:00,4130.0,500.0,689700.0
137,2021-10-06 07:03:00,4130.0,1200.0,689200.0
138,2021-10-06 07:01:48,4120.0,3000.0,688000.0
139,2021-10-06 07:01:02,4120.0,1500.0,685000.0
140,2021-10-06 07:01:02,4120.0,2000.0,683500.0
141,2021-10-06 07:00:41,4130.0,2900.0,681500.0
142,2021-10-06 06:59:13,4130.0,2800.0,678600.0
143,2021-10-06 06:59:13,4130.0,3100.0,675800.0
144,2021-10-06 06:58:49,4130.0,5000.0,672700.0
145,2021-10-06 06:58:30,4130.0,5000.0,667700.0
146,2021-10-06 06:58:14,4130.0,100.0,662700.0
147,2021-10-06 06:58:10,4130.0,6800.0,662600.0
148,2021-10-06 06:58:10,4130.0,3000.0,655800.0
149,2021-10-06 06:58:10,4130.0,200.0,652800.0
150,2021-10-06 06:57:19,4130.0,5000.0,652600.0
151,2021-10-06 06:57:19,4130.0,100.0,647600.0
152,2021-10-06 06:57:19,4130.0,6600.0,647500.0
153,2021-10-06 06:57:19,4130.0,1800.0,640900.0
154,2021-10-06 06:56:00,4130.0,1000.0,639100.0
155,2021-10-06 06:56:00,4130.0,6300.0,638100.0
156,2021-10-06 06:56:00,4130.0,900.0,631800.0
157,2021-10-06 06:55:55,4140.0,100.0,630900.0
158,2021-10-06 06:55:42,4130.0,100.0,630800.0
159,2021-10-06 06:55:42,4130.0,2000.0,630700.0
160,2021-10-06 06:55:19,4130.0,100.0,628700.0
161,2021-10-06 06:54:37,4130.0,900.0,628600.0
162,2021-10-06 06:54:37,4130.0,500.0,627700.0
163,2021-10-06 06:54:37,4130.0,100.0,627200.0
164,2021-10-06 06:54:37,4130.0,2500.0,627100.0
165,2021-10-06 06:54:32,4130.0,100.0,624600.0
166,2021-10-06 06:54:24,4130.0,3300.0,624500.0
167,2021-10-06 06:53:53,4130.0,4100.0,621200.0
168,2021-10-06 06:53:53,4130.0,1700.0,617100.0
169,2021-10-06 06:53:53,4130.0,100.0,615400.0
170,2021-10-06 06:53:53,4130.0,5100.0,615300.0
171,2021-10-06 06:53:45,4130.0,300.0,610200.0
172,2021-10-06 06:53:32,4120.0,100.0,609900.0
173,2021-10-06 06:53:25,4130.0,1200.0,609800.0
174,2021-10-06 06:53:08,4130.0,3400.0,608600.0
175,2021-10-06 06:53:08,4130.0,100.0,605200.0
176,2021-10-06 06:53:08,4130.0,100.0,605100.0
177,2021-10-06 06:53:08,4130.0,200.0,605000.0
178,2021-10-06 06:53:05,4120.0,3000.0,604800.0
179,2021-10-06 06:53:05,4120.0,3000.0,601800.0
180,2021-10-06 06:52:40,4120.0,300.0,598800.0
181,2021-10-06 06:52:40,4120.0,500.0,598500.0
182,2021-10-06 06:50:21,4120.0,500.0,598000.0
183,2021-10-06 06:50:21,4120.0,1000.0,597500.0
184,2021-10-06 06:50:08,4120.0,900.0,596500.0
185,2021-10-06 06:50:08,4120.0,1100.0,595600.0
186,2021-10-06 06:49:35,4120.0,2000.0,594500.0
187,2021-10-06 06:49:01,4120.0,2400.0,592500.0
188,2021-10-06 06:49:01,4120.0,1000.0,590100.0
189,2021-10-06 06:49:01,4120.0,500.0,589100.0
190,2021-10-06 06:49:01,4120.0,100.0,588600.0
191,2021-10-06 06:49:01,4120.0,2000.0,588500.0
192,2021-10-06 06:49:01,4120.0,5000.0,586500.0
193,2021-10-06 06:49:01,4120.0,5000.0,581500.0
194,2021-10-06 06:49:01,4120.0,200.0,576500.0
195,2021-10-06 06:49:01,4120.0,5000.0,576300.0
196,2021-10-06 06:49:01,4120.0,2600.0,571300.0
197,2021-10-06 06:49:01,4120.0,2800.0,568700.0
198,2021-10-06 06:49:01,4110.0,100.0,565900.0
199,2021-10-06 06:49:01,4110.0,200.0,565800.0
200,2021-10-06 06:46:41,4110.0,1300.0,565600.0
201,2021-10-06 06:46:41,4110.0,200.0,564300.0
202,2021-10-06 06:46:30,4100.0,200.0,564100.0
203,2021-10-06 06:46:10,4100.0,500.0,563900.0
204,2021-10-06 06:45:15,4110.0,100.0,563400.0
205,2021-10-06 06:41:51,4110.0,200.0,563300.0
206,2021-10-06 06:40:57,4110.0,5000.0,563100.0
207,2021-10-06 06:40:26,4110.0,100.0,558100.0
208,2021-10-06 06:39:13,4110.0,1000.0,558000.0
209,2021-10-06 06:38:50,4110.0,100.0,557000.0
210,2021-10-06 06:38:45,4110.0,6900.0,556900.0
211,2021-10-06 06:38:45,4110.0,3000.0,550000.0
212,2021-10-06 06:38:45,4110.0,4000.0,547000.0
213,2021-10-06 06:38:45,4110.0,3000.0,543000.0
214,2021-10-06 06:38:45,4110.0,2000.0,540000.0
215,2021-10-06 06:38:45,4110.0,500.0,538000.0
216,2021-10-06 06:38:45,4110.0,8600.0,537500.0
217,2021-10-06 06:37:52,4100.0,300.0,528900.0
218,2021-10-06 06:37:52,4100.0,100.0,528600.0
219,2021-10-06 06:37:03,4110.0,200.0,528500.0
220,2021-10-06 06:36:42,4110.0,1000.0,528300.0
221,2021-10-06 06:34:20,4100.0,1100.0,527300.0
222,2021-10-06 06:34:20,4100.0,800.0,526200.0
223,2021-10-06 06:34:20,4100.0,1300.0,525400.0
224,2021-10-06 06:34:01,4100.0,200.0,524100.0
225,2021-10-06 06:34:01,4100.0,2600.0,523900.0
226,2021-10-06 06:34:01,4100.0,900.0,521300.0
227,2021-10-06 06:33:48,4090.0,100.0,520400.0
228,2021-10-06 06:33:48,4090.0,500.0,520300.0
229,2021-10-06 06:33:48,4090.0,500.0,519800.0
230,2021-10-06 06:32:46,4100.0,200.0,519300.0
231,2021-10-06 06:32:14,4100.0,200.0,519100.0
232,2021-10-06 06:32:14,4100.0,300.0,518900.0
233,2021-10-06 06:31:51,4100.0,100.0,518600.0
234,2021-10-06 06:30:47,4100.0,100.0,518500.0
235,2021-10-06 06:30:47,4100.0,1100.0,518400.0
236,2021-10-06 06:30:47,4100.0,100.0,517300.0
237,2021-10-06 06:30:47,4100.0,5000.0,517200.0
238,2021-10-06 06:30:41,4110.0,100.0,512200.0
239,2021-10-06 06:28:57,4100.0,2000.0,512100.0
240,2021-10-06 06:27:57,4100.0,100.0,510100.0
241,2021-10-06 06:27:00,4110.0,100.0,510000.0
242,2021-10-06 06:27:00,4110.0,1300.0,509900.0
243,2021-10-06 06:26:21,4100.0,500.0,508600.0
244,2021-10-06 06:25:59,4100.0,3000.0,508100.0
245,2021-10-06 06:25:59,4100.0,900.0,505100.0
246,2021-10-06 06:25:53,4100.0,1100.0,504200.0
247,2021-10-06 06:25:53,4100.0,200.0,503100.0
248,2021-10-06 06:25:05,4100.0,100.0,502900.0
249,2021-10-06 06:24:45,4100.0,700.0,502800.0
250,2021-10-06 06:23:45,4100.0,1500.0,502100.0
251,2021-10-06 06:23:24,4100.0,100.0,500600.0
252,2021-10-06 06:20:48,4100.0,200.0,500500.0
253,2021-10-06 06:19:04,4100.0,2000.0,500300.0
254,2021-10-06 06:19:04,4100.0,200.0,498300.0
255,2021-10-06 06:19:03,4100.0,2000.0,498100.0
256,2021-10-06 06:18:54,4100.0,2000.0,496100.0
257,2021-10-06 06:18:41,4100.0,5800.0,494100.0
258,2021-10-06 06:18:41,4100.0,400.0,488300.0
259,2021-10-06 06:18:41,4100.0,800.0,487900.0
260,2021-10-06 06:17:09,4100.0,800.0,487100.0
261,2021-10-06 06:16:47,4100.0,400.0,486300.0
262,2021-10-06 06:16:47,4100.0,1100.0,485900.0
263,2021-10-06 06:16:29,4110.0,700.0,484800.0
264,2021-10-06 06:15:27,4110.0,1400.0,484100.0
265,2021-10-06 06:14:23,4110.0,200.0,482700.0
266,2021-10-06 06:14:02,4110.0,200.0,482500.0
267,2021-10-06 06:12:54,4110.0,1000.0,482300.0
268,2021-10-06 06:12:54,4110.0,200.0,481300.0
269,2021-10-06 06:12:44,4110.0,300.0,481100.0
270,2021-10-06 06:12:44,4110.0,200.0,480800.0
271,2021-10-06 06:12:07,4120.0,500.0,480600.0
272,2021-10-06 06:11:58,4120.0,5000.0,480100.0
273,2021-10-06 06:11:09,4120.0,7000.0,475100.0
274,2021-10-06 06:10:49,4120.0,500.0,468100.0
275,2021-10-06 06:10:44,4120.0,10000.0,467600.0
276,2021-10-06 06:10:32,4120.0,100.0,457600.0
277,2021-10-06 06:10:32,4120.0,2000.0,457500.0
278,2021-10-06 06:10:32,4120.0,100.0,455500.0
279,2021-10-06 06:10:32,4120.0,100.0,455400.0
280,2021-10-06 06:10:32,4120.0,100.0,455300.0
281,2021-10-06 06:10:32,4120.0,700.0,455200.0
282,2021-10-06 06:10:32,4120.0,400.0,454500.0
283,2021-10-06 06:10:32,4120.0,100.0,454100.0
284,2021-10-06 06:08:42,4120.0,200.0,454000.0
285,2021-10-06 06:08:42,4120.0,500.0,453800.0
286,2021-10-06 06:08:42,4120.0,100.0,453300.0
287,2021-10-06 06:08:42,4120.0,1200.0,453200.0
288,2021-10-06 06:07:09,4100.0,1900.0,452000.0
289,2021-10-06 06:07:09,4100.0,300.0,450100.0
290,2021-10-06 06:07:09,4100.0,100.0,449800.0
291,2021-10-06 06:07:09,4100.0,2000.0,449700.0
292,2021-10-06 06:07:09,4100.0,500.0,447700.0
293,2021-10-06 06:07:09,4100.0,100.0,447200.0
294,2021-10-06 06:07:09,4100.0,2000.0,447100.0
295,2021-10-06 06:05:40,4110.0,3100.0,445100.0
296,2021-10-06 06:04:27,4110.0,11900.0,442000.0
297,2021-10-06 06:04:27,4110.0,900.0,430100.0
298,2021-10-06 06:04:27,4110.0,1000.0,429200.0
299,2021-10-06 06:04:27,4110.0,6200.0,428200.0
300,2021-10-06 06:01:34,4110.0,1000.0,422000.0
301,2021-10-06 06:00:23,4110.0,1000.0,421000.0
302,2021-10-06 06:00:02,4110.0,500.0,420000.0
303,2021-10-06 06:00:01,4110.0,100.0,419500.0
304,2021-10-06 06:00:01,4110.0,1000.0,419400.0
305,2021-10-06 06:00:01,4100.0,200.0,418400.0
306,2021-10-06 06:00:00,4100.0,800.0,418200.0
307,2021-10-06 06:00:00,4100.0,1000.0,417400.0
308,2021-10-06 06:00:00,4100.0,100.0,416400.0
309,2021-10-06 06:00:00,4100.0,1000.0,416300.0
310,2021-10-06 06:00:00,4100.0,100.0,415300.0
311,2021-10-06 06:00:00,4100.0,200.0,415200.0
312,2021-10-06 06:00:00,4100.0,2000.0,415000.0
313,2021-10-06 06:00:00,4100.0,200.0,413000.0
314,2021-10-06 06:00:00,4100.0,2000.0,412800.0
315,2021-10-06 06:00:00,4100.0,700.0,410800.0
316,2021-10-06 06:00:00,4100.0,400.0,410100.0
317,2021-10-06 06:00:00,4100.0,200.0,409700.0
318,2021-10-06 06:00:00,4100.0,500.0,409500.0
319,2021-10-06 06:00:00,4100.0,1100.0,409000.0
320,2021-10-06 06:00:00,4100.0,2100.0,407900.0
321,2021-10-06 06:00:00,4100.0,500.0,405800.0
322,2021-10-06 06:00:00,4100.0,2000.0,405300.0
323,2021-10-06 06:00:00,4100.0,100.0,403300.0
324,2021-10-06 06:00:00,4100.0,600.0,403200.0
325,2021-10-06 06:00:00,4100.0,100.0,402600.0
326,2021-10-06 06:00:00,4100.0,1000.0,402500.0
327,2021-10-06 06:00:00,4100.0,100.0,401500.0
328,2021-10-06 06:00:00,4100.0,500.0,401400.0
329,2021-10-06 06:00:00,4100.0,1000.0,400900.0
330,2021-10-06 06:00:00,4100.0,1700.0,399900.0
331,2021-10-06 06:00:00,4090.0,100.0,398200.0
332,2021-10-06 04:29:40,4100.0,300.0,398100.0
333,2021-10-06 04:29:21,4100.0,1000.0,397800.0
334,2021-10-06 04:28:43,4090.0,100.0,396800.0
335,2021-10-06 04:28:43,4090.0,1000.0,396700.0
336,2021-10-06 04:28:43,4090.0,6900.0,395700.0
337,2021-10-06 04:28:31,4090.0,2000.0,388800.0
338,2021-10-06 04:28:27,4090.0,8400.0,386800.0
339,2021-10-06 04:28:27,4090.0,400.0,378400.0
340,2021-10-06 04:28:12,4090.0,3000.0,378000.0
341,2021-10-06 04:28:12,4090.0,100.0,375000.0
342,2021-10-06 04:28:12,4090.0,200.0,374900.0
343,2021-10-06 04:28:12,4090.0,700.0,374700.0
344,2021-10-06 04:27:25,4090.0,5000.0,374000.0
345,2021-10-06 04:23:44,4080.0,1000.0,369000.0
346,2021-10-06 04:23:44,4080.0,2000.0,368000.0
347,2021-10-06 04:23:44,4080.0,100.0,366000.0
348,2021-10-06 04:23:44,4080.0,1200.0,365900.0
349,2021-10-06 04:23:44,4080.0,1000.0,364700.0
350,2021-10-06 04:23:44,4080.0,400.0,363700.0
351,2021-10-06 04:23:44,4080.0,500.0,363300.0
352,2021-10-06 04:23:44,4080.0,900.0,362800.0
353,2021-10-06 04:22:45,4080.0,100.0,361900.0
354,2021-10-06 04:22:45,4080.0,4900.0,361800.0
355,2021-10-06 04:20:45,4070.0,200.0,356900.0
356,2021-10-06 04:20:45,4070.0,600.0,356700.0
357,2021-10-06 04:16:51,4070.0,100.0,356100.0
358,2021-10-06 04:16:10,4070.0,300.0,356000.0
359,2021-10-06 04:15:41,4070.0,4600.0,355700.0
360,2021-10-06 04:12:19,4080.0,300.0,351100.0
361,2021-10-06 04:11:59,4070.0,400.0,350800.0
362,2021-10-06 04:11:59,4070.0,600.0,350400.0
363,2021-10-06 04:11:45,4080.0,100.0,349800.0
364,2021-10-06 04:11:44,4080.0,100.0,349700.0
365,2021-10-06 04:11:11,4080.0,100.0,349600.0
366,2021-10-06 04:11:10,4070.0,4400.0,349500.0
367,2021-10-06 04:11:10,4070.0,300.0,345100.0
368,2021-10-06 04:11:10,4070.0,300.0,344800.0
369,2021-10-06 04:07:31,4070.0,400.0,344500.0
370,2021-10-06 04:07:31,4070.0,100.0,344100.0
371,2021-10-06 04:07:31,4070.0,500.0,344000.0
372,2021-10-06 04:07:31,4070.0,100.0,343500.0
373,2021-10-06 04:07:31,4070.0,3300.0,343400.0
374,2021-10-06 04:06:14,4080.0,2000.0,340100.0
375,2021-10-06 04:01:05,4080.0,2500.0,338100.0
376,2021-10-06 03:58:50,4080.0,300.0,335600.0
377,2021-10-06 03:58:28,4080.0,200.0,335300.0
378,2021-10-06 03:58:28,4080.0,1000.0,335100.0
379,2021-10-06 03:58:28,4080.0,13800.0,334100.0
380,2021-10-06 03:57:33,4090.0,300.0,320300.0
381,2021-10-06 03:57:26,4080.0,100.0,320000.0
382,2021-10-06 03:54:45,4090.0,600.0,319900.0
383,2021-10-06 03:53:11,4090.0,1400.0,319300.0
384,2021-10-06 03:53:11,4090.0,2000.0,317900.0
385,2021-10-06 03:53:11,4090.0,1600.0,315900.0
386,2021-10-06 03:52:11,4080.0,6100.0,314300.0
387,2021-10-06 03:51:49,4080.0,400.0,308200.0
388,2021-10-06 03:51:15,4080.0,500.0,307800.0
389,2021-10-06 03:51:08,4080.0,2000.0,307300.0
390,2021-10-06 03:48:46,4080.0,1000.0,305300.0
391,2021-10-06 03:48:35,4080.0,10000.0,304300.0
392,2021-10-06 03:44:07,4090.0,300.0,294300.0
393,2021-10-06 03:43:10,4070.0,300.0,294000.0
394,2021-10-06 03:43:10,4080.0,100.0,293700.0
395,2021-10-06 03:43:10,4080.0,100.0,293600.0
396,2021-10-06 03:42:46,4090.0,100.0,293500.0
397,2021-10-06 03:40:00,4080.0,9300.0,293400.0
398,2021-10-06 03:38:36,4080.0,700.0,284100.0
399,2021-10-06 03:37:59,4080.0,200.0,283400.0
400,2021-10-06 03:37:36,4090.0,800.0,283200.0
401,2021-10-06 03:37:36,4090.0,200.0,282400.0
402,2021-10-06 03:37:35,4090.0,100.0,282200.0
403,2021-10-06 03:36:13,4080.0,700.0,282100.0
404,2021-10-06 03:36:05,4080.0,1400.0,281400.0
405,2021-10-06 03:35:14,4080.0,200.0,280000.0
406,2021-10-06 03:35:03,4090.0,5000.0,279800.0
407,2021-10-06 03:33:56,4090.0,1400.0,274800.0
408,2021-10-06 03:32:07,4090.0,100.0,273400.0
409,2021-10-06 03:31:48,4090.0,3100.0,273300.0
410,2021-10-06 03:29:15,4080.0,700.0,270200.0
411,2021-10-06 03:29:13,4080.0,100.0,269500.0
412,2021-10-06 03:28:43,4080.0,200.0,269400.0
413,2021-10-06 03:28:39,4090.0,100.0,269200.0
414,2021-10-06 03:28:23,4080.0,1000.0,269100.0
415,2021-10-06 03:28:23,4080.0,200.0,268100.0
416,2021-10-06 03:28:23,4080.0,2700.0,267900.0
417,2021-10-06 03:28:23,4080.0,200.0,265200.0
418,2021-10-06 03:28:23,4080.0,2400.0,265000.0
419,2021-10-06 03:28:00,4080.0,600.0,262600.0
420,2021-10-06 03:27:46,4080.0,10000.0,262000.0
421,2021-10-06 03:27:04,4080.0,12000.0,252000.0
422,2021-10-06 03:27:04,4080.0,3000.0,240000.0
423,2021-10-06 03:25:45,4070.0,400.0,237000.0
424,2021-10-06 03:24:55,4060.0,100.0,236600.0
425,2021-10-06 03:21:44,4060.0,300.0,236500.0
426,2021-10-06 03:21:08,4060.0,5000.0,236200.0
427,2021-10-06 03:20:35,4050.0,2700.0,231200.0
428,2021-10-06 03:20:35,4050.0,200.0,228500.0
429,2021-10-06 03:20:35,4050.0,100.0,228300.0
430,2021-10-06 03:19:50,4060.0,400.0,228200.0
431,2021-10-06 03:19:28,4060.0,200.0,227800.0
432,2021-10-06 03:19:22,4060.0,600.0,227600.0
433,2021-10-06 03:19:22,4060.0,600.0,227000.0
434,2021-10-06 03:17:30,4060.0,1400.0,226400.0
435,2021-10-06 03:17:30,4060.0,8600.0,225000.0
436,2021-10-06 03:15:47,4070.0,100.0,216400.0
437,2021-10-06 03:15:36,4060.0,7900.0,216300.0
438,2021-10-06 03:15:36,4060.0,2000.0,208400.0
439,2021-10-06 03:15:36,4060.0,100.0,206400.0
440,2021-10-06 03:14:36,4060.0,300.0,206300.0
441,2021-10-06 03:14:36,4060.0,1700.0,206000.0
442,2021-10-06 03:14:21,4060.0,600.0,204300.0
443,2021-10-06 03:12:43,4070.0,100.0,203700.0
444,2021-10-06 03:11:32,4060.0,5900.0,203600.0
445,2021-10-06 03:11:32,4070.0,100.0,197700.0
446,2021-10-06 03:11:20,4080.0,400.0,197600.0
447,2021-10-06 03:11:20,4070.0,1900.0,197200.0
448,2021-10-06 03:11:20,4070.0,2000.0,195300.0
449,2021-10-06 03:11:20,4070.0,100.0,193300.0
450,2021-10-06 03:09:53,4080.0,100.0,193200.0
451,2021-10-06 03:09:50,4080.0,100.0,193100.0
452,2021-10-06 03:09:50,4080.0,200.0,193000.0
453,2021-10-06 03:09:50,4080.0,8000.0,192800.0
454,2021-10-06 03:09:50,4080.0,2100.0,184800.0
455,2021-10-06 03:09:50,4080.0,11100.0,182700.0
456,2021-10-06 03:08:49,4080.0,8900.0,171600.0
457,2021-10-06 03:08:49,4080.0,1000.0,162700.0
458,2021-10-06 03:08:49,4080.0,100.0,161700.0
459,2021-10-06 03:08:14,4090.0,300.0,161600.0
460,2021-10-06 03:07:52,4090.0,200.0,161300.0
461,2021-10-06 03:07:52,4090.0,4200.0,161100.0
462,2021-10-06 03:07:21,4100.0,100.0,156900.0
463,2021-10-06 03:04:47,4090.0,100.0,156800.0
464,2021-10-06 03:03:47,4090.0,700.0,156700.0
465,2021-10-06 03:03:47,4090.0,300.0,156000.0
466,2021-10-06 03:03:05,4090.0,500.0,155700.0
467,2021-10-06 03:03:05,4090.0,200.0,155200.0
468,2021-10-06 03:02:24,4090.0,800.0,155000.0
469,2021-10-06 03:02:24,4090.0,200.0,154200.0
470,2021-10-06 03:01:59,4090.0,100.0,154000.0
471,2021-10-06 02:59:41,4090.0,100.0,153900.0
472,2021-10-06 02:58:13,4080.0,200.0,153800.0
473,2021-10-06 02:57:44,4090.0,200.0,153600.0
474,2021-10-06 02:57:21,4090.0,2000.0,153400.0
475,2021-10-06 02:55:47,4090.0,700.0,151400.0
476,2021-10-06 02:55:47,4090.0,5000.0,150700.0
477,2021-10-06 02:55:47,4090.0,1000.0,145700.0
478,2021-10-06 02:55:47,4090.0,600.0,144700.0
479,2021-10-06 02:55:47,4090.0,22700.0,144100.0
480,2021-10-06 02:54:00,4090.0,100.0,121400.0
481,2021-10-06 02:52:52,4080.0,700.0,121300.0
482,2021-10-06 02:49:52,4080.0,1300.0,120600.0
483,2021-10-06 02:49:52,4080.0,200.0,119300.0
484,2021-10-06 02:48:08,4080.0,100.0,119100.0
485,2021-10-06 02:44:06,4080.0,500.0,119000.0
486,2021-10-06 02:44:03,4080.0,500.0,118500.0
487,2021-10-06 02:41:51,4080.0,700.0,118000.0
488,2021-10-06 02:41:51,4080.0,100.0,117300.0
489,2021-10-06 02:41:43,4060.0,1800.0,117200.0
490,2021-10-06 02:41:43,4060.0,200.0,115400.0
491,2021-10-06 02:41:24,4060.0,100.0,115200.0
492,2021-10-06 02:41:24,4060.0,200.0,115100.0
493,2021-10-06 02:41:24,4060.0,200.0,114900.0
494,2021-10-06 02:39:49,4070.0,100.0,114700.0
495,2021-10-06 02:39:25,4080.0,400.0,114600.0
496,2021-10-06 02:38:58,4080.0,1200.0,114200.0
497,2021-10-06 02:38:07,4090.0,1500.0,113000.0
498,2021-10-06 02:38:07,4090.0,200.0,111500.0
499,2021-10-06 02:38:07,4090.0,8500.0,111300.0
500,2021-10-06 02:37:08,4100.0,9000.0,102800.0
501,2021-10-06 02:35:52,4100.0,400.0,93800.0
502,2021-10-06 02:35:22,4090.0,1500.0,93400.0
503,2021-10-06 02:35:22,4090.0,500.0,91900.0
504,2021-10-06 02:35:20,4100.0,100.0,91400.0
505,2021-10-06 02:34:53,4100.0,200.0,91300.0
506,2021-10-06 02:33:50,4100.0,100.0,91100.0
507,2021-10-06 02:31:06,4060.0,100.0,91000.0
508,2021-10-06 02:31:06,4060.0,100.0,90900.0
509,2021-10-06 02:30:40,4100.0,100.0,90800.0
510,2021-10-06 02:30:10,4100.0,400.0,90700.0
511,2021-10-06 02:29:24,4100.0,100.0,90300.0
512,2021-10-06 02:29:24,4100.0,500.0,90200.0
513,2021-10-06 02:29:24,4100.0,1000.0,89700.0
514,2021-10-06 02:29:24,4100.0,100.0,88700.0
515,2021-10-06 02:29:24,4100.0,200.0,88600.0
516,2021-10-06 02:29:24,4110.0,200.0,88400.0
517,2021-10-06 02:29:24,4110.0,500.0,88200.0
518,2021-10-06 02:28:02,4120.0,700.0,87700.0
519,2021-10-06 02:27:57,4120.0,500.0,87000.0
520,2021-10-06 02:27:41,4120.0,1000.0,86500.0
521,2021-10-06 02:27:38,4120.0,1000.0,85500.0
522,2021-10-06 02:27:27,4120.0,100.0,84500.0
523,2021-10-06 02:27:02,4120.0,200.0,84400.0
524,2021-10-06 02:27:02,4120.0,500.0,84200.0
525,2021-10-06 02:26:55,4120.0,1000.0,83700.0
526,2021-10-06 02:26:39,4120.0,200.0,82700.0
527,2021-10-06 02:26:11,4120.0,3700.0,82500.0
528,2021-10-06 02:25:46,4120.0,1100.0,78800.0
529,2021-10-06 02:25:32,4120.0,1000.0,77700.0
530,2021-10-06 02:24:58,4120.0,6000.0,76700.0
531,2021-10-06 02:24:36,4120.0,1900.0,70700.0
532,2021-10-06 02:24:27,4120.0,100.0,68800.0
533,2021-10-06 02:23:44,4110.0,500.0,68700.0
534,2021-10-06 02:23:06,4140.0,100.0,68200.0
535,2021-10-06 02:22:28,4140.0,100.0,68100.0
536,2021-10-06 02:21:54,4100.0,500.0,68000.0
537,2021-10-06 02:21:54,4100.0,1000.0,67500.0
538,2021-10-06 02:21:54,4100.0,400.0,66500.0
539,2021-10-06 02:21:54,4100.0,600.0,66100.0
540,2021-10-06 02:21:39,4100.0,100.0,65500.0
541,2021-10-06 02:21:28,4100.0,600.0,65400.0
542,2021-10-06 02:21:28,4130.0,400.0,64800.0
543,2021-10-06 02:21:06,4120.0,500.0,64400.0
544,2021-10-06 02:21:06,4110.0,100.0,63900.0
545,2021-10-06 02:20:09,4100.0,1000.0,63800.0
546,2021-10-06 02:19:16,4100.0,1500.0,62800.0
547,2021-10-06 02:19:16,4100.0,500.0,61300.0
548,2021-10-06 02:19:16,4100.0,2000.0,60800.0
549,2021-10-06 02:19:00,4100.0,100.0,58800.0
550,2021-10-06 02:17:42,4100.0,2900.0,58700.0
551,2021-10-06 02:17:23,4100.0,2000.0,55800.0
552,2021-10-06 02:16:07,4050.0,1100.0,53800.0
553,2021-10-06 02:15:04,4050.0,500.0,52700.0
554,2021-10-06 02:15:01,4050.0,1000.0,52200.0
555,2021-10-06 02:15:01,4050.0,5000.0,51200.0
556,2021-10-06 02:15:01,4050.0,500.0,46200.0
557,2021-10-06 02:15:01,4050.0,9500.0,45700.0
558,2021-10-06 02:15:01,4050.0,100.0,36200.0
559,2021-10-06 02:15:01,4050.0,5400.0,36100.0
560,2021-10-06 02:15:01,4050.0,200.0,30700.0
561,2021-10-06 02:15:01,4050.0,1000.0,30500.0
562,2021-10-06 02:15:01,4050.0,700.0,29500.0
563,2021-10-06 02:15:01,4050.0,1000.0,28800.0
564,2021-10-06 02:15:01,4050.0,500.0,27800.0
565,2021-10-06 02:15:01,4050.0,100.0,27300.0
566,2021-10-06 02:15:01,4050.0,10000.0,27200.0
567,2021-10-06 02:15:01,4050.0,1000.0,17200.0
568,2021-10-06 02:15:01,4050.0,10000.0,16200.0
569,2021-10-06 02:15:01,4050.0,5000.0,6200.0
570,2021-10-06 02:15:01,4050.0,100.0,1200.0
571,2021-10-06 02:15:01,4050.0,600.0,1100.0
572,2021-10-06 02:15:01,4050.0,200.0,500.0
573,2021-10-06 02:15:01,4050.0,300.0,300.0
