,Time,Price,Volume_per_trade,Volume
0,2021-10-17 07:45:01,4360.0,6400.0,1928900.0
1,2021-10-17 07:45:01,4360.0,1000.0,1922500.0
2,2021-10-17 07:45:01,4360.0,1000.0,1921500.0
3,2021-10-17 07:45:01,4360.0,500.0,1920500.0
4,2021-10-17 07:45:01,4360.0,500.0,1920000.0
5,2021-10-17 07:45:01,4360.0,500.0,1919500.0
6,2021-10-17 07:45:01,4360.0,1000.0,1919000.0
7,2021-10-17 07:45:01,4360.0,100.0,1918000.0
8,2021-10-17 07:45:01,4360.0,2300.0,1917900.0
9,2021-10-17 07:45:01,4360.0,800.0,1915600.0
10,2021-10-17 07:45:01,4360.0,700.0,1914800.0
11,2021-10-17 07:45:01,4360.0,1800.0,1914100.0
12,2021-10-17 07:45:01,4360.0,100.0,1912300.0
13,2021-10-17 07:45:01,4360.0,2000.0,1912200.0
14,2021-10-17 07:45:01,4360.0,200.0,1910200.0
15,2021-10-17 07:45:01,4360.0,700.0,1910000.0
16,2021-10-17 07:45:01,4360.0,1000.0,1909300.0
17,2021-10-17 07:45:01,4360.0,8300.0,1908300.0
18,2021-10-17 07:45:01,4360.0,100.0,1900000.0
19,2021-10-17 07:45:01,4360.0,1000.0,1899900.0
20,2021-10-17 07:45:01,4360.0,5000.0,1898900.0
21,2021-10-17 07:45:01,4360.0,200.0,1893900.0
22,2021-10-17 07:45:01,4360.0,200.0,1893700.0
23,2021-10-17 07:45:01,4360.0,100.0,1893500.0
24,2021-10-17 07:45:01,4360.0,500.0,1893400.0
25,2021-10-17 07:45:01,4360.0,3000.0,1892900.0
26,2021-10-17 07:45:01,4360.0,10000.0,1889900.0
27,2021-10-17 07:45:01,4360.0,500.0,1879900.0
28,2021-10-17 07:45:01,4360.0,900.0,1879400.0
29,2021-10-17 07:29:50,4400.0,1000.0,1878500.0
30,2021-10-17 07:29:49,4390.0,1300.0,1877500.0
31,2021-10-17 07:29:49,4390.0,700.0,1876200.0
32,2021-10-17 07:29:46,4400.0,5000.0,1875500.0
33,2021-10-17 07:29:28,4400.0,1000.0,1870500.0
34,2021-10-17 07:29:11,4390.0,300.0,1869500.0
35,2021-10-17 07:29:05,4390.0,100.0,1869200.0
36,2021-10-17 07:28:59,4390.0,1000.0,1869100.0
37,2021-10-17 07:28:51,4390.0,100.0,1868100.0
38,2021-10-17 07:28:02,4390.0,100.0,1868000.0
39,2021-10-17 07:28:02,4390.0,400.0,1867900.0
40,2021-10-17 07:28:02,4390.0,100.0,1867500.0
41,2021-10-17 07:28:02,4390.0,100.0,1867400.0
42,2021-10-17 07:28:02,4390.0,2000.0,1867300.0
43,2021-10-17 07:28:02,4390.0,800.0,1865300.0
44,2021-10-17 07:27:57,4390.0,200.0,1864500.0
45,2021-10-17 07:27:57,4390.0,500.0,1864300.0
46,2021-10-17 07:27:57,4390.0,100.0,1863800.0
47,2021-10-17 07:27:57,4390.0,4200.0,1863700.0
48,2021-10-17 07:27:07,4390.0,5000.0,1859500.0
49,2021-10-17 07:26:49,4390.0,5000.0,1854500.0
50,2021-10-17 07:26:43,4390.0,100.0,1849500.0
51,2021-10-17 07:26:30,4390.0,5000.0,1849400.0
52,2021-10-17 07:25:49,4390.0,3400.0,1844400.0
53,2021-10-17 07:25:30,4390.0,200.0,1841000.0
54,2021-10-17 07:25:25,4390.0,1000.0,1840800.0
55,2021-10-17 07:25:23,4400.0,400.0,1839800.0
56,2021-10-17 07:25:08,4400.0,100.0,1839400.0
57,2021-10-17 07:24:45,4390.0,2900.0,1839300.0
58,2021-10-17 07:24:45,4390.0,1000.0,1836400.0
59,2021-10-17 07:24:45,4390.0,3700.0,1835400.0
60,2021-10-17 07:24:32,4360.0,2000.0,1831700.0
61,2021-10-17 07:23:51,4310.0,3100.0,1829700.0
62,2021-10-17 07:23:51,4310.0,1900.0,1826600.0
63,2021-10-17 07:23:24,4310.0,100.0,1824700.0
64,2021-10-17 07:22:57,4310.0,5000.0,1824600.0
65,2021-10-17 07:22:57,4310.0,500.0,1819600.0
66,2021-10-17 07:22:47,4330.0,100.0,1819100.0
67,2021-10-17 07:22:23,4280.0,1100.0,1819000.0
68,2021-10-17 07:22:23,4280.0,11500.0,1817900.0
69,2021-10-17 07:22:23,4290.0,4000.0,1806400.0
70,2021-10-17 07:22:23,4300.0,1000.0,1802400.0
71,2021-10-17 07:22:23,4300.0,1000.0,1801400.0
72,2021-10-17 07:22:23,4300.0,100.0,1800400.0
73,2021-10-17 07:22:23,4300.0,100.0,1800300.0
74,2021-10-17 07:22:23,4300.0,1000.0,1800200.0
75,2021-10-17 07:22:23,4300.0,500.0,1799200.0
76,2021-10-17 07:22:23,4300.0,5000.0,1798700.0
77,2021-10-17 07:22:23,4300.0,500.0,1793700.0
78,2021-10-17 07:22:23,4300.0,5000.0,1793200.0
79,2021-10-17 07:22:23,4300.0,1000.0,1788200.0
80,2021-10-17 07:22:23,4300.0,100.0,1787200.0
81,2021-10-17 07:22:23,4300.0,4000.0,1787100.0
82,2021-10-17 07:22:23,4300.0,2000.0,1783100.0
83,2021-10-17 07:22:23,4300.0,1000.0,1781100.0
84,2021-10-17 07:22:23,4300.0,1000.0,1780100.0
85,2021-10-17 07:22:23,4300.0,3000.0,1779100.0
86,2021-10-17 07:22:23,4300.0,100.0,1776100.0
87,2021-10-17 07:22:23,4300.0,1000.0,1776000.0
88,2021-10-17 07:22:23,4300.0,500.0,1775000.0
89,2021-10-17 07:22:23,4300.0,500.0,1774500.0
90,2021-10-17 07:22:23,4300.0,700.0,1774000.0
91,2021-10-17 07:22:23,4300.0,300.0,1773300.0
92,2021-10-17 07:22:23,4300.0,100.0,1773000.0
93,2021-10-17 07:22:23,4300.0,1000.0,1772900.0
94,2021-10-17 07:22:23,4300.0,300.0,1771900.0
95,2021-10-17 07:22:23,4300.0,100.0,1771600.0
96,2021-10-17 07:22:23,4300.0,10000.0,1771500.0
97,2021-10-17 07:22:23,4310.0,300.0,1761500.0
98,2021-10-17 07:22:23,4310.0,4000.0,1761200.0
99,2021-10-17 07:22:23,4310.0,2000.0,1757200.0
100,2021-10-17 07:22:23,4310.0,2000.0,1755200.0
101,2021-10-17 07:22:23,4320.0,4200.0,1753200.0
102,2021-10-17 07:22:22,4320.0,800.0,1749000.0
103,2021-10-17 07:22:17,4310.0,1900.0,1748200.0
104,2021-10-17 07:22:17,4310.0,5000.0,1746300.0
105,2021-10-17 07:22:17,4320.0,1000.0,1741300.0
106,2021-10-17 07:22:17,4320.0,100.0,1740300.0
107,2021-10-17 07:22:17,4320.0,2000.0,1740200.0
108,2021-10-17 07:22:06,4320.0,1600.0,1738200.0
109,2021-10-17 07:22:06,4320.0,1400.0,1736600.0
110,2021-10-17 07:22:04,4320.0,200.0,1735200.0
111,2021-10-17 07:21:52,4320.0,100.0,1735000.0
112,2021-10-17 07:21:39,4320.0,100.0,1734900.0
113,2021-10-17 07:21:11,4310.0,200.0,1734800.0
114,2021-10-17 07:21:04,4320.0,200.0,1734600.0
115,2021-10-17 07:21:00,4360.0,200.0,1734400.0
116,2021-10-17 07:21:00,4320.0,800.0,1734200.0
117,2021-10-17 07:21:00,4320.0,1900.0,1733400.0
118,2021-10-17 07:20:48,4310.0,800.0,1731500.0
119,2021-10-17 07:20:36,4320.0,200.0,1730700.0
120,2021-10-17 07:20:31,4350.0,1000.0,1730500.0
121,2021-10-17 07:20:21,4320.0,2800.0,1729500.0
122,2021-10-17 07:20:21,4320.0,200.0,1726700.0
123,2021-10-17 07:20:21,4350.0,3600.0,1726500.0
124,2021-10-17 07:20:21,4350.0,1400.0,1722900.0
125,2021-10-17 07:20:18,4350.0,500.0,1721500.0
126,2021-10-17 07:20:10,4350.0,100.0,1721000.0
127,2021-10-17 07:20:10,4360.0,300.0,1720900.0
128,2021-10-17 07:20:07,4350.0,400.0,1720600.0
129,2021-10-17 07:20:07,4350.0,100.0,1720200.0
130,2021-10-17 07:20:07,4350.0,500.0,1720100.0
131,2021-10-17 07:20:07,4350.0,1000.0,1719600.0
132,2021-10-17 07:20:07,4350.0,1000.0,1718600.0
133,2021-10-17 07:20:07,4350.0,1000.0,1717600.0
134,2021-10-17 07:19:57,4360.0,500.0,1716600.0
135,2021-10-17 07:19:57,4360.0,100.0,1716100.0
136,2021-10-17 07:19:50,4370.0,500.0,1716000.0
137,2021-10-17 07:19:49,4370.0,200.0,1715500.0
138,2021-10-17 07:19:41,4370.0,400.0,1715300.0
139,2021-10-17 07:19:41,4370.0,200.0,1714900.0
140,2021-10-17 07:19:31,4370.0,200.0,1714700.0
141,2021-10-17 07:19:31,4370.0,1000.0,1714500.0
142,2021-10-17 07:19:31,4370.0,1000.0,1713500.0
143,2021-10-17 07:19:31,4370.0,100.0,1712500.0
144,2021-10-17 07:19:31,4370.0,100.0,1712400.0
145,2021-10-17 07:19:31,4370.0,200.0,1712300.0
146,2021-10-17 07:19:20,4380.0,100.0,1712100.0
147,2021-10-17 07:19:06,4380.0,500.0,1712000.0
148,2021-10-17 07:19:06,4380.0,100.0,1711500.0
149,2021-10-17 07:19:06,4380.0,300.0,1711400.0
150,2021-10-17 07:18:01,4390.0,700.0,1711100.0
151,2021-10-17 07:18:01,4390.0,2500.0,1710400.0
152,2021-10-17 07:17:21,4390.0,1500.0,1707900.0
153,2021-10-17 07:17:21,4390.0,1000.0,1706400.0
154,2021-10-17 07:17:18,4400.0,900.0,1705400.0
155,2021-10-17 07:17:09,4400.0,2900.0,1704500.0
156,2021-10-17 07:16:30,4400.0,3000.0,1701600.0
157,2021-10-17 07:16:21,4400.0,1500.0,1698600.0
158,2021-10-17 07:15:58,4400.0,1000.0,1697100.0
159,2021-10-17 07:15:55,4400.0,200.0,1696100.0
160,2021-10-17 07:15:43,4400.0,5000.0,1695900.0
161,2021-10-17 07:15:18,4400.0,1000.0,1690900.0
162,2021-10-17 07:15:17,4400.0,500.0,1689900.0
163,2021-10-17 07:15:17,4400.0,1200.0,1689400.0
164,2021-10-17 07:15:17,4400.0,1000.0,1688200.0
165,2021-10-17 07:15:17,4400.0,100.0,1687200.0
166,2021-10-17 07:15:17,4400.0,500.0,1687100.0
167,2021-10-17 07:15:17,4400.0,1000.0,1686600.0
168,2021-10-17 07:15:17,4400.0,2300.0,1685600.0
169,2021-10-17 07:15:07,4420.0,8500.0,1683300.0
170,2021-10-17 07:15:07,4420.0,1100.0,1674800.0
171,2021-10-17 07:14:34,4430.0,9500.0,1673700.0
172,2021-10-17 07:14:16,4400.0,1200.0,1664200.0
173,2021-10-17 07:14:16,4400.0,500.0,1663000.0
174,2021-10-17 07:14:16,4400.0,3000.0,1662500.0
175,2021-10-17 07:14:16,4400.0,300.0,1659500.0
176,2021-10-17 07:12:08,4400.0,500.0,1659200.0
177,2021-10-17 07:12:03,4400.0,800.0,1658700.0
178,2021-10-17 07:11:41,4400.0,900.0,1657900.0
179,2021-10-17 07:11:41,4400.0,100.0,1657000.0
180,2021-10-17 07:11:41,4390.0,2400.0,1656900.0
181,2021-10-17 07:11:39,4390.0,100.0,1654500.0
182,2021-10-17 07:11:38,4390.0,200.0,1654400.0
183,2021-10-17 07:11:38,4390.0,100.0,1654200.0
184,2021-10-17 07:11:38,4390.0,200.0,1654100.0
185,2021-10-17 07:11:29,4400.0,1000.0,1653900.0
186,2021-10-17 07:11:01,4390.0,800.0,1652900.0
187,2021-10-17 07:11:01,4400.0,4000.0,1652100.0
188,2021-10-17 07:11:01,4400.0,100.0,1648100.0
189,2021-10-17 07:11:01,4400.0,200.0,1648000.0
190,2021-10-17 07:11:01,4400.0,1000.0,1647800.0
191,2021-10-17 07:11:01,4400.0,200.0,1646800.0
192,2021-10-17 07:11:01,4400.0,1000.0,1646600.0
193,2021-10-17 07:11:01,4400.0,100.0,1645600.0
194,2021-10-17 07:11:01,4400.0,500.0,1645500.0
195,2021-10-17 07:11:01,4400.0,100.0,1645000.0
196,2021-10-17 07:11:01,4400.0,1000.0,1644900.0
197,2021-10-17 07:11:01,4400.0,300.0,1643900.0
198,2021-10-17 07:11:01,4400.0,2000.0,1643600.0
199,2021-10-17 07:11:01,4400.0,2000.0,1641600.0
200,2021-10-17 07:11:01,4400.0,400.0,1639600.0
201,2021-10-17 07:11:01,4400.0,100.0,1639200.0
202,2021-10-17 07:11:01,4400.0,400.0,1639100.0
203,2021-10-17 07:11:01,4400.0,500.0,1638700.0
204,2021-10-17 07:11:01,4400.0,1000.0,1638200.0
205,2021-10-17 07:11:01,4400.0,500.0,1637200.0
206,2021-10-17 07:11:01,4400.0,500.0,1636700.0
207,2021-10-17 07:11:01,4400.0,100.0,1636200.0
208,2021-10-17 07:11:01,4400.0,1500.0,1636100.0
209,2021-10-17 07:11:01,4400.0,500.0,1634600.0
210,2021-10-17 07:11:01,4410.0,600.0,1634100.0
211,2021-10-17 07:11:01,4410.0,500.0,1633500.0
212,2021-10-17 07:11:01,4410.0,1000.0,1633000.0
213,2021-10-17 07:11:01,4410.0,300.0,1632000.0
214,2021-10-17 07:11:01,4410.0,300.0,1631700.0
215,2021-10-17 07:11:01,4410.0,200.0,1631400.0
216,2021-10-17 07:11:01,4410.0,200.0,1631200.0
217,2021-10-17 07:11:01,4420.0,1000.0,1631000.0
218,2021-10-17 07:11:01,4420.0,2000.0,1630000.0
219,2021-10-17 07:11:01,4420.0,10000.0,1628000.0
220,2021-10-17 07:11:01,4420.0,1000.0,1618000.0
221,2021-10-17 07:11:01,4420.0,100.0,1617000.0
222,2021-10-17 07:11:01,4420.0,200.0,1616900.0
223,2021-10-17 07:11:01,4420.0,1000.0,1616700.0
224,2021-10-17 07:11:01,4420.0,100.0,1615700.0
225,2021-10-17 07:11:01,4420.0,100.0,1615600.0
226,2021-10-17 07:11:01,4420.0,200.0,1615500.0
227,2021-10-17 07:11:01,4430.0,3000.0,1615300.0
228,2021-10-17 07:11:01,4430.0,500.0,1612300.0
229,2021-10-17 07:11:01,4430.0,1000.0,1611800.0
230,2021-10-17 07:11:01,4430.0,1000.0,1610800.0
231,2021-10-17 07:11:01,4430.0,6900.0,1609800.0
232,2021-10-17 07:10:58,4430.0,1000.0,1602900.0
233,2021-10-17 07:10:57,4430.0,500.0,1601900.0
234,2021-10-17 07:10:33,4430.0,2000.0,1601400.0
235,2021-10-17 07:10:23,4430.0,1600.0,1599400.0
236,2021-10-17 07:10:23,4430.0,1000.0,1597800.0
237,2021-10-17 07:10:23,4430.0,2000.0,1596800.0
238,2021-10-17 07:10:23,4430.0,1000.0,1594800.0
239,2021-10-17 07:10:23,4430.0,200.0,1593800.0
240,2021-10-17 07:10:23,4430.0,900.0,1593600.0
241,2021-10-17 07:10:21,4430.0,4100.0,1592700.0
242,2021-10-17 07:10:21,4430.0,100.0,1588600.0
243,2021-10-17 07:10:21,4430.0,2000.0,1588500.0
244,2021-10-17 07:10:21,4430.0,1000.0,1586500.0
245,2021-10-17 07:10:21,4430.0,500.0,1585500.0
246,2021-10-17 07:10:21,4430.0,1000.0,1585000.0
247,2021-10-17 07:10:21,4430.0,1900.0,1584000.0
248,2021-10-17 07:10:14,4440.0,100.0,1582100.0
249,2021-10-17 07:09:28,4430.0,1100.0,1582000.0
250,2021-10-17 07:09:28,4430.0,200.0,1580900.0
251,2021-10-17 07:09:28,4430.0,100.0,1580700.0
252,2021-10-17 07:09:18,4440.0,600.0,1580600.0
253,2021-10-17 07:09:01,4440.0,500.0,1580000.0
254,2021-10-17 07:07:18,4440.0,200.0,1579500.0
255,2021-10-17 07:07:18,4440.0,2300.0,1579300.0
256,2021-10-17 07:06:59,4440.0,100.0,1577000.0
257,2021-10-17 07:06:41,4440.0,1500.0,1576900.0
258,2021-10-17 07:06:39,4440.0,1000.0,1575400.0
259,2021-10-17 07:06:39,4440.0,100.0,1574400.0
260,2021-10-17 07:06:39,4440.0,900.0,1574300.0
261,2021-10-17 07:06:39,4440.0,100.0,1573400.0
262,2021-10-17 07:06:30,4440.0,100.0,1573300.0
263,2021-10-17 07:06:20,4440.0,600.0,1573200.0
264,2021-10-17 07:06:14,4440.0,1000.0,1572600.0
265,2021-10-17 07:06:02,4440.0,600.0,1571600.0
266,2021-10-17 07:05:51,4440.0,200.0,1571000.0
267,2021-10-17 07:05:51,4440.0,100.0,1570800.0
268,2021-10-17 07:05:51,4440.0,400.0,1570700.0
269,2021-10-17 07:05:12,4450.0,500.0,1570300.0
270,2021-10-17 07:05:04,4440.0,1000.0,1569800.0
271,2021-10-17 07:04:03,4450.0,100.0,1568800.0
272,2021-10-17 07:03:06,4440.0,300.0,1568700.0
273,2021-10-17 07:03:06,4440.0,700.0,1568400.0
274,2021-10-17 07:03:06,4440.0,800.0,1567700.0
275,2021-10-17 07:02:54,4430.0,400.0,1566900.0
276,2021-10-17 07:02:54,4430.0,2000.0,1566500.0
277,2021-10-17 07:02:54,4430.0,1000.0,1564500.0
278,2021-10-17 07:02:54,4430.0,200.0,1563500.0
279,2021-10-17 07:02:54,4430.0,1000.0,1563300.0
280,2021-10-17 07:02:54,4430.0,400.0,1562300.0
281,2021-10-17 07:02:34,4440.0,1500.0,1561900.0
282,2021-10-17 07:02:08,4440.0,100.0,1560400.0
283,2021-10-17 07:01:53,4440.0,300.0,1560300.0
284,2021-10-17 07:01:39,4440.0,100.0,1560000.0
285,2021-10-17 07:01:37,4440.0,700.0,1559900.0
286,2021-10-17 07:01:37,4440.0,1400.0,1559200.0
287,2021-10-17 07:01:37,4440.0,100.0,1557800.0
288,2021-10-17 07:01:31,4440.0,100.0,1557700.0
289,2021-10-17 07:00:43,4440.0,3900.0,1557600.0
290,2021-10-17 07:00:38,4440.0,500.0,1553700.0
291,2021-10-17 07:00:21,4430.0,1000.0,1553200.0
292,2021-10-17 07:00:04,4430.0,400.0,1552200.0
293,2021-10-17 06:59:44,4440.0,200.0,1551800.0
294,2021-10-17 06:59:42,4440.0,200.0,1551600.0
295,2021-10-17 06:59:33,4440.0,200.0,1551400.0
296,2021-10-17 06:58:36,4440.0,100.0,1551200.0
297,2021-10-17 06:57:41,4440.0,1000.0,1551100.0
298,2021-10-17 06:57:41,4440.0,100.0,1550100.0
299,2021-10-17 06:57:41,4440.0,1500.0,1550000.0
300,2021-10-17 06:57:41,4440.0,100.0,1548500.0
301,2021-10-17 06:57:41,4440.0,200.0,1548400.0
302,2021-10-17 06:57:41,4440.0,500.0,1548200.0
303,2021-10-17 06:57:41,4440.0,100.0,1547700.0
304,2021-10-17 06:57:41,4440.0,1500.0,1547600.0
305,2021-10-17 06:57:31,4440.0,3500.0,1546100.0
306,2021-10-17 06:57:31,4440.0,200.0,1542600.0
307,2021-10-17 06:57:31,4440.0,500.0,1542400.0
308,2021-10-17 06:57:31,4440.0,7200.0,1541900.0
309,2021-10-17 06:57:31,4440.0,1000.0,1534700.0
310,2021-10-17 06:57:31,4440.0,2000.0,1533700.0
311,2021-10-17 06:57:31,4440.0,1000.0,1531700.0
312,2021-10-17 06:57:31,4440.0,4600.0,1530700.0
313,2021-10-17 06:57:17,4450.0,1000.0,1526100.0
314,2021-10-17 06:56:57,4450.0,400.0,1525100.0
315,2021-10-17 06:56:55,4440.0,100.0,1524700.0
316,2021-10-17 06:56:25,4450.0,1400.0,1524600.0
317,2021-10-17 06:56:25,4450.0,600.0,1523200.0
318,2021-10-17 06:54:33,4450.0,200.0,1522600.0
319,2021-10-17 06:54:28,4450.0,1000.0,1522400.0
320,2021-10-17 06:53:55,4450.0,300.0,1521400.0
321,2021-10-17 06:53:49,4450.0,400.0,1521100.0
322,2021-10-17 06:53:49,4450.0,800.0,1520700.0
323,2021-10-17 06:52:55,4450.0,1000.0,1519900.0
324,2021-10-17 06:52:55,4450.0,200.0,1518900.0
325,2021-10-17 06:52:34,4450.0,500.0,1518700.0
326,2021-10-17 06:52:23,4450.0,3000.0,1518200.0
327,2021-10-17 06:52:03,4450.0,900.0,1515200.0
328,2021-10-17 06:51:43,4450.0,200.0,1514300.0
329,2021-10-17 06:51:32,4450.0,1900.0,1514100.0
330,2021-10-17 06:51:29,4440.0,300.0,1512200.0
331,2021-10-17 06:51:29,4440.0,100.0,1511900.0
332,2021-10-17 06:51:29,4440.0,300.0,1511800.0
333,2021-10-17 06:51:29,4440.0,2800.0,1511500.0
334,2021-10-17 06:51:29,4440.0,200.0,1508700.0
335,2021-10-17 06:51:29,4440.0,5000.0,1508500.0
336,2021-10-17 06:51:29,4440.0,1300.0,1503500.0
337,2021-10-17 06:51:23,4450.0,100.0,1502200.0
338,2021-10-17 06:51:18,4440.0,300.0,1502100.0
339,2021-10-17 06:50:50,4450.0,800.0,1501800.0
340,2021-10-17 06:50:49,4450.0,100.0,1501000.0
341,2021-10-17 06:50:35,4450.0,1000.0,1500900.0
342,2021-10-17 06:50:35,4450.0,100.0,1499900.0
343,2021-10-17 06:50:35,4450.0,2000.0,1499800.0
344,2021-10-17 06:50:35,4450.0,400.0,1497800.0
345,2021-10-17 06:49:29,4450.0,100.0,1497400.0
346,2021-10-17 06:49:22,4450.0,100.0,1497300.0
347,2021-10-17 06:49:22,4450.0,400.0,1497200.0
348,2021-10-17 06:49:18,4450.0,300.0,1496800.0
349,2021-10-17 06:48:36,4450.0,200.0,1496500.0
350,2021-10-17 06:48:32,4450.0,100.0,1496300.0
351,2021-10-17 06:48:32,4450.0,500.0,1496200.0
352,2021-10-17 06:48:32,4450.0,100.0,1495700.0
353,2021-10-17 06:48:32,4450.0,400.0,1495600.0
354,2021-10-17 06:47:01,4450.0,500.0,1495200.0
355,2021-10-17 06:46:53,4450.0,1500.0,1494700.0
356,2021-10-17 06:46:53,4450.0,1000.0,1493200.0
357,2021-10-17 06:46:53,4450.0,600.0,1492200.0
358,2021-10-17 06:46:53,4450.0,900.0,1491600.0
359,2021-10-17 06:46:45,4460.0,700.0,1490700.0
360,2021-10-17 06:46:41,4450.0,1100.0,1490000.0
361,2021-10-17 06:46:41,4450.0,900.0,1488900.0
362,2021-10-17 06:46:22,4450.0,1100.0,1488000.0
363,2021-10-17 06:46:22,4450.0,500.0,1486900.0
364,2021-10-17 06:46:12,4450.0,500.0,1486400.0
365,2021-10-17 06:46:12,4450.0,1000.0,1485900.0
366,2021-10-17 06:46:12,4450.0,1600.0,1484900.0
367,2021-10-17 06:45:05,4450.0,500.0,1483300.0
368,2021-10-17 06:44:13,4450.0,100.0,1482800.0
369,2021-10-17 06:44:05,4460.0,2400.0,1482700.0
370,2021-10-17 06:44:05,4460.0,900.0,1480300.0
371,2021-10-17 06:44:05,4460.0,3300.0,1479400.0
372,2021-10-17 06:43:46,4460.0,500.0,1476100.0
373,2021-10-17 06:41:47,4460.0,600.0,1475600.0
374,2021-10-17 06:41:43,4450.0,400.0,1475000.0
375,2021-10-17 06:41:33,4450.0,500.0,1474600.0
376,2021-10-17 06:41:29,4450.0,200.0,1474100.0
377,2021-10-17 06:41:25,4450.0,1000.0,1473900.0
378,2021-10-17 06:41:18,4450.0,5000.0,1472900.0
379,2021-10-17 06:41:07,4450.0,3300.0,1467900.0
380,2021-10-17 06:41:07,4450.0,1500.0,1464600.0
381,2021-10-17 06:41:07,4450.0,6800.0,1463100.0
382,2021-10-17 06:41:07,4450.0,3400.0,1456300.0
383,2021-10-17 06:41:06,4440.0,1800.0,1452900.0
384,2021-10-17 06:41:06,4440.0,200.0,1451100.0
385,2021-10-17 06:39:00,4450.0,1000.0,1450900.0
386,2021-10-17 06:37:51,4450.0,1000.0,1449900.0
387,2021-10-17 06:36:52,4450.0,300.0,1448900.0
388,2021-10-17 06:36:52,4450.0,900.0,1448600.0
389,2021-10-17 06:36:33,4450.0,1000.0,1447700.0
390,2021-10-17 06:35:54,4450.0,500.0,1446700.0
391,2021-10-17 06:35:36,4450.0,2000.0,1446200.0
392,2021-10-17 06:35:36,4450.0,600.0,1444200.0
393,2021-10-17 06:35:34,4450.0,300.0,1443600.0
394,2021-10-17 06:35:28,4450.0,100.0,1443300.0
395,2021-10-17 06:35:28,4450.0,500.0,1443200.0
396,2021-10-17 06:35:28,4450.0,300.0,1442700.0
397,2021-10-17 06:35:28,4450.0,200.0,1442400.0
398,2021-10-17 06:35:28,4450.0,300.0,1442200.0
399,2021-10-17 06:35:21,4450.0,2000.0,1441900.0
400,2021-10-17 06:35:18,4450.0,800.0,1439900.0
401,2021-10-17 06:35:07,4450.0,500.0,1439100.0
402,2021-10-17 06:35:07,4450.0,200.0,1438600.0
403,2021-10-17 06:34:57,4450.0,1000.0,1438400.0
404,2021-10-17 06:34:57,4450.0,500.0,1437400.0
405,2021-10-17 06:34:41,4450.0,2500.0,1436900.0
406,2021-10-17 06:34:41,4450.0,500.0,1434400.0
407,2021-10-17 06:34:41,4450.0,1000.0,1433900.0
408,2021-10-17 06:34:32,4460.0,900.0,1432900.0
409,2021-10-17 06:34:31,4460.0,100.0,1432000.0
410,2021-10-17 06:34:15,4460.0,1000.0,1431900.0
411,2021-10-17 06:33:32,4460.0,1000.0,1430900.0
412,2021-10-17 06:33:18,4460.0,600.0,1429900.0
413,2021-10-17 06:33:18,4460.0,400.0,1429300.0
414,2021-10-17 06:32:19,4460.0,100.0,1428900.0
415,2021-10-17 06:32:19,4460.0,100.0,1428800.0
416,2021-10-17 06:32:19,4460.0,100.0,1428700.0
417,2021-10-17 06:32:19,4460.0,700.0,1428600.0
418,2021-10-17 06:32:05,4460.0,1000.0,1427900.0
419,2021-10-17 06:32:01,4460.0,1000.0,1426900.0
420,2021-10-17 06:32:00,4450.0,500.0,1425900.0
421,2021-10-17 06:31:58,4460.0,100.0,1425400.0
422,2021-10-17 06:31:54,4460.0,200.0,1425300.0
423,2021-10-17 06:31:23,4460.0,300.0,1425100.0
424,2021-10-17 06:30:55,4460.0,500.0,1424800.0
425,2021-10-17 06:30:45,4450.0,300.0,1424300.0
426,2021-10-17 06:30:18,4460.0,100.0,1424000.0
427,2021-10-17 06:30:12,4450.0,3500.0,1423900.0
428,2021-10-17 06:29:48,4460.0,200.0,1420400.0
429,2021-10-17 06:29:41,4460.0,100.0,1420200.0
430,2021-10-17 06:29:32,4460.0,1000.0,1420100.0
431,2021-10-17 06:29:26,4460.0,1300.0,1419100.0
432,2021-10-17 06:29:16,4460.0,5000.0,1417800.0
433,2021-10-17 06:29:02,4460.0,1900.0,1412800.0
434,2021-10-17 06:28:48,4450.0,400.0,1410900.0
435,2021-10-17 06:28:17,4450.0,100.0,1410500.0
436,2021-10-17 06:27:49,4450.0,100.0,1410400.0
437,2021-10-17 06:27:49,4450.0,6900.0,1410300.0
438,2021-10-17 06:27:48,4450.0,300.0,1403400.0
439,2021-10-17 06:27:15,4450.0,600.0,1403100.0
440,2021-10-17 06:27:15,4450.0,2000.0,1402500.0
441,2021-10-17 06:27:15,4450.0,100.0,1400500.0
442,2021-10-17 06:27:15,4450.0,300.0,1400400.0
443,2021-10-17 06:27:15,4450.0,1000.0,1400100.0
444,2021-10-17 06:27:15,4450.0,1000.0,1399100.0
445,2021-10-17 06:27:15,4450.0,8900.0,1398100.0
446,2021-10-17 06:27:13,4460.0,1000.0,1389200.0
447,2021-10-17 06:27:04,4460.0,500.0,1388200.0
448,2021-10-17 06:27:03,4460.0,200.0,1387700.0
449,2021-10-17 06:26:59,4460.0,200.0,1387500.0
450,2021-10-17 06:26:58,4460.0,36000.0,1387300.0
451,2021-10-17 06:26:38,4460.0,2000.0,1351300.0
452,2021-10-17 06:26:37,4460.0,1000.0,1349300.0
453,2021-10-17 06:26:36,4460.0,5000.0,1348300.0
454,2021-10-17 06:26:19,4460.0,1000.0,1343300.0
455,2021-10-17 06:26:19,4460.0,100.0,1342300.0
456,2021-10-17 06:26:06,4460.0,200.0,1342200.0
457,2021-10-17 06:25:53,4460.0,100.0,1342000.0
458,2021-10-17 06:25:50,4450.0,100.0,1341900.0
459,2021-10-17 06:24:42,4450.0,200.0,1341800.0
460,2021-10-17 06:24:41,4450.0,700.0,1341600.0
461,2021-10-17 06:24:41,4450.0,2500.0,1340900.0
462,2021-10-17 06:24:41,4450.0,3800.0,1338400.0
463,2021-10-17 06:24:41,4450.0,5000.0,1334600.0
464,2021-10-17 06:24:41,4450.0,3800.0,1329600.0
465,2021-10-17 06:24:25,4450.0,7000.0,1325800.0
466,2021-10-17 06:24:11,4450.0,300.0,1318800.0
467,2021-10-17 06:23:56,4450.0,400.0,1318500.0
468,2021-10-17 06:23:52,4450.0,2000.0,1318100.0
469,2021-10-17 06:23:47,4450.0,500.0,1316100.0
470,2021-10-17 06:23:43,4440.0,3700.0,1315600.0
471,2021-10-17 06:23:43,4440.0,300.0,1311900.0
472,2021-10-17 06:23:43,4440.0,500.0,1311600.0
473,2021-10-17 06:23:43,4440.0,1000.0,1311100.0
474,2021-10-17 06:23:43,4440.0,600.0,1310100.0
475,2021-10-17 06:23:43,4440.0,2000.0,1309500.0
476,2021-10-17 06:23:43,4440.0,300.0,1307500.0
477,2021-10-17 06:23:43,4440.0,500.0,1307200.0
478,2021-10-17 06:23:02,4450.0,100.0,1306700.0
479,2021-10-17 06:22:15,4440.0,200.0,1306600.0
480,2021-10-17 06:22:00,4440.0,300.0,1306400.0
481,2021-10-17 06:21:39,4440.0,300.0,1306100.0
482,2021-10-17 06:21:36,4440.0,4000.0,1305800.0
483,2021-10-17 06:21:28,4440.0,5000.0,1301800.0
484,2021-10-17 06:21:13,4440.0,200.0,1296800.0
485,2021-10-17 06:21:13,4440.0,100.0,1296600.0
486,2021-10-17 06:21:13,4440.0,800.0,1296500.0
487,2021-10-17 06:20:52,4440.0,200.0,1295700.0
488,2021-10-17 06:20:52,4440.0,3800.0,1295500.0
489,2021-10-17 06:20:25,4440.0,200.0,1291700.0
490,2021-10-17 06:20:06,4440.0,200.0,1291500.0
491,2021-10-17 06:20:05,4440.0,100.0,1291300.0
492,2021-10-17 06:20:00,4440.0,500.0,1291200.0
493,2021-10-17 06:19:57,4440.0,100.0,1290700.0
494,2021-10-17 06:19:53,4440.0,100.0,1290600.0
495,2021-10-17 06:19:52,4430.0,100.0,1290500.0
496,2021-10-17 06:19:39,4440.0,1000.0,1290400.0
497,2021-10-17 06:19:13,4440.0,2000.0,1289400.0
498,2021-10-17 06:19:13,4440.0,200.0,1287400.0
499,2021-10-17 06:19:13,4440.0,500.0,1287200.0
500,2021-10-17 06:19:13,4440.0,300.0,1286700.0
501,2021-10-17 06:19:13,4440.0,300.0,1286400.0
502,2021-10-17 06:19:01,4440.0,200.0,1286100.0
503,2021-10-17 06:19:01,4440.0,100.0,1285900.0
504,2021-10-17 06:18:22,4440.0,100.0,1285800.0
505,2021-10-17 06:17:49,4440.0,1000.0,1285700.0
506,2021-10-17 06:17:00,4430.0,100.0,1284700.0
507,2021-10-17 06:17:00,4430.0,100.0,1284600.0
508,2021-10-17 06:16:59,4440.0,900.0,1284500.0
509,2021-10-17 06:16:53,4440.0,100.0,1283600.0
510,2021-10-17 06:16:08,4430.0,900.0,1283500.0
511,2021-10-17 06:16:06,4430.0,1000.0,1282600.0
512,2021-10-17 06:16:01,4430.0,1000.0,1281600.0
513,2021-10-17 06:15:57,4430.0,1000.0,1280600.0
514,2021-10-17 06:15:43,4430.0,100.0,1279600.0
515,2021-10-17 06:15:30,4430.0,1000.0,1279500.0
516,2021-10-17 06:15:09,4430.0,500.0,1278500.0
517,2021-10-17 06:15:09,4430.0,3000.0,1278000.0
518,2021-10-17 06:15:09,4430.0,3000.0,1275000.0
519,2021-10-17 06:14:39,4440.0,100.0,1272000.0
520,2021-10-17 06:14:39,4440.0,1400.0,1271900.0
521,2021-10-17 06:14:38,4440.0,3600.0,1270500.0
522,2021-10-17 06:14:38,4440.0,1400.0,1266900.0
523,2021-10-17 06:13:48,4440.0,1000.0,1265500.0
524,2021-10-17 06:13:36,4440.0,4700.0,1264500.0
525,2021-10-17 06:13:26,4440.0,2200.0,1259800.0
526,2021-10-17 06:13:26,4440.0,700.0,1257600.0
527,2021-10-17 06:13:23,4440.0,100.0,1256900.0
528,2021-10-17 06:13:23,4440.0,1000.0,1256800.0
529,2021-10-17 06:13:23,4440.0,100.0,1255800.0
530,2021-10-17 06:13:23,4440.0,15000.0,1255700.0
531,2021-10-17 06:13:23,4440.0,2000.0,1240700.0
532,2021-10-17 06:13:23,4440.0,1000.0,1238700.0
533,2021-10-17 06:13:23,4440.0,100.0,1237700.0
534,2021-10-17 06:13:14,4450.0,3000.0,1237600.0
535,2021-10-17 06:13:14,4450.0,1000.0,1234600.0
536,2021-10-17 06:13:14,4450.0,200.0,1233600.0
537,2021-10-17 06:13:14,4450.0,1000.0,1233400.0
538,2021-10-17 06:13:14,4450.0,100.0,1232400.0
539,2021-10-17 06:13:14,4450.0,100.0,1232300.0
540,2021-10-17 06:13:14,4450.0,100.0,1232200.0
541,2021-10-17 06:13:14,4450.0,10000.0,1232100.0
542,2021-10-17 06:13:14,4450.0,400.0,1222100.0
543,2021-10-17 06:13:07,4450.0,500.0,1221700.0
544,2021-10-17 06:12:54,4450.0,1100.0,1221200.0
545,2021-10-17 06:12:54,4450.0,200.0,1220100.0
546,2021-10-17 06:12:54,4450.0,2000.0,1219900.0
547,2021-10-17 06:12:54,4450.0,500.0,1217900.0
548,2021-10-17 06:12:54,4450.0,2000.0,1217400.0
549,2021-10-17 06:12:54,4450.0,1000.0,1215400.0
550,2021-10-17 06:12:54,4450.0,1000.0,1214400.0
551,2021-10-17 06:12:54,4450.0,1000.0,1213400.0
552,2021-10-17 06:12:54,4450.0,200.0,1212400.0
553,2021-10-17 06:12:54,4450.0,1000.0,1212200.0
554,2021-10-17 06:12:54,4450.0,2000.0,1211200.0
555,2021-10-17 06:12:54,4450.0,100.0,1209200.0
556,2021-10-17 06:12:54,4450.0,100.0,1209100.0
557,2021-10-17 06:12:54,4450.0,300.0,1209000.0
558,2021-10-17 06:12:54,4450.0,200.0,1208700.0
559,2021-10-17 06:12:54,4450.0,1000.0,1208500.0
560,2021-10-17 06:12:54,4450.0,100.0,1207500.0
561,2021-10-17 06:12:54,4450.0,100.0,1207400.0
562,2021-10-17 06:12:54,4450.0,100.0,1207300.0
563,2021-10-17 06:12:54,4450.0,500.0,1207200.0
564,2021-10-17 06:12:54,4450.0,300.0,1206700.0
565,2021-10-17 06:12:54,4450.0,500.0,1206400.0
566,2021-10-17 06:12:54,4450.0,4700.0,1205900.0
567,2021-10-17 06:12:49,4450.0,200.0,1201200.0
568,2021-10-17 06:11:10,4450.0,200.0,1201000.0
569,2021-10-17 06:11:01,4450.0,100.0,1200800.0
570,2021-10-17 06:10:50,4450.0,100.0,1200700.0
571,2021-10-17 06:10:37,4450.0,500.0,1200600.0
572,2021-10-17 06:09:45,4450.0,1000.0,1200100.0
573,2021-10-17 06:09:20,4460.0,2000.0,1199100.0
574,2021-10-17 06:08:47,4460.0,1000.0,1197100.0
575,2021-10-17 06:08:46,4450.0,3200.0,1196100.0
576,2021-10-17 06:08:46,4450.0,500.0,1192900.0
577,2021-10-17 06:08:46,4450.0,300.0,1192400.0
578,2021-10-17 06:08:46,4450.0,100.0,1192100.0
579,2021-10-17 06:08:46,4450.0,200.0,1192000.0
580,2021-10-17 06:08:46,4450.0,1000.0,1191800.0
581,2021-10-17 06:08:46,4450.0,100.0,1190800.0
582,2021-10-17 06:08:46,4450.0,1000.0,1190700.0
583,2021-10-17 06:08:46,4450.0,100.0,1189700.0
584,2021-10-17 06:08:46,4450.0,200.0,1189600.0
585,2021-10-17 06:08:31,4460.0,1000.0,1189400.0
586,2021-10-17 06:08:19,4460.0,1000.0,1188400.0
587,2021-10-17 06:08:16,4460.0,1000.0,1187400.0
588,2021-10-17 06:08:16,4460.0,3000.0,1186400.0
589,2021-10-17 06:08:16,4460.0,2500.0,1183400.0
590,2021-10-17 06:08:16,4460.0,3000.0,1180900.0
591,2021-10-17 06:08:16,4460.0,700.0,1177900.0
592,2021-10-17 06:08:16,4460.0,200.0,1177200.0
593,2021-10-17 06:07:18,4470.0,400.0,1177000.0
594,2021-10-17 06:07:18,4470.0,1900.0,1176600.0
595,2021-10-17 06:07:13,4460.0,3300.0,1174700.0
596,2021-10-17 06:07:13,4460.0,100.0,1171400.0
597,2021-10-17 06:07:13,4460.0,1000.0,1171300.0
598,2021-10-17 06:07:13,4460.0,300.0,1170300.0
599,2021-10-17 06:07:13,4460.0,300.0,1170000.0
600,2021-10-17 06:07:13,4460.0,1000.0,1169700.0
601,2021-10-17 06:07:13,4460.0,100.0,1168700.0
602,2021-10-17 06:07:13,4460.0,300.0,1168600.0
603,2021-10-17 06:07:13,4460.0,2000.0,1168300.0
604,2021-10-17 06:07:13,4460.0,1600.0,1166300.0
605,2021-10-17 06:06:36,4470.0,100.0,1164700.0
606,2021-10-17 06:06:29,4470.0,1000.0,1164600.0
607,2021-10-17 06:06:16,4460.0,200.0,1163600.0
608,2021-10-17 06:06:08,4460.0,200.0,1163400.0
609,2021-10-17 06:06:08,4460.0,200.0,1163200.0
610,2021-10-17 06:06:05,4460.0,300.0,1163000.0
611,2021-10-17 06:06:05,4460.0,900.0,1162700.0
612,2021-10-17 06:06:05,4460.0,700.0,1161800.0
613,2021-10-17 06:06:05,4460.0,2000.0,1161100.0
614,2021-10-17 06:06:05,4460.0,100.0,1159100.0
615,2021-10-17 06:06:05,4460.0,1000.0,1159000.0
616,2021-10-17 06:05:01,4460.0,500.0,1158000.0
617,2021-10-17 06:04:39,4460.0,1800.0,1157500.0
618,2021-10-17 06:04:31,4460.0,400.0,1155700.0
619,2021-10-17 06:04:22,4460.0,100.0,1155300.0
620,2021-10-17 06:04:11,4460.0,500.0,1155200.0
621,2021-10-17 06:04:01,4460.0,700.0,1154700.0
622,2021-10-17 06:04:01,4460.0,200.0,1154000.0
623,2021-10-17 06:04:01,4460.0,100.0,1153800.0
624,2021-10-17 06:04:01,4460.0,2000.0,1153700.0
625,2021-10-17 06:04:01,4460.0,2000.0,1151700.0
626,2021-10-17 06:04:01,4460.0,200.0,1149700.0
627,2021-10-17 06:04:01,4460.0,1800.0,1149500.0
628,2021-10-17 06:04:01,4460.0,1000.0,1147700.0
629,2021-10-17 06:04:01,4460.0,6300.0,1146700.0
630,2021-10-17 06:03:19,4470.0,1500.0,1140400.0
631,2021-10-17 06:03:19,4470.0,1000.0,1138900.0
632,2021-10-17 06:03:19,4470.0,100.0,1137900.0
633,2021-10-17 06:03:19,4470.0,100.0,1137800.0
634,2021-10-17 06:03:19,4470.0,300.0,1137700.0
635,2021-10-17 06:03:19,4470.0,1000.0,1137400.0
636,2021-10-17 06:03:19,4470.0,300.0,1136400.0
637,2021-10-17 06:03:19,4470.0,1700.0,1136100.0
638,2021-10-17 06:02:26,4480.0,400.0,1134400.0
639,2021-10-17 06:00:32,4480.0,1000.0,1134000.0
640,2021-10-17 06:00:31,4480.0,100.0,1133000.0
641,2021-10-17 06:00:27,4480.0,200.0,1132900.0
642,2021-10-17 06:00:26,4480.0,2000.0,1132700.0
643,2021-10-17 06:00:26,4480.0,2200.0,1130700.0
644,2021-10-17 06:00:26,4480.0,2300.0,1128500.0
645,2021-10-17 06:00:26,4480.0,5000.0,1126200.0
646,2021-10-17 06:00:26,4480.0,1000.0,1121200.0
647,2021-10-17 06:00:26,4480.0,1000.0,1120200.0
648,2021-10-17 06:00:26,4480.0,1900.0,1119200.0
649,2021-10-17 06:00:25,4490.0,300.0,1117300.0
650,2021-10-17 06:00:15,4490.0,1500.0,1117000.0
651,2021-10-17 06:00:06,4490.0,1000.0,1115500.0
652,2021-10-17 06:00:02,4490.0,100.0,1114500.0
653,2021-10-17 06:00:01,4490.0,100.0,1114400.0
654,2021-10-17 06:00:01,4490.0,1000.0,1114300.0
655,2021-10-17 06:00:01,4490.0,2000.0,1113300.0
656,2021-10-17 04:27:05,4490.0,500.0,1111300.0
657,2021-10-17 04:23:25,4490.0,2000.0,1110800.0
658,2021-10-17 04:23:04,4490.0,100.0,1108800.0
659,2021-10-17 04:22:13,4480.0,2100.0,1108700.0
660,2021-10-17 04:22:13,4480.0,1000.0,1106600.0
661,2021-10-17 04:21:46,4470.0,200.0,1105600.0
662,2021-10-17 04:21:09,4470.0,100.0,1105400.0
663,2021-10-17 04:21:09,4470.0,100.0,1105300.0
664,2021-10-17 04:21:09,4470.0,100.0,1105200.0
665,2021-10-17 04:21:09,4470.0,400.0,1105100.0
666,2021-10-17 04:21:09,4470.0,1100.0,1104700.0
667,2021-10-17 04:21:09,4470.0,100.0,1103600.0
668,2021-10-17 04:21:09,4470.0,100.0,1103500.0
669,2021-10-17 04:19:24,4470.0,8900.0,1103400.0
670,2021-10-17 04:19:24,4470.0,2000.0,1094500.0
671,2021-10-17 04:19:24,4470.0,200.0,1092500.0
672,2021-10-17 04:19:24,4470.0,10000.0,1092300.0
673,2021-10-17 04:19:24,4470.0,17000.0,1082300.0
674,2021-10-17 04:19:24,4470.0,1000.0,1065300.0
675,2021-10-17 04:19:24,4470.0,2000.0,1064300.0
676,2021-10-17 04:19:24,4470.0,1000.0,1062300.0
677,2021-10-17 04:19:24,4470.0,1000.0,1061300.0
678,2021-10-17 04:19:24,4470.0,200.0,1060300.0
679,2021-10-17 04:19:24,4470.0,2000.0,1060100.0
680,2021-10-17 04:19:24,4470.0,200.0,1058100.0
681,2021-10-17 04:19:24,4470.0,100.0,1057900.0
682,2021-10-17 04:19:24,4470.0,200.0,1057800.0
683,2021-10-17 04:19:24,4470.0,4200.0,1057600.0
684,2021-10-17 04:19:00,4470.0,5000.0,1053400.0
685,2021-10-17 04:18:55,4480.0,200.0,1048400.0
686,2021-10-17 04:18:48,4470.0,200.0,1048200.0
687,2021-10-17 04:18:45,4480.0,3100.0,1048000.0
688,2021-10-17 04:18:45,4480.0,1900.0,1044900.0
689,2021-10-17 04:18:38,4480.0,200.0,1043000.0
690,2021-10-17 04:18:36,4470.0,600.0,1042800.0
691,2021-10-17 04:18:36,4470.0,400.0,1042200.0
692,2021-10-17 04:17:59,4480.0,1000.0,1041800.0
693,2021-10-17 04:17:06,4480.0,2000.0,1040800.0
694,2021-10-17 04:17:06,4480.0,1000.0,1038800.0
695,2021-10-17 04:17:06,4480.0,3000.0,1037800.0
696,2021-10-17 04:17:06,4480.0,100.0,1034800.0
697,2021-10-17 04:17:06,4480.0,2500.0,1034700.0
698,2021-10-17 04:17:06,4480.0,100.0,1032200.0
699,2021-10-17 04:17:06,4480.0,3000.0,1032100.0
700,2021-10-17 04:17:06,4480.0,100.0,1029100.0
701,2021-10-17 04:17:06,4480.0,1000.0,1029000.0
702,2021-10-17 04:17:06,4480.0,200.0,1028000.0
703,2021-10-17 04:14:02,4480.0,500.0,1027800.0
704,2021-10-17 04:13:34,4480.0,300.0,1027300.0
705,2021-10-17 04:13:34,4480.0,200.0,1027000.0
706,2021-10-17 04:12:44,4490.0,1000.0,1026800.0
707,2021-10-17 04:12:44,4490.0,100.0,1025800.0
708,2021-10-17 04:12:44,4490.0,800.0,1025700.0
709,2021-10-17 04:12:44,4490.0,100.0,1024900.0
710,2021-10-17 04:12:44,4490.0,100.0,1024800.0
711,2021-10-17 04:12:44,4490.0,1000.0,1024700.0
712,2021-10-17 04:12:44,4490.0,7900.0,1023700.0
713,2021-10-17 04:12:44,4490.0,2800.0,1015800.0
714,2021-10-17 04:10:07,4490.0,200.0,1013000.0
715,2021-10-17 04:09:21,4500.0,200.0,1012800.0
716,2021-10-17 04:09:03,4490.0,1000.0,1012600.0
717,2021-10-17 04:09:03,4490.0,500.0,1011600.0
718,2021-10-17 04:09:03,4490.0,500.0,1011100.0
719,2021-10-17 04:09:03,4490.0,300.0,1010600.0
720,2021-10-17 04:09:03,4490.0,100.0,1010300.0
721,2021-10-17 04:08:17,4490.0,100.0,1010200.0
722,2021-10-17 04:08:17,4490.0,100.0,1010100.0
723,2021-10-17 04:07:41,4490.0,200.0,1010000.0
724,2021-10-17 04:07:41,4490.0,2000.0,1009800.0
725,2021-10-17 04:07:41,4490.0,100.0,1007800.0
726,2021-10-17 04:07:41,4490.0,10500.0,1007700.0
727,2021-10-17 04:07:33,4500.0,1000.0,997200.0
728,2021-10-17 04:06:42,4490.0,1000.0,996200.0
729,2021-10-17 04:04:20,4490.0,5000.0,995200.0
730,2021-10-17 04:03:48,4490.0,100.0,990200.0
731,2021-10-17 04:03:05,4500.0,2700.0,990100.0
732,2021-10-17 04:03:05,4500.0,1000.0,987400.0
733,2021-10-17 04:03:05,4500.0,6300.0,986400.0
734,2021-10-17 04:01:37,4500.0,200.0,980100.0
735,2021-10-17 04:00:42,4490.0,3400.0,979900.0
736,2021-10-17 04:00:33,4490.0,500.0,976500.0
737,2021-10-17 03:59:51,4490.0,100.0,976000.0
738,2021-10-17 03:59:49,4490.0,1000.0,975900.0
739,2021-10-17 03:59:49,4490.0,1000.0,974900.0
740,2021-10-17 03:59:49,4490.0,9900.0,973900.0
741,2021-10-17 03:59:39,4500.0,1000.0,964000.0
742,2021-10-17 03:59:38,4500.0,1000.0,963000.0
743,2021-10-17 03:59:10,4500.0,1500.0,962000.0
744,2021-10-17 03:59:10,4500.0,100.0,960500.0
745,2021-10-17 03:59:10,4500.0,1000.0,960400.0
746,2021-10-17 03:59:10,4500.0,100.0,959400.0
747,2021-10-17 03:59:10,4500.0,7300.0,959300.0
748,2021-10-17 03:57:55,4500.0,4900.0,952000.0
749,2021-10-17 03:57:48,4490.0,4300.0,947100.0
750,2021-10-17 03:57:23,4500.0,2000.0,942800.0
751,2021-10-17 03:56:01,4500.0,200.0,940800.0
752,2021-10-17 03:55:57,4490.0,100.0,940600.0
753,2021-10-17 03:55:50,4500.0,300.0,940500.0
754,2021-10-17 03:54:22,4500.0,2300.0,940200.0
755,2021-10-17 03:54:22,4500.0,3700.0,937900.0
756,2021-10-17 03:54:09,4500.0,500.0,934200.0
757,2021-10-17 03:53:43,4490.0,100.0,933700.0
758,2021-10-17 03:53:43,4490.0,500.0,933600.0
759,2021-10-17 03:53:43,4490.0,400.0,933100.0
760,2021-10-17 03:52:24,4500.0,1800.0,932700.0
761,2021-10-17 03:52:24,4500.0,1200.0,930900.0
762,2021-10-17 03:52:24,4500.0,1000.0,929700.0
763,2021-10-17 03:52:24,4500.0,1000.0,928700.0
764,2021-10-17 03:52:24,4500.0,2000.0,927700.0
765,2021-10-17 03:52:24,4500.0,3000.0,925700.0
766,2021-10-17 03:52:15,4500.0,1000.0,922700.0
767,2021-10-17 03:52:14,4490.0,1000.0,921700.0
768,2021-10-17 03:52:06,4500.0,1000.0,920700.0
769,2021-10-17 03:52:05,4500.0,5000.0,919700.0
770,2021-10-17 03:52:05,4500.0,600.0,914700.0
771,2021-10-17 03:51:19,4500.0,3000.0,914100.0
772,2021-10-17 03:50:56,4500.0,100.0,911100.0
773,2021-10-17 03:50:42,4500.0,6300.0,911000.0
774,2021-10-17 03:50:42,4500.0,100.0,904700.0
775,2021-10-17 03:50:42,4500.0,7300.0,904600.0
776,2021-10-17 03:50:42,4500.0,6000.0,897300.0
777,2021-10-17 03:50:42,4500.0,300.0,891300.0
778,2021-10-17 03:50:40,4500.0,500.0,891000.0
779,2021-10-17 03:50:06,4500.0,1000.0,890500.0
780,2021-10-17 03:49:34,4500.0,300.0,889500.0
781,2021-10-17 03:47:49,4490.0,2000.0,889200.0
782,2021-10-17 03:47:49,4490.0,800.0,887200.0
783,2021-10-17 03:47:49,4490.0,100.0,886400.0
784,2021-10-17 03:47:49,4490.0,300.0,886300.0
785,2021-10-17 03:47:49,4490.0,100.0,886000.0
786,2021-10-17 03:47:49,4490.0,300.0,885900.0
787,2021-10-17 03:47:30,4490.0,1000.0,885600.0
788,2021-10-17 03:46:41,4490.0,300.0,884600.0
789,2021-10-17 03:46:41,4480.0,100.0,884300.0
790,2021-10-17 03:45:07,4480.0,300.0,884200.0
791,2021-10-17 03:45:07,4480.0,700.0,883900.0
792,2021-10-17 03:45:05,4490.0,200.0,883200.0
793,2021-10-17 03:44:48,4490.0,1000.0,883000.0
794,2021-10-17 03:44:03,4480.0,300.0,882000.0
795,2021-10-17 03:43:50,4480.0,2000.0,881700.0
796,2021-10-17 03:43:27,4480.0,700.0,879700.0
797,2021-10-17 03:43:27,4480.0,300.0,879000.0
798,2021-10-17 03:43:16,4470.0,2000.0,878700.0
799,2021-10-17 03:43:14,4470.0,500.0,876700.0
800,2021-10-17 03:41:35,4470.0,500.0,876200.0
801,2021-10-17 03:41:33,4480.0,3500.0,875700.0
802,2021-10-17 03:41:22,4470.0,200.0,872200.0
803,2021-10-17 03:40:52,4480.0,400.0,872000.0
804,2021-10-17 03:40:31,4480.0,1000.0,871600.0
805,2021-10-17 03:40:13,4480.0,2000.0,870600.0
806,2021-10-17 03:40:11,4480.0,100.0,868600.0
807,2021-10-17 03:40:11,4480.0,1000.0,868500.0
808,2021-10-17 03:40:11,4480.0,1700.0,867500.0
809,2021-10-17 03:40:11,4480.0,1600.0,865800.0
810,2021-10-17 03:40:11,4480.0,1000.0,864200.0
811,2021-10-17 03:40:11,4480.0,800.0,863200.0
812,2021-10-17 03:40:11,4480.0,200.0,862400.0
813,2021-10-17 03:40:11,4480.0,4500.0,862200.0
814,2021-10-17 03:39:51,4490.0,1400.0,857700.0
815,2021-10-17 03:38:52,4490.0,700.0,856300.0
816,2021-10-17 03:38:15,4490.0,5000.0,855600.0
817,2021-10-17 03:37:42,4480.0,1000.0,850600.0
818,2021-10-17 03:37:05,4490.0,100.0,849600.0
819,2021-10-17 03:37:05,4490.0,100.0,849500.0
820,2021-10-17 03:36:40,4490.0,200.0,849400.0
821,2021-10-17 03:36:34,4490.0,700.0,849200.0
822,2021-10-17 03:36:19,4480.0,400.0,848500.0
823,2021-10-17 03:35:59,4490.0,800.0,848100.0
824,2021-10-17 03:35:59,4490.0,200.0,847300.0
825,2021-10-17 03:35:58,4480.0,1300.0,847100.0
826,2021-10-17 03:35:48,4480.0,1100.0,845800.0
827,2021-10-17 03:35:48,4480.0,4100.0,844700.0
828,2021-10-17 03:35:45,4480.0,900.0,840600.0
829,2021-10-17 03:35:45,4480.0,2200.0,839700.0
830,2021-10-17 03:35:41,4480.0,400.0,837500.0
831,2021-10-17 03:35:34,4480.0,500.0,837100.0
832,2021-10-17 03:35:32,4480.0,17000.0,836600.0
833,2021-10-17 03:35:14,4480.0,700.0,819600.0
834,2021-10-17 03:35:07,4480.0,1000.0,818900.0
835,2021-10-17 03:34:58,4480.0,500.0,817900.0
836,2021-10-17 03:34:50,4480.0,100.0,817400.0
837,2021-10-17 03:34:22,4480.0,1200.0,817300.0
838,2021-10-17 03:33:39,4480.0,100.0,816100.0
839,2021-10-17 03:32:04,4490.0,1500.0,816000.0
840,2021-10-17 03:30:45,4490.0,100.0,814500.0
841,2021-10-17 03:29:30,4480.0,300.0,814400.0
842,2021-10-17 03:29:13,4480.0,5000.0,814100.0
843,2021-10-17 03:27:51,4480.0,1000.0,809100.0
844,2021-10-17 03:27:51,4480.0,100.0,808100.0
845,2021-10-17 03:27:51,4480.0,900.0,808000.0
846,2021-10-17 03:27:24,4480.0,200.0,807100.0
847,2021-10-17 03:27:08,4490.0,500.0,806900.0
848,2021-10-17 03:26:26,4490.0,500.0,806400.0
849,2021-10-17 03:26:20,4480.0,200.0,805900.0
850,2021-10-17 03:26:20,4480.0,200.0,805700.0
851,2021-10-17 03:26:20,4480.0,100.0,805500.0
852,2021-10-17 03:26:13,4480.0,400.0,805400.0
853,2021-10-17 03:26:13,4480.0,500.0,805000.0
854,2021-10-17 03:26:13,4480.0,200.0,804500.0
855,2021-10-17 03:26:13,4480.0,300.0,804300.0
856,2021-10-17 03:26:13,4480.0,300.0,804000.0
857,2021-10-17 03:26:13,4480.0,300.0,803700.0
858,2021-10-17 03:25:46,4490.0,10700.0,803400.0
859,2021-10-17 03:25:46,4490.0,500.0,792700.0
860,2021-10-17 03:25:46,4490.0,1000.0,792200.0
861,2021-10-17 03:25:46,4490.0,3200.0,791200.0
862,2021-10-17 03:23:03,4490.0,500.0,788000.0
863,2021-10-17 03:22:57,4490.0,1000.0,787500.0
864,2021-10-17 03:22:07,4490.0,400.0,786500.0
865,2021-10-17 03:22:05,4490.0,300.0,786100.0
866,2021-10-17 03:22:04,4490.0,1700.0,785800.0
867,2021-10-17 03:22:04,4490.0,400.0,784100.0
868,2021-10-17 03:22:04,4490.0,1000.0,783700.0
869,2021-10-17 03:22:04,4490.0,200.0,782700.0
870,2021-10-17 03:22:04,4490.0,700.0,782500.0
871,2021-10-17 03:22:04,4490.0,700.0,781800.0
872,2021-10-17 03:21:35,4490.0,2000.0,781100.0
873,2021-10-17 03:20:08,4490.0,400.0,779100.0
874,2021-10-17 03:20:04,4500.0,100.0,778700.0
875,2021-10-17 03:19:46,4500.0,100.0,778600.0
876,2021-10-17 03:19:21,4500.0,1600.0,778500.0
877,2021-10-17 03:19:18,4500.0,200.0,776900.0
878,2021-10-17 03:18:41,4500.0,1000.0,776700.0
879,2021-10-17 03:18:31,4500.0,200.0,775700.0
880,2021-10-17 03:18:24,4500.0,200.0,775500.0
881,2021-10-17 03:18:07,4500.0,500.0,775300.0
882,2021-10-17 03:18:03,4500.0,400.0,774800.0
883,2021-10-17 03:18:01,4490.0,500.0,774400.0
884,2021-10-17 03:17:52,4500.0,500.0,773900.0
885,2021-10-17 03:16:47,4500.0,1000.0,773400.0
886,2021-10-17 03:16:19,4500.0,100.0,772400.0
887,2021-10-17 03:15:14,4500.0,100.0,772300.0
888,2021-10-17 03:14:32,4500.0,100.0,772200.0
889,2021-10-17 03:14:28,4490.0,300.0,772100.0
890,2021-10-17 03:14:28,4490.0,200.0,771800.0
891,2021-10-17 03:14:28,4490.0,200.0,771600.0
892,2021-10-17 03:14:28,4490.0,3000.0,771400.0
893,2021-10-17 03:14:28,4490.0,500.0,768400.0
894,2021-10-17 03:14:28,4490.0,2000.0,767900.0
895,2021-10-17 03:14:28,4490.0,200.0,765900.0
896,2021-10-17 03:14:28,4490.0,2600.0,765700.0
897,2021-10-17 03:14:22,4500.0,900.0,763100.0
898,2021-10-17 03:14:22,4500.0,200.0,762200.0
899,2021-10-17 03:14:22,4500.0,1000.0,762000.0
900,2021-10-17 03:14:22,4500.0,2400.0,761000.0
901,2021-10-17 03:13:16,4500.0,600.0,758600.0
902,2021-10-17 03:13:16,4500.0,400.0,758000.0
903,2021-10-17 03:12:30,4500.0,100.0,757600.0
904,2021-10-17 03:12:19,4500.0,2000.0,757500.0
905,2021-10-17 03:11:44,4500.0,200.0,755500.0
906,2021-10-17 03:11:44,4500.0,200.0,755300.0
907,2021-10-17 03:11:35,4500.0,2000.0,755100.0
908,2021-10-17 03:11:35,4500.0,300.0,753100.0
909,2021-10-17 03:11:35,4500.0,900.0,752800.0
910,2021-10-17 03:11:35,4500.0,500.0,751900.0
911,2021-10-17 03:11:35,4500.0,400.0,751400.0
912,2021-10-17 03:11:35,4500.0,1000.0,751000.0
913,2021-10-17 03:11:35,4500.0,1000.0,750000.0
914,2021-10-17 03:11:35,4500.0,600.0,749000.0
915,2021-10-17 03:11:35,4500.0,2000.0,748400.0
916,2021-10-17 03:11:35,4500.0,1100.0,746400.0
917,2021-10-17 03:11:29,4510.0,100.0,745300.0
918,2021-10-17 03:11:17,4510.0,100.0,745200.0
919,2021-10-17 03:10:16,4510.0,4800.0,745100.0
920,2021-10-17 03:10:16,4510.0,200.0,740300.0
921,2021-10-17 03:09:35,4510.0,1000.0,740100.0
922,2021-10-17 03:09:35,4510.0,2000.0,739100.0
923,2021-10-17 03:09:34,4500.0,100.0,737100.0
924,2021-10-17 03:08:46,4500.0,2000.0,737000.0
925,2021-10-17 03:08:34,4500.0,200.0,735000.0
926,2021-10-17 03:08:28,4500.0,1600.0,734800.0
927,2021-10-17 03:08:28,4500.0,4600.0,733200.0
928,2021-10-17 03:08:28,4500.0,400.0,728600.0
929,2021-10-17 03:08:28,4500.0,500.0,728200.0
930,2021-10-17 03:08:28,4500.0,100.0,727700.0
931,2021-10-17 03:08:28,4500.0,4800.0,727600.0
932,2021-10-17 03:07:35,4500.0,200.0,722800.0
933,2021-10-17 03:07:35,4500.0,200.0,722600.0
934,2021-10-17 03:06:32,4510.0,500.0,722400.0
935,2021-10-17 03:05:47,4510.0,5300.0,721900.0
936,2021-10-17 03:05:46,4510.0,1100.0,716600.0
937,2021-10-17 03:05:38,4510.0,1600.0,715500.0
938,2021-10-17 03:05:38,4510.0,3300.0,713900.0
939,2021-10-17 03:04:45,4510.0,3000.0,710600.0
940,2021-10-17 03:04:32,4510.0,200.0,707600.0
941,2021-10-17 03:04:31,4510.0,1000.0,707400.0
942,2021-10-17 03:04:31,4510.0,500.0,706400.0
943,2021-10-17 03:04:31,4510.0,4500.0,705900.0
944,2021-10-17 03:04:31,4510.0,2100.0,701400.0
945,2021-10-17 03:04:31,4510.0,400.0,699300.0
946,2021-10-17 03:04:29,4500.0,100.0,698900.0
947,2021-10-17 03:04:29,4500.0,100.0,698800.0
948,2021-10-17 03:03:50,4510.0,100.0,698700.0
949,2021-10-17 03:03:35,4510.0,500.0,698600.0
950,2021-10-17 03:03:35,4510.0,4000.0,698100.0
951,2021-10-17 03:03:09,4510.0,200.0,694100.0
952,2021-10-17 03:02:51,4510.0,800.0,693900.0
953,2021-10-17 03:02:51,4510.0,2000.0,693100.0
954,2021-10-17 03:02:51,4510.0,5000.0,691100.0
955,2021-10-17 03:02:51,4510.0,5200.0,686100.0
956,2021-10-17 03:02:15,4520.0,200.0,680900.0
957,2021-10-17 03:02:08,4520.0,500.0,680700.0
958,2021-10-17 03:00:55,4520.0,300.0,680200.0
959,2021-10-17 03:00:43,4520.0,1700.0,679900.0
960,2021-10-17 03:00:43,4520.0,2500.0,678200.0
961,2021-10-17 03:00:43,4520.0,800.0,675700.0
962,2021-10-17 03:00:32,4520.0,300.0,674900.0
963,2021-10-17 03:00:32,4520.0,1700.0,674600.0
964,2021-10-17 03:00:14,4520.0,100.0,672900.0
965,2021-10-17 02:59:36,4510.0,4800.0,672800.0
966,2021-10-17 02:59:18,4510.0,100.0,668000.0
967,2021-10-17 02:59:13,4510.0,100.0,667900.0
968,2021-10-17 02:59:13,4510.0,200.0,667800.0
969,2021-10-17 02:59:13,4510.0,9700.0,667600.0
970,2021-10-17 02:59:09,4500.0,2600.0,657900.0
971,2021-10-17 02:59:04,4510.0,300.0,655300.0
972,2021-10-17 02:59:04,4510.0,100.0,655000.0
973,2021-10-17 02:59:04,4510.0,100.0,654900.0
974,2021-10-17 02:59:04,4510.0,2000.0,654800.0
975,2021-10-17 02:59:04,4510.0,3100.0,652800.0
976,2021-10-17 02:59:04,4510.0,4400.0,649700.0
977,2021-10-17 02:58:55,4500.0,1000.0,645300.0
978,2021-10-17 02:58:35,4500.0,200.0,644300.0
979,2021-10-17 02:58:33,4500.0,500.0,644100.0
980,2021-10-17 02:57:59,4500.0,3600.0,643600.0
981,2021-10-17 02:57:59,4500.0,100.0,640000.0
982,2021-10-17 02:57:59,4500.0,1900.0,639900.0
983,2021-10-17 02:57:44,4500.0,2000.0,638000.0
984,2021-10-17 02:57:13,4500.0,1100.0,636000.0
985,2021-10-17 02:57:13,4500.0,5000.0,634900.0
986,2021-10-17 02:57:13,4500.0,1900.0,629900.0
987,2021-10-17 02:57:13,4500.0,400.0,628000.0
988,2021-10-17 02:57:13,4500.0,800.0,627600.0
989,2021-10-17 02:57:10,4490.0,1400.0,626800.0
990,2021-10-17 02:57:10,4490.0,1500.0,625400.0
991,2021-10-17 02:57:10,4490.0,400.0,623900.0
992,2021-10-17 02:57:10,4490.0,1700.0,623500.0
993,2021-10-17 02:56:57,4490.0,3300.0,621800.0
994,2021-10-17 02:56:57,4490.0,1700.0,618500.0
995,2021-10-17 02:56:56,4500.0,2200.0,616800.0
996,2021-10-17 02:56:56,4500.0,500.0,614600.0
997,2021-10-17 02:56:56,4500.0,7000.0,614100.0
998,2021-10-17 02:56:56,4500.0,300.0,607100.0
999,2021-10-17 02:56:43,4490.0,300.0,606800.0
1000,2021-10-17 02:56:41,4490.0,9700.0,606500.0
1001,2021-10-17 02:56:33,4490.0,300.0,596800.0
1002,2021-10-17 02:56:33,4490.0,200.0,596500.0
1003,2021-10-17 02:56:26,4490.0,1800.0,596300.0
1004,2021-10-17 02:56:21,4490.0,200.0,594500.0
1005,2021-10-17 02:55:43,4490.0,200.0,594300.0
1006,2021-10-17 02:55:39,4490.0,1700.0,594100.0
1007,2021-10-17 02:55:39,4490.0,100.0,592400.0
1008,2021-10-17 02:55:39,4490.0,1000.0,592300.0
1009,2021-10-17 02:55:26,4500.0,700.0,591300.0
1010,2021-10-17 02:54:35,4500.0,1000.0,590600.0
1011,2021-10-17 02:54:30,4490.0,700.0,589600.0
1012,2021-10-17 02:54:30,4490.0,200.0,588900.0
1013,2021-10-17 02:54:30,4490.0,100.0,588700.0
1014,2021-10-17 02:54:30,4490.0,1000.0,588600.0
1015,2021-10-17 02:53:31,4500.0,2000.0,587600.0
1016,2021-10-17 02:53:29,4500.0,1100.0,585600.0
1017,2021-10-17 02:52:33,4500.0,300.0,584500.0
1018,2021-10-17 02:52:33,4500.0,400.0,584200.0
1019,2021-10-17 02:52:33,4500.0,2500.0,583800.0
1020,2021-10-17 02:52:33,4500.0,800.0,581300.0
1021,2021-10-17 02:52:33,4500.0,100.0,580500.0
1022,2021-10-17 02:52:33,4500.0,500.0,580400.0
1023,2021-10-17 02:52:33,4500.0,700.0,579900.0
1024,2021-10-17 02:52:33,4500.0,500.0,579200.0
1025,2021-10-17 02:52:33,4500.0,100.0,578700.0
1026,2021-10-17 02:52:33,4500.0,500.0,578600.0
1027,2021-10-17 02:52:33,4500.0,200.0,578100.0
1028,2021-10-17 02:52:33,4500.0,4300.0,577900.0
1029,2021-10-17 02:52:20,4500.0,1700.0,573600.0
1030,2021-10-17 02:52:17,4500.0,200.0,571900.0
1031,2021-10-17 02:52:14,4500.0,500.0,571700.0
1032,2021-10-17 02:52:13,4500.0,5000.0,571200.0
1033,2021-10-17 02:52:06,4500.0,8000.0,566200.0
1034,2021-10-17 02:51:32,4510.0,100.0,558200.0
1035,2021-10-17 02:50:53,4510.0,300.0,558100.0
1036,2021-10-17 02:50:47,4500.0,300.0,557800.0
1037,2021-10-17 02:50:47,4500.0,3000.0,557500.0
1038,2021-10-17 02:50:47,4500.0,200.0,554500.0
1039,2021-10-17 02:50:47,4500.0,3000.0,554300.0
1040,2021-10-17 02:50:47,4500.0,2000.0,551300.0
1041,2021-10-17 02:50:47,4500.0,100.0,549300.0
1042,2021-10-17 02:50:47,4500.0,1000.0,549200.0
1043,2021-10-17 02:50:47,4500.0,400.0,548200.0
1044,2021-10-17 02:50:47,4500.0,5000.0,547800.0
1045,2021-10-17 02:50:47,4500.0,1000.0,542800.0
1046,2021-10-17 02:50:47,4500.0,1000.0,541800.0
1047,2021-10-17 02:50:47,4500.0,1000.0,540800.0
1048,2021-10-17 02:50:47,4500.0,1000.0,539800.0
1049,2021-10-17 02:50:47,4500.0,1000.0,538800.0
1050,2021-10-17 02:50:47,4500.0,500.0,537800.0
1051,2021-10-17 02:50:47,4500.0,200.0,537300.0
1052,2021-10-17 02:50:47,4500.0,1000.0,537100.0
1053,2021-10-17 02:50:47,4500.0,1000.0,536100.0
1054,2021-10-17 02:50:47,4500.0,3300.0,535100.0
1055,2021-10-17 02:50:36,4500.0,1000.0,531800.0
1056,2021-10-17 02:50:19,4510.0,200.0,530800.0
1057,2021-10-17 02:50:19,4510.0,800.0,530600.0
1058,2021-10-17 02:49:57,4500.0,5700.0,529800.0
1059,2021-10-17 02:49:57,4500.0,3000.0,524100.0
1060,2021-10-17 02:49:57,4500.0,300.0,521100.0
1061,2021-10-17 02:49:57,4500.0,5000.0,520800.0
1062,2021-10-17 02:49:57,4500.0,5000.0,515800.0
1063,2021-10-17 02:49:57,4500.0,1000.0,510800.0
1064,2021-10-17 02:49:45,4510.0,1000.0,509800.0
1065,2021-10-17 02:49:26,4510.0,100.0,508800.0
1066,2021-10-17 02:49:24,4510.0,700.0,508700.0
1067,2021-10-17 02:49:19,4500.0,1000.0,508000.0
1068,2021-10-17 02:48:37,4510.0,5000.0,507000.0
1069,2021-10-17 02:48:29,4510.0,1000.0,502000.0
1070,2021-10-17 02:48:21,4500.0,1500.0,501000.0
1071,2021-10-17 02:48:12,4510.0,500.0,499500.0
1072,2021-10-17 02:48:01,4510.0,2000.0,499000.0
1073,2021-10-17 02:47:51,4500.0,500.0,497000.0
1074,2021-10-17 02:47:31,4500.0,3000.0,496500.0
1075,2021-10-17 02:47:01,4500.0,5000.0,493500.0
1076,2021-10-17 02:46:53,4510.0,2000.0,488500.0
1077,2021-10-17 02:46:44,4510.0,5000.0,486500.0
1078,2021-10-17 02:46:17,4510.0,500.0,481500.0
1079,2021-10-17 02:46:04,4500.0,9300.0,481000.0
1080,2021-10-17 02:46:04,4500.0,700.0,471700.0
1081,2021-10-17 02:45:56,4510.0,500.0,471000.0
1082,2021-10-17 02:45:14,4500.0,100.0,470500.0
1083,2021-10-17 02:45:14,4500.0,900.0,470400.0
1084,2021-10-17 02:45:08,4500.0,100.0,469500.0
1085,2021-10-17 02:45:08,4500.0,200.0,469400.0
1086,2021-10-17 02:44:54,4500.0,100.0,469200.0
1087,2021-10-17 02:44:50,4500.0,1200.0,469100.0
1088,2021-10-17 02:44:50,4500.0,800.0,467900.0
1089,2021-10-17 02:44:47,4500.0,200.0,467100.0
1090,2021-10-17 02:44:47,4500.0,500.0,466900.0
1091,2021-10-17 02:44:47,4500.0,100.0,466400.0
1092,2021-10-17 02:44:47,4500.0,200.0,466300.0
1093,2021-10-17 02:44:47,4500.0,300.0,466100.0
1094,2021-10-17 02:44:47,4500.0,700.0,465800.0
1095,2021-10-17 02:44:38,4500.0,300.0,465100.0
1096,2021-10-17 02:44:38,4500.0,300.0,464800.0
1097,2021-10-17 02:44:38,4500.0,200.0,464500.0
1098,2021-10-17 02:44:38,4500.0,200.0,464300.0
1099,2021-10-17 02:44:15,4500.0,2000.0,464100.0
1100,2021-10-17 02:44:15,4500.0,200.0,462100.0
1101,2021-10-17 02:44:15,4500.0,1000.0,461900.0
1102,2021-10-17 02:44:15,4500.0,200.0,460900.0
1103,2021-10-17 02:44:15,4500.0,2500.0,460700.0
1104,2021-10-17 02:44:15,4500.0,1000.0,458200.0
1105,2021-10-17 02:44:15,4500.0,1000.0,457200.0
1106,2021-10-17 02:44:15,4500.0,100.0,456200.0
1107,2021-10-17 02:44:15,4500.0,500.0,456100.0
1108,2021-10-17 02:44:15,4500.0,5000.0,455600.0
1109,2021-10-17 02:44:15,4500.0,800.0,450600.0
1110,2021-10-17 02:44:15,4500.0,1000.0,449800.0
1111,2021-10-17 02:44:15,4500.0,2000.0,448800.0
1112,2021-10-17 02:44:15,4500.0,1000.0,446800.0
1113,2021-10-17 02:44:15,4500.0,600.0,445800.0
1114,2021-10-17 02:44:15,4500.0,100.0,445200.0
1115,2021-10-17 02:44:15,4500.0,100.0,445100.0
1116,2021-10-17 02:44:15,4500.0,500.0,445000.0
1117,2021-10-17 02:44:15,4500.0,1000.0,444500.0
1118,2021-10-17 02:44:15,4500.0,1000.0,443500.0
1119,2021-10-17 02:44:15,4500.0,500.0,442500.0
1120,2021-10-17 02:44:15,4500.0,2000.0,442000.0
1121,2021-10-17 02:44:15,4500.0,5900.0,440000.0
1122,2021-10-17 02:44:09,4510.0,1300.0,434100.0
1123,2021-10-17 02:43:54,4500.0,1000.0,432800.0
1124,2021-10-17 02:43:47,4510.0,500.0,431800.0
1125,2021-10-17 02:43:39,4510.0,2000.0,431300.0
1126,2021-10-17 02:43:37,4510.0,100.0,429300.0
1127,2021-10-17 02:43:17,4510.0,2000.0,429200.0
1128,2021-10-17 02:43:17,4510.0,500.0,427200.0
1129,2021-10-17 02:43:17,4510.0,500.0,426700.0
1130,2021-10-17 02:43:17,4510.0,4000.0,426200.0
1131,2021-10-17 02:42:29,4520.0,500.0,422200.0
1132,2021-10-17 02:42:20,4520.0,500.0,421700.0
1133,2021-10-17 02:42:13,4520.0,1000.0,421200.0
1134,2021-10-17 02:42:13,4520.0,1500.0,420200.0
1135,2021-10-17 02:42:03,4520.0,300.0,418700.0
1136,2021-10-17 02:42:02,4520.0,200.0,418400.0
1137,2021-10-17 02:41:51,4520.0,200.0,418200.0
1138,2021-10-17 02:41:35,4520.0,400.0,418000.0
1139,2021-10-17 02:41:35,4520.0,100.0,417600.0
1140,2021-10-17 02:40:09,4500.0,9100.0,417500.0
1141,2021-10-17 02:40:09,4510.0,900.0,408400.0
1142,2021-10-17 02:39:54,4520.0,5000.0,407500.0
1143,2021-10-17 02:39:54,4520.0,3000.0,402500.0
1144,2021-10-17 02:39:54,4520.0,1000.0,399500.0
1145,2021-10-17 02:39:54,4520.0,800.0,398500.0
1146,2021-10-17 02:39:54,4530.0,200.0,397700.0
1147,2021-10-17 02:39:54,4530.0,1800.0,397500.0
1148,2021-10-17 02:39:04,4530.0,200.0,395700.0
1149,2021-10-17 02:39:04,4530.0,1600.0,395500.0
1150,2021-10-17 02:39:04,4530.0,200.0,393900.0
1151,2021-10-17 02:39:04,4530.0,1000.0,393700.0
1152,2021-10-17 02:38:46,4530.0,4000.0,392700.0
1153,2021-10-17 02:38:36,4520.0,500.0,388700.0
1154,2021-10-17 02:38:23,4520.0,700.0,388200.0
1155,2021-10-17 02:38:20,4520.0,400.0,387500.0
1156,2021-10-17 02:38:20,4520.0,5000.0,387100.0
1157,2021-10-17 02:38:20,4520.0,200.0,382100.0
1158,2021-10-17 02:38:17,4520.0,700.0,381900.0
1159,2021-10-17 02:37:45,4520.0,100.0,381200.0
1160,2021-10-17 02:37:35,4510.0,400.0,381100.0
1161,2021-10-17 02:37:30,4520.0,3000.0,380700.0
1162,2021-10-17 02:37:21,4520.0,2300.0,377700.0
1163,2021-10-17 02:37:06,4520.0,2000.0,375400.0
1164,2021-10-17 02:37:03,4520.0,1500.0,373400.0
1165,2021-10-17 02:36:51,4510.0,22200.0,371900.0
1166,2021-10-17 02:36:29,4520.0,1000.0,349700.0
1167,2021-10-17 02:36:18,4520.0,1000.0,348700.0
1168,2021-10-17 02:35:24,4530.0,1000.0,347700.0
1169,2021-10-17 02:34:55,4540.0,100.0,346700.0
1170,2021-10-17 02:34:55,4520.0,600.0,346600.0
1171,2021-10-17 02:34:50,4500.0,8000.0,346000.0
1172,2021-10-17 02:34:48,4520.0,400.0,338000.0
1173,2021-10-17 02:34:46,4500.0,1000.0,337600.0
1174,2021-10-17 02:34:40,4500.0,4000.0,336600.0
1175,2021-10-17 02:34:40,4500.0,100.0,332600.0
1176,2021-10-17 02:34:05,4500.0,2800.0,332500.0
1177,2021-10-17 02:34:05,4500.0,100.0,329700.0
1178,2021-10-17 02:34:05,4500.0,200.0,329600.0
1179,2021-10-17 02:34:05,4500.0,300.0,329400.0
1180,2021-10-17 02:34:05,4520.0,500.0,329100.0
1181,2021-10-17 02:34:00,4530.0,1000.0,328600.0
1182,2021-10-17 02:33:44,4530.0,2100.0,327600.0
1183,2021-10-17 02:33:44,4530.0,1500.0,325500.0
1184,2021-10-17 02:33:44,4530.0,500.0,324000.0
1185,2021-10-17 02:33:44,4530.0,100.0,323500.0
1186,2021-10-17 02:33:44,4530.0,100.0,323400.0
1187,2021-10-17 02:33:44,4530.0,100.0,323300.0
1188,2021-10-17 02:33:42,4530.0,2000.0,323200.0
1189,2021-10-17 02:33:26,4530.0,7000.0,321200.0
1190,2021-10-17 02:33:06,4530.0,1000.0,314200.0
1191,2021-10-17 02:32:31,4540.0,2000.0,313200.0
1192,2021-10-17 02:32:31,4540.0,24600.0,311200.0
1193,2021-10-17 02:32:30,4540.0,400.0,286600.0
1194,2021-10-17 02:32:30,4540.0,300.0,286200.0
1195,2021-10-17 02:32:21,4550.0,100.0,285900.0
1196,2021-10-17 02:32:20,4550.0,100.0,285800.0
1197,2021-10-17 02:32:20,4550.0,1800.0,285700.0
1198,2021-10-17 02:32:14,4550.0,200.0,283900.0
1199,2021-10-17 02:32:00,4550.0,200.0,283700.0
1200,2021-10-17 02:32:00,4550.0,5000.0,283500.0
1201,2021-10-17 02:32:00,4550.0,100.0,278500.0
1202,2021-10-17 02:32:00,4550.0,3000.0,278400.0
1203,2021-10-17 02:32:00,4550.0,1000.0,275400.0
1204,2021-10-17 02:32:00,4550.0,700.0,274400.0
1205,2021-10-17 02:31:44,4550.0,5000.0,273700.0
1206,2021-10-17 02:31:23,4570.0,1000.0,268700.0
1207,2021-10-17 02:31:16,4570.0,1000.0,267700.0
1208,2021-10-17 02:31:16,4570.0,4700.0,266700.0
1209,2021-10-17 02:31:16,4570.0,100.0,262000.0
1210,2021-10-17 02:31:16,4570.0,800.0,261900.0
1211,2021-10-17 02:31:16,4570.0,400.0,261100.0
1212,2021-10-17 02:30:50,4570.0,1000.0,260700.0
1213,2021-10-17 02:30:42,4570.0,100.0,259700.0
1214,2021-10-17 02:30:41,4570.0,700.0,259600.0
1215,2021-10-17 02:30:39,4570.0,1200.0,258900.0
1216,2021-10-17 02:30:36,4570.0,100.0,257700.0
1217,2021-10-17 02:30:36,4570.0,500.0,257600.0
1218,2021-10-17 02:30:36,4570.0,1800.0,257100.0
1219,2021-10-17 02:30:36,4570.0,600.0,255300.0
1220,2021-10-17 02:30:35,4570.0,3000.0,254700.0
1221,2021-10-17 02:30:26,4570.0,5000.0,251700.0
1222,2021-10-17 02:30:25,4570.0,1000.0,246700.0
1223,2021-10-17 02:30:16,4570.0,400.0,245700.0
1224,2021-10-17 02:30:16,4570.0,100.0,245300.0
1225,2021-10-17 02:29:58,4580.0,100.0,245200.0
1226,2021-10-17 02:29:40,4580.0,1300.0,245100.0
1227,2021-10-17 02:29:36,4570.0,1900.0,243800.0
1228,2021-10-17 02:29:36,4570.0,1500.0,241900.0
1229,2021-10-17 02:29:36,4570.0,800.0,240400.0
1230,2021-10-17 02:29:36,4570.0,3100.0,239600.0
1231,2021-10-17 02:29:29,4570.0,1500.0,236500.0
1232,2021-10-17 02:29:26,4570.0,700.0,235000.0
1233,2021-10-17 02:29:10,4570.0,3000.0,234300.0
1234,2021-10-17 02:28:57,4580.0,1000.0,231300.0
1235,2021-10-17 02:28:48,4590.0,1000.0,230300.0
1236,2021-10-17 02:28:31,4590.0,400.0,229300.0
1237,2021-10-17 02:28:31,4590.0,200.0,228900.0
1238,2021-10-17 02:28:25,4590.0,1800.0,228700.0
1239,2021-10-17 02:28:25,4590.0,200.0,226900.0
1240,2021-10-17 02:28:19,4570.0,1700.0,226700.0
1241,2021-10-17 02:28:19,4570.0,500.0,225000.0
1242,2021-10-17 02:28:19,4570.0,5000.0,224500.0
1243,2021-10-17 02:28:19,4570.0,2000.0,219500.0
1244,2021-10-17 02:28:19,4570.0,500.0,217500.0
1245,2021-10-17 02:28:19,4570.0,200.0,217000.0
1246,2021-10-17 02:28:19,4570.0,100.0,216800.0
1247,2021-10-17 02:28:17,4580.0,1000.0,216700.0
1248,2021-10-17 02:28:04,4590.0,300.0,215700.0
1249,2021-10-17 02:28:04,4590.0,700.0,215400.0
1250,2021-10-17 02:27:32,4590.0,1300.0,214700.0
1251,2021-10-17 02:27:32,4590.0,5000.0,213400.0
1252,2021-10-17 02:27:32,4590.0,300.0,208400.0
1253,2021-10-17 02:27:32,4590.0,200.0,208100.0
1254,2021-10-17 02:27:32,4590.0,500.0,207900.0
1255,2021-10-17 02:27:32,4580.0,200.0,207400.0
1256,2021-10-17 02:27:23,4590.0,100.0,207200.0
1257,2021-10-17 02:26:57,4590.0,1000.0,207100.0
1258,2021-10-17 02:26:40,4590.0,400.0,206100.0
1259,2021-10-17 02:26:40,4590.0,1000.0,205700.0
1260,2021-10-17 02:26:40,4590.0,1600.0,204700.0
1261,2021-10-17 02:26:40,4580.0,3000.0,203100.0
1262,2021-10-17 02:26:34,4590.0,1200.0,200100.0
1263,2021-10-17 02:26:25,4590.0,500.0,198900.0
1264,2021-10-17 02:26:10,4590.0,1700.0,198400.0
1265,2021-10-17 02:26:10,4590.0,800.0,196700.0
1266,2021-10-17 02:26:03,4570.0,500.0,195900.0
1267,2021-10-17 02:26:00,4590.0,300.0,195400.0
1268,2021-10-17 02:25:14,4570.0,200.0,195100.0
1269,2021-10-17 02:24:56,4590.0,100.0,194900.0
1270,2021-10-17 02:24:49,4600.0,100.0,194800.0
1271,2021-10-17 02:24:49,4600.0,500.0,194700.0
1272,2021-10-17 02:24:49,4600.0,1900.0,194200.0
1273,2021-10-17 02:24:33,4600.0,6000.0,192300.0
1274,2021-10-17 02:24:27,4600.0,2100.0,186300.0
1275,2021-10-17 02:24:27,4600.0,400.0,184200.0
1276,2021-10-17 02:24:26,4600.0,200.0,183800.0
1277,2021-10-17 02:23:54,4600.0,200.0,183600.0
1278,2021-10-17 02:23:54,4600.0,1000.0,183400.0
1279,2021-10-17 02:23:54,4600.0,500.0,182400.0
1280,2021-10-17 02:23:54,4600.0,1100.0,181900.0
1281,2021-10-17 02:23:43,4600.0,200.0,180800.0
1282,2021-10-17 02:23:32,4590.0,2000.0,180600.0
1283,2021-10-17 02:23:23,4600.0,2000.0,178600.0
1284,2021-10-17 02:23:22,4590.0,200.0,176600.0
1285,2021-10-17 02:23:22,4590.0,100.0,176400.0
1286,2021-10-17 02:23:08,4600.0,1000.0,176300.0
1287,2021-10-17 02:23:08,4600.0,700.0,175300.0
1288,2021-10-17 02:23:03,4600.0,10000.0,174600.0
1289,2021-10-17 02:23:03,4600.0,1000.0,164600.0
1290,2021-10-17 02:22:57,4600.0,800.0,163600.0
1291,2021-10-17 02:22:53,4600.0,200.0,162800.0
1292,2021-10-17 02:22:53,4600.0,300.0,162600.0
1293,2021-10-17 02:22:53,4600.0,3000.0,162300.0
1294,2021-10-17 02:22:53,4600.0,4000.0,159300.0
1295,2021-10-17 02:22:33,4600.0,1000.0,155300.0
1296,2021-10-17 02:22:30,4610.0,1800.0,154300.0
1297,2021-10-17 02:22:30,4610.0,400.0,152500.0
1298,2021-10-17 02:22:22,4600.0,900.0,152100.0
1299,2021-10-17 02:22:21,4600.0,200.0,151200.0
1300,2021-10-17 02:22:14,4610.0,100.0,151000.0
1301,2021-10-17 02:22:05,4610.0,600.0,150900.0
1302,2021-10-17 02:22:04,4600.0,3000.0,150300.0
1303,2021-10-17 02:21:40,4610.0,400.0,147300.0
1304,2021-10-17 02:21:40,4610.0,2000.0,146900.0
1305,2021-10-17 02:21:40,4610.0,1000.0,144900.0
1306,2021-10-17 02:21:40,4610.0,100.0,143900.0
1307,2021-10-17 02:21:40,4610.0,200.0,143800.0
1308,2021-10-17 02:21:40,4600.0,400.0,143600.0
1309,2021-10-17 02:21:40,4600.0,15900.0,143200.0
1310,2021-10-17 02:21:36,4590.0,500.0,127300.0
1311,2021-10-17 02:21:32,4590.0,200.0,126800.0
1312,2021-10-17 02:21:15,4600.0,800.0,126600.0
1313,2021-10-17 02:21:15,4600.0,1600.0,125800.0
1314,2021-10-17 02:21:14,4600.0,100.0,124200.0
1315,2021-10-17 02:21:13,4600.0,200.0,124100.0
1316,2021-10-17 02:20:54,4600.0,200.0,123900.0
1317,2021-10-17 02:20:49,4600.0,200.0,123700.0
1318,2021-10-17 02:20:44,4600.0,1000.0,123500.0
1319,2021-10-17 02:20:44,4600.0,200.0,122500.0
1320,2021-10-17 02:20:44,4600.0,100.0,122300.0
1321,2021-10-17 02:20:44,4600.0,1400.0,122200.0
1322,2021-10-17 02:20:43,4590.0,2000.0,120800.0
1323,2021-10-17 02:20:34,4600.0,3600.0,118800.0
1324,2021-10-17 02:20:34,4600.0,2000.0,115200.0
1325,2021-10-17 02:20:34,4600.0,100.0,113200.0
1326,2021-10-17 02:20:34,4600.0,3000.0,113100.0
1327,2021-10-17 02:20:34,4600.0,700.0,110100.0
1328,2021-10-17 02:20:34,4600.0,1400.0,109400.0
1329,2021-10-17 02:20:34,4600.0,2000.0,108000.0
1330,2021-10-17 02:20:34,4600.0,7200.0,106000.0
1331,2021-10-17 02:20:32,4600.0,2000.0,98800.0
1332,2021-10-17 02:20:27,4600.0,800.0,96800.0
1333,2021-10-17 02:20:27,4600.0,200.0,96000.0
1334,2021-10-17 02:20:27,4590.0,2300.0,95800.0
1335,2021-10-17 02:20:27,4590.0,2700.0,93500.0
1336,2021-10-17 02:20:14,4600.0,1200.0,90800.0
1337,2021-10-17 02:20:08,4600.0,300.0,89600.0
1338,2021-10-17 02:20:03,4600.0,5500.0,89300.0
1339,2021-10-17 02:20:00,4600.0,1000.0,83800.0
1340,2021-10-17 02:19:57,4600.0,800.0,82800.0
1341,2021-10-17 02:19:57,4600.0,500.0,82000.0
1342,2021-10-17 02:19:57,4600.0,700.0,81500.0
1343,2021-10-17 02:19:44,4600.0,5300.0,80800.0
1344,2021-10-17 02:19:44,4600.0,1000.0,75500.0
1345,2021-10-17 02:19:44,4600.0,300.0,74500.0
1346,2021-10-17 02:19:44,4600.0,100.0,74200.0
1347,2021-10-17 02:19:44,4600.0,100.0,74100.0
1348,2021-10-17 02:19:44,4600.0,500.0,74000.0
1349,2021-10-17 02:19:44,4600.0,500.0,73500.0
1350,2021-10-17 02:19:30,4600.0,4100.0,73000.0
1351,2021-10-17 02:19:30,4600.0,400.0,68900.0
1352,2021-10-17 02:19:30,4600.0,600.0,68500.0
1353,2021-10-17 02:19:30,4600.0,1000.0,67900.0
1354,2021-10-17 02:19:22,4590.0,1000.0,66900.0
1355,2021-10-17 02:19:13,4590.0,200.0,65900.0
1356,2021-10-17 02:19:13,4590.0,5000.0,65700.0
1357,2021-10-17 02:19:13,4590.0,1000.0,60700.0
1358,2021-10-17 02:19:13,4590.0,100.0,59700.0
1359,2021-10-17 02:19:04,4590.0,700.0,59600.0
1360,2021-10-17 02:18:55,4590.0,200.0,58900.0
1361,2021-10-17 02:18:42,4570.0,300.0,58700.0
1362,2021-10-17 02:18:42,4570.0,2000.0,58400.0
1363,2021-10-17 02:18:29,4560.0,100.0,56400.0
1364,2021-10-17 02:18:29,4560.0,200.0,56300.0
1365,2021-10-17 02:18:29,4560.0,100.0,56100.0
1366,2021-10-17 02:18:29,4560.0,200.0,56000.0
1367,2021-10-17 02:18:27,4550.0,1000.0,55800.0
1368,2021-10-17 02:18:15,4550.0,3300.0,54800.0
1369,2021-10-17 02:18:14,4550.0,700.0,51500.0
1370,2021-10-17 02:18:14,4550.0,100.0,50800.0
1371,2021-10-17 02:18:08,4530.0,1800.0,50700.0
1372,2021-10-17 02:18:08,4540.0,200.0,48900.0
1373,2021-10-17 02:18:06,4550.0,900.0,48700.0
1374,2021-10-17 02:18:06,4550.0,500.0,47800.0
1375,2021-10-17 02:18:06,4550.0,200.0,47300.0
1376,2021-10-17 02:18:06,4550.0,400.0,47100.0
1377,2021-10-17 02:17:57,4550.0,600.0,46700.0
1378,2021-10-17 02:17:57,4550.0,500.0,46100.0
1379,2021-10-17 02:17:57,4550.0,200.0,45600.0
1380,2021-10-17 02:17:57,4550.0,700.0,45400.0
1381,2021-10-17 02:17:57,4540.0,200.0,44700.0
1382,2021-10-17 02:17:39,4530.0,200.0,44500.0
1383,2021-10-17 02:17:39,4530.0,600.0,44300.0
1384,2021-10-17 02:17:39,4530.0,1400.0,43700.0
1385,2021-10-17 02:17:39,4520.0,100.0,42300.0
1386,2021-10-17 02:17:39,4520.0,300.0,42200.0
1387,2021-10-17 02:17:39,4520.0,200.0,41900.0
1388,2021-10-17 02:17:17,4510.0,200.0,41700.0
1389,2021-10-17 02:17:17,4510.0,2000.0,41500.0
1390,2021-10-17 02:17:17,4510.0,200.0,39500.0
1391,2021-10-17 02:17:17,4510.0,100.0,39300.0
1392,2021-10-17 02:16:50,4500.0,2400.0,39200.0
1393,2021-10-17 02:16:50,4500.0,500.0,36800.0
1394,2021-10-17 02:16:50,4500.0,200.0,36300.0
1395,2021-10-17 02:16:50,4500.0,100.0,36100.0
1396,2021-10-17 02:16:50,4500.0,100.0,36000.0
1397,2021-10-17 02:16:50,4500.0,500.0,35900.0
1398,2021-10-17 02:16:50,4500.0,100.0,35400.0
1399,2021-10-17 02:16:50,4500.0,1100.0,35300.0
1400,2021-10-17 02:16:50,4500.0,9000.0,34200.0
1401,2021-10-17 02:16:46,4500.0,1000.0,25200.0
1402,2021-10-17 02:16:37,4490.0,400.0,24200.0
1403,2021-10-17 02:16:37,4490.0,300.0,23800.0
1404,2021-10-17 02:16:03,4470.0,1000.0,23500.0
1405,2021-10-17 02:15:58,4470.0,400.0,22500.0
1406,2021-10-17 02:15:00,4460.0,1000.0,22100.0
1407,2021-10-17 02:15:00,4460.0,100.0,21100.0
1408,2021-10-17 02:15:00,4460.0,6000.0,21000.0
1409,2021-10-17 02:15:00,4460.0,300.0,15000.0
1410,2021-10-17 02:15:00,4460.0,1000.0,14700.0
1411,2021-10-17 02:15:00,4460.0,200.0,13700.0
1412,2021-10-17 02:15:00,4460.0,1000.0,13500.0
1413,2021-10-17 02:15:00,4460.0,500.0,12500.0
1414,2021-10-17 02:15:00,4460.0,100.0,12000.0
1415,2021-10-17 02:15:00,4460.0,4400.0,11900.0
1416,2021-10-17 02:15:00,4460.0,2000.0,7500.0
1417,2021-10-17 02:15:00,4460.0,2000.0,5500.0
1418,2021-10-17 02:15:00,4460.0,600.0,3500.0
1419,2021-10-17 02:15:00,4460.0,300.0,2900.0
1420,2021-10-17 02:15:00,4460.0,500.0,2600.0
1421,2021-10-17 02:15:00,4460.0,600.0,2100.0
1422,2021-10-17 02:15:00,4460.0,200.0,1500.0
1423,2021-10-17 02:15:00,4460.0,1300.0,1300.0
