,Time,Price,Volume_per_trade,Volume
0,2021-10-21 07:45:01,23250.0,1000.0,1180000.0
1,2021-10-21 07:45:01,23250.0,700.0,1179000.0
2,2021-10-21 07:45:01,23250.0,300.0,1178300.0
3,2021-10-21 07:45:01,23250.0,200.0,1178000.0
4,2021-10-21 07:45:01,23250.0,500.0,1177800.0
5,2021-10-21 07:45:01,23250.0,500.0,1177300.0
6,2021-10-21 07:45:01,23250.0,2100.0,1176800.0
7,2021-10-21 07:45:01,23250.0,1000.0,1174700.0
8,2021-10-21 07:45:01,23250.0,300.0,1173700.0
9,2021-10-21 07:45:01,23250.0,1000.0,1173400.0
10,2021-10-21 07:45:01,23250.0,500.0,1172400.0
11,2021-10-21 07:45:01,23250.0,3500.0,1171900.0
12,2021-10-21 07:45:01,23250.0,200.0,1168400.0
13,2021-10-21 07:45:01,23250.0,900.0,1168200.0
14,2021-10-21 07:45:01,23250.0,100.0,1167300.0
15,2021-10-21 07:45:01,23250.0,9900.0,1167200.0
16,2021-10-21 07:45:01,23250.0,500.0,1157300.0
17,2021-10-21 07:45:01,23250.0,2600.0,1156800.0
18,2021-10-21 07:45:01,23250.0,600.0,1154200.0
19,2021-10-21 07:45:01,23250.0,2800.0,1153600.0
20,2021-10-21 07:45:01,23250.0,100.0,1150800.0
21,2021-10-21 07:45:01,23250.0,2000.0,1150700.0
22,2021-10-21 07:45:01,23250.0,5000.0,1148700.0
23,2021-10-21 07:45:01,23250.0,100.0,1143700.0
24,2021-10-21 07:29:45,23250.0,100.0,1143600.0
25,2021-10-21 07:29:45,23250.0,1000.0,1143500.0
26,2021-10-21 07:29:45,23250.0,500.0,1142500.0
27,2021-10-21 07:29:45,23250.0,500.0,1142000.0
28,2021-10-21 07:29:45,23250.0,1000.0,1141500.0
29,2021-10-21 07:29:45,23250.0,5000.0,1140500.0
30,2021-10-21 07:29:45,23250.0,1700.0,1135500.0
31,2021-10-21 07:29:44,23200.0,100.0,1133800.0
32,2021-10-21 07:29:44,23200.0,1000.0,1133700.0
33,2021-10-21 07:29:44,23200.0,500.0,1132700.0
34,2021-10-21 07:29:44,23200.0,100.0,1132200.0
35,2021-10-21 07:29:44,23200.0,1300.0,1132100.0
36,2021-10-21 07:29:44,23200.0,1200.0,1130800.0
37,2021-10-21 07:29:44,23200.0,500.0,1129600.0
38,2021-10-21 07:29:44,23200.0,300.0,1129100.0
39,2021-10-21 07:28:08,23250.0,200.0,1128800.0
40,2021-10-21 07:27:23,23200.0,100.0,1128600.0
41,2021-10-21 07:27:17,23250.0,900.0,1128500.0
42,2021-10-21 07:27:14,23250.0,500.0,1127600.0
43,2021-10-21 07:26:45,23250.0,200.0,1127100.0
44,2021-10-21 07:26:45,23250.0,300.0,1126900.0
45,2021-10-21 07:26:45,23250.0,200.0,1126600.0
46,2021-10-21 07:26:45,23250.0,200.0,1126400.0
47,2021-10-21 07:26:45,23250.0,900.0,1126200.0
48,2021-10-21 07:26:23,23200.0,100.0,1125300.0
49,2021-10-21 07:25:41,23250.0,200.0,1125200.0
50,2021-10-21 07:25:17,23200.0,300.0,1125000.0
51,2021-10-21 07:25:17,23200.0,500.0,1124700.0
52,2021-10-21 07:25:17,23200.0,400.0,1124200.0
53,2021-10-21 07:25:17,23200.0,300.0,1123800.0
54,2021-10-21 07:23:14,23200.0,400.0,1123500.0
55,2021-10-21 07:23:14,23200.0,300.0,1123100.0
56,2021-10-21 07:22:46,23200.0,100.0,1122800.0
57,2021-10-21 07:22:46,23200.0,500.0,1122700.0
58,2021-10-21 07:22:46,23200.0,1000.0,1122200.0
59,2021-10-21 07:22:46,23200.0,500.0,1121200.0
60,2021-10-21 07:22:46,23200.0,100.0,1120700.0
61,2021-10-21 07:22:46,23200.0,100.0,1120600.0
62,2021-10-21 07:22:46,23200.0,500.0,1120500.0
63,2021-10-21 07:22:46,23200.0,2000.0,1120000.0
64,2021-10-21 07:22:46,23200.0,100.0,1118000.0
65,2021-10-21 07:22:46,23200.0,300.0,1117900.0
66,2021-10-21 07:22:46,23200.0,1000.0,1117600.0
67,2021-10-21 07:22:46,23200.0,1400.0,1116600.0
68,2021-10-21 07:22:46,23200.0,1000.0,1115200.0
69,2021-10-21 07:22:46,23200.0,400.0,1114200.0
70,2021-10-21 07:22:32,23250.0,100.0,1113800.0
71,2021-10-21 07:22:32,23250.0,500.0,1113700.0
72,2021-10-21 07:22:32,23250.0,1000.0,1113200.0
73,2021-10-21 07:22:32,23250.0,1800.0,1112200.0
74,2021-10-21 07:21:55,23250.0,2200.0,1110400.0
75,2021-10-21 07:21:55,23250.0,1500.0,1108200.0
76,2021-10-21 07:21:55,23250.0,1000.0,1106700.0
77,2021-10-21 07:21:55,23250.0,200.0,1105700.0
78,2021-10-21 07:21:55,23250.0,100.0,1105500.0
79,2021-10-21 07:21:41,23300.0,1200.0,1105400.0
80,2021-10-21 07:21:36,23250.0,2400.0,1104200.0
81,2021-10-21 07:21:36,23250.0,2100.0,1101800.0
82,2021-10-21 07:21:12,23250.0,700.0,1099700.0
83,2021-10-21 07:21:11,23250.0,1300.0,1099000.0
84,2021-10-21 07:21:03,23250.0,200.0,1097700.0
85,2021-10-21 07:20:43,23250.0,100.0,1097500.0
86,2021-10-21 07:20:16,23250.0,100.0,1097400.0
87,2021-10-21 07:20:01,23300.0,300.0,1097300.0
88,2021-10-21 07:19:27,23300.0,300.0,1097000.0
89,2021-10-21 07:19:27,23300.0,200.0,1096700.0
90,2021-10-21 07:19:27,23300.0,3000.0,1096500.0
91,2021-10-21 07:19:27,23300.0,5000.0,1093500.0
92,2021-10-21 07:19:27,23300.0,100.0,1088500.0
93,2021-10-21 07:19:27,23300.0,3000.0,1088400.0
94,2021-10-21 07:19:27,23300.0,2000.0,1085400.0
95,2021-10-21 07:19:27,23300.0,3000.0,1083400.0
96,2021-10-21 07:19:27,23300.0,2000.0,1080400.0
97,2021-10-21 07:19:27,23300.0,1000.0,1078400.0
98,2021-10-21 07:19:27,23300.0,3900.0,1077400.0
99,2021-10-21 07:19:26,23250.0,700.0,1073500.0
100,2021-10-21 07:19:13,23250.0,2000.0,1072800.0
101,2021-10-21 07:18:52,23250.0,200.0,1070800.0
102,2021-10-21 07:18:10,23250.0,400.0,1070600.0
103,2021-10-21 07:17:57,23250.0,100.0,1070200.0
104,2021-10-21 07:17:49,23250.0,3000.0,1070100.0
105,2021-10-21 07:16:53,23200.0,100.0,1067100.0
106,2021-10-21 07:16:09,23300.0,1100.0,1067000.0
107,2021-10-21 07:16:09,23300.0,2300.0,1065900.0
108,2021-10-21 07:16:09,23250.0,1600.0,1063600.0
109,2021-10-21 07:16:07,23250.0,2900.0,1062000.0
110,2021-10-21 07:15:57,23250.0,200.0,1059100.0
111,2021-10-21 07:15:57,23250.0,1000.0,1058900.0
112,2021-10-21 07:15:57,23250.0,1800.0,1057900.0
113,2021-10-21 07:15:22,23250.0,200.0,1056100.0
114,2021-10-21 07:15:22,23250.0,800.0,1055900.0
115,2021-10-21 07:15:13,23300.0,4600.0,1055100.0
116,2021-10-21 07:14:44,23250.0,100.0,1050500.0
117,2021-10-21 07:14:40,23300.0,1000.0,1050400.0
118,2021-10-21 07:14:24,23250.0,200.0,1049400.0
119,2021-10-21 07:14:24,23250.0,900.0,1049200.0
120,2021-10-21 07:14:12,23250.0,100.0,1048300.0
121,2021-10-21 07:14:12,23250.0,100.0,1048200.0
122,2021-10-21 07:14:12,23250.0,1800.0,1048100.0
123,2021-10-21 07:13:49,23250.0,200.0,1046300.0
124,2021-10-21 07:13:17,23250.0,300.0,1046100.0
125,2021-10-21 07:13:17,23250.0,400.0,1045800.0
126,2021-10-21 07:12:53,23250.0,600.0,1045400.0
127,2021-10-21 07:12:19,23250.0,100.0,1044800.0
128,2021-10-21 07:12:12,23250.0,3800.0,1044700.0
129,2021-10-21 07:12:02,23300.0,300.0,1040900.0
130,2021-10-21 07:11:22,23300.0,1000.0,1040600.0
131,2021-10-21 07:10:43,23250.0,2000.0,1039600.0
132,2021-10-21 07:10:43,23250.0,100.0,1037600.0
133,2021-10-21 07:10:43,23250.0,2000.0,1037500.0
134,2021-10-21 07:10:43,23250.0,3600.0,1035500.0
135,2021-10-21 07:10:43,23250.0,2300.0,1031900.0
136,2021-10-21 07:10:31,23250.0,1000.0,1029600.0
137,2021-10-21 07:09:36,23250.0,300.0,1028600.0
138,2021-10-21 07:09:12,23250.0,3200.0,1028300.0
139,2021-10-21 07:08:41,23250.0,500.0,1025100.0
140,2021-10-21 07:08:36,23200.0,500.0,1024600.0
141,2021-10-21 07:07:56,23200.0,2000.0,1024100.0
142,2021-10-21 07:07:51,23250.0,200.0,1022100.0
143,2021-10-21 07:07:50,23200.0,2000.0,1021900.0
144,2021-10-21 07:07:37,23250.0,300.0,1019900.0
145,2021-10-21 07:07:35,23250.0,100.0,1019600.0
146,2021-10-21 07:07:35,23250.0,100.0,1019500.0
147,2021-10-21 07:07:24,23250.0,3000.0,1019400.0
148,2021-10-21 07:07:12,23250.0,1400.0,1016400.0
149,2021-10-21 07:07:12,23250.0,600.0,1015000.0
150,2021-10-21 07:06:22,23250.0,1000.0,1014400.0
151,2021-10-21 07:06:19,23250.0,1100.0,1013400.0
152,2021-10-21 07:06:14,23250.0,1800.0,1012300.0
153,2021-10-21 07:05:48,23200.0,600.0,1010500.0
154,2021-10-21 07:05:48,23250.0,200.0,1009900.0
155,2021-10-21 07:05:48,23250.0,100.0,1009700.0
156,2021-10-21 07:05:48,23250.0,100.0,1009600.0
157,2021-10-21 07:04:26,23200.0,1000.0,1009500.0
158,2021-10-21 07:03:59,23200.0,200.0,1008500.0
159,2021-10-21 07:03:24,23200.0,100.0,1008300.0
160,2021-10-21 07:03:12,23300.0,500.0,1008200.0
161,2021-10-21 07:01:30,23300.0,300.0,1007700.0
162,2021-10-21 07:01:30,23300.0,100.0,1007400.0
163,2021-10-21 07:01:12,23300.0,600.0,1007300.0
164,2021-10-21 07:01:12,23300.0,100.0,1006700.0
165,2021-10-21 07:01:12,23300.0,200.0,1006600.0
166,2021-10-21 07:01:12,23300.0,800.0,1006400.0
167,2021-10-21 07:01:12,23300.0,100.0,1005600.0
168,2021-10-21 07:01:12,23300.0,800.0,1005500.0
169,2021-10-21 07:01:12,23250.0,1000.0,1004700.0
170,2021-10-21 07:01:12,23250.0,1000.0,1003700.0
171,2021-10-21 07:01:12,23250.0,2000.0,1002700.0
172,2021-10-21 07:01:12,23250.0,100.0,1000700.0
173,2021-10-21 07:01:12,23250.0,1200.0,1000600.0
174,2021-10-21 07:00:50,23200.0,1500.0,999400.0
175,2021-10-21 07:00:50,23200.0,1000.0,997900.0
176,2021-10-21 07:00:50,23200.0,1000.0,996900.0
177,2021-10-21 07:00:50,23200.0,100.0,995900.0
178,2021-10-21 07:00:50,23200.0,1700.0,995800.0
179,2021-10-21 07:00:24,23200.0,300.0,994100.0
180,2021-10-21 07:00:24,23200.0,200.0,993800.0
181,2021-10-21 06:58:53,23250.0,300.0,993600.0
182,2021-10-21 06:58:53,23250.0,100.0,993300.0
183,2021-10-21 06:58:50,23250.0,500.0,993200.0
184,2021-10-21 06:58:40,23250.0,200.0,992700.0
185,2021-10-21 06:58:03,23250.0,100.0,992500.0
186,2021-10-21 06:57:56,23300.0,1000.0,992400.0
187,2021-10-21 06:57:53,23250.0,500.0,991400.0
188,2021-10-21 06:57:34,23250.0,200.0,990900.0
189,2021-10-21 06:57:18,23250.0,1000.0,990700.0
190,2021-10-21 06:56:35,23250.0,200.0,989700.0
191,2021-10-21 06:56:35,23250.0,100.0,989500.0
192,2021-10-21 06:56:22,23250.0,1000.0,989400.0
193,2021-10-21 06:55:52,23250.0,600.0,988400.0
194,2021-10-21 06:54:51,23250.0,400.0,987800.0
195,2021-10-21 06:54:51,23250.0,2500.0,987400.0
196,2021-10-21 06:54:51,23250.0,100.0,984900.0
197,2021-10-21 06:54:51,23250.0,900.0,984800.0
198,2021-10-21 06:54:51,23250.0,100.0,983900.0
199,2021-10-21 06:54:51,23250.0,500.0,983800.0
200,2021-10-21 06:54:42,23300.0,2700.0,983300.0
201,2021-10-21 06:54:42,23300.0,100.0,980600.0
202,2021-10-21 06:54:42,23300.0,200.0,980500.0
203,2021-10-21 06:54:42,23300.0,200.0,980300.0
204,2021-10-21 06:54:42,23300.0,500.0,980100.0
205,2021-10-21 06:54:42,23300.0,100.0,979600.0
206,2021-10-21 06:53:12,23300.0,2700.0,979500.0
207,2021-10-21 06:52:50,23300.0,200.0,976800.0
208,2021-10-21 06:52:09,23300.0,2000.0,976600.0
209,2021-10-21 06:51:51,23300.0,400.0,974600.0
210,2021-10-21 06:51:51,23300.0,3600.0,974200.0
211,2021-10-21 06:51:51,23300.0,4000.0,970600.0
212,2021-10-21 06:51:18,23300.0,1000.0,966600.0
213,2021-10-21 06:51:05,23300.0,200.0,965600.0
214,2021-10-21 06:51:00,23300.0,3400.0,965400.0
215,2021-10-21 06:50:53,23300.0,6600.0,962000.0
216,2021-10-21 06:50:50,23300.0,100.0,955400.0
217,2021-10-21 06:50:45,23300.0,3300.0,955300.0
218,2021-10-21 06:50:26,23300.0,1100.0,952000.0
219,2021-10-21 06:50:26,23300.0,5000.0,950900.0
220,2021-10-21 06:50:26,23300.0,600.0,945900.0
221,2021-10-21 06:50:18,23300.0,400.0,945300.0
222,2021-10-21 06:50:18,23300.0,1600.0,944900.0
223,2021-10-21 06:50:12,23300.0,2000.0,943300.0
224,2021-10-21 06:50:12,23300.0,800.0,941300.0
225,2021-10-21 06:50:12,23300.0,1000.0,940500.0
226,2021-10-21 06:50:12,23300.0,300.0,939500.0
227,2021-10-21 06:49:41,23300.0,100.0,939200.0
228,2021-10-21 06:49:39,23300.0,100.0,939100.0
229,2021-10-21 06:48:47,23300.0,400.0,939000.0
230,2021-10-21 06:48:47,23300.0,500.0,938600.0
231,2021-10-21 06:48:47,23300.0,500.0,938100.0
232,2021-10-21 06:48:47,23300.0,2000.0,937600.0
233,2021-10-21 06:48:47,23300.0,2000.0,935600.0
234,2021-10-21 06:48:47,23300.0,5000.0,933600.0
235,2021-10-21 06:48:47,23300.0,4500.0,928600.0
236,2021-10-21 06:48:47,23300.0,100.0,924100.0
237,2021-10-21 06:48:25,23250.0,100.0,924000.0
238,2021-10-21 06:47:55,23250.0,1000.0,923900.0
239,2021-10-21 06:47:22,23300.0,100.0,922900.0
240,2021-10-21 06:47:22,23300.0,1400.0,922800.0
241,2021-10-21 06:46:57,23300.0,600.0,921400.0
242,2021-10-21 06:46:57,23300.0,400.0,920800.0
243,2021-10-21 06:46:36,23300.0,300.0,920400.0
244,2021-10-21 06:46:31,23300.0,700.0,920100.0
245,2021-10-21 06:46:25,23300.0,1000.0,919400.0
246,2021-10-21 06:46:25,23300.0,300.0,918400.0
247,2021-10-21 06:46:12,23300.0,100.0,918100.0
248,2021-10-21 06:46:12,23300.0,100.0,918000.0
249,2021-10-21 06:45:58,23300.0,100.0,917900.0
250,2021-10-21 06:45:58,23300.0,200.0,917800.0
251,2021-10-21 06:45:58,23300.0,400.0,917600.0
252,2021-10-21 06:45:58,23300.0,1600.0,917200.0
253,2021-10-21 06:45:57,23300.0,2000.0,915600.0
254,2021-10-21 06:45:51,23300.0,500.0,913600.0
255,2021-10-21 06:45:51,23300.0,500.0,913100.0
256,2021-10-21 06:45:46,23300.0,500.0,912600.0
257,2021-10-21 06:45:29,23300.0,900.0,912100.0
258,2021-10-21 06:45:17,23300.0,100.0,911200.0
259,2021-10-21 06:45:17,23300.0,400.0,911100.0
260,2021-10-21 06:45:04,23350.0,100.0,910700.0
261,2021-10-21 06:44:59,23350.0,500.0,910600.0
262,2021-10-21 06:44:47,23350.0,100.0,910100.0
263,2021-10-21 06:44:36,23350.0,100.0,910000.0
264,2021-10-21 06:44:31,23350.0,6000.0,909900.0
265,2021-10-21 06:44:24,23350.0,1600.0,903900.0
266,2021-10-21 06:44:20,23350.0,1000.0,902300.0
267,2021-10-21 06:44:20,23350.0,300.0,901300.0
268,2021-10-21 06:44:20,23350.0,300.0,901000.0
269,2021-10-21 06:43:52,23350.0,100.0,900700.0
270,2021-10-21 06:43:48,23350.0,3600.0,900600.0
271,2021-10-21 06:43:48,23350.0,500.0,897000.0
272,2021-10-21 06:43:42,23300.0,100.0,896500.0
273,2021-10-21 06:43:42,23300.0,900.0,896400.0
274,2021-10-21 06:43:28,23300.0,400.0,895500.0
275,2021-10-21 06:43:25,23300.0,800.0,895100.0
276,2021-10-21 06:43:25,23300.0,200.0,894300.0
277,2021-10-21 06:43:22,23300.0,500.0,894100.0
278,2021-10-21 06:43:12,23400.0,900.0,893600.0
279,2021-10-21 06:43:12,23400.0,500.0,892700.0
280,2021-10-21 06:43:12,23400.0,400.0,892200.0
281,2021-10-21 06:43:12,23350.0,200.0,891800.0
282,2021-10-21 06:43:05,23300.0,300.0,891600.0
283,2021-10-21 06:43:05,23300.0,3400.0,891300.0
284,2021-10-21 06:43:05,23300.0,800.0,887900.0
285,2021-10-21 06:43:02,23300.0,100.0,887100.0
286,2021-10-21 06:43:02,23300.0,100.0,887000.0
287,2021-10-21 06:42:56,23300.0,1000.0,886900.0
288,2021-10-21 06:42:53,23300.0,100.0,885900.0
289,2021-10-21 06:42:48,23300.0,4900.0,885800.0
290,2021-10-21 06:42:48,23300.0,2100.0,880900.0
291,2021-10-21 06:42:43,23300.0,400.0,878800.0
292,2021-10-21 06:42:43,23300.0,200.0,878400.0
293,2021-10-21 06:42:43,23300.0,100.0,878200.0
294,2021-10-21 06:42:43,23300.0,300.0,878100.0
295,2021-10-21 06:42:43,23300.0,4000.0,877800.0
296,2021-10-21 06:42:37,23300.0,1000.0,873800.0
297,2021-10-21 06:42:37,23300.0,2000.0,872800.0
298,2021-10-21 06:42:37,23300.0,400.0,870800.0
299,2021-10-21 06:42:37,23300.0,100.0,870400.0
300,2021-10-21 06:42:37,23300.0,1000.0,870300.0
301,2021-10-21 06:42:37,23250.0,400.0,869300.0
302,2021-10-21 06:42:32,23250.0,1000.0,868900.0
303,2021-10-21 06:42:27,23250.0,1300.0,867900.0
304,2021-10-21 06:42:27,23250.0,200.0,866600.0
305,2021-10-21 06:42:27,23250.0,100.0,866400.0
306,2021-10-21 06:42:27,23250.0,300.0,866300.0
307,2021-10-21 06:42:27,23250.0,100.0,866000.0
308,2021-10-21 06:42:04,23200.0,100.0,865900.0
309,2021-10-21 06:41:52,23200.0,1000.0,865800.0
310,2021-10-21 06:41:44,23200.0,100.0,864800.0
311,2021-10-21 06:41:44,23200.0,100.0,864700.0
312,2021-10-21 06:41:44,23200.0,1000.0,864600.0
313,2021-10-21 06:41:44,23200.0,100.0,863600.0
314,2021-10-21 06:41:44,23200.0,1000.0,863500.0
315,2021-10-21 06:41:44,23200.0,100.0,862500.0
316,2021-10-21 06:41:44,23200.0,1000.0,862400.0
317,2021-10-21 06:41:44,23200.0,200.0,861400.0
318,2021-10-21 06:41:44,23200.0,2000.0,861200.0
319,2021-10-21 06:41:44,23200.0,2000.0,859200.0
320,2021-10-21 06:41:44,23200.0,100.0,857200.0
321,2021-10-21 06:41:44,23200.0,400.0,857100.0
322,2021-10-21 06:41:44,23200.0,100.0,856700.0
323,2021-10-21 06:41:44,23200.0,100.0,856600.0
324,2021-10-21 06:41:44,23200.0,500.0,856500.0
325,2021-10-21 06:41:44,23200.0,900.0,856000.0
326,2021-10-21 06:41:40,23200.0,1100.0,855100.0
327,2021-10-21 06:41:40,23200.0,200.0,854000.0
328,2021-10-21 06:41:40,23150.0,600.0,853800.0
329,2021-10-21 06:41:40,23150.0,300.0,853200.0
330,2021-10-21 06:41:34,23200.0,300.0,852900.0
331,2021-10-21 06:41:27,23150.0,100.0,852600.0
332,2021-10-21 06:41:24,23200.0,400.0,852500.0
333,2021-10-21 06:41:24,23200.0,500.0,852100.0
334,2021-10-21 06:41:24,23200.0,100.0,851600.0
335,2021-10-21 06:41:24,23200.0,100.0,851500.0
336,2021-10-21 06:41:24,23200.0,200.0,851400.0
337,2021-10-21 06:41:24,23200.0,300.0,851200.0
338,2021-10-21 06:41:24,23200.0,300.0,850900.0
339,2021-10-21 06:41:24,23200.0,100.0,850600.0
340,2021-10-21 06:41:24,23200.0,1000.0,850500.0
341,2021-10-21 06:41:09,23150.0,100.0,849500.0
342,2021-10-21 06:41:09,23150.0,300.0,849400.0
343,2021-10-21 06:41:09,23150.0,1000.0,849100.0
344,2021-10-21 06:41:09,23150.0,1000.0,848100.0
345,2021-10-21 06:41:09,23150.0,200.0,847100.0
346,2021-10-21 06:40:48,23150.0,3800.0,846900.0
347,2021-10-21 06:40:48,23150.0,100.0,843100.0
348,2021-10-21 06:40:48,23150.0,500.0,843000.0
349,2021-10-21 06:40:38,23100.0,1000.0,842500.0
350,2021-10-21 06:40:38,23100.0,1000.0,841500.0
351,2021-10-21 06:40:38,23100.0,100.0,840500.0
352,2021-10-21 06:40:38,23100.0,2000.0,840400.0
353,2021-10-21 06:39:51,23100.0,1200.0,838400.0
354,2021-10-21 06:39:51,23100.0,100.0,837200.0
355,2021-10-21 06:39:23,23100.0,900.0,837100.0
356,2021-10-21 06:39:23,23100.0,100.0,836200.0
357,2021-10-21 06:39:20,23100.0,100.0,836100.0
358,2021-10-21 06:39:15,23100.0,300.0,836000.0
359,2021-10-21 06:39:15,23100.0,300.0,835700.0
360,2021-10-21 06:39:15,23100.0,500.0,835400.0
361,2021-10-21 06:39:15,23100.0,600.0,834900.0
362,2021-10-21 06:39:15,23100.0,300.0,834300.0
363,2021-10-21 06:38:32,23100.0,700.0,834000.0
364,2021-10-21 06:38:32,23100.0,300.0,833300.0
365,2021-10-21 06:38:32,23100.0,100.0,833000.0
366,2021-10-21 06:38:32,23100.0,1000.0,832900.0
367,2021-10-21 06:38:32,23100.0,1000.0,831900.0
368,2021-10-21 06:38:32,23100.0,500.0,830900.0
369,2021-10-21 06:38:32,23100.0,1200.0,830400.0
370,2021-10-21 06:38:32,23100.0,400.0,829200.0
371,2021-10-21 06:38:11,23100.0,300.0,828800.0
372,2021-10-21 06:37:48,23100.0,1300.0,828500.0
373,2021-10-21 06:37:48,23100.0,900.0,827200.0
374,2021-10-21 06:37:48,23100.0,500.0,826300.0
375,2021-10-21 06:37:48,23100.0,100.0,825800.0
376,2021-10-21 06:37:48,23100.0,200.0,825700.0
377,2021-10-21 06:37:48,23100.0,1000.0,825500.0
378,2021-10-21 06:37:48,23100.0,200.0,824500.0
379,2021-10-21 06:37:48,23100.0,200.0,824300.0
380,2021-10-21 06:37:29,23050.0,500.0,824100.0
381,2021-10-21 06:37:29,23050.0,100.0,823600.0
382,2021-10-21 06:37:29,23050.0,1500.0,823500.0
383,2021-10-21 06:37:29,23050.0,2000.0,822000.0
384,2021-10-21 06:37:29,23050.0,2500.0,820000.0
385,2021-10-21 06:36:20,23000.0,200.0,817500.0
386,2021-10-21 06:36:05,23050.0,1000.0,817300.0
387,2021-10-21 06:35:56,23050.0,100.0,816300.0
388,2021-10-21 06:35:56,23050.0,300.0,816200.0
389,2021-10-21 06:35:50,23000.0,300.0,815900.0
390,2021-10-21 06:35:03,23000.0,300.0,815600.0
391,2021-10-21 06:35:03,23000.0,700.0,815300.0
392,2021-10-21 06:34:48,23050.0,700.0,814600.0
393,2021-10-21 06:34:48,23050.0,100.0,813900.0
394,2021-10-21 06:34:48,23050.0,200.0,813800.0
395,2021-10-21 06:34:48,23050.0,500.0,813600.0
396,2021-10-21 06:34:48,23050.0,1200.0,813100.0
397,2021-10-21 06:33:19,23050.0,100.0,811900.0
398,2021-10-21 06:33:12,23050.0,1000.0,811800.0
399,2021-10-21 06:31:48,23050.0,2700.0,810800.0
400,2021-10-21 06:31:48,23050.0,1000.0,808100.0
401,2021-10-21 06:31:47,23000.0,200.0,807100.0
402,2021-10-21 06:31:37,23000.0,200.0,806900.0
403,2021-10-21 06:31:37,23000.0,500.0,806700.0
404,2021-10-21 06:31:37,23000.0,400.0,806200.0
405,2021-10-21 06:31:37,23000.0,500.0,805800.0
406,2021-10-21 06:31:37,23000.0,1700.0,805300.0
407,2021-10-21 06:31:33,23000.0,300.0,803600.0
408,2021-10-21 06:31:33,23000.0,700.0,803300.0
409,2021-10-21 06:30:44,23000.0,100.0,802600.0
410,2021-10-21 06:30:35,22950.0,500.0,802500.0
411,2021-10-21 06:30:24,23000.0,1000.0,802000.0
412,2021-10-21 06:29:58,23000.0,200.0,801000.0
413,2021-10-21 06:29:58,23000.0,100.0,800800.0
414,2021-10-21 06:29:58,23000.0,400.0,800700.0
415,2021-10-21 06:29:58,23000.0,300.0,800300.0
416,2021-10-21 06:29:58,23000.0,500.0,800000.0
417,2021-10-21 06:29:58,23000.0,400.0,799500.0
418,2021-10-21 06:29:43,23000.0,500.0,799100.0
419,2021-10-21 06:29:43,23000.0,200.0,798600.0
420,2021-10-21 06:29:43,23000.0,100.0,798400.0
421,2021-10-21 06:29:43,23000.0,500.0,798300.0
422,2021-10-21 06:29:43,23000.0,200.0,797800.0
423,2021-10-21 06:29:43,23000.0,500.0,797600.0
424,2021-10-21 06:29:43,23000.0,1000.0,797100.0
425,2021-10-21 06:29:43,23000.0,500.0,796100.0
426,2021-10-21 06:29:43,23000.0,200.0,795600.0
427,2021-10-21 06:29:43,23000.0,200.0,795400.0
428,2021-10-21 06:29:43,23000.0,400.0,795200.0
429,2021-10-21 06:29:43,23000.0,1000.0,794800.0
430,2021-10-21 06:29:43,23000.0,2000.0,793800.0
431,2021-10-21 06:29:43,23000.0,5000.0,791800.0
432,2021-10-21 06:29:43,23000.0,1000.0,786800.0
433,2021-10-21 06:29:43,23000.0,300.0,785800.0
434,2021-10-21 06:29:43,23000.0,1000.0,785500.0
435,2021-10-21 06:29:43,23000.0,500.0,784500.0
436,2021-10-21 06:29:43,23000.0,1000.0,784000.0
437,2021-10-21 06:29:43,23000.0,1000.0,783000.0
438,2021-10-21 06:29:43,23000.0,500.0,782000.0
439,2021-10-21 06:29:43,23000.0,500.0,781500.0
440,2021-10-21 06:29:43,23000.0,200.0,781000.0
441,2021-10-21 06:29:43,23000.0,100.0,780800.0
442,2021-10-21 06:29:43,23000.0,200.0,780700.0
443,2021-10-21 06:29:43,23000.0,1000.0,780500.0
444,2021-10-21 06:29:43,23000.0,200.0,779500.0
445,2021-10-21 06:29:43,23000.0,100.0,779300.0
446,2021-10-21 06:29:43,23000.0,500.0,779200.0
447,2021-10-21 06:29:43,23000.0,200.0,778700.0
448,2021-10-21 06:29:43,23000.0,100.0,778500.0
449,2021-10-21 06:29:43,23000.0,300.0,778400.0
450,2021-10-21 06:29:43,23000.0,10000.0,778100.0
451,2021-10-21 06:29:43,23000.0,200.0,768100.0
452,2021-10-21 06:29:43,23000.0,700.0,767900.0
453,2021-10-21 06:28:48,23000.0,1200.0,767200.0
454,2021-10-21 06:27:33,22900.0,2500.0,766000.0
455,2021-10-21 06:27:33,22900.0,200.0,763500.0
456,2021-10-21 06:27:33,22900.0,100.0,763300.0
457,2021-10-21 06:27:33,22900.0,200.0,763200.0
458,2021-10-21 06:27:11,23000.0,500.0,763000.0
459,2021-10-21 06:26:56,23000.0,1500.0,762500.0
460,2021-10-21 06:26:30,23000.0,2000.0,761000.0
461,2021-10-21 06:26:19,23000.0,18300.0,759000.0
462,2021-10-21 06:26:19,23000.0,3000.0,740700.0
463,2021-10-21 06:26:19,23000.0,600.0,737700.0
464,2021-10-21 06:26:19,22950.0,2000.0,737100.0
465,2021-10-21 06:25:49,23000.0,100.0,735100.0
466,2021-10-21 06:25:49,23000.0,4000.0,735000.0
467,2021-10-21 06:25:43,23000.0,1300.0,731000.0
468,2021-10-21 06:25:43,23000.0,100.0,729700.0
469,2021-10-21 06:25:43,23000.0,1000.0,729600.0
470,2021-10-21 06:25:43,23000.0,100.0,728600.0
471,2021-10-21 06:25:43,23000.0,1000.0,728500.0
472,2021-10-21 06:25:43,23000.0,300.0,727500.0
473,2021-10-21 06:25:43,23000.0,100.0,727200.0
474,2021-10-21 06:25:43,23000.0,900.0,727100.0
475,2021-10-21 06:25:43,23000.0,1500.0,726200.0
476,2021-10-21 06:25:20,23000.0,10000.0,724700.0
477,2021-10-21 06:25:09,23000.0,4700.0,714700.0
478,2021-10-21 06:24:53,22950.0,200.0,710000.0
479,2021-10-21 06:24:42,22950.0,100.0,709800.0
480,2021-10-21 06:24:40,23000.0,10000.0,709700.0
481,2021-10-21 06:24:31,23000.0,25000.0,699700.0
482,2021-10-21 06:24:20,23000.0,40000.0,674700.0
483,2021-10-21 06:24:08,23000.0,500.0,634700.0
484,2021-10-21 06:23:56,22950.0,500.0,634200.0
485,2021-10-21 06:23:34,22950.0,1000.0,633700.0
486,2021-10-21 06:23:28,22950.0,1000.0,632700.0
487,2021-10-21 06:23:28,22950.0,5000.0,631700.0
488,2021-10-21 06:23:28,22950.0,100.0,626700.0
489,2021-10-21 06:23:28,22950.0,500.0,626600.0
490,2021-10-21 06:23:28,22950.0,200.0,626100.0
491,2021-10-21 06:23:28,22950.0,600.0,625900.0
492,2021-10-21 06:23:28,22950.0,1000.0,625300.0
493,2021-10-21 06:23:28,22950.0,300.0,624300.0
494,2021-10-21 06:23:28,22950.0,2000.0,624000.0
495,2021-10-21 06:23:28,22950.0,10000.0,622000.0
496,2021-10-21 06:23:28,22950.0,1200.0,612000.0
497,2021-10-21 06:22:48,22900.0,700.0,610800.0
498,2021-10-21 06:22:48,22900.0,1000.0,610100.0
499,2021-10-21 06:22:48,22900.0,500.0,609100.0
500,2021-10-21 06:22:48,22900.0,500.0,608600.0
501,2021-10-21 06:22:48,22900.0,100.0,608100.0
502,2021-10-21 06:22:48,22900.0,300.0,608000.0
503,2021-10-21 06:22:48,22900.0,2300.0,607700.0
504,2021-10-21 06:22:48,22800.0,600.0,605400.0
505,2021-10-21 06:22:48,22800.0,100.0,604800.0
506,2021-10-21 06:22:48,22800.0,100.0,604700.0
507,2021-10-21 06:22:48,22800.0,200.0,604600.0
508,2021-10-21 06:21:43,22900.0,100.0,604400.0
509,2021-10-21 06:21:35,22900.0,1000.0,604300.0
510,2021-10-21 06:20:51,22900.0,3000.0,603300.0
511,2021-10-21 06:20:17,22900.0,100.0,600300.0
512,2021-10-21 06:19:48,22900.0,3400.0,600200.0
513,2021-10-21 06:18:41,22800.0,100.0,596800.0
514,2021-10-21 06:18:34,22800.0,200.0,596700.0
515,2021-10-21 06:18:34,22800.0,200.0,596500.0
516,2021-10-21 06:18:34,22800.0,200.0,596300.0
517,2021-10-21 06:18:34,22800.0,100.0,596100.0
518,2021-10-21 06:18:34,22800.0,100.0,596000.0
519,2021-10-21 06:18:34,22800.0,2600.0,595900.0
520,2021-10-21 06:17:59,22800.0,1000.0,593300.0
521,2021-10-21 06:15:58,22800.0,5400.0,592300.0
522,2021-10-21 06:15:58,22800.0,100.0,586900.0
523,2021-10-21 06:15:58,22800.0,500.0,586800.0
524,2021-10-21 06:15:58,22800.0,500.0,586300.0
525,2021-10-21 06:15:58,22800.0,1000.0,585800.0
526,2021-10-21 06:15:58,22800.0,2000.0,584800.0
527,2021-10-21 06:15:58,22800.0,500.0,582800.0
528,2021-10-21 06:15:58,22800.0,1000.0,582300.0
529,2021-10-21 06:15:58,22800.0,200.0,581300.0
530,2021-10-21 06:15:58,22800.0,500.0,581100.0
531,2021-10-21 06:15:58,22800.0,1000.0,580600.0
532,2021-10-21 06:15:58,22800.0,200.0,579600.0
533,2021-10-21 06:15:58,22800.0,1000.0,579400.0
534,2021-10-21 06:15:58,22800.0,1000.0,578400.0
535,2021-10-21 06:15:58,22800.0,100.0,577400.0
536,2021-10-21 06:15:58,22800.0,100.0,577300.0
537,2021-10-21 06:15:58,22800.0,100.0,577200.0
538,2021-10-21 06:15:58,22800.0,2000.0,577100.0
539,2021-10-21 06:15:58,22800.0,2000.0,575100.0
540,2021-10-21 06:15:58,22800.0,100.0,573100.0
541,2021-10-21 06:15:58,22800.0,100.0,573000.0
542,2021-10-21 06:15:58,22800.0,10000.0,572900.0
543,2021-10-21 06:15:58,22800.0,1000.0,562900.0
544,2021-10-21 06:15:58,22800.0,200.0,561900.0
545,2021-10-21 06:15:58,22850.0,1000.0,561700.0
546,2021-10-21 06:15:58,22850.0,100.0,560700.0
547,2021-10-21 06:15:58,22850.0,100.0,560600.0
548,2021-10-21 06:15:58,22850.0,100.0,560500.0
549,2021-10-21 06:15:58,22850.0,4200.0,560400.0
550,2021-10-21 06:15:58,22850.0,3000.0,556200.0
551,2021-10-21 06:15:58,22850.0,100.0,553200.0
552,2021-10-21 06:15:58,22850.0,500.0,553100.0
553,2021-10-21 06:15:58,22850.0,300.0,552600.0
554,2021-10-21 06:14:18,22850.0,300.0,552300.0
555,2021-10-21 06:14:18,22850.0,1000.0,552000.0
556,2021-10-21 06:13:54,22850.0,300.0,551000.0
557,2021-10-21 06:13:22,22900.0,3100.0,550700.0
558,2021-10-21 06:12:46,22900.0,100.0,547600.0
559,2021-10-21 06:12:24,22850.0,1000.0,547500.0
560,2021-10-21 06:10:23,22850.0,100.0,546500.0
561,2021-10-21 06:10:21,22900.0,3600.0,546400.0
562,2021-10-21 06:10:21,22850.0,2000.0,542800.0
563,2021-10-21 06:09:05,22850.0,1000.0,540800.0
564,2021-10-21 06:07:31,22850.0,4600.0,539800.0
565,2021-10-21 06:07:31,22850.0,100.0,535200.0
566,2021-10-21 06:07:31,22850.0,300.0,535100.0
567,2021-10-21 06:07:21,22900.0,4500.0,534800.0
568,2021-10-21 06:04:21,22900.0,6700.0,530300.0
569,2021-10-21 06:04:18,22900.0,200.0,523600.0
570,2021-10-21 06:02:06,22900.0,200.0,523400.0
571,2021-10-21 06:00:39,22900.0,100.0,523200.0
572,2021-10-21 06:00:11,22900.0,1500.0,523100.0
573,2021-10-21 06:00:04,22900.0,100.0,521600.0
574,2021-10-21 06:00:03,22950.0,800.0,521500.0
575,2021-10-21 06:00:03,22950.0,1900.0,520700.0
576,2021-10-21 06:00:03,22950.0,1000.0,518800.0
577,2021-10-21 06:00:03,22900.0,300.0,517800.0
578,2021-10-21 06:00:02,22900.0,100.0,517500.0
579,2021-10-21 06:00:01,22900.0,600.0,517400.0
580,2021-10-21 04:28:26,22950.0,1300.0,516800.0
581,2021-10-21 04:28:26,22950.0,100.0,515500.0
582,2021-10-21 04:27:12,22900.0,700.0,515400.0
583,2021-10-21 04:26:30,22900.0,200.0,514700.0
584,2021-10-21 04:26:29,22900.0,100.0,514500.0
585,2021-10-21 04:25:39,22900.0,500.0,514400.0
586,2021-10-21 04:25:39,22900.0,500.0,513900.0
587,2021-10-21 04:25:39,22900.0,100.0,513400.0
588,2021-10-21 04:25:26,22950.0,900.0,513300.0
589,2021-10-21 04:25:26,22950.0,300.0,512400.0
590,2021-10-21 04:25:26,22950.0,100.0,512100.0
591,2021-10-21 04:25:26,22950.0,500.0,512000.0
592,2021-10-21 04:25:26,22950.0,100.0,511500.0
593,2021-10-21 04:25:26,22950.0,300.0,511400.0
594,2021-10-21 04:25:26,22950.0,500.0,511100.0
595,2021-10-21 04:25:26,22950.0,300.0,510600.0
596,2021-10-21 04:25:26,22950.0,900.0,510300.0
597,2021-10-21 04:25:21,22900.0,100.0,509400.0
598,2021-10-21 04:22:46,22900.0,100.0,509300.0
599,2021-10-21 04:22:26,22950.0,100.0,509200.0
600,2021-10-21 04:22:26,22950.0,1000.0,509100.0
601,2021-10-21 04:22:26,22950.0,1000.0,508100.0
602,2021-10-21 04:22:26,22950.0,200.0,507100.0
603,2021-10-21 04:22:26,22950.0,1000.0,506900.0
604,2021-10-21 04:22:26,22950.0,500.0,505900.0
605,2021-10-21 04:22:26,22950.0,200.0,505400.0
606,2021-10-21 04:19:26,22950.0,800.0,505200.0
607,2021-10-21 04:19:26,22950.0,1000.0,504400.0
608,2021-10-21 04:19:26,22950.0,100.0,503400.0
609,2021-10-21 04:19:26,22950.0,200.0,503300.0
610,2021-10-21 04:19:26,22950.0,700.0,503100.0
611,2021-10-21 04:19:09,22900.0,1000.0,502400.0
612,2021-10-21 04:16:26,22950.0,1300.0,501400.0
613,2021-10-21 04:16:26,22950.0,1000.0,500100.0
614,2021-10-21 04:16:26,22950.0,200.0,499100.0
615,2021-10-21 04:16:26,22950.0,400.0,498900.0
616,2021-10-21 04:15:57,22900.0,400.0,498500.0
617,2021-10-21 04:15:07,22900.0,500.0,498100.0
618,2021-10-21 04:15:07,22900.0,1000.0,497600.0
619,2021-10-21 04:15:07,22900.0,900.0,496600.0
620,2021-10-21 04:15:07,22900.0,2000.0,495700.0
621,2021-10-21 04:15:07,22900.0,200.0,493700.0
622,2021-10-21 04:15:07,22900.0,300.0,493500.0
623,2021-10-21 04:15:07,22900.0,300.0,493200.0
624,2021-10-21 04:15:07,22900.0,100.0,492900.0
625,2021-10-21 04:15:07,22900.0,1000.0,492800.0
626,2021-10-21 04:15:07,22900.0,100.0,491800.0
627,2021-10-21 04:15:07,22900.0,400.0,491700.0
628,2021-10-21 04:15:07,22900.0,100.0,491300.0
629,2021-10-21 04:15:07,22900.0,1000.0,491200.0
630,2021-10-21 04:15:07,22900.0,1500.0,490200.0
631,2021-10-21 04:15:07,22900.0,1400.0,488700.0
632,2021-10-21 04:15:07,22900.0,500.0,487300.0
633,2021-10-21 04:15:07,22900.0,6700.0,486800.0
634,2021-10-21 04:15:07,22900.0,100.0,480100.0
635,2021-10-21 04:15:07,22900.0,100.0,480000.0
636,2021-10-21 04:13:27,22850.0,500.0,479900.0
637,2021-10-21 04:13:27,22850.0,100.0,479400.0
638,2021-10-21 04:13:27,22850.0,500.0,479300.0
639,2021-10-21 04:13:15,22800.0,300.0,478800.0
640,2021-10-21 04:13:15,22800.0,700.0,478500.0
641,2021-10-21 04:13:15,22800.0,2000.0,477800.0
642,2021-10-21 04:11:36,22850.0,900.0,475800.0
643,2021-10-21 04:10:04,22850.0,9000.0,474900.0
644,2021-10-21 04:09:53,22850.0,800.0,465900.0
645,2021-10-21 04:09:53,22850.0,500.0,465100.0
646,2021-10-21 04:06:48,22850.0,300.0,464600.0
647,2021-10-21 04:06:46,22850.0,1500.0,464300.0
648,2021-10-21 04:06:46,22850.0,500.0,462800.0
649,2021-10-21 04:06:40,22850.0,200.0,462300.0
650,2021-10-21 04:06:37,22850.0,500.0,462100.0
651,2021-10-21 04:06:13,22850.0,800.0,461600.0
652,2021-10-21 04:06:13,22850.0,100.0,460800.0
653,2021-10-21 04:06:13,22850.0,100.0,460700.0
654,2021-10-21 04:05:00,22850.0,1000.0,460600.0
655,2021-10-21 04:04:58,22850.0,1000.0,459600.0
656,2021-10-21 04:04:25,22900.0,300.0,458600.0
657,2021-10-21 04:04:21,22850.0,500.0,458300.0
658,2021-10-21 04:02:54,22850.0,100.0,457800.0
659,2021-10-21 04:02:35,22850.0,400.0,457700.0
660,2021-10-21 04:02:35,22850.0,200.0,457300.0
661,2021-10-21 04:01:51,22850.0,3200.0,457100.0
662,2021-10-21 04:01:51,22850.0,200.0,453900.0
663,2021-10-21 04:01:51,22850.0,1000.0,453700.0
664,2021-10-21 04:01:51,22850.0,5000.0,452700.0
665,2021-10-21 04:01:51,22850.0,200.0,447700.0
666,2021-10-21 04:01:51,22850.0,300.0,447500.0
667,2021-10-21 04:01:51,22850.0,100.0,447200.0
668,2021-10-21 04:00:00,22850.0,100.0,447100.0
669,2021-10-21 04:00:00,22850.0,100.0,447000.0
670,2021-10-21 03:59:45,22900.0,200.0,446900.0
671,2021-10-21 03:59:43,22900.0,2800.0,446700.0
672,2021-10-21 03:59:12,22850.0,300.0,443900.0
673,2021-10-21 03:59:12,22850.0,200.0,443600.0
674,2021-10-21 03:58:58,22900.0,600.0,443400.0
675,2021-10-21 03:56:43,22900.0,2700.0,442800.0
676,2021-10-21 03:56:04,22850.0,300.0,440100.0
677,2021-10-21 03:56:04,22850.0,700.0,439800.0
678,2021-10-21 03:55:22,22900.0,1500.0,439100.0
679,2021-10-21 03:55:07,22900.0,100.0,437600.0
680,2021-10-21 03:53:54,22900.0,100.0,437500.0
681,2021-10-21 03:53:43,22900.0,3500.0,437400.0
682,2021-10-21 03:50:42,22900.0,2400.0,433900.0
683,2021-10-21 03:49:47,22850.0,200.0,431500.0
684,2021-10-21 03:49:47,22850.0,500.0,431300.0
685,2021-10-21 03:49:47,22850.0,300.0,430800.0
686,2021-10-21 03:49:47,22850.0,200.0,430500.0
687,2021-10-21 03:49:47,22850.0,400.0,430300.0
688,2021-10-21 03:49:47,22850.0,400.0,429900.0
689,2021-10-21 03:48:37,22850.0,500.0,429500.0
690,2021-10-21 03:48:06,22850.0,100.0,429000.0
691,2021-10-21 03:48:06,22850.0,500.0,428900.0
692,2021-10-21 03:46:48,22900.0,300.0,428400.0
693,2021-10-21 03:46:48,22900.0,2000.0,428100.0
694,2021-10-21 03:46:48,22900.0,2800.0,426100.0
695,2021-10-21 03:46:48,22900.0,100.0,423300.0
696,2021-10-21 03:46:48,22900.0,500.0,423200.0
697,2021-10-21 03:46:48,22900.0,100.0,422700.0
698,2021-10-21 03:46:48,22900.0,500.0,422600.0
699,2021-10-21 03:46:30,22900.0,100.0,422100.0
700,2021-10-21 03:45:40,22900.0,400.0,422000.0
701,2021-10-21 03:45:40,22900.0,300.0,421600.0
702,2021-10-21 03:45:13,22900.0,200.0,421300.0
703,2021-10-21 03:44:44,22950.0,100.0,421100.0
704,2021-10-21 03:44:44,22950.0,1000.0,421000.0
705,2021-10-21 03:44:44,22950.0,200.0,420000.0
706,2021-10-21 03:44:44,22950.0,100.0,419800.0
707,2021-10-21 03:44:44,22950.0,200.0,419700.0
708,2021-10-21 03:44:44,22950.0,600.0,419500.0
709,2021-10-21 03:44:21,22950.0,2500.0,418900.0
710,2021-10-21 03:41:22,22950.0,1900.0,416400.0
711,2021-10-21 03:41:22,22950.0,1000.0,414500.0
712,2021-10-21 03:41:22,22950.0,300.0,413500.0
713,2021-10-21 03:41:22,22950.0,300.0,413200.0
714,2021-10-21 03:41:20,22950.0,1000.0,412900.0
715,2021-10-21 03:39:07,22950.0,500.0,411900.0
716,2021-10-21 03:38:22,22950.0,1700.0,411400.0
717,2021-10-21 03:38:22,22950.0,3600.0,409700.0
718,2021-10-21 03:37:39,22900.0,300.0,406100.0
719,2021-10-21 03:36:48,22900.0,500.0,405800.0
720,2021-10-21 03:36:34,22900.0,200.0,405300.0
721,2021-10-21 03:36:16,22900.0,300.0,405100.0
722,2021-10-21 03:35:46,22900.0,100.0,404800.0
723,2021-10-21 03:35:22,22900.0,200.0,404700.0
724,2021-10-21 03:35:22,22900.0,200.0,404500.0
725,2021-10-21 03:35:22,22900.0,200.0,404300.0
726,2021-10-21 03:35:22,22900.0,300.0,404100.0
727,2021-10-21 03:35:22,22900.0,800.0,403800.0
728,2021-10-21 03:35:11,22900.0,500.0,403000.0
729,2021-10-21 03:34:52,22900.0,300.0,402500.0
730,2021-10-21 03:33:53,22900.0,100.0,402200.0
731,2021-10-21 03:32:22,22900.0,3300.0,402100.0
732,2021-10-21 03:32:22,22900.0,200.0,398800.0
733,2021-10-21 03:31:56,22900.0,100.0,398600.0
734,2021-10-21 03:31:43,22900.0,200.0,398500.0
735,2021-10-21 03:30:14,22900.0,100.0,398300.0
736,2021-10-21 03:30:11,22900.0,500.0,398200.0
737,2021-10-21 03:30:10,22900.0,200.0,397700.0
738,2021-10-21 03:29:22,22900.0,2300.0,397500.0
739,2021-10-21 03:29:09,22900.0,500.0,395200.0
740,2021-10-21 03:28:41,22900.0,100.0,394700.0
741,2021-10-21 03:28:28,22900.0,1100.0,394600.0
742,2021-10-21 03:28:02,22900.0,1000.0,393500.0
743,2021-10-21 03:27:11,22900.0,100.0,392500.0
744,2021-10-21 03:27:03,22900.0,100.0,392400.0
745,2021-10-21 03:26:37,22900.0,100.0,392300.0
746,2021-10-21 03:25:40,22900.0,100.0,392200.0
747,2021-10-21 03:25:20,22900.0,400.0,392100.0
748,2021-10-21 03:25:20,22900.0,1700.0,391700.0
749,2021-10-21 03:25:20,22900.0,500.0,390000.0
750,2021-10-21 03:25:20,22900.0,2500.0,389500.0
751,2021-10-21 03:25:20,22900.0,1800.0,387000.0
752,2021-10-21 03:24:34,22900.0,700.0,385200.0
753,2021-10-21 03:24:34,22900.0,100.0,384500.0
754,2021-10-21 03:24:34,22900.0,1200.0,384400.0
755,2021-10-21 03:24:02,22900.0,100.0,383200.0
756,2021-10-21 03:23:37,22950.0,300.0,383100.0
757,2021-10-21 03:22:56,22950.0,2900.0,382800.0
758,2021-10-21 03:22:43,22900.0,500.0,379900.0
759,2021-10-21 03:20:13,22900.0,400.0,379400.0
760,2021-10-21 03:20:13,22900.0,600.0,379000.0
761,2021-10-21 03:19:56,22950.0,3000.0,378400.0
762,2021-10-21 03:19:53,22950.0,200.0,375400.0
763,2021-10-21 03:18:30,22950.0,100.0,375200.0
764,2021-10-21 03:18:28,22950.0,100.0,375100.0
765,2021-10-21 03:18:27,22950.0,100.0,375000.0
766,2021-10-21 03:18:27,22950.0,100.0,374900.0
767,2021-10-21 03:18:26,22950.0,100.0,374800.0
768,2021-10-21 03:16:56,22950.0,1000.0,374700.0
769,2021-10-21 03:16:56,22950.0,2000.0,373700.0
770,2021-10-21 03:16:56,22950.0,3600.0,371700.0
771,2021-10-21 03:16:56,22950.0,100.0,368100.0
772,2021-10-21 03:16:56,22950.0,200.0,368000.0
773,2021-10-21 03:16:56,22950.0,200.0,367800.0
774,2021-10-21 03:16:56,22950.0,400.0,367600.0
775,2021-10-21 03:16:56,22950.0,300.0,367200.0
776,2021-10-21 03:16:52,22900.0,400.0,366900.0
777,2021-10-21 03:16:52,22900.0,100.0,366500.0
778,2021-10-21 03:16:29,22900.0,1100.0,366400.0
779,2021-10-21 03:16:24,22900.0,6000.0,365300.0
780,2021-10-21 03:16:24,22900.0,100.0,359300.0
781,2021-10-21 03:16:24,22900.0,200.0,359200.0
782,2021-10-21 03:16:24,22900.0,3000.0,359000.0
783,2021-10-21 03:16:24,22900.0,700.0,356000.0
784,2021-10-21 03:16:24,22900.0,200.0,355300.0
785,2021-10-21 03:16:24,22900.0,100.0,355100.0
786,2021-10-21 03:16:24,22900.0,400.0,355000.0
787,2021-10-21 03:16:24,22900.0,600.0,354600.0
788,2021-10-21 03:16:24,22900.0,1100.0,354000.0
789,2021-10-21 03:16:24,22900.0,5000.0,352900.0
790,2021-10-21 03:16:24,22900.0,100.0,347900.0
791,2021-10-21 03:16:24,22900.0,500.0,347800.0
792,2021-10-21 03:16:24,22900.0,800.0,347300.0
793,2021-10-21 03:15:59,22850.0,100.0,346500.0
794,2021-10-21 03:15:20,22900.0,100.0,346400.0
795,2021-10-21 03:14:51,22900.0,2000.0,346300.0
796,2021-10-21 03:14:19,22900.0,100.0,344300.0
797,2021-10-21 03:14:13,22900.0,100.0,344200.0
798,2021-10-21 03:14:03,22900.0,100.0,344100.0
799,2021-10-21 03:13:56,22900.0,3700.0,344000.0
800,2021-10-21 03:13:54,22850.0,400.0,340300.0
801,2021-10-21 03:13:54,22850.0,600.0,339900.0
802,2021-10-21 03:13:54,22850.0,100.0,339300.0
803,2021-10-21 03:13:47,22900.0,700.0,339200.0
804,2021-10-21 03:12:47,22900.0,100.0,338500.0
805,2021-10-21 03:12:44,22900.0,100.0,338400.0
806,2021-10-21 03:12:41,22900.0,100.0,338300.0
807,2021-10-21 03:12:40,22900.0,100.0,338200.0
808,2021-10-21 03:12:38,22900.0,100.0,338100.0
809,2021-10-21 03:12:34,22900.0,100.0,338000.0
810,2021-10-21 03:11:41,22850.0,100.0,337900.0
811,2021-10-21 03:11:41,22850.0,100.0,337800.0
812,2021-10-21 03:10:08,22900.0,100.0,337700.0
813,2021-10-21 03:10:07,22900.0,100.0,337600.0
814,2021-10-21 03:08:27,22900.0,100.0,337500.0
815,2021-10-21 03:08:22,22900.0,100.0,337400.0
816,2021-10-21 03:08:10,22900.0,100.0,337300.0
817,2021-10-21 03:07:54,22900.0,3300.0,337200.0
818,2021-10-21 03:07:31,22900.0,2800.0,333900.0
819,2021-10-21 03:07:31,22900.0,100.0,331100.0
820,2021-10-21 03:07:31,22900.0,2100.0,331000.0
821,2021-10-21 03:06:59,22900.0,1000.0,328900.0
822,2021-10-21 03:03:57,22950.0,200.0,327900.0
823,2021-10-21 03:03:46,22950.0,500.0,327700.0
824,2021-10-21 03:03:09,22950.0,200.0,327200.0
825,2021-10-21 03:03:09,22950.0,300.0,327000.0
826,2021-10-21 03:03:08,22950.0,100.0,326700.0
827,2021-10-21 03:03:08,22950.0,400.0,326600.0
828,2021-10-21 03:03:08,22950.0,500.0,326200.0
829,2021-10-21 03:02:59,22950.0,500.0,325700.0
830,2021-10-21 03:02:41,22900.0,800.0,325200.0
831,2021-10-21 03:02:41,22900.0,1000.0,324400.0
832,2021-10-21 03:02:41,22900.0,500.0,323400.0
833,2021-10-21 03:02:41,22900.0,1000.0,322900.0
834,2021-10-21 03:02:41,22900.0,500.0,321900.0
835,2021-10-21 03:02:41,22900.0,1000.0,321400.0
836,2021-10-21 03:01:11,22950.0,300.0,320400.0
837,2021-10-21 03:01:03,22950.0,100.0,320100.0
838,2021-10-21 03:01:02,22950.0,300.0,320000.0
839,2021-10-21 03:00:44,22950.0,500.0,319700.0
840,2021-10-21 02:59:45,22950.0,100.0,319200.0
841,2021-10-21 02:58:26,22950.0,800.0,319100.0
842,2021-10-21 02:58:26,22950.0,100.0,318300.0
843,2021-10-21 02:58:26,22950.0,100.0,318200.0
844,2021-10-21 02:57:58,22950.0,100.0,318100.0
845,2021-10-21 02:57:58,22950.0,200.0,318000.0
846,2021-10-21 02:57:58,22950.0,200.0,317800.0
847,2021-10-21 02:57:48,22950.0,100.0,317600.0
848,2021-10-21 02:57:47,22950.0,500.0,317500.0
849,2021-10-21 02:57:02,22950.0,100.0,317000.0
850,2021-10-21 02:56:58,22900.0,300.0,316900.0
851,2021-10-21 02:56:51,22950.0,400.0,316600.0
852,2021-10-21 02:56:51,22950.0,1000.0,316200.0
853,2021-10-21 02:56:51,22950.0,600.0,315200.0
854,2021-10-21 02:56:32,22950.0,300.0,314600.0
855,2021-10-21 02:56:31,22950.0,700.0,314300.0
856,2021-10-21 02:56:28,22950.0,1000.0,313600.0
857,2021-10-21 02:56:25,22950.0,700.0,312600.0
858,2021-10-21 02:56:17,22950.0,1000.0,311900.0
859,2021-10-21 02:54:57,22950.0,100.0,310900.0
860,2021-10-21 02:54:12,22900.0,100.0,310800.0
861,2021-10-21 02:54:09,22950.0,400.0,310700.0
862,2021-10-21 02:53:45,22950.0,200.0,310300.0
863,2021-10-21 02:53:32,22900.0,100.0,310100.0
864,2021-10-21 02:53:31,22900.0,800.0,310000.0
865,2021-10-21 02:53:31,22900.0,400.0,309200.0
866,2021-10-21 02:53:31,22900.0,200.0,308800.0
867,2021-10-21 02:53:31,22900.0,200.0,308600.0
868,2021-10-21 02:53:31,22900.0,100.0,308400.0
869,2021-10-21 02:53:31,22900.0,2000.0,308300.0
870,2021-10-21 02:53:31,22900.0,1000.0,306300.0
871,2021-10-21 02:53:31,22900.0,500.0,305300.0
872,2021-10-21 02:53:31,22900.0,16500.0,304800.0
873,2021-10-21 02:53:12,22900.0,31000.0,288300.0
874,2021-10-21 02:52:40,22800.0,500.0,257300.0
875,2021-10-21 02:52:29,22850.0,200.0,256800.0
876,2021-10-21 02:52:11,22850.0,700.0,256600.0
877,2021-10-21 02:52:11,22850.0,100.0,255900.0
878,2021-10-21 02:52:04,22850.0,2000.0,255800.0
879,2021-10-21 02:51:56,22850.0,200.0,253800.0
880,2021-10-21 02:51:45,22850.0,1000.0,253600.0
881,2021-10-21 02:51:35,22850.0,700.0,252600.0
882,2021-10-21 02:51:31,22850.0,2000.0,251900.0
883,2021-10-21 02:51:09,22900.0,2000.0,249900.0
884,2021-10-21 02:51:02,22900.0,1800.0,247900.0
885,2021-10-21 02:50:51,22900.0,18000.0,246100.0
886,2021-10-21 02:50:41,22850.0,1000.0,228100.0
887,2021-10-21 02:50:22,22850.0,600.0,227100.0
888,2021-10-21 02:50:22,22850.0,100.0,226500.0
889,2021-10-21 02:50:22,22850.0,9900.0,226400.0
890,2021-10-21 02:49:42,22800.0,200.0,216500.0
891,2021-10-21 02:48:46,22800.0,300.0,216300.0
892,2021-10-21 02:48:39,22800.0,200.0,216000.0
893,2021-10-21 02:48:39,22800.0,200.0,215800.0
894,2021-10-21 02:48:39,22800.0,100.0,215600.0
895,2021-10-21 02:48:34,22800.0,500.0,215500.0
896,2021-10-21 02:48:34,22800.0,1000.0,215000.0
897,2021-10-21 02:48:34,22800.0,100.0,214000.0
898,2021-10-21 02:48:34,22800.0,500.0,213900.0
899,2021-10-21 02:48:34,22800.0,1000.0,213400.0
900,2021-10-21 02:48:34,22800.0,500.0,212400.0
901,2021-10-21 02:48:34,22800.0,7800.0,211900.0
902,2021-10-21 02:48:34,22800.0,400.0,204100.0
903,2021-10-21 02:48:34,22800.0,2000.0,203700.0
904,2021-10-21 02:48:34,22800.0,5000.0,201700.0
905,2021-10-21 02:48:34,22800.0,100.0,196700.0
906,2021-10-21 02:48:34,22800.0,1000.0,196600.0
907,2021-10-21 02:48:34,22800.0,3500.0,195600.0
908,2021-10-21 02:48:34,22800.0,700.0,192100.0
909,2021-10-21 02:48:34,22800.0,5000.0,191400.0
910,2021-10-21 02:48:34,22800.0,1900.0,186400.0
911,2021-10-21 02:47:25,22800.0,300.0,184500.0
912,2021-10-21 02:46:41,22800.0,100.0,184200.0
913,2021-10-21 02:46:27,22750.0,100.0,184100.0
914,2021-10-21 02:46:23,22750.0,1000.0,184000.0
915,2021-10-21 02:46:19,22800.0,700.0,183000.0
916,2021-10-21 02:46:10,22750.0,100.0,182300.0
917,2021-10-21 02:46:02,22750.0,100.0,182200.0
918,2021-10-21 02:44:45,22750.0,1000.0,182100.0
919,2021-10-21 02:44:17,22750.0,400.0,181100.0
920,2021-10-21 02:43:56,22750.0,300.0,180700.0
921,2021-10-21 02:43:55,22750.0,100.0,180400.0
922,2021-10-21 02:43:33,22750.0,900.0,180300.0
923,2021-10-21 02:43:33,22750.0,100.0,179400.0
924,2021-10-21 02:43:01,22750.0,100.0,179300.0
925,2021-10-21 02:40:12,22700.0,300.0,179200.0
926,2021-10-21 02:38:17,22700.0,1000.0,178900.0
927,2021-10-21 02:38:11,22700.0,300.0,177900.0
928,2021-10-21 02:37:26,22700.0,1000.0,177600.0
929,2021-10-21 02:37:26,22700.0,500.0,176600.0
930,2021-10-21 02:37:19,22750.0,1000.0,176100.0
931,2021-10-21 02:37:03,22750.0,500.0,175100.0
932,2021-10-21 02:37:03,22750.0,1000.0,174600.0
933,2021-10-21 02:37:03,22750.0,500.0,173600.0
934,2021-10-21 02:37:03,22750.0,2000.0,173100.0
935,2021-10-21 02:37:03,22750.0,1100.0,171100.0
936,2021-10-21 02:37:00,22750.0,200.0,170000.0
937,2021-10-21 02:36:44,22750.0,1700.0,169800.0
938,2021-10-21 02:36:44,22750.0,2000.0,168100.0
939,2021-10-21 02:36:44,22750.0,1300.0,166100.0
940,2021-10-21 02:35:52,22800.0,300.0,164800.0
941,2021-10-21 02:35:27,22800.0,1000.0,164500.0
942,2021-10-21 02:35:20,22800.0,1000.0,163500.0
943,2021-10-21 02:35:11,22750.0,2000.0,162500.0
944,2021-10-21 02:35:00,22750.0,1300.0,160500.0
945,2021-10-21 02:34:01,22800.0,2700.0,159200.0
946,2021-10-21 02:34:01,22800.0,300.0,156500.0
947,2021-10-21 02:33:37,22750.0,100.0,156200.0
948,2021-10-21 02:33:18,22750.0,300.0,156100.0
949,2021-10-21 02:33:18,22750.0,100.0,155800.0
950,2021-10-21 02:33:17,22800.0,300.0,155700.0
951,2021-10-21 02:33:09,22750.0,400.0,155400.0
952,2021-10-21 02:32:55,22750.0,200.0,155000.0
953,2021-10-21 02:32:55,22750.0,100.0,154800.0
954,2021-10-21 02:32:55,22750.0,200.0,154700.0
955,2021-10-21 02:32:53,22750.0,300.0,154500.0
956,2021-10-21 02:32:31,22750.0,200.0,154200.0
957,2021-10-21 02:32:31,22750.0,2100.0,154000.0
958,2021-10-21 02:32:19,22750.0,500.0,151900.0
959,2021-10-21 02:31:24,22750.0,1000.0,151400.0
960,2021-10-21 02:31:24,22750.0,1400.0,150400.0
961,2021-10-21 02:31:08,22750.0,400.0,149000.0
962,2021-10-21 02:31:08,22750.0,2000.0,148600.0
963,2021-10-21 02:29:53,22800.0,200.0,146600.0
964,2021-10-21 02:29:53,22800.0,200.0,146400.0
965,2021-10-21 02:29:53,22800.0,100.0,146200.0
966,2021-10-21 02:28:49,22800.0,900.0,146100.0
967,2021-10-21 02:28:09,22750.0,1800.0,145200.0
968,2021-10-21 02:28:09,22750.0,500.0,143400.0
969,2021-10-21 02:28:09,22800.0,700.0,142900.0
970,2021-10-21 02:28:01,22800.0,300.0,142200.0
971,2021-10-21 02:28:01,22800.0,400.0,141900.0
972,2021-10-21 02:27:14,22800.0,600.0,141500.0
973,2021-10-21 02:27:14,22800.0,100.0,140900.0
974,2021-10-21 02:27:14,22800.0,1100.0,140800.0
975,2021-10-21 02:25:55,22800.0,1900.0,139700.0
976,2021-10-21 02:25:55,22800.0,100.0,137800.0
977,2021-10-21 02:25:55,22800.0,200.0,137700.0
978,2021-10-21 02:25:55,22800.0,200.0,137500.0
979,2021-10-21 02:25:55,22800.0,200.0,137300.0
980,2021-10-21 02:25:55,22800.0,100.0,137100.0
981,2021-10-21 02:25:55,22800.0,300.0,137000.0
982,2021-10-21 02:25:18,22800.0,1900.0,136700.0
983,2021-10-21 02:25:18,22800.0,200.0,134800.0
984,2021-10-21 02:25:18,22800.0,100.0,134600.0
985,2021-10-21 02:25:18,22800.0,100.0,134500.0
986,2021-10-21 02:25:18,22800.0,2700.0,134400.0
987,2021-10-21 02:25:03,22800.0,300.0,131700.0
988,2021-10-21 02:24:55,22800.0,2000.0,131400.0
989,2021-10-21 02:24:28,22850.0,100.0,129400.0
990,2021-10-21 02:24:18,22850.0,400.0,129300.0
991,2021-10-21 02:24:18,22850.0,100.0,128900.0
992,2021-10-21 02:24:15,22850.0,200.0,128800.0
993,2021-10-21 02:24:10,22850.0,500.0,128600.0
994,2021-10-21 02:23:36,22850.0,100.0,128100.0
995,2021-10-21 02:23:36,22850.0,100.0,128000.0
996,2021-10-21 02:23:36,22850.0,100.0,127900.0
997,2021-10-21 02:23:36,22850.0,100.0,127800.0
998,2021-10-21 02:23:36,22850.0,100.0,127700.0
999,2021-10-21 02:23:18,22900.0,700.0,127600.0
1000,2021-10-21 02:23:18,22900.0,500.0,126900.0
1001,2021-10-21 02:23:18,22900.0,2000.0,126400.0
1002,2021-10-21 02:22:59,22900.0,100.0,124400.0
1003,2021-10-21 02:22:59,22900.0,100.0,124300.0
1004,2021-10-21 02:22:59,22900.0,100.0,124200.0
1005,2021-10-21 02:22:27,22900.0,300.0,124100.0
1006,2021-10-21 02:22:27,22900.0,1700.0,123800.0
1007,2021-10-21 02:22:22,22900.0,8300.0,122100.0
1008,2021-10-21 02:22:22,22900.0,100.0,113800.0
1009,2021-10-21 02:22:22,22900.0,1600.0,113700.0
1010,2021-10-21 02:21:51,22900.0,1400.0,112100.0
1011,2021-10-21 02:21:51,22900.0,1000.0,110700.0
1012,2021-10-21 02:21:51,22900.0,100.0,109700.0
1013,2021-10-21 02:21:51,22900.0,900.0,109600.0
1014,2021-10-21 02:21:49,22950.0,400.0,108700.0
1015,2021-10-21 02:21:30,22900.0,1500.0,108300.0
1016,2021-10-21 02:21:29,22950.0,400.0,106800.0
1017,2021-10-21 02:21:11,22950.0,100.0,106400.0
1018,2021-10-21 02:20:58,22950.0,1000.0,106300.0
1019,2021-10-21 02:20:48,22900.0,100.0,105300.0
1020,2021-10-21 02:20:41,22900.0,7000.0,105200.0
1021,2021-10-21 02:20:40,22900.0,900.0,98200.0
1022,2021-10-21 02:19:58,22900.0,3500.0,97300.0
1023,2021-10-21 02:19:57,22900.0,200.0,93800.0
1024,2021-10-21 02:19:52,22900.0,500.0,93600.0
1025,2021-10-21 02:19:16,22900.0,10000.0,93100.0
1026,2021-10-21 02:19:04,22950.0,100.0,83100.0
1027,2021-10-21 02:18:52,22950.0,1000.0,83000.0
1028,2021-10-21 02:18:50,22950.0,1000.0,82000.0
1029,2021-10-21 02:18:48,22950.0,100.0,81000.0
1030,2021-10-21 02:18:43,22950.0,300.0,80900.0
1031,2021-10-21 02:18:37,22950.0,700.0,80600.0
1032,2021-10-21 02:18:37,22950.0,100.0,79900.0
1033,2021-10-21 02:18:35,22950.0,2500.0,79800.0
1034,2021-10-21 02:18:22,22950.0,400.0,77300.0
1035,2021-10-21 02:18:08,22950.0,600.0,76900.0
1036,2021-10-21 02:18:08,22950.0,400.0,76300.0
1037,2021-10-21 02:18:00,22950.0,600.0,75900.0
1038,2021-10-21 02:18:00,22950.0,1200.0,75300.0
1039,2021-10-21 02:18:00,22950.0,700.0,74100.0
1040,2021-10-21 02:18:00,22950.0,200.0,73400.0
1041,2021-10-21 02:18:00,22950.0,300.0,73200.0
1042,2021-10-21 02:18:00,22950.0,4500.0,72900.0
1043,2021-10-21 02:17:51,22900.0,500.0,68400.0
1044,2021-10-21 02:17:44,22950.0,100.0,67900.0
1045,2021-10-21 02:17:25,22900.0,700.0,67800.0
1046,2021-10-21 02:17:25,22900.0,200.0,67100.0
1047,2021-10-21 02:17:25,22900.0,1100.0,66900.0
1048,2021-10-21 02:17:25,22950.0,100.0,65800.0
1049,2021-10-21 02:17:01,22900.0,300.0,65700.0
1050,2021-10-21 02:17:01,22900.0,500.0,65400.0
1051,2021-10-21 02:17:01,22900.0,100.0,64900.0
1052,2021-10-21 02:17:01,22900.0,700.0,64800.0
1053,2021-10-21 02:16:57,22950.0,100.0,64100.0
1054,2021-10-21 02:16:40,22900.0,300.0,64000.0
1055,2021-10-21 02:16:40,22900.0,2000.0,63700.0
1056,2021-10-21 02:16:40,22900.0,1700.0,61700.0
1057,2021-10-21 02:16:40,22900.0,1000.0,60000.0
1058,2021-10-21 02:16:37,22950.0,100.0,59000.0
1059,2021-10-21 02:16:13,22950.0,1800.0,58900.0
1060,2021-10-21 02:16:13,22950.0,1700.0,57100.0
1061,2021-10-21 02:15:53,22950.0,300.0,55400.0
1062,2021-10-21 02:15:53,22950.0,600.0,55100.0
1063,2021-10-21 02:15:26,22950.0,100.0,54500.0
1064,2021-10-21 02:15:00,23000.0,300.0,54400.0
1065,2021-10-21 02:15:00,23000.0,2000.0,54100.0
1066,2021-10-21 02:15:00,23000.0,2000.0,52100.0
1067,2021-10-21 02:15:00,23000.0,500.0,50100.0
1068,2021-10-21 02:15:00,23000.0,100.0,49600.0
1069,2021-10-21 02:15:00,23000.0,500.0,49500.0
1070,2021-10-21 02:15:00,23000.0,200.0,49000.0
1071,2021-10-21 02:15:00,23000.0,500.0,48800.0
1072,2021-10-21 02:15:00,23000.0,100.0,48300.0
1073,2021-10-21 02:15:00,23000.0,4100.0,48200.0
1074,2021-10-21 02:15:00,23000.0,1900.0,44100.0
1075,2021-10-21 02:15:00,23000.0,1000.0,42200.0
1076,2021-10-21 02:15:00,23000.0,200.0,41200.0
1077,2021-10-21 02:15:00,23000.0,1600.0,41000.0
1078,2021-10-21 02:15:00,23000.0,100.0,39400.0
1079,2021-10-21 02:15:00,23000.0,2000.0,39300.0
1080,2021-10-21 02:15:00,23000.0,1000.0,37300.0
1081,2021-10-21 02:15:00,23000.0,100.0,36300.0
1082,2021-10-21 02:15:00,23000.0,2000.0,36200.0
1083,2021-10-21 02:15:00,23000.0,200.0,34200.0
1084,2021-10-21 02:15:00,23000.0,100.0,34000.0
1085,2021-10-21 02:15:00,23000.0,1000.0,33900.0
1086,2021-10-21 02:15:00,23000.0,500.0,32900.0
1087,2021-10-21 02:15:00,23000.0,1000.0,32400.0
1088,2021-10-21 02:15:00,23000.0,600.0,31400.0
1089,2021-10-21 02:15:00,23000.0,200.0,30800.0
1090,2021-10-21 02:15:00,23000.0,300.0,30600.0
1091,2021-10-21 02:15:00,23000.0,200.0,30300.0
1092,2021-10-21 02:15:00,23000.0,1000.0,30100.0
1093,2021-10-21 02:15:00,23000.0,500.0,29100.0
1094,2021-10-21 02:15:00,23000.0,2000.0,28600.0
1095,2021-10-21 02:15:00,23000.0,300.0,26600.0
1096,2021-10-21 02:15:00,23000.0,1000.0,26300.0
1097,2021-10-21 02:15:00,23000.0,300.0,25300.0
1098,2021-10-21 02:15:00,23000.0,2000.0,25000.0
1099,2021-10-21 02:15:00,23000.0,3000.0,23000.0
1100,2021-10-21 02:15:00,23000.0,3900.0,20000.0
1101,2021-10-21 02:15:00,23000.0,14700.0,16100.0
1102,2021-10-21 02:15:00,23000.0,100.0,1400.0
1103,2021-10-21 02:15:00,23000.0,100.0,1300.0
1104,2021-10-21 02:15:00,23000.0,100.0,1200.0
1105,2021-10-21 02:15:00,23000.0,1100.0,1100.0
