,Time,Price,Volume_per_trade,Volume
0,2021-10-07 07:45:01,38950.0,1300.0,251400.0
1,2021-10-07 07:45:01,38950.0,3700.0,250100.0
2,2021-10-07 07:45:01,38950.0,1300.0,246400.0
3,2021-10-07 07:45:01,38950.0,2400.0,245100.0
4,2021-10-07 07:45:01,38950.0,1700.0,242700.0
5,2021-10-07 07:45:01,38950.0,1600.0,241000.0
6,2021-10-07 07:45:01,38950.0,3400.0,239400.0
7,2021-10-07 07:45:01,38950.0,2600.0,236000.0
8,2021-10-07 07:45:01,38950.0,900.0,233400.0
9,2021-10-07 07:45:01,38950.0,1500.0,232500.0
10,2021-10-07 07:45:01,38950.0,3100.0,231000.0
11,2021-10-07 07:28:09,38950.0,1600.0,227900.0
12,2021-10-07 07:26:38,39000.0,400.0,226300.0
13,2021-10-07 07:26:22,38950.0,1300.0,225900.0
14,2021-10-07 07:25:22,39000.0,100.0,224600.0
15,2021-10-07 07:23:02,39000.0,100.0,224500.0
16,2021-10-07 07:22:21,39000.0,500.0,224400.0
17,2021-10-07 07:21:38,39000.0,100.0,223900.0
18,2021-10-07 07:21:38,39000.0,100.0,223800.0
19,2021-10-07 07:18:22,39000.0,200.0,223700.0
20,2021-10-07 07:17:03,39000.0,1300.0,223500.0
21,2021-10-07 07:17:03,38950.0,700.0,222200.0
22,2021-10-07 07:17:03,38950.0,400.0,221500.0
23,2021-10-07 07:16:58,38950.0,600.0,221100.0
24,2021-10-07 07:16:35,38900.0,900.0,220500.0
25,2021-10-07 07:16:35,38900.0,500.0,219600.0
26,2021-10-07 07:15:43,38900.0,200.0,219100.0
27,2021-10-07 07:15:43,38900.0,900.0,218900.0
28,2021-10-07 07:14:14,38900.0,700.0,218000.0
29,2021-10-07 07:14:02,38900.0,600.0,217300.0
30,2021-10-07 07:14:02,38900.0,700.0,216700.0
31,2021-10-07 07:14:02,38900.0,900.0,216000.0
32,2021-10-07 07:10:42,38900.0,100.0,215100.0
33,2021-10-07 07:09:59,38900.0,300.0,215000.0
34,2021-10-07 07:09:59,38900.0,200.0,214700.0
35,2021-10-07 07:08:01,38850.0,1700.0,214500.0
36,2021-10-07 07:08:01,38850.0,200.0,212800.0
37,2021-10-07 07:05:15,38900.0,100.0,212600.0
38,2021-10-07 07:04:06,38850.0,1000.0,212500.0
39,2021-10-07 07:04:06,38850.0,700.0,211500.0
40,2021-10-07 07:00:26,38900.0,400.0,210800.0
41,2021-10-07 06:58:30,38900.0,800.0,210400.0
42,2021-10-07 06:57:05,38900.0,400.0,209600.0
43,2021-10-07 06:56:34,38900.0,600.0,209200.0
44,2021-10-07 06:56:33,38900.0,700.0,208600.0
45,2021-10-07 06:53:04,38850.0,700.0,207900.0
46,2021-10-07 06:49:59,38850.0,700.0,207200.0
47,2021-10-07 06:49:59,38850.0,700.0,206500.0
48,2021-10-07 06:49:02,38900.0,100.0,205800.0
49,2021-10-07 06:45:56,38850.0,1400.0,205700.0
50,2021-10-07 06:45:56,38850.0,2400.0,204300.0
51,2021-10-07 06:45:56,38850.0,300.0,201900.0
52,2021-10-07 06:44:11,38850.0,1000.0,201600.0
53,2021-10-07 06:43:33,38900.0,700.0,200600.0
54,2021-10-07 06:43:28,38900.0,1600.0,199900.0
55,2021-10-07 06:43:17,38900.0,1500.0,198300.0
56,2021-10-07 06:42:23,38900.0,900.0,196800.0
57,2021-10-07 06:38:55,38900.0,1700.0,195900.0
58,2021-10-07 06:36:37,38900.0,400.0,194200.0
59,2021-10-07 06:36:37,38900.0,200.0,193800.0
60,2021-10-07 06:36:23,38900.0,100.0,193600.0
61,2021-10-07 06:36:23,38900.0,2400.0,193500.0
62,2021-10-07 06:35:07,38950.0,100.0,191100.0
63,2021-10-07 06:34:24,38900.0,1700.0,191000.0
64,2021-10-07 06:32:55,38950.0,100.0,189300.0
65,2021-10-07 06:31:11,38900.0,900.0,189200.0
66,2021-10-07 06:30:23,38950.0,3900.0,188300.0
67,2021-10-07 06:29:00,39000.0,300.0,184400.0
68,2021-10-07 06:26:51,38950.0,1700.0,184100.0
69,2021-10-07 06:24:36,39000.0,200.0,182400.0
70,2021-10-07 06:23:33,39000.0,200.0,182200.0
71,2021-10-07 06:21:58,39000.0,200.0,182000.0
72,2021-10-07 06:21:35,38950.0,1600.0,181800.0
73,2021-10-07 06:20:47,39000.0,200.0,180200.0
74,2021-10-07 06:20:20,39000.0,700.0,180000.0
75,2021-10-07 06:19:25,39000.0,300.0,179300.0
76,2021-10-07 06:18:58,39000.0,1100.0,179000.0
77,2021-10-07 06:18:58,39000.0,1400.0,177900.0
78,2021-10-07 06:18:58,38950.0,1000.0,176500.0
79,2021-10-07 06:18:58,38950.0,700.0,175500.0
80,2021-10-07 06:18:58,38950.0,800.0,174800.0
81,2021-10-07 06:16:48,38950.0,800.0,174000.0
82,2021-10-07 06:15:12,38950.0,100.0,173200.0
83,2021-10-07 06:15:12,38950.0,600.0,173100.0
84,2021-10-07 06:14:50,38950.0,300.0,172500.0
85,2021-10-07 06:13:52,38950.0,500.0,172200.0
86,2021-10-07 06:13:09,38950.0,100.0,171700.0
87,2021-10-07 06:12:51,38950.0,1800.0,171600.0
88,2021-10-07 06:12:51,38900.0,1600.0,169800.0
89,2021-10-07 06:12:51,38900.0,1400.0,168200.0
90,2021-10-07 06:12:51,38900.0,400.0,166800.0
91,2021-10-07 06:12:17,38900.0,200.0,166400.0
92,2021-10-07 06:11:06,38900.0,400.0,166200.0
93,2021-10-07 06:08:19,38850.0,1300.0,165800.0
94,2021-10-07 06:03:12,38900.0,100.0,164500.0
95,2021-10-07 06:02:42,38900.0,300.0,164400.0
96,2021-10-07 04:29:05,38850.0,700.0,164100.0
97,2021-10-07 04:26:51,38850.0,2400.0,163400.0
98,2021-10-07 04:25:57,38900.0,1300.0,161000.0
99,2021-10-07 04:25:02,38900.0,700.0,159700.0
100,2021-10-07 04:23:49,38900.0,200.0,159000.0
101,2021-10-07 04:23:49,38900.0,500.0,158800.0
102,2021-10-07 04:23:11,38900.0,300.0,158300.0
103,2021-10-07 04:23:11,38900.0,2700.0,158000.0
104,2021-10-07 04:22:27,38900.0,400.0,155300.0
105,2021-10-07 04:20:32,38900.0,1100.0,154900.0
106,2021-10-07 04:20:32,38900.0,1700.0,153800.0
107,2021-10-07 04:18:11,38900.0,700.0,152100.0
108,2021-10-07 04:17:15,38950.0,200.0,151400.0
109,2021-10-07 04:17:05,38900.0,700.0,151200.0
110,2021-10-07 04:17:05,38900.0,2100.0,150500.0
111,2021-10-07 04:13:49,38900.0,700.0,148400.0
112,2021-10-07 04:12:56,38900.0,1400.0,147700.0
113,2021-10-07 04:11:24,38950.0,200.0,146300.0
114,2021-10-07 04:07:56,39000.0,1500.0,146100.0
115,2021-10-07 04:07:43,39000.0,1700.0,144600.0
116,2021-10-07 04:07:26,39000.0,700.0,142900.0
117,2021-10-07 04:03:19,39100.0,1200.0,142200.0
118,2021-10-07 04:03:19,39050.0,1700.0,141000.0
119,2021-10-07 04:03:19,39050.0,1900.0,139300.0
120,2021-10-07 04:01:16,39050.0,700.0,137400.0
121,2021-10-07 04:01:03,39000.0,400.0,136700.0
122,2021-10-07 03:59:43,39000.0,100.0,136300.0
123,2021-10-07 03:59:13,39000.0,1700.0,136200.0
124,2021-10-07 03:59:13,39000.0,700.0,134500.0
125,2021-10-07 03:55:16,38900.0,1100.0,133800.0
126,2021-10-07 03:53:15,39000.0,1000.0,132700.0
127,2021-10-07 03:53:15,39000.0,800.0,131700.0
128,2021-10-07 03:50:09,39000.0,800.0,130900.0
129,2021-10-07 03:46:21,39000.0,100.0,130100.0
130,2021-10-07 03:46:21,39000.0,400.0,130000.0
131,2021-10-07 03:45:29,39000.0,700.0,129600.0
132,2021-10-07 03:45:08,39000.0,200.0,128900.0
133,2021-10-07 03:45:08,38950.0,300.0,128700.0
134,2021-10-07 03:44:58,38950.0,400.0,128400.0
135,2021-10-07 03:44:50,38950.0,200.0,128000.0
136,2021-10-07 03:44:38,38950.0,600.0,127800.0
137,2021-10-07 03:44:19,38950.0,300.0,127200.0
138,2021-10-07 03:43:49,38900.0,1400.0,126900.0
139,2021-10-07 03:43:49,38900.0,1800.0,125500.0
140,2021-10-07 03:43:49,38900.0,1400.0,123700.0
141,2021-10-07 03:43:49,38850.0,1100.0,122300.0
142,2021-10-07 03:41:12,38850.0,1200.0,121200.0
143,2021-10-07 03:39:13,38850.0,400.0,120000.0
144,2021-10-07 03:36:02,38800.0,900.0,119600.0
145,2021-10-07 03:34:01,38900.0,400.0,118700.0
146,2021-10-07 03:33:28,38900.0,200.0,118300.0
147,2021-10-07 03:33:28,38900.0,700.0,118100.0
148,2021-10-07 03:33:28,38900.0,700.0,117400.0
149,2021-10-07 03:33:28,38900.0,1800.0,116700.0
150,2021-10-07 03:33:28,38850.0,800.0,114900.0
151,2021-10-07 03:33:07,38850.0,100.0,114100.0
152,2021-10-07 03:29:21,38850.0,1500.0,114000.0
153,2021-10-07 03:25:21,38900.0,900.0,112500.0
154,2021-10-07 03:25:21,38900.0,100.0,111600.0
155,2021-10-07 03:25:11,38900.0,200.0,111500.0
156,2021-10-07 03:25:02,38900.0,200.0,111300.0
157,2021-10-07 03:21:30,38850.0,1100.0,111100.0
158,2021-10-07 03:19:50,38900.0,100.0,110000.0
159,2021-10-07 03:19:31,38850.0,1800.0,109900.0
160,2021-10-07 03:18:41,38850.0,1800.0,108100.0
161,2021-10-07 03:17:07,38900.0,200.0,106300.0
162,2021-10-07 03:16:51,38850.0,800.0,106100.0
163,2021-10-07 03:15:48,38850.0,600.0,105300.0
164,2021-10-07 03:15:48,38850.0,100.0,104700.0
165,2021-10-07 03:13:57,38850.0,1200.0,104600.0
166,2021-10-07 03:13:41,38800.0,2200.0,103400.0
167,2021-10-07 03:12:52,38850.0,200.0,101200.0
168,2021-10-07 03:11:25,38850.0,100.0,101000.0
169,2021-10-07 03:11:13,38850.0,1000.0,100900.0
170,2021-10-07 03:11:13,38850.0,1100.0,99900.0
171,2021-10-07 03:09:21,38850.0,700.0,98800.0
172,2021-10-07 03:08:35,38850.0,500.0,98100.0
173,2021-10-07 03:08:01,38850.0,1700.0,97600.0
174,2021-10-07 03:08:01,38850.0,200.0,95900.0
175,2021-10-07 03:05:58,38900.0,300.0,95700.0
176,2021-10-07 03:05:58,38900.0,1500.0,95400.0
177,2021-10-07 03:05:58,38900.0,1700.0,93900.0
178,2021-10-07 03:03:40,38900.0,400.0,92200.0
179,2021-10-07 03:02:12,38900.0,700.0,91800.0
180,2021-10-07 03:02:12,38900.0,1000.0,91100.0
181,2021-10-07 02:59:41,38900.0,400.0,90100.0
182,2021-10-07 02:58:09,38850.0,900.0,89700.0
183,2021-10-07 02:56:53,38900.0,800.0,88800.0
184,2021-10-07 02:56:38,38900.0,800.0,88000.0
185,2021-10-07 02:56:13,38900.0,2700.0,87200.0
186,2021-10-07 02:54:09,38900.0,1700.0,84500.0
187,2021-10-07 02:52:07,38900.0,1900.0,82800.0
188,2021-10-07 02:52:07,38900.0,1000.0,80900.0
189,2021-10-07 02:49:57,38900.0,1800.0,79900.0
190,2021-10-07 02:48:34,38900.0,1000.0,78100.0
191,2021-10-07 02:45:30,39000.0,2700.0,77100.0
192,2021-10-07 02:45:30,39000.0,2300.0,74400.0
193,2021-10-07 02:44:47,39000.0,700.0,72100.0
194,2021-10-07 02:44:15,39000.0,900.0,71400.0
195,2021-10-07 02:44:15,38950.0,300.0,70500.0
196,2021-10-07 02:44:01,38950.0,2300.0,70200.0
197,2021-10-07 02:44:01,38950.0,2400.0,67900.0
198,2021-10-07 02:42:29,38950.0,100.0,65500.0
199,2021-10-07 02:42:29,38950.0,300.0,65400.0
200,2021-10-07 02:39:36,38950.0,1400.0,65100.0
201,2021-10-07 02:39:36,38950.0,300.0,63700.0
202,2021-10-07 02:38:43,38950.0,200.0,63400.0
203,2021-10-07 02:37:11,38950.0,300.0,63200.0
204,2021-10-07 02:35:21,38950.0,400.0,62900.0
205,2021-10-07 02:34:58,38900.0,1400.0,62500.0
206,2021-10-07 02:33:51,38950.0,200.0,61100.0
207,2021-10-07 02:33:41,38950.0,200.0,60900.0
208,2021-10-07 02:32:30,38900.0,1700.0,60700.0
209,2021-10-07 02:32:30,38900.0,300.0,59000.0
210,2021-10-07 02:31:35,38900.0,700.0,58700.0
211,2021-10-07 02:30:08,38900.0,200.0,58000.0
212,2021-10-07 02:30:08,38900.0,200.0,57800.0
213,2021-10-07 02:29:56,38900.0,100.0,57600.0
214,2021-10-07 02:28:40,38850.0,1900.0,57500.0
215,2021-10-07 02:28:40,38850.0,500.0,55600.0
216,2021-10-07 02:27:32,38900.0,200.0,55100.0
217,2021-10-07 02:27:15,38900.0,100.0,54900.0
218,2021-10-07 02:26:10,38850.0,200.0,54800.0
219,2021-10-07 02:26:10,38850.0,100.0,54600.0
220,2021-10-07 02:25:46,38800.0,300.0,54500.0
221,2021-10-07 02:25:46,38800.0,500.0,54200.0
222,2021-10-07 02:25:46,38800.0,800.0,53700.0
223,2021-10-07 02:25:39,38850.0,2200.0,52900.0
224,2021-10-07 02:25:39,38850.0,700.0,50700.0
225,2021-10-07 02:24:05,38900.0,100.0,50000.0
226,2021-10-07 02:23:47,38850.0,1300.0,49900.0
227,2021-10-07 02:23:47,38850.0,1600.0,48600.0
228,2021-10-07 02:23:44,38900.0,1800.0,47000.0
229,2021-10-07 02:23:09,38900.0,100.0,45200.0
230,2021-10-07 02:23:09,38900.0,1100.0,45100.0
231,2021-10-07 02:22:25,38900.0,1100.0,44000.0
232,2021-10-07 02:22:03,38900.0,2700.0,42900.0
233,2021-10-07 02:20:57,39000.0,100.0,40200.0
234,2021-10-07 02:20:57,39000.0,600.0,40100.0
235,2021-10-07 02:20:45,38900.0,1300.0,39500.0
236,2021-10-07 02:20:01,39000.0,600.0,38200.0
237,2021-10-07 02:19:48,39000.0,100.0,37600.0
238,2021-10-07 02:19:28,39000.0,200.0,37500.0
239,2021-10-07 02:19:06,39000.0,100.0,37300.0
240,2021-10-07 02:18:55,39000.0,1700.0,37200.0
241,2021-10-07 02:18:55,38950.0,2800.0,35500.0
242,2021-10-07 02:18:55,38900.0,600.0,32700.0
243,2021-10-07 02:18:05,38900.0,500.0,32100.0
244,2021-10-07 02:17:29,38900.0,1700.0,31600.0
245,2021-10-07 02:17:06,38900.0,900.0,29900.0
246,2021-10-07 02:17:06,38900.0,500.0,29000.0
247,2021-10-07 02:16:46,38850.0,1500.0,28500.0
248,2021-10-07 02:15:33,38900.0,800.0,27000.0
249,2021-10-07 02:15:00,38900.0,500.0,26200.0
250,2021-10-07 02:15:00,38900.0,1300.0,25700.0
251,2021-10-07 02:15:00,38900.0,2000.0,24400.0
252,2021-10-07 02:15:00,38900.0,700.0,22400.0
253,2021-10-07 02:15:00,38900.0,1300.0,21700.0
254,2021-10-07 02:15:00,38900.0,500.0,20400.0
255,2021-10-07 02:15:00,38900.0,2500.0,19900.0
256,2021-10-07 02:15:00,38900.0,2000.0,17400.0
257,2021-10-07 02:15:00,38900.0,3200.0,15400.0
258,2021-10-07 02:15:00,38900.0,1800.0,12200.0
259,2021-10-07 02:15:00,38900.0,600.0,10400.0
260,2021-10-07 02:15:00,38900.0,5000.0,9800.0
261,2021-10-07 02:15:00,38900.0,900.0,4800.0
262,2021-10-07 02:15:00,38900.0,1200.0,3900.0
263,2021-10-07 02:15:00,38900.0,2700.0,2700.0
