,Time,Price,Volume_per_trade,Volume
0,2021-10-07 07:45:01,16800.0,200.0,2115400.0
1,2021-10-07 07:45:01,16800.0,300.0,2115200.0
2,2021-10-07 07:45:01,16800.0,200.0,2114900.0
3,2021-10-07 07:45:01,16800.0,100.0,2114700.0
4,2021-10-07 07:45:01,16800.0,400.0,2114600.0
5,2021-10-07 07:45:01,16800.0,100.0,2114200.0
6,2021-10-07 07:45:01,16800.0,2000.0,2114100.0
7,2021-10-07 07:45:01,16800.0,400.0,2112100.0
8,2021-10-07 07:45:01,16800.0,600.0,2111700.0
9,2021-10-07 07:45:01,16800.0,2000.0,2111100.0
10,2021-10-07 07:45:01,16800.0,1000.0,2109100.0
11,2021-10-07 07:45:01,16800.0,300.0,2108100.0
12,2021-10-07 07:45:01,16800.0,1000.0,2107800.0
13,2021-10-07 07:45:01,16800.0,100.0,2106800.0
14,2021-10-07 07:45:01,16800.0,100.0,2106700.0
15,2021-10-07 07:45:01,16800.0,300.0,2106600.0
16,2021-10-07 07:45:01,16800.0,1000.0,2106300.0
17,2021-10-07 07:45:01,16800.0,1000.0,2105300.0
18,2021-10-07 07:45:01,16800.0,700.0,2104300.0
19,2021-10-07 07:45:01,16800.0,1000.0,2103600.0
20,2021-10-07 07:45:01,16800.0,100.0,2102600.0
21,2021-10-07 07:45:01,16800.0,100.0,2102500.0
22,2021-10-07 07:45:01,16800.0,2500.0,2102400.0
23,2021-10-07 07:45:01,16800.0,100.0,2099900.0
24,2021-10-07 07:45:01,16800.0,3300.0,2099800.0
25,2021-10-07 07:45:01,16800.0,200.0,2096500.0
26,2021-10-07 07:45:01,16800.0,200.0,2096300.0
27,2021-10-07 07:45:01,16800.0,100.0,2096100.0
28,2021-10-07 07:45:01,16800.0,2400.0,2096000.0
29,2021-10-07 07:45:01,16800.0,400.0,2093600.0
30,2021-10-07 07:45:01,16800.0,200.0,2093200.0
31,2021-10-07 07:45:01,16800.0,100.0,2093000.0
32,2021-10-07 07:45:01,16800.0,800.0,2092900.0
33,2021-10-07 07:45:01,16800.0,1200.0,2092100.0
34,2021-10-07 07:45:01,16800.0,500.0,2090900.0
35,2021-10-07 07:45:01,16800.0,100.0,2090400.0
36,2021-10-07 07:45:01,16800.0,200.0,2090300.0
37,2021-10-07 07:45:01,16800.0,100.0,2090100.0
38,2021-10-07 07:30:00,16800.0,1000.0,2090000.0
39,2021-10-07 07:29:43,16800.0,700.0,2089000.0
40,2021-10-07 07:29:41,16800.0,2300.0,2088300.0
41,2021-10-07 07:29:41,16800.0,1200.0,2086000.0
42,2021-10-07 07:29:41,16800.0,1500.0,2084800.0
43,2021-10-07 07:29:36,16800.0,200.0,2083300.0
44,2021-10-07 07:29:24,16800.0,100.0,2083100.0
45,2021-10-07 07:29:13,16800.0,500.0,2083000.0
46,2021-10-07 07:29:13,16800.0,1000.0,2082500.0
47,2021-10-07 07:29:07,16800.0,200.0,2081500.0
48,2021-10-07 07:29:00,16800.0,7000.0,2081300.0
49,2021-10-07 07:28:48,16800.0,100.0,2074300.0
50,2021-10-07 07:28:41,16800.0,300.0,2074200.0
51,2021-10-07 07:28:26,16800.0,800.0,2073900.0
52,2021-10-07 07:28:16,16800.0,400.0,2073100.0
53,2021-10-07 07:28:16,16800.0,2000.0,2072700.0
54,2021-10-07 07:28:16,16800.0,500.0,2070700.0
55,2021-10-07 07:28:16,16800.0,200.0,2070200.0
56,2021-10-07 07:28:16,16800.0,600.0,2070000.0
57,2021-10-07 07:28:16,16800.0,100.0,2069400.0
58,2021-10-07 07:28:16,16800.0,1000.0,2069300.0
59,2021-10-07 07:28:16,16800.0,300.0,2068300.0
60,2021-10-07 07:28:16,16800.0,300.0,2068000.0
61,2021-10-07 07:28:16,16800.0,400.0,2067700.0
62,2021-10-07 07:28:16,16800.0,5000.0,2067300.0
63,2021-10-07 07:28:16,16800.0,2500.0,2062300.0
64,2021-10-07 07:28:16,16800.0,2500.0,2059800.0
65,2021-10-07 07:28:16,16800.0,1000.0,2057300.0
66,2021-10-07 07:28:16,16800.0,1000.0,2056300.0
67,2021-10-07 07:28:16,16800.0,200.0,2055300.0
68,2021-10-07 07:28:16,16800.0,500.0,2055100.0
69,2021-10-07 07:28:16,16800.0,1500.0,2054600.0
70,2021-10-07 07:28:16,16800.0,100.0,2053100.0
71,2021-10-07 07:28:16,16800.0,200.0,2053000.0
72,2021-10-07 07:28:16,16800.0,10000.0,2052800.0
73,2021-10-07 07:28:16,16800.0,100.0,2042800.0
74,2021-10-07 07:28:16,16800.0,100.0,2042700.0
75,2021-10-07 07:28:16,16800.0,1000.0,2042600.0
76,2021-10-07 07:28:16,16800.0,100.0,2041600.0
77,2021-10-07 07:28:16,16800.0,200.0,2041500.0
78,2021-10-07 07:28:16,16800.0,500.0,2041300.0
79,2021-10-07 07:28:16,16800.0,100.0,2040800.0
80,2021-10-07 07:28:16,16800.0,5300.0,2040700.0
81,2021-10-07 07:28:16,16800.0,100.0,2035400.0
82,2021-10-07 07:28:16,16800.0,1000.0,2035300.0
83,2021-10-07 07:28:16,16800.0,200.0,2034300.0
84,2021-10-07 07:28:16,16800.0,1000.0,2034100.0
85,2021-10-07 07:28:16,16800.0,200.0,2033100.0
86,2021-10-07 07:28:16,16800.0,200.0,2032900.0
87,2021-10-07 07:28:16,16800.0,1000.0,2032700.0
88,2021-10-07 07:28:16,16800.0,500.0,2031700.0
89,2021-10-07 07:28:16,16800.0,500.0,2031200.0
90,2021-10-07 07:28:16,16800.0,400.0,2030700.0
91,2021-10-07 07:28:16,16800.0,200.0,2030300.0
92,2021-10-07 07:28:16,16800.0,200.0,2030100.0
93,2021-10-07 07:28:16,16800.0,100.0,2029900.0
94,2021-10-07 07:28:16,16800.0,600.0,2029800.0
95,2021-10-07 07:28:16,16800.0,1600.0,2029200.0
96,2021-10-07 07:28:16,16800.0,100.0,2027600.0
97,2021-10-07 07:28:16,16800.0,6800.0,2027500.0
98,2021-10-07 07:28:16,16800.0,900.0,2020700.0
99,2021-10-07 07:28:04,16800.0,100.0,2019800.0
100,2021-10-07 07:28:04,16800.0,2000.0,2019700.0
101,2021-10-07 07:28:04,16800.0,2000.0,2017700.0
102,2021-10-07 07:28:04,16800.0,2000.0,2015700.0
103,2021-10-07 07:28:04,16800.0,1000.0,2013700.0
104,2021-10-07 07:28:04,16800.0,300.0,2012700.0
105,2021-10-07 07:28:04,16800.0,600.0,2012400.0
106,2021-10-07 07:27:44,16850.0,300.0,2011800.0
107,2021-10-07 07:27:36,16850.0,100.0,2011500.0
108,2021-10-07 07:26:59,16850.0,100.0,2011400.0
109,2021-10-07 07:26:59,16850.0,10000.0,2011300.0
110,2021-10-07 07:26:59,16850.0,1000.0,2001300.0
111,2021-10-07 07:26:59,16850.0,800.0,2000300.0
112,2021-10-07 07:26:59,16850.0,400.0,1999500.0
113,2021-10-07 07:26:59,16850.0,500.0,1999100.0
114,2021-10-07 07:26:59,16850.0,200.0,1998600.0
115,2021-10-07 07:26:59,16850.0,1000.0,1998400.0
116,2021-10-07 07:26:59,16850.0,1300.0,1997400.0
117,2021-10-07 07:26:59,16850.0,1000.0,1996100.0
118,2021-10-07 07:26:59,16850.0,300.0,1995100.0
119,2021-10-07 07:26:59,16850.0,100.0,1994800.0
120,2021-10-07 07:26:59,16850.0,5000.0,1994700.0
121,2021-10-07 07:26:59,16850.0,1100.0,1989700.0
122,2021-10-07 07:26:59,16850.0,100.0,1988600.0
123,2021-10-07 07:26:59,16850.0,1000.0,1988500.0
124,2021-10-07 07:26:59,16850.0,200.0,1987500.0
125,2021-10-07 07:26:59,16850.0,200.0,1987300.0
126,2021-10-07 07:26:59,16850.0,500.0,1987100.0
127,2021-10-07 07:26:59,16850.0,1000.0,1986600.0
128,2021-10-07 07:26:59,16850.0,100.0,1985600.0
129,2021-10-07 07:26:59,16850.0,1400.0,1985500.0
130,2021-10-07 07:26:59,16850.0,1000.0,1984100.0
131,2021-10-07 07:26:59,16850.0,300.0,1983100.0
132,2021-10-07 07:26:59,16850.0,1000.0,1982800.0
133,2021-10-07 07:26:59,16850.0,300.0,1981800.0
134,2021-10-07 07:26:59,16850.0,200.0,1981500.0
135,2021-10-07 07:26:29,16850.0,200.0,1981300.0
136,2021-10-07 07:26:29,16850.0,1000.0,1981100.0
137,2021-10-07 07:26:29,16850.0,800.0,1980100.0
138,2021-10-07 07:26:12,16850.0,200.0,1979300.0
139,2021-10-07 07:26:12,16850.0,200.0,1979100.0
140,2021-10-07 07:25:57,16850.0,800.0,1978900.0
141,2021-10-07 07:25:57,16850.0,100.0,1978100.0
142,2021-10-07 07:25:57,16850.0,4100.0,1978000.0
143,2021-10-07 07:25:53,16850.0,900.0,1973900.0
144,2021-10-07 07:25:53,16850.0,100.0,1973000.0
145,2021-10-07 07:25:27,16850.0,600.0,1972900.0
146,2021-10-07 07:25:23,16850.0,500.0,1972300.0
147,2021-10-07 07:25:11,16850.0,2000.0,1971800.0
148,2021-10-07 07:25:03,16850.0,1000.0,1969800.0
149,2021-10-07 07:24:24,16850.0,500.0,1968800.0
150,2021-10-07 07:23:57,16850.0,300.0,1968300.0
151,2021-10-07 07:23:01,16850.0,1000.0,1968000.0
152,2021-10-07 07:22:50,16850.0,400.0,1967000.0
153,2021-10-07 07:22:50,16850.0,100.0,1966600.0
154,2021-10-07 07:22:28,16850.0,100.0,1966500.0
155,2021-10-07 07:22:28,16850.0,900.0,1966400.0
156,2021-10-07 07:22:14,16850.0,1100.0,1965500.0
157,2021-10-07 07:22:14,16850.0,500.0,1964400.0
158,2021-10-07 07:22:14,16850.0,400.0,1963900.0
159,2021-10-07 07:22:03,16850.0,600.0,1963500.0
160,2021-10-07 07:22:03,16850.0,1000.0,1962900.0
161,2021-10-07 07:22:03,16850.0,2400.0,1961900.0
162,2021-10-07 07:21:22,16850.0,500.0,1959500.0
163,2021-10-07 07:21:13,16850.0,1900.0,1959000.0
164,2021-10-07 07:20:56,16850.0,4100.0,1957100.0
165,2021-10-07 07:20:45,16850.0,300.0,1953000.0
166,2021-10-07 07:20:15,16850.0,800.0,1952700.0
167,2021-10-07 07:20:15,16850.0,1200.0,1951900.0
168,2021-10-07 07:20:03,16850.0,4000.0,1950700.0
169,2021-10-07 07:20:02,16850.0,3000.0,1946700.0
170,2021-10-07 07:19:43,16900.0,500.0,1943700.0
171,2021-10-07 07:19:24,16850.0,500.0,1943200.0
172,2021-10-07 07:19:05,16900.0,1000.0,1942700.0
173,2021-10-07 07:18:45,16850.0,300.0,1941700.0
174,2021-10-07 07:18:37,16900.0,600.0,1941400.0
175,2021-10-07 07:18:16,16850.0,100.0,1940800.0
176,2021-10-07 07:18:16,16850.0,200.0,1940700.0
177,2021-10-07 07:18:16,16850.0,500.0,1940500.0
178,2021-10-07 07:17:34,16900.0,400.0,1940000.0
179,2021-10-07 07:17:25,16900.0,500.0,1939600.0
180,2021-10-07 07:17:04,16850.0,200.0,1939100.0
181,2021-10-07 07:16:32,16850.0,100.0,1938900.0
182,2021-10-07 07:16:23,16850.0,2200.0,1938800.0
183,2021-10-07 07:16:23,16850.0,500.0,1936600.0
184,2021-10-07 07:16:23,16850.0,1000.0,1936100.0
185,2021-10-07 07:16:23,16850.0,500.0,1935100.0
186,2021-10-07 07:16:23,16850.0,100.0,1934600.0
187,2021-10-07 07:16:23,16850.0,100.0,1934500.0
188,2021-10-07 07:16:06,16850.0,100.0,1934400.0
189,2021-10-07 07:16:05,16850.0,100.0,1934300.0
190,2021-10-07 07:14:52,16850.0,1900.0,1934200.0
191,2021-10-07 07:14:52,16850.0,1000.0,1932300.0
192,2021-10-07 07:14:52,16850.0,300.0,1931300.0
193,2021-10-07 07:14:52,16850.0,100.0,1931000.0
194,2021-10-07 07:14:52,16850.0,1000.0,1930900.0
195,2021-10-07 07:14:52,16850.0,100.0,1929900.0
196,2021-10-07 07:14:52,16850.0,2100.0,1929800.0
197,2021-10-07 07:14:32,16850.0,200.0,1927700.0
198,2021-10-07 07:13:36,16850.0,2000.0,1927500.0
199,2021-10-07 07:13:15,16900.0,3000.0,1925500.0
200,2021-10-07 07:12:57,16900.0,300.0,1922500.0
201,2021-10-07 07:12:52,16850.0,100.0,1922200.0
202,2021-10-07 07:12:33,16900.0,200.0,1922100.0
203,2021-10-07 07:11:56,16850.0,1100.0,1921900.0
204,2021-10-07 07:11:04,16850.0,200.0,1920800.0
205,2021-10-07 07:10:51,16850.0,1000.0,1920600.0
206,2021-10-07 07:10:49,16850.0,800.0,1919600.0
207,2021-10-07 07:10:43,16850.0,400.0,1918800.0
208,2021-10-07 07:10:09,16850.0,100.0,1918400.0
209,2021-10-07 07:09:42,16850.0,1000.0,1918300.0
210,2021-10-07 07:08:45,16900.0,800.0,1917300.0
211,2021-10-07 07:06:37,16900.0,200.0,1916500.0
212,2021-10-07 07:05:12,16900.0,1600.0,1916300.0
213,2021-10-07 07:05:12,16900.0,100.0,1914700.0
214,2021-10-07 07:05:12,16900.0,300.0,1914600.0
215,2021-10-07 07:05:12,16900.0,500.0,1914300.0
216,2021-10-07 07:05:12,16900.0,500.0,1913800.0
217,2021-10-07 07:05:12,16900.0,500.0,1913300.0
218,2021-10-07 07:05:12,16900.0,700.0,1912800.0
219,2021-10-07 07:05:12,16900.0,1000.0,1912100.0
220,2021-10-07 07:05:12,16900.0,200.0,1911100.0
221,2021-10-07 07:05:12,16900.0,2000.0,1910900.0
222,2021-10-07 07:05:12,16900.0,2000.0,1908900.0
223,2021-10-07 07:05:12,16900.0,300.0,1906900.0
224,2021-10-07 07:05:12,16900.0,100.0,1906600.0
225,2021-10-07 07:05:12,16900.0,200.0,1906500.0
226,2021-10-07 07:04:57,16900.0,1000.0,1906300.0
227,2021-10-07 07:04:48,16900.0,500.0,1905300.0
228,2021-10-07 07:04:32,16900.0,200.0,1904800.0
229,2021-10-07 07:04:25,16850.0,1500.0,1904600.0
230,2021-10-07 07:02:30,16850.0,1000.0,1903100.0
231,2021-10-07 07:00:14,16900.0,3200.0,1902100.0
232,2021-10-07 07:00:14,16900.0,2100.0,1898900.0
233,2021-10-07 07:00:14,16900.0,9700.0,1896800.0
234,2021-10-07 06:59:06,16900.0,300.0,1887100.0
235,2021-10-07 06:59:06,16900.0,200.0,1886800.0
236,2021-10-07 06:59:06,16900.0,200.0,1886600.0
237,2021-10-07 06:59:06,16900.0,300.0,1886400.0
238,2021-10-07 06:59:06,16900.0,2000.0,1886100.0
239,2021-10-07 06:58:55,16850.0,200.0,1884100.0
240,2021-10-07 06:58:55,16850.0,500.0,1883900.0
241,2021-10-07 06:58:55,16850.0,1300.0,1883400.0
242,2021-10-07 06:58:17,16850.0,1500.0,1882100.0
243,2021-10-07 06:58:11,16850.0,100.0,1880600.0
244,2021-10-07 06:58:03,16850.0,300.0,1880500.0
245,2021-10-07 06:57:33,16850.0,1000.0,1880200.0
246,2021-10-07 06:56:49,16850.0,100.0,1879200.0
247,2021-10-07 06:56:30,16850.0,5000.0,1879100.0
248,2021-10-07 06:56:23,16850.0,500.0,1874100.0
249,2021-10-07 06:54:37,16900.0,100.0,1873600.0
250,2021-10-07 06:54:36,16850.0,100.0,1873500.0
251,2021-10-07 06:54:03,16850.0,100.0,1873400.0
252,2021-10-07 06:54:03,16850.0,1600.0,1873300.0
253,2021-10-07 06:53:14,16850.0,200.0,1871700.0
254,2021-10-07 06:53:14,16850.0,500.0,1871500.0
255,2021-10-07 06:53:14,16850.0,600.0,1871000.0
256,2021-10-07 06:52:57,16850.0,500.0,1870400.0
257,2021-10-07 06:52:29,16850.0,200.0,1869900.0
258,2021-10-07 06:52:10,16850.0,500.0,1869700.0
259,2021-10-07 06:52:00,16850.0,1000.0,1869200.0
260,2021-10-07 06:51:59,16850.0,100.0,1868200.0
261,2021-10-07 06:51:15,16850.0,200.0,1868100.0
262,2021-10-07 06:50:43,16850.0,500.0,1867900.0
263,2021-10-07 06:50:43,16850.0,900.0,1867400.0
264,2021-10-07 06:50:43,16850.0,500.0,1866500.0
265,2021-10-07 06:50:36,16850.0,200.0,1866000.0
266,2021-10-07 06:50:35,16850.0,200.0,1865800.0
267,2021-10-07 06:50:08,16850.0,600.0,1865600.0
268,2021-10-07 06:50:08,16850.0,400.0,1865000.0
269,2021-10-07 06:49:45,16850.0,100.0,1864600.0
270,2021-10-07 06:49:45,16850.0,100.0,1864500.0
271,2021-10-07 06:49:45,16850.0,400.0,1864400.0
272,2021-10-07 06:49:45,16850.0,1000.0,1864000.0
273,2021-10-07 06:49:45,16850.0,1000.0,1863000.0
274,2021-10-07 06:49:45,16850.0,100.0,1862000.0
275,2021-10-07 06:49:45,16850.0,1900.0,1861900.0
276,2021-10-07 06:49:36,16850.0,100.0,1860000.0
277,2021-10-07 06:49:01,16850.0,100.0,1859900.0
278,2021-10-07 06:49:01,16850.0,1000.0,1859800.0
279,2021-10-07 06:49:01,16850.0,100.0,1858800.0
280,2021-10-07 06:49:01,16850.0,800.0,1858700.0
281,2021-10-07 06:48:10,16900.0,100.0,1857900.0
282,2021-10-07 06:47:39,16900.0,2800.0,1857800.0
283,2021-10-07 06:47:39,16900.0,100.0,1855000.0
284,2021-10-07 06:47:39,16900.0,100.0,1854900.0
285,2021-10-07 06:47:16,16900.0,300.0,1854800.0
286,2021-10-07 06:47:16,16900.0,200.0,1854500.0
287,2021-10-07 06:46:35,16900.0,100.0,1854300.0
288,2021-10-07 06:45:24,16850.0,200.0,1854200.0
289,2021-10-07 06:45:16,16850.0,200.0,1854000.0
290,2021-10-07 06:45:16,16850.0,200.0,1853800.0
291,2021-10-07 06:45:16,16850.0,1000.0,1853600.0
292,2021-10-07 06:45:16,16850.0,100.0,1852600.0
293,2021-10-07 06:45:11,16850.0,1000.0,1852500.0
294,2021-10-07 06:45:10,16850.0,100.0,1851500.0
295,2021-10-07 06:45:08,16800.0,1000.0,1851400.0
296,2021-10-07 06:45:06,16850.0,1100.0,1850400.0
297,2021-10-07 06:45:01,16850.0,500.0,1849300.0
298,2021-10-07 06:44:59,16850.0,300.0,1848800.0
299,2021-10-07 06:44:50,16850.0,5000.0,1848500.0
300,2021-10-07 06:44:15,16850.0,100.0,1843500.0
301,2021-10-07 06:43:57,16850.0,300.0,1843400.0
302,2021-10-07 06:43:51,16850.0,1000.0,1843100.0
303,2021-10-07 06:43:37,16850.0,400.0,1842100.0
304,2021-10-07 06:43:13,16850.0,100.0,1841700.0
305,2021-10-07 06:42:51,16850.0,300.0,1841600.0
306,2021-10-07 06:42:50,16850.0,800.0,1841300.0
307,2021-10-07 06:42:50,16850.0,200.0,1840500.0
308,2021-10-07 06:42:25,16850.0,200.0,1840300.0
309,2021-10-07 06:41:40,16850.0,200.0,1840100.0
310,2021-10-07 06:41:24,16850.0,300.0,1839900.0
311,2021-10-07 06:40:56,16850.0,400.0,1839600.0
312,2021-10-07 06:40:56,16850.0,500.0,1839200.0
313,2021-10-07 06:40:56,16850.0,100.0,1838700.0
314,2021-10-07 06:40:56,16850.0,300.0,1838600.0
315,2021-10-07 06:40:56,16850.0,1000.0,1838300.0
316,2021-10-07 06:40:56,16850.0,1000.0,1837300.0
317,2021-10-07 06:40:56,16850.0,500.0,1836300.0
318,2021-10-07 06:40:56,16850.0,10000.0,1835800.0
319,2021-10-07 06:40:56,16850.0,500.0,1825800.0
320,2021-10-07 06:40:56,16850.0,400.0,1825300.0
321,2021-10-07 06:40:56,16850.0,100.0,1824900.0
322,2021-10-07 06:40:56,16850.0,4300.0,1824800.0
323,2021-10-07 06:40:49,16900.0,200.0,1820500.0
324,2021-10-07 06:40:49,16900.0,100.0,1820300.0
325,2021-10-07 06:40:25,16900.0,2800.0,1820200.0
326,2021-10-07 06:40:18,16900.0,100.0,1817400.0
327,2021-10-07 06:40:18,16900.0,200.0,1817300.0
328,2021-10-07 06:40:14,16900.0,5000.0,1817100.0
329,2021-10-07 06:39:38,16900.0,200.0,1812100.0
330,2021-10-07 06:39:28,16850.0,700.0,1811900.0
331,2021-10-07 06:39:28,16850.0,500.0,1811200.0
332,2021-10-07 06:39:28,16850.0,100.0,1810700.0
333,2021-10-07 06:39:28,16850.0,2000.0,1810600.0
334,2021-10-07 06:39:28,16850.0,100.0,1808600.0
335,2021-10-07 06:39:28,16850.0,100.0,1808500.0
336,2021-10-07 06:39:28,16850.0,300.0,1808400.0
337,2021-10-07 06:38:45,16900.0,200.0,1808100.0
338,2021-10-07 06:38:33,16900.0,1900.0,1807900.0
339,2021-10-07 06:38:16,16850.0,200.0,1806000.0
340,2021-10-07 06:38:16,16850.0,300.0,1805800.0
341,2021-10-07 06:38:16,16850.0,100.0,1805500.0
342,2021-10-07 06:38:16,16850.0,2000.0,1805400.0
343,2021-10-07 06:38:16,16850.0,200.0,1803400.0
344,2021-10-07 06:37:56,16850.0,200.0,1803200.0
345,2021-10-07 06:37:56,16850.0,800.0,1803000.0
346,2021-10-07 06:37:54,16900.0,700.0,1802200.0
347,2021-10-07 06:37:54,16900.0,300.0,1801500.0
348,2021-10-07 06:37:09,16850.0,1200.0,1801200.0
349,2021-10-07 06:36:14,16900.0,100.0,1800000.0
350,2021-10-07 06:36:05,16900.0,300.0,1799900.0
351,2021-10-07 06:35:12,16900.0,100.0,1799600.0
352,2021-10-07 06:34:32,16900.0,1200.0,1799500.0
353,2021-10-07 06:34:32,16900.0,100.0,1798300.0
354,2021-10-07 06:34:32,16900.0,200.0,1798200.0
355,2021-10-07 06:34:13,16900.0,3000.0,1798000.0
356,2021-10-07 06:34:13,16900.0,100.0,1795000.0
357,2021-10-07 06:34:13,16900.0,500.0,1794900.0
358,2021-10-07 06:34:13,16900.0,1500.0,1794400.0
359,2021-10-07 06:34:13,16900.0,200.0,1792900.0
360,2021-10-07 06:34:13,16900.0,200.0,1792700.0
361,2021-10-07 06:34:13,16900.0,1000.0,1792500.0
362,2021-10-07 06:34:13,16900.0,200.0,1791500.0
363,2021-10-07 06:34:13,16900.0,200.0,1791300.0
364,2021-10-07 06:34:13,16900.0,10000.0,1791100.0
365,2021-10-07 06:34:13,16900.0,100.0,1781100.0
366,2021-10-07 06:34:13,16900.0,100.0,1781000.0
367,2021-10-07 06:34:13,16900.0,2000.0,1780900.0
368,2021-10-07 06:34:13,16900.0,700.0,1778900.0
369,2021-10-07 06:34:12,16900.0,400.0,1778200.0
370,2021-10-07 06:33:52,16900.0,100.0,1777800.0
371,2021-10-07 06:33:43,16900.0,600.0,1777700.0
372,2021-10-07 06:33:30,16900.0,800.0,1777100.0
373,2021-10-07 06:33:13,16900.0,2200.0,1776300.0
374,2021-10-07 06:33:13,16900.0,1000.0,1774100.0
375,2021-10-07 06:33:13,16900.0,200.0,1773100.0
376,2021-10-07 06:33:13,16900.0,100.0,1772900.0
377,2021-10-07 06:33:13,16900.0,1000.0,1772800.0
378,2021-10-07 06:33:13,16900.0,1500.0,1771800.0
379,2021-10-07 06:33:13,16900.0,300.0,1770300.0
380,2021-10-07 06:33:13,16900.0,200.0,1770000.0
381,2021-10-07 06:32:47,16950.0,300.0,1769800.0
382,2021-10-07 06:32:47,16950.0,700.0,1769500.0
383,2021-10-07 06:32:38,16900.0,900.0,1768800.0
384,2021-10-07 06:32:38,16900.0,100.0,1767900.0
385,2021-10-07 06:32:26,16950.0,500.0,1767800.0
386,2021-10-07 06:32:25,16950.0,6500.0,1767300.0
387,2021-10-07 06:31:55,16950.0,200.0,1760800.0
388,2021-10-07 06:31:55,16950.0,500.0,1760600.0
389,2021-10-07 06:31:55,16950.0,300.0,1760100.0
390,2021-10-07 06:31:45,16900.0,300.0,1759800.0
391,2021-10-07 06:30:30,16950.0,1700.0,1759500.0
392,2021-10-07 06:30:30,16950.0,3000.0,1757800.0
393,2021-10-07 06:30:30,16950.0,500.0,1754800.0
394,2021-10-07 06:30:30,16950.0,300.0,1754300.0
395,2021-10-07 06:30:30,16950.0,10000.0,1754000.0
396,2021-10-07 06:30:30,16950.0,500.0,1744000.0
397,2021-10-07 06:30:30,16950.0,500.0,1743500.0
398,2021-10-07 06:30:30,16950.0,2000.0,1743000.0
399,2021-10-07 06:30:30,16950.0,1000.0,1741000.0
400,2021-10-07 06:30:30,16950.0,500.0,1740000.0
401,2021-10-07 06:30:26,16900.0,500.0,1739500.0
402,2021-10-07 06:30:23,16900.0,200.0,1739000.0
403,2021-10-07 06:30:23,16900.0,1000.0,1738800.0
404,2021-10-07 06:30:23,16900.0,100.0,1737800.0
405,2021-10-07 06:30:23,16900.0,100.0,1737700.0
406,2021-10-07 06:30:23,16900.0,1000.0,1737600.0
407,2021-10-07 06:30:23,16900.0,400.0,1736600.0
408,2021-10-07 06:30:23,16900.0,1000.0,1736200.0
409,2021-10-07 06:30:23,16900.0,100.0,1735200.0
410,2021-10-07 06:30:23,16900.0,100.0,1735100.0
411,2021-10-07 06:30:23,16900.0,200.0,1735000.0
412,2021-10-07 06:30:23,16900.0,300.0,1734800.0
413,2021-10-07 06:30:23,16900.0,1900.0,1734500.0
414,2021-10-07 06:30:23,16900.0,1700.0,1732600.0
415,2021-10-07 06:30:23,16900.0,100.0,1730900.0
416,2021-10-07 06:30:23,16900.0,100.0,1730800.0
417,2021-10-07 06:30:23,16900.0,1700.0,1730700.0
418,2021-10-07 06:30:21,16900.0,3300.0,1729000.0
419,2021-10-07 06:30:21,16900.0,500.0,1725700.0
420,2021-10-07 06:30:21,16900.0,800.0,1725200.0
421,2021-10-07 06:30:21,16900.0,300.0,1724400.0
422,2021-10-07 06:30:19,16950.0,500.0,1724100.0
423,2021-10-07 06:29:40,16900.0,1000.0,1723600.0
424,2021-10-07 06:29:36,16900.0,500.0,1722600.0
425,2021-10-07 06:28:58,16950.0,100.0,1722100.0
426,2021-10-07 06:28:40,16950.0,1000.0,1722000.0
427,2021-10-07 06:27:34,16950.0,1000.0,1721000.0
428,2021-10-07 06:27:27,16950.0,700.0,1720000.0
429,2021-10-07 06:27:27,16950.0,100.0,1719300.0
430,2021-10-07 06:27:27,16950.0,2200.0,1719200.0
431,2021-10-07 06:27:02,16950.0,400.0,1717000.0
432,2021-10-07 06:26:19,16950.0,400.0,1716600.0
433,2021-10-07 06:26:19,16950.0,600.0,1716200.0
434,2021-10-07 06:26:18,16950.0,900.0,1715600.0
435,2021-10-07 06:25:37,16950.0,200.0,1714700.0
436,2021-10-07 06:25:32,16950.0,300.0,1714500.0
437,2021-10-07 06:25:31,16900.0,1500.0,1714200.0
438,2021-10-07 06:25:17,16900.0,1000.0,1712700.0
439,2021-10-07 06:25:15,16950.0,200.0,1711700.0
440,2021-10-07 06:25:09,16950.0,1000.0,1711500.0
441,2021-10-07 06:24:53,16950.0,2000.0,1710500.0
442,2021-10-07 06:24:53,16950.0,1400.0,1708500.0
443,2021-10-07 06:24:49,17000.0,800.0,1707100.0
444,2021-10-07 06:24:49,17000.0,1800.0,1706300.0
445,2021-10-07 06:24:48,16950.0,1300.0,1704500.0
446,2021-10-07 06:24:41,16950.0,4500.0,1703200.0
447,2021-10-07 06:24:41,16950.0,900.0,1698700.0
448,2021-10-07 06:24:41,16950.0,500.0,1697800.0
449,2021-10-07 06:24:41,16950.0,100.0,1697300.0
450,2021-10-07 06:24:41,16950.0,1000.0,1697200.0
451,2021-10-07 06:24:41,16950.0,100.0,1696200.0
452,2021-10-07 06:24:41,16950.0,600.0,1696100.0
453,2021-10-07 06:24:41,16950.0,10300.0,1695500.0
454,2021-10-07 06:24:39,16950.0,2000.0,1685200.0
455,2021-10-07 06:24:29,16950.0,1500.0,1683200.0
456,2021-10-07 06:24:19,16950.0,200.0,1681700.0
457,2021-10-07 06:23:55,16950.0,200.0,1681500.0
458,2021-10-07 06:23:50,16950.0,3300.0,1681300.0
459,2021-10-07 06:23:41,16950.0,2500.0,1678000.0
460,2021-10-07 06:22:54,16950.0,1000.0,1675500.0
461,2021-10-07 06:22:54,16950.0,100.0,1674500.0
462,2021-10-07 06:22:54,16950.0,100.0,1674400.0
463,2021-10-07 06:22:54,16950.0,300.0,1674300.0
464,2021-10-07 06:22:54,16950.0,1000.0,1674000.0
465,2021-10-07 06:22:54,16950.0,1700.0,1673000.0
466,2021-10-07 06:22:46,16950.0,200.0,1671300.0
467,2021-10-07 06:22:31,16950.0,100.0,1671100.0
468,2021-10-07 06:22:31,16950.0,100.0,1671000.0
469,2021-10-07 06:22:10,17000.0,200.0,1670900.0
470,2021-10-07 06:21:36,17000.0,6000.0,1670700.0
471,2021-10-07 06:21:28,17000.0,300.0,1664700.0
472,2021-10-07 06:21:28,17000.0,5000.0,1664400.0
473,2021-10-07 06:21:28,17000.0,500.0,1659400.0
474,2021-10-07 06:21:28,17000.0,300.0,1658900.0
475,2021-10-07 06:21:28,17000.0,100.0,1658600.0
476,2021-10-07 06:21:28,17000.0,200.0,1658500.0
477,2021-10-07 06:21:28,17000.0,500.0,1658300.0
478,2021-10-07 06:21:28,17000.0,100.0,1657800.0
479,2021-10-07 06:21:16,17000.0,46200.0,1657700.0
480,2021-10-07 06:21:16,17000.0,1000.0,1611500.0
481,2021-10-07 06:21:16,17000.0,18000.0,1610500.0
482,2021-10-07 06:21:16,17000.0,500.0,1592500.0
483,2021-10-07 06:21:16,17000.0,4000.0,1592000.0
484,2021-10-07 06:21:16,17000.0,500.0,1588000.0
485,2021-10-07 06:21:16,17000.0,1900.0,1587500.0
486,2021-10-07 06:21:16,17000.0,1900.0,1585600.0
487,2021-10-07 06:21:16,17000.0,4000.0,1583700.0
488,2021-10-07 06:21:16,17000.0,100.0,1579700.0
489,2021-10-07 06:21:16,17000.0,1000.0,1579600.0
490,2021-10-07 06:21:16,17000.0,200.0,1578600.0
491,2021-10-07 06:21:16,17000.0,100.0,1578400.0
492,2021-10-07 06:21:16,17000.0,20600.0,1578300.0
493,2021-10-07 06:21:07,17050.0,1000.0,1557700.0
494,2021-10-07 06:21:07,17050.0,300.0,1556700.0
495,2021-10-07 06:21:07,17050.0,1000.0,1556400.0
496,2021-10-07 06:21:07,17050.0,500.0,1555400.0
497,2021-10-07 06:21:07,17050.0,100.0,1554900.0
498,2021-10-07 06:21:04,17050.0,1100.0,1554800.0
499,2021-10-07 06:21:04,17050.0,7900.0,1553700.0
500,2021-10-07 06:20:58,17050.0,2100.0,1545800.0
501,2021-10-07 06:20:58,17050.0,200.0,1543700.0
502,2021-10-07 06:20:58,17050.0,300.0,1543500.0
503,2021-10-07 06:20:58,17050.0,200.0,1543200.0
504,2021-10-07 06:20:58,17050.0,7000.0,1543000.0
505,2021-10-07 06:20:58,17050.0,600.0,1536000.0
506,2021-10-07 06:20:46,17050.0,400.0,1535400.0
507,2021-10-07 06:20:46,17050.0,500.0,1535000.0
508,2021-10-07 06:20:46,17050.0,100.0,1534500.0
509,2021-10-07 06:20:43,17050.0,900.0,1534400.0
510,2021-10-07 06:20:43,17050.0,100.0,1533500.0
511,2021-10-07 06:20:33,17050.0,1500.0,1533400.0
512,2021-10-07 06:20:26,17050.0,200.0,1531900.0
513,2021-10-07 06:20:14,17050.0,1000.0,1531700.0
514,2021-10-07 06:20:14,17050.0,300.0,1530700.0
515,2021-10-07 06:20:08,17050.0,100.0,1530400.0
516,2021-10-07 06:20:08,17050.0,1300.0,1530300.0
517,2021-10-07 06:20:08,17050.0,1000.0,1529000.0
518,2021-10-07 06:20:08,17050.0,600.0,1528000.0
519,2021-10-07 06:20:00,17100.0,100.0,1527400.0
520,2021-10-07 06:20:00,17100.0,300.0,1527300.0
521,2021-10-07 06:19:58,17050.0,100.0,1527000.0
522,2021-10-07 06:19:08,17100.0,200.0,1526900.0
523,2021-10-07 06:19:08,17100.0,200.0,1526700.0
524,2021-10-07 06:19:07,17050.0,300.0,1526500.0
525,2021-10-07 06:19:07,17050.0,300.0,1526200.0
526,2021-10-07 06:18:34,17100.0,300.0,1525900.0
527,2021-10-07 06:18:34,17100.0,500.0,1525600.0
528,2021-10-07 06:18:34,17100.0,100.0,1525100.0
529,2021-10-07 06:18:34,17100.0,100.0,1525000.0
530,2021-10-07 06:17:09,17100.0,1000.0,1524900.0
531,2021-10-07 06:17:09,17100.0,1000.0,1523900.0
532,2021-10-07 06:16:56,17100.0,1000.0,1522900.0
533,2021-10-07 06:16:48,17050.0,1000.0,1521900.0
534,2021-10-07 06:16:26,17050.0,100.0,1520900.0
535,2021-10-07 06:16:09,17050.0,100.0,1520800.0
536,2021-10-07 06:15:59,17050.0,1200.0,1520700.0
537,2021-10-07 06:15:41,17050.0,500.0,1519500.0
538,2021-10-07 06:15:31,17050.0,2000.0,1519000.0
539,2021-10-07 06:15:27,17050.0,500.0,1517000.0
540,2021-10-07 06:15:20,17050.0,1300.0,1516500.0
541,2021-10-07 06:15:19,17050.0,300.0,1515200.0
542,2021-10-07 06:15:19,17050.0,100.0,1514900.0
543,2021-10-07 06:15:10,17050.0,700.0,1514800.0
544,2021-10-07 06:15:05,17050.0,500.0,1514100.0
545,2021-10-07 06:15:02,17050.0,2000.0,1513600.0
546,2021-10-07 06:15:02,17050.0,1000.0,1511600.0
547,2021-10-07 06:15:02,17050.0,500.0,1510600.0
548,2021-10-07 06:15:02,17050.0,200.0,1510100.0
549,2021-10-07 06:15:02,17050.0,500.0,1509900.0
550,2021-10-07 06:15:02,17050.0,100.0,1509400.0
551,2021-10-07 06:14:46,17050.0,1000.0,1509300.0
552,2021-10-07 06:14:45,17050.0,200.0,1508300.0
553,2021-10-07 06:14:45,17050.0,100.0,1508100.0
554,2021-10-07 06:14:45,17050.0,800.0,1508000.0
555,2021-10-07 06:14:45,17050.0,100.0,1507200.0
556,2021-10-07 06:14:45,17050.0,100.0,1507100.0
557,2021-10-07 06:14:45,17050.0,1000.0,1507000.0
558,2021-10-07 06:14:45,17050.0,3400.0,1506000.0
559,2021-10-07 06:14:45,17050.0,1000.0,1502600.0
560,2021-10-07 06:14:45,17050.0,300.0,1501600.0
561,2021-10-07 06:14:45,17050.0,1200.0,1501300.0
562,2021-10-07 06:14:45,17050.0,1300.0,1500100.0
563,2021-10-07 06:14:45,17050.0,500.0,1498800.0
564,2021-10-07 06:14:45,17050.0,5000.0,1498300.0
565,2021-10-07 06:14:45,17050.0,5000.0,1493300.0
566,2021-10-07 06:14:10,17000.0,500.0,1488300.0
567,2021-10-07 06:14:10,17000.0,900.0,1487800.0
568,2021-10-07 06:14:08,17000.0,100.0,1486900.0
569,2021-10-07 06:14:03,17000.0,1000.0,1486800.0
570,2021-10-07 06:14:03,17000.0,600.0,1485800.0
571,2021-10-07 06:14:03,17000.0,2000.0,1485200.0
572,2021-10-07 06:14:03,17000.0,1000.0,1483200.0
573,2021-10-07 06:14:03,17000.0,1000.0,1482200.0
574,2021-10-07 06:14:03,17000.0,700.0,1481200.0
575,2021-10-07 06:14:03,17000.0,400.0,1480500.0
576,2021-10-07 06:14:03,17000.0,500.0,1480100.0
577,2021-10-07 06:14:03,17000.0,500.0,1479600.0
578,2021-10-07 06:14:03,17000.0,2300.0,1479100.0
579,2021-10-07 06:13:52,17000.0,600.0,1476800.0
580,2021-10-07 06:13:52,17000.0,100.0,1476200.0
581,2021-10-07 06:13:52,17000.0,200.0,1476100.0
582,2021-10-07 06:13:52,17000.0,200.0,1475900.0
583,2021-10-07 06:13:52,17000.0,1000.0,1475700.0
584,2021-10-07 06:13:52,17000.0,2000.0,1474700.0
585,2021-10-07 06:13:52,17000.0,500.0,1472700.0
586,2021-10-07 06:13:52,17000.0,500.0,1472200.0
587,2021-10-07 06:13:52,17000.0,100.0,1471700.0
588,2021-10-07 06:13:52,17000.0,100.0,1471600.0
589,2021-10-07 06:13:52,17000.0,100.0,1471500.0
590,2021-10-07 06:13:52,17000.0,500.0,1471400.0
591,2021-10-07 06:13:52,17000.0,1700.0,1470900.0
592,2021-10-07 06:13:52,17000.0,1000.0,1469200.0
593,2021-10-07 06:13:52,17000.0,200.0,1468200.0
594,2021-10-07 06:13:52,17000.0,500.0,1468000.0
595,2021-10-07 06:13:52,17000.0,100.0,1467500.0
596,2021-10-07 06:13:52,17000.0,100.0,1467400.0
597,2021-10-07 06:13:52,17000.0,500.0,1467300.0
598,2021-10-07 06:13:52,17000.0,1000.0,1466800.0
599,2021-10-07 06:13:52,17000.0,1000.0,1465800.0
600,2021-10-07 06:13:52,17000.0,2000.0,1464800.0
601,2021-10-07 06:13:52,17000.0,100.0,1462800.0
602,2021-10-07 06:13:52,17000.0,400.0,1462700.0
603,2021-10-07 06:13:52,17000.0,1000.0,1462300.0
604,2021-10-07 06:13:52,17000.0,600.0,1461300.0
605,2021-10-07 06:13:52,17000.0,900.0,1460700.0
606,2021-10-07 06:13:52,17000.0,100.0,1459800.0
607,2021-10-07 06:13:52,17000.0,3000.0,1459700.0
608,2021-10-07 06:13:52,17000.0,900.0,1456700.0
609,2021-10-07 06:13:50,16950.0,600.0,1455800.0
610,2021-10-07 06:13:50,16950.0,400.0,1455200.0
611,2021-10-07 06:13:44,17000.0,1000.0,1454800.0
612,2021-10-07 06:13:33,17000.0,100.0,1453800.0
613,2021-10-07 06:13:33,17000.0,100.0,1453700.0
614,2021-10-07 06:13:33,17000.0,1000.0,1453600.0
615,2021-10-07 06:13:33,17000.0,200.0,1452600.0
616,2021-10-07 06:13:33,17000.0,100.0,1452400.0
617,2021-10-07 06:13:33,17000.0,300.0,1452300.0
618,2021-10-07 06:13:33,17000.0,200.0,1452000.0
619,2021-10-07 06:13:27,17000.0,500.0,1451800.0
620,2021-10-07 06:13:26,17000.0,100.0,1451300.0
621,2021-10-07 06:13:26,17000.0,100.0,1451200.0
622,2021-10-07 06:13:22,17000.0,300.0,1451100.0
623,2021-10-07 06:13:22,17000.0,400.0,1450800.0
624,2021-10-07 06:13:08,17000.0,1100.0,1450400.0
625,2021-10-07 06:13:08,17000.0,200.0,1449300.0
626,2021-10-07 06:13:08,17000.0,1000.0,1449100.0
627,2021-10-07 06:13:08,17000.0,300.0,1448100.0
628,2021-10-07 06:13:08,17000.0,1000.0,1447800.0
629,2021-10-07 06:13:08,17000.0,1500.0,1446800.0
630,2021-10-07 06:13:08,17000.0,1000.0,1445300.0
631,2021-10-07 06:13:08,17000.0,300.0,1444300.0
632,2021-10-07 06:13:08,17000.0,500.0,1444000.0
633,2021-10-07 06:13:08,17000.0,3000.0,1443500.0
634,2021-10-07 06:13:08,17000.0,100.0,1440500.0
635,2021-10-07 06:13:08,17000.0,400.0,1440400.0
636,2021-10-07 06:13:08,17000.0,100.0,1440000.0
637,2021-10-07 06:13:08,17000.0,1000.0,1439900.0
638,2021-10-07 06:13:08,17000.0,100.0,1438900.0
639,2021-10-07 06:13:08,17000.0,100.0,1438800.0
640,2021-10-07 06:13:08,17000.0,1000.0,1438700.0
641,2021-10-07 06:13:08,17000.0,500.0,1437700.0
642,2021-10-07 06:13:08,17000.0,10000.0,1437200.0
643,2021-10-07 06:13:08,17000.0,3000.0,1427200.0
644,2021-10-07 06:13:08,17000.0,500.0,1424200.0
645,2021-10-07 06:13:08,17000.0,100.0,1423700.0
646,2021-10-07 06:13:08,17000.0,5000.0,1423600.0
647,2021-10-07 06:13:08,17000.0,2000.0,1418600.0
648,2021-10-07 06:13:08,17000.0,200.0,1416600.0
649,2021-10-07 06:13:08,17000.0,500.0,1416400.0
650,2021-10-07 06:13:08,17000.0,100.0,1415900.0
651,2021-10-07 06:13:08,17000.0,100.0,1415800.0
652,2021-10-07 06:13:08,17000.0,300.0,1415700.0
653,2021-10-07 06:13:08,17000.0,200.0,1415400.0
654,2021-10-07 06:13:08,17000.0,100.0,1415200.0
655,2021-10-07 06:13:08,17000.0,7500.0,1415100.0
656,2021-10-07 06:13:08,17000.0,100.0,1407600.0
657,2021-10-07 06:13:08,17000.0,1000.0,1407500.0
658,2021-10-07 06:13:08,17000.0,300.0,1406500.0
659,2021-10-07 06:13:08,17000.0,300.0,1406200.0
660,2021-10-07 06:13:08,17000.0,600.0,1405900.0
661,2021-10-07 06:13:08,17000.0,1000.0,1405300.0
662,2021-10-07 06:13:08,17000.0,100.0,1404300.0
663,2021-10-07 06:13:08,17000.0,300.0,1404200.0
664,2021-10-07 06:13:08,17000.0,300.0,1403900.0
665,2021-10-07 06:13:08,17000.0,1000.0,1403600.0
666,2021-10-07 06:13:08,17000.0,300.0,1402600.0
667,2021-10-07 06:13:08,17000.0,900.0,1402300.0
668,2021-10-07 06:12:50,16950.0,1000.0,1401400.0
669,2021-10-07 06:12:29,16950.0,3500.0,1400400.0
670,2021-10-07 06:12:21,16950.0,600.0,1396900.0
671,2021-10-07 06:12:21,16950.0,9100.0,1396300.0
672,2021-10-07 06:12:21,16950.0,300.0,1387200.0
673,2021-10-07 06:12:13,17000.0,500.0,1386900.0
674,2021-10-07 06:11:49,17000.0,100.0,1386400.0
675,2021-10-07 06:11:48,17000.0,300.0,1386300.0
676,2021-10-07 06:11:48,17000.0,100.0,1386000.0
677,2021-10-07 06:11:48,17000.0,500.0,1385900.0
678,2021-10-07 06:11:48,17000.0,300.0,1385400.0
679,2021-10-07 06:11:48,17000.0,2000.0,1385100.0
680,2021-10-07 06:11:48,17000.0,100.0,1383100.0
681,2021-10-07 06:11:48,17000.0,500.0,1383000.0
682,2021-10-07 06:11:48,17000.0,100.0,1382500.0
683,2021-10-07 06:11:48,17000.0,400.0,1382400.0
684,2021-10-07 06:11:48,17000.0,1000.0,1382000.0
685,2021-10-07 06:11:48,17000.0,1000.0,1381000.0
686,2021-10-07 06:11:48,17000.0,1700.0,1380000.0
687,2021-10-07 06:11:39,17000.0,300.0,1378300.0
688,2021-10-07 06:11:39,17000.0,200.0,1378000.0
689,2021-10-07 06:11:20,16950.0,200.0,1377800.0
690,2021-10-07 06:11:01,16950.0,500.0,1377600.0
691,2021-10-07 06:10:59,16950.0,100.0,1377100.0
692,2021-10-07 06:10:59,16950.0,100.0,1377000.0
693,2021-10-07 06:10:59,16950.0,300.0,1376900.0
694,2021-10-07 06:10:59,16950.0,100.0,1376600.0
695,2021-10-07 06:10:59,16950.0,800.0,1376500.0
696,2021-10-07 06:10:59,16950.0,200.0,1375700.0
697,2021-10-07 06:10:59,16950.0,2600.0,1375500.0
698,2021-10-07 06:10:59,16950.0,500.0,1372900.0
699,2021-10-07 06:10:41,17000.0,800.0,1372400.0
700,2021-10-07 06:10:41,17000.0,200.0,1371600.0
701,2021-10-07 06:10:12,17000.0,300.0,1371400.0
702,2021-10-07 06:10:12,17000.0,1000.0,1371100.0
703,2021-10-07 06:10:12,17000.0,100.0,1370100.0
704,2021-10-07 06:10:12,17000.0,2000.0,1370000.0
705,2021-10-07 06:10:12,17000.0,500.0,1368000.0
706,2021-10-07 06:10:12,17000.0,300.0,1367500.0
707,2021-10-07 06:10:12,17000.0,500.0,1367200.0
708,2021-10-07 06:10:12,17000.0,5000.0,1366700.0
709,2021-10-07 06:10:12,17000.0,2000.0,1361700.0
710,2021-10-07 06:10:12,17000.0,2000.0,1359700.0
711,2021-10-07 06:10:12,17000.0,900.0,1357700.0
712,2021-10-07 06:10:12,17000.0,1300.0,1356800.0
713,2021-10-07 06:10:12,17000.0,500.0,1355500.0
714,2021-10-07 06:10:12,17000.0,100.0,1355000.0
715,2021-10-07 06:10:12,17000.0,700.0,1354900.0
716,2021-10-07 06:10:12,17000.0,200.0,1354200.0
717,2021-10-07 06:10:12,17000.0,100.0,1354000.0
718,2021-10-07 06:10:12,17000.0,100.0,1353900.0
719,2021-10-07 06:10:12,17000.0,300.0,1353800.0
720,2021-10-07 06:10:12,17000.0,2000.0,1353500.0
721,2021-10-07 06:10:12,17000.0,500.0,1351500.0
722,2021-10-07 06:10:12,17000.0,5000.0,1351000.0
723,2021-10-07 06:10:12,17000.0,700.0,1346000.0
724,2021-10-07 06:10:12,17000.0,1500.0,1345300.0
725,2021-10-07 06:10:12,17000.0,100.0,1343800.0
726,2021-10-07 06:10:12,17000.0,200.0,1343700.0
727,2021-10-07 06:10:12,17000.0,900.0,1343500.0
728,2021-10-07 06:10:12,17000.0,2000.0,1342600.0
729,2021-10-07 06:10:12,17000.0,100.0,1340600.0
730,2021-10-07 06:10:12,17000.0,1000.0,1340500.0
731,2021-10-07 06:10:12,17000.0,400.0,1339500.0
732,2021-10-07 06:10:12,17000.0,1000.0,1339100.0
733,2021-10-07 06:10:12,17000.0,6700.0,1338100.0
734,2021-10-07 06:09:43,16950.0,400.0,1331400.0
735,2021-10-07 06:09:36,16950.0,100.0,1331000.0
736,2021-10-07 06:09:11,17000.0,100.0,1330900.0
737,2021-10-07 06:09:11,17000.0,100.0,1330800.0
738,2021-10-07 06:09:11,17000.0,300.0,1330700.0
739,2021-10-07 06:09:06,17000.0,1000.0,1330400.0
740,2021-10-07 06:09:04,17000.0,100.0,1329400.0
741,2021-10-07 06:08:44,17000.0,100.0,1329300.0
742,2021-10-07 06:08:44,17000.0,100.0,1329200.0
743,2021-10-07 06:08:28,17000.0,1000.0,1329100.0
744,2021-10-07 06:07:53,17000.0,3900.0,1328100.0
745,2021-10-07 06:07:53,17000.0,100.0,1324200.0
746,2021-10-07 06:07:53,17000.0,500.0,1324100.0
747,2021-10-07 06:07:53,17000.0,100.0,1323600.0
748,2021-10-07 06:07:53,17000.0,100.0,1323500.0
749,2021-10-07 06:07:53,17000.0,200.0,1323400.0
750,2021-10-07 06:07:53,16950.0,100.0,1323200.0
751,2021-10-07 06:07:48,16950.0,100.0,1323100.0
752,2021-10-07 06:07:48,16950.0,200.0,1323000.0
753,2021-10-07 06:07:25,16950.0,13800.0,1322800.0
754,2021-10-07 06:07:25,16950.0,100.0,1309000.0
755,2021-10-07 06:07:25,16950.0,2000.0,1308900.0
756,2021-10-07 06:07:25,16950.0,1000.0,1306900.0
757,2021-10-07 06:07:25,16950.0,300.0,1305900.0
758,2021-10-07 06:07:25,16950.0,500.0,1305600.0
759,2021-10-07 06:07:25,16950.0,1000.0,1305100.0
760,2021-10-07 06:07:25,16950.0,500.0,1304100.0
761,2021-10-07 06:07:25,16950.0,1000.0,1303600.0
762,2021-10-07 06:07:25,16950.0,500.0,1302600.0
763,2021-10-07 06:07:25,16950.0,9000.0,1302100.0
764,2021-10-07 06:07:25,16950.0,100.0,1293100.0
765,2021-10-07 06:07:25,16950.0,500.0,1293000.0
766,2021-10-07 06:07:25,16950.0,500.0,1292500.0
767,2021-10-07 06:07:25,16950.0,900.0,1292000.0
768,2021-10-07 06:07:25,16950.0,2000.0,1291100.0
769,2021-10-07 06:07:25,16950.0,400.0,1289100.0
770,2021-10-07 06:07:25,16950.0,1000.0,1288700.0
771,2021-10-07 06:07:25,16950.0,1000.0,1287700.0
772,2021-10-07 06:07:25,16950.0,100.0,1286700.0
773,2021-10-07 06:07:25,16950.0,100.0,1286600.0
774,2021-10-07 06:07:25,16950.0,200.0,1286500.0
775,2021-10-07 06:07:25,16950.0,100.0,1286300.0
776,2021-10-07 06:07:25,16950.0,200.0,1286200.0
777,2021-10-07 06:07:25,16950.0,900.0,1286000.0
778,2021-10-07 06:07:25,16950.0,2000.0,1285100.0
779,2021-10-07 06:07:25,16950.0,3600.0,1283100.0
780,2021-10-07 06:07:25,16950.0,700.0,1279500.0
781,2021-10-07 06:07:12,16900.0,800.0,1278800.0
782,2021-10-07 06:06:47,16900.0,8000.0,1278000.0
783,2021-10-07 06:05:32,16900.0,1000.0,1270000.0
784,2021-10-07 06:05:12,16900.0,100.0,1269000.0
785,2021-10-07 06:05:07,16950.0,300.0,1268900.0
786,2021-10-07 06:05:07,16950.0,1500.0,1268600.0
787,2021-10-07 06:03:48,16900.0,2000.0,1267100.0
788,2021-10-07 06:03:06,16900.0,2000.0,1265100.0
789,2021-10-07 06:00:34,16900.0,200.0,1263100.0
790,2021-10-07 06:00:27,16950.0,100.0,1262900.0
791,2021-10-07 06:00:22,16900.0,200.0,1262800.0
792,2021-10-07 06:00:17,16900.0,300.0,1262600.0
793,2021-10-07 06:00:12,16950.0,300.0,1262300.0
794,2021-10-07 06:00:12,16900.0,200.0,1262000.0
795,2021-10-07 06:00:07,16900.0,300.0,1261800.0
796,2021-10-07 06:00:04,16900.0,2600.0,1261500.0
797,2021-10-07 06:00:04,16900.0,6000.0,1258900.0
798,2021-10-07 06:00:04,16900.0,100.0,1252900.0
799,2021-10-07 06:00:04,16900.0,1300.0,1252800.0
800,2021-10-07 06:00:03,16950.0,1500.0,1251500.0
801,2021-10-07 06:00:03,16950.0,800.0,1250000.0
802,2021-10-07 06:00:03,16950.0,2000.0,1249200.0
803,2021-10-07 06:00:03,16950.0,500.0,1247200.0
804,2021-10-07 06:00:03,16950.0,600.0,1246700.0
805,2021-10-07 06:00:03,16950.0,1000.0,1246100.0
806,2021-10-07 06:00:03,16950.0,20000.0,1245100.0
807,2021-10-07 06:00:03,16950.0,100.0,1225100.0
808,2021-10-07 06:00:03,16950.0,1400.0,1225000.0
809,2021-10-07 06:00:03,16950.0,1500.0,1223600.0
810,2021-10-07 06:00:03,16950.0,100.0,1222100.0
811,2021-10-07 06:00:03,16950.0,500.0,1222000.0
812,2021-10-07 06:00:02,16900.0,200.0,1221500.0
813,2021-10-07 06:00:01,16900.0,100.0,1221300.0
814,2021-10-07 06:00:01,16900.0,400.0,1221200.0
815,2021-10-07 06:00:00,16950.0,100.0,1220800.0
816,2021-10-07 04:29:56,16900.0,100.0,1220700.0
817,2021-10-07 04:29:56,16900.0,400.0,1220600.0
818,2021-10-07 04:29:08,16900.0,3000.0,1220200.0
819,2021-10-07 04:27:43,16900.0,700.0,1217200.0
820,2021-10-07 04:27:19,16900.0,900.0,1216500.0
821,2021-10-07 04:27:10,16900.0,1000.0,1215600.0
822,2021-10-07 04:27:10,16900.0,1500.0,1214600.0
823,2021-10-07 04:27:10,16900.0,300.0,1213100.0
824,2021-10-07 04:27:10,16900.0,1000.0,1212800.0
825,2021-10-07 04:27:10,16900.0,200.0,1211800.0
826,2021-10-07 04:27:10,16900.0,200.0,1211600.0
827,2021-10-07 04:27:10,16900.0,600.0,1211400.0
828,2021-10-07 04:27:10,16900.0,300.0,1210800.0
829,2021-10-07 04:27:10,16900.0,100.0,1210500.0
830,2021-10-07 04:26:57,16850.0,1100.0,1210400.0
831,2021-10-07 04:26:45,16850.0,100.0,1209300.0
832,2021-10-07 04:25:46,16850.0,900.0,1209200.0
833,2021-10-07 04:25:46,16850.0,5000.0,1208300.0
834,2021-10-07 04:25:30,16850.0,10000.0,1203300.0
835,2021-10-07 04:24:57,16850.0,10000.0,1193300.0
836,2021-10-07 04:24:56,16850.0,300.0,1183300.0
837,2021-10-07 04:24:45,16850.0,400.0,1183000.0
838,2021-10-07 04:24:42,16850.0,100.0,1182600.0
839,2021-10-07 04:24:38,16850.0,15000.0,1182500.0
840,2021-10-07 04:24:27,16850.0,100.0,1167500.0
841,2021-10-07 04:24:27,16850.0,5000.0,1167400.0
842,2021-10-07 04:24:27,16850.0,100.0,1162400.0
843,2021-10-07 04:24:10,16900.0,200.0,1162300.0
844,2021-10-07 04:24:10,16900.0,300.0,1162100.0
845,2021-10-07 04:23:50,16900.0,200.0,1161800.0
846,2021-10-07 04:23:50,16900.0,5000.0,1161600.0
847,2021-10-07 04:23:50,16900.0,200.0,1156600.0
848,2021-10-07 04:23:50,16900.0,8000.0,1156400.0
849,2021-10-07 04:23:50,16900.0,100.0,1148400.0
850,2021-10-07 04:23:50,16900.0,3000.0,1148300.0
851,2021-10-07 04:23:50,16900.0,2500.0,1145300.0
852,2021-10-07 04:23:50,16900.0,100.0,1142800.0
853,2021-10-07 04:23:50,16900.0,500.0,1142700.0
854,2021-10-07 04:23:50,16900.0,4000.0,1142200.0
855,2021-10-07 04:23:50,16900.0,300.0,1138200.0
856,2021-10-07 04:23:50,16900.0,200.0,1137900.0
857,2021-10-07 04:23:50,16900.0,200.0,1137700.0
858,2021-10-07 04:23:50,16900.0,500.0,1137500.0
859,2021-10-07 04:23:50,16900.0,100.0,1137000.0
860,2021-10-07 04:23:50,16900.0,200.0,1136900.0
861,2021-10-07 04:23:50,16900.0,2000.0,1136700.0
862,2021-10-07 04:23:50,16900.0,500.0,1134700.0
863,2021-10-07 04:23:50,16900.0,100.0,1134200.0
864,2021-10-07 04:23:50,16900.0,600.0,1134100.0
865,2021-10-07 04:23:50,16900.0,2000.0,1133500.0
866,2021-10-07 04:23:50,16900.0,100.0,1131500.0
867,2021-10-07 04:23:50,16900.0,100.0,1131400.0
868,2021-10-07 04:23:50,16900.0,400.0,1131300.0
869,2021-10-07 04:23:50,16900.0,1500.0,1130900.0
870,2021-10-07 04:23:50,16900.0,1600.0,1129400.0
871,2021-10-07 04:23:50,16900.0,400.0,1127800.0
872,2021-10-07 04:23:50,16900.0,600.0,1127400.0
873,2021-10-07 04:23:50,16900.0,1000.0,1126800.0
874,2021-10-07 04:23:50,16900.0,1000.0,1125800.0
875,2021-10-07 04:23:50,16900.0,500.0,1124800.0
876,2021-10-07 04:23:50,16900.0,1000.0,1124300.0
877,2021-10-07 04:23:50,16900.0,6100.0,1123300.0
878,2021-10-07 04:23:50,16900.0,200.0,1117200.0
879,2021-10-07 04:23:50,16900.0,500.0,1117000.0
880,2021-10-07 04:23:50,16900.0,500.0,1116500.0
881,2021-10-07 04:23:50,16900.0,4100.0,1116000.0
882,2021-10-07 04:23:50,16850.0,100.0,1111900.0
883,2021-10-07 04:23:50,16850.0,1100.0,1111800.0
884,2021-10-07 04:23:36,16850.0,200.0,1110700.0
885,2021-10-07 04:23:36,16850.0,100.0,1110500.0
886,2021-10-07 04:23:36,16850.0,1600.0,1110400.0
887,2021-10-07 04:23:20,16850.0,200.0,1108800.0
888,2021-10-07 04:23:16,16850.0,100.0,1108600.0
889,2021-10-07 04:23:16,16850.0,900.0,1108500.0
890,2021-10-07 04:23:16,16850.0,2200.0,1107600.0
891,2021-10-07 04:23:16,16850.0,1400.0,1105400.0
892,2021-10-07 04:23:16,16850.0,400.0,1104000.0
893,2021-10-07 04:22:39,16850.0,100.0,1103600.0
894,2021-10-07 04:22:19,16850.0,1000.0,1103500.0
895,2021-10-07 04:22:19,16850.0,200.0,1102500.0
896,2021-10-07 04:22:19,16850.0,800.0,1102300.0
897,2021-10-07 04:22:14,16800.0,100.0,1101500.0
898,2021-10-07 04:22:11,16850.0,600.0,1101400.0
899,2021-10-07 04:21:57,16850.0,500.0,1100800.0
900,2021-10-07 04:21:53,16850.0,800.0,1100300.0
901,2021-10-07 04:21:53,16850.0,200.0,1099500.0
902,2021-10-07 04:21:43,16850.0,300.0,1099300.0
903,2021-10-07 04:21:43,16850.0,700.0,1099000.0
904,2021-10-07 04:21:35,16800.0,100.0,1098300.0
905,2021-10-07 04:21:29,16850.0,300.0,1098200.0
906,2021-10-07 04:21:29,16850.0,700.0,1097900.0
907,2021-10-07 04:20:53,16850.0,300.0,1097200.0
908,2021-10-07 04:20:53,16850.0,2500.0,1096900.0
909,2021-10-07 04:20:46,16850.0,5000.0,1094400.0
910,2021-10-07 04:20:32,16850.0,300.0,1089400.0
911,2021-10-07 04:20:29,16850.0,1000.0,1089100.0
912,2021-10-07 04:20:21,16850.0,100.0,1088100.0
913,2021-10-07 04:20:07,16850.0,200.0,1088000.0
914,2021-10-07 04:20:03,16850.0,100.0,1087800.0
915,2021-10-07 04:20:01,16850.0,300.0,1087700.0
916,2021-10-07 04:20:01,16850.0,100.0,1087400.0
917,2021-10-07 04:20:01,16850.0,200.0,1087300.0
918,2021-10-07 04:20:01,16850.0,100.0,1087100.0
919,2021-10-07 04:19:46,16850.0,300.0,1087000.0
920,2021-10-07 04:19:41,16850.0,300.0,1086700.0
921,2021-10-07 04:19:41,16850.0,600.0,1086400.0
922,2021-10-07 04:19:41,16850.0,600.0,1085800.0
923,2021-10-07 04:19:41,16850.0,100.0,1085200.0
924,2021-10-07 04:19:41,16850.0,1000.0,1085100.0
925,2021-10-07 04:19:41,16850.0,500.0,1084100.0
926,2021-10-07 04:19:41,16850.0,3000.0,1083600.0
927,2021-10-07 04:19:41,16850.0,1500.0,1080600.0
928,2021-10-07 04:19:14,16850.0,100.0,1079100.0
929,2021-10-07 04:18:37,16900.0,400.0,1079000.0
930,2021-10-07 04:18:27,16850.0,700.0,1078600.0
931,2021-10-07 04:18:21,16850.0,300.0,1077900.0
932,2021-10-07 04:18:21,16850.0,200.0,1077600.0
933,2021-10-07 04:18:10,16850.0,300.0,1077400.0
934,2021-10-07 04:18:10,16850.0,4500.0,1077100.0
935,2021-10-07 04:17:58,16850.0,100.0,1072600.0
936,2021-10-07 04:17:25,16850.0,1500.0,1072500.0
937,2021-10-07 04:17:06,16850.0,200.0,1071000.0
938,2021-10-07 04:17:01,16900.0,500.0,1070800.0
939,2021-10-07 04:16:21,16850.0,1000.0,1070300.0
940,2021-10-07 04:15:57,16850.0,1000.0,1069300.0
941,2021-10-07 04:15:51,16850.0,1500.0,1068300.0
942,2021-10-07 04:15:49,16850.0,500.0,1066800.0
943,2021-10-07 04:15:42,16850.0,200.0,1066300.0
944,2021-10-07 04:15:34,16850.0,500.0,1066100.0
945,2021-10-07 04:15:30,16850.0,1000.0,1065600.0
946,2021-10-07 04:15:30,16850.0,700.0,1064600.0
947,2021-10-07 04:15:30,16850.0,1000.0,1063900.0
948,2021-10-07 04:15:30,16850.0,500.0,1062900.0
949,2021-10-07 04:15:30,16850.0,3100.0,1062400.0
950,2021-10-07 04:15:08,16900.0,100.0,1059300.0
951,2021-10-07 04:15:08,16900.0,100.0,1059200.0
952,2021-10-07 04:14:24,16900.0,100.0,1059100.0
953,2021-10-07 04:14:24,16900.0,400.0,1059000.0
954,2021-10-07 04:14:15,16900.0,600.0,1058600.0
955,2021-10-07 04:14:15,16900.0,100.0,1058000.0
956,2021-10-07 04:14:15,16900.0,100.0,1057900.0
957,2021-10-07 04:14:15,16900.0,200.0,1057800.0
958,2021-10-07 04:14:05,16900.0,100.0,1057600.0
959,2021-10-07 04:13:30,16900.0,100.0,1057500.0
960,2021-10-07 04:12:44,16850.0,200.0,1057400.0
961,2021-10-07 04:12:09,16850.0,100.0,1057200.0
962,2021-10-07 04:11:21,16850.0,100.0,1057100.0
963,2021-10-07 04:11:15,16850.0,1000.0,1057000.0
964,2021-10-07 04:11:15,16850.0,500.0,1056000.0
965,2021-10-07 04:11:15,16850.0,100.0,1055500.0
966,2021-10-07 04:10:44,16850.0,400.0,1055400.0
967,2021-10-07 04:10:32,16850.0,100.0,1055000.0
968,2021-10-07 04:10:22,16850.0,500.0,1054900.0
969,2021-10-07 04:10:11,16900.0,100.0,1054400.0
970,2021-10-07 04:09:06,16850.0,500.0,1054300.0
971,2021-10-07 04:09:06,16850.0,4000.0,1053800.0
972,2021-10-07 04:08:28,16900.0,1000.0,1049800.0
973,2021-10-07 04:08:28,16900.0,1000.0,1048800.0
974,2021-10-07 04:08:07,16850.0,400.0,1047800.0
975,2021-10-07 04:07:33,16850.0,100.0,1047400.0
976,2021-10-07 04:07:29,16850.0,500.0,1047300.0
977,2021-10-07 04:07:29,16850.0,500.0,1046800.0
978,2021-10-07 04:07:24,16850.0,400.0,1046300.0
979,2021-10-07 04:07:24,16850.0,1000.0,1045900.0
980,2021-10-07 04:07:24,16850.0,1000.0,1044900.0
981,2021-10-07 04:07:24,16850.0,200.0,1043900.0
982,2021-10-07 04:07:24,16850.0,7400.0,1043700.0
983,2021-10-07 04:07:19,16850.0,1000.0,1036300.0
984,2021-10-07 04:07:05,16900.0,1100.0,1035300.0
985,2021-10-07 04:07:05,16900.0,500.0,1034200.0
986,2021-10-07 04:07:05,16900.0,100.0,1033700.0
987,2021-10-07 04:07:05,16900.0,1500.0,1033600.0
988,2021-10-07 04:07:05,16900.0,2800.0,1032100.0
989,2021-10-07 04:06:46,16900.0,900.0,1029300.0
990,2021-10-07 04:06:35,16900.0,500.0,1028400.0
991,2021-10-07 04:06:21,16900.0,100.0,1027900.0
992,2021-10-07 04:06:09,16900.0,700.0,1027800.0
993,2021-10-07 04:06:09,16900.0,300.0,1027100.0
994,2021-10-07 04:06:09,16900.0,100.0,1026800.0
995,2021-10-07 04:06:09,16900.0,900.0,1026700.0
996,2021-10-07 04:06:02,16850.0,1000.0,1025800.0
997,2021-10-07 04:05:59,16900.0,500.0,1024800.0
998,2021-10-07 04:05:44,16850.0,10600.0,1024300.0
999,2021-10-07 04:05:44,16850.0,100.0,1013700.0
1000,2021-10-07 04:05:44,16850.0,2000.0,1013600.0
1001,2021-10-07 04:05:44,16850.0,1000.0,1011600.0
1002,2021-10-07 04:05:44,16850.0,1000.0,1010600.0
1003,2021-10-07 04:05:44,16850.0,5000.0,1009600.0
1004,2021-10-07 04:05:44,16850.0,300.0,1004600.0
1005,2021-10-07 04:05:17,16900.0,1000.0,1004300.0
1006,2021-10-07 04:05:17,16900.0,800.0,1003300.0
1007,2021-10-07 04:05:17,16900.0,1000.0,1002500.0
1008,2021-10-07 04:05:17,16900.0,800.0,1001500.0
1009,2021-10-07 04:05:17,16900.0,200.0,1000700.0
1010,2021-10-07 04:05:04,16900.0,500.0,1000500.0
1011,2021-10-07 04:05:01,16900.0,300.0,1000000.0
1012,2021-10-07 04:04:53,16900.0,200.0,999700.0
1013,2021-10-07 04:04:53,16900.0,100.0,999500.0
1014,2021-10-07 04:04:50,16900.0,300.0,999400.0
1015,2021-10-07 04:04:47,16900.0,400.0,999100.0
1016,2021-10-07 04:04:47,16900.0,200.0,998700.0
1017,2021-10-07 04:04:34,16900.0,100.0,998500.0
1018,2021-10-07 04:04:34,16900.0,500.0,998400.0
1019,2021-10-07 04:04:34,16900.0,2400.0,997900.0
1020,2021-10-07 04:04:16,16900.0,1500.0,995500.0
1021,2021-10-07 04:04:09,16900.0,500.0,994000.0
1022,2021-10-07 04:04:06,16950.0,1000.0,993500.0
1023,2021-10-07 04:03:52,16900.0,600.0,992500.0
1024,2021-10-07 04:03:52,16900.0,1000.0,991900.0
1025,2021-10-07 04:03:52,16900.0,400.0,990900.0
1026,2021-10-07 04:03:26,16900.0,5000.0,990500.0
1027,2021-10-07 04:03:23,16900.0,200.0,985500.0
1028,2021-10-07 04:03:21,16900.0,1000.0,985300.0
1029,2021-10-07 04:03:01,16900.0,200.0,984300.0
1030,2021-10-07 04:02:58,16900.0,1800.0,984100.0
1031,2021-10-07 04:02:55,16900.0,200.0,982300.0
1032,2021-10-07 04:02:55,16900.0,100.0,982100.0
1033,2021-10-07 04:02:55,16900.0,400.0,982000.0
1034,2021-10-07 04:02:55,16900.0,1500.0,981600.0
1035,2021-10-07 04:02:55,16900.0,500.0,980100.0
1036,2021-10-07 04:02:55,16900.0,3000.0,979600.0
1037,2021-10-07 04:02:55,16900.0,100.0,976600.0
1038,2021-10-07 04:02:55,16900.0,100.0,976500.0
1039,2021-10-07 04:02:55,16900.0,1000.0,976400.0
1040,2021-10-07 04:02:55,16900.0,3100.0,975400.0
1041,2021-10-07 04:02:51,16950.0,400.0,972300.0
1042,2021-10-07 04:02:51,16950.0,100.0,971900.0
1043,2021-10-07 04:02:42,16900.0,100.0,971800.0
1044,2021-10-07 04:02:41,16900.0,300.0,971700.0
1045,2021-10-07 04:02:33,16900.0,500.0,971400.0
1046,2021-10-07 04:02:33,16900.0,100.0,970900.0
1047,2021-10-07 04:02:33,16900.0,10000.0,970800.0
1048,2021-10-07 04:02:33,16900.0,2400.0,960800.0
1049,2021-10-07 04:02:32,16900.0,500.0,958400.0
1050,2021-10-07 04:02:24,16900.0,1000.0,957900.0
1051,2021-10-07 04:02:09,16900.0,2100.0,956900.0
1052,2021-10-07 04:02:09,16900.0,1900.0,954800.0
1053,2021-10-07 04:01:50,16900.0,3000.0,952900.0
1054,2021-10-07 04:01:44,16900.0,500.0,949900.0
1055,2021-10-07 04:01:36,16900.0,4600.0,949400.0
1056,2021-10-07 04:01:34,16900.0,400.0,944800.0
1057,2021-10-07 04:01:32,16900.0,1000.0,944400.0
1058,2021-10-07 04:01:32,16900.0,2600.0,943400.0
1059,2021-10-07 04:01:32,16900.0,5000.0,940800.0
1060,2021-10-07 04:01:32,16900.0,9700.0,935800.0
1061,2021-10-07 04:01:32,16900.0,500.0,926100.0
1062,2021-10-07 04:01:32,16900.0,300.0,925600.0
1063,2021-10-07 04:01:32,16900.0,100.0,925300.0
1064,2021-10-07 04:01:32,16900.0,100.0,925200.0
1065,2021-10-07 04:01:03,16900.0,600.0,925100.0
1066,2021-10-07 04:01:03,16900.0,2000.0,924500.0
1067,2021-10-07 04:01:03,16900.0,200.0,922500.0
1068,2021-10-07 04:01:03,16900.0,1000.0,922300.0
1069,2021-10-07 04:01:03,16900.0,1000.0,921300.0
1070,2021-10-07 04:01:03,16900.0,100.0,920300.0
1071,2021-10-07 04:01:03,16900.0,100.0,920200.0
1072,2021-10-07 04:00:36,16900.0,600.0,920100.0
1073,2021-10-07 04:00:35,16850.0,100.0,919500.0
1074,2021-10-07 04:00:23,16900.0,300.0,919400.0
1075,2021-10-07 04:00:23,16900.0,300.0,919100.0
1076,2021-10-07 04:00:23,16900.0,400.0,918800.0
1077,2021-10-07 04:00:04,16900.0,100.0,918400.0
1078,2021-10-07 04:00:04,16900.0,1900.0,918300.0
1079,2021-10-07 04:00:04,16900.0,500.0,916400.0
1080,2021-10-07 03:59:56,16900.0,700.0,915900.0
1081,2021-10-07 03:59:55,16900.0,1000.0,915200.0
1082,2021-10-07 03:59:42,16900.0,2000.0,914200.0
1083,2021-10-07 03:59:37,16900.0,500.0,912200.0
1084,2021-10-07 03:59:35,16850.0,100.0,911700.0
1085,2021-10-07 03:59:31,16900.0,2000.0,911600.0
1086,2021-10-07 03:59:29,16900.0,1400.0,909600.0
1087,2021-10-07 03:59:29,16900.0,600.0,908200.0
1088,2021-10-07 03:59:03,16900.0,200.0,907600.0
1089,2021-10-07 03:59:03,16900.0,500.0,907400.0
1090,2021-10-07 03:59:03,16900.0,2300.0,906900.0
1091,2021-10-07 03:58:59,16900.0,700.0,904600.0
1092,2021-10-07 03:58:59,16900.0,300.0,903900.0
1093,2021-10-07 03:58:30,16900.0,500.0,903600.0
1094,2021-10-07 03:58:30,16900.0,1500.0,903100.0
1095,2021-10-07 03:58:27,16900.0,500.0,901600.0
1096,2021-10-07 03:58:27,16900.0,3000.0,901100.0
1097,2021-10-07 03:58:27,16900.0,1100.0,898100.0
1098,2021-10-07 03:58:08,16900.0,800.0,897000.0
1099,2021-10-07 03:58:07,16900.0,4200.0,896200.0
1100,2021-10-07 03:58:07,16900.0,500.0,892000.0
1101,2021-10-07 03:58:07,16900.0,300.0,891500.0
1102,2021-10-07 03:58:01,16900.0,600.0,891200.0
1103,2021-10-07 03:58:01,16900.0,400.0,890600.0
1104,2021-10-07 03:57:49,16900.0,100.0,890200.0
1105,2021-10-07 03:57:46,16900.0,500.0,890100.0
1106,2021-10-07 03:57:39,16900.0,800.0,889600.0
1107,2021-10-07 03:57:39,16900.0,200.0,888800.0
1108,2021-10-07 03:57:34,16900.0,500.0,888600.0
1109,2021-10-07 03:57:34,16900.0,100.0,888100.0
1110,2021-10-07 03:57:34,16900.0,100.0,888000.0
1111,2021-10-07 03:57:34,16900.0,100.0,887900.0
1112,2021-10-07 03:57:34,16900.0,500.0,887800.0
1113,2021-10-07 03:57:34,16900.0,200.0,887300.0
1114,2021-10-07 03:57:34,16900.0,100.0,887100.0
1115,2021-10-07 03:57:34,16900.0,500.0,887000.0
1116,2021-10-07 03:57:34,16900.0,1000.0,886500.0
1117,2021-10-07 03:57:34,16900.0,300.0,885500.0
1118,2021-10-07 03:57:34,16900.0,400.0,885200.0
1119,2021-10-07 03:57:30,16900.0,100.0,884800.0
1120,2021-10-07 03:57:30,16900.0,400.0,884700.0
1121,2021-10-07 03:57:30,16900.0,3000.0,884300.0
1122,2021-10-07 03:57:30,16900.0,100.0,881300.0
1123,2021-10-07 03:57:30,16900.0,1800.0,881200.0
1124,2021-10-07 03:57:30,16900.0,1600.0,879400.0
1125,2021-10-07 03:57:09,16900.0,200.0,877800.0
1126,2021-10-07 03:56:46,16900.0,100.0,877600.0
1127,2021-10-07 03:56:16,16850.0,100.0,877500.0
1128,2021-10-07 03:56:13,16850.0,100.0,877400.0
1129,2021-10-07 03:56:10,16850.0,9900.0,877300.0
1130,2021-10-07 03:56:05,16850.0,500.0,867400.0
1131,2021-10-07 03:55:45,16850.0,1000.0,866900.0
1132,2021-10-07 03:55:45,16850.0,400.0,865900.0
1133,2021-10-07 03:55:45,16850.0,200.0,865500.0
1134,2021-10-07 03:55:42,16850.0,200.0,865300.0
1135,2021-10-07 03:55:33,16900.0,300.0,865100.0
1136,2021-10-07 03:55:32,16850.0,2600.0,864800.0
1137,2021-10-07 03:55:32,16850.0,500.0,862200.0
1138,2021-10-07 03:55:32,16850.0,300.0,861700.0
1139,2021-10-07 03:55:32,16850.0,1000.0,861400.0
1140,2021-10-07 03:55:32,16850.0,1000.0,860400.0
1141,2021-10-07 03:55:32,16850.0,2000.0,859400.0
1142,2021-10-07 03:55:32,16850.0,3700.0,857400.0
1143,2021-10-07 03:55:32,16850.0,100.0,853700.0
1144,2021-10-07 03:55:32,16850.0,3000.0,853600.0
1145,2021-10-07 03:55:32,16850.0,5800.0,850600.0
1146,2021-10-07 03:55:31,16900.0,7800.0,844800.0
1147,2021-10-07 03:55:31,16900.0,400.0,837000.0
1148,2021-10-07 03:55:31,16900.0,1800.0,836600.0
1149,2021-10-07 03:55:27,16900.0,200.0,834800.0
1150,2021-10-07 03:55:23,16900.0,200.0,834600.0
1151,2021-10-07 03:55:17,16850.0,1000.0,834400.0
1152,2021-10-07 03:55:11,16900.0,2000.0,833400.0
1153,2021-10-07 03:55:06,16900.0,800.0,831400.0
1154,2021-10-07 03:55:06,16900.0,200.0,830600.0
1155,2021-10-07 03:55:02,16900.0,100.0,830400.0
1156,2021-10-07 03:55:02,16900.0,1000.0,830300.0
1157,2021-10-07 03:55:02,16900.0,500.0,829300.0
1158,2021-10-07 03:55:02,16900.0,300.0,828800.0
1159,2021-10-07 03:54:49,16900.0,4700.0,828500.0
1160,2021-10-07 03:54:49,16900.0,300.0,823800.0
1161,2021-10-07 03:54:34,16900.0,700.0,823500.0
1162,2021-10-07 03:54:31,16900.0,300.0,822800.0
1163,2021-10-07 03:54:30,16900.0,100.0,822500.0
1164,2021-10-07 03:54:26,16900.0,1000.0,822400.0
1165,2021-10-07 03:54:26,16900.0,200.0,821400.0
1166,2021-10-07 03:54:26,16900.0,400.0,821200.0
1167,2021-10-07 03:54:12,16900.0,600.0,820800.0
1168,2021-10-07 03:54:12,16900.0,1500.0,820200.0
1169,2021-10-07 03:54:10,16900.0,3500.0,818700.0
1170,2021-10-07 03:54:10,16900.0,600.0,815200.0
1171,2021-10-07 03:54:10,16900.0,900.0,814600.0
1172,2021-10-07 03:53:58,16850.0,200.0,813700.0
1173,2021-10-07 03:53:55,16850.0,100.0,813500.0
1174,2021-10-07 03:53:42,16850.0,100.0,813400.0
1175,2021-10-07 03:53:42,16900.0,1100.0,813300.0
1176,2021-10-07 03:53:40,16900.0,1100.0,812200.0
1177,2021-10-07 03:53:39,16900.0,100.0,811100.0
1178,2021-10-07 03:53:33,16900.0,3800.0,811000.0
1179,2021-10-07 03:53:33,16900.0,1000.0,807200.0
1180,2021-10-07 03:53:33,16900.0,200.0,806200.0
1181,2021-10-07 03:53:31,16900.0,300.0,806000.0
1182,2021-10-07 03:53:18,16900.0,5000.0,805700.0
1183,2021-10-07 03:53:16,16850.0,200.0,800700.0
1184,2021-10-07 03:53:11,16900.0,1000.0,800500.0
1185,2021-10-07 03:53:11,16900.0,100.0,799500.0
1186,2021-10-07 03:53:11,16900.0,1000.0,799400.0
1187,2021-10-07 03:53:11,16900.0,2000.0,798400.0
1188,2021-10-07 03:53:11,16900.0,900.0,796400.0
1189,2021-10-07 03:53:09,16900.0,100.0,795500.0
1190,2021-10-07 03:53:09,16900.0,300.0,795400.0
1191,2021-10-07 03:53:06,16900.0,200.0,795100.0
1192,2021-10-07 03:53:06,16900.0,500.0,794900.0
1193,2021-10-07 03:52:59,16900.0,500.0,794400.0
1194,2021-10-07 03:52:59,16900.0,100.0,793900.0
1195,2021-10-07 03:52:59,16900.0,400.0,793800.0
1196,2021-10-07 03:52:59,16900.0,100.0,793400.0
1197,2021-10-07 03:52:59,16900.0,1000.0,793300.0
1198,2021-10-07 03:52:59,16900.0,500.0,792300.0
1199,2021-10-07 03:52:59,16900.0,1000.0,791800.0
1200,2021-10-07 03:52:59,16900.0,200.0,790800.0
1201,2021-10-07 03:52:59,16900.0,1200.0,790600.0
1202,2021-10-07 03:52:56,16900.0,3800.0,789400.0
1203,2021-10-07 03:52:56,16900.0,6200.0,785600.0
1204,2021-10-07 03:52:53,16900.0,1000.0,779400.0
1205,2021-10-07 03:52:45,16900.0,100.0,778400.0
1206,2021-10-07 03:52:35,16900.0,1000.0,778300.0
1207,2021-10-07 03:52:08,16850.0,2600.0,777300.0
1208,2021-10-07 03:52:08,16850.0,2400.0,774700.0
1209,2021-10-07 03:51:57,16850.0,1000.0,772300.0
1210,2021-10-07 03:51:57,16850.0,100.0,771300.0
1211,2021-10-07 03:51:57,16850.0,500.0,771200.0
1212,2021-10-07 03:51:41,16850.0,1000.0,770700.0
1213,2021-10-07 03:51:37,16850.0,500.0,769700.0
1214,2021-10-07 03:51:35,16850.0,1500.0,769200.0
1215,2021-10-07 03:51:28,16850.0,500.0,767700.0
1216,2021-10-07 03:51:21,16900.0,500.0,767200.0
1217,2021-10-07 03:51:17,16900.0,200.0,766700.0
1218,2021-10-07 03:51:17,16900.0,100.0,766500.0
1219,2021-10-07 03:51:13,16900.0,200.0,766400.0
1220,2021-10-07 03:51:09,16900.0,100.0,766200.0
1221,2021-10-07 03:51:09,16900.0,100.0,766100.0
1222,2021-10-07 03:51:04,16900.0,500.0,766000.0
1223,2021-10-07 03:51:04,16900.0,700.0,765500.0
1224,2021-10-07 03:51:01,16900.0,300.0,764800.0
1225,2021-10-07 03:51:01,16900.0,100.0,764500.0
1226,2021-10-07 03:51:01,16900.0,100.0,764400.0
1227,2021-10-07 03:51:01,16900.0,100.0,764300.0
1228,2021-10-07 03:51:01,16900.0,100.0,764200.0
1229,2021-10-07 03:51:01,16900.0,100.0,764100.0
1230,2021-10-07 03:51:01,16900.0,100.0,764000.0
1231,2021-10-07 03:51:01,16900.0,700.0,763900.0
1232,2021-10-07 03:51:01,16900.0,5000.0,763200.0
1233,2021-10-07 03:51:01,16900.0,600.0,758200.0
1234,2021-10-07 03:51:01,16900.0,200.0,757600.0
1235,2021-10-07 03:51:01,16850.0,2600.0,757400.0
1236,2021-10-07 03:50:56,16850.0,800.0,754800.0
1237,2021-10-07 03:50:56,16850.0,1100.0,754000.0
1238,2021-10-07 03:50:55,16850.0,500.0,752900.0
1239,2021-10-07 03:50:52,16850.0,3000.0,752400.0
1240,2021-10-07 03:50:50,16850.0,200.0,749400.0
1241,2021-10-07 03:50:50,16850.0,900.0,749200.0
1242,2021-10-07 03:50:50,16850.0,900.0,748300.0
1243,2021-10-07 03:50:50,16850.0,3000.0,747400.0
1244,2021-10-07 03:50:50,16850.0,4600.0,744400.0
1245,2021-10-07 03:50:50,16850.0,2000.0,739800.0
1246,2021-10-07 03:50:50,16850.0,400.0,737800.0
1247,2021-10-07 03:50:48,16900.0,200.0,737400.0
1248,2021-10-07 03:50:45,16900.0,100.0,737200.0
1249,2021-10-07 03:50:45,16900.0,100.0,737100.0
1250,2021-10-07 03:50:45,16900.0,100.0,737000.0
1251,2021-10-07 03:50:45,16900.0,1000.0,736900.0
1252,2021-10-07 03:50:45,16900.0,600.0,735900.0
1253,2021-10-07 03:50:45,16900.0,300.0,735300.0
1254,2021-10-07 03:50:45,16900.0,4800.0,735000.0
1255,2021-10-07 03:50:40,16900.0,2000.0,730200.0
1256,2021-10-07 03:50:37,16900.0,5100.0,728200.0
1257,2021-10-07 03:50:37,16900.0,4900.0,723100.0
1258,2021-10-07 03:50:37,16900.0,100.0,718200.0
1259,2021-10-07 03:50:37,16900.0,200.0,718100.0
1260,2021-10-07 03:50:37,16900.0,200.0,717900.0
1261,2021-10-07 03:50:35,16850.0,14000.0,717700.0
1262,2021-10-07 03:50:28,16900.0,500.0,703700.0
1263,2021-10-07 03:50:17,16900.0,400.0,703200.0
1264,2021-10-07 03:50:10,16850.0,5000.0,702800.0
1265,2021-10-07 03:50:09,16900.0,200.0,697800.0
1266,2021-10-07 03:49:45,16850.0,200.0,697600.0
1267,2021-10-07 03:49:41,16850.0,400.0,697400.0
1268,2021-10-07 03:49:40,16850.0,600.0,697000.0
1269,2021-10-07 03:49:40,16850.0,10000.0,696400.0
1270,2021-10-07 03:49:40,16850.0,9400.0,686400.0
1271,2021-10-07 03:49:35,16850.0,300.0,677000.0
1272,2021-10-07 03:49:34,16850.0,200.0,676700.0
1273,2021-10-07 03:49:17,16850.0,100.0,676500.0
1274,2021-10-07 03:49:17,16850.0,1300.0,676400.0
1275,2021-10-07 03:49:17,16850.0,200.0,675100.0
1276,2021-10-07 03:49:17,16850.0,300.0,674900.0
1277,2021-10-07 03:49:17,16850.0,1000.0,674600.0
1278,2021-10-07 03:49:17,16850.0,1000.0,673600.0
1279,2021-10-07 03:49:17,16850.0,600.0,672600.0
1280,2021-10-07 03:49:17,16850.0,500.0,672000.0
1281,2021-10-07 03:49:16,16800.0,1400.0,671500.0
1282,2021-10-07 03:48:59,16800.0,100.0,670100.0
1283,2021-10-07 03:48:56,16800.0,300.0,670000.0
1284,2021-10-07 03:48:51,16800.0,8000.0,669700.0
1285,2021-10-07 03:48:51,16800.0,200.0,661700.0
1286,2021-10-07 03:48:51,16800.0,1000.0,661500.0
1287,2021-10-07 03:48:51,16800.0,100.0,660500.0
1288,2021-10-07 03:48:50,16800.0,500.0,660400.0
1289,2021-10-07 03:48:49,16800.0,500.0,659900.0
1290,2021-10-07 03:48:49,16800.0,500.0,659400.0
1291,2021-10-07 03:48:45,16800.0,500.0,658900.0
1292,2021-10-07 03:48:45,16800.0,100.0,658400.0
1293,2021-10-07 03:48:45,16800.0,4400.0,658300.0
1294,2021-10-07 03:48:44,16800.0,100.0,653900.0
1295,2021-10-07 03:48:43,16800.0,500.0,653800.0
1296,2021-10-07 03:48:43,16800.0,2000.0,653300.0
1297,2021-10-07 03:48:43,16800.0,200.0,651300.0
1298,2021-10-07 03:48:43,16800.0,300.0,651100.0
1299,2021-10-07 03:48:41,16800.0,2700.0,650800.0
1300,2021-10-07 03:48:41,16800.0,500.0,648100.0
1301,2021-10-07 03:48:41,16800.0,200.0,647600.0
1302,2021-10-07 03:48:41,16800.0,200.0,647400.0
1303,2021-10-07 03:48:41,16800.0,100.0,647200.0
1304,2021-10-07 03:48:41,16800.0,200.0,647100.0
1305,2021-10-07 03:48:41,16800.0,200.0,646900.0
1306,2021-10-07 03:48:41,16800.0,900.0,646700.0
1307,2021-10-07 03:48:38,16800.0,100.0,645800.0
1308,2021-10-07 03:48:38,16800.0,300.0,645700.0
1309,2021-10-07 03:48:38,16800.0,4600.0,645400.0
1310,2021-10-07 03:48:37,16800.0,200.0,640800.0
1311,2021-10-07 03:48:35,16800.0,1500.0,640600.0
1312,2021-10-07 03:48:34,16800.0,1000.0,639100.0
1313,2021-10-07 03:48:32,16800.0,700.0,638100.0
1314,2021-10-07 03:48:32,16800.0,200.0,637400.0
1315,2021-10-07 03:48:32,16800.0,100.0,637200.0
1316,2021-10-07 03:48:32,16800.0,400.0,637100.0
1317,2021-10-07 03:48:32,16800.0,500.0,636700.0
1318,2021-10-07 03:48:32,16800.0,1000.0,636200.0
1319,2021-10-07 03:48:32,16800.0,100.0,635200.0
1320,2021-10-07 03:48:32,16800.0,500.0,635100.0
1321,2021-10-07 03:48:29,16800.0,200.0,634600.0
1322,2021-10-07 03:48:29,16800.0,2800.0,634400.0
1323,2021-10-07 03:48:29,16800.0,100.0,631600.0
1324,2021-10-07 03:48:25,16800.0,200.0,631500.0
1325,2021-10-07 03:48:23,16800.0,200.0,631300.0
1326,2021-10-07 03:48:21,16800.0,3000.0,631100.0
1327,2021-10-07 03:48:16,16800.0,500.0,628100.0
1328,2021-10-07 03:48:16,16800.0,400.0,627600.0
1329,2021-10-07 03:48:10,16800.0,1800.0,627200.0
1330,2021-10-07 03:48:10,16800.0,500.0,625400.0
1331,2021-10-07 03:48:10,16800.0,200.0,624900.0
1332,2021-10-07 03:48:10,16800.0,500.0,624700.0
1333,2021-10-07 03:48:04,16750.0,100.0,624200.0
1334,2021-10-07 03:47:49,16750.0,100.0,624100.0
1335,2021-10-07 03:47:49,16750.0,3000.0,624000.0
1336,2021-10-07 03:47:49,16750.0,1000.0,621000.0
1337,2021-10-07 03:47:49,16750.0,100.0,620000.0
1338,2021-10-07 03:47:49,16750.0,100.0,619900.0
1339,2021-10-07 03:47:49,16750.0,500.0,619800.0
1340,2021-10-07 03:47:49,16750.0,500.0,619300.0
1341,2021-10-07 03:47:49,16750.0,300.0,618800.0
1342,2021-10-07 03:47:49,16750.0,300.0,618500.0
1343,2021-10-07 03:47:49,16750.0,700.0,618200.0
1344,2021-10-07 03:47:48,16750.0,500.0,617500.0
1345,2021-10-07 03:47:47,16750.0,1800.0,617000.0
1346,2021-10-07 03:47:47,16750.0,3900.0,615200.0
1347,2021-10-07 03:47:47,16750.0,200.0,611300.0
1348,2021-10-07 03:47:47,16750.0,4100.0,611100.0
1349,2021-10-07 03:47:45,16750.0,100.0,607000.0
1350,2021-10-07 03:47:41,16700.0,100.0,606900.0
1351,2021-10-07 03:47:38,16750.0,800.0,606800.0
1352,2021-10-07 03:47:38,16750.0,100.0,606000.0
1353,2021-10-07 03:47:38,16750.0,100.0,605900.0
1354,2021-10-07 03:47:29,16700.0,1400.0,605800.0
1355,2021-10-07 03:47:26,16700.0,2100.0,604400.0
1356,2021-10-07 03:47:26,16700.0,1000.0,602300.0
1357,2021-10-07 03:47:26,16700.0,100.0,601300.0
1358,2021-10-07 03:47:26,16700.0,5000.0,601200.0
1359,2021-10-07 03:47:26,16700.0,1000.0,596200.0
1360,2021-10-07 03:47:26,16700.0,100.0,595200.0
1361,2021-10-07 03:47:26,16700.0,1500.0,595100.0
1362,2021-10-07 03:47:26,16700.0,100.0,593600.0
1363,2021-10-07 03:47:26,16700.0,1600.0,593500.0
1364,2021-10-07 03:47:26,16700.0,1100.0,591900.0
1365,2021-10-07 03:47:22,16700.0,200.0,590800.0
1366,2021-10-07 03:47:17,16700.0,700.0,590600.0
1367,2021-10-07 03:47:17,16700.0,100.0,589900.0
1368,2021-10-07 03:47:17,16700.0,1200.0,589800.0
1369,2021-10-07 03:47:17,16700.0,800.0,588600.0
1370,2021-10-07 03:47:17,16700.0,200.0,587800.0
1371,2021-10-07 03:47:16,16700.0,200.0,587600.0
1372,2021-10-07 03:47:16,16700.0,100.0,587400.0
1373,2021-10-07 03:47:16,16700.0,100.0,587300.0
1374,2021-10-07 03:47:16,16700.0,300.0,587200.0
1375,2021-10-07 03:47:09,16700.0,200.0,586900.0
1376,2021-10-07 03:47:09,16700.0,200.0,586700.0
1377,2021-10-07 03:47:09,16700.0,500.0,586500.0
1378,2021-10-07 03:47:09,16700.0,100.0,586000.0
1379,2021-10-07 03:47:09,16700.0,200.0,585900.0
1380,2021-10-07 03:47:09,16700.0,100.0,585700.0
1381,2021-10-07 03:47:09,16700.0,100.0,585600.0
1382,2021-10-07 03:47:09,16700.0,600.0,585500.0
1383,2021-10-07 03:46:53,16700.0,400.0,584900.0
1384,2021-10-07 03:46:53,16700.0,2500.0,584500.0
1385,2021-10-07 03:46:53,16700.0,200.0,582000.0
1386,2021-10-07 03:46:53,16700.0,100.0,581800.0
1387,2021-10-07 03:46:53,16700.0,1800.0,581700.0
1388,2021-10-07 03:46:50,16700.0,200.0,579900.0
1389,2021-10-07 03:46:50,16700.0,300.0,579700.0
1390,2021-10-07 03:46:50,16700.0,500.0,579400.0
1391,2021-10-07 03:46:49,16650.0,500.0,578900.0
1392,2021-10-07 03:46:49,16650.0,500.0,578400.0
1393,2021-10-07 03:46:43,16700.0,300.0,577900.0
1394,2021-10-07 03:46:42,16700.0,6700.0,577600.0
1395,2021-10-07 03:46:24,16700.0,500.0,570900.0
1396,2021-10-07 03:46:14,16650.0,100.0,570400.0
1397,2021-10-07 03:46:14,16650.0,500.0,570300.0
1398,2021-10-07 03:46:14,16650.0,100.0,569800.0
1399,2021-10-07 03:46:14,16650.0,200.0,569700.0
1400,2021-10-07 03:46:14,16650.0,500.0,569500.0
1401,2021-10-07 03:46:14,16650.0,100.0,569000.0
1402,2021-10-07 03:46:12,16650.0,200.0,568900.0
1403,2021-10-07 03:46:07,16650.0,100.0,568700.0
1404,2021-10-07 03:45:58,16650.0,600.0,568600.0
1405,2021-10-07 03:45:58,16650.0,300.0,568000.0
1406,2021-10-07 03:45:56,16650.0,700.0,567700.0
1407,2021-10-07 03:45:56,16650.0,100.0,567000.0
1408,2021-10-07 03:45:56,16650.0,2000.0,566900.0
1409,2021-10-07 03:45:56,16650.0,200.0,564900.0
1410,2021-10-07 03:45:48,16650.0,800.0,564700.0
1411,2021-10-07 03:45:48,16650.0,1000.0,563900.0
1412,2021-10-07 03:45:48,16650.0,3200.0,562900.0
1413,2021-10-07 03:45:21,16600.0,100.0,559700.0
1414,2021-10-07 03:45:15,16600.0,200.0,559600.0
1415,2021-10-07 03:45:06,16550.0,3000.0,559400.0
1416,2021-10-07 03:45:04,16600.0,200.0,556400.0
1417,2021-10-07 03:45:02,16600.0,300.0,556200.0
1418,2021-10-07 03:45:02,16600.0,100.0,555900.0
1419,2021-10-07 03:45:02,16600.0,100.0,555800.0
1420,2021-10-07 03:44:55,16600.0,100.0,555700.0
1421,2021-10-07 03:44:54,16600.0,400.0,555600.0
1422,2021-10-07 03:44:54,16600.0,600.0,555200.0
1423,2021-10-07 03:44:47,16600.0,1000.0,554600.0
1424,2021-10-07 03:44:41,16600.0,1400.0,553600.0
1425,2021-10-07 03:44:41,16600.0,200.0,552200.0
1426,2021-10-07 03:44:41,16600.0,100.0,552000.0
1427,2021-10-07 03:44:41,16600.0,100.0,551900.0
1428,2021-10-07 03:44:41,16600.0,200.0,551800.0
1429,2021-10-07 03:44:41,16600.0,3000.0,551600.0
1430,2021-10-07 03:44:36,16600.0,100.0,548600.0
1431,2021-10-07 03:44:36,16600.0,100.0,548500.0
1432,2021-10-07 03:44:36,16600.0,300.0,548400.0
1433,2021-10-07 03:44:36,16600.0,4500.0,548100.0
1434,2021-10-07 03:44:31,16600.0,500.0,543600.0
1435,2021-10-07 03:44:28,16600.0,500.0,543100.0
1436,2021-10-07 03:44:19,16600.0,500.0,542600.0
1437,2021-10-07 03:43:55,16600.0,1000.0,542100.0
1438,2021-10-07 03:43:34,16600.0,4700.0,541100.0
1439,2021-10-07 03:42:49,16550.0,100.0,536400.0
1440,2021-10-07 03:42:48,16600.0,300.0,536300.0
1441,2021-10-07 03:42:30,16550.0,4400.0,536000.0
1442,2021-10-07 03:42:06,16550.0,1300.0,531600.0
1443,2021-10-07 03:41:26,16600.0,1000.0,530300.0
1444,2021-10-07 03:40:56,16550.0,700.0,529300.0
1445,2021-10-07 03:40:56,16550.0,300.0,528600.0
1446,2021-10-07 03:40:50,16550.0,200.0,528300.0
1447,2021-10-07 03:40:50,16550.0,100.0,528100.0
1448,2021-10-07 03:40:50,16550.0,100.0,528000.0
1449,2021-10-07 03:40:50,16550.0,500.0,527900.0
1450,2021-10-07 03:40:50,16550.0,100.0,527400.0
1451,2021-10-07 03:40:50,16550.0,700.0,527300.0
1452,2021-10-07 03:40:45,16550.0,900.0,526600.0
1453,2021-10-07 03:39:19,16550.0,300.0,525700.0
1454,2021-10-07 03:38:53,16550.0,1000.0,525400.0
1455,2021-10-07 03:38:53,16550.0,400.0,524400.0
1456,2021-10-07 03:38:53,16550.0,100.0,524000.0
1457,2021-10-07 03:38:53,16550.0,1500.0,523900.0
1458,2021-10-07 03:38:22,16550.0,500.0,522400.0
1459,2021-10-07 03:37:26,16600.0,200.0,521900.0
1460,2021-10-07 03:37:10,16550.0,1000.0,521700.0
1461,2021-10-07 03:37:05,16550.0,500.0,520700.0
1462,2021-10-07 03:36:37,16550.0,500.0,520200.0
1463,2021-10-07 03:36:23,16550.0,300.0,519700.0
1464,2021-10-07 03:36:23,16550.0,200.0,519400.0
1465,2021-10-07 03:36:17,16550.0,100.0,519200.0
1466,2021-10-07 03:36:17,16550.0,1900.0,519100.0
1467,2021-10-07 03:35:38,16550.0,600.0,517200.0
1468,2021-10-07 03:35:38,16550.0,400.0,516600.0
1469,2021-10-07 03:35:00,16500.0,400.0,516200.0
1470,2021-10-07 03:35:00,16500.0,300.0,515800.0
1471,2021-10-07 03:35:00,16500.0,200.0,515500.0
1472,2021-10-07 03:35:00,16500.0,100.0,515300.0
1473,2021-10-07 03:35:00,16500.0,100.0,515200.0
1474,2021-10-07 03:35:00,16500.0,100.0,515100.0
1475,2021-10-07 03:35:00,16500.0,400.0,515000.0
1476,2021-10-07 03:35:00,16500.0,200.0,514600.0
1477,2021-10-07 03:35:00,16500.0,200.0,514400.0
1478,2021-10-07 03:34:52,16550.0,1000.0,514200.0
1479,2021-10-07 03:34:40,16550.0,2500.0,513200.0
1480,2021-10-07 03:34:30,16550.0,1000.0,510700.0
1481,2021-10-07 03:34:30,16550.0,100.0,509700.0
1482,2021-10-07 03:34:23,16550.0,300.0,509600.0
1483,2021-10-07 03:34:13,16550.0,1000.0,509300.0
1484,2021-10-07 03:33:45,16550.0,600.0,508300.0
1485,2021-10-07 03:33:33,16550.0,1000.0,507700.0
1486,2021-10-07 03:33:05,16550.0,300.0,506700.0
1487,2021-10-07 03:33:01,16550.0,500.0,506400.0
1488,2021-10-07 03:32:58,16550.0,200.0,505900.0
1489,2021-10-07 03:32:53,16550.0,100.0,505700.0
1490,2021-10-07 03:32:53,16550.0,100.0,505600.0
1491,2021-10-07 03:32:10,16550.0,300.0,505500.0
1492,2021-10-07 03:32:03,16500.0,300.0,505200.0
1493,2021-10-07 03:32:03,16500.0,1000.0,504900.0
1494,2021-10-07 03:32:03,16500.0,500.0,503900.0
1495,2021-10-07 03:32:03,16500.0,500.0,503400.0
1496,2021-10-07 03:32:03,16500.0,300.0,502900.0
1497,2021-10-07 03:32:03,16500.0,300.0,502600.0
1498,2021-10-07 03:32:03,16500.0,1500.0,502300.0
1499,2021-10-07 03:32:03,16500.0,300.0,500800.0
1500,2021-10-07 03:32:03,16500.0,300.0,500500.0
1501,2021-10-07 03:32:03,16500.0,1000.0,500200.0
1502,2021-10-07 03:32:03,16500.0,200.0,499200.0
1503,2021-10-07 03:32:03,16500.0,100.0,499000.0
1504,2021-10-07 03:32:03,16500.0,1000.0,498900.0
1505,2021-10-07 03:32:03,16500.0,100.0,497900.0
1506,2021-10-07 03:32:03,16500.0,600.0,497800.0
1507,2021-10-07 03:31:44,16550.0,500.0,497200.0
1508,2021-10-07 03:31:30,16550.0,100.0,496700.0
1509,2021-10-07 03:30:53,16550.0,400.0,496600.0
1510,2021-10-07 03:30:53,16550.0,500.0,496200.0
1511,2021-10-07 03:30:53,16550.0,300.0,495700.0
1512,2021-10-07 03:29:50,16550.0,200.0,495400.0
1513,2021-10-07 03:29:21,16550.0,200.0,495200.0
1514,2021-10-07 03:29:21,16600.0,300.0,495000.0
1515,2021-10-07 03:28:27,16600.0,300.0,494700.0
1516,2021-10-07 03:28:27,16600.0,500.0,494400.0
1517,2021-10-07 03:28:27,16600.0,1000.0,493900.0
1518,2021-10-07 03:28:27,16600.0,1000.0,492900.0
1519,2021-10-07 03:28:27,16600.0,5100.0,491900.0
1520,2021-10-07 03:28:27,16600.0,200.0,486800.0
1521,2021-10-07 03:28:27,16600.0,900.0,486600.0
1522,2021-10-07 03:26:50,16500.0,100.0,485700.0
1523,2021-10-07 03:26:45,16500.0,300.0,485600.0
1524,2021-10-07 03:26:45,16500.0,300.0,485300.0
1525,2021-10-07 03:26:12,16500.0,700.0,485000.0
1526,2021-10-07 03:26:12,16500.0,1000.0,484300.0
1527,2021-10-07 03:26:12,16500.0,200.0,483300.0
1528,2021-10-07 03:26:12,16500.0,100.0,483100.0
1529,2021-10-07 03:26:12,16500.0,300.0,483000.0
1530,2021-10-07 03:26:12,16500.0,300.0,482700.0
1531,2021-10-07 03:26:12,16500.0,100.0,482400.0
1532,2021-10-07 03:26:12,16500.0,800.0,482300.0
1533,2021-10-07 03:25:55,16500.0,200.0,481500.0
1534,2021-10-07 03:25:55,16500.0,500.0,481300.0
1535,2021-10-07 03:25:55,16500.0,200.0,480800.0
1536,2021-10-07 03:25:55,16500.0,500.0,480600.0
1537,2021-10-07 03:25:55,16500.0,100.0,480100.0
1538,2021-10-07 03:25:45,16500.0,100.0,480000.0
1539,2021-10-07 03:25:45,16500.0,100.0,479900.0
1540,2021-10-07 03:25:45,16500.0,100.0,479800.0
1541,2021-10-07 03:25:11,16500.0,100.0,479700.0
1542,2021-10-07 03:25:11,16500.0,500.0,479600.0
1543,2021-10-07 03:25:11,16500.0,1400.0,479100.0
1544,2021-10-07 03:24:02,16500.0,5000.0,477700.0
1545,2021-10-07 03:23:55,16500.0,3600.0,472700.0
1546,2021-10-07 03:23:55,16500.0,300.0,469100.0
1547,2021-10-07 03:23:55,16500.0,500.0,468800.0
1548,2021-10-07 03:23:55,16500.0,1000.0,468300.0
1549,2021-10-07 03:23:55,16500.0,2000.0,467300.0
1550,2021-10-07 03:23:55,16500.0,100.0,465300.0
1551,2021-10-07 03:23:55,16500.0,500.0,465200.0
1552,2021-10-07 03:23:55,16500.0,200.0,464700.0
1553,2021-10-07 03:23:55,16500.0,1000.0,464500.0
1554,2021-10-07 03:23:55,16500.0,500.0,463500.0
1555,2021-10-07 03:23:55,16500.0,100.0,463000.0
1556,2021-10-07 03:23:55,16500.0,2000.0,462900.0
1557,2021-10-07 03:23:55,16500.0,600.0,460900.0
1558,2021-10-07 03:23:55,16500.0,1000.0,460300.0
1559,2021-10-07 03:23:55,16500.0,100.0,459300.0
1560,2021-10-07 03:23:55,16500.0,500.0,459200.0
1561,2021-10-07 03:23:55,16500.0,1000.0,458700.0
1562,2021-10-07 03:23:55,16500.0,100.0,457700.0
1563,2021-10-07 03:23:55,16500.0,200.0,457600.0
1564,2021-10-07 03:23:55,16500.0,300.0,457400.0
1565,2021-10-07 03:23:55,16500.0,100.0,457100.0
1566,2021-10-07 03:23:55,16500.0,100.0,457000.0
1567,2021-10-07 03:23:55,16500.0,500.0,456900.0
1568,2021-10-07 03:23:55,16500.0,500.0,456400.0
1569,2021-10-07 03:23:55,16500.0,500.0,455900.0
1570,2021-10-07 03:23:55,16500.0,2500.0,455400.0
1571,2021-10-07 03:23:55,16500.0,3100.0,452900.0
1572,2021-10-07 03:23:55,16550.0,6000.0,449800.0
1573,2021-10-07 03:23:55,16550.0,100.0,443800.0
1574,2021-10-07 03:23:55,16550.0,200.0,443700.0
1575,2021-10-07 03:23:55,16550.0,800.0,443500.0
1576,2021-10-07 03:23:33,16550.0,200.0,442700.0
1577,2021-10-07 03:23:33,16550.0,500.0,442500.0
1578,2021-10-07 03:23:33,16550.0,500.0,442000.0
1579,2021-10-07 03:23:33,16550.0,100.0,441500.0
1580,2021-10-07 03:23:33,16550.0,700.0,441400.0
1581,2021-10-07 03:23:27,16550.0,300.0,440700.0
1582,2021-10-07 03:23:27,16550.0,1000.0,440400.0
1583,2021-10-07 03:23:27,16550.0,2000.0,439400.0
1584,2021-10-07 03:23:27,16550.0,1000.0,437400.0
1585,2021-10-07 03:23:27,16550.0,500.0,436400.0
1586,2021-10-07 03:23:27,16550.0,200.0,435900.0
1587,2021-10-07 03:23:27,16550.0,9000.0,435700.0
1588,2021-10-07 03:22:08,16550.0,600.0,426700.0
1589,2021-10-07 03:21:24,16550.0,200.0,426100.0
1590,2021-10-07 03:21:22,16600.0,300.0,425900.0
1591,2021-10-07 03:20:14,16550.0,700.0,425600.0
1592,2021-10-07 03:20:01,16600.0,2900.0,424900.0
1593,2021-10-07 03:19:48,16550.0,500.0,422000.0
1594,2021-10-07 03:19:48,16550.0,200.0,421500.0
1595,2021-10-07 03:19:48,16550.0,500.0,421300.0
1596,2021-10-07 03:19:48,16550.0,400.0,420800.0
1597,2021-10-07 03:19:48,16550.0,100.0,420400.0
1598,2021-10-07 03:19:48,16550.0,500.0,420300.0
1599,2021-10-07 03:19:48,16550.0,300.0,419800.0
1600,2021-10-07 03:19:48,16550.0,2500.0,419500.0
1601,2021-10-07 03:18:08,16600.0,100.0,417000.0
1602,2021-10-07 03:17:33,16600.0,500.0,416900.0
1603,2021-10-07 03:17:24,16600.0,300.0,416400.0
1604,2021-10-07 03:17:23,16600.0,200.0,416100.0
1605,2021-10-07 03:16:20,16600.0,1000.0,415900.0
1606,2021-10-07 03:16:20,16600.0,500.0,414900.0
1607,2021-10-07 03:16:20,16600.0,200.0,414400.0
1608,2021-10-07 03:16:20,16600.0,500.0,414200.0
1609,2021-10-07 03:16:20,16600.0,100.0,413700.0
1610,2021-10-07 03:16:20,16600.0,100.0,413600.0
1611,2021-10-07 03:16:20,16600.0,400.0,413500.0
1612,2021-10-07 03:15:52,16600.0,100.0,413100.0
1613,2021-10-07 03:15:52,16600.0,400.0,413000.0
1614,2021-10-07 03:15:52,16600.0,1200.0,412600.0
1615,2021-10-07 03:15:45,16600.0,1000.0,411400.0
1616,2021-10-07 03:15:41,16600.0,800.0,410400.0
1617,2021-10-07 03:15:41,16600.0,200.0,409600.0
1618,2021-10-07 03:14:46,16600.0,800.0,409400.0
1619,2021-10-07 03:14:46,16600.0,2200.0,408600.0
1620,2021-10-07 03:14:44,16600.0,200.0,406400.0
1621,2021-10-07 03:14:16,16600.0,2000.0,406200.0
1622,2021-10-07 03:14:09,16600.0,1000.0,404200.0
1623,2021-10-07 03:13:49,16600.0,2000.0,403200.0
1624,2021-10-07 03:13:18,16600.0,500.0,401200.0
1625,2021-10-07 03:13:06,16600.0,1000.0,400700.0
1626,2021-10-07 03:13:01,16600.0,100.0,399700.0
1627,2021-10-07 03:12:16,16600.0,100.0,399600.0
1628,2021-10-07 03:12:08,16600.0,100.0,399500.0
1629,2021-10-07 03:12:07,16600.0,2400.0,399400.0
1630,2021-10-07 03:11:45,16600.0,100.0,397000.0
1631,2021-10-07 03:11:43,16650.0,1200.0,396900.0
1632,2021-10-07 03:11:43,16650.0,200.0,395700.0
1633,2021-10-07 03:11:43,16650.0,1000.0,395500.0
1634,2021-10-07 03:11:43,16650.0,100.0,394500.0
1635,2021-10-07 03:11:43,16650.0,200.0,394400.0
1636,2021-10-07 03:11:43,16650.0,1000.0,394200.0
1637,2021-10-07 03:11:43,16650.0,1000.0,393200.0
1638,2021-10-07 03:11:43,16650.0,200.0,392200.0
1639,2021-10-07 03:11:43,16650.0,100.0,392000.0
1640,2021-10-07 03:11:10,16650.0,100.0,391900.0
1641,2021-10-07 03:10:44,16650.0,300.0,391800.0
1642,2021-10-07 03:10:44,16650.0,300.0,391500.0
1643,2021-10-07 03:10:44,16650.0,4400.0,391200.0
1644,2021-10-07 03:10:37,16650.0,100.0,386800.0
1645,2021-10-07 03:10:00,16650.0,4000.0,386700.0
1646,2021-10-07 03:09:49,16600.0,10000.0,382700.0
1647,2021-10-07 03:09:28,16650.0,1000.0,372700.0
1648,2021-10-07 03:08:28,16600.0,500.0,371700.0
1649,2021-10-07 03:08:28,16600.0,800.0,371200.0
1650,2021-10-07 03:08:17,16600.0,1000.0,370400.0
1651,2021-10-07 03:08:17,16600.0,1500.0,369400.0
1652,2021-10-07 03:08:17,16600.0,500.0,367900.0
1653,2021-10-07 03:08:17,16600.0,2200.0,367400.0
1654,2021-10-07 03:07:54,16600.0,900.0,365200.0
1655,2021-10-07 03:07:54,16600.0,1000.0,364300.0
1656,2021-10-07 03:07:54,16600.0,900.0,363300.0
1657,2021-10-07 03:07:38,16600.0,400.0,362400.0
1658,2021-10-07 03:07:22,16600.0,200.0,362000.0
1659,2021-10-07 03:06:30,16550.0,1000.0,361800.0
1660,2021-10-07 03:06:17,16600.0,500.0,360800.0
1661,2021-10-07 03:05:34,16550.0,1200.0,360300.0
1662,2021-10-07 03:05:22,16550.0,100.0,359100.0
1663,2021-10-07 03:03:45,16550.0,100.0,359000.0
1664,2021-10-07 03:03:45,16550.0,400.0,358900.0
1665,2021-10-07 03:03:25,16550.0,100.0,358500.0
1666,2021-10-07 03:03:20,16650.0,2000.0,358400.0
1667,2021-10-07 03:03:17,16650.0,1000.0,356400.0
1668,2021-10-07 03:02:09,16650.0,16400.0,355400.0
1669,2021-10-07 03:02:09,16650.0,500.0,339000.0
1670,2021-10-07 03:02:09,16650.0,100.0,338500.0
1671,2021-10-07 03:02:09,16650.0,2000.0,338400.0
1672,2021-10-07 03:02:09,16650.0,300.0,336400.0
1673,2021-10-07 03:02:09,16550.0,3000.0,336100.0
1674,2021-10-07 03:01:42,16650.0,200.0,333100.0
1675,2021-10-07 03:01:40,16500.0,1100.0,332900.0
1676,2021-10-07 03:00:23,16500.0,300.0,331800.0
1677,2021-10-07 03:00:05,16500.0,500.0,331500.0
1678,2021-10-07 03:00:05,16500.0,3000.0,331000.0
1679,2021-10-07 03:00:05,16500.0,100.0,328000.0
1680,2021-10-07 03:00:05,16500.0,200.0,327900.0
1681,2021-10-07 03:00:05,16500.0,500.0,327700.0
1682,2021-10-07 03:00:05,16500.0,3300.0,327200.0
1683,2021-10-07 03:00:05,16550.0,1000.0,323900.0
1684,2021-10-07 03:00:05,16550.0,300.0,322900.0
1685,2021-10-07 03:00:05,16550.0,300.0,322600.0
1686,2021-10-07 03:00:05,16550.0,200.0,322300.0
1687,2021-10-07 03:00:05,16550.0,700.0,322100.0
1688,2021-10-07 03:00:05,16550.0,10000.0,321400.0
1689,2021-10-07 03:00:05,16550.0,300.0,311400.0
1690,2021-10-07 03:00:05,16550.0,100.0,311100.0
1691,2021-10-07 03:00:05,16600.0,1000.0,311000.0
1692,2021-10-07 03:00:04,16600.0,300.0,310000.0
1693,2021-10-07 03:00:04,16600.0,200.0,309700.0
1694,2021-10-07 03:00:04,16600.0,14300.0,309500.0
1695,2021-10-07 03:00:04,16600.0,300.0,295200.0
1696,2021-10-07 03:00:04,16600.0,100.0,294900.0
1697,2021-10-07 03:00:04,16600.0,100.0,294800.0
1698,2021-10-07 03:00:04,16600.0,1000.0,294700.0
1699,2021-10-07 03:00:04,16600.0,2200.0,293700.0
1700,2021-10-07 02:58:31,16650.0,100.0,291500.0
1701,2021-10-07 02:56:51,16650.0,1000.0,291400.0
1702,2021-10-07 02:56:34,16650.0,1400.0,290400.0
1703,2021-10-07 02:56:34,16650.0,600.0,289000.0
1704,2021-10-07 02:55:53,16650.0,400.0,288400.0
1705,2021-10-07 02:55:35,16600.0,200.0,288000.0
1706,2021-10-07 02:55:35,16600.0,100.0,287800.0
1707,2021-10-07 02:55:35,16600.0,500.0,287700.0
1708,2021-10-07 02:55:35,16600.0,500.0,287200.0
1709,2021-10-07 02:55:35,16600.0,300.0,286700.0
1710,2021-10-07 02:55:35,16600.0,1200.0,286400.0
1711,2021-10-07 02:55:25,16600.0,4000.0,285200.0
1712,2021-10-07 02:54:58,16600.0,1500.0,281200.0
1713,2021-10-07 02:54:58,16600.0,500.0,279700.0
1714,2021-10-07 02:54:05,16550.0,100.0,279200.0
1715,2021-10-07 02:52:40,16550.0,3600.0,279100.0
1716,2021-10-07 02:52:40,16550.0,100.0,275500.0
1717,2021-10-07 02:52:40,16550.0,200.0,275400.0
1718,2021-10-07 02:52:40,16550.0,200.0,275200.0
1719,2021-10-07 02:52:40,16550.0,100.0,275000.0
1720,2021-10-07 02:52:40,16550.0,800.0,274900.0
1721,2021-10-07 02:51:19,16600.0,300.0,274100.0
1722,2021-10-07 02:51:04,16550.0,200.0,273800.0
1723,2021-10-07 02:51:04,16550.0,1000.0,273600.0
1724,2021-10-07 02:51:04,16550.0,100.0,272600.0
1725,2021-10-07 02:51:04,16550.0,100.0,272500.0
1726,2021-10-07 02:50:42,16600.0,200.0,272400.0
1727,2021-10-07 02:50:42,16600.0,800.0,272200.0
1728,2021-10-07 02:50:30,16600.0,200.0,271400.0
1729,2021-10-07 02:50:30,16600.0,100.0,271200.0
1730,2021-10-07 02:50:30,16600.0,300.0,271100.0
1731,2021-10-07 02:50:15,16600.0,100.0,270800.0
1732,2021-10-07 02:50:15,16600.0,1000.0,270700.0
1733,2021-10-07 02:50:15,16600.0,200.0,269700.0
1734,2021-10-07 02:50:15,16600.0,5000.0,269500.0
1735,2021-10-07 02:50:15,16600.0,3700.0,264500.0
1736,2021-10-07 02:49:17,16600.0,200.0,260800.0
1737,2021-10-07 02:48:28,16550.0,400.0,260600.0
1738,2021-10-07 02:48:28,16550.0,100.0,260200.0
1739,2021-10-07 02:48:28,16550.0,100.0,260100.0
1740,2021-10-07 02:48:28,16550.0,400.0,260000.0
1741,2021-10-07 02:48:08,16550.0,600.0,259600.0
1742,2021-10-07 02:48:08,16550.0,100.0,259000.0
1743,2021-10-07 02:48:08,16550.0,300.0,258900.0
1744,2021-10-07 02:47:44,16550.0,1000.0,258600.0
1745,2021-10-07 02:47:38,16600.0,500.0,257600.0
1746,2021-10-07 02:47:32,16550.0,700.0,257100.0
1747,2021-10-07 02:47:32,16550.0,1000.0,256400.0
1748,2021-10-07 02:47:32,16550.0,300.0,255400.0
1749,2021-10-07 02:47:14,16600.0,100.0,255100.0
1750,2021-10-07 02:46:38,16550.0,200.0,255000.0
1751,2021-10-07 02:46:38,16550.0,1100.0,254800.0
1752,2021-10-07 02:46:38,16550.0,700.0,253700.0
1753,2021-10-07 02:45:39,16550.0,300.0,253000.0
1754,2021-10-07 02:44:39,16550.0,300.0,252700.0
1755,2021-10-07 02:44:26,16550.0,200.0,252400.0
1756,2021-10-07 02:44:26,16550.0,300.0,252200.0
1757,2021-10-07 02:44:26,16550.0,700.0,251900.0
1758,2021-10-07 02:44:26,16550.0,100.0,251200.0
1759,2021-10-07 02:44:26,16550.0,500.0,251100.0
1760,2021-10-07 02:44:26,16550.0,500.0,250600.0
1761,2021-10-07 02:44:26,16550.0,100.0,250100.0
1762,2021-10-07 02:44:26,16550.0,100.0,250000.0
1763,2021-10-07 02:44:26,16550.0,3900.0,249900.0
1764,2021-10-07 02:44:26,16550.0,300.0,246000.0
1765,2021-10-07 02:44:26,16550.0,1000.0,245700.0
1766,2021-10-07 02:44:26,16550.0,1000.0,244700.0
1767,2021-10-07 02:44:26,16550.0,1000.0,243700.0
1768,2021-10-07 02:44:26,16550.0,700.0,242700.0
1769,2021-10-07 02:44:26,16550.0,100.0,242000.0
1770,2021-10-07 02:43:15,16550.0,2900.0,241900.0
1771,2021-10-07 02:43:15,16550.0,100.0,239000.0
1772,2021-10-07 02:43:15,16550.0,300.0,238900.0
1773,2021-10-07 02:43:15,16550.0,400.0,238600.0
1774,2021-10-07 02:43:15,16550.0,500.0,238200.0
1775,2021-10-07 02:43:15,16550.0,200.0,237700.0
1776,2021-10-07 02:43:15,16550.0,100.0,237500.0
1777,2021-10-07 02:43:06,16600.0,600.0,237400.0
1778,2021-10-07 02:43:06,16600.0,300.0,236800.0
1779,2021-10-07 02:43:06,16600.0,100.0,236500.0
1780,2021-10-07 02:43:06,16600.0,400.0,236400.0
1781,2021-10-07 02:43:06,16600.0,200.0,236000.0
1782,2021-10-07 02:42:51,16550.0,100.0,235800.0
1783,2021-10-07 02:42:38,16550.0,100.0,235700.0
1784,2021-10-07 02:42:34,16550.0,100.0,235600.0
1785,2021-10-07 02:41:55,16550.0,100.0,235500.0
1786,2021-10-07 02:41:55,16550.0,900.0,235400.0
1787,2021-10-07 02:41:55,16550.0,1000.0,234500.0
1788,2021-10-07 02:41:51,16550.0,700.0,233500.0
1789,2021-10-07 02:41:51,16550.0,100.0,232800.0
1790,2021-10-07 02:41:51,16550.0,10000.0,232700.0
1791,2021-10-07 02:41:51,16550.0,2000.0,222700.0
1792,2021-10-07 02:41:51,16550.0,2000.0,220700.0
1793,2021-10-07 02:41:51,16550.0,7200.0,218700.0
1794,2021-10-07 02:41:34,16550.0,2000.0,211500.0
1795,2021-10-07 02:41:31,16600.0,400.0,209500.0
1796,2021-10-07 02:41:31,16600.0,100.0,209100.0
1797,2021-10-07 02:41:18,16550.0,200.0,209000.0
1798,2021-10-07 02:41:17,16550.0,600.0,208800.0
1799,2021-10-07 02:41:17,16550.0,400.0,208200.0
1800,2021-10-07 02:40:09,16550.0,500.0,207800.0
1801,2021-10-07 02:39:35,16550.0,100.0,207300.0
1802,2021-10-07 02:39:21,16600.0,1000.0,207200.0
1803,2021-10-07 02:39:11,16600.0,100.0,206200.0
1804,2021-10-07 02:38:55,16600.0,100.0,206100.0
1805,2021-10-07 02:38:38,16600.0,500.0,206000.0
1806,2021-10-07 02:38:35,16600.0,1000.0,205500.0
1807,2021-10-07 02:38:35,16600.0,1600.0,204500.0
1808,2021-10-07 02:38:26,16600.0,100.0,202900.0
1809,2021-10-07 02:38:18,16600.0,300.0,202800.0
1810,2021-10-07 02:38:18,16600.0,300.0,202500.0
1811,2021-10-07 02:38:18,16600.0,400.0,202200.0
1812,2021-10-07 02:37:14,16600.0,1000.0,201800.0
1813,2021-10-07 02:37:11,16600.0,100.0,200800.0
1814,2021-10-07 02:37:11,16600.0,1400.0,200700.0
1815,2021-10-07 02:36:42,16600.0,100.0,199300.0
1816,2021-10-07 02:36:42,16600.0,100.0,199200.0
1817,2021-10-07 02:36:42,16600.0,2000.0,199100.0
1818,2021-10-07 02:36:42,16600.0,300.0,197100.0
1819,2021-10-07 02:36:42,16600.0,500.0,196800.0
1820,2021-10-07 02:36:42,16600.0,500.0,196300.0
1821,2021-10-07 02:36:42,16600.0,100.0,195800.0
1822,2021-10-07 02:36:42,16600.0,2000.0,195700.0
1823,2021-10-07 02:36:42,16600.0,500.0,193700.0
1824,2021-10-07 02:36:42,16600.0,600.0,193200.0
1825,2021-10-07 02:36:42,16600.0,1000.0,192600.0
1826,2021-10-07 02:36:42,16600.0,600.0,191600.0
1827,2021-10-07 02:36:42,16600.0,300.0,191000.0
1828,2021-10-07 02:36:40,16600.0,200.0,190700.0
1829,2021-10-07 02:36:40,16600.0,300.0,190500.0
1830,2021-10-07 02:36:40,16600.0,1000.0,190200.0
1831,2021-10-07 02:36:40,16600.0,400.0,189200.0
1832,2021-10-07 02:36:40,16600.0,600.0,188800.0
1833,2021-10-07 02:36:17,16550.0,100.0,188200.0
1834,2021-10-07 02:35:58,16600.0,200.0,188100.0
1835,2021-10-07 02:35:58,16600.0,300.0,187900.0
1836,2021-10-07 02:35:46,16550.0,100.0,187600.0
1837,2021-10-07 02:35:43,16550.0,300.0,187500.0
1838,2021-10-07 02:35:01,16550.0,200.0,187200.0
1839,2021-10-07 02:34:49,16550.0,200.0,187000.0
1840,2021-10-07 02:34:49,16550.0,100.0,186800.0
1841,2021-10-07 02:34:41,16500.0,100.0,186700.0
1842,2021-10-07 02:33:59,16500.0,600.0,186600.0
1843,2021-10-07 02:33:59,16500.0,100.0,186000.0
1844,2021-10-07 02:33:59,16500.0,200.0,185900.0
1845,2021-10-07 02:33:59,16550.0,2000.0,185700.0
1846,2021-10-07 02:33:59,16550.0,1000.0,183700.0
1847,2021-10-07 02:33:59,16550.0,100.0,182700.0
1848,2021-10-07 02:33:22,16500.0,500.0,182600.0
1849,2021-10-07 02:33:22,16550.0,200.0,182100.0
1850,2021-10-07 02:33:19,16550.0,100.0,181900.0
1851,2021-10-07 02:33:15,16550.0,200.0,181800.0
1852,2021-10-07 02:32:51,16500.0,300.0,181600.0
1853,2021-10-07 02:32:47,16550.0,100.0,181300.0
1854,2021-10-07 02:32:45,16550.0,100.0,181200.0
1855,2021-10-07 02:32:45,16550.0,100.0,181100.0
1856,2021-10-07 02:32:37,16600.0,200.0,181000.0
1857,2021-10-07 02:32:05,16500.0,100.0,180800.0
1858,2021-10-07 02:31:50,16500.0,100.0,180700.0
1859,2021-10-07 02:31:50,16550.0,2300.0,180600.0
1860,2021-10-07 02:31:16,16600.0,500.0,178300.0
1861,2021-10-07 02:31:16,16600.0,1000.0,177800.0
1862,2021-10-07 02:31:13,16600.0,100.0,176800.0
1863,2021-10-07 02:31:03,16600.0,100.0,176700.0
1864,2021-10-07 02:30:46,16500.0,1000.0,176600.0
1865,2021-10-07 02:30:17,16500.0,800.0,175600.0
1866,2021-10-07 02:30:14,16500.0,200.0,174800.0
1867,2021-10-07 02:30:11,16500.0,300.0,174600.0
1868,2021-10-07 02:30:07,16500.0,1000.0,174300.0
1869,2021-10-07 02:30:02,16500.0,200.0,173300.0
1870,2021-10-07 02:30:00,16500.0,100.0,173100.0
1871,2021-10-07 02:30:00,16500.0,200.0,173000.0
1872,2021-10-07 02:30:00,16500.0,2000.0,172800.0
1873,2021-10-07 02:30:00,16500.0,100.0,170800.0
1874,2021-10-07 02:30:00,16500.0,1000.0,170700.0
1875,2021-10-07 02:30:00,16500.0,100.0,169700.0
1876,2021-10-07 02:29:42,16600.0,200.0,169600.0
1877,2021-10-07 02:29:24,16500.0,700.0,169400.0
1878,2021-10-07 02:29:24,16500.0,500.0,168700.0
1879,2021-10-07 02:29:24,16500.0,400.0,168200.0
1880,2021-10-07 02:29:18,16500.0,100.0,167800.0
1881,2021-10-07 02:29:18,16500.0,700.0,167700.0
1882,2021-10-07 02:29:10,16500.0,1400.0,167000.0
1883,2021-10-07 02:29:10,16500.0,200.0,165600.0
1884,2021-10-07 02:29:10,16500.0,7700.0,165400.0
1885,2021-10-07 02:28:56,16500.0,2000.0,157700.0
1886,2021-10-07 02:28:46,16500.0,200.0,155700.0
1887,2021-10-07 02:28:43,16500.0,500.0,155500.0
1888,2021-10-07 02:28:32,16450.0,400.0,155000.0
1889,2021-10-07 02:28:28,16500.0,1000.0,154600.0
1890,2021-10-07 02:28:19,16500.0,300.0,153600.0
1891,2021-10-07 02:28:11,16500.0,500.0,153300.0
1892,2021-10-07 02:28:10,16500.0,100.0,152800.0
1893,2021-10-07 02:28:10,16500.0,300.0,152700.0
1894,2021-10-07 02:28:10,16500.0,2000.0,152400.0
1895,2021-10-07 02:28:10,16500.0,5000.0,150400.0
1896,2021-10-07 02:28:10,16500.0,1000.0,145400.0
1897,2021-10-07 02:28:10,16500.0,100.0,144400.0
1898,2021-10-07 02:28:10,16500.0,500.0,144300.0
1899,2021-10-07 02:28:10,16500.0,100.0,143800.0
1900,2021-10-07 02:28:10,16500.0,100.0,143700.0
1901,2021-10-07 02:28:10,16500.0,1000.0,143600.0
1902,2021-10-07 02:28:10,16500.0,3800.0,142600.0
1903,2021-10-07 02:28:10,16500.0,300.0,138800.0
1904,2021-10-07 02:28:10,16500.0,3500.0,138500.0
1905,2021-10-07 02:27:40,16600.0,2000.0,135000.0
1906,2021-10-07 02:27:05,16500.0,200.0,133000.0
1907,2021-10-07 02:27:04,16500.0,1000.0,132800.0
1908,2021-10-07 02:26:44,16500.0,300.0,131800.0
1909,2021-10-07 02:26:44,16500.0,300.0,131500.0
1910,2021-10-07 02:26:24,16500.0,700.0,131200.0
1911,2021-10-07 02:26:19,16600.0,200.0,130500.0
1912,2021-10-07 02:26:04,16450.0,3300.0,130300.0
1913,2021-10-07 02:26:04,16450.0,100.0,127000.0
1914,2021-10-07 02:26:04,16450.0,100.0,126900.0
1915,2021-10-07 02:26:04,16500.0,500.0,126800.0
1916,2021-10-07 02:26:04,16500.0,500.0,126300.0
1917,2021-10-07 02:26:04,16500.0,100.0,125800.0
1918,2021-10-07 02:26:04,16500.0,100.0,125700.0
1919,2021-10-07 02:26:04,16500.0,500.0,125600.0
1920,2021-10-07 02:26:04,16500.0,200.0,125100.0
1921,2021-10-07 02:26:04,16500.0,5000.0,124900.0
1922,2021-10-07 02:26:04,16500.0,500.0,119900.0
1923,2021-10-07 02:26:04,16500.0,1000.0,119400.0
1924,2021-10-07 02:26:04,16500.0,200.0,118400.0
1925,2021-10-07 02:26:04,16500.0,300.0,118200.0
1926,2021-10-07 02:26:04,16500.0,100.0,117900.0
1927,2021-10-07 02:26:04,16500.0,1000.0,117800.0
1928,2021-10-07 02:26:04,16500.0,900.0,116800.0
1929,2021-10-07 02:25:51,16600.0,200.0,115900.0
1930,2021-10-07 02:25:47,16600.0,500.0,115700.0
1931,2021-10-07 02:25:47,16600.0,100.0,115200.0
1932,2021-10-07 02:25:38,16500.0,4100.0,115100.0
1933,2021-10-07 02:25:38,16500.0,300.0,111000.0
1934,2021-10-07 02:25:38,16500.0,100.0,110700.0
1935,2021-10-07 02:25:38,16500.0,100.0,110600.0
1936,2021-10-07 02:25:38,16500.0,2000.0,110500.0
1937,2021-10-07 02:25:38,16500.0,1000.0,108500.0
1938,2021-10-07 02:25:38,16500.0,1000.0,107500.0
1939,2021-10-07 02:25:38,16500.0,500.0,106500.0
1940,2021-10-07 02:25:38,16500.0,2000.0,106000.0
1941,2021-10-07 02:25:38,16500.0,300.0,104000.0
1942,2021-10-07 02:25:38,16500.0,1000.0,103700.0
1943,2021-10-07 02:25:38,16500.0,1000.0,102700.0
1944,2021-10-07 02:25:38,16500.0,200.0,101700.0
1945,2021-10-07 02:25:38,16500.0,200.0,101500.0
1946,2021-10-07 02:25:38,16500.0,1000.0,101300.0
1947,2021-10-07 02:25:38,16500.0,100.0,100300.0
1948,2021-10-07 02:25:38,16500.0,1200.0,100200.0
1949,2021-10-07 02:25:38,16500.0,6000.0,99000.0
1950,2021-10-07 02:25:38,16500.0,600.0,93000.0
1951,2021-10-07 02:25:38,16500.0,1000.0,92400.0
1952,2021-10-07 02:25:38,16550.0,100.0,91400.0
1953,2021-10-07 02:25:38,16550.0,100.0,91300.0
1954,2021-10-07 02:25:38,16550.0,2000.0,91200.0
1955,2021-10-07 02:25:38,16550.0,100.0,89200.0
1956,2021-10-07 02:25:38,16550.0,2000.0,89100.0
1957,2021-10-07 02:25:38,16550.0,1000.0,87100.0
1958,2021-10-07 02:25:38,16550.0,500.0,86100.0
1959,2021-10-07 02:25:38,16550.0,400.0,85600.0
1960,2021-10-07 02:25:38,16550.0,100.0,85200.0
1961,2021-10-07 02:25:11,16600.0,200.0,85100.0
1962,2021-10-07 02:25:11,16600.0,100.0,84900.0
1963,2021-10-07 02:25:11,16600.0,100.0,84800.0
1964,2021-10-07 02:25:11,16600.0,1000.0,84700.0
1965,2021-10-07 02:25:11,16600.0,2000.0,83700.0
1966,2021-10-07 02:25:11,16600.0,100.0,81700.0
1967,2021-10-07 02:25:11,16600.0,100.0,81600.0
1968,2021-10-07 02:25:11,16600.0,1000.0,81500.0
1969,2021-10-07 02:25:11,16600.0,1000.0,80500.0
1970,2021-10-07 02:24:59,16650.0,300.0,79500.0
1971,2021-10-07 02:24:58,16600.0,200.0,79200.0
1972,2021-10-07 02:24:56,16600.0,1000.0,79000.0
1973,2021-10-07 02:24:53,16600.0,800.0,78000.0
1974,2021-10-07 02:24:53,16600.0,1000.0,77200.0
1975,2021-10-07 02:24:53,16600.0,1000.0,76200.0
1976,2021-10-07 02:24:53,16600.0,100.0,75200.0
1977,2021-10-07 02:24:53,16600.0,100.0,75100.0
1978,2021-10-07 02:24:53,16600.0,200.0,75000.0
1979,2021-10-07 02:24:53,16600.0,1000.0,74800.0
1980,2021-10-07 02:24:53,16600.0,1800.0,73800.0
1981,2021-10-07 02:24:48,16600.0,200.0,72000.0
1982,2021-10-07 02:24:40,16650.0,300.0,71800.0
1983,2021-10-07 02:24:40,16650.0,600.0,71500.0
1984,2021-10-07 02:24:19,16650.0,1000.0,70900.0
1985,2021-10-07 02:24:14,16600.0,2000.0,69900.0
1986,2021-10-07 02:23:59,16650.0,200.0,67900.0
1987,2021-10-07 02:23:57,16650.0,100.0,67700.0
1988,2021-10-07 02:23:50,16600.0,1000.0,67600.0
1989,2021-10-07 02:23:41,16650.0,100.0,66600.0
1990,2021-10-07 02:23:41,16650.0,700.0,66500.0
1991,2021-10-07 02:23:41,16650.0,200.0,65800.0
1992,2021-10-07 02:23:41,16650.0,2000.0,65600.0
1993,2021-10-07 02:23:41,16650.0,100.0,63600.0
1994,2021-10-07 02:23:41,16650.0,100.0,63500.0
1995,2021-10-07 02:23:41,16650.0,200.0,63400.0
1996,2021-10-07 02:23:41,16650.0,5000.0,63200.0
1997,2021-10-07 02:23:41,16650.0,1600.0,58200.0
1998,2021-10-07 02:23:41,16700.0,100.0,56600.0
1999,2021-10-07 02:23:14,16650.0,400.0,56500.0
2000,2021-10-07 02:23:14,16650.0,300.0,56100.0
2001,2021-10-07 02:23:14,16650.0,300.0,55800.0
2002,2021-10-07 02:23:14,16650.0,1000.0,55500.0
2003,2021-10-07 02:23:01,16650.0,1000.0,54500.0
2004,2021-10-07 02:22:56,16650.0,300.0,53500.0
2005,2021-10-07 02:22:35,16700.0,100.0,53200.0
2006,2021-10-07 02:22:22,16700.0,500.0,53100.0
2007,2021-10-07 02:22:22,16700.0,200.0,52600.0
2008,2021-10-07 02:22:22,16700.0,200.0,52400.0
2009,2021-10-07 02:22:13,16700.0,300.0,52200.0
2010,2021-10-07 02:22:13,16700.0,700.0,51900.0
2011,2021-10-07 02:22:08,16700.0,500.0,51200.0
2012,2021-10-07 02:22:08,16700.0,400.0,50700.0
2013,2021-10-07 02:21:58,16700.0,500.0,50300.0
2014,2021-10-07 02:21:54,16700.0,100.0,49800.0
2015,2021-10-07 02:21:51,16700.0,300.0,49700.0
2016,2021-10-07 02:21:51,16700.0,100.0,49400.0
2017,2021-10-07 02:21:51,16700.0,600.0,49300.0
2018,2021-10-07 02:21:49,16700.0,4400.0,48700.0
2019,2021-10-07 02:21:49,16700.0,300.0,44300.0
2020,2021-10-07 02:21:49,16700.0,300.0,44000.0
2021,2021-10-07 02:21:49,16700.0,200.0,43700.0
2022,2021-10-07 02:21:49,16700.0,100.0,43500.0
2023,2021-10-07 02:21:49,16700.0,1700.0,43400.0
2024,2021-10-07 02:21:49,16700.0,300.0,41700.0
2025,2021-10-07 02:21:46,16700.0,300.0,41400.0
2026,2021-10-07 02:21:35,16700.0,4700.0,41100.0
2027,2021-10-07 02:21:35,16700.0,300.0,36400.0
2028,2021-10-07 02:21:35,16700.0,5000.0,36100.0
2029,2021-10-07 02:21:35,16700.0,100.0,31100.0
2030,2021-10-07 02:21:35,16700.0,100.0,31000.0
2031,2021-10-07 02:21:35,16700.0,200.0,30900.0
2032,2021-10-07 02:21:35,16700.0,100.0,30700.0
2033,2021-10-07 02:21:35,16700.0,500.0,30600.0
2034,2021-10-07 02:21:35,16700.0,100.0,30100.0
2035,2021-10-07 02:21:27,16750.0,1000.0,30000.0
2036,2021-10-07 02:21:04,16700.0,1100.0,29000.0
2037,2021-10-07 02:20:05,16750.0,2000.0,27900.0
2038,2021-10-07 02:19:51,16750.0,300.0,25900.0
2039,2021-10-07 02:19:38,16750.0,2000.0,25600.0
2040,2021-10-07 02:19:32,16750.0,100.0,23600.0
2041,2021-10-07 02:19:22,16750.0,200.0,23500.0
2042,2021-10-07 02:19:22,16750.0,100.0,23300.0
2043,2021-10-07 02:19:01,16750.0,100.0,23200.0
2044,2021-10-07 02:18:26,16750.0,100.0,23100.0
2045,2021-10-07 02:18:15,16750.0,200.0,23000.0
2046,2021-10-07 02:18:05,16800.0,200.0,22800.0
2047,2021-10-07 02:18:05,16800.0,100.0,22600.0
2048,2021-10-07 02:18:05,16800.0,500.0,22500.0
2049,2021-10-07 02:18:05,16800.0,100.0,22000.0
2050,2021-10-07 02:18:05,16800.0,100.0,21900.0
2051,2021-10-07 02:18:05,16800.0,100.0,21800.0
2052,2021-10-07 02:18:05,16750.0,1000.0,21700.0
2053,2021-10-07 02:17:48,16750.0,100.0,20700.0
2054,2021-10-07 02:17:45,16750.0,100.0,20600.0
2055,2021-10-07 02:17:44,16750.0,100.0,20500.0
2056,2021-10-07 02:17:44,16750.0,200.0,20400.0
2057,2021-10-07 02:17:44,16750.0,100.0,20200.0
2058,2021-10-07 02:17:36,16750.0,900.0,20100.0
2059,2021-10-07 02:17:17,16700.0,600.0,19200.0
2060,2021-10-07 02:17:17,16700.0,100.0,18600.0
2061,2021-10-07 02:17:17,16700.0,100.0,18500.0
2062,2021-10-07 02:17:17,16700.0,100.0,18400.0
2063,2021-10-07 02:17:17,16700.0,100.0,18300.0
2064,2021-10-07 02:17:13,16750.0,100.0,18200.0
2065,2021-10-07 02:16:13,16700.0,100.0,18100.0
2066,2021-10-07 02:16:13,16700.0,900.0,18000.0
2067,2021-10-07 02:16:06,16750.0,1000.0,17100.0
2068,2021-10-07 02:16:06,16750.0,4000.0,16100.0
2069,2021-10-07 02:15:40,16750.0,1000.0,12100.0
2070,2021-10-07 02:15:26,16700.0,300.0,11100.0
2071,2021-10-07 02:15:16,16750.0,200.0,10800.0
2072,2021-10-07 02:15:00,16750.0,500.0,10600.0
