,Time,Price,Volume_per_trade,Volume
0,2021-09-30 14:45:00,16200.0,600.0,1030300.0
1,2021-09-30 14:45:00,16200.0,300.0,1029700.0
2,2021-09-30 14:45:00,16200.0,100.0,1029400.0
3,2021-09-30 14:45:00,16200.0,200.0,1029300.0
4,2021-09-30 14:45:00,16200.0,300.0,1029100.0
5,2021-09-30 14:45:00,16200.0,300.0,1028800.0
6,2021-09-30 14:45:00,16200.0,100.0,1028500.0
7,2021-09-30 14:45:00,16200.0,300.0,1028400.0
8,2021-09-30 14:45:00,16200.0,500.0,1028100.0
9,2021-09-30 14:45:00,16200.0,100.0,1027600.0
10,2021-09-30 14:45:00,16200.0,100.0,1027500.0
11,2021-09-30 14:45:00,16200.0,100.0,1027400.0
12,2021-09-30 14:45:00,16200.0,100.0,1027300.0
13,2021-09-30 14:45:00,16200.0,100.0,1027200.0
14,2021-09-30 14:45:00,16200.0,200.0,1027100.0
15,2021-09-30 14:45:00,16200.0,100.0,1026900.0
16,2021-09-30 14:45:00,16200.0,200.0,1026800.0
17,2021-09-30 14:45:00,16200.0,400.0,1026600.0
18,2021-09-30 14:45:00,16200.0,800.0,1026200.0
19,2021-09-30 14:45:00,16200.0,500.0,1025400.0
20,2021-09-30 14:45:00,16200.0,500.0,1024900.0
21,2021-09-30 14:45:00,16200.0,200.0,1024400.0
22,2021-09-30 14:45:00,16200.0,400.0,1024200.0
23,2021-09-30 14:45:00,16200.0,100.0,1023800.0
24,2021-09-30 14:45:00,16200.0,300.0,1023700.0
25,2021-09-30 14:45:00,16200.0,1000.0,1023400.0
26,2021-09-30 14:45:00,16200.0,200.0,1022400.0
27,2021-09-30 14:45:00,16200.0,2000.0,1022200.0
28,2021-09-30 14:45:00,16200.0,1000.0,1020200.0
29,2021-09-30 14:45:00,16200.0,800.0,1019200.0
30,2021-09-30 14:45:00,16200.0,200.0,1018400.0
31,2021-09-30 14:45:00,16200.0,200.0,1018200.0
32,2021-09-30 14:45:00,16200.0,800.0,1018000.0
33,2021-09-30 14:45:00,16200.0,200.0,1017200.0
34,2021-09-30 14:45:00,16200.0,500.0,1017000.0
35,2021-09-30 14:45:00,16200.0,3000.0,1016500.0
36,2021-09-30 14:45:00,16200.0,500.0,1013500.0
37,2021-09-30 14:45:00,16200.0,1000.0,1013000.0
38,2021-09-30 14:45:00,16200.0,1000.0,1012000.0
39,2021-09-30 14:45:00,16200.0,200.0,1011000.0
40,2021-09-30 14:45:00,16200.0,200.0,1010800.0
41,2021-09-30 14:45:00,16200.0,3000.0,1010600.0
42,2021-09-30 14:45:00,16200.0,5000.0,1007600.0
43,2021-09-30 14:45:00,16200.0,1000.0,1002600.0
44,2021-09-30 14:45:00,16200.0,100.0,1001600.0
45,2021-09-30 14:45:00,16200.0,1100.0,1001500.0
46,2021-09-30 14:45:00,16200.0,500.0,1000400.0
47,2021-09-30 14:45:00,16200.0,1000.0,999900.0
48,2021-09-30 14:45:00,16200.0,300.0,998900.0
49,2021-09-30 14:45:00,16200.0,1000.0,998600.0
50,2021-09-30 14:45:00,16200.0,200.0,997600.0
51,2021-09-30 14:45:00,16200.0,500.0,997400.0
52,2021-09-30 14:45:00,16200.0,500.0,996900.0
53,2021-09-30 14:45:00,16200.0,1000.0,996400.0
54,2021-09-30 14:45:00,16200.0,2000.0,995400.0
55,2021-09-30 14:45:00,16200.0,3000.0,993400.0
56,2021-09-30 14:45:00,16200.0,3000.0,990400.0
57,2021-09-30 14:45:00,16200.0,1000.0,987400.0
58,2021-09-30 14:45:00,16200.0,100.0,986400.0
59,2021-09-30 14:45:00,16200.0,100.0,986300.0
60,2021-09-30 14:45:00,16200.0,2000.0,986200.0
61,2021-09-30 14:45:00,16200.0,300.0,984200.0
62,2021-09-30 14:45:00,16200.0,10900.0,983900.0
63,2021-09-30 14:45:00,16200.0,5000.0,973000.0
64,2021-09-30 14:45:00,16200.0,10000.0,968000.0
65,2021-09-30 14:29:53,16250.0,100.0,958000.0
66,2021-09-30 14:29:53,16250.0,400.0,957900.0
67,2021-09-30 14:29:53,16250.0,1000.0,957500.0
68,2021-09-30 14:29:53,16250.0,100.0,956500.0
69,2021-09-30 14:29:53,16250.0,200.0,956400.0
70,2021-09-30 14:29:53,16250.0,200.0,956200.0
71,2021-09-30 14:29:53,16250.0,100.0,956000.0
72,2021-09-30 14:29:53,16250.0,200.0,955900.0
73,2021-09-30 14:29:53,16250.0,1000.0,955700.0
74,2021-09-30 14:29:53,16250.0,500.0,954700.0
75,2021-09-30 14:29:53,16250.0,900.0,954200.0
76,2021-09-30 14:29:53,16250.0,500.0,953300.0
77,2021-09-30 14:29:53,16250.0,100.0,952800.0
78,2021-09-30 14:29:53,16250.0,3800.0,952700.0
79,2021-09-30 14:29:53,16250.0,100.0,948900.0
80,2021-09-30 14:29:53,16250.0,100.0,948800.0
81,2021-09-30 14:28:47,16250.0,1000.0,948700.0
82,2021-09-30 14:28:47,16250.0,500.0,947700.0
83,2021-09-30 14:28:14,16250.0,500.0,947200.0
84,2021-09-30 14:28:10,16250.0,200.0,946700.0
85,2021-09-30 14:27:48,16250.0,200.0,946500.0
86,2021-09-30 14:27:28,16250.0,600.0,946300.0
87,2021-09-30 14:27:28,16250.0,100.0,945700.0
88,2021-09-30 14:27:28,16250.0,300.0,945600.0
89,2021-09-30 14:25:43,16250.0,1000.0,945300.0
90,2021-09-30 14:25:26,16250.0,1000.0,944300.0
91,2021-09-30 14:24:40,16250.0,1500.0,943300.0
92,2021-09-30 14:24:37,16250.0,1200.0,941800.0
93,2021-09-30 14:24:35,16250.0,100.0,940600.0
94,2021-09-30 14:24:30,16250.0,600.0,940500.0
95,2021-09-30 14:24:25,16250.0,20000.0,939900.0
96,2021-09-30 14:24:25,16250.0,1000.0,919900.0
97,2021-09-30 14:24:25,16250.0,400.0,918900.0
98,2021-09-30 14:24:16,16250.0,200.0,918500.0
99,2021-09-30 14:24:16,16250.0,400.0,918300.0
100,2021-09-30 14:24:12,16250.0,200.0,917900.0
101,2021-09-30 14:24:09,16250.0,100.0,917700.0
102,2021-09-30 14:24:04,16250.0,1000.0,917600.0
103,2021-09-30 14:23:54,16250.0,500.0,916600.0
104,2021-09-30 14:23:47,16250.0,700.0,916100.0
105,2021-09-30 14:23:45,16250.0,100.0,915400.0
106,2021-09-30 14:23:44,16250.0,100.0,915300.0
107,2021-09-30 14:23:39,16250.0,100.0,915200.0
108,2021-09-30 14:23:27,16250.0,500.0,915100.0
109,2021-09-30 14:23:27,16250.0,500.0,914600.0
110,2021-09-30 14:23:27,16250.0,1000.0,914100.0
111,2021-09-30 14:23:15,16250.0,1000.0,913100.0
112,2021-09-30 14:23:08,16250.0,200.0,912100.0
113,2021-09-30 14:23:08,16250.0,300.0,911900.0
114,2021-09-30 14:23:08,16250.0,100.0,911600.0
115,2021-09-30 14:23:08,16250.0,100.0,911500.0
116,2021-09-30 14:23:08,16250.0,100.0,911400.0
117,2021-09-30 14:23:08,16250.0,2000.0,911300.0
118,2021-09-30 14:23:08,16250.0,100.0,909300.0
119,2021-09-30 14:23:08,16250.0,100.0,909200.0
120,2021-09-30 14:22:47,16250.0,100.0,909100.0
121,2021-09-30 14:22:47,16250.0,100.0,909000.0
122,2021-09-30 14:22:47,16250.0,300.0,908900.0
123,2021-09-30 14:22:41,16250.0,5000.0,908600.0
124,2021-09-30 14:22:41,16250.0,7400.0,903600.0
125,2021-09-30 14:22:27,16250.0,2600.0,896200.0
126,2021-09-30 14:22:27,16250.0,3000.0,893600.0
127,2021-09-30 14:22:27,16250.0,100.0,890600.0
128,2021-09-30 14:22:27,16250.0,3000.0,890500.0
129,2021-09-30 14:22:27,16250.0,200.0,887500.0
130,2021-09-30 14:22:27,16250.0,1000.0,887300.0
131,2021-09-30 14:22:27,16250.0,100.0,886300.0
132,2021-09-30 14:22:25,16300.0,100.0,886200.0
133,2021-09-30 14:22:07,16300.0,500.0,886100.0
134,2021-09-30 14:21:56,16300.0,1000.0,885600.0
135,2021-09-30 14:21:50,16300.0,300.0,884600.0
136,2021-09-30 14:21:41,16300.0,1000.0,884300.0
137,2021-09-30 14:21:33,16300.0,100.0,883300.0
138,2021-09-30 14:21:27,16300.0,1000.0,883200.0
139,2021-09-30 14:21:18,16300.0,200.0,882200.0
140,2021-09-30 14:20:58,16300.0,1000.0,882000.0
141,2021-09-30 14:20:47,16300.0,100.0,881000.0
142,2021-09-30 14:20:47,16300.0,6100.0,880900.0
143,2021-09-30 14:20:47,16300.0,100.0,874800.0
144,2021-09-30 14:20:47,16300.0,1000.0,874700.0
145,2021-09-30 14:20:47,16300.0,200.0,873700.0
146,2021-09-30 14:20:47,16300.0,300.0,873500.0
147,2021-09-30 14:20:47,16300.0,500.0,873200.0
148,2021-09-30 14:20:47,16300.0,100.0,872700.0
149,2021-09-30 14:20:47,16300.0,100.0,872600.0
150,2021-09-30 14:20:47,16300.0,1000.0,872500.0
151,2021-09-30 14:20:47,16300.0,2000.0,871500.0
152,2021-09-30 14:20:47,16300.0,200.0,869500.0
153,2021-09-30 14:20:47,16300.0,500.0,869300.0
154,2021-09-30 14:20:47,16300.0,5100.0,868800.0
155,2021-09-30 14:20:30,16300.0,1000.0,863700.0
156,2021-09-30 14:19:55,16300.0,300.0,862700.0
157,2021-09-30 14:19:34,16300.0,300.0,862400.0
158,2021-09-30 14:19:15,16300.0,500.0,862100.0
159,2021-09-30 14:18:52,16300.0,2800.0,861600.0
160,2021-09-30 14:18:52,16300.0,200.0,858800.0
161,2021-09-30 14:18:52,16300.0,2000.0,858600.0
162,2021-09-30 14:18:52,16300.0,5000.0,856600.0
163,2021-09-30 14:18:35,16300.0,500.0,851600.0
164,2021-09-30 14:18:00,16300.0,1000.0,851100.0
165,2021-09-30 14:15:19,16300.0,1500.0,850100.0
166,2021-09-30 14:15:17,16300.0,500.0,848600.0
167,2021-09-30 14:14:58,16300.0,1100.0,848100.0
168,2021-09-30 14:14:51,16300.0,400.0,847000.0
169,2021-09-30 14:14:51,16300.0,100.0,846600.0
170,2021-09-30 14:14:38,16300.0,3000.0,846500.0
171,2021-09-30 14:14:24,16300.0,100.0,843500.0
172,2021-09-30 14:14:11,16300.0,3100.0,843400.0
173,2021-09-30 14:14:10,16300.0,400.0,840300.0
174,2021-09-30 14:13:55,16300.0,100.0,839900.0
175,2021-09-30 14:13:54,16300.0,1000.0,839800.0
176,2021-09-30 14:13:35,16300.0,100.0,838800.0
177,2021-09-30 14:13:34,16300.0,5300.0,838700.0
178,2021-09-30 14:13:29,16300.0,100.0,833400.0
179,2021-09-30 14:13:18,16300.0,100.0,833300.0
180,2021-09-30 14:13:18,16300.0,1500.0,833200.0
181,2021-09-30 14:13:18,16300.0,900.0,831700.0
182,2021-09-30 14:13:18,16300.0,400.0,830800.0
183,2021-09-30 14:13:18,16300.0,1600.0,830400.0
184,2021-09-30 14:13:13,16300.0,500.0,828800.0
185,2021-09-30 14:13:07,16300.0,900.0,828300.0
186,2021-09-30 14:13:07,16300.0,100.0,827400.0
187,2021-09-30 14:13:07,16300.0,500.0,827300.0
188,2021-09-30 14:13:07,16300.0,100.0,826800.0
189,2021-09-30 14:13:07,16300.0,200.0,826700.0
190,2021-09-30 14:12:52,16300.0,100.0,826500.0
191,2021-09-30 14:12:52,16300.0,500.0,826400.0
192,2021-09-30 14:12:52,16300.0,400.0,825900.0
193,2021-09-30 14:12:29,16300.0,100.0,825500.0
194,2021-09-30 14:12:29,16300.0,1000.0,825400.0
195,2021-09-30 14:12:29,16300.0,1000.0,824400.0
196,2021-09-30 14:12:29,16300.0,300.0,823400.0
197,2021-09-30 14:12:29,16300.0,100.0,823100.0
198,2021-09-30 14:12:29,16300.0,100.0,823000.0
199,2021-09-30 14:12:29,16300.0,2000.0,822900.0
200,2021-09-30 14:12:29,16300.0,100.0,820900.0
201,2021-09-30 14:12:29,16300.0,200.0,820800.0
202,2021-09-30 14:12:29,16300.0,400.0,820600.0
203,2021-09-30 14:12:29,16300.0,100.0,820200.0
204,2021-09-30 14:12:29,16300.0,100.0,820100.0
205,2021-09-30 14:12:29,16300.0,1000.0,820000.0
206,2021-09-30 14:12:29,16300.0,2500.0,819000.0
207,2021-09-30 14:12:29,16300.0,100.0,816500.0
208,2021-09-30 14:12:29,16300.0,10000.0,816400.0
209,2021-09-30 14:12:29,16300.0,400.0,806400.0
210,2021-09-30 14:12:29,16300.0,100.0,806000.0
211,2021-09-30 14:12:29,16300.0,500.0,805900.0
212,2021-09-30 14:12:29,16300.0,500.0,805400.0
213,2021-09-30 14:12:29,16300.0,1000.0,804900.0
214,2021-09-30 14:12:28,16300.0,500.0,803900.0
215,2021-09-30 14:12:28,16300.0,100.0,803400.0
216,2021-09-30 14:12:28,16300.0,200.0,803300.0
217,2021-09-30 14:12:28,16300.0,200.0,803100.0
218,2021-09-30 14:12:28,16300.0,100.0,802900.0
219,2021-09-30 14:12:28,16300.0,1000.0,802800.0
220,2021-09-30 14:12:28,16300.0,1000.0,801800.0
221,2021-09-30 14:12:28,16300.0,500.0,800800.0
222,2021-09-30 14:12:28,16300.0,600.0,800300.0
223,2021-09-30 14:12:28,16300.0,500.0,799700.0
224,2021-09-30 14:12:28,16300.0,300.0,799200.0
225,2021-09-30 14:12:28,16300.0,500.0,798900.0
226,2021-09-30 14:12:28,16300.0,1600.0,798400.0
227,2021-09-30 14:12:28,16300.0,300.0,796800.0
228,2021-09-30 14:12:28,16300.0,1000.0,796500.0
229,2021-09-30 14:12:28,16300.0,300.0,795500.0
230,2021-09-30 14:12:28,16300.0,400.0,795200.0
231,2021-09-30 14:12:28,16300.0,500.0,794800.0
232,2021-09-30 14:12:28,16300.0,1000.0,794300.0
233,2021-09-30 14:12:28,16300.0,100.0,793300.0
234,2021-09-30 14:12:28,16300.0,1000.0,793200.0
235,2021-09-30 14:12:28,16300.0,500.0,792200.0
236,2021-09-30 14:12:28,16300.0,1000.0,791700.0
237,2021-09-30 14:12:28,16300.0,100.0,790700.0
238,2021-09-30 14:12:28,16300.0,500.0,790600.0
239,2021-09-30 14:12:28,16300.0,100.0,790100.0
240,2021-09-30 14:12:28,16300.0,500.0,790000.0
241,2021-09-30 14:12:28,16300.0,100.0,789500.0
242,2021-09-30 14:12:28,16300.0,1000.0,789400.0
243,2021-09-30 14:12:28,16300.0,500.0,788400.0
244,2021-09-30 14:12:28,16300.0,3400.0,787900.0
245,2021-09-30 14:12:10,16300.0,200.0,784500.0
246,2021-09-30 14:11:44,16350.0,5000.0,784300.0
247,2021-09-30 14:11:40,16350.0,300.0,779300.0
248,2021-09-30 14:10:55,16350.0,10000.0,779000.0
249,2021-09-30 14:10:55,16350.0,100.0,769000.0
250,2021-09-30 14:10:35,16350.0,200.0,768900.0
251,2021-09-30 14:09:55,16350.0,3200.0,768700.0
252,2021-09-30 14:09:55,16350.0,500.0,765500.0
253,2021-09-30 14:09:55,16350.0,300.0,765000.0
254,2021-09-30 14:09:55,16350.0,6000.0,764700.0
255,2021-09-30 14:09:13,16400.0,100.0,758700.0
256,2021-09-30 14:08:37,16400.0,100.0,758600.0
257,2021-09-30 14:08:37,16400.0,300.0,758500.0
258,2021-09-30 14:05:07,16350.0,4000.0,758200.0
259,2021-09-30 14:05:07,16350.0,1000.0,754200.0
260,2021-09-30 14:04:59,16400.0,200.0,753200.0
261,2021-09-30 14:04:58,16350.0,5000.0,753000.0
262,2021-09-30 14:04:39,16350.0,20000.0,748000.0
263,2021-09-30 14:04:16,16350.0,200.0,728000.0
264,2021-09-30 14:04:10,16350.0,600.0,727800.0
265,2021-09-30 14:03:53,16350.0,400.0,727200.0
266,2021-09-30 14:03:42,16350.0,100.0,726800.0
267,2021-09-30 14:03:42,16350.0,500.0,726700.0
268,2021-09-30 14:03:42,16350.0,400.0,726200.0
269,2021-09-30 14:03:32,16350.0,100.0,725800.0
270,2021-09-30 14:03:14,16350.0,10000.0,725700.0
271,2021-09-30 14:02:57,16350.0,400.0,715700.0
272,2021-09-30 14:02:32,16350.0,500.0,715300.0
273,2021-09-30 14:01:52,16350.0,8000.0,714800.0
274,2021-09-30 14:01:52,16350.0,1000.0,706800.0
275,2021-09-30 14:01:41,16350.0,200.0,705800.0
276,2021-09-30 14:00:12,16350.0,500.0,705600.0
277,2021-09-30 13:58:48,16300.0,6400.0,705100.0
278,2021-09-30 13:58:48,16300.0,100.0,698700.0
279,2021-09-30 13:58:48,16300.0,300.0,698600.0
280,2021-09-30 13:58:48,16350.0,200.0,698300.0
281,2021-09-30 13:58:32,16300.0,4600.0,698100.0
282,2021-09-30 13:58:32,16300.0,100.0,693500.0
283,2021-09-30 13:58:32,16300.0,1000.0,693400.0
284,2021-09-30 13:58:32,16300.0,2000.0,692400.0
285,2021-09-30 13:58:32,16300.0,500.0,690400.0
286,2021-09-30 13:58:32,16300.0,4200.0,689900.0
287,2021-09-30 13:58:32,16350.0,600.0,685700.0
288,2021-09-30 13:56:46,16350.0,200.0,685100.0
289,2021-09-30 13:56:46,16350.0,200.0,684900.0
290,2021-09-30 13:55:58,16350.0,100.0,684700.0
291,2021-09-30 13:55:24,16300.0,1000.0,684600.0
292,2021-09-30 13:54:04,16300.0,2800.0,683600.0
293,2021-09-30 13:54:04,16300.0,2000.0,680800.0
294,2021-09-30 13:54:04,16350.0,100.0,678800.0
295,2021-09-30 13:54:04,16350.0,100.0,678700.0
296,2021-09-30 13:53:27,16350.0,700.0,678600.0
297,2021-09-30 13:53:27,16350.0,100.0,677900.0
298,2021-09-30 13:53:27,16350.0,200.0,677800.0
299,2021-09-30 13:53:27,16350.0,100.0,677600.0
300,2021-09-30 13:53:27,16350.0,1000.0,677500.0
301,2021-09-30 13:53:27,16350.0,500.0,676500.0
302,2021-09-30 13:53:22,16350.0,2600.0,676000.0
303,2021-09-30 13:53:22,16350.0,100.0,673400.0
304,2021-09-30 13:53:22,16350.0,500.0,673300.0
305,2021-09-30 13:53:22,16350.0,500.0,672800.0
306,2021-09-30 13:53:22,16350.0,1300.0,672300.0
307,2021-09-30 13:52:33,16350.0,700.0,671000.0
308,2021-09-30 13:52:33,16350.0,1100.0,670300.0
309,2021-09-30 13:52:33,16350.0,1000.0,669200.0
310,2021-09-30 13:52:25,16350.0,200.0,668200.0
311,2021-09-30 13:52:14,16350.0,800.0,668000.0
312,2021-09-30 13:52:14,16350.0,100.0,667200.0
313,2021-09-30 13:52:14,16350.0,100.0,667100.0
314,2021-09-30 13:52:14,16350.0,500.0,667000.0
315,2021-09-30 13:52:14,16350.0,500.0,666500.0
316,2021-09-30 13:51:33,16350.0,2500.0,666000.0
317,2021-09-30 13:51:33,16350.0,7500.0,663500.0
318,2021-09-30 13:50:00,16400.0,100.0,656000.0
319,2021-09-30 13:49:52,16350.0,2500.0,655900.0
320,2021-09-30 13:49:52,16350.0,2500.0,653400.0
321,2021-09-30 13:49:49,16350.0,1000.0,650900.0
322,2021-09-30 13:49:42,16350.0,1500.0,649900.0
323,2021-09-30 13:49:42,16350.0,1000.0,648400.0
324,2021-09-30 13:49:42,16350.0,100.0,647400.0
325,2021-09-30 13:49:42,16350.0,100.0,647300.0
326,2021-09-30 13:49:42,16350.0,1000.0,647200.0
327,2021-09-30 13:49:42,16350.0,700.0,646200.0
328,2021-09-30 13:49:42,16350.0,1000.0,645500.0
329,2021-09-30 13:49:42,16350.0,100.0,644500.0
330,2021-09-30 13:49:42,16350.0,300.0,644400.0
331,2021-09-30 13:49:42,16350.0,200.0,644100.0
332,2021-09-30 13:46:37,16350.0,300.0,643900.0
333,2021-09-30 13:46:37,16350.0,500.0,643600.0
334,2021-09-30 13:45:51,16400.0,600.0,643100.0
335,2021-09-30 13:44:56,16400.0,1500.0,642500.0
336,2021-09-30 13:44:56,16400.0,300.0,641000.0
337,2021-09-30 13:44:56,16400.0,2000.0,640700.0
338,2021-09-30 13:44:56,16400.0,400.0,638700.0
339,2021-09-30 13:43:29,16350.0,200.0,638300.0
340,2021-09-30 13:43:29,16350.0,300.0,638100.0
341,2021-09-30 13:43:27,16400.0,300.0,637800.0
342,2021-09-30 13:43:18,16400.0,800.0,637500.0
343,2021-09-30 13:43:09,16400.0,300.0,636700.0
344,2021-09-30 13:43:02,16400.0,900.0,636400.0
345,2021-09-30 13:42:53,16400.0,100.0,635500.0
346,2021-09-30 13:42:53,16400.0,900.0,635400.0
347,2021-09-30 13:42:53,16400.0,200.0,634500.0
348,2021-09-30 13:42:32,16350.0,500.0,634300.0
349,2021-09-30 13:42:29,16400.0,1000.0,633800.0
350,2021-09-30 13:41:34,16400.0,100.0,632800.0
351,2021-09-30 13:40:54,16350.0,300.0,632700.0
352,2021-09-30 13:40:11,16350.0,1000.0,632400.0
353,2021-09-30 13:39:55,16350.0,1500.0,631400.0
354,2021-09-30 13:39:06,16350.0,100.0,629900.0
355,2021-09-30 13:37:54,16350.0,100.0,629800.0
356,2021-09-30 13:37:13,16400.0,500.0,629700.0
357,2021-09-30 13:36:49,16400.0,100.0,629200.0
358,2021-09-30 13:36:18,16400.0,500.0,629100.0
359,2021-09-30 13:36:18,16400.0,600.0,628600.0
360,2021-09-30 13:36:07,16400.0,600.0,628000.0
361,2021-09-30 13:35:59,16350.0,2000.0,627400.0
362,2021-09-30 13:35:51,16400.0,2000.0,625400.0
363,2021-09-30 13:35:38,16400.0,100.0,623400.0
364,2021-09-30 13:35:30,16400.0,500.0,623300.0
365,2021-09-30 13:35:15,16400.0,1000.0,622800.0
366,2021-09-30 13:35:03,16400.0,200.0,621800.0
367,2021-09-30 13:35:03,16400.0,3600.0,621600.0
368,2021-09-30 13:35:03,16400.0,1000.0,618000.0
369,2021-09-30 13:35:03,16400.0,5000.0,617000.0
370,2021-09-30 13:35:03,16400.0,200.0,612000.0
371,2021-09-30 13:34:52,16400.0,100.0,611800.0
372,2021-09-30 13:34:47,16400.0,1000.0,611700.0
373,2021-09-30 13:34:45,16400.0,500.0,610700.0
374,2021-09-30 13:34:39,16350.0,2200.0,610200.0
375,2021-09-30 13:34:39,16350.0,100.0,608000.0
376,2021-09-30 13:34:39,16350.0,200.0,607900.0
377,2021-09-30 13:34:39,16350.0,1000.0,607700.0
378,2021-09-30 13:34:39,16350.0,200.0,606700.0
379,2021-09-30 13:34:39,16350.0,1300.0,606500.0
380,2021-09-30 13:33:00,16400.0,100.0,605200.0
381,2021-09-30 13:31:50,16400.0,100.0,605100.0
382,2021-09-30 13:31:29,16400.0,100.0,605000.0
383,2021-09-30 13:31:21,16400.0,100.0,604900.0
384,2021-09-30 13:30:31,16400.0,300.0,604800.0
385,2021-09-30 13:30:30,16400.0,100.0,604500.0
386,2021-09-30 13:29:21,16400.0,100.0,604400.0
387,2021-09-30 13:29:13,16400.0,1600.0,604300.0
388,2021-09-30 13:27:23,16400.0,1000.0,602700.0
389,2021-09-30 13:26:41,16400.0,100.0,601700.0
390,2021-09-30 13:26:12,16350.0,4100.0,601600.0
391,2021-09-30 13:26:12,16350.0,100.0,597500.0
392,2021-09-30 13:26:12,16350.0,800.0,597400.0
393,2021-09-30 13:25:48,16350.0,700.0,596600.0
394,2021-09-30 13:25:48,16350.0,500.0,595900.0
395,2021-09-30 13:25:48,16350.0,800.0,595400.0
396,2021-09-30 13:25:42,16400.0,100.0,594600.0
397,2021-09-30 13:25:21,16400.0,1000.0,594500.0
398,2021-09-30 13:24:57,16400.0,100.0,593500.0
399,2021-09-30 13:24:51,16400.0,100.0,593400.0
400,2021-09-30 13:24:47,16400.0,1000.0,593300.0
401,2021-09-30 13:24:47,16400.0,100.0,592300.0
402,2021-09-30 13:24:47,16400.0,5200.0,592200.0
403,2021-09-30 13:24:39,16400.0,900.0,587000.0
404,2021-09-30 13:23:48,16400.0,1000.0,586100.0
405,2021-09-30 13:23:48,16400.0,100.0,585100.0
406,2021-09-30 13:22:10,16400.0,100.0,585000.0
407,2021-09-30 13:21:44,16400.0,1000.0,584900.0
408,2021-09-30 13:21:38,16400.0,1800.0,583900.0
409,2021-09-30 13:21:38,16400.0,100.0,582100.0
410,2021-09-30 13:21:38,16400.0,100.0,582000.0
411,2021-09-30 13:21:18,16400.0,400.0,581900.0
412,2021-09-30 13:21:18,16400.0,100.0,581500.0
413,2021-09-30 13:21:17,16400.0,5000.0,581400.0
414,2021-09-30 13:20:47,16400.0,4900.0,576400.0
415,2021-09-30 13:20:47,16400.0,100.0,571500.0
416,2021-09-30 13:19:13,16400.0,500.0,571400.0
417,2021-09-30 13:18:31,16400.0,2000.0,570900.0
418,2021-09-30 13:16:28,16400.0,300.0,568900.0
419,2021-09-30 13:15:12,16400.0,5000.0,568600.0
420,2021-09-30 13:14:39,16400.0,2000.0,563600.0
421,2021-09-30 13:14:25,16400.0,100.0,561600.0
422,2021-09-30 13:14:25,16400.0,400.0,561500.0
423,2021-09-30 13:14:25,16400.0,1200.0,561100.0
424,2021-09-30 13:10:59,16450.0,300.0,559900.0
425,2021-09-30 13:10:01,16450.0,700.0,559600.0
426,2021-09-30 13:10:01,16450.0,1000.0,558900.0
427,2021-09-30 13:10:01,16450.0,8300.0,557900.0
428,2021-09-30 13:08:33,16450.0,500.0,549600.0
429,2021-09-30 13:08:33,16450.0,1200.0,549100.0
430,2021-09-30 13:08:29,16450.0,10000.0,547900.0
431,2021-09-30 13:07:55,16450.0,3000.0,537900.0
432,2021-09-30 13:07:47,16450.0,10000.0,534900.0
433,2021-09-30 13:06:02,16450.0,200.0,524900.0
434,2021-09-30 13:04:58,16450.0,600.0,524700.0
435,2021-09-30 13:04:58,16450.0,400.0,524100.0
436,2021-09-30 13:04:58,16450.0,1000.0,523700.0
437,2021-09-30 13:01:48,16400.0,200.0,522700.0
438,2021-09-30 13:01:32,16400.0,100.0,522500.0
439,2021-09-30 13:01:32,16400.0,18500.0,522400.0
440,2021-09-30 13:00:05,16400.0,2000.0,503900.0
441,2021-09-30 13:00:01,16400.0,2800.0,501900.0
442,2021-09-30 13:00:01,16350.0,100.0,499100.0
443,2021-09-30 11:29:51,16350.0,500.0,499000.0
444,2021-09-30 11:28:03,16400.0,100.0,498500.0
445,2021-09-30 11:26:40,16400.0,500.0,498400.0
446,2021-09-30 11:25:12,16350.0,1000.0,497900.0
447,2021-09-30 11:23:33,16400.0,1000.0,496900.0
448,2021-09-30 11:23:33,16400.0,5100.0,495900.0
449,2021-09-30 11:23:22,16400.0,2300.0,490800.0
450,2021-09-30 11:22:55,16400.0,200.0,488500.0
451,2021-09-30 11:19:51,16400.0,300.0,488300.0
452,2021-09-30 11:19:27,16400.0,1100.0,488000.0
453,2021-09-30 11:18:47,16400.0,1000.0,486900.0
454,2021-09-30 11:18:30,16400.0,5000.0,485900.0
455,2021-09-30 11:18:30,16400.0,4000.0,480900.0
456,2021-09-30 11:18:30,16400.0,1000.0,476900.0
457,2021-09-30 11:17:15,16350.0,1000.0,475900.0
458,2021-09-30 11:16:19,16350.0,1000.0,474900.0
459,2021-09-30 11:15:51,16350.0,400.0,473900.0
460,2021-09-30 11:12:45,16350.0,3500.0,473500.0
461,2021-09-30 11:11:35,16350.0,1700.0,470000.0
462,2021-09-30 11:11:35,16350.0,200.0,468300.0
463,2021-09-30 11:11:35,16350.0,100.0,468100.0
464,2021-09-30 11:10:38,16350.0,100.0,468000.0
465,2021-09-30 11:09:58,16350.0,800.0,467900.0
466,2021-09-30 11:09:58,16350.0,2200.0,467100.0
467,2021-09-30 11:09:50,16350.0,100.0,464900.0
468,2021-09-30 11:08:05,16350.0,900.0,464800.0
469,2021-09-30 11:07:07,16350.0,1700.0,463900.0
470,2021-09-30 11:06:10,16350.0,100.0,462200.0
471,2021-09-30 11:04:47,16400.0,100.0,462100.0
472,2021-09-30 11:04:47,16400.0,1500.0,462000.0
473,2021-09-30 11:04:47,16400.0,100.0,460500.0
474,2021-09-30 11:04:47,16400.0,200.0,460400.0
475,2021-09-30 11:04:47,16400.0,200.0,460200.0
476,2021-09-30 11:04:47,16400.0,100.0,460000.0
477,2021-09-30 11:04:47,16400.0,5000.0,459900.0
478,2021-09-30 11:04:47,16400.0,600.0,454900.0
479,2021-09-30 11:04:47,16400.0,500.0,454300.0
480,2021-09-30 11:04:47,16400.0,200.0,453800.0
481,2021-09-30 11:04:16,16400.0,800.0,453600.0
482,2021-09-30 11:04:16,16400.0,1000.0,452800.0
483,2021-09-30 11:04:16,16400.0,500.0,451800.0
484,2021-09-30 11:04:16,16400.0,1000.0,451300.0
485,2021-09-30 11:04:16,16400.0,2000.0,450300.0
486,2021-09-30 11:04:16,16400.0,200.0,448300.0
487,2021-09-30 11:04:16,16400.0,14500.0,448100.0
488,2021-09-30 11:04:03,16400.0,5000.0,433600.0
489,2021-09-30 11:03:15,16400.0,200.0,428600.0
490,2021-09-30 11:02:55,16450.0,500.0,428400.0
491,2021-09-30 11:02:05,16450.0,500.0,427900.0
492,2021-09-30 11:01:25,16400.0,300.0,427400.0
493,2021-09-30 11:01:25,16400.0,1000.0,427100.0
494,2021-09-30 11:01:25,16400.0,1000.0,426100.0
495,2021-09-30 11:01:25,16400.0,700.0,425100.0
496,2021-09-30 11:00:33,16400.0,200.0,424400.0
497,2021-09-30 10:59:18,16450.0,100.0,424200.0
498,2021-09-30 10:58:52,16400.0,100.0,424100.0
499,2021-09-30 10:56:28,16450.0,500.0,424000.0
500,2021-09-30 10:56:09,16450.0,100.0,423500.0
501,2021-09-30 10:55:59,16450.0,1000.0,423400.0
502,2021-09-30 10:54:23,16450.0,100.0,422400.0
503,2021-09-30 10:54:23,16450.0,1000.0,422300.0
504,2021-09-30 10:54:23,16450.0,200.0,421300.0
505,2021-09-30 10:54:23,16450.0,200.0,421100.0
506,2021-09-30 10:54:08,16450.0,300.0,420900.0
507,2021-09-30 10:54:08,16450.0,200.0,420600.0
508,2021-09-30 10:54:08,16450.0,500.0,420400.0
509,2021-09-30 10:52:37,16450.0,200.0,419900.0
510,2021-09-30 10:52:37,16450.0,500.0,419700.0
511,2021-09-30 10:51:55,16450.0,3000.0,419200.0
512,2021-09-30 10:49:22,16500.0,100.0,416200.0
513,2021-09-30 10:49:22,16500.0,1000.0,416100.0
514,2021-09-30 10:49:10,16500.0,6200.0,415100.0
515,2021-09-30 10:49:10,16500.0,200.0,408900.0
516,2021-09-30 10:49:10,16500.0,1600.0,408700.0
517,2021-09-30 10:49:04,16500.0,100.0,407100.0
518,2021-09-30 10:48:56,16500.0,1000.0,407000.0
519,2021-09-30 10:47:15,16500.0,100.0,406000.0
520,2021-09-30 10:47:15,16500.0,100.0,405900.0
521,2021-09-30 10:47:11,16550.0,1000.0,405800.0
522,2021-09-30 10:46:40,16550.0,1700.0,404800.0
523,2021-09-30 10:46:40,16550.0,2000.0,403100.0
524,2021-09-30 10:46:40,16550.0,1000.0,401100.0
525,2021-09-30 10:46:40,16550.0,1000.0,400100.0
526,2021-09-30 10:46:40,16550.0,200.0,399100.0
527,2021-09-30 10:46:40,16550.0,500.0,398900.0
528,2021-09-30 10:46:40,16550.0,500.0,398400.0
529,2021-09-30 10:46:40,16550.0,1000.0,397900.0
530,2021-09-30 10:45:21,16500.0,500.0,396900.0
531,2021-09-30 10:45:21,16500.0,1000.0,396400.0
532,2021-09-30 10:45:21,16500.0,700.0,395400.0
533,2021-09-30 10:44:58,16500.0,300.0,394700.0
534,2021-09-30 10:44:58,16500.0,1000.0,394400.0
535,2021-09-30 10:44:58,16500.0,7000.0,393400.0
536,2021-09-30 10:44:58,16500.0,1000.0,386400.0
537,2021-09-30 10:44:58,16500.0,5000.0,385400.0
538,2021-09-30 10:44:58,16500.0,100.0,380400.0
539,2021-09-30 10:44:58,16500.0,300.0,380300.0
540,2021-09-30 10:44:58,16500.0,100.0,380000.0
541,2021-09-30 10:44:58,16500.0,600.0,379900.0
542,2021-09-30 10:44:58,16500.0,3000.0,379300.0
543,2021-09-30 10:44:58,16500.0,1000.0,376300.0
544,2021-09-30 10:44:58,16500.0,1000.0,375300.0
545,2021-09-30 10:44:58,16500.0,1000.0,374300.0
546,2021-09-30 10:44:58,16500.0,1500.0,373300.0
547,2021-09-30 10:44:58,16500.0,1000.0,371800.0
548,2021-09-30 10:44:58,16500.0,500.0,370800.0
549,2021-09-30 10:44:58,16500.0,1000.0,370300.0
550,2021-09-30 10:44:58,16500.0,200.0,369300.0
551,2021-09-30 10:44:58,16500.0,2000.0,369100.0
552,2021-09-30 10:44:58,16500.0,2000.0,367100.0
553,2021-09-30 10:44:58,16500.0,400.0,365100.0
554,2021-09-30 10:44:30,16450.0,100.0,364700.0
555,2021-09-30 10:44:19,16500.0,500.0,364600.0
556,2021-09-30 10:43:43,16500.0,2000.0,364100.0
557,2021-09-30 10:43:26,16500.0,100.0,362100.0
558,2021-09-30 10:43:10,16500.0,100.0,362000.0
559,2021-09-30 10:42:14,16500.0,1000.0,361900.0
560,2021-09-30 10:41:58,16500.0,900.0,360900.0
561,2021-09-30 10:39:53,16500.0,200.0,360000.0
562,2021-09-30 10:39:53,16500.0,400.0,359800.0
563,2021-09-30 10:39:53,16500.0,900.0,359400.0
564,2021-09-30 10:38:42,16500.0,200.0,358500.0
565,2021-09-30 10:37:57,16500.0,2000.0,358300.0
566,2021-09-30 10:37:21,16500.0,1500.0,356300.0
567,2021-09-30 10:37:14,16450.0,1000.0,354800.0
568,2021-09-30 10:36:51,16450.0,10000.0,353800.0
569,2021-09-30 10:36:50,16500.0,300.0,343800.0
570,2021-09-30 10:36:45,16500.0,800.0,343500.0
571,2021-09-30 10:36:45,16500.0,200.0,342700.0
572,2021-09-30 10:36:45,16500.0,500.0,342500.0
573,2021-09-30 10:36:45,16500.0,6900.0,342000.0
574,2021-09-30 10:36:45,16500.0,200.0,335100.0
575,2021-09-30 10:36:45,16500.0,1800.0,334900.0
576,2021-09-30 10:36:45,16500.0,5600.0,333100.0
577,2021-09-30 10:31:53,16500.0,400.0,327500.0
578,2021-09-30 10:31:53,16500.0,500.0,327100.0
579,2021-09-30 10:31:00,16450.0,100.0,326600.0
580,2021-09-30 10:29:09,16450.0,1000.0,326500.0
581,2021-09-30 10:27:24,16450.0,1000.0,325500.0
582,2021-09-30 10:26:59,16450.0,1000.0,324500.0
583,2021-09-30 10:26:07,16450.0,1000.0,323500.0
584,2021-09-30 10:24:45,16450.0,5000.0,322500.0
585,2021-09-30 10:24:30,16500.0,100.0,317500.0
586,2021-09-30 10:23:40,16500.0,1900.0,317400.0
587,2021-09-30 10:23:33,16500.0,3100.0,315500.0
588,2021-09-30 10:23:33,16500.0,1000.0,312400.0
589,2021-09-30 10:23:33,16500.0,200.0,311400.0
590,2021-09-30 10:23:33,16500.0,100.0,311200.0
591,2021-09-30 10:23:33,16500.0,100.0,311100.0
592,2021-09-30 10:23:33,16500.0,5000.0,311000.0
593,2021-09-30 10:23:33,16500.0,1000.0,306000.0
594,2021-09-30 10:23:33,16500.0,500.0,305000.0
595,2021-09-30 10:23:24,16500.0,500.0,304500.0
596,2021-09-30 10:23:24,16500.0,4500.0,304000.0
597,2021-09-30 10:23:15,16500.0,3000.0,299500.0
598,2021-09-30 10:23:05,16500.0,100.0,296500.0
599,2021-09-30 10:23:04,16500.0,100.0,296400.0
600,2021-09-30 10:22:48,16500.0,3000.0,296300.0
601,2021-09-30 10:22:19,16550.0,800.0,293300.0
602,2021-09-30 10:22:19,16550.0,500.0,292500.0
603,2021-09-30 10:22:19,16550.0,2700.0,292000.0
604,2021-09-30 10:22:15,16550.0,2300.0,289300.0
605,2021-09-30 10:22:15,16550.0,400.0,287000.0
606,2021-09-30 10:22:15,16550.0,2300.0,286600.0
607,2021-09-30 10:21:37,16550.0,4000.0,284300.0
608,2021-09-30 10:21:33,16550.0,2000.0,280300.0
609,2021-09-30 10:21:10,16500.0,1000.0,278300.0
610,2021-09-30 10:20:56,16500.0,500.0,277300.0
611,2021-09-30 10:19:40,16500.0,200.0,276800.0
612,2021-09-30 10:19:22,16550.0,200.0,276600.0
613,2021-09-30 10:18:04,16500.0,1000.0,276400.0
614,2021-09-30 10:17:56,16500.0,200.0,275400.0
615,2021-09-30 10:16:36,16550.0,200.0,275200.0
616,2021-09-30 10:16:36,16550.0,100.0,275000.0
617,2021-09-30 10:16:22,16550.0,100.0,274900.0
618,2021-09-30 10:16:15,16550.0,100.0,274800.0
619,2021-09-30 10:15:51,16550.0,300.0,274700.0
620,2021-09-30 10:15:41,16550.0,300.0,274400.0
621,2021-09-30 10:15:28,16550.0,100.0,274100.0
622,2021-09-30 10:15:20,16550.0,300.0,274000.0
623,2021-09-30 10:15:20,16550.0,700.0,273700.0
624,2021-09-30 10:15:06,16500.0,200.0,273000.0
625,2021-09-30 10:15:03,16550.0,100.0,272800.0
626,2021-09-30 10:14:43,16550.0,200.0,272700.0
627,2021-09-30 10:14:43,16550.0,200.0,272500.0
628,2021-09-30 10:14:43,16550.0,300.0,272300.0
629,2021-09-30 10:14:43,16550.0,100.0,272000.0
630,2021-09-30 10:14:43,16550.0,200.0,271900.0
631,2021-09-30 10:14:43,16550.0,1000.0,271700.0
632,2021-09-30 10:14:25,16550.0,100.0,270700.0
633,2021-09-30 10:14:07,16500.0,1000.0,270600.0
634,2021-09-30 10:13:20,16500.0,2000.0,269600.0
635,2021-09-30 10:13:19,16500.0,100.0,267600.0
636,2021-09-30 10:11:57,16500.0,200.0,267500.0
637,2021-09-30 10:10:57,16500.0,2000.0,267300.0
638,2021-09-30 10:10:57,16500.0,100.0,265300.0
639,2021-09-30 10:10:57,16500.0,300.0,265200.0
640,2021-09-30 10:10:57,16500.0,200.0,264900.0
641,2021-09-30 10:10:57,16500.0,1000.0,264700.0
642,2021-09-30 10:10:57,16500.0,100.0,263700.0
643,2021-09-30 10:10:57,16500.0,4200.0,263600.0
644,2021-09-30 10:10:49,16450.0,7000.0,259400.0
645,2021-09-30 10:10:46,16500.0,5800.0,252400.0
646,2021-09-30 10:10:46,16500.0,200.0,246600.0
647,2021-09-30 10:10:46,16500.0,4000.0,246400.0
648,2021-09-30 10:10:46,16500.0,200.0,242400.0
649,2021-09-30 10:10:46,16500.0,5000.0,242200.0
650,2021-09-30 10:10:46,16500.0,100.0,237200.0
651,2021-09-30 10:10:46,16500.0,500.0,237100.0
652,2021-09-30 10:10:46,16500.0,500.0,236600.0
653,2021-09-30 10:10:46,16500.0,1000.0,236100.0
654,2021-09-30 10:10:46,16500.0,30000.0,235100.0
655,2021-09-30 10:10:46,16500.0,1000.0,205100.0
656,2021-09-30 10:10:46,16500.0,1700.0,204100.0
657,2021-09-30 10:10:27,16500.0,5000.0,202400.0
658,2021-09-30 10:10:27,16500.0,10000.0,197400.0
659,2021-09-30 10:10:27,16500.0,1000.0,187400.0
660,2021-09-30 10:10:27,16500.0,2000.0,186400.0
661,2021-09-30 10:08:44,16450.0,500.0,184400.0
662,2021-09-30 10:08:38,16450.0,100.0,183900.0
663,2021-09-30 10:08:38,16450.0,900.0,183800.0
664,2021-09-30 10:08:33,16450.0,200.0,182900.0
665,2021-09-30 10:08:15,16450.0,1200.0,182700.0
666,2021-09-30 10:08:06,16450.0,500.0,181500.0
667,2021-09-30 10:08:00,16450.0,200.0,181000.0
668,2021-09-30 10:07:54,16450.0,2000.0,180800.0
669,2021-09-30 10:07:31,16500.0,200.0,178800.0
670,2021-09-30 10:07:15,16500.0,200.0,178600.0
671,2021-09-30 10:05:34,16500.0,600.0,178400.0
672,2021-09-30 10:05:34,16500.0,1000.0,177800.0
673,2021-09-30 10:05:34,16500.0,100.0,176800.0
674,2021-09-30 10:05:34,16500.0,200.0,176700.0
675,2021-09-30 10:05:34,16450.0,100.0,176500.0
676,2021-09-30 10:05:34,16450.0,1000.0,176400.0
677,2021-09-30 10:05:32,16450.0,200.0,175400.0
678,2021-09-30 10:05:31,16450.0,300.0,175200.0
679,2021-09-30 10:05:26,16450.0,5000.0,174900.0
680,2021-09-30 10:05:07,16450.0,1000.0,169900.0
681,2021-09-30 10:04:57,16450.0,5000.0,168900.0
682,2021-09-30 10:04:54,16450.0,4000.0,163900.0
683,2021-09-30 10:04:54,16450.0,100.0,159900.0
684,2021-09-30 10:04:54,16450.0,10000.0,159800.0
685,2021-09-30 10:04:54,16450.0,300.0,149800.0
686,2021-09-30 10:04:28,16500.0,3000.0,149500.0
687,2021-09-30 10:04:02,16500.0,3000.0,146500.0
688,2021-09-30 10:04:02,16500.0,100.0,143500.0
689,2021-09-30 10:02:54,16500.0,300.0,143400.0
690,2021-09-30 10:02:54,16500.0,100.0,143100.0
691,2021-09-30 10:02:54,16500.0,100.0,143000.0
692,2021-09-30 10:01:54,16500.0,100.0,142900.0
693,2021-09-30 10:01:18,16450.0,600.0,142800.0
694,2021-09-30 10:01:00,16450.0,2400.0,142200.0
695,2021-09-30 10:01:00,16450.0,600.0,139800.0
696,2021-09-30 10:00:57,16450.0,400.0,139200.0
697,2021-09-30 10:00:57,16450.0,100.0,138800.0
698,2021-09-30 10:00:55,16450.0,200.0,138700.0
699,2021-09-30 10:00:17,16450.0,100.0,138500.0
700,2021-09-30 09:59:45,16450.0,1600.0,138400.0
701,2021-09-30 09:59:45,16450.0,100.0,136800.0
702,2021-09-30 09:59:45,16450.0,500.0,136700.0
703,2021-09-30 09:59:45,16450.0,200.0,136200.0
704,2021-09-30 09:59:45,16450.0,7600.0,136000.0
705,2021-09-30 09:59:38,16450.0,2400.0,128400.0
706,2021-09-30 09:59:38,16450.0,200.0,126000.0
707,2021-09-30 09:59:38,16450.0,2000.0,125800.0
708,2021-09-30 09:59:38,16450.0,2500.0,123800.0
709,2021-09-30 09:58:38,16450.0,200.0,121300.0
710,2021-09-30 09:58:37,16400.0,300.0,121100.0
711,2021-09-30 09:58:05,16400.0,700.0,120800.0
712,2021-09-30 09:56:55,16450.0,100.0,120100.0
713,2021-09-30 09:55:58,16400.0,3800.0,120000.0
714,2021-09-30 09:55:58,16400.0,100.0,116200.0
715,2021-09-30 09:55:58,16400.0,100.0,116100.0
716,2021-09-30 09:55:53,16400.0,100.0,116000.0
717,2021-09-30 09:55:53,16400.0,300.0,115900.0
718,2021-09-30 09:54:50,16400.0,100.0,115600.0
719,2021-09-30 09:54:43,16450.0,200.0,115500.0
720,2021-09-30 09:53:51,16450.0,1000.0,115300.0
721,2021-09-30 09:53:05,16450.0,1000.0,114300.0
722,2021-09-30 09:52:36,16400.0,400.0,113300.0
723,2021-09-30 09:52:36,16400.0,100.0,112900.0
724,2021-09-30 09:52:36,16400.0,1000.0,112800.0
725,2021-09-30 09:52:36,16400.0,500.0,111800.0
726,2021-09-30 09:52:22,16400.0,1000.0,111300.0
727,2021-09-30 09:49:53,16400.0,500.0,110300.0
728,2021-09-30 09:49:53,16400.0,500.0,109800.0
729,2021-09-30 09:49:53,16400.0,1000.0,109300.0
730,2021-09-30 09:49:53,16400.0,2000.0,108300.0
731,2021-09-30 09:49:53,16400.0,100.0,106300.0
732,2021-09-30 09:49:53,16400.0,400.0,106200.0
733,2021-09-30 09:49:53,16400.0,700.0,105800.0
734,2021-09-30 09:49:34,16450.0,1000.0,105100.0
735,2021-09-30 09:49:31,16400.0,200.0,104100.0
736,2021-09-30 09:47:02,16400.0,100.0,103900.0
737,2021-09-30 09:46:10,16400.0,100.0,103800.0
738,2021-09-30 09:46:10,16400.0,2000.0,103700.0
739,2021-09-30 09:46:10,16400.0,6500.0,101700.0
740,2021-09-30 09:45:35,16400.0,2000.0,95200.0
741,2021-09-30 09:45:03,16400.0,100.0,93200.0
742,2021-09-30 09:44:59,16400.0,200.0,93100.0
743,2021-09-30 09:44:54,16400.0,200.0,92900.0
744,2021-09-30 09:44:31,16400.0,1000.0,92700.0
745,2021-09-30 09:43:51,16400.0,200.0,91700.0
746,2021-09-30 09:43:51,16400.0,800.0,91500.0
747,2021-09-30 09:43:51,16400.0,200.0,90700.0
748,2021-09-30 09:43:51,16400.0,1000.0,90500.0
749,2021-09-30 09:43:51,16400.0,1000.0,89500.0
750,2021-09-30 09:43:51,16400.0,200.0,88500.0
751,2021-09-30 09:43:51,16400.0,2000.0,88300.0
752,2021-09-30 09:43:51,16400.0,2000.0,86300.0
753,2021-09-30 09:43:51,16400.0,1000.0,84300.0
754,2021-09-30 09:41:12,16350.0,2000.0,83300.0
755,2021-09-30 09:41:02,16350.0,500.0,81300.0
756,2021-09-30 09:41:02,16350.0,300.0,80800.0
757,2021-09-30 09:41:02,16350.0,100.0,80500.0
758,2021-09-30 09:40:17,16350.0,500.0,80400.0
759,2021-09-30 09:40:17,16350.0,100.0,79900.0
760,2021-09-30 09:40:17,16350.0,1000.0,79800.0
761,2021-09-30 09:40:17,16350.0,1400.0,78800.0
762,2021-09-30 09:38:06,16400.0,200.0,77400.0
763,2021-09-30 09:37:35,16350.0,600.0,77200.0
764,2021-09-30 09:37:35,16350.0,100.0,76600.0
765,2021-09-30 09:37:35,16350.0,900.0,76500.0
766,2021-09-30 09:37:08,16350.0,100.0,75600.0
767,2021-09-30 09:36:11,16400.0,500.0,75500.0
768,2021-09-30 09:34:15,16400.0,100.0,75000.0
769,2021-09-30 09:33:56,16400.0,100.0,74900.0
770,2021-09-30 09:33:17,16350.0,500.0,74800.0
771,2021-09-30 09:32:47,16350.0,500.0,74300.0
772,2021-09-30 09:32:47,16350.0,500.0,73800.0
773,2021-09-30 09:32:47,16350.0,1000.0,73300.0
774,2021-09-30 09:32:47,16350.0,3100.0,72300.0
775,2021-09-30 09:32:20,16350.0,700.0,69200.0
776,2021-09-30 09:31:22,16350.0,500.0,68500.0
777,2021-09-30 09:31:05,16350.0,700.0,68000.0
778,2021-09-30 09:31:05,16350.0,900.0,67300.0
779,2021-09-30 09:30:48,16400.0,100.0,66400.0
780,2021-09-30 09:30:45,16400.0,200.0,66300.0
781,2021-09-30 09:30:43,16400.0,1000.0,66100.0
782,2021-09-30 09:30:29,16400.0,700.0,65100.0
783,2021-09-30 09:30:29,16400.0,200.0,64400.0
784,2021-09-30 09:30:29,16400.0,100.0,64200.0
785,2021-09-30 09:30:29,16400.0,500.0,64100.0
786,2021-09-30 09:30:29,16400.0,500.0,63600.0
787,2021-09-30 09:30:23,16400.0,4000.0,63100.0
788,2021-09-30 09:30:07,16450.0,100.0,59100.0
789,2021-09-30 09:30:06,16400.0,1000.0,59000.0
790,2021-09-30 09:30:03,16400.0,4500.0,58000.0
791,2021-09-30 09:30:03,16400.0,100.0,53500.0
792,2021-09-30 09:30:03,16400.0,100.0,53400.0
793,2021-09-30 09:30:03,16400.0,300.0,53300.0
794,2021-09-30 09:29:26,16450.0,300.0,53000.0
795,2021-09-30 09:29:26,16450.0,700.0,52700.0
796,2021-09-30 09:29:10,16450.0,500.0,52000.0
797,2021-09-30 09:28:47,16450.0,1000.0,51500.0
798,2021-09-30 09:28:36,16450.0,100.0,50500.0
799,2021-09-30 09:28:36,16450.0,900.0,50400.0
800,2021-09-30 09:28:03,16500.0,500.0,49500.0
801,2021-09-30 09:27:30,16500.0,1900.0,49000.0
802,2021-09-30 09:27:24,16500.0,100.0,47100.0
803,2021-09-30 09:27:22,16500.0,200.0,47000.0
804,2021-09-30 09:27:22,16500.0,200.0,46800.0
805,2021-09-30 09:27:22,16500.0,2600.0,46600.0
806,2021-09-30 09:27:10,16500.0,1400.0,44000.0
807,2021-09-30 09:27:10,16500.0,200.0,42600.0
808,2021-09-30 09:27:10,16500.0,100.0,42400.0
809,2021-09-30 09:27:10,16500.0,900.0,42300.0
810,2021-09-30 09:26:11,16500.0,600.0,41400.0
811,2021-09-30 09:26:10,16500.0,100.0,40800.0
812,2021-09-30 09:26:10,16500.0,400.0,40700.0
813,2021-09-30 09:26:10,16500.0,600.0,40300.0
814,2021-09-30 09:25:56,16500.0,400.0,39700.0
815,2021-09-30 09:25:56,16500.0,3300.0,39300.0
816,2021-09-30 09:25:41,16500.0,2000.0,36000.0
817,2021-09-30 09:25:17,16500.0,100.0,34000.0
818,2021-09-30 09:24:43,16500.0,200.0,33900.0
819,2021-09-30 09:24:43,16500.0,200.0,33700.0
820,2021-09-30 09:24:43,16500.0,1000.0,33500.0
821,2021-09-30 09:24:43,16500.0,2400.0,32500.0
822,2021-09-30 09:24:43,16500.0,400.0,30100.0
823,2021-09-30 09:24:43,16500.0,300.0,29700.0
824,2021-09-30 09:24:43,16500.0,2000.0,29400.0
825,2021-09-30 09:24:43,16500.0,2000.0,27400.0
826,2021-09-30 09:24:20,16450.0,200.0,25400.0
827,2021-09-30 09:24:20,16450.0,800.0,25200.0
828,2021-09-30 09:24:15,16450.0,200.0,24400.0
829,2021-09-30 09:24:14,16500.0,1000.0,24200.0
830,2021-09-30 09:24:14,16500.0,1000.0,23200.0
831,2021-09-30 09:24:14,16500.0,1000.0,22200.0
832,2021-09-30 09:24:14,16500.0,1000.0,21200.0
833,2021-09-30 09:24:14,16500.0,200.0,20200.0
834,2021-09-30 09:24:14,16500.0,600.0,20000.0
835,2021-09-30 09:24:14,16500.0,200.0,19400.0
836,2021-09-30 09:23:46,16400.0,100.0,19200.0
837,2021-09-30 09:23:46,16450.0,200.0,19100.0
838,2021-09-30 09:23:46,16450.0,700.0,18900.0
839,2021-09-30 09:22:52,16450.0,100.0,18200.0
840,2021-09-30 09:22:38,16450.0,200.0,18100.0
841,2021-09-30 09:22:11,16450.0,300.0,17900.0
842,2021-09-30 09:22:11,16450.0,900.0,17600.0
843,2021-09-30 09:21:49,16450.0,100.0,16700.0
844,2021-09-30 09:20:48,16400.0,200.0,16600.0
845,2021-09-30 09:20:26,16400.0,700.0,16400.0
846,2021-09-30 09:20:20,16400.0,300.0,15700.0
847,2021-09-30 09:19:55,16350.0,500.0,15400.0
848,2021-09-30 09:19:37,16350.0,2000.0,14900.0
849,2021-09-30 09:19:37,16350.0,1600.0,12900.0
850,2021-09-30 09:19:31,16300.0,800.0,11300.0
851,2021-09-30 09:19:31,16300.0,300.0,10500.0
852,2021-09-30 09:19:31,16300.0,100.0,10200.0
853,2021-09-30 09:19:10,16350.0,200.0,10100.0
854,2021-09-30 09:19:10,16350.0,100.0,9900.0
855,2021-09-30 09:19:10,16350.0,100.0,9800.0
856,2021-09-30 09:19:02,16400.0,200.0,9700.0
857,2021-09-30 09:18:11,16400.0,1000.0,9500.0
858,2021-09-30 09:17:46,16400.0,300.0,8500.0
859,2021-09-30 09:17:46,16400.0,100.0,8200.0
860,2021-09-30 09:15:56,16500.0,300.0,8100.0
861,2021-09-30 09:15:00,16500.0,1000.0,7800.0
862,2021-09-30 09:15:00,16500.0,3000.0,6800.0
863,2021-09-30 09:15:00,16500.0,100.0,3800.0
864,2021-09-30 09:15:00,16500.0,100.0,3700.0
865,2021-09-30 09:15:00,16500.0,200.0,3600.0
866,2021-09-30 09:15:00,16500.0,500.0,3400.0
867,2021-09-30 09:15:00,16500.0,100.0,2900.0
868,2021-09-30 09:15:00,16500.0,100.0,2800.0
869,2021-09-30 09:15:00,16500.0,100.0,2700.0
870,2021-09-30 09:15:00,16500.0,200.0,2600.0
871,2021-09-30 09:15:00,16500.0,900.0,2400.0
872,2021-09-30 09:15:00,16500.0,300.0,1500.0
873,2021-09-30 09:15:00,16500.0,400.0,1200.0
874,2021-09-30 09:15:00,16500.0,300.0,800.0
875,2021-09-30 09:15:00,16500.0,200.0,500.0
876,2021-09-30 09:15:00,16500.0,100.0,300.0
877,2021-09-30 09:15:00,16500.0,200.0,200.0
