,Time,Price,Volume_per_trade,Volume
0,2021-10-08 07:45:00,58700.0,100.0,151200.0
1,2021-10-08 07:45:00,58700.0,100.0,151100.0
2,2021-10-08 07:45:00,58700.0,400.0,151000.0
3,2021-10-08 07:45:00,58700.0,100.0,150600.0
4,2021-10-08 07:45:00,58700.0,100.0,150500.0
5,2021-10-08 07:45:00,58700.0,200.0,150400.0
6,2021-10-08 07:45:00,58700.0,200.0,150200.0
7,2021-10-08 07:45:00,58700.0,500.0,150000.0
8,2021-10-08 07:45:00,58700.0,200.0,149500.0
9,2021-10-08 07:45:00,58700.0,500.0,149300.0
10,2021-10-08 07:45:00,58700.0,100.0,148800.0
11,2021-10-08 07:45:00,58700.0,100.0,148700.0
12,2021-10-08 07:45:00,58700.0,100.0,148600.0
13,2021-10-08 07:45:00,58700.0,100.0,148500.0
14,2021-10-08 07:29:52,58500.0,100.0,148400.0
15,2021-10-08 07:29:34,58500.0,100.0,148300.0
16,2021-10-08 07:29:34,58500.0,200.0,148200.0
17,2021-10-08 07:29:34,58500.0,200.0,148000.0
18,2021-10-08 07:29:34,58500.0,500.0,147800.0
19,2021-10-08 07:29:34,58500.0,100.0,147300.0
20,2021-10-08 07:29:34,58500.0,100.0,147200.0
21,2021-10-08 07:29:34,58500.0,100.0,147100.0
22,2021-10-08 07:29:34,58500.0,200.0,147000.0
23,2021-10-08 07:29:34,58500.0,200.0,146800.0
24,2021-10-08 07:29:34,58500.0,1500.0,146600.0
25,2021-10-08 07:29:34,58500.0,500.0,145100.0
26,2021-10-08 07:29:34,58500.0,500.0,144600.0
27,2021-10-08 07:29:34,58500.0,100.0,144100.0
28,2021-10-08 07:29:34,58500.0,100.0,144000.0
29,2021-10-08 07:29:15,58500.0,400.0,143900.0
30,2021-10-08 07:29:15,58500.0,200.0,143500.0
31,2021-10-08 07:29:15,58500.0,300.0,143300.0
32,2021-10-08 07:29:15,58500.0,100.0,143000.0
33,2021-10-08 07:28:56,58500.0,500.0,142900.0
34,2021-10-08 07:28:25,58500.0,200.0,142400.0
35,2021-10-08 07:27:55,58500.0,200.0,142200.0
36,2021-10-08 07:27:55,58500.0,300.0,142000.0
37,2021-10-08 07:26:52,58400.0,100.0,141700.0
38,2021-10-08 07:26:51,58400.0,200.0,141600.0
39,2021-10-08 07:26:06,58400.0,1000.0,141400.0
40,2021-10-08 07:26:06,58400.0,100.0,140400.0
41,2021-10-08 07:26:06,58400.0,200.0,140300.0
42,2021-10-08 07:26:06,58400.0,100.0,140100.0
43,2021-10-08 07:26:06,58400.0,3000.0,140000.0
44,2021-10-08 07:25:47,58400.0,500.0,137000.0
45,2021-10-08 07:25:37,58400.0,100.0,136500.0
46,2021-10-08 07:25:29,58400.0,1000.0,136400.0
47,2021-10-08 07:25:27,58400.0,600.0,135400.0
48,2021-10-08 07:25:03,58400.0,400.0,134800.0
49,2021-10-08 07:25:03,58400.0,100.0,134400.0
50,2021-10-08 07:24:12,58300.0,100.0,134300.0
51,2021-10-08 07:21:38,58300.0,200.0,134200.0
52,2021-10-08 07:18:38,58300.0,100.0,134000.0
53,2021-10-08 07:18:05,58300.0,100.0,133900.0
54,2021-10-08 07:18:05,58300.0,100.0,133800.0
55,2021-10-08 07:18:05,58300.0,200.0,133700.0
56,2021-10-08 07:18:05,58300.0,1300.0,133500.0
57,2021-10-08 07:18:04,58300.0,700.0,132200.0
58,2021-10-08 07:18:04,58300.0,100.0,131500.0
59,2021-10-08 07:18:04,58300.0,300.0,131400.0
60,2021-10-08 07:18:04,58300.0,100.0,131100.0
61,2021-10-08 07:17:16,58300.0,900.0,131000.0
62,2021-10-08 07:16:14,58300.0,2000.0,130100.0
63,2021-10-08 07:16:14,58300.0,800.0,128100.0
64,2021-10-08 07:16:14,58300.0,400.0,127300.0
65,2021-10-08 07:16:14,58300.0,300.0,126900.0
66,2021-10-08 07:16:14,58300.0,1500.0,126600.0
67,2021-10-08 07:15:40,58200.0,400.0,125100.0
68,2021-10-08 07:14:13,58200.0,300.0,124700.0
69,2021-10-08 07:09:47,58200.0,100.0,124400.0
70,2021-10-08 07:09:47,58200.0,200.0,124300.0
71,2021-10-08 07:09:47,58200.0,500.0,124100.0
72,2021-10-08 07:09:47,58200.0,500.0,123600.0
73,2021-10-08 07:09:47,58200.0,500.0,123100.0
74,2021-10-08 07:09:47,58200.0,200.0,122600.0
75,2021-10-08 07:08:59,58100.0,300.0,122400.0
76,2021-10-08 06:55:49,58100.0,200.0,122100.0
77,2021-10-08 06:55:13,58200.0,300.0,121900.0
78,2021-10-08 06:55:13,58200.0,200.0,121600.0
79,2021-10-08 06:54:56,58200.0,100.0,121400.0
80,2021-10-08 06:54:42,58200.0,200.0,121300.0
81,2021-10-08 06:54:42,58200.0,100.0,121100.0
82,2021-10-08 06:54:42,58200.0,100.0,121000.0
83,2021-10-08 06:54:42,58200.0,100.0,120900.0
84,2021-10-08 06:54:34,58200.0,1600.0,120800.0
85,2021-10-08 06:54:31,58100.0,100.0,119200.0
86,2021-10-08 06:52:33,58200.0,1000.0,119100.0
87,2021-10-08 06:52:21,58100.0,2000.0,118100.0
88,2021-10-08 06:49:47,58200.0,1000.0,116100.0
89,2021-10-08 06:49:00,58200.0,500.0,115100.0
90,2021-10-08 06:48:59,58100.0,1400.0,114600.0
91,2021-10-08 06:48:59,58100.0,200.0,113200.0
92,2021-10-08 06:48:59,58100.0,100.0,113000.0
93,2021-10-08 06:48:59,58100.0,500.0,112900.0
94,2021-10-08 06:48:59,58100.0,200.0,112400.0
95,2021-10-08 06:48:59,58100.0,600.0,112200.0
96,2021-10-08 06:48:41,58200.0,300.0,111600.0
97,2021-10-08 06:47:58,58200.0,500.0,111300.0
98,2021-10-08 06:47:58,58200.0,1000.0,110800.0
99,2021-10-08 06:47:58,58200.0,300.0,109800.0
100,2021-10-08 06:47:58,58200.0,800.0,109500.0
101,2021-10-08 06:47:58,58200.0,100.0,108700.0
102,2021-10-08 06:47:58,58200.0,400.0,108600.0
103,2021-10-08 06:47:48,58200.0,100.0,108200.0
104,2021-10-08 06:47:48,58200.0,100.0,108100.0
105,2021-10-08 06:47:48,58200.0,500.0,108000.0
106,2021-10-08 06:46:00,58200.0,300.0,107500.0
107,2021-10-08 06:45:00,58200.0,200.0,107200.0
108,2021-10-08 06:45:00,58200.0,100.0,107000.0
109,2021-10-08 06:45:00,58200.0,200.0,106900.0
110,2021-10-08 06:44:41,58100.0,100.0,106700.0
111,2021-10-08 06:43:53,58100.0,200.0,106600.0
112,2021-10-08 06:38:06,58100.0,100.0,106400.0
113,2021-10-08 06:36:42,58100.0,200.0,106300.0
114,2021-10-08 06:36:38,58100.0,100.0,106100.0
115,2021-10-08 06:35:24,58100.0,200.0,106000.0
116,2021-10-08 06:35:01,58100.0,100.0,105800.0
117,2021-10-08 06:35:01,58100.0,100.0,105700.0
118,2021-10-08 06:32:19,58100.0,100.0,105600.0
119,2021-10-08 06:31:33,58100.0,100.0,105500.0
120,2021-10-08 06:30:05,58100.0,200.0,105400.0
121,2021-10-08 06:27:39,58100.0,500.0,105200.0
122,2021-10-08 06:24:32,58100.0,900.0,104700.0
123,2021-10-08 06:24:32,58100.0,100.0,103800.0
124,2021-10-08 06:24:10,58100.0,100.0,103700.0
125,2021-10-08 06:23:20,58100.0,200.0,103600.0
126,2021-10-08 06:22:39,58100.0,600.0,103400.0
127,2021-10-08 06:22:39,58100.0,100.0,102800.0
128,2021-10-08 06:22:39,58100.0,100.0,102700.0
129,2021-10-08 06:22:39,58100.0,100.0,102600.0
130,2021-10-08 06:22:39,58100.0,100.0,102500.0
131,2021-10-08 06:22:39,58100.0,100.0,102400.0
132,2021-10-08 06:22:39,58100.0,100.0,102300.0
133,2021-10-08 06:22:39,58100.0,400.0,102200.0
134,2021-10-08 06:21:20,58000.0,100.0,101800.0
135,2021-10-08 06:20:36,58100.0,200.0,101700.0
136,2021-10-08 06:19:18,58100.0,200.0,101500.0
137,2021-10-08 06:09:00,58100.0,100.0,101300.0
138,2021-10-08 06:08:28,58000.0,300.0,101200.0
139,2021-10-08 06:08:28,58000.0,700.0,100900.0
140,2021-10-08 06:06:50,58000.0,1500.0,100200.0
141,2021-10-08 06:06:41,58100.0,100.0,98700.0
142,2021-10-08 06:03:53,58000.0,2800.0,98600.0
143,2021-10-08 06:00:27,58000.0,400.0,95800.0
144,2021-10-08 06:00:27,58000.0,2900.0,95400.0
145,2021-10-08 06:00:04,58000.0,100.0,92500.0
146,2021-10-08 04:28:01,58000.0,1000.0,92400.0
147,2021-10-08 04:26:21,58000.0,1000.0,91400.0
148,2021-10-08 04:26:00,58000.0,1200.0,90400.0
149,2021-10-08 04:26:00,58000.0,400.0,89200.0
150,2021-10-08 04:26:00,58000.0,500.0,88800.0
151,2021-10-08 04:26:00,58000.0,300.0,88300.0
152,2021-10-08 04:23:21,58000.0,300.0,88000.0
153,2021-10-08 04:19:28,58000.0,100.0,87700.0
154,2021-10-08 04:19:28,58000.0,300.0,87600.0
155,2021-10-08 04:18:54,58000.0,200.0,87300.0
156,2021-10-08 04:18:15,58000.0,100.0,87100.0
157,2021-10-08 04:15:00,58000.0,700.0,87000.0
158,2021-10-08 04:15:00,58000.0,100.0,86300.0
159,2021-10-08 04:15:00,58000.0,100.0,86200.0
160,2021-10-08 04:15:00,58000.0,11100.0,86100.0
161,2021-10-08 04:14:03,58000.0,2000.0,75000.0
162,2021-10-08 04:13:02,58000.0,2900.0,73000.0
163,2021-10-08 04:12:15,58000.0,1000.0,70100.0
164,2021-10-08 04:10:23,58000.0,200.0,69100.0
165,2021-10-08 04:09:33,58100.0,200.0,68900.0
166,2021-10-08 04:09:22,58100.0,2000.0,68700.0
167,2021-10-08 04:08:57,58100.0,1000.0,66700.0
168,2021-10-08 04:08:25,58000.0,500.0,65700.0
169,2021-10-08 04:08:25,58000.0,200.0,65200.0
170,2021-10-08 04:08:25,58000.0,200.0,65000.0
171,2021-10-08 04:07:57,58000.0,800.0,64800.0
172,2021-10-08 04:07:57,58000.0,100.0,64000.0
173,2021-10-08 04:07:57,58000.0,300.0,63900.0
174,2021-10-08 04:07:57,58000.0,500.0,63600.0
175,2021-10-08 04:07:57,58000.0,800.0,63100.0
176,2021-10-08 04:07:57,58000.0,1100.0,62300.0
177,2021-10-08 04:07:57,58000.0,1000.0,61200.0
178,2021-10-08 04:07:57,58000.0,500.0,60200.0
179,2021-10-08 04:07:57,58000.0,300.0,59700.0
180,2021-10-08 04:07:57,58000.0,100.0,59400.0
181,2021-10-08 04:07:57,58000.0,8800.0,59300.0
182,2021-10-08 04:07:57,57900.0,100.0,50500.0
183,2021-10-08 04:07:57,57900.0,500.0,50400.0
184,2021-10-08 04:07:57,57800.0,100.0,49900.0
185,2021-10-08 04:01:01,57800.0,100.0,49800.0
186,2021-10-08 03:57:23,57800.0,100.0,49700.0
187,2021-10-08 03:57:23,57800.0,900.0,49600.0
188,2021-10-08 03:56:10,57800.0,100.0,48700.0
189,2021-10-08 03:56:10,57800.0,1000.0,48600.0
190,2021-10-08 03:56:10,57800.0,1000.0,47600.0
191,2021-10-08 03:54:25,57600.0,100.0,46600.0
192,2021-10-08 03:50:25,57600.0,200.0,46500.0
193,2021-10-08 03:36:48,57600.0,800.0,46300.0
194,2021-10-08 03:36:21,57600.0,100.0,45500.0
195,2021-10-08 03:36:19,57700.0,100.0,45400.0
196,2021-10-08 03:35:00,57700.0,700.0,45300.0
197,2021-10-08 03:34:40,57700.0,100.0,44600.0
198,2021-10-08 03:34:40,57700.0,400.0,44500.0
199,2021-10-08 03:33:49,57700.0,200.0,44100.0
200,2021-10-08 03:32:28,57700.0,400.0,43900.0
201,2021-10-08 03:32:23,57700.0,100.0,43500.0
202,2021-10-08 03:31:16,57500.0,1700.0,43400.0
203,2021-10-08 03:31:16,57500.0,100.0,41700.0
204,2021-10-08 03:31:16,57600.0,100.0,41600.0
205,2021-10-08 03:31:16,57600.0,100.0,41500.0
206,2021-10-08 03:30:55,57700.0,100.0,41400.0
207,2021-10-08 03:30:09,57700.0,100.0,41300.0
208,2021-10-08 03:29:44,57700.0,100.0,41200.0
209,2021-10-08 03:28:17,57700.0,500.0,41100.0
210,2021-10-08 03:28:17,57700.0,500.0,40600.0
211,2021-10-08 03:28:17,57700.0,1000.0,40100.0
212,2021-10-08 03:28:17,57700.0,100.0,39100.0
213,2021-10-08 03:28:17,57700.0,100.0,39000.0
214,2021-10-08 03:28:17,57700.0,100.0,38900.0
215,2021-10-08 03:28:17,57700.0,500.0,38800.0
216,2021-10-08 03:28:17,57700.0,100.0,38300.0
217,2021-10-08 03:28:17,57700.0,100.0,38200.0
218,2021-10-08 03:28:17,57800.0,100.0,38100.0
219,2021-10-08 03:28:17,57800.0,500.0,38000.0
220,2021-10-08 03:28:17,57800.0,100.0,37500.0
221,2021-10-08 03:28:17,57800.0,100.0,37400.0
222,2021-10-08 03:28:17,57800.0,200.0,37300.0
223,2021-10-08 03:16:05,58000.0,300.0,37100.0
224,2021-10-08 03:16:05,58000.0,900.0,36800.0
225,2021-10-08 03:11:34,58000.0,1000.0,35900.0
226,2021-10-08 03:11:34,58000.0,100.0,34900.0
227,2021-10-08 03:11:11,57800.0,300.0,34800.0
228,2021-10-08 03:11:11,57800.0,200.0,34500.0
229,2021-10-08 03:09:27,58000.0,300.0,34300.0
230,2021-10-08 03:09:19,58000.0,100.0,34000.0
231,2021-10-08 03:08:13,58000.0,3400.0,33900.0
232,2021-10-08 03:08:13,58000.0,1000.0,30500.0
233,2021-10-08 03:08:13,58000.0,200.0,29500.0
234,2021-10-08 03:06:19,57800.0,300.0,29300.0
235,2021-10-08 03:06:10,57800.0,100.0,29000.0
236,2021-10-08 03:06:10,57800.0,100.0,28900.0
237,2021-10-08 03:06:10,57800.0,1000.0,28800.0
238,2021-10-08 03:06:10,57800.0,100.0,27800.0
239,2021-10-08 03:05:45,57800.0,100.0,27700.0
240,2021-10-08 03:05:19,57800.0,800.0,27600.0
241,2021-10-08 03:05:19,57800.0,200.0,26800.0
242,2021-10-08 03:05:07,57800.0,1000.0,26600.0
243,2021-10-08 03:04:34,57800.0,1000.0,25600.0
244,2021-10-08 03:03:13,58000.0,100.0,24600.0
245,2021-10-08 03:00:24,58000.0,100.0,24500.0
246,2021-10-08 02:58:15,58000.0,200.0,24400.0
247,2021-10-08 02:58:15,58000.0,200.0,24200.0
248,2021-10-08 02:58:15,58000.0,200.0,24000.0
249,2021-10-08 02:57:54,58000.0,300.0,23800.0
250,2021-10-08 02:57:54,58000.0,800.0,23500.0
251,2021-10-08 02:57:54,58000.0,100.0,22700.0
252,2021-10-08 02:57:54,58000.0,500.0,22600.0
253,2021-10-08 02:57:54,58000.0,1400.0,22100.0
254,2021-10-08 02:57:54,58000.0,100.0,20700.0
255,2021-10-08 02:57:54,58000.0,500.0,20600.0
256,2021-10-08 02:57:54,58000.0,100.0,20100.0
257,2021-10-08 02:57:54,58000.0,400.0,20000.0
258,2021-10-08 02:57:29,58000.0,700.0,19600.0
259,2021-10-08 02:57:24,58000.0,800.0,18900.0
260,2021-10-08 02:55:42,58000.0,200.0,18100.0
261,2021-10-08 02:51:36,58000.0,100.0,17900.0
262,2021-10-08 02:50:30,58000.0,1700.0,17800.0
263,2021-10-08 02:50:30,58000.0,500.0,16100.0
264,2021-10-08 02:49:37,58100.0,100.0,15600.0
265,2021-10-08 02:49:37,58100.0,900.0,15500.0
266,2021-10-08 02:48:14,58100.0,100.0,14600.0
267,2021-10-08 02:45:56,58100.0,100.0,14500.0
268,2021-10-08 02:44:09,58100.0,500.0,14400.0
269,2021-10-08 02:43:40,58100.0,400.0,13900.0
270,2021-10-08 02:43:40,58100.0,600.0,13500.0
271,2021-10-08 02:42:20,58100.0,200.0,12900.0
272,2021-10-08 02:41:49,58100.0,200.0,12700.0
273,2021-10-08 02:41:23,58100.0,500.0,12500.0
274,2021-10-08 02:37:37,58000.0,100.0,12000.0
275,2021-10-08 02:34:20,58000.0,400.0,11900.0
276,2021-10-08 02:34:20,58000.0,100.0,11500.0
277,2021-10-08 02:34:20,58000.0,100.0,11400.0
278,2021-10-08 02:34:20,58000.0,300.0,11300.0
279,2021-10-08 02:34:20,58000.0,100.0,11000.0
280,2021-10-08 02:33:18,58200.0,100.0,10900.0
281,2021-10-08 02:32:40,58000.0,200.0,10800.0
282,2021-10-08 02:32:33,58000.0,100.0,10600.0
283,2021-10-08 02:31:30,58000.0,1700.0,10500.0
284,2021-10-08 02:31:30,58000.0,500.0,8800.0
285,2021-10-08 02:31:30,58000.0,500.0,8300.0
286,2021-10-08 02:31:30,58000.0,300.0,7800.0
287,2021-10-08 02:31:23,58200.0,100.0,7500.0
288,2021-10-08 02:31:23,58200.0,400.0,7400.0
289,2021-10-08 02:31:02,58200.0,600.0,7000.0
290,2021-10-08 02:30:47,58200.0,500.0,6400.0
291,2021-10-08 02:29:41,58100.0,100.0,5900.0
292,2021-10-08 02:29:02,58100.0,200.0,5800.0
293,2021-10-08 02:29:02,58100.0,200.0,5600.0
294,2021-10-08 02:29:02,58100.0,500.0,5400.0
295,2021-10-08 02:26:37,58100.0,300.0,4900.0
296,2021-10-08 02:26:37,58100.0,200.0,4600.0
297,2021-10-08 02:25:27,58200.0,100.0,4400.0
298,2021-10-08 02:23:52,58300.0,500.0,4300.0
299,2021-10-08 02:23:52,58200.0,100.0,3800.0
300,2021-10-08 02:23:44,58200.0,100.0,3700.0
301,2021-10-08 02:23:25,58200.0,100.0,3600.0
302,2021-10-08 02:22:12,58100.0,200.0,3500.0
303,2021-10-08 02:20:42,58200.0,200.0,3300.0
304,2021-10-08 02:20:42,58200.0,100.0,3100.0
305,2021-10-08 02:20:26,58200.0,100.0,3000.0
306,2021-10-08 02:20:00,58200.0,100.0,2900.0
307,2021-10-08 02:18:05,58300.0,800.0,2800.0
308,2021-10-08 02:18:05,58200.0,200.0,2000.0
309,2021-10-08 02:17:22,58000.0,100.0,1800.0
310,2021-10-08 02:16:24,58000.0,100.0,1700.0
311,2021-10-08 02:15:00,58100.0,100.0,1600.0
312,2021-10-08 02:15:00,58100.0,100.0,1500.0
313,2021-10-08 02:15:00,58100.0,900.0,1400.0
314,2021-10-08 02:15:00,58100.0,100.0,500.0
315,2021-10-08 02:15:00,58100.0,200.0,400.0
316,2021-10-08 02:15:00,58100.0,100.0,200.0
317,2021-10-08 02:15:00,58100.0,100.0,100.0
