,Time,Price,Volume_per_trade,Volume
0,2021-09-30 14:45:00,56500.0,500.0,135900.0
1,2021-09-30 14:45:00,56500.0,5000.0,135400.0
2,2021-09-30 14:45:00,56500.0,3800.0,130400.0
3,2021-09-30 14:45:00,56500.0,300.0,126600.0
4,2021-09-30 14:45:00,56500.0,4000.0,126300.0
5,2021-09-30 14:45:00,56500.0,200.0,122300.0
6,2021-09-30 14:45:00,56500.0,1000.0,122100.0
7,2021-09-30 14:45:00,56500.0,1000.0,121100.0
8,2021-09-30 14:45:00,56500.0,100.0,120100.0
9,2021-09-30 14:45:00,56500.0,100.0,120000.0
10,2021-09-30 14:45:00,56500.0,1000.0,119900.0
11,2021-09-30 14:45:00,56500.0,1000.0,118900.0
12,2021-09-30 14:45:00,56500.0,300.0,117900.0
13,2021-09-30 14:45:00,56500.0,1000.0,117600.0
14,2021-09-30 14:45:00,56500.0,600.0,116600.0
15,2021-09-30 14:45:00,56500.0,900.0,116000.0
16,2021-09-30 14:45:00,56500.0,100.0,115100.0
17,2021-09-30 14:45:00,56500.0,400.0,115000.0
18,2021-09-30 14:45:00,56500.0,1700.0,114600.0
19,2021-09-30 14:45:00,56500.0,500.0,112900.0
20,2021-09-30 14:28:38,56600.0,200.0,112400.0
21,2021-09-30 14:28:13,56900.0,100.0,112200.0
22,2021-09-30 14:28:13,56900.0,100.0,112100.0
23,2021-09-30 14:20:51,57000.0,100.0,112000.0
24,2021-09-30 14:20:51,56900.0,200.0,111900.0
25,2021-09-30 14:20:13,56500.0,100.0,111700.0
26,2021-09-30 14:18:52,56800.0,100.0,111600.0
27,2021-09-30 14:17:39,57000.0,500.0,111500.0
28,2021-09-30 14:15:30,56900.0,200.0,111000.0
29,2021-09-30 14:14:57,57000.0,900.0,110800.0
30,2021-09-30 14:11:31,57000.0,100.0,109900.0
31,2021-09-30 14:10:39,57000.0,100.0,109800.0
32,2021-09-30 14:10:22,57000.0,100.0,109700.0
33,2021-09-30 14:10:15,57000.0,700.0,109600.0
34,2021-09-30 14:10:15,57000.0,300.0,108900.0
35,2021-09-30 14:08:40,57100.0,400.0,108600.0
36,2021-09-30 14:08:40,57100.0,300.0,108200.0
37,2021-09-30 14:08:30,57100.0,500.0,107900.0
38,2021-09-30 14:06:05,57000.0,500.0,107400.0
39,2021-09-30 14:05:30,57000.0,200.0,106900.0
40,2021-09-30 14:04:09,56500.0,900.0,106700.0
41,2021-09-30 14:00:47,56900.0,100.0,105800.0
42,2021-09-30 14:00:47,57000.0,500.0,105700.0
43,2021-09-30 14:00:47,57000.0,500.0,105200.0
44,2021-09-30 14:00:09,57200.0,400.0,104700.0
45,2021-09-30 14:00:09,57200.0,400.0,104300.0
46,2021-09-30 13:58:56,57300.0,800.0,103900.0
47,2021-09-30 13:57:44,57300.0,100.0,103100.0
48,2021-09-30 13:57:28,57300.0,100.0,103000.0
49,2021-09-30 13:57:12,57200.0,300.0,102900.0
50,2021-09-30 13:57:03,57200.0,200.0,102600.0
51,2021-09-30 13:56:45,57200.0,500.0,102400.0
52,2021-09-30 13:56:45,57000.0,200.0,101900.0
53,2021-09-30 13:56:45,57000.0,100.0,101700.0
54,2021-09-30 13:55:55,57000.0,700.0,101600.0
55,2021-09-30 13:55:07,57000.0,100.0,100900.0
56,2021-09-30 13:55:07,57000.0,200.0,100800.0
57,2021-09-30 13:52:55,57000.0,300.0,100600.0
58,2021-09-30 13:52:55,57000.0,300.0,100300.0
59,2021-09-30 13:51:54,57000.0,200.0,100000.0
60,2021-09-30 13:50:15,57400.0,100.0,99800.0
61,2021-09-30 13:50:15,57400.0,100.0,99700.0
62,2021-09-30 13:49:56,57400.0,200.0,99600.0
63,2021-09-30 13:49:56,57400.0,500.0,99400.0
64,2021-09-30 13:49:55,57400.0,500.0,98900.0
65,2021-09-30 13:49:22,57400.0,200.0,98400.0
66,2021-09-30 13:49:22,57400.0,200.0,98200.0
67,2021-09-30 13:49:22,57400.0,100.0,98000.0
68,2021-09-30 13:49:10,57000.0,100.0,97900.0
69,2021-09-30 13:49:04,57400.0,200.0,97800.0
70,2021-09-30 13:49:04,57300.0,600.0,97600.0
71,2021-09-30 13:49:04,57200.0,100.0,97000.0
72,2021-09-30 13:49:04,57000.0,100.0,96900.0
73,2021-09-30 13:48:39,57000.0,400.0,96800.0
74,2021-09-30 13:48:25,57000.0,100.0,96400.0
75,2021-09-30 13:48:19,57000.0,200.0,96300.0
76,2021-09-30 13:48:19,57000.0,100.0,96100.0
77,2021-09-30 13:48:19,57000.0,100.0,96000.0
78,2021-09-30 13:48:19,57000.0,200.0,95900.0
79,2021-09-30 13:48:19,57000.0,200.0,95700.0
80,2021-09-30 13:48:19,57000.0,100.0,95500.0
81,2021-09-30 13:48:19,57000.0,100.0,95400.0
82,2021-09-30 13:47:18,57000.0,100.0,95300.0
83,2021-09-30 13:46:56,56900.0,100.0,95200.0
84,2021-09-30 13:46:55,56900.0,200.0,95100.0
85,2021-09-30 13:46:55,56900.0,100.0,94900.0
86,2021-09-30 13:46:55,56900.0,200.0,94800.0
87,2021-09-30 13:46:46,56900.0,100.0,94600.0
88,2021-09-30 13:45:50,56800.0,300.0,94500.0
89,2021-09-30 13:45:42,56800.0,100.0,94200.0
90,2021-09-30 13:45:42,56800.0,100.0,94100.0
91,2021-09-30 13:45:42,56800.0,500.0,94000.0
92,2021-09-30 13:45:12,56700.0,100.0,93500.0
93,2021-09-30 13:45:12,56700.0,300.0,93400.0
94,2021-09-30 13:44:30,56700.0,100.0,93100.0
95,2021-09-30 13:44:30,56700.0,100.0,93000.0
96,2021-09-30 13:43:55,56600.0,100.0,92900.0
97,2021-09-30 13:43:47,56600.0,100.0,92800.0
98,2021-09-30 13:43:47,56600.0,100.0,92700.0
99,2021-09-30 13:43:06,56500.0,100.0,92600.0
100,2021-09-30 13:43:06,56500.0,300.0,92500.0
101,2021-09-30 13:43:06,56500.0,300.0,92200.0
102,2021-09-30 13:43:06,56500.0,100.0,91900.0
103,2021-09-30 13:43:06,56500.0,100.0,91800.0
104,2021-09-30 13:43:06,56500.0,200.0,91700.0
105,2021-09-30 13:43:06,56500.0,200.0,91500.0
106,2021-09-30 13:43:06,56500.0,100.0,91300.0
107,2021-09-30 13:43:06,56500.0,100.0,91200.0
108,2021-09-30 13:43:06,56500.0,7000.0,91100.0
109,2021-09-30 13:43:06,56500.0,3800.0,84100.0
110,2021-09-30 13:42:49,56500.0,500.0,80300.0
111,2021-09-30 13:40:55,56500.0,700.0,79800.0
112,2021-09-30 13:40:43,56500.0,200.0,79100.0
113,2021-09-30 13:40:36,56500.0,1000.0,78900.0
114,2021-09-30 13:37:55,56500.0,1000.0,77900.0
115,2021-09-30 13:35:56,56400.0,200.0,76900.0
116,2021-09-30 13:35:56,56400.0,300.0,76700.0
117,2021-09-30 13:34:55,56400.0,200.0,76400.0
118,2021-09-30 13:34:55,56400.0,100.0,76200.0
119,2021-09-30 13:31:55,56400.0,900.0,76100.0
120,2021-09-30 13:31:04,56500.0,100.0,75200.0
121,2021-09-30 13:28:56,56500.0,500.0,75100.0
122,2021-09-30 13:28:56,56500.0,700.0,74600.0
123,2021-09-30 13:27:47,56500.0,1500.0,73900.0
124,2021-09-30 13:27:47,56500.0,500.0,72400.0
125,2021-09-30 13:27:12,56400.0,400.0,71900.0
126,2021-09-30 13:27:12,56400.0,100.0,71500.0
127,2021-09-30 13:27:12,56400.0,100.0,71400.0
128,2021-09-30 13:27:12,56400.0,300.0,71300.0
129,2021-09-30 13:27:12,56400.0,200.0,71000.0
130,2021-09-30 13:27:12,56400.0,3000.0,70800.0
131,2021-09-30 13:27:12,56400.0,100.0,67800.0
132,2021-09-30 13:27:12,56400.0,200.0,67700.0
133,2021-09-30 13:27:12,56400.0,300.0,67500.0
134,2021-09-30 13:25:55,56300.0,100.0,67200.0
135,2021-09-30 13:25:55,56300.0,300.0,67100.0
136,2021-09-30 13:23:17,56300.0,700.0,66800.0
137,2021-09-30 13:23:17,56300.0,3000.0,66100.0
138,2021-09-30 13:23:17,56300.0,100.0,63100.0
139,2021-09-30 13:23:17,56300.0,1000.0,63000.0
140,2021-09-30 13:23:17,56300.0,200.0,62000.0
141,2021-09-30 13:23:17,56300.0,100.0,61800.0
142,2021-09-30 13:23:17,56300.0,100.0,61700.0
143,2021-09-30 13:23:17,56200.0,300.0,61600.0
144,2021-09-30 13:23:17,56200.0,500.0,61300.0
145,2021-09-30 13:23:17,56200.0,500.0,60800.0
146,2021-09-30 13:23:17,56200.0,500.0,60300.0
147,2021-09-30 13:22:47,56000.0,1700.0,59800.0
148,2021-09-30 13:21:46,56100.0,200.0,58100.0
149,2021-09-30 13:21:30,56100.0,100.0,57900.0
150,2021-09-30 13:20:16,56100.0,800.0,57800.0
151,2021-09-30 13:20:16,56100.0,200.0,57000.0
152,2021-09-30 13:19:26,56200.0,900.0,56800.0
153,2021-09-30 13:17:43,56200.0,500.0,55900.0
154,2021-09-30 13:16:26,56200.0,600.0,55400.0
155,2021-09-30 13:16:04,56100.0,100.0,54800.0
156,2021-09-30 13:13:26,56200.0,500.0,54700.0
157,2021-09-30 13:13:26,56200.0,300.0,54200.0
158,2021-09-30 13:13:26,56200.0,100.0,53900.0
159,2021-09-30 13:13:26,56200.0,100.0,53800.0
160,2021-09-30 13:12:04,56200.0,100.0,53700.0
161,2021-09-30 13:12:04,56200.0,100.0,53600.0
162,2021-09-30 13:10:26,56200.0,400.0,53500.0
163,2021-09-30 13:10:26,56200.0,200.0,53100.0
164,2021-09-30 13:07:26,56200.0,300.0,52900.0
165,2021-09-30 13:07:26,56200.0,100.0,52600.0
166,2021-09-30 13:06:49,56200.0,400.0,52500.0
167,2021-09-30 13:06:49,56200.0,100.0,52100.0
168,2021-09-30 13:06:49,56200.0,100.0,52000.0
169,2021-09-30 13:06:49,56200.0,200.0,51900.0
170,2021-09-30 13:06:49,56200.0,300.0,51700.0
171,2021-09-30 13:06:49,56200.0,500.0,51400.0
172,2021-09-30 13:06:21,56200.0,200.0,50900.0
173,2021-09-30 13:06:03,56100.0,1400.0,50700.0
174,2021-09-30 13:04:26,56100.0,700.0,49300.0
175,2021-09-30 13:00:26,56100.0,100.0,48600.0
176,2021-09-30 13:00:01,56100.0,200.0,48500.0
177,2021-09-30 11:29:16,56100.0,100.0,48300.0
178,2021-09-30 11:29:11,56100.0,100.0,48200.0
179,2021-09-30 11:25:58,56200.0,600.0,48100.0
180,2021-09-30 11:22:58,56200.0,800.0,47500.0
181,2021-09-30 11:19:58,56200.0,300.0,46700.0
182,2021-09-30 11:19:58,56200.0,600.0,46400.0
183,2021-09-30 11:16:58,56100.0,100.0,45800.0
184,2021-09-30 11:16:58,56100.0,100.0,45700.0
185,2021-09-30 11:16:49,56000.0,100.0,45600.0
186,2021-09-30 11:13:58,56000.0,500.0,45500.0
187,2021-09-30 11:13:06,56000.0,1400.0,45000.0
188,2021-09-30 11:13:02,56100.0,1900.0,43600.0
189,2021-09-30 11:13:02,56100.0,100.0,41700.0
190,2021-09-30 11:13:02,56100.0,1000.0,41600.0
191,2021-09-30 11:12:22,56000.0,600.0,40600.0
192,2021-09-30 11:10:58,56000.0,400.0,40000.0
193,2021-09-30 11:10:58,56000.0,100.0,39600.0
194,2021-09-30 11:10:41,55900.0,500.0,39500.0
195,2021-09-30 11:07:58,56000.0,400.0,39000.0
196,2021-09-30 11:07:58,56000.0,100.0,38600.0
197,2021-09-30 11:07:46,55900.0,500.0,38500.0
198,2021-09-30 11:05:25,55900.0,1900.0,38000.0
199,2021-09-30 11:04:58,56000.0,600.0,36100.0
200,2021-09-30 11:04:58,56000.0,100.0,35500.0
201,2021-09-30 11:01:58,56000.0,400.0,35400.0
202,2021-09-30 10:59:36,55900.0,100.0,35000.0
203,2021-09-30 10:57:05,55900.0,200.0,34900.0
204,2021-09-30 10:57:05,55900.0,100.0,34700.0
205,2021-09-30 10:56:33,56000.0,300.0,34600.0
206,2021-09-30 10:56:33,56000.0,700.0,34300.0
207,2021-09-30 10:56:33,56000.0,100.0,33600.0
208,2021-09-30 10:55:50,56000.0,200.0,33500.0
209,2021-09-30 10:54:15,56000.0,100.0,33300.0
210,2021-09-30 10:54:11,56000.0,100.0,33200.0
211,2021-09-30 10:53:38,56000.0,400.0,33100.0
212,2021-09-30 10:53:38,56000.0,500.0,32700.0
213,2021-09-30 10:53:38,56000.0,100.0,32200.0
214,2021-09-30 10:52:10,56100.0,600.0,32100.0
215,2021-09-30 10:51:17,56000.0,1000.0,31500.0
216,2021-09-30 10:51:17,56000.0,900.0,30500.0
217,2021-09-30 10:49:10,56000.0,600.0,29600.0
218,2021-09-30 10:46:10,56000.0,600.0,29000.0
219,2021-09-30 10:46:10,56000.0,200.0,28400.0
220,2021-09-30 10:44:00,56000.0,300.0,28200.0
221,2021-09-30 10:43:10,56000.0,100.0,27900.0
222,2021-09-30 10:42:35,56000.0,200.0,27800.0
223,2021-09-30 10:40:10,56000.0,500.0,27600.0
224,2021-09-30 10:37:10,56000.0,400.0,27100.0
225,2021-09-30 10:34:10,56000.0,200.0,26700.0
226,2021-09-30 10:34:10,56000.0,300.0,26500.0
227,2021-09-30 10:31:10,56000.0,500.0,26200.0
228,2021-09-30 10:28:10,56000.0,200.0,25700.0
229,2021-09-30 10:28:10,56000.0,400.0,25500.0
230,2021-09-30 10:28:10,56000.0,200.0,25100.0
231,2021-09-30 10:25:10,56000.0,700.0,24900.0
232,2021-09-30 10:24:36,56100.0,1000.0,24200.0
233,2021-09-30 10:23:46,56100.0,100.0,23200.0
234,2021-09-30 10:22:10,56100.0,400.0,23100.0
235,2021-09-30 10:22:10,56100.0,100.0,22700.0
236,2021-09-30 10:22:10,56100.0,300.0,22600.0
237,2021-09-30 10:22:10,56100.0,100.0,22300.0
238,2021-09-30 10:22:10,56100.0,200.0,22200.0
239,2021-09-30 10:19:10,56100.0,100.0,22000.0
240,2021-09-30 10:19:10,56100.0,200.0,21900.0
241,2021-09-30 10:19:10,56100.0,100.0,21700.0
242,2021-09-30 10:16:10,56100.0,400.0,21600.0
243,2021-09-30 10:16:10,56100.0,100.0,21200.0
244,2021-09-30 10:16:10,56100.0,300.0,21100.0
245,2021-09-30 10:13:10,56100.0,500.0,20800.0
246,2021-09-30 10:10:59,55500.0,600.0,20300.0
247,2021-09-30 10:10:59,55500.0,900.0,19700.0
248,2021-09-30 10:10:09,56100.0,1000.0,18800.0
249,2021-09-30 10:08:54,56100.0,100.0,17800.0
250,2021-09-30 10:07:59,56100.0,100.0,17700.0
251,2021-09-30 10:07:39,56200.0,500.0,17600.0
252,2021-09-30 10:06:42,56100.0,400.0,17100.0
253,2021-09-30 10:06:42,56100.0,100.0,16700.0
254,2021-09-30 10:06:36,56200.0,100.0,16600.0
255,2021-09-30 10:06:36,56200.0,100.0,16500.0
256,2021-09-30 10:06:22,56100.0,100.0,16400.0
257,2021-09-30 10:03:36,56200.0,400.0,16300.0
258,2021-09-30 10:00:36,56200.0,100.0,15900.0
259,2021-09-30 10:00:36,56200.0,100.0,15800.0
260,2021-09-30 10:00:36,56200.0,100.0,15700.0
261,2021-09-30 10:00:36,56200.0,100.0,15600.0
262,2021-09-30 10:00:36,56200.0,200.0,15500.0
263,2021-09-30 10:00:36,56200.0,100.0,15300.0
264,2021-09-30 10:00:36,56200.0,100.0,15200.0
265,2021-09-30 09:57:37,56200.0,200.0,15100.0
266,2021-09-30 09:57:37,56200.0,100.0,14900.0
267,2021-09-30 09:57:37,56200.0,200.0,14800.0
268,2021-09-30 09:57:36,56200.0,100.0,14600.0
269,2021-09-30 09:57:36,56200.0,100.0,14500.0
270,2021-09-30 09:57:36,56200.0,200.0,14400.0
271,2021-09-30 09:56:18,56100.0,300.0,14200.0
272,2021-09-30 09:56:18,56100.0,100.0,13900.0
273,2021-09-30 09:56:09,56100.0,100.0,13800.0
274,2021-09-30 09:55:33,56100.0,200.0,13700.0
275,2021-09-30 09:54:37,56100.0,100.0,13500.0
276,2021-09-30 09:54:37,56100.0,200.0,13400.0
277,2021-09-30 09:51:37,56000.0,200.0,13200.0
278,2021-09-30 09:51:37,56000.0,100.0,13000.0
279,2021-09-30 09:51:37,56000.0,100.0,12900.0
280,2021-09-30 09:51:37,56000.0,100.0,12800.0
281,2021-09-30 09:51:37,56000.0,100.0,12700.0
282,2021-09-30 09:51:37,56000.0,200.0,12600.0
283,2021-09-30 09:51:36,56000.0,300.0,12400.0
284,2021-09-30 09:51:36,56000.0,100.0,12100.0
285,2021-09-30 09:51:36,56000.0,200.0,12000.0
286,2021-09-30 09:51:36,56000.0,100.0,11800.0
287,2021-09-30 09:48:37,55900.0,300.0,11700.0
288,2021-09-30 09:45:36,55800.0,100.0,11400.0
289,2021-09-30 09:41:34,55900.0,200.0,11300.0
290,2021-09-30 09:39:09,55900.0,500.0,11100.0
291,2021-09-30 09:39:02,56000.0,100.0,10600.0
292,2021-09-30 09:39:02,56000.0,100.0,10500.0
293,2021-09-30 09:39:02,56000.0,200.0,10400.0
294,2021-09-30 09:39:02,56000.0,400.0,10200.0
295,2021-09-30 09:37:53,56000.0,100.0,9800.0
296,2021-09-30 09:37:43,55900.0,100.0,9700.0
297,2021-09-30 09:37:02,56000.0,400.0,9600.0
298,2021-09-30 09:36:33,56000.0,100.0,9200.0
299,2021-09-30 09:36:02,56000.0,200.0,9100.0
300,2021-09-30 09:36:02,56000.0,300.0,8900.0
301,2021-09-30 09:36:02,56000.0,200.0,8600.0
302,2021-09-30 09:36:02,56000.0,200.0,8400.0
303,2021-09-30 09:35:39,55900.0,100.0,8200.0
304,2021-09-30 09:33:13,56000.0,300.0,8100.0
305,2021-09-30 09:33:03,56000.0,100.0,7800.0
306,2021-09-30 09:33:03,56000.0,400.0,7700.0
307,2021-09-30 09:33:02,56000.0,900.0,7300.0
308,2021-09-30 09:33:02,56000.0,100.0,6400.0
309,2021-09-30 09:32:35,55900.0,200.0,6300.0
310,2021-09-30 09:32:29,55900.0,100.0,6100.0
311,2021-09-30 09:30:02,55900.0,100.0,6000.0
312,2021-09-30 09:30:02,55900.0,200.0,5900.0
313,2021-09-30 09:30:02,55900.0,100.0,5700.0
314,2021-09-30 09:29:47,55800.0,100.0,5600.0
315,2021-09-30 09:29:47,55800.0,500.0,5500.0
316,2021-09-30 09:27:50,55800.0,200.0,5000.0
317,2021-09-30 09:27:02,55800.0,200.0,4800.0
318,2021-09-30 09:26:04,55700.0,400.0,4600.0
319,2021-09-30 09:26:04,55700.0,200.0,4200.0
320,2021-09-30 09:25:46,55700.0,500.0,4000.0
321,2021-09-30 09:25:31,55700.0,200.0,3500.0
322,2021-09-30 09:24:02,55700.0,600.0,3300.0
323,2021-09-30 09:24:02,55700.0,200.0,2700.0
324,2021-09-30 09:22:58,55700.0,1800.0,2500.0
325,2021-09-30 09:22:46,55700.0,200.0,700.0
326,2021-09-30 09:21:02,55900.0,500.0,500.0
