,Time,Price,Volume_per_trade,Volume
0,2021-10-07 07:45:01,24100.0,200.0,1458700.0
1,2021-10-07 07:45:01,24100.0,100.0,1458500.0
2,2021-10-07 07:45:01,24100.0,100.0,1458400.0
3,2021-10-07 07:45:01,24100.0,100.0,1458300.0
4,2021-10-07 07:45:01,24100.0,300.0,1458200.0
5,2021-10-07 07:45:01,24100.0,100.0,1457900.0
6,2021-10-07 07:45:01,24100.0,200.0,1457800.0
7,2021-10-07 07:45:01,24100.0,100.0,1457600.0
8,2021-10-07 07:45:01,24100.0,100.0,1457500.0
9,2021-10-07 07:45:01,24100.0,900.0,1457400.0
10,2021-10-07 07:45:01,24100.0,100.0,1456500.0
11,2021-10-07 07:45:01,24100.0,300.0,1456400.0
12,2021-10-07 07:45:01,24100.0,29700.0,1456100.0
13,2021-10-07 07:45:01,24100.0,5100.0,1426400.0
14,2021-10-07 07:45:01,24100.0,4000.0,1421300.0
15,2021-10-07 07:45:01,24100.0,500.0,1417300.0
16,2021-10-07 07:45:01,24100.0,800.0,1416800.0
17,2021-10-07 07:45:01,24100.0,400.0,1416000.0
18,2021-10-07 07:45:01,24100.0,100.0,1415600.0
19,2021-10-07 07:45:01,24100.0,10700.0,1415500.0
20,2021-10-07 07:45:01,24100.0,200.0,1404800.0
21,2021-10-07 07:45:01,24100.0,100.0,1404600.0
22,2021-10-07 07:45:01,24100.0,4000.0,1404500.0
23,2021-10-07 07:45:01,24100.0,5000.0,1400500.0
24,2021-10-07 07:45:01,24100.0,100.0,1395500.0
25,2021-10-07 07:45:01,24100.0,1000.0,1395400.0
26,2021-10-07 07:45:01,24100.0,400.0,1394400.0
27,2021-10-07 07:45:01,24100.0,500.0,1394000.0
28,2021-10-07 07:45:01,24100.0,600.0,1393500.0
29,2021-10-07 07:45:01,24100.0,200.0,1392900.0
30,2021-10-07 07:45:01,24100.0,200.0,1392700.0
31,2021-10-07 07:45:01,24100.0,1000.0,1392500.0
32,2021-10-07 07:45:01,24100.0,1000.0,1391500.0
33,2021-10-07 07:45:01,24100.0,100.0,1390500.0
34,2021-10-07 07:45:01,24100.0,1000.0,1390400.0
35,2021-10-07 07:45:01,24100.0,300.0,1389400.0
36,2021-10-07 07:45:01,24100.0,4500.0,1389100.0
37,2021-10-07 07:45:01,24100.0,100.0,1384600.0
38,2021-10-07 07:45:01,24100.0,2000.0,1384500.0
39,2021-10-07 07:45:01,24100.0,200.0,1382500.0
40,2021-10-07 07:45:01,24100.0,1000.0,1382300.0
41,2021-10-07 07:45:01,24100.0,200.0,1381300.0
42,2021-10-07 07:45:01,24100.0,500.0,1381100.0
43,2021-10-07 07:45:01,24100.0,1300.0,1380600.0
44,2021-10-07 07:45:01,24100.0,200.0,1379300.0
45,2021-10-07 07:45:01,24100.0,1100.0,1379100.0
46,2021-10-07 07:45:01,24100.0,1700.0,1378000.0
47,2021-10-07 07:45:01,24100.0,100.0,1376300.0
48,2021-10-07 07:45:01,24100.0,100.0,1376200.0
49,2021-10-07 07:45:01,24100.0,100.0,1376100.0
50,2021-10-07 07:29:24,24100.0,5200.0,1376000.0
51,2021-10-07 07:29:09,24100.0,6000.0,1370800.0
52,2021-10-07 07:29:09,24100.0,2000.0,1364800.0
53,2021-10-07 07:29:09,24100.0,100.0,1362800.0
54,2021-10-07 07:29:09,24100.0,200.0,1362700.0
55,2021-10-07 07:29:09,24100.0,100.0,1362500.0
56,2021-10-07 07:29:09,24100.0,100.0,1362400.0
57,2021-10-07 07:29:09,24100.0,100.0,1362300.0
58,2021-10-07 07:29:09,24100.0,100.0,1362200.0
59,2021-10-07 07:29:09,24100.0,500.0,1362100.0
60,2021-10-07 07:29:09,24100.0,400.0,1361600.0
61,2021-10-07 07:29:09,24100.0,200.0,1361200.0
62,2021-10-07 07:29:09,24100.0,100.0,1361000.0
63,2021-10-07 07:29:09,24100.0,100.0,1360900.0
64,2021-10-07 07:29:09,24100.0,100.0,1360800.0
65,2021-10-07 07:29:09,24100.0,300.0,1360700.0
66,2021-10-07 07:29:07,24100.0,1200.0,1360400.0
67,2021-10-07 07:29:07,24100.0,100.0,1359200.0
68,2021-10-07 07:29:07,24100.0,200.0,1359100.0
69,2021-10-07 07:29:07,24100.0,100.0,1358900.0
70,2021-10-07 07:29:07,24100.0,1000.0,1358800.0
71,2021-10-07 07:29:07,24100.0,600.0,1357800.0
72,2021-10-07 07:29:07,24100.0,300.0,1357200.0
73,2021-10-07 07:29:07,24100.0,200.0,1356900.0
74,2021-10-07 07:29:07,24100.0,1000.0,1356700.0
75,2021-10-07 07:29:07,24100.0,500.0,1355700.0
76,2021-10-07 07:28:53,24100.0,200.0,1355200.0
77,2021-10-07 07:28:53,24100.0,1200.0,1355000.0
78,2021-10-07 07:28:43,24100.0,800.0,1353800.0
79,2021-10-07 07:28:43,24100.0,500.0,1353000.0
80,2021-10-07 07:28:43,24100.0,100.0,1352500.0
81,2021-10-07 07:28:43,24100.0,100.0,1352400.0
82,2021-10-07 07:28:36,24100.0,200.0,1352300.0
83,2021-10-07 07:28:36,24100.0,100.0,1352100.0
84,2021-10-07 07:28:36,24100.0,1000.0,1352000.0
85,2021-10-07 07:28:25,24100.0,4000.0,1351000.0
86,2021-10-07 07:28:25,24100.0,200.0,1347000.0
87,2021-10-07 07:28:25,24100.0,2500.0,1346800.0
88,2021-10-07 07:28:25,24100.0,200.0,1344300.0
89,2021-10-07 07:28:25,24100.0,100.0,1344100.0
90,2021-10-07 07:28:25,24100.0,400.0,1344000.0
91,2021-10-07 07:28:25,24100.0,100.0,1343600.0
92,2021-10-07 07:28:25,24100.0,1000.0,1343500.0
93,2021-10-07 07:28:25,24100.0,1000.0,1342500.0
94,2021-10-07 07:28:25,24100.0,2700.0,1341500.0
95,2021-10-07 07:28:22,24100.0,2300.0,1338800.0
96,2021-10-07 07:28:22,24100.0,200.0,1336500.0
97,2021-10-07 07:28:22,24100.0,100.0,1336300.0
98,2021-10-07 07:28:22,24100.0,100.0,1336200.0
99,2021-10-07 07:28:22,24100.0,100.0,1336100.0
100,2021-10-07 07:28:22,24100.0,200.0,1336000.0
101,2021-10-07 07:28:22,24100.0,200.0,1335800.0
102,2021-10-07 07:28:22,24100.0,200.0,1335600.0
103,2021-10-07 07:28:22,24100.0,100.0,1335400.0
104,2021-10-07 07:28:22,24100.0,1700.0,1335300.0
105,2021-10-07 07:28:15,24100.0,900.0,1333600.0
106,2021-10-07 07:28:09,24100.0,2400.0,1332700.0
107,2021-10-07 07:28:09,24100.0,300.0,1330300.0
108,2021-10-07 07:28:09,24100.0,100.0,1330000.0
109,2021-10-07 07:28:09,24100.0,400.0,1329900.0
110,2021-10-07 07:28:09,24100.0,200.0,1329500.0
111,2021-10-07 07:28:09,24100.0,500.0,1329300.0
112,2021-10-07 07:28:09,24100.0,100.0,1328800.0
113,2021-10-07 07:28:09,24100.0,500.0,1328700.0
114,2021-10-07 07:28:09,24100.0,700.0,1328200.0
115,2021-10-07 07:28:07,24100.0,100.0,1327500.0
116,2021-10-07 07:28:07,24100.0,1000.0,1327400.0
117,2021-10-07 07:28:07,24100.0,300.0,1326400.0
118,2021-10-07 07:27:54,24100.0,700.0,1326100.0
119,2021-10-07 07:27:54,24100.0,100.0,1325400.0
120,2021-10-07 07:27:54,24100.0,300.0,1325300.0
121,2021-10-07 07:27:53,24100.0,2700.0,1325000.0
122,2021-10-07 07:27:53,24100.0,1000.0,1322300.0
123,2021-10-07 07:27:53,24100.0,400.0,1321300.0
124,2021-10-07 07:27:53,24100.0,1000.0,1320900.0
125,2021-10-07 07:27:53,24200.0,100.0,1319900.0
126,2021-10-07 07:27:37,24100.0,1000.0,1319800.0
127,2021-10-07 07:27:30,24250.0,400.0,1318800.0
128,2021-10-07 07:27:30,24150.0,100.0,1318400.0
129,2021-10-07 07:27:29,24100.0,1000.0,1318300.0
130,2021-10-07 07:27:29,24100.0,100.0,1317300.0
131,2021-10-07 07:27:29,24100.0,1000.0,1317200.0
132,2021-10-07 07:27:29,24100.0,300.0,1316200.0
133,2021-10-07 07:27:29,24100.0,100.0,1315900.0
134,2021-10-07 07:27:29,24100.0,100.0,1315800.0
135,2021-10-07 07:27:29,24100.0,200.0,1315700.0
136,2021-10-07 07:27:29,24100.0,1900.0,1315500.0
137,2021-10-07 07:27:29,24100.0,500.0,1313600.0
138,2021-10-07 07:27:27,24100.0,700.0,1313100.0
139,2021-10-07 07:27:27,24150.0,300.0,1312400.0
140,2021-10-07 07:27:15,24150.0,5200.0,1312100.0
141,2021-10-07 07:27:12,24100.0,1500.0,1306900.0
142,2021-10-07 07:27:03,24100.0,2400.0,1305400.0
143,2021-10-07 07:27:03,24150.0,100.0,1303000.0
144,2021-10-07 07:27:03,24150.0,7900.0,1302900.0
145,2021-10-07 07:27:02,24150.0,800.0,1295000.0
146,2021-10-07 07:27:02,24150.0,500.0,1294200.0
147,2021-10-07 07:27:02,24150.0,500.0,1293700.0
148,2021-10-07 07:27:02,24150.0,600.0,1293200.0
149,2021-10-07 07:27:00,24150.0,1400.0,1292600.0
150,2021-10-07 07:27:00,24150.0,300.0,1291200.0
151,2021-10-07 07:27:00,24150.0,1000.0,1290900.0
152,2021-10-07 07:27:00,24150.0,200.0,1289900.0
153,2021-10-07 07:26:56,24150.0,100.0,1289700.0
154,2021-10-07 07:26:56,24150.0,1000.0,1289600.0
155,2021-10-07 07:26:54,24150.0,1100.0,1288600.0
156,2021-10-07 07:26:52,24150.0,1500.0,1287500.0
157,2021-10-07 07:26:52,24150.0,4900.0,1286000.0
158,2021-10-07 07:26:52,24150.0,300.0,1281100.0
159,2021-10-07 07:26:45,24150.0,1500.0,1280800.0
160,2021-10-07 07:26:35,24150.0,200.0,1279300.0
161,2021-10-07 07:26:35,24150.0,100.0,1279100.0
162,2021-10-07 07:26:35,24150.0,1000.0,1279000.0
163,2021-10-07 07:26:35,24150.0,100.0,1278000.0
164,2021-10-07 07:26:30,24150.0,900.0,1277900.0
165,2021-10-07 07:26:30,24150.0,200.0,1277000.0
166,2021-10-07 07:26:26,24150.0,1100.0,1276800.0
167,2021-10-07 07:26:18,24150.0,1100.0,1275700.0
168,2021-10-07 07:26:18,24150.0,600.0,1274600.0
169,2021-10-07 07:26:18,24150.0,200.0,1274000.0
170,2021-10-07 07:26:03,24150.0,100.0,1273800.0
171,2021-10-07 07:26:03,24150.0,1400.0,1273700.0
172,2021-10-07 07:25:49,24150.0,1000.0,1272300.0
173,2021-10-07 07:25:35,24150.0,1000.0,1271300.0
174,2021-10-07 07:25:28,24150.0,600.0,1270300.0
175,2021-10-07 07:25:28,24150.0,500.0,1269700.0
176,2021-10-07 07:25:25,24150.0,1100.0,1269200.0
177,2021-10-07 07:25:21,24150.0,700.0,1268100.0
178,2021-10-07 07:25:21,24150.0,400.0,1267400.0
179,2021-10-07 07:25:19,24150.0,600.0,1267000.0
180,2021-10-07 07:25:19,24150.0,500.0,1266400.0
181,2021-10-07 07:25:16,24200.0,500.0,1265900.0
182,2021-10-07 07:25:13,24150.0,1600.0,1265400.0
183,2021-10-07 07:25:01,24150.0,800.0,1263800.0
184,2021-10-07 07:24:58,24150.0,1100.0,1263000.0
185,2021-10-07 07:24:54,24150.0,1100.0,1261900.0
186,2021-10-07 07:24:52,24150.0,2000.0,1260800.0
187,2021-10-07 07:24:52,24150.0,500.0,1258800.0
188,2021-10-07 07:24:52,24150.0,100.0,1258300.0
189,2021-10-07 07:24:52,24150.0,200.0,1258200.0
190,2021-10-07 07:24:51,24150.0,200.0,1258000.0
191,2021-10-07 07:24:51,24150.0,500.0,1257800.0
192,2021-10-07 07:24:51,24150.0,400.0,1257300.0
193,2021-10-07 07:24:49,24150.0,100.0,1256900.0
194,2021-10-07 07:24:49,24150.0,100.0,1256800.0
195,2021-10-07 07:24:49,24150.0,1300.0,1256700.0
196,2021-10-07 07:24:47,24150.0,700.0,1255400.0
197,2021-10-07 07:24:47,24150.0,400.0,1254700.0
198,2021-10-07 07:24:26,24150.0,1100.0,1254300.0
199,2021-10-07 07:24:26,24150.0,300.0,1253200.0
200,2021-10-07 07:24:04,24150.0,200.0,1252900.0
201,2021-10-07 07:24:02,24150.0,500.0,1252700.0
202,2021-10-07 07:24:02,24150.0,1200.0,1252200.0
203,2021-10-07 07:23:58,24150.0,1100.0,1251000.0
204,2021-10-07 07:23:56,24150.0,1100.0,1249900.0
205,2021-10-07 07:23:55,24150.0,900.0,1248800.0
206,2021-10-07 07:23:55,24150.0,300.0,1247900.0
207,2021-10-07 07:23:53,24150.0,700.0,1247600.0
208,2021-10-07 07:23:53,24150.0,100.0,1246900.0
209,2021-10-07 07:23:53,24150.0,8500.0,1246800.0
210,2021-10-07 07:23:35,24150.0,500.0,1238300.0
211,2021-10-07 07:23:33,24150.0,1300.0,1237800.0
212,2021-10-07 07:23:32,24150.0,100.0,1236500.0
213,2021-10-07 07:23:32,24150.0,400.0,1236400.0
214,2021-10-07 07:23:29,24150.0,300.0,1236000.0
215,2021-10-07 07:23:24,24150.0,300.0,1235700.0
216,2021-10-07 07:23:20,24150.0,300.0,1235400.0
217,2021-10-07 07:23:16,24150.0,300.0,1235100.0
218,2021-10-07 07:23:12,24150.0,300.0,1234800.0
219,2021-10-07 07:23:10,24150.0,300.0,1234500.0
220,2021-10-07 07:23:08,24150.0,800.0,1234200.0
221,2021-10-07 07:23:08,24150.0,200.0,1233400.0
222,2021-10-07 07:23:08,24150.0,200.0,1233200.0
223,2021-10-07 07:23:06,24150.0,300.0,1233000.0
224,2021-10-07 07:23:03,24150.0,300.0,1232700.0
225,2021-10-07 07:22:59,24150.0,200.0,1232400.0
226,2021-10-07 07:22:59,24150.0,100.0,1232200.0
227,2021-10-07 07:22:53,24150.0,300.0,1232100.0
228,2021-10-07 07:22:53,24200.0,2000.0,1231800.0
229,2021-10-07 07:22:46,24150.0,100.0,1229800.0
230,2021-10-07 07:22:46,24150.0,200.0,1229700.0
231,2021-10-07 07:22:43,24150.0,300.0,1229500.0
232,2021-10-07 07:22:41,24200.0,1300.0,1229200.0
233,2021-10-07 07:22:36,24150.0,200.0,1227900.0
234,2021-10-07 07:21:49,24200.0,100.0,1227700.0
235,2021-10-07 07:21:43,24200.0,100.0,1227600.0
236,2021-10-07 07:21:28,24200.0,1000.0,1227500.0
237,2021-10-07 07:21:23,24200.0,900.0,1226500.0
238,2021-10-07 07:21:06,24200.0,700.0,1225600.0
239,2021-10-07 07:20:59,24150.0,1200.0,1224900.0
240,2021-10-07 07:20:53,24200.0,2000.0,1223700.0
241,2021-10-07 07:20:47,24150.0,2000.0,1221700.0
242,2021-10-07 07:20:14,24200.0,3000.0,1219700.0
243,2021-10-07 07:19:48,24150.0,2000.0,1216700.0
244,2021-10-07 07:18:25,24150.0,2800.0,1214700.0
245,2021-10-07 07:17:32,24150.0,1200.0,1211900.0
246,2021-10-07 07:17:08,24150.0,100.0,1210700.0
247,2021-10-07 07:17:08,24150.0,1000.0,1210600.0
248,2021-10-07 07:16:19,24150.0,1400.0,1209600.0
249,2021-10-07 07:16:14,24150.0,600.0,1208200.0
250,2021-10-07 07:16:14,24150.0,1000.0,1207600.0
251,2021-10-07 07:16:14,24150.0,1200.0,1206600.0
252,2021-10-07 07:15:50,24150.0,500.0,1205400.0
253,2021-10-07 07:15:50,24150.0,1000.0,1204900.0
254,2021-10-07 07:15:46,24200.0,100.0,1203900.0
255,2021-10-07 07:15:26,24200.0,900.0,1203800.0
256,2021-10-07 07:15:26,24200.0,500.0,1202900.0
257,2021-10-07 07:15:09,24200.0,1100.0,1202400.0
258,2021-10-07 07:14:10,24200.0,500.0,1201300.0
259,2021-10-07 07:14:06,24200.0,13300.0,1200800.0
260,2021-10-07 07:14:06,24200.0,100.0,1187500.0
261,2021-10-07 07:13:01,24250.0,200.0,1187400.0
262,2021-10-07 07:12:53,24200.0,500.0,1187200.0
263,2021-10-07 07:12:53,24200.0,200.0,1186700.0
264,2021-10-07 07:12:53,24200.0,2800.0,1186500.0
265,2021-10-07 07:12:53,24200.0,3000.0,1183700.0
266,2021-10-07 07:12:53,24200.0,200.0,1180700.0
267,2021-10-07 07:12:53,24200.0,100.0,1180500.0
268,2021-10-07 07:12:53,24200.0,1000.0,1180400.0
269,2021-10-07 07:12:53,24200.0,100.0,1179400.0
270,2021-10-07 07:12:34,24200.0,900.0,1179300.0
271,2021-10-07 07:12:34,24200.0,2800.0,1178400.0
272,2021-10-07 07:12:34,24200.0,300.0,1175600.0
273,2021-10-07 07:11:59,24200.0,1000.0,1175300.0
274,2021-10-07 07:10:44,24200.0,3000.0,1174300.0
275,2021-10-07 07:10:33,24200.0,2300.0,1171300.0
276,2021-10-07 07:08:35,24200.0,1000.0,1169000.0
277,2021-10-07 07:08:35,24200.0,500.0,1168000.0
278,2021-10-07 07:08:35,24200.0,2000.0,1167500.0
279,2021-10-07 07:08:35,24200.0,500.0,1165500.0
280,2021-10-07 07:08:35,24200.0,3000.0,1165000.0
281,2021-10-07 07:08:35,24200.0,300.0,1162000.0
282,2021-10-07 07:08:35,24200.0,500.0,1161700.0
283,2021-10-07 07:08:35,24200.0,600.0,1161200.0
284,2021-10-07 07:07:38,24200.0,2800.0,1160600.0
285,2021-10-07 07:07:11,24200.0,1600.0,1157800.0
286,2021-10-07 07:07:11,24200.0,2200.0,1156200.0
287,2021-10-07 07:07:11,24200.0,2200.0,1154000.0
288,2021-10-07 07:06:36,24250.0,200.0,1151800.0
289,2021-10-07 07:05:48,24250.0,100.0,1151600.0
290,2021-10-07 07:05:44,24250.0,100.0,1151500.0
291,2021-10-07 07:05:35,24250.0,100.0,1151400.0
292,2021-10-07 07:04:23,24250.0,100.0,1151300.0
293,2021-10-07 07:03:52,24250.0,200.0,1151200.0
294,2021-10-07 07:03:35,24200.0,2900.0,1151000.0
295,2021-10-07 07:03:35,24200.0,2800.0,1148100.0
296,2021-10-07 07:03:35,24200.0,3100.0,1145300.0
297,2021-10-07 07:03:31,24200.0,2000.0,1142200.0
298,2021-10-07 07:03:29,24200.0,4200.0,1140200.0
299,2021-10-07 07:03:24,24200.0,300.0,1136000.0
300,2021-10-07 07:03:22,24200.0,400.0,1135700.0
301,2021-10-07 07:03:22,24200.0,600.0,1135300.0
302,2021-10-07 07:03:15,24200.0,1000.0,1134700.0
303,2021-10-07 07:02:50,24150.0,300.0,1133700.0
304,2021-10-07 07:02:04,24150.0,900.0,1133400.0
305,2021-10-07 07:01:55,24150.0,200.0,1132500.0
306,2021-10-07 07:01:44,24200.0,5000.0,1132300.0
307,2021-10-07 07:01:43,24150.0,3400.0,1127300.0
308,2021-10-07 07:00:01,24150.0,200.0,1123900.0
309,2021-10-07 07:00:01,24150.0,200.0,1123700.0
310,2021-10-07 07:00:01,24150.0,100.0,1123500.0
311,2021-10-07 06:59:50,24150.0,500.0,1123400.0
312,2021-10-07 06:59:13,24150.0,500.0,1122900.0
313,2021-10-07 06:59:13,24150.0,200.0,1122400.0
314,2021-10-07 06:59:13,24150.0,2700.0,1122200.0
315,2021-10-07 06:59:03,24150.0,2300.0,1119500.0
316,2021-10-07 06:59:03,24150.0,500.0,1117200.0
317,2021-10-07 06:58:45,24150.0,700.0,1116700.0
318,2021-10-07 06:58:45,24150.0,100.0,1116000.0
319,2021-10-07 06:58:45,24150.0,1200.0,1115900.0
320,2021-10-07 06:58:30,24150.0,200.0,1114700.0
321,2021-10-07 06:58:30,24150.0,300.0,1114500.0
322,2021-10-07 06:57:12,24150.0,100.0,1114200.0
323,2021-10-07 06:57:12,24150.0,100.0,1114100.0
324,2021-10-07 06:56:59,24150.0,200.0,1114000.0
325,2021-10-07 06:56:59,24150.0,300.0,1113800.0
326,2021-10-07 06:56:10,24200.0,600.0,1113500.0
327,2021-10-07 06:55:52,24200.0,100.0,1112900.0
328,2021-10-07 06:55:35,24150.0,100.0,1112800.0
329,2021-10-07 06:55:28,24150.0,500.0,1112700.0
330,2021-10-07 06:55:17,24200.0,100.0,1112200.0
331,2021-10-07 06:55:17,24200.0,1500.0,1112100.0
332,2021-10-07 06:55:17,24200.0,100.0,1110600.0
333,2021-10-07 06:55:17,24200.0,1000.0,1110500.0
334,2021-10-07 06:54:43,24200.0,2800.0,1109500.0
335,2021-10-07 06:53:58,24200.0,500.0,1106700.0
336,2021-10-07 06:52:35,24200.0,700.0,1106200.0
337,2021-10-07 06:52:35,24200.0,1000.0,1105500.0
338,2021-10-07 06:52:35,24200.0,600.0,1104500.0
339,2021-10-07 06:52:35,24200.0,600.0,1103900.0
340,2021-10-07 06:52:27,24200.0,500.0,1103300.0
341,2021-10-07 06:50:56,24200.0,500.0,1102800.0
342,2021-10-07 06:50:51,24200.0,400.0,1102300.0
343,2021-10-07 06:50:38,24200.0,100.0,1101900.0
344,2021-10-07 06:50:25,24150.0,400.0,1101800.0
345,2021-10-07 06:50:25,24150.0,1000.0,1101400.0
346,2021-10-07 06:50:25,24150.0,200.0,1100400.0
347,2021-10-07 06:50:25,24150.0,600.0,1100200.0
348,2021-10-07 06:50:25,24150.0,100.0,1099600.0
349,2021-10-07 06:50:25,24150.0,500.0,1099500.0
350,2021-10-07 06:50:21,24150.0,400.0,1099000.0
351,2021-10-07 06:49:45,24150.0,100.0,1098600.0
352,2021-10-07 06:49:45,24150.0,200.0,1098500.0
353,2021-10-07 06:49:45,24150.0,700.0,1098300.0
354,2021-10-07 06:49:26,24150.0,300.0,1097600.0
355,2021-10-07 06:49:26,24150.0,200.0,1097300.0
356,2021-10-07 06:49:17,24200.0,500.0,1097100.0
357,2021-10-07 06:48:26,24150.0,200.0,1096600.0
358,2021-10-07 06:48:16,24150.0,100.0,1096400.0
359,2021-10-07 06:48:16,24150.0,500.0,1096300.0
360,2021-10-07 06:48:16,24150.0,100.0,1095800.0
361,2021-10-07 06:48:16,24150.0,1000.0,1095700.0
362,2021-10-07 06:48:16,24150.0,100.0,1094700.0
363,2021-10-07 06:48:16,24150.0,100.0,1094600.0
364,2021-10-07 06:48:16,24150.0,900.0,1094500.0
365,2021-10-07 06:47:54,24150.0,500.0,1093600.0
366,2021-10-07 06:46:24,24150.0,500.0,1093100.0
367,2021-10-07 06:46:10,24250.0,300.0,1092600.0
368,2021-10-07 06:46:10,24250.0,1000.0,1092300.0
369,2021-10-07 06:46:10,24250.0,100.0,1091300.0
370,2021-10-07 06:46:10,24250.0,1900.0,1091200.0
371,2021-10-07 06:46:10,24200.0,1900.0,1089300.0
372,2021-10-07 06:46:07,24150.0,2800.0,1087400.0
373,2021-10-07 06:44:52,24150.0,300.0,1084600.0
374,2021-10-07 06:44:52,24150.0,200.0,1084300.0
375,2021-10-07 06:44:43,24200.0,900.0,1084100.0
376,2021-10-07 06:44:43,24200.0,300.0,1083200.0
377,2021-10-07 06:44:29,24200.0,100.0,1082900.0
378,2021-10-07 06:43:22,24200.0,100.0,1082800.0
379,2021-10-07 06:42:56,24250.0,500.0,1082700.0
380,2021-10-07 06:41:59,24250.0,300.0,1082200.0
381,2021-10-07 06:41:51,24150.0,500.0,1081900.0
382,2021-10-07 06:41:50,24250.0,100.0,1081400.0
383,2021-10-07 06:41:44,24250.0,900.0,1081300.0
384,2021-10-07 06:40:48,24250.0,100.0,1080400.0
385,2021-10-07 06:40:48,24250.0,1000.0,1080300.0
386,2021-10-07 06:40:48,24250.0,1000.0,1079300.0
387,2021-10-07 06:40:48,24250.0,2800.0,1078300.0
388,2021-10-07 06:40:48,24200.0,300.0,1075500.0
389,2021-10-07 06:40:20,24150.0,500.0,1075200.0
390,2021-10-07 06:39:41,24150.0,1300.0,1074700.0
391,2021-10-07 06:39:41,24150.0,200.0,1073400.0
392,2021-10-07 06:39:41,24150.0,100.0,1073200.0
393,2021-10-07 06:39:41,24150.0,1300.0,1073100.0
394,2021-10-07 06:38:50,24150.0,500.0,1071800.0
395,2021-10-07 06:38:05,24250.0,3500.0,1071300.0
396,2021-10-07 06:38:05,24200.0,200.0,1067800.0
397,2021-10-07 06:38:05,24200.0,200.0,1067600.0
398,2021-10-07 06:38:05,24200.0,400.0,1067400.0
399,2021-10-07 06:38:05,24200.0,900.0,1067000.0
400,2021-10-07 06:37:31,24150.0,1200.0,1066100.0
401,2021-10-07 06:37:31,24150.0,1600.0,1064900.0
402,2021-10-07 06:37:19,24150.0,400.0,1063300.0
403,2021-10-07 06:37:19,24150.0,100.0,1062900.0
404,2021-10-07 06:36:05,24150.0,400.0,1062800.0
405,2021-10-07 06:36:05,24150.0,100.0,1062400.0
406,2021-10-07 06:36:05,24150.0,100.0,1062300.0
407,2021-10-07 06:36:05,24150.0,300.0,1062200.0
408,2021-10-07 06:36:05,24150.0,100.0,1061900.0
409,2021-10-07 06:36:05,24150.0,6800.0,1061800.0
410,2021-10-07 06:35:49,24150.0,500.0,1055000.0
411,2021-10-07 06:35:26,24200.0,1000.0,1054500.0
412,2021-10-07 06:35:21,24200.0,900.0,1053500.0
413,2021-10-07 06:35:04,24200.0,100.0,1052600.0
414,2021-10-07 06:35:04,24200.0,4900.0,1052500.0
415,2021-10-07 06:34:21,24200.0,200.0,1047600.0
416,2021-10-07 06:34:18,24200.0,500.0,1047400.0
417,2021-10-07 06:33:39,24200.0,1000.0,1046900.0
418,2021-10-07 06:33:12,24150.0,2700.0,1045900.0
419,2021-10-07 06:33:12,24150.0,100.0,1043200.0
420,2021-10-07 06:32:47,24150.0,400.0,1043100.0
421,2021-10-07 06:32:47,24150.0,100.0,1042700.0
422,2021-10-07 06:31:18,24150.0,400.0,1042600.0
423,2021-10-07 06:31:15,24150.0,100.0,1042200.0
424,2021-10-07 06:31:03,24350.0,800.0,1042100.0
425,2021-10-07 06:31:03,24300.0,1000.0,1041300.0
426,2021-10-07 06:31:03,24300.0,200.0,1040300.0
427,2021-10-07 06:31:03,24300.0,3400.0,1040100.0
428,2021-10-07 06:31:03,24300.0,500.0,1036700.0
429,2021-10-07 06:31:03,24300.0,100.0,1036200.0
430,2021-10-07 06:31:03,24300.0,2800.0,1036100.0
431,2021-10-07 06:31:03,24300.0,200.0,1033300.0
432,2021-10-07 06:31:03,24300.0,700.0,1033100.0
433,2021-10-07 06:31:03,24300.0,500.0,1032400.0
434,2021-10-07 06:31:03,24300.0,300.0,1031900.0
435,2021-10-07 06:31:03,24300.0,1000.0,1031600.0
436,2021-10-07 06:31:03,24300.0,200.0,1030600.0
437,2021-10-07 06:31:03,24300.0,3300.0,1030400.0
438,2021-10-07 06:31:03,24300.0,2000.0,1027100.0
439,2021-10-07 06:31:03,24300.0,500.0,1025100.0
440,2021-10-07 06:31:03,24300.0,100.0,1024600.0
441,2021-10-07 06:31:03,24300.0,500.0,1024500.0
442,2021-10-07 06:31:03,24250.0,1900.0,1024000.0
443,2021-10-07 06:30:52,24100.0,4900.0,1022100.0
444,2021-10-07 06:30:52,24100.0,500.0,1017200.0
445,2021-10-07 06:30:52,24100.0,300.0,1016700.0
446,2021-10-07 06:30:52,24100.0,100.0,1016400.0
447,2021-10-07 06:30:52,24100.0,200.0,1016300.0
448,2021-10-07 06:30:52,24100.0,300.0,1016100.0
449,2021-10-07 06:30:52,24150.0,500.0,1015800.0
450,2021-10-07 06:30:39,24250.0,100.0,1015300.0
451,2021-10-07 06:30:39,24250.0,2000.0,1015200.0
452,2021-10-07 06:30:39,24200.0,200.0,1013200.0
453,2021-10-07 06:30:39,24200.0,2800.0,1013000.0
454,2021-10-07 06:30:39,24200.0,1000.0,1010200.0
455,2021-10-07 06:30:39,24150.0,400.0,1009200.0
456,2021-10-07 06:30:39,24150.0,700.0,1008800.0
457,2021-10-07 06:29:46,24100.0,200.0,1008100.0
458,2021-10-07 06:29:46,24100.0,300.0,1007900.0
459,2021-10-07 06:29:39,24150.0,2000.0,1007600.0
460,2021-10-07 06:29:37,24150.0,200.0,1005600.0
461,2021-10-07 06:29:37,24150.0,500.0,1005400.0
462,2021-10-07 06:29:37,24150.0,1300.0,1004900.0
463,2021-10-07 06:28:56,24150.0,2000.0,1003600.0
464,2021-10-07 06:28:51,24150.0,300.0,1001600.0
465,2021-10-07 06:28:46,24150.0,100.0,1001300.0
466,2021-10-07 06:28:29,24150.0,3800.0,1001200.0
467,2021-10-07 06:28:22,24150.0,1000.0,997400.0
468,2021-10-07 06:28:17,24150.0,100.0,996400.0
469,2021-10-07 06:28:16,24150.0,100.0,996300.0
470,2021-10-07 06:28:15,24100.0,500.0,996200.0
471,2021-10-07 06:28:08,24150.0,300.0,995700.0
472,2021-10-07 06:27:59,24150.0,200.0,995400.0
473,2021-10-07 06:27:43,24150.0,1000.0,995200.0
474,2021-10-07 06:27:01,24100.0,400.0,994200.0
475,2021-10-07 06:26:45,24150.0,100.0,993800.0
476,2021-10-07 06:26:45,24150.0,500.0,993700.0
477,2021-10-07 06:26:45,24150.0,700.0,993200.0
478,2021-10-07 06:26:44,24150.0,500.0,992500.0
479,2021-10-07 06:26:12,24150.0,700.0,992000.0
480,2021-10-07 06:25:53,24150.0,1700.0,991300.0
481,2021-10-07 06:25:53,24150.0,3900.0,989600.0
482,2021-10-07 06:25:53,24150.0,2500.0,985700.0
483,2021-10-07 06:25:31,24150.0,100.0,983200.0
484,2021-10-07 06:25:13,24100.0,500.0,983100.0
485,2021-10-07 06:24:36,24150.0,200.0,982600.0
486,2021-10-07 06:24:05,24150.0,1000.0,982400.0
487,2021-10-07 06:24:00,24150.0,300.0,981400.0
488,2021-10-07 06:23:43,24150.0,300.0,981100.0
489,2021-10-07 06:23:43,24150.0,200.0,980800.0
490,2021-10-07 06:22:27,24100.0,300.0,980600.0
491,2021-10-07 06:22:27,24100.0,300.0,980300.0
492,2021-10-07 06:22:27,24100.0,2000.0,980000.0
493,2021-10-07 06:22:27,24100.0,200.0,978000.0
494,2021-10-07 06:22:12,24100.0,300.0,977800.0
495,2021-10-07 06:22:12,24100.0,200.0,977500.0
496,2021-10-07 06:22:02,24100.0,300.0,977300.0
497,2021-10-07 06:22:02,24150.0,2000.0,977000.0
498,2021-10-07 06:22:02,24150.0,600.0,975000.0
499,2021-10-07 06:22:02,24150.0,500.0,974400.0
500,2021-10-07 06:22:02,24150.0,2000.0,973900.0
501,2021-10-07 06:22:02,24150.0,500.0,971900.0
502,2021-10-07 06:22:02,24150.0,1000.0,971400.0
503,2021-10-07 06:22:02,24150.0,1000.0,970400.0
504,2021-10-07 06:22:02,24150.0,200.0,969400.0
505,2021-10-07 06:22:02,24150.0,500.0,969200.0
506,2021-10-07 06:22:02,24150.0,100.0,968700.0
507,2021-10-07 06:22:02,24150.0,100.0,968600.0
508,2021-10-07 06:22:02,24150.0,500.0,968500.0
509,2021-10-07 06:21:48,24150.0,100.0,968000.0
510,2021-10-07 06:21:45,24200.0,200.0,967900.0
511,2021-10-07 06:21:16,24150.0,200.0,967700.0
512,2021-10-07 06:21:12,24150.0,2000.0,967500.0
513,2021-10-07 06:21:11,24200.0,2000.0,965500.0
514,2021-10-07 06:21:04,24150.0,100.0,963500.0
515,2021-10-07 06:20:40,24150.0,500.0,963400.0
516,2021-10-07 06:20:40,24200.0,2000.0,962900.0
517,2021-10-07 06:20:20,24200.0,400.0,960900.0
518,2021-10-07 06:20:03,24200.0,100.0,960500.0
519,2021-10-07 06:19:26,24150.0,12700.0,960400.0
520,2021-10-07 06:19:10,24150.0,500.0,947700.0
521,2021-10-07 06:18:09,24150.0,2900.0,947200.0
522,2021-10-07 06:17:39,24150.0,500.0,944300.0
523,2021-10-07 06:17:19,24200.0,1000.0,943800.0
524,2021-10-07 06:17:19,24200.0,1400.0,942800.0
525,2021-10-07 06:17:19,24200.0,100.0,941400.0
526,2021-10-07 06:17:19,24200.0,1200.0,941300.0
527,2021-10-07 06:17:19,24200.0,100.0,940100.0
528,2021-10-07 06:17:19,24200.0,3100.0,940000.0
529,2021-10-07 06:16:08,24200.0,500.0,936900.0
530,2021-10-07 06:15:59,24200.0,2800.0,936400.0
531,2021-10-07 06:14:59,24200.0,1000.0,933600.0
532,2021-10-07 06:14:50,24200.0,200.0,932600.0
533,2021-10-07 06:14:38,24200.0,500.0,932400.0
534,2021-10-07 06:14:37,24250.0,100.0,931900.0
535,2021-10-07 06:14:18,24200.0,600.0,931800.0
536,2021-10-07 06:14:17,24200.0,400.0,931200.0
537,2021-10-07 06:13:50,24200.0,1000.0,930800.0
538,2021-10-07 06:13:50,24200.0,200.0,929800.0
539,2021-10-07 06:13:50,24200.0,300.0,929600.0
540,2021-10-07 06:13:50,24200.0,400.0,929300.0
541,2021-10-07 06:13:50,24200.0,100.0,928900.0
542,2021-10-07 06:13:50,24200.0,200.0,928800.0
543,2021-10-07 06:13:50,24200.0,600.0,928600.0
544,2021-10-07 06:13:29,24200.0,200.0,928000.0
545,2021-10-07 06:13:07,24200.0,500.0,927800.0
546,2021-10-07 06:12:49,24200.0,1000.0,927300.0
547,2021-10-07 06:11:41,24200.0,2700.0,926300.0
548,2021-10-07 06:11:41,24200.0,100.0,923600.0
549,2021-10-07 06:11:36,24200.0,500.0,923500.0
550,2021-10-07 06:11:30,24250.0,200.0,923000.0
551,2021-10-07 06:11:30,24250.0,37000.0,922800.0
552,2021-10-07 06:10:06,24250.0,500.0,885800.0
553,2021-10-07 06:10:04,24300.0,200.0,885300.0
554,2021-10-07 06:09:58,24300.0,200.0,885100.0
555,2021-10-07 06:09:25,24300.0,4100.0,884900.0
556,2021-10-07 06:09:25,24300.0,1000.0,880800.0
557,2021-10-07 06:09:25,24300.0,100.0,879800.0
558,2021-10-07 06:09:08,24250.0,100.0,879700.0
559,2021-10-07 06:09:08,24250.0,200.0,879600.0
560,2021-10-07 06:09:08,24250.0,2900.0,879400.0
561,2021-10-07 06:09:08,24250.0,9300.0,876500.0
562,2021-10-07 06:08:35,24200.0,500.0,867200.0
563,2021-10-07 06:08:05,24250.0,5200.0,866700.0
564,2021-10-07 06:07:06,24250.0,35500.0,861500.0
565,2021-10-07 06:07:04,24250.0,500.0,826000.0
566,2021-10-07 06:06:44,24250.0,100.0,825500.0
567,2021-10-07 06:05:40,24250.0,2800.0,825400.0
568,2021-10-07 06:05:40,24250.0,11100.0,822600.0
569,2021-10-07 06:05:35,24200.0,2000.0,811500.0
570,2021-10-07 06:05:33,24200.0,500.0,809500.0
571,2021-10-07 06:04:45,24250.0,38900.0,809000.0
572,2021-10-07 06:04:03,24250.0,500.0,770100.0
573,2021-10-07 06:03:54,24250.0,400.0,769600.0
574,2021-10-07 06:03:40,24250.0,2800.0,769200.0
575,2021-10-07 06:03:40,24250.0,400.0,766400.0
576,2021-10-07 06:03:40,24250.0,3000.0,766000.0
577,2021-10-07 06:03:40,24250.0,200.0,763000.0
578,2021-10-07 06:03:40,24250.0,1200.0,762800.0
579,2021-10-07 06:03:40,24250.0,300.0,761600.0
580,2021-10-07 06:03:40,24250.0,500.0,761300.0
581,2021-10-07 06:03:40,24250.0,1600.0,760800.0
582,2021-10-07 06:03:36,24100.0,100.0,759200.0
583,2021-10-07 06:03:36,24100.0,100.0,759100.0
584,2021-10-07 06:03:36,24100.0,1000.0,759000.0
585,2021-10-07 06:03:36,24100.0,5000.0,758000.0
586,2021-10-07 06:03:36,24100.0,1000.0,753000.0
587,2021-10-07 06:03:36,24100.0,1000.0,752000.0
588,2021-10-07 06:03:36,24100.0,100.0,751000.0
589,2021-10-07 06:03:36,24100.0,500.0,750900.0
590,2021-10-07 06:03:36,24100.0,5000.0,750400.0
591,2021-10-07 06:03:36,24100.0,500.0,745400.0
592,2021-10-07 06:03:36,24100.0,1000.0,744900.0
593,2021-10-07 06:03:36,24100.0,900.0,743900.0
594,2021-10-07 06:03:36,24100.0,100.0,743000.0
595,2021-10-07 06:03:36,24100.0,100.0,742900.0
596,2021-10-07 06:03:36,24100.0,300.0,742800.0
597,2021-10-07 06:03:36,24100.0,200.0,742500.0
598,2021-10-07 06:03:36,24100.0,500.0,742300.0
599,2021-10-07 06:03:36,24100.0,100.0,741800.0
600,2021-10-07 06:03:36,24100.0,300.0,741700.0
601,2021-10-07 06:03:36,24100.0,500.0,741400.0
602,2021-10-07 06:03:36,24100.0,200.0,740900.0
603,2021-10-07 06:03:36,24100.0,2000.0,740700.0
604,2021-10-07 06:03:36,24100.0,1000.0,738700.0
605,2021-10-07 06:03:36,24100.0,4400.0,737700.0
606,2021-10-07 06:03:36,24100.0,100.0,733300.0
607,2021-10-07 06:03:36,24100.0,200.0,733200.0
608,2021-10-07 06:03:36,24100.0,5000.0,733000.0
609,2021-10-07 06:03:36,24100.0,1000.0,728000.0
610,2021-10-07 06:03:36,24100.0,500.0,727000.0
611,2021-10-07 06:03:36,24100.0,5000.0,726500.0
612,2021-10-07 06:03:36,24100.0,1000.0,721500.0
613,2021-10-07 06:03:36,24100.0,500.0,720500.0
614,2021-10-07 06:03:36,24100.0,1100.0,720000.0
615,2021-10-07 06:03:36,24100.0,100.0,718900.0
616,2021-10-07 06:03:36,24100.0,200.0,718800.0
617,2021-10-07 06:03:36,24100.0,13800.0,718600.0
618,2021-10-07 06:03:36,24150.0,300.0,704800.0
619,2021-10-07 06:03:36,24150.0,200.0,704500.0
620,2021-10-07 06:03:36,24150.0,1000.0,704300.0
621,2021-10-07 06:03:36,24150.0,200.0,703300.0
622,2021-10-07 06:03:36,24150.0,100.0,703100.0
623,2021-10-07 06:03:36,24150.0,2000.0,703000.0
624,2021-10-07 06:03:36,24150.0,1000.0,701000.0
625,2021-10-07 06:03:36,24150.0,200.0,700000.0
626,2021-10-07 06:03:36,24150.0,2000.0,699800.0
627,2021-10-07 06:03:36,24150.0,200.0,697800.0
628,2021-10-07 06:03:36,24150.0,200.0,697600.0
629,2021-10-07 06:03:36,24150.0,400.0,697400.0
630,2021-10-07 06:03:36,24150.0,5000.0,697000.0
631,2021-10-07 06:03:36,24150.0,7200.0,692000.0
632,2021-10-07 06:03:36,24200.0,400.0,684800.0
633,2021-10-07 06:03:36,24200.0,500.0,684400.0
634,2021-10-07 06:03:36,24200.0,15500.0,683900.0
635,2021-10-07 06:03:36,24200.0,100.0,668400.0
636,2021-10-07 06:03:36,24200.0,9100.0,668300.0
637,2021-10-07 06:03:31,24250.0,1300.0,659200.0
638,2021-10-07 06:03:22,24250.0,100.0,657900.0
639,2021-10-07 06:02:55,24250.0,1500.0,657800.0
640,2021-10-07 06:02:32,24200.0,500.0,656300.0
641,2021-10-07 06:02:23,24200.0,100.0,655800.0
642,2021-10-07 06:01:56,24200.0,300.0,655700.0
643,2021-10-07 06:01:56,24200.0,100.0,655400.0
644,2021-10-07 06:01:56,24200.0,200.0,655300.0
645,2021-10-07 06:01:47,24200.0,2500.0,655100.0
646,2021-10-07 06:01:40,24200.0,100.0,652600.0
647,2021-10-07 06:01:00,24150.0,500.0,652500.0
648,2021-10-07 06:00:53,24200.0,200.0,652000.0
649,2021-10-07 06:00:51,24200.0,200.0,651800.0
650,2021-10-07 06:00:51,24200.0,200.0,651600.0
651,2021-10-07 06:00:51,24200.0,200.0,651400.0
652,2021-10-07 06:00:16,24200.0,200.0,651200.0
653,2021-10-07 06:00:13,24200.0,300.0,651000.0
654,2021-10-07 06:00:13,24200.0,100.0,650700.0
655,2021-10-07 06:00:05,24200.0,500.0,650600.0
656,2021-10-07 06:00:04,24200.0,100.0,650100.0
657,2021-10-07 06:00:02,24200.0,100.0,650000.0
658,2021-10-07 06:00:02,24200.0,100.0,649900.0
659,2021-10-07 06:00:01,24200.0,200.0,649800.0
660,2021-10-07 06:00:01,24200.0,200.0,649600.0
661,2021-10-07 06:00:01,24200.0,200.0,649400.0
662,2021-10-07 06:00:01,24200.0,200.0,649200.0
663,2021-10-07 06:00:01,24200.0,200.0,649000.0
664,2021-10-07 06:00:01,24200.0,100.0,648800.0
665,2021-10-07 06:00:01,24200.0,100.0,648700.0
666,2021-10-07 06:00:01,24200.0,100.0,648600.0
667,2021-10-07 04:29:21,24200.0,200.0,648500.0
668,2021-10-07 04:29:10,24200.0,100.0,648300.0
669,2021-10-07 04:28:57,24150.0,2300.0,648200.0
670,2021-10-07 04:28:51,24150.0,300.0,645900.0
671,2021-10-07 04:28:48,24150.0,100.0,645600.0
672,2021-10-07 04:28:46,24150.0,100.0,645500.0
673,2021-10-07 04:28:42,24150.0,600.0,645400.0
674,2021-10-07 04:28:40,24150.0,100.0,644800.0
675,2021-10-07 04:28:35,24150.0,100.0,644700.0
676,2021-10-07 04:28:33,24100.0,100.0,644600.0
677,2021-10-07 04:28:18,24150.0,200.0,644500.0
678,2021-10-07 04:28:18,24150.0,100.0,644300.0
679,2021-10-07 04:28:18,24150.0,2900.0,644200.0
680,2021-10-07 04:28:18,24150.0,2800.0,641300.0
681,2021-10-07 04:28:18,24150.0,2800.0,638500.0
682,2021-10-07 04:28:18,24150.0,1200.0,635700.0
683,2021-10-07 04:28:15,24150.0,200.0,634500.0
684,2021-10-07 04:28:07,24150.0,100.0,634300.0
685,2021-10-07 04:28:02,24100.0,500.0,634200.0
686,2021-10-07 04:27:46,24150.0,200.0,633700.0
687,2021-10-07 04:27:42,24150.0,1000.0,633500.0
688,2021-10-07 04:27:07,24150.0,100.0,632500.0
689,2021-10-07 04:26:28,24150.0,100.0,632400.0
690,2021-10-07 04:26:25,24150.0,200.0,632300.0
691,2021-10-07 04:26:02,24150.0,500.0,632100.0
692,2021-10-07 04:25:47,24100.0,500.0,631600.0
693,2021-10-07 04:25:45,24150.0,3000.0,631100.0
694,2021-10-07 04:25:08,24150.0,3000.0,628100.0
695,2021-10-07 04:25:00,24150.0,2000.0,625100.0
696,2021-10-07 04:23:41,24150.0,200.0,623100.0
697,2021-10-07 04:23:38,24150.0,200.0,622900.0
698,2021-10-07 04:23:33,24100.0,100.0,622700.0
699,2021-10-07 04:23:33,24100.0,400.0,622600.0
700,2021-10-07 04:23:31,24150.0,300.0,622200.0
701,2021-10-07 04:23:31,24150.0,2500.0,621900.0
702,2021-10-07 04:23:14,24150.0,200.0,619400.0
703,2021-10-07 04:22:57,24150.0,100.0,619200.0
704,2021-10-07 04:22:57,24150.0,500.0,619100.0
705,2021-10-07 04:22:57,24150.0,2900.0,618600.0
706,2021-10-07 04:22:57,24150.0,100.0,615700.0
707,2021-10-07 04:22:57,24150.0,1400.0,615600.0
708,2021-10-07 04:21:35,24150.0,1400.0,614200.0
709,2021-10-07 04:21:35,24150.0,2100.0,612800.0
710,2021-10-07 04:21:26,24150.0,100.0,610700.0
711,2021-10-07 04:21:17,24100.0,500.0,610600.0
712,2021-10-07 04:21:11,24150.0,400.0,610100.0
713,2021-10-07 04:20:51,24150.0,200.0,609700.0
714,2021-10-07 04:19:34,24150.0,100.0,609500.0
715,2021-10-07 04:19:28,24100.0,100.0,609400.0
716,2021-10-07 04:19:28,24100.0,100.0,609300.0
717,2021-10-07 04:19:15,24150.0,200.0,609200.0
718,2021-10-07 04:19:15,24150.0,500.0,609000.0
719,2021-10-07 04:19:04,24100.0,500.0,608500.0
720,2021-10-07 04:18:35,24150.0,1000.0,608000.0
721,2021-10-07 04:18:21,24150.0,500.0,607000.0
722,2021-10-07 04:18:05,24150.0,100.0,606500.0
723,2021-10-07 04:17:05,24150.0,100.0,606400.0
724,2021-10-07 04:16:55,24150.0,400.0,606300.0
725,2021-10-07 04:16:55,24150.0,800.0,605900.0
726,2021-10-07 04:16:55,24150.0,800.0,605100.0
727,2021-10-07 04:16:51,24150.0,2100.0,604300.0
728,2021-10-07 04:16:51,24150.0,2800.0,602200.0
729,2021-10-07 04:16:51,24150.0,100.0,599400.0
730,2021-10-07 04:16:50,24100.0,400.0,599300.0
731,2021-10-07 04:16:50,24100.0,100.0,598900.0
732,2021-10-07 04:16:49,24150.0,2700.0,598800.0
733,2021-10-07 04:16:49,24150.0,400.0,596100.0
734,2021-10-07 04:16:49,24150.0,1900.0,595700.0
735,2021-10-07 04:16:45,24100.0,900.0,593800.0
736,2021-10-07 04:16:45,24100.0,500.0,592900.0
737,2021-10-07 04:16:45,24100.0,1000.0,592400.0
738,2021-10-07 04:16:45,24100.0,500.0,591400.0
739,2021-10-07 04:16:45,24100.0,1000.0,590900.0
740,2021-10-07 04:16:45,24100.0,5000.0,589900.0
741,2021-10-07 04:16:45,24100.0,100.0,584900.0
742,2021-10-07 04:16:45,24100.0,1000.0,584800.0
743,2021-10-07 04:16:45,24100.0,200.0,583800.0
744,2021-10-07 04:16:45,24100.0,1000.0,583600.0
745,2021-10-07 04:16:45,24100.0,100.0,582600.0
746,2021-10-07 04:16:45,24100.0,2000.0,582500.0
747,2021-10-07 04:16:45,24100.0,100.0,580500.0
748,2021-10-07 04:16:45,24100.0,6600.0,580400.0
749,2021-10-07 04:16:43,24150.0,100.0,573800.0
750,2021-10-07 04:15:11,24150.0,100.0,573700.0
751,2021-10-07 04:15:10,24150.0,400.0,573600.0
752,2021-10-07 04:15:08,24150.0,200.0,573200.0
753,2021-10-07 04:14:56,24150.0,100.0,573000.0
754,2021-10-07 04:14:56,24150.0,400.0,572900.0
755,2021-10-07 04:14:55,24150.0,200.0,572500.0
756,2021-10-07 04:14:50,24150.0,100.0,572300.0
757,2021-10-07 04:14:39,24150.0,1000.0,572200.0
758,2021-10-07 04:14:36,24100.0,500.0,571200.0
759,2021-10-07 04:14:17,24150.0,100.0,570700.0
760,2021-10-07 04:14:07,24150.0,200.0,570600.0
761,2021-10-07 04:13:44,24150.0,500.0,570400.0
762,2021-10-07 04:13:43,24100.0,2800.0,569900.0
763,2021-10-07 04:13:38,24100.0,100.0,567100.0
764,2021-10-07 04:13:31,24150.0,300.0,567000.0
765,2021-10-07 04:13:30,24100.0,700.0,566700.0
766,2021-10-07 04:12:21,24100.0,500.0,566000.0
767,2021-10-07 04:11:34,24100.0,2800.0,565500.0
768,2021-10-07 04:11:18,24100.0,100.0,562700.0
769,2021-10-07 04:11:08,24150.0,2000.0,562600.0
770,2021-10-07 04:10:33,24100.0,400.0,560600.0
771,2021-10-07 04:10:07,24100.0,500.0,560200.0
772,2021-10-07 04:09:32,24150.0,200.0,559700.0
773,2021-10-07 04:09:15,24150.0,300.0,559500.0
774,2021-10-07 04:09:15,24150.0,100.0,559200.0
775,2021-10-07 04:09:15,24150.0,300.0,559100.0
776,2021-10-07 04:09:03,24150.0,200.0,558800.0
777,2021-10-07 04:09:02,24150.0,500.0,558600.0
778,2021-10-07 04:08:20,24150.0,500.0,558100.0
779,2021-10-07 04:07:53,24100.0,500.0,557600.0
780,2021-10-07 04:07:26,24150.0,100.0,557100.0
781,2021-10-07 04:07:25,24150.0,100.0,557000.0
782,2021-10-07 04:07:24,24150.0,100.0,556900.0
783,2021-10-07 04:07:01,24150.0,200.0,556800.0
784,2021-10-07 04:05:45,24150.0,100.0,556600.0
785,2021-10-07 04:05:38,24100.0,500.0,556500.0
786,2021-10-07 04:05:01,24150.0,500.0,556000.0
787,2021-10-07 04:04:39,24150.0,100.0,555500.0
788,2021-10-07 04:03:36,24150.0,100.0,555400.0
789,2021-10-07 04:03:32,24150.0,300.0,555300.0
790,2021-10-07 04:03:24,24100.0,500.0,555000.0
791,2021-10-07 04:03:15,24100.0,3500.0,554500.0
792,2021-10-07 04:03:15,24100.0,100.0,551000.0
793,2021-10-07 04:03:15,24100.0,4900.0,550900.0
794,2021-10-07 04:02:44,24150.0,1000.0,546000.0
795,2021-10-07 04:01:55,24150.0,100.0,545000.0
796,2021-10-07 04:01:33,24150.0,100.0,544900.0
797,2021-10-07 04:01:09,24100.0,500.0,544800.0
798,2021-10-07 04:01:02,24150.0,100.0,544300.0
799,2021-10-07 04:00:57,24150.0,500.0,544200.0
800,2021-10-07 03:59:59,24150.0,200.0,543700.0
801,2021-10-07 03:59:56,24150.0,100.0,543500.0
802,2021-10-07 03:59:16,24100.0,4600.0,543400.0
803,2021-10-07 03:59:16,24100.0,200.0,538800.0
804,2021-10-07 03:59:16,24100.0,100.0,538600.0
805,2021-10-07 03:59:16,24100.0,100.0,538500.0
806,2021-10-07 03:59:16,24100.0,500.0,538400.0
807,2021-10-07 03:59:16,24100.0,100.0,537900.0
808,2021-10-07 03:59:16,24100.0,1000.0,537800.0
809,2021-10-07 03:59:16,24100.0,1000.0,536800.0
810,2021-10-07 03:59:16,24100.0,2400.0,535800.0
811,2021-10-07 03:58:57,24150.0,100.0,533400.0
812,2021-10-07 03:58:55,24100.0,500.0,533300.0
813,2021-10-07 03:58:15,24150.0,2000.0,532800.0
814,2021-10-07 03:58:01,24150.0,100.0,530800.0
815,2021-10-07 03:56:58,24150.0,100.0,530700.0
816,2021-10-07 03:56:41,24100.0,500.0,530600.0
817,2021-10-07 03:56:04,24150.0,100.0,530100.0
818,2021-10-07 03:55:51,24150.0,500.0,530000.0
819,2021-10-07 03:55:16,24150.0,200.0,529500.0
820,2021-10-07 03:55:06,24150.0,2000.0,529300.0
821,2021-10-07 03:54:35,24150.0,100.0,527300.0
822,2021-10-07 03:54:26,24100.0,500.0,527200.0
823,2021-10-07 03:54:15,24150.0,1000.0,526700.0
824,2021-10-07 03:53:42,24150.0,300.0,525700.0
825,2021-10-07 03:53:34,24150.0,200.0,525400.0
826,2021-10-07 03:53:34,24150.0,500.0,525200.0
827,2021-10-07 03:53:34,24150.0,700.0,524700.0
828,2021-10-07 03:53:16,24150.0,500.0,524000.0
829,2021-10-07 03:52:42,24150.0,500.0,523500.0
830,2021-10-07 03:52:30,24150.0,400.0,523000.0
831,2021-10-07 03:52:24,24150.0,100.0,522600.0
832,2021-10-07 03:52:13,24150.0,100.0,522500.0
833,2021-10-07 03:52:13,24150.0,200.0,522400.0
834,2021-10-07 03:52:13,24150.0,400.0,522200.0
835,2021-10-07 03:51:15,24150.0,500.0,521800.0
836,2021-10-07 03:51:15,24150.0,1100.0,521300.0
837,2021-10-07 03:50:47,24150.0,200.0,520200.0
838,2021-10-07 03:50:37,24150.0,100.0,520000.0
839,2021-10-07 03:50:31,24150.0,300.0,519900.0
840,2021-10-07 03:50:15,24150.0,100.0,519600.0
841,2021-10-07 03:50:02,24150.0,1000.0,519500.0
842,2021-10-07 03:49:59,24150.0,500.0,518500.0
843,2021-10-07 03:48:56,24200.0,100.0,518000.0
844,2021-10-07 03:48:49,24100.0,1100.0,517900.0
845,2021-10-07 03:48:49,24100.0,100.0,516800.0
846,2021-10-07 03:48:49,24100.0,100.0,516700.0
847,2021-10-07 03:48:49,24100.0,100.0,516600.0
848,2021-10-07 03:48:49,24100.0,1000.0,516500.0
849,2021-10-07 03:48:49,24100.0,600.0,515500.0
850,2021-10-07 03:48:49,24150.0,1000.0,514900.0
851,2021-10-07 03:48:49,24150.0,500.0,513900.0
852,2021-10-07 03:48:49,24150.0,500.0,513400.0
853,2021-10-07 03:48:49,24150.0,300.0,512900.0
854,2021-10-07 03:48:49,24150.0,1800.0,512600.0
855,2021-10-07 03:48:49,24150.0,1000.0,510800.0
856,2021-10-07 03:48:49,24150.0,500.0,509800.0
857,2021-10-07 03:48:49,24150.0,1800.0,509300.0
858,2021-10-07 03:47:53,24150.0,200.0,507500.0
859,2021-10-07 03:47:53,24150.0,2600.0,507300.0
860,2021-10-07 03:47:44,24150.0,400.0,504700.0
861,2021-10-07 03:47:44,24150.0,100.0,504300.0
862,2021-10-07 03:47:35,24200.0,500.0,504200.0
863,2021-10-07 03:47:21,24200.0,100.0,503700.0
864,2021-10-07 03:46:48,24200.0,100.0,503600.0
865,2021-10-07 03:46:44,24200.0,500.0,503500.0
866,2021-10-07 03:46:29,24200.0,500.0,503000.0
867,2021-10-07 03:45:44,24200.0,900.0,502500.0
868,2021-10-07 03:45:30,24200.0,500.0,501600.0
869,2021-10-07 03:45:21,24200.0,100.0,501100.0
870,2021-10-07 03:45:21,24200.0,500.0,501000.0
871,2021-10-07 03:44:39,24200.0,200.0,500500.0
872,2021-10-07 03:44:39,24200.0,200.0,500300.0
873,2021-10-07 03:44:39,24200.0,100.0,500100.0
874,2021-10-07 03:43:36,24200.0,400.0,500000.0
875,2021-10-07 03:43:36,24200.0,1300.0,499600.0
876,2021-10-07 03:43:36,24200.0,200.0,498300.0
877,2021-10-07 03:43:36,24200.0,1000.0,498100.0
878,2021-10-07 03:43:36,24200.0,100.0,497100.0
879,2021-10-07 03:43:36,24200.0,200.0,497000.0
880,2021-10-07 03:43:36,24200.0,2700.0,496800.0
881,2021-10-07 03:43:36,24200.0,500.0,494100.0
882,2021-10-07 03:43:36,24200.0,2800.0,493600.0
883,2021-10-07 03:43:36,24200.0,5000.0,490800.0
884,2021-10-07 03:43:36,24200.0,5000.0,485800.0
885,2021-10-07 03:43:36,24200.0,800.0,480800.0
886,2021-10-07 03:43:35,24150.0,900.0,480000.0
887,2021-10-07 03:43:35,24150.0,1900.0,479100.0
888,2021-10-07 03:43:16,24150.0,500.0,477200.0
889,2021-10-07 03:42:54,24150.0,200.0,476700.0
890,2021-10-07 03:42:54,24150.0,500.0,476500.0
891,2021-10-07 03:42:54,24150.0,300.0,476000.0
892,2021-10-07 03:42:44,24150.0,500.0,475700.0
893,2021-10-07 03:41:26,24100.0,2900.0,475200.0
894,2021-10-07 03:41:01,24100.0,500.0,472300.0
895,2021-10-07 03:40:41,24150.0,300.0,471800.0
896,2021-10-07 03:40:04,24150.0,100.0,471500.0
897,2021-10-07 03:39:50,24150.0,500.0,471400.0
898,2021-10-07 03:39:18,24150.0,200.0,470900.0
899,2021-10-07 03:39:18,24150.0,500.0,470700.0
900,2021-10-07 03:39:18,24150.0,100.0,470200.0
901,2021-10-07 03:39:18,24150.0,100.0,470100.0
902,2021-10-07 03:39:18,24150.0,100.0,470000.0
903,2021-10-07 03:39:18,24150.0,100.0,469900.0
904,2021-10-07 03:38:48,24150.0,500.0,469800.0
905,2021-10-07 03:37:35,24150.0,2800.0,469300.0
906,2021-10-07 03:37:35,24150.0,2800.0,466500.0
907,2021-10-07 03:37:35,24150.0,2900.0,463700.0
908,2021-10-07 03:37:35,24150.0,600.0,460800.0
909,2021-10-07 03:37:35,24150.0,300.0,460200.0
910,2021-10-07 03:37:21,24150.0,400.0,459900.0
911,2021-10-07 03:37:14,24150.0,1000.0,459500.0
912,2021-10-07 03:36:57,24150.0,1100.0,458500.0
913,2021-10-07 03:36:57,24150.0,3900.0,457400.0
914,2021-10-07 03:36:47,24150.0,100.0,453500.0
915,2021-10-07 03:36:34,24100.0,500.0,453400.0
916,2021-10-07 03:36:06,24150.0,4000.0,452900.0
917,2021-10-07 03:35:52,24150.0,200.0,448900.0
918,2021-10-07 03:35:50,24150.0,100.0,448700.0
919,2021-10-07 03:35:48,24150.0,300.0,448600.0
920,2021-10-07 03:35:34,24150.0,200.0,448300.0
921,2021-10-07 03:35:27,24100.0,500.0,448100.0
922,2021-10-07 03:35:19,24150.0,500.0,447600.0
923,2021-10-07 03:34:48,24150.0,100.0,447100.0
924,2021-10-07 03:34:48,24150.0,100.0,447000.0
925,2021-10-07 03:34:39,24150.0,100.0,446900.0
926,2021-10-07 03:34:18,24100.0,100.0,446800.0
927,2021-10-07 03:34:18,24100.0,100.0,446700.0
928,2021-10-07 03:34:18,24100.0,100.0,446600.0
929,2021-10-07 03:34:18,24100.0,200.0,446500.0
930,2021-10-07 03:33:19,24150.0,100.0,446300.0
931,2021-10-07 03:32:51,24100.0,2800.0,446200.0
932,2021-10-07 03:32:05,24100.0,500.0,443400.0
933,2021-10-07 03:32:01,24150.0,100.0,442900.0
934,2021-10-07 03:31:48,24100.0,1500.0,442800.0
935,2021-10-07 03:31:48,24100.0,100.0,441300.0
936,2021-10-07 03:31:48,24100.0,400.0,441200.0
937,2021-10-07 03:31:14,24150.0,1000.0,440800.0
938,2021-10-07 03:31:11,24150.0,1500.0,439800.0
939,2021-10-07 03:31:06,24150.0,2900.0,438300.0
940,2021-10-07 03:30:56,24150.0,300.0,435400.0
941,2021-10-07 03:29:56,24150.0,1000.0,435100.0
942,2021-10-07 03:29:51,24100.0,300.0,434100.0
943,2021-10-07 03:29:51,24100.0,200.0,433800.0
944,2021-10-07 03:29:35,24150.0,100.0,433600.0
945,2021-10-07 03:28:31,24100.0,800.0,433500.0
946,2021-10-07 03:28:31,24100.0,200.0,432700.0
947,2021-10-07 03:28:31,24100.0,100.0,432500.0
948,2021-10-07 03:28:31,24100.0,1700.0,432400.0
949,2021-10-07 03:27:36,24100.0,500.0,430700.0
950,2021-10-07 03:26:02,24150.0,200.0,430200.0
951,2021-10-07 03:25:49,24150.0,400.0,430000.0
952,2021-10-07 03:25:22,24150.0,100.0,429600.0
953,2021-10-07 03:24:14,24100.0,800.0,429500.0
954,2021-10-07 03:24:14,24100.0,200.0,428700.0
955,2021-10-07 03:24:14,24100.0,100.0,428500.0
956,2021-10-07 03:24:14,24100.0,1000.0,428400.0
957,2021-10-07 03:24:14,24100.0,100.0,427400.0
958,2021-10-07 03:24:14,24100.0,600.0,427300.0
959,2021-10-07 03:24:13,24150.0,300.0,426700.0
960,2021-10-07 03:24:13,24150.0,300.0,426400.0
961,2021-10-07 03:24:08,24100.0,100.0,426100.0
962,2021-10-07 03:23:46,24150.0,100.0,426000.0
963,2021-10-07 03:23:46,24150.0,100.0,425900.0
964,2021-10-07 03:23:42,24150.0,100.0,425800.0
965,2021-10-07 03:23:12,24150.0,300.0,425700.0
966,2021-10-07 03:23:09,24150.0,100.0,425400.0
967,2021-10-07 03:23:08,24100.0,300.0,425300.0
968,2021-10-07 03:23:08,24100.0,200.0,425000.0
969,2021-10-07 03:22:34,24150.0,500.0,424800.0
970,2021-10-07 03:22:22,24150.0,300.0,424300.0
971,2021-10-07 03:22:17,24150.0,300.0,424000.0
972,2021-10-07 03:22:16,24150.0,1000.0,423700.0
973,2021-10-07 03:22:06,24150.0,100.0,422700.0
974,2021-10-07 03:21:59,24150.0,200.0,422600.0
975,2021-10-07 03:21:45,24100.0,800.0,422400.0
976,2021-10-07 03:21:45,24100.0,100.0,421600.0
977,2021-10-07 03:21:45,24100.0,500.0,421500.0
978,2021-10-07 03:21:45,24100.0,200.0,421000.0
979,2021-10-07 03:21:45,24100.0,500.0,420800.0
980,2021-10-07 03:21:45,24100.0,200.0,420300.0
981,2021-10-07 03:21:45,24100.0,1000.0,420100.0
982,2021-10-07 03:21:45,24100.0,200.0,419100.0
983,2021-10-07 03:21:45,24100.0,1000.0,418900.0
984,2021-10-07 03:21:45,24100.0,400.0,417900.0
985,2021-10-07 03:21:45,24100.0,100.0,417500.0
986,2021-10-07 03:21:45,24100.0,200.0,417400.0
987,2021-10-07 03:21:45,24100.0,200.0,417200.0
988,2021-10-07 03:21:45,24100.0,1000.0,417000.0
989,2021-10-07 03:21:45,24100.0,1000.0,416000.0
990,2021-10-07 03:21:45,24100.0,1000.0,415000.0
991,2021-10-07 03:21:45,24100.0,100.0,414000.0
992,2021-10-07 03:21:45,24100.0,500.0,413900.0
993,2021-10-07 03:21:45,24100.0,300.0,413400.0
994,2021-10-07 03:21:45,24100.0,500.0,413100.0
995,2021-10-07 03:21:45,24100.0,200.0,412600.0
996,2021-10-07 03:20:57,24100.0,300.0,412400.0
997,2021-10-07 03:20:57,24100.0,1000.0,412100.0
998,2021-10-07 03:20:57,24100.0,1000.0,411100.0
999,2021-10-07 03:20:57,24100.0,200.0,410100.0
1000,2021-10-07 03:20:57,24100.0,1000.0,409900.0
1001,2021-10-07 03:20:57,24100.0,100.0,408900.0
1002,2021-10-07 03:20:57,24100.0,1000.0,408800.0
1003,2021-10-07 03:20:57,24100.0,500.0,407800.0
1004,2021-10-07 03:20:57,24100.0,1000.0,407300.0
1005,2021-10-07 03:20:57,24100.0,1000.0,406300.0
1006,2021-10-07 03:20:57,24150.0,2000.0,405300.0
1007,2021-10-07 03:20:57,24150.0,100.0,403300.0
1008,2021-10-07 03:20:57,24150.0,1200.0,403200.0
1009,2021-10-07 03:20:54,24150.0,500.0,402000.0
1010,2021-10-07 03:19:59,24150.0,3300.0,401500.0
1011,2021-10-07 03:19:59,24150.0,200.0,398200.0
1012,2021-10-07 03:19:59,24150.0,100.0,398000.0
1013,2021-10-07 03:19:59,24150.0,5000.0,397900.0
1014,2021-10-07 03:19:59,24150.0,400.0,392900.0
1015,2021-10-07 03:19:59,24150.0,500.0,392500.0
1016,2021-10-07 03:19:59,24150.0,500.0,392000.0
1017,2021-10-07 03:19:59,24150.0,200.0,391500.0
1018,2021-10-07 03:19:59,24150.0,100.0,391300.0
1019,2021-10-07 03:19:59,24150.0,100.0,391200.0
1020,2021-10-07 03:19:56,24150.0,900.0,391100.0
1021,2021-10-07 03:19:56,24150.0,2000.0,390200.0
1022,2021-10-07 03:18:39,24150.0,500.0,388200.0
1023,2021-10-07 03:17:59,24150.0,2500.0,387700.0
1024,2021-10-07 03:17:47,24150.0,300.0,385200.0
1025,2021-10-07 03:17:45,24150.0,200.0,384900.0
1026,2021-10-07 03:17:42,24100.0,500.0,384700.0
1027,2021-10-07 03:17:42,24100.0,500.0,384200.0
1028,2021-10-07 03:17:42,24100.0,1000.0,383700.0
1029,2021-10-07 03:17:42,24100.0,1000.0,382700.0
1030,2021-10-07 03:17:42,24100.0,100.0,381700.0
1031,2021-10-07 03:17:42,24100.0,6900.0,381600.0
1032,2021-10-07 03:17:42,24150.0,200.0,374700.0
1033,2021-10-07 03:17:42,24150.0,100.0,374500.0
1034,2021-10-07 03:17:42,24150.0,100.0,374400.0
1035,2021-10-07 03:17:37,24200.0,500.0,374300.0
1036,2021-10-07 03:17:13,24150.0,200.0,373800.0
1037,2021-10-07 03:16:47,24150.0,200.0,373600.0
1038,2021-10-07 03:16:39,24150.0,200.0,373400.0
1039,2021-10-07 03:16:25,24150.0,500.0,373200.0
1040,2021-10-07 03:16:08,24150.0,100.0,372700.0
1041,2021-10-07 03:15:40,24150.0,200.0,372600.0
1042,2021-10-07 03:15:38,24100.0,2800.0,372400.0
1043,2021-10-07 03:15:27,24100.0,10300.0,369600.0
1044,2021-10-07 03:15:27,24100.0,100.0,359300.0
1045,2021-10-07 03:15:11,24150.0,200.0,359200.0
1046,2021-10-07 03:15:01,24150.0,300.0,359000.0
1047,2021-10-07 03:14:59,24150.0,200.0,358700.0
1048,2021-10-07 03:14:29,24150.0,500.0,358500.0
1049,2021-10-07 03:14:10,24100.0,500.0,358000.0
1050,2021-10-07 03:13:55,24100.0,2700.0,357500.0
1051,2021-10-07 03:13:13,24150.0,200.0,354800.0
1052,2021-10-07 03:13:10,24150.0,100.0,354600.0
1053,2021-10-07 03:13:10,24150.0,100.0,354500.0
1054,2021-10-07 03:13:10,24150.0,100.0,354400.0
1055,2021-10-07 03:12:41,24150.0,100.0,354300.0
1056,2021-10-07 03:12:18,24150.0,100.0,354200.0
1057,2021-10-07 03:12:16,24150.0,800.0,354100.0
1058,2021-10-07 03:11:57,24150.0,200.0,353300.0
1059,2021-10-07 03:11:57,24150.0,300.0,353100.0
1060,2021-10-07 03:11:18,24150.0,2000.0,352800.0
1061,2021-10-07 03:11:18,24150.0,500.0,350800.0
1062,2021-10-07 03:11:18,24150.0,300.0,350300.0
1063,2021-10-07 03:10:52,24150.0,1700.0,350000.0
1064,2021-10-07 03:10:50,24150.0,300.0,348300.0
1065,2021-10-07 03:10:24,24150.0,900.0,348000.0
1066,2021-10-07 03:10:24,24150.0,100.0,347100.0
1067,2021-10-07 03:10:12,24100.0,100.0,347000.0
1068,2021-10-07 03:10:12,24100.0,100.0,346900.0
1069,2021-10-07 03:10:12,24100.0,100.0,346800.0
1070,2021-10-07 03:10:12,24100.0,500.0,346700.0
1071,2021-10-07 03:10:12,24100.0,100.0,346200.0
1072,2021-10-07 03:10:12,24100.0,100.0,346100.0
1073,2021-10-07 03:10:11,24150.0,100.0,346000.0
1074,2021-10-07 03:10:03,24150.0,100.0,345900.0
1075,2021-10-07 03:09:45,24100.0,500.0,345800.0
1076,2021-10-07 03:09:43,24100.0,400.0,345300.0
1077,2021-10-07 03:09:43,24100.0,100.0,344900.0
1078,2021-10-07 03:09:35,24100.0,100.0,344800.0
1079,2021-10-07 03:09:35,24100.0,300.0,344700.0
1080,2021-10-07 03:09:35,24100.0,1000.0,344400.0
1081,2021-10-07 03:09:35,24100.0,400.0,343400.0
1082,2021-10-07 03:09:35,24100.0,200.0,343000.0
1083,2021-10-07 03:09:35,24100.0,200.0,342800.0
1084,2021-10-07 03:09:35,24100.0,8200.0,342600.0
1085,2021-10-07 03:09:24,24150.0,100.0,334400.0
1086,2021-10-07 03:09:01,24150.0,100.0,334300.0
1087,2021-10-07 03:08:36,24150.0,500.0,334200.0
1088,2021-10-07 03:07:54,24150.0,500.0,333700.0
1089,2021-10-07 03:07:28,24100.0,500.0,333200.0
1090,2021-10-07 03:07:02,24150.0,100.0,332700.0
1091,2021-10-07 03:07:02,24150.0,500.0,332600.0
1092,2021-10-07 03:07:02,24150.0,100.0,332100.0
1093,2021-10-07 03:07:02,24150.0,200.0,332000.0
1094,2021-10-07 03:07:02,24150.0,100.0,331800.0
1095,2021-10-07 03:07:02,24150.0,500.0,331700.0
1096,2021-10-07 03:07:02,24150.0,100.0,331200.0
1097,2021-10-07 03:07:02,24150.0,400.0,331100.0
1098,2021-10-07 03:07:02,24150.0,300.0,330700.0
1099,2021-10-07 03:05:13,24150.0,500.0,330400.0
1100,2021-10-07 03:04:51,24150.0,200.0,329900.0
1101,2021-10-07 03:04:51,24150.0,600.0,329700.0
1102,2021-10-07 03:04:51,24150.0,100.0,329100.0
1103,2021-10-07 03:04:51,24150.0,1000.0,329000.0
1104,2021-10-07 03:04:51,24150.0,100.0,328000.0
1105,2021-10-07 03:04:51,24150.0,100.0,327900.0
1106,2021-10-07 03:04:51,24150.0,700.0,327800.0
1107,2021-10-07 03:04:34,24150.0,4300.0,327100.0
1108,2021-10-07 03:04:34,24150.0,1000.0,322800.0
1109,2021-10-07 03:04:34,24150.0,3300.0,321800.0
1110,2021-10-07 03:04:19,24150.0,1700.0,318500.0
1111,2021-10-07 03:04:19,24150.0,1000.0,316800.0
1112,2021-10-07 03:04:19,24150.0,1000.0,315800.0
1113,2021-10-07 03:04:19,24150.0,3000.0,314800.0
1114,2021-10-07 03:04:19,24150.0,200.0,311800.0
1115,2021-10-07 03:04:19,24150.0,10000.0,311600.0
1116,2021-10-07 03:04:19,24150.0,1500.0,301600.0
1117,2021-10-07 03:04:19,24150.0,500.0,300100.0
1118,2021-10-07 03:04:19,24150.0,600.0,299600.0
1119,2021-10-07 03:04:19,24150.0,500.0,299000.0
1120,2021-10-07 03:04:12,24150.0,500.0,298500.0
1121,2021-10-07 03:03:36,24150.0,500.0,298000.0
1122,2021-10-07 03:03:36,24200.0,100.0,297500.0
1123,2021-10-07 03:03:01,24150.0,500.0,297400.0
1124,2021-10-07 03:01:09,24200.0,100.0,296900.0
1125,2021-10-07 03:00:45,24150.0,500.0,296800.0
1126,2021-10-07 03:00:33,24150.0,2800.0,296300.0
1127,2021-10-07 02:59:47,24150.0,500.0,293500.0
1128,2021-10-07 02:59:32,24150.0,500.0,293000.0
1129,2021-10-07 02:59:08,24150.0,700.0,292500.0
1130,2021-10-07 02:59:08,24150.0,100.0,291800.0
1131,2021-10-07 02:59:08,24150.0,200.0,291700.0
1132,2021-10-07 02:58:32,24150.0,500.0,291500.0
1133,2021-10-07 02:58:24,24150.0,300.0,291000.0
1134,2021-10-07 02:58:24,24150.0,100.0,290700.0
1135,2021-10-07 02:58:24,24150.0,500.0,290600.0
1136,2021-10-07 02:58:24,24150.0,300.0,290100.0
1137,2021-10-07 02:58:24,24150.0,1000.0,289800.0
1138,2021-10-07 02:58:24,24150.0,300.0,288800.0
1139,2021-10-07 02:58:24,24150.0,100.0,288500.0
1140,2021-10-07 02:58:24,24150.0,100.0,288400.0
1141,2021-10-07 02:58:24,24150.0,100.0,288300.0
1142,2021-10-07 02:57:45,24150.0,100.0,288200.0
1143,2021-10-07 02:57:20,24200.0,1000.0,288100.0
1144,2021-10-07 02:57:08,24200.0,2500.0,287100.0
1145,2021-10-07 02:56:17,24200.0,500.0,284600.0
1146,2021-10-07 02:54:43,24250.0,500.0,284100.0
1147,2021-10-07 02:54:16,24250.0,800.0,283600.0
1148,2021-10-07 02:54:16,24250.0,300.0,282800.0
1149,2021-10-07 02:54:16,24250.0,1100.0,282500.0
1150,2021-10-07 02:54:16,24250.0,1600.0,281400.0
1151,2021-10-07 02:54:16,24200.0,100.0,279800.0
1152,2021-10-07 02:54:16,24200.0,400.0,279700.0
1153,2021-10-07 02:54:16,24200.0,3700.0,279300.0
1154,2021-10-07 02:54:08,24150.0,1400.0,275600.0
1155,2021-10-07 02:54:08,24150.0,700.0,274200.0
1156,2021-10-07 02:54:08,24150.0,700.0,273500.0
1157,2021-10-07 02:54:03,24150.0,300.0,272800.0
1158,2021-10-07 02:54:03,24150.0,800.0,272500.0
1159,2021-10-07 02:53:37,24200.0,1500.0,271700.0
1160,2021-10-07 02:53:20,24200.0,100.0,270200.0
1161,2021-10-07 02:53:17,24200.0,500.0,270100.0
1162,2021-10-07 02:53:04,24200.0,3600.0,269600.0
1163,2021-10-07 02:53:04,24200.0,1400.0,266000.0
1164,2021-10-07 02:52:34,24200.0,1000.0,264600.0
1165,2021-10-07 02:51:56,24200.0,400.0,263600.0
1166,2021-10-07 02:51:49,24200.0,500.0,263200.0
1167,2021-10-07 02:51:42,24200.0,200.0,262700.0
1168,2021-10-07 02:51:42,24200.0,1900.0,262500.0
1169,2021-10-07 02:51:19,24200.0,1000.0,260600.0
1170,2021-10-07 02:49:55,24200.0,100.0,259600.0
1171,2021-10-07 02:49:47,24150.0,800.0,259500.0
1172,2021-10-07 02:49:47,24150.0,200.0,258700.0
1173,2021-10-07 02:49:47,24150.0,300.0,258500.0
1174,2021-10-07 02:49:47,24150.0,500.0,258200.0
1175,2021-10-07 02:49:47,24150.0,1000.0,257700.0
1176,2021-10-07 02:49:35,24150.0,500.0,256700.0
1177,2021-10-07 02:49:06,24150.0,100.0,256200.0
1178,2021-10-07 02:47:39,24150.0,400.0,256100.0
1179,2021-10-07 02:47:38,24150.0,2800.0,255700.0
1180,2021-10-07 02:47:20,24150.0,500.0,252900.0
1181,2021-10-07 02:47:14,24150.0,1700.0,252400.0
1182,2021-10-07 02:47:14,24150.0,600.0,250700.0
1183,2021-10-07 02:47:14,24150.0,3000.0,250100.0
1184,2021-10-07 02:47:14,24150.0,500.0,247100.0
1185,2021-10-07 02:47:14,24150.0,100.0,246600.0
1186,2021-10-07 02:47:14,24150.0,100.0,246500.0
1187,2021-10-07 02:47:14,24150.0,100.0,246400.0
1188,2021-10-07 02:47:14,24150.0,100.0,246300.0
1189,2021-10-07 02:47:14,24150.0,500.0,246200.0
1190,2021-10-07 02:47:14,24150.0,200.0,245700.0
1191,2021-10-07 02:47:14,24150.0,500.0,245500.0
1192,2021-10-07 02:47:14,24150.0,1500.0,245000.0
1193,2021-10-07 02:47:14,24200.0,500.0,243500.0
1194,2021-10-07 02:47:14,24200.0,1000.0,243000.0
1195,2021-10-07 02:46:19,24200.0,1800.0,242000.0
1196,2021-10-07 02:46:11,24200.0,200.0,240200.0
1197,2021-10-07 02:45:58,24150.0,9600.0,240000.0
1198,2021-10-07 02:45:58,24200.0,800.0,230400.0
1199,2021-10-07 02:45:20,24250.0,400.0,229600.0
1200,2021-10-07 02:45:20,24250.0,400.0,229200.0
1201,2021-10-07 02:45:20,24250.0,700.0,228800.0
1202,2021-10-07 02:45:06,24200.0,200.0,228100.0
1203,2021-10-07 02:45:06,24200.0,300.0,227900.0
1204,2021-10-07 02:44:47,24200.0,700.0,227600.0
1205,2021-10-07 02:44:47,24200.0,100.0,226900.0
1206,2021-10-07 02:44:33,24200.0,300.0,226800.0
1207,2021-10-07 02:44:26,24200.0,1000.0,226500.0
1208,2021-10-07 02:44:02,24200.0,3000.0,225500.0
1209,2021-10-07 02:44:02,24200.0,600.0,222500.0
1210,2021-10-07 02:43:30,24200.0,300.0,221900.0
1211,2021-10-07 02:43:21,24200.0,1900.0,221600.0
1212,2021-10-07 02:43:19,24200.0,2100.0,219700.0
1213,2021-10-07 02:42:51,24150.0,500.0,217600.0
1214,2021-10-07 02:42:42,24200.0,100.0,217100.0
1215,2021-10-07 02:42:07,24150.0,1500.0,217000.0
1216,2021-10-07 02:42:06,24150.0,300.0,215500.0
1217,2021-10-07 02:41:33,24150.0,900.0,215200.0
1218,2021-10-07 02:41:32,24200.0,600.0,214300.0
1219,2021-10-07 02:41:32,24200.0,200.0,213700.0
1220,2021-10-07 02:41:32,24200.0,100.0,213500.0
1221,2021-10-07 02:41:32,24200.0,100.0,213400.0
1222,2021-10-07 02:41:29,24200.0,100.0,213300.0
1223,2021-10-07 02:41:09,24200.0,500.0,213200.0
1224,2021-10-07 02:41:09,24200.0,200.0,212700.0
1225,2021-10-07 02:41:09,24200.0,300.0,212500.0
1226,2021-10-07 02:41:09,24200.0,1200.0,212200.0
1227,2021-10-07 02:41:09,24200.0,500.0,211000.0
1228,2021-10-07 02:40:58,24200.0,1000.0,210500.0
1229,2021-10-07 02:40:58,24150.0,700.0,209500.0
1230,2021-10-07 02:40:58,24150.0,200.0,208800.0
1231,2021-10-07 02:40:58,24150.0,200.0,208600.0
1232,2021-10-07 02:40:38,24150.0,500.0,208400.0
1233,2021-10-07 02:40:28,24150.0,300.0,207900.0
1234,2021-10-07 02:40:28,24150.0,800.0,207600.0
1235,2021-10-07 02:40:04,24200.0,100.0,206800.0
1236,2021-10-07 02:40:03,24200.0,100.0,206700.0
1237,2021-10-07 02:40:03,24200.0,100.0,206600.0
1238,2021-10-07 02:39:33,24200.0,100.0,206500.0
1239,2021-10-07 02:39:31,24200.0,100.0,206400.0
1240,2021-10-07 02:39:31,24200.0,2900.0,206300.0
1241,2021-10-07 02:39:10,24100.0,1100.0,203400.0
1242,2021-10-07 02:39:02,24100.0,200.0,202300.0
1243,2021-10-07 02:39:02,24100.0,200.0,202100.0
1244,2021-10-07 02:39:02,24100.0,100.0,201900.0
1245,2021-10-07 02:39:02,24100.0,100.0,201800.0
1246,2021-10-07 02:39:02,24100.0,2200.0,201700.0
1247,2021-10-07 02:38:59,24100.0,200.0,199500.0
1248,2021-10-07 02:38:59,24150.0,200.0,199300.0
1249,2021-10-07 02:38:59,24150.0,600.0,199100.0
1250,2021-10-07 02:38:50,24100.0,600.0,198500.0
1251,2021-10-07 02:38:50,24100.0,900.0,197900.0
1252,2021-10-07 02:38:50,24150.0,100.0,197000.0
1253,2021-10-07 02:38:35,24100.0,1500.0,196900.0
1254,2021-10-07 02:38:26,24100.0,1100.0,195400.0
1255,2021-10-07 02:38:23,24100.0,500.0,194300.0
1256,2021-10-07 02:38:16,24150.0,1000.0,193800.0
1257,2021-10-07 02:38:16,24150.0,500.0,192800.0
1258,2021-10-07 02:38:05,24150.0,1100.0,192300.0
1259,2021-10-07 02:37:55,24150.0,900.0,191200.0
1260,2021-10-07 02:37:36,24100.0,1000.0,190300.0
1261,2021-10-07 02:37:36,24150.0,100.0,189300.0
1262,2021-10-07 02:37:22,24100.0,5000.0,189200.0
1263,2021-10-07 02:37:22,24100.0,100.0,184200.0
1264,2021-10-07 02:37:22,24100.0,200.0,184100.0
1265,2021-10-07 02:37:22,24100.0,100.0,183900.0
1266,2021-10-07 02:37:22,24100.0,200.0,183800.0
1267,2021-10-07 02:37:22,24100.0,3600.0,183600.0
1268,2021-10-07 02:37:22,24150.0,500.0,180000.0
1269,2021-10-07 02:37:22,24150.0,200.0,179500.0
1270,2021-10-07 02:37:22,24150.0,100.0,179300.0
1271,2021-10-07 02:37:22,24150.0,400.0,179200.0
1272,2021-10-07 02:36:53,24150.0,600.0,178800.0
1273,2021-10-07 02:36:53,24150.0,100.0,178200.0
1274,2021-10-07 02:36:53,24150.0,100.0,178100.0
1275,2021-10-07 02:36:53,24150.0,100.0,178000.0
1276,2021-10-07 02:36:53,24150.0,1900.0,177900.0
1277,2021-10-07 02:36:22,24150.0,100.0,176000.0
1278,2021-10-07 02:36:22,24150.0,1000.0,175900.0
1279,2021-10-07 02:36:22,24150.0,9300.0,174900.0
1280,2021-10-07 02:36:14,24200.0,1000.0,165600.0
1281,2021-10-07 02:36:09,24150.0,500.0,164600.0
1282,2021-10-07 02:36:07,24200.0,1100.0,164100.0
1283,2021-10-07 02:36:07,24200.0,1500.0,163000.0
1284,2021-10-07 02:36:07,24200.0,1400.0,161500.0
1285,2021-10-07 02:35:51,24200.0,500.0,160100.0
1286,2021-10-07 02:35:44,24200.0,100.0,159600.0
1287,2021-10-07 02:35:44,24150.0,5200.0,159500.0
1288,2021-10-07 02:35:29,24200.0,800.0,154300.0
1289,2021-10-07 02:35:29,24200.0,200.0,153500.0
1290,2021-10-07 02:35:17,24100.0,400.0,153300.0
1291,2021-10-07 02:35:17,24100.0,1500.0,152900.0
1292,2021-10-07 02:35:17,24150.0,100.0,151400.0
1293,2021-10-07 02:35:17,24150.0,100.0,151300.0
1294,2021-10-07 02:35:17,24150.0,100.0,151200.0
1295,2021-10-07 02:35:17,24150.0,1000.0,151100.0
1296,2021-10-07 02:35:17,24150.0,200.0,150100.0
1297,2021-10-07 02:35:17,24150.0,1000.0,149900.0
1298,2021-10-07 02:35:17,24150.0,500.0,148900.0
1299,2021-10-07 02:35:17,24150.0,100.0,148400.0
1300,2021-10-07 02:35:17,24150.0,200.0,148300.0
1301,2021-10-07 02:34:56,24200.0,100.0,148100.0
1302,2021-10-07 02:34:55,24200.0,100.0,148000.0
1303,2021-10-07 02:34:52,24200.0,500.0,147900.0
1304,2021-10-07 02:34:45,24200.0,100.0,147400.0
1305,2021-10-07 02:34:14,24200.0,100.0,147300.0
1306,2021-10-07 02:34:07,24150.0,200.0,147200.0
1307,2021-10-07 02:34:07,24150.0,1000.0,147000.0
1308,2021-10-07 02:34:07,24150.0,500.0,146000.0
1309,2021-10-07 02:34:07,24150.0,200.0,145500.0
1310,2021-10-07 02:34:07,24150.0,100.0,145300.0
1311,2021-10-07 02:34:07,24150.0,2000.0,145200.0
1312,2021-10-07 02:34:07,24150.0,1000.0,143200.0
1313,2021-10-07 02:34:07,24150.0,100.0,142200.0
1314,2021-10-07 02:34:07,24150.0,5300.0,142100.0
1315,2021-10-07 02:33:58,24200.0,2000.0,136800.0
1316,2021-10-07 02:33:55,24150.0,500.0,134800.0
1317,2021-10-07 02:33:52,24200.0,500.0,134300.0
1318,2021-10-07 02:33:51,24200.0,1400.0,133800.0
1319,2021-10-07 02:33:51,24200.0,600.0,132400.0
1320,2021-10-07 02:33:46,24200.0,300.0,131800.0
1321,2021-10-07 02:33:35,24200.0,200.0,131500.0
1322,2021-10-07 02:33:24,24200.0,1600.0,131300.0
1323,2021-10-07 02:33:21,24200.0,1000.0,129700.0
1324,2021-10-07 02:32:39,24200.0,100.0,128700.0
1325,2021-10-07 02:32:26,24200.0,100.0,128600.0
1326,2021-10-07 02:31:49,24150.0,100.0,128500.0
1327,2021-10-07 02:31:42,24200.0,300.0,128400.0
1328,2021-10-07 02:31:42,24200.0,700.0,128100.0
1329,2021-10-07 02:31:41,24150.0,500.0,127400.0
1330,2021-10-07 02:31:12,24150.0,5000.0,126900.0
1331,2021-10-07 02:30:58,24200.0,100.0,121900.0
1332,2021-10-07 02:30:42,24200.0,100.0,121800.0
1333,2021-10-07 02:30:42,24150.0,3600.0,121700.0
1334,2021-10-07 02:30:42,24150.0,1400.0,118100.0
1335,2021-10-07 02:30:26,24200.0,200.0,116700.0
1336,2021-10-07 02:30:25,24200.0,400.0,116500.0
1337,2021-10-07 02:30:25,24200.0,300.0,116100.0
1338,2021-10-07 02:30:25,24250.0,1000.0,115800.0
1339,2021-10-07 02:29:26,24200.0,100.0,114800.0
1340,2021-10-07 02:29:26,24200.0,400.0,114700.0
1341,2021-10-07 02:27:58,24350.0,400.0,114300.0
1342,2021-10-07 02:27:58,24350.0,1000.0,113900.0
1343,2021-10-07 02:27:58,24350.0,7300.0,112900.0
1344,2021-10-07 02:27:58,24300.0,100.0,105600.0
1345,2021-10-07 02:27:58,24300.0,500.0,105500.0
1346,2021-10-07 02:27:58,24250.0,500.0,105000.0
1347,2021-10-07 02:27:58,24200.0,200.0,104500.0
1348,2021-10-07 02:27:12,24150.0,500.0,104300.0
1349,2021-10-07 02:27:04,24150.0,1100.0,103800.0
1350,2021-10-07 02:26:37,24150.0,1000.0,102700.0
1351,2021-10-07 02:26:37,24150.0,200.0,101700.0
1352,2021-10-07 02:26:27,24150.0,500.0,101500.0
1353,2021-10-07 02:26:27,24150.0,500.0,101000.0
1354,2021-10-07 02:26:04,24150.0,400.0,100500.0
1355,2021-10-07 02:26:00,24150.0,100.0,100100.0
1356,2021-10-07 02:25:43,24150.0,900.0,100000.0
1357,2021-10-07 02:25:07,24150.0,100.0,99100.0
1358,2021-10-07 02:25:02,24150.0,200.0,99000.0
1359,2021-10-07 02:24:58,24100.0,500.0,98800.0
1360,2021-10-07 02:24:56,24150.0,300.0,98300.0
1361,2021-10-07 02:24:50,24150.0,500.0,98000.0
1362,2021-10-07 02:24:10,24150.0,500.0,97500.0
1363,2021-10-07 02:23:58,24050.0,400.0,97000.0
1364,2021-10-07 02:23:58,24050.0,100.0,96600.0
1365,2021-10-07 02:23:58,24050.0,500.0,96500.0
1366,2021-10-07 02:23:58,24050.0,200.0,96000.0
1367,2021-10-07 02:23:58,24100.0,1000.0,95800.0
1368,2021-10-07 02:23:58,24100.0,100.0,94800.0
1369,2021-10-07 02:23:58,24100.0,100.0,94700.0
1370,2021-10-07 02:23:58,24100.0,300.0,94600.0
1371,2021-10-07 02:23:58,24100.0,200.0,94300.0
1372,2021-10-07 02:23:58,24100.0,100.0,94100.0
1373,2021-10-07 02:23:58,24100.0,100.0,94000.0
1374,2021-10-07 02:23:58,24100.0,7300.0,93900.0
1375,2021-10-07 02:23:58,24150.0,200.0,86600.0
1376,2021-10-07 02:23:58,24150.0,200.0,86400.0
1377,2021-10-07 02:23:35,24150.0,100.0,86200.0
1378,2021-10-07 02:23:22,24100.0,2700.0,86100.0
1379,2021-10-07 02:23:22,24100.0,100.0,83400.0
1380,2021-10-07 02:23:22,24100.0,400.0,83300.0
1381,2021-10-07 02:23:22,24100.0,2000.0,82900.0
1382,2021-10-07 02:23:22,24100.0,100.0,80900.0
1383,2021-10-07 02:23:22,24100.0,200.0,80800.0
1384,2021-10-07 02:23:22,24100.0,100.0,80600.0
1385,2021-10-07 02:23:22,24100.0,1000.0,80500.0
1386,2021-10-07 02:23:22,24100.0,1000.0,79500.0
1387,2021-10-07 02:23:22,24100.0,900.0,78500.0
1388,2021-10-07 02:23:22,24100.0,200.0,77600.0
1389,2021-10-07 02:23:22,24150.0,100.0,77400.0
1390,2021-10-07 02:23:22,24150.0,100.0,77300.0
1391,2021-10-07 02:23:22,24150.0,1200.0,77200.0
1392,2021-10-07 02:23:22,24200.0,300.0,76000.0
1393,2021-10-07 02:22:54,24150.0,800.0,75700.0
1394,2021-10-07 02:22:54,24150.0,9600.0,74900.0
1395,2021-10-07 02:22:44,24150.0,400.0,65300.0
1396,2021-10-07 02:22:44,24150.0,100.0,64900.0
1397,2021-10-07 02:22:31,24300.0,100.0,64800.0
1398,2021-10-07 02:22:29,24300.0,400.0,64700.0
1399,2021-10-07 02:22:17,24100.0,800.0,64300.0
1400,2021-10-07 02:22:17,24100.0,200.0,63500.0
1401,2021-10-07 02:22:17,24100.0,100.0,63300.0
1402,2021-10-07 02:22:17,24100.0,5000.0,63200.0
1403,2021-10-07 02:22:17,24100.0,600.0,58200.0
1404,2021-10-07 02:22:17,24100.0,200.0,57600.0
1405,2021-10-07 02:22:17,24100.0,200.0,57400.0
1406,2021-10-07 02:22:17,24100.0,100.0,57200.0
1407,2021-10-07 02:22:17,24100.0,100.0,57100.0
1408,2021-10-07 02:22:17,24100.0,100.0,57000.0
1409,2021-10-07 02:22:17,24100.0,500.0,56900.0
1410,2021-10-07 02:22:17,24100.0,200.0,56400.0
1411,2021-10-07 02:22:17,24150.0,100.0,56200.0
1412,2021-10-07 02:22:17,24150.0,1000.0,56100.0
1413,2021-10-07 02:22:17,24150.0,300.0,55100.0
1414,2021-10-07 02:22:17,24150.0,100.0,54800.0
1415,2021-10-07 02:22:17,24150.0,100.0,54700.0
1416,2021-10-07 02:22:17,24150.0,600.0,54600.0
1417,2021-10-07 02:22:17,24200.0,100.0,54000.0
1418,2021-10-07 02:21:43,24150.0,900.0,53900.0
1419,2021-10-07 02:21:43,24150.0,200.0,53000.0
1420,2021-10-07 02:21:43,24200.0,200.0,52800.0
1421,2021-10-07 02:21:43,24250.0,700.0,52600.0
1422,2021-10-07 02:21:27,24200.0,800.0,51900.0
1423,2021-10-07 02:21:26,24200.0,200.0,51100.0
1424,2021-10-07 02:21:24,24150.0,700.0,50900.0
1425,2021-10-07 02:21:24,24150.0,5000.0,50200.0
1426,2021-10-07 02:21:24,24150.0,200.0,45200.0
1427,2021-10-07 02:21:24,24150.0,100.0,45000.0
1428,2021-10-07 02:21:24,24150.0,100.0,44900.0
1429,2021-10-07 02:21:24,24150.0,100.0,44800.0
1430,2021-10-07 02:21:24,24150.0,200.0,44700.0
1431,2021-10-07 02:21:24,24200.0,500.0,44500.0
1432,2021-10-07 02:21:24,24200.0,100.0,44000.0
1433,2021-10-07 02:21:24,24200.0,100.0,43900.0
1434,2021-10-07 02:21:24,24200.0,100.0,43800.0
1435,2021-10-07 02:21:24,24200.0,500.0,43700.0
1436,2021-10-07 02:21:24,24200.0,2700.0,43200.0
1437,2021-10-07 02:20:46,24200.0,300.0,40500.0
1438,2021-10-07 02:20:46,24200.0,100.0,40200.0
1439,2021-10-07 02:20:46,24200.0,200.0,40100.0
1440,2021-10-07 02:20:46,24200.0,500.0,39900.0
1441,2021-10-07 02:20:46,24200.0,300.0,39400.0
1442,2021-10-07 02:20:46,24200.0,1300.0,39100.0
1443,2021-10-07 02:20:46,24200.0,200.0,37800.0
1444,2021-10-07 02:20:46,24200.0,200.0,37600.0
1445,2021-10-07 02:20:46,24200.0,200.0,37400.0
1446,2021-10-07 02:20:46,24200.0,400.0,37200.0
1447,2021-10-07 02:20:46,24200.0,2400.0,36800.0
1448,2021-10-07 02:20:46,24200.0,200.0,34400.0
1449,2021-10-07 02:20:46,24200.0,100.0,34200.0
1450,2021-10-07 02:20:46,24200.0,400.0,34100.0
1451,2021-10-07 02:20:46,24250.0,400.0,33700.0
1452,2021-10-07 02:20:46,24250.0,100.0,33300.0
1453,2021-10-07 02:20:46,24250.0,100.0,33200.0
1454,2021-10-07 02:20:46,24250.0,200.0,33100.0
1455,2021-10-07 02:20:46,24250.0,100.0,32900.0
1456,2021-10-07 02:20:46,24250.0,1000.0,32800.0
1457,2021-10-07 02:20:46,24250.0,300.0,31800.0
1458,2021-10-07 02:20:46,24250.0,300.0,31500.0
1459,2021-10-07 02:20:46,24250.0,2500.0,31200.0
1460,2021-10-07 02:20:39,24400.0,600.0,28700.0
1461,2021-10-07 02:20:38,24250.0,1200.0,28100.0
1462,2021-10-07 02:20:28,24250.0,500.0,26900.0
1463,2021-10-07 02:20:25,24250.0,800.0,26400.0
1464,2021-10-07 02:20:25,24250.0,200.0,25600.0
1465,2021-10-07 02:20:25,24250.0,300.0,25400.0
1466,2021-10-07 02:20:25,24250.0,100.0,25100.0
1467,2021-10-07 02:20:16,24250.0,900.0,25000.0
1468,2021-10-07 02:20:16,24250.0,300.0,24100.0
1469,2021-10-07 02:20:16,24250.0,200.0,23800.0
1470,2021-10-07 02:20:03,24250.0,1200.0,23600.0
1471,2021-10-07 02:19:38,24250.0,500.0,22400.0
1472,2021-10-07 02:19:38,24250.0,300.0,21900.0
1473,2021-10-07 02:19:38,24250.0,500.0,21600.0
1474,2021-10-07 02:19:38,24300.0,100.0,21100.0
1475,2021-10-07 02:19:29,24250.0,500.0,21000.0
1476,2021-10-07 02:19:29,24250.0,200.0,20500.0
1477,2021-10-07 02:19:29,24300.0,200.0,20300.0
1478,2021-10-07 02:18:24,24400.0,100.0,20100.0
1479,2021-10-07 02:18:15,24250.0,300.0,20000.0
1480,2021-10-07 02:18:15,24250.0,200.0,19700.0
1481,2021-10-07 02:18:13,24400.0,2500.0,19500.0
1482,2021-10-07 02:18:13,24400.0,600.0,17000.0
1483,2021-10-07 02:18:13,24350.0,1000.0,16400.0
1484,2021-10-07 02:18:13,24350.0,800.0,15400.0
1485,2021-10-07 02:18:13,24300.0,100.0,14600.0
1486,2021-10-07 02:18:07,24300.0,100.0,14500.0
1487,2021-10-07 02:17:49,24250.0,100.0,14400.0
1488,2021-10-07 02:17:49,24250.0,100.0,14300.0
1489,2021-10-07 02:17:49,24250.0,400.0,14200.0
1490,2021-10-07 02:17:49,24250.0,400.0,13800.0
1491,2021-10-07 02:17:03,24250.0,100.0,13400.0
1492,2021-10-07 02:17:03,24250.0,100.0,13300.0
1493,2021-10-07 02:17:03,24250.0,100.0,13200.0
1494,2021-10-07 02:16:48,24300.0,300.0,13100.0
1495,2021-10-07 02:16:16,24300.0,200.0,12800.0
1496,2021-10-07 02:16:01,24300.0,500.0,12600.0
1497,2021-10-07 02:15:54,24300.0,300.0,12100.0
1498,2021-10-07 02:15:54,24300.0,100.0,11800.0
1499,2021-10-07 02:15:54,24300.0,100.0,11700.0
1500,2021-10-07 02:15:02,24350.0,200.0,11600.0
1501,2021-10-07 02:15:00,24400.0,500.0,11400.0
1502,2021-10-07 02:15:00,24400.0,2000.0,10900.0
1503,2021-10-07 02:15:00,24400.0,1800.0,8900.0
1504,2021-10-07 02:15:00,24400.0,100.0,7100.0
1505,2021-10-07 02:15:00,24400.0,1000.0,7000.0
1506,2021-10-07 02:15:00,24400.0,900.0,6000.0
1507,2021-10-07 02:15:00,24400.0,100.0,5100.0
1508,2021-10-07 02:15:00,24400.0,100.0,5000.0
1509,2021-10-07 02:15:00,24400.0,200.0,4900.0
1510,2021-10-07 02:15:00,24400.0,700.0,4700.0
1511,2021-10-07 02:15:00,24400.0,100.0,4000.0
1512,2021-10-07 02:15:00,24400.0,1000.0,3900.0
1513,2021-10-07 02:15:00,24400.0,100.0,2900.0
1514,2021-10-07 02:15:00,24400.0,500.0,2800.0
1515,2021-10-07 02:15:00,24400.0,100.0,2300.0
1516,2021-10-07 02:15:00,24400.0,500.0,2200.0
1517,2021-10-07 02:15:00,24400.0,500.0,1700.0
1518,2021-10-07 02:15:00,24400.0,400.0,1200.0
1519,2021-10-07 02:15:00,24400.0,400.0,800.0
1520,2021-10-07 02:15:00,24400.0,200.0,400.0
1521,2021-10-07 02:15:00,24400.0,100.0,200.0
1522,2021-10-07 02:15:00,24400.0,100.0,100.0
