,Time,Price,Volume_per_trade,Volume
0,2021-10-05 07:45:00,24500.0,100.0,1150700.0
1,2021-10-05 07:45:00,24500.0,200.0,1150600.0
2,2021-10-05 07:45:00,24500.0,100.0,1150400.0
3,2021-10-05 07:45:00,24500.0,400.0,1150300.0
4,2021-10-05 07:45:00,24500.0,1000.0,1149900.0
5,2021-10-05 07:45:00,24500.0,2600.0,1148900.0
6,2021-10-05 07:45:00,24500.0,2600.0,1146300.0
7,2021-10-05 07:45:00,24500.0,400.0,1143700.0
8,2021-10-05 07:45:00,24500.0,2300.0,1143300.0
9,2021-10-05 07:45:00,24500.0,100.0,1141000.0
10,2021-10-05 07:45:00,24500.0,1500.0,1140900.0
11,2021-10-05 07:45:00,24500.0,1600.0,1139400.0
12,2021-10-05 07:45:00,24500.0,3000.0,1137800.0
13,2021-10-05 07:45:00,24500.0,100.0,1134800.0
14,2021-10-05 07:45:00,24500.0,400.0,1134700.0
15,2021-10-05 07:45:00,24500.0,1000.0,1134300.0
16,2021-10-05 07:45:00,24500.0,1000.0,1133300.0
17,2021-10-05 07:45:00,24500.0,1500.0,1132300.0
18,2021-10-05 07:45:00,24500.0,100.0,1130800.0
19,2021-10-05 07:45:00,24500.0,400.0,1130700.0
20,2021-10-05 07:45:00,24500.0,1500.0,1130300.0
21,2021-10-05 07:45:00,24500.0,500.0,1128800.0
22,2021-10-05 07:45:00,24500.0,100.0,1128300.0
23,2021-10-05 07:45:00,24500.0,3000.0,1128200.0
24,2021-10-05 07:45:00,24500.0,2000.0,1125200.0
25,2021-10-05 07:45:00,24500.0,5000.0,1123200.0
26,2021-10-05 07:45:00,24500.0,1400.0,1118200.0
27,2021-10-05 07:45:00,24500.0,4200.0,1116800.0
28,2021-10-05 07:45:00,24500.0,3900.0,1112600.0
29,2021-10-05 07:45:00,24500.0,2600.0,1108700.0
30,2021-10-05 07:45:00,24500.0,8100.0,1106100.0
31,2021-10-05 07:45:00,24500.0,1500.0,1098000.0
32,2021-10-05 07:45:00,24500.0,1000.0,1096500.0
33,2021-10-05 07:45:00,24500.0,1100.0,1095500.0
34,2021-10-05 07:45:00,24500.0,200.0,1094400.0
35,2021-10-05 07:45:00,24500.0,100.0,1094200.0
36,2021-10-05 07:29:59,24550.0,400.0,1094100.0
37,2021-10-05 07:29:52,24550.0,200.0,1093700.0
38,2021-10-05 07:29:52,24550.0,2400.0,1093500.0
39,2021-10-05 07:29:41,24550.0,500.0,1091100.0
40,2021-10-05 07:29:33,24550.0,2600.0,1090600.0
41,2021-10-05 07:29:30,24600.0,200.0,1088000.0
42,2021-10-05 07:29:10,24550.0,2600.0,1087800.0
43,2021-10-05 07:28:19,24550.0,900.0,1085200.0
44,2021-10-05 07:28:19,24550.0,100.0,1084300.0
45,2021-10-05 07:27:54,24550.0,500.0,1084200.0
46,2021-10-05 07:27:44,24600.0,400.0,1083700.0
47,2021-10-05 07:27:44,24600.0,100.0,1083300.0
48,2021-10-05 07:27:39,24550.0,500.0,1083200.0
49,2021-10-05 07:26:59,24600.0,200.0,1082700.0
50,2021-10-05 07:25:41,24600.0,100.0,1082500.0
51,2021-10-05 07:25:41,24600.0,200.0,1082400.0
52,2021-10-05 07:25:41,24600.0,200.0,1082200.0
53,2021-10-05 07:25:00,24550.0,500.0,1082000.0
54,2021-10-05 07:24:40,24550.0,100.0,1081500.0
55,2021-10-05 07:24:40,24550.0,2000.0,1081400.0
56,2021-10-05 07:24:40,24550.0,300.0,1079400.0
57,2021-10-05 07:24:39,24550.0,400.0,1079100.0
58,2021-10-05 07:24:37,24550.0,1000.0,1078700.0
59,2021-10-05 07:24:13,24550.0,3300.0,1077700.0
60,2021-10-05 07:24:13,24550.0,500.0,1074400.0
61,2021-10-05 07:24:13,24550.0,200.0,1073900.0
62,2021-10-05 07:24:13,24550.0,1000.0,1073700.0
63,2021-10-05 07:23:35,24500.0,1000.0,1072700.0
64,2021-10-05 07:23:35,24500.0,500.0,1071700.0
65,2021-10-05 07:23:35,24500.0,100.0,1071200.0
66,2021-10-05 07:23:35,24500.0,2700.0,1071100.0
67,2021-10-05 07:23:35,24500.0,700.0,1068400.0
68,2021-10-05 07:23:35,24500.0,100.0,1067700.0
69,2021-10-05 07:22:39,24450.0,2500.0,1067600.0
70,2021-10-05 07:22:11,24450.0,100.0,1065100.0
71,2021-10-05 07:21:09,24450.0,500.0,1065000.0
72,2021-10-05 07:20:58,24500.0,100.0,1064500.0
73,2021-10-05 07:20:56,24500.0,100.0,1064400.0
74,2021-10-05 07:20:56,24500.0,200.0,1064300.0
75,2021-10-05 07:20:56,24500.0,200.0,1064100.0
76,2021-10-05 07:20:56,24500.0,100.0,1063900.0
77,2021-10-05 07:20:56,24500.0,200.0,1063800.0
78,2021-10-05 07:20:56,24500.0,500.0,1063600.0
79,2021-10-05 07:20:56,24500.0,100.0,1063100.0
80,2021-10-05 07:20:56,24500.0,600.0,1063000.0
81,2021-10-05 07:20:34,24500.0,400.0,1062400.0
82,2021-10-05 07:20:34,24500.0,600.0,1062000.0
83,2021-10-05 07:20:16,24500.0,100.0,1061400.0
84,2021-10-05 07:20:03,24450.0,2600.0,1061300.0
85,2021-10-05 07:19:47,24450.0,2600.0,1058700.0
86,2021-10-05 07:19:40,24500.0,300.0,1056100.0
87,2021-10-05 07:19:40,24500.0,300.0,1055800.0
88,2021-10-05 07:19:40,24500.0,100.0,1055500.0
89,2021-10-05 07:19:40,24500.0,2000.0,1055400.0
90,2021-10-05 07:19:40,24500.0,2000.0,1053400.0
91,2021-10-05 07:19:40,24500.0,100.0,1051400.0
92,2021-10-05 07:19:40,24500.0,1000.0,1051300.0
93,2021-10-05 07:19:40,24500.0,500.0,1050300.0
94,2021-10-05 07:19:40,24500.0,100.0,1049800.0
95,2021-10-05 07:19:40,24500.0,600.0,1049700.0
96,2021-10-05 07:19:31,24450.0,2600.0,1049100.0
97,2021-10-05 07:19:25,24500.0,200.0,1046500.0
98,2021-10-05 07:19:22,24500.0,1000.0,1046300.0
99,2021-10-05 07:19:12,24500.0,200.0,1045300.0
100,2021-10-05 07:19:12,24500.0,300.0,1045100.0
101,2021-10-05 07:19:12,24500.0,100.0,1044800.0
102,2021-10-05 07:18:27,24450.0,5000.0,1044700.0
103,2021-10-05 07:18:27,24450.0,200.0,1039700.0
104,2021-10-05 07:18:27,24450.0,8900.0,1039500.0
105,2021-10-05 07:18:24,24450.0,1100.0,1030600.0
106,2021-10-05 07:18:24,24450.0,1000.0,1029500.0
107,2021-10-05 07:18:24,24450.0,1000.0,1028500.0
108,2021-10-05 07:18:24,24450.0,1900.0,1027500.0
109,2021-10-05 07:17:47,24400.0,500.0,1025600.0
110,2021-10-05 07:16:30,24400.0,100.0,1025100.0
111,2021-10-05 07:16:30,24400.0,100.0,1025000.0
112,2021-10-05 07:16:30,24400.0,200.0,1024900.0
113,2021-10-05 07:16:30,24400.0,100.0,1024700.0
114,2021-10-05 07:16:30,24400.0,2100.0,1024600.0
115,2021-10-05 07:16:16,24400.0,500.0,1022500.0
116,2021-10-05 07:15:40,24400.0,2600.0,1022000.0
117,2021-10-05 07:15:31,24400.0,2600.0,1019400.0
118,2021-10-05 07:15:27,24400.0,2000.0,1016800.0
119,2021-10-05 07:15:05,24400.0,2600.0,1014800.0
120,2021-10-05 07:13:22,24400.0,1400.0,1012200.0
121,2021-10-05 07:13:11,24400.0,1000.0,1010800.0
122,2021-10-05 07:12:47,24400.0,19000.0,1009800.0
123,2021-10-05 07:12:41,24400.0,1000.0,990800.0
124,2021-10-05 07:12:41,24400.0,500.0,989800.0
125,2021-10-05 07:12:41,24400.0,1000.0,989300.0
126,2021-10-05 07:12:41,24400.0,800.0,988300.0
127,2021-10-05 07:11:58,24400.0,1200.0,987500.0
128,2021-10-05 07:11:44,24400.0,100.0,986300.0
129,2021-10-05 07:11:44,24400.0,700.0,986200.0
130,2021-10-05 07:11:44,24400.0,300.0,985500.0
131,2021-10-05 07:10:50,24400.0,700.0,985200.0
132,2021-10-05 07:10:38,24400.0,200.0,984500.0
133,2021-10-05 07:10:32,24400.0,100.0,984300.0
134,2021-10-05 07:10:25,24400.0,100.0,984200.0
135,2021-10-05 07:09:57,24400.0,100.0,984100.0
136,2021-10-05 07:09:33,24450.0,100.0,984000.0
137,2021-10-05 07:09:33,24450.0,100.0,983900.0
138,2021-10-05 07:09:33,24450.0,100.0,983800.0
139,2021-10-05 07:09:33,24450.0,200.0,983700.0
140,2021-10-05 07:09:08,24350.0,2100.0,983500.0
141,2021-10-05 07:09:08,24400.0,200.0,981400.0
142,2021-10-05 07:09:08,24400.0,100.0,981200.0
143,2021-10-05 07:09:08,24400.0,200.0,981100.0
144,2021-10-05 07:08:32,24450.0,600.0,980900.0
145,2021-10-05 07:08:30,24400.0,500.0,980300.0
146,2021-10-05 07:08:30,24400.0,1000.0,979800.0
147,2021-10-05 07:08:30,24400.0,300.0,978800.0
148,2021-10-05 07:08:30,24400.0,800.0,978500.0
149,2021-10-05 07:08:11,24400.0,4000.0,977700.0
150,2021-10-05 07:07:53,24450.0,200.0,973700.0
151,2021-10-05 07:06:55,24450.0,1000.0,973500.0
152,2021-10-05 07:06:55,24450.0,1500.0,972500.0
153,2021-10-05 07:06:49,24400.0,100.0,971000.0
154,2021-10-05 07:06:41,24450.0,100.0,970900.0
155,2021-10-05 07:06:37,24400.0,100.0,970800.0
156,2021-10-05 07:06:20,24400.0,2600.0,970700.0
157,2021-10-05 07:05:57,24400.0,300.0,968100.0
158,2021-10-05 07:05:35,24400.0,2600.0,967800.0
159,2021-10-05 07:05:31,24400.0,1000.0,965200.0
160,2021-10-05 07:05:31,24400.0,100.0,964200.0
161,2021-10-05 07:05:31,24400.0,300.0,964100.0
162,2021-10-05 07:05:31,24400.0,100.0,963800.0
163,2021-10-05 07:05:31,24400.0,1000.0,963700.0
164,2021-10-05 07:05:31,24400.0,1000.0,962700.0
165,2021-10-05 07:05:31,24400.0,300.0,961700.0
166,2021-10-05 07:05:09,24350.0,2600.0,961400.0
167,2021-10-05 07:05:05,24350.0,100.0,958800.0
168,2021-10-05 07:04:18,24350.0,2600.0,958700.0
169,2021-10-05 07:03:44,24400.0,100.0,956100.0
170,2021-10-05 07:03:41,24400.0,1600.0,956000.0
171,2021-10-05 07:03:41,24400.0,5400.0,954400.0
172,2021-10-05 07:03:03,24400.0,1000.0,949000.0
173,2021-10-05 07:03:00,24400.0,300.0,948000.0
174,2021-10-05 07:02:02,24400.0,300.0,947700.0
175,2021-10-05 07:01:42,24400.0,200.0,947400.0
176,2021-10-05 07:01:40,24400.0,100.0,947200.0
177,2021-10-05 07:01:31,24400.0,500.0,947100.0
178,2021-10-05 07:01:28,24400.0,100.0,946600.0
179,2021-10-05 07:01:27,24350.0,100.0,946500.0
180,2021-10-05 07:01:07,24400.0,100.0,946400.0
181,2021-10-05 07:01:00,24400.0,200.0,946300.0
182,2021-10-05 07:00:55,24400.0,500.0,946100.0
183,2021-10-05 07:00:55,24400.0,100.0,945600.0
184,2021-10-05 07:00:38,24400.0,100.0,945500.0
185,2021-10-05 07:00:38,24400.0,400.0,945400.0
186,2021-10-05 07:00:26,24350.0,2000.0,945000.0
187,2021-10-05 06:59:53,24350.0,600.0,943000.0
188,2021-10-05 06:58:50,24350.0,100.0,942400.0
189,2021-10-05 06:58:00,24350.0,2000.0,942300.0
190,2021-10-05 06:57:31,24350.0,16000.0,940300.0
191,2021-10-05 06:57:07,24350.0,100.0,924300.0
192,2021-10-05 06:56:01,24350.0,2000.0,924200.0
193,2021-10-05 06:55:56,24350.0,400.0,922200.0
194,2021-10-05 06:55:03,24300.0,2600.0,921800.0
195,2021-10-05 06:54:20,24300.0,2000.0,919200.0
196,2021-10-05 06:54:20,24350.0,600.0,917200.0
197,2021-10-05 06:53:18,24350.0,400.0,916600.0
198,2021-10-05 06:53:18,24350.0,100.0,916200.0
199,2021-10-05 06:53:18,24350.0,900.0,916100.0
200,2021-10-05 06:53:18,24350.0,600.0,915200.0
201,2021-10-05 06:53:18,24350.0,600.0,914600.0
202,2021-10-05 06:53:11,24350.0,1200.0,914000.0
203,2021-10-05 06:53:11,24350.0,300.0,912800.0
204,2021-10-05 06:53:11,24350.0,100.0,912500.0
205,2021-10-05 06:53:11,24350.0,1100.0,912400.0
206,2021-10-05 06:52:04,24400.0,300.0,911300.0
207,2021-10-05 06:51:06,24400.0,100.0,911000.0
208,2021-10-05 06:51:03,24350.0,2000.0,910900.0
209,2021-10-05 06:50:24,24350.0,200.0,908900.0
210,2021-10-05 06:50:18,24350.0,2600.0,908700.0
211,2021-10-05 06:48:27,24350.0,100.0,906100.0
212,2021-10-05 06:47:56,24350.0,200.0,906000.0
213,2021-10-05 06:47:04,24350.0,2600.0,905800.0
214,2021-10-05 06:46:58,24400.0,200.0,903200.0
215,2021-10-05 06:46:58,24400.0,300.0,903000.0
216,2021-10-05 06:46:38,24350.0,2600.0,902700.0
217,2021-10-05 06:46:10,24400.0,500.0,900100.0
218,2021-10-05 06:45:54,24400.0,1200.0,899600.0
219,2021-10-05 06:45:54,24400.0,100.0,898400.0
220,2021-10-05 06:45:54,24400.0,1200.0,898300.0
221,2021-10-05 06:45:05,24350.0,2700.0,897100.0
222,2021-10-05 06:44:43,24350.0,2600.0,894400.0
223,2021-10-05 06:44:20,24350.0,2600.0,891800.0
224,2021-10-05 06:43:59,24400.0,300.0,889200.0
225,2021-10-05 06:43:55,24350.0,2600.0,888900.0
226,2021-10-05 06:42:59,24350.0,2600.0,886300.0
227,2021-10-05 06:42:26,24350.0,2600.0,883700.0
228,2021-10-05 06:41:56,24350.0,2600.0,881100.0
229,2021-10-05 06:41:45,24350.0,1100.0,878500.0
230,2021-10-05 06:41:02,24350.0,2300.0,877400.0
231,2021-10-05 06:41:02,24400.0,300.0,875100.0
232,2021-10-05 06:40:40,24400.0,100.0,874800.0
233,2021-10-05 06:40:40,24400.0,1000.0,874700.0
234,2021-10-05 06:40:10,24350.0,100.0,873700.0
235,2021-10-05 06:39:52,24350.0,3500.0,873600.0
236,2021-10-05 06:38:39,24350.0,2600.0,870100.0
237,2021-10-05 06:38:19,24350.0,1200.0,867500.0
238,2021-10-05 06:38:19,24350.0,1400.0,866300.0
239,2021-10-05 06:38:10,24450.0,100.0,864900.0
240,2021-10-05 06:37:56,24350.0,600.0,864800.0
241,2021-10-05 06:37:56,24350.0,2000.0,864200.0
242,2021-10-05 06:37:32,24350.0,2600.0,862200.0
243,2021-10-05 06:37:26,24350.0,200.0,859600.0
244,2021-10-05 06:37:20,24350.0,200.0,859400.0
245,2021-10-05 06:37:20,24350.0,200.0,859200.0
246,2021-10-05 06:37:20,24350.0,2200.0,859000.0
247,2021-10-05 06:37:05,24350.0,100.0,856800.0
248,2021-10-05 06:37:05,24400.0,1000.0,856700.0
249,2021-10-05 06:37:05,24400.0,1000.0,855700.0
250,2021-10-05 06:37:05,24400.0,500.0,854700.0
251,2021-10-05 06:36:59,24400.0,2600.0,854200.0
252,2021-10-05 06:36:43,24400.0,1600.0,851600.0
253,2021-10-05 06:36:43,24400.0,100.0,850000.0
254,2021-10-05 06:36:43,24400.0,900.0,849900.0
255,2021-10-05 06:36:25,24400.0,3600.0,849000.0
256,2021-10-05 06:35:14,24400.0,2600.0,845400.0
257,2021-10-05 06:34:43,24450.0,100.0,842800.0
258,2021-10-05 06:34:42,24400.0,900.0,842700.0
259,2021-10-05 06:34:42,24400.0,1700.0,841800.0
260,2021-10-05 06:34:35,24450.0,100.0,840100.0
261,2021-10-05 06:34:13,24450.0,800.0,840000.0
262,2021-10-05 06:34:13,24450.0,100.0,839200.0
263,2021-10-05 06:34:13,24450.0,100.0,839100.0
264,2021-10-05 06:34:04,24400.0,2600.0,839000.0
265,2021-10-05 06:33:45,24400.0,700.0,836400.0
266,2021-10-05 06:33:45,24400.0,1900.0,835700.0
267,2021-10-05 06:33:20,24400.0,500.0,833800.0
268,2021-10-05 06:32:54,24400.0,2600.0,833300.0
269,2021-10-05 06:32:04,24350.0,2600.0,830700.0
270,2021-10-05 06:31:58,24500.0,300.0,828100.0
271,2021-10-05 06:31:58,24500.0,500.0,827800.0
272,2021-10-05 06:31:58,24500.0,1000.0,827300.0
273,2021-10-05 06:31:58,24500.0,500.0,826300.0
274,2021-10-05 06:31:58,24500.0,300.0,825800.0
275,2021-10-05 06:31:58,24500.0,100.0,825500.0
276,2021-10-05 06:31:58,24500.0,1000.0,825400.0
277,2021-10-05 06:31:58,24500.0,900.0,824400.0
278,2021-10-05 06:31:58,24500.0,100.0,823500.0
279,2021-10-05 06:31:58,24500.0,900.0,823400.0
280,2021-10-05 06:31:58,24500.0,5000.0,822500.0
281,2021-10-05 06:31:58,24500.0,500.0,817500.0
282,2021-10-05 06:31:58,24500.0,100.0,817000.0
283,2021-10-05 06:31:58,24500.0,3000.0,816900.0
284,2021-10-05 06:31:58,24500.0,400.0,813900.0
285,2021-10-05 06:31:58,24500.0,200.0,813500.0
286,2021-10-05 06:31:58,24500.0,200.0,813300.0
287,2021-10-05 06:31:50,24500.0,200.0,813100.0
288,2021-10-05 06:31:50,24450.0,100.0,812900.0
289,2021-10-05 06:31:50,24450.0,200.0,812800.0
290,2021-10-05 06:31:34,24350.0,1800.0,812600.0
291,2021-10-05 06:31:34,24400.0,800.0,810800.0
292,2021-10-05 06:30:54,24400.0,200.0,810000.0
293,2021-10-05 06:30:54,24400.0,2400.0,809800.0
294,2021-10-05 06:30:23,24400.0,2600.0,807400.0
295,2021-10-05 06:30:12,24450.0,800.0,804800.0
296,2021-10-05 06:30:12,24450.0,1000.0,804000.0
297,2021-10-05 06:30:12,24450.0,100.0,803000.0
298,2021-10-05 06:30:12,24450.0,100.0,802900.0
299,2021-10-05 06:30:12,24450.0,2000.0,802800.0
300,2021-10-05 06:30:12,24450.0,100.0,800800.0
301,2021-10-05 06:30:12,24450.0,500.0,800700.0
302,2021-10-05 06:30:12,24450.0,3400.0,800200.0
303,2021-10-05 06:30:07,24450.0,1600.0,796800.0
304,2021-10-05 06:30:07,24450.0,200.0,795200.0
305,2021-10-05 06:30:07,24450.0,300.0,795000.0
306,2021-10-05 06:30:07,24450.0,1000.0,794700.0
307,2021-10-05 06:30:07,24450.0,1000.0,793700.0
308,2021-10-05 06:30:07,24450.0,200.0,792700.0
309,2021-10-05 06:30:07,24450.0,200.0,792500.0
310,2021-10-05 06:30:07,24450.0,5000.0,792300.0
311,2021-10-05 06:30:07,24450.0,300.0,787300.0
312,2021-10-05 06:30:07,24450.0,200.0,787000.0
313,2021-10-05 06:30:06,24400.0,100.0,786800.0
314,2021-10-05 06:30:03,24400.0,2600.0,786700.0
315,2021-10-05 06:30:03,24400.0,500.0,784100.0
316,2021-10-05 06:30:03,24400.0,1000.0,783600.0
317,2021-10-05 06:30:03,24400.0,400.0,782600.0
318,2021-10-05 06:30:03,24400.0,100.0,782200.0
319,2021-10-05 06:30:03,24400.0,200.0,782100.0
320,2021-10-05 06:30:03,24400.0,100.0,781900.0
321,2021-10-05 06:29:38,24350.0,100.0,781800.0
322,2021-10-05 06:29:13,24350.0,100.0,781700.0
323,2021-10-05 06:29:12,24400.0,1000.0,781600.0
324,2021-10-05 06:29:12,24400.0,100.0,780600.0
325,2021-10-05 06:29:12,24400.0,200.0,780500.0
326,2021-10-05 06:29:12,24400.0,100.0,780300.0
327,2021-10-05 06:29:12,24400.0,2800.0,780200.0
328,2021-10-05 06:29:12,24400.0,100.0,777400.0
329,2021-10-05 06:29:12,24400.0,100.0,777300.0
330,2021-10-05 06:29:12,24400.0,2000.0,777200.0
331,2021-10-05 06:29:12,24400.0,200.0,775200.0
332,2021-10-05 06:29:12,24400.0,300.0,775000.0
333,2021-10-05 06:29:12,24400.0,1700.0,774700.0
334,2021-10-05 06:29:12,24400.0,1000.0,773000.0
335,2021-10-05 06:29:12,24400.0,300.0,772000.0
336,2021-10-05 06:29:12,24400.0,500.0,771700.0
337,2021-10-05 06:29:12,24400.0,100.0,771200.0
338,2021-10-05 06:29:12,24400.0,100.0,771100.0
339,2021-10-05 06:29:12,24400.0,1000.0,771000.0
340,2021-10-05 06:29:12,24400.0,2400.0,770000.0
341,2021-10-05 06:28:59,24350.0,2600.0,767600.0
342,2021-10-05 06:28:58,24350.0,100.0,765000.0
343,2021-10-05 06:28:58,24350.0,200.0,764900.0
344,2021-10-05 06:28:58,24350.0,200.0,764700.0
345,2021-10-05 06:28:53,24350.0,10000.0,764500.0
346,2021-10-05 06:28:44,24350.0,2000.0,754500.0
347,2021-10-05 06:28:44,24350.0,5000.0,752500.0
348,2021-10-05 06:27:52,24350.0,2800.0,747500.0
349,2021-10-05 06:27:52,24350.0,2000.0,744700.0
350,2021-10-05 06:27:52,24350.0,300.0,742700.0
351,2021-10-05 06:27:45,24300.0,100.0,742400.0
352,2021-10-05 06:27:00,24300.0,100.0,742300.0
353,2021-10-05 06:26:37,24300.0,1100.0,742200.0
354,2021-10-05 06:26:25,24300.0,2000.0,741100.0
355,2021-10-05 06:25:24,24250.0,2600.0,739100.0
356,2021-10-05 06:25:13,24300.0,500.0,736500.0
357,2021-10-05 06:24:54,24300.0,100.0,736000.0
358,2021-10-05 06:24:54,24300.0,100.0,735900.0
359,2021-10-05 06:24:54,24300.0,1300.0,735800.0
360,2021-10-05 06:24:51,24300.0,700.0,734500.0
361,2021-10-05 06:24:51,24300.0,300.0,733800.0
362,2021-10-05 06:24:29,24300.0,700.0,733500.0
363,2021-10-05 06:24:29,24300.0,4000.0,732800.0
364,2021-10-05 06:24:29,24300.0,300.0,728800.0
365,2021-10-05 06:24:27,24300.0,4700.0,728500.0
366,2021-10-05 06:24:27,24300.0,100.0,723800.0
367,2021-10-05 06:24:27,24300.0,1000.0,723700.0
368,2021-10-05 06:24:27,24300.0,100.0,722700.0
369,2021-10-05 06:24:27,24300.0,500.0,722600.0
370,2021-10-05 06:24:27,24300.0,100.0,722100.0
371,2021-10-05 06:24:27,24300.0,3900.0,722000.0
372,2021-10-05 06:24:23,24300.0,100.0,718100.0
373,2021-10-05 06:23:51,24300.0,5400.0,718000.0
374,2021-10-05 06:23:51,24350.0,5000.0,712600.0
375,2021-10-05 06:23:31,24300.0,600.0,707600.0
376,2021-10-05 06:23:31,24300.0,1200.0,707000.0
377,2021-10-05 06:23:31,24350.0,8600.0,705800.0
378,2021-10-05 06:23:31,24400.0,1400.0,697200.0
379,2021-10-05 06:23:13,24400.0,100.0,695800.0
380,2021-10-05 06:22:36,24350.0,100.0,695700.0
381,2021-10-05 06:22:30,24350.0,1000.0,695600.0
382,2021-10-05 06:22:30,24350.0,100.0,694600.0
383,2021-10-05 06:22:30,24350.0,100.0,694500.0
384,2021-10-05 06:22:30,24350.0,100.0,694400.0
385,2021-10-05 06:21:44,24300.0,3800.0,694300.0
386,2021-10-05 06:21:44,24300.0,5000.0,690500.0
387,2021-10-05 06:21:44,24300.0,100.0,685500.0
388,2021-10-05 06:21:44,24300.0,1000.0,685400.0
389,2021-10-05 06:21:44,24300.0,100.0,684400.0
390,2021-10-05 06:21:44,24300.0,400.0,684300.0
391,2021-10-05 06:21:34,24300.0,100.0,683900.0
392,2021-10-05 06:20:29,24300.0,100.0,683800.0
393,2021-10-05 06:19:45,24300.0,1400.0,683700.0
394,2021-10-05 06:19:45,24300.0,300.0,682300.0
395,2021-10-05 06:19:34,24350.0,300.0,682000.0
396,2021-10-05 06:19:34,24350.0,800.0,681700.0
397,2021-10-05 06:19:17,24350.0,200.0,680900.0
398,2021-10-05 06:19:03,24350.0,100.0,680700.0
399,2021-10-05 06:19:03,24350.0,400.0,680600.0
400,2021-10-05 06:18:00,24350.0,100.0,680200.0
401,2021-10-05 06:17:17,24350.0,200.0,680100.0
402,2021-10-05 06:17:13,24350.0,300.0,679900.0
403,2021-10-05 06:17:02,24350.0,400.0,679600.0
404,2021-10-05 06:17:02,24350.0,100.0,679200.0
405,2021-10-05 06:17:02,24350.0,500.0,679100.0
406,2021-10-05 06:17:02,24350.0,500.0,678600.0
407,2021-10-05 06:17:02,24350.0,500.0,678100.0
408,2021-10-05 06:16:47,24400.0,1100.0,677600.0
409,2021-10-05 06:16:45,24400.0,600.0,676500.0
410,2021-10-05 06:15:20,24400.0,1000.0,675900.0
411,2021-10-05 06:14:33,24400.0,2800.0,674900.0
412,2021-10-05 06:14:02,24400.0,600.0,672100.0
413,2021-10-05 06:13:19,24350.0,500.0,671500.0
414,2021-10-05 06:13:08,24350.0,100.0,671000.0
415,2021-10-05 06:12:42,24350.0,500.0,670900.0
416,2021-10-05 06:12:06,24350.0,2000.0,670400.0
417,2021-10-05 06:11:48,24350.0,100.0,668400.0
418,2021-10-05 06:11:45,24350.0,1000.0,668300.0
419,2021-10-05 06:11:34,24350.0,100.0,667300.0
420,2021-10-05 06:11:34,24350.0,100.0,667200.0
421,2021-10-05 06:11:34,24350.0,10000.0,667100.0
422,2021-10-05 06:11:34,24350.0,20000.0,657100.0
423,2021-10-05 06:11:34,24350.0,1000.0,637100.0
424,2021-10-05 06:11:34,24350.0,100.0,636100.0
425,2021-10-05 06:11:34,24350.0,300.0,636000.0
426,2021-10-05 06:11:34,24350.0,100.0,635700.0
427,2021-10-05 06:11:34,24350.0,100.0,635600.0
428,2021-10-05 06:11:34,24350.0,3000.0,635500.0
429,2021-10-05 06:11:34,24350.0,500.0,632500.0
430,2021-10-05 06:11:11,24300.0,400.0,632000.0
431,2021-10-05 06:11:11,24300.0,100.0,631600.0
432,2021-10-05 06:10:52,24300.0,100.0,631500.0
433,2021-10-05 06:10:52,24300.0,300.0,631400.0
434,2021-10-05 06:10:52,24300.0,2200.0,631100.0
435,2021-10-05 06:10:41,24300.0,500.0,628900.0
436,2021-10-05 06:10:31,24300.0,1000.0,628400.0
437,2021-10-05 06:10:08,24300.0,100.0,627400.0
438,2021-10-05 06:10:02,24300.0,2000.0,627300.0
439,2021-10-05 06:10:02,24300.0,1000.0,625300.0
440,2021-10-05 06:10:02,24300.0,1000.0,624300.0
441,2021-10-05 06:10:02,24300.0,1000.0,623300.0
442,2021-10-05 06:10:02,24300.0,1200.0,622300.0
443,2021-10-05 06:09:14,24300.0,1000.0,621100.0
444,2021-10-05 06:09:14,24300.0,900.0,620100.0
445,2021-10-05 06:09:14,24300.0,3000.0,619200.0
446,2021-10-05 06:09:14,24300.0,300.0,616200.0
447,2021-10-05 06:09:14,24300.0,200.0,615900.0
448,2021-10-05 06:09:14,24300.0,100.0,615700.0
449,2021-10-05 06:09:14,24300.0,3300.0,615600.0
450,2021-10-05 06:09:04,24300.0,1000.0,612300.0
451,2021-10-05 06:09:02,24300.0,700.0,611300.0
452,2021-10-05 06:09:02,24300.0,400.0,610600.0
453,2021-10-05 06:09:02,24300.0,900.0,610200.0
454,2021-10-05 06:08:58,24300.0,2000.0,609300.0
455,2021-10-05 06:08:31,24300.0,1000.0,607300.0
456,2021-10-05 06:08:22,24300.0,1100.0,606300.0
457,2021-10-05 06:08:22,24300.0,400.0,605200.0
458,2021-10-05 06:08:12,24300.0,100.0,604800.0
459,2021-10-05 06:07:46,24300.0,200.0,604700.0
460,2021-10-05 06:06:42,24300.0,100.0,604500.0
461,2021-10-05 06:06:37,24300.0,100.0,604400.0
462,2021-10-05 06:06:06,24300.0,1500.0,604300.0
463,2021-10-05 06:06:06,24300.0,100.0,602800.0
464,2021-10-05 06:06:06,24300.0,400.0,602700.0
465,2021-10-05 06:05:41,24300.0,4600.0,602300.0
466,2021-10-05 06:05:41,24300.0,300.0,597700.0
467,2021-10-05 06:05:41,24300.0,100.0,597400.0
468,2021-10-05 06:05:38,24250.0,1000.0,597300.0
469,2021-10-05 06:05:38,24250.0,3000.0,596300.0
470,2021-10-05 06:05:38,24250.0,4000.0,593300.0
471,2021-10-05 06:05:38,24250.0,3000.0,589300.0
472,2021-10-05 06:05:38,24250.0,100.0,586300.0
473,2021-10-05 06:05:38,24250.0,100.0,586200.0
474,2021-10-05 06:05:38,24250.0,1000.0,586100.0
475,2021-10-05 06:05:38,24250.0,700.0,585100.0
476,2021-10-05 06:05:38,24250.0,200.0,584400.0
477,2021-10-05 06:05:38,24250.0,2100.0,584200.0
478,2021-10-05 06:04:54,24250.0,2900.0,582100.0
479,2021-10-05 06:04:54,24250.0,5000.0,579200.0
480,2021-10-05 06:04:54,24250.0,1000.0,574200.0
481,2021-10-05 06:04:54,24250.0,100.0,573200.0
482,2021-10-05 06:04:54,24250.0,100.0,573100.0
483,2021-10-05 06:04:54,24250.0,200.0,573000.0
484,2021-10-05 06:04:54,24250.0,400.0,572800.0
485,2021-10-05 06:04:54,24250.0,300.0,572400.0
486,2021-10-05 06:04:24,24250.0,4700.0,572100.0
487,2021-10-05 06:04:24,24250.0,200.0,567400.0
488,2021-10-05 06:04:24,24250.0,300.0,567200.0
489,2021-10-05 06:02:39,24200.0,100.0,566900.0
490,2021-10-05 06:02:39,24200.0,800.0,566800.0
491,2021-10-05 06:02:12,24200.0,400.0,566000.0
492,2021-10-05 06:01:07,24200.0,400.0,565600.0
493,2021-10-05 06:00:40,24200.0,1200.0,565200.0
494,2021-10-05 06:00:40,24200.0,2000.0,564000.0
495,2021-10-05 06:00:40,24200.0,200.0,562000.0
496,2021-10-05 06:00:08,24200.0,100.0,561800.0
497,2021-10-05 06:00:05,24150.0,100.0,561700.0
498,2021-10-05 06:00:04,24200.0,100.0,561600.0
499,2021-10-05 06:00:01,24150.0,6000.0,561500.0
500,2021-10-05 06:00:01,24150.0,100.0,555500.0
501,2021-10-05 06:00:01,24150.0,3900.0,555400.0
502,2021-10-05 04:29:49,24150.0,1100.0,551500.0
503,2021-10-05 04:29:49,24150.0,300.0,550400.0
504,2021-10-05 04:29:49,24150.0,1200.0,550100.0
505,2021-10-05 04:29:23,24150.0,800.0,548900.0
506,2021-10-05 04:29:23,24150.0,1000.0,548100.0
507,2021-10-05 04:29:23,24150.0,200.0,547100.0
508,2021-10-05 04:29:23,24150.0,600.0,546900.0
509,2021-10-05 04:29:07,24200.0,100.0,546300.0
510,2021-10-05 04:29:07,24200.0,900.0,546200.0
511,2021-10-05 04:29:03,24200.0,500.0,545300.0
512,2021-10-05 04:28:48,24200.0,1300.0,544800.0
513,2021-10-05 04:28:48,24200.0,800.0,543500.0
514,2021-10-05 04:28:48,24200.0,5000.0,542700.0
515,2021-10-05 04:28:48,24200.0,2700.0,537700.0
516,2021-10-05 04:28:48,24200.0,2000.0,535000.0
517,2021-10-05 04:28:48,24200.0,5000.0,533000.0
518,2021-10-05 04:28:48,24200.0,100.0,528000.0
519,2021-10-05 04:28:48,24200.0,100.0,527900.0
520,2021-10-05 04:28:48,24200.0,2000.0,527800.0
521,2021-10-05 04:28:48,24200.0,100.0,525800.0
522,2021-10-05 04:28:48,24200.0,100.0,525700.0
523,2021-10-05 04:28:48,24200.0,800.0,525600.0
524,2021-10-05 04:28:48,24200.0,100.0,524800.0
525,2021-10-05 04:28:41,24200.0,500.0,524700.0
526,2021-10-05 04:28:39,24200.0,100.0,524200.0
527,2021-10-05 04:27:50,24200.0,500.0,524100.0
528,2021-10-05 04:27:50,24200.0,1500.0,523600.0
529,2021-10-05 04:27:34,24200.0,100.0,522100.0
530,2021-10-05 04:27:05,24200.0,100.0,522000.0
531,2021-10-05 04:26:11,24200.0,500.0,521900.0
532,2021-10-05 04:25:39,24200.0,500.0,521400.0
533,2021-10-05 04:25:00,24200.0,1000.0,520900.0
534,2021-10-05 04:24:49,24200.0,100.0,519900.0
535,2021-10-05 04:24:19,24200.0,200.0,519800.0
536,2021-10-05 04:23:44,24200.0,5000.0,519600.0
537,2021-10-05 04:22:50,24200.0,3700.0,514600.0
538,2021-10-05 04:22:50,24200.0,10000.0,510900.0
539,2021-10-05 04:22:50,24200.0,200.0,500900.0
540,2021-10-05 04:22:50,24200.0,1600.0,500700.0
541,2021-10-05 04:21:52,24150.0,1400.0,499100.0
542,2021-10-05 04:21:52,24150.0,100.0,497700.0
543,2021-10-05 04:21:52,24150.0,1000.0,497600.0
544,2021-10-05 04:21:52,24150.0,100.0,496600.0
545,2021-10-05 04:21:52,24150.0,100.0,496500.0
546,2021-10-05 04:20:13,24150.0,100.0,496400.0
547,2021-10-05 04:19:59,24200.0,2000.0,496300.0
548,2021-10-05 04:19:28,24150.0,100.0,494300.0
549,2021-10-05 04:19:01,24150.0,700.0,494200.0
550,2021-10-05 04:19:01,24150.0,1300.0,493500.0
551,2021-10-05 04:18:51,24200.0,400.0,492200.0
552,2021-10-05 04:17:03,24200.0,400.0,491800.0
553,2021-10-05 04:16:34,24150.0,2000.0,491400.0
554,2021-10-05 04:14:42,24150.0,1700.0,489400.0
555,2021-10-05 04:14:42,24150.0,100.0,487700.0
556,2021-10-05 04:14:42,24150.0,100.0,487600.0
557,2021-10-05 04:14:42,24150.0,1100.0,487500.0
558,2021-10-05 04:14:34,24150.0,900.0,486400.0
559,2021-10-05 04:14:34,24150.0,2000.0,485500.0
560,2021-10-05 04:14:34,24150.0,200.0,483500.0
561,2021-10-05 04:14:34,24150.0,200.0,483300.0
562,2021-10-05 04:14:34,24150.0,400.0,483100.0
563,2021-10-05 04:14:34,24150.0,1300.0,482700.0
564,2021-10-05 04:14:22,24150.0,2700.0,481400.0
565,2021-10-05 04:12:52,24150.0,100.0,478700.0
566,2021-10-05 04:12:51,24200.0,600.0,478600.0
567,2021-10-05 04:12:51,24200.0,400.0,478000.0
568,2021-10-05 04:11:51,24150.0,2700.0,477600.0
569,2021-10-05 04:11:09,24200.0,100.0,474900.0
570,2021-10-05 04:09:44,24200.0,200.0,474800.0
571,2021-10-05 04:08:18,24200.0,300.0,474600.0
572,2021-10-05 04:08:18,24200.0,200.0,474300.0
573,2021-10-05 04:08:06,24200.0,500.0,474100.0
574,2021-10-05 04:06:42,24200.0,1000.0,473600.0
575,2021-10-05 04:06:40,24200.0,200.0,472600.0
576,2021-10-05 04:06:30,24150.0,100.0,472400.0
577,2021-10-05 04:05:29,24150.0,3000.0,472300.0
578,2021-10-05 04:05:04,24150.0,100.0,469300.0
579,2021-10-05 04:04:00,24150.0,5000.0,469200.0
580,2021-10-05 04:03:34,24150.0,3000.0,464200.0
581,2021-10-05 04:01:49,24150.0,100.0,461200.0
582,2021-10-05 04:01:28,24150.0,1900.0,461100.0
583,2021-10-05 04:01:28,24150.0,100.0,459200.0
584,2021-10-05 04:01:28,24150.0,1800.0,459100.0
585,2021-10-05 03:57:43,24150.0,3300.0,457300.0
586,2021-10-05 03:57:14,24150.0,4900.0,454000.0
587,2021-10-05 03:57:14,24150.0,100.0,449100.0
588,2021-10-05 03:57:04,24150.0,1800.0,449000.0
589,2021-10-05 03:57:04,24150.0,3200.0,447200.0
590,2021-10-05 03:56:38,24150.0,5000.0,444000.0
591,2021-10-05 03:56:30,24150.0,200.0,439000.0
592,2021-10-05 03:55:39,24150.0,1000.0,438800.0
593,2021-10-05 03:55:38,24200.0,500.0,437800.0
594,2021-10-05 03:54:38,24150.0,600.0,437300.0
595,2021-10-05 03:54:21,24150.0,200.0,436700.0
596,2021-10-05 03:54:21,24150.0,200.0,436500.0
597,2021-10-05 03:52:54,24150.0,300.0,436300.0
598,2021-10-05 03:52:54,24150.0,100.0,436000.0
599,2021-10-05 03:52:54,24150.0,800.0,435900.0
600,2021-10-05 03:52:54,24150.0,2300.0,435100.0
601,2021-10-05 03:52:26,24150.0,200.0,432800.0
602,2021-10-05 03:51:14,24100.0,100.0,432600.0
603,2021-10-05 03:50:58,24150.0,2100.0,432500.0
604,2021-10-05 03:50:58,24150.0,2000.0,430400.0
605,2021-10-05 03:50:58,24150.0,200.0,428400.0
606,2021-10-05 03:50:58,24150.0,3000.0,428200.0
607,2021-10-05 03:50:58,24150.0,500.0,425200.0
608,2021-10-05 03:50:58,24150.0,2000.0,424700.0
609,2021-10-05 03:50:58,24150.0,200.0,422700.0
610,2021-10-05 03:50:28,24100.0,2700.0,422500.0
611,2021-10-05 03:48:18,24150.0,200.0,419800.0
612,2021-10-05 03:47:53,24150.0,200.0,419600.0
613,2021-10-05 03:47:03,24150.0,200.0,419400.0
614,2021-10-05 03:47:03,24150.0,300.0,419200.0
615,2021-10-05 03:46:36,24150.0,300.0,418900.0
616,2021-10-05 03:46:14,24100.0,4600.0,418600.0
617,2021-10-05 03:46:14,24100.0,100.0,414000.0
618,2021-10-05 03:46:14,24100.0,500.0,413900.0
619,2021-10-05 03:46:14,24100.0,4800.0,413400.0
620,2021-10-05 03:44:39,24150.0,800.0,408600.0
621,2021-10-05 03:43:51,24150.0,100.0,407800.0
622,2021-10-05 03:43:48,24150.0,100.0,407700.0
623,2021-10-05 03:43:44,24150.0,1000.0,407600.0
624,2021-10-05 03:42:44,24150.0,300.0,406600.0
625,2021-10-05 03:40:28,24150.0,100.0,406300.0
626,2021-10-05 03:38:31,24150.0,1700.0,406200.0
627,2021-10-05 03:38:16,24150.0,100.0,404500.0
628,2021-10-05 03:37:42,24150.0,100.0,404400.0
629,2021-10-05 03:37:25,24150.0,300.0,404300.0
630,2021-10-05 03:37:25,24150.0,100.0,404000.0
631,2021-10-05 03:37:25,24150.0,100.0,403900.0
632,2021-10-05 03:37:25,24150.0,600.0,403800.0
633,2021-10-05 03:37:12,24200.0,300.0,403200.0
634,2021-10-05 03:36:09,24200.0,500.0,402900.0
635,2021-10-05 03:35:02,24200.0,600.0,402400.0
636,2021-10-05 03:34:55,24100.0,7600.0,401800.0
637,2021-10-05 03:34:55,24150.0,2400.0,394200.0
638,2021-10-05 03:34:41,24150.0,3000.0,391800.0
639,2021-10-05 03:34:41,24150.0,2600.0,388800.0
640,2021-10-05 03:33:08,24100.0,2600.0,386200.0
641,2021-10-05 03:31:39,24150.0,400.0,383600.0
642,2021-10-05 03:30:53,24200.0,100.0,383200.0
643,2021-10-05 03:30:51,24200.0,3000.0,383100.0
644,2021-10-05 03:30:35,24100.0,100.0,380100.0
645,2021-10-05 03:30:30,24100.0,2600.0,380000.0
646,2021-10-05 03:29:30,24100.0,3600.0,377400.0
647,2021-10-05 03:27:47,24200.0,100.0,373800.0
648,2021-10-05 03:27:08,24100.0,1600.0,373700.0
649,2021-10-05 03:27:08,24150.0,200.0,372100.0
650,2021-10-05 03:27:08,24150.0,1000.0,371900.0
651,2021-10-05 03:27:08,24150.0,1800.0,370900.0
652,2021-10-05 03:27:08,24150.0,100.0,369100.0
653,2021-10-05 03:27:08,24150.0,500.0,369000.0
654,2021-10-05 03:27:08,24150.0,2100.0,368500.0
655,2021-10-05 03:27:08,24150.0,100.0,366400.0
656,2021-10-05 03:27:08,24150.0,200.0,366300.0
657,2021-10-05 03:27:08,24150.0,2000.0,366100.0
658,2021-10-05 03:27:08,24150.0,400.0,364100.0
659,2021-10-05 03:27:08,24150.0,100.0,363700.0
660,2021-10-05 03:27:08,24150.0,200.0,363600.0
661,2021-10-05 03:27:08,24200.0,100.0,363400.0
662,2021-10-05 03:26:37,24150.0,9800.0,363300.0
663,2021-10-05 03:26:37,24150.0,100.0,353500.0
664,2021-10-05 03:26:37,24200.0,100.0,353400.0
665,2021-10-05 03:26:37,24200.0,400.0,353300.0
666,2021-10-05 03:26:34,24200.0,100.0,352900.0
667,2021-10-05 03:26:30,24200.0,200.0,352800.0
668,2021-10-05 03:26:30,24200.0,100.0,352600.0
669,2021-10-05 03:26:30,24200.0,300.0,352500.0
670,2021-10-05 03:26:30,24200.0,200.0,352200.0
671,2021-10-05 03:26:16,24200.0,800.0,352000.0
672,2021-10-05 03:26:16,24200.0,2200.0,351200.0
673,2021-10-05 03:26:15,24200.0,500.0,349000.0
674,2021-10-05 03:26:04,24200.0,900.0,348500.0
675,2021-10-05 03:26:04,24200.0,2500.0,347600.0
676,2021-10-05 03:26:04,24200.0,500.0,345100.0
677,2021-10-05 03:26:04,24200.0,300.0,344600.0
678,2021-10-05 03:26:04,24200.0,300.0,344300.0
679,2021-10-05 03:26:04,24200.0,100.0,344000.0
680,2021-10-05 03:26:04,24200.0,2000.0,343900.0
681,2021-10-05 03:26:04,24200.0,100.0,341900.0
682,2021-10-05 03:26:04,24200.0,3700.0,341800.0
683,2021-10-05 03:25:16,24200.0,8300.0,338100.0
684,2021-10-05 03:24:16,24250.0,300.0,329800.0
685,2021-10-05 03:24:07,24250.0,100.0,329500.0
686,2021-10-05 03:23:46,24250.0,300.0,329400.0
687,2021-10-05 03:22:32,24250.0,100.0,329100.0
688,2021-10-05 03:22:29,24250.0,100.0,329000.0
689,2021-10-05 03:22:00,24200.0,100.0,328900.0
690,2021-10-05 03:20:42,24200.0,500.0,328800.0
691,2021-10-05 03:20:03,24200.0,500.0,328300.0
692,2021-10-05 03:19:22,24200.0,100.0,327800.0
693,2021-10-05 03:18:48,24250.0,200.0,327700.0
694,2021-10-05 03:18:26,24250.0,1000.0,327500.0
695,2021-10-05 03:16:54,24250.0,400.0,326500.0
696,2021-10-05 03:14:01,24250.0,200.0,326100.0
697,2021-10-05 03:12:45,24250.0,200.0,325900.0
698,2021-10-05 03:11:39,24200.0,400.0,325700.0
699,2021-10-05 03:11:39,24200.0,100.0,325300.0
700,2021-10-05 03:11:39,24200.0,500.0,325200.0
701,2021-10-05 03:11:39,24200.0,2700.0,324700.0
702,2021-10-05 03:11:39,24200.0,200.0,322000.0
703,2021-10-05 03:11:39,24200.0,13600.0,321800.0
704,2021-10-05 03:11:39,24200.0,2700.0,308200.0
705,2021-10-05 03:11:39,24200.0,500.0,305500.0
706,2021-10-05 03:11:39,24200.0,15000.0,305000.0
707,2021-10-05 03:11:39,24200.0,200.0,290000.0
708,2021-10-05 03:11:39,24200.0,200.0,289800.0
709,2021-10-05 03:11:39,24200.0,700.0,289600.0
710,2021-10-05 03:10:50,24200.0,300.0,288900.0
711,2021-10-05 03:10:35,24200.0,100.0,288600.0
712,2021-10-05 03:10:26,24200.0,2000.0,288500.0
713,2021-10-05 03:10:12,24200.0,300.0,286500.0
714,2021-10-05 03:10:03,24150.0,200.0,286200.0
715,2021-10-05 03:10:03,24150.0,300.0,286000.0
716,2021-10-05 03:10:00,24200.0,100.0,285700.0
717,2021-10-05 03:09:57,24150.0,100.0,285600.0
718,2021-10-05 03:09:57,24150.0,100.0,285500.0
719,2021-10-05 03:09:57,24150.0,100.0,285400.0
720,2021-10-05 03:09:57,24150.0,100.0,285300.0
721,2021-10-05 03:09:57,24150.0,4600.0,285200.0
722,2021-10-05 03:09:52,24150.0,400.0,280600.0
723,2021-10-05 03:09:52,24150.0,4600.0,280200.0
724,2021-10-05 03:09:27,24200.0,200.0,275600.0
725,2021-10-05 03:07:59,24200.0,1000.0,275400.0
726,2021-10-05 03:05:57,24150.0,400.0,274400.0
727,2021-10-05 03:05:57,24150.0,100.0,274000.0
728,2021-10-05 03:05:54,24200.0,300.0,273900.0
729,2021-10-05 03:05:54,24200.0,100.0,273600.0
730,2021-10-05 03:05:54,24200.0,2700.0,273500.0
731,2021-10-05 03:05:54,24200.0,900.0,270800.0
732,2021-10-05 03:05:52,24150.0,4300.0,269900.0
733,2021-10-05 03:05:52,24150.0,100.0,265600.0
734,2021-10-05 03:05:52,24150.0,600.0,265500.0
735,2021-10-05 03:05:12,24200.0,100.0,264900.0
736,2021-10-05 03:05:12,24200.0,900.0,264800.0
737,2021-10-05 03:03:54,24150.0,100.0,263900.0
738,2021-10-05 03:02:51,24200.0,1000.0,263800.0
739,2021-10-05 03:02:05,24150.0,300.0,262800.0
740,2021-10-05 03:02:05,24150.0,1700.0,262500.0
741,2021-10-05 03:02:00,24150.0,300.0,260800.0
742,2021-10-05 03:02:00,24150.0,500.0,260500.0
743,2021-10-05 03:02:00,24150.0,1000.0,260000.0
744,2021-10-05 03:02:00,24150.0,2400.0,259000.0
745,2021-10-05 03:00:27,24150.0,5000.0,256600.0
746,2021-10-05 02:57:36,24150.0,2600.0,251600.0
747,2021-10-05 02:57:36,24150.0,100.0,249000.0
748,2021-10-05 02:57:10,24200.0,100.0,248900.0
749,2021-10-05 02:56:29,24150.0,2000.0,248800.0
750,2021-10-05 02:56:29,24150.0,1000.0,246800.0
751,2021-10-05 02:56:29,24150.0,100.0,245800.0
752,2021-10-05 02:56:29,24150.0,1000.0,245700.0
753,2021-10-05 02:56:29,24150.0,900.0,244700.0
754,2021-10-05 02:55:45,24200.0,500.0,243800.0
755,2021-10-05 02:55:00,24200.0,100.0,243300.0
756,2021-10-05 02:54:48,24150.0,100.0,243200.0
757,2021-10-05 02:54:48,24150.0,2600.0,243100.0
758,2021-10-05 02:54:18,24150.0,200.0,240500.0
759,2021-10-05 02:53:50,24150.0,5200.0,240300.0
760,2021-10-05 02:53:48,24150.0,1000.0,235100.0
761,2021-10-05 02:53:41,24200.0,1000.0,234100.0
762,2021-10-05 02:53:37,24200.0,1000.0,233100.0
763,2021-10-05 02:53:37,24200.0,400.0,232100.0
764,2021-10-05 02:53:04,24200.0,600.0,231700.0
765,2021-10-05 02:53:04,24200.0,1000.0,231100.0
766,2021-10-05 02:53:04,24200.0,400.0,230100.0
767,2021-10-05 02:52:42,24200.0,500.0,229700.0
768,2021-10-05 02:52:12,24250.0,100.0,229200.0
769,2021-10-05 02:51:54,24200.0,100.0,229100.0
770,2021-10-05 02:51:40,24150.0,100.0,229000.0
771,2021-10-05 02:51:15,24250.0,700.0,228900.0
772,2021-10-05 02:51:15,24250.0,700.0,228200.0
773,2021-10-05 02:50:51,24250.0,200.0,227500.0
774,2021-10-05 02:50:21,24150.0,900.0,227300.0
775,2021-10-05 02:50:21,24150.0,100.0,226400.0
776,2021-10-05 02:49:58,24250.0,100.0,226300.0
777,2021-10-05 02:49:35,24250.0,300.0,226200.0
778,2021-10-05 02:49:12,24250.0,500.0,225900.0
779,2021-10-05 02:49:12,24250.0,3000.0,225400.0
780,2021-10-05 02:49:12,24250.0,100.0,222400.0
781,2021-10-05 02:48:50,24100.0,1600.0,222300.0
782,2021-10-05 02:48:50,24150.0,1000.0,220700.0
783,2021-10-05 02:48:50,24150.0,1000.0,219700.0
784,2021-10-05 02:48:32,24150.0,400.0,218700.0
785,2021-10-05 02:48:32,24150.0,100.0,218300.0
786,2021-10-05 02:48:32,24150.0,500.0,218200.0
787,2021-10-05 02:48:32,24150.0,2600.0,217700.0
788,2021-10-05 02:48:17,24150.0,3600.0,215100.0
789,2021-10-05 02:48:05,24150.0,1800.0,211500.0
790,2021-10-05 02:48:05,24150.0,1200.0,209700.0
791,2021-10-05 02:48:05,24150.0,500.0,208500.0
792,2021-10-05 02:48:05,24200.0,100.0,208000.0
793,2021-10-05 02:47:59,24250.0,100.0,207900.0
794,2021-10-05 02:47:00,24200.0,400.0,207800.0
795,2021-10-05 02:46:56,24200.0,200.0,207400.0
796,2021-10-05 02:46:56,24200.0,200.0,207200.0
797,2021-10-05 02:46:56,24200.0,200.0,207000.0
798,2021-10-05 02:46:51,24250.0,200.0,206800.0
799,2021-10-05 02:46:32,24250.0,100.0,206600.0
800,2021-10-05 02:45:37,24250.0,500.0,206500.0
801,2021-10-05 02:45:37,24200.0,800.0,206000.0
802,2021-10-05 02:45:37,24200.0,400.0,205200.0
803,2021-10-05 02:45:37,24200.0,300.0,204800.0
804,2021-10-05 02:45:37,24200.0,500.0,204500.0
805,2021-10-05 02:45:37,24200.0,1100.0,204000.0
806,2021-10-05 02:45:37,24200.0,1900.0,202900.0
807,2021-10-05 02:45:29,24250.0,2000.0,201000.0
808,2021-10-05 02:45:29,24250.0,3000.0,199000.0
809,2021-10-05 02:43:41,24300.0,200.0,196000.0
810,2021-10-05 02:43:41,24250.0,100.0,195800.0
811,2021-10-05 02:42:47,24250.0,300.0,195700.0
812,2021-10-05 02:42:47,24250.0,4600.0,195400.0
813,2021-10-05 02:42:08,24250.0,400.0,190800.0
814,2021-10-05 02:41:57,24200.0,3100.0,190400.0
815,2021-10-05 02:41:57,24200.0,400.0,187300.0
816,2021-10-05 02:41:12,24200.0,500.0,186900.0
817,2021-10-05 02:40:56,24250.0,1200.0,186400.0
818,2021-10-05 02:40:55,24200.0,100.0,185200.0
819,2021-10-05 02:40:28,24250.0,100.0,185100.0
820,2021-10-05 02:40:04,24250.0,1300.0,185000.0
821,2021-10-05 02:40:04,24200.0,3000.0,183700.0
822,2021-10-05 02:40:04,24200.0,700.0,180700.0
823,2021-10-05 02:39:59,24200.0,100.0,180000.0
824,2021-10-05 02:39:51,24200.0,100.0,179900.0
825,2021-10-05 02:39:42,24200.0,100.0,179800.0
826,2021-10-05 02:39:38,24100.0,500.0,179700.0
827,2021-10-05 02:39:38,24150.0,200.0,179200.0
828,2021-10-05 02:39:38,24150.0,100.0,179000.0
829,2021-10-05 02:39:38,24150.0,500.0,178900.0
830,2021-10-05 02:39:38,24150.0,100.0,178400.0
831,2021-10-05 02:39:38,24150.0,400.0,178300.0
832,2021-10-05 02:39:38,24150.0,100.0,177900.0
833,2021-10-05 02:39:38,24150.0,200.0,177800.0
834,2021-10-05 02:39:38,24150.0,100.0,177600.0
835,2021-10-05 02:39:38,24150.0,100.0,177500.0
836,2021-10-05 02:39:38,24150.0,1000.0,177400.0
837,2021-10-05 02:39:38,24150.0,100.0,176400.0
838,2021-10-05 02:39:38,24200.0,200.0,176300.0
839,2021-10-05 02:39:36,24200.0,200.0,176100.0
840,2021-10-05 02:39:32,24200.0,100.0,175900.0
841,2021-10-05 02:39:10,24200.0,100.0,175800.0
842,2021-10-05 02:39:00,24200.0,500.0,175700.0
843,2021-10-05 02:38:42,24200.0,600.0,175200.0
844,2021-10-05 02:38:13,24200.0,100.0,174600.0
845,2021-10-05 02:38:09,24200.0,900.0,174500.0
846,2021-10-05 02:37:32,24200.0,200.0,173600.0
847,2021-10-05 02:37:31,24150.0,200.0,173400.0
848,2021-10-05 02:37:31,24150.0,900.0,173200.0
849,2021-10-05 02:37:26,24200.0,300.0,172300.0
850,2021-10-05 02:37:11,24150.0,100.0,172000.0
851,2021-10-05 02:37:08,24150.0,100.0,171900.0
852,2021-10-05 02:37:00,24150.0,100.0,171800.0
853,2021-10-05 02:36:54,24150.0,500.0,171700.0
854,2021-10-05 02:36:54,24150.0,600.0,171200.0
855,2021-10-05 02:36:52,24150.0,1000.0,170600.0
856,2021-10-05 02:36:42,24150.0,400.0,169600.0
857,2021-10-05 02:36:39,24150.0,200.0,169200.0
858,2021-10-05 02:36:22,24100.0,3600.0,169000.0
859,2021-10-05 02:36:12,24100.0,3500.0,165400.0
860,2021-10-05 02:36:12,24150.0,100.0,161900.0
861,2021-10-05 02:36:02,24100.0,3600.0,161800.0
862,2021-10-05 02:35:53,24100.0,3600.0,158200.0
863,2021-10-05 02:35:43,24100.0,2200.0,154600.0
864,2021-10-05 02:35:43,24150.0,1000.0,152400.0
865,2021-10-05 02:35:43,24150.0,100.0,151400.0
866,2021-10-05 02:35:43,24150.0,100.0,151300.0
867,2021-10-05 02:35:43,24150.0,200.0,151200.0
868,2021-10-05 02:35:27,24150.0,2000.0,151000.0
869,2021-10-05 02:35:27,24150.0,1500.0,149000.0
870,2021-10-05 02:35:27,24200.0,100.0,147500.0
871,2021-10-05 02:35:17,24150.0,3500.0,147400.0
872,2021-10-05 02:35:17,24150.0,100.0,143900.0
873,2021-10-05 02:35:10,24200.0,500.0,143800.0
874,2021-10-05 02:35:10,24200.0,100.0,143300.0
875,2021-10-05 02:35:10,24200.0,1000.0,143200.0
876,2021-10-05 02:35:10,24200.0,800.0,142200.0
877,2021-10-05 02:35:10,24300.0,100.0,141400.0
878,2021-10-05 02:35:10,24300.0,2000.0,141300.0
879,2021-10-05 02:35:10,24350.0,100.0,139300.0
880,2021-10-05 02:35:10,24350.0,400.0,139200.0
881,2021-10-05 02:35:10,24350.0,200.0,138800.0
882,2021-10-05 02:35:10,24350.0,400.0,138600.0
883,2021-10-05 02:35:06,24350.0,200.0,138200.0
884,2021-10-05 02:35:01,24350.0,200.0,138000.0
885,2021-10-05 02:34:06,24350.0,1000.0,137800.0
886,2021-10-05 02:34:02,24200.0,3300.0,136800.0
887,2021-10-05 02:34:02,24300.0,300.0,133500.0
888,2021-10-05 02:33:34,24300.0,500.0,133200.0
889,2021-10-05 02:33:20,24200.0,1700.0,132700.0
890,2021-10-05 02:33:20,24300.0,400.0,131000.0
891,2021-10-05 02:33:14,24300.0,100.0,130600.0
892,2021-10-05 02:33:14,24300.0,1300.0,130500.0
893,2021-10-05 02:33:00,24300.0,2600.0,129200.0
894,2021-10-05 02:32:54,24300.0,100.0,126600.0
895,2021-10-05 02:32:49,24300.0,100.0,126500.0
896,2021-10-05 02:32:38,24300.0,900.0,126400.0
897,2021-10-05 02:32:31,24200.0,4200.0,125500.0
898,2021-10-05 02:32:31,24200.0,400.0,121300.0
899,2021-10-05 02:32:31,24200.0,100.0,120900.0
900,2021-10-05 02:32:31,24200.0,300.0,120800.0
901,2021-10-05 02:32:03,24200.0,100.0,120500.0
902,2021-10-05 02:31:22,24200.0,100.0,120400.0
903,2021-10-05 02:31:22,24200.0,500.0,120300.0
904,2021-10-05 02:31:22,24200.0,3000.0,119800.0
905,2021-10-05 02:30:52,24200.0,2000.0,116800.0
906,2021-10-05 02:30:04,24100.0,2600.0,114800.0
907,2021-10-05 02:30:04,24150.0,1000.0,112200.0
908,2021-10-05 02:29:51,24100.0,3500.0,111200.0
909,2021-10-05 02:29:51,24200.0,100.0,107700.0
910,2021-10-05 02:29:48,24200.0,500.0,107600.0
911,2021-10-05 02:29:46,24200.0,100.0,107100.0
912,2021-10-05 02:29:46,24200.0,100.0,107000.0
913,2021-10-05 02:29:46,24200.0,400.0,106900.0
914,2021-10-05 02:29:46,24150.0,400.0,106500.0
915,2021-10-05 02:29:46,24150.0,1500.0,106100.0
916,2021-10-05 02:29:46,24150.0,200.0,104600.0
917,2021-10-05 02:29:46,24150.0,500.0,104400.0
918,2021-10-05 02:29:40,24100.0,3400.0,103900.0
919,2021-10-05 02:29:40,24100.0,200.0,100500.0
920,2021-10-05 02:29:30,24100.0,1800.0,100300.0
921,2021-10-05 02:29:30,24100.0,1800.0,98500.0
922,2021-10-05 02:29:16,24100.0,200.0,96700.0
923,2021-10-05 02:29:11,24100.0,3000.0,96500.0
924,2021-10-05 02:29:11,24100.0,100.0,93500.0
925,2021-10-05 02:29:11,24100.0,500.0,93400.0
926,2021-10-05 02:29:11,24100.0,2000.0,92900.0
927,2021-10-05 02:29:02,24100.0,3600.0,90900.0
928,2021-10-05 02:28:42,24150.0,200.0,87300.0
929,2021-10-05 02:28:41,24150.0,100.0,87100.0
930,2021-10-05 02:28:37,24150.0,200.0,87000.0
931,2021-10-05 02:28:27,24150.0,100.0,86800.0
932,2021-10-05 02:28:22,24150.0,300.0,86700.0
933,2021-10-05 02:28:22,24150.0,1000.0,86400.0
934,2021-10-05 02:28:08,24150.0,1000.0,85400.0
935,2021-10-05 02:27:54,24150.0,500.0,84400.0
936,2021-10-05 02:27:43,24150.0,100.0,83900.0
937,2021-10-05 02:27:42,24150.0,100.0,83800.0
938,2021-10-05 02:27:36,24150.0,100.0,83700.0
939,2021-10-05 02:27:36,24150.0,100.0,83600.0
940,2021-10-05 02:27:14,24150.0,100.0,83500.0
941,2021-10-05 02:27:04,24150.0,500.0,83400.0
942,2021-10-05 02:26:44,24150.0,100.0,82900.0
943,2021-10-05 02:26:35,24100.0,300.0,82800.0
944,2021-10-05 02:26:25,24150.0,300.0,82500.0
945,2021-10-05 02:26:08,24150.0,1000.0,82200.0
946,2021-10-05 02:26:05,24100.0,600.0,81200.0
947,2021-10-05 02:26:03,24150.0,100.0,80600.0
948,2021-10-05 02:25:41,24150.0,500.0,80500.0
949,2021-10-05 02:25:38,24150.0,300.0,80000.0
950,2021-10-05 02:25:26,24150.0,200.0,79700.0
951,2021-10-05 02:25:20,24150.0,1000.0,79500.0
952,2021-10-05 02:25:20,24150.0,500.0,78500.0
953,2021-10-05 02:25:10,24200.0,200.0,78000.0
954,2021-10-05 02:24:13,24100.0,1000.0,77800.0
955,2021-10-05 02:24:13,24100.0,900.0,76800.0
956,2021-10-05 02:24:13,24100.0,100.0,75900.0
957,2021-10-05 02:24:13,24100.0,200.0,75800.0
958,2021-10-05 02:24:13,24100.0,800.0,75600.0
959,2021-10-05 02:24:13,24150.0,1000.0,74800.0
960,2021-10-05 02:24:13,24150.0,1200.0,73800.0
961,2021-10-05 02:23:32,24400.0,1500.0,72600.0
962,2021-10-05 02:23:25,24450.0,100.0,71100.0
963,2021-10-05 02:23:16,24400.0,100.0,71000.0
964,2021-10-05 02:23:16,24400.0,1000.0,70900.0
965,2021-10-05 02:23:16,24350.0,1000.0,69900.0
966,2021-10-05 02:23:16,24300.0,1000.0,68900.0
967,2021-10-05 02:23:16,24300.0,1000.0,67900.0
968,2021-10-05 02:23:16,24300.0,100.0,66900.0
969,2021-10-05 02:23:16,24300.0,1000.0,66800.0
970,2021-10-05 02:23:16,24250.0,100.0,65800.0
971,2021-10-05 02:23:16,24250.0,1000.0,65700.0
972,2021-10-05 02:23:16,24200.0,1500.0,64700.0
973,2021-10-05 02:23:16,24200.0,500.0,63200.0
974,2021-10-05 02:23:16,24200.0,900.0,62700.0
975,2021-10-05 02:23:15,24100.0,100.0,61800.0
976,2021-10-05 02:22:50,24100.0,3300.0,61700.0
977,2021-10-05 02:22:42,24100.0,100.0,58400.0
978,2021-10-05 02:22:13,24100.0,100.0,58300.0
979,2021-10-05 02:21:58,24050.0,100.0,58200.0
980,2021-10-05 02:21:58,24050.0,100.0,58100.0
981,2021-10-05 02:21:58,24100.0,100.0,58000.0
982,2021-10-05 02:21:53,24050.0,500.0,57900.0
983,2021-10-05 02:21:49,24050.0,500.0,57400.0
984,2021-10-05 02:21:46,24050.0,500.0,56900.0
985,2021-10-05 02:21:44,24050.0,500.0,56400.0
986,2021-10-05 02:21:43,24050.0,500.0,55900.0
987,2021-10-05 02:21:41,24050.0,500.0,55400.0
988,2021-10-05 02:21:36,24050.0,500.0,54900.0
989,2021-10-05 02:21:34,24050.0,500.0,54400.0
990,2021-10-05 02:21:30,24050.0,500.0,53900.0
991,2021-10-05 02:21:27,24050.0,500.0,53400.0
992,2021-10-05 02:21:18,24200.0,300.0,52900.0
993,2021-10-05 02:21:11,24050.0,500.0,52600.0
994,2021-10-05 02:21:07,24050.0,5200.0,52100.0
995,2021-10-05 02:20:55,24050.0,3500.0,46900.0
996,2021-10-05 02:20:55,24050.0,200.0,43400.0
997,2021-10-05 02:20:23,24000.0,500.0,43200.0
998,2021-10-05 02:20:23,24050.0,100.0,42700.0
999,2021-10-05 02:20:23,24050.0,200.0,42600.0
1000,2021-10-05 02:20:23,24050.0,300.0,42400.0
1001,2021-10-05 02:20:23,24100.0,300.0,42100.0
1002,2021-10-05 02:20:23,24100.0,1000.0,41800.0
1003,2021-10-05 02:20:23,24100.0,200.0,40800.0
1004,2021-10-05 02:20:23,24100.0,400.0,40600.0
1005,2021-10-05 02:20:23,24100.0,200.0,40200.0
1006,2021-10-05 02:20:23,24100.0,800.0,40000.0
1007,2021-10-05 02:20:23,24100.0,100.0,39200.0
1008,2021-10-05 02:20:23,24100.0,200.0,39100.0
1009,2021-10-05 02:20:23,24100.0,100.0,38900.0
1010,2021-10-05 02:20:23,24100.0,800.0,38800.0
1011,2021-10-05 02:20:18,24100.0,200.0,38000.0
1012,2021-10-05 02:20:18,24100.0,1000.0,37800.0
1013,2021-10-05 02:20:18,24100.0,100.0,36800.0
1014,2021-10-05 02:20:18,24100.0,200.0,36700.0
1015,2021-10-05 02:20:18,24100.0,100.0,36500.0
1016,2021-10-05 02:20:18,24100.0,600.0,36400.0
1017,2021-10-05 02:20:18,24100.0,400.0,35800.0
1018,2021-10-05 02:20:18,24100.0,400.0,35400.0
1019,2021-10-05 02:20:18,24100.0,400.0,35000.0
1020,2021-10-05 02:20:18,24100.0,100.0,34600.0
1021,2021-10-05 02:20:18,24100.0,200.0,34500.0
1022,2021-10-05 02:20:12,24100.0,700.0,34300.0
1023,2021-10-05 02:20:07,24100.0,500.0,33600.0
1024,2021-10-05 02:20:06,24100.0,100.0,33100.0
1025,2021-10-05 02:20:06,24100.0,400.0,33000.0
1026,2021-10-05 02:19:59,24100.0,300.0,32600.0
1027,2021-10-05 02:19:56,24100.0,300.0,32300.0
1028,2021-10-05 02:19:56,24150.0,1000.0,32000.0
1029,2021-10-05 02:19:56,24150.0,300.0,31000.0
1030,2021-10-05 02:19:56,24150.0,100.0,30700.0
1031,2021-10-05 02:19:56,24150.0,2400.0,30600.0
1032,2021-10-05 02:19:56,24150.0,1000.0,28200.0
1033,2021-10-05 02:19:56,24150.0,100.0,27200.0
1034,2021-10-05 02:19:55,24150.0,300.0,27100.0
1035,2021-10-05 02:19:52,24150.0,300.0,26800.0
1036,2021-10-05 02:19:49,24150.0,300.0,26500.0
1037,2021-10-05 02:19:46,24150.0,300.0,26200.0
1038,2021-10-05 02:19:42,24150.0,300.0,25900.0
1039,2021-10-05 02:19:39,24150.0,300.0,25600.0
1040,2021-10-05 02:19:35,24150.0,300.0,25300.0
1041,2021-10-05 02:19:33,24150.0,2800.0,25000.0
1042,2021-10-05 02:19:33,24150.0,200.0,22200.0
1043,2021-10-05 02:19:33,24150.0,2000.0,22000.0
1044,2021-10-05 02:19:33,24150.0,200.0,20000.0
1045,2021-10-05 02:19:33,24150.0,300.0,19800.0
1046,2021-10-05 02:19:22,24150.0,200.0,19500.0
1047,2021-10-05 02:19:22,24150.0,100.0,19300.0
1048,2021-10-05 02:19:19,24150.0,300.0,19200.0
1049,2021-10-05 02:19:12,24150.0,200.0,18900.0
1050,2021-10-05 02:19:01,24200.0,200.0,18700.0
1051,2021-10-05 02:19:01,24200.0,200.0,18500.0
1052,2021-10-05 02:18:44,24150.0,100.0,18300.0
1053,2021-10-05 02:18:09,24150.0,1300.0,18200.0
1054,2021-10-05 02:17:56,24150.0,400.0,16900.0
1055,2021-10-05 02:17:42,24150.0,100.0,16500.0
1056,2021-10-05 02:17:38,24150.0,100.0,16400.0
1057,2021-10-05 02:17:27,24150.0,800.0,16300.0
1058,2021-10-05 02:17:23,24150.0,100.0,15500.0
1059,2021-10-05 02:17:21,24150.0,100.0,15400.0
1060,2021-10-05 02:17:14,24150.0,500.0,15300.0
1061,2021-10-05 02:17:07,24150.0,2700.0,14800.0
1062,2021-10-05 02:16:45,24150.0,100.0,12100.0
1063,2021-10-05 02:16:45,24150.0,500.0,12000.0
1064,2021-10-05 02:16:45,24150.0,1000.0,11500.0
1065,2021-10-05 02:16:45,24150.0,100.0,10500.0
1066,2021-10-05 02:16:45,24150.0,100.0,10400.0
1067,2021-10-05 02:16:45,24150.0,500.0,10300.0
1068,2021-10-05 02:16:45,24150.0,500.0,9800.0
1069,2021-10-05 02:16:45,24150.0,500.0,9300.0
1070,2021-10-05 02:16:43,24200.0,100.0,8800.0
1071,2021-10-05 02:15:10,24150.0,400.0,8700.0
1072,2021-10-05 02:15:10,24150.0,100.0,8300.0
1073,2021-10-05 02:15:03,24100.0,100.0,8200.0
1074,2021-10-05 02:15:00,24150.0,900.0,8100.0
1075,2021-10-05 02:15:00,24150.0,1000.0,7200.0
1076,2021-10-05 02:15:00,24150.0,100.0,6200.0
1077,2021-10-05 02:15:00,24150.0,100.0,6100.0
1078,2021-10-05 02:15:00,24150.0,1400.0,6000.0
1079,2021-10-05 02:15:00,24150.0,1100.0,4600.0
1080,2021-10-05 02:15:00,24150.0,200.0,3500.0
1081,2021-10-05 02:15:00,24150.0,200.0,3300.0
1082,2021-10-05 02:15:00,24150.0,100.0,3100.0
1083,2021-10-05 02:15:00,24150.0,100.0,3000.0
1084,2021-10-05 02:15:00,24150.0,600.0,2900.0
1085,2021-10-05 02:15:00,24150.0,400.0,2300.0
1086,2021-10-05 02:15:00,24150.0,200.0,1900.0
1087,2021-10-05 02:15:00,24150.0,200.0,1700.0
1088,2021-10-05 02:15:00,24150.0,200.0,1500.0
1089,2021-10-05 02:15:00,24150.0,300.0,1300.0
1090,2021-10-05 02:15:00,24150.0,200.0,1000.0
1091,2021-10-05 02:15:00,24150.0,800.0,800.0
