,Time,Price,Volume_per_trade,Volume
0,2021-10-06 07:45:00,24250.0,200.0,1221300.0
1,2021-10-06 07:45:00,24250.0,500.0,1221100.0
2,2021-10-06 07:45:00,24250.0,2600.0,1220600.0
3,2021-10-06 07:45:00,24250.0,8100.0,1218000.0
4,2021-10-06 07:45:00,24250.0,1900.0,1209900.0
5,2021-10-06 07:45:00,24250.0,200.0,1208000.0
6,2021-10-06 07:45:00,24250.0,900.0,1207800.0
7,2021-10-06 07:45:00,24250.0,2000.0,1206900.0
8,2021-10-06 07:45:00,24250.0,200.0,1204900.0
9,2021-10-06 07:45:00,24250.0,500.0,1204700.0
10,2021-10-06 07:45:00,24250.0,1000.0,1204200.0
11,2021-10-06 07:45:00,24250.0,3000.0,1203200.0
12,2021-10-06 07:45:00,24250.0,100.0,1200200.0
13,2021-10-06 07:45:00,24250.0,1000.0,1200100.0
14,2021-10-06 07:45:00,24250.0,2100.0,1199100.0
15,2021-10-06 07:45:00,24250.0,1000.0,1197000.0
16,2021-10-06 07:45:00,24250.0,500.0,1196000.0
17,2021-10-06 07:45:00,24250.0,5700.0,1195500.0
18,2021-10-06 07:45:00,24250.0,600.0,1189800.0
19,2021-10-06 07:45:00,24250.0,700.0,1189200.0
20,2021-10-06 07:45:00,24250.0,300.0,1188500.0
21,2021-10-06 07:45:00,24250.0,100.0,1188200.0
22,2021-10-06 07:45:00,24250.0,900.0,1188100.0
23,2021-10-06 07:45:00,24250.0,700.0,1187200.0
24,2021-10-06 07:29:18,24250.0,300.0,1186500.0
25,2021-10-06 07:29:18,24250.0,10800.0,1186200.0
26,2021-10-06 07:29:16,24250.0,100.0,1175400.0
27,2021-10-06 07:28:54,24250.0,500.0,1175300.0
28,2021-10-06 07:28:40,24250.0,100.0,1174800.0
29,2021-10-06 07:28:30,24200.0,1000.0,1174700.0
30,2021-10-06 07:27:43,24250.0,100.0,1173700.0
31,2021-10-06 07:27:42,24250.0,400.0,1173600.0
32,2021-10-06 07:27:26,24200.0,1000.0,1173200.0
33,2021-10-06 07:27:07,24250.0,100.0,1172200.0
34,2021-10-06 07:27:05,24250.0,400.0,1172100.0
35,2021-10-06 07:27:01,24200.0,4200.0,1171700.0
36,2021-10-06 07:26:50,24250.0,1000.0,1167500.0
37,2021-10-06 07:26:37,24250.0,100.0,1166500.0
38,2021-10-06 07:26:18,24200.0,1600.0,1166400.0
39,2021-10-06 07:26:18,24200.0,1000.0,1164800.0
40,2021-10-06 07:26:18,24200.0,100.0,1163800.0
41,2021-10-06 07:26:18,24200.0,300.0,1163700.0
42,2021-10-06 07:26:17,24250.0,500.0,1163400.0
43,2021-10-06 07:25:58,24250.0,3000.0,1162900.0
44,2021-10-06 07:25:58,24250.0,2900.0,1159900.0
45,2021-10-06 07:25:41,24300.0,100.0,1157000.0
46,2021-10-06 07:24:47,24200.0,200.0,1156900.0
47,2021-10-06 07:24:47,24250.0,2000.0,1156700.0
48,2021-10-06 07:24:47,24250.0,300.0,1154700.0
49,2021-10-06 07:24:47,24250.0,400.0,1154400.0
50,2021-10-06 07:24:47,24250.0,1000.0,1154000.0
51,2021-10-06 07:24:47,24250.0,100.0,1153000.0
52,2021-10-06 07:24:47,24250.0,200.0,1152900.0
53,2021-10-06 07:23:53,24250.0,1500.0,1152700.0
54,2021-10-06 07:23:51,24250.0,1000.0,1151200.0
55,2021-10-06 07:23:15,24300.0,100.0,1150200.0
56,2021-10-06 07:23:03,24250.0,300.0,1150100.0
57,2021-10-06 07:22:57,24250.0,200.0,1149800.0
58,2021-10-06 07:22:34,24250.0,1800.0,1149600.0
59,2021-10-06 07:22:34,24250.0,1000.0,1147800.0
60,2021-10-06 07:22:34,24250.0,200.0,1146800.0
61,2021-10-06 07:22:34,24250.0,500.0,1146600.0
62,2021-10-06 07:22:34,24250.0,100.0,1146100.0
63,2021-10-06 07:22:34,24250.0,100.0,1146000.0
64,2021-10-06 07:22:34,24250.0,500.0,1145900.0
65,2021-10-06 07:22:23,24300.0,100.0,1145400.0
66,2021-10-06 07:21:24,24300.0,100.0,1145300.0
67,2021-10-06 07:20:20,24200.0,500.0,1145200.0
68,2021-10-06 07:20:20,24200.0,100.0,1144700.0
69,2021-10-06 07:20:20,24250.0,200.0,1144600.0
70,2021-10-06 07:20:20,24250.0,100.0,1144400.0
71,2021-10-06 07:20:20,24250.0,2000.0,1144300.0
72,2021-10-06 07:20:20,24250.0,200.0,1142300.0
73,2021-10-06 07:20:20,24250.0,200.0,1142100.0
74,2021-10-06 07:20:20,24250.0,200.0,1141900.0
75,2021-10-06 07:20:20,24250.0,200.0,1141700.0
76,2021-10-06 07:20:20,24250.0,200.0,1141500.0
77,2021-10-06 07:20:20,24250.0,300.0,1141300.0
78,2021-10-06 07:18:06,24250.0,100.0,1141000.0
79,2021-10-06 07:18:06,24250.0,100.0,1140900.0
80,2021-10-06 07:18:06,24250.0,1000.0,1140800.0
81,2021-10-06 07:18:06,24250.0,200.0,1139800.0
82,2021-10-06 07:18:06,24250.0,500.0,1139600.0
83,2021-10-06 07:18:06,24250.0,1000.0,1139100.0
84,2021-10-06 07:18:06,24250.0,100.0,1138100.0
85,2021-10-06 07:18:06,24250.0,100.0,1138000.0
86,2021-10-06 07:18:06,24250.0,1000.0,1137900.0
87,2021-10-06 07:18:06,24250.0,100.0,1136900.0
88,2021-10-06 07:18:02,24300.0,300.0,1136800.0
89,2021-10-06 07:18:02,24300.0,100.0,1136500.0
90,2021-10-06 07:17:36,24300.0,100.0,1136400.0
91,2021-10-06 07:17:18,24300.0,100.0,1136300.0
92,2021-10-06 07:16:06,24250.0,2500.0,1136200.0
93,2021-10-06 07:15:53,24250.0,2400.0,1133700.0
94,2021-10-06 07:15:53,24250.0,500.0,1131300.0
95,2021-10-06 07:15:53,24250.0,1400.0,1130800.0
96,2021-10-06 07:15:50,24300.0,100.0,1129400.0
97,2021-10-06 07:15:50,24300.0,400.0,1129300.0
98,2021-10-06 07:14:46,24300.0,600.0,1128900.0
99,2021-10-06 07:14:46,24300.0,4400.0,1128300.0
100,2021-10-06 07:14:28,24250.0,2500.0,1123900.0
101,2021-10-06 07:14:28,24250.0,5000.0,1121400.0
102,2021-10-06 07:14:28,24250.0,500.0,1116400.0
103,2021-10-06 07:14:28,24250.0,2000.0,1115900.0
104,2021-10-06 07:14:24,24300.0,100.0,1113900.0
105,2021-10-06 07:14:24,24250.0,1700.0,1113800.0
106,2021-10-06 07:13:39,24250.0,2300.0,1112100.0
107,2021-10-06 07:13:39,24250.0,100.0,1109800.0
108,2021-10-06 07:13:39,24250.0,200.0,1109700.0
109,2021-10-06 07:13:39,24250.0,300.0,1109500.0
110,2021-10-06 07:13:09,24300.0,100.0,1109200.0
111,2021-10-06 07:12:28,24250.0,500.0,1109100.0
112,2021-10-06 07:12:28,24250.0,700.0,1108600.0
113,2021-10-06 07:12:28,24250.0,500.0,1107900.0
114,2021-10-06 07:12:28,24250.0,1100.0,1107400.0
115,2021-10-06 07:11:07,24250.0,700.0,1106300.0
116,2021-10-06 07:10:24,24250.0,200.0,1105600.0
117,2021-10-06 07:10:24,24250.0,200.0,1105400.0
118,2021-10-06 07:10:24,24250.0,200.0,1105200.0
119,2021-10-06 07:10:24,24250.0,2200.0,1105000.0
120,2021-10-06 07:10:08,24250.0,1500.0,1102800.0
121,2021-10-06 07:09:20,24300.0,200.0,1101300.0
122,2021-10-06 07:08:01,24300.0,200.0,1101100.0
123,2021-10-06 07:07:59,24250.0,300.0,1100900.0
124,2021-10-06 07:07:08,24300.0,100.0,1100600.0
125,2021-10-06 07:06:48,24300.0,500.0,1100500.0
126,2021-10-06 07:06:41,24250.0,1000.0,1100000.0
127,2021-10-06 07:06:18,24250.0,1800.0,1099000.0
128,2021-10-06 07:06:18,24250.0,2800.0,1097200.0
129,2021-10-06 07:06:07,24250.0,400.0,1094400.0
130,2021-10-06 07:06:07,24250.0,200.0,1094000.0
131,2021-10-06 07:06:07,24250.0,1000.0,1093800.0
132,2021-10-06 07:06:07,24250.0,2000.0,1092800.0
133,2021-10-06 07:06:07,24250.0,100.0,1090800.0
134,2021-10-06 07:06:07,24250.0,100.0,1090700.0
135,2021-10-06 07:06:07,24250.0,100.0,1090600.0
136,2021-10-06 07:06:07,24250.0,500.0,1090500.0
137,2021-10-06 07:06:07,24250.0,1800.0,1090000.0
138,2021-10-06 07:06:07,24250.0,1000.0,1088200.0
139,2021-10-06 07:05:16,24300.0,100.0,1087200.0
140,2021-10-06 07:04:58,24300.0,100.0,1087100.0
141,2021-10-06 07:04:36,24300.0,300.0,1087000.0
142,2021-10-06 07:04:30,24300.0,100.0,1086700.0
143,2021-10-06 07:03:44,24300.0,300.0,1086600.0
144,2021-10-06 07:03:41,24300.0,1000.0,1086300.0
145,2021-10-06 07:03:15,24300.0,100.0,1085300.0
146,2021-10-06 07:02:22,24300.0,200.0,1085200.0
147,2021-10-06 07:02:11,24300.0,100.0,1085000.0
148,2021-10-06 07:01:56,24300.0,1000.0,1084900.0
149,2021-10-06 07:01:12,24300.0,100.0,1083900.0
150,2021-10-06 07:00:47,24300.0,1000.0,1083800.0
151,2021-10-06 07:00:47,24300.0,600.0,1082800.0
152,2021-10-06 07:00:42,24200.0,1000.0,1082200.0
153,2021-10-06 07:00:00,24200.0,100.0,1081200.0
154,2021-10-06 07:00:00,24200.0,1700.0,1081100.0
155,2021-10-06 07:00:00,24250.0,1000.0,1079400.0
156,2021-10-06 06:59:04,24200.0,1100.0,1078400.0
157,2021-10-06 06:58:54,24200.0,1300.0,1077300.0
158,2021-10-06 06:58:43,24200.0,900.0,1076000.0
159,2021-10-06 06:58:43,24200.0,100.0,1075100.0
160,2021-10-06 06:58:43,24200.0,100.0,1075000.0
161,2021-10-06 06:58:43,24200.0,500.0,1074900.0
162,2021-10-06 06:58:39,24200.0,100.0,1074400.0
163,2021-10-06 06:58:33,24200.0,400.0,1074300.0
164,2021-10-06 06:58:33,24200.0,100.0,1073900.0
165,2021-10-06 06:58:33,24200.0,500.0,1073800.0
166,2021-10-06 06:58:33,24200.0,200.0,1073300.0
167,2021-10-06 06:58:23,24200.0,300.0,1073100.0
168,2021-10-06 06:58:23,24200.0,900.0,1072800.0
169,2021-10-06 06:58:10,24200.0,1100.0,1071900.0
170,2021-10-06 06:58:10,24200.0,200.0,1070800.0
171,2021-10-06 06:58:10,24300.0,2000.0,1070600.0
172,2021-10-06 06:58:10,24250.0,1000.0,1068600.0
173,2021-10-06 06:58:00,24200.0,300.0,1067600.0
174,2021-10-06 06:58:00,24200.0,100.0,1067300.0
175,2021-10-06 06:58:00,24200.0,100.0,1067200.0
176,2021-10-06 06:58:00,24200.0,200.0,1067100.0
177,2021-10-06 06:58:00,24200.0,100.0,1066900.0
178,2021-10-06 06:58:00,24200.0,200.0,1066800.0
179,2021-10-06 06:58:00,24200.0,200.0,1066600.0
180,2021-10-06 06:58:00,24200.0,300.0,1066400.0
181,2021-10-06 06:57:54,24250.0,400.0,1066100.0
182,2021-10-06 06:57:54,24250.0,200.0,1065700.0
183,2021-10-06 06:57:54,24250.0,1000.0,1065500.0
184,2021-10-06 06:57:54,24250.0,200.0,1064500.0
185,2021-10-06 06:57:38,24250.0,800.0,1064300.0
186,2021-10-06 06:57:38,24250.0,100.0,1063500.0
187,2021-10-06 06:57:24,24250.0,100.0,1063400.0
188,2021-10-06 06:57:24,24250.0,1300.0,1063300.0
189,2021-10-06 06:57:12,24250.0,1100.0,1062000.0
190,2021-10-06 06:56:57,24250.0,600.0,1060900.0
191,2021-10-06 06:56:57,24250.0,800.0,1060300.0
192,2021-10-06 06:56:44,24300.0,300.0,1059500.0
193,2021-10-06 06:56:28,24250.0,200.0,1059200.0
194,2021-10-06 06:56:28,24250.0,200.0,1059000.0
195,2021-10-06 06:56:19,24250.0,2400.0,1058800.0
196,2021-10-06 06:56:19,24250.0,100.0,1056400.0
197,2021-10-06 06:56:19,24250.0,400.0,1056300.0
198,2021-10-06 06:56:19,24250.0,2100.0,1055900.0
199,2021-10-06 06:55:27,24250.0,100.0,1053800.0
200,2021-10-06 06:54:52,24250.0,600.0,1053700.0
201,2021-10-06 06:54:52,24250.0,400.0,1053100.0
202,2021-10-06 06:54:42,24250.0,600.0,1052700.0
203,2021-10-06 06:54:42,24250.0,100.0,1052100.0
204,2021-10-06 06:54:42,24250.0,300.0,1052000.0
205,2021-10-06 06:53:49,24250.0,100.0,1051700.0
206,2021-10-06 06:53:45,24200.0,500.0,1051600.0
207,2021-10-06 06:53:45,24200.0,2300.0,1051100.0
208,2021-10-06 06:53:31,24200.0,700.0,1048800.0
209,2021-10-06 06:53:31,24200.0,700.0,1048100.0
210,2021-10-06 06:53:25,24200.0,100.0,1047400.0
211,2021-10-06 06:53:25,24200.0,100.0,1047300.0
212,2021-10-06 06:53:15,24250.0,100.0,1047200.0
213,2021-10-06 06:52:49,24250.0,1000.0,1047100.0
214,2021-10-06 06:52:43,24250.0,100.0,1046100.0
215,2021-10-06 06:52:12,24250.0,100.0,1046000.0
216,2021-10-06 06:52:11,24200.0,100.0,1045900.0
217,2021-10-06 06:51:54,24200.0,100.0,1045800.0
218,2021-10-06 06:51:52,24200.0,1000.0,1045700.0
219,2021-10-06 06:51:47,24200.0,100.0,1044700.0
220,2021-10-06 06:51:42,24200.0,100.0,1044600.0
221,2021-10-06 06:51:42,24200.0,2000.0,1044500.0
222,2021-10-06 06:51:42,24200.0,200.0,1042500.0
223,2021-10-06 06:51:42,24200.0,100.0,1042300.0
224,2021-10-06 06:51:42,24200.0,100.0,1042200.0
225,2021-10-06 06:51:42,24200.0,200.0,1042100.0
226,2021-10-06 06:51:42,24200.0,20000.0,1041900.0
227,2021-10-06 06:51:42,24200.0,200.0,1021900.0
228,2021-10-06 06:51:42,24200.0,200.0,1021700.0
229,2021-10-06 06:51:42,24200.0,2000.0,1021500.0
230,2021-10-06 06:51:42,24200.0,100.0,1019500.0
231,2021-10-06 06:51:42,24200.0,100.0,1019400.0
232,2021-10-06 06:51:42,24200.0,200.0,1019300.0
233,2021-10-06 06:51:42,24200.0,200.0,1019100.0
234,2021-10-06 06:51:42,24200.0,1000.0,1018900.0
235,2021-10-06 06:51:42,24200.0,2000.0,1017900.0
236,2021-10-06 06:51:38,24250.0,100.0,1015900.0
237,2021-10-06 06:51:36,24250.0,2700.0,1015800.0
238,2021-10-06 06:51:36,24250.0,1300.0,1013100.0
239,2021-10-06 06:51:22,24250.0,2000.0,1011800.0
240,2021-10-06 06:51:22,24200.0,10000.0,1009800.0
241,2021-10-06 06:51:06,24250.0,100.0,999800.0
242,2021-10-06 06:51:02,24250.0,1000.0,999700.0
243,2021-10-06 06:50:40,24250.0,100.0,998700.0
244,2021-10-06 06:49:45,24200.0,2500.0,998600.0
245,2021-10-06 06:49:20,24250.0,200.0,996100.0
246,2021-10-06 06:49:00,24250.0,100.0,995900.0
247,2021-10-06 06:48:53,24250.0,100.0,995800.0
248,2021-10-06 06:48:45,24250.0,600.0,995700.0
249,2021-10-06 06:48:45,24250.0,200.0,995100.0
250,2021-10-06 06:48:45,24250.0,200.0,994900.0
251,2021-10-06 06:48:45,24250.0,4100.0,994700.0
252,2021-10-06 06:48:11,24300.0,100.0,990600.0
253,2021-10-06 06:47:55,24250.0,1100.0,990500.0
254,2021-10-06 06:47:32,24250.0,2800.0,989400.0
255,2021-10-06 06:46:30,24250.0,2600.0,986600.0
256,2021-10-06 06:46:30,24250.0,2800.0,984000.0
257,2021-10-06 06:46:30,24250.0,2500.0,981200.0
258,2021-10-06 06:46:30,24250.0,2800.0,978700.0
259,2021-10-06 06:46:30,24250.0,100.0,975900.0
260,2021-10-06 06:46:30,24250.0,10000.0,975800.0
261,2021-10-06 06:46:30,24250.0,200.0,965800.0
262,2021-10-06 06:46:30,24250.0,2800.0,965600.0
263,2021-10-06 06:46:30,24250.0,500.0,962800.0
264,2021-10-06 06:46:30,24250.0,2900.0,962300.0
265,2021-10-06 06:46:30,24250.0,1000.0,959400.0
266,2021-10-06 06:46:30,24250.0,2800.0,958400.0
267,2021-10-06 06:46:30,24250.0,500.0,955600.0
268,2021-10-06 06:46:30,24250.0,2800.0,955100.0
269,2021-10-06 06:46:30,24250.0,500.0,952300.0
270,2021-10-06 06:46:30,24250.0,100.0,951800.0
271,2021-10-06 06:46:30,24250.0,2100.0,951700.0
272,2021-10-06 06:46:27,24250.0,700.0,949600.0
273,2021-10-06 06:46:27,24250.0,2900.0,948900.0
274,2021-10-06 06:46:27,24250.0,100.0,946000.0
275,2021-10-06 06:46:27,24250.0,1300.0,945900.0
276,2021-10-06 06:45:26,24250.0,800.0,944600.0
277,2021-10-06 06:44:39,24250.0,300.0,943800.0
278,2021-10-06 06:42:30,24250.0,100.0,943500.0
279,2021-10-06 06:42:22,24200.0,1000.0,943400.0
280,2021-10-06 06:42:12,24200.0,1000.0,942400.0
281,2021-10-06 06:41:55,24200.0,200.0,941400.0
282,2021-10-06 06:41:48,24200.0,1000.0,941200.0
283,2021-10-06 06:41:39,24200.0,300.0,940200.0
284,2021-10-06 06:41:39,24200.0,800.0,939900.0
285,2021-10-06 06:41:27,24200.0,200.0,939100.0
286,2021-10-06 06:41:27,24200.0,200.0,938900.0
287,2021-10-06 06:41:27,24200.0,500.0,938700.0
288,2021-10-06 06:41:27,24200.0,200.0,938200.0
289,2021-10-06 06:41:27,24200.0,600.0,938000.0
290,2021-10-06 06:41:27,24200.0,100.0,937400.0
291,2021-10-06 06:41:27,24200.0,500.0,937300.0
292,2021-10-06 06:41:27,24200.0,100.0,936800.0
293,2021-10-06 06:41:27,24200.0,900.0,936700.0
294,2021-10-06 06:41:27,24200.0,1600.0,935800.0
295,2021-10-06 06:41:27,24200.0,200.0,934200.0
296,2021-10-06 06:41:27,24200.0,300.0,934000.0
297,2021-10-06 06:41:27,24200.0,200.0,933700.0
298,2021-10-06 06:41:16,24200.0,100.0,933500.0
299,2021-10-06 06:41:16,24200.0,300.0,933400.0
300,2021-10-06 06:41:16,24200.0,200.0,933100.0
301,2021-10-06 06:41:16,24200.0,1000.0,932900.0
302,2021-10-06 06:41:16,24200.0,1000.0,931900.0
303,2021-10-06 06:41:16,24200.0,200.0,930900.0
304,2021-10-06 06:41:03,24200.0,100.0,930700.0
305,2021-10-06 06:41:00,24200.0,100.0,930600.0
306,2021-10-06 06:41:00,24200.0,100.0,930500.0
307,2021-10-06 06:41:00,24200.0,100.0,930400.0
308,2021-10-06 06:41:00,24200.0,200.0,930300.0
309,2021-10-06 06:41:00,24200.0,200.0,930100.0
310,2021-10-06 06:41:00,24200.0,400.0,929900.0
311,2021-10-06 06:40:43,24200.0,1500.0,929500.0
312,2021-10-06 06:40:36,24250.0,200.0,928000.0
313,2021-10-06 06:40:17,24250.0,500.0,927800.0
314,2021-10-06 06:40:05,24200.0,100.0,927300.0
315,2021-10-06 06:40:05,24200.0,100.0,927200.0
316,2021-10-06 06:40:05,24200.0,300.0,927100.0
317,2021-10-06 06:40:05,24200.0,100.0,926800.0
318,2021-10-06 06:40:05,24200.0,300.0,926700.0
319,2021-10-06 06:40:05,24200.0,300.0,926400.0
320,2021-10-06 06:40:05,24200.0,100.0,926100.0
321,2021-10-06 06:40:05,24200.0,100.0,926000.0
322,2021-10-06 06:40:05,24200.0,100.0,925900.0
323,2021-10-06 06:40:05,24200.0,500.0,925800.0
324,2021-10-06 06:40:05,24200.0,100.0,925300.0
325,2021-10-06 06:40:05,24200.0,4900.0,925200.0
326,2021-10-06 06:39:50,24250.0,1000.0,920300.0
327,2021-10-06 06:39:49,24200.0,900.0,919300.0
328,2021-10-06 06:39:37,24200.0,1000.0,918400.0
329,2021-10-06 06:39:36,24200.0,1000.0,917400.0
330,2021-10-06 06:38:38,24250.0,100.0,916400.0
331,2021-10-06 06:37:59,24200.0,1500.0,916300.0
332,2021-10-06 06:37:46,24250.0,100.0,914800.0
333,2021-10-06 06:37:15,24200.0,100.0,914700.0
334,2021-10-06 06:36:58,24250.0,100.0,914600.0
335,2021-10-06 06:36:38,24200.0,500.0,914500.0
336,2021-10-06 06:35:56,24250.0,100.0,914000.0
337,2021-10-06 06:35:41,24200.0,200.0,913900.0
338,2021-10-06 06:34:12,24250.0,100.0,913700.0
339,2021-10-06 06:33:51,24250.0,100.0,913600.0
340,2021-10-06 06:33:46,24250.0,1000.0,913500.0
341,2021-10-06 06:32:40,24250.0,200.0,912500.0
342,2021-10-06 06:32:35,24200.0,500.0,912300.0
343,2021-10-06 06:32:35,24200.0,500.0,911800.0
344,2021-10-06 06:32:35,24200.0,1800.0,911300.0
345,2021-10-06 06:32:24,24250.0,100.0,909500.0
346,2021-10-06 06:32:17,24200.0,100.0,909400.0
347,2021-10-06 06:32:08,24200.0,1100.0,909300.0
348,2021-10-06 06:32:08,24200.0,100.0,908200.0
349,2021-10-06 06:32:02,24200.0,900.0,908100.0
350,2021-10-06 06:31:48,24200.0,200.0,907200.0
351,2021-10-06 06:31:48,24200.0,1000.0,907000.0
352,2021-10-06 06:31:48,24200.0,100.0,906000.0
353,2021-10-06 06:31:46,24250.0,100.0,905900.0
354,2021-10-06 06:30:46,24250.0,100.0,905800.0
355,2021-10-06 06:30:43,24250.0,200.0,905700.0
356,2021-10-06 06:30:23,24250.0,200.0,905500.0
357,2021-10-06 06:29:49,24200.0,1400.0,905300.0
358,2021-10-06 06:29:49,24200.0,200.0,903900.0
359,2021-10-06 06:29:49,24200.0,300.0,903700.0
360,2021-10-06 06:29:35,24250.0,200.0,903400.0
361,2021-10-06 06:29:28,24200.0,2700.0,903200.0
362,2021-10-06 06:29:28,24200.0,100.0,900500.0
363,2021-10-06 06:29:28,24200.0,100.0,900400.0
364,2021-10-06 06:29:28,24200.0,200.0,900300.0
365,2021-10-06 06:29:27,24200.0,800.0,900100.0
366,2021-10-06 06:29:27,24200.0,100.0,899300.0
367,2021-10-06 06:29:27,24200.0,100.0,899200.0
368,2021-10-06 06:28:58,24200.0,400.0,899100.0
369,2021-10-06 06:28:58,24200.0,500.0,898700.0
370,2021-10-06 06:28:51,24200.0,500.0,898200.0
371,2021-10-06 06:28:51,24200.0,200.0,897700.0
372,2021-10-06 06:28:51,24200.0,100.0,897500.0
373,2021-10-06 06:28:51,24200.0,100.0,897400.0
374,2021-10-06 06:28:48,24200.0,100.0,897300.0
375,2021-10-06 06:28:48,24200.0,500.0,897200.0
376,2021-10-06 06:28:48,24200.0,100.0,896700.0
377,2021-10-06 06:28:48,24200.0,100.0,896600.0
378,2021-10-06 06:28:48,24200.0,100.0,896500.0
379,2021-10-06 06:28:48,24200.0,500.0,896400.0
380,2021-10-06 06:28:48,24200.0,200.0,895900.0
381,2021-10-06 06:28:48,24200.0,200.0,895700.0
382,2021-10-06 06:28:48,24200.0,500.0,895500.0
383,2021-10-06 06:28:48,24200.0,500.0,895000.0
384,2021-10-06 06:28:39,24200.0,1100.0,894500.0
385,2021-10-06 06:28:23,24200.0,500.0,893400.0
386,2021-10-06 06:28:23,24200.0,200.0,892900.0
387,2021-10-06 06:28:23,24200.0,200.0,892700.0
388,2021-10-06 06:28:23,24200.0,1000.0,892500.0
389,2021-10-06 06:28:23,24200.0,100.0,891500.0
390,2021-10-06 06:28:23,24200.0,100.0,891400.0
391,2021-10-06 06:28:23,24200.0,1900.0,891300.0
392,2021-10-06 06:28:19,24250.0,100.0,889400.0
393,2021-10-06 06:28:03,24200.0,1100.0,889300.0
394,2021-10-06 06:27:51,24200.0,1300.0,888200.0
395,2021-10-06 06:27:49,24200.0,100.0,886900.0
396,2021-10-06 06:27:43,24200.0,1100.0,886800.0
397,2021-10-06 06:27:33,24200.0,900.0,885700.0
398,2021-10-06 06:27:16,24200.0,1400.0,884800.0
399,2021-10-06 06:27:05,24200.0,1600.0,883400.0
400,2021-10-06 06:26:47,24200.0,1400.0,881800.0
401,2021-10-06 06:26:43,24200.0,2800.0,880400.0
402,2021-10-06 06:26:37,24200.0,1300.0,877600.0
403,2021-10-06 06:26:13,24200.0,100.0,876300.0
404,2021-10-06 06:26:10,24200.0,1100.0,876200.0
405,2021-10-06 06:25:54,24200.0,600.0,875100.0
406,2021-10-06 06:25:44,24200.0,1000.0,874500.0
407,2021-10-06 06:25:39,24200.0,1500.0,873500.0
408,2021-10-06 06:25:37,24200.0,800.0,872000.0
409,2021-10-06 06:25:37,24200.0,300.0,871200.0
410,2021-10-06 06:25:37,24200.0,200.0,870900.0
411,2021-10-06 06:25:30,24200.0,200.0,870700.0
412,2021-10-06 06:25:26,24200.0,100.0,870500.0
413,2021-10-06 06:25:23,24200.0,1000.0,870400.0
414,2021-10-06 06:25:23,24200.0,100.0,869400.0
415,2021-10-06 06:25:13,24200.0,100.0,869300.0
416,2021-10-06 06:25:13,24200.0,100.0,869200.0
417,2021-10-06 06:25:13,24200.0,100.0,869100.0
418,2021-10-06 06:25:13,24200.0,1000.0,869000.0
419,2021-10-06 06:25:13,24200.0,300.0,868000.0
420,2021-10-06 06:25:05,24200.0,900.0,867700.0
421,2021-10-06 06:25:02,24250.0,2000.0,866800.0
422,2021-10-06 06:24:53,24200.0,800.0,864800.0
423,2021-10-06 06:24:53,24200.0,200.0,864000.0
424,2021-10-06 06:24:53,24200.0,100.0,863800.0
425,2021-10-06 06:24:53,24200.0,200.0,863700.0
426,2021-10-06 06:24:53,24200.0,200.0,863500.0
427,2021-10-06 06:24:46,24200.0,200.0,863300.0
428,2021-10-06 06:24:46,24200.0,100.0,863100.0
429,2021-10-06 06:24:46,24200.0,1000.0,863000.0
430,2021-10-06 06:24:38,24200.0,100.0,862000.0
431,2021-10-06 06:24:38,24200.0,1000.0,861900.0
432,2021-10-06 06:24:38,24200.0,300.0,860900.0
433,2021-10-06 06:24:38,24200.0,100.0,860600.0
434,2021-10-06 06:24:38,24200.0,200.0,860500.0
435,2021-10-06 06:24:38,24200.0,500.0,860300.0
436,2021-10-06 06:24:38,24200.0,200.0,859800.0
437,2021-10-06 06:24:38,24200.0,500.0,859600.0
438,2021-10-06 06:24:34,24200.0,1300.0,859100.0
439,2021-10-06 06:24:21,24200.0,200.0,857800.0
440,2021-10-06 06:24:21,24200.0,500.0,857600.0
441,2021-10-06 06:24:21,24200.0,100.0,857100.0
442,2021-10-06 06:24:21,24200.0,500.0,857000.0
443,2021-10-06 06:24:21,24200.0,300.0,856500.0
444,2021-10-06 06:24:08,24200.0,700.0,856200.0
445,2021-10-06 06:24:08,24200.0,100.0,855500.0
446,2021-10-06 06:24:08,24200.0,100.0,855400.0
447,2021-10-06 06:24:08,24200.0,600.0,855300.0
448,2021-10-06 06:23:55,24200.0,900.0,854700.0
449,2021-10-06 06:23:45,24200.0,200.0,853800.0
450,2021-10-06 06:23:45,24200.0,100.0,853600.0
451,2021-10-06 06:23:45,24200.0,200.0,853500.0
452,2021-10-06 06:23:45,24200.0,100.0,853300.0
453,2021-10-06 06:23:45,24200.0,800.0,853200.0
454,2021-10-06 06:23:35,24200.0,1300.0,852400.0
455,2021-10-06 06:23:25,24200.0,900.0,851100.0
456,2021-10-06 06:23:15,24200.0,1500.0,850200.0
457,2021-10-06 06:23:03,24200.0,1000.0,848700.0
458,2021-10-06 06:23:01,24200.0,100.0,847700.0
459,2021-10-06 06:22:52,24200.0,1500.0,847600.0
460,2021-10-06 06:22:42,24200.0,1500.0,846100.0
461,2021-10-06 06:22:34,24200.0,500.0,844600.0
462,2021-10-06 06:22:34,24200.0,100.0,844100.0
463,2021-10-06 06:22:34,24200.0,100.0,844000.0
464,2021-10-06 06:22:34,24200.0,400.0,843900.0
465,2021-10-06 06:22:25,24250.0,1000.0,843500.0
466,2021-10-06 06:22:25,24250.0,3000.0,842500.0
467,2021-10-06 06:22:22,24200.0,600.0,839500.0
468,2021-10-06 06:22:22,24200.0,300.0,838900.0
469,2021-10-06 06:22:22,24200.0,500.0,838600.0
470,2021-10-06 06:22:14,24200.0,100.0,838100.0
471,2021-10-06 06:22:14,24200.0,1400.0,838000.0
472,2021-10-06 06:22:03,24200.0,600.0,836600.0
473,2021-10-06 06:22:03,24200.0,500.0,836000.0
474,2021-10-06 06:22:03,24200.0,100.0,835500.0
475,2021-10-06 06:22:03,24200.0,100.0,835400.0
476,2021-10-06 06:21:51,24200.0,400.0,835300.0
477,2021-10-06 06:21:51,24200.0,500.0,834900.0
478,2021-10-06 06:21:41,24200.0,1400.0,834400.0
479,2021-10-06 06:21:40,24200.0,200.0,833000.0
480,2021-10-06 06:21:32,24200.0,1500.0,832800.0
481,2021-10-06 06:21:26,24200.0,6400.0,831300.0
482,2021-10-06 06:21:26,24200.0,500.0,824900.0
483,2021-10-06 06:21:26,24200.0,500.0,824400.0
484,2021-10-06 06:21:26,24200.0,1700.0,823900.0
485,2021-10-06 06:21:26,24200.0,200.0,822200.0
486,2021-10-06 06:21:26,24200.0,1900.0,822000.0
487,2021-10-06 06:21:23,24200.0,1400.0,820100.0
488,2021-10-06 06:21:15,24200.0,2500.0,818700.0
489,2021-10-06 06:21:13,24200.0,1600.0,816200.0
490,2021-10-06 06:21:01,24200.0,1000.0,814600.0
491,2021-10-06 06:20:55,24200.0,1400.0,813600.0
492,2021-10-06 06:20:41,24200.0,200.0,812200.0
493,2021-10-06 06:20:41,24200.0,500.0,812000.0
494,2021-10-06 06:20:41,24200.0,100.0,811500.0
495,2021-10-06 06:20:41,24200.0,300.0,811400.0
496,2021-10-06 06:20:41,24200.0,500.0,811100.0
497,2021-10-06 06:20:31,24200.0,500.0,810600.0
498,2021-10-06 06:20:31,24200.0,1000.0,810100.0
499,2021-10-06 06:20:29,24250.0,100.0,809100.0
500,2021-10-06 06:20:29,24250.0,100.0,809000.0
501,2021-10-06 06:20:29,24250.0,1400.0,808900.0
502,2021-10-06 06:20:29,24250.0,2700.0,807500.0
503,2021-10-06 06:20:29,24250.0,100.0,804800.0
504,2021-10-06 06:20:29,24250.0,100.0,804700.0
505,2021-10-06 06:20:22,24250.0,200.0,804600.0
506,2021-10-06 06:20:22,24250.0,100.0,804400.0
507,2021-10-06 06:20:22,24250.0,600.0,804300.0
508,2021-10-06 06:20:22,24250.0,200.0,803700.0
509,2021-10-06 06:20:09,24250.0,500.0,803500.0
510,2021-10-06 06:20:09,24250.0,400.0,803000.0
511,2021-10-06 06:20:09,24250.0,200.0,802600.0
512,2021-10-06 06:20:09,24250.0,100.0,802400.0
513,2021-10-06 06:20:01,24250.0,900.0,802300.0
514,2021-10-06 06:20:01,24250.0,300.0,801400.0
515,2021-10-06 06:19:50,24250.0,200.0,801100.0
516,2021-10-06 06:19:50,24250.0,200.0,800900.0
517,2021-10-06 06:19:50,24250.0,100.0,800700.0
518,2021-10-06 06:19:50,24250.0,100.0,800600.0
519,2021-10-06 06:19:50,24250.0,500.0,800500.0
520,2021-10-06 06:19:42,24250.0,900.0,800000.0
521,2021-10-06 06:19:23,24250.0,1600.0,799100.0
522,2021-10-06 06:19:09,24250.0,900.0,797500.0
523,2021-10-06 06:18:59,24250.0,100.0,796600.0
524,2021-10-06 06:18:59,24250.0,300.0,796500.0
525,2021-10-06 06:18:59,24250.0,200.0,796200.0
526,2021-10-06 06:18:59,24250.0,100.0,796000.0
527,2021-10-06 06:18:59,24250.0,500.0,795900.0
528,2021-10-06 06:18:24,24250.0,500.0,795400.0
529,2021-10-06 06:18:24,24250.0,2400.0,794900.0
530,2021-10-06 06:18:21,24250.0,400.0,792500.0
531,2021-10-06 06:18:02,24250.0,1500.0,792100.0
532,2021-10-06 06:18:01,24250.0,3000.0,790600.0
533,2021-10-06 06:17:26,24250.0,1100.0,787600.0
534,2021-10-06 06:16:55,24250.0,1600.0,786500.0
535,2021-10-06 06:16:36,24250.0,1000.0,784900.0
536,2021-10-06 06:16:26,24250.0,1000.0,783900.0
537,2021-10-06 06:16:19,24250.0,2900.0,782900.0
538,2021-10-06 06:16:12,24250.0,1300.0,780000.0
539,2021-10-06 06:16:04,24250.0,1600.0,778700.0
540,2021-10-06 06:15:52,24250.0,1400.0,777100.0
541,2021-10-06 06:15:41,24250.0,800.0,775700.0
542,2021-10-06 06:15:41,24250.0,100.0,774900.0
543,2021-10-06 06:15:28,24250.0,400.0,774800.0
544,2021-10-06 06:15:28,24250.0,1000.0,774400.0
545,2021-10-06 06:15:28,24250.0,100.0,773400.0
546,2021-10-06 06:15:18,24250.0,400.0,773300.0
547,2021-10-06 06:15:18,24250.0,200.0,772900.0
548,2021-10-06 06:15:18,24250.0,100.0,772700.0
549,2021-10-06 06:15:18,24250.0,300.0,772600.0
550,2021-10-06 06:15:18,24250.0,300.0,772300.0
551,2021-10-06 06:15:07,24250.0,200.0,772000.0
552,2021-10-06 06:15:07,24250.0,500.0,771800.0
553,2021-10-06 06:15:07,24250.0,200.0,771300.0
554,2021-10-06 06:15:07,24250.0,100.0,771100.0
555,2021-10-06 06:15:07,24250.0,200.0,771000.0
556,2021-10-06 06:15:07,24250.0,200.0,770800.0
557,2021-10-06 06:14:48,24250.0,100.0,770600.0
558,2021-10-06 06:14:48,24250.0,300.0,770500.0
559,2021-10-06 06:14:48,24250.0,100.0,770200.0
560,2021-10-06 06:14:48,24250.0,700.0,770100.0
561,2021-10-06 06:14:36,24250.0,1100.0,769400.0
562,2021-10-06 06:14:26,24250.0,200.0,768300.0
563,2021-10-06 06:14:26,24250.0,100.0,768100.0
564,2021-10-06 06:14:26,24250.0,900.0,768000.0
565,2021-10-06 06:14:16,24250.0,1100.0,767100.0
566,2021-10-06 06:14:16,24250.0,100.0,766000.0
567,2021-10-06 06:14:14,24250.0,500.0,765900.0
568,2021-10-06 06:14:14,24250.0,100.0,765400.0
569,2021-10-06 06:14:14,24250.0,100.0,765300.0
570,2021-10-06 06:14:14,24250.0,100.0,765200.0
571,2021-10-06 06:14:14,24250.0,100.0,765100.0
572,2021-10-06 06:14:14,24250.0,100.0,765000.0
573,2021-10-06 06:14:14,24250.0,200.0,764900.0
574,2021-10-06 06:14:14,24250.0,100.0,764700.0
575,2021-10-06 06:14:14,24250.0,1000.0,764600.0
576,2021-10-06 06:14:14,24250.0,100.0,763600.0
577,2021-10-06 06:14:14,24250.0,500.0,763500.0
578,2021-10-06 06:14:06,24250.0,200.0,763000.0
579,2021-10-06 06:14:06,24300.0,100.0,762800.0
580,2021-10-06 06:14:06,24300.0,200.0,762700.0
581,2021-10-06 06:14:06,24300.0,200.0,762500.0
582,2021-10-06 06:14:06,24300.0,300.0,762300.0
583,2021-10-06 06:13:58,24300.0,300.0,762000.0
584,2021-10-06 06:13:58,24300.0,100.0,761700.0
585,2021-10-06 06:13:58,24300.0,400.0,761600.0
586,2021-10-06 06:13:58,24300.0,200.0,761200.0
587,2021-10-06 06:13:53,24300.0,100.0,761000.0
588,2021-10-06 06:13:53,24300.0,300.0,760900.0
589,2021-10-06 06:13:53,24300.0,400.0,760600.0
590,2021-10-06 06:13:53,24300.0,500.0,760200.0
591,2021-10-06 06:13:53,24300.0,300.0,759700.0
592,2021-10-06 06:13:53,24300.0,100.0,759400.0
593,2021-10-06 06:13:53,24300.0,500.0,759300.0
594,2021-10-06 06:13:53,24300.0,7800.0,758800.0
595,2021-10-06 06:13:48,24300.0,1400.0,751000.0
596,2021-10-06 06:13:39,24300.0,100.0,749600.0
597,2021-10-06 06:13:24,24350.0,100.0,749500.0
598,2021-10-06 06:13:08,24300.0,700.0,749400.0
599,2021-10-06 06:13:08,24300.0,500.0,748700.0
600,2021-10-06 06:13:08,24300.0,600.0,748200.0
601,2021-10-06 06:13:08,24300.0,100.0,747600.0
602,2021-10-06 06:13:08,24300.0,100.0,747500.0
603,2021-10-06 06:12:28,24300.0,100.0,747400.0
604,2021-10-06 06:12:10,24300.0,200.0,747300.0
605,2021-10-06 06:12:10,24300.0,1000.0,747100.0
606,2021-10-06 06:12:10,24300.0,1000.0,746100.0
607,2021-10-06 06:12:10,24300.0,600.0,745100.0
608,2021-10-06 06:12:04,24300.0,1500.0,744500.0
609,2021-10-06 06:10:05,24300.0,2900.0,743000.0
610,2021-10-06 06:08:00,24300.0,2800.0,740100.0
611,2021-10-06 06:07:53,24300.0,1400.0,737300.0
612,2021-10-06 06:07:42,24300.0,900.0,735900.0
613,2021-10-06 06:07:31,24300.0,1600.0,735000.0
614,2021-10-06 06:07:21,24300.0,1400.0,733400.0
615,2021-10-06 06:07:05,24300.0,1500.0,732000.0
616,2021-10-06 06:06:42,24300.0,5200.0,730500.0
617,2021-10-06 06:06:41,24300.0,200.0,725300.0
618,2021-10-06 06:06:41,24300.0,200.0,725100.0
619,2021-10-06 06:06:41,24300.0,200.0,724900.0
620,2021-10-06 06:06:41,24300.0,300.0,724700.0
621,2021-10-06 06:06:41,24300.0,400.0,724400.0
622,2021-10-06 06:06:08,24300.0,600.0,724000.0
623,2021-10-06 06:06:08,24300.0,1000.0,723400.0
624,2021-10-06 06:06:08,24300.0,100.0,722400.0
625,2021-10-06 06:06:08,24300.0,3500.0,722300.0
626,2021-10-06 06:06:03,24350.0,400.0,718800.0
627,2021-10-06 06:05:55,24300.0,2800.0,718400.0
628,2021-10-06 06:05:39,24300.0,200.0,715600.0
629,2021-10-06 06:05:27,24300.0,200.0,715400.0
630,2021-10-06 06:05:04,24300.0,300.0,715200.0
631,2021-10-06 06:03:44,24350.0,500.0,714900.0
632,2021-10-06 06:03:24,24350.0,100.0,714400.0
633,2021-10-06 06:03:23,24300.0,3000.0,714300.0
634,2021-10-06 06:03:00,24300.0,5200.0,711300.0
635,2021-10-06 06:02:31,24350.0,400.0,706100.0
636,2021-10-06 06:00:19,24350.0,300.0,705700.0
637,2021-10-06 06:00:19,24350.0,100.0,705400.0
638,2021-10-06 06:00:15,24350.0,100.0,705300.0
639,2021-10-06 06:00:06,24350.0,200.0,705200.0
640,2021-10-06 06:00:01,24350.0,2400.0,705000.0
641,2021-10-06 06:00:01,24350.0,4800.0,702600.0
642,2021-10-06 06:00:00,24350.0,1900.0,697800.0
643,2021-10-06 06:00:00,24350.0,100.0,695900.0
644,2021-10-06 04:29:37,24350.0,200.0,695800.0
645,2021-10-06 04:29:04,24350.0,3000.0,695600.0
646,2021-10-06 04:29:04,24350.0,1000.0,692600.0
647,2021-10-06 04:29:04,24350.0,1000.0,691600.0
648,2021-10-06 04:28:39,24350.0,200.0,690600.0
649,2021-10-06 04:27:47,24350.0,100.0,690400.0
650,2021-10-06 04:27:28,24350.0,200.0,690300.0
651,2021-10-06 04:27:15,24350.0,200.0,690100.0
652,2021-10-06 04:27:00,24350.0,500.0,689900.0
653,2021-10-06 04:26:24,24350.0,100.0,689400.0
654,2021-10-06 04:26:12,24300.0,3500.0,689300.0
655,2021-10-06 04:25:49,24350.0,200.0,685800.0
656,2021-10-06 04:25:32,24300.0,1300.0,685600.0
657,2021-10-06 04:25:32,24300.0,100.0,684300.0
658,2021-10-06 04:25:32,24300.0,700.0,684200.0
659,2021-10-06 04:25:32,24300.0,700.0,683500.0
660,2021-10-06 04:24:46,24300.0,5200.0,682800.0
661,2021-10-06 04:23:34,24350.0,300.0,677600.0
662,2021-10-06 04:23:34,24350.0,100.0,677300.0
663,2021-10-06 04:23:30,24350.0,200.0,677200.0
664,2021-10-06 04:21:40,24350.0,200.0,677000.0
665,2021-10-06 04:19:18,24350.0,200.0,676800.0
666,2021-10-06 04:16:00,24350.0,100.0,676600.0
667,2021-10-06 04:15:59,24300.0,100.0,676500.0
668,2021-10-06 04:15:49,24350.0,100.0,676400.0
669,2021-10-06 04:15:35,24300.0,5000.0,676300.0
670,2021-10-06 04:14:52,24350.0,2000.0,671300.0
671,2021-10-06 04:14:52,24350.0,2800.0,669300.0
672,2021-10-06 04:14:52,24350.0,2800.0,666500.0
673,2021-10-06 04:14:52,24350.0,1500.0,663700.0
674,2021-10-06 04:14:52,24350.0,900.0,662200.0
675,2021-10-06 04:14:07,24350.0,100.0,661300.0
676,2021-10-06 04:12:09,24350.0,100.0,661200.0
677,2021-10-06 04:11:32,24300.0,600.0,661100.0
678,2021-10-06 04:10:58,24300.0,2800.0,660500.0
679,2021-10-06 04:10:42,24300.0,600.0,657700.0
680,2021-10-06 04:10:42,24300.0,100.0,657100.0
681,2021-10-06 04:10:02,24300.0,100.0,657000.0
682,2021-10-06 04:10:02,24300.0,1500.0,656900.0
683,2021-10-06 04:10:02,24300.0,100.0,655400.0
684,2021-10-06 04:10:02,24300.0,200.0,655300.0
685,2021-10-06 04:10:02,24300.0,900.0,655100.0
686,2021-10-06 04:10:02,24300.0,1200.0,654200.0
687,2021-10-06 04:09:20,24350.0,200.0,653000.0
688,2021-10-06 04:08:57,24300.0,3500.0,652800.0
689,2021-10-06 04:07:22,24350.0,200.0,649300.0
690,2021-10-06 04:06:26,24350.0,1000.0,649100.0
691,2021-10-06 04:05:50,24350.0,300.0,648100.0
692,2021-10-06 04:05:50,24350.0,1000.0,647800.0
693,2021-10-06 04:05:50,24350.0,700.0,646800.0
694,2021-10-06 04:04:44,24300.0,2800.0,646100.0
695,2021-10-06 04:03:53,24300.0,2500.0,643300.0
696,2021-10-06 04:02:39,24300.0,1000.0,640800.0
697,2021-10-06 04:02:39,24300.0,100.0,639800.0
698,2021-10-06 04:02:39,24300.0,200.0,639700.0
699,2021-10-06 04:02:39,24300.0,200.0,639500.0
700,2021-10-06 04:02:39,24300.0,500.0,639300.0
701,2021-10-06 04:02:39,24300.0,300.0,638800.0
702,2021-10-06 04:02:39,24300.0,100.0,638500.0
703,2021-10-06 04:02:39,24300.0,100.0,638400.0
704,2021-10-06 04:02:39,24300.0,100.0,638300.0
705,2021-10-06 04:02:39,24300.0,200.0,638200.0
706,2021-10-06 04:00:35,24300.0,800.0,638000.0
707,2021-10-06 04:00:35,24300.0,100.0,637200.0
708,2021-10-06 04:00:35,24300.0,400.0,637100.0
709,2021-10-06 04:00:35,24300.0,100.0,636700.0
710,2021-10-06 04:00:35,24300.0,500.0,636600.0
711,2021-10-06 04:00:35,24300.0,500.0,636100.0
712,2021-10-06 04:00:35,24300.0,400.0,635600.0
713,2021-10-06 03:59:10,24300.0,19600.0,635200.0
714,2021-10-06 03:59:10,24300.0,400.0,615600.0
715,2021-10-06 03:58:30,24300.0,2800.0,615200.0
716,2021-10-06 03:57:56,24300.0,1600.0,612400.0
717,2021-10-06 03:57:19,24300.0,5200.0,610800.0
718,2021-10-06 03:57:19,24300.0,3000.0,605600.0
719,2021-10-06 03:56:25,24300.0,2000.0,602600.0
720,2021-10-06 03:56:25,24300.0,900.0,600600.0
721,2021-10-06 03:55:59,24300.0,1000.0,599700.0
722,2021-10-06 03:54:40,24300.0,400.0,598700.0
723,2021-10-06 03:54:20,24300.0,2800.0,598300.0
724,2021-10-06 03:53:31,24300.0,500.0,595500.0
725,2021-10-06 03:53:20,24300.0,1400.0,595000.0
726,2021-10-06 03:52:47,24300.0,1500.0,593600.0
727,2021-10-06 03:52:19,24350.0,200.0,592100.0
728,2021-10-06 03:50:04,24350.0,100.0,591900.0
729,2021-10-06 03:49:57,24300.0,100.0,591800.0
730,2021-10-06 03:49:43,24300.0,900.0,591700.0
731,2021-10-06 03:49:43,24300.0,200.0,590800.0
732,2021-10-06 03:49:30,24300.0,1000.0,590600.0
733,2021-10-06 03:48:18,24350.0,300.0,589600.0
734,2021-10-06 03:47:14,24350.0,500.0,589300.0
735,2021-10-06 03:46:01,24350.0,1100.0,588800.0
736,2021-10-06 03:45:42,24350.0,100.0,587700.0
737,2021-10-06 03:45:18,24350.0,100.0,587600.0
738,2021-10-06 03:45:18,24350.0,2800.0,587500.0
739,2021-10-06 03:45:18,24350.0,100.0,584700.0
740,2021-10-06 03:45:18,24350.0,100.0,584600.0
741,2021-10-06 03:45:18,24350.0,700.0,584500.0
742,2021-10-06 03:43:46,24350.0,200.0,583800.0
743,2021-10-06 03:43:33,24350.0,200.0,583600.0
744,2021-10-06 03:43:26,24350.0,200.0,583400.0
745,2021-10-06 03:43:25,24350.0,100.0,583200.0
746,2021-10-06 03:42:29,24350.0,300.0,583100.0
747,2021-10-06 03:42:08,24350.0,100.0,582800.0
748,2021-10-06 03:42:04,24350.0,100.0,582700.0
749,2021-10-06 03:41:52,24300.0,2800.0,582600.0
750,2021-10-06 03:41:01,24300.0,1500.0,579800.0
751,2021-10-06 03:40:04,24400.0,500.0,578300.0
752,2021-10-06 03:39:52,24400.0,200.0,577800.0
753,2021-10-06 03:36:56,24400.0,100.0,577600.0
754,2021-10-06 03:35:54,24400.0,600.0,577500.0
755,2021-10-06 03:35:54,24400.0,1000.0,576900.0
756,2021-10-06 03:35:54,24400.0,400.0,575900.0
757,2021-10-06 03:35:33,24400.0,100.0,575500.0
758,2021-10-06 03:34:50,24400.0,100.0,575400.0
759,2021-10-06 03:33:47,24400.0,100.0,575300.0
760,2021-10-06 03:33:01,24400.0,2000.0,575200.0
761,2021-10-06 03:31:28,24300.0,2800.0,573200.0
762,2021-10-06 03:31:03,24300.0,500.0,570400.0
763,2021-10-06 03:31:00,24300.0,1500.0,569900.0
764,2021-10-06 03:29:23,24300.0,2800.0,568400.0
765,2021-10-06 03:28:49,24300.0,1000.0,565600.0
766,2021-10-06 03:27:46,24300.0,200.0,564600.0
767,2021-10-06 03:27:32,24400.0,100.0,564400.0
768,2021-10-06 03:22:00,24400.0,100.0,564300.0
769,2021-10-06 03:21:50,24300.0,1500.0,564200.0
770,2021-10-06 03:21:50,24300.0,100.0,562700.0
771,2021-10-06 03:21:50,24300.0,2800.0,562600.0
772,2021-10-06 03:21:50,24300.0,1300.0,559800.0
773,2021-10-06 03:21:49,24250.0,100.0,558500.0
774,2021-10-06 03:21:04,24250.0,500.0,558400.0
775,2021-10-06 03:21:04,24250.0,2300.0,557900.0
776,2021-10-06 03:20:59,24250.0,1500.0,555600.0
777,2021-10-06 03:20:40,24300.0,100.0,554100.0
778,2021-10-06 03:20:38,24300.0,500.0,554000.0
779,2021-10-06 03:20:37,24300.0,600.0,553500.0
780,2021-10-06 03:20:20,24300.0,400.0,552900.0
781,2021-10-06 03:20:20,24300.0,100.0,552500.0
782,2021-10-06 03:18:26,24300.0,500.0,552400.0
783,2021-10-06 03:16:55,24250.0,2800.0,551900.0
784,2021-10-06 03:15:51,24250.0,400.0,549100.0
785,2021-10-06 03:15:42,24250.0,10400.0,548700.0
786,2021-10-06 03:15:36,24300.0,100.0,538300.0
787,2021-10-06 03:15:05,24300.0,300.0,538200.0
788,2021-10-06 03:14:50,24300.0,500.0,537900.0
789,2021-10-06 03:14:50,24300.0,500.0,537400.0
790,2021-10-06 03:14:39,24300.0,100.0,536900.0
791,2021-10-06 03:14:12,24300.0,200.0,536800.0
792,2021-10-06 03:13:45,24250.0,600.0,536600.0
793,2021-10-06 03:13:45,24250.0,200.0,536000.0
794,2021-10-06 03:13:45,24250.0,1000.0,535800.0
795,2021-10-06 03:13:45,24250.0,200.0,534800.0
796,2021-10-06 03:13:45,24250.0,100.0,534600.0
797,2021-10-06 03:13:45,24250.0,2000.0,534500.0
798,2021-10-06 03:13:45,24250.0,1000.0,532500.0
799,2021-10-06 03:13:45,24250.0,100.0,531500.0
800,2021-10-06 03:13:45,24250.0,1000.0,531400.0
801,2021-10-06 03:13:45,24250.0,200.0,530400.0
802,2021-10-06 03:13:45,24250.0,500.0,530200.0
803,2021-10-06 03:13:45,24250.0,1000.0,529700.0
804,2021-10-06 03:13:45,24250.0,100.0,528700.0
805,2021-10-06 03:13:45,24250.0,100.0,528600.0
806,2021-10-06 03:13:45,24250.0,100.0,528500.0
807,2021-10-06 03:13:45,24250.0,2200.0,528400.0
808,2021-10-06 03:13:30,24300.0,100.0,526200.0
809,2021-10-06 03:12:45,24300.0,500.0,526100.0
810,2021-10-06 03:12:45,24300.0,1400.0,525600.0
811,2021-10-06 03:12:34,24300.0,3600.0,524200.0
812,2021-10-06 03:12:34,24300.0,100.0,520600.0
813,2021-10-06 03:12:34,24300.0,4500.0,520500.0
814,2021-10-06 03:12:34,24300.0,2000.0,516000.0
815,2021-10-06 03:12:34,24300.0,200.0,514000.0
816,2021-10-06 03:12:16,24300.0,300.0,513800.0
817,2021-10-06 03:12:16,24300.0,200.0,513500.0
818,2021-10-06 03:11:42,24300.0,200.0,513300.0
819,2021-10-06 03:11:39,24300.0,300.0,513100.0
820,2021-10-06 03:11:39,24300.0,100.0,512800.0
821,2021-10-06 03:11:39,24300.0,100.0,512700.0
822,2021-10-06 03:11:36,24300.0,500.0,512600.0
823,2021-10-06 03:11:32,24300.0,400.0,512100.0
824,2021-10-06 03:11:32,24300.0,100.0,511700.0
825,2021-10-06 03:11:29,24300.0,100.0,511600.0
826,2021-10-06 03:11:29,24300.0,400.0,511500.0
827,2021-10-06 03:11:26,24300.0,100.0,511100.0
828,2021-10-06 03:11:26,24300.0,200.0,511000.0
829,2021-10-06 03:11:26,24300.0,200.0,510800.0
830,2021-10-06 03:11:23,24300.0,100.0,510600.0
831,2021-10-06 03:11:23,24300.0,400.0,510500.0
832,2021-10-06 03:11:20,24300.0,500.0,510100.0
833,2021-10-06 03:11:16,24300.0,100.0,509600.0
834,2021-10-06 03:11:16,24300.0,100.0,509500.0
835,2021-10-06 03:11:16,24300.0,100.0,509400.0
836,2021-10-06 03:11:13,24300.0,200.0,509300.0
837,2021-10-06 03:11:09,24300.0,100.0,509100.0
838,2021-10-06 03:11:09,24300.0,100.0,509000.0
839,2021-10-06 03:11:05,24300.0,200.0,508900.0
840,2021-10-06 03:11:00,24300.0,200.0,508700.0
841,2021-10-06 03:10:57,24300.0,200.0,508500.0
842,2021-10-06 03:10:52,24300.0,200.0,508300.0
843,2021-10-06 03:10:40,24300.0,400.0,508100.0
844,2021-10-06 03:10:40,24300.0,100.0,507700.0
845,2021-10-06 03:10:40,24300.0,400.0,507600.0
846,2021-10-06 03:10:40,24300.0,300.0,507200.0
847,2021-10-06 03:10:40,24300.0,1400.0,506900.0
848,2021-10-06 03:10:40,24300.0,200.0,505500.0
849,2021-10-06 03:08:47,24300.0,400.0,505300.0
850,2021-10-06 03:08:47,24300.0,1600.0,504900.0
851,2021-10-06 03:08:38,24300.0,1000.0,503300.0
852,2021-10-06 03:08:36,24300.0,400.0,502300.0
853,2021-10-06 03:08:36,24300.0,200.0,501900.0
854,2021-10-06 03:08:36,24300.0,100.0,501700.0
855,2021-10-06 03:08:36,24300.0,200.0,501600.0
856,2021-10-06 03:08:36,24300.0,200.0,501400.0
857,2021-10-06 03:08:36,24300.0,100.0,501200.0
858,2021-10-06 03:08:36,24300.0,500.0,501100.0
859,2021-10-06 03:08:36,24300.0,1100.0,500600.0
860,2021-10-06 03:07:13,24300.0,200.0,499500.0
861,2021-10-06 03:07:07,24300.0,200.0,499300.0
862,2021-10-06 03:07:04,24300.0,200.0,499100.0
863,2021-10-06 03:07:01,24300.0,200.0,498900.0
864,2021-10-06 03:06:59,24300.0,100.0,498700.0
865,2021-10-06 03:06:59,24300.0,100.0,498600.0
866,2021-10-06 03:06:56,24300.0,100.0,498500.0
867,2021-10-06 03:06:56,24300.0,100.0,498400.0
868,2021-10-06 03:06:55,24300.0,200.0,498300.0
869,2021-10-06 03:06:51,24300.0,200.0,498100.0
870,2021-10-06 03:06:47,24300.0,200.0,497900.0
871,2021-10-06 03:06:43,24300.0,200.0,497700.0
872,2021-10-06 03:06:40,24300.0,100.0,497500.0
873,2021-10-06 03:06:40,24300.0,100.0,497400.0
874,2021-10-06 03:06:38,24300.0,200.0,497300.0
875,2021-10-06 03:06:33,24300.0,200.0,497100.0
876,2021-10-06 03:06:31,24300.0,500.0,496900.0
877,2021-10-06 03:06:31,24300.0,500.0,496400.0
878,2021-10-06 03:06:31,24300.0,400.0,495900.0
879,2021-10-06 03:06:31,24300.0,100.0,495500.0
880,2021-10-06 03:06:31,24300.0,100.0,495400.0
881,2021-10-06 03:06:31,24300.0,100.0,495300.0
882,2021-10-06 03:06:31,24300.0,100.0,495200.0
883,2021-10-06 03:06:31,24300.0,1000.0,495100.0
884,2021-10-06 03:06:31,24300.0,200.0,494100.0
885,2021-10-06 03:06:27,24300.0,200.0,493900.0
886,2021-10-06 03:06:24,24300.0,200.0,493700.0
887,2021-10-06 03:06:21,24300.0,200.0,493500.0
888,2021-10-06 03:06:17,24300.0,200.0,493300.0
889,2021-10-06 03:06:14,24300.0,200.0,493100.0
890,2021-10-06 03:06:10,24300.0,200.0,492900.0
891,2021-10-06 03:06:06,24300.0,200.0,492700.0
892,2021-10-06 03:06:03,24300.0,200.0,492500.0
893,2021-10-06 03:05:59,24300.0,200.0,492300.0
894,2021-10-06 03:05:54,24500.0,100.0,492100.0
895,2021-10-06 03:05:53,24300.0,200.0,492000.0
896,2021-10-06 03:05:49,24300.0,200.0,491800.0
897,2021-10-06 03:05:44,24300.0,200.0,491600.0
898,2021-10-06 03:05:44,24300.0,8400.0,491400.0
899,2021-10-06 03:05:44,24350.0,2000.0,483000.0
900,2021-10-06 03:04:26,24300.0,2800.0,481000.0
901,2021-10-06 03:03:35,24300.0,1500.0,478200.0
902,2021-10-06 03:03:13,24300.0,10400.0,476700.0
903,2021-10-06 03:03:07,24500.0,100.0,466300.0
904,2021-10-06 03:03:07,24450.0,100.0,466200.0
905,2021-10-06 03:02:22,24300.0,2900.0,466100.0
906,2021-10-06 03:02:16,24300.0,10400.0,463200.0
907,2021-10-06 03:01:52,24300.0,100.0,452800.0
908,2021-10-06 03:01:49,24300.0,300.0,452700.0
909,2021-10-06 03:01:45,24300.0,200.0,452400.0
910,2021-10-06 03:01:43,24300.0,200.0,452200.0
911,2021-10-06 03:01:40,24300.0,200.0,452000.0
912,2021-10-06 03:01:38,24300.0,200.0,451800.0
913,2021-10-06 03:01:35,24300.0,200.0,451600.0
914,2021-10-06 03:01:32,24300.0,200.0,451400.0
915,2021-10-06 03:01:29,24300.0,200.0,451200.0
916,2021-10-06 03:01:26,24300.0,200.0,451000.0
917,2021-10-06 03:01:23,24300.0,200.0,450800.0
918,2021-10-06 03:01:20,24400.0,200.0,450600.0
919,2021-10-06 03:01:17,24400.0,200.0,450400.0
920,2021-10-06 03:01:14,24400.0,200.0,450200.0
921,2021-10-06 03:01:11,24400.0,300.0,450000.0
922,2021-10-06 03:01:11,24400.0,100.0,449700.0
923,2021-10-06 03:01:09,24300.0,200.0,449600.0
924,2021-10-06 03:01:06,24300.0,200.0,449400.0
925,2021-10-06 03:01:02,24300.0,200.0,449200.0
926,2021-10-06 03:00:59,24300.0,200.0,449000.0
927,2021-10-06 03:00:56,24300.0,200.0,448800.0
928,2021-10-06 03:00:54,24400.0,100.0,448600.0
929,2021-10-06 03:00:50,24300.0,200.0,448500.0
930,2021-10-06 03:00:45,24300.0,200.0,448300.0
931,2021-10-06 03:00:41,24300.0,200.0,448100.0
932,2021-10-06 03:00:39,24300.0,10400.0,447900.0
933,2021-10-06 03:00:37,24300.0,200.0,437500.0
934,2021-10-06 03:00:33,24300.0,200.0,437300.0
935,2021-10-06 03:00:29,24300.0,200.0,437100.0
936,2021-10-06 03:00:24,24300.0,200.0,436900.0
937,2021-10-06 03:00:17,24300.0,2600.0,436700.0
938,2021-10-06 03:00:17,24350.0,100.0,434100.0
939,2021-10-06 03:00:17,24350.0,100.0,434000.0
940,2021-10-06 02:58:35,24300.0,7400.0,433900.0
941,2021-10-06 02:58:35,24300.0,100.0,426500.0
942,2021-10-06 02:58:35,24300.0,500.0,426400.0
943,2021-10-06 02:58:35,24300.0,200.0,425900.0
944,2021-10-06 02:58:35,24300.0,300.0,425700.0
945,2021-10-06 02:58:35,24300.0,900.0,425400.0
946,2021-10-06 02:58:35,24300.0,500.0,424500.0
947,2021-10-06 02:58:35,24300.0,500.0,424000.0
948,2021-10-06 02:58:34,24300.0,100.0,423500.0
949,2021-10-06 02:58:25,24400.0,100.0,423400.0
950,2021-10-06 02:58:20,24300.0,100.0,423300.0
951,2021-10-06 02:58:12,24300.0,1300.0,423200.0
952,2021-10-06 02:58:12,24300.0,1000.0,421900.0
953,2021-10-06 02:58:12,24300.0,500.0,420900.0
954,2021-10-06 02:56:07,24300.0,500.0,420400.0
955,2021-10-06 02:56:07,24300.0,500.0,419900.0
956,2021-10-06 02:56:07,24300.0,200.0,419400.0
957,2021-10-06 02:56:07,24300.0,400.0,419200.0
958,2021-10-06 02:56:07,24350.0,200.0,418800.0
959,2021-10-06 02:56:07,24350.0,1000.0,418600.0
960,2021-10-06 02:54:57,24300.0,600.0,417600.0
961,2021-10-06 02:54:57,24300.0,200.0,417000.0
962,2021-10-06 02:54:57,24300.0,100.0,416800.0
963,2021-10-06 02:54:57,24300.0,200.0,416700.0
964,2021-10-06 02:54:57,24300.0,300.0,416500.0
965,2021-10-06 02:54:57,24300.0,3000.0,416200.0
966,2021-10-06 02:54:57,24300.0,300.0,413200.0
967,2021-10-06 02:54:57,24300.0,500.0,412900.0
968,2021-10-06 02:54:57,24300.0,400.0,412400.0
969,2021-10-06 02:54:57,24300.0,1000.0,412000.0
970,2021-10-06 02:54:57,24300.0,700.0,411000.0
971,2021-10-06 02:54:57,24350.0,200.0,410300.0
972,2021-10-06 02:54:57,24350.0,2900.0,410100.0
973,2021-10-06 02:54:48,24350.0,100.0,407200.0
974,2021-10-06 02:54:25,24350.0,300.0,407100.0
975,2021-10-06 02:54:02,24300.0,100.0,406800.0
976,2021-10-06 02:54:02,24300.0,100.0,406700.0
977,2021-10-06 02:54:02,24300.0,2600.0,406600.0
978,2021-10-06 02:53:50,24300.0,2400.0,404000.0
979,2021-10-06 02:53:50,24300.0,200.0,401600.0
980,2021-10-06 02:53:50,24300.0,300.0,401400.0
981,2021-10-06 02:53:50,24300.0,1000.0,401100.0
982,2021-10-06 02:53:50,24300.0,100.0,400100.0
983,2021-10-06 02:53:50,24300.0,100.0,400000.0
984,2021-10-06 02:53:50,24300.0,100.0,399900.0
985,2021-10-06 02:53:50,24300.0,300.0,399800.0
986,2021-10-06 02:53:50,24300.0,500.0,399500.0
987,2021-10-06 02:53:50,24300.0,300.0,399000.0
988,2021-10-06 02:53:50,24300.0,2000.0,398700.0
989,2021-10-06 02:53:50,24300.0,200.0,396700.0
990,2021-10-06 02:53:50,24300.0,100.0,396500.0
991,2021-10-06 02:53:50,24300.0,100.0,396400.0
992,2021-10-06 02:53:50,24300.0,500.0,396300.0
993,2021-10-06 02:53:50,24300.0,1800.0,395800.0
994,2021-10-06 02:53:50,24300.0,100.0,394000.0
995,2021-10-06 02:53:50,24300.0,300.0,393900.0
996,2021-10-06 02:53:17,24300.0,700.0,393600.0
997,2021-10-06 02:53:17,24300.0,1000.0,392900.0
998,2021-10-06 02:53:17,24300.0,300.0,391900.0
999,2021-10-06 02:53:17,24300.0,200.0,391600.0
1000,2021-10-06 02:53:17,24300.0,300.0,391400.0
1001,2021-10-06 02:53:17,24300.0,1100.0,391100.0
1002,2021-10-06 02:53:17,24300.0,6800.0,390000.0
1003,2021-10-06 02:52:15,24300.0,10400.0,383200.0
1004,2021-10-06 02:51:58,24300.0,2900.0,372800.0
1005,2021-10-06 02:51:33,24300.0,10400.0,369900.0
1006,2021-10-06 02:51:02,24300.0,10400.0,359500.0
1007,2021-10-06 02:51:00,24300.0,200.0,349100.0
1008,2021-10-06 02:50:56,24300.0,400.0,348900.0
1009,2021-10-06 02:50:44,24300.0,200.0,348500.0
1010,2021-10-06 02:50:40,24300.0,200.0,348300.0
1011,2021-10-06 02:50:37,24300.0,200.0,348100.0
1012,2021-10-06 02:50:34,24300.0,200.0,347900.0
1013,2021-10-06 02:50:31,24300.0,200.0,347700.0
1014,2021-10-06 02:50:27,24300.0,200.0,347500.0
1015,2021-10-06 02:50:23,24300.0,200.0,347300.0
1016,2021-10-06 02:50:19,24300.0,200.0,347100.0
1017,2021-10-06 02:50:15,24300.0,200.0,346900.0
1018,2021-10-06 02:50:12,24300.0,200.0,346700.0
1019,2021-10-06 02:50:08,24300.0,6500.0,346500.0
1020,2021-10-06 02:50:08,24300.0,1700.0,340000.0
1021,2021-10-06 02:50:08,24350.0,2200.0,338300.0
1022,2021-10-06 02:50:04,24350.0,2800.0,336100.0
1023,2021-10-06 02:50:04,24300.0,200.0,333300.0
1024,2021-10-06 02:50:00,24300.0,200.0,333100.0
1025,2021-10-06 02:49:57,24300.0,200.0,332900.0
1026,2021-10-06 02:49:54,24300.0,200.0,332700.0
1027,2021-10-06 02:49:49,24350.0,100.0,332500.0
1028,2021-10-06 02:49:49,24350.0,100.0,332400.0
1029,2021-10-06 02:49:46,24350.0,200.0,332300.0
1030,2021-10-06 02:49:40,24350.0,200.0,332100.0
1031,2021-10-06 02:49:38,24350.0,200.0,331900.0
1032,2021-10-06 02:49:36,24350.0,4000.0,331700.0
1033,2021-10-06 02:49:36,24350.0,200.0,327700.0
1034,2021-10-06 02:49:36,24350.0,1000.0,327500.0
1035,2021-10-06 02:49:36,24350.0,600.0,326500.0
1036,2021-10-06 02:49:36,24400.0,4600.0,325900.0
1037,2021-10-06 02:49:33,24400.0,200.0,321300.0
1038,2021-10-06 02:49:28,24400.0,200.0,321100.0
1039,2021-10-06 02:48:51,24350.0,200.0,320900.0
1040,2021-10-06 02:48:48,24350.0,200.0,320700.0
1041,2021-10-06 02:48:44,24350.0,200.0,320500.0
1042,2021-10-06 02:48:27,24350.0,1200.0,320300.0
1043,2021-10-06 02:48:27,24350.0,100.0,319100.0
1044,2021-10-06 02:48:27,24350.0,9100.0,319000.0
1045,2021-10-06 02:47:56,24350.0,5100.0,309900.0
1046,2021-10-06 02:47:56,24350.0,100.0,304800.0
1047,2021-10-06 02:47:56,24350.0,5200.0,304700.0
1048,2021-10-06 02:47:48,24500.0,400.0,299500.0
1049,2021-10-06 02:47:48,24500.0,600.0,299100.0
1050,2021-10-06 02:47:48,24350.0,2800.0,298500.0
1051,2021-10-06 02:46:08,24350.0,2000.0,295700.0
1052,2021-10-06 02:46:08,24350.0,200.0,293700.0
1053,2021-10-06 02:46:08,24350.0,200.0,293500.0
1054,2021-10-06 02:46:08,24350.0,200.0,293300.0
1055,2021-10-06 02:46:08,24350.0,100.0,293100.0
1056,2021-10-06 02:46:08,24350.0,100.0,293000.0
1057,2021-10-06 02:46:08,24350.0,1000.0,292900.0
1058,2021-10-06 02:46:08,24350.0,6600.0,291900.0
1059,2021-10-06 02:45:43,24350.0,1700.0,285300.0
1060,2021-10-06 02:45:43,24350.0,1100.0,283600.0
1061,2021-10-06 02:43:39,24350.0,2800.0,282500.0
1062,2021-10-06 02:43:34,24350.0,100.0,279700.0
1063,2021-10-06 02:43:34,24350.0,200.0,279600.0
1064,2021-10-06 02:43:34,24400.0,200.0,279400.0
1065,2021-10-06 02:43:23,24350.0,100.0,279200.0
1066,2021-10-06 02:43:23,24350.0,100.0,279100.0
1067,2021-10-06 02:42:53,24350.0,200.0,279000.0
1068,2021-10-06 02:42:31,24350.0,200.0,278800.0
1069,2021-10-06 02:42:31,24400.0,200.0,278600.0
1070,2021-10-06 02:41:37,24350.0,200.0,278400.0
1071,2021-10-06 02:41:34,24350.0,200.0,278200.0
1072,2021-10-06 02:41:34,24350.0,2900.0,278000.0
1073,2021-10-06 02:41:31,24350.0,200.0,275100.0
1074,2021-10-06 02:41:29,24350.0,200.0,274900.0
1075,2021-10-06 02:41:26,24350.0,200.0,274700.0
1076,2021-10-06 02:41:24,24350.0,200.0,274500.0
1077,2021-10-06 02:41:21,24350.0,200.0,274300.0
1078,2021-10-06 02:41:18,24350.0,100.0,274100.0
1079,2021-10-06 02:41:18,24350.0,100.0,274000.0
1080,2021-10-06 02:41:15,24350.0,100.0,273900.0
1081,2021-10-06 02:41:15,24350.0,100.0,273800.0
1082,2021-10-06 02:41:12,24350.0,200.0,273700.0
1083,2021-10-06 02:41:11,24350.0,200.0,273500.0
1084,2021-10-06 02:41:09,24300.0,200.0,273300.0
1085,2021-10-06 02:41:08,24350.0,1000.0,273100.0
1086,2021-10-06 02:41:06,24300.0,200.0,272100.0
1087,2021-10-06 02:41:03,24300.0,200.0,271900.0
1088,2021-10-06 02:41:00,24300.0,200.0,271700.0
1089,2021-10-06 02:40:56,24300.0,200.0,271500.0
1090,2021-10-06 02:40:53,24300.0,200.0,271300.0
1091,2021-10-06 02:40:51,24300.0,200.0,271100.0
1092,2021-10-06 02:40:48,24300.0,200.0,270900.0
1093,2021-10-06 02:40:45,24300.0,200.0,270700.0
1094,2021-10-06 02:40:43,24300.0,200.0,270500.0
1095,2021-10-06 02:40:41,24350.0,100.0,270300.0
1096,2021-10-06 02:40:40,24300.0,200.0,270200.0
1097,2021-10-06 02:40:38,24350.0,1700.0,270000.0
1098,2021-10-06 02:40:38,24350.0,300.0,268300.0
1099,2021-10-06 02:40:37,24300.0,200.0,268000.0
1100,2021-10-06 02:40:34,24300.0,100.0,267800.0
1101,2021-10-06 02:40:34,24300.0,100.0,267700.0
1102,2021-10-06 02:40:31,24300.0,100.0,267600.0
1103,2021-10-06 02:40:31,24300.0,100.0,267500.0
1104,2021-10-06 02:40:27,24300.0,200.0,267400.0
1105,2021-10-06 02:40:24,24300.0,200.0,267200.0
1106,2021-10-06 02:39:56,24350.0,1000.0,267000.0
1107,2021-10-06 02:39:53,24350.0,200.0,266000.0
1108,2021-10-06 02:39:53,24350.0,1800.0,265800.0
1109,2021-10-06 02:39:28,24350.0,400.0,264000.0
1110,2021-10-06 02:39:00,24300.0,100.0,263600.0
1111,2021-10-06 02:39:00,24300.0,1500.0,263500.0
1112,2021-10-06 02:39:00,24300.0,100.0,262000.0
1113,2021-10-06 02:39:00,24300.0,200.0,261900.0
1114,2021-10-06 02:39:00,24300.0,100.0,261700.0
1115,2021-10-06 02:39:00,24300.0,200.0,261600.0
1116,2021-10-06 02:39:00,24300.0,300.0,261400.0
1117,2021-10-06 02:39:00,24300.0,500.0,261100.0
1118,2021-10-06 02:39:00,24300.0,100.0,260600.0
1119,2021-10-06 02:39:00,24300.0,400.0,260500.0
1120,2021-10-06 02:39:00,24300.0,100.0,260100.0
1121,2021-10-06 02:38:38,24350.0,200.0,260000.0
1122,2021-10-06 02:38:38,24300.0,1000.0,259800.0
1123,2021-10-06 02:38:38,24300.0,300.0,258800.0
1124,2021-10-06 02:38:38,24300.0,100.0,258500.0
1125,2021-10-06 02:38:38,24300.0,100.0,258400.0
1126,2021-10-06 02:38:27,24300.0,300.0,258300.0
1127,2021-10-06 02:38:27,24300.0,300.0,258000.0
1128,2021-10-06 02:38:27,24300.0,600.0,257700.0
1129,2021-10-06 02:38:27,24300.0,100.0,257100.0
1130,2021-10-06 02:38:27,24300.0,300.0,257000.0
1131,2021-10-06 02:38:27,24300.0,200.0,256700.0
1132,2021-10-06 02:38:27,24300.0,400.0,256500.0
1133,2021-10-06 02:38:27,24300.0,500.0,256100.0
1134,2021-10-06 02:38:27,24300.0,900.0,255600.0
1135,2021-10-06 02:38:10,24300.0,100.0,254700.0
1136,2021-10-06 02:38:10,24300.0,500.0,254600.0
1137,2021-10-06 02:38:10,24300.0,2000.0,254100.0
1138,2021-10-06 02:38:10,24300.0,100.0,252100.0
1139,2021-10-06 02:38:10,24300.0,900.0,252000.0
1140,2021-10-06 02:37:58,24300.0,3600.0,251100.0
1141,2021-10-06 02:37:58,24350.0,200.0,247500.0
1142,2021-10-06 02:37:47,24300.0,200.0,247300.0
1143,2021-10-06 02:37:47,24300.0,3600.0,247100.0
1144,2021-10-06 02:37:45,24300.0,300.0,243500.0
1145,2021-10-06 02:37:42,24300.0,300.0,243200.0
1146,2021-10-06 02:37:38,24300.0,300.0,242900.0
1147,2021-10-06 02:37:36,24300.0,800.0,242600.0
1148,2021-10-06 02:37:36,24300.0,100.0,241800.0
1149,2021-10-06 02:37:36,24300.0,2700.0,241700.0
1150,2021-10-06 02:37:35,24300.0,300.0,239000.0
1151,2021-10-06 02:37:30,24350.0,100.0,238700.0
1152,2021-10-06 02:37:30,24300.0,300.0,238600.0
1153,2021-10-06 02:37:28,24300.0,300.0,238300.0
1154,2021-10-06 02:37:27,24300.0,3600.0,238000.0
1155,2021-10-06 02:37:24,24300.0,300.0,234400.0
1156,2021-10-06 02:37:24,24300.0,2500.0,234100.0
1157,2021-10-06 02:37:24,24300.0,100.0,231600.0
1158,2021-10-06 02:37:24,24300.0,200.0,231500.0
1159,2021-10-06 02:37:21,24300.0,300.0,231300.0
1160,2021-10-06 02:37:17,24300.0,100.0,231000.0
1161,2021-10-06 02:37:17,24300.0,100.0,230900.0
1162,2021-10-06 02:37:16,24350.0,100.0,230800.0
1163,2021-10-06 02:37:16,24350.0,800.0,230700.0
1164,2021-10-06 02:37:15,24350.0,200.0,229900.0
1165,2021-10-06 02:37:10,24350.0,200.0,229700.0
1166,2021-10-06 02:37:07,24350.0,200.0,229500.0
1167,2021-10-06 02:37:06,24350.0,3600.0,229300.0
1168,2021-10-06 02:37:02,24350.0,200.0,225700.0
1169,2021-10-06 02:36:59,24350.0,200.0,225500.0
1170,2021-10-06 02:36:56,24350.0,3600.0,225300.0
1171,2021-10-06 02:36:55,24350.0,200.0,221700.0
1172,2021-10-06 02:36:54,24350.0,100.0,221500.0
1173,2021-10-06 02:36:52,24350.0,200.0,221400.0
1174,2021-10-06 02:36:49,24350.0,200.0,221200.0
1175,2021-10-06 02:36:46,24350.0,300.0,221000.0
1176,2021-10-06 02:36:46,24350.0,100.0,220700.0
1177,2021-10-06 02:36:46,24350.0,100.0,220600.0
1178,2021-10-06 02:36:46,24350.0,500.0,220500.0
1179,2021-10-06 02:36:46,24350.0,100.0,220000.0
1180,2021-10-06 02:36:46,24350.0,200.0,219900.0
1181,2021-10-06 02:36:46,24350.0,200.0,219700.0
1182,2021-10-06 02:36:46,24350.0,100.0,219500.0
1183,2021-10-06 02:36:46,24350.0,2000.0,219400.0
1184,2021-10-06 02:36:46,24350.0,200.0,217400.0
1185,2021-10-06 02:36:42,24350.0,200.0,217200.0
1186,2021-10-06 02:36:39,24350.0,200.0,217000.0
1187,2021-10-06 02:36:36,24350.0,2600.0,216800.0
1188,2021-10-06 02:36:36,24400.0,100.0,214200.0
1189,2021-10-06 02:36:36,24400.0,900.0,214100.0
1190,2021-10-06 02:36:34,24400.0,200.0,213200.0
1191,2021-10-06 02:36:30,24400.0,1900.0,213000.0
1192,2021-10-06 02:36:30,24350.0,200.0,211100.0
1193,2021-10-06 02:36:12,24400.0,500.0,210900.0
1194,2021-10-06 02:36:07,24350.0,2600.0,210400.0
1195,2021-10-06 02:36:07,24350.0,100.0,207800.0
1196,2021-10-06 02:36:07,24350.0,5000.0,207700.0
1197,2021-10-06 02:36:07,24350.0,1000.0,202700.0
1198,2021-10-06 02:36:07,24350.0,100.0,201700.0
1199,2021-10-06 02:36:07,24350.0,1600.0,201600.0
1200,2021-10-06 02:35:32,24350.0,200.0,200000.0
1201,2021-10-06 02:35:29,24350.0,200.0,199800.0
1202,2021-10-06 02:35:27,24350.0,200.0,199600.0
1203,2021-10-06 02:35:24,24350.0,200.0,199400.0
1204,2021-10-06 02:35:22,24350.0,200.0,199200.0
1205,2021-10-06 02:35:20,24350.0,10400.0,199000.0
1206,2021-10-06 02:35:20,24400.0,400.0,188600.0
1207,2021-10-06 02:35:19,24400.0,200.0,188200.0
1208,2021-10-06 02:35:15,24400.0,200.0,188000.0
1209,2021-10-06 02:35:12,24400.0,200.0,187800.0
1210,2021-10-06 02:35:09,24400.0,200.0,187600.0
1211,2021-10-06 02:35:06,24400.0,200.0,187400.0
1212,2021-10-06 02:35:02,24350.0,200.0,187200.0
1213,2021-10-06 02:34:59,24350.0,200.0,187000.0
1214,2021-10-06 02:34:54,24350.0,200.0,186800.0
1215,2021-10-06 02:34:48,24350.0,200.0,186600.0
1216,2021-10-06 02:34:43,24350.0,200.0,186400.0
1217,2021-10-06 02:34:39,24350.0,200.0,186200.0
1218,2021-10-06 02:34:36,24350.0,200.0,186000.0
1219,2021-10-06 02:34:33,24350.0,200.0,185800.0
1220,2021-10-06 02:34:30,24350.0,200.0,185600.0
1221,2021-10-06 02:34:26,24350.0,200.0,185400.0
1222,2021-10-06 02:34:23,24350.0,200.0,185200.0
1223,2021-10-06 02:34:18,24350.0,200.0,185000.0
1224,2021-10-06 02:34:16,24350.0,200.0,184800.0
1225,2021-10-06 02:34:12,24350.0,200.0,184600.0
1226,2021-10-06 02:34:08,24350.0,200.0,184400.0
1227,2021-10-06 02:34:04,24350.0,10400.0,184200.0
1228,2021-10-06 02:34:03,24350.0,200.0,173800.0
1229,2021-10-06 02:33:39,24350.0,10300.0,173600.0
1230,2021-10-06 02:33:39,24400.0,100.0,163300.0
1231,2021-10-06 02:33:15,24350.0,2800.0,163200.0
1232,2021-10-06 02:33:12,24350.0,1500.0,160400.0
1233,2021-10-06 02:33:02,24350.0,8800.0,158900.0
1234,2021-10-06 02:33:02,24350.0,200.0,150100.0
1235,2021-10-06 02:33:02,24350.0,1400.0,149900.0
1236,2021-10-06 02:32:14,24350.0,3600.0,148500.0
1237,2021-10-06 02:32:14,24350.0,200.0,144900.0
1238,2021-10-06 02:32:14,24350.0,300.0,144700.0
1239,2021-10-06 02:32:14,24350.0,400.0,144400.0
1240,2021-10-06 02:32:14,24350.0,200.0,144000.0
1241,2021-10-06 02:32:14,24350.0,200.0,143800.0
1242,2021-10-06 02:32:14,24350.0,1000.0,143600.0
1243,2021-10-06 02:32:14,24350.0,2000.0,142600.0
1244,2021-10-06 02:32:14,24350.0,100.0,140600.0
1245,2021-10-06 02:32:14,24350.0,300.0,140500.0
1246,2021-10-06 02:32:14,24350.0,1700.0,140200.0
1247,2021-10-06 02:32:14,24400.0,100.0,138500.0
1248,2021-10-06 02:32:14,24400.0,100.0,138400.0
1249,2021-10-06 02:32:14,24400.0,200.0,138300.0
1250,2021-10-06 02:31:36,24500.0,200.0,138100.0
1251,2021-10-06 02:31:17,24500.0,300.0,137900.0
1252,2021-10-06 02:31:07,24500.0,500.0,137600.0
1253,2021-10-06 02:30:32,24500.0,100.0,137100.0
1254,2021-10-06 02:28:45,24350.0,200.0,137000.0
1255,2021-10-06 02:28:42,24350.0,100.0,136800.0
1256,2021-10-06 02:28:42,24350.0,200.0,136700.0
1257,2021-10-06 02:28:40,24500.0,200.0,136500.0
1258,2021-10-06 02:28:39,24350.0,300.0,136300.0
1259,2021-10-06 02:28:36,24350.0,100.0,136000.0
1260,2021-10-06 02:28:36,24350.0,100.0,135900.0
1261,2021-10-06 02:28:36,24350.0,100.0,135800.0
1262,2021-10-06 02:28:35,24500.0,3000.0,135700.0
1263,2021-10-06 02:28:35,24500.0,100.0,132700.0
1264,2021-10-06 02:28:35,24500.0,1100.0,132600.0
1265,2021-10-06 02:28:35,24500.0,100.0,131500.0
1266,2021-10-06 02:28:35,24500.0,100.0,131400.0
1267,2021-10-06 02:28:35,24500.0,300.0,131300.0
1268,2021-10-06 02:28:35,24500.0,3000.0,131000.0
1269,2021-10-06 02:28:35,24600.0,400.0,128000.0
1270,2021-10-06 02:28:32,24600.0,300.0,127600.0
1271,2021-10-06 02:28:29,24600.0,300.0,127300.0
1272,2021-10-06 02:28:27,24500.0,300.0,127000.0
1273,2021-10-06 02:28:24,24500.0,200.0,126700.0
1274,2021-10-06 02:28:20,24500.0,200.0,126500.0
1275,2021-10-06 02:28:18,24500.0,200.0,126300.0
1276,2021-10-06 02:28:14,24500.0,200.0,126100.0
1277,2021-10-06 02:28:12,24500.0,200.0,125900.0
1278,2021-10-06 02:28:09,24500.0,200.0,125700.0
1279,2021-10-06 02:28:06,24500.0,200.0,125500.0
1280,2021-10-06 02:28:03,24500.0,200.0,125300.0
1281,2021-10-06 02:28:00,24500.0,200.0,125100.0
1282,2021-10-06 02:27:57,24500.0,200.0,124900.0
1283,2021-10-06 02:27:54,24500.0,200.0,124700.0
1284,2021-10-06 02:27:50,24500.0,200.0,124500.0
1285,2021-10-06 02:27:47,24500.0,200.0,124300.0
1286,2021-10-06 02:27:44,24500.0,200.0,124100.0
1287,2021-10-06 02:27:39,24500.0,100.0,123900.0
1288,2021-10-06 02:27:39,24500.0,100.0,123800.0
1289,2021-10-06 02:27:36,24500.0,200.0,123700.0
1290,2021-10-06 02:27:10,24700.0,100.0,123500.0
1291,2021-10-06 02:26:24,24500.0,200.0,123400.0
1292,2021-10-06 02:26:20,24500.0,200.0,123200.0
1293,2021-10-06 02:26:16,24500.0,200.0,123000.0
1294,2021-10-06 02:26:12,24500.0,200.0,122800.0
1295,2021-10-06 02:26:09,24500.0,200.0,122600.0
1296,2021-10-06 02:26:07,24500.0,200.0,122400.0
1297,2021-10-06 02:26:05,24500.0,200.0,122200.0
1298,2021-10-06 02:26:01,24500.0,200.0,122000.0
1299,2021-10-06 02:25:59,24500.0,200.0,121800.0
1300,2021-10-06 02:25:59,24500.0,200.0,121600.0
1301,2021-10-06 02:25:56,24500.0,200.0,121400.0
1302,2021-10-06 02:25:56,24500.0,200.0,121200.0
1303,2021-10-06 02:25:55,24500.0,100.0,121000.0
1304,2021-10-06 02:25:55,24500.0,100.0,120900.0
1305,2021-10-06 02:25:49,24600.0,200.0,120800.0
1306,2021-10-06 02:25:49,24600.0,200.0,120600.0
1307,2021-10-06 02:25:49,24600.0,200.0,120400.0
1308,2021-10-06 02:25:44,24600.0,200.0,120200.0
1309,2021-10-06 02:25:44,24600.0,200.0,120000.0
1310,2021-10-06 02:25:32,24500.0,100.0,119800.0
1311,2021-10-06 02:25:32,24600.0,100.0,119700.0
1312,2021-10-06 02:25:30,24600.0,200.0,119600.0
1313,2021-10-06 02:25:23,24600.0,200.0,119400.0
1314,2021-10-06 02:25:22,24600.0,200.0,119200.0
1315,2021-10-06 02:25:15,24600.0,200.0,119000.0
1316,2021-10-06 02:25:05,24600.0,100.0,118800.0
1317,2021-10-06 02:25:05,24600.0,100.0,118700.0
1318,2021-10-06 02:25:00,24600.0,200.0,118600.0
1319,2021-10-06 02:24:57,24600.0,200.0,118400.0
1320,2021-10-06 02:24:49,24700.0,100.0,118200.0
1321,2021-10-06 02:24:49,24700.0,500.0,118100.0
1322,2021-10-06 02:24:49,24700.0,400.0,117600.0
1323,2021-10-06 02:24:41,24700.0,500.0,117200.0
1324,2021-10-06 02:24:34,24700.0,100.0,116700.0
1325,2021-10-06 02:24:34,24700.0,100.0,116600.0
1326,2021-10-06 02:24:34,24700.0,800.0,116500.0
1327,2021-10-06 02:24:22,24700.0,500.0,115700.0
1328,2021-10-06 02:24:18,24700.0,200.0,115200.0
1329,2021-10-06 02:23:55,24700.0,1000.0,115000.0
1330,2021-10-06 02:23:53,24700.0,100.0,114000.0
1331,2021-10-06 02:23:40,24700.0,100.0,113900.0
1332,2021-10-06 02:23:30,24700.0,1000.0,113800.0
1333,2021-10-06 02:23:26,24700.0,200.0,112800.0
1334,2021-10-06 02:23:24,24700.0,200.0,112600.0
1335,2021-10-06 02:23:20,24700.0,200.0,112400.0
1336,2021-10-06 02:23:17,24700.0,200.0,112200.0
1337,2021-10-06 02:23:13,24700.0,200.0,112000.0
1338,2021-10-06 02:23:10,24700.0,200.0,111800.0
1339,2021-10-06 02:23:08,24700.0,200.0,111600.0
1340,2021-10-06 02:23:06,24700.0,1500.0,111400.0
1341,2021-10-06 02:23:06,24700.0,200.0,109900.0
1342,2021-10-06 02:23:03,24700.0,800.0,109700.0
1343,2021-10-06 02:23:02,24700.0,600.0,108900.0
1344,2021-10-06 02:23:01,24700.0,200.0,108300.0
1345,2021-10-06 02:23:00,24700.0,100.0,108100.0
1346,2021-10-06 02:22:59,24700.0,200.0,108000.0
1347,2021-10-06 02:22:56,24700.0,200.0,107800.0
1348,2021-10-06 02:22:53,24700.0,200.0,107600.0
1349,2021-10-06 02:22:50,24700.0,200.0,107400.0
1350,2021-10-06 02:22:47,24700.0,200.0,107200.0
1351,2021-10-06 02:22:43,24700.0,200.0,107000.0
1352,2021-10-06 02:22:40,24700.0,200.0,106800.0
1353,2021-10-06 02:22:36,24700.0,200.0,106600.0
1354,2021-10-06 02:22:34,24700.0,200.0,106400.0
1355,2021-10-06 02:22:29,24700.0,200.0,106200.0
1356,2021-10-06 02:22:26,24700.0,200.0,106000.0
1357,2021-10-06 02:22:22,24700.0,200.0,105800.0
1358,2021-10-06 02:22:19,24700.0,200.0,105600.0
1359,2021-10-06 02:22:16,24700.0,200.0,105400.0
1360,2021-10-06 02:22:11,24700.0,200.0,105200.0
1361,2021-10-06 02:22:05,24700.0,200.0,105000.0
1362,2021-10-06 02:21:59,24750.0,100.0,104800.0
1363,2021-10-06 02:21:59,24700.0,200.0,104700.0
1364,2021-10-06 02:21:53,24700.0,1000.0,104500.0
1365,2021-10-06 02:20:34,24700.0,5200.0,103500.0
1366,2021-10-06 02:20:05,24700.0,1500.0,98300.0
1367,2021-10-06 02:20:04,24700.0,100.0,96800.0
1368,2021-10-06 02:20:04,24700.0,200.0,96700.0
1369,2021-10-06 02:20:04,24700.0,1000.0,96500.0
1370,2021-10-06 02:20:04,24700.0,100.0,95500.0
1371,2021-10-06 02:20:04,24700.0,100.0,95400.0
1372,2021-10-06 02:20:04,24700.0,300.0,95300.0
1373,2021-10-06 02:20:04,24700.0,2000.0,95000.0
1374,2021-10-06 02:20:04,24700.0,2000.0,93000.0
1375,2021-10-06 02:20:04,24700.0,500.0,91000.0
1376,2021-10-06 02:20:04,24700.0,100.0,90500.0
1377,2021-10-06 02:20:04,24700.0,1000.0,90400.0
1378,2021-10-06 02:20:04,24700.0,13200.0,89400.0
1379,2021-10-06 02:20:04,24650.0,1000.0,76200.0
1380,2021-10-06 02:20:04,24650.0,200.0,75200.0
1381,2021-10-06 02:20:04,24400.0,3600.0,75000.0
1382,2021-10-06 02:19:43,24300.0,500.0,71400.0
1383,2021-10-06 02:19:43,24350.0,300.0,70900.0
1384,2021-10-06 02:19:43,24350.0,300.0,70600.0
1385,2021-10-06 02:19:43,24350.0,4100.0,70300.0
1386,2021-10-06 02:19:23,24350.0,5200.0,66200.0
1387,2021-10-06 02:18:59,24350.0,700.0,61000.0
1388,2021-10-06 02:18:59,24400.0,100.0,60300.0
1389,2021-10-06 02:18:59,24400.0,100.0,60200.0
1390,2021-10-06 02:18:59,24400.0,100.0,60100.0
1391,2021-10-06 02:18:59,24400.0,100.0,60000.0
1392,2021-10-06 02:18:59,24400.0,1800.0,59900.0
1393,2021-10-06 02:18:59,24450.0,1000.0,58100.0
1394,2021-10-06 02:18:59,24450.0,500.0,57100.0
1395,2021-10-06 02:18:59,24450.0,100.0,56600.0
1396,2021-10-06 02:18:59,24450.0,100.0,56500.0
1397,2021-10-06 02:18:59,24500.0,300.0,56400.0
1398,2021-10-06 02:18:59,24500.0,100.0,56100.0
1399,2021-10-06 02:18:59,24500.0,100.0,56000.0
1400,2021-10-06 02:18:59,24500.0,100.0,55900.0
1401,2021-10-06 02:18:43,24500.0,2900.0,55800.0
1402,2021-10-06 02:18:35,24500.0,100.0,52900.0
1403,2021-10-06 02:18:22,24500.0,100.0,52800.0
1404,2021-10-06 02:18:14,24500.0,200.0,52700.0
1405,2021-10-06 02:18:14,24500.0,100.0,52500.0
1406,2021-10-06 02:18:14,24500.0,100.0,52400.0
1407,2021-10-06 02:18:14,24600.0,100.0,52300.0
1408,2021-10-06 02:18:04,24500.0,3600.0,52200.0
1409,2021-10-06 02:17:53,24500.0,3000.0,48600.0
1410,2021-10-06 02:17:53,24500.0,200.0,45600.0
1411,2021-10-06 02:17:53,24500.0,100.0,45400.0
1412,2021-10-06 02:17:53,24500.0,100.0,45300.0
1413,2021-10-06 02:17:53,24500.0,200.0,45200.0
1414,2021-10-06 02:17:42,24500.0,800.0,45000.0
1415,2021-10-06 02:17:42,24500.0,200.0,44200.0
1416,2021-10-06 02:17:42,24500.0,1000.0,44000.0
1417,2021-10-06 02:17:42,24500.0,1600.0,43000.0
1418,2021-10-06 02:17:22,24700.0,200.0,41400.0
1419,2021-10-06 02:16:51,24700.0,3500.0,41200.0
1420,2021-10-06 02:16:30,24700.0,900.0,37700.0
1421,2021-10-06 02:16:30,24500.0,13000.0,36800.0
1422,2021-10-06 02:16:26,24500.0,5400.0,23800.0
1423,2021-10-06 02:16:26,24500.0,300.0,18400.0
1424,2021-10-06 02:16:26,24500.0,300.0,18100.0
1425,2021-10-06 02:16:26,24500.0,200.0,17800.0
1426,2021-10-06 02:16:26,24500.0,100.0,17600.0
1427,2021-10-06 02:16:26,24500.0,1000.0,17500.0
1428,2021-10-06 02:16:26,24500.0,1000.0,16500.0
1429,2021-10-06 02:16:26,24500.0,100.0,15500.0
1430,2021-10-06 02:16:26,24500.0,200.0,15400.0
1431,2021-10-06 02:16:26,24500.0,200.0,15200.0
1432,2021-10-06 02:16:26,24600.0,100.0,15000.0
1433,2021-10-06 02:16:26,24600.0,100.0,14900.0
1434,2021-10-06 02:16:26,24600.0,900.0,14800.0
1435,2021-10-06 02:16:26,24650.0,500.0,13900.0
1436,2021-10-06 02:15:49,24600.0,2200.0,13400.0
1437,2021-10-06 02:15:49,24600.0,100.0,11200.0
1438,2021-10-06 02:15:49,24600.0,300.0,11100.0
1439,2021-10-06 02:15:48,24600.0,100.0,10800.0
1440,2021-10-06 02:15:31,24600.0,100.0,10700.0
1441,2021-10-06 02:15:01,24700.0,2200.0,10600.0
1442,2021-10-06 02:15:01,24700.0,500.0,8400.0
1443,2021-10-06 02:15:01,24700.0,100.0,7900.0
1444,2021-10-06 02:15:01,24700.0,100.0,7800.0
1445,2021-10-06 02:15:01,24700.0,500.0,7700.0
1446,2021-10-06 02:15:01,24700.0,500.0,7200.0
1447,2021-10-06 02:15:01,24700.0,2500.0,6700.0
1448,2021-10-06 02:15:01,24700.0,200.0,4200.0
1449,2021-10-06 02:15:01,24700.0,3400.0,4000.0
1450,2021-10-06 02:15:01,24700.0,100.0,600.0
1451,2021-10-06 02:15:01,24700.0,100.0,500.0
1452,2021-10-06 02:15:01,24700.0,100.0,400.0
1453,2021-10-06 02:15:01,24700.0,300.0,300.0
