,Time,Price,Volume_per_trade,Volume
0,2021-10-21 07:45:01,24600.0,10000.0,2785600.0
1,2021-10-21 07:45:01,24600.0,100.0,2775600.0
2,2021-10-21 07:45:01,24600.0,4000.0,2775500.0
3,2021-10-21 07:45:01,24600.0,32500.0,2771500.0
4,2021-10-21 07:45:01,24600.0,500.0,2739000.0
5,2021-10-21 07:45:01,24600.0,200.0,2738500.0
6,2021-10-21 07:45:01,24600.0,1000.0,2738300.0
7,2021-10-21 07:45:01,24600.0,500.0,2737300.0
8,2021-10-21 07:45:01,24600.0,1000.0,2736800.0
9,2021-10-21 07:45:01,24600.0,500.0,2735800.0
10,2021-10-21 07:45:01,24600.0,400.0,2735300.0
11,2021-10-21 07:45:01,24600.0,1000.0,2734900.0
12,2021-10-21 07:45:01,24600.0,1000.0,2733900.0
13,2021-10-21 07:45:01,24600.0,600.0,2732900.0
14,2021-10-21 07:45:01,24600.0,700.0,2732300.0
15,2021-10-21 07:45:01,24600.0,100.0,2731600.0
16,2021-10-21 07:45:01,24600.0,100.0,2731500.0
17,2021-10-21 07:45:01,24600.0,300.0,2731400.0
18,2021-10-21 07:45:01,24600.0,100.0,2731100.0
19,2021-10-21 07:45:01,24600.0,2000.0,2731000.0
20,2021-10-21 07:45:01,24600.0,1000.0,2729000.0
21,2021-10-21 07:45:01,24600.0,100.0,2728000.0
22,2021-10-21 07:45:01,24600.0,5000.0,2727900.0
23,2021-10-21 07:45:01,24600.0,200.0,2722900.0
24,2021-10-21 07:45:01,24600.0,500.0,2722700.0
25,2021-10-21 07:45:01,24600.0,1000.0,2722200.0
26,2021-10-21 07:45:01,24600.0,100.0,2721200.0
27,2021-10-21 07:45:01,24600.0,2000.0,2721100.0
28,2021-10-21 07:45:01,24600.0,39700.0,2719100.0
29,2021-10-21 07:45:01,24600.0,2600.0,2679400.0
30,2021-10-21 07:45:01,24600.0,7700.0,2676800.0
31,2021-10-21 07:45:01,24600.0,2000.0,2669100.0
32,2021-10-21 07:45:01,24600.0,100.0,2667100.0
33,2021-10-21 07:45:01,24600.0,2000.0,2667000.0
34,2021-10-21 07:45:01,24600.0,15000.0,2665000.0
35,2021-10-21 07:45:01,24600.0,100.0,2650000.0
36,2021-10-21 07:45:01,24600.0,200.0,2649900.0
37,2021-10-21 07:45:01,24600.0,500.0,2649700.0
38,2021-10-21 07:45:01,24600.0,200.0,2649200.0
39,2021-10-21 07:45:01,24600.0,500.0,2649000.0
40,2021-10-21 07:45:01,24600.0,100.0,2648500.0
41,2021-10-21 07:45:01,24600.0,10000.0,2648400.0
42,2021-10-21 07:45:01,24600.0,2000.0,2638400.0
43,2021-10-21 07:45:01,24600.0,300.0,2636400.0
44,2021-10-21 07:45:01,24600.0,200.0,2636100.0
45,2021-10-21 07:45:01,24600.0,1000.0,2635900.0
46,2021-10-21 07:45:01,24600.0,2000.0,2634900.0
47,2021-10-21 07:45:01,24600.0,5000.0,2632900.0
48,2021-10-21 07:45:01,24600.0,100.0,2627900.0
49,2021-10-21 07:45:01,24600.0,200.0,2627800.0
50,2021-10-21 07:45:01,24600.0,1000.0,2627600.0
51,2021-10-21 07:45:01,24600.0,10000.0,2626600.0
52,2021-10-21 07:45:01,24600.0,100.0,2616600.0
53,2021-10-21 07:45:01,24600.0,100.0,2616500.0
54,2021-10-21 07:45:01,24600.0,2000.0,2616400.0
55,2021-10-21 07:45:01,24600.0,1000.0,2614400.0
56,2021-10-21 07:45:01,24600.0,1000.0,2613400.0
57,2021-10-21 07:45:01,24600.0,12000.0,2612400.0
58,2021-10-21 07:45:01,24600.0,100.0,2600400.0
59,2021-10-21 07:45:01,24600.0,100.0,2600300.0
60,2021-10-21 07:45:01,24600.0,500.0,2600200.0
61,2021-10-21 07:45:01,24600.0,300.0,2599700.0
62,2021-10-21 07:45:01,24600.0,100.0,2599400.0
63,2021-10-21 07:45:01,24600.0,500.0,2599300.0
64,2021-10-21 07:45:01,24600.0,2000.0,2598800.0
65,2021-10-21 07:45:01,24600.0,400.0,2596800.0
66,2021-10-21 07:45:01,24600.0,500.0,2596400.0
67,2021-10-21 07:45:01,24600.0,200.0,2595900.0
68,2021-10-21 07:45:01,24600.0,200.0,2595700.0
69,2021-10-21 07:45:01,24600.0,1000.0,2595500.0
70,2021-10-21 07:45:01,24600.0,1000.0,2594500.0
71,2021-10-21 07:45:01,24600.0,100.0,2593500.0
72,2021-10-21 07:45:01,24600.0,2000.0,2593400.0
73,2021-10-21 07:45:01,24600.0,300.0,2591400.0
74,2021-10-21 07:45:01,24600.0,100.0,2591100.0
75,2021-10-21 07:45:01,24600.0,4000.0,2591000.0
76,2021-10-21 07:45:01,24600.0,1000.0,2587000.0
77,2021-10-21 07:45:01,24600.0,200.0,2586000.0
78,2021-10-21 07:45:01,24600.0,100.0,2585800.0
79,2021-10-21 07:45:01,24600.0,1000.0,2585700.0
80,2021-10-21 07:45:01,24600.0,10000.0,2584700.0
81,2021-10-21 07:45:01,24600.0,100.0,2574700.0
82,2021-10-21 07:45:01,24600.0,100.0,2574600.0
83,2021-10-21 07:45:01,24600.0,300.0,2574500.0
84,2021-10-21 07:45:01,24600.0,1000.0,2574200.0
85,2021-10-21 07:45:01,24600.0,400.0,2573200.0
86,2021-10-21 07:45:01,24600.0,2600.0,2572800.0
87,2021-10-21 07:45:01,24600.0,1000.0,2570200.0
88,2021-10-21 07:45:01,24600.0,1000.0,2569200.0
89,2021-10-21 07:45:01,24600.0,50000.0,2568200.0
90,2021-10-21 07:45:01,24600.0,10000.0,2518200.0
91,2021-10-21 07:45:01,24600.0,2700.0,2508200.0
92,2021-10-21 07:45:01,24600.0,2000.0,2505500.0
93,2021-10-21 07:45:01,24600.0,3000.0,2503500.0
94,2021-10-21 07:45:01,24600.0,10000.0,2500500.0
95,2021-10-21 07:45:01,24600.0,1000.0,2490500.0
96,2021-10-21 07:45:01,24600.0,200.0,2489500.0
97,2021-10-21 07:45:01,24600.0,3000.0,2489300.0
98,2021-10-21 07:45:01,24600.0,100.0,2486300.0
99,2021-10-21 07:45:01,24600.0,100.0,2486200.0
100,2021-10-21 07:45:01,24600.0,5000.0,2486100.0
101,2021-10-21 07:45:01,24600.0,100.0,2481100.0
102,2021-10-21 07:45:01,24600.0,10000.0,2481000.0
103,2021-10-21 07:45:01,24600.0,1000.0,2471000.0
104,2021-10-21 07:45:01,24600.0,800.0,2470000.0
105,2021-10-21 07:45:01,24600.0,1000.0,2469200.0
106,2021-10-21 07:45:01,24600.0,300.0,2468200.0
107,2021-10-21 07:45:01,24600.0,100.0,2467900.0
108,2021-10-21 07:45:01,24600.0,100.0,2467800.0
109,2021-10-21 07:45:01,24600.0,1000.0,2467700.0
110,2021-10-21 07:45:01,24600.0,1000.0,2466700.0
111,2021-10-21 07:45:01,24600.0,100.0,2465700.0
112,2021-10-21 07:45:01,24600.0,10000.0,2465600.0
113,2021-10-21 07:45:01,24600.0,1000.0,2455600.0
114,2021-10-21 07:45:01,24600.0,1000.0,2454600.0
115,2021-10-21 07:45:01,24600.0,300.0,2453600.0
116,2021-10-21 07:45:01,24600.0,200.0,2453300.0
117,2021-10-21 07:45:01,24600.0,3000.0,2453100.0
118,2021-10-21 07:45:01,24600.0,100.0,2450100.0
119,2021-10-21 07:45:01,24600.0,500.0,2450000.0
120,2021-10-21 07:45:01,24600.0,100.0,2449500.0
121,2021-10-21 07:45:01,24600.0,100.0,2449400.0
122,2021-10-21 07:45:01,24600.0,100.0,2449300.0
123,2021-10-21 07:45:01,24600.0,100.0,2449200.0
124,2021-10-21 07:45:01,24600.0,100.0,2449100.0
125,2021-10-21 07:45:01,24600.0,1000.0,2449000.0
126,2021-10-21 07:45:01,24600.0,100.0,2448000.0
127,2021-10-21 07:45:01,24600.0,2000.0,2447900.0
128,2021-10-21 07:45:01,24600.0,500.0,2445900.0
129,2021-10-21 07:45:01,24600.0,100.0,2445400.0
130,2021-10-21 07:45:01,24600.0,500.0,2445300.0
131,2021-10-21 07:45:01,24600.0,100.0,2444800.0
132,2021-10-21 07:45:01,24600.0,100.0,2444700.0
133,2021-10-21 07:45:01,24600.0,400.0,2444600.0
134,2021-10-21 07:45:01,24600.0,500.0,2444200.0
135,2021-10-21 07:45:01,24600.0,1500.0,2443700.0
136,2021-10-21 07:45:01,24600.0,100.0,2442200.0
137,2021-10-21 07:45:01,24600.0,3000.0,2442100.0
138,2021-10-21 07:45:01,24600.0,300.0,2439100.0
139,2021-10-21 07:45:01,24600.0,200.0,2438800.0
140,2021-10-21 07:45:01,24600.0,5000.0,2438600.0
141,2021-10-21 07:45:01,24600.0,1000.0,2433600.0
142,2021-10-21 07:45:01,24600.0,2000.0,2432600.0
143,2021-10-21 07:45:01,24600.0,1000.0,2430600.0
144,2021-10-21 07:45:01,24600.0,100.0,2429600.0
145,2021-10-21 07:45:01,24600.0,100.0,2429500.0
146,2021-10-21 07:45:01,24600.0,200.0,2429400.0
147,2021-10-21 07:45:01,24600.0,500.0,2429200.0
148,2021-10-21 07:45:01,24600.0,1000.0,2428700.0
149,2021-10-21 07:45:01,24600.0,1000.0,2427700.0
150,2021-10-21 07:45:01,24600.0,200.0,2426700.0
151,2021-10-21 07:45:01,24600.0,100.0,2426500.0
152,2021-10-21 07:45:01,24600.0,100.0,2426400.0
153,2021-10-21 07:45:01,24600.0,1000.0,2426300.0
154,2021-10-21 07:45:01,24600.0,500.0,2425300.0
155,2021-10-21 07:45:01,24600.0,200.0,2424800.0
156,2021-10-21 07:45:01,24600.0,100.0,2424600.0
157,2021-10-21 07:45:01,24600.0,100.0,2424500.0
158,2021-10-21 07:45:01,24600.0,1000.0,2424400.0
159,2021-10-21 07:45:01,24600.0,500.0,2423400.0
160,2021-10-21 07:45:01,24600.0,500.0,2422900.0
161,2021-10-21 07:45:01,24600.0,500.0,2422400.0
162,2021-10-21 07:45:01,24600.0,500.0,2421900.0
163,2021-10-21 07:45:01,24600.0,10900.0,2421400.0
164,2021-10-21 07:45:01,24600.0,100.0,2410500.0
165,2021-10-21 07:45:01,24600.0,1100.0,2410400.0
166,2021-10-21 07:45:01,24600.0,5000.0,2409300.0
167,2021-10-21 07:45:01,24600.0,100.0,2404300.0
168,2021-10-21 07:45:01,24600.0,100.0,2404200.0
169,2021-10-21 07:45:01,24600.0,1000.0,2404100.0
170,2021-10-21 07:45:01,24600.0,100.0,2403100.0
171,2021-10-21 07:45:01,24600.0,100.0,2403000.0
172,2021-10-21 07:45:01,24600.0,100.0,2402900.0
173,2021-10-21 07:45:01,24600.0,200.0,2402800.0
174,2021-10-21 07:45:01,24600.0,1000.0,2402600.0
175,2021-10-21 07:45:01,24600.0,200.0,2401600.0
176,2021-10-21 07:45:01,24600.0,100.0,2401400.0
177,2021-10-21 07:45:01,24600.0,100.0,2401300.0
178,2021-10-21 07:45:01,24600.0,100.0,2401200.0
179,2021-10-21 07:45:01,24600.0,9400.0,2401100.0
180,2021-10-21 07:45:01,24600.0,600.0,2391700.0
181,2021-10-21 07:45:01,24600.0,200.0,2391100.0
182,2021-10-21 07:45:01,24600.0,200.0,2390900.0
183,2021-10-21 07:45:01,24600.0,100.0,2390700.0
184,2021-10-21 07:45:01,24600.0,100.0,2390600.0
185,2021-10-21 07:45:01,24600.0,10000.0,2390500.0
186,2021-10-21 07:45:01,24600.0,2000.0,2380500.0
187,2021-10-21 07:45:01,24600.0,1000.0,2378500.0
188,2021-10-21 07:45:01,24600.0,1000.0,2377500.0
189,2021-10-21 07:45:01,24600.0,200.0,2376500.0
190,2021-10-21 07:45:01,24600.0,100.0,2376300.0
191,2021-10-21 07:45:01,24600.0,1000.0,2376200.0
192,2021-10-21 07:45:01,24600.0,100.0,2375200.0
193,2021-10-21 07:45:01,24600.0,1000.0,2375100.0
194,2021-10-21 07:45:01,24600.0,100.0,2374100.0
195,2021-10-21 07:45:01,24600.0,500.0,2374000.0
196,2021-10-21 07:45:01,24600.0,100.0,2373500.0
197,2021-10-21 07:45:01,24600.0,100.0,2373400.0
198,2021-10-21 07:45:01,24600.0,100.0,2373300.0
199,2021-10-21 07:45:01,24600.0,1000.0,2373200.0
200,2021-10-21 07:45:01,24600.0,100.0,2372200.0
201,2021-10-21 07:45:01,24600.0,100.0,2372100.0
202,2021-10-21 07:45:01,24600.0,1500.0,2372000.0
203,2021-10-21 07:45:01,24600.0,100.0,2370500.0
204,2021-10-21 07:45:01,24600.0,200.0,2370400.0
205,2021-10-21 07:45:01,24600.0,100.0,2370200.0
206,2021-10-21 07:45:01,24600.0,100.0,2370100.0
207,2021-10-21 07:45:01,24600.0,200.0,2370000.0
208,2021-10-21 07:45:01,24600.0,200.0,2369800.0
209,2021-10-21 07:45:01,24600.0,200.0,2369600.0
210,2021-10-21 07:45:01,24600.0,500.0,2369400.0
211,2021-10-21 07:45:01,24600.0,100.0,2368900.0
212,2021-10-21 07:45:01,24600.0,500.0,2368800.0
213,2021-10-21 07:45:01,24600.0,500.0,2368300.0
214,2021-10-21 07:45:01,24600.0,100.0,2367800.0
215,2021-10-21 07:45:01,24600.0,100.0,2367700.0
216,2021-10-21 07:45:01,24600.0,400.0,2367600.0
217,2021-10-21 07:45:01,24600.0,2000.0,2367200.0
218,2021-10-21 07:45:01,24600.0,100.0,2365200.0
219,2021-10-21 07:45:01,24600.0,500.0,2365100.0
220,2021-10-21 07:45:01,24600.0,100.0,2364600.0
221,2021-10-21 07:45:01,24600.0,2000.0,2364500.0
222,2021-10-21 07:45:01,24600.0,100.0,2362500.0
223,2021-10-21 07:45:01,24600.0,3000.0,2362400.0
224,2021-10-21 07:45:01,24600.0,100.0,2359400.0
225,2021-10-21 07:45:01,24600.0,3000.0,2359300.0
226,2021-10-21 07:45:01,24600.0,200.0,2356300.0
227,2021-10-21 07:45:01,24600.0,100.0,2356100.0
228,2021-10-21 07:45:01,24600.0,200.0,2356000.0
229,2021-10-21 07:45:01,24600.0,100.0,2355800.0
230,2021-10-21 07:45:01,24600.0,200.0,2355700.0
231,2021-10-21 07:45:01,24600.0,5000.0,2355500.0
232,2021-10-21 07:45:01,24600.0,400.0,2350500.0
233,2021-10-21 07:45:01,24600.0,100.0,2350100.0
234,2021-10-21 07:45:01,24600.0,2000.0,2350000.0
235,2021-10-21 07:45:01,24600.0,100.0,2348000.0
236,2021-10-21 07:45:01,24600.0,3000.0,2347900.0
237,2021-10-21 07:45:01,24600.0,1000.0,2344900.0
238,2021-10-21 07:45:01,24600.0,2300.0,2343900.0
239,2021-10-21 07:45:01,24600.0,300.0,2341600.0
240,2021-10-21 07:45:01,24600.0,200.0,2341300.0
241,2021-10-21 07:45:01,24600.0,500.0,2341100.0
242,2021-10-21 07:45:01,24600.0,400.0,2340600.0
243,2021-10-21 07:45:01,24600.0,500.0,2340200.0
244,2021-10-21 07:45:01,24600.0,100.0,2339700.0
245,2021-10-21 07:45:01,24600.0,100.0,2339600.0
246,2021-10-21 07:45:01,24600.0,200.0,2339500.0
247,2021-10-21 07:45:01,24600.0,2000.0,2339300.0
248,2021-10-21 07:45:01,24600.0,5000.0,2337300.0
249,2021-10-21 07:45:01,24600.0,96600.0,2332300.0
250,2021-10-21 07:45:01,24600.0,3400.0,2235700.0
251,2021-10-21 07:45:01,24600.0,100.0,2232300.0
252,2021-10-21 07:45:01,24600.0,1000.0,2232200.0
253,2021-10-21 07:45:01,24600.0,500.0,2231200.0
254,2021-10-21 07:45:01,24600.0,100.0,2230700.0
255,2021-10-21 07:45:01,24600.0,100.0,2230600.0
256,2021-10-21 07:45:01,24600.0,500.0,2230500.0
257,2021-10-21 07:45:01,24600.0,100.0,2230000.0
258,2021-10-21 07:45:01,24600.0,200.0,2229900.0
259,2021-10-21 07:45:01,24600.0,500.0,2229700.0
260,2021-10-21 07:45:01,24600.0,100.0,2229200.0
261,2021-10-21 07:45:01,24600.0,5000.0,2229100.0
262,2021-10-21 07:45:01,24600.0,500.0,2224100.0
263,2021-10-21 07:45:01,24600.0,5000.0,2223600.0
264,2021-10-21 07:45:01,24600.0,5000.0,2218600.0
265,2021-10-21 07:45:01,24600.0,100.0,2213600.0
266,2021-10-21 07:45:01,24600.0,1000.0,2213500.0
267,2021-10-21 07:45:01,24600.0,500.0,2212500.0
268,2021-10-21 07:45:01,24600.0,200.0,2212000.0
269,2021-10-21 07:45:01,24600.0,100.0,2211800.0
270,2021-10-21 07:45:01,24600.0,400.0,2211700.0
271,2021-10-21 07:45:01,24600.0,100.0,2211300.0
272,2021-10-21 07:45:01,24600.0,5000.0,2211200.0
273,2021-10-21 07:45:01,24600.0,1100.0,2206200.0
274,2021-10-21 07:45:01,24600.0,100.0,2205100.0
275,2021-10-21 07:45:01,24600.0,500.0,2205000.0
276,2021-10-21 07:45:01,24600.0,1000.0,2204500.0
277,2021-10-21 07:45:01,24600.0,1000.0,2203500.0
278,2021-10-21 07:45:01,24600.0,500.0,2202500.0
279,2021-10-21 07:45:01,24600.0,300.0,2202000.0
280,2021-10-21 07:45:01,24600.0,1000.0,2201700.0
281,2021-10-21 07:45:01,24600.0,500.0,2200700.0
282,2021-10-21 07:45:01,24600.0,40000.0,2200200.0
283,2021-10-21 07:45:01,24600.0,2000.0,2160200.0
284,2021-10-21 07:45:01,24600.0,500.0,2158200.0
285,2021-10-21 07:45:01,24600.0,10000.0,2157700.0
286,2021-10-21 07:45:01,24600.0,500.0,2147700.0
287,2021-10-21 07:45:01,24600.0,200.0,2147200.0
288,2021-10-21 07:45:01,24600.0,900.0,2147000.0
289,2021-10-21 07:45:01,24600.0,100.0,2146100.0
290,2021-10-21 07:45:01,24600.0,20000.0,2146000.0
291,2021-10-21 07:45:01,24600.0,200.0,2126000.0
292,2021-10-21 07:45:01,24600.0,200.0,2125800.0
293,2021-10-21 07:45:01,24600.0,1000.0,2125600.0
294,2021-10-21 07:45:01,24600.0,200.0,2124600.0
295,2021-10-21 07:45:01,24600.0,100.0,2124400.0
296,2021-10-21 07:45:01,24600.0,100.0,2124300.0
297,2021-10-21 07:45:01,24600.0,500.0,2124200.0
298,2021-10-21 07:45:01,24600.0,1000.0,2123700.0
299,2021-10-21 07:45:01,24600.0,300.0,2122700.0
300,2021-10-21 07:45:01,24600.0,100.0,2122400.0
301,2021-10-21 07:45:01,24600.0,2000.0,2122300.0
302,2021-10-21 07:45:01,24600.0,200.0,2120300.0
303,2021-10-21 07:45:01,24600.0,2000.0,2120100.0
304,2021-10-21 07:45:01,24600.0,100.0,2118100.0
305,2021-10-21 07:45:01,24600.0,100.0,2118000.0
306,2021-10-21 07:45:01,24600.0,500.0,2117900.0
307,2021-10-21 07:45:01,24600.0,100.0,2117400.0
308,2021-10-21 07:45:01,24600.0,100.0,2117300.0
309,2021-10-21 07:45:01,24600.0,5000.0,2117200.0
310,2021-10-21 07:45:01,24600.0,6500.0,2112200.0
311,2021-10-21 07:45:01,24600.0,16500.0,2105700.0
312,2021-10-21 07:45:01,24600.0,500.0,2089200.0
313,2021-10-21 07:45:01,24600.0,500.0,2088700.0
314,2021-10-21 07:45:01,24600.0,200.0,2088200.0
315,2021-10-21 07:45:01,24600.0,100.0,2088000.0
316,2021-10-21 07:45:01,24600.0,1000.0,2087900.0
317,2021-10-21 07:45:01,24600.0,100.0,2086900.0
318,2021-10-21 07:45:01,24600.0,2000.0,2086800.0
319,2021-10-21 07:45:01,24600.0,500.0,2084800.0
320,2021-10-21 07:45:01,24600.0,1000.0,2084300.0
321,2021-10-21 07:45:01,24600.0,100.0,2083300.0
322,2021-10-21 07:45:01,24600.0,500.0,2083200.0
323,2021-10-21 07:45:01,24600.0,1000.0,2082700.0
324,2021-10-21 07:45:01,24600.0,100.0,2081700.0
325,2021-10-21 07:45:01,24600.0,500.0,2081600.0
326,2021-10-21 07:45:01,24600.0,100.0,2081100.0
327,2021-10-21 07:45:01,24600.0,100.0,2081000.0
328,2021-10-21 07:45:01,24600.0,200.0,2080900.0
329,2021-10-21 07:45:01,24600.0,200.0,2080700.0
330,2021-10-21 07:45:01,24600.0,200.0,2080500.0
331,2021-10-21 07:45:01,24600.0,9000.0,2080300.0
332,2021-10-21 07:45:01,24600.0,300.0,2071300.0
333,2021-10-21 07:45:01,24600.0,4000.0,2071000.0
334,2021-10-21 07:45:01,24600.0,500.0,2067000.0
335,2021-10-21 07:45:01,24600.0,300.0,2066500.0
336,2021-10-21 07:45:01,24600.0,200.0,2066200.0
337,2021-10-21 07:45:01,24600.0,5400.0,2066000.0
338,2021-10-21 07:45:01,24600.0,1000.0,2060600.0
339,2021-10-21 07:45:01,24600.0,2000.0,2059600.0
340,2021-10-21 07:45:01,24600.0,500.0,2057600.0
341,2021-10-21 07:45:01,24600.0,100.0,2057100.0
342,2021-10-21 07:45:01,24600.0,300.0,2057000.0
343,2021-10-21 07:45:01,24600.0,100.0,2056700.0
344,2021-10-21 07:45:01,24600.0,100.0,2056600.0
345,2021-10-21 07:45:01,24600.0,100.0,2056500.0
346,2021-10-21 07:45:01,24600.0,10000.0,2056400.0
347,2021-10-21 07:45:01,24600.0,100.0,2046400.0
348,2021-10-21 07:45:01,24600.0,100.0,2046300.0
349,2021-10-21 07:45:01,24600.0,200.0,2046200.0
350,2021-10-21 07:45:01,24600.0,100.0,2046000.0
351,2021-10-21 07:45:01,24600.0,100.0,2045900.0
352,2021-10-21 07:45:01,24600.0,1000.0,2045800.0
353,2021-10-21 07:45:01,24600.0,300.0,2044800.0
354,2021-10-21 07:45:01,24600.0,100.0,2044500.0
355,2021-10-21 07:45:01,24600.0,200.0,2044400.0
356,2021-10-21 07:45:01,24600.0,200.0,2044200.0
357,2021-10-21 07:45:01,24600.0,1000.0,2044000.0
358,2021-10-21 07:45:01,24600.0,600.0,2043000.0
359,2021-10-21 07:45:01,24600.0,200.0,2042400.0
360,2021-10-21 07:45:01,24600.0,200.0,2042200.0
361,2021-10-21 07:45:01,24600.0,1000.0,2042000.0
362,2021-10-21 07:45:01,24600.0,100.0,2041000.0
363,2021-10-21 07:45:01,24600.0,200.0,2040900.0
364,2021-10-21 07:45:01,24600.0,100.0,2040700.0
365,2021-10-21 07:45:01,24600.0,100.0,2040600.0
366,2021-10-21 07:45:01,24600.0,100.0,2040500.0
367,2021-10-21 07:45:01,24600.0,1100.0,2040400.0
368,2021-10-21 07:45:01,24600.0,200.0,2039300.0
369,2021-10-21 07:45:01,24600.0,100.0,2039100.0
370,2021-10-21 07:45:01,24600.0,400.0,2039000.0
371,2021-10-21 07:45:01,24600.0,1000.0,2038600.0
372,2021-10-21 07:45:01,24600.0,100.0,2037600.0
373,2021-10-21 07:45:01,24600.0,2000.0,2037500.0
374,2021-10-21 07:45:01,24600.0,200.0,2035500.0
375,2021-10-21 07:45:01,24600.0,200.0,2035300.0
376,2021-10-21 07:45:01,24600.0,1600.0,2035100.0
377,2021-10-21 07:45:01,24600.0,100.0,2033500.0
378,2021-10-21 07:45:01,24600.0,100.0,2033400.0
379,2021-10-21 07:45:01,24600.0,200.0,2033300.0
380,2021-10-21 07:45:01,24600.0,100.0,2033100.0
381,2021-10-21 07:45:01,24600.0,200.0,2033000.0
382,2021-10-21 07:45:01,24600.0,100.0,2032800.0
383,2021-10-21 07:45:01,24600.0,1000.0,2032700.0
384,2021-10-21 07:45:01,24600.0,300.0,2031700.0
385,2021-10-21 07:45:01,24600.0,200.0,2031400.0
386,2021-10-21 07:45:01,24600.0,500.0,2031200.0
387,2021-10-21 07:45:01,24600.0,100.0,2030700.0
388,2021-10-21 07:45:01,24600.0,100.0,2030600.0
389,2021-10-21 07:45:01,24600.0,1000.0,2030500.0
390,2021-10-21 07:45:01,24600.0,2200.0,2029500.0
391,2021-10-21 07:45:01,24600.0,1000.0,2027300.0
392,2021-10-21 07:45:01,24600.0,2000.0,2026300.0
393,2021-10-21 07:45:01,24600.0,500.0,2024300.0
394,2021-10-21 07:45:01,24600.0,1000.0,2023800.0
395,2021-10-21 07:45:01,24600.0,100.0,2022800.0
396,2021-10-21 07:45:01,24600.0,500.0,2022700.0
397,2021-10-21 07:45:01,24600.0,100.0,2022200.0
398,2021-10-21 07:45:01,24600.0,100.0,2022100.0
399,2021-10-21 07:45:01,24600.0,1500.0,2022000.0
400,2021-10-21 07:45:01,24600.0,2000.0,2020500.0
401,2021-10-21 07:45:01,24600.0,100.0,2018500.0
402,2021-10-21 07:45:01,24600.0,500.0,2018400.0
403,2021-10-21 07:45:01,24600.0,500.0,2017900.0
404,2021-10-21 07:45:01,24600.0,10000.0,2017400.0
405,2021-10-21 07:45:01,24600.0,1000.0,2007400.0
406,2021-10-21 07:45:01,24600.0,100.0,2006400.0
407,2021-10-21 07:45:01,24600.0,500.0,2006300.0
408,2021-10-21 07:45:01,24600.0,1000.0,2005800.0
409,2021-10-21 07:45:01,24600.0,1000.0,2004800.0
410,2021-10-21 07:45:01,24600.0,200.0,2003800.0
411,2021-10-21 07:45:01,24600.0,1400.0,2003600.0
412,2021-10-21 07:45:01,24600.0,500.0,2002200.0
413,2021-10-21 07:45:01,24600.0,11100.0,2001700.0
414,2021-10-21 07:45:01,24600.0,1300.0,1990600.0
415,2021-10-21 07:45:01,24600.0,600.0,1989300.0
416,2021-10-21 07:45:01,24600.0,2400.0,1988700.0
417,2021-10-21 07:45:01,24600.0,400.0,1986300.0
418,2021-10-21 07:45:01,24600.0,500.0,1985900.0
419,2021-10-21 07:45:01,24600.0,500.0,1985400.0
420,2021-10-21 07:45:01,24600.0,10000.0,1984900.0
421,2021-10-21 07:45:01,24600.0,12100.0,1974900.0
422,2021-10-21 07:45:01,24600.0,100.0,1962800.0
423,2021-10-21 07:45:01,24600.0,1700.0,1962700.0
424,2021-10-21 07:45:01,24600.0,300.0,1961000.0
425,2021-10-21 07:45:01,24600.0,10000.0,1960700.0
426,2021-10-21 07:45:01,24600.0,1000.0,1950700.0
427,2021-10-21 07:45:01,24600.0,500.0,1949700.0
428,2021-10-21 07:45:01,24600.0,200.0,1949200.0
429,2021-10-21 07:45:01,24600.0,1000.0,1949000.0
430,2021-10-21 07:45:01,24600.0,1000.0,1948000.0
431,2021-10-21 07:45:01,24600.0,2000.0,1947000.0
432,2021-10-21 07:45:01,24600.0,5000.0,1945000.0
433,2021-10-21 07:45:01,24600.0,200.0,1940000.0
434,2021-10-21 07:45:01,24600.0,500.0,1939800.0
435,2021-10-21 07:45:01,24600.0,100.0,1939300.0
436,2021-10-21 07:45:01,24600.0,10000.0,1939200.0
437,2021-10-21 07:45:01,24600.0,1300.0,1929200.0
438,2021-10-21 07:45:01,24600.0,10000.0,1927900.0
439,2021-10-21 07:45:01,24600.0,1400.0,1917900.0
440,2021-10-21 07:45:01,24600.0,1000.0,1916500.0
441,2021-10-21 07:45:01,24600.0,500.0,1915500.0
442,2021-10-21 07:45:01,24600.0,100.0,1915000.0
443,2021-10-21 07:45:01,24600.0,1400.0,1914900.0
444,2021-10-21 07:45:01,24600.0,1300.0,1913500.0
445,2021-10-21 07:45:01,24600.0,1400.0,1912200.0
446,2021-10-21 07:45:01,24600.0,700.0,1910800.0
447,2021-10-21 07:45:01,24600.0,100.0,1910100.0
448,2021-10-21 07:45:01,24600.0,200.0,1910000.0
449,2021-10-21 07:45:01,24600.0,1400.0,1909800.0
450,2021-10-21 07:45:01,24600.0,1300.0,1908400.0
451,2021-10-21 07:45:01,24600.0,100.0,1907100.0
452,2021-10-21 07:45:01,24600.0,100.0,1907000.0
453,2021-10-21 07:45:01,24600.0,1400.0,1906900.0
454,2021-10-21 07:45:01,24600.0,100.0,1905500.0
455,2021-10-21 07:45:01,24600.0,3400.0,1905400.0
456,2021-10-21 07:45:01,24600.0,9000.0,1902000.0
457,2021-10-21 07:45:01,24600.0,7500.0,1893000.0
458,2021-10-21 07:45:01,24600.0,500.0,1885500.0
459,2021-10-21 07:45:01,24600.0,200.0,1885000.0
460,2021-10-21 07:45:01,24600.0,1000.0,1884800.0
461,2021-10-21 07:45:01,24600.0,20000.0,1883800.0
462,2021-10-21 07:45:01,24600.0,5000.0,1863800.0
463,2021-10-21 07:45:01,24600.0,100.0,1858800.0
464,2021-10-21 07:45:01,24600.0,10000.0,1858700.0
465,2021-10-21 07:45:01,24600.0,500.0,1848700.0
466,2021-10-21 07:45:01,24600.0,200.0,1848200.0
467,2021-10-21 07:45:01,24600.0,200.0,1848000.0
468,2021-10-21 07:45:01,24600.0,5000.0,1847800.0
469,2021-10-21 07:45:01,24600.0,2000.0,1842800.0
470,2021-10-21 07:45:01,24600.0,300.0,1840800.0
471,2021-10-21 07:45:01,24600.0,200.0,1840500.0
472,2021-10-21 07:45:01,24600.0,500.0,1840300.0
473,2021-10-21 07:45:01,24600.0,200.0,1839800.0
474,2021-10-21 07:45:01,24600.0,1000.0,1839600.0
475,2021-10-21 07:45:01,24600.0,2000.0,1838600.0
476,2021-10-21 07:45:01,24600.0,10000.0,1836600.0
477,2021-10-21 07:45:01,24600.0,500.0,1826600.0
478,2021-10-21 07:45:01,24600.0,12000.0,1826100.0
479,2021-10-21 07:45:01,24600.0,300.0,1814100.0
480,2021-10-21 07:45:01,24600.0,800.0,1813800.0
481,2021-10-21 07:45:01,24600.0,100.0,1813000.0
482,2021-10-21 07:45:01,24600.0,10000.0,1812900.0
483,2021-10-21 07:45:01,24600.0,500.0,1802900.0
484,2021-10-21 07:45:01,24600.0,3000.0,1802400.0
485,2021-10-21 07:45:01,24600.0,100.0,1799400.0
486,2021-10-21 07:45:01,24600.0,200.0,1799300.0
487,2021-10-21 07:45:01,24600.0,100.0,1799100.0
488,2021-10-21 07:45:01,24600.0,10000.0,1799000.0
489,2021-10-21 07:45:01,24600.0,1000.0,1789000.0
490,2021-10-21 07:45:01,24600.0,1000.0,1788000.0
491,2021-10-21 07:45:01,24600.0,2000.0,1787000.0
492,2021-10-21 07:45:01,24600.0,100.0,1785000.0
493,2021-10-21 07:45:01,24600.0,1000.0,1784900.0
494,2021-10-21 07:45:01,24600.0,100.0,1783900.0
495,2021-10-21 07:45:01,24600.0,100.0,1783800.0
496,2021-10-21 07:45:01,24600.0,10000.0,1783700.0
497,2021-10-21 07:45:01,24600.0,300.0,1773700.0
498,2021-10-21 07:45:01,24600.0,200.0,1773400.0
499,2021-10-21 07:45:01,24600.0,600.0,1773200.0
500,2021-10-21 07:45:01,24600.0,100.0,1772600.0
501,2021-10-21 07:45:01,24600.0,1300.0,1772500.0
502,2021-10-21 07:45:01,24600.0,500.0,1771200.0
503,2021-10-21 07:45:01,24600.0,2000.0,1770700.0
504,2021-10-21 07:45:01,24600.0,400.0,1768700.0
505,2021-10-21 07:45:01,24600.0,1000.0,1768300.0
506,2021-10-21 07:45:01,24600.0,500.0,1767300.0
507,2021-10-21 07:45:01,24600.0,500.0,1766800.0
508,2021-10-21 07:45:01,24600.0,1000.0,1766300.0
509,2021-10-21 07:45:01,24600.0,300.0,1765300.0
510,2021-10-21 07:45:01,24600.0,50000.0,1765000.0
511,2021-10-21 07:45:01,24600.0,10000.0,1715000.0
512,2021-10-21 07:45:01,24600.0,1000.0,1705000.0
513,2021-10-21 07:45:01,24600.0,100.0,1704000.0
514,2021-10-21 07:45:01,24600.0,100.0,1703900.0
515,2021-10-21 07:45:01,24600.0,500.0,1703800.0
516,2021-10-21 07:45:01,24600.0,1500.0,1703300.0
517,2021-10-21 07:45:01,24600.0,1000.0,1701800.0
518,2021-10-21 07:45:01,24600.0,200.0,1700800.0
519,2021-10-21 07:45:01,24600.0,100.0,1700600.0
520,2021-10-21 07:45:01,24600.0,300.0,1700500.0
521,2021-10-21 07:45:01,24600.0,600.0,1700200.0
522,2021-10-21 07:45:01,24600.0,1000.0,1699600.0
523,2021-10-21 07:45:01,24600.0,200.0,1698600.0
524,2021-10-21 07:45:01,24600.0,1000.0,1698400.0
525,2021-10-21 07:45:01,24600.0,20000.0,1697400.0
526,2021-10-21 07:45:01,24600.0,9000.0,1677400.0
527,2021-10-21 07:45:01,24600.0,21700.0,1668400.0
528,2021-10-21 07:45:01,24600.0,1000.0,1646700.0
529,2021-10-21 07:45:01,24600.0,500.0,1645700.0
530,2021-10-21 07:45:01,24600.0,200.0,1645200.0
531,2021-10-21 07:29:56,25100.0,100.0,1645000.0
532,2021-10-21 07:29:45,25100.0,600.0,1644900.0
533,2021-10-21 07:29:45,25100.0,3900.0,1644300.0
534,2021-10-21 07:29:38,25100.0,1000.0,1640400.0
535,2021-10-21 07:29:20,25100.0,300.0,1639400.0
536,2021-10-21 07:29:05,25100.0,2500.0,1639100.0
537,2021-10-21 07:28:56,25100.0,500.0,1636600.0
538,2021-10-21 07:28:54,25100.0,600.0,1636100.0
539,2021-10-21 07:27:55,25050.0,200.0,1635500.0
540,2021-10-21 07:27:53,25100.0,400.0,1635300.0
541,2021-10-21 07:27:36,25050.0,100.0,1634900.0
542,2021-10-21 07:27:25,25100.0,100.0,1634800.0
543,2021-10-21 07:26:55,25100.0,1000.0,1634700.0
544,2021-10-21 07:26:47,25100.0,300.0,1633700.0
545,2021-10-21 07:26:11,25100.0,13000.0,1633400.0
546,2021-10-21 07:26:00,25100.0,3000.0,1620400.0
547,2021-10-21 07:25:25,25100.0,1400.0,1617400.0
548,2021-10-21 07:25:24,25100.0,800.0,1616000.0
549,2021-10-21 07:25:24,25100.0,100.0,1615200.0
550,2021-10-21 07:25:24,25100.0,500.0,1615100.0
551,2021-10-21 07:25:24,25100.0,1300.0,1614600.0
552,2021-10-21 07:25:24,25100.0,200.0,1613300.0
553,2021-10-21 07:25:24,25100.0,1200.0,1613100.0
554,2021-10-21 07:25:24,25100.0,1400.0,1611900.0
555,2021-10-21 07:25:24,25100.0,1400.0,1610500.0
556,2021-10-21 07:25:24,25100.0,1300.0,1609100.0
557,2021-10-21 07:24:52,25050.0,300.0,1607800.0
558,2021-10-21 07:24:52,25050.0,200.0,1607500.0
559,2021-10-21 07:24:14,25050.0,100.0,1607300.0
560,2021-10-21 07:24:04,25100.0,1400.0,1607200.0
561,2021-10-21 07:24:04,25100.0,1400.0,1605800.0
562,2021-10-21 07:24:04,25100.0,1400.0,1604400.0
563,2021-10-21 07:23:59,25100.0,1300.0,1603000.0
564,2021-10-21 07:23:59,25100.0,1400.0,1601700.0
565,2021-10-21 07:23:59,25100.0,1300.0,1600300.0
566,2021-10-21 07:23:58,25100.0,1400.0,1599000.0
567,2021-10-21 07:23:58,25100.0,1300.0,1597600.0
568,2021-10-21 07:23:58,25100.0,1400.0,1596300.0
569,2021-10-21 07:23:52,25050.0,100.0,1594900.0
570,2021-10-21 07:23:06,25050.0,200.0,1594800.0
571,2021-10-21 07:23:06,25050.0,1400.0,1594600.0
572,2021-10-21 07:23:06,25050.0,4000.0,1593200.0
573,2021-10-21 07:23:06,25050.0,100.0,1589200.0
574,2021-10-21 07:23:06,25050.0,1300.0,1589100.0
575,2021-10-21 07:23:06,25050.0,4000.0,1587800.0
576,2021-10-21 07:22:51,25100.0,2000.0,1583800.0
577,2021-10-21 07:21:57,25050.0,100.0,1581800.0
578,2021-10-21 07:21:43,25050.0,2000.0,1581700.0
579,2021-10-21 07:21:19,25050.0,1100.0,1579700.0
580,2021-10-21 07:20:57,25050.0,900.0,1578600.0
581,2021-10-21 07:20:44,25050.0,1100.0,1577700.0
582,2021-10-21 07:19:55,25050.0,800.0,1576600.0
583,2021-10-21 07:19:55,25050.0,100.0,1575800.0
584,2021-10-21 07:19:55,25050.0,100.0,1575700.0
585,2021-10-21 07:19:45,25050.0,400.0,1575600.0
586,2021-10-21 07:19:45,25050.0,100.0,1575200.0
587,2021-10-21 07:19:25,25100.0,400.0,1575100.0
588,2021-10-21 07:19:25,25100.0,100.0,1574700.0
589,2021-10-21 07:18:28,25100.0,100.0,1574600.0
590,2021-10-21 07:18:11,25100.0,200.0,1574500.0
591,2021-10-21 07:17:40,25100.0,1000.0,1574300.0
592,2021-10-21 07:16:45,25100.0,100.0,1573300.0
593,2021-10-21 07:16:36,25100.0,500.0,1573200.0
594,2021-10-21 07:16:24,25100.0,500.0,1572700.0
595,2021-10-21 07:16:23,25100.0,100.0,1572200.0
596,2021-10-21 07:16:23,25100.0,200.0,1572100.0
597,2021-10-21 07:16:23,25100.0,1700.0,1571900.0
598,2021-10-21 07:15:47,25100.0,300.0,1570200.0
599,2021-10-21 07:15:47,25050.0,500.0,1569900.0
600,2021-10-21 07:15:35,25100.0,100.0,1569400.0
601,2021-10-21 07:15:26,25050.0,400.0,1569300.0
602,2021-10-21 07:15:26,25050.0,600.0,1568900.0
603,2021-10-21 07:15:06,25050.0,200.0,1568300.0
604,2021-10-21 07:13:54,25050.0,200.0,1568100.0
605,2021-10-21 07:13:54,25050.0,100.0,1567900.0
606,2021-10-21 07:13:54,25050.0,1400.0,1567800.0
607,2021-10-21 07:13:54,25050.0,1400.0,1566400.0
608,2021-10-21 07:13:54,25050.0,1000.0,1565000.0
609,2021-10-21 07:13:54,25050.0,500.0,1564000.0
610,2021-10-21 07:13:54,25050.0,400.0,1563500.0
611,2021-10-21 07:12:22,25050.0,100.0,1563100.0
612,2021-10-21 07:11:57,25050.0,800.0,1563000.0
613,2021-10-21 07:11:57,25050.0,100.0,1562200.0
614,2021-10-21 07:11:57,25050.0,100.0,1562100.0
615,2021-10-21 07:11:57,25050.0,100.0,1562000.0
616,2021-10-21 07:11:57,25050.0,100.0,1561900.0
617,2021-10-21 07:11:26,25050.0,200.0,1561800.0
618,2021-10-21 07:10:32,25050.0,100.0,1561600.0
619,2021-10-21 07:10:13,25050.0,100.0,1561500.0
620,2021-10-21 07:09:43,25050.0,100.0,1561400.0
621,2021-10-21 07:08:57,25050.0,1300.0,1561300.0
622,2021-10-21 07:08:57,25050.0,700.0,1560000.0
623,2021-10-21 07:08:30,25050.0,3400.0,1559300.0
624,2021-10-21 07:08:27,25050.0,400.0,1555900.0
625,2021-10-21 07:08:19,25050.0,3400.0,1555500.0
626,2021-10-21 07:08:11,25050.0,1500.0,1552100.0
627,2021-10-21 07:08:11,25050.0,1200.0,1550600.0
628,2021-10-21 07:08:08,25050.0,200.0,1549400.0
629,2021-10-21 07:07:45,25050.0,100.0,1549200.0
630,2021-10-21 07:07:40,25100.0,200.0,1549100.0
631,2021-10-21 07:07:39,25050.0,100.0,1548900.0
632,2021-10-21 07:07:10,25050.0,500.0,1548800.0
633,2021-10-21 07:05:56,25050.0,300.0,1548300.0
634,2021-10-21 07:04:35,25050.0,200.0,1548000.0
635,2021-10-21 07:04:08,25050.0,3700.0,1547800.0
636,2021-10-21 07:03:54,25050.0,4300.0,1544100.0
637,2021-10-21 07:03:46,25000.0,2300.0,1539800.0
638,2021-10-21 07:03:46,25050.0,400.0,1537500.0
639,2021-10-21 07:03:46,25050.0,700.0,1537100.0
640,2021-10-21 07:03:37,25050.0,600.0,1536400.0
641,2021-10-21 07:03:27,25050.0,100.0,1535800.0
642,2021-10-21 07:03:27,25050.0,100.0,1535700.0
643,2021-10-21 07:03:27,25050.0,1300.0,1535600.0
644,2021-10-21 07:03:27,25050.0,100.0,1534300.0
645,2021-10-21 07:03:27,25050.0,1000.0,1534200.0
646,2021-10-21 07:03:27,25050.0,500.0,1533200.0
647,2021-10-21 07:03:22,25050.0,200.0,1532700.0
648,2021-10-21 07:03:08,25050.0,400.0,1532500.0
649,2021-10-21 07:03:02,25050.0,300.0,1532100.0
650,2021-10-21 07:03:02,25050.0,500.0,1531800.0
651,2021-10-21 07:03:02,25050.0,100.0,1531300.0
652,2021-10-21 07:03:02,25050.0,100.0,1531200.0
653,2021-10-21 07:02:58,25050.0,1300.0,1531100.0
654,2021-10-21 07:02:58,25050.0,300.0,1529800.0
655,2021-10-21 07:02:58,25050.0,1300.0,1529500.0
656,2021-10-21 07:02:58,25050.0,1000.0,1528200.0
657,2021-10-21 07:02:58,25050.0,1400.0,1527200.0
658,2021-10-21 07:02:58,25050.0,1000.0,1525800.0
659,2021-10-21 07:02:58,25050.0,1000.0,1524800.0
660,2021-10-21 07:02:58,25050.0,700.0,1523800.0
661,2021-10-21 07:02:22,25050.0,200.0,1523100.0
662,2021-10-21 07:01:55,25050.0,100.0,1522900.0
663,2021-10-21 07:01:33,25050.0,200.0,1522800.0
664,2021-10-21 07:01:23,25050.0,200.0,1522600.0
665,2021-10-21 07:01:23,25050.0,1000.0,1522400.0
666,2021-10-21 07:01:23,25050.0,1300.0,1521400.0
667,2021-10-21 07:01:23,25050.0,100.0,1520100.0
668,2021-10-21 07:01:23,25050.0,1400.0,1520000.0
669,2021-10-21 07:01:23,25050.0,100.0,1518600.0
670,2021-10-21 07:01:23,25050.0,900.0,1518500.0
671,2021-10-21 06:59:15,25050.0,100.0,1517600.0
672,2021-10-21 06:59:15,25050.0,1400.0,1517500.0
673,2021-10-21 06:59:15,25050.0,200.0,1516100.0
674,2021-10-21 06:59:15,25050.0,300.0,1515900.0
675,2021-10-21 06:59:11,25050.0,2100.0,1515600.0
676,2021-10-21 06:59:11,25050.0,100.0,1513500.0
677,2021-10-21 06:59:11,25050.0,900.0,1513400.0
678,2021-10-21 06:59:11,25050.0,1000.0,1512500.0
679,2021-10-21 06:59:11,25050.0,1000.0,1511500.0
680,2021-10-21 06:59:11,25050.0,1400.0,1510500.0
681,2021-10-21 06:59:11,25050.0,1100.0,1509100.0
682,2021-10-21 06:59:11,25050.0,1000.0,1508000.0
683,2021-10-21 06:59:11,25050.0,1100.0,1507000.0
684,2021-10-21 06:59:11,25050.0,300.0,1505900.0
685,2021-10-21 06:58:57,25050.0,200.0,1505600.0
686,2021-10-21 06:58:51,25050.0,600.0,1505400.0
687,2021-10-21 06:58:51,25050.0,1100.0,1504800.0
688,2021-10-21 06:58:51,25050.0,1100.0,1503700.0
689,2021-10-21 06:58:51,25050.0,1000.0,1502600.0
690,2021-10-21 06:58:51,25050.0,1100.0,1501600.0
691,2021-10-21 06:58:51,25050.0,100.0,1500500.0
692,2021-10-21 06:58:51,25050.0,500.0,1500400.0
693,2021-10-21 06:58:51,25050.0,1300.0,1499900.0
694,2021-10-21 06:58:51,25050.0,700.0,1498600.0
695,2021-10-21 06:58:39,25050.0,1300.0,1497900.0
696,2021-10-21 06:58:39,25050.0,100.0,1496600.0
697,2021-10-21 06:58:39,25050.0,1400.0,1496500.0
698,2021-10-21 06:58:39,25050.0,600.0,1495100.0
699,2021-10-21 06:58:39,25100.0,2000.0,1494500.0
700,2021-10-21 06:58:28,25050.0,1400.0,1492500.0
701,2021-10-21 06:58:28,25050.0,1400.0,1491100.0
702,2021-10-21 06:58:28,25050.0,1300.0,1489700.0
703,2021-10-21 06:58:28,25050.0,200.0,1488400.0
704,2021-10-21 06:58:19,25050.0,1200.0,1488200.0
705,2021-10-21 06:58:19,25050.0,1400.0,1487000.0
706,2021-10-21 06:58:19,25050.0,500.0,1485600.0
707,2021-10-21 06:58:11,25050.0,4300.0,1485100.0
708,2021-10-21 06:58:01,25050.0,4000.0,1480800.0
709,2021-10-21 06:58:01,25050.0,300.0,1476800.0
710,2021-10-21 06:57:14,25050.0,1000.0,1476500.0
711,2021-10-21 06:57:14,25050.0,1400.0,1475500.0
712,2021-10-21 06:57:14,25050.0,1000.0,1474100.0
713,2021-10-21 06:57:14,25050.0,1000.0,1473100.0
714,2021-10-21 06:57:14,25050.0,100.0,1472100.0
715,2021-10-21 06:57:14,25050.0,1400.0,1472000.0
716,2021-10-21 06:57:14,25050.0,200.0,1470600.0
717,2021-10-21 06:57:14,25050.0,200.0,1470400.0
718,2021-10-21 06:57:14,25050.0,100.0,1470200.0
719,2021-10-21 06:57:14,25050.0,1300.0,1470100.0
720,2021-10-21 06:57:14,25050.0,1400.0,1468800.0
721,2021-10-21 06:57:14,25050.0,1400.0,1467400.0
722,2021-10-21 06:57:14,25050.0,1300.0,1466000.0
723,2021-10-21 06:57:14,25050.0,700.0,1464700.0
724,2021-10-21 06:56:37,25100.0,1400.0,1464000.0
725,2021-10-21 06:56:37,25100.0,1300.0,1462600.0
726,2021-10-21 06:56:37,25100.0,1400.0,1461300.0
727,2021-10-21 06:56:36,25100.0,1400.0,1459900.0
728,2021-10-21 06:56:36,25100.0,1400.0,1458500.0
729,2021-10-21 06:56:36,25100.0,1300.0,1457100.0
730,2021-10-21 06:56:35,25100.0,1400.0,1455800.0
731,2021-10-21 06:56:35,25100.0,1300.0,1454400.0
732,2021-10-21 06:56:23,25050.0,300.0,1453100.0
733,2021-10-21 06:56:23,25050.0,100.0,1452800.0
734,2021-10-21 06:56:23,25050.0,1400.0,1452700.0
735,2021-10-21 06:56:23,25050.0,1000.0,1451300.0
736,2021-10-21 06:56:23,25050.0,200.0,1450300.0
737,2021-10-21 06:56:09,25100.0,100.0,1450100.0
738,2021-10-21 06:53:46,25100.0,1100.0,1450000.0
739,2021-10-21 06:53:46,25100.0,1100.0,1448900.0
740,2021-10-21 06:53:45,25100.0,1000.0,1447800.0
741,2021-10-21 06:53:45,25100.0,1100.0,1446800.0
742,2021-10-21 06:52:37,25050.0,100.0,1445700.0
743,2021-10-21 06:51:39,25050.0,200.0,1445600.0
744,2021-10-21 06:51:39,25050.0,800.0,1445400.0
745,2021-10-21 06:51:19,25050.0,600.0,1444600.0
746,2021-10-21 06:51:19,25050.0,1300.0,1444000.0
747,2021-10-21 06:51:19,25050.0,100.0,1442700.0
748,2021-10-21 06:50:48,25050.0,100.0,1442600.0
749,2021-10-21 06:50:48,25050.0,300.0,1442500.0
750,2021-10-21 06:49:26,25050.0,1100.0,1442200.0
751,2021-10-21 06:49:26,25050.0,600.0,1441100.0
752,2021-10-21 06:49:26,25050.0,1400.0,1440500.0
753,2021-10-21 06:49:26,25050.0,100.0,1439100.0
754,2021-10-21 06:47:33,25050.0,1000.0,1439000.0
755,2021-10-21 06:47:28,25100.0,200.0,1438000.0
756,2021-10-21 06:46:36,25050.0,100.0,1437800.0
757,2021-10-21 06:46:23,25050.0,100.0,1437700.0
758,2021-10-21 06:46:23,25050.0,300.0,1437600.0
759,2021-10-21 06:45:51,25050.0,1000.0,1437300.0
760,2021-10-21 06:45:21,25100.0,200.0,1436300.0
761,2021-10-21 06:45:21,25100.0,300.0,1436100.0
762,2021-10-21 06:45:21,25100.0,500.0,1435800.0
763,2021-10-21 06:44:25,25100.0,3000.0,1435300.0
764,2021-10-21 06:43:57,25050.0,100.0,1432300.0
765,2021-10-21 06:43:57,25050.0,100.0,1432200.0
766,2021-10-21 06:43:57,25050.0,1400.0,1432100.0
767,2021-10-21 06:43:57,25050.0,300.0,1430700.0
768,2021-10-21 06:43:57,25050.0,500.0,1430400.0
769,2021-10-21 06:43:57,25050.0,1000.0,1429900.0
770,2021-10-21 06:43:57,25050.0,100.0,1428900.0
771,2021-10-21 06:43:57,25050.0,500.0,1428800.0
772,2021-10-21 06:43:47,25050.0,800.0,1428300.0
773,2021-10-21 06:43:47,25050.0,1400.0,1427500.0
774,2021-10-21 06:43:47,25050.0,100.0,1426100.0
775,2021-10-21 06:43:47,25050.0,800.0,1426000.0
776,2021-10-21 06:42:17,25050.0,600.0,1425200.0
777,2021-10-21 06:42:17,25050.0,700.0,1424600.0
778,2021-10-21 06:41:36,25050.0,600.0,1423900.0
779,2021-10-21 06:41:36,25050.0,1000.0,1423300.0
780,2021-10-21 06:41:36,25050.0,600.0,1422300.0
781,2021-10-21 06:41:36,25050.0,800.0,1421700.0
782,2021-10-21 06:40:33,25050.0,600.0,1420900.0
783,2021-10-21 06:40:33,25050.0,1000.0,1420300.0
784,2021-10-21 06:40:33,25050.0,1400.0,1419300.0
785,2021-10-21 06:40:33,25050.0,1300.0,1417900.0
786,2021-10-21 06:40:33,25050.0,1000.0,1416600.0
787,2021-10-21 06:40:33,25050.0,500.0,1415600.0
788,2021-10-21 06:40:33,25050.0,1000.0,1415100.0
789,2021-10-21 06:40:33,25050.0,200.0,1414100.0
790,2021-10-21 06:38:26,25050.0,1200.0,1413900.0
791,2021-10-21 06:38:26,25050.0,1000.0,1412700.0
792,2021-10-21 06:38:26,25050.0,1000.0,1411700.0
793,2021-10-21 06:38:26,25050.0,800.0,1410700.0
794,2021-10-21 06:38:23,25050.0,2200.0,1409900.0
795,2021-10-21 06:38:23,25050.0,1400.0,1407700.0
796,2021-10-21 06:38:23,25050.0,400.0,1406300.0
797,2021-10-21 06:38:23,25050.0,1300.0,1405900.0
798,2021-10-21 06:38:23,25050.0,1000.0,1404600.0
799,2021-10-21 06:38:23,25050.0,1100.0,1403600.0
800,2021-10-21 06:38:23,25050.0,1100.0,1402500.0
801,2021-10-21 06:38:23,25050.0,1100.0,1401400.0
802,2021-10-21 06:38:23,25050.0,400.0,1400300.0
803,2021-10-21 06:38:17,25050.0,1000.0,1399900.0
804,2021-10-21 06:38:17,25050.0,100.0,1398900.0
805,2021-10-21 06:38:17,25050.0,1000.0,1398800.0
806,2021-10-21 06:38:17,25050.0,100.0,1397800.0
807,2021-10-21 06:38:17,25050.0,2100.0,1397700.0
808,2021-10-21 06:38:06,25050.0,3100.0,1395600.0
809,2021-10-21 06:38:02,25050.0,2500.0,1392500.0
810,2021-10-21 06:37:56,25050.0,2300.0,1390000.0
811,2021-10-21 06:37:56,25050.0,1100.0,1387700.0
812,2021-10-21 06:37:54,25050.0,300.0,1386600.0
813,2021-10-21 06:37:54,25050.0,100.0,1386300.0
814,2021-10-21 06:37:54,25050.0,100.0,1386200.0
815,2021-10-21 06:37:54,25050.0,3000.0,1386100.0
816,2021-10-21 06:37:54,25050.0,100.0,1383100.0
817,2021-10-21 06:37:54,25050.0,1300.0,1383000.0
818,2021-10-21 06:37:54,25050.0,1400.0,1381700.0
819,2021-10-21 06:37:54,25050.0,100.0,1380300.0
820,2021-10-21 06:37:54,25050.0,500.0,1380200.0
821,2021-10-21 06:37:54,25050.0,5100.0,1379700.0
822,2021-10-21 06:37:46,25050.0,3400.0,1374600.0
823,2021-10-21 06:37:40,25050.0,1500.0,1371200.0
824,2021-10-21 06:37:40,25050.0,1700.0,1369700.0
825,2021-10-21 06:37:18,25050.0,300.0,1368000.0
826,2021-10-21 06:37:18,25050.0,100.0,1367700.0
827,2021-10-21 06:37:04,25050.0,1300.0,1367600.0
828,2021-10-21 06:37:04,25050.0,2000.0,1366300.0
829,2021-10-21 06:37:04,25050.0,700.0,1364300.0
830,2021-10-21 06:36:49,25050.0,100.0,1363600.0
831,2021-10-21 06:36:38,25050.0,500.0,1363500.0
832,2021-10-21 06:36:38,25050.0,500.0,1363000.0
833,2021-10-21 06:36:38,25050.0,100.0,1362500.0
834,2021-10-21 06:36:38,25050.0,1400.0,1362400.0
835,2021-10-21 06:36:38,25050.0,100.0,1361000.0
836,2021-10-21 06:36:38,25050.0,800.0,1360900.0
837,2021-10-21 06:36:33,25050.0,100.0,1360100.0
838,2021-10-21 06:36:19,25050.0,500.0,1360000.0
839,2021-10-21 06:36:19,25050.0,100.0,1359500.0
840,2021-10-21 06:36:19,25050.0,1300.0,1359400.0
841,2021-10-21 06:36:19,25050.0,200.0,1358100.0
842,2021-10-21 06:36:19,25050.0,1400.0,1357900.0
843,2021-10-21 06:36:19,25050.0,500.0,1356500.0
844,2021-10-21 06:33:25,25050.0,200.0,1356000.0
845,2021-10-21 06:33:11,25050.0,100.0,1355800.0
846,2021-10-21 06:33:00,25050.0,100.0,1355700.0
847,2021-10-21 06:32:56,25050.0,500.0,1355600.0
848,2021-10-21 06:32:56,25050.0,3200.0,1355100.0
849,2021-10-21 06:32:25,25050.0,2000.0,1351900.0
850,2021-10-21 06:32:18,25100.0,1000.0,1349900.0
851,2021-10-21 06:31:48,25100.0,100.0,1348900.0
852,2021-10-21 06:31:09,25100.0,100.0,1348800.0
853,2021-10-21 06:30:24,25100.0,1000.0,1348700.0
854,2021-10-21 06:30:01,25100.0,100.0,1347700.0
855,2021-10-21 06:29:29,25100.0,500.0,1347600.0
856,2021-10-21 06:29:26,25050.0,100.0,1347100.0
857,2021-10-21 06:28:58,25050.0,1700.0,1347000.0
858,2021-10-21 06:28:53,25100.0,200.0,1345300.0
859,2021-10-21 06:28:53,25100.0,100.0,1345100.0
860,2021-10-21 06:28:53,25100.0,700.0,1345000.0
861,2021-10-21 06:28:52,25100.0,1000.0,1344300.0
862,2021-10-21 06:28:25,25100.0,100.0,1343300.0
863,2021-10-21 06:28:01,25100.0,200.0,1343200.0
864,2021-10-21 06:27:48,25100.0,100.0,1343000.0
865,2021-10-21 06:27:20,25100.0,100.0,1342900.0
866,2021-10-21 06:26:23,25050.0,100.0,1342800.0
867,2021-10-21 06:25:14,25100.0,300.0,1342700.0
868,2021-10-21 06:25:10,25050.0,500.0,1342400.0
869,2021-10-21 06:24:50,25100.0,100.0,1341900.0
870,2021-10-21 06:24:33,25100.0,300.0,1341800.0
871,2021-10-21 06:23:46,25050.0,2000.0,1341500.0
872,2021-10-21 06:23:40,25050.0,100.0,1339500.0
873,2021-10-21 06:23:26,25050.0,300.0,1339400.0
874,2021-10-21 06:23:26,25050.0,200.0,1339100.0
875,2021-10-21 06:23:25,25050.0,400.0,1338900.0
876,2021-10-21 06:21:51,25050.0,500.0,1338500.0
877,2021-10-21 06:21:46,25050.0,200.0,1338000.0
878,2021-10-21 06:21:46,25050.0,800.0,1337800.0
879,2021-10-21 06:21:25,25100.0,200.0,1337000.0
880,2021-10-21 06:21:13,25100.0,200.0,1336800.0
881,2021-10-21 06:20:47,25100.0,100.0,1336600.0
882,2021-10-21 06:20:39,25050.0,300.0,1336500.0
883,2021-10-21 06:20:39,25050.0,700.0,1336200.0
884,2021-10-21 06:20:12,25050.0,600.0,1335500.0
885,2021-10-21 06:20:12,25050.0,1400.0,1334900.0
886,2021-10-21 06:19:49,25050.0,400.0,1333500.0
887,2021-10-21 06:19:49,25050.0,1000.0,1333100.0
888,2021-10-21 06:18:51,25000.0,4000.0,1332100.0
889,2021-10-21 06:18:15,25000.0,1600.0,1328100.0
890,2021-10-21 06:18:15,25000.0,100.0,1326500.0
891,2021-10-21 06:18:15,25000.0,100.0,1326400.0
892,2021-10-21 06:18:15,25000.0,200.0,1326300.0
893,2021-10-21 06:18:15,25000.0,100.0,1326100.0
894,2021-10-21 06:18:15,25000.0,1000.0,1326000.0
895,2021-10-21 06:18:15,25000.0,100.0,1325000.0
896,2021-10-21 06:18:15,25000.0,500.0,1324900.0
897,2021-10-21 06:18:06,25000.0,1500.0,1324400.0
898,2021-10-21 06:18:06,25000.0,100.0,1322900.0
899,2021-10-21 06:18:06,25000.0,1000.0,1322800.0
900,2021-10-21 06:18:06,25000.0,1000.0,1321800.0
901,2021-10-21 06:18:06,25000.0,400.0,1320800.0
902,2021-10-21 06:18:03,25000.0,600.0,1320400.0
903,2021-10-21 06:18:03,25000.0,100.0,1319800.0
904,2021-10-21 06:18:03,25000.0,1000.0,1319700.0
905,2021-10-21 06:18:03,25000.0,100.0,1318700.0
906,2021-10-21 06:18:03,25000.0,100.0,1318600.0
907,2021-10-21 06:18:03,25000.0,500.0,1318500.0
908,2021-10-21 06:18:03,25000.0,600.0,1318000.0
909,2021-10-21 06:18:00,25000.0,1900.0,1317400.0
910,2021-10-21 06:18:00,25000.0,1000.0,1315500.0
911,2021-10-21 06:18:00,25000.0,300.0,1314500.0
912,2021-10-21 06:18:00,25000.0,400.0,1314200.0
913,2021-10-21 06:18:00,25000.0,700.0,1313800.0
914,2021-10-21 06:17:50,25000.0,1300.0,1313100.0
915,2021-10-21 06:17:50,25000.0,1000.0,1311800.0
916,2021-10-21 06:17:50,25000.0,1000.0,1310800.0
917,2021-10-21 06:17:50,25000.0,100.0,1309800.0
918,2021-10-21 06:17:45,25000.0,5000.0,1309700.0
919,2021-10-21 06:17:43,25000.0,3400.0,1304700.0
920,2021-10-21 06:17:34,25000.0,3200.0,1301300.0
921,2021-10-21 06:17:24,25000.0,4400.0,1298100.0
922,2021-10-21 06:17:15,25000.0,1200.0,1293700.0
923,2021-10-21 06:17:15,25050.0,1400.0,1292500.0
924,2021-10-21 06:17:15,25050.0,500.0,1291100.0
925,2021-10-21 06:17:15,25050.0,100.0,1290600.0
926,2021-10-21 06:17:15,25050.0,200.0,1290500.0
927,2021-10-21 06:17:12,25050.0,200.0,1290300.0
928,2021-10-21 06:16:55,25050.0,1000.0,1290100.0
929,2021-10-21 06:16:55,25050.0,200.0,1289100.0
930,2021-10-21 06:16:55,25050.0,1300.0,1288900.0
931,2021-10-21 06:16:55,25050.0,100.0,1287600.0
932,2021-10-21 06:16:55,25050.0,1000.0,1287500.0
933,2021-10-21 06:16:50,25050.0,1400.0,1286500.0
934,2021-10-21 06:16:50,25050.0,100.0,1285100.0
935,2021-10-21 06:16:50,25050.0,200.0,1285000.0
936,2021-10-21 06:16:50,25050.0,1400.0,1284800.0
937,2021-10-21 06:16:50,25050.0,300.0,1283400.0
938,2021-10-21 06:16:22,25050.0,200.0,1283100.0
939,2021-10-21 06:16:22,25050.0,1000.0,1282900.0
940,2021-10-21 06:16:22,25050.0,1300.0,1281900.0
941,2021-10-21 06:16:22,25050.0,1300.0,1280600.0
942,2021-10-21 06:16:22,25050.0,600.0,1279300.0
943,2021-10-21 06:16:17,25050.0,300.0,1278700.0
944,2021-10-21 06:16:06,25050.0,500.0,1278400.0
945,2021-10-21 06:16:06,25050.0,400.0,1277900.0
946,2021-10-21 06:15:31,25050.0,300.0,1277500.0
947,2021-10-21 06:14:29,25050.0,3000.0,1277200.0
948,2021-10-21 06:13:47,25050.0,200.0,1274200.0
949,2021-10-21 06:13:36,25050.0,4100.0,1274000.0
950,2021-10-21 06:13:36,25050.0,1400.0,1269900.0
951,2021-10-21 06:13:36,25050.0,200.0,1268500.0
952,2021-10-21 06:13:36,25050.0,700.0,1268300.0
953,2021-10-21 06:13:36,25050.0,1400.0,1267600.0
954,2021-10-21 06:13:36,25050.0,300.0,1266200.0
955,2021-10-21 06:13:36,25050.0,900.0,1265900.0
956,2021-10-21 06:13:01,25050.0,300.0,1265000.0
957,2021-10-21 06:12:53,25050.0,200.0,1264700.0
958,2021-10-21 06:12:53,25050.0,300.0,1264500.0
959,2021-10-21 06:12:17,25050.0,1100.0,1264200.0
960,2021-10-21 06:12:17,25050.0,900.0,1263100.0
961,2021-10-21 06:12:17,25050.0,100.0,1262200.0
962,2021-10-21 06:12:17,25050.0,300.0,1262100.0
963,2021-10-21 06:12:14,25050.0,200.0,1261800.0
964,2021-10-21 06:12:11,25050.0,100.0,1261600.0
965,2021-10-21 06:12:06,25050.0,200.0,1261500.0
966,2021-10-21 06:12:06,25050.0,100.0,1261300.0
967,2021-10-21 06:12:06,25050.0,500.0,1261200.0
968,2021-10-21 06:12:06,25050.0,1100.0,1260700.0
969,2021-10-21 06:12:06,25050.0,3100.0,1259600.0
970,2021-10-21 06:11:57,25050.0,1400.0,1256500.0
971,2021-10-21 06:11:56,25050.0,1400.0,1255100.0
972,2021-10-21 06:11:56,25050.0,100.0,1253700.0
973,2021-10-21 06:11:56,25050.0,1000.0,1253600.0
974,2021-10-21 06:11:56,25050.0,200.0,1252600.0
975,2021-10-21 06:11:19,25000.0,800.0,1252400.0
976,2021-10-21 06:11:19,25000.0,100.0,1251600.0
977,2021-10-21 06:11:19,25000.0,100.0,1251500.0
978,2021-10-21 06:11:19,25000.0,400.0,1251400.0
979,2021-10-21 06:11:14,25050.0,5000.0,1251000.0
980,2021-10-21 06:10:43,25050.0,400.0,1246000.0
981,2021-10-21 06:10:37,25050.0,1000.0,1245600.0
982,2021-10-21 06:10:12,25050.0,200.0,1244600.0
983,2021-10-21 06:10:11,25050.0,100.0,1244400.0
984,2021-10-21 06:10:10,25000.0,800.0,1244300.0
985,2021-10-21 06:10:09,25000.0,1800.0,1243500.0
986,2021-10-21 06:10:09,25000.0,200.0,1241700.0
987,2021-10-21 06:09:51,25050.0,100.0,1241500.0
988,2021-10-21 06:09:21,25050.0,600.0,1241400.0
989,2021-10-21 06:09:19,25050.0,500.0,1240800.0
990,2021-10-21 06:09:19,25050.0,1400.0,1240300.0
991,2021-10-21 06:09:19,25050.0,600.0,1238900.0
992,2021-10-21 06:09:19,25050.0,300.0,1238300.0
993,2021-10-21 06:09:19,25050.0,2900.0,1238000.0
994,2021-10-21 06:09:19,25050.0,400.0,1235100.0
995,2021-10-21 06:09:19,25050.0,1300.0,1234700.0
996,2021-10-21 06:09:19,25050.0,1400.0,1233400.0
997,2021-10-21 06:09:19,25050.0,1400.0,1232000.0
998,2021-10-21 06:09:19,25050.0,1300.0,1230600.0
999,2021-10-21 06:09:19,25050.0,1500.0,1229300.0
1000,2021-10-21 06:09:19,25050.0,1400.0,1227800.0
1001,2021-10-21 06:09:19,25050.0,1400.0,1226400.0
1002,2021-10-21 06:09:19,25050.0,500.0,1225000.0
1003,2021-10-21 06:09:19,25050.0,500.0,1224500.0
1004,2021-10-21 06:09:19,25050.0,100.0,1224000.0
1005,2021-10-21 06:09:19,25050.0,200.0,1223900.0
1006,2021-10-21 06:09:19,25050.0,200.0,1223700.0
1007,2021-10-21 06:09:19,25050.0,200.0,1223500.0
1008,2021-10-21 06:09:19,25050.0,1600.0,1223300.0
1009,2021-10-21 06:09:19,25050.0,1300.0,1221700.0
1010,2021-10-21 06:08:54,25050.0,4300.0,1220400.0
1011,2021-10-21 06:08:53,25050.0,4400.0,1216100.0
1012,2021-10-21 06:08:53,25050.0,1000.0,1211700.0
1013,2021-10-21 06:08:53,25050.0,1000.0,1210700.0
1014,2021-10-21 06:08:52,25050.0,1100.0,1209700.0
1015,2021-10-21 06:08:52,25050.0,1000.0,1208600.0
1016,2021-10-21 06:08:52,25050.0,1100.0,1207600.0
1017,2021-10-21 06:08:52,25050.0,100.0,1206500.0
1018,2021-10-21 06:08:52,25050.0,1100.0,1206400.0
1019,2021-10-21 06:08:52,25050.0,10000.0,1205300.0
1020,2021-10-21 06:08:52,25050.0,100.0,1195300.0
1021,2021-10-21 06:08:52,25050.0,100.0,1195200.0
1022,2021-10-21 06:08:52,25050.0,600.0,1195100.0
1023,2021-10-21 06:08:52,25050.0,500.0,1194500.0
1024,2021-10-21 06:08:52,25050.0,500.0,1194000.0
1025,2021-10-21 06:08:52,25050.0,2000.0,1193500.0
1026,2021-10-21 06:08:52,25050.0,100.0,1191500.0
1027,2021-10-21 06:08:52,25050.0,100.0,1191400.0
1028,2021-10-21 06:08:52,25050.0,2000.0,1191300.0
1029,2021-10-21 06:08:52,25050.0,1000.0,1189300.0
1030,2021-10-21 06:08:52,25050.0,200.0,1188300.0
1031,2021-10-21 06:08:52,25050.0,3000.0,1188100.0
1032,2021-10-21 06:08:52,25050.0,500.0,1185100.0
1033,2021-10-21 06:08:52,25050.0,5000.0,1184600.0
1034,2021-10-21 06:08:52,25050.0,500.0,1179600.0
1035,2021-10-21 06:08:52,25050.0,2000.0,1179100.0
1036,2021-10-21 06:08:52,25050.0,300.0,1177100.0
1037,2021-10-21 06:08:52,25050.0,700.0,1176800.0
1038,2021-10-21 06:08:44,25050.0,200.0,1176100.0
1039,2021-10-21 06:08:44,25050.0,100.0,1175900.0
1040,2021-10-21 06:08:44,25050.0,100.0,1175800.0
1041,2021-10-21 06:08:44,25050.0,200.0,1175700.0
1042,2021-10-21 06:08:44,25050.0,500.0,1175500.0
1043,2021-10-21 06:08:44,25050.0,300.0,1175000.0
1044,2021-10-21 06:08:44,25050.0,1000.0,1174700.0
1045,2021-10-21 06:08:44,25050.0,500.0,1173700.0
1046,2021-10-21 06:08:44,25050.0,100.0,1173200.0
1047,2021-10-21 06:08:33,25050.0,1900.0,1173100.0
1048,2021-10-21 06:08:33,25050.0,1400.0,1171200.0
1049,2021-10-21 06:08:33,25050.0,100.0,1169800.0
1050,2021-10-21 06:08:26,25050.0,1100.0,1169700.0
1051,2021-10-21 06:08:26,25050.0,2400.0,1168600.0
1052,2021-10-21 06:08:26,25050.0,100.0,1166200.0
1053,2021-10-21 06:08:26,25050.0,100.0,1166100.0
1054,2021-10-21 06:08:21,25050.0,200.0,1166000.0
1055,2021-10-21 06:08:21,25050.0,400.0,1165800.0
1056,2021-10-21 06:08:21,25050.0,100.0,1165400.0
1057,2021-10-21 06:08:21,25050.0,1300.0,1165300.0
1058,2021-10-21 06:08:21,25050.0,300.0,1164000.0
1059,2021-10-21 06:08:17,25050.0,400.0,1163700.0
1060,2021-10-21 06:08:17,25050.0,100.0,1163300.0
1061,2021-10-21 06:08:17,25050.0,1200.0,1163200.0
1062,2021-10-21 06:08:17,25050.0,500.0,1162000.0
1063,2021-10-21 06:08:17,25050.0,1000.0,1161500.0
1064,2021-10-21 06:08:17,25050.0,800.0,1160500.0
1065,2021-10-21 06:08:07,25050.0,200.0,1159700.0
1066,2021-10-21 06:08:07,25050.0,1000.0,1159500.0
1067,2021-10-21 06:08:07,25050.0,200.0,1158500.0
1068,2021-10-21 06:08:07,25050.0,200.0,1158300.0
1069,2021-10-21 06:08:07,25050.0,200.0,1158100.0
1070,2021-10-21 06:08:07,25050.0,500.0,1157900.0
1071,2021-10-21 06:08:07,25050.0,200.0,1157400.0
1072,2021-10-21 06:08:07,25050.0,900.0,1157200.0
1073,2021-10-21 06:07:57,25050.0,200.0,1156300.0
1074,2021-10-21 06:07:31,25050.0,3900.0,1156100.0
1075,2021-10-21 06:07:31,25050.0,100.0,1152200.0
1076,2021-10-21 06:07:31,25050.0,300.0,1152100.0
1077,2021-10-21 06:07:22,25050.0,700.0,1151800.0
1078,2021-10-21 06:07:22,25050.0,200.0,1151100.0
1079,2021-10-21 06:07:22,25050.0,2500.0,1150900.0
1080,2021-10-21 06:07:14,25050.0,500.0,1148400.0
1081,2021-10-21 06:07:14,25050.0,1500.0,1147900.0
1082,2021-10-21 06:07:14,25050.0,1400.0,1146400.0
1083,2021-10-21 06:07:14,25050.0,100.0,1145000.0
1084,2021-10-21 06:07:14,25050.0,500.0,1144900.0
1085,2021-10-21 06:06:50,25050.0,1500.0,1144400.0
1086,2021-10-21 06:06:50,25050.0,1000.0,1142900.0
1087,2021-10-21 06:06:50,25050.0,900.0,1141900.0
1088,2021-10-21 06:06:05,25050.0,600.0,1141000.0
1089,2021-10-21 06:06:05,25050.0,1000.0,1140400.0
1090,2021-10-21 06:06:05,25050.0,1600.0,1139400.0
1091,2021-10-21 06:06:05,25050.0,500.0,1137800.0
1092,2021-10-21 06:05:18,25050.0,2000.0,1137300.0
1093,2021-10-21 06:05:12,25050.0,200.0,1135300.0
1094,2021-10-21 06:05:05,25100.0,1000.0,1135100.0
1095,2021-10-21 06:04:26,25050.0,300.0,1134100.0
1096,2021-10-21 06:04:18,25050.0,500.0,1133800.0
1097,2021-10-21 06:03:36,25100.0,3000.0,1133300.0
1098,2021-10-21 06:02:23,25100.0,200.0,1130300.0
1099,2021-10-21 06:00:34,25100.0,100.0,1130100.0
1100,2021-10-21 06:00:27,25100.0,400.0,1130000.0
1101,2021-10-21 06:00:21,25100.0,300.0,1129600.0
1102,2021-10-21 06:00:16,25100.0,100.0,1129300.0
1103,2021-10-21 06:00:15,25100.0,2000.0,1129200.0
1104,2021-10-21 06:00:15,25100.0,2000.0,1127200.0
1105,2021-10-21 06:00:12,25100.0,100.0,1125200.0
1106,2021-10-21 06:00:12,25100.0,300.0,1125100.0
1107,2021-10-21 06:00:11,25100.0,500.0,1124800.0
1108,2021-10-21 06:00:06,25100.0,3400.0,1124300.0
1109,2021-10-21 06:00:01,25100.0,100.0,1120900.0
1110,2021-10-21 04:29:54,25100.0,100.0,1120800.0
1111,2021-10-21 04:29:17,25050.0,1500.0,1120700.0
1112,2021-10-21 04:29:17,25050.0,1500.0,1119200.0
1113,2021-10-21 04:29:12,25100.0,200.0,1117700.0
1114,2021-10-21 04:28:54,25050.0,1600.0,1117500.0
1115,2021-10-21 04:28:54,25050.0,2500.0,1115900.0
1116,2021-10-21 04:28:43,25050.0,1200.0,1113400.0
1117,2021-10-21 04:28:37,25050.0,200.0,1112200.0
1118,2021-10-21 04:28:28,25100.0,1100.0,1112000.0
1119,2021-10-21 04:28:28,25100.0,1100.0,1110900.0
1120,2021-10-21 04:28:28,25100.0,600.0,1109800.0
1121,2021-10-21 04:28:28,25100.0,500.0,1109200.0
1122,2021-10-21 04:28:04,25100.0,100.0,1108700.0
1123,2021-10-21 04:28:04,25100.0,200.0,1108600.0
1124,2021-10-21 04:28:04,25100.0,4700.0,1108400.0
1125,2021-10-21 04:27:55,25100.0,1100.0,1103700.0
1126,2021-10-21 04:27:55,25100.0,1100.0,1102600.0
1127,2021-10-21 04:27:53,25100.0,1000.0,1101500.0
1128,2021-10-21 04:27:41,25100.0,1100.0,1100500.0
1129,2021-10-21 04:27:41,25100.0,1000.0,1099400.0
1130,2021-10-21 04:27:41,25100.0,1100.0,1098400.0
1131,2021-10-21 04:27:41,25100.0,1000.0,1097300.0
1132,2021-10-21 04:27:38,25100.0,100.0,1096300.0
1133,2021-10-21 04:27:14,25100.0,300.0,1096200.0
1134,2021-10-21 04:26:28,25050.0,100.0,1095900.0
1135,2021-10-21 04:26:28,25050.0,100.0,1095800.0
1136,2021-10-21 04:26:28,25050.0,100.0,1095700.0
1137,2021-10-21 04:26:28,25050.0,400.0,1095600.0
1138,2021-10-21 04:23:16,25050.0,1100.0,1095200.0
1139,2021-10-21 04:23:16,25050.0,3900.0,1094100.0
1140,2021-10-21 04:22:56,25050.0,100.0,1090200.0
1141,2021-10-21 04:22:35,25050.0,1200.0,1090100.0
1142,2021-10-21 04:20:52,25100.0,300.0,1088900.0
1143,2021-10-21 04:20:40,25100.0,2000.0,1088600.0
1144,2021-10-21 04:20:16,25050.0,200.0,1086600.0
1145,2021-10-21 04:20:08,25100.0,2000.0,1086400.0
1146,2021-10-21 04:19:49,25100.0,2000.0,1084400.0
1147,2021-10-21 04:19:45,25100.0,1200.0,1082400.0
1148,2021-10-21 04:19:45,25100.0,100.0,1081200.0
1149,2021-10-21 04:19:45,25100.0,200.0,1081100.0
1150,2021-10-21 04:19:45,25100.0,500.0,1080900.0
1151,2021-10-21 04:19:24,25050.0,900.0,1080400.0
1152,2021-10-21 04:19:15,25050.0,1000.0,1079500.0
1153,2021-10-21 04:19:11,25050.0,5300.0,1078500.0
1154,2021-10-21 04:19:09,25050.0,4200.0,1073200.0
1155,2021-10-21 04:18:48,25050.0,100.0,1069000.0
1156,2021-10-21 04:18:32,25050.0,200.0,1068900.0
1157,2021-10-21 04:18:23,25100.0,500.0,1068700.0
1158,2021-10-21 04:17:24,25050.0,800.0,1068200.0
1159,2021-10-21 04:17:23,25050.0,2600.0,1067400.0
1160,2021-10-21 04:17:11,25050.0,3000.0,1064800.0
1161,2021-10-21 04:16:48,25050.0,700.0,1061800.0
1162,2021-10-21 04:15:27,25050.0,500.0,1061100.0
1163,2021-10-21 04:15:13,25050.0,200.0,1060600.0
1164,2021-10-21 04:15:08,25050.0,3000.0,1060400.0
1165,2021-10-21 04:14:01,25050.0,3400.0,1057400.0
1166,2021-10-21 04:13:57,25050.0,100.0,1054000.0
1167,2021-10-21 04:13:57,25050.0,100.0,1053900.0
1168,2021-10-21 04:13:39,25050.0,1000.0,1053800.0
1169,2021-10-21 04:13:21,25050.0,1800.0,1052800.0
1170,2021-10-21 04:12:18,25050.0,200.0,1051000.0
1171,2021-10-21 04:12:05,25100.0,1100.0,1050800.0
1172,2021-10-21 04:12:04,25100.0,1100.0,1049700.0
1173,2021-10-21 04:12:04,25100.0,1100.0,1048600.0
1174,2021-10-21 04:11:55,25050.0,500.0,1047500.0
1175,2021-10-21 04:11:50,25100.0,700.0,1047000.0
1176,2021-10-21 04:11:50,25100.0,300.0,1046300.0
1177,2021-10-21 04:11:47,25100.0,1000.0,1046000.0
1178,2021-10-21 04:11:42,25100.0,1100.0,1045000.0
1179,2021-10-21 04:11:42,25100.0,1000.0,1043900.0
1180,2021-10-21 04:11:42,25100.0,1100.0,1042900.0
1181,2021-10-21 04:11:41,25100.0,5400.0,1041800.0
1182,2021-10-21 04:09:35,25100.0,100.0,1036400.0
1183,2021-10-21 04:08:47,25100.0,200.0,1036300.0
1184,2021-10-21 04:08:44,25100.0,1000.0,1036100.0
1185,2021-10-21 04:08:00,25100.0,5000.0,1035100.0
1186,2021-10-21 04:07:28,25100.0,200.0,1030100.0
1187,2021-10-21 04:06:34,25100.0,100.0,1029900.0
1188,2021-10-21 04:06:27,25100.0,500.0,1029800.0
1189,2021-10-21 04:04:24,25100.0,1100.0,1029300.0
1190,2021-10-21 04:04:23,25100.0,1100.0,1028200.0
1191,2021-10-21 04:04:21,25050.0,1400.0,1027100.0
1192,2021-10-21 04:03:59,25100.0,1000.0,1025700.0
1193,2021-10-21 04:03:53,25100.0,1000.0,1024700.0
1194,2021-10-21 04:03:21,25100.0,500.0,1023700.0
1195,2021-10-21 04:03:13,25100.0,2000.0,1023200.0
1196,2021-10-21 04:02:54,25100.0,1000.0,1021200.0
1197,2021-10-21 04:02:45,25100.0,1100.0,1020200.0
1198,2021-10-21 04:02:45,25100.0,1100.0,1019100.0
1199,2021-10-21 04:02:45,25100.0,1000.0,1018000.0
1200,2021-10-21 04:02:35,25100.0,100.0,1017000.0
1201,2021-10-21 04:02:23,25100.0,2000.0,1016900.0
1202,2021-10-21 04:02:23,25100.0,4000.0,1014900.0
1203,2021-10-21 04:01:31,25100.0,500.0,1010900.0
1204,2021-10-21 04:00:47,25100.0,1000.0,1010400.0
1205,2021-10-21 04:00:45,25050.0,200.0,1009400.0
1206,2021-10-21 03:59:51,25100.0,500.0,1009200.0
1207,2021-10-21 03:59:51,25100.0,600.0,1008700.0
1208,2021-10-21 03:59:51,25100.0,1000.0,1008100.0
1209,2021-10-21 03:59:50,25100.0,1100.0,1007100.0
1210,2021-10-21 03:58:20,25100.0,100.0,1006000.0
1211,2021-10-21 03:58:12,25100.0,100.0,1005900.0
1212,2021-10-21 03:57:56,25100.0,200.0,1005800.0
1213,2021-10-21 03:57:50,25100.0,200.0,1005600.0
1214,2021-10-21 03:57:45,25100.0,1000.0,1005400.0
1215,2021-10-21 03:57:21,25100.0,2000.0,1004400.0
1216,2021-10-21 03:54:19,25050.0,4000.0,1002400.0
1217,2021-10-21 03:53:31,25050.0,500.0,998400.0
1218,2021-10-21 03:52:02,25100.0,100.0,997900.0
1219,2021-10-21 03:50:36,25050.0,12500.0,997800.0
1220,2021-10-21 03:50:16,25100.0,200.0,985300.0
1221,2021-10-21 03:49:57,25100.0,2000.0,985100.0
1222,2021-10-21 03:48:32,25050.0,400.0,983100.0
1223,2021-10-21 03:48:22,25100.0,1000.0,982700.0
1224,2021-10-21 03:48:20,25100.0,1000.0,981700.0
1225,2021-10-21 03:48:16,25100.0,1000.0,980700.0
1226,2021-10-21 03:47:30,25100.0,1000.0,979700.0
1227,2021-10-21 03:47:30,25100.0,1100.0,978700.0
1228,2021-10-21 03:47:30,25100.0,1100.0,977600.0
1229,2021-10-21 03:47:29,25100.0,1000.0,976500.0
1230,2021-10-21 03:47:02,25100.0,1000.0,975500.0
1231,2021-10-21 03:46:20,25100.0,100.0,974500.0
1232,2021-10-21 03:45:54,25100.0,200.0,974400.0
1233,2021-10-21 03:45:37,25100.0,1100.0,974200.0
1234,2021-10-21 03:45:37,25100.0,1100.0,973100.0
1235,2021-10-21 03:45:35,25100.0,700.0,972000.0
1236,2021-10-21 03:45:35,25100.0,100.0,971300.0
1237,2021-10-21 03:45:35,25100.0,100.0,971200.0
1238,2021-10-21 03:45:35,25100.0,5000.0,971100.0
1239,2021-10-21 03:45:35,25100.0,100.0,966100.0
1240,2021-10-21 03:45:35,25100.0,300.0,966000.0
1241,2021-10-21 03:45:35,25100.0,13300.0,965700.0
1242,2021-10-21 03:45:28,25100.0,100.0,952400.0
1243,2021-10-21 03:45:26,25100.0,200.0,952300.0
1244,2021-10-21 03:44:46,25100.0,100.0,952100.0
1245,2021-10-21 03:44:38,25100.0,100.0,952000.0
1246,2021-10-21 03:44:33,25100.0,1000.0,951900.0
1247,2021-10-21 03:43:04,25050.0,100.0,950900.0
1248,2021-10-21 03:42:55,25100.0,100.0,950800.0
1249,2021-10-21 03:42:32,25100.0,600.0,950700.0
1250,2021-10-21 03:41:14,25100.0,10000.0,950100.0
1251,2021-10-21 03:40:29,25100.0,500.0,940100.0
1252,2021-10-21 03:40:26,25100.0,1000.0,939600.0
1253,2021-10-21 03:39:53,25100.0,400.0,938600.0
1254,2021-10-21 03:39:50,25050.0,100.0,938200.0
1255,2021-10-21 03:39:21,25100.0,1100.0,938100.0
1256,2021-10-21 03:39:21,25100.0,500.0,937000.0
1257,2021-10-21 03:39:21,25100.0,900.0,936500.0
1258,2021-10-21 03:39:21,25100.0,100.0,935600.0
1259,2021-10-21 03:38:56,25100.0,100.0,935500.0
1260,2021-10-21 03:38:18,25100.0,500.0,935400.0
1261,2021-10-21 03:38:18,25100.0,1300.0,934900.0
1262,2021-10-21 03:38:01,25100.0,3700.0,933600.0
1263,2021-10-21 03:38:01,25100.0,200.0,929900.0
1264,2021-10-21 03:38:01,25100.0,100.0,929700.0
1265,2021-10-21 03:37:59,25100.0,1700.0,929600.0
1266,2021-10-21 03:37:55,25050.0,41000.0,927900.0
1267,2021-10-21 03:37:05,25100.0,200.0,886900.0
1268,2021-10-21 03:36:38,25050.0,200.0,886700.0
1269,2021-10-21 03:36:38,25100.0,200.0,886500.0
1270,2021-10-21 03:36:30,25100.0,1000.0,886300.0
1271,2021-10-21 03:36:30,25100.0,1000.0,885300.0
1272,2021-10-21 03:36:30,25100.0,800.0,884300.0
1273,2021-10-21 03:35:59,25100.0,4200.0,883500.0
1274,2021-10-21 03:35:59,25100.0,1000.0,879300.0
1275,2021-10-21 03:35:59,25100.0,1800.0,878300.0
1276,2021-10-21 03:35:59,25100.0,100.0,876500.0
1277,2021-10-21 03:35:59,25100.0,1300.0,876400.0
1278,2021-10-21 03:35:59,25100.0,300.0,875100.0
1279,2021-10-21 03:35:59,25100.0,400.0,874800.0
1280,2021-10-21 03:35:59,25100.0,3200.0,874400.0
1281,2021-10-21 03:35:59,25100.0,300.0,871200.0
1282,2021-10-21 03:35:59,25100.0,100.0,870900.0
1283,2021-10-21 03:35:59,25100.0,7300.0,870800.0
1284,2021-10-21 03:35:34,25100.0,1100.0,863500.0
1285,2021-10-21 03:35:34,25100.0,1100.0,862400.0
1286,2021-10-21 03:35:33,25100.0,1100.0,861300.0
1287,2021-10-21 03:35:33,25100.0,1000.0,860200.0
1288,2021-10-21 03:35:33,25100.0,1100.0,859200.0
1289,2021-10-21 03:35:32,25100.0,5000.0,858100.0
1290,2021-10-21 03:35:31,25100.0,900.0,853100.0
1291,2021-10-21 03:34:44,25100.0,1000.0,852200.0
1292,2021-10-21 03:34:42,25050.0,100.0,851200.0
1293,2021-10-21 03:34:25,25100.0,200.0,851100.0
1294,2021-10-21 03:34:21,25100.0,200.0,850900.0
1295,2021-10-21 03:34:21,25100.0,900.0,850700.0
1296,2021-10-21 03:34:21,25100.0,1000.0,849800.0
1297,2021-10-21 03:34:21,25100.0,1100.0,848800.0
1298,2021-10-21 03:34:21,25100.0,1100.0,847700.0
1299,2021-10-21 03:34:20,25100.0,1100.0,846600.0
1300,2021-10-21 03:34:11,25100.0,100.0,845500.0
1301,2021-10-21 03:33:12,25100.0,1000.0,845400.0
1302,2021-10-21 03:32:53,25100.0,500.0,844400.0
1303,2021-10-21 03:32:42,25050.0,3600.0,843900.0
1304,2021-10-21 03:31:26,25100.0,100.0,840300.0
1305,2021-10-21 03:31:14,25100.0,100.0,840200.0
1306,2021-10-21 03:30:51,25100.0,8000.0,840100.0
1307,2021-10-21 03:30:22,25100.0,200.0,832100.0
1308,2021-10-21 03:30:16,25100.0,100.0,831900.0
1309,2021-10-21 03:29:45,25050.0,100.0,831800.0
1310,2021-10-21 03:29:11,25050.0,200.0,831700.0
1311,2021-10-21 03:28:05,25050.0,700.0,831500.0
1312,2021-10-21 03:28:05,25050.0,500.0,830800.0
1313,2021-10-21 03:27:41,25100.0,100.0,830300.0
1314,2021-10-21 03:27:11,25100.0,100.0,830200.0
1315,2021-10-21 03:27:03,25100.0,2000.0,830100.0
1316,2021-10-21 03:27:02,25100.0,100.0,828100.0
1317,2021-10-21 03:26:44,25100.0,1200.0,828000.0
1318,2021-10-21 03:26:09,25100.0,1400.0,826800.0
1319,2021-10-21 03:26:08,25100.0,1400.0,825400.0
1320,2021-10-21 03:26:08,25100.0,1100.0,824000.0
1321,2021-10-21 03:26:08,25100.0,1400.0,822900.0
1322,2021-10-21 03:26:08,25100.0,1100.0,821500.0
1323,2021-10-21 03:26:07,25100.0,1100.0,820400.0
1324,2021-10-21 03:25:47,25100.0,500.0,819300.0
1325,2021-10-21 03:25:43,25100.0,600.0,818800.0
1326,2021-10-21 03:25:41,25100.0,100.0,818200.0
1327,2021-10-21 03:25:26,25100.0,2400.0,818100.0
1328,2021-10-21 03:25:26,25100.0,100.0,815700.0
1329,2021-10-21 03:25:26,25100.0,1100.0,815600.0
1330,2021-10-21 03:25:26,25100.0,100.0,814500.0
1331,2021-10-21 03:25:26,25100.0,200.0,814400.0
1332,2021-10-21 03:25:26,25100.0,100.0,814200.0
1333,2021-10-21 03:25:26,25100.0,800.0,814100.0
1334,2021-10-21 03:25:26,25100.0,200.0,813300.0
1335,2021-10-21 03:25:21,25050.0,1000.0,813100.0
1336,2021-10-21 03:25:21,25050.0,300.0,812100.0
1337,2021-10-21 03:25:21,25050.0,1000.0,811800.0
1338,2021-10-21 03:25:21,25050.0,1000.0,810800.0
1339,2021-10-21 03:25:21,25050.0,500.0,809800.0
1340,2021-10-21 03:25:21,25050.0,100.0,809300.0
1341,2021-10-21 03:25:21,25050.0,100.0,809200.0
1342,2021-10-21 03:25:21,25050.0,1500.0,809100.0
1343,2021-10-21 03:25:21,25050.0,200.0,807600.0
1344,2021-10-21 03:25:21,25050.0,1600.0,807400.0
1345,2021-10-21 03:25:21,25050.0,500.0,805800.0
1346,2021-10-21 03:25:21,25050.0,300.0,805300.0
1347,2021-10-21 03:24:56,25100.0,100.0,805000.0
1348,2021-10-21 03:24:44,25100.0,100.0,804900.0
1349,2021-10-21 03:24:44,25100.0,100.0,804800.0
1350,2021-10-21 03:24:41,25100.0,500.0,804700.0
1351,2021-10-21 03:24:35,25100.0,1000.0,804200.0
1352,2021-10-21 03:24:34,25100.0,500.0,803200.0
1353,2021-10-21 03:24:30,25100.0,1400.0,802700.0
1354,2021-10-21 03:24:30,25100.0,1400.0,801300.0
1355,2021-10-21 03:24:29,25100.0,1400.0,799900.0
1356,2021-10-21 03:24:19,25100.0,200.0,798500.0
1357,2021-10-21 03:24:18,25100.0,600.0,798300.0
1358,2021-10-21 03:24:00,25100.0,1000.0,797700.0
1359,2021-10-21 03:23:36,25100.0,200.0,796700.0
1360,2021-10-21 03:23:19,25100.0,100.0,796500.0
1361,2021-10-21 03:23:15,25100.0,200.0,796400.0
1362,2021-10-21 03:23:10,25100.0,1000.0,796200.0
1363,2021-10-21 03:23:00,25100.0,4000.0,795200.0
1364,2021-10-21 03:22:52,25100.0,100.0,791200.0
1365,2021-10-21 03:22:38,25100.0,6300.0,791100.0
1366,2021-10-21 03:22:38,25100.0,100.0,784800.0
1367,2021-10-21 03:22:38,25100.0,1200.0,784700.0
1368,2021-10-21 03:22:38,25100.0,1000.0,783500.0
1369,2021-10-21 03:22:38,25100.0,1000.0,782500.0
1370,2021-10-21 03:22:38,25100.0,10400.0,781500.0
1371,2021-10-21 03:22:03,25100.0,1400.0,771100.0
1372,2021-10-21 03:22:02,25100.0,1400.0,769700.0
1373,2021-10-21 03:22:02,25100.0,1300.0,768300.0
1374,2021-10-21 03:22:02,25100.0,200.0,767000.0
1375,2021-10-21 03:22:02,25100.0,1400.0,766800.0
1376,2021-10-21 03:21:52,25100.0,3900.0,765400.0
1377,2021-10-21 03:21:52,25100.0,300.0,761500.0
1378,2021-10-21 03:21:52,25100.0,6200.0,761200.0
1379,2021-10-21 03:21:42,25100.0,200.0,755000.0
1380,2021-10-21 03:21:35,25100.0,2000.0,754800.0
1381,2021-10-21 03:21:29,25100.0,1000.0,752800.0
1382,2021-10-21 03:21:24,25100.0,1000.0,751800.0
1383,2021-10-21 03:20:51,25100.0,100.0,750800.0
1384,2021-10-21 03:20:46,25100.0,3500.0,750700.0
1385,2021-10-21 03:20:36,25100.0,200.0,747200.0
1386,2021-10-21 03:20:21,25100.0,300.0,747000.0
1387,2021-10-21 03:20:13,25050.0,100.0,746700.0
1388,2021-10-21 03:20:06,25100.0,5200.0,746600.0
1389,2021-10-21 03:19:12,25050.0,100.0,741400.0
1390,2021-10-21 03:19:06,25100.0,100.0,741300.0
1391,2021-10-21 03:18:48,25050.0,1000.0,741200.0
1392,2021-10-21 03:18:30,25050.0,300.0,740200.0
1393,2021-10-21 03:18:23,25100.0,200.0,739900.0
1394,2021-10-21 03:17:55,25100.0,1000.0,739700.0
1395,2021-10-21 03:17:44,25100.0,200.0,738700.0
1396,2021-10-21 03:17:19,25050.0,100.0,738500.0
1397,2021-10-21 03:17:17,25050.0,6200.0,738400.0
1398,2021-10-21 03:16:58,25050.0,1900.0,732200.0
1399,2021-10-21 03:16:58,25050.0,1600.0,730300.0
1400,2021-10-21 03:16:58,25050.0,1600.0,728700.0
1401,2021-10-21 03:16:58,25050.0,400.0,727100.0
1402,2021-10-21 03:16:58,25050.0,1700.0,726700.0
1403,2021-10-21 03:16:58,25050.0,300.0,725000.0
1404,2021-10-21 03:16:58,25050.0,1000.0,724700.0
1405,2021-10-21 03:16:58,25050.0,500.0,723700.0
1406,2021-10-21 03:16:41,25050.0,100.0,723200.0
1407,2021-10-21 03:15:43,25050.0,1000.0,723100.0
1408,2021-10-21 03:15:12,25100.0,500.0,722100.0
1409,2021-10-21 03:15:08,25100.0,500.0,721600.0
1410,2021-10-21 03:14:45,25050.0,100.0,721100.0
1411,2021-10-21 03:14:27,25050.0,500.0,721000.0
1412,2021-10-21 03:13:45,25050.0,600.0,720500.0
1413,2021-10-21 03:13:38,25100.0,1000.0,719900.0
1414,2021-10-21 03:12:59,25100.0,700.0,718900.0
1415,2021-10-21 03:12:24,25100.0,300.0,718200.0
1416,2021-10-21 03:12:24,25100.0,700.0,717900.0
1417,2021-10-21 03:12:17,25050.0,1600.0,717200.0
1418,2021-10-21 03:12:09,25050.0,100.0,715600.0
1419,2021-10-21 03:11:20,25100.0,10000.0,715500.0
1420,2021-10-21 03:10:46,25100.0,1500.0,705500.0
1421,2021-10-21 03:10:46,25100.0,1500.0,704000.0
1422,2021-10-21 03:10:45,25100.0,1500.0,702500.0
1423,2021-10-21 03:10:41,25050.0,500.0,701000.0
1424,2021-10-21 03:10:41,25050.0,1000.0,700500.0
1425,2021-10-21 03:10:39,25100.0,4900.0,699500.0
1426,2021-10-21 03:10:33,25100.0,100.0,694600.0
1427,2021-10-21 03:10:29,25100.0,1100.0,694500.0
1428,2021-10-21 03:10:27,25100.0,1500.0,693400.0
1429,2021-10-21 03:10:26,25100.0,1500.0,691900.0
1430,2021-10-21 03:10:26,25100.0,1400.0,690400.0
1431,2021-10-21 03:10:26,25100.0,1400.0,689000.0
1432,2021-10-21 03:10:26,25100.0,1000.0,687600.0
1433,2021-10-21 03:10:12,25100.0,200.0,686600.0
1434,2021-10-21 03:09:05,25100.0,200.0,686400.0
1435,2021-10-21 03:09:05,25100.0,1000.0,686200.0
1436,2021-10-21 03:09:05,25100.0,500.0,685200.0
1437,2021-10-21 03:08:51,25150.0,8600.0,684700.0
1438,2021-10-21 03:08:51,25150.0,100.0,676100.0
1439,2021-10-21 03:08:51,25150.0,20000.0,676000.0
1440,2021-10-21 03:08:51,25150.0,500.0,656000.0
1441,2021-10-21 03:08:51,25100.0,12000.0,655500.0
1442,2021-10-21 03:08:51,25100.0,1000.0,643500.0
1443,2021-10-21 03:08:51,25100.0,20800.0,642500.0
1444,2021-10-21 03:08:51,25100.0,100.0,621700.0
1445,2021-10-21 03:08:51,25100.0,100.0,621600.0
1446,2021-10-21 03:08:51,25100.0,500.0,621500.0
1447,2021-10-21 03:08:51,25100.0,600.0,621000.0
1448,2021-10-21 03:08:51,25100.0,100.0,620400.0
1449,2021-10-21 03:08:51,25100.0,500.0,620300.0
1450,2021-10-21 03:08:51,25100.0,1000.0,619800.0
1451,2021-10-21 03:08:51,25100.0,200.0,618800.0
1452,2021-10-21 03:08:51,25100.0,1000.0,618600.0
1453,2021-10-21 03:08:51,25100.0,100.0,617600.0
1454,2021-10-21 03:08:51,25100.0,400.0,617500.0
1455,2021-10-21 03:08:51,25100.0,20000.0,617100.0
1456,2021-10-21 03:08:51,25100.0,1000.0,597100.0
1457,2021-10-21 03:08:51,25100.0,15000.0,596100.0
1458,2021-10-21 03:08:51,25100.0,100.0,581100.0
1459,2021-10-21 03:08:51,25100.0,1000.0,581000.0
1460,2021-10-21 03:08:51,25100.0,11500.0,580000.0
1461,2021-10-21 03:08:51,25100.0,1000.0,568500.0
1462,2021-10-21 03:08:51,25100.0,7900.0,567500.0
1463,2021-10-21 03:08:43,25050.0,1000.0,559600.0
1464,2021-10-21 03:08:43,25050.0,100.0,558600.0
1465,2021-10-21 03:08:43,25050.0,1000.0,558500.0
1466,2021-10-21 03:08:43,25050.0,1000.0,557500.0
1467,2021-10-21 03:08:43,25050.0,600.0,556500.0
1468,2021-10-21 03:08:43,25050.0,400.0,555900.0
1469,2021-10-21 03:08:43,25050.0,900.0,555500.0
1470,2021-10-21 03:08:11,25050.0,5000.0,554600.0
1471,2021-10-21 03:08:10,25100.0,100.0,549600.0
1472,2021-10-21 03:07:32,25100.0,100.0,549500.0
1473,2021-10-21 03:07:25,25100.0,2000.0,549400.0
1474,2021-10-21 03:07:23,25100.0,300.0,547400.0
1475,2021-10-21 03:06:58,25100.0,4000.0,547100.0
1476,2021-10-21 03:06:52,25100.0,200.0,543100.0
1477,2021-10-21 03:06:34,25100.0,4000.0,542900.0
1478,2021-10-21 03:06:16,25100.0,2000.0,538900.0
1479,2021-10-21 03:06:13,25050.0,2100.0,536900.0
1480,2021-10-21 03:05:14,25050.0,100.0,534800.0
1481,2021-10-21 03:05:06,25100.0,200.0,534700.0
1482,2021-10-21 03:04:19,25100.0,300.0,534500.0
1483,2021-10-21 03:03:59,25050.0,800.0,534200.0
1484,2021-10-21 03:03:42,25100.0,100.0,533400.0
1485,2021-10-21 03:03:02,25100.0,1000.0,533300.0
1486,2021-10-21 03:03:02,25100.0,700.0,532300.0
1487,2021-10-21 03:02:59,25100.0,4000.0,531600.0
1488,2021-10-21 03:02:42,25100.0,3100.0,527600.0
1489,2021-10-21 03:02:42,25100.0,900.0,524500.0
1490,2021-10-21 03:01:44,25100.0,6000.0,523600.0
1491,2021-10-21 03:01:41,25100.0,300.0,517600.0
1492,2021-10-21 03:01:41,25100.0,700.0,517300.0
1493,2021-10-21 03:01:30,25100.0,10000.0,516600.0
1494,2021-10-21 03:01:18,25100.0,100.0,506600.0
1495,2021-10-21 03:01:09,25100.0,500.0,506500.0
1496,2021-10-21 02:59:52,25100.0,6000.0,506000.0
1497,2021-10-21 02:59:33,25100.0,5000.0,500000.0
1498,2021-10-21 02:59:17,25100.0,300.0,495000.0
1499,2021-10-21 02:58:57,25100.0,200.0,494700.0
1500,2021-10-21 02:58:53,25050.0,1200.0,494500.0
1501,2021-10-21 02:58:53,25100.0,800.0,493300.0
1502,2021-10-21 02:58:52,25150.0,6500.0,492500.0
1503,2021-10-21 02:58:42,25100.0,200.0,486000.0
1504,2021-10-21 02:58:36,25100.0,26000.0,485800.0
1505,2021-10-21 02:58:21,25100.0,600.0,459800.0
1506,2021-10-21 02:58:08,25100.0,3200.0,459200.0
1507,2021-10-21 02:58:08,25100.0,100.0,456000.0
1508,2021-10-21 02:58:08,25100.0,700.0,455900.0
1509,2021-10-21 02:57:40,25100.0,100.0,455200.0
1510,2021-10-21 02:57:32,25100.0,4200.0,455100.0
1511,2021-10-21 02:57:32,25100.0,100.0,450900.0
1512,2021-10-21 02:57:32,25100.0,1000.0,450800.0
1513,2021-10-21 02:57:32,25100.0,1000.0,449800.0
1514,2021-10-21 02:57:32,25100.0,400.0,448800.0
1515,2021-10-21 02:57:32,25100.0,16300.0,448400.0
1516,2021-10-21 02:56:41,25100.0,200.0,432100.0
1517,2021-10-21 02:56:29,25100.0,2000.0,431900.0
1518,2021-10-21 02:56:19,25100.0,1500.0,429900.0
1519,2021-10-21 02:56:14,25100.0,300.0,428400.0
1520,2021-10-21 02:56:02,25100.0,28000.0,428100.0
1521,2021-10-21 02:55:58,25100.0,1500.0,400100.0
1522,2021-10-21 02:55:58,25100.0,200.0,398600.0
1523,2021-10-21 02:55:44,25100.0,800.0,398400.0
1524,2021-10-21 02:55:44,25100.0,500.0,397600.0
1525,2021-10-21 02:55:44,25100.0,1600.0,397100.0
1526,2021-10-21 02:55:38,25100.0,8000.0,395500.0
1527,2021-10-21 02:55:18,25100.0,200.0,387500.0
1528,2021-10-21 02:55:09,25100.0,100.0,387300.0
1529,2021-10-21 02:55:07,25100.0,9600.0,387200.0
1530,2021-10-21 02:55:07,25100.0,2500.0,377600.0
1531,2021-10-21 02:55:07,25100.0,5000.0,375100.0
1532,2021-10-21 02:55:07,25100.0,10900.0,370100.0
1533,2021-10-21 02:54:51,25100.0,1000.0,359200.0
1534,2021-10-21 02:54:29,25100.0,300.0,358200.0
1535,2021-10-21 02:54:26,25100.0,400.0,357900.0
1536,2021-10-21 02:54:22,25100.0,1600.0,357500.0
1537,2021-10-21 02:54:22,25100.0,1500.0,355900.0
1538,2021-10-21 02:54:21,25100.0,1600.0,354400.0
1539,2021-10-21 02:54:15,25100.0,100.0,352800.0
1540,2021-10-21 02:54:06,25100.0,5000.0,352700.0
1541,2021-10-21 02:54:00,25100.0,100.0,347700.0
1542,2021-10-21 02:53:43,25050.0,500.0,347600.0
1543,2021-10-21 02:53:05,25100.0,1000.0,347100.0
1544,2021-10-21 02:52:29,25100.0,500.0,346100.0
1545,2021-10-21 02:52:24,25100.0,2000.0,345600.0
1546,2021-10-21 02:51:45,25100.0,4000.0,343600.0
1547,2021-10-21 02:51:39,25150.0,5100.0,339600.0
1548,2021-10-21 02:51:39,25100.0,100.0,334500.0
1549,2021-10-21 02:51:12,25150.0,2200.0,334400.0
1550,2021-10-21 02:51:12,25100.0,17800.0,332200.0
1551,2021-10-21 02:51:09,25100.0,1000.0,314400.0
1552,2021-10-21 02:51:08,25100.0,1000.0,313400.0
1553,2021-10-21 02:50:55,25100.0,200.0,312400.0
1554,2021-10-21 02:50:54,25150.0,5000.0,312200.0
1555,2021-10-21 02:50:53,25150.0,300.0,307200.0
1556,2021-10-21 02:50:48,25150.0,100.0,306900.0
1557,2021-10-21 02:50:03,25150.0,1000.0,306800.0
1558,2021-10-21 02:50:03,25150.0,500.0,305800.0
1559,2021-10-21 02:50:03,25150.0,2500.0,305300.0
1560,2021-10-21 02:50:03,25150.0,4000.0,302800.0
1561,2021-10-21 02:50:03,25150.0,300.0,298800.0
1562,2021-10-21 02:50:03,25150.0,100.0,298500.0
1563,2021-10-21 02:50:03,25150.0,100.0,298400.0
1564,2021-10-21 02:50:03,25150.0,1000.0,298300.0
1565,2021-10-21 02:50:03,25150.0,200.0,297300.0
1566,2021-10-21 02:50:03,25150.0,100.0,297100.0
1567,2021-10-21 02:50:03,25150.0,1100.0,297000.0
1568,2021-10-21 02:50:03,25100.0,4000.0,295900.0
1569,2021-10-21 02:50:03,25100.0,1000.0,291900.0
1570,2021-10-21 02:50:02,25050.0,1000.0,290900.0
1571,2021-10-21 02:49:49,25100.0,200.0,289900.0
1572,2021-10-21 02:49:29,25100.0,500.0,289700.0
1573,2021-10-21 02:49:03,25100.0,200.0,289200.0
1574,2021-10-21 02:48:53,25100.0,100.0,289000.0
1575,2021-10-21 02:48:53,25100.0,1500.0,288900.0
1576,2021-10-21 02:48:53,25100.0,100.0,287400.0
1577,2021-10-21 02:48:53,25100.0,1000.0,287300.0
1578,2021-10-21 02:48:53,25100.0,400.0,286300.0
1579,2021-10-21 02:48:08,25150.0,15000.0,285900.0
1580,2021-10-21 02:47:51,25100.0,600.0,270900.0
1581,2021-10-21 02:47:51,25100.0,100.0,270300.0
1582,2021-10-21 02:47:45,25100.0,500.0,270200.0
1583,2021-10-21 02:47:24,25100.0,400.0,269700.0
1584,2021-10-21 02:47:16,25100.0,100.0,269300.0
1585,2021-10-21 02:46:38,25100.0,700.0,269200.0
1586,2021-10-21 02:46:38,25100.0,700.0,268500.0
1587,2021-10-21 02:46:38,25100.0,100.0,267800.0
1588,2021-10-21 02:46:38,25100.0,100.0,267700.0
1589,2021-10-21 02:46:38,25100.0,100.0,267600.0
1590,2021-10-21 02:46:38,25100.0,20000.0,267500.0
1591,2021-10-21 02:46:38,25100.0,500.0,247500.0
1592,2021-10-21 02:46:38,25100.0,400.0,247000.0
1593,2021-10-21 02:46:38,25100.0,500.0,246600.0
1594,2021-10-21 02:46:38,25100.0,100.0,246100.0
1595,2021-10-21 02:46:38,25100.0,20000.0,246000.0
1596,2021-10-21 02:46:38,25100.0,15100.0,226000.0
1597,2021-10-21 02:45:49,25050.0,200.0,210900.0
1598,2021-10-21 02:45:41,25050.0,4000.0,210700.0
1599,2021-10-21 02:45:14,25050.0,100.0,206700.0
1600,2021-10-21 02:43:53,25100.0,1000.0,206600.0
1601,2021-10-21 02:43:14,25050.0,100.0,205600.0
1602,2021-10-21 02:43:07,25100.0,2000.0,205500.0
1603,2021-10-21 02:43:04,25050.0,4000.0,203500.0
1604,2021-10-21 02:43:04,25050.0,1000.0,199500.0
1605,2021-10-21 02:42:47,25050.0,500.0,198500.0
1606,2021-10-21 02:42:29,25050.0,500.0,198000.0
1607,2021-10-21 02:42:29,25050.0,1000.0,197500.0
1608,2021-10-21 02:42:14,25050.0,2000.0,196500.0
1609,2021-10-21 02:42:14,25050.0,1500.0,194500.0
1610,2021-10-21 02:42:14,25050.0,1000.0,193000.0
1611,2021-10-21 02:42:14,25050.0,1500.0,192000.0
1612,2021-10-21 02:42:14,25050.0,1000.0,190500.0
1613,2021-10-21 02:42:14,25050.0,100.0,189500.0
1614,2021-10-21 02:42:14,25050.0,2000.0,189400.0
1615,2021-10-21 02:42:14,25050.0,1500.0,187400.0
1616,2021-10-21 02:42:14,25050.0,200.0,185900.0
1617,2021-10-21 02:42:14,25050.0,1000.0,185700.0
1618,2021-10-21 02:42:14,25050.0,300.0,184700.0
1619,2021-10-21 02:42:14,25050.0,1000.0,184400.0
1620,2021-10-21 02:42:14,25050.0,500.0,183400.0
1621,2021-10-21 02:42:14,25050.0,1000.0,182900.0
1622,2021-10-21 02:42:14,25050.0,500.0,181900.0
1623,2021-10-21 02:42:14,25050.0,200.0,181400.0
1624,2021-10-21 02:42:14,25050.0,200.0,181200.0
1625,2021-10-21 02:42:14,25050.0,500.0,181000.0
1626,2021-10-21 02:42:14,25050.0,500.0,180500.0
1627,2021-10-21 02:42:14,25050.0,100.0,180000.0
1628,2021-10-21 02:42:14,25050.0,5000.0,179900.0
1629,2021-10-21 02:42:14,25050.0,10000.0,174900.0
1630,2021-10-21 02:42:14,25050.0,500.0,164900.0
1631,2021-10-21 02:42:14,25050.0,1500.0,164400.0
1632,2021-10-21 02:42:14,25050.0,100.0,162900.0
1633,2021-10-21 02:42:14,25050.0,1500.0,162800.0
1634,2021-10-21 02:42:14,25050.0,2600.0,161300.0
1635,2021-10-21 02:42:14,25050.0,1000.0,158700.0
1636,2021-10-21 02:42:14,25050.0,200.0,157700.0
1637,2021-10-21 02:42:14,25050.0,1600.0,157500.0
1638,2021-10-21 02:42:14,25050.0,1800.0,155900.0
1639,2021-10-21 02:42:14,25050.0,100.0,154100.0
1640,2021-10-21 02:42:14,25050.0,1000.0,154000.0
1641,2021-10-21 02:42:14,25050.0,200.0,153000.0
1642,2021-10-21 02:42:14,25050.0,100.0,152800.0
1643,2021-10-21 02:42:14,25050.0,200.0,152700.0
1644,2021-10-21 02:42:14,25050.0,3000.0,152500.0
1645,2021-10-21 02:42:14,25050.0,100.0,149500.0
1646,2021-10-21 02:42:14,25050.0,100.0,149400.0
1647,2021-10-21 02:42:14,25050.0,200.0,149300.0
1648,2021-10-21 02:42:14,25050.0,100.0,149100.0
1649,2021-10-21 02:42:14,25050.0,200.0,149000.0
1650,2021-10-21 02:42:14,25050.0,500.0,148800.0
1651,2021-10-21 02:42:14,25050.0,500.0,148300.0
1652,2021-10-21 02:42:14,25050.0,300.0,147800.0
1653,2021-10-21 02:42:14,25050.0,100.0,147500.0
1654,2021-10-21 02:42:14,25050.0,900.0,147400.0
1655,2021-10-21 02:42:03,25100.0,1000.0,146500.0
1656,2021-10-21 02:40:54,25100.0,900.0,145500.0
1657,2021-10-21 02:40:54,25100.0,100.0,144600.0
1658,2021-10-21 02:40:32,25100.0,400.0,144500.0
1659,2021-10-21 02:40:27,25050.0,100.0,144100.0
1660,2021-10-21 02:40:27,25050.0,600.0,144000.0
1661,2021-10-21 02:40:27,25050.0,100.0,143400.0
1662,2021-10-21 02:39:43,25050.0,200.0,143300.0
1663,2021-10-21 02:39:43,25050.0,100.0,143100.0
1664,2021-10-21 02:39:43,25050.0,1100.0,143000.0
1665,2021-10-21 02:38:34,25100.0,500.0,141900.0
1666,2021-10-21 02:38:13,25100.0,5000.0,141400.0
1667,2021-10-21 02:37:47,25100.0,1600.0,136400.0
1668,2021-10-21 02:37:47,25100.0,100.0,134800.0
1669,2021-10-21 02:37:47,25100.0,300.0,134700.0
1670,2021-10-21 02:37:47,25100.0,1600.0,134400.0
1671,2021-10-21 02:37:47,25100.0,1600.0,132800.0
1672,2021-10-21 02:37:47,25100.0,1500.0,131200.0
1673,2021-10-21 02:37:47,25100.0,500.0,129700.0
1674,2021-10-21 02:37:47,25100.0,200.0,129200.0
1675,2021-10-21 02:37:47,25100.0,4400.0,129000.0
1676,2021-10-21 02:37:47,25100.0,1000.0,124600.0
1677,2021-10-21 02:37:47,25100.0,1500.0,123600.0
1678,2021-10-21 02:37:47,25100.0,400.0,122100.0
1679,2021-10-21 02:37:47,25100.0,1000.0,121700.0
1680,2021-10-21 02:37:47,25100.0,3300.0,120700.0
1681,2021-10-21 02:37:37,25150.0,600.0,117400.0
1682,2021-10-21 02:37:17,25150.0,100.0,116800.0
1683,2021-10-21 02:35:38,25150.0,1000.0,116700.0
1684,2021-10-21 02:35:30,25150.0,200.0,115700.0
1685,2021-10-21 02:35:08,25150.0,500.0,115500.0
1686,2021-10-21 02:34:48,25150.0,300.0,115000.0
1687,2021-10-21 02:34:19,25100.0,200.0,114700.0
1688,2021-10-21 02:34:16,25100.0,1000.0,114500.0
1689,2021-10-21 02:34:16,25100.0,500.0,113500.0
1690,2021-10-21 02:34:12,25100.0,400.0,113000.0
1691,2021-10-21 02:34:12,25100.0,100.0,112600.0
1692,2021-10-21 02:34:12,25100.0,1500.0,112500.0
1693,2021-10-21 02:34:12,25100.0,1400.0,111000.0
1694,2021-10-21 02:34:12,25100.0,200.0,109600.0
1695,2021-10-21 02:34:09,25100.0,1300.0,109400.0
1696,2021-10-21 02:34:09,25100.0,4700.0,108100.0
1697,2021-10-21 02:34:09,25100.0,1000.0,103400.0
1698,2021-10-21 02:34:03,25100.0,100.0,102400.0
1699,2021-10-21 02:34:01,25100.0,1600.0,102300.0
1700,2021-10-21 02:34:01,25100.0,1500.0,100700.0
1701,2021-10-21 02:33:53,25100.0,6100.0,99200.0
1702,2021-10-21 02:33:53,25100.0,500.0,93100.0
1703,2021-10-21 02:33:53,25100.0,10000.0,92600.0
1704,2021-10-21 02:33:53,25100.0,100.0,82600.0
1705,2021-10-21 02:33:53,25100.0,1200.0,82500.0
1706,2021-10-21 02:33:53,25100.0,200.0,81300.0
1707,2021-10-21 02:33:53,25100.0,100.0,81100.0
1708,2021-10-21 02:33:53,25100.0,100.0,81000.0
1709,2021-10-21 02:33:53,25100.0,300.0,80900.0
1710,2021-10-21 02:33:53,25100.0,500.0,80600.0
1711,2021-10-21 02:33:53,25100.0,900.0,80100.0
1712,2021-10-21 02:32:53,25100.0,100.0,79200.0
1713,2021-10-21 02:32:53,25100.0,400.0,79100.0
1714,2021-10-21 02:32:35,25100.0,200.0,78700.0
1715,2021-10-21 02:32:23,25100.0,2000.0,78500.0
1716,2021-10-21 02:31:51,25100.0,1500.0,76500.0
1717,2021-10-21 02:31:51,25100.0,1000.0,75000.0
1718,2021-10-21 02:31:51,25100.0,1500.0,74000.0
1719,2021-10-21 02:31:09,25100.0,100.0,72500.0
1720,2021-10-21 02:30:44,25100.0,300.0,72400.0
1721,2021-10-21 02:30:16,25100.0,200.0,72100.0
1722,2021-10-21 02:30:05,25100.0,1000.0,71900.0
1723,2021-10-21 02:30:01,25100.0,500.0,70900.0
1724,2021-10-21 02:29:41,25100.0,2000.0,70400.0
1725,2021-10-21 02:29:26,25100.0,7500.0,68400.0
1726,2021-10-21 02:29:24,25100.0,100.0,60900.0
1727,2021-10-21 02:29:12,25100.0,1700.0,60800.0
1728,2021-10-21 02:29:12,25100.0,300.0,59100.0
1729,2021-10-21 02:28:24,25050.0,500.0,58800.0
1730,2021-10-21 02:28:06,25050.0,400.0,58300.0
1731,2021-10-21 02:28:06,25050.0,1200.0,57900.0
1732,2021-10-21 02:28:06,25050.0,400.0,56700.0
1733,2021-10-21 02:28:06,25050.0,3000.0,56300.0
1734,2021-10-21 02:27:02,25050.0,1600.0,53300.0
1735,2021-10-21 02:27:02,25050.0,400.0,51700.0
1736,2021-10-21 02:26:52,25100.0,2000.0,51300.0
1737,2021-10-21 02:26:33,25100.0,1000.0,49300.0
1738,2021-10-21 02:26:33,25100.0,200.0,48300.0
1739,2021-10-21 02:26:03,25100.0,3000.0,48100.0
1740,2021-10-21 02:25:37,25100.0,600.0,45100.0
1741,2021-10-21 02:24:53,25100.0,2000.0,44500.0
1742,2021-10-21 02:24:48,25100.0,1000.0,42500.0
1743,2021-10-21 02:24:29,25100.0,100.0,41500.0
1744,2021-10-21 02:24:28,25100.0,1000.0,41400.0
1745,2021-10-21 02:24:11,25100.0,500.0,40400.0
1746,2021-10-21 02:23:40,25100.0,300.0,39900.0
1747,2021-10-21 02:23:37,25050.0,1100.0,39600.0
1748,2021-10-21 02:23:33,25050.0,1300.0,38500.0
1749,2021-10-21 02:23:16,25050.0,200.0,37200.0
1750,2021-10-21 02:23:16,25050.0,100.0,37000.0
1751,2021-10-21 02:23:16,25050.0,100.0,36900.0
1752,2021-10-21 02:23:16,25050.0,600.0,36800.0
1753,2021-10-21 02:23:16,25050.0,1000.0,36200.0
1754,2021-10-21 02:23:06,25100.0,100.0,35200.0
1755,2021-10-21 02:23:02,25100.0,200.0,35100.0
1756,2021-10-21 02:22:52,25100.0,200.0,34900.0
1757,2021-10-21 02:22:17,25100.0,100.0,34700.0
1758,2021-10-21 02:22:17,25100.0,100.0,34600.0
1759,2021-10-21 02:22:17,25100.0,500.0,34500.0
1760,2021-10-21 02:22:17,25100.0,500.0,34000.0
1761,2021-10-21 02:22:17,25100.0,300.0,33500.0
1762,2021-10-21 02:22:17,25100.0,4000.0,33200.0
1763,2021-10-21 02:22:17,25100.0,1000.0,29200.0
1764,2021-10-21 02:22:17,25100.0,400.0,28200.0
1765,2021-10-21 02:22:17,25100.0,100.0,27800.0
1766,2021-10-21 02:22:17,25100.0,100.0,27700.0
1767,2021-10-21 02:22:17,25100.0,200.0,27600.0
1768,2021-10-21 02:22:17,25100.0,200.0,27400.0
1769,2021-10-21 02:22:07,25150.0,100.0,27200.0
1770,2021-10-21 02:22:07,25150.0,200.0,27100.0
1771,2021-10-21 02:22:07,25150.0,500.0,26900.0
1772,2021-10-21 02:22:07,25150.0,300.0,26400.0
1773,2021-10-21 02:22:07,25150.0,100.0,26100.0
1774,2021-10-21 02:22:04,25200.0,100.0,26000.0
1775,2021-10-21 02:21:57,25200.0,100.0,25900.0
1776,2021-10-21 02:21:57,25200.0,300.0,25800.0
1777,2021-10-21 02:21:20,25200.0,200.0,25500.0
1778,2021-10-21 02:20:52,25150.0,300.0,25300.0
1779,2021-10-21 02:20:49,25150.0,1400.0,25000.0
1780,2021-10-21 02:20:49,25150.0,100.0,23600.0
1781,2021-10-21 02:20:49,25150.0,1500.0,23500.0
1782,2021-10-21 02:20:48,25200.0,400.0,22000.0
1783,2021-10-21 02:20:36,25150.0,1500.0,21600.0
1784,2021-10-21 02:20:21,25200.0,100.0,20100.0
1785,2021-10-21 02:20:00,25250.0,500.0,20000.0
1786,2021-10-21 02:19:24,25250.0,100.0,19500.0
1787,2021-10-21 02:16:58,25300.0,100.0,19400.0
1788,2021-10-21 02:15:24,25300.0,300.0,19300.0
1789,2021-10-21 02:15:00,25100.0,100.0,19000.0
1790,2021-10-21 02:15:00,25100.0,200.0,18900.0
1791,2021-10-21 02:15:00,25100.0,2000.0,18700.0
1792,2021-10-21 02:15:00,25100.0,2000.0,16700.0
1793,2021-10-21 02:15:00,25100.0,600.0,14700.0
1794,2021-10-21 02:15:00,25100.0,600.0,14100.0
1795,2021-10-21 02:15:00,25100.0,200.0,13500.0
1796,2021-10-21 02:15:00,25100.0,300.0,13300.0
1797,2021-10-21 02:15:00,25100.0,100.0,13000.0
1798,2021-10-21 02:15:00,25100.0,700.0,12900.0
1799,2021-10-21 02:15:00,25100.0,300.0,12200.0
1800,2021-10-21 02:15:00,25100.0,400.0,11900.0
1801,2021-10-21 02:15:00,25100.0,100.0,11500.0
1802,2021-10-21 02:15:00,25100.0,1000.0,11400.0
1803,2021-10-21 02:15:00,25100.0,200.0,10400.0
1804,2021-10-21 02:15:00,25100.0,2900.0,10200.0
1805,2021-10-21 02:15:00,25100.0,300.0,7300.0
1806,2021-10-21 02:15:00,25100.0,100.0,7000.0
1807,2021-10-21 02:15:00,25100.0,400.0,6900.0
1808,2021-10-21 02:15:00,25100.0,1100.0,6500.0
1809,2021-10-21 02:15:00,25100.0,400.0,5400.0
1810,2021-10-21 02:15:00,25100.0,5000.0,5000.0
