,Time,Price,Volume_per_trade,Volume
0,2021-10-18 07:45:00,25700.0,200.0,3820900.0
1,2021-10-18 07:45:00,25700.0,100.0,3820700.0
2,2021-10-18 07:45:00,25700.0,200.0,3820600.0
3,2021-10-18 07:45:00,25700.0,500.0,3820400.0
4,2021-10-18 07:45:00,25700.0,500.0,3819900.0
5,2021-10-18 07:45:00,25700.0,500.0,3819400.0
6,2021-10-18 07:45:00,25700.0,300.0,3818900.0
7,2021-10-18 07:45:00,25700.0,1100.0,3818600.0
8,2021-10-18 07:45:00,25700.0,1500.0,3817500.0
9,2021-10-18 07:45:00,25700.0,3000.0,3816000.0
10,2021-10-18 07:45:00,25700.0,100.0,3813000.0
11,2021-10-18 07:45:00,25700.0,700.0,3812900.0
12,2021-10-18 07:45:00,25700.0,100.0,3812200.0
13,2021-10-18 07:45:00,25700.0,13400.0,3812100.0
14,2021-10-18 07:45:00,25700.0,6600.0,3798700.0
15,2021-10-18 07:45:00,25700.0,4400.0,3792100.0
16,2021-10-18 07:45:00,25700.0,300.0,3787700.0
17,2021-10-18 07:45:00,25700.0,600.0,3787400.0
18,2021-10-18 07:45:00,25700.0,4700.0,3786800.0
19,2021-10-18 07:45:00,25700.0,200.0,3782100.0
20,2021-10-18 07:45:00,25700.0,100.0,3781900.0
21,2021-10-18 07:45:00,25700.0,200.0,3781800.0
22,2021-10-18 07:45:00,25700.0,100.0,3781600.0
23,2021-10-18 07:45:00,25700.0,100.0,3781500.0
24,2021-10-18 07:45:00,25700.0,4800.0,3781400.0
25,2021-10-18 07:45:00,25700.0,100.0,3776600.0
26,2021-10-18 07:45:00,25700.0,1000.0,3776500.0
27,2021-10-18 07:45:00,25700.0,300.0,3775500.0
28,2021-10-18 07:45:00,25700.0,4500.0,3775200.0
29,2021-10-18 07:45:00,25700.0,5000.0,3770700.0
30,2021-10-18 07:45:00,25700.0,200.0,3765700.0
31,2021-10-18 07:45:00,25700.0,9100.0,3765500.0
32,2021-10-18 07:45:00,25700.0,500.0,3756400.0
33,2021-10-18 07:45:00,25700.0,400.0,3755900.0
34,2021-10-18 07:45:00,25700.0,100.0,3755500.0
35,2021-10-18 07:45:00,25700.0,100.0,3755400.0
36,2021-10-18 07:45:00,25700.0,100.0,3755300.0
37,2021-10-18 07:45:00,25700.0,100.0,3755200.0
38,2021-10-18 07:45:00,25700.0,300.0,3755100.0
39,2021-10-18 07:45:00,25700.0,2000.0,3754800.0
40,2021-10-18 07:45:00,25700.0,1100.0,3752800.0
41,2021-10-18 07:45:00,25700.0,200.0,3751700.0
42,2021-10-18 07:45:00,25700.0,500.0,3751500.0
43,2021-10-18 07:45:00,25700.0,4000.0,3751000.0
44,2021-10-18 07:45:00,25700.0,500.0,3747000.0
45,2021-10-18 07:45:00,25700.0,200.0,3746500.0
46,2021-10-18 07:45:00,25700.0,100.0,3746300.0
47,2021-10-18 07:45:00,25700.0,2000.0,3746200.0
48,2021-10-18 07:45:00,25700.0,1000.0,3744200.0
49,2021-10-18 07:45:00,25700.0,100.0,3743200.0
50,2021-10-18 07:45:00,25700.0,200.0,3743100.0
51,2021-10-18 07:45:00,25700.0,200.0,3742900.0
52,2021-10-18 07:45:00,25700.0,1300.0,3742700.0
53,2021-10-18 07:45:00,25700.0,3000.0,3741400.0
54,2021-10-18 07:45:00,25700.0,2300.0,3738400.0
55,2021-10-18 07:45:00,25700.0,2000.0,3736100.0
56,2021-10-18 07:29:43,25650.0,500.0,3734100.0
57,2021-10-18 07:28:20,25650.0,6500.0,3733600.0
58,2021-10-18 07:28:20,25650.0,3500.0,3727100.0
59,2021-10-18 07:28:16,25650.0,1500.0,3723600.0
60,2021-10-18 07:28:16,25650.0,1100.0,3722100.0
61,2021-10-18 07:27:56,25650.0,900.0,3721000.0
62,2021-10-18 07:27:56,25650.0,100.0,3720100.0
63,2021-10-18 07:27:56,25650.0,1000.0,3720000.0
64,2021-10-18 07:27:56,25650.0,500.0,3719000.0
65,2021-10-18 07:27:56,25650.0,12500.0,3718500.0
66,2021-10-18 07:27:44,25650.0,2500.0,3706000.0
67,2021-10-18 07:27:37,25650.0,100.0,3703500.0
68,2021-10-18 07:27:35,25650.0,9900.0,3703400.0
69,2021-10-18 07:27:35,25650.0,5100.0,3693500.0
70,2021-10-18 07:27:27,25650.0,1000.0,3688400.0
71,2021-10-18 07:27:15,25650.0,13900.0,3687400.0
72,2021-10-18 07:27:15,25650.0,800.0,3673500.0
73,2021-10-18 07:27:15,25650.0,300.0,3672700.0
74,2021-10-18 07:27:01,25650.0,1400.0,3672400.0
75,2021-10-18 07:27:01,25650.0,5000.0,3671000.0
76,2021-10-18 07:27:01,25650.0,5000.0,3666000.0
77,2021-10-18 07:27:01,25650.0,1000.0,3661000.0
78,2021-10-18 07:27:01,25650.0,4600.0,3660000.0
79,2021-10-18 07:26:56,25650.0,400.0,3655400.0
80,2021-10-18 07:26:56,25650.0,100.0,3655000.0
81,2021-10-18 07:26:51,25700.0,100.0,3654900.0
82,2021-10-18 07:26:46,25650.0,900.0,3654800.0
83,2021-10-18 07:26:46,25650.0,1000.0,3653900.0
84,2021-10-18 07:26:43,25650.0,100.0,3652900.0
85,2021-10-18 07:26:29,25650.0,200.0,3652800.0
86,2021-10-18 07:26:08,25650.0,2500.0,3652600.0
87,2021-10-18 07:25:57,25650.0,2300.0,3650100.0
88,2021-10-18 07:25:46,25650.0,3000.0,3647800.0
89,2021-10-18 07:25:35,25650.0,900.0,3644800.0
90,2021-10-18 07:25:35,25650.0,300.0,3643900.0
91,2021-10-18 07:25:35,25650.0,3700.0,3643600.0
92,2021-10-18 07:25:22,25650.0,200.0,3639900.0
93,2021-10-18 07:24:36,25650.0,100.0,3639700.0
94,2021-10-18 07:24:28,25650.0,1000.0,3639600.0
95,2021-10-18 07:24:21,25700.0,100.0,3638600.0
96,2021-10-18 07:24:21,25700.0,900.0,3638500.0
97,2021-10-18 07:24:03,25700.0,200.0,3637600.0
98,2021-10-18 07:23:32,25700.0,100.0,3637400.0
99,2021-10-18 07:23:32,25650.0,300.0,3637300.0
100,2021-10-18 07:23:23,25700.0,800.0,3637000.0
101,2021-10-18 07:23:23,25700.0,200.0,3636200.0
102,2021-10-18 07:23:23,25700.0,200.0,3636000.0
103,2021-10-18 07:23:10,25650.0,4000.0,3635800.0
104,2021-10-18 07:22:52,25700.0,800.0,3631800.0
105,2021-10-18 07:22:52,25700.0,300.0,3631000.0
106,2021-10-18 07:22:52,25700.0,100.0,3630700.0
107,2021-10-18 07:22:18,25650.0,700.0,3630600.0
108,2021-10-18 07:22:18,25650.0,400.0,3629900.0
109,2021-10-18 07:21:57,25650.0,1000.0,3629500.0
110,2021-10-18 07:20:14,25650.0,600.0,3628500.0
111,2021-10-18 07:20:14,25650.0,100.0,3627900.0
112,2021-10-18 07:20:14,25650.0,400.0,3627800.0
113,2021-10-18 07:20:12,25650.0,500.0,3627400.0
114,2021-10-18 07:20:05,25700.0,400.0,3626900.0
115,2021-10-18 07:20:05,25700.0,800.0,3626500.0
116,2021-10-18 07:20:05,25700.0,5000.0,3625700.0
117,2021-10-18 07:20:05,25700.0,100.0,3620700.0
118,2021-10-18 07:20:05,25700.0,4200.0,3620600.0
119,2021-10-18 07:20:05,25700.0,100.0,3616400.0
120,2021-10-18 07:20:05,25700.0,1000.0,3616300.0
121,2021-10-18 07:20:05,25700.0,1600.0,3615300.0
122,2021-10-18 07:20:05,25700.0,1800.0,3613700.0
123,2021-10-18 07:20:04,25650.0,100.0,3611900.0
124,2021-10-18 07:20:04,25650.0,300.0,3611800.0
125,2021-10-18 07:20:04,25650.0,800.0,3611500.0
126,2021-10-18 07:19:19,25700.0,100.0,3610700.0
127,2021-10-18 07:19:19,25700.0,100.0,3610600.0
128,2021-10-18 07:19:14,25700.0,9900.0,3610500.0
129,2021-10-18 07:19:14,25700.0,9000.0,3600600.0
130,2021-10-18 07:19:14,25700.0,700.0,3591600.0
131,2021-10-18 07:19:14,25700.0,100.0,3590900.0
132,2021-10-18 07:19:14,25700.0,1000.0,3590800.0
133,2021-10-18 07:19:14,25700.0,4300.0,3589800.0
134,2021-10-18 07:19:13,25700.0,400.0,3585500.0
135,2021-10-18 07:18:14,25700.0,200.0,3585100.0
136,2021-10-18 07:18:11,25700.0,200.0,3584900.0
137,2021-10-18 07:18:07,25700.0,10000.0,3584700.0
138,2021-10-18 07:18:03,25700.0,1100.0,3574700.0
139,2021-10-18 07:18:01,25700.0,200.0,3573600.0
140,2021-10-18 07:17:58,25700.0,200.0,3573400.0
141,2021-10-18 07:17:55,25700.0,200.0,3573200.0
142,2021-10-18 07:17:53,25700.0,200.0,3573000.0
143,2021-10-18 07:17:50,25700.0,200.0,3572800.0
144,2021-10-18 07:17:48,25700.0,200.0,3572600.0
145,2021-10-18 07:17:45,25700.0,200.0,3572400.0
146,2021-10-18 07:17:43,25700.0,200.0,3572200.0
147,2021-10-18 07:17:40,25700.0,200.0,3572000.0
148,2021-10-18 07:17:37,25700.0,200.0,3571800.0
149,2021-10-18 07:17:33,25700.0,200.0,3571600.0
150,2021-10-18 07:17:30,25700.0,200.0,3571400.0
151,2021-10-18 07:17:25,25700.0,200.0,3571200.0
152,2021-10-18 07:17:25,25700.0,600.0,3571000.0
153,2021-10-18 07:17:23,25700.0,200.0,3570400.0
154,2021-10-18 07:17:20,25700.0,200.0,3570200.0
155,2021-10-18 07:17:16,25700.0,200.0,3570000.0
156,2021-10-18 07:17:13,25700.0,200.0,3569800.0
157,2021-10-18 07:17:09,25700.0,200.0,3569600.0
158,2021-10-18 07:17:07,25700.0,500.0,3569400.0
159,2021-10-18 07:17:05,25700.0,100.0,3568900.0
160,2021-10-18 07:17:05,25700.0,100.0,3568800.0
161,2021-10-18 07:17:01,25700.0,200.0,3568700.0
162,2021-10-18 07:16:56,25700.0,200.0,3568500.0
163,2021-10-18 07:16:53,25700.0,200.0,3568300.0
164,2021-10-18 07:16:52,25700.0,200.0,3568100.0
165,2021-10-18 07:16:41,25700.0,200.0,3567900.0
166,2021-10-18 07:16:41,25700.0,300.0,3567700.0
167,2021-10-18 07:16:37,25700.0,200.0,3567400.0
168,2021-10-18 07:16:37,25700.0,1000.0,3567200.0
169,2021-10-18 07:16:34,25700.0,200.0,3566200.0
170,2021-10-18 07:16:30,25700.0,300.0,3566000.0
171,2021-10-18 07:16:30,25700.0,200.0,3565700.0
172,2021-10-18 07:16:28,25700.0,7200.0,3565500.0
173,2021-10-18 07:16:28,25700.0,100.0,3558300.0
174,2021-10-18 07:16:27,25700.0,100.0,3558200.0
175,2021-10-18 07:16:16,25700.0,100.0,3558100.0
176,2021-10-18 07:16:10,25700.0,12300.0,3558000.0
177,2021-10-18 07:16:10,25700.0,1000.0,3545700.0
178,2021-10-18 07:16:10,25700.0,500.0,3544700.0
179,2021-10-18 07:16:10,25700.0,1200.0,3544200.0
180,2021-10-18 07:16:05,25750.0,1100.0,3543000.0
181,2021-10-18 07:15:58,25700.0,800.0,3541900.0
182,2021-10-18 07:15:52,25700.0,1100.0,3541100.0
183,2021-10-18 07:15:46,25750.0,100.0,3540000.0
184,2021-10-18 07:14:38,25750.0,1100.0,3539900.0
185,2021-10-18 07:14:17,25700.0,400.0,3538800.0
186,2021-10-18 07:14:09,25750.0,100.0,3538400.0
187,2021-10-18 07:13:52,25750.0,1200.0,3538300.0
188,2021-10-18 07:13:52,25750.0,200.0,3537100.0
189,2021-10-18 07:13:52,25750.0,100.0,3536900.0
190,2021-10-18 07:13:52,25750.0,500.0,3536800.0
191,2021-10-18 07:13:52,25750.0,500.0,3536300.0
192,2021-10-18 07:13:52,25750.0,100.0,3535800.0
193,2021-10-18 07:13:52,25750.0,1000.0,3535700.0
194,2021-10-18 07:13:52,25750.0,100.0,3534700.0
195,2021-10-18 07:13:52,25750.0,1200.0,3534600.0
196,2021-10-18 07:13:52,25750.0,100.0,3533400.0
197,2021-10-18 07:13:49,25700.0,1000.0,3533300.0
198,2021-10-18 07:13:39,25700.0,200.0,3532300.0
199,2021-10-18 07:13:39,25750.0,1400.0,3532100.0
200,2021-10-18 07:13:32,25700.0,15000.0,3530700.0
201,2021-10-18 07:13:13,25750.0,500.0,3515700.0
202,2021-10-18 07:13:13,25750.0,100.0,3515200.0
203,2021-10-18 07:13:13,25750.0,100.0,3515100.0
204,2021-10-18 07:13:13,25750.0,100.0,3515000.0
205,2021-10-18 07:13:13,25750.0,100.0,3514900.0
206,2021-10-18 07:13:03,25750.0,200.0,3514800.0
207,2021-10-18 07:13:03,25750.0,500.0,3514600.0
208,2021-10-18 07:13:03,25750.0,400.0,3514100.0
209,2021-10-18 07:12:58,25700.0,300.0,3513700.0
210,2021-10-18 07:12:57,25700.0,200.0,3513400.0
211,2021-10-18 07:12:57,25700.0,2000.0,3513200.0
212,2021-10-18 07:12:51,25750.0,1500.0,3511200.0
213,2021-10-18 07:12:41,25750.0,100.0,3509700.0
214,2021-10-18 07:12:41,25750.0,800.0,3509600.0
215,2021-10-18 07:12:41,25750.0,100.0,3508800.0
216,2021-10-18 07:12:41,25750.0,600.0,3508700.0
217,2021-10-18 07:12:30,25750.0,1100.0,3508100.0
218,2021-10-18 07:12:23,25700.0,1200.0,3507000.0
219,2021-10-18 07:12:23,25700.0,500.0,3505800.0
220,2021-10-18 07:12:23,25700.0,5300.0,3505300.0
221,2021-10-18 07:12:16,25700.0,900.0,3500000.0
222,2021-10-18 07:12:04,25700.0,900.0,3499100.0
223,2021-10-18 07:11:54,25700.0,7900.0,3498200.0
224,2021-10-18 07:11:51,25750.0,300.0,3490300.0
225,2021-10-18 07:11:51,25750.0,500.0,3490000.0
226,2021-10-18 07:11:51,25750.0,400.0,3489500.0
227,2021-10-18 07:11:49,25700.0,5200.0,3489100.0
228,2021-10-18 07:11:38,25700.0,2000.0,3483900.0
229,2021-10-18 07:11:37,25700.0,1100.0,3481900.0
230,2021-10-18 07:11:28,25700.0,3800.0,3480800.0
231,2021-10-18 07:11:28,25700.0,100.0,3477000.0
232,2021-10-18 07:11:28,25700.0,1100.0,3476900.0
233,2021-10-18 07:11:28,25700.0,1900.0,3475800.0
234,2021-10-18 07:11:28,25700.0,100.0,3473900.0
235,2021-10-18 07:11:28,25700.0,800.0,3473800.0
236,2021-10-18 07:11:28,25700.0,10000.0,3473000.0
237,2021-10-18 07:11:28,25700.0,1000.0,3463000.0
238,2021-10-18 07:11:28,25700.0,500.0,3462000.0
239,2021-10-18 07:11:28,25700.0,100.0,3461500.0
240,2021-10-18 07:11:28,25700.0,100.0,3461400.0
241,2021-10-18 07:11:28,25700.0,200.0,3461300.0
242,2021-10-18 07:11:28,25700.0,2000.0,3461100.0
243,2021-10-18 07:11:28,25700.0,8300.0,3459100.0
244,2021-10-18 07:11:08,25700.0,1700.0,3450800.0
245,2021-10-18 07:11:08,25700.0,500.0,3449100.0
246,2021-10-18 07:11:08,25700.0,200.0,3448600.0
247,2021-10-18 07:11:08,25700.0,1000.0,3448400.0
248,2021-10-18 07:11:08,25700.0,1000.0,3447400.0
249,2021-10-18 07:11:08,25700.0,600.0,3446400.0
250,2021-10-18 07:10:39,25700.0,400.0,3445800.0
251,2021-10-18 07:10:39,25700.0,1000.0,3445400.0
252,2021-10-18 07:10:39,25700.0,500.0,3444400.0
253,2021-10-18 07:10:39,25700.0,100.0,3443900.0
254,2021-10-18 07:10:22,25750.0,100.0,3443800.0
255,2021-10-18 07:10:22,25700.0,600.0,3443700.0
256,2021-10-18 07:10:13,25700.0,2000.0,3443100.0
257,2021-10-18 07:10:00,25700.0,200.0,3441100.0
258,2021-10-18 07:09:57,25700.0,200.0,3440900.0
259,2021-10-18 07:09:47,25700.0,6000.0,3440700.0
260,2021-10-18 07:09:44,25700.0,900.0,3434700.0
261,2021-10-18 07:09:44,25700.0,100.0,3433800.0
262,2021-10-18 07:09:44,25700.0,2000.0,3433700.0
263,2021-10-18 07:09:38,25700.0,800.0,3431700.0
264,2021-10-18 07:09:31,25700.0,2200.0,3430900.0
265,2021-10-18 07:09:31,25700.0,600.0,3428700.0
266,2021-10-18 07:09:31,25700.0,200.0,3428100.0
267,2021-10-18 07:09:30,25700.0,300.0,3427900.0
268,2021-10-18 07:09:30,25700.0,100.0,3427600.0
269,2021-10-18 07:09:30,25700.0,200.0,3427500.0
270,2021-10-18 07:09:30,25700.0,500.0,3427300.0
271,2021-10-18 07:09:24,25700.0,3000.0,3426800.0
272,2021-10-18 07:09:24,25700.0,500.0,3423800.0
273,2021-10-18 07:08:29,25700.0,100.0,3423300.0
274,2021-10-18 07:08:29,25700.0,900.0,3423200.0
275,2021-10-18 07:08:27,25700.0,200.0,3422300.0
276,2021-10-18 07:07:27,25700.0,1100.0,3422100.0
277,2021-10-18 07:07:18,25750.0,500.0,3421000.0
278,2021-10-18 07:07:12,25700.0,1000.0,3420500.0
279,2021-10-18 07:06:41,25700.0,1700.0,3419500.0
280,2021-10-18 07:06:41,25700.0,100.0,3417800.0
281,2021-10-18 07:06:41,25700.0,200.0,3417700.0
282,2021-10-18 07:06:11,25750.0,500.0,3417500.0
283,2021-10-18 07:06:09,25700.0,5500.0,3417000.0
284,2021-10-18 07:05:49,25700.0,200.0,3411500.0
285,2021-10-18 07:05:46,25700.0,600.0,3411300.0
286,2021-10-18 07:05:44,25700.0,600.0,3410700.0
287,2021-10-18 07:05:40,25700.0,600.0,3410100.0
288,2021-10-18 07:05:37,25700.0,600.0,3409500.0
289,2021-10-18 07:05:37,25750.0,300.0,3408900.0
290,2021-10-18 07:05:37,25750.0,600.0,3408600.0
291,2021-10-18 07:05:37,25750.0,600.0,3408000.0
292,2021-10-18 07:05:35,25700.0,700.0,3407400.0
293,2021-10-18 07:05:34,25700.0,600.0,3406700.0
294,2021-10-18 07:05:30,25700.0,400.0,3406100.0
295,2021-10-18 07:05:30,25700.0,200.0,3405700.0
296,2021-10-18 07:05:25,25700.0,300.0,3405500.0
297,2021-10-18 07:05:25,25700.0,100.0,3405200.0
298,2021-10-18 07:05:25,25700.0,100.0,3405100.0
299,2021-10-18 07:05:25,25700.0,100.0,3405000.0
300,2021-10-18 07:05:22,25750.0,700.0,3404900.0
301,2021-10-18 07:05:22,25750.0,300.0,3404200.0
302,2021-10-18 07:05:22,25700.0,600.0,3403900.0
303,2021-10-18 07:05:22,25700.0,400.0,3403300.0
304,2021-10-18 07:05:22,25700.0,700.0,3402900.0
305,2021-10-18 07:05:10,25700.0,200.0,3402200.0
306,2021-10-18 07:05:07,25700.0,1600.0,3402000.0
307,2021-10-18 07:05:02,25750.0,1000.0,3400400.0
308,2021-10-18 07:04:36,25750.0,100.0,3399400.0
309,2021-10-18 07:04:34,25700.0,1000.0,3399300.0
310,2021-10-18 07:04:12,25700.0,500.0,3398300.0
311,2021-10-18 07:03:40,25700.0,1000.0,3397800.0
312,2021-10-18 07:03:39,25750.0,1400.0,3396800.0
313,2021-10-18 07:03:36,25750.0,100.0,3395400.0
314,2021-10-18 07:03:31,25750.0,1100.0,3395300.0
315,2021-10-18 07:03:15,25750.0,1000.0,3394200.0
316,2021-10-18 07:03:15,25750.0,400.0,3393200.0
317,2021-10-18 07:03:14,25700.0,1100.0,3392800.0
318,2021-10-18 07:03:08,25750.0,600.0,3391700.0
319,2021-10-18 07:03:08,25750.0,100.0,3391100.0
320,2021-10-18 07:03:08,25750.0,300.0,3391000.0
321,2021-10-18 07:03:08,25750.0,400.0,3390700.0
322,2021-10-18 07:02:55,25750.0,600.0,3390300.0
323,2021-10-18 07:02:55,25750.0,500.0,3389700.0
324,2021-10-18 07:02:55,25750.0,400.0,3389200.0
325,2021-10-18 07:02:49,25750.0,100.0,3388800.0
326,2021-10-18 07:02:46,25700.0,100.0,3388700.0
327,2021-10-18 07:02:42,25750.0,900.0,3388600.0
328,2021-10-18 07:02:37,25750.0,1300.0,3387700.0
329,2021-10-18 07:02:26,25700.0,3000.0,3386400.0
330,2021-10-18 07:02:22,25750.0,1100.0,3383400.0
331,2021-10-18 07:02:12,25750.0,300.0,3382300.0
332,2021-10-18 07:02:09,25750.0,900.0,3382000.0
333,2021-10-18 07:02:09,25750.0,600.0,3381100.0
334,2021-10-18 07:02:03,25750.0,1500.0,3380500.0
335,2021-10-18 07:01:50,25750.0,1000.0,3379000.0
336,2021-10-18 07:01:43,25700.0,100.0,3378000.0
337,2021-10-18 07:01:40,25750.0,1000.0,3377900.0
338,2021-10-18 07:01:39,25750.0,200.0,3376900.0
339,2021-10-18 07:01:36,25700.0,300.0,3376700.0
340,2021-10-18 07:01:36,25750.0,600.0,3376400.0
341,2021-10-18 07:01:33,25750.0,600.0,3375800.0
342,2021-10-18 07:01:30,25750.0,600.0,3375200.0
343,2021-10-18 07:01:26,25750.0,1000.0,3374600.0
344,2021-10-18 07:01:26,25750.0,100.0,3373600.0
345,2021-10-18 07:01:26,25750.0,500.0,3373500.0
346,2021-10-18 07:01:23,25750.0,600.0,3373000.0
347,2021-10-18 07:01:22,25700.0,100.0,3372400.0
348,2021-10-18 07:01:18,25750.0,600.0,3372300.0
349,2021-10-18 07:01:18,25750.0,1500.0,3371700.0
350,2021-10-18 07:01:17,25700.0,700.0,3370200.0
351,2021-10-18 07:01:14,25750.0,600.0,3369500.0
352,2021-10-18 07:01:13,25750.0,7700.0,3368900.0
353,2021-10-18 07:01:11,25750.0,600.0,3361200.0
354,2021-10-18 07:01:11,25700.0,1100.0,3360600.0
355,2021-10-18 07:01:05,25750.0,200.0,3359500.0
356,2021-10-18 07:01:04,25750.0,900.0,3359300.0
357,2021-10-18 07:00:41,25750.0,600.0,3358400.0
358,2021-10-18 07:00:01,25750.0,100.0,3357800.0
359,2021-10-18 06:59:58,25700.0,100.0,3357700.0
360,2021-10-18 06:59:10,25700.0,1000.0,3357600.0
361,2021-10-18 06:57:57,25750.0,300.0,3356600.0
362,2021-10-18 06:57:38,25750.0,800.0,3356300.0
363,2021-10-18 06:57:25,25750.0,300.0,3355500.0
364,2021-10-18 06:57:16,25750.0,1600.0,3355200.0
365,2021-10-18 06:57:10,25750.0,500.0,3353600.0
366,2021-10-18 06:57:09,25700.0,1000.0,3353100.0
367,2021-10-18 06:57:08,25750.0,500.0,3352100.0
368,2021-10-18 06:57:06,25750.0,500.0,3351600.0
369,2021-10-18 06:57:03,25750.0,1100.0,3351100.0
370,2021-10-18 06:57:02,25750.0,500.0,3350000.0
371,2021-10-18 06:57:00,25750.0,100.0,3349500.0
372,2021-10-18 06:57:00,25750.0,100.0,3349400.0
373,2021-10-18 06:57:00,25750.0,200.0,3349300.0
374,2021-10-18 06:57:00,25750.0,100.0,3349100.0
375,2021-10-18 06:56:57,25750.0,500.0,3349000.0
376,2021-10-18 06:56:54,25750.0,500.0,3348500.0
377,2021-10-18 06:56:50,25750.0,500.0,3348000.0
378,2021-10-18 06:56:46,25700.0,300.0,3347500.0
379,2021-10-18 06:56:45,25750.0,200.0,3347200.0
380,2021-10-18 06:56:40,25750.0,200.0,3347000.0
381,2021-10-18 06:56:37,25750.0,200.0,3346800.0
382,2021-10-18 06:56:33,25750.0,200.0,3346600.0
383,2021-10-18 06:56:29,25750.0,200.0,3346400.0
384,2021-10-18 06:56:25,25750.0,200.0,3346200.0
385,2021-10-18 06:56:21,25750.0,100.0,3346000.0
386,2021-10-18 06:56:21,25700.0,600.0,3345900.0
387,2021-10-18 06:56:09,25700.0,1200.0,3345300.0
388,2021-10-18 06:55:36,25750.0,2800.0,3344100.0
389,2021-10-18 06:55:34,25700.0,500.0,3341300.0
390,2021-10-18 06:55:32,25700.0,200.0,3340800.0
391,2021-10-18 06:55:00,25700.0,1100.0,3340600.0
392,2021-10-18 06:54:52,25700.0,100.0,3339500.0
393,2021-10-18 06:54:28,25700.0,900.0,3339400.0
394,2021-10-18 06:53:42,25700.0,700.0,3338500.0
395,2021-10-18 06:53:14,25700.0,500.0,3337800.0
396,2021-10-18 06:52:50,25700.0,300.0,3337300.0
397,2021-10-18 06:52:50,25700.0,800.0,3337000.0
398,2021-10-18 06:52:50,25700.0,500.0,3336200.0
399,2021-10-18 06:51:06,25700.0,700.0,3335700.0
400,2021-10-18 06:51:06,25700.0,300.0,3335000.0
401,2021-10-18 06:50:54,25700.0,2100.0,3334700.0
402,2021-10-18 06:50:41,25700.0,1100.0,3332600.0
403,2021-10-18 06:50:36,25750.0,1500.0,3331500.0
404,2021-10-18 06:50:33,25700.0,2500.0,3330000.0
405,2021-10-18 06:50:33,25700.0,7500.0,3327500.0
406,2021-10-18 06:50:33,25750.0,300.0,3320000.0
407,2021-10-18 06:50:21,25700.0,100.0,3319700.0
408,2021-10-18 06:49:48,25700.0,9000.0,3319600.0
409,2021-10-18 06:49:34,25700.0,2000.0,3310600.0
410,2021-10-18 06:49:07,25700.0,100.0,3308600.0
411,2021-10-18 06:48:37,25700.0,1100.0,3308500.0
412,2021-10-18 06:48:29,25700.0,200.0,3307400.0
413,2021-10-18 06:48:03,25750.0,2500.0,3307200.0
414,2021-10-18 06:48:03,25750.0,6000.0,3304700.0
415,2021-10-18 06:48:03,25750.0,300.0,3298700.0
416,2021-10-18 06:48:03,25750.0,600.0,3298400.0
417,2021-10-18 06:48:03,25750.0,300.0,3297800.0
418,2021-10-18 06:48:03,25750.0,5000.0,3297500.0
419,2021-10-18 06:48:03,25750.0,100.0,3292500.0
420,2021-10-18 06:48:03,25750.0,1000.0,3292400.0
421,2021-10-18 06:48:03,25750.0,1000.0,3291400.0
422,2021-10-18 06:48:03,25750.0,4100.0,3290400.0
423,2021-10-18 06:47:49,25700.0,5000.0,3286300.0
424,2021-10-18 06:47:36,25750.0,900.0,3281300.0
425,2021-10-18 06:47:36,25750.0,100.0,3280400.0
426,2021-10-18 06:47:36,25750.0,200.0,3280300.0
427,2021-10-18 06:47:36,25750.0,3000.0,3280100.0
428,2021-10-18 06:47:36,25750.0,800.0,3277100.0
429,2021-10-18 06:47:34,25700.0,35100.0,3276300.0
430,2021-10-18 06:47:34,25700.0,3300.0,3241200.0
431,2021-10-18 06:47:34,25700.0,200.0,3237900.0
432,2021-10-18 06:47:34,25700.0,5000.0,3237700.0
433,2021-10-18 06:47:34,25700.0,5000.0,3232700.0
434,2021-10-18 06:47:34,25700.0,1400.0,3227700.0
435,2021-10-18 06:47:34,25700.0,500.0,3226300.0
436,2021-10-18 06:46:40,25750.0,200.0,3225800.0
437,2021-10-18 06:46:40,25750.0,800.0,3225600.0
438,2021-10-18 06:46:25,25700.0,100.0,3224800.0
439,2021-10-18 06:46:25,25700.0,400.0,3224700.0
440,2021-10-18 06:46:25,25700.0,400.0,3224300.0
441,2021-10-18 06:46:25,25700.0,200.0,3223900.0
442,2021-10-18 06:46:23,25700.0,300.0,3223700.0
443,2021-10-18 06:46:23,25750.0,600.0,3223400.0
444,2021-10-18 06:46:23,25750.0,100.0,3222800.0
445,2021-10-18 06:46:23,25750.0,500.0,3222700.0
446,2021-10-18 06:46:23,25750.0,100.0,3222200.0
447,2021-10-18 06:46:23,25750.0,200.0,3222100.0
448,2021-10-18 06:46:23,25750.0,600.0,3221900.0
449,2021-10-18 06:46:23,25750.0,100.0,3221300.0
450,2021-10-18 06:46:23,25750.0,200.0,3221200.0
451,2021-10-18 06:46:23,25750.0,100.0,3221000.0
452,2021-10-18 06:45:48,25750.0,900.0,3220900.0
453,2021-10-18 06:45:48,25750.0,400.0,3220000.0
454,2021-10-18 06:45:28,25750.0,1600.0,3219600.0
455,2021-10-18 06:45:23,25750.0,400.0,3218000.0
456,2021-10-18 06:45:19,25750.0,600.0,3217600.0
457,2021-10-18 06:45:17,25750.0,600.0,3217000.0
458,2021-10-18 06:45:13,25750.0,600.0,3216400.0
459,2021-10-18 06:45:11,25750.0,600.0,3215800.0
460,2021-10-18 06:45:07,25750.0,200.0,3215200.0
461,2021-10-18 06:45:07,25750.0,400.0,3215000.0
462,2021-10-18 06:45:05,25750.0,600.0,3214600.0
463,2021-10-18 06:45:03,25750.0,100.0,3214000.0
464,2021-10-18 06:45:03,25750.0,100.0,3213900.0
465,2021-10-18 06:45:03,25750.0,400.0,3213800.0
466,2021-10-18 06:45:02,25750.0,1100.0,3213400.0
467,2021-10-18 06:44:59,25750.0,600.0,3212300.0
468,2021-10-18 06:44:54,25750.0,600.0,3211700.0
469,2021-10-18 06:44:44,25750.0,1000.0,3211100.0
470,2021-10-18 06:44:43,25750.0,2000.0,3210100.0
471,2021-10-18 06:44:42,25750.0,900.0,3208100.0
472,2021-10-18 06:44:42,25750.0,100.0,3207200.0
473,2021-10-18 06:44:42,25750.0,4000.0,3207100.0
474,2021-10-18 06:44:42,25750.0,200.0,3203100.0
475,2021-10-18 06:44:40,25700.0,5000.0,3202900.0
476,2021-10-18 06:44:29,25750.0,100.0,3197900.0
477,2021-10-18 06:44:25,25750.0,600.0,3197800.0
478,2021-10-18 06:44:25,25750.0,1100.0,3197200.0
479,2021-10-18 06:44:23,25750.0,1700.0,3196100.0
480,2021-10-18 06:44:19,25750.0,1600.0,3194400.0
481,2021-10-18 06:44:17,25700.0,1100.0,3192800.0
482,2021-10-18 06:44:17,25750.0,1700.0,3191700.0
483,2021-10-18 06:44:09,25700.0,100.0,3190000.0
484,2021-10-18 06:44:04,25750.0,300.0,3189900.0
485,2021-10-18 06:43:59,25750.0,1100.0,3189600.0
486,2021-10-18 06:43:55,25750.0,600.0,3188500.0
487,2021-10-18 06:43:55,25750.0,1200.0,3187900.0
488,2021-10-18 06:43:53,25750.0,600.0,3186700.0
489,2021-10-18 06:43:49,25750.0,600.0,3186100.0
490,2021-10-18 06:43:45,25750.0,300.0,3185500.0
491,2021-10-18 06:43:42,25750.0,300.0,3185200.0
492,2021-10-18 06:43:38,25750.0,300.0,3184900.0
493,2021-10-18 06:43:34,25750.0,300.0,3184600.0
494,2021-10-18 06:43:29,25750.0,300.0,3184300.0
495,2021-10-18 06:43:25,25750.0,300.0,3184000.0
496,2021-10-18 06:43:20,25750.0,200.0,3183700.0
497,2021-10-18 06:43:09,25700.0,2100.0,3183500.0
498,2021-10-18 06:42:54,25750.0,1500.0,3181400.0
499,2021-10-18 06:42:35,25750.0,100.0,3179900.0
500,2021-10-18 06:42:34,25750.0,1100.0,3179800.0
501,2021-10-18 06:42:31,25750.0,1100.0,3178700.0
502,2021-10-18 06:42:28,25750.0,500.0,3177600.0
503,2021-10-18 06:42:26,25750.0,1100.0,3177100.0
504,2021-10-18 06:42:23,25750.0,1100.0,3176000.0
505,2021-10-18 06:42:20,25750.0,1100.0,3174900.0
506,2021-10-18 06:42:16,25700.0,1000.0,3173800.0
507,2021-10-18 06:42:16,25750.0,700.0,3172800.0
508,2021-10-18 06:42:12,25750.0,1400.0,3172100.0
509,2021-10-18 06:41:56,25750.0,1200.0,3170700.0
510,2021-10-18 06:41:41,25750.0,400.0,3169500.0
511,2021-10-18 06:41:36,25750.0,1100.0,3169100.0
512,2021-10-18 06:41:34,25750.0,500.0,3168000.0
513,2021-10-18 06:41:29,25750.0,500.0,3167500.0
514,2021-10-18 06:41:25,25750.0,200.0,3167000.0
515,2021-10-18 06:41:22,25750.0,200.0,3166800.0
516,2021-10-18 06:41:19,25750.0,200.0,3166600.0
517,2021-10-18 06:41:17,25750.0,1400.0,3166400.0
518,2021-10-18 06:41:17,25700.0,200.0,3165000.0
519,2021-10-18 06:41:13,25750.0,200.0,3164800.0
520,2021-10-18 06:41:12,25750.0,2600.0,3164600.0
521,2021-10-18 06:41:10,25750.0,200.0,3162000.0
522,2021-10-18 06:41:08,25750.0,200.0,3161800.0
523,2021-10-18 06:41:04,25750.0,200.0,3161600.0
524,2021-10-18 06:41:03,25700.0,2000.0,3161400.0
525,2021-10-18 06:41:01,25750.0,200.0,3159400.0
526,2021-10-18 06:40:58,25750.0,200.0,3159200.0
527,2021-10-18 06:40:54,25750.0,200.0,3159000.0
528,2021-10-18 06:40:51,25750.0,200.0,3158800.0
529,2021-10-18 06:40:48,25750.0,1200.0,3158600.0
530,2021-10-18 06:40:48,25750.0,200.0,3157400.0
531,2021-10-18 06:40:45,25750.0,200.0,3157200.0
532,2021-10-18 06:40:42,25750.0,200.0,3157000.0
533,2021-10-18 06:40:39,25750.0,200.0,3156800.0
534,2021-10-18 06:40:35,25750.0,200.0,3156600.0
535,2021-10-18 06:40:31,25750.0,200.0,3156400.0
536,2021-10-18 06:40:28,25750.0,200.0,3156200.0
537,2021-10-18 06:40:23,25750.0,200.0,3156000.0
538,2021-10-18 06:40:23,25700.0,700.0,3155800.0
539,2021-10-18 06:40:13,25700.0,500.0,3155100.0
540,2021-10-18 06:40:13,25650.0,1000.0,3154600.0
541,2021-10-18 06:40:02,25700.0,1400.0,3153600.0
542,2021-10-18 06:39:47,25700.0,1600.0,3152200.0
543,2021-10-18 06:39:46,25700.0,1000.0,3150600.0
544,2021-10-18 06:39:37,25700.0,1000.0,3149600.0
545,2021-10-18 06:39:37,25700.0,20000.0,3148600.0
546,2021-10-18 06:39:37,25700.0,63800.0,3128600.0
547,2021-10-18 06:39:27,25750.0,1200.0,3064800.0
548,2021-10-18 06:38:48,25750.0,100.0,3063600.0
549,2021-10-18 06:38:45,25700.0,200.0,3063500.0
550,2021-10-18 06:38:25,25700.0,15000.0,3063300.0
551,2021-10-18 06:38:25,25700.0,700.0,3048300.0
552,2021-10-18 06:38:25,25700.0,1000.0,3047600.0
553,2021-10-18 06:38:25,25700.0,100.0,3046600.0
554,2021-10-18 06:38:25,25700.0,100.0,3046500.0
555,2021-10-18 06:38:25,25700.0,100.0,3046400.0
556,2021-10-18 06:38:25,25700.0,4000.0,3046300.0
557,2021-10-18 06:38:25,25700.0,2300.0,3042300.0
558,2021-10-18 06:38:25,25700.0,1000.0,3040000.0
559,2021-10-18 06:38:25,25700.0,300.0,3039000.0
560,2021-10-18 06:38:25,25700.0,500.0,3038700.0
561,2021-10-18 06:38:25,25700.0,5000.0,3038200.0
562,2021-10-18 06:38:25,25700.0,1300.0,3033200.0
563,2021-10-18 06:38:25,25700.0,100.0,3031900.0
564,2021-10-18 06:38:25,25700.0,2600.0,3031800.0
565,2021-10-18 06:38:25,25700.0,400.0,3029200.0
566,2021-10-18 06:38:25,25700.0,1000.0,3028800.0
567,2021-10-18 06:38:25,25700.0,500.0,3027800.0
568,2021-10-18 06:38:09,25650.0,600.0,3027300.0
569,2021-10-18 06:38:09,25650.0,500.0,3026700.0
570,2021-10-18 06:37:41,25650.0,500.0,3026200.0
571,2021-10-18 06:37:39,25650.0,1000.0,3025700.0
572,2021-10-18 06:37:39,25650.0,1000.0,3024700.0
573,2021-10-18 06:37:39,25650.0,500.0,3023700.0
574,2021-10-18 06:37:39,25650.0,2000.0,3023200.0
575,2021-10-18 06:37:39,25650.0,2000.0,3021200.0
576,2021-10-18 06:37:39,25650.0,3500.0,3019200.0
577,2021-10-18 06:37:15,25650.0,6500.0,3015700.0
578,2021-10-18 06:37:15,25650.0,18500.0,3009200.0
579,2021-10-18 06:37:03,25650.0,200.0,2990700.0
580,2021-10-18 06:36:06,25650.0,1000.0,2990500.0
581,2021-10-18 06:36:02,25650.0,15300.0,2989500.0
582,2021-10-18 06:36:02,25650.0,2200.0,2974200.0
583,2021-10-18 06:35:43,25650.0,1200.0,2972000.0
584,2021-10-18 06:35:14,25650.0,500.0,2970800.0
585,2021-10-18 06:35:09,25700.0,1300.0,2970300.0
586,2021-10-18 06:35:08,25650.0,2000.0,2969000.0
587,2021-10-18 06:34:49,25650.0,100.0,2967000.0
588,2021-10-18 06:34:43,25700.0,800.0,2966900.0
589,2021-10-18 06:34:24,25650.0,4000.0,2966100.0
590,2021-10-18 06:34:24,25650.0,1000.0,2962100.0
591,2021-10-18 06:34:24,25650.0,1000.0,2961100.0
592,2021-10-18 06:34:24,25650.0,1000.0,2960100.0
593,2021-10-18 06:34:24,25650.0,100.0,2959100.0
594,2021-10-18 06:34:24,25650.0,500.0,2959000.0
595,2021-10-18 06:34:24,25650.0,500.0,2958500.0
596,2021-10-18 06:34:24,25650.0,100.0,2958000.0
597,2021-10-18 06:34:24,25650.0,1000.0,2957900.0
598,2021-10-18 06:34:24,25650.0,17200.0,2956900.0
599,2021-10-18 06:34:20,25700.0,500.0,2939700.0
600,2021-10-18 06:34:10,25700.0,200.0,2939200.0
601,2021-10-18 06:34:08,25700.0,4300.0,2939000.0
602,2021-10-18 06:34:03,25650.0,1100.0,2934700.0
603,2021-10-18 06:33:57,25700.0,1000.0,2933600.0
604,2021-10-18 06:33:21,25700.0,500.0,2932600.0
605,2021-10-18 06:33:14,25700.0,600.0,2932100.0
606,2021-10-18 06:33:08,25700.0,300.0,2931500.0
607,2021-10-18 06:33:08,25650.0,1000.0,2931200.0
608,2021-10-18 06:33:05,25700.0,300.0,2930200.0
609,2021-10-18 06:33:02,25700.0,300.0,2929900.0
610,2021-10-18 06:32:59,25700.0,300.0,2929600.0
611,2021-10-18 06:32:59,25700.0,300.0,2929300.0
612,2021-10-18 06:32:55,25700.0,500.0,2929000.0
613,2021-10-18 06:32:53,25700.0,300.0,2928500.0
614,2021-10-18 06:32:49,25700.0,300.0,2928200.0
615,2021-10-18 06:32:45,25700.0,300.0,2927900.0
616,2021-10-18 06:32:40,25700.0,300.0,2927600.0
617,2021-10-18 06:32:36,25700.0,300.0,2927300.0
618,2021-10-18 06:32:32,25700.0,300.0,2927000.0
619,2021-10-18 06:32:29,25700.0,300.0,2926700.0
620,2021-10-18 06:32:27,25700.0,4000.0,2926400.0
621,2021-10-18 06:32:25,25700.0,300.0,2922400.0
622,2021-10-18 06:32:18,25700.0,300.0,2922100.0
623,2021-10-18 06:32:13,25700.0,200.0,2921800.0
624,2021-10-18 06:32:02,25700.0,200.0,2921600.0
625,2021-10-18 06:31:56,25650.0,1100.0,2921400.0
626,2021-10-18 06:31:56,25700.0,300.0,2920300.0
627,2021-10-18 06:31:16,25700.0,200.0,2920000.0
628,2021-10-18 06:31:16,25700.0,1000.0,2919800.0
629,2021-10-18 06:31:16,25700.0,10000.0,2918800.0
630,2021-10-18 06:31:16,25700.0,300.0,2908800.0
631,2021-10-18 06:31:16,25700.0,500.0,2908500.0
632,2021-10-18 06:31:16,25700.0,2000.0,2908000.0
633,2021-10-18 06:31:16,25700.0,200.0,2906000.0
634,2021-10-18 06:31:16,25700.0,3000.0,2905800.0
635,2021-10-18 06:31:16,25700.0,10000.0,2902800.0
636,2021-10-18 06:31:16,25700.0,2000.0,2892800.0
637,2021-10-18 06:31:16,25700.0,1000.0,2890800.0
638,2021-10-18 06:31:16,25700.0,700.0,2889800.0
639,2021-10-18 06:31:10,25700.0,1000.0,2889100.0
640,2021-10-18 06:30:27,25700.0,100.0,2888100.0
641,2021-10-18 06:29:55,25700.0,1000.0,2888000.0
642,2021-10-18 06:29:50,25700.0,1100.0,2887000.0
643,2021-10-18 06:29:04,25700.0,3000.0,2885900.0
644,2021-10-18 06:28:53,25700.0,5000.0,2882900.0
645,2021-10-18 06:28:47,25750.0,800.0,2877900.0
646,2021-10-18 06:28:37,25700.0,5000.0,2877100.0
647,2021-10-18 06:28:10,25750.0,400.0,2872100.0
648,2021-10-18 06:28:01,25700.0,200.0,2871700.0
649,2021-10-18 06:27:46,25700.0,1100.0,2871500.0
650,2021-10-18 06:27:12,25700.0,500.0,2870400.0
651,2021-10-18 06:26:23,25700.0,1200.0,2869900.0
652,2021-10-18 06:26:23,25700.0,100.0,2868700.0
653,2021-10-18 06:26:16,25700.0,5000.0,2868600.0
654,2021-10-18 06:26:08,25700.0,300.0,2863600.0
655,2021-10-18 06:26:08,25700.0,4800.0,2863300.0
656,2021-10-18 06:26:01,25700.0,3600.0,2858500.0
657,2021-10-18 06:25:57,25700.0,7000.0,2854900.0
658,2021-10-18 06:25:48,25700.0,200.0,2847900.0
659,2021-10-18 06:25:43,25650.0,1000.0,2847700.0
660,2021-10-18 06:25:42,25700.0,600.0,2846700.0
661,2021-10-18 06:25:42,25700.0,3000.0,2846100.0
662,2021-10-18 06:25:42,25700.0,400.0,2843100.0
663,2021-10-18 06:25:42,25700.0,5800.0,2842700.0
664,2021-10-18 06:25:42,25700.0,600.0,2836900.0
665,2021-10-18 06:25:42,25700.0,600.0,2836300.0
666,2021-10-18 06:25:42,25700.0,500.0,2835700.0
667,2021-10-18 06:25:42,25700.0,6600.0,2835200.0
668,2021-10-18 06:25:06,25700.0,100.0,2828600.0
669,2021-10-18 06:25:00,25700.0,1100.0,2828500.0
670,2021-10-18 06:24:14,25700.0,2100.0,2827400.0
671,2021-10-18 06:24:00,25750.0,5200.0,2825300.0
672,2021-10-18 06:23:41,25750.0,1000.0,2820100.0
673,2021-10-18 06:23:37,25700.0,100.0,2819100.0
674,2021-10-18 06:23:37,25700.0,300.0,2819000.0
675,2021-10-18 06:23:37,25700.0,700.0,2818700.0
676,2021-10-18 06:23:07,25750.0,1200.0,2818000.0
677,2021-10-18 06:22:58,25750.0,1100.0,2816800.0
678,2021-10-18 06:22:54,25750.0,1100.0,2815700.0
679,2021-10-18 06:22:51,25750.0,1100.0,2814600.0
680,2021-10-18 06:22:48,25750.0,1100.0,2813500.0
681,2021-10-18 06:22:44,25750.0,1600.0,2812400.0
682,2021-10-18 06:22:43,25750.0,300.0,2810800.0
683,2021-10-18 06:22:40,25750.0,300.0,2810500.0
684,2021-10-18 06:22:36,25750.0,200.0,2810200.0
685,2021-10-18 06:21:41,25700.0,4300.0,2810000.0
686,2021-10-18 06:21:41,25700.0,100.0,2805700.0
687,2021-10-18 06:21:41,25700.0,1000.0,2805600.0
688,2021-10-18 06:21:41,25700.0,14600.0,2804600.0
689,2021-10-18 06:21:37,25700.0,100.0,2790000.0
690,2021-10-18 06:21:34,25700.0,300.0,2789900.0
691,2021-10-18 06:21:34,25700.0,100.0,2789600.0
692,2021-10-18 06:21:34,25700.0,600.0,2789500.0
693,2021-10-18 06:21:23,25700.0,200.0,2788900.0
694,2021-10-18 06:20:30,25700.0,1200.0,2788700.0
695,2021-10-18 06:20:30,25700.0,11000.0,2787500.0
696,2021-10-18 06:20:30,25700.0,10000.0,2776500.0
697,2021-10-18 06:20:30,25700.0,100.0,2766500.0
698,2021-10-18 06:20:30,25700.0,100.0,2766400.0
699,2021-10-18 06:20:30,25700.0,7600.0,2766300.0
700,2021-10-18 06:20:11,25700.0,100.0,2758700.0
701,2021-10-18 06:20:02,25700.0,200.0,2758600.0
702,2021-10-18 06:19:58,25750.0,1600.0,2758400.0
703,2021-10-18 06:19:32,25700.0,1000.0,2756800.0
704,2021-10-18 06:19:19,25700.0,1000.0,2755800.0
705,2021-10-18 06:18:48,25700.0,1000.0,2754800.0
706,2021-10-18 06:18:25,25700.0,7500.0,2753800.0
707,2021-10-18 06:18:25,25700.0,16600.0,2746300.0
708,2021-10-18 06:18:16,25700.0,5200.0,2729700.0
709,2021-10-18 06:17:27,25650.0,1100.0,2724500.0
710,2021-10-18 06:17:25,25700.0,5200.0,2723400.0
711,2021-10-18 06:17:18,25700.0,1000.0,2718200.0
712,2021-10-18 06:17:18,25700.0,2000.0,2717200.0
713,2021-10-18 06:17:18,25700.0,200.0,2715200.0
714,2021-10-18 06:17:18,25700.0,100.0,2715000.0
715,2021-10-18 06:17:18,25700.0,200.0,2714900.0
716,2021-10-18 06:17:18,25700.0,5000.0,2714700.0
717,2021-10-18 06:17:18,25700.0,10000.0,2709700.0
718,2021-10-18 06:17:18,25700.0,100.0,2699700.0
719,2021-10-18 06:17:18,25700.0,3000.0,2699600.0
720,2021-10-18 06:17:18,25700.0,1000.0,2696600.0
721,2021-10-18 06:17:18,25700.0,500.0,2695600.0
722,2021-10-18 06:17:18,25700.0,1000.0,2695100.0
723,2021-10-18 06:17:18,25700.0,500.0,2694100.0
724,2021-10-18 06:17:18,25700.0,20000.0,2693600.0
725,2021-10-18 06:17:18,25700.0,300.0,2673600.0
726,2021-10-18 06:17:18,25700.0,25000.0,2673300.0
727,2021-10-18 06:17:18,25700.0,500.0,2648300.0
728,2021-10-18 06:17:18,25700.0,100.0,2647800.0
729,2021-10-18 06:17:18,25700.0,100.0,2647700.0
730,2021-10-18 06:17:18,25700.0,100.0,2647600.0
731,2021-10-18 06:17:18,25700.0,200.0,2647500.0
732,2021-10-18 06:17:18,25700.0,100.0,2647300.0
733,2021-10-18 06:17:18,25700.0,100.0,2647200.0
734,2021-10-18 06:17:18,25700.0,100.0,2647100.0
735,2021-10-18 06:17:18,25700.0,300.0,2647000.0
736,2021-10-18 06:17:18,25700.0,800.0,2646700.0
737,2021-10-18 06:17:18,25700.0,700.0,2645900.0
738,2021-10-18 06:17:07,25750.0,200.0,2645200.0
739,2021-10-18 06:17:06,25700.0,2100.0,2645000.0
740,2021-10-18 06:16:47,25750.0,300.0,2642900.0
741,2021-10-18 06:16:43,25750.0,300.0,2642600.0
742,2021-10-18 06:16:41,25750.0,300.0,2642300.0
743,2021-10-18 06:16:37,25750.0,300.0,2642000.0
744,2021-10-18 06:16:34,25750.0,300.0,2641700.0
745,2021-10-18 06:16:30,25750.0,300.0,2641400.0
746,2021-10-18 06:16:27,25750.0,300.0,2641100.0
747,2021-10-18 06:16:23,25750.0,300.0,2640800.0
748,2021-10-18 06:16:19,25750.0,300.0,2640500.0
749,2021-10-18 06:16:15,25750.0,300.0,2640200.0
750,2021-10-18 06:16:12,25750.0,200.0,2639900.0
751,2021-10-18 06:16:08,25750.0,200.0,2639700.0
752,2021-10-18 06:16:05,25750.0,200.0,2639500.0
753,2021-10-18 06:16:02,25750.0,200.0,2639300.0
754,2021-10-18 06:15:59,25750.0,200.0,2639100.0
755,2021-10-18 06:15:56,25750.0,200.0,2638900.0
756,2021-10-18 06:15:52,25750.0,200.0,2638700.0
757,2021-10-18 06:15:47,25750.0,200.0,2638500.0
758,2021-10-18 06:15:42,25750.0,200.0,2638300.0
759,2021-10-18 06:15:39,25750.0,200.0,2638100.0
760,2021-10-18 06:15:36,25700.0,100.0,2637900.0
761,2021-10-18 06:15:32,25750.0,200.0,2637800.0
762,2021-10-18 06:15:25,25700.0,1000.0,2637600.0
763,2021-10-18 06:14:43,25700.0,7000.0,2636600.0
764,2021-10-18 06:13:36,25750.0,10000.0,2629600.0
765,2021-10-18 06:13:14,25700.0,1100.0,2619600.0
766,2021-10-18 06:12:32,25750.0,500.0,2618500.0
767,2021-10-18 06:11:29,25750.0,500.0,2618000.0
768,2021-10-18 06:11:26,25750.0,600.0,2617500.0
769,2021-10-18 06:11:24,25750.0,1100.0,2616900.0
770,2021-10-18 06:11:23,25750.0,600.0,2615800.0
771,2021-10-18 06:11:19,25750.0,600.0,2615200.0
772,2021-10-18 06:11:18,25750.0,300.0,2614600.0
773,2021-10-18 06:11:17,25750.0,600.0,2614300.0
774,2021-10-18 06:11:15,25750.0,2000.0,2613700.0
775,2021-10-18 06:11:14,25750.0,300.0,2611700.0
776,2021-10-18 06:11:13,25750.0,600.0,2611400.0
777,2021-10-18 06:11:10,25750.0,300.0,2610800.0
778,2021-10-18 06:11:09,25700.0,1100.0,2610500.0
779,2021-10-18 06:11:08,25700.0,1000.0,2609400.0
780,2021-10-18 06:11:06,25750.0,300.0,2608400.0
781,2021-10-18 06:11:04,25750.0,300.0,2608100.0
782,2021-10-18 06:10:59,25750.0,300.0,2607800.0
783,2021-10-18 06:10:55,25750.0,300.0,2607500.0
784,2021-10-18 06:10:51,25750.0,200.0,2607200.0
785,2021-10-18 06:10:11,25750.0,1000.0,2607000.0
786,2021-10-18 06:10:08,25750.0,600.0,2606000.0
787,2021-10-18 06:10:08,25750.0,1000.0,2605400.0
788,2021-10-18 06:10:08,25750.0,500.0,2604400.0
789,2021-10-18 06:10:08,25750.0,8000.0,2603900.0
790,2021-10-18 06:10:08,25750.0,3000.0,2595900.0
791,2021-10-18 06:10:08,25750.0,1000.0,2592900.0
792,2021-10-18 06:10:08,25750.0,500.0,2591900.0
793,2021-10-18 06:10:08,25750.0,3000.0,2591400.0
794,2021-10-18 06:10:08,25750.0,3000.0,2588400.0
795,2021-10-18 06:10:08,25750.0,200.0,2585400.0
796,2021-10-18 06:10:08,25750.0,200.0,2585200.0
797,2021-10-18 06:10:03,25800.0,100.0,2585000.0
798,2021-10-18 06:10:03,25800.0,200.0,2584900.0
799,2021-10-18 06:10:03,25800.0,600.0,2584700.0
800,2021-10-18 06:09:34,25750.0,800.0,2584100.0
801,2021-10-18 06:09:34,25750.0,100.0,2583300.0
802,2021-10-18 06:09:09,25750.0,400.0,2583200.0
803,2021-10-18 06:09:09,25750.0,200.0,2582800.0
804,2021-10-18 06:09:09,25750.0,400.0,2582600.0
805,2021-10-18 06:08:54,25800.0,500.0,2582200.0
806,2021-10-18 06:08:44,25800.0,600.0,2581700.0
807,2021-10-18 06:08:44,25800.0,400.0,2581100.0
808,2021-10-18 06:08:34,25800.0,1000.0,2580700.0
809,2021-10-18 06:08:31,25750.0,200.0,2579700.0
810,2021-10-18 06:08:01,25800.0,1000.0,2579500.0
811,2021-10-18 06:07:51,25750.0,400.0,2578500.0
812,2021-10-18 06:07:51,25750.0,100.0,2578100.0
813,2021-10-18 06:07:51,25750.0,100.0,2578000.0
814,2021-10-18 06:07:07,25750.0,900.0,2577900.0
815,2021-10-18 06:07:07,25750.0,100.0,2577000.0
816,2021-10-18 06:07:03,25800.0,500.0,2576900.0
817,2021-10-18 06:06:53,25800.0,1100.0,2576400.0
818,2021-10-18 06:06:49,25800.0,100.0,2575300.0
819,2021-10-18 06:06:31,25800.0,500.0,2575200.0
820,2021-10-18 06:06:19,25800.0,800.0,2574700.0
821,2021-10-18 06:06:10,25800.0,700.0,2573900.0
822,2021-10-18 06:05:29,25750.0,500.0,2573200.0
823,2021-10-18 06:04:56,25750.0,200.0,2572700.0
824,2021-10-18 06:04:56,25750.0,900.0,2572500.0
825,2021-10-18 06:04:43,25800.0,3000.0,2571600.0
826,2021-10-18 06:04:41,25800.0,1200.0,2568600.0
827,2021-10-18 06:04:41,25800.0,1800.0,2567400.0
828,2021-10-18 06:04:25,25800.0,1000.0,2565600.0
829,2021-10-18 06:04:01,25800.0,500.0,2564600.0
830,2021-10-18 06:03:33,25800.0,200.0,2564100.0
831,2021-10-18 06:03:25,25800.0,1100.0,2563900.0
832,2021-10-18 06:03:19,25800.0,200.0,2562800.0
833,2021-10-18 06:03:19,25800.0,1000.0,2562600.0
834,2021-10-18 06:03:12,25850.0,4300.0,2561600.0
835,2021-10-18 06:03:12,25850.0,200.0,2557300.0
836,2021-10-18 06:03:12,25850.0,100.0,2557100.0
837,2021-10-18 06:03:12,25850.0,100.0,2557000.0
838,2021-10-18 06:03:12,25850.0,100.0,2556900.0
839,2021-10-18 06:03:12,25850.0,1000.0,2556800.0
840,2021-10-18 06:03:12,25850.0,2000.0,2555800.0
841,2021-10-18 06:03:12,25850.0,1000.0,2553800.0
842,2021-10-18 06:03:12,25850.0,200.0,2552800.0
843,2021-10-18 06:03:12,25850.0,100.0,2552600.0
844,2021-10-18 06:03:12,25850.0,1000.0,2552500.0
845,2021-10-18 06:03:12,25850.0,10000.0,2551500.0
846,2021-10-18 06:03:12,25850.0,400.0,2541500.0
847,2021-10-18 06:03:12,25850.0,1000.0,2541100.0
848,2021-10-18 06:03:12,25850.0,500.0,2540100.0
849,2021-10-18 06:03:12,25850.0,500.0,2539600.0
850,2021-10-18 06:03:12,25850.0,500.0,2539100.0
851,2021-10-18 06:03:12,25850.0,1000.0,2538600.0
852,2021-10-18 06:03:12,25850.0,1000.0,2537600.0
853,2021-10-18 06:02:55,25750.0,1000.0,2536600.0
854,2021-10-18 06:02:49,25850.0,200.0,2535600.0
855,2021-10-18 06:02:49,25850.0,1000.0,2535400.0
856,2021-10-18 06:02:49,25800.0,300.0,2534400.0
857,2021-10-18 06:02:49,25800.0,1000.0,2534100.0
858,2021-10-18 06:02:49,25800.0,1000.0,2533100.0
859,2021-10-18 06:02:49,25800.0,1200.0,2532100.0
860,2021-10-18 06:02:49,25800.0,500.0,2530900.0
861,2021-10-18 06:02:42,25800.0,500.0,2530400.0
862,2021-10-18 06:02:42,25800.0,500.0,2529900.0
863,2021-10-18 06:02:42,25800.0,100.0,2529400.0
864,2021-10-18 06:02:42,25800.0,100.0,2529300.0
865,2021-10-18 06:02:42,25800.0,800.0,2529200.0
866,2021-10-18 06:02:42,25800.0,100.0,2528400.0
867,2021-10-18 06:02:42,25800.0,100.0,2528300.0
868,2021-10-18 06:02:42,25800.0,200.0,2528200.0
869,2021-10-18 06:02:42,25800.0,500.0,2528000.0
870,2021-10-18 06:02:42,25800.0,100.0,2527500.0
871,2021-10-18 06:02:42,25800.0,100.0,2527400.0
872,2021-10-18 06:02:42,25800.0,300.0,2527300.0
873,2021-10-18 06:02:42,25800.0,300.0,2527000.0
874,2021-10-18 06:02:42,25800.0,1000.0,2526700.0
875,2021-10-18 06:02:42,25800.0,200.0,2525700.0
876,2021-10-18 06:02:42,25800.0,100.0,2525500.0
877,2021-10-18 06:02:42,25800.0,3000.0,2525400.0
878,2021-10-18 06:02:42,25800.0,3000.0,2522400.0
879,2021-10-18 06:02:42,25800.0,400.0,2519400.0
880,2021-10-18 06:02:42,25800.0,200.0,2519000.0
881,2021-10-18 06:02:42,25800.0,100.0,2518800.0
882,2021-10-18 06:02:42,25800.0,2100.0,2518700.0
883,2021-10-18 06:02:42,25800.0,1000.0,2516600.0
884,2021-10-18 06:02:42,25800.0,3000.0,2515600.0
885,2021-10-18 06:02:42,25800.0,100.0,2512600.0
886,2021-10-18 06:02:42,25800.0,1400.0,2512500.0
887,2021-10-18 06:02:42,25800.0,10000.0,2511100.0
888,2021-10-18 06:02:42,25800.0,700.0,2501100.0
889,2021-10-18 06:02:36,25750.0,100.0,2500400.0
890,2021-10-18 06:02:36,25800.0,300.0,2500300.0
891,2021-10-18 06:02:32,25800.0,700.0,2500000.0
892,2021-10-18 06:02:29,25800.0,700.0,2499300.0
893,2021-10-18 06:02:25,25800.0,600.0,2498600.0
894,2021-10-18 06:02:25,25800.0,100.0,2498000.0
895,2021-10-18 06:02:21,25800.0,100.0,2497900.0
896,2021-10-18 06:02:20,25800.0,700.0,2497800.0
897,2021-10-18 06:02:16,25800.0,700.0,2497100.0
898,2021-10-18 06:02:13,25800.0,600.0,2496400.0
899,2021-10-18 06:02:13,25800.0,100.0,2495800.0
900,2021-10-18 06:02:07,25800.0,600.0,2495700.0
901,2021-10-18 06:02:07,25750.0,100.0,2495100.0
902,2021-10-18 06:01:50,25800.0,200.0,2495000.0
903,2021-10-18 06:01:50,25800.0,100.0,2494800.0
904,2021-10-18 06:01:50,25800.0,900.0,2494700.0
905,2021-10-18 06:01:46,25800.0,4100.0,2493800.0
906,2021-10-18 06:01:46,25800.0,200.0,2489700.0
907,2021-10-18 06:01:46,25800.0,1000.0,2489500.0
908,2021-10-18 06:01:46,25800.0,100.0,2488500.0
909,2021-10-18 06:01:46,25800.0,100.0,2488400.0
910,2021-10-18 06:01:46,25800.0,100.0,2488300.0
911,2021-10-18 06:01:46,25800.0,100.0,2488200.0
912,2021-10-18 06:01:46,25800.0,100.0,2488100.0
913,2021-10-18 06:01:46,25800.0,500.0,2488000.0
914,2021-10-18 06:01:46,25800.0,500.0,2487500.0
915,2021-10-18 06:01:46,25800.0,700.0,2487000.0
916,2021-10-18 06:01:46,25800.0,1000.0,2486300.0
917,2021-10-18 06:01:46,25800.0,500.0,2485300.0
918,2021-10-18 06:01:46,25800.0,600.0,2484800.0
919,2021-10-18 06:01:44,25800.0,3900.0,2484200.0
920,2021-10-18 06:01:44,25800.0,1300.0,2480300.0
921,2021-10-18 06:01:37,25800.0,1000.0,2479000.0
922,2021-10-18 06:01:37,25800.0,100.0,2478000.0
923,2021-10-18 06:01:37,25800.0,200.0,2477900.0
924,2021-10-18 06:01:37,25800.0,300.0,2477700.0
925,2021-10-18 06:01:37,25800.0,100.0,2477400.0
926,2021-10-18 06:01:37,25800.0,700.0,2477300.0
927,2021-10-18 06:01:33,25800.0,600.0,2476600.0
928,2021-10-18 06:01:30,25800.0,200.0,2476000.0
929,2021-10-18 06:01:30,25800.0,400.0,2475800.0
930,2021-10-18 06:01:30,25800.0,300.0,2475400.0
931,2021-10-18 06:01:26,25800.0,300.0,2475100.0
932,2021-10-18 06:01:26,25800.0,200.0,2474800.0
933,2021-10-18 06:01:26,25750.0,100.0,2474600.0
934,2021-10-18 06:01:22,25800.0,300.0,2474500.0
935,2021-10-18 06:01:22,25800.0,200.0,2474200.0
936,2021-10-18 06:01:22,25800.0,100.0,2474000.0
937,2021-10-18 06:01:20,25800.0,600.0,2473900.0
938,2021-10-18 06:01:20,25800.0,100.0,2473300.0
939,2021-10-18 06:01:20,25800.0,1000.0,2473200.0
940,2021-10-18 06:01:20,25800.0,300.0,2472200.0
941,2021-10-18 06:01:19,25800.0,900.0,2471900.0
942,2021-10-18 06:01:18,25800.0,300.0,2471000.0
943,2021-10-18 06:01:18,25800.0,100.0,2470700.0
944,2021-10-18 06:01:18,25800.0,100.0,2470600.0
945,2021-10-18 06:01:18,25800.0,100.0,2470500.0
946,2021-10-18 06:01:14,25800.0,600.0,2470400.0
947,2021-10-18 06:01:11,25800.0,300.0,2469800.0
948,2021-10-18 06:01:11,25800.0,100.0,2469500.0
949,2021-10-18 06:01:11,25800.0,200.0,2469400.0
950,2021-10-18 06:01:09,25800.0,900.0,2469200.0
951,2021-10-18 06:01:09,25750.0,200.0,2468300.0
952,2021-10-18 06:01:09,25750.0,100.0,2468100.0
953,2021-10-18 06:01:09,25750.0,200.0,2468000.0
954,2021-10-18 06:01:04,25750.0,200.0,2467800.0
955,2021-10-18 06:01:00,25750.0,200.0,2467600.0
956,2021-10-18 06:00:54,25750.0,1200.0,2467400.0
957,2021-10-18 06:00:52,25700.0,1100.0,2466200.0
958,2021-10-18 06:00:40,25750.0,1000.0,2465100.0
959,2021-10-18 06:00:38,25750.0,1400.0,2464100.0
960,2021-10-18 06:00:38,25750.0,500.0,2462700.0
961,2021-10-18 06:00:34,25750.0,400.0,2462200.0
962,2021-10-18 06:00:34,25750.0,300.0,2461800.0
963,2021-10-18 06:00:34,25750.0,1200.0,2461500.0
964,2021-10-18 06:00:34,25750.0,400.0,2460300.0
965,2021-10-18 06:00:26,25750.0,600.0,2459900.0
966,2021-10-18 06:00:26,25750.0,1900.0,2459300.0
967,2021-10-18 06:00:26,25750.0,600.0,2457400.0
968,2021-10-18 06:00:26,25750.0,200.0,2456800.0
969,2021-10-18 06:00:26,25750.0,200.0,2456600.0
970,2021-10-18 06:00:19,25750.0,1000.0,2456400.0
971,2021-10-18 06:00:14,25700.0,100.0,2455400.0
972,2021-10-18 06:00:14,25700.0,600.0,2455300.0
973,2021-10-18 06:00:14,25700.0,200.0,2454700.0
974,2021-10-18 06:00:14,25700.0,200.0,2454500.0
975,2021-10-18 06:00:14,25700.0,600.0,2454300.0
976,2021-10-18 06:00:14,25700.0,400.0,2453700.0
977,2021-10-18 06:00:14,25700.0,200.0,2453300.0
978,2021-10-18 06:00:14,25700.0,1500.0,2453100.0
979,2021-10-18 06:00:14,25700.0,200.0,2451600.0
980,2021-10-18 06:00:14,25700.0,100.0,2451400.0
981,2021-10-18 06:00:14,25700.0,500.0,2451300.0
982,2021-10-18 06:00:14,25700.0,3000.0,2450800.0
983,2021-10-18 06:00:14,25700.0,600.0,2447800.0
984,2021-10-18 06:00:14,25700.0,3000.0,2447200.0
985,2021-10-18 06:00:14,25700.0,100.0,2444200.0
986,2021-10-18 06:00:14,25700.0,18500.0,2444100.0
987,2021-10-18 06:00:11,25700.0,100.0,2425600.0
988,2021-10-18 06:00:11,25700.0,100.0,2425500.0
989,2021-10-18 06:00:11,25700.0,200.0,2425400.0
990,2021-10-18 06:00:11,25700.0,300.0,2425200.0
991,2021-10-18 06:00:10,25700.0,300.0,2424900.0
992,2021-10-18 06:00:07,25700.0,500.0,2424600.0
993,2021-10-18 06:00:06,25700.0,300.0,2424100.0
994,2021-10-18 06:00:06,25700.0,200.0,2423800.0
995,2021-10-18 06:00:05,25700.0,200.0,2423600.0
996,2021-10-18 06:00:04,25700.0,6900.0,2423400.0
997,2021-10-18 06:00:01,25700.0,1000.0,2416500.0
998,2021-10-18 06:00:01,25700.0,2000.0,2415500.0
999,2021-10-18 06:00:01,25700.0,500.0,2413500.0
1000,2021-10-18 06:00:01,25700.0,100.0,2413000.0
1001,2021-10-18 06:00:01,25700.0,100.0,2412900.0
1002,2021-10-18 06:00:00,25700.0,100.0,2412800.0
1003,2021-10-18 06:00:00,25700.0,900.0,2412700.0
1004,2021-10-18 04:29:44,25700.0,1200.0,2411800.0
1005,2021-10-18 04:29:29,25700.0,2000.0,2410600.0
1006,2021-10-18 04:29:22,25700.0,2000.0,2408600.0
1007,2021-10-18 04:28:43,25700.0,500.0,2406600.0
1008,2021-10-18 04:27:27,25700.0,200.0,2406100.0
1009,2021-10-18 04:27:23,25700.0,200.0,2405900.0
1010,2021-10-18 04:27:14,25700.0,1500.0,2405700.0
1011,2021-10-18 04:27:04,25700.0,500.0,2404200.0
1012,2021-10-18 04:26:48,25700.0,1000.0,2403700.0
1013,2021-10-18 04:26:31,25700.0,1600.0,2402700.0
1014,2021-10-18 04:26:12,25650.0,600.0,2401100.0
1015,2021-10-18 04:26:09,25700.0,1200.0,2400500.0
1016,2021-10-18 04:25:38,25700.0,100.0,2399300.0
1017,2021-10-18 04:24:48,25700.0,10000.0,2399200.0
1018,2021-10-18 04:24:42,25700.0,2000.0,2389200.0
1019,2021-10-18 04:24:34,25700.0,300.0,2387200.0
1020,2021-10-18 04:24:34,25700.0,10000.0,2386900.0
1021,2021-10-18 04:24:34,25700.0,100.0,2376900.0
1022,2021-10-18 04:24:34,25700.0,30000.0,2376800.0
1023,2021-10-18 04:24:34,25700.0,300.0,2346800.0
1024,2021-10-18 04:24:34,25700.0,3000.0,2346500.0
1025,2021-10-18 04:22:21,25700.0,1000.0,2343500.0
1026,2021-10-18 04:20:17,25700.0,2100.0,2342500.0
1027,2021-10-18 04:20:17,25700.0,600.0,2340400.0
1028,2021-10-18 04:20:17,25700.0,1000.0,2339800.0
1029,2021-10-18 04:20:17,25700.0,100.0,2338800.0
1030,2021-10-18 04:20:17,25700.0,100.0,2338700.0
1031,2021-10-18 04:20:17,25700.0,2200.0,2338600.0
1032,2021-10-18 04:20:17,25700.0,300.0,2336400.0
1033,2021-10-18 04:20:17,25700.0,2500.0,2336100.0
1034,2021-10-18 04:20:17,25700.0,2700.0,2333600.0
1035,2021-10-18 04:20:17,25700.0,100.0,2330900.0
1036,2021-10-18 04:20:17,25700.0,600.0,2330800.0
1037,2021-10-18 04:20:17,25700.0,800.0,2330200.0
1038,2021-10-18 04:20:17,25700.0,4000.0,2329400.0
1039,2021-10-18 04:20:17,25700.0,43900.0,2325400.0
1040,2021-10-18 04:18:59,25700.0,300.0,2281500.0
1041,2021-10-18 04:18:08,25700.0,5000.0,2281200.0
1042,2021-10-18 04:16:40,25700.0,10000.0,2276200.0
1043,2021-10-18 04:16:28,25700.0,1000.0,2266200.0
1044,2021-10-18 04:16:01,25650.0,100.0,2265200.0
1045,2021-10-18 04:15:21,25650.0,1000.0,2265100.0
1046,2021-10-18 04:14:30,25700.0,1400.0,2264100.0
1047,2021-10-18 04:14:03,25700.0,1200.0,2262700.0
1048,2021-10-18 04:13:46,25700.0,1600.0,2261500.0
1049,2021-10-18 04:13:23,25700.0,900.0,2259900.0
1050,2021-10-18 04:13:09,25700.0,1200.0,2259000.0
1051,2021-10-18 04:13:04,25700.0,200.0,2257800.0
1052,2021-10-18 04:13:00,25650.0,200.0,2257600.0
1053,2021-10-18 04:12:58,25700.0,200.0,2257400.0
1054,2021-10-18 04:12:56,25700.0,300.0,2257200.0
1055,2021-10-18 04:12:53,25700.0,300.0,2256900.0
1056,2021-10-18 04:12:51,25700.0,300.0,2256600.0
1057,2021-10-18 04:12:47,25700.0,300.0,2256300.0
1058,2021-10-18 04:12:47,25700.0,1600.0,2256000.0
1059,2021-10-18 04:12:45,25700.0,300.0,2254400.0
1060,2021-10-18 04:12:42,25700.0,300.0,2254100.0
1061,2021-10-18 04:12:41,25700.0,300.0,2253800.0
1062,2021-10-18 04:12:33,25700.0,300.0,2253500.0
1063,2021-10-18 04:12:31,25700.0,300.0,2253200.0
1064,2021-10-18 04:12:30,25700.0,1500.0,2252900.0
1065,2021-10-18 04:12:27,25700.0,300.0,2251400.0
1066,2021-10-18 04:12:24,25700.0,300.0,2251100.0
1067,2021-10-18 04:12:20,25700.0,300.0,2250800.0
1068,2021-10-18 04:12:14,25700.0,300.0,2250500.0
1069,2021-10-18 04:12:11,25700.0,300.0,2250200.0
1070,2021-10-18 04:12:08,25700.0,300.0,2249900.0
1071,2021-10-18 04:12:07,25700.0,1100.0,2249600.0
1072,2021-10-18 04:12:05,25700.0,300.0,2248500.0
1073,2021-10-18 04:11:59,25700.0,200.0,2248200.0
1074,2021-10-18 04:11:50,25700.0,1400.0,2248000.0
1075,2021-10-18 04:11:34,25700.0,1100.0,2246600.0
1076,2021-10-18 04:11:14,25700.0,1200.0,2245500.0
1077,2021-10-18 04:11:11,25700.0,2000.0,2244300.0
1078,2021-10-18 04:11:06,25700.0,1000.0,2242300.0
1079,2021-10-18 04:11:00,25700.0,1100.0,2241300.0
1080,2021-10-18 04:10:49,25650.0,100.0,2240200.0
1081,2021-10-18 04:10:45,25700.0,900.0,2240100.0
1082,2021-10-18 04:10:45,25700.0,500.0,2239200.0
1083,2021-10-18 04:10:32,25700.0,1400.0,2238700.0
1084,2021-10-18 04:10:19,25700.0,1000.0,2237300.0
1085,2021-10-18 04:10:17,25700.0,2100.0,2236300.0
1086,2021-10-18 04:09:50,25700.0,1300.0,2234200.0
1087,2021-10-18 04:09:43,25700.0,1000.0,2232900.0
1088,2021-10-18 04:09:36,25700.0,1500.0,2231900.0
1089,2021-10-18 04:09:32,25700.0,6400.0,2230400.0
1090,2021-10-18 04:09:20,25700.0,200.0,2224000.0
1091,2021-10-18 04:09:19,25700.0,600.0,2223800.0
1092,2021-10-18 04:09:19,25700.0,700.0,2223200.0
1093,2021-10-18 04:09:19,25700.0,100.0,2222500.0
1094,2021-10-18 04:09:19,25700.0,500.0,2222400.0
1095,2021-10-18 04:09:19,25700.0,200.0,2221900.0
1096,2021-10-18 04:09:19,25700.0,500.0,2221700.0
1097,2021-10-18 04:09:19,25700.0,35800.0,2221200.0
1098,2021-10-18 04:09:19,25700.0,900.0,2185400.0
1099,2021-10-18 04:09:08,25700.0,1600.0,2184500.0
1100,2021-10-18 04:09:07,25700.0,400.0,2182900.0
1101,2021-10-18 04:08:54,25700.0,1400.0,2182500.0
1102,2021-10-18 04:08:38,25700.0,1200.0,2181100.0
1103,2021-10-18 04:08:22,25700.0,1400.0,2179900.0
1104,2021-10-18 04:08:10,25700.0,1500.0,2178500.0
1105,2021-10-18 04:07:50,25700.0,900.0,2177000.0
1106,2021-10-18 04:07:30,25700.0,1400.0,2176100.0
1107,2021-10-18 04:07:10,25700.0,1000.0,2174700.0
1108,2021-10-18 04:06:49,25700.0,1000.0,2173700.0
1109,2021-10-18 04:06:30,25700.0,1300.0,2172700.0
1110,2021-10-18 04:06:13,25700.0,1500.0,2171400.0
1111,2021-10-18 04:06:01,25700.0,100.0,2169900.0
1112,2021-10-18 04:06:01,25700.0,10000.0,2169800.0
1113,2021-10-18 04:06:01,25700.0,1100.0,2159800.0
1114,2021-10-18 04:06:01,25700.0,100.0,2158700.0
1115,2021-10-18 04:06:01,25700.0,10000.0,2158600.0
1116,2021-10-18 04:06:01,25700.0,400.0,2148600.0
1117,2021-10-18 04:06:01,25700.0,1000.0,2148200.0
1118,2021-10-18 04:06:01,25700.0,2000.0,2147200.0
1119,2021-10-18 04:06:01,25700.0,5000.0,2145200.0
1120,2021-10-18 04:06:01,25700.0,400.0,2140200.0
1121,2021-10-18 04:06:01,25700.0,1000.0,2139800.0
1122,2021-10-18 04:06:01,25700.0,8200.0,2138800.0
1123,2021-10-18 04:06:01,25750.0,9400.0,2130600.0
1124,2021-10-18 04:05:52,25800.0,100.0,2121200.0
1125,2021-10-18 04:05:52,25800.0,1000.0,2121100.0
1126,2021-10-18 04:05:35,25750.0,500.0,2120100.0
1127,2021-10-18 04:05:35,25750.0,100.0,2119600.0
1128,2021-10-18 04:05:31,25750.0,900.0,2119500.0
1129,2021-10-18 04:05:27,25750.0,3500.0,2118600.0
1130,2021-10-18 04:03:52,25750.0,600.0,2115100.0
1131,2021-10-18 04:03:34,25750.0,400.0,2114500.0
1132,2021-10-18 04:03:34,25750.0,1000.0,2114100.0
1133,2021-10-18 04:03:13,25750.0,1000.0,2113100.0
1134,2021-10-18 04:03:13,25750.0,200.0,2112100.0
1135,2021-10-18 04:02:54,25800.0,1000.0,2111900.0
1136,2021-10-18 04:02:54,25750.0,300.0,2110900.0
1137,2021-10-18 04:02:54,25750.0,100.0,2110600.0
1138,2021-10-18 04:02:36,25750.0,900.0,2110500.0
1139,2021-10-18 04:02:36,25750.0,500.0,2109600.0
1140,2021-10-18 04:02:28,25700.0,700.0,2109100.0
1141,2021-10-18 04:02:15,25750.0,500.0,2108400.0
1142,2021-10-18 04:02:15,25750.0,700.0,2107900.0
1143,2021-10-18 04:02:15,25750.0,200.0,2107200.0
1144,2021-10-18 04:01:53,25750.0,1500.0,2107000.0
1145,2021-10-18 04:01:41,25750.0,300.0,2105500.0
1146,2021-10-18 04:01:41,25750.0,100.0,2105200.0
1147,2021-10-18 04:01:41,25750.0,600.0,2105100.0
1148,2021-10-18 04:01:35,25750.0,1400.0,2104500.0
1149,2021-10-18 04:01:17,25750.0,100.0,2103100.0
1150,2021-10-18 04:01:17,25750.0,1300.0,2103000.0
1151,2021-10-18 04:00:58,25700.0,1100.0,2101700.0
1152,2021-10-18 04:00:58,25700.0,1600.0,2100600.0
1153,2021-10-18 04:00:10,25700.0,600.0,2099000.0
1154,2021-10-18 03:59:53,25700.0,500.0,2098400.0
1155,2021-10-18 03:59:51,25700.0,7300.0,2097900.0
1156,2021-10-18 03:59:51,25700.0,300.0,2090600.0
1157,2021-10-18 03:59:51,25700.0,2400.0,2090300.0
1158,2021-10-18 03:59:51,25750.0,2000.0,2087900.0
1159,2021-10-18 03:59:04,25700.0,500.0,2085900.0
1160,2021-10-18 03:58:38,25700.0,200.0,2085400.0
1161,2021-10-18 03:58:22,25700.0,400.0,2085200.0
1162,2021-10-18 03:58:22,25750.0,1500.0,2084800.0
1163,2021-10-18 03:58:21,25700.0,500.0,2083300.0
1164,2021-10-18 03:58:21,25700.0,1600.0,2082800.0
1165,2021-10-18 03:58:16,25750.0,200.0,2081200.0
1166,2021-10-18 03:58:15,25800.0,100.0,2081000.0
1167,2021-10-18 03:58:15,25800.0,100.0,2080900.0
1168,2021-10-18 03:58:13,25800.0,300.0,2080800.0
1169,2021-10-18 03:58:09,25800.0,300.0,2080500.0
1170,2021-10-18 03:58:07,25800.0,300.0,2080200.0
1171,2021-10-18 03:58:03,25800.0,5200.0,2079900.0
1172,2021-10-18 03:58:03,25800.0,300.0,2074700.0
1173,2021-10-18 03:58:00,25800.0,300.0,2074400.0
1174,2021-10-18 03:57:57,25800.0,300.0,2074100.0
1175,2021-10-18 03:57:54,25800.0,300.0,2073800.0
1176,2021-10-18 03:57:51,25800.0,300.0,2073500.0
1177,2021-10-18 03:57:49,25800.0,900.0,2073200.0
1178,2021-10-18 03:57:45,25800.0,200.0,2072300.0
1179,2021-10-18 03:57:45,25750.0,100.0,2072100.0
1180,2021-10-18 03:57:42,25750.0,300.0,2072000.0
1181,2021-10-18 03:57:38,25750.0,300.0,2071700.0
1182,2021-10-18 03:57:37,25750.0,4000.0,2071400.0
1183,2021-10-18 03:57:34,25750.0,300.0,2067400.0
1184,2021-10-18 03:57:30,25800.0,300.0,2067100.0
1185,2021-10-18 03:57:27,25800.0,300.0,2066800.0
1186,2021-10-18 03:57:23,25800.0,200.0,2066500.0
1187,2021-10-18 03:57:19,25800.0,200.0,2066300.0
1188,2021-10-18 03:57:15,25800.0,200.0,2066100.0
1189,2021-10-18 03:56:59,25800.0,200.0,2065900.0
1190,2021-10-18 03:56:57,25700.0,1200.0,2065700.0
1191,2021-10-18 03:56:19,25800.0,2500.0,2064500.0
1192,2021-10-18 03:56:05,25800.0,1000.0,2062000.0
1193,2021-10-18 03:55:54,25800.0,500.0,2061000.0
1194,2021-10-18 03:55:54,25750.0,100.0,2060500.0
1195,2021-10-18 03:55:54,25750.0,400.0,2060400.0
1196,2021-10-18 03:55:29,25750.0,2000.0,2060000.0
1197,2021-10-18 03:54:59,25750.0,600.0,2058000.0
1198,2021-10-18 03:54:32,25750.0,700.0,2057400.0
1199,2021-10-18 03:54:28,25750.0,100.0,2056700.0
1200,2021-10-18 03:54:17,25700.0,2200.0,2056600.0
1201,2021-10-18 03:54:17,25700.0,2900.0,2054400.0
1202,2021-10-18 03:53:34,25750.0,3000.0,2051500.0
1203,2021-10-18 03:53:16,25750.0,2000.0,2048500.0
1204,2021-10-18 03:53:16,25750.0,3000.0,2046500.0
1205,2021-10-18 03:53:16,25750.0,2000.0,2043500.0
1206,2021-10-18 03:53:16,25750.0,3000.0,2041500.0
1207,2021-10-18 03:53:04,25700.0,2200.0,2038500.0
1208,2021-10-18 03:52:58,25700.0,400.0,2036300.0
1209,2021-10-18 03:52:58,25700.0,5000.0,2035900.0
1210,2021-10-18 03:52:58,25700.0,100.0,2030900.0
1211,2021-10-18 03:52:58,25700.0,300.0,2030800.0
1212,2021-10-18 03:52:58,25700.0,600.0,2030500.0
1213,2021-10-18 03:52:58,25700.0,4200.0,2029900.0
1214,2021-10-18 03:52:58,25700.0,2500.0,2025700.0
1215,2021-10-18 03:52:58,25700.0,2500.0,2023200.0
1216,2021-10-18 03:52:58,25700.0,2000.0,2020700.0
1217,2021-10-18 03:52:58,25700.0,2500.0,2018700.0
1218,2021-10-18 03:52:58,25700.0,4000.0,2016200.0
1219,2021-10-18 03:52:58,25700.0,200.0,2012200.0
1220,2021-10-18 03:52:58,25700.0,25000.0,2012000.0
1221,2021-10-18 03:52:58,25700.0,200.0,1987000.0
1222,2021-10-18 03:52:58,25700.0,600.0,1986800.0
1223,2021-10-18 03:52:58,25700.0,3700.0,1986200.0
1224,2021-10-18 03:52:58,25700.0,200.0,1982500.0
1225,2021-10-18 03:52:58,25700.0,200.0,1982300.0
1226,2021-10-18 03:52:58,25700.0,200.0,1982100.0
1227,2021-10-18 03:52:58,25700.0,50500.0,1981900.0
1228,2021-10-18 03:52:42,25700.0,1400.0,1931400.0
1229,2021-10-18 03:52:16,25700.0,300.0,1930000.0
1230,2021-10-18 03:52:13,25700.0,300.0,1929700.0
1231,2021-10-18 03:52:08,25700.0,200.0,1929400.0
1232,2021-10-18 03:52:05,25700.0,200.0,1929200.0
1233,2021-10-18 03:52:01,25700.0,200.0,1929000.0
1234,2021-10-18 03:51:58,25700.0,200.0,1928800.0
1235,2021-10-18 03:51:55,25700.0,200.0,1928600.0
1236,2021-10-18 03:51:45,25700.0,200.0,1928400.0
1237,2021-10-18 03:51:40,25700.0,200.0,1928200.0
1238,2021-10-18 03:51:38,25700.0,13800.0,1928000.0
1239,2021-10-18 03:51:34,25700.0,200.0,1914200.0
1240,2021-10-18 03:51:30,25700.0,200.0,1914000.0
1241,2021-10-18 03:51:27,25700.0,200.0,1913800.0
1242,2021-10-18 03:51:23,25700.0,200.0,1913600.0
1243,2021-10-18 03:51:18,25700.0,200.0,1913400.0
1244,2021-10-18 03:51:15,25700.0,200.0,1913200.0
1245,2021-10-18 03:51:11,25700.0,200.0,1913000.0
1246,2021-10-18 03:51:09,25700.0,5000.0,1912800.0
1247,2021-10-18 03:51:09,25700.0,200.0,1907800.0
1248,2021-10-18 03:51:07,25700.0,200.0,1907600.0
1249,2021-10-18 03:51:02,25700.0,200.0,1907400.0
1250,2021-10-18 03:50:58,25700.0,200.0,1907200.0
1251,2021-10-18 03:50:53,25700.0,200.0,1907000.0
1252,2021-10-18 03:50:53,25700.0,1100.0,1906800.0
1253,2021-10-18 03:50:48,25700.0,200.0,1905700.0
1254,2021-10-18 03:50:44,25700.0,200.0,1905500.0
1255,2021-10-18 03:50:40,25700.0,200.0,1905300.0
1256,2021-10-18 03:50:36,25700.0,200.0,1905100.0
1257,2021-10-18 03:50:32,25700.0,1500.0,1904900.0
1258,2021-10-18 03:50:31,25700.0,200.0,1903400.0
1259,2021-10-18 03:49:17,25700.0,1300.0,1903200.0
1260,2021-10-18 03:49:07,25650.0,5000.0,1901900.0
1261,2021-10-18 03:48:57,25700.0,900.0,1896900.0
1262,2021-10-18 03:48:29,25700.0,900.0,1896000.0
1263,2021-10-18 03:48:07,25700.0,1100.0,1895100.0
1264,2021-10-18 03:47:54,25700.0,1500.0,1894000.0
1265,2021-10-18 03:47:46,25700.0,100.0,1892500.0
1266,2021-10-18 03:47:41,25700.0,300.0,1892400.0
1267,2021-10-18 03:47:39,25700.0,300.0,1892100.0
1268,2021-10-18 03:47:36,25700.0,300.0,1891800.0
1269,2021-10-18 03:47:34,25700.0,300.0,1891500.0
1270,2021-10-18 03:47:31,25700.0,300.0,1891200.0
1271,2021-10-18 03:47:29,25700.0,300.0,1890900.0
1272,2021-10-18 03:47:26,25700.0,300.0,1890600.0
1273,2021-10-18 03:47:22,25700.0,300.0,1890300.0
1274,2021-10-18 03:47:19,25700.0,300.0,1890000.0
1275,2021-10-18 03:47:15,25700.0,300.0,1889700.0
1276,2021-10-18 03:47:12,25700.0,300.0,1889400.0
1277,2021-10-18 03:47:08,25700.0,200.0,1889100.0
1278,2021-10-18 03:47:05,25700.0,200.0,1888900.0
1279,2021-10-18 03:47:02,25700.0,200.0,1888700.0
1280,2021-10-18 03:46:59,25700.0,200.0,1888500.0
1281,2021-10-18 03:46:55,25700.0,200.0,1888300.0
1282,2021-10-18 03:46:52,25700.0,200.0,1888100.0
1283,2021-10-18 03:46:47,25700.0,200.0,1887900.0
1284,2021-10-18 03:46:44,25700.0,200.0,1887700.0
1285,2021-10-18 03:46:41,25650.0,3500.0,1887500.0
1286,2021-10-18 03:46:41,25650.0,200.0,1884000.0
1287,2021-10-18 03:46:39,25700.0,200.0,1883800.0
1288,2021-10-18 03:46:29,25700.0,100.0,1883600.0
1289,2021-10-18 03:45:17,25700.0,200.0,1883500.0
1290,2021-10-18 03:44:35,25700.0,100.0,1883300.0
1291,2021-10-18 03:44:34,25700.0,300.0,1883200.0
1292,2021-10-18 03:44:21,25700.0,3000.0,1882900.0
1293,2021-10-18 03:44:10,25700.0,200.0,1879900.0
1294,2021-10-18 03:44:07,25700.0,200.0,1879700.0
1295,2021-10-18 03:44:03,25700.0,200.0,1879500.0
1296,2021-10-18 03:44:01,25700.0,200.0,1879300.0
1297,2021-10-18 03:44:00,25700.0,200.0,1879100.0
1298,2021-10-18 03:43:54,25700.0,200.0,1878900.0
1299,2021-10-18 03:43:51,25700.0,200.0,1878700.0
1300,2021-10-18 03:43:48,25700.0,200.0,1878500.0
1301,2021-10-18 03:43:46,25700.0,500.0,1878300.0
1302,2021-10-18 03:43:44,25700.0,200.0,1877800.0
1303,2021-10-18 03:43:42,25700.0,200.0,1877600.0
1304,2021-10-18 03:43:38,25700.0,200.0,1877400.0
1305,2021-10-18 03:43:35,25700.0,200.0,1877200.0
1306,2021-10-18 03:43:31,25700.0,200.0,1877000.0
1307,2021-10-18 03:43:27,25700.0,200.0,1876800.0
1308,2021-10-18 03:43:23,25700.0,200.0,1876600.0
1309,2021-10-18 03:43:19,25700.0,200.0,1876400.0
1310,2021-10-18 03:43:16,25700.0,200.0,1876200.0
1311,2021-10-18 03:43:13,25700.0,200.0,1876000.0
1312,2021-10-18 03:43:09,25700.0,200.0,1875800.0
1313,2021-10-18 03:43:06,25700.0,700.0,1875600.0
1314,2021-10-18 03:43:06,25650.0,300.0,1874900.0
1315,2021-10-18 03:43:06,25650.0,200.0,1874600.0
1316,2021-10-18 03:43:02,25650.0,200.0,1874400.0
1317,2021-10-18 03:42:59,25650.0,200.0,1874200.0
1318,2021-10-18 03:42:57,25650.0,100.0,1874000.0
1319,2021-10-18 03:42:57,25650.0,200.0,1873900.0
1320,2021-10-18 03:42:57,25650.0,700.0,1873700.0
1321,2021-10-18 03:42:56,25650.0,200.0,1873000.0
1322,2021-10-18 03:42:52,25650.0,200.0,1872800.0
1323,2021-10-18 03:42:50,25650.0,200.0,1872600.0
1324,2021-10-18 03:42:40,25650.0,200.0,1872400.0
1325,2021-10-18 03:42:40,25650.0,18500.0,1872200.0
1326,2021-10-18 03:42:40,25650.0,500.0,1853700.0
1327,2021-10-18 03:42:40,25650.0,2100.0,1853200.0
1328,2021-10-18 03:42:40,25650.0,2000.0,1851100.0
1329,2021-10-18 03:42:40,25650.0,1900.0,1849100.0
1330,2021-10-18 03:42:07,25650.0,100.0,1847200.0
1331,2021-10-18 03:41:45,25650.0,8000.0,1847100.0
1332,2021-10-18 03:41:45,25650.0,200.0,1839100.0
1333,2021-10-18 03:41:45,25650.0,500.0,1838900.0
1334,2021-10-18 03:41:45,25650.0,11300.0,1838400.0
1335,2021-10-18 03:41:14,25650.0,1000.0,1827100.0
1336,2021-10-18 03:41:08,25600.0,200.0,1826100.0
1337,2021-10-18 03:40:51,25650.0,5600.0,1825900.0
1338,2021-10-18 03:40:48,25600.0,100.0,1820300.0
1339,2021-10-18 03:39:34,25600.0,400.0,1820200.0
1340,2021-10-18 03:39:34,25600.0,100.0,1819800.0
1341,2021-10-18 03:38:52,25600.0,300.0,1819700.0
1342,2021-10-18 03:38:19,25600.0,100.0,1819400.0
1343,2021-10-18 03:38:18,25650.0,5000.0,1819300.0
1344,2021-10-18 03:38:14,25650.0,1000.0,1814300.0
1345,2021-10-18 03:38:01,25650.0,2000.0,1813300.0
1346,2021-10-18 03:37:41,25650.0,100.0,1811300.0
1347,2021-10-18 03:36:35,25600.0,7100.0,1811200.0
1348,2021-10-18 03:36:35,25600.0,100.0,1804100.0
1349,2021-10-18 03:36:35,25600.0,1000.0,1804000.0
1350,2021-10-18 03:36:35,25600.0,10000.0,1803000.0
1351,2021-10-18 03:36:35,25600.0,2000.0,1793000.0
1352,2021-10-18 03:36:35,25600.0,500.0,1791000.0
1353,2021-10-18 03:36:35,25600.0,100.0,1790500.0
1354,2021-10-18 03:36:35,25600.0,100.0,1790400.0
1355,2021-10-18 03:36:35,25600.0,1000.0,1790300.0
1356,2021-10-18 03:36:35,25600.0,5000.0,1789300.0
1357,2021-10-18 03:36:35,25600.0,1000.0,1784300.0
1358,2021-10-18 03:36:35,25600.0,25000.0,1783300.0
1359,2021-10-18 03:36:35,25600.0,14000.0,1758300.0
1360,2021-10-18 03:36:35,25600.0,33100.0,1744300.0
1361,2021-10-18 03:36:30,25600.0,500.0,1711200.0
1362,2021-10-18 03:36:18,25650.0,100.0,1710700.0
1363,2021-10-18 03:36:16,25650.0,8600.0,1710600.0
1364,2021-10-18 03:36:16,25650.0,5000.0,1702000.0
1365,2021-10-18 03:36:16,25650.0,5000.0,1697000.0
1366,2021-10-18 03:36:16,25650.0,5000.0,1692000.0
1367,2021-10-18 03:36:16,25650.0,50000.0,1687000.0
1368,2021-10-18 03:36:16,25650.0,300.0,1637000.0
1369,2021-10-18 03:36:02,25650.0,700.0,1636700.0
1370,2021-10-18 03:36:02,25650.0,300.0,1636000.0
1371,2021-10-18 03:35:49,25650.0,7200.0,1635700.0
1372,2021-10-18 03:34:48,25700.0,200.0,1628500.0
1373,2021-10-18 03:33:38,25700.0,900.0,1628300.0
1374,2021-10-18 03:33:38,25650.0,2500.0,1627400.0
1375,2021-10-18 03:33:36,25650.0,10000.0,1624900.0
1376,2021-10-18 03:33:11,25650.0,5000.0,1614900.0
1377,2021-10-18 03:33:11,25650.0,200.0,1609900.0
1378,2021-10-18 03:33:11,25650.0,35000.0,1609700.0
1379,2021-10-18 03:33:11,25650.0,10000.0,1574700.0
1380,2021-10-18 03:33:11,25650.0,200.0,1564700.0
1381,2021-10-18 03:33:11,25650.0,37100.0,1564500.0
1382,2021-10-18 03:33:08,25650.0,100.0,1527400.0
1383,2021-10-18 03:32:21,25650.0,2800.0,1527300.0
1384,2021-10-18 03:32:21,25650.0,500.0,1524500.0
1385,2021-10-18 03:32:21,25650.0,100.0,1524000.0
1386,2021-10-18 03:32:21,25650.0,1000.0,1523900.0
1387,2021-10-18 03:31:48,25700.0,300.0,1522900.0
1388,2021-10-18 03:31:48,25700.0,100.0,1522600.0
1389,2021-10-18 03:31:48,25700.0,100.0,1522500.0
1390,2021-10-18 03:31:48,25700.0,100.0,1522400.0
1391,2021-10-18 03:30:21,25800.0,100.0,1522300.0
1392,2021-10-18 03:29:31,25800.0,5200.0,1522200.0
1393,2021-10-18 03:29:31,25750.0,1000.0,1517000.0
1394,2021-10-18 03:29:31,25750.0,500.0,1516000.0
1395,2021-10-18 03:29:31,25750.0,1200.0,1515500.0
1396,2021-10-18 03:29:31,25750.0,2000.0,1514300.0
1397,2021-10-18 03:29:31,25750.0,500.0,1512300.0
1398,2021-10-18 03:29:31,25750.0,200.0,1511800.0
1399,2021-10-18 03:29:31,25750.0,15000.0,1511600.0
1400,2021-10-18 03:29:31,25750.0,2000.0,1496600.0
1401,2021-10-18 03:29:31,25750.0,100.0,1494600.0
1402,2021-10-18 03:29:31,25750.0,3500.0,1494500.0
1403,2021-10-18 03:29:31,25750.0,800.0,1491000.0
1404,2021-10-18 03:29:31,25750.0,100.0,1490200.0
1405,2021-10-18 03:29:31,25750.0,100.0,1490100.0
1406,2021-10-18 03:29:31,25750.0,2000.0,1490000.0
1407,2021-10-18 03:29:31,25750.0,100.0,1488000.0
1408,2021-10-18 03:29:31,25750.0,400.0,1487900.0
1409,2021-10-18 03:29:31,25750.0,500.0,1487500.0
1410,2021-10-18 03:29:31,25700.0,1800.0,1487000.0
1411,2021-10-18 03:29:31,25700.0,1200.0,1485200.0
1412,2021-10-18 03:29:31,25700.0,1000.0,1484000.0
1413,2021-10-18 03:29:31,25700.0,1000.0,1483000.0
1414,2021-10-18 03:29:31,25700.0,200.0,1482000.0
1415,2021-10-18 03:29:31,25700.0,200.0,1481800.0
1416,2021-10-18 03:29:31,25700.0,300.0,1481600.0
1417,2021-10-18 03:29:31,25700.0,1000.0,1481300.0
1418,2021-10-18 03:29:31,25700.0,300.0,1480300.0
1419,2021-10-18 03:29:31,25700.0,500.0,1480000.0
1420,2021-10-18 03:29:31,25700.0,500.0,1479500.0
1421,2021-10-18 03:29:31,25700.0,500.0,1479000.0
1422,2021-10-18 03:29:31,25700.0,2000.0,1478500.0
1423,2021-10-18 03:29:31,25700.0,100.0,1476500.0
1424,2021-10-18 03:29:31,25700.0,200.0,1476400.0
1425,2021-10-18 03:29:31,25700.0,100.0,1476200.0
1426,2021-10-18 03:29:31,25650.0,2100.0,1476100.0
1427,2021-10-18 03:29:31,25650.0,100.0,1474000.0
1428,2021-10-18 03:29:31,25650.0,8000.0,1473900.0
1429,2021-10-18 03:29:31,25650.0,700.0,1465900.0
1430,2021-10-18 03:29:31,25650.0,2000.0,1465200.0
1431,2021-10-18 03:29:31,25650.0,1000.0,1463200.0
1432,2021-10-18 03:29:31,25650.0,74300.0,1462200.0
1433,2021-10-18 03:29:23,25600.0,400.0,1387900.0
1434,2021-10-18 03:29:10,25600.0,1000.0,1387500.0
1435,2021-10-18 03:29:10,25600.0,1200.0,1386500.0
1436,2021-10-18 03:29:10,25600.0,100.0,1385300.0
1437,2021-10-18 03:29:10,25600.0,7700.0,1385200.0
1438,2021-10-18 03:28:17,25650.0,1200.0,1377500.0
1439,2021-10-18 03:28:17,25650.0,24500.0,1376300.0
1440,2021-10-18 03:28:11,25650.0,500.0,1351800.0
1441,2021-10-18 03:28:11,25650.0,1500.0,1351300.0
1442,2021-10-18 03:27:52,25650.0,100.0,1349800.0
1443,2021-10-18 03:27:42,25650.0,400.0,1349700.0
1444,2021-10-18 03:27:38,25650.0,100.0,1349300.0
1445,2021-10-18 03:27:34,25650.0,100.0,1349200.0
1446,2021-10-18 03:27:18,25650.0,700.0,1349100.0
1447,2021-10-18 03:27:18,25650.0,200.0,1348400.0
1448,2021-10-18 03:27:18,25650.0,5200.0,1348200.0
1449,2021-10-18 03:27:18,25650.0,3900.0,1343000.0
1450,2021-10-18 03:27:08,25650.0,1400.0,1339100.0
1451,2021-10-18 03:26:52,25650.0,5000.0,1337700.0
1452,2021-10-18 03:26:41,25650.0,200.0,1332700.0
1453,2021-10-18 03:26:38,25650.0,300.0,1332500.0
1454,2021-10-18 03:26:36,25650.0,300.0,1332200.0
1455,2021-10-18 03:26:33,25650.0,300.0,1331900.0
1456,2021-10-18 03:26:31,25650.0,300.0,1331600.0
1457,2021-10-18 03:26:27,25650.0,100.0,1331300.0
1458,2021-10-18 03:26:27,25650.0,300.0,1331200.0
1459,2021-10-18 03:26:24,25650.0,300.0,1330900.0
1460,2021-10-18 03:26:21,25650.0,300.0,1330600.0
1461,2021-10-18 03:26:18,25650.0,300.0,1330300.0
1462,2021-10-18 03:26:14,25650.0,300.0,1330000.0
1463,2021-10-18 03:26:10,25650.0,300.0,1329700.0
1464,2021-10-18 03:26:08,25650.0,300.0,1329400.0
1465,2021-10-18 03:26:04,25650.0,300.0,1329100.0
1466,2021-10-18 03:26:00,25650.0,300.0,1328800.0
1467,2021-10-18 03:25:55,25650.0,300.0,1328500.0
1468,2021-10-18 03:25:51,25650.0,200.0,1328200.0
1469,2021-10-18 03:25:44,25650.0,200.0,1328000.0
1470,2021-10-18 03:25:42,25600.0,2300.0,1327800.0
1471,2021-10-18 03:25:42,25600.0,7600.0,1325500.0
1472,2021-10-18 03:25:40,25650.0,200.0,1317900.0
1473,2021-10-18 03:25:34,25650.0,200.0,1317700.0
1474,2021-10-18 03:25:10,25600.0,2400.0,1317500.0
1475,2021-10-18 03:25:09,25600.0,500.0,1315100.0
1476,2021-10-18 03:25:02,25600.0,5000.0,1314600.0
1477,2021-10-18 03:24:53,25600.0,1000.0,1309600.0
1478,2021-10-18 03:24:38,25600.0,30000.0,1308600.0
1479,2021-10-18 03:24:38,25600.0,2000.0,1278600.0
1480,2021-10-18 03:24:38,25600.0,6400.0,1276600.0
1481,2021-10-18 03:24:38,25600.0,300.0,1270200.0
1482,2021-10-18 03:24:38,25600.0,200.0,1269900.0
1483,2021-10-18 03:24:38,25600.0,1000.0,1269700.0
1484,2021-10-18 03:24:38,25600.0,1000.0,1268700.0
1485,2021-10-18 03:24:38,25600.0,1000.0,1267700.0
1486,2021-10-18 03:24:38,25600.0,25000.0,1266700.0
1487,2021-10-18 03:24:38,25600.0,2000.0,1241700.0
1488,2021-10-18 03:24:38,25600.0,22200.0,1239700.0
1489,2021-10-18 03:23:25,25650.0,5000.0,1217500.0
1490,2021-10-18 03:23:22,25650.0,3800.0,1212500.0
1491,2021-10-18 03:23:22,25650.0,500.0,1208700.0
1492,2021-10-18 03:23:22,25650.0,25000.0,1208200.0
1493,2021-10-18 03:23:22,25650.0,100.0,1183200.0
1494,2021-10-18 03:22:31,25650.0,100.0,1183100.0
1495,2021-10-18 03:22:23,25650.0,100.0,1183000.0
1496,2021-10-18 03:22:14,25650.0,200.0,1182900.0
1497,2021-10-18 03:22:12,25600.0,100.0,1182700.0
1498,2021-10-18 03:21:29,25600.0,12700.0,1182600.0
1499,2021-10-18 03:21:18,25600.0,200.0,1169900.0
1500,2021-10-18 03:21:18,25600.0,5000.0,1169700.0
1501,2021-10-18 03:21:18,25600.0,35000.0,1164700.0
1502,2021-10-18 03:21:18,25600.0,200.0,1129700.0
1503,2021-10-18 03:21:18,25600.0,500.0,1129500.0
1504,2021-10-18 03:21:18,25600.0,200.0,1129000.0
1505,2021-10-18 03:21:18,25600.0,2000.0,1128800.0
1506,2021-10-18 03:21:18,25600.0,100.0,1126800.0
1507,2021-10-18 03:21:18,25600.0,2000.0,1126700.0
1508,2021-10-18 03:21:18,25600.0,10000.0,1124700.0
1509,2021-10-18 03:21:18,25600.0,10000.0,1114700.0
1510,2021-10-18 03:21:18,25600.0,22100.0,1104700.0
1511,2021-10-18 03:20:25,25600.0,12900.0,1082600.0
1512,2021-10-18 03:20:25,25600.0,1000.0,1069700.0
1513,2021-10-18 03:20:25,25600.0,500.0,1068700.0
1514,2021-10-18 03:20:25,25600.0,100.0,1068200.0
1515,2021-10-18 03:20:25,25600.0,100.0,1068100.0
1516,2021-10-18 03:20:25,25600.0,500.0,1068000.0
1517,2021-10-18 03:20:25,25600.0,200.0,1067500.0
1518,2021-10-18 03:20:25,25600.0,100.0,1067300.0
1519,2021-10-18 03:20:25,25600.0,200.0,1067200.0
1520,2021-10-18 03:20:25,25600.0,4400.0,1067000.0
1521,2021-10-18 03:20:25,25650.0,15000.0,1062600.0
1522,2021-10-18 03:20:25,25650.0,10000.0,1047600.0
1523,2021-10-18 03:20:25,25650.0,1000.0,1037600.0
1524,2021-10-18 03:20:25,25650.0,200.0,1036600.0
1525,2021-10-18 03:20:25,25650.0,200.0,1036400.0
1526,2021-10-18 03:20:25,25650.0,3300.0,1036200.0
1527,2021-10-18 03:20:25,25700.0,300.0,1032900.0
1528,2021-10-18 03:19:48,25650.0,6700.0,1032600.0
1529,2021-10-18 03:19:48,25650.0,32800.0,1025900.0
1530,2021-10-18 03:19:48,25700.0,5000.0,993100.0
1531,2021-10-18 03:19:48,25700.0,5000.0,988100.0
1532,2021-10-18 03:19:48,25700.0,100.0,983100.0
1533,2021-10-18 03:19:48,25700.0,400.0,983000.0
1534,2021-10-18 03:18:41,25750.0,2500.0,982600.0
1535,2021-10-18 03:17:33,25750.0,100.0,980100.0
1536,2021-10-18 03:17:33,25750.0,100.0,980000.0
1537,2021-10-18 03:17:33,25750.0,600.0,979900.0
1538,2021-10-18 03:17:33,25750.0,2000.0,979300.0
1539,2021-10-18 03:17:33,25750.0,100.0,977300.0
1540,2021-10-18 03:17:33,25750.0,200.0,977200.0
1541,2021-10-18 03:17:33,25750.0,100.0,977000.0
1542,2021-10-18 03:17:33,25750.0,1800.0,976900.0
1543,2021-10-18 03:16:36,25700.0,100.0,975100.0
1544,2021-10-18 03:16:10,25650.0,2100.0,975000.0
1545,2021-10-18 03:16:10,25650.0,100.0,972900.0
1546,2021-10-18 03:15:22,25750.0,200.0,972800.0
1547,2021-10-18 03:15:22,25750.0,200.0,972600.0
1548,2021-10-18 03:15:22,25750.0,1200.0,972400.0
1549,2021-10-18 03:15:22,25750.0,5000.0,971200.0
1550,2021-10-18 03:15:22,25750.0,100.0,966200.0
1551,2021-10-18 03:15:22,25700.0,500.0,966100.0
1552,2021-10-18 03:15:22,25700.0,200.0,965600.0
1553,2021-10-18 03:15:22,25700.0,100.0,965400.0
1554,2021-10-18 03:15:22,25700.0,200.0,965300.0
1555,2021-10-18 03:15:22,25700.0,100.0,965100.0
1556,2021-10-18 03:15:22,25700.0,100.0,965000.0
1557,2021-10-18 03:15:22,25700.0,100.0,964900.0
1558,2021-10-18 03:15:22,25700.0,5000.0,964800.0
1559,2021-10-18 03:15:22,25700.0,2000.0,959800.0
1560,2021-10-18 03:15:22,25700.0,100.0,957800.0
1561,2021-10-18 03:15:22,25700.0,100.0,957700.0
1562,2021-10-18 03:15:22,25700.0,600.0,957600.0
1563,2021-10-18 03:15:22,25700.0,100.0,957000.0
1564,2021-10-18 03:15:22,25700.0,500.0,956900.0
1565,2021-10-18 03:15:22,25700.0,500.0,956400.0
1566,2021-10-18 03:15:22,25700.0,300.0,955900.0
1567,2021-10-18 03:15:22,25700.0,200.0,955600.0
1568,2021-10-18 03:15:22,25700.0,1900.0,955400.0
1569,2021-10-18 03:15:22,25650.0,300.0,953500.0
1570,2021-10-18 03:15:22,25650.0,7500.0,953200.0
1571,2021-10-18 03:15:22,25650.0,500.0,945700.0
1572,2021-10-18 03:15:22,25650.0,1000.0,945200.0
1573,2021-10-18 03:15:22,25650.0,200.0,944200.0
1574,2021-10-18 03:15:22,25650.0,300.0,944000.0
1575,2021-10-18 03:15:22,25650.0,300.0,943700.0
1576,2021-10-18 03:15:22,25650.0,100.0,943400.0
1577,2021-10-18 03:15:22,25650.0,1000.0,943300.0
1578,2021-10-18 03:15:22,25650.0,100.0,942300.0
1579,2021-10-18 03:15:22,25650.0,100.0,942200.0
1580,2021-10-18 03:15:22,25650.0,10000.0,942100.0
1581,2021-10-18 03:15:22,25650.0,1000.0,932100.0
1582,2021-10-18 03:15:22,25650.0,100.0,931100.0
1583,2021-10-18 03:15:22,25650.0,2500.0,931000.0
1584,2021-10-18 03:15:22,25650.0,700.0,928500.0
1585,2021-10-18 03:14:55,25650.0,400.0,927800.0
1586,2021-10-18 03:13:50,25650.0,100.0,927400.0
1587,2021-10-18 03:13:39,25600.0,5600.0,927300.0
1588,2021-10-18 03:13:39,25600.0,10000.0,921700.0
1589,2021-10-18 03:13:39,25600.0,34500.0,911700.0
1590,2021-10-18 03:13:21,25600.0,100.0,877200.0
1591,2021-10-18 03:13:17,25600.0,200.0,877100.0
1592,2021-10-18 03:13:17,25600.0,300.0,876900.0
1593,2021-10-18 03:13:09,25600.0,100.0,876600.0
1594,2021-10-18 03:12:49,25600.0,100.0,876500.0
1595,2021-10-18 03:12:48,25600.0,300.0,876400.0
1596,2021-10-18 03:12:48,25600.0,49200.0,876100.0
1597,2021-10-18 03:12:39,25650.0,500.0,826900.0
1598,2021-10-18 03:12:27,25600.0,800.0,826400.0
1599,2021-10-18 03:12:20,25600.0,100.0,825600.0
1600,2021-10-18 03:12:09,25650.0,200.0,825500.0
1601,2021-10-18 03:12:09,25600.0,300.0,825300.0
1602,2021-10-18 03:11:34,25550.0,500.0,825000.0
1603,2021-10-18 03:11:34,25550.0,300.0,824500.0
1604,2021-10-18 03:11:34,25550.0,200.0,824200.0
1605,2021-10-18 03:11:34,25550.0,500.0,824000.0
1606,2021-10-18 03:11:34,25550.0,500.0,823500.0
1607,2021-10-18 03:11:34,25550.0,100.0,823000.0
1608,2021-10-18 03:11:34,25550.0,100.0,822900.0
1609,2021-10-18 03:11:34,25550.0,100.0,822800.0
1610,2021-10-18 03:11:34,25550.0,500.0,822700.0
1611,2021-10-18 03:11:34,25550.0,300.0,822200.0
1612,2021-10-18 03:11:34,25550.0,200.0,821900.0
1613,2021-10-18 03:11:34,25550.0,1700.0,821700.0
1614,2021-10-18 03:11:31,25600.0,200.0,820000.0
1615,2021-10-18 03:10:29,25550.0,3300.0,819800.0
1616,2021-10-18 03:10:29,25550.0,400.0,816500.0
1617,2021-10-18 03:10:29,25550.0,2000.0,816100.0
1618,2021-10-18 03:10:29,25550.0,500.0,814100.0
1619,2021-10-18 03:10:29,25550.0,1000.0,813600.0
1620,2021-10-18 03:10:29,25550.0,500.0,812600.0
1621,2021-10-18 03:10:29,25550.0,500.0,812100.0
1622,2021-10-18 03:10:29,25550.0,500.0,811600.0
1623,2021-10-18 03:10:29,25550.0,100.0,811100.0
1624,2021-10-18 03:10:29,25550.0,100.0,811000.0
1625,2021-10-18 03:10:29,25550.0,5000.0,810900.0
1626,2021-10-18 03:10:29,25550.0,500.0,805900.0
1627,2021-10-18 03:10:29,25550.0,300.0,805400.0
1628,2021-10-18 03:10:29,25550.0,100.0,805100.0
1629,2021-10-18 03:10:29,25550.0,2000.0,805000.0
1630,2021-10-18 03:10:29,25550.0,7700.0,803000.0
1631,2021-10-18 03:10:29,25600.0,10500.0,795300.0
1632,2021-10-18 03:10:18,25600.0,100.0,784800.0
1633,2021-10-18 03:10:18,25600.0,300.0,784700.0
1634,2021-10-18 03:10:18,25600.0,3000.0,784400.0
1635,2021-10-18 03:10:18,25600.0,2100.0,781400.0
1636,2021-10-18 03:10:18,25600.0,700.0,779300.0
1637,2021-10-18 03:10:18,25600.0,1000.0,778600.0
1638,2021-10-18 03:10:18,25600.0,500.0,777600.0
1639,2021-10-18 03:10:18,25600.0,700.0,777100.0
1640,2021-10-18 03:10:18,25600.0,2000.0,776400.0
1641,2021-10-18 03:10:18,25600.0,800.0,774400.0
1642,2021-10-18 03:10:18,25600.0,10000.0,773600.0
1643,2021-10-18 03:10:18,25600.0,100.0,763600.0
1644,2021-10-18 03:10:18,25600.0,600.0,763500.0
1645,2021-10-18 03:10:18,25600.0,200.0,762900.0
1646,2021-10-18 03:10:18,25600.0,2400.0,762700.0
1647,2021-10-18 03:10:14,25600.0,100.0,760300.0
1648,2021-10-18 03:10:06,25550.0,2300.0,760200.0
1649,2021-10-18 03:10:06,25550.0,100.0,757900.0
1650,2021-10-18 03:10:06,25550.0,1300.0,757800.0
1651,2021-10-18 03:09:42,25550.0,700.0,756500.0
1652,2021-10-18 03:09:42,25600.0,600.0,755800.0
1653,2021-10-18 03:09:39,25550.0,1400.0,755200.0
1654,2021-10-18 03:08:09,25600.0,100.0,753800.0
1655,2021-10-18 03:07:48,25550.0,300.0,753700.0
1656,2021-10-18 03:07:24,25550.0,1500.0,753400.0
1657,2021-10-18 03:07:24,25550.0,3500.0,751900.0
1658,2021-10-18 03:06:48,25550.0,500.0,748400.0
1659,2021-10-18 03:06:40,25550.0,200.0,747900.0
1660,2021-10-18 03:06:36,25550.0,100.0,747700.0
1661,2021-10-18 03:06:27,25550.0,200.0,747600.0
1662,2021-10-18 03:06:22,25550.0,500.0,747400.0
1663,2021-10-18 03:06:22,25550.0,300.0,746900.0
1664,2021-10-18 03:06:22,25550.0,100.0,746600.0
1665,2021-10-18 03:06:22,25550.0,2200.0,746500.0
1666,2021-10-18 03:05:37,25550.0,400.0,744300.0
1667,2021-10-18 03:05:14,25550.0,400.0,743900.0
1668,2021-10-18 03:04:45,25550.0,100.0,743500.0
1669,2021-10-18 03:04:33,25600.0,2500.0,743400.0
1670,2021-10-18 03:04:11,25600.0,1600.0,740900.0
1671,2021-10-18 03:04:11,25600.0,400.0,739300.0
1672,2021-10-18 03:03:28,25600.0,200.0,738900.0
1673,2021-10-18 03:03:24,25600.0,100.0,738700.0
1674,2021-10-18 03:02:25,25600.0,1200.0,738600.0
1675,2021-10-18 03:02:15,25600.0,1700.0,737400.0
1676,2021-10-18 03:02:15,25600.0,1300.0,735700.0
1677,2021-10-18 03:02:05,25550.0,3000.0,734400.0
1678,2021-10-18 03:01:52,25600.0,2500.0,731400.0
1679,2021-10-18 03:00:43,25550.0,13000.0,728900.0
1680,2021-10-18 03:00:04,25600.0,600.0,715900.0
1681,2021-10-18 03:00:04,25600.0,300.0,715300.0
1682,2021-10-18 03:00:04,25600.0,100.0,715000.0
1683,2021-10-18 02:59:45,25550.0,500.0,714900.0
1684,2021-10-18 02:59:15,25550.0,200.0,714400.0
1685,2021-10-18 02:59:13,25550.0,200.0,714200.0
1686,2021-10-18 02:59:10,25550.0,200.0,714000.0
1687,2021-10-18 02:59:08,25550.0,200.0,713800.0
1688,2021-10-18 02:59:05,25550.0,200.0,713600.0
1689,2021-10-18 02:59:02,25550.0,200.0,713400.0
1690,2021-10-18 02:59:00,25550.0,200.0,713200.0
1691,2021-10-18 02:58:58,25550.0,200.0,713000.0
1692,2021-10-18 02:58:54,25550.0,200.0,712800.0
1693,2021-10-18 02:58:51,25550.0,200.0,712600.0
1694,2021-10-18 02:58:49,25550.0,200.0,712400.0
1695,2021-10-18 02:58:46,25550.0,200.0,712200.0
1696,2021-10-18 02:58:43,25550.0,200.0,712000.0
1697,2021-10-18 02:58:39,25550.0,200.0,711800.0
1698,2021-10-18 02:58:38,25550.0,1200.0,711600.0
1699,2021-10-18 02:58:36,25550.0,200.0,710400.0
1700,2021-10-18 02:58:32,25550.0,200.0,710200.0
1701,2021-10-18 02:58:31,25550.0,600.0,710000.0
1702,2021-10-18 02:58:29,25550.0,200.0,709400.0
1703,2021-10-18 02:58:26,25550.0,200.0,709200.0
1704,2021-10-18 02:58:24,25550.0,200.0,709000.0
1705,2021-10-18 02:58:20,25550.0,200.0,708800.0
1706,2021-10-18 02:58:16,25550.0,200.0,708600.0
1707,2021-10-18 02:58:13,25550.0,200.0,708400.0
1708,2021-10-18 02:58:07,25550.0,200.0,708200.0
1709,2021-10-18 02:58:05,25550.0,200.0,708000.0
1710,2021-10-18 02:58:00,25550.0,200.0,707800.0
1711,2021-10-18 02:57:52,25550.0,200.0,707600.0
1712,2021-10-18 02:57:09,25600.0,100.0,707400.0
1713,2021-10-18 02:57:05,25600.0,100.0,707300.0
1714,2021-10-18 02:57:04,25600.0,500.0,707200.0
1715,2021-10-18 02:57:01,25600.0,200.0,706700.0
1716,2021-10-18 02:56:52,25600.0,2000.0,706500.0
1717,2021-10-18 02:56:46,25600.0,500.0,704500.0
1718,2021-10-18 02:56:36,25600.0,2500.0,704000.0
1719,2021-10-18 02:56:08,25600.0,100.0,701500.0
1720,2021-10-18 02:56:03,25600.0,200.0,701400.0
1721,2021-10-18 02:55:59,25550.0,100.0,701200.0
1722,2021-10-18 02:55:54,25600.0,300.0,701100.0
1723,2021-10-18 02:55:08,25550.0,2000.0,700800.0
1724,2021-10-18 02:54:30,25550.0,600.0,698800.0
1725,2021-10-18 02:54:13,25550.0,900.0,698200.0
1726,2021-10-18 02:53:43,25550.0,100.0,697300.0
1727,2021-10-18 02:53:43,25550.0,1400.0,697200.0
1728,2021-10-18 02:53:21,25550.0,400.0,695800.0
1729,2021-10-18 02:53:21,25550.0,1600.0,695400.0
1730,2021-10-18 02:53:20,25600.0,3000.0,693800.0
1731,2021-10-18 02:53:08,25600.0,500.0,690800.0
1732,2021-10-18 02:53:05,25550.0,400.0,690300.0
1733,2021-10-18 02:53:05,25550.0,1000.0,689900.0
1734,2021-10-18 02:53:05,25550.0,200.0,688900.0
1735,2021-10-18 02:53:05,25550.0,100.0,688700.0
1736,2021-10-18 02:53:05,25550.0,200.0,688600.0
1737,2021-10-18 02:53:05,25550.0,100.0,688400.0
1738,2021-10-18 02:53:05,25550.0,200.0,688300.0
1739,2021-10-18 02:53:05,25550.0,200.0,688100.0
1740,2021-10-18 02:53:05,25550.0,500.0,687900.0
1741,2021-10-18 02:53:05,25550.0,100.0,687400.0
1742,2021-10-18 02:53:00,25600.0,100.0,687300.0
1743,2021-10-18 02:53:00,25600.0,300.0,687200.0
1744,2021-10-18 02:52:50,25600.0,1700.0,686900.0
1745,2021-10-18 02:52:50,25600.0,800.0,685200.0
1746,2021-10-18 02:52:36,25600.0,100.0,684400.0
1747,2021-10-18 02:52:08,25600.0,300.0,684300.0
1748,2021-10-18 02:51:49,25600.0,500.0,684000.0
1749,2021-10-18 02:51:48,25600.0,900.0,683500.0
1750,2021-10-18 02:51:40,25600.0,4500.0,682600.0
1751,2021-10-18 02:51:34,25600.0,2000.0,678100.0
1752,2021-10-18 02:51:18,25600.0,5000.0,676100.0
1753,2021-10-18 02:51:18,25600.0,400.0,671100.0
1754,2021-10-18 02:51:18,25600.0,2000.0,670700.0
1755,2021-10-18 02:51:18,25600.0,2000.0,668700.0
1756,2021-10-18 02:51:18,25600.0,200.0,666700.0
1757,2021-10-18 02:51:18,25600.0,4000.0,666500.0
1758,2021-10-18 02:51:18,25600.0,2000.0,662500.0
1759,2021-10-18 02:51:18,25600.0,5300.0,660500.0
1760,2021-10-18 02:51:15,25650.0,100.0,655200.0
1761,2021-10-18 02:50:49,25600.0,4700.0,655100.0
1762,2021-10-18 02:50:49,25600.0,500.0,650400.0
1763,2021-10-18 02:50:22,25600.0,1000.0,649900.0
1764,2021-10-18 02:50:22,25600.0,100.0,648900.0
1765,2021-10-18 02:50:22,25600.0,100.0,648800.0
1766,2021-10-18 02:50:22,25600.0,500.0,648700.0
1767,2021-10-18 02:50:22,25600.0,200.0,648200.0
1768,2021-10-18 02:50:22,25600.0,200.0,648000.0
1769,2021-10-18 02:50:22,25600.0,400.0,647800.0
1770,2021-10-18 02:50:03,25600.0,100.0,647400.0
1771,2021-10-18 02:50:02,25650.0,600.0,647300.0
1772,2021-10-18 02:49:22,25600.0,500.0,646700.0
1773,2021-10-18 02:49:16,25600.0,3200.0,646200.0
1774,2021-10-18 02:48:24,25600.0,400.0,643000.0
1775,2021-10-18 02:48:24,25600.0,100.0,642600.0
1776,2021-10-18 02:48:24,25600.0,1500.0,642500.0
1777,2021-10-18 02:48:24,25600.0,100.0,641000.0
1778,2021-10-18 02:47:30,25600.0,200.0,640900.0
1779,2021-10-18 02:47:30,25600.0,500.0,640700.0
1780,2021-10-18 02:47:30,25600.0,300.0,640200.0
1781,2021-10-18 02:47:25,25600.0,200.0,639900.0
1782,2021-10-18 02:47:11,25600.0,1000.0,639700.0
1783,2021-10-18 02:47:11,25600.0,1000.0,638700.0
1784,2021-10-18 02:47:11,25600.0,10900.0,637700.0
1785,2021-10-18 02:47:03,25650.0,100.0,626800.0
1786,2021-10-18 02:45:47,25600.0,200.0,626700.0
1787,2021-10-18 02:44:59,25600.0,38900.0,626500.0
1788,2021-10-18 02:44:59,25600.0,100.0,587600.0
1789,2021-10-18 02:44:59,25600.0,100.0,587500.0
1790,2021-10-18 02:44:59,25600.0,1000.0,587400.0
1791,2021-10-18 02:44:59,25600.0,9900.0,586400.0
1792,2021-10-18 02:44:59,25600.0,100.0,576500.0
1793,2021-10-18 02:44:52,25650.0,100.0,576400.0
1794,2021-10-18 02:44:48,25600.0,100.0,576300.0
1795,2021-10-18 02:44:48,25600.0,2200.0,576200.0
1796,2021-10-18 02:44:44,25600.0,700.0,574000.0
1797,2021-10-18 02:43:42,25600.0,100.0,573300.0
1798,2021-10-18 02:43:42,25600.0,500.0,573200.0
1799,2021-10-18 02:43:42,25600.0,2000.0,572700.0
1800,2021-10-18 02:43:38,25600.0,200.0,570700.0
1801,2021-10-18 02:43:34,25600.0,300.0,570500.0
1802,2021-10-18 02:43:25,25600.0,1000.0,570200.0
1803,2021-10-18 02:43:25,25600.0,6500.0,569200.0
1804,2021-10-18 02:43:21,25600.0,3000.0,562700.0
1805,2021-10-18 02:43:08,25600.0,2000.0,559700.0
1806,2021-10-18 02:42:20,25600.0,2000.0,557700.0
1807,2021-10-18 02:42:16,25600.0,2000.0,555700.0
1808,2021-10-18 02:42:10,25600.0,2000.0,553700.0
1809,2021-10-18 02:41:41,25600.0,100.0,551700.0
1810,2021-10-18 02:41:41,25600.0,200.0,551600.0
1811,2021-10-18 02:41:41,25600.0,10000.0,551400.0
1812,2021-10-18 02:41:41,25600.0,400.0,541400.0
1813,2021-10-18 02:41:41,25600.0,1000.0,541000.0
1814,2021-10-18 02:41:41,25600.0,200.0,540000.0
1815,2021-10-18 02:41:41,25600.0,1000.0,539800.0
1816,2021-10-18 02:41:41,25600.0,100.0,538800.0
1817,2021-10-18 02:41:41,25600.0,100.0,538700.0
1818,2021-10-18 02:41:41,25600.0,500.0,538600.0
1819,2021-10-18 02:41:41,25600.0,200.0,538100.0
1820,2021-10-18 02:41:41,25600.0,100.0,537900.0
1821,2021-10-18 02:41:41,25600.0,100.0,537800.0
1822,2021-10-18 02:41:41,25600.0,3500.0,537700.0
1823,2021-10-18 02:41:41,25600.0,300.0,534200.0
1824,2021-10-18 02:41:41,25600.0,500.0,533900.0
1825,2021-10-18 02:41:41,25600.0,200.0,533400.0
1826,2021-10-18 02:41:41,25600.0,20000.0,533200.0
1827,2021-10-18 02:41:41,25600.0,100.0,513200.0
1828,2021-10-18 02:41:41,25600.0,5000.0,513100.0
1829,2021-10-18 02:41:41,25600.0,400.0,508100.0
1830,2021-10-18 02:41:41,25600.0,5000.0,507700.0
1831,2021-10-18 02:41:41,25600.0,100.0,502700.0
1832,2021-10-18 02:41:41,25600.0,5000.0,502600.0
1833,2021-10-18 02:41:41,25600.0,100.0,497600.0
1834,2021-10-18 02:41:41,25600.0,5800.0,497500.0
1835,2021-10-18 02:41:41,25600.0,100.0,491700.0
1836,2021-10-18 02:41:41,25600.0,3000.0,491600.0
1837,2021-10-18 02:41:41,25600.0,10000.0,488600.0
1838,2021-10-18 02:41:41,25600.0,1300.0,478600.0
1839,2021-10-18 02:41:41,25600.0,8100.0,477300.0
1840,2021-10-18 02:40:57,25600.0,200.0,469200.0
1841,2021-10-18 02:40:28,25650.0,600.0,469000.0
1842,2021-10-18 02:39:59,25600.0,1700.0,468400.0
1843,2021-10-18 02:39:59,25600.0,1000.0,466700.0
1844,2021-10-18 02:39:59,25600.0,200.0,465700.0
1845,2021-10-18 02:39:59,25600.0,100.0,465500.0
1846,2021-10-18 02:39:59,25600.0,1500.0,465400.0
1847,2021-10-18 02:39:22,25650.0,400.0,463900.0
1848,2021-10-18 02:39:15,25600.0,100.0,463500.0
1849,2021-10-18 02:38:54,25650.0,100.0,463400.0
1850,2021-10-18 02:38:54,25650.0,100.0,463300.0
1851,2021-10-18 02:38:52,25650.0,5000.0,463200.0
1852,2021-10-18 02:38:51,25650.0,5000.0,458200.0
1853,2021-10-18 02:38:51,25650.0,2000.0,453200.0
1854,2021-10-18 02:38:51,25650.0,5000.0,451200.0
1855,2021-10-18 02:38:51,25650.0,300.0,446200.0
1856,2021-10-18 02:38:51,25650.0,6000.0,445900.0
1857,2021-10-18 02:38:47,25700.0,100.0,439900.0
1858,2021-10-18 02:38:47,25700.0,200.0,439800.0
1859,2021-10-18 02:38:47,25700.0,100.0,439600.0
1860,2021-10-18 02:38:47,25700.0,500.0,439500.0
1861,2021-10-18 02:38:47,25700.0,1000.0,439000.0
1862,2021-10-18 02:38:47,25700.0,300.0,438000.0
1863,2021-10-18 02:38:47,25700.0,2100.0,437700.0
1864,2021-10-18 02:38:47,25700.0,100.0,435600.0
1865,2021-10-18 02:38:47,25700.0,200.0,435500.0
1866,2021-10-18 02:38:47,25700.0,100.0,435300.0
1867,2021-10-18 02:38:47,25700.0,300.0,435200.0
1868,2021-10-18 02:38:41,25650.0,2000.0,434900.0
1869,2021-10-18 02:38:39,25650.0,100.0,432900.0
1870,2021-10-18 02:38:36,25700.0,100.0,432800.0
1871,2021-10-18 02:38:36,25650.0,50000.0,432700.0
1872,2021-10-18 02:38:24,25650.0,200.0,382700.0
1873,2021-10-18 02:38:24,25650.0,20000.0,382500.0
1874,2021-10-18 02:38:24,25650.0,11700.0,362500.0
1875,2021-10-18 02:38:14,25650.0,2000.0,350800.0
1876,2021-10-18 02:38:07,25650.0,500.0,348800.0
1877,2021-10-18 02:37:45,25650.0,35000.0,348300.0
1878,2021-10-18 02:37:39,25650.0,1000.0,313300.0
1879,2021-10-18 02:37:25,25650.0,500.0,312300.0
1880,2021-10-18 02:37:12,25650.0,300.0,311800.0
1881,2021-10-18 02:37:12,25650.0,1000.0,311500.0
1882,2021-10-18 02:37:12,25650.0,20000.0,310500.0
1883,2021-10-18 02:37:12,25650.0,300.0,290500.0
1884,2021-10-18 02:37:12,25650.0,8400.0,290200.0
1885,2021-10-18 02:36:53,25650.0,500.0,281800.0
1886,2021-10-18 02:36:46,25650.0,100.0,281300.0
1887,2021-10-18 02:36:43,25650.0,1000.0,281200.0
1888,2021-10-18 02:36:23,25650.0,100.0,280200.0
1889,2021-10-18 02:36:23,25650.0,500.0,280100.0
1890,2021-10-18 02:36:23,25650.0,100.0,279600.0
1891,2021-10-18 02:36:23,25650.0,2000.0,279500.0
1892,2021-10-18 02:36:23,25650.0,2100.0,277500.0
1893,2021-10-18 02:36:23,25650.0,2300.0,275400.0
1894,2021-10-18 02:36:23,25650.0,700.0,273100.0
1895,2021-10-18 02:36:23,25650.0,1500.0,272400.0
1896,2021-10-18 02:36:13,25600.0,200.0,270900.0
1897,2021-10-18 02:36:11,25650.0,1200.0,270700.0
1898,2021-10-18 02:35:34,25600.0,1000.0,269500.0
1899,2021-10-18 02:35:26,25650.0,5000.0,268500.0
1900,2021-10-18 02:35:07,25600.0,100.0,263500.0
1901,2021-10-18 02:34:55,25600.0,300.0,263400.0
1902,2021-10-18 02:34:51,25600.0,200.0,263100.0
1903,2021-10-18 02:34:51,25600.0,300.0,262900.0
1904,2021-10-18 02:34:46,25600.0,200.0,262600.0
1905,2021-10-18 02:34:43,25600.0,200.0,262400.0
1906,2021-10-18 02:34:42,25650.0,100.0,262200.0
1907,2021-10-18 02:34:41,25600.0,200.0,262100.0
1908,2021-10-18 02:34:37,25600.0,200.0,261900.0
1909,2021-10-18 02:34:35,25600.0,300.0,261700.0
1910,2021-10-18 02:34:35,25600.0,200.0,261400.0
1911,2021-10-18 02:34:31,25600.0,200.0,261200.0
1912,2021-10-18 02:34:29,25600.0,200.0,261000.0
1913,2021-10-18 02:34:25,25600.0,200.0,260800.0
1914,2021-10-18 02:34:22,25600.0,200.0,260600.0
1915,2021-10-18 02:34:21,25600.0,1000.0,260400.0
1916,2021-10-18 02:34:19,25600.0,200.0,259400.0
1917,2021-10-18 02:34:18,25600.0,200.0,259200.0
1918,2021-10-18 02:34:16,25600.0,200.0,259000.0
1919,2021-10-18 02:34:13,25600.0,200.0,258800.0
1920,2021-10-18 02:34:11,25600.0,200.0,258600.0
1921,2021-10-18 02:34:06,25600.0,200.0,258400.0
1922,2021-10-18 02:34:04,25600.0,200.0,258200.0
1923,2021-10-18 02:34:01,25600.0,200.0,258000.0
1924,2021-10-18 02:33:58,25600.0,200.0,257800.0
1925,2021-10-18 02:33:55,25600.0,200.0,257600.0
1926,2021-10-18 02:33:52,25600.0,200.0,257400.0
1927,2021-10-18 02:33:48,25600.0,200.0,257200.0
1928,2021-10-18 02:33:45,25600.0,200.0,257000.0
1929,2021-10-18 02:33:41,25600.0,200.0,256800.0
1930,2021-10-18 02:33:38,25600.0,200.0,256600.0
1931,2021-10-18 02:33:25,25650.0,200.0,256400.0
1932,2021-10-18 02:33:25,25650.0,100.0,256200.0
1933,2021-10-18 02:33:25,25650.0,600.0,256100.0
1934,2021-10-18 02:33:14,25600.0,200.0,255500.0
1935,2021-10-18 02:33:14,25600.0,1000.0,255300.0
1936,2021-10-18 02:32:57,25600.0,1000.0,254300.0
1937,2021-10-18 02:32:57,25600.0,500.0,253300.0
1938,2021-10-18 02:32:57,25600.0,100.0,252800.0
1939,2021-10-18 02:32:56,25600.0,200.0,252700.0
1940,2021-10-18 02:32:53,25600.0,300.0,252500.0
1941,2021-10-18 02:32:50,25650.0,100.0,252200.0
1942,2021-10-18 02:32:49,25600.0,300.0,252100.0
1943,2021-10-18 02:32:48,25600.0,300.0,251800.0
1944,2021-10-18 02:32:43,25600.0,300.0,251500.0
1945,2021-10-18 02:32:40,25600.0,200.0,251200.0
1946,2021-10-18 02:32:37,25600.0,200.0,251000.0
1947,2021-10-18 02:32:34,25600.0,200.0,250800.0
1948,2021-10-18 02:32:31,25600.0,200.0,250600.0
1949,2021-10-18 02:32:30,25600.0,200.0,250400.0
1950,2021-10-18 02:32:25,25600.0,200.0,250200.0
1951,2021-10-18 02:32:23,25600.0,200.0,250000.0
1952,2021-10-18 02:32:20,25600.0,200.0,249800.0
1953,2021-10-18 02:32:19,25600.0,400.0,249600.0
1954,2021-10-18 02:32:17,25600.0,200.0,249200.0
1955,2021-10-18 02:32:15,25600.0,200.0,249000.0
1956,2021-10-18 02:32:14,25600.0,1000.0,248800.0
1957,2021-10-18 02:32:11,25600.0,100.0,247800.0
1958,2021-10-18 02:32:11,25600.0,100.0,247700.0
1959,2021-10-18 02:32:09,25600.0,200.0,247600.0
1960,2021-10-18 02:32:06,25600.0,200.0,247400.0
1961,2021-10-18 02:32:03,25600.0,200.0,247200.0
1962,2021-10-18 02:32:00,25600.0,400.0,247000.0
1963,2021-10-18 02:31:53,25600.0,200.0,246600.0
1964,2021-10-18 02:31:50,25600.0,200.0,246400.0
1965,2021-10-18 02:31:46,25600.0,200.0,246200.0
1966,2021-10-18 02:31:30,25600.0,300.0,246000.0
1967,2021-10-18 02:31:30,25600.0,300.0,245700.0
1968,2021-10-18 02:31:08,25600.0,200.0,245400.0
1969,2021-10-18 02:31:07,25600.0,200.0,245200.0
1970,2021-10-18 02:31:07,25600.0,1000.0,245000.0
1971,2021-10-18 02:31:07,25600.0,1800.0,244000.0
1972,2021-10-18 02:31:03,25600.0,200.0,242200.0
1973,2021-10-18 02:31:01,25600.0,200.0,242000.0
1974,2021-10-18 02:30:58,25600.0,100.0,241800.0
1975,2021-10-18 02:30:58,25600.0,100.0,241700.0
1976,2021-10-18 02:30:55,25600.0,100.0,241600.0
1977,2021-10-18 02:30:55,25600.0,100.0,241500.0
1978,2021-10-18 02:30:52,25600.0,200.0,241400.0
1979,2021-10-18 02:30:50,25600.0,200.0,241200.0
1980,2021-10-18 02:30:48,25600.0,200.0,241000.0
1981,2021-10-18 02:30:43,25600.0,200.0,240800.0
1982,2021-10-18 02:30:40,25600.0,100.0,240600.0
1983,2021-10-18 02:30:40,25600.0,100.0,240500.0
1984,2021-10-18 02:30:38,25600.0,200.0,240400.0
1985,2021-10-18 02:30:33,25600.0,200.0,240200.0
1986,2021-10-18 02:30:30,25600.0,100.0,240000.0
1987,2021-10-18 02:30:30,25600.0,100.0,239900.0
1988,2021-10-18 02:30:27,25600.0,200.0,239800.0
1989,2021-10-18 02:30:24,25600.0,200.0,239600.0
1990,2021-10-18 02:30:22,25600.0,500.0,239400.0
1991,2021-10-18 02:30:22,25600.0,300.0,238900.0
1992,2021-10-18 02:30:22,25600.0,100.0,238600.0
1993,2021-10-18 02:30:22,25600.0,100.0,238500.0
1994,2021-10-18 02:30:21,25600.0,200.0,238400.0
1995,2021-10-18 02:30:18,25600.0,200.0,238200.0
1996,2021-10-18 02:30:16,25600.0,100.0,238000.0
1997,2021-10-18 02:30:14,25600.0,200.0,237900.0
1998,2021-10-18 02:30:09,25600.0,200.0,237700.0
1999,2021-10-18 02:30:07,25600.0,2000.0,237500.0
2000,2021-10-18 02:30:07,25600.0,5000.0,235500.0
2001,2021-10-18 02:30:06,25600.0,100.0,230500.0
2002,2021-10-18 02:30:06,25600.0,100.0,230400.0
2003,2021-10-18 02:30:03,25600.0,100.0,230300.0
2004,2021-10-18 02:30:03,25600.0,100.0,230200.0
2005,2021-10-18 02:30:00,25600.0,100.0,230100.0
2006,2021-10-18 02:30:00,25600.0,100.0,230000.0
2007,2021-10-18 02:29:59,25600.0,300.0,229900.0
2008,2021-10-18 02:29:59,25600.0,700.0,229600.0
2009,2021-10-18 02:29:56,25600.0,100.0,228900.0
2010,2021-10-18 02:29:56,25600.0,100.0,228800.0
2011,2021-10-18 02:29:54,25600.0,400.0,228700.0
2012,2021-10-18 02:29:54,25600.0,100.0,228300.0
2013,2021-10-18 02:29:51,25600.0,200.0,228200.0
2014,2021-10-18 02:29:47,25600.0,200.0,228000.0
2015,2021-10-18 02:29:45,25600.0,200.0,227800.0
2016,2021-10-18 02:29:45,25600.0,1300.0,227600.0
2017,2021-10-18 02:29:45,25600.0,100.0,226300.0
2018,2021-10-18 02:29:45,25600.0,100.0,226200.0
2019,2021-10-18 02:29:40,25600.0,200.0,226100.0
2020,2021-10-18 02:28:43,25600.0,100.0,225900.0
2021,2021-10-18 02:28:36,25600.0,600.0,225800.0
2022,2021-10-18 02:28:36,25600.0,200.0,225200.0
2023,2021-10-18 02:28:36,25600.0,100.0,225000.0
2024,2021-10-18 02:28:12,25600.0,900.0,224900.0
2025,2021-10-18 02:28:12,25600.0,300.0,224000.0
2026,2021-10-18 02:28:04,25650.0,100.0,223700.0
2027,2021-10-18 02:27:53,25600.0,500.0,223600.0
2028,2021-10-18 02:27:53,25600.0,900.0,223100.0
2029,2021-10-18 02:27:52,25600.0,100.0,222200.0
2030,2021-10-18 02:27:52,25600.0,100.0,222100.0
2031,2021-10-18 02:27:52,25600.0,500.0,222000.0
2032,2021-10-18 02:27:52,25600.0,100.0,221500.0
2033,2021-10-18 02:27:52,25600.0,1000.0,221400.0
2034,2021-10-18 02:27:52,25600.0,100.0,220400.0
2035,2021-10-18 02:27:52,25600.0,5000.0,220300.0
2036,2021-10-18 02:27:52,25600.0,2000.0,215300.0
2037,2021-10-18 02:27:52,25600.0,5000.0,213300.0
2038,2021-10-18 02:27:52,25600.0,600.0,208300.0
2039,2021-10-18 02:27:49,25600.0,100.0,207700.0
2040,2021-10-18 02:27:48,25600.0,500.0,207600.0
2041,2021-10-18 02:27:32,25600.0,1000.0,207100.0
2042,2021-10-18 02:27:24,25650.0,200.0,206100.0
2043,2021-10-18 02:27:22,25650.0,200.0,205900.0
2044,2021-10-18 02:27:15,25600.0,900.0,205700.0
2045,2021-10-18 02:26:57,25600.0,200.0,204800.0
2046,2021-10-18 02:26:53,25600.0,200.0,204600.0
2047,2021-10-18 02:26:52,25600.0,500.0,204400.0
2048,2021-10-18 02:26:48,25600.0,200.0,203900.0
2049,2021-10-18 02:26:46,25600.0,200.0,203700.0
2050,2021-10-18 02:26:42,25600.0,200.0,203500.0
2051,2021-10-18 02:26:40,25600.0,200.0,203300.0
2052,2021-10-18 02:26:38,25600.0,200.0,203100.0
2053,2021-10-18 02:26:34,25600.0,100.0,202900.0
2054,2021-10-18 02:26:34,25600.0,100.0,202800.0
2055,2021-10-18 02:26:33,25600.0,200.0,202700.0
2056,2021-10-18 02:26:30,25600.0,200.0,202500.0
