,Time,Price,Volume_per_trade,Volume
0,2021-09-30 14:45:00,47000.0,200.0,397800.0
1,2021-09-30 14:45:00,47000.0,1000.0,397600.0
2,2021-09-30 14:45:00,47000.0,500.0,396600.0
3,2021-09-30 14:45:00,47000.0,300.0,396100.0
4,2021-09-30 14:45:00,47000.0,100.0,395800.0
5,2021-09-30 14:45:00,47000.0,200.0,395700.0
6,2021-09-30 14:45:00,47000.0,500.0,395500.0
7,2021-09-30 14:45:00,47000.0,1000.0,395000.0
8,2021-09-30 14:45:00,47000.0,300.0,394000.0
9,2021-09-30 14:45:00,47000.0,100.0,393700.0
10,2021-09-30 14:45:00,47000.0,2000.0,393600.0
11,2021-09-30 14:45:00,47000.0,300.0,391600.0
12,2021-09-30 14:45:00,47000.0,100.0,391300.0
13,2021-09-30 14:45:00,47000.0,500.0,391200.0
14,2021-09-30 14:45:00,47000.0,100.0,390700.0
15,2021-09-30 14:45:00,47000.0,1000.0,390600.0
16,2021-09-30 14:45:00,47000.0,300.0,389600.0
17,2021-09-30 14:45:00,47000.0,1000.0,389300.0
18,2021-09-30 14:45:00,47000.0,500.0,388300.0
19,2021-09-30 14:45:00,47000.0,100.0,387800.0
20,2021-09-30 14:45:00,47000.0,400.0,387700.0
21,2021-09-30 14:45:00,47000.0,200.0,387300.0
22,2021-09-30 14:45:00,47000.0,100.0,387100.0
23,2021-09-30 14:45:00,47000.0,100.0,387000.0
24,2021-09-30 14:45:00,47000.0,100.0,386900.0
25,2021-09-30 14:45:00,47000.0,100.0,386800.0
26,2021-09-30 14:45:00,47000.0,100.0,386700.0
27,2021-09-30 14:45:00,47000.0,100.0,386600.0
28,2021-09-30 14:45:00,47000.0,100.0,386500.0
29,2021-09-30 14:45:00,47000.0,100.0,386400.0
30,2021-09-30 14:45:00,47000.0,100.0,386300.0
31,2021-09-30 14:45:00,47000.0,100.0,386200.0
32,2021-09-30 14:45:00,47000.0,100.0,386100.0
33,2021-09-30 14:45:00,47000.0,100.0,386000.0
34,2021-09-30 14:45:00,47000.0,100.0,385900.0
35,2021-09-30 14:45:00,47000.0,200.0,385800.0
36,2021-09-30 14:45:00,47000.0,300.0,385600.0
37,2021-09-30 14:45:00,47000.0,100.0,385300.0
38,2021-09-30 14:45:00,47000.0,100.0,385200.0
39,2021-09-30 14:45:00,47000.0,100.0,385100.0
40,2021-09-30 14:45:00,47000.0,1000.0,385000.0
41,2021-09-30 14:45:00,47000.0,12900.0,384000.0
42,2021-09-30 14:45:00,47000.0,100.0,371100.0
43,2021-09-30 14:45:00,47000.0,500.0,371000.0
44,2021-09-30 14:45:00,47000.0,200.0,370500.0
45,2021-09-30 14:45:00,47000.0,100.0,370300.0
46,2021-09-30 14:45:00,47000.0,400.0,370200.0
47,2021-09-30 14:45:00,47000.0,2000.0,369800.0
48,2021-09-30 14:45:00,47000.0,500.0,367800.0
49,2021-09-30 14:45:00,47000.0,1400.0,367300.0
50,2021-09-30 14:45:00,47000.0,300.0,365900.0
51,2021-09-30 14:45:00,47000.0,600.0,365600.0
52,2021-09-30 14:45:00,47000.0,100.0,365000.0
53,2021-09-30 14:45:00,47000.0,4900.0,364900.0
54,2021-09-30 14:45:00,47000.0,100.0,360000.0
55,2021-09-30 14:45:00,47000.0,3100.0,359900.0
56,2021-09-30 14:45:00,47000.0,500.0,356800.0
57,2021-09-30 14:45:00,47000.0,200.0,356300.0
58,2021-09-30 14:45:00,47000.0,500.0,356100.0
59,2021-09-30 14:45:00,47000.0,200.0,355600.0
60,2021-09-30 14:45:00,47000.0,300.0,355400.0
61,2021-09-30 14:45:00,47000.0,100.0,355100.0
62,2021-09-30 14:45:00,47000.0,100.0,355000.0
63,2021-09-30 14:29:44,47150.0,100.0,354900.0
64,2021-09-30 14:29:31,47150.0,5000.0,354800.0
65,2021-09-30 14:29:13,47000.0,500.0,349800.0
66,2021-09-30 14:29:12,47000.0,300.0,349300.0
67,2021-09-30 14:28:51,47000.0,900.0,349000.0
68,2021-09-30 14:28:51,47000.0,500.0,348100.0
69,2021-09-30 14:28:51,47000.0,300.0,347600.0
70,2021-09-30 14:28:51,47000.0,1000.0,347300.0
71,2021-09-30 14:28:51,47000.0,500.0,346300.0
72,2021-09-30 14:28:51,47000.0,6100.0,345800.0
73,2021-09-30 14:28:51,47000.0,100.0,339700.0
74,2021-09-30 14:28:51,47050.0,100.0,339600.0
75,2021-09-30 14:28:51,47050.0,1000.0,339500.0
76,2021-09-30 14:28:51,47050.0,100.0,338500.0
77,2021-09-30 14:28:51,47050.0,1000.0,338400.0
78,2021-09-30 14:28:51,47050.0,2000.0,337400.0
79,2021-09-30 14:28:51,47050.0,2000.0,335400.0
80,2021-09-30 14:28:51,47050.0,1600.0,333400.0
81,2021-09-30 14:28:51,47100.0,500.0,331800.0
82,2021-09-30 14:28:51,47100.0,500.0,331300.0
83,2021-09-30 14:28:51,47100.0,1000.0,330800.0
84,2021-09-30 14:28:51,47100.0,200.0,329800.0
85,2021-09-30 14:28:51,47100.0,200.0,329600.0
86,2021-09-30 14:27:40,47100.0,800.0,329400.0
87,2021-09-30 14:27:40,47100.0,200.0,328600.0
88,2021-09-30 14:26:36,47150.0,100.0,328400.0
89,2021-09-30 14:26:12,47150.0,1500.0,328300.0
90,2021-09-30 14:26:05,47100.0,100.0,326800.0
91,2021-09-30 14:25:50,47100.0,100.0,326700.0
92,2021-09-30 14:25:28,47100.0,300.0,326600.0
93,2021-09-30 14:25:07,47100.0,100.0,326300.0
94,2021-09-30 14:25:07,47100.0,500.0,326200.0
95,2021-09-30 14:25:07,47100.0,1800.0,325700.0
96,2021-09-30 14:25:07,47100.0,100.0,323900.0
97,2021-09-30 14:25:07,47100.0,100.0,323800.0
98,2021-09-30 14:23:39,47200.0,300.0,323700.0
99,2021-09-30 14:23:39,47200.0,200.0,323400.0
100,2021-09-30 14:23:39,47200.0,400.0,323200.0
101,2021-09-30 14:23:38,47300.0,200.0,322800.0
102,2021-09-30 14:23:05,47300.0,100.0,322600.0
103,2021-09-30 14:22:44,47200.0,300.0,322500.0
104,2021-09-30 14:22:43,47200.0,800.0,322200.0
105,2021-09-30 14:22:32,47200.0,200.0,321400.0
106,2021-09-30 14:22:26,47200.0,500.0,321200.0
107,2021-09-30 14:22:17,47300.0,100.0,320700.0
108,2021-09-30 14:22:09,47200.0,800.0,320600.0
109,2021-09-30 14:22:04,47200.0,200.0,319800.0
110,2021-09-30 14:21:42,47200.0,300.0,319600.0
111,2021-09-30 14:21:42,47200.0,700.0,319300.0
112,2021-09-30 14:20:45,47200.0,300.0,318600.0
113,2021-09-30 14:20:39,47200.0,500.0,318300.0
114,2021-09-30 14:20:39,47200.0,200.0,317800.0
115,2021-09-30 14:16:19,47350.0,500.0,317600.0
116,2021-09-30 14:16:19,47350.0,200.0,317100.0
117,2021-09-30 14:15:37,47350.0,200.0,316900.0
118,2021-09-30 14:14:52,47350.0,500.0,316700.0
119,2021-09-30 14:14:33,47350.0,1000.0,316200.0
120,2021-09-30 14:13:55,47350.0,100.0,315200.0
121,2021-09-30 14:13:55,47350.0,900.0,315100.0
122,2021-09-30 14:13:46,47350.0,100.0,314200.0
123,2021-09-30 14:13:46,47300.0,100.0,314100.0
124,2021-09-30 14:13:46,47300.0,300.0,314000.0
125,2021-09-30 14:13:46,47250.0,200.0,313700.0
126,2021-09-30 14:13:46,47250.0,300.0,313500.0
127,2021-09-30 14:13:08,47200.0,100.0,313200.0
128,2021-09-30 14:13:08,47200.0,500.0,313100.0
129,2021-09-30 14:13:08,47200.0,500.0,312600.0
130,2021-09-30 14:13:08,47200.0,400.0,312100.0
131,2021-09-30 14:13:08,47200.0,2000.0,311700.0
132,2021-09-30 14:13:08,47200.0,100.0,309700.0
133,2021-09-30 14:13:08,47200.0,1500.0,309600.0
134,2021-09-30 14:13:08,47200.0,5000.0,308100.0
135,2021-09-30 14:13:08,47200.0,400.0,303100.0
136,2021-09-30 14:12:39,47150.0,200.0,302700.0
137,2021-09-30 14:12:39,47150.0,100.0,302500.0
138,2021-09-30 14:12:39,47150.0,5000.0,302400.0
139,2021-09-30 14:12:39,47150.0,600.0,297400.0
140,2021-09-30 14:12:39,47150.0,300.0,296800.0
141,2021-09-30 14:12:39,47150.0,200.0,296500.0
142,2021-09-30 14:12:39,47150.0,1000.0,296300.0
143,2021-09-30 14:12:39,47150.0,300.0,295300.0
144,2021-09-30 14:12:39,47150.0,300.0,295000.0
145,2021-09-30 14:12:39,47150.0,3700.0,294700.0
146,2021-09-30 14:12:18,47100.0,200.0,291000.0
147,2021-09-30 14:12:18,47100.0,10000.0,290800.0
148,2021-09-30 14:12:18,47100.0,5600.0,280800.0
149,2021-09-30 14:12:18,47100.0,100.0,275200.0
150,2021-09-30 14:12:06,47050.0,100.0,275100.0
151,2021-09-30 14:11:37,47100.0,500.0,275000.0
152,2021-09-30 14:09:50,47100.0,200.0,274500.0
153,2021-09-30 14:09:50,47100.0,3700.0,274300.0
154,2021-09-30 14:09:47,47100.0,100.0,270600.0
155,2021-09-30 14:09:23,47100.0,100.0,270500.0
156,2021-09-30 14:08:38,47100.0,900.0,270400.0
157,2021-09-30 14:08:38,47100.0,200.0,269500.0
158,2021-09-30 14:07:48,47100.0,100.0,269300.0
159,2021-09-30 14:07:14,47100.0,200.0,269200.0
160,2021-09-30 14:05:54,47100.0,500.0,269000.0
161,2021-09-30 14:05:15,47100.0,700.0,268500.0
162,2021-09-30 14:05:15,47100.0,1000.0,267800.0
163,2021-09-30 14:05:15,47100.0,1000.0,266800.0
164,2021-09-30 14:05:15,47100.0,500.0,265800.0
165,2021-09-30 14:05:15,47100.0,200.0,265300.0
166,2021-09-30 14:05:15,47100.0,400.0,265100.0
167,2021-09-30 14:04:05,47100.0,200.0,264700.0
168,2021-09-30 14:03:09,47100.0,800.0,264500.0
169,2021-09-30 14:03:07,47050.0,300.0,263700.0
170,2021-09-30 14:03:07,47050.0,100.0,263400.0
171,2021-09-30 14:03:07,47050.0,500.0,263300.0
172,2021-09-30 14:03:07,47050.0,300.0,262800.0
173,2021-09-30 14:02:51,47100.0,2000.0,262500.0
174,2021-09-30 14:02:09,47050.0,200.0,260500.0
175,2021-09-30 14:02:09,47050.0,100.0,260300.0
176,2021-09-30 14:01:50,47100.0,3500.0,260200.0
177,2021-09-30 14:01:49,47100.0,500.0,256700.0
178,2021-09-30 14:01:40,47050.0,900.0,256200.0
179,2021-09-30 14:01:40,47050.0,100.0,255300.0
180,2021-09-30 14:01:11,47100.0,200.0,255200.0
181,2021-09-30 13:59:37,47100.0,2400.0,255000.0
182,2021-09-30 13:59:37,47100.0,100.0,252600.0
183,2021-09-30 13:58:12,47050.0,100.0,252500.0
184,2021-09-30 13:57:33,47050.0,300.0,252400.0
185,2021-09-30 13:57:33,47050.0,100.0,252100.0
186,2021-09-30 13:57:33,47050.0,100.0,252000.0
187,2021-09-30 13:56:55,47050.0,1900.0,251900.0
188,2021-09-30 13:56:55,47050.0,5000.0,250000.0
189,2021-09-30 13:56:55,47050.0,1000.0,245000.0
190,2021-09-30 13:56:55,47050.0,200.0,244000.0
191,2021-09-30 13:56:55,47050.0,300.0,243800.0
192,2021-09-30 13:56:55,47050.0,1600.0,243500.0
193,2021-09-30 13:56:55,47050.0,1000.0,241900.0
194,2021-09-30 13:56:29,47050.0,1000.0,240900.0
195,2021-09-30 13:56:18,47050.0,800.0,239900.0
196,2021-09-30 13:55:43,47050.0,300.0,239100.0
197,2021-09-30 13:55:08,47050.0,200.0,238800.0
198,2021-09-30 13:54:52,47050.0,100.0,238600.0
199,2021-09-30 13:54:52,47050.0,100.0,238500.0
200,2021-09-30 13:54:52,47050.0,200.0,238400.0
201,2021-09-30 13:54:51,47100.0,100.0,238200.0
202,2021-09-30 13:54:51,47100.0,400.0,238100.0
203,2021-09-30 13:54:47,47100.0,100.0,237700.0
204,2021-09-30 13:54:47,47100.0,200.0,237600.0
205,2021-09-30 13:54:31,47100.0,100.0,237400.0
206,2021-09-30 13:54:27,47100.0,200.0,237300.0
207,2021-09-30 13:54:22,47100.0,300.0,237100.0
208,2021-09-30 13:54:18,47100.0,200.0,236800.0
209,2021-09-30 13:54:18,47100.0,100.0,236600.0
210,2021-09-30 13:54:18,47100.0,100.0,236500.0
211,2021-09-30 13:54:18,47100.0,100.0,236400.0
212,2021-09-30 13:54:07,47100.0,100.0,236300.0
213,2021-09-30 13:54:07,47100.0,200.0,236200.0
214,2021-09-30 13:54:01,47100.0,200.0,236000.0
215,2021-09-30 13:53:03,47100.0,100.0,235800.0
216,2021-09-30 13:53:03,47100.0,400.0,235700.0
217,2021-09-30 13:51:56,47100.0,600.0,235300.0
218,2021-09-30 13:51:56,47100.0,400.0,234700.0
219,2021-09-30 13:50:42,47100.0,100.0,234300.0
220,2021-09-30 13:49:28,47100.0,500.0,234200.0
221,2021-09-30 13:48:42,47100.0,500.0,233700.0
222,2021-09-30 13:48:18,47100.0,100.0,233200.0
223,2021-09-30 13:43:47,47100.0,300.0,233100.0
224,2021-09-30 13:41:38,47150.0,200.0,232800.0
225,2021-09-30 13:41:07,47100.0,200.0,232600.0
226,2021-09-30 13:40:53,47100.0,300.0,232400.0
227,2021-09-30 13:40:52,47100.0,500.0,232100.0
228,2021-09-30 13:40:47,47100.0,100.0,231600.0
229,2021-09-30 13:40:47,47100.0,100.0,231500.0
230,2021-09-30 13:39:58,47100.0,100.0,231400.0
231,2021-09-30 13:39:25,47100.0,100.0,231300.0
232,2021-09-30 13:39:18,47100.0,1000.0,231200.0
233,2021-09-30 13:38:48,47100.0,400.0,230200.0
234,2021-09-30 13:38:48,47100.0,100.0,229800.0
235,2021-09-30 13:38:29,47100.0,200.0,229700.0
236,2021-09-30 13:37:49,47100.0,100.0,229500.0
237,2021-09-30 13:37:18,47100.0,100.0,229400.0
238,2021-09-30 13:37:18,47100.0,100.0,229300.0
239,2021-09-30 13:37:18,47100.0,2000.0,229200.0
240,2021-09-30 13:37:18,47100.0,200.0,227200.0
241,2021-09-30 13:37:18,47100.0,200.0,227000.0
242,2021-09-30 13:36:34,47150.0,100.0,226800.0
243,2021-09-30 13:35:04,47100.0,1500.0,226700.0
244,2021-09-30 13:34:54,47100.0,1000.0,225200.0
245,2021-09-30 13:34:37,47100.0,100.0,224200.0
246,2021-09-30 13:34:05,47100.0,400.0,224100.0
247,2021-09-30 13:34:03,47100.0,2000.0,223700.0
248,2021-09-30 13:33:29,47100.0,1000.0,221700.0
249,2021-09-30 13:33:29,47100.0,100.0,220700.0
250,2021-09-30 13:33:29,47100.0,300.0,220600.0
251,2021-09-30 13:33:29,47100.0,200.0,220300.0
252,2021-09-30 13:33:29,47100.0,400.0,220100.0
253,2021-09-30 13:32:55,47150.0,200.0,219700.0
254,2021-09-30 13:32:40,47150.0,100.0,219500.0
255,2021-09-30 13:31:52,47150.0,1000.0,219400.0
256,2021-09-30 13:30:51,47150.0,200.0,218400.0
257,2021-09-30 13:28:29,47150.0,2000.0,218200.0
258,2021-09-30 13:27:16,47100.0,900.0,216200.0
259,2021-09-30 13:26:49,47150.0,2000.0,215300.0
260,2021-09-30 13:25:17,47100.0,200.0,213300.0
261,2021-09-30 13:24:37,47100.0,1400.0,213100.0
262,2021-09-30 13:24:20,47100.0,2100.0,211700.0
263,2021-09-30 13:24:20,47100.0,100.0,209600.0
264,2021-09-30 13:24:20,47100.0,500.0,209500.0
265,2021-09-30 13:24:20,47100.0,2300.0,209000.0
266,2021-09-30 13:23:35,47100.0,1000.0,206700.0
267,2021-09-30 13:19:47,47150.0,500.0,205700.0
268,2021-09-30 13:16:00,47150.0,500.0,205200.0
269,2021-09-30 13:15:52,47150.0,100.0,204700.0
270,2021-09-30 13:15:43,47150.0,500.0,204600.0
271,2021-09-30 13:15:42,47150.0,500.0,204100.0
272,2021-09-30 13:14:28,47150.0,1000.0,203600.0
273,2021-09-30 13:12:54,47150.0,4000.0,202600.0
274,2021-09-30 13:12:14,47150.0,2900.0,198600.0
275,2021-09-30 13:10:21,47150.0,3100.0,195700.0
276,2021-09-30 13:09:53,47150.0,500.0,192600.0
277,2021-09-30 13:09:53,47150.0,400.0,192100.0
278,2021-09-30 13:09:53,47150.0,400.0,191700.0
279,2021-09-30 13:07:08,47200.0,500.0,191300.0
280,2021-09-30 13:06:39,47200.0,100.0,190800.0
281,2021-09-30 13:06:19,47200.0,100.0,190700.0
282,2021-09-30 13:04:30,47200.0,1400.0,190600.0
283,2021-09-30 13:04:30,47200.0,600.0,189200.0
284,2021-09-30 13:04:12,47200.0,100.0,188600.0
285,2021-09-30 13:00:37,47150.0,200.0,188500.0
286,2021-09-30 13:00:37,47150.0,100.0,188300.0
287,2021-09-30 13:00:09,47150.0,500.0,188200.0
288,2021-09-30 13:00:05,47100.0,200.0,187700.0
289,2021-09-30 13:00:01,47100.0,500.0,187500.0
290,2021-09-30 11:29:49,47100.0,1000.0,187000.0
291,2021-09-30 11:29:18,47100.0,200.0,186000.0
292,2021-09-30 11:29:04,47100.0,3800.0,185800.0
293,2021-09-30 11:29:04,47100.0,1200.0,182000.0
294,2021-09-30 11:24:21,47100.0,300.0,180800.0
295,2021-09-30 11:21:52,47100.0,1000.0,180500.0
296,2021-09-30 11:21:52,47100.0,300.0,179500.0
297,2021-09-30 11:21:09,47100.0,100.0,179200.0
298,2021-09-30 11:21:09,47100.0,400.0,179100.0
299,2021-09-30 11:20:35,47100.0,100.0,178700.0
300,2021-09-30 11:20:35,47100.0,100.0,178600.0
301,2021-09-30 11:19:39,47150.0,1000.0,178500.0
302,2021-09-30 11:19:16,47150.0,100.0,177500.0
303,2021-09-30 11:17:58,47150.0,200.0,177400.0
304,2021-09-30 11:17:05,47150.0,100.0,177200.0
305,2021-09-30 11:10:48,47150.0,100.0,177100.0
306,2021-09-30 11:10:39,47150.0,100.0,177000.0
307,2021-09-30 11:09:01,47100.0,400.0,176900.0
308,2021-09-30 11:09:01,47100.0,900.0,176500.0
309,2021-09-30 11:09:01,47100.0,500.0,175600.0
310,2021-09-30 11:09:01,47100.0,100.0,175100.0
311,2021-09-30 11:09:01,47100.0,1000.0,175000.0
312,2021-09-30 11:09:01,47100.0,500.0,174000.0
313,2021-09-30 11:09:01,47100.0,5000.0,173500.0
314,2021-09-30 11:09:01,47100.0,100.0,168500.0
315,2021-09-30 11:09:01,47100.0,500.0,168400.0
316,2021-09-30 11:09:01,47100.0,1000.0,167900.0
317,2021-09-30 11:08:58,47100.0,400.0,166900.0
318,2021-09-30 11:08:37,47100.0,2900.0,166500.0
319,2021-09-30 11:08:37,47100.0,300.0,163600.0
320,2021-09-30 11:08:37,47100.0,200.0,163300.0
321,2021-09-30 11:08:37,47100.0,100.0,163100.0
322,2021-09-30 11:08:16,47150.0,100.0,163000.0
323,2021-09-30 11:08:16,47150.0,100.0,162900.0
324,2021-09-30 11:04:21,47150.0,200.0,162800.0
325,2021-09-30 11:04:21,47150.0,100.0,162600.0
326,2021-09-30 11:04:21,47150.0,1900.0,162500.0
327,2021-09-30 11:03:28,47150.0,300.0,160600.0
328,2021-09-30 11:03:12,47150.0,500.0,160300.0
329,2021-09-30 11:03:12,47150.0,100.0,159800.0
330,2021-09-30 11:03:06,47200.0,300.0,159700.0
331,2021-09-30 11:03:06,47200.0,200.0,159400.0
332,2021-09-30 11:02:49,47150.0,300.0,159200.0
333,2021-09-30 11:01:15,47150.0,100.0,158900.0
334,2021-09-30 11:01:08,47200.0,1000.0,158800.0
335,2021-09-30 11:00:56,47200.0,100.0,157800.0
336,2021-09-30 11:00:06,47250.0,700.0,157700.0
337,2021-09-30 11:00:06,47250.0,300.0,157000.0
338,2021-09-30 10:59:13,47200.0,500.0,156700.0
339,2021-09-30 10:58:39,47250.0,100.0,156200.0
340,2021-09-30 10:58:11,47200.0,1000.0,156100.0
341,2021-09-30 10:58:11,47200.0,500.0,155100.0
342,2021-09-30 10:58:11,47200.0,100.0,154600.0
343,2021-09-30 10:58:11,47200.0,100.0,154500.0
344,2021-09-30 10:58:11,47200.0,100.0,154400.0
345,2021-09-30 10:58:11,47200.0,700.0,154300.0
346,2021-09-30 10:58:11,47200.0,500.0,153600.0
347,2021-09-30 10:58:11,47200.0,100.0,153100.0
348,2021-09-30 10:58:11,47200.0,300.0,153000.0
349,2021-09-30 10:58:11,47200.0,300.0,152700.0
350,2021-09-30 10:56:04,47250.0,100.0,152400.0
351,2021-09-30 10:56:04,47250.0,400.0,152300.0
352,2021-09-30 10:54:55,47250.0,200.0,151900.0
353,2021-09-30 10:54:33,47200.0,100.0,151700.0
354,2021-09-30 10:54:23,47200.0,100.0,151600.0
355,2021-09-30 10:54:23,47200.0,200.0,151500.0
356,2021-09-30 10:53:03,47200.0,100.0,151300.0
357,2021-09-30 10:52:34,47250.0,200.0,151200.0
358,2021-09-30 10:52:10,47250.0,100.0,151000.0
359,2021-09-30 10:52:10,47250.0,100.0,150900.0
360,2021-09-30 10:51:25,47250.0,200.0,150800.0
361,2021-09-30 10:51:20,47250.0,700.0,150600.0
362,2021-09-30 10:50:49,47250.0,1000.0,149900.0
363,2021-09-30 10:50:45,47250.0,4000.0,148900.0
364,2021-09-30 10:50:38,47250.0,1000.0,144900.0
365,2021-09-30 10:50:13,47250.0,3100.0,143900.0
366,2021-09-30 10:50:13,47250.0,100.0,140800.0
367,2021-09-30 10:50:13,47250.0,5000.0,140700.0
368,2021-09-30 10:50:13,47250.0,100.0,135700.0
369,2021-09-30 10:50:13,47250.0,100.0,135600.0
370,2021-09-30 10:50:13,47250.0,300.0,135500.0
371,2021-09-30 10:50:13,47250.0,300.0,135200.0
372,2021-09-30 10:49:36,47300.0,100.0,134900.0
373,2021-09-30 10:49:36,47300.0,300.0,134800.0
374,2021-09-30 10:49:36,47300.0,100.0,134500.0
375,2021-09-30 10:49:36,47300.0,1300.0,134400.0
376,2021-09-30 10:49:36,47300.0,900.0,133100.0
377,2021-09-30 10:49:32,47300.0,1100.0,132200.0
378,2021-09-30 10:49:32,47300.0,100.0,131100.0
379,2021-09-30 10:49:32,47300.0,100.0,131000.0
380,2021-09-30 10:49:32,47300.0,300.0,130900.0
381,2021-09-30 10:49:32,47300.0,200.0,130600.0
382,2021-09-30 10:49:32,47300.0,100.0,130400.0
383,2021-09-30 10:49:32,47300.0,1200.0,130300.0
384,2021-09-30 10:49:32,47300.0,900.0,129100.0
385,2021-09-30 10:49:26,47350.0,100.0,128200.0
386,2021-09-30 10:49:02,47300.0,4000.0,128100.0
387,2021-09-30 10:48:52,47300.0,2000.0,124100.0
388,2021-09-30 10:48:30,47300.0,100.0,122100.0
389,2021-09-30 10:47:26,47300.0,300.0,122000.0
390,2021-09-30 10:47:22,47300.0,100.0,121700.0
391,2021-09-30 10:45:37,47300.0,200.0,121600.0
392,2021-09-30 10:43:49,47300.0,500.0,121400.0
393,2021-09-30 10:43:36,47350.0,200.0,120900.0
394,2021-09-30 10:43:36,47350.0,700.0,120700.0
395,2021-09-30 10:43:36,47350.0,1100.0,120000.0
396,2021-09-30 10:43:36,47350.0,600.0,118900.0
397,2021-09-30 10:42:13,47350.0,1000.0,118300.0
398,2021-09-30 10:42:12,47350.0,200.0,117300.0
399,2021-09-30 10:41:58,47350.0,300.0,117100.0
400,2021-09-30 10:41:58,47350.0,1000.0,116800.0
401,2021-09-30 10:41:58,47350.0,1900.0,115800.0
402,2021-09-30 10:40:57,47350.0,1100.0,113900.0
403,2021-09-30 10:40:43,47350.0,400.0,112800.0
404,2021-09-30 10:40:43,47350.0,500.0,112400.0
405,2021-09-30 10:40:43,47350.0,100.0,111900.0
406,2021-09-30 10:40:43,47350.0,100.0,111800.0
407,2021-09-30 10:40:38,47350.0,1000.0,111700.0
408,2021-09-30 10:40:22,47350.0,1300.0,110700.0
409,2021-09-30 10:40:19,47350.0,2000.0,109400.0
410,2021-09-30 10:39:51,47350.0,500.0,107400.0
411,2021-09-30 10:39:26,47350.0,200.0,106900.0
412,2021-09-30 10:34:13,47400.0,400.0,106700.0
413,2021-09-30 10:34:13,47400.0,1000.0,106300.0
414,2021-09-30 10:34:13,47400.0,300.0,105300.0
415,2021-09-30 10:34:13,47400.0,100.0,105000.0
416,2021-09-30 10:34:13,47400.0,200.0,104900.0
417,2021-09-30 10:32:03,47400.0,100.0,104700.0
418,2021-09-30 10:32:03,47400.0,900.0,104600.0
419,2021-09-30 10:30:13,47400.0,4400.0,103700.0
420,2021-09-30 10:30:13,47400.0,6000.0,99300.0
421,2021-09-30 10:30:13,47400.0,200.0,93300.0
422,2021-09-30 10:30:13,47400.0,100.0,93100.0
423,2021-09-30 10:30:13,47400.0,200.0,93000.0
424,2021-09-30 10:30:13,47400.0,100.0,92800.0
425,2021-09-30 10:30:13,47400.0,500.0,92700.0
426,2021-09-30 10:30:13,47400.0,300.0,92200.0
427,2021-09-30 10:30:13,47400.0,100.0,91900.0
428,2021-09-30 10:30:13,47400.0,400.0,91800.0
429,2021-09-30 10:30:13,47350.0,200.0,91400.0
430,2021-09-30 10:30:13,47350.0,2500.0,91200.0
431,2021-09-30 10:28:32,47350.0,500.0,88700.0
432,2021-09-30 10:27:40,47350.0,100.0,88200.0
433,2021-09-30 10:27:00,47350.0,100.0,88100.0
434,2021-09-30 10:25:21,47350.0,100.0,88000.0
435,2021-09-30 10:24:56,47350.0,300.0,87900.0
436,2021-09-30 10:24:53,47300.0,1900.0,87600.0
437,2021-09-30 10:24:53,47300.0,100.0,85700.0
438,2021-09-30 10:22:49,47350.0,400.0,85600.0
439,2021-09-30 10:22:16,47350.0,200.0,85200.0
440,2021-09-30 10:21:55,47350.0,100.0,85000.0
441,2021-09-30 10:21:55,47350.0,100.0,84900.0
442,2021-09-30 10:21:55,47350.0,200.0,84800.0
443,2021-09-30 10:20:50,47350.0,100.0,84600.0
444,2021-09-30 10:19:51,47350.0,500.0,84500.0
445,2021-09-30 10:19:51,47350.0,200.0,84000.0
446,2021-09-30 10:19:46,47350.0,2000.0,83800.0
447,2021-09-30 10:18:33,47350.0,100.0,81800.0
448,2021-09-30 10:18:30,47300.0,100.0,81700.0
449,2021-09-30 10:18:30,47300.0,100.0,81600.0
450,2021-09-30 10:18:30,47300.0,300.0,81500.0
451,2021-09-30 10:15:11,47300.0,300.0,81200.0
452,2021-09-30 10:14:03,47300.0,400.0,80900.0
453,2021-09-30 10:14:03,47300.0,400.0,80500.0
454,2021-09-30 10:14:03,47300.0,200.0,80100.0
455,2021-09-30 10:14:03,47300.0,100.0,79900.0
456,2021-09-30 10:14:03,47300.0,900.0,79800.0
457,2021-09-30 10:11:31,47300.0,100.0,78900.0
458,2021-09-30 10:10:22,47350.0,100.0,78800.0
459,2021-09-30 10:10:22,47350.0,600.0,78700.0
460,2021-09-30 10:10:13,47400.0,200.0,78100.0
461,2021-09-30 10:10:13,47400.0,100.0,77900.0
462,2021-09-30 10:08:37,47400.0,100.0,77800.0
463,2021-09-30 10:07:28,47400.0,200.0,77700.0
464,2021-09-30 10:07:10,47400.0,800.0,77500.0
465,2021-09-30 10:07:10,47400.0,100.0,76700.0
466,2021-09-30 10:06:44,47400.0,600.0,76600.0
467,2021-09-30 10:06:44,47300.0,3000.0,76000.0
468,2021-09-30 10:06:28,47350.0,200.0,73000.0
469,2021-09-30 10:05:10,47400.0,300.0,72800.0
470,2021-09-30 10:05:05,47400.0,100.0,72500.0
471,2021-09-30 10:05:05,47400.0,100.0,72400.0
472,2021-09-30 10:04:52,47400.0,200.0,72300.0
473,2021-09-30 10:04:52,47400.0,100.0,72100.0
474,2021-09-30 10:04:52,47400.0,5000.0,72000.0
475,2021-09-30 10:04:52,47400.0,200.0,67000.0
476,2021-09-30 10:04:52,47400.0,100.0,66800.0
477,2021-09-30 10:04:52,47400.0,1000.0,66700.0
478,2021-09-30 10:04:52,47400.0,3000.0,65700.0
479,2021-09-30 10:04:52,47400.0,400.0,62700.0
480,2021-09-30 10:04:43,47400.0,300.0,62300.0
481,2021-09-30 10:04:35,47300.0,600.0,62000.0
482,2021-09-30 10:04:35,47300.0,100.0,61400.0
483,2021-09-30 10:04:35,47300.0,100.0,61300.0
484,2021-09-30 10:04:35,47350.0,100.0,61200.0
485,2021-09-30 10:04:35,47350.0,100.0,61100.0
486,2021-09-30 10:04:35,47400.0,500.0,61000.0
487,2021-09-30 10:04:21,47400.0,300.0,60500.0
488,2021-09-30 10:02:46,47400.0,500.0,60200.0
489,2021-09-30 10:02:31,47350.0,200.0,59700.0
490,2021-09-30 10:01:45,47350.0,800.0,59500.0
491,2021-09-30 10:01:42,47300.0,200.0,58700.0
492,2021-09-30 10:01:03,47300.0,200.0,58500.0
493,2021-09-30 10:01:03,47300.0,300.0,58300.0
494,2021-09-30 10:01:03,47300.0,2000.0,58000.0
495,2021-09-30 10:01:03,47300.0,500.0,56000.0
496,2021-09-30 10:00:44,47300.0,100.0,55500.0
497,2021-09-30 10:00:01,47300.0,1000.0,55400.0
498,2021-09-30 09:59:02,47300.0,2000.0,54400.0
499,2021-09-30 09:59:02,47350.0,100.0,52400.0
500,2021-09-30 09:59:02,47350.0,100.0,52300.0
501,2021-09-30 09:59:02,47350.0,600.0,52200.0
502,2021-09-30 09:58:58,47350.0,200.0,51600.0
503,2021-09-30 09:57:09,47350.0,1200.0,51400.0
504,2021-09-30 09:56:34,47350.0,200.0,50200.0
505,2021-09-30 09:56:34,47350.0,500.0,50000.0
506,2021-09-30 09:56:34,47350.0,1000.0,49500.0
507,2021-09-30 09:56:34,47350.0,200.0,48500.0
508,2021-09-30 09:56:34,47350.0,100.0,48300.0
509,2021-09-30 09:56:34,47350.0,800.0,48200.0
510,2021-09-30 09:55:04,47350.0,300.0,47400.0
511,2021-09-30 09:54:22,47400.0,1000.0,47100.0
512,2021-09-30 09:54:05,47350.0,100.0,46100.0
513,2021-09-30 09:53:46,47350.0,100.0,46000.0
514,2021-09-30 09:52:34,47350.0,100.0,45900.0
515,2021-09-30 09:52:31,47350.0,300.0,45800.0
516,2021-09-30 09:52:27,47350.0,300.0,45500.0
517,2021-09-30 09:52:09,47350.0,200.0,45200.0
518,2021-09-30 09:51:46,47300.0,2400.0,45000.0
519,2021-09-30 09:51:46,47300.0,200.0,42600.0
520,2021-09-30 09:51:46,47300.0,400.0,42400.0
521,2021-09-30 09:50:32,47300.0,100.0,42000.0
522,2021-09-30 09:49:13,47300.0,100.0,41900.0
523,2021-09-30 09:49:02,47300.0,200.0,41800.0
524,2021-09-30 09:49:02,47300.0,1000.0,41600.0
525,2021-09-30 09:49:02,47300.0,100.0,40600.0
526,2021-09-30 09:49:02,47300.0,700.0,40500.0
527,2021-09-30 09:48:59,47250.0,100.0,39800.0
528,2021-09-30 09:48:20,47250.0,100.0,39700.0
529,2021-09-30 09:44:49,47200.0,100.0,39600.0
530,2021-09-30 09:44:45,47200.0,100.0,39500.0
531,2021-09-30 09:44:45,47200.0,200.0,39400.0
532,2021-09-30 09:44:45,47200.0,100.0,39200.0
533,2021-09-30 09:44:45,47200.0,100.0,39100.0
534,2021-09-30 09:44:45,47200.0,2000.0,39000.0
535,2021-09-30 09:44:45,47200.0,200.0,37000.0
536,2021-09-30 09:44:45,47200.0,200.0,36800.0
537,2021-09-30 09:39:59,47200.0,100.0,36600.0
538,2021-09-30 09:39:47,47200.0,100.0,36500.0
539,2021-09-30 09:36:07,47100.0,200.0,36400.0
540,2021-09-30 09:35:45,47200.0,1000.0,36200.0
541,2021-09-30 09:35:35,47200.0,700.0,35200.0
542,2021-09-30 09:35:03,47100.0,700.0,34500.0
543,2021-09-30 09:35:03,47100.0,2000.0,33800.0
544,2021-09-30 09:35:03,47100.0,500.0,31800.0
545,2021-09-30 09:35:03,47100.0,300.0,31300.0
546,2021-09-30 09:34:33,47200.0,100.0,31000.0
547,2021-09-30 09:34:14,47200.0,300.0,30900.0
548,2021-09-30 09:34:14,47200.0,200.0,30600.0
549,2021-09-30 09:34:14,47200.0,500.0,30400.0
550,2021-09-30 09:34:14,47200.0,100.0,29900.0
551,2021-09-30 09:34:14,47200.0,3100.0,29800.0
552,2021-09-30 09:32:32,47200.0,1000.0,26700.0
553,2021-09-30 09:32:32,47200.0,900.0,25700.0
554,2021-09-30 09:32:20,47200.0,200.0,24800.0
555,2021-09-30 09:31:27,47200.0,100.0,24600.0
556,2021-09-30 09:31:21,47200.0,500.0,24500.0
557,2021-09-30 09:30:12,47200.0,1500.0,24000.0
558,2021-09-30 09:30:03,47200.0,900.0,22500.0
559,2021-09-30 09:29:50,47200.0,100.0,21600.0
560,2021-09-30 09:29:50,47200.0,500.0,21500.0
561,2021-09-30 09:29:50,47200.0,300.0,21000.0
562,2021-09-30 09:29:45,47200.0,900.0,20700.0
563,2021-09-30 09:29:40,47300.0,3000.0,19800.0
564,2021-09-30 09:29:15,47200.0,1000.0,16800.0
565,2021-09-30 09:29:13,47200.0,300.0,15800.0
566,2021-09-30 09:28:35,47200.0,200.0,15500.0
567,2021-09-30 09:27:08,47300.0,300.0,15300.0
568,2021-09-30 09:26:41,47200.0,600.0,15000.0
569,2021-09-30 09:26:03,47200.0,500.0,14400.0
570,2021-09-30 09:24:34,47200.0,200.0,13900.0
571,2021-09-30 09:22:29,47400.0,500.0,13700.0
572,2021-09-30 09:22:00,47400.0,100.0,13200.0
573,2021-09-30 09:22:00,47350.0,400.0,13100.0
574,2021-09-30 09:20:41,47100.0,500.0,12700.0
575,2021-09-30 09:19:06,47000.0,200.0,12200.0
576,2021-09-30 09:19:06,47000.0,300.0,12000.0
577,2021-09-30 09:19:06,47000.0,100.0,11700.0
578,2021-09-30 09:15:00,47500.0,100.0,11600.0
579,2021-09-30 09:15:00,47500.0,900.0,11500.0
580,2021-09-30 09:15:00,47500.0,1100.0,10600.0
581,2021-09-30 09:15:00,47500.0,100.0,9500.0
582,2021-09-30 09:15:00,47500.0,100.0,9400.0
583,2021-09-30 09:15:00,47500.0,1000.0,9300.0
584,2021-09-30 09:15:00,47500.0,100.0,8300.0
585,2021-09-30 09:15:00,47500.0,100.0,8200.0
586,2021-09-30 09:15:00,47500.0,500.0,8100.0
587,2021-09-30 09:15:00,47500.0,100.0,7600.0
588,2021-09-30 09:15:00,47500.0,100.0,7500.0
589,2021-09-30 09:15:00,47500.0,100.0,7400.0
590,2021-09-30 09:15:00,47500.0,800.0,7300.0
591,2021-09-30 09:15:00,47500.0,1000.0,6500.0
592,2021-09-30 09:15:00,47500.0,1000.0,5500.0
593,2021-09-30 09:15:00,47500.0,3900.0,4500.0
594,2021-09-30 09:15:00,47500.0,100.0,600.0
595,2021-09-30 09:15:00,47500.0,300.0,500.0
596,2021-09-30 09:15:00,47500.0,100.0,200.0
597,2021-09-30 09:15:00,47500.0,100.0,100.0
