,Time,Price,Volume_per_trade,Volume
0,2021-10-08 07:45:00,51800.0,800.0,722500.0
1,2021-10-08 07:45:00,51800.0,100.0,721700.0
2,2021-10-08 07:45:00,51800.0,500.0,721600.0
3,2021-10-08 07:45:00,51800.0,10000.0,721100.0
4,2021-10-08 07:45:00,51800.0,1000.0,711100.0
5,2021-10-08 07:45:00,51800.0,1000.0,710100.0
6,2021-10-08 07:45:00,51800.0,100.0,709100.0
7,2021-10-08 07:45:00,51800.0,2000.0,709000.0
8,2021-10-08 07:45:00,51800.0,100.0,707000.0
9,2021-10-08 07:45:00,51800.0,100.0,706900.0
10,2021-10-08 07:45:00,51800.0,100.0,706800.0
11,2021-10-08 07:45:00,51800.0,500.0,706700.0
12,2021-10-08 07:45:00,51800.0,500.0,706200.0
13,2021-10-08 07:45:00,51800.0,100.0,705700.0
14,2021-10-08 07:45:00,51800.0,100.0,705600.0
15,2021-10-08 07:45:00,51800.0,100.0,705500.0
16,2021-10-08 07:45:00,51800.0,200.0,705400.0
17,2021-10-08 07:45:00,51800.0,500.0,705200.0
18,2021-10-08 07:45:00,51800.0,100.0,704700.0
19,2021-10-08 07:45:00,51800.0,100.0,704600.0
20,2021-10-08 07:45:00,51800.0,100.0,704500.0
21,2021-10-08 07:45:00,51800.0,1900.0,704400.0
22,2021-10-08 07:45:00,51800.0,100.0,702500.0
23,2021-10-08 07:45:00,51800.0,100.0,702400.0
24,2021-10-08 07:45:00,51800.0,100.0,702300.0
25,2021-10-08 07:45:00,51800.0,500.0,702200.0
26,2021-10-08 07:45:00,51800.0,100.0,701700.0
27,2021-10-08 07:45:00,51800.0,400.0,701600.0
28,2021-10-08 07:45:00,51800.0,600.0,701200.0
29,2021-10-08 07:45:00,51800.0,200.0,700600.0
30,2021-10-08 07:45:00,51800.0,300.0,700400.0
31,2021-10-08 07:45:00,51800.0,100.0,700100.0
32,2021-10-08 07:45:00,51800.0,200.0,700000.0
33,2021-10-08 07:45:00,51800.0,800.0,699800.0
34,2021-10-08 07:45:00,51800.0,200.0,699000.0
35,2021-10-08 07:45:00,51800.0,100.0,698800.0
36,2021-10-08 07:45:00,51800.0,100.0,698700.0
37,2021-10-08 07:45:00,51800.0,200.0,698600.0
38,2021-10-08 07:45:00,51800.0,200.0,698400.0
39,2021-10-08 07:45:00,51800.0,200.0,698200.0
40,2021-10-08 07:45:00,51800.0,200.0,698000.0
41,2021-10-08 07:45:00,51800.0,400.0,697800.0
42,2021-10-08 07:45:00,51800.0,700.0,697400.0
43,2021-10-08 07:45:00,51800.0,200.0,696700.0
44,2021-10-08 07:45:00,51800.0,3000.0,696500.0
45,2021-10-08 07:45:00,51800.0,3900.0,693500.0
46,2021-10-08 07:45:00,51800.0,800.0,689600.0
47,2021-10-08 07:45:00,51800.0,1000.0,688800.0
48,2021-10-08 07:45:00,51800.0,1000.0,687800.0
49,2021-10-08 07:45:00,51800.0,100.0,686800.0
50,2021-10-08 07:45:00,51800.0,500.0,686700.0
51,2021-10-08 07:45:00,51800.0,200.0,686200.0
52,2021-10-08 07:45:00,51800.0,100.0,686000.0
53,2021-10-08 07:45:00,51800.0,100.0,685900.0
54,2021-10-08 07:45:00,51800.0,2900.0,685800.0
55,2021-10-08 07:45:00,51800.0,100.0,682900.0
56,2021-10-08 07:45:00,51800.0,100.0,682800.0
57,2021-10-08 07:45:00,51800.0,100.0,682700.0
58,2021-10-08 07:45:00,51800.0,200.0,682600.0
59,2021-10-08 07:45:00,51800.0,500.0,682400.0
60,2021-10-08 07:45:00,51800.0,500.0,681900.0
61,2021-10-08 07:45:00,51800.0,200.0,681400.0
62,2021-10-08 07:45:00,51800.0,500.0,681200.0
63,2021-10-08 07:45:00,51800.0,1000.0,680700.0
64,2021-10-08 07:45:00,51800.0,1000.0,679700.0
65,2021-10-08 07:45:00,51800.0,900.0,678700.0
66,2021-10-08 07:45:00,51800.0,200.0,677800.0
67,2021-10-08 07:45:00,51800.0,200.0,677600.0
68,2021-10-08 07:45:00,51800.0,500.0,677400.0
69,2021-10-08 07:45:00,51800.0,200.0,676900.0
70,2021-10-08 07:45:00,51800.0,100.0,676700.0
71,2021-10-08 07:45:00,51800.0,100.0,676600.0
72,2021-10-08 07:45:00,51800.0,100.0,676500.0
73,2021-10-08 07:45:00,51800.0,100.0,676400.0
74,2021-10-08 07:45:00,51800.0,200.0,676300.0
75,2021-10-08 07:45:00,51800.0,100.0,676100.0
76,2021-10-08 07:45:00,51800.0,500.0,676000.0
77,2021-10-08 07:45:00,51800.0,100.0,675500.0
78,2021-10-08 07:45:00,51800.0,600.0,675400.0
79,2021-10-08 07:45:00,51800.0,1000.0,674800.0
80,2021-10-08 07:45:00,51800.0,3400.0,673800.0
81,2021-10-08 07:45:00,51800.0,200.0,670400.0
82,2021-10-08 07:29:52,52100.0,100.0,670200.0
83,2021-10-08 07:29:36,52100.0,800.0,670100.0
84,2021-10-08 07:29:36,52100.0,100.0,669300.0
85,2021-10-08 07:29:36,52100.0,3100.0,669200.0
86,2021-10-08 07:29:33,52100.0,300.0,666100.0
87,2021-10-08 07:29:31,52000.0,1100.0,665800.0
88,2021-10-08 07:29:23,52100.0,300.0,664700.0
89,2021-10-08 07:28:51,52100.0,300.0,664400.0
90,2021-10-08 07:28:39,52000.0,600.0,664100.0
91,2021-10-08 07:28:39,52000.0,100.0,663500.0
92,2021-10-08 07:28:39,52000.0,2000.0,663400.0
93,2021-10-08 07:28:39,52000.0,200.0,661400.0
94,2021-10-08 07:28:39,52000.0,100.0,661200.0
95,2021-10-08 07:28:39,52000.0,100.0,661100.0
96,2021-10-08 07:28:39,52000.0,1000.0,661000.0
97,2021-10-08 07:28:39,52000.0,200.0,660000.0
98,2021-10-08 07:28:39,52000.0,100.0,659800.0
99,2021-10-08 07:28:39,52000.0,500.0,659700.0
100,2021-10-08 07:28:39,52000.0,100.0,659200.0
101,2021-10-08 07:28:27,52000.0,200.0,659100.0
102,2021-10-08 07:28:27,52000.0,200.0,658900.0
103,2021-10-08 07:28:27,52000.0,200.0,658700.0
104,2021-10-08 07:28:27,52000.0,1000.0,658500.0
105,2021-10-08 07:28:27,52000.0,1000.0,657500.0
106,2021-10-08 07:28:27,52000.0,1000.0,656500.0
107,2021-10-08 07:28:27,52000.0,1000.0,655500.0
108,2021-10-08 07:28:27,52100.0,400.0,654500.0
109,2021-10-08 07:28:27,52100.0,100.0,654100.0
110,2021-10-08 07:28:27,52100.0,200.0,654000.0
111,2021-10-08 07:28:27,52100.0,200.0,653800.0
112,2021-10-08 07:28:27,52100.0,200.0,653600.0
113,2021-10-08 07:28:27,52100.0,200.0,653400.0
114,2021-10-08 07:28:27,52100.0,200.0,653200.0
115,2021-10-08 07:27:52,52200.0,800.0,653000.0
116,2021-10-08 07:25:29,52100.0,400.0,652200.0
117,2021-10-08 07:25:29,52100.0,100.0,651800.0
118,2021-10-08 07:25:00,52200.0,200.0,651700.0
119,2021-10-08 07:24:10,52200.0,200.0,651500.0
120,2021-10-08 07:24:08,52100.0,100.0,651300.0
121,2021-10-08 07:23:23,52100.0,500.0,651200.0
122,2021-10-08 07:23:21,52200.0,300.0,650700.0
123,2021-10-08 07:23:17,52200.0,700.0,650400.0
124,2021-10-08 07:23:12,52200.0,300.0,649700.0
125,2021-10-08 07:23:00,52200.0,500.0,649400.0
126,2021-10-08 07:22:43,52200.0,500.0,648900.0
127,2021-10-08 07:22:24,52200.0,500.0,648400.0
128,2021-10-08 07:22:24,52200.0,100.0,647900.0
129,2021-10-08 07:22:24,52200.0,100.0,647800.0
130,2021-10-08 07:22:24,52200.0,800.0,647700.0
131,2021-10-08 07:21:24,52200.0,100.0,646900.0
132,2021-10-08 07:21:24,52200.0,100.0,646800.0
133,2021-10-08 07:21:24,52200.0,300.0,646700.0
134,2021-10-08 07:20:33,52200.0,700.0,646400.0
135,2021-10-08 07:20:32,52200.0,800.0,645700.0
136,2021-10-08 07:20:22,52200.0,100.0,644900.0
137,2021-10-08 07:20:05,52200.0,400.0,644800.0
138,2021-10-08 07:20:05,52200.0,100.0,644400.0
139,2021-10-08 07:20:05,52200.0,200.0,644300.0
140,2021-10-08 07:20:05,52200.0,500.0,644100.0
141,2021-10-08 07:20:05,52200.0,200.0,643600.0
142,2021-10-08 07:20:05,52200.0,100.0,643400.0
143,2021-10-08 07:20:05,52200.0,200.0,643300.0
144,2021-10-08 07:20:05,52200.0,100.0,643100.0
145,2021-10-08 07:20:05,52200.0,200.0,643000.0
146,2021-10-08 07:19:14,52200.0,100.0,642800.0
147,2021-10-08 07:19:14,52100.0,100.0,642700.0
148,2021-10-08 07:19:14,52100.0,800.0,642600.0
149,2021-10-08 07:19:07,52100.0,2000.0,641800.0
150,2021-10-08 07:18:54,52100.0,200.0,639800.0
151,2021-10-08 07:18:54,52100.0,100.0,639600.0
152,2021-10-08 07:18:54,52100.0,400.0,639500.0
153,2021-10-08 07:18:54,52100.0,2000.0,639100.0
154,2021-10-08 07:18:54,52100.0,1000.0,637100.0
155,2021-10-08 07:18:54,52100.0,300.0,636100.0
156,2021-10-08 07:18:00,52100.0,100.0,635800.0
157,2021-10-08 07:17:45,52000.0,500.0,635700.0
158,2021-10-08 07:17:42,52000.0,100.0,635200.0
159,2021-10-08 07:17:40,52100.0,900.0,635100.0
160,2021-10-08 07:16:39,52000.0,100.0,634200.0
161,2021-10-08 07:16:11,52000.0,200.0,634100.0
162,2021-10-08 07:16:10,52000.0,300.0,633900.0
163,2021-10-08 07:16:10,52000.0,700.0,633600.0
164,2021-10-08 07:15:23,52000.0,200.0,632900.0
165,2021-10-08 07:14:48,52100.0,1000.0,632700.0
166,2021-10-08 07:14:42,52000.0,100.0,631700.0
167,2021-10-08 07:12:15,52000.0,1000.0,631600.0
168,2021-10-08 07:12:15,52000.0,300.0,630600.0
169,2021-10-08 07:12:15,52000.0,600.0,630300.0
170,2021-10-08 07:12:15,52000.0,100.0,629700.0
171,2021-10-08 07:12:15,52000.0,500.0,629600.0
172,2021-10-08 07:12:15,52000.0,100.0,629100.0
173,2021-10-08 07:12:15,52000.0,1400.0,629000.0
174,2021-10-08 07:11:50,52000.0,600.0,627600.0
175,2021-10-08 07:11:50,52000.0,400.0,627000.0
176,2021-10-08 07:11:22,52000.0,100.0,626600.0
177,2021-10-08 07:11:22,52000.0,300.0,626500.0
178,2021-10-08 07:11:22,52000.0,100.0,626200.0
179,2021-10-08 07:10:52,52000.0,700.0,626100.0
180,2021-10-08 07:10:52,52000.0,100.0,625400.0
181,2021-10-08 07:10:52,52000.0,100.0,625300.0
182,2021-10-08 07:10:52,52000.0,200.0,625200.0
183,2021-10-08 07:10:52,52000.0,400.0,625000.0
184,2021-10-08 07:10:16,52000.0,100.0,624600.0
185,2021-10-08 07:10:01,52000.0,500.0,624500.0
186,2021-10-08 07:08:41,52000.0,700.0,624000.0
187,2021-10-08 07:08:18,51900.0,2100.0,623300.0
188,2021-10-08 07:08:11,52000.0,500.0,621200.0
189,2021-10-08 07:08:01,52000.0,1500.0,620700.0
190,2021-10-08 07:07:03,52000.0,100.0,619200.0
191,2021-10-08 07:06:56,51900.0,100.0,619100.0
192,2021-10-08 07:06:51,51900.0,1800.0,619000.0
193,2021-10-08 07:06:51,51900.0,200.0,617200.0
194,2021-10-08 07:06:51,51900.0,100.0,617000.0
195,2021-10-08 07:06:51,51900.0,400.0,616900.0
196,2021-10-08 07:06:51,51900.0,100.0,616500.0
197,2021-10-08 07:06:51,51900.0,1000.0,616400.0
198,2021-10-08 07:06:51,51900.0,900.0,615400.0
199,2021-10-08 07:06:51,51900.0,500.0,614500.0
200,2021-10-08 07:06:47,51900.0,100.0,614000.0
201,2021-10-08 07:06:37,52000.0,100.0,613900.0
202,2021-10-08 07:06:37,51900.0,400.0,613800.0
203,2021-10-08 07:06:37,51900.0,200.0,613400.0
204,2021-10-08 07:06:37,51900.0,500.0,613200.0
205,2021-10-08 07:06:37,51900.0,200.0,612700.0
206,2021-10-08 07:06:37,51900.0,1000.0,612500.0
207,2021-10-08 07:06:37,51900.0,200.0,611500.0
208,2021-10-08 07:06:37,51900.0,100.0,611300.0
209,2021-10-08 07:06:37,51900.0,100.0,611200.0
210,2021-10-08 07:06:37,51900.0,200.0,611100.0
211,2021-10-08 07:06:37,51900.0,100.0,610900.0
212,2021-10-08 07:06:37,51900.0,500.0,610800.0
213,2021-10-08 07:06:37,51900.0,1000.0,610300.0
214,2021-10-08 07:06:37,51900.0,100.0,609300.0
215,2021-10-08 07:06:37,51900.0,100.0,609200.0
216,2021-10-08 07:06:37,51900.0,500.0,609100.0
217,2021-10-08 07:06:37,51900.0,100.0,608600.0
218,2021-10-08 07:06:37,51900.0,100.0,608500.0
219,2021-10-08 07:06:37,51900.0,600.0,608400.0
220,2021-10-08 07:05:36,51900.0,400.0,607800.0
221,2021-10-08 07:05:22,51900.0,200.0,607400.0
222,2021-10-08 07:05:22,51900.0,1100.0,607200.0
223,2021-10-08 07:04:52,51900.0,500.0,606100.0
224,2021-10-08 07:04:36,51900.0,300.0,605600.0
225,2021-10-08 07:04:18,52000.0,200.0,605300.0
226,2021-10-08 07:03:47,52000.0,3700.0,605100.0
227,2021-10-08 07:03:34,52000.0,200.0,601400.0
228,2021-10-08 07:03:08,51900.0,100.0,601200.0
229,2021-10-08 07:03:08,51900.0,100.0,601100.0
230,2021-10-08 07:03:08,51900.0,300.0,601000.0
231,2021-10-08 07:03:02,52000.0,100.0,600700.0
232,2021-10-08 07:02:54,52000.0,1700.0,600600.0
233,2021-10-08 07:02:41,52000.0,400.0,598900.0
234,2021-10-08 07:02:41,52000.0,300.0,598500.0
235,2021-10-08 07:02:41,52000.0,1500.0,598200.0
236,2021-10-08 07:02:36,52000.0,1000.0,596700.0
237,2021-10-08 07:02:36,52000.0,2500.0,595700.0
238,2021-10-08 07:02:36,52000.0,1000.0,593200.0
239,2021-10-08 07:02:36,52000.0,100.0,592200.0
240,2021-10-08 07:02:36,52000.0,2000.0,592100.0
241,2021-10-08 07:02:36,52000.0,500.0,590100.0
242,2021-10-08 07:02:36,52000.0,1900.0,589600.0
243,2021-10-08 07:02:35,52100.0,2000.0,587700.0
244,2021-10-08 07:02:09,52100.0,400.0,585700.0
245,2021-10-08 07:01:44,52100.0,300.0,585300.0
246,2021-10-08 07:01:35,52100.0,200.0,585000.0
247,2021-10-08 07:00:09,52000.0,500.0,584800.0
248,2021-10-08 07:00:03,52100.0,200.0,584300.0
249,2021-10-08 06:59:45,52100.0,1000.0,584100.0
250,2021-10-08 06:59:39,52000.0,600.0,583100.0
251,2021-10-08 06:59:39,52000.0,100.0,582500.0
252,2021-10-08 06:59:01,52000.0,400.0,582400.0
253,2021-10-08 06:59:01,52000.0,100.0,582000.0
254,2021-10-08 06:59:01,52000.0,100.0,581900.0
255,2021-10-08 06:59:01,52000.0,400.0,581800.0
256,2021-10-08 06:58:54,52100.0,600.0,581400.0
257,2021-10-08 06:58:39,52100.0,3000.0,580800.0
258,2021-10-08 06:56:57,52200.0,1000.0,577800.0
259,2021-10-08 06:56:52,52000.0,300.0,576800.0
260,2021-10-08 06:56:52,52000.0,4500.0,576500.0
261,2021-10-08 06:56:52,52000.0,2200.0,572000.0
262,2021-10-08 06:56:00,52000.0,500.0,569800.0
263,2021-10-08 06:55:47,52200.0,600.0,569300.0
264,2021-10-08 06:55:39,52200.0,200.0,568700.0
265,2021-10-08 06:55:37,52200.0,2000.0,568500.0
266,2021-10-08 06:55:08,52200.0,200.0,566500.0
267,2021-10-08 06:55:08,52200.0,100.0,566300.0
268,2021-10-08 06:55:08,52200.0,1200.0,566200.0
269,2021-10-08 06:53:25,52200.0,800.0,565000.0
270,2021-10-08 06:53:25,52200.0,100.0,564200.0
271,2021-10-08 06:53:25,52200.0,200.0,564100.0
272,2021-10-08 06:53:25,52200.0,100.0,563900.0
273,2021-10-08 06:53:25,52200.0,300.0,563800.0
274,2021-10-08 06:52:54,52000.0,300.0,563500.0
275,2021-10-08 06:52:20,52000.0,200.0,563200.0
276,2021-10-08 06:52:10,52000.0,200.0,563000.0
277,2021-10-08 06:52:10,52000.0,500.0,562800.0
278,2021-10-08 06:51:53,52000.0,100.0,562300.0
279,2021-10-08 06:51:06,52000.0,100.0,562200.0
280,2021-10-08 06:50:55,52000.0,700.0,562100.0
281,2021-10-08 06:50:55,52000.0,300.0,561400.0
282,2021-10-08 06:49:31,52000.0,100.0,561100.0
283,2021-10-08 06:49:13,52000.0,100.0,561000.0
284,2021-10-08 06:48:34,51900.0,400.0,560900.0
285,2021-10-08 06:48:34,51900.0,5000.0,560500.0
286,2021-10-08 06:48:34,51900.0,200.0,555500.0
287,2021-10-08 06:48:34,52000.0,300.0,555300.0
288,2021-10-08 06:48:34,52000.0,100.0,555000.0
289,2021-10-08 06:48:34,52000.0,100.0,554900.0
290,2021-10-08 06:48:34,52000.0,100.0,554800.0
291,2021-10-08 06:48:34,52000.0,100.0,554700.0
292,2021-10-08 06:48:13,52000.0,100.0,554600.0
293,2021-10-08 06:47:54,52200.0,200.0,554500.0
294,2021-10-08 06:47:54,52200.0,1000.0,554300.0
295,2021-10-08 06:47:54,52200.0,200.0,553300.0
296,2021-10-08 06:47:54,52200.0,300.0,553100.0
297,2021-10-08 06:47:34,52000.0,200.0,552800.0
298,2021-10-08 06:47:34,52000.0,100.0,552600.0
299,2021-10-08 06:47:34,52000.0,100.0,552500.0
300,2021-10-08 06:47:31,52000.0,200.0,552400.0
301,2021-10-08 06:47:31,52000.0,100.0,552200.0
302,2021-10-08 06:47:31,52000.0,300.0,552100.0
303,2021-10-08 06:47:31,52000.0,200.0,551800.0
304,2021-10-08 06:47:31,52000.0,200.0,551600.0
305,2021-10-08 06:47:18,52000.0,100.0,551400.0
306,2021-10-08 06:47:18,52000.0,100.0,551300.0
307,2021-10-08 06:45:45,52000.0,100.0,551200.0
308,2021-10-08 06:45:45,52000.0,1000.0,551100.0
309,2021-10-08 06:45:45,52000.0,100.0,550100.0
310,2021-10-08 06:45:45,52000.0,100.0,550000.0
311,2021-10-08 06:45:45,52000.0,100.0,549900.0
312,2021-10-08 06:45:45,52000.0,500.0,549800.0
313,2021-10-08 06:45:45,52000.0,300.0,549300.0
314,2021-10-08 06:45:45,52000.0,1000.0,549000.0
315,2021-10-08 06:45:45,52000.0,200.0,548000.0
316,2021-10-08 06:45:45,52000.0,100.0,547800.0
317,2021-10-08 06:45:45,52000.0,300.0,547700.0
318,2021-10-08 06:45:45,52000.0,900.0,547400.0
319,2021-10-08 06:45:45,52000.0,500.0,546500.0
320,2021-10-08 06:45:45,52000.0,100.0,546000.0
321,2021-10-08 06:45:45,52100.0,200.0,545900.0
322,2021-10-08 06:45:45,52100.0,1000.0,545700.0
323,2021-10-08 06:45:45,52100.0,100.0,544700.0
324,2021-10-08 06:45:45,52100.0,100.0,544600.0
325,2021-10-08 06:45:45,52100.0,1000.0,544500.0
326,2021-10-08 06:45:45,52100.0,100.0,543500.0
327,2021-10-08 06:45:45,52100.0,100.0,543400.0
328,2021-10-08 06:45:45,52100.0,200.0,543300.0
329,2021-10-08 06:45:45,52100.0,1000.0,543100.0
330,2021-10-08 06:45:45,52100.0,100.0,542100.0
331,2021-10-08 06:45:45,52100.0,500.0,542000.0
332,2021-10-08 06:45:45,52100.0,200.0,541500.0
333,2021-10-08 06:45:09,52100.0,100.0,541300.0
334,2021-10-08 06:43:50,52100.0,100.0,541200.0
335,2021-10-08 06:42:14,52100.0,100.0,541100.0
336,2021-10-08 06:40:53,52200.0,1000.0,541000.0
337,2021-10-08 06:39:52,52200.0,400.0,540000.0
338,2021-10-08 06:39:49,52100.0,100.0,539600.0
339,2021-10-08 06:39:11,52200.0,300.0,539500.0
340,2021-10-08 06:38:55,52100.0,200.0,539200.0
341,2021-10-08 06:38:42,52100.0,200.0,539000.0
342,2021-10-08 06:38:42,52100.0,200.0,538800.0
343,2021-10-08 06:38:42,52100.0,500.0,538600.0
344,2021-10-08 06:38:42,52100.0,300.0,538100.0
345,2021-10-08 06:37:05,52200.0,1100.0,537800.0
346,2021-10-08 06:37:04,52200.0,100.0,536700.0
347,2021-10-08 06:36:38,52200.0,1100.0,536600.0
348,2021-10-08 06:35:41,52200.0,100.0,535500.0
349,2021-10-08 06:35:08,52200.0,700.0,535400.0
350,2021-10-08 06:35:06,52200.0,300.0,534700.0
351,2021-10-08 06:35:05,52200.0,400.0,534400.0
352,2021-10-08 06:34:45,52200.0,100.0,534000.0
353,2021-10-08 06:34:45,52200.0,2800.0,533900.0
354,2021-10-08 06:34:35,52300.0,1000.0,531100.0
355,2021-10-08 06:34:12,52300.0,100.0,530100.0
356,2021-10-08 06:34:00,52300.0,100.0,530000.0
357,2021-10-08 06:33:52,52300.0,800.0,529900.0
358,2021-10-08 06:33:52,52300.0,200.0,529100.0
359,2021-10-08 06:33:08,52300.0,500.0,528900.0
360,2021-10-08 06:32:31,52300.0,100.0,528400.0
361,2021-10-08 06:32:24,52300.0,100.0,528300.0
362,2021-10-08 06:32:20,52300.0,400.0,528200.0
363,2021-10-08 06:32:20,52300.0,200.0,527800.0
364,2021-10-08 06:32:20,52300.0,300.0,527600.0
365,2021-10-08 06:32:20,52300.0,100.0,527300.0
366,2021-10-08 06:30:48,52300.0,100.0,527200.0
367,2021-10-08 06:30:39,52200.0,200.0,527100.0
368,2021-10-08 06:30:39,52200.0,100.0,526900.0
369,2021-10-08 06:30:32,52200.0,400.0,526800.0
370,2021-10-08 06:30:32,52200.0,100.0,526400.0
371,2021-10-08 06:30:22,52300.0,100.0,526300.0
372,2021-10-08 06:30:07,52300.0,700.0,526200.0
373,2021-10-08 06:29:51,52300.0,9300.0,525500.0
374,2021-10-08 06:29:51,52300.0,100.0,516200.0
375,2021-10-08 06:29:51,52300.0,100.0,516100.0
376,2021-10-08 06:29:51,52300.0,500.0,516000.0
377,2021-10-08 06:29:08,52400.0,300.0,515500.0
378,2021-10-08 06:29:08,52400.0,800.0,515200.0
379,2021-10-08 06:29:04,52400.0,600.0,514400.0
380,2021-10-08 06:28:47,52400.0,300.0,513800.0
381,2021-10-08 06:28:47,52400.0,300.0,513500.0
382,2021-10-08 06:28:34,52400.0,100.0,513200.0
383,2021-10-08 06:28:12,52400.0,100.0,513100.0
384,2021-10-08 06:28:12,52400.0,400.0,513000.0
385,2021-10-08 06:28:12,52400.0,100.0,512600.0
386,2021-10-08 06:27:40,52400.0,100.0,512500.0
387,2021-10-08 06:27:15,52400.0,300.0,512400.0
388,2021-10-08 06:26:46,52400.0,100.0,512100.0
389,2021-10-08 06:26:09,52400.0,100.0,512000.0
390,2021-10-08 06:26:08,52400.0,200.0,511900.0
391,2021-10-08 06:26:04,52400.0,300.0,511700.0
392,2021-10-08 06:26:04,52400.0,200.0,511400.0
393,2021-10-08 06:25:51,52400.0,400.0,511200.0
394,2021-10-08 06:25:17,52400.0,1000.0,510800.0
395,2021-10-08 06:24:08,52400.0,400.0,509800.0
396,2021-10-08 06:24:08,52400.0,100.0,509400.0
397,2021-10-08 06:24:08,52400.0,200.0,509300.0
398,2021-10-08 06:24:08,52400.0,300.0,509100.0
399,2021-10-08 06:24:07,52400.0,100.0,508800.0
400,2021-10-08 06:22:31,52400.0,600.0,508700.0
401,2021-10-08 06:22:31,52400.0,100.0,508100.0
402,2021-10-08 06:22:31,52400.0,5000.0,508000.0
403,2021-10-08 06:22:31,52400.0,4100.0,503000.0
404,2021-10-08 06:22:31,52300.0,200.0,498900.0
405,2021-10-08 06:22:30,52300.0,200.0,498700.0
406,2021-10-08 06:22:30,52300.0,200.0,498500.0
407,2021-10-08 06:22:30,52300.0,500.0,498300.0
408,2021-10-08 06:22:02,52300.0,200.0,497800.0
409,2021-10-08 06:21:24,52300.0,300.0,497600.0
410,2021-10-08 06:21:14,52300.0,500.0,497300.0
411,2021-10-08 06:21:14,52300.0,200.0,496800.0
412,2021-10-08 06:21:14,52300.0,1000.0,496600.0
413,2021-10-08 06:21:14,52300.0,200.0,495600.0
414,2021-10-08 06:21:14,52300.0,100.0,495400.0
415,2021-10-08 06:20:46,52300.0,100.0,495300.0
416,2021-10-08 06:20:30,52300.0,100.0,495200.0
417,2021-10-08 06:20:30,52300.0,100.0,495100.0
418,2021-10-08 06:20:23,52300.0,400.0,495000.0
419,2021-10-08 06:19:56,52300.0,100.0,494600.0
420,2021-10-08 06:19:09,52300.0,500.0,494500.0
421,2021-10-08 06:19:09,52300.0,500.0,494000.0
422,2021-10-08 06:19:09,52300.0,100.0,493500.0
423,2021-10-08 06:19:09,52300.0,600.0,493400.0
424,2021-10-08 06:19:09,52300.0,900.0,492800.0
425,2021-10-08 06:19:09,52300.0,300.0,491900.0
426,2021-10-08 06:19:09,52300.0,1100.0,491600.0
427,2021-10-08 06:19:04,52200.0,100.0,490500.0
428,2021-10-08 06:16:32,52200.0,200.0,490400.0
429,2021-10-08 06:16:32,52200.0,600.0,490200.0
430,2021-10-08 06:16:26,52200.0,100.0,489600.0
431,2021-10-08 06:16:10,52200.0,1300.0,489500.0
432,2021-10-08 06:16:10,52200.0,700.0,488200.0
433,2021-10-08 06:16:08,52100.0,700.0,487500.0
434,2021-10-08 06:16:08,52100.0,300.0,486800.0
435,2021-10-08 06:15:49,52200.0,900.0,486500.0
436,2021-10-08 06:15:49,52200.0,100.0,485600.0
437,2021-10-08 06:14:39,52100.0,100.0,485500.0
438,2021-10-08 06:13:40,52100.0,100.0,485400.0
439,2021-10-08 06:13:40,52100.0,800.0,485300.0
440,2021-10-08 06:13:34,52100.0,100.0,484500.0
441,2021-10-08 06:13:19,52100.0,100.0,484400.0
442,2021-10-08 06:13:12,52100.0,300.0,484300.0
443,2021-10-08 06:13:04,52100.0,200.0,484000.0
444,2021-10-08 06:12:31,52100.0,1500.0,483800.0
445,2021-10-08 06:11:56,52000.0,100.0,482300.0
446,2021-10-08 06:11:56,52000.0,300.0,482200.0
447,2021-10-08 06:11:38,52000.0,100.0,481900.0
448,2021-10-08 06:11:17,52000.0,800.0,481800.0
449,2021-10-08 06:11:12,52000.0,500.0,481000.0
450,2021-10-08 06:11:01,52000.0,100.0,480500.0
451,2021-10-08 06:10:50,52000.0,500.0,480400.0
452,2021-10-08 06:10:39,52000.0,200.0,479900.0
453,2021-10-08 06:10:35,52000.0,300.0,479700.0
454,2021-10-08 06:10:35,52000.0,1700.0,479400.0
455,2021-10-08 06:10:35,52000.0,300.0,477700.0
456,2021-10-08 06:10:18,52000.0,100.0,477400.0
457,2021-10-08 06:10:14,52000.0,600.0,477300.0
458,2021-10-08 06:10:14,52000.0,100.0,476700.0
459,2021-10-08 06:10:14,52000.0,200.0,476600.0
460,2021-10-08 06:10:14,52000.0,100.0,476400.0
461,2021-10-08 06:10:14,52000.0,400.0,476300.0
462,2021-10-08 06:10:14,52000.0,100.0,475900.0
463,2021-10-08 06:10:14,52000.0,500.0,475800.0
464,2021-10-08 06:10:07,52000.0,100.0,475300.0
465,2021-10-08 06:10:05,52000.0,400.0,475200.0
466,2021-10-08 06:10:05,52000.0,100.0,474800.0
467,2021-10-08 06:10:05,52000.0,100.0,474700.0
468,2021-10-08 06:09:59,52000.0,100.0,474600.0
469,2021-10-08 06:09:59,52000.0,300.0,474500.0
470,2021-10-08 06:09:59,52000.0,200.0,474200.0
471,2021-10-08 06:09:59,52000.0,400.0,474000.0
472,2021-10-08 06:09:34,52000.0,100.0,473600.0
473,2021-10-08 06:09:34,52000.0,900.0,473500.0
474,2021-10-08 06:09:30,52000.0,1100.0,472600.0
475,2021-10-08 06:09:30,52000.0,900.0,471500.0
476,2021-10-08 06:09:27,52000.0,700.0,470600.0
477,2021-10-08 06:09:27,52000.0,300.0,469900.0
478,2021-10-08 06:09:27,52000.0,500.0,469600.0
479,2021-10-08 06:09:17,52000.0,100.0,469100.0
480,2021-10-08 06:09:17,52000.0,1900.0,469000.0
481,2021-10-08 06:07:30,51900.0,100.0,467100.0
482,2021-10-08 06:07:12,52000.0,1500.0,467000.0
483,2021-10-08 06:07:09,52000.0,1000.0,465500.0
484,2021-10-08 06:07:07,52000.0,300.0,464500.0
485,2021-10-08 06:06:55,52000.0,500.0,464200.0
486,2021-10-08 06:06:33,52000.0,2000.0,463700.0
487,2021-10-08 06:06:01,52000.0,1000.0,461700.0
488,2021-10-08 06:04:41,51900.0,200.0,460700.0
489,2021-10-08 06:04:35,52000.0,100.0,460500.0
490,2021-10-08 06:04:28,52000.0,1000.0,460400.0
491,2021-10-08 06:04:28,52000.0,1000.0,459400.0
492,2021-10-08 06:04:23,52000.0,500.0,458400.0
493,2021-10-08 06:04:19,52000.0,100.0,457900.0
494,2021-10-08 06:04:16,52000.0,900.0,457800.0
495,2021-10-08 06:04:14,52000.0,1000.0,456900.0
496,2021-10-08 06:04:04,52000.0,100.0,455900.0
497,2021-10-08 06:03:57,52000.0,300.0,455800.0
498,2021-10-08 06:03:40,52000.0,300.0,455500.0
499,2021-10-08 06:02:46,52000.0,500.0,455200.0
500,2021-10-08 06:02:28,52000.0,400.0,454700.0
501,2021-10-08 06:02:27,52000.0,500.0,454300.0
502,2021-10-08 06:02:20,52000.0,500.0,453800.0
503,2021-10-08 06:01:19,52000.0,2000.0,453300.0
504,2021-10-08 06:00:30,51900.0,200.0,451300.0
505,2021-10-08 06:00:29,51900.0,300.0,451100.0
506,2021-10-08 06:00:29,51900.0,500.0,450800.0
507,2021-10-08 06:00:29,51900.0,100.0,450300.0
508,2021-10-08 06:00:29,51900.0,1100.0,450200.0
509,2021-10-08 06:00:19,51900.0,100.0,449100.0
510,2021-10-08 06:00:16,51900.0,200.0,449000.0
511,2021-10-08 06:00:11,52000.0,10000.0,448800.0
512,2021-10-08 06:00:10,52000.0,8500.0,438800.0
513,2021-10-08 06:00:08,51900.0,100.0,430300.0
514,2021-10-08 06:00:06,51900.0,400.0,430200.0
515,2021-10-08 06:00:06,51900.0,100.0,429800.0
516,2021-10-08 06:00:06,51900.0,200.0,429700.0
517,2021-10-08 06:00:03,51900.0,100.0,429500.0
518,2021-10-08 06:00:01,51900.0,200.0,429400.0
519,2021-10-08 04:29:45,51900.0,500.0,429200.0
520,2021-10-08 04:29:45,51900.0,1000.0,428700.0
521,2021-10-08 04:29:00,51900.0,200.0,427700.0
522,2021-10-08 04:29:00,51900.0,300.0,427500.0
523,2021-10-08 04:29:00,51900.0,200.0,427200.0
524,2021-10-08 04:29:00,51900.0,1000.0,427000.0
525,2021-10-08 04:29:00,51900.0,100.0,426000.0
526,2021-10-08 04:27:44,51800.0,900.0,425900.0
527,2021-10-08 04:27:42,51800.0,200.0,425000.0
528,2021-10-08 04:27:32,51800.0,200.0,424800.0
529,2021-10-08 04:27:32,51800.0,200.0,424600.0
530,2021-10-08 04:27:32,51800.0,100.0,424400.0
531,2021-10-08 04:27:22,51800.0,100.0,424300.0
532,2021-10-08 04:27:13,51800.0,100.0,424200.0
533,2021-10-08 04:27:13,51800.0,200.0,424100.0
534,2021-10-08 04:27:13,51800.0,200.0,423900.0
535,2021-10-08 04:25:45,51900.0,200.0,423700.0
536,2021-10-08 04:25:41,51900.0,500.0,423500.0
537,2021-10-08 04:25:20,51900.0,600.0,423000.0
538,2021-10-08 04:25:20,51900.0,100.0,422400.0
539,2021-10-08 04:25:20,51900.0,2700.0,422300.0
540,2021-10-08 04:25:20,51900.0,100.0,419600.0
541,2021-10-08 04:25:20,51900.0,400.0,419500.0
542,2021-10-08 04:25:20,51900.0,100.0,419100.0
543,2021-10-08 04:22:54,51900.0,900.0,419000.0
544,2021-10-08 04:22:54,51900.0,100.0,418100.0
545,2021-10-08 04:22:12,51900.0,100.0,418000.0
546,2021-10-08 04:22:00,51900.0,100.0,417900.0
547,2021-10-08 04:21:11,51900.0,100.0,417800.0
548,2021-10-08 04:21:11,51900.0,200.0,417700.0
549,2021-10-08 04:21:11,51900.0,1600.0,417500.0
550,2021-10-08 04:21:02,51900.0,300.0,415900.0
551,2021-10-08 04:20:40,51900.0,100.0,415600.0
552,2021-10-08 04:19:14,51900.0,500.0,415500.0
553,2021-10-08 04:19:12,51900.0,1000.0,415000.0
554,2021-10-08 04:19:05,52000.0,100.0,414000.0
555,2021-10-08 04:18:32,51900.0,500.0,413900.0
556,2021-10-08 04:18:07,51900.0,300.0,413400.0
557,2021-10-08 04:18:07,51900.0,300.0,413100.0
558,2021-10-08 04:18:06,51900.0,100.0,412800.0
559,2021-10-08 04:17:52,52000.0,300.0,412700.0
560,2021-10-08 04:17:12,51900.0,200.0,412400.0
561,2021-10-08 04:16:59,51900.0,200.0,412200.0
562,2021-10-08 04:16:59,51900.0,100.0,412000.0
563,2021-10-08 04:16:56,51900.0,200.0,411900.0
564,2021-10-08 04:16:45,51900.0,200.0,411700.0
565,2021-10-08 04:16:45,51900.0,4800.0,411500.0
566,2021-10-08 04:16:35,51900.0,200.0,406700.0
567,2021-10-08 04:16:35,51900.0,200.0,406500.0
568,2021-10-08 04:16:21,51900.0,400.0,406300.0
569,2021-10-08 04:15:29,51900.0,500.0,405900.0
570,2021-10-08 04:14:56,51900.0,100.0,405400.0
571,2021-10-08 04:14:56,51900.0,100.0,405300.0
572,2021-10-08 04:13:33,51900.0,100.0,405200.0
573,2021-10-08 04:13:26,51700.0,100.0,405100.0
574,2021-10-08 04:13:26,51800.0,300.0,405000.0
575,2021-10-08 04:13:12,51800.0,400.0,404700.0
576,2021-10-08 04:13:07,51700.0,400.0,404300.0
577,2021-10-08 04:13:07,51700.0,500.0,403900.0
578,2021-10-08 04:13:07,51700.0,500.0,403400.0
579,2021-10-08 04:13:07,51700.0,100.0,402900.0
580,2021-10-08 04:13:03,51800.0,300.0,402800.0
581,2021-10-08 04:12:58,51800.0,200.0,402500.0
582,2021-10-08 04:12:58,51800.0,100.0,402300.0
583,2021-10-08 04:12:58,51800.0,1000.0,402200.0
584,2021-10-08 04:12:58,51800.0,400.0,401200.0
585,2021-10-08 04:12:54,51800.0,100.0,400800.0
586,2021-10-08 04:12:53,51700.0,1000.0,400700.0
587,2021-10-08 04:12:51,51800.0,300.0,399700.0
588,2021-10-08 04:12:49,51700.0,2000.0,399400.0
589,2021-10-08 04:12:47,51800.0,100.0,397400.0
590,2021-10-08 04:12:35,51800.0,100.0,397300.0
591,2021-10-08 04:12:20,51800.0,100.0,397200.0
592,2021-10-08 04:12:19,51800.0,600.0,397100.0
593,2021-10-08 04:12:19,51800.0,400.0,396500.0
594,2021-10-08 04:12:11,51800.0,100.0,396100.0
595,2021-10-08 04:12:04,51800.0,200.0,396000.0
596,2021-10-08 04:11:55,51800.0,100.0,395800.0
597,2021-10-08 04:11:35,51700.0,100.0,395700.0
598,2021-10-08 04:11:35,51800.0,300.0,395600.0
599,2021-10-08 04:11:22,51700.0,900.0,395300.0
600,2021-10-08 04:11:22,51800.0,100.0,394400.0
601,2021-10-08 04:11:11,51900.0,1000.0,394300.0
602,2021-10-08 04:11:08,51800.0,100.0,393300.0
603,2021-10-08 04:11:08,51800.0,500.0,393200.0
604,2021-10-08 04:10:21,51800.0,200.0,392700.0
605,2021-10-08 04:10:03,51800.0,500.0,392500.0
606,2021-10-08 04:09:55,51800.0,100.0,392000.0
607,2021-10-08 04:09:43,51800.0,500.0,391900.0
608,2021-10-08 04:09:43,51800.0,100.0,391400.0
609,2021-10-08 04:09:43,51800.0,500.0,391300.0
610,2021-10-08 04:09:43,51800.0,1500.0,390800.0
611,2021-10-08 04:09:43,51800.0,100.0,389300.0
612,2021-10-08 04:09:43,51800.0,100.0,389200.0
613,2021-10-08 04:09:43,51800.0,100.0,389100.0
614,2021-10-08 04:09:43,51800.0,100.0,389000.0
615,2021-10-08 04:09:43,51800.0,500.0,388900.0
616,2021-10-08 04:09:43,51800.0,100.0,388400.0
617,2021-10-08 04:09:43,51800.0,100.0,388300.0
618,2021-10-08 04:09:43,51800.0,200.0,388200.0
619,2021-10-08 04:09:43,51800.0,200.0,388000.0
620,2021-10-08 04:09:43,51800.0,100.0,387800.0
621,2021-10-08 04:09:41,51800.0,300.0,387700.0
622,2021-10-08 04:09:41,51800.0,100.0,387400.0
623,2021-10-08 04:09:41,51800.0,200.0,387300.0
624,2021-10-08 04:09:41,51800.0,200.0,387100.0
625,2021-10-08 04:09:28,51900.0,200.0,386900.0
626,2021-10-08 04:09:27,51900.0,200.0,386700.0
627,2021-10-08 04:09:27,51900.0,500.0,386500.0
628,2021-10-08 04:09:27,51900.0,100.0,386000.0
629,2021-10-08 04:09:12,51900.0,400.0,385900.0
630,2021-10-08 04:09:12,51900.0,500.0,385500.0
631,2021-10-08 04:09:12,51900.0,300.0,385000.0
632,2021-10-08 04:09:12,51900.0,500.0,384700.0
633,2021-10-08 04:09:12,51900.0,2000.0,384200.0
634,2021-10-08 04:09:12,51900.0,200.0,382200.0
635,2021-10-08 04:09:12,51900.0,300.0,382000.0
636,2021-10-08 04:08:59,51900.0,200.0,381700.0
637,2021-10-08 04:08:59,51900.0,100.0,381500.0
638,2021-10-08 04:08:59,51900.0,100.0,381400.0
639,2021-10-08 04:08:24,52000.0,100.0,381300.0
640,2021-10-08 04:08:18,52000.0,2000.0,381200.0
641,2021-10-08 04:08:14,51900.0,100.0,379200.0
642,2021-10-08 04:08:14,51900.0,400.0,379100.0
643,2021-10-08 04:07:55,52000.0,100.0,378700.0
644,2021-10-08 04:07:32,52000.0,100.0,378600.0
645,2021-10-08 04:07:15,51900.0,200.0,378500.0
646,2021-10-08 04:07:11,51900.0,400.0,378300.0
647,2021-10-08 04:07:11,51900.0,400.0,377900.0
648,2021-10-08 04:06:41,51900.0,100.0,377500.0
649,2021-10-08 04:06:41,51900.0,100.0,377400.0
650,2021-10-08 04:06:41,51900.0,100.0,377300.0
651,2021-10-08 04:06:41,51900.0,100.0,377200.0
652,2021-10-08 04:06:25,51900.0,100.0,377100.0
653,2021-10-08 04:05:55,51900.0,100.0,377000.0
654,2021-10-08 04:05:55,51900.0,900.0,376900.0
655,2021-10-08 04:05:45,51900.0,100.0,376000.0
656,2021-10-08 04:05:45,51900.0,500.0,375900.0
657,2021-10-08 04:05:45,51900.0,400.0,375400.0
658,2021-10-08 04:05:38,51900.0,100.0,375000.0
659,2021-10-08 04:05:38,51900.0,100.0,374900.0
660,2021-10-08 04:05:17,51900.0,100.0,374800.0
661,2021-10-08 04:05:17,51900.0,100.0,374700.0
662,2021-10-08 04:05:17,51900.0,200.0,374600.0
663,2021-10-08 04:05:17,51900.0,1100.0,374400.0
664,2021-10-08 04:04:57,51900.0,2600.0,373300.0
665,2021-10-08 04:04:45,51900.0,1000.0,370700.0
666,2021-10-08 04:04:38,51900.0,4200.0,369700.0
667,2021-10-08 04:04:35,52000.0,500.0,365500.0
668,2021-10-08 04:04:33,52000.0,800.0,365000.0
669,2021-10-08 04:04:33,51900.0,1000.0,364200.0
670,2021-10-08 04:04:04,51900.0,100.0,363200.0
671,2021-10-08 04:04:04,51900.0,100.0,363100.0
672,2021-10-08 04:04:04,51900.0,100.0,363000.0
673,2021-10-08 04:03:43,51900.0,200.0,362900.0
674,2021-10-08 04:03:32,51900.0,100.0,362700.0
675,2021-10-08 04:03:32,51900.0,200.0,362600.0
676,2021-10-08 04:03:32,51900.0,100.0,362400.0
677,2021-10-08 04:03:32,51900.0,100.0,362300.0
678,2021-10-08 04:03:27,52000.0,100.0,362200.0
679,2021-10-08 04:03:12,52000.0,300.0,362100.0
680,2021-10-08 04:02:49,52000.0,1000.0,361800.0
681,2021-10-08 04:02:47,52000.0,200.0,360800.0
682,2021-10-08 04:02:46,52000.0,100.0,360600.0
683,2021-10-08 04:02:46,52000.0,600.0,360500.0
684,2021-10-08 04:02:46,52000.0,100.0,359900.0
685,2021-10-08 04:02:46,52000.0,100.0,359800.0
686,2021-10-08 04:02:46,52000.0,100.0,359700.0
687,2021-10-08 04:02:46,52000.0,100.0,359600.0
688,2021-10-08 04:02:46,52000.0,200.0,359500.0
689,2021-10-08 04:02:46,52000.0,500.0,359300.0
690,2021-10-08 04:02:46,52000.0,2000.0,358800.0
691,2021-10-08 04:02:46,52000.0,100.0,356800.0
692,2021-10-08 04:02:46,52000.0,100.0,356700.0
693,2021-10-08 04:02:46,52000.0,500.0,356600.0
694,2021-10-08 04:02:46,52000.0,200.0,356100.0
695,2021-10-08 04:02:46,52000.0,100.0,355900.0
696,2021-10-08 04:02:46,52000.0,2000.0,355800.0
697,2021-10-08 04:02:46,52000.0,500.0,353800.0
698,2021-10-08 04:02:46,52000.0,400.0,353300.0
699,2021-10-08 04:02:46,52000.0,5000.0,352900.0
700,2021-10-08 04:02:46,52000.0,1000.0,347900.0
701,2021-10-08 04:02:46,52000.0,200.0,346900.0
702,2021-10-08 04:02:46,52000.0,300.0,346700.0
703,2021-10-08 04:02:46,52000.0,1000.0,346400.0
704,2021-10-08 04:02:46,52000.0,100.0,345400.0
705,2021-10-08 04:02:46,52000.0,200.0,345300.0
706,2021-10-08 04:02:46,52000.0,100.0,345100.0
707,2021-10-08 04:02:46,52000.0,2000.0,345000.0
708,2021-10-08 04:02:46,52000.0,400.0,343000.0
709,2021-10-08 04:02:46,52000.0,5000.0,342600.0
710,2021-10-08 04:02:46,52000.0,200.0,337600.0
711,2021-10-08 04:02:46,52000.0,200.0,337400.0
712,2021-10-08 04:02:46,52000.0,200.0,337200.0
713,2021-10-08 04:02:46,52000.0,500.0,337000.0
714,2021-10-08 04:02:46,52000.0,2000.0,336500.0
715,2021-10-08 04:02:46,52000.0,200.0,334500.0
716,2021-10-08 04:02:46,52000.0,1000.0,334300.0
717,2021-10-08 04:02:46,52000.0,200.0,333300.0
718,2021-10-08 04:02:46,52000.0,200.0,333100.0
719,2021-10-08 04:02:46,52000.0,100.0,332900.0
720,2021-10-08 04:02:46,52000.0,1000.0,332800.0
721,2021-10-08 04:02:46,52000.0,200.0,331800.0
722,2021-10-08 04:02:46,52100.0,200.0,331600.0
723,2021-10-08 04:02:46,52100.0,100.0,331400.0
724,2021-10-08 04:02:46,52100.0,500.0,331300.0
725,2021-10-08 04:02:46,52100.0,500.0,330800.0
726,2021-10-08 04:02:46,52100.0,3000.0,330300.0
727,2021-10-08 04:02:46,52100.0,400.0,327300.0
728,2021-10-08 04:02:46,52100.0,200.0,326900.0
729,2021-10-08 04:02:46,52100.0,500.0,326700.0
730,2021-10-08 04:02:46,52100.0,200.0,326200.0
731,2021-10-08 04:02:46,52100.0,300.0,326000.0
732,2021-10-08 04:02:46,52100.0,300.0,325700.0
733,2021-10-08 04:02:46,52100.0,100.0,325400.0
734,2021-10-08 04:02:46,52100.0,300.0,325300.0
735,2021-10-08 04:02:46,52100.0,400.0,325000.0
736,2021-10-08 04:02:46,52100.0,500.0,324600.0
737,2021-10-08 04:02:46,52100.0,100.0,324100.0
738,2021-10-08 04:02:46,52100.0,2000.0,324000.0
739,2021-10-08 04:02:46,52100.0,100.0,322000.0
740,2021-10-08 04:02:46,52100.0,100.0,321900.0
741,2021-10-08 04:02:46,52100.0,400.0,321800.0
742,2021-10-08 04:02:46,52100.0,5000.0,321400.0
743,2021-10-08 04:02:46,52100.0,100.0,316400.0
744,2021-10-08 04:02:09,52200.0,100.0,316300.0
745,2021-10-08 04:01:53,52200.0,200.0,316200.0
746,2021-10-08 04:01:46,52200.0,200.0,316000.0
747,2021-10-08 04:01:08,52200.0,100.0,315800.0
748,2021-10-08 04:01:08,52200.0,200.0,315700.0
749,2021-10-08 04:00:56,52100.0,300.0,315500.0
750,2021-10-08 04:00:55,52200.0,300.0,315200.0
751,2021-10-08 04:00:46,52200.0,100.0,314900.0
752,2021-10-08 04:00:46,52200.0,500.0,314800.0
753,2021-10-08 04:00:46,52200.0,100.0,314300.0
754,2021-10-08 04:00:46,52200.0,500.0,314200.0
755,2021-10-08 04:00:46,52200.0,500.0,313700.0
756,2021-10-08 04:00:46,52200.0,300.0,313200.0
757,2021-10-08 04:00:46,52200.0,100.0,312900.0
758,2021-10-08 04:00:46,52200.0,100.0,312800.0
759,2021-10-08 04:00:46,52200.0,900.0,312700.0
760,2021-10-08 04:00:46,52200.0,1000.0,311800.0
761,2021-10-08 04:00:46,52200.0,100.0,310800.0
762,2021-10-08 04:00:46,52200.0,100.0,310700.0
763,2021-10-08 04:00:46,52200.0,10000.0,310600.0
764,2021-10-08 04:00:46,52200.0,200.0,300600.0
765,2021-10-08 04:00:46,52200.0,100.0,300400.0
766,2021-10-08 04:00:46,52200.0,100.0,300300.0
767,2021-10-08 04:00:46,52200.0,300.0,300200.0
768,2021-10-08 04:00:46,52200.0,100.0,299900.0
769,2021-10-08 04:00:46,52200.0,500.0,299800.0
770,2021-10-08 04:00:46,52200.0,300.0,299300.0
771,2021-10-08 04:00:46,52200.0,500.0,299000.0
772,2021-10-08 04:00:46,52200.0,100.0,298500.0
773,2021-10-08 04:00:46,52200.0,200.0,298400.0
774,2021-10-08 04:00:46,52200.0,300.0,298200.0
775,2021-10-08 03:59:27,52200.0,100.0,297900.0
776,2021-10-08 03:59:00,52200.0,600.0,297800.0
777,2021-10-08 03:59:00,52200.0,100.0,297200.0
778,2021-10-08 03:59:00,52200.0,1000.0,297100.0
779,2021-10-08 03:59:00,52200.0,100.0,296100.0
780,2021-10-08 03:59:00,52200.0,200.0,296000.0
781,2021-10-08 03:58:46,52200.0,100.0,295800.0
782,2021-10-08 03:58:46,52200.0,400.0,295700.0
783,2021-10-08 03:58:46,52200.0,200.0,295300.0
784,2021-10-08 03:58:05,52200.0,200.0,295100.0
785,2021-10-08 03:57:32,52300.0,300.0,294900.0
786,2021-10-08 03:57:09,52300.0,1500.0,294600.0
787,2021-10-08 03:57:09,52300.0,1000.0,293100.0
788,2021-10-08 03:55:53,52300.0,500.0,292100.0
789,2021-10-08 03:54:30,52300.0,100.0,291600.0
790,2021-10-08 03:54:30,52300.0,100.0,291500.0
791,2021-10-08 03:54:30,52300.0,100.0,291400.0
792,2021-10-08 03:54:30,52300.0,500.0,291300.0
793,2021-10-08 03:54:30,52300.0,200.0,290800.0
794,2021-10-08 03:54:16,52300.0,500.0,290600.0
795,2021-10-08 03:54:16,52300.0,100.0,290100.0
796,2021-10-08 03:54:16,52300.0,200.0,290000.0
797,2021-10-08 03:54:16,52300.0,100.0,289800.0
798,2021-10-08 03:54:16,52300.0,200.0,289700.0
799,2021-10-08 03:54:16,52300.0,600.0,289500.0
800,2021-10-08 03:54:16,52300.0,300.0,288900.0
801,2021-10-08 03:54:10,52300.0,100.0,288600.0
802,2021-10-08 03:54:10,52300.0,700.0,288500.0
803,2021-10-08 03:54:02,52300.0,300.0,287800.0
804,2021-10-08 03:54:02,52300.0,200.0,287500.0
805,2021-10-08 03:54:02,52300.0,1500.0,287300.0
806,2021-10-08 03:51:29,52400.0,600.0,285800.0
807,2021-10-08 03:49:14,52300.0,200.0,285200.0
808,2021-10-08 03:48:24,52400.0,100.0,285000.0
809,2021-10-08 03:48:21,52400.0,100.0,284900.0
810,2021-10-08 03:45:51,52400.0,100.0,284800.0
811,2021-10-08 03:45:51,52400.0,100.0,284700.0
812,2021-10-08 03:45:48,52400.0,100.0,284600.0
813,2021-10-08 03:45:03,52400.0,100.0,284500.0
814,2021-10-08 03:45:02,52300.0,100.0,284400.0
815,2021-10-08 03:44:36,52300.0,200.0,284300.0
816,2021-10-08 03:43:40,52300.0,200.0,284100.0
817,2021-10-08 03:43:36,52200.0,2600.0,283900.0
818,2021-10-08 03:43:36,52200.0,200.0,281300.0
819,2021-10-08 03:43:36,52200.0,500.0,281100.0
820,2021-10-08 03:43:36,52200.0,100.0,280600.0
821,2021-10-08 03:43:36,52200.0,300.0,280500.0
822,2021-10-08 03:43:36,52200.0,200.0,280200.0
823,2021-10-08 03:43:01,52200.0,800.0,280000.0
824,2021-10-08 03:43:01,52200.0,1000.0,279200.0
825,2021-10-08 03:43:01,52200.0,100.0,278200.0
826,2021-10-08 03:43:01,52200.0,500.0,278100.0
827,2021-10-08 03:43:01,52200.0,1000.0,277600.0
828,2021-10-08 03:43:01,52200.0,100.0,276600.0
829,2021-10-08 03:43:01,52200.0,500.0,276500.0
830,2021-10-08 03:42:26,52200.0,100.0,276000.0
831,2021-10-08 03:42:23,52200.0,4100.0,275900.0
832,2021-10-08 03:42:00,52200.0,300.0,271800.0
833,2021-10-08 03:41:59,52200.0,500.0,271500.0
834,2021-10-08 03:41:59,52300.0,100.0,271000.0
835,2021-10-08 03:41:59,52300.0,200.0,270900.0
836,2021-10-08 03:41:30,52400.0,100.0,270700.0
837,2021-10-08 03:41:01,52400.0,200.0,270600.0
838,2021-10-08 03:40:57,52300.0,1800.0,270400.0
839,2021-10-08 03:40:57,52300.0,500.0,268600.0
840,2021-10-08 03:40:57,52300.0,100.0,268100.0
841,2021-10-08 03:40:57,52300.0,1000.0,268000.0
842,2021-10-08 03:40:57,52300.0,200.0,267000.0
843,2021-10-08 03:40:57,52300.0,300.0,266800.0
844,2021-10-08 03:40:57,52300.0,500.0,266500.0
845,2021-10-08 03:40:57,52300.0,300.0,266000.0
846,2021-10-08 03:40:57,52300.0,300.0,265700.0
847,2021-10-08 03:40:57,52300.0,300.0,265400.0
848,2021-10-08 03:40:57,52300.0,500.0,265100.0
849,2021-10-08 03:40:57,52300.0,100.0,264600.0
850,2021-10-08 03:40:57,52300.0,200.0,264500.0
851,2021-10-08 03:40:57,52300.0,800.0,264300.0
852,2021-10-08 03:40:57,52300.0,300.0,263500.0
853,2021-10-08 03:40:57,52300.0,500.0,263200.0
854,2021-10-08 03:40:57,52300.0,2000.0,262700.0
855,2021-10-08 03:40:57,52300.0,200.0,260700.0
856,2021-10-08 03:40:57,52300.0,100.0,260500.0
857,2021-10-08 03:40:26,52400.0,100.0,260400.0
858,2021-10-08 03:40:26,52400.0,300.0,260300.0
859,2021-10-08 03:40:07,52400.0,100.0,260000.0
860,2021-10-08 03:39:51,52400.0,500.0,259900.0
861,2021-10-08 03:39:48,52400.0,100.0,259400.0
862,2021-10-08 03:39:48,52400.0,1000.0,259300.0
863,2021-10-08 03:39:48,52400.0,100.0,258300.0
864,2021-10-08 03:39:48,52400.0,800.0,258200.0
865,2021-10-08 03:39:19,52400.0,100.0,257400.0
866,2021-10-08 03:38:23,52500.0,100.0,257300.0
867,2021-10-08 03:38:23,52500.0,900.0,257200.0
868,2021-10-08 03:37:24,52400.0,200.0,256300.0
869,2021-10-08 03:37:24,52400.0,800.0,256100.0
870,2021-10-08 03:36:42,52500.0,100.0,255300.0
871,2021-10-08 03:36:42,52500.0,300.0,255200.0
872,2021-10-08 03:36:28,52500.0,100.0,254900.0
873,2021-10-08 03:35:56,52500.0,400.0,254800.0
874,2021-10-08 03:35:47,52500.0,100.0,254400.0
875,2021-10-08 03:35:35,52400.0,300.0,254300.0
876,2021-10-08 03:34:56,52400.0,2000.0,254000.0
877,2021-10-08 03:34:42,52400.0,3200.0,252000.0
878,2021-10-08 03:34:41,52400.0,300.0,248800.0
879,2021-10-08 03:34:29,52400.0,400.0,248500.0
880,2021-10-08 03:33:06,52400.0,800.0,248100.0
881,2021-10-08 03:32:58,52400.0,1700.0,247300.0
882,2021-10-08 03:32:56,52400.0,300.0,245600.0
883,2021-10-08 03:32:47,52400.0,100.0,245300.0
884,2021-10-08 03:31:50,52400.0,100.0,245200.0
885,2021-10-08 03:31:50,52400.0,900.0,245100.0
886,2021-10-08 03:31:49,52500.0,300.0,244200.0
887,2021-10-08 03:31:32,52400.0,100.0,243900.0
888,2021-10-08 03:31:32,52400.0,200.0,243800.0
889,2021-10-08 03:31:14,52500.0,100.0,243600.0
890,2021-10-08 03:30:22,52500.0,300.0,243500.0
891,2021-10-08 03:29:34,52500.0,100.0,243200.0
892,2021-10-08 03:28:51,52500.0,100.0,243100.0
893,2021-10-08 03:28:21,52400.0,500.0,243000.0
894,2021-10-08 03:26:42,52400.0,100.0,242500.0
895,2021-10-08 03:26:42,52400.0,200.0,242400.0
896,2021-10-08 03:26:34,52400.0,100.0,242200.0
897,2021-10-08 03:26:34,52400.0,100.0,242100.0
898,2021-10-08 03:26:34,52400.0,100.0,242000.0
899,2021-10-08 03:26:34,52400.0,700.0,241900.0
900,2021-10-08 03:26:27,52400.0,100.0,241200.0
901,2021-10-08 03:26:27,52400.0,100.0,241100.0
902,2021-10-08 03:26:27,52400.0,1800.0,241000.0
903,2021-10-08 03:26:16,52400.0,100.0,239200.0
904,2021-10-08 03:26:00,52300.0,900.0,239100.0
905,2021-10-08 03:26:00,52300.0,1000.0,238200.0
906,2021-10-08 03:26:00,52300.0,100.0,237200.0
907,2021-10-08 03:25:08,52400.0,100.0,237100.0
908,2021-10-08 03:25:08,52400.0,100.0,237000.0
909,2021-10-08 03:24:36,52300.0,100.0,236900.0
910,2021-10-08 03:23:23,52400.0,100.0,236800.0
911,2021-10-08 03:22:06,52400.0,100.0,236700.0
912,2021-10-08 03:21:38,52400.0,200.0,236600.0
913,2021-10-08 03:21:38,52400.0,300.0,236400.0
914,2021-10-08 03:21:18,52400.0,100.0,236100.0
915,2021-10-08 03:21:06,52400.0,500.0,236000.0
916,2021-10-08 03:20:32,52400.0,100.0,235500.0
917,2021-10-08 03:20:16,52300.0,200.0,235400.0
918,2021-10-08 03:19:44,52300.0,100.0,235200.0
919,2021-10-08 03:19:41,52300.0,300.0,235100.0
920,2021-10-08 03:19:41,52300.0,100.0,234800.0
921,2021-10-08 03:19:41,52300.0,600.0,234700.0
922,2021-10-08 03:18:45,52300.0,500.0,234100.0
923,2021-10-08 03:18:45,52300.0,100.0,233600.0
924,2021-10-08 03:18:45,52300.0,400.0,233500.0
925,2021-10-08 03:17:21,52400.0,200.0,233100.0
926,2021-10-08 03:17:05,52400.0,200.0,232900.0
927,2021-10-08 03:17:05,52400.0,100.0,232700.0
928,2021-10-08 03:17:05,52400.0,500.0,232600.0
929,2021-10-08 03:16:18,52400.0,100.0,232100.0
930,2021-10-08 03:16:12,52500.0,100.0,232000.0
931,2021-10-08 03:15:43,52500.0,2000.0,231900.0
932,2021-10-08 03:15:30,52500.0,100.0,229900.0
933,2021-10-08 03:15:06,52500.0,100.0,229800.0
934,2021-10-08 03:14:51,52500.0,100.0,229700.0
935,2021-10-08 03:14:35,52500.0,100.0,229600.0
936,2021-10-08 03:14:11,52500.0,100.0,229500.0
937,2021-10-08 03:13:28,52400.0,200.0,229400.0
938,2021-10-08 03:13:28,52400.0,200.0,229200.0
939,2021-10-08 03:12:46,52300.0,500.0,229000.0
940,2021-10-08 03:12:28,52300.0,100.0,228500.0
941,2021-10-08 03:12:28,52300.0,100.0,228400.0
942,2021-10-08 03:12:28,52300.0,100.0,228300.0
943,2021-10-08 03:12:28,52300.0,100.0,228200.0
944,2021-10-08 03:12:28,52300.0,1400.0,228100.0
945,2021-10-08 03:11:52,52400.0,1000.0,226700.0
946,2021-10-08 03:11:00,52400.0,100.0,225700.0
947,2021-10-08 03:10:48,52500.0,100.0,225600.0
948,2021-10-08 03:10:48,52500.0,500.0,225500.0
949,2021-10-08 03:10:25,52500.0,700.0,225000.0
950,2021-10-08 03:09:43,52500.0,400.0,224300.0
951,2021-10-08 03:09:43,52500.0,200.0,223900.0
952,2021-10-08 03:09:43,52500.0,500.0,223700.0
953,2021-10-08 03:09:43,52500.0,100.0,223200.0
954,2021-10-08 03:09:43,52500.0,100.0,223100.0
955,2021-10-08 03:09:43,52500.0,200.0,223000.0
956,2021-10-08 03:09:43,52500.0,100.0,222800.0
957,2021-10-08 03:09:43,52400.0,100.0,222700.0
958,2021-10-08 03:09:43,52400.0,100.0,222600.0
959,2021-10-08 03:07:29,52500.0,500.0,222500.0
960,2021-10-08 03:07:21,52300.0,300.0,222000.0
961,2021-10-08 03:07:21,52400.0,100.0,221700.0
962,2021-10-08 03:07:21,52400.0,200.0,221600.0
963,2021-10-08 03:07:21,52400.0,1000.0,221400.0
964,2021-10-08 03:07:21,52400.0,1000.0,220400.0
965,2021-10-08 03:07:21,52400.0,900.0,219400.0
966,2021-10-08 03:06:55,52500.0,200.0,218500.0
967,2021-10-08 03:06:07,52500.0,200.0,218300.0
968,2021-10-08 03:06:07,52500.0,100.0,218100.0
969,2021-10-08 03:04:48,52500.0,100.0,218000.0
970,2021-10-08 03:04:08,52400.0,600.0,217900.0
971,2021-10-08 03:02:55,52400.0,200.0,217300.0
972,2021-10-08 03:02:44,52400.0,500.0,217100.0
973,2021-10-08 03:02:24,52300.0,300.0,216600.0
974,2021-10-08 03:02:24,52300.0,100.0,216300.0
975,2021-10-08 03:02:24,52300.0,500.0,216200.0
976,2021-10-08 03:02:24,52300.0,3000.0,215700.0
977,2021-10-08 03:02:24,52300.0,100.0,212700.0
978,2021-10-08 03:02:24,52300.0,200.0,212600.0
979,2021-10-08 03:02:24,52300.0,200.0,212400.0
980,2021-10-08 03:02:24,52300.0,1000.0,212200.0
981,2021-10-08 03:02:24,52300.0,1000.0,211200.0
982,2021-10-08 03:02:24,52300.0,600.0,210200.0
983,2021-10-08 03:02:22,52300.0,100.0,209600.0
984,2021-10-08 03:01:58,52300.0,100.0,209500.0
985,2021-10-08 03:01:58,52300.0,100.0,209400.0
986,2021-10-08 03:01:39,52400.0,100.0,209300.0
987,2021-10-08 03:01:33,52400.0,200.0,209200.0
988,2021-10-08 03:01:14,52300.0,1000.0,209000.0
989,2021-10-08 03:00:48,52300.0,100.0,208000.0
990,2021-10-08 03:00:32,52300.0,100.0,207900.0
991,2021-10-08 02:59:15,52300.0,1700.0,207800.0
992,2021-10-08 02:59:15,52300.0,5800.0,206100.0
993,2021-10-08 02:59:15,52300.0,100.0,200300.0
994,2021-10-08 02:59:15,52400.0,300.0,200200.0
995,2021-10-08 02:59:15,52400.0,300.0,199900.0
996,2021-10-08 02:59:15,52400.0,300.0,199600.0
997,2021-10-08 02:59:15,52400.0,100.0,199300.0
998,2021-10-08 02:59:15,52400.0,400.0,199200.0
999,2021-10-08 02:58:55,52400.0,100.0,198800.0
1000,2021-10-08 02:58:55,52400.0,500.0,198700.0
1001,2021-10-08 02:58:55,52400.0,2000.0,198200.0
1002,2021-10-08 02:58:55,52400.0,2400.0,196200.0
1003,2021-10-08 02:58:54,52500.0,200.0,193800.0
1004,2021-10-08 02:58:54,52500.0,600.0,193600.0
1005,2021-10-08 02:58:07,52500.0,400.0,193000.0
1006,2021-10-08 02:58:07,52500.0,200.0,192600.0
1007,2021-10-08 02:58:07,52500.0,400.0,192400.0
1008,2021-10-08 02:58:06,52500.0,1000.0,192000.0
1009,2021-10-08 02:57:19,52500.0,100.0,191000.0
1010,2021-10-08 02:57:05,52500.0,500.0,190900.0
1011,2021-10-08 02:54:42,52500.0,1000.0,190400.0
1012,2021-10-08 02:54:42,52500.0,100.0,189400.0
1013,2021-10-08 02:54:42,52500.0,200.0,189300.0
1014,2021-10-08 02:54:42,52500.0,100.0,189100.0
1015,2021-10-08 02:54:42,52500.0,1000.0,189000.0
1016,2021-10-08 02:54:42,52500.0,3000.0,188000.0
1017,2021-10-08 02:54:42,52500.0,300.0,185000.0
1018,2021-10-08 02:54:42,52500.0,1300.0,184700.0
1019,2021-10-08 02:54:42,52500.0,100.0,183400.0
1020,2021-10-08 02:54:42,52500.0,900.0,183300.0
1021,2021-10-08 02:54:04,52400.0,2600.0,182400.0
1022,2021-10-08 02:54:04,52400.0,300.0,179800.0
1023,2021-10-08 02:54:04,52400.0,500.0,179500.0
1024,2021-10-08 02:54:04,52400.0,100.0,179000.0
1025,2021-10-08 02:54:04,52400.0,500.0,178900.0
1026,2021-10-08 02:53:57,52500.0,100.0,178400.0
1027,2021-10-08 02:53:57,52500.0,200.0,178300.0
1028,2021-10-08 02:53:47,52500.0,200.0,178100.0
1029,2021-10-08 02:53:47,52500.0,800.0,177900.0
1030,2021-10-08 02:53:34,52500.0,100.0,177100.0
1031,2021-10-08 02:53:30,52400.0,900.0,177000.0
1032,2021-10-08 02:53:30,52400.0,9100.0,176100.0
1033,2021-10-08 02:52:30,52500.0,400.0,167000.0
1034,2021-10-08 02:52:17,52500.0,300.0,166600.0
1035,2021-10-08 02:50:49,52400.0,100.0,166300.0
1036,2021-10-08 02:49:56,52400.0,800.0,166200.0
1037,2021-10-08 02:49:44,52400.0,100.0,165400.0
1038,2021-10-08 02:49:44,52400.0,100.0,165300.0
1039,2021-10-08 02:49:43,52400.0,100.0,165200.0
1040,2021-10-08 02:49:11,52300.0,100.0,165100.0
1041,2021-10-08 02:49:11,52300.0,200.0,165000.0
1042,2021-10-08 02:49:11,52300.0,200.0,164800.0
1043,2021-10-08 02:49:11,52300.0,200.0,164600.0
1044,2021-10-08 02:49:11,52300.0,500.0,164400.0
1045,2021-10-08 02:49:11,52300.0,1100.0,163900.0
1046,2021-10-08 02:49:11,52300.0,500.0,162800.0
1047,2021-10-08 02:48:56,52400.0,100.0,162300.0
1048,2021-10-08 02:48:56,52400.0,200.0,162200.0
1049,2021-10-08 02:48:56,52400.0,200.0,162000.0
1050,2021-10-08 02:48:56,52400.0,100.0,161800.0
1051,2021-10-08 02:48:56,52400.0,400.0,161700.0
1052,2021-10-08 02:48:48,52400.0,100.0,161300.0
1053,2021-10-08 02:48:48,52400.0,400.0,161200.0
1054,2021-10-08 02:48:27,52400.0,100.0,160800.0
1055,2021-10-08 02:48:18,52400.0,700.0,160700.0
1056,2021-10-08 02:48:14,52400.0,200.0,160000.0
1057,2021-10-08 02:48:02,52400.0,600.0,159800.0
1058,2021-10-08 02:48:02,52400.0,400.0,159200.0
1059,2021-10-08 02:47:59,52400.0,1000.0,158800.0
1060,2021-10-08 02:47:15,52400.0,100.0,157800.0
1061,2021-10-08 02:47:06,52400.0,100.0,157700.0
1062,2021-10-08 02:47:02,52400.0,400.0,157600.0
1063,2021-10-08 02:46:32,52400.0,1000.0,157200.0
1064,2021-10-08 02:46:23,52400.0,100.0,156200.0
1065,2021-10-08 02:46:21,52400.0,900.0,156100.0
1066,2021-10-08 02:46:15,52400.0,100.0,155200.0
1067,2021-10-08 02:46:14,52400.0,100.0,155100.0
1068,2021-10-08 02:46:14,52400.0,400.0,155000.0
1069,2021-10-08 02:46:07,52400.0,600.0,154600.0
1070,2021-10-08 02:46:07,52400.0,100.0,154000.0
1071,2021-10-08 02:46:06,52400.0,300.0,153900.0
1072,2021-10-08 02:46:00,52400.0,500.0,153600.0
1073,2021-10-08 02:45:18,52400.0,300.0,153100.0
1074,2021-10-08 02:45:18,52400.0,200.0,152800.0
1075,2021-10-08 02:45:18,52400.0,500.0,152600.0
1076,2021-10-08 02:45:18,52400.0,100.0,152100.0
1077,2021-10-08 02:45:18,52400.0,100.0,152000.0
1078,2021-10-08 02:45:18,52400.0,600.0,151900.0
1079,2021-10-08 02:45:14,52500.0,2400.0,151300.0
1080,2021-10-08 02:45:14,52500.0,600.0,148900.0
1081,2021-10-08 02:44:59,52400.0,2000.0,148300.0
1082,2021-10-08 02:44:25,52500.0,100.0,146300.0
1083,2021-10-08 02:43:41,52500.0,500.0,146200.0
1084,2021-10-08 02:43:40,52400.0,400.0,145700.0
1085,2021-10-08 02:43:16,52500.0,600.0,145300.0
1086,2021-10-08 02:43:16,52500.0,100.0,144700.0
1087,2021-10-08 02:43:16,52500.0,100.0,144600.0
1088,2021-10-08 02:43:06,52600.0,100.0,144500.0
1089,2021-10-08 02:42:57,52500.0,200.0,144400.0
1090,2021-10-08 02:42:57,52500.0,400.0,144200.0
1091,2021-10-08 02:42:57,52500.0,300.0,143800.0
1092,2021-10-08 02:42:57,52500.0,100.0,143500.0
1093,2021-10-08 02:42:57,52500.0,1000.0,143400.0
1094,2021-10-08 02:41:56,52600.0,200.0,142400.0
1095,2021-10-08 02:41:56,52600.0,300.0,142200.0
1096,2021-10-08 02:41:22,52600.0,400.0,141900.0
1097,2021-10-08 02:41:22,52600.0,300.0,141500.0
1098,2021-10-08 02:41:22,52600.0,300.0,141200.0
1099,2021-10-08 02:41:22,52600.0,200.0,140900.0
1100,2021-10-08 02:41:09,52700.0,500.0,140700.0
1101,2021-10-08 02:41:09,52700.0,200.0,140200.0
1102,2021-10-08 02:41:09,52700.0,300.0,140000.0
1103,2021-10-08 02:41:09,52700.0,3000.0,139700.0
1104,2021-10-08 02:41:09,52700.0,100.0,136700.0
1105,2021-10-08 02:41:04,52700.0,100.0,136600.0
1106,2021-10-08 02:40:06,52800.0,100.0,136500.0
1107,2021-10-08 02:39:36,52800.0,100.0,136400.0
1108,2021-10-08 02:38:41,52800.0,1000.0,136300.0
1109,2021-10-08 02:37:40,52800.0,2100.0,135300.0
1110,2021-10-08 02:37:40,52800.0,1900.0,133200.0
1111,2021-10-08 02:37:39,52800.0,400.0,131300.0
1112,2021-10-08 02:37:39,52800.0,200.0,130900.0
1113,2021-10-08 02:37:39,52800.0,100.0,130700.0
1114,2021-10-08 02:37:39,52800.0,3400.0,130600.0
1115,2021-10-08 02:37:38,52800.0,100.0,127200.0
1116,2021-10-08 02:37:04,52800.0,100.0,127100.0
1117,2021-10-08 02:37:02,52800.0,500.0,127000.0
1118,2021-10-08 02:37:02,52800.0,900.0,126500.0
1119,2021-10-08 02:37:01,52800.0,100.0,125600.0
1120,2021-10-08 02:36:45,52800.0,1500.0,125500.0
1121,2021-10-08 02:36:17,52800.0,100.0,124000.0
1122,2021-10-08 02:35:44,52800.0,100.0,123900.0
1123,2021-10-08 02:35:29,52800.0,1100.0,123800.0
1124,2021-10-08 02:35:29,52800.0,200.0,122700.0
1125,2021-10-08 02:34:50,52900.0,600.0,122500.0
1126,2021-10-08 02:34:50,52900.0,700.0,121900.0
1127,2021-10-08 02:34:50,52800.0,100.0,121200.0
1128,2021-10-08 02:34:50,52800.0,100.0,121100.0
1129,2021-10-08 02:34:41,52800.0,100.0,121000.0
1130,2021-10-08 02:34:29,52800.0,300.0,120900.0
1131,2021-10-08 02:34:19,52900.0,200.0,120600.0
1132,2021-10-08 02:34:11,52900.0,500.0,120400.0
1133,2021-10-08 02:34:07,52800.0,100.0,119900.0
1134,2021-10-08 02:34:03,52900.0,400.0,119800.0
1135,2021-10-08 02:33:51,52900.0,200.0,119400.0
1136,2021-10-08 02:33:51,52900.0,600.0,119200.0
1137,2021-10-08 02:32:57,52900.0,100.0,118600.0
1138,2021-10-08 02:32:57,52900.0,900.0,118500.0
1139,2021-10-08 02:32:53,52900.0,200.0,117600.0
1140,2021-10-08 02:32:47,52900.0,1500.0,117400.0
1141,2021-10-08 02:32:40,52900.0,200.0,115900.0
1142,2021-10-08 02:32:39,52900.0,400.0,115700.0
1143,2021-10-08 02:32:22,52900.0,100.0,115300.0
1144,2021-10-08 02:32:19,52900.0,100.0,115200.0
1145,2021-10-08 02:32:00,52900.0,200.0,115100.0
1146,2021-10-08 02:31:49,52900.0,200.0,114900.0
1147,2021-10-08 02:31:47,52900.0,1000.0,114700.0
1148,2021-10-08 02:31:44,52900.0,100.0,113700.0
1149,2021-10-08 02:31:34,52900.0,200.0,113600.0
1150,2021-10-08 02:31:34,52900.0,3300.0,113400.0
1151,2021-10-08 02:31:17,53000.0,700.0,110100.0
1152,2021-10-08 02:31:17,52900.0,800.0,109400.0
1153,2021-10-08 02:31:12,52900.0,100.0,108600.0
1154,2021-10-08 02:31:11,52900.0,900.0,108500.0
1155,2021-10-08 02:31:11,52900.0,100.0,107600.0
1156,2021-10-08 02:31:10,52800.0,1000.0,107500.0
1157,2021-10-08 02:30:59,52900.0,900.0,106500.0
1158,2021-10-08 02:30:59,52900.0,100.0,105600.0
1159,2021-10-08 02:30:52,52900.0,1900.0,105500.0
1160,2021-10-08 02:30:52,52800.0,500.0,103600.0
1161,2021-10-08 02:30:52,52800.0,100.0,103100.0
1162,2021-10-08 02:30:52,52800.0,500.0,103000.0
1163,2021-10-08 02:30:52,52800.0,1600.0,102500.0
1164,2021-10-08 02:30:52,52700.0,400.0,100900.0
1165,2021-10-08 02:30:50,52700.0,100.0,100500.0
1166,2021-10-08 02:30:43,52800.0,400.0,100400.0
1167,2021-10-08 02:30:43,52800.0,100.0,100000.0
1168,2021-10-08 02:30:42,52800.0,100.0,99900.0
1169,2021-10-08 02:30:42,52800.0,900.0,99800.0
1170,2021-10-08 02:30:42,52800.0,1300.0,98900.0
1171,2021-10-08 02:30:42,52700.0,500.0,97600.0
1172,2021-10-08 02:30:42,52700.0,200.0,97100.0
1173,2021-10-08 02:30:36,52700.0,100.0,96900.0
1174,2021-10-08 02:30:36,52700.0,100.0,96800.0
1175,2021-10-08 02:30:36,52700.0,600.0,96700.0
1176,2021-10-08 02:30:31,52700.0,200.0,96100.0
1177,2021-10-08 02:30:16,52700.0,100.0,95900.0
1178,2021-10-08 02:30:02,52700.0,100.0,95800.0
1179,2021-10-08 02:30:02,52700.0,400.0,95700.0
1180,2021-10-08 02:29:28,52600.0,1000.0,95300.0
1181,2021-10-08 02:29:04,52600.0,500.0,94300.0
1182,2021-10-08 02:29:04,52600.0,100.0,93800.0
1183,2021-10-08 02:29:04,52600.0,500.0,93700.0
1184,2021-10-08 02:29:04,52600.0,1900.0,93200.0
1185,2021-10-08 02:28:31,52600.0,100.0,91300.0
1186,2021-10-08 02:28:31,52400.0,100.0,91200.0
1187,2021-10-08 02:28:12,52300.0,500.0,91100.0
1188,2021-10-08 02:27:37,52300.0,900.0,90600.0
1189,2021-10-08 02:27:32,52500.0,200.0,89700.0
1190,2021-10-08 02:27:32,52500.0,100.0,89500.0
1191,2021-10-08 02:27:32,52500.0,100.0,89400.0
1192,2021-10-08 02:27:32,52500.0,1500.0,89300.0
1193,2021-10-08 02:27:32,52500.0,1000.0,87800.0
1194,2021-10-08 02:27:32,52500.0,2200.0,86800.0
1195,2021-10-08 02:27:32,52500.0,800.0,84600.0
1196,2021-10-08 02:27:32,52400.0,400.0,83800.0
1197,2021-10-08 02:27:32,52400.0,100.0,83400.0
1198,2021-10-08 02:27:32,52400.0,800.0,83300.0
1199,2021-10-08 02:27:32,52400.0,6000.0,82500.0
1200,2021-10-08 02:27:32,52400.0,100.0,76500.0
1201,2021-10-08 02:27:32,52400.0,100.0,76400.0
1202,2021-10-08 02:27:32,52400.0,1600.0,76300.0
1203,2021-10-08 02:27:01,52300.0,100.0,74700.0
1204,2021-10-08 02:27:01,52300.0,100.0,74600.0
1205,2021-10-08 02:27:01,52300.0,200.0,74500.0
1206,2021-10-08 02:27:01,52300.0,100.0,74300.0
1207,2021-10-08 02:26:39,52300.0,300.0,74200.0
1208,2021-10-08 02:26:27,52400.0,100.0,73900.0
1209,2021-10-08 02:26:13,52300.0,1000.0,73800.0
1210,2021-10-08 02:26:09,52400.0,300.0,72800.0
1211,2021-10-08 02:26:04,52400.0,100.0,72500.0
1212,2021-10-08 02:25:41,52400.0,200.0,72400.0
1213,2021-10-08 02:25:41,52400.0,700.0,72200.0
1214,2021-10-08 02:25:36,52400.0,1000.0,71500.0
1215,2021-10-08 02:25:36,52400.0,300.0,70500.0
1216,2021-10-08 02:25:24,52400.0,100.0,70200.0
1217,2021-10-08 02:25:23,52400.0,100.0,70100.0
1218,2021-10-08 02:25:03,52300.0,100.0,70000.0
1219,2021-10-08 02:24:54,52300.0,200.0,69900.0
1220,2021-10-08 02:24:54,52300.0,300.0,69700.0
1221,2021-10-08 02:24:44,52300.0,900.0,69400.0
1222,2021-10-08 02:24:44,52400.0,1100.0,68500.0
1223,2021-10-08 02:24:40,52300.0,400.0,67400.0
1224,2021-10-08 02:24:40,52300.0,700.0,67000.0
1225,2021-10-08 02:24:39,52300.0,800.0,66300.0
1226,2021-10-08 02:24:39,52300.0,200.0,65500.0
1227,2021-10-08 02:24:35,52300.0,300.0,65300.0
1228,2021-10-08 02:24:35,52300.0,1700.0,65000.0
1229,2021-10-08 02:24:30,52300.0,300.0,63300.0
1230,2021-10-08 02:24:30,52300.0,1700.0,63000.0
1231,2021-10-08 02:24:26,52300.0,2000.0,61300.0
1232,2021-10-08 02:24:10,52100.0,300.0,59300.0
1233,2021-10-08 02:23:39,52100.0,500.0,59000.0
1234,2021-10-08 02:23:38,52100.0,1500.0,58500.0
1235,2021-10-08 02:23:28,52300.0,500.0,57000.0
1236,2021-10-08 02:23:28,52200.0,1000.0,56500.0
1237,2021-10-08 02:23:16,52100.0,200.0,55500.0
1238,2021-10-08 02:23:08,52100.0,300.0,55300.0
1239,2021-10-08 02:23:07,52100.0,800.0,55000.0
1240,2021-10-08 02:22:52,52300.0,100.0,54200.0
1241,2021-10-08 02:22:49,52100.0,500.0,54100.0
1242,2021-10-08 02:22:48,52100.0,500.0,53600.0
1243,2021-10-08 02:22:48,52100.0,100.0,53100.0
1244,2021-10-08 02:22:48,52200.0,200.0,53000.0
1245,2021-10-08 02:22:36,52300.0,200.0,52800.0
1246,2021-10-08 02:22:36,52300.0,400.0,52600.0
1247,2021-10-08 02:22:33,52400.0,1000.0,52200.0
1248,2021-10-08 02:22:25,52300.0,100.0,51200.0
1249,2021-10-08 02:22:25,52400.0,100.0,51100.0
1250,2021-10-08 02:22:25,52400.0,500.0,51000.0
1251,2021-10-08 02:22:25,52400.0,200.0,50500.0
1252,2021-10-08 02:22:25,52400.0,500.0,50300.0
1253,2021-10-08 02:22:25,52400.0,1600.0,49800.0
1254,2021-10-08 02:22:25,52400.0,400.0,48200.0
1255,2021-10-08 02:22:25,52400.0,100.0,47800.0
1256,2021-10-08 02:22:01,52500.0,4100.0,47700.0
1257,2021-10-08 02:21:58,52500.0,100.0,43600.0
1258,2021-10-08 02:21:58,52500.0,200.0,43500.0
1259,2021-10-08 02:21:56,52500.0,200.0,43300.0
1260,2021-10-08 02:21:53,52500.0,100.0,43100.0
1261,2021-10-08 02:21:41,52500.0,100.0,43000.0
1262,2021-10-08 02:21:39,52500.0,2900.0,42900.0
1263,2021-10-08 02:21:39,52500.0,500.0,40000.0
1264,2021-10-08 02:21:39,52500.0,400.0,39500.0
1265,2021-10-08 02:21:39,52500.0,600.0,39100.0
1266,2021-10-08 02:21:34,52600.0,1500.0,38500.0
1267,2021-10-08 02:21:31,52600.0,300.0,37000.0
1268,2021-10-08 02:21:29,52600.0,500.0,36700.0
1269,2021-10-08 02:21:25,52600.0,700.0,36200.0
1270,2021-10-08 02:21:23,52600.0,300.0,35500.0
1271,2021-10-08 02:21:08,52600.0,200.0,35200.0
1272,2021-10-08 02:21:07,52600.0,200.0,35000.0
1273,2021-10-08 02:21:01,52600.0,100.0,34800.0
1274,2021-10-08 02:21:00,52700.0,100.0,34700.0
1275,2021-10-08 02:20:56,52600.0,200.0,34600.0
1276,2021-10-08 02:20:49,52600.0,100.0,34400.0
1277,2021-10-08 02:20:49,52600.0,100.0,34300.0
1278,2021-10-08 02:19:34,52700.0,100.0,34200.0
1279,2021-10-08 02:19:24,52700.0,200.0,34100.0
1280,2021-10-08 02:18:56,52700.0,400.0,33900.0
1281,2021-10-08 02:18:56,52700.0,100.0,33500.0
1282,2021-10-08 02:18:56,52700.0,300.0,33400.0
1283,2021-10-08 02:18:45,52700.0,200.0,33100.0
1284,2021-10-08 02:18:44,52700.0,200.0,32900.0
1285,2021-10-08 02:18:41,52700.0,100.0,32700.0
1286,2021-10-08 02:18:41,52700.0,400.0,32600.0
1287,2021-10-08 02:18:41,52700.0,100.0,32200.0
1288,2021-10-08 02:18:41,52700.0,100.0,32100.0
1289,2021-10-08 02:18:41,52700.0,400.0,32000.0
1290,2021-10-08 02:18:38,52700.0,100.0,31600.0
1291,2021-10-08 02:18:38,52700.0,100.0,31500.0
1292,2021-10-08 02:18:38,52700.0,1000.0,31400.0
1293,2021-10-08 02:18:38,52700.0,100.0,30400.0
1294,2021-10-08 02:18:38,52700.0,200.0,30300.0
1295,2021-10-08 02:18:38,52700.0,100.0,30100.0
1296,2021-10-08 02:18:38,52700.0,100.0,30000.0
1297,2021-10-08 02:18:38,52700.0,1000.0,29900.0
1298,2021-10-08 02:18:38,52700.0,300.0,28900.0
1299,2021-10-08 02:18:38,52700.0,200.0,28600.0
1300,2021-10-08 02:18:38,52700.0,1000.0,28400.0
1301,2021-10-08 02:18:38,52700.0,100.0,27400.0
1302,2021-10-08 02:18:38,52700.0,100.0,27300.0
1303,2021-10-08 02:18:38,52700.0,1300.0,27200.0
1304,2021-10-08 02:18:38,52700.0,300.0,25900.0
1305,2021-10-08 02:18:32,52700.0,100.0,25600.0
1306,2021-10-08 02:18:31,52700.0,100.0,25500.0
1307,2021-10-08 02:18:22,52800.0,1000.0,25400.0
1308,2021-10-08 02:18:14,52800.0,700.0,24400.0
1309,2021-10-08 02:18:14,52800.0,300.0,23700.0
1310,2021-10-08 02:17:20,52800.0,200.0,23400.0
1311,2021-10-08 02:17:20,52800.0,300.0,23200.0
1312,2021-10-08 02:17:17,52800.0,100.0,22900.0
1313,2021-10-08 02:17:12,52800.0,100.0,22800.0
1314,2021-10-08 02:17:07,52800.0,200.0,22700.0
1315,2021-10-08 02:16:36,52800.0,100.0,22500.0
1316,2021-10-08 02:16:30,52800.0,1000.0,22400.0
1317,2021-10-08 02:16:28,52800.0,1000.0,21400.0
1318,2021-10-08 02:16:28,52800.0,100.0,20400.0
1319,2021-10-08 02:16:28,52800.0,1000.0,20300.0
1320,2021-10-08 02:16:28,52800.0,100.0,19300.0
1321,2021-10-08 02:16:28,52800.0,2000.0,19200.0
1322,2021-10-08 02:16:09,53000.0,200.0,17200.0
1323,2021-10-08 02:15:57,52800.0,2000.0,17000.0
1324,2021-10-08 02:15:56,53000.0,1000.0,15000.0
1325,2021-10-08 02:15:48,52800.0,1000.0,14000.0
1326,2021-10-08 02:15:31,53000.0,100.0,13000.0
1327,2021-10-08 02:15:26,52900.0,100.0,12900.0
1328,2021-10-08 02:15:15,53000.0,100.0,12800.0
1329,2021-10-08 02:15:15,53000.0,300.0,12700.0
1330,2021-10-08 02:15:15,53000.0,100.0,12400.0
1331,2021-10-08 02:15:15,53000.0,500.0,12300.0
1332,2021-10-08 02:15:15,53000.0,100.0,11800.0
1333,2021-10-08 02:15:15,53000.0,400.0,11700.0
1334,2021-10-08 02:15:15,53000.0,500.0,11300.0
1335,2021-10-08 02:15:15,53000.0,1000.0,10800.0
1336,2021-10-08 02:15:00,53100.0,100.0,9800.0
1337,2021-10-08 02:15:00,53100.0,100.0,9700.0
1338,2021-10-08 02:15:00,53100.0,500.0,9600.0
1339,2021-10-08 02:15:00,53100.0,100.0,9100.0
1340,2021-10-08 02:15:00,53100.0,100.0,9000.0
1341,2021-10-08 02:15:00,53100.0,200.0,8900.0
1342,2021-10-08 02:15:00,53100.0,200.0,8700.0
1343,2021-10-08 02:15:00,53100.0,200.0,8500.0
1344,2021-10-08 02:15:00,53100.0,200.0,8300.0
1345,2021-10-08 02:15:00,53100.0,100.0,8100.0
1346,2021-10-08 02:15:00,53100.0,100.0,8000.0
1347,2021-10-08 02:15:00,53100.0,100.0,7900.0
1348,2021-10-08 02:15:00,53100.0,100.0,7800.0
1349,2021-10-08 02:15:00,53100.0,100.0,7700.0
1350,2021-10-08 02:15:00,53100.0,1000.0,7600.0
1351,2021-10-08 02:15:00,53100.0,200.0,6600.0
1352,2021-10-08 02:15:00,53100.0,1000.0,6400.0
1353,2021-10-08 02:15:00,53100.0,1000.0,5400.0
1354,2021-10-08 02:15:00,53100.0,100.0,4400.0
1355,2021-10-08 02:15:00,53100.0,300.0,4300.0
1356,2021-10-08 02:15:00,53100.0,200.0,4000.0
1357,2021-10-08 02:15:00,53100.0,400.0,3800.0
1358,2021-10-08 02:15:00,53100.0,200.0,3400.0
1359,2021-10-08 02:15:00,53100.0,200.0,3200.0
1360,2021-10-08 02:15:00,53100.0,100.0,3000.0
1361,2021-10-08 02:15:00,53100.0,100.0,2900.0
1362,2021-10-08 02:15:00,53100.0,600.0,2800.0
1363,2021-10-08 02:15:00,53100.0,600.0,2200.0
1364,2021-10-08 02:15:00,53100.0,300.0,1600.0
1365,2021-10-08 02:15:00,53100.0,200.0,1300.0
1366,2021-10-08 02:15:00,53100.0,100.0,1100.0
1367,2021-10-08 02:15:00,53100.0,400.0,1000.0
1368,2021-10-08 02:15:00,53100.0,100.0,600.0
1369,2021-10-08 02:15:00,53100.0,200.0,500.0
1370,2021-10-08 02:15:00,53100.0,300.0,300.0
