,Time,Price,Volume_per_trade,Volume
0,2021-10-21 07:45:02,57600.0,200.0,513200.0
1,2021-10-21 07:45:02,57600.0,500.0,513000.0
2,2021-10-21 07:45:02,57600.0,500.0,512500.0
3,2021-10-21 07:45:02,57600.0,200.0,512000.0
4,2021-10-21 07:45:02,57600.0,800.0,511800.0
5,2021-10-21 07:45:02,57600.0,200.0,511000.0
6,2021-10-21 07:45:02,57600.0,300.0,510800.0
7,2021-10-21 07:45:02,57600.0,500.0,510500.0
8,2021-10-21 07:45:02,57600.0,200.0,510000.0
9,2021-10-21 07:45:02,57600.0,800.0,509800.0
10,2021-10-21 07:45:02,57600.0,200.0,509000.0
11,2021-10-21 07:45:02,57600.0,300.0,508800.0
12,2021-10-21 07:45:02,57600.0,5000.0,508500.0
13,2021-10-21 07:45:02,57600.0,900.0,503500.0
14,2021-10-21 07:45:02,57600.0,1600.0,502600.0
15,2021-10-21 07:45:02,57600.0,100.0,501000.0
16,2021-10-21 07:45:02,57600.0,300.0,500900.0
17,2021-10-21 07:45:02,57600.0,2000.0,500600.0
18,2021-10-21 07:45:02,57600.0,3000.0,498600.0
19,2021-10-21 07:45:02,57600.0,1500.0,495600.0
20,2021-10-21 07:45:02,57600.0,2000.0,494100.0
21,2021-10-21 07:45:02,57600.0,1200.0,492100.0
22,2021-10-21 07:45:02,57600.0,800.0,490900.0
23,2021-10-21 07:45:02,57600.0,100.0,490100.0
24,2021-10-21 07:45:02,57600.0,100.0,490000.0
25,2021-10-21 07:45:02,57600.0,400.0,489900.0
26,2021-10-21 07:45:02,57600.0,300.0,489500.0
27,2021-10-21 07:45:02,57600.0,200.0,489200.0
28,2021-10-21 07:45:02,57600.0,100.0,489000.0
29,2021-10-21 07:29:43,57600.0,1100.0,488900.0
30,2021-10-21 07:29:38,57600.0,100.0,487800.0
31,2021-10-21 07:29:38,57600.0,500.0,487700.0
32,2021-10-21 07:29:38,57600.0,400.0,487200.0
33,2021-10-21 07:29:38,57600.0,1000.0,486800.0
34,2021-10-21 07:29:38,57600.0,500.0,485800.0
35,2021-10-21 07:29:38,57600.0,100.0,485300.0
36,2021-10-21 07:29:38,57600.0,500.0,485200.0
37,2021-10-21 07:29:38,57600.0,100.0,484700.0
38,2021-10-21 07:29:36,57800.0,900.0,484600.0
39,2021-10-21 07:29:36,57800.0,100.0,483700.0
40,2021-10-21 07:29:12,57800.0,800.0,483600.0
41,2021-10-21 07:29:12,57800.0,200.0,482800.0
42,2021-10-21 07:29:11,57700.0,1000.0,482600.0
43,2021-10-21 07:29:11,57700.0,1000.0,481600.0
44,2021-10-21 07:29:09,57600.0,400.0,480600.0
45,2021-10-21 07:29:09,57600.0,600.0,480200.0
46,2021-10-21 07:29:08,57700.0,1000.0,479600.0
47,2021-10-21 07:29:08,57700.0,1000.0,478600.0
48,2021-10-21 07:29:07,57700.0,1000.0,477600.0
49,2021-10-21 07:29:03,57600.0,100.0,476600.0
50,2021-10-21 07:28:26,57600.0,1200.0,476500.0
51,2021-10-21 07:28:26,57600.0,2000.0,475300.0
52,2021-10-21 07:28:26,57600.0,1400.0,473300.0
53,2021-10-21 07:27:02,57600.0,3600.0,471900.0
54,2021-10-21 07:26:54,57600.0,200.0,468300.0
55,2021-10-21 07:26:53,57600.0,1000.0,468100.0
56,2021-10-21 07:26:44,57600.0,700.0,467100.0
57,2021-10-21 07:26:41,57600.0,4500.0,466400.0
58,2021-10-21 07:26:31,57600.0,500.0,461900.0
59,2021-10-21 07:26:22,57600.0,1200.0,461400.0
60,2021-10-21 07:26:16,57600.0,1000.0,460200.0
61,2021-10-21 07:26:08,57600.0,100.0,459200.0
62,2021-10-21 07:26:08,57600.0,400.0,459100.0
63,2021-10-21 07:26:08,57600.0,100.0,458700.0
64,2021-10-21 07:26:08,57600.0,200.0,458600.0
65,2021-10-21 07:26:05,57500.0,1000.0,458400.0
66,2021-10-21 07:25:40,57600.0,300.0,457400.0
67,2021-10-21 07:25:34,57600.0,100.0,457100.0
68,2021-10-21 07:25:34,57600.0,900.0,457000.0
69,2021-10-21 07:25:34,57600.0,1000.0,456100.0
70,2021-10-21 07:25:06,57600.0,200.0,455100.0
71,2021-10-21 07:24:30,57600.0,700.0,454900.0
72,2021-10-21 07:24:30,57600.0,100.0,454200.0
73,2021-10-21 07:24:30,57600.0,900.0,454100.0
74,2021-10-21 07:24:26,57600.0,100.0,453200.0
75,2021-10-21 07:24:26,57600.0,400.0,453100.0
76,2021-10-21 07:24:06,57600.0,100.0,452700.0
77,2021-10-21 07:24:05,57600.0,200.0,452600.0
78,2021-10-21 07:23:46,57600.0,300.0,452400.0
79,2021-10-21 07:23:45,57600.0,700.0,452100.0
80,2021-10-21 07:23:45,57600.0,300.0,451400.0
81,2021-10-21 07:23:27,57600.0,100.0,451100.0
82,2021-10-21 07:23:20,57600.0,500.0,451000.0
83,2021-10-21 07:23:16,57600.0,400.0,450500.0
84,2021-10-21 07:23:16,57600.0,200.0,450100.0
85,2021-10-21 07:23:16,57600.0,200.0,449900.0
86,2021-10-21 07:23:16,57600.0,500.0,449700.0
87,2021-10-21 07:23:16,57600.0,200.0,449200.0
88,2021-10-21 07:23:01,57700.0,100.0,449000.0
89,2021-10-21 07:21:37,57700.0,200.0,448900.0
90,2021-10-21 07:21:02,57700.0,300.0,448700.0
91,2021-10-21 07:19:31,57600.0,400.0,448400.0
92,2021-10-21 07:19:31,57600.0,300.0,448000.0
93,2021-10-21 07:18:32,57600.0,200.0,447700.0
94,2021-10-21 07:18:32,57600.0,300.0,447500.0
95,2021-10-21 07:18:32,57600.0,3000.0,447200.0
96,2021-10-21 07:18:32,57600.0,1000.0,444200.0
97,2021-10-21 07:18:32,57600.0,200.0,443200.0
98,2021-10-21 07:18:20,57700.0,1200.0,443000.0
99,2021-10-21 07:17:12,57700.0,500.0,441800.0
100,2021-10-21 07:17:06,57600.0,200.0,441300.0
101,2021-10-21 07:17:06,57600.0,1000.0,441100.0
102,2021-10-21 07:17:06,57600.0,1000.0,440100.0
103,2021-10-21 07:17:06,57600.0,1200.0,439100.0
104,2021-10-21 07:17:06,57600.0,3100.0,437900.0
105,2021-10-21 07:16:05,57700.0,300.0,434800.0
106,2021-10-21 07:15:37,57700.0,100.0,434500.0
107,2021-10-21 07:15:37,57700.0,100.0,434400.0
108,2021-10-21 07:15:24,57800.0,100.0,434300.0
109,2021-10-21 07:14:56,57800.0,100.0,434200.0
110,2021-10-21 07:14:56,57800.0,100.0,434100.0
111,2021-10-21 07:14:42,57800.0,100.0,434000.0
112,2021-10-21 07:14:15,57700.0,3000.0,433900.0
113,2021-10-21 07:12:58,57700.0,700.0,430900.0
114,2021-10-21 07:12:51,57700.0,300.0,430200.0
115,2021-10-21 07:12:51,57700.0,200.0,429900.0
116,2021-10-21 07:12:44,57700.0,800.0,429700.0
117,2021-10-21 07:12:21,57700.0,100.0,428900.0
118,2021-10-21 07:10:36,57600.0,4500.0,428800.0
119,2021-10-21 07:10:36,57600.0,200.0,424300.0
120,2021-10-21 07:10:08,57600.0,1000.0,424100.0
121,2021-10-21 07:10:08,57600.0,5000.0,423100.0
122,2021-10-21 07:10:08,57600.0,800.0,418100.0
123,2021-10-21 07:09:24,57600.0,500.0,417300.0
124,2021-10-21 07:09:03,57600.0,200.0,416800.0
125,2021-10-21 07:09:03,57600.0,200.0,416600.0
126,2021-10-21 07:09:03,57600.0,300.0,416400.0
127,2021-10-21 07:08:51,57600.0,4700.0,416100.0
128,2021-10-21 07:08:51,57600.0,2000.0,411400.0
129,2021-10-21 07:08:51,57600.0,300.0,409400.0
130,2021-10-21 07:07:47,57600.0,200.0,409100.0
131,2021-10-21 07:06:52,57600.0,500.0,408900.0
132,2021-10-21 07:06:52,57600.0,1000.0,408400.0
133,2021-10-21 07:06:52,57600.0,3500.0,407400.0
134,2021-10-21 07:06:16,57600.0,1000.0,403900.0
135,2021-10-21 07:06:10,57600.0,500.0,402900.0
136,2021-10-21 07:05:51,57600.0,4500.0,402400.0
137,2021-10-21 07:05:51,57600.0,500.0,397900.0
138,2021-10-21 07:04:56,57600.0,200.0,397400.0
139,2021-10-21 07:04:15,57600.0,4800.0,397200.0
140,2021-10-21 07:03:33,57600.0,200.0,392400.0
141,2021-10-21 07:03:22,57600.0,100.0,392200.0
142,2021-10-21 07:03:22,57600.0,2700.0,392100.0
143,2021-10-21 07:02:44,57600.0,3500.0,389400.0
144,2021-10-21 07:02:44,57600.0,400.0,385900.0
145,2021-10-21 07:02:44,57600.0,300.0,385500.0
146,2021-10-21 07:02:44,57600.0,800.0,385200.0
147,2021-10-21 07:02:39,57600.0,1000.0,384400.0
148,2021-10-21 07:02:10,57600.0,2000.0,383400.0
149,2021-10-21 07:00:15,57600.0,1000.0,381400.0
150,2021-10-21 06:59:54,57600.0,500.0,380400.0
151,2021-10-21 06:58:51,57600.0,100.0,379900.0
152,2021-10-21 06:58:30,57600.0,1000.0,379800.0
153,2021-10-21 06:58:30,57600.0,500.0,378800.0
154,2021-10-21 06:58:30,57600.0,500.0,378300.0
155,2021-10-21 06:58:30,57600.0,500.0,377800.0
156,2021-10-21 06:58:30,57600.0,2000.0,377300.0
157,2021-10-21 06:58:30,57600.0,100.0,375300.0
158,2021-10-21 06:56:44,57600.0,100.0,375200.0
159,2021-10-21 06:55:56,57600.0,100.0,375100.0
160,2021-10-21 06:55:56,57600.0,1000.0,375000.0
161,2021-10-21 06:55:56,57600.0,200.0,374000.0
162,2021-10-21 06:55:56,57600.0,1000.0,373800.0
163,2021-10-21 06:55:56,57600.0,100.0,372800.0
164,2021-10-21 06:55:42,57700.0,300.0,372700.0
165,2021-10-21 06:52:17,57600.0,300.0,372400.0
166,2021-10-21 06:52:05,57600.0,300.0,372100.0
167,2021-10-21 06:50:59,57600.0,100.0,371800.0
168,2021-10-21 06:50:59,57600.0,200.0,371700.0
169,2021-10-21 06:50:59,57600.0,100.0,371500.0
170,2021-10-21 06:50:59,57600.0,100.0,371400.0
171,2021-10-21 06:50:59,57600.0,500.0,371300.0
172,2021-10-21 06:48:44,57700.0,300.0,370800.0
173,2021-10-21 06:48:33,57700.0,300.0,370500.0
174,2021-10-21 06:48:33,57700.0,100.0,370200.0
175,2021-10-21 06:47:02,57700.0,1000.0,370100.0
176,2021-10-21 06:45:44,57600.0,400.0,369100.0
177,2021-10-21 06:45:19,57800.0,300.0,368700.0
178,2021-10-21 06:44:10,57800.0,300.0,368400.0
179,2021-10-21 06:42:49,57800.0,100.0,368100.0
180,2021-10-21 06:42:33,57800.0,100.0,368000.0
181,2021-10-21 06:41:25,57800.0,200.0,367900.0
182,2021-10-21 06:41:08,57800.0,100.0,367700.0
183,2021-10-21 06:40:35,57600.0,100.0,367600.0
184,2021-10-21 06:40:35,57600.0,2000.0,367500.0
185,2021-10-21 06:40:35,57600.0,200.0,365500.0
186,2021-10-21 06:40:35,57600.0,1000.0,365300.0
187,2021-10-21 06:40:35,57600.0,2000.0,364300.0
188,2021-10-21 06:40:35,57600.0,100.0,362300.0
189,2021-10-21 06:40:35,57600.0,600.0,362200.0
190,2021-10-21 06:40:35,57600.0,100.0,361600.0
191,2021-10-21 06:40:35,57700.0,100.0,361500.0
192,2021-10-21 06:40:35,57700.0,500.0,361400.0
193,2021-10-21 06:40:35,57700.0,3000.0,360900.0
194,2021-10-21 06:40:35,57700.0,300.0,357900.0
195,2021-10-21 06:40:18,57800.0,100.0,357600.0
196,2021-10-21 06:39:54,57800.0,100.0,357500.0
197,2021-10-21 06:39:00,57700.0,100.0,357400.0
198,2021-10-21 06:37:49,57700.0,400.0,357300.0
199,2021-10-21 06:37:49,57800.0,600.0,356900.0
200,2021-10-21 06:37:31,57800.0,200.0,356300.0
201,2021-10-21 06:37:29,57700.0,1500.0,356100.0
202,2021-10-21 06:36:38,57800.0,100.0,354600.0
203,2021-10-21 06:36:07,57800.0,500.0,354500.0
204,2021-10-21 06:35:42,57700.0,600.0,354000.0
205,2021-10-21 06:35:42,57700.0,200.0,353400.0
206,2021-10-21 06:35:42,57700.0,1000.0,353200.0
207,2021-10-21 06:35:33,57800.0,200.0,352200.0
208,2021-10-21 06:35:26,57800.0,100.0,352000.0
209,2021-10-21 06:34:26,57800.0,200.0,351900.0
210,2021-10-21 06:34:26,57800.0,400.0,351700.0
211,2021-10-21 06:34:23,57800.0,100.0,351300.0
212,2021-10-21 06:34:09,57700.0,400.0,351200.0
213,2021-10-21 06:34:09,57700.0,100.0,350800.0
214,2021-10-21 06:33:10,57700.0,100.0,350700.0
215,2021-10-21 06:33:10,57700.0,100.0,350600.0
216,2021-10-21 06:33:10,57700.0,100.0,350500.0
217,2021-10-21 06:33:10,57700.0,100.0,350400.0
218,2021-10-21 06:32:27,57700.0,2000.0,350300.0
219,2021-10-21 06:31:33,57700.0,2000.0,348300.0
220,2021-10-21 06:30:16,57700.0,100.0,346300.0
221,2021-10-21 06:30:16,57700.0,800.0,346200.0
222,2021-10-21 06:30:16,57700.0,700.0,345400.0
223,2021-10-21 06:29:43,57700.0,300.0,344700.0
224,2021-10-21 06:29:16,57800.0,100.0,344400.0
225,2021-10-21 06:29:15,57800.0,100.0,344300.0
226,2021-10-21 06:28:20,57900.0,200.0,344200.0
227,2021-10-21 06:28:04,57900.0,300.0,344000.0
228,2021-10-21 06:27:59,57900.0,1500.0,343700.0
229,2021-10-21 06:27:59,57900.0,100.0,342200.0
230,2021-10-21 06:27:47,57900.0,200.0,342100.0
231,2021-10-21 06:27:37,57900.0,100.0,341900.0
232,2021-10-21 06:27:37,57900.0,200.0,341800.0
233,2021-10-21 06:27:21,57900.0,800.0,341600.0
234,2021-10-21 06:27:18,57900.0,900.0,340800.0
235,2021-10-21 06:26:57,57900.0,4500.0,339900.0
236,2021-10-21 06:26:51,57900.0,500.0,335400.0
237,2021-10-21 06:26:51,57900.0,100.0,334900.0
238,2021-10-21 06:26:51,57900.0,6000.0,334800.0
239,2021-10-21 06:26:51,57900.0,300.0,328800.0
240,2021-10-21 06:26:25,57900.0,200.0,328500.0
241,2021-10-21 06:26:22,57900.0,200.0,328300.0
242,2021-10-21 06:26:22,57900.0,100.0,328100.0
243,2021-10-21 06:26:22,57900.0,100.0,328000.0
244,2021-10-21 06:26:22,57900.0,100.0,327900.0
245,2021-10-21 06:26:22,57900.0,500.0,327800.0
246,2021-10-21 06:25:42,57800.0,100.0,327300.0
247,2021-10-21 06:25:42,57800.0,500.0,327200.0
248,2021-10-21 06:25:42,57800.0,400.0,326700.0
249,2021-10-21 06:25:42,57800.0,800.0,326300.0
250,2021-10-21 06:23:52,57600.0,1700.0,325500.0
251,2021-10-21 06:23:52,57700.0,300.0,323800.0
252,2021-10-21 06:23:47,57700.0,100.0,323500.0
253,2021-10-21 06:23:47,57700.0,100.0,323400.0
254,2021-10-21 06:21:48,57600.0,100.0,323300.0
255,2021-10-21 06:21:48,57600.0,700.0,323200.0
256,2021-10-21 06:21:48,57600.0,500.0,322500.0
257,2021-10-21 06:21:48,57600.0,5600.0,322000.0
258,2021-10-21 06:21:35,57500.0,600.0,316400.0
259,2021-10-21 06:21:35,57500.0,100.0,315800.0
260,2021-10-21 06:21:35,57500.0,200.0,315700.0
261,2021-10-21 06:21:35,57500.0,1000.0,315500.0
262,2021-10-21 06:21:35,57500.0,100.0,314500.0
263,2021-10-21 06:20:53,57500.0,500.0,314400.0
264,2021-10-21 06:20:21,57500.0,3000.0,313900.0
265,2021-10-21 06:18:38,57500.0,1000.0,310900.0
266,2021-10-21 06:17:45,57600.0,200.0,309900.0
267,2021-10-21 06:15:20,57500.0,400.0,309700.0
268,2021-10-21 06:15:18,57500.0,1000.0,309300.0
269,2021-10-21 06:15:08,57500.0,100.0,308300.0
270,2021-10-21 06:14:39,57500.0,500.0,308200.0
271,2021-10-21 06:14:36,57500.0,500.0,307700.0
272,2021-10-21 06:13:19,57400.0,500.0,307200.0
273,2021-10-21 06:12:57,57400.0,700.0,306700.0
274,2021-10-21 06:12:33,57400.0,1000.0,306000.0
275,2021-10-21 06:12:28,57400.0,800.0,305000.0
276,2021-10-21 06:11:26,57400.0,300.0,304200.0
277,2021-10-21 06:11:25,57500.0,400.0,303900.0
278,2021-10-21 06:09:35,57400.0,700.0,303500.0
279,2021-10-21 06:09:35,57400.0,100.0,302800.0
280,2021-10-21 06:09:35,57400.0,200.0,302700.0
281,2021-10-21 06:09:34,57400.0,4000.0,302500.0
282,2021-10-21 06:09:19,57400.0,1600.0,298500.0
283,2021-10-21 06:09:12,57400.0,200.0,296900.0
284,2021-10-21 06:08:31,57500.0,100.0,296700.0
285,2021-10-21 06:08:17,57500.0,300.0,296600.0
286,2021-10-21 06:08:17,57500.0,700.0,296300.0
287,2021-10-21 06:07:19,57500.0,300.0,295600.0
288,2021-10-21 06:07:09,57500.0,800.0,295300.0
289,2021-10-21 06:07:09,57500.0,100.0,294500.0
290,2021-10-21 06:07:09,57500.0,900.0,294400.0
291,2021-10-21 06:07:06,57500.0,300.0,293500.0
292,2021-10-21 06:07:06,57500.0,800.0,293200.0
293,2021-10-21 06:06:57,57500.0,200.0,292400.0
294,2021-10-21 06:05:15,57500.0,500.0,292200.0
295,2021-10-21 06:04:34,57500.0,2000.0,291700.0
296,2021-10-21 06:02:57,57500.0,500.0,289700.0
297,2021-10-21 06:02:29,57500.0,100.0,289200.0
298,2021-10-21 06:00:23,57500.0,100.0,289100.0
299,2021-10-21 06:00:18,57500.0,300.0,289000.0
300,2021-10-21 06:00:10,57500.0,500.0,288700.0
301,2021-10-21 06:00:10,57600.0,500.0,288200.0
302,2021-10-21 06:00:10,57600.0,2000.0,287700.0
303,2021-10-21 06:00:05,57600.0,500.0,285700.0
304,2021-10-21 06:00:05,57600.0,500.0,285200.0
305,2021-10-21 04:29:48,57500.0,100.0,284700.0
306,2021-10-21 04:29:33,57500.0,300.0,284600.0
307,2021-10-21 04:28:49,57500.0,2000.0,284300.0
308,2021-10-21 04:28:20,57400.0,300.0,282300.0
309,2021-10-21 04:28:20,57400.0,700.0,282000.0
310,2021-10-21 04:28:05,57400.0,300.0,281300.0
311,2021-10-21 04:28:05,57400.0,1700.0,281000.0
312,2021-10-21 04:27:46,57400.0,200.0,279300.0
313,2021-10-21 04:27:27,57400.0,100.0,279100.0
314,2021-10-21 04:27:17,57400.0,100.0,279000.0
315,2021-10-21 04:27:12,57400.0,300.0,278900.0
316,2021-10-21 04:26:35,57400.0,100.0,278600.0
317,2021-10-21 04:26:27,57300.0,100.0,278500.0
318,2021-10-21 04:26:22,57300.0,600.0,278400.0
319,2021-10-21 04:26:09,57400.0,700.0,277800.0
320,2021-10-21 04:26:05,57400.0,100.0,277100.0
321,2021-10-21 04:25:33,57400.0,1000.0,277000.0
322,2021-10-21 04:25:29,57400.0,100.0,276000.0
323,2021-10-21 04:24:47,57400.0,200.0,275900.0
324,2021-10-21 04:24:26,57300.0,400.0,275700.0
325,2021-10-21 04:24:17,57400.0,100.0,275300.0
326,2021-10-21 04:23:15,57400.0,200.0,275200.0
327,2021-10-21 04:21:47,57300.0,900.0,275000.0
328,2021-10-21 04:21:47,57300.0,500.0,274100.0
329,2021-10-21 04:21:47,57300.0,100.0,273600.0
330,2021-10-21 04:21:47,57300.0,100.0,273500.0
331,2021-10-21 04:21:47,57300.0,100.0,273400.0
332,2021-10-21 04:21:47,57300.0,300.0,273300.0
333,2021-10-21 04:21:47,57300.0,3500.0,273000.0
334,2021-10-21 04:21:47,57300.0,100.0,269500.0
335,2021-10-21 04:21:47,57300.0,200.0,269400.0
336,2021-10-21 04:21:47,57300.0,1000.0,269200.0
337,2021-10-21 04:21:47,57300.0,100.0,268200.0
338,2021-10-21 04:21:47,57300.0,500.0,268100.0
339,2021-10-21 04:21:47,57300.0,100.0,267600.0
340,2021-10-21 04:21:47,57300.0,100.0,267500.0
341,2021-10-21 04:21:47,57300.0,100.0,267400.0
342,2021-10-21 04:21:47,57300.0,500.0,267300.0
343,2021-10-21 04:21:47,57300.0,500.0,266800.0
344,2021-10-21 04:21:47,57300.0,5000.0,266300.0
345,2021-10-21 04:21:47,57300.0,1000.0,261300.0
346,2021-10-21 04:21:47,57300.0,300.0,260300.0
347,2021-10-21 04:21:32,57400.0,100.0,260000.0
348,2021-10-21 04:21:32,57400.0,200.0,259900.0
349,2021-10-21 04:21:32,57400.0,100.0,259700.0
350,2021-10-21 04:21:32,57400.0,100.0,259600.0
351,2021-10-21 04:21:32,57400.0,200.0,259500.0
352,2021-10-21 04:21:32,57400.0,2100.0,259300.0
353,2021-10-21 04:21:32,57400.0,200.0,257200.0
354,2021-10-21 04:21:32,57400.0,900.0,257000.0
355,2021-10-21 04:21:10,57400.0,100.0,256100.0
356,2021-10-21 04:21:10,57400.0,100.0,256000.0
357,2021-10-21 04:21:10,57400.0,1800.0,255900.0
358,2021-10-21 04:20:57,57400.0,600.0,254100.0
359,2021-10-21 04:20:11,57500.0,100.0,253500.0
360,2021-10-21 04:20:11,57500.0,2000.0,253400.0
361,2021-10-21 04:20:11,57500.0,300.0,251400.0
362,2021-10-21 04:15:12,57600.0,200.0,251100.0
363,2021-10-21 04:13:53,57400.0,600.0,250900.0
364,2021-10-21 04:13:53,57400.0,100.0,250300.0
365,2021-10-21 04:13:53,57400.0,2600.0,250200.0
366,2021-10-21 04:13:53,57400.0,100.0,247600.0
367,2021-10-21 04:13:53,57400.0,3000.0,247500.0
368,2021-10-21 04:13:53,57400.0,100.0,244500.0
369,2021-10-21 04:13:53,57400.0,100.0,244400.0
370,2021-10-21 04:13:53,57400.0,100.0,244300.0
371,2021-10-21 04:13:53,57500.0,2000.0,244200.0
372,2021-10-21 04:13:53,57500.0,200.0,242200.0
373,2021-10-21 04:13:53,57500.0,100.0,242000.0
374,2021-10-21 04:11:53,57500.0,100.0,241900.0
375,2021-10-21 04:10:40,57500.0,1000.0,241800.0
376,2021-10-21 04:10:10,57500.0,7000.0,240800.0
377,2021-10-21 04:10:10,57500.0,2000.0,233800.0
378,2021-10-21 04:10:10,57500.0,1000.0,231800.0
379,2021-10-21 04:09:49,57600.0,100.0,230800.0
380,2021-10-21 04:09:14,57600.0,100.0,230700.0
381,2021-10-21 04:09:14,57600.0,500.0,230600.0
382,2021-10-21 04:07:35,57600.0,1000.0,230100.0
383,2021-10-21 04:07:26,57600.0,1000.0,229100.0
384,2021-10-21 04:07:16,57600.0,1000.0,228100.0
385,2021-10-21 04:06:48,57600.0,100.0,227100.0
386,2021-10-21 04:06:39,57600.0,3800.0,227000.0
387,2021-10-21 04:06:39,57600.0,2600.0,223200.0
388,2021-10-21 04:06:07,57600.0,500.0,220600.0
389,2021-10-21 04:06:04,57600.0,1900.0,220100.0
390,2021-10-21 04:06:03,57600.0,100.0,218200.0
391,2021-10-21 04:05:47,57600.0,100.0,218100.0
392,2021-10-21 04:05:47,57600.0,4500.0,218000.0
393,2021-10-21 04:05:47,57600.0,100.0,213500.0
394,2021-10-21 04:05:47,57600.0,500.0,213400.0
395,2021-10-21 04:05:47,57600.0,200.0,212900.0
396,2021-10-21 04:05:47,57600.0,1600.0,212700.0
397,2021-10-21 04:05:27,57700.0,600.0,211100.0
398,2021-10-21 04:03:40,57700.0,1000.0,210500.0
399,2021-10-21 04:02:20,57600.0,400.0,209500.0
400,2021-10-21 04:02:20,57600.0,2400.0,209100.0
401,2021-10-21 04:00:08,57600.0,900.0,206700.0
402,2021-10-21 04:00:08,57600.0,100.0,205800.0
403,2021-10-21 03:59:30,57600.0,200.0,205700.0
404,2021-10-21 03:58:47,57600.0,100.0,205500.0
405,2021-10-21 03:58:47,57600.0,500.0,205400.0
406,2021-10-21 03:58:47,57600.0,200.0,204900.0
407,2021-10-21 03:58:47,57600.0,200.0,204700.0
408,2021-10-21 03:58:47,57600.0,900.0,204500.0
409,2021-10-21 03:58:22,57600.0,100.0,203600.0
410,2021-10-21 03:58:05,57600.0,200.0,203500.0
411,2021-10-21 03:55:45,57700.0,500.0,203300.0
412,2021-10-21 03:55:39,57600.0,100.0,202800.0
413,2021-10-21 03:55:04,57700.0,100.0,202700.0
414,2021-10-21 03:54:43,57700.0,300.0,202600.0
415,2021-10-21 03:53:47,57600.0,2300.0,202300.0
416,2021-10-21 03:52:39,57600.0,1400.0,200000.0
417,2021-10-21 03:52:39,57600.0,300.0,198600.0
418,2021-10-21 03:52:39,57600.0,200.0,198300.0
419,2021-10-21 03:52:39,57700.0,100.0,198100.0
420,2021-10-21 03:45:27,57800.0,1000.0,198000.0
421,2021-10-21 03:43:11,57800.0,100.0,197000.0
422,2021-10-21 03:42:47,57800.0,100.0,196900.0
423,2021-10-21 03:40:34,57900.0,100.0,196800.0
424,2021-10-21 03:37:42,57900.0,1300.0,196700.0
425,2021-10-21 03:37:42,57900.0,700.0,195400.0
426,2021-10-21 03:37:33,57900.0,100.0,194700.0
427,2021-10-21 03:36:12,57900.0,100.0,194600.0
428,2021-10-21 03:36:08,57900.0,9100.0,194500.0
429,2021-10-21 03:35:25,57900.0,400.0,185400.0
430,2021-10-21 03:35:25,57900.0,1000.0,185000.0
431,2021-10-21 03:31:49,58000.0,100.0,184000.0
432,2021-10-21 03:31:14,58000.0,100.0,183900.0
433,2021-10-21 03:30:28,58000.0,100.0,183800.0
434,2021-10-21 03:30:27,58000.0,100.0,183700.0
435,2021-10-21 03:29:56,58000.0,100.0,183600.0
436,2021-10-21 03:29:56,58000.0,100.0,183500.0
437,2021-10-21 03:29:56,58000.0,100.0,183400.0
438,2021-10-21 03:29:56,58000.0,100.0,183300.0
439,2021-10-21 03:29:56,58000.0,100.0,183200.0
440,2021-10-21 03:24:43,58000.0,100.0,183100.0
441,2021-10-21 03:24:43,58000.0,400.0,183000.0
442,2021-10-21 03:22:58,58000.0,3200.0,182600.0
443,2021-10-21 03:22:14,57800.0,400.0,179400.0
444,2021-10-21 03:19:43,57800.0,200.0,179000.0
445,2021-10-21 03:19:27,57500.0,500.0,178800.0
446,2021-10-21 03:19:06,57500.0,100.0,178300.0
447,2021-10-21 03:18:06,57500.0,1000.0,178200.0
448,2021-10-21 03:18:01,57500.0,900.0,177200.0
449,2021-10-21 03:17:46,57500.0,100.0,176300.0
450,2021-10-21 03:17:43,57500.0,3000.0,176200.0
451,2021-10-21 03:17:30,57500.0,500.0,173200.0
452,2021-10-21 03:16:57,57500.0,5000.0,172700.0
453,2021-10-21 03:16:57,57500.0,100.0,167700.0
454,2021-10-21 03:16:57,57500.0,100.0,167600.0
455,2021-10-21 03:16:57,57500.0,900.0,167500.0
456,2021-10-21 03:16:57,57600.0,100.0,166600.0
457,2021-10-21 03:16:57,57600.0,1000.0,166500.0
458,2021-10-21 03:16:57,57700.0,400.0,165500.0
459,2021-10-21 03:16:57,57700.0,100.0,165100.0
460,2021-10-21 03:16:57,57700.0,100.0,165000.0
461,2021-10-21 03:16:57,57700.0,1700.0,164900.0
462,2021-10-21 03:15:55,57700.0,300.0,163200.0
463,2021-10-21 03:15:55,57700.0,1700.0,162900.0
464,2021-10-21 03:15:44,57700.0,100.0,161200.0
465,2021-10-21 03:15:28,57700.0,1200.0,161100.0
466,2021-10-21 03:15:11,57800.0,500.0,159900.0
467,2021-10-21 03:14:26,57800.0,1000.0,159400.0
468,2021-10-21 03:13:26,57800.0,2000.0,158400.0
469,2021-10-21 03:13:23,57900.0,200.0,156400.0
470,2021-10-21 03:12:54,57900.0,200.0,156200.0
471,2021-10-21 03:12:54,57900.0,1500.0,156000.0
472,2021-10-21 03:12:51,57900.0,500.0,154500.0
473,2021-10-21 03:12:46,57900.0,100.0,154000.0
474,2021-10-21 03:12:43,57900.0,200.0,153900.0
475,2021-10-21 03:12:39,57900.0,900.0,153700.0
476,2021-10-21 03:12:38,57900.0,100.0,152800.0
477,2021-10-21 03:12:36,57900.0,1000.0,152700.0
478,2021-10-21 03:12:36,57900.0,500.0,151700.0
479,2021-10-21 03:12:02,57900.0,500.0,151200.0
480,2021-10-21 03:12:00,57900.0,5600.0,150700.0
481,2021-10-21 03:12:00,57900.0,1400.0,145100.0
482,2021-10-21 03:11:56,57900.0,1000.0,143700.0
483,2021-10-21 03:11:41,57900.0,500.0,142700.0
484,2021-10-21 03:11:03,57900.0,2000.0,142200.0
485,2021-10-21 03:10:44,57900.0,100.0,140200.0
486,2021-10-21 03:08:04,57900.0,300.0,140100.0
487,2021-10-21 03:07:05,57900.0,100.0,139800.0
488,2021-10-21 03:06:23,57900.0,100.0,139700.0
489,2021-10-21 03:05:01,57900.0,500.0,139600.0
490,2021-10-21 03:03:52,57900.0,500.0,139100.0
491,2021-10-21 03:03:09,58000.0,100.0,138600.0
492,2021-10-21 03:03:09,58000.0,200.0,138500.0
493,2021-10-21 03:03:09,58000.0,200.0,138300.0
494,2021-10-21 03:03:09,58000.0,100.0,138100.0
495,2021-10-21 03:03:09,58000.0,2000.0,138000.0
496,2021-10-21 03:03:09,58000.0,100.0,136000.0
497,2021-10-21 03:03:09,58000.0,200.0,135900.0
498,2021-10-21 03:03:09,58000.0,100.0,135700.0
499,2021-10-21 03:01:51,57900.0,300.0,135600.0
500,2021-10-21 02:59:41,58000.0,1000.0,135300.0
501,2021-10-21 02:59:41,58000.0,200.0,134300.0
502,2021-10-21 02:57:20,58000.0,100.0,134100.0
503,2021-10-21 02:56:56,58000.0,100.0,134000.0
504,2021-10-21 02:56:21,58000.0,500.0,133900.0
505,2021-10-21 02:56:09,58000.0,800.0,133400.0
506,2021-10-21 02:56:09,58000.0,200.0,132600.0
507,2021-10-21 02:55:57,58000.0,100.0,132400.0
508,2021-10-21 02:55:54,58000.0,200.0,132300.0
509,2021-10-21 02:55:38,58000.0,100.0,132100.0
510,2021-10-21 02:55:31,58000.0,100.0,132000.0
511,2021-10-21 02:55:31,58000.0,500.0,131900.0
512,2021-10-21 02:55:31,58000.0,800.0,131400.0
513,2021-10-21 02:55:28,57900.0,100.0,130600.0
514,2021-10-21 02:55:11,58000.0,1700.0,130500.0
515,2021-10-21 02:55:11,58000.0,1000.0,128800.0
516,2021-10-21 02:55:11,58000.0,200.0,127800.0
517,2021-10-21 02:55:07,58000.0,100.0,127600.0
518,2021-10-21 02:55:00,58000.0,1000.0,127500.0
519,2021-10-21 02:54:20,58000.0,2000.0,126500.0
520,2021-10-21 02:53:53,58000.0,100.0,124500.0
521,2021-10-21 02:53:53,58000.0,1000.0,124400.0
522,2021-10-21 02:53:17,58000.0,300.0,123400.0
523,2021-10-21 02:53:14,58000.0,200.0,123100.0
524,2021-10-21 02:53:02,58000.0,300.0,122900.0
525,2021-10-21 02:52:55,58000.0,100.0,122600.0
526,2021-10-21 02:52:45,58000.0,100.0,122500.0
527,2021-10-21 02:52:45,58000.0,1000.0,122400.0
528,2021-10-21 02:52:45,58000.0,100.0,121400.0
529,2021-10-21 02:52:45,58000.0,300.0,121300.0
530,2021-10-21 02:52:45,58000.0,100.0,121000.0
531,2021-10-21 02:52:45,58000.0,100.0,120900.0
532,2021-10-21 02:52:45,58000.0,500.0,120800.0
533,2021-10-21 02:52:45,58000.0,1000.0,120300.0
534,2021-10-21 02:52:45,58000.0,1000.0,119300.0
535,2021-10-21 02:52:45,58000.0,400.0,118300.0
536,2021-10-21 02:52:45,58000.0,100.0,117900.0
537,2021-10-21 02:52:45,58000.0,300.0,117800.0
538,2021-10-21 02:52:28,57900.0,1000.0,117500.0
539,2021-10-21 02:52:28,57900.0,500.0,116500.0
540,2021-10-21 02:52:28,57900.0,3100.0,116000.0
541,2021-10-21 02:51:47,57900.0,100.0,112900.0
542,2021-10-21 02:51:47,57900.0,100.0,112800.0
543,2021-10-21 02:51:47,57900.0,2800.0,112700.0
544,2021-10-21 02:51:05,57900.0,500.0,109900.0
545,2021-10-21 02:50:51,57900.0,1000.0,109400.0
546,2021-10-21 02:50:45,57900.0,400.0,108400.0
547,2021-10-21 02:50:40,57700.0,2000.0,108000.0
548,2021-10-21 02:48:33,57500.0,300.0,106000.0
549,2021-10-21 02:47:02,57500.0,100.0,105700.0
550,2021-10-21 02:44:16,57300.0,300.0,105600.0
551,2021-10-21 02:44:16,57500.0,1000.0,105300.0
552,2021-10-21 02:44:16,57500.0,500.0,104300.0
553,2021-10-21 02:44:16,57500.0,200.0,103800.0
554,2021-10-21 02:44:16,57500.0,800.0,103600.0
555,2021-10-21 02:44:16,57500.0,200.0,102800.0
556,2021-10-21 02:44:16,57500.0,100.0,102600.0
557,2021-10-21 02:44:16,57500.0,1900.0,102500.0
558,2021-10-21 02:43:24,57700.0,1200.0,100600.0
559,2021-10-21 02:42:37,57700.0,800.0,99400.0
560,2021-10-21 02:40:36,58000.0,700.0,98600.0
561,2021-10-21 02:40:24,58000.0,1000.0,97900.0
562,2021-10-21 02:40:24,58000.0,1000.0,96900.0
563,2021-10-21 02:40:24,58000.0,100.0,95900.0
564,2021-10-21 02:40:24,58000.0,2000.0,95800.0
565,2021-10-21 02:40:24,58000.0,200.0,93800.0
566,2021-10-21 02:39:05,58000.0,100.0,93600.0
567,2021-10-21 02:38:48,57700.0,100.0,93500.0
568,2021-10-21 02:38:35,57700.0,5000.0,93400.0
569,2021-10-21 02:38:32,57700.0,1000.0,88400.0
570,2021-10-21 02:38:20,57700.0,900.0,87400.0
571,2021-10-21 02:38:19,57700.0,100.0,86500.0
572,2021-10-21 02:38:19,57700.0,2100.0,86400.0
573,2021-10-21 02:38:19,57800.0,100.0,84300.0
574,2021-10-21 02:38:19,57900.0,100.0,84200.0
575,2021-10-21 02:38:19,57900.0,100.0,84100.0
576,2021-10-21 02:38:19,57900.0,500.0,84000.0
577,2021-10-21 02:37:40,58100.0,400.0,83500.0
578,2021-10-21 02:37:40,58000.0,600.0,83100.0
579,2021-10-21 02:37:09,57900.0,100.0,82500.0
580,2021-10-21 02:36:55,57900.0,400.0,82400.0
581,2021-10-21 02:36:55,57900.0,200.0,82000.0
582,2021-10-21 02:36:52,58000.0,400.0,81800.0
583,2021-10-21 02:36:52,58000.0,1000.0,81400.0
584,2021-10-21 02:36:52,58000.0,100.0,80400.0
585,2021-10-21 02:36:52,58000.0,1000.0,80300.0
586,2021-10-21 02:36:52,58000.0,100.0,79300.0
587,2021-10-21 02:36:52,58000.0,2400.0,79200.0
588,2021-10-21 02:36:12,58000.0,600.0,76800.0
589,2021-10-21 02:36:12,58000.0,100.0,76200.0
590,2021-10-21 02:35:15,58000.0,2400.0,76100.0
591,2021-10-21 02:35:15,58000.0,900.0,73700.0
592,2021-10-21 02:35:15,58100.0,1000.0,72800.0
593,2021-10-21 02:35:00,58100.0,400.0,71800.0
594,2021-10-21 02:34:56,58200.0,1200.0,71400.0
595,2021-10-21 02:34:56,58200.0,1000.0,70200.0
596,2021-10-21 02:34:56,58200.0,100.0,69200.0
597,2021-10-21 02:34:56,58200.0,100.0,69100.0
598,2021-10-21 02:34:56,58200.0,500.0,69000.0
599,2021-10-21 02:34:56,58200.0,1000.0,68500.0
600,2021-10-21 02:34:56,58200.0,100.0,67500.0
601,2021-10-21 02:34:56,58200.0,200.0,67400.0
602,2021-10-21 02:34:56,58200.0,2800.0,67200.0
603,2021-10-21 02:34:49,58100.0,100.0,64400.0
604,2021-10-21 02:34:49,58100.0,1000.0,64300.0
605,2021-10-21 02:34:49,58100.0,400.0,63300.0
606,2021-10-21 02:34:49,58100.0,100.0,62900.0
607,2021-10-21 02:34:37,58100.0,10000.0,62800.0
608,2021-10-21 02:34:23,58100.0,500.0,52800.0
609,2021-10-21 02:34:15,58100.0,100.0,52300.0
610,2021-10-21 02:34:12,58000.0,100.0,52200.0
611,2021-10-21 02:34:11,58100.0,100.0,52100.0
612,2021-10-21 02:33:32,58100.0,300.0,52000.0
613,2021-10-21 02:33:08,58200.0,100.0,51700.0
614,2021-10-21 02:33:08,58200.0,200.0,51600.0
615,2021-10-21 02:32:29,58200.0,1000.0,51400.0
616,2021-10-21 02:32:25,58200.0,900.0,50400.0
617,2021-10-21 02:32:25,58200.0,100.0,49500.0
618,2021-10-21 02:32:14,58100.0,1000.0,49400.0
619,2021-10-21 02:32:03,58000.0,100.0,48400.0
620,2021-10-21 02:32:03,58000.0,100.0,48300.0
621,2021-10-21 02:32:03,58000.0,100.0,48200.0
622,2021-10-21 02:32:00,58000.0,100.0,48100.0
623,2021-10-21 02:31:56,58000.0,500.0,48000.0
624,2021-10-21 02:31:50,58000.0,2300.0,47500.0
625,2021-10-21 02:31:50,58000.0,100.0,45200.0
626,2021-10-21 02:31:50,58000.0,200.0,45100.0
627,2021-10-21 02:31:50,58000.0,2000.0,44900.0
628,2021-10-21 02:31:50,58000.0,300.0,42900.0
629,2021-10-21 02:31:50,58000.0,100.0,42600.0
630,2021-10-21 02:31:27,58000.0,400.0,42500.0
631,2021-10-21 02:31:27,58000.0,500.0,42100.0
632,2021-10-21 02:31:27,58000.0,100.0,41600.0
633,2021-10-21 02:31:27,58000.0,100.0,41500.0
634,2021-10-21 02:31:27,58000.0,100.0,41400.0
635,2021-10-21 02:31:27,58000.0,300.0,41300.0
636,2021-10-21 02:31:04,58000.0,200.0,41000.0
637,2021-10-21 02:31:04,58000.0,200.0,40800.0
638,2021-10-21 02:31:04,58000.0,200.0,40600.0
639,2021-10-21 02:31:04,58000.0,500.0,40400.0
640,2021-10-21 02:31:04,58000.0,400.0,39900.0
641,2021-10-21 02:31:04,58000.0,400.0,39500.0
642,2021-10-21 02:31:04,58000.0,2000.0,39100.0
643,2021-10-21 02:31:04,58000.0,200.0,37100.0
644,2021-10-21 02:31:04,58000.0,1200.0,36900.0
645,2021-10-21 02:31:04,58000.0,1000.0,35700.0
646,2021-10-21 02:31:04,58000.0,1000.0,34700.0
647,2021-10-21 02:31:04,58000.0,100.0,33700.0
648,2021-10-21 02:31:04,58000.0,1500.0,33600.0
649,2021-10-21 02:31:04,58000.0,200.0,32100.0
650,2021-10-21 02:31:04,57800.0,500.0,31900.0
651,2021-10-21 02:31:04,57800.0,200.0,31400.0
652,2021-10-21 02:31:04,57800.0,100.0,31200.0
653,2021-10-21 02:31:04,57800.0,100.0,31100.0
654,2021-10-21 02:30:55,57700.0,100.0,31000.0
655,2021-10-21 02:30:27,57700.0,200.0,30900.0
656,2021-10-21 02:30:18,57700.0,100.0,30700.0
657,2021-10-21 02:30:18,57700.0,100.0,30600.0
658,2021-10-21 02:30:18,57700.0,300.0,30500.0
659,2021-10-21 02:30:11,57700.0,2000.0,30200.0
660,2021-10-21 02:29:51,57700.0,100.0,28200.0
661,2021-10-21 02:29:24,57700.0,900.0,28100.0
662,2021-10-21 02:29:24,57700.0,500.0,27200.0
663,2021-10-21 02:29:24,57700.0,100.0,26700.0
664,2021-10-21 02:29:04,57700.0,200.0,26600.0
665,2021-10-21 02:29:02,57600.0,100.0,26400.0
666,2021-10-21 02:28:59,57500.0,500.0,26300.0
667,2021-10-21 02:28:59,57600.0,100.0,25800.0
668,2021-10-21 02:28:46,57500.0,100.0,25700.0
669,2021-10-21 02:28:46,57500.0,500.0,25600.0
670,2021-10-21 02:28:46,57500.0,100.0,25100.0
671,2021-10-21 02:28:46,57500.0,100.0,25000.0
672,2021-10-21 02:28:46,57500.0,500.0,24900.0
673,2021-10-21 02:28:46,57500.0,300.0,24400.0
674,2021-10-21 02:28:37,57300.0,600.0,24100.0
675,2021-10-21 02:28:37,57300.0,400.0,23500.0
676,2021-10-21 02:28:37,57300.0,100.0,23100.0
677,2021-10-21 02:28:37,57300.0,500.0,23000.0
678,2021-10-21 02:28:37,57300.0,500.0,22500.0
679,2021-10-21 02:28:37,57300.0,900.0,22000.0
680,2021-10-21 02:28:27,57500.0,300.0,21100.0
681,2021-10-21 02:28:27,57500.0,100.0,20800.0
682,2021-10-21 02:28:27,57500.0,200.0,20700.0
683,2021-10-21 02:27:43,57300.0,1100.0,20500.0
684,2021-10-21 02:27:31,57400.0,200.0,19400.0
685,2021-10-21 02:26:54,57300.0,500.0,19200.0
686,2021-10-21 02:26:54,57300.0,100.0,18700.0
687,2021-10-21 02:26:54,57300.0,1000.0,18600.0
688,2021-10-21 02:26:54,57300.0,1400.0,17600.0
689,2021-10-21 02:26:50,57500.0,800.0,16200.0
690,2021-10-21 02:26:49,57500.0,200.0,15400.0
691,2021-10-21 02:25:20,57500.0,100.0,15200.0
692,2021-10-21 02:24:56,57300.0,100.0,15100.0
693,2021-10-21 02:24:56,57300.0,500.0,15000.0
694,2021-10-21 02:24:56,57300.0,300.0,14500.0
695,2021-10-21 02:24:56,57400.0,5000.0,14200.0
696,2021-10-21 02:24:01,57500.0,300.0,9200.0
697,2021-10-21 02:21:13,57500.0,800.0,8900.0
698,2021-10-21 02:21:03,57500.0,200.0,8100.0
699,2021-10-21 02:21:03,57500.0,300.0,7900.0
700,2021-10-21 02:19:57,57300.0,100.0,7600.0
701,2021-10-21 02:18:59,57300.0,2200.0,7500.0
702,2021-10-21 02:18:56,57300.0,1000.0,5300.0
703,2021-10-21 02:18:42,57300.0,1000.0,4300.0
704,2021-10-21 02:18:26,57300.0,400.0,3300.0
705,2021-10-21 02:17:37,57500.0,800.0,2900.0
706,2021-10-21 02:17:33,57500.0,300.0,2100.0
707,2021-10-21 02:15:00,57700.0,200.0,1800.0
708,2021-10-21 02:15:00,57700.0,300.0,1600.0
709,2021-10-21 02:15:00,57700.0,500.0,1300.0
710,2021-10-21 02:15:00,57700.0,200.0,800.0
711,2021-10-21 02:15:00,57700.0,500.0,600.0
712,2021-10-21 02:15:00,57700.0,100.0,100.0
