,Time,Price,Volume_per_trade,Volume
0,2021-09-30 14:45:00,29400.0,500.0,102700.0
1,2021-09-30 14:27:02,29500.0,500.0,102200.0
2,2021-09-30 14:26:30,29500.0,900.0,101700.0
3,2021-09-30 14:26:30,29500.0,100.0,100800.0
4,2021-09-30 14:23:56,29500.0,500.0,100700.0
5,2021-09-30 14:20:26,29500.0,400.0,100200.0
6,2021-09-30 14:17:43,29500.0,1000.0,99800.0
7,2021-09-30 14:15:31,29500.0,500.0,98800.0
8,2021-09-30 14:14:44,29500.0,200.0,98300.0
9,2021-09-30 14:06:38,29500.0,300.0,98100.0
10,2021-09-30 14:06:38,29500.0,200.0,97800.0
11,2021-09-30 13:56:05,29350.0,400.0,97600.0
12,2021-09-30 13:56:05,29350.0,200.0,97200.0
13,2021-09-30 13:56:05,29350.0,300.0,97000.0
14,2021-09-30 13:56:05,29350.0,100.0,96700.0
15,2021-09-30 13:55:32,29400.0,500.0,96600.0
16,2021-09-30 13:46:49,29400.0,900.0,96100.0
17,2021-09-30 13:42:11,29400.0,100.0,95200.0
18,2021-09-30 13:41:40,29300.0,100.0,95100.0
19,2021-09-30 13:37:18,29300.0,2000.0,95000.0
20,2021-09-30 13:34:28,29400.0,300.0,93000.0
21,2021-09-30 13:34:28,29400.0,300.0,92700.0
22,2021-09-30 13:34:28,29400.0,300.0,92400.0
23,2021-09-30 13:34:28,29400.0,500.0,92100.0
24,2021-09-30 13:34:28,29400.0,100.0,91600.0
25,2021-09-30 13:32:24,29500.0,1000.0,91500.0
26,2021-09-30 13:32:24,29500.0,100.0,90500.0
27,2021-09-30 13:26:07,29550.0,200.0,90400.0
28,2021-09-30 13:23:18,29550.0,1000.0,90200.0
29,2021-09-30 13:23:15,29550.0,500.0,89200.0
30,2021-09-30 13:20:58,29550.0,1000.0,88700.0
31,2021-09-30 13:20:46,29550.0,700.0,87700.0
32,2021-09-30 13:20:24,29550.0,200.0,87000.0
33,2021-09-30 13:20:03,29550.0,600.0,86800.0
34,2021-09-30 13:17:27,29600.0,100.0,86200.0
35,2021-09-30 13:16:57,29600.0,1200.0,86100.0
36,2021-09-30 13:15:18,29600.0,100.0,84900.0
37,2021-09-30 11:25:08,29600.0,100.0,84800.0
38,2021-09-30 11:24:57,29500.0,500.0,84700.0
39,2021-09-30 11:24:38,29500.0,400.0,84200.0
40,2021-09-30 11:12:59,29600.0,400.0,83800.0
41,2021-09-30 11:12:59,29500.0,1100.0,83400.0
42,2021-09-30 11:10:34,29500.0,100.0,82300.0
43,2021-09-30 11:08:01,29550.0,100.0,82200.0
44,2021-09-30 11:08:01,29550.0,400.0,82100.0
45,2021-09-30 11:07:22,29550.0,1100.0,81700.0
46,2021-09-30 11:07:22,29550.0,200.0,80600.0
47,2021-09-30 11:06:46,29600.0,500.0,80400.0
48,2021-09-30 11:06:01,29600.0,200.0,79900.0
49,2021-09-30 11:06:01,29600.0,800.0,79700.0
50,2021-09-30 11:04:42,29600.0,200.0,78900.0
51,2021-09-30 11:04:42,29600.0,300.0,78700.0
52,2021-09-30 11:03:18,29600.0,400.0,78400.0
53,2021-09-30 11:03:18,29600.0,200.0,78000.0
54,2021-09-30 11:00:22,29600.0,100.0,77800.0
55,2021-09-30 10:59:11,29600.0,200.0,77700.0
56,2021-09-30 10:54:51,29600.0,100.0,77500.0
57,2021-09-30 10:53:54,29700.0,300.0,77400.0
58,2021-09-30 10:53:38,29800.0,200.0,77100.0
59,2021-09-30 10:53:38,29800.0,100.0,76900.0
60,2021-09-30 10:53:38,29800.0,700.0,76800.0
61,2021-09-30 10:51:32,29700.0,200.0,76100.0
62,2021-09-30 10:50:06,29700.0,800.0,75900.0
63,2021-09-30 10:49:32,29700.0,200.0,75100.0
64,2021-09-30 10:48:48,29800.0,600.0,74900.0
65,2021-09-30 10:48:26,29800.0,500.0,74300.0
66,2021-09-30 10:47:54,29700.0,1000.0,73800.0
67,2021-09-30 10:47:16,29800.0,200.0,72800.0
68,2021-09-30 10:44:05,29800.0,100.0,72600.0
69,2021-09-30 10:43:34,29800.0,500.0,72500.0
70,2021-09-30 10:43:34,29800.0,100.0,72000.0
71,2021-09-30 10:43:34,29800.0,200.0,71900.0
72,2021-09-30 10:43:34,29800.0,100.0,71700.0
73,2021-09-30 10:40:49,29800.0,800.0,71600.0
74,2021-09-30 10:40:49,29700.0,700.0,70800.0
75,2021-09-30 10:40:49,29700.0,500.0,70100.0
76,2021-09-30 10:36:10,29550.0,300.0,69600.0
77,2021-09-30 10:35:53,29550.0,500.0,69300.0
78,2021-09-30 10:35:53,29550.0,200.0,68800.0
79,2021-09-30 10:35:53,29600.0,600.0,68600.0
80,2021-09-30 10:35:15,29650.0,1000.0,68000.0
81,2021-09-30 10:34:36,29700.0,300.0,67000.0
82,2021-09-30 10:31:51,29750.0,400.0,66700.0
83,2021-09-30 10:31:06,29750.0,1000.0,66300.0
84,2021-09-30 10:28:28,29800.0,1200.0,65300.0
85,2021-09-30 10:27:50,29800.0,900.0,64100.0
86,2021-09-30 10:27:50,29800.0,500.0,63200.0
87,2021-09-30 10:27:36,29800.0,300.0,62700.0
88,2021-09-30 10:27:25,29800.0,200.0,62400.0
89,2021-09-30 10:27:25,29800.0,100.0,62200.0
90,2021-09-30 10:27:25,29800.0,500.0,62100.0
91,2021-09-30 10:26:45,29800.0,400.0,61600.0
92,2021-09-30 10:25:21,29800.0,100.0,61200.0
93,2021-09-30 10:24:39,29800.0,100.0,61100.0
94,2021-09-30 10:24:07,29800.0,500.0,61000.0
95,2021-09-30 10:24:05,29800.0,100.0,60500.0
96,2021-09-30 10:22:02,29800.0,500.0,60400.0
97,2021-09-30 10:21:59,29800.0,1300.0,59900.0
98,2021-09-30 10:21:22,29800.0,100.0,58600.0
99,2021-09-30 10:20:38,29800.0,500.0,58500.0
100,2021-09-30 10:20:38,29800.0,100.0,58000.0
101,2021-09-30 10:20:30,29850.0,200.0,57900.0
102,2021-09-30 10:20:30,29850.0,100.0,57700.0
103,2021-09-30 10:20:23,29800.0,500.0,57600.0
104,2021-09-30 10:20:23,29800.0,500.0,57100.0
105,2021-09-30 10:19:40,29800.0,200.0,56600.0
106,2021-09-30 10:19:40,29800.0,300.0,56400.0
107,2021-09-30 10:19:12,29800.0,500.0,56100.0
108,2021-09-30 10:19:08,29800.0,600.0,55600.0
109,2021-09-30 10:19:07,29800.0,800.0,55000.0
110,2021-09-30 10:19:02,29800.0,1200.0,54200.0
111,2021-09-30 10:18:49,29800.0,200.0,53000.0
112,2021-09-30 10:18:36,29800.0,400.0,52800.0
113,2021-09-30 10:18:36,29800.0,400.0,52400.0
114,2021-09-30 10:18:36,29800.0,1000.0,52000.0
115,2021-09-30 10:16:59,29600.0,200.0,51000.0
116,2021-09-30 10:16:42,29600.0,800.0,50800.0
117,2021-09-30 10:16:17,29500.0,500.0,50000.0
118,2021-09-30 10:16:17,29500.0,100.0,49500.0
119,2021-09-30 10:16:17,29500.0,100.0,49400.0
120,2021-09-30 10:16:17,29500.0,200.0,49300.0
121,2021-09-30 10:15:28,29400.0,1000.0,49100.0
122,2021-09-30 10:15:21,29400.0,1000.0,48100.0
123,2021-09-30 10:14:46,29300.0,2000.0,47100.0
124,2021-09-30 10:14:46,29300.0,200.0,45100.0
125,2021-09-30 10:14:05,29300.0,100.0,44900.0
126,2021-09-30 10:12:18,29300.0,500.0,44800.0
127,2021-09-30 10:12:18,29300.0,100.0,44300.0
128,2021-09-30 10:10:35,29300.0,2000.0,44200.0
129,2021-09-30 10:09:19,29300.0,1000.0,42200.0
130,2021-09-30 10:09:19,29300.0,800.0,41200.0
131,2021-09-30 10:09:16,29300.0,100.0,40400.0
132,2021-09-30 10:08:40,29300.0,1100.0,40300.0
133,2021-09-30 10:08:27,29200.0,1800.0,39200.0
134,2021-09-30 10:07:51,29200.0,200.0,37400.0
135,2021-09-30 10:07:41,29200.0,500.0,37200.0
136,2021-09-30 10:07:41,29200.0,100.0,36700.0
137,2021-09-30 10:07:41,29200.0,200.0,36600.0
138,2021-09-30 10:04:44,29200.0,600.0,36400.0
139,2021-09-30 10:04:41,29300.0,400.0,35800.0
140,2021-09-30 10:04:41,29300.0,1000.0,35400.0
141,2021-09-30 10:04:41,29300.0,600.0,34400.0
142,2021-09-30 10:04:38,29200.0,100.0,33800.0
143,2021-09-30 10:03:13,29200.0,200.0,33700.0
144,2021-09-30 10:02:12,29200.0,100.0,33500.0
145,2021-09-30 10:01:51,29200.0,300.0,33400.0
146,2021-09-30 10:00:53,29200.0,100.0,33100.0
147,2021-09-30 10:00:49,29200.0,100.0,33000.0
148,2021-09-30 10:00:32,29200.0,1000.0,32900.0
149,2021-09-30 10:00:32,29200.0,4900.0,31900.0
150,2021-09-30 10:00:32,29200.0,100.0,27000.0
151,2021-09-30 10:00:32,29200.0,2900.0,26900.0
152,2021-09-30 10:00:32,29200.0,100.0,24000.0
153,2021-09-30 10:00:32,29200.0,400.0,23900.0
154,2021-09-30 10:00:32,29000.0,1100.0,23500.0
155,2021-09-30 09:57:05,29000.0,200.0,22400.0
156,2021-09-30 09:55:09,29000.0,200.0,22200.0
157,2021-09-30 09:55:09,29000.0,100.0,22000.0
158,2021-09-30 09:54:15,29000.0,300.0,21900.0
159,2021-09-30 09:53:11,29000.0,500.0,21600.0
160,2021-09-30 09:53:10,29000.0,500.0,21100.0
161,2021-09-30 09:53:10,29000.0,100.0,20600.0
162,2021-09-30 09:53:10,29000.0,500.0,20500.0
163,2021-09-30 09:53:10,29000.0,100.0,20000.0
164,2021-09-30 09:51:23,29000.0,300.0,19900.0
165,2021-09-30 09:51:23,29000.0,500.0,19600.0
166,2021-09-30 09:51:23,29000.0,300.0,19100.0
167,2021-09-30 09:51:23,29000.0,500.0,18800.0
168,2021-09-30 09:51:23,29000.0,200.0,18300.0
169,2021-09-30 09:50:13,29000.0,100.0,18100.0
170,2021-09-30 09:50:13,29000.0,100.0,18000.0
171,2021-09-30 09:47:00,29000.0,2400.0,17900.0
172,2021-09-30 09:47:00,29000.0,600.0,15500.0
173,2021-09-30 09:42:07,29000.0,800.0,14900.0
174,2021-09-30 09:42:07,29000.0,100.0,14100.0
175,2021-09-30 09:42:07,29000.0,1500.0,14000.0
176,2021-09-30 09:40:57,29000.0,200.0,12500.0
177,2021-09-30 09:40:57,29000.0,100.0,12300.0
178,2021-09-30 09:40:38,28800.0,100.0,12200.0
179,2021-09-30 09:35:20,29000.0,400.0,12100.0
180,2021-09-30 09:35:20,29000.0,100.0,11700.0
181,2021-09-30 09:30:09,29000.0,400.0,11600.0
182,2021-09-30 09:29:57,29000.0,100.0,11200.0
183,2021-09-30 09:29:57,29000.0,100.0,11100.0
184,2021-09-30 09:28:32,29200.0,1500.0,11000.0
185,2021-09-30 09:28:32,29200.0,100.0,9500.0
186,2021-09-30 09:26:07,29200.0,100.0,9400.0
187,2021-09-30 09:24:38,29200.0,900.0,9300.0
188,2021-09-30 09:23:48,29500.0,100.0,8400.0
189,2021-09-30 09:23:48,29500.0,300.0,8300.0
190,2021-09-30 09:23:48,29500.0,100.0,8000.0
191,2021-09-30 09:23:48,29500.0,500.0,7900.0
192,2021-09-30 09:23:48,29500.0,100.0,7400.0
193,2021-09-30 09:23:48,29400.0,1000.0,7300.0
194,2021-09-30 09:23:27,29000.0,100.0,6300.0
195,2021-09-30 09:20:36,29000.0,900.0,6200.0
196,2021-09-30 09:18:10,29000.0,100.0,5300.0
197,2021-09-30 09:16:58,29000.0,5000.0,5200.0
198,2021-09-30 09:15:00,28700.0,100.0,200.0
199,2021-09-30 09:15:00,28700.0,100.0,100.0
