,Time,Price,Volume_per_trade,Volume
0,2021-10-12 07:45:00,57200.0,100.0,1487400.0
1,2021-10-12 07:45:00,57200.0,5300.0,1487300.0
2,2021-10-12 07:45:00,57200.0,500.0,1482000.0
3,2021-10-12 07:45:00,57200.0,900.0,1481500.0
4,2021-10-12 07:45:00,57200.0,10000.0,1480600.0
5,2021-10-12 07:45:00,57200.0,300.0,1470600.0
6,2021-10-12 07:45:00,57200.0,700.0,1470300.0
7,2021-10-12 07:45:00,57200.0,1000.0,1469600.0
8,2021-10-12 07:45:00,57200.0,100.0,1468600.0
9,2021-10-12 07:45:00,57200.0,100.0,1468500.0
10,2021-10-12 07:45:00,57200.0,3000.0,1468400.0
11,2021-10-12 07:45:00,57200.0,200.0,1465400.0
12,2021-10-12 07:45:00,57200.0,900.0,1465200.0
13,2021-10-12 07:45:00,57200.0,100.0,1464300.0
14,2021-10-12 07:45:00,57200.0,400.0,1464200.0
15,2021-10-12 07:45:00,57200.0,1000.0,1463800.0
16,2021-10-12 07:45:00,57200.0,1500.0,1462800.0
17,2021-10-12 07:45:00,57200.0,4000.0,1461300.0
18,2021-10-12 07:45:00,57200.0,300.0,1457300.0
19,2021-10-12 07:45:00,57200.0,6000.0,1457000.0
20,2021-10-12 07:45:00,57200.0,400.0,1451000.0
21,2021-10-12 07:45:00,57200.0,400.0,1450600.0
22,2021-10-12 07:45:00,57200.0,5000.0,1450200.0
23,2021-10-12 07:45:00,57200.0,1000.0,1445200.0
24,2021-10-12 07:45:00,57200.0,100.0,1444200.0
25,2021-10-12 07:45:00,57200.0,5000.0,1444100.0
26,2021-10-12 07:45:00,57200.0,800.0,1439100.0
27,2021-10-12 07:45:00,57200.0,1000.0,1438300.0
28,2021-10-12 07:45:00,57200.0,7400.0,1437300.0
29,2021-10-12 07:45:00,57200.0,600.0,1429900.0
30,2021-10-12 07:45:00,57200.0,200.0,1429300.0
31,2021-10-12 07:45:00,57200.0,500.0,1429100.0
32,2021-10-12 07:45:00,57200.0,300.0,1428600.0
33,2021-10-12 07:45:00,57200.0,700.0,1428300.0
34,2021-10-12 07:45:00,57200.0,2000.0,1427600.0
35,2021-10-12 07:45:00,57200.0,200.0,1425600.0
36,2021-10-12 07:45:00,57200.0,200.0,1425400.0
37,2021-10-12 07:45:00,57200.0,500.0,1425200.0
38,2021-10-12 07:45:00,57200.0,100.0,1424700.0
39,2021-10-12 07:45:00,57200.0,500.0,1424600.0
40,2021-10-12 07:45:00,57200.0,500.0,1424100.0
41,2021-10-12 07:45:00,57200.0,300.0,1423600.0
42,2021-10-12 07:45:00,57200.0,1000.0,1423300.0
43,2021-10-12 07:29:41,57100.0,200.0,1422300.0
44,2021-10-12 07:28:49,57100.0,1800.0,1422100.0
45,2021-10-12 07:28:49,57100.0,1000.0,1420300.0
46,2021-10-12 07:28:49,57100.0,200.0,1419300.0
47,2021-10-12 07:28:44,57100.0,100.0,1419100.0
48,2021-10-12 07:28:44,57100.0,300.0,1419000.0
49,2021-10-12 07:28:44,57100.0,100.0,1418700.0
50,2021-10-12 07:28:44,57100.0,300.0,1418600.0
51,2021-10-12 07:28:44,57100.0,300.0,1418300.0
52,2021-10-12 07:28:08,57200.0,400.0,1418000.0
53,2021-10-12 07:27:08,57200.0,1000.0,1417600.0
54,2021-10-12 07:26:34,57100.0,1000.0,1416600.0
55,2021-10-12 07:25:36,57200.0,100.0,1415600.0
56,2021-10-12 07:25:25,57100.0,500.0,1415500.0
57,2021-10-12 07:25:16,57100.0,100.0,1415000.0
58,2021-10-12 07:24:23,57100.0,5400.0,1414900.0
59,2021-10-12 07:24:21,57200.0,2000.0,1409500.0
60,2021-10-12 07:24:15,57200.0,100.0,1407500.0
61,2021-10-12 07:24:03,57200.0,200.0,1407400.0
62,2021-10-12 07:24:03,57200.0,100.0,1407200.0
63,2021-10-12 07:24:00,57200.0,600.0,1407100.0
64,2021-10-12 07:24:00,57200.0,300.0,1406500.0
65,2021-10-12 07:24:00,57200.0,2500.0,1406200.0
66,2021-10-12 07:24:00,57200.0,100.0,1403700.0
67,2021-10-12 07:24:00,57200.0,100.0,1403600.0
68,2021-10-12 07:24:00,57200.0,300.0,1403500.0
69,2021-10-12 07:24:00,57200.0,100.0,1403200.0
70,2021-10-12 07:24:00,57200.0,100.0,1403100.0
71,2021-10-12 07:24:00,57200.0,100.0,1403000.0
72,2021-10-12 07:23:39,57200.0,300.0,1402900.0
73,2021-10-12 07:23:13,57200.0,100.0,1402600.0
74,2021-10-12 07:22:15,57200.0,2500.0,1402500.0
75,2021-10-12 07:22:15,57200.0,100.0,1400000.0
76,2021-10-12 07:22:15,57200.0,200.0,1399900.0
77,2021-10-12 07:20:39,57200.0,300.0,1399700.0
78,2021-10-12 07:20:35,57100.0,500.0,1399400.0
79,2021-10-12 07:20:23,57200.0,500.0,1398900.0
80,2021-10-12 07:19:10,57100.0,200.0,1398400.0
81,2021-10-12 07:17:19,57100.0,100.0,1398200.0
82,2021-10-12 07:17:13,57100.0,500.0,1398100.0
83,2021-10-12 07:17:13,57100.0,500.0,1397600.0
84,2021-10-12 07:17:13,57100.0,1000.0,1397100.0
85,2021-10-12 07:16:54,57000.0,400.0,1396100.0
86,2021-10-12 07:16:25,57000.0,200.0,1395700.0
87,2021-10-12 07:15:52,57000.0,100.0,1395500.0
88,2021-10-12 07:15:52,57000.0,300.0,1395400.0
89,2021-10-12 07:15:52,57000.0,600.0,1395100.0
90,2021-10-12 07:15:36,57000.0,2000.0,1394500.0
91,2021-10-12 07:15:34,57100.0,500.0,1392500.0
92,2021-10-12 07:15:18,57100.0,500.0,1392000.0
93,2021-10-12 07:15:18,57100.0,1500.0,1391500.0
94,2021-10-12 07:14:09,57000.0,200.0,1390000.0
95,2021-10-12 07:12:13,57000.0,200.0,1389800.0
96,2021-10-12 07:12:13,57000.0,300.0,1389600.0
97,2021-10-12 07:12:13,57000.0,500.0,1389300.0
98,2021-10-12 07:11:45,57000.0,100.0,1388800.0
99,2021-10-12 07:11:29,57000.0,1100.0,1388700.0
100,2021-10-12 07:11:29,57000.0,2000.0,1387600.0
101,2021-10-12 07:11:29,57000.0,1900.0,1385600.0
102,2021-10-12 07:11:00,57100.0,500.0,1383700.0
103,2021-10-12 07:11:00,57100.0,300.0,1383200.0
104,2021-10-12 07:11:00,57100.0,100.0,1382900.0
105,2021-10-12 07:11:00,57100.0,1000.0,1382800.0
106,2021-10-12 07:11:00,57100.0,200.0,1381800.0
107,2021-10-12 07:11:00,57100.0,1000.0,1381600.0
108,2021-10-12 07:11:00,57100.0,500.0,1380600.0
109,2021-10-12 07:11:00,57100.0,500.0,1380100.0
110,2021-10-12 07:11:00,57100.0,500.0,1379600.0
111,2021-10-12 07:11:00,57100.0,400.0,1379100.0
112,2021-10-12 07:08:40,57000.0,1000.0,1378700.0
113,2021-10-12 07:08:34,57000.0,1000.0,1377700.0
114,2021-10-12 07:08:34,57000.0,1100.0,1376700.0
115,2021-10-12 07:08:18,57000.0,1300.0,1375600.0
116,2021-10-12 07:08:18,57000.0,700.0,1374300.0
117,2021-10-12 07:08:00,57000.0,400.0,1373600.0
118,2021-10-12 07:07:45,57000.0,1000.0,1373200.0
119,2021-10-12 07:07:45,57000.0,500.0,1372200.0
120,2021-10-12 07:07:45,57000.0,500.0,1371700.0
121,2021-10-12 07:04:24,56900.0,3000.0,1371200.0
122,2021-10-12 07:03:55,56900.0,6700.0,1368200.0
123,2021-10-12 07:03:55,56900.0,100.0,1361500.0
124,2021-10-12 07:03:55,56900.0,500.0,1361400.0
125,2021-10-12 07:03:55,56900.0,1000.0,1360900.0
126,2021-10-12 07:03:55,56900.0,500.0,1359900.0
127,2021-10-12 07:03:55,56900.0,500.0,1359400.0
128,2021-10-12 07:03:55,56900.0,1100.0,1358900.0
129,2021-10-12 07:03:55,56900.0,5000.0,1357800.0
130,2021-10-12 07:03:55,56900.0,100.0,1352800.0
131,2021-10-12 07:03:55,56900.0,3000.0,1352700.0
132,2021-10-12 07:03:55,56900.0,100.0,1349700.0
133,2021-10-12 07:03:55,57000.0,200.0,1349600.0
134,2021-10-12 07:03:55,57000.0,200.0,1349400.0
135,2021-10-12 07:03:55,57000.0,200.0,1349200.0
136,2021-10-12 07:03:55,57000.0,100.0,1349000.0
137,2021-10-12 07:03:55,57000.0,700.0,1348900.0
138,2021-10-12 07:03:25,57100.0,400.0,1348200.0
139,2021-10-12 07:02:49,57100.0,200.0,1347800.0
140,2021-10-12 07:02:49,57100.0,100.0,1347600.0
141,2021-10-12 07:00:59,57000.0,1100.0,1347500.0
142,2021-10-12 07:00:59,57000.0,1000.0,1346400.0
143,2021-10-12 07:00:40,57000.0,500.0,1345400.0
144,2021-10-12 07:00:16,57000.0,500.0,1344900.0
145,2021-10-12 07:00:16,57000.0,300.0,1344400.0
146,2021-10-12 07:00:16,57000.0,100.0,1344100.0
147,2021-10-12 07:00:16,57000.0,100.0,1344000.0
148,2021-10-12 07:00:15,57000.0,2000.0,1343900.0
149,2021-10-12 06:59:47,57000.0,200.0,1341900.0
150,2021-10-12 06:59:37,57000.0,100.0,1341700.0
151,2021-10-12 06:59:35,57000.0,600.0,1341600.0
152,2021-10-12 06:59:18,57000.0,1000.0,1341000.0
153,2021-10-12 06:59:03,57000.0,500.0,1340000.0
154,2021-10-12 06:59:03,57000.0,1300.0,1339500.0
155,2021-10-12 06:59:03,57000.0,200.0,1338200.0
156,2021-10-12 06:59:03,57000.0,500.0,1338000.0
157,2021-10-12 06:59:03,57000.0,500.0,1337500.0
158,2021-10-12 06:58:04,57100.0,100.0,1337000.0
159,2021-10-12 06:58:02,57000.0,200.0,1336900.0
160,2021-10-12 06:58:02,57000.0,300.0,1336700.0
161,2021-10-12 06:57:45,57000.0,100.0,1336400.0
162,2021-10-12 06:57:45,57000.0,100.0,1336300.0
163,2021-10-12 06:56:26,57100.0,100.0,1336200.0
164,2021-10-12 06:55:30,57000.0,500.0,1336100.0
165,2021-10-12 06:54:29,57000.0,300.0,1335600.0
166,2021-10-12 06:53:36,57000.0,100.0,1335300.0
167,2021-10-12 06:53:24,57000.0,100.0,1335200.0
168,2021-10-12 06:53:06,57000.0,100.0,1335100.0
169,2021-10-12 06:52:58,57000.0,100.0,1335000.0
170,2021-10-12 06:52:57,57000.0,300.0,1334900.0
171,2021-10-12 06:52:51,57000.0,100.0,1334600.0
172,2021-10-12 06:52:49,57000.0,1000.0,1334500.0
173,2021-10-12 06:52:35,57000.0,1000.0,1333500.0
174,2021-10-12 06:52:11,57000.0,100.0,1332500.0
175,2021-10-12 06:51:54,57000.0,500.0,1332400.0
176,2021-10-12 06:51:16,57000.0,100.0,1331900.0
177,2021-10-12 06:50:47,57000.0,900.0,1331800.0
178,2021-10-12 06:50:27,57000.0,700.0,1330900.0
179,2021-10-12 06:50:27,57000.0,100.0,1330200.0
180,2021-10-12 06:50:10,57000.0,100.0,1330100.0
181,2021-10-12 06:50:10,57000.0,800.0,1330000.0
182,2021-10-12 06:50:10,57000.0,1000.0,1329200.0
183,2021-10-12 06:50:10,57000.0,500.0,1328200.0
184,2021-10-12 06:50:10,57000.0,200.0,1327700.0
185,2021-10-12 06:50:10,57000.0,500.0,1327500.0
186,2021-10-12 06:50:10,57000.0,200.0,1327000.0
187,2021-10-12 06:50:10,57000.0,100.0,1326800.0
188,2021-10-12 06:50:10,57000.0,100.0,1326700.0
189,2021-10-12 06:50:10,57000.0,1200.0,1326600.0
190,2021-10-12 06:50:10,57000.0,100.0,1325400.0
191,2021-10-12 06:50:10,57000.0,200.0,1325300.0
192,2021-10-12 06:49:58,57000.0,400.0,1325100.0
193,2021-10-12 06:49:58,57000.0,300.0,1324700.0
194,2021-10-12 06:49:52,57100.0,100.0,1324400.0
195,2021-10-12 06:49:26,57000.0,1700.0,1324300.0
196,2021-10-12 06:49:26,57000.0,500.0,1322600.0
197,2021-10-12 06:49:26,57000.0,800.0,1322100.0
198,2021-10-12 06:47:48,57000.0,2100.0,1321300.0
199,2021-10-12 06:47:25,57000.0,700.0,1319200.0
200,2021-10-12 06:46:27,57000.0,200.0,1318500.0
201,2021-10-12 06:45:43,57000.0,500.0,1318300.0
202,2021-10-12 06:45:42,57000.0,500.0,1317800.0
203,2021-10-12 06:45:25,57000.0,200.0,1317300.0
204,2021-10-12 06:45:25,57000.0,1000.0,1317100.0
205,2021-10-12 06:45:25,57000.0,3000.0,1316100.0
206,2021-10-12 06:45:25,57000.0,100.0,1313100.0
207,2021-10-12 06:45:25,57000.0,200.0,1313000.0
208,2021-10-12 06:45:25,57000.0,200.0,1312800.0
209,2021-10-12 06:45:25,57000.0,5000.0,1312600.0
210,2021-10-12 06:45:25,57000.0,2000.0,1307600.0
211,2021-10-12 06:45:25,57000.0,3000.0,1305600.0
212,2021-10-12 06:45:25,57000.0,300.0,1302600.0
213,2021-10-12 06:45:25,57000.0,100.0,1302300.0
214,2021-10-12 06:45:25,57000.0,500.0,1302200.0
215,2021-10-12 06:45:25,57000.0,200.0,1301700.0
216,2021-10-12 06:45:25,57000.0,500.0,1301500.0
217,2021-10-12 06:45:25,57000.0,100.0,1301000.0
218,2021-10-12 06:45:25,57000.0,1000.0,1300900.0
219,2021-10-12 06:45:25,57000.0,200.0,1299900.0
220,2021-10-12 06:45:25,57000.0,2400.0,1299700.0
221,2021-10-12 06:44:57,57000.0,1000.0,1297300.0
222,2021-10-12 06:44:10,57100.0,800.0,1296300.0
223,2021-10-12 06:44:10,57100.0,500.0,1295500.0
224,2021-10-12 06:44:10,57100.0,300.0,1295000.0
225,2021-10-12 06:43:56,57100.0,300.0,1294700.0
226,2021-10-12 06:43:23,57100.0,500.0,1294400.0
227,2021-10-12 06:43:20,57000.0,2000.0,1293900.0
228,2021-10-12 06:43:14,57100.0,1000.0,1291900.0
229,2021-10-12 06:42:39,57100.0,200.0,1290900.0
230,2021-10-12 06:42:21,57100.0,1000.0,1290700.0
231,2021-10-12 06:41:09,57100.0,800.0,1289700.0
232,2021-10-12 06:41:09,57100.0,200.0,1288900.0
233,2021-10-12 06:40:30,57100.0,500.0,1288700.0
234,2021-10-12 06:40:30,57100.0,800.0,1288200.0
235,2021-10-12 06:39:40,57100.0,200.0,1287400.0
236,2021-10-12 06:39:27,57100.0,500.0,1287200.0
237,2021-10-12 06:39:17,57100.0,100.0,1286700.0
238,2021-10-12 06:39:14,57100.0,1000.0,1286600.0
239,2021-10-12 06:39:12,57100.0,300.0,1285600.0
240,2021-10-12 06:39:05,57100.0,200.0,1285300.0
241,2021-10-12 06:39:02,57100.0,300.0,1285100.0
242,2021-10-12 06:38:27,57100.0,1000.0,1284800.0
243,2021-10-12 06:38:18,57100.0,100.0,1283800.0
244,2021-10-12 06:38:12,57100.0,900.0,1283700.0
245,2021-10-12 06:38:12,57100.0,100.0,1282800.0
246,2021-10-12 06:38:12,57100.0,500.0,1282700.0
247,2021-10-12 06:37:56,57100.0,200.0,1282200.0
248,2021-10-12 06:37:56,57100.0,100.0,1282000.0
249,2021-10-12 06:37:56,57100.0,1300.0,1281900.0
250,2021-10-12 06:37:56,57100.0,200.0,1280600.0
251,2021-10-12 06:37:56,57100.0,200.0,1280400.0
252,2021-10-12 06:37:56,57100.0,200.0,1280200.0
253,2021-10-12 06:37:56,57100.0,1000.0,1280000.0
254,2021-10-12 06:37:56,57100.0,1800.0,1279000.0
255,2021-10-12 06:37:14,57100.0,200.0,1277200.0
256,2021-10-12 06:35:46,57200.0,200.0,1277000.0
257,2021-10-12 06:35:17,57200.0,100.0,1276800.0
258,2021-10-12 06:35:07,57200.0,600.0,1276700.0
259,2021-10-12 06:34:48,57200.0,100.0,1276100.0
260,2021-10-12 06:34:20,57200.0,1000.0,1276000.0
261,2021-10-12 06:34:14,57200.0,100.0,1275000.0
262,2021-10-12 06:32:28,57200.0,100.0,1274900.0
263,2021-10-12 06:32:21,57200.0,1000.0,1274800.0
264,2021-10-12 06:32:10,57200.0,800.0,1273800.0
265,2021-10-12 06:32:10,57200.0,200.0,1273000.0
266,2021-10-12 06:32:06,57200.0,200.0,1272800.0
267,2021-10-12 06:32:06,57200.0,1300.0,1272600.0
268,2021-10-12 06:32:06,57200.0,500.0,1271300.0
269,2021-10-12 06:32:04,57200.0,100.0,1270800.0
270,2021-10-12 06:32:04,57200.0,500.0,1270700.0
271,2021-10-12 06:31:36,57200.0,500.0,1270200.0
272,2021-10-12 06:31:30,57200.0,500.0,1269700.0
273,2021-10-12 06:30:25,57100.0,100.0,1269200.0
274,2021-10-12 06:30:25,57100.0,300.0,1269100.0
275,2021-10-12 06:30:25,57100.0,100.0,1268800.0
276,2021-10-12 06:30:25,57100.0,7500.0,1268700.0
277,2021-10-12 06:30:19,57100.0,200.0,1261200.0
278,2021-10-12 06:30:15,57100.0,300.0,1261000.0
279,2021-10-12 06:30:08,57100.0,2000.0,1260700.0
280,2021-10-12 06:29:25,57000.0,1000.0,1258700.0
281,2021-10-12 06:28:46,57000.0,500.0,1257700.0
282,2021-10-12 06:28:12,57000.0,100.0,1257200.0
283,2021-10-12 06:28:10,57100.0,100.0,1257100.0
284,2021-10-12 06:27:48,57000.0,8000.0,1257000.0
285,2021-10-12 06:27:24,57000.0,5000.0,1249000.0
286,2021-10-12 06:27:06,57000.0,600.0,1244000.0
287,2021-10-12 06:27:06,57000.0,500.0,1243400.0
288,2021-10-12 06:27:06,57000.0,500.0,1242900.0
289,2021-10-12 06:27:06,57000.0,400.0,1242400.0
290,2021-10-12 06:26:42,57000.0,100.0,1242000.0
291,2021-10-12 06:26:42,57000.0,400.0,1241900.0
292,2021-10-12 06:26:22,57000.0,1600.0,1241500.0
293,2021-10-12 06:26:22,57000.0,100.0,1239900.0
294,2021-10-12 06:26:22,57000.0,800.0,1239800.0
295,2021-10-12 06:26:22,57000.0,200.0,1239000.0
296,2021-10-12 06:26:22,57000.0,300.0,1238800.0
297,2021-10-12 06:26:05,57000.0,4700.0,1238500.0
298,2021-10-12 06:26:05,57000.0,200.0,1233800.0
299,2021-10-12 06:26:05,57000.0,100.0,1233600.0
300,2021-10-12 06:26:05,57000.0,1000.0,1233500.0
301,2021-10-12 06:26:05,57000.0,5000.0,1232500.0
302,2021-10-12 06:26:05,57000.0,300.0,1227500.0
303,2021-10-12 06:26:05,57000.0,2000.0,1227200.0
304,2021-10-12 06:26:05,57000.0,500.0,1225200.0
305,2021-10-12 06:26:05,57000.0,100.0,1224700.0
306,2021-10-12 06:26:05,57000.0,100.0,1224600.0
307,2021-10-12 06:26:05,57000.0,100.0,1224500.0
308,2021-10-12 06:26:05,57000.0,100.0,1224400.0
309,2021-10-12 06:26:05,57000.0,1500.0,1224300.0
310,2021-10-12 06:26:05,57000.0,300.0,1222800.0
311,2021-10-12 06:26:05,57000.0,100.0,1222500.0
312,2021-10-12 06:26:05,57000.0,1000.0,1222400.0
313,2021-10-12 06:26:05,57000.0,200.0,1221400.0
314,2021-10-12 06:26:05,57000.0,2700.0,1221200.0
315,2021-10-12 06:25:51,57000.0,300.0,1218500.0
316,2021-10-12 06:25:37,57000.0,2000.0,1218200.0
317,2021-10-12 06:25:18,57100.0,500.0,1216200.0
318,2021-10-12 06:25:18,57100.0,200.0,1215700.0
319,2021-10-12 06:25:18,57100.0,19200.0,1215500.0
320,2021-10-12 06:25:12,57100.0,800.0,1196300.0
321,2021-10-12 06:25:12,57100.0,100.0,1195500.0
322,2021-10-12 06:25:12,57100.0,300.0,1195400.0
323,2021-10-12 06:25:12,57100.0,100.0,1195100.0
324,2021-10-12 06:25:12,57100.0,5000.0,1195000.0
325,2021-10-12 06:25:12,57100.0,300.0,1190000.0
326,2021-10-12 06:25:12,57100.0,200.0,1189700.0
327,2021-10-12 06:25:12,57100.0,2000.0,1189500.0
328,2021-10-12 06:25:12,57100.0,1100.0,1187500.0
329,2021-10-12 06:25:12,57100.0,100.0,1186400.0
330,2021-10-12 06:24:58,57200.0,100.0,1186300.0
331,2021-10-12 06:24:58,57200.0,400.0,1186200.0
332,2021-10-12 06:24:58,57200.0,100.0,1185800.0
333,2021-10-12 06:24:48,57200.0,100.0,1185700.0
334,2021-10-12 06:24:48,57200.0,200.0,1185600.0
335,2021-10-12 06:24:48,57200.0,500.0,1185400.0
336,2021-10-12 06:24:48,57200.0,200.0,1184900.0
337,2021-10-12 06:24:48,57200.0,3900.0,1184700.0
338,2021-10-12 06:23:59,57200.0,100.0,1180800.0
339,2021-10-12 06:23:47,57200.0,400.0,1180700.0
340,2021-10-12 06:23:47,57200.0,2000.0,1180300.0
341,2021-10-12 06:23:11,57200.0,3600.0,1178300.0
342,2021-10-12 06:23:11,57200.0,100.0,1174700.0
343,2021-10-12 06:23:11,57200.0,200.0,1174600.0
344,2021-10-12 06:23:11,57200.0,1000.0,1174400.0
345,2021-10-12 06:23:11,57200.0,100.0,1173400.0
346,2021-10-12 06:23:03,57300.0,100.0,1173300.0
347,2021-10-12 06:21:32,57300.0,300.0,1173200.0
348,2021-10-12 06:21:32,57300.0,100.0,1172900.0
349,2021-10-12 06:21:32,57300.0,200.0,1172800.0
350,2021-10-12 06:21:32,57300.0,400.0,1172600.0
351,2021-10-12 06:20:17,57300.0,100.0,1172200.0
352,2021-10-12 06:20:16,57200.0,500.0,1172100.0
353,2021-10-12 06:20:03,57200.0,500.0,1171600.0
354,2021-10-12 06:19:34,57200.0,700.0,1171100.0
355,2021-10-12 06:19:29,57200.0,500.0,1170400.0
356,2021-10-12 06:19:05,57200.0,4400.0,1169900.0
357,2021-10-12 06:19:05,57300.0,200.0,1165500.0
358,2021-10-12 06:18:56,57300.0,800.0,1165300.0
359,2021-10-12 06:18:44,57200.0,3000.0,1164500.0
360,2021-10-12 06:18:38,57200.0,10000.0,1161500.0
361,2021-10-12 06:17:36,57200.0,300.0,1151500.0
362,2021-10-12 06:17:36,57200.0,10000.0,1151200.0
363,2021-10-12 06:17:36,57200.0,3000.0,1141200.0
364,2021-10-12 06:17:36,57200.0,200.0,1138200.0
365,2021-10-12 06:17:36,57200.0,300.0,1138000.0
366,2021-10-12 06:17:36,57200.0,500.0,1137700.0
367,2021-10-12 06:17:36,57200.0,500.0,1137200.0
368,2021-10-12 06:17:36,57200.0,100.0,1136700.0
369,2021-10-12 06:17:36,57200.0,1000.0,1136600.0
370,2021-10-12 06:17:36,57200.0,3000.0,1135600.0
371,2021-10-12 06:17:36,57200.0,1000.0,1132600.0
372,2021-10-12 06:17:36,57200.0,100.0,1131600.0
373,2021-10-12 06:16:26,57300.0,100.0,1131500.0
374,2021-10-12 06:16:12,57300.0,1000.0,1131400.0
375,2021-10-12 06:15:44,57300.0,100.0,1130400.0
376,2021-10-12 06:15:44,57300.0,300.0,1130300.0
377,2021-10-12 06:15:44,57300.0,100.0,1130000.0
378,2021-10-12 06:15:44,57300.0,600.0,1129900.0
379,2021-10-12 06:14:04,57300.0,400.0,1129300.0
380,2021-10-12 06:13:59,57300.0,1000.0,1128900.0
381,2021-10-12 06:13:59,57300.0,500.0,1127900.0
382,2021-10-12 06:13:59,57300.0,100.0,1127400.0
383,2021-10-12 06:13:59,57300.0,500.0,1127300.0
384,2021-10-12 06:13:59,57300.0,200.0,1126800.0
385,2021-10-12 06:13:59,57300.0,100.0,1126600.0
386,2021-10-12 06:13:59,57300.0,200.0,1126500.0
387,2021-10-12 06:13:59,57300.0,100.0,1126300.0
388,2021-10-12 06:13:59,57300.0,100.0,1126200.0
389,2021-10-12 06:13:59,57300.0,100.0,1126100.0
390,2021-10-12 06:13:59,57300.0,1000.0,1126000.0
391,2021-10-12 06:13:59,57300.0,5000.0,1125000.0
392,2021-10-12 06:13:59,57300.0,500.0,1120000.0
393,2021-10-12 06:13:59,57300.0,10000.0,1119500.0
394,2021-10-12 06:13:59,57300.0,200.0,1109500.0
395,2021-10-12 06:13:56,57400.0,100.0,1109300.0
396,2021-10-12 06:13:55,57400.0,200.0,1109200.0
397,2021-10-12 06:13:47,57300.0,100.0,1109000.0
398,2021-10-12 06:13:45,57400.0,100.0,1108900.0
399,2021-10-12 06:13:35,57400.0,1000.0,1108800.0
400,2021-10-12 06:12:57,57400.0,100.0,1107800.0
401,2021-10-12 06:12:12,57400.0,200.0,1107700.0
402,2021-10-12 06:12:08,57300.0,500.0,1107500.0
403,2021-10-12 06:12:08,57300.0,100.0,1107000.0
404,2021-10-12 06:12:08,57300.0,100.0,1106900.0
405,2021-10-12 06:11:36,57300.0,400.0,1106800.0
406,2021-10-12 06:09:19,57400.0,5000.0,1106400.0
407,2021-10-12 06:09:19,57400.0,3700.0,1101400.0
408,2021-10-12 06:08:07,57400.0,100.0,1097700.0
409,2021-10-12 06:07:38,57400.0,100.0,1097600.0
410,2021-10-12 06:07:14,57400.0,300.0,1097500.0
411,2021-10-12 06:07:12,57400.0,1000.0,1097200.0
412,2021-10-12 06:07:12,57400.0,1000.0,1096200.0
413,2021-10-12 06:07:12,57400.0,100.0,1095200.0
414,2021-10-12 06:07:12,57400.0,1000.0,1095100.0
415,2021-10-12 06:07:12,57400.0,100.0,1094100.0
416,2021-10-12 06:07:12,57400.0,400.0,1094000.0
417,2021-10-12 06:06:47,57400.0,100.0,1093600.0
418,2021-10-12 06:04:19,57400.0,500.0,1093500.0
419,2021-10-12 06:04:19,57400.0,300.0,1093000.0
420,2021-10-12 06:04:19,57400.0,200.0,1092700.0
421,2021-10-12 06:04:19,57400.0,200.0,1092500.0
422,2021-10-12 06:04:19,57400.0,200.0,1092300.0
423,2021-10-12 06:03:56,57400.0,100.0,1092100.0
424,2021-10-12 06:03:39,57400.0,500.0,1092000.0
425,2021-10-12 06:03:35,57400.0,100.0,1091500.0
426,2021-10-12 06:03:27,57400.0,100.0,1091400.0
427,2021-10-12 06:03:27,57400.0,100.0,1091300.0
428,2021-10-12 06:01:24,57400.0,400.0,1091200.0
429,2021-10-12 06:01:24,57400.0,600.0,1090800.0
430,2021-10-12 06:00:50,57400.0,100.0,1090200.0
431,2021-10-12 06:00:35,57400.0,800.0,1090100.0
432,2021-10-12 06:00:35,57400.0,500.0,1089300.0
433,2021-10-12 06:00:33,57400.0,100.0,1088800.0
434,2021-10-12 06:00:32,57400.0,200.0,1088700.0
435,2021-10-12 06:00:32,57400.0,100.0,1088500.0
436,2021-10-12 06:00:31,57400.0,300.0,1088400.0
437,2021-10-12 06:00:26,57400.0,400.0,1088100.0
438,2021-10-12 06:00:22,57400.0,200.0,1087700.0
439,2021-10-12 06:00:15,57400.0,500.0,1087500.0
440,2021-10-12 06:00:15,57400.0,300.0,1087000.0
441,2021-10-12 06:00:11,57400.0,1000.0,1086700.0
442,2021-10-12 06:00:08,57300.0,500.0,1085700.0
443,2021-10-12 06:00:08,57300.0,500.0,1085200.0
444,2021-10-12 06:00:03,57400.0,200.0,1084700.0
445,2021-10-12 06:00:03,57400.0,500.0,1084500.0
446,2021-10-12 06:00:01,57400.0,1000.0,1084000.0
447,2021-10-12 06:00:01,57400.0,100.0,1083000.0
448,2021-10-12 06:00:01,57400.0,100.0,1082900.0
449,2021-10-12 06:00:01,57400.0,100.0,1082800.0
450,2021-10-12 04:28:13,57400.0,200.0,1082700.0
451,2021-10-12 04:28:13,57400.0,200.0,1082500.0
452,2021-10-12 04:28:13,57400.0,300.0,1082300.0
453,2021-10-12 04:27:52,57400.0,500.0,1082000.0
454,2021-10-12 04:27:52,57400.0,100.0,1081500.0
455,2021-10-12 04:27:52,57400.0,500.0,1081400.0
456,2021-10-12 04:27:52,57400.0,100.0,1080900.0
457,2021-10-12 04:27:52,57400.0,100.0,1080800.0
458,2021-10-12 04:27:52,57400.0,400.0,1080700.0
459,2021-10-12 04:27:08,57400.0,100.0,1080300.0
460,2021-10-12 04:26:45,57400.0,200.0,1080200.0
461,2021-10-12 04:26:35,57400.0,500.0,1080000.0
462,2021-10-12 04:25:52,57400.0,100.0,1079500.0
463,2021-10-12 04:25:49,57500.0,1000.0,1079400.0
464,2021-10-12 04:25:18,57400.0,200.0,1078400.0
465,2021-10-12 04:25:18,57400.0,1000.0,1078200.0
466,2021-10-12 04:25:18,57400.0,800.0,1077200.0
467,2021-10-12 04:25:18,57400.0,1000.0,1076400.0
468,2021-10-12 04:25:18,57400.0,100.0,1075400.0
469,2021-10-12 04:25:18,57400.0,900.0,1075300.0
470,2021-10-12 04:25:14,57400.0,100.0,1074400.0
471,2021-10-12 04:24:57,57400.0,200.0,1074300.0
472,2021-10-12 04:24:57,57400.0,100.0,1074100.0
473,2021-10-12 04:23:41,57400.0,900.0,1074000.0
474,2021-10-12 04:23:39,57400.0,100.0,1073100.0
475,2021-10-12 04:23:26,57400.0,100.0,1073000.0
476,2021-10-12 04:23:15,57400.0,1800.0,1072900.0
477,2021-10-12 04:23:06,57400.0,200.0,1071100.0
478,2021-10-12 04:22:51,57400.0,1600.0,1070900.0
479,2021-10-12 04:22:51,57400.0,2400.0,1069300.0
480,2021-10-12 04:22:51,57400.0,700.0,1066900.0
481,2021-10-12 04:22:51,57400.0,900.0,1066200.0
482,2021-10-12 04:22:51,57400.0,200.0,1065300.0
483,2021-10-12 04:22:51,57400.0,3000.0,1065100.0
484,2021-10-12 04:22:51,57400.0,1200.0,1062100.0
485,2021-10-12 04:21:44,57400.0,800.0,1060900.0
486,2021-10-12 04:21:44,57400.0,200.0,1060100.0
487,2021-10-12 04:21:44,57400.0,1000.0,1059900.0
488,2021-10-12 04:20:28,57500.0,100.0,1058900.0
489,2021-10-12 04:20:23,57500.0,1000.0,1058800.0
490,2021-10-12 04:19:17,57500.0,2300.0,1057800.0
491,2021-10-12 04:17:27,57400.0,100.0,1055500.0
492,2021-10-12 04:16:55,57400.0,400.0,1055400.0
493,2021-10-12 04:16:23,57400.0,200.0,1055000.0
494,2021-10-12 04:16:01,57400.0,500.0,1054800.0
495,2021-10-12 04:15:56,57400.0,100.0,1054300.0
496,2021-10-12 04:15:45,57400.0,500.0,1054200.0
497,2021-10-12 04:15:00,57400.0,100.0,1053700.0
498,2021-10-12 04:15:00,57400.0,400.0,1053600.0
499,2021-10-12 04:15:00,57400.0,400.0,1053200.0
500,2021-10-12 04:14:35,57300.0,500.0,1052800.0
501,2021-10-12 04:14:26,57300.0,3000.0,1052300.0
502,2021-10-12 04:14:26,57300.0,100.0,1049300.0
503,2021-10-12 04:14:26,57300.0,100.0,1049200.0
504,2021-10-12 04:14:26,57300.0,100.0,1049100.0
505,2021-10-12 04:14:26,57300.0,300.0,1049000.0
506,2021-10-12 04:14:26,57300.0,1400.0,1048700.0
507,2021-10-12 04:14:11,57300.0,500.0,1047300.0
508,2021-10-12 04:13:42,57400.0,100.0,1046800.0
509,2021-10-12 04:13:42,57400.0,200.0,1046700.0
510,2021-10-12 04:13:14,57400.0,100.0,1046500.0
511,2021-10-12 04:12:57,57300.0,300.0,1046400.0
512,2021-10-12 04:12:38,57300.0,2800.0,1046100.0
513,2021-10-12 04:12:38,57300.0,500.0,1043300.0
514,2021-10-12 04:12:38,57300.0,100.0,1042800.0
515,2021-10-12 04:12:26,57400.0,700.0,1042700.0
516,2021-10-12 04:12:26,57400.0,100.0,1042000.0
517,2021-10-12 04:12:26,57400.0,100.0,1041900.0
518,2021-10-12 04:12:26,57400.0,100.0,1041800.0
519,2021-10-12 04:12:26,57400.0,100.0,1041700.0
520,2021-10-12 04:11:39,57400.0,1000.0,1041600.0
521,2021-10-12 04:10:40,57300.0,100.0,1040600.0
522,2021-10-12 04:10:27,57300.0,800.0,1040500.0
523,2021-10-12 04:10:27,57300.0,100.0,1039700.0
524,2021-10-12 04:10:27,57300.0,9000.0,1039600.0
525,2021-10-12 04:09:44,57300.0,1000.0,1030600.0
526,2021-10-12 04:09:40,57300.0,700.0,1029600.0
527,2021-10-12 04:09:40,57300.0,500.0,1028900.0
528,2021-10-12 04:09:40,57300.0,500.0,1028400.0
529,2021-10-12 04:09:40,57300.0,300.0,1027900.0
530,2021-10-12 04:09:40,57300.0,100.0,1027600.0
531,2021-10-12 04:09:40,57300.0,100.0,1027500.0
532,2021-10-12 04:09:40,57300.0,300.0,1027400.0
533,2021-10-12 04:09:40,57300.0,1000.0,1027100.0
534,2021-10-12 04:09:40,57400.0,500.0,1026100.0
535,2021-10-12 04:09:20,57300.0,200.0,1025600.0
536,2021-10-12 04:09:20,57300.0,500.0,1025400.0
537,2021-10-12 04:09:20,57300.0,4300.0,1024900.0
538,2021-10-12 04:09:07,57500.0,200.0,1020600.0
539,2021-10-12 04:08:51,57300.0,100.0,1020400.0
540,2021-10-12 04:08:03,57300.0,100.0,1020300.0
541,2021-10-12 04:07:33,57300.0,100.0,1020200.0
542,2021-10-12 04:07:25,57500.0,3200.0,1020100.0
543,2021-10-12 04:07:25,57500.0,500.0,1016900.0
544,2021-10-12 04:07:25,57500.0,3000.0,1016400.0
545,2021-10-12 04:07:25,57500.0,100.0,1013400.0
546,2021-10-12 04:07:25,57500.0,500.0,1013300.0
547,2021-10-12 04:07:25,57500.0,400.0,1012800.0
548,2021-10-12 04:07:25,57500.0,200.0,1012400.0
549,2021-10-12 04:07:25,57500.0,100.0,1012200.0
550,2021-10-12 04:07:25,57400.0,100.0,1012100.0
551,2021-10-12 04:07:25,57400.0,1000.0,1012000.0
552,2021-10-12 04:07:25,57400.0,900.0,1011000.0
553,2021-10-12 04:06:08,57300.0,400.0,1010100.0
554,2021-10-12 04:06:08,57300.0,300.0,1009700.0
555,2021-10-12 04:06:08,57300.0,2000.0,1009400.0
556,2021-10-12 04:06:08,57300.0,700.0,1007400.0
557,2021-10-12 04:05:53,57400.0,100.0,1006700.0
558,2021-10-12 04:05:53,57400.0,100.0,1006600.0
559,2021-10-12 04:05:17,57300.0,500.0,1006500.0
560,2021-10-12 04:04:46,57300.0,100.0,1006000.0
561,2021-10-12 04:03:46,57300.0,700.0,1005900.0
562,2021-10-12 04:03:46,57300.0,3000.0,1005200.0
563,2021-10-12 04:03:22,57300.0,5000.0,1002200.0
564,2021-10-12 04:02:23,57200.0,200.0,997200.0
565,2021-10-12 04:01:02,57100.0,100.0,997000.0
566,2021-10-12 04:01:02,57100.0,700.0,996900.0
567,2021-10-12 04:01:02,57200.0,200.0,996200.0
568,2021-10-12 04:01:02,57300.0,1000.0,996000.0
569,2021-10-12 04:00:52,57300.0,3000.0,995000.0
570,2021-10-12 04:00:20,57300.0,100.0,992000.0
571,2021-10-12 04:00:12,57300.0,1000.0,991900.0
572,2021-10-12 04:00:12,57300.0,1000.0,990900.0
573,2021-10-12 04:00:12,57300.0,500.0,989900.0
574,2021-10-12 04:00:12,57300.0,5000.0,989400.0
575,2021-10-12 04:00:12,57300.0,400.0,984400.0
576,2021-10-12 03:59:20,57400.0,100.0,984000.0
577,2021-10-12 03:59:14,57400.0,100.0,983900.0
578,2021-10-12 03:59:14,57400.0,100.0,983800.0
579,2021-10-12 03:59:00,57400.0,100.0,983700.0
580,2021-10-12 03:58:42,57300.0,200.0,983600.0
581,2021-10-12 03:58:38,57300.0,400.0,983400.0
582,2021-10-12 03:58:18,57300.0,900.0,983000.0
583,2021-10-12 03:57:55,57300.0,100.0,982100.0
584,2021-10-12 03:57:54,57300.0,200.0,982000.0
585,2021-10-12 03:57:54,57300.0,200.0,981800.0
586,2021-10-12 03:57:54,57300.0,2000.0,981600.0
587,2021-10-12 03:57:54,57300.0,1200.0,979600.0
588,2021-10-12 03:57:48,57300.0,500.0,978400.0
589,2021-10-12 03:57:31,57400.0,200.0,977900.0
590,2021-10-12 03:57:26,57300.0,500.0,977700.0
591,2021-10-12 03:57:25,57400.0,200.0,977200.0
592,2021-10-12 03:57:18,57400.0,500.0,977000.0
593,2021-10-12 03:57:18,57400.0,500.0,976500.0
594,2021-10-12 03:57:18,57400.0,500.0,976000.0
595,2021-10-12 03:57:14,57600.0,100.0,975500.0
596,2021-10-12 03:57:14,57600.0,500.0,975400.0
597,2021-10-12 03:57:14,57600.0,300.0,974900.0
598,2021-10-12 03:57:14,57500.0,100.0,974600.0
599,2021-10-12 03:57:04,57500.0,100.0,974500.0
600,2021-10-12 03:56:59,57500.0,200.0,974400.0
601,2021-10-12 03:56:48,57500.0,100.0,974200.0
602,2021-10-12 03:56:48,57500.0,1000.0,974100.0
603,2021-10-12 03:56:48,57500.0,200.0,973100.0
604,2021-10-12 03:56:48,57500.0,1700.0,972900.0
605,2021-10-12 03:56:44,57600.0,100.0,971200.0
606,2021-10-12 03:56:41,57600.0,100.0,971100.0
607,2021-10-12 03:56:41,57600.0,100.0,971000.0
608,2021-10-12 03:56:38,57600.0,100.0,970900.0
609,2021-10-12 03:56:15,57600.0,400.0,970800.0
610,2021-10-12 03:56:15,57600.0,1000.0,970400.0
611,2021-10-12 03:56:15,57700.0,100.0,969400.0
612,2021-10-12 03:56:15,57700.0,500.0,969300.0
613,2021-10-12 03:56:06,57800.0,900.0,968800.0
614,2021-10-12 03:56:06,57800.0,100.0,967900.0
615,2021-10-12 03:55:43,57800.0,100.0,967800.0
616,2021-10-12 03:55:42,57800.0,100.0,967700.0
617,2021-10-12 03:55:42,57800.0,900.0,967600.0
618,2021-10-12 03:55:38,57800.0,400.0,966700.0
619,2021-10-12 03:55:36,57800.0,6900.0,966300.0
620,2021-10-12 03:55:35,57800.0,500.0,959400.0
621,2021-10-12 03:55:33,57800.0,500.0,958900.0
622,2021-10-12 03:55:20,57800.0,500.0,958400.0
623,2021-10-12 03:55:16,57900.0,500.0,957900.0
624,2021-10-12 03:55:03,57800.0,200.0,957400.0
625,2021-10-12 03:54:56,57800.0,100.0,957200.0
626,2021-10-12 03:54:52,57800.0,100.0,957100.0
627,2021-10-12 03:54:51,57800.0,100.0,957000.0
628,2021-10-12 03:54:44,57800.0,200.0,956900.0
629,2021-10-12 03:54:44,57800.0,1600.0,956700.0
630,2021-10-12 03:54:44,57800.0,1000.0,955100.0
631,2021-10-12 03:54:41,57800.0,200.0,954100.0
632,2021-10-12 03:54:40,57800.0,2000.0,953900.0
633,2021-10-12 03:54:36,57800.0,200.0,951900.0
634,2021-10-12 03:54:28,57900.0,2400.0,951700.0
635,2021-10-12 03:54:28,57800.0,100.0,949300.0
636,2021-10-12 03:54:15,57900.0,4000.0,949200.0
637,2021-10-12 03:54:15,57900.0,1000.0,945200.0
638,2021-10-12 03:54:15,57900.0,4000.0,944200.0
639,2021-10-12 03:54:15,57800.0,100.0,940200.0
640,2021-10-12 03:54:15,57800.0,900.0,940100.0
641,2021-10-12 03:54:14,57700.0,100.0,939200.0
642,2021-10-12 03:54:06,57800.0,100.0,939100.0
643,2021-10-12 03:53:58,57700.0,100.0,939000.0
644,2021-10-12 03:53:58,57600.0,400.0,938900.0
645,2021-10-12 03:53:41,57500.0,1100.0,938500.0
646,2021-10-12 03:53:41,57500.0,300.0,937400.0
647,2021-10-12 03:53:41,57500.0,100.0,937100.0
648,2021-10-12 03:53:41,57500.0,1500.0,937000.0
649,2021-10-12 03:53:41,57500.0,500.0,935500.0
650,2021-10-12 03:53:41,57500.0,100.0,935000.0
651,2021-10-12 03:53:41,57500.0,500.0,934900.0
652,2021-10-12 03:53:41,57500.0,6200.0,934400.0
653,2021-10-12 03:53:41,57500.0,5000.0,928200.0
654,2021-10-12 03:53:41,57500.0,100.0,923200.0
655,2021-10-12 03:53:29,57500.0,8700.0,923100.0
656,2021-10-12 03:53:29,57500.0,100.0,914400.0
657,2021-10-12 03:53:29,57500.0,100.0,914300.0
658,2021-10-12 03:53:29,57500.0,100.0,914200.0
659,2021-10-12 03:53:29,57400.0,1000.0,914100.0
660,2021-10-12 03:53:29,57400.0,300.0,913100.0
661,2021-10-12 03:53:24,57400.0,400.0,912800.0
662,2021-10-12 03:53:22,57400.0,1200.0,912400.0
663,2021-10-12 03:53:18,57400.0,2000.0,911200.0
664,2021-10-12 03:53:17,57400.0,100.0,909200.0
665,2021-10-12 03:53:09,57300.0,100.0,909100.0
666,2021-10-12 03:53:09,57300.0,600.0,909000.0
667,2021-10-12 03:53:09,57300.0,2000.0,908400.0
668,2021-10-12 03:53:09,57300.0,100.0,906400.0
669,2021-10-12 03:52:58,57200.0,100.0,906300.0
670,2021-10-12 03:52:54,57200.0,300.0,906200.0
671,2021-10-12 03:52:54,57200.0,200.0,905900.0
672,2021-10-12 03:52:52,57200.0,300.0,905700.0
673,2021-10-12 03:52:43,57200.0,500.0,905400.0
674,2021-10-12 03:52:42,57100.0,300.0,904900.0
675,2021-10-12 03:52:35,57000.0,500.0,904600.0
676,2021-10-12 03:52:35,57000.0,100.0,904100.0
677,2021-10-12 03:52:34,57000.0,500.0,904000.0
678,2021-10-12 03:52:34,57000.0,600.0,903500.0
679,2021-10-12 03:52:34,57000.0,200.0,902900.0
680,2021-10-12 03:52:33,57000.0,300.0,902700.0
681,2021-10-12 03:52:33,57000.0,1900.0,902400.0
682,2021-10-12 03:52:32,57000.0,100.0,900500.0
683,2021-10-12 03:52:32,57000.0,300.0,900400.0
684,2021-10-12 03:52:32,57000.0,100.0,900100.0
685,2021-10-12 03:52:31,57000.0,100.0,900000.0
686,2021-10-12 03:52:30,57000.0,100.0,899900.0
687,2021-10-12 03:52:29,57000.0,100.0,899800.0
688,2021-10-12 03:52:29,57000.0,100.0,899700.0
689,2021-10-12 03:52:29,57000.0,100.0,899600.0
690,2021-10-12 03:52:29,57000.0,100.0,899500.0
691,2021-10-12 03:52:29,57000.0,100.0,899400.0
692,2021-10-12 03:52:25,57000.0,200.0,899300.0
693,2021-10-12 03:52:21,57000.0,700.0,899100.0
694,2021-10-12 03:52:21,57000.0,100.0,898400.0
695,2021-10-12 03:52:21,57000.0,2200.0,898300.0
696,2021-10-12 03:52:19,57000.0,500.0,896100.0
697,2021-10-12 03:52:18,56900.0,100.0,895600.0
698,2021-10-12 03:52:17,57000.0,800.0,895500.0
699,2021-10-12 03:52:15,57000.0,200.0,894700.0
700,2021-10-12 03:52:15,57000.0,1000.0,894500.0
701,2021-10-12 03:52:14,57000.0,300.0,893500.0
702,2021-10-12 03:52:12,57000.0,200.0,893200.0
703,2021-10-12 03:52:06,57000.0,14800.0,893000.0
704,2021-10-12 03:52:06,57000.0,100.0,878200.0
705,2021-10-12 03:52:06,57000.0,4000.0,878100.0
706,2021-10-12 03:52:06,57000.0,1000.0,874100.0
707,2021-10-12 03:52:06,57000.0,100.0,873100.0
708,2021-10-12 03:51:40,56900.0,300.0,873000.0
709,2021-10-12 03:51:35,56900.0,100.0,872700.0
710,2021-10-12 03:51:35,56900.0,100.0,872600.0
711,2021-10-12 03:51:33,56900.0,300.0,872500.0
712,2021-10-12 03:51:29,56900.0,100.0,872200.0
713,2021-10-12 03:51:29,56900.0,1300.0,872100.0
714,2021-10-12 03:51:27,56900.0,500.0,870800.0
715,2021-10-12 03:51:10,56900.0,200.0,870300.0
716,2021-10-12 03:51:10,56900.0,100.0,870100.0
717,2021-10-12 03:51:10,56900.0,400.0,870000.0
718,2021-10-12 03:51:02,56900.0,9600.0,869600.0
719,2021-10-12 03:51:02,56900.0,100.0,860000.0
720,2021-10-12 03:51:02,56900.0,100.0,859900.0
721,2021-10-12 03:51:02,56900.0,200.0,859800.0
722,2021-10-12 03:49:58,56800.0,700.0,859600.0
723,2021-10-12 03:49:58,56800.0,100.0,858900.0
724,2021-10-12 03:49:58,56800.0,1200.0,858800.0
725,2021-10-12 03:49:54,56800.0,2000.0,857600.0
726,2021-10-12 03:49:47,56800.0,1000.0,855600.0
727,2021-10-12 03:49:40,56800.0,800.0,854600.0
728,2021-10-12 03:49:40,56800.0,200.0,853800.0
729,2021-10-12 03:49:37,56800.0,100.0,853600.0
730,2021-10-12 03:49:32,56800.0,200.0,853500.0
731,2021-10-12 03:49:32,56800.0,300.0,853300.0
732,2021-10-12 03:49:22,56800.0,100.0,853000.0
733,2021-10-12 03:49:22,56800.0,200.0,852900.0
734,2021-10-12 03:49:16,56800.0,400.0,852700.0
735,2021-10-12 03:49:16,56800.0,100.0,852300.0
736,2021-10-12 03:49:16,56800.0,100.0,852200.0
737,2021-10-12 03:49:16,56800.0,200.0,852100.0
738,2021-10-12 03:49:16,56800.0,100.0,851900.0
739,2021-10-12 03:49:16,56800.0,200.0,851800.0
740,2021-10-12 03:49:16,56800.0,1700.0,851600.0
741,2021-10-12 03:49:14,56800.0,100.0,849900.0
742,2021-10-12 03:49:06,56800.0,500.0,849800.0
743,2021-10-12 03:48:26,56800.0,1000.0,849300.0
744,2021-10-12 03:48:23,56800.0,1700.0,848300.0
745,2021-10-12 03:48:23,56800.0,100.0,846600.0
746,2021-10-12 03:48:23,56800.0,4000.0,846500.0
747,2021-10-12 03:48:23,56800.0,100.0,842500.0
748,2021-10-12 03:48:23,56800.0,1000.0,842400.0
749,2021-10-12 03:48:23,56800.0,100.0,841400.0
750,2021-10-12 03:48:23,56800.0,2500.0,841300.0
751,2021-10-12 03:48:23,56800.0,10000.0,838800.0
752,2021-10-12 03:48:23,56800.0,500.0,828800.0
753,2021-10-12 03:47:53,56700.0,500.0,828300.0
754,2021-10-12 03:47:53,56700.0,100.0,827800.0
755,2021-10-12 03:47:53,56700.0,100.0,827700.0
756,2021-10-12 03:47:53,56700.0,100.0,827600.0
757,2021-10-12 03:47:53,56700.0,100.0,827500.0
758,2021-10-12 03:47:53,56700.0,2000.0,827400.0
759,2021-10-12 03:47:53,56700.0,500.0,825400.0
760,2021-10-12 03:47:53,56700.0,200.0,824900.0
761,2021-10-12 03:47:53,56700.0,100.0,824700.0
762,2021-10-12 03:47:53,56700.0,1300.0,824600.0
763,2021-10-12 03:47:36,56700.0,2500.0,823300.0
764,2021-10-12 03:47:00,56700.0,200.0,820800.0
765,2021-10-12 03:46:28,56600.0,100.0,820600.0
766,2021-10-12 03:46:28,56600.0,100.0,820500.0
767,2021-10-12 03:46:28,56600.0,200.0,820400.0
768,2021-10-12 03:46:28,56600.0,500.0,820200.0
769,2021-10-12 03:46:28,56600.0,2600.0,819700.0
770,2021-10-12 03:46:28,56600.0,100.0,817100.0
771,2021-10-12 03:46:28,56600.0,100.0,817000.0
772,2021-10-12 03:46:28,56600.0,100.0,816900.0
773,2021-10-12 03:46:28,56600.0,100.0,816800.0
774,2021-10-12 03:46:28,56600.0,1800.0,816700.0
775,2021-10-12 03:46:28,56600.0,500.0,814900.0
776,2021-10-12 03:46:28,56600.0,3000.0,814400.0
777,2021-10-12 03:46:28,56600.0,100.0,811400.0
778,2021-10-12 03:46:28,56600.0,1500.0,811300.0
779,2021-10-12 03:44:13,56500.0,100.0,809800.0
780,2021-10-12 03:44:13,56500.0,100.0,809700.0
781,2021-10-12 03:44:13,56500.0,500.0,809600.0
782,2021-10-12 03:44:13,56500.0,300.0,809100.0
783,2021-10-12 03:44:13,56500.0,400.0,808800.0
784,2021-10-12 03:44:13,56500.0,1000.0,808400.0
785,2021-10-12 03:44:13,56500.0,1600.0,807400.0
786,2021-10-12 03:43:58,56600.0,1000.0,805800.0
787,2021-10-12 03:42:59,56500.0,200.0,804800.0
788,2021-10-12 03:42:26,56500.0,500.0,804600.0
789,2021-10-12 03:42:26,56500.0,5000.0,804100.0
790,2021-10-12 03:42:26,56500.0,3000.0,799100.0
791,2021-10-12 03:42:26,56500.0,500.0,796100.0
792,2021-10-12 03:42:26,56500.0,1000.0,795600.0
793,2021-10-12 03:42:26,56500.0,1000.0,794600.0
794,2021-10-12 03:42:26,56500.0,200.0,793600.0
795,2021-10-12 03:42:26,56500.0,200.0,793400.0
796,2021-10-12 03:42:26,56500.0,16800.0,793200.0
797,2021-10-12 03:42:14,56500.0,300.0,776400.0
798,2021-10-12 03:42:01,56500.0,100.0,776100.0
799,2021-10-12 03:41:31,56500.0,300.0,776000.0
800,2021-10-12 03:41:26,56400.0,100.0,775700.0
801,2021-10-12 03:40:47,56500.0,300.0,775600.0
802,2021-10-12 03:40:44,56500.0,100.0,775300.0
803,2021-10-12 03:40:29,56500.0,300.0,775200.0
804,2021-10-12 03:39:59,56500.0,10000.0,774900.0
805,2021-10-12 03:39:44,56400.0,500.0,764900.0
806,2021-10-12 03:39:38,56500.0,200.0,764400.0
807,2021-10-12 03:39:33,56500.0,500.0,764200.0
808,2021-10-12 03:39:05,56500.0,5600.0,763700.0
809,2021-10-12 03:38:48,56400.0,2000.0,758100.0
810,2021-10-12 03:38:26,56400.0,12500.0,756100.0
811,2021-10-12 03:38:26,56400.0,1000.0,743600.0
812,2021-10-12 03:38:26,56400.0,200.0,742600.0
813,2021-10-12 03:38:26,56400.0,600.0,742400.0
814,2021-10-12 03:38:26,56400.0,200.0,741800.0
815,2021-10-12 03:38:26,56400.0,500.0,741600.0
816,2021-10-12 03:38:26,56400.0,100.0,741100.0
817,2021-10-12 03:38:26,56400.0,1000.0,741000.0
818,2021-10-12 03:38:26,56400.0,1000.0,740000.0
819,2021-10-12 03:38:26,56400.0,500.0,739000.0
820,2021-10-12 03:38:26,56400.0,2000.0,738500.0
821,2021-10-12 03:38:26,56400.0,400.0,736500.0
822,2021-10-12 03:38:19,56400.0,100.0,736100.0
823,2021-10-12 03:38:13,56500.0,1000.0,736000.0
824,2021-10-12 03:37:17,56500.0,500.0,735000.0
825,2021-10-12 03:37:11,56500.0,3000.0,734500.0
826,2021-10-12 03:36:39,56500.0,300.0,731500.0
827,2021-10-12 03:36:33,56500.0,500.0,731200.0
828,2021-10-12 03:36:24,56500.0,100.0,730700.0
829,2021-10-12 03:35:58,56500.0,100.0,730600.0
830,2021-10-12 03:35:51,56500.0,100.0,730500.0
831,2021-10-12 03:34:51,56500.0,1000.0,730400.0
832,2021-10-12 03:34:51,56500.0,700.0,729400.0
833,2021-10-12 03:34:50,56500.0,200.0,728700.0
834,2021-10-12 03:34:50,56500.0,500.0,728500.0
835,2021-10-12 03:34:50,56500.0,500.0,728000.0
836,2021-10-12 03:34:50,56500.0,1000.0,727500.0
837,2021-10-12 03:34:50,56500.0,700.0,726500.0
838,2021-10-12 03:34:50,56500.0,700.0,725800.0
839,2021-10-12 03:34:05,56500.0,300.0,725100.0
840,2021-10-12 03:33:57,56400.0,500.0,724800.0
841,2021-10-12 03:33:57,56400.0,800.0,724300.0
842,2021-10-12 03:33:57,56400.0,500.0,723500.0
843,2021-10-12 03:33:57,56400.0,300.0,723000.0
844,2021-10-12 03:33:57,56400.0,500.0,722700.0
845,2021-10-12 03:33:57,56400.0,500.0,722200.0
846,2021-10-12 03:33:57,56400.0,100.0,721700.0
847,2021-10-12 03:33:57,56400.0,4000.0,721600.0
848,2021-10-12 03:33:57,56400.0,1000.0,717600.0
849,2021-10-12 03:33:57,56400.0,100.0,716600.0
850,2021-10-12 03:33:57,56400.0,11700.0,716500.0
851,2021-10-12 03:33:09,56400.0,1000.0,704800.0
852,2021-10-12 03:32:42,56400.0,500.0,703800.0
853,2021-10-12 03:32:11,56400.0,6800.0,703300.0
854,2021-10-12 03:32:11,56400.0,300.0,696500.0
855,2021-10-12 03:32:11,56400.0,100.0,696200.0
856,2021-10-12 03:32:11,56400.0,100.0,696100.0
857,2021-10-12 03:32:11,56400.0,500.0,696000.0
858,2021-10-12 03:32:11,56400.0,10000.0,695500.0
859,2021-10-12 03:32:11,56400.0,500.0,685500.0
860,2021-10-12 03:32:11,56400.0,1000.0,685000.0
861,2021-10-12 03:32:11,56400.0,200.0,684000.0
862,2021-10-12 03:32:11,56400.0,500.0,683800.0
863,2021-10-12 03:31:52,56500.0,1000.0,683300.0
864,2021-10-12 03:31:52,56500.0,400.0,682300.0
865,2021-10-12 03:31:52,56500.0,3000.0,681900.0
866,2021-10-12 03:31:52,56500.0,200.0,678900.0
867,2021-10-12 03:31:52,56500.0,2400.0,678700.0
868,2021-10-12 03:31:30,56500.0,200.0,676300.0
869,2021-10-12 03:31:08,56400.0,500.0,676100.0
870,2021-10-12 03:31:08,56400.0,200.0,675600.0
871,2021-10-12 03:31:08,56400.0,1100.0,675400.0
872,2021-10-12 03:29:46,56400.0,2900.0,674300.0
873,2021-10-12 03:29:40,56400.0,100.0,671400.0
874,2021-10-12 03:29:40,56400.0,500.0,671300.0
875,2021-10-12 03:29:40,56400.0,100.0,670800.0
876,2021-10-12 03:29:40,56400.0,1000.0,670700.0
877,2021-10-12 03:29:40,56400.0,1000.0,669700.0
878,2021-10-12 03:29:40,56400.0,4400.0,668700.0
879,2021-10-12 03:29:12,56400.0,600.0,664300.0
880,2021-10-12 03:28:49,56400.0,5000.0,663700.0
881,2021-10-12 03:28:49,56400.0,1000.0,658700.0
882,2021-10-12 03:28:44,56500.0,100.0,657700.0
883,2021-10-12 03:27:30,56300.0,1000.0,657600.0
884,2021-10-12 03:27:30,56300.0,100.0,656600.0
885,2021-10-12 03:27:30,56400.0,200.0,656500.0
886,2021-10-12 03:27:27,56400.0,200.0,656300.0
887,2021-10-12 03:27:27,56400.0,100.0,656100.0
888,2021-10-12 03:27:08,56400.0,200.0,656000.0
889,2021-10-12 03:27:08,56400.0,100.0,655800.0
890,2021-10-12 03:26:59,56300.0,1300.0,655700.0
891,2021-10-12 03:26:55,56400.0,200.0,654400.0
892,2021-10-12 03:26:50,56400.0,300.0,654200.0
893,2021-10-12 03:26:50,56400.0,1000.0,653900.0
894,2021-10-12 03:26:50,56300.0,600.0,652900.0
895,2021-10-12 03:26:50,56300.0,1000.0,652300.0
896,2021-10-12 03:26:50,56300.0,100.0,651300.0
897,2021-10-12 03:26:50,56300.0,100.0,651200.0
898,2021-10-12 03:26:49,56400.0,400.0,651100.0
899,2021-10-12 03:26:45,56400.0,100.0,650700.0
900,2021-10-12 03:26:37,56400.0,200.0,650600.0
901,2021-10-12 03:26:10,56400.0,800.0,650400.0
902,2021-10-12 03:25:45,56300.0,400.0,649600.0
903,2021-10-12 03:25:45,56300.0,1000.0,649200.0
904,2021-10-12 03:25:45,56300.0,100.0,648200.0
905,2021-10-12 03:25:43,56400.0,1000.0,648100.0
906,2021-10-12 03:25:42,56400.0,1300.0,647100.0
907,2021-10-12 03:25:29,56400.0,600.0,645800.0
908,2021-10-12 03:25:06,56400.0,100.0,645200.0
909,2021-10-12 03:25:04,56400.0,1000.0,645100.0
910,2021-10-12 03:25:04,56400.0,100.0,644100.0
911,2021-10-12 03:25:04,56400.0,1000.0,644000.0
912,2021-10-12 03:25:04,56400.0,100.0,643000.0
913,2021-10-12 03:25:04,56400.0,200.0,642900.0
914,2021-10-12 03:25:04,56400.0,500.0,642700.0
915,2021-10-12 03:25:04,56400.0,1000.0,642200.0
916,2021-10-12 03:25:00,56400.0,1000.0,641200.0
917,2021-10-12 03:25:00,56400.0,200.0,640200.0
918,2021-10-12 03:25:00,56400.0,5000.0,640000.0
919,2021-10-12 03:25:00,56400.0,100.0,635000.0
920,2021-10-12 03:25:00,56400.0,200.0,634900.0
921,2021-10-12 03:25:00,56400.0,200.0,634700.0
922,2021-10-12 03:25:00,56400.0,100.0,634500.0
923,2021-10-12 03:25:00,56400.0,1000.0,634400.0
924,2021-10-12 03:25:00,56400.0,1400.0,633400.0
925,2021-10-12 03:25:00,56400.0,500.0,632000.0
926,2021-10-12 03:25:00,56400.0,100.0,631500.0
927,2021-10-12 03:25:00,56400.0,200.0,631400.0
928,2021-10-12 03:24:55,56400.0,300.0,631200.0
929,2021-10-12 03:24:55,56400.0,200.0,630900.0
930,2021-10-12 03:23:05,56400.0,100.0,630700.0
931,2021-10-12 03:23:05,56400.0,100.0,630600.0
932,2021-10-12 03:22:20,56400.0,100.0,630500.0
933,2021-10-12 03:22:19,56300.0,400.0,630400.0
934,2021-10-12 03:22:19,56300.0,600.0,630000.0
935,2021-10-12 03:22:18,56400.0,100.0,629400.0
936,2021-10-12 03:22:14,56300.0,100.0,629300.0
937,2021-10-12 03:22:01,56300.0,200.0,629200.0
938,2021-10-12 03:21:36,56300.0,1000.0,629000.0
939,2021-10-12 03:21:36,56400.0,1000.0,628000.0
940,2021-10-12 03:21:28,56400.0,800.0,627000.0
941,2021-10-12 03:21:21,56400.0,100.0,626200.0
942,2021-10-12 03:21:11,56400.0,1000.0,626100.0
943,2021-10-12 03:21:11,56400.0,100.0,625100.0
944,2021-10-12 03:21:10,56400.0,200.0,625000.0
945,2021-10-12 03:21:10,56400.0,100.0,624800.0
946,2021-10-12 03:21:10,56400.0,1000.0,624700.0
947,2021-10-12 03:21:10,56400.0,500.0,623700.0
948,2021-10-12 03:21:10,56400.0,400.0,623200.0
949,2021-10-12 03:20:58,56400.0,200.0,622800.0
950,2021-10-12 03:20:37,56400.0,100.0,622600.0
951,2021-10-12 03:20:28,56500.0,200.0,622500.0
952,2021-10-12 03:20:24,56400.0,100.0,622300.0
953,2021-10-12 03:20:03,56500.0,900.0,622200.0
954,2021-10-12 03:20:03,56400.0,100.0,621300.0
955,2021-10-12 03:19:34,56300.0,3100.0,621200.0
956,2021-10-12 03:19:34,56300.0,100.0,618100.0
957,2021-10-12 03:19:34,56300.0,200.0,618000.0
958,2021-10-12 03:19:34,56300.0,300.0,617800.0
959,2021-10-12 03:19:34,56300.0,1000.0,617500.0
960,2021-10-12 03:19:34,56300.0,100.0,616500.0
961,2021-10-12 03:19:34,56300.0,200.0,616400.0
962,2021-10-12 03:19:34,56300.0,200.0,616200.0
963,2021-10-12 03:19:34,56300.0,1000.0,616000.0
964,2021-10-12 03:19:34,56300.0,1000.0,615000.0
965,2021-10-12 03:19:34,56300.0,700.0,614000.0
966,2021-10-12 03:19:34,56300.0,1400.0,613300.0
967,2021-10-12 03:19:34,56400.0,100.0,611900.0
968,2021-10-12 03:19:34,56400.0,500.0,611800.0
969,2021-10-12 03:19:34,56400.0,1000.0,611300.0
970,2021-10-12 03:19:34,56400.0,500.0,610300.0
971,2021-10-12 03:19:34,56400.0,500.0,609800.0
972,2021-10-12 03:19:34,56400.0,500.0,609300.0
973,2021-10-12 03:19:34,56400.0,100.0,608800.0
974,2021-10-12 03:19:34,56400.0,100.0,608700.0
975,2021-10-12 03:19:34,56400.0,100.0,608600.0
976,2021-10-12 03:19:34,56400.0,900.0,608500.0
977,2021-10-12 03:19:34,56400.0,100.0,607600.0
978,2021-10-12 03:19:34,56400.0,200.0,607500.0
979,2021-10-12 03:19:34,56400.0,300.0,607300.0
980,2021-10-12 03:19:34,56400.0,100.0,607000.0
981,2021-10-12 03:19:34,56400.0,200.0,606900.0
982,2021-10-12 03:19:34,56400.0,100.0,606700.0
983,2021-10-12 03:19:34,56400.0,100.0,606600.0
984,2021-10-12 03:19:34,56400.0,200.0,606500.0
985,2021-10-12 03:19:34,56400.0,200.0,606300.0
986,2021-10-12 03:19:34,56400.0,200.0,606100.0
987,2021-10-12 03:19:34,56400.0,300.0,605900.0
988,2021-10-12 03:19:34,56400.0,300.0,605600.0
989,2021-10-12 03:19:34,56400.0,200.0,605300.0
990,2021-10-12 03:19:34,56400.0,100.0,605100.0
991,2021-10-12 03:19:34,56400.0,500.0,605000.0
992,2021-10-12 03:19:34,56400.0,100.0,604500.0
993,2021-10-12 03:19:34,56400.0,2500.0,604400.0
994,2021-10-12 03:19:34,56400.0,200.0,601900.0
995,2021-10-12 03:19:34,56400.0,100.0,601700.0
996,2021-10-12 03:19:34,56400.0,1000.0,601600.0
997,2021-10-12 03:19:34,56400.0,10000.0,600600.0
998,2021-10-12 03:19:34,56400.0,10000.0,590600.0
999,2021-10-12 03:19:34,56400.0,100.0,580600.0
1000,2021-10-12 03:19:34,56400.0,100.0,580500.0
1001,2021-10-12 03:19:34,56400.0,1000.0,580400.0
1002,2021-10-12 03:19:34,56400.0,3000.0,579400.0
1003,2021-10-12 03:19:34,56400.0,2000.0,576400.0
1004,2021-10-12 03:19:34,56400.0,200.0,574400.0
1005,2021-10-12 03:19:34,56400.0,3000.0,574200.0
1006,2021-10-12 03:19:33,56500.0,100.0,571200.0
1007,2021-10-12 03:19:33,56500.0,200.0,571100.0
1008,2021-10-12 03:19:33,56500.0,100.0,570900.0
1009,2021-10-12 03:19:33,56500.0,600.0,570800.0
1010,2021-10-12 03:18:58,56400.0,1000.0,570200.0
1011,2021-10-12 03:18:52,56500.0,1400.0,569200.0
1012,2021-10-12 03:18:52,56500.0,100.0,567800.0
1013,2021-10-12 03:18:52,56500.0,300.0,567700.0
1014,2021-10-12 03:18:52,56500.0,200.0,567400.0
1015,2021-10-12 03:18:27,56500.0,500.0,567200.0
1016,2021-10-12 03:18:23,56500.0,300.0,566700.0
1017,2021-10-12 03:18:23,56500.0,200.0,566400.0
1018,2021-10-12 03:18:15,56500.0,1800.0,566200.0
1019,2021-10-12 03:18:15,56500.0,200.0,564400.0
1020,2021-10-12 03:17:37,56500.0,400.0,564200.0
1021,2021-10-12 03:17:37,56500.0,100.0,563800.0
1022,2021-10-12 03:17:36,56500.0,1400.0,563700.0
1023,2021-10-12 03:17:36,56500.0,100.0,562300.0
1024,2021-10-12 03:17:36,56500.0,200.0,562200.0
1025,2021-10-12 03:17:36,56500.0,3300.0,562000.0
1026,2021-10-12 03:16:19,56500.0,5000.0,558700.0
1027,2021-10-12 03:16:18,56400.0,1000.0,553700.0
1028,2021-10-12 03:16:18,56400.0,900.0,552700.0
1029,2021-10-12 03:16:18,56400.0,100.0,551800.0
1030,2021-10-12 03:16:05,56500.0,300.0,551700.0
1031,2021-10-12 03:16:02,56500.0,100.0,551400.0
1032,2021-10-12 03:15:23,56500.0,5000.0,551300.0
1033,2021-10-12 03:14:53,56400.0,900.0,546300.0
1034,2021-10-12 03:14:00,56500.0,300.0,545400.0
1035,2021-10-12 03:13:46,56500.0,6000.0,545100.0
1036,2021-10-12 03:13:46,56500.0,2000.0,539100.0
1037,2021-10-12 03:13:46,56500.0,2000.0,537100.0
1038,2021-10-12 03:13:36,56400.0,200.0,535100.0
1039,2021-10-12 03:13:36,56400.0,200.0,534900.0
1040,2021-10-12 03:13:36,56400.0,100.0,534700.0
1041,2021-10-12 03:13:36,56400.0,100.0,534600.0
1042,2021-10-12 03:13:36,56400.0,400.0,534500.0
1043,2021-10-12 03:12:35,56400.0,200.0,534100.0
1044,2021-10-12 03:12:15,56500.0,500.0,533900.0
1045,2021-10-12 03:11:32,56500.0,500.0,533400.0
1046,2021-10-12 03:11:23,56500.0,1000.0,532900.0
1047,2021-10-12 03:11:09,56500.0,100.0,531900.0
1048,2021-10-12 03:11:09,56500.0,100.0,531800.0
1049,2021-10-12 03:11:09,56500.0,500.0,531700.0
1050,2021-10-12 03:11:09,56500.0,300.0,531200.0
1051,2021-10-12 03:10:38,56500.0,700.0,530900.0
1052,2021-10-12 03:10:38,56500.0,100.0,530200.0
1053,2021-10-12 03:10:38,56500.0,200.0,530100.0
1054,2021-10-12 03:10:28,56500.0,200.0,529900.0
1055,2021-10-12 03:10:09,56500.0,600.0,529700.0
1056,2021-10-12 03:10:09,56500.0,900.0,529100.0
1057,2021-10-12 03:10:05,56500.0,100.0,528200.0
1058,2021-10-12 03:10:05,56500.0,500.0,528100.0
1059,2021-10-12 03:10:05,56500.0,400.0,527600.0
1060,2021-10-12 03:09:36,56500.0,500.0,527200.0
1061,2021-10-12 03:09:36,56500.0,600.0,526700.0
1062,2021-10-12 03:09:36,56500.0,1000.0,526100.0
1063,2021-10-12 03:09:36,56500.0,500.0,525100.0
1064,2021-10-12 03:09:36,56500.0,100.0,524600.0
1065,2021-10-12 03:09:36,56500.0,300.0,524500.0
1066,2021-10-12 03:09:36,56500.0,100.0,524200.0
1067,2021-10-12 03:09:36,56500.0,100.0,524100.0
1068,2021-10-12 03:09:36,56500.0,800.0,524000.0
1069,2021-10-12 03:08:56,56500.0,200.0,523200.0
1070,2021-10-12 03:08:56,56500.0,100.0,523000.0
1071,2021-10-12 03:08:56,56500.0,300.0,522900.0
1072,2021-10-12 03:08:56,56500.0,100.0,522600.0
1073,2021-10-12 03:08:56,56500.0,100.0,522500.0
1074,2021-10-12 03:08:56,56500.0,100.0,522400.0
1075,2021-10-12 03:08:56,56500.0,200.0,522300.0
1076,2021-10-12 03:08:39,56500.0,800.0,522100.0
1077,2021-10-12 03:08:39,56500.0,1000.0,521300.0
1078,2021-10-12 03:08:39,56500.0,100.0,520300.0
1079,2021-10-12 03:08:39,56500.0,500.0,520200.0
1080,2021-10-12 03:08:39,56500.0,100.0,519700.0
1081,2021-10-12 03:08:39,56500.0,500.0,519600.0
1082,2021-10-12 03:08:35,56500.0,200.0,519100.0
1083,2021-10-12 03:08:35,56500.0,700.0,518900.0
1084,2021-10-12 03:08:35,56500.0,5000.0,518200.0
1085,2021-10-12 03:08:35,56500.0,1000.0,513200.0
1086,2021-10-12 03:08:35,56500.0,2500.0,512200.0
1087,2021-10-12 03:08:35,56500.0,400.0,509700.0
1088,2021-10-12 03:08:35,56500.0,100.0,509300.0
1089,2021-10-12 03:08:35,56500.0,100.0,509200.0
1090,2021-10-12 03:08:17,56500.0,400.0,509100.0
1091,2021-10-12 03:08:17,56500.0,200.0,508700.0
1092,2021-10-12 03:08:17,56500.0,1400.0,508500.0
1093,2021-10-12 03:08:00,56500.0,400.0,507100.0
1094,2021-10-12 03:07:46,56600.0,200.0,506700.0
1095,2021-10-12 03:07:35,56500.0,5000.0,506500.0
1096,2021-10-12 03:07:01,56600.0,1500.0,501500.0
1097,2021-10-12 03:07:01,56600.0,1000.0,500000.0
1098,2021-10-12 03:07:01,56600.0,500.0,499000.0
1099,2021-10-12 03:07:01,56600.0,300.0,498500.0
1100,2021-10-12 03:07:01,56600.0,1700.0,498200.0
1101,2021-10-12 03:06:31,56500.0,1000.0,496500.0
1102,2021-10-12 03:06:29,56500.0,100.0,495500.0
1103,2021-10-12 03:05:18,56500.0,100.0,495400.0
1104,2021-10-12 03:04:24,56500.0,1000.0,495300.0
1105,2021-10-12 03:04:17,56500.0,300.0,494300.0
1106,2021-10-12 03:04:13,56600.0,200.0,494000.0
1107,2021-10-12 03:03:53,56600.0,100.0,493800.0
1108,2021-10-12 03:03:53,56600.0,200.0,493700.0
1109,2021-10-12 03:03:02,56600.0,4800.0,493500.0
1110,2021-10-12 03:03:02,56600.0,1000.0,488700.0
1111,2021-10-12 03:03:02,56600.0,2000.0,487700.0
1112,2021-10-12 03:02:50,56600.0,100.0,485700.0
1113,2021-10-12 03:02:37,56600.0,500.0,485600.0
1114,2021-10-12 03:02:36,56600.0,400.0,485100.0
1115,2021-10-12 03:02:36,56600.0,100.0,484700.0
1116,2021-10-12 03:02:29,56600.0,400.0,484600.0
1117,2021-10-12 03:02:29,56600.0,100.0,484200.0
1118,2021-10-12 03:02:21,56600.0,100.0,484100.0
1119,2021-10-12 03:02:21,56600.0,400.0,484000.0
1120,2021-10-12 03:02:21,56600.0,500.0,483600.0
1121,2021-10-12 03:02:16,56600.0,100.0,483100.0
1122,2021-10-12 03:02:16,56600.0,100.0,483000.0
1123,2021-10-12 03:02:00,56600.0,100.0,482900.0
1124,2021-10-12 03:01:45,56600.0,200.0,482800.0
1125,2021-10-12 03:00:43,56500.0,100.0,482600.0
1126,2021-10-12 02:59:59,56500.0,1500.0,482500.0
1127,2021-10-12 02:59:59,56500.0,500.0,481000.0
1128,2021-10-12 02:59:59,56500.0,5000.0,480500.0
1129,2021-10-12 02:59:59,56500.0,1000.0,475500.0
1130,2021-10-12 02:59:59,56500.0,300.0,474500.0
1131,2021-10-12 02:59:59,56500.0,1000.0,474200.0
1132,2021-10-12 02:59:59,56500.0,700.0,473200.0
1133,2021-10-12 02:59:54,56500.0,100.0,472500.0
1134,2021-10-12 02:59:53,56500.0,700.0,472400.0
1135,2021-10-12 02:59:53,56500.0,100.0,471700.0
1136,2021-10-12 02:59:48,56500.0,400.0,471600.0
1137,2021-10-12 02:59:27,56400.0,200.0,471200.0
1138,2021-10-12 02:59:02,56400.0,100.0,471000.0
1139,2021-10-12 02:58:50,56400.0,600.0,470900.0
1140,2021-10-12 02:58:50,56400.0,200.0,470300.0
1141,2021-10-12 02:58:50,56400.0,100.0,470100.0
1142,2021-10-12 02:58:50,56400.0,1100.0,470000.0
1143,2021-10-12 02:58:06,56400.0,900.0,468900.0
1144,2021-10-12 02:58:06,56400.0,100.0,468000.0
1145,2021-10-12 02:57:25,56400.0,100.0,467900.0
1146,2021-10-12 02:56:57,56400.0,100.0,467800.0
1147,2021-10-12 02:56:57,56400.0,100.0,467700.0
1148,2021-10-12 02:56:57,56400.0,200.0,467600.0
1149,2021-10-12 02:56:57,56400.0,100.0,467400.0
1150,2021-10-12 02:56:52,56500.0,100.0,467300.0
1151,2021-10-12 02:56:48,56400.0,100.0,467200.0
1152,2021-10-12 02:56:48,56400.0,1900.0,467100.0
1153,2021-10-12 02:56:42,56500.0,500.0,465200.0
1154,2021-10-12 02:56:40,56500.0,1000.0,464700.0
1155,2021-10-12 02:56:24,56500.0,500.0,463700.0
1156,2021-10-12 02:56:24,56500.0,200.0,463200.0
1157,2021-10-12 02:56:24,56500.0,300.0,463000.0
1158,2021-10-12 02:56:20,56500.0,200.0,462700.0
1159,2021-10-12 02:56:16,56500.0,500.0,462500.0
1160,2021-10-12 02:56:16,56500.0,500.0,462000.0
1161,2021-10-12 02:56:16,56500.0,3000.0,461500.0
1162,2021-10-12 02:56:16,56500.0,1000.0,458500.0
1163,2021-10-12 02:56:00,56500.0,1000.0,457500.0
1164,2021-10-12 02:55:20,56500.0,100.0,456500.0
1165,2021-10-12 02:55:05,56500.0,700.0,456400.0
1166,2021-10-12 02:53:42,56500.0,100.0,455700.0
1167,2021-10-12 02:53:24,56500.0,100.0,455600.0
1168,2021-10-12 02:53:18,56500.0,100.0,455500.0
1169,2021-10-12 02:53:16,56400.0,400.0,455400.0
1170,2021-10-12 02:53:16,56500.0,200.0,455000.0
1171,2021-10-12 02:53:16,56500.0,100.0,454800.0
1172,2021-10-12 02:53:16,56500.0,200.0,454700.0
1173,2021-10-12 02:53:16,56500.0,100.0,454500.0
1174,2021-10-12 02:53:08,56500.0,100.0,454400.0
1175,2021-10-12 02:53:08,56500.0,200.0,454300.0
1176,2021-10-12 02:53:06,56500.0,300.0,454100.0
1177,2021-10-12 02:53:04,56500.0,500.0,453800.0
1178,2021-10-12 02:52:58,56500.0,300.0,453300.0
1179,2021-10-12 02:52:58,56500.0,200.0,453000.0
1180,2021-10-12 02:52:58,56500.0,100.0,452800.0
1181,2021-10-12 02:52:58,56500.0,200.0,452700.0
1182,2021-10-12 02:52:58,56500.0,1000.0,452500.0
1183,2021-10-12 02:52:58,56500.0,100.0,451500.0
1184,2021-10-12 02:52:58,56500.0,400.0,451400.0
1185,2021-10-12 02:52:58,56500.0,1300.0,451000.0
1186,2021-10-12 02:52:58,56500.0,1000.0,449700.0
1187,2021-10-12 02:52:58,56500.0,5000.0,448700.0
1188,2021-10-12 02:52:58,56500.0,100.0,443700.0
1189,2021-10-12 02:52:58,56500.0,300.0,443600.0
1190,2021-10-12 02:52:51,56500.0,700.0,443300.0
1191,2021-10-12 02:52:51,56500.0,300.0,442600.0
1192,2021-10-12 02:52:50,56500.0,100.0,442300.0
1193,2021-10-12 02:52:50,56500.0,100.0,442200.0
1194,2021-10-12 02:52:44,56500.0,200.0,442100.0
1195,2021-10-12 02:52:36,56500.0,300.0,441900.0
1196,2021-10-12 02:52:36,56500.0,700.0,441600.0
1197,2021-10-12 02:51:46,56500.0,1300.0,440900.0
1198,2021-10-12 02:51:46,56500.0,500.0,439600.0
1199,2021-10-12 02:51:46,56500.0,500.0,439100.0
1200,2021-10-12 02:51:46,56500.0,1000.0,438600.0
1201,2021-10-12 02:51:46,56500.0,300.0,437600.0
1202,2021-10-12 02:51:46,56500.0,600.0,437300.0
1203,2021-10-12 02:51:46,56500.0,200.0,436700.0
1204,2021-10-12 02:51:46,56500.0,200.0,436500.0
1205,2021-10-12 02:51:46,56500.0,400.0,436300.0
1206,2021-10-12 02:51:37,56600.0,600.0,435900.0
1207,2021-10-12 02:50:55,56500.0,100.0,435300.0
1208,2021-10-12 02:50:34,56500.0,4500.0,435200.0
1209,2021-10-12 02:50:34,56500.0,500.0,430700.0
1210,2021-10-12 02:50:34,56500.0,1000.0,430200.0
1211,2021-10-12 02:50:34,56500.0,500.0,429200.0
1212,2021-10-12 02:50:34,56500.0,500.0,428700.0
1213,2021-10-12 02:50:34,56500.0,100.0,428200.0
1214,2021-10-12 02:50:34,56500.0,100.0,428100.0
1215,2021-10-12 02:50:34,56500.0,100.0,428000.0
1216,2021-10-12 02:50:34,56500.0,100.0,427900.0
1217,2021-10-12 02:50:34,56500.0,200.0,427800.0
1218,2021-10-12 02:50:34,56500.0,2400.0,427600.0
1219,2021-10-12 02:50:18,56500.0,100.0,425200.0
1220,2021-10-12 02:50:18,56500.0,200.0,425100.0
1221,2021-10-12 02:49:56,56500.0,100.0,424900.0
1222,2021-10-12 02:49:47,56600.0,1000.0,424800.0
1223,2021-10-12 02:49:46,56600.0,200.0,423800.0
1224,2021-10-12 02:49:35,56600.0,100.0,423600.0
1225,2021-10-12 02:49:31,56600.0,500.0,423500.0
1226,2021-10-12 02:49:18,56600.0,100.0,423000.0
1227,2021-10-12 02:48:38,56600.0,300.0,422900.0
1228,2021-10-12 02:48:35,56600.0,100.0,422600.0
1229,2021-10-12 02:48:26,56600.0,1000.0,422500.0
1230,2021-10-12 02:48:13,56600.0,1000.0,421500.0
1231,2021-10-12 02:47:53,56600.0,400.0,420500.0
1232,2021-10-12 02:47:29,56500.0,700.0,420100.0
1233,2021-10-12 02:47:29,56500.0,300.0,419400.0
1234,2021-10-12 02:47:27,56600.0,100.0,419100.0
1235,2021-10-12 02:47:27,56600.0,2000.0,419000.0
1236,2021-10-12 02:47:27,56600.0,1000.0,417000.0
1237,2021-10-12 02:47:27,56600.0,100.0,416000.0
1238,2021-10-12 02:47:27,56600.0,200.0,415900.0
1239,2021-10-12 02:47:27,56600.0,500.0,415700.0
1240,2021-10-12 02:47:27,56600.0,1400.0,415200.0
1241,2021-10-12 02:47:27,56600.0,3000.0,413800.0
1242,2021-10-12 02:47:27,56600.0,5000.0,410800.0
1243,2021-10-12 02:47:27,56600.0,1000.0,405800.0
1244,2021-10-12 02:47:21,56600.0,2000.0,404800.0
1245,2021-10-12 02:47:21,56600.0,400.0,402800.0
1246,2021-10-12 02:47:03,56600.0,300.0,402400.0
1247,2021-10-12 02:45:55,56600.0,300.0,402100.0
1248,2021-10-12 02:45:55,56600.0,1000.0,401800.0
1249,2021-10-12 02:45:55,56600.0,100.0,400800.0
1250,2021-10-12 02:45:55,56600.0,100.0,400700.0
1251,2021-10-12 02:45:46,56600.0,100.0,400600.0
1252,2021-10-12 02:45:46,56600.0,100.0,400500.0
1253,2021-10-12 02:45:34,56600.0,500.0,400400.0
1254,2021-10-12 02:45:29,56700.0,200.0,399900.0
1255,2021-10-12 02:45:06,56700.0,100.0,399700.0
1256,2021-10-12 02:44:42,56600.0,100.0,399600.0
1257,2021-10-12 02:44:39,56600.0,400.0,399500.0
1258,2021-10-12 02:44:39,56600.0,100.0,399100.0
1259,2021-10-12 02:44:09,56600.0,100.0,399000.0
1260,2021-10-12 02:43:22,56600.0,600.0,398900.0
1261,2021-10-12 02:43:22,56600.0,100.0,398300.0
1262,2021-10-12 02:43:19,56600.0,100.0,398200.0
1263,2021-10-12 02:43:06,56600.0,100.0,398100.0
1264,2021-10-12 02:42:56,56600.0,100.0,398000.0
1265,2021-10-12 02:42:56,56600.0,400.0,397900.0
1266,2021-10-12 02:42:41,56600.0,200.0,397500.0
1267,2021-10-12 02:42:37,56600.0,200.0,397300.0
1268,2021-10-12 02:42:28,56600.0,500.0,397100.0
1269,2021-10-12 02:42:05,56600.0,1000.0,396600.0
1270,2021-10-12 02:42:02,56600.0,2000.0,395600.0
1271,2021-10-12 02:41:40,56600.0,100.0,393600.0
1272,2021-10-12 02:41:35,56600.0,3000.0,393500.0
1273,2021-10-12 02:41:26,56600.0,400.0,390500.0
1274,2021-10-12 02:41:13,56600.0,200.0,390100.0
1275,2021-10-12 02:41:06,56600.0,500.0,389900.0
1276,2021-10-12 02:41:02,56600.0,1000.0,389400.0
1277,2021-10-12 02:41:00,56600.0,100.0,388400.0
1278,2021-10-12 02:40:45,56600.0,400.0,388300.0
1279,2021-10-12 02:40:30,56600.0,2000.0,387900.0
1280,2021-10-12 02:40:30,56600.0,4000.0,385900.0
1281,2021-10-12 02:40:16,56600.0,100.0,381900.0
1282,2021-10-12 02:40:16,56600.0,300.0,381800.0
1283,2021-10-12 02:40:11,56600.0,500.0,381500.0
1284,2021-10-12 02:40:09,56600.0,100.0,381000.0
1285,2021-10-12 02:39:58,56600.0,200.0,380900.0
1286,2021-10-12 02:39:42,56600.0,100.0,380700.0
1287,2021-10-12 02:39:42,56600.0,200.0,380600.0
1288,2021-10-12 02:39:26,56500.0,100.0,380400.0
1289,2021-10-12 02:39:24,56600.0,100.0,380300.0
1290,2021-10-12 02:39:24,56600.0,100.0,380200.0
1291,2021-10-12 02:39:24,56600.0,2000.0,380100.0
1292,2021-10-12 02:39:24,56600.0,400.0,378100.0
1293,2021-10-12 02:39:24,56600.0,5000.0,377700.0
1294,2021-10-12 02:39:24,56600.0,400.0,372700.0
1295,2021-10-12 02:39:24,56600.0,100.0,372300.0
1296,2021-10-12 02:39:24,56600.0,5200.0,372200.0
1297,2021-10-12 02:39:16,56600.0,500.0,367000.0
1298,2021-10-12 02:39:04,56600.0,100.0,366500.0
1299,2021-10-12 02:39:00,56600.0,1000.0,366400.0
1300,2021-10-12 02:38:54,56600.0,1000.0,365400.0
1301,2021-10-12 02:38:49,56600.0,500.0,364400.0
1302,2021-10-12 02:38:01,56600.0,1000.0,363900.0
1303,2021-10-12 02:37:58,56600.0,100.0,362900.0
1304,2021-10-12 02:37:48,56600.0,100.0,362800.0
1305,2021-10-12 02:37:36,56600.0,500.0,362700.0
1306,2021-10-12 02:37:36,56600.0,400.0,362200.0
1307,2021-10-12 02:37:36,56600.0,1300.0,361800.0
1308,2021-10-12 02:37:33,56600.0,300.0,360500.0
1309,2021-10-12 02:37:33,56600.0,200.0,360200.0
1310,2021-10-12 02:37:28,56600.0,200.0,360000.0
1311,2021-10-12 02:37:28,56600.0,200.0,359800.0
1312,2021-10-12 02:37:26,56600.0,100.0,359600.0
1313,2021-10-12 02:37:23,56600.0,300.0,359500.0
1314,2021-10-12 02:37:18,56600.0,100.0,359200.0
1315,2021-10-12 02:37:16,56600.0,200.0,359100.0
1316,2021-10-12 02:37:12,56600.0,300.0,358900.0
1317,2021-10-12 02:37:11,56600.0,1000.0,358600.0
1318,2021-10-12 02:37:09,56600.0,100.0,357600.0
1319,2021-10-12 02:37:05,56600.0,2400.0,357500.0
1320,2021-10-12 02:37:05,56600.0,5000.0,355100.0
1321,2021-10-12 02:36:57,56600.0,200.0,350100.0
1322,2021-10-12 02:36:55,56600.0,100.0,349900.0
1323,2021-10-12 02:36:55,56600.0,400.0,349800.0
1324,2021-10-12 02:36:51,56600.0,100.0,349400.0
1325,2021-10-12 02:36:40,56500.0,300.0,349300.0
1326,2021-10-12 02:36:40,56500.0,300.0,349000.0
1327,2021-10-12 02:36:39,56500.0,300.0,348700.0
1328,2021-10-12 02:36:39,56500.0,100.0,348400.0
1329,2021-10-12 02:36:39,56500.0,100.0,348300.0
1330,2021-10-12 02:36:39,56500.0,500.0,348200.0
1331,2021-10-12 02:36:38,56500.0,100.0,347700.0
1332,2021-10-12 02:36:37,56500.0,1000.0,347600.0
1333,2021-10-12 02:36:36,56500.0,3000.0,346600.0
1334,2021-10-12 02:36:35,56500.0,3600.0,343600.0
1335,2021-10-12 02:36:34,56500.0,1000.0,340000.0
1336,2021-10-12 02:36:31,56500.0,200.0,339000.0
1337,2021-10-12 02:36:30,56500.0,1900.0,338800.0
1338,2021-10-12 02:36:30,56500.0,100.0,336900.0
1339,2021-10-12 02:36:28,56500.0,200.0,336800.0
1340,2021-10-12 02:36:28,56500.0,3000.0,336600.0
1341,2021-10-12 02:36:20,56500.0,1900.0,333600.0
1342,2021-10-12 02:36:20,56500.0,600.0,331700.0
1343,2021-10-12 02:36:20,56500.0,7500.0,331100.0
1344,2021-10-12 02:36:12,56500.0,1000.0,323600.0
1345,2021-10-12 02:36:12,56500.0,100.0,322600.0
1346,2021-10-12 02:36:10,56500.0,1000.0,322500.0
1347,2021-10-12 02:36:10,56500.0,500.0,321500.0
1348,2021-10-12 02:36:06,56500.0,200.0,321000.0
1349,2021-10-12 02:36:01,56500.0,1000.0,320800.0
1350,2021-10-12 02:36:00,56500.0,300.0,319800.0
1351,2021-10-12 02:35:59,56500.0,200.0,319500.0
1352,2021-10-12 02:35:51,56500.0,1700.0,319300.0
1353,2021-10-12 02:35:14,56400.0,200.0,317600.0
1354,2021-10-12 02:35:00,56400.0,200.0,317400.0
1355,2021-10-12 02:35:00,56400.0,600.0,317200.0
1356,2021-10-12 02:34:50,56400.0,800.0,316600.0
1357,2021-10-12 02:34:45,56400.0,200.0,315800.0
1358,2021-10-12 02:34:19,56300.0,200.0,315600.0
1359,2021-10-12 02:34:17,56400.0,100.0,315400.0
1360,2021-10-12 02:34:01,56300.0,200.0,315300.0
1361,2021-10-12 02:33:55,56300.0,200.0,315100.0
1362,2021-10-12 02:33:46,56300.0,500.0,314900.0
1363,2021-10-12 02:33:46,56300.0,1000.0,314400.0
1364,2021-10-12 02:33:46,56300.0,1000.0,313400.0
1365,2021-10-12 02:33:46,56300.0,1500.0,312400.0
1366,2021-10-12 02:33:44,56300.0,300.0,310900.0
1367,2021-10-12 02:33:33,56300.0,100.0,310600.0
1368,2021-10-12 02:32:58,56200.0,1500.0,310500.0
1369,2021-10-12 02:32:58,56200.0,400.0,309000.0
1370,2021-10-12 02:32:58,56200.0,200.0,308600.0
1371,2021-10-12 02:32:58,56200.0,100.0,308400.0
1372,2021-10-12 02:32:58,56200.0,300.0,308300.0
1373,2021-10-12 02:32:57,56200.0,200.0,308000.0
1374,2021-10-12 02:32:57,56200.0,3800.0,307800.0
1375,2021-10-12 02:32:56,56200.0,500.0,304000.0
1376,2021-10-12 02:32:53,56200.0,400.0,303500.0
1377,2021-10-12 02:32:53,56200.0,300.0,303100.0
1378,2021-10-12 02:32:53,56200.0,100.0,302800.0
1379,2021-10-12 02:32:53,56200.0,100.0,302700.0
1380,2021-10-12 02:32:53,56200.0,100.0,302600.0
1381,2021-10-12 02:32:52,56200.0,1000.0,302500.0
1382,2021-10-12 02:32:51,56200.0,100.0,301500.0
1383,2021-10-12 02:32:47,56200.0,1000.0,301400.0
1384,2021-10-12 02:32:46,56200.0,900.0,300400.0
1385,2021-10-12 02:32:44,56200.0,1300.0,299500.0
1386,2021-10-12 02:32:37,56200.0,500.0,298200.0
1387,2021-10-12 02:32:32,56200.0,300.0,297700.0
1388,2021-10-12 02:32:31,56200.0,10000.0,297400.0
1389,2021-10-12 02:32:30,56100.0,1000.0,287400.0
1390,2021-10-12 02:32:29,56200.0,1000.0,286400.0
1391,2021-10-12 02:32:29,56200.0,200.0,285400.0
1392,2021-10-12 02:32:22,56200.0,1000.0,285200.0
1393,2021-10-12 02:32:21,56200.0,100.0,284200.0
1394,2021-10-12 02:32:20,56200.0,500.0,284100.0
1395,2021-10-12 02:32:08,56200.0,100.0,283600.0
1396,2021-10-12 02:32:00,56200.0,1000.0,283500.0
1397,2021-10-12 02:31:54,56100.0,100.0,282500.0
1398,2021-10-12 02:31:49,56100.0,1100.0,282400.0
1399,2021-10-12 02:31:49,56100.0,900.0,281300.0
1400,2021-10-12 02:31:45,56100.0,100.0,280400.0
1401,2021-10-12 02:31:45,56100.0,1000.0,280300.0
1402,2021-10-12 02:31:45,56100.0,400.0,279300.0
1403,2021-10-12 02:31:42,56200.0,100.0,278900.0
1404,2021-10-12 02:31:37,56200.0,800.0,278800.0
1405,2021-10-12 02:31:37,56200.0,300.0,278000.0
1406,2021-10-12 02:31:37,56200.0,3900.0,277700.0
1407,2021-10-12 02:31:23,56200.0,500.0,273800.0
1408,2021-10-12 02:31:16,56100.0,400.0,273300.0
1409,2021-10-12 02:30:58,56100.0,200.0,272900.0
1410,2021-10-12 02:30:55,56200.0,5000.0,272700.0
1411,2021-10-12 02:30:53,56100.0,100.0,267700.0
1412,2021-10-12 02:30:53,56100.0,400.0,267600.0
1413,2021-10-12 02:30:47,56100.0,400.0,267200.0
1414,2021-10-12 02:30:33,56100.0,200.0,266800.0
1415,2021-10-12 02:30:33,56100.0,300.0,266600.0
1416,2021-10-12 02:30:32,56200.0,2400.0,266300.0
1417,2021-10-12 02:30:31,56200.0,1000.0,263900.0
1418,2021-10-12 02:30:30,56200.0,100.0,262900.0
1419,2021-10-12 02:30:27,56200.0,2100.0,262800.0
1420,2021-10-12 02:30:27,56200.0,300.0,260700.0
1421,2021-10-12 02:30:27,56200.0,500.0,260400.0
1422,2021-10-12 02:30:27,56200.0,100.0,259900.0
1423,2021-10-12 02:30:27,56200.0,2000.0,259800.0
1424,2021-10-12 02:30:24,56200.0,200.0,257800.0
1425,2021-10-12 02:30:06,56200.0,200.0,257600.0
1426,2021-10-12 02:30:05,56200.0,1000.0,257400.0
1427,2021-10-12 02:30:01,56200.0,500.0,256400.0
1428,2021-10-12 02:30:01,56200.0,200.0,255900.0
1429,2021-10-12 02:29:55,56200.0,1000.0,255700.0
1430,2021-10-12 02:29:43,56200.0,1000.0,254700.0
1431,2021-10-12 02:29:34,56200.0,3900.0,253700.0
1432,2021-10-12 02:29:34,56200.0,1100.0,249800.0
1433,2021-10-12 02:29:10,56200.0,5000.0,248700.0
1434,2021-10-12 02:29:09,56100.0,700.0,243700.0
1435,2021-10-12 02:29:09,56100.0,100.0,243000.0
1436,2021-10-12 02:29:09,56100.0,100.0,242900.0
1437,2021-10-12 02:29:09,56100.0,100.0,242800.0
1438,2021-10-12 02:29:09,56100.0,200.0,242700.0
1439,2021-10-12 02:29:09,56100.0,900.0,242500.0
1440,2021-10-12 02:29:09,56100.0,100.0,241600.0
1441,2021-10-12 02:29:09,56100.0,100.0,241500.0
1442,2021-10-12 02:29:09,56100.0,300.0,241400.0
1443,2021-10-12 02:29:09,56100.0,200.0,241100.0
1444,2021-10-12 02:29:09,56100.0,200.0,240900.0
1445,2021-10-12 02:29:09,56100.0,5000.0,240700.0
1446,2021-10-12 02:29:09,56100.0,400.0,235700.0
1447,2021-10-12 02:29:09,56100.0,3000.0,235300.0
1448,2021-10-12 02:29:09,56100.0,5900.0,232300.0
1449,2021-10-12 02:29:09,56100.0,1000.0,226400.0
1450,2021-10-12 02:29:09,56100.0,10000.0,225400.0
1451,2021-10-12 02:29:09,56100.0,500.0,215400.0
1452,2021-10-12 02:29:09,56100.0,1000.0,214900.0
1453,2021-10-12 02:29:09,56100.0,200.0,213900.0
1454,2021-10-12 02:29:08,56200.0,300.0,213700.0
1455,2021-10-12 02:28:58,56200.0,100.0,213400.0
1456,2021-10-12 02:28:55,56200.0,1000.0,213300.0
1457,2021-10-12 02:28:51,56200.0,1000.0,212300.0
1458,2021-10-12 02:28:49,56200.0,100.0,211300.0
1459,2021-10-12 02:28:45,56200.0,100.0,211200.0
1460,2021-10-12 02:28:39,56200.0,100.0,211100.0
1461,2021-10-12 02:28:39,56200.0,300.0,211000.0
1462,2021-10-12 02:28:38,56300.0,100.0,210700.0
1463,2021-10-12 02:28:29,56300.0,200.0,210600.0
1464,2021-10-12 02:28:29,56200.0,100.0,210400.0
1465,2021-10-12 02:28:29,56200.0,400.0,210300.0
1466,2021-10-12 02:28:27,56200.0,100.0,209900.0
1467,2021-10-12 02:28:27,56200.0,200.0,209800.0
1468,2021-10-12 02:28:27,56200.0,4700.0,209600.0
1469,2021-10-12 02:28:22,56200.0,10000.0,204900.0
1470,2021-10-12 02:28:19,56200.0,5000.0,194900.0
1471,2021-10-12 02:28:17,56100.0,1800.0,189900.0
1472,2021-10-12 02:28:17,56100.0,2000.0,188100.0
1473,2021-10-12 02:28:17,56100.0,300.0,186100.0
1474,2021-10-12 02:28:17,56100.0,500.0,185800.0
1475,2021-10-12 02:28:17,56100.0,300.0,185300.0
1476,2021-10-12 02:28:17,56100.0,100.0,185000.0
1477,2021-10-12 02:28:17,56200.0,1400.0,184900.0
1478,2021-10-12 02:28:16,56200.0,400.0,183500.0
1479,2021-10-12 02:28:16,56200.0,100.0,183100.0
1480,2021-10-12 02:28:16,56200.0,200.0,183000.0
1481,2021-10-12 02:28:15,56200.0,300.0,182800.0
1482,2021-10-12 02:28:12,56200.0,200.0,182500.0
1483,2021-10-12 02:28:09,56200.0,1000.0,182300.0
1484,2021-10-12 02:28:09,56200.0,500.0,181300.0
1485,2021-10-12 02:28:09,56200.0,1000.0,180800.0
1486,2021-10-12 02:28:09,56200.0,100.0,179800.0
1487,2021-10-12 02:28:09,56200.0,100.0,179700.0
1488,2021-10-12 02:28:09,56200.0,100.0,179600.0
1489,2021-10-12 02:28:09,56200.0,100.0,179500.0
1490,2021-10-12 02:28:09,56200.0,500.0,179400.0
1491,2021-10-12 02:28:09,56200.0,2000.0,178900.0
1492,2021-10-12 02:28:09,56200.0,1700.0,176900.0
1493,2021-10-12 02:28:05,56200.0,100.0,175200.0
1494,2021-10-12 02:28:04,56200.0,3200.0,175100.0
1495,2021-10-12 02:28:04,56200.0,100.0,171900.0
1496,2021-10-12 02:28:04,56200.0,2700.0,171800.0
1497,2021-10-12 02:28:04,56200.0,500.0,169100.0
1498,2021-10-12 02:28:04,56200.0,500.0,168600.0
1499,2021-10-12 02:28:01,56300.0,2000.0,168100.0
1500,2021-10-12 02:27:50,56200.0,5000.0,166100.0
1501,2021-10-12 02:27:43,56300.0,1000.0,161100.0
1502,2021-10-12 02:27:38,56200.0,3800.0,160100.0
1503,2021-10-12 02:27:38,56300.0,1200.0,156300.0
1504,2021-10-12 02:27:34,56300.0,100.0,155100.0
1505,2021-10-12 02:27:34,56300.0,3700.0,155000.0
1506,2021-10-12 02:27:26,56300.0,200.0,151300.0
1507,2021-10-12 02:27:22,56300.0,400.0,151100.0
1508,2021-10-12 02:27:19,56200.0,700.0,150700.0
1509,2021-10-12 02:27:19,56200.0,1000.0,150000.0
1510,2021-10-12 02:27:19,56200.0,100.0,149000.0
1511,2021-10-12 02:27:19,56200.0,200.0,148900.0
1512,2021-10-12 02:27:18,56300.0,500.0,148700.0
1513,2021-10-12 02:27:16,56300.0,200.0,148200.0
1514,2021-10-12 02:27:16,56300.0,600.0,148000.0
1515,2021-10-12 02:27:16,56300.0,200.0,147400.0
1516,2021-10-12 02:27:12,56200.0,500.0,147200.0
1517,2021-10-12 02:27:12,56200.0,300.0,146700.0
1518,2021-10-12 02:27:12,56200.0,100.0,146400.0
1519,2021-10-12 02:27:12,56200.0,100.0,146300.0
1520,2021-10-12 02:27:10,56300.0,500.0,146200.0
1521,2021-10-12 02:27:10,56300.0,200.0,145700.0
1522,2021-10-12 02:27:03,56300.0,200.0,145500.0
1523,2021-10-12 02:27:02,56300.0,800.0,145300.0
1524,2021-10-12 02:27:02,56300.0,300.0,144500.0
1525,2021-10-12 02:27:02,56300.0,1900.0,144200.0
1526,2021-10-12 02:27:02,56300.0,100.0,142300.0
1527,2021-10-12 02:27:02,56300.0,1900.0,142200.0
1528,2021-10-12 02:26:58,56300.0,600.0,140300.0
1529,2021-10-12 02:26:58,56300.0,1000.0,139700.0
1530,2021-10-12 02:26:58,56300.0,100.0,138700.0
1531,2021-10-12 02:26:47,56400.0,200.0,138600.0
1532,2021-10-12 02:26:45,56400.0,100.0,138400.0
1533,2021-10-12 02:26:45,56400.0,100.0,138300.0
1534,2021-10-12 02:26:33,56400.0,100.0,138200.0
1535,2021-10-12 02:26:33,56400.0,100.0,138100.0
1536,2021-10-12 02:26:33,56400.0,500.0,138000.0
1537,2021-10-12 02:26:33,56400.0,100.0,137500.0
1538,2021-10-12 02:26:33,56400.0,100.0,137400.0
1539,2021-10-12 02:26:33,56400.0,200.0,137300.0
1540,2021-10-12 02:26:33,56400.0,1700.0,137100.0
1541,2021-10-12 02:26:33,56400.0,500.0,135400.0
1542,2021-10-12 02:26:33,56400.0,300.0,134900.0
1543,2021-10-12 02:26:33,56400.0,100.0,134600.0
1544,2021-10-12 02:26:33,56400.0,1000.0,134500.0
1545,2021-10-12 02:26:33,56400.0,100.0,133500.0
1546,2021-10-12 02:26:33,56400.0,2100.0,133400.0
1547,2021-10-12 02:26:31,56400.0,100.0,131300.0
1548,2021-10-12 02:26:29,56400.0,100.0,131200.0
1549,2021-10-12 02:26:21,56400.0,400.0,131100.0
1550,2021-10-12 02:26:20,56400.0,3000.0,130700.0
1551,2021-10-12 02:26:19,56400.0,400.0,127700.0
1552,2021-10-12 02:26:17,56500.0,400.0,127300.0
1553,2021-10-12 02:26:13,56400.0,200.0,126900.0
1554,2021-10-12 02:26:11,56400.0,200.0,126700.0
1555,2021-10-12 02:26:10,56400.0,1000.0,126500.0
1556,2021-10-12 02:26:07,56500.0,200.0,125500.0
1557,2021-10-12 02:26:03,56400.0,500.0,125300.0
1558,2021-10-12 02:26:02,56400.0,2000.0,124800.0
1559,2021-10-12 02:25:53,56500.0,100.0,122800.0
1560,2021-10-12 02:25:53,56500.0,200.0,122700.0
1561,2021-10-12 02:25:53,56500.0,1000.0,122500.0
1562,2021-10-12 02:25:53,56500.0,500.0,121500.0
1563,2021-10-12 02:25:53,56500.0,100.0,121000.0
1564,2021-10-12 02:25:53,56500.0,100.0,120900.0
1565,2021-10-12 02:25:53,56500.0,500.0,120800.0
1566,2021-10-12 02:25:53,56500.0,500.0,120300.0
1567,2021-10-12 02:25:53,56500.0,1000.0,119800.0
1568,2021-10-12 02:25:53,56500.0,100.0,118800.0
1569,2021-10-12 02:25:53,56500.0,100.0,118700.0
1570,2021-10-12 02:25:53,56500.0,1000.0,118600.0
1571,2021-10-12 02:25:53,56500.0,400.0,117600.0
1572,2021-10-12 02:25:53,56500.0,100.0,117200.0
1573,2021-10-12 02:25:53,56500.0,200.0,117100.0
1574,2021-10-12 02:25:51,56500.0,100.0,116900.0
1575,2021-10-12 02:25:51,56500.0,200.0,116800.0
1576,2021-10-12 02:25:51,56500.0,700.0,116600.0
1577,2021-10-12 02:25:40,56500.0,300.0,115900.0
1578,2021-10-12 02:25:40,56500.0,3200.0,115600.0
1579,2021-10-12 02:25:32,56500.0,1800.0,112400.0
1580,2021-10-12 02:25:32,56500.0,100.0,110600.0
1581,2021-10-12 02:25:32,56500.0,300.0,110500.0
1582,2021-10-12 02:25:32,56500.0,100.0,110200.0
1583,2021-10-12 02:25:32,56500.0,100.0,110100.0
1584,2021-10-12 02:25:32,56500.0,1000.0,110000.0
1585,2021-10-12 02:25:32,56500.0,200.0,109000.0
1586,2021-10-12 02:25:32,56500.0,200.0,108800.0
1587,2021-10-12 02:25:32,56500.0,100.0,108600.0
1588,2021-10-12 02:25:32,56500.0,5000.0,108500.0
1589,2021-10-12 02:25:32,56500.0,500.0,103500.0
1590,2021-10-12 02:25:32,56500.0,100.0,103000.0
1591,2021-10-12 02:25:32,56500.0,300.0,102900.0
1592,2021-10-12 02:25:32,56500.0,100.0,102600.0
1593,2021-10-12 02:25:32,56500.0,100.0,102500.0
1594,2021-10-12 02:25:13,56600.0,200.0,102400.0
1595,2021-10-12 02:25:13,56600.0,2000.0,102200.0
1596,2021-10-12 02:25:13,56600.0,100.0,100200.0
1597,2021-10-12 02:25:13,56600.0,100.0,100100.0
1598,2021-10-12 02:25:13,56600.0,100.0,100000.0
1599,2021-10-12 02:25:13,56600.0,100.0,99900.0
1600,2021-10-12 02:25:13,56600.0,100.0,99800.0
1601,2021-10-12 02:25:13,56600.0,100.0,99700.0
1602,2021-10-12 02:25:13,56600.0,100.0,99600.0
1603,2021-10-12 02:25:13,56600.0,100.0,99500.0
1604,2021-10-12 02:25:13,56600.0,500.0,99400.0
1605,2021-10-12 02:25:13,56600.0,500.0,98900.0
1606,2021-10-12 02:25:13,56600.0,300.0,98400.0
1607,2021-10-12 02:25:13,56600.0,100.0,98100.0
1608,2021-10-12 02:25:13,56600.0,500.0,98000.0
1609,2021-10-12 02:25:13,56600.0,100.0,97500.0
1610,2021-10-12 02:25:13,56600.0,100.0,97400.0
1611,2021-10-12 02:25:13,56600.0,300.0,97300.0
1612,2021-10-12 02:25:13,56600.0,100.0,97000.0
1613,2021-10-12 02:25:13,56600.0,100.0,96900.0
1614,2021-10-12 02:25:13,56600.0,100.0,96800.0
1615,2021-10-12 02:25:13,56600.0,100.0,96700.0
1616,2021-10-12 02:25:13,56600.0,100.0,96600.0
1617,2021-10-12 02:25:13,56600.0,100.0,96500.0
1618,2021-10-12 02:25:13,56600.0,1000.0,96400.0
1619,2021-10-12 02:25:13,56600.0,100.0,95400.0
1620,2021-10-12 02:25:13,56600.0,2000.0,95300.0
1621,2021-10-12 02:25:13,56600.0,100.0,93300.0
1622,2021-10-12 02:25:06,56700.0,3000.0,93200.0
1623,2021-10-12 02:25:05,56700.0,100.0,90200.0
1624,2021-10-12 02:24:00,56700.0,100.0,90100.0
1625,2021-10-12 02:23:56,56700.0,100.0,90000.0
1626,2021-10-12 02:23:55,56600.0,900.0,89900.0
1627,2021-10-12 02:23:55,56600.0,300.0,89000.0
1628,2021-10-12 02:23:55,56600.0,100.0,88700.0
1629,2021-10-12 02:23:54,56600.0,500.0,88600.0
1630,2021-10-12 02:23:36,56700.0,1500.0,88100.0
1631,2021-10-12 02:23:34,56600.0,400.0,86600.0
1632,2021-10-12 02:23:34,56600.0,300.0,86200.0
1633,2021-10-12 02:23:34,56600.0,900.0,85900.0
1634,2021-10-12 02:22:58,56700.0,100.0,85000.0
1635,2021-10-12 02:22:53,56700.0,100.0,84900.0
1636,2021-10-12 02:22:50,56700.0,100.0,84800.0
1637,2021-10-12 02:22:47,56700.0,100.0,84700.0
1638,2021-10-12 02:22:43,56700.0,100.0,84600.0
1639,2021-10-12 02:22:18,56700.0,100.0,84500.0
1640,2021-10-12 02:21:59,56700.0,200.0,84400.0
1641,2021-10-12 02:21:55,56700.0,500.0,84200.0
1642,2021-10-12 02:21:26,56700.0,500.0,83700.0
1643,2021-10-12 02:21:21,56700.0,100.0,83200.0
1644,2021-10-12 02:21:13,56600.0,900.0,83100.0
1645,2021-10-12 02:21:03,56600.0,3200.0,82200.0
1646,2021-10-12 02:21:03,56600.0,200.0,79000.0
1647,2021-10-12 02:21:03,56700.0,500.0,78800.0
1648,2021-10-12 02:21:03,56700.0,100.0,78300.0
1649,2021-10-12 02:20:58,56700.0,100.0,78200.0
1650,2021-10-12 02:20:41,56600.0,300.0,78100.0
1651,2021-10-12 02:20:41,56600.0,100.0,77800.0
1652,2021-10-12 02:20:41,56600.0,500.0,77700.0
1653,2021-10-12 02:20:41,56600.0,100.0,77200.0
1654,2021-10-12 02:20:41,56600.0,500.0,77100.0
1655,2021-10-12 02:20:41,56600.0,200.0,76600.0
1656,2021-10-12 02:20:41,56600.0,1000.0,76400.0
1657,2021-10-12 02:20:41,56600.0,1000.0,75400.0
1658,2021-10-12 02:20:41,56600.0,500.0,74400.0
1659,2021-10-12 02:19:58,56600.0,100.0,73900.0
1660,2021-10-12 02:19:38,56600.0,100.0,73800.0
1661,2021-10-12 02:19:27,56600.0,800.0,73700.0
1662,2021-10-12 02:19:27,56700.0,200.0,72900.0
1663,2021-10-12 02:19:08,56600.0,200.0,72700.0
1664,2021-10-12 02:19:08,56600.0,300.0,72500.0
1665,2021-10-12 02:19:08,56600.0,500.0,72200.0
1666,2021-10-12 02:19:08,56600.0,200.0,71700.0
1667,2021-10-12 02:19:03,56600.0,300.0,71500.0
1668,2021-10-12 02:19:03,56600.0,200.0,71200.0
1669,2021-10-12 02:18:56,56600.0,200.0,71000.0
1670,2021-10-12 02:18:55,56600.0,100.0,70800.0
1671,2021-10-12 02:18:34,56600.0,500.0,70700.0
1672,2021-10-12 02:18:34,56600.0,900.0,70200.0
1673,2021-10-12 02:18:20,56600.0,600.0,69300.0
1674,2021-10-12 02:18:20,56600.0,400.0,68700.0
1675,2021-10-12 02:18:19,56600.0,200.0,68300.0
1676,2021-10-12 02:18:18,56600.0,4000.0,68100.0
1677,2021-10-12 02:18:13,56600.0,400.0,64100.0
1678,2021-10-12 02:18:13,56600.0,600.0,63700.0
1679,2021-10-12 02:18:04,56600.0,2000.0,63100.0
1680,2021-10-12 02:18:02,56600.0,1500.0,61100.0
1681,2021-10-12 02:18:02,56600.0,1000.0,59600.0
1682,2021-10-12 02:17:56,56600.0,100.0,58600.0
1683,2021-10-12 02:17:51,56600.0,200.0,58500.0
1684,2021-10-12 02:17:51,56600.0,100.0,58300.0
1685,2021-10-12 02:17:51,56600.0,200.0,58200.0
1686,2021-10-12 02:17:51,56600.0,500.0,58000.0
1687,2021-10-12 02:17:51,56600.0,300.0,57500.0
1688,2021-10-12 02:17:51,56600.0,200.0,57200.0
1689,2021-10-12 02:17:51,56600.0,300.0,57000.0
1690,2021-10-12 02:17:51,56600.0,2000.0,56700.0
1691,2021-10-12 02:17:51,56600.0,100.0,54700.0
1692,2021-10-12 02:17:51,56600.0,900.0,54600.0
1693,2021-10-12 02:17:49,56600.0,4100.0,53700.0
1694,2021-10-12 02:17:49,56600.0,100.0,49600.0
1695,2021-10-12 02:17:49,56600.0,100.0,49500.0
1696,2021-10-12 02:17:49,56600.0,300.0,49400.0
1697,2021-10-12 02:17:49,56600.0,200.0,49100.0
1698,2021-10-12 02:17:49,56600.0,200.0,48900.0
1699,2021-10-12 02:17:47,56800.0,300.0,48700.0
1700,2021-10-12 02:17:38,56800.0,1000.0,48400.0
1701,2021-10-12 02:16:58,56800.0,700.0,47400.0
1702,2021-10-12 02:16:48,56800.0,100.0,46700.0
1703,2021-10-12 02:16:48,56800.0,2000.0,46600.0
1704,2021-10-12 02:16:48,56800.0,200.0,44600.0
1705,2021-10-12 02:16:47,56800.0,100.0,44400.0
1706,2021-10-12 02:16:45,56700.0,300.0,44300.0
1707,2021-10-12 02:16:45,56700.0,100.0,44000.0
1708,2021-10-12 02:16:45,56700.0,100.0,43900.0
1709,2021-10-12 02:16:31,56800.0,100.0,43800.0
1710,2021-10-12 02:16:21,56800.0,500.0,43700.0
1711,2021-10-12 02:16:21,56800.0,100.0,43200.0
1712,2021-10-12 02:16:21,56800.0,100.0,43100.0
1713,2021-10-12 02:16:21,56800.0,1100.0,43000.0
1714,2021-10-12 02:16:11,56800.0,100.0,41900.0
1715,2021-10-12 02:15:47,56800.0,3000.0,41800.0
1716,2021-10-12 02:15:43,56900.0,1700.0,38800.0
1717,2021-10-12 02:15:40,56800.0,1500.0,37100.0
1718,2021-10-12 02:15:32,56800.0,1000.0,35600.0
1719,2021-10-12 02:15:19,56800.0,3300.0,34600.0
1720,2021-10-12 02:15:19,56800.0,500.0,31300.0
1721,2021-10-12 02:15:19,56800.0,500.0,30800.0
1722,2021-10-12 02:15:19,56800.0,700.0,30300.0
1723,2021-10-12 02:15:19,56800.0,200.0,29600.0
1724,2021-10-12 02:15:19,56800.0,100.0,29400.0
1725,2021-10-12 02:15:19,56800.0,200.0,29300.0
1726,2021-10-12 02:15:19,56800.0,200.0,29100.0
1727,2021-10-12 02:15:19,56800.0,200.0,28900.0
1728,2021-10-12 02:15:19,56800.0,100.0,28700.0
1729,2021-10-12 02:15:19,56900.0,2000.0,28600.0
1730,2021-10-12 02:15:15,56900.0,1000.0,26600.0
1731,2021-10-12 02:15:00,56900.0,200.0,25600.0
1732,2021-10-12 02:15:00,56900.0,100.0,25400.0
1733,2021-10-12 02:15:00,56900.0,1000.0,25300.0
1734,2021-10-12 02:15:00,56900.0,500.0,24300.0
1735,2021-10-12 02:15:00,56900.0,100.0,23800.0
1736,2021-10-12 02:15:00,56900.0,900.0,23700.0
1737,2021-10-12 02:15:00,56900.0,500.0,22800.0
1738,2021-10-12 02:15:00,56900.0,100.0,22300.0
1739,2021-10-12 02:15:00,56900.0,100.0,22200.0
1740,2021-10-12 02:15:00,56900.0,3200.0,22100.0
1741,2021-10-12 02:15:00,56900.0,1900.0,18900.0
1742,2021-10-12 02:15:00,56900.0,400.0,17000.0
1743,2021-10-12 02:15:00,56900.0,100.0,16600.0
1744,2021-10-12 02:15:00,56900.0,100.0,16500.0
1745,2021-10-12 02:15:00,56900.0,100.0,16400.0
1746,2021-10-12 02:15:00,56900.0,100.0,16300.0
1747,2021-10-12 02:15:00,56900.0,600.0,16200.0
1748,2021-10-12 02:15:00,56900.0,500.0,15600.0
1749,2021-10-12 02:15:00,56900.0,500.0,15100.0
1750,2021-10-12 02:15:00,56900.0,500.0,14600.0
1751,2021-10-12 02:15:00,56900.0,100.0,14100.0
1752,2021-10-12 02:15:00,56900.0,100.0,14000.0
1753,2021-10-12 02:15:00,56900.0,4500.0,13900.0
1754,2021-10-12 02:15:00,56900.0,1000.0,9400.0
1755,2021-10-12 02:15:00,56900.0,400.0,8400.0
1756,2021-10-12 02:15:00,56900.0,600.0,8000.0
1757,2021-10-12 02:15:00,56900.0,800.0,7400.0
1758,2021-10-12 02:15:00,56900.0,600.0,6600.0
1759,2021-10-12 02:15:00,56900.0,100.0,6000.0
1760,2021-10-12 02:15:00,56900.0,4000.0,5900.0
1761,2021-10-12 02:15:00,56900.0,100.0,1900.0
1762,2021-10-12 02:15:00,56900.0,400.0,1800.0
1763,2021-10-12 02:15:00,56900.0,200.0,1400.0
1764,2021-10-12 02:15:00,56900.0,200.0,1200.0
1765,2021-10-12 02:15:00,56900.0,100.0,1000.0
1766,2021-10-12 02:15:00,56900.0,700.0,900.0
1767,2021-10-12 02:15:00,56900.0,200.0,200.0
