,Time,Price,Volume_per_trade,Volume
0,2021-10-17 07:45:00,56800.0,500.0,1152900.0
1,2021-10-17 07:45:00,56800.0,200.0,1152400.0
2,2021-10-17 07:45:00,56800.0,1000.0,1152200.0
3,2021-10-17 07:45:00,56800.0,200.0,1151200.0
4,2021-10-17 07:45:00,56800.0,1000.0,1151000.0
5,2021-10-17 07:45:00,56800.0,600.0,1150000.0
6,2021-10-17 07:45:00,56800.0,9900.0,1149400.0
7,2021-10-17 07:45:00,56800.0,100.0,1139500.0
8,2021-10-17 07:45:00,56800.0,100.0,1139400.0
9,2021-10-17 07:45:00,56800.0,100.0,1139300.0
10,2021-10-17 07:45:00,56800.0,100.0,1139200.0
11,2021-10-17 07:45:00,56800.0,100.0,1139100.0
12,2021-10-17 07:45:00,56800.0,500.0,1139000.0
13,2021-10-17 07:45:00,56800.0,3000.0,1138500.0
14,2021-10-17 07:45:00,56800.0,500.0,1135500.0
15,2021-10-17 07:45:00,56800.0,100.0,1135000.0
16,2021-10-17 07:45:00,56800.0,100.0,1134900.0
17,2021-10-17 07:45:00,56800.0,200.0,1134800.0
18,2021-10-17 07:45:00,56800.0,200.0,1134600.0
19,2021-10-17 07:45:00,56800.0,100.0,1134400.0
20,2021-10-17 07:45:00,56800.0,2000.0,1134300.0
21,2021-10-17 07:45:00,56800.0,6800.0,1132300.0
22,2021-10-17 07:45:00,56800.0,3000.0,1125500.0
23,2021-10-17 07:45:00,56800.0,9000.0,1122500.0
24,2021-10-17 07:45:00,56800.0,1000.0,1113500.0
25,2021-10-17 07:45:00,56800.0,200.0,1112500.0
26,2021-10-17 07:45:00,56800.0,100.0,1112300.0
27,2021-10-17 07:45:00,56800.0,9900.0,1112200.0
28,2021-10-17 07:45:00,56800.0,100.0,1102300.0
29,2021-10-17 07:45:00,56800.0,200.0,1102200.0
30,2021-10-17 07:45:00,56800.0,2000.0,1102000.0
31,2021-10-17 07:45:00,56800.0,200.0,1100000.0
32,2021-10-17 07:45:00,56800.0,800.0,1099800.0
33,2021-10-17 07:45:00,56800.0,200.0,1099000.0
34,2021-10-17 07:45:00,56800.0,500.0,1098800.0
35,2021-10-17 07:45:00,56800.0,100.0,1098300.0
36,2021-10-17 07:45:00,56800.0,2000.0,1098200.0
37,2021-10-17 07:45:00,56800.0,100.0,1096200.0
38,2021-10-17 07:45:00,56800.0,400.0,1096100.0
39,2021-10-17 07:45:00,56800.0,1000.0,1095700.0
40,2021-10-17 07:45:00,56800.0,100.0,1094700.0
41,2021-10-17 07:45:00,56800.0,100.0,1094600.0
42,2021-10-17 07:45:00,56800.0,300.0,1094500.0
43,2021-10-17 07:45:00,56800.0,100.0,1094200.0
44,2021-10-17 07:45:00,56800.0,100.0,1094100.0
45,2021-10-17 07:45:00,56800.0,1800.0,1094000.0
46,2021-10-17 07:45:00,56800.0,200.0,1092200.0
47,2021-10-17 07:45:00,56800.0,100.0,1092000.0
48,2021-10-17 07:45:00,56800.0,200.0,1091900.0
49,2021-10-17 07:45:00,56800.0,1800.0,1091700.0
50,2021-10-17 07:45:00,56800.0,200.0,1089900.0
51,2021-10-17 07:45:00,56800.0,800.0,1089700.0
52,2021-10-17 07:45:00,56800.0,200.0,1088900.0
53,2021-10-17 07:45:00,56800.0,1000.0,1088700.0
54,2021-10-17 07:45:00,56800.0,500.0,1087700.0
55,2021-10-17 07:45:00,56800.0,300.0,1087200.0
56,2021-10-17 07:45:00,56800.0,500.0,1086900.0
57,2021-10-17 07:45:00,56800.0,200.0,1086400.0
58,2021-10-17 07:29:58,56900.0,500.0,1086200.0
59,2021-10-17 07:29:51,56900.0,100.0,1085700.0
60,2021-10-17 07:29:48,56900.0,500.0,1085600.0
61,2021-10-17 07:29:38,56900.0,8200.0,1085100.0
62,2021-10-17 07:29:38,56900.0,1000.0,1076900.0
63,2021-10-17 07:29:38,56900.0,800.0,1075900.0
64,2021-10-17 07:29:37,56900.0,2000.0,1075100.0
65,2021-10-17 07:29:34,56900.0,100.0,1073100.0
66,2021-10-17 07:29:29,56800.0,200.0,1073000.0
67,2021-10-17 07:29:29,56800.0,400.0,1072800.0
68,2021-10-17 07:29:26,56900.0,100.0,1072400.0
69,2021-10-17 07:29:20,56800.0,200.0,1072300.0
70,2021-10-17 07:29:15,56800.0,2000.0,1072100.0
71,2021-10-17 07:29:07,56800.0,200.0,1070100.0
72,2021-10-17 07:28:52,56900.0,200.0,1069900.0
73,2021-10-17 07:27:58,56900.0,200.0,1069700.0
74,2021-10-17 07:27:56,56900.0,100.0,1069500.0
75,2021-10-17 07:27:37,56800.0,400.0,1069400.0
76,2021-10-17 07:27:37,56800.0,1000.0,1069000.0
77,2021-10-17 07:27:37,56800.0,100.0,1068000.0
78,2021-10-17 07:27:37,56800.0,100.0,1067900.0
79,2021-10-17 07:27:23,56900.0,200.0,1067800.0
80,2021-10-17 07:27:20,56900.0,100.0,1067600.0
81,2021-10-17 07:26:56,56800.0,2000.0,1067500.0
82,2021-10-17 07:26:56,56800.0,100.0,1065500.0
83,2021-10-17 07:26:56,56800.0,100.0,1065400.0
84,2021-10-17 07:26:56,56800.0,100.0,1065300.0
85,2021-10-17 07:26:56,56800.0,100.0,1065200.0
86,2021-10-17 07:26:56,56800.0,200.0,1065100.0
87,2021-10-17 07:26:56,56800.0,500.0,1064900.0
88,2021-10-17 07:26:56,56800.0,200.0,1064400.0
89,2021-10-17 07:26:56,56800.0,300.0,1064200.0
90,2021-10-17 07:26:56,56800.0,100.0,1063900.0
91,2021-10-17 07:26:56,56800.0,100.0,1063800.0
92,2021-10-17 07:26:56,56800.0,200.0,1063700.0
93,2021-10-17 07:26:56,56800.0,100.0,1063500.0
94,2021-10-17 07:26:56,56800.0,200.0,1063400.0
95,2021-10-17 07:26:56,56800.0,200.0,1063200.0
96,2021-10-17 07:26:56,56800.0,100.0,1063000.0
97,2021-10-17 07:26:56,56800.0,400.0,1062900.0
98,2021-10-17 07:26:53,56800.0,100.0,1062500.0
99,2021-10-17 07:26:53,56800.0,1700.0,1062400.0
100,2021-10-17 07:26:53,56800.0,100.0,1060700.0
101,2021-10-17 07:26:53,56800.0,100.0,1060600.0
102,2021-10-17 07:26:51,56800.0,500.0,1060500.0
103,2021-10-17 07:26:39,56800.0,500.0,1060000.0
104,2021-10-17 07:26:39,56800.0,100.0,1059500.0
105,2021-10-17 07:26:39,56800.0,200.0,1059400.0
106,2021-10-17 07:26:39,56800.0,100.0,1059200.0
107,2021-10-17 07:26:39,56800.0,100.0,1059100.0
108,2021-10-17 07:26:35,56800.0,1000.0,1059000.0
109,2021-10-17 07:26:35,56800.0,100.0,1058000.0
110,2021-10-17 07:26:35,56800.0,100.0,1057900.0
111,2021-10-17 07:26:35,56800.0,200.0,1057800.0
112,2021-10-17 07:26:35,56800.0,200.0,1057600.0
113,2021-10-17 07:26:35,56800.0,300.0,1057400.0
114,2021-10-17 07:26:35,56800.0,400.0,1057100.0
115,2021-10-17 07:26:35,56800.0,100.0,1056700.0
116,2021-10-17 07:26:35,56800.0,100.0,1056600.0
117,2021-10-17 07:26:35,56800.0,100.0,1056500.0
118,2021-10-17 07:26:35,56800.0,300.0,1056400.0
119,2021-10-17 07:26:35,56800.0,100.0,1056100.0
120,2021-10-17 07:26:14,56800.0,100.0,1056000.0
121,2021-10-17 07:26:13,56800.0,2000.0,1055900.0
122,2021-10-17 07:26:13,56800.0,100.0,1053900.0
123,2021-10-17 07:26:13,56800.0,300.0,1053800.0
124,2021-10-17 07:26:13,56800.0,500.0,1053500.0
125,2021-10-17 07:26:13,56800.0,1000.0,1053000.0
126,2021-10-17 07:26:13,56800.0,500.0,1052000.0
127,2021-10-17 07:26:13,56800.0,500.0,1051500.0
128,2021-10-17 07:26:13,56800.0,100.0,1051000.0
129,2021-10-17 07:25:34,56800.0,500.0,1050900.0
130,2021-10-17 07:25:26,56800.0,1400.0,1050400.0
131,2021-10-17 07:25:26,56800.0,1200.0,1049000.0
132,2021-10-17 07:25:26,56800.0,100.0,1047800.0
133,2021-10-17 07:25:26,56800.0,400.0,1047700.0
134,2021-10-17 07:25:23,56800.0,4600.0,1047300.0
135,2021-10-17 07:25:23,56800.0,500.0,1042700.0
136,2021-10-17 07:25:23,56800.0,300.0,1042200.0
137,2021-10-17 07:25:23,56800.0,10000.0,1041900.0
138,2021-10-17 07:25:23,56800.0,100.0,1031900.0
139,2021-10-17 07:25:23,56800.0,100.0,1031800.0
140,2021-10-17 07:25:23,56800.0,900.0,1031700.0
141,2021-10-17 07:25:23,56800.0,1000.0,1030800.0
142,2021-10-17 07:25:23,56800.0,1000.0,1029800.0
143,2021-10-17 07:25:23,56800.0,1500.0,1028800.0
144,2021-10-17 07:25:17,56900.0,100.0,1027300.0
145,2021-10-17 07:25:07,56900.0,4000.0,1027200.0
146,2021-10-17 07:24:55,56900.0,600.0,1023200.0
147,2021-10-17 07:24:51,56900.0,1000.0,1022600.0
148,2021-10-17 07:24:46,56900.0,200.0,1021600.0
149,2021-10-17 07:24:31,56900.0,100.0,1021400.0
150,2021-10-17 07:24:29,56900.0,10200.0,1021300.0
151,2021-10-17 07:24:29,56900.0,2000.0,1011100.0
152,2021-10-17 07:24:29,56900.0,1000.0,1009100.0
153,2021-10-17 07:24:29,56900.0,400.0,1008100.0
154,2021-10-17 07:24:29,56900.0,4100.0,1007700.0
155,2021-10-17 07:24:29,56900.0,2300.0,1003600.0
156,2021-10-17 07:24:27,56800.0,300.0,1001300.0
157,2021-10-17 07:24:25,56900.0,200.0,1001000.0
158,2021-10-17 07:23:39,56800.0,200.0,1000800.0
159,2021-10-17 07:23:39,56800.0,2900.0,1000600.0
160,2021-10-17 07:23:29,56800.0,400.0,997700.0
161,2021-10-17 07:23:22,56800.0,100.0,997300.0
162,2021-10-17 07:23:20,56800.0,1600.0,997200.0
163,2021-10-17 07:23:20,56800.0,500.0,995600.0
164,2021-10-17 07:23:20,56800.0,200.0,995100.0
165,2021-10-17 07:23:20,56800.0,100.0,994900.0
166,2021-10-17 07:23:20,56800.0,300.0,994800.0
167,2021-10-17 07:23:20,56800.0,200.0,994500.0
168,2021-10-17 07:23:20,56800.0,1000.0,994300.0
169,2021-10-17 07:23:20,56800.0,100.0,993300.0
170,2021-10-17 07:23:20,56800.0,500.0,993200.0
171,2021-10-17 07:23:20,56800.0,200.0,992700.0
172,2021-10-17 07:23:20,56800.0,300.0,992500.0
173,2021-10-17 07:23:19,56800.0,200.0,992200.0
174,2021-10-17 07:23:19,56800.0,200.0,992000.0
175,2021-10-17 07:23:19,56800.0,100.0,991800.0
176,2021-10-17 07:22:25,56800.0,2000.0,991700.0
177,2021-10-17 07:22:15,56800.0,900.0,989700.0
178,2021-10-17 07:22:15,56800.0,6000.0,988800.0
179,2021-10-17 07:22:15,56800.0,1500.0,982800.0
180,2021-10-17 07:22:15,56800.0,500.0,981300.0
181,2021-10-17 07:22:15,56800.0,200.0,980800.0
182,2021-10-17 07:22:15,56800.0,200.0,980600.0
183,2021-10-17 07:22:15,56800.0,100.0,980400.0
184,2021-10-17 07:22:15,56800.0,200.0,980300.0
185,2021-10-17 07:22:15,56800.0,100.0,980100.0
186,2021-10-17 07:22:15,56800.0,100.0,980000.0
187,2021-10-17 07:22:15,56800.0,200.0,979900.0
188,2021-10-17 07:22:01,56900.0,200.0,979700.0
189,2021-10-17 07:21:51,56800.0,1000.0,979500.0
190,2021-10-17 07:21:31,56900.0,200.0,978500.0
191,2021-10-17 07:21:29,56900.0,500.0,978300.0
192,2021-10-17 07:21:29,56900.0,100.0,977800.0
193,2021-10-17 07:21:29,56900.0,200.0,977700.0
194,2021-10-17 07:21:29,56900.0,700.0,977500.0
195,2021-10-17 07:21:29,56900.0,800.0,976800.0
196,2021-10-17 07:21:29,56900.0,200.0,976000.0
197,2021-10-17 07:21:17,56900.0,100.0,975800.0
198,2021-10-17 07:21:17,56900.0,100.0,975700.0
199,2021-10-17 07:21:17,56900.0,100.0,975600.0
200,2021-10-17 07:20:59,56900.0,200.0,975500.0
201,2021-10-17 07:20:59,56900.0,300.0,975300.0
202,2021-10-17 07:20:48,56900.0,100.0,975000.0
203,2021-10-17 07:20:47,56900.0,5000.0,974900.0
204,2021-10-17 07:20:46,56900.0,2000.0,969900.0
205,2021-10-17 07:20:45,56900.0,100.0,967900.0
206,2021-10-17 07:20:38,56900.0,100.0,967800.0
207,2021-10-17 07:20:35,56900.0,1000.0,967700.0
208,2021-10-17 07:20:28,56900.0,1400.0,966700.0
209,2021-10-17 07:20:28,56900.0,100.0,965300.0
210,2021-10-17 07:20:28,56900.0,100.0,965200.0
211,2021-10-17 07:20:28,56900.0,100.0,965100.0
212,2021-10-17 07:20:28,56900.0,1000.0,965000.0
213,2021-10-17 07:20:28,56900.0,500.0,964000.0
214,2021-10-17 07:20:28,56900.0,100.0,963500.0
215,2021-10-17 07:20:28,56900.0,1000.0,963400.0
216,2021-10-17 07:20:28,56900.0,500.0,962400.0
217,2021-10-17 07:20:28,56900.0,500.0,961900.0
218,2021-10-17 07:20:28,56900.0,100.0,961400.0
219,2021-10-17 07:20:28,56900.0,200.0,961300.0
220,2021-10-17 07:20:28,56900.0,2000.0,961100.0
221,2021-10-17 07:20:28,56900.0,1000.0,959100.0
222,2021-10-17 07:20:28,56900.0,400.0,958100.0
223,2021-10-17 07:20:16,56900.0,600.0,957700.0
224,2021-10-17 07:20:16,56900.0,300.0,957100.0
225,2021-10-17 07:20:10,56900.0,500.0,956800.0
226,2021-10-17 07:20:09,56900.0,200.0,956300.0
227,2021-10-17 07:20:09,56900.0,300.0,956100.0
228,2021-10-17 07:20:07,56900.0,200.0,955800.0
229,2021-10-17 07:20:07,56900.0,100.0,955600.0
230,2021-10-17 07:20:07,56900.0,100.0,955500.0
231,2021-10-17 07:20:07,56900.0,300.0,955400.0
232,2021-10-17 07:20:07,56900.0,100.0,955100.0
233,2021-10-17 07:20:07,56900.0,200.0,955000.0
234,2021-10-17 07:20:07,56900.0,500.0,954800.0
235,2021-10-17 07:20:07,56900.0,100.0,954300.0
236,2021-10-17 07:20:07,56900.0,1400.0,954200.0
237,2021-10-17 07:20:05,56900.0,1000.0,952800.0
238,2021-10-17 07:20:04,56900.0,500.0,951800.0
239,2021-10-17 07:20:01,56900.0,1000.0,951300.0
240,2021-10-17 07:19:51,56900.0,500.0,950300.0
241,2021-10-17 07:19:44,56900.0,11300.0,949800.0
242,2021-10-17 07:19:41,56900.0,100.0,938500.0
243,2021-10-17 07:19:38,56900.0,4200.0,938400.0
244,2021-10-17 07:19:38,56900.0,100.0,934200.0
245,2021-10-17 07:19:38,56900.0,200.0,934100.0
246,2021-10-17 07:19:38,56900.0,100.0,933900.0
247,2021-10-17 07:19:38,56900.0,400.0,933800.0
248,2021-10-17 07:19:37,56900.0,100.0,933400.0
249,2021-10-17 07:19:37,56900.0,100.0,933300.0
250,2021-10-17 07:19:22,56900.0,1000.0,933200.0
251,2021-10-17 07:18:34,56900.0,200.0,932200.0
252,2021-10-17 07:18:29,56900.0,500.0,932000.0
253,2021-10-17 07:18:29,56900.0,500.0,931500.0
254,2021-10-17 07:18:24,56900.0,200.0,931000.0
255,2021-10-17 07:18:11,56900.0,500.0,930800.0
256,2021-10-17 07:18:07,57000.0,500.0,930300.0
257,2021-10-17 07:18:07,56900.0,800.0,929800.0
258,2021-10-17 07:18:07,56900.0,300.0,929000.0
259,2021-10-17 07:18:07,56900.0,100.0,928700.0
260,2021-10-17 07:18:07,56900.0,100.0,928600.0
261,2021-10-17 07:18:07,56900.0,1000.0,928500.0
262,2021-10-17 07:18:07,56900.0,100.0,927500.0
263,2021-10-17 07:18:07,56900.0,300.0,927400.0
264,2021-10-17 07:18:07,56900.0,300.0,927100.0
265,2021-10-17 07:18:01,56900.0,1200.0,926800.0
266,2021-10-17 07:18:00,56900.0,300.0,925600.0
267,2021-10-17 07:17:59,56900.0,200.0,925300.0
268,2021-10-17 07:17:44,56900.0,800.0,925100.0
269,2021-10-17 07:16:59,57000.0,3700.0,924300.0
270,2021-10-17 07:16:33,57000.0,100.0,920600.0
271,2021-10-17 07:16:27,57000.0,100.0,920500.0
272,2021-10-17 07:16:22,57000.0,1000.0,920400.0
273,2021-10-17 07:16:03,57000.0,100.0,919400.0
274,2021-10-17 07:16:03,57000.0,300.0,919300.0
275,2021-10-17 07:16:03,57000.0,200.0,919000.0
276,2021-10-17 07:16:03,57000.0,400.0,918800.0
277,2021-10-17 07:15:58,57000.0,2900.0,918400.0
278,2021-10-17 07:15:58,57000.0,200.0,915500.0
279,2021-10-17 07:15:58,57000.0,100.0,915300.0
280,2021-10-17 07:15:58,57000.0,5200.0,915200.0
281,2021-10-17 07:15:58,57000.0,500.0,910000.0
282,2021-10-17 07:15:58,57000.0,200.0,909500.0
283,2021-10-17 07:15:58,57000.0,1000.0,909300.0
284,2021-10-17 07:15:58,57000.0,800.0,908300.0
285,2021-10-17 07:15:58,57000.0,100.0,907500.0
286,2021-10-17 07:15:58,57000.0,500.0,907400.0
287,2021-10-17 07:15:58,57000.0,300.0,906900.0
288,2021-10-17 07:15:58,57000.0,2000.0,906600.0
289,2021-10-17 07:15:58,57000.0,100.0,904600.0
290,2021-10-17 07:15:58,57000.0,100.0,904500.0
291,2021-10-17 07:15:58,57000.0,500.0,904400.0
292,2021-10-17 07:15:58,57000.0,100.0,903900.0
293,2021-10-17 07:15:58,57000.0,600.0,903800.0
294,2021-10-17 07:15:58,57000.0,2000.0,903200.0
295,2021-10-17 07:15:58,57000.0,200.0,901200.0
296,2021-10-17 07:15:58,57000.0,800.0,901000.0
297,2021-10-17 07:15:58,57000.0,100.0,900200.0
298,2021-10-17 07:15:58,57000.0,200.0,900100.0
299,2021-10-17 07:15:58,57000.0,200.0,899900.0
300,2021-10-17 07:15:58,57000.0,100.0,899700.0
301,2021-10-17 07:15:58,57000.0,1200.0,899600.0
302,2021-10-17 07:15:56,57000.0,100.0,898400.0
303,2021-10-17 07:15:54,57000.0,1200.0,898300.0
304,2021-10-17 07:15:20,57000.0,200.0,897100.0
305,2021-10-17 07:15:15,57000.0,2300.0,896900.0
306,2021-10-17 07:15:15,57000.0,3000.0,894600.0
307,2021-10-17 07:15:15,57000.0,200.0,891600.0
308,2021-10-17 07:15:15,57000.0,1000.0,891400.0
309,2021-10-17 07:15:15,57000.0,1000.0,890400.0
310,2021-10-17 07:15:15,57000.0,1000.0,889400.0
311,2021-10-17 07:15:15,57000.0,1000.0,888400.0
312,2021-10-17 07:15:15,57000.0,200.0,887400.0
313,2021-10-17 07:15:15,57000.0,200.0,887200.0
314,2021-10-17 07:15:15,57000.0,20100.0,887000.0
315,2021-10-17 07:15:06,57000.0,1000.0,866900.0
316,2021-10-17 07:14:51,56900.0,200.0,865900.0
317,2021-10-17 07:14:51,56900.0,100.0,865700.0
318,2021-10-17 07:14:51,56900.0,200.0,865600.0
319,2021-10-17 07:14:51,56900.0,500.0,865400.0
320,2021-10-17 07:14:46,56900.0,500.0,864900.0
321,2021-10-17 07:14:06,56900.0,100.0,864400.0
322,2021-10-17 07:13:26,56900.0,100.0,864300.0
323,2021-10-17 07:13:26,56900.0,100.0,864200.0
324,2021-10-17 07:13:26,56900.0,700.0,864100.0
325,2021-10-17 07:13:15,56900.0,100.0,863400.0
326,2021-10-17 07:12:54,57000.0,100.0,863300.0
327,2021-10-17 07:12:38,57000.0,10000.0,863200.0
328,2021-10-17 07:11:29,56900.0,300.0,853200.0
329,2021-10-17 07:11:24,56900.0,2000.0,852900.0
330,2021-10-17 07:11:20,56900.0,100.0,850900.0
331,2021-10-17 07:11:04,56900.0,100.0,850800.0
332,2021-10-17 07:10:56,56900.0,200.0,850700.0
333,2021-10-17 07:10:54,56900.0,200.0,850500.0
334,2021-10-17 07:10:53,56900.0,1000.0,850300.0
335,2021-10-17 07:10:40,56900.0,300.0,849300.0
336,2021-10-17 07:10:40,56900.0,100.0,849000.0
337,2021-10-17 07:10:40,56900.0,200.0,848900.0
338,2021-10-17 07:10:40,56900.0,100.0,848700.0
339,2021-10-17 07:10:40,56900.0,200.0,848600.0
340,2021-10-17 07:10:40,56900.0,100.0,848400.0
341,2021-10-17 07:10:08,56900.0,200.0,848300.0
342,2021-10-17 07:10:08,56900.0,100.0,848100.0
343,2021-10-17 07:10:08,56900.0,300.0,848000.0
344,2021-10-17 07:10:07,56900.0,200.0,847700.0
345,2021-10-17 07:10:07,56900.0,100.0,847500.0
346,2021-10-17 07:10:07,56900.0,200.0,847400.0
347,2021-10-17 07:08:55,56900.0,300.0,847200.0
348,2021-10-17 07:08:55,56900.0,500.0,846900.0
349,2021-10-17 07:08:55,56900.0,300.0,846400.0
350,2021-10-17 07:08:55,56900.0,1000.0,846100.0
351,2021-10-17 07:08:55,56900.0,100.0,845100.0
352,2021-10-17 07:08:55,56900.0,800.0,845000.0
353,2021-10-17 07:08:51,56900.0,100.0,844200.0
354,2021-10-17 07:08:34,56900.0,100.0,844100.0
355,2021-10-17 07:08:01,56900.0,500.0,844000.0
356,2021-10-17 07:07:48,56900.0,2000.0,843500.0
357,2021-10-17 07:07:48,56900.0,100.0,841500.0
358,2021-10-17 07:07:23,56900.0,400.0,841400.0
359,2021-10-17 07:06:36,56900.0,100.0,841000.0
360,2021-10-17 07:06:04,56900.0,400.0,840900.0
361,2021-10-17 07:05:18,56900.0,200.0,840500.0
362,2021-10-17 07:04:45,56900.0,200.0,840300.0
363,2021-10-17 07:03:45,56900.0,4000.0,840100.0
364,2021-10-17 07:02:36,56900.0,2000.0,836100.0
365,2021-10-17 07:01:51,57000.0,100.0,834100.0
366,2021-10-17 07:01:37,57000.0,500.0,834000.0
367,2021-10-17 06:59:44,57000.0,100.0,833500.0
368,2021-10-17 06:59:17,57000.0,200.0,833400.0
369,2021-10-17 06:58:33,56900.0,100.0,833200.0
370,2021-10-17 06:58:29,57000.0,200.0,833100.0
371,2021-10-17 06:57:22,56900.0,500.0,832900.0
372,2021-10-17 06:57:22,56900.0,1600.0,832400.0
373,2021-10-17 06:57:22,56900.0,100.0,830800.0
374,2021-10-17 06:57:22,56900.0,100.0,830700.0
375,2021-10-17 06:57:22,56900.0,100.0,830600.0
376,2021-10-17 06:57:22,56900.0,100.0,830500.0
377,2021-10-17 06:57:22,56900.0,2000.0,830400.0
378,2021-10-17 06:57:22,56900.0,500.0,828400.0
379,2021-10-17 06:57:20,56900.0,100.0,827900.0
380,2021-10-17 06:57:20,56900.0,200.0,827800.0
381,2021-10-17 06:57:20,56900.0,3000.0,827600.0
382,2021-10-17 06:57:20,56900.0,100.0,824600.0
383,2021-10-17 06:57:20,56900.0,100.0,824500.0
384,2021-10-17 06:57:20,56900.0,2000.0,824400.0
385,2021-10-17 06:57:20,56900.0,1000.0,822400.0
386,2021-10-17 06:57:20,56900.0,10000.0,821400.0
387,2021-10-17 06:57:20,56900.0,1000.0,811400.0
388,2021-10-17 06:57:20,56900.0,12500.0,810400.0
389,2021-10-17 06:56:45,56900.0,2900.0,797900.0
390,2021-10-17 06:56:40,56900.0,400.0,795000.0
391,2021-10-17 06:55:54,56900.0,200.0,794600.0
392,2021-10-17 06:54:20,57000.0,2000.0,794400.0
393,2021-10-17 06:53:45,57000.0,1000.0,792400.0
394,2021-10-17 06:52:54,57000.0,3700.0,791400.0
395,2021-10-17 06:52:54,57000.0,3000.0,787700.0
396,2021-10-17 06:52:54,57000.0,200.0,784700.0
397,2021-10-17 06:52:54,57000.0,8000.0,784500.0
398,2021-10-17 06:52:54,57000.0,1000.0,776500.0
399,2021-10-17 06:52:54,57000.0,1000.0,775500.0
400,2021-10-17 06:52:54,57000.0,100.0,774500.0
401,2021-10-17 06:52:54,57000.0,1000.0,774400.0
402,2021-10-17 06:52:54,57000.0,1000.0,773400.0
403,2021-10-17 06:52:54,57000.0,100.0,772400.0
404,2021-10-17 06:52:54,57000.0,700.0,772300.0
405,2021-10-17 06:52:54,57000.0,200.0,771600.0
406,2021-10-17 06:52:54,57000.0,200.0,771400.0
407,2021-10-17 06:51:11,56900.0,100.0,771200.0
408,2021-10-17 06:50:35,56900.0,2000.0,771100.0
409,2021-10-17 06:49:27,56900.0,100.0,769100.0
410,2021-10-17 06:49:24,56900.0,100.0,769000.0
411,2021-10-17 06:49:22,56900.0,100.0,768900.0
412,2021-10-17 06:48:56,56900.0,1000.0,768800.0
413,2021-10-17 06:48:50,57000.0,100.0,767800.0
414,2021-10-17 06:48:38,56900.0,100.0,767700.0
415,2021-10-17 06:47:59,57000.0,800.0,767600.0
416,2021-10-17 06:47:31,57000.0,100.0,766800.0
417,2021-10-17 06:47:02,57000.0,600.0,766700.0
418,2021-10-17 06:47:02,57000.0,500.0,766100.0
419,2021-10-17 06:47:02,57000.0,1000.0,765600.0
420,2021-10-17 06:47:02,57000.0,100.0,764600.0
421,2021-10-17 06:47:02,57000.0,2800.0,764500.0
422,2021-10-17 06:47:01,57000.0,100.0,761700.0
423,2021-10-17 06:46:30,57000.0,2900.0,761600.0
424,2021-10-17 06:46:28,56900.0,300.0,758700.0
425,2021-10-17 06:45:55,57000.0,1000.0,758400.0
426,2021-10-17 06:45:51,56900.0,200.0,757400.0
427,2021-10-17 06:45:30,57000.0,3000.0,757200.0
428,2021-10-17 06:45:11,57000.0,100.0,754200.0
429,2021-10-17 06:45:11,57000.0,5000.0,754100.0
430,2021-10-17 06:45:11,57000.0,500.0,749100.0
431,2021-10-17 06:45:11,57000.0,1000.0,748600.0
432,2021-10-17 06:45:11,57000.0,1000.0,747600.0
433,2021-10-17 06:45:11,57000.0,1000.0,746600.0
434,2021-10-17 06:45:11,57000.0,100.0,745600.0
435,2021-10-17 06:45:08,57000.0,1900.0,745500.0
436,2021-10-17 06:45:08,57000.0,600.0,743600.0
437,2021-10-17 06:45:08,57000.0,500.0,743000.0
438,2021-10-17 06:45:08,57000.0,600.0,742500.0
439,2021-10-17 06:45:08,57000.0,100.0,741900.0
440,2021-10-17 06:45:08,57000.0,500.0,741800.0
441,2021-10-17 06:45:08,57000.0,100.0,741300.0
442,2021-10-17 06:45:08,57000.0,700.0,741200.0
443,2021-10-17 06:44:41,57000.0,200.0,740500.0
444,2021-10-17 06:44:38,57000.0,100.0,740300.0
445,2021-10-17 06:44:38,57000.0,100.0,740200.0
446,2021-10-17 06:44:38,57000.0,100.0,740100.0
447,2021-10-17 06:44:38,57000.0,200.0,740000.0
448,2021-10-17 06:44:38,57000.0,200.0,739800.0
449,2021-10-17 06:44:38,57000.0,100.0,739600.0
450,2021-10-17 06:44:38,57000.0,200.0,739500.0
451,2021-10-17 06:44:38,57000.0,700.0,739300.0
452,2021-10-17 06:44:32,57000.0,100.0,738600.0
453,2021-10-17 06:44:32,57000.0,1000.0,738500.0
454,2021-10-17 06:44:32,57000.0,100.0,737500.0
455,2021-10-17 06:44:32,57000.0,100.0,737400.0
456,2021-10-17 06:44:32,57000.0,300.0,737300.0
457,2021-10-17 06:44:32,57000.0,1000.0,737000.0
458,2021-10-17 06:44:32,57000.0,100.0,736000.0
459,2021-10-17 06:44:32,57000.0,500.0,735900.0
460,2021-10-17 06:44:32,57000.0,200.0,735400.0
461,2021-10-17 06:44:32,57000.0,200.0,735200.0
462,2021-10-17 06:44:32,57000.0,500.0,735000.0
463,2021-10-17 06:44:32,57000.0,200.0,734500.0
464,2021-10-17 06:44:32,57000.0,700.0,734300.0
465,2021-10-17 06:43:42,57000.0,300.0,733600.0
466,2021-10-17 06:43:42,57000.0,100.0,733300.0
467,2021-10-17 06:43:42,57000.0,300.0,733200.0
468,2021-10-17 06:43:42,57000.0,100.0,732900.0
469,2021-10-17 06:43:42,57000.0,1000.0,732800.0
470,2021-10-17 06:43:42,57000.0,2000.0,731800.0
471,2021-10-17 06:43:42,57000.0,1000.0,729800.0
472,2021-10-17 06:43:42,57000.0,2200.0,728800.0
473,2021-10-17 06:43:34,57000.0,500.0,726600.0
474,2021-10-17 06:43:32,57000.0,1000.0,726100.0
475,2021-10-17 06:43:18,57000.0,200.0,725100.0
476,2021-10-17 06:43:18,57000.0,1100.0,724900.0
477,2021-10-17 06:43:18,57000.0,100.0,723800.0
478,2021-10-17 06:43:18,57000.0,100.0,723700.0
479,2021-10-17 06:43:18,57000.0,100.0,723600.0
480,2021-10-17 06:43:18,57000.0,1000.0,723500.0
481,2021-10-17 06:43:18,57000.0,300.0,722500.0
482,2021-10-17 06:43:18,57000.0,300.0,722200.0
483,2021-10-17 06:42:55,57000.0,200.0,721900.0
484,2021-10-17 06:42:55,57000.0,300.0,721700.0
485,2021-10-17 06:42:43,57000.0,1700.0,721400.0
486,2021-10-17 06:42:43,57000.0,300.0,719700.0
487,2021-10-17 06:42:29,57000.0,700.0,719400.0
488,2021-10-17 06:42:29,57000.0,200.0,718700.0
489,2021-10-17 06:42:29,57000.0,100.0,718500.0
490,2021-10-17 06:42:29,57000.0,200.0,718400.0
491,2021-10-17 06:42:29,57000.0,100.0,718200.0
492,2021-10-17 06:42:29,57000.0,100.0,718100.0
493,2021-10-17 06:42:29,57000.0,200.0,718000.0
494,2021-10-17 06:42:29,57000.0,300.0,717800.0
495,2021-10-17 06:42:29,57000.0,500.0,717500.0
496,2021-10-17 06:42:29,57000.0,200.0,717000.0
497,2021-10-17 06:42:29,57000.0,1000.0,716800.0
498,2021-10-17 06:42:29,57000.0,400.0,715800.0
499,2021-10-17 06:42:14,57000.0,3600.0,715400.0
500,2021-10-17 06:42:14,57000.0,400.0,711800.0
501,2021-10-17 06:41:22,57000.0,100.0,711400.0
502,2021-10-17 06:41:22,57000.0,200.0,711300.0
503,2021-10-17 06:41:22,57000.0,200.0,711100.0
504,2021-10-17 06:41:22,57000.0,1000.0,710900.0
505,2021-10-17 06:41:22,57000.0,300.0,709900.0
506,2021-10-17 06:41:22,57000.0,200.0,709600.0
507,2021-10-17 06:40:55,57100.0,800.0,709400.0
508,2021-10-17 06:40:37,57000.0,100.0,708600.0
509,2021-10-17 06:40:37,57000.0,100.0,708500.0
510,2021-10-17 06:40:37,57000.0,100.0,708400.0
511,2021-10-17 06:40:37,57000.0,700.0,708300.0
512,2021-10-17 06:40:35,57100.0,200.0,707600.0
513,2021-10-17 06:40:35,57100.0,800.0,707400.0
514,2021-10-17 06:40:16,57000.0,1300.0,706600.0
515,2021-10-17 06:40:16,57000.0,500.0,705300.0
516,2021-10-17 06:40:16,57000.0,100.0,704800.0
517,2021-10-17 06:39:48,57100.0,100.0,704700.0
518,2021-10-17 06:39:19,57100.0,100.0,704600.0
519,2021-10-17 06:38:59,57100.0,1000.0,704500.0
520,2021-10-17 06:38:30,57000.0,300.0,703500.0
521,2021-10-17 06:38:30,57000.0,100.0,703200.0
522,2021-10-17 06:38:14,57100.0,200.0,703100.0
523,2021-10-17 06:36:56,57100.0,200.0,702900.0
524,2021-10-17 06:35:59,57100.0,100.0,702700.0
525,2021-10-17 06:35:24,57000.0,100.0,702600.0
526,2021-10-17 06:35:24,57000.0,400.0,702500.0
527,2021-10-17 06:34:48,57000.0,100.0,702100.0
528,2021-10-17 06:34:48,57000.0,100.0,702000.0
529,2021-10-17 06:34:48,57000.0,100.0,701900.0
530,2021-10-17 06:34:48,57000.0,200.0,701800.0
531,2021-10-17 06:34:48,57000.0,1000.0,701600.0
532,2021-10-17 06:34:48,57000.0,100.0,700600.0
533,2021-10-17 06:34:48,57000.0,100.0,700500.0
534,2021-10-17 06:34:48,57000.0,100.0,700400.0
535,2021-10-17 06:34:48,57000.0,100.0,700300.0
536,2021-10-17 06:34:48,57000.0,1400.0,700200.0
537,2021-10-17 06:34:48,57000.0,100.0,698800.0
538,2021-10-17 06:34:48,57000.0,100.0,698700.0
539,2021-10-17 06:34:48,57000.0,5000.0,698600.0
540,2021-10-17 06:34:48,57000.0,200.0,693600.0
541,2021-10-17 06:34:48,57000.0,200.0,693400.0
542,2021-10-17 06:34:48,57000.0,100.0,693200.0
543,2021-10-17 06:34:48,57000.0,500.0,693100.0
544,2021-10-17 06:34:48,57000.0,100.0,692600.0
545,2021-10-17 06:34:48,57000.0,10000.0,692500.0
546,2021-10-17 06:34:48,57000.0,400.0,682500.0
547,2021-10-17 06:34:32,57100.0,500.0,682100.0
548,2021-10-17 06:34:32,57100.0,100.0,681600.0
549,2021-10-17 06:34:32,57100.0,400.0,681500.0
550,2021-10-17 06:34:08,57000.0,100.0,681100.0
551,2021-10-17 06:33:56,57000.0,1000.0,681000.0
552,2021-10-17 06:33:56,57000.0,700.0,680000.0
553,2021-10-17 06:33:56,57000.0,300.0,679300.0
554,2021-10-17 06:33:52,57000.0,100.0,679000.0
555,2021-10-17 06:32:51,57000.0,100.0,678900.0
556,2021-10-17 06:32:36,57100.0,100.0,678800.0
557,2021-10-17 06:32:27,57000.0,500.0,678700.0
558,2021-10-17 06:32:27,57000.0,300.0,678200.0
559,2021-10-17 06:32:27,57000.0,500.0,677900.0
560,2021-10-17 06:32:27,57000.0,200.0,677400.0
561,2021-10-17 06:32:27,57100.0,100.0,677200.0
562,2021-10-17 06:32:04,57000.0,500.0,677100.0
563,2021-10-17 06:32:04,57000.0,100.0,676600.0
564,2021-10-17 06:32:04,57000.0,1100.0,676500.0
565,2021-10-17 06:32:04,57000.0,100.0,675400.0
566,2021-10-17 06:32:04,57000.0,100.0,675300.0
567,2021-10-17 06:32:04,57000.0,100.0,675200.0
568,2021-10-17 06:32:04,57000.0,100.0,675100.0
569,2021-10-17 06:31:14,57000.0,900.0,675000.0
570,2021-10-17 06:31:14,57000.0,100.0,674100.0
571,2021-10-17 06:31:00,57000.0,200.0,674000.0
572,2021-10-17 06:30:29,57100.0,800.0,673800.0
573,2021-10-17 06:30:28,57100.0,4800.0,673000.0
574,2021-10-17 06:30:10,57100.0,100.0,668200.0
575,2021-10-17 06:29:40,57100.0,100.0,668100.0
576,2021-10-17 06:29:36,57100.0,100.0,668000.0
577,2021-10-17 06:29:08,57100.0,18900.0,667900.0
578,2021-10-17 06:29:08,57100.0,1000.0,649000.0
579,2021-10-17 06:29:08,57100.0,100.0,648000.0
580,2021-10-17 06:29:07,57000.0,500.0,647900.0
581,2021-10-17 06:28:58,57000.0,1200.0,647400.0
582,2021-10-17 06:28:58,57000.0,100.0,646200.0
583,2021-10-17 06:28:58,57000.0,500.0,646100.0
584,2021-10-17 06:28:58,57000.0,100.0,645600.0
585,2021-10-17 06:28:58,57000.0,100.0,645500.0
586,2021-10-17 06:28:43,57000.0,500.0,645400.0
587,2021-10-17 06:27:43,57000.0,500.0,644900.0
588,2021-10-17 06:27:41,57000.0,100.0,644400.0
589,2021-10-17 06:27:41,57000.0,100.0,644300.0
590,2021-10-17 06:27:41,57000.0,200.0,644200.0
591,2021-10-17 06:27:23,57000.0,1100.0,644000.0
592,2021-10-17 06:26:55,57000.0,700.0,642900.0
593,2021-10-17 06:26:55,57000.0,4300.0,642200.0
594,2021-10-17 06:26:48,57000.0,400.0,637900.0
595,2021-10-17 06:26:33,57000.0,300.0,637500.0
596,2021-10-17 06:26:33,57000.0,100.0,637200.0
597,2021-10-17 06:26:33,57000.0,4600.0,637100.0
598,2021-10-17 06:26:32,57000.0,100.0,632500.0
599,2021-10-17 06:25:46,57000.0,100.0,632400.0
600,2021-10-17 06:25:26,57000.0,600.0,632300.0
601,2021-10-17 06:25:08,57000.0,1000.0,631700.0
602,2021-10-17 06:25:01,57000.0,3600.0,630700.0
603,2021-10-17 06:25:01,57000.0,1000.0,627100.0
604,2021-10-17 06:24:55,57000.0,100.0,626100.0
605,2021-10-17 06:24:52,57000.0,3400.0,626000.0
606,2021-10-17 06:24:52,57000.0,100.0,622600.0
607,2021-10-17 06:24:52,57000.0,100.0,622500.0
608,2021-10-17 06:24:52,57000.0,100.0,622400.0
609,2021-10-17 06:24:52,57000.0,700.0,622300.0
610,2021-10-17 06:23:39,57000.0,300.0,621600.0
611,2021-10-17 06:23:39,57000.0,200.0,621300.0
612,2021-10-17 06:22:46,57100.0,1800.0,621100.0
613,2021-10-17 06:22:39,57100.0,2000.0,619300.0
614,2021-10-17 06:22:39,57100.0,1000.0,617300.0
615,2021-10-17 06:22:39,57100.0,100.0,616300.0
616,2021-10-17 06:22:39,57100.0,100.0,616200.0
617,2021-10-17 06:22:39,57100.0,700.0,616100.0
618,2021-10-17 06:22:39,57100.0,300.0,615400.0
619,2021-10-17 06:22:39,57100.0,600.0,615100.0
620,2021-10-17 06:22:39,57100.0,500.0,614500.0
621,2021-10-17 06:22:39,57100.0,6700.0,614000.0
622,2021-10-17 06:22:29,57100.0,500.0,607300.0
623,2021-10-17 06:22:24,57100.0,1300.0,606800.0
624,2021-10-17 06:21:57,57100.0,21500.0,605500.0
625,2021-10-17 06:21:57,57100.0,8500.0,584000.0
626,2021-10-17 06:20:06,57100.0,500.0,575500.0
627,2021-10-17 06:19:39,57100.0,500.0,575000.0
628,2021-10-17 06:18:52,57100.0,2400.0,574500.0
629,2021-10-17 06:18:31,57100.0,500.0,572100.0
630,2021-10-17 06:17:17,57100.0,1000.0,571600.0
631,2021-10-17 06:15:46,57200.0,100.0,570600.0
632,2021-10-17 06:15:14,57100.0,700.0,570500.0
633,2021-10-17 06:15:14,57200.0,800.0,569800.0
634,2021-10-17 06:15:14,57200.0,6000.0,569000.0
635,2021-10-17 06:15:14,57200.0,100.0,563000.0
636,2021-10-17 06:15:14,57200.0,1000.0,562900.0
637,2021-10-17 06:15:14,57200.0,100.0,561900.0
638,2021-10-17 06:15:14,57200.0,1000.0,561800.0
639,2021-10-17 06:15:14,57200.0,300.0,560800.0
640,2021-10-17 06:15:14,57200.0,10000.0,560500.0
641,2021-10-17 06:15:14,57200.0,500.0,550500.0
642,2021-10-17 06:15:14,57200.0,200.0,550000.0
643,2021-10-17 06:14:09,57100.0,600.0,549800.0
644,2021-10-17 06:13:56,57100.0,2000.0,549200.0
645,2021-10-17 06:13:56,57100.0,3000.0,547200.0
646,2021-10-17 06:13:56,57100.0,300.0,544200.0
647,2021-10-17 06:13:12,57100.0,300.0,543900.0
648,2021-10-17 06:12:31,57100.0,100.0,543600.0
649,2021-10-17 06:12:17,57100.0,500.0,543500.0
650,2021-10-17 06:12:16,57100.0,100.0,543000.0
651,2021-10-17 06:12:16,57100.0,100.0,542900.0
652,2021-10-17 06:12:16,57100.0,100.0,542800.0
653,2021-10-17 06:12:16,57100.0,100.0,542700.0
654,2021-10-17 06:12:16,57100.0,1000.0,542600.0
655,2021-10-17 06:12:16,57100.0,500.0,541600.0
656,2021-10-17 06:12:16,57100.0,200.0,541100.0
657,2021-10-17 06:12:16,57100.0,1000.0,540900.0
658,2021-10-17 06:12:16,57100.0,100.0,539900.0
659,2021-10-17 06:12:16,57100.0,100.0,539800.0
660,2021-10-17 06:12:16,57100.0,200.0,539700.0
661,2021-10-17 06:12:16,57100.0,200.0,539500.0
662,2021-10-17 06:12:16,57100.0,400.0,539300.0
663,2021-10-17 06:12:16,57100.0,2000.0,538900.0
664,2021-10-17 06:12:16,57100.0,400.0,536900.0
665,2021-10-17 06:12:16,57100.0,100.0,536500.0
666,2021-10-17 06:12:16,57100.0,300.0,536400.0
667,2021-10-17 06:12:16,57100.0,3100.0,536100.0
668,2021-10-17 06:11:33,57100.0,500.0,533000.0
669,2021-10-17 06:10:45,57100.0,1300.0,532500.0
670,2021-10-17 06:10:25,57100.0,100.0,531200.0
671,2021-10-17 06:10:25,57100.0,200.0,531100.0
672,2021-10-17 06:10:24,57100.0,100.0,530900.0
673,2021-10-17 06:10:24,57100.0,200.0,530800.0
674,2021-10-17 06:10:24,57100.0,700.0,530600.0
675,2021-10-17 06:10:16,57100.0,500.0,529900.0
676,2021-10-17 06:10:16,57100.0,500.0,529400.0
677,2021-10-17 06:09:32,57100.0,100.0,528900.0
678,2021-10-17 06:09:28,57100.0,100.0,528800.0
679,2021-10-17 06:09:19,57100.0,8300.0,528700.0
680,2021-10-17 06:08:57,57100.0,1000.0,520400.0
681,2021-10-17 06:08:57,57100.0,500.0,519400.0
682,2021-10-17 06:08:57,57100.0,1000.0,518900.0
683,2021-10-17 06:08:57,57100.0,500.0,517900.0
684,2021-10-17 06:07:47,57200.0,900.0,517400.0
685,2021-10-17 06:06:52,57100.0,300.0,516500.0
686,2021-10-17 06:05:41,57200.0,300.0,516200.0
687,2021-10-17 06:05:31,57200.0,1000.0,515900.0
688,2021-10-17 06:04:42,57200.0,100.0,514900.0
689,2021-10-17 06:04:42,57200.0,500.0,514800.0
690,2021-10-17 06:04:42,57200.0,1500.0,514300.0
691,2021-10-17 06:04:42,57200.0,100.0,512800.0
692,2021-10-17 06:04:42,57200.0,100.0,512700.0
693,2021-10-17 06:04:42,57200.0,300.0,512600.0
694,2021-10-17 06:04:28,57200.0,200.0,512300.0
695,2021-10-17 06:04:28,57200.0,100.0,512100.0
696,2021-10-17 06:04:28,57200.0,500.0,512000.0
697,2021-10-17 06:04:28,57200.0,100.0,511500.0
698,2021-10-17 06:04:28,57200.0,1000.0,511400.0
699,2021-10-17 06:04:28,57200.0,100.0,510400.0
700,2021-10-17 06:04:13,57200.0,300.0,510300.0
701,2021-10-17 06:04:13,57200.0,200.0,510000.0
702,2021-10-17 06:03:30,57200.0,300.0,509800.0
703,2021-10-17 06:03:10,57200.0,500.0,509500.0
704,2021-10-17 06:02:13,57200.0,2600.0,509000.0
705,2021-10-17 06:01:59,57200.0,500.0,506400.0
706,2021-10-17 06:01:22,57200.0,300.0,505900.0
707,2021-10-17 06:01:09,57200.0,200.0,505600.0
708,2021-10-17 06:00:27,57200.0,500.0,505400.0
709,2021-10-17 06:00:08,57200.0,1000.0,504900.0
710,2021-10-17 06:00:05,57300.0,100.0,503900.0
711,2021-10-17 06:00:05,57300.0,400.0,503800.0
712,2021-10-17 06:00:02,57200.0,100.0,503400.0
713,2021-10-17 04:29:31,57200.0,200.0,503300.0
714,2021-10-17 04:29:31,57200.0,200.0,503100.0
715,2021-10-17 04:28:15,57200.0,200.0,502900.0
716,2021-10-17 04:28:01,57200.0,200.0,502700.0
717,2021-10-17 04:27:45,57200.0,100.0,502500.0
718,2021-10-17 04:27:41,57200.0,1900.0,502400.0
719,2021-10-17 04:27:41,57200.0,300.0,500500.0
720,2021-10-17 04:27:41,57200.0,100.0,500200.0
721,2021-10-17 04:27:41,57200.0,100.0,500100.0
722,2021-10-17 04:27:41,57200.0,1000.0,500000.0
723,2021-10-17 04:27:41,57200.0,6600.0,499000.0
724,2021-10-17 04:27:38,57200.0,100.0,492400.0
725,2021-10-17 04:26:48,57200.0,10000.0,492300.0
726,2021-10-17 04:26:35,57200.0,200.0,482300.0
727,2021-10-17 04:26:09,57200.0,200.0,482100.0
728,2021-10-17 04:25:49,57200.0,500.0,481900.0
729,2021-10-17 04:25:22,57200.0,500.0,481400.0
730,2021-10-17 04:25:21,57200.0,400.0,480900.0
731,2021-10-17 04:24:33,57200.0,500.0,480500.0
732,2021-10-17 04:24:07,57200.0,200.0,480000.0
733,2021-10-17 04:23:56,57200.0,2000.0,479800.0
734,2021-10-17 04:23:56,57300.0,300.0,477800.0
735,2021-10-17 04:23:11,57300.0,100.0,477500.0
736,2021-10-17 04:22:19,57200.0,3800.0,477400.0
737,2021-10-17 04:22:03,57200.0,200.0,473600.0
738,2021-10-17 04:22:03,57200.0,1500.0,473400.0
739,2021-10-17 04:22:03,57200.0,4500.0,471900.0
740,2021-10-17 04:20:18,57200.0,500.0,467400.0
741,2021-10-17 04:20:18,57200.0,500.0,466900.0
742,2021-10-17 04:19:49,57200.0,200.0,466400.0
743,2021-10-17 04:19:49,57200.0,300.0,466200.0
744,2021-10-17 04:19:49,57200.0,100.0,465900.0
745,2021-10-17 04:19:49,57200.0,400.0,465800.0
746,2021-10-17 04:19:45,57200.0,500.0,465400.0
747,2021-10-17 04:19:35,57200.0,500.0,464900.0
748,2021-10-17 04:19:00,57200.0,10000.0,464400.0
749,2021-10-17 04:18:56,57200.0,200.0,454400.0
750,2021-10-17 04:18:48,57200.0,5000.0,454200.0
751,2021-10-17 04:18:32,57200.0,300.0,449200.0
752,2021-10-17 04:18:25,57200.0,5000.0,448900.0
753,2021-10-17 04:18:06,57200.0,500.0,443900.0
754,2021-10-17 04:17:40,57200.0,2600.0,443400.0
755,2021-10-17 04:17:40,57200.0,500.0,440800.0
756,2021-10-17 04:17:40,57200.0,900.0,440300.0
757,2021-10-17 04:17:38,57200.0,4100.0,439400.0
758,2021-10-17 04:17:38,57200.0,900.0,435300.0
759,2021-10-17 04:15:35,57200.0,700.0,434400.0
760,2021-10-17 04:15:35,57200.0,100.0,433700.0
761,2021-10-17 04:15:35,57200.0,200.0,433600.0
762,2021-10-17 04:15:19,57200.0,100.0,433400.0
763,2021-10-17 04:15:13,57200.0,200.0,433300.0
764,2021-10-17 04:15:13,57200.0,300.0,433100.0
765,2021-10-17 04:15:11,57200.0,700.0,432800.0
766,2021-10-17 04:15:11,57200.0,9300.0,432100.0
767,2021-10-17 04:15:05,57200.0,200.0,422800.0
768,2021-10-17 04:14:46,57200.0,800.0,422600.0
769,2021-10-17 04:14:14,57200.0,100.0,421800.0
770,2021-10-17 04:14:04,57200.0,100.0,421700.0
771,2021-10-17 04:13:48,57200.0,10000.0,421600.0
772,2021-10-17 04:13:45,57200.0,1400.0,411600.0
773,2021-10-17 04:13:13,57200.0,500.0,410200.0
774,2021-10-17 04:13:11,57200.0,100.0,409700.0
775,2021-10-17 04:12:57,57200.0,200.0,409600.0
776,2021-10-17 04:12:45,57200.0,1000.0,409400.0
777,2021-10-17 04:12:16,57200.0,400.0,408400.0
778,2021-10-17 04:10:53,57200.0,900.0,408000.0
779,2021-10-17 04:10:53,57200.0,100.0,407100.0
780,2021-10-17 04:10:22,57200.0,1700.0,407000.0
781,2021-10-17 04:10:22,57200.0,2300.0,405300.0
782,2021-10-17 04:09:45,57200.0,2000.0,403000.0
783,2021-10-17 04:08:19,57200.0,700.0,401000.0
784,2021-10-17 04:08:19,57200.0,100.0,400300.0
785,2021-10-17 04:08:19,57200.0,1200.0,400200.0
786,2021-10-17 04:07:48,57200.0,5000.0,399000.0
787,2021-10-17 04:06:55,57200.0,2600.0,394000.0
788,2021-10-17 04:05:50,57200.0,10000.0,391400.0
789,2021-10-17 04:05:28,57200.0,500.0,381400.0
790,2021-10-17 04:05:28,57200.0,100.0,380900.0
791,2021-10-17 04:05:28,57200.0,5600.0,380800.0
792,2021-10-17 04:04:40,57200.0,100.0,375200.0
793,2021-10-17 04:04:31,57200.0,200.0,375100.0
794,2021-10-17 04:03:48,57200.0,200.0,374900.0
795,2021-10-17 04:03:48,57200.0,3900.0,374700.0
796,2021-10-17 04:03:44,57200.0,1000.0,370800.0
797,2021-10-17 04:03:23,57200.0,100.0,369800.0
798,2021-10-17 04:03:23,57200.0,900.0,369700.0
799,2021-10-17 04:03:08,57200.0,1000.0,368800.0
800,2021-10-17 04:02:55,57300.0,100.0,367800.0
801,2021-10-17 04:02:52,57200.0,1000.0,367700.0
802,2021-10-17 04:02:01,57200.0,800.0,366700.0
803,2021-10-17 04:01:42,57200.0,500.0,365900.0
804,2021-10-17 04:01:14,57200.0,100.0,365400.0
805,2021-10-17 04:00:16,57200.0,1500.0,365300.0
806,2021-10-17 04:00:16,57200.0,900.0,363800.0
807,2021-10-17 04:00:16,57200.0,500.0,362900.0
808,2021-10-17 04:00:16,57200.0,2000.0,362400.0
809,2021-10-17 04:00:16,57200.0,800.0,360400.0
810,2021-10-17 04:00:09,57200.0,1800.0,359600.0
811,2021-10-17 04:00:09,57200.0,100.0,357800.0
812,2021-10-17 04:00:09,57200.0,100.0,357700.0
813,2021-10-17 03:59:26,57200.0,2500.0,357600.0
814,2021-10-17 03:59:18,57200.0,6000.0,355100.0
815,2021-10-17 03:58:11,57100.0,200.0,349100.0
816,2021-10-17 03:58:11,57100.0,100.0,348900.0
817,2021-10-17 03:58:11,57100.0,100.0,348800.0
818,2021-10-17 03:57:52,57100.0,100.0,348700.0
819,2021-10-17 03:56:28,57100.0,100.0,348600.0
820,2021-10-17 03:56:28,57100.0,100.0,348500.0
821,2021-10-17 03:56:12,57200.0,1400.0,348400.0
822,2021-10-17 03:55:44,57200.0,100.0,347000.0
823,2021-10-17 03:55:33,57200.0,700.0,346900.0
824,2021-10-17 03:55:14,57200.0,300.0,346200.0
825,2021-10-17 03:55:14,57200.0,5000.0,345900.0
826,2021-10-17 03:55:14,57200.0,200.0,340900.0
827,2021-10-17 03:55:14,57200.0,4500.0,340700.0
828,2021-10-17 03:53:23,57100.0,700.0,336200.0
829,2021-10-17 03:52:46,57200.0,500.0,335500.0
830,2021-10-17 03:51:40,57100.0,6900.0,335000.0
831,2021-10-17 03:51:40,57200.0,3100.0,328100.0
832,2021-10-17 03:51:28,57200.0,100.0,325000.0
833,2021-10-17 03:51:28,57200.0,2000.0,324900.0
834,2021-10-17 03:51:28,57200.0,300.0,322900.0
835,2021-10-17 03:51:28,57200.0,10000.0,322600.0
836,2021-10-17 03:51:28,57200.0,200.0,312600.0
837,2021-10-17 03:51:28,57200.0,400.0,312400.0
838,2021-10-17 03:51:28,57200.0,1000.0,312000.0
839,2021-10-17 03:51:28,57200.0,200.0,311000.0
840,2021-10-17 03:51:28,57200.0,500.0,310800.0
841,2021-10-17 03:51:28,57200.0,1000.0,310300.0
842,2021-10-17 03:51:28,57200.0,1200.0,309300.0
843,2021-10-17 03:48:54,57200.0,3000.0,308100.0
844,2021-10-17 03:48:25,57200.0,100.0,305100.0
845,2021-10-17 03:47:47,57200.0,100.0,305000.0
846,2021-10-17 03:46:04,57200.0,500.0,304900.0
847,2021-10-17 03:46:04,57200.0,5000.0,304400.0
848,2021-10-17 03:46:04,57200.0,100.0,299400.0
849,2021-10-17 03:44:37,57200.0,200.0,299300.0
850,2021-10-17 03:44:37,57200.0,300.0,299100.0
851,2021-10-17 03:44:37,57200.0,500.0,298800.0
852,2021-10-17 03:44:05,57200.0,600.0,298300.0
853,2021-10-17 03:43:22,57200.0,500.0,297700.0
854,2021-10-17 03:43:16,57200.0,1000.0,297200.0
855,2021-10-17 03:42:49,57200.0,1000.0,296200.0
856,2021-10-17 03:41:48,57200.0,200.0,295200.0
857,2021-10-17 03:41:35,57200.0,1800.0,295000.0
858,2021-10-17 03:40:47,57200.0,300.0,293200.0
859,2021-10-17 03:40:00,57200.0,3000.0,292900.0
860,2021-10-17 03:39:59,57200.0,100.0,289900.0
861,2021-10-17 03:39:59,57200.0,1000.0,289800.0
862,2021-10-17 03:39:38,57200.0,500.0,288800.0
863,2021-10-17 03:39:21,57200.0,3000.0,288300.0
864,2021-10-17 03:38:53,57200.0,500.0,285300.0
865,2021-10-17 03:38:53,57200.0,2000.0,284800.0
866,2021-10-17 03:38:53,57200.0,500.0,282800.0
867,2021-10-17 03:38:53,57200.0,3000.0,282300.0
868,2021-10-17 03:38:53,57200.0,200.0,279300.0
869,2021-10-17 03:38:53,57200.0,300.0,279100.0
870,2021-10-17 03:37:13,57100.0,6700.0,278800.0
871,2021-10-17 03:37:13,57100.0,100.0,272100.0
872,2021-10-17 03:37:13,57100.0,2000.0,272000.0
873,2021-10-17 03:37:13,57100.0,400.0,270000.0
874,2021-10-17 03:37:13,57100.0,500.0,269600.0
875,2021-10-17 03:37:13,57100.0,300.0,269100.0
876,2021-10-17 03:35:53,57200.0,1600.0,268800.0
877,2021-10-17 03:35:53,57200.0,20000.0,267200.0
878,2021-10-17 03:35:53,57200.0,300.0,247200.0
879,2021-10-17 03:35:53,57200.0,600.0,246900.0
880,2021-10-17 03:35:53,57200.0,100.0,246300.0
881,2021-10-17 03:35:53,57200.0,5000.0,246200.0
882,2021-10-17 03:35:53,57200.0,500.0,241200.0
883,2021-10-17 03:35:53,57200.0,100.0,240700.0
884,2021-10-17 03:35:53,57200.0,100.0,240600.0
885,2021-10-17 03:35:53,57200.0,1700.0,240500.0
886,2021-10-17 03:35:22,57100.0,1100.0,238800.0
887,2021-10-17 03:35:22,57100.0,400.0,237700.0
888,2021-10-17 03:35:02,57200.0,200.0,237300.0
889,2021-10-17 03:34:42,57100.0,800.0,237100.0
890,2021-10-17 03:32:30,57100.0,1800.0,236300.0
891,2021-10-17 03:30:53,57100.0,100.0,234500.0
892,2021-10-17 03:30:41,57100.0,900.0,234400.0
893,2021-10-17 03:30:41,57100.0,500.0,233500.0
894,2021-10-17 03:30:41,57100.0,500.0,233000.0
895,2021-10-17 03:30:41,57100.0,1000.0,232500.0
896,2021-10-17 03:30:41,57100.0,100.0,231500.0
897,2021-10-17 03:28:50,57100.0,9900.0,231400.0
898,2021-10-17 03:28:50,57100.0,100.0,221500.0
899,2021-10-17 03:28:00,57100.0,100.0,221400.0
900,2021-10-17 03:27:20,57100.0,2900.0,221300.0
901,2021-10-17 03:27:20,57100.0,300.0,218400.0
902,2021-10-17 03:27:20,57100.0,1000.0,218100.0
903,2021-10-17 03:27:20,57100.0,100.0,217100.0
904,2021-10-17 03:27:20,57100.0,100.0,217000.0
905,2021-10-17 03:27:20,57100.0,7100.0,216900.0
906,2021-10-17 03:27:11,57200.0,100.0,209800.0
907,2021-10-17 03:26:16,57100.0,2900.0,209700.0
908,2021-10-17 03:26:16,57100.0,400.0,206800.0
909,2021-10-17 03:26:16,57100.0,100.0,206400.0
910,2021-10-17 03:26:16,57100.0,400.0,206300.0
911,2021-10-17 03:26:16,57200.0,1200.0,205900.0
912,2021-10-17 03:26:14,57200.0,6000.0,204700.0
913,2021-10-17 03:25:42,57200.0,700.0,198700.0
914,2021-10-17 03:25:21,57200.0,1000.0,198000.0
915,2021-10-17 03:25:21,57200.0,1000.0,197000.0
916,2021-10-17 03:25:21,57200.0,100.0,196000.0
917,2021-10-17 03:24:17,57200.0,100.0,195900.0
918,2021-10-17 03:24:17,57200.0,100.0,195800.0
919,2021-10-17 03:24:13,57200.0,300.0,195700.0
920,2021-10-17 03:24:13,57200.0,500.0,195400.0
921,2021-10-17 03:23:56,57200.0,100.0,194900.0
922,2021-10-17 03:23:56,57200.0,800.0,194800.0
923,2021-10-17 03:23:03,57200.0,500.0,194000.0
924,2021-10-17 03:22:43,57200.0,100.0,193500.0
925,2021-10-17 03:20:35,57200.0,100.0,193400.0
926,2021-10-17 03:19:06,57200.0,100.0,193300.0
927,2021-10-17 03:18:40,57200.0,300.0,193200.0
928,2021-10-17 03:18:40,57200.0,100.0,192900.0
929,2021-10-17 03:17:25,57200.0,300.0,192800.0
930,2021-10-17 03:16:42,57200.0,100.0,192500.0
931,2021-10-17 03:15:39,57200.0,7000.0,192400.0
932,2021-10-17 03:14:57,57200.0,1000.0,185400.0
933,2021-10-17 03:13:40,57200.0,200.0,184400.0
934,2021-10-17 03:13:35,57200.0,500.0,184200.0
935,2021-10-17 03:13:25,57200.0,100.0,183700.0
936,2021-10-17 03:12:28,57200.0,100.0,183600.0
937,2021-10-17 03:12:28,57200.0,200.0,183500.0
938,2021-10-17 03:12:28,57200.0,500.0,183300.0
939,2021-10-17 03:12:07,57100.0,100.0,182800.0
940,2021-10-17 03:12:07,57100.0,100.0,182700.0
941,2021-10-17 03:11:17,57200.0,100.0,182600.0
942,2021-10-17 03:11:17,57200.0,200.0,182500.0
943,2021-10-17 03:11:17,57200.0,1000.0,182300.0
944,2021-10-17 03:11:17,57200.0,200.0,181300.0
945,2021-10-17 03:11:12,57200.0,500.0,181100.0
946,2021-10-17 03:10:58,57200.0,100.0,180600.0
947,2021-10-17 03:10:38,57200.0,200.0,180500.0
948,2021-10-17 03:10:32,57200.0,1000.0,180300.0
949,2021-10-17 03:10:31,57200.0,1000.0,179300.0
950,2021-10-17 03:10:31,57200.0,100.0,178300.0
951,2021-10-17 03:10:18,57200.0,1500.0,178200.0
952,2021-10-17 03:09:58,57200.0,500.0,176700.0
953,2021-10-17 03:09:43,57300.0,300.0,176200.0
954,2021-10-17 03:07:19,57300.0,1800.0,175900.0
955,2021-10-17 03:05:50,57300.0,100.0,174100.0
956,2021-10-17 03:05:23,57300.0,200.0,174000.0
957,2021-10-17 03:05:14,57300.0,100.0,173800.0
958,2021-10-17 03:04:34,57300.0,200.0,173700.0
959,2021-10-17 03:04:13,57300.0,1000.0,173500.0
960,2021-10-17 03:04:12,57300.0,400.0,172500.0
961,2021-10-17 03:04:04,57300.0,100.0,172100.0
962,2021-10-17 03:04:04,57300.0,1500.0,172000.0
963,2021-10-17 03:04:04,57300.0,100.0,170500.0
964,2021-10-17 03:04:04,57300.0,300.0,170400.0
965,2021-10-17 03:04:04,57300.0,1400.0,170100.0
966,2021-10-17 03:03:31,57300.0,8000.0,168700.0
967,2021-10-17 03:03:31,57300.0,100.0,160700.0
968,2021-10-17 03:03:31,57300.0,100.0,160600.0
969,2021-10-17 03:03:31,57300.0,200.0,160500.0
970,2021-10-17 03:03:31,57300.0,200.0,160300.0
971,2021-10-17 03:03:25,57300.0,1000.0,160100.0
972,2021-10-17 03:03:10,57300.0,500.0,159100.0
973,2021-10-17 03:03:08,57300.0,100.0,158600.0
974,2021-10-17 03:02:39,57300.0,300.0,158500.0
975,2021-10-17 03:02:34,57300.0,700.0,158200.0
976,2021-10-17 03:02:06,57300.0,400.0,157500.0
977,2021-10-17 03:01:33,57300.0,1000.0,157100.0
978,2021-10-17 03:01:28,57300.0,500.0,156100.0
979,2021-10-17 03:01:28,57300.0,500.0,155600.0
980,2021-10-17 03:01:28,57300.0,500.0,155100.0
981,2021-10-17 03:01:28,57300.0,500.0,154600.0
982,2021-10-17 03:01:09,57300.0,500.0,154100.0
983,2021-10-17 03:01:09,57300.0,500.0,153600.0
984,2021-10-17 03:01:09,57300.0,100.0,153100.0
985,2021-10-17 03:01:09,57300.0,100.0,153000.0
986,2021-10-17 03:01:09,57300.0,500.0,152900.0
987,2021-10-17 03:01:09,57300.0,400.0,152400.0
988,2021-10-17 03:01:09,57300.0,100.0,152000.0
989,2021-10-17 03:01:09,57300.0,1000.0,151900.0
990,2021-10-17 03:01:09,57300.0,4800.0,150900.0
991,2021-10-17 03:00:44,57200.0,200.0,146100.0
992,2021-10-17 03:00:07,57200.0,5300.0,145900.0
993,2021-10-17 02:59:37,57300.0,1600.0,140600.0
994,2021-10-17 02:59:37,57300.0,1000.0,139000.0
995,2021-10-17 02:59:27,57300.0,1200.0,138000.0
996,2021-10-17 02:59:25,57200.0,500.0,136800.0
997,2021-10-17 02:58:56,57200.0,500.0,136300.0
998,2021-10-17 02:58:49,57200.0,1000.0,135800.0
999,2021-10-17 02:58:08,57200.0,200.0,134800.0
1000,2021-10-17 02:57:55,57200.0,800.0,134600.0
1001,2021-10-17 02:57:55,57200.0,100.0,133800.0
1002,2021-10-17 02:57:55,57200.0,2000.0,133700.0
1003,2021-10-17 02:57:55,57200.0,1000.0,131700.0
1004,2021-10-17 02:57:55,57200.0,400.0,130700.0
1005,2021-10-17 02:57:55,57200.0,800.0,130300.0
1006,2021-10-17 02:57:55,57200.0,300.0,129500.0
1007,2021-10-17 02:57:55,57200.0,500.0,129200.0
1008,2021-10-17 02:57:55,57200.0,1000.0,128700.0
1009,2021-10-17 02:57:55,57200.0,300.0,127700.0
1010,2021-10-17 02:56:22,57100.0,900.0,127400.0
1011,2021-10-17 02:55:58,57000.0,300.0,126500.0
1012,2021-10-17 02:55:58,57000.0,100.0,126200.0
1013,2021-10-17 02:54:27,57000.0,200.0,126100.0
1014,2021-10-17 02:54:00,57000.0,5000.0,125900.0
1015,2021-10-17 02:53:04,57100.0,100.0,120900.0
1016,2021-10-17 02:53:04,57100.0,500.0,120800.0
1017,2021-10-17 02:53:04,57100.0,1000.0,120300.0
1018,2021-10-17 02:53:04,57100.0,300.0,119300.0
1019,2021-10-17 02:52:40,57100.0,100.0,119000.0
1020,2021-10-17 02:52:01,57100.0,500.0,118900.0
1021,2021-10-17 02:51:56,57100.0,400.0,118400.0
1022,2021-10-17 02:51:26,57100.0,3700.0,118000.0
1023,2021-10-17 02:51:15,57100.0,5000.0,114300.0
1024,2021-10-17 02:51:15,57100.0,1000.0,109300.0
1025,2021-10-17 02:51:15,57100.0,300.0,108300.0
1026,2021-10-17 02:50:04,57100.0,200.0,108000.0
1027,2021-10-17 02:50:04,57100.0,1000.0,107800.0
1028,2021-10-17 02:50:04,57100.0,1000.0,106800.0
1029,2021-10-17 02:50:04,57100.0,1000.0,105800.0
1030,2021-10-17 02:50:04,57100.0,3000.0,104800.0
1031,2021-10-17 02:50:04,57100.0,200.0,101800.0
1032,2021-10-17 02:50:04,57100.0,200.0,101600.0
1033,2021-10-17 02:50:04,57100.0,300.0,101400.0
1034,2021-10-17 02:50:04,57100.0,300.0,101100.0
1035,2021-10-17 02:50:04,57100.0,100.0,100800.0
1036,2021-10-17 02:50:04,57100.0,100.0,100700.0
1037,2021-10-17 02:50:04,57100.0,600.0,100600.0
1038,2021-10-17 02:49:21,57200.0,200.0,100000.0
1039,2021-10-17 02:48:28,57200.0,1000.0,99800.0
1040,2021-10-17 02:48:28,57200.0,100.0,98800.0
1041,2021-10-17 02:46:26,57200.0,100.0,98700.0
1042,2021-10-17 02:46:26,57200.0,200.0,98600.0
1043,2021-10-17 02:44:49,57100.0,300.0,98400.0
1044,2021-10-17 02:44:49,57100.0,500.0,98100.0
1045,2021-10-17 02:44:49,57100.0,200.0,97600.0
1046,2021-10-17 02:44:49,57100.0,500.0,97400.0
1047,2021-10-17 02:44:49,57100.0,2000.0,96900.0
1048,2021-10-17 02:44:49,57100.0,100.0,94900.0
1049,2021-10-17 02:44:49,57100.0,2000.0,94800.0
1050,2021-10-17 02:44:49,57100.0,800.0,92800.0
1051,2021-10-17 02:44:49,57200.0,100.0,92000.0
1052,2021-10-17 02:44:49,57200.0,1000.0,91900.0
1053,2021-10-17 02:44:49,57200.0,300.0,90900.0
1054,2021-10-17 02:44:49,57200.0,300.0,90600.0
1055,2021-10-17 02:44:49,57200.0,100.0,90300.0
1056,2021-10-17 02:44:49,57200.0,6800.0,90200.0
1057,2021-10-17 02:43:06,57200.0,300.0,83400.0
1058,2021-10-17 02:42:31,57200.0,500.0,83100.0
1059,2021-10-17 02:42:06,57200.0,500.0,82600.0
1060,2021-10-17 02:40:52,57300.0,200.0,82100.0
1061,2021-10-17 02:40:44,57300.0,100.0,81900.0
1062,2021-10-17 02:40:32,57300.0,500.0,81800.0
1063,2021-10-17 02:40:32,57300.0,100.0,81300.0
1064,2021-10-17 02:40:32,57300.0,400.0,81200.0
1065,2021-10-17 02:40:13,57300.0,300.0,80800.0
1066,2021-10-17 02:39:32,57300.0,400.0,80500.0
1067,2021-10-17 02:39:32,57300.0,500.0,80100.0
1068,2021-10-17 02:39:32,57300.0,1000.0,79600.0
1069,2021-10-17 02:39:10,57200.0,1900.0,78600.0
1070,2021-10-17 02:39:10,57200.0,100.0,76700.0
1071,2021-10-17 02:38:52,57300.0,100.0,76600.0
1072,2021-10-17 02:37:47,57300.0,300.0,76500.0
1073,2021-10-17 02:37:46,57300.0,400.0,76200.0
1074,2021-10-17 02:37:45,57300.0,100.0,75800.0
1075,2021-10-17 02:37:45,57300.0,100.0,75700.0
1076,2021-10-17 02:37:38,57300.0,200.0,75600.0
1077,2021-10-17 02:37:03,57300.0,600.0,75400.0
1078,2021-10-17 02:36:50,57300.0,1000.0,74800.0
1079,2021-10-17 02:36:46,57300.0,1000.0,73800.0
1080,2021-10-17 02:36:38,57400.0,200.0,72800.0
1081,2021-10-17 02:36:02,57300.0,200.0,72600.0
1082,2021-10-17 02:36:02,57300.0,300.0,72400.0
1083,2021-10-17 02:36:02,57300.0,200.0,72100.0
1084,2021-10-17 02:36:02,57300.0,1000.0,71900.0
1085,2021-10-17 02:36:02,57300.0,300.0,70900.0
1086,2021-10-17 02:36:02,57300.0,100.0,70600.0
1087,2021-10-17 02:36:02,57300.0,300.0,70500.0
1088,2021-10-17 02:36:02,57300.0,500.0,70200.0
1089,2021-10-17 02:36:02,57300.0,500.0,69700.0
1090,2021-10-17 02:36:02,57300.0,600.0,69200.0
1091,2021-10-17 02:36:02,57300.0,3100.0,68600.0
1092,2021-10-17 02:35:20,57300.0,100.0,65500.0
1093,2021-10-17 02:34:18,57300.0,800.0,65400.0
1094,2021-10-17 02:31:38,57300.0,800.0,64600.0
1095,2021-10-17 02:31:29,57300.0,100.0,63800.0
1096,2021-10-17 02:30:02,57300.0,500.0,63700.0
1097,2021-10-17 02:28:36,57100.0,1200.0,63200.0
1098,2021-10-17 02:28:36,57100.0,400.0,62000.0
1099,2021-10-17 02:28:36,57100.0,200.0,61600.0
1100,2021-10-17 02:28:36,57100.0,200.0,61400.0
1101,2021-10-17 02:28:36,57100.0,1800.0,61200.0
1102,2021-10-17 02:28:36,57100.0,200.0,59400.0
1103,2021-10-17 02:28:17,57100.0,600.0,59200.0
1104,2021-10-17 02:28:17,57100.0,400.0,58600.0
1105,2021-10-17 02:27:06,57100.0,1700.0,58200.0
1106,2021-10-17 02:27:06,57100.0,100.0,56500.0
1107,2021-10-17 02:26:20,57400.0,100.0,56400.0
1108,2021-10-17 02:25:18,57400.0,300.0,56300.0
1109,2021-10-17 02:25:18,57400.0,400.0,56000.0
1110,2021-10-17 02:25:18,57400.0,1000.0,55600.0
1111,2021-10-17 02:25:18,57400.0,300.0,54600.0
1112,2021-10-17 02:25:18,57300.0,1000.0,54300.0
1113,2021-10-17 02:25:12,57100.0,100.0,53300.0
1114,2021-10-17 02:25:12,57200.0,100.0,53200.0
1115,2021-10-17 02:24:55,57100.0,1100.0,53100.0
1116,2021-10-17 02:24:55,57200.0,500.0,52000.0
1117,2021-10-17 02:24:55,57200.0,100.0,51500.0
1118,2021-10-17 02:24:13,57200.0,700.0,51400.0
1119,2021-10-17 02:24:04,57200.0,100.0,50700.0
1120,2021-10-17 02:23:55,57200.0,100.0,50600.0
1121,2021-10-17 02:23:01,57100.0,100.0,50500.0
1122,2021-10-17 02:23:01,57100.0,500.0,50400.0
1123,2021-10-17 02:21:43,57000.0,300.0,49900.0
1124,2021-10-17 02:21:21,57000.0,4400.0,49600.0
1125,2021-10-17 02:21:21,57000.0,100.0,45200.0
1126,2021-10-17 02:21:21,57000.0,300.0,45100.0
1127,2021-10-17 02:21:21,57000.0,1000.0,44800.0
1128,2021-10-17 02:21:21,57000.0,100.0,43800.0
1129,2021-10-17 02:21:21,57000.0,300.0,43700.0
1130,2021-10-17 02:21:09,57000.0,200.0,43400.0
1131,2021-10-17 02:21:04,57000.0,300.0,43200.0
1132,2021-10-17 02:20:49,57100.0,100.0,42900.0
1133,2021-10-17 02:20:49,57100.0,300.0,42800.0
1134,2021-10-17 02:20:49,57100.0,100.0,42500.0
1135,2021-10-17 02:20:49,57100.0,500.0,42400.0
1136,2021-10-17 02:20:49,57100.0,2800.0,41900.0
1137,2021-10-17 02:20:26,57100.0,200.0,39100.0
1138,2021-10-17 02:20:14,57500.0,400.0,38900.0
1139,2021-10-17 02:19:30,57500.0,200.0,38500.0
1140,2021-10-17 02:19:24,57500.0,500.0,38300.0
1141,2021-10-17 02:19:24,57500.0,300.0,37800.0
1142,2021-10-17 02:19:12,57500.0,100.0,37500.0
1143,2021-10-17 02:19:12,57500.0,9600.0,37400.0
1144,2021-10-17 02:19:12,57500.0,500.0,27800.0
1145,2021-10-17 02:19:03,57500.0,900.0,27300.0
1146,2021-10-17 02:19:03,57500.0,100.0,26400.0
1147,2021-10-17 02:18:50,57500.0,100.0,26300.0
1148,2021-10-17 02:18:48,57500.0,500.0,26200.0
1149,2021-10-17 02:18:41,57500.0,200.0,25700.0
1150,2021-10-17 02:18:32,57500.0,100.0,25500.0
1151,2021-10-17 02:17:46,57500.0,1000.0,25400.0
1152,2021-10-17 02:17:39,57700.0,2100.0,24400.0
1153,2021-10-17 02:17:39,57700.0,200.0,22300.0
1154,2021-10-17 02:17:39,57700.0,2000.0,22100.0
1155,2021-10-17 02:17:39,57700.0,500.0,20100.0
1156,2021-10-17 02:17:39,57700.0,200.0,19600.0
1157,2021-10-17 02:17:23,57500.0,200.0,19400.0
1158,2021-10-17 02:17:11,57500.0,100.0,19200.0
1159,2021-10-17 02:16:51,57500.0,300.0,19100.0
1160,2021-10-17 02:16:51,57500.0,100.0,18800.0
1161,2021-10-17 02:16:51,57500.0,200.0,18700.0
1162,2021-10-17 02:16:51,57500.0,200.0,18500.0
1163,2021-10-17 02:16:51,57500.0,1000.0,18300.0
1164,2021-10-17 02:16:51,57500.0,900.0,17300.0
1165,2021-10-17 02:16:40,57500.0,100.0,16400.0
1166,2021-10-17 02:16:40,57500.0,100.0,16300.0
1167,2021-10-17 02:16:40,57500.0,200.0,16200.0
1168,2021-10-17 02:16:22,57500.0,500.0,16000.0
1169,2021-10-17 02:16:22,57400.0,500.0,15500.0
1170,2021-10-17 02:15:39,57500.0,500.0,15000.0
1171,2021-10-17 02:15:00,57500.0,1000.0,14500.0
1172,2021-10-17 02:15:00,57300.0,1000.0,13500.0
1173,2021-10-17 02:15:00,57300.0,1000.0,12500.0
1174,2021-10-17 02:15:00,57200.0,1000.0,11500.0
1175,2021-10-17 02:15:00,57000.0,700.0,10500.0
1176,2021-10-17 02:15:00,57000.0,100.0,9800.0
1177,2021-10-17 02:15:00,57000.0,300.0,9700.0
1178,2021-10-17 02:15:00,57000.0,500.0,9400.0
1179,2021-10-17 02:15:00,57000.0,900.0,8900.0
1180,2021-10-17 02:15:00,57000.0,1000.0,8000.0
1181,2021-10-17 02:15:00,57000.0,300.0,7000.0
1182,2021-10-17 02:15:00,57000.0,100.0,6700.0
1183,2021-10-17 02:15:00,57000.0,100.0,6600.0
1184,2021-10-17 02:15:00,57000.0,100.0,6500.0
1185,2021-10-17 02:15:00,57000.0,100.0,6400.0
1186,2021-10-17 02:15:00,57000.0,200.0,6300.0
1187,2021-10-17 02:15:00,57000.0,1000.0,6100.0
1188,2021-10-17 02:15:00,57000.0,1000.0,5100.0
1189,2021-10-17 02:15:00,57000.0,600.0,4100.0
1190,2021-10-17 02:15:00,57000.0,1000.0,3500.0
1191,2021-10-17 02:15:00,57000.0,800.0,2500.0
1192,2021-10-17 02:15:00,57000.0,600.0,1700.0
1193,2021-10-17 02:15:00,57000.0,300.0,1100.0
1194,2021-10-17 02:15:00,57000.0,400.0,800.0
1195,2021-10-17 02:15:00,57000.0,100.0,400.0
1196,2021-10-17 02:15:00,57000.0,300.0,300.0
