,Time,Price,Volume_per_trade,Volume
0,2021-10-18 07:45:00,56400.0,3300.0,1594900.0
1,2021-10-18 07:45:00,56400.0,2000.0,1591600.0
2,2021-10-18 07:45:00,56400.0,100.0,1589600.0
3,2021-10-18 07:45:00,56400.0,1000.0,1589500.0
4,2021-10-18 07:45:00,56400.0,3600.0,1588500.0
5,2021-10-18 07:45:00,56400.0,200.0,1584900.0
6,2021-10-18 07:45:00,56400.0,100.0,1584700.0
7,2021-10-18 07:45:00,56400.0,100.0,1584600.0
8,2021-10-18 07:45:00,56400.0,100.0,1584500.0
9,2021-10-18 07:45:00,56400.0,100.0,1584400.0
10,2021-10-18 07:45:00,56400.0,100.0,1584300.0
11,2021-10-18 07:45:00,56400.0,1900.0,1584200.0
12,2021-10-18 07:45:00,56400.0,200.0,1582300.0
13,2021-10-18 07:45:00,56400.0,100.0,1582100.0
14,2021-10-18 07:45:00,56400.0,100.0,1582000.0
15,2021-10-18 07:45:00,56400.0,300.0,1581900.0
16,2021-10-18 07:45:00,56400.0,2000.0,1581600.0
17,2021-10-18 07:45:00,56400.0,1100.0,1579600.0
18,2021-10-18 07:45:00,56400.0,200.0,1578500.0
19,2021-10-18 07:45:00,56400.0,2600.0,1578300.0
20,2021-10-18 07:45:00,56400.0,200.0,1575700.0
21,2021-10-18 07:45:00,56400.0,600.0,1575500.0
22,2021-10-18 07:45:00,56400.0,400.0,1574900.0
23,2021-10-18 07:45:00,56400.0,100.0,1574500.0
24,2021-10-18 07:45:00,56400.0,500.0,1574400.0
25,2021-10-18 07:45:00,56400.0,200.0,1573900.0
26,2021-10-18 07:45:00,56400.0,100.0,1573700.0
27,2021-10-18 07:45:00,56400.0,100.0,1573600.0
28,2021-10-18 07:45:00,56400.0,4100.0,1573500.0
29,2021-10-18 07:45:00,56400.0,500.0,1569400.0
30,2021-10-18 07:45:00,56400.0,5000.0,1568900.0
31,2021-10-18 07:45:00,56400.0,5000.0,1563900.0
32,2021-10-18 07:45:00,56400.0,4600.0,1558900.0
33,2021-10-18 07:45:00,56400.0,800.0,1554300.0
34,2021-10-18 07:45:00,56400.0,500.0,1553500.0
35,2021-10-18 07:45:00,56400.0,100.0,1553000.0
36,2021-10-18 07:45:00,56400.0,1000.0,1552900.0
37,2021-10-18 07:45:00,56400.0,1600.0,1551900.0
38,2021-10-18 07:45:00,56400.0,20000.0,1550300.0
39,2021-10-18 07:45:00,56400.0,1500.0,1530300.0
40,2021-10-18 07:45:00,56400.0,2500.0,1528800.0
41,2021-10-18 07:45:00,56400.0,4400.0,1526300.0
42,2021-10-18 07:45:00,56400.0,1000.0,1521900.0
43,2021-10-18 07:45:00,56400.0,200.0,1520900.0
44,2021-10-18 07:45:00,56400.0,500.0,1520700.0
45,2021-10-18 07:45:00,56400.0,300.0,1520200.0
46,2021-10-18 07:45:00,56400.0,500.0,1519900.0
47,2021-10-18 07:45:00,56400.0,400.0,1519400.0
48,2021-10-18 07:45:00,56400.0,500.0,1519000.0
49,2021-10-18 07:45:00,56400.0,100.0,1518500.0
50,2021-10-18 07:45:00,56400.0,1000.0,1518400.0
51,2021-10-18 07:45:00,56400.0,600.0,1517400.0
52,2021-10-18 07:45:00,56400.0,7700.0,1516800.0
53,2021-10-18 07:45:00,56400.0,500.0,1509100.0
54,2021-10-18 07:45:00,56400.0,100.0,1508600.0
55,2021-10-18 07:45:00,56400.0,1600.0,1508500.0
56,2021-10-18 07:45:00,56400.0,400.0,1506900.0
57,2021-10-18 07:45:00,56400.0,100.0,1506500.0
58,2021-10-18 07:45:00,56400.0,100.0,1506400.0
59,2021-10-18 07:45:00,56400.0,500.0,1506300.0
60,2021-10-18 07:45:00,56400.0,500.0,1505800.0
61,2021-10-18 07:45:00,56400.0,500.0,1505300.0
62,2021-10-18 07:45:00,56400.0,1600.0,1504800.0
63,2021-10-18 07:45:00,56400.0,100.0,1503200.0
64,2021-10-18 07:45:00,56400.0,100.0,1503100.0
65,2021-10-18 07:45:00,56400.0,100.0,1503000.0
66,2021-10-18 07:45:00,56400.0,1000.0,1502900.0
67,2021-10-18 07:29:44,56500.0,100.0,1501900.0
68,2021-10-18 07:29:06,56500.0,1200.0,1501800.0
69,2021-10-18 07:29:03,56500.0,200.0,1500600.0
70,2021-10-18 07:28:47,56500.0,600.0,1500400.0
71,2021-10-18 07:28:43,56500.0,200.0,1499800.0
72,2021-10-18 07:28:29,56500.0,100.0,1499600.0
73,2021-10-18 07:28:29,56500.0,1000.0,1499500.0
74,2021-10-18 07:28:29,56500.0,300.0,1498500.0
75,2021-10-18 07:27:45,56500.0,200.0,1498200.0
76,2021-10-18 07:27:45,56500.0,100.0,1498000.0
77,2021-10-18 07:27:42,56500.0,200.0,1497900.0
78,2021-10-18 07:27:42,56500.0,800.0,1497700.0
79,2021-10-18 07:27:36,56500.0,100.0,1496900.0
80,2021-10-18 07:27:26,56500.0,100.0,1496800.0
81,2021-10-18 07:27:15,56600.0,6000.0,1496700.0
82,2021-10-18 07:27:15,56600.0,2700.0,1490700.0
83,2021-10-18 07:27:15,56500.0,1000.0,1488000.0
84,2021-10-18 07:27:15,56500.0,100.0,1487000.0
85,2021-10-18 07:27:15,56500.0,1800.0,1486900.0
86,2021-10-18 07:27:15,56500.0,1700.0,1485100.0
87,2021-10-18 07:27:15,56500.0,100.0,1483400.0
88,2021-10-18 07:27:15,56500.0,300.0,1483300.0
89,2021-10-18 07:27:15,56500.0,1300.0,1483000.0
90,2021-10-18 07:25:45,56500.0,100.0,1481700.0
91,2021-10-18 07:25:43,56500.0,500.0,1481600.0
92,2021-10-18 07:25:43,56500.0,200.0,1481100.0
93,2021-10-18 07:25:43,56500.0,1000.0,1480900.0
94,2021-10-18 07:25:43,56500.0,1900.0,1479900.0
95,2021-10-18 07:25:24,56500.0,500.0,1478000.0
96,2021-10-18 07:25:22,56500.0,100.0,1477500.0
97,2021-10-18 07:24:56,56500.0,100.0,1477400.0
98,2021-10-18 07:24:47,56500.0,400.0,1477300.0
99,2021-10-18 07:24:46,56500.0,100.0,1476900.0
100,2021-10-18 07:24:26,56500.0,200.0,1476800.0
101,2021-10-18 07:24:23,56500.0,200.0,1476600.0
102,2021-10-18 07:24:15,56500.0,200.0,1476400.0
103,2021-10-18 07:24:02,56500.0,300.0,1476200.0
104,2021-10-18 07:24:02,56500.0,400.0,1475900.0
105,2021-10-18 07:23:38,56500.0,400.0,1475500.0
106,2021-10-18 07:23:38,56500.0,1000.0,1475100.0
107,2021-10-18 07:23:38,56500.0,300.0,1474100.0
108,2021-10-18 07:23:38,56500.0,5300.0,1473800.0
109,2021-10-18 07:23:35,56500.0,100.0,1468500.0
110,2021-10-18 07:23:29,56500.0,200.0,1468400.0
111,2021-10-18 07:22:56,56500.0,300.0,1468200.0
112,2021-10-18 07:22:49,56500.0,3000.0,1467900.0
113,2021-10-18 07:22:37,56500.0,500.0,1464900.0
114,2021-10-18 07:22:24,56500.0,600.0,1464400.0
115,2021-10-18 07:22:24,56500.0,100.0,1463800.0
116,2021-10-18 07:22:24,56500.0,1300.0,1463700.0
117,2021-10-18 07:22:04,56500.0,100.0,1462400.0
118,2021-10-18 07:21:51,56500.0,1500.0,1462300.0
119,2021-10-18 07:21:12,56500.0,500.0,1460800.0
120,2021-10-18 07:21:05,56500.0,300.0,1460300.0
121,2021-10-18 07:20:10,56600.0,2300.0,1460000.0
122,2021-10-18 07:20:10,56600.0,100.0,1457700.0
123,2021-10-18 07:20:10,56600.0,100.0,1457600.0
124,2021-10-18 07:20:10,56600.0,500.0,1457500.0
125,2021-10-18 07:20:10,56600.0,100.0,1457000.0
126,2021-10-18 07:20:10,56600.0,100.0,1456900.0
127,2021-10-18 07:20:10,56600.0,1000.0,1456800.0
128,2021-10-18 07:20:10,56600.0,100.0,1455800.0
129,2021-10-18 07:20:10,56600.0,200.0,1455700.0
130,2021-10-18 07:20:10,56600.0,100.0,1455500.0
131,2021-10-18 07:20:10,56600.0,400.0,1455400.0
132,2021-10-18 07:19:57,56500.0,800.0,1455000.0
133,2021-10-18 07:19:55,56500.0,5000.0,1454200.0
134,2021-10-18 07:19:52,56500.0,500.0,1449200.0
135,2021-10-18 07:19:48,56600.0,100.0,1448700.0
136,2021-10-18 07:18:37,56500.0,7300.0,1448600.0
137,2021-10-18 07:18:35,56500.0,500.0,1441300.0
138,2021-10-18 07:18:35,56500.0,500.0,1440800.0
139,2021-10-18 07:18:35,56500.0,200.0,1440300.0
140,2021-10-18 07:18:35,56500.0,100.0,1440100.0
141,2021-10-18 07:18:35,56500.0,200.0,1440000.0
142,2021-10-18 07:18:35,56500.0,1200.0,1439800.0
143,2021-10-18 07:18:27,56500.0,1000.0,1438600.0
144,2021-10-18 07:18:26,56400.0,300.0,1437600.0
145,2021-10-18 07:18:10,56400.0,5000.0,1437300.0
146,2021-10-18 07:16:49,56400.0,200.0,1432300.0
147,2021-10-18 07:16:28,56400.0,3000.0,1432100.0
148,2021-10-18 07:16:18,56400.0,2000.0,1429100.0
149,2021-10-18 07:15:28,56500.0,800.0,1427100.0
150,2021-10-18 07:15:28,56500.0,5000.0,1426300.0
151,2021-10-18 07:15:26,56500.0,1000.0,1421300.0
152,2021-10-18 07:15:12,56500.0,2000.0,1420300.0
153,2021-10-18 07:15:07,56500.0,300.0,1418300.0
154,2021-10-18 07:15:07,56500.0,900.0,1418000.0
155,2021-10-18 07:14:57,56500.0,400.0,1417100.0
156,2021-10-18 07:14:57,56500.0,2700.0,1416700.0
157,2021-10-18 07:14:52,56500.0,300.0,1414000.0
158,2021-10-18 07:14:46,56500.0,1500.0,1413700.0
159,2021-10-18 07:14:46,56500.0,100.0,1412200.0
160,2021-10-18 07:14:46,56500.0,5000.0,1412100.0
161,2021-10-18 07:14:46,56500.0,200.0,1407100.0
162,2021-10-18 07:14:46,56500.0,200.0,1406900.0
163,2021-10-18 07:14:02,56400.0,400.0,1406700.0
164,2021-10-18 07:13:58,56400.0,9000.0,1406300.0
165,2021-10-18 07:13:36,56400.0,100.0,1397300.0
166,2021-10-18 07:13:36,56500.0,500.0,1397200.0
167,2021-10-18 07:13:36,56500.0,400.0,1396700.0
168,2021-10-18 07:13:29,56500.0,500.0,1396300.0
169,2021-10-18 07:13:11,56500.0,1000.0,1395800.0
170,2021-10-18 07:12:53,56500.0,100.0,1394800.0
171,2021-10-18 07:12:31,56500.0,1000.0,1394700.0
172,2021-10-18 07:12:31,56500.0,500.0,1393700.0
173,2021-10-18 07:12:31,56500.0,1000.0,1393200.0
174,2021-10-18 07:12:31,56500.0,1000.0,1392200.0
175,2021-10-18 07:12:31,56500.0,200.0,1391200.0
176,2021-10-18 07:12:31,56500.0,1000.0,1391000.0
177,2021-10-18 07:12:31,56500.0,100.0,1390000.0
178,2021-10-18 07:12:31,56500.0,200.0,1389900.0
179,2021-10-18 07:12:31,56500.0,200.0,1389700.0
180,2021-10-18 07:12:31,56500.0,500.0,1389500.0
181,2021-10-18 07:12:31,56500.0,300.0,1389000.0
182,2021-10-18 07:12:31,56500.0,5000.0,1388700.0
183,2021-10-18 07:12:31,56500.0,2000.0,1383700.0
184,2021-10-18 07:11:30,56400.0,100.0,1381700.0
185,2021-10-18 07:11:23,56400.0,2200.0,1381600.0
186,2021-10-18 07:11:23,56400.0,200.0,1379400.0
187,2021-10-18 07:11:23,56400.0,100.0,1379200.0
188,2021-10-18 07:11:23,56400.0,3500.0,1379100.0
189,2021-10-18 07:11:14,56400.0,200.0,1375600.0
190,2021-10-18 07:11:09,56400.0,1000.0,1375400.0
191,2021-10-18 07:10:31,56400.0,1000.0,1374400.0
192,2021-10-18 07:10:25,56400.0,200.0,1373400.0
193,2021-10-18 07:10:20,56400.0,800.0,1373200.0
194,2021-10-18 07:10:20,56400.0,200.0,1372400.0
195,2021-10-18 07:10:04,56400.0,300.0,1372200.0
196,2021-10-18 07:09:57,56400.0,300.0,1371900.0
197,2021-10-18 07:09:35,56400.0,400.0,1371600.0
198,2021-10-18 07:09:02,56400.0,500.0,1371200.0
199,2021-10-18 07:08:55,56400.0,1600.0,1370700.0
200,2021-10-18 07:08:55,56400.0,100.0,1369100.0
201,2021-10-18 07:08:55,56400.0,200.0,1369000.0
202,2021-10-18 07:08:55,56400.0,400.0,1368800.0
203,2021-10-18 07:08:55,56400.0,100.0,1368400.0
204,2021-10-18 07:08:55,56400.0,500.0,1368300.0
205,2021-10-18 07:08:55,56400.0,500.0,1367800.0
206,2021-10-18 07:08:55,56400.0,1600.0,1367300.0
207,2021-10-18 07:08:39,56500.0,1000.0,1365700.0
208,2021-10-18 07:06:52,56500.0,1000.0,1364700.0
209,2021-10-18 07:06:35,56500.0,100.0,1363700.0
210,2021-10-18 07:06:35,56500.0,1100.0,1363600.0
211,2021-10-18 07:06:32,56400.0,400.0,1362500.0
212,2021-10-18 07:06:32,56400.0,100.0,1362100.0
213,2021-10-18 07:06:32,56400.0,400.0,1362000.0
214,2021-10-18 07:06:32,56400.0,100.0,1361600.0
215,2021-10-18 07:06:32,56400.0,1500.0,1361500.0
216,2021-10-18 07:06:32,56400.0,100.0,1360000.0
217,2021-10-18 07:06:32,56400.0,100.0,1359900.0
218,2021-10-18 07:06:32,56400.0,200.0,1359800.0
219,2021-10-18 07:06:32,56400.0,100.0,1359600.0
220,2021-10-18 07:06:32,56400.0,500.0,1359500.0
221,2021-10-18 07:06:32,56400.0,1500.0,1359000.0
222,2021-10-18 07:06:09,56400.0,3000.0,1357500.0
223,2021-10-18 07:05:46,56500.0,1000.0,1354500.0
224,2021-10-18 07:05:06,56500.0,500.0,1353500.0
225,2021-10-18 07:05:05,56500.0,400.0,1353000.0
226,2021-10-18 07:05:05,56500.0,100.0,1352600.0
227,2021-10-18 07:05:05,56500.0,100.0,1352500.0
228,2021-10-18 07:05:05,56500.0,200.0,1352400.0
229,2021-10-18 07:05:05,56500.0,200.0,1352200.0
230,2021-10-18 07:05:05,56500.0,200.0,1352000.0
231,2021-10-18 07:05:05,56500.0,600.0,1351800.0
232,2021-10-18 07:04:18,56400.0,300.0,1351200.0
233,2021-10-18 07:03:36,56400.0,1000.0,1350900.0
234,2021-10-18 07:03:35,56400.0,5000.0,1349900.0
235,2021-10-18 07:03:08,56500.0,4400.0,1344900.0
236,2021-10-18 07:03:08,56500.0,700.0,1340500.0
237,2021-10-18 07:03:08,56500.0,100.0,1339800.0
238,2021-10-18 07:03:08,56500.0,100.0,1339700.0
239,2021-10-18 07:03:08,56500.0,5000.0,1339600.0
240,2021-10-18 07:03:08,56500.0,1700.0,1334600.0
241,2021-10-18 07:03:08,56500.0,700.0,1332900.0
242,2021-10-18 07:03:08,56500.0,200.0,1332200.0
243,2021-10-18 07:03:08,56500.0,200.0,1332000.0
244,2021-10-18 07:03:08,56500.0,1000.0,1331800.0
245,2021-10-18 07:03:08,56500.0,1000.0,1330800.0
246,2021-10-18 07:03:08,56500.0,900.0,1329800.0
247,2021-10-18 07:03:08,56500.0,100.0,1328900.0
248,2021-10-18 07:03:08,56500.0,1000.0,1328800.0
249,2021-10-18 07:03:08,56500.0,100.0,1327800.0
250,2021-10-18 07:03:08,56500.0,900.0,1327700.0
251,2021-10-18 07:03:08,56500.0,1000.0,1326800.0
252,2021-10-18 07:03:08,56500.0,20900.0,1325800.0
253,2021-10-18 07:03:04,56400.0,1000.0,1304900.0
254,2021-10-18 07:02:51,56400.0,1000.0,1303900.0
255,2021-10-18 07:02:31,56400.0,5000.0,1302900.0
256,2021-10-18 07:02:12,56400.0,400.0,1297900.0
257,2021-10-18 07:02:03,56400.0,200.0,1297500.0
258,2021-10-18 07:01:56,56400.0,1000.0,1297300.0
259,2021-10-18 07:01:36,56400.0,800.0,1296300.0
260,2021-10-18 07:01:25,56400.0,1700.0,1295500.0
261,2021-10-18 07:01:13,56400.0,1000.0,1293800.0
262,2021-10-18 07:01:01,56400.0,100.0,1292800.0
263,2021-10-18 07:00:45,56400.0,500.0,1292700.0
264,2021-10-18 07:00:29,56400.0,1000.0,1292200.0
265,2021-10-18 07:00:20,56400.0,1000.0,1291200.0
266,2021-10-18 07:00:13,56400.0,100.0,1290200.0
267,2021-10-18 07:00:00,56400.0,100.0,1290100.0
268,2021-10-18 06:59:57,56400.0,100.0,1290000.0
269,2021-10-18 06:58:43,56400.0,9000.0,1289900.0
270,2021-10-18 06:56:58,56400.0,1500.0,1280900.0
271,2021-10-18 06:56:53,56400.0,1600.0,1279400.0
272,2021-10-18 06:56:16,56400.0,500.0,1277800.0
273,2021-10-18 06:56:12,56400.0,200.0,1277300.0
274,2021-10-18 06:55:32,56400.0,1400.0,1277100.0
275,2021-10-18 06:55:32,56400.0,100.0,1275700.0
276,2021-10-18 06:55:22,56400.0,100.0,1275600.0
277,2021-10-18 06:55:22,56400.0,900.0,1275500.0
278,2021-10-18 06:55:16,56400.0,100.0,1274600.0
279,2021-10-18 06:55:16,56400.0,600.0,1274500.0
280,2021-10-18 06:54:46,56400.0,100.0,1273900.0
281,2021-10-18 06:54:42,56400.0,500.0,1273800.0
282,2021-10-18 06:54:25,56400.0,1000.0,1273300.0
283,2021-10-18 06:54:13,56500.0,100.0,1272300.0
284,2021-10-18 06:53:44,56400.0,100.0,1272200.0
285,2021-10-18 06:53:40,56400.0,700.0,1272100.0
286,2021-10-18 06:53:40,56400.0,300.0,1271400.0
287,2021-10-18 06:53:40,56400.0,2000.0,1271100.0
288,2021-10-18 06:53:38,56400.0,100.0,1269100.0
289,2021-10-18 06:53:27,56400.0,100.0,1269000.0
290,2021-10-18 06:53:12,56400.0,100.0,1268900.0
291,2021-10-18 06:52:37,56400.0,1000.0,1268800.0
292,2021-10-18 06:52:24,56400.0,400.0,1267800.0
293,2021-10-18 06:52:24,56400.0,500.0,1267400.0
294,2021-10-18 06:52:24,56400.0,200.0,1266900.0
295,2021-10-18 06:52:24,56400.0,500.0,1266700.0
296,2021-10-18 06:52:13,56400.0,2000.0,1266200.0
297,2021-10-18 06:51:38,56400.0,500.0,1264200.0
298,2021-10-18 06:51:35,56400.0,400.0,1263700.0
299,2021-10-18 06:51:32,56400.0,2100.0,1263300.0
300,2021-10-18 06:51:32,56400.0,500.0,1261200.0
301,2021-10-18 06:51:32,56400.0,500.0,1260700.0
302,2021-10-18 06:51:32,56400.0,100.0,1260200.0
303,2021-10-18 06:51:32,56400.0,200.0,1260100.0
304,2021-10-18 06:51:32,56400.0,100.0,1259900.0
305,2021-10-18 06:51:32,56400.0,500.0,1259800.0
306,2021-10-18 06:51:32,56400.0,100.0,1259300.0
307,2021-10-18 06:51:32,56400.0,200.0,1259200.0
308,2021-10-18 06:51:32,56400.0,1700.0,1259000.0
309,2021-10-18 06:51:20,56400.0,100.0,1257300.0
310,2021-10-18 06:51:04,56400.0,8200.0,1257200.0
311,2021-10-18 06:51:04,56400.0,500.0,1249000.0
312,2021-10-18 06:51:04,56400.0,100.0,1248500.0
313,2021-10-18 06:51:04,56400.0,700.0,1248400.0
314,2021-10-18 06:51:04,56400.0,500.0,1247700.0
315,2021-10-18 06:51:04,56400.0,100.0,1247200.0
316,2021-10-18 06:51:04,56400.0,200.0,1247100.0
317,2021-10-18 06:51:04,56400.0,200.0,1246900.0
318,2021-10-18 06:50:47,56400.0,200.0,1246700.0
319,2021-10-18 06:50:47,56400.0,1800.0,1246500.0
320,2021-10-18 06:50:21,56400.0,100.0,1244700.0
321,2021-10-18 06:50:15,56400.0,100.0,1244600.0
322,2021-10-18 06:49:50,56400.0,1000.0,1244500.0
323,2021-10-18 06:49:33,56400.0,500.0,1243500.0
324,2021-10-18 06:49:32,56400.0,2100.0,1243000.0
325,2021-10-18 06:47:50,56400.0,200.0,1240900.0
326,2021-10-18 06:47:05,56400.0,200.0,1240700.0
327,2021-10-18 06:47:05,56400.0,1000.0,1240500.0
328,2021-10-18 06:47:01,56500.0,2000.0,1239500.0
329,2021-10-18 06:46:48,56400.0,200.0,1237500.0
330,2021-10-18 06:46:47,56400.0,1000.0,1237300.0
331,2021-10-18 06:46:42,56400.0,1000.0,1236300.0
332,2021-10-18 06:46:41,56400.0,300.0,1235300.0
333,2021-10-18 06:46:39,56400.0,2000.0,1235000.0
334,2021-10-18 06:46:26,56400.0,200.0,1233000.0
335,2021-10-18 06:45:57,56400.0,800.0,1232800.0
336,2021-10-18 06:45:29,56400.0,500.0,1232000.0
337,2021-10-18 06:45:16,56400.0,1500.0,1231500.0
338,2021-10-18 06:44:56,56400.0,1000.0,1230000.0
339,2021-10-18 06:44:50,56400.0,100.0,1229000.0
340,2021-10-18 06:44:50,56400.0,100.0,1228900.0
341,2021-10-18 06:44:50,56400.0,500.0,1228800.0
342,2021-10-18 06:44:50,56400.0,1000.0,1228300.0
343,2021-10-18 06:44:50,56400.0,2800.0,1227300.0
344,2021-10-18 06:44:41,56400.0,200.0,1224500.0
345,2021-10-18 06:44:29,56400.0,700.0,1224300.0
346,2021-10-18 06:44:28,56400.0,100.0,1223600.0
347,2021-10-18 06:44:00,56400.0,200.0,1223500.0
348,2021-10-18 06:43:49,56400.0,100.0,1223300.0
349,2021-10-18 06:43:34,56300.0,500.0,1223200.0
350,2021-10-18 06:43:27,56300.0,100.0,1222700.0
351,2021-10-18 06:43:05,56300.0,1000.0,1222600.0
352,2021-10-18 06:42:46,56300.0,1800.0,1221600.0
353,2021-10-18 06:42:37,56400.0,100.0,1219800.0
354,2021-10-18 06:42:01,56400.0,500.0,1219700.0
355,2021-10-18 06:42:01,56400.0,300.0,1219200.0
356,2021-10-18 06:41:57,56400.0,400.0,1218900.0
357,2021-10-18 06:41:57,56400.0,1000.0,1218500.0
358,2021-10-18 06:41:57,56400.0,600.0,1217500.0
359,2021-10-18 06:41:34,56400.0,400.0,1216900.0
360,2021-10-18 06:41:08,56400.0,800.0,1216500.0
361,2021-10-18 06:40:58,56400.0,200.0,1215700.0
362,2021-10-18 06:40:58,56400.0,800.0,1215500.0
363,2021-10-18 06:40:46,56300.0,300.0,1214700.0
364,2021-10-18 06:40:35,56400.0,300.0,1214400.0
365,2021-10-18 06:40:32,56400.0,200.0,1214100.0
366,2021-10-18 06:40:24,56400.0,100.0,1213900.0
367,2021-10-18 06:40:24,56400.0,1000.0,1213800.0
368,2021-10-18 06:40:24,56400.0,100.0,1212800.0
369,2021-10-18 06:40:24,56400.0,100.0,1212700.0
370,2021-10-18 06:40:24,56400.0,400.0,1212600.0
371,2021-10-18 06:40:02,56400.0,200.0,1212200.0
372,2021-10-18 06:39:46,56500.0,20000.0,1212000.0
373,2021-10-18 06:39:37,56400.0,500.0,1192000.0
374,2021-10-18 06:39:28,56400.0,500.0,1191500.0
375,2021-10-18 06:39:02,56500.0,1000.0,1191000.0
376,2021-10-18 06:38:15,56500.0,500.0,1190000.0
377,2021-10-18 06:37:00,56500.0,100.0,1189500.0
378,2021-10-18 06:37:00,56400.0,1900.0,1189400.0
379,2021-10-18 06:36:59,56400.0,500.0,1187500.0
380,2021-10-18 06:36:58,56400.0,2600.0,1187000.0
381,2021-10-18 06:36:56,56400.0,100.0,1184400.0
382,2021-10-18 06:36:47,56400.0,1000.0,1184300.0
383,2021-10-18 06:36:47,56400.0,500.0,1183300.0
384,2021-10-18 06:36:47,56400.0,300.0,1182800.0
385,2021-10-18 06:36:47,56400.0,200.0,1182500.0
386,2021-10-18 06:36:47,56400.0,1000.0,1182300.0
387,2021-10-18 06:36:47,56400.0,200.0,1181300.0
388,2021-10-18 06:36:47,56400.0,1000.0,1181100.0
389,2021-10-18 06:36:47,56400.0,500.0,1180100.0
390,2021-10-18 06:36:47,56400.0,100.0,1179600.0
391,2021-10-18 06:36:32,56500.0,1000.0,1179500.0
392,2021-10-18 06:36:14,56500.0,1000.0,1178500.0
393,2021-10-18 06:35:28,56500.0,200.0,1177500.0
394,2021-10-18 06:35:03,56500.0,100.0,1177300.0
395,2021-10-18 06:34:53,56500.0,700.0,1177200.0
396,2021-10-18 06:34:53,56500.0,500.0,1176500.0
397,2021-10-18 06:34:53,56500.0,100.0,1176000.0
398,2021-10-18 06:34:51,56500.0,100.0,1175900.0
399,2021-10-18 06:34:51,56500.0,400.0,1175800.0
400,2021-10-18 06:34:37,56500.0,100.0,1175400.0
401,2021-10-18 06:34:07,56500.0,1000.0,1175300.0
402,2021-10-18 06:33:43,56500.0,300.0,1174300.0
403,2021-10-18 06:33:42,56500.0,200.0,1174000.0
404,2021-10-18 06:33:16,56500.0,100.0,1173800.0
405,2021-10-18 06:32:24,56400.0,700.0,1173700.0
406,2021-10-18 06:32:21,56500.0,500.0,1173000.0
407,2021-10-18 06:31:22,56400.0,100.0,1172500.0
408,2021-10-18 06:31:10,56400.0,100.0,1172400.0
409,2021-10-18 06:31:07,56400.0,500.0,1172300.0
410,2021-10-18 06:30:55,56400.0,400.0,1171800.0
411,2021-10-18 06:30:55,56400.0,100.0,1171400.0
412,2021-10-18 06:30:55,56400.0,300.0,1171300.0
413,2021-10-18 06:30:55,56500.0,600.0,1171000.0
414,2021-10-18 06:30:39,56500.0,100.0,1170400.0
415,2021-10-18 06:30:32,56500.0,200.0,1170300.0
416,2021-10-18 06:30:32,56500.0,100.0,1170100.0
417,2021-10-18 06:30:32,56500.0,100.0,1170000.0
418,2021-10-18 06:30:32,56500.0,500.0,1169900.0
419,2021-10-18 06:30:32,56500.0,400.0,1169400.0
420,2021-10-18 06:30:32,56400.0,700.0,1169000.0
421,2021-10-18 06:30:32,56400.0,100.0,1168300.0
422,2021-10-18 06:30:32,56400.0,200.0,1168200.0
423,2021-10-18 06:30:09,56500.0,100.0,1168000.0
424,2021-10-18 06:29:16,56500.0,300.0,1167900.0
425,2021-10-18 06:29:09,56300.0,500.0,1167600.0
426,2021-10-18 06:29:05,56300.0,16200.0,1167100.0
427,2021-10-18 06:29:05,56400.0,1000.0,1150900.0
428,2021-10-18 06:29:05,56400.0,100.0,1149900.0
429,2021-10-18 06:29:05,56400.0,1000.0,1149800.0
430,2021-10-18 06:29:05,56400.0,100.0,1148800.0
431,2021-10-18 06:29:05,56400.0,100.0,1148700.0
432,2021-10-18 06:29:05,56400.0,500.0,1148600.0
433,2021-10-18 06:29:05,56400.0,200.0,1148100.0
434,2021-10-18 06:29:05,56400.0,500.0,1147900.0
435,2021-10-18 06:29:05,56400.0,300.0,1147400.0
436,2021-10-18 06:29:05,56400.0,500.0,1147100.0
437,2021-10-18 06:29:05,56400.0,1000.0,1146600.0
438,2021-10-18 06:29:05,56400.0,100.0,1145600.0
439,2021-10-18 06:29:05,56400.0,500.0,1145500.0
440,2021-10-18 06:29:05,56400.0,100.0,1145000.0
441,2021-10-18 06:29:05,56400.0,100.0,1144900.0
442,2021-10-18 06:29:05,56400.0,300.0,1144800.0
443,2021-10-18 06:29:05,56400.0,1000.0,1144500.0
444,2021-10-18 06:29:05,56400.0,10000.0,1143500.0
445,2021-10-18 06:29:05,56400.0,100.0,1133500.0
446,2021-10-18 06:29:05,56400.0,300.0,1133400.0
447,2021-10-18 06:29:05,56400.0,100.0,1133100.0
448,2021-10-18 06:29:05,56400.0,100.0,1133000.0
449,2021-10-18 06:29:05,56500.0,100.0,1132900.0
450,2021-10-18 06:29:05,56500.0,15700.0,1132800.0
451,2021-10-18 06:28:28,56500.0,5000.0,1117100.0
452,2021-10-18 06:28:02,56500.0,500.0,1112100.0
453,2021-10-18 06:27:47,56500.0,200.0,1111600.0
454,2021-10-18 06:27:43,56500.0,3000.0,1111400.0
455,2021-10-18 06:27:32,56500.0,1200.0,1108400.0
456,2021-10-18 06:27:21,56500.0,1000.0,1107200.0
457,2021-10-18 06:27:04,56500.0,600.0,1106200.0
458,2021-10-18 06:27:04,56500.0,3000.0,1105600.0
459,2021-10-18 06:27:04,56500.0,100.0,1102600.0
460,2021-10-18 06:27:04,56500.0,400.0,1102500.0
461,2021-10-18 06:27:04,56500.0,100.0,1102100.0
462,2021-10-18 06:27:04,56500.0,1000.0,1102000.0
463,2021-10-18 06:27:04,56500.0,2400.0,1101000.0
464,2021-10-18 06:26:58,56500.0,100.0,1098600.0
465,2021-10-18 06:26:28,56400.0,2000.0,1098500.0
466,2021-10-18 06:26:28,56400.0,100.0,1096500.0
467,2021-10-18 06:26:28,56400.0,900.0,1096400.0
468,2021-10-18 06:26:12,56400.0,800.0,1095500.0
469,2021-10-18 06:26:11,56400.0,500.0,1094700.0
470,2021-10-18 06:26:08,56400.0,1000.0,1094200.0
471,2021-10-18 06:25:58,56400.0,1000.0,1093200.0
472,2021-10-18 06:25:52,56400.0,400.0,1092200.0
473,2021-10-18 06:25:49,56400.0,200.0,1091800.0
474,2021-10-18 06:25:43,56400.0,100.0,1091600.0
475,2021-10-18 06:25:30,56400.0,1000.0,1091500.0
476,2021-10-18 06:25:08,56400.0,1700.0,1090500.0
477,2021-10-18 06:24:53,56400.0,1000.0,1088800.0
478,2021-10-18 06:24:27,56500.0,600.0,1087800.0
479,2021-10-18 06:24:25,56500.0,100.0,1087200.0
480,2021-10-18 06:24:00,56500.0,1000.0,1087100.0
481,2021-10-18 06:23:47,56400.0,100.0,1086100.0
482,2021-10-18 06:23:34,56400.0,1000.0,1086000.0
483,2021-10-18 06:23:32,56500.0,700.0,1085000.0
484,2021-10-18 06:23:29,56500.0,100.0,1084300.0
485,2021-10-18 06:23:02,56400.0,500.0,1084200.0
486,2021-10-18 06:22:09,56400.0,900.0,1083700.0
487,2021-10-18 06:21:41,56500.0,500.0,1082800.0
488,2021-10-18 06:21:35,56500.0,200.0,1082300.0
489,2021-10-18 06:21:35,56500.0,400.0,1082100.0
490,2021-10-18 06:21:35,56500.0,200.0,1081700.0
491,2021-10-18 06:21:35,56500.0,800.0,1081500.0
492,2021-10-18 06:21:35,56500.0,500.0,1080700.0
493,2021-10-18 06:21:35,56500.0,22400.0,1080200.0
494,2021-10-18 06:21:12,56500.0,2600.0,1057800.0
495,2021-10-18 06:21:12,56500.0,2400.0,1055200.0
496,2021-10-18 06:21:04,56500.0,2600.0,1052800.0
497,2021-10-18 06:21:04,56500.0,300.0,1050200.0
498,2021-10-18 06:21:04,56500.0,100.0,1049900.0
499,2021-10-18 06:20:31,56500.0,100.0,1049800.0
500,2021-10-18 06:20:30,56500.0,800.0,1049700.0
501,2021-10-18 06:20:27,56500.0,100.0,1048900.0
502,2021-10-18 06:20:27,56500.0,500.0,1048800.0
503,2021-10-18 06:20:27,56500.0,500.0,1048300.0
504,2021-10-18 06:20:27,56500.0,300.0,1047800.0
505,2021-10-18 06:20:09,56500.0,200.0,1047500.0
506,2021-10-18 06:20:09,56500.0,200.0,1047300.0
507,2021-10-18 06:20:09,56500.0,200.0,1047100.0
508,2021-10-18 06:20:09,56500.0,1400.0,1046900.0
509,2021-10-18 06:19:57,56500.0,1000.0,1045500.0
510,2021-10-18 06:19:52,56500.0,100.0,1044500.0
511,2021-10-18 06:19:25,56600.0,700.0,1044400.0
512,2021-10-18 06:19:24,56600.0,1300.0,1043700.0
513,2021-10-18 06:19:24,56600.0,700.0,1042400.0
514,2021-10-18 06:19:05,56600.0,800.0,1041700.0
515,2021-10-18 06:19:05,56600.0,400.0,1040900.0
516,2021-10-18 06:19:05,56600.0,200.0,1040500.0
517,2021-10-18 06:19:04,56600.0,200.0,1040300.0
518,2021-10-18 06:18:38,56600.0,500.0,1040100.0
519,2021-10-18 06:17:55,56600.0,100.0,1039600.0
520,2021-10-18 06:17:54,56600.0,600.0,1039500.0
521,2021-10-18 06:17:54,56600.0,500.0,1038900.0
522,2021-10-18 06:17:42,56600.0,100.0,1038400.0
523,2021-10-18 06:16:30,56600.0,200.0,1038300.0
524,2021-10-18 06:16:26,56600.0,100.0,1038100.0
525,2021-10-18 06:16:15,56600.0,2000.0,1038000.0
526,2021-10-18 06:16:03,56600.0,300.0,1036000.0
527,2021-10-18 06:15:50,56600.0,300.0,1035700.0
528,2021-10-18 06:15:40,56600.0,1000.0,1035400.0
529,2021-10-18 06:15:09,56600.0,4000.0,1034400.0
530,2021-10-18 06:15:09,56600.0,1000.0,1030400.0
531,2021-10-18 06:14:18,56600.0,100.0,1029400.0
532,2021-10-18 06:14:18,56600.0,900.0,1029300.0
533,2021-10-18 06:14:05,56600.0,1100.0,1028400.0
534,2021-10-18 06:13:42,56600.0,200.0,1027300.0
535,2021-10-18 06:13:33,56600.0,200.0,1027100.0
536,2021-10-18 06:13:11,56600.0,400.0,1026900.0
537,2021-10-18 06:13:10,56700.0,100.0,1026500.0
538,2021-10-18 06:13:10,56600.0,500.0,1026400.0
539,2021-10-18 06:13:06,56700.0,200.0,1025900.0
540,2021-10-18 06:12:36,56600.0,10000.0,1025700.0
541,2021-10-18 06:12:22,56600.0,100.0,1015700.0
542,2021-10-18 06:12:21,56600.0,1100.0,1015600.0
543,2021-10-18 06:12:18,56600.0,200.0,1014500.0
544,2021-10-18 06:12:04,56600.0,1000.0,1014300.0
545,2021-10-18 06:11:49,56600.0,100.0,1013300.0
546,2021-10-18 06:11:35,56600.0,1000.0,1013200.0
547,2021-10-18 06:11:16,56600.0,1000.0,1012200.0
548,2021-10-18 06:11:12,56600.0,100.0,1011200.0
549,2021-10-18 06:10:50,56600.0,500.0,1011100.0
550,2021-10-18 06:10:17,56600.0,300.0,1010600.0
551,2021-10-18 06:10:13,56600.0,5000.0,1010300.0
552,2021-10-18 06:09:53,56600.0,400.0,1005300.0
553,2021-10-18 06:09:42,56600.0,3700.0,1004900.0
554,2021-10-18 06:09:33,56600.0,100.0,1001200.0
555,2021-10-18 06:09:16,56600.0,100.0,1001100.0
556,2021-10-18 06:09:16,56600.0,100.0,1001000.0
557,2021-10-18 06:09:16,56600.0,1000.0,1000900.0
558,2021-10-18 06:09:16,56600.0,100.0,999900.0
559,2021-10-18 06:09:16,56600.0,500.0,999800.0
560,2021-10-18 06:09:16,56600.0,100.0,999300.0
561,2021-10-18 06:09:16,56600.0,100.0,999200.0
562,2021-10-18 06:09:16,56600.0,100.0,999100.0
563,2021-10-18 06:09:14,56500.0,11000.0,999000.0
564,2021-10-18 06:08:52,56500.0,500.0,988000.0
565,2021-10-18 06:08:50,56500.0,200.0,987500.0
566,2021-10-18 06:08:40,56500.0,10000.0,987300.0
567,2021-10-18 06:08:40,56500.0,800.0,977300.0
568,2021-10-18 06:08:40,56500.0,200.0,976500.0
569,2021-10-18 06:08:07,56500.0,800.0,976300.0
570,2021-10-18 06:08:07,56500.0,200.0,975500.0
571,2021-10-18 06:07:46,56500.0,100.0,975300.0
572,2021-10-18 06:07:46,56500.0,200.0,975200.0
573,2021-10-18 06:07:30,56500.0,800.0,975000.0
574,2021-10-18 06:07:30,56500.0,200.0,974200.0
575,2021-10-18 06:07:28,56500.0,100.0,974000.0
576,2021-10-18 06:06:48,56500.0,200.0,973900.0
577,2021-10-18 06:06:17,56500.0,100.0,973700.0
578,2021-10-18 06:06:17,56500.0,200.0,973600.0
579,2021-10-18 06:06:15,56500.0,100.0,973400.0
580,2021-10-18 06:05:51,56500.0,300.0,973300.0
581,2021-10-18 06:05:10,56500.0,500.0,973000.0
582,2021-10-18 06:04:30,56500.0,700.0,972500.0
583,2021-10-18 06:04:30,56400.0,8700.0,971800.0
584,2021-10-18 06:04:28,56500.0,500.0,963100.0
585,2021-10-18 06:03:51,56500.0,200.0,962600.0
586,2021-10-18 06:03:51,56500.0,100.0,962400.0
587,2021-10-18 06:03:51,56500.0,100.0,962300.0
588,2021-10-18 06:03:51,56500.0,100.0,962200.0
589,2021-10-18 06:03:29,56500.0,1500.0,962100.0
590,2021-10-18 06:03:08,56500.0,400.0,960600.0
591,2021-10-18 06:03:08,56500.0,200.0,960200.0
592,2021-10-18 06:02:48,56500.0,800.0,960000.0
593,2021-10-18 06:02:01,56600.0,4900.0,959200.0
594,2021-10-18 06:01:33,56600.0,100.0,954300.0
595,2021-10-18 06:01:26,56600.0,5000.0,954200.0
596,2021-10-18 06:00:28,56700.0,100.0,949200.0
597,2021-10-18 06:00:23,56700.0,200.0,949100.0
598,2021-10-18 06:00:07,56500.0,1000.0,948900.0
599,2021-10-18 06:00:01,56700.0,700.0,947900.0
600,2021-10-18 06:00:01,56500.0,1500.0,947200.0
601,2021-10-18 06:00:01,56500.0,100.0,945700.0
602,2021-10-18 06:00:01,56500.0,500.0,945600.0
603,2021-10-18 06:00:00,56700.0,100.0,945100.0
604,2021-10-18 06:00:00,56400.0,5200.0,945000.0
605,2021-10-18 06:00:00,56400.0,500.0,939800.0
606,2021-10-18 06:00:00,56400.0,300.0,939300.0
607,2021-10-18 06:00:00,56400.0,100.0,939000.0
608,2021-10-18 06:00:00,56500.0,100.0,938900.0
609,2021-10-18 06:00:00,56500.0,100.0,938800.0
610,2021-10-18 06:00:00,56500.0,13700.0,938700.0
611,2021-10-18 04:29:53,56700.0,100.0,925000.0
612,2021-10-18 04:29:41,56500.0,11300.0,924900.0
613,2021-10-18 04:29:41,56500.0,200.0,913600.0
614,2021-10-18 04:29:41,56500.0,100.0,913400.0
615,2021-10-18 04:29:41,56500.0,100.0,913300.0
616,2021-10-18 04:29:41,56500.0,500.0,913200.0
617,2021-10-18 04:29:41,56500.0,800.0,912700.0
618,2021-10-18 04:29:41,56500.0,100.0,911900.0
619,2021-10-18 04:29:41,56500.0,500.0,911800.0
620,2021-10-18 04:29:41,56500.0,3000.0,911300.0
621,2021-10-18 04:29:41,56500.0,100.0,908300.0
622,2021-10-18 04:29:41,56500.0,100.0,908200.0
623,2021-10-18 04:29:41,56500.0,200.0,908100.0
624,2021-10-18 04:29:41,56500.0,300.0,907900.0
625,2021-10-18 04:29:41,56500.0,1700.0,907600.0
626,2021-10-18 04:28:43,56700.0,200.0,905900.0
627,2021-10-18 04:27:42,56700.0,2300.0,905700.0
628,2021-10-18 04:26:51,56500.0,100.0,903400.0
629,2021-10-18 04:25:36,56500.0,100.0,903300.0
630,2021-10-18 04:23:53,56500.0,100.0,903200.0
631,2021-10-18 04:23:53,56500.0,300.0,903100.0
632,2021-10-18 04:22:44,56600.0,100.0,902800.0
633,2021-10-18 04:22:36,56600.0,100.0,902700.0
634,2021-10-18 04:22:34,56600.0,200.0,902600.0
635,2021-10-18 04:22:12,56600.0,100.0,902400.0
636,2021-10-18 04:20:42,56600.0,600.0,902300.0
637,2021-10-18 04:20:42,56600.0,100.0,901700.0
638,2021-10-18 04:20:42,56600.0,200.0,901600.0
639,2021-10-18 04:20:00,56600.0,500.0,901400.0
640,2021-10-18 04:20:00,56600.0,500.0,900900.0
641,2021-10-18 04:19:52,56700.0,100.0,900400.0
642,2021-10-18 04:18:19,56700.0,500.0,900300.0
643,2021-10-18 04:16:34,56700.0,100.0,899800.0
644,2021-10-18 04:15:53,56700.0,5000.0,899700.0
645,2021-10-18 04:15:53,56700.0,5000.0,894700.0
646,2021-10-18 04:15:53,56700.0,1900.0,889700.0
647,2021-10-18 04:15:14,56700.0,200.0,887800.0
648,2021-10-18 04:14:39,56700.0,2500.0,887600.0
649,2021-10-18 04:14:33,56700.0,400.0,885100.0
650,2021-10-18 04:14:33,56700.0,400.0,884700.0
651,2021-10-18 04:14:33,56700.0,200.0,884300.0
652,2021-10-18 04:14:18,56700.0,2000.0,884100.0
653,2021-10-18 04:13:57,56700.0,300.0,882100.0
654,2021-10-18 04:13:41,56700.0,900.0,881800.0
655,2021-10-18 04:13:41,56700.0,1000.0,880900.0
656,2021-10-18 04:13:41,56700.0,300.0,879900.0
657,2021-10-18 04:13:41,56700.0,300.0,879600.0
658,2021-10-18 04:12:52,56700.0,500.0,879300.0
659,2021-10-18 04:12:43,56700.0,700.0,878800.0
660,2021-10-18 04:12:43,56700.0,500.0,878100.0
661,2021-10-18 04:11:39,56700.0,1300.0,877600.0
662,2021-10-18 04:11:27,56700.0,1000.0,876300.0
663,2021-10-18 04:11:27,56700.0,900.0,875300.0
664,2021-10-18 04:11:27,56700.0,100.0,874400.0
665,2021-10-18 04:11:27,56700.0,200.0,874300.0
666,2021-10-18 04:11:27,56700.0,900.0,874100.0
667,2021-10-18 04:11:27,56700.0,100.0,873200.0
668,2021-10-18 04:10:24,56700.0,400.0,873100.0
669,2021-10-18 04:10:24,56700.0,200.0,872700.0
670,2021-10-18 04:10:24,56700.0,200.0,872500.0
671,2021-10-18 04:07:31,56700.0,100.0,872300.0
672,2021-10-18 04:07:31,56700.0,100.0,872200.0
673,2021-10-18 04:07:31,56700.0,100.0,872100.0
674,2021-10-18 04:07:31,56700.0,100.0,872000.0
675,2021-10-18 04:07:11,56700.0,100.0,871900.0
676,2021-10-18 04:07:11,56700.0,800.0,871800.0
677,2021-10-18 04:07:07,56700.0,4200.0,871000.0
678,2021-10-18 04:07:07,56700.0,500.0,866800.0
679,2021-10-18 04:07:07,56700.0,500.0,866300.0
680,2021-10-18 04:07:07,56700.0,4800.0,865800.0
681,2021-10-18 04:07:06,56700.0,300.0,861000.0
682,2021-10-18 04:07:02,56700.0,5000.0,860700.0
683,2021-10-18 04:06:44,56700.0,8200.0,855700.0
684,2021-10-18 04:06:43,56700.0,200.0,847500.0
685,2021-10-18 04:06:43,56700.0,5000.0,847300.0
686,2021-10-18 04:06:16,56700.0,1800.0,842300.0
687,2021-10-18 04:05:52,56700.0,800.0,840500.0
688,2021-10-18 04:05:45,56700.0,1000.0,839700.0
689,2021-10-18 04:05:15,56700.0,3600.0,838700.0
690,2021-10-18 04:05:09,56700.0,10000.0,835100.0
691,2021-10-18 04:05:05,56700.0,300.0,825100.0
692,2021-10-18 04:04:57,56700.0,9000.0,824800.0
693,2021-10-18 04:04:57,56700.0,22300.0,815800.0
694,2021-10-18 04:04:57,56700.0,500.0,793500.0
695,2021-10-18 04:03:51,56700.0,100.0,793000.0
696,2021-10-18 04:03:43,56700.0,100.0,792900.0
697,2021-10-18 04:02:44,56800.0,100.0,792800.0
698,2021-10-18 04:02:30,56800.0,200.0,792700.0
699,2021-10-18 04:02:03,56800.0,100.0,792500.0
700,2021-10-18 04:01:58,56700.0,100.0,792400.0
701,2021-10-18 04:01:44,56800.0,800.0,792300.0
702,2021-10-18 04:01:44,56700.0,200.0,791500.0
703,2021-10-18 04:01:30,56700.0,2000.0,791300.0
704,2021-10-18 04:01:02,56800.0,500.0,789300.0
705,2021-10-18 04:00:28,56800.0,100.0,788800.0
706,2021-10-18 04:00:28,56800.0,100.0,788700.0
707,2021-10-18 04:00:25,56800.0,100.0,788600.0
708,2021-10-18 04:00:01,56700.0,10600.0,788500.0
709,2021-10-18 03:59:34,56700.0,100.0,777900.0
710,2021-10-18 03:59:22,56800.0,300.0,777800.0
711,2021-10-18 03:59:22,56800.0,100.0,777500.0
712,2021-10-18 03:59:22,56800.0,100.0,777400.0
713,2021-10-18 03:58:59,56700.0,100.0,777300.0
714,2021-10-18 03:58:57,56700.0,2000.0,777200.0
715,2021-10-18 03:58:43,56700.0,100.0,775200.0
716,2021-10-18 03:58:39,56800.0,900.0,775100.0
717,2021-10-18 03:58:39,56800.0,100.0,774200.0
718,2021-10-18 03:58:39,56800.0,300.0,774100.0
719,2021-10-18 03:58:39,56800.0,200.0,773800.0
720,2021-10-18 03:57:58,56800.0,300.0,773600.0
721,2021-10-18 03:57:48,56800.0,100.0,773300.0
722,2021-10-18 03:57:48,56800.0,300.0,773200.0
723,2021-10-18 03:57:48,56800.0,100.0,772900.0
724,2021-10-18 03:57:48,56800.0,500.0,772800.0
725,2021-10-18 03:57:42,56800.0,300.0,772300.0
726,2021-10-18 03:57:42,56800.0,700.0,772000.0
727,2021-10-18 03:57:33,56700.0,1000.0,771300.0
728,2021-10-18 03:57:02,56700.0,100.0,770300.0
729,2021-10-18 03:56:36,56700.0,100.0,770200.0
730,2021-10-18 03:56:18,56700.0,5000.0,770100.0
731,2021-10-18 03:56:13,56700.0,100.0,765100.0
732,2021-10-18 03:56:09,56800.0,1000.0,765000.0
733,2021-10-18 03:55:57,56800.0,500.0,764000.0
734,2021-10-18 03:55:50,56700.0,200.0,763500.0
735,2021-10-18 03:55:44,56800.0,800.0,763300.0
736,2021-10-18 03:55:44,56800.0,500.0,762500.0
737,2021-10-18 03:55:44,56800.0,300.0,762000.0
738,2021-10-18 03:55:44,56800.0,100.0,761700.0
739,2021-10-18 03:55:44,56800.0,8300.0,761600.0
740,2021-10-18 03:55:31,56700.0,200.0,753300.0
741,2021-10-18 03:55:29,56800.0,200.0,753100.0
742,2021-10-18 03:55:28,56700.0,500.0,752900.0
743,2021-10-18 03:55:21,56700.0,500.0,752400.0
744,2021-10-18 03:55:08,56700.0,1000.0,751900.0
745,2021-10-18 03:54:57,56800.0,500.0,750900.0
746,2021-10-18 03:54:57,56800.0,500.0,750400.0
747,2021-10-18 03:54:57,56800.0,100.0,749900.0
748,2021-10-18 03:54:57,56800.0,1900.0,749800.0
749,2021-10-18 03:54:35,56800.0,2000.0,747900.0
750,2021-10-18 03:54:32,56800.0,900.0,745900.0
751,2021-10-18 03:54:26,56800.0,200.0,745000.0
752,2021-10-18 03:54:26,56800.0,300.0,744800.0
753,2021-10-18 03:53:19,56800.0,100.0,744500.0
754,2021-10-18 03:52:24,56800.0,100.0,744400.0
755,2021-10-18 03:52:09,56700.0,100.0,744300.0
756,2021-10-18 03:52:00,56700.0,200.0,744200.0
757,2021-10-18 03:50:35,56700.0,300.0,744000.0
758,2021-10-18 03:50:34,56700.0,200.0,743700.0
759,2021-10-18 03:50:34,56700.0,100.0,743500.0
760,2021-10-18 03:50:34,56700.0,5000.0,743400.0
761,2021-10-18 03:50:34,56700.0,100.0,738400.0
762,2021-10-18 03:50:34,56700.0,800.0,738300.0
763,2021-10-18 03:50:34,56700.0,100.0,737500.0
764,2021-10-18 03:50:34,56700.0,5000.0,737400.0
765,2021-10-18 03:50:34,56700.0,100.0,732400.0
766,2021-10-18 03:50:34,56700.0,100.0,732300.0
767,2021-10-18 03:50:34,56700.0,1900.0,732200.0
768,2021-10-18 03:50:34,56700.0,100.0,730300.0
769,2021-10-18 03:50:34,56700.0,1200.0,730200.0
770,2021-10-18 03:50:34,56700.0,500.0,729000.0
771,2021-10-18 03:50:34,56600.0,300.0,728500.0
772,2021-10-18 03:50:34,56600.0,700.0,728200.0
773,2021-10-18 03:50:34,56600.0,800.0,727500.0
774,2021-10-18 03:50:34,56600.0,3000.0,726700.0
775,2021-10-18 03:50:34,56600.0,100.0,723700.0
776,2021-10-18 03:50:34,56600.0,300.0,723600.0
777,2021-10-18 03:50:34,56600.0,100.0,723300.0
778,2021-10-18 03:50:34,56600.0,3000.0,723200.0
779,2021-10-18 03:50:34,56600.0,1800.0,720200.0
780,2021-10-18 03:50:16,56500.0,1200.0,718400.0
781,2021-10-18 03:49:57,56500.0,300.0,717200.0
782,2021-10-18 03:49:50,56500.0,5000.0,716900.0
783,2021-10-18 03:49:47,56500.0,200.0,711900.0
784,2021-10-18 03:49:47,56500.0,800.0,711700.0
785,2021-10-18 03:49:47,56500.0,2000.0,710900.0
786,2021-10-18 03:49:47,56500.0,200.0,708900.0
787,2021-10-18 03:49:47,56500.0,2000.0,708700.0
788,2021-10-18 03:49:47,56500.0,2000.0,706700.0
789,2021-10-18 03:49:47,56500.0,2000.0,704700.0
790,2021-10-18 03:49:47,56500.0,100.0,702700.0
791,2021-10-18 03:49:47,56500.0,2100.0,702600.0
792,2021-10-18 03:49:47,56500.0,500.0,700500.0
793,2021-10-18 03:49:47,56500.0,1700.0,700000.0
794,2021-10-18 03:49:47,56500.0,7400.0,698300.0
795,2021-10-18 03:49:47,56500.0,200.0,690900.0
796,2021-10-18 03:49:21,56400.0,100.0,690700.0
797,2021-10-18 03:49:21,56400.0,900.0,690600.0
798,2021-10-18 03:49:05,56400.0,100.0,689700.0
799,2021-10-18 03:48:59,56400.0,300.0,689600.0
800,2021-10-18 03:48:53,56300.0,500.0,689300.0
801,2021-10-18 03:48:49,56400.0,300.0,688800.0
802,2021-10-18 03:48:34,56400.0,4700.0,688500.0
803,2021-10-18 03:48:34,56400.0,1000.0,683800.0
804,2021-10-18 03:48:34,56400.0,1000.0,682800.0
805,2021-10-18 03:48:34,56400.0,5000.0,681800.0
806,2021-10-18 03:48:34,56400.0,200.0,676800.0
807,2021-10-18 03:48:34,56400.0,1000.0,676600.0
808,2021-10-18 03:48:34,56400.0,500.0,675600.0
809,2021-10-18 03:48:34,56400.0,8400.0,675100.0
810,2021-10-18 03:48:34,56400.0,3200.0,666700.0
811,2021-10-18 03:48:25,56300.0,500.0,663500.0
812,2021-10-18 03:48:16,56300.0,200.0,663000.0
813,2021-10-18 03:48:09,56300.0,200.0,662800.0
814,2021-10-18 03:47:38,56300.0,100.0,662600.0
815,2021-10-18 03:47:05,56300.0,1000.0,662500.0
816,2021-10-18 03:46:32,56400.0,100.0,661500.0
817,2021-10-18 03:46:17,56400.0,200.0,661400.0
818,2021-10-18 03:46:17,56400.0,100.0,661200.0
819,2021-10-18 03:46:17,56400.0,1200.0,661100.0
820,2021-10-18 03:46:15,56300.0,600.0,659900.0
821,2021-10-18 03:45:46,56400.0,200.0,659300.0
822,2021-10-18 03:45:32,56300.0,4200.0,659100.0
823,2021-10-18 03:45:22,56400.0,3000.0,654900.0
824,2021-10-18 03:45:17,56300.0,900.0,651900.0
825,2021-10-18 03:45:12,56300.0,1100.0,651000.0
826,2021-10-18 03:45:02,56300.0,1500.0,649900.0
827,2021-10-18 03:45:01,56400.0,500.0,648400.0
828,2021-10-18 03:44:52,56300.0,2000.0,647900.0
829,2021-10-18 03:44:46,56300.0,2000.0,645900.0
830,2021-10-18 03:44:46,56300.0,600.0,643900.0
831,2021-10-18 03:44:46,56300.0,100.0,643300.0
832,2021-10-18 03:44:16,56300.0,1100.0,643200.0
833,2021-10-18 03:44:16,56300.0,1500.0,642100.0
834,2021-10-18 03:44:13,56300.0,1500.0,640600.0
835,2021-10-18 03:44:13,56300.0,400.0,639100.0
836,2021-10-18 03:44:13,56300.0,100.0,638700.0
837,2021-10-18 03:43:57,56300.0,100.0,638600.0
838,2021-10-18 03:43:53,56400.0,100.0,638500.0
839,2021-10-18 03:43:53,56400.0,100.0,638400.0
840,2021-10-18 03:43:53,56400.0,100.0,638300.0
841,2021-10-18 03:43:53,56400.0,1000.0,638200.0
842,2021-10-18 03:43:45,56400.0,200.0,637200.0
843,2021-10-18 03:43:34,56400.0,100.0,637000.0
844,2021-10-18 03:43:19,56300.0,100.0,636900.0
845,2021-10-18 03:43:19,56300.0,100.0,636800.0
846,2021-10-18 03:43:19,56300.0,2000.0,636700.0
847,2021-10-18 03:43:19,56300.0,2000.0,634700.0
848,2021-10-18 03:43:19,56300.0,800.0,632700.0
849,2021-10-18 03:43:13,56300.0,200.0,631900.0
850,2021-10-18 03:43:13,56300.0,100.0,631700.0
851,2021-10-18 03:43:13,56300.0,700.0,631600.0
852,2021-10-18 03:43:03,56300.0,100.0,630900.0
853,2021-10-18 03:43:03,56300.0,100.0,630800.0
854,2021-10-18 03:43:03,56300.0,100.0,630700.0
855,2021-10-18 03:43:03,56300.0,300.0,630600.0
856,2021-10-18 03:43:03,56300.0,500.0,630300.0
857,2021-10-18 03:42:49,56300.0,2800.0,629800.0
858,2021-10-18 03:42:49,56300.0,2500.0,627000.0
859,2021-10-18 03:42:49,56300.0,1000.0,624500.0
860,2021-10-18 03:42:49,56300.0,100.0,623500.0
861,2021-10-18 03:42:49,56300.0,100.0,623400.0
862,2021-10-18 03:42:49,56300.0,100.0,623300.0
863,2021-10-18 03:42:49,56300.0,200.0,623200.0
864,2021-10-18 03:42:49,56300.0,800.0,623000.0
865,2021-10-18 03:42:49,56300.0,100.0,622200.0
866,2021-10-18 03:42:49,56300.0,100.0,622100.0
867,2021-10-18 03:42:49,56300.0,200.0,622000.0
868,2021-10-18 03:42:22,56400.0,200.0,621800.0
869,2021-10-18 03:42:15,56400.0,200.0,621600.0
870,2021-10-18 03:41:51,56300.0,800.0,621400.0
871,2021-10-18 03:41:51,56300.0,200.0,620600.0
872,2021-10-18 03:41:51,56300.0,100.0,620400.0
873,2021-10-18 03:41:51,56300.0,300.0,620300.0
874,2021-10-18 03:41:36,56300.0,100.0,620000.0
875,2021-10-18 03:41:29,56400.0,1000.0,619900.0
876,2021-10-18 03:40:59,56400.0,500.0,618900.0
877,2021-10-18 03:40:51,56400.0,400.0,618400.0
878,2021-10-18 03:40:51,56400.0,100.0,618000.0
879,2021-10-18 03:40:51,56400.0,500.0,617900.0
880,2021-10-18 03:40:32,56400.0,500.0,617400.0
881,2021-10-18 03:40:32,56400.0,100.0,616900.0
882,2021-10-18 03:39:56,56400.0,100.0,616800.0
883,2021-10-18 03:39:56,56400.0,100.0,616700.0
884,2021-10-18 03:39:45,56400.0,100.0,616600.0
885,2021-10-18 03:39:41,56400.0,200.0,616500.0
886,2021-10-18 03:39:35,56400.0,1400.0,616300.0
887,2021-10-18 03:39:35,56400.0,600.0,614900.0
888,2021-10-18 03:39:21,56400.0,100.0,614300.0
889,2021-10-18 03:39:20,56400.0,100.0,614200.0
890,2021-10-18 03:38:47,56300.0,100.0,614100.0
891,2021-10-18 03:38:47,56300.0,100.0,614000.0
892,2021-10-18 03:38:47,56300.0,500.0,613900.0
893,2021-10-18 03:38:29,56400.0,400.0,613400.0
894,2021-10-18 03:38:26,56400.0,300.0,613000.0
895,2021-10-18 03:38:12,56400.0,200.0,612700.0
896,2021-10-18 03:38:12,56400.0,500.0,612500.0
897,2021-10-18 03:38:12,56400.0,1000.0,612000.0
898,2021-10-18 03:38:12,56400.0,100.0,611000.0
899,2021-10-18 03:38:12,56400.0,200.0,610900.0
900,2021-10-18 03:38:11,56400.0,300.0,610700.0
901,2021-10-18 03:38:09,56400.0,200.0,610400.0
902,2021-10-18 03:38:08,56400.0,300.0,610200.0
903,2021-10-18 03:38:08,56400.0,600.0,609900.0
904,2021-10-18 03:38:08,56400.0,100.0,609300.0
905,2021-10-18 03:38:08,56400.0,2000.0,609200.0
906,2021-10-18 03:38:08,56400.0,800.0,607200.0
907,2021-10-18 03:38:08,56400.0,500.0,606400.0
908,2021-10-18 03:38:08,56400.0,5000.0,605900.0
909,2021-10-18 03:38:08,56400.0,700.0,600900.0
910,2021-10-18 03:38:06,56300.0,500.0,600200.0
911,2021-10-18 03:37:59,56400.0,600.0,599700.0
912,2021-10-18 03:37:37,56400.0,300.0,599100.0
913,2021-10-18 03:37:14,56400.0,100.0,598800.0
914,2021-10-18 03:37:11,56300.0,200.0,598700.0
915,2021-10-18 03:36:43,56300.0,800.0,598500.0
916,2021-10-18 03:36:43,56300.0,300.0,597700.0
917,2021-10-18 03:36:43,56300.0,300.0,597400.0
918,2021-10-18 03:36:28,56300.0,200.0,597100.0
919,2021-10-18 03:36:28,56300.0,1000.0,596900.0
920,2021-10-18 03:36:28,56300.0,100.0,595900.0
921,2021-10-18 03:36:28,56300.0,200.0,595800.0
922,2021-10-18 03:36:28,56300.0,500.0,595600.0
923,2021-10-18 03:36:28,56300.0,2000.0,595100.0
924,2021-10-18 03:36:28,56300.0,200.0,593100.0
925,2021-10-18 03:36:23,56400.0,100.0,592900.0
926,2021-10-18 03:36:19,56400.0,1000.0,592800.0
927,2021-10-18 03:36:01,56400.0,200.0,591800.0
928,2021-10-18 03:35:49,56300.0,100.0,591600.0
929,2021-10-18 03:35:48,56400.0,200.0,591500.0
930,2021-10-18 03:35:48,56400.0,800.0,591300.0
931,2021-10-18 03:35:26,56300.0,100.0,590500.0
932,2021-10-18 03:34:40,56300.0,100.0,590400.0
933,2021-10-18 03:34:40,56300.0,200.0,590300.0
934,2021-10-18 03:34:28,56300.0,100.0,590100.0
935,2021-10-18 03:34:28,56300.0,100.0,590000.0
936,2021-10-18 03:34:28,56300.0,5000.0,589900.0
937,2021-10-18 03:34:28,56300.0,800.0,584900.0
938,2021-10-18 03:34:28,56400.0,200.0,584100.0
939,2021-10-18 03:34:16,56300.0,200.0,583900.0
940,2021-10-18 03:34:16,56300.0,500.0,583700.0
941,2021-10-18 03:34:16,56300.0,300.0,583200.0
942,2021-10-18 03:34:09,56400.0,100.0,582900.0
943,2021-10-18 03:34:08,56400.0,100.0,582800.0
944,2021-10-18 03:33:59,56400.0,100.0,582700.0
945,2021-10-18 03:33:59,56400.0,200.0,582600.0
946,2021-10-18 03:33:42,56400.0,200.0,582400.0
947,2021-10-18 03:33:41,56400.0,1000.0,582200.0
948,2021-10-18 03:33:30,56400.0,100.0,581200.0
949,2021-10-18 03:33:30,56400.0,100.0,581100.0
950,2021-10-18 03:33:30,56400.0,1500.0,581000.0
951,2021-10-18 03:33:30,56400.0,100.0,579500.0
952,2021-10-18 03:33:12,56400.0,500.0,579400.0
953,2021-10-18 03:32:50,56400.0,500.0,578900.0
954,2021-10-18 03:32:50,56400.0,500.0,578400.0
955,2021-10-18 03:32:45,56400.0,500.0,577900.0
956,2021-10-18 03:32:45,56400.0,500.0,577400.0
957,2021-10-18 03:32:09,56400.0,1000.0,576900.0
958,2021-10-18 03:31:47,56400.0,100.0,575900.0
959,2021-10-18 03:31:47,56400.0,100.0,575800.0
960,2021-10-18 03:31:47,56400.0,1000.0,575700.0
961,2021-10-18 03:31:47,56400.0,100.0,574700.0
962,2021-10-18 03:31:47,56400.0,100.0,574600.0
963,2021-10-18 03:31:47,56400.0,200.0,574500.0
964,2021-10-18 03:31:47,56400.0,100.0,574300.0
965,2021-10-18 03:31:47,56400.0,1000.0,574200.0
966,2021-10-18 03:31:47,56400.0,100.0,573200.0
967,2021-10-18 03:31:47,56400.0,400.0,573100.0
968,2021-10-18 03:31:47,56400.0,200.0,572700.0
969,2021-10-18 03:31:47,56400.0,500.0,572500.0
970,2021-10-18 03:31:47,56400.0,10000.0,572000.0
971,2021-10-18 03:31:47,56400.0,1500.0,562000.0
972,2021-10-18 03:31:47,56400.0,1000.0,560500.0
973,2021-10-18 03:31:47,56400.0,500.0,559500.0
974,2021-10-18 03:31:47,56400.0,100.0,559000.0
975,2021-10-18 03:31:47,56400.0,200.0,558900.0
976,2021-10-18 03:31:47,56400.0,2000.0,558700.0
977,2021-10-18 03:31:24,56400.0,400.0,556700.0
978,2021-10-18 03:31:14,56500.0,1000.0,556300.0
979,2021-10-18 03:30:47,56500.0,100.0,555300.0
980,2021-10-18 03:30:14,56400.0,500.0,555200.0
981,2021-10-18 03:29:48,56400.0,200.0,554700.0
982,2021-10-18 03:29:22,56400.0,3900.0,554500.0
983,2021-10-18 03:29:05,56400.0,500.0,550600.0
984,2021-10-18 03:29:05,56400.0,1000.0,550100.0
985,2021-10-18 03:29:05,56400.0,1500.0,549100.0
986,2021-10-18 03:28:48,56400.0,300.0,547600.0
987,2021-10-18 03:28:48,56400.0,100.0,547300.0
988,2021-10-18 03:28:48,56400.0,100.0,547200.0
989,2021-10-18 03:28:39,56400.0,100.0,547100.0
990,2021-10-18 03:28:30,56400.0,500.0,547000.0
991,2021-10-18 03:28:23,56400.0,300.0,546500.0
992,2021-10-18 03:28:23,56400.0,100.0,546200.0
993,2021-10-18 03:28:12,56400.0,200.0,546100.0
994,2021-10-18 03:28:12,56400.0,300.0,545900.0
995,2021-10-18 03:28:10,56400.0,500.0,545600.0
996,2021-10-18 03:28:07,56400.0,200.0,545100.0
997,2021-10-18 03:27:57,56400.0,100.0,544900.0
998,2021-10-18 03:27:38,56400.0,300.0,544800.0
999,2021-10-18 03:27:35,56400.0,500.0,544500.0
1000,2021-10-18 03:27:12,56400.0,700.0,544000.0
1001,2021-10-18 03:27:02,56400.0,1200.0,543300.0
1002,2021-10-18 03:26:50,56400.0,100.0,542100.0
1003,2021-10-18 03:26:14,56400.0,500.0,542000.0
1004,2021-10-18 03:26:14,56400.0,600.0,541500.0
1005,2021-10-18 03:26:14,56400.0,100.0,540900.0
1006,2021-10-18 03:26:14,56400.0,1000.0,540800.0
1007,2021-10-18 03:26:14,56400.0,300.0,539800.0
1008,2021-10-18 03:26:09,56300.0,100.0,539500.0
1009,2021-10-18 03:26:05,56400.0,1000.0,539400.0
1010,2021-10-18 03:25:57,56400.0,100.0,538400.0
1011,2021-10-18 03:25:53,56400.0,2000.0,538300.0
1012,2021-10-18 03:25:48,56400.0,2500.0,536300.0
1013,2021-10-18 03:25:32,56400.0,100.0,533800.0
1014,2021-10-18 03:25:32,56400.0,2500.0,533700.0
1015,2021-10-18 03:25:32,56400.0,100.0,531200.0
1016,2021-10-18 03:25:32,56400.0,100.0,531100.0
1017,2021-10-18 03:25:32,56400.0,1100.0,531000.0
1018,2021-10-18 03:25:32,56400.0,100.0,529900.0
1019,2021-10-18 03:25:32,56400.0,100.0,529800.0
1020,2021-10-18 03:25:18,56400.0,600.0,529700.0
1021,2021-10-18 03:24:09,56400.0,100.0,529100.0
1022,2021-10-18 03:23:52,56400.0,300.0,529000.0
1023,2021-10-18 03:23:50,56300.0,1000.0,528700.0
1024,2021-10-18 03:23:50,56300.0,300.0,527700.0
1025,2021-10-18 03:23:50,56300.0,100.0,527400.0
1026,2021-10-18 03:23:50,56300.0,700.0,527300.0
1027,2021-10-18 03:23:25,56400.0,3700.0,526600.0
1028,2021-10-18 03:23:25,56400.0,100.0,522900.0
1029,2021-10-18 03:23:25,56400.0,3000.0,522800.0
1030,2021-10-18 03:23:25,56400.0,100.0,519800.0
1031,2021-10-18 03:23:25,56400.0,3100.0,519700.0
1032,2021-10-18 03:23:25,56300.0,300.0,516600.0
1033,2021-10-18 03:23:12,56300.0,200.0,516300.0
1034,2021-10-18 03:23:11,56400.0,200.0,516100.0
1035,2021-10-18 03:23:08,56400.0,100.0,515900.0
1036,2021-10-18 03:23:02,56400.0,100.0,515800.0
1037,2021-10-18 03:22:55,56400.0,100.0,515700.0
1038,2021-10-18 03:22:55,56400.0,100.0,515600.0
1039,2021-10-18 03:22:55,56400.0,100.0,515500.0
1040,2021-10-18 03:22:55,56400.0,200.0,515400.0
1041,2021-10-18 03:22:55,56400.0,100.0,515200.0
1042,2021-10-18 03:22:55,56400.0,300.0,515100.0
1043,2021-10-18 03:22:55,56400.0,100.0,514800.0
1044,2021-10-18 03:22:55,56400.0,100.0,514700.0
1045,2021-10-18 03:22:55,56400.0,1000.0,514600.0
1046,2021-10-18 03:22:55,56400.0,300.0,513600.0
1047,2021-10-18 03:22:55,56400.0,100.0,513300.0
1048,2021-10-18 03:22:55,56400.0,500.0,513200.0
1049,2021-10-18 03:22:55,56400.0,100.0,512700.0
1050,2021-10-18 03:22:55,56400.0,500.0,512600.0
1051,2021-10-18 03:22:55,56400.0,200.0,512100.0
1052,2021-10-18 03:22:55,56400.0,100.0,511900.0
1053,2021-10-18 03:22:55,56400.0,100.0,511800.0
1054,2021-10-18 03:22:55,56400.0,200.0,511700.0
1055,2021-10-18 03:22:55,56400.0,600.0,511500.0
1056,2021-10-18 03:22:52,56400.0,10700.0,510900.0
1057,2021-10-18 03:22:34,56400.0,800.0,500200.0
1058,2021-10-18 03:22:23,56400.0,400.0,499400.0
1059,2021-10-18 03:22:23,56400.0,500.0,499000.0
1060,2021-10-18 03:22:23,56400.0,100.0,498500.0
1061,2021-10-18 03:22:23,56400.0,100.0,498400.0
1062,2021-10-18 03:22:23,56400.0,100.0,498300.0
1063,2021-10-18 03:22:23,56400.0,2000.0,498200.0
1064,2021-10-18 03:22:23,56400.0,100.0,496200.0
1065,2021-10-18 03:22:23,56400.0,500.0,496100.0
1066,2021-10-18 03:22:23,56400.0,500.0,495600.0
1067,2021-10-18 03:22:23,56400.0,2000.0,495100.0
1068,2021-10-18 03:22:23,56400.0,500.0,493100.0
1069,2021-10-18 03:22:23,56400.0,3000.0,492600.0
1070,2021-10-18 03:22:23,56400.0,100.0,489600.0
1071,2021-10-18 03:22:23,56400.0,100.0,489500.0
1072,2021-10-18 03:22:23,56400.0,5000.0,489400.0
1073,2021-10-18 03:22:13,56500.0,10000.0,484400.0
1074,2021-10-18 03:21:47,56500.0,1000.0,474400.0
1075,2021-10-18 03:21:41,56500.0,200.0,473400.0
1076,2021-10-18 03:21:23,56500.0,100.0,473200.0
1077,2021-10-18 03:21:14,56500.0,100.0,473100.0
1078,2021-10-18 03:21:14,56500.0,3000.0,473000.0
1079,2021-10-18 03:21:14,56500.0,500.0,470000.0
1080,2021-10-18 03:21:14,56500.0,100.0,469500.0
1081,2021-10-18 03:21:14,56500.0,200.0,469400.0
1082,2021-10-18 03:21:14,56500.0,100.0,469200.0
1083,2021-10-18 03:21:14,56500.0,1000.0,469100.0
1084,2021-10-18 03:21:14,56500.0,500.0,468100.0
1085,2021-10-18 03:21:14,56500.0,100.0,467600.0
1086,2021-10-18 03:21:14,56500.0,7800.0,467500.0
1087,2021-10-18 03:20:50,56600.0,100.0,459700.0
1088,2021-10-18 03:20:37,56500.0,2200.0,459600.0
1089,2021-10-18 03:20:37,56500.0,100.0,457400.0
1090,2021-10-18 03:20:37,56500.0,100.0,457300.0
1091,2021-10-18 03:20:37,56500.0,100.0,457200.0
1092,2021-10-18 03:20:37,56500.0,700.0,457100.0
1093,2021-10-18 03:20:37,56500.0,1000.0,456400.0
1094,2021-10-18 03:20:37,56500.0,5000.0,455400.0
1095,2021-10-18 03:20:37,56500.0,2000.0,450400.0
1096,2021-10-18 03:20:37,56500.0,100.0,448400.0
1097,2021-10-18 03:20:37,56500.0,100.0,448300.0
1098,2021-10-18 03:20:37,56500.0,7500.0,448200.0
1099,2021-10-18 03:20:30,56600.0,100.0,440700.0
1100,2021-10-18 03:20:29,56500.0,500.0,440600.0
1101,2021-10-18 03:20:23,56500.0,2000.0,440100.0
1102,2021-10-18 03:20:23,56500.0,100.0,438100.0
1103,2021-10-18 03:20:23,56500.0,500.0,438000.0
1104,2021-10-18 03:20:23,56500.0,100.0,437500.0
1105,2021-10-18 03:20:23,56500.0,700.0,437400.0
1106,2021-10-18 03:20:23,56500.0,500.0,436700.0
1107,2021-10-18 03:20:23,56500.0,100.0,436200.0
1108,2021-10-18 03:20:23,56500.0,100.0,436100.0
1109,2021-10-18 03:20:23,56500.0,1000.0,436000.0
1110,2021-10-18 03:20:23,56500.0,500.0,435000.0
1111,2021-10-18 03:20:23,56500.0,2000.0,434500.0
1112,2021-10-18 03:20:23,56500.0,100.0,432500.0
1113,2021-10-18 03:20:23,56500.0,100.0,432400.0
1114,2021-10-18 03:20:23,56500.0,1000.0,432300.0
1115,2021-10-18 03:20:23,56500.0,100.0,431300.0
1116,2021-10-18 03:20:23,56500.0,100.0,431200.0
1117,2021-10-18 03:20:23,56500.0,100.0,431100.0
1118,2021-10-18 03:20:23,56500.0,200.0,431000.0
1119,2021-10-18 03:20:23,56500.0,200.0,430800.0
1120,2021-10-18 03:20:23,56500.0,200.0,430600.0
1121,2021-10-18 03:20:23,56500.0,200.0,430400.0
1122,2021-10-18 03:20:23,56500.0,100.0,430200.0
1123,2021-10-18 03:20:21,56500.0,100.0,430100.0
1124,2021-10-18 03:20:21,56500.0,200.0,430000.0
1125,2021-10-18 03:20:21,56500.0,100.0,429800.0
1126,2021-10-18 03:20:21,56500.0,2000.0,429700.0
1127,2021-10-18 03:20:21,56500.0,100.0,427700.0
1128,2021-10-18 03:20:21,56500.0,100.0,427600.0
1129,2021-10-18 03:20:21,56500.0,1000.0,427500.0
1130,2021-10-18 03:20:21,56500.0,200.0,426500.0
1131,2021-10-18 03:20:21,56500.0,1200.0,426300.0
1132,2021-10-18 03:20:19,56600.0,100.0,425100.0
1133,2021-10-18 03:19:52,56500.0,100.0,425000.0
1134,2021-10-18 03:19:48,56500.0,3700.0,424900.0
1135,2021-10-18 03:19:48,56500.0,100.0,421200.0
1136,2021-10-18 03:19:48,56500.0,500.0,421100.0
1137,2021-10-18 03:19:48,56500.0,300.0,420600.0
1138,2021-10-18 03:19:48,56500.0,100.0,420300.0
1139,2021-10-18 03:19:48,56500.0,100.0,420200.0
1140,2021-10-18 03:19:48,56500.0,100.0,420100.0
1141,2021-10-18 03:19:48,56500.0,100.0,420000.0
1142,2021-10-18 03:19:48,56500.0,5000.0,419900.0
1143,2021-10-18 03:19:25,56500.0,5000.0,414900.0
1144,2021-10-18 03:19:25,56500.0,200.0,409900.0
1145,2021-10-18 03:19:25,56500.0,500.0,409700.0
1146,2021-10-18 03:19:25,56500.0,2000.0,409200.0
1147,2021-10-18 03:19:25,56500.0,100.0,407200.0
1148,2021-10-18 03:19:25,56500.0,100.0,407100.0
1149,2021-10-18 03:19:25,56500.0,1000.0,407000.0
1150,2021-10-18 03:19:25,56500.0,100.0,406000.0
1151,2021-10-18 03:19:25,56500.0,1000.0,405900.0
1152,2021-10-18 03:19:25,56500.0,1000.0,404900.0
1153,2021-10-18 03:19:24,56500.0,1000.0,403900.0
1154,2021-10-18 03:19:24,56500.0,500.0,402900.0
1155,2021-10-18 03:19:24,56500.0,500.0,402400.0
1156,2021-10-18 03:18:59,56500.0,2000.0,401900.0
1157,2021-10-18 03:18:59,56500.0,1000.0,399900.0
1158,2021-10-18 03:18:59,56500.0,300.0,398900.0
1159,2021-10-18 03:18:59,56500.0,200.0,398600.0
1160,2021-10-18 03:18:59,56500.0,100.0,398400.0
1161,2021-10-18 03:18:59,56500.0,100.0,398300.0
1162,2021-10-18 03:18:59,56500.0,10000.0,398200.0
1163,2021-10-18 03:18:59,56500.0,100.0,388200.0
1164,2021-10-18 03:18:59,56500.0,500.0,388100.0
1165,2021-10-18 03:18:59,56500.0,700.0,387600.0
1166,2021-10-18 03:18:57,56600.0,900.0,386900.0
1167,2021-10-18 03:18:53,56600.0,1100.0,386000.0
1168,2021-10-18 03:18:44,56500.0,300.0,384900.0
1169,2021-10-18 03:18:44,56500.0,100.0,384600.0
1170,2021-10-18 03:18:44,56500.0,300.0,384500.0
1171,2021-10-18 03:18:43,56600.0,200.0,384200.0
1172,2021-10-18 03:18:07,56600.0,100.0,384000.0
1173,2021-10-18 03:18:07,56600.0,100.0,383900.0
1174,2021-10-18 03:18:00,56600.0,100.0,383800.0
1175,2021-10-18 03:18:00,56600.0,100.0,383700.0
1176,2021-10-18 03:17:51,56600.0,2000.0,383600.0
1177,2021-10-18 03:17:48,56600.0,2000.0,381600.0
1178,2021-10-18 03:17:24,56600.0,3000.0,379600.0
1179,2021-10-18 03:17:17,56600.0,500.0,376600.0
1180,2021-10-18 03:17:03,56600.0,1700.0,376100.0
1181,2021-10-18 03:16:45,56600.0,700.0,374400.0
1182,2021-10-18 03:16:45,56600.0,100.0,373700.0
1183,2021-10-18 03:16:45,56600.0,200.0,373600.0
1184,2021-10-18 03:16:38,56600.0,800.0,373400.0
1185,2021-10-18 03:16:38,56600.0,100.0,372600.0
1186,2021-10-18 03:16:38,56600.0,200.0,372500.0
1187,2021-10-18 03:16:38,56600.0,500.0,372300.0
1188,2021-10-18 03:16:38,56600.0,2000.0,371800.0
1189,2021-10-18 03:16:38,56600.0,1000.0,369800.0
1190,2021-10-18 03:16:38,56600.0,600.0,368800.0
1191,2021-10-18 03:16:36,56600.0,300.0,368200.0
1192,2021-10-18 03:16:21,56600.0,100.0,367900.0
1193,2021-10-18 03:16:14,56600.0,500.0,367800.0
1194,2021-10-18 03:15:42,56600.0,5000.0,367300.0
1195,2021-10-18 03:15:41,56600.0,100.0,362300.0
1196,2021-10-18 03:15:35,56600.0,300.0,362200.0
1197,2021-10-18 03:15:00,56600.0,2500.0,361900.0
1198,2021-10-18 03:14:11,56700.0,500.0,359400.0
1199,2021-10-18 03:13:17,56700.0,100.0,358900.0
1200,2021-10-18 03:13:06,56600.0,600.0,358800.0
1201,2021-10-18 03:13:06,56600.0,100.0,358200.0
1202,2021-10-18 03:13:06,56600.0,300.0,358100.0
1203,2021-10-18 03:12:30,56600.0,100.0,357800.0
1204,2021-10-18 03:12:03,56600.0,600.0,357700.0
1205,2021-10-18 03:12:03,56600.0,4400.0,357100.0
1206,2021-10-18 03:11:58,56600.0,600.0,352700.0
1207,2021-10-18 03:11:41,56600.0,100.0,352100.0
1208,2021-10-18 03:11:10,56600.0,4900.0,352000.0
1209,2021-10-18 03:11:10,56600.0,100.0,347100.0
1210,2021-10-18 03:11:10,56600.0,200.0,347000.0
1211,2021-10-18 03:11:10,56600.0,300.0,346800.0
1212,2021-10-18 03:11:10,56600.0,300.0,346500.0
1213,2021-10-18 03:11:10,56600.0,100.0,346200.0
1214,2021-10-18 03:11:10,56600.0,1000.0,346100.0
1215,2021-10-18 03:11:10,56600.0,2000.0,345100.0
1216,2021-10-18 03:11:10,56600.0,100.0,343100.0
1217,2021-10-18 03:11:10,56600.0,200.0,343000.0
1218,2021-10-18 03:11:10,56600.0,2800.0,342800.0
1219,2021-10-18 03:10:40,56600.0,2000.0,340000.0
1220,2021-10-18 03:10:20,56600.0,100.0,338000.0
1221,2021-10-18 03:10:02,56600.0,200.0,337900.0
1222,2021-10-18 03:09:56,56600.0,300.0,337700.0
1223,2021-10-18 03:09:40,56600.0,400.0,337400.0
1224,2021-10-18 03:08:57,56700.0,200.0,337000.0
1225,2021-10-18 03:08:26,56600.0,200.0,336800.0
1226,2021-10-18 03:08:15,56600.0,1000.0,336600.0
1227,2021-10-18 03:07:57,56600.0,100.0,335600.0
1228,2021-10-18 03:07:22,56600.0,100.0,335500.0
1229,2021-10-18 03:07:04,56600.0,100.0,335400.0
1230,2021-10-18 03:06:22,56600.0,500.0,335300.0
1231,2021-10-18 03:06:10,56600.0,1000.0,334800.0
1232,2021-10-18 03:05:42,56600.0,1200.0,333800.0
1233,2021-10-18 03:05:29,56600.0,500.0,332600.0
1234,2021-10-18 03:05:29,56600.0,700.0,332100.0
1235,2021-10-18 03:05:14,56600.0,700.0,331400.0
1236,2021-10-18 03:05:13,56600.0,600.0,330700.0
1237,2021-10-18 03:05:13,56600.0,300.0,330100.0
1238,2021-10-18 03:05:13,56600.0,100.0,329800.0
1239,2021-10-18 03:04:44,56600.0,300.0,329700.0
1240,2021-10-18 03:04:44,56600.0,500.0,329400.0
1241,2021-10-18 03:04:44,56600.0,5000.0,328900.0
1242,2021-10-18 03:04:44,56600.0,200.0,323900.0
1243,2021-10-18 03:04:44,56600.0,4000.0,323700.0
1244,2021-10-18 03:04:32,56700.0,100.0,319700.0
1245,2021-10-18 03:03:58,56600.0,700.0,319600.0
1246,2021-10-18 03:03:31,56700.0,100.0,318900.0
1247,2021-10-18 03:03:07,56700.0,1400.0,318800.0
1248,2021-10-18 03:03:07,56700.0,100.0,317400.0
1249,2021-10-18 03:03:07,56700.0,500.0,317300.0
1250,2021-10-18 03:02:47,56700.0,1000.0,316800.0
1251,2021-10-18 03:02:43,56600.0,1000.0,315800.0
1252,2021-10-18 03:02:43,56600.0,2000.0,314800.0
1253,2021-10-18 03:02:43,56600.0,2300.0,312800.0
1254,2021-10-18 03:02:18,56500.0,200.0,310500.0
1255,2021-10-18 03:02:16,56600.0,1000.0,310300.0
1256,2021-10-18 03:02:10,56500.0,500.0,309300.0
1257,2021-10-18 03:02:10,56500.0,100.0,308800.0
1258,2021-10-18 03:02:10,56500.0,100.0,308700.0
1259,2021-10-18 03:02:10,56500.0,100.0,308600.0
1260,2021-10-18 03:02:10,56500.0,500.0,308500.0
1261,2021-10-18 03:02:10,56500.0,200.0,308000.0
1262,2021-10-18 03:02:10,56500.0,100.0,307800.0
1263,2021-10-18 03:02:10,56500.0,800.0,307700.0
1264,2021-10-18 03:02:10,56500.0,3000.0,306900.0
1265,2021-10-18 03:02:10,56500.0,1000.0,303900.0
1266,2021-10-18 03:02:10,56500.0,100.0,302900.0
1267,2021-10-18 03:02:10,56500.0,5000.0,302800.0
1268,2021-10-18 03:02:10,56500.0,200.0,297800.0
1269,2021-10-18 03:02:10,56500.0,100.0,297600.0
1270,2021-10-18 03:02:10,56500.0,200.0,297500.0
1271,2021-10-18 03:02:10,56500.0,100.0,297300.0
1272,2021-10-18 03:02:10,56500.0,300.0,297200.0
1273,2021-10-18 03:02:10,56500.0,500.0,296900.0
1274,2021-10-18 03:02:10,56500.0,100.0,296400.0
1275,2021-10-18 03:02:10,56500.0,100.0,296300.0
1276,2021-10-18 03:02:10,56500.0,100.0,296200.0
1277,2021-10-18 03:02:10,56500.0,100.0,296100.0
1278,2021-10-18 03:02:10,56500.0,1600.0,296000.0
1279,2021-10-18 03:02:10,56500.0,100.0,294400.0
1280,2021-10-18 03:02:07,56600.0,700.0,294300.0
1281,2021-10-18 03:02:00,56600.0,200.0,293600.0
1282,2021-10-18 03:01:51,56600.0,1200.0,293400.0
1283,2021-10-18 03:01:42,56600.0,100.0,292200.0
1284,2021-10-18 03:01:42,56600.0,2000.0,292100.0
1285,2021-10-18 03:01:42,56600.0,200.0,290100.0
1286,2021-10-18 03:01:42,56600.0,500.0,289900.0
1287,2021-10-18 03:01:42,56600.0,200.0,289400.0
1288,2021-10-18 03:01:42,56600.0,100.0,289200.0
1289,2021-10-18 03:01:42,56600.0,1000.0,289100.0
1290,2021-10-18 03:01:42,56600.0,200.0,288100.0
1291,2021-10-18 03:01:42,56600.0,300.0,287900.0
1292,2021-10-18 03:01:32,56600.0,700.0,287600.0
1293,2021-10-18 03:01:32,56600.0,100.0,286900.0
1294,2021-10-18 03:01:32,56600.0,100.0,286800.0
1295,2021-10-18 03:01:32,56600.0,500.0,286700.0
1296,2021-10-18 03:01:32,56600.0,700.0,286200.0
1297,2021-10-18 03:01:14,56600.0,1000.0,285500.0
1298,2021-10-18 03:01:06,56600.0,300.0,284500.0
1299,2021-10-18 03:01:06,56600.0,100.0,284200.0
1300,2021-10-18 03:01:06,56600.0,100.0,284100.0
1301,2021-10-18 03:01:06,56600.0,500.0,284000.0
1302,2021-10-18 03:00:32,56600.0,500.0,283500.0
1303,2021-10-18 03:00:32,56600.0,300.0,283000.0
1304,2021-10-18 03:00:32,56600.0,100.0,282700.0
1305,2021-10-18 03:00:32,56600.0,100.0,282600.0
1306,2021-10-18 03:00:32,56600.0,1000.0,282500.0
1307,2021-10-18 03:00:32,56600.0,300.0,281500.0
1308,2021-10-18 03:00:32,56600.0,1000.0,281200.0
1309,2021-10-18 03:00:32,56600.0,100.0,280200.0
1310,2021-10-18 03:00:32,56600.0,1000.0,280100.0
1311,2021-10-18 03:00:32,56600.0,100.0,279100.0
1312,2021-10-18 03:00:32,56600.0,100.0,279000.0
1313,2021-10-18 03:00:32,56600.0,100.0,278900.0
1314,2021-10-18 03:00:32,56600.0,100.0,278800.0
1315,2021-10-18 02:59:49,56700.0,200.0,278700.0
1316,2021-10-18 02:59:16,56700.0,1000.0,278500.0
1317,2021-10-18 02:59:05,56700.0,500.0,277500.0
1318,2021-10-18 02:58:56,56600.0,900.0,277000.0
1319,2021-10-18 02:58:56,56600.0,100.0,276100.0
1320,2021-10-18 02:58:56,56600.0,200.0,276000.0
1321,2021-10-18 02:58:56,56600.0,1000.0,275800.0
1322,2021-10-18 02:58:56,56600.0,300.0,274800.0
1323,2021-10-18 02:58:56,56600.0,200.0,274500.0
1324,2021-10-18 02:58:56,56600.0,100.0,274300.0
1325,2021-10-18 02:58:56,56600.0,200.0,274200.0
1326,2021-10-18 02:58:45,56600.0,800.0,274000.0
1327,2021-10-18 02:58:45,56600.0,100.0,273200.0
1328,2021-10-18 02:58:45,56600.0,100.0,273100.0
1329,2021-10-18 02:58:45,56600.0,400.0,273000.0
1330,2021-10-18 02:58:43,56600.0,600.0,272600.0
1331,2021-10-18 02:58:43,56600.0,400.0,272000.0
1332,2021-10-18 02:58:28,56600.0,100.0,271600.0
1333,2021-10-18 02:58:28,56600.0,200.0,271500.0
1334,2021-10-18 02:57:56,56600.0,100.0,271300.0
1335,2021-10-18 02:57:29,56600.0,100.0,271200.0
1336,2021-10-18 02:57:29,56600.0,200.0,271100.0
1337,2021-10-18 02:57:29,56600.0,100.0,270900.0
1338,2021-10-18 02:57:23,56600.0,100.0,270800.0
1339,2021-10-18 02:56:40,56600.0,900.0,270700.0
1340,2021-10-18 02:56:40,56600.0,500.0,269800.0
1341,2021-10-18 02:56:40,56600.0,100.0,269300.0
1342,2021-10-18 02:56:40,56600.0,100.0,269200.0
1343,2021-10-18 02:56:40,56600.0,200.0,269100.0
1344,2021-10-18 02:56:40,56600.0,100.0,268900.0
1345,2021-10-18 02:56:40,56600.0,100.0,268800.0
1346,2021-10-18 02:56:38,56600.0,2900.0,268700.0
1347,2021-10-18 02:56:38,56600.0,100.0,265800.0
1348,2021-10-18 02:56:23,56600.0,100.0,265700.0
1349,2021-10-18 02:56:23,56600.0,200.0,265600.0
1350,2021-10-18 02:56:05,56600.0,500.0,265400.0
1351,2021-10-18 02:55:42,56600.0,300.0,264900.0
1352,2021-10-18 02:55:42,56600.0,100.0,264600.0
1353,2021-10-18 02:55:25,56600.0,500.0,264500.0
1354,2021-10-18 02:54:24,56600.0,500.0,264000.0
1355,2021-10-18 02:54:02,56600.0,1000.0,263500.0
1356,2021-10-18 02:53:59,56600.0,100.0,262500.0
1357,2021-10-18 02:53:13,56600.0,2000.0,262400.0
1358,2021-10-18 02:52:55,56600.0,800.0,260400.0
1359,2021-10-18 02:52:55,56600.0,200.0,259600.0
1360,2021-10-18 02:52:32,56600.0,300.0,259400.0
1361,2021-10-18 02:52:32,56600.0,300.0,259100.0
1362,2021-10-18 02:52:32,56600.0,200.0,258800.0
1363,2021-10-18 02:52:32,56600.0,500.0,258600.0
1364,2021-10-18 02:52:28,56600.0,500.0,258100.0
1365,2021-10-18 02:51:27,56600.0,100.0,257600.0
1366,2021-10-18 02:51:27,56600.0,1000.0,257500.0
1367,2021-10-18 02:51:22,56700.0,200.0,256500.0
1368,2021-10-18 02:51:07,56600.0,100.0,256300.0
1369,2021-10-18 02:51:07,56600.0,100.0,256200.0
1370,2021-10-18 02:51:07,56600.0,200.0,256100.0
1371,2021-10-18 02:51:07,56600.0,800.0,255900.0
1372,2021-10-18 02:50:44,56700.0,1000.0,255100.0
1373,2021-10-18 02:50:44,56700.0,500.0,254100.0
1374,2021-10-18 02:50:44,56700.0,200.0,253600.0
1375,2021-10-18 02:50:44,56700.0,200.0,253400.0
1376,2021-10-18 02:50:44,56700.0,100.0,253200.0
1377,2021-10-18 02:50:44,56700.0,100.0,253100.0
1378,2021-10-18 02:50:44,56700.0,200.0,253000.0
1379,2021-10-18 02:50:44,56700.0,200.0,252800.0
1380,2021-10-18 02:50:44,56700.0,400.0,252600.0
1381,2021-10-18 02:50:44,56700.0,500.0,252200.0
1382,2021-10-18 02:50:44,56700.0,3000.0,251700.0
1383,2021-10-18 02:50:44,56700.0,8900.0,248700.0
1384,2021-10-18 02:50:27,56800.0,200.0,239800.0
1385,2021-10-18 02:50:16,56800.0,4100.0,239600.0
1386,2021-10-18 02:50:16,56800.0,100.0,235500.0
1387,2021-10-18 02:50:16,56800.0,800.0,235400.0
1388,2021-10-18 02:50:00,56800.0,500.0,234600.0
1389,2021-10-18 02:49:15,56800.0,9700.0,234100.0
1390,2021-10-18 02:49:15,56800.0,300.0,224400.0
1391,2021-10-18 02:49:02,56800.0,1000.0,224100.0
1392,2021-10-18 02:48:30,56800.0,1000.0,223100.0
1393,2021-10-18 02:48:07,56800.0,3000.0,222100.0
1394,2021-10-18 02:48:07,56800.0,5000.0,219100.0
1395,2021-10-18 02:48:07,56800.0,200.0,214100.0
1396,2021-10-18 02:48:07,56800.0,500.0,213900.0
1397,2021-10-18 02:47:55,56800.0,500.0,213400.0
1398,2021-10-18 02:47:50,56800.0,900.0,212900.0
1399,2021-10-18 02:47:35,56800.0,3000.0,212000.0
1400,2021-10-18 02:47:28,56800.0,100.0,209000.0
1401,2021-10-18 02:47:28,56800.0,300.0,208900.0
1402,2021-10-18 02:47:23,56900.0,600.0,208600.0
1403,2021-10-18 02:47:23,56900.0,400.0,208000.0
1404,2021-10-18 02:46:49,56800.0,100.0,207600.0
1405,2021-10-18 02:46:23,56800.0,100.0,207500.0
1406,2021-10-18 02:46:13,56800.0,3000.0,207400.0
1407,2021-10-18 02:45:18,56800.0,500.0,204400.0
1408,2021-10-18 02:45:18,56800.0,100.0,203900.0
1409,2021-10-18 02:45:18,56800.0,200.0,203800.0
1410,2021-10-18 02:45:18,56800.0,200.0,203600.0
1411,2021-10-18 02:45:18,56800.0,20000.0,203400.0
1412,2021-10-18 02:45:18,56800.0,1100.0,183400.0
1413,2021-10-18 02:45:18,56800.0,100.0,182300.0
1414,2021-10-18 02:45:18,56800.0,3000.0,182200.0
1415,2021-10-18 02:45:18,56800.0,1800.0,179200.0
1416,2021-10-18 02:44:32,56800.0,300.0,177400.0
1417,2021-10-18 02:44:27,56700.0,500.0,177100.0
1418,2021-10-18 02:44:20,56800.0,500.0,176600.0
1419,2021-10-18 02:43:51,56800.0,2400.0,176100.0
1420,2021-10-18 02:43:51,56800.0,5000.0,173700.0
1421,2021-10-18 02:43:51,56800.0,200.0,168700.0
1422,2021-10-18 02:43:51,56800.0,2000.0,168500.0
1423,2021-10-18 02:43:51,56800.0,1500.0,166500.0
1424,2021-10-18 02:43:51,56800.0,3000.0,165000.0
1425,2021-10-18 02:43:51,56800.0,3000.0,162000.0
1426,2021-10-18 02:43:51,56800.0,100.0,159000.0
1427,2021-10-18 02:43:51,56800.0,2800.0,158900.0
1428,2021-10-18 02:43:05,56800.0,2100.0,156100.0
1429,2021-10-18 02:42:41,56700.0,600.0,154000.0
1430,2021-10-18 02:42:26,56700.0,100.0,153400.0
1431,2021-10-18 02:42:03,56700.0,500.0,153300.0
1432,2021-10-18 02:41:31,56800.0,5000.0,152800.0
1433,2021-10-18 02:41:14,56700.0,500.0,147800.0
1434,2021-10-18 02:41:07,56800.0,100.0,147300.0
1435,2021-10-18 02:41:07,56800.0,1900.0,147200.0
1436,2021-10-18 02:39:59,56800.0,200.0,145300.0
1437,2021-10-18 02:39:54,56800.0,900.0,145100.0
1438,2021-10-18 02:39:35,56800.0,1000.0,144200.0
1439,2021-10-18 02:39:35,56800.0,100.0,143200.0
1440,2021-10-18 02:39:35,56800.0,5600.0,143100.0
1441,2021-10-18 02:39:35,56800.0,2400.0,137500.0
1442,2021-10-18 02:39:22,56800.0,500.0,135100.0
1443,2021-10-18 02:39:22,56700.0,500.0,134600.0
1444,2021-10-18 02:39:09,56700.0,200.0,134100.0
1445,2021-10-18 02:39:09,56700.0,1000.0,133900.0
1446,2021-10-18 02:39:09,56700.0,300.0,132900.0
1447,2021-10-18 02:38:46,56800.0,100.0,132600.0
1448,2021-10-18 02:38:46,56800.0,1000.0,132500.0
1449,2021-10-18 02:38:46,56800.0,3900.0,131500.0
1450,2021-10-18 02:38:33,56700.0,200.0,127600.0
1451,2021-10-18 02:38:25,56700.0,500.0,127400.0
1452,2021-10-18 02:38:24,56800.0,100.0,126900.0
1453,2021-10-18 02:38:19,56700.0,300.0,126800.0
1454,2021-10-18 02:38:19,56700.0,100.0,126500.0
1455,2021-10-18 02:38:19,56700.0,100.0,126400.0
1456,2021-10-18 02:38:09,56700.0,100.0,126300.0
1457,2021-10-18 02:38:09,56700.0,300.0,126200.0
1458,2021-10-18 02:38:09,56700.0,100.0,125900.0
1459,2021-10-18 02:38:09,56700.0,600.0,125800.0
1460,2021-10-18 02:37:50,56800.0,1000.0,125200.0
1461,2021-10-18 02:37:50,56800.0,1000.0,124200.0
1462,2021-10-18 02:37:50,56800.0,1000.0,123200.0
1463,2021-10-18 02:37:50,56800.0,1000.0,122200.0
1464,2021-10-18 02:37:50,56800.0,500.0,121200.0
1465,2021-10-18 02:37:50,56800.0,500.0,120700.0
1466,2021-10-18 02:37:47,56800.0,500.0,120200.0
1467,2021-10-18 02:37:30,56800.0,500.0,119700.0
1468,2021-10-18 02:37:30,56800.0,200.0,119200.0
1469,2021-10-18 02:37:22,56900.0,100.0,119000.0
1470,2021-10-18 02:36:28,56800.0,100.0,118900.0
1471,2021-10-18 02:35:45,56900.0,300.0,118800.0
1472,2021-10-18 02:35:35,56800.0,100.0,118500.0
1473,2021-10-18 02:35:15,56800.0,500.0,118400.0
1474,2021-10-18 02:35:15,56800.0,100.0,117900.0
1475,2021-10-18 02:35:15,56800.0,100.0,117800.0
1476,2021-10-18 02:35:15,56800.0,100.0,117700.0
1477,2021-10-18 02:35:15,56800.0,100.0,117600.0
1478,2021-10-18 02:35:15,56800.0,200.0,117500.0
1479,2021-10-18 02:35:15,56800.0,500.0,117300.0
1480,2021-10-18 02:35:15,56800.0,300.0,116800.0
1481,2021-10-18 02:35:15,56800.0,5000.0,116500.0
1482,2021-10-18 02:35:15,56800.0,400.0,111500.0
1483,2021-10-18 02:35:04,56800.0,200.0,111100.0
1484,2021-10-18 02:35:03,56700.0,100.0,110900.0
1485,2021-10-18 02:34:50,56700.0,100.0,110800.0
1486,2021-10-18 02:34:30,56700.0,500.0,110700.0
1487,2021-10-18 02:34:24,56700.0,100.0,110200.0
1488,2021-10-18 02:34:24,56700.0,700.0,110100.0
1489,2021-10-18 02:34:04,56700.0,100.0,109400.0
1490,2021-10-18 02:34:00,56700.0,4200.0,109300.0
1491,2021-10-18 02:34:00,56700.0,2800.0,105100.0
1492,2021-10-18 02:33:59,56700.0,1000.0,102300.0
1493,2021-10-18 02:33:45,56700.0,1000.0,101300.0
1494,2021-10-18 02:33:45,56700.0,200.0,100300.0
1495,2021-10-18 02:33:45,56700.0,1500.0,100100.0
1496,2021-10-18 02:33:45,56700.0,400.0,98600.0
1497,2021-10-18 02:33:45,56700.0,100.0,98200.0
1498,2021-10-18 02:33:45,56700.0,3000.0,98100.0
1499,2021-10-18 02:33:39,56700.0,2000.0,95100.0
1500,2021-10-18 02:33:39,56700.0,100.0,93100.0
1501,2021-10-18 02:33:39,56700.0,1000.0,93000.0
1502,2021-10-18 02:33:39,56700.0,1900.0,92000.0
1503,2021-10-18 02:33:14,56700.0,1000.0,90100.0
1504,2021-10-18 02:33:10,56700.0,1000.0,89100.0
1505,2021-10-18 02:33:09,56800.0,200.0,88100.0
1506,2021-10-18 02:32:43,56700.0,200.0,87900.0
1507,2021-10-18 02:32:38,56700.0,300.0,87700.0
1508,2021-10-18 02:32:35,56700.0,200.0,87400.0
1509,2021-10-18 02:32:31,56700.0,600.0,87200.0
1510,2021-10-18 02:31:14,56700.0,4800.0,86600.0
1511,2021-10-18 02:31:08,56700.0,6200.0,81800.0
1512,2021-10-18 02:31:05,56700.0,1800.0,75600.0
1513,2021-10-18 02:30:46,56700.0,1000.0,73800.0
1514,2021-10-18 02:30:17,56700.0,300.0,72800.0
1515,2021-10-18 02:30:15,56700.0,700.0,72500.0
1516,2021-10-18 02:30:15,56700.0,100.0,71800.0
1517,2021-10-18 02:30:15,56700.0,200.0,71700.0
1518,2021-10-18 02:30:08,56800.0,200.0,71500.0
1519,2021-10-18 02:30:08,56800.0,1000.0,71300.0
1520,2021-10-18 02:30:08,56800.0,100.0,70300.0
1521,2021-10-18 02:30:08,56800.0,100.0,70200.0
1522,2021-10-18 02:29:59,56700.0,100.0,70100.0
1523,2021-10-18 02:29:59,56700.0,900.0,70000.0
1524,2021-10-18 02:29:35,56700.0,100.0,69100.0
1525,2021-10-18 02:29:35,56700.0,100.0,69000.0
1526,2021-10-18 02:29:20,56700.0,400.0,68900.0
1527,2021-10-18 02:29:20,56700.0,1000.0,68500.0
1528,2021-10-18 02:29:20,56700.0,1000.0,67500.0
1529,2021-10-18 02:29:20,56700.0,100.0,66500.0
1530,2021-10-18 02:29:20,56700.0,500.0,66400.0
1531,2021-10-18 02:28:44,56700.0,500.0,65900.0
1532,2021-10-18 02:28:44,56700.0,200.0,65400.0
1533,2021-10-18 02:28:44,56700.0,200.0,65200.0
1534,2021-10-18 02:28:44,56700.0,100.0,65000.0
1535,2021-10-18 02:28:12,56800.0,100.0,64900.0
1536,2021-10-18 02:28:12,56800.0,900.0,64800.0
1537,2021-10-18 02:28:07,56800.0,1000.0,63900.0
1538,2021-10-18 02:27:55,56800.0,2000.0,62900.0
1539,2021-10-18 02:27:51,56700.0,1400.0,60900.0
1540,2021-10-18 02:27:51,56700.0,500.0,59500.0
1541,2021-10-18 02:27:51,56700.0,100.0,59000.0
1542,2021-10-18 02:26:53,56700.0,900.0,58900.0
1543,2021-10-18 02:26:53,56700.0,100.0,58000.0
1544,2021-10-18 02:26:53,56700.0,300.0,57900.0
1545,2021-10-18 02:26:46,56700.0,100.0,57600.0
1546,2021-10-18 02:26:05,56700.0,600.0,57500.0
1547,2021-10-18 02:26:05,56700.0,100.0,56900.0
1548,2021-10-18 02:26:05,56700.0,500.0,56800.0
1549,2021-10-18 02:26:05,56700.0,100.0,56300.0
1550,2021-10-18 02:26:05,56700.0,2700.0,56200.0
1551,2021-10-18 02:25:50,56700.0,200.0,53500.0
1552,2021-10-18 02:25:48,56700.0,500.0,53300.0
1553,2021-10-18 02:25:28,56700.0,100.0,52800.0
1554,2021-10-18 02:25:09,56700.0,500.0,52700.0
1555,2021-10-18 02:25:02,56800.0,1000.0,52200.0
1556,2021-10-18 02:24:57,56800.0,100.0,51200.0
1557,2021-10-18 02:24:57,56800.0,100.0,51100.0
1558,2021-10-18 02:24:14,56800.0,200.0,51000.0
1559,2021-10-18 02:24:11,56900.0,200.0,50800.0
1560,2021-10-18 02:24:11,56900.0,200.0,50600.0
1561,2021-10-18 02:24:11,56900.0,100.0,50400.0
1562,2021-10-18 02:24:08,56600.0,600.0,50300.0
1563,2021-10-18 02:24:08,56700.0,100.0,49700.0
1564,2021-10-18 02:24:08,56700.0,100.0,49600.0
1565,2021-10-18 02:24:08,56700.0,1000.0,49500.0
1566,2021-10-18 02:24:08,56800.0,500.0,48500.0
1567,2021-10-18 02:24:08,56800.0,1000.0,48000.0
1568,2021-10-18 02:24:08,56800.0,500.0,47000.0
1569,2021-10-18 02:24:08,56800.0,100.0,46500.0
1570,2021-10-18 02:24:08,56800.0,100.0,46400.0
1571,2021-10-18 02:24:08,56800.0,500.0,46300.0
1572,2021-10-18 02:24:08,56800.0,500.0,45800.0
1573,2021-10-18 02:24:04,56900.0,200.0,45300.0
1574,2021-10-18 02:24:04,56900.0,800.0,45100.0
1575,2021-10-18 02:23:50,56900.0,200.0,44300.0
1576,2021-10-18 02:23:34,56900.0,1000.0,44100.0
1577,2021-10-18 02:23:08,56900.0,3000.0,43100.0
1578,2021-10-18 02:23:08,56900.0,2000.0,40100.0
1579,2021-10-18 02:22:48,56800.0,500.0,38100.0
1580,2021-10-18 02:22:48,56800.0,500.0,37600.0
1581,2021-10-18 02:22:24,56800.0,500.0,37100.0
1582,2021-10-18 02:22:01,56900.0,300.0,36600.0
1583,2021-10-18 02:22:01,56900.0,600.0,36300.0
1584,2021-10-18 02:20:52,56900.0,2000.0,35700.0
1585,2021-10-18 02:20:41,56900.0,400.0,33700.0
1586,2021-10-18 02:20:41,56900.0,100.0,33300.0
1587,2021-10-18 02:20:14,56800.0,500.0,33200.0
1588,2021-10-18 02:20:14,56800.0,4000.0,32700.0
1589,2021-10-18 02:19:50,56800.0,1000.0,28700.0
1590,2021-10-18 02:19:22,56900.0,900.0,27700.0
1591,2021-10-18 02:19:22,56800.0,100.0,26800.0
1592,2021-10-18 02:19:01,56800.0,100.0,26700.0
1593,2021-10-18 02:18:38,56800.0,2000.0,26600.0
1594,2021-10-18 02:18:23,56800.0,200.0,24600.0
1595,2021-10-18 02:18:23,56800.0,300.0,24400.0
1596,2021-10-18 02:18:23,56800.0,2500.0,24100.0
1597,2021-10-18 02:18:14,56600.0,1100.0,21600.0
1598,2021-10-18 02:17:56,56600.0,2500.0,20500.0
1599,2021-10-18 02:17:56,56600.0,100.0,18000.0
1600,2021-10-18 02:17:56,56600.0,500.0,17900.0
1601,2021-10-18 02:17:56,56600.0,100.0,17400.0
1602,2021-10-18 02:17:56,56600.0,100.0,17300.0
1603,2021-10-18 02:17:56,56600.0,200.0,17200.0
1604,2021-10-18 02:17:56,56600.0,100.0,17000.0
1605,2021-10-18 02:17:56,56600.0,100.0,16900.0
1606,2021-10-18 02:17:56,56600.0,100.0,16800.0
1607,2021-10-18 02:17:51,56800.0,100.0,16700.0
1608,2021-10-18 02:17:49,56800.0,1100.0,16600.0
1609,2021-10-18 02:17:37,56800.0,300.0,15500.0
1610,2021-10-18 02:17:34,56800.0,1000.0,15200.0
1611,2021-10-18 02:17:31,56800.0,200.0,14200.0
1612,2021-10-18 02:17:31,56800.0,1000.0,14000.0
1613,2021-10-18 02:17:31,56800.0,3000.0,13000.0
1614,2021-10-18 02:17:31,56800.0,100.0,10000.0
1615,2021-10-18 02:17:31,56800.0,1600.0,9900.0
1616,2021-10-18 02:16:58,56800.0,400.0,8300.0
1617,2021-10-18 02:16:58,56800.0,100.0,7900.0
1618,2021-10-18 02:16:02,56800.0,900.0,7800.0
1619,2021-10-18 02:16:02,56800.0,100.0,6900.0
1620,2021-10-18 02:15:39,56800.0,400.0,6800.0
1621,2021-10-18 02:15:21,56800.0,1000.0,6400.0
1622,2021-10-18 02:15:00,56800.0,400.0,5400.0
1623,2021-10-18 02:15:00,56800.0,100.0,5000.0
1624,2021-10-18 02:15:00,56800.0,1000.0,4900.0
1625,2021-10-18 02:15:00,56800.0,100.0,3900.0
1626,2021-10-18 02:15:00,56800.0,100.0,3800.0
1627,2021-10-18 02:15:00,56800.0,100.0,3700.0
1628,2021-10-18 02:15:00,56800.0,300.0,3600.0
1629,2021-10-18 02:15:00,56800.0,100.0,3300.0
1630,2021-10-18 02:15:00,56800.0,500.0,3200.0
1631,2021-10-18 02:15:00,56800.0,100.0,2700.0
1632,2021-10-18 02:15:00,56800.0,100.0,2600.0
1633,2021-10-18 02:15:00,56800.0,100.0,2500.0
1634,2021-10-18 02:15:00,56800.0,300.0,2400.0
1635,2021-10-18 02:15:00,56800.0,400.0,2100.0
1636,2021-10-18 02:15:00,56800.0,200.0,1700.0
1637,2021-10-18 02:15:00,56800.0,200.0,1500.0
1638,2021-10-18 02:15:00,56800.0,100.0,1300.0
1639,2021-10-18 02:15:00,56800.0,100.0,1200.0
1640,2021-10-18 02:15:00,56800.0,100.0,1100.0
1641,2021-10-18 02:15:00,56800.0,300.0,1000.0
1642,2021-10-18 02:15:00,56800.0,700.0,700.0
