,Time,Price,Volume_per_trade,Volume
0,2021-10-19 07:45:00,56100.0,10900.0,1235300.0
1,2021-10-19 07:45:00,56100.0,100.0,1224400.0
2,2021-10-19 07:45:00,56100.0,1000.0,1224300.0
3,2021-10-19 07:45:00,56100.0,1000.0,1223300.0
4,2021-10-19 07:45:00,56100.0,200.0,1222300.0
5,2021-10-19 07:45:00,56100.0,400.0,1222100.0
6,2021-10-19 07:45:00,56100.0,100.0,1221700.0
7,2021-10-19 07:45:00,56100.0,1000.0,1221600.0
8,2021-10-19 07:45:00,56100.0,1000.0,1220600.0
9,2021-10-19 07:45:00,56100.0,300.0,1219600.0
10,2021-10-19 07:45:00,56100.0,100.0,1219300.0
11,2021-10-19 07:45:00,56100.0,500.0,1219200.0
12,2021-10-19 07:45:00,56100.0,500.0,1218700.0
13,2021-10-19 07:45:00,56100.0,1000.0,1218200.0
14,2021-10-19 07:45:00,56100.0,300.0,1217200.0
15,2021-10-19 07:45:00,56100.0,1000.0,1216900.0
16,2021-10-19 07:45:00,56100.0,3200.0,1215900.0
17,2021-10-19 07:45:00,56100.0,500.0,1212700.0
18,2021-10-19 07:45:00,56100.0,2500.0,1212200.0
19,2021-10-19 07:45:00,56100.0,200.0,1209700.0
20,2021-10-19 07:45:00,56100.0,1000.0,1209500.0
21,2021-10-19 07:45:00,56100.0,200.0,1208500.0
22,2021-10-19 07:45:00,56100.0,3200.0,1208300.0
23,2021-10-19 07:45:00,56100.0,1000.0,1205100.0
24,2021-10-19 07:45:00,56100.0,100.0,1204100.0
25,2021-10-19 07:45:00,56100.0,2000.0,1204000.0
26,2021-10-19 07:45:00,56100.0,1000.0,1202000.0
27,2021-10-19 07:45:00,56100.0,500.0,1201000.0
28,2021-10-19 07:45:00,56100.0,100.0,1200500.0
29,2021-10-19 07:45:00,56100.0,300.0,1200400.0
30,2021-10-19 07:45:00,56100.0,2000.0,1200100.0
31,2021-10-19 07:45:00,56100.0,1000.0,1198100.0
32,2021-10-19 07:45:00,56100.0,100.0,1197100.0
33,2021-10-19 07:45:00,56100.0,200.0,1197000.0
34,2021-10-19 07:45:00,56100.0,1000.0,1196800.0
35,2021-10-19 07:45:00,56100.0,300.0,1195800.0
36,2021-10-19 07:45:00,56100.0,2000.0,1195500.0
37,2021-10-19 07:45:00,56100.0,100.0,1193500.0
38,2021-10-19 07:45:00,56100.0,200.0,1193400.0
39,2021-10-19 07:45:00,56100.0,600.0,1193200.0
40,2021-10-19 07:45:00,56100.0,200.0,1192600.0
41,2021-10-19 07:45:00,56100.0,1000.0,1192400.0
42,2021-10-19 07:45:00,56100.0,100.0,1191400.0
43,2021-10-19 07:45:00,56100.0,200.0,1191300.0
44,2021-10-19 07:45:00,56100.0,200.0,1191100.0
45,2021-10-19 07:45:00,56100.0,100.0,1190900.0
46,2021-10-19 07:45:00,56100.0,100.0,1190800.0
47,2021-10-19 07:45:00,56100.0,500.0,1190700.0
48,2021-10-19 07:45:00,56100.0,100.0,1190200.0
49,2021-10-19 07:45:00,56100.0,300.0,1190100.0
50,2021-10-19 07:45:00,56100.0,30000.0,1189800.0
51,2021-10-19 07:45:00,56100.0,3000.0,1159800.0
52,2021-10-19 07:45:00,56100.0,200.0,1156800.0
53,2021-10-19 07:45:00,56100.0,100.0,1156600.0
54,2021-10-19 07:45:00,56100.0,200.0,1156500.0
55,2021-10-19 07:45:00,56100.0,1000.0,1156300.0
56,2021-10-19 07:45:00,56100.0,100.0,1155300.0
57,2021-10-19 07:45:00,56100.0,500.0,1155200.0
58,2021-10-19 07:45:00,56100.0,100.0,1154700.0
59,2021-10-19 07:45:00,56100.0,5000.0,1154600.0
60,2021-10-19 07:45:00,56100.0,100.0,1149600.0
61,2021-10-19 07:45:00,56100.0,400.0,1149500.0
62,2021-10-19 07:45:00,56100.0,200.0,1149100.0
63,2021-10-19 07:45:00,56100.0,100.0,1148900.0
64,2021-10-19 07:45:00,56100.0,100.0,1148800.0
65,2021-10-19 07:45:00,56100.0,100.0,1148700.0
66,2021-10-19 07:45:00,56100.0,100.0,1148600.0
67,2021-10-19 07:45:00,56100.0,2000.0,1148500.0
68,2021-10-19 07:45:00,56100.0,9600.0,1146500.0
69,2021-10-19 07:45:00,56100.0,500.0,1136900.0
70,2021-10-19 07:45:00,56100.0,1000.0,1136400.0
71,2021-10-19 07:45:00,56100.0,500.0,1135400.0
72,2021-10-19 07:45:00,56100.0,100.0,1134900.0
73,2021-10-19 07:45:00,56100.0,300.0,1134800.0
74,2021-10-19 07:45:00,56100.0,1600.0,1134500.0
75,2021-10-19 07:45:00,56100.0,300.0,1132900.0
76,2021-10-19 07:45:00,56100.0,100.0,1132600.0
77,2021-10-19 07:45:00,56100.0,200.0,1132500.0
78,2021-10-19 07:45:00,56100.0,200.0,1132300.0
79,2021-10-19 07:45:00,56100.0,1800.0,1132100.0
80,2021-10-19 07:45:00,56100.0,200.0,1130300.0
81,2021-10-19 07:45:00,56100.0,100.0,1130100.0
82,2021-10-19 07:45:00,56100.0,100.0,1130000.0
83,2021-10-19 07:45:00,56100.0,500.0,1129900.0
84,2021-10-19 07:45:00,56100.0,2000.0,1129400.0
85,2021-10-19 07:45:00,56100.0,300.0,1127400.0
86,2021-10-19 07:45:00,56100.0,2000.0,1127100.0
87,2021-10-19 07:45:00,56100.0,400.0,1125100.0
88,2021-10-19 07:45:00,56100.0,200.0,1124700.0
89,2021-10-19 07:45:00,56100.0,500.0,1124500.0
90,2021-10-19 07:45:00,56100.0,5900.0,1124000.0
91,2021-10-19 07:45:00,56100.0,8500.0,1118100.0
92,2021-10-19 07:45:00,56100.0,100.0,1109600.0
93,2021-10-19 07:45:00,56100.0,100.0,1109500.0
94,2021-10-19 07:45:00,56100.0,6300.0,1109400.0
95,2021-10-19 07:45:00,56100.0,2000.0,1103100.0
96,2021-10-19 07:45:00,56100.0,1700.0,1101100.0
97,2021-10-19 07:45:00,56100.0,1000.0,1099400.0
98,2021-10-19 07:45:00,56100.0,200.0,1098400.0
99,2021-10-19 07:45:00,56100.0,1100.0,1098200.0
100,2021-10-19 07:45:00,56100.0,1900.0,1097100.0
101,2021-10-19 07:45:00,56100.0,300.0,1095200.0
102,2021-10-19 07:45:00,56100.0,1500.0,1094900.0
103,2021-10-19 07:29:51,56300.0,10600.0,1093400.0
104,2021-10-19 07:29:51,56300.0,300.0,1082800.0
105,2021-10-19 07:29:51,56300.0,4100.0,1082500.0
106,2021-10-19 07:29:37,56400.0,200.0,1078400.0
107,2021-10-19 07:29:12,56400.0,1000.0,1078200.0
108,2021-10-19 07:29:06,56400.0,100.0,1077200.0
109,2021-10-19 07:28:38,56500.0,100.0,1077100.0
110,2021-10-19 07:28:31,56500.0,1400.0,1077000.0
111,2021-10-19 07:28:31,56500.0,1000.0,1075600.0
112,2021-10-19 07:28:31,56500.0,2600.0,1074600.0
113,2021-10-19 07:28:25,56500.0,1000.0,1072000.0
114,2021-10-19 07:27:44,56500.0,1400.0,1071000.0
115,2021-10-19 07:27:44,56500.0,500.0,1069600.0
116,2021-10-19 07:27:44,56500.0,1100.0,1069100.0
117,2021-10-19 07:27:21,56500.0,8900.0,1068000.0
118,2021-10-19 07:27:21,56500.0,1100.0,1059100.0
119,2021-10-19 07:27:19,56500.0,100.0,1058000.0
120,2021-10-19 07:27:19,56400.0,500.0,1057900.0
121,2021-10-19 07:26:41,56500.0,100.0,1057400.0
122,2021-10-19 07:25:53,56300.0,900.0,1057300.0
123,2021-10-19 07:24:47,56200.0,900.0,1056400.0
124,2021-10-19 07:23:10,56200.0,1000.0,1055500.0
125,2021-10-19 07:23:06,56300.0,500.0,1054500.0
126,2021-10-19 07:23:06,56300.0,200.0,1054000.0
127,2021-10-19 07:23:06,56300.0,300.0,1053800.0
128,2021-10-19 07:22:37,56200.0,300.0,1053500.0
129,2021-10-19 07:22:26,56200.0,500.0,1053200.0
130,2021-10-19 07:22:17,56200.0,500.0,1052700.0
131,2021-10-19 07:22:10,56200.0,1700.0,1052200.0
132,2021-10-19 07:22:10,56300.0,300.0,1050500.0
133,2021-10-19 07:21:59,56200.0,3500.0,1050200.0
134,2021-10-19 07:21:59,56200.0,5000.0,1046700.0
135,2021-10-19 07:21:59,56200.0,3000.0,1041700.0
136,2021-10-19 07:21:59,56200.0,5000.0,1038700.0
137,2021-10-19 07:21:59,56200.0,200.0,1033700.0
138,2021-10-19 07:21:59,56200.0,200.0,1033500.0
139,2021-10-19 07:21:59,56200.0,200.0,1033300.0
140,2021-10-19 07:21:59,56200.0,300.0,1033100.0
141,2021-10-19 07:21:59,56200.0,400.0,1032800.0
142,2021-10-19 07:21:59,56300.0,100.0,1032400.0
143,2021-10-19 07:21:59,56300.0,100.0,1032300.0
144,2021-10-19 07:21:59,56300.0,800.0,1032200.0
145,2021-10-19 07:21:59,56300.0,100.0,1031400.0
146,2021-10-19 07:21:59,56300.0,2000.0,1031300.0
147,2021-10-19 07:21:59,56300.0,2000.0,1029300.0
148,2021-10-19 07:21:59,56300.0,3500.0,1027300.0
149,2021-10-19 07:21:59,56300.0,300.0,1023800.0
150,2021-10-19 07:21:59,56300.0,200.0,1023500.0
151,2021-10-19 07:21:59,56300.0,1000.0,1023300.0
152,2021-10-19 07:21:59,56300.0,200.0,1022300.0
153,2021-10-19 07:21:59,56300.0,1700.0,1022100.0
154,2021-10-19 07:21:59,56300.0,10000.0,1020400.0
155,2021-10-19 07:21:59,56300.0,100.0,1010400.0
156,2021-10-19 07:21:59,56300.0,300.0,1010300.0
157,2021-10-19 07:21:59,56300.0,100.0,1010000.0
158,2021-10-19 07:21:59,56400.0,2000.0,1009900.0
159,2021-10-19 07:21:59,56400.0,5000.0,1007900.0
160,2021-10-19 07:21:59,56400.0,1000.0,1002900.0
161,2021-10-19 07:21:59,56400.0,100.0,1001900.0
162,2021-10-19 07:21:59,56400.0,100.0,1001800.0
163,2021-10-19 07:21:59,56400.0,600.0,1001700.0
164,2021-10-19 07:21:59,56400.0,100.0,1001100.0
165,2021-10-19 07:21:59,56400.0,100.0,1001000.0
166,2021-10-19 07:21:59,56400.0,100.0,1000900.0
167,2021-10-19 07:21:59,56400.0,200.0,1000800.0
168,2021-10-19 07:21:59,56400.0,100.0,1000600.0
169,2021-10-19 07:21:59,56400.0,300.0,1000500.0
170,2021-10-19 07:21:52,56400.0,700.0,1000200.0
171,2021-10-19 07:21:52,56400.0,1300.0,999500.0
172,2021-10-19 07:21:40,56400.0,28700.0,998200.0
173,2021-10-19 07:21:40,56400.0,200.0,969500.0
174,2021-10-19 07:21:40,56400.0,100.0,969300.0
175,2021-10-19 07:21:40,56400.0,300.0,969200.0
176,2021-10-19 07:21:40,56400.0,200.0,968900.0
177,2021-10-19 07:21:40,56400.0,100.0,968700.0
178,2021-10-19 07:21:40,56400.0,1500.0,968600.0
179,2021-10-19 07:21:40,56400.0,500.0,967100.0
180,2021-10-19 07:21:40,56400.0,1000.0,966600.0
181,2021-10-19 07:21:40,56400.0,100.0,965600.0
182,2021-10-19 07:21:40,56400.0,500.0,965500.0
183,2021-10-19 07:21:40,56400.0,100.0,965000.0
184,2021-10-19 07:21:40,56400.0,100.0,964900.0
185,2021-10-19 07:21:40,56400.0,30000.0,964800.0
186,2021-10-19 07:21:40,56400.0,200.0,934800.0
187,2021-10-19 07:21:40,56400.0,3000.0,934600.0
188,2021-10-19 07:21:40,56400.0,100.0,931600.0
189,2021-10-19 07:21:40,56400.0,500.0,931500.0
190,2021-10-19 07:21:40,56400.0,500.0,931000.0
191,2021-10-19 07:21:40,56400.0,300.0,930500.0
192,2021-10-19 07:21:40,56400.0,25000.0,930200.0
193,2021-10-19 07:21:40,56400.0,7000.0,905200.0
194,2021-10-19 07:21:14,56400.0,1000.0,898200.0
195,2021-10-19 07:20:14,56400.0,1500.0,897200.0
196,2021-10-19 07:20:02,56400.0,500.0,895700.0
197,2021-10-19 07:17:53,56500.0,500.0,895200.0
198,2021-10-19 07:17:13,56500.0,100.0,894700.0
199,2021-10-19 07:16:52,56500.0,300.0,894600.0
200,2021-10-19 07:16:30,56500.0,100.0,894300.0
201,2021-10-19 07:16:24,56500.0,100.0,894200.0
202,2021-10-19 07:16:24,56500.0,100.0,894100.0
203,2021-10-19 07:16:24,56500.0,100.0,894000.0
204,2021-10-19 07:16:24,56500.0,100.0,893900.0
205,2021-10-19 07:16:24,56500.0,300.0,893800.0
206,2021-10-19 07:16:24,56500.0,100.0,893500.0
207,2021-10-19 07:16:24,56500.0,200.0,893400.0
208,2021-10-19 07:16:24,56500.0,500.0,893200.0
209,2021-10-19 07:16:24,56500.0,400.0,892700.0
210,2021-10-19 07:16:24,56500.0,200.0,892300.0
211,2021-10-19 07:16:24,56500.0,7400.0,892100.0
212,2021-10-19 07:13:55,56500.0,1000.0,884700.0
213,2021-10-19 07:13:36,56500.0,100.0,883700.0
214,2021-10-19 07:12:13,56500.0,900.0,883600.0
215,2021-10-19 07:12:04,56500.0,700.0,882700.0
216,2021-10-19 07:11:52,56500.0,100.0,882000.0
217,2021-10-19 07:11:26,56500.0,500.0,881900.0
218,2021-10-19 07:11:24,56500.0,600.0,881400.0
219,2021-10-19 07:10:54,56500.0,300.0,880800.0
220,2021-10-19 07:10:36,56500.0,500.0,880500.0
221,2021-10-19 07:10:36,56500.0,600.0,880000.0
222,2021-10-19 07:10:32,56500.0,700.0,879400.0
223,2021-10-19 07:09:50,56500.0,100.0,878700.0
224,2021-10-19 07:08:42,56500.0,500.0,878600.0
225,2021-10-19 07:08:07,56500.0,1500.0,878100.0
226,2021-10-19 07:06:28,56500.0,3200.0,876600.0
227,2021-10-19 07:05:55,56500.0,100.0,873400.0
228,2021-10-19 07:05:36,56600.0,100.0,873300.0
229,2021-10-19 07:04:37,56500.0,300.0,873200.0
230,2021-10-19 07:04:01,56500.0,500.0,872900.0
231,2021-10-19 07:04:01,56500.0,300.0,872400.0
232,2021-10-19 07:04:01,56500.0,5100.0,872100.0
233,2021-10-19 07:02:29,56500.0,100.0,867000.0
234,2021-10-19 07:02:29,56500.0,300.0,866900.0
235,2021-10-19 07:02:29,56500.0,100.0,866600.0
236,2021-10-19 07:02:29,56500.0,500.0,866500.0
237,2021-10-19 07:02:29,56500.0,200.0,866000.0
238,2021-10-19 07:02:29,56500.0,2000.0,865800.0
239,2021-10-19 07:02:29,56500.0,500.0,863800.0
240,2021-10-19 07:02:29,56500.0,200.0,863300.0
241,2021-10-19 07:02:29,56500.0,1000.0,863100.0
242,2021-10-19 07:02:28,56500.0,100.0,862100.0
243,2021-10-19 07:00:15,56500.0,3000.0,862000.0
244,2021-10-19 06:59:25,56500.0,100.0,859000.0
245,2021-10-19 06:59:21,56500.0,200.0,858900.0
246,2021-10-19 06:59:06,56500.0,5000.0,858700.0
247,2021-10-19 06:59:02,56500.0,2000.0,853700.0
248,2021-10-19 06:58:57,56500.0,500.0,851700.0
249,2021-10-19 06:58:14,56500.0,800.0,851200.0
250,2021-10-19 06:56:55,56500.0,300.0,850400.0
251,2021-10-19 06:56:39,56500.0,7500.0,850100.0
252,2021-10-19 06:56:39,56500.0,2200.0,842600.0
253,2021-10-19 06:56:29,56500.0,1000.0,840400.0
254,2021-10-19 06:56:29,56500.0,100.0,839400.0
255,2021-10-19 06:56:29,56500.0,100.0,839300.0
256,2021-10-19 06:56:29,56500.0,9100.0,839200.0
257,2021-10-19 06:56:29,56500.0,200.0,830100.0
258,2021-10-19 06:56:29,56500.0,300.0,829900.0
259,2021-10-19 06:56:29,56500.0,100.0,829600.0
260,2021-10-19 06:56:29,56500.0,100.0,829500.0
261,2021-10-19 06:56:00,56500.0,800.0,829400.0
262,2021-10-19 06:54:30,56500.0,100.0,828600.0
263,2021-10-19 06:54:16,56500.0,19000.0,828500.0
264,2021-10-19 06:54:16,56500.0,700.0,809500.0
265,2021-10-19 06:54:16,56500.0,500.0,808800.0
266,2021-10-19 06:54:16,56500.0,500.0,808300.0
267,2021-10-19 06:54:16,56500.0,1000.0,807800.0
268,2021-10-19 06:54:16,56500.0,200.0,806800.0
269,2021-10-19 06:54:16,56500.0,100.0,806600.0
270,2021-10-19 06:54:16,56500.0,700.0,806500.0
271,2021-10-19 06:54:16,56500.0,1000.0,805800.0
272,2021-10-19 06:54:16,56500.0,1000.0,804800.0
273,2021-10-19 06:54:16,56500.0,100.0,803800.0
274,2021-10-19 06:54:16,56500.0,500.0,803700.0
275,2021-10-19 06:54:16,56500.0,14700.0,803200.0
276,2021-10-19 06:53:39,56500.0,200.0,788500.0
277,2021-10-19 06:53:03,56500.0,1000.0,788300.0
278,2021-10-19 06:52:37,56500.0,2000.0,787300.0
279,2021-10-19 06:52:11,56500.0,300.0,785300.0
280,2021-10-19 06:52:02,56500.0,2000.0,785000.0
281,2021-10-19 06:51:56,56500.0,1000.0,783000.0
282,2021-10-19 06:51:49,56500.0,100.0,782000.0
283,2021-10-19 06:51:43,56500.0,200.0,781900.0
284,2021-10-19 06:50:45,56500.0,1900.0,781700.0
285,2021-10-19 06:50:30,56500.0,500.0,779800.0
286,2021-10-19 06:49:37,56500.0,500.0,779300.0
287,2021-10-19 06:49:35,56600.0,200.0,778800.0
288,2021-10-19 06:49:32,56500.0,600.0,778600.0
289,2021-10-19 06:49:32,56500.0,4900.0,778000.0
290,2021-10-19 06:48:42,56600.0,700.0,773100.0
291,2021-10-19 06:48:42,56600.0,200.0,772400.0
292,2021-10-19 06:48:42,56600.0,100.0,772200.0
293,2021-10-19 06:48:14,56500.0,2000.0,772100.0
294,2021-10-19 06:46:39,56500.0,1100.0,770100.0
295,2021-10-19 06:46:11,56600.0,1000.0,769000.0
296,2021-10-19 06:46:11,56600.0,1000.0,768000.0
297,2021-10-19 06:45:34,56600.0,100.0,767000.0
298,2021-10-19 06:45:34,56600.0,400.0,766900.0
299,2021-10-19 06:45:34,56600.0,500.0,766500.0
300,2021-10-19 06:45:34,56600.0,3000.0,766000.0
301,2021-10-19 06:45:34,56600.0,300.0,763000.0
302,2021-10-19 06:45:34,56600.0,500.0,762700.0
303,2021-10-19 06:45:34,56600.0,200.0,762200.0
304,2021-10-19 06:44:53,56600.0,200.0,762000.0
305,2021-10-19 06:44:51,56600.0,100.0,761800.0
306,2021-10-19 06:43:28,56600.0,500.0,761700.0
307,2021-10-19 06:43:14,56600.0,4000.0,761200.0
308,2021-10-19 06:43:14,56600.0,100.0,757200.0
309,2021-10-19 06:43:14,56600.0,100.0,757100.0
310,2021-10-19 06:43:14,56600.0,100.0,757000.0
311,2021-10-19 06:43:14,56600.0,5000.0,756900.0
312,2021-10-19 06:43:14,56600.0,700.0,751900.0
313,2021-10-19 06:43:11,56600.0,400.0,751200.0
314,2021-10-19 06:42:49,56600.0,1500.0,750800.0
315,2021-10-19 06:42:18,56600.0,400.0,749300.0
316,2021-10-19 06:41:47,56600.0,1000.0,748900.0
317,2021-10-19 06:41:37,56600.0,500.0,747900.0
318,2021-10-19 06:41:31,56600.0,200.0,747400.0
319,2021-10-19 06:40:16,56600.0,100.0,747200.0
320,2021-10-19 06:38:53,56600.0,200.0,747100.0
321,2021-10-19 06:38:35,56600.0,1000.0,746900.0
322,2021-10-19 06:34:55,56700.0,1000.0,745900.0
323,2021-10-19 06:34:55,56700.0,2000.0,744900.0
324,2021-10-19 06:34:55,56700.0,100.0,742900.0
325,2021-10-19 06:34:55,56700.0,1000.0,742800.0
326,2021-10-19 06:34:55,56700.0,1000.0,741800.0
327,2021-10-19 06:34:48,56700.0,500.0,740800.0
328,2021-10-19 06:33:51,56700.0,100.0,740300.0
329,2021-10-19 06:32:53,56700.0,100.0,740200.0
330,2021-10-19 06:32:16,56700.0,600.0,740100.0
331,2021-10-19 06:32:16,56700.0,100.0,739500.0
332,2021-10-19 06:32:16,56700.0,300.0,739400.0
333,2021-10-19 06:32:14,56700.0,200.0,739100.0
334,2021-10-19 06:31:40,56700.0,2600.0,738900.0
335,2021-10-19 06:30:08,56700.0,200.0,736300.0
336,2021-10-19 06:29:55,56700.0,1000.0,736100.0
337,2021-10-19 06:29:55,56700.0,700.0,735100.0
338,2021-10-19 06:29:41,56700.0,300.0,734400.0
339,2021-10-19 06:29:41,56700.0,200.0,734100.0
340,2021-10-19 06:29:41,56700.0,500.0,733900.0
341,2021-10-19 06:29:41,56700.0,300.0,733400.0
342,2021-10-19 06:29:41,56700.0,700.0,733100.0
343,2021-10-19 06:28:39,56700.0,200.0,732400.0
344,2021-10-19 06:28:39,56700.0,200.0,732200.0
345,2021-10-19 06:28:39,56700.0,19600.0,732000.0
346,2021-10-19 06:28:33,56700.0,400.0,712400.0
347,2021-10-19 06:28:33,56700.0,100.0,712000.0
348,2021-10-19 06:27:53,56700.0,400.0,711900.0
349,2021-10-19 06:27:53,56700.0,500.0,711500.0
350,2021-10-19 06:27:53,56700.0,300.0,711000.0
351,2021-10-19 06:27:06,56700.0,700.0,710700.0
352,2021-10-19 06:27:06,56700.0,300.0,710000.0
353,2021-10-19 06:21:13,56700.0,200.0,709700.0
354,2021-10-19 06:21:13,56700.0,100.0,709500.0
355,2021-10-19 06:21:13,56700.0,2000.0,709400.0
356,2021-10-19 06:21:13,56700.0,100.0,707400.0
357,2021-10-19 06:21:13,56700.0,500.0,707300.0
358,2021-10-19 06:21:13,56700.0,100.0,706800.0
359,2021-10-19 06:21:13,56700.0,1000.0,706700.0
360,2021-10-19 06:21:13,56700.0,500.0,705700.0
361,2021-10-19 06:21:13,56700.0,500.0,705200.0
362,2021-10-19 06:20:18,56600.0,19000.0,704700.0
363,2021-10-19 06:20:00,56600.0,600.0,685700.0
364,2021-10-19 06:20:00,56600.0,700.0,685100.0
365,2021-10-19 06:18:44,56600.0,1000.0,684400.0
366,2021-10-19 06:17:45,56600.0,100.0,683400.0
367,2021-10-19 06:16:40,56600.0,100.0,683300.0
368,2021-10-19 06:16:13,56600.0,100.0,683200.0
369,2021-10-19 06:16:04,56600.0,1000.0,683100.0
370,2021-10-19 06:15:15,56600.0,100.0,682100.0
371,2021-10-19 06:15:15,56600.0,2000.0,682000.0
372,2021-10-19 06:15:15,56600.0,1900.0,680000.0
373,2021-10-19 06:13:56,56600.0,200.0,678100.0
374,2021-10-19 06:13:37,56600.0,2900.0,677900.0
375,2021-10-19 06:13:37,56600.0,100.0,675000.0
376,2021-10-19 06:13:37,56600.0,5000.0,674900.0
377,2021-10-19 06:13:37,56600.0,1000.0,669900.0
378,2021-10-19 06:13:37,56600.0,100.0,668900.0
379,2021-10-19 06:13:37,56600.0,200.0,668800.0
380,2021-10-19 06:13:37,56600.0,100.0,668600.0
381,2021-10-19 06:13:37,56600.0,500.0,668500.0
382,2021-10-19 06:13:37,56600.0,100.0,668000.0
383,2021-10-19 06:12:43,56600.0,1200.0,667900.0
384,2021-10-19 06:12:43,56600.0,500.0,666700.0
385,2021-10-19 06:12:43,56600.0,1600.0,666200.0
386,2021-10-19 06:12:43,56600.0,3600.0,664600.0
387,2021-10-19 06:12:43,56700.0,100.0,661000.0
388,2021-10-19 06:11:44,56700.0,300.0,660900.0
389,2021-10-19 06:11:40,56700.0,100.0,660600.0
390,2021-10-19 06:11:40,56700.0,400.0,660500.0
391,2021-10-19 06:11:40,56700.0,100.0,660100.0
392,2021-10-19 06:11:22,56700.0,300.0,660000.0
393,2021-10-19 06:10:59,56700.0,1600.0,659700.0
394,2021-10-19 06:10:59,56700.0,200.0,658100.0
395,2021-10-19 06:10:59,56700.0,500.0,657900.0
396,2021-10-19 06:10:59,56700.0,500.0,657400.0
397,2021-10-19 06:10:59,56700.0,10000.0,656900.0
398,2021-10-19 06:10:59,56700.0,200.0,646900.0
399,2021-10-19 06:10:53,56600.0,2000.0,646700.0
400,2021-10-19 06:10:12,56700.0,800.0,644700.0
401,2021-10-19 06:10:12,56700.0,100.0,643900.0
402,2021-10-19 06:10:12,56700.0,2300.0,643800.0
403,2021-10-19 06:10:12,56700.0,200.0,641500.0
404,2021-10-19 06:10:12,56700.0,100.0,641300.0
405,2021-10-19 06:10:12,56700.0,500.0,641200.0
406,2021-10-19 06:10:12,56700.0,1000.0,640700.0
407,2021-10-19 06:09:44,56600.0,300.0,639700.0
408,2021-10-19 06:09:28,56600.0,100.0,639400.0
409,2021-10-19 06:08:38,56600.0,300.0,639300.0
410,2021-10-19 06:08:18,56600.0,200.0,639000.0
411,2021-10-19 06:07:45,56600.0,300.0,638800.0
412,2021-10-19 06:07:17,56600.0,200.0,638500.0
413,2021-10-19 06:06:49,56600.0,200.0,638300.0
414,2021-10-19 06:00:42,56600.0,2800.0,638100.0
415,2021-10-19 06:00:42,56600.0,4200.0,635300.0
416,2021-10-19 06:00:18,56700.0,500.0,631100.0
417,2021-10-19 06:00:09,56700.0,200.0,630600.0
418,2021-10-19 06:00:00,56700.0,300.0,630400.0
419,2021-10-19 06:00:00,56700.0,300.0,630100.0
420,2021-10-19 06:00:00,56700.0,3000.0,629800.0
421,2021-10-19 06:00:00,56700.0,500.0,626800.0
422,2021-10-19 06:00:00,56700.0,2900.0,626300.0
423,2021-10-19 04:29:43,56700.0,300.0,623400.0
424,2021-10-19 04:29:20,56700.0,6800.0,623100.0
425,2021-10-19 04:29:20,56700.0,3200.0,616300.0
426,2021-10-19 04:28:00,56600.0,500.0,613100.0
427,2021-10-19 04:26:59,56600.0,300.0,612600.0
428,2021-10-19 04:26:59,56600.0,400.0,612300.0
429,2021-10-19 04:26:59,56600.0,300.0,611900.0
430,2021-10-19 04:26:18,56600.0,500.0,611600.0
431,2021-10-19 04:26:00,56600.0,300.0,611100.0
432,2021-10-19 04:24:11,56700.0,1800.0,610800.0
433,2021-10-19 04:24:11,56700.0,200.0,609000.0
434,2021-10-19 04:23:47,56600.0,2000.0,608800.0
435,2021-10-19 04:23:38,56600.0,300.0,606800.0
436,2021-10-19 04:14:23,56700.0,100.0,606500.0
437,2021-10-19 04:14:23,56700.0,700.0,606400.0
438,2021-10-19 04:13:43,56700.0,500.0,605700.0
439,2021-10-19 04:13:43,56700.0,700.0,605200.0
440,2021-10-19 04:13:43,56700.0,500.0,604500.0
441,2021-10-19 04:13:36,56700.0,500.0,604000.0
442,2021-10-19 04:13:36,56700.0,1000.0,603500.0
443,2021-10-19 04:13:36,56700.0,300.0,602500.0
444,2021-10-19 04:13:36,56700.0,300.0,602200.0
445,2021-10-19 04:13:36,56700.0,100.0,601900.0
446,2021-10-19 04:12:02,56700.0,300.0,601800.0
447,2021-10-19 04:12:02,56700.0,200.0,601500.0
448,2021-10-19 04:12:02,56700.0,200.0,601300.0
449,2021-10-19 04:12:02,56700.0,400.0,601100.0
450,2021-10-19 04:12:02,56700.0,2000.0,600700.0
451,2021-10-19 04:12:02,56700.0,2200.0,598700.0
452,2021-10-19 04:12:02,56700.0,10000.0,596500.0
453,2021-10-19 04:12:02,56700.0,1000.0,586500.0
454,2021-10-19 04:12:02,56700.0,300.0,585500.0
455,2021-10-19 04:11:57,56600.0,900.0,585200.0
456,2021-10-19 04:10:46,56600.0,500.0,584300.0
457,2021-10-19 04:10:18,56600.0,1300.0,583800.0
458,2021-10-19 04:10:15,56600.0,200.0,582500.0
459,2021-10-19 04:10:12,56600.0,1300.0,582300.0
460,2021-10-19 04:10:06,56600.0,3000.0,581000.0
461,2021-10-19 04:08:28,56600.0,200.0,578000.0
462,2021-10-19 04:07:59,56600.0,10000.0,577800.0
463,2021-10-19 04:07:59,56600.0,100.0,567800.0
464,2021-10-19 04:07:59,56600.0,1000.0,567700.0
465,2021-10-19 04:07:59,56600.0,1000.0,566700.0
466,2021-10-19 04:07:59,56600.0,100.0,565700.0
467,2021-10-19 04:07:59,56600.0,2000.0,565600.0
468,2021-10-19 04:06:19,56600.0,2100.0,563600.0
469,2021-10-19 04:05:58,56500.0,2000.0,561500.0
470,2021-10-19 04:05:58,56500.0,500.0,559500.0
471,2021-10-19 04:05:58,56500.0,100.0,559000.0
472,2021-10-19 04:05:58,56500.0,700.0,558900.0
473,2021-10-19 04:05:58,56500.0,200.0,558200.0
474,2021-10-19 04:05:58,56500.0,5000.0,558000.0
475,2021-10-19 04:05:58,56500.0,5000.0,553000.0
476,2021-10-19 04:05:58,56500.0,100.0,548000.0
477,2021-10-19 04:05:58,56500.0,500.0,547900.0
478,2021-10-19 04:05:58,56500.0,5300.0,547400.0
479,2021-10-19 04:05:58,56500.0,700.0,542100.0
480,2021-10-19 04:05:58,56500.0,1000.0,541400.0
481,2021-10-19 04:05:58,56500.0,900.0,540400.0
482,2021-10-19 04:05:58,56500.0,1000.0,539500.0
483,2021-10-19 04:05:58,56500.0,7000.0,538500.0
484,2021-10-19 04:04:37,56600.0,100.0,531500.0
485,2021-10-19 04:03:11,56500.0,400.0,531400.0
486,2021-10-19 04:00:51,56500.0,600.0,531000.0
487,2021-10-19 03:59:44,56500.0,7000.0,530400.0
488,2021-10-19 03:58:41,56500.0,3000.0,523400.0
489,2021-10-19 03:58:13,56500.0,100.0,520400.0
490,2021-10-19 03:57:44,56600.0,5800.0,520300.0
491,2021-10-19 03:57:44,56600.0,500.0,514500.0
492,2021-10-19 03:57:44,56600.0,200.0,514000.0
493,2021-10-19 03:57:44,56600.0,300.0,513800.0
494,2021-10-19 03:57:44,56600.0,1100.0,513500.0
495,2021-10-19 03:57:44,56600.0,200.0,512400.0
496,2021-10-19 03:57:44,56600.0,1900.0,512200.0
497,2021-10-19 03:56:47,56500.0,600.0,510300.0
498,2021-10-19 03:56:43,56600.0,500.0,509700.0
499,2021-10-19 03:56:32,56500.0,300.0,509200.0
500,2021-10-19 03:56:26,56500.0,500.0,508900.0
501,2021-10-19 03:56:18,56500.0,500.0,508400.0
502,2021-10-19 03:56:18,56500.0,100.0,507900.0
503,2021-10-19 03:56:18,56500.0,100.0,507800.0
504,2021-10-19 03:56:18,56500.0,100.0,507700.0
505,2021-10-19 03:56:18,56500.0,100.0,507600.0
506,2021-10-19 03:56:18,56500.0,500.0,507500.0
507,2021-10-19 03:56:18,56500.0,300.0,507000.0
508,2021-10-19 03:56:18,56500.0,300.0,506700.0
509,2021-10-19 03:55:14,56500.0,300.0,506400.0
510,2021-10-19 03:54:29,56500.0,200.0,506100.0
511,2021-10-19 03:54:29,56500.0,100.0,505900.0
512,2021-10-19 03:54:29,56500.0,200.0,505800.0
513,2021-10-19 03:54:29,56500.0,100.0,505600.0
514,2021-10-19 03:54:29,56500.0,200.0,505500.0
515,2021-10-19 03:54:29,56500.0,200.0,505300.0
516,2021-10-19 03:54:14,56500.0,100.0,505100.0
517,2021-10-19 03:54:14,56500.0,100.0,505000.0
518,2021-10-19 03:54:14,56500.0,2000.0,504900.0
519,2021-10-19 03:54:14,56500.0,500.0,502900.0
520,2021-10-19 03:54:14,56500.0,200.0,502400.0
521,2021-10-19 03:54:14,56500.0,100.0,502200.0
522,2021-10-19 03:51:38,56600.0,100.0,502100.0
523,2021-10-19 03:50:47,56600.0,400.0,502000.0
524,2021-10-19 03:50:39,56600.0,1700.0,501600.0
525,2021-10-19 03:50:39,56600.0,400.0,499900.0
526,2021-10-19 03:50:39,56600.0,500.0,499500.0
527,2021-10-19 03:50:39,56600.0,400.0,499000.0
528,2021-10-19 03:49:41,56600.0,400.0,498600.0
529,2021-10-19 03:49:41,56600.0,200.0,498200.0
530,2021-10-19 03:48:56,56600.0,100.0,498000.0
531,2021-10-19 03:47:25,56600.0,100.0,497900.0
532,2021-10-19 03:47:25,56600.0,400.0,497800.0
533,2021-10-19 03:47:25,56600.0,100.0,497400.0
534,2021-10-19 03:47:25,56600.0,100.0,497300.0
535,2021-10-19 03:46:34,56600.0,500.0,497200.0
536,2021-10-19 03:44:07,56600.0,100.0,496700.0
537,2021-10-19 03:44:07,56600.0,100.0,496600.0
538,2021-10-19 03:44:07,56600.0,700.0,496500.0
539,2021-10-19 03:44:07,56600.0,400.0,495800.0
540,2021-10-19 03:44:07,56600.0,500.0,495400.0
541,2021-10-19 03:44:07,56600.0,3000.0,494900.0
542,2021-10-19 03:44:07,56600.0,200.0,491900.0
543,2021-10-19 03:40:27,56600.0,1500.0,491700.0
544,2021-10-19 03:38:46,56600.0,300.0,490200.0
545,2021-10-19 03:38:46,56600.0,100.0,489900.0
546,2021-10-19 03:38:46,56600.0,200.0,489800.0
547,2021-10-19 03:38:46,56600.0,200.0,489600.0
548,2021-10-19 03:38:46,56600.0,700.0,489400.0
549,2021-10-19 03:38:27,56600.0,200.0,488700.0
550,2021-10-19 03:38:23,56600.0,100.0,488500.0
551,2021-10-19 03:37:27,56600.0,200.0,488400.0
552,2021-10-19 03:35:15,56700.0,500.0,488200.0
553,2021-10-19 03:34:56,56600.0,800.0,487700.0
554,2021-10-19 03:34:56,56700.0,200.0,486900.0
555,2021-10-19 03:34:33,56700.0,200.0,486700.0
556,2021-10-19 03:34:33,56700.0,100.0,486500.0
557,2021-10-19 03:34:33,56700.0,300.0,486400.0
558,2021-10-19 03:34:33,56700.0,100.0,486100.0
559,2021-10-19 03:34:33,56700.0,300.0,486000.0
560,2021-10-19 03:34:33,56700.0,10000.0,485700.0
561,2021-10-19 03:34:33,56700.0,100.0,475700.0
562,2021-10-19 03:34:33,56700.0,2000.0,475600.0
563,2021-10-19 03:34:33,56700.0,100.0,473600.0
564,2021-10-19 03:34:33,56700.0,200.0,473500.0
565,2021-10-19 03:34:33,56700.0,2000.0,473300.0
566,2021-10-19 03:34:33,56700.0,300.0,471300.0
567,2021-10-19 03:34:33,56700.0,500.0,471000.0
568,2021-10-19 03:34:33,56700.0,3600.0,470500.0
569,2021-10-19 03:34:16,56600.0,500.0,466900.0
570,2021-10-19 03:33:40,56600.0,600.0,466400.0
571,2021-10-19 03:33:35,56600.0,200.0,465800.0
572,2021-10-19 03:33:35,56600.0,300.0,465600.0
573,2021-10-19 03:33:35,56600.0,500.0,465300.0
574,2021-10-19 03:32:55,56600.0,100.0,464800.0
575,2021-10-19 03:32:55,56600.0,900.0,464700.0
576,2021-10-19 03:32:04,56600.0,300.0,463800.0
577,2021-10-19 03:32:01,56600.0,100.0,463500.0
578,2021-10-19 03:30:57,56600.0,100.0,463400.0
579,2021-10-19 03:30:34,56600.0,1600.0,463300.0
580,2021-10-19 03:30:34,56600.0,100.0,461700.0
581,2021-10-19 03:30:34,56600.0,2000.0,461600.0
582,2021-10-19 03:30:34,56600.0,100.0,459600.0
583,2021-10-19 03:30:34,56600.0,300.0,459500.0
584,2021-10-19 03:30:34,56600.0,900.0,459200.0
585,2021-10-19 03:28:05,56700.0,100.0,458300.0
586,2021-10-19 03:27:27,56700.0,200.0,458200.0
587,2021-10-19 03:27:15,56600.0,100.0,458000.0
588,2021-10-19 03:27:15,56600.0,300.0,457900.0
589,2021-10-19 03:27:15,56600.0,2600.0,457600.0
590,2021-10-19 03:25:03,56600.0,400.0,455000.0
591,2021-10-19 03:24:38,56600.0,400.0,454600.0
592,2021-10-19 03:24:35,56600.0,600.0,454200.0
593,2021-10-19 03:24:33,56700.0,800.0,453600.0
594,2021-10-19 03:24:31,56600.0,100.0,452800.0
595,2021-10-19 03:24:04,56600.0,100.0,452700.0
596,2021-10-19 03:23:18,56500.0,900.0,452600.0
597,2021-10-19 03:23:18,56500.0,100.0,451700.0
598,2021-10-19 03:23:18,56500.0,300.0,451600.0
599,2021-10-19 03:23:18,56600.0,400.0,451300.0
600,2021-10-19 03:23:18,56600.0,100.0,450900.0
601,2021-10-19 03:23:18,56600.0,200.0,450800.0
602,2021-10-19 03:21:40,56700.0,300.0,450600.0
603,2021-10-19 03:21:40,56700.0,1000.0,450300.0
604,2021-10-19 03:21:40,56700.0,500.0,449300.0
605,2021-10-19 03:21:40,56700.0,3000.0,448800.0
606,2021-10-19 03:21:40,56700.0,500.0,445800.0
607,2021-10-19 03:21:40,56700.0,500.0,445300.0
608,2021-10-19 03:21:40,56700.0,200.0,444800.0
609,2021-10-19 03:21:13,56600.0,100.0,444600.0
610,2021-10-19 03:21:13,56600.0,1500.0,444500.0
611,2021-10-19 03:21:13,56600.0,300.0,443000.0
612,2021-10-19 03:21:13,56600.0,100.0,442700.0
613,2021-10-19 03:20:56,56600.0,200.0,442600.0
614,2021-10-19 03:20:44,56600.0,500.0,442400.0
615,2021-10-19 03:20:18,56600.0,700.0,441900.0
616,2021-10-19 03:18:48,56700.0,1000.0,441200.0
617,2021-10-19 03:18:00,56700.0,800.0,440200.0
618,2021-10-19 03:18:00,56700.0,200.0,439400.0
619,2021-10-19 03:16:21,56700.0,400.0,439200.0
620,2021-10-19 03:15:29,56700.0,3000.0,438800.0
621,2021-10-19 03:15:14,56600.0,400.0,435800.0
622,2021-10-19 03:15:03,56600.0,200.0,435400.0
623,2021-10-19 03:15:03,56600.0,200.0,435200.0
624,2021-10-19 03:15:03,56600.0,300.0,435000.0
625,2021-10-19 03:14:08,56600.0,500.0,434700.0
626,2021-10-19 03:14:08,56600.0,200.0,434200.0
627,2021-10-19 03:13:07,56600.0,100.0,434000.0
628,2021-10-19 03:12:52,56600.0,200.0,433900.0
629,2021-10-19 03:12:52,56600.0,200.0,433700.0
630,2021-10-19 03:12:52,56600.0,9600.0,433500.0
631,2021-10-19 03:12:29,56600.0,100.0,423900.0
632,2021-10-19 03:11:37,56600.0,100.0,423800.0
633,2021-10-19 03:11:33,56600.0,200.0,423700.0
634,2021-10-19 03:11:13,56600.0,100.0,423500.0
635,2021-10-19 03:11:09,56700.0,400.0,423400.0
636,2021-10-19 03:10:53,56700.0,500.0,423000.0
637,2021-10-19 03:10:42,56700.0,200.0,422500.0
638,2021-10-19 03:10:19,56700.0,200.0,422300.0
639,2021-10-19 03:10:19,56700.0,100.0,422100.0
640,2021-10-19 03:10:00,56800.0,200.0,422000.0
641,2021-10-19 03:08:01,56800.0,500.0,421800.0
642,2021-10-19 03:06:57,56800.0,600.0,421300.0
643,2021-10-19 03:06:54,56600.0,4900.0,420700.0
644,2021-10-19 03:06:54,56600.0,100.0,415800.0
645,2021-10-19 03:05:48,56700.0,100.0,415700.0
646,2021-10-19 03:05:18,56700.0,400.0,415600.0
647,2021-10-19 03:05:04,56500.0,500.0,415200.0
648,2021-10-19 03:03:56,56500.0,100.0,414700.0
649,2021-10-19 03:03:26,56500.0,100.0,414600.0
650,2021-10-19 03:03:26,56500.0,200.0,414500.0
651,2021-10-19 03:03:26,56600.0,200.0,414300.0
652,2021-10-19 03:02:46,56700.0,100.0,414100.0
653,2021-10-19 03:02:38,56700.0,400.0,414000.0
654,2021-10-19 03:02:38,56700.0,600.0,413600.0
655,2021-10-19 03:02:16,56700.0,800.0,413000.0
656,2021-10-19 03:02:04,56700.0,200.0,412200.0
657,2021-10-19 03:02:01,56700.0,200.0,412000.0
658,2021-10-19 03:02:01,56700.0,600.0,411800.0
659,2021-10-19 03:01:51,56700.0,300.0,411200.0
660,2021-10-19 03:01:32,56700.0,100.0,410900.0
661,2021-10-19 03:01:27,56700.0,300.0,410800.0
662,2021-10-19 03:00:52,56500.0,1600.0,410500.0
663,2021-10-19 03:00:52,56500.0,1000.0,408900.0
664,2021-10-19 03:00:52,56500.0,1000.0,407900.0
665,2021-10-19 03:00:52,56500.0,100.0,406900.0
666,2021-10-19 03:00:52,56500.0,300.0,406800.0
667,2021-10-19 03:00:52,56500.0,300.0,406500.0
668,2021-10-19 03:00:52,56500.0,300.0,406200.0
669,2021-10-19 03:00:52,56500.0,200.0,405900.0
670,2021-10-19 03:00:52,56500.0,4600.0,405700.0
671,2021-10-19 03:00:52,56600.0,600.0,401100.0
672,2021-10-19 03:00:14,56500.0,5400.0,400500.0
673,2021-10-19 03:00:14,56500.0,500.0,395100.0
674,2021-10-19 03:00:14,56500.0,100.0,394600.0
675,2021-10-19 03:00:04,56500.0,200.0,394500.0
676,2021-10-19 02:59:59,56500.0,500.0,394300.0
677,2021-10-19 02:59:59,56500.0,500.0,393800.0
678,2021-10-19 02:59:59,56500.0,100.0,393300.0
679,2021-10-19 02:59:59,56500.0,1000.0,393200.0
680,2021-10-19 02:59:59,56500.0,900.0,392200.0
681,2021-10-19 02:59:51,56700.0,200.0,391300.0
682,2021-10-19 02:59:47,56500.0,100.0,391100.0
683,2021-10-19 02:59:47,56500.0,100.0,391000.0
684,2021-10-19 02:59:21,56500.0,300.0,390900.0
685,2021-10-19 02:59:21,56600.0,500.0,390600.0
686,2021-10-19 02:59:21,56600.0,300.0,390100.0
687,2021-10-19 02:59:21,56600.0,1000.0,389800.0
688,2021-10-19 02:59:21,56600.0,100.0,388800.0
689,2021-10-19 02:59:21,56700.0,800.0,388700.0
690,2021-10-19 02:59:15,56700.0,1000.0,387900.0
691,2021-10-19 02:59:15,56700.0,200.0,386900.0
692,2021-10-19 02:59:07,56700.0,1000.0,386700.0
693,2021-10-19 02:59:07,56700.0,4300.0,385700.0
694,2021-10-19 02:58:44,56700.0,100.0,381400.0
695,2021-10-19 02:58:22,56800.0,600.0,381300.0
696,2021-10-19 02:58:06,56700.0,300.0,380700.0
697,2021-10-19 02:57:59,56700.0,200.0,380400.0
698,2021-10-19 02:57:42,56800.0,1100.0,380200.0
699,2021-10-19 02:57:42,56800.0,100.0,379100.0
700,2021-10-19 02:57:38,56800.0,400.0,379000.0
701,2021-10-19 02:57:38,56800.0,100.0,378600.0
702,2021-10-19 02:56:33,56800.0,900.0,378500.0
703,2021-10-19 02:56:33,56800.0,1100.0,377600.0
704,2021-10-19 02:56:27,56700.0,500.0,376500.0
705,2021-10-19 02:55:48,56800.0,1000.0,376000.0
706,2021-10-19 02:54:49,56800.0,100.0,375000.0
707,2021-10-19 02:54:49,56800.0,800.0,374900.0
708,2021-10-19 02:54:47,56800.0,200.0,374100.0
709,2021-10-19 02:54:47,56800.0,300.0,373900.0
710,2021-10-19 02:54:30,56800.0,100.0,373600.0
711,2021-10-19 02:54:23,56800.0,1000.0,373500.0
712,2021-10-19 02:54:23,56800.0,300.0,372500.0
713,2021-10-19 02:54:20,56800.0,100.0,372200.0
714,2021-10-19 02:53:50,56800.0,200.0,372100.0
715,2021-10-19 02:52:45,56900.0,100.0,371900.0
716,2021-10-19 02:52:45,56900.0,100.0,371800.0
717,2021-10-19 02:52:44,56900.0,500.0,371700.0
718,2021-10-19 02:52:42,56900.0,200.0,371200.0
719,2021-10-19 02:51:57,56900.0,100.0,371000.0
720,2021-10-19 02:51:57,56900.0,100.0,370900.0
721,2021-10-19 02:51:57,56900.0,100.0,370800.0
722,2021-10-19 02:51:55,57000.0,2000.0,370700.0
723,2021-10-19 02:51:45,57000.0,3200.0,368700.0
724,2021-10-19 02:51:13,57000.0,1000.0,365500.0
725,2021-10-19 02:51:02,57000.0,1000.0,364500.0
726,2021-10-19 02:50:15,57000.0,200.0,363500.0
727,2021-10-19 02:50:02,57000.0,300.0,363300.0
728,2021-10-19 02:50:01,57000.0,200.0,363000.0
729,2021-10-19 02:50:01,57000.0,100.0,362800.0
730,2021-10-19 02:50:00,57000.0,1000.0,362700.0
731,2021-10-19 02:49:54,57000.0,900.0,361700.0
732,2021-10-19 02:49:51,57000.0,200.0,360800.0
733,2021-10-19 02:49:49,57000.0,1000.0,360600.0
734,2021-10-19 02:49:46,57000.0,100.0,359600.0
735,2021-10-19 02:49:45,57000.0,100.0,359500.0
736,2021-10-19 02:49:45,57000.0,500.0,359400.0
737,2021-10-19 02:49:45,57000.0,300.0,358900.0
738,2021-10-19 02:49:45,57000.0,6500.0,358600.0
739,2021-10-19 02:49:45,57000.0,300.0,352100.0
740,2021-10-19 02:49:45,57000.0,2000.0,351800.0
741,2021-10-19 02:49:45,57000.0,400.0,349800.0
742,2021-10-19 02:49:45,57000.0,1400.0,349400.0
743,2021-10-19 02:49:45,56900.0,100.0,348000.0
744,2021-10-19 02:49:45,56900.0,100.0,347900.0
745,2021-10-19 02:49:43,56900.0,500.0,347800.0
746,2021-10-19 02:49:35,56900.0,200.0,347300.0
747,2021-10-19 02:49:35,56900.0,100.0,347100.0
748,2021-10-19 02:49:35,57000.0,200.0,347000.0
749,2021-10-19 02:49:34,56900.0,400.0,346800.0
750,2021-10-19 02:49:34,56900.0,100.0,346400.0
751,2021-10-19 02:49:28,56900.0,200.0,346300.0
752,2021-10-19 02:49:26,57000.0,100.0,346100.0
753,2021-10-19 02:49:08,57000.0,300.0,346000.0
754,2021-10-19 02:49:00,57000.0,3000.0,345700.0
755,2021-10-19 02:49:00,57000.0,5000.0,342700.0
756,2021-10-19 02:48:57,57000.0,500.0,337700.0
757,2021-10-19 02:48:56,57000.0,200.0,337200.0
758,2021-10-19 02:48:53,57100.0,300.0,337000.0
759,2021-10-19 02:48:52,57000.0,2500.0,336700.0
760,2021-10-19 02:48:47,57000.0,200.0,334200.0
761,2021-10-19 02:48:39,57000.0,1300.0,334000.0
762,2021-10-19 02:48:32,57000.0,300.0,332700.0
763,2021-10-19 02:48:28,57100.0,100.0,332400.0
764,2021-10-19 02:48:27,57100.0,500.0,332300.0
765,2021-10-19 02:48:18,57100.0,1300.0,331800.0
766,2021-10-19 02:48:12,57100.0,200.0,330500.0
767,2021-10-19 02:48:05,57100.0,1100.0,330300.0
768,2021-10-19 02:48:03,57000.0,100.0,329200.0
769,2021-10-19 02:48:02,57000.0,200.0,329100.0
770,2021-10-19 02:47:44,57000.0,2000.0,328900.0
771,2021-10-19 02:47:44,57000.0,100.0,326900.0
772,2021-10-19 02:47:44,57000.0,2600.0,326800.0
773,2021-10-19 02:47:41,57000.0,3000.0,324200.0
774,2021-10-19 02:47:34,57000.0,4400.0,321200.0
775,2021-10-19 02:47:22,57000.0,300.0,316800.0
776,2021-10-19 02:47:22,57000.0,500.0,316500.0
777,2021-10-19 02:47:22,57000.0,100.0,316000.0
778,2021-10-19 02:47:22,57000.0,100.0,315900.0
779,2021-10-19 02:47:22,57000.0,100.0,315800.0
780,2021-10-19 02:47:22,57000.0,300.0,315700.0
781,2021-10-19 02:47:22,57000.0,2200.0,315400.0
782,2021-10-19 02:47:22,56900.0,2000.0,313200.0
783,2021-10-19 02:47:22,56900.0,100.0,311200.0
784,2021-10-19 02:47:14,56900.0,2000.0,311100.0
785,2021-10-19 02:47:06,56900.0,2000.0,309100.0
786,2021-10-19 02:47:06,56900.0,3900.0,307100.0
787,2021-10-19 02:46:53,57000.0,200.0,303200.0
788,2021-10-19 02:46:49,57000.0,1000.0,303000.0
789,2021-10-19 02:46:46,56900.0,100.0,302000.0
790,2021-10-19 02:46:39,57000.0,13800.0,301900.0
791,2021-10-19 02:46:39,57000.0,500.0,288100.0
792,2021-10-19 02:46:39,57000.0,1000.0,287600.0
793,2021-10-19 02:46:39,57000.0,1000.0,286600.0
794,2021-10-19 02:46:39,57000.0,100.0,285600.0
795,2021-10-19 02:46:39,57000.0,100.0,285500.0
796,2021-10-19 02:46:39,57000.0,100.0,285400.0
797,2021-10-19 02:46:39,57000.0,3000.0,285300.0
798,2021-10-19 02:46:39,57000.0,200.0,282300.0
799,2021-10-19 02:46:39,56900.0,5200.0,282100.0
800,2021-10-19 02:46:35,56800.0,300.0,276900.0
801,2021-10-19 02:46:35,56800.0,600.0,276600.0
802,2021-10-19 02:46:31,56900.0,2900.0,276000.0
803,2021-10-19 02:46:30,56900.0,1900.0,273100.0
804,2021-10-19 02:46:30,56900.0,100.0,271200.0
805,2021-10-19 02:46:30,56900.0,500.0,271100.0
806,2021-10-19 02:46:30,56900.0,1000.0,270600.0
807,2021-10-19 02:46:30,56900.0,1000.0,269600.0
808,2021-10-19 02:46:30,56900.0,500.0,268600.0
809,2021-10-19 02:46:30,56900.0,5000.0,268100.0
810,2021-10-19 02:46:13,56800.0,200.0,263100.0
811,2021-10-19 02:46:13,56800.0,1000.0,262900.0
812,2021-10-19 02:46:13,56800.0,100.0,261900.0
813,2021-10-19 02:46:02,56700.0,4000.0,261800.0
814,2021-10-19 02:46:02,56700.0,300.0,257800.0
815,2021-10-19 02:46:02,56700.0,100.0,257500.0
816,2021-10-19 02:46:02,56700.0,200.0,257400.0
817,2021-10-19 02:46:02,56700.0,100.0,257200.0
818,2021-10-19 02:45:24,56600.0,100.0,257100.0
819,2021-10-19 02:45:24,56600.0,100.0,257000.0
820,2021-10-19 02:44:58,56500.0,100.0,256900.0
821,2021-10-19 02:44:52,56600.0,500.0,256800.0
822,2021-10-19 02:44:48,56500.0,400.0,256300.0
823,2021-10-19 02:44:48,56500.0,100.0,255900.0
824,2021-10-19 02:44:48,56500.0,1000.0,255800.0
825,2021-10-19 02:44:32,56500.0,100.0,254800.0
826,2021-10-19 02:44:31,56500.0,200.0,254700.0
827,2021-10-19 02:44:30,56500.0,1000.0,254500.0
828,2021-10-19 02:44:30,56500.0,200.0,253500.0
829,2021-10-19 02:44:14,56500.0,3000.0,253300.0
830,2021-10-19 02:44:12,56500.0,100.0,250300.0
831,2021-10-19 02:43:13,56500.0,400.0,250200.0
832,2021-10-19 02:43:13,56500.0,100.0,249800.0
833,2021-10-19 02:43:08,56400.0,400.0,249700.0
834,2021-10-19 02:43:08,56400.0,2100.0,249300.0
835,2021-10-19 02:42:43,56500.0,400.0,247200.0
836,2021-10-19 02:42:39,56500.0,100.0,246800.0
837,2021-10-19 02:42:39,56500.0,300.0,246700.0
838,2021-10-19 02:42:39,56500.0,200.0,246400.0
839,2021-10-19 02:42:38,56400.0,1000.0,246200.0
840,2021-10-19 02:42:25,56400.0,100.0,245200.0
841,2021-10-19 02:42:15,56400.0,200.0,245100.0
842,2021-10-19 02:42:11,56400.0,100.0,244900.0
843,2021-10-19 02:42:11,56400.0,2000.0,244800.0
844,2021-10-19 02:42:11,56400.0,200.0,242800.0
845,2021-10-19 02:42:11,56400.0,900.0,242600.0
846,2021-10-19 02:42:11,56400.0,500.0,241700.0
847,2021-10-19 02:42:11,56400.0,2000.0,241200.0
848,2021-10-19 02:42:11,56400.0,300.0,239200.0
849,2021-10-19 02:42:11,56400.0,600.0,238900.0
850,2021-10-19 02:41:08,56300.0,500.0,238300.0
851,2021-10-19 02:40:45,56300.0,100.0,237800.0
852,2021-10-19 02:40:31,56300.0,900.0,237700.0
853,2021-10-19 02:40:31,56300.0,900.0,236800.0
854,2021-10-19 02:40:21,56200.0,500.0,235900.0
855,2021-10-19 02:40:00,56300.0,100.0,235400.0
856,2021-10-19 02:39:48,56300.0,100.0,235300.0
857,2021-10-19 02:39:44,56200.0,6300.0,235200.0
858,2021-10-19 02:39:44,56200.0,2000.0,228900.0
859,2021-10-19 02:39:44,56200.0,1700.0,226900.0
860,2021-10-19 02:39:29,56300.0,500.0,225200.0
861,2021-10-19 02:39:29,56300.0,400.0,224700.0
862,2021-10-19 02:38:41,56300.0,100.0,224300.0
863,2021-10-19 02:38:41,56300.0,900.0,224200.0
864,2021-10-19 02:38:13,56300.0,100.0,223300.0
865,2021-10-19 02:38:13,56300.0,400.0,223200.0
866,2021-10-19 02:38:08,56200.0,200.0,222800.0
867,2021-10-19 02:37:06,56200.0,700.0,222600.0
868,2021-10-19 02:37:06,56200.0,500.0,221900.0
869,2021-10-19 02:37:06,56200.0,200.0,221400.0
870,2021-10-19 02:37:06,56200.0,200.0,221200.0
871,2021-10-19 02:37:06,56200.0,300.0,221000.0
872,2021-10-19 02:37:06,56200.0,5000.0,220700.0
873,2021-10-19 02:37:06,56200.0,100.0,215700.0
874,2021-10-19 02:37:06,56200.0,1100.0,215600.0
875,2021-10-19 02:36:44,56100.0,200.0,214500.0
876,2021-10-19 02:36:44,56100.0,400.0,214300.0
877,2021-10-19 02:36:35,56200.0,1000.0,213900.0
878,2021-10-19 02:36:20,56200.0,1700.0,212900.0
879,2021-10-19 02:36:15,56200.0,500.0,211200.0
880,2021-10-19 02:36:02,56200.0,100.0,210700.0
881,2021-10-19 02:35:57,56200.0,3700.0,210600.0
882,2021-10-19 02:35:27,56200.0,400.0,206900.0
883,2021-10-19 02:35:19,56100.0,600.0,206500.0
884,2021-10-19 02:35:19,56100.0,100.0,205900.0
885,2021-10-19 02:35:19,56100.0,500.0,205800.0
886,2021-10-19 02:35:19,56100.0,800.0,205300.0
887,2021-10-19 02:34:22,56100.0,800.0,204500.0
888,2021-10-19 02:34:14,56100.0,1400.0,203700.0
889,2021-10-19 02:34:14,56100.0,600.0,202300.0
890,2021-10-19 02:33:27,56200.0,200.0,201700.0
891,2021-10-19 02:33:18,56200.0,500.0,201500.0
892,2021-10-19 02:33:16,56200.0,800.0,201000.0
893,2021-10-19 02:33:16,56200.0,200.0,200200.0
894,2021-10-19 02:33:16,56200.0,4000.0,200000.0
895,2021-10-19 02:32:59,56200.0,300.0,196000.0
896,2021-10-19 02:32:02,56200.0,100.0,195700.0
897,2021-10-19 02:31:57,56200.0,2000.0,195600.0
898,2021-10-19 02:31:37,56100.0,100.0,193600.0
899,2021-10-19 02:31:02,56100.0,200.0,193500.0
900,2021-10-19 02:31:02,56100.0,600.0,193300.0
901,2021-10-19 02:31:01,56100.0,3000.0,192700.0
902,2021-10-19 02:30:34,56100.0,500.0,189700.0
903,2021-10-19 02:30:34,56100.0,5000.0,189200.0
904,2021-10-19 02:30:33,56100.0,500.0,184200.0
905,2021-10-19 02:30:33,56100.0,1500.0,183700.0
906,2021-10-19 02:30:32,56100.0,200.0,182200.0
907,2021-10-19 02:30:29,56100.0,300.0,182000.0
908,2021-10-19 02:30:24,56100.0,1000.0,181700.0
909,2021-10-19 02:30:14,56100.0,100.0,180700.0
910,2021-10-19 02:30:01,56100.0,100.0,180600.0
911,2021-10-19 02:29:50,56100.0,500.0,180500.0
912,2021-10-19 02:29:45,56100.0,1000.0,180000.0
913,2021-10-19 02:29:43,56100.0,100.0,179000.0
914,2021-10-19 02:29:27,56000.0,100.0,178900.0
915,2021-10-19 02:29:15,56000.0,1500.0,178800.0
916,2021-10-19 02:29:13,56000.0,300.0,177300.0
917,2021-10-19 02:29:13,56000.0,200.0,177000.0
918,2021-10-19 02:28:48,56000.0,1800.0,176800.0
919,2021-10-19 02:28:48,56000.0,1000.0,175000.0
920,2021-10-19 02:28:48,56000.0,100.0,174000.0
921,2021-10-19 02:28:48,56000.0,100.0,173900.0
922,2021-10-19 02:28:48,56000.0,300.0,173800.0
923,2021-10-19 02:28:48,56000.0,4700.0,173500.0
924,2021-10-19 02:28:43,56100.0,100.0,168800.0
925,2021-10-19 02:28:32,56100.0,200.0,168700.0
926,2021-10-19 02:28:28,56100.0,100.0,168500.0
927,2021-10-19 02:28:19,56100.0,100.0,168400.0
928,2021-10-19 02:28:15,56100.0,100.0,168300.0
929,2021-10-19 02:28:09,56000.0,300.0,168200.0
930,2021-10-19 02:28:09,56000.0,500.0,167900.0
931,2021-10-19 02:27:22,56100.0,100.0,167400.0
932,2021-10-19 02:27:20,56100.0,300.0,167300.0
933,2021-10-19 02:26:54,56100.0,100.0,167000.0
934,2021-10-19 02:26:54,56100.0,200.0,166900.0
935,2021-10-19 02:26:54,56100.0,100.0,166700.0
936,2021-10-19 02:26:54,56100.0,400.0,166600.0
937,2021-10-19 02:26:54,56100.0,500.0,166200.0
938,2021-10-19 02:26:54,56100.0,2000.0,165700.0
939,2021-10-19 02:26:54,56100.0,800.0,163700.0
940,2021-10-19 02:26:44,56100.0,100.0,162900.0
941,2021-10-19 02:26:42,56100.0,100.0,162800.0
942,2021-10-19 02:26:42,56100.0,1400.0,162700.0
943,2021-10-19 02:26:32,56100.0,3900.0,161300.0
944,2021-10-19 02:26:13,56100.0,2000.0,157400.0
945,2021-10-19 02:25:56,56100.0,400.0,155400.0
946,2021-10-19 02:25:56,56100.0,3000.0,155000.0
947,2021-10-19 02:25:56,56100.0,100.0,152000.0
948,2021-10-19 02:25:56,56100.0,4600.0,151900.0
949,2021-10-19 02:25:52,56100.0,400.0,147300.0
950,2021-10-19 02:25:52,56100.0,100.0,146900.0
951,2021-10-19 02:25:50,56100.0,500.0,146800.0
952,2021-10-19 02:25:36,56100.0,400.0,146300.0
953,2021-10-19 02:25:29,56100.0,100.0,145900.0
954,2021-10-19 02:25:09,56000.0,500.0,145800.0
955,2021-10-19 02:25:09,56000.0,2000.0,145300.0
956,2021-10-19 02:25:09,56000.0,1000.0,143300.0
957,2021-10-19 02:25:09,56000.0,1100.0,142300.0
958,2021-10-19 02:25:05,56000.0,100.0,141200.0
959,2021-10-19 02:25:02,56000.0,200.0,141100.0
960,2021-10-19 02:24:58,56000.0,3600.0,140900.0
961,2021-10-19 02:24:58,56000.0,3000.0,137300.0
962,2021-10-19 02:24:58,56000.0,200.0,134300.0
963,2021-10-19 02:24:58,56000.0,3200.0,134100.0
964,2021-10-19 02:24:54,56000.0,1200.0,130900.0
965,2021-10-19 02:24:48,56000.0,2500.0,129700.0
966,2021-10-19 02:24:44,56000.0,200.0,127200.0
967,2021-10-19 02:24:38,56000.0,200.0,127000.0
968,2021-10-19 02:24:38,56000.0,1000.0,126800.0
969,2021-10-19 02:24:38,56000.0,100.0,125800.0
970,2021-10-19 02:24:38,56000.0,1000.0,125700.0
971,2021-10-19 02:24:38,56000.0,100.0,124700.0
972,2021-10-19 02:24:38,56000.0,2000.0,124600.0
973,2021-10-19 02:24:38,56000.0,500.0,122600.0
974,2021-10-19 02:24:38,56000.0,1500.0,122100.0
975,2021-10-19 02:24:38,56000.0,100.0,120600.0
976,2021-10-19 02:24:38,56000.0,100.0,120500.0
977,2021-10-19 02:24:38,56000.0,1000.0,120400.0
978,2021-10-19 02:24:38,56000.0,1000.0,119400.0
979,2021-10-19 02:24:38,56000.0,200.0,118400.0
980,2021-10-19 02:24:38,56000.0,500.0,118200.0
981,2021-10-19 02:24:38,56000.0,500.0,117700.0
982,2021-10-19 02:24:38,56000.0,3100.0,117200.0
983,2021-10-19 02:24:29,56000.0,100.0,114100.0
984,2021-10-19 02:24:28,56000.0,200.0,114000.0
985,2021-10-19 02:24:24,56000.0,3000.0,113800.0
986,2021-10-19 02:24:22,56100.0,500.0,110800.0
987,2021-10-19 02:24:11,56000.0,200.0,110300.0
988,2021-10-19 02:24:06,56000.0,1000.0,110100.0
989,2021-10-19 02:23:59,56000.0,200.0,109100.0
990,2021-10-19 02:23:57,56100.0,400.0,108900.0
991,2021-10-19 02:23:57,56100.0,600.0,108500.0
992,2021-10-19 02:23:50,56000.0,3000.0,107900.0
993,2021-10-19 02:23:42,56000.0,2000.0,104900.0
994,2021-10-19 02:23:39,56000.0,500.0,102900.0
995,2021-10-19 02:23:29,56000.0,100.0,102400.0
996,2021-10-19 02:23:27,56100.0,100.0,102300.0
997,2021-10-19 02:23:20,56000.0,5000.0,102200.0
998,2021-10-19 02:23:11,56000.0,400.0,97200.0
999,2021-10-19 02:23:11,56000.0,400.0,96800.0
1000,2021-10-19 02:23:11,56000.0,400.0,96400.0
1001,2021-10-19 02:23:11,56000.0,100.0,96000.0
1002,2021-10-19 02:23:11,56000.0,300.0,95900.0
1003,2021-10-19 02:22:54,56000.0,700.0,95600.0
1004,2021-10-19 02:22:54,56000.0,300.0,94900.0
1005,2021-10-19 02:22:51,56000.0,1000.0,94600.0
1006,2021-10-19 02:22:50,56000.0,100.0,93600.0
1007,2021-10-19 02:22:48,56000.0,100.0,93500.0
1008,2021-10-19 02:22:44,56000.0,300.0,93400.0
1009,2021-10-19 02:22:35,56000.0,200.0,93100.0
1010,2021-10-19 02:22:35,56000.0,100.0,92900.0
1011,2021-10-19 02:22:30,56000.0,200.0,92800.0
1012,2021-10-19 02:22:24,56000.0,1800.0,92600.0
1013,2021-10-19 02:22:24,56000.0,200.0,90800.0
1014,2021-10-19 02:22:24,56000.0,1000.0,90600.0
1015,2021-10-19 02:22:24,56000.0,200.0,89600.0
1016,2021-10-19 02:22:24,56000.0,100.0,89400.0
1017,2021-10-19 02:22:24,56000.0,1000.0,89300.0
1018,2021-10-19 02:22:24,56000.0,1000.0,88300.0
1019,2021-10-19 02:22:24,56000.0,100.0,87300.0
1020,2021-10-19 02:22:24,56000.0,100.0,87200.0
1021,2021-10-19 02:22:24,56000.0,100.0,87100.0
1022,2021-10-19 02:22:24,56000.0,1600.0,87000.0
1023,2021-10-19 02:22:21,56000.0,1000.0,85400.0
1024,2021-10-19 02:22:19,56000.0,300.0,84400.0
1025,2021-10-19 02:22:18,56000.0,200.0,84100.0
1026,2021-10-19 02:22:12,56000.0,600.0,83900.0
1027,2021-10-19 02:22:08,56000.0,16300.0,83300.0
1028,2021-10-19 02:22:08,56000.0,1000.0,67000.0
1029,2021-10-19 02:22:08,56000.0,2700.0,66000.0
1030,2021-10-19 02:22:05,56000.0,300.0,63300.0
1031,2021-10-19 02:22:05,56000.0,200.0,63000.0
1032,2021-10-19 02:22:05,56000.0,100.0,62800.0
1033,2021-10-19 02:22:05,56000.0,200.0,62700.0
1034,2021-10-19 02:22:05,56000.0,100.0,62500.0
1035,2021-10-19 02:22:05,56000.0,200.0,62400.0
1036,2021-10-19 02:22:05,56000.0,100.0,62200.0
1037,2021-10-19 02:22:05,56000.0,200.0,62100.0
1038,2021-10-19 02:22:05,56000.0,200.0,61900.0
1039,2021-10-19 02:22:05,56000.0,100.0,61700.0
1040,2021-10-19 02:22:05,56000.0,2000.0,61600.0
1041,2021-10-19 02:22:05,56000.0,100.0,59600.0
1042,2021-10-19 02:22:05,56000.0,500.0,59500.0
1043,2021-10-19 02:22:05,56000.0,100.0,59000.0
1044,2021-10-19 02:22:05,56000.0,200.0,58900.0
1045,2021-10-19 02:22:05,56000.0,100.0,58700.0
1046,2021-10-19 02:22:05,56000.0,2000.0,58600.0
1047,2021-10-19 02:22:05,56000.0,500.0,56600.0
1048,2021-10-19 02:22:05,56000.0,2600.0,56100.0
1049,2021-10-19 02:22:00,56000.0,1000.0,53500.0
1050,2021-10-19 02:21:58,56000.0,1000.0,52500.0
1051,2021-10-19 02:21:58,56000.0,400.0,51500.0
1052,2021-10-19 02:21:58,56000.0,100.0,51100.0
1053,2021-10-19 02:21:58,56000.0,200.0,51000.0
1054,2021-10-19 02:21:58,56000.0,100.0,50800.0
1055,2021-10-19 02:21:58,56000.0,200.0,50700.0
1056,2021-10-19 02:21:57,56000.0,600.0,50500.0
1057,2021-10-19 02:21:39,56000.0,200.0,49900.0
1058,2021-10-19 02:21:39,56000.0,100.0,49700.0
1059,2021-10-19 02:21:39,56000.0,200.0,49600.0
1060,2021-10-19 02:21:35,56000.0,700.0,49400.0
1061,2021-10-19 02:21:35,56000.0,200.0,48700.0
1062,2021-10-19 02:21:35,56000.0,100.0,48500.0
1063,2021-10-19 02:21:35,56000.0,800.0,48400.0
1064,2021-10-19 02:21:27,56000.0,100.0,47600.0
1065,2021-10-19 02:21:08,56000.0,200.0,47500.0
1066,2021-10-19 02:21:08,56000.0,100.0,47300.0
1067,2021-10-19 02:21:08,56000.0,100.0,47200.0
1068,2021-10-19 02:21:08,56000.0,100.0,47100.0
1069,2021-10-19 02:21:08,56000.0,200.0,47000.0
1070,2021-10-19 02:21:08,56100.0,100.0,46800.0
1071,2021-10-19 02:21:08,56100.0,100.0,46700.0
1072,2021-10-19 02:20:35,56100.0,100.0,46600.0
1073,2021-10-19 02:20:35,56100.0,100.0,46500.0
1074,2021-10-19 02:20:35,56100.0,800.0,46400.0
1075,2021-10-19 02:20:11,56100.0,200.0,45600.0
1076,2021-10-19 02:20:11,56100.0,200.0,45400.0
1077,2021-10-19 02:20:11,56100.0,100.0,45200.0
1078,2021-10-19 02:20:11,56100.0,1300.0,45100.0
1079,2021-10-19 02:20:06,56100.0,700.0,43800.0
1080,2021-10-19 02:20:06,56100.0,300.0,43100.0
1081,2021-10-19 02:20:00,56100.0,2000.0,42800.0
1082,2021-10-19 02:19:58,56100.0,800.0,40800.0
1083,2021-10-19 02:19:45,56100.0,1000.0,40000.0
1084,2021-10-19 02:19:19,56100.0,200.0,39000.0
1085,2021-10-19 02:19:19,56100.0,500.0,38800.0
1086,2021-10-19 02:19:19,56100.0,100.0,38300.0
1087,2021-10-19 02:19:19,56100.0,3200.0,38200.0
1088,2021-10-19 02:19:18,56100.0,200.0,35000.0
1089,2021-10-19 02:19:15,56200.0,100.0,34800.0
1090,2021-10-19 02:19:15,56100.0,6600.0,34700.0
1091,2021-10-19 02:19:15,56100.0,1000.0,28100.0
1092,2021-10-19 02:19:15,56100.0,500.0,27100.0
1093,2021-10-19 02:19:15,56100.0,500.0,26600.0
1094,2021-10-19 02:19:15,56100.0,200.0,26100.0
1095,2021-10-19 02:19:15,56100.0,200.0,25900.0
1096,2021-10-19 02:19:15,56100.0,1000.0,25700.0
1097,2021-10-19 02:19:13,56100.0,1000.0,24700.0
1098,2021-10-19 02:19:02,56200.0,1000.0,23700.0
1099,2021-10-19 02:18:58,56200.0,100.0,22700.0
1100,2021-10-19 02:18:57,56200.0,1000.0,22600.0
1101,2021-10-19 02:18:47,56200.0,100.0,21600.0
1102,2021-10-19 02:18:36,56200.0,200.0,21500.0
1103,2021-10-19 02:18:33,56200.0,1100.0,21300.0
1104,2021-10-19 02:18:33,56200.0,800.0,20200.0
1105,2021-10-19 02:18:28,56200.0,200.0,19400.0
1106,2021-10-19 02:17:56,56100.0,2000.0,19200.0
1107,2021-10-19 02:17:46,56200.0,100.0,17200.0
1108,2021-10-19 02:17:46,56200.0,100.0,17100.0
1109,2021-10-19 02:17:33,56200.0,100.0,17000.0
1110,2021-10-19 02:17:33,56200.0,900.0,16900.0
1111,2021-10-19 02:17:28,56200.0,300.0,16000.0
1112,2021-10-19 02:17:25,56200.0,100.0,15700.0
1113,2021-10-19 02:17:24,56200.0,700.0,15600.0
1114,2021-10-19 02:17:24,56200.0,100.0,14900.0
1115,2021-10-19 02:17:24,56200.0,1000.0,14800.0
1116,2021-10-19 02:17:24,56200.0,100.0,13800.0
1117,2021-10-19 02:17:24,56200.0,100.0,13700.0
1118,2021-10-19 02:17:19,56200.0,200.0,13600.0
1119,2021-10-19 02:17:19,56200.0,500.0,13400.0
1120,2021-10-19 02:17:19,56200.0,1000.0,12900.0
1121,2021-10-19 02:17:19,56200.0,300.0,11900.0
1122,2021-10-19 02:17:19,56200.0,100.0,11600.0
1123,2021-10-19 02:17:19,56200.0,300.0,11500.0
1124,2021-10-19 02:17:19,56200.0,200.0,11200.0
1125,2021-10-19 02:17:19,56200.0,100.0,11000.0
1126,2021-10-19 02:17:19,56200.0,100.0,10900.0
1127,2021-10-19 02:17:19,56200.0,900.0,10800.0
1128,2021-10-19 02:17:19,56200.0,800.0,9900.0
1129,2021-10-19 02:17:19,56200.0,500.0,9100.0
1130,2021-10-19 02:17:16,56200.0,100.0,8600.0
1131,2021-10-19 02:17:04,56200.0,700.0,8500.0
1132,2021-10-19 02:16:47,56300.0,100.0,7800.0
1133,2021-10-19 02:16:38,56200.0,700.0,7700.0
1134,2021-10-19 02:16:36,56300.0,100.0,7000.0
1135,2021-10-19 02:15:52,56300.0,500.0,6900.0
1136,2021-10-19 02:15:52,56300.0,500.0,6400.0
1137,2021-10-19 02:15:01,56300.0,600.0,5900.0
1138,2021-10-19 02:15:01,56300.0,100.0,5300.0
1139,2021-10-19 02:15:01,56300.0,1300.0,5200.0
1140,2021-10-19 02:15:00,56300.0,100.0,3900.0
1141,2021-10-19 02:15:00,56300.0,200.0,3800.0
1142,2021-10-19 02:15:00,56300.0,100.0,3600.0
1143,2021-10-19 02:15:00,56300.0,500.0,3500.0
1144,2021-10-19 02:15:00,56300.0,100.0,3000.0
1145,2021-10-19 02:15:00,56300.0,200.0,2900.0
1146,2021-10-19 02:15:00,56300.0,200.0,2700.0
1147,2021-10-19 02:15:00,56300.0,100.0,2500.0
1148,2021-10-19 02:15:00,56300.0,100.0,2400.0
1149,2021-10-19 02:15:00,56300.0,100.0,2300.0
1150,2021-10-19 02:15:00,56300.0,100.0,2200.0
1151,2021-10-19 02:15:00,56300.0,1000.0,2100.0
1152,2021-10-19 02:15:00,56300.0,1000.0,1100.0
1153,2021-10-19 02:15:00,56300.0,100.0,100.0
