,Time,Price,Volume_per_trade,Volume
0,2021-10-07 14:45:02,16200.0,4600.0,469336.0
1,2021-10-07 14:29:11,16200.0,2000.0,464736.0
2,2021-10-07 14:28:56,16200.0,1000.0,462736.0
3,2021-10-07 14:28:52,16200.0,900.0,461736.0
4,2021-10-07 14:28:47,16200.0,1000.0,460836.0
5,2021-10-07 14:28:11,16200.0,2000.0,459836.0
6,2021-10-07 14:27:49,16200.0,1000.0,457836.0
7,2021-10-07 14:27:13,16200.0,100.0,456836.0
8,2021-10-07 14:26:53,16100.0,500.0,456736.0
9,2021-10-07 14:26:28,16100.0,500.0,456236.0
10,2021-10-07 14:23:47,16100.0,200.0,455736.0
11,2021-10-07 14:22:53,16100.0,1000.0,455536.0
12,2021-10-07 14:22:29,16100.0,1000.0,454536.0
13,2021-10-07 14:22:13,16100.0,100.0,453536.0
14,2021-10-07 14:20:39,16100.0,500.0,453436.0
15,2021-10-07 14:19:46,16000.0,60.0,452936.0
16,2021-10-07 14:16:59,16000.0,400.0,452876.0
17,2021-10-07 14:15:24,16000.0,500.0,452476.0
18,2021-10-07 14:15:17,16100.0,5000.0,451976.0
19,2021-10-07 14:14:46,16000.0,7000.0,446976.0
20,2021-10-07 14:13:13,16000.0,300.0,439976.0
21,2021-10-07 14:10:19,16000.0,5000.0,439676.0
22,2021-10-07 14:09:47,16100.0,100.0,434676.0
23,2021-10-07 14:09:30,16100.0,400.0,434576.0
24,2021-10-07 14:08:04,16100.0,500.0,434176.0
25,2021-10-07 14:04:43,16000.0,200.0,433676.0
26,2021-10-07 14:03:13,16000.0,200.0,433476.0
27,2021-10-07 13:58:52,16000.0,5400.0,433276.0
28,2021-10-07 13:58:19,16000.0,200.0,427876.0
29,2021-10-07 13:58:15,16000.0,300.0,427676.0
30,2021-10-07 13:58:12,16000.0,200.0,427376.0
31,2021-10-07 13:58:07,16000.0,1700.0,427176.0
32,2021-10-07 13:58:04,16000.0,1500.0,425476.0
33,2021-10-07 13:58:00,16000.0,2000.0,423976.0
34,2021-10-07 13:57:55,16000.0,1500.0,421976.0
35,2021-10-07 13:57:49,16000.0,700.0,420476.0
36,2021-10-07 13:57:46,16000.0,900.0,419776.0
37,2021-10-07 13:57:35,16000.0,3000.0,418876.0
38,2021-10-07 13:57:27,16000.0,900.0,415876.0
39,2021-10-07 13:57:23,16000.0,800.0,414976.0
40,2021-10-07 13:57:18,16000.0,2000.0,414176.0
41,2021-10-07 13:57:09,16000.0,1700.0,412176.0
42,2021-10-07 13:57:05,16000.0,700.0,410476.0
43,2021-10-07 13:57:02,16000.0,900.0,409776.0
44,2021-10-07 13:56:59,16000.0,1800.0,408876.0
45,2021-10-07 13:56:52,16000.0,3000.0,407076.0
46,2021-10-07 13:56:51,16100.0,200.0,404076.0
47,2021-10-07 13:56:47,16000.0,700.0,403876.0
48,2021-10-07 13:56:43,16000.0,1900.0,403176.0
49,2021-10-07 13:56:39,16000.0,2000.0,401276.0
50,2021-10-07 13:56:38,16100.0,500.0,399276.0
51,2021-10-07 13:56:36,16000.0,800.0,398776.0
52,2021-10-07 13:55:58,16100.0,1200.0,397976.0
53,2021-10-07 13:55:55,16100.0,1900.0,396776.0
54,2021-10-07 13:55:52,16100.0,2000.0,394876.0
55,2021-10-07 13:53:35,16100.0,900.0,392876.0
56,2021-10-07 13:53:33,16100.0,200.0,391976.0
57,2021-10-07 13:53:11,16100.0,800.0,391776.0
58,2021-10-07 13:53:08,16100.0,800.0,390976.0
59,2021-10-07 13:52:16,16100.0,2200.0,390176.0
60,2021-10-07 13:52:00,16000.0,3200.0,387976.0
61,2021-10-07 13:51:48,16100.0,1000.0,384776.0
62,2021-10-07 13:51:35,16000.0,1000.0,383776.0
63,2021-10-07 13:51:12,16100.0,300.0,382776.0
64,2021-10-07 13:50:58,16100.0,100.0,382476.0
65,2021-10-07 13:50:43,16100.0,1000.0,382376.0
66,2021-10-07 13:50:17,16100.0,2000.0,381376.0
67,2021-10-07 13:49:30,16100.0,1600.0,379376.0
68,2021-10-07 13:47:06,16100.0,100.0,377776.0
69,2021-10-07 13:46:13,16000.0,5000.0,377676.0
70,2021-10-07 13:46:00,16000.0,10000.0,372676.0
71,2021-10-07 13:45:59,16000.0,5000.0,362676.0
72,2021-10-07 13:45:15,16000.0,13000.0,357676.0
73,2021-10-07 13:43:39,16100.0,5000.0,344676.0
74,2021-10-07 13:42:28,16100.0,1000.0,339676.0
75,2021-10-07 13:42:08,16200.0,3400.0,338676.0
76,2021-10-07 13:40:48,16200.0,3000.0,335276.0
77,2021-10-07 13:40:23,16200.0,12000.0,332276.0
78,2021-10-07 13:38:20,16200.0,500.0,320276.0
79,2021-10-07 13:36:02,16200.0,400.0,319776.0
80,2021-10-07 13:35:52,16300.0,100.0,319376.0
81,2021-10-07 13:35:39,16300.0,200.0,319276.0
82,2021-10-07 13:34:16,16300.0,100.0,319076.0
83,2021-10-07 13:34:13,16300.0,500.0,318976.0
84,2021-10-07 13:34:12,16300.0,200.0,318476.0
85,2021-10-07 13:34:02,16300.0,300.0,318276.0
86,2021-10-07 13:33:26,16300.0,3000.0,317976.0
87,2021-10-07 13:32:59,16200.0,6500.0,314976.0
88,2021-10-07 13:32:41,16200.0,2000.0,308476.0
89,2021-10-07 13:32:23,16200.0,1500.0,306476.0
90,2021-10-07 13:31:05,16200.0,5000.0,304976.0
91,2021-10-07 13:30:17,16200.0,1000.0,299976.0
92,2021-10-07 13:29:28,16200.0,700.0,298976.0
93,2021-10-07 13:29:14,16200.0,100.0,298276.0
94,2021-10-07 13:29:09,16200.0,200.0,298176.0
95,2021-10-07 13:29:04,16200.0,100.0,297976.0
96,2021-10-07 13:28:56,16200.0,100.0,297876.0
97,2021-10-07 13:28:53,16200.0,200.0,297776.0
98,2021-10-07 13:28:52,16200.0,300.0,297576.0
99,2021-10-07 13:28:45,16200.0,2700.0,297276.0
100,2021-10-07 13:28:43,16200.0,100.0,294576.0
101,2021-10-07 13:28:34,16200.0,1000.0,294476.0
102,2021-10-07 13:28:10,16100.0,1400.0,293476.0
103,2021-10-07 13:28:07,16100.0,2000.0,292076.0
104,2021-10-07 13:28:06,16100.0,500.0,290076.0
105,2021-10-07 13:26:22,16100.0,500.0,289576.0
106,2021-10-07 13:26:15,16000.0,4400.0,289076.0
107,2021-10-07 13:26:13,16000.0,5000.0,284676.0
108,2021-10-07 13:26:10,16000.0,10000.0,279676.0
109,2021-10-07 13:25:53,16000.0,1000.0,269676.0
110,2021-10-07 13:25:46,16000.0,4800.0,268676.0
111,2021-10-07 13:25:38,16100.0,100.0,263876.0
112,2021-10-07 13:25:35,16100.0,500.0,263776.0
113,2021-10-07 13:25:23,16100.0,400.0,263276.0
114,2021-10-07 13:25:09,16000.0,10000.0,262876.0
115,2021-10-07 13:24:56,16000.0,1000.0,252876.0
116,2021-10-07 13:24:31,16100.0,200.0,251876.0
117,2021-10-07 13:24:30,16000.0,100.0,251676.0
118,2021-10-07 13:23:59,16100.0,2800.0,251576.0
119,2021-10-07 13:23:39,16100.0,1000.0,248776.0
120,2021-10-07 13:23:27,16100.0,1000.0,247776.0
121,2021-10-07 13:23:08,16100.0,5000.0,246776.0
122,2021-10-07 13:22:48,16200.0,400.0,241776.0
123,2021-10-07 13:22:13,16100.0,800.0,241376.0
124,2021-10-07 13:21:50,16200.0,2200.0,240576.0
125,2021-10-07 13:21:37,16200.0,100.0,238376.0
126,2021-10-07 13:21:08,16200.0,800.0,238276.0
127,2021-10-07 13:20:42,16300.0,500.0,237476.0
128,2021-10-07 13:20:11,16300.0,2400.0,236976.0
129,2021-10-07 13:19:47,16400.0,1000.0,234576.0
130,2021-10-07 13:19:35,16300.0,1000.0,233576.0
131,2021-10-07 13:19:08,16300.0,100.0,232576.0
132,2021-10-07 13:17:34,16500.0,100.0,232476.0
133,2021-10-07 13:16:30,16500.0,300.0,232376.0
134,2021-10-07 13:16:22,16500.0,10000.0,232076.0
135,2021-10-07 13:15:58,16500.0,500.0,222076.0
136,2021-10-07 13:15:50,16600.0,200.0,221576.0
137,2021-10-07 13:15:43,16600.0,300.0,221376.0
138,2021-10-07 13:14:36,16800.0,500.0,221076.0
139,2021-10-07 13:12:32,17000.0,300.0,220576.0
140,2021-10-07 13:11:50,17000.0,100.0,220276.0
141,2021-10-07 13:11:43,17000.0,1300.0,220176.0
142,2021-10-07 13:09:46,17000.0,600.0,218876.0
143,2021-10-07 13:07:54,17100.0,400.0,218276.0
144,2021-10-07 13:00:07,17200.0,500.0,217876.0
145,2021-10-07 13:00:06,17200.0,1500.0,217376.0
146,2021-10-07 13:00:02,17000.0,1000.0,215876.0
147,2021-10-07 11:29:53,17200.0,100.0,214876.0
148,2021-10-07 11:29:41,17200.0,600.0,214776.0
149,2021-10-07 11:29:37,17200.0,100.0,214176.0
150,2021-10-07 11:29:22,17200.0,100.0,214076.0
151,2021-10-07 11:23:27,17200.0,400.0,213976.0
152,2021-10-07 11:22:07,17200.0,100.0,213576.0
153,2021-10-07 11:21:56,17200.0,100.0,213476.0
154,2021-10-07 11:21:52,17200.0,300.0,213376.0
155,2021-10-07 11:21:49,17200.0,200.0,213076.0
156,2021-10-07 11:21:44,17300.0,100.0,212876.0
157,2021-10-07 11:21:09,17200.0,800.0,212776.0
158,2021-10-07 11:17:52,17000.0,300.0,211976.0
159,2021-10-07 11:17:50,17000.0,300.0,211676.0
160,2021-10-07 11:17:36,17000.0,5600.0,211376.0
161,2021-10-07 11:16:54,17300.0,100.0,205776.0
162,2021-10-07 11:15:15,17400.0,300.0,205676.0
163,2021-10-07 11:14:43,17500.0,30.0,205376.0
164,2021-10-07 11:13:52,17500.0,600.0,205346.0
165,2021-10-07 11:13:07,17500.0,400.0,204746.0
166,2021-10-07 11:09:52,17600.0,100.0,204346.0
167,2021-10-07 11:07:24,17600.0,200.0,204246.0
168,2021-10-07 11:06:40,17600.0,100.0,204046.0
169,2021-10-07 11:02:54,17700.0,100.0,203946.0
170,2021-10-07 11:00:02,17700.0,600.0,203846.0
171,2021-10-07 10:57:44,17700.0,50.0,203246.0
172,2021-10-07 10:54:05,17700.0,6000.0,203196.0
173,2021-10-07 10:49:04,17700.0,200.0,197196.0
174,2021-10-07 10:48:46,17700.0,13.0,196996.0
175,2021-10-07 10:45:32,17700.0,38.0,196983.0
176,2021-10-07 10:42:46,17700.0,500.0,196945.0
177,2021-10-07 10:41:54,17700.0,1500.0,196445.0
178,2021-10-07 10:41:37,17700.0,1500.0,194945.0
179,2021-10-07 10:41:36,17700.0,2700.0,193445.0
180,2021-10-07 10:35:59,18000.0,600.0,190745.0
181,2021-10-07 10:30:05,18000.0,2000.0,190145.0
182,2021-10-07 10:28:38,18000.0,400.0,188145.0
183,2021-10-07 10:28:37,18000.0,300.0,187745.0
184,2021-10-07 10:28:23,18000.0,6000.0,187445.0
185,2021-10-07 10:28:10,18000.0,100.0,181445.0
186,2021-10-07 10:25:05,18000.0,500.0,181345.0
187,2021-10-07 10:19:26,18000.0,12000.0,180845.0
188,2021-10-07 10:18:29,18100.0,100.0,168845.0
189,2021-10-07 10:18:21,18100.0,1000.0,168745.0
190,2021-10-07 10:18:15,18100.0,200.0,167745.0
191,2021-10-07 10:18:11,18100.0,300.0,167545.0
192,2021-10-07 10:16:41,18100.0,1000.0,167245.0
193,2021-10-07 10:13:56,18000.0,300.0,166245.0
194,2021-10-07 10:13:52,18000.0,500.0,165945.0
195,2021-10-07 10:13:11,18000.0,1200.0,165445.0
196,2021-10-07 10:12:22,18000.0,100.0,164245.0
197,2021-10-07 10:11:55,17800.0,2000.0,164145.0
198,2021-10-07 10:09:40,17800.0,300.0,162145.0
199,2021-10-07 10:09:27,17800.0,1000.0,161845.0
200,2021-10-07 10:09:23,17800.0,700.0,160845.0
201,2021-10-07 10:08:06,17800.0,200.0,160145.0
202,2021-10-07 10:07:47,17800.0,100.0,159945.0
203,2021-10-07 10:07:34,17800.0,300.0,159845.0
204,2021-10-07 10:06:36,18000.0,1000.0,159545.0
205,2021-10-07 10:05:57,18000.0,1000.0,158545.0
206,2021-10-07 10:05:47,18000.0,400.0,157545.0
207,2021-10-07 10:03:37,18000.0,15000.0,157145.0
208,2021-10-07 10:03:20,18200.0,11000.0,142145.0
209,2021-10-07 10:02:51,18600.0,2000.0,131145.0
210,2021-10-07 10:00:59,18500.0,100.0,129145.0
211,2021-10-07 10:00:05,18500.0,200.0,129045.0
212,2021-10-07 09:59:33,18500.0,800.0,128845.0
213,2021-10-07 09:57:12,18500.0,3300.0,128045.0
214,2021-10-07 09:57:00,18800.0,2600.0,124745.0
215,2021-10-07 09:56:55,18500.0,1300.0,122145.0
216,2021-10-07 09:54:08,18800.0,500.0,120845.0
217,2021-10-07 09:52:33,18800.0,2000.0,120345.0
218,2021-10-07 09:52:28,18500.0,1000.0,118345.0
219,2021-10-07 09:50:46,18800.0,500.0,117345.0
220,2021-10-07 09:48:40,18800.0,200.0,116845.0
221,2021-10-07 09:48:02,18800.0,300.0,116645.0
222,2021-10-07 09:47:46,19000.0,3400.0,116345.0
223,2021-10-07 09:47:26,19000.0,300.0,112945.0
224,2021-10-07 09:47:20,19100.0,300.0,112645.0
225,2021-10-07 09:47:16,19100.0,1000.0,112345.0
226,2021-10-07 09:46:44,19200.0,1800.0,111345.0
227,2021-10-07 09:44:42,19300.0,300.0,109545.0
228,2021-10-07 09:44:05,19300.0,100.0,109245.0
229,2021-10-07 09:43:24,19300.0,5000.0,109145.0
230,2021-10-07 09:42:52,19200.0,1000.0,104145.0
231,2021-10-07 09:39:59,19300.0,600.0,103145.0
232,2021-10-07 09:39:50,19300.0,400.0,102545.0
233,2021-10-07 09:37:25,19300.0,1000.0,102145.0
234,2021-10-07 09:37:06,19200.0,4000.0,101145.0
235,2021-10-07 09:36:37,19300.0,1000.0,97145.0
236,2021-10-07 09:34:53,19300.0,3400.0,96145.0
237,2021-10-07 09:33:40,19300.0,400.0,92745.0
238,2021-10-07 09:32:48,19300.0,100.0,92345.0
239,2021-10-07 09:32:40,19300.0,100.0,92245.0
240,2021-10-07 09:32:27,19300.0,100.0,92145.0
241,2021-10-07 09:32:25,19300.0,100.0,92045.0
242,2021-10-07 09:32:14,19300.0,100.0,91945.0
243,2021-10-07 09:30:47,19300.0,600.0,91845.0
244,2021-10-07 09:30:32,19300.0,300.0,91245.0
245,2021-10-07 09:30:12,19300.0,200.0,90945.0
246,2021-10-07 09:29:46,19300.0,800.0,90745.0
247,2021-10-07 09:29:13,19400.0,800.0,89945.0
248,2021-10-07 09:28:58,19400.0,200.0,89145.0
249,2021-10-07 09:28:49,19400.0,300.0,88945.0
250,2021-10-07 09:28:30,19300.0,2500.0,88645.0
251,2021-10-07 09:28:12,19400.0,100.0,86145.0
252,2021-10-07 09:27:56,19300.0,5000.0,86045.0
253,2021-10-07 09:27:21,19400.0,500.0,81045.0
254,2021-10-07 09:26:52,19400.0,900.0,80545.0
255,2021-10-07 09:26:21,19400.0,100.0,79645.0
256,2021-10-07 09:26:16,19400.0,5000.0,79545.0
257,2021-10-07 09:26:09,19400.0,200.0,74545.0
258,2021-10-07 09:25:31,19400.0,700.0,74345.0
259,2021-10-07 09:25:05,19400.0,400.0,73645.0
260,2021-10-07 09:24:44,19400.0,2000.0,73245.0
261,2021-10-07 09:24:42,19400.0,100.0,71245.0
262,2021-10-07 09:24:16,19400.0,400.0,71145.0
263,2021-10-07 09:23:41,19400.0,200.0,70745.0
264,2021-10-07 09:23:22,19400.0,100.0,70545.0
265,2021-10-07 09:23:06,19400.0,1000.0,70445.0
266,2021-10-07 09:22:48,19400.0,500.0,69445.0
267,2021-10-07 09:22:41,19400.0,200.0,68945.0
268,2021-10-07 09:22:04,19400.0,5000.0,68745.0
269,2021-10-07 09:22:01,19400.0,6000.0,63745.0
270,2021-10-07 09:21:14,19400.0,3000.0,57745.0
271,2021-10-07 09:21:07,19400.0,1000.0,54745.0
272,2021-10-07 09:20:37,19400.0,1000.0,53745.0
273,2021-10-07 09:20:24,19400.0,9200.0,52745.0
274,2021-10-07 09:20:15,19400.0,7600.0,43545.0
275,2021-10-07 09:19:53,19300.0,500.0,35945.0
276,2021-10-07 09:19:34,19400.0,100.0,35445.0
277,2021-10-07 09:18:42,19400.0,45.0,35345.0
278,2021-10-07 09:17:10,19400.0,100.0,35300.0
279,2021-10-07 09:15:50,19400.0,100.0,35200.0
280,2021-10-07 09:14:40,19300.0,500.0,35100.0
281,2021-10-07 09:14:15,19300.0,100.0,34600.0
282,2021-10-07 09:14:06,19300.0,1000.0,34500.0
283,2021-10-07 09:13:43,19300.0,1400.0,33500.0
284,2021-10-07 09:13:42,19300.0,1000.0,32100.0
285,2021-10-07 09:13:39,19300.0,100.0,31100.0
286,2021-10-07 09:13:22,19300.0,2000.0,31000.0
287,2021-10-07 09:13:18,19400.0,1000.0,29000.0
288,2021-10-07 09:12:51,19400.0,1000.0,28000.0
289,2021-10-07 09:11:58,19300.0,5100.0,27000.0
290,2021-10-07 09:11:26,19300.0,900.0,21900.0
291,2021-10-07 09:11:20,19300.0,1000.0,21000.0
292,2021-10-07 09:11:11,19300.0,500.0,20000.0
293,2021-10-07 09:11:10,19300.0,1000.0,19500.0
294,2021-10-07 09:11:04,19300.0,1500.0,18500.0
295,2021-10-07 09:10:54,19300.0,1000.0,17000.0
296,2021-10-07 09:10:44,19400.0,600.0,16000.0
297,2021-10-07 09:10:33,19400.0,300.0,15400.0
298,2021-10-07 09:09:19,19400.0,1600.0,15100.0
299,2021-10-07 09:09:08,19300.0,100.0,13500.0
300,2021-10-07 09:08:52,19300.0,1000.0,13400.0
301,2021-10-07 09:08:50,19100.0,100.0,12400.0
302,2021-10-07 09:08:20,19300.0,100.0,12300.0
303,2021-10-07 09:08:17,19300.0,800.0,12200.0
304,2021-10-07 09:08:06,19400.0,1000.0,11400.0
305,2021-10-07 09:08:00,19300.0,2000.0,10400.0
306,2021-10-07 09:06:34,19300.0,400.0,8400.0
307,2021-10-07 09:06:27,19300.0,500.0,8000.0
308,2021-10-07 09:06:17,19300.0,100.0,7500.0
309,2021-10-07 09:05:51,19300.0,500.0,7400.0
310,2021-10-07 09:05:42,19300.0,2700.0,6900.0
311,2021-10-07 09:05:34,19300.0,1000.0,4200.0
312,2021-10-07 09:05:12,19300.0,1000.0,3200.0
313,2021-10-07 09:01:54,18500.0,100.0,2200.0
314,2021-10-07 09:01:09,19400.0,300.0,2100.0
315,2021-10-07 09:00:59,19400.0,1600.0,1800.0
316,2021-10-07 09:00:23,18000.0,200.0,200.0
