,Time,Price,Volume_per_trade,Volume
0,2021-10-19 14:45:03,21400.0,54600.0,444074.0
1,2021-10-19 14:16:56,21400.0,600.0,389474.0
2,2021-10-19 13:37:54,21400.0,1300.0,388874.0
3,2021-10-19 13:36:21,21400.0,2300.0,387574.0
4,2021-10-19 13:35:36,21400.0,1500.0,385274.0
5,2021-10-19 13:29:10,21400.0,400.0,383774.0
6,2021-10-19 13:20:17,21400.0,600.0,383374.0
7,2021-10-19 13:19:24,21400.0,100.0,382774.0
8,2021-10-19 13:18:35,21400.0,300.0,382674.0
9,2021-10-19 13:16:12,21400.0,700.0,382374.0
10,2021-10-19 13:09:19,21400.0,3000.0,381674.0
11,2021-10-19 13:02:34,21400.0,4000.0,378674.0
12,2021-10-19 13:01:50,21400.0,6000.0,374674.0
13,2021-10-19 13:01:47,21400.0,5000.0,368674.0
14,2021-10-19 13:01:45,21400.0,1000.0,363674.0
15,2021-10-19 13:01:41,21400.0,2000.0,362674.0
16,2021-10-19 13:01:38,21400.0,5000.0,360674.0
17,2021-10-19 13:01:33,21400.0,3000.0,355674.0
18,2021-10-19 11:29:24,21400.0,3000.0,352674.0
19,2021-10-19 11:29:19,21400.0,2000.0,349674.0
20,2021-10-19 11:29:16,21400.0,6000.0,347674.0
21,2021-10-19 11:29:12,21400.0,5000.0,341674.0
22,2021-10-19 11:26:06,21400.0,3000.0,336674.0
23,2021-10-19 11:26:03,21400.0,1000.0,333674.0
24,2021-10-19 11:26:01,21400.0,1000.0,332674.0
25,2021-10-19 11:25:59,21400.0,4000.0,331674.0
26,2021-10-19 11:25:56,21400.0,2000.0,327674.0
27,2021-10-19 11:25:53,21400.0,2000.0,325674.0
28,2021-10-19 11:25:50,21400.0,4000.0,323674.0
29,2021-10-19 11:25:47,21400.0,2000.0,319674.0
30,2021-10-19 11:25:45,21400.0,100.0,317674.0
31,2021-10-19 11:25:44,21400.0,3000.0,317574.0
32,2021-10-19 11:23:44,21400.0,100.0,314574.0
33,2021-10-19 11:23:18,21400.0,2900.0,314474.0
34,2021-10-19 11:23:15,21400.0,4000.0,311574.0
35,2021-10-19 11:23:11,21400.0,6000.0,307574.0
36,2021-10-19 11:23:08,21400.0,5000.0,301574.0
37,2021-10-19 11:23:05,21400.0,1000.0,296574.0
38,2021-10-19 11:23:00,21400.0,2000.0,295574.0
39,2021-10-19 11:15:32,21400.0,4500.0,293574.0
40,2021-10-19 11:14:25,21400.0,1000.0,289074.0
41,2021-10-19 11:13:20,21400.0,2500.0,288074.0
42,2021-10-19 11:13:16,21400.0,4000.0,285574.0
43,2021-10-19 11:13:12,21400.0,7000.0,281574.0
44,2021-10-19 11:13:09,21400.0,5000.0,274574.0
45,2021-10-19 11:13:05,21400.0,3000.0,269574.0
46,2021-10-19 11:06:14,21400.0,500.0,266574.0
47,2021-10-19 11:05:30,21400.0,2000.0,266074.0
48,2021-10-19 11:04:27,21400.0,500.0,264074.0
49,2021-10-19 11:01:42,21400.0,3000.0,263574.0
50,2021-10-19 11:01:39,21400.0,4000.0,260574.0
51,2021-10-19 11:01:35,21400.0,2000.0,256574.0
52,2021-10-19 11:00:35,21400.0,11500.0,254574.0
53,2021-10-19 11:00:08,21400.0,500.0,243074.0
54,2021-10-19 10:55:36,21400.0,5000.0,242574.0
55,2021-10-19 10:55:28,21400.0,4000.0,237574.0
56,2021-10-19 10:55:27,21400.0,10000.0,233574.0
57,2021-10-19 10:55:25,21400.0,3000.0,223574.0
58,2021-10-19 10:55:21,21400.0,7000.0,220574.0
59,2021-10-19 10:55:14,21400.0,5000.0,213574.0
60,2021-10-19 10:55:10,21400.0,1000.0,208574.0
61,2021-10-19 10:55:06,21400.0,4000.0,207574.0
62,2021-10-19 10:55:02,21400.0,3000.0,203574.0
63,2021-10-19 10:54:56,21400.0,2000.0,200574.0
64,2021-10-19 10:53:47,21400.0,11500.0,198574.0
65,2021-10-19 10:53:12,21400.0,2000.0,187074.0
66,2021-10-19 10:51:44,21400.0,10400.0,185074.0
67,2021-10-19 10:51:40,21400.0,300.0,174674.0
68,2021-10-19 10:51:12,21400.0,2300.0,174374.0
69,2021-10-19 10:50:55,21400.0,10000.0,172074.0
70,2021-10-19 10:50:48,21400.0,500.0,162074.0
71,2021-10-19 10:50:01,21400.0,1100.0,161574.0
72,2021-10-19 10:49:20,21400.0,1300.0,160474.0
73,2021-10-19 10:48:41,21400.0,500.0,159174.0
74,2021-10-19 10:48:24,21400.0,100.0,158674.0
75,2021-10-19 10:48:09,21400.0,1200.0,158574.0
76,2021-10-19 10:45:30,21400.0,700.0,157374.0
77,2021-10-19 10:45:16,21300.0,4700.0,156674.0
78,2021-10-19 10:44:55,21300.0,4200.0,151974.0
79,2021-10-19 10:44:39,21300.0,3900.0,147774.0
80,2021-10-19 10:44:22,21300.0,4500.0,143874.0
81,2021-10-19 10:44:13,21200.0,1500.0,139374.0
82,2021-10-19 10:43:54,21300.0,600.0,137874.0
83,2021-10-19 10:43:15,21300.0,1000.0,137274.0
84,2021-10-19 10:42:30,21200.0,1500.0,136274.0
85,2021-10-19 10:42:06,21200.0,3000.0,134774.0
86,2021-10-19 10:40:50,21200.0,4400.0,131774.0
87,2021-10-19 10:40:43,21100.0,100.0,127374.0
88,2021-10-19 10:40:33,21100.0,3000.0,127274.0
89,2021-10-19 10:40:09,21100.0,200.0,124274.0
90,2021-10-19 10:39:57,21100.0,200.0,124074.0
91,2021-10-19 10:37:44,21000.0,3400.0,123874.0
92,2021-10-19 10:37:23,21000.0,300.0,120474.0
93,2021-10-19 10:36:24,21000.0,1000.0,120174.0
94,2021-10-19 10:35:06,21000.0,2000.0,119174.0
95,2021-10-19 10:33:46,20900.0,2000.0,117174.0
96,2021-10-19 10:33:02,20900.0,200.0,115174.0
97,2021-10-19 10:32:25,20900.0,1000.0,114974.0
98,2021-10-19 10:30:49,20900.0,3000.0,113974.0
99,2021-10-19 10:30:34,20900.0,300.0,110974.0
100,2021-10-19 10:29:35,20900.0,1500.0,110674.0
101,2021-10-19 10:28:06,20900.0,3500.0,109174.0
102,2021-10-19 10:22:42,20900.0,500.0,105674.0
103,2021-10-19 10:22:41,21000.0,500.0,105174.0
104,2021-10-19 10:17:42,21000.0,200.0,104674.0
105,2021-10-19 10:17:05,21000.0,100.0,104474.0
106,2021-10-19 10:16:51,21000.0,700.0,104374.0
107,2021-10-19 10:16:08,21000.0,100.0,103674.0
108,2021-10-19 10:16:06,21000.0,78.0,103574.0
109,2021-10-19 10:15:33,21000.0,300.0,103496.0
110,2021-10-19 10:15:03,21000.0,1800.0,103196.0
111,2021-10-19 10:14:05,21200.0,200.0,101396.0
112,2021-10-19 10:13:43,21300.0,4200.0,101196.0
113,2021-10-19 10:12:42,21400.0,300.0,96996.0
114,2021-10-19 10:11:46,21400.0,200.0,96696.0
115,2021-10-19 10:11:20,21400.0,400.0,96496.0
116,2021-10-19 10:10:08,21300.0,500.0,96096.0
117,2021-10-19 10:09:11,21300.0,4600.0,95596.0
118,2021-10-19 10:09:04,21300.0,300.0,90996.0
119,2021-10-19 10:08:50,21300.0,100.0,90696.0
120,2021-10-19 10:07:41,21200.0,1800.0,90596.0
121,2021-10-19 10:07:18,21200.0,2000.0,88796.0
122,2021-10-19 10:07:14,21200.0,300.0,86796.0
123,2021-10-19 10:07:03,21200.0,100.0,86496.0
124,2021-10-19 10:06:43,21200.0,1000.0,86396.0
125,2021-10-19 10:06:27,21200.0,100.0,85396.0
126,2021-10-19 10:06:18,21000.0,6200.0,85296.0
127,2021-10-19 10:05:59,21000.0,1000.0,79096.0
128,2021-10-19 10:05:41,20900.0,2500.0,78096.0
129,2021-10-19 10:05:17,20800.0,500.0,75596.0
130,2021-10-19 10:04:25,20900.0,200.0,75096.0
131,2021-10-19 10:02:44,20900.0,9000.0,74896.0
132,2021-10-19 10:02:16,20700.0,200.0,65896.0
133,2021-10-19 10:00:18,20700.0,4200.0,65696.0
134,2021-10-19 09:58:16,20700.0,400.0,61496.0
135,2021-10-19 09:57:57,20600.0,4900.0,61096.0
136,2021-10-19 09:57:22,20600.0,5100.0,56196.0
137,2021-10-19 09:56:50,20600.0,500.0,51096.0
138,2021-10-19 09:54:10,20600.0,1000.0,50596.0
139,2021-10-19 09:52:05,20500.0,2000.0,49596.0
140,2021-10-19 09:49:07,20500.0,1500.0,47596.0
141,2021-10-19 09:47:53,20500.0,3000.0,46096.0
142,2021-10-19 09:46:49,20500.0,800.0,43096.0
143,2021-10-19 09:46:44,20400.0,87.0,42296.0
144,2021-10-19 09:46:14,20400.0,400.0,42209.0
145,2021-10-19 09:44:21,20500.0,200.0,41809.0
146,2021-10-19 09:43:29,20500.0,400.0,41609.0
147,2021-10-19 09:43:05,20500.0,500.0,41209.0
148,2021-10-19 09:41:51,20500.0,9.0,40709.0
149,2021-10-19 09:40:27,20500.0,2400.0,40700.0
150,2021-10-19 09:39:58,20500.0,5900.0,38300.0
151,2021-10-19 09:38:25,20500.0,6000.0,32400.0
152,2021-10-19 09:38:05,20400.0,1600.0,26400.0
153,2021-10-19 09:35:58,20200.0,100.0,24800.0
154,2021-10-19 09:32:29,20200.0,1500.0,24700.0
155,2021-10-19 09:31:29,20200.0,1000.0,23200.0
156,2021-10-19 09:30:54,20400.0,400.0,22200.0
157,2021-10-19 09:29:51,20400.0,100.0,21800.0
158,2021-10-19 09:28:27,20500.0,1400.0,21700.0
159,2021-10-19 09:26:25,20200.0,2000.0,20300.0
160,2021-10-19 09:26:06,20100.0,1000.0,18300.0
161,2021-10-19 09:25:56,20000.0,500.0,17300.0
162,2021-10-19 09:25:39,20000.0,3000.0,16800.0
163,2021-10-19 09:25:28,19900.0,1700.0,13800.0
164,2021-10-19 09:25:19,19900.0,1000.0,12100.0
165,2021-10-19 09:25:12,19900.0,600.0,11100.0
166,2021-10-19 09:25:10,19900.0,2500.0,10500.0
167,2021-10-19 09:24:02,19800.0,700.0,8000.0
168,2021-10-19 09:23:45,19900.0,200.0,7300.0
169,2021-10-19 09:22:37,19700.0,400.0,7100.0
170,2021-10-19 09:19:27,19600.0,1000.0,6700.0
171,2021-10-19 09:16:49,19600.0,2000.0,5700.0
172,2021-10-19 09:11:37,19900.0,2300.0,3700.0
173,2021-10-19 09:10:58,19900.0,400.0,1400.0
174,2021-10-19 09:04:51,20000.0,1000.0,1000.0
