,Time,Price,Volume_per_trade,Volume
0,2021-10-06 14:45:03,17700.0,4100.0,327118.0
1,2021-10-06 14:29:59,17700.0,1500.0,323018.0
2,2021-10-06 14:29:38,17700.0,2500.0,321518.0
3,2021-10-06 14:29:26,17700.0,2000.0,319018.0
4,2021-10-06 14:29:07,17700.0,3500.0,317018.0
5,2021-10-06 14:28:57,17700.0,1500.0,313518.0
6,2021-10-06 14:27:59,17700.0,2000.0,312018.0
7,2021-10-06 14:24:34,17700.0,500.0,310018.0
8,2021-10-06 14:23:59,17700.0,2200.0,309518.0
9,2021-10-06 14:22:41,17700.0,300.0,307318.0
10,2021-10-06 14:21:28,17700.0,3000.0,307018.0
11,2021-10-06 14:09:46,17700.0,500.0,304018.0
12,2021-10-06 14:09:06,17700.0,200.0,303518.0
13,2021-10-06 14:08:41,17700.0,1000.0,303318.0
14,2021-10-06 14:08:13,17700.0,500.0,302318.0
15,2021-10-06 14:07:48,17700.0,1100.0,301818.0
16,2021-10-06 14:01:46,17700.0,300.0,300718.0
17,2021-10-06 13:59:58,17700.0,300.0,300418.0
18,2021-10-06 13:59:09,17700.0,500.0,300118.0
19,2021-10-06 13:58:28,17700.0,1000.0,299618.0
20,2021-10-06 13:58:24,17700.0,1000.0,298618.0
21,2021-10-06 13:58:12,17700.0,400.0,297618.0
22,2021-10-06 13:58:02,17700.0,1000.0,297218.0
23,2021-10-06 13:55:22,17700.0,900.0,296218.0
24,2021-10-06 13:54:07,17700.0,1000.0,295318.0
25,2021-10-06 13:53:51,17700.0,100.0,294318.0
26,2021-10-06 13:53:31,17700.0,1500.0,294218.0
27,2021-10-06 13:50:21,17700.0,1400.0,292718.0
28,2021-10-06 13:49:51,17700.0,600.0,291318.0
29,2021-10-06 13:48:51,17700.0,400.0,290718.0
30,2021-10-06 13:46:56,17700.0,2600.0,290318.0
31,2021-10-06 13:42:12,17700.0,100.0,287718.0
32,2021-10-06 13:41:59,17700.0,900.0,287618.0
33,2021-10-06 13:41:43,17700.0,500.0,286718.0
34,2021-10-06 13:38:51,17700.0,1000.0,286218.0
35,2021-10-06 13:37:56,17700.0,400.0,285218.0
36,2021-10-06 13:33:04,17700.0,2000.0,284818.0
37,2021-10-06 13:32:36,17700.0,55.0,282818.0
38,2021-10-06 13:30:52,17700.0,1900.0,282763.0
39,2021-10-06 13:30:12,17700.0,500.0,280863.0
40,2021-10-06 13:27:54,17700.0,300.0,280363.0
41,2021-10-06 13:27:22,17700.0,300.0,280063.0
42,2021-10-06 13:26:39,17700.0,200.0,279763.0
43,2021-10-06 13:26:22,17700.0,300.0,279563.0
44,2021-10-06 13:23:31,17700.0,500.0,279263.0
45,2021-10-06 13:20:58,17700.0,200.0,278763.0
46,2021-10-06 13:19:30,17700.0,1800.0,278563.0
47,2021-10-06 13:14:55,17700.0,1900.0,276763.0
48,2021-10-06 13:13:57,17700.0,500.0,274863.0
49,2021-10-06 13:13:21,17700.0,2600.0,274363.0
50,2021-10-06 13:07:21,17700.0,2000.0,271763.0
51,2021-10-06 13:07:15,17700.0,3000.0,269763.0
52,2021-10-06 13:06:58,17700.0,1500.0,266763.0
53,2021-10-06 13:06:29,17700.0,5000.0,265263.0
54,2021-10-06 13:05:14,17700.0,5000.0,260263.0
55,2021-10-06 13:05:00,17700.0,3000.0,255263.0
56,2021-10-06 13:03:18,17700.0,1100.0,252263.0
57,2021-10-06 13:03:05,17700.0,800.0,251163.0
58,2021-10-06 13:02:51,17700.0,400.0,250363.0
59,2021-10-06 13:02:39,17700.0,900.0,249963.0
60,2021-10-06 13:02:32,17700.0,2000.0,249063.0
61,2021-10-06 13:02:29,17700.0,1000.0,247063.0
62,2021-10-06 13:02:18,17700.0,1100.0,246063.0
63,2021-10-06 13:02:05,17700.0,1700.0,244963.0
64,2021-10-06 13:01:14,17700.0,3000.0,243263.0
65,2021-10-06 13:00:02,17700.0,1500.0,240263.0
66,2021-10-06 11:29:33,17700.0,2900.0,238763.0
67,2021-10-06 11:28:07,17700.0,900.0,235863.0
68,2021-10-06 11:27:54,17700.0,1200.0,234963.0
69,2021-10-06 11:27:28,17700.0,2400.0,233763.0
70,2021-10-06 11:27:18,17700.0,1500.0,231363.0
71,2021-10-06 11:27:05,17700.0,2000.0,229863.0
72,2021-10-06 11:26:33,17700.0,800.0,227863.0
73,2021-10-06 11:26:15,17700.0,1400.0,227063.0
74,2021-10-06 11:25:47,17700.0,800.0,225663.0
75,2021-10-06 11:25:31,17700.0,1100.0,224863.0
76,2021-10-06 11:24:17,17700.0,1300.0,223763.0
77,2021-10-06 11:24:13,17700.0,200.0,222463.0
78,2021-10-06 11:24:11,17700.0,2000.0,222263.0
79,2021-10-06 11:23:50,17700.0,700.0,220263.0
80,2021-10-06 11:23:38,17700.0,500.0,219563.0
81,2021-10-06 11:23:31,17700.0,600.0,219063.0
82,2021-10-06 11:23:19,17700.0,800.0,218463.0
83,2021-10-06 11:22:56,17700.0,700.0,217663.0
84,2021-10-06 11:22:46,17700.0,400.0,216963.0
85,2021-10-06 11:22:32,17700.0,1000.0,216563.0
86,2021-10-06 11:21:14,17700.0,2000.0,215563.0
87,2021-10-06 11:20:58,17700.0,800.0,213563.0
88,2021-10-06 11:20:47,17700.0,1500.0,212763.0
89,2021-10-06 11:20:07,17700.0,800.0,211263.0
90,2021-10-06 11:20:00,17700.0,900.0,210463.0
91,2021-10-06 11:19:47,17700.0,1800.0,209563.0
92,2021-10-06 11:19:32,17700.0,1000.0,207763.0
93,2021-10-06 11:19:18,17700.0,1200.0,206763.0
94,2021-10-06 11:19:04,17700.0,600.0,205563.0
95,2021-10-06 11:18:49,17700.0,1000.0,204963.0
96,2021-10-06 11:18:34,17700.0,1400.0,203963.0
97,2021-10-06 11:15:57,17700.0,500.0,202563.0
98,2021-10-06 11:15:48,17700.0,800.0,202063.0
99,2021-10-06 11:15:20,17700.0,700.0,201263.0
100,2021-10-06 11:14:50,17700.0,2000.0,200563.0
101,2021-10-06 11:14:20,17700.0,800.0,198563.0
102,2021-10-06 11:14:12,17700.0,1200.0,197763.0
103,2021-10-06 11:13:59,17700.0,100.0,196563.0
104,2021-10-06 11:13:32,17700.0,2400.0,196463.0
105,2021-10-06 11:11:16,17700.0,2500.0,194063.0
106,2021-10-06 11:11:12,17700.0,500.0,191563.0
107,2021-10-06 11:10:23,17700.0,1000.0,191063.0
108,2021-10-06 11:10:09,17700.0,600.0,190063.0
109,2021-10-06 11:07:32,17700.0,800.0,189463.0
110,2021-10-06 11:07:31,17700.0,500.0,188663.0
111,2021-10-06 11:07:27,17700.0,100.0,188163.0
112,2021-10-06 11:07:25,17700.0,2000.0,188063.0
113,2021-10-06 11:07:20,17700.0,200.0,186063.0
114,2021-10-06 11:05:43,17700.0,500.0,185863.0
115,2021-10-06 11:05:00,17700.0,200.0,185363.0
116,2021-10-06 11:03:44,17700.0,1100.0,185163.0
117,2021-10-06 11:03:43,17700.0,2000.0,184063.0
118,2021-10-06 11:03:42,17700.0,1200.0,182063.0
119,2021-10-06 11:03:38,17700.0,5000.0,180863.0
120,2021-10-06 11:03:35,17700.0,200.0,175863.0
121,2021-10-06 11:03:26,17700.0,800.0,175663.0
122,2021-10-06 11:03:18,17700.0,500.0,174863.0
123,2021-10-06 11:03:12,17700.0,1300.0,174363.0
124,2021-10-06 11:02:48,17700.0,1200.0,173063.0
125,2021-10-06 11:02:25,17700.0,800.0,171863.0
126,2021-10-06 11:02:14,17700.0,600.0,171063.0
127,2021-10-06 11:02:01,17700.0,700.0,170463.0
128,2021-10-06 11:01:49,17700.0,900.0,169763.0
129,2021-10-06 11:01:17,17700.0,300.0,168863.0
130,2021-10-06 11:01:09,17700.0,1300.0,168563.0
131,2021-10-06 11:00:38,17700.0,700.0,167263.0
132,2021-10-06 11:00:29,17700.0,1700.0,166563.0
133,2021-10-06 11:00:05,17700.0,800.0,164863.0
134,2021-10-06 10:59:55,17700.0,600.0,164063.0
135,2021-10-06 10:59:48,17700.0,1500.0,163463.0
136,2021-10-06 10:59:31,17700.0,800.0,161963.0
137,2021-10-06 10:59:19,17700.0,1100.0,161163.0
138,2021-10-06 10:58:29,17700.0,1000.0,160063.0
139,2021-10-06 10:58:17,17700.0,900.0,159063.0
140,2021-10-06 10:58:00,17700.0,700.0,158163.0
141,2021-10-06 10:57:46,17700.0,1100.0,157463.0
142,2021-10-06 10:57:23,17700.0,800.0,156363.0
143,2021-10-06 10:57:09,17700.0,1300.0,155563.0
144,2021-10-06 10:54:44,17700.0,100.0,154263.0
145,2021-10-06 10:54:33,17700.0,1500.0,154163.0
146,2021-10-06 10:54:26,17700.0,1400.0,152663.0
147,2021-10-06 10:54:18,17700.0,1200.0,151263.0
148,2021-10-06 10:54:09,17700.0,900.0,150063.0
149,2021-10-06 10:54:02,17700.0,800.0,149163.0
150,2021-10-06 10:53:54,17700.0,900.0,148363.0
151,2021-10-06 10:53:42,17700.0,1100.0,147463.0
152,2021-10-06 10:53:31,17700.0,800.0,146363.0
153,2021-10-06 10:53:23,17700.0,900.0,145563.0
154,2021-10-06 10:53:16,17700.0,1100.0,144663.0
155,2021-10-06 10:53:09,17700.0,1300.0,143563.0
156,2021-10-06 10:52:45,17700.0,1400.0,142263.0
157,2021-10-06 10:52:34,17700.0,300.0,140863.0
158,2021-10-06 10:52:24,17700.0,600.0,140563.0
159,2021-10-06 10:52:11,17700.0,900.0,139963.0
160,2021-10-06 10:52:00,17700.0,1100.0,139063.0
161,2021-10-06 10:51:51,17700.0,800.0,137963.0
162,2021-10-06 10:51:40,17700.0,1200.0,137163.0
163,2021-10-06 10:51:29,17700.0,600.0,135963.0
164,2021-10-06 10:51:18,17700.0,1400.0,135363.0
165,2021-10-06 10:51:08,17700.0,1500.0,133963.0
166,2021-10-06 10:29:31,17700.0,41.0,132463.0
167,2021-10-06 10:29:21,17700.0,900.0,132422.0
168,2021-10-06 10:20:18,17700.0,500.0,131522.0
169,2021-10-06 10:10:29,17700.0,5000.0,131022.0
170,2021-10-06 10:08:44,17700.0,400.0,126022.0
171,2021-10-06 10:02:16,17700.0,5000.0,125622.0
172,2021-10-06 10:01:24,17700.0,22.0,120622.0
173,2021-10-06 09:55:36,17700.0,27.0,120600.0
174,2021-10-06 09:45:10,17700.0,100.0,120573.0
175,2021-10-06 09:42:24,17700.0,1000.0,120473.0
176,2021-10-06 09:42:06,17700.0,48.0,119473.0
177,2021-10-06 09:40:17,17700.0,49.0,119425.0
178,2021-10-06 09:39:57,17700.0,5000.0,119376.0
179,2021-10-06 09:37:42,17700.0,46.0,114376.0
180,2021-10-06 09:35:39,17700.0,1000.0,114330.0
181,2021-10-06 09:34:48,17700.0,5000.0,113330.0
182,2021-10-06 09:33:01,17700.0,10000.0,108330.0
183,2021-10-06 09:29:28,17700.0,25.0,98330.0
184,2021-10-06 09:28:42,17700.0,5000.0,98305.0
185,2021-10-06 09:26:50,17700.0,6600.0,93305.0
186,2021-10-06 09:25:02,17700.0,2000.0,86705.0
187,2021-10-06 09:24:27,17700.0,3000.0,84705.0
188,2021-10-06 09:23:25,17700.0,1500.0,81705.0
189,2021-10-06 09:23:13,17700.0,1800.0,80205.0
190,2021-10-06 09:23:08,17700.0,200.0,78405.0
191,2021-10-06 09:22:49,17700.0,15000.0,78205.0
192,2021-10-06 09:21:37,17700.0,5.0,63205.0
193,2021-10-06 09:19:24,17700.0,100.0,63200.0
194,2021-10-06 09:19:14,17700.0,1300.0,63100.0
195,2021-10-06 09:19:05,17700.0,9900.0,61800.0
196,2021-10-06 09:18:42,17700.0,6000.0,51900.0
197,2021-10-06 09:18:37,17700.0,1000.0,45900.0
198,2021-10-06 09:18:13,17700.0,1000.0,44900.0
199,2021-10-06 09:17:20,17700.0,300.0,43900.0
200,2021-10-06 09:15:55,17500.0,700.0,43600.0
201,2021-10-06 09:15:36,17500.0,300.0,42900.0
202,2021-10-06 09:15:18,17500.0,2000.0,42600.0
203,2021-10-06 09:15:06,17400.0,300.0,40600.0
204,2021-10-06 09:14:54,17500.0,1000.0,40300.0
205,2021-10-06 09:14:15,17500.0,2500.0,39300.0
206,2021-10-06 09:13:58,17500.0,2000.0,36800.0
207,2021-10-06 09:13:14,17300.0,1000.0,34800.0
208,2021-10-06 09:12:48,17300.0,3400.0,33800.0
209,2021-10-06 09:12:14,17300.0,3100.0,30400.0
210,2021-10-06 09:11:56,17300.0,1000.0,27300.0
211,2021-10-06 09:11:40,17300.0,500.0,26300.0
212,2021-10-06 09:10:53,17300.0,100.0,25800.0
213,2021-10-06 09:10:35,17300.0,1000.0,25700.0
214,2021-10-06 09:10:18,17300.0,100.0,24700.0
215,2021-10-06 09:08:14,17000.0,100.0,24600.0
216,2021-10-06 09:07:17,17000.0,100.0,24500.0
217,2021-10-06 09:07:08,16700.0,1500.0,24400.0
218,2021-10-06 09:07:01,17000.0,100.0,22900.0
219,2021-10-06 09:06:54,17000.0,1700.0,22800.0
220,2021-10-06 09:06:48,17000.0,1000.0,21100.0
221,2021-10-06 09:06:37,17000.0,100.0,20100.0
222,2021-10-06 09:06:19,17000.0,500.0,20000.0
223,2021-10-06 09:06:16,17300.0,100.0,19500.0
224,2021-10-06 09:05:53,17300.0,100.0,19400.0
225,2021-10-06 09:05:08,17400.0,100.0,19300.0
226,2021-10-06 09:04:43,17400.0,3000.0,19200.0
227,2021-10-06 09:03:23,17500.0,200.0,16200.0
228,2021-10-06 09:02:43,17500.0,600.0,16000.0
229,2021-10-06 09:02:24,17500.0,5000.0,15400.0
230,2021-10-06 09:01:49,16600.0,400.0,10400.0
231,2021-10-06 09:01:36,16500.0,5000.0,10000.0
232,2021-10-06 09:01:25,16300.0,5000.0,5000.0
