,Time,Price,Volume_per_trade,Volume
0,2021-10-22 07:45:01,9150.0,3400.0,10268700.0
1,2021-10-22 07:45:01,9150.0,400.0,10265300.0
2,2021-10-22 07:45:01,9150.0,1000.0,10264900.0
3,2021-10-22 07:45:01,9150.0,100.0,10263900.0
4,2021-10-22 07:45:01,9150.0,5000.0,10263800.0
5,2021-10-22 07:45:01,9150.0,3000.0,10258800.0
6,2021-10-22 07:45:01,9150.0,300.0,10255800.0
7,2021-10-22 07:45:01,9150.0,100.0,10255500.0
8,2021-10-22 07:45:01,9150.0,1000.0,10255400.0
9,2021-10-22 07:45:01,9150.0,1000.0,10254400.0
10,2021-10-22 07:45:01,9150.0,100.0,10253400.0
11,2021-10-22 07:45:01,9150.0,200.0,10253300.0
12,2021-10-22 07:45:01,9150.0,500.0,10253100.0
13,2021-10-22 07:45:01,9150.0,100.0,10252600.0
14,2021-10-22 07:45:01,9150.0,100.0,10252500.0
15,2021-10-22 07:45:01,9150.0,1000.0,10252400.0
16,2021-10-22 07:45:01,9150.0,800.0,10251400.0
17,2021-10-22 07:45:01,9150.0,16700.0,10250600.0
18,2021-10-22 07:45:01,9150.0,1000.0,10233900.0
19,2021-10-22 07:45:01,9150.0,200.0,10232900.0
20,2021-10-22 07:45:01,9150.0,400.0,10232700.0
21,2021-10-22 07:45:01,9150.0,100.0,10232300.0
22,2021-10-22 07:45:01,9150.0,200.0,10232200.0
23,2021-10-22 07:45:01,9150.0,100.0,10232000.0
24,2021-10-22 07:45:01,9150.0,500.0,10231900.0
25,2021-10-22 07:45:01,9150.0,1000.0,10231400.0
26,2021-10-22 07:45:01,9150.0,200.0,10230400.0
27,2021-10-22 07:45:01,9150.0,2000.0,10230200.0
28,2021-10-22 07:45:01,9150.0,400.0,10228200.0
29,2021-10-22 07:45:01,9150.0,400.0,10227800.0
30,2021-10-22 07:45:01,9150.0,100.0,10227400.0
31,2021-10-22 07:45:01,9150.0,8300.0,10227300.0
32,2021-10-22 07:45:01,9150.0,500.0,10219000.0
33,2021-10-22 07:45:01,9150.0,1900.0,10218500.0
34,2021-10-22 07:45:01,9150.0,3000.0,10216600.0
35,2021-10-22 07:45:01,9150.0,1000.0,10213600.0
36,2021-10-22 07:45:01,9150.0,7900.0,10212600.0
37,2021-10-22 07:45:01,9150.0,800.0,10204700.0
38,2021-10-22 07:45:01,9150.0,100.0,10203900.0
39,2021-10-22 07:45:01,9150.0,500.0,10203800.0
40,2021-10-22 07:45:01,9150.0,12000.0,10203300.0
41,2021-10-22 07:45:01,9150.0,1000.0,10191300.0
42,2021-10-22 07:45:01,9150.0,10000.0,10190300.0
43,2021-10-22 07:45:01,9150.0,15000.0,10180300.0
44,2021-10-22 07:45:01,9150.0,1500.0,10165300.0
45,2021-10-22 07:45:01,9150.0,9900.0,10163800.0
46,2021-10-22 07:45:01,9150.0,1000.0,10153900.0
47,2021-10-22 07:45:01,9150.0,4500.0,10152900.0
48,2021-10-22 07:45:01,9150.0,500.0,10148400.0
49,2021-10-22 07:45:01,9150.0,1800.0,10147900.0
50,2021-10-22 07:45:01,9150.0,900.0,10146100.0
51,2021-10-22 07:45:01,9150.0,9300.0,10145200.0
52,2021-10-22 07:45:01,9150.0,500.0,10135900.0
53,2021-10-22 07:45:01,9150.0,300.0,10135400.0
54,2021-10-22 07:45:01,9150.0,1000.0,10135100.0
55,2021-10-22 07:45:01,9150.0,20000.0,10134100.0
56,2021-10-22 07:45:01,9150.0,1000.0,10114100.0
57,2021-10-22 07:45:01,9150.0,2000.0,10113100.0
58,2021-10-22 07:45:01,9150.0,3000.0,10111100.0
59,2021-10-22 07:45:01,9150.0,2000.0,10108100.0
60,2021-10-22 07:45:01,9150.0,1000.0,10106100.0
61,2021-10-22 07:45:01,9150.0,5000.0,10105100.0
62,2021-10-22 07:45:01,9150.0,10000.0,10100100.0
63,2021-10-22 07:45:01,9150.0,10000.0,10090100.0
64,2021-10-22 07:45:01,9150.0,4000.0,10080100.0
65,2021-10-22 07:45:01,9150.0,3000.0,10076100.0
66,2021-10-22 07:45:01,9150.0,4300.0,10073100.0
67,2021-10-22 07:45:01,9150.0,700.0,10068800.0
68,2021-10-22 07:45:01,9150.0,2300.0,10068100.0
69,2021-10-22 07:45:01,9150.0,1000.0,10065800.0
70,2021-10-22 07:45:01,9150.0,1000.0,10064800.0
71,2021-10-22 07:45:01,9150.0,500.0,10063800.0
72,2021-10-22 07:45:01,9150.0,500.0,10063300.0
73,2021-10-22 07:45:01,9150.0,500.0,10062800.0
74,2021-10-22 07:45:01,9150.0,4200.0,10062300.0
75,2021-10-22 07:45:01,9150.0,800.0,10058100.0
76,2021-10-22 07:45:01,9150.0,4200.0,10057300.0
77,2021-10-22 07:45:01,9150.0,7300.0,10053100.0
78,2021-10-22 07:45:01,9150.0,8500.0,10045800.0
79,2021-10-22 07:45:01,9150.0,1000.0,10037300.0
80,2021-10-22 07:45:01,9150.0,1400.0,10036300.0
81,2021-10-22 07:45:01,9150.0,700.0,10034900.0
82,2021-10-22 07:45:01,9150.0,800.0,10034200.0
83,2021-10-22 07:45:01,9150.0,3000.0,10033400.0
84,2021-10-22 07:45:01,9150.0,500.0,10030400.0
85,2021-10-22 07:45:01,9150.0,4100.0,10029900.0
86,2021-10-22 07:45:01,9150.0,100.0,10025800.0
87,2021-10-22 07:45:01,9150.0,300.0,10025700.0
88,2021-10-22 07:45:01,9150.0,500.0,10025400.0
89,2021-10-22 07:45:01,9150.0,100.0,10024900.0
90,2021-10-22 07:45:01,9150.0,1000.0,10024800.0
91,2021-10-22 07:45:01,9150.0,100.0,10023800.0
92,2021-10-22 07:45:01,9150.0,200.0,10023700.0
93,2021-10-22 07:45:01,9150.0,200.0,10023500.0
94,2021-10-22 07:45:01,9150.0,1000.0,10023300.0
95,2021-10-22 07:45:01,9150.0,1900.0,10022300.0
96,2021-10-22 07:45:01,9150.0,100.0,10020400.0
97,2021-10-22 07:30:00,9190.0,300.0,10020300.0
98,2021-10-22 07:30:00,9190.0,3900.0,10020000.0
99,2021-10-22 07:29:53,9190.0,4000.0,10016100.0
100,2021-10-22 07:29:37,9190.0,1200.0,10012100.0
101,2021-10-22 07:29:37,9200.0,200.0,10010900.0
102,2021-10-22 07:29:33,9200.0,100.0,10010700.0
103,2021-10-22 07:29:27,9230.0,300.0,10010600.0
104,2021-10-22 07:29:27,9200.0,100.0,10010300.0
105,2021-10-22 07:29:27,9200.0,600.0,10010200.0
106,2021-10-22 07:29:23,9200.0,200.0,10009600.0
107,2021-10-22 07:29:21,9200.0,100.0,10009400.0
108,2021-10-22 07:29:19,9200.0,500.0,10009300.0
109,2021-10-22 07:29:19,9200.0,600.0,10008800.0
110,2021-10-22 07:29:18,9230.0,100.0,10008200.0
111,2021-10-22 07:29:17,9200.0,100.0,10008100.0
112,2021-10-22 07:29:17,9200.0,200.0,10008000.0
113,2021-10-22 07:29:14,9200.0,1000.0,10007800.0
114,2021-10-22 07:29:13,9200.0,100.0,10006800.0
115,2021-10-22 07:29:13,9200.0,100.0,10006700.0
116,2021-10-22 07:29:07,9200.0,100.0,10006600.0
117,2021-10-22 07:29:06,9200.0,700.0,10006500.0
118,2021-10-22 07:28:56,9200.0,500.0,10005800.0
119,2021-10-22 07:28:53,9200.0,200.0,10005300.0
120,2021-10-22 07:28:53,9200.0,100.0,10005100.0
121,2021-10-22 07:28:53,9200.0,5000.0,10005000.0
122,2021-10-22 07:28:53,9200.0,900.0,10000000.0
123,2021-10-22 07:28:40,9200.0,100.0,9999100.0
124,2021-10-22 07:28:39,9230.0,4000.0,9999000.0
125,2021-10-22 07:28:39,9230.0,1000.0,9995000.0
126,2021-10-22 07:28:39,9220.0,1000.0,9994000.0
127,2021-10-22 07:28:39,9220.0,2000.0,9993000.0
128,2021-10-22 07:28:39,9220.0,100.0,9991000.0
129,2021-10-22 07:28:39,9220.0,300.0,9990900.0
130,2021-10-22 07:28:39,9220.0,200.0,9990600.0
131,2021-10-22 07:28:39,9220.0,1000.0,9990400.0
132,2021-10-22 07:28:39,9220.0,2000.0,9989400.0
133,2021-10-22 07:28:39,9220.0,600.0,9987400.0
134,2021-10-22 07:28:39,9220.0,1000.0,9986800.0
135,2021-10-22 07:28:39,9220.0,1000.0,9985800.0
136,2021-10-22 07:28:39,9220.0,100.0,9984800.0
137,2021-10-22 07:28:39,9220.0,700.0,9984700.0
138,2021-10-22 07:28:39,9210.0,300.0,9984000.0
139,2021-10-22 07:28:39,9210.0,10000.0,9983700.0
140,2021-10-22 07:28:39,9210.0,100.0,9973700.0
141,2021-10-22 07:28:39,9200.0,4600.0,9973600.0
142,2021-10-22 07:28:39,9200.0,5200.0,9969000.0
143,2021-10-22 07:28:39,9200.0,100.0,9963800.0
144,2021-10-22 07:28:39,9200.0,2000.0,9963700.0
145,2021-10-22 07:28:39,9200.0,100.0,9961700.0
146,2021-10-22 07:28:39,9200.0,100.0,9961600.0
147,2021-10-22 07:28:39,9200.0,1000.0,9961500.0
148,2021-10-22 07:28:39,9200.0,500.0,9960500.0
149,2021-10-22 07:28:39,9200.0,3000.0,9960000.0
150,2021-10-22 07:28:39,9200.0,2000.0,9957000.0
151,2021-10-22 07:28:39,9200.0,1000.0,9955000.0
152,2021-10-22 07:28:39,9200.0,1000.0,9954000.0
153,2021-10-22 07:28:37,9200.0,200.0,9953000.0
154,2021-10-22 07:28:37,9200.0,300.0,9952800.0
155,2021-10-22 07:28:32,9190.0,10000.0,9952500.0
156,2021-10-22 07:28:29,9200.0,1700.0,9942500.0
157,2021-10-22 07:28:29,9200.0,1000.0,9940800.0
158,2021-10-22 07:28:29,9200.0,2000.0,9939800.0
159,2021-10-22 07:28:29,9200.0,100.0,9937800.0
160,2021-10-22 07:28:29,9200.0,5000.0,9937700.0
161,2021-10-22 07:28:29,9200.0,200.0,9932700.0
162,2021-10-22 07:28:29,9200.0,1000.0,9932500.0
163,2021-10-22 07:28:29,9200.0,9000.0,9931500.0
164,2021-10-22 07:28:27,9190.0,400.0,9922500.0
165,2021-10-22 07:28:27,9190.0,200.0,9922100.0
166,2021-10-22 07:28:27,9190.0,600.0,9921900.0
167,2021-10-22 07:28:17,9190.0,1000.0,9921300.0
168,2021-10-22 07:27:56,9200.0,300.0,9920300.0
169,2021-10-22 07:27:49,9200.0,700.0,9920000.0
170,2021-10-22 07:27:49,9200.0,200.0,9919300.0
171,2021-10-22 07:27:49,9200.0,300.0,9919100.0
172,2021-10-22 07:27:46,9200.0,1000.0,9918800.0
173,2021-10-22 07:27:43,9200.0,600.0,9917800.0
174,2021-10-22 07:27:43,9200.0,400.0,9917200.0
175,2021-10-22 07:27:42,9200.0,1500.0,9916800.0
176,2021-10-22 07:27:31,9200.0,1000.0,9915300.0
177,2021-10-22 07:27:22,9200.0,8000.0,9914300.0
178,2021-10-22 07:27:19,9200.0,100.0,9906300.0
179,2021-10-22 07:27:15,9200.0,5600.0,9906200.0
180,2021-10-22 07:27:13,9200.0,2000.0,9900600.0
181,2021-10-22 07:27:10,9210.0,300.0,9898600.0
182,2021-10-22 07:27:10,9210.0,100.0,9898300.0
183,2021-10-22 07:27:10,9210.0,1000.0,9898200.0
184,2021-10-22 07:27:10,9210.0,600.0,9897200.0
185,2021-10-22 07:27:10,9210.0,5000.0,9896600.0
186,2021-10-22 07:27:08,9200.0,100.0,9891600.0
187,2021-10-22 07:27:08,9200.0,2400.0,9891500.0
188,2021-10-22 07:27:06,9200.0,1500.0,9889100.0
189,2021-10-22 07:27:06,9200.0,1000.0,9887600.0
190,2021-10-22 07:27:06,9200.0,2000.0,9886600.0
191,2021-10-22 07:27:06,9200.0,100.0,9884600.0
192,2021-10-22 07:27:06,9200.0,3000.0,9884500.0
193,2021-10-22 07:27:05,9200.0,100.0,9881500.0
194,2021-10-22 07:27:04,9190.0,4000.0,9881400.0
195,2021-10-22 07:27:04,9190.0,1000.0,9877400.0
196,2021-10-22 07:27:04,9200.0,100.0,9876400.0
197,2021-10-22 07:27:03,9200.0,2000.0,9876300.0
198,2021-10-22 07:26:56,9200.0,4800.0,9874300.0
199,2021-10-22 07:26:56,9200.0,100.0,9869500.0
200,2021-10-22 07:26:56,9200.0,100.0,9869400.0
201,2021-10-22 07:26:56,9200.0,1500.0,9869300.0
202,2021-10-22 07:26:56,9200.0,2000.0,9867800.0
203,2021-10-22 07:26:56,9200.0,4500.0,9865800.0
204,2021-10-22 07:26:56,9200.0,100.0,9861300.0
205,2021-10-22 07:26:56,9200.0,100.0,9861200.0
206,2021-10-22 07:26:56,9200.0,2500.0,9861100.0
207,2021-10-22 07:26:56,9200.0,4000.0,9858600.0
208,2021-10-22 07:26:56,9200.0,300.0,9854600.0
209,2021-10-22 07:26:55,9200.0,1700.0,9854300.0
210,2021-10-22 07:26:55,9200.0,100.0,9852600.0
211,2021-10-22 07:26:55,9200.0,5000.0,9852500.0
212,2021-10-22 07:26:55,9200.0,100.0,9847500.0
213,2021-10-22 07:26:55,9200.0,200.0,9847400.0
214,2021-10-22 07:26:55,9200.0,1300.0,9847200.0
215,2021-10-22 07:26:55,9200.0,200.0,9845900.0
216,2021-10-22 07:26:55,9200.0,100.0,9845700.0
217,2021-10-22 07:26:55,9200.0,2000.0,9845600.0
218,2021-10-22 07:26:55,9200.0,1000.0,9843600.0
219,2021-10-22 07:26:55,9200.0,600.0,9842600.0
220,2021-10-22 07:26:55,9200.0,500.0,9842000.0
221,2021-10-22 07:26:55,9200.0,1000.0,9841500.0
222,2021-10-22 07:26:55,9200.0,1000.0,9840500.0
223,2021-10-22 07:26:55,9200.0,500.0,9839500.0
224,2021-10-22 07:26:55,9200.0,100.0,9839000.0
225,2021-10-22 07:26:55,9200.0,500.0,9838900.0
226,2021-10-22 07:26:55,9200.0,4000.0,9838400.0
227,2021-10-22 07:26:55,9200.0,600.0,9834400.0
228,2021-10-22 07:26:51,9200.0,4400.0,9833800.0
229,2021-10-22 07:26:51,9200.0,200.0,9829400.0
230,2021-10-22 07:26:51,9200.0,1000.0,9829200.0
231,2021-10-22 07:26:51,9200.0,1000.0,9828200.0
232,2021-10-22 07:26:51,9200.0,1100.0,9827200.0
233,2021-10-22 07:26:51,9200.0,400.0,9826100.0
234,2021-10-22 07:26:51,9200.0,1000.0,9825700.0
235,2021-10-22 07:26:51,9200.0,2000.0,9824700.0
236,2021-10-22 07:26:51,9200.0,2200.0,9822700.0
237,2021-10-22 07:26:51,9200.0,1000.0,9820500.0
238,2021-10-22 07:26:51,9200.0,3000.0,9819500.0
239,2021-10-22 07:26:51,9200.0,1000.0,9816500.0
240,2021-10-22 07:26:51,9200.0,2000.0,9815500.0
241,2021-10-22 07:26:51,9200.0,500.0,9813500.0
242,2021-10-22 07:26:51,9200.0,500.0,9813000.0
243,2021-10-22 07:26:51,9200.0,500.0,9812500.0
244,2021-10-22 07:26:51,9200.0,500.0,9812000.0
245,2021-10-22 07:26:51,9200.0,1000.0,9811500.0
246,2021-10-22 07:26:51,9200.0,10000.0,9810500.0
247,2021-10-22 07:26:51,9200.0,500.0,9800500.0
248,2021-10-22 07:26:51,9200.0,600.0,9800000.0
249,2021-10-22 07:26:51,9200.0,100.0,9799400.0
250,2021-10-22 07:26:51,9200.0,500.0,9799300.0
251,2021-10-22 07:26:51,9200.0,6000.0,9798800.0
252,2021-10-22 07:26:51,9200.0,1000.0,9792800.0
253,2021-10-22 07:26:51,9200.0,500.0,9791800.0
254,2021-10-22 07:26:51,9200.0,300.0,9791300.0
255,2021-10-22 07:26:51,9200.0,1000.0,9791000.0
256,2021-10-22 07:26:51,9200.0,9000.0,9790000.0
257,2021-10-22 07:26:51,9200.0,1000.0,9781000.0
258,2021-10-22 07:26:51,9200.0,2000.0,9780000.0
259,2021-10-22 07:26:51,9200.0,4200.0,9778000.0
260,2021-10-22 07:26:41,9200.0,2500.0,9773800.0
261,2021-10-22 07:26:41,9200.0,100.0,9771300.0
262,2021-10-22 07:26:41,9200.0,1000.0,9771200.0
263,2021-10-22 07:26:41,9200.0,100.0,9770200.0
264,2021-10-22 07:26:41,9200.0,1000.0,9770100.0
265,2021-10-22 07:26:41,9200.0,5000.0,9769100.0
266,2021-10-22 07:26:41,9200.0,300.0,9764100.0
267,2021-10-22 07:26:38,9200.0,600.0,9763800.0
268,2021-10-22 07:26:38,9200.0,2500.0,9763200.0
269,2021-10-22 07:26:38,9200.0,100.0,9760700.0
270,2021-10-22 07:26:38,9200.0,1000.0,9760600.0
271,2021-10-22 07:26:38,9200.0,1000.0,9759600.0
272,2021-10-22 07:26:38,9200.0,500.0,9758600.0
273,2021-10-22 07:26:38,9190.0,2000.0,9758100.0
274,2021-10-22 07:26:38,9190.0,2300.0,9756100.0
275,2021-10-22 07:26:34,9180.0,2000.0,9753800.0
276,2021-10-22 07:26:23,9190.0,2000.0,9751800.0
277,2021-10-22 07:26:22,9190.0,600.0,9749800.0
278,2021-10-22 07:26:19,9190.0,100.0,9749200.0
279,2021-10-22 07:26:17,9190.0,7500.0,9749100.0
280,2021-10-22 07:26:17,9190.0,500.0,9741600.0
281,2021-10-22 07:26:17,9190.0,10000.0,9741100.0
282,2021-10-22 07:26:17,9190.0,2000.0,9731100.0
283,2021-10-22 07:26:16,9190.0,2500.0,9729100.0
284,2021-10-22 07:26:10,9190.0,500.0,9726600.0
285,2021-10-22 07:26:10,9190.0,100.0,9726100.0
286,2021-10-22 07:26:10,9190.0,100.0,9726000.0
287,2021-10-22 07:26:10,9190.0,20000.0,9725900.0
288,2021-10-22 07:26:07,9180.0,400.0,9705900.0
289,2021-10-22 07:26:07,9180.0,1000.0,9705500.0
290,2021-10-22 07:26:07,9180.0,100.0,9704500.0
291,2021-10-22 07:26:07,9180.0,100.0,9704400.0
292,2021-10-22 07:26:07,9180.0,100.0,9704300.0
293,2021-10-22 07:26:07,9180.0,5800.0,9704200.0
294,2021-10-22 07:25:59,9170.0,100.0,9698400.0
295,2021-10-22 07:25:59,9170.0,2400.0,9698300.0
296,2021-10-22 07:25:56,9170.0,1400.0,9695900.0
297,2021-10-22 07:25:50,9170.0,4000.0,9694500.0
298,2021-10-22 07:25:38,9170.0,100.0,9690500.0
299,2021-10-22 07:25:37,9160.0,100.0,9690400.0
300,2021-10-22 07:25:36,9170.0,2200.0,9690300.0
301,2021-10-22 07:25:27,9160.0,100.0,9688100.0
302,2021-10-22 07:25:27,9160.0,1500.0,9688000.0
303,2021-10-22 07:25:27,9160.0,1200.0,9686500.0
304,2021-10-22 07:25:21,9150.0,10200.0,9685300.0
305,2021-10-22 07:25:21,9150.0,700.0,9675100.0
306,2021-10-22 07:25:17,9150.0,1000.0,9674400.0
307,2021-10-22 07:25:12,9150.0,100.0,9673400.0
308,2021-10-22 07:25:12,9150.0,5000.0,9673300.0
309,2021-10-22 07:25:12,9150.0,100.0,9668300.0
310,2021-10-22 07:25:12,9150.0,100.0,9668200.0
311,2021-10-22 07:25:12,9150.0,100.0,9668100.0
312,2021-10-22 07:25:12,9150.0,40700.0,9668000.0
313,2021-10-22 07:25:12,9150.0,2000.0,9627300.0
314,2021-10-22 07:25:12,9150.0,1000.0,9625300.0
315,2021-10-22 07:25:12,9150.0,5100.0,9624300.0
316,2021-10-22 07:25:12,9150.0,2000.0,9619200.0
317,2021-10-22 07:25:12,9150.0,100.0,9617200.0
318,2021-10-22 07:25:12,9150.0,1200.0,9617100.0
319,2021-10-22 07:25:12,9150.0,8000.0,9615900.0
320,2021-10-22 07:25:12,9150.0,1000.0,9607900.0
321,2021-10-22 07:25:12,9150.0,2500.0,9606900.0
322,2021-10-22 07:25:12,9140.0,100.0,9604400.0
323,2021-10-22 07:25:12,9140.0,1200.0,9604300.0
324,2021-10-22 07:25:12,9140.0,1000.0,9603100.0
325,2021-10-22 07:25:12,9140.0,100.0,9602100.0
326,2021-10-22 07:25:03,9130.0,1000.0,9602000.0
327,2021-10-22 07:24:56,9130.0,1000.0,9601000.0
328,2021-10-22 07:24:48,9130.0,600.0,9600000.0
329,2021-10-22 07:24:48,9120.0,400.0,9599400.0
330,2021-10-22 07:24:38,9110.0,4000.0,9599000.0
331,2021-10-22 07:24:26,9130.0,1700.0,9595000.0
332,2021-10-22 07:24:26,9120.0,5200.0,9593300.0
333,2021-10-22 07:24:14,9120.0,4800.0,9588100.0
334,2021-10-22 07:24:04,9100.0,300.0,9583300.0
335,2021-10-22 07:23:34,9130.0,2700.0,9583000.0
336,2021-10-22 07:23:34,9130.0,1000.0,9580300.0
337,2021-10-22 07:23:34,9130.0,300.0,9579300.0
338,2021-10-22 07:23:34,9120.0,100.0,9579000.0
339,2021-10-22 07:23:34,9120.0,900.0,9578900.0
340,2021-10-22 07:23:32,9120.0,2000.0,9578000.0
341,2021-10-22 07:23:24,9120.0,2100.0,9576000.0
342,2021-10-22 07:23:23,9120.0,300.0,9573900.0
343,2021-10-22 07:23:22,9130.0,100.0,9573600.0
344,2021-10-22 07:23:22,9120.0,100.0,9573500.0
345,2021-10-22 07:23:11,9120.0,9000.0,9573400.0
346,2021-10-22 07:23:11,9120.0,100.0,9564400.0
347,2021-10-22 07:23:11,9120.0,1000.0,9564300.0
348,2021-10-22 07:23:11,9120.0,1000.0,9563300.0
349,2021-10-22 07:23:11,9120.0,500.0,9562300.0
350,2021-10-22 07:23:11,9120.0,1500.0,9561800.0
351,2021-10-22 07:23:11,9110.0,600.0,9560300.0
352,2021-10-22 07:23:11,9110.0,2500.0,9559700.0
353,2021-10-22 07:23:11,9110.0,6300.0,9557200.0
354,2021-10-22 07:23:01,9100.0,22000.0,9550900.0
355,2021-10-22 07:23:01,9100.0,1000.0,9528900.0
356,2021-10-22 07:23:01,9100.0,3600.0,9527900.0
357,2021-10-22 07:23:01,9090.0,500.0,9524300.0
358,2021-10-22 07:22:52,9090.0,200.0,9523800.0
359,2021-10-22 07:22:52,9090.0,100.0,9523600.0
360,2021-10-22 07:22:38,9100.0,6400.0,9523500.0
361,2021-10-22 07:22:38,9100.0,1200.0,9517100.0
362,2021-10-22 07:22:33,9100.0,500.0,9515900.0
363,2021-10-22 07:22:33,9100.0,100.0,9515400.0
364,2021-10-22 07:22:18,9110.0,3600.0,9515300.0
365,2021-10-22 07:22:18,9100.0,1400.0,9511700.0
366,2021-10-22 07:22:18,9100.0,100.0,9510300.0
367,2021-10-22 07:22:18,9100.0,500.0,9510200.0
368,2021-10-22 07:22:14,9100.0,7000.0,9509700.0
369,2021-10-22 07:22:10,9100.0,100.0,9502700.0
370,2021-10-22 07:22:08,9100.0,300.0,9502600.0
371,2021-10-22 07:22:07,9100.0,3100.0,9502300.0
372,2021-10-22 07:22:07,9100.0,100.0,9499200.0
373,2021-10-22 07:22:00,9100.0,3000.0,9499100.0
374,2021-10-22 07:21:52,9100.0,200.0,9496100.0
375,2021-10-22 07:21:43,9110.0,100.0,9495900.0
376,2021-10-22 07:21:43,9110.0,100.0,9495800.0
377,2021-10-22 07:21:43,9110.0,800.0,9495700.0
378,2021-10-22 07:21:43,9110.0,100.0,9494900.0
379,2021-10-22 07:21:43,9100.0,1300.0,9494800.0
380,2021-10-22 07:21:35,9100.0,3000.0,9493500.0
381,2021-10-22 07:21:35,9100.0,1000.0,9490500.0
382,2021-10-22 07:21:35,9100.0,1000.0,9489500.0
383,2021-10-22 07:21:25,9110.0,100.0,9488500.0
384,2021-10-22 07:21:17,9100.0,100.0,9488400.0
385,2021-10-22 07:20:55,9110.0,100.0,9488300.0
386,2021-10-22 07:20:52,9100.0,1900.0,9488200.0
387,2021-10-22 07:20:50,9100.0,5000.0,9486300.0
388,2021-10-22 07:20:50,9100.0,3100.0,9481300.0
389,2021-10-22 07:20:40,9100.0,1000.0,9478200.0
390,2021-10-22 07:20:39,9110.0,100.0,9477200.0
391,2021-10-22 07:20:33,9110.0,100.0,9477100.0
392,2021-10-22 07:20:30,9100.0,300.0,9477000.0
393,2021-10-22 07:20:30,9100.0,200.0,9476700.0
394,2021-10-22 07:20:26,9100.0,800.0,9476500.0
395,2021-10-22 07:20:22,9100.0,200.0,9475700.0
396,2021-10-22 07:20:04,9100.0,1000.0,9475500.0
397,2021-10-22 07:20:04,9100.0,2000.0,9474500.0
398,2021-10-22 07:20:04,9100.0,100.0,9472500.0
399,2021-10-22 07:20:04,9100.0,2000.0,9472400.0
400,2021-10-22 07:20:04,9100.0,100.0,9470400.0
401,2021-10-22 07:20:04,9100.0,2000.0,9470300.0
402,2021-10-22 07:20:04,9100.0,2800.0,9468300.0
403,2021-10-22 07:19:50,9100.0,500.0,9465500.0
404,2021-10-22 07:19:49,9100.0,500.0,9465000.0
405,2021-10-22 07:19:48,9100.0,4000.0,9464500.0
406,2021-10-22 07:19:48,9100.0,8000.0,9460500.0
407,2021-10-22 07:19:38,9100.0,1000.0,9452500.0
408,2021-10-22 07:19:30,9100.0,500.0,9451500.0
409,2021-10-22 07:19:17,9100.0,2700.0,9451000.0
410,2021-10-22 07:19:17,9100.0,300.0,9448300.0
411,2021-10-22 07:19:12,9060.0,300.0,9448000.0
412,2021-10-22 07:19:02,9100.0,200.0,9447700.0
413,2021-10-22 07:19:02,9100.0,600.0,9447500.0
414,2021-10-22 07:19:02,9100.0,500.0,9446900.0
415,2021-10-22 07:19:02,9100.0,200.0,9446400.0
416,2021-10-22 07:19:02,9100.0,500.0,9446200.0
417,2021-10-22 07:19:02,9100.0,3000.0,9445700.0
418,2021-10-22 07:19:02,9080.0,500.0,9442700.0
419,2021-10-22 07:19:02,9080.0,3000.0,9442200.0
420,2021-10-22 07:19:02,9080.0,100.0,9439200.0
421,2021-10-22 07:19:02,9080.0,4700.0,9439100.0
422,2021-10-22 07:19:02,9080.0,4900.0,9434400.0
423,2021-10-22 07:19:02,9060.0,1500.0,9429500.0
424,2021-10-22 07:19:02,9060.0,100.0,9428000.0
425,2021-10-22 07:19:02,9060.0,200.0,9427900.0
426,2021-10-22 07:18:59,9060.0,10000.0,9427700.0
427,2021-10-22 07:18:58,9060.0,400.0,9417700.0
428,2021-10-22 07:18:54,9060.0,200.0,9417300.0
429,2021-10-22 07:18:52,9060.0,5300.0,9417100.0
430,2021-10-22 07:18:37,9060.0,1000.0,9411800.0
431,2021-10-22 07:18:32,9060.0,2900.0,9410800.0
432,2021-10-22 07:18:32,9060.0,300.0,9407900.0
433,2021-10-22 07:18:32,9060.0,200.0,9407600.0
434,2021-10-22 07:18:32,9060.0,1600.0,9407400.0
435,2021-10-22 07:18:23,9060.0,200.0,9405800.0
436,2021-10-22 07:18:23,9060.0,4400.0,9405600.0
437,2021-10-22 07:18:11,9060.0,100.0,9401200.0
438,2021-10-22 07:18:11,9050.0,1900.0,9401100.0
439,2021-10-22 07:18:11,9050.0,200.0,9399200.0
440,2021-10-22 07:18:11,9050.0,900.0,9399000.0
441,2021-10-22 07:18:10,9050.0,100.0,9398100.0
442,2021-10-22 07:18:07,9050.0,200.0,9398000.0
443,2021-10-22 07:18:03,9060.0,500.0,9397800.0
444,2021-10-22 07:18:03,9060.0,500.0,9397300.0
445,2021-10-22 07:17:57,9050.0,100.0,9396800.0
446,2021-10-22 07:17:52,9050.0,300.0,9396700.0
447,2021-10-22 07:17:22,9050.0,100.0,9396400.0
448,2021-10-22 07:17:22,9050.0,800.0,9396300.0
449,2021-10-22 07:17:22,9050.0,500.0,9395500.0
450,2021-10-22 07:17:02,9030.0,500.0,9395000.0
451,2021-10-22 07:17:02,9030.0,3000.0,9394500.0
452,2021-10-22 07:17:02,9030.0,5300.0,9391500.0
453,2021-10-22 07:17:01,9030.0,5000.0,9386200.0
454,2021-10-22 07:16:58,9030.0,100.0,9381200.0
455,2021-10-22 07:16:50,9030.0,10000.0,9381100.0
456,2021-10-22 07:16:48,9030.0,4700.0,9371100.0
457,2021-10-22 07:16:44,9030.0,1000.0,9366400.0
458,2021-10-22 07:16:42,9030.0,9000.0,9365400.0
459,2021-10-22 07:16:41,9020.0,1000.0,9356400.0
460,2021-10-22 07:16:34,9030.0,1000.0,9355400.0
461,2021-10-22 07:16:32,9030.0,300.0,9354400.0
462,2021-10-22 07:16:27,9030.0,500.0,9354100.0
463,2021-10-22 07:16:27,9030.0,1000.0,9353600.0
464,2021-10-22 07:16:27,9030.0,800.0,9352600.0
465,2021-10-22 07:16:27,9030.0,2000.0,9351800.0
466,2021-10-22 07:16:27,9030.0,5000.0,9349800.0
467,2021-10-22 07:16:27,9030.0,4300.0,9344800.0
468,2021-10-22 07:16:09,9060.0,4500.0,9340500.0
469,2021-10-22 07:16:09,9060.0,1000.0,9336000.0
470,2021-10-22 07:16:09,9050.0,4000.0,9335000.0
471,2021-10-22 07:16:09,9050.0,500.0,9331000.0
472,2021-10-22 07:16:08,9050.0,200.0,9330500.0
473,2021-10-22 07:15:54,9050.0,100.0,9330300.0
474,2021-10-22 07:15:51,9050.0,200.0,9330200.0
475,2021-10-22 07:15:31,9060.0,1000.0,9330000.0
476,2021-10-22 07:15:29,9030.0,1700.0,9329000.0
477,2021-10-22 07:15:29,9030.0,200.0,9327300.0
478,2021-10-22 07:15:29,9030.0,2100.0,9327100.0
479,2021-10-22 07:15:04,9060.0,1000.0,9325000.0
480,2021-10-22 07:15:00,9060.0,3000.0,9324000.0
481,2021-10-22 07:14:29,9060.0,5000.0,9321000.0
482,2021-10-22 07:14:28,9020.0,3600.0,9316000.0
483,2021-10-22 07:14:28,9030.0,9400.0,9312400.0
484,2021-10-22 07:14:28,9030.0,500.0,9303000.0
485,2021-10-22 07:14:28,9030.0,1000.0,9302500.0
486,2021-10-22 07:14:28,9050.0,700.0,9301500.0
487,2021-10-22 07:14:28,9050.0,500.0,9300800.0
488,2021-10-22 07:14:28,9060.0,200.0,9300300.0
489,2021-10-22 07:14:28,9060.0,4100.0,9300100.0
490,2021-10-22 07:14:22,9060.0,1600.0,9296000.0
491,2021-10-22 07:14:22,9070.0,400.0,9294400.0
492,2021-10-22 07:14:20,9070.0,300.0,9294000.0
493,2021-10-22 07:14:20,9070.0,1300.0,9293700.0
494,2021-10-22 07:14:17,9070.0,200.0,9292400.0
495,2021-10-22 07:14:13,9070.0,100.0,9292200.0
496,2021-10-22 07:14:12,9070.0,5400.0,9292100.0
497,2021-10-22 07:14:04,9070.0,600.0,9286700.0
498,2021-10-22 07:13:58,9080.0,100.0,9286100.0
499,2021-10-22 07:13:51,9070.0,200.0,9286000.0
500,2021-10-22 07:13:30,9070.0,800.0,9285800.0
501,2021-10-22 07:13:30,9070.0,900.0,9285000.0
502,2021-10-22 07:13:28,9060.0,4300.0,9284100.0
503,2021-10-22 07:13:27,9060.0,100.0,9279800.0
504,2021-10-22 07:13:24,9060.0,600.0,9279700.0
505,2021-10-22 07:13:15,9060.0,1000.0,9279100.0
506,2021-10-22 07:13:02,9060.0,800.0,9278100.0
507,2021-10-22 07:13:00,9060.0,700.0,9277300.0
508,2021-10-22 07:13:00,9060.0,300.0,9276600.0
509,2021-10-22 07:12:58,9060.0,1000.0,9276300.0
510,2021-10-22 07:12:53,9030.0,4000.0,9275300.0
511,2021-10-22 07:12:51,9060.0,100.0,9271300.0
512,2021-10-22 07:12:30,9020.0,100.0,9271200.0
513,2021-10-22 07:12:13,9020.0,4700.0,9271100.0
514,2021-10-22 07:12:13,9030.0,100.0,9266400.0
515,2021-10-22 07:12:13,9030.0,100.0,9266300.0
516,2021-10-22 07:12:13,9030.0,15100.0,9266200.0
517,2021-10-22 07:12:09,9030.0,1900.0,9251100.0
518,2021-10-22 07:12:09,9030.0,100.0,9249200.0
519,2021-10-22 07:11:44,9020.0,2700.0,9249100.0
520,2021-10-22 07:11:39,9020.0,7000.0,9246400.0
521,2021-10-22 07:11:04,9070.0,100.0,9239400.0
522,2021-10-22 07:10:52,9010.0,600.0,9239300.0
523,2021-10-22 07:10:46,9010.0,100.0,9238700.0
524,2021-10-22 07:10:44,9010.0,700.0,9238600.0
525,2021-10-22 07:10:43,9010.0,5000.0,9237900.0
526,2021-10-22 07:10:42,9010.0,100.0,9232900.0
527,2021-10-22 07:10:42,9010.0,500.0,9232800.0
528,2021-10-22 07:10:42,9010.0,300.0,9232300.0
529,2021-10-22 07:10:42,9010.0,8200.0,9232000.0
530,2021-10-22 07:10:42,9010.0,100.0,9223800.0
531,2021-10-22 07:10:42,9010.0,200.0,9223700.0
532,2021-10-22 07:10:38,9070.0,1000.0,9223500.0
533,2021-10-22 07:10:29,9080.0,5000.0,9222500.0
534,2021-10-22 07:10:15,9010.0,3100.0,9217500.0
535,2021-10-22 07:10:15,9010.0,11000.0,9214400.0
536,2021-10-22 07:10:15,9010.0,500.0,9203400.0
537,2021-10-22 07:10:15,9020.0,100.0,9202900.0
538,2021-10-22 07:10:15,9030.0,100.0,9202800.0
539,2021-10-22 07:10:15,9040.0,1000.0,9202700.0
540,2021-10-22 07:10:15,9040.0,2000.0,9201700.0
541,2021-10-22 07:10:15,9040.0,10000.0,9199700.0
542,2021-10-22 07:10:15,9050.0,2500.0,9189700.0
543,2021-10-22 07:10:15,9050.0,1200.0,9187200.0
544,2021-10-22 07:10:15,9050.0,1000.0,9186000.0
545,2021-10-22 07:10:15,9050.0,1000.0,9185000.0
546,2021-10-22 07:10:15,9050.0,200.0,9184000.0
547,2021-10-22 07:10:15,9050.0,300.0,9183800.0
548,2021-10-22 07:10:15,9050.0,400.0,9183500.0
549,2021-10-22 07:10:15,9060.0,20000.0,9183100.0
550,2021-10-22 07:10:15,9060.0,300.0,9163100.0
551,2021-10-22 07:10:15,9060.0,200.0,9162800.0
552,2021-10-22 07:10:15,9060.0,3000.0,9162600.0
553,2021-10-22 07:10:15,9060.0,100.0,9159600.0
554,2021-10-22 07:10:15,9060.0,1000.0,9159500.0
555,2021-10-22 07:10:15,9060.0,100.0,9158500.0
556,2021-10-22 07:10:15,9060.0,3100.0,9158400.0
557,2021-10-22 07:10:15,9080.0,2800.0,9155300.0
558,2021-10-22 07:10:14,9080.0,2000.0,9152500.0
559,2021-10-22 07:10:14,9080.0,200.0,9150500.0
560,2021-10-22 07:09:50,9080.0,1700.0,9150300.0
561,2021-10-22 07:09:50,9080.0,5000.0,9148600.0
562,2021-10-22 07:09:50,9080.0,3300.0,9143600.0
563,2021-10-22 07:09:29,9080.0,100.0,9140300.0
564,2021-10-22 07:09:21,9080.0,1100.0,9140200.0
565,2021-10-22 07:09:21,9070.0,1100.0,9139100.0
566,2021-10-22 07:09:18,9070.0,100.0,9138000.0
567,2021-10-22 07:08:58,9080.0,400.0,9137900.0
568,2021-10-22 07:08:51,9080.0,2000.0,9137500.0
569,2021-10-22 07:08:25,9080.0,3000.0,9135500.0
570,2021-10-22 07:08:23,9080.0,100.0,9132500.0
571,2021-10-22 07:08:09,9060.0,500.0,9132400.0
572,2021-10-22 07:08:05,9060.0,7000.0,9131900.0
573,2021-10-22 07:07:38,9060.0,1000.0,9124900.0
574,2021-10-22 07:07:38,9060.0,27000.0,9123900.0
575,2021-10-22 07:07:37,9060.0,500.0,9096900.0
576,2021-10-22 07:07:34,9060.0,3500.0,9096400.0
577,2021-10-22 07:07:34,9060.0,7400.0,9092900.0
578,2021-10-22 07:07:17,9060.0,500.0,9085500.0
579,2021-10-22 07:07:15,9050.0,100.0,9085000.0
580,2021-10-22 07:07:10,9060.0,100.0,9084900.0
581,2021-10-22 07:06:49,9000.0,13200.0,9084800.0
582,2021-10-22 07:06:49,9010.0,10200.0,9071600.0
583,2021-10-22 07:06:49,9010.0,5000.0,9061400.0
584,2021-10-22 07:06:49,9010.0,2000.0,9056400.0
585,2021-10-22 07:06:49,9020.0,500.0,9054400.0
586,2021-10-22 07:06:49,9020.0,100.0,9053900.0
587,2021-10-22 07:06:49,9020.0,500.0,9053800.0
588,2021-10-22 07:06:49,9030.0,1000.0,9053300.0
589,2021-10-22 07:06:49,9030.0,1500.0,9052300.0
590,2021-10-22 07:06:49,9040.0,200.0,9050800.0
591,2021-10-22 07:06:49,9040.0,500.0,9050600.0
592,2021-10-22 07:06:49,9050.0,200.0,9050100.0
593,2021-10-22 07:06:49,9050.0,4500.0,9049900.0
594,2021-10-22 07:06:49,9060.0,600.0,9045400.0
595,2021-10-22 07:06:46,9060.0,400.0,9044800.0
596,2021-10-22 07:06:31,9050.0,15500.0,9044400.0
597,2021-10-22 07:06:31,9050.0,100.0,9028900.0
598,2021-10-22 07:06:31,9050.0,700.0,9028800.0
599,2021-10-22 07:06:31,9050.0,1000.0,9028100.0
600,2021-10-22 07:06:31,9050.0,500.0,9027100.0
601,2021-10-22 07:06:31,9050.0,100.0,9026600.0
602,2021-10-22 07:06:31,9060.0,2300.0,9026500.0
603,2021-10-22 07:06:31,9060.0,1000.0,9024200.0
604,2021-10-22 07:06:31,9060.0,4500.0,9023200.0
605,2021-10-22 07:06:31,9060.0,5000.0,9018700.0
606,2021-10-22 07:06:31,9060.0,300.0,9013700.0
607,2021-10-22 07:06:31,9100.0,100.0,9013400.0
608,2021-10-22 07:06:13,9060.0,700.0,9013300.0
609,2021-10-22 07:06:13,9060.0,300.0,9012600.0
610,2021-10-22 07:06:13,9060.0,2000.0,9012300.0
611,2021-10-22 07:05:58,9100.0,1500.0,9010300.0
612,2021-10-22 07:05:48,9100.0,300.0,9008800.0
613,2021-10-22 07:05:38,9100.0,1000.0,9008500.0
614,2021-10-22 07:05:32,9100.0,100.0,9007500.0
615,2021-10-22 07:05:30,9100.0,100.0,9007400.0
616,2021-10-22 07:05:30,9100.0,1000.0,9007300.0
617,2021-10-22 07:05:30,9100.0,1500.0,9006300.0
618,2021-10-22 07:05:30,9100.0,200.0,9004800.0
619,2021-10-22 07:05:30,9100.0,100.0,9004600.0
620,2021-10-22 07:05:30,9100.0,100.0,9004500.0
621,2021-10-22 07:05:30,9100.0,200.0,9004400.0
622,2021-10-22 07:05:30,9100.0,400.0,9004200.0
623,2021-10-22 07:05:30,9100.0,100.0,9003800.0
624,2021-10-22 07:05:30,9100.0,1300.0,9003700.0
625,2021-10-22 07:05:29,9100.0,100.0,9002400.0
626,2021-10-22 07:05:25,9100.0,200.0,9002300.0
627,2021-10-22 07:05:15,9100.0,400.0,9002100.0
628,2021-10-22 07:05:15,9100.0,5000.0,9001700.0
629,2021-10-22 07:05:15,9100.0,1000.0,8996700.0
630,2021-10-22 07:05:15,9100.0,1000.0,8995700.0
631,2021-10-22 07:05:15,9100.0,100.0,8994700.0
632,2021-10-22 07:05:15,9100.0,400.0,8994600.0
633,2021-10-22 07:05:15,9100.0,500.0,8994200.0
634,2021-10-22 07:05:15,9100.0,2900.0,8993700.0
635,2021-10-22 07:05:15,9100.0,500.0,8990800.0
636,2021-10-22 07:05:15,9100.0,1000.0,8990300.0
637,2021-10-22 07:05:15,9100.0,1000.0,8989300.0
638,2021-10-22 07:05:15,9100.0,1000.0,8988300.0
639,2021-10-22 07:05:15,9100.0,1000.0,8987300.0
640,2021-10-22 07:05:15,9100.0,1000.0,8986300.0
641,2021-10-22 07:05:15,9100.0,900.0,8985300.0
642,2021-10-22 07:05:15,9100.0,1700.0,8984400.0
643,2021-10-22 07:05:15,9100.0,10000.0,8982700.0
644,2021-10-22 07:05:15,9100.0,200.0,8972700.0
645,2021-10-22 07:05:15,9100.0,300.0,8972500.0
646,2021-10-22 07:05:15,9100.0,100.0,8972200.0
647,2021-10-22 07:05:10,9110.0,100.0,8972100.0
648,2021-10-22 07:05:10,9110.0,200.0,8972000.0
649,2021-10-22 07:05:10,9110.0,100.0,8971800.0
650,2021-10-22 07:05:10,9110.0,100.0,8971700.0
651,2021-10-22 07:03:50,9120.0,300.0,8971600.0
652,2021-10-22 07:03:49,9120.0,1000.0,8971300.0
653,2021-10-22 07:03:41,9120.0,800.0,8970300.0
654,2021-10-22 07:03:41,9120.0,1000.0,8969500.0
655,2021-10-22 07:03:41,9120.0,200.0,8968500.0
656,2021-10-22 07:03:41,9120.0,500.0,8968300.0
657,2021-10-22 07:03:41,9120.0,300.0,8967800.0
658,2021-10-22 07:03:38,9120.0,400.0,8967500.0
659,2021-10-22 07:03:37,9130.0,100.0,8967100.0
660,2021-10-22 07:03:32,9120.0,5900.0,8967000.0
661,2021-10-22 07:03:26,9120.0,1000.0,8961100.0
662,2021-10-22 07:03:25,9130.0,600.0,8960100.0
663,2021-10-22 07:03:17,9130.0,1000.0,8959500.0
664,2021-10-22 07:02:54,9130.0,100.0,8958500.0
665,2021-10-22 07:02:49,9120.0,2400.0,8958400.0
666,2021-10-22 07:02:49,9120.0,10000.0,8956000.0
667,2021-10-22 07:02:49,9120.0,100.0,8946000.0
668,2021-10-22 07:02:49,9120.0,100.0,8945900.0
669,2021-10-22 07:02:49,9120.0,300.0,8945800.0
670,2021-10-22 07:02:48,9130.0,100.0,8945500.0
671,2021-10-22 07:02:48,9130.0,200.0,8945400.0
672,2021-10-22 07:02:44,9130.0,1000.0,8945200.0
673,2021-10-22 07:02:44,9130.0,200.0,8944200.0
674,2021-10-22 07:02:35,9130.0,900.0,8944000.0
675,2021-10-22 07:02:31,9140.0,1700.0,8943100.0
676,2021-10-22 07:02:31,9140.0,2800.0,8941400.0
677,2021-10-22 07:02:28,9130.0,9100.0,8938600.0
678,2021-10-22 07:02:28,9130.0,300.0,8929500.0
679,2021-10-22 07:02:28,9130.0,1000.0,8929200.0
680,2021-10-22 07:02:28,9130.0,600.0,8928200.0
681,2021-10-22 07:02:28,9130.0,200.0,8927600.0
682,2021-10-22 07:02:28,9130.0,500.0,8927400.0
683,2021-10-22 07:02:28,9130.0,5300.0,8926900.0
684,2021-10-22 07:02:27,9140.0,100.0,8921600.0
685,2021-10-22 07:02:22,9130.0,24700.0,8921500.0
686,2021-10-22 07:02:22,9130.0,300.0,8896800.0
687,2021-10-22 07:02:22,9130.0,9500.0,8896500.0
688,2021-10-22 07:02:02,9140.0,100.0,8887000.0
689,2021-10-22 07:01:59,9130.0,1000.0,8886900.0
690,2021-10-22 07:01:58,9130.0,2000.0,8885900.0
691,2021-10-22 07:01:46,9140.0,100.0,8883900.0
692,2021-10-22 07:01:43,9130.0,300.0,8883800.0
693,2021-10-22 07:01:27,9140.0,100.0,8883500.0
694,2021-10-22 07:01:17,9140.0,100.0,8883400.0
695,2021-10-22 07:01:09,9130.0,5000.0,8883300.0
696,2021-10-22 07:01:00,9140.0,3000.0,8878300.0
697,2021-10-22 07:00:54,9140.0,100.0,8875300.0
698,2021-10-22 07:00:50,9130.0,12200.0,8875200.0
699,2021-10-22 07:00:50,9130.0,1000.0,8863000.0
700,2021-10-22 07:00:50,9130.0,6800.0,8862000.0
701,2021-10-22 07:00:46,9130.0,3200.0,8855200.0
702,2021-10-22 07:00:46,9130.0,1800.0,8852000.0
703,2021-10-22 07:00:36,9130.0,1000.0,8850200.0
704,2021-10-22 07:00:30,9140.0,2000.0,8849200.0
705,2021-10-22 07:00:30,9140.0,6000.0,8847200.0
706,2021-10-22 07:00:30,9140.0,1000.0,8841200.0
707,2021-10-22 07:00:30,9140.0,500.0,8840200.0
708,2021-10-22 07:00:30,9140.0,500.0,8839700.0
709,2021-10-22 07:00:29,9140.0,500.0,8839200.0
710,2021-10-22 07:00:27,9140.0,500.0,8838700.0
711,2021-10-22 07:00:26,9140.0,300.0,8838200.0
712,2021-10-22 07:00:26,9140.0,1000.0,8837900.0
713,2021-10-22 07:00:26,9140.0,1700.0,8836900.0
714,2021-10-22 07:00:20,9140.0,300.0,8835200.0
715,2021-10-22 07:00:20,9140.0,700.0,8834900.0
716,2021-10-22 07:00:11,9140.0,200.0,8834200.0
717,2021-10-22 07:00:10,9140.0,1000.0,8834000.0
718,2021-10-22 06:59:53,9140.0,2000.0,8833000.0
719,2021-10-22 06:59:51,9140.0,200.0,8831000.0
720,2021-10-22 06:59:34,9140.0,1000.0,8830800.0
721,2021-10-22 06:59:24,9140.0,300.0,8829800.0
722,2021-10-22 06:59:19,9140.0,100.0,8829500.0
723,2021-10-22 06:59:13,9130.0,7200.0,8829400.0
724,2021-10-22 06:59:13,9130.0,2000.0,8822200.0
725,2021-10-22 06:59:13,9130.0,800.0,8820200.0
726,2021-10-22 06:59:03,9130.0,500.0,8819400.0
727,2021-10-22 06:58:55,9140.0,400.0,8818900.0
728,2021-10-22 06:58:46,9140.0,1000.0,8818500.0
729,2021-10-22 06:58:46,9140.0,200.0,8817500.0
730,2021-10-22 06:58:46,9140.0,300.0,8817300.0
731,2021-10-22 06:58:46,9140.0,500.0,8817000.0
732,2021-10-22 06:58:46,9140.0,100.0,8816500.0
733,2021-10-22 06:58:46,9140.0,2000.0,8816400.0
734,2021-10-22 06:58:46,9140.0,200.0,8814400.0
735,2021-10-22 06:58:46,9140.0,100.0,8814200.0
736,2021-10-22 06:58:46,9140.0,300.0,8814100.0
737,2021-10-22 06:58:46,9140.0,1000.0,8813800.0
738,2021-10-22 06:58:46,9140.0,1000.0,8812800.0
739,2021-10-22 06:58:46,9140.0,1100.0,8811800.0
740,2021-10-22 06:58:46,9140.0,200.0,8810700.0
741,2021-10-22 06:58:46,9140.0,2000.0,8810500.0
742,2021-10-22 06:58:36,9150.0,2000.0,8808500.0
743,2021-10-22 06:58:13,9150.0,2000.0,8806500.0
744,2021-10-22 06:57:58,9150.0,100.0,8804500.0
745,2021-10-22 06:57:46,9140.0,100.0,8804400.0
746,2021-10-22 06:57:40,9150.0,700.0,8804300.0
747,2021-10-22 06:57:34,9140.0,7900.0,8803600.0
748,2021-10-22 06:57:34,9140.0,100.0,8795700.0
749,2021-10-22 06:57:17,9150.0,1000.0,8795600.0
750,2021-10-22 06:57:14,9150.0,700.0,8794600.0
751,2021-10-22 06:57:14,9150.0,400.0,8793900.0
752,2021-10-22 06:57:14,9150.0,2500.0,8793500.0
753,2021-10-22 06:57:14,9150.0,2000.0,8791000.0
754,2021-10-22 06:57:14,9150.0,1000.0,8789000.0
755,2021-10-22 06:57:14,9150.0,1300.0,8788000.0
756,2021-10-22 06:57:14,9150.0,5000.0,8786700.0
757,2021-10-22 06:57:14,9150.0,1000.0,8781700.0
758,2021-10-22 06:57:14,9150.0,5000.0,8780700.0
759,2021-10-22 06:57:14,9150.0,300.0,8775700.0
760,2021-10-22 06:57:14,9150.0,100.0,8775400.0
761,2021-10-22 06:57:14,9150.0,9000.0,8775300.0
762,2021-10-22 06:57:14,9150.0,20000.0,8766300.0
763,2021-10-22 06:57:14,9150.0,3000.0,8746300.0
764,2021-10-22 06:57:14,9150.0,1000.0,8743300.0
765,2021-10-22 06:57:14,9150.0,4100.0,8742300.0
766,2021-10-22 06:57:14,9160.0,3300.0,8738200.0
767,2021-10-22 06:56:46,9160.0,1800.0,8734900.0
768,2021-10-22 06:56:38,9160.0,4900.0,8733100.0
769,2021-10-22 06:56:32,9160.0,100.0,8728200.0
770,2021-10-22 06:56:32,9160.0,1300.0,8728100.0
771,2021-10-22 06:56:32,9160.0,100.0,8726800.0
772,2021-10-22 06:56:32,9160.0,100.0,8726700.0
773,2021-10-22 06:56:32,9160.0,200.0,8726600.0
774,2021-10-22 06:56:32,9160.0,13300.0,8726400.0
775,2021-10-22 06:56:28,9170.0,800.0,8713100.0
776,2021-10-22 06:56:00,9170.0,100.0,8712300.0
777,2021-10-22 06:55:54,9170.0,1000.0,8712200.0
778,2021-10-22 06:55:54,9170.0,1000.0,8711200.0
779,2021-10-22 06:55:54,9170.0,300.0,8710200.0
780,2021-10-22 06:55:49,9170.0,100.0,8709900.0
781,2021-10-22 06:55:36,9170.0,600.0,8709800.0
782,2021-10-22 06:55:34,9180.0,200.0,8709200.0
783,2021-10-22 06:55:34,9180.0,800.0,8709000.0
784,2021-10-22 06:55:29,9170.0,11500.0,8708200.0
785,2021-10-22 06:55:29,9170.0,2500.0,8696700.0
786,2021-10-22 06:55:24,9170.0,100.0,8694200.0
787,2021-10-22 06:55:14,9170.0,5300.0,8694100.0
788,2021-10-22 06:55:14,9170.0,4700.0,8688800.0
789,2021-10-22 06:55:13,9170.0,500.0,8684100.0
790,2021-10-22 06:55:11,9170.0,4800.0,8683600.0
791,2021-10-22 06:55:11,9170.0,200.0,8678800.0
792,2021-10-22 06:55:10,9180.0,100.0,8678600.0
793,2021-10-22 06:55:04,9170.0,100.0,8678500.0
794,2021-10-22 06:55:04,9170.0,100.0,8678400.0
795,2021-10-22 06:54:57,9170.0,1000.0,8678300.0
796,2021-10-22 06:54:32,9180.0,100.0,8677300.0
797,2021-10-22 06:54:32,9180.0,500.0,8677200.0
798,2021-10-22 06:54:32,9180.0,400.0,8676700.0
799,2021-10-22 06:54:27,9170.0,300.0,8676300.0
800,2021-10-22 06:54:25,9170.0,500.0,8676000.0
801,2021-10-22 06:54:24,9160.0,1700.0,8675500.0
802,2021-10-22 06:54:24,9160.0,3300.0,8673800.0
803,2021-10-22 06:54:08,9160.0,100.0,8670500.0
804,2021-10-22 06:54:08,9170.0,400.0,8670400.0
805,2021-10-22 06:54:08,9170.0,100.0,8670000.0
806,2021-10-22 06:54:08,9170.0,1000.0,8669900.0
807,2021-10-22 06:54:08,9170.0,200.0,8668900.0
808,2021-10-22 06:54:08,9170.0,1000.0,8668700.0
809,2021-10-22 06:54:08,9170.0,10000.0,8667700.0
810,2021-10-22 06:54:08,9170.0,2000.0,8657700.0
811,2021-10-22 06:54:08,9170.0,5300.0,8655700.0
812,2021-10-22 06:53:56,9170.0,100.0,8650400.0
813,2021-10-22 06:53:36,9170.0,500.0,8650300.0
814,2021-10-22 06:53:15,9170.0,200.0,8649800.0
815,2021-10-22 06:53:13,9170.0,1000.0,8649600.0
816,2021-10-22 06:53:09,9170.0,500.0,8648600.0
817,2021-10-22 06:53:02,9160.0,500.0,8648100.0
818,2021-10-22 06:52:44,9170.0,400.0,8647600.0
819,2021-10-22 06:52:43,9160.0,2700.0,8647200.0
820,2021-10-22 06:52:43,9160.0,2300.0,8644500.0
821,2021-10-22 06:52:23,9170.0,2000.0,8642200.0
822,2021-10-22 06:52:23,9170.0,3000.0,8640200.0
823,2021-10-22 06:52:00,9160.0,100.0,8637200.0
824,2021-10-22 06:51:57,9170.0,2800.0,8637100.0
825,2021-10-22 06:51:57,9170.0,100.0,8634300.0
826,2021-10-22 06:51:57,9170.0,100.0,8634200.0
827,2021-10-22 06:51:44,9170.0,2000.0,8634100.0
828,2021-10-22 06:51:37,9170.0,100.0,8632100.0
829,2021-10-22 06:51:20,9180.0,600.0,8632000.0
830,2021-10-22 06:51:20,9180.0,100.0,8631400.0
831,2021-10-22 06:51:20,9180.0,100.0,8631300.0
832,2021-10-22 06:51:17,9170.0,100.0,8631200.0
833,2021-10-22 06:51:10,9170.0,300.0,8631100.0
834,2021-10-22 06:51:10,9170.0,1000.0,8630800.0
835,2021-10-22 06:51:10,9170.0,1000.0,8629800.0
836,2021-10-22 06:51:10,9170.0,400.0,8628800.0
837,2021-10-22 06:51:03,9150.0,13000.0,8628400.0
838,2021-10-22 06:50:59,9150.0,2900.0,8615400.0
839,2021-10-22 06:50:59,9150.0,2000.0,8612500.0
840,2021-10-22 06:50:59,9150.0,1000.0,8610500.0
841,2021-10-22 06:50:59,9150.0,4000.0,8609500.0
842,2021-10-22 06:50:59,9150.0,200.0,8605500.0
843,2021-10-22 06:50:59,9150.0,500.0,8605300.0
844,2021-10-22 06:50:59,9150.0,100.0,8604800.0
845,2021-10-22 06:50:59,9150.0,30000.0,8604700.0
846,2021-10-22 06:50:59,9150.0,100.0,8574700.0
847,2021-10-22 06:50:59,9160.0,1400.0,8574600.0
848,2021-10-22 06:50:59,9160.0,1000.0,8573200.0
849,2021-10-22 06:50:59,9160.0,300.0,8572200.0
850,2021-10-22 06:50:59,9160.0,6500.0,8571900.0
851,2021-10-22 06:50:58,9160.0,100.0,8565400.0
852,2021-10-22 06:50:46,9160.0,500.0,8565300.0
853,2021-10-22 06:50:45,9160.0,2000.0,8564800.0
854,2021-10-22 06:50:43,9160.0,800.0,8562800.0
855,2021-10-22 06:50:34,9160.0,200.0,8562000.0
856,2021-10-22 06:50:34,9160.0,100.0,8561800.0
857,2021-10-22 06:50:34,9160.0,500.0,8561700.0
858,2021-10-22 06:50:34,9160.0,1000.0,8561200.0
859,2021-10-22 06:50:34,9160.0,8300.0,8560200.0
860,2021-10-22 06:50:32,9160.0,600.0,8551900.0
861,2021-10-22 06:50:31,9160.0,100.0,8551300.0
862,2021-10-22 06:50:23,9160.0,1200.0,8551200.0
863,2021-10-22 06:50:23,9160.0,1000.0,8550000.0
864,2021-10-22 06:50:23,9160.0,500.0,8549000.0
865,2021-10-22 06:50:23,9160.0,12300.0,8548500.0
866,2021-10-22 06:50:17,9160.0,1000.0,8536200.0
867,2021-10-22 06:49:58,9160.0,100.0,8535200.0
868,2021-10-22 06:49:41,9160.0,1000.0,8535100.0
869,2021-10-22 06:49:11,9150.0,100.0,8534100.0
870,2021-10-22 06:49:11,9150.0,1000.0,8534000.0
871,2021-10-22 06:49:11,9150.0,900.0,8533000.0
872,2021-10-22 06:49:05,9150.0,100.0,8532100.0
873,2021-10-22 06:49:04,9150.0,1000.0,8532000.0
874,2021-10-22 06:49:04,9150.0,1400.0,8531000.0
875,2021-10-22 06:49:04,9150.0,200.0,8529600.0
876,2021-10-22 06:49:03,9160.0,3900.0,8529400.0
877,2021-10-22 06:49:01,9160.0,900.0,8525500.0
878,2021-10-22 06:48:45,9160.0,100.0,8524600.0
879,2021-10-22 06:48:34,9150.0,20000.0,8524500.0
880,2021-10-22 06:48:32,9150.0,100.0,8504500.0
881,2021-10-22 06:48:30,9150.0,500.0,8504400.0
882,2021-10-22 06:48:29,9150.0,9200.0,8503900.0
883,2021-10-22 06:48:28,9150.0,100.0,8494700.0
884,2021-10-22 06:48:28,9150.0,100.0,8494600.0
885,2021-10-22 06:48:28,9150.0,600.0,8494500.0
886,2021-10-22 06:48:10,9150.0,1000.0,8493900.0
887,2021-10-22 06:48:04,9150.0,400.0,8492900.0
888,2021-10-22 06:48:04,9150.0,100.0,8492500.0
889,2021-10-22 06:48:04,9150.0,4500.0,8492400.0
890,2021-10-22 06:48:04,9150.0,1000.0,8487900.0
891,2021-10-22 06:48:04,9150.0,100.0,8486900.0
892,2021-10-22 06:48:04,9150.0,500.0,8486800.0
893,2021-10-22 06:48:04,9150.0,800.0,8486300.0
894,2021-10-22 06:48:04,9150.0,300.0,8485500.0
895,2021-10-22 06:48:04,9150.0,3000.0,8485200.0
896,2021-10-22 06:48:04,9150.0,3000.0,8482200.0
897,2021-10-22 06:48:03,9150.0,8000.0,8479200.0
898,2021-10-22 06:48:01,9150.0,500.0,8471200.0
899,2021-10-22 06:47:45,9150.0,400.0,8470700.0
900,2021-10-22 06:47:41,9150.0,5000.0,8470300.0
901,2021-10-22 06:47:37,9150.0,10000.0,8465300.0
902,2021-10-22 06:47:19,9150.0,500.0,8455300.0
903,2021-10-22 06:47:08,9150.0,600.0,8454800.0
904,2021-10-22 06:46:57,9150.0,1000.0,8454200.0
905,2021-10-22 06:46:57,9150.0,1000.0,8453200.0
906,2021-10-22 06:46:41,9140.0,5500.0,8452200.0
907,2021-10-22 06:46:29,9160.0,700.0,8446700.0
908,2021-10-22 06:46:29,9160.0,500.0,8446000.0
909,2021-10-22 06:46:29,9160.0,7000.0,8445500.0
910,2021-10-22 06:46:27,9140.0,4400.0,8438500.0
911,2021-10-22 06:46:27,9140.0,800.0,8434100.0
912,2021-10-22 06:46:27,9140.0,1000.0,8433300.0
913,2021-10-22 06:46:27,9140.0,1000.0,8432300.0
914,2021-10-22 06:46:27,9150.0,500.0,8431300.0
915,2021-10-22 06:46:27,9150.0,2000.0,8430800.0
916,2021-10-22 06:46:27,9150.0,200.0,8428800.0
917,2021-10-22 06:46:27,9150.0,100.0,8428600.0
918,2021-10-22 06:46:22,9150.0,1900.0,8428500.0
919,2021-10-22 06:46:22,9150.0,1400.0,8426600.0
920,2021-10-22 06:46:15,9150.0,1100.0,8425200.0
921,2021-10-22 06:46:11,9150.0,5000.0,8424100.0
922,2021-10-22 06:46:05,9160.0,100.0,8419100.0
923,2021-10-22 06:46:04,9150.0,2500.0,8419000.0
924,2021-10-22 06:46:04,9150.0,1500.0,8416500.0
925,2021-10-22 06:46:04,9150.0,1000.0,8415000.0
926,2021-10-22 06:45:59,9150.0,7500.0,8414000.0
927,2021-10-22 06:45:59,9150.0,100.0,8406500.0
928,2021-10-22 06:45:59,9150.0,200.0,8406400.0
929,2021-10-22 06:45:59,9150.0,1000.0,8406200.0
930,2021-10-22 06:45:59,9150.0,1500.0,8405200.0
931,2021-10-22 06:45:59,9150.0,1000.0,8403700.0
932,2021-10-22 06:45:59,9150.0,3000.0,8402700.0
933,2021-10-22 06:45:59,9150.0,1000.0,8399700.0
934,2021-10-22 06:45:59,9150.0,5000.0,8398700.0
935,2021-10-22 06:45:59,9150.0,2000.0,8393700.0
936,2021-10-22 06:45:59,9160.0,200.0,8391700.0
937,2021-10-22 06:45:53,9150.0,1000.0,8391500.0
938,2021-10-22 06:45:49,9160.0,500.0,8390500.0
939,2021-10-22 06:45:49,9160.0,2100.0,8390000.0
940,2021-10-22 06:45:42,9160.0,7900.0,8387900.0
941,2021-10-22 06:45:42,9160.0,200.0,8380000.0
942,2021-10-22 06:45:42,9160.0,1000.0,8379800.0
943,2021-10-22 06:45:42,9160.0,100.0,8378800.0
944,2021-10-22 06:45:42,9160.0,10000.0,8378700.0
945,2021-10-22 06:45:42,9160.0,1200.0,8368700.0
946,2021-10-22 06:45:42,9160.0,7800.0,8367500.0
947,2021-10-22 06:45:42,9160.0,1000.0,8359700.0
948,2021-10-22 06:45:42,9160.0,800.0,8358700.0
949,2021-10-22 06:45:34,9170.0,400.0,8357900.0
950,2021-10-22 06:45:32,9170.0,200.0,8357500.0
951,2021-10-22 06:45:18,9170.0,5000.0,8357300.0
952,2021-10-22 06:45:06,9170.0,300.0,8352300.0
953,2021-10-22 06:45:06,9170.0,100.0,8352000.0
954,2021-10-22 06:45:06,9170.0,4500.0,8351900.0
955,2021-10-22 06:45:06,9170.0,200.0,8347400.0
956,2021-10-22 06:45:06,9170.0,500.0,8347200.0
957,2021-10-22 06:45:06,9170.0,1900.0,8346700.0
958,2021-10-22 06:45:06,9170.0,4500.0,8344800.0
959,2021-10-22 06:45:06,9170.0,2000.0,8340300.0
960,2021-10-22 06:45:06,9170.0,2200.0,8338300.0
961,2021-10-22 06:45:06,9170.0,500.0,8336100.0
962,2021-10-22 06:45:06,9170.0,200.0,8335600.0
963,2021-10-22 06:45:06,9170.0,2000.0,8335400.0
964,2021-10-22 06:45:06,9170.0,1100.0,8333400.0
965,2021-10-22 06:44:58,9180.0,200.0,8332300.0
966,2021-10-22 06:44:58,9180.0,800.0,8332100.0
967,2021-10-22 06:44:46,9180.0,300.0,8331300.0
968,2021-10-22 06:44:46,9180.0,800.0,8331000.0
969,2021-10-22 06:44:37,9180.0,9200.0,8330200.0
970,2021-10-22 06:44:37,9180.0,1000.0,8321000.0
971,2021-10-22 06:44:37,9180.0,100.0,8320000.0
972,2021-10-22 06:44:37,9180.0,1100.0,8319900.0
973,2021-10-22 06:44:37,9180.0,2000.0,8318800.0
974,2021-10-22 06:44:37,9180.0,6600.0,8316800.0
975,2021-10-22 06:44:32,9180.0,3400.0,8310200.0
976,2021-10-22 06:44:32,9180.0,1600.0,8306800.0
977,2021-10-22 06:44:22,9190.0,500.0,8305200.0
978,2021-10-22 06:44:21,9190.0,400.0,8304700.0
979,2021-10-22 06:44:11,9190.0,500.0,8304300.0
980,2021-10-22 06:44:11,9190.0,500.0,8303800.0
981,2021-10-22 06:44:08,9180.0,8400.0,8303300.0
982,2021-10-22 06:44:08,9180.0,100.0,8294900.0
983,2021-10-22 06:44:08,9180.0,500.0,8294800.0
984,2021-10-22 06:44:08,9180.0,400.0,8294300.0
985,2021-10-22 06:44:08,9180.0,600.0,8293900.0
986,2021-10-22 06:43:55,9190.0,500.0,8293300.0
987,2021-10-22 06:43:39,9190.0,1000.0,8292800.0
988,2021-10-22 06:43:27,9200.0,1000.0,8291800.0
989,2021-10-22 06:43:17,9200.0,800.0,8290800.0
990,2021-10-22 06:43:17,9200.0,1000.0,8290000.0
991,2021-10-22 06:42:59,9200.0,1000.0,8289000.0
992,2021-10-22 06:42:59,9190.0,1000.0,8288000.0
993,2021-10-22 06:42:47,9190.0,100.0,8287000.0
994,2021-10-22 06:42:46,9190.0,900.0,8286900.0
995,2021-10-22 06:42:21,9200.0,3200.0,8286000.0
996,2021-10-22 06:42:21,9190.0,2800.0,8282800.0
997,2021-10-22 06:42:09,9190.0,200.0,8280000.0
998,2021-10-22 06:42:07,9200.0,400.0,8279800.0
999,2021-10-22 06:42:07,9190.0,600.0,8279400.0
1000,2021-10-22 06:42:00,9190.0,500.0,8278800.0
1001,2021-10-22 06:41:58,9200.0,1000.0,8278300.0
1002,2021-10-22 06:41:50,9200.0,200.0,8277300.0
1003,2021-10-22 06:41:37,9200.0,100.0,8277100.0
1004,2021-10-22 06:41:30,9200.0,100.0,8277000.0
1005,2021-10-22 06:41:26,9180.0,100.0,8276900.0
1006,2021-10-22 06:41:22,9180.0,300.0,8276800.0
1007,2021-10-22 06:41:22,9180.0,200.0,8276500.0
1008,2021-10-22 06:41:20,9200.0,900.0,8276300.0
1009,2021-10-22 06:41:10,9200.0,1600.0,8275400.0
1010,2021-10-22 06:41:10,9200.0,400.0,8273800.0
1011,2021-10-22 06:41:09,9200.0,100.0,8273400.0
1012,2021-10-22 06:41:00,9180.0,300.0,8273300.0
1013,2021-10-22 06:40:49,9180.0,300.0,8273000.0
1014,2021-10-22 06:40:48,9200.0,100.0,8272700.0
1015,2021-10-22 06:40:45,9180.0,200.0,8272600.0
1016,2021-10-22 06:40:45,9180.0,1000.0,8272400.0
1017,2021-10-22 06:40:44,9200.0,30000.0,8271400.0
1018,2021-10-22 06:40:26,9180.0,100.0,8241400.0
1019,2021-10-22 06:40:24,9200.0,100.0,8241300.0
1020,2021-10-22 06:40:24,9200.0,4600.0,8241200.0
1021,2021-10-22 06:40:21,9200.0,2000.0,8236600.0
1022,2021-10-22 06:40:21,9200.0,5000.0,8234600.0
1023,2021-10-22 06:40:11,9200.0,5000.0,8229600.0
1024,2021-10-22 06:40:11,9200.0,100.0,8224600.0
1025,2021-10-22 06:40:11,9200.0,500.0,8224500.0
1026,2021-10-22 06:40:11,9200.0,5000.0,8224000.0
1027,2021-10-22 06:40:11,9200.0,2700.0,8219000.0
1028,2021-10-22 06:40:11,9200.0,400.0,8216300.0
1029,2021-10-22 06:40:11,9210.0,10000.0,8215900.0
1030,2021-10-22 06:39:56,9220.0,100.0,8205900.0
1031,2021-10-22 06:39:55,9210.0,100.0,8205800.0
1032,2021-10-22 06:39:55,9210.0,900.0,8205700.0
1033,2021-10-22 06:39:40,9210.0,100.0,8204800.0
1034,2021-10-22 06:39:38,9220.0,200.0,8204700.0
1035,2021-10-22 06:39:35,9220.0,500.0,8204500.0
1036,2021-10-22 06:39:35,9220.0,1400.0,8204000.0
1037,2021-10-22 06:39:35,9220.0,500.0,8202600.0
1038,2021-10-22 06:39:35,9220.0,1000.0,8202100.0
1039,2021-10-22 06:39:35,9220.0,200.0,8201100.0
1040,2021-10-22 06:39:35,9220.0,200.0,8200900.0
1041,2021-10-22 06:39:35,9220.0,300.0,8200700.0
1042,2021-10-22 06:39:35,9220.0,5000.0,8200400.0
1043,2021-10-22 06:39:35,9220.0,2000.0,8195400.0
1044,2021-10-22 06:39:35,9220.0,200.0,8193400.0
1045,2021-10-22 06:39:35,9220.0,2500.0,8193200.0
1046,2021-10-22 06:39:35,9220.0,100.0,8190700.0
1047,2021-10-22 06:39:35,9220.0,900.0,8190600.0
1048,2021-10-22 06:39:25,9210.0,100.0,8189700.0
1049,2021-10-22 06:39:24,9210.0,800.0,8189600.0
1050,2021-10-22 06:39:24,9210.0,200.0,8188800.0
1051,2021-10-22 06:39:22,9220.0,100.0,8188600.0
1052,2021-10-22 06:39:15,9200.0,900.0,8188500.0
1053,2021-10-22 06:39:15,9200.0,2000.0,8187600.0
1054,2021-10-22 06:39:15,9200.0,100.0,8185600.0
1055,2021-10-22 06:39:15,9200.0,500.0,8185500.0
1056,2021-10-22 06:39:15,9210.0,6200.0,8185000.0
1057,2021-10-22 06:39:12,9210.0,1000.0,8178800.0
1058,2021-10-22 06:39:12,9210.0,1000.0,8177800.0
1059,2021-10-22 06:39:12,9210.0,1000.0,8176800.0
1060,2021-10-22 06:39:12,9210.0,5500.0,8175800.0
1061,2021-10-22 06:38:50,9210.0,300.0,8170300.0
1062,2021-10-22 06:38:48,9210.0,5000.0,8170000.0
1063,2021-10-22 06:38:42,9210.0,1000.0,8165000.0
1064,2021-10-22 06:38:39,9210.0,1000.0,8164000.0
1065,2021-10-22 06:38:39,9210.0,200.0,8163000.0
1066,2021-10-22 06:38:39,9210.0,4000.0,8162800.0
1067,2021-10-22 06:38:39,9210.0,2700.0,8158800.0
1068,2021-10-22 06:38:39,9210.0,300.0,8156100.0
1069,2021-10-22 06:38:30,9210.0,100.0,8155800.0
1070,2021-10-22 06:38:28,9220.0,500.0,8155700.0
1071,2021-10-22 06:38:28,9220.0,100.0,8155200.0
1072,2021-10-22 06:38:26,9210.0,100.0,8155100.0
1073,2021-10-22 06:38:26,9210.0,400.0,8155000.0
1074,2021-10-22 06:38:19,9210.0,100.0,8154600.0
1075,2021-10-22 06:38:11,9210.0,200.0,8154500.0
1076,2021-10-22 06:37:59,9220.0,800.0,8154300.0
1077,2021-10-22 06:37:59,9220.0,800.0,8153500.0
1078,2021-10-22 06:37:59,9220.0,2000.0,8152700.0
1079,2021-10-22 06:37:59,9210.0,500.0,8150700.0
1080,2021-10-22 06:37:59,9210.0,2000.0,8150200.0
1081,2021-10-22 06:37:58,9210.0,2000.0,8148200.0
1082,2021-10-22 06:37:44,9210.0,100.0,8146200.0
1083,2021-10-22 06:37:43,9210.0,1000.0,8146100.0
1084,2021-10-22 06:37:41,9210.0,1900.0,8145100.0
1085,2021-10-22 06:37:41,9210.0,100.0,8143200.0
1086,2021-10-22 06:37:39,9210.0,1000.0,8143100.0
1087,2021-10-22 06:37:31,9210.0,1900.0,8142100.0
1088,2021-10-22 06:37:21,9210.0,8100.0,8140200.0
1089,2021-10-22 06:37:15,9210.0,700.0,8132100.0
1090,2021-10-22 06:37:13,9210.0,600.0,8131400.0
1091,2021-10-22 06:37:13,9210.0,600.0,8130800.0
1092,2021-10-22 06:37:08,9210.0,100.0,8130200.0
1093,2021-10-22 06:37:04,9210.0,300.0,8130100.0
1094,2021-10-22 06:37:04,9210.0,200.0,8129800.0
1095,2021-10-22 06:36:59,9210.0,200.0,8129600.0
1096,2021-10-22 06:36:49,9210.0,500.0,8129400.0
1097,2021-10-22 06:36:47,9210.0,500.0,8128900.0
1098,2021-10-22 06:36:37,9210.0,300.0,8128400.0
1099,2021-10-22 06:36:35,9210.0,2000.0,8128100.0
1100,2021-10-22 06:36:23,9210.0,1700.0,8126100.0
1101,2021-10-22 06:36:21,9230.0,7100.0,8124400.0
1102,2021-10-22 06:36:21,9220.0,100.0,8117300.0
1103,2021-10-22 06:36:21,9220.0,400.0,8117200.0
1104,2021-10-22 06:36:21,9220.0,2000.0,8116800.0
1105,2021-10-22 06:36:21,9220.0,400.0,8114800.0
1106,2021-10-22 06:36:17,9210.0,300.0,8114400.0
1107,2021-10-22 06:36:15,9210.0,300.0,8114100.0
1108,2021-10-22 06:36:15,9210.0,300.0,8113800.0
1109,2021-10-22 06:36:09,9220.0,100.0,8113500.0
1110,2021-10-22 06:36:09,9210.0,100.0,8113400.0
1111,2021-10-22 06:36:08,9200.0,3500.0,8113300.0
1112,2021-10-22 06:36:05,9210.0,500.0,8109800.0
1113,2021-10-22 06:35:55,9210.0,100.0,8109300.0
1114,2021-10-22 06:35:55,9210.0,100.0,8109200.0
1115,2021-10-22 06:35:42,9210.0,100.0,8109100.0
1116,2021-10-22 06:35:41,9200.0,300.0,8109000.0
1117,2021-10-22 06:35:39,9200.0,100.0,8108700.0
1118,2021-10-22 06:35:39,9200.0,1000.0,8108600.0
1119,2021-10-22 06:35:39,9200.0,1500.0,8107600.0
1120,2021-10-22 06:35:39,9200.0,3000.0,8106100.0
1121,2021-10-22 06:35:39,9200.0,300.0,8103100.0
1122,2021-10-22 06:35:39,9200.0,500.0,8102800.0
1123,2021-10-22 06:35:39,9200.0,100.0,8102300.0
1124,2021-10-22 06:35:36,9200.0,100.0,8102200.0
1125,2021-10-22 06:35:28,9200.0,100.0,8102100.0
1126,2021-10-22 06:35:25,9170.0,5000.0,8102000.0
1127,2021-10-22 06:35:25,9200.0,100.0,8097000.0
1128,2021-10-22 06:35:21,9170.0,1600.0,8096900.0
1129,2021-10-22 06:35:19,9170.0,900.0,8095300.0
1130,2021-10-22 06:35:18,9170.0,500.0,8094400.0
1131,2021-10-22 06:35:12,9170.0,1000.0,8093900.0
1132,2021-10-22 06:35:11,9170.0,500.0,8092900.0
1133,2021-10-22 06:35:06,9170.0,100.0,8092400.0
1134,2021-10-22 06:35:06,9170.0,500.0,8092300.0
1135,2021-10-22 06:35:06,9180.0,1100.0,8091800.0
1136,2021-10-22 06:35:06,9200.0,1300.0,8090700.0
1137,2021-10-22 06:35:04,9200.0,400.0,8089400.0
1138,2021-10-22 06:35:04,9200.0,100.0,8089000.0
1139,2021-10-22 06:35:04,9200.0,300.0,8088900.0
1140,2021-10-22 06:35:04,9200.0,200.0,8088600.0
1141,2021-10-22 06:35:04,9200.0,100.0,8088400.0
1142,2021-10-22 06:35:04,9200.0,500.0,8088300.0
1143,2021-10-22 06:35:04,9200.0,100.0,8087800.0
1144,2021-10-22 06:35:04,9200.0,1000.0,8087700.0
1145,2021-10-22 06:35:04,9200.0,100.0,8086700.0
1146,2021-10-22 06:35:04,9200.0,500.0,8086600.0
1147,2021-10-22 06:35:04,9200.0,1000.0,8086100.0
1148,2021-10-22 06:35:04,9200.0,1000.0,8085100.0
1149,2021-10-22 06:35:04,9200.0,1000.0,8084100.0
1150,2021-10-22 06:35:04,9200.0,1000.0,8083100.0
1151,2021-10-22 06:35:04,9200.0,2500.0,8082100.0
1152,2021-10-22 06:35:04,9200.0,1000.0,8079600.0
1153,2021-10-22 06:35:04,9200.0,200.0,8078600.0
1154,2021-10-22 06:35:04,9200.0,1000.0,8078400.0
1155,2021-10-22 06:35:04,9200.0,1000.0,8077400.0
1156,2021-10-22 06:35:04,9200.0,2000.0,8076400.0
1157,2021-10-22 06:35:04,9200.0,500.0,8074400.0
1158,2021-10-22 06:35:04,9200.0,200.0,8073900.0
1159,2021-10-22 06:35:04,9200.0,5000.0,8073700.0
1160,2021-10-22 06:35:04,9200.0,1500.0,8068700.0
1161,2021-10-22 06:35:04,9200.0,3000.0,8067200.0
1162,2021-10-22 06:35:04,9200.0,2000.0,8064200.0
1163,2021-10-22 06:35:04,9200.0,300.0,8062200.0
1164,2021-10-22 06:35:04,9200.0,300.0,8061900.0
1165,2021-10-22 06:35:04,9200.0,200.0,8061600.0
1166,2021-10-22 06:35:04,9200.0,700.0,8061400.0
1167,2021-10-22 06:35:04,9200.0,500.0,8060700.0
1168,2021-10-22 06:35:04,9200.0,5000.0,8060200.0
1169,2021-10-22 06:35:04,9200.0,1000.0,8055200.0
1170,2021-10-22 06:35:04,9200.0,100.0,8054200.0
1171,2021-10-22 06:35:04,9200.0,1000.0,8054100.0
1172,2021-10-22 06:35:04,9200.0,400.0,8053100.0
1173,2021-10-22 06:35:04,9200.0,1000.0,8052700.0
1174,2021-10-22 06:35:04,9200.0,5000.0,8051700.0
1175,2021-10-22 06:35:04,9200.0,5000.0,8046700.0
1176,2021-10-22 06:35:04,9200.0,1000.0,8041700.0
1177,2021-10-22 06:35:03,9200.0,200.0,8040700.0
1178,2021-10-22 06:35:03,9200.0,500.0,8040500.0
1179,2021-10-22 06:35:03,9200.0,2000.0,8040000.0
1180,2021-10-22 06:35:03,9200.0,1000.0,8038000.0
1181,2021-10-22 06:35:03,9200.0,4000.0,8037000.0
1182,2021-10-22 06:35:03,9200.0,600.0,8033000.0
1183,2021-10-22 06:35:03,9200.0,10000.0,8032400.0
1184,2021-10-22 06:35:03,9200.0,10000.0,8022400.0
1185,2021-10-22 06:35:03,9200.0,1700.0,8012400.0
1186,2021-10-22 06:34:54,9200.0,8300.0,8010700.0
1187,2021-10-22 06:34:54,9200.0,2000.0,8002400.0
1188,2021-10-22 06:34:54,9200.0,1000.0,8000400.0
1189,2021-10-22 06:34:54,9200.0,500.0,7999400.0
1190,2021-10-22 06:34:54,9200.0,1000.0,7998900.0
1191,2021-10-22 06:34:54,9200.0,3000.0,7997900.0
1192,2021-10-22 06:34:54,9200.0,100.0,7994900.0
1193,2021-10-22 06:34:54,9200.0,1000.0,7994800.0
1194,2021-10-22 06:34:54,9200.0,3000.0,7993800.0
1195,2021-10-22 06:34:53,9200.0,1000.0,7990800.0
1196,2021-10-22 06:34:37,9200.0,100.0,7989800.0
1197,2021-10-22 06:34:24,9190.0,100.0,7989700.0
1198,2021-10-22 06:34:24,9190.0,5500.0,7989600.0
1199,2021-10-22 06:34:24,9190.0,500.0,7984100.0
1200,2021-10-22 06:34:24,9190.0,1000.0,7983600.0
1201,2021-10-22 06:34:24,9190.0,5000.0,7982600.0
1202,2021-10-22 06:34:24,9190.0,5000.0,7977600.0
1203,2021-10-22 06:34:24,9190.0,5000.0,7972600.0
1204,2021-10-22 06:34:24,9190.0,5000.0,7967600.0
1205,2021-10-22 06:34:24,9190.0,5000.0,7962600.0
1206,2021-10-22 06:34:24,9190.0,100.0,7957600.0
1207,2021-10-22 06:34:24,9190.0,2000.0,7957500.0
1208,2021-10-22 06:34:24,9190.0,2000.0,7955500.0
1209,2021-10-22 06:34:24,9190.0,2000.0,7953500.0
1210,2021-10-22 06:34:24,9190.0,2000.0,7951500.0
1211,2021-10-22 06:34:24,9190.0,200.0,7949500.0
1212,2021-10-22 06:34:24,9190.0,300.0,7949300.0
1213,2021-10-22 06:34:24,9180.0,1000.0,7949000.0
1214,2021-10-22 06:34:24,9180.0,500.0,7948000.0
1215,2021-10-22 06:34:24,9180.0,300.0,7947500.0
1216,2021-10-22 06:34:24,9180.0,500.0,7947200.0
1217,2021-10-22 06:34:24,9180.0,1500.0,7946700.0
1218,2021-10-22 06:34:24,9180.0,10000.0,7945200.0
1219,2021-10-22 06:34:24,9180.0,4000.0,7935200.0
1220,2021-10-22 06:34:24,9180.0,500.0,7931200.0
1221,2021-10-22 06:34:24,9180.0,5000.0,7930700.0
1222,2021-10-22 06:34:24,9180.0,500.0,7925700.0
1223,2021-10-22 06:34:24,9180.0,10000.0,7925200.0
1224,2021-10-22 06:34:24,9180.0,3000.0,7915200.0
1225,2021-10-22 06:34:24,9180.0,2000.0,7912200.0
1226,2021-10-22 06:34:24,9180.0,10000.0,7910200.0
1227,2021-10-22 06:34:24,9180.0,2500.0,7900200.0
1228,2021-10-22 06:34:24,9170.0,100.0,7897700.0
1229,2021-10-22 06:34:24,9170.0,7900.0,7897600.0
1230,2021-10-22 06:34:24,9170.0,1000.0,7889700.0
1231,2021-10-22 06:34:16,9170.0,2000.0,7888700.0
1232,2021-10-22 06:34:00,9170.0,1000.0,7886700.0
1233,2021-10-22 06:33:58,9170.0,100.0,7885700.0
1234,2021-10-22 06:33:43,9160.0,1200.0,7885600.0
1235,2021-10-22 06:33:43,9160.0,800.0,7884400.0
1236,2021-10-22 06:33:39,9160.0,300.0,7883600.0
1237,2021-10-22 06:33:29,9180.0,1100.0,7883300.0
1238,2021-10-22 06:33:29,9170.0,900.0,7882200.0
1239,2021-10-22 06:33:14,9180.0,1400.0,7881300.0
1240,2021-10-22 06:33:14,9180.0,5000.0,7879900.0
1241,2021-10-22 06:33:14,9180.0,5000.0,7874900.0
1242,2021-10-22 06:33:14,9180.0,500.0,7869900.0
1243,2021-10-22 06:33:14,9180.0,1000.0,7869400.0
1244,2021-10-22 06:33:14,9180.0,300.0,7868400.0
1245,2021-10-22 06:33:14,9180.0,500.0,7868100.0
1246,2021-10-22 06:33:14,9180.0,500.0,7867600.0
1247,2021-10-22 06:33:14,9180.0,100.0,7867100.0
1248,2021-10-22 06:33:14,9180.0,2700.0,7867000.0
1249,2021-10-22 06:33:14,9170.0,3000.0,7864300.0
1250,2021-10-22 06:33:12,9160.0,500.0,7861300.0
1251,2021-10-22 06:33:05,9170.0,100.0,7860800.0
1252,2021-10-22 06:33:00,9160.0,1000.0,7860700.0
1253,2021-10-22 06:32:41,9160.0,500.0,7859700.0
1254,2021-10-22 06:32:40,9160.0,500.0,7859200.0
1255,2021-10-22 06:32:29,9150.0,1000.0,7858700.0
1256,2021-10-22 06:32:23,9150.0,1200.0,7857700.0
1257,2021-10-22 06:32:23,9160.0,3800.0,7856500.0
1258,2021-10-22 06:32:16,9160.0,200.0,7852700.0
1259,2021-10-22 06:32:16,9160.0,100.0,7852500.0
1260,2021-10-22 06:32:16,9160.0,300.0,7852400.0
1261,2021-10-22 06:32:16,9160.0,20000.0,7852100.0
1262,2021-10-22 06:32:16,9160.0,100.0,7832100.0
1263,2021-10-22 06:32:16,9160.0,500.0,7832000.0
1264,2021-10-22 06:32:16,9160.0,1000.0,7831500.0
1265,2021-10-22 06:32:13,9160.0,200.0,7830500.0
1266,2021-10-22 06:32:10,9160.0,2000.0,7830300.0
1267,2021-10-22 06:32:04,9160.0,800.0,7828300.0
1268,2021-10-22 06:32:04,9160.0,300.0,7827500.0
1269,2021-10-22 06:31:45,9160.0,2000.0,7827200.0
1270,2021-10-22 06:31:40,9160.0,3000.0,7825200.0
1271,2021-10-22 06:31:39,9160.0,500.0,7822200.0
1272,2021-10-22 06:31:35,9130.0,700.0,7821700.0
1273,2021-10-22 06:31:35,9130.0,21900.0,7821000.0
1274,2021-10-22 06:31:35,9130.0,100.0,7799100.0
1275,2021-10-22 06:31:35,9140.0,2000.0,7799000.0
1276,2021-10-22 06:31:35,9150.0,100.0,7797000.0
1277,2021-10-22 06:31:35,9150.0,700.0,7796900.0
1278,2021-10-22 06:31:35,9150.0,1500.0,7796200.0
1279,2021-10-22 06:31:33,9160.0,20000.0,7794700.0
1280,2021-10-22 06:31:29,9160.0,500.0,7774700.0
1281,2021-10-22 06:31:19,9150.0,500.0,7774200.0
1282,2021-10-22 06:31:19,9150.0,300.0,7773700.0
1283,2021-10-22 06:31:19,9150.0,4200.0,7773400.0
1284,2021-10-22 06:31:18,9150.0,10000.0,7769200.0
1285,2021-10-22 06:31:13,9160.0,3000.0,7759200.0
1286,2021-10-22 06:31:01,9160.0,2000.0,7756200.0
1287,2021-10-22 06:31:01,9160.0,4500.0,7754200.0
1288,2021-10-22 06:30:58,9160.0,1000.0,7749700.0
1289,2021-10-22 06:30:54,9160.0,1000.0,7748700.0
1290,2021-10-22 06:30:54,9160.0,500.0,7747700.0
1291,2021-10-22 06:30:53,9160.0,2000.0,7747200.0
1292,2021-10-22 06:30:53,9160.0,100.0,7745200.0
1293,2021-10-22 06:30:53,9160.0,9600.0,7745100.0
1294,2021-10-22 06:30:52,9180.0,1600.0,7735500.0
1295,2021-10-22 06:30:51,9160.0,300.0,7733900.0
1296,2021-10-22 06:30:42,9180.0,100.0,7733600.0
1297,2021-10-22 06:30:36,9160.0,100.0,7733500.0
1298,2021-10-22 06:30:36,9160.0,400.0,7733400.0
1299,2021-10-22 06:30:34,9160.0,400.0,7733000.0
1300,2021-10-22 06:30:34,9160.0,100.0,7732600.0
1301,2021-10-22 06:30:34,9160.0,300.0,7732500.0
1302,2021-10-22 06:30:34,9160.0,200.0,7732200.0
1303,2021-10-22 06:30:28,9160.0,500.0,7732000.0
1304,2021-10-22 06:30:28,9180.0,1000.0,7731500.0
1305,2021-10-22 06:30:09,9160.0,800.0,7730500.0
1306,2021-10-22 06:30:07,9180.0,5000.0,7729700.0
1307,2021-10-22 06:30:01,9180.0,1000.0,7724700.0
1308,2021-10-22 06:29:59,9180.0,100.0,7723700.0
1309,2021-10-22 06:29:58,9180.0,8500.0,7723600.0
1310,2021-10-22 06:29:58,9180.0,1000.0,7715100.0
1311,2021-10-22 06:29:58,9180.0,500.0,7714100.0
1312,2021-10-22 06:29:45,9160.0,100.0,7713600.0
1313,2021-10-22 06:29:45,9160.0,1000.0,7713500.0
1314,2021-10-22 06:29:45,9160.0,3300.0,7712500.0
1315,2021-10-22 06:29:45,9170.0,100.0,7709200.0
1316,2021-10-22 06:29:41,9180.0,3500.0,7709100.0
1317,2021-10-22 06:29:33,9180.0,100.0,7705600.0
1318,2021-10-22 06:29:28,9180.0,100.0,7705500.0
1319,2021-10-22 06:29:26,9180.0,800.0,7705400.0
1320,2021-10-22 06:29:26,9180.0,1200.0,7704600.0
1321,2021-10-22 06:29:24,9180.0,800.0,7703400.0
1322,2021-10-22 06:29:24,9180.0,500.0,7702600.0
1323,2021-10-22 06:29:24,9180.0,3000.0,7702100.0
1324,2021-10-22 06:29:24,9180.0,500.0,7699100.0
1325,2021-10-22 06:29:24,9180.0,500.0,7698600.0
1326,2021-10-22 06:29:24,9180.0,500.0,7698100.0
1327,2021-10-22 06:29:24,9180.0,1000.0,7697600.0
1328,2021-10-22 06:29:24,9180.0,3200.0,7696600.0
1329,2021-10-22 06:29:18,9180.0,400.0,7693400.0
1330,2021-10-22 06:29:17,9180.0,100.0,7693000.0
1331,2021-10-22 06:29:05,9160.0,4500.0,7692900.0
1332,2021-10-22 06:29:05,9170.0,1800.0,7688400.0
1333,2021-10-22 06:29:01,9180.0,300.0,7686600.0
1334,2021-10-22 06:29:01,9180.0,100.0,7686300.0
1335,2021-10-22 06:28:57,9170.0,2000.0,7686200.0
1336,2021-10-22 06:28:57,9170.0,2000.0,7684200.0
1337,2021-10-22 06:28:57,9170.0,3000.0,7682200.0
1338,2021-10-22 06:28:57,9170.0,1200.0,7679200.0
1339,2021-10-22 06:28:52,9160.0,100.0,7678000.0
1340,2021-10-22 06:28:52,9160.0,100.0,7677900.0
1341,2021-10-22 06:28:51,9160.0,500.0,7677800.0
1342,2021-10-22 06:28:50,9170.0,1800.0,7677300.0
1343,2021-10-22 06:28:50,9170.0,30000.0,7675500.0
1344,2021-10-22 06:28:50,9170.0,500.0,7645500.0
1345,2021-10-22 06:28:50,9170.0,1000.0,7645000.0
1346,2021-10-22 06:28:50,9170.0,500.0,7644000.0
1347,2021-10-22 06:28:50,9170.0,14500.0,7643500.0
1348,2021-10-22 06:28:50,9170.0,600.0,7629000.0
1349,2021-10-22 06:28:50,9170.0,100.0,7628400.0
1350,2021-10-22 06:28:50,9170.0,100.0,7628300.0
1351,2021-10-22 06:28:50,9170.0,400.0,7628200.0
1352,2021-10-22 06:28:50,9170.0,200.0,7627800.0
1353,2021-10-22 06:28:50,9170.0,200.0,7627600.0
1354,2021-10-22 06:28:50,9170.0,100.0,7627400.0
1355,2021-10-22 06:28:49,9160.0,500.0,7627300.0
1356,2021-10-22 06:28:46,9160.0,100.0,7626800.0
1357,2021-10-22 06:28:39,9160.0,800.0,7626700.0
1358,2021-10-22 06:28:39,9160.0,4200.0,7625900.0
1359,2021-10-22 06:28:39,9160.0,5400.0,7621700.0
1360,2021-10-22 06:28:38,9160.0,500.0,7616300.0
1361,2021-10-22 06:28:38,9160.0,1000.0,7615800.0
1362,2021-10-22 06:28:37,9160.0,500.0,7614800.0
1363,2021-10-22 06:28:36,9160.0,2000.0,7614300.0
1364,2021-10-22 06:28:36,9160.0,600.0,7612300.0
1365,2021-10-22 06:28:36,9160.0,4000.0,7611700.0
1366,2021-10-22 06:28:36,9160.0,100.0,7607700.0
1367,2021-10-22 06:28:36,9160.0,4300.0,7607600.0
1368,2021-10-22 06:28:32,9160.0,3000.0,7603300.0
1369,2021-10-22 06:28:22,9160.0,800.0,7600300.0
1370,2021-10-22 06:28:22,9160.0,300.0,7599500.0
1371,2021-10-22 06:28:22,9160.0,900.0,7599200.0
1372,2021-10-22 06:28:13,9160.0,100.0,7598300.0
1373,2021-10-22 06:27:57,9160.0,100.0,7598200.0
1374,2021-10-22 06:27:54,9160.0,400.0,7598100.0
1375,2021-10-22 06:27:54,9160.0,600.0,7597700.0
1376,2021-10-22 06:27:50,9160.0,400.0,7597100.0
1377,2021-10-22 06:27:47,9160.0,1000.0,7596700.0
1378,2021-10-22 06:27:47,9160.0,100.0,7595700.0
1379,2021-10-22 06:27:42,9150.0,2000.0,7595600.0
1380,2021-10-22 06:27:39,9160.0,400.0,7593600.0
1381,2021-10-22 06:27:39,9160.0,1000.0,7593200.0
1382,2021-10-22 06:27:24,9130.0,100.0,7592200.0
1383,2021-10-22 06:27:24,9130.0,400.0,7592100.0
1384,2021-10-22 06:27:17,9160.0,200.0,7591700.0
1385,2021-10-22 06:27:13,9160.0,1800.0,7591500.0
1386,2021-10-22 06:27:13,9160.0,2000.0,7589700.0
1387,2021-10-22 06:27:13,9160.0,1200.0,7587700.0
1388,2021-10-22 06:27:06,9120.0,100.0,7586500.0
1389,2021-10-22 06:27:06,9140.0,400.0,7586400.0
1390,2021-10-22 06:27:04,9160.0,800.0,7586000.0
1391,2021-10-22 06:27:04,9160.0,100.0,7585200.0
1392,2021-10-22 06:26:53,9160.0,4000.0,7585100.0
1393,2021-10-22 06:26:52,9160.0,5100.0,7581100.0
1394,2021-10-22 06:26:52,9160.0,1000.0,7576000.0
1395,2021-10-22 06:26:36,9160.0,1900.0,7575000.0
1396,2021-10-22 06:26:36,9160.0,5000.0,7573100.0
1397,2021-10-22 06:26:36,9160.0,3000.0,7568100.0
1398,2021-10-22 06:26:36,9160.0,3000.0,7565100.0
1399,2021-10-22 06:26:36,9160.0,3000.0,7562100.0
1400,2021-10-22 06:26:36,9160.0,3000.0,7559100.0
1401,2021-10-22 06:26:36,9150.0,1000.0,7556100.0
1402,2021-10-22 06:26:36,9150.0,2000.0,7555100.0
1403,2021-10-22 06:26:36,9150.0,300.0,7553100.0
1404,2021-10-22 06:26:36,9150.0,1000.0,7552800.0
1405,2021-10-22 06:26:36,9150.0,1000.0,7551800.0
1406,2021-10-22 06:26:36,9150.0,500.0,7550800.0
1407,2021-10-22 06:26:36,9150.0,2600.0,7550300.0
1408,2021-10-22 06:26:36,9140.0,4700.0,7547700.0
1409,2021-10-22 06:26:35,9140.0,3600.0,7543000.0
1410,2021-10-22 06:26:35,9120.0,3000.0,7539400.0
1411,2021-10-22 06:26:34,9120.0,100.0,7536400.0
1412,2021-10-22 06:26:34,9120.0,100.0,7536300.0
1413,2021-10-22 06:26:34,9120.0,1500.0,7536200.0
1414,2021-10-22 06:26:34,9120.0,100.0,7534700.0
1415,2021-10-22 06:26:34,9120.0,200.0,7534600.0
1416,2021-10-22 06:26:32,9120.0,200.0,7534400.0
1417,2021-10-22 06:26:30,9140.0,100.0,7534200.0
1418,2021-10-22 06:26:16,9120.0,1300.0,7534100.0
1419,2021-10-22 06:26:13,9120.0,300.0,7532800.0
1420,2021-10-22 06:26:13,9120.0,700.0,7532500.0
1421,2021-10-22 06:26:13,9140.0,1600.0,7531800.0
1422,2021-10-22 06:26:13,9140.0,1900.0,7530200.0
1423,2021-10-22 06:26:07,9140.0,100.0,7528300.0
1424,2021-10-22 06:25:43,9120.0,500.0,7528200.0
1425,2021-10-22 06:25:37,9100.0,100.0,7527700.0
1426,2021-10-22 06:25:35,9100.0,1000.0,7527600.0
1427,2021-10-22 06:25:35,9100.0,4000.0,7526600.0
1428,2021-10-22 06:25:27,9100.0,500.0,7522600.0
1429,2021-10-22 06:25:27,9100.0,10000.0,7522100.0
1430,2021-10-22 06:25:27,9100.0,300.0,7512100.0
1431,2021-10-22 06:25:27,9100.0,700.0,7511800.0
1432,2021-10-22 06:25:27,9100.0,300.0,7511100.0
1433,2021-10-22 06:25:27,9100.0,100.0,7510800.0
1434,2021-10-22 06:25:27,9100.0,6000.0,7510700.0
1435,2021-10-22 06:25:27,9100.0,1000.0,7504700.0
1436,2021-10-22 06:25:27,9090.0,2700.0,7503700.0
1437,2021-10-22 06:25:27,9090.0,1400.0,7501000.0
1438,2021-10-22 06:24:58,9050.0,2700.0,7499600.0
1439,2021-10-22 06:24:58,9050.0,1000.0,7496900.0
1440,2021-10-22 06:24:58,9050.0,5800.0,7495900.0
1441,2021-10-22 06:24:58,9050.0,1900.0,7490100.0
1442,2021-10-22 06:24:58,9050.0,2400.0,7488200.0
1443,2021-10-22 06:24:50,9050.0,100.0,7485800.0
1444,2021-10-22 06:24:44,9050.0,100.0,7485700.0
1445,2021-10-22 06:24:43,9050.0,100.0,7485600.0
1446,2021-10-22 06:24:33,9050.0,1100.0,7485500.0
1447,2021-10-22 06:24:33,9050.0,500.0,7484400.0
1448,2021-10-22 06:24:33,9050.0,400.0,7483900.0
1449,2021-10-22 06:24:25,9050.0,1000.0,7483500.0
1450,2021-10-22 06:24:10,9050.0,1600.0,7482500.0
1451,2021-10-22 06:24:05,9050.0,400.0,7480900.0
1452,2021-10-22 06:23:59,9090.0,100.0,7480500.0
1453,2021-10-22 06:23:51,9020.0,100.0,7480400.0
1454,2021-10-22 06:23:51,9030.0,2000.0,7480300.0
1455,2021-10-22 06:23:51,9030.0,500.0,7478300.0
1456,2021-10-22 06:23:51,9050.0,1500.0,7477800.0
1457,2021-10-22 06:23:51,9080.0,200.0,7476300.0
1458,2021-10-22 06:23:46,9090.0,300.0,7476100.0
1459,2021-10-22 06:23:46,9090.0,700.0,7475800.0
1460,2021-10-22 06:23:44,9090.0,1400.0,7475100.0
1461,2021-10-22 06:23:43,9090.0,200.0,7473700.0
1462,2021-10-22 06:23:26,9090.0,1000.0,7473500.0
1463,2021-10-22 06:23:26,9090.0,1000.0,7472500.0
1464,2021-10-22 06:23:26,9090.0,500.0,7471500.0
1465,2021-10-22 06:22:57,9100.0,300.0,7471000.0
1466,2021-10-22 06:22:57,9100.0,1000.0,7470700.0
1467,2021-10-22 06:22:57,9100.0,1300.0,7469700.0
1468,2021-10-22 06:22:57,9100.0,700.0,7468400.0
1469,2021-10-22 06:22:57,9100.0,4300.0,7467700.0
1470,2021-10-22 06:22:57,9100.0,100.0,7463400.0
1471,2021-10-22 06:22:57,9100.0,200.0,7463300.0
1472,2021-10-22 06:22:57,9100.0,100.0,7463100.0
1473,2021-10-22 06:22:57,9100.0,1000.0,7463000.0
1474,2021-10-22 06:22:57,9100.0,1500.0,7462000.0
1475,2021-10-22 06:22:57,9100.0,700.0,7460500.0
1476,2021-10-22 06:22:52,9100.0,5000.0,7459800.0
1477,2021-10-22 06:22:36,9100.0,1400.0,7454800.0
1478,2021-10-22 06:22:33,9100.0,200.0,7453400.0
1479,2021-10-22 06:22:32,9100.0,1000.0,7453200.0
1480,2021-10-22 06:22:17,9100.0,2000.0,7452200.0
1481,2021-10-22 06:22:14,9120.0,200.0,7450200.0
1482,2021-10-22 06:22:04,9100.0,9700.0,7450000.0
1483,2021-10-22 06:22:04,9100.0,300.0,7440300.0
1484,2021-10-22 06:22:04,9100.0,200.0,7440000.0
1485,2021-10-22 06:22:04,9100.0,1000.0,7439800.0
1486,2021-10-22 06:22:04,9100.0,600.0,7438800.0
1487,2021-10-22 06:22:04,9100.0,10000.0,7438200.0
1488,2021-10-22 06:22:04,9100.0,500.0,7428200.0
1489,2021-10-22 06:22:04,9100.0,100.0,7427700.0
1490,2021-10-22 06:22:04,9110.0,1900.0,7427600.0
1491,2021-10-22 06:22:04,9110.0,1000.0,7425700.0
1492,2021-10-22 06:22:04,9120.0,500.0,7424700.0
1493,2021-10-22 06:22:04,9120.0,1000.0,7424200.0
1494,2021-10-22 06:22:04,9120.0,1000.0,7423200.0
1495,2021-10-22 06:22:04,9120.0,1000.0,7422200.0
1496,2021-10-22 06:22:03,9150.0,2000.0,7421200.0
1497,2021-10-22 06:21:54,9150.0,1400.0,7419200.0
1498,2021-10-22 06:21:53,9150.0,300.0,7417800.0
1499,2021-10-22 06:21:53,9150.0,100.0,7417500.0
1500,2021-10-22 06:21:50,9150.0,500.0,7417400.0
1501,2021-10-22 06:21:50,9140.0,100.0,7416900.0
1502,2021-10-22 06:21:41,9150.0,2600.0,7416800.0
1503,2021-10-22 06:21:40,9150.0,500.0,7414200.0
1504,2021-10-22 06:21:34,9150.0,100.0,7413700.0
1505,2021-10-22 06:21:26,9150.0,400.0,7413600.0
1506,2021-10-22 06:21:24,9150.0,1000.0,7413200.0
1507,2021-10-22 06:21:24,9150.0,600.0,7412200.0
1508,2021-10-22 06:21:15,9160.0,100.0,7411600.0
1509,2021-10-22 06:21:14,9150.0,400.0,7411500.0
1510,2021-10-22 06:21:14,9150.0,400.0,7411100.0
1511,2021-10-22 06:21:14,9150.0,1200.0,7410700.0
1512,2021-10-22 06:21:06,9150.0,400.0,7409500.0
1513,2021-10-22 06:21:06,9150.0,300.0,7409100.0
1514,2021-10-22 06:21:00,9170.0,7800.0,7408800.0
1515,2021-10-22 06:21:00,9160.0,200.0,7401000.0
1516,2021-10-22 06:21:00,9160.0,2000.0,7400800.0
1517,2021-10-22 06:20:56,9160.0,400.0,7398800.0
1518,2021-10-22 06:20:55,9160.0,100.0,7398400.0
1519,2021-10-22 06:20:53,9160.0,500.0,7398300.0
1520,2021-10-22 06:20:50,9160.0,1000.0,7397800.0
1521,2021-10-22 06:20:50,9160.0,1500.0,7396800.0
1522,2021-10-22 06:20:46,9160.0,500.0,7395300.0
1523,2021-10-22 06:20:46,9160.0,1000.0,7394800.0
1524,2021-10-22 06:20:46,9160.0,500.0,7393800.0
1525,2021-10-22 06:20:46,9160.0,4500.0,7393300.0
1526,2021-10-22 06:20:38,9160.0,300.0,7388800.0
1527,2021-10-22 06:20:06,9170.0,100.0,7388500.0
1528,2021-10-22 06:19:53,9170.0,2000.0,7388400.0
1529,2021-10-22 06:19:43,9180.0,100.0,7386400.0
1530,2021-10-22 06:19:32,9180.0,500.0,7386300.0
1531,2021-10-22 06:19:31,9180.0,100.0,7385800.0
1532,2021-10-22 06:19:30,9180.0,9000.0,7385700.0
1533,2021-10-22 06:19:24,9180.0,400.0,7376700.0
1534,2021-10-22 06:19:24,9180.0,100.0,7376300.0
1535,2021-10-22 06:19:20,9180.0,1000.0,7376200.0
1536,2021-10-22 06:19:11,9180.0,1000.0,7375200.0
1537,2021-10-22 06:19:08,9180.0,1200.0,7374200.0
1538,2021-10-22 06:18:55,9180.0,100.0,7373000.0
1539,2021-10-22 06:18:55,9160.0,900.0,7372900.0
1540,2021-10-22 06:18:55,9170.0,100.0,7372000.0
1541,2021-10-22 06:18:55,9170.0,1000.0,7371900.0
1542,2021-10-22 06:18:49,9180.0,1500.0,7370900.0
1543,2021-10-22 06:18:49,9180.0,200.0,7369400.0
1544,2021-10-22 06:18:42,9180.0,1000.0,7369200.0
1545,2021-10-22 06:18:42,9190.0,1000.0,7368200.0
1546,2021-10-22 06:18:40,9180.0,3000.0,7367200.0
1547,2021-10-22 06:18:36,9180.0,2000.0,7364200.0
1548,2021-10-22 06:18:31,9180.0,300.0,7362200.0
1549,2021-10-22 06:18:31,9180.0,2000.0,7361900.0
1550,2021-10-22 06:18:31,9180.0,500.0,7359900.0
1551,2021-10-22 06:18:31,9180.0,1000.0,7359400.0
1552,2021-10-22 06:18:28,9170.0,200.0,7358400.0
1553,2021-10-22 06:18:23,9170.0,1000.0,7358200.0
1554,2021-10-22 06:18:23,9170.0,200.0,7357200.0
1555,2021-10-22 06:18:23,9170.0,100.0,7357000.0
1556,2021-10-22 06:18:23,9170.0,500.0,7356900.0
1557,2021-10-22 06:18:14,9170.0,500.0,7356400.0
1558,2021-10-22 06:18:14,9160.0,200.0,7355900.0
1559,2021-10-22 06:18:08,9170.0,400.0,7355700.0
1560,2021-10-22 06:18:07,9170.0,100.0,7355300.0
1561,2021-10-22 06:18:07,9170.0,500.0,7355200.0
1562,2021-10-22 06:18:07,9170.0,1000.0,7354700.0
1563,2021-10-22 06:18:07,9170.0,500.0,7353700.0
1564,2021-10-22 06:18:04,9160.0,200.0,7353200.0
1565,2021-10-22 06:18:02,9170.0,500.0,7353000.0
1566,2021-10-22 06:18:02,9170.0,1000.0,7352500.0
1567,2021-10-22 06:18:02,9170.0,3500.0,7351500.0
1568,2021-10-22 06:18:01,9160.0,3000.0,7348000.0
1569,2021-10-22 06:17:54,9170.0,300.0,7345000.0
1570,2021-10-22 06:17:54,9160.0,300.0,7344700.0
1571,2021-10-22 06:17:54,9170.0,400.0,7344400.0
1572,2021-10-22 06:17:52,9160.0,200.0,7344000.0
1573,2021-10-22 06:17:51,9160.0,400.0,7343800.0
1574,2021-10-22 06:17:49,9170.0,200.0,7343400.0
1575,2021-10-22 06:17:49,9160.0,300.0,7343200.0
1576,2021-10-22 06:17:39,9170.0,500.0,7342900.0
1577,2021-10-22 06:17:31,9170.0,100.0,7342400.0
1578,2021-10-22 06:17:23,9180.0,200.0,7342300.0
1579,2021-10-22 06:17:21,9150.0,500.0,7342100.0
1580,2021-10-22 06:17:21,9150.0,300.0,7341600.0
1581,2021-10-22 06:17:21,9150.0,600.0,7341300.0
1582,2021-10-22 06:17:21,9150.0,3000.0,7340700.0
1583,2021-10-22 06:17:21,9160.0,500.0,7337700.0
1584,2021-10-22 06:17:21,9160.0,100.0,7337200.0
1585,2021-10-22 06:17:21,9180.0,300.0,7337100.0
1586,2021-10-22 06:17:20,9180.0,700.0,7336800.0
1587,2021-10-22 06:17:20,9180.0,1000.0,7336100.0
1588,2021-10-22 06:17:20,9180.0,2000.0,7335100.0
1589,2021-10-22 06:17:20,9170.0,6300.0,7333100.0
1590,2021-10-22 06:17:14,9170.0,100.0,7326800.0
1591,2021-10-22 06:17:14,9180.0,3600.0,7326700.0
1592,2021-10-22 06:17:14,9180.0,1000.0,7323100.0
1593,2021-10-22 06:17:13,9180.0,200.0,7322100.0
1594,2021-10-22 06:17:12,9190.0,3000.0,7321900.0
1595,2021-10-22 06:17:11,9190.0,2000.0,7318900.0
1596,2021-10-22 06:17:08,9180.0,200.0,7316900.0
1597,2021-10-22 06:17:05,9180.0,500.0,7316700.0
1598,2021-10-22 06:17:00,9180.0,500.0,7316200.0
1599,2021-10-22 06:16:58,9190.0,200.0,7315700.0
1600,2021-10-22 06:16:58,9180.0,2200.0,7315500.0
1601,2021-10-22 06:16:58,9180.0,100.0,7313300.0
1602,2021-10-22 06:16:58,9180.0,200.0,7313200.0
1603,2021-10-22 06:16:52,9190.0,2300.0,7313000.0
1604,2021-10-22 06:16:52,9190.0,500.0,7310700.0
1605,2021-10-22 06:16:52,9190.0,5000.0,7310200.0
1606,2021-10-22 06:16:52,9190.0,1400.0,7305200.0
1607,2021-10-22 06:16:52,9190.0,10000.0,7303800.0
1608,2021-10-22 06:16:52,9190.0,100.0,7293800.0
1609,2021-10-22 06:16:52,9190.0,200.0,7293700.0
1610,2021-10-22 06:16:42,9200.0,900.0,7293500.0
1611,2021-10-22 06:16:42,9200.0,100.0,7292600.0
1612,2021-10-22 06:16:38,9190.0,200.0,7292500.0
1613,2021-10-22 06:16:30,9200.0,900.0,7292300.0
1614,2021-10-22 06:16:30,9200.0,100.0,7291400.0
1615,2021-10-22 06:16:27,9200.0,300.0,7291300.0
1616,2021-10-22 06:16:27,9200.0,200.0,7291000.0
1617,2021-10-22 06:16:27,9200.0,100.0,7290800.0
1618,2021-10-22 06:16:27,9200.0,300.0,7290700.0
1619,2021-10-22 06:16:27,9230.0,100.0,7290400.0
1620,2021-10-22 06:16:26,9200.0,200.0,7290300.0
1621,2021-10-22 06:16:24,9200.0,400.0,7290100.0
1622,2021-10-22 06:16:23,9200.0,300.0,7289700.0
1623,2021-10-22 06:16:22,9200.0,300.0,7289400.0
1624,2021-10-22 06:16:17,9200.0,200.0,7289100.0
1625,2021-10-22 06:16:13,9200.0,600.0,7288900.0
1626,2021-10-22 06:16:13,9200.0,400.0,7288300.0
1627,2021-10-22 06:16:12,9200.0,600.0,7287900.0
1628,2021-10-22 06:16:12,9200.0,900.0,7287300.0
1629,2021-10-22 06:16:10,9240.0,100.0,7286400.0
1630,2021-10-22 06:16:05,9200.0,500.0,7286300.0
1631,2021-10-22 06:15:59,9200.0,6600.0,7285800.0
1632,2021-10-22 06:15:59,9200.0,300.0,7279200.0
1633,2021-10-22 06:15:59,9200.0,3000.0,7278900.0
1634,2021-10-22 06:15:59,9200.0,100.0,7275900.0
1635,2021-10-22 06:15:54,9210.0,5600.0,7275800.0
1636,2021-10-22 06:15:54,9210.0,10000.0,7270200.0
1637,2021-10-22 06:15:54,9210.0,10000.0,7260200.0
1638,2021-10-22 06:15:44,9250.0,500.0,7250200.0
1639,2021-10-22 06:15:42,9250.0,500.0,7249700.0
1640,2021-10-22 06:15:41,9250.0,100.0,7249200.0
1641,2021-10-22 06:15:38,9250.0,200.0,7249100.0
1642,2021-10-22 06:15:32,9250.0,100.0,7248900.0
1643,2021-10-22 06:15:30,9250.0,400.0,7248800.0
1644,2021-10-22 06:15:26,9250.0,5000.0,7248400.0
1645,2021-10-22 06:15:26,9250.0,1000.0,7243400.0
1646,2021-10-22 06:15:26,9250.0,1300.0,7242400.0
1647,2021-10-22 06:15:22,9280.0,200.0,7241100.0
1648,2021-10-22 06:15:16,9280.0,200.0,7240900.0
1649,2021-10-22 06:15:13,9290.0,21500.0,7240700.0
1650,2021-10-22 06:15:13,9280.0,500.0,7219200.0
1651,2021-10-22 06:15:13,9280.0,6500.0,7218700.0
1652,2021-10-22 06:15:09,9280.0,1000.0,7212200.0
1653,2021-10-22 06:15:07,9250.0,4700.0,7211200.0
1654,2021-10-22 06:15:07,9270.0,300.0,7206500.0
1655,2021-10-22 06:15:07,9270.0,5000.0,7206200.0
1656,2021-10-22 06:15:06,9280.0,2500.0,7201200.0
1657,2021-10-22 06:15:03,9290.0,4000.0,7198700.0
1658,2021-10-22 06:14:59,9290.0,1000.0,7194700.0
1659,2021-10-22 06:14:56,9280.0,500.0,7193700.0
1660,2021-10-22 06:14:55,9290.0,3000.0,7193200.0
1661,2021-10-22 06:14:55,9290.0,300.0,7190200.0
1662,2021-10-22 06:14:55,9290.0,19300.0,7189900.0
1663,2021-10-22 06:14:52,9290.0,4000.0,7170600.0
1664,2021-10-22 06:14:51,9290.0,500.0,7166600.0
1665,2021-10-22 06:14:48,9290.0,2000.0,7166100.0
1666,2021-10-22 06:14:48,9290.0,5000.0,7164100.0
1667,2021-10-22 06:14:48,9290.0,100.0,7159100.0
1668,2021-10-22 06:14:48,9290.0,5900.0,7159000.0
1669,2021-10-22 06:14:46,9290.0,4100.0,7153100.0
1670,2021-10-22 06:14:46,9290.0,200.0,7149000.0
1671,2021-10-22 06:14:45,9280.0,500.0,7148800.0
1672,2021-10-22 06:14:45,9280.0,1000.0,7148300.0
1673,2021-10-22 06:14:45,9280.0,3000.0,7147300.0
1674,2021-10-22 06:14:45,9280.0,1000.0,7144300.0
1675,2021-10-22 06:14:36,9300.0,100.0,7143300.0
1676,2021-10-22 06:14:36,9300.0,400.0,7143200.0
1677,2021-10-22 06:14:36,9290.0,500.0,7142800.0
1678,2021-10-22 06:14:32,9290.0,1400.0,7142300.0
1679,2021-10-22 06:14:30,9290.0,1000.0,7140900.0
1680,2021-10-22 06:14:29,9290.0,2000.0,7139900.0
1681,2021-10-22 06:14:28,9290.0,100.0,7137900.0
1682,2021-10-22 06:14:25,9280.0,200.0,7137800.0
1683,2021-10-22 06:14:25,9290.0,100.0,7137600.0
1684,2021-10-22 06:14:25,9290.0,200.0,7137500.0
1685,2021-10-22 06:14:25,9290.0,1800.0,7137300.0
1686,2021-10-22 06:14:24,9290.0,200.0,7135500.0
1687,2021-10-22 06:14:22,9300.0,100.0,7135300.0
1688,2021-10-22 06:14:22,9300.0,100.0,7135200.0
1689,2021-10-22 06:14:22,9300.0,500.0,7135100.0
1690,2021-10-22 06:14:22,9300.0,100.0,7134600.0
1691,2021-10-22 06:14:22,9300.0,4200.0,7134500.0
1692,2021-10-22 06:14:07,9300.0,100.0,7130300.0
1693,2021-10-22 06:14:07,9290.0,1900.0,7130200.0
1694,2021-10-22 06:14:06,9290.0,100.0,7128300.0
1695,2021-10-22 06:14:05,9300.0,300.0,7128200.0
1696,2021-10-22 06:14:03,9300.0,1000.0,7127900.0
1697,2021-10-22 06:14:02,9300.0,3000.0,7126900.0
1698,2021-10-22 06:13:58,9300.0,1400.0,7123900.0
1699,2021-10-22 06:13:58,9300.0,600.0,7122500.0
1700,2021-10-22 06:13:58,9300.0,3100.0,7121900.0
1701,2021-10-22 06:13:58,9300.0,100.0,7118800.0
1702,2021-10-22 06:13:58,9300.0,500.0,7118700.0
1703,2021-10-22 06:13:58,9300.0,4000.0,7118200.0
1704,2021-10-22 06:13:58,9290.0,300.0,7114200.0
1705,2021-10-22 06:13:58,9290.0,100.0,7113900.0
1706,2021-10-22 06:13:58,9290.0,1600.0,7113800.0
1707,2021-10-22 06:13:54,9300.0,1000.0,7112200.0
1708,2021-10-22 06:13:54,9300.0,200.0,7111200.0
1709,2021-10-22 06:13:54,9300.0,3800.0,7111000.0
1710,2021-10-22 06:13:52,9290.0,200.0,7107200.0
1711,2021-10-22 06:13:51,9300.0,500.0,7107000.0
1712,2021-10-22 06:13:44,9300.0,100.0,7106500.0
1713,2021-10-22 06:13:44,9300.0,500.0,7106400.0
1714,2021-10-22 06:13:42,9290.0,200.0,7105900.0
1715,2021-10-22 06:13:42,9290.0,1800.0,7105700.0
1716,2021-10-22 06:13:40,9290.0,600.0,7103900.0
1717,2021-10-22 06:13:38,9300.0,2000.0,7103300.0
1718,2021-10-22 06:13:38,9290.0,100.0,7101300.0
1719,2021-10-22 06:13:37,9290.0,2400.0,7101200.0
1720,2021-10-22 06:13:37,9290.0,6000.0,7098800.0
1721,2021-10-22 06:13:37,9290.0,200.0,7092800.0
1722,2021-10-22 06:13:37,9290.0,4400.0,7092600.0
1723,2021-10-22 06:13:35,9300.0,2000.0,7088200.0
1724,2021-10-22 06:13:34,9290.0,400.0,7086200.0
1725,2021-10-22 06:13:34,9290.0,1000.0,7085800.0
1726,2021-10-22 06:13:33,9300.0,20000.0,7084800.0
1727,2021-10-22 06:13:30,9300.0,100.0,7064800.0
1728,2021-10-22 06:13:29,9300.0,500.0,7064700.0
1729,2021-10-22 06:13:28,9290.0,1000.0,7064200.0
1730,2021-10-22 06:13:28,9290.0,1000.0,7063200.0
1731,2021-10-22 06:13:27,9290.0,2000.0,7062200.0
1732,2021-10-22 06:13:23,9300.0,2000.0,7060200.0
1733,2021-10-22 06:13:22,9290.0,200.0,7058200.0
1734,2021-10-22 06:13:17,9300.0,1000.0,7058000.0
1735,2021-10-22 06:13:14,9300.0,1000.0,7057000.0
1736,2021-10-22 06:13:12,9300.0,500.0,7056000.0
1737,2021-10-22 06:13:08,9300.0,700.0,7055500.0
1738,2021-10-22 06:13:07,9300.0,5000.0,7054800.0
1739,2021-10-22 06:13:05,9300.0,300.0,7049800.0
1740,2021-10-22 06:13:05,9290.0,1700.0,7049500.0
1741,2021-10-22 06:13:05,9290.0,100.0,7047800.0
1742,2021-10-22 06:13:03,9290.0,800.0,7047700.0
1743,2021-10-22 06:13:02,9290.0,2000.0,7046900.0
1744,2021-10-22 06:13:02,9290.0,400.0,7044900.0
1745,2021-10-22 06:13:00,9300.0,400.0,7044500.0
1746,2021-10-22 06:12:58,9300.0,2200.0,7044100.0
1747,2021-10-22 06:12:57,9290.0,4000.0,7041900.0
1748,2021-10-22 06:12:56,9290.0,500.0,7037900.0
1749,2021-10-22 06:12:50,9300.0,100.0,7037400.0
1750,2021-10-22 06:12:48,9300.0,2000.0,7037300.0
1751,2021-10-22 06:12:46,9290.0,200.0,7035300.0
1752,2021-10-22 06:12:46,9290.0,2000.0,7035100.0
1753,2021-10-22 06:12:43,9300.0,6000.0,7033100.0
1754,2021-10-22 06:12:38,9300.0,2000.0,7027100.0
1755,2021-10-22 06:12:36,9300.0,1300.0,7025100.0
1756,2021-10-22 06:12:36,9300.0,100.0,7023800.0
1757,2021-10-22 06:12:35,9290.0,2900.0,7023700.0
1758,2021-10-22 06:12:35,9290.0,100.0,7020800.0
1759,2021-10-22 06:12:35,9290.0,900.0,7020700.0
1760,2021-10-22 06:12:35,9290.0,100.0,7019800.0
1761,2021-10-22 06:12:33,9300.0,600.0,7019700.0
1762,2021-10-22 06:12:33,9300.0,200.0,7019100.0
1763,2021-10-22 06:12:27,9300.0,1100.0,7018900.0
1764,2021-10-22 06:12:27,9300.0,2000.0,7017800.0
1765,2021-10-22 06:12:27,9300.0,1900.0,7015800.0
1766,2021-10-22 06:12:26,9300.0,1100.0,7013900.0
1767,2021-10-22 06:12:26,9300.0,1400.0,7012800.0
1768,2021-10-22 06:12:24,9300.0,500.0,7011400.0
1769,2021-10-22 06:12:19,9300.0,3100.0,7010900.0
1770,2021-10-22 06:12:19,9300.0,100.0,7007800.0
1771,2021-10-22 06:12:19,9300.0,1000.0,7007700.0
1772,2021-10-22 06:12:19,9300.0,2000.0,7006700.0
1773,2021-10-22 06:12:19,9300.0,2000.0,7004700.0
1774,2021-10-22 06:12:19,9300.0,1000.0,7002700.0
1775,2021-10-22 06:12:19,9290.0,800.0,7001700.0
1776,2021-10-22 06:12:19,9290.0,16000.0,7000900.0
1777,2021-10-22 06:12:18,9290.0,1000.0,6984900.0
1778,2021-10-22 06:12:16,9290.0,100.0,6983900.0
1779,2021-10-22 06:12:14,9280.0,2000.0,6983800.0
1780,2021-10-22 06:12:13,9290.0,2000.0,6981800.0
1781,2021-10-22 06:12:09,9290.0,100.0,6979800.0
1782,2021-10-22 06:12:08,9270.0,2000.0,6979700.0
1783,2021-10-22 06:12:08,9270.0,2000.0,6977700.0
1784,2021-10-22 06:12:08,9270.0,10000.0,6975700.0
1785,2021-10-22 06:12:08,9270.0,500.0,6965700.0
1786,2021-10-22 06:12:08,9280.0,500.0,6965200.0
1787,2021-10-22 06:12:08,9280.0,1400.0,6964700.0
1788,2021-10-22 06:12:06,9280.0,500.0,6963300.0
1789,2021-10-22 06:12:06,9280.0,4600.0,6962800.0
1790,2021-10-22 06:12:05,9280.0,100.0,6958200.0
1791,2021-10-22 06:12:05,9280.0,1000.0,6958100.0
1792,2021-10-22 06:12:01,9280.0,300.0,6957100.0
1793,2021-10-22 06:11:58,9280.0,1000.0,6956800.0
1794,2021-10-22 06:11:57,9280.0,100.0,6955800.0
1795,2021-10-22 06:11:56,9280.0,1000.0,6955700.0
1796,2021-10-22 06:11:47,9270.0,500.0,6954700.0
1797,2021-10-22 06:11:46,9280.0,500.0,6954200.0
1798,2021-10-22 06:11:46,9270.0,100.0,6953700.0
1799,2021-10-22 06:11:42,9280.0,4400.0,6953600.0
1800,2021-10-22 06:11:42,9270.0,5000.0,6949200.0
1801,2021-10-22 06:11:42,9270.0,600.0,6944200.0
1802,2021-10-22 06:11:40,9270.0,200.0,6943600.0
1803,2021-10-22 06:11:39,9270.0,100.0,6943400.0
1804,2021-10-22 06:11:36,9270.0,100.0,6943300.0
1805,2021-10-22 06:11:32,9250.0,100.0,6943200.0
1806,2021-10-22 06:11:32,9250.0,2000.0,6943100.0
1807,2021-10-22 06:11:32,9250.0,500.0,6941100.0
1808,2021-10-22 06:11:32,9250.0,10600.0,6940600.0
1809,2021-10-22 06:11:26,9250.0,2100.0,6930000.0
1810,2021-10-22 06:11:24,9250.0,7300.0,6927900.0
1811,2021-10-22 06:11:24,9230.0,700.0,6920600.0
1812,2021-10-22 06:11:21,9230.0,200.0,6919900.0
1813,2021-10-22 06:11:19,9230.0,100.0,6919700.0
1814,2021-10-22 06:11:19,9200.0,500.0,6919600.0
1815,2021-10-22 06:11:16,9230.0,100.0,6919100.0
1816,2021-10-22 06:11:14,9220.0,1000.0,6919000.0
1817,2021-10-22 06:11:14,9220.0,500.0,6918000.0
1818,2021-10-22 06:11:14,9220.0,7300.0,6917500.0
1819,2021-10-22 06:11:14,9210.0,1000.0,6910200.0
1820,2021-10-22 06:11:14,9210.0,100.0,6909200.0
1821,2021-10-22 06:11:14,9210.0,100.0,6909100.0
1822,2021-10-22 06:11:13,9200.0,1000.0,6909000.0
1823,2021-10-22 06:11:13,9200.0,300.0,6908000.0
1824,2021-10-22 06:11:13,9200.0,300.0,6907700.0
1825,2021-10-22 06:11:13,9200.0,100.0,6907400.0
1826,2021-10-22 06:11:13,9200.0,100.0,6907300.0
1827,2021-10-22 06:11:13,9200.0,500.0,6907200.0
1828,2021-10-22 06:11:13,9200.0,7400.0,6906700.0
1829,2021-10-22 06:11:13,9200.0,1200.0,6899300.0
1830,2021-10-22 06:11:11,9200.0,1400.0,6898100.0
1831,2021-10-22 06:11:11,9200.0,2000.0,6896700.0
1832,2021-10-22 06:11:11,9200.0,100.0,6894700.0
1833,2021-10-22 06:11:11,9200.0,1500.0,6894600.0
1834,2021-10-22 06:11:10,9200.0,500.0,6893100.0
1835,2021-10-22 06:11:10,9200.0,300.0,6892600.0
1836,2021-10-22 06:11:10,9200.0,1000.0,6892300.0
1837,2021-10-22 06:11:10,9200.0,700.0,6891300.0
1838,2021-10-22 06:11:10,9200.0,300.0,6890600.0
1839,2021-10-22 06:11:10,9200.0,5000.0,6890300.0
1840,2021-10-22 06:11:10,9200.0,500.0,6885300.0
1841,2021-10-22 06:11:10,9200.0,1000.0,6884800.0
1842,2021-10-22 06:11:10,9200.0,1000.0,6883800.0
1843,2021-10-22 06:11:10,9200.0,200.0,6882800.0
1844,2021-10-22 06:11:10,9200.0,500.0,6882600.0
1845,2021-10-22 06:11:10,9200.0,1500.0,6882100.0
1846,2021-10-22 06:11:09,9200.0,6000.0,6880600.0
1847,2021-10-22 06:11:06,9200.0,4000.0,6874600.0
1848,2021-10-22 06:11:04,9200.0,3000.0,6870600.0
1849,2021-10-22 06:11:04,9200.0,1500.0,6867600.0
1850,2021-10-22 06:11:04,9200.0,200.0,6866100.0
1851,2021-10-22 06:11:02,9200.0,1000.0,6865900.0
1852,2021-10-22 06:11:01,9200.0,2000.0,6864900.0
1853,2021-10-22 06:11:01,9200.0,800.0,6862900.0
1854,2021-10-22 06:11:01,9200.0,1200.0,6862100.0
1855,2021-10-22 06:11:00,9200.0,3800.0,6860900.0
1856,2021-10-22 06:11:00,9200.0,300.0,6857100.0
1857,2021-10-22 06:11:00,9200.0,200.0,6856800.0
1858,2021-10-22 06:11:00,9200.0,5000.0,6856600.0
1859,2021-10-22 06:11:00,9200.0,10000.0,6851600.0
1860,2021-10-22 06:11:00,9200.0,2000.0,6841600.0
1861,2021-10-22 06:11:00,9200.0,200.0,6839600.0
1862,2021-10-22 06:11:00,9200.0,500.0,6839400.0
1863,2021-10-22 06:11:00,9200.0,100.0,6838900.0
1864,2021-10-22 06:11:00,9200.0,2000.0,6838800.0
1865,2021-10-22 06:11:00,9200.0,1000.0,6836800.0
1866,2021-10-22 06:11:00,9200.0,4100.0,6835800.0
1867,2021-10-22 06:11:00,9190.0,1000.0,6831700.0
1868,2021-10-22 06:10:59,9200.0,700.0,6830700.0
1869,2021-10-22 06:10:55,9200.0,200.0,6830000.0
1870,2021-10-22 06:10:55,9200.0,500.0,6829800.0
1871,2021-10-22 06:10:55,9200.0,500.0,6829300.0
1872,2021-10-22 06:10:55,9200.0,800.0,6828800.0
1873,2021-10-22 06:10:54,9200.0,2300.0,6828000.0
1874,2021-10-22 06:10:54,9200.0,100.0,6825700.0
1875,2021-10-22 06:10:54,9200.0,1000.0,6825600.0
1876,2021-10-22 06:10:54,9200.0,1000.0,6824600.0
1877,2021-10-22 06:10:54,9200.0,2500.0,6823600.0
1878,2021-10-22 06:10:54,9200.0,1000.0,6821100.0
1879,2021-10-22 06:10:54,9200.0,100.0,6820100.0
1880,2021-10-22 06:10:54,9200.0,500.0,6820000.0
1881,2021-10-22 06:10:54,9200.0,2900.0,6819500.0
1882,2021-10-22 06:10:54,9200.0,200.0,6816600.0
1883,2021-10-22 06:10:53,9200.0,100.0,6816400.0
1884,2021-10-22 06:10:48,9200.0,18000.0,6816300.0
1885,2021-10-22 06:10:48,9200.0,100.0,6798300.0
1886,2021-10-22 06:10:47,9200.0,500.0,6798200.0
1887,2021-10-22 06:10:44,9190.0,500.0,6797700.0
1888,2021-10-22 06:10:43,9190.0,100.0,6797200.0
1889,2021-10-22 06:10:43,9200.0,400.0,6797100.0
1890,2021-10-22 06:10:40,9190.0,10000.0,6796700.0
1891,2021-10-22 06:10:40,9190.0,100.0,6786700.0
1892,2021-10-22 06:10:38,9190.0,500.0,6786600.0
1893,2021-10-22 06:10:37,9190.0,500.0,6786100.0
1894,2021-10-22 06:10:37,9190.0,1500.0,6785600.0
1895,2021-10-22 06:10:31,9190.0,1000.0,6784100.0
1896,2021-10-22 06:10:31,9190.0,500.0,6783100.0
1897,2021-10-22 06:10:31,9190.0,200.0,6782600.0
1898,2021-10-22 06:10:31,9190.0,100.0,6782400.0
1899,2021-10-22 06:10:31,9190.0,4000.0,6782300.0
1900,2021-10-22 06:10:31,9190.0,100.0,6778300.0
1901,2021-10-22 06:10:30,9190.0,200.0,6778200.0
1902,2021-10-22 06:10:30,9190.0,100.0,6778000.0
1903,2021-10-22 06:10:30,9190.0,100.0,6777900.0
1904,2021-10-22 06:10:29,9180.0,800.0,6777800.0
1905,2021-10-22 06:10:29,9180.0,3000.0,6777000.0
1906,2021-10-22 06:10:29,9180.0,1200.0,6774000.0
1907,2021-10-22 06:10:28,9180.0,200.0,6772800.0
1908,2021-10-22 06:10:19,9190.0,2000.0,6772600.0
1909,2021-10-22 06:10:17,9190.0,2900.0,6770600.0
1910,2021-10-22 06:10:17,9190.0,4000.0,6767700.0
1911,2021-10-22 06:10:17,9180.0,1000.0,6763700.0
1912,2021-10-22 06:10:13,9180.0,1300.0,6762700.0
1913,2021-10-22 06:10:12,9180.0,5000.0,6761400.0
1914,2021-10-22 06:10:05,9180.0,6300.0,6756400.0
1915,2021-10-22 06:10:05,9180.0,3700.0,6750100.0
1916,2021-10-22 06:09:57,9190.0,500.0,6746400.0
1917,2021-10-22 06:09:56,9170.0,300.0,6745900.0
1918,2021-10-22 06:09:56,9180.0,200.0,6745600.0
1919,2021-10-22 06:09:55,9190.0,2800.0,6745400.0
1920,2021-10-22 06:09:55,9180.0,200.0,6742600.0
1921,2021-10-22 06:09:51,9180.0,3000.0,6742400.0
1922,2021-10-22 06:09:48,9180.0,6800.0,6739400.0
1923,2021-10-22 06:09:45,9180.0,200.0,6732600.0
1924,2021-10-22 06:09:45,9180.0,800.0,6732400.0
1925,2021-10-22 06:09:45,9190.0,2000.0,6731600.0
1926,2021-10-22 06:09:42,9180.0,100.0,6729600.0
1927,2021-10-22 06:09:42,9180.0,3300.0,6729500.0
1928,2021-10-22 06:09:40,9180.0,1000.0,6726200.0
1929,2021-10-22 06:09:39,9180.0,1000.0,6725200.0
1930,2021-10-22 06:09:38,9180.0,2000.0,6724200.0
1931,2021-10-22 06:09:37,9180.0,1000.0,6722200.0
1932,2021-10-22 06:09:37,9180.0,1700.0,6721200.0
1933,2021-10-22 06:09:36,9180.0,500.0,6719500.0
1934,2021-10-22 06:09:36,9180.0,500.0,6719000.0
1935,2021-10-22 06:09:36,9180.0,200.0,6718500.0
1936,2021-10-22 06:09:35,9180.0,1000.0,6718300.0
1937,2021-10-22 06:09:35,9180.0,100.0,6717300.0
1938,2021-10-22 06:09:33,9180.0,100.0,6717200.0
1939,2021-10-22 06:09:33,9180.0,100.0,6717100.0
1940,2021-10-22 06:09:30,9180.0,100.0,6717000.0
1941,2021-10-22 06:09:28,9190.0,2000.0,6716900.0
1942,2021-10-22 06:09:27,9190.0,5000.0,6714900.0
1943,2021-10-22 06:09:27,9180.0,600.0,6709900.0
1944,2021-10-22 06:09:26,9180.0,1000.0,6709300.0
1945,2021-10-22 06:09:24,9180.0,300.0,6708300.0
1946,2021-10-22 06:09:23,9180.0,700.0,6708000.0
1947,2021-10-22 06:09:23,9180.0,400.0,6707300.0
1948,2021-10-22 06:09:23,9180.0,1900.0,6706900.0
1949,2021-10-22 06:09:20,9180.0,3100.0,6705000.0
1950,2021-10-22 06:09:20,9180.0,5000.0,6701900.0
1951,2021-10-22 06:09:20,9180.0,500.0,6696900.0
1952,2021-10-22 06:09:20,9180.0,100.0,6696400.0
1953,2021-10-22 06:09:20,9180.0,700.0,6696300.0
1954,2021-10-22 06:09:20,9180.0,600.0,6695600.0
1955,2021-10-22 06:09:14,9180.0,500.0,6695000.0
1956,2021-10-22 06:09:11,9190.0,800.0,6694500.0
1957,2021-10-22 06:09:09,9180.0,800.0,6693700.0
1958,2021-10-22 06:09:05,9180.0,100.0,6692900.0
1959,2021-10-22 06:09:05,9180.0,300.0,6692800.0
1960,2021-10-22 06:09:05,9180.0,3000.0,6692500.0
1961,2021-10-22 06:09:05,9180.0,400.0,6689500.0
1962,2021-10-22 06:09:05,9180.0,1000.0,6689100.0
1963,2021-10-22 06:09:05,9180.0,200.0,6688100.0
1964,2021-10-22 06:08:55,9180.0,1500.0,6687900.0
1965,2021-10-22 06:08:52,9180.0,5000.0,6686400.0
1966,2021-10-22 06:08:48,9180.0,3000.0,6681400.0
1967,2021-10-22 06:08:45,9180.0,500.0,6678400.0
1968,2021-10-22 06:08:45,9170.0,500.0,6677900.0
1969,2021-10-22 06:08:43,9150.0,500.0,6677400.0
1970,2021-10-22 06:08:42,9170.0,300.0,6676900.0
1971,2021-10-22 06:08:40,9170.0,200.0,6676600.0
1972,2021-10-22 06:08:40,9170.0,4000.0,6676400.0
1973,2021-10-22 06:08:39,9170.0,500.0,6672400.0
1974,2021-10-22 06:08:34,9160.0,1000.0,6671900.0
1975,2021-10-22 06:08:33,9150.0,100.0,6670900.0
1976,2021-10-22 06:08:33,9150.0,400.0,6670800.0
1977,2021-10-22 06:08:33,9150.0,100.0,6670400.0
1978,2021-10-22 06:08:33,9150.0,200.0,6670300.0
1979,2021-10-22 06:08:33,9150.0,1000.0,6670100.0
1980,2021-10-22 06:08:33,9150.0,1200.0,6669100.0
1981,2021-10-22 06:08:29,9150.0,3000.0,6667900.0
1982,2021-10-22 06:08:26,9150.0,800.0,6664900.0
1983,2021-10-22 06:08:26,9150.0,200.0,6664100.0
1984,2021-10-22 06:08:26,9120.0,100.0,6663900.0
1985,2021-10-22 06:08:26,9130.0,400.0,6663800.0
1986,2021-10-22 06:08:19,9120.0,2900.0,6663400.0
1987,2021-10-22 06:08:19,9120.0,1000.0,6660500.0
1988,2021-10-22 06:08:19,9120.0,1100.0,6659500.0
1989,2021-10-22 06:08:18,9120.0,7600.0,6658400.0
1990,2021-10-22 06:08:18,9120.0,1000.0,6650800.0
1991,2021-10-22 06:08:17,9120.0,100.0,6649800.0
1992,2021-10-22 06:08:15,9120.0,1100.0,6649700.0
1993,2021-10-22 06:08:13,9120.0,10000.0,6648600.0
1994,2021-10-22 06:08:13,9120.0,200.0,6638600.0
1995,2021-10-22 06:08:08,9110.0,300.0,6638400.0
1996,2021-10-22 06:08:06,9100.0,100.0,6638100.0
1997,2021-10-22 06:08:04,9110.0,4900.0,6638000.0
1998,2021-10-22 06:08:04,9100.0,100.0,6633100.0
1999,2021-10-22 06:07:59,9110.0,4800.0,6633000.0
2000,2021-10-22 06:07:59,9100.0,100.0,6628200.0
2001,2021-10-22 06:07:59,9100.0,10000.0,6628100.0
2002,2021-10-22 06:07:59,9100.0,1500.0,6618100.0
2003,2021-10-22 06:07:59,9100.0,500.0,6616600.0
2004,2021-10-22 06:07:59,9100.0,3100.0,6616100.0
2005,2021-10-22 06:07:59,9100.0,4900.0,6613000.0
2006,2021-10-22 06:07:59,9100.0,100.0,6608100.0
2007,2021-10-22 06:07:58,9100.0,900.0,6608000.0
2008,2021-10-22 06:07:58,9100.0,1000.0,6607100.0
2009,2021-10-22 06:07:58,9100.0,600.0,6606100.0
2010,2021-10-22 06:07:58,9100.0,100.0,6605500.0
2011,2021-10-22 06:07:58,9100.0,1000.0,6605400.0
2012,2021-10-22 06:07:58,9100.0,1400.0,6604400.0
2013,2021-10-22 06:07:57,9100.0,1100.0,6603000.0
2014,2021-10-22 06:07:53,9100.0,1000.0,6601900.0
2015,2021-10-22 06:07:53,9100.0,5000.0,6600900.0
2016,2021-10-22 06:07:53,9100.0,1000.0,6595900.0
2017,2021-10-22 06:07:53,9100.0,100.0,6594900.0
2018,2021-10-22 06:07:53,9100.0,900.0,6594800.0
2019,2021-10-22 06:07:53,9100.0,200.0,6593900.0
2020,2021-10-22 06:07:53,9100.0,100.0,6593700.0
2021,2021-10-22 06:07:53,9100.0,100.0,6593600.0
2022,2021-10-22 06:07:53,9100.0,500.0,6593500.0
2023,2021-10-22 06:07:53,9100.0,11100.0,6593000.0
2024,2021-10-22 06:07:47,9100.0,1000.0,6581900.0
2025,2021-10-22 06:07:44,9100.0,400.0,6580900.0
2026,2021-10-22 06:07:44,9100.0,600.0,6580500.0
2027,2021-10-22 06:07:39,9090.0,3000.0,6579900.0
2028,2021-10-22 06:07:37,9090.0,5000.0,6576900.0
2029,2021-10-22 06:07:35,9060.0,1100.0,6571900.0
2030,2021-10-22 06:07:31,9090.0,2000.0,6570800.0
2031,2021-10-22 06:07:31,9090.0,2000.0,6568800.0
2032,2021-10-22 06:07:29,9060.0,100.0,6566800.0
2033,2021-10-22 06:07:28,9060.0,100.0,6566700.0
2034,2021-10-22 06:07:27,9060.0,3000.0,6566600.0
2035,2021-10-22 06:07:19,9060.0,900.0,6563600.0
2036,2021-10-22 06:07:17,9000.0,3600.0,6562700.0
2037,2021-10-22 06:07:17,9000.0,2000.0,6559100.0
2038,2021-10-22 06:07:17,9000.0,1000.0,6557100.0
2039,2021-10-22 06:07:17,9000.0,1000.0,6556100.0
2040,2021-10-22 06:07:17,9000.0,100.0,6555100.0
2041,2021-10-22 06:07:17,9000.0,300.0,6555000.0
2042,2021-10-22 06:07:17,9010.0,1900.0,6554700.0
2043,2021-10-22 06:07:17,9050.0,100.0,6552800.0
2044,2021-10-22 06:07:14,9060.0,2000.0,6552700.0
2045,2021-10-22 06:07:11,9050.0,900.0,6550700.0
2046,2021-10-22 06:07:11,9050.0,2000.0,6549800.0
2047,2021-10-22 06:07:10,9050.0,600.0,6547800.0
2048,2021-10-22 06:07:07,9050.0,1500.0,6547200.0
2049,2021-10-22 06:07:07,9050.0,300.0,6545700.0
2050,2021-10-22 06:07:07,9050.0,200.0,6545400.0
2051,2021-10-22 06:07:03,9050.0,500.0,6545200.0
2052,2021-10-22 06:07:03,9050.0,300.0,6544700.0
2053,2021-10-22 06:07:03,9050.0,700.0,6544400.0
2054,2021-10-22 06:07:03,9050.0,500.0,6543700.0
2055,2021-10-22 06:07:03,9050.0,100.0,6543200.0
2056,2021-10-22 06:07:03,9020.0,100.0,6543100.0
2057,2021-10-22 06:07:02,9010.0,100.0,6543000.0
2058,2021-10-22 06:06:54,9000.0,500.0,6542900.0
2059,2021-10-22 06:06:54,9000.0,500.0,6542400.0
2060,2021-10-22 06:06:54,9000.0,1700.0,6541900.0
2061,2021-10-22 06:06:51,9000.0,1500.0,6540200.0
2062,2021-10-22 06:06:50,9000.0,3800.0,6538700.0
2063,2021-10-22 06:06:50,9000.0,100.0,6534900.0
2064,2021-10-22 06:06:50,9000.0,400.0,6534800.0
2065,2021-10-22 06:06:50,9000.0,1700.0,6534400.0
2066,2021-10-22 06:06:49,9000.0,3300.0,6532700.0
2067,2021-10-22 06:06:49,9000.0,1700.0,6529400.0
2068,2021-10-22 06:06:49,9000.0,1300.0,6527700.0
2069,2021-10-22 06:06:49,9000.0,100.0,6526400.0
2070,2021-10-22 06:06:49,9000.0,1600.0,6526300.0
2071,2021-10-22 06:06:49,9000.0,300.0,6524700.0
2072,2021-10-22 06:06:49,9000.0,500.0,6524400.0
2073,2021-10-22 06:06:48,9000.0,600.0,6523900.0
2074,2021-10-22 06:06:48,9000.0,1400.0,6523300.0
2075,2021-10-22 06:06:47,9000.0,2200.0,6521900.0
2076,2021-10-22 06:06:47,9000.0,1400.0,6519700.0
2077,2021-10-22 06:06:47,9000.0,600.0,6518300.0
2078,2021-10-22 06:06:46,9000.0,400.0,6517700.0
2079,2021-10-22 06:06:46,9000.0,100.0,6517300.0
2080,2021-10-22 06:06:46,9000.0,100.0,6517200.0
