,Time,Price,Volume_per_trade,Volume
0,2021-10-19 07:45:01,29200.0,3500.0,540900.0
1,2021-10-19 07:45:01,29200.0,300.0,537400.0
2,2021-10-19 07:45:01,29200.0,200.0,537100.0
3,2021-10-19 07:45:01,29200.0,700.0,536900.0
4,2021-10-19 07:45:01,29200.0,1200.0,536200.0
5,2021-10-19 07:45:01,29200.0,100.0,535000.0
6,2021-10-19 07:45:01,29200.0,900.0,534900.0
7,2021-10-19 07:45:01,29200.0,800.0,534000.0
8,2021-10-19 07:45:01,29200.0,3000.0,533200.0
9,2021-10-19 07:45:01,29200.0,300.0,530200.0
10,2021-10-19 07:45:01,29200.0,100.0,529900.0
11,2021-10-19 07:45:01,29200.0,300.0,529800.0
12,2021-10-19 07:45:01,29200.0,300.0,529500.0
13,2021-10-19 07:45:01,29200.0,700.0,529200.0
14,2021-10-19 07:45:01,29200.0,100.0,528500.0
15,2021-10-19 07:29:52,29200.0,1000.0,528400.0
16,2021-10-19 07:29:33,29200.0,2800.0,527400.0
17,2021-10-19 07:28:50,29100.0,1500.0,524600.0
18,2021-10-19 07:28:50,29150.0,500.0,523100.0
19,2021-10-19 07:27:42,29100.0,100.0,522600.0
20,2021-10-19 07:27:42,29100.0,1000.0,522500.0
21,2021-10-19 07:27:42,29100.0,200.0,521500.0
22,2021-10-19 07:27:42,29100.0,2000.0,521300.0
23,2021-10-19 07:27:42,29100.0,5000.0,519300.0
24,2021-10-19 07:27:42,29100.0,2000.0,514300.0
25,2021-10-19 07:27:42,29100.0,1000.0,512300.0
26,2021-10-19 07:27:42,29100.0,300.0,511300.0
27,2021-10-19 07:27:42,29100.0,2000.0,511000.0
28,2021-10-19 07:27:42,29100.0,1500.0,509000.0
29,2021-10-19 07:27:42,29100.0,100.0,507500.0
30,2021-10-19 07:27:42,29100.0,500.0,507400.0
31,2021-10-19 07:27:42,29100.0,100.0,506900.0
32,2021-10-19 07:27:42,29100.0,100.0,506800.0
33,2021-10-19 07:27:42,29100.0,3100.0,506700.0
34,2021-10-19 07:27:42,29200.0,1000.0,503600.0
35,2021-10-19 07:27:18,29250.0,100.0,502600.0
36,2021-10-19 07:26:50,29100.0,1900.0,502500.0
37,2021-10-19 07:26:50,29100.0,100.0,500600.0
38,2021-10-19 07:26:50,29100.0,100.0,500500.0
39,2021-10-19 07:26:50,29150.0,100.0,500400.0
40,2021-10-19 07:26:50,29150.0,200.0,500300.0
41,2021-10-19 07:26:50,29150.0,100.0,500100.0
42,2021-10-19 07:26:50,29150.0,5000.0,500000.0
43,2021-10-19 07:26:50,29200.0,100.0,495000.0
44,2021-10-19 07:26:50,29200.0,100.0,494900.0
45,2021-10-19 07:26:50,29200.0,2000.0,494800.0
46,2021-10-19 07:26:50,29200.0,1700.0,492800.0
47,2021-10-19 07:26:50,29200.0,100.0,491100.0
48,2021-10-19 07:26:50,29200.0,600.0,491000.0
49,2021-10-19 07:26:50,29200.0,500.0,490400.0
50,2021-10-19 07:26:50,29200.0,500.0,489900.0
51,2021-10-19 07:26:50,29200.0,100.0,489400.0
52,2021-10-19 07:26:50,29200.0,2000.0,489300.0
53,2021-10-19 07:26:50,29200.0,100.0,487300.0
54,2021-10-19 07:26:50,29200.0,4700.0,487200.0
55,2021-10-19 07:26:42,29250.0,300.0,482500.0
56,2021-10-19 07:26:23,29250.0,100.0,482200.0
57,2021-10-19 07:25:07,29250.0,100.0,482100.0
58,2021-10-19 07:25:07,29250.0,100.0,482000.0
59,2021-10-19 07:25:07,29250.0,1200.0,481900.0
60,2021-10-19 07:25:03,29250.0,4300.0,480700.0
61,2021-10-19 07:24:42,29250.0,500.0,476400.0
62,2021-10-19 07:23:58,29300.0,200.0,475900.0
63,2021-10-19 07:23:58,29300.0,4600.0,475700.0
64,2021-10-19 07:23:54,29250.0,100.0,471100.0
65,2021-10-19 07:23:42,29250.0,800.0,471000.0
66,2021-10-19 07:22:45,29250.0,700.0,470200.0
67,2021-10-19 07:22:38,29250.0,500.0,469500.0
68,2021-10-19 07:21:55,29250.0,700.0,469000.0
69,2021-10-19 07:20:34,29300.0,1700.0,468300.0
70,2021-10-19 07:20:22,29250.0,200.0,466600.0
71,2021-10-19 07:20:14,29250.0,1000.0,466400.0
72,2021-10-19 07:20:10,29250.0,100.0,465400.0
73,2021-10-19 07:18:34,29250.0,500.0,465300.0
74,2021-10-19 07:18:34,29250.0,100.0,464800.0
75,2021-10-19 07:18:26,29250.0,100.0,464700.0
76,2021-10-19 07:18:24,29250.0,3000.0,464600.0
77,2021-10-19 07:18:15,29250.0,3000.0,461600.0
78,2021-10-19 07:18:02,29250.0,600.0,458600.0
79,2021-10-19 07:17:48,29250.0,300.0,458000.0
80,2021-10-19 07:17:34,29250.0,600.0,457700.0
81,2021-10-19 07:17:23,29250.0,1800.0,457100.0
82,2021-10-19 07:17:06,29250.0,6700.0,455300.0
83,2021-10-19 07:17:06,29250.0,3000.0,448600.0
84,2021-10-19 07:17:06,29250.0,300.0,445600.0
85,2021-10-19 07:16:54,29200.0,300.0,445300.0
86,2021-10-19 07:16:38,29200.0,2000.0,445000.0
87,2021-10-19 07:15:37,29200.0,1200.0,443000.0
88,2021-10-19 07:15:20,29200.0,2400.0,441800.0
89,2021-10-19 07:15:20,29200.0,600.0,439400.0
90,2021-10-19 07:14:52,29200.0,1400.0,438800.0
91,2021-10-19 07:14:52,29200.0,200.0,437400.0
92,2021-10-19 07:14:52,29200.0,1400.0,437200.0
93,2021-10-19 07:11:56,29250.0,200.0,435800.0
94,2021-10-19 07:11:36,29250.0,500.0,435600.0
95,2021-10-19 07:11:12,29300.0,1000.0,435100.0
96,2021-10-19 07:10:42,29300.0,300.0,434100.0
97,2021-10-19 07:09:52,29300.0,1000.0,433800.0
98,2021-10-19 07:09:31,29300.0,5000.0,432800.0
99,2021-10-19 07:02:30,29200.0,1600.0,427800.0
100,2021-10-19 07:02:30,29200.0,400.0,426200.0
101,2021-10-19 07:00:12,29200.0,1600.0,425800.0
102,2021-10-19 06:59:25,29200.0,1600.0,424200.0
103,2021-10-19 06:59:19,29200.0,1000.0,422600.0
104,2021-10-19 06:58:37,29200.0,800.0,421600.0
105,2021-10-19 06:58:37,29200.0,200.0,420800.0
106,2021-10-19 06:56:45,29200.0,1000.0,420600.0
107,2021-10-19 06:56:45,29200.0,300.0,419600.0
108,2021-10-19 06:56:11,29200.0,700.0,419300.0
109,2021-10-19 06:55:17,29200.0,300.0,418600.0
110,2021-10-19 06:54:57,29200.0,100.0,418300.0
111,2021-10-19 06:54:49,29200.0,600.0,418200.0
112,2021-10-19 06:54:41,29100.0,400.0,417600.0
113,2021-10-19 06:54:41,29100.0,200.0,417200.0
114,2021-10-19 06:54:41,29100.0,500.0,417000.0
115,2021-10-19 06:54:41,29100.0,100.0,416500.0
116,2021-10-19 06:54:41,29100.0,700.0,416400.0
117,2021-10-19 06:54:41,29100.0,1000.0,415700.0
118,2021-10-19 06:54:41,29100.0,200.0,414700.0
119,2021-10-19 06:54:41,29100.0,1000.0,414500.0
120,2021-10-19 06:54:41,29100.0,2000.0,413500.0
121,2021-10-19 06:54:41,29100.0,300.0,411500.0
122,2021-10-19 06:54:41,29100.0,200.0,411200.0
123,2021-10-19 06:54:41,29100.0,100.0,411000.0
124,2021-10-19 06:54:41,29100.0,500.0,410900.0
125,2021-10-19 06:54:41,29100.0,1000.0,410400.0
126,2021-10-19 06:54:41,29100.0,500.0,409400.0
127,2021-10-19 06:54:41,29100.0,500.0,408900.0
128,2021-10-19 06:54:41,29100.0,900.0,408400.0
129,2021-10-19 06:54:41,29150.0,100.0,407500.0
130,2021-10-19 06:54:41,29150.0,500.0,407400.0
131,2021-10-19 06:54:41,29150.0,100.0,406900.0
132,2021-10-19 06:54:41,29150.0,700.0,406800.0
133,2021-10-19 06:54:41,29150.0,3000.0,406100.0
134,2021-10-19 06:54:41,29150.0,500.0,403100.0
135,2021-10-19 06:54:41,29150.0,200.0,402600.0
136,2021-10-19 06:54:41,29150.0,1800.0,402400.0
137,2021-10-19 06:54:24,29200.0,1000.0,400600.0
138,2021-10-19 06:54:20,29200.0,200.0,399600.0
139,2021-10-19 06:52:50,29200.0,1000.0,399400.0
140,2021-10-19 06:52:16,29200.0,200.0,398400.0
141,2021-10-19 06:52:16,29200.0,100.0,398200.0
142,2021-10-19 06:52:00,29200.0,200.0,398100.0
143,2021-10-19 06:51:24,29200.0,100.0,397900.0
144,2021-10-19 06:51:22,29200.0,100.0,397800.0
145,2021-10-19 06:51:22,29200.0,100.0,397700.0
146,2021-10-19 06:51:22,29200.0,100.0,397600.0
147,2021-10-19 06:51:22,29200.0,700.0,397500.0
148,2021-10-19 06:51:11,29200.0,1000.0,396800.0
149,2021-10-19 06:50:08,29200.0,800.0,395800.0
150,2021-10-19 06:50:08,29200.0,1000.0,395000.0
151,2021-10-19 06:50:08,29200.0,500.0,394000.0
152,2021-10-19 06:50:08,29200.0,500.0,393500.0
153,2021-10-19 06:50:08,29200.0,100.0,393000.0
154,2021-10-19 06:50:08,29200.0,100.0,392900.0
155,2021-10-19 06:50:08,29300.0,600.0,392800.0
156,2021-10-19 06:49:24,29400.0,5400.0,392200.0
157,2021-10-19 06:49:24,29350.0,300.0,386800.0
158,2021-10-19 06:49:24,29350.0,700.0,386500.0
159,2021-10-19 06:49:24,29350.0,800.0,385800.0
160,2021-10-19 06:49:19,29250.0,200.0,385000.0
161,2021-10-19 06:49:09,29250.0,500.0,384800.0
162,2021-10-19 06:49:09,29250.0,3000.0,384300.0
163,2021-10-19 06:49:09,29250.0,3000.0,381300.0
164,2021-10-19 06:49:09,29250.0,1000.0,378300.0
165,2021-10-19 06:49:09,29250.0,3500.0,377300.0
166,2021-10-19 06:49:09,29300.0,100.0,373800.0
167,2021-10-19 06:49:09,29300.0,200.0,373700.0
168,2021-10-19 06:49:09,29300.0,600.0,373500.0
169,2021-10-19 06:48:44,29350.0,100.0,372900.0
170,2021-10-19 06:48:25,29300.0,1400.0,372800.0
171,2021-10-19 06:48:25,29300.0,400.0,371400.0
172,2021-10-19 06:48:25,29300.0,500.0,371000.0
173,2021-10-19 06:48:25,29300.0,500.0,370500.0
174,2021-10-19 06:48:25,29300.0,10800.0,370000.0
175,2021-10-19 06:48:25,29300.0,2000.0,359200.0
176,2021-10-19 06:48:25,29300.0,2900.0,357200.0
177,2021-10-19 06:48:25,29300.0,1500.0,354300.0
178,2021-10-19 06:47:31,29300.0,100.0,352800.0
179,2021-10-19 06:42:59,29300.0,100.0,352700.0
180,2021-10-19 06:41:22,29300.0,1000.0,352600.0
181,2021-10-19 06:41:01,29300.0,1000.0,351600.0
182,2021-10-19 06:40:22,29300.0,200.0,350600.0
183,2021-10-19 06:38:58,29350.0,100.0,350400.0
184,2021-10-19 06:38:19,29300.0,100.0,350300.0
185,2021-10-19 06:37:47,29250.0,200.0,350200.0
186,2021-10-19 06:37:46,29300.0,900.0,350000.0
187,2021-10-19 06:37:46,29300.0,100.0,349100.0
188,2021-10-19 06:37:11,29300.0,400.0,349000.0
189,2021-10-19 06:35:49,29300.0,300.0,348600.0
190,2021-10-19 06:34:17,29300.0,1000.0,348300.0
191,2021-10-19 06:32:06,29250.0,1000.0,347300.0
192,2021-10-19 06:31:10,29300.0,100.0,346300.0
193,2021-10-19 06:30:52,29300.0,5000.0,346200.0
194,2021-10-19 06:30:18,29300.0,1000.0,341200.0
195,2021-10-19 06:29:56,29300.0,200.0,340200.0
196,2021-10-19 06:29:03,29300.0,1000.0,340000.0
197,2021-10-19 06:29:03,29300.0,100.0,339000.0
198,2021-10-19 06:29:03,29300.0,200.0,338900.0
199,2021-10-19 06:29:03,29300.0,200.0,338700.0
200,2021-10-19 06:29:03,29300.0,100.0,338500.0
201,2021-10-19 06:29:03,29300.0,1000.0,338400.0
202,2021-10-19 06:29:03,29300.0,100.0,337400.0
203,2021-10-19 06:28:38,29300.0,100.0,337300.0
204,2021-10-19 06:28:38,29300.0,200.0,337200.0
205,2021-10-19 06:28:38,29300.0,200.0,337000.0
206,2021-10-19 06:28:38,29300.0,3000.0,336800.0
207,2021-10-19 06:27:59,29350.0,500.0,333800.0
208,2021-10-19 06:25:27,29350.0,100.0,333300.0
209,2021-10-19 06:25:26,29350.0,300.0,333200.0
210,2021-10-19 06:24:23,29350.0,600.0,332900.0
211,2021-10-19 06:24:04,29350.0,1100.0,332300.0
212,2021-10-19 06:23:09,29400.0,100.0,331200.0
213,2021-10-19 06:19:03,29400.0,200.0,331100.0
214,2021-10-19 06:19:03,29400.0,300.0,330900.0
215,2021-10-19 06:19:03,29400.0,100.0,330600.0
216,2021-10-19 06:19:03,29400.0,200.0,330500.0
217,2021-10-19 06:19:03,29400.0,400.0,330300.0
218,2021-10-19 06:19:03,29400.0,1000.0,329900.0
219,2021-10-19 06:19:03,29400.0,300.0,328900.0
220,2021-10-19 06:19:03,29400.0,1000.0,328600.0
221,2021-10-19 06:19:03,29400.0,1000.0,327600.0
222,2021-10-19 06:19:03,29400.0,13000.0,326600.0
223,2021-10-19 06:18:44,29400.0,100.0,313600.0
224,2021-10-19 06:14:38,29400.0,500.0,313500.0
225,2021-10-19 06:13:15,29400.0,1400.0,313000.0
226,2021-10-19 06:11:07,29400.0,900.0,311600.0
227,2021-10-19 06:11:07,29450.0,100.0,310700.0
228,2021-10-19 06:10:21,29450.0,400.0,310600.0
229,2021-10-19 06:10:21,29450.0,200.0,310200.0
230,2021-10-19 06:10:21,29450.0,100.0,310000.0
231,2021-10-19 06:10:21,29450.0,300.0,309900.0
232,2021-10-19 06:09:23,29450.0,200.0,309600.0
233,2021-10-19 06:09:23,29500.0,100.0,309400.0
234,2021-10-19 06:09:23,29500.0,200.0,309300.0
235,2021-10-19 06:09:13,29500.0,100.0,309100.0
236,2021-10-19 06:09:01,29500.0,500.0,309000.0
237,2021-10-19 06:08:29,29500.0,12000.0,308500.0
238,2021-10-19 06:06:22,29550.0,1700.0,296500.0
239,2021-10-19 06:06:17,29550.0,300.0,294800.0
240,2021-10-19 06:05:57,29550.0,600.0,294500.0
241,2021-10-19 06:05:57,29550.0,900.0,293900.0
242,2021-10-19 06:05:54,29550.0,100.0,293000.0
243,2021-10-19 06:04:59,29550.0,1600.0,292900.0
244,2021-10-19 06:04:42,29550.0,400.0,291300.0
245,2021-10-19 06:04:34,29550.0,100.0,290900.0
246,2021-10-19 06:04:04,29500.0,1400.0,290800.0
247,2021-10-19 06:01:33,29500.0,100.0,289400.0
248,2021-10-19 06:00:02,29500.0,5000.0,289300.0
249,2021-10-19 06:00:02,29500.0,200.0,284300.0
250,2021-10-19 06:00:02,29500.0,500.0,284100.0
251,2021-10-19 06:00:00,29500.0,100.0,283600.0
252,2021-10-19 06:00:00,29500.0,400.0,283500.0
253,2021-10-19 06:00:00,29500.0,300.0,283100.0
254,2021-10-19 04:27:54,29450.0,100.0,282800.0
255,2021-10-19 04:27:54,29450.0,500.0,282700.0
256,2021-10-19 04:23:28,29400.0,4100.0,282200.0
257,2021-10-19 04:23:28,29400.0,100.0,278100.0
258,2021-10-19 04:22:05,29450.0,100.0,278000.0
259,2021-10-19 04:22:05,29450.0,200.0,277900.0
260,2021-10-19 04:22:01,29450.0,100.0,277700.0
261,2021-10-19 04:17:01,29450.0,2000.0,277600.0
262,2021-10-19 04:15:22,29450.0,200.0,275600.0
263,2021-10-19 04:15:19,29500.0,500.0,275400.0
264,2021-10-19 04:13:05,29500.0,500.0,274900.0
265,2021-10-19 04:10:53,29450.0,300.0,274400.0
266,2021-10-19 04:10:53,29450.0,300.0,274100.0
267,2021-10-19 04:02:49,29450.0,1700.0,273800.0
268,2021-10-19 04:02:24,29450.0,400.0,272100.0
269,2021-10-19 04:02:24,29450.0,4600.0,271700.0
270,2021-10-19 04:01:53,29500.0,300.0,267100.0
271,2021-10-19 04:01:05,29450.0,200.0,266800.0
272,2021-10-19 03:59:54,29200.0,900.0,266600.0
273,2021-10-19 03:59:54,29200.0,1500.0,265700.0
274,2021-10-19 03:59:54,29250.0,2000.0,264200.0
275,2021-10-19 03:59:54,29300.0,100.0,262200.0
276,2021-10-19 03:57:41,29400.0,300.0,262100.0
277,2021-10-19 03:57:41,29400.0,100.0,261800.0
278,2021-10-19 03:57:41,29400.0,100.0,261700.0
279,2021-10-19 03:51:53,29500.0,500.0,261600.0
280,2021-10-19 03:48:51,29500.0,200.0,261100.0
281,2021-10-19 03:48:51,29500.0,4000.0,260900.0
282,2021-10-19 03:48:51,29500.0,500.0,256900.0
283,2021-10-19 03:48:51,29400.0,2700.0,256400.0
284,2021-10-19 03:48:51,29400.0,2000.0,253700.0
285,2021-10-19 03:48:51,29400.0,600.0,251700.0
286,2021-10-19 03:48:24,29400.0,1000.0,251100.0
287,2021-10-19 03:47:51,29300.0,1000.0,250100.0
288,2021-10-19 03:47:26,29300.0,200.0,249100.0
289,2021-10-19 03:47:00,29300.0,100.0,248900.0
290,2021-10-19 03:47:00,29150.0,100.0,248800.0
291,2021-10-19 03:44:55,29150.0,100.0,248700.0
292,2021-10-19 03:44:55,29150.0,700.0,248600.0
293,2021-10-19 03:44:22,29150.0,300.0,247900.0
294,2021-10-19 03:44:16,29100.0,1200.0,247600.0
295,2021-10-19 03:43:43,29100.0,900.0,246400.0
296,2021-10-19 03:43:43,29100.0,300.0,245500.0
297,2021-10-19 03:43:33,29150.0,200.0,245200.0
298,2021-10-19 03:43:28,29150.0,500.0,245000.0
299,2021-10-19 03:42:40,29150.0,2000.0,244500.0
300,2021-10-19 03:42:21,29150.0,100.0,242500.0
301,2021-10-19 03:42:15,29150.0,1000.0,242400.0
302,2021-10-19 03:42:12,29150.0,5000.0,241400.0
303,2021-10-19 03:42:12,29150.0,1000.0,236400.0
304,2021-10-19 03:42:12,29150.0,900.0,235400.0
305,2021-10-19 03:41:18,29150.0,100.0,234500.0
306,2021-10-19 03:41:13,29150.0,200.0,234400.0
307,2021-10-19 03:41:12,29150.0,1000.0,234200.0
308,2021-10-19 03:41:01,29150.0,700.0,233200.0
309,2021-10-19 03:40:52,29150.0,300.0,232500.0
310,2021-10-19 03:40:01,29100.0,400.0,232200.0
311,2021-10-19 03:39:47,29150.0,200.0,231800.0
312,2021-10-19 03:39:41,29150.0,800.0,231600.0
313,2021-10-19 03:39:41,29150.0,100.0,230800.0
314,2021-10-19 03:39:41,29150.0,200.0,230700.0
315,2021-10-19 03:39:41,29150.0,100.0,230500.0
316,2021-10-19 03:39:41,29150.0,800.0,230400.0
317,2021-10-19 03:38:15,29150.0,1200.0,229600.0
318,2021-10-19 03:38:15,29150.0,100.0,228400.0
319,2021-10-19 03:38:15,29200.0,200.0,228300.0
320,2021-10-19 03:38:15,29200.0,300.0,228100.0
321,2021-10-19 03:38:15,29200.0,100.0,227800.0
322,2021-10-19 03:38:15,29200.0,100.0,227700.0
323,2021-10-19 03:37:39,29200.0,400.0,227600.0
324,2021-10-19 03:37:39,29200.0,3400.0,227200.0
325,2021-10-19 03:36:48,29200.0,400.0,223800.0
326,2021-10-19 03:36:48,29200.0,1300.0,223400.0
327,2021-10-19 03:35:52,29200.0,15400.0,222100.0
328,2021-10-19 03:35:52,29200.0,300.0,206700.0
329,2021-10-19 03:35:48,29200.0,400.0,206400.0
330,2021-10-19 03:35:47,29200.0,100.0,206000.0
331,2021-10-19 03:35:47,29200.0,100.0,205900.0
332,2021-10-19 03:35:47,29200.0,800.0,205800.0
333,2021-10-19 03:33:54,29200.0,500.0,205000.0
334,2021-10-19 03:32:29,29100.0,1300.0,204500.0
335,2021-10-19 03:32:29,29100.0,500.0,203200.0
336,2021-10-19 03:32:29,29150.0,100.0,202700.0
337,2021-10-19 03:31:07,29100.0,100.0,202600.0
338,2021-10-19 03:31:07,29100.0,1000.0,202500.0
339,2021-10-19 03:31:07,29100.0,100.0,201500.0
340,2021-10-19 03:29:02,29100.0,600.0,201400.0
341,2021-10-19 03:29:02,29100.0,200.0,200800.0
342,2021-10-19 03:29:02,29100.0,100.0,200600.0
343,2021-10-19 03:29:02,29100.0,500.0,200500.0
344,2021-10-19 03:29:02,29100.0,500.0,200000.0
345,2021-10-19 03:29:02,29100.0,100.0,199500.0
346,2021-10-19 03:29:02,29100.0,100.0,199400.0
347,2021-10-19 03:29:02,29100.0,500.0,199300.0
348,2021-10-19 03:28:30,29200.0,200.0,198800.0
349,2021-10-19 03:28:30,29200.0,200.0,198600.0
350,2021-10-19 03:28:30,29200.0,200.0,198400.0
351,2021-10-19 03:28:30,29200.0,100.0,198200.0
352,2021-10-19 03:28:30,29200.0,1000.0,198100.0
353,2021-10-19 03:28:10,29200.0,100.0,197100.0
354,2021-10-19 03:27:57,29250.0,100.0,197000.0
355,2021-10-19 03:27:46,29250.0,700.0,196900.0
356,2021-10-19 03:25:55,29250.0,900.0,196200.0
357,2021-10-19 03:25:06,29250.0,200.0,195300.0
358,2021-10-19 03:24:28,29250.0,1200.0,195100.0
359,2021-10-19 03:24:28,29250.0,200.0,193900.0
360,2021-10-19 03:24:28,29250.0,600.0,193700.0
361,2021-10-19 03:23:48,29250.0,400.0,193100.0
362,2021-10-19 03:23:28,29250.0,500.0,192700.0
363,2021-10-19 03:23:28,29250.0,100.0,192200.0
364,2021-10-19 03:23:28,29250.0,1000.0,192100.0
365,2021-10-19 03:18:45,29250.0,200.0,191100.0
366,2021-10-19 03:17:57,29300.0,100.0,190900.0
367,2021-10-19 03:17:57,29300.0,500.0,190800.0
368,2021-10-19 03:17:57,29300.0,100.0,190300.0
369,2021-10-19 03:17:57,29300.0,200.0,190200.0
370,2021-10-19 03:17:49,29350.0,500.0,190000.0
371,2021-10-19 03:17:49,29350.0,500.0,189500.0
372,2021-10-19 03:17:07,29350.0,1000.0,189000.0
373,2021-10-19 03:16:25,29400.0,1000.0,188000.0
374,2021-10-19 03:15:56,29400.0,2000.0,187000.0
375,2021-10-19 03:15:56,29400.0,100.0,185000.0
376,2021-10-19 03:15:56,29400.0,200.0,184900.0
377,2021-10-19 03:15:56,29400.0,100.0,184700.0
378,2021-10-19 03:13:26,29400.0,400.0,184600.0
379,2021-10-19 03:12:35,29400.0,200.0,184200.0
380,2021-10-19 03:12:35,29400.0,1000.0,184000.0
381,2021-10-19 03:12:35,29400.0,400.0,183000.0
382,2021-10-19 03:11:49,29400.0,100.0,182600.0
383,2021-10-19 03:10:26,29500.0,100.0,182500.0
384,2021-10-19 03:10:25,29500.0,200.0,182400.0
385,2021-10-19 03:10:25,29500.0,800.0,182200.0
386,2021-10-19 03:10:05,29500.0,100.0,181400.0
387,2021-10-19 03:09:29,29550.0,500.0,181300.0
388,2021-10-19 03:09:16,29550.0,100.0,180800.0
389,2021-10-19 03:09:16,29550.0,200.0,180700.0
390,2021-10-19 03:07:52,29500.0,200.0,180500.0
391,2021-10-19 03:07:52,29500.0,9800.0,180300.0
392,2021-10-19 03:06:17,29500.0,100.0,170500.0
393,2021-10-19 03:05:01,29500.0,100.0,170400.0
394,2021-10-19 03:05:01,29500.0,100.0,170300.0
395,2021-10-19 03:04:13,29500.0,100.0,170200.0
396,2021-10-19 03:03:28,29500.0,400.0,170100.0
397,2021-10-19 03:03:07,29500.0,500.0,169700.0
398,2021-10-19 03:02:23,29500.0,300.0,169200.0
399,2021-10-19 03:02:08,29500.0,200.0,168900.0
400,2021-10-19 03:00:54,29400.0,200.0,168700.0
401,2021-10-19 03:00:35,29350.0,600.0,168500.0
402,2021-10-19 02:58:22,29300.0,100.0,167900.0
403,2021-10-19 02:57:56,29300.0,1000.0,167800.0
404,2021-10-19 02:57:43,29200.0,1000.0,166800.0
405,2021-10-19 02:57:31,29200.0,100.0,165800.0
406,2021-10-19 02:57:31,29200.0,100.0,165700.0
407,2021-10-19 02:57:31,29200.0,700.0,165600.0
408,2021-10-19 02:56:01,29200.0,100.0,164900.0
409,2021-10-19 02:55:58,29200.0,100.0,164800.0
410,2021-10-19 02:55:55,29100.0,300.0,164700.0
411,2021-10-19 02:55:55,29150.0,200.0,164400.0
412,2021-10-19 02:55:55,29150.0,100.0,164200.0
413,2021-10-19 02:55:42,29200.0,200.0,164100.0
414,2021-10-19 02:55:38,29200.0,500.0,163900.0
415,2021-10-19 02:55:09,29200.0,100.0,163400.0
416,2021-10-19 02:53:13,29200.0,300.0,163300.0
417,2021-10-19 02:51:41,29100.0,200.0,163000.0
418,2021-10-19 02:51:41,29100.0,100.0,162800.0
419,2021-10-19 02:51:41,29100.0,200.0,162700.0
420,2021-10-19 02:50:24,29100.0,300.0,162500.0
421,2021-10-19 02:50:24,29100.0,200.0,162200.0
422,2021-10-19 02:50:03,29100.0,200.0,162000.0
423,2021-10-19 02:50:03,29100.0,100.0,161800.0
424,2021-10-19 02:50:03,29100.0,700.0,161700.0
425,2021-10-19 02:49:55,29100.0,1300.0,161000.0
426,2021-10-19 02:49:55,29100.0,700.0,159700.0
427,2021-10-19 02:49:33,29100.0,300.0,159000.0
428,2021-10-19 02:49:33,29100.0,200.0,158700.0
429,2021-10-19 02:49:33,29100.0,1500.0,158500.0
430,2021-10-19 02:49:10,29100.0,500.0,157000.0
431,2021-10-19 02:48:57,29100.0,500.0,156500.0
432,2021-10-19 02:48:57,29100.0,200.0,156000.0
433,2021-10-19 02:48:55,29100.0,100.0,155800.0
434,2021-10-19 02:48:54,29100.0,200.0,155700.0
435,2021-10-19 02:48:54,29100.0,200.0,155500.0
436,2021-10-19 02:48:54,29100.0,1000.0,155300.0
437,2021-10-19 02:48:54,29100.0,1000.0,154300.0
438,2021-10-19 02:48:54,29100.0,400.0,153300.0
439,2021-10-19 02:48:54,29100.0,100.0,152900.0
440,2021-10-19 02:48:54,29100.0,100.0,152800.0
441,2021-10-19 02:48:54,29100.0,200.0,152700.0
442,2021-10-19 02:48:16,29100.0,500.0,152500.0
443,2021-10-19 02:48:16,29100.0,1000.0,152000.0
444,2021-10-19 02:48:16,29100.0,500.0,151000.0
445,2021-10-19 02:47:58,29150.0,300.0,150500.0
446,2021-10-19 02:47:58,29150.0,1000.0,150200.0
447,2021-10-19 02:47:53,29200.0,500.0,149200.0
448,2021-10-19 02:46:48,29200.0,1000.0,148700.0
449,2021-10-19 02:46:41,29200.0,1000.0,147700.0
450,2021-10-19 02:46:37,29200.0,100.0,146700.0
451,2021-10-19 02:46:32,29200.0,100.0,146600.0
452,2021-10-19 02:46:24,29200.0,100.0,146500.0
453,2021-10-19 02:46:24,29200.0,1900.0,146400.0
454,2021-10-19 02:46:15,29200.0,1000.0,144500.0
455,2021-10-19 02:45:34,29200.0,200.0,143500.0
456,2021-10-19 02:45:34,29200.0,1000.0,143300.0
457,2021-10-19 02:45:34,29200.0,900.0,142300.0
458,2021-10-19 02:45:34,29200.0,100.0,141400.0
459,2021-10-19 02:45:13,29200.0,100.0,141300.0
460,2021-10-19 02:43:48,29100.0,200.0,141200.0
461,2021-10-19 02:43:43,29100.0,1300.0,141000.0
462,2021-10-19 02:43:43,29100.0,100.0,139700.0
463,2021-10-19 02:43:43,29100.0,300.0,139600.0
464,2021-10-19 02:43:43,29100.0,5500.0,139300.0
465,2021-10-19 02:43:13,29100.0,1300.0,133800.0
466,2021-10-19 02:43:07,29100.0,100.0,132500.0
467,2021-10-19 02:42:51,29100.0,5500.0,132400.0
468,2021-10-19 02:42:51,29150.0,1000.0,126900.0
469,2021-10-19 02:42:39,29200.0,700.0,125900.0
470,2021-10-19 02:42:35,29150.0,500.0,125200.0
471,2021-10-19 02:41:57,29200.0,100.0,124700.0
472,2021-10-19 02:41:34,29200.0,9800.0,124600.0
473,2021-10-19 02:41:34,29150.0,200.0,114800.0
474,2021-10-19 02:41:03,29100.0,1000.0,114600.0
475,2021-10-19 02:40:52,29100.0,1600.0,113600.0
476,2021-10-19 02:40:29,29100.0,500.0,112000.0
477,2021-10-19 02:40:29,29100.0,100.0,111500.0
478,2021-10-19 02:40:29,29100.0,800.0,111400.0
479,2021-10-19 02:40:24,29100.0,200.0,110600.0
480,2021-10-19 02:40:24,29100.0,2700.0,110400.0
481,2021-10-19 02:40:24,29100.0,2000.0,107700.0
482,2021-10-19 02:40:24,29100.0,100.0,105700.0
483,2021-10-19 02:40:13,29100.0,100.0,105600.0
484,2021-10-19 02:38:53,29100.0,1300.0,105500.0
485,2021-10-19 02:38:53,29100.0,500.0,104200.0
486,2021-10-19 02:38:40,29000.0,100.0,103700.0
487,2021-10-19 02:38:40,29000.0,1400.0,103600.0
488,2021-10-19 02:38:32,29000.0,600.0,102200.0
489,2021-10-19 02:37:47,29000.0,3300.0,101600.0
490,2021-10-19 02:37:47,29000.0,1000.0,98300.0
491,2021-10-19 02:37:47,29000.0,100.0,97300.0
492,2021-10-19 02:37:47,29000.0,100.0,97200.0
493,2021-10-19 02:37:47,29050.0,200.0,97100.0
494,2021-10-19 02:37:47,29050.0,1000.0,96900.0
495,2021-10-19 02:37:47,29100.0,100.0,95900.0
496,2021-10-19 02:37:47,29100.0,200.0,95800.0
497,2021-10-19 02:37:47,29100.0,600.0,95600.0
498,2021-10-19 02:37:47,29100.0,1000.0,95000.0
499,2021-10-19 02:37:47,29100.0,100.0,94000.0
500,2021-10-19 02:37:47,29100.0,400.0,93900.0
501,2021-10-19 02:37:47,29100.0,100.0,93500.0
502,2021-10-19 02:37:47,29100.0,100.0,93400.0
503,2021-10-19 02:37:47,29100.0,200.0,93300.0
504,2021-10-19 02:37:47,29100.0,200.0,93100.0
505,2021-10-19 02:37:47,29100.0,500.0,92900.0
506,2021-10-19 02:37:47,29100.0,800.0,92400.0
507,2021-10-19 02:37:42,29150.0,400.0,91600.0
508,2021-10-19 02:37:42,29150.0,600.0,91200.0
509,2021-10-19 02:36:55,29150.0,100.0,90600.0
510,2021-10-19 02:36:53,29150.0,200.0,90500.0
511,2021-10-19 02:36:17,29150.0,200.0,90300.0
512,2021-10-19 02:35:46,29150.0,100.0,90100.0
513,2021-10-19 02:35:46,29150.0,100.0,90000.0
514,2021-10-19 02:35:46,29150.0,100.0,89900.0
515,2021-10-19 02:35:46,29150.0,200.0,89800.0
516,2021-10-19 02:35:46,29150.0,3400.0,89600.0
517,2021-10-19 02:35:32,29150.0,2000.0,86200.0
518,2021-10-19 02:35:05,29200.0,100.0,84200.0
519,2021-10-19 02:34:57,29200.0,400.0,84100.0
520,2021-10-19 02:34:54,29150.0,200.0,83700.0
521,2021-10-19 02:34:47,29200.0,200.0,83500.0
522,2021-10-19 02:34:47,29200.0,100.0,83300.0
523,2021-10-19 02:34:47,29200.0,500.0,83200.0
524,2021-10-19 02:34:27,29200.0,200.0,82700.0
525,2021-10-19 02:34:27,29200.0,900.0,82500.0
526,2021-10-19 02:34:27,29200.0,400.0,81600.0
527,2021-10-19 02:33:55,29200.0,100.0,81200.0
528,2021-10-19 02:33:23,29200.0,200.0,81100.0
529,2021-10-19 02:33:23,29200.0,500.0,80900.0
530,2021-10-19 02:33:23,29200.0,200.0,80400.0
531,2021-10-19 02:32:39,29300.0,500.0,80200.0
532,2021-10-19 02:32:29,29300.0,100.0,79700.0
533,2021-10-19 02:32:29,29300.0,500.0,79600.0
534,2021-10-19 02:32:29,29300.0,500.0,79100.0
535,2021-10-19 02:32:29,29300.0,1000.0,78600.0
536,2021-10-19 02:32:29,29300.0,500.0,77600.0
537,2021-10-19 02:32:29,29300.0,200.0,77100.0
538,2021-10-19 02:32:24,29300.0,1800.0,76900.0
539,2021-10-19 02:32:24,29300.0,200.0,75100.0
540,2021-10-19 02:32:16,29350.0,600.0,74900.0
541,2021-10-19 02:32:12,29300.0,300.0,74300.0
542,2021-10-19 02:32:12,29300.0,300.0,74000.0
543,2021-10-19 02:32:12,29300.0,600.0,73700.0
544,2021-10-19 02:32:12,29300.0,1000.0,73100.0
545,2021-10-19 02:32:12,29300.0,800.0,72100.0
546,2021-10-19 02:32:11,29300.0,200.0,71300.0
547,2021-10-19 02:32:11,29300.0,800.0,71100.0
548,2021-10-19 02:32:09,29300.0,900.0,70300.0
549,2021-10-19 02:31:55,29350.0,400.0,69400.0
550,2021-10-19 02:31:36,29350.0,300.0,69000.0
551,2021-10-19 02:31:36,29350.0,100.0,68700.0
552,2021-10-19 02:30:58,29350.0,400.0,68600.0
553,2021-10-19 02:29:38,29350.0,200.0,68200.0
554,2021-10-19 02:29:01,29350.0,100.0,68000.0
555,2021-10-19 02:28:58,29300.0,800.0,67900.0
556,2021-10-19 02:28:34,29300.0,1100.0,67100.0
557,2021-10-19 02:28:30,29250.0,100.0,66000.0
558,2021-10-19 02:28:29,29300.0,300.0,65900.0
559,2021-10-19 02:28:16,29300.0,300.0,65600.0
560,2021-10-19 02:28:05,29300.0,1300.0,65300.0
561,2021-10-19 02:28:05,29300.0,100.0,64000.0
562,2021-10-19 02:28:05,29300.0,1600.0,63900.0
563,2021-10-19 02:27:26,29150.0,1400.0,62300.0
564,2021-10-19 02:27:00,29300.0,800.0,60900.0
565,2021-10-19 02:26:49,29100.0,1400.0,60100.0
566,2021-10-19 02:26:49,29100.0,100.0,58700.0
567,2021-10-19 02:26:42,29300.0,500.0,58600.0
568,2021-10-19 02:26:03,29300.0,100.0,58100.0
569,2021-10-19 02:25:42,29300.0,100.0,58000.0
570,2021-10-19 02:25:15,29100.0,400.0,57900.0
571,2021-10-19 02:25:00,29100.0,100.0,57500.0
572,2021-10-19 02:24:31,29100.0,400.0,57400.0
573,2021-10-19 02:24:27,29100.0,500.0,57000.0
574,2021-10-19 02:24:08,29050.0,5500.0,56500.0
575,2021-10-19 02:23:49,29050.0,2600.0,51000.0
576,2021-10-19 02:23:49,29050.0,1000.0,48400.0
577,2021-10-19 02:23:49,29050.0,100.0,47400.0
578,2021-10-19 02:23:49,29050.0,300.0,47300.0
579,2021-10-19 02:23:49,29050.0,1000.0,47000.0
580,2021-10-19 02:23:41,29100.0,100.0,46000.0
581,2021-10-19 02:23:41,29100.0,200.0,45900.0
582,2021-10-19 02:23:40,29100.0,4100.0,45700.0
583,2021-10-19 02:23:26,29100.0,100.0,41600.0
584,2021-10-19 02:23:18,29100.0,1000.0,41500.0
585,2021-10-19 02:23:15,29100.0,300.0,40500.0
586,2021-10-19 02:23:10,29100.0,500.0,40200.0
587,2021-10-19 02:23:10,29100.0,1000.0,39700.0
588,2021-10-19 02:23:10,29100.0,3000.0,38700.0
589,2021-10-19 02:21:10,29050.0,300.0,35700.0
590,2021-10-19 02:20:58,29250.0,400.0,35400.0
591,2021-10-19 02:20:47,29250.0,300.0,35000.0
592,2021-10-19 02:20:47,29250.0,200.0,34700.0
593,2021-10-19 02:19:47,29050.0,600.0,34500.0
594,2021-10-19 02:19:40,29050.0,1000.0,33900.0
595,2021-10-19 02:19:38,29050.0,1000.0,32900.0
596,2021-10-19 02:19:31,29050.0,200.0,31900.0
597,2021-10-19 02:19:19,29050.0,1000.0,31700.0
598,2021-10-19 02:19:18,29000.0,100.0,30700.0
599,2021-10-19 02:19:18,29000.0,200.0,30600.0
600,2021-10-19 02:19:18,29000.0,200.0,30400.0
601,2021-10-19 02:19:18,29000.0,500.0,30200.0
602,2021-10-19 02:19:18,29050.0,500.0,29700.0
603,2021-10-19 02:19:18,29050.0,500.0,29200.0
604,2021-10-19 02:19:07,29050.0,200.0,28700.0
605,2021-10-19 02:19:07,29050.0,1000.0,28500.0
606,2021-10-19 02:19:07,29050.0,200.0,27500.0
607,2021-10-19 02:19:07,29100.0,2000.0,27300.0
608,2021-10-19 02:19:07,29150.0,100.0,25300.0
609,2021-10-19 02:18:43,29050.0,100.0,25200.0
610,2021-10-19 02:18:33,29000.0,100.0,25100.0
611,2021-10-19 02:18:33,29000.0,300.0,25000.0
612,2021-10-19 02:17:56,29000.0,500.0,24700.0
613,2021-10-19 02:17:56,29000.0,1500.0,24200.0
614,2021-10-19 02:17:52,29000.0,200.0,22700.0
615,2021-10-19 02:17:43,29000.0,300.0,22500.0
616,2021-10-19 02:17:41,29000.0,1000.0,22200.0
617,2021-10-19 02:17:36,29000.0,500.0,21200.0
618,2021-10-19 02:17:33,29000.0,100.0,20700.0
619,2021-10-19 02:17:33,29000.0,100.0,20600.0
620,2021-10-19 02:17:32,29000.0,100.0,20500.0
621,2021-10-19 02:17:27,29000.0,1000.0,20400.0
622,2021-10-19 02:17:22,29000.0,1000.0,19400.0
623,2021-10-19 02:17:22,29000.0,100.0,18400.0
624,2021-10-19 02:17:15,29000.0,900.0,18300.0
625,2021-10-19 02:17:15,29000.0,300.0,17400.0
626,2021-10-19 02:17:15,29000.0,300.0,17100.0
627,2021-10-19 02:17:15,29000.0,100.0,16800.0
628,2021-10-19 02:17:10,29000.0,100.0,16700.0
629,2021-10-19 02:17:10,29000.0,300.0,16600.0
630,2021-10-19 02:17:10,29000.0,100.0,16300.0
631,2021-10-19 02:17:10,29000.0,1700.0,16200.0
632,2021-10-19 02:17:06,29000.0,1100.0,14500.0
633,2021-10-19 02:17:06,29000.0,100.0,13400.0
634,2021-10-19 02:17:00,29000.0,1500.0,13300.0
635,2021-10-19 02:17:00,29000.0,400.0,11800.0
636,2021-10-19 02:16:47,29000.0,600.0,11400.0
637,2021-10-19 02:16:47,29000.0,100.0,10800.0
638,2021-10-19 02:16:47,29000.0,500.0,10700.0
639,2021-10-19 02:16:47,29000.0,200.0,10200.0
640,2021-10-19 02:16:47,29000.0,500.0,10000.0
641,2021-10-19 02:16:47,29000.0,100.0,9500.0
642,2021-10-19 02:16:47,29000.0,200.0,9400.0
643,2021-10-19 02:16:47,29000.0,200.0,9200.0
644,2021-10-19 02:16:47,29000.0,200.0,9000.0
645,2021-10-19 02:16:47,29000.0,500.0,8800.0
646,2021-10-19 02:16:45,29000.0,1000.0,8300.0
647,2021-10-19 02:16:45,29000.0,1000.0,7300.0
648,2021-10-19 02:16:45,29100.0,100.0,6300.0
649,2021-10-19 02:16:45,29200.0,500.0,6200.0
650,2021-10-19 02:16:45,29200.0,100.0,5700.0
651,2021-10-19 02:16:45,29200.0,100.0,5600.0
652,2021-10-19 02:16:45,29250.0,1000.0,5500.0
653,2021-10-19 02:16:45,29250.0,1000.0,4500.0
654,2021-10-19 02:16:45,29300.0,1000.0,3500.0
655,2021-10-19 02:16:36,29350.0,300.0,2500.0
656,2021-10-19 02:16:36,29500.0,100.0,2200.0
657,2021-10-19 02:15:49,29650.0,200.0,2100.0
658,2021-10-19 02:15:38,29600.0,700.0,1900.0
659,2021-10-19 02:15:01,29600.0,100.0,1200.0
660,2021-10-19 02:15:01,29600.0,100.0,1100.0
661,2021-10-19 02:15:01,29600.0,300.0,1000.0
662,2021-10-19 02:15:01,29600.0,400.0,700.0
663,2021-10-19 02:15:01,29600.0,200.0,300.0
664,2021-10-19 02:15:01,29600.0,100.0,100.0
