,Time,Price,Volume_per_trade,Volume
0,2021-10-05 07:45:00,27000.0,5000.0,571600.0
1,2021-10-05 07:45:00,27000.0,400.0,566600.0
2,2021-10-05 07:45:00,27000.0,100.0,566200.0
3,2021-10-05 07:45:00,27000.0,100.0,566100.0
4,2021-10-05 07:45:00,27000.0,500.0,566000.0
5,2021-10-05 07:45:00,27000.0,1000.0,565500.0
6,2021-10-05 07:45:00,27000.0,300.0,564500.0
7,2021-10-05 07:45:00,27000.0,500.0,564200.0
8,2021-10-05 07:45:00,27000.0,900.0,563700.0
9,2021-10-05 07:45:00,27000.0,1700.0,562800.0
10,2021-10-05 07:45:00,27000.0,2000.0,561100.0
11,2021-10-05 07:45:00,27000.0,1200.0,559100.0
12,2021-10-05 07:45:00,27000.0,100.0,557900.0
13,2021-10-05 07:45:00,27000.0,300.0,557800.0
14,2021-10-05 07:45:00,27000.0,300.0,557500.0
15,2021-10-05 07:45:00,27000.0,100.0,557200.0
16,2021-10-05 07:45:00,27000.0,400.0,557100.0
17,2021-10-05 07:45:00,27000.0,400.0,556700.0
18,2021-10-05 07:45:00,27000.0,100.0,556300.0
19,2021-10-05 07:45:00,27000.0,500.0,556200.0
20,2021-10-05 07:45:00,27000.0,500.0,555700.0
21,2021-10-05 07:45:00,27000.0,1000.0,555200.0
22,2021-10-05 07:45:00,27000.0,900.0,554200.0
23,2021-10-05 07:45:00,27000.0,2500.0,553300.0
24,2021-10-05 07:45:00,27000.0,600.0,550800.0
25,2021-10-05 07:45:00,27000.0,2000.0,550200.0
26,2021-10-05 07:45:00,27000.0,1000.0,548200.0
27,2021-10-05 07:45:00,27000.0,500.0,547200.0
28,2021-10-05 07:45:00,27000.0,1000.0,546700.0
29,2021-10-05 07:45:00,27000.0,100.0,545700.0
30,2021-10-05 07:45:00,27000.0,1300.0,545600.0
31,2021-10-05 07:45:00,27000.0,100.0,544300.0
32,2021-10-05 07:45:00,27000.0,600.0,544200.0
33,2021-10-05 07:45:00,27000.0,1000.0,543600.0
34,2021-10-05 07:45:00,27000.0,1800.0,542600.0
35,2021-10-05 07:45:00,27000.0,4500.0,540800.0
36,2021-10-05 07:45:00,27000.0,700.0,536300.0
37,2021-10-05 07:45:00,27000.0,800.0,535600.0
38,2021-10-05 07:45:00,27000.0,1000.0,534800.0
39,2021-10-05 07:45:00,27000.0,1500.0,533800.0
40,2021-10-05 07:45:00,27000.0,500.0,532300.0
41,2021-10-05 07:45:00,27000.0,500.0,531800.0
42,2021-10-05 07:45:00,27000.0,600.0,531300.0
43,2021-10-05 07:45:00,27000.0,600.0,530700.0
44,2021-10-05 07:45:00,27000.0,300.0,530100.0
45,2021-10-05 07:45:00,27000.0,1800.0,529800.0
46,2021-10-05 07:45:00,27000.0,200.0,528000.0
47,2021-10-05 07:45:00,27000.0,100.0,527800.0
48,2021-10-05 07:45:00,27000.0,400.0,527700.0
49,2021-10-05 07:45:00,27000.0,100.0,527300.0
50,2021-10-05 07:45:00,27000.0,400.0,527200.0
51,2021-10-05 07:45:00,27000.0,200.0,526800.0
52,2021-10-05 07:45:00,27000.0,500.0,526600.0
53,2021-10-05 07:45:00,27000.0,100.0,526100.0
54,2021-10-05 07:45:00,27000.0,200.0,526000.0
55,2021-10-05 07:45:00,27000.0,100.0,525800.0
56,2021-10-05 07:45:00,27000.0,100.0,525700.0
57,2021-10-05 07:45:00,27000.0,2900.0,525600.0
58,2021-10-05 07:45:00,27000.0,2000.0,522700.0
59,2021-10-05 07:45:00,27000.0,1200.0,520700.0
60,2021-10-05 07:45:00,27000.0,400.0,519500.0
61,2021-10-05 07:45:00,27000.0,2300.0,519100.0
62,2021-10-05 07:45:00,27000.0,200.0,516800.0
63,2021-10-05 07:45:00,27000.0,800.0,516600.0
64,2021-10-05 07:45:00,27000.0,200.0,515800.0
65,2021-10-05 07:45:00,27000.0,1100.0,515600.0
66,2021-10-05 07:45:00,27000.0,500.0,514500.0
67,2021-10-05 07:45:00,27000.0,2000.0,514000.0
68,2021-10-05 07:45:00,27000.0,5000.0,512000.0
69,2021-10-05 07:45:00,27000.0,400.0,507000.0
70,2021-10-05 07:45:00,27000.0,1000.0,506600.0
71,2021-10-05 07:29:32,26800.0,200.0,505600.0
72,2021-10-05 07:29:32,26800.0,100.0,505400.0
73,2021-10-05 07:29:32,26800.0,700.0,505300.0
74,2021-10-05 07:28:57,26800.0,1000.0,504600.0
75,2021-10-05 07:28:42,26800.0,500.0,503600.0
76,2021-10-05 07:28:40,26800.0,2000.0,503100.0
77,2021-10-05 07:28:24,26800.0,200.0,501100.0
78,2021-10-05 07:27:33,26750.0,100.0,500900.0
79,2021-10-05 07:27:33,26750.0,400.0,500800.0
80,2021-10-05 07:27:25,26750.0,1600.0,500400.0
81,2021-10-05 07:27:25,26750.0,900.0,498800.0
82,2021-10-05 07:27:25,26750.0,500.0,497900.0
83,2021-10-05 07:27:24,26700.0,3000.0,497400.0
84,2021-10-05 07:26:57,26700.0,300.0,494400.0
85,2021-10-05 07:26:51,26700.0,500.0,494100.0
86,2021-10-05 07:25:52,26750.0,200.0,493600.0
87,2021-10-05 07:25:29,26700.0,5000.0,493400.0
88,2021-10-05 07:24:58,26700.0,900.0,488400.0
89,2021-10-05 07:24:58,26700.0,1800.0,487500.0
90,2021-10-05 07:24:58,26700.0,300.0,485700.0
91,2021-10-05 07:24:58,26700.0,2000.0,485400.0
92,2021-10-05 07:24:17,26750.0,1000.0,483400.0
93,2021-10-05 07:24:14,26750.0,800.0,482400.0
94,2021-10-05 07:24:14,26750.0,400.0,481600.0
95,2021-10-05 07:22:33,26750.0,100.0,481200.0
96,2021-10-05 07:22:19,26750.0,1000.0,481100.0
97,2021-10-05 07:22:09,26750.0,2400.0,480100.0
98,2021-10-05 07:21:34,26750.0,300.0,477700.0
99,2021-10-05 07:21:34,26750.0,100.0,477400.0
100,2021-10-05 07:21:34,26750.0,100.0,477300.0
101,2021-10-05 07:21:34,26750.0,200.0,477200.0
102,2021-10-05 07:21:34,26750.0,400.0,477000.0
103,2021-10-05 07:20:37,26700.0,1500.0,476600.0
104,2021-10-05 07:20:37,26700.0,100.0,475100.0
105,2021-10-05 07:20:37,26700.0,3400.0,475000.0
106,2021-10-05 07:18:37,26700.0,500.0,471600.0
107,2021-10-05 07:16:17,26750.0,400.0,471100.0
108,2021-10-05 07:15:48,26750.0,100.0,470700.0
109,2021-10-05 07:15:23,26750.0,400.0,470600.0
110,2021-10-05 07:15:15,26750.0,600.0,470200.0
111,2021-10-05 07:15:15,26750.0,200.0,469600.0
112,2021-10-05 07:15:15,26750.0,200.0,469400.0
113,2021-10-05 07:12:04,26750.0,100.0,469200.0
114,2021-10-05 07:12:04,26750.0,400.0,469100.0
115,2021-10-05 07:12:04,26750.0,1000.0,468700.0
116,2021-10-05 07:12:04,26750.0,300.0,467700.0
117,2021-10-05 07:11:25,26700.0,1000.0,467400.0
118,2021-10-05 07:11:06,26700.0,1000.0,466400.0
119,2021-10-05 07:09:42,26700.0,4100.0,465400.0
120,2021-10-05 07:09:42,26700.0,5900.0,461300.0
121,2021-10-05 07:07:13,26750.0,100.0,455400.0
122,2021-10-05 07:06:38,26750.0,900.0,455300.0
123,2021-10-05 07:04:22,26750.0,200.0,454400.0
124,2021-10-05 07:04:22,26750.0,2800.0,454200.0
125,2021-10-05 07:03:57,26750.0,200.0,451400.0
126,2021-10-05 07:03:57,26750.0,300.0,451200.0
127,2021-10-05 07:03:07,26700.0,1000.0,450900.0
128,2021-10-05 07:02:58,26750.0,1300.0,449900.0
129,2021-10-05 07:02:34,26700.0,1000.0,448600.0
130,2021-10-05 06:59:47,26750.0,100.0,447600.0
131,2021-10-05 06:59:18,26800.0,700.0,447500.0
132,2021-10-05 06:57:36,26800.0,300.0,446800.0
133,2021-10-05 06:56:40,26800.0,700.0,446500.0
134,2021-10-05 06:56:40,26800.0,200.0,445800.0
135,2021-10-05 06:56:40,26800.0,100.0,445600.0
136,2021-10-05 06:56:23,26750.0,200.0,445500.0
137,2021-10-05 06:55:26,26750.0,100.0,445300.0
138,2021-10-05 06:54:50,26750.0,300.0,445200.0
139,2021-10-05 06:54:27,26750.0,3000.0,444900.0
140,2021-10-05 06:53:46,26750.0,500.0,441900.0
141,2021-10-05 06:52:17,26700.0,100.0,441400.0
142,2021-10-05 06:51:21,26700.0,1000.0,441300.0
143,2021-10-05 06:51:21,26700.0,1000.0,440300.0
144,2021-10-05 06:51:21,26700.0,200.0,439300.0
145,2021-10-05 06:50:05,26700.0,300.0,439100.0
146,2021-10-05 06:49:52,26700.0,400.0,438800.0
147,2021-10-05 06:49:52,26700.0,100.0,438400.0
148,2021-10-05 06:48:05,26700.0,400.0,438300.0
149,2021-10-05 06:48:05,26700.0,100.0,437900.0
150,2021-10-05 06:48:05,26700.0,100.0,437800.0
151,2021-10-05 06:48:05,26700.0,4700.0,437700.0
152,2021-10-05 06:46:31,26700.0,200.0,433000.0
153,2021-10-05 06:46:31,26700.0,100.0,432800.0
154,2021-10-05 06:45:09,26700.0,200.0,432700.0
155,2021-10-05 06:44:53,26700.0,200.0,432500.0
156,2021-10-05 06:44:53,26700.0,300.0,432300.0
157,2021-10-05 06:44:33,26700.0,200.0,432000.0
158,2021-10-05 06:44:33,26700.0,4000.0,431800.0
159,2021-10-05 06:44:33,26700.0,300.0,427800.0
160,2021-10-05 06:44:33,26700.0,500.0,427500.0
161,2021-10-05 06:43:49,26650.0,400.0,427000.0
162,2021-10-05 06:43:49,26650.0,200.0,426600.0
163,2021-10-05 06:43:27,26700.0,100.0,426400.0
164,2021-10-05 06:42:48,26700.0,100.0,426300.0
165,2021-10-05 06:42:06,26700.0,100.0,426200.0
166,2021-10-05 06:42:06,26700.0,200.0,426100.0
167,2021-10-05 06:42:04,26700.0,1800.0,425900.0
168,2021-10-05 06:42:04,26700.0,200.0,424100.0
169,2021-10-05 06:42:04,26700.0,100.0,423900.0
170,2021-10-05 06:42:04,26700.0,100.0,423800.0
171,2021-10-05 06:42:04,26700.0,500.0,423700.0
172,2021-10-05 06:42:04,26700.0,100.0,423200.0
173,2021-10-05 06:41:52,26700.0,100.0,423100.0
174,2021-10-05 06:41:52,26700.0,1400.0,423000.0
175,2021-10-05 06:41:10,26700.0,100.0,421600.0
176,2021-10-05 06:39:37,26700.0,2000.0,421500.0
177,2021-10-05 06:39:25,26700.0,1000.0,419500.0
178,2021-10-05 06:38:58,26700.0,200.0,418500.0
179,2021-10-05 06:37:07,26700.0,100.0,418300.0
180,2021-10-05 06:37:06,26700.0,2200.0,418200.0
181,2021-10-05 06:35:19,26700.0,1000.0,416000.0
182,2021-10-05 06:35:10,26700.0,100.0,415000.0
183,2021-10-05 06:34:17,26750.0,1000.0,414900.0
184,2021-10-05 06:34:17,26750.0,1100.0,413900.0
185,2021-10-05 06:34:10,26750.0,100.0,412800.0
186,2021-10-05 06:33:43,26750.0,2300.0,412700.0
187,2021-10-05 06:33:43,26750.0,200.0,410400.0
188,2021-10-05 06:33:43,26750.0,300.0,410200.0
189,2021-10-05 06:33:11,26750.0,700.0,409900.0
190,2021-10-05 06:33:11,26750.0,500.0,409200.0
191,2021-10-05 06:33:11,26750.0,500.0,408700.0
192,2021-10-05 06:32:33,26700.0,200.0,408200.0
193,2021-10-05 06:31:04,26700.0,1000.0,408000.0
194,2021-10-05 06:30:32,26700.0,200.0,407000.0
195,2021-10-05 06:29:38,26700.0,200.0,406800.0
196,2021-10-05 06:28:46,26700.0,300.0,406600.0
197,2021-10-05 06:28:37,26700.0,200.0,406300.0
198,2021-10-05 06:27:22,26700.0,100.0,406100.0
199,2021-10-05 06:27:22,26700.0,900.0,406000.0
200,2021-10-05 06:26:10,26700.0,1000.0,405100.0
201,2021-10-05 06:26:10,26700.0,100.0,404100.0
202,2021-10-05 06:26:10,26700.0,900.0,404000.0
203,2021-10-05 06:25:56,26700.0,100.0,403100.0
204,2021-10-05 06:25:56,26700.0,100.0,403000.0
205,2021-10-05 06:25:56,26700.0,1000.0,402900.0
206,2021-10-05 06:25:56,26700.0,500.0,401900.0
207,2021-10-05 06:25:56,26700.0,200.0,401400.0
208,2021-10-05 06:25:56,26700.0,500.0,401200.0
209,2021-10-05 06:25:56,26700.0,3100.0,400700.0
210,2021-10-05 06:25:19,26700.0,1000.0,397600.0
211,2021-10-05 06:24:40,26700.0,200.0,396600.0
212,2021-10-05 06:24:38,26700.0,200.0,396400.0
213,2021-10-05 06:24:03,26700.0,1800.0,396200.0
214,2021-10-05 06:23:07,26700.0,3000.0,394400.0
215,2021-10-05 06:23:04,26700.0,700.0,391400.0
216,2021-10-05 06:23:04,26700.0,200.0,390700.0
217,2021-10-05 06:23:04,26700.0,100.0,390500.0
218,2021-10-05 06:22:34,26700.0,200.0,390400.0
219,2021-10-05 06:22:34,26700.0,100.0,390200.0
220,2021-10-05 06:22:34,26700.0,1000.0,390100.0
221,2021-10-05 06:22:34,26700.0,500.0,389100.0
222,2021-10-05 06:22:34,26700.0,200.0,388600.0
223,2021-10-05 06:22:21,26700.0,200.0,388400.0
224,2021-10-05 06:21:34,26700.0,500.0,388200.0
225,2021-10-05 06:21:23,26700.0,100.0,387700.0
226,2021-10-05 06:21:23,26700.0,100.0,387600.0
227,2021-10-05 06:21:23,26700.0,600.0,387500.0
228,2021-10-05 06:21:23,26700.0,100.0,386900.0
229,2021-10-05 06:21:23,26700.0,100.0,386800.0
230,2021-10-05 06:21:22,26700.0,400.0,386700.0
231,2021-10-05 06:21:22,26700.0,500.0,386300.0
232,2021-10-05 06:21:22,26700.0,100.0,385800.0
233,2021-10-05 06:21:11,26700.0,100.0,385700.0
234,2021-10-05 06:21:00,26700.0,2000.0,385600.0
235,2021-10-05 06:20:37,26700.0,2000.0,383600.0
236,2021-10-05 06:18:57,26800.0,300.0,381600.0
237,2021-10-05 06:18:22,26800.0,200.0,381300.0
238,2021-10-05 06:17:23,26800.0,200.0,381100.0
239,2021-10-05 06:17:05,26800.0,300.0,380900.0
240,2021-10-05 06:17:05,26800.0,500.0,380600.0
241,2021-10-05 06:17:05,26800.0,100.0,380100.0
242,2021-10-05 06:17:05,26800.0,100.0,380000.0
243,2021-10-05 06:17:05,26800.0,100.0,379900.0
244,2021-10-05 06:17:05,26800.0,900.0,379800.0
245,2021-10-05 06:15:29,26700.0,300.0,378900.0
246,2021-10-05 06:13:28,26700.0,300.0,378600.0
247,2021-10-05 06:13:10,26800.0,100.0,378300.0
248,2021-10-05 06:12:38,26700.0,2800.0,378200.0
249,2021-10-05 06:12:25,26700.0,500.0,375400.0
250,2021-10-05 06:12:19,26700.0,2000.0,374900.0
251,2021-10-05 06:11:27,26700.0,500.0,372900.0
252,2021-10-05 06:11:27,26700.0,800.0,372400.0
253,2021-10-05 06:11:05,26700.0,2000.0,371600.0
254,2021-10-05 06:11:05,26700.0,100.0,369600.0
255,2021-10-05 06:11:05,26700.0,100.0,369500.0
256,2021-10-05 06:11:05,26700.0,300.0,369400.0
257,2021-10-05 06:11:05,26700.0,100.0,369100.0
258,2021-10-05 06:11:05,26700.0,300.0,369000.0
259,2021-10-05 06:11:05,26700.0,100.0,368700.0
260,2021-10-05 06:11:05,26700.0,500.0,368600.0
261,2021-10-05 06:11:05,26700.0,200.0,368100.0
262,2021-10-05 06:11:05,26700.0,500.0,367900.0
263,2021-10-05 06:11:05,26700.0,800.0,367400.0
264,2021-10-05 06:11:05,26700.0,100.0,366600.0
265,2021-10-05 06:11:05,26700.0,2900.0,366500.0
266,2021-10-05 06:10:17,26750.0,1000.0,363600.0
267,2021-10-05 06:09:58,26750.0,300.0,362600.0
268,2021-10-05 06:09:50,26700.0,600.0,362300.0
269,2021-10-05 06:09:50,26700.0,900.0,361700.0
270,2021-10-05 06:09:16,26700.0,100.0,360800.0
271,2021-10-05 06:08:52,26750.0,200.0,360700.0
272,2021-10-05 06:08:20,26750.0,200.0,360500.0
273,2021-10-05 06:07:14,26750.0,100.0,360300.0
274,2021-10-05 06:07:04,26800.0,300.0,360200.0
275,2021-10-05 06:06:16,26800.0,1000.0,359900.0
276,2021-10-05 06:06:14,26800.0,1000.0,358900.0
277,2021-10-05 06:04:01,26800.0,1000.0,357900.0
278,2021-10-05 06:03:57,26800.0,100.0,356900.0
279,2021-10-05 06:03:40,26700.0,600.0,356800.0
280,2021-10-05 06:03:40,26700.0,200.0,356200.0
281,2021-10-05 06:03:20,26700.0,800.0,356000.0
282,2021-10-05 06:03:20,26700.0,200.0,355200.0
283,2021-10-05 06:03:20,26700.0,100.0,355000.0
284,2021-10-05 06:03:20,26700.0,100.0,354900.0
285,2021-10-05 06:03:20,26700.0,100.0,354800.0
286,2021-10-05 06:03:20,26700.0,100.0,354700.0
287,2021-10-05 06:03:20,26700.0,1000.0,354600.0
288,2021-10-05 06:02:38,26750.0,2000.0,353600.0
289,2021-10-05 06:02:35,26750.0,200.0,351600.0
290,2021-10-05 06:02:35,26750.0,400.0,351400.0
291,2021-10-05 06:01:23,26800.0,300.0,351000.0
292,2021-10-05 06:01:08,26750.0,2000.0,350700.0
293,2021-10-05 06:01:07,26750.0,600.0,348700.0
294,2021-10-05 06:00:23,26750.0,2000.0,348100.0
295,2021-10-05 06:00:12,26750.0,100.0,346100.0
296,2021-10-05 06:00:03,26750.0,400.0,346000.0
297,2021-10-05 06:00:03,26750.0,500.0,345600.0
298,2021-10-05 06:00:03,26750.0,1000.0,345100.0
299,2021-10-05 06:00:01,26800.0,300.0,344100.0
300,2021-10-05 06:00:01,26800.0,300.0,343800.0
301,2021-10-05 04:29:44,26800.0,100.0,343500.0
302,2021-10-05 04:29:44,26800.0,900.0,343400.0
303,2021-10-05 04:28:31,26800.0,100.0,342500.0
304,2021-10-05 04:22:23,26750.0,600.0,342400.0
305,2021-10-05 04:22:23,26750.0,200.0,341800.0
306,2021-10-05 04:17:04,26750.0,300.0,341600.0
307,2021-10-05 04:16:28,26750.0,700.0,341300.0
308,2021-10-05 04:16:28,26750.0,500.0,340600.0
309,2021-10-05 04:16:28,26750.0,500.0,340100.0
310,2021-10-05 04:16:10,26800.0,1000.0,339600.0
311,2021-10-05 04:14:49,26750.0,500.0,338600.0
312,2021-10-05 04:14:49,26750.0,100.0,338100.0
313,2021-10-05 04:14:49,26750.0,100.0,338000.0
314,2021-10-05 04:14:49,26750.0,300.0,337900.0
315,2021-10-05 04:14:41,26800.0,400.0,337600.0
316,2021-10-05 04:14:37,26800.0,1000.0,337200.0
317,2021-10-05 04:13:55,26800.0,100.0,336200.0
318,2021-10-05 04:13:33,26800.0,300.0,336100.0
319,2021-10-05 04:13:33,26800.0,100.0,335800.0
320,2021-10-05 04:13:01,26800.0,900.0,335700.0
321,2021-10-05 04:13:01,26800.0,300.0,334800.0
322,2021-10-05 04:11:35,26800.0,300.0,334500.0
323,2021-10-05 04:07:30,26800.0,200.0,334200.0
324,2021-10-05 04:05:13,26800.0,200.0,334000.0
325,2021-10-05 04:05:13,26800.0,100.0,333800.0
326,2021-10-05 04:05:13,26800.0,3000.0,333700.0
327,2021-10-05 04:05:13,26800.0,400.0,330700.0
328,2021-10-05 04:01:52,26800.0,600.0,330300.0
329,2021-10-05 04:01:52,26800.0,500.0,329700.0
330,2021-10-05 04:01:52,26800.0,1000.0,329200.0
331,2021-10-05 04:01:52,26800.0,1000.0,328200.0
332,2021-10-05 04:01:52,26800.0,200.0,327200.0
333,2021-10-05 04:01:52,26800.0,700.0,327000.0
334,2021-10-05 04:01:03,26850.0,100.0,326300.0
335,2021-10-05 04:00:59,26850.0,100.0,326200.0
336,2021-10-05 04:00:59,26850.0,1900.0,326100.0
337,2021-10-05 04:00:25,26850.0,2000.0,324200.0
338,2021-10-05 04:00:05,26900.0,2100.0,322200.0
339,2021-10-05 03:56:51,26900.0,100.0,320100.0
340,2021-10-05 03:56:45,26850.0,1100.0,320000.0
341,2021-10-05 03:56:18,26850.0,1000.0,318900.0
342,2021-10-05 03:56:18,26850.0,900.0,317900.0
343,2021-10-05 03:55:26,26850.0,500.0,317000.0
344,2021-10-05 03:54:46,26850.0,200.0,316500.0
345,2021-10-05 03:52:05,26800.0,2300.0,316300.0
346,2021-10-05 03:50:22,26800.0,2000.0,314000.0
347,2021-10-05 03:50:13,26800.0,400.0,312000.0
348,2021-10-05 03:49:59,26800.0,200.0,311600.0
349,2021-10-05 03:49:44,26800.0,100.0,311400.0
350,2021-10-05 03:48:01,26800.0,100.0,311300.0
351,2021-10-05 03:47:09,26800.0,1000.0,311200.0
352,2021-10-05 03:45:53,26800.0,200.0,310200.0
353,2021-10-05 03:45:53,26800.0,500.0,310000.0
354,2021-10-05 03:45:53,26800.0,1000.0,309500.0
355,2021-10-05 03:45:53,26800.0,900.0,308500.0
356,2021-10-05 03:43:11,26800.0,900.0,307600.0
357,2021-10-05 03:42:32,26800.0,300.0,306700.0
358,2021-10-05 03:42:32,26800.0,700.0,306400.0
359,2021-10-05 03:41:58,26800.0,100.0,305700.0
360,2021-10-05 03:41:58,26800.0,200.0,305600.0
361,2021-10-05 03:41:58,26800.0,200.0,305400.0
362,2021-10-05 03:41:48,26800.0,500.0,305200.0
363,2021-10-05 03:41:17,26800.0,100.0,304700.0
364,2021-10-05 03:40:10,26750.0,100.0,304600.0
365,2021-10-05 03:37:43,26750.0,100.0,304500.0
366,2021-10-05 03:37:43,26800.0,100.0,304400.0
367,2021-10-05 03:37:22,26800.0,400.0,304300.0
368,2021-10-05 03:37:00,26800.0,1600.0,303900.0
369,2021-10-05 03:36:47,26800.0,1000.0,302300.0
370,2021-10-05 03:36:47,26800.0,500.0,301300.0
371,2021-10-05 03:36:47,26800.0,900.0,300800.0
372,2021-10-05 03:36:47,26800.0,1000.0,299900.0
373,2021-10-05 03:34:42,26800.0,1000.0,298900.0
374,2021-10-05 03:34:42,26800.0,100.0,297900.0
375,2021-10-05 03:34:42,26800.0,2000.0,297800.0
376,2021-10-05 03:34:42,26800.0,1900.0,295800.0
377,2021-10-05 03:34:37,26800.0,100.0,293900.0
378,2021-10-05 03:34:37,26800.0,1000.0,293800.0
379,2021-10-05 03:34:37,26800.0,1000.0,292800.0
380,2021-10-05 03:34:37,26800.0,100.0,291800.0
381,2021-10-05 03:34:37,26800.0,100.0,291700.0
382,2021-10-05 03:34:37,26800.0,1700.0,291600.0
383,2021-10-05 03:33:09,26900.0,600.0,289900.0
384,2021-10-05 03:33:03,26900.0,100.0,289300.0
385,2021-10-05 03:32:57,26900.0,1300.0,289200.0
386,2021-10-05 03:32:46,26900.0,700.0,287900.0
387,2021-10-05 03:32:22,26900.0,300.0,287200.0
388,2021-10-05 03:31:59,26900.0,500.0,286900.0
389,2021-10-05 03:31:33,26950.0,1000.0,286400.0
390,2021-10-05 03:31:17,26900.0,200.0,285400.0
391,2021-10-05 03:31:12,26900.0,300.0,285200.0
392,2021-10-05 03:31:12,26900.0,300.0,284900.0
393,2021-10-05 03:31:12,26900.0,3600.0,284600.0
394,2021-10-05 03:30:49,26900.0,500.0,281000.0
395,2021-10-05 03:30:42,26950.0,200.0,280500.0
396,2021-10-05 03:29:11,26900.0,500.0,280300.0
397,2021-10-05 03:28:26,26900.0,400.0,279800.0
398,2021-10-05 03:28:26,26900.0,300.0,279400.0
399,2021-10-05 03:28:26,26900.0,1600.0,279100.0
400,2021-10-05 03:27:30,26900.0,100.0,277500.0
401,2021-10-05 03:26:54,26900.0,1000.0,277400.0
402,2021-10-05 03:25:41,26900.0,100.0,276400.0
403,2021-10-05 03:25:20,26900.0,1000.0,276300.0
404,2021-10-05 03:24:45,26900.0,1000.0,275300.0
405,2021-10-05 03:23:52,26900.0,200.0,274300.0
406,2021-10-05 03:23:52,26900.0,3800.0,274100.0
407,2021-10-05 03:22:54,26900.0,100.0,270300.0
408,2021-10-05 03:22:23,26900.0,1000.0,270200.0
409,2021-10-05 03:22:20,26900.0,100.0,269200.0
410,2021-10-05 03:22:20,26900.0,900.0,269100.0
411,2021-10-05 03:21:29,26900.0,100.0,268200.0
412,2021-10-05 03:21:29,26900.0,100.0,268100.0
413,2021-10-05 03:19:42,26950.0,400.0,268000.0
414,2021-10-05 03:19:42,26950.0,2700.0,267600.0
415,2021-10-05 03:19:16,26950.0,800.0,264900.0
416,2021-10-05 03:18:51,26950.0,1500.0,264100.0
417,2021-10-05 03:18:26,26950.0,3500.0,262600.0
418,2021-10-05 03:18:15,26950.0,1400.0,259100.0
419,2021-10-05 03:18:15,26950.0,100.0,257700.0
420,2021-10-05 03:16:39,26950.0,100.0,257600.0
421,2021-10-05 03:16:39,26950.0,400.0,257500.0
422,2021-10-05 03:16:39,26950.0,400.0,257100.0
423,2021-10-05 03:16:06,26950.0,200.0,256700.0
424,2021-10-05 03:16:00,26950.0,500.0,256500.0
425,2021-10-05 03:14:34,26950.0,900.0,256000.0
426,2021-10-05 03:14:07,26950.0,100.0,255100.0
427,2021-10-05 03:14:07,26950.0,100.0,255000.0
428,2021-10-05 03:13:03,26950.0,2500.0,254900.0
429,2021-10-05 03:13:03,26950.0,5000.0,252400.0
430,2021-10-05 03:13:03,26950.0,200.0,247400.0
431,2021-10-05 03:13:03,26950.0,500.0,247200.0
432,2021-10-05 03:13:03,26950.0,2000.0,246700.0
433,2021-10-05 03:13:03,26950.0,100.0,244700.0
434,2021-10-05 03:12:45,27000.0,2700.0,244600.0
435,2021-10-05 03:12:45,27000.0,700.0,241900.0
436,2021-10-05 03:12:45,27000.0,1500.0,241200.0
437,2021-10-05 03:12:45,27000.0,900.0,239700.0
438,2021-10-05 03:12:45,27000.0,1000.0,238800.0
439,2021-10-05 03:12:45,27000.0,900.0,237800.0
440,2021-10-05 03:12:45,27000.0,600.0,236900.0
441,2021-10-05 03:12:45,27000.0,400.0,236300.0
442,2021-10-05 03:12:45,27000.0,200.0,235900.0
443,2021-10-05 03:12:45,27000.0,1100.0,235700.0
444,2021-10-05 03:12:41,27000.0,3900.0,234600.0
445,2021-10-05 03:12:41,27000.0,6100.0,230700.0
446,2021-10-05 03:12:37,27000.0,1400.0,224600.0
447,2021-10-05 03:12:37,27000.0,200.0,223200.0
448,2021-10-05 03:12:37,27000.0,5000.0,223000.0
449,2021-10-05 03:12:37,27000.0,1000.0,218000.0
450,2021-10-05 03:12:37,27000.0,300.0,217000.0
451,2021-10-05 03:12:37,27000.0,2100.0,216700.0
452,2021-10-05 03:11:37,26950.0,100.0,214600.0
453,2021-10-05 03:11:18,26950.0,800.0,214500.0
454,2021-10-05 03:10:51,27000.0,100.0,213700.0
455,2021-10-05 03:10:51,27000.0,100.0,213600.0
456,2021-10-05 03:10:51,27000.0,300.0,213500.0
457,2021-10-05 03:10:14,27000.0,1700.0,213200.0
458,2021-10-05 03:10:14,27000.0,100.0,211500.0
459,2021-10-05 03:10:14,27000.0,100.0,211400.0
460,2021-10-05 03:10:14,27000.0,3000.0,211300.0
461,2021-10-05 03:09:38,26950.0,100.0,208300.0
462,2021-10-05 03:08:36,26950.0,100.0,208200.0
463,2021-10-05 03:08:31,26950.0,100.0,208100.0
464,2021-10-05 03:08:05,26950.0,100.0,208000.0
465,2021-10-05 03:07:48,26950.0,100.0,207900.0
466,2021-10-05 03:07:42,26950.0,200.0,207800.0
467,2021-10-05 03:07:27,26950.0,500.0,207600.0
468,2021-10-05 03:07:19,26950.0,2800.0,207100.0
469,2021-10-05 03:07:19,26950.0,200.0,204300.0
470,2021-10-05 03:05:55,26950.0,200.0,204100.0
471,2021-10-05 03:05:28,26950.0,500.0,203900.0
472,2021-10-05 03:05:25,26950.0,800.0,203400.0
473,2021-10-05 03:04:44,26950.0,1000.0,202600.0
474,2021-10-05 03:04:19,26950.0,500.0,201600.0
475,2021-10-05 03:04:03,27000.0,100.0,201100.0
476,2021-10-05 03:03:41,26950.0,200.0,201000.0
477,2021-10-05 03:03:31,26950.0,100.0,200800.0
478,2021-10-05 03:03:26,26950.0,1500.0,200700.0
479,2021-10-05 03:02:17,26900.0,100.0,199200.0
480,2021-10-05 03:02:13,26900.0,1700.0,199100.0
481,2021-10-05 03:02:13,26900.0,1500.0,197400.0
482,2021-10-05 03:02:11,26950.0,500.0,195900.0
483,2021-10-05 03:02:11,26950.0,500.0,195400.0
484,2021-10-05 03:02:09,26900.0,500.0,194900.0
485,2021-10-05 03:02:09,26900.0,500.0,194400.0
486,2021-10-05 03:02:09,26900.0,300.0,193900.0
487,2021-10-05 03:02:07,26900.0,200.0,193600.0
488,2021-10-05 03:02:07,26900.0,200.0,193400.0
489,2021-10-05 03:02:07,26900.0,4600.0,193200.0
490,2021-10-05 03:02:01,26900.0,1000.0,188600.0
491,2021-10-05 03:01:52,26900.0,100.0,187600.0
492,2021-10-05 03:01:48,26900.0,3000.0,187500.0
493,2021-10-05 03:01:19,26900.0,2000.0,184500.0
494,2021-10-05 03:00:45,26800.0,1000.0,182500.0
495,2021-10-05 03:00:45,26800.0,1300.0,181500.0
496,2021-10-05 03:00:41,26800.0,2000.0,180200.0
497,2021-10-05 03:00:20,26800.0,1000.0,178200.0
498,2021-10-05 02:59:21,26700.0,100.0,177200.0
499,2021-10-05 02:59:21,26750.0,400.0,177100.0
500,2021-10-05 02:57:42,26700.0,200.0,176700.0
501,2021-10-05 02:57:40,26700.0,300.0,176500.0
502,2021-10-05 02:57:21,26700.0,200.0,176200.0
503,2021-10-05 02:56:55,26700.0,300.0,176000.0
504,2021-10-05 02:56:55,26700.0,100.0,175700.0
505,2021-10-05 02:56:55,26700.0,100.0,175600.0
506,2021-10-05 02:55:18,26650.0,100.0,175500.0
507,2021-10-05 02:55:10,26650.0,200.0,175400.0
508,2021-10-05 02:55:10,26650.0,100.0,175200.0
509,2021-10-05 02:55:10,26650.0,700.0,175100.0
510,2021-10-05 02:55:09,26650.0,200.0,174400.0
511,2021-10-05 02:55:02,26650.0,100.0,174200.0
512,2021-10-05 02:55:02,26650.0,200.0,174100.0
513,2021-10-05 02:55:02,26650.0,500.0,173900.0
514,2021-10-05 02:54:39,26700.0,200.0,173400.0
515,2021-10-05 02:53:37,26700.0,100.0,173200.0
516,2021-10-05 02:53:37,26700.0,500.0,173100.0
517,2021-10-05 02:53:37,26700.0,700.0,172600.0
518,2021-10-05 02:53:37,26700.0,1400.0,171900.0
519,2021-10-05 02:52:24,26800.0,4000.0,170500.0
520,2021-10-05 02:51:24,26800.0,500.0,166500.0
521,2021-10-05 02:51:24,26800.0,3500.0,166000.0
522,2021-10-05 02:51:24,26800.0,3500.0,162500.0
523,2021-10-05 02:51:24,26800.0,100.0,159000.0
524,2021-10-05 02:51:24,26800.0,100.0,158900.0
525,2021-10-05 02:51:24,26800.0,100.0,158800.0
526,2021-10-05 02:51:24,26800.0,100.0,158700.0
527,2021-10-05 02:51:24,26800.0,400.0,158600.0
528,2021-10-05 02:51:24,26800.0,100.0,158200.0
529,2021-10-05 02:51:24,26800.0,3300.0,158100.0
530,2021-10-05 02:51:21,26800.0,1700.0,154800.0
531,2021-10-05 02:51:21,26800.0,300.0,153100.0
532,2021-10-05 02:50:09,26800.0,200.0,152800.0
533,2021-10-05 02:50:04,26900.0,100.0,152600.0
534,2021-10-05 02:50:01,26800.0,200.0,152500.0
535,2021-10-05 02:50:01,26800.0,800.0,152300.0
536,2021-10-05 02:49:58,26900.0,500.0,151500.0
537,2021-10-05 02:49:58,26900.0,2000.0,151000.0
538,2021-10-05 02:49:58,26900.0,500.0,149000.0
539,2021-10-05 02:49:58,26900.0,2000.0,148500.0
540,2021-10-05 02:49:34,26900.0,1000.0,146500.0
541,2021-10-05 02:49:34,26900.0,1000.0,145500.0
542,2021-10-05 02:49:34,26900.0,300.0,144500.0
543,2021-10-05 02:49:34,26900.0,400.0,144200.0
544,2021-10-05 02:48:50,26900.0,400.0,143800.0
545,2021-10-05 02:48:32,26950.0,400.0,143400.0
546,2021-10-05 02:48:22,27000.0,4400.0,143000.0
547,2021-10-05 02:48:14,27000.0,500.0,138600.0
548,2021-10-05 02:47:54,27000.0,1000.0,138100.0
549,2021-10-05 02:47:10,27000.0,100.0,137100.0
550,2021-10-05 02:46:20,27000.0,300.0,137000.0
551,2021-10-05 02:45:25,27000.0,600.0,136700.0
552,2021-10-05 02:45:10,27100.0,100.0,136100.0
553,2021-10-05 02:45:10,27100.0,900.0,136000.0
554,2021-10-05 02:45:10,27000.0,1600.0,135100.0
555,2021-10-05 02:45:10,27000.0,1000.0,133500.0
556,2021-10-05 02:45:10,27000.0,600.0,132500.0
557,2021-10-05 02:45:10,27000.0,200.0,131900.0
558,2021-10-05 02:44:57,27000.0,300.0,131700.0
559,2021-10-05 02:44:04,27000.0,400.0,131400.0
560,2021-10-05 02:43:55,27000.0,100.0,131000.0
561,2021-10-05 02:43:55,27000.0,2100.0,130900.0
562,2021-10-05 02:43:50,27000.0,100.0,128800.0
563,2021-10-05 02:43:38,27000.0,500.0,128700.0
564,2021-10-05 02:43:23,27000.0,500.0,128200.0
565,2021-10-05 02:43:23,27000.0,200.0,127700.0
566,2021-10-05 02:43:23,27000.0,400.0,127500.0
567,2021-10-05 02:43:23,27000.0,600.0,127100.0
568,2021-10-05 02:43:23,27000.0,600.0,126500.0
569,2021-10-05 02:43:02,27000.0,500.0,125900.0
570,2021-10-05 02:42:57,27000.0,900.0,125400.0
571,2021-10-05 02:42:57,27000.0,100.0,124500.0
572,2021-10-05 02:42:36,27000.0,900.0,124400.0
573,2021-10-05 02:42:33,27000.0,100.0,123500.0
574,2021-10-05 02:42:33,27000.0,1000.0,123400.0
575,2021-10-05 02:42:31,27000.0,1000.0,122400.0
576,2021-10-05 02:42:22,27000.0,500.0,121400.0
577,2021-10-05 02:42:20,27000.0,100.0,120900.0
578,2021-10-05 02:42:14,27000.0,100.0,120800.0
579,2021-10-05 02:42:10,27000.0,1000.0,120700.0
580,2021-10-05 02:42:10,27000.0,300.0,119700.0
581,2021-10-05 02:42:10,27000.0,1000.0,119400.0
582,2021-10-05 02:42:10,27000.0,200.0,118400.0
583,2021-10-05 02:42:10,27000.0,1700.0,118200.0
584,2021-10-05 02:42:10,27000.0,400.0,116500.0
585,2021-10-05 02:42:10,27000.0,100.0,116100.0
586,2021-10-05 02:42:10,27000.0,3600.0,116000.0
587,2021-10-05 02:42:05,27000.0,300.0,112400.0
588,2021-10-05 02:42:05,27000.0,800.0,112100.0
589,2021-10-05 02:42:05,27000.0,2100.0,111300.0
590,2021-10-05 02:42:05,27000.0,500.0,109200.0
591,2021-10-05 02:42:05,27000.0,200.0,108700.0
592,2021-10-05 02:42:05,27000.0,500.0,108500.0
593,2021-10-05 02:42:05,27000.0,100.0,108000.0
594,2021-10-05 02:42:05,27000.0,200.0,107900.0
595,2021-10-05 02:42:05,27000.0,300.0,107700.0
596,2021-10-05 02:42:05,27000.0,100.0,107400.0
597,2021-10-05 02:42:05,27000.0,500.0,107300.0
598,2021-10-05 02:42:05,27000.0,1000.0,106800.0
599,2021-10-05 02:42:05,27000.0,1800.0,105800.0
600,2021-10-05 02:42:05,27000.0,100.0,104000.0
601,2021-10-05 02:42:05,27000.0,1000.0,103900.0
602,2021-10-05 02:42:05,27000.0,100.0,102900.0
603,2021-10-05 02:42:05,27000.0,400.0,102800.0
604,2021-10-05 02:41:02,26900.0,1900.0,102400.0
605,2021-10-05 02:40:48,26900.0,700.0,100500.0
606,2021-10-05 02:40:48,26900.0,400.0,99800.0
607,2021-10-05 02:40:10,26900.0,1600.0,99400.0
608,2021-10-05 02:40:10,26900.0,300.0,97800.0
609,2021-10-05 02:40:10,26900.0,100.0,97500.0
610,2021-10-05 02:40:10,27000.0,100.0,97400.0
611,2021-10-05 02:40:01,27000.0,100.0,97300.0
612,2021-10-05 02:40:01,27000.0,500.0,97200.0
613,2021-10-05 02:40:01,27000.0,300.0,96700.0
614,2021-10-05 02:40:01,27000.0,100.0,96400.0
615,2021-10-05 02:40:01,27000.0,1000.0,96300.0
616,2021-10-05 02:40:01,27000.0,300.0,95300.0
617,2021-10-05 02:40:01,27000.0,300.0,95000.0
618,2021-10-05 02:40:01,27000.0,400.0,94700.0
619,2021-10-05 02:39:35,26900.0,100.0,94300.0
620,2021-10-05 02:39:33,26900.0,800.0,94200.0
621,2021-10-05 02:39:33,26900.0,1000.0,93400.0
622,2021-10-05 02:39:33,26900.0,1200.0,92400.0
623,2021-10-05 02:39:29,26900.0,100.0,91200.0
624,2021-10-05 02:39:29,26900.0,200.0,91100.0
625,2021-10-05 02:39:21,26900.0,200.0,90900.0
626,2021-10-05 02:39:21,26900.0,100.0,90700.0
627,2021-10-05 02:39:21,26900.0,300.0,90600.0
628,2021-10-05 02:39:12,26900.0,1700.0,90300.0
629,2021-10-05 02:39:12,26900.0,500.0,88600.0
630,2021-10-05 02:38:30,26800.0,3300.0,88100.0
631,2021-10-05 02:37:53,26800.0,400.0,84800.0
632,2021-10-05 02:37:50,26800.0,200.0,84400.0
633,2021-10-05 02:35:56,26800.0,400.0,84200.0
634,2021-10-05 02:35:31,26800.0,100.0,83800.0
635,2021-10-05 02:35:21,26800.0,1000.0,83700.0
636,2021-10-05 02:35:17,26800.0,300.0,82700.0
637,2021-10-05 02:35:17,26800.0,100.0,82400.0
638,2021-10-05 02:35:17,26800.0,300.0,82300.0
639,2021-10-05 02:35:09,26800.0,1900.0,82000.0
640,2021-10-05 02:35:03,26800.0,600.0,80100.0
641,2021-10-05 02:34:47,26800.0,100.0,79500.0
642,2021-10-05 02:34:38,26800.0,1000.0,79400.0
643,2021-10-05 02:33:58,26800.0,3000.0,78400.0
644,2021-10-05 02:33:45,26700.0,700.0,75400.0
645,2021-10-05 02:33:45,26700.0,2000.0,74700.0
646,2021-10-05 02:33:45,26700.0,1100.0,72700.0
647,2021-10-05 02:33:38,26700.0,400.0,71600.0
648,2021-10-05 02:33:38,26700.0,100.0,71200.0
649,2021-10-05 02:33:17,26700.0,900.0,71100.0
650,2021-10-05 02:33:17,26700.0,800.0,70200.0
651,2021-10-05 02:33:17,26700.0,500.0,69400.0
652,2021-10-05 02:33:17,26700.0,4800.0,68900.0
653,2021-10-05 02:32:56,26700.0,1300.0,64100.0
654,2021-10-05 02:31:23,26700.0,100.0,62800.0
655,2021-10-05 02:31:22,26800.0,100.0,62700.0
656,2021-10-05 02:30:42,26650.0,100.0,62600.0
657,2021-10-05 02:30:36,26650.0,4500.0,62500.0
658,2021-10-05 02:30:36,26650.0,3000.0,58000.0
659,2021-10-05 02:30:36,26650.0,1000.0,55000.0
660,2021-10-05 02:30:36,26650.0,1000.0,54000.0
661,2021-10-05 02:30:36,26650.0,500.0,53000.0
662,2021-10-05 02:30:16,26650.0,100.0,52500.0
663,2021-10-05 02:30:16,26650.0,100.0,52400.0
664,2021-10-05 02:30:16,26800.0,800.0,52300.0
665,2021-10-05 02:30:14,26700.0,100.0,51500.0
666,2021-10-05 02:30:06,26800.0,1000.0,51400.0
667,2021-10-05 02:29:58,26700.0,100.0,50400.0
668,2021-10-05 02:29:58,26700.0,200.0,50300.0
669,2021-10-05 02:29:58,26700.0,500.0,50100.0
670,2021-10-05 02:27:26,26800.0,700.0,49600.0
671,2021-10-05 02:26:51,26700.0,1000.0,48900.0
672,2021-10-05 02:26:47,26700.0,1000.0,47900.0
673,2021-10-05 02:26:38,26700.0,500.0,46900.0
674,2021-10-05 02:26:26,26700.0,200.0,46400.0
675,2021-10-05 02:26:17,26700.0,100.0,46200.0
676,2021-10-05 02:26:17,26700.0,2900.0,46100.0
677,2021-10-05 02:25:53,26800.0,500.0,43200.0
678,2021-10-05 02:24:45,26700.0,100.0,42700.0
679,2021-10-05 02:24:45,26700.0,200.0,42600.0
680,2021-10-05 02:24:11,26700.0,800.0,42400.0
681,2021-10-05 02:24:11,26700.0,200.0,41600.0
682,2021-10-05 02:23:47,26700.0,100.0,41400.0
683,2021-10-05 02:23:18,26700.0,1000.0,41300.0
684,2021-10-05 02:23:14,26700.0,400.0,40300.0
685,2021-10-05 02:22:41,26700.0,1200.0,39900.0
686,2021-10-05 02:22:36,26700.0,100.0,38700.0
687,2021-10-05 02:21:19,26900.0,200.0,38600.0
688,2021-10-05 02:21:10,26800.0,100.0,38400.0
689,2021-10-05 02:21:00,26900.0,400.0,38300.0
690,2021-10-05 02:20:34,26900.0,1000.0,37900.0
691,2021-10-05 02:20:34,26900.0,1500.0,36900.0
692,2021-10-05 02:20:29,26900.0,500.0,35400.0
693,2021-10-05 02:20:29,26900.0,500.0,34900.0
694,2021-10-05 02:20:28,26900.0,2000.0,34400.0
695,2021-10-05 02:19:51,26900.0,500.0,32400.0
696,2021-10-05 02:19:51,26900.0,700.0,31900.0
697,2021-10-05 02:17:32,27000.0,100.0,31200.0
698,2021-10-05 02:17:21,27000.0,400.0,31100.0
699,2021-10-05 02:17:18,27050.0,500.0,30700.0
700,2021-10-05 02:17:12,27000.0,100.0,30200.0
701,2021-10-05 02:17:04,27000.0,5000.0,30100.0
702,2021-10-05 02:16:46,27000.0,500.0,25100.0
703,2021-10-05 02:15:42,27100.0,100.0,24600.0
704,2021-10-05 02:15:40,26900.0,900.0,24500.0
705,2021-10-05 02:15:00,27100.0,500.0,23600.0
706,2021-10-05 02:15:00,27100.0,2600.0,23100.0
707,2021-10-05 02:15:00,27100.0,200.0,20500.0
708,2021-10-05 02:15:00,27100.0,1000.0,20300.0
709,2021-10-05 02:15:00,27100.0,2000.0,19300.0
710,2021-10-05 02:15:00,27100.0,100.0,17300.0
711,2021-10-05 02:15:00,27100.0,100.0,17200.0
712,2021-10-05 02:15:00,27100.0,4000.0,17100.0
713,2021-10-05 02:15:00,27100.0,100.0,13100.0
714,2021-10-05 02:15:00,27100.0,3000.0,13000.0
715,2021-10-05 02:15:00,27100.0,200.0,10000.0
716,2021-10-05 02:15:00,27100.0,500.0,9800.0
717,2021-10-05 02:15:00,27100.0,200.0,9300.0
718,2021-10-05 02:15:00,27100.0,100.0,9100.0
719,2021-10-05 02:15:00,27100.0,800.0,9000.0
720,2021-10-05 02:15:00,27100.0,1000.0,8200.0
721,2021-10-05 02:15:00,27100.0,1000.0,7200.0
722,2021-10-05 02:15:00,27100.0,200.0,6200.0
723,2021-10-05 02:15:00,27100.0,1000.0,6000.0
724,2021-10-05 02:15:00,27100.0,5000.0,5000.0
