,Time,Price,Volume_per_trade,Volume
0,2021-10-07 07:45:01,29300.0,100.0,1331700.0
1,2021-10-07 07:45:01,29300.0,1000.0,1331600.0
2,2021-10-07 07:45:01,29300.0,100.0,1330600.0
3,2021-10-07 07:45:01,29300.0,600.0,1330500.0
4,2021-10-07 07:45:01,29300.0,100.0,1329900.0
5,2021-10-07 07:45:01,29300.0,1000.0,1329800.0
6,2021-10-07 07:45:01,29300.0,1000.0,1328800.0
7,2021-10-07 07:45:01,29300.0,1000.0,1327800.0
8,2021-10-07 07:45:01,29300.0,100.0,1326800.0
9,2021-10-07 07:45:01,29300.0,2000.0,1326700.0
10,2021-10-07 07:45:01,29300.0,1300.0,1324700.0
11,2021-10-07 07:45:01,29300.0,200.0,1323400.0
12,2021-10-07 07:45:01,29300.0,2600.0,1323200.0
13,2021-10-07 07:45:01,29300.0,900.0,1320600.0
14,2021-10-07 07:45:01,29300.0,1600.0,1319700.0
15,2021-10-07 07:45:01,29300.0,400.0,1318100.0
16,2021-10-07 07:45:01,29300.0,1000.0,1317700.0
17,2021-10-07 07:45:01,29300.0,600.0,1316700.0
18,2021-10-07 07:45:01,29300.0,1000.0,1316100.0
19,2021-10-07 07:45:01,29300.0,2000.0,1315100.0
20,2021-10-07 07:45:01,29300.0,400.0,1313100.0
21,2021-10-07 07:45:01,29300.0,100.0,1312700.0
22,2021-10-07 07:45:01,29300.0,300.0,1312600.0
23,2021-10-07 07:45:01,29300.0,200.0,1312300.0
24,2021-10-07 07:45:01,29300.0,1000.0,1312100.0
25,2021-10-07 07:45:01,29300.0,1000.0,1311100.0
26,2021-10-07 07:45:01,29300.0,200.0,1310100.0
27,2021-10-07 07:45:01,29300.0,300.0,1309900.0
28,2021-10-07 07:45:01,29300.0,100.0,1309600.0
29,2021-10-07 07:45:01,29300.0,500.0,1309500.0
30,2021-10-07 07:45:01,29300.0,100.0,1309000.0
31,2021-10-07 07:29:59,29350.0,500.0,1308900.0
32,2021-10-07 07:29:59,29350.0,200.0,1308400.0
33,2021-10-07 07:29:59,29350.0,300.0,1308200.0
34,2021-10-07 07:29:58,29350.0,100.0,1307900.0
35,2021-10-07 07:29:42,29350.0,100.0,1307800.0
36,2021-10-07 07:29:42,29350.0,900.0,1307700.0
37,2021-10-07 07:29:37,29400.0,100.0,1306800.0
38,2021-10-07 07:29:15,29350.0,100.0,1306700.0
39,2021-10-07 07:29:15,29350.0,200.0,1306600.0
40,2021-10-07 07:29:15,29350.0,100.0,1306400.0
41,2021-10-07 07:29:15,29350.0,100.0,1306300.0
42,2021-10-07 07:28:32,29450.0,1900.0,1306200.0
43,2021-10-07 07:28:32,29400.0,500.0,1304300.0
44,2021-10-07 07:28:32,29400.0,200.0,1303800.0
45,2021-10-07 07:28:13,29400.0,100.0,1303600.0
46,2021-10-07 07:27:47,29450.0,800.0,1303500.0
47,2021-10-07 07:27:36,29450.0,600.0,1302700.0
48,2021-10-07 07:27:36,29450.0,100.0,1302100.0
49,2021-10-07 07:27:22,29450.0,100.0,1302000.0
50,2021-10-07 07:26:50,29450.0,800.0,1301900.0
51,2021-10-07 07:26:50,29450.0,2500.0,1301100.0
52,2021-10-07 07:26:50,29450.0,900.0,1298600.0
53,2021-10-07 07:26:29,29450.0,100.0,1297700.0
54,2021-10-07 07:26:29,29450.0,400.0,1297600.0
55,2021-10-07 07:26:19,29350.0,1900.0,1297200.0
56,2021-10-07 07:26:19,29350.0,400.0,1295300.0
57,2021-10-07 07:26:19,29400.0,300.0,1294900.0
58,2021-10-07 07:26:19,29400.0,1000.0,1294600.0
59,2021-10-07 07:26:19,29400.0,100.0,1293600.0
60,2021-10-07 07:26:19,29400.0,2000.0,1293500.0
61,2021-10-07 07:26:19,29400.0,4000.0,1291500.0
62,2021-10-07 07:26:19,29400.0,300.0,1287500.0
63,2021-10-07 07:25:53,29450.0,100.0,1287200.0
64,2021-10-07 07:25:53,29450.0,2000.0,1287100.0
65,2021-10-07 07:25:53,29450.0,200.0,1285100.0
66,2021-10-07 07:25:53,29450.0,300.0,1284900.0
67,2021-10-07 07:25:51,29500.0,200.0,1284600.0
68,2021-10-07 07:25:51,29500.0,100.0,1284400.0
69,2021-10-07 07:25:51,29500.0,100.0,1284300.0
70,2021-10-07 07:25:51,29500.0,1600.0,1284200.0
71,2021-10-07 07:25:42,29500.0,300.0,1282600.0
72,2021-10-07 07:25:34,29450.0,100.0,1282300.0
73,2021-10-07 07:24:39,29450.0,100.0,1282200.0
74,2021-10-07 07:24:39,29450.0,200.0,1282100.0
75,2021-10-07 07:24:39,29500.0,200.0,1281900.0
76,2021-10-07 07:24:36,29500.0,100.0,1281700.0
77,2021-10-07 07:24:34,29500.0,2000.0,1281600.0
78,2021-10-07 07:24:33,29500.0,900.0,1279600.0
79,2021-10-07 07:24:33,29500.0,2000.0,1278700.0
80,2021-10-07 07:24:33,29500.0,300.0,1276700.0
81,2021-10-07 07:24:33,29500.0,300.0,1276400.0
82,2021-10-07 07:24:33,29500.0,500.0,1276100.0
83,2021-10-07 07:24:11,29500.0,1500.0,1275600.0
84,2021-10-07 07:24:11,29500.0,500.0,1274100.0
85,2021-10-07 07:24:11,29500.0,500.0,1273600.0
86,2021-10-07 07:24:11,29500.0,500.0,1273100.0
87,2021-10-07 07:24:11,29500.0,500.0,1272600.0
88,2021-10-07 07:24:11,29500.0,500.0,1272100.0
89,2021-10-07 07:24:11,29500.0,500.0,1271600.0
90,2021-10-07 07:24:11,29500.0,500.0,1271100.0
91,2021-10-07 07:24:09,29500.0,1700.0,1270600.0
92,2021-10-07 07:24:09,29500.0,300.0,1268900.0
93,2021-10-07 07:23:57,29500.0,500.0,1268600.0
94,2021-10-07 07:21:53,29550.0,2000.0,1268100.0
95,2021-10-07 07:21:53,29550.0,500.0,1266100.0
96,2021-10-07 07:21:45,29550.0,800.0,1265600.0
97,2021-10-07 07:21:45,29550.0,100.0,1264800.0
98,2021-10-07 07:21:45,29550.0,100.0,1264700.0
99,2021-10-07 07:21:20,29550.0,700.0,1264600.0
100,2021-10-07 07:21:20,29550.0,300.0,1263900.0
101,2021-10-07 07:20:38,29550.0,500.0,1263600.0
102,2021-10-07 07:19:19,29550.0,1500.0,1263100.0
103,2021-10-07 07:18:42,29550.0,700.0,1261600.0
104,2021-10-07 07:18:42,29550.0,100.0,1260900.0
105,2021-10-07 07:18:42,29550.0,200.0,1260800.0
106,2021-10-07 07:17:57,29650.0,500.0,1260600.0
107,2021-10-07 07:16:18,29500.0,300.0,1260100.0
108,2021-10-07 07:16:18,29600.0,700.0,1259800.0
109,2021-10-07 07:16:17,29600.0,3000.0,1259100.0
110,2021-10-07 07:16:17,29600.0,500.0,1256100.0
111,2021-10-07 07:16:17,29600.0,100.0,1255600.0
112,2021-10-07 07:16:17,29600.0,500.0,1255500.0
113,2021-10-07 07:16:17,29600.0,2000.0,1255000.0
114,2021-10-07 07:16:17,29600.0,500.0,1253000.0
115,2021-10-07 07:16:17,29600.0,2700.0,1252500.0
116,2021-10-07 07:16:16,29500.0,100.0,1249800.0
117,2021-10-07 07:15:03,29500.0,1000.0,1249700.0
118,2021-10-07 07:15:03,29600.0,100.0,1248700.0
119,2021-10-07 07:14:54,29600.0,200.0,1248600.0
120,2021-10-07 07:14:28,29500.0,300.0,1248400.0
121,2021-10-07 07:13:42,29500.0,100.0,1248100.0
122,2021-10-07 07:13:42,29500.0,500.0,1248000.0
123,2021-10-07 07:13:42,29500.0,400.0,1247500.0
124,2021-10-07 07:13:23,29500.0,100.0,1247100.0
125,2021-10-07 07:13:23,29500.0,100.0,1247000.0
126,2021-10-07 07:11:03,29500.0,200.0,1246900.0
127,2021-10-07 07:11:03,29500.0,200.0,1246700.0
128,2021-10-07 07:11:03,29500.0,400.0,1246500.0
129,2021-10-07 07:11:03,29500.0,500.0,1246100.0
130,2021-10-07 07:11:03,29500.0,200.0,1245600.0
131,2021-10-07 07:11:03,29500.0,400.0,1245400.0
132,2021-10-07 07:11:03,29500.0,200.0,1245000.0
133,2021-10-07 07:10:35,29400.0,100.0,1244800.0
134,2021-10-07 07:09:13,29400.0,1600.0,1244700.0
135,2021-10-07 07:09:13,29400.0,300.0,1243100.0
136,2021-10-07 07:09:13,29400.0,100.0,1242800.0
137,2021-10-07 07:08:55,29400.0,100.0,1242700.0
138,2021-10-07 07:08:54,29500.0,100.0,1242600.0
139,2021-10-07 07:07:47,29400.0,1000.0,1242500.0
140,2021-10-07 07:06:18,29350.0,100.0,1241500.0
141,2021-10-07 07:05:49,29350.0,100.0,1241400.0
142,2021-10-07 07:05:16,29350.0,4000.0,1241300.0
143,2021-10-07 07:05:09,29350.0,100.0,1237300.0
144,2021-10-07 07:05:08,29350.0,200.0,1237200.0
145,2021-10-07 07:05:08,29350.0,100.0,1237000.0
146,2021-10-07 07:05:08,29350.0,200.0,1236900.0
147,2021-10-07 07:05:08,29350.0,500.0,1236700.0
148,2021-10-07 07:05:08,29350.0,9700.0,1236200.0
149,2021-10-07 07:03:45,29350.0,100.0,1226500.0
150,2021-10-07 07:03:45,29350.0,100.0,1226400.0
151,2021-10-07 07:03:02,29500.0,300.0,1226300.0
152,2021-10-07 07:02:42,29500.0,400.0,1226000.0
153,2021-10-07 07:02:42,29500.0,300.0,1225600.0
154,2021-10-07 07:02:42,29500.0,300.0,1225300.0
155,2021-10-07 07:02:42,29500.0,600.0,1225000.0
156,2021-10-07 07:02:42,29500.0,200.0,1224400.0
157,2021-10-07 07:02:42,29500.0,1000.0,1224200.0
158,2021-10-07 07:02:42,29450.0,100.0,1223200.0
159,2021-10-07 07:02:42,29400.0,100.0,1223100.0
160,2021-10-07 07:02:27,29350.0,500.0,1223000.0
161,2021-10-07 07:02:23,29350.0,500.0,1222500.0
162,2021-10-07 07:02:12,29350.0,500.0,1222000.0
163,2021-10-07 07:02:08,29300.0,200.0,1221500.0
164,2021-10-07 07:02:07,29350.0,300.0,1221300.0
165,2021-10-07 07:01:54,29350.0,200.0,1221000.0
166,2021-10-07 07:01:54,29350.0,300.0,1220800.0
167,2021-10-07 07:01:49,29300.0,100.0,1220500.0
168,2021-10-07 07:01:49,29300.0,200.0,1220400.0
169,2021-10-07 07:01:38,29300.0,1800.0,1220200.0
170,2021-10-07 07:01:38,29300.0,500.0,1218400.0
171,2021-10-07 07:01:01,29300.0,1000.0,1217900.0
172,2021-10-07 07:01:01,29300.0,1000.0,1216900.0
173,2021-10-07 07:01:01,29300.0,1000.0,1215900.0
174,2021-10-07 07:00:54,29300.0,300.0,1214900.0
175,2021-10-07 07:00:54,29300.0,200.0,1214600.0
176,2021-10-07 07:00:38,29300.0,300.0,1214400.0
177,2021-10-07 07:00:38,29300.0,800.0,1214100.0
178,2021-10-07 07:00:38,29300.0,100.0,1213300.0
179,2021-10-07 06:59:51,29300.0,200.0,1213200.0
180,2021-10-07 06:59:51,29300.0,100.0,1213000.0
181,2021-10-07 06:59:51,29300.0,500.0,1212900.0
182,2021-10-07 06:59:51,29300.0,100.0,1212400.0
183,2021-10-07 06:59:46,29300.0,100.0,1212300.0
184,2021-10-07 06:59:45,29300.0,1000.0,1212200.0
185,2021-10-07 06:59:29,29300.0,1000.0,1211200.0
186,2021-10-07 06:59:28,29300.0,1500.0,1210200.0
187,2021-10-07 06:58:56,29300.0,200.0,1208700.0
188,2021-10-07 06:58:47,29300.0,1000.0,1208500.0
189,2021-10-07 06:58:35,29300.0,1000.0,1207500.0
190,2021-10-07 06:58:33,29250.0,100.0,1206500.0
191,2021-10-07 06:58:33,29250.0,100.0,1206400.0
192,2021-10-07 06:58:33,29250.0,200.0,1206300.0
193,2021-10-07 06:58:33,29250.0,200.0,1206100.0
194,2021-10-07 06:58:28,29300.0,7100.0,1205900.0
195,2021-10-07 06:58:28,29300.0,200.0,1198800.0
196,2021-10-07 06:58:22,29300.0,2000.0,1198600.0
197,2021-10-07 06:58:09,29250.0,100.0,1196600.0
198,2021-10-07 06:58:09,29250.0,300.0,1196500.0
199,2021-10-07 06:58:09,29250.0,500.0,1196200.0
200,2021-10-07 06:58:09,29250.0,200.0,1195700.0
201,2021-10-07 06:58:09,29250.0,300.0,1195500.0
202,2021-10-07 06:58:09,29250.0,300.0,1195200.0
203,2021-10-07 06:58:09,29250.0,300.0,1194900.0
204,2021-10-07 06:58:01,29300.0,100.0,1194600.0
205,2021-10-07 06:58:01,29300.0,5000.0,1194500.0
206,2021-10-07 06:57:56,29300.0,10000.0,1189500.0
207,2021-10-07 06:57:44,29300.0,500.0,1179500.0
208,2021-10-07 06:57:42,29300.0,1000.0,1179000.0
209,2021-10-07 06:57:42,29300.0,200.0,1178000.0
210,2021-10-07 06:57:35,29300.0,500.0,1177800.0
211,2021-10-07 06:57:07,29250.0,2000.0,1177300.0
212,2021-10-07 06:56:50,29250.0,600.0,1175300.0
213,2021-10-07 06:56:47,29250.0,1100.0,1174700.0
214,2021-10-07 06:56:47,29250.0,200.0,1173600.0
215,2021-10-07 06:56:47,29250.0,700.0,1173400.0
216,2021-10-07 06:56:35,29250.0,300.0,1172700.0
217,2021-10-07 06:56:35,29250.0,200.0,1172400.0
218,2021-10-07 06:55:55,29250.0,100.0,1172200.0
219,2021-10-07 06:55:55,29250.0,400.0,1172100.0
220,2021-10-07 06:55:17,29250.0,3000.0,1171700.0
221,2021-10-07 06:55:17,29250.0,1600.0,1168700.0
222,2021-10-07 06:54:55,29250.0,1000.0,1167100.0
223,2021-10-07 06:54:54,29250.0,200.0,1166100.0
224,2021-10-07 06:54:47,29250.0,100.0,1165900.0
225,2021-10-07 06:54:47,29250.0,400.0,1165800.0
226,2021-10-07 06:54:47,29250.0,3000.0,1165400.0
227,2021-10-07 06:54:20,29300.0,100.0,1162400.0
228,2021-10-07 06:54:14,29300.0,300.0,1162300.0
229,2021-10-07 06:54:06,29300.0,2000.0,1162000.0
230,2021-10-07 06:54:06,29300.0,100.0,1160000.0
231,2021-10-07 06:53:56,29250.0,500.0,1159900.0
232,2021-10-07 06:53:44,29250.0,400.0,1159400.0
233,2021-10-07 06:53:41,29250.0,1000.0,1159000.0
234,2021-10-07 06:53:37,29250.0,100.0,1158000.0
235,2021-10-07 06:53:29,29250.0,5000.0,1157900.0
236,2021-10-07 06:53:25,29200.0,300.0,1152900.0
237,2021-10-07 06:53:17,29200.0,2000.0,1152600.0
238,2021-10-07 06:52:58,29200.0,700.0,1150600.0
239,2021-10-07 06:52:58,29200.0,1000.0,1149900.0
240,2021-10-07 06:52:58,29200.0,1000.0,1148900.0
241,2021-10-07 06:52:58,29200.0,300.0,1147900.0
242,2021-10-07 06:52:52,29250.0,5000.0,1147600.0
243,2021-10-07 06:52:50,29200.0,100.0,1142600.0
244,2021-10-07 06:52:18,29200.0,500.0,1142500.0
245,2021-10-07 06:51:59,29200.0,100.0,1142000.0
246,2021-10-07 06:51:59,29200.0,100.0,1141900.0
247,2021-10-07 06:51:59,29200.0,800.0,1141800.0
248,2021-10-07 06:51:55,29200.0,200.0,1141000.0
249,2021-10-07 06:51:55,29200.0,200.0,1140800.0
250,2021-10-07 06:51:55,29200.0,200.0,1140600.0
251,2021-10-07 06:51:50,29200.0,500.0,1140400.0
252,2021-10-07 06:51:50,29200.0,700.0,1139900.0
253,2021-10-07 06:51:31,29200.0,200.0,1139200.0
254,2021-10-07 06:51:25,29200.0,100.0,1139000.0
255,2021-10-07 06:51:25,29200.0,800.0,1138900.0
256,2021-10-07 06:51:25,29250.0,1000.0,1138100.0
257,2021-10-07 06:50:46,29200.0,200.0,1137100.0
258,2021-10-07 06:50:43,29200.0,100.0,1136900.0
259,2021-10-07 06:50:43,29200.0,100.0,1136800.0
260,2021-10-07 06:50:43,29200.0,500.0,1136700.0
261,2021-10-07 06:50:43,29200.0,500.0,1136200.0
262,2021-10-07 06:50:43,29200.0,2700.0,1135700.0
263,2021-10-07 06:50:39,29200.0,500.0,1133000.0
264,2021-10-07 06:50:37,29200.0,100.0,1132500.0
265,2021-10-07 06:50:35,29200.0,1000.0,1132400.0
266,2021-10-07 06:50:27,29200.0,200.0,1131400.0
267,2021-10-07 06:50:15,29200.0,100.0,1131200.0
268,2021-10-07 06:50:12,29100.0,100.0,1131100.0
269,2021-10-07 06:50:12,29150.0,200.0,1131000.0
270,2021-10-07 06:50:06,29200.0,400.0,1130800.0
271,2021-10-07 06:50:06,29200.0,100.0,1130400.0
272,2021-10-07 06:50:05,29100.0,5000.0,1130300.0
273,2021-10-07 06:49:57,29200.0,900.0,1125300.0
274,2021-10-07 06:49:57,29200.0,500.0,1124400.0
275,2021-10-07 06:49:57,29150.0,600.0,1123900.0
276,2021-10-07 06:49:49,29100.0,800.0,1123300.0
277,2021-10-07 06:49:46,29150.0,100.0,1122500.0
278,2021-10-07 06:49:24,29150.0,100.0,1122400.0
279,2021-10-07 06:49:18,29100.0,600.0,1122300.0
280,2021-10-07 06:49:06,29100.0,600.0,1121700.0
281,2021-10-07 06:49:06,29100.0,100.0,1121100.0
282,2021-10-07 06:49:06,29150.0,100.0,1121000.0
283,2021-10-07 06:49:02,29150.0,2000.0,1120900.0
284,2021-10-07 06:49:02,29150.0,300.0,1118900.0
285,2021-10-07 06:49:02,29150.0,2000.0,1118600.0
286,2021-10-07 06:49:02,29150.0,200.0,1116600.0
287,2021-10-07 06:48:56,29200.0,100.0,1116400.0
288,2021-10-07 06:48:52,29200.0,100.0,1116300.0
289,2021-10-07 06:48:50,29200.0,300.0,1116200.0
290,2021-10-07 06:48:49,29200.0,100.0,1115900.0
291,2021-10-07 06:48:37,29200.0,300.0,1115800.0
292,2021-10-07 06:48:34,29200.0,100.0,1115500.0
293,2021-10-07 06:48:21,29200.0,100.0,1115400.0
294,2021-10-07 06:48:11,29200.0,500.0,1115300.0
295,2021-10-07 06:48:10,29200.0,2000.0,1114800.0
296,2021-10-07 06:48:08,29150.0,1200.0,1112800.0
297,2021-10-07 06:48:08,29150.0,400.0,1111600.0
298,2021-10-07 06:48:08,29150.0,1000.0,1111200.0
299,2021-10-07 06:48:08,29150.0,100.0,1110200.0
300,2021-10-07 06:48:02,29200.0,2700.0,1110100.0
301,2021-10-07 06:47:59,29200.0,600.0,1107400.0
302,2021-10-07 06:47:48,29200.0,300.0,1106800.0
303,2021-10-07 06:47:42,29200.0,200.0,1106500.0
304,2021-10-07 06:47:39,29200.0,3900.0,1106300.0
305,2021-10-07 06:47:37,29200.0,100.0,1102400.0
306,2021-10-07 06:47:37,29200.0,900.0,1102300.0
307,2021-10-07 06:47:34,29200.0,100.0,1101400.0
308,2021-10-07 06:47:34,29200.0,100.0,1101300.0
309,2021-10-07 06:47:34,29200.0,100.0,1101200.0
310,2021-10-07 06:47:34,29200.0,200.0,1101100.0
311,2021-10-07 06:47:34,29250.0,100.0,1100900.0
312,2021-10-07 06:47:33,29250.0,200.0,1100800.0
313,2021-10-07 06:47:28,29250.0,500.0,1100600.0
314,2021-10-07 06:47:24,29250.0,500.0,1100100.0
315,2021-10-07 06:47:07,29300.0,400.0,1099600.0
316,2021-10-07 06:46:59,29300.0,700.0,1099200.0
317,2021-10-07 06:46:56,29300.0,2700.0,1098500.0
318,2021-10-07 06:46:56,29300.0,2000.0,1095800.0
319,2021-10-07 06:46:56,29300.0,400.0,1093800.0
320,2021-10-07 06:46:56,29350.0,300.0,1093400.0
321,2021-10-07 06:46:45,29300.0,600.0,1093100.0
322,2021-10-07 06:46:45,29350.0,500.0,1092500.0
323,2021-10-07 06:46:45,29350.0,300.0,1092000.0
324,2021-10-07 06:46:45,29350.0,500.0,1091700.0
325,2021-10-07 06:46:45,29350.0,500.0,1091200.0
326,2021-10-07 06:46:40,29350.0,500.0,1090700.0
327,2021-10-07 06:46:24,29400.0,1000.0,1090200.0
328,2021-10-07 06:46:24,29400.0,100.0,1089200.0
329,2021-10-07 06:46:24,29400.0,300.0,1089100.0
330,2021-10-07 06:46:24,29400.0,1000.0,1088800.0
331,2021-10-07 06:46:24,29400.0,100.0,1087800.0
332,2021-10-07 06:46:24,29400.0,1000.0,1087700.0
333,2021-10-07 06:46:24,29400.0,200.0,1086700.0
334,2021-10-07 06:46:21,29400.0,500.0,1086500.0
335,2021-10-07 06:46:08,29450.0,100.0,1086000.0
336,2021-10-07 06:45:39,29450.0,300.0,1085900.0
337,2021-10-07 06:45:39,29450.0,100.0,1085600.0
338,2021-10-07 06:45:39,29450.0,500.0,1085500.0
339,2021-10-07 06:45:39,29450.0,100.0,1085000.0
340,2021-10-07 06:45:35,29450.0,100.0,1084900.0
341,2021-10-07 06:45:35,29500.0,300.0,1084800.0
342,2021-10-07 06:45:22,29500.0,100.0,1084500.0
343,2021-10-07 06:45:08,29500.0,100.0,1084400.0
344,2021-10-07 06:45:08,29500.0,100.0,1084300.0
345,2021-10-07 06:45:08,29500.0,200.0,1084200.0
346,2021-10-07 06:45:08,29500.0,100.0,1084000.0
347,2021-10-07 06:45:08,29500.0,100.0,1083900.0
348,2021-10-07 06:45:08,29500.0,100.0,1083800.0
349,2021-10-07 06:45:08,29500.0,100.0,1083700.0
350,2021-10-07 06:45:08,29500.0,400.0,1083600.0
351,2021-10-07 06:44:57,29500.0,100.0,1083200.0
352,2021-10-07 06:44:49,29500.0,500.0,1083100.0
353,2021-10-07 06:44:49,29500.0,100.0,1082600.0
354,2021-10-07 06:44:49,29500.0,1500.0,1082500.0
355,2021-10-07 06:44:49,29500.0,100.0,1081000.0
356,2021-10-07 06:44:49,29500.0,100.0,1080900.0
357,2021-10-07 06:44:49,29500.0,700.0,1080800.0
358,2021-10-07 06:44:45,29500.0,1300.0,1080100.0
359,2021-10-07 06:44:45,29500.0,2000.0,1078800.0
360,2021-10-07 06:44:45,29500.0,100.0,1076800.0
361,2021-10-07 06:44:45,29500.0,200.0,1076700.0
362,2021-10-07 06:44:45,29500.0,200.0,1076500.0
363,2021-10-07 06:44:45,29500.0,100.0,1076300.0
364,2021-10-07 06:44:45,29500.0,100.0,1076200.0
365,2021-10-07 06:44:45,29500.0,100.0,1076100.0
366,2021-10-07 06:44:45,29500.0,300.0,1076000.0
367,2021-10-07 06:44:45,29500.0,100.0,1075700.0
368,2021-10-07 06:44:45,29500.0,200.0,1075600.0
369,2021-10-07 06:44:45,29500.0,900.0,1075400.0
370,2021-10-07 06:44:42,29600.0,200.0,1074500.0
371,2021-10-07 06:44:41,29600.0,700.0,1074300.0
372,2021-10-07 06:44:25,29600.0,200.0,1073600.0
373,2021-10-07 06:44:25,29600.0,400.0,1073400.0
374,2021-10-07 06:44:25,29600.0,100.0,1073000.0
375,2021-10-07 06:44:25,29600.0,400.0,1072900.0
376,2021-10-07 06:44:25,29600.0,1100.0,1072500.0
377,2021-10-07 06:44:25,29600.0,1400.0,1071400.0
378,2021-10-07 06:44:25,29600.0,5000.0,1070000.0
379,2021-10-07 06:44:25,29600.0,1500.0,1065000.0
380,2021-10-07 06:44:25,29600.0,500.0,1063500.0
381,2021-10-07 06:44:25,29600.0,100.0,1063000.0
382,2021-10-07 06:44:25,29600.0,300.0,1062900.0
383,2021-10-07 06:44:04,29650.0,100.0,1062600.0
384,2021-10-07 06:44:04,29650.0,400.0,1062500.0
385,2021-10-07 06:43:52,29650.0,600.0,1062100.0
386,2021-10-07 06:43:52,29650.0,200.0,1061500.0
387,2021-10-07 06:43:52,29650.0,100.0,1061300.0
388,2021-10-07 06:43:52,29650.0,100.0,1061200.0
389,2021-10-07 06:43:47,29600.0,100.0,1061100.0
390,2021-10-07 06:43:44,29600.0,300.0,1061000.0
391,2021-10-07 06:43:31,29600.0,1000.0,1060700.0
392,2021-10-07 06:43:29,29600.0,300.0,1059700.0
393,2021-10-07 06:43:29,29600.0,500.0,1059400.0
394,2021-10-07 06:43:29,29600.0,100.0,1058900.0
395,2021-10-07 06:43:29,29600.0,100.0,1058800.0
396,2021-10-07 06:43:15,29650.0,300.0,1058700.0
397,2021-10-07 06:42:46,29650.0,300.0,1058400.0
398,2021-10-07 06:42:46,29650.0,200.0,1058100.0
399,2021-10-07 06:42:46,29650.0,3000.0,1057900.0
400,2021-10-07 06:42:46,29650.0,200.0,1054900.0
401,2021-10-07 06:42:46,29650.0,900.0,1054700.0
402,2021-10-07 06:42:45,29650.0,100.0,1053800.0
403,2021-10-07 06:42:34,29650.0,100.0,1053700.0
404,2021-10-07 06:42:34,29650.0,300.0,1053600.0
405,2021-10-07 06:42:34,29650.0,200.0,1053300.0
406,2021-10-07 06:42:34,29650.0,300.0,1053100.0
407,2021-10-07 06:42:34,29650.0,2100.0,1052800.0
408,2021-10-07 06:42:34,29650.0,1000.0,1050700.0
409,2021-10-07 06:42:34,29650.0,1000.0,1049700.0
410,2021-10-07 06:42:28,29650.0,100.0,1048700.0
411,2021-10-07 06:42:28,29650.0,500.0,1048600.0
412,2021-10-07 06:42:28,29650.0,100.0,1048100.0
413,2021-10-07 06:42:28,29650.0,300.0,1048000.0
414,2021-10-07 06:42:18,29650.0,600.0,1047700.0
415,2021-10-07 06:41:47,29650.0,1000.0,1047100.0
416,2021-10-07 06:41:41,29700.0,100.0,1046100.0
417,2021-10-07 06:41:37,29650.0,100.0,1046000.0
418,2021-10-07 06:41:37,29650.0,100.0,1045900.0
419,2021-10-07 06:41:35,29700.0,100.0,1045800.0
420,2021-10-07 06:41:01,29700.0,200.0,1045700.0
421,2021-10-07 06:40:59,29700.0,100.0,1045500.0
422,2021-10-07 06:40:56,29700.0,100.0,1045400.0
423,2021-10-07 06:40:54,29700.0,200.0,1045300.0
424,2021-10-07 06:40:53,29700.0,200.0,1045100.0
425,2021-10-07 06:40:50,29700.0,500.0,1044900.0
426,2021-10-07 06:40:49,29700.0,200.0,1044400.0
427,2021-10-07 06:40:49,29700.0,200.0,1044200.0
428,2021-10-07 06:40:49,29700.0,200.0,1044000.0
429,2021-10-07 06:40:49,29700.0,100.0,1043800.0
430,2021-10-07 06:40:49,29700.0,200.0,1043700.0
431,2021-10-07 06:40:49,29700.0,500.0,1043500.0
432,2021-10-07 06:40:49,29700.0,200.0,1043000.0
433,2021-10-07 06:40:49,29700.0,100.0,1042800.0
434,2021-10-07 06:40:49,29700.0,300.0,1042700.0
435,2021-10-07 06:40:48,29700.0,2000.0,1042400.0
436,2021-10-07 06:40:48,29700.0,100.0,1040400.0
437,2021-10-07 06:40:48,29700.0,1000.0,1040300.0
438,2021-10-07 06:40:48,29700.0,5600.0,1039300.0
439,2021-10-07 06:40:48,29700.0,400.0,1033700.0
440,2021-10-07 06:40:48,29700.0,100.0,1033300.0
441,2021-10-07 06:40:48,29700.0,100.0,1033200.0
442,2021-10-07 06:40:48,29700.0,100.0,1033100.0
443,2021-10-07 06:40:48,29700.0,200.0,1033000.0
444,2021-10-07 06:40:48,29700.0,100.0,1032800.0
445,2021-10-07 06:40:48,29700.0,1000.0,1032700.0
446,2021-10-07 06:40:48,29700.0,4300.0,1031700.0
447,2021-10-07 06:40:43,29700.0,300.0,1027400.0
448,2021-10-07 06:40:35,29700.0,5400.0,1027100.0
449,2021-10-07 06:40:04,29700.0,5000.0,1021700.0
450,2021-10-07 06:40:04,29750.0,30800.0,1016700.0
451,2021-10-07 06:39:35,29750.0,100.0,985900.0
452,2021-10-07 06:39:24,29700.0,100.0,985800.0
453,2021-10-07 06:38:20,29700.0,4600.0,985700.0
454,2021-10-07 06:38:20,29700.0,300.0,981100.0
455,2021-10-07 06:38:20,29700.0,100.0,980800.0
456,2021-10-07 06:37:41,29750.0,500.0,980700.0
457,2021-10-07 06:37:41,29750.0,200.0,980200.0
458,2021-10-07 06:37:41,29750.0,500.0,980000.0
459,2021-10-07 06:37:41,29750.0,200.0,979500.0
460,2021-10-07 06:37:41,29750.0,100.0,979300.0
461,2021-10-07 06:37:41,29750.0,100.0,979200.0
462,2021-10-07 06:37:41,29750.0,1000.0,979100.0
463,2021-10-07 06:37:41,29750.0,1000.0,978100.0
464,2021-10-07 06:37:41,29750.0,1000.0,977100.0
465,2021-10-07 06:37:41,29750.0,100.0,976100.0
466,2021-10-07 06:37:41,29750.0,900.0,976000.0
467,2021-10-07 06:37:32,29750.0,100.0,975100.0
468,2021-10-07 06:37:09,29750.0,1500.0,975000.0
469,2021-10-07 06:35:42,29750.0,3500.0,973500.0
470,2021-10-07 06:35:42,29750.0,300.0,970000.0
471,2021-10-07 06:35:42,29750.0,1000.0,969700.0
472,2021-10-07 06:35:42,29750.0,100.0,968700.0
473,2021-10-07 06:35:42,29750.0,100.0,968600.0
474,2021-10-07 06:35:19,29800.0,1000.0,968500.0
475,2021-10-07 06:34:50,29750.0,900.0,967500.0
476,2021-10-07 06:34:50,29750.0,100.0,966600.0
477,2021-10-07 06:34:47,29800.0,1000.0,966500.0
478,2021-10-07 06:34:44,29750.0,600.0,965500.0
479,2021-10-07 06:34:16,29800.0,500.0,964900.0
480,2021-10-07 06:33:59,29750.0,2300.0,964400.0
481,2021-10-07 06:33:59,29750.0,300.0,962100.0
482,2021-10-07 06:33:59,29750.0,1000.0,961800.0
483,2021-10-07 06:33:59,29750.0,200.0,960800.0
484,2021-10-07 06:33:59,29750.0,500.0,960600.0
485,2021-10-07 06:33:59,29750.0,100.0,960100.0
486,2021-10-07 06:33:59,29750.0,100.0,960000.0
487,2021-10-07 06:33:59,29750.0,500.0,959900.0
488,2021-10-07 06:33:32,29800.0,600.0,959400.0
489,2021-10-07 06:32:37,29800.0,2000.0,958800.0
490,2021-10-07 06:32:26,29800.0,300.0,956800.0
491,2021-10-07 06:32:14,29750.0,500.0,956500.0
492,2021-10-07 06:31:39,29800.0,200.0,956000.0
493,2021-10-07 06:30:42,29750.0,500.0,955800.0
494,2021-10-07 06:30:11,29750.0,600.0,955300.0
495,2021-10-07 06:28:28,29800.0,500.0,954700.0
496,2021-10-07 06:28:15,29800.0,200.0,954200.0
497,2021-10-07 06:28:06,29800.0,200.0,954000.0
498,2021-10-07 06:27:48,29800.0,200.0,953800.0
499,2021-10-07 06:27:00,29800.0,500.0,953600.0
500,2021-10-07 06:26:58,29800.0,1000.0,953100.0
501,2021-10-07 06:26:58,29800.0,200.0,952100.0
502,2021-10-07 06:26:58,29800.0,500.0,951900.0
503,2021-10-07 06:26:58,29800.0,100.0,951400.0
504,2021-10-07 06:26:58,29800.0,400.0,951300.0
505,2021-10-07 06:26:58,29800.0,100.0,950900.0
506,2021-10-07 06:25:58,29850.0,500.0,950800.0
507,2021-10-07 06:25:39,29850.0,200.0,950300.0
508,2021-10-07 06:25:39,29850.0,300.0,950100.0
509,2021-10-07 06:25:39,29850.0,16200.0,949800.0
510,2021-10-07 06:23:17,29850.0,3800.0,933600.0
511,2021-10-07 06:23:13,29850.0,1000.0,929800.0
512,2021-10-07 06:22:25,29850.0,500.0,928800.0
513,2021-10-07 06:22:25,29850.0,2000.0,928300.0
514,2021-10-07 06:22:25,29850.0,3800.0,926300.0
515,2021-10-07 06:21:50,29800.0,300.0,922500.0
516,2021-10-07 06:21:27,29800.0,200.0,922200.0
517,2021-10-07 06:21:27,29800.0,200.0,922000.0
518,2021-10-07 06:21:27,29800.0,600.0,921800.0
519,2021-10-07 06:21:18,29800.0,400.0,921200.0
520,2021-10-07 06:21:18,29800.0,500.0,920800.0
521,2021-10-07 06:21:18,29800.0,300.0,920300.0
522,2021-10-07 06:20:14,29800.0,100.0,920000.0
523,2021-10-07 06:19:58,29850.0,1000.0,919900.0
524,2021-10-07 06:19:52,29850.0,200.0,918900.0
525,2021-10-07 06:19:52,29850.0,300.0,918700.0
526,2021-10-07 06:19:33,29850.0,200.0,918400.0
527,2021-10-07 06:18:52,29850.0,400.0,918200.0
528,2021-10-07 06:17:56,29850.0,500.0,917800.0
529,2021-10-07 06:17:25,29800.0,600.0,917300.0
530,2021-10-07 06:17:25,29800.0,100.0,916700.0
531,2021-10-07 06:17:25,29800.0,300.0,916600.0
532,2021-10-07 06:17:25,29800.0,100.0,916300.0
533,2021-10-07 06:17:15,29850.0,300.0,916200.0
534,2021-10-07 06:17:15,29850.0,100.0,915900.0
535,2021-10-07 06:17:15,29850.0,1700.0,915800.0
536,2021-10-07 06:17:03,29850.0,200.0,914100.0
537,2021-10-07 06:16:15,29850.0,100.0,913900.0
538,2021-10-07 06:15:49,29850.0,800.0,913800.0
539,2021-10-07 06:15:43,29850.0,400.0,913000.0
540,2021-10-07 06:15:43,29850.0,500.0,912600.0
541,2021-10-07 06:15:43,29850.0,100.0,912100.0
542,2021-10-07 06:15:43,29850.0,1200.0,912000.0
543,2021-10-07 06:15:28,29850.0,300.0,910800.0
544,2021-10-07 06:15:26,29850.0,100.0,910500.0
545,2021-10-07 06:15:22,29850.0,400.0,910400.0
546,2021-10-07 06:15:22,29850.0,100.0,910000.0
547,2021-10-07 06:15:22,29850.0,300.0,909900.0
548,2021-10-07 06:14:29,29850.0,200.0,909600.0
549,2021-10-07 06:14:12,29900.0,100.0,909400.0
550,2021-10-07 06:13:07,29900.0,300.0,909300.0
551,2021-10-07 06:13:07,29900.0,700.0,909000.0
552,2021-10-07 06:12:52,29900.0,300.0,908300.0
553,2021-10-07 06:12:52,29900.0,100.0,908000.0
554,2021-10-07 06:08:12,29900.0,100.0,907900.0
555,2021-10-07 06:08:12,29900.0,300.0,907800.0
556,2021-10-07 06:08:12,29900.0,500.0,907500.0
557,2021-10-07 06:06:53,29950.0,300.0,907000.0
558,2021-10-07 06:06:40,29950.0,100.0,906700.0
559,2021-10-07 06:06:32,29950.0,400.0,906600.0
560,2021-10-07 06:06:32,29950.0,500.0,906200.0
561,2021-10-07 06:06:32,29950.0,100.0,905700.0
562,2021-10-07 06:06:19,29950.0,100.0,905600.0
563,2021-10-07 06:05:46,29950.0,500.0,905500.0
564,2021-10-07 06:04:16,29950.0,500.0,905000.0
565,2021-10-07 06:04:03,29800.0,300.0,904500.0
566,2021-10-07 06:03:56,29950.0,1000.0,904200.0
567,2021-10-07 06:03:47,29950.0,300.0,903200.0
568,2021-10-07 06:03:26,29950.0,500.0,902900.0
569,2021-10-07 06:03:04,29800.0,100.0,902400.0
570,2021-10-07 06:02:59,29800.0,800.0,902300.0
571,2021-10-07 06:02:59,29950.0,500.0,901500.0
572,2021-10-07 06:02:59,29950.0,600.0,901000.0
573,2021-10-07 06:02:59,29950.0,2100.0,900400.0
574,2021-10-07 06:02:43,30000.0,200.0,898300.0
575,2021-10-07 06:02:32,30000.0,400.0,898100.0
576,2021-10-07 06:01:35,29950.0,900.0,897700.0
577,2021-10-07 06:01:20,29950.0,100.0,896800.0
578,2021-10-07 06:01:20,29950.0,100.0,896700.0
579,2021-10-07 06:01:08,29950.0,100.0,896600.0
580,2021-10-07 06:01:08,29950.0,300.0,896500.0
581,2021-10-07 06:01:08,29950.0,600.0,896200.0
582,2021-10-07 06:00:49,29950.0,500.0,895600.0
583,2021-10-07 06:00:38,29950.0,500.0,895100.0
584,2021-10-07 06:00:17,29800.0,200.0,894600.0
585,2021-10-07 06:00:01,29750.0,500.0,894400.0
586,2021-10-07 06:00:01,29950.0,1500.0,893900.0
587,2021-10-07 06:00:01,29800.0,500.0,892400.0
588,2021-10-07 04:29:29,29750.0,100.0,891900.0
589,2021-10-07 04:29:29,29750.0,800.0,891800.0
590,2021-10-07 04:29:26,29750.0,2000.0,891000.0
591,2021-10-07 04:29:11,29750.0,2000.0,889000.0
592,2021-10-07 04:27:36,29800.0,100.0,887000.0
593,2021-10-07 04:24:55,29800.0,200.0,886900.0
594,2021-10-07 04:24:53,29800.0,500.0,886700.0
595,2021-10-07 04:24:42,29800.0,2500.0,886200.0
596,2021-10-07 04:23:59,29800.0,500.0,883700.0
597,2021-10-07 04:23:54,29800.0,100.0,883200.0
598,2021-10-07 04:22:59,29800.0,3000.0,883100.0
599,2021-10-07 04:22:59,29800.0,100.0,880100.0
600,2021-10-07 04:22:59,29800.0,2000.0,880000.0
601,2021-10-07 04:22:59,29800.0,1000.0,878000.0
602,2021-10-07 04:22:59,29800.0,100.0,877000.0
603,2021-10-07 04:22:59,29800.0,3200.0,876900.0
604,2021-10-07 04:22:02,30000.0,1600.0,873700.0
605,2021-10-07 04:22:02,30000.0,200.0,872100.0
606,2021-10-07 04:22:02,30000.0,300.0,871900.0
607,2021-10-07 04:22:02,30000.0,100.0,871600.0
608,2021-10-07 04:22:02,30000.0,1000.0,871500.0
609,2021-10-07 04:22:02,30000.0,500.0,870500.0
610,2021-10-07 04:22:02,30000.0,100.0,870000.0
611,2021-10-07 04:22:02,30000.0,200.0,869900.0
612,2021-10-07 04:22:02,30000.0,1900.0,869700.0
613,2021-10-07 04:22:02,29950.0,3000.0,867800.0
614,2021-10-07 04:22:02,29950.0,2000.0,864800.0
615,2021-10-07 04:22:02,29900.0,1000.0,862800.0
616,2021-10-07 04:22:02,29900.0,2500.0,861800.0
617,2021-10-07 04:22:02,29900.0,2000.0,859300.0
618,2021-10-07 04:22:02,29900.0,1000.0,857300.0
619,2021-10-07 04:22:02,29900.0,600.0,856300.0
620,2021-10-07 04:22:02,29900.0,2000.0,855700.0
621,2021-10-07 04:21:42,29800.0,800.0,853700.0
622,2021-10-07 04:20:41,29900.0,100.0,852900.0
623,2021-10-07 04:20:18,29900.0,500.0,852800.0
624,2021-10-07 04:20:13,29900.0,100.0,852300.0
625,2021-10-07 04:16:32,29900.0,700.0,852200.0
626,2021-10-07 04:16:32,29900.0,100.0,851500.0
627,2021-10-07 04:16:32,29900.0,700.0,851400.0
628,2021-10-07 04:14:56,29900.0,200.0,850700.0
629,2021-10-07 04:14:56,29900.0,600.0,850500.0
630,2021-10-07 04:14:51,29900.0,500.0,849900.0
631,2021-10-07 04:13:46,29900.0,1000.0,849400.0
632,2021-10-07 04:13:46,29900.0,1100.0,848400.0
633,2021-10-07 04:13:46,29900.0,100.0,847300.0
634,2021-10-07 04:13:46,29900.0,100.0,847200.0
635,2021-10-07 04:13:46,29900.0,500.0,847100.0
636,2021-10-07 04:13:46,29900.0,100.0,846600.0
637,2021-10-07 04:12:42,29900.0,200.0,846500.0
638,2021-10-07 04:11:20,29900.0,700.0,846300.0
639,2021-10-07 04:11:20,29900.0,200.0,845600.0
640,2021-10-07 04:11:20,29900.0,300.0,845400.0
641,2021-10-07 04:11:04,29900.0,400.0,845100.0
642,2021-10-07 04:11:01,29850.0,1800.0,844700.0
643,2021-10-07 04:11:01,29850.0,200.0,842900.0
644,2021-10-07 04:11:01,29850.0,200.0,842700.0
645,2021-10-07 04:11:01,29850.0,2800.0,842500.0
646,2021-10-07 04:10:56,29900.0,300.0,839700.0
647,2021-10-07 04:10:56,29900.0,2000.0,839400.0
648,2021-10-07 04:10:56,29900.0,100.0,837400.0
649,2021-10-07 04:10:56,29900.0,700.0,837300.0
650,2021-10-07 04:10:56,29900.0,400.0,836600.0
651,2021-10-07 04:10:56,29900.0,1000.0,836200.0
652,2021-10-07 04:10:56,29900.0,500.0,835200.0
653,2021-10-07 04:10:13,29850.0,500.0,834700.0
654,2021-10-07 04:10:00,29850.0,4200.0,834200.0
655,2021-10-07 04:10:00,29800.0,2500.0,830000.0
656,2021-10-07 04:09:55,29800.0,2000.0,827500.0
657,2021-10-07 04:09:55,29800.0,1000.0,825500.0
658,2021-10-07 04:09:55,29800.0,200.0,824500.0
659,2021-10-07 04:09:55,29800.0,300.0,824300.0
660,2021-10-07 04:09:55,29800.0,200.0,824000.0
661,2021-10-07 04:09:55,29800.0,200.0,823800.0
662,2021-10-07 04:08:16,29800.0,100.0,823600.0
663,2021-10-07 04:08:08,29800.0,200.0,823500.0
664,2021-10-07 04:06:45,29850.0,4800.0,823300.0
665,2021-10-07 04:06:43,29850.0,5000.0,818500.0
666,2021-10-07 04:05:57,29850.0,200.0,813500.0
667,2021-10-07 04:05:53,29750.0,200.0,813300.0
668,2021-10-07 04:05:53,29750.0,100.0,813100.0
669,2021-10-07 04:05:53,29750.0,100.0,813000.0
670,2021-10-07 04:05:53,29750.0,300.0,812900.0
671,2021-10-07 04:05:53,29750.0,100.0,812600.0
672,2021-10-07 04:05:53,29800.0,200.0,812500.0
673,2021-10-07 04:05:44,29800.0,800.0,812300.0
674,2021-10-07 04:05:44,29800.0,500.0,811500.0
675,2021-10-07 04:05:44,29800.0,100.0,811000.0
676,2021-10-07 04:05:44,29800.0,500.0,810900.0
677,2021-10-07 04:05:44,29800.0,400.0,810400.0
678,2021-10-07 04:05:44,29800.0,200.0,810000.0
679,2021-10-07 04:05:44,29800.0,100.0,809800.0
680,2021-10-07 04:05:44,29800.0,1200.0,809700.0
681,2021-10-07 04:05:44,29800.0,900.0,808500.0
682,2021-10-07 04:05:44,29800.0,1000.0,807600.0
683,2021-10-07 04:05:44,29800.0,2000.0,806600.0
684,2021-10-07 04:05:44,29800.0,100.0,804600.0
685,2021-10-07 04:05:44,29800.0,100.0,804500.0
686,2021-10-07 04:05:44,29800.0,200.0,804400.0
687,2021-10-07 04:05:44,29800.0,100.0,804200.0
688,2021-10-07 04:05:44,29800.0,3800.0,804100.0
689,2021-10-07 04:05:42,29800.0,200.0,800300.0
690,2021-10-07 04:05:28,29800.0,400.0,800100.0
691,2021-10-07 04:05:12,29850.0,800.0,799700.0
692,2021-10-07 04:05:12,29850.0,800.0,798900.0
693,2021-10-07 04:05:12,29850.0,300.0,798100.0
694,2021-10-07 04:05:12,29850.0,3000.0,797800.0
695,2021-10-07 04:05:12,29850.0,500.0,794800.0
696,2021-10-07 04:05:12,29850.0,100.0,794300.0
697,2021-10-07 04:05:12,29850.0,500.0,794200.0
698,2021-10-07 04:05:12,29850.0,1000.0,793700.0
699,2021-10-07 04:05:12,29850.0,1000.0,792700.0
700,2021-10-07 04:05:12,29850.0,800.0,791700.0
701,2021-10-07 04:05:12,29850.0,100.0,790900.0
702,2021-10-07 04:05:12,29850.0,1100.0,790800.0
703,2021-10-07 04:05:11,29800.0,200.0,789700.0
704,2021-10-07 04:04:56,29800.0,2000.0,789500.0
705,2021-10-07 04:04:40,29800.0,2400.0,787500.0
706,2021-10-07 04:04:40,29800.0,100.0,785100.0
707,2021-10-07 04:04:40,29800.0,400.0,785000.0
708,2021-10-07 04:04:40,29800.0,800.0,784600.0
709,2021-10-07 04:04:40,29800.0,100.0,783800.0
710,2021-10-07 04:04:40,29800.0,100.0,783700.0
711,2021-10-07 04:04:40,29800.0,300.0,783600.0
712,2021-10-07 04:04:40,29800.0,200.0,783300.0
713,2021-10-07 04:04:40,29800.0,100.0,783100.0
714,2021-10-07 04:04:40,29800.0,15500.0,783000.0
715,2021-10-07 04:04:33,29850.0,1200.0,767500.0
716,2021-10-07 04:03:46,29850.0,500.0,766300.0
717,2021-10-07 04:02:46,29800.0,30000.0,765800.0
718,2021-10-07 04:02:27,29800.0,1600.0,735800.0
719,2021-10-07 04:02:24,29850.0,1000.0,734200.0
720,2021-10-07 04:02:02,29850.0,100.0,733200.0
721,2021-10-07 04:01:36,29800.0,800.0,733100.0
722,2021-10-07 04:01:36,29800.0,200.0,732300.0
723,2021-10-07 04:01:20,29800.0,1000.0,732100.0
724,2021-10-07 04:01:06,29800.0,3300.0,731100.0
725,2021-10-07 04:01:06,29800.0,500.0,727800.0
726,2021-10-07 04:01:06,29800.0,100.0,727300.0
727,2021-10-07 04:01:06,29800.0,100.0,727200.0
728,2021-10-07 04:01:06,29800.0,1000.0,727100.0
729,2021-10-07 04:01:06,29800.0,5000.0,726100.0
730,2021-10-07 03:59:44,29800.0,500.0,721100.0
731,2021-10-07 03:59:44,29800.0,200.0,720600.0
732,2021-10-07 03:59:20,29850.0,300.0,720400.0
733,2021-10-07 03:58:54,29850.0,500.0,720100.0
734,2021-10-07 03:58:47,29850.0,600.0,719600.0
735,2021-10-07 03:58:06,29850.0,100.0,719000.0
736,2021-10-07 03:58:06,29850.0,400.0,718900.0
737,2021-10-07 03:58:06,29850.0,600.0,718500.0
738,2021-10-07 03:57:47,29850.0,100.0,717900.0
739,2021-10-07 03:56:04,29850.0,300.0,717800.0
740,2021-10-07 03:56:00,29850.0,300.0,717500.0
741,2021-10-07 03:55:49,29850.0,200.0,717200.0
742,2021-10-07 03:55:25,29850.0,100.0,717000.0
743,2021-10-07 03:55:24,29850.0,400.0,716900.0
744,2021-10-07 03:55:24,29850.0,600.0,716500.0
745,2021-10-07 03:55:13,29850.0,100.0,715900.0
746,2021-10-07 03:54:56,29800.0,100.0,715800.0
747,2021-10-07 03:54:41,29850.0,600.0,715700.0
748,2021-10-07 03:54:20,29850.0,1700.0,715100.0
749,2021-10-07 03:54:20,29850.0,3300.0,713400.0
750,2021-10-07 03:54:20,29850.0,1000.0,710100.0
751,2021-10-07 03:53:46,29850.0,100.0,709100.0
752,2021-10-07 03:53:35,29850.0,100.0,709000.0
753,2021-10-07 03:53:29,29850.0,400.0,708900.0
754,2021-10-07 03:53:20,29850.0,100.0,708500.0
755,2021-10-07 03:52:21,29850.0,100.0,708400.0
756,2021-10-07 03:51:14,29850.0,300.0,708300.0
757,2021-10-07 03:50:40,29850.0,200.0,708000.0
758,2021-10-07 03:50:16,29850.0,1700.0,707800.0
759,2021-10-07 03:50:01,29850.0,1000.0,706100.0
760,2021-10-07 03:49:29,29850.0,100.0,705100.0
761,2021-10-07 03:49:16,29850.0,600.0,705000.0
762,2021-10-07 03:49:16,29850.0,3000.0,704400.0
763,2021-10-07 03:49:16,29850.0,100.0,701400.0
764,2021-10-07 03:49:16,29850.0,100.0,701300.0
765,2021-10-07 03:49:16,29850.0,200.0,701200.0
766,2021-10-07 03:49:16,29850.0,800.0,701000.0
767,2021-10-07 03:49:16,29850.0,200.0,700200.0
768,2021-10-07 03:49:16,29850.0,100.0,700000.0
769,2021-10-07 03:49:16,29850.0,500.0,699900.0
770,2021-10-07 03:49:16,29850.0,3000.0,699400.0
771,2021-10-07 03:48:50,29900.0,2000.0,696400.0
772,2021-10-07 03:48:09,29850.0,2000.0,694400.0
773,2021-10-07 03:47:44,29850.0,600.0,692400.0
774,2021-10-07 03:47:37,29900.0,5000.0,691800.0
775,2021-10-07 03:47:10,29900.0,900.0,686800.0
776,2021-10-07 03:46:40,29900.0,1000.0,685900.0
777,2021-10-07 03:46:39,29850.0,400.0,684900.0
778,2021-10-07 03:44:52,29900.0,500.0,684500.0
779,2021-10-07 03:44:18,29900.0,1300.0,684000.0
780,2021-10-07 03:44:15,29900.0,200.0,682700.0
781,2021-10-07 03:44:11,29900.0,900.0,682500.0
782,2021-10-07 03:43:29,29900.0,600.0,681600.0
783,2021-10-07 03:42:17,29850.0,100.0,681000.0
784,2021-10-07 03:42:17,29850.0,100.0,680900.0
785,2021-10-07 03:42:17,29850.0,900.0,680800.0
786,2021-10-07 03:42:17,29850.0,700.0,679900.0
787,2021-10-07 03:42:09,29850.0,1300.0,679200.0
788,2021-10-07 03:42:09,29850.0,700.0,677900.0
789,2021-10-07 03:42:02,29900.0,100.0,677200.0
790,2021-10-07 03:41:55,29850.0,200.0,677100.0
791,2021-10-07 03:41:04,29900.0,1000.0,676900.0
792,2021-10-07 03:40:55,29850.0,100.0,675900.0
793,2021-10-07 03:40:55,29850.0,1300.0,675800.0
794,2021-10-07 03:40:55,29850.0,300.0,674500.0
795,2021-10-07 03:40:55,29850.0,100.0,674200.0
796,2021-10-07 03:40:55,29850.0,100.0,674100.0
797,2021-10-07 03:40:55,29850.0,1100.0,674000.0
798,2021-10-07 03:40:19,29900.0,700.0,672900.0
799,2021-10-07 03:39:15,29850.0,3800.0,672200.0
800,2021-10-07 03:39:15,29850.0,100.0,668400.0
801,2021-10-07 03:39:15,29850.0,300.0,668300.0
802,2021-10-07 03:39:15,29850.0,500.0,668000.0
803,2021-10-07 03:39:15,29850.0,200.0,667500.0
804,2021-10-07 03:39:15,29850.0,100.0,667300.0
805,2021-10-07 03:39:07,29900.0,500.0,667200.0
806,2021-10-07 03:38:42,29900.0,500.0,666700.0
807,2021-10-07 03:38:28,29900.0,100.0,666200.0
808,2021-10-07 03:38:28,29900.0,100.0,666100.0
809,2021-10-07 03:38:28,29900.0,100.0,666000.0
810,2021-10-07 03:38:28,29900.0,3600.0,665900.0
811,2021-10-07 03:37:45,29900.0,400.0,662300.0
812,2021-10-07 03:37:45,29900.0,100.0,661900.0
813,2021-10-07 03:37:28,29900.0,100.0,661800.0
814,2021-10-07 03:37:28,29900.0,400.0,661700.0
815,2021-10-07 03:37:13,29900.0,200.0,661300.0
816,2021-10-07 03:37:08,29900.0,100.0,661100.0
817,2021-10-07 03:37:08,29900.0,4900.0,661000.0
818,2021-10-07 03:36:56,29900.0,400.0,656100.0
819,2021-10-07 03:35:22,29900.0,1000.0,655700.0
820,2021-10-07 03:34:47,29900.0,300.0,654700.0
821,2021-10-07 03:34:44,29900.0,1000.0,654400.0
822,2021-10-07 03:34:30,29900.0,900.0,653400.0
823,2021-10-07 03:34:30,29900.0,700.0,652500.0
824,2021-10-07 03:34:30,29900.0,100.0,651800.0
825,2021-10-07 03:34:30,29900.0,600.0,651700.0
826,2021-10-07 03:34:30,29900.0,100.0,651100.0
827,2021-10-07 03:34:04,29900.0,100.0,651000.0
828,2021-10-07 03:34:04,29900.0,400.0,650900.0
829,2021-10-07 03:34:02,29900.0,1600.0,650500.0
830,2021-10-07 03:33:56,29900.0,500.0,648900.0
831,2021-10-07 03:33:52,29900.0,600.0,648400.0
832,2021-10-07 03:33:30,29900.0,200.0,647800.0
833,2021-10-07 03:33:30,29900.0,300.0,647600.0
834,2021-10-07 03:33:30,29900.0,400.0,647300.0
835,2021-10-07 03:33:30,29900.0,1000.0,646900.0
836,2021-10-07 03:33:19,29900.0,500.0,645900.0
837,2021-10-07 03:33:13,29900.0,100.0,645400.0
838,2021-10-07 03:33:00,29900.0,100.0,645300.0
839,2021-10-07 03:33:00,29900.0,300.0,645200.0
840,2021-10-07 03:32:26,29900.0,700.0,644900.0
841,2021-10-07 03:32:26,29900.0,3300.0,644200.0
842,2021-10-07 03:32:23,29950.0,5000.0,640900.0
843,2021-10-07 03:32:16,29950.0,100.0,635900.0
844,2021-10-07 03:31:46,29900.0,7300.0,635800.0
845,2021-10-07 03:31:46,29900.0,100.0,628500.0
846,2021-10-07 03:31:46,29900.0,100.0,628400.0
847,2021-10-07 03:31:46,29900.0,500.0,628300.0
848,2021-10-07 03:31:46,29900.0,2000.0,627800.0
849,2021-10-07 03:31:07,29900.0,200.0,625800.0
850,2021-10-07 03:31:07,29900.0,100.0,625600.0
851,2021-10-07 03:31:07,29900.0,3000.0,625500.0
852,2021-10-07 03:31:07,29900.0,1000.0,622500.0
853,2021-10-07 03:31:07,29900.0,1000.0,621500.0
854,2021-10-07 03:31:07,29900.0,100.0,620500.0
855,2021-10-07 03:31:07,29900.0,7100.0,620400.0
856,2021-10-07 03:31:03,29950.0,100.0,613300.0
857,2021-10-07 03:29:00,29900.0,1600.0,613200.0
858,2021-10-07 03:28:56,29900.0,1200.0,611600.0
859,2021-10-07 03:28:56,29900.0,300.0,610400.0
860,2021-10-07 03:28:56,29900.0,800.0,610100.0
861,2021-10-07 03:28:56,29900.0,200.0,609300.0
862,2021-10-07 03:28:42,29900.0,100.0,609100.0
863,2021-10-07 03:28:38,29900.0,1000.0,609000.0
864,2021-10-07 03:28:20,29900.0,100.0,608000.0
865,2021-10-07 03:28:06,29900.0,800.0,607900.0
866,2021-10-07 03:28:06,29900.0,800.0,607100.0
867,2021-10-07 03:28:06,29900.0,1500.0,606300.0
868,2021-10-07 03:28:06,29900.0,1900.0,604800.0
869,2021-10-07 03:28:02,29900.0,3300.0,602900.0
870,2021-10-07 03:28:02,29900.0,100.0,599600.0
871,2021-10-07 03:28:02,29900.0,100.0,599500.0
872,2021-10-07 03:28:02,29900.0,300.0,599400.0
873,2021-10-07 03:28:02,29900.0,200.0,599100.0
874,2021-10-07 03:28:02,29900.0,1000.0,598900.0
875,2021-10-07 03:27:44,29850.0,900.0,597900.0
876,2021-10-07 03:27:44,29850.0,100.0,597000.0
877,2021-10-07 03:27:11,29900.0,1000.0,596900.0
878,2021-10-07 03:25:56,29850.0,300.0,595900.0
879,2021-10-07 03:25:56,29850.0,200.0,595600.0
880,2021-10-07 03:25:56,29850.0,500.0,595400.0
881,2021-10-07 03:25:47,29900.0,3000.0,594900.0
882,2021-10-07 03:25:41,29850.0,3000.0,591900.0
883,2021-10-07 03:25:41,29850.0,600.0,588900.0
884,2021-10-07 03:25:32,29850.0,900.0,588300.0
885,2021-10-07 03:25:32,29850.0,100.0,587400.0
886,2021-10-07 03:25:32,29850.0,100.0,587300.0
887,2021-10-07 03:25:32,29850.0,200.0,587200.0
888,2021-10-07 03:25:32,29850.0,900.0,587000.0
889,2021-10-07 03:25:26,29850.0,100.0,586100.0
890,2021-10-07 03:25:24,29850.0,1000.0,586000.0
891,2021-10-07 03:25:20,29850.0,4400.0,585000.0
892,2021-10-07 03:24:54,29850.0,200.0,580600.0
893,2021-10-07 03:24:49,29850.0,1400.0,580400.0
894,2021-10-07 03:24:49,29850.0,300.0,579000.0
895,2021-10-07 03:24:40,29900.0,100.0,578700.0
896,2021-10-07 03:24:35,29850.0,300.0,578600.0
897,2021-10-07 03:24:34,29850.0,300.0,578300.0
898,2021-10-07 03:24:33,29900.0,600.0,578000.0
899,2021-10-07 03:24:22,29850.0,1000.0,577400.0
900,2021-10-07 03:24:12,29900.0,1300.0,576400.0
901,2021-10-07 03:24:04,29900.0,5000.0,575100.0
902,2021-10-07 03:23:12,29900.0,200.0,570100.0
903,2021-10-07 03:23:02,29900.0,600.0,569900.0
904,2021-10-07 03:23:02,29900.0,500.0,569300.0
905,2021-10-07 03:23:02,29900.0,300.0,568800.0
906,2021-10-07 03:23:02,29900.0,100.0,568500.0
907,2021-10-07 03:23:02,29900.0,3300.0,568400.0
908,2021-10-07 03:22:54,29900.0,1700.0,565100.0
909,2021-10-07 03:22:54,29900.0,700.0,563400.0
910,2021-10-07 03:22:54,29900.0,100.0,562700.0
911,2021-10-07 03:22:54,29900.0,500.0,562600.0
912,2021-10-07 03:22:54,29900.0,1400.0,562100.0
913,2021-10-07 03:22:51,29900.0,1900.0,560700.0
914,2021-10-07 03:22:41,29900.0,10000.0,558800.0
915,2021-10-07 03:22:25,29950.0,3200.0,548800.0
916,2021-10-07 03:22:05,29950.0,600.0,545600.0
917,2021-10-07 03:21:36,29950.0,100.0,545000.0
918,2021-10-07 03:21:36,29950.0,4300.0,544900.0
919,2021-10-07 03:21:18,29950.0,500.0,540600.0
920,2021-10-07 03:21:18,29950.0,200.0,540100.0
921,2021-10-07 03:21:18,29950.0,100.0,539900.0
922,2021-10-07 03:21:18,29950.0,900.0,539800.0
923,2021-10-07 03:19:54,29950.0,100.0,538900.0
924,2021-10-07 03:18:08,29950.0,900.0,538800.0
925,2021-10-07 03:18:08,29950.0,100.0,537900.0
926,2021-10-07 03:18:08,29950.0,1900.0,537800.0
927,2021-10-07 03:17:37,29950.0,300.0,535900.0
928,2021-10-07 03:17:37,29950.0,200.0,535600.0
929,2021-10-07 03:17:37,29950.0,1100.0,535400.0
930,2021-10-07 03:16:28,30000.0,300.0,534300.0
931,2021-10-07 03:16:15,30000.0,800.0,534000.0
932,2021-10-07 03:16:15,30000.0,200.0,533200.0
933,2021-10-07 03:15:41,30000.0,2000.0,533000.0
934,2021-10-07 03:15:35,29950.0,100.0,531000.0
935,2021-10-07 03:15:09,30000.0,1000.0,530900.0
936,2021-10-07 03:13:37,30000.0,500.0,529900.0
937,2021-10-07 03:13:35,30000.0,100.0,529400.0
938,2021-10-07 03:13:33,29950.0,1000.0,529300.0
939,2021-10-07 03:13:33,29950.0,1900.0,528300.0
940,2021-10-07 03:13:22,29950.0,100.0,526400.0
941,2021-10-07 03:13:13,29950.0,1000.0,526300.0
942,2021-10-07 03:12:36,29950.0,100.0,525300.0
943,2021-10-07 03:11:38,29950.0,2000.0,525200.0
944,2021-10-07 03:11:36,29950.0,100.0,523200.0
945,2021-10-07 03:11:36,29950.0,500.0,523100.0
946,2021-10-07 03:11:36,29950.0,5000.0,522600.0
947,2021-10-07 03:11:36,29950.0,100.0,517600.0
948,2021-10-07 03:11:36,29950.0,1000.0,517500.0
949,2021-10-07 03:11:36,29950.0,900.0,516500.0
950,2021-10-07 03:11:36,30000.0,300.0,515600.0
951,2021-10-07 03:11:23,30000.0,800.0,515300.0
952,2021-10-07 03:11:10,30000.0,100.0,514500.0
953,2021-10-07 03:11:10,30000.0,100.0,514400.0
954,2021-10-07 03:11:10,30000.0,700.0,514300.0
955,2021-10-07 03:10:47,30000.0,500.0,513600.0
956,2021-10-07 03:10:47,30000.0,700.0,513100.0
957,2021-10-07 03:10:47,30000.0,700.0,512400.0
958,2021-10-07 03:10:47,30000.0,400.0,511700.0
959,2021-10-07 03:10:43,30000.0,100.0,511300.0
960,2021-10-07 03:10:43,30000.0,100.0,511200.0
961,2021-10-07 03:10:43,30000.0,400.0,511100.0
962,2021-10-07 03:10:43,30000.0,200.0,510700.0
963,2021-10-07 03:10:43,30000.0,1000.0,510500.0
964,2021-10-07 03:10:43,30000.0,200.0,509500.0
965,2021-10-07 03:10:43,30000.0,1000.0,509300.0
966,2021-10-07 03:10:35,30000.0,900.0,508300.0
967,2021-10-07 03:10:35,30000.0,200.0,507400.0
968,2021-10-07 03:10:35,30000.0,1200.0,507200.0
969,2021-10-07 03:10:35,30000.0,700.0,506000.0
970,2021-10-07 03:10:20,30000.0,100.0,505300.0
971,2021-10-07 03:10:10,29950.0,600.0,505200.0
972,2021-10-07 03:09:44,30000.0,800.0,504600.0
973,2021-10-07 03:09:25,30000.0,100.0,503800.0
974,2021-10-07 03:08:46,29950.0,500.0,503700.0
975,2021-10-07 03:08:40,30000.0,200.0,503200.0
976,2021-10-07 03:08:06,30000.0,400.0,503000.0
977,2021-10-07 03:07:48,30000.0,200.0,502600.0
978,2021-10-07 03:07:48,30000.0,600.0,502400.0
979,2021-10-07 03:07:48,30000.0,200.0,501800.0
980,2021-10-07 03:07:09,30000.0,1100.0,501600.0
981,2021-10-07 03:07:09,30000.0,300.0,500500.0
982,2021-10-07 03:07:09,30000.0,300.0,500200.0
983,2021-10-07 03:07:09,30000.0,300.0,499900.0
984,2021-10-07 03:06:41,30000.0,100.0,499600.0
985,2021-10-07 03:06:39,30000.0,200.0,499500.0
986,2021-10-07 03:06:35,29900.0,100.0,499300.0
987,2021-10-07 03:06:33,30000.0,200.0,499200.0
988,2021-10-07 03:06:03,30000.0,500.0,499000.0
989,2021-10-07 03:06:03,30000.0,2000.0,498500.0
990,2021-10-07 03:06:03,30000.0,300.0,496500.0
991,2021-10-07 03:06:03,30000.0,200.0,496200.0
992,2021-10-07 03:05:47,30000.0,600.0,496000.0
993,2021-10-07 03:05:47,30000.0,300.0,495400.0
994,2021-10-07 03:05:47,30000.0,3000.0,495100.0
995,2021-10-07 03:05:47,30000.0,1000.0,492100.0
996,2021-10-07 03:05:47,29950.0,2000.0,491100.0
997,2021-10-07 03:04:50,30000.0,100.0,489100.0
998,2021-10-07 03:04:34,29900.0,500.0,489000.0
999,2021-10-07 03:04:34,29900.0,600.0,488500.0
1000,2021-10-07 03:04:34,29900.0,400.0,487900.0
1001,2021-10-07 03:04:34,29900.0,100.0,487500.0
1002,2021-10-07 03:03:30,29900.0,900.0,487400.0
1003,2021-10-07 03:03:30,29900.0,100.0,486500.0
1004,2021-10-07 03:03:23,29900.0,2000.0,486400.0
1005,2021-10-07 03:03:23,29900.0,100.0,484400.0
1006,2021-10-07 03:03:23,29900.0,800.0,484300.0
1007,2021-10-07 03:03:23,29900.0,1000.0,483500.0
1008,2021-10-07 03:03:23,29900.0,100.0,482500.0
1009,2021-10-07 03:03:23,29900.0,100.0,482400.0
1010,2021-10-07 03:03:23,29900.0,800.0,482300.0
1011,2021-10-07 03:02:40,29900.0,200.0,481500.0
1012,2021-10-07 03:02:40,29900.0,2800.0,481300.0
1013,2021-10-07 03:02:28,29900.0,300.0,478500.0
1014,2021-10-07 03:02:15,29900.0,700.0,478200.0
1015,2021-10-07 03:02:15,29900.0,1000.0,477500.0
1016,2021-10-07 03:02:15,29900.0,200.0,476500.0
1017,2021-10-07 03:01:40,29900.0,800.0,476300.0
1018,2021-10-07 03:01:30,29900.0,200.0,475500.0
1019,2021-10-07 03:01:12,29900.0,100.0,475300.0
1020,2021-10-07 03:01:07,29900.0,1000.0,475200.0
1021,2021-10-07 03:00:56,29900.0,100.0,474200.0
1022,2021-10-07 02:59:52,29900.0,1000.0,474100.0
1023,2021-10-07 02:59:52,29900.0,5000.0,473100.0
1024,2021-10-07 02:59:52,29900.0,300.0,468100.0
1025,2021-10-07 02:59:49,30000.0,200.0,467800.0
1026,2021-10-07 02:59:27,30000.0,200.0,467600.0
1027,2021-10-07 02:59:25,30000.0,500.0,467400.0
1028,2021-10-07 02:59:18,30100.0,200.0,466900.0
1029,2021-10-07 02:59:18,30100.0,100.0,466700.0
1030,2021-10-07 02:59:01,30100.0,900.0,466600.0
1031,2021-10-07 02:59:01,30100.0,1000.0,465700.0
1032,2021-10-07 02:59:01,30100.0,500.0,464700.0
1033,2021-10-07 02:59:01,30100.0,5000.0,464200.0
1034,2021-10-07 02:59:01,30100.0,5000.0,459200.0
1035,2021-10-07 02:59:01,30100.0,2000.0,454200.0
1036,2021-10-07 02:59:01,30000.0,600.0,452200.0
1037,2021-10-07 02:58:35,30000.0,200.0,451600.0
1038,2021-10-07 02:58:02,30000.0,100.0,451400.0
1039,2021-10-07 02:58:02,30000.0,3000.0,451300.0
1040,2021-10-07 02:58:02,30000.0,500.0,448300.0
1041,2021-10-07 02:58:02,30000.0,100.0,447800.0
1042,2021-10-07 02:58:02,30000.0,200.0,447700.0
1043,2021-10-07 02:58:02,30000.0,500.0,447500.0
1044,2021-10-07 02:58:02,30000.0,4900.0,447000.0
1045,2021-10-07 02:58:02,29950.0,200.0,442100.0
1046,2021-10-07 02:58:02,29950.0,300.0,441900.0
1047,2021-10-07 02:57:47,29950.0,2000.0,441600.0
1048,2021-10-07 02:57:32,29900.0,1000.0,439600.0
1049,2021-10-07 02:57:17,29900.0,200.0,438600.0
1050,2021-10-07 02:56:43,29850.0,500.0,438400.0
1051,2021-10-07 02:56:43,29850.0,100.0,437900.0
1052,2021-10-07 02:56:43,29850.0,200.0,437800.0
1053,2021-10-07 02:56:43,29850.0,1200.0,437600.0
1054,2021-10-07 02:56:43,29900.0,200.0,436400.0
1055,2021-10-07 02:56:43,29900.0,800.0,436200.0
1056,2021-10-07 02:56:21,29900.0,100.0,435400.0
1057,2021-10-07 02:56:21,29900.0,100.0,435300.0
1058,2021-10-07 02:55:26,29850.0,500.0,435200.0
1059,2021-10-07 02:54:04,29850.0,200.0,434700.0
1060,2021-10-07 02:53:35,29850.0,100.0,434500.0
1061,2021-10-07 02:53:31,29850.0,500.0,434400.0
1062,2021-10-07 02:53:31,29850.0,400.0,433900.0
1063,2021-10-07 02:53:27,29900.0,1000.0,433500.0
1064,2021-10-07 02:53:13,29850.0,100.0,432500.0
1065,2021-10-07 02:53:13,29850.0,700.0,432400.0
1066,2021-10-07 02:53:13,29850.0,300.0,431700.0
1067,2021-10-07 02:53:03,29850.0,100.0,431400.0
1068,2021-10-07 02:53:02,29850.0,400.0,431300.0
1069,2021-10-07 02:53:02,29850.0,600.0,430900.0
1070,2021-10-07 02:52:59,29850.0,500.0,430300.0
1071,2021-10-07 02:52:49,29900.0,100.0,429800.0
1072,2021-10-07 02:52:48,29950.0,100.0,429700.0
1073,2021-10-07 02:52:05,29850.0,900.0,429600.0
1074,2021-10-07 02:51:45,29950.0,300.0,428700.0
1075,2021-10-07 02:51:45,29950.0,300.0,428400.0
1076,2021-10-07 02:51:45,29950.0,1000.0,428100.0
1077,2021-10-07 02:51:37,29950.0,100.0,427100.0
1078,2021-10-07 02:51:13,30000.0,200.0,427000.0
1079,2021-10-07 02:51:13,30000.0,900.0,426800.0
1080,2021-10-07 02:51:12,30000.0,100.0,425900.0
1081,2021-10-07 02:51:12,30000.0,1000.0,425800.0
1082,2021-10-07 02:51:12,30000.0,500.0,424800.0
1083,2021-10-07 02:51:12,30000.0,500.0,424300.0
1084,2021-10-07 02:51:12,30000.0,2900.0,423800.0
1085,2021-10-07 02:50:51,30000.0,900.0,420900.0
1086,2021-10-07 02:50:47,30000.0,100.0,420000.0
1087,2021-10-07 02:50:43,30100.0,500.0,419900.0
1088,2021-10-07 02:50:42,30000.0,1100.0,419400.0
1089,2021-10-07 02:50:42,30000.0,500.0,418300.0
1090,2021-10-07 02:50:42,30000.0,100.0,417800.0
1091,2021-10-07 02:50:42,30000.0,100.0,417700.0
1092,2021-10-07 02:50:42,30000.0,1000.0,417600.0
1093,2021-10-07 02:50:42,30000.0,100.0,416600.0
1094,2021-10-07 02:50:42,30000.0,100.0,416500.0
1095,2021-10-07 02:50:42,30000.0,900.0,416400.0
1096,2021-10-07 02:50:42,30000.0,200.0,415500.0
1097,2021-10-07 02:50:42,30000.0,900.0,415300.0
1098,2021-10-07 02:50:06,30000.0,500.0,414400.0
1099,2021-10-07 02:49:58,30100.0,100.0,413900.0
1100,2021-10-07 02:49:04,30100.0,500.0,413800.0
1101,2021-10-07 02:49:01,30100.0,200.0,413300.0
1102,2021-10-07 02:48:52,30100.0,500.0,413100.0
1103,2021-10-07 02:48:07,30100.0,200.0,412600.0
1104,2021-10-07 02:48:07,30100.0,2100.0,412400.0
1105,2021-10-07 02:47:58,30100.0,2000.0,410300.0
1106,2021-10-07 02:47:29,30100.0,900.0,408300.0
1107,2021-10-07 02:47:29,30100.0,100.0,407400.0
1108,2021-10-07 02:47:29,30100.0,100.0,407300.0
1109,2021-10-07 02:47:29,30100.0,1000.0,407200.0
1110,2021-10-07 02:47:29,30100.0,1000.0,406200.0
1111,2021-10-07 02:47:29,30100.0,500.0,405200.0
1112,2021-10-07 02:47:29,30100.0,100.0,404700.0
1113,2021-10-07 02:47:20,30150.0,100.0,404600.0
1114,2021-10-07 02:46:55,30150.0,1000.0,404500.0
1115,2021-10-07 02:46:49,30150.0,1000.0,403500.0
1116,2021-10-07 02:46:46,30200.0,900.0,402500.0
1117,2021-10-07 02:46:46,30200.0,100.0,401600.0
1118,2021-10-07 02:46:26,30200.0,400.0,401500.0
1119,2021-10-07 02:46:26,30200.0,100.0,401100.0
1120,2021-10-07 02:46:26,30200.0,500.0,401000.0
1121,2021-10-07 02:46:22,30150.0,1000.0,400500.0
1122,2021-10-07 02:45:52,30200.0,400.0,399500.0
1123,2021-10-07 02:45:52,30200.0,600.0,399100.0
1124,2021-10-07 02:45:37,30200.0,400.0,398500.0
1125,2021-10-07 02:45:29,30200.0,200.0,398100.0
1126,2021-10-07 02:45:29,30200.0,500.0,397900.0
1127,2021-10-07 02:45:29,30200.0,1200.0,397400.0
1128,2021-10-07 02:45:29,30150.0,700.0,396200.0
1129,2021-10-07 02:45:25,30100.0,400.0,395500.0
1130,2021-10-07 02:45:25,30100.0,1300.0,395100.0
1131,2021-10-07 02:45:21,30150.0,200.0,393800.0
1132,2021-10-07 02:45:10,30150.0,200.0,393600.0
1133,2021-10-07 02:45:10,30150.0,400.0,393400.0
1134,2021-10-07 02:45:10,30150.0,500.0,393000.0
1135,2021-10-07 02:45:10,30150.0,2500.0,392500.0
1136,2021-10-07 02:45:06,30200.0,400.0,390000.0
1137,2021-10-07 02:45:06,30200.0,100.0,389600.0
1138,2021-10-07 02:45:02,30200.0,800.0,389500.0
1139,2021-10-07 02:45:02,30200.0,200.0,388700.0
1140,2021-10-07 02:44:59,30150.0,900.0,388500.0
1141,2021-10-07 02:44:54,30150.0,500.0,387600.0
1142,2021-10-07 02:44:37,30200.0,2800.0,387100.0
1143,2021-10-07 02:44:37,30200.0,200.0,384300.0
1144,2021-10-07 02:44:37,30200.0,1000.0,384100.0
1145,2021-10-07 02:44:37,30150.0,2000.0,383100.0
1146,2021-10-07 02:44:35,30150.0,3500.0,381100.0
1147,2021-10-07 02:44:35,30150.0,400.0,377600.0
1148,2021-10-07 02:44:28,30150.0,500.0,377200.0
1149,2021-10-07 02:43:58,30150.0,100.0,376700.0
1150,2021-10-07 02:43:58,30150.0,900.0,376600.0
1151,2021-10-07 02:43:42,30150.0,100.0,375700.0
1152,2021-10-07 02:43:12,30200.0,100.0,375600.0
1153,2021-10-07 02:43:06,30200.0,900.0,375500.0
1154,2021-10-07 02:42:58,30200.0,100.0,374600.0
1155,2021-10-07 02:42:58,30200.0,100.0,374500.0
1156,2021-10-07 02:42:49,30200.0,100.0,374400.0
1157,2021-10-07 02:42:49,30200.0,900.0,374300.0
1158,2021-10-07 02:42:47,30150.0,500.0,373400.0
1159,2021-10-07 02:42:12,30200.0,600.0,372900.0
1160,2021-10-07 02:41:56,30200.0,400.0,372300.0
1161,2021-10-07 02:41:56,30200.0,100.0,371900.0
1162,2021-10-07 02:41:56,30200.0,200.0,371800.0
1163,2021-10-07 02:41:54,30200.0,500.0,371600.0
1164,2021-10-07 02:41:49,30200.0,800.0,371100.0
1165,2021-10-07 02:41:49,30200.0,200.0,370300.0
1166,2021-10-07 02:41:38,30200.0,100.0,370100.0
1167,2021-10-07 02:41:36,30200.0,700.0,370000.0
1168,2021-10-07 02:41:36,30200.0,300.0,369300.0
1169,2021-10-07 02:41:32,30200.0,200.0,369000.0
1170,2021-10-07 02:41:20,30200.0,500.0,368800.0
1171,2021-10-07 02:41:20,30200.0,2500.0,368300.0
1172,2021-10-07 02:41:20,30200.0,100.0,365800.0
1173,2021-10-07 02:41:20,30200.0,100.0,365700.0
1174,2021-10-07 02:41:20,30200.0,5000.0,365600.0
1175,2021-10-07 02:41:20,30200.0,200.0,360600.0
1176,2021-10-07 02:41:20,30200.0,500.0,360400.0
1177,2021-10-07 02:41:20,30200.0,100.0,359900.0
1178,2021-10-07 02:41:20,30200.0,1000.0,359800.0
1179,2021-10-07 02:41:20,30200.0,5000.0,358800.0
1180,2021-10-07 02:41:20,30200.0,100.0,353800.0
1181,2021-10-07 02:41:20,30200.0,4200.0,353700.0
1182,2021-10-07 02:41:07,30200.0,800.0,349500.0
1183,2021-10-07 02:40:26,30200.0,100.0,348700.0
1184,2021-10-07 02:40:26,30200.0,100.0,348600.0
1185,2021-10-07 02:40:25,30150.0,300.0,348500.0
1186,2021-10-07 02:40:05,30150.0,200.0,348200.0
1187,2021-10-07 02:39:55,30150.0,200.0,348000.0
1188,2021-10-07 02:39:28,30150.0,400.0,347800.0
1189,2021-10-07 02:39:26,30150.0,300.0,347400.0
1190,2021-10-07 02:39:26,30150.0,2000.0,347100.0
1191,2021-10-07 02:39:26,30150.0,100.0,345100.0
1192,2021-10-07 02:39:18,30100.0,200.0,345000.0
1193,2021-10-07 02:38:48,30100.0,300.0,344800.0
1194,2021-10-07 02:38:44,30100.0,100.0,344500.0
1195,2021-10-07 02:38:40,30100.0,100.0,344400.0
1196,2021-10-07 02:38:40,30100.0,100.0,344300.0
1197,2021-10-07 02:38:32,30100.0,900.0,344200.0
1198,2021-10-07 02:38:29,30100.0,200.0,343300.0
1199,2021-10-07 02:38:29,30100.0,100.0,343100.0
1200,2021-10-07 02:38:29,30100.0,300.0,343000.0
1201,2021-10-07 02:38:29,30100.0,1800.0,342700.0
1202,2021-10-07 02:38:01,30100.0,2000.0,340900.0
1203,2021-10-07 02:37:55,30100.0,1000.0,338900.0
1204,2021-10-07 02:37:18,30100.0,200.0,337900.0
1205,2021-10-07 02:37:18,30100.0,100.0,337700.0
1206,2021-10-07 02:37:18,30100.0,100.0,337600.0
1207,2021-10-07 02:37:18,30100.0,100.0,337500.0
1208,2021-10-07 02:37:16,30000.0,5500.0,337400.0
1209,2021-10-07 02:36:46,30000.0,1000.0,331900.0
1210,2021-10-07 02:36:46,30000.0,500.0,330900.0
1211,2021-10-07 02:36:46,30000.0,300.0,330400.0
1212,2021-10-07 02:36:46,30000.0,100.0,330100.0
1213,2021-10-07 02:36:46,30000.0,200.0,330000.0
1214,2021-10-07 02:36:46,30000.0,500.0,329800.0
1215,2021-10-07 02:36:46,30000.0,200.0,329300.0
1216,2021-10-07 02:36:46,30000.0,5000.0,329100.0
1217,2021-10-07 02:36:46,30000.0,100.0,324100.0
1218,2021-10-07 02:36:46,30000.0,5000.0,324000.0
1219,2021-10-07 02:36:46,30000.0,500.0,319000.0
1220,2021-10-07 02:36:46,30000.0,100.0,318500.0
1221,2021-10-07 02:36:46,30000.0,100.0,318400.0
1222,2021-10-07 02:36:46,30000.0,200.0,318300.0
1223,2021-10-07 02:36:46,30000.0,400.0,318100.0
1224,2021-10-07 02:36:46,30000.0,1000.0,317700.0
1225,2021-10-07 02:36:46,30000.0,5000.0,316700.0
1226,2021-10-07 02:36:46,30000.0,400.0,311700.0
1227,2021-10-07 02:36:46,30000.0,7400.0,311300.0
1228,2021-10-07 02:36:46,30000.0,500.0,303900.0
1229,2021-10-07 02:36:46,30000.0,100.0,303400.0
1230,2021-10-07 02:36:46,30000.0,200.0,303300.0
1231,2021-10-07 02:36:46,30000.0,600.0,303100.0
1232,2021-10-07 02:36:46,30000.0,1000.0,302500.0
1233,2021-10-07 02:36:46,30000.0,100.0,301500.0
1234,2021-10-07 02:36:46,30000.0,500.0,301400.0
1235,2021-10-07 02:36:46,30000.0,1900.0,300900.0
1236,2021-10-07 02:36:46,30000.0,100.0,299000.0
1237,2021-10-07 02:36:46,30000.0,1000.0,298900.0
1238,2021-10-07 02:36:46,30000.0,100.0,297900.0
1239,2021-10-07 02:36:46,30000.0,3600.0,297800.0
1240,2021-10-07 02:36:41,29950.0,100.0,294200.0
1241,2021-10-07 02:36:08,29950.0,100.0,294100.0
1242,2021-10-07 02:36:07,29950.0,100.0,294000.0
1243,2021-10-07 02:35:41,29950.0,1000.0,293900.0
1244,2021-10-07 02:35:34,29950.0,300.0,292900.0
1245,2021-10-07 02:35:34,29950.0,300.0,292600.0
1246,2021-10-07 02:35:34,29950.0,200.0,292300.0
1247,2021-10-07 02:35:34,29950.0,500.0,292100.0
1248,2021-10-07 02:35:34,29950.0,500.0,291600.0
1249,2021-10-07 02:35:34,29950.0,300.0,291100.0
1250,2021-10-07 02:35:34,29950.0,200.0,290800.0
1251,2021-10-07 02:35:29,29950.0,800.0,290600.0
1252,2021-10-07 02:35:29,29950.0,1000.0,289800.0
1253,2021-10-07 02:35:29,29950.0,200.0,288800.0
1254,2021-10-07 02:35:25,29950.0,300.0,288600.0
1255,2021-10-07 02:35:12,29850.0,300.0,288300.0
1256,2021-10-07 02:35:00,29850.0,100.0,288000.0
1257,2021-10-07 02:34:55,29950.0,2000.0,287900.0
1258,2021-10-07 02:34:34,29950.0,1000.0,285900.0
1259,2021-10-07 02:34:20,29850.0,400.0,284900.0
1260,2021-10-07 02:34:14,29850.0,500.0,284500.0
1261,2021-10-07 02:33:45,29800.0,100.0,284000.0
1262,2021-10-07 02:33:42,29850.0,1000.0,283900.0
1263,2021-10-07 02:33:42,29850.0,500.0,282900.0
1264,2021-10-07 02:33:36,29800.0,300.0,282400.0
1265,2021-10-07 02:33:31,29800.0,200.0,282100.0
1266,2021-10-07 02:33:24,29800.0,100.0,281900.0
1267,2021-10-07 02:33:22,29800.0,200.0,281800.0
1268,2021-10-07 02:33:22,29800.0,1800.0,281600.0
1269,2021-10-07 02:33:22,29800.0,2700.0,279800.0
1270,2021-10-07 02:33:20,29700.0,2100.0,277100.0
1271,2021-10-07 02:33:20,29700.0,100.0,275000.0
1272,2021-10-07 02:33:10,29700.0,1900.0,274900.0
1273,2021-10-07 02:33:10,29700.0,100.0,273000.0
1274,2021-10-07 02:33:02,29800.0,100.0,272900.0
1275,2021-10-07 02:32:19,29600.0,200.0,272800.0
1276,2021-10-07 02:32:03,29600.0,4700.0,272600.0
1277,2021-10-07 02:32:03,29600.0,300.0,267900.0
1278,2021-10-07 02:32:02,29800.0,200.0,267600.0
1279,2021-10-07 02:31:50,29800.0,1000.0,267400.0
1280,2021-10-07 02:31:50,29800.0,800.0,266400.0
1281,2021-10-07 02:31:50,29800.0,1200.0,265600.0
1282,2021-10-07 02:31:49,29800.0,300.0,264400.0
1283,2021-10-07 02:31:30,29800.0,400.0,264100.0
1284,2021-10-07 02:31:30,29850.0,2900.0,263700.0
1285,2021-10-07 02:31:30,29900.0,200.0,260800.0
1286,2021-10-07 02:31:18,29850.0,600.0,260600.0
1287,2021-10-07 02:31:18,29850.0,1500.0,260000.0
1288,2021-10-07 02:30:50,29950.0,3200.0,258500.0
1289,2021-10-07 02:30:35,29950.0,400.0,255300.0
1290,2021-10-07 02:30:34,29950.0,300.0,254900.0
1291,2021-10-07 02:30:34,29950.0,100.0,254600.0
1292,2021-10-07 02:30:34,29950.0,1000.0,254500.0
1293,2021-10-07 02:30:31,29500.0,100.0,253500.0
1294,2021-10-07 02:30:31,29500.0,400.0,253400.0
1295,2021-10-07 02:30:21,29500.0,500.0,253000.0
1296,2021-10-07 02:30:21,29500.0,8900.0,252500.0
1297,2021-10-07 02:30:21,29550.0,600.0,243600.0
1298,2021-10-07 02:30:21,29550.0,100.0,243000.0
1299,2021-10-07 02:30:21,29550.0,200.0,242900.0
1300,2021-10-07 02:29:59,29500.0,900.0,242700.0
1301,2021-10-07 02:29:59,29550.0,100.0,241800.0
1302,2021-10-07 02:29:35,29800.0,100.0,241700.0
1303,2021-10-07 02:29:21,29500.0,200.0,241600.0
1304,2021-10-07 02:29:20,29500.0,100.0,241400.0
1305,2021-10-07 02:29:15,29500.0,100.0,241300.0
1306,2021-10-07 02:29:15,29500.0,600.0,241200.0
1307,2021-10-07 02:29:15,29500.0,100.0,240600.0
1308,2021-10-07 02:29:15,29500.0,1000.0,240500.0
1309,2021-10-07 02:29:15,29500.0,300.0,239500.0
1310,2021-10-07 02:29:15,29500.0,1000.0,239200.0
1311,2021-10-07 02:29:15,29500.0,200.0,238200.0
1312,2021-10-07 02:29:15,29500.0,200.0,238000.0
1313,2021-10-07 02:29:07,29500.0,200.0,237800.0
1314,2021-10-07 02:29:07,29850.0,1400.0,237600.0
1315,2021-10-07 02:29:01,29850.0,1000.0,236200.0
1316,2021-10-07 02:28:59,29850.0,2300.0,235200.0
1317,2021-10-07 02:28:59,29800.0,300.0,232900.0
1318,2021-10-07 02:28:47,29500.0,100.0,232600.0
1319,2021-10-07 02:28:47,29500.0,500.0,232500.0
1320,2021-10-07 02:28:47,29500.0,400.0,232000.0
1321,2021-10-07 02:28:39,29500.0,500.0,231600.0
1322,2021-10-07 02:28:35,29500.0,100.0,231100.0
1323,2021-10-07 02:28:35,29500.0,200.0,231000.0
1324,2021-10-07 02:28:35,29500.0,500.0,230800.0
1325,2021-10-07 02:28:35,29500.0,100.0,230300.0
1326,2021-10-07 02:28:35,29500.0,100.0,230200.0
1327,2021-10-07 02:28:19,29500.0,900.0,230100.0
1328,2021-10-07 02:28:19,29600.0,100.0,229200.0
1329,2021-10-07 02:28:17,29500.0,1000.0,229100.0
1330,2021-10-07 02:28:17,29500.0,500.0,228100.0
1331,2021-10-07 02:28:17,29500.0,200.0,227600.0
1332,2021-10-07 02:28:17,29500.0,200.0,227400.0
1333,2021-10-07 02:28:17,29550.0,100.0,227200.0
1334,2021-10-07 02:28:17,29550.0,2000.0,227100.0
1335,2021-10-07 02:28:17,29550.0,1000.0,225100.0
1336,2021-10-07 02:28:17,29600.0,1000.0,224100.0
1337,2021-10-07 02:28:17,29600.0,1000.0,223100.0
1338,2021-10-07 02:28:17,29650.0,1000.0,222100.0
1339,2021-10-07 02:28:17,29650.0,100.0,221100.0
1340,2021-10-07 02:28:17,29650.0,100.0,221000.0
1341,2021-10-07 02:28:17,29650.0,1000.0,220900.0
1342,2021-10-07 02:28:17,29800.0,800.0,219900.0
1343,2021-10-07 02:28:14,29850.0,700.0,219100.0
1344,2021-10-07 02:28:14,29850.0,800.0,218400.0
1345,2021-10-07 02:28:10,29800.0,2000.0,217600.0
1346,2021-10-07 02:28:04,29800.0,1000.0,215600.0
1347,2021-10-07 02:28:04,29800.0,500.0,214600.0
1348,2021-10-07 02:28:01,29800.0,200.0,214100.0
1349,2021-10-07 02:27:52,29800.0,300.0,213900.0
1350,2021-10-07 02:27:52,29850.0,200.0,213600.0
1351,2021-10-07 02:27:43,29850.0,200.0,213400.0
1352,2021-10-07 02:27:43,29850.0,200.0,213200.0
1353,2021-10-07 02:27:43,29850.0,300.0,213000.0
1354,2021-10-07 02:27:43,29850.0,400.0,212700.0
1355,2021-10-07 02:27:42,29850.0,2000.0,212300.0
1356,2021-10-07 02:27:39,29850.0,500.0,210300.0
1357,2021-10-07 02:27:20,29850.0,100.0,209800.0
1358,2021-10-07 02:27:17,29850.0,3200.0,209700.0
1359,2021-10-07 02:27:07,29850.0,200.0,206500.0
1360,2021-10-07 02:27:05,29850.0,100.0,206300.0
1361,2021-10-07 02:27:05,29850.0,400.0,206200.0
1362,2021-10-07 02:27:05,29850.0,200.0,205800.0
1363,2021-10-07 02:27:05,29900.0,500.0,205600.0
1364,2021-10-07 02:26:54,30000.0,200.0,205100.0
1365,2021-10-07 02:26:54,29900.0,1500.0,204900.0
1366,2021-10-07 02:26:54,29900.0,300.0,203400.0
1367,2021-10-07 02:26:48,29900.0,200.0,203100.0
1368,2021-10-07 02:26:43,29900.0,800.0,202900.0
1369,2021-10-07 02:26:43,29900.0,200.0,202100.0
1370,2021-10-07 02:26:38,30000.0,100.0,201900.0
1371,2021-10-07 02:26:36,30000.0,500.0,201800.0
1372,2021-10-07 02:26:07,30000.0,1000.0,201300.0
1373,2021-10-07 02:25:58,30000.0,1800.0,200300.0
1374,2021-10-07 02:25:58,30000.0,200.0,198500.0
1375,2021-10-07 02:25:51,30000.0,500.0,198300.0
1376,2021-10-07 02:25:51,29900.0,500.0,197800.0
1377,2021-10-07 02:25:26,30000.0,300.0,197300.0
1378,2021-10-07 02:25:26,30000.0,200.0,197000.0
1379,2021-10-07 02:25:11,30000.0,400.0,196800.0
1380,2021-10-07 02:25:11,30000.0,200.0,196400.0
1381,2021-10-07 02:25:11,30000.0,300.0,196200.0
1382,2021-10-07 02:25:11,30000.0,300.0,195900.0
1383,2021-10-07 02:25:11,30000.0,500.0,195600.0
1384,2021-10-07 02:25:11,30000.0,300.0,195100.0
1385,2021-10-07 02:25:11,30000.0,1000.0,194800.0
1386,2021-10-07 02:25:11,30000.0,2000.0,193800.0
1387,2021-10-07 02:25:11,30000.0,500.0,191800.0
1388,2021-10-07 02:25:11,30000.0,1500.0,191300.0
1389,2021-10-07 02:25:11,30000.0,200.0,189800.0
1390,2021-10-07 02:25:11,30000.0,100.0,189600.0
1391,2021-10-07 02:25:11,30000.0,600.0,189500.0
1392,2021-10-07 02:25:11,30000.0,100.0,188900.0
1393,2021-10-07 02:25:11,30000.0,400.0,188800.0
1394,2021-10-07 02:25:11,30000.0,100.0,188400.0
1395,2021-10-07 02:25:11,30000.0,200.0,188300.0
1396,2021-10-07 02:25:11,30000.0,100.0,188100.0
1397,2021-10-07 02:25:07,30000.0,500.0,188000.0
1398,2021-10-07 02:25:05,30000.0,300.0,187500.0
1399,2021-10-07 02:25:01,30000.0,700.0,187200.0
1400,2021-10-07 02:25:01,30000.0,500.0,186500.0
1401,2021-10-07 02:24:56,30000.0,100.0,186000.0
1402,2021-10-07 02:24:56,30000.0,800.0,185900.0
1403,2021-10-07 02:24:56,30000.0,100.0,185100.0
1404,2021-10-07 02:24:54,30100.0,1000.0,185000.0
1405,2021-10-07 02:24:43,30000.0,800.0,184000.0
1406,2021-10-07 02:24:27,30100.0,1000.0,183200.0
1407,2021-10-07 02:24:21,30050.0,200.0,182200.0
1408,2021-10-07 02:24:21,30050.0,300.0,182000.0
1409,2021-10-07 02:24:16,30000.0,500.0,181700.0
1410,2021-10-07 02:24:16,30000.0,1500.0,181200.0
1411,2021-10-07 02:24:07,30050.0,300.0,179700.0
1412,2021-10-07 02:24:07,30050.0,100.0,179400.0
1413,2021-10-07 02:23:50,30200.0,300.0,179300.0
1414,2021-10-07 02:23:33,30050.0,400.0,179000.0
1415,2021-10-07 02:23:33,30050.0,3000.0,178600.0
1416,2021-10-07 02:23:33,30050.0,500.0,175600.0
1417,2021-10-07 02:23:33,30050.0,100.0,175100.0
1418,2021-10-07 02:23:10,30200.0,400.0,175000.0
1419,2021-10-07 02:23:10,30200.0,200.0,174600.0
1420,2021-10-07 02:23:10,30100.0,400.0,174400.0
1421,2021-10-07 02:22:32,30200.0,200.0,174000.0
1422,2021-10-07 02:22:31,30200.0,100.0,173800.0
1423,2021-10-07 02:22:28,30200.0,500.0,173700.0
1424,2021-10-07 02:22:05,30300.0,100.0,173200.0
1425,2021-10-07 02:21:29,30400.0,100.0,173100.0
1426,2021-10-07 02:21:15,30050.0,400.0,173000.0
1427,2021-10-07 02:21:15,30050.0,300.0,172600.0
1428,2021-10-07 02:21:15,30050.0,300.0,172300.0
1429,2021-10-07 02:21:08,30400.0,100.0,172000.0
1430,2021-10-07 02:21:08,30100.0,500.0,171900.0
1431,2021-10-07 02:21:01,30050.0,500.0,171400.0
1432,2021-10-07 02:21:01,30100.0,500.0,170900.0
1433,2021-10-07 02:20:50,30050.0,200.0,170400.0
1434,2021-10-07 02:20:43,30050.0,500.0,170200.0
1435,2021-10-07 02:20:24,30000.0,2100.0,169700.0
1436,2021-10-07 02:20:24,30000.0,100.0,167600.0
1437,2021-10-07 02:20:24,30000.0,1300.0,167500.0
1438,2021-10-07 02:20:24,30050.0,1200.0,166200.0
1439,2021-10-07 02:20:24,30100.0,100.0,165000.0
1440,2021-10-07 02:20:24,30100.0,200.0,164900.0
1441,2021-10-07 02:19:56,30050.0,300.0,164700.0
1442,2021-10-07 02:19:56,30050.0,200.0,164400.0
1443,2021-10-07 02:19:45,30500.0,300.0,164200.0
1444,2021-10-07 02:19:45,30500.0,200.0,163900.0
1445,2021-10-07 02:19:45,30500.0,900.0,163700.0
1446,2021-10-07 02:19:42,30000.0,2600.0,162800.0
1447,2021-10-07 02:19:42,30500.0,100.0,160200.0
1448,2021-10-07 02:19:35,30500.0,100.0,160100.0
1449,2021-10-07 02:19:33,30000.0,400.0,160000.0
1450,2021-10-07 02:19:33,30100.0,600.0,159600.0
1451,2021-10-07 02:19:28,30050.0,400.0,159000.0
1452,2021-10-07 02:19:28,30000.0,2500.0,158600.0
1453,2021-10-07 02:19:13,30000.0,3200.0,156100.0
1454,2021-10-07 02:19:13,30000.0,1000.0,152900.0
1455,2021-10-07 02:19:13,30000.0,100.0,151900.0
1456,2021-10-07 02:19:13,30000.0,200.0,151800.0
1457,2021-10-07 02:19:13,30000.0,100.0,151600.0
1458,2021-10-07 02:19:01,30000.0,100.0,151500.0
1459,2021-10-07 02:19:01,30000.0,100.0,151400.0
1460,2021-10-07 02:19:01,30050.0,1000.0,151300.0
1461,2021-10-07 02:18:49,30050.0,2000.0,150300.0
1462,2021-10-07 02:18:49,30100.0,100.0,148300.0
1463,2021-10-07 02:18:29,30600.0,100.0,148200.0
1464,2021-10-07 02:18:19,30600.0,1000.0,148100.0
1465,2021-10-07 02:18:14,30600.0,200.0,147100.0
1466,2021-10-07 02:18:12,30000.0,200.0,146900.0
1467,2021-10-07 02:18:10,30000.0,100.0,146700.0
1468,2021-10-07 02:18:10,30050.0,1000.0,146600.0
1469,2021-10-07 02:18:10,30500.0,300.0,145600.0
1470,2021-10-07 02:18:10,30500.0,100.0,145300.0
1471,2021-10-07 02:18:10,30500.0,1000.0,145200.0
1472,2021-10-07 02:18:10,30600.0,3300.0,144200.0
1473,2021-10-07 02:18:03,30600.0,1000.0,140900.0
1474,2021-10-07 02:18:03,30600.0,1000.0,139900.0
1475,2021-10-07 02:18:01,30600.0,900.0,138900.0
1476,2021-10-07 02:18:01,30600.0,200.0,138000.0
1477,2021-10-07 02:18:01,30500.0,1000.0,137800.0
1478,2021-10-07 02:18:01,30500.0,100.0,136800.0
1479,2021-10-07 02:18:01,30500.0,1000.0,136700.0
1480,2021-10-07 02:17:59,30500.0,2000.0,135700.0
1481,2021-10-07 02:17:53,30500.0,2000.0,133700.0
1482,2021-10-07 02:17:53,30500.0,1500.0,131700.0
1483,2021-10-07 02:17:53,30500.0,1500.0,130200.0
1484,2021-10-07 02:17:48,30500.0,100.0,128700.0
1485,2021-10-07 02:17:47,30500.0,100.0,128600.0
1486,2021-10-07 02:17:46,30500.0,300.0,128500.0
1487,2021-10-07 02:17:37,30500.0,1000.0,128200.0
1488,2021-10-07 02:17:37,30500.0,100.0,127200.0
1489,2021-10-07 02:17:37,30500.0,1000.0,127100.0
1490,2021-10-07 02:17:37,30500.0,1000.0,126100.0
1491,2021-10-07 02:17:37,30400.0,500.0,125100.0
1492,2021-10-07 02:17:37,30400.0,300.0,124600.0
1493,2021-10-07 02:17:37,30300.0,500.0,124300.0
1494,2021-10-07 02:17:33,30300.0,500.0,123800.0
1495,2021-10-07 02:17:33,30250.0,500.0,123300.0
1496,2021-10-07 02:17:18,30000.0,1000.0,122800.0
1497,2021-10-07 02:17:17,30000.0,100.0,121800.0
1498,2021-10-07 02:17:17,30000.0,100.0,121700.0
1499,2021-10-07 02:17:17,30000.0,100.0,121600.0
1500,2021-10-07 02:17:17,30000.0,500.0,121500.0
1501,2021-10-07 02:17:17,30000.0,1000.0,121000.0
1502,2021-10-07 02:17:17,30000.0,100.0,120000.0
1503,2021-10-07 02:17:17,30000.0,200.0,119900.0
1504,2021-10-07 02:17:17,30000.0,7700.0,119700.0
1505,2021-10-07 02:17:17,30000.0,1000.0,112000.0
1506,2021-10-07 02:17:17,30000.0,300.0,111000.0
1507,2021-10-07 02:17:16,30000.0,1700.0,110700.0
1508,2021-10-07 02:17:16,30000.0,5000.0,109000.0
1509,2021-10-07 02:17:16,30000.0,500.0,104000.0
1510,2021-10-07 02:17:16,30000.0,800.0,103500.0
1511,2021-10-07 02:17:15,30000.0,100.0,102700.0
1512,2021-10-07 02:17:14,30000.0,100.0,102600.0
1513,2021-10-07 02:17:14,30000.0,2000.0,102500.0
1514,2021-10-07 02:17:14,30000.0,900.0,100500.0
1515,2021-10-07 02:17:06,30000.0,100.0,99600.0
1516,2021-10-07 02:17:06,30000.0,400.0,99500.0
1517,2021-10-07 02:17:06,29950.0,500.0,99100.0
1518,2021-10-07 02:16:57,30000.0,1000.0,98600.0
1519,2021-10-07 02:16:38,29450.0,100.0,97600.0
1520,2021-10-07 02:16:38,29500.0,600.0,97500.0
1521,2021-10-07 02:16:38,29500.0,200.0,96900.0
1522,2021-10-07 02:16:38,29600.0,100.0,96700.0
1523,2021-10-07 02:16:37,29500.0,800.0,96600.0
1524,2021-10-07 02:16:33,29500.0,300.0,95800.0
1525,2021-10-07 02:16:32,29500.0,200.0,95500.0
1526,2021-10-07 02:16:32,29500.0,100.0,95300.0
1527,2021-10-07 02:16:32,29500.0,200.0,95200.0
1528,2021-10-07 02:16:31,29500.0,300.0,95000.0
1529,2021-10-07 02:16:31,29500.0,500.0,94700.0
1530,2021-10-07 02:16:27,29450.0,100.0,94200.0
1531,2021-10-07 02:16:23,29450.0,200.0,94100.0
1532,2021-10-07 02:16:15,29450.0,1000.0,93900.0
1533,2021-10-07 02:15:52,29200.0,100.0,92900.0
1534,2021-10-07 02:15:52,29200.0,100.0,92800.0
1535,2021-10-07 02:15:03,29000.0,100.0,92700.0
1536,2021-10-07 02:15:00,29000.0,400.0,92600.0
1537,2021-10-07 02:15:00,29000.0,500.0,92200.0
1538,2021-10-07 02:15:00,29000.0,100.0,91700.0
1539,2021-10-07 02:15:00,29000.0,100.0,91600.0
1540,2021-10-07 02:15:00,29000.0,100.0,91500.0
1541,2021-10-07 02:15:00,29000.0,100.0,91400.0
1542,2021-10-07 02:15:00,29000.0,100.0,91300.0
1543,2021-10-07 02:15:00,29000.0,200.0,91200.0
1544,2021-10-07 02:15:00,29000.0,100.0,91000.0
1545,2021-10-07 02:15:00,29000.0,300.0,90900.0
1546,2021-10-07 02:15:00,29000.0,100.0,90600.0
1547,2021-10-07 02:15:00,29000.0,500.0,90500.0
1548,2021-10-07 02:15:00,29000.0,3000.0,90000.0
1549,2021-10-07 02:15:00,29000.0,800.0,87000.0
1550,2021-10-07 02:15:00,29000.0,100.0,86200.0
1551,2021-10-07 02:15:00,29000.0,100.0,86100.0
1552,2021-10-07 02:15:00,29000.0,300.0,86000.0
1553,2021-10-07 02:15:00,29000.0,200.0,85700.0
1554,2021-10-07 02:15:00,29000.0,200.0,85500.0
1555,2021-10-07 02:15:00,29000.0,1000.0,85300.0
1556,2021-10-07 02:15:00,29000.0,100.0,84300.0
1557,2021-10-07 02:15:00,29000.0,1000.0,84200.0
1558,2021-10-07 02:15:00,29000.0,200.0,83200.0
1559,2021-10-07 02:15:00,29000.0,200.0,83000.0
1560,2021-10-07 02:15:00,29000.0,7900.0,82800.0
1561,2021-10-07 02:15:00,29000.0,1500.0,74900.0
1562,2021-10-07 02:15:00,29000.0,1400.0,73400.0
1563,2021-10-07 02:15:00,29000.0,400.0,72000.0
1564,2021-10-07 02:15:00,29000.0,700.0,71600.0
1565,2021-10-07 02:15:00,29000.0,5300.0,70900.0
1566,2021-10-07 02:15:00,29000.0,3000.0,65600.0
1567,2021-10-07 02:15:00,29000.0,1000.0,62600.0
1568,2021-10-07 02:15:00,29000.0,1000.0,61600.0
1569,2021-10-07 02:15:00,29000.0,1000.0,60600.0
1570,2021-10-07 02:15:00,29000.0,700.0,59600.0
1571,2021-10-07 02:15:00,29000.0,300.0,58900.0
1572,2021-10-07 02:15:00,29000.0,2700.0,58600.0
1573,2021-10-07 02:15:00,29000.0,2300.0,55900.0
1574,2021-10-07 02:15:00,29000.0,2000.0,53600.0
1575,2021-10-07 02:15:00,29000.0,200.0,51600.0
1576,2021-10-07 02:15:00,29000.0,5000.0,51400.0
1577,2021-10-07 02:15:00,29000.0,500.0,46400.0
1578,2021-10-07 02:15:00,29000.0,500.0,45900.0
1579,2021-10-07 02:15:00,29000.0,200.0,45400.0
1580,2021-10-07 02:15:00,29000.0,200.0,45200.0
1581,2021-10-07 02:15:00,29000.0,100.0,45000.0
1582,2021-10-07 02:15:00,29000.0,500.0,44900.0
1583,2021-10-07 02:15:00,29000.0,900.0,44400.0
1584,2021-10-07 02:15:00,29000.0,1000.0,43500.0
1585,2021-10-07 02:15:00,29000.0,500.0,42500.0
1586,2021-10-07 02:15:00,29000.0,200.0,42000.0
1587,2021-10-07 02:15:00,29000.0,700.0,41800.0
1588,2021-10-07 02:15:00,29000.0,100.0,41100.0
1589,2021-10-07 02:15:00,29000.0,700.0,41000.0
1590,2021-10-07 02:15:00,29000.0,200.0,40300.0
1591,2021-10-07 02:15:00,29000.0,500.0,40100.0
1592,2021-10-07 02:15:00,29000.0,600.0,39600.0
1593,2021-10-07 02:15:00,29000.0,800.0,39000.0
1594,2021-10-07 02:15:00,29000.0,100.0,38200.0
1595,2021-10-07 02:15:00,29000.0,2200.0,38100.0
1596,2021-10-07 02:15:00,29000.0,100.0,35900.0
1597,2021-10-07 02:15:00,29000.0,8300.0,35800.0
1598,2021-10-07 02:15:00,29000.0,500.0,27500.0
1599,2021-10-07 02:15:00,29000.0,2500.0,27000.0
1600,2021-10-07 02:15:00,29000.0,1000.0,24500.0
1601,2021-10-07 02:15:00,29000.0,2000.0,23500.0
1602,2021-10-07 02:15:00,29000.0,5700.0,21500.0
1603,2021-10-07 02:15:00,29000.0,200.0,15800.0
1604,2021-10-07 02:15:00,29000.0,800.0,15600.0
1605,2021-10-07 02:15:00,29000.0,300.0,14800.0
1606,2021-10-07 02:15:00,29000.0,100.0,14500.0
1607,2021-10-07 02:15:00,29000.0,700.0,14400.0
1608,2021-10-07 02:15:00,29000.0,500.0,13700.0
1609,2021-10-07 02:15:00,29000.0,800.0,13200.0
1610,2021-10-07 02:15:00,29000.0,300.0,12400.0
1611,2021-10-07 02:15:00,29000.0,600.0,12100.0
1612,2021-10-07 02:15:00,29000.0,400.0,11500.0
1613,2021-10-07 02:15:00,29000.0,1000.0,11100.0
1614,2021-10-07 02:15:00,29000.0,300.0,10100.0
1615,2021-10-07 02:15:00,29000.0,300.0,9800.0
1616,2021-10-07 02:15:00,29000.0,700.0,9500.0
1617,2021-10-07 02:15:00,29000.0,200.0,8800.0
1618,2021-10-07 02:15:00,29000.0,100.0,8600.0
1619,2021-10-07 02:15:00,29000.0,400.0,8500.0
1620,2021-10-07 02:15:00,29000.0,1500.0,8100.0
1621,2021-10-07 02:15:00,29000.0,500.0,6600.0
1622,2021-10-07 02:15:00,29000.0,100.0,6100.0
1623,2021-10-07 02:15:00,29000.0,100.0,6000.0
1624,2021-10-07 02:15:00,29000.0,1400.0,5900.0
1625,2021-10-07 02:15:00,29000.0,300.0,4500.0
1626,2021-10-07 02:15:00,29000.0,1000.0,4200.0
1627,2021-10-07 02:15:00,29000.0,2500.0,3200.0
1628,2021-10-07 02:15:00,29000.0,500.0,700.0
1629,2021-10-07 02:15:00,29000.0,100.0,200.0
1630,2021-10-07 02:15:00,29000.0,100.0,100.0
