,Time,Price,Volume_per_trade,Volume
0,2021-10-22 07:45:01,99000.0,30000.0,4819000.0
1,2021-10-22 07:45:01,99000.0,13800.0,4789000.0
2,2021-10-22 07:45:01,99000.0,25000.0,4775200.0
3,2021-10-22 07:45:01,99000.0,2000.0,4750200.0
4,2021-10-22 07:45:01,99000.0,4200.0,4748200.0
5,2021-10-22 07:45:01,99000.0,39000.0,4744000.0
6,2021-10-22 07:45:01,99000.0,11000.0,4705000.0
7,2021-10-22 07:45:01,99000.0,25500.0,4694000.0
8,2021-10-22 07:45:01,99000.0,19500.0,4668500.0
9,2021-10-22 07:45:01,99000.0,100.0,4649000.0
10,2021-10-22 07:45:01,99000.0,3000.0,4648900.0
11,2021-10-22 07:45:01,99000.0,6800.0,4645900.0
12,2021-10-22 07:45:01,99000.0,2000.0,4639100.0
13,2021-10-22 07:45:01,99000.0,1600.0,4637100.0
14,2021-10-22 07:45:01,99000.0,1600.0,4635500.0
15,2021-10-22 07:45:01,99000.0,1400.0,4633900.0
16,2021-10-22 07:45:01,99000.0,6600.0,4632500.0
17,2021-10-22 07:45:01,99000.0,1000.0,4625900.0
18,2021-10-22 07:45:01,99000.0,1300.0,4624900.0
19,2021-10-22 07:45:01,99000.0,4500.0,4623600.0
20,2021-10-22 07:45:01,99000.0,400.0,4619100.0
21,2021-10-22 07:45:01,99000.0,100.0,4618700.0
22,2021-10-22 07:45:01,99000.0,100.0,4618600.0
23,2021-10-22 07:45:01,99000.0,10000.0,4618500.0
24,2021-10-22 07:45:01,99000.0,14500.0,4608500.0
25,2021-10-22 07:45:01,99000.0,100.0,4594000.0
26,2021-10-22 07:45:01,99000.0,1500.0,4593900.0
27,2021-10-22 07:45:01,99000.0,2000.0,4592400.0
28,2021-10-22 07:45:01,99000.0,100.0,4590400.0
29,2021-10-22 07:45:01,99000.0,100.0,4590300.0
30,2021-10-22 07:45:01,99000.0,100.0,4590200.0
31,2021-10-22 07:45:01,99000.0,4300.0,4590100.0
32,2021-10-22 07:45:01,99000.0,1200.0,4585800.0
33,2021-10-22 07:45:01,99000.0,100.0,4584600.0
34,2021-10-22 07:45:01,99000.0,400.0,4584500.0
35,2021-10-22 07:45:01,99000.0,200.0,4584100.0
36,2021-10-22 07:45:01,99000.0,600.0,4583900.0
37,2021-10-22 07:45:01,99000.0,2800.0,4583300.0
38,2021-10-22 07:45:01,99000.0,100.0,4580500.0
39,2021-10-22 07:45:01,99000.0,100.0,4580400.0
40,2021-10-22 07:29:45,99000.0,200.0,4580300.0
41,2021-10-22 07:29:45,99000.0,1600.0,4580100.0
42,2021-10-22 07:29:45,99000.0,1600.0,4578500.0
43,2021-10-22 07:29:45,99000.0,1600.0,4576900.0
44,2021-10-22 07:29:45,99000.0,1600.0,4575300.0
45,2021-10-22 07:29:45,99000.0,1600.0,4573700.0
46,2021-10-22 07:29:45,99000.0,1600.0,4572100.0
47,2021-10-22 07:29:45,99000.0,200.0,4570500.0
48,2021-10-22 07:29:45,99000.0,1400.0,4570300.0
49,2021-10-22 07:29:45,99000.0,1600.0,4568900.0
50,2021-10-22 07:29:45,99000.0,1600.0,4567300.0
51,2021-10-22 07:29:45,99000.0,1600.0,4565700.0
52,2021-10-22 07:29:45,99000.0,1600.0,4564100.0
53,2021-10-22 07:29:45,99000.0,1600.0,4562500.0
54,2021-10-22 07:29:45,99000.0,1600.0,4560900.0
55,2021-10-22 07:29:45,99000.0,1600.0,4559300.0
56,2021-10-22 07:29:45,99000.0,1600.0,4557700.0
57,2021-10-22 07:29:45,99000.0,1600.0,4556100.0
58,2021-10-22 07:29:45,99000.0,1600.0,4554500.0
59,2021-10-22 07:29:45,99000.0,1600.0,4552900.0
60,2021-10-22 07:29:45,99000.0,1600.0,4551300.0
61,2021-10-22 07:29:45,99000.0,1600.0,4549700.0
62,2021-10-22 07:29:45,99000.0,1600.0,4548100.0
63,2021-10-22 07:29:45,99000.0,1600.0,4546500.0
64,2021-10-22 07:29:45,99000.0,1600.0,4544900.0
65,2021-10-22 07:29:45,99000.0,1600.0,4543300.0
66,2021-10-22 07:29:22,99000.0,500.0,4541700.0
67,2021-10-22 07:29:16,99000.0,100.0,4541200.0
68,2021-10-22 07:29:16,99000.0,800.0,4541100.0
69,2021-10-22 07:29:10,99000.0,100.0,4540300.0
70,2021-10-22 07:29:00,99000.0,1500.0,4540200.0
71,2021-10-22 07:29:00,99000.0,1600.0,4538700.0
72,2021-10-22 07:29:00,99000.0,1600.0,4537100.0
73,2021-10-22 07:29:00,99000.0,300.0,4535500.0
74,2021-10-22 07:28:59,99000.0,400.0,4535200.0
75,2021-10-22 07:28:51,99000.0,900.0,4534800.0
76,2021-10-22 07:28:51,99000.0,1600.0,4533900.0
77,2021-10-22 07:28:51,99000.0,1500.0,4532300.0
78,2021-10-22 07:28:31,99000.0,100.0,4530800.0
79,2021-10-22 07:28:31,99000.0,900.0,4530700.0
80,2021-10-22 07:28:29,99000.0,700.0,4529800.0
81,2021-10-22 07:28:28,99000.0,200.0,4529100.0
82,2021-10-22 07:28:28,99000.0,200.0,4528900.0
83,2021-10-22 07:28:28,99000.0,1200.0,4528700.0
84,2021-10-22 07:28:28,99000.0,1600.0,4527500.0
85,2021-10-22 07:28:28,99000.0,1600.0,4525900.0
86,2021-10-22 07:28:28,99000.0,600.0,4524300.0
87,2021-10-22 07:28:28,99000.0,1000.0,4523700.0
88,2021-10-22 07:28:28,99000.0,1600.0,4522700.0
89,2021-10-22 07:28:28,99000.0,1600.0,4521100.0
90,2021-10-22 07:28:28,99000.0,1600.0,4519500.0
91,2021-10-22 07:28:21,99000.0,500.0,4517900.0
92,2021-10-22 07:28:20,99000.0,200.0,4517400.0
93,2021-10-22 07:26:57,99000.0,500.0,4517200.0
94,2021-10-22 07:26:45,99000.0,900.0,4516700.0
95,2021-10-22 07:26:44,99000.0,1100.0,4515800.0
96,2021-10-22 07:26:44,99000.0,200.0,4514700.0
97,2021-10-22 07:26:44,99000.0,1300.0,4514500.0
98,2021-10-22 07:26:44,99000.0,1300.0,4513200.0
99,2021-10-22 07:26:44,99000.0,1300.0,4511900.0
100,2021-10-22 07:26:44,99000.0,1300.0,4510600.0
101,2021-10-22 07:26:44,99000.0,1300.0,4509300.0
102,2021-10-22 07:26:43,99000.0,1300.0,4508000.0
103,2021-10-22 07:26:43,99000.0,1300.0,4506700.0
104,2021-10-22 07:26:42,99000.0,1300.0,4505400.0
105,2021-10-22 07:26:42,99000.0,1300.0,4504100.0
106,2021-10-22 07:26:42,99000.0,1300.0,4502800.0
107,2021-10-22 07:26:42,99000.0,1300.0,4501500.0
108,2021-10-22 07:26:42,99000.0,1300.0,4500200.0
109,2021-10-22 07:26:42,99000.0,1300.0,4498900.0
110,2021-10-22 07:26:42,99000.0,1200.0,4497600.0
111,2021-10-22 07:26:42,99000.0,100.0,4496400.0
112,2021-10-22 07:26:41,99000.0,1300.0,4496300.0
113,2021-10-22 07:26:41,99000.0,1300.0,4495000.0
114,2021-10-22 07:26:41,99000.0,1300.0,4493700.0
115,2021-10-22 07:26:41,99000.0,1300.0,4492400.0
116,2021-10-22 07:26:17,99000.0,300.0,4491100.0
117,2021-10-22 07:26:09,99000.0,300.0,4490800.0
118,2021-10-22 07:26:09,99000.0,800.0,4490500.0
119,2021-10-22 07:26:09,99000.0,1600.0,4489700.0
120,2021-10-22 07:26:09,99000.0,1600.0,4488100.0
121,2021-10-22 07:26:09,99000.0,1600.0,4486500.0
122,2021-10-22 07:26:09,99000.0,1600.0,4484900.0
123,2021-10-22 07:26:09,99000.0,1600.0,4483300.0
124,2021-10-22 07:26:09,99000.0,1600.0,4481700.0
125,2021-10-22 07:26:09,99000.0,1600.0,4480100.0
126,2021-10-22 07:26:09,99000.0,1600.0,4478500.0
127,2021-10-22 07:26:09,99000.0,1600.0,4476900.0
128,2021-10-22 07:26:09,99000.0,200.0,4475300.0
129,2021-10-22 07:25:55,99000.0,200.0,4475100.0
130,2021-10-22 07:25:55,99000.0,1200.0,4474900.0
131,2021-10-22 07:25:55,99000.0,1600.0,4473700.0
132,2021-10-22 07:25:55,99000.0,1600.0,4472100.0
133,2021-10-22 07:25:55,99000.0,600.0,4470500.0
134,2021-10-22 07:25:55,99000.0,1000.0,4469900.0
135,2021-10-22 07:25:55,99000.0,1600.0,4468900.0
136,2021-10-22 07:25:27,99000.0,200.0,4467300.0
137,2021-10-22 07:24:26,99000.0,500.0,4467100.0
138,2021-10-22 07:23:47,99000.0,100.0,4466600.0
139,2021-10-22 07:23:46,98900.0,1900.0,4466500.0
140,2021-10-22 07:23:32,99000.0,300.0,4464600.0
141,2021-10-22 07:23:29,99000.0,1000.0,4464300.0
142,2021-10-22 07:23:21,99000.0,800.0,4463300.0
143,2021-10-22 07:23:09,99000.0,300.0,4462500.0
144,2021-10-22 07:23:01,99000.0,500.0,4462200.0
145,2021-10-22 07:22:52,99000.0,500.0,4461700.0
146,2021-10-22 07:22:52,99000.0,800.0,4461200.0
147,2021-10-22 07:22:43,99000.0,500.0,4460400.0
148,2021-10-22 07:22:42,99000.0,100.0,4459900.0
149,2021-10-22 07:22:35,99000.0,500.0,4459800.0
150,2021-10-22 07:22:26,99000.0,500.0,4459300.0
151,2021-10-22 07:22:23,99000.0,800.0,4458800.0
152,2021-10-22 07:22:18,99000.0,500.0,4458000.0
153,2021-10-22 07:22:14,99000.0,500.0,4457500.0
154,2021-10-22 07:22:13,99000.0,200.0,4457000.0
155,2021-10-22 07:22:09,99000.0,500.0,4456800.0
156,2021-10-22 07:22:07,99000.0,10000.0,4456300.0
157,2021-10-22 07:22:01,99000.0,500.0,4446300.0
158,2021-10-22 07:21:55,99000.0,1000.0,4445800.0
159,2021-10-22 07:21:52,99000.0,500.0,4444800.0
160,2021-10-22 07:21:44,99000.0,500.0,4444300.0
161,2021-10-22 07:21:35,99000.0,500.0,4443800.0
162,2021-10-22 07:21:27,99000.0,500.0,4443300.0
163,2021-10-22 07:21:26,99000.0,1000.0,4442800.0
164,2021-10-22 07:21:26,99000.0,5100.0,4441800.0
165,2021-10-22 07:21:18,99100.0,500.0,4436700.0
166,2021-10-22 07:21:11,99100.0,500.0,4436200.0
167,2021-10-22 07:21:05,99100.0,300.0,4435700.0
168,2021-10-22 07:21:01,99100.0,500.0,4435400.0
169,2021-10-22 07:20:53,99100.0,500.0,4434900.0
170,2021-10-22 07:20:45,99100.0,100.0,4434400.0
171,2021-10-22 07:20:45,99100.0,400.0,4434300.0
172,2021-10-22 07:20:43,99000.0,1700.0,4433900.0
173,2021-10-22 07:20:43,99000.0,800.0,4432200.0
174,2021-10-22 07:20:43,99000.0,500.0,4431400.0
175,2021-10-22 07:20:43,99000.0,6200.0,4430900.0
176,2021-10-22 07:20:38,99000.0,5800.0,4424700.0
177,2021-10-22 07:20:35,99000.0,500.0,4418900.0
178,2021-10-22 07:20:32,99000.0,6300.0,4418400.0
179,2021-10-22 07:20:27,99000.0,400.0,4412100.0
180,2021-10-22 07:20:18,99000.0,500.0,4411700.0
181,2021-10-22 07:20:10,99000.0,500.0,4411200.0
182,2021-10-22 07:20:01,99000.0,500.0,4410700.0
183,2021-10-22 07:19:57,98900.0,500.0,4410200.0
184,2021-10-22 07:19:53,99000.0,500.0,4409700.0
185,2021-10-22 07:19:44,99000.0,500.0,4409200.0
186,2021-10-22 07:19:38,99000.0,1000.0,4408700.0
187,2021-10-22 07:19:36,99000.0,500.0,4407700.0
188,2021-10-22 07:19:27,99000.0,500.0,4407200.0
189,2021-10-22 07:19:19,99000.0,500.0,4406700.0
190,2021-10-22 07:19:13,99000.0,1800.0,4406200.0
191,2021-10-22 07:19:10,99000.0,500.0,4404400.0
192,2021-10-22 07:19:02,99000.0,500.0,4403900.0
193,2021-10-22 07:18:55,99000.0,100.0,4403400.0
194,2021-10-22 07:18:55,99000.0,600.0,4403300.0
195,2021-10-22 07:18:55,99000.0,4900.0,4402700.0
196,2021-10-22 07:18:54,99000.0,4000.0,4397800.0
197,2021-10-22 07:18:53,99100.0,500.0,4393800.0
198,2021-10-22 07:18:45,99100.0,500.0,4393300.0
199,2021-10-22 07:18:36,99100.0,500.0,4392800.0
200,2021-10-22 07:18:27,99100.0,500.0,4392300.0
201,2021-10-22 07:18:19,99100.0,500.0,4391800.0
202,2021-10-22 07:18:10,99100.0,500.0,4391300.0
203,2021-10-22 07:18:10,99000.0,2600.0,4390800.0
204,2021-10-22 07:18:05,99000.0,200.0,4388200.0
205,2021-10-22 07:18:05,99000.0,2600.0,4388000.0
206,2021-10-22 07:18:02,99000.0,500.0,4385400.0
207,2021-10-22 07:17:53,99000.0,500.0,4384900.0
208,2021-10-22 07:17:45,99000.0,500.0,4384400.0
209,2021-10-22 07:17:39,99000.0,8500.0,4383900.0
210,2021-10-22 07:17:37,99000.0,400.0,4375400.0
211,2021-10-22 07:17:33,99000.0,200.0,4375000.0
212,2021-10-22 07:17:28,99000.0,500.0,4374800.0
213,2021-10-22 07:17:19,99000.0,500.0,4374300.0
214,2021-10-22 07:17:12,99000.0,500.0,4373800.0
215,2021-10-22 07:17:09,99000.0,15300.0,4373300.0
216,2021-10-22 07:17:09,98900.0,300.0,4358000.0
217,2021-10-22 07:17:02,98900.0,500.0,4357700.0
218,2021-10-22 07:16:54,98900.0,500.0,4357200.0
219,2021-10-22 07:16:52,98900.0,8300.0,4356700.0
220,2021-10-22 07:16:45,98900.0,500.0,4348400.0
221,2021-10-22 07:16:36,98900.0,500.0,4347900.0
222,2021-10-22 07:16:28,98900.0,500.0,4347400.0
223,2021-10-22 07:16:20,98900.0,500.0,4346900.0
224,2021-10-22 07:16:11,98900.0,500.0,4346400.0
225,2021-10-22 07:16:02,98900.0,500.0,4345900.0
226,2021-10-22 07:15:55,98900.0,500.0,4345400.0
227,2021-10-22 07:15:45,98900.0,500.0,4344900.0
228,2021-10-22 07:15:37,98900.0,500.0,4344400.0
229,2021-10-22 07:15:28,98900.0,500.0,4343900.0
230,2021-10-22 07:15:26,98800.0,10000.0,4343400.0
231,2021-10-22 07:15:20,98900.0,500.0,4333400.0
232,2021-10-22 07:15:13,98900.0,1100.0,4332900.0
233,2021-10-22 07:15:11,98900.0,500.0,4331800.0
234,2021-10-22 07:15:11,99000.0,3500.0,4331300.0
235,2021-10-22 07:15:11,99000.0,3500.0,4327800.0
236,2021-10-22 07:15:11,99000.0,3500.0,4324300.0
237,2021-10-22 07:15:11,99000.0,2800.0,4320800.0
238,2021-10-22 07:15:03,99100.0,200.0,4318000.0
239,2021-10-22 07:15:03,99100.0,300.0,4317800.0
240,2021-10-22 07:15:03,99000.0,700.0,4317500.0
241,2021-10-22 07:15:03,99000.0,600.0,4316800.0
242,2021-10-22 07:15:01,99000.0,100.0,4316200.0
243,2021-10-22 07:15:01,99000.0,500.0,4316100.0
244,2021-10-22 07:15:01,99000.0,2300.0,4315600.0
245,2021-10-22 07:15:01,99000.0,3500.0,4313300.0
246,2021-10-22 07:15:01,99000.0,3500.0,4309800.0
247,2021-10-22 07:15:01,99000.0,3500.0,4306300.0
248,2021-10-22 07:15:01,99000.0,3500.0,4302800.0
249,2021-10-22 07:15:01,99000.0,3500.0,4299300.0
250,2021-10-22 07:15:01,99000.0,3500.0,4295800.0
251,2021-10-22 07:15:01,99000.0,700.0,4292300.0
252,2021-10-22 07:15:01,98900.0,100.0,4291600.0
253,2021-10-22 07:15:01,98900.0,2700.0,4291500.0
254,2021-10-22 07:15:01,98900.0,3500.0,4288800.0
255,2021-10-22 07:15:01,98900.0,3500.0,4285300.0
256,2021-10-22 07:15:01,98900.0,3500.0,4281800.0
257,2021-10-22 07:15:01,98900.0,3500.0,4278300.0
258,2021-10-22 07:14:55,98900.0,500.0,4274800.0
259,2021-10-22 07:14:46,98900.0,400.0,4274300.0
260,2021-10-22 07:14:37,98900.0,500.0,4273900.0
261,2021-10-22 07:14:37,98900.0,400.0,4273400.0
262,2021-10-22 07:14:37,98900.0,1000.0,4273000.0
263,2021-10-22 07:14:37,98900.0,400.0,4272000.0
264,2021-10-22 07:14:37,98900.0,10100.0,4271600.0
265,2021-10-22 07:14:32,99000.0,6000.0,4261500.0
266,2021-10-22 07:14:28,99100.0,500.0,4255500.0
267,2021-10-22 07:14:22,99000.0,100.0,4255000.0
268,2021-10-22 07:14:22,99000.0,9200.0,4254900.0
269,2021-10-22 07:14:20,99000.0,500.0,4245700.0
270,2021-10-22 07:14:17,99000.0,8600.0,4245200.0
271,2021-10-22 07:14:11,99000.0,500.0,4236600.0
272,2021-10-22 07:14:04,99000.0,500.0,4236100.0
273,2021-10-22 07:14:01,99000.0,400.0,4235600.0
274,2021-10-22 07:13:55,99000.0,500.0,4235200.0
275,2021-10-22 07:13:46,99000.0,500.0,4234700.0
276,2021-10-22 07:13:37,99000.0,500.0,4234200.0
277,2021-10-22 07:13:29,99000.0,500.0,4233700.0
278,2021-10-22 07:13:20,99000.0,500.0,4233200.0
279,2021-10-22 07:13:13,99000.0,500.0,4232700.0
280,2021-10-22 07:13:11,99000.0,200.0,4232200.0
281,2021-10-22 07:13:04,99000.0,2100.0,4232000.0
282,2021-10-22 07:13:04,99000.0,500.0,4229900.0
283,2021-10-22 07:12:55,99000.0,500.0,4229400.0
284,2021-10-22 07:12:46,99000.0,500.0,4228900.0
285,2021-10-22 07:12:38,99100.0,500.0,4228400.0
286,2021-10-22 07:12:29,99100.0,500.0,4227900.0
287,2021-10-22 07:12:21,99100.0,100.0,4227400.0
288,2021-10-22 07:12:21,99000.0,200.0,4227300.0
289,2021-10-22 07:12:21,99000.0,200.0,4227100.0
290,2021-10-22 07:12:12,99000.0,500.0,4226900.0
291,2021-10-22 07:12:04,99000.0,500.0,4226400.0
292,2021-10-22 07:11:55,99000.0,500.0,4225900.0
293,2021-10-22 07:11:47,99000.0,100.0,4225400.0
294,2021-10-22 07:11:46,99000.0,400.0,4225300.0
295,2021-10-22 07:11:45,99000.0,200.0,4224900.0
296,2021-10-22 07:11:45,99000.0,1000.0,4224700.0
297,2021-10-22 07:11:38,99000.0,500.0,4223700.0
298,2021-10-22 07:11:29,99000.0,500.0,4223200.0
299,2021-10-22 07:11:27,99000.0,100.0,4222700.0
300,2021-10-22 07:11:21,99000.0,500.0,4222600.0
301,2021-10-22 07:11:12,99000.0,500.0,4222100.0
302,2021-10-22 07:11:10,99000.0,500.0,4221600.0
303,2021-10-22 07:11:06,99000.0,100.0,4221100.0
304,2021-10-22 07:11:06,99000.0,200.0,4221000.0
305,2021-10-22 07:11:04,99000.0,500.0,4220800.0
306,2021-10-22 07:10:55,99000.0,500.0,4220300.0
307,2021-10-22 07:10:50,99000.0,400.0,4219800.0
308,2021-10-22 07:10:48,99000.0,500.0,4219400.0
309,2021-10-22 07:10:38,99000.0,500.0,4218900.0
310,2021-10-22 07:10:33,99000.0,1600.0,4218400.0
311,2021-10-22 07:10:30,99000.0,500.0,4216800.0
312,2021-10-22 07:10:21,99000.0,500.0,4216300.0
313,2021-10-22 07:08:48,98900.0,4000.0,4215800.0
314,2021-10-22 07:08:45,99000.0,400.0,4211800.0
315,2021-10-22 07:08:40,99000.0,400.0,4211400.0
316,2021-10-22 07:08:28,99000.0,400.0,4211000.0
317,2021-10-22 07:08:19,99000.0,500.0,4210600.0
318,2021-10-22 07:08:11,99000.0,400.0,4210100.0
319,2021-10-22 07:08:10,99000.0,400.0,4209700.0
320,2021-10-22 07:08:10,99000.0,800.0,4209300.0
321,2021-10-22 07:08:10,99000.0,1400.0,4208500.0
322,2021-10-22 07:08:10,99000.0,1400.0,4207100.0
323,2021-10-22 07:08:10,99000.0,1400.0,4205700.0
324,2021-10-22 07:08:10,99000.0,1400.0,4204300.0
325,2021-10-22 07:08:10,99000.0,1400.0,4202900.0
326,2021-10-22 07:08:10,99000.0,1400.0,4201500.0
327,2021-10-22 07:08:10,99000.0,1400.0,4200100.0
328,2021-10-22 07:08:10,99000.0,1400.0,4198700.0
329,2021-10-22 07:08:10,99000.0,1400.0,4197300.0
330,2021-10-22 07:08:10,99000.0,1400.0,4195900.0
331,2021-10-22 07:08:10,99000.0,1400.0,4194500.0
332,2021-10-22 07:08:00,99000.0,1400.0,4193100.0
333,2021-10-22 07:08:00,99000.0,1400.0,4191700.0
334,2021-10-22 07:08:00,99000.0,1400.0,4190300.0
335,2021-10-22 07:08:00,99000.0,1400.0,4188900.0
336,2021-10-22 07:08:00,99000.0,1400.0,4187500.0
337,2021-10-22 07:08:00,99000.0,1400.0,4186100.0
338,2021-10-22 07:08:00,99000.0,1400.0,4184700.0
339,2021-10-22 07:08:00,99000.0,1400.0,4183300.0
340,2021-10-22 07:08:00,99000.0,1400.0,4181900.0
341,2021-10-22 07:08:00,99000.0,1400.0,4180500.0
342,2021-10-22 07:08:00,99000.0,1400.0,4179100.0
343,2021-10-22 07:08:00,99000.0,1400.0,4177700.0
344,2021-10-22 07:08:00,99000.0,1400.0,4176300.0
345,2021-10-22 07:08:00,99000.0,300.0,4174900.0
346,2021-10-22 07:08:00,99000.0,300.0,4174600.0
347,2021-10-22 07:08:00,99000.0,800.0,4174300.0
348,2021-10-22 07:08:00,99000.0,600.0,4173500.0
349,2021-10-22 07:08:00,99000.0,800.0,4172900.0
350,2021-10-22 07:08:00,99000.0,600.0,4172100.0
351,2021-10-22 07:08:00,99000.0,800.0,4171500.0
352,2021-10-22 07:08:00,99000.0,600.0,4170700.0
353,2021-10-22 07:08:00,99000.0,800.0,4170100.0
354,2021-10-22 07:07:22,98900.0,15000.0,4169300.0
355,2021-10-22 07:07:02,98900.0,100.0,4154300.0
356,2021-10-22 07:06:52,98900.0,200.0,4154200.0
357,2021-10-22 07:06:52,99000.0,300.0,4154000.0
358,2021-10-22 07:06:44,99000.0,300.0,4153700.0
359,2021-10-22 07:06:44,99000.0,100.0,4153400.0
360,2021-10-22 07:06:43,99000.0,100.0,4153300.0
361,2021-10-22 07:06:36,99000.0,500.0,4153200.0
362,2021-10-22 07:06:27,99000.0,400.0,4152700.0
363,2021-10-22 07:06:19,99000.0,300.0,4152300.0
364,2021-10-22 07:06:19,99000.0,100.0,4152000.0
365,2021-10-22 07:06:10,99000.0,400.0,4151900.0
366,2021-10-22 07:06:08,99000.0,200.0,4151500.0
367,2021-10-22 07:06:01,99000.0,500.0,4151300.0
368,2021-10-22 07:05:53,99000.0,200.0,4150800.0
369,2021-10-22 07:05:53,99000.0,200.0,4150600.0
370,2021-10-22 07:05:44,99000.0,400.0,4150400.0
371,2021-10-22 07:05:35,99000.0,400.0,4150000.0
372,2021-10-22 07:05:32,99000.0,400.0,4149600.0
373,2021-10-22 07:05:32,99000.0,1400.0,4149200.0
374,2021-10-22 07:05:32,99000.0,1400.0,4147800.0
375,2021-10-22 07:05:32,99000.0,1400.0,4146400.0
376,2021-10-22 07:05:32,99000.0,1400.0,4145000.0
377,2021-10-22 07:05:32,99000.0,1400.0,4143600.0
378,2021-10-22 07:05:32,99000.0,1400.0,4142200.0
379,2021-10-22 07:05:32,99000.0,1200.0,4140800.0
380,2021-10-22 07:05:32,99000.0,100.0,4139600.0
381,2021-10-22 07:05:32,99000.0,100.0,4139500.0
382,2021-10-22 07:05:32,99000.0,1400.0,4139400.0
383,2021-10-22 07:05:27,99100.0,500.0,4138000.0
384,2021-10-22 07:05:23,99100.0,1200.0,4137500.0
385,2021-10-22 07:05:23,99100.0,3600.0,4136300.0
386,2021-10-22 07:05:18,99200.0,100.0,4132700.0
387,2021-10-22 07:05:18,99200.0,300.0,4132600.0
388,2021-10-22 07:05:16,99200.0,400.0,4132300.0
389,2021-10-22 07:05:16,99200.0,400.0,4131900.0
390,2021-10-22 07:05:16,99200.0,500.0,4131500.0
391,2021-10-22 07:05:16,99200.0,400.0,4131000.0
392,2021-10-22 07:05:16,99200.0,1100.0,4130600.0
393,2021-10-22 07:05:16,99200.0,100.0,4129500.0
394,2021-10-22 07:05:16,99200.0,3000.0,4129400.0
395,2021-10-22 07:05:16,99200.0,600.0,4126400.0
396,2021-10-22 07:05:16,99200.0,2500.0,4125800.0
397,2021-10-22 07:05:16,99200.0,1100.0,4123300.0
398,2021-10-22 07:05:16,99200.0,2000.0,4122200.0
399,2021-10-22 07:05:16,99200.0,1600.0,4120200.0
400,2021-10-22 07:05:16,99200.0,1500.0,4118600.0
401,2021-10-22 07:05:10,99300.0,400.0,4117100.0
402,2021-10-22 07:05:06,99300.0,400.0,4116700.0
403,2021-10-22 07:05:06,99300.0,300.0,4116300.0
404,2021-10-22 07:05:06,99300.0,1600.0,4116000.0
405,2021-10-22 07:05:06,99300.0,1600.0,4114400.0
406,2021-10-22 07:05:06,99300.0,1600.0,4112800.0
407,2021-10-22 07:05:06,99300.0,1600.0,4111200.0
408,2021-10-22 07:05:06,99300.0,1600.0,4109600.0
409,2021-10-22 07:05:06,99300.0,1600.0,4108000.0
410,2021-10-22 07:05:06,99300.0,100.0,4106400.0
411,2021-10-22 07:05:06,99300.0,500.0,4106300.0
412,2021-10-22 07:05:06,99300.0,400.0,4105800.0
413,2021-10-22 07:05:06,99300.0,400.0,4105400.0
414,2021-10-22 07:05:06,99300.0,200.0,4105000.0
415,2021-10-22 07:05:06,99300.0,200.0,4104800.0
416,2021-10-22 07:05:06,99300.0,500.0,4104600.0
417,2021-10-22 07:05:06,99300.0,400.0,4104100.0
418,2021-10-22 07:05:06,99300.0,400.0,4103700.0
419,2021-10-22 07:05:06,99300.0,100.0,4103300.0
420,2021-10-22 07:05:06,99300.0,300.0,4103200.0
421,2021-10-22 07:05:06,99300.0,500.0,4102900.0
422,2021-10-22 07:05:06,99300.0,400.0,4102400.0
423,2021-10-22 07:05:06,99300.0,400.0,4102000.0
424,2021-10-22 07:05:06,99300.0,400.0,4101600.0
425,2021-10-22 07:05:06,99300.0,500.0,4101200.0
426,2021-10-22 07:05:06,99300.0,400.0,4100700.0
427,2021-10-22 07:05:06,99300.0,300.0,4100300.0
428,2021-10-22 07:05:06,99300.0,900.0,4100000.0
429,2021-10-22 07:05:06,99300.0,700.0,4099100.0
430,2021-10-22 07:05:06,99300.0,1600.0,4098400.0
431,2021-10-22 07:05:06,99300.0,1300.0,4096800.0
432,2021-10-22 07:05:06,99300.0,300.0,4095500.0
433,2021-10-22 07:05:06,99300.0,1600.0,4095200.0
434,2021-10-22 07:05:06,99300.0,1600.0,4093600.0
435,2021-10-22 07:05:06,99300.0,100.0,4092000.0
436,2021-10-22 07:05:06,99300.0,1500.0,4091900.0
437,2021-10-22 07:02:53,99300.0,2100.0,4090400.0
438,2021-10-22 07:02:53,99300.0,3600.0,4088300.0
439,2021-10-22 07:02:25,99200.0,2100.0,4084700.0
440,2021-10-22 07:02:25,99200.0,3600.0,4082600.0
441,2021-10-22 07:02:25,99200.0,3600.0,4079000.0
442,2021-10-22 07:02:25,99200.0,3600.0,4075400.0
443,2021-10-22 07:02:25,99200.0,3600.0,4071800.0
444,2021-10-22 07:02:17,99200.0,400.0,4068200.0
445,2021-10-22 07:02:09,99200.0,400.0,4067800.0
446,2021-10-22 07:02:01,99200.0,500.0,4067400.0
447,2021-10-22 07:01:56,99200.0,100.0,4066900.0
448,2021-10-22 07:01:56,99200.0,7100.0,4066800.0
449,2021-10-22 07:01:51,99300.0,500.0,4059700.0
450,2021-10-22 07:01:47,99300.0,400.0,4059200.0
451,2021-10-22 07:01:47,99300.0,400.0,4058800.0
452,2021-10-22 07:01:47,99300.0,400.0,4058400.0
453,2021-10-22 07:01:47,99300.0,400.0,4058000.0
454,2021-10-22 07:01:47,99300.0,300.0,4057600.0
455,2021-10-22 07:01:47,99300.0,400.0,4057300.0
456,2021-10-22 07:01:47,99300.0,400.0,4056900.0
457,2021-10-22 07:01:47,99300.0,400.0,4056500.0
458,2021-10-22 07:01:47,99300.0,400.0,4056100.0
459,2021-10-22 07:01:47,99300.0,400.0,4055700.0
460,2021-10-22 07:01:47,99300.0,400.0,4055300.0
461,2021-10-22 07:01:47,99300.0,400.0,4054900.0
462,2021-10-22 07:01:47,99300.0,400.0,4054500.0
463,2021-10-22 07:01:47,99300.0,1000.0,4054100.0
464,2021-10-22 07:01:47,99300.0,400.0,4053100.0
465,2021-10-22 07:01:47,99300.0,400.0,4052700.0
466,2021-10-22 07:01:47,99300.0,400.0,4052300.0
467,2021-10-22 07:01:47,99300.0,300.0,4051900.0
468,2021-10-22 07:01:47,99300.0,400.0,4051600.0
469,2021-10-22 07:01:47,99300.0,400.0,4051200.0
470,2021-10-22 07:01:47,99300.0,400.0,4050800.0
471,2021-10-22 07:01:47,99300.0,400.0,4050400.0
472,2021-10-22 07:01:47,99300.0,400.0,4050000.0
473,2021-10-22 07:01:47,99300.0,400.0,4049600.0
474,2021-10-22 07:01:47,99300.0,3600.0,4049200.0
475,2021-10-22 07:01:47,99300.0,400.0,4045600.0
476,2021-10-22 07:01:47,99300.0,400.0,4045200.0
477,2021-10-22 07:01:47,99300.0,400.0,4044800.0
478,2021-10-22 07:01:47,99300.0,400.0,4044400.0
479,2021-10-22 07:01:47,99300.0,400.0,4044000.0
480,2021-10-22 07:01:47,99300.0,300.0,4043600.0
481,2021-10-22 07:01:47,99300.0,400.0,4043300.0
482,2021-10-22 07:01:47,99300.0,3100.0,4042900.0
483,2021-10-22 07:00:30,99300.0,500.0,4039800.0
484,2021-10-22 06:58:27,99300.0,200.0,4039300.0
485,2021-10-22 06:57:29,99300.0,5000.0,4039100.0
486,2021-10-22 06:57:29,99300.0,5000.0,4034100.0
487,2021-10-22 06:57:29,99300.0,2500.0,4029100.0
488,2021-10-22 06:56:55,99200.0,100.0,4026600.0
489,2021-10-22 06:56:55,99200.0,1200.0,4026500.0
490,2021-10-22 06:56:55,99200.0,2000.0,4025300.0
491,2021-10-22 06:56:55,99200.0,2000.0,4023300.0
492,2021-10-22 06:56:55,99200.0,2000.0,4021300.0
493,2021-10-22 06:56:55,99200.0,2000.0,4019300.0
494,2021-10-22 06:56:55,99200.0,2000.0,4017300.0
495,2021-10-22 06:56:55,99200.0,100.0,4015300.0
496,2021-10-22 06:56:34,99100.0,500.0,4015200.0
497,2021-10-22 06:55:50,99100.0,5000.0,4014700.0
498,2021-10-22 06:55:50,99100.0,2000.0,4009700.0
499,2021-10-22 06:55:50,99100.0,3600.0,4007700.0
500,2021-10-22 06:55:50,99100.0,3600.0,4004100.0
501,2021-10-22 06:55:50,99100.0,1800.0,4000500.0
502,2021-10-22 06:55:48,99000.0,300.0,3998700.0
503,2021-10-22 06:55:39,99000.0,100.0,3998400.0
504,2021-10-22 06:55:39,99000.0,9900.0,3998300.0
505,2021-10-22 06:55:27,99000.0,800.0,3988400.0
506,2021-10-22 06:55:27,99000.0,1600.0,3987600.0
507,2021-10-22 06:55:27,99000.0,1600.0,3986000.0
508,2021-10-22 06:55:27,99000.0,1600.0,3984400.0
509,2021-10-22 06:55:27,99000.0,1600.0,3982800.0
510,2021-10-22 06:55:27,99000.0,1600.0,3981200.0
511,2021-10-22 06:55:27,99000.0,1600.0,3979600.0
512,2021-10-22 06:55:27,99000.0,1600.0,3978000.0
513,2021-10-22 06:55:27,99000.0,1600.0,3976400.0
514,2021-10-22 06:55:27,99000.0,1500.0,3974800.0
515,2021-10-22 06:55:23,99000.0,100.0,3973300.0
516,2021-10-22 06:55:23,99000.0,300.0,3973200.0
517,2021-10-22 06:55:14,99000.0,400.0,3972900.0
518,2021-10-22 06:55:06,99000.0,400.0,3972500.0
519,2021-10-22 06:54:59,99000.0,500.0,3972100.0
520,2021-10-22 06:54:57,99000.0,400.0,3971600.0
521,2021-10-22 06:54:49,99000.0,400.0,3971200.0
522,2021-10-22 06:54:48,99000.0,400.0,3970800.0
523,2021-10-22 06:54:32,99000.0,400.0,3970400.0
524,2021-10-22 06:54:32,99000.0,400.0,3970000.0
525,2021-10-22 06:54:32,99000.0,300.0,3969600.0
526,2021-10-22 06:54:32,99000.0,400.0,3969300.0
527,2021-10-22 06:54:32,99000.0,400.0,3968900.0
528,2021-10-22 06:54:32,99000.0,100.0,3968500.0
529,2021-10-22 06:54:32,99000.0,300.0,3968400.0
530,2021-10-22 06:54:32,99000.0,400.0,3968100.0
531,2021-10-22 06:54:32,99000.0,600.0,3967700.0
532,2021-10-22 06:54:32,99000.0,300.0,3967100.0
533,2021-10-22 06:54:32,99000.0,100.0,3966800.0
534,2021-10-22 06:54:32,99000.0,400.0,3966700.0
535,2021-10-22 06:54:32,99000.0,1000.0,3966300.0
536,2021-10-22 06:54:32,99000.0,100.0,3965300.0
537,2021-10-22 06:53:19,99000.0,400.0,3965200.0
538,2021-10-22 06:53:14,99100.0,400.0,3964800.0
539,2021-10-22 06:53:05,99100.0,400.0,3964400.0
540,2021-10-22 06:52:58,99100.0,400.0,3964000.0
541,2021-10-22 06:52:48,99100.0,400.0,3963600.0
542,2021-10-22 06:52:39,99100.0,200.0,3963200.0
543,2021-10-22 06:52:39,99100.0,200.0,3963000.0
544,2021-10-22 06:52:30,99100.0,400.0,3962800.0
545,2021-10-22 06:52:25,99100.0,900.0,3962400.0
546,2021-10-22 06:52:25,99000.0,3400.0,3961500.0
547,2021-10-22 06:52:25,99000.0,700.0,3958100.0
548,2021-10-22 06:52:22,99000.0,300.0,3957400.0
549,2021-10-22 06:52:13,99000.0,400.0,3957100.0
550,2021-10-22 06:52:05,99000.0,400.0,3956700.0
551,2021-10-22 06:51:56,99000.0,400.0,3956300.0
552,2021-10-22 06:51:48,99000.0,400.0,3955900.0
553,2021-10-22 06:51:39,99000.0,400.0,3955500.0
554,2021-10-22 06:51:30,99000.0,400.0,3955100.0
555,2021-10-22 06:51:21,99000.0,200.0,3954700.0
556,2021-10-22 06:51:21,99000.0,200.0,3954500.0
557,2021-10-22 06:51:15,99000.0,500.0,3954300.0
558,2021-10-22 06:51:13,99000.0,400.0,3953800.0
559,2021-10-22 06:51:04,99000.0,400.0,3953400.0
560,2021-10-22 06:51:03,99000.0,100.0,3953000.0
561,2021-10-22 06:51:03,99000.0,1600.0,3952900.0
562,2021-10-22 06:51:03,99000.0,400.0,3951300.0
563,2021-10-22 06:51:03,99000.0,100.0,3950900.0
564,2021-10-22 06:51:03,99000.0,400.0,3950800.0
565,2021-10-22 06:51:03,99000.0,3100.0,3950400.0
566,2021-10-22 06:51:03,99000.0,3600.0,3947300.0
567,2021-10-22 06:51:03,99000.0,3600.0,3943700.0
568,2021-10-22 06:51:03,99000.0,3600.0,3940100.0
569,2021-10-22 06:50:57,99000.0,800.0,3936500.0
570,2021-10-22 06:50:57,99100.0,400.0,3935700.0
571,2021-10-22 06:50:55,99100.0,400.0,3935300.0
572,2021-10-22 06:50:55,99100.0,1300.0,3934900.0
573,2021-10-22 06:50:55,99100.0,3600.0,3933600.0
574,2021-10-22 06:50:47,99200.0,400.0,3930000.0
575,2021-10-22 06:50:44,99200.0,300.0,3929600.0
576,2021-10-22 06:50:44,99200.0,400.0,3929300.0
577,2021-10-22 06:50:44,99200.0,800.0,3928900.0
578,2021-10-22 06:50:36,99200.0,400.0,3928100.0
579,2021-10-22 06:50:36,99200.0,1400.0,3927700.0
580,2021-10-22 06:50:36,99200.0,1400.0,3926300.0
581,2021-10-22 06:50:36,99200.0,1400.0,3924900.0
582,2021-10-22 06:50:36,99200.0,1400.0,3923500.0
583,2021-10-22 06:50:36,99200.0,1400.0,3922100.0
584,2021-10-22 06:50:36,99200.0,1400.0,3920700.0
585,2021-10-22 06:50:36,99200.0,1400.0,3919300.0
586,2021-10-22 06:50:36,99200.0,1400.0,3917900.0
587,2021-10-22 06:50:36,99200.0,1400.0,3916500.0
588,2021-10-22 06:50:36,99200.0,700.0,3915100.0
589,2021-10-22 06:50:36,99200.0,400.0,3914400.0
590,2021-10-22 06:50:36,99200.0,300.0,3914000.0
591,2021-10-22 06:50:36,99200.0,1400.0,3913700.0
592,2021-10-22 06:50:36,99200.0,1400.0,3912300.0
593,2021-10-22 06:50:36,99200.0,1400.0,3910900.0
594,2021-10-22 06:50:35,99200.0,800.0,3909500.0
595,2021-10-22 06:50:22,99200.0,800.0,3908700.0
596,2021-10-22 06:50:21,99300.0,400.0,3907900.0
597,2021-10-22 06:50:12,99300.0,400.0,3907500.0
598,2021-10-22 06:50:04,99300.0,400.0,3907100.0
599,2021-10-22 06:50:00,99300.0,700.0,3906700.0
600,2021-10-22 06:50:00,99300.0,3100.0,3906000.0
601,2021-10-22 06:50:00,99300.0,2500.0,3902900.0
602,2021-10-22 06:49:50,99200.0,500.0,3900400.0
603,2021-10-22 06:49:50,99200.0,1600.0,3899900.0
604,2021-10-22 06:49:50,99200.0,1600.0,3898300.0
605,2021-10-22 06:49:50,99200.0,1600.0,3896700.0
606,2021-10-22 06:49:50,99200.0,1600.0,3895100.0
607,2021-10-22 06:49:50,99200.0,1600.0,3893500.0
608,2021-10-22 06:49:50,99200.0,1600.0,3891900.0
609,2021-10-22 06:49:50,99200.0,1600.0,3890300.0
610,2021-10-22 06:49:50,99200.0,1600.0,3888700.0
611,2021-10-22 06:49:50,99200.0,600.0,3887100.0
612,2021-10-22 06:49:45,99100.0,1100.0,3886500.0
613,2021-10-22 06:49:45,99100.0,1400.0,3885400.0
614,2021-10-22 06:49:45,99100.0,1400.0,3884000.0
615,2021-10-22 06:49:45,99100.0,1200.0,3882600.0
616,2021-10-22 06:49:39,99100.0,200.0,3881400.0
617,2021-10-22 06:49:39,99100.0,1400.0,3881200.0
618,2021-10-22 06:49:39,99100.0,1400.0,3879800.0
619,2021-10-22 06:49:39,99100.0,1400.0,3878400.0
620,2021-10-22 06:49:39,99100.0,1400.0,3877000.0
621,2021-10-22 06:49:39,99100.0,1400.0,3875600.0
622,2021-10-22 06:49:39,99100.0,1300.0,3874200.0
623,2021-10-22 06:49:38,99100.0,100.0,3872900.0
624,2021-10-22 06:49:38,99100.0,300.0,3872800.0
625,2021-10-22 06:49:36,99100.0,1100.0,3872500.0
626,2021-10-22 06:49:36,99100.0,1400.0,3871400.0
627,2021-10-22 06:49:36,99100.0,100.0,3870000.0
628,2021-10-22 06:49:30,99100.0,800.0,3869900.0
629,2021-10-22 06:49:15,99000.0,200.0,3869100.0
630,2021-10-22 06:49:15,99000.0,500.0,3868900.0
631,2021-10-22 06:49:15,99000.0,400.0,3868400.0
632,2021-10-22 06:49:12,99000.0,400.0,3868000.0
633,2021-10-22 06:49:11,99000.0,1200.0,3867600.0
634,2021-10-22 06:49:07,99000.0,400.0,3866400.0
635,2021-10-22 06:49:07,99000.0,2400.0,3866000.0
636,2021-10-22 06:49:07,99000.0,2400.0,3863600.0
637,2021-10-22 06:49:07,99000.0,2400.0,3861200.0
638,2021-10-22 06:49:07,99000.0,2400.0,3858800.0
639,2021-10-22 06:49:07,99000.0,2400.0,3856400.0
640,2021-10-22 06:49:07,99000.0,800.0,3854000.0
641,2021-10-22 06:49:05,99000.0,500.0,3853200.0
642,2021-10-22 06:49:03,99000.0,400.0,3852700.0
643,2021-10-22 06:49:01,99000.0,700.0,3852300.0
644,2021-10-22 06:49:01,99000.0,2400.0,3851600.0
645,2021-10-22 06:49:01,99000.0,2400.0,3849200.0
646,2021-10-22 06:49:01,99000.0,2400.0,3846800.0
647,2021-10-22 06:49:01,99000.0,600.0,3844400.0
648,2021-10-22 06:48:59,99000.0,100.0,3843800.0
649,2021-10-22 06:48:55,99000.0,300.0,3843700.0
650,2021-10-22 06:48:46,99000.0,400.0,3843400.0
651,2021-10-22 06:48:38,99000.0,400.0,3843000.0
652,2021-10-22 06:48:29,99000.0,400.0,3842600.0
653,2021-10-22 06:48:20,99000.0,200.0,3842200.0
654,2021-10-22 06:48:20,99000.0,200.0,3842000.0
655,2021-10-22 06:48:12,99000.0,400.0,3841800.0
656,2021-10-22 06:48:04,99000.0,400.0,3841400.0
657,2021-10-22 06:47:39,99000.0,100.0,3841000.0
658,2021-10-22 06:47:39,99000.0,1300.0,3840900.0
659,2021-10-22 06:47:39,99000.0,2400.0,3839600.0
660,2021-10-22 06:47:39,99000.0,2400.0,3837200.0
661,2021-10-22 06:47:39,99000.0,2400.0,3834800.0
662,2021-10-22 06:46:50,99000.0,1000.0,3832400.0
663,2021-10-22 06:46:27,99000.0,6100.0,3831400.0
664,2021-10-22 06:46:22,99000.0,6300.0,3825300.0
665,2021-10-22 06:46:19,99000.0,100.0,3819000.0
666,2021-10-22 06:46:15,99000.0,12500.0,3818900.0
667,2021-10-22 06:46:12,99000.0,5800.0,3806400.0
668,2021-10-22 06:46:05,99000.0,8500.0,3800600.0
669,2021-10-22 06:46:00,99000.0,400.0,3792100.0
670,2021-10-22 06:45:49,99000.0,1400.0,3791700.0
671,2021-10-22 06:45:49,99000.0,1600.0,3790300.0
672,2021-10-22 06:45:49,99000.0,1600.0,3788700.0
673,2021-10-22 06:45:49,99000.0,1600.0,3787100.0
674,2021-10-22 06:45:49,99000.0,1600.0,3785500.0
675,2021-10-22 06:45:49,99000.0,1600.0,3783900.0
676,2021-10-22 06:45:49,99000.0,1500.0,3782300.0
677,2021-10-22 06:45:49,99000.0,100.0,3780800.0
678,2021-10-22 06:45:49,99000.0,1600.0,3780700.0
679,2021-10-22 06:45:49,99000.0,200.0,3779100.0
680,2021-10-22 06:45:49,99000.0,1400.0,3778900.0
681,2021-10-22 06:45:49,99000.0,1600.0,3777500.0
682,2021-10-22 06:45:49,99000.0,800.0,3775900.0
683,2021-10-22 06:45:49,99000.0,400.0,3775100.0
684,2021-10-22 06:45:49,99000.0,400.0,3774700.0
685,2021-10-22 06:45:49,99000.0,900.0,3774300.0
686,2021-10-22 06:45:49,99000.0,700.0,3773400.0
687,2021-10-22 06:45:49,99000.0,600.0,3772700.0
688,2021-10-22 06:45:49,99000.0,1000.0,3772100.0
689,2021-10-22 06:45:49,99000.0,300.0,3771100.0
690,2021-10-22 06:45:49,99000.0,1300.0,3770800.0
691,2021-10-22 06:45:49,99000.0,1300.0,3769500.0
692,2021-10-22 06:45:49,99000.0,300.0,3768200.0
693,2021-10-22 06:45:49,99000.0,1000.0,3767900.0
694,2021-10-22 06:45:49,99000.0,600.0,3766900.0
695,2021-10-22 06:45:49,99000.0,700.0,3766300.0
696,2021-10-22 06:45:49,99000.0,900.0,3765600.0
697,2021-10-22 06:45:49,99000.0,400.0,3764700.0
698,2021-10-22 06:45:49,99000.0,1200.0,3764300.0
699,2021-10-22 06:45:49,99000.0,100.0,3763100.0
700,2021-10-22 06:45:49,99000.0,1300.0,3763000.0
701,2021-10-22 06:45:49,99000.0,200.0,3761700.0
702,2021-10-22 06:45:49,99000.0,1100.0,3761500.0
703,2021-10-22 06:45:49,99000.0,500.0,3760400.0
704,2021-10-22 06:45:49,99000.0,800.0,3759900.0
705,2021-10-22 06:45:49,99000.0,800.0,3759100.0
706,2021-10-22 06:45:49,99000.0,500.0,3758300.0
707,2021-10-22 06:45:49,99000.0,1100.0,3757800.0
708,2021-10-22 06:45:33,98900.0,200.0,3756700.0
709,2021-10-22 06:45:33,98900.0,100.0,3756500.0
710,2021-10-22 06:45:20,99000.0,200.0,3756400.0
711,2021-10-22 06:45:20,99000.0,100.0,3756200.0
712,2021-10-22 06:45:20,99000.0,200.0,3756100.0
713,2021-10-22 06:45:00,99000.0,100.0,3755900.0
714,2021-10-22 06:42:40,99000.0,700.0,3755800.0
715,2021-10-22 06:42:40,99000.0,800.0,3755100.0
716,2021-10-22 06:42:40,99000.0,500.0,3754300.0
717,2021-10-22 06:42:05,99000.0,100.0,3753800.0
718,2021-10-22 06:42:05,99000.0,900.0,3753700.0
719,2021-10-22 06:41:44,99000.0,100.0,3752800.0
720,2021-10-22 06:41:44,99000.0,100.0,3752700.0
721,2021-10-22 06:41:44,99000.0,300.0,3752600.0
722,2021-10-22 06:41:44,99000.0,1400.0,3752300.0
723,2021-10-22 06:41:44,99000.0,1400.0,3750900.0
724,2021-10-22 06:41:44,99000.0,1400.0,3749500.0
725,2021-10-22 06:41:44,99000.0,1400.0,3748100.0
726,2021-10-22 06:41:44,99000.0,1400.0,3746700.0
727,2021-10-22 06:41:44,99000.0,1400.0,3745300.0
728,2021-10-22 06:41:44,99000.0,1400.0,3743900.0
729,2021-10-22 06:41:44,99000.0,1400.0,3742500.0
730,2021-10-22 06:41:44,99000.0,1400.0,3741100.0
731,2021-10-22 06:41:44,99000.0,1400.0,3739700.0
732,2021-10-22 06:41:44,99000.0,1400.0,3738300.0
733,2021-10-22 06:41:44,99000.0,1400.0,3736900.0
734,2021-10-22 06:41:44,99000.0,1400.0,3735500.0
735,2021-10-22 06:41:44,99000.0,1400.0,3734100.0
736,2021-10-22 06:41:44,99000.0,1400.0,3732700.0
737,2021-10-22 06:41:44,99000.0,1400.0,3731300.0
738,2021-10-22 06:41:44,99000.0,1400.0,3729900.0
739,2021-10-22 06:41:44,99000.0,1400.0,3728500.0
740,2021-10-22 06:41:44,99000.0,1400.0,3727100.0
741,2021-10-22 06:41:44,99000.0,1400.0,3725700.0
742,2021-10-22 06:41:38,99100.0,500.0,3724300.0
743,2021-10-22 06:41:36,99100.0,1400.0,3723800.0
744,2021-10-22 06:41:36,99100.0,1400.0,3722400.0
745,2021-10-22 06:41:36,99100.0,1400.0,3721000.0
746,2021-10-22 06:41:36,99100.0,800.0,3719600.0
747,2021-10-22 06:41:36,99100.0,400.0,3718800.0
748,2021-10-22 06:41:36,99100.0,200.0,3718400.0
749,2021-10-22 06:41:36,99100.0,300.0,3718200.0
750,2021-10-22 06:41:36,99100.0,1100.0,3717900.0
751,2021-10-22 06:41:36,99100.0,1400.0,3716800.0
752,2021-10-22 06:40:51,99100.0,1000.0,3715400.0
753,2021-10-22 06:40:27,99100.0,5000.0,3714400.0
754,2021-10-22 06:40:11,99100.0,1800.0,3709400.0
755,2021-10-22 06:39:56,99100.0,100.0,3707600.0
756,2021-10-22 06:38:28,99100.0,2000.0,3707500.0
757,2021-10-22 06:38:21,99100.0,800.0,3705500.0
758,2021-10-22 06:38:14,99200.0,1000.0,3704700.0
759,2021-10-22 06:38:14,99200.0,1600.0,3703700.0
760,2021-10-22 06:38:14,99200.0,1600.0,3702100.0
761,2021-10-22 06:38:14,99200.0,1600.0,3700500.0
762,2021-10-22 06:38:14,99200.0,1600.0,3698900.0
763,2021-10-22 06:38:06,99300.0,600.0,3697300.0
764,2021-10-22 06:38:06,99300.0,3100.0,3696700.0
765,2021-10-22 06:37:53,99300.0,500.0,3693600.0
766,2021-10-22 06:37:53,99300.0,1600.0,3693100.0
767,2021-10-22 06:37:53,99300.0,1600.0,3691500.0
768,2021-10-22 06:37:53,99300.0,1600.0,3689900.0
769,2021-10-22 06:37:53,99300.0,1600.0,3688300.0
770,2021-10-22 06:37:53,99300.0,1600.0,3686700.0
771,2021-10-22 06:37:53,99300.0,1600.0,3685100.0
772,2021-10-22 06:37:53,99300.0,1600.0,3683500.0
773,2021-10-22 06:37:53,99300.0,1600.0,3681900.0
774,2021-10-22 06:37:53,99300.0,1600.0,3680300.0
775,2021-10-22 06:37:53,99300.0,200.0,3678700.0
776,2021-10-22 06:37:46,99200.0,5000.0,3678500.0
777,2021-10-22 06:37:43,99300.0,1400.0,3673500.0
778,2021-10-22 06:37:43,99300.0,1600.0,3672100.0
779,2021-10-22 06:37:43,99300.0,1600.0,3670500.0
780,2021-10-22 06:37:43,99300.0,1600.0,3668900.0
781,2021-10-22 06:37:43,99300.0,1600.0,3667300.0
782,2021-10-22 06:37:43,99300.0,1600.0,3665700.0
783,2021-10-22 06:37:43,99300.0,600.0,3664100.0
784,2021-10-22 06:37:37,99300.0,1000.0,3663500.0
785,2021-10-22 06:37:37,99300.0,1600.0,3662500.0
786,2021-10-22 06:37:37,99300.0,1600.0,3660900.0
787,2021-10-22 06:37:37,99300.0,1600.0,3659300.0
788,2021-10-22 06:37:37,99300.0,1600.0,3657700.0
789,2021-10-22 06:37:23,99300.0,100.0,3656100.0
790,2021-10-22 06:37:23,99300.0,1500.0,3656000.0
791,2021-10-22 06:37:23,99300.0,1500.0,3654500.0
792,2021-10-22 06:37:23,99300.0,1500.0,3653000.0
793,2021-10-22 06:37:23,99300.0,1500.0,3651500.0
794,2021-10-22 06:37:23,99300.0,1500.0,3650000.0
795,2021-10-22 06:37:23,99300.0,1500.0,3648500.0
796,2021-10-22 06:37:23,99300.0,1500.0,3647000.0
797,2021-10-22 06:37:23,99300.0,1500.0,3645500.0
798,2021-10-22 06:37:23,99300.0,500.0,3644000.0
799,2021-10-22 06:37:17,99200.0,100.0,3643500.0
800,2021-10-22 06:37:17,99200.0,1500.0,3643400.0
801,2021-10-22 06:37:17,99200.0,1200.0,3641900.0
802,2021-10-22 06:37:11,99200.0,300.0,3640700.0
803,2021-10-22 06:37:11,99200.0,1500.0,3640400.0
804,2021-10-22 06:37:11,99200.0,1500.0,3638900.0
805,2021-10-22 06:37:11,99200.0,1500.0,3637400.0
806,2021-10-22 06:37:11,99200.0,1500.0,3635900.0
807,2021-10-22 06:37:11,99200.0,1500.0,3634400.0
808,2021-10-22 06:37:11,99200.0,1500.0,3632900.0
809,2021-10-22 06:37:11,99200.0,700.0,3631400.0
810,2021-10-22 06:37:11,99200.0,200.0,3630700.0
811,2021-10-22 06:37:11,99200.0,100.0,3630500.0
812,2021-10-22 06:37:11,99200.0,200.0,3630400.0
813,2021-10-22 06:37:11,99200.0,300.0,3630200.0
814,2021-10-22 06:37:11,99200.0,1500.0,3629900.0
815,2021-10-22 06:37:11,99200.0,1500.0,3628400.0
816,2021-10-22 06:37:11,99200.0,1500.0,3626900.0
817,2021-10-22 06:37:11,99200.0,1500.0,3625400.0
818,2021-10-22 06:37:11,99200.0,1500.0,3623900.0
819,2021-10-22 06:37:11,99200.0,1500.0,3622400.0
820,2021-10-22 06:37:11,99200.0,1500.0,3620900.0
821,2021-10-22 06:37:11,99200.0,1500.0,3619400.0
822,2021-10-22 06:37:11,99200.0,1500.0,3617900.0
823,2021-10-22 06:37:11,99200.0,1500.0,3616400.0
824,2021-10-22 06:37:01,99300.0,100.0,3614900.0
825,2021-10-22 06:37:01,99300.0,900.0,3614800.0
826,2021-10-22 06:37:01,99300.0,1500.0,3613900.0
827,2021-10-22 06:37:01,99300.0,1500.0,3612400.0
828,2021-10-22 06:37:01,99300.0,1500.0,3610900.0
829,2021-10-22 06:37:01,99300.0,1500.0,3609400.0
830,2021-10-22 06:37:01,99300.0,1500.0,3607900.0
831,2021-10-22 06:37:01,99300.0,1500.0,3606400.0
832,2021-10-22 06:37:01,99300.0,1500.0,3604900.0
833,2021-10-22 06:37:01,99300.0,1500.0,3603400.0
834,2021-10-22 06:36:43,99400.0,2500.0,3601900.0
835,2021-10-22 06:36:38,99400.0,100.0,3599400.0
836,2021-10-22 06:36:38,99400.0,400.0,3599300.0
837,2021-10-22 06:36:38,99400.0,800.0,3598900.0
838,2021-10-22 06:36:34,99300.0,4300.0,3598100.0
839,2021-10-22 06:36:27,99300.0,8600.0,3593800.0
840,2021-10-22 06:36:11,99300.0,400.0,3585200.0
841,2021-10-22 06:36:11,99300.0,6700.0,3584800.0
842,2021-10-22 06:35:07,99300.0,3000.0,3578100.0
843,2021-10-22 06:35:07,99300.0,700.0,3575100.0
844,2021-10-22 06:35:07,99300.0,4900.0,3574400.0
845,2021-10-22 06:35:03,99300.0,8500.0,3569500.0
846,2021-10-22 06:34:56,99300.0,6400.0,3561000.0
847,2021-10-22 06:34:49,99200.0,1000.0,3554600.0
848,2021-10-22 06:33:08,99300.0,13400.0,3553600.0
849,2021-10-22 06:32:38,99300.0,100.0,3540200.0
850,2021-10-22 06:32:38,99300.0,4600.0,3540100.0
851,2021-10-22 06:32:38,99300.0,200.0,3535500.0
852,2021-10-22 06:32:38,99300.0,3000.0,3535300.0
853,2021-10-22 06:32:17,99300.0,6300.0,3532300.0
854,2021-10-22 06:31:58,99300.0,3300.0,3526000.0
855,2021-10-22 06:30:18,99300.0,100.0,3522700.0
856,2021-10-22 06:30:18,99300.0,10800.0,3522600.0
857,2021-10-22 06:29:40,99300.0,200.0,3511800.0
858,2021-10-22 06:29:40,99300.0,13200.0,3511600.0
859,2021-10-22 06:28:28,99300.0,3100.0,3498400.0
860,2021-10-22 06:28:28,99300.0,800.0,3495300.0
861,2021-10-22 06:28:28,99300.0,1400.0,3494500.0
862,2021-10-22 06:28:28,99300.0,1600.0,3493100.0
863,2021-10-22 06:28:28,99300.0,1600.0,3491500.0
864,2021-10-22 06:28:28,99300.0,1600.0,3489900.0
865,2021-10-22 06:28:28,99300.0,1600.0,3488300.0
866,2021-10-22 06:28:28,99300.0,1600.0,3486700.0
867,2021-10-22 06:28:28,99300.0,1600.0,3485100.0
868,2021-10-22 06:28:28,99300.0,1600.0,3483500.0
869,2021-10-22 06:28:28,99300.0,1600.0,3481900.0
870,2021-10-22 06:28:28,99300.0,1000.0,3480300.0
871,2021-10-22 06:28:23,99300.0,100.0,3479300.0
872,2021-10-22 06:28:23,99300.0,500.0,3479200.0
873,2021-10-22 06:28:23,99300.0,1600.0,3478700.0
874,2021-10-22 06:28:23,99300.0,1600.0,3477100.0
875,2021-10-22 06:28:23,99300.0,1600.0,3475500.0
876,2021-10-22 06:28:23,99300.0,1600.0,3473900.0
877,2021-10-22 06:28:23,99300.0,1600.0,3472300.0
878,2021-10-22 06:28:23,99300.0,1600.0,3470700.0
879,2021-10-22 06:28:23,99300.0,1600.0,3469100.0
880,2021-10-22 06:28:23,99300.0,1600.0,3467500.0
881,2021-10-22 06:28:12,99300.0,1200.0,3465900.0
882,2021-10-22 06:28:12,99300.0,1600.0,3464700.0
883,2021-10-22 06:28:12,99300.0,1600.0,3463100.0
884,2021-10-22 06:28:12,99300.0,1600.0,3461500.0
885,2021-10-22 06:28:12,99300.0,1600.0,3459900.0
886,2021-10-22 06:28:12,99300.0,1600.0,3458300.0
887,2021-10-22 06:28:12,99300.0,1600.0,3456700.0
888,2021-10-22 06:28:12,99300.0,1600.0,3455100.0
889,2021-10-22 06:28:12,99300.0,1600.0,3453500.0
890,2021-10-22 06:28:12,99300.0,1600.0,3451900.0
891,2021-10-22 06:28:12,99300.0,1600.0,3450300.0
892,2021-10-22 06:28:12,99300.0,1600.0,3448700.0
893,2021-10-22 06:28:12,99300.0,1600.0,3447100.0
894,2021-10-22 06:28:12,99300.0,1600.0,3445500.0
895,2021-10-22 06:28:12,99300.0,1600.0,3443900.0
896,2021-10-22 06:28:12,99300.0,1600.0,3442300.0
897,2021-10-22 06:28:12,99300.0,1600.0,3440700.0
898,2021-10-22 06:28:12,99300.0,1600.0,3439100.0
899,2021-10-22 06:28:12,99300.0,1600.0,3437500.0
900,2021-10-22 06:27:34,99300.0,5000.0,3435900.0
901,2021-10-22 06:27:34,99200.0,5000.0,3430900.0
902,2021-10-22 06:27:27,99300.0,2900.0,3425900.0
903,2021-10-22 06:27:22,99300.0,1600.0,3423000.0
904,2021-10-22 06:27:22,99200.0,200.0,3421400.0
905,2021-10-22 06:27:22,99200.0,8200.0,3421200.0
906,2021-10-22 06:27:15,99200.0,5400.0,3413000.0
907,2021-10-22 06:27:11,99200.0,5300.0,3407600.0
908,2021-10-22 06:27:06,99200.0,5800.0,3402300.0
909,2021-10-22 06:27:01,99200.0,6100.0,3396500.0
910,2021-10-22 06:26:56,99200.0,5700.0,3390400.0
911,2021-10-22 06:26:56,99200.0,100.0,3384700.0
912,2021-10-22 06:26:21,99200.0,100.0,3384600.0
913,2021-10-22 06:25:53,99200.0,3800.0,3384500.0
914,2021-10-22 06:25:32,99200.0,4500.0,3380700.0
915,2021-10-22 06:25:11,99300.0,5800.0,3376200.0
916,2021-10-22 06:24:47,99300.0,100.0,3370400.0
917,2021-10-22 06:24:47,99300.0,6600.0,3370300.0
918,2021-10-22 06:24:40,99200.0,200.0,3363700.0
919,2021-10-22 06:24:40,99200.0,11500.0,3363500.0
920,2021-10-22 06:24:38,99200.0,8500.0,3352000.0
921,2021-10-22 06:24:33,99100.0,700.0,3343500.0
922,2021-10-22 06:24:32,99100.0,3400.0,3342800.0
923,2021-10-22 06:24:21,99100.0,600.0,3339400.0
924,2021-10-22 06:24:21,99100.0,6300.0,3338800.0
925,2021-10-22 06:24:10,99200.0,100.0,3332500.0
926,2021-10-22 06:24:10,99200.0,14900.0,3332400.0
927,2021-10-22 06:23:31,99200.0,800.0,3317500.0
928,2021-10-22 06:23:31,99200.0,200.0,3316700.0
929,2021-10-22 06:23:31,99200.0,5400.0,3316500.0
930,2021-10-22 06:23:24,99200.0,8600.0,3311100.0
931,2021-10-22 06:23:18,99200.0,8500.0,3302500.0
932,2021-10-22 06:23:13,99200.0,13200.0,3294000.0
933,2021-10-22 06:22:59,99100.0,10000.0,3280800.0
934,2021-10-22 06:22:54,99200.0,500.0,3270800.0
935,2021-10-22 06:22:50,99200.0,200.0,3270300.0
936,2021-10-22 06:22:28,99200.0,1000.0,3270100.0
937,2021-10-22 06:22:15,99200.0,3000.0,3269100.0
938,2021-10-22 06:22:15,99200.0,100.0,3266100.0
939,2021-10-22 06:22:15,99200.0,800.0,3266000.0
940,2021-10-22 06:22:15,99200.0,1600.0,3265200.0
941,2021-10-22 06:22:15,99200.0,1600.0,3263600.0
942,2021-10-22 06:22:15,99200.0,1600.0,3262000.0
943,2021-10-22 06:22:15,99200.0,1600.0,3260400.0
944,2021-10-22 06:22:15,99200.0,1600.0,3258800.0
945,2021-10-22 06:22:15,99200.0,700.0,3257200.0
946,2021-10-22 06:21:59,99200.0,800.0,3256500.0
947,2021-10-22 06:21:48,99300.0,3000.0,3255700.0
948,2021-10-22 06:21:47,99300.0,500.0,3252700.0
949,2021-10-22 06:21:34,99200.0,100.0,3252200.0
950,2021-10-22 06:21:34,99200.0,900.0,3252100.0
951,2021-10-22 06:21:34,99200.0,700.0,3251200.0
952,2021-10-22 06:21:34,99200.0,300.0,3250500.0
953,2021-10-22 06:21:34,99200.0,1300.0,3250200.0
954,2021-10-22 06:21:34,99200.0,1600.0,3248900.0
955,2021-10-22 06:21:34,99200.0,1600.0,3247300.0
956,2021-10-22 06:21:34,99200.0,1600.0,3245700.0
957,2021-10-22 06:21:34,99200.0,1600.0,3244100.0
958,2021-10-22 06:21:34,99200.0,1600.0,3242500.0
959,2021-10-22 06:21:34,99200.0,1600.0,3240900.0
960,2021-10-22 06:21:32,99200.0,1000.0,3239300.0
961,2021-10-22 06:21:32,99200.0,200.0,3238300.0
962,2021-10-22 06:20:55,99200.0,11100.0,3238100.0
963,2021-10-22 06:20:48,99300.0,1000.0,3227000.0
964,2021-10-22 06:20:36,99300.0,5000.0,3226000.0
965,2021-10-22 06:20:36,99300.0,600.0,3221000.0
966,2021-10-22 06:20:36,99300.0,100.0,3220400.0
967,2021-10-22 06:20:36,99300.0,200.0,3220300.0
968,2021-10-22 06:20:36,99300.0,4300.0,3220100.0
969,2021-10-22 06:20:12,99400.0,600.0,3215800.0
970,2021-10-22 06:20:12,99400.0,1400.0,3215200.0
971,2021-10-22 06:20:12,99400.0,1400.0,3213800.0
972,2021-10-22 06:20:12,99400.0,1400.0,3212400.0
973,2021-10-22 06:20:12,99400.0,1400.0,3211000.0
974,2021-10-22 06:20:12,99400.0,1400.0,3209600.0
975,2021-10-22 06:20:12,99400.0,1400.0,3208200.0
976,2021-10-22 06:20:12,99400.0,1400.0,3206800.0
977,2021-10-22 06:20:12,99400.0,1400.0,3205400.0
978,2021-10-22 06:20:12,99400.0,1400.0,3204000.0
979,2021-10-22 06:20:12,99400.0,1400.0,3202600.0
980,2021-10-22 06:20:12,99400.0,1400.0,3201200.0
981,2021-10-22 06:20:12,99400.0,1400.0,3199800.0
982,2021-10-22 06:20:12,99400.0,1400.0,3198400.0
983,2021-10-22 06:19:40,99500.0,700.0,3197000.0
984,2021-10-22 06:19:40,99500.0,2100.0,3196300.0
985,2021-10-22 06:19:40,99500.0,2100.0,3194200.0
986,2021-10-22 06:19:29,99600.0,400.0,3192100.0
987,2021-10-22 06:19:29,99600.0,1600.0,3191700.0
988,2021-10-22 06:19:29,99600.0,1600.0,3190100.0
989,2021-10-22 06:19:29,99600.0,1600.0,3188500.0
990,2021-10-22 06:19:29,99600.0,1600.0,3186900.0
991,2021-10-22 06:19:29,99600.0,1600.0,3185300.0
992,2021-10-22 06:19:29,99600.0,2000.0,3183700.0
993,2021-10-22 06:19:21,99700.0,400.0,3181700.0
994,2021-10-22 06:19:21,99700.0,1200.0,3181300.0
995,2021-10-22 06:19:21,99700.0,1200.0,3180100.0
996,2021-10-22 06:19:21,99700.0,1200.0,3178900.0
997,2021-10-22 06:19:21,99700.0,1200.0,3177700.0
998,2021-10-22 06:19:03,99700.0,2500.0,3176500.0
999,2021-10-22 06:19:03,99700.0,300.0,3174000.0
1000,2021-10-22 06:19:03,99700.0,100.0,3173700.0
1001,2021-10-22 06:19:01,99700.0,400.0,3173600.0
1002,2021-10-22 06:18:58,99700.0,8500.0,3173200.0
1003,2021-10-22 06:18:52,99700.0,5600.0,3164700.0
1004,2021-10-22 06:18:41,99600.0,100.0,3159100.0
1005,2021-10-22 06:18:40,99600.0,5000.0,3159000.0
1006,2021-10-22 06:18:31,99500.0,100.0,3154000.0
1007,2021-10-22 06:18:31,99500.0,1000.0,3153900.0
1008,2021-10-22 06:18:31,99500.0,14000.0,3152900.0
1009,2021-10-22 06:18:29,99500.0,1500.0,3138900.0
1010,2021-10-22 06:18:23,99500.0,8000.0,3137400.0
1011,2021-10-22 06:18:23,99500.0,100.0,3129400.0
1012,2021-10-22 06:18:23,99500.0,500.0,3129300.0
1013,2021-10-22 06:18:13,99400.0,100.0,3128800.0
1014,2021-10-22 06:18:13,99400.0,1000.0,3128700.0
1015,2021-10-22 06:18:13,99400.0,5100.0,3127700.0
1016,2021-10-22 06:18:06,99400.0,8500.0,3122600.0
1017,2021-10-22 06:18:01,99300.0,100.0,3114100.0
1018,2021-10-22 06:17:46,99400.0,300.0,3114000.0
1019,2021-10-22 06:17:37,99300.0,1000.0,3113700.0
1020,2021-10-22 06:16:55,99300.0,10000.0,3112700.0
1021,2021-10-22 06:16:54,99400.0,800.0,3102700.0
1022,2021-10-22 06:16:43,99400.0,3000.0,3101900.0
1023,2021-10-22 06:16:34,99400.0,3700.0,3098900.0
1024,2021-10-22 06:16:34,99400.0,300.0,3095200.0
1025,2021-10-22 06:16:28,99300.0,4600.0,3094900.0
1026,2021-10-22 06:16:23,99300.0,6300.0,3090300.0
1027,2021-10-22 06:15:53,99300.0,2300.0,3084000.0
1028,2021-10-22 06:15:24,99200.0,3200.0,3081700.0
1029,2021-10-22 06:15:24,99200.0,3600.0,3078500.0
1030,2021-10-22 06:15:24,99200.0,100.0,3074900.0
1031,2021-10-22 06:15:24,99100.0,200.0,3074800.0
1032,2021-10-22 06:15:24,99100.0,100.0,3074600.0
1033,2021-10-22 06:15:24,99000.0,1000.0,3074500.0
1034,2021-10-22 06:15:24,99000.0,700.0,3073500.0
1035,2021-10-22 06:15:16,98800.0,4900.0,3072800.0
1036,2021-10-22 06:15:16,98600.0,13600.0,3067900.0
1037,2021-10-22 06:15:08,98600.0,800.0,3054300.0
1038,2021-10-22 06:15:07,98600.0,100.0,3053500.0
1039,2021-10-22 06:15:00,98600.0,900.0,3053400.0
1040,2021-10-22 06:15:00,98600.0,800.0,3052500.0
1041,2021-10-22 06:14:56,99000.0,300.0,3051700.0
1042,2021-10-22 06:14:56,99000.0,5000.0,3051400.0
1043,2021-10-22 06:14:56,99000.0,200.0,3046400.0
1044,2021-10-22 06:14:56,99000.0,1000.0,3046200.0
1045,2021-10-22 06:14:56,99000.0,3000.0,3045200.0
1046,2021-10-22 06:14:56,99000.0,1000.0,3042200.0
1047,2021-10-22 06:14:56,99000.0,1000.0,3041200.0
1048,2021-10-22 06:14:56,99000.0,100.0,3040200.0
1049,2021-10-22 06:14:56,99000.0,1100.0,3040100.0
1050,2021-10-22 06:14:56,99000.0,500.0,3039000.0
1051,2021-10-22 06:14:56,99000.0,100.0,3038500.0
1052,2021-10-22 06:14:56,99000.0,100.0,3038400.0
1053,2021-10-22 06:14:56,99000.0,400.0,3038300.0
1054,2021-10-22 06:14:56,99000.0,300.0,3037900.0
1055,2021-10-22 06:14:56,99000.0,5000.0,3037600.0
1056,2021-10-22 06:14:56,99000.0,1400.0,3032600.0
1057,2021-10-22 06:14:56,99000.0,1500.0,3031200.0
1058,2021-10-22 06:14:56,99000.0,2000.0,3029700.0
1059,2021-10-22 06:14:56,99000.0,100.0,3027700.0
1060,2021-10-22 06:14:56,99000.0,1000.0,3027600.0
1061,2021-10-22 06:14:56,99000.0,100.0,3026600.0
1062,2021-10-22 06:14:56,99000.0,10000.0,3026500.0
1063,2021-10-22 06:14:56,99000.0,1000.0,3016500.0
1064,2021-10-22 06:14:56,99000.0,300.0,3015500.0
1065,2021-10-22 06:14:56,99000.0,3000.0,3015200.0
1066,2021-10-22 06:14:56,99000.0,200.0,3012200.0
1067,2021-10-22 06:14:56,99000.0,900.0,3012000.0
1068,2021-10-22 06:14:56,99000.0,25000.0,3011100.0
1069,2021-10-22 06:14:56,99000.0,24100.0,2986100.0
1070,2021-10-22 06:14:56,99000.0,500.0,2962000.0
1071,2021-10-22 06:14:56,99000.0,1000.0,2961500.0
1072,2021-10-22 06:14:56,99000.0,2200.0,2960500.0
1073,2021-10-22 06:14:56,99000.0,100.0,2958300.0
1074,2021-10-22 06:14:56,98900.0,1000.0,2958200.0
1075,2021-10-22 06:14:56,98900.0,200.0,2957200.0
1076,2021-10-22 06:14:56,98900.0,5000.0,2957000.0
1077,2021-10-22 06:14:56,98900.0,5000.0,2952000.0
1078,2021-10-22 06:14:56,98900.0,2000.0,2947000.0
1079,2021-10-22 06:14:56,98900.0,100.0,2945000.0
1080,2021-10-22 06:14:56,98800.0,500.0,2944900.0
1081,2021-10-22 06:14:56,98800.0,700.0,2944400.0
1082,2021-10-22 06:14:56,98800.0,5000.0,2943700.0
1083,2021-10-22 06:14:56,98800.0,100.0,2938700.0
1084,2021-10-22 06:14:56,98700.0,5500.0,2938600.0
1085,2021-10-22 06:14:56,98700.0,1400.0,2933100.0
1086,2021-10-22 06:14:53,98600.0,11200.0,2931700.0
1087,2021-10-22 06:14:37,98700.0,900.0,2920500.0
1088,2021-10-22 06:14:35,98700.0,800.0,2919600.0
1089,2021-10-22 06:14:35,98700.0,900.0,2918800.0
1090,2021-10-22 06:14:35,98700.0,800.0,2917900.0
1091,2021-10-22 06:14:35,98700.0,900.0,2917100.0
1092,2021-10-22 06:14:35,98700.0,600.0,2916200.0
1093,2021-10-22 06:14:29,98700.0,200.0,2915600.0
1094,2021-10-22 06:14:29,98700.0,900.0,2915400.0
1095,2021-10-22 06:14:29,98700.0,1300.0,2914500.0
1096,2021-10-22 06:14:29,98700.0,1600.0,2913200.0
1097,2021-10-22 06:14:29,98700.0,500.0,2911600.0
1098,2021-10-22 06:12:53,98700.0,1100.0,2911100.0
1099,2021-10-22 06:12:53,98700.0,1600.0,2910000.0
1100,2021-10-22 06:12:53,98700.0,1600.0,2908400.0
1101,2021-10-22 06:12:53,98700.0,1600.0,2906800.0
1102,2021-10-22 06:12:53,98700.0,1600.0,2905200.0
1103,2021-10-22 06:12:53,98700.0,1600.0,2903600.0
1104,2021-10-22 06:12:53,98700.0,1600.0,2902000.0
1105,2021-10-22 06:12:53,98700.0,1600.0,2900400.0
1106,2021-10-22 06:12:53,98700.0,900.0,2898800.0
1107,2021-10-22 06:12:53,98700.0,700.0,2897900.0
1108,2021-10-22 06:12:53,98700.0,1600.0,2897200.0
1109,2021-10-22 06:12:53,98700.0,800.0,2895600.0
1110,2021-10-22 06:12:53,98700.0,300.0,2894800.0
1111,2021-10-22 06:12:53,98700.0,500.0,2894500.0
1112,2021-10-22 06:12:53,98700.0,1600.0,2894000.0
1113,2021-10-22 06:12:53,98700.0,1600.0,2892400.0
1114,2021-10-22 06:12:53,98700.0,1600.0,2890800.0
1115,2021-10-22 06:12:53,98700.0,200.0,2889200.0
1116,2021-10-22 06:12:53,98700.0,1400.0,2889000.0
1117,2021-10-22 06:12:53,98700.0,1600.0,2887600.0
1118,2021-10-22 06:12:42,98600.0,2300.0,2886000.0
1119,2021-10-22 06:12:26,98600.0,800.0,2883700.0
1120,2021-10-22 06:12:09,98600.0,900.0,2882900.0
1121,2021-10-22 06:11:55,98600.0,800.0,2882000.0
1122,2021-10-22 06:11:55,98600.0,200.0,2881200.0
1123,2021-10-22 06:11:55,98600.0,2600.0,2881000.0
1124,2021-10-22 06:11:55,98600.0,2400.0,2878400.0
1125,2021-10-22 06:11:50,98600.0,200.0,2876000.0
1126,2021-10-22 06:11:50,98600.0,2600.0,2875800.0
1127,2021-10-22 06:11:50,98600.0,2600.0,2873200.0
1128,2021-10-22 06:11:50,98600.0,2600.0,2870600.0
1129,2021-10-22 06:11:50,98600.0,2600.0,2868000.0
1130,2021-10-22 06:11:39,98500.0,1000.0,2865400.0
1131,2021-10-22 06:11:39,98500.0,1600.0,2864400.0
1132,2021-10-22 06:11:39,98500.0,1600.0,2862800.0
1133,2021-10-22 06:11:39,98500.0,1600.0,2861200.0
1134,2021-10-22 06:11:39,98500.0,1600.0,2859600.0
1135,2021-10-22 06:11:39,98500.0,1600.0,2858000.0
1136,2021-10-22 06:11:39,98500.0,1600.0,2856400.0
1137,2021-10-22 06:11:39,98500.0,1600.0,2854800.0
1138,2021-10-22 06:11:37,98500.0,900.0,2853200.0
1139,2021-10-22 06:11:27,98500.0,10400.0,2852300.0
1140,2021-10-22 06:11:20,98600.0,900.0,2841900.0
1141,2021-10-22 06:11:07,98600.0,800.0,2841000.0
1142,2021-10-22 06:11:02,98600.0,1300.0,2840200.0
1143,2021-10-22 06:11:02,98600.0,1600.0,2838900.0
1144,2021-10-22 06:11:02,98600.0,1600.0,2837300.0
1145,2021-10-22 06:11:02,98600.0,1600.0,2835700.0
1146,2021-10-22 06:11:02,98600.0,100.0,2834100.0
1147,2021-10-22 06:10:53,98600.0,1500.0,2834000.0
1148,2021-10-22 06:10:53,98600.0,1600.0,2832500.0
1149,2021-10-22 06:10:53,98600.0,1600.0,2830900.0
1150,2021-10-22 06:10:53,98600.0,1600.0,2829300.0
1151,2021-10-22 06:10:53,98600.0,1600.0,2827700.0
1152,2021-10-22 06:10:53,98600.0,1600.0,2826100.0
1153,2021-10-22 06:10:53,98600.0,1600.0,2824500.0
1154,2021-10-22 06:10:53,98600.0,1600.0,2822900.0
1155,2021-10-22 06:10:53,98600.0,1600.0,2821300.0
1156,2021-10-22 06:10:53,98600.0,1600.0,2819700.0
1157,2021-10-22 06:10:53,98600.0,1600.0,2818100.0
1158,2021-10-22 06:10:53,98600.0,1600.0,2816500.0
1159,2021-10-22 06:10:53,98600.0,1600.0,2814900.0
1160,2021-10-22 06:10:53,98600.0,1600.0,2813300.0
1161,2021-10-22 06:10:48,98600.0,700.0,2811700.0
1162,2021-10-22 06:10:38,98600.0,800.0,2811000.0
1163,2021-10-22 06:10:38,98600.0,700.0,2810200.0
1164,2021-10-22 06:10:38,98600.0,4000.0,2809500.0
1165,2021-10-22 06:10:21,98600.0,100.0,2805500.0
1166,2021-10-22 06:10:21,98600.0,500.0,2805400.0
1167,2021-10-22 06:10:21,98600.0,1200.0,2804900.0
1168,2021-10-22 06:10:21,98600.0,1200.0,2803700.0
1169,2021-10-22 06:10:21,98600.0,1200.0,2802500.0
1170,2021-10-22 06:10:21,98600.0,1200.0,2801300.0
1171,2021-10-22 06:10:21,98600.0,1200.0,2800100.0
1172,2021-10-22 06:10:21,98600.0,1200.0,2798900.0
1173,2021-10-22 06:10:21,98600.0,1200.0,2797700.0
1174,2021-10-22 06:10:21,98600.0,1200.0,2796500.0
1175,2021-10-22 06:10:21,98600.0,1200.0,2795300.0
1176,2021-10-22 06:10:15,98500.0,8200.0,2794100.0
1177,2021-10-22 06:10:15,98500.0,700.0,2785900.0
1178,2021-10-22 06:10:04,98500.0,6500.0,2785200.0
1179,2021-10-22 06:09:58,98500.0,800.0,2778700.0
1180,2021-10-22 06:09:55,98500.0,700.0,2777900.0
1181,2021-10-22 06:09:55,98500.0,700.0,2777200.0
1182,2021-10-22 06:09:55,98500.0,700.0,2776500.0
1183,2021-10-22 06:09:55,98500.0,4900.0,2775800.0
1184,2021-10-22 06:09:04,98500.0,200.0,2770900.0
1185,2021-10-22 06:09:04,98500.0,1300.0,2770700.0
1186,2021-10-22 06:09:04,98500.0,1300.0,2769400.0
1187,2021-10-22 06:09:04,98500.0,1300.0,2768100.0
1188,2021-10-22 06:09:04,98500.0,1300.0,2766800.0
1189,2021-10-22 06:09:04,98500.0,1300.0,2765500.0
1190,2021-10-22 06:09:04,98500.0,1300.0,2764200.0
1191,2021-10-22 06:09:04,98500.0,1300.0,2762900.0
1192,2021-10-22 06:09:04,98500.0,1300.0,2761600.0
1193,2021-10-22 06:09:04,98500.0,300.0,2760300.0
1194,2021-10-22 06:08:56,98400.0,1200.0,2760000.0
1195,2021-10-22 06:08:56,98400.0,1200.0,2758800.0
1196,2021-10-22 06:08:56,98400.0,1200.0,2757600.0
1197,2021-10-22 06:08:56,98400.0,1200.0,2756400.0
1198,2021-10-22 06:08:56,98400.0,300.0,2755200.0
1199,2021-10-22 06:08:53,98400.0,800.0,2754900.0
1200,2021-10-22 06:08:37,98400.0,100.0,2754100.0
1201,2021-10-22 06:08:37,98400.0,600.0,2754000.0
1202,2021-10-22 06:08:22,98400.0,600.0,2753400.0
1203,2021-10-22 06:08:22,98400.0,100.0,2752800.0
1204,2021-10-22 06:08:22,98400.0,1100.0,2752700.0
1205,2021-10-22 06:08:22,98400.0,1200.0,2751600.0
1206,2021-10-22 06:08:22,98400.0,1200.0,2750400.0
1207,2021-10-22 06:08:22,98400.0,1200.0,2749200.0
1208,2021-10-22 06:08:22,98400.0,1200.0,2748000.0
1209,2021-10-22 06:08:20,98500.0,700.0,2746800.0
1210,2021-10-22 06:08:13,98500.0,200.0,2746100.0
1211,2021-10-22 06:08:13,98500.0,100.0,2745900.0
1212,2021-10-22 06:08:13,98500.0,900.0,2745800.0
1213,2021-10-22 06:08:13,98500.0,400.0,2744900.0
1214,2021-10-22 06:08:13,98500.0,1300.0,2744500.0
1215,2021-10-22 06:08:13,98500.0,1300.0,2743200.0
1216,2021-10-22 06:08:06,98600.0,1200.0,2741900.0
1217,2021-10-22 06:08:06,98600.0,1200.0,2740700.0
1218,2021-10-22 06:08:06,98600.0,500.0,2739500.0
1219,2021-10-22 06:08:04,98600.0,700.0,2739000.0
1220,2021-10-22 06:08:04,98600.0,800.0,2738300.0
1221,2021-10-22 06:08:04,98600.0,400.0,2737500.0
1222,2021-10-22 06:08:04,98600.0,300.0,2737100.0
1223,2021-10-22 06:08:04,98600.0,700.0,2736800.0
1224,2021-10-22 06:08:04,98600.0,200.0,2736100.0
1225,2021-10-22 06:08:04,98600.0,500.0,2735900.0
1226,2021-10-22 06:08:04,98600.0,700.0,2735400.0
1227,2021-10-22 06:08:02,98600.0,2200.0,2734700.0
1228,2021-10-22 06:08:02,98600.0,2300.0,2732500.0
1229,2021-10-22 06:08:02,98600.0,500.0,2730200.0
1230,2021-10-22 06:07:03,98600.0,300.0,2729700.0
1231,2021-10-22 06:06:42,98600.0,1300.0,2729400.0
1232,2021-10-22 06:06:31,98600.0,5300.0,2728100.0
1233,2021-10-22 06:06:30,98600.0,1000.0,2722800.0
1234,2021-10-22 06:06:26,98600.0,700.0,2721800.0
1235,2021-10-22 06:06:13,98600.0,100.0,2721100.0
1236,2021-10-22 06:06:09,98600.0,700.0,2721000.0
1237,2021-10-22 06:06:07,98600.0,4300.0,2720300.0
1238,2021-10-22 06:05:53,98600.0,700.0,2716000.0
1239,2021-10-22 06:05:37,98600.0,800.0,2715300.0
1240,2021-10-22 06:05:33,98600.0,100.0,2714500.0
1241,2021-10-22 06:05:29,98600.0,100.0,2714400.0
1242,2021-10-22 06:05:29,98600.0,700.0,2714300.0
1243,2021-10-22 06:05:29,98600.0,700.0,2713600.0
1244,2021-10-22 06:05:29,98600.0,400.0,2712900.0
1245,2021-10-22 06:05:29,98600.0,700.0,2712500.0
1246,2021-10-22 06:05:29,98600.0,800.0,2711800.0
1247,2021-10-22 06:05:29,98600.0,700.0,2711000.0
1248,2021-10-22 06:05:29,98600.0,4400.0,2710300.0
1249,2021-10-22 06:04:06,98600.0,1500.0,2705900.0
1250,2021-10-22 06:04:06,98600.0,100.0,2704400.0
1251,2021-10-22 06:04:06,98600.0,4000.0,2704300.0
1252,2021-10-22 06:04:06,98600.0,100.0,2700300.0
1253,2021-10-22 06:04:06,98500.0,300.0,2700200.0
1254,2021-10-22 06:04:06,98500.0,4600.0,2699900.0
1255,2021-10-22 06:03:59,98500.0,100.0,2695300.0
1256,2021-10-22 06:03:58,98500.0,700.0,2695200.0
1257,2021-10-22 06:03:57,98500.0,5400.0,2694500.0
1258,2021-10-22 06:03:51,98500.0,6300.0,2689100.0
1259,2021-10-22 06:03:46,98500.0,5800.0,2682800.0
1260,2021-10-22 06:03:41,98400.0,8400.0,2677000.0
1261,2021-10-22 06:03:26,98400.0,800.0,2668600.0
1262,2021-10-22 06:03:19,98400.0,800.0,2667800.0
1263,2021-10-22 06:03:19,98400.0,8500.0,2667000.0
1264,2021-10-22 06:03:12,98500.0,600.0,2658500.0
1265,2021-10-22 06:03:09,98500.0,200.0,2657900.0
1266,2021-10-22 06:03:03,98500.0,1800.0,2657700.0
1267,2021-10-22 06:03:03,98500.0,100.0,2655900.0
1268,2021-10-22 06:03:03,98500.0,500.0,2655800.0
1269,2021-10-22 06:03:03,98500.0,100.0,2655300.0
1270,2021-10-22 06:03:03,98500.0,100.0,2655200.0
1271,2021-10-22 06:03:03,98500.0,500.0,2655100.0
1272,2021-10-22 06:03:03,98500.0,3000.0,2654600.0
1273,2021-10-22 06:03:03,98500.0,1000.0,2651600.0
1274,2021-10-22 06:03:03,98500.0,5000.0,2650600.0
1275,2021-10-22 06:03:03,98500.0,2000.0,2645600.0
1276,2021-10-22 06:03:03,98500.0,1000.0,2643600.0
1277,2021-10-22 06:03:03,98500.0,5000.0,2642600.0
1278,2021-10-22 06:03:03,98500.0,500.0,2637600.0
1279,2021-10-22 06:03:03,98500.0,400.0,2637100.0
1280,2021-10-22 06:02:37,98400.0,300.0,2636700.0
1281,2021-10-22 06:02:37,98400.0,1000.0,2636400.0
1282,2021-10-22 06:02:37,98400.0,900.0,2635400.0
1283,2021-10-22 06:02:37,98400.0,1200.0,2634500.0
1284,2021-10-22 06:02:37,98400.0,1200.0,2633300.0
1285,2021-10-22 06:02:37,98400.0,1200.0,2632100.0
1286,2021-10-22 06:02:37,98400.0,1200.0,2630900.0
1287,2021-10-22 06:02:37,98400.0,300.0,2629700.0
1288,2021-10-22 06:02:36,98400.0,800.0,2629400.0
1289,2021-10-22 06:02:31,98400.0,100.0,2628600.0
1290,2021-10-22 06:02:31,98400.0,1200.0,2628500.0
1291,2021-10-22 06:02:31,98400.0,1200.0,2627300.0
1292,2021-10-22 06:02:31,98400.0,1200.0,2626100.0
1293,2021-10-22 06:02:31,98400.0,1200.0,2624900.0
1294,2021-10-22 06:02:31,98400.0,1200.0,2623700.0
1295,2021-10-22 06:02:31,98400.0,1200.0,2622500.0
1296,2021-10-22 06:02:31,98400.0,1200.0,2621300.0
1297,2021-10-22 06:02:31,98400.0,1200.0,2620100.0
1298,2021-10-22 06:02:31,98400.0,300.0,2618900.0
1299,2021-10-22 06:01:16,98300.0,400.0,2618600.0
1300,2021-10-22 06:01:16,98300.0,3000.0,2618200.0
1301,2021-10-22 06:01:16,98300.0,100.0,2615200.0
1302,2021-10-22 06:01:15,98300.0,800.0,2615100.0
1303,2021-10-22 06:01:11,98300.0,1200.0,2614300.0
1304,2021-10-22 06:01:11,98300.0,1200.0,2613100.0
1305,2021-10-22 06:01:11,98300.0,1200.0,2611900.0
1306,2021-10-22 06:01:11,98300.0,1200.0,2610700.0
1307,2021-10-22 06:01:11,98300.0,1200.0,2609500.0
1308,2021-10-22 06:01:11,98300.0,500.0,2608300.0
1309,2021-10-22 06:01:06,98200.0,100.0,2607800.0
1310,2021-10-22 06:01:06,98200.0,1500.0,2607700.0
1311,2021-10-22 06:01:06,98200.0,500.0,2606200.0
1312,2021-10-22 06:01:06,98200.0,1600.0,2605700.0
1313,2021-10-22 06:01:06,98200.0,1600.0,2604100.0
1314,2021-10-22 06:01:06,98200.0,1600.0,2602500.0
1315,2021-10-22 06:01:06,98200.0,1000.0,2600900.0
1316,2021-10-22 06:00:58,98200.0,600.0,2599900.0
1317,2021-10-22 06:00:58,98200.0,1600.0,2599300.0
1318,2021-10-22 06:00:58,98200.0,1600.0,2597700.0
1319,2021-10-22 06:00:58,98200.0,1600.0,2596100.0
1320,2021-10-22 06:00:58,98200.0,1100.0,2594500.0
1321,2021-10-22 06:00:49,98100.0,100.0,2593400.0
1322,2021-10-22 06:00:49,98100.0,300.0,2593300.0
1323,2021-10-22 06:00:49,98100.0,800.0,2593000.0
1324,2021-10-22 06:00:18,98100.0,2400.0,2592200.0
1325,2021-10-22 06:00:06,98100.0,100.0,2589800.0
1326,2021-10-22 06:00:03,98100.0,5000.0,2589700.0
1327,2021-10-22 06:00:03,98100.0,1000.0,2584700.0
1328,2021-10-22 06:00:03,98100.0,200.0,2583700.0
1329,2021-10-22 06:00:03,98100.0,10500.0,2583500.0
1330,2021-10-22 04:26:13,98100.0,800.0,2573000.0
1331,2021-10-22 04:26:13,98100.0,1600.0,2572200.0
1332,2021-10-22 04:26:13,98100.0,1600.0,2570600.0
1333,2021-10-22 04:26:13,98100.0,1600.0,2569000.0
1334,2021-10-22 04:26:13,98100.0,1600.0,2567400.0
1335,2021-10-22 04:26:13,98100.0,1600.0,2565800.0
1336,2021-10-22 04:26:13,98100.0,700.0,2564200.0
1337,2021-10-22 04:25:56,98000.0,1800.0,2563500.0
1338,2021-10-22 04:25:48,98000.0,2400.0,2561700.0
1339,2021-10-22 04:25:47,98000.0,800.0,2559300.0
1340,2021-10-22 04:25:41,98000.0,3600.0,2558500.0
1341,2021-10-22 04:25:31,98000.0,800.0,2554900.0
1342,2021-10-22 04:25:29,98000.0,1100.0,2554100.0
1343,2021-10-22 04:25:18,98000.0,4500.0,2553000.0
1344,2021-10-22 04:25:18,98000.0,200.0,2548500.0
1345,2021-10-22 04:25:14,98000.0,800.0,2548300.0
1346,2021-10-22 04:25:12,98000.0,200.0,2547500.0
1347,2021-10-22 04:25:12,98000.0,800.0,2547300.0
1348,2021-10-22 04:25:02,98000.0,800.0,2546500.0
1349,2021-10-22 04:25:02,98000.0,1200.0,2545700.0
1350,2021-10-22 04:24:58,98000.0,400.0,2544500.0
1351,2021-10-22 04:24:58,98000.0,400.0,2544100.0
1352,2021-10-22 04:24:42,98000.0,800.0,2543700.0
1353,2021-10-22 04:24:25,98000.0,400.0,2542900.0
1354,2021-10-22 04:24:25,98000.0,400.0,2542500.0
1355,2021-10-22 04:24:17,98000.0,300.0,2542100.0
1356,2021-10-22 04:24:09,98000.0,800.0,2541800.0
1357,2021-10-22 04:23:53,98000.0,100.0,2541000.0
1358,2021-10-22 04:23:53,98000.0,700.0,2540900.0
1359,2021-10-22 04:23:36,98000.0,800.0,2540200.0
1360,2021-10-22 04:23:20,98000.0,100.0,2539400.0
1361,2021-10-22 04:23:20,98000.0,700.0,2539300.0
1362,2021-10-22 04:23:03,98000.0,800.0,2538600.0
1363,2021-10-22 04:22:52,98000.0,100.0,2537800.0
1364,2021-10-22 04:22:52,98000.0,300.0,2537700.0
1365,2021-10-22 04:22:50,98000.0,800.0,2537400.0
1366,2021-10-22 04:22:31,98000.0,500.0,2536600.0
1367,2021-10-22 04:22:31,98000.0,300.0,2536100.0
1368,2021-10-22 04:22:14,98000.0,800.0,2535800.0
1369,2021-10-22 04:22:01,98000.0,500.0,2535000.0
1370,2021-10-22 04:22:01,98000.0,300.0,2534500.0
1371,2021-10-22 04:22:01,98000.0,800.0,2534200.0
1372,2021-10-22 04:22:01,98000.0,500.0,2533400.0
1373,2021-10-22 04:22:01,98000.0,300.0,2532900.0
1374,2021-10-22 04:22:01,98000.0,800.0,2532600.0
1375,2021-10-22 04:22:01,98000.0,500.0,2531800.0
1376,2021-10-22 04:22:01,98000.0,300.0,2531300.0
1377,2021-10-22 04:22:01,98000.0,800.0,2531000.0
1378,2021-10-22 04:22:01,98000.0,500.0,2530200.0
1379,2021-10-22 04:22:01,98000.0,300.0,2529700.0
1380,2021-10-22 04:22:01,98000.0,700.0,2529400.0
1381,2021-10-22 04:22:01,98000.0,600.0,2528700.0
1382,2021-10-22 04:22:01,98000.0,200.0,2528100.0
1383,2021-10-22 04:22:01,98000.0,800.0,2527900.0
1384,2021-10-22 04:22:01,98000.0,600.0,2527100.0
1385,2021-10-22 04:22:01,98000.0,400.0,2526500.0
1386,2021-10-22 04:22:01,98000.0,800.0,2526100.0
1387,2021-10-22 04:22:01,98000.0,400.0,2525300.0
1388,2021-10-22 04:22:01,98000.0,400.0,2524900.0
1389,2021-10-22 04:22:01,98000.0,800.0,2524500.0
1390,2021-10-22 04:22:01,98000.0,400.0,2523700.0
1391,2021-10-22 04:22:01,98000.0,400.0,2523300.0
1392,2021-10-22 04:22:01,98000.0,800.0,2522900.0
1393,2021-10-22 04:22:01,98000.0,400.0,2522100.0
1394,2021-10-22 04:22:01,98000.0,400.0,2521700.0
1395,2021-10-22 04:22:01,98000.0,800.0,2521300.0
1396,2021-10-22 04:22:01,98000.0,400.0,2520500.0
1397,2021-10-22 04:22:01,98000.0,400.0,2520100.0
1398,2021-10-22 04:22:01,98000.0,800.0,2519700.0
1399,2021-10-22 04:22:01,98000.0,400.0,2518900.0
1400,2021-10-22 04:21:51,98000.0,200.0,2518500.0
1401,2021-10-22 04:21:51,98000.0,200.0,2518300.0
1402,2021-10-22 04:21:51,98000.0,800.0,2518100.0
1403,2021-10-22 04:21:51,98000.0,600.0,2517300.0
1404,2021-10-22 04:21:51,98000.0,200.0,2516700.0
1405,2021-10-22 04:21:51,98000.0,800.0,2516500.0
1406,2021-10-22 04:21:51,98000.0,600.0,2515700.0
1407,2021-10-22 04:21:51,98000.0,200.0,2515100.0
1408,2021-10-22 04:21:51,98000.0,800.0,2514900.0
1409,2021-10-22 04:21:51,98000.0,600.0,2514100.0
1410,2021-10-22 04:21:51,98000.0,200.0,2513500.0
1411,2021-10-22 04:21:51,98000.0,800.0,2513300.0
1412,2021-10-22 04:21:51,98000.0,600.0,2512500.0
1413,2021-10-22 04:21:51,98000.0,200.0,2511900.0
1414,2021-10-22 04:21:51,98000.0,800.0,2511700.0
1415,2021-10-22 04:21:51,98000.0,600.0,2510900.0
1416,2021-10-22 04:21:51,98000.0,1600.0,2510300.0
1417,2021-10-22 04:21:51,98000.0,1600.0,2508700.0
1418,2021-10-22 04:21:51,98000.0,1600.0,2507100.0
1419,2021-10-22 04:21:51,98000.0,1600.0,2505500.0
1420,2021-10-22 04:21:51,98000.0,1600.0,2503900.0
1421,2021-10-22 04:21:51,98000.0,1600.0,2502300.0
1422,2021-10-22 04:21:51,98000.0,1600.0,2500700.0
1423,2021-10-22 04:21:51,98000.0,1600.0,2499100.0
1424,2021-10-22 04:21:51,98000.0,1600.0,2497500.0
1425,2021-10-22 04:21:51,98000.0,1600.0,2495900.0
1426,2021-10-22 04:21:51,98000.0,1600.0,2494300.0
1427,2021-10-22 04:20:54,98100.0,900.0,2492700.0
1428,2021-10-22 04:20:54,98100.0,1100.0,2491800.0
1429,2021-10-22 04:20:54,98100.0,500.0,2490700.0
1430,2021-10-22 04:20:54,98100.0,1600.0,2490200.0
1431,2021-10-22 04:20:54,98100.0,1500.0,2488600.0
1432,2021-10-22 04:20:54,98100.0,100.0,2487100.0
1433,2021-10-22 04:20:54,98100.0,1600.0,2487000.0
1434,2021-10-22 04:20:54,98100.0,1600.0,2485400.0
1435,2021-10-22 04:20:54,98100.0,300.0,2483800.0
1436,2021-10-22 04:20:54,98100.0,1300.0,2483500.0
1437,2021-10-22 04:20:47,98200.0,500.0,2482200.0
1438,2021-10-22 04:20:47,98200.0,1500.0,2481700.0
1439,2021-10-22 04:20:47,98200.0,100.0,2480200.0
1440,2021-10-22 04:20:47,98200.0,1600.0,2480100.0
1441,2021-10-22 04:20:47,98200.0,1600.0,2478500.0
1442,2021-10-22 04:20:47,98200.0,300.0,2476900.0
1443,2021-10-22 04:20:47,98200.0,1300.0,2476600.0
1444,2021-10-22 04:20:47,98200.0,1600.0,2475300.0
1445,2021-10-22 04:19:44,98300.0,700.0,2473700.0
1446,2021-10-22 04:19:44,98300.0,1200.0,2473000.0
1447,2021-10-22 04:19:44,98300.0,1200.0,2471800.0
1448,2021-10-22 04:19:44,98300.0,1200.0,2470600.0
1449,2021-10-22 04:19:44,98300.0,1200.0,2469400.0
1450,2021-10-22 04:19:44,98300.0,900.0,2468200.0
1451,2021-10-22 04:19:44,98300.0,300.0,2467300.0
1452,2021-10-22 04:19:44,98300.0,1200.0,2467000.0
1453,2021-10-22 04:19:44,98300.0,300.0,2465800.0
1454,2021-10-22 04:19:44,98300.0,900.0,2465500.0
1455,2021-10-22 04:19:44,98300.0,1200.0,2464600.0
1456,2021-10-22 04:19:44,98300.0,500.0,2463400.0
1457,2021-10-22 04:19:44,98300.0,700.0,2462900.0
1458,2021-10-22 04:19:44,98300.0,1200.0,2462200.0
1459,2021-10-22 04:19:44,98300.0,700.0,2461000.0
1460,2021-10-22 04:19:44,98300.0,500.0,2460300.0
1461,2021-10-22 04:19:29,98300.0,400.0,2459800.0
1462,2021-10-22 04:19:29,98300.0,1200.0,2459400.0
1463,2021-10-22 04:19:29,98300.0,500.0,2458200.0
1464,2021-10-22 04:19:29,98300.0,700.0,2457700.0
1465,2021-10-22 04:19:29,98300.0,1200.0,2457000.0
1466,2021-10-22 04:19:29,98300.0,700.0,2455800.0
1467,2021-10-22 04:19:29,98300.0,500.0,2455100.0
1468,2021-10-22 04:19:29,98300.0,1200.0,2454600.0
1469,2021-10-22 04:19:29,98300.0,900.0,2453400.0
1470,2021-10-22 04:19:29,98300.0,300.0,2452500.0
1471,2021-10-22 04:19:29,98300.0,1200.0,2452200.0
1472,2021-10-22 04:19:29,98300.0,1100.0,2451000.0
1473,2021-10-22 04:19:29,98300.0,100.0,2449900.0
1474,2021-10-22 04:19:29,98300.0,1200.0,2449800.0
1475,2021-10-22 04:19:29,98300.0,1200.0,2448600.0
1476,2021-10-22 04:19:29,98300.0,100.0,2447400.0
1477,2021-10-22 04:18:01,98300.0,100.0,2447300.0
1478,2021-10-22 04:16:50,98300.0,1000.0,2447200.0
1479,2021-10-22 04:16:50,98300.0,600.0,2446200.0
1480,2021-10-22 04:15:52,98200.0,200.0,2445600.0
1481,2021-10-22 04:15:52,98200.0,500.0,2445400.0
1482,2021-10-22 04:15:52,98200.0,500.0,2444900.0
1483,2021-10-22 04:15:52,98200.0,1000.0,2444400.0
1484,2021-10-22 04:15:52,98200.0,1000.0,2443400.0
1485,2021-10-22 04:15:52,98200.0,1000.0,2442400.0
1486,2021-10-22 04:15:52,98200.0,100.0,2441400.0
1487,2021-10-22 04:15:52,98200.0,900.0,2441300.0
1488,2021-10-22 04:15:52,98200.0,1000.0,2440400.0
1489,2021-10-22 04:15:52,98200.0,1000.0,2439400.0
1490,2021-10-22 04:15:52,98200.0,700.0,2438400.0
1491,2021-10-22 04:15:52,98200.0,300.0,2437700.0
1492,2021-10-22 04:15:52,98200.0,1000.0,2437400.0
1493,2021-10-22 04:15:52,98200.0,1000.0,2436400.0
1494,2021-10-22 04:15:52,98200.0,1000.0,2435400.0
1495,2021-10-22 04:15:52,98200.0,300.0,2434400.0
1496,2021-10-22 04:15:43,98100.0,100.0,2434100.0
1497,2021-10-22 04:15:43,98100.0,2200.0,2434000.0
1498,2021-10-22 04:15:43,98100.0,3600.0,2431800.0
1499,2021-10-22 04:15:43,98100.0,2700.0,2428200.0
1500,2021-10-22 04:15:43,98100.0,900.0,2425500.0
1501,2021-10-22 04:14:13,98000.0,300.0,2424600.0
1502,2021-10-22 04:14:03,98000.0,100.0,2424300.0
1503,2021-10-22 04:14:03,98000.0,700.0,2424200.0
1504,2021-10-22 04:14:01,98000.0,500.0,2423500.0
1505,2021-10-22 04:14:01,98000.0,500.0,2423000.0
1506,2021-10-22 04:14:01,98000.0,700.0,2422500.0
1507,2021-10-22 04:14:01,98000.0,500.0,2421800.0
1508,2021-10-22 04:14:01,98000.0,700.0,2421300.0
1509,2021-10-22 04:14:01,98000.0,500.0,2420600.0
1510,2021-10-22 04:14:01,98000.0,700.0,2420100.0
1511,2021-10-22 04:14:01,98000.0,500.0,2419400.0
1512,2021-10-22 04:14:01,98000.0,100.0,2418900.0
1513,2021-10-22 04:14:01,97900.0,1100.0,2418800.0
1514,2021-10-22 04:14:01,97900.0,1200.0,2417700.0
1515,2021-10-22 04:14:01,97900.0,1200.0,2416500.0
1516,2021-10-22 04:14:01,97900.0,1200.0,2415300.0
1517,2021-10-22 04:14:01,97900.0,300.0,2414100.0
1518,2021-10-22 04:14:01,97900.0,900.0,2413800.0
1519,2021-10-22 04:14:01,97900.0,700.0,2412900.0
1520,2021-10-22 04:14:01,97900.0,500.0,2412200.0
1521,2021-10-22 04:14:01,97900.0,1100.0,2411700.0
1522,2021-10-22 04:14:01,97900.0,100.0,2410600.0
1523,2021-10-22 04:13:49,97900.0,100.0,2410500.0
1524,2021-10-22 04:13:47,97900.0,800.0,2410400.0
1525,2021-10-22 04:13:42,97900.0,600.0,2409600.0
1526,2021-10-22 04:13:42,97900.0,1600.0,2409000.0
1527,2021-10-22 04:13:42,97900.0,1600.0,2407400.0
1528,2021-10-22 04:13:42,97900.0,1600.0,2405800.0
1529,2021-10-22 04:13:42,97900.0,1600.0,2404200.0
1530,2021-10-22 04:13:42,97900.0,1600.0,2402600.0
1531,2021-10-22 04:13:42,97900.0,1600.0,2401000.0
1532,2021-10-22 04:13:42,97900.0,1600.0,2399400.0
1533,2021-10-22 04:13:42,97900.0,1200.0,2397800.0
1534,2021-10-22 04:13:42,97900.0,1600.0,2396600.0
1535,2021-10-22 04:13:42,97900.0,1600.0,2395000.0
1536,2021-10-22 04:13:42,97900.0,1100.0,2393400.0
1537,2021-10-22 04:13:42,97900.0,500.0,2392300.0
1538,2021-10-22 04:13:42,97900.0,300.0,2391800.0
1539,2021-10-22 04:13:42,97900.0,100.0,2391500.0
1540,2021-10-22 04:13:42,97900.0,1200.0,2391400.0
1541,2021-10-22 04:13:42,97900.0,400.0,2390200.0
1542,2021-10-22 04:13:42,97900.0,1200.0,2389800.0
1543,2021-10-22 04:13:42,97900.0,400.0,2388600.0
1544,2021-10-22 04:13:42,97900.0,1200.0,2388200.0
1545,2021-10-22 04:13:42,97900.0,400.0,2387000.0
1546,2021-10-22 04:13:42,97900.0,1200.0,2386600.0
1547,2021-10-22 04:13:42,97900.0,400.0,2385400.0
1548,2021-10-22 04:13:42,97900.0,1200.0,2385000.0
1549,2021-10-22 04:13:30,98000.0,600.0,2383800.0
1550,2021-10-22 04:13:30,98000.0,100.0,2383200.0
1551,2021-10-22 04:13:22,98000.0,800.0,2383100.0
1552,2021-10-22 04:13:22,98000.0,300.0,2382300.0
1553,2021-10-22 04:13:22,98000.0,500.0,2382000.0
1554,2021-10-22 04:13:22,98000.0,700.0,2381500.0
1555,2021-10-22 04:13:22,98000.0,100.0,2380800.0
1556,2021-10-22 04:13:22,98000.0,800.0,2380700.0
1557,2021-10-22 04:13:22,98000.0,300.0,2379900.0
1558,2021-10-22 04:13:22,98000.0,500.0,2379600.0
1559,2021-10-22 04:13:22,98000.0,700.0,2379100.0
1560,2021-10-22 04:13:22,98000.0,100.0,2378400.0
1561,2021-10-22 04:13:22,98000.0,800.0,2378300.0
1562,2021-10-22 04:13:22,98000.0,300.0,2377500.0
1563,2021-10-22 04:13:22,98000.0,500.0,2377200.0
1564,2021-10-22 04:13:22,98000.0,700.0,2376700.0
1565,2021-10-22 04:13:22,98000.0,100.0,2376000.0
1566,2021-10-22 04:13:22,98000.0,800.0,2375900.0
1567,2021-10-22 04:13:22,98000.0,300.0,2375100.0
1568,2021-10-22 04:13:22,98000.0,500.0,2374800.0
1569,2021-10-22 04:13:22,98000.0,700.0,2374300.0
1570,2021-10-22 04:13:22,98000.0,100.0,2373600.0
1571,2021-10-22 04:13:22,98000.0,800.0,2373500.0
1572,2021-10-22 04:13:22,98000.0,300.0,2372700.0
1573,2021-10-22 04:13:22,98000.0,500.0,2372400.0
1574,2021-10-22 04:13:22,98000.0,700.0,2371900.0
1575,2021-10-22 04:13:22,98000.0,100.0,2371200.0
1576,2021-10-22 04:13:22,98000.0,800.0,2371100.0
1577,2021-10-22 04:13:22,98000.0,300.0,2370300.0
1578,2021-10-22 04:13:22,98000.0,500.0,2370000.0
1579,2021-10-22 04:13:22,98000.0,700.0,2369500.0
1580,2021-10-22 04:13:22,98000.0,100.0,2368800.0
1581,2021-10-22 04:13:22,98000.0,800.0,2368700.0
1582,2021-10-22 04:13:22,98000.0,300.0,2367900.0
1583,2021-10-22 04:13:22,98000.0,500.0,2367600.0
1584,2021-10-22 04:13:22,98000.0,700.0,2367100.0
1585,2021-10-22 04:13:22,98000.0,100.0,2366400.0
1586,2021-10-22 04:13:22,98000.0,800.0,2366300.0
1587,2021-10-22 04:13:22,98000.0,300.0,2365500.0
1588,2021-10-22 04:13:22,98000.0,500.0,2365200.0
1589,2021-10-22 04:13:22,98000.0,700.0,2364700.0
1590,2021-10-22 04:13:22,98000.0,800.0,2364000.0
1591,2021-10-22 04:13:22,98000.0,400.0,2363200.0
1592,2021-10-22 04:13:22,98000.0,400.0,2362800.0
1593,2021-10-22 04:13:22,98000.0,800.0,2362400.0
1594,2021-10-22 04:13:22,98000.0,800.0,2361600.0
1595,2021-10-22 04:13:22,98000.0,400.0,2360800.0
1596,2021-10-22 04:13:22,98000.0,1200.0,2360400.0
1597,2021-10-22 04:13:22,98000.0,1200.0,2359200.0
1598,2021-10-22 04:13:22,98000.0,1200.0,2358000.0
1599,2021-10-22 04:13:22,98000.0,1200.0,2356800.0
1600,2021-10-22 04:13:22,98000.0,1200.0,2355600.0
1601,2021-10-22 04:13:22,98000.0,1200.0,2354400.0
1602,2021-10-22 04:13:22,98000.0,1200.0,2353200.0
1603,2021-10-22 04:13:22,98000.0,1200.0,2352000.0
1604,2021-10-22 04:13:22,98000.0,1200.0,2350800.0
1605,2021-10-22 04:12:43,98100.0,300.0,2349600.0
1606,2021-10-22 04:12:43,98100.0,1200.0,2349300.0
1607,2021-10-22 04:12:43,98100.0,1200.0,2348100.0
1608,2021-10-22 04:12:43,98100.0,1200.0,2346900.0
1609,2021-10-22 04:12:43,98100.0,1100.0,2345700.0
1610,2021-10-22 04:12:29,98100.0,100.0,2344600.0
1611,2021-10-22 04:12:29,98100.0,400.0,2344500.0
1612,2021-10-22 04:12:29,98100.0,500.0,2344100.0
1613,2021-10-22 04:12:29,98100.0,300.0,2343600.0
1614,2021-10-22 04:12:29,98100.0,1200.0,2343300.0
1615,2021-10-22 04:12:29,98100.0,1200.0,2342100.0
1616,2021-10-22 04:12:29,98100.0,300.0,2340900.0
1617,2021-10-22 04:12:29,98100.0,900.0,2340600.0
1618,2021-10-22 04:12:29,98100.0,600.0,2339700.0
1619,2021-10-22 04:12:29,98100.0,600.0,2339100.0
1620,2021-10-22 04:12:29,98100.0,900.0,2338500.0
1621,2021-10-22 04:12:29,98100.0,300.0,2337600.0
1622,2021-10-22 04:12:18,98200.0,500.0,2337300.0
1623,2021-10-22 04:12:18,98200.0,200.0,2336800.0
1624,2021-10-22 04:12:18,98200.0,1000.0,2336600.0
1625,2021-10-22 04:12:18,98200.0,1000.0,2335600.0
1626,2021-10-22 04:12:18,98200.0,1000.0,2334600.0
1627,2021-10-22 04:12:18,98200.0,1000.0,2333600.0
1628,2021-10-22 04:12:18,98200.0,1000.0,2332600.0
1629,2021-10-22 04:12:18,98200.0,1000.0,2331600.0
1630,2021-10-22 04:12:18,98200.0,1000.0,2330600.0
1631,2021-10-22 04:12:18,98200.0,1000.0,2329600.0
1632,2021-10-22 04:12:18,98200.0,1000.0,2328600.0
1633,2021-10-22 04:12:18,98200.0,1000.0,2327600.0
1634,2021-10-22 04:12:18,98200.0,1000.0,2326600.0
1635,2021-10-22 04:12:08,98300.0,500.0,2325600.0
1636,2021-10-22 04:12:08,98300.0,100.0,2325100.0
1637,2021-10-22 04:12:08,98300.0,200.0,2325000.0
1638,2021-10-22 04:12:08,98300.0,1000.0,2324800.0
1639,2021-10-22 04:12:08,98300.0,1200.0,2323800.0
1640,2021-10-22 04:12:08,98300.0,1200.0,2322600.0
1641,2021-10-22 04:12:08,98300.0,1200.0,2321400.0
1642,2021-10-22 04:12:08,98300.0,1200.0,2320200.0
1643,2021-10-22 04:12:08,98300.0,1200.0,2319000.0
1644,2021-10-22 04:12:08,98300.0,1200.0,2317800.0
1645,2021-10-22 04:11:44,98400.0,900.0,2316600.0
1646,2021-10-22 04:11:44,98400.0,1100.0,2315700.0
1647,2021-10-22 04:11:44,98400.0,100.0,2314600.0
1648,2021-10-22 04:11:44,98400.0,1200.0,2314500.0
1649,2021-10-22 04:11:44,98400.0,700.0,2313300.0
1650,2021-10-22 04:11:44,98400.0,500.0,2312600.0
1651,2021-10-22 04:11:42,98500.0,300.0,2312100.0
1652,2021-10-22 04:10:36,98400.0,1000.0,2311800.0
1653,2021-10-22 04:08:50,98400.0,5800.0,2310800.0
1654,2021-10-22 04:08:27,98500.0,300.0,2305000.0
1655,2021-10-22 04:08:27,98400.0,1300.0,2304700.0
1656,2021-10-22 04:08:20,98300.0,100.0,2303400.0
1657,2021-10-22 04:08:20,98300.0,1200.0,2303300.0
1658,2021-10-22 04:08:20,98300.0,1200.0,2302100.0
1659,2021-10-22 04:08:20,98300.0,1200.0,2300900.0
1660,2021-10-22 04:08:20,98300.0,1200.0,2299700.0
1661,2021-10-22 04:08:20,98300.0,1200.0,2298500.0
1662,2021-10-22 04:08:20,98300.0,1200.0,2297300.0
1663,2021-10-22 04:08:20,98300.0,300.0,2296100.0
1664,2021-10-22 04:08:14,98200.0,1000.0,2295800.0
1665,2021-10-22 04:08:14,98200.0,1600.0,2294800.0
1666,2021-10-22 04:08:14,98200.0,1600.0,2293200.0
1667,2021-10-22 04:08:14,98200.0,400.0,2291600.0
1668,2021-10-22 04:07:50,98200.0,1200.0,2291200.0
1669,2021-10-22 04:07:50,98200.0,1600.0,2290000.0
1670,2021-10-22 04:07:50,98200.0,1200.0,2288400.0
1671,2021-10-22 04:07:37,98200.0,400.0,2287200.0
1672,2021-10-22 04:07:37,98200.0,100.0,2286800.0
1673,2021-10-22 04:07:37,98200.0,1500.0,2286700.0
1674,2021-10-22 04:07:37,98200.0,1500.0,2285200.0
1675,2021-10-22 04:07:37,98200.0,100.0,2283700.0
1676,2021-10-22 04:07:37,98200.0,1400.0,2283600.0
1677,2021-10-22 04:07:37,98200.0,200.0,2282200.0
1678,2021-10-22 04:07:37,98200.0,1300.0,2282000.0
1679,2021-10-22 04:07:37,98200.0,300.0,2280700.0
1680,2021-10-22 04:07:29,98300.0,900.0,2280400.0
1681,2021-10-22 04:07:29,98300.0,1200.0,2279500.0
1682,2021-10-22 04:07:29,98300.0,100.0,2278300.0
1683,2021-10-22 04:07:29,98300.0,1100.0,2278200.0
1684,2021-10-22 04:07:29,98300.0,200.0,2277100.0
1685,2021-10-22 04:07:29,98300.0,1000.0,2276900.0
1686,2021-10-22 04:07:29,98300.0,300.0,2275900.0
1687,2021-10-22 04:07:29,98300.0,900.0,2275600.0
1688,2021-10-22 04:07:26,98400.0,5000.0,2274700.0
1689,2021-10-22 04:06:57,98300.0,300.0,2269700.0
1690,2021-10-22 04:06:57,98300.0,100.0,2269400.0
1691,2021-10-22 04:06:57,98300.0,1300.0,2269300.0
1692,2021-10-22 04:06:57,98300.0,1300.0,2268000.0
1693,2021-10-22 04:06:57,98300.0,1300.0,2266700.0
1694,2021-10-22 04:06:48,98200.0,400.0,2265400.0
1695,2021-10-22 04:06:48,98200.0,800.0,2265000.0
1696,2021-10-22 04:06:48,98200.0,800.0,2264200.0
1697,2021-10-22 04:06:48,98200.0,700.0,2263400.0
1698,2021-10-22 04:06:48,98200.0,900.0,2262700.0
1699,2021-10-22 04:06:48,98200.0,600.0,2261800.0
1700,2021-10-22 04:06:48,98200.0,1000.0,2261200.0
1701,2021-10-22 04:06:48,98200.0,500.0,2260200.0
1702,2021-10-22 04:06:48,98200.0,1100.0,2259700.0
1703,2021-10-22 04:06:48,98200.0,400.0,2258600.0
1704,2021-10-22 04:06:48,98200.0,1200.0,2258200.0
1705,2021-10-22 04:06:48,98200.0,300.0,2257000.0
1706,2021-10-22 04:06:48,98200.0,1300.0,2256700.0
1707,2021-10-22 04:06:48,98200.0,200.0,2255400.0
1708,2021-10-22 04:06:48,98200.0,1400.0,2255200.0
1709,2021-10-22 04:06:48,98200.0,100.0,2253800.0
1710,2021-10-22 04:06:48,98200.0,1500.0,2253700.0
1711,2021-10-22 04:06:24,98100.0,1200.0,2252200.0
1712,2021-10-22 04:06:24,98100.0,100.0,2251000.0
1713,2021-10-22 04:06:24,98200.0,800.0,2250900.0
1714,2021-10-22 04:06:24,98200.0,1600.0,2250100.0
1715,2021-10-22 04:06:24,98200.0,1600.0,2248500.0
1716,2021-10-22 04:06:24,98200.0,1600.0,2246900.0
1717,2021-10-22 04:06:24,98200.0,1600.0,2245300.0
1718,2021-10-22 04:06:24,98200.0,1500.0,2243700.0
1719,2021-10-22 04:06:06,98200.0,100.0,2242200.0
1720,2021-10-22 04:06:06,98200.0,400.0,2242100.0
1721,2021-10-22 04:06:06,98200.0,500.0,2241700.0
1722,2021-10-22 04:06:06,98200.0,500.0,2241200.0
1723,2021-10-22 04:06:06,98200.0,100.0,2240700.0
1724,2021-10-22 04:06:06,98200.0,100.0,2240600.0
1725,2021-10-22 04:06:06,98200.0,400.0,2240500.0
1726,2021-10-22 04:06:06,98200.0,100.0,2240100.0
1727,2021-10-22 04:06:06,98200.0,1100.0,2240000.0
1728,2021-10-22 04:06:06,98200.0,1600.0,2238900.0
1729,2021-10-22 04:06:06,98200.0,1600.0,2237300.0
1730,2021-10-22 04:06:06,98200.0,1600.0,2235700.0
1731,2021-10-22 04:06:06,98200.0,1600.0,2234100.0
1732,2021-10-22 04:06:06,98200.0,1600.0,2232500.0
1733,2021-10-22 04:05:55,98100.0,1400.0,2230900.0
1734,2021-10-22 04:05:55,98100.0,1500.0,2229500.0
1735,2021-10-22 04:05:55,98100.0,1500.0,2228000.0
1736,2021-10-22 04:05:55,98100.0,1500.0,2226500.0
1737,2021-10-22 04:05:55,98100.0,1500.0,2225000.0
1738,2021-10-22 04:05:55,98100.0,1500.0,2223500.0
1739,2021-10-22 04:05:55,98100.0,1500.0,2222000.0
1740,2021-10-22 04:05:55,98100.0,900.0,2220500.0
1741,2021-10-22 04:05:55,98100.0,500.0,2219600.0
1742,2021-10-22 04:05:55,98100.0,100.0,2219100.0
1743,2021-10-22 04:05:45,98000.0,100.0,2219000.0
1744,2021-10-22 04:05:45,98000.0,400.0,2218900.0
1745,2021-10-22 04:05:45,98000.0,1500.0,2218500.0
1746,2021-10-22 04:05:32,97900.0,300.0,2217000.0
1747,2021-10-22 04:05:32,97900.0,100.0,2216700.0
1748,2021-10-22 04:05:32,97900.0,1100.0,2216600.0
1749,2021-10-22 04:05:32,97900.0,500.0,2215500.0
1750,2021-10-22 04:05:32,97900.0,700.0,2215000.0
1751,2021-10-22 04:05:32,97900.0,900.0,2214300.0
1752,2021-10-22 04:05:32,97900.0,300.0,2213400.0
1753,2021-10-22 04:05:32,97900.0,1200.0,2213100.0
1754,2021-10-22 04:05:32,97900.0,100.0,2211900.0
1755,2021-10-22 04:05:32,97900.0,1100.0,2211800.0
1756,2021-10-22 04:05:32,97900.0,500.0,2210700.0
1757,2021-10-22 04:05:19,97900.0,700.0,2210200.0
1758,2021-10-22 04:05:19,97900.0,100.0,2209500.0
1759,2021-10-22 04:05:03,97900.0,800.0,2209400.0
1760,2021-10-22 04:04:58,97900.0,300.0,2208600.0
1761,2021-10-22 04:04:58,97900.0,500.0,2208300.0
1762,2021-10-22 04:04:58,97900.0,700.0,2207800.0
1763,2021-10-22 04:04:58,97900.0,1200.0,2207100.0
1764,2021-10-22 04:04:58,97900.0,1200.0,2205900.0
1765,2021-10-22 04:04:58,97900.0,1200.0,2204700.0
1766,2021-10-22 04:04:58,97900.0,1200.0,2203500.0
1767,2021-10-22 04:04:58,97900.0,1200.0,2202300.0
1768,2021-10-22 04:04:41,97900.0,6500.0,2201100.0
1769,2021-10-22 04:04:30,97900.0,800.0,2194600.0
1770,2021-10-22 04:04:24,97900.0,6300.0,2193800.0
1771,2021-10-22 04:04:20,97900.0,5000.0,2187500.0
1772,2021-10-22 04:04:15,97800.0,7100.0,2182500.0
1773,2021-10-22 04:04:09,97700.0,400.0,2175400.0
1774,2021-10-22 04:04:09,97700.0,1600.0,2175000.0
1775,2021-10-22 04:04:09,97700.0,1600.0,2173400.0
1776,2021-10-22 04:04:09,97700.0,1600.0,2171800.0
1777,2021-10-22 04:04:09,97700.0,1600.0,2170200.0
1778,2021-10-22 04:04:09,97700.0,1200.0,2168600.0
1779,2021-10-22 04:04:04,97700.0,400.0,2167400.0
1780,2021-10-22 04:04:04,97700.0,400.0,2167000.0
1781,2021-10-22 04:04:04,97700.0,800.0,2166600.0
1782,2021-10-22 04:04:04,97700.0,400.0,2165800.0
1783,2021-10-22 04:04:04,97700.0,400.0,2165400.0
1784,2021-10-22 04:04:04,97700.0,800.0,2165000.0
1785,2021-10-22 04:04:04,97700.0,400.0,2164200.0
1786,2021-10-22 04:04:04,97700.0,1600.0,2163800.0
1787,2021-10-22 04:04:04,97700.0,1600.0,2162200.0
1788,2021-10-22 04:04:04,97700.0,1400.0,2160600.0
1789,2021-10-22 04:04:04,97700.0,200.0,2159200.0
1790,2021-10-22 04:04:04,97700.0,600.0,2159000.0
1791,2021-10-22 04:04:04,97700.0,100.0,2158400.0
1792,2021-10-22 04:04:04,97700.0,900.0,2158300.0
1793,2021-10-22 04:04:04,97700.0,1600.0,2157400.0
1794,2021-10-22 04:04:04,97700.0,1600.0,2155800.0
1795,2021-10-22 04:04:04,97700.0,1600.0,2154200.0
1796,2021-10-22 04:04:04,97700.0,1600.0,2152600.0
1797,2021-10-22 04:04:04,97700.0,1600.0,2151000.0
1798,2021-10-22 04:04:04,97700.0,1600.0,2149400.0
1799,2021-10-22 04:04:04,97700.0,1600.0,2147800.0
1800,2021-10-22 04:04:04,97700.0,1600.0,2146200.0
1801,2021-10-22 04:04:04,97700.0,1600.0,2144600.0
1802,2021-10-22 04:02:43,97700.0,13200.0,2143000.0
1803,2021-10-22 04:02:35,97800.0,800.0,2129800.0
1804,2021-10-22 04:02:19,97800.0,800.0,2129000.0
1805,2021-10-22 04:02:04,97800.0,800.0,2128200.0
1806,2021-10-22 04:01:46,97800.0,800.0,2127400.0
1807,2021-10-22 04:01:30,97800.0,800.0,2126600.0
1808,2021-10-22 04:01:14,97800.0,800.0,2125800.0
1809,2021-10-22 04:01:02,97800.0,100.0,2125000.0
1810,2021-10-22 04:00:57,97800.0,800.0,2124900.0
1811,2021-10-22 04:00:56,97800.0,100.0,2124100.0
1812,2021-10-22 04:00:42,97800.0,100.0,2124000.0
1813,2021-10-22 04:00:42,97900.0,800.0,2123900.0
1814,2021-10-22 04:00:42,97900.0,2000.0,2123100.0
1815,2021-10-22 04:00:42,97900.0,3600.0,2121100.0
1816,2021-10-22 04:00:42,97900.0,1900.0,2117500.0
1817,2021-10-22 04:00:36,97900.0,800.0,2115600.0
1818,2021-10-22 04:00:36,97900.0,900.0,2114800.0
1819,2021-10-22 04:00:36,97900.0,700.0,2113900.0
1820,2021-10-22 04:00:36,97900.0,1600.0,2113200.0
1821,2021-10-22 04:00:36,97900.0,1300.0,2111600.0
1822,2021-10-22 04:00:36,97900.0,300.0,2110300.0
1823,2021-10-22 04:00:36,97900.0,1600.0,2110000.0
1824,2021-10-22 04:00:36,97900.0,1600.0,2108400.0
1825,2021-10-22 04:00:36,97900.0,100.0,2106800.0
1826,2021-10-22 04:00:36,97900.0,1500.0,2106700.0
1827,2021-10-22 04:00:36,97900.0,700.0,2105200.0
1828,2021-10-22 04:00:36,97800.0,400.0,2104500.0
1829,2021-10-22 04:00:36,97800.0,1000.0,2104100.0
1830,2021-10-22 04:00:24,97800.0,200.0,2103100.0
1831,2021-10-22 04:00:24,97800.0,500.0,2102900.0
1832,2021-10-22 04:00:21,97800.0,700.0,2102400.0
1833,2021-10-22 04:00:21,97800.0,100.0,2101700.0
1834,2021-10-22 04:00:21,97800.0,1100.0,2101600.0
1835,2021-10-22 04:00:21,97800.0,1200.0,2100500.0
1836,2021-10-22 04:00:21,97800.0,1200.0,2099300.0
1837,2021-10-22 04:00:21,97800.0,1200.0,2098100.0
1838,2021-10-22 04:00:21,97800.0,300.0,2096900.0
1839,2021-10-22 04:00:21,97800.0,900.0,2096600.0
1840,2021-10-22 04:00:21,97800.0,1200.0,2095700.0
1841,2021-10-22 04:00:21,97800.0,1200.0,2094500.0
1842,2021-10-22 04:00:21,97800.0,1200.0,2093300.0
1843,2021-10-22 04:00:21,97800.0,1200.0,2092100.0
1844,2021-10-22 04:00:21,97800.0,1200.0,2090900.0
1845,2021-10-22 04:00:21,97800.0,1200.0,2089700.0
1846,2021-10-22 04:00:21,97800.0,1200.0,2088500.0
1847,2021-10-22 04:00:21,97800.0,700.0,2087300.0
1848,2021-10-22 04:00:21,97800.0,500.0,2086600.0
1849,2021-10-22 04:00:21,97800.0,1200.0,2086100.0
1850,2021-10-22 04:00:21,97800.0,1200.0,2084900.0
1851,2021-10-22 04:00:21,97800.0,1200.0,2083700.0
1852,2021-10-22 04:00:21,97800.0,1200.0,2082500.0
1853,2021-10-22 04:00:13,97900.0,800.0,2081300.0
1854,2021-10-22 04:00:13,97900.0,100.0,2080500.0
1855,2021-10-22 04:00:13,97900.0,700.0,2080400.0
1856,2021-10-22 04:00:13,97900.0,800.0,2079700.0
1857,2021-10-22 04:00:13,97900.0,100.0,2078900.0
1858,2021-10-22 04:00:13,97900.0,700.0,2078800.0
1859,2021-10-22 04:00:13,97900.0,800.0,2078100.0
1860,2021-10-22 04:00:13,97900.0,100.0,2077300.0
1861,2021-10-22 04:00:13,97900.0,700.0,2077200.0
1862,2021-10-22 04:00:13,97900.0,800.0,2076500.0
1863,2021-10-22 04:00:13,97900.0,100.0,2075700.0
1864,2021-10-22 04:00:13,97900.0,700.0,2075600.0
1865,2021-10-22 04:00:13,97900.0,200.0,2074900.0
1866,2021-10-22 04:00:13,97900.0,700.0,2074700.0
1867,2021-10-22 04:00:13,97900.0,100.0,2074000.0
1868,2021-10-22 04:00:13,97900.0,800.0,2073900.0
1869,2021-10-22 04:00:13,97900.0,700.0,2073100.0
1870,2021-10-22 04:00:08,98000.0,800.0,2072400.0
1871,2021-10-22 04:00:08,98000.0,1200.0,2071600.0
1872,2021-10-22 04:00:08,98000.0,1200.0,2070400.0
1873,2021-10-22 04:00:08,98000.0,600.0,2069200.0
1874,2021-10-22 04:00:05,98000.0,600.0,2068600.0
1875,2021-10-22 04:00:05,98000.0,200.0,2068000.0
1876,2021-10-22 04:00:05,98000.0,1000.0,2067800.0
1877,2021-10-22 04:00:05,98000.0,1200.0,2066800.0
1878,2021-10-22 04:00:05,98000.0,1200.0,2065600.0
1879,2021-10-22 04:00:05,98000.0,1200.0,2064400.0
1880,2021-10-22 04:00:05,98000.0,1200.0,2063200.0
1881,2021-10-22 04:00:05,98000.0,1200.0,2062000.0
1882,2021-10-22 04:00:05,98000.0,1200.0,2060800.0
1883,2021-10-22 03:59:48,98000.0,500.0,2059600.0
1884,2021-10-22 03:59:48,98000.0,900.0,2059100.0
1885,2021-10-22 03:59:48,98000.0,10400.0,2058200.0
1886,2021-10-22 03:56:52,97900.0,100.0,2047800.0
1887,2021-10-22 03:56:35,97900.0,800.0,2047700.0
1888,2021-10-22 03:56:29,97900.0,2200.0,2046900.0
1889,2021-10-22 03:56:19,97900.0,800.0,2044700.0
1890,2021-10-22 03:56:02,97900.0,800.0,2043900.0
1891,2021-10-22 03:55:46,97900.0,800.0,2043100.0
1892,2021-10-22 03:55:30,97900.0,800.0,2042300.0
1893,2021-10-22 03:55:13,97900.0,800.0,2041500.0
1894,2021-10-22 03:54:57,97900.0,800.0,2040700.0
1895,2021-10-22 03:54:55,97900.0,5000.0,2039900.0
1896,2021-10-22 03:54:41,97900.0,800.0,2034900.0
1897,2021-10-22 03:54:24,97900.0,700.0,2034100.0
1898,2021-10-22 03:54:24,97900.0,100.0,2033400.0
1899,2021-10-22 03:54:08,97900.0,800.0,2033300.0
1900,2021-10-22 03:53:52,97900.0,700.0,2032500.0
1901,2021-10-22 03:53:35,97900.0,800.0,2031800.0
1902,2021-10-22 03:53:23,97900.0,23200.0,2031000.0
1903,2021-10-22 03:53:23,98000.0,3000.0,2007800.0
1904,2021-10-22 03:53:19,98000.0,800.0,2004800.0
1905,2021-10-22 03:53:18,98000.0,800.0,2004000.0
1906,2021-10-22 03:53:18,98000.0,800.0,2003200.0
1907,2021-10-22 03:53:18,98000.0,1300.0,2002400.0
1908,2021-10-22 03:53:18,98000.0,1600.0,2001100.0
1909,2021-10-22 03:53:18,98000.0,1300.0,1999500.0
1910,2021-10-22 03:53:14,98100.0,800.0,1998200.0
1911,2021-10-22 03:53:14,98100.0,1600.0,1997400.0
1912,2021-10-22 03:53:14,98100.0,1600.0,1995800.0
1913,2021-10-22 03:53:14,98100.0,1600.0,1994200.0
1914,2021-10-22 03:53:14,98100.0,1200.0,1992600.0
1915,2021-10-22 03:53:05,98200.0,1200.0,1991400.0
1916,2021-10-22 03:53:05,98200.0,1200.0,1990200.0
1917,2021-10-22 03:53:05,98200.0,1200.0,1989000.0
1918,2021-10-22 03:53:05,98200.0,1200.0,1987800.0
1919,2021-10-22 03:53:05,98200.0,1200.0,1986600.0
1920,2021-10-22 03:53:05,98200.0,1200.0,1985400.0
1921,2021-10-22 03:53:05,98200.0,1200.0,1984200.0
1922,2021-10-22 03:53:05,98200.0,1200.0,1983000.0
1923,2021-10-22 03:53:05,98200.0,1200.0,1981800.0
1924,2021-10-22 03:53:05,98200.0,1200.0,1980600.0
1925,2021-10-22 03:53:05,98200.0,1200.0,1979400.0
1926,2021-10-22 03:52:55,98100.0,400.0,1978200.0
1927,2021-10-22 03:52:55,98100.0,1600.0,1977800.0
1928,2021-10-22 03:52:55,98100.0,1600.0,1976200.0
1929,2021-10-22 03:52:55,98100.0,1600.0,1974600.0
1930,2021-10-22 03:52:55,98100.0,1600.0,1973000.0
1931,2021-10-22 03:52:55,98100.0,1600.0,1971400.0
1932,2021-10-22 03:52:55,98100.0,1600.0,1969800.0
1933,2021-10-22 03:52:55,98100.0,1600.0,1968200.0
1934,2021-10-22 03:52:55,98100.0,1600.0,1966600.0
1935,2021-10-22 03:52:54,98000.0,300.0,1965000.0
1936,2021-10-22 03:52:54,98000.0,700.0,1964700.0
1937,2021-10-22 03:52:42,98000.0,500.0,1964000.0
1938,2021-10-22 03:52:42,98000.0,300.0,1963500.0
1939,2021-10-22 03:52:42,98000.0,100.0,1963200.0
1940,2021-10-22 03:52:42,98000.0,1600.0,1963100.0
1941,2021-10-22 03:52:42,98000.0,1600.0,1961500.0
1942,2021-10-22 03:52:42,98000.0,1600.0,1959900.0
1943,2021-10-22 03:52:42,98000.0,1600.0,1958300.0
1944,2021-10-22 03:52:42,98000.0,1600.0,1956700.0
1945,2021-10-22 03:52:42,98000.0,1600.0,1955100.0
1946,2021-10-22 03:52:42,98000.0,1000.0,1953500.0
1947,2021-10-22 03:52:42,98000.0,600.0,1952500.0
1948,2021-10-22 03:52:42,98000.0,300.0,1951900.0
1949,2021-10-22 03:52:42,98000.0,1200.0,1951600.0
1950,2021-10-22 03:52:42,98000.0,100.0,1950400.0
1951,2021-10-22 03:52:42,98000.0,1100.0,1950300.0
1952,2021-10-22 03:52:42,98000.0,500.0,1949200.0
1953,2021-10-22 03:52:42,98000.0,700.0,1948700.0
1954,2021-10-22 03:52:42,98000.0,900.0,1948000.0
1955,2021-10-22 03:52:42,98000.0,300.0,1947100.0
1956,2021-10-22 03:52:42,98000.0,1200.0,1946800.0
1957,2021-10-22 03:52:42,98000.0,100.0,1945600.0
1958,2021-10-22 03:52:42,98000.0,1100.0,1945500.0
1959,2021-10-22 03:52:42,98000.0,500.0,1944400.0
1960,2021-10-22 03:52:42,98000.0,700.0,1943900.0
1961,2021-10-22 03:52:42,98000.0,900.0,1943200.0
1962,2021-10-22 03:52:42,98000.0,300.0,1942300.0
1963,2021-10-22 03:52:42,98000.0,1200.0,1942000.0
1964,2021-10-22 03:52:42,98000.0,100.0,1940800.0
1965,2021-10-22 03:52:30,98000.0,800.0,1940700.0
1966,2021-10-22 03:52:13,98000.0,300.0,1939900.0
1967,2021-10-22 03:52:13,98000.0,500.0,1939600.0
1968,2021-10-22 03:51:57,98000.0,700.0,1939100.0
1969,2021-10-22 03:51:57,98000.0,100.0,1938400.0
1970,2021-10-22 03:51:45,98000.0,300.0,1938300.0
1971,2021-10-22 03:51:41,98000.0,800.0,1938000.0
1972,2021-10-22 03:51:24,98000.0,800.0,1937200.0
1973,2021-10-22 03:51:08,98000.0,400.0,1936400.0
1974,2021-10-22 03:51:08,98000.0,400.0,1936000.0
1975,2021-10-22 03:51:00,98000.0,800.0,1935600.0
1976,2021-10-22 03:51:00,98000.0,300.0,1934800.0
1977,2021-10-22 03:51:00,98000.0,900.0,1934500.0
1978,2021-10-22 03:51:00,98000.0,700.0,1933600.0
1979,2021-10-22 03:51:00,98000.0,500.0,1932900.0
1980,2021-10-22 03:51:00,98000.0,1100.0,1932400.0
1981,2021-10-22 03:51:00,98000.0,100.0,1931300.0
1982,2021-10-22 03:50:53,98000.0,1000.0,1931200.0
1983,2021-10-22 03:50:53,98000.0,500.0,1930200.0
1984,2021-10-22 03:50:53,98000.0,1300.0,1929700.0
1985,2021-10-22 03:50:53,98000.0,300.0,1928400.0
1986,2021-10-22 03:50:53,98000.0,1600.0,1928100.0
1987,2021-10-22 03:50:53,98000.0,1200.0,1926500.0
1988,2021-10-22 03:50:53,98000.0,400.0,1925300.0
1989,2021-10-22 03:50:53,98000.0,1600.0,1924900.0
1990,2021-10-22 03:50:53,98000.0,1100.0,1923300.0
1991,2021-10-22 03:50:53,98000.0,500.0,1922200.0
1992,2021-10-22 03:50:53,98000.0,1600.0,1921700.0
1993,2021-10-22 03:50:53,98000.0,1000.0,1920100.0
1994,2021-10-22 03:50:53,98000.0,600.0,1919100.0
1995,2021-10-22 03:50:53,98000.0,1600.0,1918500.0
1996,2021-10-22 03:50:53,98000.0,900.0,1916900.0
1997,2021-10-22 03:50:53,98000.0,700.0,1916000.0
1998,2021-10-22 03:50:53,98000.0,1600.0,1915300.0
1999,2021-10-22 03:50:53,98000.0,800.0,1913700.0
2000,2021-10-22 03:50:53,98000.0,100.0,1912900.0
2001,2021-10-22 03:50:53,98000.0,100.0,1912800.0
2002,2021-10-22 03:50:53,98000.0,100.0,1912700.0
2003,2021-10-22 03:50:53,98000.0,500.0,1912600.0
2004,2021-10-22 03:50:37,97800.0,300.0,1912100.0
2005,2021-10-22 03:50:37,97800.0,1000.0,1911800.0
2006,2021-10-22 03:50:37,97800.0,1000.0,1910800.0
2007,2021-10-22 03:50:37,97800.0,1000.0,1909800.0
2008,2021-10-22 03:50:37,97800.0,1000.0,1908800.0
2009,2021-10-22 03:50:37,97800.0,400.0,1907800.0
2010,2021-10-22 03:50:37,97800.0,600.0,1907400.0
2011,2021-10-22 03:50:37,97800.0,1000.0,1906800.0
2012,2021-10-22 03:50:37,97800.0,1000.0,1905800.0
2013,2021-10-22 03:50:37,97800.0,1000.0,1904800.0
2014,2021-10-22 03:50:37,97800.0,500.0,1903800.0
2015,2021-10-22 03:50:37,97700.0,400.0,1903300.0
2016,2021-10-22 03:50:37,97700.0,1200.0,1902900.0
2017,2021-10-22 03:50:37,97700.0,1200.0,1901700.0
2018,2021-10-22 03:50:37,97700.0,1200.0,1900500.0
2019,2021-10-22 03:50:37,97700.0,1200.0,1899300.0
2020,2021-10-22 03:50:37,97700.0,700.0,1898100.0
2021,2021-10-22 03:50:35,97700.0,500.0,1897400.0
2022,2021-10-22 03:50:35,97700.0,300.0,1896900.0
2023,2021-10-22 03:50:26,97700.0,900.0,1896600.0
2024,2021-10-22 03:50:26,97700.0,1200.0,1895700.0
2025,2021-10-22 03:50:26,97700.0,1200.0,1894500.0
2026,2021-10-22 03:50:19,97800.0,500.0,1893300.0
2027,2021-10-22 03:50:19,97800.0,300.0,1892800.0
2028,2021-10-22 03:50:07,97800.0,700.0,1892500.0
2029,2021-10-22 03:50:07,97800.0,100.0,1891800.0
2030,2021-10-22 03:50:04,97800.0,900.0,1891700.0
2031,2021-10-22 03:50:04,97800.0,900.0,1890800.0
2032,2021-10-22 03:50:04,97800.0,100.0,1889900.0
2033,2021-10-22 03:50:04,97800.0,700.0,1889800.0
2034,2021-10-22 03:50:04,97800.0,300.0,1889100.0
2035,2021-10-22 03:50:04,97800.0,600.0,1888800.0
2036,2021-10-22 03:50:04,97800.0,400.0,1888200.0
2037,2021-10-22 03:50:04,97800.0,500.0,1887800.0
2038,2021-10-22 03:50:04,97800.0,500.0,1887300.0
2039,2021-10-22 03:50:04,97800.0,300.0,1886800.0
2040,2021-10-22 03:50:04,97800.0,700.0,1886500.0
