,Time,Price,Volume_per_trade,Volume
0,2021-10-21 07:45:01,96700.0,10100.0,4770800.0
1,2021-10-21 07:45:01,96700.0,5900.0,4760700.0
2,2021-10-21 07:45:01,96700.0,4400.0,4754800.0
3,2021-10-21 07:45:01,96700.0,10000.0,4750400.0
4,2021-10-21 07:45:01,96700.0,8000.0,4740400.0
5,2021-10-21 07:45:01,96700.0,200.0,4732400.0
6,2021-10-21 07:45:01,96700.0,5000.0,4732200.0
7,2021-10-21 07:45:01,96700.0,6800.0,4727200.0
8,2021-10-21 07:45:01,96700.0,6400.0,4720400.0
9,2021-10-21 07:45:01,96700.0,400.0,4714000.0
10,2021-10-21 07:45:01,96700.0,1200.0,4713600.0
11,2021-10-21 07:45:01,96700.0,1800.0,4712400.0
12,2021-10-21 07:45:01,96700.0,12600.0,4710600.0
13,2021-10-21 07:45:01,96700.0,8400.0,4698000.0
14,2021-10-21 07:45:01,96700.0,8000.0,4689600.0
15,2021-10-21 07:45:01,96700.0,4600.0,4681600.0
16,2021-10-21 07:45:01,96700.0,19400.0,4677000.0
17,2021-10-21 07:45:01,96700.0,3800.0,4657600.0
18,2021-10-21 07:45:01,96700.0,4100.0,4653800.0
19,2021-10-21 07:45:01,96700.0,1000.0,4649700.0
20,2021-10-21 07:45:01,96700.0,600.0,4648700.0
21,2021-10-21 07:45:01,96700.0,100.0,4648100.0
22,2021-10-21 07:45:01,96700.0,5000.0,4648000.0
23,2021-10-21 07:45:01,96700.0,5400.0,4643000.0
24,2021-10-21 07:45:01,96700.0,4600.0,4637600.0
25,2021-10-21 07:45:01,96700.0,16900.0,4633000.0
26,2021-10-21 07:45:01,96700.0,11500.0,4616100.0
27,2021-10-21 07:45:01,96700.0,1000.0,4604600.0
28,2021-10-21 07:45:01,96700.0,12700.0,4603600.0
29,2021-10-21 07:45:01,96700.0,1400.0,4590900.0
30,2021-10-21 07:45:01,96700.0,8600.0,4589500.0
31,2021-10-21 07:45:01,96700.0,2500.0,4580900.0
32,2021-10-21 07:45:01,96700.0,200.0,4578400.0
33,2021-10-21 07:45:01,96700.0,200.0,4578200.0
34,2021-10-21 07:45:01,96700.0,100.0,4578000.0
35,2021-10-21 07:45:01,96700.0,200.0,4577900.0
36,2021-10-21 07:45:01,96700.0,100.0,4577700.0
37,2021-10-21 07:45:01,96700.0,100.0,4577600.0
38,2021-10-21 07:45:01,96700.0,100.0,4577500.0
39,2021-10-21 07:45:01,96700.0,300.0,4577400.0
40,2021-10-21 07:45:01,96700.0,100.0,4577100.0
41,2021-10-21 07:45:01,96700.0,3600.0,4577000.0
42,2021-10-21 07:45:01,96700.0,1900.0,4573400.0
43,2021-10-21 07:45:01,96700.0,1700.0,4571500.0
44,2021-10-21 07:45:01,96700.0,1200.0,4569800.0
45,2021-10-21 07:45:01,96700.0,100.0,4568600.0
46,2021-10-21 07:29:06,97300.0,200.0,4568500.0
47,2021-10-21 07:28:55,97300.0,100.0,4568300.0
48,2021-10-21 07:28:27,97300.0,100.0,4568200.0
49,2021-10-21 07:28:15,97300.0,9500.0,4568100.0
50,2021-10-21 07:28:08,97300.0,4800.0,4558600.0
51,2021-10-21 07:28:03,97300.0,6600.0,4553800.0
52,2021-10-21 07:27:57,97300.0,5800.0,4547200.0
53,2021-10-21 07:27:45,97300.0,7800.0,4541400.0
54,2021-10-21 07:27:36,97300.0,100.0,4533600.0
55,2021-10-21 07:27:30,97300.0,500.0,4533500.0
56,2021-10-21 07:27:30,97300.0,100.0,4533000.0
57,2021-10-21 07:27:30,97300.0,6000.0,4532900.0
58,2021-10-21 07:27:18,97200.0,100.0,4526900.0
59,2021-10-21 07:26:45,97300.0,600.0,4526800.0
60,2021-10-21 07:26:02,97300.0,1000.0,4526200.0
61,2021-10-21 07:25:28,97300.0,2000.0,4525200.0
62,2021-10-21 07:25:28,97300.0,6200.0,4523200.0
63,2021-10-21 07:25:08,97300.0,500.0,4517000.0
64,2021-10-21 07:23:36,97300.0,1000.0,4516500.0
65,2021-10-21 07:23:15,97300.0,6800.0,4515500.0
66,2021-10-21 07:23:10,97300.0,6400.0,4508700.0
67,2021-10-21 07:23:03,97300.0,5300.0,4502300.0
68,2021-10-21 07:22:58,97200.0,4500.0,4497000.0
69,2021-10-21 07:22:53,97200.0,10000.0,4492500.0
70,2021-10-21 07:22:47,97100.0,7000.0,4482500.0
71,2021-10-21 07:22:45,97000.0,500.0,4475500.0
72,2021-10-21 07:22:24,97100.0,1000.0,4475000.0
73,2021-10-21 07:22:24,97100.0,600.0,4474000.0
74,2021-10-21 07:22:24,97100.0,200.0,4473400.0
75,2021-10-21 07:22:24,97100.0,1100.0,4473200.0
76,2021-10-21 07:22:24,97100.0,100.0,4472100.0
77,2021-10-21 07:21:50,97100.0,200.0,4472000.0
78,2021-10-21 07:21:50,97100.0,1100.0,4471800.0
79,2021-10-21 07:21:50,97100.0,300.0,4470700.0
80,2021-10-21 07:21:49,97100.0,300.0,4470400.0
81,2021-10-21 07:21:49,97100.0,1100.0,4470100.0
82,2021-10-21 07:21:49,97100.0,300.0,4469000.0
83,2021-10-21 07:21:49,97100.0,1100.0,4468700.0
84,2021-10-21 07:21:45,97100.0,2000.0,4467600.0
85,2021-10-21 07:21:45,97100.0,11800.0,4465600.0
86,2021-10-21 07:21:39,97100.0,5800.0,4453800.0
87,2021-10-21 07:21:34,97100.0,6300.0,4448000.0
88,2021-10-21 07:21:28,97100.0,5800.0,4441700.0
89,2021-10-21 07:21:22,97100.0,100.0,4435900.0
90,2021-10-21 07:21:08,97200.0,500.0,4435800.0
91,2021-10-21 07:20:59,97200.0,400.0,4435300.0
92,2021-10-21 07:20:59,97200.0,300.0,4434900.0
93,2021-10-21 07:20:59,97200.0,9300.0,4434600.0
94,2021-10-21 07:20:57,97200.0,100.0,4425300.0
95,2021-10-21 07:20:52,97200.0,11400.0,4425200.0
96,2021-10-21 07:20:52,97200.0,100.0,4413800.0
97,2021-10-21 07:20:52,97200.0,8500.0,4413700.0
98,2021-10-21 07:20:41,97200.0,200.0,4405200.0
99,2021-10-21 07:20:18,97300.0,2000.0,4405000.0
100,2021-10-21 07:20:18,97300.0,4000.0,4403000.0
101,2021-10-21 07:20:01,97300.0,500.0,4399000.0
102,2021-10-21 07:19:12,97300.0,900.0,4398500.0
103,2021-10-21 07:19:12,97300.0,300.0,4397600.0
104,2021-10-21 07:18:05,97300.0,500.0,4397300.0
105,2021-10-21 07:17:27,97300.0,800.0,4396800.0
106,2021-10-21 07:17:27,97300.0,300.0,4396000.0
107,2021-10-21 07:17:17,97300.0,1600.0,4395700.0
108,2021-10-21 07:17:16,97300.0,400.0,4394100.0
109,2021-10-21 07:17:05,97300.0,900.0,4393700.0
110,2021-10-21 07:17:05,97300.0,300.0,4392800.0
111,2021-10-21 07:17:05,97300.0,900.0,4392500.0
112,2021-10-21 07:17:05,97300.0,300.0,4391600.0
113,2021-10-21 07:17:05,97300.0,3900.0,4391300.0
114,2021-10-21 07:16:22,97400.0,100.0,4387400.0
115,2021-10-21 07:16:17,97300.0,200.0,4387300.0
116,2021-10-21 07:15:41,97300.0,5000.0,4387100.0
117,2021-10-21 07:14:23,97400.0,600.0,4382100.0
118,2021-10-21 07:13:46,97300.0,4100.0,4381500.0
119,2021-10-21 07:13:42,97300.0,6300.0,4377400.0
120,2021-10-21 07:13:37,97300.0,5300.0,4371100.0
121,2021-10-21 07:13:05,97300.0,9300.0,4365800.0
122,2021-10-21 07:12:54,97300.0,6900.0,4356500.0
123,2021-10-21 07:12:48,97300.0,8500.0,4349600.0
124,2021-10-21 07:12:43,97200.0,6300.0,4341100.0
125,2021-10-21 07:12:34,97200.0,6300.0,4334800.0
126,2021-10-21 07:12:11,97200.0,300.0,4328500.0
127,2021-10-21 07:12:11,97200.0,900.0,4328200.0
128,2021-10-21 07:11:54,97200.0,11200.0,4327300.0
129,2021-10-21 07:11:47,97300.0,100.0,4316100.0
130,2021-10-21 07:11:47,97300.0,2000.0,4316000.0
131,2021-10-21 07:11:47,97300.0,7500.0,4314000.0
132,2021-10-21 07:10:41,97300.0,8100.0,4306500.0
133,2021-10-21 07:10:34,97300.0,5500.0,4298400.0
134,2021-10-21 07:10:29,97300.0,6500.0,4292900.0
135,2021-10-21 07:10:28,97300.0,900.0,4286400.0
136,2021-10-21 07:10:28,97300.0,300.0,4285500.0
137,2021-10-21 07:10:22,97300.0,5800.0,4285200.0
138,2021-10-21 07:10:17,97200.0,4100.0,4279400.0
139,2021-10-21 07:10:17,97200.0,1000.0,4275300.0
140,2021-10-21 07:10:12,97200.0,5800.0,4274300.0
141,2021-10-21 07:09:59,97100.0,100.0,4268500.0
142,2021-10-21 07:09:59,97100.0,6100.0,4268400.0
143,2021-10-21 07:08:42,97100.0,3000.0,4262300.0
144,2021-10-21 07:08:27,97000.0,500.0,4259300.0
145,2021-10-21 07:08:21,97000.0,400.0,4258800.0
146,2021-10-21 07:08:21,97000.0,100.0,4258400.0
147,2021-10-21 07:08:11,97000.0,200.0,4258300.0
148,2021-10-21 07:07:07,97100.0,10900.0,4258100.0
149,2021-10-21 07:07:00,97100.0,7400.0,4247200.0
150,2021-10-21 07:07:00,97100.0,1300.0,4239800.0
151,2021-10-21 07:07:00,97100.0,1300.0,4238500.0
152,2021-10-21 07:06:55,97200.0,300.0,4237200.0
153,2021-10-21 07:06:54,97200.0,900.0,4236900.0
154,2021-10-21 07:06:51,97200.0,900.0,4236000.0
155,2021-10-21 07:06:51,97200.0,300.0,4235100.0
156,2021-10-21 07:06:51,97200.0,800.0,4234800.0
157,2021-10-21 07:06:44,97200.0,10000.0,4234000.0
158,2021-10-21 07:06:39,97200.0,9200.0,4224000.0
159,2021-10-21 07:06:39,97200.0,800.0,4214800.0
160,2021-10-21 07:06:33,97200.0,10000.0,4214000.0
161,2021-10-21 07:06:22,97300.0,12900.0,4204000.0
162,2021-10-21 07:06:12,97300.0,1600.0,4191100.0
163,2021-10-21 07:06:07,97300.0,8500.0,4189500.0
164,2021-10-21 07:06:05,97300.0,200.0,4181000.0
165,2021-10-21 07:05:43,97300.0,6000.0,4180800.0
166,2021-10-21 07:05:35,97300.0,10000.0,4174800.0
167,2021-10-21 07:05:29,97300.0,3700.0,4164800.0
168,2021-10-21 07:05:29,97300.0,4800.0,4161100.0
169,2021-10-21 07:05:24,97300.0,5600.0,4156300.0
170,2021-10-21 07:04:08,97200.0,500.0,4150700.0
171,2021-10-21 07:03:56,97200.0,600.0,4150200.0
172,2021-10-21 07:03:42,97200.0,500.0,4149600.0
173,2021-10-21 07:03:24,97200.0,400.0,4149100.0
174,2021-10-21 07:03:23,97300.0,300.0,4148700.0
175,2021-10-21 07:03:23,97300.0,900.0,4148400.0
176,2021-10-21 07:02:53,97300.0,300.0,4147500.0
177,2021-10-21 07:02:53,97300.0,4400.0,4147200.0
178,2021-10-21 07:02:48,97300.0,8200.0,4142800.0
179,2021-10-21 07:02:23,97400.0,8400.0,4134600.0
180,2021-10-21 07:01:38,97500.0,900.0,4126200.0
181,2021-10-21 07:01:37,97500.0,300.0,4125300.0
182,2021-10-21 07:01:26,97500.0,300.0,4125000.0
183,2021-10-21 07:01:26,97500.0,900.0,4124700.0
184,2021-10-21 07:01:21,97400.0,1000.0,4123800.0
185,2021-10-21 07:01:21,97400.0,400.0,4122800.0
186,2021-10-21 07:01:21,97400.0,5800.0,4122400.0
187,2021-10-21 07:01:16,97300.0,100.0,4116600.0
188,2021-10-21 07:01:16,97300.0,1000.0,4116500.0
189,2021-10-21 07:01:16,97300.0,800.0,4115500.0
190,2021-10-21 07:00:28,97300.0,10800.0,4114700.0
191,2021-10-21 06:59:52,97300.0,300.0,4103900.0
192,2021-10-21 06:59:52,97300.0,900.0,4103600.0
193,2021-10-21 06:59:48,97300.0,100.0,4102700.0
194,2021-10-21 06:59:25,97400.0,300.0,4102600.0
195,2021-10-21 06:59:16,97400.0,100.0,4102300.0
196,2021-10-21 06:59:15,97400.0,2100.0,4102200.0
197,2021-10-21 06:59:15,97400.0,3500.0,4100100.0
198,2021-10-21 06:59:15,97400.0,3500.0,4096600.0
199,2021-10-21 06:59:15,97400.0,3500.0,4093100.0
200,2021-10-21 06:59:15,97300.0,100.0,4089600.0
201,2021-10-21 06:59:15,97300.0,3400.0,4089500.0
202,2021-10-21 06:59:15,97300.0,3500.0,4086100.0
203,2021-10-21 06:58:49,97300.0,8300.0,4082600.0
204,2021-10-21 06:58:44,97300.0,7500.0,4074300.0
205,2021-10-21 06:58:44,97300.0,900.0,4066800.0
206,2021-10-21 06:58:44,97300.0,400.0,4065900.0
207,2021-10-21 06:58:41,97300.0,500.0,4065500.0
208,2021-10-21 06:58:39,97300.0,6300.0,4065000.0
209,2021-10-21 06:58:34,97400.0,800.0,4058700.0
210,2021-10-21 06:58:34,97400.0,300.0,4057900.0
211,2021-10-21 06:58:34,97400.0,1900.0,4057600.0
212,2021-10-21 06:58:29,97400.0,7400.0,4055700.0
213,2021-10-21 06:58:29,97400.0,1600.0,4048300.0
214,2021-10-21 06:58:29,97400.0,1600.0,4046700.0
215,2021-10-21 06:58:29,97400.0,1600.0,4045100.0
216,2021-10-21 06:58:29,97400.0,1600.0,4043500.0
217,2021-10-21 06:58:29,97400.0,1600.0,4041900.0
218,2021-10-21 06:58:29,97400.0,1600.0,4040300.0
219,2021-10-21 06:58:29,97400.0,1600.0,4038700.0
220,2021-10-21 06:58:29,97400.0,1400.0,4037100.0
221,2021-10-21 06:58:28,97400.0,200.0,4035700.0
222,2021-10-21 06:58:28,97400.0,400.0,4035500.0
223,2021-10-21 06:58:24,97400.0,300.0,4035100.0
224,2021-10-21 06:58:23,97400.0,900.0,4034800.0
225,2021-10-21 06:58:23,97400.0,1600.0,4033900.0
226,2021-10-21 06:58:23,97400.0,1600.0,4032300.0
227,2021-10-21 06:58:23,97400.0,1600.0,4030700.0
228,2021-10-21 06:58:23,97400.0,1600.0,4029100.0
229,2021-10-21 06:58:23,97400.0,1600.0,4027500.0
230,2021-10-21 06:58:23,97400.0,1600.0,4025900.0
231,2021-10-21 06:58:23,97400.0,1600.0,4024300.0
232,2021-10-21 06:58:23,97400.0,1600.0,4022700.0
233,2021-10-21 06:58:23,97400.0,1600.0,4021100.0
234,2021-10-21 06:58:23,97400.0,1600.0,4019500.0
235,2021-10-21 06:58:23,97400.0,1600.0,4017900.0
236,2021-10-21 06:58:23,97400.0,1500.0,4016300.0
237,2021-10-21 06:58:23,97400.0,100.0,4014800.0
238,2021-10-21 06:58:23,97400.0,300.0,4014700.0
239,2021-10-21 06:58:10,97400.0,600.0,4014400.0
240,2021-10-21 06:58:02,97400.0,600.0,4013800.0
241,2021-10-21 06:57:55,97400.0,100.0,4013200.0
242,2021-10-21 06:57:55,97400.0,1600.0,4013100.0
243,2021-10-21 06:57:55,97400.0,1600.0,4011500.0
244,2021-10-21 06:57:55,97400.0,1600.0,4009900.0
245,2021-10-21 06:57:55,97400.0,1600.0,4008300.0
246,2021-10-21 06:57:55,97400.0,1600.0,4006700.0
247,2021-10-21 06:57:08,97400.0,300.0,4005100.0
248,2021-10-21 06:57:08,97400.0,900.0,4004800.0
249,2021-10-21 06:57:08,97400.0,500.0,4003900.0
250,2021-10-21 06:57:08,97400.0,1500.0,4003400.0
251,2021-10-21 06:57:08,97400.0,1500.0,4001900.0
252,2021-10-21 06:57:08,97400.0,1500.0,4000400.0
253,2021-10-21 06:57:08,97400.0,1500.0,3998900.0
254,2021-10-21 06:57:08,97400.0,1500.0,3997400.0
255,2021-10-21 06:57:08,97400.0,1500.0,3995900.0
256,2021-10-21 06:57:08,97400.0,1500.0,3994400.0
257,2021-10-21 06:57:08,97400.0,1500.0,3992900.0
258,2021-10-21 06:57:08,97400.0,1500.0,3991400.0
259,2021-10-21 06:57:08,97400.0,1500.0,3989900.0
260,2021-10-21 06:57:08,97400.0,800.0,3988400.0
261,2021-10-21 06:57:03,97400.0,700.0,3987600.0
262,2021-10-21 06:57:03,97400.0,1500.0,3986900.0
263,2021-10-21 06:57:03,97400.0,1500.0,3985400.0
264,2021-10-21 06:57:03,97400.0,1500.0,3983900.0
265,2021-10-21 06:57:03,97400.0,1500.0,3982400.0
266,2021-10-21 06:57:03,97400.0,1500.0,3980900.0
267,2021-10-21 06:57:03,97400.0,1500.0,3979400.0
268,2021-10-21 06:57:03,97400.0,300.0,3977900.0
269,2021-10-21 06:56:01,97400.0,1200.0,3977600.0
270,2021-10-21 06:56:01,97400.0,1500.0,3976400.0
271,2021-10-21 06:56:01,97400.0,1500.0,3974900.0
272,2021-10-21 06:56:01,97400.0,800.0,3973400.0
273,2021-10-21 06:55:45,97400.0,700.0,3972600.0
274,2021-10-21 06:55:45,97400.0,1500.0,3971900.0
275,2021-10-21 06:55:45,97400.0,1500.0,3970400.0
276,2021-10-21 06:55:45,97400.0,1500.0,3968900.0
277,2021-10-21 06:55:27,97400.0,13800.0,3967400.0
278,2021-10-21 06:55:27,97400.0,300.0,3953600.0
279,2021-10-21 06:55:27,97400.0,900.0,3953300.0
280,2021-10-21 06:55:27,97400.0,9800.0,3952400.0
281,2021-10-21 06:55:16,97400.0,100.0,3942600.0
282,2021-10-21 06:55:16,97400.0,6500.0,3942500.0
283,2021-10-21 06:55:16,97400.0,1500.0,3936000.0
284,2021-10-21 06:55:16,97400.0,1500.0,3934500.0
285,2021-10-21 06:55:16,97400.0,500.0,3933000.0
286,2021-10-21 06:54:16,97400.0,1000.0,3932500.0
287,2021-10-21 06:54:16,97400.0,1500.0,3931500.0
288,2021-10-21 06:54:16,97400.0,1500.0,3930000.0
289,2021-10-21 06:54:16,97400.0,1000.0,3928500.0
290,2021-10-21 06:54:16,97400.0,500.0,3927500.0
291,2021-10-21 06:54:16,97400.0,1500.0,3927000.0
292,2021-10-21 06:54:16,97400.0,1500.0,3925500.0
293,2021-10-21 06:54:16,97400.0,1500.0,3924000.0
294,2021-10-21 06:54:16,97400.0,400.0,3922500.0
295,2021-10-21 06:54:16,97400.0,1100.0,3922100.0
296,2021-10-21 06:54:16,97400.0,1500.0,3921000.0
297,2021-10-21 06:54:16,97400.0,1500.0,3919500.0
298,2021-10-21 06:54:16,97400.0,1500.0,3918000.0
299,2021-10-21 06:54:16,97400.0,1500.0,3916500.0
300,2021-10-21 06:54:16,97400.0,1500.0,3915000.0
301,2021-10-21 06:54:16,97400.0,1500.0,3913500.0
302,2021-10-21 06:54:16,97400.0,1500.0,3912000.0
303,2021-10-21 06:54:16,97400.0,1500.0,3910500.0
304,2021-10-21 06:54:16,97400.0,1500.0,3909000.0
305,2021-10-21 06:54:16,97400.0,1500.0,3907500.0
306,2021-10-21 06:52:50,97400.0,300.0,3906000.0
307,2021-10-21 06:52:50,97400.0,900.0,3905700.0
308,2021-10-21 06:52:44,97400.0,300.0,3904800.0
309,2021-10-21 06:52:44,97400.0,1300.0,3904500.0
310,2021-10-21 06:52:44,97400.0,1300.0,3903200.0
311,2021-10-21 06:52:44,97400.0,1300.0,3901900.0
312,2021-10-21 06:52:44,97400.0,1300.0,3900600.0
313,2021-10-21 06:52:44,97400.0,400.0,3899300.0
314,2021-10-21 06:52:42,97400.0,200.0,3898900.0
315,2021-10-21 06:52:39,97400.0,700.0,3898700.0
316,2021-10-21 06:52:39,97400.0,1300.0,3898000.0
317,2021-10-21 06:52:39,97400.0,1300.0,3896700.0
318,2021-10-21 06:52:39,97400.0,1300.0,3895400.0
319,2021-10-21 06:52:39,97400.0,1300.0,3894100.0
320,2021-10-21 06:52:39,97400.0,1300.0,3892800.0
321,2021-10-21 06:52:39,97400.0,1300.0,3891500.0
322,2021-10-21 06:52:39,97400.0,1300.0,3890200.0
323,2021-10-21 06:52:39,97400.0,200.0,3888900.0
324,2021-10-21 06:52:30,97400.0,300.0,3888700.0
325,2021-10-21 06:52:30,97400.0,800.0,3888400.0
326,2021-10-21 06:52:30,97400.0,1300.0,3887600.0
327,2021-10-21 06:51:57,97400.0,500.0,3886300.0
328,2021-10-21 06:51:04,97400.0,300.0,3885800.0
329,2021-10-21 06:51:04,97400.0,900.0,3885500.0
330,2021-10-21 06:50:43,97400.0,2600.0,3884600.0
331,2021-10-21 06:50:43,97400.0,2600.0,3882000.0
332,2021-10-21 06:50:43,97400.0,2600.0,3879400.0
333,2021-10-21 06:50:43,97400.0,2600.0,3876800.0
334,2021-10-21 06:50:43,97400.0,2600.0,3874200.0
335,2021-10-21 06:50:43,97400.0,900.0,3871600.0
336,2021-10-21 06:50:43,97400.0,300.0,3870700.0
337,2021-10-21 06:50:43,97400.0,500.0,3870400.0
338,2021-10-21 06:50:40,97500.0,2900.0,3869900.0
339,2021-10-21 06:50:37,97400.0,10000.0,3867000.0
340,2021-10-21 06:49:19,97500.0,300.0,3857000.0
341,2021-10-21 06:49:19,97500.0,900.0,3856700.0
342,2021-10-21 06:48:35,97500.0,1000.0,3855800.0
343,2021-10-21 06:47:21,97400.0,1000.0,3854800.0
344,2021-10-21 06:47:21,97400.0,1400.0,3853800.0
345,2021-10-21 06:47:21,97400.0,1400.0,3852400.0
346,2021-10-21 06:47:21,97400.0,1400.0,3851000.0
347,2021-10-21 06:47:21,97400.0,1400.0,3849600.0
348,2021-10-21 06:47:21,97400.0,1400.0,3848200.0
349,2021-10-21 06:47:21,97400.0,1400.0,3846800.0
350,2021-10-21 06:47:21,97400.0,1400.0,3845400.0
351,2021-10-21 06:47:21,97400.0,1400.0,3844000.0
352,2021-10-21 06:47:21,97400.0,1400.0,3842600.0
353,2021-10-21 06:47:21,97400.0,1400.0,3841200.0
354,2021-10-21 06:47:21,97400.0,800.0,3839800.0
355,2021-10-21 06:47:16,97400.0,600.0,3839000.0
356,2021-10-21 06:47:16,97400.0,1400.0,3838400.0
357,2021-10-21 06:47:16,97400.0,1400.0,3837000.0
358,2021-10-21 06:47:16,97400.0,1400.0,3835600.0
359,2021-10-21 06:47:16,97400.0,1400.0,3834200.0
360,2021-10-21 06:47:16,97400.0,1400.0,3832800.0
361,2021-10-21 06:47:16,97400.0,1400.0,3831400.0
362,2021-10-21 06:47:16,97400.0,1400.0,3830000.0
363,2021-10-21 06:47:16,97400.0,1400.0,3828600.0
364,2021-10-21 06:47:16,97400.0,1400.0,3827200.0
365,2021-10-21 06:47:16,97400.0,1400.0,3825800.0
366,2021-10-21 06:47:16,97400.0,1400.0,3824400.0
367,2021-10-21 06:47:16,97400.0,1400.0,3823000.0
368,2021-10-21 06:47:16,97400.0,1400.0,3821600.0
369,2021-10-21 06:47:16,97400.0,1200.0,3820200.0
370,2021-10-21 06:46:43,97400.0,100.0,3819000.0
371,2021-10-21 06:46:43,97400.0,100.0,3818900.0
372,2021-10-21 06:46:43,97400.0,200.0,3818800.0
373,2021-10-21 06:46:43,97400.0,800.0,3818600.0
374,2021-10-21 06:46:43,97400.0,400.0,3817800.0
375,2021-10-21 06:46:43,97400.0,1400.0,3817400.0
376,2021-10-21 06:46:43,97400.0,1400.0,3816000.0
377,2021-10-21 06:46:43,97400.0,1400.0,3814600.0
378,2021-10-21 06:46:43,97400.0,1400.0,3813200.0
379,2021-10-21 06:46:43,97400.0,1400.0,3811800.0
380,2021-10-21 06:46:43,97400.0,1100.0,3810400.0
381,2021-10-21 06:46:43,97400.0,300.0,3809300.0
382,2021-10-21 06:46:43,97400.0,1400.0,3809000.0
383,2021-10-21 06:46:43,97400.0,1400.0,3807600.0
384,2021-10-21 06:46:43,97400.0,1000.0,3806200.0
385,2021-10-21 06:46:43,97400.0,400.0,3805200.0
386,2021-10-21 06:45:39,97400.0,8100.0,3804800.0
387,2021-10-21 06:45:38,97400.0,7300.0,3796700.0
388,2021-10-21 06:45:33,97300.0,8200.0,3789400.0
389,2021-10-21 06:45:28,97200.0,1700.0,3781200.0
390,2021-10-21 06:44:00,97100.0,600.0,3779500.0
391,2021-10-21 06:43:48,97100.0,400.0,3778900.0
392,2021-10-21 06:43:44,97200.0,1300.0,3778500.0
393,2021-10-21 06:43:27,97200.0,400.0,3777200.0
394,2021-10-21 06:43:21,97100.0,200.0,3776800.0
395,2021-10-21 06:43:20,97200.0,900.0,3776600.0
396,2021-10-21 06:42:21,97200.0,900.0,3775700.0
397,2021-10-21 06:42:21,97200.0,300.0,3774800.0
398,2021-10-21 06:40:31,97200.0,800.0,3774500.0
399,2021-10-21 06:40:31,97200.0,300.0,3773700.0
400,2021-10-21 06:40:27,97200.0,400.0,3773400.0
401,2021-10-21 06:40:27,97200.0,300.0,3773000.0
402,2021-10-21 06:40:09,97200.0,200.0,3772700.0
403,2021-10-21 06:40:04,97200.0,11000.0,3772500.0
404,2021-10-21 06:39:48,97200.0,500.0,3761500.0
405,2021-10-21 06:39:20,97100.0,300.0,3761000.0
406,2021-10-21 06:39:20,97100.0,400.0,3760700.0
407,2021-10-21 06:39:20,97100.0,1300.0,3760300.0
408,2021-10-21 06:39:20,97100.0,1300.0,3759000.0
409,2021-10-21 06:39:20,97100.0,1300.0,3757700.0
410,2021-10-21 06:39:20,97100.0,1300.0,3756400.0
411,2021-10-21 06:39:20,97100.0,1300.0,3755100.0
412,2021-10-21 06:39:20,97100.0,1300.0,3753800.0
413,2021-10-21 06:39:20,97100.0,1300.0,3752500.0
414,2021-10-21 06:39:20,97100.0,1300.0,3751200.0
415,2021-10-21 06:39:20,97000.0,100.0,3749900.0
416,2021-10-21 06:39:20,97000.0,1200.0,3749800.0
417,2021-10-21 06:39:20,97000.0,1300.0,3748600.0
418,2021-10-21 06:39:20,97000.0,1300.0,3747300.0
419,2021-10-21 06:39:20,97000.0,1300.0,3746000.0
420,2021-10-21 06:39:20,97000.0,1300.0,3744700.0
421,2021-10-21 06:39:20,97000.0,1300.0,3743400.0
422,2021-10-21 06:39:20,97000.0,1300.0,3742100.0
423,2021-10-21 06:38:44,96900.0,11500.0,3740800.0
424,2021-10-21 06:38:26,96800.0,600.0,3729300.0
425,2021-10-21 06:38:25,96900.0,200.0,3728700.0
426,2021-10-21 06:38:25,96800.0,500.0,3728500.0
427,2021-10-21 06:38:25,96800.0,1500.0,3728000.0
428,2021-10-21 06:38:25,96800.0,1500.0,3726500.0
429,2021-10-21 06:38:25,96800.0,1500.0,3725000.0
430,2021-10-21 06:38:25,96800.0,1500.0,3723500.0
431,2021-10-21 06:38:25,96800.0,400.0,3722000.0
432,2021-10-21 06:38:25,96700.0,500.0,3721600.0
433,2021-10-21 06:38:25,96700.0,1600.0,3721100.0
434,2021-10-21 06:38:17,96700.0,1600.0,3719500.0
435,2021-10-21 06:38:17,96700.0,1600.0,3717900.0
436,2021-10-21 06:38:17,96700.0,1600.0,3716300.0
437,2021-10-21 06:38:17,96700.0,1600.0,3714700.0
438,2021-10-21 06:38:17,96700.0,500.0,3713100.0
439,2021-10-21 06:38:17,96700.0,1100.0,3712600.0
440,2021-10-21 06:38:17,96700.0,1600.0,3711500.0
441,2021-10-21 06:38:17,96700.0,1600.0,3709900.0
442,2021-10-21 06:38:17,96700.0,1600.0,3708300.0
443,2021-10-21 06:38:17,96700.0,1600.0,3706700.0
444,2021-10-21 06:38:17,96700.0,1600.0,3705100.0
445,2021-10-21 06:38:17,96700.0,1600.0,3703500.0
446,2021-10-21 06:38:17,96700.0,1600.0,3701900.0
447,2021-10-21 06:38:17,96700.0,1600.0,3700300.0
448,2021-10-21 06:38:17,96700.0,1600.0,3698700.0
449,2021-10-21 06:38:16,96700.0,600.0,3697100.0
450,2021-10-21 06:38:09,96800.0,500.0,3696500.0
451,2021-10-21 06:38:09,96800.0,600.0,3696000.0
452,2021-10-21 06:38:09,96800.0,200.0,3695400.0
453,2021-10-21 06:38:09,96800.0,200.0,3695200.0
454,2021-10-21 06:38:09,96800.0,1100.0,3695000.0
455,2021-10-21 06:38:09,96800.0,1500.0,3693900.0
456,2021-10-21 06:38:09,96800.0,1500.0,3692400.0
457,2021-10-21 06:38:09,96800.0,1500.0,3690900.0
458,2021-10-21 06:38:09,96800.0,1500.0,3689400.0
459,2021-10-21 06:38:09,96800.0,1500.0,3687900.0
460,2021-10-21 06:38:09,96800.0,1500.0,3686400.0
461,2021-10-21 06:38:09,96800.0,1500.0,3684900.0
462,2021-10-21 06:38:05,96800.0,400.0,3683400.0
463,2021-10-21 06:37:59,96800.0,500.0,3683000.0
464,2021-10-21 06:37:46,96800.0,500.0,3682500.0
465,2021-10-21 06:37:41,96800.0,400.0,3682000.0
466,2021-10-21 06:37:01,96800.0,600.0,3681600.0
467,2021-10-21 06:36:52,96800.0,6000.0,3681000.0
468,2021-10-21 06:36:44,96700.0,3500.0,3675000.0
469,2021-10-21 06:36:39,96600.0,500.0,3671500.0
470,2021-10-21 06:36:34,96700.0,300.0,3671000.0
471,2021-10-21 06:36:30,96700.0,15600.0,3670700.0
472,2021-10-21 06:36:30,96700.0,300.0,3655100.0
473,2021-10-21 06:36:30,96700.0,300.0,3654800.0
474,2021-10-21 06:36:24,96700.0,500.0,3654500.0
475,2021-10-21 06:36:24,96700.0,8000.0,3654000.0
476,2021-10-21 06:36:19,96700.0,11200.0,3646000.0
477,2021-10-21 06:36:16,96700.0,500.0,3634800.0
478,2021-10-21 06:36:15,96700.0,8600.0,3634300.0
479,2021-10-21 06:36:08,96800.0,1100.0,3625700.0
480,2021-10-21 06:36:08,96800.0,500.0,3624600.0
481,2021-10-21 06:36:08,96800.0,800.0,3624100.0
482,2021-10-21 06:36:08,96800.0,1600.0,3623300.0
483,2021-10-21 06:36:08,96800.0,1600.0,3621700.0
484,2021-10-21 06:36:08,96800.0,1600.0,3620100.0
485,2021-10-21 06:36:08,96800.0,1600.0,3618500.0
486,2021-10-21 06:36:08,96800.0,200.0,3616900.0
487,2021-10-21 06:35:58,96800.0,1400.0,3616700.0
488,2021-10-21 06:35:58,96800.0,1600.0,3615300.0
489,2021-10-21 06:35:58,96800.0,1600.0,3613700.0
490,2021-10-21 06:35:58,96800.0,1600.0,3612100.0
491,2021-10-21 06:35:58,96800.0,1600.0,3610500.0
492,2021-10-21 06:35:58,96800.0,1600.0,3608900.0
493,2021-10-21 06:35:58,96800.0,1600.0,3607300.0
494,2021-10-21 06:35:58,96800.0,1000.0,3605700.0
495,2021-10-21 06:35:18,96900.0,1200.0,3604700.0
496,2021-10-21 06:35:18,96900.0,300.0,3603500.0
497,2021-10-21 06:35:18,96900.0,900.0,3603200.0
498,2021-10-21 06:35:18,96900.0,300.0,3602300.0
499,2021-10-21 06:35:18,96900.0,800.0,3602000.0
500,2021-10-21 06:35:18,96900.0,500.0,3601200.0
501,2021-10-21 06:35:18,96900.0,1600.0,3600700.0
502,2021-10-21 06:35:18,96900.0,1600.0,3599100.0
503,2021-10-21 06:35:18,96900.0,1100.0,3597500.0
504,2021-10-21 06:35:12,96900.0,500.0,3596400.0
505,2021-10-21 06:35:12,96900.0,1600.0,3595900.0
506,2021-10-21 06:35:12,96900.0,1600.0,3594300.0
507,2021-10-21 06:35:12,96900.0,1600.0,3592700.0
508,2021-10-21 06:35:12,96900.0,1600.0,3591100.0
509,2021-10-21 06:35:12,96900.0,1600.0,3589500.0
510,2021-10-21 06:35:12,96900.0,100.0,3587900.0
511,2021-10-21 06:35:05,97000.0,11000.0,3587800.0
512,2021-10-21 06:34:33,97000.0,100.0,3576800.0
513,2021-10-21 06:34:33,97000.0,100.0,3576700.0
514,2021-10-21 06:34:33,97000.0,4400.0,3576600.0
515,2021-10-21 06:33:57,97000.0,600.0,3572200.0
516,2021-10-21 06:33:57,97000.0,5000.0,3571600.0
517,2021-10-21 06:33:27,96900.0,1500.0,3566600.0
518,2021-10-21 06:33:27,96900.0,1600.0,3565100.0
519,2021-10-21 06:33:27,96900.0,1600.0,3563500.0
520,2021-10-21 06:33:27,96900.0,1600.0,3561900.0
521,2021-10-21 06:33:27,96900.0,1600.0,3560300.0
522,2021-10-21 06:33:15,96800.0,600.0,3558700.0
523,2021-10-21 06:33:15,96800.0,1600.0,3558100.0
524,2021-10-21 06:33:15,96800.0,1600.0,3556500.0
525,2021-10-21 06:31:48,96800.0,400.0,3554900.0
526,2021-10-21 06:31:44,96800.0,800.0,3554500.0
527,2021-10-21 06:31:44,96800.0,300.0,3553700.0
528,2021-10-21 06:31:32,96800.0,300.0,3553400.0
529,2021-10-21 06:31:21,96800.0,200.0,3553100.0
530,2021-10-21 06:29:11,96700.0,100.0,3552900.0
531,2021-10-21 06:28:13,96800.0,200.0,3552800.0
532,2021-10-21 06:28:13,96800.0,800.0,3552600.0
533,2021-10-21 06:27:21,96800.0,4000.0,3551800.0
534,2021-10-21 06:27:07,96800.0,200.0,3547800.0
535,2021-10-21 06:26:42,96800.0,5000.0,3547600.0
536,2021-10-21 06:26:27,96800.0,300.0,3542600.0
537,2021-10-21 06:26:27,96800.0,900.0,3542300.0
538,2021-10-21 06:26:26,96800.0,100.0,3541400.0
539,2021-10-21 06:25:48,96800.0,7700.0,3541300.0
540,2021-10-21 06:25:43,96800.0,8600.0,3533600.0
541,2021-10-21 06:25:38,96800.0,6000.0,3525000.0
542,2021-10-21 06:25:38,96800.0,1200.0,3519000.0
543,2021-10-21 06:25:32,96900.0,7300.0,3517800.0
544,2021-10-21 06:25:27,96900.0,8300.0,3510500.0
545,2021-10-21 06:24:43,97000.0,800.0,3502200.0
546,2021-10-21 06:24:43,97000.0,300.0,3501400.0
547,2021-10-21 06:23:49,97000.0,2000.0,3501100.0
548,2021-10-21 06:23:49,97000.0,500.0,3499100.0
549,2021-10-21 06:23:49,97000.0,100.0,3498600.0
550,2021-10-21 06:23:49,97000.0,100.0,3498500.0
551,2021-10-21 06:23:49,97000.0,10000.0,3498400.0
552,2021-10-21 06:23:49,97000.0,100.0,3488400.0
553,2021-10-21 06:23:49,97000.0,1000.0,3488300.0
554,2021-10-21 06:23:49,97000.0,100.0,3487300.0
555,2021-10-21 06:23:40,97100.0,200.0,3487200.0
556,2021-10-21 06:23:40,97100.0,4300.0,3487000.0
557,2021-10-21 06:23:35,97100.0,5800.0,3482700.0
558,2021-10-21 06:23:29,97100.0,5400.0,3476900.0
559,2021-10-21 06:23:25,97200.0,800.0,3471500.0
560,2021-10-21 06:23:25,97200.0,300.0,3470700.0
561,2021-10-21 06:23:25,97200.0,2800.0,3470400.0
562,2021-10-21 06:23:19,97200.0,7200.0,3467600.0
563,2021-10-21 06:22:51,97200.0,10300.0,3460400.0
564,2021-10-21 06:22:42,97100.0,200.0,3450100.0
565,2021-10-21 06:22:42,97100.0,1600.0,3449900.0
566,2021-10-21 06:22:42,97100.0,1600.0,3448300.0
567,2021-10-21 06:22:42,97100.0,1400.0,3446700.0
568,2021-10-21 06:22:16,97100.0,200.0,3445300.0
569,2021-10-21 06:22:16,97100.0,300.0,3445100.0
570,2021-10-21 06:22:16,97100.0,1300.0,3444800.0
571,2021-10-21 06:22:16,97100.0,1600.0,3443500.0
572,2021-10-21 06:22:16,97100.0,1600.0,3441900.0
573,2021-10-21 06:22:16,97100.0,1600.0,3440300.0
574,2021-10-21 06:22:16,97100.0,1600.0,3438700.0
575,2021-10-21 06:22:16,97100.0,1600.0,3437100.0
576,2021-10-21 06:22:16,97100.0,1600.0,3435500.0
577,2021-10-21 06:22:16,97100.0,1600.0,3433900.0
578,2021-10-21 06:22:16,97100.0,1600.0,3432300.0
579,2021-10-21 06:22:16,97100.0,1600.0,3430700.0
580,2021-10-21 06:22:16,97100.0,1600.0,3429100.0
581,2021-10-21 06:22:16,97100.0,1600.0,3427500.0
582,2021-10-21 06:22:16,97100.0,1600.0,3425900.0
583,2021-10-21 06:22:16,97100.0,1600.0,3424300.0
584,2021-10-21 06:22:16,97100.0,1600.0,3422700.0
585,2021-10-21 06:22:16,97100.0,1600.0,3421100.0
586,2021-10-21 06:22:16,97100.0,500.0,3419500.0
587,2021-10-21 06:22:16,97100.0,1100.0,3419000.0
588,2021-10-21 06:22:16,97100.0,1600.0,3417900.0
589,2021-10-21 06:22:16,97100.0,1600.0,3416300.0
590,2021-10-21 06:22:00,97100.0,5600.0,3414700.0
591,2021-10-21 06:21:53,97200.0,5300.0,3409100.0
592,2021-10-21 06:21:48,97200.0,8200.0,3403800.0
593,2021-10-21 06:21:38,97300.0,10300.0,3395600.0
594,2021-10-21 06:21:32,97300.0,9700.0,3385300.0
595,2021-10-21 06:21:32,97300.0,300.0,3375600.0
596,2021-10-21 06:21:27,97300.0,800.0,3375300.0
597,2021-10-21 06:21:27,97300.0,6400.0,3374500.0
598,2021-10-21 06:21:21,97400.0,300.0,3368100.0
599,2021-10-21 06:21:21,97400.0,800.0,3367800.0
600,2021-10-21 06:21:21,97400.0,7000.0,3367000.0
601,2021-10-21 06:21:16,97400.0,6200.0,3360000.0
602,2021-10-21 06:21:16,97400.0,800.0,3353800.0
603,2021-10-21 06:21:16,97400.0,300.0,3353000.0
604,2021-10-21 06:21:16,97400.0,1000.0,3352700.0
605,2021-10-21 06:21:10,97400.0,5400.0,3351700.0
606,2021-10-21 06:20:57,97600.0,8000.0,3346300.0
607,2021-10-21 06:20:52,97600.0,13000.0,3338300.0
608,2021-10-21 06:20:52,97600.0,1600.0,3325300.0
609,2021-10-21 06:20:52,97600.0,1200.0,3323700.0
610,2021-10-21 06:20:39,97600.0,400.0,3322500.0
611,2021-10-21 06:20:39,97600.0,1600.0,3322100.0
612,2021-10-21 06:20:39,97600.0,1600.0,3320500.0
613,2021-10-21 06:20:39,97600.0,1600.0,3318900.0
614,2021-10-21 06:20:39,97600.0,500.0,3317300.0
615,2021-10-21 06:20:39,97600.0,1100.0,3316800.0
616,2021-10-21 06:20:39,97600.0,1600.0,3315700.0
617,2021-10-21 06:20:39,97600.0,1600.0,3314100.0
618,2021-10-21 06:20:39,97600.0,1600.0,3312500.0
619,2021-10-21 06:20:39,97600.0,1600.0,3310900.0
620,2021-10-21 06:20:39,97600.0,1600.0,3309300.0
621,2021-10-21 06:20:39,97600.0,1600.0,3307700.0
622,2021-10-21 06:20:39,97600.0,1600.0,3306100.0
623,2021-10-21 06:20:39,97600.0,1600.0,3304500.0
624,2021-10-21 06:20:39,97600.0,100.0,3302900.0
625,2021-10-21 06:20:39,97600.0,100.0,3302800.0
626,2021-10-21 06:20:39,97600.0,1400.0,3302700.0
627,2021-10-21 06:20:39,97600.0,1600.0,3301300.0
628,2021-10-21 06:20:39,97600.0,1600.0,3299700.0
629,2021-10-21 06:20:39,97600.0,1600.0,3298100.0
630,2021-10-21 06:20:39,97600.0,1600.0,3296500.0
631,2021-10-21 06:20:39,97600.0,1600.0,3294900.0
632,2021-10-21 06:20:39,97600.0,1600.0,3293300.0
633,2021-10-21 06:20:39,97600.0,1600.0,3291700.0
634,2021-10-21 06:20:39,97600.0,1600.0,3290100.0
635,2021-10-21 06:20:39,97600.0,1600.0,3288500.0
636,2021-10-21 06:20:39,97600.0,1400.0,3286900.0
637,2021-10-21 06:20:39,97600.0,200.0,3285500.0
638,2021-10-21 06:20:16,97500.0,100.0,3285300.0
639,2021-10-21 06:20:16,97500.0,6300.0,3285200.0
640,2021-10-21 06:19:26,97500.0,200.0,3278900.0
641,2021-10-21 06:19:26,97500.0,900.0,3278700.0
642,2021-10-21 06:19:26,97500.0,200.0,3277800.0
643,2021-10-21 06:19:12,97500.0,100.0,3277600.0
644,2021-10-21 06:18:37,97500.0,1300.0,3277500.0
645,2021-10-21 06:18:37,97500.0,1300.0,3276200.0
646,2021-10-21 06:18:37,97500.0,1300.0,3274900.0
647,2021-10-21 06:18:37,97500.0,1300.0,3273600.0
648,2021-10-21 06:18:37,97500.0,1300.0,3272300.0
649,2021-10-21 06:18:37,97500.0,1300.0,3271000.0
650,2021-10-21 06:18:37,97500.0,1300.0,3269700.0
651,2021-10-21 06:18:37,97500.0,1300.0,3268400.0
652,2021-10-21 06:18:37,97500.0,400.0,3267100.0
653,2021-10-21 06:18:29,97500.0,900.0,3266700.0
654,2021-10-21 06:18:29,97500.0,1300.0,3265800.0
655,2021-10-21 06:18:29,97500.0,1300.0,3264500.0
656,2021-10-21 06:18:29,97500.0,1300.0,3263200.0
657,2021-10-21 06:18:18,97400.0,500.0,3261900.0
658,2021-10-21 06:18:10,97400.0,600.0,3261400.0
659,2021-10-21 06:18:00,97400.0,600.0,3260800.0
660,2021-10-21 06:17:57,97500.0,200.0,3260200.0
661,2021-10-21 06:17:57,97500.0,600.0,3260000.0
662,2021-10-21 06:17:57,97500.0,1600.0,3259400.0
663,2021-10-21 06:17:57,97500.0,1600.0,3257800.0
664,2021-10-21 06:17:57,97500.0,1200.0,3256200.0
665,2021-10-21 06:17:57,97500.0,400.0,3255000.0
666,2021-10-21 06:17:57,97500.0,1600.0,3254600.0
667,2021-10-21 06:17:57,97500.0,1600.0,3253000.0
668,2021-10-21 06:17:57,97500.0,1600.0,3251400.0
669,2021-10-21 06:17:57,97500.0,1600.0,3249800.0
670,2021-10-21 06:17:57,97500.0,1600.0,3248200.0
671,2021-10-21 06:17:57,97500.0,1600.0,3246600.0
672,2021-10-21 06:17:57,97500.0,1600.0,3245000.0
673,2021-10-21 06:17:57,97500.0,1600.0,3243400.0
674,2021-10-21 06:17:57,97500.0,1600.0,3241800.0
675,2021-10-21 06:17:51,97400.0,200.0,3240200.0
676,2021-10-21 06:17:49,97400.0,500.0,3240000.0
677,2021-10-21 06:17:39,97400.0,400.0,3239500.0
678,2021-10-21 06:17:33,97400.0,500.0,3239100.0
679,2021-10-21 06:17:22,97400.0,600.0,3238600.0
680,2021-10-21 06:17:14,97400.0,500.0,3238000.0
681,2021-10-21 06:17:02,97400.0,200.0,3237500.0
682,2021-10-21 06:16:55,97400.0,500.0,3237300.0
683,2021-10-21 06:16:47,97400.0,500.0,3236800.0
684,2021-10-21 06:16:46,97400.0,100.0,3236300.0
685,2021-10-21 06:16:46,97400.0,5000.0,3236200.0
686,2021-10-21 06:16:46,97400.0,1200.0,3231200.0
687,2021-10-21 06:16:46,97400.0,1400.0,3230000.0
688,2021-10-21 06:16:46,97400.0,1400.0,3228600.0
689,2021-10-21 06:16:46,97400.0,1400.0,3227200.0
690,2021-10-21 06:16:46,97400.0,700.0,3225800.0
691,2021-10-21 06:16:24,97300.0,600.0,3225100.0
692,2021-10-21 06:15:49,97300.0,900.0,3224500.0
693,2021-10-21 06:15:46,97300.0,9900.0,3223600.0
694,2021-10-21 06:15:36,97200.0,2100.0,3213700.0
695,2021-10-21 06:15:30,97200.0,8500.0,3211600.0
696,2021-10-21 06:14:09,97200.0,300.0,3203100.0
697,2021-10-21 06:14:09,97200.0,800.0,3202800.0
698,2021-10-21 06:13:50,97200.0,1000.0,3202000.0
699,2021-10-21 06:13:50,97200.0,8600.0,3201000.0
700,2021-10-21 06:13:49,97200.0,100.0,3192400.0
701,2021-10-21 06:13:42,97300.0,300.0,3192300.0
702,2021-10-21 06:13:42,97300.0,900.0,3192000.0
703,2021-10-21 06:13:42,97300.0,200.0,3191100.0
704,2021-10-21 06:13:42,97300.0,10000.0,3190900.0
705,2021-10-21 06:13:14,97400.0,700.0,3180900.0
706,2021-10-21 06:13:14,97400.0,1400.0,3180200.0
707,2021-10-21 06:13:14,97400.0,1400.0,3178800.0
708,2021-10-21 06:13:14,97400.0,1400.0,3177400.0
709,2021-10-21 06:13:14,97400.0,1400.0,3176000.0
710,2021-10-21 06:13:14,97400.0,1400.0,3174600.0
711,2021-10-21 06:13:14,97400.0,600.0,3173200.0
712,2021-10-21 06:13:06,97400.0,300.0,3172600.0
713,2021-10-21 06:13:05,97400.0,500.0,3172300.0
714,2021-10-21 06:13:05,97400.0,1400.0,3171800.0
715,2021-10-21 06:13:05,97400.0,1400.0,3170400.0
716,2021-10-21 06:13:05,97400.0,1400.0,3169000.0
717,2021-10-21 06:13:05,97400.0,1400.0,3167600.0
718,2021-10-21 06:13:05,97400.0,1400.0,3166200.0
719,2021-10-21 06:13:05,97400.0,1400.0,3164800.0
720,2021-10-21 06:13:05,97400.0,1100.0,3163400.0
721,2021-10-21 06:12:42,97400.0,300.0,3162300.0
722,2021-10-21 06:12:42,97400.0,1400.0,3162000.0
723,2021-10-21 06:12:42,97400.0,1400.0,3160600.0
724,2021-10-21 06:12:42,97400.0,1400.0,3159200.0
725,2021-10-21 06:12:42,97400.0,1400.0,3157800.0
726,2021-10-21 06:12:42,97400.0,1400.0,3156400.0
727,2021-10-21 06:12:42,97400.0,1400.0,3155000.0
728,2021-10-21 06:12:42,97400.0,1300.0,3153600.0
729,2021-10-21 06:12:11,97300.0,500.0,3152300.0
730,2021-10-21 06:12:11,97300.0,1400.0,3151800.0
731,2021-10-21 06:12:11,97300.0,1400.0,3150400.0
732,2021-10-21 06:12:11,97300.0,1400.0,3149000.0
733,2021-10-21 06:12:11,97300.0,900.0,3147600.0
734,2021-10-21 06:11:44,97300.0,200.0,3146700.0
735,2021-10-21 06:11:34,97300.0,300.0,3146500.0
736,2021-10-21 06:11:34,97300.0,1400.0,3146200.0
737,2021-10-21 06:11:34,97300.0,1400.0,3144800.0
738,2021-10-21 06:11:34,97300.0,1400.0,3143400.0
739,2021-10-21 06:11:34,97300.0,1400.0,3142000.0
740,2021-10-21 06:11:34,97300.0,300.0,3140600.0
741,2021-10-21 06:11:11,97200.0,1000.0,3140300.0
742,2021-10-21 06:11:11,97200.0,3500.0,3139300.0
743,2021-10-21 06:11:06,97100.0,500.0,3135800.0
744,2021-10-21 06:11:06,97100.0,1300.0,3135300.0
745,2021-10-21 06:11:06,97100.0,1300.0,3134000.0
746,2021-10-21 06:11:06,97100.0,1300.0,3132700.0
747,2021-10-21 06:10:45,97100.0,200.0,3131400.0
748,2021-10-21 06:10:45,97100.0,800.0,3131200.0
749,2021-10-21 06:10:45,97100.0,300.0,3130400.0
750,2021-10-21 06:10:45,97100.0,200.0,3130100.0
751,2021-10-21 06:10:45,97100.0,1100.0,3129900.0
752,2021-10-21 06:10:45,97100.0,1300.0,3128800.0
753,2021-10-21 06:10:45,97100.0,1300.0,3127500.0
754,2021-10-21 06:10:45,97100.0,1300.0,3126200.0
755,2021-10-21 06:10:45,97100.0,1300.0,3124900.0
756,2021-10-21 06:10:45,97100.0,1300.0,3123600.0
757,2021-10-21 06:10:45,97100.0,1300.0,3122300.0
758,2021-10-21 06:10:45,97100.0,1300.0,3121000.0
759,2021-10-21 06:10:45,97100.0,1300.0,3119700.0
760,2021-10-21 06:10:45,97100.0,1300.0,3118400.0
761,2021-10-21 06:10:45,97100.0,1300.0,3117100.0
762,2021-10-21 06:10:45,97100.0,1300.0,3115800.0
763,2021-10-21 06:10:45,97100.0,1300.0,3114500.0
764,2021-10-21 06:10:45,97100.0,1300.0,3113200.0
765,2021-10-21 06:10:45,97100.0,1300.0,3111900.0
766,2021-10-21 06:10:45,97100.0,1300.0,3110600.0
767,2021-10-21 06:10:35,97100.0,1000.0,3109300.0
768,2021-10-21 06:10:35,97100.0,1600.0,3108300.0
769,2021-10-21 06:10:35,97100.0,1600.0,3106700.0
770,2021-10-21 06:10:35,97100.0,1600.0,3105100.0
771,2021-10-21 06:10:35,97100.0,1600.0,3103500.0
772,2021-10-21 06:10:35,97100.0,1600.0,3101900.0
773,2021-10-21 06:10:35,97100.0,1600.0,3100300.0
774,2021-10-21 06:10:35,97100.0,1600.0,3098700.0
775,2021-10-21 06:10:35,97100.0,1600.0,3097100.0
776,2021-10-21 06:10:35,97100.0,1600.0,3095500.0
777,2021-10-21 06:10:35,97100.0,1600.0,3093900.0
778,2021-10-21 06:10:35,97100.0,1600.0,3092300.0
779,2021-10-21 06:10:35,97100.0,1600.0,3090700.0
780,2021-10-21 06:10:35,97100.0,1600.0,3089100.0
781,2021-10-21 06:10:35,97100.0,1600.0,3087500.0
782,2021-10-21 06:10:35,97100.0,1600.0,3085900.0
783,2021-10-21 06:10:23,97200.0,3500.0,3084300.0
784,2021-10-21 06:10:23,97200.0,3500.0,3080800.0
785,2021-10-21 06:10:23,97200.0,3500.0,3077300.0
786,2021-10-21 06:10:23,97200.0,3500.0,3073800.0
787,2021-10-21 06:10:23,97200.0,3500.0,3070300.0
788,2021-10-21 06:10:23,97200.0,3500.0,3066800.0
789,2021-10-21 06:10:23,97200.0,3500.0,3063300.0
790,2021-10-21 06:10:23,97200.0,3500.0,3059800.0
791,2021-10-21 06:09:57,97300.0,300.0,3056300.0
792,2021-10-21 06:09:57,97300.0,800.0,3056000.0
793,2021-10-21 06:09:57,97300.0,1400.0,3055200.0
794,2021-10-21 06:09:57,97300.0,1400.0,3053800.0
795,2021-10-21 06:09:57,97300.0,1400.0,3052400.0
796,2021-10-21 06:09:57,97300.0,1400.0,3051000.0
797,2021-10-21 06:09:57,97300.0,1400.0,3049600.0
798,2021-10-21 06:09:57,97300.0,1400.0,3048200.0
799,2021-10-21 06:09:57,97300.0,1400.0,3046800.0
800,2021-10-21 06:09:57,97300.0,1400.0,3045400.0
801,2021-10-21 06:09:57,97300.0,1400.0,3044000.0
802,2021-10-21 06:09:57,97300.0,1400.0,3042600.0
803,2021-10-21 06:09:57,97300.0,1400.0,3041200.0
804,2021-10-21 06:09:49,97400.0,100.0,3039800.0
805,2021-10-21 06:09:49,97400.0,1400.0,3039700.0
806,2021-10-21 06:09:49,97400.0,1400.0,3038300.0
807,2021-10-21 06:09:49,97400.0,1400.0,3036900.0
808,2021-10-21 06:09:49,97400.0,1400.0,3035500.0
809,2021-10-21 06:09:49,97400.0,1400.0,3034100.0
810,2021-10-21 06:09:49,97400.0,1400.0,3032700.0
811,2021-10-21 06:08:53,97500.0,300.0,3031300.0
812,2021-10-21 06:08:53,97500.0,800.0,3031000.0
813,2021-10-21 06:08:53,97400.0,600.0,3030200.0
814,2021-10-21 06:08:49,97500.0,5400.0,3029600.0
815,2021-10-21 06:08:45,97500.0,400.0,3024200.0
816,2021-10-21 06:08:37,97500.0,500.0,3023800.0
817,2021-10-21 06:08:25,97500.0,500.0,3023300.0
818,2021-10-21 06:08:18,97500.0,500.0,3022800.0
819,2021-10-21 06:08:17,97400.0,500.0,3022300.0
820,2021-10-21 06:08:08,97400.0,400.0,3021800.0
821,2021-10-21 06:08:08,97400.0,500.0,3021400.0
822,2021-10-21 06:07:58,97400.0,7800.0,3020900.0
823,2021-10-21 06:07:52,97400.0,8600.0,3013100.0
824,2021-10-21 06:07:33,97300.0,600.0,3004500.0
825,2021-10-21 06:07:20,97300.0,500.0,3003900.0
826,2021-10-21 06:07:14,97300.0,100.0,3003400.0
827,2021-10-21 06:07:13,97300.0,600.0,3003300.0
828,2021-10-21 06:06:50,97300.0,200.0,3002700.0
829,2021-10-21 06:06:50,97400.0,200.0,3002500.0
830,2021-10-21 06:06:33,97400.0,9800.0,3002300.0
831,2021-10-21 06:06:23,97300.0,8400.0,2992500.0
832,2021-10-21 06:06:07,97200.0,500.0,2984100.0
833,2021-10-21 06:05:27,97300.0,7900.0,2983600.0
834,2021-10-21 06:05:21,97400.0,300.0,2975700.0
835,2021-10-21 06:05:21,97400.0,800.0,2975400.0
836,2021-10-21 06:05:21,97400.0,4900.0,2974600.0
837,2021-10-21 06:04:03,97400.0,10900.0,2969700.0
838,2021-10-21 06:03:58,97400.0,5800.0,2958800.0
839,2021-10-21 06:03:53,97400.0,6500.0,2953000.0
840,2021-10-21 06:03:47,97400.0,2800.0,2946500.0
841,2021-10-21 06:03:47,97400.0,600.0,2943700.0
842,2021-10-21 06:03:47,97400.0,100.0,2943100.0
843,2021-10-21 06:03:47,97400.0,5000.0,2943000.0
844,2021-10-21 06:03:41,97300.0,6400.0,2938000.0
845,2021-10-21 06:03:36,97300.0,900.0,2931600.0
846,2021-10-21 06:03:36,97300.0,300.0,2930700.0
847,2021-10-21 06:03:22,97300.0,300.0,2930400.0
848,2021-10-21 06:03:22,97300.0,7100.0,2930100.0
849,2021-10-21 06:03:15,97300.0,10000.0,2923000.0
850,2021-10-21 06:01:50,97400.0,800.0,2913000.0
851,2021-10-21 06:01:50,97400.0,200.0,2912200.0
852,2021-10-21 06:00:05,97400.0,800.0,2912000.0
853,2021-10-21 06:00:05,97400.0,300.0,2911200.0
854,2021-10-21 06:00:02,97400.0,100.0,2910900.0
855,2021-10-21 04:29:06,97400.0,100.0,2910800.0
856,2021-10-21 04:28:48,97300.0,200.0,2910700.0
857,2021-10-21 04:28:19,97400.0,300.0,2910500.0
858,2021-10-21 04:28:19,97400.0,800.0,2910200.0
859,2021-10-21 04:27:16,97400.0,1600.0,2909400.0
860,2021-10-21 04:27:00,97400.0,5400.0,2907800.0
861,2021-10-21 04:26:39,97400.0,5000.0,2902400.0
862,2021-10-21 04:26:39,97300.0,5000.0,2897400.0
863,2021-10-21 04:26:34,97300.0,300.0,2892400.0
864,2021-10-21 04:26:34,97300.0,900.0,2892100.0
865,2021-10-21 04:26:22,97300.0,900.0,2891200.0
866,2021-10-21 04:26:22,97300.0,300.0,2890300.0
867,2021-10-21 04:26:22,97300.0,2600.0,2890000.0
868,2021-10-21 04:26:17,97400.0,2800.0,2887400.0
869,2021-10-21 04:25:51,97400.0,300.0,2884600.0
870,2021-10-21 04:25:24,97400.0,4800.0,2884300.0
871,2021-10-21 04:25:07,97400.0,300.0,2879500.0
872,2021-10-21 04:25:07,97400.0,900.0,2879200.0
873,2021-10-21 04:25:07,97400.0,7200.0,2878300.0
874,2021-10-21 04:24:27,97400.0,5600.0,2871100.0
875,2021-10-21 04:24:21,97500.0,3100.0,2865500.0
876,2021-10-21 04:24:16,97500.0,8500.0,2862400.0
877,2021-10-21 04:23:53,97500.0,8400.0,2853900.0
878,2021-10-21 04:23:45,97400.0,400.0,2845500.0
879,2021-10-21 04:23:25,97400.0,300.0,2845100.0
880,2021-10-21 04:23:25,97400.0,1100.0,2844800.0
881,2021-10-21 04:23:03,97400.0,300.0,2843700.0
882,2021-10-21 04:23:03,97400.0,800.0,2843400.0
883,2021-10-21 04:22:24,97400.0,200.0,2842600.0
884,2021-10-21 04:20:19,97300.0,4400.0,2842400.0
885,2021-10-21 04:20:13,97400.0,3000.0,2838000.0
886,2021-10-21 04:19:47,97400.0,9700.0,2835000.0
887,2021-10-21 04:19:41,97400.0,7200.0,2825300.0
888,2021-10-21 04:19:33,97500.0,300.0,2818100.0
889,2021-10-21 04:19:33,97500.0,800.0,2817800.0
890,2021-10-21 04:19:33,97500.0,6100.0,2817000.0
891,2021-10-21 04:19:28,97500.0,8500.0,2810900.0
892,2021-10-21 04:19:22,97500.0,6300.0,2802400.0
893,2021-10-21 04:19:17,97600.0,9200.0,2796100.0
894,2021-10-21 04:19:12,97700.0,5200.0,2786900.0
895,2021-10-21 04:19:06,97700.0,10000.0,2781700.0
896,2021-10-21 04:19:03,97800.0,100.0,2771700.0
897,2021-10-21 04:18:58,97800.0,7600.0,2771600.0
898,2021-10-21 04:18:42,97800.0,7800.0,2764000.0
899,2021-10-21 04:18:37,97800.0,6200.0,2756200.0
900,2021-10-21 04:18:17,97800.0,1800.0,2750000.0
901,2021-10-21 04:18:17,97800.0,4000.0,2748200.0
902,2021-10-21 04:18:12,97800.0,4500.0,2744200.0
903,2021-10-21 04:18:06,97700.0,400.0,2739700.0
904,2021-10-21 04:18:00,97800.0,1200.0,2739300.0
905,2021-10-21 04:18:00,97700.0,500.0,2738100.0
906,2021-10-21 04:18:00,97700.0,4500.0,2737600.0
907,2021-10-21 04:18:00,97600.0,200.0,2733100.0
908,2021-10-21 04:17:48,97700.0,900.0,2732900.0
909,2021-10-21 04:17:48,97700.0,300.0,2732000.0
910,2021-10-21 04:17:34,97700.0,5600.0,2731700.0
911,2021-10-21 04:17:26,97600.0,6200.0,2726100.0
912,2021-10-21 04:17:19,97600.0,6500.0,2719900.0
913,2021-10-21 04:17:05,97500.0,7600.0,2713400.0
914,2021-10-21 04:17:05,97500.0,200.0,2705800.0
915,2021-10-21 04:16:58,97500.0,5800.0,2705600.0
916,2021-10-21 04:16:52,97600.0,300.0,2699800.0
917,2021-10-21 04:16:52,97600.0,1100.0,2699500.0
918,2021-10-21 04:16:52,97600.0,300.0,2698400.0
919,2021-10-21 04:16:52,97600.0,1100.0,2698100.0
920,2021-10-21 04:16:52,97600.0,300.0,2697000.0
921,2021-10-21 04:16:52,97600.0,1100.0,2696700.0
922,2021-10-21 04:16:52,97600.0,3100.0,2695600.0
923,2021-10-21 04:16:47,97600.0,8300.0,2692500.0
924,2021-10-21 04:16:35,97700.0,300.0,2684200.0
925,2021-10-21 04:16:35,97700.0,900.0,2683900.0
926,2021-10-21 04:16:35,97700.0,7500.0,2683000.0
927,2021-10-21 04:15:29,97700.0,6100.0,2675500.0
928,2021-10-21 04:14:46,97700.0,300.0,2669400.0
929,2021-10-21 04:14:46,97700.0,1100.0,2669100.0
930,2021-10-21 04:14:45,97700.0,300.0,2668000.0
931,2021-10-21 04:14:45,97700.0,1100.0,2667700.0
932,2021-10-21 04:14:15,97700.0,400.0,2666600.0
933,2021-10-21 04:14:15,97700.0,1000.0,2666200.0
934,2021-10-21 04:14:09,97700.0,10000.0,2665200.0
935,2021-10-21 04:13:29,97700.0,500.0,2655200.0
936,2021-10-21 04:13:29,97700.0,4800.0,2654700.0
937,2021-10-21 04:13:23,97700.0,8300.0,2649900.0
938,2021-10-21 04:12:32,97800.0,300.0,2641600.0
939,2021-10-21 04:12:32,97800.0,11300.0,2641300.0
940,2021-10-21 04:12:26,97800.0,8700.0,2630000.0
941,2021-10-21 04:12:19,97800.0,8500.0,2621300.0
942,2021-10-21 04:12:11,97800.0,7800.0,2612800.0
943,2021-10-21 04:12:11,97800.0,700.0,2605000.0
944,2021-10-21 04:12:02,97800.0,3200.0,2604300.0
945,2021-10-21 04:12:02,97800.0,2600.0,2601100.0
946,2021-10-21 04:11:55,97800.0,6300.0,2598500.0
947,2021-10-21 04:11:35,97800.0,5800.0,2592200.0
948,2021-10-21 04:11:28,97800.0,3200.0,2586400.0
949,2021-10-21 04:11:09,97700.0,600.0,2583200.0
950,2021-10-21 04:11:09,97700.0,100.0,2582600.0
951,2021-10-21 04:11:09,97700.0,700.0,2582500.0
952,2021-10-21 04:11:04,97600.0,26500.0,2581800.0
953,2021-10-21 04:10:54,97700.0,4600.0,2555300.0
954,2021-10-21 04:10:54,97700.0,5400.0,2550700.0
955,2021-10-21 04:10:46,97700.0,9600.0,2545300.0
956,2021-10-21 04:10:04,97700.0,400.0,2535700.0
957,2021-10-21 04:10:04,97700.0,100.0,2535300.0
958,2021-10-21 04:10:04,97700.0,5800.0,2535200.0
959,2021-10-21 04:09:58,97700.0,5600.0,2529400.0
960,2021-10-21 04:09:48,97800.0,7100.0,2523800.0
961,2021-10-21 04:09:41,97800.0,3000.0,2516700.0
962,2021-10-21 04:09:40,97800.0,5700.0,2513700.0
963,2021-10-21 04:09:33,97800.0,8600.0,2508000.0
964,2021-10-21 04:09:25,97800.0,8600.0,2499400.0
965,2021-10-21 04:08:44,97700.0,1800.0,2490800.0
966,2021-10-21 04:08:26,97700.0,12900.0,2489000.0
967,2021-10-21 04:08:26,97600.0,500.0,2476100.0
968,2021-10-21 04:08:26,97600.0,6600.0,2475600.0
969,2021-10-21 04:08:26,97500.0,1000.0,2469000.0
970,2021-10-21 04:08:18,97500.0,7500.0,2468000.0
971,2021-10-21 04:08:10,97500.0,5600.0,2460500.0
972,2021-10-21 04:07:57,97500.0,4000.0,2454900.0
973,2021-10-21 04:07:57,97500.0,100.0,2450900.0
974,2021-10-21 04:07:50,97500.0,500.0,2450800.0
975,2021-10-21 04:07:26,97500.0,500.0,2450300.0
976,2021-10-21 04:07:26,97500.0,1000.0,2449800.0
977,2021-10-21 04:07:26,97500.0,100.0,2448800.0
978,2021-10-21 04:07:26,97500.0,3700.0,2448700.0
979,2021-10-21 04:06:56,97500.0,200.0,2445000.0
980,2021-10-21 04:06:24,97500.0,1000.0,2444800.0
981,2021-10-21 04:05:29,97500.0,100.0,2443800.0
982,2021-10-21 04:05:19,97400.0,500.0,2443700.0
983,2021-10-21 04:05:08,97400.0,4400.0,2443200.0
984,2021-10-21 04:04:55,97400.0,300.0,2438800.0
985,2021-10-21 04:04:55,97400.0,2400.0,2438500.0
986,2021-10-21 04:04:55,97400.0,12900.0,2436100.0
987,2021-10-21 04:04:47,97400.0,3200.0,2423200.0
988,2021-10-21 04:04:46,97400.0,100.0,2420000.0
989,2021-10-21 04:04:40,97400.0,7300.0,2419900.0
990,2021-10-21 04:04:40,97500.0,1000.0,2412600.0
991,2021-10-21 04:04:40,97500.0,3000.0,2411600.0
992,2021-10-21 04:04:31,97500.0,8300.0,2408600.0
993,2021-10-21 04:04:25,97500.0,7200.0,2400300.0
994,2021-10-21 04:04:21,97500.0,200.0,2393100.0
995,2021-10-21 04:04:17,97600.0,8800.0,2392900.0
996,2021-10-21 04:04:14,97700.0,300.0,2384100.0
997,2021-10-21 04:04:10,97600.0,5800.0,2383800.0
998,2021-10-21 04:03:54,97700.0,8200.0,2378000.0
999,2021-10-21 04:03:47,97800.0,4400.0,2369800.0
1000,2021-10-21 04:03:33,97800.0,1600.0,2365400.0
1001,2021-10-21 04:03:33,97800.0,8300.0,2363800.0
1002,2021-10-21 04:03:27,97700.0,5000.0,2355500.0
1003,2021-10-21 04:03:15,97700.0,200.0,2350500.0
1004,2021-10-21 04:02:53,97700.0,8000.0,2350300.0
1005,2021-10-21 04:02:25,97700.0,5500.0,2342300.0
1006,2021-10-21 04:02:16,97700.0,5800.0,2336800.0
1007,2021-10-21 04:02:08,97700.0,5000.0,2331000.0
1008,2021-10-21 04:02:03,97800.0,7100.0,2326000.0
1009,2021-10-21 04:01:43,97900.0,200.0,2318900.0
1010,2021-10-21 04:01:26,97800.0,100.0,2318700.0
1011,2021-10-21 04:01:26,97800.0,7300.0,2318600.0
1012,2021-10-21 04:01:18,97800.0,4000.0,2311300.0
1013,2021-10-21 04:01:05,97700.0,100.0,2307300.0
1014,2021-10-21 04:01:05,97700.0,4900.0,2307200.0
1015,2021-10-21 04:01:04,97700.0,5300.0,2302300.0
1016,2021-10-21 04:00:33,97700.0,4300.0,2297000.0
1017,2021-10-21 04:00:33,97700.0,500.0,2292700.0
1018,2021-10-21 04:00:33,97700.0,1600.0,2292200.0
1019,2021-10-21 04:00:27,97700.0,5800.0,2290600.0
1020,2021-10-21 04:00:20,97600.0,2500.0,2284800.0
1021,2021-10-21 04:00:20,97600.0,200.0,2282300.0
1022,2021-10-21 04:00:08,97600.0,1800.0,2282100.0
1023,2021-10-21 04:00:08,97600.0,8200.0,2280300.0
1024,2021-10-21 03:59:46,97500.0,6300.0,2272100.0
1025,2021-10-21 03:59:39,97500.0,5800.0,2265800.0
1026,2021-10-21 03:59:27,97500.0,1000.0,2260000.0
1027,2021-10-21 03:59:27,97500.0,3100.0,2259000.0
1028,2021-10-21 03:59:21,97500.0,8300.0,2255900.0
1029,2021-10-21 03:59:20,97500.0,100.0,2247600.0
1030,2021-10-21 03:59:00,97600.0,500.0,2247500.0
1031,2021-10-21 03:58:55,97600.0,6700.0,2247000.0
1032,2021-10-21 03:58:49,97600.0,5400.0,2240300.0
1033,2021-10-21 03:58:42,97600.0,100.0,2234900.0
1034,2021-10-21 03:58:42,97600.0,1000.0,2234800.0
1035,2021-10-21 03:58:42,97600.0,1000.0,2233800.0
1036,2021-10-21 03:58:42,97600.0,3200.0,2232800.0
1037,2021-10-21 03:58:33,97500.0,1200.0,2229600.0
1038,2021-10-21 03:58:31,97600.0,3600.0,2228400.0
1039,2021-10-21 03:57:28,97500.0,3500.0,2224800.0
1040,2021-10-21 03:56:21,97500.0,100.0,2221300.0
1041,2021-10-21 03:55:59,97500.0,400.0,2221200.0
1042,2021-10-21 03:55:59,97500.0,11400.0,2220800.0
1043,2021-10-21 03:55:53,97500.0,5800.0,2209400.0
1044,2021-10-21 03:55:33,97600.0,7000.0,2203600.0
1045,2021-10-21 03:54:30,97600.0,2500.0,2196600.0
1046,2021-10-21 03:54:17,97600.0,1000.0,2194100.0
1047,2021-10-21 03:53:37,97600.0,2700.0,2193100.0
1048,2021-10-21 03:53:27,97700.0,1300.0,2190400.0
1049,2021-10-21 03:53:18,97600.0,9100.0,2189100.0
1050,2021-10-21 03:53:00,97600.0,800.0,2180000.0
1051,2021-10-21 03:53:00,97600.0,700.0,2179200.0
1052,2021-10-21 03:53:00,97500.0,100.0,2178500.0
1053,2021-10-21 03:53:00,97500.0,1200.0,2178400.0
1054,2021-10-21 03:53:00,97500.0,300.0,2177200.0
1055,2021-10-21 03:53:00,97500.0,2300.0,2176900.0
1056,2021-10-21 03:53:00,97500.0,2300.0,2174600.0
1057,2021-10-21 03:53:00,97500.0,2300.0,2172300.0
1058,2021-10-21 03:52:59,97500.0,500.0,2170000.0
1059,2021-10-21 03:51:56,97500.0,300.0,2169500.0
1060,2021-10-21 03:51:35,97500.0,200.0,2169200.0
1061,2021-10-21 03:51:16,97500.0,1000.0,2169000.0
1062,2021-10-21 03:51:15,97500.0,700.0,2168000.0
1063,2021-10-21 03:50:36,97500.0,600.0,2167300.0
1064,2021-10-21 03:50:36,97500.0,800.0,2166700.0
1065,2021-10-21 03:50:29,97600.0,300.0,2165900.0
1066,2021-10-21 03:50:29,97600.0,3000.0,2165600.0
1067,2021-10-21 03:50:29,97600.0,600.0,2162600.0
1068,2021-10-21 03:50:22,97700.0,6500.0,2162000.0
1069,2021-10-21 03:50:19,97700.0,200.0,2155500.0
1070,2021-10-21 03:50:07,97700.0,100.0,2155300.0
1071,2021-10-21 03:50:07,97700.0,3200.0,2155200.0
1072,2021-10-21 03:50:00,97600.0,100.0,2152000.0
1073,2021-10-21 03:50:00,97600.0,2300.0,2151900.0
1074,2021-10-21 03:50:00,97600.0,3000.0,2149600.0
1075,2021-10-21 03:50:00,97600.0,3000.0,2146600.0
1076,2021-10-21 03:50:00,97600.0,3000.0,2143600.0
1077,2021-10-21 03:49:48,97500.0,1000.0,2140600.0
1078,2021-10-21 03:49:28,97500.0,100.0,2139600.0
1079,2021-10-21 03:49:28,97500.0,1700.0,2139500.0
1080,2021-10-21 03:49:28,97500.0,3300.0,2137800.0
1081,2021-10-21 03:49:28,97500.0,300.0,2134500.0
1082,2021-10-21 03:49:28,97500.0,3600.0,2134200.0
1083,2021-10-21 03:49:28,97500.0,1100.0,2130600.0
1084,2021-10-21 03:49:28,97500.0,2500.0,2129500.0
1085,2021-10-21 03:49:18,97500.0,900.0,2127000.0
1086,2021-10-21 03:49:18,97500.0,1300.0,2126100.0
1087,2021-10-21 03:49:18,97500.0,300.0,2124800.0
1088,2021-10-21 03:49:18,97500.0,1000.0,2124500.0
1089,2021-10-21 03:49:18,97500.0,1300.0,2123500.0
1090,2021-10-21 03:49:18,97500.0,900.0,2122200.0
1091,2021-10-21 03:49:18,97400.0,400.0,2121300.0
1092,2021-10-21 03:49:18,97400.0,1300.0,2120900.0
1093,2021-10-21 03:49:18,97400.0,1300.0,2119600.0
1094,2021-10-21 03:49:18,97400.0,1300.0,2118300.0
1095,2021-10-21 03:48:51,97400.0,600.0,2117000.0
1096,2021-10-21 03:48:51,97400.0,1400.0,2116400.0
1097,2021-10-21 03:48:51,97400.0,1400.0,2115000.0
1098,2021-10-21 03:48:51,97400.0,1400.0,2113600.0
1099,2021-10-21 03:48:51,97400.0,1400.0,2112200.0
1100,2021-10-21 03:48:51,97400.0,1400.0,2110800.0
1101,2021-10-21 03:48:51,97400.0,1400.0,2109400.0
1102,2021-10-21 03:48:51,97400.0,1400.0,2108000.0
1103,2021-10-21 03:48:51,97400.0,1400.0,2106600.0
1104,2021-10-21 03:48:51,97400.0,1400.0,2105200.0
1105,2021-10-21 03:48:51,97400.0,1400.0,2103800.0
1106,2021-10-21 03:48:51,97400.0,1400.0,2102400.0
1107,2021-10-21 03:48:51,97400.0,1000.0,2101000.0
1108,2021-10-21 03:48:51,97300.0,400.0,2100000.0
1109,2021-10-21 03:48:51,97300.0,1400.0,2099600.0
1110,2021-10-21 03:48:51,97300.0,1400.0,2098200.0
1111,2021-10-21 03:48:51,97300.0,1400.0,2096800.0
1112,2021-10-21 03:48:51,97300.0,400.0,2095400.0
1113,2021-10-21 03:48:51,97300.0,1000.0,2095000.0
1114,2021-10-21 03:48:51,97300.0,1400.0,2094000.0
1115,2021-10-21 03:48:51,97300.0,1400.0,2092600.0
1116,2021-10-21 03:48:51,97300.0,1400.0,2091200.0
1117,2021-10-21 03:48:51,97300.0,1400.0,2089800.0
1118,2021-10-21 03:48:51,97300.0,1400.0,2088400.0
1119,2021-10-21 03:48:35,97300.0,1000.0,2087000.0
1120,2021-10-21 03:48:35,97300.0,500.0,2086000.0
1121,2021-10-21 03:48:35,97300.0,1000.0,2085500.0
1122,2021-10-21 03:48:35,97300.0,1600.0,2084500.0
1123,2021-10-21 03:48:35,97300.0,1600.0,2082900.0
1124,2021-10-21 03:48:35,97300.0,1600.0,2081300.0
1125,2021-10-21 03:48:35,97300.0,1600.0,2079700.0
1126,2021-10-21 03:48:35,97300.0,1600.0,2078100.0
1127,2021-10-21 03:48:35,97300.0,1600.0,2076500.0
1128,2021-10-21 03:48:35,97300.0,1600.0,2074900.0
1129,2021-10-21 03:48:35,97300.0,1600.0,2073300.0
1130,2021-10-21 03:48:35,97300.0,1600.0,2071700.0
1131,2021-10-21 03:48:35,97300.0,100.0,2070100.0
1132,2021-10-21 03:47:53,97400.0,1000.0,2070000.0
1133,2021-10-21 03:47:19,97400.0,1000.0,2069000.0
1134,2021-10-21 03:47:16,97400.0,1900.0,2068000.0
1135,2021-10-21 03:47:16,97300.0,3100.0,2066100.0
1136,2021-10-21 03:47:11,97300.0,3200.0,2063000.0
1137,2021-10-21 03:47:11,97300.0,5000.0,2059800.0
1138,2021-10-21 03:47:11,97300.0,5000.0,2054800.0
1139,2021-10-21 03:47:11,97300.0,5000.0,2049800.0
1140,2021-10-21 03:46:57,97400.0,1000.0,2044800.0
1141,2021-10-21 03:46:45,97400.0,500.0,2043800.0
1142,2021-10-21 03:46:45,97400.0,1600.0,2043300.0
1143,2021-10-21 03:46:45,97400.0,1600.0,2041700.0
1144,2021-10-21 03:46:45,97400.0,1600.0,2040100.0
1145,2021-10-21 03:46:45,97400.0,1600.0,2038500.0
1146,2021-10-21 03:46:45,97400.0,1600.0,2036900.0
1147,2021-10-21 03:46:45,97400.0,1600.0,2035300.0
1148,2021-10-21 03:46:45,97400.0,1600.0,2033700.0
1149,2021-10-21 03:46:45,97400.0,1600.0,2032100.0
1150,2021-10-21 03:46:45,97400.0,1600.0,2030500.0
1151,2021-10-21 03:46:45,97400.0,1600.0,2028900.0
1152,2021-10-21 03:46:45,97400.0,900.0,2027300.0
1153,2021-10-21 03:46:25,97400.0,300.0,2026400.0
1154,2021-10-21 03:46:21,97400.0,400.0,2026100.0
1155,2021-10-21 03:46:21,97400.0,1600.0,2025700.0
1156,2021-10-21 03:46:21,97400.0,1600.0,2024100.0
1157,2021-10-21 03:46:11,97400.0,3400.0,2022500.0
1158,2021-10-21 03:46:11,97400.0,3600.0,2019100.0
1159,2021-10-21 03:46:11,97400.0,3600.0,2015500.0
1160,2021-10-21 03:46:11,97400.0,1200.0,2011900.0
1161,2021-10-21 03:46:11,97400.0,2400.0,2010700.0
1162,2021-10-21 03:46:11,97400.0,2400.0,2008300.0
1163,2021-10-21 03:46:11,97300.0,1200.0,2005900.0
1164,2021-10-21 03:46:11,97300.0,3600.0,2004700.0
1165,2021-10-21 03:46:11,97300.0,3600.0,2001100.0
1166,2021-10-21 03:45:59,97300.0,3000.0,1997500.0
1167,2021-10-21 03:45:41,97300.0,1000.0,1994500.0
1168,2021-10-21 03:45:40,97300.0,4900.0,1993500.0
1169,2021-10-21 03:45:25,97400.0,100.0,1988600.0
1170,2021-10-21 03:45:15,97400.0,5100.0,1988500.0
1171,2021-10-21 03:44:44,97500.0,400.0,1983400.0
1172,2021-10-21 03:44:38,97500.0,1000.0,1983000.0
1173,2021-10-21 03:44:38,97400.0,400.0,1982000.0
1174,2021-10-21 03:44:35,97500.0,400.0,1981600.0
1175,2021-10-21 03:44:35,97500.0,4600.0,1981200.0
1176,2021-10-21 03:44:24,97500.0,600.0,1976600.0
1177,2021-10-21 03:44:12,97400.0,7700.0,1976000.0
1178,2021-10-21 03:44:02,97400.0,3200.0,1968300.0
1179,2021-10-21 03:43:56,97400.0,2300.0,1965100.0
1180,2021-10-21 03:43:49,97300.0,5100.0,1962800.0
1181,2021-10-21 03:43:19,97300.0,300.0,1957700.0
1182,2021-10-21 03:42:51,97200.0,100.0,1957400.0
1183,2021-10-21 03:42:51,97200.0,4500.0,1957300.0
1184,2021-10-21 03:42:46,97200.0,6300.0,1952800.0
1185,2021-10-21 03:42:41,97200.0,5400.0,1946500.0
1186,2021-10-21 03:42:35,97100.0,100.0,1941100.0
1187,2021-10-21 03:42:35,97100.0,6300.0,1941000.0
1188,2021-10-21 03:42:30,97000.0,500.0,1934700.0
1189,2021-10-21 03:42:30,97000.0,5000.0,1934200.0
1190,2021-10-21 03:42:30,97000.0,100.0,1929200.0
1191,2021-10-21 03:42:30,97000.0,2500.0,1929100.0
1192,2021-10-21 03:42:25,97000.0,2500.0,1926600.0
1193,2021-10-21 03:42:25,97000.0,1100.0,1924100.0
1194,2021-10-21 03:42:18,97000.0,2800.0,1923000.0
1195,2021-10-21 03:41:57,96800.0,1900.0,1920200.0
1196,2021-10-21 03:41:57,96900.0,900.0,1918300.0
1197,2021-10-21 03:41:57,96900.0,5000.0,1917400.0
1198,2021-10-21 03:41:57,96900.0,2200.0,1912400.0
1199,2021-10-21 03:40:53,96900.0,2800.0,1910200.0
1200,2021-10-21 03:40:12,96900.0,5000.0,1907400.0
1201,2021-10-21 03:39:28,96900.0,800.0,1902400.0
1202,2021-10-21 03:39:28,96900.0,1400.0,1901600.0
1203,2021-10-21 03:39:28,96900.0,1400.0,1900200.0
1204,2021-10-21 03:39:28,96900.0,1400.0,1898800.0
1205,2021-10-21 03:39:28,96900.0,1400.0,1897400.0
1206,2021-10-21 03:39:28,96900.0,1400.0,1896000.0
1207,2021-10-21 03:39:28,96900.0,1400.0,1894600.0
1208,2021-10-21 03:39:28,96900.0,1400.0,1893200.0
1209,2021-10-21 03:39:28,96900.0,1400.0,1891800.0
1210,2021-10-21 03:38:44,96900.0,100.0,1890400.0
1211,2021-10-21 03:38:26,96900.0,200.0,1890300.0
1212,2021-10-21 03:38:09,96800.0,400.0,1890100.0
1213,2021-10-21 03:38:01,96800.0,1000.0,1889700.0
1214,2021-10-21 03:37:55,96800.0,9600.0,1888700.0
1215,2021-10-21 03:36:57,96800.0,1000.0,1879100.0
1216,2021-10-21 03:36:57,96800.0,1200.0,1878100.0
1217,2021-10-21 03:36:57,96800.0,1200.0,1876900.0
1218,2021-10-21 03:36:57,96800.0,1200.0,1875700.0
1219,2021-10-21 03:36:57,96800.0,1200.0,1874500.0
1220,2021-10-21 03:36:57,96800.0,1200.0,1873300.0
1221,2021-10-21 03:36:57,96800.0,1200.0,1872100.0
1222,2021-10-21 03:36:57,96800.0,1200.0,1870900.0
1223,2021-10-21 03:36:57,96800.0,1200.0,1869700.0
1224,2021-10-21 03:36:57,96800.0,1200.0,1868500.0
1225,2021-10-21 03:36:57,96800.0,1200.0,1867300.0
1226,2021-10-21 03:36:57,96800.0,1200.0,1866100.0
1227,2021-10-21 03:36:57,96800.0,1200.0,1864900.0
1228,2021-10-21 03:36:57,96800.0,1200.0,1863700.0
1229,2021-10-21 03:36:57,96800.0,1200.0,1862500.0
1230,2021-10-21 03:36:57,96800.0,1200.0,1861300.0
1231,2021-10-21 03:36:57,96800.0,1200.0,1860100.0
1232,2021-10-21 03:36:57,96800.0,1100.0,1858900.0
1233,2021-10-21 03:36:49,96900.0,8400.0,1857800.0
1234,2021-10-21 03:36:32,97000.0,500.0,1849400.0
1235,2021-10-21 03:36:27,97000.0,100.0,1848900.0
1236,2021-10-21 03:36:26,97000.0,500.0,1848800.0
1237,2021-10-21 03:36:26,97000.0,800.0,1848300.0
1238,2021-10-21 03:36:12,97000.0,500.0,1847500.0
1239,2021-10-21 03:36:09,97000.0,200.0,1847000.0
1240,2021-10-21 03:35:03,97000.0,100.0,1846800.0
1241,2021-10-21 03:34:45,97000.0,300.0,1846700.0
1242,2021-10-21 03:34:13,96900.0,200.0,1846400.0
1243,2021-10-21 03:34:03,96900.0,300.0,1846200.0
1244,2021-10-21 03:33:39,96900.0,300.0,1845900.0
1245,2021-10-21 03:33:27,96900.0,600.0,1845600.0
1246,2021-10-21 03:33:27,96900.0,1600.0,1845000.0
1247,2021-10-21 03:33:27,96900.0,1600.0,1843400.0
1248,2021-10-21 03:33:27,96900.0,1600.0,1841800.0
1249,2021-10-21 03:33:27,96900.0,1600.0,1840200.0
1250,2021-10-21 03:33:27,96900.0,1600.0,1838600.0
1251,2021-10-21 03:33:27,96900.0,1600.0,1837000.0
1252,2021-10-21 03:33:27,96900.0,1600.0,1835400.0
1253,2021-10-21 03:33:27,96900.0,1600.0,1833800.0
1254,2021-10-21 03:33:27,96900.0,1600.0,1832200.0
1255,2021-10-21 03:33:15,96800.0,100.0,1830600.0
1256,2021-10-21 03:33:15,96800.0,1200.0,1830500.0
1257,2021-10-21 03:33:15,96800.0,1200.0,1829300.0
1258,2021-10-21 03:33:15,96800.0,11200.0,1828100.0
1259,2021-10-21 03:32:27,96800.0,300.0,1816900.0
1260,2021-10-21 03:32:14,96800.0,6900.0,1816600.0
1261,2021-10-21 03:32:10,96800.0,300.0,1809700.0
1262,2021-10-21 03:32:02,96800.0,2000.0,1809400.0
1263,2021-10-21 03:31:52,97000.0,1000.0,1807400.0
1264,2021-10-21 03:31:22,97000.0,2900.0,1806400.0
1265,2021-10-21 03:31:22,96900.0,500.0,1803500.0
1266,2021-10-21 03:31:22,96900.0,8300.0,1803000.0
1267,2021-10-21 03:31:22,96800.0,2800.0,1794700.0
1268,2021-10-21 03:31:22,96800.0,1600.0,1791900.0
1269,2021-10-21 03:31:14,96800.0,5800.0,1790300.0
1270,2021-10-21 03:31:14,96800.0,1000.0,1784500.0
1271,2021-10-21 03:31:08,96800.0,6300.0,1783500.0
1272,2021-10-21 03:30:39,96800.0,5000.0,1777200.0
1273,2021-10-21 03:30:35,96700.0,700.0,1772200.0
1274,2021-10-21 03:30:35,96700.0,4300.0,1771500.0
1275,2021-10-21 03:29:23,96700.0,5300.0,1767200.0
1276,2021-10-21 03:29:15,96700.0,5000.0,1761900.0
1277,2021-10-21 03:28:45,96600.0,600.0,1756900.0
1278,2021-10-21 03:28:45,96600.0,2600.0,1756300.0
1279,2021-10-21 03:27:39,96500.0,700.0,1753700.0
1280,2021-10-21 03:27:39,96500.0,500.0,1753000.0
1281,2021-10-21 03:27:39,96500.0,800.0,1752500.0
1282,2021-10-21 03:27:39,96500.0,600.0,1751700.0
1283,2021-10-21 03:27:39,96500.0,700.0,1751100.0
1284,2021-10-21 03:27:39,96500.0,700.0,1750400.0
1285,2021-10-21 03:27:39,96500.0,600.0,1749700.0
1286,2021-10-21 03:27:39,96500.0,800.0,1749100.0
1287,2021-10-21 03:27:39,96500.0,500.0,1748300.0
1288,2021-10-21 03:27:39,96500.0,900.0,1747800.0
1289,2021-10-21 03:27:39,96500.0,400.0,1746900.0
1290,2021-10-21 03:27:39,96500.0,1000.0,1746500.0
1291,2021-10-21 03:27:39,96500.0,300.0,1745500.0
1292,2021-10-21 03:27:39,96500.0,1100.0,1745200.0
1293,2021-10-21 03:27:39,96500.0,200.0,1744100.0
1294,2021-10-21 03:27:39,96500.0,1200.0,1743900.0
1295,2021-10-21 03:27:39,96500.0,100.0,1742700.0
1296,2021-10-21 03:27:39,96500.0,1300.0,1742600.0
1297,2021-10-21 03:27:39,96500.0,1300.0,1741300.0
1298,2021-10-21 03:27:39,96500.0,100.0,1740000.0
1299,2021-10-21 03:27:39,96500.0,1200.0,1739900.0
1300,2021-10-21 03:27:39,96500.0,200.0,1738700.0
1301,2021-10-21 03:27:39,96500.0,1100.0,1738500.0
1302,2021-10-21 03:27:39,96500.0,300.0,1737400.0
1303,2021-10-21 03:27:39,96500.0,1000.0,1737100.0
1304,2021-10-21 03:27:39,96500.0,400.0,1736100.0
1305,2021-10-21 03:27:39,96500.0,900.0,1735700.0
1306,2021-10-21 03:27:39,96500.0,500.0,1734800.0
1307,2021-10-21 03:27:39,96500.0,800.0,1734300.0
1308,2021-10-21 03:27:39,96500.0,600.0,1733500.0
1309,2021-10-21 03:27:39,96500.0,700.0,1732900.0
1310,2021-10-21 03:27:39,96500.0,700.0,1732200.0
1311,2021-10-21 03:27:39,96500.0,600.0,1731500.0
1312,2021-10-21 03:27:39,96500.0,800.0,1730900.0
1313,2021-10-21 03:27:39,96500.0,500.0,1730100.0
1314,2021-10-21 03:27:39,96500.0,900.0,1729600.0
1315,2021-10-21 03:27:39,96500.0,400.0,1728700.0
1316,2021-10-21 03:27:30,96400.0,3000.0,1728300.0
1317,2021-10-21 03:27:22,96400.0,4200.0,1725300.0
1318,2021-10-21 03:27:21,96400.0,100.0,1721100.0
1319,2021-10-21 03:27:21,96400.0,2100.0,1721000.0
1320,2021-10-21 03:27:21,96400.0,2100.0,1718900.0
1321,2021-10-21 03:27:21,96400.0,2100.0,1716800.0
1322,2021-10-21 03:27:14,96400.0,2100.0,1714700.0
1323,2021-10-21 03:27:14,96400.0,400.0,1712600.0
1324,2021-10-21 03:27:14,96400.0,1700.0,1712200.0
1325,2021-10-21 03:27:14,96400.0,800.0,1710500.0
1326,2021-10-21 03:27:14,96400.0,1300.0,1709700.0
1327,2021-10-21 03:27:14,96400.0,1200.0,1708400.0
1328,2021-10-21 03:27:14,96400.0,900.0,1707200.0
1329,2021-10-21 03:27:14,96400.0,1600.0,1706300.0
1330,2021-10-21 03:27:14,96400.0,500.0,1704700.0
1331,2021-10-21 03:27:14,96400.0,2000.0,1704200.0
1332,2021-10-21 03:27:14,96400.0,100.0,1702200.0
1333,2021-10-21 03:27:14,96400.0,2100.0,1702100.0
1334,2021-10-21 03:27:14,96400.0,300.0,1700000.0
1335,2021-10-21 03:27:14,96400.0,1800.0,1699700.0
1336,2021-10-21 03:27:14,96400.0,700.0,1697900.0
1337,2021-10-21 03:27:14,96400.0,1400.0,1697200.0
1338,2021-10-21 03:27:14,96400.0,1100.0,1695800.0
1339,2021-10-21 03:27:11,96400.0,1000.0,1694700.0
1340,2021-10-21 03:26:56,96400.0,2100.0,1693700.0
1341,2021-10-21 03:26:56,96400.0,2100.0,1691600.0
1342,2021-10-21 03:26:56,96400.0,2100.0,1689500.0
1343,2021-10-21 03:26:56,96400.0,2100.0,1687400.0
1344,2021-10-21 03:26:56,96400.0,2100.0,1685300.0
1345,2021-10-21 03:26:56,96400.0,2100.0,1683200.0
1346,2021-10-21 03:26:44,96500.0,1000.0,1681100.0
1347,2021-10-21 03:26:44,96500.0,1400.0,1680100.0
1348,2021-10-21 03:26:44,96500.0,1400.0,1678700.0
1349,2021-10-21 03:26:44,96500.0,1400.0,1677300.0
1350,2021-10-21 03:26:44,96500.0,1400.0,1675900.0
1351,2021-10-21 03:26:36,96600.0,4000.0,1674500.0
1352,2021-10-21 03:26:23,96600.0,2000.0,1670500.0
1353,2021-10-21 03:26:16,96500.0,13300.0,1668500.0
1354,2021-10-21 03:26:16,96500.0,100.0,1655200.0
1355,2021-10-21 03:26:03,96400.0,100.0,1655100.0
1356,2021-10-21 03:26:03,96400.0,100.0,1655000.0
1357,2021-10-21 03:26:03,96400.0,2500.0,1654900.0
1358,2021-10-21 03:26:03,96400.0,4000.0,1652400.0
1359,2021-10-21 03:26:03,96400.0,700.0,1648400.0
1360,2021-10-21 03:25:56,96400.0,5800.0,1647700.0
1361,2021-10-21 03:24:53,96300.0,100.0,1641900.0
1362,2021-10-21 03:24:53,96300.0,1200.0,1641800.0
1363,2021-10-21 03:24:53,96300.0,1200.0,1640600.0
1364,2021-10-21 03:24:53,96300.0,100.0,1639400.0
1365,2021-10-21 03:24:53,96300.0,1100.0,1639300.0
1366,2021-10-21 03:24:53,96300.0,200.0,1638200.0
1367,2021-10-21 03:24:53,96300.0,1000.0,1638000.0
1368,2021-10-21 03:24:53,96300.0,300.0,1637000.0
1369,2021-10-21 03:24:53,96300.0,900.0,1636700.0
1370,2021-10-21 03:24:53,96300.0,400.0,1635800.0
1371,2021-10-21 03:24:53,96300.0,800.0,1635400.0
1372,2021-10-21 03:24:53,96300.0,500.0,1634600.0
1373,2021-10-21 03:24:53,96300.0,700.0,1634100.0
1374,2021-10-21 03:24:53,96300.0,600.0,1633400.0
1375,2021-10-21 03:24:53,96300.0,600.0,1632800.0
1376,2021-10-21 03:24:53,96300.0,200.0,1632200.0
1377,2021-10-21 03:24:53,96300.0,1000.0,1632000.0
1378,2021-10-21 03:24:53,96300.0,300.0,1631000.0
1379,2021-10-21 03:24:53,96300.0,900.0,1630700.0
1380,2021-10-21 03:24:53,96300.0,400.0,1629800.0
1381,2021-10-21 03:24:53,96300.0,800.0,1629400.0
1382,2021-10-21 03:24:53,96300.0,500.0,1628600.0
1383,2021-10-21 03:24:53,96300.0,700.0,1628100.0
1384,2021-10-21 03:24:53,96300.0,600.0,1627400.0
1385,2021-10-21 03:24:53,96300.0,600.0,1626800.0
1386,2021-10-21 03:24:53,96300.0,700.0,1626200.0
1387,2021-10-21 03:24:53,96300.0,500.0,1625500.0
1388,2021-10-21 03:24:53,96300.0,800.0,1625000.0
1389,2021-10-21 03:24:53,96300.0,400.0,1624200.0
1390,2021-10-21 03:24:36,96200.0,600.0,1623800.0
1391,2021-10-21 03:24:36,96200.0,600.0,1623200.0
1392,2021-10-21 03:24:36,96200.0,800.0,1622600.0
1393,2021-10-21 03:24:36,96200.0,600.0,1621800.0
1394,2021-10-21 03:24:36,96200.0,800.0,1621200.0
1395,2021-10-21 03:24:36,96200.0,600.0,1620400.0
1396,2021-10-21 03:24:36,96200.0,800.0,1619800.0
1397,2021-10-21 03:24:36,96200.0,600.0,1619000.0
1398,2021-10-21 03:24:36,96200.0,800.0,1618400.0
1399,2021-10-21 03:24:36,96200.0,600.0,1617600.0
1400,2021-10-21 03:24:36,96200.0,800.0,1617000.0
1401,2021-10-21 03:24:36,96200.0,600.0,1616200.0
1402,2021-10-21 03:24:36,96200.0,800.0,1615600.0
1403,2021-10-21 03:24:36,96200.0,600.0,1614800.0
1404,2021-10-21 03:24:36,96200.0,800.0,1614200.0
1405,2021-10-21 03:24:36,96200.0,600.0,1613400.0
1406,2021-10-21 03:24:36,96200.0,800.0,1612800.0
1407,2021-10-21 03:24:36,96200.0,600.0,1612000.0
1408,2021-10-21 03:24:36,96200.0,800.0,1611400.0
1409,2021-10-21 03:24:36,96200.0,600.0,1610600.0
1410,2021-10-21 03:24:36,96200.0,800.0,1610000.0
1411,2021-10-21 03:24:36,96200.0,600.0,1609200.0
1412,2021-10-21 03:24:36,96200.0,800.0,1608600.0
1413,2021-10-21 03:24:36,96200.0,600.0,1607800.0
1414,2021-10-21 03:24:36,96200.0,800.0,1607200.0
1415,2021-10-21 03:24:36,96200.0,600.0,1606400.0
1416,2021-10-21 03:24:36,96200.0,800.0,1605800.0
1417,2021-10-21 03:24:36,96200.0,600.0,1605000.0
1418,2021-10-21 03:24:36,96200.0,800.0,1604400.0
1419,2021-10-21 03:24:36,96200.0,600.0,1603600.0
1420,2021-10-21 03:24:19,96100.0,1800.0,1603000.0
1421,2021-10-21 03:24:19,96100.0,2600.0,1601200.0
1422,2021-10-21 03:24:19,96100.0,2600.0,1598600.0
1423,2021-10-21 03:24:19,96100.0,2600.0,1596000.0
1424,2021-10-21 03:24:17,96100.0,1000.0,1593400.0
1425,2021-10-21 03:23:59,96000.0,8700.0,1592400.0
1426,2021-10-21 03:23:42,96000.0,10000.0,1583700.0
1427,2021-10-21 03:23:42,96000.0,300.0,1573700.0
1428,2021-10-21 03:23:42,96000.0,100.0,1573400.0
1429,2021-10-21 03:23:42,96000.0,5000.0,1573300.0
1430,2021-10-21 03:23:42,96000.0,1000.0,1568300.0
1431,2021-10-21 03:23:42,96000.0,100.0,1567300.0
1432,2021-10-21 03:23:42,96000.0,300.0,1567200.0
1433,2021-10-21 03:23:23,96100.0,300.0,1566900.0
1434,2021-10-21 03:22:34,96100.0,200.0,1566600.0
1435,2021-10-21 03:22:25,96000.0,1000.0,1566400.0
1436,2021-10-21 03:22:14,96100.0,1000.0,1565400.0
1437,2021-10-21 03:22:14,96100.0,100.0,1564400.0
1438,2021-10-21 03:22:14,96100.0,3300.0,1564300.0
1439,2021-10-21 03:22:07,96100.0,8400.0,1561000.0
1440,2021-10-21 03:22:01,96100.0,300.0,1552600.0
1441,2021-10-21 03:21:58,96100.0,3000.0,1552300.0
1442,2021-10-21 03:21:58,96100.0,400.0,1549300.0
1443,2021-10-21 03:21:58,96100.0,4900.0,1548900.0
1444,2021-10-21 03:20:49,96100.0,5100.0,1544000.0
1445,2021-10-21 03:20:20,96100.0,300.0,1538900.0
1446,2021-10-21 03:20:20,96100.0,9100.0,1538600.0
1447,2021-10-21 03:20:13,96100.0,8500.0,1529500.0
1448,2021-10-21 03:20:06,96200.0,800.0,1521000.0
1449,2021-10-21 03:20:05,96100.0,5200.0,1520200.0
1450,2021-10-21 03:18:14,96200.0,200.0,1515000.0
1451,2021-10-21 03:18:03,96200.0,1200.0,1514800.0
1452,2021-10-21 03:18:03,96200.0,1400.0,1513600.0
1453,2021-10-21 03:18:03,96200.0,1400.0,1512200.0
1454,2021-10-21 03:18:03,96200.0,1400.0,1510800.0
1455,2021-10-21 03:18:03,96200.0,1400.0,1509400.0
1456,2021-10-21 03:18:03,96200.0,1400.0,1508000.0
1457,2021-10-21 03:17:54,96300.0,900.0,1506600.0
1458,2021-10-21 03:17:54,96300.0,1300.0,1505700.0
1459,2021-10-21 03:17:54,96300.0,1300.0,1504400.0
1460,2021-10-21 03:17:54,96300.0,1300.0,1503100.0
1461,2021-10-21 03:17:54,96300.0,1300.0,1501800.0
1462,2021-10-21 03:17:54,96300.0,1300.0,1500500.0
1463,2021-10-21 03:16:32,96300.0,300.0,1499200.0
1464,2021-10-21 03:16:32,96300.0,300.0,1498900.0
1465,2021-10-21 03:16:32,96300.0,1000.0,1498600.0
1466,2021-10-21 03:16:32,96300.0,1000.0,1497600.0
1467,2021-10-21 03:16:32,96300.0,1000.0,1496600.0
1468,2021-10-21 03:16:32,96300.0,1000.0,1495600.0
1469,2021-10-21 03:16:32,96300.0,1000.0,1494600.0
1470,2021-10-21 03:16:32,96300.0,1000.0,1493600.0
1471,2021-10-21 03:16:32,96300.0,1000.0,1492600.0
1472,2021-10-21 03:16:32,96300.0,1000.0,1491600.0
1473,2021-10-21 03:16:32,96300.0,1000.0,1490600.0
1474,2021-10-21 03:16:32,96300.0,1000.0,1489600.0
1475,2021-10-21 03:16:32,96300.0,500.0,1488600.0
1476,2021-10-21 03:16:25,96200.0,1000.0,1488100.0
1477,2021-10-21 03:16:25,96200.0,1200.0,1487100.0
1478,2021-10-21 03:16:25,96200.0,1200.0,1485900.0
1479,2021-10-21 03:16:25,96200.0,1200.0,1484700.0
1480,2021-10-21 03:16:25,96200.0,1200.0,1483500.0
1481,2021-10-21 03:16:25,96200.0,1200.0,1482300.0
1482,2021-10-21 03:16:25,96200.0,1200.0,1481100.0
1483,2021-10-21 03:16:25,96200.0,1200.0,1479900.0
1484,2021-10-21 03:16:25,96200.0,1000.0,1478700.0
1485,2021-10-21 03:16:17,96100.0,1000.0,1477700.0
1486,2021-10-21 03:16:16,96100.0,600.0,1476700.0
1487,2021-10-21 03:16:16,96100.0,900.0,1476100.0
1488,2021-10-21 03:16:16,96100.0,300.0,1475200.0
1489,2021-10-21 03:15:04,96100.0,100.0,1474900.0
1490,2021-10-21 03:15:03,96000.0,1000.0,1474800.0
1491,2021-10-21 03:15:02,96100.0,100.0,1473800.0
1492,2021-10-21 03:14:20,96100.0,800.0,1473700.0
1493,2021-10-21 03:14:20,96100.0,400.0,1472900.0
1494,2021-10-21 03:13:55,96100.0,900.0,1472500.0
1495,2021-10-21 03:13:55,96100.0,1300.0,1471600.0
1496,2021-10-21 03:13:55,96100.0,1300.0,1470300.0
1497,2021-10-21 03:13:55,96100.0,1300.0,1469000.0
1498,2021-10-21 03:13:55,96100.0,200.0,1467700.0
1499,2021-10-21 03:12:44,96100.0,1100.0,1467500.0
1500,2021-10-21 03:12:44,96100.0,1300.0,1466400.0
1501,2021-10-21 03:12:44,96100.0,1300.0,1465100.0
1502,2021-10-21 03:12:44,96100.0,300.0,1463800.0
1503,2021-10-21 03:12:44,96100.0,200.0,1463500.0
1504,2021-10-21 03:12:44,96100.0,800.0,1463300.0
1505,2021-10-21 03:12:44,96100.0,1300.0,1462500.0
1506,2021-10-21 03:12:44,96100.0,1300.0,1461200.0
1507,2021-10-21 03:12:44,96100.0,1300.0,1459900.0
1508,2021-10-21 03:12:44,96100.0,1300.0,1458600.0
1509,2021-10-21 03:12:44,96100.0,1300.0,1457300.0
1510,2021-10-21 03:12:44,96100.0,1300.0,1456000.0
1511,2021-10-21 03:12:44,96100.0,1300.0,1454700.0
1512,2021-10-21 03:12:44,96100.0,100.0,1453400.0
1513,2021-10-21 03:12:44,96100.0,200.0,1453300.0
1514,2021-10-21 03:12:44,96100.0,1000.0,1453100.0
1515,2021-10-21 03:12:44,96100.0,1300.0,1452100.0
1516,2021-10-21 03:12:44,96100.0,1300.0,1450800.0
1517,2021-10-21 03:12:44,96100.0,1300.0,1449500.0
1518,2021-10-21 03:12:44,96100.0,1300.0,1448200.0
1519,2021-10-21 03:12:44,96100.0,1300.0,1446900.0
1520,2021-10-21 03:12:44,96100.0,1300.0,1445600.0
1521,2021-10-21 03:12:44,96100.0,1300.0,1444300.0
1522,2021-10-21 03:12:44,96100.0,1300.0,1443000.0
1523,2021-10-21 03:12:44,96100.0,1300.0,1441700.0
1524,2021-10-21 03:12:44,96100.0,1300.0,1440400.0
1525,2021-10-21 03:12:44,96100.0,1300.0,1439100.0
1526,2021-10-21 03:12:44,96100.0,1300.0,1437800.0
1527,2021-10-21 03:12:44,96100.0,1300.0,1436500.0
1528,2021-10-21 03:12:44,96100.0,1300.0,1435200.0
1529,2021-10-21 03:12:44,96100.0,1300.0,1433900.0
1530,2021-10-21 03:10:42,96100.0,200.0,1432600.0
1531,2021-10-21 03:10:14,96200.0,100.0,1432400.0
1532,2021-10-21 03:10:14,96200.0,100.0,1432300.0
1533,2021-10-21 03:10:14,96200.0,1100.0,1432200.0
1534,2021-10-21 03:10:14,96200.0,100.0,1431100.0
1535,2021-10-21 03:10:14,96200.0,1100.0,1431000.0
1536,2021-10-21 03:10:14,96200.0,100.0,1429900.0
1537,2021-10-21 03:10:14,96200.0,1100.0,1429800.0
1538,2021-10-21 03:10:14,96200.0,100.0,1428700.0
1539,2021-10-21 03:10:14,96200.0,1100.0,1428600.0
1540,2021-10-21 03:10:14,96200.0,100.0,1427500.0
1541,2021-10-21 03:10:14,96200.0,1100.0,1427400.0
1542,2021-10-21 03:10:14,96200.0,100.0,1426300.0
1543,2021-10-21 03:10:14,96200.0,1100.0,1426200.0
1544,2021-10-21 03:10:14,96200.0,100.0,1425100.0
1545,2021-10-21 03:10:14,96200.0,1100.0,1425000.0
1546,2021-10-21 03:10:14,96200.0,100.0,1423900.0
1547,2021-10-21 03:10:14,96200.0,1100.0,1423800.0
1548,2021-10-21 03:10:14,96200.0,100.0,1422700.0
1549,2021-10-21 03:10:14,96200.0,1100.0,1422600.0
1550,2021-10-21 03:10:14,96200.0,100.0,1421500.0
1551,2021-10-21 03:10:14,96200.0,1100.0,1421400.0
1552,2021-10-21 03:10:14,96200.0,100.0,1420300.0
1553,2021-10-21 03:10:14,96200.0,1100.0,1420200.0
1554,2021-10-21 03:10:14,96200.0,100.0,1419100.0
1555,2021-10-21 03:10:14,96200.0,1100.0,1419000.0
1556,2021-10-21 03:10:14,96200.0,100.0,1417900.0
1557,2021-10-21 03:09:29,96200.0,200.0,1417800.0
1558,2021-10-21 03:09:29,96200.0,900.0,1417600.0
1559,2021-10-21 03:09:29,96200.0,600.0,1416700.0
1560,2021-10-21 03:09:29,96200.0,600.0,1416100.0
1561,2021-10-21 03:09:29,96200.0,900.0,1415500.0
1562,2021-10-21 03:09:29,96200.0,300.0,1414600.0
1563,2021-10-21 03:09:29,96200.0,1200.0,1414300.0
1564,2021-10-21 03:09:29,96200.0,1200.0,1413100.0
1565,2021-10-21 03:09:29,96200.0,300.0,1411900.0
1566,2021-10-21 03:09:29,96200.0,900.0,1411600.0
1567,2021-10-21 03:09:29,96200.0,600.0,1410700.0
1568,2021-10-21 03:09:29,96200.0,600.0,1410100.0
1569,2021-10-21 03:09:29,96200.0,900.0,1409500.0
1570,2021-10-21 03:09:29,96200.0,300.0,1408600.0
1571,2021-10-21 03:09:03,96200.0,1200.0,1408300.0
1572,2021-10-21 03:09:03,96200.0,1500.0,1407100.0
1573,2021-10-21 03:09:03,96200.0,400.0,1405600.0
1574,2021-10-21 03:09:03,96200.0,1100.0,1405200.0
1575,2021-10-21 03:09:03,96200.0,1500.0,1404100.0
1576,2021-10-21 03:09:03,96200.0,1000.0,1402600.0
1577,2021-10-21 03:09:03,96200.0,500.0,1401600.0
1578,2021-10-21 03:09:03,96200.0,1500.0,1401100.0
1579,2021-10-21 03:09:03,96200.0,1500.0,1399600.0
1580,2021-10-21 03:09:03,96200.0,100.0,1398100.0
1581,2021-10-21 03:09:03,96200.0,1400.0,1398000.0
1582,2021-10-21 03:09:03,96200.0,1500.0,1396600.0
1583,2021-10-21 03:09:03,96200.0,700.0,1395100.0
1584,2021-10-21 03:09:03,96200.0,800.0,1394400.0
1585,2021-10-21 03:09:03,96200.0,1500.0,1393600.0
1586,2021-10-21 03:09:03,96200.0,1300.0,1392100.0
1587,2021-10-21 03:09:03,96200.0,200.0,1390800.0
1588,2021-10-21 03:09:03,96200.0,1500.0,1390600.0
1589,2021-10-21 03:09:03,96200.0,1500.0,1389100.0
1590,2021-10-21 03:09:03,96200.0,400.0,1387600.0
1591,2021-10-21 03:09:03,96200.0,1100.0,1387200.0
1592,2021-10-21 03:09:03,96200.0,1500.0,1386100.0
1593,2021-10-21 03:08:44,96200.0,1000.0,1384600.0
1594,2021-10-21 03:08:44,96200.0,200.0,1383600.0
1595,2021-10-21 03:08:44,96200.0,1600.0,1383400.0
1596,2021-10-21 03:08:44,96200.0,1600.0,1381800.0
1597,2021-10-21 03:08:44,96200.0,200.0,1380200.0
1598,2021-10-21 03:08:09,96200.0,1400.0,1380000.0
1599,2021-10-21 03:08:09,96200.0,1600.0,1378600.0
1600,2021-10-21 03:08:09,96200.0,1600.0,1377000.0
1601,2021-10-21 03:08:09,96200.0,1600.0,1375400.0
1602,2021-10-21 03:08:09,96200.0,1600.0,1373800.0
1603,2021-10-21 03:08:09,96200.0,1600.0,1372200.0
1604,2021-10-21 03:08:09,96200.0,600.0,1370600.0
1605,2021-10-21 03:08:09,96200.0,100.0,1370000.0
1606,2021-10-21 03:08:09,96200.0,900.0,1369900.0
1607,2021-10-21 03:08:09,96200.0,1600.0,1369000.0
1608,2021-10-21 03:08:09,96200.0,1600.0,1367400.0
1609,2021-10-21 03:08:09,96200.0,1600.0,1365800.0
1610,2021-10-21 03:08:09,96200.0,1600.0,1364200.0
1611,2021-10-21 03:08:09,96200.0,1600.0,1362600.0
1612,2021-10-21 03:08:09,96200.0,1600.0,1361000.0
1613,2021-10-21 03:08:09,96200.0,1600.0,1359400.0
1614,2021-10-21 03:08:09,96200.0,1600.0,1357800.0
1615,2021-10-21 03:08:09,96200.0,1600.0,1356200.0
1616,2021-10-21 03:08:01,96300.0,500.0,1354600.0
1617,2021-10-21 03:08:01,96300.0,1000.0,1354100.0
1618,2021-10-21 03:08:01,96300.0,100.0,1353100.0
1619,2021-10-21 03:08:01,96300.0,900.0,1353000.0
1620,2021-10-21 03:08:01,96300.0,1000.0,1352100.0
1621,2021-10-21 03:08:01,96300.0,500.0,1351100.0
1622,2021-10-21 03:08:01,96300.0,500.0,1350600.0
1623,2021-10-21 03:08:01,96300.0,1000.0,1350100.0
1624,2021-10-21 03:08:01,96300.0,900.0,1349100.0
1625,2021-10-21 03:08:01,96300.0,100.0,1348200.0
1626,2021-10-21 03:08:01,96300.0,1000.0,1348100.0
1627,2021-10-21 03:07:45,96300.0,300.0,1347100.0
1628,2021-10-21 03:07:45,96300.0,400.0,1346800.0
1629,2021-10-21 03:07:45,96300.0,600.0,1346400.0
1630,2021-10-21 03:07:45,96300.0,900.0,1345800.0
1631,2021-10-21 03:07:45,96300.0,1500.0,1344900.0
1632,2021-10-21 03:07:45,96300.0,1500.0,1343400.0
1633,2021-10-21 03:07:45,96300.0,900.0,1341900.0
1634,2021-10-21 03:07:45,96300.0,600.0,1341000.0
1635,2021-10-21 03:07:45,96300.0,1500.0,1340400.0
1636,2021-10-21 03:07:45,96300.0,300.0,1338900.0
1637,2021-10-21 03:07:45,96300.0,1200.0,1338600.0
1638,2021-10-21 03:07:45,96300.0,1200.0,1337400.0
1639,2021-10-21 03:07:45,96300.0,300.0,1336200.0
1640,2021-10-21 03:07:45,96300.0,1500.0,1335900.0
1641,2021-10-21 03:07:45,96300.0,600.0,1334400.0
1642,2021-10-21 03:07:45,96300.0,900.0,1333800.0
1643,2021-10-21 03:07:45,96300.0,1500.0,1332900.0
1644,2021-10-21 03:07:45,96300.0,1500.0,1331400.0
1645,2021-10-21 03:07:45,96300.0,900.0,1329900.0
1646,2021-10-21 03:03:09,96200.0,2000.0,1329000.0
1647,2021-10-21 03:02:39,96200.0,1300.0,1327000.0
1648,2021-10-21 03:02:39,96200.0,1500.0,1325700.0
1649,2021-10-21 03:02:39,96200.0,1500.0,1324200.0
1650,2021-10-21 03:02:39,96200.0,1500.0,1322700.0
1651,2021-10-21 03:02:39,96200.0,1500.0,1321200.0
1652,2021-10-21 03:02:39,96200.0,1500.0,1319700.0
1653,2021-10-21 03:02:39,96200.0,200.0,1318200.0
1654,2021-10-21 03:02:28,96200.0,100.0,1318000.0
1655,2021-10-21 03:02:28,96200.0,1200.0,1317900.0
1656,2021-10-21 03:02:28,96200.0,800.0,1316700.0
1657,2021-10-21 03:02:28,96200.0,700.0,1315900.0
1658,2021-10-21 03:02:28,96200.0,1500.0,1315200.0
1659,2021-10-21 03:02:28,96200.0,1500.0,1313700.0
1660,2021-10-21 03:02:28,96200.0,1500.0,1312200.0
1661,2021-10-21 03:02:28,96200.0,1500.0,1310700.0
1662,2021-10-21 03:02:28,96200.0,1500.0,1309200.0
1663,2021-10-21 03:02:28,96200.0,1500.0,1307700.0
1664,2021-10-21 03:02:28,96200.0,1500.0,1306200.0
1665,2021-10-21 03:02:28,96200.0,1500.0,1304700.0
1666,2021-10-21 03:02:28,96200.0,1500.0,1303200.0
1667,2021-10-21 03:02:28,96200.0,1500.0,1301700.0
1668,2021-10-21 03:02:28,96200.0,1500.0,1300200.0
1669,2021-10-21 03:01:43,96200.0,400.0,1298700.0
1670,2021-10-21 03:01:43,96200.0,1200.0,1298300.0
1671,2021-10-21 03:01:43,96200.0,1200.0,1297100.0
1672,2021-10-21 03:01:43,96200.0,1200.0,1295900.0
1673,2021-10-21 03:01:43,96200.0,1200.0,1294700.0
1674,2021-10-21 03:01:43,96200.0,1200.0,1293500.0
1675,2021-10-21 03:01:43,96200.0,1200.0,1292300.0
1676,2021-10-21 03:01:43,96200.0,200.0,1291100.0
1677,2021-10-21 03:00:56,96200.0,300.0,1290900.0
1678,2021-10-21 03:00:56,96200.0,700.0,1290600.0
1679,2021-10-21 03:00:56,96200.0,1200.0,1289900.0
1680,2021-10-21 03:00:56,96200.0,1200.0,1288700.0
1681,2021-10-21 03:00:56,96200.0,1200.0,1287500.0
1682,2021-10-21 03:00:56,96200.0,1200.0,1286300.0
1683,2021-10-21 03:00:56,96200.0,1200.0,1285100.0
1684,2021-10-21 03:00:56,96200.0,1200.0,1283900.0
1685,2021-10-21 03:00:56,96200.0,1200.0,1282700.0
1686,2021-10-21 03:00:56,96200.0,1200.0,1281500.0
1687,2021-10-21 03:00:56,96200.0,1200.0,1280300.0
1688,2021-10-21 03:00:56,96200.0,1200.0,1279100.0
1689,2021-10-21 03:00:56,96200.0,1200.0,1277900.0
1690,2021-10-21 03:00:56,96200.0,1200.0,1276700.0
1691,2021-10-21 03:00:56,96200.0,1200.0,1275500.0
1692,2021-10-21 03:00:56,96200.0,1200.0,1274300.0
1693,2021-10-21 03:00:26,96200.0,800.0,1273100.0
1694,2021-10-21 02:55:58,96300.0,500.0,1272300.0
1695,2021-10-21 02:55:43,96300.0,100.0,1271800.0
1696,2021-10-21 02:55:12,96400.0,400.0,1271700.0
1697,2021-10-21 02:55:12,96300.0,900.0,1271300.0
1698,2021-10-21 02:55:12,96300.0,1200.0,1270400.0
1699,2021-10-21 02:55:12,96300.0,1200.0,1269200.0
1700,2021-10-21 02:55:12,96300.0,1200.0,1268000.0
1701,2021-10-21 02:55:12,96300.0,1200.0,1266800.0
1702,2021-10-21 02:55:12,96300.0,1200.0,1265600.0
1703,2021-10-21 02:55:12,96300.0,1200.0,1264400.0
1704,2021-10-21 02:55:12,96300.0,1200.0,1263200.0
1705,2021-10-21 02:55:12,96300.0,300.0,1262000.0
1706,2021-10-21 02:55:10,96300.0,900.0,1261700.0
1707,2021-10-21 02:55:10,96300.0,100.0,1260800.0
1708,2021-10-21 02:55:10,96300.0,1100.0,1260700.0
1709,2021-10-21 02:55:10,96300.0,1200.0,1259600.0
1710,2021-10-21 02:55:10,96300.0,1200.0,1258400.0
1711,2021-10-21 02:55:10,96300.0,1200.0,1257200.0
1712,2021-10-21 02:55:10,96300.0,1200.0,1256000.0
1713,2021-10-21 02:55:10,96300.0,1200.0,1254800.0
1714,2021-10-21 02:55:10,96300.0,1200.0,1253600.0
1715,2021-10-21 02:55:10,96300.0,1200.0,1252400.0
1716,2021-10-21 02:55:10,96300.0,1200.0,1251200.0
1717,2021-10-21 02:55:04,96400.0,100.0,1250000.0
1718,2021-10-21 02:54:18,96400.0,5000.0,1249900.0
1719,2021-10-21 02:54:13,96400.0,1300.0,1244900.0
1720,2021-10-21 02:53:52,96400.0,1000.0,1243600.0
1721,2021-10-21 02:53:36,96400.0,100.0,1242600.0
1722,2021-10-21 02:53:04,96400.0,100.0,1242500.0
1723,2021-10-21 02:51:53,96400.0,600.0,1242400.0
1724,2021-10-21 02:51:40,96400.0,800.0,1241800.0
1725,2021-10-21 02:46:46,96300.0,6500.0,1241000.0
1726,2021-10-21 02:46:41,96300.0,8600.0,1234500.0
1727,2021-10-21 02:46:35,96300.0,600.0,1225900.0
1728,2021-10-21 02:46:35,96300.0,100.0,1225300.0
1729,2021-10-21 02:46:35,96300.0,700.0,1225200.0
1730,2021-10-21 02:46:35,96300.0,8600.0,1224500.0
1731,2021-10-21 02:46:27,96300.0,8500.0,1215900.0
1732,2021-10-21 02:46:20,96200.0,100.0,1207400.0
1733,2021-10-21 02:46:20,96200.0,7900.0,1207300.0
1734,2021-10-21 02:46:14,96200.0,8500.0,1199400.0
1735,2021-10-21 02:46:08,96200.0,10000.0,1190900.0
1736,2021-10-21 02:45:47,96200.0,2000.0,1180900.0
1737,2021-10-21 02:45:47,96200.0,7400.0,1178900.0
1738,2021-10-21 02:45:41,96200.0,8500.0,1171500.0
1739,2021-10-21 02:45:16,96300.0,100.0,1163000.0
1740,2021-10-21 02:44:25,96300.0,400.0,1162900.0
1741,2021-10-21 02:44:14,96300.0,500.0,1162500.0
1742,2021-10-21 02:43:41,96300.0,10000.0,1162000.0
1743,2021-10-21 02:43:17,96200.0,400.0,1152000.0
1744,2021-10-21 02:42:45,96200.0,7200.0,1151600.0
1745,2021-10-21 02:42:37,96200.0,8600.0,1144400.0
1746,2021-10-21 02:41:57,96100.0,100.0,1135800.0
1747,2021-10-21 02:41:57,96100.0,7700.0,1135700.0
1748,2021-10-21 02:41:52,96100.0,5700.0,1128000.0
1749,2021-10-21 02:41:46,96100.0,5100.0,1122300.0
1750,2021-10-21 02:41:40,96000.0,200.0,1117200.0
1751,2021-10-21 02:41:40,96100.0,5200.0,1117000.0
1752,2021-10-21 02:41:31,96000.0,5100.0,1111800.0
1753,2021-10-21 02:41:21,96000.0,5600.0,1106700.0
1754,2021-10-21 02:41:14,96000.0,6000.0,1101100.0
1755,2021-10-21 02:41:06,96000.0,10000.0,1095100.0
1756,2021-10-21 02:40:35,95900.0,1000.0,1085100.0
1757,2021-10-21 02:40:25,96000.0,100.0,1084100.0
1758,2021-10-21 02:40:09,96000.0,100.0,1084000.0
1759,2021-10-21 02:40:09,96000.0,100.0,1083900.0
1760,2021-10-21 02:40:09,96000.0,100.0,1083800.0
1761,2021-10-21 02:40:09,96000.0,5000.0,1083700.0
1762,2021-10-21 02:40:09,96000.0,300.0,1078700.0
1763,2021-10-21 02:40:02,96000.0,4100.0,1078400.0
1764,2021-10-21 02:40:02,96000.0,1400.0,1074300.0
1765,2021-10-21 02:39:56,96000.0,2500.0,1072900.0
1766,2021-10-21 02:39:50,96000.0,8500.0,1070400.0
1767,2021-10-21 02:39:43,96000.0,6100.0,1061900.0
1768,2021-10-21 02:39:43,96000.0,2500.0,1055800.0
1769,2021-10-21 02:39:37,96000.0,8400.0,1053300.0
1770,2021-10-21 02:39:31,96000.0,5000.0,1044900.0
1771,2021-10-21 02:39:24,96100.0,6300.0,1039900.0
1772,2021-10-21 02:39:17,96100.0,8200.0,1033600.0
1773,2021-10-21 02:39:11,96100.0,6000.0,1025400.0
1774,2021-10-21 02:39:04,96100.0,7100.0,1019400.0
1775,2021-10-21 02:38:57,96200.0,300.0,1012300.0
1776,2021-10-21 02:38:57,96200.0,2400.0,1012000.0
1777,2021-10-21 02:38:50,96200.0,7600.0,1009600.0
1778,2021-10-21 02:38:50,96200.0,900.0,1002000.0
1779,2021-10-21 02:38:38,96300.0,7500.0,1001100.0
1780,2021-10-21 02:38:30,96300.0,4000.0,993600.0
1781,2021-10-21 02:38:23,96300.0,8200.0,989600.0
1782,2021-10-21 02:38:13,96300.0,1000.0,981400.0
1783,2021-10-21 02:38:13,96300.0,14300.0,980400.0
1784,2021-10-21 02:37:54,96300.0,4200.0,966100.0
1785,2021-10-21 02:37:54,96300.0,3800.0,961900.0
1786,2021-10-21 02:37:53,96200.0,2000.0,958100.0
1787,2021-10-21 02:37:39,96300.0,8500.0,956100.0
1788,2021-10-21 02:37:32,96200.0,12900.0,947600.0
1789,2021-10-21 02:37:24,96200.0,8500.0,934700.0
1790,2021-10-21 02:37:02,96200.0,8600.0,926200.0
1791,2021-10-21 02:36:41,96300.0,5800.0,917600.0
1792,2021-10-21 02:36:33,96300.0,4500.0,911800.0
1793,2021-10-21 02:36:27,96300.0,4000.0,907300.0
1794,2021-10-21 02:36:20,96300.0,10000.0,903300.0
1795,2021-10-21 02:36:09,96200.0,6800.0,893300.0
1796,2021-10-21 02:35:36,96200.0,5800.0,886500.0
1797,2021-10-21 02:35:30,96200.0,5500.0,880700.0
1798,2021-10-21 02:35:25,96200.0,2800.0,875200.0
1799,2021-10-21 02:35:18,96200.0,8600.0,872400.0
1800,2021-10-21 02:34:58,96200.0,5800.0,863800.0
1801,2021-10-21 02:34:49,96200.0,100.0,858000.0
1802,2021-10-21 02:34:49,96200.0,4600.0,857900.0
1803,2021-10-21 02:34:42,96200.0,8500.0,853300.0
1804,2021-10-21 02:34:36,96200.0,8500.0,844800.0
1805,2021-10-21 02:34:28,96300.0,100.0,836300.0
1806,2021-10-21 02:34:28,96300.0,8300.0,836200.0
1807,2021-10-21 02:34:21,96300.0,5600.0,827900.0
1808,2021-10-21 02:34:14,96300.0,8200.0,822300.0
1809,2021-10-21 02:34:02,96300.0,100.0,814100.0
1810,2021-10-21 02:34:02,96300.0,6300.0,814000.0
1811,2021-10-21 02:33:46,96300.0,10000.0,807700.0
1812,2021-10-21 02:33:22,96200.0,500.0,797700.0
1813,2021-10-21 02:31:26,96200.0,2900.0,797200.0
1814,2021-10-21 02:31:19,96200.0,8400.0,794300.0
1815,2021-10-21 02:31:12,96200.0,8400.0,785900.0
1816,2021-10-21 02:31:07,96200.0,9600.0,777500.0
1817,2021-10-21 02:30:56,96100.0,7400.0,767900.0
1818,2021-10-21 02:30:51,96100.0,7200.0,760500.0
1819,2021-10-21 02:30:44,96100.0,8500.0,753300.0
1820,2021-10-21 02:30:38,96100.0,1900.0,744800.0
1821,2021-10-21 02:30:38,96100.0,8100.0,742900.0
1822,2021-10-21 02:30:33,96000.0,5600.0,734800.0
1823,2021-10-21 02:30:26,96000.0,8400.0,729200.0
1824,2021-10-21 02:30:08,95900.0,300.0,720800.0
1825,2021-10-21 02:30:03,96000.0,300.0,720500.0
1826,2021-10-21 02:29:58,95900.0,100.0,720200.0
1827,2021-10-21 02:29:52,96000.0,1000.0,720100.0
1828,2021-10-21 02:29:52,96000.0,500.0,719100.0
1829,2021-10-21 02:29:52,96000.0,12700.0,718600.0
1830,2021-10-21 02:29:46,96000.0,8500.0,705900.0
1831,2021-10-21 02:29:40,96000.0,5000.0,697400.0
1832,2021-10-21 02:29:32,96100.0,10400.0,692400.0
1833,2021-10-21 02:29:27,96100.0,5200.0,682000.0
1834,2021-10-21 02:29:27,96100.0,4800.0,676800.0
1835,2021-10-21 02:29:20,96200.0,10700.0,672000.0
1836,2021-10-21 02:29:10,96200.0,6300.0,661300.0
1837,2021-10-21 02:29:00,96200.0,3000.0,655000.0
1838,2021-10-21 02:29:00,96200.0,5500.0,652000.0
1839,2021-10-21 02:28:53,96300.0,300.0,646500.0
1840,2021-10-21 02:28:53,96300.0,11900.0,646200.0
1841,2021-10-21 02:28:47,96300.0,10000.0,634300.0
1842,2021-10-21 02:28:13,96300.0,100.0,624300.0
1843,2021-10-21 02:28:13,96300.0,3000.0,624200.0
1844,2021-10-21 02:27:55,96300.0,8500.0,621200.0
1845,2021-10-21 02:27:49,96300.0,8500.0,612700.0
1846,2021-10-21 02:27:49,96300.0,1500.0,604200.0
1847,2021-10-21 02:27:43,96200.0,14500.0,602700.0
1848,2021-10-21 02:27:35,96100.0,13500.0,588200.0
1849,2021-10-21 02:25:27,96100.0,3400.0,574700.0
1850,2021-10-21 02:25:27,96100.0,400.0,571300.0
1851,2021-10-21 02:25:21,96200.0,300.0,570900.0
1852,2021-10-21 02:25:21,96200.0,1200.0,570600.0
1853,2021-10-21 02:25:21,96200.0,1300.0,569400.0
1854,2021-10-21 02:25:06,96300.0,800.0,568100.0
1855,2021-10-21 02:25:06,96300.0,1500.0,567300.0
1856,2021-10-21 02:25:06,96300.0,1500.0,565800.0
1857,2021-10-21 02:25:06,96300.0,1500.0,564300.0
1858,2021-10-21 02:25:06,96300.0,1500.0,562800.0
1859,2021-10-21 02:25:06,96300.0,1500.0,561300.0
1860,2021-10-21 02:25:06,96300.0,1500.0,559800.0
1861,2021-10-21 02:25:06,96300.0,1500.0,558300.0
1862,2021-10-21 02:25:06,96300.0,1500.0,556800.0
1863,2021-10-21 02:25:06,96300.0,1500.0,555300.0
1864,2021-10-21 02:25:06,96300.0,1500.0,553800.0
1865,2021-10-21 02:25:06,96300.0,1500.0,552300.0
1866,2021-10-21 02:25:06,96300.0,1500.0,550800.0
1867,2021-10-21 02:25:06,96300.0,1500.0,549300.0
1868,2021-10-21 02:25:06,96300.0,1500.0,547800.0
1869,2021-10-21 02:25:06,96300.0,1500.0,546300.0
1870,2021-10-21 02:24:44,96200.0,1900.0,544800.0
1871,2021-10-21 02:24:44,96200.0,3200.0,542900.0
1872,2021-10-21 02:24:44,96200.0,3200.0,539700.0
1873,2021-10-21 02:24:44,96200.0,3200.0,536500.0
1874,2021-10-21 02:24:44,96200.0,3200.0,533300.0
1875,2021-10-21 02:24:44,96200.0,3200.0,530100.0
1876,2021-10-21 02:24:44,96200.0,3200.0,526900.0
1877,2021-10-21 02:24:44,96200.0,3200.0,523700.0
1878,2021-10-21 02:24:44,96200.0,3200.0,520500.0
1879,2021-10-21 02:24:34,96100.0,3200.0,517300.0
1880,2021-10-21 02:24:34,96100.0,3600.0,514100.0
1881,2021-10-21 02:24:34,96100.0,3600.0,510500.0
1882,2021-10-21 02:24:34,96100.0,3600.0,506900.0
1883,2021-10-21 02:24:34,96100.0,3600.0,503300.0
1884,2021-10-21 02:24:34,96100.0,3600.0,499700.0
1885,2021-10-21 02:24:19,96000.0,300.0,496100.0
1886,2021-10-21 02:24:02,96100.0,100.0,495800.0
1887,2021-10-21 02:24:02,96100.0,1000.0,495700.0
1888,2021-10-21 02:24:02,96100.0,1000.0,494700.0
1889,2021-10-21 02:23:59,96100.0,300.0,493700.0
1890,2021-10-21 02:23:37,96100.0,1300.0,493400.0
1891,2021-10-21 02:23:37,96100.0,1600.0,492100.0
1892,2021-10-21 02:23:37,96100.0,1600.0,490500.0
1893,2021-10-21 02:23:37,96100.0,500.0,488900.0
1894,2021-10-21 02:23:37,96000.0,1100.0,488400.0
1895,2021-10-21 02:23:37,96000.0,1600.0,487300.0
1896,2021-10-21 02:23:37,96000.0,1600.0,485700.0
1897,2021-10-21 02:23:37,96000.0,1600.0,484100.0
1898,2021-10-21 02:23:37,96000.0,1600.0,482500.0
1899,2021-10-21 02:23:37,96000.0,1600.0,480900.0
1900,2021-10-21 02:23:37,96000.0,1600.0,479300.0
1901,2021-10-21 02:23:37,96000.0,1600.0,477700.0
1902,2021-10-21 02:23:37,96000.0,1600.0,476100.0
1903,2021-10-21 02:23:37,96000.0,1600.0,474500.0
1904,2021-10-21 02:23:37,96000.0,1600.0,472900.0
1905,2021-10-21 02:23:37,96000.0,1600.0,471300.0
1906,2021-10-21 02:23:37,96000.0,1600.0,469700.0
1907,2021-10-21 02:23:37,96000.0,1600.0,468100.0
1908,2021-10-21 02:23:37,96000.0,1600.0,466500.0
1909,2021-10-21 02:23:18,96000.0,3300.0,464900.0
1910,2021-10-21 02:23:18,96000.0,3600.0,461600.0
1911,2021-10-21 02:23:18,96000.0,3600.0,458000.0
1912,2021-10-21 02:23:18,96000.0,1800.0,454400.0
1913,2021-10-21 02:23:18,96100.0,2000.0,452600.0
1914,2021-10-21 02:23:18,96100.0,2200.0,450600.0
1915,2021-10-21 02:23:07,96100.0,1300.0,448400.0
1916,2021-10-21 02:23:07,96100.0,3500.0,447100.0
1917,2021-10-21 02:23:07,96100.0,3500.0,443600.0
1918,2021-10-21 02:23:07,96100.0,3500.0,440100.0
1919,2021-10-21 02:23:07,96100.0,3500.0,436600.0
1920,2021-10-21 02:23:07,96100.0,3500.0,433100.0
1921,2021-10-21 02:23:07,96100.0,3500.0,429600.0
1922,2021-10-21 02:23:07,96100.0,3500.0,426100.0
1923,2021-10-21 02:22:57,96000.0,300.0,422600.0
1924,2021-10-21 02:22:57,96000.0,1500.0,422300.0
1925,2021-10-21 02:22:57,96000.0,3600.0,420800.0
1926,2021-10-21 02:22:57,96000.0,3600.0,417200.0
1927,2021-10-21 02:22:57,96000.0,3600.0,413600.0
1928,2021-10-21 02:22:57,96000.0,3600.0,410000.0
1929,2021-10-21 02:21:18,96000.0,300.0,406400.0
1930,2021-10-21 02:21:18,96000.0,1500.0,406100.0
1931,2021-10-21 02:21:18,96000.0,1500.0,404600.0
1932,2021-10-21 02:21:18,96000.0,1500.0,403100.0
1933,2021-10-21 02:21:18,96000.0,1500.0,401600.0
1934,2021-10-21 02:21:18,96000.0,1500.0,400100.0
1935,2021-10-21 02:21:18,96000.0,1500.0,398600.0
1936,2021-10-21 02:21:18,96000.0,1500.0,397100.0
1937,2021-10-21 02:21:18,96000.0,1500.0,395600.0
1938,2021-10-21 02:21:18,96000.0,300.0,394100.0
1939,2021-10-21 02:21:12,96100.0,1200.0,393800.0
1940,2021-10-21 02:21:12,96100.0,1500.0,392600.0
1941,2021-10-21 02:21:06,96200.0,600.0,391100.0
1942,2021-10-21 02:21:06,96200.0,1400.0,390500.0
1943,2021-10-21 02:21:06,96200.0,1400.0,389100.0
1944,2021-10-21 02:21:06,96200.0,1400.0,387700.0
1945,2021-10-21 02:20:45,96200.0,1400.0,386300.0
1946,2021-10-21 02:20:45,96200.0,1400.0,384900.0
1947,2021-10-21 02:20:45,96200.0,1400.0,383500.0
1948,2021-10-21 02:20:45,96200.0,1400.0,382100.0
1949,2021-10-21 02:20:45,96200.0,1400.0,380700.0
1950,2021-10-21 02:20:45,96200.0,1400.0,379300.0
1951,2021-10-21 02:20:45,96200.0,1400.0,377900.0
1952,2021-10-21 02:20:45,96200.0,1400.0,376500.0
1953,2021-10-21 02:20:45,96200.0,1400.0,375100.0
1954,2021-10-21 02:20:45,96200.0,1400.0,373700.0
1955,2021-10-21 02:20:45,96200.0,1400.0,372300.0
1956,2021-10-21 02:20:45,96200.0,1400.0,370900.0
1957,2021-10-21 02:20:45,96200.0,1400.0,369500.0
1958,2021-10-21 02:20:45,96200.0,1400.0,368100.0
1959,2021-10-21 02:20:45,96200.0,1400.0,366700.0
1960,2021-10-21 02:20:45,96200.0,1400.0,365300.0
1961,2021-10-21 02:20:45,96200.0,1400.0,363900.0
1962,2021-10-21 02:20:44,96100.0,100.0,362500.0
1963,2021-10-21 02:20:32,96100.0,2000.0,362400.0
1964,2021-10-21 02:20:32,96100.0,3600.0,360400.0
1965,2021-10-21 02:20:32,96100.0,3600.0,356800.0
1966,2021-10-21 02:20:32,96100.0,3600.0,353200.0
1967,2021-10-21 02:20:32,96100.0,3600.0,349600.0
1968,2021-10-21 02:20:32,96100.0,3600.0,346000.0
1969,2021-10-21 02:20:32,96100.0,3600.0,342400.0
1970,2021-10-21 02:20:32,96100.0,3600.0,338800.0
1971,2021-10-21 02:20:22,96000.0,100.0,335200.0
1972,2021-10-21 02:20:22,96000.0,400.0,335100.0
1973,2021-10-21 02:20:22,96000.0,700.0,334700.0
1974,2021-10-21 02:20:22,96000.0,1500.0,334000.0
1975,2021-10-21 02:20:22,96000.0,1500.0,332500.0
1976,2021-10-21 02:20:22,96000.0,1500.0,331000.0
1977,2021-10-21 02:20:22,96000.0,1500.0,329500.0
1978,2021-10-21 02:20:22,96000.0,1500.0,328000.0
1979,2021-10-21 02:20:13,96000.0,500.0,326500.0
1980,2021-10-21 02:20:13,96000.0,1500.0,326000.0
1981,2021-10-21 02:20:13,96000.0,1500.0,324500.0
1982,2021-10-21 02:20:13,96000.0,1500.0,323000.0
1983,2021-10-21 02:20:13,96000.0,1500.0,321500.0
1984,2021-10-21 02:20:13,96000.0,1500.0,320000.0
1985,2021-10-21 02:20:13,96000.0,1500.0,318500.0
1986,2021-10-21 02:20:13,96000.0,1500.0,317000.0
1987,2021-10-21 02:20:13,96000.0,1500.0,315500.0
1988,2021-10-21 02:20:13,96000.0,1500.0,314000.0
1989,2021-10-21 02:20:13,96000.0,1500.0,312500.0
1990,2021-10-21 02:20:13,96000.0,1500.0,311000.0
1991,2021-10-21 02:20:13,96000.0,1500.0,309500.0
1992,2021-10-21 02:20:13,96000.0,1500.0,308000.0
1993,2021-10-21 02:19:52,96000.0,1000.0,306500.0
1994,2021-10-21 02:18:52,96000.0,100.0,305500.0
1995,2021-10-21 02:18:52,96000.0,500.0,305400.0
1996,2021-10-21 02:18:52,96000.0,3600.0,304900.0
1997,2021-10-21 02:18:52,96000.0,1600.0,301300.0
1998,2021-10-21 02:18:45,96100.0,8400.0,299700.0
1999,2021-10-21 02:18:39,96100.0,8200.0,291300.0
2000,2021-10-21 02:18:31,96100.0,4700.0,283100.0
2001,2021-10-21 02:18:31,96100.0,1300.0,278400.0
2002,2021-10-21 02:18:31,96100.0,1600.0,277100.0
2003,2021-10-21 02:18:31,96100.0,1600.0,275500.0
2004,2021-10-21 02:18:31,96100.0,1600.0,273900.0
2005,2021-10-21 02:18:31,96100.0,1200.0,272300.0
2006,2021-10-21 02:18:24,96200.0,300.0,271100.0
2007,2021-10-21 02:18:24,96200.0,3500.0,270800.0
2008,2021-10-21 02:18:24,96200.0,3500.0,267300.0
2009,2021-10-21 02:18:24,96200.0,1300.0,263800.0
2010,2021-10-21 02:18:16,96300.0,200.0,262500.0
2011,2021-10-21 02:18:16,96300.0,1000.0,262300.0
2012,2021-10-21 02:18:16,96300.0,1000.0,261300.0
2013,2021-10-21 02:18:16,96300.0,1000.0,260300.0
2014,2021-10-21 02:18:16,96300.0,500.0,259300.0
2015,2021-10-21 02:17:25,96300.0,500.0,258800.0
2016,2021-10-21 02:17:25,96300.0,1000.0,258300.0
2017,2021-10-21 02:17:25,96300.0,1000.0,257300.0
2018,2021-10-21 02:17:25,96300.0,1000.0,256300.0
2019,2021-10-21 02:17:25,96300.0,1000.0,255300.0
2020,2021-10-21 02:17:25,96300.0,1000.0,254300.0
2021,2021-10-21 02:17:25,96300.0,1000.0,253300.0
2022,2021-10-21 02:17:25,96300.0,1000.0,252300.0
2023,2021-10-21 02:17:25,96300.0,1000.0,251300.0
2024,2021-10-21 02:17:25,96300.0,1000.0,250300.0
2025,2021-10-21 02:17:25,96300.0,1000.0,249300.0
2026,2021-10-21 02:17:25,96300.0,1000.0,248300.0
2027,2021-10-21 02:17:10,96200.0,2200.0,247300.0
2028,2021-10-21 02:17:10,96200.0,3500.0,245100.0
2029,2021-10-21 02:17:10,96200.0,3500.0,241600.0
2030,2021-10-21 02:17:10,96200.0,3500.0,238100.0
2031,2021-10-21 02:17:02,96100.0,400.0,234600.0
2032,2021-10-21 02:17:02,96100.0,1600.0,234200.0
2033,2021-10-21 02:17:02,96100.0,1600.0,232600.0
2034,2021-10-21 02:17:02,96100.0,1600.0,231000.0
2035,2021-10-21 02:17:02,96100.0,1600.0,229400.0
2036,2021-10-21 02:17:02,96100.0,1600.0,227800.0
2037,2021-10-21 02:17:02,96100.0,1600.0,226200.0
2038,2021-10-21 02:17:02,96100.0,1600.0,224600.0
