,Time,Price,Volume_per_trade,Volume
0,2021-10-01 14:45:01,85300.0,2800.0,4519600.0
1,2021-10-01 14:45:01,85300.0,1500.0,4516800.0
2,2021-10-01 14:45:01,85300.0,100.0,4515300.0
3,2021-10-01 14:45:01,85300.0,100.0,4515200.0
4,2021-10-01 14:45:01,85300.0,100.0,4515100.0
5,2021-10-01 14:45:01,85300.0,100.0,4515000.0
6,2021-10-01 14:45:01,85300.0,600.0,4514900.0
7,2021-10-01 14:45:01,85300.0,300.0,4514300.0
8,2021-10-01 14:45:01,85300.0,500.0,4514000.0
9,2021-10-01 14:45:01,85300.0,1000.0,4513500.0
10,2021-10-01 14:45:01,85300.0,700.0,4512500.0
11,2021-10-01 14:45:01,85300.0,1000.0,4511800.0
12,2021-10-01 14:45:01,85300.0,1300.0,4510800.0
13,2021-10-01 14:45:01,85300.0,10000.0,4509500.0
14,2021-10-01 14:45:01,85300.0,3700.0,4499500.0
15,2021-10-01 14:45:01,85300.0,200.0,4495800.0
16,2021-10-01 14:45:01,85300.0,3500.0,4495600.0
17,2021-10-01 14:45:01,85300.0,100.0,4492100.0
18,2021-10-01 14:45:01,85300.0,200.0,4492000.0
19,2021-10-01 14:45:01,85300.0,200.0,4491800.0
20,2021-10-01 14:29:39,85200.0,700.0,4491600.0
21,2021-10-01 14:29:34,85200.0,100.0,4490900.0
22,2021-10-01 14:29:20,85200.0,1000.0,4490800.0
23,2021-10-01 14:28:18,85200.0,500.0,4489800.0
24,2021-10-01 14:27:38,85200.0,200.0,4489300.0
25,2021-10-01 14:27:38,85200.0,1000.0,4489100.0
26,2021-10-01 14:27:20,85200.0,500.0,4488100.0
27,2021-10-01 14:26:45,85200.0,500.0,4487600.0
28,2021-10-01 14:25:56,85200.0,3400.0,4487100.0
29,2021-10-01 14:25:51,85200.0,3500.0,4483700.0
30,2021-10-01 14:25:50,85100.0,400.0,4480200.0
31,2021-10-01 14:25:43,85100.0,5100.0,4479800.0
32,2021-10-01 14:25:24,85100.0,4500.0,4474700.0
33,2021-10-01 14:25:24,85100.0,100.0,4470200.0
34,2021-10-01 14:25:18,85100.0,5400.0,4470100.0
35,2021-10-01 14:25:13,85100.0,6400.0,4464700.0
36,2021-10-01 14:25:02,85100.0,400.0,4458300.0
37,2021-10-01 14:25:02,85100.0,8100.0,4457900.0
38,2021-10-01 14:24:31,85100.0,5800.0,4449800.0
39,2021-10-01 14:24:12,85100.0,2400.0,4444000.0
40,2021-10-01 14:24:07,85100.0,4500.0,4441600.0
41,2021-10-01 14:24:00,85100.0,6500.0,4437100.0
42,2021-10-01 14:23:24,85100.0,100.0,4430600.0
43,2021-10-01 14:23:24,85100.0,6500.0,4430500.0
44,2021-10-01 14:20:34,85200.0,1000.0,4424000.0
45,2021-10-01 14:20:19,85100.0,8500.0,4423000.0
46,2021-10-01 14:19:42,85100.0,6300.0,4414500.0
47,2021-10-01 14:19:38,85100.0,100.0,4408200.0
48,2021-10-01 14:19:37,85100.0,8500.0,4408100.0
49,2021-10-01 14:19:31,85100.0,5400.0,4399600.0
50,2021-10-01 14:19:13,85100.0,6600.0,4394200.0
51,2021-10-01 14:19:06,85100.0,8100.0,4387600.0
52,2021-10-01 14:18:47,85100.0,9300.0,4379500.0
53,2021-10-01 14:18:01,85100.0,3900.0,4370200.0
54,2021-10-01 14:17:55,85100.0,4600.0,4366300.0
55,2021-10-01 14:17:49,85100.0,5500.0,4361700.0
56,2021-10-01 14:17:44,85100.0,6300.0,4356200.0
57,2021-10-01 14:17:41,85000.0,100.0,4349900.0
58,2021-10-01 14:17:16,85100.0,7000.0,4349800.0
59,2021-10-01 14:17:00,85100.0,8400.0,4342800.0
60,2021-10-01 14:16:39,85200.0,5500.0,4334400.0
61,2021-10-01 14:16:34,85200.0,5500.0,4328900.0
62,2021-10-01 14:16:30,85200.0,6300.0,4323400.0
63,2021-10-01 14:15:12,85200.0,200.0,4317100.0
64,2021-10-01 14:13:38,85300.0,200.0,4316900.0
65,2021-10-01 14:13:38,85200.0,600.0,4316700.0
66,2021-10-01 14:13:38,85200.0,7000.0,4316100.0
67,2021-10-01 14:13:18,85100.0,100.0,4309100.0
68,2021-10-01 14:13:18,85100.0,200.0,4309000.0
69,2021-10-01 14:13:18,85100.0,9900.0,4308800.0
70,2021-10-01 14:11:52,85100.0,5100.0,4298900.0
71,2021-10-01 14:11:49,85200.0,100.0,4293800.0
72,2021-10-01 14:11:46,85100.0,7400.0,4293700.0
73,2021-10-01 14:11:45,85200.0,8500.0,4286300.0
74,2021-10-01 14:11:07,85200.0,4100.0,4277800.0
75,2021-10-01 14:10:51,85100.0,500.0,4273700.0
76,2021-10-01 14:10:51,85100.0,9600.0,4273200.0
77,2021-10-01 14:10:51,85000.0,7400.0,4263600.0
78,2021-10-01 14:10:44,85000.0,6300.0,4256200.0
79,2021-10-01 14:10:32,85000.0,4600.0,4249900.0
80,2021-10-01 14:10:28,85000.0,800.0,4245300.0
81,2021-10-01 14:10:27,85000.0,6300.0,4244500.0
82,2021-10-01 14:08:51,85100.0,10400.0,4238200.0
83,2021-10-01 14:08:45,85200.0,3800.0,4227800.0
84,2021-10-01 14:08:42,85200.0,500.0,4224000.0
85,2021-10-01 14:08:39,85200.0,8500.0,4223500.0
86,2021-10-01 14:08:33,85200.0,2000.0,4215000.0
87,2021-10-01 14:08:33,85200.0,1600.0,4213000.0
88,2021-10-01 14:08:33,85200.0,5100.0,4211400.0
89,2021-10-01 14:08:28,85200.0,5000.0,4206300.0
90,2021-10-01 14:08:00,85100.0,500.0,4201300.0
91,2021-10-01 14:07:36,85100.0,500.0,4200800.0
92,2021-10-01 14:07:07,85100.0,800.0,4200300.0
93,2021-10-01 14:05:50,85100.0,5100.0,4199500.0
94,2021-10-01 14:05:43,85100.0,8500.0,4194400.0
95,2021-10-01 14:04:17,85000.0,6300.0,4185900.0
96,2021-10-01 14:04:17,84900.0,7000.0,4179600.0
97,2021-10-01 14:04:00,84900.0,14300.0,4172600.0
98,2021-10-01 14:03:53,84900.0,8500.0,4158300.0
99,2021-10-01 14:03:47,84900.0,5100.0,4149800.0
100,2021-10-01 14:03:32,85000.0,12200.0,4144700.0
101,2021-10-01 14:03:25,85000.0,6300.0,4132500.0
102,2021-10-01 14:03:23,85100.0,100.0,4126200.0
103,2021-10-01 14:03:20,85100.0,9500.0,4126100.0
104,2021-10-01 14:03:15,85200.0,400.0,4116600.0
105,2021-10-01 13:59:41,85200.0,1000.0,4116200.0
106,2021-10-01 13:58:33,85100.0,1000.0,4115200.0
107,2021-10-01 13:57:34,85100.0,6700.0,4114200.0
108,2021-10-01 13:57:27,85100.0,6300.0,4107500.0
109,2021-10-01 13:56:49,84900.0,600.0,4101200.0
110,2021-10-01 13:56:49,85000.0,200.0,4100600.0
111,2021-10-01 13:56:49,85000.0,500.0,4100400.0
112,2021-10-01 13:56:49,85000.0,100.0,4099900.0
113,2021-10-01 13:56:49,85000.0,7600.0,4099800.0
114,2021-10-01 13:56:40,85000.0,8500.0,4092200.0
115,2021-10-01 13:55:53,85100.0,10500.0,4083700.0
116,2021-10-01 13:55:33,85100.0,7500.0,4073200.0
117,2021-10-01 13:55:03,85200.0,4800.0,4065700.0
118,2021-10-01 13:53:46,85300.0,4400.0,4060900.0
119,2021-10-01 13:53:46,85200.0,10900.0,4056500.0
120,2021-10-01 13:53:36,85200.0,400.0,4045600.0
121,2021-10-01 13:53:36,85200.0,13700.0,4045200.0
122,2021-10-01 13:53:29,85300.0,8300.0,4031500.0
123,2021-10-01 13:52:57,85200.0,2700.0,4023200.0
124,2021-10-01 13:52:37,85100.0,400.0,4020500.0
125,2021-10-01 13:52:37,85100.0,6600.0,4020100.0
126,2021-10-01 13:52:20,85000.0,8900.0,4013500.0
127,2021-10-01 13:51:10,85000.0,100.0,4004600.0
128,2021-10-01 13:51:10,85000.0,200.0,4004500.0
129,2021-10-01 13:51:10,85000.0,6000.0,4004300.0
130,2021-10-01 13:51:10,85000.0,100.0,3998300.0
131,2021-10-01 13:48:48,85100.0,1000.0,3998200.0
132,2021-10-01 13:47:44,85100.0,7600.0,3997200.0
133,2021-10-01 13:47:38,85100.0,8500.0,3989600.0
134,2021-10-01 13:46:31,85100.0,600.0,3981100.0
135,2021-10-01 13:46:30,85200.0,100.0,3980500.0
136,2021-10-01 13:45:11,85200.0,100.0,3980400.0
137,2021-10-01 13:45:05,85200.0,1300.0,3980300.0
138,2021-10-01 13:45:05,85200.0,1300.0,3979000.0
139,2021-10-01 13:45:05,85200.0,1300.0,3977700.0
140,2021-10-01 13:45:05,85200.0,1300.0,3976400.0
141,2021-10-01 13:45:05,85200.0,1300.0,3975100.0
142,2021-10-01 13:45:05,85200.0,1300.0,3973800.0
143,2021-10-01 13:45:04,85200.0,1300.0,3972500.0
144,2021-10-01 13:45:04,85200.0,1300.0,3971200.0
145,2021-10-01 13:45:04,85200.0,1300.0,3969900.0
146,2021-10-01 13:45:04,85200.0,1300.0,3968600.0
147,2021-10-01 13:44:33,85200.0,2600.0,3967300.0
148,2021-10-01 13:44:27,85200.0,3700.0,3964700.0
149,2021-10-01 13:44:27,85200.0,6300.0,3961000.0
150,2021-10-01 13:44:27,85200.0,5600.0,3954700.0
151,2021-10-01 13:44:22,85300.0,5000.0,3949100.0
152,2021-10-01 13:44:22,85300.0,5000.0,3944100.0
153,2021-10-01 13:44:22,85300.0,1100.0,3939100.0
154,2021-10-01 13:44:14,85300.0,3900.0,3938000.0
155,2021-10-01 13:44:14,85300.0,5000.0,3934100.0
156,2021-10-01 13:44:14,85300.0,5000.0,3929100.0
157,2021-10-01 13:44:14,85300.0,5000.0,3924100.0
158,2021-10-01 13:44:09,85200.0,200.0,3919100.0
159,2021-10-01 13:44:05,85200.0,500.0,3918900.0
160,2021-10-01 13:44:05,85200.0,6300.0,3918400.0
161,2021-10-01 13:44:05,85200.0,6300.0,3912100.0
162,2021-10-01 13:44:05,85200.0,6300.0,3905800.0
163,2021-10-01 13:43:53,85200.0,6500.0,3899500.0
164,2021-10-01 13:43:53,85200.0,2600.0,3893000.0
165,2021-10-01 13:43:48,85300.0,5000.0,3890400.0
166,2021-10-01 13:43:48,85300.0,3600.0,3885400.0
167,2021-10-01 13:43:14,85300.0,1200.0,3881800.0
168,2021-10-01 13:43:14,85300.0,200.0,3880600.0
169,2021-10-01 13:43:14,85300.0,5000.0,3880400.0
170,2021-10-01 13:43:14,85300.0,5000.0,3875400.0
171,2021-10-01 13:43:14,85300.0,5000.0,3870400.0
172,2021-10-01 13:43:07,85200.0,3900.0,3865400.0
173,2021-10-01 13:43:07,85200.0,6500.0,3861500.0
174,2021-10-01 13:42:07,85200.0,4900.0,3855000.0
175,2021-10-01 13:41:51,85300.0,9800.0,3850100.0
176,2021-10-01 13:41:25,85300.0,200.0,3840300.0
177,2021-10-01 13:41:24,85300.0,100.0,3840100.0
178,2021-10-01 13:41:24,85300.0,100.0,3840000.0
179,2021-10-01 13:41:24,85300.0,100.0,3839900.0
180,2021-10-01 13:41:24,85300.0,4500.0,3839800.0
181,2021-10-01 13:41:24,85200.0,5200.0,3835300.0
182,2021-10-01 13:41:18,85200.0,8500.0,3830100.0
183,2021-10-01 13:41:07,85200.0,2800.0,3821600.0
184,2021-10-01 13:40:50,85200.0,10000.0,3818800.0
185,2021-10-01 13:39:58,85300.0,900.0,3808800.0
186,2021-10-01 13:39:58,85300.0,5400.0,3807900.0
187,2021-10-01 13:39:58,85300.0,5100.0,3802500.0
188,2021-10-01 13:39:37,85300.0,300.0,3797400.0
189,2021-10-01 13:39:37,85300.0,5400.0,3797100.0
190,2021-10-01 13:39:37,85300.0,5400.0,3791700.0
191,2021-10-01 13:39:36,85300.0,200.0,3786300.0
192,2021-10-01 13:39:26,85300.0,1000.0,3786100.0
193,2021-10-01 13:39:26,85300.0,500.0,3785100.0
194,2021-10-01 13:39:26,85300.0,5500.0,3784600.0
195,2021-10-01 13:39:26,85300.0,200.0,3779100.0
196,2021-10-01 13:39:18,85300.0,5300.0,3778900.0
197,2021-10-01 13:39:18,85300.0,5500.0,3773600.0
198,2021-10-01 13:39:18,85300.0,3700.0,3768100.0
199,2021-10-01 13:38:58,85300.0,700.0,3764400.0
200,2021-10-01 13:38:33,85200.0,3000.0,3763700.0
201,2021-10-01 13:38:20,85300.0,1100.0,3760700.0
202,2021-10-01 13:38:20,85300.0,5500.0,3759600.0
203,2021-10-01 13:38:20,85300.0,5500.0,3754100.0
204,2021-10-01 13:38:14,85300.0,2900.0,3748600.0
205,2021-10-01 13:38:04,85300.0,7400.0,3745700.0
206,2021-10-01 13:37:57,85300.0,5500.0,3738300.0
207,2021-10-01 13:37:45,85300.0,4200.0,3732800.0
208,2021-10-01 13:37:45,85300.0,100.0,3728600.0
209,2021-10-01 13:37:45,85300.0,100.0,3728500.0
210,2021-10-01 13:37:45,85300.0,1000.0,3728400.0
211,2021-10-01 13:37:37,85200.0,4500.0,3727400.0
212,2021-10-01 13:37:37,85200.0,4500.0,3722900.0
213,2021-10-01 13:37:37,85200.0,2700.0,3718400.0
214,2021-10-01 13:37:31,85100.0,5000.0,3715700.0
215,2021-10-01 13:37:31,85100.0,3300.0,3710700.0
216,2021-10-01 13:36:28,85100.0,100.0,3707400.0
217,2021-10-01 13:35:30,85100.0,1600.0,3707300.0
218,2021-10-01 13:35:30,85100.0,5000.0,3705700.0
219,2021-10-01 13:35:30,85100.0,5000.0,3700700.0
220,2021-10-01 13:35:30,85100.0,5000.0,3695700.0
221,2021-10-01 13:35:24,85200.0,1800.0,3690700.0
222,2021-10-01 13:35:24,85200.0,4500.0,3688900.0
223,2021-10-01 13:35:24,85200.0,4500.0,3684400.0
224,2021-10-01 13:33:39,85200.0,100.0,3679900.0
225,2021-10-01 13:33:39,85200.0,2000.0,3679800.0
226,2021-10-01 13:33:39,85200.0,7100.0,3677800.0
227,2021-10-01 13:33:14,85200.0,10000.0,3670700.0
228,2021-10-01 13:32:58,85100.0,1000.0,3660700.0
229,2021-10-01 13:32:58,85100.0,8200.0,3659700.0
230,2021-10-01 13:32:27,85100.0,600.0,3651500.0
231,2021-10-01 13:31:12,85100.0,200.0,3650900.0
232,2021-10-01 13:30:51,85100.0,200.0,3650700.0
233,2021-10-01 13:29:04,85100.0,100.0,3650500.0
234,2021-10-01 13:28:31,85100.0,5900.0,3650400.0
235,2021-10-01 13:28:26,85100.0,10000.0,3644500.0
236,2021-10-01 13:28:06,85200.0,600.0,3634500.0
237,2021-10-01 13:25:41,85100.0,9900.0,3633900.0
238,2021-10-01 13:25:30,85100.0,7600.0,3624000.0
239,2021-10-01 13:25:30,85000.0,2400.0,3616400.0
240,2021-10-01 13:25:24,85000.0,8500.0,3614000.0
241,2021-10-01 13:25:07,85000.0,500.0,3605500.0
242,2021-10-01 13:25:07,85000.0,10100.0,3605000.0
243,2021-10-01 13:24:15,85000.0,10000.0,3594900.0
244,2021-10-01 13:24:08,85000.0,8500.0,3584900.0
245,2021-10-01 13:24:01,85000.0,5000.0,3576400.0
246,2021-10-01 13:23:55,85100.0,9800.0,3571400.0
247,2021-10-01 13:23:33,85100.0,1000.0,3561600.0
248,2021-10-01 13:22:29,85200.0,7300.0,3560600.0
249,2021-10-01 13:22:22,85300.0,3700.0,3553300.0
250,2021-10-01 13:22:00,85300.0,1000.0,3549600.0
251,2021-10-01 13:22:00,85300.0,3000.0,3548600.0
252,2021-10-01 13:22:00,85300.0,1000.0,3545600.0
253,2021-10-01 13:22:00,85300.0,1300.0,3544600.0
254,2021-10-01 13:21:54,85300.0,4500.0,3543300.0
255,2021-10-01 13:21:49,85300.0,5400.0,3538800.0
256,2021-10-01 13:21:42,85300.0,6300.0,3533400.0
257,2021-10-01 13:21:36,85200.0,300.0,3527100.0
258,2021-10-01 13:21:36,85200.0,1000.0,3526800.0
259,2021-10-01 13:21:36,85200.0,200.0,3525800.0
260,2021-10-01 13:21:36,85200.0,1000.0,3525600.0
261,2021-10-01 13:21:36,85200.0,5400.0,3524600.0
262,2021-10-01 13:21:31,85200.0,8600.0,3519200.0
263,2021-10-01 13:21:25,85100.0,4600.0,3510600.0
264,2021-10-01 13:21:21,85100.0,6500.0,3506000.0
265,2021-10-01 13:20:48,85100.0,2900.0,3499500.0
266,2021-10-01 13:20:48,85100.0,100.0,3496600.0
267,2021-10-01 13:20:48,85100.0,5900.0,3496500.0
268,2021-10-01 13:20:29,85100.0,14100.0,3490600.0
269,2021-10-01 13:20:29,85100.0,900.0,3476500.0
270,2021-10-01 13:18:52,85100.0,100.0,3475600.0
271,2021-10-01 13:18:14,85100.0,2000.0,3475500.0
272,2021-10-01 13:17:40,85200.0,200.0,3473500.0
273,2021-10-01 13:17:40,85200.0,4300.0,3473300.0
274,2021-10-01 13:16:54,85200.0,800.0,3469000.0
275,2021-10-01 13:16:04,85200.0,1000.0,3468200.0
276,2021-10-01 13:16:01,85200.0,100.0,3467200.0
277,2021-10-01 13:16:01,85200.0,10200.0,3467100.0
278,2021-10-01 13:13:12,85200.0,6100.0,3456900.0
279,2021-10-01 13:12:50,85200.0,3900.0,3450800.0
280,2021-10-01 13:12:50,85200.0,11100.0,3446900.0
281,2021-10-01 13:12:34,85300.0,3800.0,3435800.0
282,2021-10-01 13:12:15,85300.0,5400.0,3432000.0
283,2021-10-01 13:12:11,85300.0,800.0,3426600.0
284,2021-10-01 13:12:07,85300.0,1000.0,3425800.0
285,2021-10-01 13:11:54,85300.0,12100.0,3424800.0
286,2021-10-01 13:11:46,85300.0,3300.0,3412700.0
287,2021-10-01 13:11:46,85300.0,4600.0,3409400.0
288,2021-10-01 13:11:28,85300.0,10000.0,3404800.0
289,2021-10-01 13:11:20,85300.0,8900.0,3394800.0
290,2021-10-01 13:10:58,85300.0,7500.0,3385900.0
291,2021-10-01 13:10:35,85300.0,600.0,3378400.0
292,2021-10-01 13:10:35,85300.0,4300.0,3377800.0
293,2021-10-01 13:10:20,85300.0,100.0,3373500.0
294,2021-10-01 13:10:16,85300.0,8500.0,3373400.0
295,2021-10-01 13:10:06,85300.0,100.0,3364900.0
296,2021-10-01 13:10:02,85300.0,800.0,3364800.0
297,2021-10-01 13:09:32,85300.0,800.0,3364000.0
298,2021-10-01 13:09:10,85300.0,800.0,3363200.0
299,2021-10-01 13:08:39,85300.0,800.0,3362400.0
300,2021-10-01 13:08:23,85400.0,1100.0,3361600.0
301,2021-10-01 13:08:17,85300.0,3400.0,3360500.0
302,2021-10-01 13:08:14,85300.0,1900.0,3357100.0
303,2021-10-01 13:08:11,85300.0,5400.0,3355200.0
304,2021-10-01 13:08:07,85300.0,6400.0,3349800.0
305,2021-10-01 13:08:02,85300.0,5500.0,3343400.0
306,2021-10-01 13:07:54,85300.0,1200.0,3337900.0
307,2021-10-01 13:07:54,85300.0,3500.0,3336700.0
308,2021-10-01 13:07:32,85300.0,6300.0,3333200.0
309,2021-10-01 13:06:35,85300.0,1700.0,3326900.0
310,2021-10-01 13:06:35,85300.0,4900.0,3325200.0
311,2021-10-01 13:06:35,85200.0,3600.0,3320300.0
312,2021-10-01 13:06:32,85100.0,800.0,3316700.0
313,2021-10-01 13:06:29,85200.0,6500.0,3315900.0
314,2021-10-01 13:06:24,85200.0,5600.0,3309400.0
315,2021-10-01 13:06:04,85200.0,400.0,3303800.0
316,2021-10-01 13:05:44,85200.0,6400.0,3303400.0
317,2021-10-01 13:05:38,85300.0,100.0,3297000.0
318,2021-10-01 13:05:17,85300.0,3000.0,3296900.0
319,2021-10-01 13:05:17,85300.0,7600.0,3293900.0
320,2021-10-01 13:05:06,85300.0,100.0,3286300.0
321,2021-10-01 13:04:23,85300.0,200.0,3286200.0
322,2021-10-01 13:04:23,85400.0,1000.0,3286000.0
323,2021-10-01 13:04:18,85300.0,9400.0,3285000.0
324,2021-10-01 13:04:13,85300.0,5000.0,3275600.0
325,2021-10-01 13:04:04,85200.0,4500.0,3270600.0
326,2021-10-01 13:03:57,85300.0,7100.0,3266100.0
327,2021-10-01 13:03:20,85300.0,100.0,3259000.0
328,2021-10-01 13:03:20,85300.0,1000.0,3258900.0
329,2021-10-01 13:03:20,85300.0,200.0,3257900.0
330,2021-10-01 13:03:20,85300.0,8900.0,3257700.0
331,2021-10-01 13:03:15,85200.0,400.0,3248800.0
332,2021-10-01 13:03:01,85200.0,200.0,3248400.0
333,2021-10-01 13:03:01,85200.0,100.0,3248200.0
334,2021-10-01 13:03:01,85200.0,200.0,3248100.0
335,2021-10-01 13:03:01,85200.0,200.0,3247900.0
336,2021-10-01 13:03:01,85200.0,8000.0,3247700.0
337,2021-10-01 13:02:38,85100.0,11600.0,3239700.0
338,2021-10-01 13:02:30,85000.0,3600.0,3228100.0
339,2021-10-01 13:02:00,84800.0,4500.0,3224500.0
340,2021-10-01 13:02:00,84800.0,4500.0,3220000.0
341,2021-10-01 13:02:00,84800.0,5000.0,3215500.0
342,2021-10-01 13:01:55,85000.0,5000.0,3210500.0
343,2021-10-01 13:01:16,85000.0,200.0,3205500.0
344,2021-10-01 13:01:16,85000.0,9700.0,3205300.0
345,2021-10-01 13:00:54,85000.0,5400.0,3195600.0
346,2021-10-01 13:00:49,85000.0,6400.0,3190200.0
347,2021-10-01 13:00:44,85100.0,500.0,3183800.0
348,2021-10-01 13:00:44,85100.0,500.0,3183300.0
349,2021-10-01 13:00:44,85100.0,200.0,3182800.0
350,2021-10-01 13:00:44,85100.0,200.0,3182600.0
351,2021-10-01 13:00:44,85100.0,5300.0,3182400.0
352,2021-10-01 13:00:39,85100.0,8500.0,3177100.0
353,2021-10-01 13:00:28,85200.0,200.0,3168600.0
354,2021-10-01 13:00:01,85200.0,100.0,3168400.0
355,2021-10-01 11:24:11,85200.0,6900.0,3168300.0
356,2021-10-01 11:24:04,85200.0,7600.0,3161400.0
357,2021-10-01 11:22:48,85200.0,3000.0,3153800.0
358,2021-10-01 11:22:47,85200.0,1000.0,3150800.0
359,2021-10-01 11:22:42,85200.0,6500.0,3149800.0
360,2021-10-01 11:22:40,85200.0,100.0,3143300.0
361,2021-10-01 11:22:23,85200.0,12500.0,3143200.0
362,2021-10-01 11:18:47,85100.0,7500.0,3130700.0
363,2021-10-01 11:18:15,85100.0,8500.0,3123200.0
364,2021-10-01 11:17:55,85100.0,5300.0,3114700.0
365,2021-10-01 11:17:51,85100.0,5400.0,3109400.0
366,2021-10-01 11:17:47,85100.0,6500.0,3104000.0
367,2021-10-01 11:17:36,85100.0,100.0,3097500.0
368,2021-10-01 11:17:14,85100.0,10800.0,3097400.0
369,2021-10-01 11:16:59,85100.0,5000.0,3086600.0
370,2021-10-01 11:16:17,85100.0,100.0,3081600.0
371,2021-10-01 11:16:06,85100.0,5300.0,3081500.0
372,2021-10-01 11:16:01,85100.0,2300.0,3076200.0
373,2021-10-01 11:16:01,85100.0,5900.0,3073900.0
374,2021-10-01 11:15:56,85100.0,8500.0,3068000.0
375,2021-10-01 11:15:50,85200.0,4100.0,3059500.0
376,2021-10-01 11:15:45,85300.0,12600.0,3055400.0
377,2021-10-01 11:15:40,85300.0,1900.0,3042800.0
378,2021-10-01 11:15:35,85300.0,10000.0,3040900.0
379,2021-10-01 11:15:19,85300.0,5800.0,3030900.0
380,2021-10-01 11:15:13,85300.0,5600.0,3025100.0
381,2021-10-01 11:15:07,85200.0,500.0,3019500.0
382,2021-10-01 11:15:07,85200.0,100.0,3019000.0
383,2021-10-01 11:15:07,85200.0,15300.0,3018900.0
384,2021-10-01 11:14:57,85200.0,100.0,3003600.0
385,2021-10-01 11:14:57,85200.0,4900.0,3003500.0
386,2021-10-01 11:12:37,85200.0,5100.0,2998600.0
387,2021-10-01 11:12:37,85200.0,8500.0,2993500.0
388,2021-10-01 11:12:37,85200.0,9900.0,2985000.0
389,2021-10-01 11:12:19,85200.0,7500.0,2975100.0
390,2021-10-01 11:11:44,85100.0,8300.0,2967600.0
391,2021-10-01 11:11:23,85100.0,7500.0,2959300.0
392,2021-10-01 11:11:21,85000.0,500.0,2951800.0
393,2021-10-01 11:10:49,85000.0,5300.0,2951300.0
394,2021-10-01 11:10:07,85000.0,600.0,2946000.0
395,2021-10-01 11:10:07,85000.0,9300.0,2945400.0
396,2021-10-01 11:10:01,85000.0,8200.0,2936100.0
397,2021-10-01 11:10:01,85000.0,1800.0,2927900.0
398,2021-10-01 11:09:52,85000.0,10000.0,2926100.0
399,2021-10-01 11:09:46,85100.0,5500.0,2916100.0
400,2021-10-01 11:09:41,85100.0,6300.0,2910600.0
401,2021-10-01 11:09:37,85200.0,4100.0,2904300.0
402,2021-10-01 11:09:04,85300.0,1600.0,2900200.0
403,2021-10-01 11:08:14,85300.0,1600.0,2898600.0
404,2021-10-01 11:07:52,85200.0,3700.0,2897000.0
405,2021-10-01 11:07:52,85300.0,7300.0,2893300.0
406,2021-10-01 11:07:50,85400.0,1600.0,2886000.0
407,2021-10-01 11:07:43,85300.0,200.0,2884400.0
408,2021-10-01 11:07:43,85300.0,8200.0,2884200.0
409,2021-10-01 11:07:35,85300.0,5500.0,2876000.0
410,2021-10-01 11:07:29,85200.0,5000.0,2870500.0
411,2021-10-01 11:07:28,85200.0,100.0,2865500.0
412,2021-10-01 11:07:28,85200.0,100.0,2865400.0
413,2021-10-01 11:07:28,85200.0,300.0,2865300.0
414,2021-10-01 11:07:28,85200.0,8000.0,2865000.0
415,2021-10-01 11:07:22,85100.0,100.0,2857000.0
416,2021-10-01 11:07:22,85100.0,5400.0,2856900.0
417,2021-10-01 11:07:14,85100.0,5600.0,2851500.0
418,2021-10-01 11:07:09,85100.0,1600.0,2845900.0
419,2021-10-01 11:06:14,85100.0,1600.0,2844300.0
420,2021-10-01 11:05:53,85000.0,3600.0,2842700.0
421,2021-10-01 11:05:46,84900.0,100.0,2839100.0
422,2021-10-01 11:05:35,85000.0,200.0,2839000.0
423,2021-10-01 11:05:30,85000.0,10000.0,2838800.0
424,2021-10-01 11:05:14,85000.0,1600.0,2828800.0
425,2021-10-01 11:05:14,85000.0,100.0,2827200.0
426,2021-10-01 11:05:05,84900.0,5000.0,2827100.0
427,2021-10-01 11:04:53,84900.0,200.0,2822100.0
428,2021-10-01 11:04:46,84800.0,100.0,2821900.0
429,2021-10-01 11:04:39,84900.0,100.0,2821800.0
430,2021-10-01 11:04:26,84900.0,200.0,2821700.0
431,2021-10-01 11:04:23,84900.0,1600.0,2821500.0
432,2021-10-01 11:04:18,84800.0,5000.0,2819900.0
433,2021-10-01 11:04:17,84900.0,400.0,2814900.0
434,2021-10-01 11:04:11,84900.0,7600.0,2814500.0
435,2021-10-01 11:04:09,84900.0,300.0,2806900.0
436,2021-10-01 11:03:59,84900.0,100.0,2806600.0
437,2021-10-01 11:03:47,84900.0,1000.0,2806500.0
438,2021-10-01 11:03:47,84900.0,200.0,2805500.0
439,2021-10-01 11:03:47,84900.0,8300.0,2805300.0
440,2021-10-01 11:03:43,85000.0,200.0,2797000.0
441,2021-10-01 11:03:41,84900.0,5400.0,2796800.0
442,2021-10-01 11:03:35,84900.0,6300.0,2791400.0
443,2021-10-01 11:03:30,84900.0,8500.0,2785100.0
444,2021-10-01 11:03:29,85000.0,200.0,2776600.0
445,2021-10-01 11:03:15,85000.0,200.0,2776400.0
446,2021-10-01 11:03:14,85000.0,500.0,2776200.0
447,2021-10-01 11:03:14,85000.0,1000.0,2775700.0
448,2021-10-01 11:03:14,85000.0,300.0,2774700.0
449,2021-10-01 11:03:14,85000.0,7600.0,2774400.0
450,2021-10-01 11:03:08,85000.0,5400.0,2766800.0
451,2021-10-01 11:03:04,85000.0,6500.0,2761400.0
452,2021-10-01 11:03:02,85100.0,100.0,2754900.0
453,2021-10-01 11:02:49,85100.0,2000.0,2754800.0
454,2021-10-01 11:02:49,85100.0,5200.0,2752800.0
455,2021-10-01 11:02:46,85200.0,200.0,2747600.0
456,2021-10-01 11:02:35,85200.0,200.0,2747400.0
457,2021-10-01 11:02:17,85200.0,200.0,2747200.0
458,2021-10-01 11:02:05,85200.0,200.0,2747000.0
459,2021-10-01 11:01:53,85200.0,500.0,2746800.0
460,2021-10-01 11:01:51,85200.0,200.0,2746300.0
461,2021-10-01 11:01:47,85200.0,800.0,2746100.0
462,2021-10-01 11:01:36,85200.0,100.0,2745300.0
463,2021-10-01 11:01:24,85200.0,200.0,2745200.0
464,2021-10-01 11:01:08,85200.0,200.0,2745000.0
465,2021-10-01 11:00:26,85200.0,300.0,2744800.0
466,2021-10-01 11:00:16,85200.0,7500.0,2744500.0
467,2021-10-01 11:00:11,85300.0,6300.0,2737000.0
468,2021-10-01 11:00:01,85300.0,9100.0,2730700.0
469,2021-10-01 10:59:52,85200.0,7600.0,2721600.0
470,2021-10-01 10:59:46,85200.0,8500.0,2714000.0
471,2021-10-01 10:59:36,85100.0,2000.0,2705500.0
472,2021-10-01 10:59:24,85100.0,7500.0,2703500.0
473,2021-10-01 10:59:19,85200.0,8900.0,2696000.0
474,2021-10-01 10:59:12,85200.0,6400.0,2687100.0
475,2021-10-01 10:59:07,85300.0,9400.0,2680700.0
476,2021-10-01 10:59:02,85400.0,400.0,2671300.0
477,2021-10-01 10:58:41,85400.0,400.0,2670900.0
478,2021-10-01 10:58:06,85400.0,400.0,2670500.0
479,2021-10-01 10:58:01,85400.0,100.0,2670100.0
480,2021-10-01 10:57:43,85400.0,400.0,2670000.0
481,2021-10-01 10:57:34,85300.0,200.0,2669600.0
482,2021-10-01 10:56:47,85300.0,2000.0,2669400.0
483,2021-10-01 10:56:22,85300.0,100.0,2667400.0
484,2021-10-01 10:56:22,85300.0,500.0,2667300.0
485,2021-10-01 10:56:22,85300.0,6300.0,2666800.0
486,2021-10-01 10:56:17,85300.0,8500.0,2660500.0
487,2021-10-01 10:55:59,85300.0,200.0,2652000.0
488,2021-10-01 10:55:45,85300.0,100.0,2651800.0
489,2021-10-01 10:55:38,85300.0,300.0,2651700.0
490,2021-10-01 10:55:38,85300.0,6100.0,2651400.0
491,2021-10-01 10:55:29,85300.0,4000.0,2645300.0
492,2021-10-01 10:55:26,85400.0,400.0,2641300.0
493,2021-10-01 10:55:05,85300.0,4900.0,2640900.0
494,2021-10-01 10:55:01,85200.0,400.0,2636000.0
495,2021-10-01 10:54:59,85300.0,15000.0,2635600.0
496,2021-10-01 10:54:53,85200.0,3800.0,2620600.0
497,2021-10-01 10:54:47,85200.0,8500.0,2616800.0
498,2021-10-01 10:54:45,85100.0,100.0,2608300.0
499,2021-10-01 10:54:41,85200.0,8600.0,2608200.0
500,2021-10-01 10:54:35,85200.0,5400.0,2599600.0
501,2021-10-01 10:54:29,85100.0,2700.0,2594200.0
502,2021-10-01 10:54:18,85100.0,4000.0,2591500.0
503,2021-10-01 10:54:12,85100.0,5000.0,2587500.0
504,2021-10-01 10:53:52,85100.0,7800.0,2582500.0
505,2021-10-01 10:53:52,85000.0,7200.0,2574700.0
506,2021-10-01 10:53:37,85000.0,5600.0,2567500.0
507,2021-10-01 10:53:37,84900.0,2900.0,2561900.0
508,2021-10-01 10:53:32,84900.0,10000.0,2559000.0
509,2021-10-01 10:53:26,84900.0,6400.0,2549000.0
510,2021-10-01 10:53:21,84900.0,8500.0,2542600.0
511,2021-10-01 10:53:14,84900.0,10000.0,2534100.0
512,2021-10-01 10:52:58,85000.0,200.0,2524100.0
513,2021-10-01 10:52:58,85000.0,4300.0,2523900.0
514,2021-10-01 10:52:14,85000.0,200.0,2519600.0
515,2021-10-01 10:52:14,85000.0,5000.0,2519400.0
516,2021-10-01 10:52:14,85000.0,500.0,2514400.0
517,2021-10-01 10:51:49,85000.0,9700.0,2513900.0
518,2021-10-01 10:51:16,85000.0,9400.0,2504200.0
519,2021-10-01 10:51:16,85100.0,3400.0,2494800.0
520,2021-10-01 10:51:16,85100.0,4300.0,2491400.0
521,2021-10-01 10:51:07,85100.0,6000.0,2487100.0
522,2021-10-01 10:51:07,85200.0,13100.0,2481100.0
523,2021-10-01 10:51:07,85200.0,5900.0,2468000.0
524,2021-10-01 10:50:48,85200.0,11600.0,2462100.0
525,2021-10-01 10:50:42,85200.0,7900.0,2450500.0
526,2021-10-01 10:50:35,85300.0,7600.0,2442600.0
527,2021-10-01 10:50:35,85400.0,400.0,2435000.0
528,2021-10-01 10:50:24,85400.0,400.0,2434600.0
529,2021-10-01 10:50:16,85300.0,1000.0,2434200.0
530,2021-10-01 10:50:16,85300.0,6800.0,2433200.0
531,2021-10-01 10:50:06,85300.0,10000.0,2426400.0
532,2021-10-01 10:49:59,85200.0,500.0,2416400.0
533,2021-10-01 10:49:59,85200.0,100.0,2415900.0
534,2021-10-01 10:49:59,85200.0,100.0,2415800.0
535,2021-10-01 10:49:59,85200.0,8900.0,2415700.0
536,2021-10-01 10:49:48,85200.0,400.0,2406800.0
537,2021-10-01 10:49:45,85100.0,300.0,2406400.0
538,2021-10-01 10:49:45,85100.0,100.0,2406100.0
539,2021-10-01 10:49:45,85100.0,3800.0,2406000.0
540,2021-10-01 10:49:05,85000.0,3000.0,2402200.0
541,2021-10-01 10:49:02,85000.0,500.0,2399200.0
542,2021-10-01 10:48:49,85000.0,100.0,2398700.0
543,2021-10-01 10:48:49,85000.0,6200.0,2398600.0
544,2021-10-01 10:48:30,85000.0,10000.0,2392400.0
545,2021-10-01 10:47:52,84900.0,500.0,2382400.0
546,2021-10-01 10:47:49,84900.0,100.0,2381900.0
547,2021-10-01 10:47:49,84900.0,3000.0,2381800.0
548,2021-10-01 10:46:59,84900.0,4600.0,2378800.0
549,2021-10-01 10:45:31,84900.0,800.0,2374200.0
550,2021-10-01 10:44:29,84900.0,4400.0,2373400.0
551,2021-10-01 10:44:25,84900.0,8500.0,2369000.0
552,2021-10-01 10:44:25,84900.0,200.0,2360500.0
553,2021-10-01 10:44:25,84900.0,200.0,2360300.0
554,2021-10-01 10:44:25,84900.0,300.0,2360100.0
555,2021-10-01 10:44:25,84900.0,6300.0,2359800.0
556,2021-10-01 10:44:16,85000.0,5000.0,2353500.0
557,2021-10-01 10:44:15,85000.0,300.0,2348500.0
558,2021-10-01 10:44:09,84900.0,10000.0,2348200.0
559,2021-10-01 10:43:57,85100.0,100.0,2338200.0
560,2021-10-01 10:43:43,85100.0,200.0,2338100.0
561,2021-10-01 10:43:43,85100.0,14400.0,2337900.0
562,2021-10-01 10:43:32,85100.0,1700.0,2323500.0
563,2021-10-01 10:43:29,85200.0,200.0,2321800.0
564,2021-10-01 10:43:12,85200.0,100.0,2321600.0
565,2021-10-01 10:43:11,85100.0,300.0,2321500.0
566,2021-10-01 10:43:06,85100.0,200.0,2321200.0
567,2021-10-01 10:43:06,85100.0,10100.0,2321000.0
568,2021-10-01 10:43:06,85000.0,7000.0,2310900.0
569,2021-10-01 10:43:03,85000.0,300.0,2303900.0
570,2021-10-01 10:43:00,85000.0,8500.0,2303600.0
571,2021-10-01 10:42:53,85000.0,5000.0,2295100.0
572,2021-10-01 10:42:53,85000.0,500.0,2290100.0
573,2021-10-01 10:42:53,85000.0,200.0,2289600.0
574,2021-10-01 10:42:53,85000.0,100.0,2289400.0
575,2021-10-01 10:42:53,85000.0,700.0,2289300.0
576,2021-10-01 10:42:53,85000.0,400.0,2288600.0
577,2021-10-01 10:42:53,85000.0,4600.0,2288200.0
578,2021-10-01 10:42:48,85100.0,6300.0,2283600.0
579,2021-10-01 10:42:47,85100.0,200.0,2277300.0
580,2021-10-01 10:42:29,85100.0,10900.0,2277100.0
581,2021-10-01 10:42:10,85200.0,200.0,2266200.0
582,2021-10-01 10:42:05,85200.0,800.0,2266000.0
583,2021-10-01 10:41:54,85200.0,100.0,2265200.0
584,2021-10-01 10:41:37,85200.0,100.0,2265100.0
585,2021-10-01 10:40:20,85100.0,300.0,2265000.0
586,2021-10-01 10:40:03,85100.0,100.0,2264700.0
587,2021-10-01 10:40:03,85100.0,7200.0,2264600.0
588,2021-10-01 10:39:58,85100.0,8600.0,2257400.0
589,2021-10-01 10:39:38,85000.0,500.0,2248800.0
590,2021-10-01 10:38:37,85000.0,1000.0,2248300.0
591,2021-10-01 10:37:24,85000.0,200.0,2247300.0
592,2021-10-01 10:37:24,85000.0,12200.0,2247100.0
593,2021-10-01 10:37:01,85000.0,1200.0,2234900.0
594,2021-10-01 10:36:13,85000.0,2000.0,2233700.0
595,2021-10-01 10:36:13,85000.0,10100.0,2231700.0
596,2021-10-01 10:36:06,85000.0,5400.0,2221600.0
597,2021-10-01 10:36:06,85000.0,3100.0,2216200.0
598,2021-10-01 10:36:00,85000.0,14500.0,2213100.0
599,2021-10-01 10:35:41,85200.0,2600.0,2198600.0
600,2021-10-01 10:35:41,85100.0,3900.0,2196000.0
601,2021-10-01 10:35:40,85100.0,16100.0,2192100.0
602,2021-10-01 10:35:26,85100.0,400.0,2176000.0
603,2021-10-01 10:35:26,85100.0,300.0,2175600.0
604,2021-10-01 10:35:26,85100.0,100.0,2175300.0
605,2021-10-01 10:35:26,85100.0,4400.0,2175200.0
606,2021-10-01 10:35:21,85100.0,7500.0,2170800.0
607,2021-10-01 10:35:16,85000.0,300.0,2163300.0
608,2021-10-01 10:35:16,85000.0,600.0,2163000.0
609,2021-10-01 10:35:11,85000.0,6400.0,2162400.0
610,2021-10-01 10:34:53,85000.0,1800.0,2156000.0
611,2021-10-01 10:34:44,85000.0,700.0,2154200.0
612,2021-10-01 10:34:44,85000.0,300.0,2153500.0
613,2021-10-01 10:34:44,85000.0,11700.0,2153200.0
614,2021-10-01 10:34:42,85000.0,1000.0,2141500.0
615,2021-10-01 10:34:36,85000.0,8500.0,2140500.0
616,2021-10-01 10:34:22,85000.0,10000.0,2132000.0
617,2021-10-01 10:30:52,85100.0,200.0,2122000.0
618,2021-10-01 10:30:38,85100.0,16400.0,2121800.0
619,2021-10-01 10:30:37,85100.0,1000.0,2105400.0
620,2021-10-01 10:30:32,85100.0,7600.0,2104400.0
621,2021-10-01 10:30:32,85100.0,900.0,2096800.0
622,2021-10-01 10:30:26,85100.0,900.0,2095900.0
623,2021-10-01 10:30:26,85100.0,6600.0,2095000.0
624,2021-10-01 10:30:20,85200.0,5100.0,2088400.0
625,2021-10-01 10:30:12,85200.0,9400.0,2083300.0
626,2021-10-01 10:30:06,85300.0,100.0,2073900.0
627,2021-10-01 10:30:06,85300.0,100.0,2073800.0
628,2021-10-01 10:30:06,85300.0,100.0,2073700.0
629,2021-10-01 10:30:06,85300.0,11400.0,2073600.0
630,2021-10-01 10:29:45,85300.0,500.0,2062200.0
631,2021-10-01 10:27:06,85400.0,100.0,2061700.0
632,2021-10-01 10:26:51,85400.0,100.0,2061600.0
633,2021-10-01 10:26:30,85400.0,1700.0,2061500.0
634,2021-10-01 10:26:30,85400.0,100.0,2059800.0
635,2021-10-01 10:26:30,85400.0,7200.0,2059700.0
636,2021-10-01 10:26:06,85400.0,6300.0,2052500.0
637,2021-10-01 10:25:52,85400.0,5500.0,2046200.0
638,2021-10-01 10:25:26,85400.0,1000.0,2040700.0
639,2021-10-01 10:25:26,85400.0,4600.0,2039700.0
640,2021-10-01 10:25:22,85300.0,4400.0,2035100.0
641,2021-10-01 10:25:17,85300.0,5400.0,2030700.0
642,2021-10-01 10:25:12,85300.0,5600.0,2025300.0
643,2021-10-01 10:25:08,85200.0,3900.0,2019700.0
644,2021-10-01 10:25:03,85200.0,8500.0,2015800.0
645,2021-10-01 10:23:57,85100.0,8400.0,2007300.0
646,2021-10-01 10:23:57,85100.0,1600.0,1998900.0
647,2021-10-01 10:23:52,85100.0,10000.0,1997300.0
648,2021-10-01 10:23:28,85200.0,7500.0,1987300.0
649,2021-10-01 10:23:28,85300.0,1600.0,1979800.0
650,2021-10-01 10:23:22,85300.0,8400.0,1978200.0
651,2021-10-01 10:23:22,85300.0,100.0,1969800.0
652,2021-10-01 10:23:12,85400.0,500.0,1969700.0
653,2021-10-01 10:23:12,85400.0,3400.0,1969200.0
654,2021-10-01 10:23:12,85400.0,10000.0,1965800.0
655,2021-10-01 10:22:14,85500.0,3500.0,1955800.0
656,2021-10-01 10:21:34,85400.0,100.0,1952300.0
657,2021-10-01 10:21:34,85400.0,7800.0,1952200.0
658,2021-10-01 10:21:29,85400.0,5500.0,1944400.0
659,2021-10-01 10:21:23,85400.0,6300.0,1938900.0
660,2021-10-01 10:21:00,85300.0,100.0,1932600.0
661,2021-10-01 10:20:27,85300.0,1000.0,1932500.0
662,2021-10-01 10:20:27,85300.0,8600.0,1931500.0
663,2021-10-01 10:20:20,85300.0,5400.0,1922900.0
664,2021-10-01 10:20:15,85300.0,5600.0,1917500.0
665,2021-10-01 10:20:06,85200.0,200.0,1911900.0
666,2021-10-01 10:20:06,85200.0,9700.0,1911700.0
667,2021-10-01 10:20:00,85200.0,5000.0,1902000.0
668,2021-10-01 10:19:54,85200.0,100.0,1897000.0
669,2021-10-01 10:19:52,85100.0,100.0,1896900.0
670,2021-10-01 10:19:52,85100.0,6800.0,1896800.0
671,2021-10-01 10:19:51,85100.0,100.0,1890000.0
672,2021-10-01 10:19:49,85100.0,100.0,1889900.0
673,2021-10-01 10:19:46,85100.0,100.0,1889800.0
674,2021-10-01 10:19:44,85100.0,100.0,1889700.0
675,2021-10-01 10:19:41,85100.0,100.0,1889600.0
676,2021-10-01 10:19:36,85100.0,100.0,1889500.0
677,2021-10-01 10:19:36,85100.0,5700.0,1889400.0
678,2021-10-01 10:19:36,85000.0,1000.0,1883700.0
679,2021-10-01 10:19:36,85000.0,1200.0,1882700.0
680,2021-10-01 10:19:36,85000.0,5500.0,1881500.0
681,2021-10-01 10:19:32,85000.0,100.0,1876000.0
682,2021-10-01 10:19:30,85000.0,5000.0,1875900.0
683,2021-10-01 10:19:22,84900.0,1000.0,1870900.0
684,2021-10-01 10:19:08,85000.0,1000.0,1869900.0
685,2021-10-01 10:17:47,85000.0,1200.0,1868900.0
686,2021-10-01 10:17:44,85000.0,4500.0,1867700.0
687,2021-10-01 10:17:39,85100.0,12300.0,1863200.0
688,2021-10-01 10:17:32,85200.0,6700.0,1850900.0
689,2021-10-01 10:17:31,85200.0,200.0,1844200.0
690,2021-10-01 10:17:27,85200.0,6300.0,1844000.0
691,2021-10-01 10:17:20,85200.0,1000.0,1837700.0
692,2021-10-01 10:17:20,85200.0,100.0,1836700.0
693,2021-10-01 10:17:20,85200.0,3100.0,1836600.0
694,2021-10-01 10:17:03,85100.0,100.0,1833500.0
695,2021-10-01 10:17:01,85200.0,8300.0,1833400.0
696,2021-10-01 10:16:57,85100.0,100.0,1825100.0
697,2021-10-01 10:16:57,85100.0,200.0,1825000.0
698,2021-10-01 10:16:57,85100.0,7300.0,1824800.0
699,2021-10-01 10:16:10,85000.0,1000.0,1817500.0
700,2021-10-01 10:16:10,85000.0,9000.0,1816500.0
701,2021-10-01 10:15:53,85000.0,1000.0,1807500.0
702,2021-10-01 10:15:30,85000.0,100.0,1806500.0
703,2021-10-01 10:14:51,85000.0,300.0,1806400.0
704,2021-10-01 10:12:08,85000.0,9600.0,1806100.0
705,2021-10-01 10:12:03,85100.0,12700.0,1796500.0
706,2021-10-01 10:11:58,85200.0,2900.0,1783800.0
707,2021-10-01 10:11:53,85200.0,8500.0,1780900.0
708,2021-10-01 10:11:50,85300.0,400.0,1772400.0
709,2021-10-01 10:11:47,85300.0,5000.0,1772000.0
710,2021-10-01 10:11:46,85300.0,200.0,1767000.0
711,2021-10-01 10:11:30,85300.0,100.0,1766800.0
712,2021-10-01 10:11:30,85300.0,100.0,1766700.0
713,2021-10-01 10:11:30,85300.0,100.0,1766600.0
714,2021-10-01 10:11:30,85300.0,500.0,1766500.0
715,2021-10-01 10:11:30,85300.0,300.0,1766000.0
716,2021-10-01 10:11:30,85300.0,100.0,1765700.0
717,2021-10-01 10:11:30,85300.0,1000.0,1765600.0
718,2021-10-01 10:11:30,85300.0,6400.0,1764600.0
719,2021-10-01 10:11:22,85200.0,7100.0,1758200.0
720,2021-10-01 10:11:11,85100.0,300.0,1751100.0
721,2021-10-01 10:11:10,85100.0,200.0,1750800.0
722,2021-10-01 10:11:06,85200.0,5000.0,1750600.0
723,2021-10-01 10:11:01,85200.0,7400.0,1745600.0
724,2021-10-01 10:10:51,85200.0,500.0,1738200.0
725,2021-10-01 10:10:51,85200.0,100.0,1737700.0
726,2021-10-01 10:10:51,85200.0,100.0,1737600.0
727,2021-10-01 10:10:51,85200.0,100.0,1737500.0
728,2021-10-01 10:10:51,85200.0,200.0,1737400.0
729,2021-10-01 10:10:40,85200.0,800.0,1737200.0
730,2021-10-01 10:10:31,85200.0,3500.0,1736400.0
731,2021-10-01 10:10:31,85200.0,200.0,1732900.0
732,2021-10-01 10:10:31,85200.0,3300.0,1732700.0
733,2021-10-01 10:10:25,85100.0,300.0,1729400.0
734,2021-10-01 10:10:25,85200.0,6300.0,1729100.0
735,2021-10-01 10:10:18,85200.0,3500.0,1722800.0
736,2021-10-01 10:10:13,85100.0,100.0,1719300.0
737,2021-10-01 10:10:13,85100.0,100.0,1719200.0
738,2021-10-01 10:10:13,85100.0,1000.0,1719100.0
739,2021-10-01 10:10:13,85100.0,1000.0,1718100.0
740,2021-10-01 10:10:13,85100.0,4300.0,1717100.0
741,2021-10-01 10:10:08,85000.0,300.0,1712800.0
742,2021-10-01 10:10:07,85100.0,1000.0,1712500.0
743,2021-10-01 10:10:05,85100.0,7400.0,1711500.0
744,2021-10-01 10:09:56,85100.0,5000.0,1704100.0
745,2021-10-01 10:09:52,85000.0,100.0,1699100.0
746,2021-10-01 10:09:52,85000.0,100.0,1699000.0
747,2021-10-01 10:09:52,85000.0,100.0,1698900.0
748,2021-10-01 10:09:52,85000.0,100.0,1698800.0
749,2021-10-01 10:09:52,85000.0,300.0,1698700.0
750,2021-10-01 10:09:52,85000.0,4400.0,1698400.0
751,2021-10-01 10:09:22,85000.0,300.0,1694000.0
752,2021-10-01 10:09:21,85000.0,1000.0,1693700.0
753,2021-10-01 10:09:18,85000.0,100.0,1692700.0
754,2021-10-01 10:09:16,85000.0,100.0,1692600.0
755,2021-10-01 10:09:11,85000.0,100.0,1692500.0
756,2021-10-01 10:09:11,85000.0,4200.0,1692400.0
757,2021-10-01 10:09:08,85000.0,100.0,1688200.0
758,2021-10-01 10:09:05,85000.0,100.0,1688100.0
759,2021-10-01 10:09:02,85000.0,8500.0,1688000.0
760,2021-10-01 10:09:02,84900.0,6500.0,1679500.0
761,2021-10-01 10:08:57,84900.0,5000.0,1673000.0
762,2021-10-01 10:08:52,84900.0,8500.0,1668000.0
763,2021-10-01 10:08:29,84900.0,100.0,1659500.0
764,2021-10-01 10:08:29,84900.0,100.0,1659400.0
765,2021-10-01 10:08:29,84900.0,11300.0,1659300.0
766,2021-10-01 10:08:29,84800.0,2700.0,1648000.0
767,2021-10-01 10:08:04,84800.0,13100.0,1645300.0
768,2021-10-01 10:08:04,84700.0,6900.0,1632200.0
769,2021-10-01 10:08:00,84700.0,6300.0,1625300.0
770,2021-10-01 10:07:55,84700.0,5000.0,1619000.0
771,2021-10-01 10:07:18,84700.0,100.0,1614000.0
772,2021-10-01 10:07:10,84700.0,7100.0,1613900.0
773,2021-10-01 10:07:03,84800.0,5700.0,1606800.0
774,2021-10-01 10:06:44,84800.0,9200.0,1601100.0
775,2021-10-01 10:06:34,84700.0,500.0,1591900.0
776,2021-10-01 10:06:34,84700.0,7700.0,1591400.0
777,2021-10-01 10:06:34,84700.0,100.0,1583700.0
778,2021-10-01 10:06:29,84700.0,8500.0,1583600.0
779,2021-10-01 10:06:24,84700.0,8500.0,1575100.0
780,2021-10-01 10:06:18,84700.0,200.0,1566600.0
781,2021-10-01 10:06:09,84800.0,100.0,1566400.0
782,2021-10-01 10:06:05,84800.0,100.0,1566300.0
783,2021-10-01 10:06:03,84800.0,100.0,1566200.0
784,2021-10-01 10:05:59,84800.0,100.0,1566100.0
785,2021-10-01 10:05:57,84800.0,100.0,1566000.0
786,2021-10-01 10:05:53,84800.0,100.0,1565900.0
787,2021-10-01 10:05:49,84800.0,100.0,1565800.0
788,2021-10-01 10:05:46,84800.0,100.0,1565700.0
789,2021-10-01 10:05:35,84800.0,1900.0,1565600.0
790,2021-10-01 10:05:35,84700.0,8100.0,1563700.0
791,2021-10-01 10:04:54,84700.0,600.0,1555600.0
792,2021-10-01 10:04:54,84700.0,11300.0,1555000.0
793,2021-10-01 10:04:49,84800.0,9600.0,1543700.0
794,2021-10-01 10:04:45,84800.0,8300.0,1534100.0
795,2021-10-01 10:04:21,84800.0,4100.0,1525800.0
796,2021-10-01 10:04:13,84700.0,7200.0,1521700.0
797,2021-10-01 10:04:08,84700.0,8400.0,1514500.0
798,2021-10-01 10:04:03,84700.0,100.0,1506100.0
799,2021-10-01 10:03:54,84700.0,200.0,1506000.0
800,2021-10-01 10:03:54,84700.0,500.0,1505800.0
801,2021-10-01 10:03:54,84700.0,100.0,1505300.0
802,2021-10-01 10:03:54,84700.0,8500.0,1505200.0
803,2021-10-01 10:03:51,84700.0,100.0,1496700.0
804,2021-10-01 10:03:37,84700.0,8500.0,1496600.0
805,2021-10-01 10:03:30,84700.0,200.0,1488100.0
806,2021-10-01 10:03:24,84800.0,2000.0,1487900.0
807,2021-10-01 10:03:16,84800.0,13900.0,1485900.0
808,2021-10-01 10:03:07,84800.0,1100.0,1472000.0
809,2021-10-01 10:03:07,84800.0,7400.0,1470900.0
810,2021-10-01 10:02:49,84800.0,8000.0,1463500.0
811,2021-10-01 10:02:49,84800.0,500.0,1455500.0
812,2021-10-01 10:02:44,84900.0,10200.0,1455000.0
813,2021-10-01 10:02:39,84900.0,5600.0,1444800.0
814,2021-10-01 10:02:35,85000.0,8600.0,1439200.0
815,2021-10-01 10:02:02,85000.0,6400.0,1430600.0
816,2021-10-01 10:01:57,85000.0,1300.0,1424200.0
817,2021-10-01 10:01:57,85000.0,8700.0,1422900.0
818,2021-10-01 10:00:56,84800.0,2400.0,1414200.0
819,2021-10-01 10:00:56,84900.0,5000.0,1411800.0
820,2021-10-01 10:00:56,84900.0,7600.0,1406800.0
821,2021-10-01 10:00:39,84900.0,10000.0,1399200.0
822,2021-10-01 10:00:36,85000.0,400.0,1389200.0
823,2021-10-01 10:00:23,85000.0,10900.0,1388800.0
824,2021-10-01 10:00:01,85000.0,100.0,1377900.0
825,2021-10-01 10:00:01,85000.0,600.0,1377800.0
826,2021-10-01 10:00:01,85000.0,7700.0,1377200.0
827,2021-10-01 09:59:56,84900.0,8700.0,1369500.0
828,2021-10-01 09:59:51,84800.0,300.0,1360800.0
829,2021-10-01 09:59:51,84800.0,4600.0,1360500.0
830,2021-10-01 09:59:45,84800.0,8400.0,1355900.0
831,2021-10-01 09:58:03,84800.0,100.0,1347500.0
832,2021-10-01 09:57:57,84800.0,100.0,1347400.0
833,2021-10-01 09:57:57,84800.0,1000.0,1347300.0
834,2021-10-01 09:57:57,84800.0,200.0,1346300.0
835,2021-10-01 09:57:57,84800.0,100.0,1346100.0
836,2021-10-01 09:57:57,84800.0,500.0,1346000.0
837,2021-10-01 09:57:55,84900.0,400.0,1345500.0
838,2021-10-01 09:57:52,84800.0,4500.0,1345100.0
839,2021-10-01 09:57:52,84800.0,5000.0,1340600.0
840,2021-10-01 09:57:52,84800.0,5500.0,1335600.0
841,2021-10-01 09:57:47,84800.0,8600.0,1330100.0
842,2021-10-01 09:57:40,84800.0,7400.0,1321500.0
843,2021-10-01 09:57:39,84900.0,1000.0,1314100.0
844,2021-10-01 09:57:37,84900.0,400.0,1313100.0
845,2021-10-01 09:57:35,84900.0,8000.0,1312700.0
846,2021-10-01 09:57:28,84900.0,7400.0,1304700.0
847,2021-10-01 09:57:22,85000.0,400.0,1297300.0
848,2021-10-01 09:57:21,85000.0,5000.0,1296900.0
849,2021-10-01 09:57:21,85000.0,5300.0,1291900.0
850,2021-10-01 09:57:15,85000.0,8500.0,1286600.0
851,2021-10-01 09:57:09,85100.0,3800.0,1278100.0
852,2021-10-01 09:57:09,85200.0,400.0,1274300.0
853,2021-10-01 09:56:57,85200.0,100.0,1273900.0
854,2021-10-01 09:56:54,85200.0,2700.0,1273800.0
855,2021-10-01 09:56:53,85200.0,100.0,1271100.0
856,2021-10-01 09:56:50,85200.0,100.0,1271000.0
857,2021-10-01 09:56:47,85100.0,100.0,1270900.0
858,2021-10-01 09:56:47,85100.0,200.0,1270800.0
859,2021-10-01 09:56:47,85100.0,100.0,1270600.0
860,2021-10-01 09:56:47,85100.0,1000.0,1270500.0
861,2021-10-01 09:56:47,85100.0,500.0,1269500.0
862,2021-10-01 09:56:47,85100.0,4300.0,1269000.0
863,2021-10-01 09:56:47,85100.0,100.0,1264700.0
864,2021-10-01 09:56:42,85100.0,5000.0,1264600.0
865,2021-10-01 09:56:42,85100.0,100.0,1259600.0
866,2021-10-01 09:56:41,85100.0,400.0,1259500.0
867,2021-10-01 09:56:38,85100.0,100.0,1259100.0
868,2021-10-01 09:56:34,85100.0,100.0,1259000.0
869,2021-10-01 09:56:34,85100.0,400.0,1258900.0
870,2021-10-01 09:56:32,85100.0,4500.0,1258500.0
871,2021-10-01 09:56:30,85100.0,100.0,1254000.0
872,2021-10-01 09:56:26,85100.0,700.0,1253900.0
873,2021-10-01 09:56:26,85100.0,1600.0,1253200.0
874,2021-10-01 09:56:22,85100.0,400.0,1251600.0
875,2021-10-01 09:56:20,85000.0,5600.0,1251200.0
876,2021-10-01 09:56:19,85000.0,200.0,1245600.0
877,2021-10-01 09:56:15,85000.0,5800.0,1245400.0
878,2021-10-01 09:56:14,85000.0,400.0,1239600.0
879,2021-10-01 09:56:06,85000.0,100.0,1239200.0
880,2021-10-01 09:56:04,85000.0,5000.0,1239100.0
881,2021-10-01 09:56:04,85000.0,200.0,1234100.0
882,2021-10-01 09:56:04,85000.0,1000.0,1233900.0
883,2021-10-01 09:56:04,85000.0,2000.0,1232900.0
884,2021-10-01 09:56:04,85000.0,1200.0,1230900.0
885,2021-10-01 09:56:04,85100.0,100.0,1229700.0
886,2021-10-01 09:56:01,85100.0,100.0,1229600.0
887,2021-10-01 09:55:56,85100.0,100.0,1229500.0
888,2021-10-01 09:55:53,85100.0,400.0,1229400.0
889,2021-10-01 09:55:53,85100.0,100.0,1229000.0
890,2021-10-01 09:55:49,85100.0,100.0,1228900.0
891,2021-10-01 09:55:42,85100.0,100.0,1228800.0
892,2021-10-01 09:55:40,85100.0,400.0,1228700.0
893,2021-10-01 09:55:39,85100.0,100.0,1228300.0
894,2021-10-01 09:55:33,85100.0,200.0,1228200.0
895,2021-10-01 09:55:27,85100.0,400.0,1228000.0
896,2021-10-01 09:55:14,85000.0,100.0,1227600.0
897,2021-10-01 09:55:09,85100.0,400.0,1227500.0
898,2021-10-01 09:54:48,85100.0,400.0,1227100.0
899,2021-10-01 09:54:19,85000.0,300.0,1226700.0
900,2021-10-01 09:54:13,85000.0,5000.0,1226400.0
901,2021-10-01 09:53:38,85000.0,500.0,1221400.0
902,2021-10-01 09:53:33,85000.0,100.0,1220900.0
903,2021-10-01 09:53:04,85000.0,100.0,1220800.0
904,2021-10-01 09:53:04,85000.0,500.0,1220700.0
905,2021-10-01 09:53:04,85000.0,200.0,1220200.0
906,2021-10-01 09:53:04,85000.0,300.0,1220000.0
907,2021-10-01 09:53:04,85000.0,6800.0,1219700.0
908,2021-10-01 09:53:04,85000.0,1400.0,1212900.0
909,2021-10-01 09:52:58,85000.0,8500.0,1211500.0
910,2021-10-01 09:52:53,85000.0,8500.0,1203000.0
911,2021-10-01 09:49:54,85000.0,10100.0,1194500.0
912,2021-10-01 09:49:54,84900.0,3400.0,1184400.0
913,2021-10-01 09:49:49,84900.0,8500.0,1181000.0
914,2021-10-01 09:49:35,84900.0,7300.0,1172500.0
915,2021-10-01 09:49:35,85000.0,10800.0,1165200.0
916,2021-10-01 09:49:20,85000.0,300.0,1154400.0
917,2021-10-01 09:49:10,85000.0,600.0,1154100.0
918,2021-10-01 09:49:06,85000.0,100.0,1153500.0
919,2021-10-01 09:49:06,85000.0,100.0,1153400.0
920,2021-10-01 09:49:06,85000.0,1000.0,1153300.0
921,2021-10-01 09:49:06,85000.0,500.0,1152300.0
922,2021-10-01 09:49:06,85000.0,100.0,1151800.0
923,2021-10-01 09:49:06,85000.0,100.0,1151700.0
924,2021-10-01 09:49:06,85000.0,7900.0,1151600.0
925,2021-10-01 09:49:00,85000.0,7600.0,1143700.0
926,2021-10-01 09:48:48,84900.0,100.0,1136100.0
927,2021-10-01 09:48:48,84900.0,500.0,1136000.0
928,2021-10-01 09:48:48,84900.0,100.0,1135500.0
929,2021-10-01 09:48:48,84900.0,7000.0,1135400.0
930,2021-10-01 09:48:43,84900.0,10500.0,1128400.0
931,2021-10-01 09:48:43,84800.0,100.0,1117900.0
932,2021-10-01 09:48:43,84800.0,4400.0,1117800.0
933,2021-10-01 09:48:37,84800.0,8500.0,1113400.0
934,2021-10-01 09:48:21,84800.0,5000.0,1104900.0
935,2021-10-01 09:48:21,84800.0,200.0,1099900.0
936,2021-10-01 09:48:21,84800.0,1900.0,1099700.0
937,2021-10-01 09:48:14,84800.0,2100.0,1097800.0
938,2021-10-01 09:48:14,84800.0,700.0,1095700.0
939,2021-10-01 09:48:14,84800.0,1300.0,1095000.0
940,2021-10-01 09:48:14,84800.0,14400.0,1093700.0
941,2021-10-01 09:48:08,84800.0,10000.0,1079300.0
942,2021-10-01 09:47:53,84900.0,7500.0,1069300.0
943,2021-10-01 09:47:53,84900.0,2400.0,1061800.0
944,2021-10-01 09:47:36,84800.0,400.0,1059400.0
945,2021-10-01 09:47:35,84900.0,8500.0,1059000.0
946,2021-10-01 09:46:24,84900.0,6600.0,1050500.0
947,2021-10-01 09:46:17,84900.0,10000.0,1043900.0
948,2021-10-01 09:45:00,85000.0,3000.0,1033900.0
949,2021-10-01 09:44:55,84900.0,900.0,1030900.0
950,2021-10-01 09:44:55,85000.0,500.0,1030000.0
951,2021-10-01 09:44:50,85000.0,100.0,1029500.0
952,2021-10-01 09:44:41,85000.0,200.0,1029400.0
953,2021-10-01 09:44:41,85000.0,200.0,1029200.0
954,2021-10-01 09:44:41,85000.0,9000.0,1029000.0
955,2021-10-01 09:43:58,85000.0,500.0,1020000.0
956,2021-10-01 09:43:58,85000.0,100.0,1019500.0
957,2021-10-01 09:43:58,85000.0,400.0,1019400.0
958,2021-10-01 09:43:58,85000.0,100.0,1019000.0
959,2021-10-01 09:43:58,85000.0,8300.0,1018900.0
960,2021-10-01 09:43:28,84800.0,100.0,1010600.0
961,2021-10-01 09:43:06,85000.0,10600.0,1010500.0
962,2021-10-01 09:43:06,84900.0,4400.0,999900.0
963,2021-10-01 09:43:00,84900.0,10000.0,995500.0
964,2021-10-01 09:42:51,84900.0,6300.0,985500.0
965,2021-10-01 09:42:08,84800.0,3500.0,979200.0
966,2021-10-01 09:42:08,84700.0,100.0,975700.0
967,2021-10-01 09:42:08,84700.0,500.0,975600.0
968,2021-10-01 09:41:56,84700.0,1000.0,975100.0
969,2021-10-01 09:41:47,84700.0,9600.0,974100.0
970,2021-10-01 09:41:26,84700.0,300.0,964500.0
971,2021-10-01 09:41:26,84700.0,5000.0,964200.0
972,2021-10-01 09:41:26,84700.0,8600.0,959200.0
973,2021-10-01 09:41:20,84700.0,5500.0,950600.0
974,2021-10-01 09:41:15,84700.0,6500.0,945100.0
975,2021-10-01 09:41:02,84800.0,4000.0,938600.0
976,2021-10-01 09:40:56,84800.0,200.0,934600.0
977,2021-10-01 09:40:56,84800.0,100.0,934400.0
978,2021-10-01 09:40:56,84800.0,8500.0,934300.0
979,2021-10-01 09:40:51,84800.0,10000.0,925800.0
980,2021-10-01 09:40:40,84900.0,800.0,915800.0
981,2021-10-01 09:40:37,84900.0,200.0,915000.0
982,2021-10-01 09:40:37,84900.0,6500.0,914800.0
983,2021-10-01 09:40:35,84900.0,6300.0,908300.0
984,2021-10-01 09:40:30,85000.0,100.0,902000.0
985,2021-10-01 09:40:30,85000.0,200.0,901900.0
986,2021-10-01 09:40:30,85000.0,300.0,901700.0
987,2021-10-01 09:40:30,85000.0,100.0,901400.0
988,2021-10-01 09:40:30,85000.0,1000.0,901300.0
989,2021-10-01 09:40:30,85000.0,900.0,900300.0
990,2021-10-01 09:40:13,85100.0,500.0,899400.0
991,2021-10-01 09:39:49,85100.0,400.0,898900.0
992,2021-10-01 09:39:22,85100.0,1200.0,898500.0
993,2021-10-01 09:39:22,85100.0,3500.0,897300.0
994,2021-10-01 09:39:00,85100.0,400.0,893800.0
995,2021-10-01 09:38:29,85100.0,400.0,893400.0
996,2021-10-01 09:38:25,85100.0,6600.0,893000.0
997,2021-10-01 09:38:20,85100.0,100.0,886400.0
998,2021-10-01 09:38:16,85000.0,6100.0,886300.0
999,2021-10-01 09:38:15,85100.0,3000.0,880200.0
1000,2021-10-01 09:38:10,85000.0,500.0,877200.0
1001,2021-10-01 09:38:10,85100.0,2100.0,876700.0
1002,2021-10-01 09:38:05,85100.0,1300.0,874600.0
1003,2021-10-01 09:38:00,85000.0,100.0,873300.0
1004,2021-10-01 09:38:00,85000.0,100.0,873200.0
1005,2021-10-01 09:38:00,85000.0,200.0,873100.0
1006,2021-10-01 09:38:00,85000.0,100.0,872900.0
1007,2021-10-01 09:38:00,85000.0,300.0,872800.0
1008,2021-10-01 09:38:00,85000.0,100.0,872500.0
1009,2021-10-01 09:38:00,85000.0,1600.0,872400.0
1010,2021-10-01 09:37:55,84900.0,4400.0,870800.0
1011,2021-10-01 09:37:54,85000.0,100.0,866400.0
1012,2021-10-01 09:37:42,85000.0,400.0,866300.0
1013,2021-10-01 09:37:28,84900.0,200.0,865900.0
1014,2021-10-01 09:37:23,84900.0,100.0,865700.0
1015,2021-10-01 09:37:19,84900.0,100.0,865600.0
1016,2021-10-01 09:37:15,84900.0,100.0,865500.0
1017,2021-10-01 09:37:14,84900.0,300.0,865400.0
1018,2021-10-01 09:37:14,84800.0,100.0,865100.0
1019,2021-10-01 09:37:11,84800.0,100.0,865000.0
1020,2021-10-01 09:37:06,84800.0,100.0,864900.0
1021,2021-10-01 09:37:02,85000.0,100.0,864800.0
1022,2021-10-01 09:37:02,85000.0,400.0,864700.0
1023,2021-10-01 09:37:01,85000.0,2400.0,864300.0
1024,2021-10-01 09:37:01,85000.0,200.0,861900.0
1025,2021-10-01 09:37:01,85000.0,200.0,861700.0
1026,2021-10-01 09:37:01,85000.0,500.0,861500.0
1027,2021-10-01 09:37:01,85000.0,200.0,861000.0
1028,2021-10-01 09:37:01,85000.0,1000.0,860800.0
1029,2021-10-01 09:37:01,85000.0,200.0,859800.0
1030,2021-10-01 09:37:01,85000.0,100.0,859600.0
1031,2021-10-01 09:37:01,85000.0,100.0,859500.0
1032,2021-10-01 09:37:01,85000.0,700.0,859400.0
1033,2021-10-01 09:37:01,84900.0,5700.0,858700.0
1034,2021-10-01 09:37:01,84900.0,6400.0,853000.0
1035,2021-10-01 09:37:01,84900.0,5500.0,846600.0
1036,2021-10-01 09:37:01,84800.0,900.0,841100.0
1037,2021-10-01 09:37:01,84800.0,4100.0,840200.0
1038,2021-10-01 09:37:01,84800.0,2300.0,836100.0
1039,2021-10-01 09:36:59,84800.0,200.0,833800.0
1040,2021-10-01 09:36:59,84800.0,100.0,833600.0
1041,2021-10-01 09:36:55,84800.0,100.0,833500.0
1042,2021-10-01 09:36:45,84800.0,400.0,833400.0
1043,2021-10-01 09:36:40,84800.0,200.0,833000.0
1044,2021-10-01 09:36:32,84800.0,400.0,832800.0
1045,2021-10-01 09:36:30,84800.0,100.0,832400.0
1046,2021-10-01 09:36:30,84800.0,5700.0,832300.0
1047,2021-10-01 09:36:30,84800.0,6100.0,826600.0
1048,2021-10-01 09:36:25,84900.0,3900.0,820500.0
1049,2021-10-01 09:36:17,84900.0,500.0,816600.0
1050,2021-10-01 09:36:17,84900.0,200.0,816100.0
1051,2021-10-01 09:36:17,84900.0,5200.0,815900.0
1052,2021-10-01 09:36:17,84900.0,5200.0,810700.0
1053,2021-10-01 09:36:17,84900.0,5200.0,805500.0
1054,2021-10-01 09:36:17,84900.0,5200.0,800300.0
1055,2021-10-01 09:36:16,84900.0,400.0,795100.0
1056,2021-10-01 09:36:00,84900.0,400.0,794700.0
1057,2021-10-01 09:35:51,84900.0,600.0,794300.0
1058,2021-10-01 09:35:42,84900.0,100.0,793700.0
1059,2021-10-01 09:35:38,84900.0,100.0,793600.0
1060,2021-10-01 09:35:34,84900.0,100.0,793500.0
1061,2021-10-01 09:35:31,84900.0,100.0,793400.0
1062,2021-10-01 09:35:28,84900.0,100.0,793300.0
1063,2021-10-01 09:35:24,84900.0,100.0,793200.0
1064,2021-10-01 09:35:23,84900.0,400.0,793100.0
1065,2021-10-01 09:35:20,84900.0,100.0,792700.0
1066,2021-10-01 09:35:18,84800.0,300.0,792600.0
1067,2021-10-01 09:35:18,84800.0,6400.0,792300.0
1068,2021-10-01 09:35:16,84800.0,100.0,785900.0
1069,2021-10-01 09:35:12,84800.0,100.0,785800.0
1070,2021-10-01 09:35:07,84800.0,5500.0,785700.0
1071,2021-10-01 09:35:07,84800.0,6100.0,780200.0
1072,2021-10-01 09:35:07,84700.0,400.0,774100.0
1073,2021-10-01 09:35:07,84700.0,6500.0,773700.0
1074,2021-10-01 09:35:07,84700.0,6500.0,767200.0
1075,2021-10-01 09:34:51,84700.0,100.0,760700.0
1076,2021-10-01 09:34:49,84700.0,100.0,760600.0
1077,2021-10-01 09:34:47,84700.0,400.0,760500.0
1078,2021-10-01 09:34:46,84700.0,100.0,760100.0
1079,2021-10-01 09:34:43,84700.0,100.0,760000.0
1080,2021-10-01 09:34:39,84700.0,100.0,759900.0
1081,2021-10-01 09:34:35,84700.0,100.0,759800.0
1082,2021-10-01 09:34:33,84700.0,100.0,759700.0
1083,2021-10-01 09:34:29,84700.0,100.0,759600.0
1084,2021-10-01 09:34:26,84700.0,100.0,759500.0
1085,2021-10-01 09:34:23,84700.0,500.0,759400.0
1086,2021-10-01 09:34:21,84700.0,400.0,758900.0
1087,2021-10-01 09:34:18,84700.0,600.0,758500.0
1088,2021-10-01 09:34:10,84700.0,100.0,757900.0
1089,2021-10-01 09:34:08,84900.0,2100.0,757800.0
1090,2021-10-01 09:34:04,85000.0,100.0,755700.0
1091,2021-10-01 09:34:02,85000.0,100.0,755600.0
1092,2021-10-01 09:34:00,85000.0,400.0,755500.0
1093,2021-10-01 09:33:59,85000.0,100.0,755100.0
1094,2021-10-01 09:33:57,85000.0,100.0,755000.0
1095,2021-10-01 09:33:56,84900.0,100.0,754900.0
1096,2021-10-01 09:33:56,84900.0,400.0,754800.0
1097,2021-10-01 09:33:56,84900.0,4600.0,754400.0
1098,2021-10-01 09:33:56,84900.0,100.0,749800.0
1099,2021-10-01 09:33:56,84900.0,100.0,749700.0
1100,2021-10-01 09:33:56,84900.0,100.0,749600.0
1101,2021-10-01 09:33:56,84900.0,700.0,749500.0
1102,2021-10-01 09:33:56,84900.0,5600.0,748800.0
1103,2021-10-01 09:33:56,84900.0,5600.0,743200.0
1104,2021-10-01 09:33:56,84900.0,5200.0,737600.0
1105,2021-10-01 09:33:56,84700.0,400.0,732400.0
1106,2021-10-01 09:33:56,84700.0,500.0,732000.0
1107,2021-10-01 09:33:54,84700.0,100.0,731500.0
1108,2021-10-01 09:33:54,84700.0,4000.0,731400.0
1109,2021-10-01 09:33:50,84900.0,100.0,727400.0
1110,2021-10-01 09:33:47,84900.0,100.0,727300.0
1111,2021-10-01 09:33:44,84900.0,400.0,727200.0
1112,2021-10-01 09:33:42,84600.0,5000.0,726800.0
1113,2021-10-01 09:33:26,84900.0,400.0,721800.0
1114,2021-10-01 09:33:22,84900.0,600.0,721400.0
1115,2021-10-01 09:33:14,84900.0,2400.0,720800.0
1116,2021-10-01 09:33:14,84800.0,1100.0,718400.0
1117,2021-10-01 09:33:14,84800.0,3500.0,717300.0
1118,2021-10-01 09:33:09,84800.0,300.0,713800.0
1119,2021-10-01 09:33:09,84700.0,100.0,713500.0
1120,2021-10-01 09:33:03,84700.0,2000.0,713400.0
1121,2021-10-01 09:33:02,84700.0,400.0,711400.0
1122,2021-10-01 09:33:00,84700.0,3000.0,711000.0
1123,2021-10-01 09:33:00,84700.0,5400.0,708000.0
1124,2021-10-01 09:33:00,84700.0,4900.0,702600.0
1125,2021-10-01 09:32:56,84700.0,500.0,697700.0
1126,2021-10-01 09:32:56,84700.0,5400.0,697200.0
1127,2021-10-01 09:32:56,84700.0,4100.0,691800.0
1128,2021-10-01 09:32:55,84800.0,400.0,687700.0
1129,2021-10-01 09:32:52,84800.0,400.0,687300.0
1130,2021-10-01 09:32:51,84800.0,5000.0,686900.0
1131,2021-10-01 09:32:50,84800.0,2000.0,681900.0
1132,2021-10-01 09:32:50,84800.0,5600.0,679900.0
1133,2021-10-01 09:32:50,84800.0,3200.0,674300.0
1134,2021-10-01 09:32:47,84900.0,100.0,671100.0
1135,2021-10-01 09:32:45,84900.0,100.0,671000.0
1136,2021-10-01 09:32:42,84900.0,100.0,670900.0
1137,2021-10-01 09:32:40,84900.0,100.0,670800.0
1138,2021-10-01 09:32:37,84900.0,100.0,670700.0
1139,2021-10-01 09:32:36,84900.0,700.0,670600.0
1140,2021-10-01 09:32:35,84900.0,400.0,669900.0
1141,2021-10-01 09:32:35,84800.0,1400.0,669500.0
1142,2021-10-01 09:32:35,84800.0,1000.0,668100.0
1143,2021-10-01 09:32:35,84800.0,500.0,667100.0
1144,2021-10-01 09:32:35,84800.0,1500.0,666600.0
1145,2021-10-01 09:32:35,84800.0,1500.0,665100.0
1146,2021-10-01 09:32:35,84800.0,1500.0,663600.0
1147,2021-10-01 09:32:35,84800.0,600.0,662100.0
1148,2021-10-01 09:32:35,84800.0,900.0,661500.0
1149,2021-10-01 09:32:35,84800.0,1500.0,660600.0
1150,2021-10-01 09:32:35,84800.0,1500.0,659100.0
1151,2021-10-01 09:32:35,84800.0,1500.0,657600.0
1152,2021-10-01 09:32:35,84800.0,200.0,656100.0
1153,2021-10-01 09:32:35,84800.0,1300.0,655900.0
1154,2021-10-01 09:32:35,84800.0,1500.0,654600.0
1155,2021-10-01 09:32:35,84800.0,1500.0,653100.0
1156,2021-10-01 09:32:35,84800.0,1300.0,651600.0
1157,2021-10-01 09:32:34,84800.0,100.0,650300.0
1158,2021-10-01 09:32:30,84800.0,100.0,650200.0
1159,2021-10-01 09:32:27,84800.0,100.0,650100.0
1160,2021-10-01 09:32:25,84800.0,400.0,650000.0
1161,2021-10-01 09:32:16,84700.0,1300.0,649600.0
1162,2021-10-01 09:32:16,84700.0,1800.0,648300.0
1163,2021-10-01 09:32:16,84700.0,2400.0,646500.0
1164,2021-10-01 09:32:16,84600.0,1200.0,644100.0
1165,2021-10-01 09:32:06,84600.0,100.0,642900.0
1166,2021-10-01 09:32:06,84600.0,1000.0,642800.0
1167,2021-10-01 09:32:06,84600.0,1000.0,641800.0
1168,2021-10-01 09:32:03,84600.0,100.0,640800.0
1169,2021-10-01 09:32:00,84600.0,100.0,640700.0
1170,2021-10-01 09:31:58,84600.0,100.0,640600.0
1171,2021-10-01 09:31:54,84600.0,100.0,640500.0
1172,2021-10-01 09:31:51,84600.0,100.0,640400.0
1173,2021-10-01 09:31:49,84600.0,100.0,640300.0
1174,2021-10-01 09:31:45,84600.0,100.0,640200.0
1175,2021-10-01 09:31:43,84600.0,400.0,640100.0
1176,2021-10-01 09:31:41,84600.0,3300.0,639700.0
1177,2021-10-01 09:31:41,84600.0,1700.0,636400.0
1178,2021-10-01 09:31:41,84600.0,3700.0,634700.0
1179,2021-10-01 09:31:41,84600.0,1300.0,631000.0
1180,2021-10-01 09:31:41,84600.0,4100.0,629700.0
1181,2021-10-01 09:31:33,84700.0,100.0,625600.0
1182,2021-10-01 09:31:33,84700.0,3000.0,625500.0
1183,2021-10-01 09:31:33,84700.0,800.0,622500.0
1184,2021-10-01 09:31:33,84700.0,3700.0,621700.0
1185,2021-10-01 09:31:33,84700.0,2600.0,618000.0
1186,2021-10-01 09:31:33,84700.0,1900.0,615400.0
1187,2021-10-01 09:31:33,84700.0,4400.0,613500.0
1188,2021-10-01 09:31:33,84700.0,100.0,609100.0
1189,2021-10-01 09:31:33,84700.0,4500.0,609000.0
1190,2021-10-01 09:31:33,84700.0,1700.0,604500.0
1191,2021-10-01 09:31:24,84800.0,100.0,602800.0
1192,2021-10-01 09:31:20,84800.0,100.0,602700.0
1193,2021-10-01 09:31:17,84800.0,800.0,602600.0
1194,2021-10-01 09:31:17,84800.0,1500.0,601800.0
1195,2021-10-01 09:31:17,84800.0,1500.0,600300.0
1196,2021-10-01 09:31:17,84800.0,1500.0,598800.0
1197,2021-10-01 09:31:17,84900.0,100.0,597300.0
1198,2021-10-01 09:31:14,84900.0,400.0,597200.0
1199,2021-10-01 09:31:13,84900.0,100.0,596800.0
1200,2021-10-01 09:31:10,84900.0,100.0,596700.0
1201,2021-10-01 09:31:06,84900.0,100.0,596600.0
1202,2021-10-01 09:30:57,84900.0,100.0,596500.0
1203,2021-10-01 09:30:54,84900.0,100.0,596400.0
1204,2021-10-01 09:30:48,84900.0,400.0,596300.0
1205,2021-10-01 09:30:36,84900.0,400.0,595900.0
1206,2021-10-01 09:30:23,84800.0,100.0,595500.0
1207,2021-10-01 09:30:23,84800.0,100.0,595400.0
1208,2021-10-01 09:30:23,84800.0,3700.0,595300.0
1209,2021-10-01 09:30:23,84800.0,5400.0,591600.0
1210,2021-10-01 09:30:23,84800.0,5400.0,586200.0
1211,2021-10-01 09:30:10,84700.0,400.0,580800.0
1212,2021-10-01 09:30:06,84800.0,400.0,580400.0
1213,2021-10-01 09:30:00,84700.0,2400.0,580000.0
1214,2021-10-01 09:30:00,84700.0,4500.0,577600.0
1215,2021-10-01 09:29:50,84700.0,100.0,573100.0
1216,2021-10-01 09:29:50,84700.0,2000.0,573000.0
1217,2021-10-01 09:29:49,84600.0,900.0,571000.0
1218,2021-10-01 09:29:49,84600.0,5000.0,570100.0
1219,2021-10-01 09:29:49,84600.0,3400.0,565100.0
1220,2021-10-01 09:29:49,84500.0,400.0,561700.0
1221,2021-10-01 09:29:49,84500.0,1200.0,561300.0
1222,2021-10-01 09:29:49,84500.0,2000.0,560100.0
1223,2021-10-01 09:29:49,84500.0,3000.0,558100.0
1224,2021-10-01 09:29:48,84500.0,600.0,555100.0
1225,2021-10-01 09:29:48,84500.0,3600.0,554500.0
1226,2021-10-01 09:29:48,84500.0,1000.0,550900.0
1227,2021-10-01 09:29:48,84500.0,100.0,549900.0
1228,2021-10-01 09:29:43,84500.0,100.0,549800.0
1229,2021-10-01 09:29:40,84500.0,100.0,549700.0
1230,2021-10-01 09:29:38,84500.0,100.0,549600.0
1231,2021-10-01 09:29:34,84500.0,100.0,549500.0
1232,2021-10-01 09:29:32,84500.0,100.0,549400.0
1233,2021-10-01 09:29:30,84500.0,400.0,549300.0
1234,2021-10-01 09:29:29,84500.0,100.0,548900.0
1235,2021-10-01 09:29:29,84500.0,300.0,548800.0
1236,2021-10-01 09:29:27,84500.0,500.0,548500.0
1237,2021-10-01 09:29:26,84500.0,100.0,548000.0
1238,2021-10-01 09:29:20,84500.0,600.0,547900.0
1239,2021-10-01 09:29:19,84500.0,300.0,547300.0
1240,2021-10-01 09:29:17,84500.0,1300.0,547000.0
1241,2021-10-01 09:29:17,84500.0,2000.0,545700.0
1242,2021-10-01 09:29:17,84500.0,3000.0,543700.0
1243,2021-10-01 09:29:17,84500.0,600.0,540700.0
1244,2021-10-01 09:29:17,84500.0,3600.0,540100.0
1245,2021-10-01 09:29:17,84500.0,800.0,536500.0
1246,2021-10-01 09:29:17,84500.0,2800.0,535700.0
1247,2021-10-01 09:29:05,84600.0,100.0,532900.0
1248,2021-10-01 09:29:01,84600.0,100.0,532800.0
1249,2021-10-01 09:29:00,84600.0,100.0,532700.0
1250,2021-10-01 09:28:56,84600.0,100.0,532600.0
1251,2021-10-01 09:28:53,84600.0,100.0,532500.0
1252,2021-10-01 09:28:50,84500.0,300.0,532400.0
1253,2021-10-01 09:28:48,84600.0,100.0,532100.0
1254,2021-10-01 09:28:45,84600.0,100.0,532000.0
1255,2021-10-01 09:28:42,84600.0,100.0,531900.0
1256,2021-10-01 09:28:39,84600.0,300.0,531800.0
1257,2021-10-01 09:28:39,84600.0,1500.0,531500.0
1258,2021-10-01 09:28:39,84600.0,1500.0,530000.0
1259,2021-10-01 09:28:39,84600.0,1500.0,528500.0
1260,2021-10-01 09:28:39,84600.0,1500.0,527000.0
1261,2021-10-01 09:28:39,84600.0,1500.0,525500.0
1262,2021-10-01 09:28:39,84600.0,1500.0,524000.0
1263,2021-10-01 09:28:39,84600.0,600.0,522500.0
1264,2021-10-01 09:28:38,84700.0,100.0,521900.0
1265,2021-10-01 09:28:33,84700.0,500.0,521800.0
1266,2021-10-01 09:28:31,84700.0,2300.0,521300.0
1267,2021-10-01 09:28:31,84700.0,5000.0,519000.0
1268,2021-10-01 09:28:31,84700.0,500.0,514000.0
1269,2021-10-01 09:28:18,84800.0,200.0,513500.0
1270,2021-10-01 09:28:17,84800.0,500.0,513300.0
1271,2021-10-01 09:28:07,84800.0,800.0,512800.0
1272,2021-10-01 09:28:01,84700.0,100.0,512000.0
1273,2021-10-01 09:28:01,84700.0,4400.0,511900.0
1274,2021-10-01 09:28:01,84700.0,5000.0,507500.0
1275,2021-10-01 09:28:01,84700.0,5000.0,502500.0
1276,2021-10-01 09:28:01,84700.0,5000.0,497500.0
1277,2021-10-01 09:27:47,84600.0,900.0,492500.0
1278,2021-10-01 09:27:47,84600.0,1500.0,491600.0
1279,2021-10-01 09:27:47,84600.0,100.0,490100.0
1280,2021-10-01 09:27:47,84600.0,1400.0,490000.0
1281,2021-10-01 09:27:47,84600.0,1500.0,488600.0
1282,2021-10-01 09:27:47,84600.0,1500.0,487100.0
1283,2021-10-01 09:27:47,84600.0,100.0,485600.0
1284,2021-10-01 09:27:47,84600.0,1400.0,485500.0
1285,2021-10-01 09:27:47,84600.0,1500.0,484100.0
1286,2021-10-01 09:27:47,84600.0,1500.0,482600.0
1287,2021-10-01 09:27:47,84600.0,100.0,481100.0
1288,2021-10-01 09:27:47,84600.0,1400.0,481000.0
1289,2021-10-01 09:27:47,84600.0,1500.0,479600.0
1290,2021-10-01 09:27:47,84600.0,1500.0,478100.0
1291,2021-10-01 09:27:38,84500.0,1400.0,476600.0
1292,2021-10-01 09:27:38,84500.0,500.0,475200.0
1293,2021-10-01 09:27:38,84500.0,1000.0,474700.0
1294,2021-10-01 09:27:38,84500.0,1500.0,473700.0
1295,2021-10-01 09:27:38,84500.0,1500.0,472200.0
1296,2021-10-01 09:27:38,84500.0,1000.0,470700.0
1297,2021-10-01 09:27:38,84500.0,500.0,469700.0
1298,2021-10-01 09:27:38,84500.0,1500.0,469200.0
1299,2021-10-01 09:27:38,84500.0,1500.0,467700.0
1300,2021-10-01 09:27:38,84500.0,1500.0,466200.0
1301,2021-10-01 09:27:17,84500.0,300.0,464700.0
1302,2021-10-01 09:27:00,84500.0,1200.0,464400.0
1303,2021-10-01 09:27:00,84500.0,1500.0,463200.0
1304,2021-10-01 09:27:00,84500.0,1500.0,461700.0
1305,2021-10-01 09:27:00,84500.0,800.0,460200.0
1306,2021-10-01 09:27:00,84500.0,700.0,459400.0
1307,2021-10-01 09:27:00,84500.0,1500.0,458700.0
1308,2021-10-01 09:27:00,84500.0,1500.0,457200.0
1309,2021-10-01 09:27:00,84500.0,1300.0,455700.0
1310,2021-10-01 09:27:00,84500.0,200.0,454400.0
1311,2021-10-01 09:27:00,84500.0,1500.0,454200.0
1312,2021-10-01 09:27:00,84500.0,1500.0,452700.0
1313,2021-10-01 09:26:50,84600.0,100.0,451200.0
1314,2021-10-01 09:26:49,84600.0,300.0,451100.0
1315,2021-10-01 09:26:46,84600.0,4200.0,450800.0
1316,2021-10-01 09:26:46,84600.0,800.0,446600.0
1317,2021-10-01 09:26:46,84600.0,3700.0,445800.0
1318,2021-10-01 09:26:40,84700.0,1100.0,442100.0
1319,2021-10-01 09:26:30,84600.0,1300.0,441000.0
1320,2021-10-01 09:26:30,84600.0,5000.0,439700.0
1321,2021-10-01 09:26:30,84600.0,5000.0,434700.0
1322,2021-10-01 09:26:30,84600.0,5000.0,429700.0
1323,2021-10-01 09:26:23,84500.0,300.0,424700.0
1324,2021-10-01 09:26:21,84500.0,1500.0,424400.0
1325,2021-10-01 09:26:21,84500.0,300.0,422900.0
1326,2021-10-01 09:26:21,84500.0,200.0,422600.0
1327,2021-10-01 09:26:21,84500.0,100.0,422400.0
1328,2021-10-01 09:26:21,84500.0,300.0,422300.0
1329,2021-10-01 09:26:21,84500.0,500.0,422000.0
1330,2021-10-01 09:26:21,84500.0,100.0,421500.0
1331,2021-10-01 09:26:21,84500.0,300.0,421400.0
1332,2021-10-01 09:26:21,84500.0,400.0,421100.0
1333,2021-10-01 09:26:21,84500.0,200.0,420700.0
1334,2021-10-01 09:26:21,84500.0,2600.0,420500.0
1335,2021-10-01 09:26:21,84500.0,5000.0,417900.0
1336,2021-10-01 09:26:15,84500.0,2800.0,412900.0
1337,2021-10-01 09:26:10,84500.0,1900.0,410100.0
1338,2021-10-01 09:25:59,84500.0,3500.0,408200.0
1339,2021-10-01 09:25:55,84500.0,2800.0,404700.0
1340,2021-10-01 09:25:51,84500.0,2000.0,401900.0
1341,2021-10-01 09:25:05,84400.0,3600.0,399900.0
1342,2021-10-01 09:24:59,84400.0,6300.0,396300.0
1343,2021-10-01 09:24:55,84400.0,5900.0,390000.0
1344,2021-10-01 09:24:48,84300.0,700.0,384100.0
1345,2021-10-01 09:24:48,84300.0,6400.0,383400.0
1346,2021-10-01 09:24:48,84300.0,1900.0,377000.0
1347,2021-10-01 09:24:42,84300.0,4500.0,375100.0
1348,2021-10-01 09:24:42,84300.0,1100.0,370600.0
1349,2021-10-01 09:24:16,84200.0,500.0,369500.0
1350,2021-10-01 09:24:16,84200.0,1600.0,369000.0
1351,2021-10-01 09:24:11,84200.0,500.0,367400.0
1352,2021-10-01 09:24:11,84200.0,2100.0,366900.0
1353,2021-10-01 09:24:11,84200.0,2100.0,364800.0
1354,2021-10-01 09:24:11,84200.0,2100.0,362700.0
1355,2021-10-01 09:24:11,84200.0,2100.0,360600.0
1356,2021-10-01 09:24:11,84200.0,1100.0,358500.0
1357,2021-10-01 09:24:00,84200.0,1000.0,357400.0
1358,2021-10-01 09:24:00,84200.0,2100.0,356400.0
1359,2021-10-01 09:24:00,84200.0,2100.0,354300.0
1360,2021-10-01 09:23:52,84300.0,100.0,352200.0
1361,2021-10-01 09:23:52,84300.0,5200.0,352100.0
1362,2021-10-01 09:23:52,84300.0,6400.0,346900.0
1363,2021-10-01 09:23:43,84300.0,100.0,340500.0
1364,2021-10-01 09:23:16,84300.0,6500.0,340400.0
1365,2021-10-01 09:23:10,84300.0,5400.0,333900.0
1366,2021-10-01 09:23:05,84300.0,4500.0,328500.0
1367,2021-10-01 09:22:52,84200.0,100.0,324000.0
1368,2021-10-01 09:22:52,84200.0,100.0,323900.0
1369,2021-10-01 09:22:52,84200.0,100.0,323800.0
1370,2021-10-01 09:22:52,84200.0,4500.0,323700.0
1371,2021-10-01 09:22:47,84200.0,5600.0,319200.0
1372,2021-10-01 09:22:42,84100.0,3500.0,313600.0
1373,2021-10-01 09:22:42,84100.0,1200.0,310100.0
1374,2021-10-01 09:22:37,84000.0,200.0,308900.0
1375,2021-10-01 09:22:37,84000.0,1000.0,308700.0
1376,2021-10-01 09:22:37,84000.0,1500.0,307700.0
1377,2021-10-01 09:22:37,84000.0,1500.0,306200.0
1378,2021-10-01 09:22:37,84000.0,1500.0,304700.0
1379,2021-10-01 09:22:37,84000.0,1500.0,303200.0
1380,2021-10-01 09:22:37,84000.0,1500.0,301700.0
1381,2021-10-01 09:22:37,84000.0,1500.0,300200.0
1382,2021-10-01 09:22:37,84000.0,1500.0,298700.0
1383,2021-10-01 09:22:37,84000.0,1500.0,297200.0
1384,2021-10-01 09:22:37,84000.0,1500.0,295700.0
1385,2021-10-01 09:22:37,84000.0,900.0,294200.0
1386,2021-10-01 09:22:32,83900.0,2900.0,293300.0
1387,2021-10-01 09:22:28,83900.0,500.0,290400.0
1388,2021-10-01 09:22:28,83900.0,2000.0,289900.0
1389,2021-10-01 09:22:28,83900.0,1600.0,287900.0
1390,2021-10-01 09:22:28,83900.0,3600.0,286300.0
1391,2021-10-01 09:22:28,83900.0,3600.0,282700.0
1392,2021-10-01 09:22:28,83900.0,3600.0,279100.0
1393,2021-10-01 09:22:28,83900.0,3600.0,275500.0
1394,2021-10-01 09:22:28,83900.0,3600.0,271900.0
1395,2021-10-01 09:22:21,84000.0,300.0,268300.0
1396,2021-10-01 09:22:21,84000.0,300.0,268000.0
1397,2021-10-01 09:22:21,84000.0,1500.0,267700.0
1398,2021-10-01 09:22:21,84000.0,1500.0,266200.0
1399,2021-10-01 09:22:21,84000.0,1500.0,264700.0
1400,2021-10-01 09:22:21,84000.0,1500.0,263200.0
1401,2021-10-01 09:22:21,84000.0,1500.0,261700.0
1402,2021-10-01 09:22:21,84000.0,1500.0,260200.0
1403,2021-10-01 09:22:07,84100.0,3800.0,258700.0
1404,2021-10-01 09:22:07,84100.0,1700.0,254900.0
1405,2021-10-01 09:22:02,84100.0,3300.0,253200.0
1406,2021-10-01 09:22:02,84100.0,5000.0,249900.0
1407,2021-10-01 09:22:02,84100.0,300.0,244900.0
1408,2021-10-01 09:21:30,84100.0,4700.0,244600.0
1409,2021-10-01 09:21:24,84200.0,800.0,239900.0
1410,2021-10-01 09:21:16,84100.0,500.0,239100.0
1411,2021-10-01 09:21:16,84100.0,1500.0,238600.0
1412,2021-10-01 09:21:16,84100.0,1500.0,237100.0
1413,2021-10-01 09:21:16,84100.0,1500.0,235600.0
1414,2021-10-01 09:21:16,84100.0,1500.0,234100.0
1415,2021-10-01 09:21:16,84100.0,1500.0,232600.0
1416,2021-10-01 09:21:16,84100.0,1500.0,231100.0
1417,2021-10-01 09:21:16,84100.0,1200.0,229600.0
1418,2021-10-01 09:21:01,84000.0,400.0,228400.0
1419,2021-10-01 09:21:01,84000.0,1400.0,228000.0
1420,2021-10-01 09:21:01,84000.0,1400.0,226600.0
1421,2021-10-01 09:21:01,84000.0,1400.0,225200.0
1422,2021-10-01 09:21:01,84000.0,1400.0,223800.0
1423,2021-10-01 09:21:01,84000.0,1400.0,222400.0
1424,2021-10-01 09:21:01,84000.0,1400.0,221000.0
1425,2021-10-01 09:21:01,84000.0,1400.0,219600.0
1426,2021-10-01 09:21:01,84000.0,1400.0,218200.0
1427,2021-10-01 09:21:01,84000.0,400.0,216800.0
1428,2021-10-01 09:20:56,84000.0,1000.0,216400.0
1429,2021-10-01 09:20:56,84000.0,1400.0,215400.0
1430,2021-10-01 09:20:56,84000.0,300.0,214000.0
1431,2021-10-01 09:20:56,83900.0,500.0,213700.0
1432,2021-10-01 09:20:56,83900.0,1600.0,213200.0
1433,2021-10-01 09:20:56,83900.0,1600.0,211600.0
1434,2021-10-01 09:20:56,83900.0,1600.0,210000.0
1435,2021-10-01 09:20:56,83900.0,1600.0,208400.0
1436,2021-10-01 09:20:56,83900.0,400.0,206800.0
1437,2021-10-01 09:20:39,83900.0,1200.0,206400.0
1438,2021-10-01 09:20:39,83900.0,1600.0,205200.0
1439,2021-10-01 09:20:39,83900.0,1600.0,203600.0
1440,2021-10-01 09:20:39,83900.0,1600.0,202000.0
1441,2021-10-01 09:20:39,83900.0,1600.0,200400.0
1442,2021-10-01 09:20:39,83900.0,1600.0,198800.0
1443,2021-10-01 09:20:39,83900.0,1600.0,197200.0
1444,2021-10-01 09:20:39,83900.0,1600.0,195600.0
1445,2021-10-01 09:20:39,83900.0,1600.0,194000.0
1446,2021-10-01 09:20:39,83900.0,1600.0,192400.0
1447,2021-10-01 09:20:39,83900.0,1600.0,190800.0
1448,2021-10-01 09:20:31,84000.0,1100.0,189200.0
1449,2021-10-01 09:20:31,84000.0,1400.0,188100.0
1450,2021-10-01 09:20:31,84000.0,1400.0,186700.0
1451,2021-10-01 09:20:31,84000.0,1400.0,185300.0
1452,2021-10-01 09:20:23,84100.0,100.0,183900.0
1453,2021-10-01 09:20:22,84100.0,200.0,183800.0
1454,2021-10-01 09:20:22,84100.0,1500.0,183600.0
1455,2021-10-01 09:20:22,84100.0,1500.0,182100.0
1456,2021-10-01 09:20:22,84100.0,800.0,180600.0
1457,2021-10-01 09:20:22,84100.0,700.0,179800.0
1458,2021-10-01 09:20:22,84100.0,1500.0,179100.0
1459,2021-10-01 09:20:22,84100.0,1500.0,177600.0
1460,2021-10-01 09:20:22,84100.0,1500.0,176100.0
1461,2021-10-01 09:20:12,84100.0,500.0,174600.0
1462,2021-10-01 09:20:05,84200.0,4000.0,174100.0
1463,2021-10-01 09:20:04,84200.0,100.0,170100.0
1464,2021-10-01 09:19:48,84100.0,1300.0,170000.0
1465,2021-10-01 09:19:43,84100.0,100.0,168700.0
1466,2021-10-01 09:19:29,84100.0,100.0,168600.0
1467,2021-10-01 09:19:21,84100.0,500.0,168500.0
1468,2021-10-01 09:19:21,84100.0,800.0,168000.0
1469,2021-10-01 09:19:21,84100.0,1600.0,167200.0
1470,2021-10-01 09:19:21,84100.0,1600.0,165600.0
1471,2021-10-01 09:19:21,84100.0,1600.0,164000.0
1472,2021-10-01 09:19:21,84100.0,1600.0,162400.0
1473,2021-10-01 09:19:21,84100.0,1600.0,160800.0
1474,2021-10-01 09:19:21,84100.0,1600.0,159200.0
1475,2021-10-01 09:19:21,84100.0,1600.0,157600.0
1476,2021-10-01 09:19:21,84100.0,300.0,156000.0
1477,2021-10-01 09:19:16,84000.0,100.0,155700.0
1478,2021-10-01 09:19:16,84000.0,100.0,155600.0
1479,2021-10-01 09:19:16,84000.0,100.0,155500.0
1480,2021-10-01 09:19:16,84000.0,1000.0,155400.0
1481,2021-10-01 09:19:16,84000.0,1500.0,154400.0
1482,2021-10-01 09:19:16,84000.0,1500.0,152900.0
1483,2021-10-01 09:19:16,84000.0,1500.0,151400.0
1484,2021-10-01 09:19:16,84000.0,1500.0,149900.0
1485,2021-10-01 09:19:16,84000.0,1500.0,148400.0
1486,2021-10-01 09:19:16,84000.0,400.0,146900.0
1487,2021-10-01 09:19:11,84000.0,1100.0,146500.0
1488,2021-10-01 09:19:11,84000.0,1500.0,145400.0
1489,2021-10-01 09:19:11,84000.0,1500.0,143900.0
1490,2021-10-01 09:19:11,84000.0,1500.0,142400.0
1491,2021-10-01 09:19:11,84000.0,1500.0,140900.0
1492,2021-10-01 09:19:11,84000.0,1200.0,139400.0
1493,2021-10-01 09:18:19,84000.0,100.0,138200.0
1494,2021-10-01 09:18:17,84000.0,200.0,138100.0
1495,2021-10-01 09:18:10,84000.0,500.0,137900.0
1496,2021-10-01 09:18:10,84000.0,1000.0,137400.0
1497,2021-10-01 09:18:10,84000.0,1500.0,136400.0
1498,2021-10-01 09:18:10,84000.0,1500.0,134900.0
1499,2021-10-01 09:18:10,84000.0,1500.0,133400.0
1500,2021-10-01 09:17:58,84000.0,5000.0,131900.0
1501,2021-10-01 09:17:58,84000.0,1700.0,126900.0
1502,2021-10-01 09:17:48,84000.0,3800.0,125200.0
1503,2021-10-01 09:17:48,84000.0,1200.0,121400.0
1504,2021-10-01 09:17:23,84000.0,4300.0,120200.0
1505,2021-10-01 09:17:23,84000.0,5500.0,115900.0
1506,2021-10-01 09:17:23,84000.0,200.0,110400.0
1507,2021-10-01 09:17:23,84000.0,5300.0,110200.0
1508,2021-10-01 09:17:23,84000.0,5500.0,104900.0
1509,2021-10-01 09:17:20,84000.0,2000.0,99400.0
1510,2021-10-01 09:17:16,84100.0,200.0,97400.0
1511,2021-10-01 09:17:16,84100.0,1100.0,97200.0
1512,2021-10-01 09:17:16,84100.0,1600.0,96100.0
1513,2021-10-01 09:17:16,84100.0,1600.0,94500.0
1514,2021-10-01 09:17:16,84100.0,1600.0,92900.0
1515,2021-10-01 09:17:16,84100.0,1600.0,91300.0
1516,2021-10-01 09:16:45,84200.0,500.0,89700.0
1517,2021-10-01 09:16:24,84100.0,100.0,89200.0
1518,2021-10-01 09:16:24,84100.0,7500.0,89100.0
1519,2021-10-01 09:16:16,84100.0,5500.0,81600.0
1520,2021-10-01 09:16:07,84100.0,7400.0,76100.0
1521,2021-10-01 09:16:01,84000.0,2200.0,68700.0
1522,2021-10-01 09:15:55,84000.0,8300.0,66500.0
1523,2021-10-01 09:15:48,84000.0,7500.0,58200.0
1524,2021-10-01 09:15:43,84000.0,100.0,50700.0
1525,2021-10-01 09:15:42,84000.0,1900.0,50600.0
1526,2021-10-01 09:15:42,84000.0,3100.0,48700.0
1527,2021-10-01 09:15:00,84000.0,1000.0,45600.0
1528,2021-10-01 09:15:00,84000.0,200.0,44600.0
1529,2021-10-01 09:15:00,84000.0,500.0,44400.0
1530,2021-10-01 09:15:00,84000.0,200.0,43900.0
1531,2021-10-01 09:15:00,84000.0,2400.0,43700.0
1532,2021-10-01 09:15:00,84000.0,1000.0,41300.0
1533,2021-10-01 09:15:00,84000.0,3000.0,40300.0
1534,2021-10-01 09:15:00,84000.0,10000.0,37300.0
1535,2021-10-01 09:15:00,84000.0,1200.0,27300.0
1536,2021-10-01 09:15:00,84000.0,100.0,26100.0
1537,2021-10-01 09:15:00,84000.0,1500.0,26000.0
1538,2021-10-01 09:15:00,84000.0,100.0,24500.0
1539,2021-10-01 09:15:00,84000.0,5900.0,24400.0
1540,2021-10-01 09:15:00,84000.0,8400.0,18500.0
1541,2021-10-01 09:15:00,84000.0,1000.0,10100.0
1542,2021-10-01 09:15:00,84000.0,100.0,9100.0
1543,2021-10-01 09:15:00,84000.0,100.0,9000.0
1544,2021-10-01 09:15:00,84000.0,1000.0,8900.0
1545,2021-10-01 09:15:00,84000.0,1000.0,7900.0
1546,2021-10-01 09:15:00,84000.0,1000.0,6900.0
1547,2021-10-01 09:15:00,84000.0,1500.0,5900.0
1548,2021-10-01 09:15:00,84000.0,900.0,4400.0
1549,2021-10-01 09:15:00,84000.0,2100.0,3500.0
1550,2021-10-01 09:15:00,84000.0,1400.0,1400.0
