,Time,Price,Volume_per_trade,Volume
0,2021-10-17 07:45:01,9020.0,1500.0,499700.0
1,2021-10-17 07:45:01,9020.0,600.0,498200.0
2,2021-10-17 07:45:01,9020.0,100.0,497600.0
3,2021-10-17 07:45:01,9020.0,300.0,497500.0
4,2021-10-17 07:45:01,9020.0,100.0,497200.0
5,2021-10-17 07:45:01,9020.0,1000.0,497100.0
6,2021-10-17 07:45:01,9020.0,2800.0,496100.0
7,2021-10-17 07:45:01,9020.0,200.0,493300.0
8,2021-10-17 07:45:01,9020.0,400.0,493100.0
9,2021-10-17 07:45:01,9020.0,100.0,492700.0
10,2021-10-17 07:45:01,9020.0,500.0,492600.0
11,2021-10-17 07:45:01,9020.0,500.0,492100.0
12,2021-10-17 07:45:01,9020.0,400.0,491600.0
13,2021-10-17 07:45:01,9020.0,300.0,491200.0
14,2021-10-17 07:45:01,9020.0,500.0,490900.0
15,2021-10-17 07:45:01,9020.0,200.0,490400.0
16,2021-10-17 07:45:01,9020.0,1000.0,490200.0
17,2021-10-17 07:45:01,9020.0,3000.0,489200.0
18,2021-10-17 07:45:01,9020.0,100.0,486200.0
19,2021-10-17 07:29:57,9030.0,500.0,486100.0
20,2021-10-17 07:29:57,9030.0,200.0,485600.0
21,2021-10-17 07:29:57,9030.0,100.0,485400.0
22,2021-10-17 07:29:23,9020.0,600.0,485300.0
23,2021-10-17 07:29:18,9020.0,1000.0,484700.0
24,2021-10-17 07:28:55,9020.0,1000.0,483700.0
25,2021-10-17 07:28:33,9020.0,400.0,482700.0
26,2021-10-17 07:28:30,9020.0,200.0,482300.0
27,2021-10-17 07:28:21,9020.0,100.0,482100.0
28,2021-10-17 07:28:16,9020.0,100.0,482000.0
29,2021-10-17 07:28:16,9020.0,100.0,481900.0
30,2021-10-17 07:27:52,9020.0,200.0,481800.0
31,2021-10-17 07:27:33,9020.0,200.0,481600.0
32,2021-10-17 07:27:12,9020.0,1000.0,481400.0
33,2021-10-17 07:27:12,9020.0,100.0,480400.0
34,2021-10-17 07:27:12,9020.0,900.0,480300.0
35,2021-10-17 07:27:10,9000.0,100.0,479400.0
36,2021-10-17 07:27:02,9000.0,100.0,479300.0
37,2021-10-17 07:27:01,9000.0,300.0,479200.0
38,2021-10-17 07:27:01,9000.0,4700.0,478900.0
39,2021-10-17 07:27:01,9000.0,100.0,474200.0
40,2021-10-17 07:26:42,9000.0,200.0,474100.0
41,2021-10-17 07:26:40,9000.0,300.0,473900.0
42,2021-10-17 07:26:34,9000.0,2000.0,473600.0
43,2021-10-17 07:26:10,9000.0,5000.0,471600.0
44,2021-10-17 07:26:10,9000.0,2500.0,466600.0
45,2021-10-17 07:25:56,9020.0,100.0,464100.0
46,2021-10-17 07:25:32,9020.0,300.0,464000.0
47,2021-10-17 07:25:06,9020.0,200.0,463700.0
48,2021-10-17 07:24:41,9000.0,400.0,463500.0
49,2021-10-17 07:22:55,9020.0,500.0,463100.0
50,2021-10-17 07:22:53,9000.0,7100.0,462600.0
51,2021-10-17 07:22:53,9000.0,500.0,455500.0
52,2021-10-17 07:22:53,9000.0,300.0,455000.0
53,2021-10-17 07:22:53,9000.0,500.0,454700.0
54,2021-10-17 07:22:53,9000.0,100.0,454200.0
55,2021-10-17 07:22:53,9000.0,200.0,454100.0
56,2021-10-17 07:22:53,9000.0,100.0,453900.0
57,2021-10-17 07:22:53,9000.0,300.0,453800.0
58,2021-10-17 07:22:53,9000.0,1000.0,453500.0
59,2021-10-17 07:22:53,9000.0,100.0,452500.0
60,2021-10-17 07:22:53,9000.0,100.0,452400.0
61,2021-10-17 07:22:53,9000.0,2000.0,452300.0
62,2021-10-17 07:22:53,9000.0,100.0,450300.0
63,2021-10-17 07:22:53,9000.0,500.0,450200.0
64,2021-10-17 07:22:53,9000.0,100.0,449700.0
65,2021-10-17 07:22:53,9000.0,100.0,449600.0
66,2021-10-17 07:22:53,9000.0,100.0,449500.0
67,2021-10-17 07:22:53,9000.0,500.0,449400.0
68,2021-10-17 07:22:53,9000.0,100.0,448900.0
69,2021-10-17 07:22:53,9000.0,600.0,448800.0
70,2021-10-17 07:22:53,9000.0,1500.0,448200.0
71,2021-10-17 07:22:53,9000.0,300.0,446700.0
72,2021-10-17 07:22:53,9000.0,1000.0,446400.0
73,2021-10-17 07:22:53,9000.0,100.0,445400.0
74,2021-10-17 07:22:53,9000.0,2000.0,445300.0
75,2021-10-17 07:22:53,9000.0,100.0,443300.0
76,2021-10-17 07:22:53,9000.0,100.0,443200.0
77,2021-10-17 07:22:53,9010.0,100.0,443100.0
78,2021-10-17 07:22:53,9010.0,400.0,443000.0
79,2021-10-17 07:22:00,9030.0,100.0,442600.0
80,2021-10-17 07:21:58,9010.0,1700.0,442500.0
81,2021-10-17 07:21:58,9010.0,300.0,440800.0
82,2021-10-17 07:21:58,9010.0,3700.0,440500.0
83,2021-10-17 07:21:58,9010.0,8000.0,436800.0
84,2021-10-17 07:21:58,9010.0,500.0,428800.0
85,2021-10-17 07:21:58,9010.0,1000.0,428300.0
86,2021-10-17 07:21:58,9010.0,1000.0,427300.0
87,2021-10-17 07:21:58,9010.0,800.0,426300.0
88,2021-10-17 07:21:58,9010.0,100.0,425500.0
89,2021-10-17 07:21:58,9010.0,500.0,425400.0
90,2021-10-17 07:21:58,9010.0,2000.0,424900.0
91,2021-10-17 07:21:58,9010.0,100.0,422900.0
92,2021-10-17 07:21:58,9010.0,400.0,422800.0
93,2021-10-17 07:21:58,9020.0,4100.0,422400.0
94,2021-10-17 07:21:58,9020.0,500.0,418300.0
95,2021-10-17 07:21:58,9020.0,300.0,417800.0
96,2021-10-17 07:21:44,9020.0,700.0,417500.0
97,2021-10-17 07:21:44,9020.0,300.0,416800.0
98,2021-10-17 07:20:37,9020.0,500.0,416500.0
99,2021-10-17 07:20:37,9020.0,100.0,416000.0
100,2021-10-17 07:20:03,9020.0,900.0,415900.0
101,2021-10-17 07:20:03,9020.0,100.0,415000.0
102,2021-10-17 07:20:03,9020.0,1000.0,414900.0
103,2021-10-17 07:18:56,9030.0,100.0,413900.0
104,2021-10-17 07:18:44,9020.0,1000.0,413800.0
105,2021-10-17 07:18:44,9020.0,2200.0,412800.0
106,2021-10-17 07:17:49,9020.0,400.0,410600.0
107,2021-10-17 07:17:49,9020.0,100.0,410200.0
108,2021-10-17 07:17:06,9020.0,100.0,410100.0
109,2021-10-17 07:17:06,9020.0,100.0,410000.0
110,2021-10-17 07:17:06,9020.0,300.0,409900.0
111,2021-10-17 07:16:59,9030.0,700.0,409600.0
112,2021-10-17 07:16:01,9030.0,8000.0,408900.0
113,2021-10-17 07:15:12,9020.0,700.0,400900.0
114,2021-10-17 07:15:12,9020.0,400.0,400200.0
115,2021-10-17 07:15:12,9020.0,100.0,399800.0
116,2021-10-17 07:15:12,9020.0,800.0,399700.0
117,2021-10-17 07:14:38,9030.0,300.0,398900.0
118,2021-10-17 07:13:28,9030.0,100.0,398600.0
119,2021-10-17 07:12:27,9020.0,800.0,398500.0
120,2021-10-17 07:12:27,9030.0,200.0,397700.0
121,2021-10-17 07:11:53,9020.0,1000.0,397500.0
122,2021-10-17 07:11:53,9030.0,2000.0,396500.0
123,2021-10-17 07:11:53,9030.0,400.0,394500.0
124,2021-10-17 07:11:53,9030.0,600.0,394100.0
125,2021-10-17 07:10:07,9030.0,200.0,393500.0
126,2021-10-17 07:06:54,9030.0,200.0,393300.0
127,2021-10-17 07:06:44,9030.0,100.0,393100.0
128,2021-10-17 07:05:55,9030.0,100.0,393000.0
129,2021-10-17 07:05:55,9030.0,100.0,392900.0
130,2021-10-17 07:05:23,9030.0,300.0,392800.0
131,2021-10-17 07:04:18,9030.0,2600.0,392500.0
132,2021-10-17 07:03:34,9030.0,1400.0,389900.0
133,2021-10-17 07:03:34,9030.0,100.0,388500.0
134,2021-10-17 07:03:34,9030.0,500.0,388400.0
135,2021-10-17 07:02:49,9030.0,1000.0,387900.0
136,2021-10-17 07:02:23,9030.0,500.0,386900.0
137,2021-10-17 07:00:26,9030.0,500.0,386400.0
138,2021-10-17 07:00:22,9030.0,1500.0,385900.0
139,2021-10-17 07:00:22,9030.0,600.0,384400.0
140,2021-10-17 07:00:22,9030.0,2900.0,383800.0
141,2021-10-17 06:59:16,9030.0,100.0,380900.0
142,2021-10-17 06:58:12,9030.0,100.0,380800.0
143,2021-10-17 06:56:21,9020.0,400.0,380700.0
144,2021-10-17 06:56:21,9020.0,1600.0,380300.0
145,2021-10-17 06:53:58,9030.0,100.0,378700.0
146,2021-10-17 06:53:00,9030.0,900.0,378600.0
147,2021-10-17 06:52:53,9030.0,100.0,377700.0
148,2021-10-17 06:52:46,9030.0,100.0,377600.0
149,2021-10-17 06:52:00,9030.0,100.0,377500.0
150,2021-10-17 06:50:34,9030.0,700.0,377400.0
151,2021-10-17 06:50:20,9030.0,300.0,376700.0
152,2021-10-17 06:47:22,9020.0,2400.0,376400.0
153,2021-10-17 06:47:22,9020.0,100.0,374000.0
154,2021-10-17 06:47:22,9020.0,100.0,373900.0
155,2021-10-17 06:47:22,9020.0,100.0,373800.0
156,2021-10-17 06:47:22,9020.0,1000.0,373700.0
157,2021-10-17 06:47:22,9020.0,300.0,372700.0
158,2021-10-17 06:47:22,9020.0,1000.0,372400.0
159,2021-10-17 06:47:22,9020.0,1000.0,371400.0
160,2021-10-17 06:47:22,9020.0,1000.0,370400.0
161,2021-10-17 06:47:22,9020.0,500.0,369400.0
162,2021-10-17 06:47:22,9020.0,500.0,368900.0
163,2021-10-17 06:47:22,9020.0,300.0,368400.0
164,2021-10-17 06:47:22,9020.0,500.0,368100.0
165,2021-10-17 06:47:22,9020.0,100.0,367600.0
166,2021-10-17 06:47:22,9020.0,100.0,367500.0
167,2021-10-17 06:46:30,9020.0,1900.0,367400.0
168,2021-10-17 06:46:30,9020.0,100.0,365500.0
169,2021-10-17 06:46:30,9020.0,1000.0,365400.0
170,2021-10-17 06:46:13,9040.0,1300.0,364400.0
171,2021-10-17 06:46:13,9040.0,200.0,363100.0
172,2021-10-17 06:44:08,9020.0,400.0,362900.0
173,2021-10-17 06:44:08,9020.0,100.0,362500.0
174,2021-10-17 06:44:08,9020.0,1500.0,362400.0
175,2021-10-17 06:43:42,9030.0,300.0,360900.0
176,2021-10-17 06:41:14,9030.0,100.0,360600.0
177,2021-10-17 06:41:14,9030.0,300.0,360500.0
178,2021-10-17 06:40:43,9030.0,100.0,360200.0
179,2021-10-17 06:40:32,9030.0,100.0,360100.0
180,2021-10-17 06:39:24,9040.0,1300.0,360000.0
181,2021-10-17 06:38:42,9040.0,200.0,358700.0
182,2021-10-17 06:37:44,9040.0,100.0,358500.0
183,2021-10-17 06:33:26,9040.0,500.0,358400.0
184,2021-10-17 06:32:22,9040.0,500.0,357900.0
185,2021-10-17 06:32:07,9020.0,14600.0,357400.0
186,2021-10-17 06:32:07,9030.0,100.0,342800.0
187,2021-10-17 06:32:07,9030.0,100.0,342700.0
188,2021-10-17 06:32:07,9030.0,5000.0,342600.0
189,2021-10-17 06:32:07,9030.0,200.0,337600.0
190,2021-10-17 06:31:36,9040.0,700.0,337400.0
191,2021-10-17 06:30:57,9030.0,800.0,336700.0
192,2021-10-17 06:30:49,9030.0,300.0,335900.0
193,2021-10-17 06:30:49,9030.0,1800.0,335600.0
194,2021-10-17 06:30:49,9030.0,2000.0,333800.0
195,2021-10-17 06:30:49,9030.0,100.0,331800.0
196,2021-10-17 06:29:00,9030.0,10000.0,331700.0
197,2021-10-17 06:29:00,9030.0,1000.0,321700.0
198,2021-10-17 06:27:28,9030.0,200.0,320700.0
199,2021-10-17 06:27:28,9030.0,1000.0,320500.0
200,2021-10-17 06:27:28,9030.0,1000.0,319500.0
201,2021-10-17 06:27:28,9030.0,500.0,318500.0
202,2021-10-17 06:27:28,9030.0,200.0,318000.0
203,2021-10-17 06:27:04,9050.0,200.0,317800.0
204,2021-10-17 06:25:37,9050.0,100.0,317600.0
205,2021-10-17 06:25:30,9030.0,300.0,317500.0
206,2021-10-17 06:25:30,9030.0,1000.0,317200.0
207,2021-10-17 06:25:30,9030.0,400.0,316200.0
208,2021-10-17 06:25:05,9030.0,1600.0,315800.0
209,2021-10-17 06:25:05,9030.0,800.0,314200.0
210,2021-10-17 06:25:05,9030.0,100.0,313400.0
211,2021-10-17 06:25:05,9030.0,800.0,313300.0
212,2021-10-17 06:25:05,9030.0,500.0,312500.0
213,2021-10-17 06:25:05,9030.0,500.0,312000.0
214,2021-10-17 06:25:05,9030.0,700.0,311500.0
215,2021-10-17 06:24:09,9030.0,200.0,310800.0
216,2021-10-17 06:22:40,9030.0,100.0,310600.0
217,2021-10-17 06:22:28,9030.0,1500.0,310500.0
218,2021-10-17 06:22:28,9030.0,1500.0,309000.0
219,2021-10-17 06:22:21,9030.0,2000.0,307500.0
220,2021-10-17 06:22:17,9030.0,1500.0,305500.0
221,2021-10-17 06:22:17,9030.0,500.0,304000.0
222,2021-10-17 06:22:06,9020.0,3900.0,303500.0
223,2021-10-17 06:22:06,9020.0,100.0,299600.0
224,2021-10-17 06:20:45,9020.0,100.0,299500.0
225,2021-10-17 06:20:08,9030.0,800.0,299400.0
226,2021-10-17 06:20:08,9030.0,1000.0,298600.0
227,2021-10-17 06:20:08,9030.0,200.0,297600.0
228,2021-10-17 06:19:58,9030.0,300.0,297400.0
229,2021-10-17 06:19:58,9030.0,500.0,297100.0
230,2021-10-17 06:19:44,9030.0,500.0,296600.0
231,2021-10-17 06:19:21,9030.0,2000.0,296100.0
232,2021-10-17 06:18:50,9030.0,1000.0,294100.0
233,2021-10-17 06:18:26,9030.0,100.0,293100.0
234,2021-10-17 06:18:05,9030.0,200.0,293000.0
235,2021-10-17 06:18:02,9030.0,1700.0,292800.0
236,2021-10-17 06:17:18,9030.0,300.0,291100.0
237,2021-10-17 06:17:18,9030.0,100.0,290800.0
238,2021-10-17 06:17:18,9030.0,200.0,290700.0
239,2021-10-17 06:17:18,9030.0,600.0,290500.0
240,2021-10-17 06:16:28,9030.0,1000.0,289900.0
241,2021-10-17 06:15:55,9030.0,300.0,288900.0
242,2021-10-17 06:15:52,9030.0,1600.0,288600.0
243,2021-10-17 06:15:52,9030.0,100.0,287000.0
244,2021-10-17 06:15:52,9030.0,300.0,286900.0
245,2021-10-17 06:15:52,9030.0,2900.0,286600.0
246,2021-10-17 06:15:25,9030.0,100.0,283700.0
247,2021-10-17 06:15:25,9030.0,600.0,283600.0
248,2021-10-17 06:15:18,9050.0,100.0,283000.0
249,2021-10-17 06:15:16,9050.0,100.0,282900.0
250,2021-10-17 06:12:26,9050.0,100.0,282800.0
251,2021-10-17 06:12:26,9050.0,200.0,282700.0
252,2021-10-17 06:10:56,9050.0,100.0,282500.0
253,2021-10-17 06:10:45,9050.0,400.0,282400.0
254,2021-10-17 06:10:23,9050.0,500.0,282000.0
255,2021-10-17 06:09:16,9030.0,400.0,281500.0
256,2021-10-17 06:08:22,9020.0,1800.0,281100.0
257,2021-10-17 06:08:22,9020.0,200.0,279300.0
258,2021-10-17 06:08:22,9020.0,200.0,279100.0
259,2021-10-17 06:07:49,9030.0,1600.0,278900.0
260,2021-10-17 06:07:41,9030.0,3400.0,277300.0
261,2021-10-17 06:07:31,9030.0,5000.0,273900.0
262,2021-10-17 06:07:06,9030.0,500.0,268900.0
263,2021-10-17 06:07:06,9030.0,500.0,268400.0
264,2021-10-17 06:07:06,9030.0,200.0,267900.0
265,2021-10-17 06:07:06,9030.0,1000.0,267700.0
266,2021-10-17 06:07:06,9030.0,100.0,266700.0
267,2021-10-17 06:07:06,9030.0,200.0,266600.0
268,2021-10-17 06:06:43,9030.0,400.0,266400.0
269,2021-10-17 06:06:43,9030.0,600.0,266000.0
270,2021-10-17 06:05:19,9030.0,1300.0,265400.0
271,2021-10-17 06:05:19,9030.0,600.0,264100.0
272,2021-10-17 06:05:19,9030.0,100.0,263500.0
273,2021-10-17 06:05:19,9030.0,1000.0,263400.0
274,2021-10-17 06:04:45,9050.0,300.0,262400.0
275,2021-10-17 06:04:45,9040.0,200.0,262100.0
276,2021-10-17 06:04:35,9040.0,500.0,261900.0
277,2021-10-17 06:04:35,9040.0,100.0,261400.0
278,2021-10-17 06:04:35,9040.0,100.0,261300.0
279,2021-10-17 06:04:35,9040.0,1600.0,261200.0
280,2021-10-17 06:02:34,9050.0,100.0,259600.0
281,2021-10-17 06:02:20,9050.0,200.0,259500.0
282,2021-10-17 06:02:20,9050.0,100.0,259300.0
283,2021-10-17 06:02:20,9050.0,300.0,259200.0
284,2021-10-17 06:00:40,9050.0,300.0,258900.0
285,2021-10-17 06:00:06,9050.0,100.0,258600.0
286,2021-10-17 06:00:03,9050.0,200.0,258500.0
287,2021-10-17 06:00:01,9070.0,100.0,258300.0
288,2021-10-17 04:28:34,9050.0,200.0,258200.0
289,2021-10-17 04:27:26,9050.0,1000.0,258000.0
290,2021-10-17 04:26:11,9050.0,400.0,257000.0
291,2021-10-17 04:26:11,9050.0,200.0,256600.0
292,2021-10-17 04:26:11,9050.0,500.0,256400.0
293,2021-10-17 04:26:11,9050.0,800.0,255900.0
294,2021-10-17 04:26:11,9070.0,900.0,255100.0
295,2021-10-17 04:25:14,9070.0,1000.0,254200.0
296,2021-10-17 04:25:14,9070.0,500.0,253200.0
297,2021-10-17 04:25:14,9070.0,3500.0,252700.0
298,2021-10-17 04:24:55,9070.0,200.0,249200.0
299,2021-10-17 04:22:25,9080.0,500.0,249000.0
300,2021-10-17 04:21:55,9070.0,3500.0,248500.0
301,2021-10-17 04:18:50,9070.0,300.0,245000.0
302,2021-10-17 04:18:07,9080.0,200.0,244700.0
303,2021-10-17 04:17:26,9070.0,100.0,244500.0
304,2021-10-17 04:17:26,9070.0,100.0,244400.0
305,2021-10-17 04:17:26,9070.0,1000.0,244300.0
306,2021-10-17 04:17:26,9070.0,200.0,243300.0
307,2021-10-17 04:17:26,9070.0,1100.0,243100.0
308,2021-10-17 04:14:52,9050.0,300.0,242000.0
309,2021-10-17 04:14:30,9050.0,300.0,241700.0
310,2021-10-17 04:13:56,9050.0,300.0,241400.0
311,2021-10-17 04:13:30,9050.0,300.0,241100.0
312,2021-10-17 04:10:43,9060.0,2000.0,240800.0
313,2021-10-17 04:05:32,9070.0,900.0,238800.0
314,2021-10-17 04:05:32,9070.0,200.0,237900.0
315,2021-10-17 04:04:45,9040.0,400.0,237700.0
316,2021-10-17 04:04:45,9040.0,100.0,237300.0
317,2021-10-17 04:04:45,9040.0,200.0,237200.0
318,2021-10-17 04:04:45,9040.0,1800.0,237000.0
319,2021-10-17 04:03:18,9040.0,200.0,235200.0
320,2021-10-17 04:03:18,9040.0,2000.0,235000.0
321,2021-10-17 04:03:18,9040.0,400.0,233000.0
322,2021-10-17 04:00:53,9050.0,100.0,232600.0
323,2021-10-17 04:00:42,9050.0,2600.0,232500.0
324,2021-10-17 04:00:42,9050.0,400.0,229900.0
325,2021-10-17 04:00:42,9050.0,500.0,229500.0
326,2021-10-17 04:00:42,9050.0,500.0,229000.0
327,2021-10-17 03:58:18,9080.0,3400.0,228500.0
328,2021-10-17 03:58:18,9080.0,4000.0,225100.0
329,2021-10-17 03:58:18,9080.0,2600.0,221100.0
330,2021-10-17 03:58:00,9080.0,400.0,218500.0
331,2021-10-17 03:56:32,9050.0,300.0,218100.0
332,2021-10-17 03:54:24,9080.0,1000.0,217800.0
333,2021-10-17 03:54:24,9080.0,1000.0,216800.0
334,2021-10-17 03:54:24,9080.0,1200.0,215800.0
335,2021-10-17 03:54:24,9080.0,1000.0,214600.0
336,2021-10-17 03:54:24,9070.0,1000.0,213600.0
337,2021-10-17 03:53:58,9080.0,3600.0,212600.0
338,2021-10-17 03:53:16,9080.0,100.0,209000.0
339,2021-10-17 03:53:16,9080.0,1300.0,208900.0
340,2021-10-17 03:53:14,9080.0,200.0,207600.0
341,2021-10-17 03:52:15,9080.0,100.0,207400.0
342,2021-10-17 03:52:04,9080.0,1400.0,207300.0
343,2021-10-17 03:52:04,9080.0,500.0,205900.0
344,2021-10-17 03:52:04,9080.0,3700.0,205400.0
345,2021-10-17 03:52:04,9080.0,3800.0,201700.0
346,2021-10-17 03:52:02,9080.0,1000.0,197900.0
347,2021-10-17 03:52:00,9080.0,200.0,196900.0
348,2021-10-17 03:52:00,9080.0,1000.0,196700.0
349,2021-10-17 03:52:00,9080.0,3800.0,195700.0
350,2021-10-17 03:51:34,9070.0,2700.0,191900.0
351,2021-10-17 03:51:34,9070.0,500.0,189200.0
352,2021-10-17 03:51:34,9070.0,1000.0,188700.0
353,2021-10-17 03:51:34,9070.0,2000.0,187700.0
354,2021-10-17 03:50:51,9060.0,4900.0,185700.0
355,2021-10-17 03:50:24,9050.0,400.0,180800.0
356,2021-10-17 03:50:19,9050.0,2000.0,180400.0
357,2021-10-17 03:50:19,9050.0,7200.0,178400.0
358,2021-10-17 03:48:05,9050.0,300.0,171200.0
359,2021-10-17 03:48:05,9050.0,500.0,170900.0
360,2021-10-17 03:48:05,9050.0,100.0,170400.0
361,2021-10-17 03:48:05,9050.0,500.0,170300.0
362,2021-10-17 03:48:05,9050.0,100.0,169800.0
363,2021-10-17 03:47:55,9050.0,300.0,169700.0
364,2021-10-17 03:47:55,9050.0,700.0,169400.0
365,2021-10-17 03:45:50,9040.0,600.0,168700.0
366,2021-10-17 03:45:34,9040.0,100.0,168100.0
367,2021-10-17 03:45:15,9040.0,100.0,168000.0
368,2021-10-17 03:44:28,9040.0,600.0,167900.0
369,2021-10-17 03:43:55,9030.0,1000.0,167300.0
370,2021-10-17 03:43:47,9030.0,200.0,166300.0
371,2021-10-17 03:43:47,9030.0,500.0,166100.0
372,2021-10-17 03:43:47,9030.0,300.0,165600.0
373,2021-10-17 03:43:22,9040.0,2000.0,165300.0
374,2021-10-17 03:43:22,9040.0,100.0,163300.0
375,2021-10-17 03:43:22,9040.0,100.0,163200.0
376,2021-10-17 03:43:22,9040.0,1000.0,163100.0
377,2021-10-17 03:41:16,9040.0,100.0,162100.0
378,2021-10-17 03:41:16,9040.0,2000.0,162000.0
379,2021-10-17 03:38:54,9040.0,500.0,160000.0
380,2021-10-17 03:38:23,9040.0,500.0,159500.0
381,2021-10-17 03:38:23,9040.0,500.0,159000.0
382,2021-10-17 03:37:32,9040.0,100.0,158500.0
383,2021-10-17 03:37:32,9040.0,200.0,158400.0
384,2021-10-17 03:37:08,9040.0,2000.0,158200.0
385,2021-10-17 03:37:08,9040.0,2800.0,156200.0
386,2021-10-17 03:36:38,9030.0,100.0,153400.0
387,2021-10-17 03:35:56,9030.0,500.0,153300.0
388,2021-10-17 03:35:24,9040.0,700.0,152800.0
389,2021-10-17 03:35:17,9030.0,1100.0,152100.0
390,2021-10-17 03:35:17,9030.0,200.0,151000.0
391,2021-10-17 03:35:17,9030.0,200.0,150800.0
392,2021-10-17 03:35:17,9030.0,100.0,150600.0
393,2021-10-17 03:35:17,9030.0,100.0,150500.0
394,2021-10-17 03:34:35,9040.0,100.0,150400.0
395,2021-10-17 03:33:58,9040.0,100.0,150300.0
396,2021-10-17 03:33:36,9040.0,300.0,150200.0
397,2021-10-17 03:33:01,9040.0,5000.0,149900.0
398,2021-10-17 03:31:34,9050.0,200.0,144900.0
399,2021-10-17 03:30:50,9050.0,200.0,144700.0
400,2021-10-17 03:29:06,9040.0,500.0,144500.0
401,2021-10-17 03:27:58,9040.0,200.0,144000.0
402,2021-10-17 03:27:03,9040.0,200.0,143800.0
403,2021-10-17 03:26:38,9040.0,100.0,143600.0
404,2021-10-17 03:23:10,9020.0,1800.0,143500.0
405,2021-10-17 03:23:10,9020.0,100.0,141700.0
406,2021-10-17 03:21:45,9020.0,100.0,141600.0
407,2021-10-17 03:21:43,9020.0,100.0,141500.0
408,2021-10-17 03:21:29,9020.0,700.0,141400.0
409,2021-10-17 03:21:23,9020.0,100.0,140700.0
410,2021-10-17 03:21:03,9020.0,700.0,140600.0
411,2021-10-17 03:20:54,9020.0,1000.0,139900.0
412,2021-10-17 03:20:54,9020.0,200.0,138900.0
413,2021-10-17 03:20:54,9020.0,500.0,138700.0
414,2021-10-17 03:20:31,9020.0,1500.0,138200.0
415,2021-10-17 03:20:31,9020.0,500.0,136700.0
416,2021-10-17 03:19:39,9020.0,1300.0,136200.0
417,2021-10-17 03:19:30,9020.0,100.0,134900.0
418,2021-10-17 03:19:27,9020.0,200.0,134800.0
419,2021-10-17 03:19:13,9020.0,200.0,134600.0
420,2021-10-17 03:19:13,9020.0,200.0,134400.0
421,2021-10-17 03:19:11,9020.0,100.0,134200.0
422,2021-10-17 03:19:01,9020.0,100.0,134100.0
423,2021-10-17 03:19:00,9020.0,100.0,134000.0
424,2021-10-17 03:18:33,9020.0,200.0,133900.0
425,2021-10-17 03:18:16,9010.0,100.0,133700.0
426,2021-10-17 03:18:01,9010.0,400.0,133600.0
427,2021-10-17 03:18:01,9010.0,700.0,133200.0
428,2021-10-17 03:17:45,9010.0,1300.0,132500.0
429,2021-10-17 03:17:45,9010.0,200.0,131200.0
430,2021-10-17 03:17:45,9010.0,300.0,131000.0
431,2021-10-17 03:17:45,9010.0,200.0,130700.0
432,2021-10-17 03:17:42,9020.0,100.0,130500.0
433,2021-10-17 03:17:31,9020.0,2200.0,130400.0
434,2021-10-17 03:17:18,9020.0,2000.0,128200.0
435,2021-10-17 03:17:18,9020.0,200.0,126200.0
436,2021-10-17 03:17:18,9020.0,2000.0,126000.0
437,2021-10-17 03:17:18,9020.0,2000.0,124000.0
438,2021-10-17 03:17:18,9020.0,100.0,122000.0
439,2021-10-17 03:17:18,9020.0,100.0,121900.0
440,2021-10-17 03:17:18,9020.0,200.0,121800.0
441,2021-10-17 03:17:18,9020.0,100.0,121600.0
442,2021-10-17 03:17:18,9020.0,300.0,121500.0
443,2021-10-17 03:17:18,9030.0,100.0,121200.0
444,2021-10-17 03:17:18,9030.0,200.0,121100.0
445,2021-10-17 03:17:18,9030.0,200.0,120900.0
446,2021-10-17 03:15:10,9030.0,500.0,120700.0
447,2021-10-17 03:14:06,9050.0,100.0,120200.0
448,2021-10-17 03:13:36,9050.0,100.0,120100.0
449,2021-10-17 03:13:05,9020.0,100.0,120000.0
450,2021-10-17 03:13:05,9020.0,100.0,119900.0
451,2021-10-17 03:13:05,9020.0,100.0,119800.0
452,2021-10-17 03:13:05,9020.0,900.0,119700.0
453,2021-10-17 03:12:49,9020.0,1000.0,118800.0
454,2021-10-17 03:12:46,9020.0,100.0,117800.0
455,2021-10-17 03:10:52,9020.0,1000.0,117700.0
456,2021-10-17 03:10:52,9020.0,500.0,116700.0
457,2021-10-17 03:10:52,9020.0,500.0,116200.0
458,2021-10-17 03:10:52,9020.0,200.0,115700.0
459,2021-10-17 03:10:52,9020.0,200.0,115500.0
460,2021-10-17 03:10:52,9020.0,100.0,115300.0
461,2021-10-17 03:10:52,9020.0,100.0,115200.0
462,2021-10-17 03:10:52,9020.0,100.0,115100.0
463,2021-10-17 03:10:52,9020.0,100.0,115000.0
464,2021-10-17 03:10:52,9020.0,200.0,114900.0
465,2021-10-17 03:10:52,9030.0,1000.0,114700.0
466,2021-10-17 03:10:52,9030.0,200.0,113700.0
467,2021-10-17 03:10:52,9030.0,1000.0,113500.0
468,2021-10-17 03:10:52,9030.0,100.0,112500.0
469,2021-10-17 03:10:52,9030.0,100.0,112400.0
470,2021-10-17 03:10:52,9030.0,800.0,112300.0
471,2021-10-17 03:10:52,9030.0,8000.0,111500.0
472,2021-10-17 03:10:52,9040.0,400.0,103500.0
473,2021-10-17 03:10:52,9040.0,5400.0,103100.0
474,2021-10-17 03:09:11,9050.0,600.0,97700.0
475,2021-10-17 03:09:11,9050.0,100.0,97100.0
476,2021-10-17 03:09:07,9050.0,700.0,97000.0
477,2021-10-17 03:09:07,9050.0,100.0,96300.0
478,2021-10-17 03:09:07,9050.0,2000.0,96200.0
479,2021-10-17 03:09:07,9050.0,200.0,94200.0
480,2021-10-17 03:09:05,9060.0,100.0,94000.0
481,2021-10-17 03:09:05,9060.0,400.0,93900.0
482,2021-10-17 03:08:16,9050.0,1000.0,93500.0
483,2021-10-17 03:06:57,9050.0,3500.0,92500.0
484,2021-10-17 03:05:43,9060.0,100.0,89000.0
485,2021-10-17 03:04:09,9070.0,500.0,88900.0
486,2021-10-17 03:03:38,9060.0,200.0,88400.0
487,2021-10-17 03:00:13,9050.0,2700.0,88200.0
488,2021-10-17 03:00:13,9060.0,300.0,85500.0
489,2021-10-17 02:59:44,9070.0,500.0,85200.0
490,2021-10-17 02:59:44,9070.0,200.0,84700.0
491,2021-10-17 02:59:44,9070.0,3000.0,84500.0
492,2021-10-17 02:58:31,9080.0,100.0,81500.0
493,2021-10-17 02:58:18,9080.0,100.0,81400.0
494,2021-10-17 02:57:35,9080.0,1000.0,81300.0
495,2021-10-17 02:57:21,9080.0,1000.0,80300.0
496,2021-10-17 02:57:18,9080.0,1000.0,79300.0
497,2021-10-17 02:57:09,9080.0,1000.0,78300.0
498,2021-10-17 02:56:38,9080.0,1000.0,77300.0
499,2021-10-17 02:56:35,9080.0,1000.0,76300.0
500,2021-10-17 02:56:30,9090.0,900.0,75300.0
501,2021-10-17 02:56:02,9090.0,600.0,74400.0
502,2021-10-17 02:56:02,9090.0,500.0,73800.0
503,2021-10-17 02:56:02,9080.0,500.0,73300.0
504,2021-10-17 02:55:35,9070.0,200.0,72800.0
505,2021-10-17 02:54:58,9050.0,100.0,72600.0
506,2021-10-17 02:54:58,9050.0,100.0,72500.0
507,2021-10-17 02:54:58,9050.0,100.0,72400.0
508,2021-10-17 02:54:58,9050.0,200.0,72300.0
509,2021-10-17 02:54:58,9050.0,100.0,72100.0
510,2021-10-17 02:54:58,9050.0,100.0,72000.0
511,2021-10-17 02:54:58,9050.0,700.0,71900.0
512,2021-10-17 02:54:58,9050.0,900.0,71200.0
513,2021-10-17 02:53:42,9050.0,100.0,70300.0
514,2021-10-17 02:53:01,9040.0,200.0,70200.0
515,2021-10-17 02:52:56,9040.0,100.0,70000.0
516,2021-10-17 02:52:18,9040.0,500.0,69900.0
517,2021-10-17 02:52:18,9040.0,100.0,69400.0
518,2021-10-17 02:52:18,9040.0,500.0,69300.0
519,2021-10-17 02:50:41,9040.0,500.0,68800.0
520,2021-10-17 02:50:33,9040.0,100.0,68300.0
521,2021-10-17 02:50:23,9040.0,100.0,68200.0
522,2021-10-17 02:48:38,9040.0,1000.0,68100.0
523,2021-10-17 02:47:57,9040.0,200.0,67100.0
524,2021-10-17 02:47:13,9040.0,100.0,66900.0
525,2021-10-17 02:46:32,9040.0,100.0,66800.0
526,2021-10-17 02:46:30,9040.0,1000.0,66700.0
527,2021-10-17 02:45:53,9040.0,200.0,65700.0
528,2021-10-17 02:45:53,9040.0,100.0,65500.0
529,2021-10-17 02:45:53,9040.0,200.0,65400.0
530,2021-10-17 02:43:55,9040.0,200.0,65200.0
531,2021-10-17 02:41:57,9040.0,100.0,65000.0
532,2021-10-17 02:40:12,9040.0,100.0,64900.0
533,2021-10-17 02:40:03,9040.0,200.0,64800.0
534,2021-10-17 02:38:00,9040.0,300.0,64600.0
535,2021-10-17 02:38:00,9040.0,400.0,64300.0
536,2021-10-17 02:37:52,9040.0,600.0,63900.0
537,2021-10-17 02:37:09,9040.0,500.0,63300.0
538,2021-10-17 02:35:54,9030.0,500.0,62800.0
539,2021-10-17 02:35:44,9030.0,2000.0,62300.0
540,2021-10-17 02:35:19,9030.0,200.0,60300.0
541,2021-10-17 02:34:02,9020.0,500.0,60100.0
542,2021-10-17 02:34:02,9020.0,500.0,59600.0
543,2021-10-17 02:34:02,9020.0,300.0,59100.0
544,2021-10-17 02:33:40,9030.0,2500.0,58800.0
545,2021-10-17 02:33:04,9030.0,500.0,56300.0
546,2021-10-17 02:32:47,9030.0,5600.0,55800.0
547,2021-10-17 02:32:03,9030.0,4400.0,50200.0
548,2021-10-17 02:32:03,9030.0,500.0,45800.0
549,2021-10-17 02:32:03,9040.0,100.0,45300.0
550,2021-10-17 02:32:03,9040.0,2000.0,45200.0
551,2021-10-17 02:31:38,9050.0,300.0,43200.0
552,2021-10-17 02:31:38,9050.0,200.0,42900.0
553,2021-10-17 02:30:01,9050.0,2000.0,42700.0
554,2021-10-17 02:30:01,9050.0,200.0,40700.0
555,2021-10-17 02:30:01,9050.0,1000.0,40500.0
556,2021-10-17 02:30:01,9050.0,100.0,39500.0
557,2021-10-17 02:29:37,9050.0,100.0,39400.0
558,2021-10-17 02:29:04,9070.0,900.0,39300.0
559,2021-10-17 02:29:04,9070.0,5000.0,38400.0
560,2021-10-17 02:29:04,9070.0,600.0,33400.0
561,2021-10-17 02:28:43,9070.0,400.0,32800.0
562,2021-10-17 02:27:55,9070.0,1300.0,32400.0
563,2021-10-17 02:27:06,9090.0,1500.0,31100.0
564,2021-10-17 02:27:06,9090.0,2200.0,29600.0
565,2021-10-17 02:27:06,9090.0,300.0,27400.0
566,2021-10-17 02:26:27,9070.0,500.0,27100.0
567,2021-10-17 02:25:59,9090.0,600.0,26600.0
568,2021-10-17 02:24:39,9090.0,200.0,26000.0
569,2021-10-17 02:23:48,9090.0,200.0,25800.0
570,2021-10-17 02:22:13,9050.0,1700.0,25600.0
571,2021-10-17 02:21:38,9050.0,1000.0,23900.0
572,2021-10-17 02:21:28,9050.0,100.0,22900.0
573,2021-10-17 02:21:28,9050.0,200.0,22800.0
574,2021-10-17 02:20:42,9050.0,800.0,22600.0
575,2021-10-17 02:20:38,9030.0,1900.0,21800.0
576,2021-10-17 02:20:38,9030.0,2000.0,19900.0
577,2021-10-17 02:20:38,9030.0,400.0,17900.0
578,2021-10-17 02:20:38,9030.0,700.0,17500.0
579,2021-10-17 02:20:30,9050.0,200.0,16800.0
580,2021-10-17 02:20:30,9050.0,1700.0,16600.0
581,2021-10-17 02:20:30,9050.0,100.0,14900.0
582,2021-10-17 02:20:15,9030.0,300.0,14800.0
583,2021-10-17 02:20:15,9030.0,500.0,14500.0
584,2021-10-17 02:19:21,9050.0,900.0,14000.0
585,2021-10-17 02:19:21,9050.0,100.0,13100.0
586,2021-10-17 02:18:50,9050.0,1000.0,13000.0
587,2021-10-17 02:18:50,9050.0,100.0,12000.0
588,2021-10-17 02:18:50,9050.0,800.0,11900.0
589,2021-10-17 02:18:30,9050.0,2000.0,11100.0
590,2021-10-17 02:17:07,9050.0,100.0,9100.0
591,2021-10-17 02:15:50,9050.0,100.0,9000.0
592,2021-10-17 02:15:00,9030.0,500.0,8900.0
593,2021-10-17 02:15:00,9030.0,400.0,8400.0
594,2021-10-17 02:15:00,9030.0,100.0,8000.0
595,2021-10-17 02:15:00,9030.0,100.0,7900.0
596,2021-10-17 02:15:00,9030.0,1000.0,7800.0
597,2021-10-17 02:15:00,9030.0,200.0,6800.0
598,2021-10-17 02:15:00,9030.0,200.0,6600.0
599,2021-10-17 02:15:00,9030.0,300.0,6400.0
600,2021-10-17 02:15:00,9030.0,1000.0,6100.0
601,2021-10-17 02:15:00,9030.0,1000.0,5100.0
602,2021-10-17 02:15:00,9030.0,3000.0,4100.0
603,2021-10-17 02:15:00,9030.0,1000.0,1100.0
604,2021-10-17 02:15:00,9030.0,100.0,100.0
