,Time,Price,Volume_per_trade,Volume
0,2021-10-18 07:45:01,8970.0,500.0,369100.0
1,2021-10-18 07:45:01,8970.0,3600.0,368600.0
2,2021-10-18 07:45:01,8970.0,1400.0,365000.0
3,2021-10-18 07:45:01,8970.0,600.0,363600.0
4,2021-10-18 07:45:01,8970.0,200.0,363000.0
5,2021-10-18 07:45:01,8970.0,1500.0,362800.0
6,2021-10-18 07:45:01,8970.0,400.0,361300.0
7,2021-10-18 07:45:01,8970.0,200.0,360900.0
8,2021-10-18 07:45:01,8970.0,100.0,360700.0
9,2021-10-18 07:45:01,8970.0,1000.0,360600.0
10,2021-10-18 07:45:01,8970.0,1000.0,359600.0
11,2021-10-18 07:45:01,8970.0,100.0,358600.0
12,2021-10-18 07:45:01,8970.0,100.0,358500.0
13,2021-10-18 07:28:11,8990.0,100.0,358400.0
14,2021-10-18 07:28:11,8990.0,400.0,358300.0
15,2021-10-18 07:28:06,8990.0,100.0,357900.0
16,2021-10-18 07:28:06,8990.0,300.0,357800.0
17,2021-10-18 07:25:13,8990.0,700.0,357500.0
18,2021-10-18 07:25:13,8990.0,300.0,356800.0
19,2021-10-18 07:25:10,8970.0,4000.0,356500.0
20,2021-10-18 07:25:10,8970.0,400.0,352500.0
21,2021-10-18 07:25:10,8970.0,300.0,352100.0
22,2021-10-18 07:25:10,8970.0,100.0,351800.0
23,2021-10-18 07:25:10,8970.0,200.0,351700.0
24,2021-10-18 07:24:30,8970.0,700.0,351500.0
25,2021-10-18 07:24:14,8970.0,600.0,350800.0
26,2021-10-18 07:24:14,8970.0,100.0,350200.0
27,2021-10-18 07:24:14,8970.0,100.0,350100.0
28,2021-10-18 07:24:14,8970.0,500.0,350000.0
29,2021-10-18 07:24:14,8970.0,1000.0,349500.0
30,2021-10-18 07:24:14,8970.0,900.0,348500.0
31,2021-10-18 07:24:14,8970.0,500.0,347600.0
32,2021-10-18 07:24:14,8970.0,200.0,347100.0
33,2021-10-18 07:24:14,8970.0,100.0,346900.0
34,2021-10-18 07:24:14,8970.0,1000.0,346800.0
35,2021-10-18 07:23:46,8970.0,100.0,345800.0
36,2021-10-18 07:22:51,8980.0,100.0,345700.0
37,2021-10-18 07:21:00,8970.0,2000.0,345600.0
38,2021-10-18 07:19:36,8990.0,100.0,343600.0
39,2021-10-18 07:14:26,8970.0,100.0,343500.0
40,2021-10-18 07:13:24,8970.0,6800.0,343400.0
41,2021-10-18 07:13:24,8970.0,100.0,336600.0
42,2021-10-18 07:13:24,8970.0,300.0,336500.0
43,2021-10-18 07:13:24,8970.0,1000.0,336200.0
44,2021-10-18 07:13:24,8970.0,1000.0,335200.0
45,2021-10-18 07:13:24,8970.0,1000.0,334200.0
46,2021-10-18 07:13:24,8970.0,2200.0,333200.0
47,2021-10-18 07:13:24,8980.0,300.0,331000.0
48,2021-10-18 07:13:24,8980.0,5000.0,330700.0
49,2021-10-18 07:13:24,8980.0,2000.0,325700.0
50,2021-10-18 07:13:24,8980.0,300.0,323700.0
51,2021-10-18 07:13:15,8990.0,600.0,323400.0
52,2021-10-18 07:12:11,8990.0,400.0,322800.0
53,2021-10-18 07:12:11,8990.0,100.0,322400.0
54,2021-10-18 07:08:21,9000.0,400.0,322300.0
55,2021-10-18 07:08:21,9000.0,600.0,321900.0
56,2021-10-18 07:08:06,9000.0,500.0,321300.0
57,2021-10-18 07:05:53,9020.0,1000.0,320800.0
58,2021-10-18 07:05:37,9010.0,100.0,319800.0
59,2021-10-18 07:05:28,9000.0,1000.0,319700.0
60,2021-10-18 07:05:09,9000.0,1000.0,318700.0
61,2021-10-18 07:04:51,9000.0,300.0,317700.0
62,2021-10-18 07:04:51,9000.0,100.0,317400.0
63,2021-10-18 07:04:51,9000.0,200.0,317300.0
64,2021-10-18 07:04:51,9000.0,800.0,317100.0
65,2021-10-18 07:04:51,9000.0,500.0,316300.0
66,2021-10-18 07:04:13,8990.0,100.0,315800.0
67,2021-10-18 07:04:13,8990.0,100.0,315700.0
68,2021-10-18 07:02:50,8980.0,1000.0,315600.0
69,2021-10-18 07:02:50,8980.0,100.0,314600.0
70,2021-10-18 07:02:50,8980.0,900.0,314500.0
71,2021-10-18 07:02:26,8980.0,300.0,313600.0
72,2021-10-18 07:02:26,8990.0,200.0,313300.0
73,2021-10-18 07:02:26,8990.0,200.0,313100.0
74,2021-10-18 07:01:32,8980.0,200.0,312900.0
75,2021-10-18 07:00:15,9000.0,1400.0,312700.0
76,2021-10-18 06:59:42,8990.0,300.0,311300.0
77,2021-10-18 06:59:37,8990.0,500.0,311000.0
78,2021-10-18 06:59:18,8990.0,500.0,310500.0
79,2021-10-18 06:59:18,8990.0,700.0,310000.0
80,2021-10-18 06:54:56,8990.0,300.0,309300.0
81,2021-10-18 06:54:56,8990.0,900.0,309000.0
82,2021-10-18 06:54:56,8990.0,3800.0,308100.0
83,2021-10-18 06:52:24,8980.0,600.0,304300.0
84,2021-10-18 06:51:10,8970.0,800.0,303700.0
85,2021-10-18 06:51:10,8970.0,100.0,302900.0
86,2021-10-18 06:51:10,8970.0,5100.0,302800.0
87,2021-10-18 06:50:58,8970.0,4900.0,297700.0
88,2021-10-18 06:50:58,8970.0,100.0,292800.0
89,2021-10-18 06:50:58,8970.0,3000.0,292700.0
90,2021-10-18 06:50:58,8970.0,2000.0,289700.0
91,2021-10-18 06:49:45,8980.0,400.0,287700.0
92,2021-10-18 06:49:45,8980.0,1000.0,287300.0
93,2021-10-18 06:49:43,8980.0,2000.0,286300.0
94,2021-10-18 06:49:27,8980.0,100.0,284300.0
95,2021-10-18 06:49:05,8980.0,1400.0,284200.0
96,2021-10-18 06:48:49,8980.0,600.0,282800.0
97,2021-10-18 06:48:49,8980.0,100.0,282200.0
98,2021-10-18 06:47:08,8980.0,200.0,282100.0
99,2021-10-18 06:47:08,8980.0,100.0,281900.0
100,2021-10-18 06:47:08,8980.0,700.0,281800.0
101,2021-10-18 06:46:35,8980.0,2300.0,281100.0
102,2021-10-18 06:46:35,8980.0,200.0,278800.0
103,2021-10-18 06:46:35,8980.0,2500.0,278600.0
104,2021-10-18 06:46:32,8980.0,700.0,276100.0
105,2021-10-18 06:45:42,8980.0,100.0,275400.0
106,2021-10-18 06:45:34,8990.0,1000.0,275300.0
107,2021-10-18 06:45:12,8990.0,2300.0,274300.0
108,2021-10-18 06:43:06,8990.0,1900.0,272000.0
109,2021-10-18 06:43:06,8990.0,1000.0,270100.0
110,2021-10-18 06:43:06,8990.0,1100.0,269100.0
111,2021-10-18 06:42:55,8990.0,500.0,268000.0
112,2021-10-18 06:41:19,8980.0,1000.0,267500.0
113,2021-10-18 06:39:19,8990.0,300.0,266500.0
114,2021-10-18 06:38:44,8990.0,100.0,266200.0
115,2021-10-18 06:38:24,8980.0,700.0,266100.0
116,2021-10-18 06:37:36,8990.0,300.0,265400.0
117,2021-10-18 06:37:29,8990.0,100.0,265100.0
118,2021-10-18 06:37:17,8990.0,400.0,265000.0
119,2021-10-18 06:37:13,8990.0,100.0,264600.0
120,2021-10-18 06:37:13,8990.0,200.0,264500.0
121,2021-10-18 06:35:34,8990.0,100.0,264300.0
122,2021-10-18 06:35:34,8990.0,400.0,264200.0
123,2021-10-18 06:31:31,8990.0,4600.0,263800.0
124,2021-10-18 06:30:48,8990.0,5000.0,259200.0
125,2021-10-18 06:30:48,8990.0,400.0,254200.0
126,2021-10-18 06:29:02,9000.0,1100.0,253800.0
127,2021-10-18 06:29:02,9000.0,900.0,252700.0
128,2021-10-18 06:28:59,8990.0,600.0,251800.0
129,2021-10-18 06:27:32,9000.0,600.0,251200.0
130,2021-10-18 06:27:32,9000.0,100.0,250600.0
131,2021-10-18 06:27:32,9000.0,500.0,250500.0
132,2021-10-18 06:27:32,9000.0,200.0,250000.0
133,2021-10-18 06:27:32,9000.0,500.0,249800.0
134,2021-10-18 06:27:32,9000.0,600.0,249300.0
135,2021-10-18 06:27:32,8990.0,500.0,248700.0
136,2021-10-18 06:26:58,8990.0,2500.0,248200.0
137,2021-10-18 06:26:37,8990.0,500.0,245700.0
138,2021-10-18 06:25:08,8990.0,100.0,245200.0
139,2021-10-18 06:25:08,8990.0,400.0,245100.0
140,2021-10-18 06:24:41,8990.0,100.0,244700.0
141,2021-10-18 06:21:47,8990.0,1000.0,244600.0
142,2021-10-18 06:21:39,8970.0,200.0,243600.0
143,2021-10-18 06:21:39,8970.0,1000.0,243400.0
144,2021-10-18 06:21:39,8970.0,100.0,242400.0
145,2021-10-18 06:21:39,8980.0,400.0,242300.0
146,2021-10-18 06:20:21,8990.0,400.0,241900.0
147,2021-10-18 06:19:42,8980.0,600.0,241500.0
148,2021-10-18 06:19:12,8970.0,900.0,240900.0
149,2021-10-18 06:19:12,8970.0,1000.0,240000.0
150,2021-10-18 06:19:12,8970.0,600.0,239000.0
151,2021-10-18 06:17:39,8980.0,100.0,238400.0
152,2021-10-18 06:17:01,8980.0,200.0,238300.0
153,2021-10-18 06:16:50,8980.0,100.0,238100.0
154,2021-10-18 06:16:34,8980.0,1000.0,238000.0
155,2021-10-18 06:16:01,8980.0,1200.0,237000.0
156,2021-10-18 06:15:29,8980.0,100.0,235800.0
157,2021-10-18 06:15:29,8980.0,100.0,235700.0
158,2021-10-18 06:14:27,8970.0,200.0,235600.0
159,2021-10-18 06:14:27,8970.0,100.0,235400.0
160,2021-10-18 06:13:38,8970.0,100.0,235300.0
161,2021-10-18 06:12:38,8970.0,800.0,235200.0
162,2021-10-18 06:12:29,8970.0,5000.0,234400.0
163,2021-10-18 06:11:57,8970.0,3000.0,229400.0
164,2021-10-18 06:09:43,8970.0,2400.0,226400.0
165,2021-10-18 06:09:08,8970.0,2000.0,224000.0
166,2021-10-18 06:08:55,8970.0,2000.0,222000.0
167,2021-10-18 06:08:35,8970.0,100.0,220000.0
168,2021-10-18 06:08:25,8970.0,1000.0,219900.0
169,2021-10-18 06:08:00,8970.0,1000.0,218900.0
170,2021-10-18 06:08:00,8970.0,100.0,217900.0
171,2021-10-18 06:08:00,8970.0,1200.0,217800.0
172,2021-10-18 06:07:03,8970.0,100.0,216600.0
173,2021-10-18 06:05:48,8970.0,300.0,216500.0
174,2021-10-18 06:05:47,8970.0,400.0,216200.0
175,2021-10-18 06:05:47,8970.0,100.0,215800.0
176,2021-10-18 06:05:47,8970.0,100.0,215700.0
177,2021-10-18 06:05:47,8970.0,500.0,215600.0
178,2021-10-18 06:05:47,8970.0,100.0,215100.0
179,2021-10-18 06:05:47,8970.0,800.0,215000.0
180,2021-10-18 06:05:10,8970.0,200.0,214200.0
181,2021-10-18 06:05:10,8970.0,3000.0,214000.0
182,2021-10-18 06:05:10,8970.0,2100.0,211000.0
183,2021-10-18 06:04:59,8980.0,1000.0,208900.0
184,2021-10-18 06:04:53,8980.0,1000.0,207900.0
185,2021-10-18 06:04:40,8980.0,200.0,206900.0
186,2021-10-18 06:04:08,8980.0,2000.0,206700.0
187,2021-10-18 06:04:08,8980.0,200.0,204700.0
188,2021-10-18 06:02:03,8980.0,800.0,204500.0
189,2021-10-18 06:01:58,8980.0,700.0,203700.0
190,2021-10-18 06:01:47,8980.0,300.0,203000.0
191,2021-10-18 06:01:05,8980.0,100.0,202700.0
192,2021-10-18 06:01:05,8980.0,100.0,202600.0
193,2021-10-18 06:00:05,8990.0,100.0,202500.0
194,2021-10-18 06:00:00,8990.0,800.0,202400.0
195,2021-10-18 06:00:00,8990.0,1000.0,201600.0
196,2021-10-18 06:00:00,8990.0,1000.0,200600.0
197,2021-10-18 06:00:00,8990.0,800.0,199600.0
198,2021-10-18 04:29:57,8990.0,100.0,198800.0
199,2021-10-18 04:27:22,8970.0,500.0,198700.0
200,2021-10-18 04:27:22,8980.0,100.0,198200.0
201,2021-10-18 04:22:49,8970.0,2400.0,198100.0
202,2021-10-18 04:21:41,8970.0,100.0,195700.0
203,2021-10-18 04:21:28,8970.0,100.0,195600.0
204,2021-10-18 04:21:03,8970.0,100.0,195500.0
205,2021-10-18 04:20:48,8970.0,100.0,195400.0
206,2021-10-18 04:20:48,8970.0,1500.0,195300.0
207,2021-10-18 04:20:48,8970.0,500.0,193800.0
208,2021-10-18 04:20:48,8970.0,1000.0,193300.0
209,2021-10-18 04:20:48,8970.0,500.0,192300.0
210,2021-10-18 04:20:48,8970.0,100.0,191800.0
211,2021-10-18 04:20:48,8970.0,500.0,191700.0
212,2021-10-18 04:20:48,8970.0,200.0,191200.0
213,2021-10-18 04:20:48,8970.0,100.0,191000.0
214,2021-10-18 04:20:48,8970.0,3000.0,190900.0
215,2021-10-18 04:19:58,8970.0,500.0,187900.0
216,2021-10-18 04:16:41,8970.0,2400.0,187400.0
217,2021-10-18 04:16:41,8970.0,1400.0,185000.0
218,2021-10-18 04:15:05,8980.0,200.0,183600.0
219,2021-10-18 04:13:43,8980.0,500.0,183400.0
220,2021-10-18 04:13:43,8980.0,200.0,182900.0
221,2021-10-18 04:13:37,8970.0,3600.0,182700.0
222,2021-10-18 04:13:37,8970.0,1400.0,179100.0
223,2021-10-18 04:13:13,8980.0,1000.0,177700.0
224,2021-10-18 04:12:57,8980.0,1800.0,176700.0
225,2021-10-18 04:11:56,8980.0,200.0,174900.0
226,2021-10-18 04:11:56,8980.0,1000.0,174700.0
227,2021-10-18 04:11:56,8980.0,100.0,173700.0
228,2021-10-18 04:11:56,8980.0,200.0,173600.0
229,2021-10-18 04:11:56,8980.0,500.0,173400.0
230,2021-10-18 04:10:02,8990.0,100.0,172900.0
231,2021-10-18 04:08:11,8980.0,200.0,172800.0
232,2021-10-18 04:02:41,8980.0,100.0,172600.0
233,2021-10-18 03:58:24,8980.0,200.0,172500.0
234,2021-10-18 03:55:36,8970.0,600.0,172300.0
235,2021-10-18 03:55:36,8970.0,300.0,171700.0
236,2021-10-18 03:55:36,8970.0,1000.0,171400.0
237,2021-10-18 03:55:35,8980.0,600.0,170400.0
238,2021-10-18 03:55:34,8980.0,400.0,169800.0
239,2021-10-18 03:54:36,8980.0,100.0,169400.0
240,2021-10-18 03:54:11,8980.0,500.0,169300.0
241,2021-10-18 03:54:11,8980.0,100.0,168800.0
242,2021-10-18 03:54:00,8980.0,100.0,168700.0
243,2021-10-18 03:54:00,8980.0,300.0,168600.0
244,2021-10-18 03:54:00,8980.0,100.0,168300.0
245,2021-10-18 03:54:00,8980.0,500.0,168200.0
246,2021-10-18 03:53:22,8990.0,100.0,167700.0
247,2021-10-18 03:52:43,8990.0,300.0,167600.0
248,2021-10-18 03:52:31,8980.0,100.0,167300.0
249,2021-10-18 03:52:31,8990.0,500.0,167200.0
250,2021-10-18 03:52:31,8990.0,2000.0,166700.0
251,2021-10-18 03:52:31,8990.0,500.0,164700.0
252,2021-10-18 03:52:31,8990.0,100.0,164200.0
253,2021-10-18 03:52:31,8990.0,300.0,164100.0
254,2021-10-18 03:52:22,8990.0,1000.0,163800.0
255,2021-10-18 03:49:17,8990.0,700.0,162800.0
256,2021-10-18 03:49:17,8990.0,200.0,162100.0
257,2021-10-18 03:49:17,8990.0,1000.0,161900.0
258,2021-10-18 03:49:17,8990.0,500.0,160900.0
259,2021-10-18 03:49:17,8990.0,200.0,160400.0
260,2021-10-18 03:49:17,8990.0,1500.0,160200.0
261,2021-10-18 03:49:17,8990.0,1900.0,158700.0
262,2021-10-18 03:49:08,8990.0,500.0,156800.0
263,2021-10-18 03:48:16,8990.0,2600.0,156300.0
264,2021-10-18 03:48:16,8990.0,1000.0,153700.0
265,2021-10-18 03:48:16,8990.0,500.0,152700.0
266,2021-10-18 03:47:28,9000.0,100.0,152200.0
267,2021-10-18 03:47:03,9000.0,400.0,152100.0
268,2021-10-18 03:47:03,9000.0,500.0,151700.0
269,2021-10-18 03:47:03,9000.0,1600.0,151200.0
270,2021-10-18 03:46:34,9000.0,2400.0,149600.0
271,2021-10-18 03:46:34,9000.0,200.0,147200.0
272,2021-10-18 03:46:34,9000.0,100.0,147000.0
273,2021-10-18 03:46:34,9000.0,200.0,146900.0
274,2021-10-18 03:46:34,9000.0,300.0,146700.0
275,2021-10-18 03:46:34,9000.0,100.0,146400.0
276,2021-10-18 03:46:34,9000.0,4000.0,146300.0
277,2021-10-18 03:46:34,9000.0,2700.0,142300.0
278,2021-10-18 03:46:22,9010.0,500.0,139600.0
279,2021-10-18 03:46:22,9010.0,400.0,139100.0
280,2021-10-18 03:45:52,9010.0,500.0,138700.0
281,2021-10-18 03:45:52,9010.0,100.0,138200.0
282,2021-10-18 03:43:19,9020.0,200.0,138100.0
283,2021-10-18 03:43:19,9010.0,300.0,137900.0
284,2021-10-18 03:42:01,9020.0,200.0,137600.0
285,2021-10-18 03:40:19,9020.0,300.0,137400.0
286,2021-10-18 03:38:00,9000.0,2300.0,137100.0
287,2021-10-18 03:38:00,9000.0,100.0,134800.0
288,2021-10-18 03:38:00,9000.0,700.0,134700.0
289,2021-10-18 03:37:48,9000.0,300.0,134000.0
290,2021-10-18 03:37:48,9000.0,800.0,133700.0
291,2021-10-18 03:37:48,9000.0,1500.0,132900.0
292,2021-10-18 03:37:48,9000.0,400.0,131400.0
293,2021-10-18 03:37:48,9000.0,100.0,131000.0
294,2021-10-18 03:37:48,9000.0,100.0,130900.0
295,2021-10-18 03:37:48,9000.0,1000.0,130800.0
296,2021-10-18 03:37:48,9000.0,100.0,129800.0
297,2021-10-18 03:37:48,9000.0,5700.0,129700.0
298,2021-10-18 03:36:19,9020.0,600.0,124000.0
299,2021-10-18 03:34:59,9010.0,400.0,123400.0
300,2021-10-18 03:34:59,9010.0,1600.0,123000.0
301,2021-10-18 03:33:13,9010.0,400.0,121400.0
302,2021-10-18 03:33:13,9010.0,400.0,121000.0
303,2021-10-18 03:33:13,9010.0,2000.0,120600.0
304,2021-10-18 03:33:13,9010.0,200.0,118600.0
305,2021-10-18 03:33:13,9010.0,2000.0,118400.0
306,2021-10-18 03:32:00,9020.0,300.0,116400.0
307,2021-10-18 03:32:00,9020.0,5000.0,116100.0
308,2021-10-18 03:32:00,9020.0,2000.0,111100.0
309,2021-10-18 03:32:00,9020.0,100.0,109100.0
310,2021-10-18 03:31:26,9020.0,200.0,109000.0
311,2021-10-18 03:31:26,9020.0,1000.0,108800.0
312,2021-10-18 03:31:26,9020.0,1000.0,107800.0
313,2021-10-18 03:31:26,9020.0,2000.0,106800.0
314,2021-10-18 03:31:26,9020.0,300.0,104800.0
315,2021-10-18 03:31:26,9020.0,1000.0,104500.0
316,2021-10-18 03:31:26,9020.0,1000.0,103500.0
317,2021-10-18 03:31:26,9020.0,500.0,102500.0
318,2021-10-18 03:28:01,9040.0,100.0,102000.0
319,2021-10-18 03:24:43,9040.0,500.0,101900.0
320,2021-10-18 03:24:03,9040.0,400.0,101400.0
321,2021-10-18 03:24:03,9040.0,300.0,101000.0
322,2021-10-18 03:24:03,9040.0,300.0,100700.0
323,2021-10-18 03:22:06,9030.0,5000.0,100400.0
324,2021-10-18 03:20:35,9020.0,1500.0,95400.0
325,2021-10-18 03:20:35,9020.0,100.0,93900.0
326,2021-10-18 03:20:35,9020.0,200.0,93800.0
327,2021-10-18 03:20:35,9030.0,200.0,93600.0
328,2021-10-18 03:16:35,9030.0,100.0,93400.0
329,2021-10-18 03:16:31,9020.0,1800.0,93300.0
330,2021-10-18 03:16:24,9020.0,100.0,91500.0
331,2021-10-18 03:16:24,9020.0,300.0,91400.0
332,2021-10-18 03:16:24,9020.0,2000.0,91100.0
333,2021-10-18 03:16:24,9020.0,800.0,89100.0
334,2021-10-18 03:15:54,9020.0,200.0,88300.0
335,2021-10-18 03:15:54,9020.0,2000.0,88100.0
336,2021-10-18 03:14:21,9030.0,1000.0,86100.0
337,2021-10-18 03:14:21,9030.0,600.0,85100.0
338,2021-10-18 03:14:21,9030.0,2200.0,84500.0
339,2021-10-18 03:14:21,9030.0,1100.0,82300.0
340,2021-10-18 03:13:10,9040.0,300.0,81200.0
341,2021-10-18 03:12:51,9040.0,200.0,80900.0
342,2021-10-18 03:12:47,9040.0,500.0,80700.0
343,2021-10-18 03:12:31,9030.0,100.0,80200.0
344,2021-10-18 03:12:00,9030.0,1800.0,80100.0
345,2021-10-18 03:11:09,9030.0,1000.0,78300.0
346,2021-10-18 03:11:09,9030.0,1000.0,77300.0
347,2021-10-18 03:10:39,9040.0,1200.0,76300.0
348,2021-10-18 03:09:59,9040.0,300.0,75100.0
349,2021-10-18 03:08:35,9030.0,1000.0,74800.0
350,2021-10-18 03:08:35,9030.0,100.0,73800.0
351,2021-10-18 03:08:35,9030.0,100.0,73700.0
352,2021-10-18 03:08:35,9030.0,400.0,73600.0
353,2021-10-18 03:07:01,9040.0,100.0,73200.0
354,2021-10-18 03:06:53,9050.0,1000.0,73100.0
355,2021-10-18 03:06:36,9030.0,100.0,72100.0
356,2021-10-18 03:06:16,9050.0,3000.0,72000.0
357,2021-10-18 03:05:56,9050.0,200.0,69000.0
358,2021-10-18 03:03:29,9050.0,100.0,68800.0
359,2021-10-18 03:03:29,9040.0,200.0,68700.0
360,2021-10-18 03:02:45,9040.0,1800.0,68500.0
361,2021-10-18 03:01:13,9040.0,2000.0,66700.0
362,2021-10-18 03:01:00,9040.0,200.0,64700.0
363,2021-10-18 03:01:00,9030.0,200.0,64500.0
364,2021-10-18 03:00:12,9030.0,800.0,64300.0
365,2021-10-18 03:00:12,9030.0,200.0,63500.0
366,2021-10-18 03:00:12,9030.0,4000.0,63300.0
367,2021-10-18 02:58:30,9030.0,1000.0,59300.0
368,2021-10-18 02:58:30,9030.0,1000.0,58300.0
369,2021-10-18 02:58:30,9030.0,4000.0,57300.0
370,2021-10-18 02:58:30,9020.0,2000.0,53300.0
371,2021-10-18 02:58:16,9020.0,1700.0,51300.0
372,2021-10-18 02:58:16,9020.0,1000.0,49600.0
373,2021-10-18 02:58:16,9020.0,300.0,48600.0
374,2021-10-18 02:58:08,9030.0,800.0,48300.0
375,2021-10-18 02:56:21,9030.0,200.0,47500.0
376,2021-10-18 02:56:07,9020.0,200.0,47300.0
377,2021-10-18 02:56:04,9020.0,100.0,47100.0
378,2021-10-18 02:55:57,9020.0,200.0,47000.0
379,2021-10-18 02:55:57,9020.0,500.0,46800.0
380,2021-10-18 02:55:57,9020.0,1300.0,46300.0
381,2021-10-18 02:55:50,9020.0,700.0,45000.0
382,2021-10-18 02:55:50,9020.0,1200.0,44300.0
383,2021-10-18 02:55:50,9020.0,100.0,43100.0
384,2021-10-18 02:54:04,9020.0,200.0,43000.0
385,2021-10-18 02:52:07,9020.0,200.0,42800.0
386,2021-10-18 02:51:45,9020.0,500.0,42600.0
387,2021-10-18 02:51:14,9020.0,800.0,42100.0
388,2021-10-18 02:50:59,9020.0,100.0,41300.0
389,2021-10-18 02:50:45,9020.0,2400.0,41200.0
390,2021-10-18 02:50:45,9020.0,600.0,38800.0
391,2021-10-18 02:50:43,9010.0,900.0,38200.0
392,2021-10-18 02:50:21,9020.0,400.0,37300.0
393,2021-10-18 02:49:00,9010.0,500.0,36900.0
394,2021-10-18 02:48:50,9010.0,400.0,36400.0
395,2021-10-18 02:48:18,9010.0,100.0,36000.0
396,2021-10-18 02:48:18,9010.0,900.0,35900.0
397,2021-10-18 02:48:16,9010.0,100.0,35000.0
398,2021-10-18 02:48:16,9010.0,200.0,34900.0
399,2021-10-18 02:48:16,9010.0,100.0,34700.0
400,2021-10-18 02:44:39,9010.0,900.0,34600.0
401,2021-10-18 02:44:39,9010.0,900.0,33700.0
402,2021-10-18 02:44:39,9010.0,100.0,32800.0
403,2021-10-18 02:44:39,9010.0,100.0,32700.0
404,2021-10-18 02:42:54,9010.0,100.0,32600.0
405,2021-10-18 02:42:11,9010.0,100.0,32500.0
406,2021-10-18 02:41:46,9010.0,300.0,32400.0
407,2021-10-18 02:41:23,9010.0,200.0,32100.0
408,2021-10-18 02:41:23,9010.0,100.0,31900.0
409,2021-10-18 02:41:23,9010.0,100.0,31800.0
410,2021-10-18 02:41:23,9010.0,200.0,31700.0
411,2021-10-18 02:37:20,9010.0,100.0,31500.0
412,2021-10-18 02:34:44,9020.0,100.0,31400.0
413,2021-10-18 02:34:44,9020.0,900.0,31300.0
414,2021-10-18 02:34:44,9020.0,2000.0,30400.0
415,2021-10-18 02:34:22,9020.0,1000.0,28400.0
416,2021-10-18 02:34:15,9020.0,400.0,27400.0
417,2021-10-18 02:34:15,9020.0,200.0,27000.0
418,2021-10-18 02:34:15,9020.0,100.0,26800.0
419,2021-10-18 02:34:15,9020.0,1300.0,26700.0
420,2021-10-18 02:33:51,9020.0,500.0,25400.0
421,2021-10-18 02:32:58,9020.0,2000.0,24900.0
422,2021-10-18 02:32:07,9000.0,300.0,22900.0
423,2021-10-18 02:30:55,9000.0,100.0,22600.0
424,2021-10-18 02:30:55,9000.0,100.0,22500.0
425,2021-10-18 02:30:55,9000.0,100.0,22400.0
426,2021-10-18 02:30:55,9000.0,500.0,22300.0
427,2021-10-18 02:30:55,9000.0,500.0,21800.0
428,2021-10-18 02:30:55,9000.0,1200.0,21300.0
429,2021-10-18 02:30:55,9000.0,800.0,20100.0
430,2021-10-18 02:30:55,9000.0,1000.0,19300.0
431,2021-10-18 02:30:55,9000.0,1000.0,18300.0
432,2021-10-18 02:30:55,9000.0,1500.0,17300.0
433,2021-10-18 02:30:53,9010.0,300.0,15800.0
434,2021-10-18 02:30:17,9010.0,100.0,15500.0
435,2021-10-18 02:30:17,9010.0,100.0,15400.0
436,2021-10-18 02:30:17,9010.0,200.0,15300.0
437,2021-10-18 02:27:47,9010.0,400.0,15100.0
438,2021-10-18 02:27:47,9010.0,900.0,14700.0
439,2021-10-18 02:27:34,9010.0,3000.0,13800.0
440,2021-10-18 02:27:30,9020.0,100.0,10800.0
441,2021-10-18 02:26:34,9020.0,200.0,10700.0
442,2021-10-18 02:26:29,9010.0,500.0,10500.0
443,2021-10-18 02:25:31,9010.0,2000.0,10000.0
444,2021-10-18 02:25:31,9010.0,300.0,8000.0
445,2021-10-18 02:23:12,9020.0,100.0,7700.0
446,2021-10-18 02:22:33,9020.0,100.0,7600.0
447,2021-10-18 02:20:23,9020.0,400.0,7500.0
448,2021-10-18 02:20:06,9020.0,300.0,7100.0
449,2021-10-18 02:19:54,9010.0,100.0,6800.0
450,2021-10-18 02:19:33,9010.0,100.0,6700.0
451,2021-10-18 02:19:33,9010.0,200.0,6600.0
452,2021-10-18 02:19:33,9010.0,100.0,6400.0
453,2021-10-18 02:19:33,9010.0,300.0,6300.0
454,2021-10-18 02:19:03,9010.0,200.0,6000.0
455,2021-10-18 02:18:43,9010.0,500.0,5800.0
456,2021-10-18 02:17:41,9020.0,100.0,5300.0
457,2021-10-18 02:17:28,9020.0,500.0,5200.0
458,2021-10-18 02:16:44,9020.0,400.0,4700.0
459,2021-10-18 02:16:29,9020.0,100.0,4300.0
460,2021-10-18 02:15:01,9020.0,500.0,4200.0
461,2021-10-18 02:15:01,9020.0,900.0,3700.0
462,2021-10-18 02:15:01,9020.0,300.0,2800.0
463,2021-10-18 02:15:01,9020.0,100.0,2500.0
464,2021-10-18 02:15:01,9020.0,400.0,2400.0
465,2021-10-18 02:15:01,9020.0,100.0,2000.0
466,2021-10-18 02:15:01,9020.0,300.0,1900.0
467,2021-10-18 02:15:01,9020.0,200.0,1600.0
468,2021-10-18 02:15:01,9020.0,100.0,1400.0
469,2021-10-18 02:15:01,9020.0,1000.0,1300.0
470,2021-10-18 02:15:01,9020.0,300.0,300.0
