,Time,Price,Volume_per_trade,Volume
0,2021-10-12 07:45:00,29050.0,100.0,6067700.0
1,2021-10-12 07:45:00,29050.0,100.0,6067600.0
2,2021-10-12 07:45:00,29050.0,100.0,6067500.0
3,2021-10-12 07:45:00,29050.0,200.0,6067400.0
4,2021-10-12 07:45:00,29050.0,40400.0,6067200.0
5,2021-10-12 07:45:00,29050.0,5000.0,6026800.0
6,2021-10-12 07:45:00,29050.0,300.0,6021800.0
7,2021-10-12 07:45:00,29050.0,1000.0,6021500.0
8,2021-10-12 07:45:00,29050.0,2000.0,6020500.0
9,2021-10-12 07:45:00,29050.0,7000.0,6018500.0
10,2021-10-12 07:45:00,29050.0,10500.0,6011500.0
11,2021-10-12 07:45:00,29050.0,3400.0,6001000.0
12,2021-10-12 07:45:00,29050.0,5000.0,5997600.0
13,2021-10-12 07:45:00,29050.0,2700.0,5992600.0
14,2021-10-12 07:45:00,29050.0,3000.0,5989900.0
15,2021-10-12 07:45:00,29050.0,100.0,5986900.0
16,2021-10-12 07:45:00,29050.0,2000.0,5986800.0
17,2021-10-12 07:45:00,29050.0,2000.0,5984800.0
18,2021-10-12 07:45:00,29050.0,500.0,5982800.0
19,2021-10-12 07:45:00,29050.0,1000.0,5982300.0
20,2021-10-12 07:45:00,29050.0,1000.0,5981300.0
21,2021-10-12 07:45:00,29050.0,200.0,5980300.0
22,2021-10-12 07:45:00,29050.0,1000.0,5980100.0
23,2021-10-12 07:45:00,29050.0,300.0,5979100.0
24,2021-10-12 07:45:00,29050.0,2000.0,5978800.0
25,2021-10-12 07:45:00,29050.0,300.0,5976800.0
26,2021-10-12 07:45:00,29050.0,5000.0,5976500.0
27,2021-10-12 07:45:00,29050.0,100.0,5971500.0
28,2021-10-12 07:45:00,29050.0,500.0,5971400.0
29,2021-10-12 07:45:00,29050.0,200.0,5970900.0
30,2021-10-12 07:45:00,29050.0,100.0,5970700.0
31,2021-10-12 07:45:00,29050.0,8800.0,5970600.0
32,2021-10-12 07:45:00,29050.0,300.0,5961800.0
33,2021-10-12 07:45:00,29050.0,100.0,5961500.0
34,2021-10-12 07:45:00,29050.0,800.0,5961400.0
35,2021-10-12 07:45:00,29050.0,1200.0,5960600.0
36,2021-10-12 07:45:00,29050.0,1000.0,5959400.0
37,2021-10-12 07:45:00,29050.0,1000.0,5958400.0
38,2021-10-12 07:45:00,29050.0,1600.0,5957400.0
39,2021-10-12 07:45:00,29050.0,1000.0,5955800.0
40,2021-10-12 07:45:00,29050.0,1000.0,5954800.0
41,2021-10-12 07:45:00,29050.0,600.0,5953800.0
42,2021-10-12 07:45:00,29050.0,300.0,5953200.0
43,2021-10-12 07:45:00,29050.0,2300.0,5952900.0
44,2021-10-12 07:45:00,29050.0,200.0,5950600.0
45,2021-10-12 07:45:00,29050.0,500.0,5950400.0
46,2021-10-12 07:45:00,29050.0,100.0,5949900.0
47,2021-10-12 07:45:00,29050.0,500.0,5949800.0
48,2021-10-12 07:45:00,29050.0,5000.0,5949300.0
49,2021-10-12 07:45:00,29050.0,200.0,5944300.0
50,2021-10-12 07:45:00,29050.0,900.0,5944100.0
51,2021-10-12 07:45:00,29050.0,300.0,5943200.0
52,2021-10-12 07:45:00,29050.0,100.0,5942900.0
53,2021-10-12 07:29:58,29050.0,1000.0,5942800.0
54,2021-10-12 07:29:49,29050.0,5000.0,5941800.0
55,2021-10-12 07:29:35,29000.0,400.0,5936800.0
56,2021-10-12 07:29:35,28950.0,200.0,5936400.0
57,2021-10-12 07:29:35,28950.0,1000.0,5936200.0
58,2021-10-12 07:29:35,28950.0,300.0,5935200.0
59,2021-10-12 07:29:35,28950.0,1000.0,5934900.0
60,2021-10-12 07:29:35,28950.0,500.0,5933900.0
61,2021-10-12 07:29:28,29000.0,500.0,5933400.0
62,2021-10-12 07:29:25,29000.0,200.0,5932900.0
63,2021-10-12 07:29:22,29000.0,100.0,5932700.0
64,2021-10-12 07:29:12,29000.0,400.0,5932600.0
65,2021-10-12 07:29:06,29000.0,2000.0,5932200.0
66,2021-10-12 07:29:05,29000.0,5000.0,5930200.0
67,2021-10-12 07:28:59,29000.0,500.0,5925200.0
68,2021-10-12 07:28:58,29000.0,200.0,5924700.0
69,2021-10-12 07:28:56,29000.0,1500.0,5924500.0
70,2021-10-12 07:28:51,29000.0,300.0,5923000.0
71,2021-10-12 07:28:51,29000.0,2700.0,5922700.0
72,2021-10-12 07:28:46,29000.0,100.0,5920000.0
73,2021-10-12 07:28:44,29000.0,200.0,5919900.0
74,2021-10-12 07:28:42,29000.0,1000.0,5919700.0
75,2021-10-12 07:28:39,28950.0,200.0,5918700.0
76,2021-10-12 07:28:39,28950.0,1000.0,5918500.0
77,2021-10-12 07:28:39,28950.0,100.0,5917500.0
78,2021-10-12 07:28:39,28950.0,1000.0,5917400.0
79,2021-10-12 07:28:39,28950.0,200.0,5916400.0
80,2021-10-12 07:28:39,28950.0,800.0,5916200.0
81,2021-10-12 07:28:39,28950.0,500.0,5915400.0
82,2021-10-12 07:28:39,28950.0,100.0,5914900.0
83,2021-10-12 07:28:39,28950.0,200.0,5914800.0
84,2021-10-12 07:28:39,29000.0,1000.0,5914600.0
85,2021-10-12 07:28:39,29000.0,100.0,5913600.0
86,2021-10-12 07:28:39,29000.0,1000.0,5913500.0
87,2021-10-12 07:28:39,29000.0,500.0,5912500.0
88,2021-10-12 07:28:39,29000.0,1000.0,5912000.0
89,2021-10-12 07:28:39,29000.0,400.0,5911000.0
90,2021-10-12 07:28:39,29000.0,100.0,5910600.0
91,2021-10-12 07:28:39,29000.0,100.0,5910500.0
92,2021-10-12 07:28:39,29000.0,2700.0,5910400.0
93,2021-10-12 07:28:39,29000.0,100.0,5907700.0
94,2021-10-12 07:28:39,29000.0,500.0,5907600.0
95,2021-10-12 07:28:39,29000.0,100.0,5907100.0
96,2021-10-12 07:28:39,29000.0,300.0,5907000.0
97,2021-10-12 07:28:39,29000.0,200.0,5906700.0
98,2021-10-12 07:28:39,29000.0,1000.0,5906500.0
99,2021-10-12 07:28:39,29000.0,2000.0,5905500.0
100,2021-10-12 07:28:39,29000.0,1000.0,5903500.0
101,2021-10-12 07:28:39,29000.0,3000.0,5902500.0
102,2021-10-12 07:28:39,29000.0,3000.0,5899500.0
103,2021-10-12 07:28:39,29000.0,400.0,5896500.0
104,2021-10-12 07:28:39,29000.0,1000.0,5896100.0
105,2021-10-12 07:28:39,29000.0,1000.0,5895100.0
106,2021-10-12 07:28:39,29000.0,500.0,5894100.0
107,2021-10-12 07:28:39,29000.0,100.0,5893600.0
108,2021-10-12 07:28:39,29000.0,2000.0,5893500.0
109,2021-10-12 07:28:39,29000.0,200.0,5891500.0
110,2021-10-12 07:28:39,29000.0,100.0,5891300.0
111,2021-10-12 07:28:39,29000.0,20000.0,5891200.0
112,2021-10-12 07:28:39,29000.0,400.0,5871200.0
113,2021-10-12 07:28:39,29000.0,200.0,5870800.0
114,2021-10-12 07:28:39,29000.0,300.0,5870600.0
115,2021-10-12 07:28:39,29000.0,2000.0,5870300.0
116,2021-10-12 07:28:39,29000.0,100.0,5868300.0
117,2021-10-12 07:28:39,29000.0,200.0,5868200.0
118,2021-10-12 07:28:39,29000.0,13600.0,5868000.0
119,2021-10-12 07:28:34,29050.0,200.0,5854400.0
120,2021-10-12 07:28:33,29050.0,1000.0,5854200.0
121,2021-10-12 07:28:24,29050.0,300.0,5853200.0
122,2021-10-12 07:28:19,29050.0,1500.0,5852900.0
123,2021-10-12 07:28:13,29050.0,1000.0,5851400.0
124,2021-10-12 07:28:08,29050.0,500.0,5850400.0
125,2021-10-12 07:28:06,29050.0,200.0,5849900.0
126,2021-10-12 07:27:39,29050.0,500.0,5849700.0
127,2021-10-12 07:27:30,29000.0,1000.0,5849200.0
128,2021-10-12 07:27:19,29050.0,100.0,5848200.0
129,2021-10-12 07:27:10,29050.0,200.0,5848100.0
130,2021-10-12 07:27:09,29000.0,1000.0,5847900.0
131,2021-10-12 07:27:03,29050.0,3000.0,5846900.0
132,2021-10-12 07:26:53,29000.0,3000.0,5843900.0
133,2021-10-12 07:26:52,29050.0,1400.0,5840900.0
134,2021-10-12 07:26:28,29050.0,600.0,5839500.0
135,2021-10-12 07:25:55,29050.0,400.0,5838900.0
136,2021-10-12 07:25:53,29050.0,200.0,5838500.0
137,2021-10-12 07:25:17,29050.0,2900.0,5838300.0
138,2021-10-12 07:25:07,29050.0,500.0,5835400.0
139,2021-10-12 07:25:04,29000.0,1400.0,5834900.0
140,2021-10-12 07:25:04,29000.0,3600.0,5833500.0
141,2021-10-12 07:25:02,29000.0,6000.0,5829900.0
142,2021-10-12 07:24:34,29000.0,1500.0,5823900.0
143,2021-10-12 07:24:30,29000.0,200.0,5822400.0
144,2021-10-12 07:24:30,29000.0,3000.0,5822200.0
145,2021-10-12 07:24:30,29000.0,2000.0,5819200.0
146,2021-10-12 07:24:30,29000.0,33700.0,5817200.0
147,2021-10-12 07:24:26,29000.0,500.0,5783500.0
148,2021-10-12 07:24:24,29000.0,500.0,5783000.0
149,2021-10-12 07:23:45,29000.0,100.0,5782500.0
150,2021-10-12 07:23:14,29000.0,5800.0,5782400.0
151,2021-10-12 07:23:10,29000.0,500.0,5776600.0
152,2021-10-12 07:22:58,29000.0,5000.0,5776100.0
153,2021-10-12 07:22:57,29000.0,2600.0,5771100.0
154,2021-10-12 07:22:55,29000.0,100.0,5768500.0
155,2021-10-12 07:22:55,29000.0,100.0,5768400.0
156,2021-10-12 07:22:55,29000.0,1000.0,5768300.0
157,2021-10-12 07:22:55,29000.0,100.0,5767300.0
158,2021-10-12 07:22:51,29000.0,200.0,5767200.0
159,2021-10-12 07:22:43,29000.0,100.0,5767000.0
160,2021-10-12 07:22:43,29000.0,4600.0,5766900.0
161,2021-10-12 07:22:41,29000.0,300.0,5762300.0
162,2021-10-12 07:22:41,29000.0,300.0,5762000.0
163,2021-10-12 07:22:41,29000.0,200.0,5761700.0
164,2021-10-12 07:22:41,29000.0,200.0,5761500.0
165,2021-10-12 07:22:41,29000.0,100.0,5761300.0
166,2021-10-12 07:22:41,29000.0,300.0,5761200.0
167,2021-10-12 07:22:41,29000.0,300.0,5760900.0
168,2021-10-12 07:22:41,29000.0,500.0,5760600.0
169,2021-10-12 07:22:41,29000.0,500.0,5760100.0
170,2021-10-12 07:22:41,29000.0,1500.0,5759600.0
171,2021-10-12 07:22:41,29000.0,1000.0,5758100.0
172,2021-10-12 07:22:41,29000.0,500.0,5757100.0
173,2021-10-12 07:22:41,29000.0,400.0,5756600.0
174,2021-10-12 07:22:41,29000.0,1000.0,5756200.0
175,2021-10-12 07:22:41,29000.0,500.0,5755200.0
176,2021-10-12 07:22:41,29000.0,200.0,5754700.0
177,2021-10-12 07:22:41,29000.0,200.0,5754500.0
178,2021-10-12 07:22:41,29000.0,200.0,5754300.0
179,2021-10-12 07:22:41,29000.0,500.0,5754100.0
180,2021-10-12 07:22:41,29000.0,300.0,5753600.0
181,2021-10-12 07:22:41,29000.0,300.0,5753300.0
182,2021-10-12 07:22:41,29000.0,1000.0,5753000.0
183,2021-10-12 07:22:41,29000.0,5000.0,5752000.0
184,2021-10-12 07:22:41,29000.0,500.0,5747000.0
185,2021-10-12 07:22:41,29000.0,300.0,5746500.0
186,2021-10-12 07:22:41,29000.0,500.0,5746200.0
187,2021-10-12 07:22:41,29000.0,500.0,5745700.0
188,2021-10-12 07:22:41,29000.0,500.0,5745200.0
189,2021-10-12 07:22:41,29000.0,1000.0,5744700.0
190,2021-10-12 07:22:41,29000.0,200.0,5743700.0
191,2021-10-12 07:22:41,29000.0,1000.0,5743500.0
192,2021-10-12 07:22:41,29000.0,1000.0,5742500.0
193,2021-10-12 07:22:41,29000.0,24600.0,5741500.0
194,2021-10-12 07:22:29,29000.0,900.0,5716900.0
195,2021-10-12 07:22:29,29000.0,200.0,5716000.0
196,2021-10-12 07:22:29,29000.0,100.0,5715800.0
197,2021-10-12 07:22:29,29000.0,2200.0,5715700.0
198,2021-10-12 07:22:29,29000.0,300.0,5713500.0
199,2021-10-12 07:22:29,29000.0,200.0,5713200.0
200,2021-10-12 07:22:29,29000.0,100.0,5713000.0
201,2021-10-12 07:22:29,29000.0,100.0,5712900.0
202,2021-10-12 07:22:29,29000.0,100.0,5712800.0
203,2021-10-12 07:22:29,29000.0,100.0,5712700.0
204,2021-10-12 07:22:29,29000.0,1000.0,5712600.0
205,2021-10-12 07:22:29,29000.0,200.0,5711600.0
206,2021-10-12 07:22:29,29000.0,2500.0,5711400.0
207,2021-10-12 07:21:44,29000.0,1700.0,5708900.0
208,2021-10-12 07:21:40,29000.0,5800.0,5707200.0
209,2021-10-12 07:21:40,29000.0,4500.0,5701400.0
210,2021-10-12 07:21:40,29050.0,400.0,5696900.0
211,2021-10-12 07:21:38,29050.0,2400.0,5696500.0
212,2021-10-12 07:21:38,29050.0,2000.0,5694100.0
213,2021-10-12 07:21:24,29000.0,500.0,5692100.0
214,2021-10-12 07:21:24,29000.0,300.0,5691600.0
215,2021-10-12 07:21:24,29000.0,200.0,5691300.0
216,2021-10-12 07:20:59,29050.0,200.0,5691100.0
217,2021-10-12 07:20:58,29000.0,100.0,5690900.0
218,2021-10-12 07:20:58,29000.0,1000.0,5690800.0
219,2021-10-12 07:20:58,29000.0,500.0,5689800.0
220,2021-10-12 07:20:58,29000.0,3000.0,5689300.0
221,2021-10-12 07:20:58,29000.0,5000.0,5686300.0
222,2021-10-12 07:20:58,29000.0,300.0,5681300.0
223,2021-10-12 07:20:58,29000.0,900.0,5681000.0
224,2021-10-12 07:20:58,29000.0,10000.0,5680100.0
225,2021-10-12 07:20:58,29000.0,200.0,5670100.0
226,2021-10-12 07:20:58,29000.0,100.0,5669900.0
227,2021-10-12 07:20:58,29000.0,100.0,5669800.0
228,2021-10-12 07:20:58,29000.0,100.0,5669700.0
229,2021-10-12 07:20:58,29000.0,100.0,5669600.0
230,2021-10-12 07:20:58,29000.0,300.0,5669500.0
231,2021-10-12 07:20:58,29000.0,900.0,5669200.0
232,2021-10-12 07:20:58,29000.0,100.0,5668300.0
233,2021-10-12 07:20:58,29000.0,200.0,5668200.0
234,2021-10-12 07:20:58,29000.0,400.0,5668000.0
235,2021-10-12 07:20:58,29000.0,100.0,5667600.0
236,2021-10-12 07:20:58,29000.0,300.0,5667500.0
237,2021-10-12 07:20:58,29000.0,300.0,5667200.0
238,2021-10-12 07:20:58,29000.0,200.0,5666900.0
239,2021-10-12 07:20:58,29000.0,100.0,5666700.0
240,2021-10-12 07:20:58,29000.0,100.0,5666600.0
241,2021-10-12 07:20:58,29000.0,1000.0,5666500.0
242,2021-10-12 07:20:58,29000.0,400.0,5665500.0
243,2021-10-12 07:20:58,29000.0,500.0,5665100.0
244,2021-10-12 07:20:58,29000.0,200.0,5664600.0
245,2021-10-12 07:20:58,29000.0,500.0,5664400.0
246,2021-10-12 07:20:58,29000.0,2000.0,5663900.0
247,2021-10-12 07:20:58,29000.0,1000.0,5661900.0
248,2021-10-12 07:20:58,29000.0,200.0,5660900.0
249,2021-10-12 07:20:58,29000.0,1000.0,5660700.0
250,2021-10-12 07:20:39,29000.0,4000.0,5659700.0
251,2021-10-12 07:20:39,29000.0,100.0,5655700.0
252,2021-10-12 07:20:39,29000.0,900.0,5655600.0
253,2021-10-12 07:20:39,29000.0,5000.0,5654700.0
254,2021-10-12 07:20:39,29000.0,300.0,5649700.0
255,2021-10-12 07:20:39,29000.0,2000.0,5649400.0
256,2021-10-12 07:20:39,29000.0,200.0,5647400.0
257,2021-10-12 07:20:39,29000.0,1100.0,5647200.0
258,2021-10-12 07:20:39,29000.0,100.0,5646100.0
259,2021-10-12 07:20:39,29000.0,3000.0,5646000.0
260,2021-10-12 07:20:39,29000.0,5000.0,5643000.0
261,2021-10-12 07:20:39,29000.0,500.0,5638000.0
262,2021-10-12 07:20:39,29000.0,100.0,5637500.0
263,2021-10-12 07:20:39,29000.0,1000.0,5637400.0
264,2021-10-12 07:20:39,29000.0,100.0,5636400.0
265,2021-10-12 07:20:39,29000.0,1000.0,5636300.0
266,2021-10-12 07:20:39,29000.0,100.0,5635300.0
267,2021-10-12 07:20:39,29000.0,200.0,5635200.0
268,2021-10-12 07:20:39,29000.0,500.0,5635000.0
269,2021-10-12 07:20:39,29000.0,2000.0,5634500.0
270,2021-10-12 07:20:39,29000.0,1000.0,5632500.0
271,2021-10-12 07:20:39,29000.0,500.0,5631500.0
272,2021-10-12 07:20:39,29000.0,2000.0,5631000.0
273,2021-10-12 07:20:39,29000.0,1000.0,5629000.0
274,2021-10-12 07:20:39,29000.0,1000.0,5628000.0
275,2021-10-12 07:20:39,29000.0,1000.0,5627000.0
276,2021-10-12 07:20:39,29000.0,5000.0,5626000.0
277,2021-10-12 07:20:39,29000.0,100.0,5621000.0
278,2021-10-12 07:20:39,29000.0,200.0,5620900.0
279,2021-10-12 07:20:39,29000.0,400.0,5620700.0
280,2021-10-12 07:20:39,29000.0,5000.0,5620300.0
281,2021-10-12 07:20:39,29000.0,100.0,5615300.0
282,2021-10-12 07:20:39,29000.0,30000.0,5615200.0
283,2021-10-12 07:20:39,29000.0,500.0,5585200.0
284,2021-10-12 07:20:39,29000.0,100.0,5584700.0
285,2021-10-12 07:20:39,29000.0,100.0,5584600.0
286,2021-10-12 07:20:39,29000.0,200.0,5584500.0
287,2021-10-12 07:20:39,29000.0,200.0,5584300.0
288,2021-10-12 07:20:39,29000.0,100.0,5584100.0
289,2021-10-12 07:20:39,29000.0,100.0,5584000.0
290,2021-10-12 07:20:39,29000.0,100.0,5583900.0
291,2021-10-12 07:20:39,29000.0,200.0,5583800.0
292,2021-10-12 07:20:39,29000.0,1000.0,5583600.0
293,2021-10-12 07:20:39,29000.0,20000.0,5582600.0
294,2021-10-12 07:20:39,29000.0,2900.0,5562600.0
295,2021-10-12 07:20:26,29050.0,100.0,5559700.0
296,2021-10-12 07:20:08,29050.0,500.0,5559600.0
297,2021-10-12 07:19:31,29000.0,1000.0,5559100.0
298,2021-10-12 07:19:18,29050.0,400.0,5558100.0
299,2021-10-12 07:18:55,29000.0,100.0,5557700.0
300,2021-10-12 07:18:47,29050.0,6000.0,5557600.0
301,2021-10-12 07:18:46,29050.0,100.0,5551600.0
302,2021-10-12 07:18:44,29050.0,500.0,5551500.0
303,2021-10-12 07:18:22,29050.0,400.0,5551000.0
304,2021-10-12 07:18:00,29050.0,700.0,5550600.0
305,2021-10-12 07:17:51,29050.0,1100.0,5549900.0
306,2021-10-12 07:17:46,29050.0,100.0,5548800.0
307,2021-10-12 07:17:37,29050.0,100.0,5548700.0
308,2021-10-12 07:17:29,29050.0,1200.0,5548600.0
309,2021-10-12 07:17:03,29050.0,3000.0,5547400.0
310,2021-10-12 07:16:56,29050.0,100.0,5544400.0
311,2021-10-12 07:16:39,29050.0,2700.0,5544300.0
312,2021-10-12 07:16:34,29050.0,100.0,5541600.0
313,2021-10-12 07:16:27,29050.0,1600.0,5541500.0
314,2021-10-12 07:16:20,29050.0,400.0,5539900.0
315,2021-10-12 07:16:17,29050.0,500.0,5539500.0
316,2021-10-12 07:16:12,29050.0,5000.0,5539000.0
317,2021-10-12 07:16:08,29050.0,300.0,5534000.0
318,2021-10-12 07:16:06,29050.0,100.0,5533700.0
319,2021-10-12 07:15:53,29050.0,5000.0,5533600.0
320,2021-10-12 07:15:53,29050.0,500.0,5528600.0
321,2021-10-12 07:15:51,29050.0,200.0,5528100.0
322,2021-10-12 07:15:43,29050.0,200.0,5527900.0
323,2021-10-12 07:15:36,29050.0,200.0,5527700.0
324,2021-10-12 07:15:31,29000.0,200.0,5527500.0
325,2021-10-12 07:15:14,29050.0,5000.0,5527300.0
326,2021-10-12 07:15:10,29050.0,1000.0,5522300.0
327,2021-10-12 07:15:10,29050.0,1500.0,5521300.0
328,2021-10-12 07:15:10,29050.0,1000.0,5519800.0
329,2021-10-12 07:15:10,29050.0,200.0,5518800.0
330,2021-10-12 07:15:10,29050.0,100.0,5518600.0
331,2021-10-12 07:15:10,29050.0,200.0,5518500.0
332,2021-10-12 07:15:10,29050.0,1000.0,5518300.0
333,2021-10-12 07:15:10,29050.0,2900.0,5517300.0
334,2021-10-12 07:15:10,29050.0,1000.0,5514400.0
335,2021-10-12 07:15:10,29050.0,1000.0,5513400.0
336,2021-10-12 07:15:10,29050.0,100.0,5512400.0
337,2021-10-12 07:15:10,29050.0,700.0,5512300.0
338,2021-10-12 07:15:10,29050.0,100.0,5511600.0
339,2021-10-12 07:15:10,29050.0,500.0,5511500.0
340,2021-10-12 07:15:10,29050.0,300.0,5511000.0
341,2021-10-12 07:15:10,29050.0,2000.0,5510700.0
342,2021-10-12 07:15:10,29050.0,100.0,5508700.0
343,2021-10-12 07:15:10,29050.0,1000.0,5508600.0
344,2021-10-12 07:15:10,29050.0,5000.0,5507600.0
345,2021-10-12 07:15:10,29050.0,100.0,5502600.0
346,2021-10-12 07:15:10,29050.0,2200.0,5502500.0
347,2021-10-12 07:15:10,29050.0,300.0,5500300.0
348,2021-10-12 07:15:10,29050.0,2000.0,5500000.0
349,2021-10-12 07:15:10,29050.0,100.0,5498000.0
350,2021-10-12 07:15:10,29050.0,500.0,5497900.0
351,2021-10-12 07:15:10,29050.0,500.0,5497400.0
352,2021-10-12 07:15:10,29050.0,200.0,5496900.0
353,2021-10-12 07:15:10,29050.0,1000.0,5496700.0
354,2021-10-12 07:15:10,29050.0,300.0,5495700.0
355,2021-10-12 07:15:10,29050.0,100.0,5495400.0
356,2021-10-12 07:15:10,29050.0,100.0,5495300.0
357,2021-10-12 07:15:10,29050.0,300.0,5495200.0
358,2021-10-12 07:15:10,29050.0,200.0,5494900.0
359,2021-10-12 07:15:10,29050.0,1000.0,5494700.0
360,2021-10-12 07:15:10,29050.0,2000.0,5493700.0
361,2021-10-12 07:15:10,29050.0,2400.0,5491700.0
362,2021-10-12 07:15:09,29100.0,1000.0,5489300.0
363,2021-10-12 07:14:48,29100.0,3200.0,5488300.0
364,2021-10-12 07:14:42,29100.0,3300.0,5485100.0
365,2021-10-12 07:14:24,29100.0,100.0,5481800.0
366,2021-10-12 07:14:10,29100.0,1500.0,5481700.0
367,2021-10-12 07:14:01,29100.0,6900.0,5480200.0
368,2021-10-12 07:14:01,29100.0,100.0,5473300.0
369,2021-10-12 07:14:01,29100.0,100.0,5473200.0
370,2021-10-12 07:14:01,29100.0,100.0,5473100.0
371,2021-10-12 07:14:01,29100.0,300.0,5473000.0
372,2021-10-12 07:14:01,29100.0,500.0,5472700.0
373,2021-10-12 07:14:01,29100.0,300.0,5472200.0
374,2021-10-12 07:14:01,29100.0,300.0,5471900.0
375,2021-10-12 07:14:01,29100.0,700.0,5471600.0
376,2021-10-12 07:14:01,29100.0,700.0,5470900.0
377,2021-10-12 07:13:52,29100.0,300.0,5470200.0
378,2021-10-12 07:13:45,29100.0,1000.0,5469900.0
379,2021-10-12 07:13:26,29100.0,200.0,5468900.0
380,2021-10-12 07:13:22,29100.0,300.0,5468700.0
381,2021-10-12 07:13:22,29100.0,600.0,5468400.0
382,2021-10-12 07:13:22,29100.0,100.0,5467800.0
383,2021-10-12 07:13:22,29100.0,100.0,5467700.0
384,2021-10-12 07:13:22,29100.0,1600.0,5467600.0
385,2021-10-12 07:13:19,29100.0,5000.0,5466000.0
386,2021-10-12 07:13:10,29050.0,1000.0,5461000.0
387,2021-10-12 07:12:54,29050.0,500.0,5460000.0
388,2021-10-12 07:12:24,29100.0,5000.0,5459500.0
389,2021-10-12 07:12:09,29050.0,6100.0,5454500.0
390,2021-10-12 07:12:09,29050.0,1000.0,5448400.0
391,2021-10-12 07:12:09,29050.0,500.0,5447400.0
392,2021-10-12 07:12:09,29050.0,1000.0,5446900.0
393,2021-10-12 07:12:09,29050.0,500.0,5445900.0
394,2021-10-12 07:12:09,29050.0,100.0,5445400.0
395,2021-10-12 07:12:09,29050.0,500.0,5445300.0
396,2021-10-12 07:12:09,29050.0,100.0,5444800.0
397,2021-10-12 07:12:09,29050.0,100.0,5444700.0
398,2021-10-12 07:12:09,29050.0,100.0,5444600.0
399,2021-10-12 07:12:09,29050.0,400.0,5444500.0
400,2021-10-12 07:12:09,29050.0,500.0,5444100.0
401,2021-10-12 07:12:09,29050.0,1000.0,5443600.0
402,2021-10-12 07:12:09,29050.0,1000.0,5442600.0
403,2021-10-12 07:12:09,29050.0,100.0,5441600.0
404,2021-10-12 07:12:09,29050.0,100.0,5441500.0
405,2021-10-12 07:12:09,29050.0,6900.0,5441400.0
406,2021-10-12 07:11:51,29100.0,10000.0,5434500.0
407,2021-10-12 07:11:46,29100.0,13400.0,5424500.0
408,2021-10-12 07:11:41,29100.0,1000.0,5411100.0
409,2021-10-12 07:11:39,29050.0,200.0,5410100.0
410,2021-10-12 07:11:18,29100.0,7000.0,5409900.0
411,2021-10-12 07:11:17,29100.0,800.0,5402900.0
412,2021-10-12 07:11:15,29100.0,500.0,5402100.0
413,2021-10-12 07:11:04,29100.0,5000.0,5401600.0
414,2021-10-12 07:11:02,29050.0,1000.0,5396600.0
415,2021-10-12 07:11:02,29100.0,2000.0,5395600.0
416,2021-10-12 07:10:55,29100.0,3000.0,5393600.0
417,2021-10-12 07:10:34,29100.0,5000.0,5390600.0
418,2021-10-12 07:10:33,29050.0,3000.0,5385600.0
419,2021-10-12 07:10:08,29050.0,500.0,5382600.0
420,2021-10-12 07:09:42,29050.0,500.0,5382100.0
421,2021-10-12 07:09:22,29050.0,800.0,5381600.0
422,2021-10-12 07:09:07,29100.0,10000.0,5380800.0
423,2021-10-12 07:09:05,29100.0,200.0,5370800.0
424,2021-10-12 07:08:48,29100.0,1700.0,5370600.0
425,2021-10-12 07:08:47,29100.0,7400.0,5368900.0
426,2021-10-12 07:08:43,29100.0,100.0,5361500.0
427,2021-10-12 07:08:32,29100.0,400.0,5361400.0
428,2021-10-12 07:08:27,29100.0,5000.0,5361000.0
429,2021-10-12 07:07:50,29100.0,1200.0,5356000.0
430,2021-10-12 07:07:29,29100.0,100.0,5354800.0
431,2021-10-12 07:07:20,29100.0,100.0,5354700.0
432,2021-10-12 07:07:18,29100.0,100.0,5354600.0
433,2021-10-12 07:07:14,29100.0,3000.0,5354500.0
434,2021-10-12 07:07:13,29100.0,1000.0,5351500.0
435,2021-10-12 07:07:11,29100.0,2000.0,5350500.0
436,2021-10-12 07:07:03,29100.0,200.0,5348500.0
437,2021-10-12 07:06:27,29100.0,100.0,5348300.0
438,2021-10-12 07:06:23,29050.0,100.0,5348200.0
439,2021-10-12 07:06:20,29100.0,2000.0,5348100.0
440,2021-10-12 07:06:19,29100.0,2200.0,5346100.0
441,2021-10-12 07:06:17,29100.0,1000.0,5343900.0
442,2021-10-12 07:06:02,29100.0,400.0,5342900.0
443,2021-10-12 07:06:00,29100.0,400.0,5342500.0
444,2021-10-12 07:05:58,29100.0,2000.0,5342100.0
445,2021-10-12 07:05:53,29100.0,100.0,5340100.0
446,2021-10-12 07:05:53,29100.0,100.0,5340000.0
447,2021-10-12 07:05:23,29100.0,900.0,5339900.0
448,2021-10-12 07:05:23,29100.0,100.0,5339000.0
449,2021-10-12 07:05:22,29050.0,7000.0,5338900.0
450,2021-10-12 07:05:22,29050.0,15000.0,5331900.0
451,2021-10-12 07:05:22,29050.0,100.0,5316900.0
452,2021-10-12 07:05:22,29050.0,500.0,5316800.0
453,2021-10-12 07:05:22,29050.0,2000.0,5316300.0
454,2021-10-12 07:05:22,29050.0,18000.0,5314300.0
455,2021-10-12 07:05:22,29050.0,200.0,5296300.0
456,2021-10-12 07:05:22,29050.0,600.0,5296100.0
457,2021-10-12 07:05:22,29050.0,100.0,5295500.0
458,2021-10-12 07:05:22,29050.0,500.0,5295400.0
459,2021-10-12 07:05:22,29050.0,500.0,5294900.0
460,2021-10-12 07:05:22,29050.0,500.0,5294400.0
461,2021-10-12 07:05:22,29050.0,100.0,5293900.0
462,2021-10-12 07:05:22,29050.0,1500.0,5293800.0
463,2021-10-12 07:05:22,29050.0,3400.0,5292300.0
464,2021-10-12 07:05:17,29100.0,800.0,5288900.0
465,2021-10-12 07:05:16,29100.0,100.0,5288100.0
466,2021-10-12 07:05:13,29050.0,500.0,5288000.0
467,2021-10-12 07:04:44,29100.0,500.0,5287500.0
468,2021-10-12 07:04:43,29050.0,1000.0,5287000.0
469,2021-10-12 07:04:31,29050.0,2000.0,5286000.0
470,2021-10-12 07:04:29,29100.0,2900.0,5284000.0
471,2021-10-12 07:04:29,29100.0,500.0,5281100.0
472,2021-10-12 07:04:29,29100.0,1600.0,5280600.0
473,2021-10-12 07:03:47,29050.0,200.0,5279000.0
474,2021-10-12 07:03:44,29100.0,400.0,5278800.0
475,2021-10-12 07:03:44,29100.0,100.0,5278400.0
476,2021-10-12 07:03:15,29100.0,4500.0,5278300.0
477,2021-10-12 07:03:09,29100.0,700.0,5273800.0
478,2021-10-12 07:02:54,29100.0,300.0,5273100.0
479,2021-10-12 07:02:49,29100.0,100.0,5272800.0
480,2021-10-12 07:02:45,29100.0,20000.0,5272700.0
481,2021-10-12 07:02:27,29050.0,500.0,5252700.0
482,2021-10-12 07:02:25,29050.0,300.0,5252200.0
483,2021-10-12 07:01:27,29050.0,1000.0,5251900.0
484,2021-10-12 07:01:16,29050.0,400.0,5250900.0
485,2021-10-12 07:01:06,29100.0,2000.0,5250500.0
486,2021-10-12 07:00:53,29050.0,100.0,5248500.0
487,2021-10-12 07:00:43,29050.0,200.0,5248400.0
488,2021-10-12 07:00:39,29050.0,10400.0,5248200.0
489,2021-10-12 07:00:39,29050.0,5000.0,5237800.0
490,2021-10-12 07:00:39,29050.0,2000.0,5232800.0
491,2021-10-12 07:00:39,29050.0,200.0,5230800.0
492,2021-10-12 07:00:39,29050.0,1000.0,5230600.0
493,2021-10-12 07:00:39,29050.0,5000.0,5229600.0
494,2021-10-12 07:00:39,29050.0,500.0,5224600.0
495,2021-10-12 07:00:39,29050.0,100.0,5224100.0
496,2021-10-12 07:00:39,29050.0,800.0,5224000.0
497,2021-10-12 07:00:28,29050.0,100.0,5223200.0
498,2021-10-12 07:00:23,29050.0,1000.0,5223100.0
499,2021-10-12 06:59:53,29050.0,100.0,5222100.0
500,2021-10-12 06:59:09,29100.0,500.0,5222000.0
501,2021-10-12 06:59:09,29100.0,100.0,5221500.0
502,2021-10-12 06:58:55,29100.0,2000.0,5221400.0
503,2021-10-12 06:58:55,29100.0,500.0,5219400.0
504,2021-10-12 06:58:55,29100.0,100.0,5218900.0
505,2021-10-12 06:58:55,29100.0,500.0,5218800.0
506,2021-10-12 06:58:55,29100.0,500.0,5218300.0
507,2021-10-12 06:58:55,29100.0,500.0,5217800.0
508,2021-10-12 06:58:55,29100.0,10000.0,5217300.0
509,2021-10-12 06:58:55,29100.0,26700.0,5207300.0
510,2021-10-12 06:58:55,29100.0,400.0,5180600.0
511,2021-10-12 06:58:55,29100.0,3000.0,5180200.0
512,2021-10-12 06:58:55,29100.0,100.0,5177200.0
513,2021-10-12 06:58:55,29100.0,500.0,5177100.0
514,2021-10-12 06:58:55,29100.0,300.0,5176600.0
515,2021-10-12 06:58:55,29100.0,100.0,5176300.0
516,2021-10-12 06:58:55,29100.0,2300.0,5176200.0
517,2021-10-12 06:58:55,29100.0,1100.0,5173900.0
518,2021-10-12 06:58:55,29100.0,100.0,5172800.0
519,2021-10-12 06:58:55,29100.0,1000.0,5172700.0
520,2021-10-12 06:58:55,29100.0,500.0,5171700.0
521,2021-10-12 06:58:55,29100.0,100.0,5171200.0
522,2021-10-12 06:58:55,29100.0,2100.0,5171100.0
523,2021-10-12 06:58:55,29100.0,1300.0,5169000.0
524,2021-10-12 06:58:55,29100.0,400.0,5167700.0
525,2021-10-12 06:58:55,29100.0,1000.0,5167300.0
526,2021-10-12 06:58:55,29100.0,12000.0,5166300.0
527,2021-10-12 06:58:55,29100.0,1000.0,5154300.0
528,2021-10-12 06:58:55,29100.0,500.0,5153300.0
529,2021-10-12 06:58:55,29100.0,100.0,5152800.0
530,2021-10-12 06:58:55,29100.0,3000.0,5152700.0
531,2021-10-12 06:58:55,29150.0,500.0,5149700.0
532,2021-10-12 06:58:22,29150.0,5000.0,5149200.0
533,2021-10-12 06:57:54,29100.0,100.0,5144200.0
534,2021-10-12 06:57:53,29150.0,3000.0,5144100.0
535,2021-10-12 06:57:42,29100.0,1900.0,5141100.0
536,2021-10-12 06:57:42,29100.0,500.0,5139200.0
537,2021-10-12 06:57:42,29100.0,100.0,5138700.0
538,2021-10-12 06:57:41,29150.0,200.0,5138600.0
539,2021-10-12 06:56:55,29150.0,3400.0,5138400.0
540,2021-10-12 06:56:46,29150.0,500.0,5135000.0
541,2021-10-12 06:56:43,29150.0,400.0,5134500.0
542,2021-10-12 06:56:40,29150.0,10000.0,5134100.0
543,2021-10-12 06:56:40,29150.0,600.0,5124100.0
544,2021-10-12 06:56:40,29150.0,400.0,5123500.0
545,2021-10-12 06:56:40,29150.0,2000.0,5123100.0
546,2021-10-12 06:56:40,29150.0,400.0,5121100.0
547,2021-10-12 06:56:40,29150.0,200.0,5120700.0
548,2021-10-12 06:56:40,29150.0,1700.0,5120500.0
549,2021-10-12 06:56:40,29150.0,500.0,5118800.0
550,2021-10-12 06:56:40,29150.0,10000.0,5118300.0
551,2021-10-12 06:56:40,29150.0,200.0,5108300.0
552,2021-10-12 06:56:40,29150.0,500.0,5108100.0
553,2021-10-12 06:56:40,29150.0,2300.0,5107600.0
554,2021-10-12 06:56:29,29150.0,500.0,5105300.0
555,2021-10-12 06:56:16,29150.0,1000.0,5104800.0
556,2021-10-12 06:56:16,29150.0,1200.0,5103800.0
557,2021-10-12 06:56:16,29150.0,2000.0,5102600.0
558,2021-10-12 06:56:16,29150.0,300.0,5100600.0
559,2021-10-12 06:56:16,29150.0,100.0,5100300.0
560,2021-10-12 06:56:16,29150.0,900.0,5100200.0
561,2021-10-12 06:56:16,29150.0,5000.0,5099300.0
562,2021-10-12 06:56:16,29150.0,2800.0,5094300.0
563,2021-10-12 06:56:07,29150.0,1500.0,5091500.0
564,2021-10-12 06:55:31,29150.0,2000.0,5090000.0
565,2021-10-12 06:55:28,29150.0,1000.0,5088000.0
566,2021-10-12 06:55:15,29200.0,1000.0,5087000.0
567,2021-10-12 06:54:57,29200.0,200.0,5086000.0
568,2021-10-12 06:54:42,29200.0,5000.0,5085800.0
569,2021-10-12 06:54:28,29200.0,1000.0,5080800.0
570,2021-10-12 06:53:52,29200.0,1000.0,5079800.0
571,2021-10-12 06:53:51,29150.0,600.0,5078800.0
572,2021-10-12 06:53:51,29150.0,300.0,5078200.0
573,2021-10-12 06:53:51,29150.0,100.0,5077900.0
574,2021-10-12 06:53:04,29150.0,200.0,5077800.0
575,2021-10-12 06:53:04,29150.0,900.0,5077600.0
576,2021-10-12 06:53:04,29150.0,1000.0,5076700.0
577,2021-10-12 06:53:04,29150.0,300.0,5075700.0
578,2021-10-12 06:53:04,29150.0,300.0,5075400.0
579,2021-10-12 06:53:04,29150.0,600.0,5075100.0
580,2021-10-12 06:53:04,29150.0,400.0,5074500.0
581,2021-10-12 06:53:04,29150.0,300.0,5074100.0
582,2021-10-12 06:52:30,29150.0,100.0,5073800.0
583,2021-10-12 06:52:04,29200.0,100.0,5073700.0
584,2021-10-12 06:51:47,29200.0,13600.0,5073600.0
585,2021-10-12 06:51:38,29200.0,2000.0,5060000.0
586,2021-10-12 06:51:28,29200.0,4000.0,5058000.0
587,2021-10-12 06:51:22,29200.0,1800.0,5054000.0
588,2021-10-12 06:51:05,29200.0,400.0,5052200.0
589,2021-10-12 06:50:54,29200.0,2000.0,5051800.0
590,2021-10-12 06:50:38,29200.0,7400.0,5049800.0
591,2021-10-12 06:49:39,29150.0,100.0,5042400.0
592,2021-10-12 06:49:39,29150.0,300.0,5042300.0
593,2021-10-12 06:49:39,29150.0,100.0,5042000.0
594,2021-10-12 06:49:39,29150.0,1000.0,5041900.0
595,2021-10-12 06:49:39,29150.0,100.0,5040900.0
596,2021-10-12 06:49:39,29150.0,200.0,5040800.0
597,2021-10-12 06:49:39,29150.0,5000.0,5040600.0
598,2021-10-12 06:49:39,29150.0,1000.0,5035600.0
599,2021-10-12 06:49:39,29150.0,2200.0,5034600.0
600,2021-10-12 06:48:51,29200.0,600.0,5032400.0
601,2021-10-12 06:48:17,29150.0,1000.0,5031800.0
602,2021-10-12 06:48:15,29150.0,500.0,5030800.0
603,2021-10-12 06:48:15,29150.0,100.0,5030300.0
604,2021-10-12 06:48:15,29150.0,6200.0,5030200.0
605,2021-10-12 06:48:13,29150.0,800.0,5024000.0
606,2021-10-12 06:48:13,29150.0,100.0,5023200.0
607,2021-10-12 06:48:08,29100.0,900.0,5023100.0
608,2021-10-12 06:48:08,29100.0,400.0,5022200.0
609,2021-10-12 06:48:08,29100.0,100.0,5021800.0
610,2021-10-12 06:48:08,29100.0,500.0,5021700.0
611,2021-10-12 06:48:08,29100.0,100.0,5021200.0
612,2021-10-12 06:48:08,29100.0,100.0,5021100.0
613,2021-10-12 06:48:08,29100.0,1000.0,5021000.0
614,2021-10-12 06:48:08,29100.0,100.0,5020000.0
615,2021-10-12 06:48:08,29100.0,1800.0,5019900.0
616,2021-10-12 06:48:08,29100.0,200.0,5018100.0
617,2021-10-12 06:48:08,29100.0,300.0,5017900.0
618,2021-10-12 06:48:08,29100.0,2000.0,5017600.0
619,2021-10-12 06:48:08,29100.0,300.0,5015600.0
620,2021-10-12 06:48:08,29100.0,500.0,5015300.0
621,2021-10-12 06:48:08,29100.0,1700.0,5014800.0
622,2021-10-12 06:47:35,29100.0,100.0,5013100.0
623,2021-10-12 06:47:12,29100.0,100.0,5013000.0
624,2021-10-12 06:47:04,29100.0,2000.0,5012900.0
625,2021-10-12 06:46:37,29100.0,1000.0,5010900.0
626,2021-10-12 06:46:25,29100.0,2000.0,5009900.0
627,2021-10-12 06:46:09,29100.0,100.0,5007900.0
628,2021-10-12 06:46:02,29200.0,10000.0,5007800.0
629,2021-10-12 06:45:53,29100.0,23000.0,4997800.0
630,2021-10-12 06:45:53,29100.0,7000.0,4974800.0
631,2021-10-12 06:45:53,29200.0,1000.0,4967800.0
632,2021-10-12 06:45:44,29100.0,100.0,4966800.0
633,2021-10-12 06:45:36,29100.0,100.0,4966700.0
634,2021-10-12 06:45:36,29100.0,1000.0,4966600.0
635,2021-10-12 06:45:36,29100.0,31800.0,4965600.0
636,2021-10-12 06:45:34,29100.0,300.0,4933800.0
637,2021-10-12 06:45:29,29100.0,37000.0,4933500.0
638,2021-10-12 06:45:23,29100.0,2000.0,4896500.0
639,2021-10-12 06:45:22,29100.0,5100.0,4894500.0
640,2021-10-12 06:45:21,29100.0,800.0,4889400.0
641,2021-10-12 06:45:18,29100.0,200.0,4888600.0
642,2021-10-12 06:45:18,29050.0,1000.0,4888400.0
643,2021-10-12 06:45:15,29100.0,1700.0,4887400.0
644,2021-10-12 06:45:08,29100.0,1000.0,4885700.0
645,2021-10-12 06:44:50,29000.0,2500.0,4884700.0
646,2021-10-12 06:44:46,29100.0,1000.0,4882200.0
647,2021-10-12 06:44:43,29100.0,30000.0,4881200.0
648,2021-10-12 06:44:41,29000.0,2000.0,4851200.0
649,2021-10-12 06:44:33,29000.0,300.0,4849200.0
650,2021-10-12 06:44:19,29000.0,1000.0,4848900.0
651,2021-10-12 06:44:13,29000.0,200.0,4847900.0
652,2021-10-12 06:44:01,29000.0,4000.0,4847700.0
653,2021-10-12 06:44:01,29000.0,700.0,4843700.0
654,2021-10-12 06:44:01,29000.0,200.0,4843000.0
655,2021-10-12 06:44:01,29000.0,1000.0,4842800.0
656,2021-10-12 06:44:01,29000.0,700.0,4841800.0
657,2021-10-12 06:44:01,29000.0,8400.0,4841100.0
658,2021-10-12 06:44:00,29000.0,300.0,4832700.0
659,2021-10-12 06:43:59,29000.0,500.0,4832400.0
660,2021-10-12 06:43:58,29000.0,30000.0,4831900.0
661,2021-10-12 06:43:56,29000.0,1000.0,4801900.0
662,2021-10-12 06:43:53,29000.0,3400.0,4800900.0
663,2021-10-12 06:43:52,29000.0,500.0,4797500.0
664,2021-10-12 06:43:49,29000.0,19600.0,4797000.0
665,2021-10-12 06:43:44,28950.0,100.0,4777400.0
666,2021-10-12 06:43:43,29000.0,20000.0,4777300.0
667,2021-10-12 06:43:38,29000.0,1000.0,4757300.0
668,2021-10-12 06:43:37,29000.0,100.0,4756300.0
669,2021-10-12 06:43:18,29000.0,600.0,4756200.0
670,2021-10-12 06:43:07,28950.0,200.0,4755600.0
671,2021-10-12 06:43:04,29000.0,500.0,4755400.0
672,2021-10-12 06:43:03,28950.0,1500.0,4754900.0
673,2021-10-12 06:43:03,28950.0,100.0,4753400.0
674,2021-10-12 06:43:03,28950.0,200.0,4753300.0
675,2021-10-12 06:43:03,28950.0,700.0,4753100.0
676,2021-10-12 06:43:01,28950.0,300.0,4752400.0
677,2021-10-12 06:43:01,28950.0,1000.0,4752100.0
678,2021-10-12 06:43:01,28950.0,300.0,4751100.0
679,2021-10-12 06:43:01,28950.0,300.0,4750800.0
680,2021-10-12 06:43:01,28950.0,100.0,4750500.0
681,2021-10-12 06:42:25,28950.0,500.0,4750400.0
682,2021-10-12 06:42:22,29000.0,3000.0,4749900.0
683,2021-10-12 06:42:21,28950.0,200.0,4746900.0
684,2021-10-12 06:42:18,28950.0,200.0,4746700.0
685,2021-10-12 06:42:18,28950.0,200.0,4746500.0
686,2021-10-12 06:42:11,28950.0,500.0,4746300.0
687,2021-10-12 06:42:11,29000.0,500.0,4745800.0
688,2021-10-12 06:42:03,28950.0,500.0,4745300.0
689,2021-10-12 06:41:55,29000.0,10000.0,4744800.0
690,2021-10-12 06:41:49,28950.0,500.0,4734800.0
691,2021-10-12 06:41:44,29000.0,1000.0,4734300.0
692,2021-10-12 06:41:43,29000.0,500.0,4733300.0
693,2021-10-12 06:41:42,29000.0,100.0,4732800.0
694,2021-10-12 06:41:39,29000.0,200.0,4732700.0
695,2021-10-12 06:41:35,29000.0,300.0,4732500.0
696,2021-10-12 06:41:35,28950.0,3300.0,4732200.0
697,2021-10-12 06:41:35,28950.0,100.0,4728900.0
698,2021-10-12 06:41:35,28950.0,100.0,4728800.0
699,2021-10-12 06:41:35,28950.0,2500.0,4728700.0
700,2021-10-12 06:41:35,28950.0,2000.0,4726200.0
701,2021-10-12 06:41:27,29000.0,500.0,4724200.0
702,2021-10-12 06:41:23,29000.0,500.0,4723700.0
703,2021-10-12 06:41:20,29000.0,700.0,4723200.0
704,2021-10-12 06:41:16,29000.0,100.0,4722500.0
705,2021-10-12 06:41:14,29000.0,100.0,4722400.0
706,2021-10-12 06:41:12,29000.0,1000.0,4722300.0
707,2021-10-12 06:41:07,29000.0,15000.0,4721300.0
708,2021-10-12 06:41:07,29000.0,500.0,4706300.0
709,2021-10-12 06:41:04,29000.0,2000.0,4705800.0
710,2021-10-12 06:41:03,29000.0,1800.0,4703800.0
711,2021-10-12 06:41:03,29000.0,200.0,4702000.0
712,2021-10-12 06:41:03,29000.0,3000.0,4701800.0
713,2021-10-12 06:41:03,29000.0,1000.0,4698800.0
714,2021-10-12 06:41:03,29000.0,100.0,4697800.0
715,2021-10-12 06:41:03,29000.0,500.0,4697700.0
716,2021-10-12 06:41:03,29000.0,1000.0,4697200.0
717,2021-10-12 06:41:03,29000.0,300.0,4696200.0
718,2021-10-12 06:41:03,29000.0,1000.0,4695900.0
719,2021-10-12 06:41:03,29000.0,1000.0,4694900.0
720,2021-10-12 06:41:03,29000.0,500.0,4693900.0
721,2021-10-12 06:41:03,29000.0,100.0,4693400.0
722,2021-10-12 06:41:03,29000.0,3500.0,4693300.0
723,2021-10-12 06:41:03,29000.0,1000.0,4689800.0
724,2021-10-12 06:41:03,29000.0,700.0,4688800.0
725,2021-10-12 06:41:03,29000.0,1000.0,4688100.0
726,2021-10-12 06:41:03,29000.0,5000.0,4687100.0
727,2021-10-12 06:41:03,29000.0,1000.0,4682100.0
728,2021-10-12 06:41:03,29000.0,1000.0,4681100.0
729,2021-10-12 06:41:03,29000.0,200.0,4680100.0
730,2021-10-12 06:41:03,29000.0,100.0,4679900.0
731,2021-10-12 06:41:03,29000.0,500.0,4679800.0
732,2021-10-12 06:41:03,29000.0,600.0,4679300.0
733,2021-10-12 06:41:03,29000.0,12400.0,4678700.0
734,2021-10-12 06:41:03,29000.0,4600.0,4666300.0
735,2021-10-12 06:41:03,29000.0,3100.0,4661700.0
736,2021-10-12 06:41:03,29000.0,1000.0,4658600.0
737,2021-10-12 06:41:03,29000.0,500.0,4657600.0
738,2021-10-12 06:41:03,29000.0,2000.0,4657100.0
739,2021-10-12 06:41:03,29000.0,200.0,4655100.0
740,2021-10-12 06:41:03,29000.0,1000.0,4654900.0
741,2021-10-12 06:41:03,29000.0,100.0,4653900.0
742,2021-10-12 06:41:03,29000.0,200.0,4653800.0
743,2021-10-12 06:41:03,29000.0,1000.0,4653600.0
744,2021-10-12 06:41:03,29050.0,5000.0,4652600.0
745,2021-10-12 06:41:03,29050.0,400.0,4647600.0
746,2021-10-12 06:41:03,29050.0,400.0,4647200.0
747,2021-10-12 06:41:03,29050.0,500.0,4646800.0
748,2021-10-12 06:41:03,29050.0,1000.0,4646300.0
749,2021-10-12 06:41:03,29050.0,5000.0,4645300.0
750,2021-10-12 06:41:03,29050.0,2000.0,4640300.0
751,2021-10-12 06:41:03,29050.0,100.0,4638300.0
752,2021-10-12 06:41:03,29050.0,2000.0,4638200.0
753,2021-10-12 06:41:03,29050.0,200.0,4636200.0
754,2021-10-12 06:41:03,29050.0,5000.0,4636000.0
755,2021-10-12 06:41:03,29050.0,5300.0,4631000.0
756,2021-10-12 06:41:02,29100.0,2000.0,4625700.0
757,2021-10-12 06:40:55,29100.0,100.0,4623700.0
758,2021-10-12 06:40:50,29050.0,300.0,4623600.0
759,2021-10-12 06:40:43,29100.0,100.0,4623300.0
760,2021-10-12 06:40:36,29050.0,200.0,4623200.0
761,2021-10-12 06:40:35,29050.0,3600.0,4623000.0
762,2021-10-12 06:40:31,29100.0,1500.0,4619400.0
763,2021-10-12 06:40:21,29050.0,600.0,4617900.0
764,2021-10-12 06:40:21,29050.0,300.0,4617300.0
765,2021-10-12 06:40:21,29050.0,500.0,4617000.0
766,2021-10-12 06:40:06,29050.0,100.0,4616500.0
767,2021-10-12 06:39:53,29050.0,4100.0,4616400.0
768,2021-10-12 06:39:53,29050.0,1000.0,4612300.0
769,2021-10-12 06:39:53,29050.0,4900.0,4611300.0
770,2021-10-12 06:39:48,29050.0,100.0,4606400.0
771,2021-10-12 06:39:32,29050.0,1600.0,4606300.0
772,2021-10-12 06:38:52,29000.0,3000.0,4604700.0
773,2021-10-12 06:38:52,29000.0,600.0,4601700.0
774,2021-10-12 06:38:38,29000.0,100.0,4601100.0
775,2021-10-12 06:38:34,29000.0,1600.0,4601000.0
776,2021-10-12 06:38:31,29000.0,1000.0,4599400.0
777,2021-10-12 06:38:25,29000.0,1000.0,4598400.0
778,2021-10-12 06:38:23,29000.0,500.0,4597400.0
779,2021-10-12 06:38:22,29000.0,200.0,4596900.0
780,2021-10-12 06:38:22,29000.0,10900.0,4596700.0
781,2021-10-12 06:38:22,29000.0,200.0,4585800.0
782,2021-10-12 06:38:22,29000.0,200.0,4585600.0
783,2021-10-12 06:38:22,29000.0,300.0,4585400.0
784,2021-10-12 06:38:22,29000.0,500.0,4585100.0
785,2021-10-12 06:38:22,29000.0,2000.0,4584600.0
786,2021-10-12 06:38:22,29000.0,2500.0,4582600.0
787,2021-10-12 06:38:22,29000.0,1000.0,4580100.0
788,2021-10-12 06:38:22,29000.0,500.0,4579100.0
789,2021-10-12 06:38:22,29000.0,300.0,4578600.0
790,2021-10-12 06:38:22,29000.0,500.0,4578300.0
791,2021-10-12 06:38:22,29000.0,2000.0,4577800.0
792,2021-10-12 06:38:22,29000.0,100.0,4575800.0
793,2021-10-12 06:38:22,29000.0,1000.0,4575700.0
794,2021-10-12 06:38:22,29000.0,2700.0,4574700.0
795,2021-10-12 06:38:22,29000.0,100.0,4572000.0
796,2021-10-12 06:38:22,29000.0,100.0,4571900.0
797,2021-10-12 06:38:22,29000.0,1000.0,4571800.0
798,2021-10-12 06:38:22,29000.0,500.0,4570800.0
799,2021-10-12 06:38:22,29000.0,500.0,4570300.0
800,2021-10-12 06:38:22,29000.0,100.0,4569800.0
801,2021-10-12 06:38:22,29000.0,1000.0,4569700.0
802,2021-10-12 06:38:22,29000.0,100.0,4568700.0
803,2021-10-12 06:38:22,29000.0,1000.0,4568600.0
804,2021-10-12 06:38:22,29000.0,400.0,4567600.0
805,2021-10-12 06:38:22,29000.0,400.0,4567200.0
806,2021-10-12 06:38:22,29000.0,500.0,4566800.0
807,2021-10-12 06:38:22,29000.0,400.0,4566300.0
808,2021-10-12 06:38:22,29000.0,100.0,4565900.0
809,2021-10-12 06:38:22,29000.0,5000.0,4565800.0
810,2021-10-12 06:38:22,29000.0,500.0,4560800.0
811,2021-10-12 06:38:22,29000.0,1000.0,4560300.0
812,2021-10-12 06:38:22,29000.0,5000.0,4559300.0
813,2021-10-12 06:38:22,29000.0,100.0,4554300.0
814,2021-10-12 06:38:22,29000.0,100.0,4554200.0
815,2021-10-12 06:38:22,29000.0,200.0,4554100.0
816,2021-10-12 06:38:22,29000.0,300.0,4553900.0
817,2021-10-12 06:38:22,29000.0,200.0,4553600.0
818,2021-10-12 06:38:22,29000.0,1000.0,4553400.0
819,2021-10-12 06:38:22,29000.0,1500.0,4552400.0
820,2021-10-12 06:38:22,29000.0,5000.0,4550900.0
821,2021-10-12 06:38:22,29000.0,300.0,4545900.0
822,2021-10-12 06:38:22,29000.0,300.0,4545600.0
823,2021-10-12 06:38:22,29000.0,2000.0,4545300.0
824,2021-10-12 06:38:22,29000.0,5000.0,4543300.0
825,2021-10-12 06:38:22,29000.0,200.0,4538300.0
826,2021-10-12 06:38:22,29000.0,2500.0,4538100.0
827,2021-10-12 06:38:22,29000.0,1000.0,4535600.0
828,2021-10-12 06:38:22,29000.0,100.0,4534600.0
829,2021-10-12 06:38:22,29000.0,2000.0,4534500.0
830,2021-10-12 06:38:22,29000.0,200.0,4532500.0
831,2021-10-12 06:38:22,29000.0,100.0,4532300.0
832,2021-10-12 06:38:22,29000.0,100.0,4532200.0
833,2021-10-12 06:38:22,29000.0,400.0,4532100.0
834,2021-10-12 06:38:22,29000.0,500.0,4531700.0
835,2021-10-12 06:38:22,29000.0,100.0,4531200.0
836,2021-10-12 06:38:22,29000.0,2000.0,4531100.0
837,2021-10-12 06:38:22,29000.0,1000.0,4529100.0
838,2021-10-12 06:38:22,29000.0,1000.0,4528100.0
839,2021-10-12 06:38:22,29000.0,100.0,4527100.0
840,2021-10-12 06:38:22,29000.0,1000.0,4527000.0
841,2021-10-12 06:38:22,29000.0,1000.0,4526000.0
842,2021-10-12 06:38:22,29000.0,5000.0,4525000.0
843,2021-10-12 06:38:22,29000.0,20000.0,4520000.0
844,2021-10-12 06:38:22,29000.0,100.0,4500000.0
845,2021-10-12 06:38:22,29000.0,5000.0,4499900.0
846,2021-10-12 06:38:22,29000.0,1000.0,4494900.0
847,2021-10-12 06:38:22,29000.0,1000.0,4493900.0
848,2021-10-12 06:38:22,29000.0,10000.0,4492900.0
849,2021-10-12 06:38:22,29000.0,300.0,4482900.0
850,2021-10-12 06:38:22,29000.0,5000.0,4482600.0
851,2021-10-12 06:38:22,29000.0,100.0,4477600.0
852,2021-10-12 06:38:22,29000.0,100.0,4477500.0
853,2021-10-12 06:38:22,29000.0,1000.0,4477400.0
854,2021-10-12 06:38:22,29000.0,1000.0,4476400.0
855,2021-10-12 06:38:22,29000.0,100.0,4475400.0
856,2021-10-12 06:38:22,29000.0,500.0,4475300.0
857,2021-10-12 06:38:22,29000.0,100.0,4474800.0
858,2021-10-12 06:38:22,29000.0,200.0,4474700.0
859,2021-10-12 06:38:22,29000.0,2000.0,4474500.0
860,2021-10-12 06:38:22,29000.0,500.0,4472500.0
861,2021-10-12 06:38:22,29000.0,200.0,4472000.0
862,2021-10-12 06:38:22,29000.0,100.0,4471800.0
863,2021-10-12 06:38:22,29000.0,5000.0,4471700.0
864,2021-10-12 06:38:22,29000.0,1000.0,4466700.0
865,2021-10-12 06:38:22,29000.0,5000.0,4465700.0
866,2021-10-12 06:38:22,29000.0,2000.0,4460700.0
867,2021-10-12 06:38:22,29000.0,1800.0,4458700.0
868,2021-10-12 06:38:22,29050.0,5000.0,4456900.0
869,2021-10-12 06:38:22,29050.0,1000.0,4451900.0
870,2021-10-12 06:38:22,29050.0,100.0,4450900.0
871,2021-10-12 06:38:22,29050.0,100.0,4450800.0
872,2021-10-12 06:38:22,29050.0,3800.0,4450700.0
873,2021-10-12 06:38:22,29050.0,200.0,4446900.0
874,2021-10-12 06:38:22,29050.0,500.0,4446700.0
875,2021-10-12 06:38:22,29050.0,500.0,4446200.0
876,2021-10-12 06:38:22,29050.0,100.0,4445700.0
877,2021-10-12 06:38:22,29050.0,500.0,4445600.0
878,2021-10-12 06:38:22,29050.0,2000.0,4445100.0
879,2021-10-12 06:38:22,29050.0,5000.0,4443100.0
880,2021-10-12 06:38:22,29050.0,1000.0,4438100.0
881,2021-10-12 06:38:22,29050.0,200.0,4437100.0
882,2021-10-12 06:38:22,29050.0,500.0,4436900.0
883,2021-10-12 06:38:22,29050.0,300.0,4436400.0
884,2021-10-12 06:38:22,29050.0,5100.0,4436100.0
885,2021-10-12 06:38:22,29050.0,100.0,4431000.0
886,2021-10-12 06:38:22,29050.0,500.0,4430900.0
887,2021-10-12 06:38:22,29050.0,5000.0,4430400.0
888,2021-10-12 06:38:22,29050.0,1000.0,4425400.0
889,2021-10-12 06:38:22,29050.0,500.0,4424400.0
890,2021-10-12 06:38:22,29050.0,5000.0,4423900.0
891,2021-10-12 06:38:22,29050.0,500.0,4418900.0
892,2021-10-12 06:38:22,29050.0,100.0,4418400.0
893,2021-10-12 06:38:22,29050.0,1900.0,4418300.0
894,2021-10-12 06:38:22,29050.0,100.0,4416400.0
895,2021-10-12 06:38:22,29050.0,5000.0,4416300.0
896,2021-10-12 06:38:22,29050.0,200.0,4411300.0
897,2021-10-12 06:38:22,29050.0,5000.0,4411100.0
898,2021-10-12 06:38:22,29050.0,100.0,4406100.0
899,2021-10-12 06:38:22,29050.0,100.0,4406000.0
900,2021-10-12 06:38:22,29050.0,700.0,4405900.0
901,2021-10-12 06:38:22,29050.0,100.0,4405200.0
902,2021-10-12 06:38:22,29050.0,500.0,4405100.0
903,2021-10-12 06:38:22,29050.0,100.0,4404600.0
904,2021-10-12 06:38:22,29050.0,2800.0,4404500.0
905,2021-10-12 06:38:08,29100.0,100.0,4401700.0
906,2021-10-12 06:38:06,29100.0,1500.0,4401600.0
907,2021-10-12 06:38:03,29100.0,1000.0,4400100.0
908,2021-10-12 06:37:56,29100.0,1000.0,4399100.0
909,2021-10-12 06:37:50,29100.0,5000.0,4398100.0
910,2021-10-12 06:37:43,29100.0,100.0,4393100.0
911,2021-10-12 06:37:39,29100.0,1000.0,4393000.0
912,2021-10-12 06:37:29,29100.0,400.0,4392000.0
913,2021-10-12 06:37:19,29100.0,100.0,4391600.0
914,2021-10-12 06:37:19,29100.0,500.0,4391500.0
915,2021-10-12 06:37:19,29100.0,300.0,4391000.0
916,2021-10-12 06:37:19,29100.0,1000.0,4390700.0
917,2021-10-12 06:37:19,29100.0,2000.0,4389700.0
918,2021-10-12 06:37:19,29100.0,10000.0,4387700.0
919,2021-10-12 06:37:19,29100.0,5000.0,4377700.0
920,2021-10-12 06:37:19,29100.0,100.0,4372700.0
921,2021-10-12 06:37:19,29100.0,5000.0,4372600.0
922,2021-10-12 06:37:19,29100.0,300.0,4367600.0
923,2021-10-12 06:37:19,29100.0,500.0,4367300.0
924,2021-10-12 06:37:19,29100.0,100.0,4366800.0
925,2021-10-12 06:37:19,29100.0,600.0,4366700.0
926,2021-10-12 06:37:19,29100.0,5000.0,4366100.0
927,2021-10-12 06:37:19,29100.0,20600.0,4361100.0
928,2021-10-12 06:37:19,29100.0,700.0,4340500.0
929,2021-10-12 06:37:19,29100.0,100.0,4339800.0
930,2021-10-12 06:37:19,29100.0,4000.0,4339700.0
931,2021-10-12 06:37:19,29100.0,500.0,4335700.0
932,2021-10-12 06:37:19,29100.0,1000.0,4335200.0
933,2021-10-12 06:37:19,29100.0,6900.0,4334200.0
934,2021-10-12 06:37:19,29150.0,500.0,4327300.0
935,2021-10-12 06:37:19,29150.0,5000.0,4326800.0
936,2021-10-12 06:37:19,29150.0,300.0,4321800.0
937,2021-10-12 06:37:19,29150.0,100.0,4321500.0
938,2021-10-12 06:37:19,29150.0,100.0,4321400.0
939,2021-10-12 06:37:19,29150.0,100.0,4321300.0
940,2021-10-12 06:37:19,29150.0,100.0,4321200.0
941,2021-10-12 06:37:19,29150.0,4800.0,4321100.0
942,2021-10-12 06:36:51,29150.0,300.0,4316300.0
943,2021-10-12 06:36:32,29200.0,1100.0,4316000.0
944,2021-10-12 06:36:32,29150.0,300.0,4314900.0
945,2021-10-12 06:36:25,29150.0,300.0,4314600.0
946,2021-10-12 06:36:25,29150.0,100.0,4314300.0
947,2021-10-12 06:36:18,29200.0,1000.0,4314200.0
948,2021-10-12 06:36:17,29200.0,1000.0,4313200.0
949,2021-10-12 06:36:00,29200.0,2000.0,4312200.0
950,2021-10-12 06:35:57,29200.0,2000.0,4310200.0
951,2021-10-12 06:35:56,29200.0,3000.0,4308200.0
952,2021-10-12 06:35:45,29200.0,100.0,4305200.0
953,2021-10-12 06:35:40,29200.0,2800.0,4305100.0
954,2021-10-12 06:35:33,29200.0,100.0,4302300.0
955,2021-10-12 06:35:32,29200.0,2000.0,4302200.0
956,2021-10-12 06:35:32,29200.0,3500.0,4300200.0
957,2021-10-12 06:35:32,29250.0,1000.0,4296700.0
958,2021-10-12 06:35:27,29250.0,1000.0,4295700.0
959,2021-10-12 06:35:08,29200.0,1000.0,4294700.0
960,2021-10-12 06:35:08,29200.0,500.0,4293700.0
961,2021-10-12 06:35:01,29100.0,18100.0,4293200.0
962,2021-10-12 06:34:58,29100.0,5000.0,4275100.0
963,2021-10-12 06:34:58,29100.0,4300.0,4270100.0
964,2021-10-12 06:34:57,29100.0,1000.0,4265800.0
965,2021-10-12 06:34:55,29050.0,1200.0,4264800.0
966,2021-10-12 06:34:55,29100.0,1000.0,4263600.0
967,2021-10-12 06:34:53,29100.0,4300.0,4262600.0
968,2021-10-12 06:34:52,29100.0,100.0,4258300.0
969,2021-10-12 06:34:51,29100.0,600.0,4258200.0
970,2021-10-12 06:34:49,29100.0,10000.0,4257600.0
971,2021-10-12 06:34:48,29100.0,10000.0,4247600.0
972,2021-10-12 06:34:44,29100.0,5000.0,4237600.0
973,2021-10-12 06:34:42,29100.0,50000.0,4232600.0
974,2021-10-12 06:34:41,29100.0,10000.0,4182600.0
975,2021-10-12 06:34:40,29100.0,700.0,4172600.0
976,2021-10-12 06:34:37,29100.0,100.0,4171900.0
977,2021-10-12 06:34:34,29100.0,200.0,4171800.0
978,2021-10-12 06:34:33,29100.0,8900.0,4171600.0
979,2021-10-12 06:34:27,29100.0,1000.0,4162700.0
980,2021-10-12 06:34:26,29100.0,1000.0,4161700.0
981,2021-10-12 06:34:25,29100.0,100.0,4160700.0
982,2021-10-12 06:34:22,29100.0,600.0,4160600.0
983,2021-10-12 06:34:20,29100.0,5000.0,4160000.0
984,2021-10-12 06:34:20,29100.0,3000.0,4155000.0
985,2021-10-12 06:34:19,29100.0,10000.0,4152000.0
986,2021-10-12 06:34:18,29100.0,10000.0,4142000.0
987,2021-10-12 06:34:08,29100.0,100.0,4132000.0
988,2021-10-12 06:34:07,29100.0,1000.0,4131900.0
989,2021-10-12 06:34:06,29100.0,200.0,4130900.0
990,2021-10-12 06:34:05,29100.0,500.0,4130700.0
991,2021-10-12 06:34:05,29100.0,5000.0,4130200.0
992,2021-10-12 06:34:05,29100.0,2000.0,4125200.0
993,2021-10-12 06:34:05,29100.0,5000.0,4123200.0
994,2021-10-12 06:34:05,29100.0,5000.0,4118200.0
995,2021-10-12 06:34:05,29100.0,2200.0,4113200.0
996,2021-10-12 06:34:05,29150.0,100.0,4111000.0
997,2021-10-12 06:34:05,29150.0,1300.0,4110900.0
998,2021-10-12 06:34:05,29150.0,100.0,4109600.0
999,2021-10-12 06:34:05,29150.0,1100.0,4109500.0
1000,2021-10-12 06:34:05,29150.0,5000.0,4108400.0
1001,2021-10-12 06:34:05,29150.0,4900.0,4103400.0
1002,2021-10-12 06:34:05,29200.0,1000.0,4098500.0
1003,2021-10-12 06:34:05,29200.0,700.0,4097500.0
1004,2021-10-12 06:34:05,29200.0,200.0,4096800.0
1005,2021-10-12 06:34:05,29200.0,200.0,4096600.0
1006,2021-10-12 06:34:05,29200.0,4400.0,4096400.0
1007,2021-10-12 06:33:59,29250.0,500.0,4092000.0
1008,2021-10-12 06:33:47,29200.0,600.0,4091500.0
1009,2021-10-12 06:33:46,29200.0,500.0,4090900.0
1010,2021-10-12 06:33:39,29200.0,200.0,4090400.0
1011,2021-10-12 06:33:39,29200.0,800.0,4090200.0
1012,2021-10-12 06:33:39,29200.0,1600.0,4089400.0
1013,2021-10-12 06:33:36,29200.0,1000.0,4087800.0
1014,2021-10-12 06:33:35,29200.0,15000.0,4086800.0
1015,2021-10-12 06:33:35,29200.0,1000.0,4071800.0
1016,2021-10-12 06:33:31,29200.0,800.0,4070800.0
1017,2021-10-12 06:33:25,29200.0,1700.0,4070000.0
1018,2021-10-12 06:33:24,29200.0,10000.0,4068300.0
1019,2021-10-12 06:33:14,29200.0,1000.0,4058300.0
1020,2021-10-12 06:33:10,29200.0,100.0,4057300.0
1021,2021-10-12 06:33:10,29200.0,200.0,4057200.0
1022,2021-10-12 06:33:09,29200.0,100.0,4057000.0
1023,2021-10-12 06:33:06,29200.0,600.0,4056900.0
1024,2021-10-12 06:33:04,29200.0,25000.0,4056300.0
1025,2021-10-12 06:33:02,29150.0,100.0,4031300.0
1026,2021-10-12 06:32:58,29200.0,500.0,4031200.0
1027,2021-10-12 06:32:55,29200.0,5000.0,4030700.0
1028,2021-10-12 06:32:54,29050.0,46000.0,4025700.0
1029,2021-10-12 06:32:54,29050.0,500.0,3979700.0
1030,2021-10-12 06:32:54,29050.0,200.0,3979200.0
1031,2021-10-12 06:32:54,29050.0,1000.0,3979000.0
1032,2021-10-12 06:32:54,29050.0,3000.0,3978000.0
1033,2021-10-12 06:32:54,29050.0,2000.0,3975000.0
1034,2021-10-12 06:32:54,29050.0,300.0,3973000.0
1035,2021-10-12 06:32:54,29050.0,1000.0,3972700.0
1036,2021-10-12 06:32:54,29050.0,100.0,3971700.0
1037,2021-10-12 06:32:54,29050.0,100.0,3971600.0
1038,2021-10-12 06:32:54,29050.0,100.0,3971500.0
1039,2021-10-12 06:32:54,29050.0,5000.0,3971400.0
1040,2021-10-12 06:32:54,29050.0,5000.0,3966400.0
1041,2021-10-12 06:32:54,29050.0,5000.0,3961400.0
1042,2021-10-12 06:32:54,29050.0,5000.0,3956400.0
1043,2021-10-12 06:32:54,29050.0,1000.0,3951400.0
1044,2021-10-12 06:32:54,29050.0,3000.0,3950400.0
1045,2021-10-12 06:32:54,29050.0,100.0,3947400.0
1046,2021-10-12 06:32:54,29050.0,800.0,3947300.0
1047,2021-10-12 06:32:54,29050.0,3000.0,3946500.0
1048,2021-10-12 06:32:54,29050.0,2000.0,3943500.0
1049,2021-10-12 06:32:54,29050.0,1000.0,3941500.0
1050,2021-10-12 06:32:54,29050.0,2600.0,3940500.0
1051,2021-10-12 06:32:54,29050.0,6200.0,3937900.0
1052,2021-10-12 06:32:54,29100.0,100000.0,3931700.0
1053,2021-10-12 06:32:54,29100.0,5000.0,3831700.0
1054,2021-10-12 06:32:54,29100.0,1000.0,3826700.0
1055,2021-10-12 06:32:50,29200.0,3000.0,3825700.0
1056,2021-10-12 06:31:50,29050.0,100.0,3822700.0
1057,2021-10-12 06:31:50,29050.0,200.0,3822600.0
1058,2021-10-12 06:31:50,29050.0,3500.0,3822400.0
1059,2021-10-12 06:31:48,29050.0,4000.0,3818900.0
1060,2021-10-12 06:31:47,29000.0,500.0,3814900.0
1061,2021-10-12 06:31:46,29050.0,200.0,3814400.0
1062,2021-10-12 06:31:44,29050.0,1000.0,3814200.0
1063,2021-10-12 06:31:43,29050.0,1000.0,3813200.0
1064,2021-10-12 06:31:43,29050.0,500.0,3812200.0
1065,2021-10-12 06:31:39,29050.0,5000.0,3811700.0
1066,2021-10-12 06:31:39,29050.0,10000.0,3806700.0
1067,2021-10-12 06:31:30,29050.0,500.0,3796700.0
1068,2021-10-12 06:31:26,29050.0,4500.0,3796200.0
1069,2021-10-12 06:31:22,29050.0,500.0,3791700.0
1070,2021-10-12 06:31:21,29000.0,200.0,3791200.0
1071,2021-10-12 06:31:16,29050.0,100.0,3791000.0
1072,2021-10-12 06:31:07,29050.0,5000.0,3790900.0
1073,2021-10-12 06:31:04,29050.0,5000.0,3785900.0
1074,2021-10-12 06:31:02,29050.0,1000.0,3780900.0
1075,2021-10-12 06:31:00,29050.0,5000.0,3779900.0
1076,2021-10-12 06:30:52,29000.0,800.0,3774900.0
1077,2021-10-12 06:30:52,29050.0,200.0,3774100.0
1078,2021-10-12 06:30:51,29050.0,300.0,3773900.0
1079,2021-10-12 06:30:48,29050.0,800.0,3773600.0
1080,2021-10-12 06:30:43,29050.0,1000.0,3772800.0
1081,2021-10-12 06:30:42,29050.0,100.0,3771800.0
1082,2021-10-12 06:30:41,29050.0,300.0,3771700.0
1083,2021-10-12 06:30:41,29050.0,1500.0,3771400.0
1084,2021-10-12 06:30:37,29050.0,1000.0,3769900.0
1085,2021-10-12 06:30:36,29050.0,200.0,3768900.0
1086,2021-10-12 06:30:35,29050.0,300.0,3768700.0
1087,2021-10-12 06:30:35,29050.0,100.0,3768400.0
1088,2021-10-12 06:30:35,29050.0,200.0,3768300.0
1089,2021-10-12 06:30:35,29050.0,100.0,3768100.0
1090,2021-10-12 06:30:35,29050.0,5000.0,3768000.0
1091,2021-10-12 06:30:35,29050.0,100.0,3763000.0
1092,2021-10-12 06:30:35,29050.0,1000.0,3762900.0
1093,2021-10-12 06:30:35,29050.0,100.0,3761900.0
1094,2021-10-12 06:30:35,29050.0,700.0,3761800.0
1095,2021-10-12 06:30:35,29050.0,200.0,3761100.0
1096,2021-10-12 06:30:35,29050.0,5000.0,3760900.0
1097,2021-10-12 06:30:35,29050.0,5000.0,3755900.0
1098,2021-10-12 06:30:35,29050.0,1000.0,3750900.0
1099,2021-10-12 06:30:35,29050.0,10000.0,3749900.0
1100,2021-10-12 06:30:35,29050.0,100.0,3739900.0
1101,2021-10-12 06:30:35,29100.0,3600.0,3739800.0
1102,2021-10-12 06:30:35,29100.0,1000.0,3736200.0
1103,2021-10-12 06:30:35,29100.0,5000.0,3735200.0
1104,2021-10-12 06:30:35,29100.0,1400.0,3730200.0
1105,2021-10-12 06:30:35,29100.0,100.0,3728800.0
1106,2021-10-12 06:30:35,29100.0,900.0,3728700.0
1107,2021-10-12 06:30:35,29100.0,100.0,3727800.0
1108,2021-10-12 06:30:35,29100.0,500.0,3727700.0
1109,2021-10-12 06:30:35,29100.0,5000.0,3727200.0
1110,2021-10-12 06:30:35,29150.0,500.0,3722200.0
1111,2021-10-12 06:30:35,29150.0,500.0,3721700.0
1112,2021-10-12 06:30:35,29150.0,100.0,3721200.0
1113,2021-10-12 06:30:35,29150.0,200.0,3721100.0
1114,2021-10-12 06:30:33,29200.0,600.0,3720900.0
1115,2021-10-12 06:30:31,29150.0,200.0,3720300.0
1116,2021-10-12 06:30:26,29200.0,400.0,3720100.0
1117,2021-10-12 06:30:23,29200.0,1000.0,3719700.0
1118,2021-10-12 06:30:17,29150.0,800.0,3718700.0
1119,2021-10-12 06:30:17,29150.0,200.0,3717900.0
1120,2021-10-12 06:30:07,29200.0,200.0,3717700.0
1121,2021-10-12 06:30:02,29200.0,1500.0,3717500.0
1122,2021-10-12 06:29:48,29200.0,1000.0,3716000.0
1123,2021-10-12 06:29:38,29200.0,4200.0,3715000.0
1124,2021-10-12 06:29:38,29200.0,600.0,3710800.0
1125,2021-10-12 06:29:37,29150.0,300.0,3710200.0
1126,2021-10-12 06:29:04,29200.0,100.0,3709900.0
1127,2021-10-12 06:29:03,29200.0,1000.0,3709800.0
1128,2021-10-12 06:29:03,29200.0,100.0,3708800.0
1129,2021-10-12 06:28:50,29200.0,400.0,3708700.0
1130,2021-10-12 06:28:50,29200.0,1000.0,3708300.0
1131,2021-10-12 06:28:50,29200.0,4300.0,3707300.0
1132,2021-10-12 06:28:50,29200.0,10000.0,3703000.0
1133,2021-10-12 06:28:50,29200.0,100.0,3693000.0
1134,2021-10-12 06:28:50,29200.0,2000.0,3692900.0
1135,2021-10-12 06:28:50,29200.0,900.0,3690900.0
1136,2021-10-12 06:28:50,29250.0,4000.0,3690000.0
1137,2021-10-12 06:28:42,29250.0,1000.0,3686000.0
1138,2021-10-12 06:28:13,29200.0,1100.0,3685000.0
1139,2021-10-12 06:27:58,29200.0,100.0,3683900.0
1140,2021-10-12 06:27:58,29200.0,200.0,3683800.0
1141,2021-10-12 06:27:45,29200.0,100.0,3683600.0
1142,2021-10-12 06:27:44,29050.0,400.0,3683500.0
1143,2021-10-12 06:27:43,29050.0,2000.0,3683100.0
1144,2021-10-12 06:27:39,29050.0,1200.0,3681100.0
1145,2021-10-12 06:27:29,29050.0,2100.0,3679900.0
1146,2021-10-12 06:27:27,29050.0,100.0,3677800.0
1147,2021-10-12 06:27:26,29050.0,1000.0,3677700.0
1148,2021-10-12 06:27:22,29050.0,2000.0,3676700.0
1149,2021-10-12 06:27:22,29000.0,1000.0,3674700.0
1150,2021-10-12 06:27:21,29050.0,500.0,3673700.0
1151,2021-10-12 06:27:19,29050.0,100.0,3673200.0
1152,2021-10-12 06:27:18,29050.0,1000.0,3673100.0
1153,2021-10-12 06:27:18,29000.0,300.0,3672100.0
1154,2021-10-12 06:27:15,29050.0,5000.0,3671800.0
1155,2021-10-12 06:27:15,29000.0,400.0,3666800.0
1156,2021-10-12 06:27:15,29000.0,100.0,3666400.0
1157,2021-10-12 06:27:15,29000.0,200.0,3666300.0
1158,2021-10-12 06:27:15,29000.0,200.0,3666100.0
1159,2021-10-12 06:27:15,29000.0,100.0,3665900.0
1160,2021-10-12 06:27:14,29000.0,3300.0,3665800.0
1161,2021-10-12 06:27:14,29000.0,500.0,3662500.0
1162,2021-10-12 06:27:14,29000.0,500.0,3662000.0
1163,2021-10-12 06:27:14,29000.0,100.0,3661500.0
1164,2021-10-12 06:27:14,29000.0,100.0,3661400.0
1165,2021-10-12 06:27:14,29000.0,100.0,3661300.0
1166,2021-10-12 06:27:14,29000.0,300.0,3661200.0
1167,2021-10-12 06:27:14,29000.0,100.0,3660900.0
1168,2021-10-12 06:27:14,29000.0,2400.0,3660800.0
1169,2021-10-12 06:27:14,29000.0,100.0,3658400.0
1170,2021-10-12 06:27:14,29000.0,100.0,3658300.0
1171,2021-10-12 06:27:14,29000.0,100.0,3658200.0
1172,2021-10-12 06:27:14,29000.0,1000.0,3658100.0
1173,2021-10-12 06:27:14,29000.0,1000.0,3657100.0
1174,2021-10-12 06:27:14,29000.0,600.0,3656100.0
1175,2021-10-12 06:27:14,29000.0,100.0,3655500.0
1176,2021-10-12 06:27:14,29000.0,900.0,3655400.0
1177,2021-10-12 06:27:14,29000.0,500.0,3654500.0
1178,2021-10-12 06:27:14,29000.0,6000.0,3654000.0
1179,2021-10-12 06:27:14,29000.0,1500.0,3648000.0
1180,2021-10-12 06:27:14,29000.0,100.0,3646500.0
1181,2021-10-12 06:27:14,29000.0,100.0,3646400.0
1182,2021-10-12 06:27:14,29000.0,1000.0,3646300.0
1183,2021-10-12 06:27:14,29000.0,200.0,3645300.0
1184,2021-10-12 06:27:14,29000.0,2000.0,3645100.0
1185,2021-10-12 06:27:14,29000.0,600.0,3643100.0
1186,2021-10-12 06:27:14,29000.0,3000.0,3642500.0
1187,2021-10-12 06:27:14,29000.0,200.0,3639500.0
1188,2021-10-12 06:27:14,29000.0,500.0,3639300.0
1189,2021-10-12 06:27:14,29000.0,300.0,3638800.0
1190,2021-10-12 06:27:14,29000.0,1000.0,3638500.0
1191,2021-10-12 06:27:14,29000.0,200.0,3637500.0
1192,2021-10-12 06:27:14,29000.0,2000.0,3637300.0
1193,2021-10-12 06:27:14,29000.0,5000.0,3635300.0
1194,2021-10-12 06:27:14,29000.0,500.0,3630300.0
1195,2021-10-12 06:27:14,29000.0,10000.0,3629800.0
1196,2021-10-12 06:27:14,29000.0,500.0,3619800.0
1197,2021-10-12 06:27:14,29000.0,1000.0,3619300.0
1198,2021-10-12 06:27:14,29000.0,200.0,3618300.0
1199,2021-10-12 06:27:14,29000.0,500.0,3618100.0
1200,2021-10-12 06:27:14,29000.0,100.0,3617600.0
1201,2021-10-12 06:27:14,29000.0,2000.0,3617500.0
1202,2021-10-12 06:27:14,29000.0,500.0,3615500.0
1203,2021-10-12 06:27:14,29000.0,100.0,3615000.0
1204,2021-10-12 06:27:14,29000.0,2000.0,3614900.0
1205,2021-10-12 06:27:14,29000.0,500.0,3612900.0
1206,2021-10-12 06:27:14,29000.0,200.0,3612400.0
1207,2021-10-12 06:27:14,29000.0,200.0,3612200.0
1208,2021-10-12 06:27:14,29000.0,20000.0,3612000.0
1209,2021-10-12 06:27:14,29000.0,200.0,3592000.0
1210,2021-10-12 06:27:14,29000.0,3400.0,3591800.0
1211,2021-10-12 06:27:14,29000.0,2000.0,3588400.0
1212,2021-10-12 06:27:14,29000.0,200.0,3586400.0
1213,2021-10-12 06:27:14,29000.0,100.0,3586200.0
1214,2021-10-12 06:27:14,29000.0,100.0,3586100.0
1215,2021-10-12 06:27:14,29000.0,200.0,3586000.0
1216,2021-10-12 06:27:14,29000.0,20000.0,3585800.0
1217,2021-10-12 06:27:09,29050.0,1100.0,3565800.0
1218,2021-10-12 06:27:07,29050.0,100.0,3564700.0
1219,2021-10-12 06:27:01,29050.0,2000.0,3564600.0
1220,2021-10-12 06:26:59,29050.0,100.0,3562600.0
1221,2021-10-12 06:26:59,29050.0,700.0,3562500.0
1222,2021-10-12 06:26:53,29050.0,300.0,3561800.0
1223,2021-10-12 06:26:52,29050.0,1000.0,3561500.0
1224,2021-10-12 06:26:49,29050.0,500.0,3560500.0
1225,2021-10-12 06:26:48,29050.0,5000.0,3560000.0
1226,2021-10-12 06:26:48,29050.0,100.0,3555000.0
1227,2021-10-12 06:26:48,29050.0,100.0,3554900.0
1228,2021-10-12 06:26:44,29050.0,100.0,3554800.0
1229,2021-10-12 06:26:42,29050.0,100.0,3554700.0
1230,2021-10-12 06:26:41,29050.0,2000.0,3554600.0
1231,2021-10-12 06:26:40,29050.0,500.0,3552600.0
1232,2021-10-12 06:26:34,29050.0,300.0,3552100.0
1233,2021-10-12 06:26:32,29050.0,10000.0,3551800.0
1234,2021-10-12 06:26:28,29050.0,100.0,3541800.0
1235,2021-10-12 06:26:28,29050.0,10000.0,3541700.0
1236,2021-10-12 06:26:28,29050.0,100.0,3531700.0
1237,2021-10-12 06:26:28,29050.0,5000.0,3531600.0
1238,2021-10-12 06:26:28,29050.0,3600.0,3526600.0
1239,2021-10-12 06:26:28,29050.0,100.0,3523000.0
1240,2021-10-12 06:26:28,29050.0,500.0,3522900.0
1241,2021-10-12 06:26:28,29050.0,400.0,3522400.0
1242,2021-10-12 06:26:28,29050.0,1300.0,3522000.0
1243,2021-10-12 06:26:28,29100.0,1000.0,3520700.0
1244,2021-10-12 06:26:28,29100.0,5000.0,3519700.0
1245,2021-10-12 06:26:28,29100.0,1000.0,3514700.0
1246,2021-10-12 06:26:28,29100.0,5000.0,3513700.0
1247,2021-10-12 06:26:28,29100.0,700.0,3508700.0
1248,2021-10-12 06:26:28,29100.0,10000.0,3508000.0
1249,2021-10-12 06:26:28,29100.0,2000.0,3498000.0
1250,2021-10-12 06:26:28,29100.0,600.0,3496000.0
1251,2021-10-12 06:26:28,29150.0,1000.0,3495400.0
1252,2021-10-12 06:26:28,29150.0,1500.0,3494400.0
1253,2021-10-12 06:26:28,29150.0,100.0,3492900.0
1254,2021-10-12 06:26:28,29150.0,7000.0,3492800.0
1255,2021-10-12 06:26:28,29200.0,100.0,3485800.0
1256,2021-10-12 06:26:28,29200.0,1000.0,3485700.0
1257,2021-10-12 06:26:28,29200.0,3500.0,3484700.0
1258,2021-10-12 06:26:24,29200.0,500.0,3481200.0
1259,2021-10-12 06:26:15,29200.0,5000.0,3480700.0
1260,2021-10-12 06:26:15,29200.0,100.0,3475700.0
1261,2021-10-12 06:26:14,29200.0,600.0,3475600.0
1262,2021-10-12 06:26:13,29200.0,100.0,3475000.0
1263,2021-10-12 06:26:06,29200.0,200.0,3474900.0
1264,2021-10-12 06:26:05,29200.0,800.0,3474700.0
1265,2021-10-12 06:25:40,29200.0,400.0,3473900.0
1266,2021-10-12 06:25:36,29200.0,100.0,3473500.0
1267,2021-10-12 06:25:33,29100.0,300.0,3473400.0
1268,2021-10-12 06:25:32,29100.0,200.0,3473100.0
1269,2021-10-12 06:25:31,29200.0,700.0,3472900.0
1270,2021-10-12 06:25:29,29300.0,6500.0,3472200.0
1271,2021-10-12 06:25:27,29200.0,300.0,3465700.0
1272,2021-10-12 06:25:27,29200.0,700.0,3465400.0
1273,2021-10-12 06:25:27,29200.0,100.0,3464700.0
1274,2021-10-12 06:25:21,29200.0,300.0,3464600.0
1275,2021-10-12 06:25:15,29200.0,1000.0,3464300.0
1276,2021-10-12 06:25:14,29200.0,400.0,3463300.0
1277,2021-10-12 06:25:07,29200.0,600.0,3462900.0
1278,2021-10-12 06:25:04,29200.0,1300.0,3462300.0
1279,2021-10-12 06:25:03,29200.0,500.0,3461000.0
1280,2021-10-12 06:25:03,29200.0,2200.0,3460500.0
1281,2021-10-12 06:24:57,29200.0,15400.0,3458300.0
1282,2021-10-12 06:24:54,29200.0,1000.0,3442900.0
1283,2021-10-12 06:24:53,29200.0,1000.0,3441900.0
1284,2021-10-12 06:24:53,29200.0,2000.0,3440900.0
1285,2021-10-12 06:24:53,29200.0,600.0,3438900.0
1286,2021-10-12 06:24:50,29200.0,400.0,3438300.0
1287,2021-10-12 06:24:48,29050.0,12700.0,3437900.0
1288,2021-10-12 06:24:48,29100.0,100.0,3425200.0
1289,2021-10-12 06:24:48,29100.0,500.0,3425100.0
1290,2021-10-12 06:24:48,29100.0,10000.0,3424600.0
1291,2021-10-12 06:24:48,29100.0,100.0,3414600.0
1292,2021-10-12 06:24:48,29100.0,200.0,3414500.0
1293,2021-10-12 06:24:48,29100.0,500.0,3414300.0
1294,2021-10-12 06:24:48,29100.0,100.0,3413800.0
1295,2021-10-12 06:24:48,29100.0,300.0,3413700.0
1296,2021-10-12 06:24:48,29100.0,5000.0,3413400.0
1297,2021-10-12 06:24:48,29100.0,100.0,3408400.0
1298,2021-10-12 06:24:48,29100.0,100.0,3408300.0
1299,2021-10-12 06:24:48,29100.0,100.0,3408200.0
1300,2021-10-12 06:24:48,29100.0,30000.0,3408100.0
1301,2021-10-12 06:24:48,29150.0,5000.0,3378100.0
1302,2021-10-12 06:24:48,29150.0,500.0,3373100.0
1303,2021-10-12 06:24:48,29150.0,1000.0,3372600.0
1304,2021-10-12 06:24:48,29150.0,30000.0,3371600.0
1305,2021-10-12 06:24:48,29200.0,200.0,3341600.0
1306,2021-10-12 06:24:48,29200.0,100.0,3341400.0
1307,2021-10-12 06:24:48,29200.0,1000.0,3341300.0
1308,2021-10-12 06:24:48,29200.0,1200.0,3340300.0
1309,2021-10-12 06:24:48,29200.0,1200.0,3339100.0
1310,2021-10-12 06:24:46,29200.0,2000.0,3337900.0
1311,2021-10-12 06:24:41,29200.0,1800.0,3335900.0
1312,2021-10-12 06:24:41,29200.0,3500.0,3334100.0
1313,2021-10-12 06:24:35,29200.0,1500.0,3330600.0
1314,2021-10-12 06:24:35,29200.0,1000.0,3329100.0
1315,2021-10-12 06:24:35,29200.0,2000.0,3328100.0
1316,2021-10-12 06:24:35,29200.0,200.0,3326100.0
1317,2021-10-12 06:24:35,29200.0,1000.0,3325900.0
1318,2021-10-12 06:24:35,29200.0,4300.0,3324900.0
1319,2021-10-12 06:24:30,29200.0,100.0,3320600.0
1320,2021-10-12 06:24:20,29200.0,300.0,3320500.0
1321,2021-10-12 06:24:01,29200.0,5300.0,3320200.0
1322,2021-10-12 06:24:01,29200.0,3000.0,3314900.0
1323,2021-10-12 06:24:01,29200.0,200.0,3311900.0
1324,2021-10-12 06:24:01,29200.0,100.0,3311700.0
1325,2021-10-12 06:24:01,29200.0,2000.0,3311600.0
1326,2021-10-12 06:24:01,29200.0,100.0,3309600.0
1327,2021-10-12 06:24:01,29200.0,1500.0,3309500.0
1328,2021-10-12 06:24:01,29200.0,500.0,3308000.0
1329,2021-10-12 06:24:01,29200.0,100.0,3307500.0
1330,2021-10-12 06:24:01,29200.0,1000.0,3307400.0
1331,2021-10-12 06:24:01,29200.0,700.0,3306400.0
1332,2021-10-12 06:24:01,29200.0,5000.0,3305700.0
1333,2021-10-12 06:24:01,29200.0,100.0,3300700.0
1334,2021-10-12 06:24:01,29200.0,500.0,3300600.0
1335,2021-10-12 06:24:01,29200.0,500.0,3300100.0
1336,2021-10-12 06:24:01,29200.0,500.0,3299600.0
1337,2021-10-12 06:24:01,29200.0,500.0,3299100.0
1338,2021-10-12 06:24:01,29200.0,1000.0,3298600.0
1339,2021-10-12 06:24:01,29200.0,1000.0,3297600.0
1340,2021-10-12 06:24:01,29200.0,100.0,3296600.0
1341,2021-10-12 06:24:01,29200.0,1000.0,3296500.0
1342,2021-10-12 06:24:01,29200.0,200.0,3295500.0
1343,2021-10-12 06:24:01,29200.0,100.0,3295300.0
1344,2021-10-12 06:24:01,29250.0,500.0,3295200.0
1345,2021-10-12 06:24:01,29250.0,1000.0,3294700.0
1346,2021-10-12 06:24:01,29250.0,20000.0,3293700.0
1347,2021-10-12 06:24:01,29250.0,100.0,3273700.0
1348,2021-10-12 06:24:01,29250.0,3400.0,3273600.0
1349,2021-10-12 06:24:00,29250.0,800.0,3270200.0
1350,2021-10-12 06:23:53,29250.0,800.0,3269400.0
1351,2021-10-12 06:23:53,29250.0,500.0,3268600.0
1352,2021-10-12 06:23:53,29250.0,1000.0,3268100.0
1353,2021-10-12 06:23:53,29250.0,2700.0,3267100.0
1354,2021-10-12 06:23:50,29250.0,700.0,3264400.0
1355,2021-10-12 06:23:49,29250.0,900.0,3263700.0
1356,2021-10-12 06:23:40,29250.0,400.0,3262800.0
1357,2021-10-12 06:23:35,29300.0,100.0,3262400.0
1358,2021-10-12 06:23:29,29250.0,500.0,3262300.0
1359,2021-10-12 06:23:24,29300.0,1000.0,3261800.0
1360,2021-10-12 06:23:24,29300.0,700.0,3260800.0
1361,2021-10-12 06:23:24,29250.0,800.0,3260100.0
1362,2021-10-12 06:23:24,29250.0,200.0,3259300.0
1363,2021-10-12 06:23:19,29300.0,1000.0,3259100.0
1364,2021-10-12 06:23:12,29300.0,16400.0,3258100.0
1365,2021-10-12 06:23:12,29300.0,10000.0,3241700.0
1366,2021-10-12 06:23:12,29300.0,200.0,3231700.0
1367,2021-10-12 06:23:12,29300.0,5000.0,3231500.0
1368,2021-10-12 06:23:12,29300.0,100.0,3226500.0
1369,2021-10-12 06:23:12,29300.0,700.0,3226400.0
1370,2021-10-12 06:23:12,29300.0,500.0,3225700.0
1371,2021-10-12 06:23:12,29300.0,2000.0,3225200.0
1372,2021-10-12 06:23:12,29300.0,1000.0,3223200.0
1373,2021-10-12 06:23:12,29300.0,100.0,3222200.0
1374,2021-10-12 06:23:12,29300.0,100.0,3222100.0
1375,2021-10-12 06:23:12,29300.0,11400.0,3222000.0
1376,2021-10-12 06:22:51,29300.0,600.0,3210600.0
1377,2021-10-12 06:22:51,29300.0,200.0,3210000.0
1378,2021-10-12 06:22:40,29350.0,1400.0,3209800.0
1379,2021-10-12 06:22:35,29350.0,2000.0,3208400.0
1380,2021-10-12 06:22:32,29300.0,3600.0,3206400.0
1381,2021-10-12 06:22:32,29300.0,100.0,3202800.0
1382,2021-10-12 06:22:32,29300.0,200.0,3202700.0
1383,2021-10-12 06:22:32,29300.0,600.0,3202500.0
1384,2021-10-12 06:22:32,29300.0,100.0,3201900.0
1385,2021-10-12 06:22:32,29300.0,2000.0,3201800.0
1386,2021-10-12 06:22:32,29300.0,100.0,3199800.0
1387,2021-10-12 06:22:32,29300.0,200.0,3199700.0
1388,2021-10-12 06:22:32,29300.0,1000.0,3199500.0
1389,2021-10-12 06:22:32,29300.0,1000.0,3198500.0
1390,2021-10-12 06:22:32,29300.0,100.0,3197500.0
1391,2021-10-12 06:22:32,29300.0,200.0,3197400.0
1392,2021-10-12 06:22:32,29300.0,800.0,3197200.0
1393,2021-10-12 06:22:20,29300.0,200.0,3196400.0
1394,2021-10-12 06:22:20,29300.0,300.0,3196200.0
1395,2021-10-12 06:22:01,29350.0,5000.0,3195900.0
1396,2021-10-12 06:21:54,29300.0,1700.0,3190900.0
1397,2021-10-12 06:21:54,29300.0,100.0,3189200.0
1398,2021-10-12 06:21:54,29300.0,200.0,3189100.0
1399,2021-10-12 06:21:47,29300.0,200.0,3188900.0
1400,2021-10-12 06:21:29,29300.0,100.0,3188700.0
1401,2021-10-12 06:21:29,29300.0,1200.0,3188600.0
1402,2021-10-12 06:21:29,29300.0,500.0,3187400.0
1403,2021-10-12 06:21:29,29300.0,500.0,3186900.0
1404,2021-10-12 06:21:29,29300.0,5000.0,3186400.0
1405,2021-10-12 06:21:29,29300.0,100.0,3181400.0
1406,2021-10-12 06:21:29,29300.0,100.0,3181300.0
1407,2021-10-12 06:21:29,29300.0,500.0,3181200.0
1408,2021-10-12 06:21:19,29300.0,500.0,3180700.0
1409,2021-10-12 06:21:19,29300.0,300.0,3180200.0
1410,2021-10-12 06:21:19,29300.0,200.0,3179900.0
1411,2021-10-12 06:21:19,29300.0,5000.0,3179700.0
1412,2021-10-12 06:21:19,29300.0,3000.0,3174700.0
1413,2021-10-12 06:21:19,29300.0,1000.0,3171700.0
1414,2021-10-12 06:21:02,29300.0,200.0,3170700.0
1415,2021-10-12 06:20:52,29300.0,800.0,3170500.0
1416,2021-10-12 06:20:52,29300.0,5000.0,3169700.0
1417,2021-10-12 06:20:52,29300.0,4200.0,3164700.0
1418,2021-10-12 06:20:50,29300.0,200.0,3160500.0
1419,2021-10-12 06:20:48,29300.0,1000.0,3160300.0
1420,2021-10-12 06:20:41,29300.0,11000.0,3159300.0
1421,2021-10-12 06:20:26,29350.0,500.0,3148300.0
1422,2021-10-12 06:20:22,29300.0,1000.0,3147800.0
1423,2021-10-12 06:20:18,29350.0,1000.0,3146800.0
1424,2021-10-12 06:20:17,29350.0,5000.0,3145800.0
1425,2021-10-12 06:20:16,29350.0,1800.0,3140800.0
1426,2021-10-12 06:20:08,29350.0,500.0,3139000.0
1427,2021-10-12 06:20:08,29350.0,10000.0,3138500.0
1428,2021-10-12 06:20:08,29350.0,500.0,3128500.0
1429,2021-10-12 06:20:08,29350.0,1000.0,3128000.0
1430,2021-10-12 06:20:08,29350.0,100.0,3127000.0
1431,2021-10-12 06:20:08,29350.0,500.0,3126900.0
1432,2021-10-12 06:20:08,29350.0,100.0,3126400.0
1433,2021-10-12 06:20:08,29350.0,100.0,3126300.0
1434,2021-10-12 06:20:08,29350.0,100.0,3126200.0
1435,2021-10-12 06:20:08,29350.0,2000.0,3126100.0
1436,2021-10-12 06:20:08,29350.0,1000.0,3124100.0
1437,2021-10-12 06:20:08,29350.0,1000.0,3123100.0
1438,2021-10-12 06:20:08,29350.0,100.0,3122100.0
1439,2021-10-12 06:20:08,29350.0,3500.0,3122000.0
1440,2021-10-12 06:20:08,29350.0,500.0,3118500.0
1441,2021-10-12 06:20:08,29350.0,2700.0,3118000.0
1442,2021-10-12 06:19:29,29350.0,2300.0,3115300.0
1443,2021-10-12 06:19:29,29350.0,500.0,3113000.0
1444,2021-10-12 06:19:29,29350.0,100.0,3112500.0
1445,2021-10-12 06:19:29,29350.0,5000.0,3112400.0
1446,2021-10-12 06:19:29,29350.0,1000.0,3107400.0
1447,2021-10-12 06:19:29,29350.0,5000.0,3106400.0
1448,2021-10-12 06:19:29,29350.0,1100.0,3101400.0
1449,2021-10-12 06:19:27,29400.0,100.0,3100300.0
1450,2021-10-12 06:19:14,29400.0,2000.0,3100200.0
1451,2021-10-12 06:19:01,29400.0,2000.0,3098200.0
1452,2021-10-12 06:19:01,29400.0,1000.0,3096200.0
1453,2021-10-12 06:19:01,29400.0,300.0,3095200.0
1454,2021-10-12 06:19:01,29400.0,200.0,3094900.0
1455,2021-10-12 06:19:01,29400.0,200.0,3094700.0
1456,2021-10-12 06:19:01,29400.0,3000.0,3094500.0
1457,2021-10-12 06:19:01,29400.0,500.0,3091500.0
1458,2021-10-12 06:18:57,29400.0,1000.0,3091000.0
1459,2021-10-12 06:18:53,29400.0,3500.0,3090000.0
1460,2021-10-12 06:18:53,29400.0,500.0,3086500.0
1461,2021-10-12 06:18:53,29400.0,100.0,3086000.0
1462,2021-10-12 06:18:53,29400.0,300.0,3085900.0
1463,2021-10-12 06:18:53,29400.0,1000.0,3085600.0
1464,2021-10-12 06:18:53,29400.0,1000.0,3084600.0
1465,2021-10-12 06:18:53,29400.0,100.0,3083600.0
1466,2021-10-12 06:18:53,29400.0,100.0,3083500.0
1467,2021-10-12 06:18:53,29400.0,200.0,3083400.0
1468,2021-10-12 06:18:53,29400.0,100.0,3083200.0
1469,2021-10-12 06:18:53,29400.0,10000.0,3083100.0
1470,2021-10-12 06:18:53,29400.0,500.0,3073100.0
1471,2021-10-12 06:18:53,29400.0,10000.0,3072600.0
1472,2021-10-12 06:18:53,29400.0,200.0,3062600.0
1473,2021-10-12 06:18:53,29400.0,3500.0,3062400.0
1474,2021-10-12 06:18:53,29400.0,100.0,3058900.0
1475,2021-10-12 06:18:53,29400.0,3000.0,3058800.0
1476,2021-10-12 06:18:53,29400.0,2000.0,3055800.0
1477,2021-10-12 06:18:53,29400.0,5000.0,3053800.0
1478,2021-10-12 06:18:53,29400.0,5000.0,3048800.0
1479,2021-10-12 06:18:53,29400.0,300.0,3043800.0
1480,2021-10-12 06:18:53,29400.0,1000.0,3043500.0
1481,2021-10-12 06:18:53,29400.0,200.0,3042500.0
1482,2021-10-12 06:18:53,29400.0,100.0,3042300.0
1483,2021-10-12 06:18:53,29400.0,5000.0,3042200.0
1484,2021-10-12 06:18:53,29400.0,500.0,3037200.0
1485,2021-10-12 06:18:53,29400.0,400.0,3036700.0
1486,2021-10-12 06:18:53,29400.0,1000.0,3036300.0
1487,2021-10-12 06:18:53,29400.0,5000.0,3035300.0
1488,2021-10-12 06:18:53,29400.0,300.0,3030300.0
1489,2021-10-12 06:18:46,29400.0,200.0,3030000.0
1490,2021-10-12 06:18:29,29400.0,500.0,3029800.0
1491,2021-10-12 06:18:29,29400.0,100.0,3029300.0
1492,2021-10-12 06:18:29,29400.0,400.0,3029200.0
1493,2021-10-12 06:18:17,29400.0,100.0,3028800.0
1494,2021-10-12 06:18:17,29400.0,200.0,3028700.0
1495,2021-10-12 06:17:59,29450.0,1400.0,3028500.0
1496,2021-10-12 06:17:59,29450.0,5000.0,3027100.0
1497,2021-10-12 06:17:59,29450.0,1000.0,3022100.0
1498,2021-10-12 06:17:59,29450.0,300.0,3021100.0
1499,2021-10-12 06:17:59,29450.0,200.0,3020800.0
1500,2021-10-12 06:17:59,29450.0,3700.0,3020600.0
1501,2021-10-12 06:17:59,29450.0,100.0,3016900.0
1502,2021-10-12 06:17:59,29450.0,100.0,3016800.0
1503,2021-10-12 06:17:59,29450.0,1000.0,3016700.0
1504,2021-10-12 06:17:59,29450.0,10000.0,3015700.0
1505,2021-10-12 06:17:59,29450.0,1500.0,3005700.0
1506,2021-10-12 06:17:59,29450.0,500.0,3004200.0
1507,2021-10-12 06:17:59,29450.0,1000.0,3003700.0
1508,2021-10-12 06:17:45,29450.0,100.0,3002700.0
1509,2021-10-12 06:17:33,29450.0,100.0,3002600.0
1510,2021-10-12 06:17:25,29450.0,100.0,3002500.0
1511,2021-10-12 06:17:13,29450.0,100.0,3002400.0
1512,2021-10-12 06:16:33,29450.0,600.0,3002300.0
1513,2021-10-12 06:16:33,29450.0,1000.0,3001700.0
1514,2021-10-12 06:16:33,29450.0,1400.0,3000700.0
1515,2021-10-12 06:16:28,29500.0,800.0,2999300.0
1516,2021-10-12 06:16:05,29450.0,3000.0,2998500.0
1517,2021-10-12 06:16:05,29450.0,1800.0,2995500.0
1518,2021-10-12 06:15:46,29500.0,4000.0,2993700.0
1519,2021-10-12 06:15:17,29500.0,1000.0,2989700.0
1520,2021-10-12 06:15:17,29500.0,5000.0,2988700.0
1521,2021-10-12 06:15:17,29500.0,400.0,2983700.0
1522,2021-10-12 06:15:17,29500.0,100.0,2983300.0
1523,2021-10-12 06:15:17,29500.0,200.0,2983200.0
1524,2021-10-12 06:15:17,29500.0,200.0,2983000.0
1525,2021-10-12 06:15:17,29500.0,100.0,2982800.0
1526,2021-10-12 06:15:17,29500.0,600.0,2982700.0
1527,2021-10-12 06:15:17,29500.0,5000.0,2982100.0
1528,2021-10-12 06:15:17,29500.0,1000.0,2977100.0
1529,2021-10-12 06:15:17,29500.0,1000.0,2976100.0
1530,2021-10-12 06:15:17,29500.0,100.0,2975100.0
1531,2021-10-12 06:15:17,29500.0,2000.0,2975000.0
1532,2021-10-12 06:15:17,29500.0,100.0,2973000.0
1533,2021-10-12 06:15:17,29500.0,100.0,2972900.0
1534,2021-10-12 06:15:17,29500.0,20000.0,2972800.0
1535,2021-10-12 06:15:17,29500.0,1500.0,2952800.0
1536,2021-10-12 06:15:17,29500.0,3800.0,2951300.0
1537,2021-10-12 06:15:17,29500.0,100.0,2947500.0
1538,2021-10-12 06:15:17,29500.0,500.0,2947400.0
1539,2021-10-12 06:15:17,29500.0,100.0,2946900.0
1540,2021-10-12 06:15:17,29500.0,100.0,2946800.0
1541,2021-10-12 06:15:17,29500.0,20000.0,2946700.0
1542,2021-10-12 06:15:17,29500.0,1000.0,2926700.0
1543,2021-10-12 06:15:17,29500.0,500.0,2925700.0
1544,2021-10-12 06:15:17,29500.0,1000.0,2925200.0
1545,2021-10-12 06:15:17,29500.0,200.0,2924200.0
1546,2021-10-12 06:15:17,29500.0,10000.0,2924000.0
1547,2021-10-12 06:15:17,29500.0,18300.0,2914000.0
1548,2021-10-12 06:15:10,29500.0,1700.0,2895700.0
1549,2021-10-12 06:15:10,29500.0,100.0,2894000.0
1550,2021-10-12 06:15:10,29500.0,1000.0,2893900.0
1551,2021-10-12 06:15:10,29500.0,200.0,2892900.0
1552,2021-10-12 06:15:10,29500.0,200.0,2892700.0
1553,2021-10-12 06:15:10,29500.0,1600.0,2892500.0
1554,2021-10-12 06:15:09,29550.0,200.0,2890900.0
1555,2021-10-12 06:14:27,29550.0,400.0,2890700.0
1556,2021-10-12 06:14:00,29550.0,1000.0,2890300.0
1557,2021-10-12 06:13:55,29550.0,100.0,2889300.0
1558,2021-10-12 06:13:51,29550.0,1000.0,2889200.0
1559,2021-10-12 06:13:42,29550.0,10000.0,2888200.0
1560,2021-10-12 06:13:20,29500.0,100.0,2878200.0
1561,2021-10-12 06:13:07,29550.0,2100.0,2878100.0
1562,2021-10-12 06:12:56,29500.0,1300.0,2876000.0
1563,2021-10-12 06:12:56,29500.0,500.0,2874700.0
1564,2021-10-12 06:12:56,29500.0,100.0,2874200.0
1565,2021-10-12 06:12:56,29500.0,100.0,2874100.0
1566,2021-10-12 06:12:56,29500.0,500.0,2874000.0
1567,2021-10-12 06:12:54,29550.0,10000.0,2873500.0
1568,2021-10-12 06:12:43,29550.0,400.0,2863500.0
1569,2021-10-12 06:12:33,29550.0,2000.0,2863100.0
1570,2021-10-12 06:12:28,29550.0,1300.0,2861100.0
1571,2021-10-12 06:12:28,29550.0,100.0,2859800.0
1572,2021-10-12 06:12:28,29550.0,1800.0,2859700.0
1573,2021-10-12 06:12:28,29550.0,5000.0,2857900.0
1574,2021-10-12 06:12:28,29550.0,700.0,2852900.0
1575,2021-10-12 06:12:28,29550.0,24800.0,2852200.0
1576,2021-10-12 06:12:24,29600.0,500.0,2827400.0
1577,2021-10-12 06:12:18,29600.0,5000.0,2826900.0
1578,2021-10-12 06:12:06,29600.0,200.0,2821900.0
1579,2021-10-12 06:12:06,29600.0,300.0,2821700.0
1580,2021-10-12 06:12:06,29600.0,600.0,2821400.0
1581,2021-10-12 06:12:06,29600.0,1000.0,2820800.0
1582,2021-10-12 06:12:06,29600.0,7900.0,2819800.0
1583,2021-10-12 06:11:27,29600.0,1000.0,2811900.0
1584,2021-10-12 06:11:11,29550.0,1800.0,2810900.0
1585,2021-10-12 06:10:41,29600.0,500.0,2809100.0
1586,2021-10-12 06:10:25,29600.0,5000.0,2808600.0
1587,2021-10-12 06:09:51,29600.0,100.0,2803600.0
1588,2021-10-12 06:09:46,29550.0,1000.0,2803500.0
1589,2021-10-12 06:09:09,29550.0,1000.0,2802500.0
1590,2021-10-12 06:08:50,29600.0,300.0,2801500.0
1591,2021-10-12 06:08:10,29600.0,5000.0,2801200.0
1592,2021-10-12 06:07:14,29550.0,300.0,2796200.0
1593,2021-10-12 06:07:13,29600.0,500.0,2795900.0
1594,2021-10-12 06:07:12,29550.0,4400.0,2795400.0
1595,2021-10-12 06:07:08,29550.0,1000.0,2791000.0
1596,2021-10-12 06:06:46,29550.0,8000.0,2790000.0
1597,2021-10-12 06:06:46,29550.0,300.0,2782000.0
1598,2021-10-12 06:06:46,29550.0,7000.0,2781700.0
1599,2021-10-12 06:06:46,29550.0,1000.0,2774700.0
1600,2021-10-12 06:06:46,29550.0,4600.0,2773700.0
1601,2021-10-12 06:06:16,29550.0,600.0,2769100.0
1602,2021-10-12 06:06:03,29550.0,1000.0,2768500.0
1603,2021-10-12 06:06:03,29550.0,500.0,2767500.0
1604,2021-10-12 06:06:03,29550.0,4500.0,2767000.0
1605,2021-10-12 06:06:03,29550.0,1000.0,2762500.0
1606,2021-10-12 06:06:03,29550.0,100.0,2761500.0
1607,2021-10-12 06:06:03,29550.0,1800.0,2761400.0
1608,2021-10-12 06:06:03,29550.0,1800.0,2759600.0
1609,2021-10-12 06:06:03,29550.0,2000.0,2757800.0
1610,2021-10-12 06:06:03,29550.0,100.0,2755800.0
1611,2021-10-12 06:06:03,29550.0,100.0,2755700.0
1612,2021-10-12 06:06:03,29550.0,100.0,2755600.0
1613,2021-10-12 06:06:03,29550.0,100.0,2755500.0
1614,2021-10-12 06:06:03,29550.0,1700.0,2755400.0
1615,2021-10-12 06:05:55,29550.0,3100.0,2753700.0
1616,2021-10-12 06:05:55,29550.0,1900.0,2750600.0
1617,2021-10-12 06:05:31,29550.0,300.0,2748700.0
1618,2021-10-12 06:05:17,29550.0,500.0,2748400.0
1619,2021-10-12 06:05:09,29550.0,600.0,2747900.0
1620,2021-10-12 06:04:00,29550.0,100.0,2747300.0
1621,2021-10-12 06:03:54,29550.0,1000.0,2747200.0
1622,2021-10-12 06:03:49,29550.0,1000.0,2746200.0
1623,2021-10-12 06:03:44,29550.0,300.0,2745200.0
1624,2021-10-12 06:00:14,29550.0,1000.0,2744900.0
1625,2021-10-12 06:00:14,29550.0,100.0,2743900.0
1626,2021-10-12 06:00:14,29550.0,1200.0,2743800.0
1627,2021-10-12 06:00:09,29550.0,100.0,2742600.0
1628,2021-10-12 06:00:08,29550.0,100.0,2742500.0
1629,2021-10-12 06:00:04,29550.0,3000.0,2742400.0
1630,2021-10-12 06:00:04,29550.0,200.0,2739400.0
1631,2021-10-12 06:00:01,29550.0,200.0,2739200.0
1632,2021-10-12 04:29:54,29550.0,100.0,2739000.0
1633,2021-10-12 04:29:54,29550.0,3000.0,2738900.0
1634,2021-10-12 04:29:54,29550.0,1200.0,2735900.0
1635,2021-10-12 04:29:54,29550.0,100.0,2734700.0
1636,2021-10-12 04:29:54,29550.0,200.0,2734600.0
1637,2021-10-12 04:29:49,29550.0,300.0,2734400.0
1638,2021-10-12 04:29:49,29550.0,100.0,2734100.0
1639,2021-10-12 04:29:36,29550.0,3500.0,2734000.0
1640,2021-10-12 04:29:36,29550.0,1500.0,2730500.0
1641,2021-10-12 04:29:24,29550.0,100.0,2729000.0
1642,2021-10-12 04:28:34,29550.0,100.0,2728900.0
1643,2021-10-12 04:28:12,29550.0,800.0,2728800.0
1644,2021-10-12 04:27:50,29550.0,100.0,2728000.0
1645,2021-10-12 04:26:17,29550.0,300.0,2727900.0
1646,2021-10-12 04:26:17,29550.0,700.0,2727600.0
1647,2021-10-12 04:25:49,29550.0,300.0,2726900.0
1648,2021-10-12 04:25:49,29550.0,700.0,2726600.0
1649,2021-10-12 04:25:23,29550.0,300.0,2725900.0
1650,2021-10-12 04:25:23,29550.0,100.0,2725600.0
1651,2021-10-12 04:25:23,29550.0,400.0,2725500.0
1652,2021-10-12 04:25:13,29550.0,100.0,2725100.0
1653,2021-10-12 04:25:13,29550.0,100.0,2725000.0
1654,2021-10-12 04:25:13,29550.0,200.0,2724900.0
1655,2021-10-12 04:25:13,29550.0,100.0,2724700.0
1656,2021-10-12 04:25:13,29550.0,100.0,2724600.0
1657,2021-10-12 04:25:13,29550.0,400.0,2724500.0
1658,2021-10-12 04:24:43,29550.0,1000.0,2724100.0
1659,2021-10-12 04:24:30,29600.0,18600.0,2723100.0
1660,2021-10-12 04:24:19,29550.0,100.0,2704500.0
1661,2021-10-12 04:24:01,29550.0,100.0,2704400.0
1662,2021-10-12 04:22:04,29550.0,300.0,2704300.0
1663,2021-10-12 04:21:55,29550.0,500.0,2704000.0
1664,2021-10-12 04:21:09,29550.0,400.0,2703500.0
1665,2021-10-12 04:20:52,29550.0,200.0,2703100.0
1666,2021-10-12 04:20:31,29550.0,300.0,2702900.0
1667,2021-10-12 04:20:31,29550.0,700.0,2702600.0
1668,2021-10-12 04:20:30,29550.0,100.0,2701900.0
1669,2021-10-12 04:20:22,29550.0,600.0,2701800.0
1670,2021-10-12 04:19:31,29550.0,100.0,2701200.0
1671,2021-10-12 04:19:00,29500.0,2000.0,2701100.0
1672,2021-10-12 04:19:00,29500.0,1400.0,2699100.0
1673,2021-10-12 04:19:00,29550.0,1000.0,2697700.0
1674,2021-10-12 04:19:00,29550.0,600.0,2696700.0
1675,2021-10-12 04:18:39,29550.0,200.0,2696100.0
1676,2021-10-12 04:18:38,29550.0,100.0,2695900.0
1677,2021-10-12 04:18:24,29550.0,400.0,2695800.0
1678,2021-10-12 04:17:52,29550.0,100.0,2695400.0
1679,2021-10-12 04:17:52,29550.0,400.0,2695300.0
1680,2021-10-12 04:17:26,29500.0,600.0,2694900.0
1681,2021-10-12 04:17:26,29500.0,400.0,2694300.0
1682,2021-10-12 04:17:26,29500.0,600.0,2693900.0
1683,2021-10-12 04:17:14,29500.0,300.0,2693300.0
1684,2021-10-12 04:16:58,29550.0,600.0,2693000.0
1685,2021-10-12 04:16:14,29550.0,100.0,2692400.0
1686,2021-10-12 04:16:06,29550.0,100.0,2692300.0
1687,2021-10-12 04:15:57,29550.0,1000.0,2692200.0
1688,2021-10-12 04:15:57,29550.0,100.0,2691200.0
1689,2021-10-12 04:15:57,29550.0,200.0,2691100.0
1690,2021-10-12 04:15:57,29550.0,100.0,2690900.0
1691,2021-10-12 04:15:53,29550.0,100.0,2690800.0
1692,2021-10-12 04:15:19,29550.0,100.0,2690700.0
1693,2021-10-12 04:12:51,29550.0,400.0,2690600.0
1694,2021-10-12 04:12:51,29550.0,300.0,2690200.0
1695,2021-10-12 04:12:35,29600.0,12000.0,2689900.0
1696,2021-10-12 04:12:04,29550.0,500.0,2677900.0
1697,2021-10-12 04:11:34,29550.0,200.0,2677400.0
1698,2021-10-12 04:11:31,29500.0,500.0,2677200.0
1699,2021-10-12 04:11:22,29500.0,200.0,2676700.0
1700,2021-10-12 04:10:56,29550.0,1200.0,2676500.0
1701,2021-10-12 04:10:56,29550.0,1500.0,2675300.0
1702,2021-10-12 04:10:56,29550.0,2100.0,2673800.0
1703,2021-10-12 04:10:43,29550.0,500.0,2671700.0
1704,2021-10-12 04:09:30,29550.0,900.0,2671200.0
1705,2021-10-12 04:09:30,29550.0,1000.0,2670300.0
1706,2021-10-12 04:09:30,29550.0,200.0,2669300.0
1707,2021-10-12 04:09:30,29550.0,1000.0,2669100.0
1708,2021-10-12 04:09:30,29550.0,10000.0,2668100.0
1709,2021-10-12 04:09:30,29550.0,100.0,2658100.0
1710,2021-10-12 04:09:30,29550.0,4200.0,2658000.0
1711,2021-10-12 04:09:17,29500.0,5000.0,2653800.0
1712,2021-10-12 04:09:15,29500.0,3000.0,2648800.0
1713,2021-10-12 04:08:24,29550.0,100.0,2645800.0
1714,2021-10-12 04:06:22,29550.0,1000.0,2645700.0
1715,2021-10-12 04:06:11,29550.0,300.0,2644700.0
1716,2021-10-12 04:06:07,29550.0,300.0,2644400.0
1717,2021-10-12 04:05:59,29550.0,1800.0,2644100.0
1718,2021-10-12 04:05:54,29550.0,2200.0,2642300.0
1719,2021-10-12 04:04:53,29550.0,400.0,2640100.0
1720,2021-10-12 04:04:39,29550.0,1700.0,2639700.0
1721,2021-10-12 04:04:39,29550.0,2100.0,2638000.0
1722,2021-10-12 04:04:17,29550.0,200.0,2635900.0
1723,2021-10-12 04:04:17,29550.0,1000.0,2635700.0
1724,2021-10-12 04:04:17,29550.0,1700.0,2634700.0
1725,2021-10-12 04:04:17,29550.0,1500.0,2633000.0
1726,2021-10-12 04:04:17,29550.0,15000.0,2631500.0
1727,2021-10-12 04:04:17,29550.0,1000.0,2616500.0
1728,2021-10-12 04:04:17,29550.0,500.0,2615500.0
1729,2021-10-12 04:04:17,29550.0,100.0,2615000.0
1730,2021-10-12 04:04:17,29550.0,1900.0,2614900.0
1731,2021-10-12 04:04:16,29600.0,9000.0,2613000.0
1732,2021-10-12 04:03:32,29550.0,1000.0,2604000.0
1733,2021-10-12 04:03:31,29550.0,100.0,2603000.0
1734,2021-10-12 04:02:56,29550.0,100.0,2602900.0
1735,2021-10-12 04:02:54,29550.0,800.0,2602800.0
1736,2021-10-12 04:01:56,29550.0,1100.0,2602000.0
1737,2021-10-12 04:01:56,29550.0,500.0,2600900.0
1738,2021-10-12 04:01:56,29550.0,2000.0,2600400.0
1739,2021-10-12 04:01:56,29550.0,300.0,2598400.0
1740,2021-10-12 04:01:56,29550.0,100.0,2598100.0
1741,2021-10-12 04:01:56,29550.0,12100.0,2598000.0
1742,2021-10-12 04:01:54,29500.0,200.0,2585900.0
1743,2021-10-12 04:01:54,29500.0,2000.0,2585700.0
1744,2021-10-12 04:01:54,29500.0,2800.0,2583700.0
1745,2021-10-12 04:01:45,29550.0,100.0,2580900.0
1746,2021-10-12 04:01:32,29500.0,2200.0,2580800.0
1747,2021-10-12 04:01:31,29500.0,200.0,2578600.0
1748,2021-10-12 04:00:56,29500.0,1000.0,2578400.0
1749,2021-10-12 04:00:56,29500.0,400.0,2577400.0
1750,2021-10-12 04:00:56,29500.0,10000.0,2577000.0
1751,2021-10-12 04:00:56,29500.0,1000.0,2567000.0
1752,2021-10-12 04:00:56,29500.0,200.0,2566000.0
1753,2021-10-12 04:00:40,29550.0,1000.0,2565800.0
1754,2021-10-12 04:00:32,29550.0,100.0,2564800.0
1755,2021-10-12 04:00:22,29550.0,2700.0,2564700.0
1756,2021-10-12 04:00:07,29550.0,200.0,2562000.0
1757,2021-10-12 03:59:36,29500.0,5000.0,2561800.0
1758,2021-10-12 03:59:32,29500.0,300.0,2556800.0
1759,2021-10-12 03:59:27,29500.0,3000.0,2556500.0
1760,2021-10-12 03:59:23,29500.0,1000.0,2553500.0
1761,2021-10-12 03:59:08,29500.0,500.0,2552500.0
1762,2021-10-12 03:59:04,29500.0,300.0,2552000.0
1763,2021-10-12 03:59:04,29500.0,1900.0,2551700.0
1764,2021-10-12 03:59:04,29500.0,300.0,2549800.0
1765,2021-10-12 03:58:44,29500.0,1600.0,2549500.0
1766,2021-10-12 03:58:27,29500.0,1000.0,2547900.0
1767,2021-10-12 03:58:25,29500.0,2000.0,2546900.0
1768,2021-10-12 03:58:21,29500.0,400.0,2544900.0
1769,2021-10-12 03:58:12,29500.0,1600.0,2544500.0
1770,2021-10-12 03:57:57,29500.0,800.0,2542900.0
1771,2021-10-12 03:57:57,29500.0,500.0,2542100.0
1772,2021-10-12 03:57:57,29500.0,100.0,2541600.0
1773,2021-10-12 03:57:39,29500.0,300.0,2541500.0
1774,2021-10-12 03:57:39,29500.0,200.0,2541200.0
1775,2021-10-12 03:57:28,29500.0,200.0,2541000.0
1776,2021-10-12 03:57:28,29500.0,100.0,2540800.0
1777,2021-10-12 03:57:13,29500.0,200.0,2540700.0
1778,2021-10-12 03:57:13,29500.0,300.0,2540500.0
1779,2021-10-12 03:57:13,29500.0,700.0,2540200.0
1780,2021-10-12 03:56:56,29500.0,2000.0,2539500.0
1781,2021-10-12 03:56:44,29500.0,100.0,2537500.0
1782,2021-10-12 03:56:38,29450.0,1000.0,2537400.0
1783,2021-10-12 03:56:28,29450.0,200.0,2536400.0
1784,2021-10-12 03:56:26,29500.0,4800.0,2536200.0
1785,2021-10-12 03:54:54,29400.0,1000.0,2531400.0
1786,2021-10-12 03:54:20,29400.0,900.0,2530400.0
1787,2021-10-12 03:54:20,29400.0,500.0,2529500.0
1788,2021-10-12 03:54:20,29400.0,500.0,2529000.0
1789,2021-10-12 03:54:20,29400.0,300.0,2528500.0
1790,2021-10-12 03:54:20,29400.0,100.0,2528200.0
1791,2021-10-12 03:54:20,29400.0,10000.0,2528100.0
1792,2021-10-12 03:54:20,29400.0,200.0,2518100.0
1793,2021-10-12 03:54:20,29400.0,500.0,2517900.0
1794,2021-10-12 03:54:20,29400.0,1000.0,2517400.0
1795,2021-10-12 03:54:20,29400.0,1000.0,2516400.0
1796,2021-10-12 03:54:20,29400.0,100.0,2515400.0
1797,2021-10-12 03:54:20,29400.0,2900.0,2515300.0
1798,2021-10-12 03:54:20,29450.0,200.0,2512400.0
1799,2021-10-12 03:54:20,29450.0,1000.0,2512200.0
1800,2021-10-12 03:54:20,29450.0,200.0,2511200.0
1801,2021-10-12 03:54:20,29450.0,500.0,2511000.0
1802,2021-10-12 03:54:20,29450.0,100.0,2510500.0
1803,2021-10-12 03:54:20,29450.0,1000.0,2510400.0
1804,2021-10-12 03:54:20,29450.0,300.0,2509400.0
1805,2021-10-12 03:54:12,29450.0,100.0,2509100.0
1806,2021-10-12 03:54:03,29500.0,100.0,2509000.0
1807,2021-10-12 03:53:57,29450.0,200.0,2508900.0
1808,2021-10-12 03:53:57,29450.0,200.0,2508700.0
1809,2021-10-12 03:53:22,29450.0,1000.0,2508500.0
1810,2021-10-12 03:53:15,29500.0,200.0,2507500.0
1811,2021-10-12 03:53:12,29500.0,400.0,2507300.0
1812,2021-10-12 03:52:57,29500.0,500.0,2506900.0
1813,2021-10-12 03:52:50,29500.0,300.0,2506400.0
1814,2021-10-12 03:52:41,29500.0,2000.0,2506100.0
1815,2021-10-12 03:52:39,29500.0,2000.0,2504100.0
1816,2021-10-12 03:52:38,29500.0,5000.0,2502100.0
1817,2021-10-12 03:52:33,29450.0,2000.0,2497100.0
1818,2021-10-12 03:52:25,29500.0,1000.0,2495100.0
1819,2021-10-12 03:52:14,29500.0,11000.0,2494100.0
1820,2021-10-12 03:52:07,29500.0,500.0,2483100.0
1821,2021-10-12 03:52:07,29500.0,500.0,2482600.0
1822,2021-10-12 03:52:07,29500.0,1200.0,2482100.0
1823,2021-10-12 03:52:07,29500.0,5000.0,2480900.0
1824,2021-10-12 03:52:07,29500.0,200.0,2475900.0
1825,2021-10-12 03:52:07,29500.0,2500.0,2475700.0
1826,2021-10-12 03:51:47,29550.0,5000.0,2473200.0
1827,2021-10-12 03:51:03,29550.0,200.0,2468200.0
1828,2021-10-12 03:50:34,29500.0,100.0,2468000.0
1829,2021-10-12 03:50:32,29500.0,100.0,2467900.0
1830,2021-10-12 03:50:32,29500.0,200.0,2467800.0
1831,2021-10-12 03:50:32,29500.0,1700.0,2467600.0
1832,2021-10-12 03:50:24,29500.0,1700.0,2465900.0
1833,2021-10-12 03:50:24,29500.0,1300.0,2464200.0
1834,2021-10-12 03:50:17,29500.0,500.0,2462900.0
1835,2021-10-12 03:50:01,29500.0,500.0,2462400.0
1836,2021-10-12 03:49:52,29500.0,3600.0,2461900.0
1837,2021-10-12 03:49:45,29400.0,100.0,2458300.0
1838,2021-10-12 03:49:45,29400.0,3000.0,2458200.0
1839,2021-10-12 03:49:45,29400.0,3900.0,2455200.0
1840,2021-10-12 03:49:31,29400.0,500.0,2451300.0
1841,2021-10-12 03:48:53,29400.0,200.0,2450800.0
1842,2021-10-12 03:48:41,29400.0,200.0,2450600.0
1843,2021-10-12 03:48:35,29400.0,500.0,2450400.0
1844,2021-10-12 03:48:31,29400.0,100.0,2449900.0
1845,2021-10-12 03:48:31,29400.0,1000.0,2449800.0
1846,2021-10-12 03:48:15,29400.0,100.0,2448800.0
1847,2021-10-12 03:48:06,29400.0,300.0,2448700.0
1848,2021-10-12 03:48:01,29350.0,8900.0,2448400.0
1849,2021-10-12 03:48:01,29350.0,300.0,2439500.0
1850,2021-10-12 03:48:01,29350.0,400.0,2439200.0
1851,2021-10-12 03:48:01,29350.0,3000.0,2438800.0
1852,2021-10-12 03:48:01,29350.0,1000.0,2435800.0
1853,2021-10-12 03:48:01,29350.0,5000.0,2434800.0
1854,2021-10-12 03:48:01,29350.0,500.0,2429800.0
1855,2021-10-12 03:48:01,29400.0,100.0,2429300.0
1856,2021-10-12 03:48:01,29400.0,1000.0,2429200.0
1857,2021-10-12 03:48:01,29400.0,200.0,2428200.0
1858,2021-10-12 03:48:01,29400.0,700.0,2428000.0
1859,2021-10-12 03:48:01,29400.0,1000.0,2427300.0
1860,2021-10-12 03:48:01,29400.0,100.0,2426300.0
1861,2021-10-12 03:47:29,29400.0,900.0,2426200.0
1862,2021-10-12 03:47:14,29400.0,9500.0,2425300.0
1863,2021-10-12 03:47:07,29400.0,800.0,2415800.0
1864,2021-10-12 03:47:00,29400.0,1000.0,2415000.0
1865,2021-10-12 03:46:57,29400.0,1000.0,2414000.0
1866,2021-10-12 03:46:57,29400.0,10000.0,2413000.0
1867,2021-10-12 03:46:57,29400.0,100.0,2403000.0
1868,2021-10-12 03:46:57,29400.0,500.0,2402900.0
1869,2021-10-12 03:46:57,29400.0,20000.0,2402400.0
1870,2021-10-12 03:46:57,29400.0,2000.0,2382400.0
1871,2021-10-12 03:46:57,29400.0,1000.0,2380400.0
1872,2021-10-12 03:46:57,29400.0,5000.0,2379400.0
1873,2021-10-12 03:46:57,29400.0,1000.0,2374400.0
1874,2021-10-12 03:46:57,29400.0,300.0,2373400.0
1875,2021-10-12 03:46:57,29450.0,500.0,2373100.0
1876,2021-10-12 03:46:57,29450.0,1000.0,2372600.0
1877,2021-10-12 03:46:57,29450.0,3600.0,2371600.0
1878,2021-10-12 03:46:57,29450.0,100.0,2368000.0
1879,2021-10-12 03:46:57,29450.0,200.0,2367900.0
1880,2021-10-12 03:46:57,29450.0,500.0,2367700.0
1881,2021-10-12 03:46:57,29450.0,5000.0,2367200.0
1882,2021-10-12 03:46:57,29500.0,3000.0,2362200.0
1883,2021-10-12 03:46:57,29500.0,300.0,2359200.0
1884,2021-10-12 03:46:57,29500.0,300.0,2358900.0
1885,2021-10-12 03:46:57,29500.0,2400.0,2358600.0
1886,2021-10-12 03:46:28,29500.0,400.0,2356200.0
1887,2021-10-12 03:46:28,29500.0,1000.0,2355800.0
1888,2021-10-12 03:46:28,29500.0,1200.0,2354800.0
1889,2021-10-12 03:46:22,29500.0,400.0,2353600.0
1890,2021-10-12 03:46:17,29500.0,2000.0,2353200.0
1891,2021-10-12 03:45:37,29500.0,600.0,2351200.0
1892,2021-10-12 03:45:35,29500.0,2000.0,2350600.0
1893,2021-10-12 03:45:34,29500.0,3000.0,2348600.0
1894,2021-10-12 03:45:12,29500.0,500.0,2345600.0
1895,2021-10-12 03:45:10,29500.0,1700.0,2345100.0
1896,2021-10-12 03:44:53,29500.0,2000.0,2343400.0
1897,2021-10-12 03:44:43,29500.0,100.0,2341400.0
1898,2021-10-12 03:44:39,29500.0,500.0,2341300.0
1899,2021-10-12 03:44:33,29500.0,500.0,2340800.0
1900,2021-10-12 03:44:17,29500.0,500.0,2340300.0
1901,2021-10-12 03:44:14,29500.0,200.0,2339800.0
1902,2021-10-12 03:43:51,29500.0,200.0,2339600.0
1903,2021-10-12 03:43:51,29500.0,400.0,2339400.0
1904,2021-10-12 03:43:51,29500.0,300.0,2339000.0
1905,2021-10-12 03:43:51,29500.0,2000.0,2338700.0
1906,2021-10-12 03:43:51,29500.0,200.0,2336700.0
1907,2021-10-12 03:43:51,29500.0,400.0,2336500.0
1908,2021-10-12 03:43:51,29500.0,1300.0,2336100.0
1909,2021-10-12 03:43:51,29500.0,1000.0,2334800.0
1910,2021-10-12 03:42:41,29500.0,700.0,2333800.0
1911,2021-10-12 03:42:37,29500.0,500.0,2333100.0
1912,2021-10-12 03:42:37,29500.0,100.0,2332600.0
1913,2021-10-12 03:42:23,29550.0,100.0,2332500.0
1914,2021-10-12 03:42:20,29500.0,19900.0,2332400.0
1915,2021-10-12 03:42:20,29500.0,100.0,2312500.0
1916,2021-10-12 03:42:02,29500.0,900.0,2312400.0
1917,2021-10-12 03:42:02,29500.0,1000.0,2311500.0
1918,2021-10-12 03:42:02,29500.0,300.0,2310500.0
1919,2021-10-12 03:42:02,29500.0,1000.0,2310200.0
1920,2021-10-12 03:42:02,29500.0,1000.0,2309200.0
1921,2021-10-12 03:42:02,29500.0,500.0,2308200.0
1922,2021-10-12 03:42:02,29500.0,500.0,2307700.0
1923,2021-10-12 03:42:02,29500.0,300.0,2307200.0
1924,2021-10-12 03:42:02,29500.0,400.0,2306900.0
1925,2021-10-12 03:42:02,29500.0,200.0,2306500.0
1926,2021-10-12 03:42:02,29500.0,10700.0,2306300.0
1927,2021-10-12 03:42:02,29500.0,10000.0,2295600.0
1928,2021-10-12 03:42:02,29500.0,10000.0,2285600.0
1929,2021-10-12 03:42:02,29500.0,500.0,2275600.0
1930,2021-10-12 03:42:02,29500.0,1000.0,2275100.0
1931,2021-10-12 03:42:02,29500.0,300.0,2274100.0
1932,2021-10-12 03:42:02,29500.0,3200.0,2273800.0
1933,2021-10-12 03:41:54,29550.0,200.0,2270600.0
1934,2021-10-12 03:41:53,29500.0,1800.0,2270400.0
1935,2021-10-12 03:41:53,29500.0,200.0,2268600.0
1936,2021-10-12 03:41:53,29500.0,1500.0,2268400.0
1937,2021-10-12 03:41:53,29500.0,1000.0,2266900.0
1938,2021-10-12 03:41:53,29500.0,500.0,2265900.0
1939,2021-10-12 03:41:48,29550.0,200.0,2265400.0
1940,2021-10-12 03:41:48,29550.0,500.0,2265200.0
1941,2021-10-12 03:41:48,29550.0,100.0,2264700.0
1942,2021-10-12 03:41:48,29550.0,35500.0,2264600.0
1943,2021-10-12 03:41:42,29550.0,100.0,2229100.0
1944,2021-10-12 03:41:14,29550.0,400.0,2229000.0
1945,2021-10-12 03:41:12,29600.0,100.0,2228600.0
1946,2021-10-12 03:41:10,29550.0,10000.0,2228500.0
1947,2021-10-12 03:41:07,29550.0,4000.0,2218500.0
1948,2021-10-12 03:41:07,29550.0,1600.0,2214500.0
1949,2021-10-12 03:40:37,29600.0,100.0,2212900.0
1950,2021-10-12 03:40:15,29600.0,400.0,2212800.0
1951,2021-10-12 03:40:15,29600.0,700.0,2212400.0
1952,2021-10-12 03:40:15,29600.0,900.0,2211700.0
1953,2021-10-12 03:40:13,29600.0,400.0,2210800.0
1954,2021-10-12 03:40:11,29600.0,700.0,2210400.0
1955,2021-10-12 03:40:11,29600.0,200.0,2209700.0
1956,2021-10-12 03:40:11,29600.0,200.0,2209500.0
1957,2021-10-12 03:40:11,29600.0,500.0,2209300.0
1958,2021-10-12 03:40:11,29600.0,200.0,2208800.0
1959,2021-10-12 03:40:11,29600.0,1200.0,2208600.0
1960,2021-10-12 03:39:55,29600.0,200.0,2207400.0
1961,2021-10-12 03:39:54,29600.0,5000.0,2207200.0
1962,2021-10-12 03:39:37,29600.0,37100.0,2202200.0
1963,2021-10-12 03:39:06,29650.0,1800.0,2165100.0
1964,2021-10-12 03:38:57,29700.0,100.0,2163300.0
1965,2021-10-12 03:38:57,29600.0,6500.0,2163200.0
1966,2021-10-12 03:38:57,29650.0,100.0,2156700.0
1967,2021-10-12 03:38:57,29650.0,100.0,2156600.0
1968,2021-10-12 03:38:57,29650.0,300.0,2156500.0
1969,2021-10-12 03:38:57,29650.0,2000.0,2156200.0
1970,2021-10-12 03:38:53,29650.0,100.0,2154200.0
1971,2021-10-12 03:37:27,29650.0,1000.0,2154100.0
1972,2021-10-12 03:37:03,29650.0,5000.0,2153100.0
1973,2021-10-12 03:37:03,29650.0,1900.0,2148100.0
1974,2021-10-12 03:36:43,29650.0,100.0,2146200.0
1975,2021-10-12 03:36:42,29650.0,400.0,2146100.0
1976,2021-10-12 03:36:42,29650.0,100.0,2145700.0
1977,2021-10-12 03:36:42,29650.0,200.0,2145600.0
1978,2021-10-12 03:36:42,29650.0,300.0,2145400.0
1979,2021-10-12 03:35:18,29700.0,9500.0,2145100.0
1980,2021-10-12 03:35:13,29650.0,600.0,2135600.0
1981,2021-10-12 03:35:03,29650.0,9100.0,2135000.0
1982,2021-10-12 03:35:03,29650.0,500.0,2125900.0
1983,2021-10-12 03:35:03,29650.0,400.0,2125400.0
1984,2021-10-12 03:34:44,29700.0,700.0,2125000.0
1985,2021-10-12 03:34:39,29700.0,1600.0,2124300.0
1986,2021-10-12 03:34:26,29700.0,200.0,2122700.0
1987,2021-10-12 03:34:26,29700.0,200.0,2122500.0
1988,2021-10-12 03:34:26,29700.0,10000.0,2122300.0
1989,2021-10-12 03:34:26,29700.0,900.0,2112300.0
1990,2021-10-12 03:34:26,29700.0,2200.0,2111400.0
1991,2021-10-12 03:34:26,29700.0,300.0,2109200.0
1992,2021-10-12 03:34:26,29700.0,100.0,2108900.0
1993,2021-10-12 03:34:26,29700.0,1000.0,2108800.0
1994,2021-10-12 03:34:26,29700.0,500.0,2107800.0
1995,2021-10-12 03:34:26,29700.0,500.0,2107300.0
1996,2021-10-12 03:33:35,29750.0,3000.0,2106800.0
1997,2021-10-12 03:33:18,29750.0,1000.0,2103800.0
1998,2021-10-12 03:33:15,29750.0,300.0,2102800.0
1999,2021-10-12 03:33:15,29750.0,28700.0,2102500.0
2000,2021-10-12 03:32:41,29750.0,3800.0,2073800.0
2001,2021-10-12 03:32:31,29750.0,2000.0,2070000.0
2002,2021-10-12 03:32:27,29750.0,15500.0,2068000.0
2003,2021-10-12 03:32:27,29750.0,1000.0,2052500.0
2004,2021-10-12 03:32:27,29750.0,1000.0,2051500.0
2005,2021-10-12 03:32:27,29750.0,1000.0,2050500.0
2006,2021-10-12 03:32:27,29750.0,500.0,2049500.0
2007,2021-10-12 03:31:41,29750.0,1400.0,2049000.0
2008,2021-10-12 03:31:17,29750.0,100.0,2047600.0
2009,2021-10-12 03:31:17,29750.0,200.0,2047500.0
2010,2021-10-12 03:31:17,29750.0,100.0,2047300.0
2011,2021-10-12 03:31:09,29700.0,3000.0,2047200.0
2012,2021-10-12 03:30:40,29750.0,100.0,2044200.0
2013,2021-10-12 03:29:59,29750.0,600.0,2044100.0
2014,2021-10-12 03:29:50,29750.0,500.0,2043500.0
2015,2021-10-12 03:29:48,29750.0,3700.0,2043000.0
2016,2021-10-12 03:29:42,29750.0,100.0,2039300.0
2017,2021-10-12 03:29:25,29750.0,1200.0,2039200.0
2018,2021-10-12 03:29:25,29750.0,300.0,2038000.0
2019,2021-10-12 03:29:24,29750.0,400.0,2037700.0
2020,2021-10-12 03:29:21,29750.0,1000.0,2037300.0
2021,2021-10-12 03:29:20,29750.0,400.0,2036300.0
2022,2021-10-12 03:29:07,29750.0,100.0,2035900.0
2023,2021-10-12 03:29:07,29750.0,200.0,2035800.0
2024,2021-10-12 03:28:42,29750.0,200.0,2035600.0
2025,2021-10-12 03:28:16,29750.0,1600.0,2035400.0
2026,2021-10-12 03:27:45,29700.0,1000.0,2033800.0
2027,2021-10-12 03:27:45,29750.0,4000.0,2032800.0
2028,2021-10-12 03:27:28,29750.0,1000.0,2028800.0
2029,2021-10-12 03:26:50,29750.0,10000.0,2027800.0
2030,2021-10-12 03:26:35,29750.0,300.0,2017800.0
2031,2021-10-12 03:26:27,29800.0,100.0,2017500.0
2032,2021-10-12 03:26:18,29750.0,1000.0,2017400.0
2033,2021-10-12 03:26:17,29800.0,1000.0,2016400.0
2034,2021-10-12 03:25:58,29750.0,400.0,2015400.0
2035,2021-10-12 03:25:54,29750.0,300.0,2015000.0
2036,2021-10-12 03:25:54,29750.0,500.0,2014700.0
2037,2021-10-12 03:25:52,29750.0,200.0,2014200.0
2038,2021-10-12 03:25:36,29750.0,1000.0,2014000.0
2039,2021-10-12 03:25:31,29750.0,1000.0,2013000.0
2040,2021-10-12 03:25:27,29750.0,1000.0,2012000.0
2041,2021-10-12 03:25:20,29750.0,2000.0,2011000.0
