,Time,Price,Volume_per_trade,Volume
0,2021-10-11 07:45:02,35650.0,100.0,1405400.0
1,2021-10-11 07:45:02,35650.0,100.0,1405300.0
2,2021-10-11 07:45:02,35650.0,500.0,1405200.0
3,2021-10-11 07:45:02,35650.0,1000.0,1404700.0
4,2021-10-11 07:45:02,35650.0,1000.0,1403700.0
5,2021-10-11 07:45:02,35650.0,200.0,1402700.0
6,2021-10-11 07:45:02,35650.0,1800.0,1402500.0
7,2021-10-11 07:45:02,35650.0,5000.0,1400700.0
8,2021-10-11 07:45:02,35650.0,200.0,1395700.0
9,2021-10-11 07:45:02,35650.0,300.0,1395500.0
10,2021-10-11 07:45:02,35650.0,100.0,1395200.0
11,2021-10-11 07:45:02,35650.0,200.0,1395100.0
12,2021-10-11 07:45:02,35650.0,1500.0,1394900.0
13,2021-10-11 07:45:02,35650.0,300.0,1393400.0
14,2021-10-11 07:45:02,35650.0,5000.0,1393100.0
15,2021-10-11 07:45:02,35650.0,200.0,1388100.0
16,2021-10-11 07:45:02,35650.0,1000.0,1387900.0
17,2021-10-11 07:45:02,35650.0,100.0,1386900.0
18,2021-10-11 07:45:02,35650.0,1000.0,1386800.0
19,2021-10-11 07:45:02,35650.0,1000.0,1385800.0
20,2021-10-11 07:45:02,35650.0,1000.0,1384800.0
21,2021-10-11 07:45:02,35650.0,100.0,1383800.0
22,2021-10-11 07:45:02,35650.0,1000.0,1383700.0
23,2021-10-11 07:45:02,35650.0,400.0,1382700.0
24,2021-10-11 07:45:02,35650.0,5000.0,1382300.0
25,2021-10-11 07:45:02,35650.0,1000.0,1377300.0
26,2021-10-11 07:45:02,35650.0,11400.0,1376300.0
27,2021-10-11 07:45:02,35650.0,18600.0,1364900.0
28,2021-10-11 07:45:02,35650.0,1000.0,1346300.0
29,2021-10-11 07:45:02,35650.0,200.0,1345300.0
30,2021-10-11 07:45:02,35650.0,200.0,1345100.0
31,2021-10-11 07:45:02,35650.0,100.0,1344900.0
32,2021-10-11 07:45:02,35650.0,500.0,1344800.0
33,2021-10-11 07:45:02,35650.0,500.0,1344300.0
34,2021-10-11 07:45:02,35650.0,100.0,1343800.0
35,2021-10-11 07:45:02,35650.0,900.0,1343700.0
36,2021-10-11 07:45:02,35650.0,2000.0,1342800.0
37,2021-10-11 07:45:02,35650.0,200.0,1340800.0
38,2021-10-11 07:45:02,35650.0,900.0,1340600.0
39,2021-10-11 07:45:02,35650.0,1000.0,1339700.0
40,2021-10-11 07:45:02,35650.0,100.0,1338700.0
41,2021-10-11 07:45:02,35650.0,600.0,1338600.0
42,2021-10-11 07:45:02,35650.0,100.0,1338000.0
43,2021-10-11 07:45:02,35650.0,100.0,1337900.0
44,2021-10-11 07:45:02,35650.0,200.0,1337800.0
45,2021-10-11 07:45:02,35650.0,2000.0,1337600.0
46,2021-10-11 07:45:02,35650.0,500.0,1335600.0
47,2021-10-11 07:45:02,35650.0,100.0,1335100.0
48,2021-10-11 07:45:02,35650.0,800.0,1335000.0
49,2021-10-11 07:45:02,35650.0,2400.0,1334200.0
50,2021-10-11 07:45:02,35650.0,100.0,1331800.0
51,2021-10-11 07:45:02,35650.0,2000.0,1331700.0
52,2021-10-11 07:45:02,35650.0,100.0,1329700.0
53,2021-10-11 07:45:02,35650.0,1000.0,1329600.0
54,2021-10-11 07:45:02,35650.0,100.0,1328600.0
55,2021-10-11 07:45:02,35650.0,200.0,1328500.0
56,2021-10-11 07:45:02,35650.0,9600.0,1328300.0
57,2021-10-11 07:45:02,35650.0,8000.0,1318700.0
58,2021-10-11 07:45:02,35650.0,500.0,1310700.0
59,2021-10-11 07:45:02,35650.0,400.0,1310200.0
60,2021-10-11 07:45:02,35650.0,200.0,1309800.0
61,2021-10-11 07:45:02,35650.0,100.0,1309600.0
62,2021-10-11 07:29:47,35400.0,6400.0,1309500.0
63,2021-10-11 07:29:39,35400.0,2000.0,1303100.0
64,2021-10-11 07:29:39,35400.0,500.0,1301100.0
65,2021-10-11 07:29:31,35400.0,1300.0,1300600.0
66,2021-10-11 07:29:31,35400.0,1000.0,1299300.0
67,2021-10-11 07:29:31,35400.0,5000.0,1298300.0
68,2021-10-11 07:29:31,35400.0,2000.0,1293300.0
69,2021-10-11 07:29:31,35400.0,500.0,1291300.0
70,2021-10-11 07:29:31,35400.0,100.0,1290800.0
71,2021-10-11 07:29:31,35400.0,1000.0,1290700.0
72,2021-10-11 07:29:31,35400.0,2000.0,1289700.0
73,2021-10-11 07:29:31,35400.0,1000.0,1287700.0
74,2021-10-11 07:29:31,35400.0,4000.0,1286700.0
75,2021-10-11 07:29:31,35400.0,2000.0,1282700.0
76,2021-10-11 07:29:31,35400.0,2500.0,1280700.0
77,2021-10-11 07:29:26,35450.0,500.0,1278200.0
78,2021-10-11 07:28:53,35450.0,100.0,1277700.0
79,2021-10-11 07:28:48,35400.0,300.0,1277600.0
80,2021-10-11 07:28:32,35450.0,200.0,1277300.0
81,2021-10-11 07:28:02,35400.0,1000.0,1277100.0
82,2021-10-11 07:28:00,35450.0,1300.0,1276100.0
83,2021-10-11 07:27:56,35450.0,100.0,1274800.0
84,2021-10-11 07:27:55,35400.0,100.0,1274700.0
85,2021-10-11 07:27:55,35400.0,600.0,1274600.0
86,2021-10-11 07:27:55,35400.0,1000.0,1274000.0
87,2021-10-11 07:27:55,35400.0,100.0,1273000.0
88,2021-10-11 07:27:55,35400.0,700.0,1272900.0
89,2021-10-11 07:27:43,35450.0,200.0,1272200.0
90,2021-10-11 07:27:38,35400.0,300.0,1272000.0
91,2021-10-11 07:27:09,35400.0,1000.0,1271700.0
92,2021-10-11 07:27:09,35400.0,2000.0,1270700.0
93,2021-10-11 07:26:42,35450.0,700.0,1268700.0
94,2021-10-11 07:26:42,35400.0,300.0,1268000.0
95,2021-10-11 07:26:30,35400.0,1000.0,1267700.0
96,2021-10-11 07:26:20,35400.0,400.0,1266700.0
97,2021-10-11 07:26:18,35400.0,1000.0,1266300.0
98,2021-10-11 07:26:18,35400.0,6500.0,1265300.0
99,2021-10-11 07:26:18,35400.0,800.0,1258800.0
100,2021-10-11 07:26:18,35400.0,100.0,1258000.0
101,2021-10-11 07:26:18,35400.0,1500.0,1257900.0
102,2021-10-11 07:26:18,35400.0,400.0,1256400.0
103,2021-10-11 07:26:18,35400.0,5000.0,1256000.0
104,2021-10-11 07:26:18,35400.0,10000.0,1251000.0
105,2021-10-11 07:26:18,35400.0,100.0,1241000.0
106,2021-10-11 07:26:18,35400.0,100.0,1240900.0
107,2021-10-11 07:26:18,35400.0,400.0,1240800.0
108,2021-10-11 07:26:18,35400.0,200.0,1240400.0
109,2021-10-11 07:26:18,35400.0,500.0,1240200.0
110,2021-10-11 07:26:18,35400.0,300.0,1239700.0
111,2021-10-11 07:26:18,35400.0,1200.0,1239400.0
112,2021-10-11 07:26:18,35400.0,200.0,1238200.0
113,2021-10-11 07:26:18,35400.0,1000.0,1238000.0
114,2021-10-11 07:26:18,35400.0,100.0,1237000.0
115,2021-10-11 07:26:18,35400.0,100.0,1236900.0
116,2021-10-11 07:26:18,35400.0,200.0,1236800.0
117,2021-10-11 07:26:18,35400.0,500.0,1236600.0
118,2021-10-11 07:26:18,35400.0,200.0,1236100.0
119,2021-10-11 07:26:18,35400.0,100.0,1235900.0
120,2021-10-11 07:26:18,35400.0,100.0,1235800.0
121,2021-10-11 07:26:18,35400.0,100.0,1235700.0
122,2021-10-11 07:26:18,35400.0,5000.0,1235600.0
123,2021-10-11 07:26:18,35400.0,1300.0,1230600.0
124,2021-10-11 07:26:18,35400.0,3100.0,1229300.0
125,2021-10-11 07:26:10,35450.0,200.0,1226200.0
126,2021-10-11 07:25:58,35450.0,100.0,1226000.0
127,2021-10-11 07:24:33,35450.0,1600.0,1225900.0
128,2021-10-11 07:23:53,35450.0,3000.0,1224300.0
129,2021-10-11 07:23:48,35400.0,1900.0,1221300.0
130,2021-10-11 07:23:48,35400.0,200.0,1219400.0
131,2021-10-11 07:23:48,35400.0,300.0,1219200.0
132,2021-10-11 07:23:32,35450.0,4000.0,1218900.0
133,2021-10-11 07:23:26,35450.0,100.0,1214900.0
134,2021-10-11 07:23:21,35450.0,1000.0,1214800.0
135,2021-10-11 07:23:14,35450.0,1000.0,1213800.0
136,2021-10-11 07:23:02,35450.0,1000.0,1212800.0
137,2021-10-11 07:22:56,35400.0,300.0,1211800.0
138,2021-10-11 07:22:24,35450.0,1000.0,1211500.0
139,2021-10-11 07:22:24,35450.0,300.0,1210500.0
140,2021-10-11 07:22:24,35450.0,500.0,1210200.0
141,2021-10-11 07:22:24,35450.0,500.0,1209700.0
142,2021-10-11 07:22:24,35450.0,100.0,1209200.0
143,2021-10-11 07:22:24,35450.0,100.0,1209100.0
144,2021-10-11 07:22:24,35500.0,500.0,1209000.0
145,2021-10-11 07:22:24,35500.0,600.0,1208500.0
146,2021-10-11 07:21:51,35500.0,200.0,1207900.0
147,2021-10-11 07:21:51,35500.0,1200.0,1207700.0
148,2021-10-11 07:21:40,35500.0,100.0,1206500.0
149,2021-10-11 07:21:03,35500.0,500.0,1206400.0
150,2021-10-11 07:20:50,35500.0,100.0,1205900.0
151,2021-10-11 07:20:50,35500.0,200.0,1205800.0
152,2021-10-11 07:20:50,35500.0,1000.0,1205600.0
153,2021-10-11 07:20:50,35500.0,200.0,1204600.0
154,2021-10-11 07:20:50,35500.0,200.0,1204400.0
155,2021-10-11 07:20:50,35500.0,300.0,1204200.0
156,2021-10-11 07:20:50,35500.0,100.0,1203900.0
157,2021-10-11 07:20:50,35500.0,100.0,1203800.0
158,2021-10-11 07:20:50,35500.0,200.0,1203700.0
159,2021-10-11 07:20:50,35500.0,200.0,1203500.0
160,2021-10-11 07:20:50,35500.0,100.0,1203300.0
161,2021-10-11 07:20:50,35500.0,100.0,1203200.0
162,2021-10-11 07:20:50,35500.0,300.0,1203100.0
163,2021-10-11 07:20:50,35500.0,5000.0,1202800.0
164,2021-10-11 07:20:50,35500.0,100.0,1197800.0
165,2021-10-11 07:20:50,35500.0,400.0,1197700.0
166,2021-10-11 07:20:50,35500.0,500.0,1197300.0
167,2021-10-11 07:20:50,35500.0,600.0,1196800.0
168,2021-10-11 07:20:50,35500.0,2700.0,1196200.0
169,2021-10-11 07:20:50,35550.0,3000.0,1193500.0
170,2021-10-11 07:20:50,35550.0,600.0,1190500.0
171,2021-10-11 07:20:50,35550.0,100.0,1189900.0
172,2021-10-11 07:20:50,35550.0,600.0,1189800.0
173,2021-10-11 07:20:50,35550.0,5000.0,1189200.0
174,2021-10-11 07:20:50,35550.0,6500.0,1184200.0
175,2021-10-11 07:20:50,35600.0,1000.0,1177700.0
176,2021-10-11 07:20:45,35550.0,200.0,1176700.0
177,2021-10-11 07:20:30,35600.0,200.0,1176500.0
178,2021-10-11 07:19:35,35550.0,1000.0,1176300.0
179,2021-10-11 07:19:13,35600.0,1000.0,1175300.0
180,2021-10-11 07:18:53,35600.0,200.0,1174300.0
181,2021-10-11 07:18:45,35550.0,100.0,1174100.0
182,2021-10-11 07:18:36,35550.0,600.0,1174000.0
183,2021-10-11 07:18:27,35550.0,600.0,1173400.0
184,2021-10-11 07:18:27,35550.0,100.0,1172800.0
185,2021-10-11 07:18:27,35550.0,100.0,1172700.0
186,2021-10-11 07:18:27,35550.0,200.0,1172600.0
187,2021-10-11 07:18:24,35600.0,500.0,1172400.0
188,2021-10-11 07:18:24,35600.0,500.0,1171900.0
189,2021-10-11 07:18:23,35600.0,300.0,1171400.0
190,2021-10-11 07:17:56,35600.0,100.0,1171100.0
191,2021-10-11 07:17:54,35600.0,100.0,1171000.0
192,2021-10-11 07:17:26,35600.0,800.0,1170900.0
193,2021-10-11 07:17:20,35600.0,200.0,1170100.0
194,2021-10-11 07:17:20,35600.0,100.0,1169900.0
195,2021-10-11 07:17:14,35600.0,900.0,1169800.0
196,2021-10-11 07:17:14,35600.0,100.0,1168900.0
197,2021-10-11 07:16:32,35600.0,100.0,1168800.0
198,2021-10-11 07:16:12,35600.0,400.0,1168700.0
199,2021-10-11 07:16:12,35600.0,500.0,1168300.0
200,2021-10-11 07:15:52,35600.0,100.0,1167800.0
201,2021-10-11 07:15:40,35600.0,900.0,1167700.0
202,2021-10-11 07:15:40,35600.0,100.0,1166800.0
203,2021-10-11 07:15:28,35600.0,200.0,1166700.0
204,2021-10-11 07:15:24,35600.0,1000.0,1166500.0
205,2021-10-11 07:15:07,35600.0,100.0,1165500.0
206,2021-10-11 07:14:26,35600.0,100.0,1165400.0
207,2021-10-11 07:13:35,35600.0,500.0,1165300.0
208,2021-10-11 07:12:45,35600.0,700.0,1164800.0
209,2021-10-11 07:12:45,35600.0,100.0,1164100.0
210,2021-10-11 07:12:45,35600.0,1200.0,1164000.0
211,2021-10-11 07:11:52,35600.0,500.0,1162800.0
212,2021-10-11 07:11:11,35600.0,300.0,1162300.0
213,2021-10-11 07:10:59,35600.0,2000.0,1162000.0
214,2021-10-11 07:10:59,35600.0,3000.0,1160000.0
215,2021-10-11 07:10:59,35600.0,1000.0,1157000.0
216,2021-10-11 07:10:59,35600.0,400.0,1156000.0
217,2021-10-11 07:10:59,35600.0,100.0,1155600.0
218,2021-10-11 07:10:59,35600.0,800.0,1155500.0
219,2021-10-11 07:10:59,35600.0,500.0,1154700.0
220,2021-10-11 07:10:59,35600.0,100.0,1154200.0
221,2021-10-11 07:10:59,35600.0,100.0,1154100.0
222,2021-10-11 07:10:54,35600.0,500.0,1154000.0
223,2021-10-11 07:10:47,35600.0,100.0,1153500.0
224,2021-10-11 07:10:46,35600.0,3300.0,1153400.0
225,2021-10-11 07:10:46,35600.0,100.0,1150100.0
226,2021-10-11 07:10:46,35600.0,1400.0,1150000.0
227,2021-10-11 07:10:46,35600.0,200.0,1148600.0
228,2021-10-11 07:09:30,35600.0,300.0,1148400.0
229,2021-10-11 07:09:09,35600.0,400.0,1148100.0
230,2021-10-11 07:07:44,35600.0,100.0,1147700.0
231,2021-10-11 07:06:34,35650.0,100.0,1147600.0
232,2021-10-11 07:05:59,35650.0,10000.0,1147500.0
233,2021-10-11 07:05:59,35650.0,7400.0,1137500.0
234,2021-10-11 07:05:59,35650.0,1000.0,1130100.0
235,2021-10-11 07:05:59,35650.0,2000.0,1129100.0
236,2021-10-11 07:05:59,35650.0,100.0,1127100.0
237,2021-10-11 07:05:59,35650.0,4700.0,1127000.0
238,2021-10-11 07:05:59,35650.0,100.0,1122300.0
239,2021-10-11 07:05:59,35650.0,3900.0,1122200.0
240,2021-10-11 07:05:59,35650.0,100.0,1118300.0
241,2021-10-11 07:05:53,35700.0,200.0,1118200.0
242,2021-10-11 07:05:53,35700.0,100.0,1118000.0
243,2021-10-11 07:05:50,35650.0,100.0,1117900.0
244,2021-10-11 07:05:39,35650.0,1000.0,1117800.0
245,2021-10-11 07:05:15,35650.0,1400.0,1116800.0
246,2021-10-11 07:05:15,35650.0,600.0,1115400.0
247,2021-10-11 07:04:33,35700.0,900.0,1114800.0
248,2021-10-11 07:04:20,35700.0,100.0,1113900.0
249,2021-10-11 07:04:08,35650.0,100.0,1113800.0
250,2021-10-11 07:02:43,35650.0,500.0,1113700.0
251,2021-10-11 07:02:33,35650.0,500.0,1113200.0
252,2021-10-11 07:01:08,35650.0,200.0,1112700.0
253,2021-10-11 07:01:08,35650.0,500.0,1112500.0
254,2021-10-11 07:01:08,35650.0,2900.0,1112000.0
255,2021-10-11 07:00:57,35650.0,2100.0,1109100.0
256,2021-10-11 07:00:57,35650.0,100.0,1107000.0
257,2021-10-11 07:00:57,35650.0,800.0,1106900.0
258,2021-10-11 06:59:14,35600.0,200.0,1106100.0
259,2021-10-11 06:59:14,35600.0,200.0,1105900.0
260,2021-10-11 06:59:14,35600.0,1600.0,1105700.0
261,2021-10-11 06:58:53,35600.0,2900.0,1104100.0
262,2021-10-11 06:58:53,35600.0,300.0,1101200.0
263,2021-10-11 06:58:53,35600.0,1800.0,1100900.0
264,2021-10-11 06:58:44,35600.0,3000.0,1099100.0
265,2021-10-11 06:58:09,35650.0,200.0,1096100.0
266,2021-10-11 06:58:09,35650.0,100.0,1095900.0
267,2021-10-11 06:57:28,35650.0,100.0,1095800.0
268,2021-10-11 06:56:45,35650.0,100.0,1095700.0
269,2021-10-11 06:56:42,35650.0,700.0,1095600.0
270,2021-10-11 06:56:42,35650.0,1000.0,1094900.0
271,2021-10-11 06:56:18,35600.0,100.0,1093900.0
272,2021-10-11 06:56:00,35650.0,100.0,1093800.0
273,2021-10-11 06:56:00,35650.0,900.0,1093700.0
274,2021-10-11 06:56:00,35650.0,200.0,1092800.0
275,2021-10-11 06:56:00,35650.0,800.0,1092600.0
276,2021-10-11 06:54:21,35600.0,1000.0,1091800.0
277,2021-10-11 06:54:04,35650.0,1100.0,1090800.0
278,2021-10-11 06:54:04,35650.0,1000.0,1089700.0
279,2021-10-11 06:54:04,35650.0,200.0,1088700.0
280,2021-10-11 06:54:04,35650.0,100.0,1088500.0
281,2021-10-11 06:54:04,35650.0,100.0,1088400.0
282,2021-10-11 06:54:04,35650.0,900.0,1088300.0
283,2021-10-11 06:54:04,35650.0,300.0,1087400.0
284,2021-10-11 06:54:04,35650.0,100.0,1087100.0
285,2021-10-11 06:54:04,35650.0,200.0,1087000.0
286,2021-10-11 06:53:26,35600.0,5000.0,1086800.0
287,2021-10-11 06:52:47,35600.0,500.0,1081800.0
288,2021-10-11 06:52:13,35600.0,100.0,1081300.0
289,2021-10-11 06:52:00,35600.0,500.0,1081200.0
290,2021-10-11 06:51:47,35600.0,2000.0,1080700.0
291,2021-10-11 06:51:38,35600.0,200.0,1078700.0
292,2021-10-11 06:51:38,35600.0,700.0,1078500.0
293,2021-10-11 06:51:38,35600.0,200.0,1077800.0
294,2021-10-11 06:51:38,35600.0,200.0,1077600.0
295,2021-10-11 06:51:38,35600.0,900.0,1077400.0
296,2021-10-11 06:51:38,35600.0,100.0,1076500.0
297,2021-10-11 06:51:38,35600.0,400.0,1076400.0
298,2021-10-11 06:51:38,35600.0,500.0,1076000.0
299,2021-10-11 06:51:38,35600.0,1000.0,1075500.0
300,2021-10-11 06:51:38,35600.0,500.0,1074500.0
301,2021-10-11 06:51:38,35600.0,700.0,1074000.0
302,2021-10-11 06:51:38,35600.0,100.0,1073300.0
303,2021-10-11 06:51:38,35600.0,500.0,1073200.0
304,2021-10-11 06:51:30,35600.0,500.0,1072700.0
305,2021-10-11 06:51:10,35550.0,800.0,1072200.0
306,2021-10-11 06:51:10,35550.0,200.0,1071400.0
307,2021-10-11 06:50:23,35600.0,100.0,1071200.0
308,2021-10-11 06:49:52,35600.0,300.0,1071100.0
309,2021-10-11 06:49:52,35600.0,700.0,1070800.0
310,2021-10-11 06:49:46,35550.0,200.0,1070100.0
311,2021-10-11 06:49:15,35500.0,300.0,1069900.0
312,2021-10-11 06:49:15,35550.0,1000.0,1069600.0
313,2021-10-11 06:49:15,35550.0,3000.0,1068600.0
314,2021-10-11 06:49:15,35550.0,100.0,1065600.0
315,2021-10-11 06:49:15,35550.0,600.0,1065500.0
316,2021-10-11 06:49:15,35600.0,1500.0,1064900.0
317,2021-10-11 06:49:15,35600.0,500.0,1063400.0
318,2021-10-11 06:49:15,35600.0,3000.0,1062900.0
319,2021-10-11 06:49:15,35600.0,300.0,1059900.0
320,2021-10-11 06:49:15,35600.0,1000.0,1059600.0
321,2021-10-11 06:49:15,35600.0,200.0,1058600.0
322,2021-10-11 06:49:15,35600.0,1100.0,1058400.0
323,2021-10-11 06:49:15,35600.0,100.0,1057300.0
324,2021-10-11 06:49:15,35600.0,1000.0,1057200.0
325,2021-10-11 06:49:15,35600.0,1000.0,1056200.0
326,2021-10-11 06:49:15,35600.0,100.0,1055200.0
327,2021-10-11 06:49:15,35600.0,200.0,1055100.0
328,2021-10-11 06:48:46,35600.0,400.0,1054900.0
329,2021-10-11 06:48:46,35550.0,100.0,1054500.0
330,2021-10-11 06:48:40,35600.0,200.0,1054400.0
331,2021-10-11 06:48:09,35550.0,100.0,1054200.0
332,2021-10-11 06:48:09,35550.0,1000.0,1054100.0
333,2021-10-11 06:48:05,35550.0,1000.0,1053100.0
334,2021-10-11 06:47:52,35550.0,100.0,1052100.0
335,2021-10-11 06:47:36,35550.0,1000.0,1052000.0
336,2021-10-11 06:44:43,35550.0,1000.0,1051000.0
337,2021-10-11 06:44:43,35550.0,200.0,1050000.0
338,2021-10-11 06:44:43,35550.0,800.0,1049800.0
339,2021-10-11 06:44:08,35550.0,1000.0,1049000.0
340,2021-10-11 06:43:54,35550.0,1000.0,1048000.0
341,2021-10-11 06:43:42,35550.0,1000.0,1047000.0
342,2021-10-11 06:43:22,35500.0,1000.0,1046000.0
343,2021-10-11 06:43:20,35500.0,100.0,1045000.0
344,2021-10-11 06:42:17,35550.0,100.0,1044900.0
345,2021-10-11 06:42:04,35500.0,900.0,1044800.0
346,2021-10-11 06:42:04,35500.0,100.0,1043900.0
347,2021-10-11 06:42:04,35500.0,1000.0,1043800.0
348,2021-10-11 06:42:04,35500.0,500.0,1042800.0
349,2021-10-11 06:42:04,35500.0,2500.0,1042300.0
350,2021-10-11 06:41:48,35500.0,2000.0,1039800.0
351,2021-10-11 06:41:17,35550.0,500.0,1037800.0
352,2021-10-11 06:41:00,35550.0,600.0,1037300.0
353,2021-10-11 06:41:00,35550.0,400.0,1036700.0
354,2021-10-11 06:39:53,35550.0,600.0,1036300.0
355,2021-10-11 06:39:18,35550.0,500.0,1035700.0
356,2021-10-11 06:38:58,35550.0,500.0,1035200.0
357,2021-10-11 06:38:32,35600.0,300.0,1034700.0
358,2021-10-11 06:38:32,35600.0,500.0,1034400.0
359,2021-10-11 06:38:32,35600.0,500.0,1033900.0
360,2021-10-11 06:38:32,35600.0,100.0,1033400.0
361,2021-10-11 06:38:32,35600.0,800.0,1033300.0
362,2021-10-11 06:38:32,35550.0,2800.0,1032500.0
363,2021-10-11 06:38:14,35550.0,200.0,1029700.0
364,2021-10-11 06:38:07,35550.0,2000.0,1029500.0
365,2021-10-11 06:37:52,35550.0,1000.0,1027500.0
366,2021-10-11 06:37:26,35600.0,700.0,1026500.0
367,2021-10-11 06:37:26,35600.0,300.0,1025800.0
368,2021-10-11 06:36:46,35600.0,500.0,1025500.0
369,2021-10-11 06:36:45,35600.0,100.0,1025000.0
370,2021-10-11 06:34:53,35600.0,100.0,1024900.0
371,2021-10-11 06:34:31,35500.0,500.0,1024800.0
372,2021-10-11 06:34:31,35500.0,100.0,1024300.0
373,2021-10-11 06:34:31,35500.0,500.0,1024200.0
374,2021-10-11 06:34:31,35500.0,500.0,1023700.0
375,2021-10-11 06:34:31,35500.0,1000.0,1023200.0
376,2021-10-11 06:34:31,35500.0,400.0,1022200.0
377,2021-10-11 06:34:19,35500.0,200.0,1021800.0
378,2021-10-11 06:34:16,35500.0,400.0,1021600.0
379,2021-10-11 06:34:16,35500.0,200.0,1021200.0
380,2021-10-11 06:34:16,35500.0,1000.0,1021000.0
381,2021-10-11 06:34:16,35500.0,100.0,1020000.0
382,2021-10-11 06:34:16,35500.0,100.0,1019900.0
383,2021-10-11 06:34:16,35500.0,1200.0,1019800.0
384,2021-10-11 06:34:08,35500.0,300.0,1018600.0
385,2021-10-11 06:34:08,35500.0,300.0,1018300.0
386,2021-10-11 06:34:08,35500.0,2400.0,1018000.0
387,2021-10-11 06:34:02,35500.0,400.0,1015600.0
388,2021-10-11 06:33:55,35500.0,200.0,1015200.0
389,2021-10-11 06:33:55,35500.0,5800.0,1015000.0
390,2021-10-11 06:33:44,35500.0,2600.0,1009200.0
391,2021-10-11 06:33:44,35550.0,500.0,1006600.0
392,2021-10-11 06:33:44,35550.0,1000.0,1006100.0
393,2021-10-11 06:33:44,35550.0,100.0,1005100.0
394,2021-10-11 06:33:44,35550.0,300.0,1005000.0
395,2021-10-11 06:33:44,35550.0,200.0,1004700.0
396,2021-10-11 06:33:44,35550.0,100.0,1004500.0
397,2021-10-11 06:33:44,35550.0,200.0,1004400.0
398,2021-10-11 06:33:31,35550.0,2000.0,1004200.0
399,2021-10-11 06:33:29,35600.0,100.0,1002200.0
400,2021-10-11 06:33:29,35600.0,100.0,1002100.0
401,2021-10-11 06:33:09,35600.0,3000.0,1002000.0
402,2021-10-11 06:32:18,35550.0,600.0,999000.0
403,2021-10-11 06:32:18,35550.0,4400.0,998400.0
404,2021-10-11 06:31:25,35600.0,5000.0,994000.0
405,2021-10-11 06:31:08,35600.0,800.0,989000.0
406,2021-10-11 06:31:08,35600.0,200.0,988200.0
407,2021-10-11 06:30:40,35550.0,1400.0,988000.0
408,2021-10-11 06:30:07,35550.0,2500.0,986600.0
409,2021-10-11 06:30:03,35600.0,300.0,984100.0
410,2021-10-11 06:29:57,35550.0,1700.0,983800.0
411,2021-10-11 06:29:57,35550.0,300.0,982100.0
412,2021-10-11 06:29:38,35600.0,300.0,981800.0
413,2021-10-11 06:29:08,35600.0,2000.0,981500.0
414,2021-10-11 06:29:08,35600.0,100.0,979500.0
415,2021-10-11 06:29:08,35600.0,200.0,979400.0
416,2021-10-11 06:29:08,35600.0,300.0,979200.0
417,2021-10-11 06:29:08,35600.0,500.0,978900.0
418,2021-10-11 06:29:08,35600.0,100.0,978400.0
419,2021-10-11 06:29:08,35600.0,500.0,978300.0
420,2021-10-11 06:29:08,35600.0,1000.0,977800.0
421,2021-10-11 06:29:08,35600.0,3000.0,976800.0
422,2021-10-11 06:29:08,35600.0,100.0,973800.0
423,2021-10-11 06:29:08,35600.0,2000.0,973700.0
424,2021-10-11 06:29:08,35600.0,200.0,971700.0
425,2021-10-11 06:28:27,35550.0,500.0,971500.0
426,2021-10-11 06:27:45,35550.0,500.0,971000.0
427,2021-10-11 06:27:24,35550.0,2000.0,970500.0
428,2021-10-11 06:27:24,35550.0,100.0,968500.0
429,2021-10-11 06:27:24,35550.0,400.0,968400.0
430,2021-10-11 06:27:24,35550.0,100.0,968000.0
431,2021-10-11 06:27:24,35550.0,100.0,967900.0
432,2021-10-11 06:27:24,35550.0,200.0,967800.0
433,2021-10-11 06:27:24,35550.0,100.0,967600.0
434,2021-10-11 06:26:46,35500.0,1600.0,967500.0
435,2021-10-11 06:26:46,35500.0,100.0,965900.0
436,2021-10-11 06:26:46,35500.0,300.0,965800.0
437,2021-10-11 06:26:08,35550.0,100.0,965500.0
438,2021-10-11 06:26:08,35550.0,900.0,965400.0
439,2021-10-11 06:25:54,35550.0,100.0,964500.0
440,2021-10-11 06:25:54,35550.0,100.0,964400.0
441,2021-10-11 06:25:30,35500.0,700.0,964300.0
442,2021-10-11 06:25:30,35500.0,1200.0,963600.0
443,2021-10-11 06:25:29,35550.0,300.0,962400.0
444,2021-10-11 06:24:58,35500.0,200.0,962100.0
445,2021-10-11 06:24:54,35500.0,3000.0,961900.0
446,2021-10-11 06:24:53,35500.0,800.0,958900.0
447,2021-10-11 06:24:36,35500.0,3000.0,958100.0
448,2021-10-11 06:24:16,35500.0,1800.0,955100.0
449,2021-10-11 06:24:16,35500.0,200.0,953300.0
450,2021-10-11 06:23:53,35500.0,400.0,953100.0
451,2021-10-11 06:23:53,35500.0,2000.0,952700.0
452,2021-10-11 06:23:53,35500.0,100.0,950700.0
453,2021-10-11 06:23:53,35500.0,500.0,950600.0
454,2021-10-11 06:23:22,35500.0,100.0,950100.0
455,2021-10-11 06:23:03,35500.0,500.0,950000.0
456,2021-10-11 06:22:37,35500.0,500.0,949500.0
457,2021-10-11 06:22:11,35500.0,500.0,949000.0
458,2021-10-11 06:21:58,35550.0,500.0,948500.0
459,2021-10-11 06:21:02,35550.0,300.0,948000.0
460,2021-10-11 06:21:02,35550.0,300.0,947700.0
461,2021-10-11 06:17:09,35550.0,100.0,947400.0
462,2021-10-11 06:17:00,35500.0,2000.0,947300.0
463,2021-10-11 06:16:44,35550.0,200.0,945300.0
464,2021-10-11 06:15:49,35550.0,500.0,945100.0
465,2021-10-11 06:15:41,35550.0,100.0,944600.0
466,2021-10-11 06:15:41,35550.0,100.0,944500.0
467,2021-10-11 06:15:41,35550.0,100.0,944400.0
468,2021-10-11 06:15:41,35550.0,1600.0,944300.0
469,2021-10-11 06:14:45,35600.0,300.0,942700.0
470,2021-10-11 06:14:12,35600.0,200.0,942400.0
471,2021-10-11 06:13:59,35550.0,3400.0,942200.0
472,2021-10-11 06:13:50,35550.0,100.0,938800.0
473,2021-10-11 06:13:48,35550.0,1500.0,938700.0
474,2021-10-11 06:13:28,35550.0,600.0,937200.0
475,2021-10-11 06:13:28,35550.0,600.0,936600.0
476,2021-10-11 06:13:28,35550.0,2000.0,936000.0
477,2021-10-11 06:13:28,35550.0,1000.0,934000.0
478,2021-10-11 06:13:28,35550.0,400.0,933000.0
479,2021-10-11 06:13:28,35550.0,100.0,932600.0
480,2021-10-11 06:13:28,35550.0,300.0,932500.0
481,2021-10-11 06:12:55,35600.0,200.0,932200.0
482,2021-10-11 06:12:34,35600.0,100.0,932000.0
483,2021-10-11 06:12:12,35600.0,100.0,931900.0
484,2021-10-11 06:11:39,35600.0,200.0,931800.0
485,2021-10-11 06:11:39,35600.0,400.0,931600.0
486,2021-10-11 06:11:29,35650.0,100.0,931200.0
487,2021-10-11 06:11:27,35650.0,200.0,931100.0
488,2021-10-11 06:11:27,35650.0,300.0,930900.0
489,2021-10-11 06:11:26,35650.0,600.0,930600.0
490,2021-10-11 06:11:11,35650.0,100.0,930000.0
491,2021-10-11 06:11:11,35650.0,400.0,929900.0
492,2021-10-11 06:10:41,35650.0,100.0,929500.0
493,2021-10-11 06:10:25,35650.0,1000.0,929400.0
494,2021-10-11 06:10:02,35650.0,100.0,928400.0
495,2021-10-11 06:10:02,35650.0,900.0,928300.0
496,2021-10-11 06:08:51,35650.0,100.0,927400.0
497,2021-10-11 06:08:37,35650.0,200.0,927300.0
498,2021-10-11 06:08:29,35650.0,1000.0,927100.0
499,2021-10-11 06:08:29,35650.0,2600.0,926100.0
500,2021-10-11 06:08:29,35650.0,100.0,923500.0
501,2021-10-11 06:08:29,35650.0,1000.0,923400.0
502,2021-10-11 06:08:29,35650.0,300.0,922400.0
503,2021-10-11 06:08:23,35650.0,1700.0,922100.0
504,2021-10-11 06:08:23,35650.0,200.0,920400.0
505,2021-10-11 06:08:23,35650.0,100.0,920200.0
506,2021-10-11 06:08:10,35600.0,200.0,920100.0
507,2021-10-11 06:08:10,35600.0,200.0,919900.0
508,2021-10-11 06:08:10,35600.0,200.0,919700.0
509,2021-10-11 06:08:03,35600.0,500.0,919500.0
510,2021-10-11 06:07:58,35600.0,300.0,919000.0
511,2021-10-11 06:07:58,35600.0,100.0,918700.0
512,2021-10-11 06:07:58,35600.0,100.0,918600.0
513,2021-10-11 06:07:58,35600.0,500.0,918500.0
514,2021-10-11 06:07:52,35600.0,100.0,918000.0
515,2021-10-11 06:07:51,35600.0,100.0,917900.0
516,2021-10-11 06:07:51,35600.0,500.0,917800.0
517,2021-10-11 06:07:46,35600.0,100.0,917300.0
518,2021-10-11 06:07:46,35600.0,100.0,917200.0
519,2021-10-11 06:07:46,35600.0,200.0,917100.0
520,2021-10-11 06:07:46,35600.0,100.0,916900.0
521,2021-10-11 06:07:46,35600.0,500.0,916800.0
522,2021-10-11 06:07:46,35600.0,600.0,916300.0
523,2021-10-11 06:07:46,35600.0,200.0,915700.0
524,2021-10-11 06:07:46,35600.0,100.0,915500.0
525,2021-10-11 06:07:46,35600.0,100.0,915400.0
526,2021-10-11 06:07:46,35600.0,100.0,915300.0
527,2021-10-11 06:07:46,35600.0,100.0,915200.0
528,2021-10-11 06:07:46,35600.0,200.0,915100.0
529,2021-10-11 06:07:46,35600.0,600.0,914900.0
530,2021-10-11 06:07:46,35600.0,1000.0,914300.0
531,2021-10-11 06:07:46,35600.0,1000.0,913300.0
532,2021-10-11 06:07:46,35600.0,100.0,912300.0
533,2021-10-11 06:07:46,35600.0,1000.0,912200.0
534,2021-10-11 06:07:46,35600.0,700.0,911200.0
535,2021-10-11 06:07:46,35600.0,100.0,910500.0
536,2021-10-11 06:07:46,35600.0,100.0,910400.0
537,2021-10-11 06:07:46,35600.0,100.0,910300.0
538,2021-10-11 06:07:46,35600.0,1000.0,910200.0
539,2021-10-11 06:07:46,35600.0,800.0,909200.0
540,2021-10-11 06:07:46,35600.0,100.0,908400.0
541,2021-10-11 06:07:46,35600.0,100.0,908300.0
542,2021-10-11 06:07:46,35600.0,200.0,908200.0
543,2021-10-11 06:07:46,35600.0,200.0,908000.0
544,2021-10-11 06:07:46,35600.0,500.0,907800.0
545,2021-10-11 06:07:41,35600.0,5000.0,907300.0
546,2021-10-11 06:07:29,35600.0,1000.0,902300.0
547,2021-10-11 06:05:29,35550.0,100.0,901300.0
548,2021-10-11 06:05:11,35550.0,600.0,901200.0
549,2021-10-11 06:04:58,35550.0,1000.0,900600.0
550,2021-10-11 06:04:58,35550.0,700.0,899600.0
551,2021-10-11 06:04:57,35600.0,4000.0,898900.0
552,2021-10-11 06:04:57,35600.0,100.0,894900.0
553,2021-10-11 06:04:57,35600.0,100.0,894800.0
554,2021-10-11 06:04:57,35600.0,2000.0,894700.0
555,2021-10-11 06:04:43,35550.0,100.0,892700.0
556,2021-10-11 06:04:30,35550.0,1000.0,892600.0
557,2021-10-11 06:04:30,35550.0,500.0,891600.0
558,2021-10-11 06:04:30,35550.0,100.0,891100.0
559,2021-10-11 06:04:30,35550.0,100.0,891000.0
560,2021-10-11 06:04:30,35550.0,100.0,890900.0
561,2021-10-11 06:04:30,35550.0,2000.0,890800.0
562,2021-10-11 06:04:30,35550.0,200.0,888800.0
563,2021-10-11 06:04:30,35550.0,200.0,888600.0
564,2021-10-11 06:04:30,35550.0,1000.0,888400.0
565,2021-10-11 06:04:30,35550.0,100.0,887400.0
566,2021-10-11 06:04:30,35550.0,300.0,887300.0
567,2021-10-11 06:04:30,35550.0,100.0,887000.0
568,2021-10-11 06:04:30,35550.0,2000.0,886900.0
569,2021-10-11 06:04:30,35550.0,500.0,884900.0
570,2021-10-11 06:04:30,35550.0,1000.0,884400.0
571,2021-10-11 06:03:07,35550.0,4000.0,883400.0
572,2021-10-11 06:03:07,35550.0,200.0,879400.0
573,2021-10-11 06:03:07,35550.0,300.0,879200.0
574,2021-10-11 06:03:07,35550.0,100.0,878900.0
575,2021-10-11 06:03:07,35550.0,400.0,878800.0
576,2021-10-11 06:02:55,35550.0,100.0,878400.0
577,2021-10-11 06:02:55,35550.0,300.0,878300.0
578,2021-10-11 06:02:55,35550.0,700.0,878000.0
579,2021-10-11 06:02:24,35500.0,100.0,877300.0
580,2021-10-11 06:01:19,35500.0,1000.0,877200.0
581,2021-10-11 06:01:19,35500.0,100.0,876200.0
582,2021-10-11 06:01:19,35500.0,2300.0,876100.0
583,2021-10-11 06:01:19,35500.0,100.0,873800.0
584,2021-10-11 06:01:19,35500.0,100.0,873700.0
585,2021-10-11 06:01:19,35500.0,2000.0,873600.0
586,2021-10-11 06:01:19,35500.0,200.0,871600.0
587,2021-10-11 06:01:19,35500.0,100.0,871400.0
588,2021-10-11 06:01:19,35500.0,500.0,871300.0
589,2021-10-11 06:01:19,35500.0,2000.0,870800.0
590,2021-10-11 06:01:19,35500.0,700.0,868800.0
591,2021-10-11 06:01:19,35500.0,2000.0,868100.0
592,2021-10-11 06:01:19,35500.0,100.0,866100.0
593,2021-10-11 06:01:19,35500.0,300.0,866000.0
594,2021-10-11 06:01:19,35500.0,100.0,865700.0
595,2021-10-11 06:01:19,35500.0,100.0,865600.0
596,2021-10-11 06:01:19,35500.0,100.0,865500.0
597,2021-10-11 06:01:19,35500.0,500.0,865400.0
598,2021-10-11 06:01:19,35500.0,200.0,864900.0
599,2021-10-11 06:01:19,35500.0,300.0,864700.0
600,2021-10-11 06:01:19,35500.0,100.0,864400.0
601,2021-10-11 06:01:19,35500.0,1000.0,864300.0
602,2021-10-11 06:01:19,35500.0,200.0,863300.0
603,2021-10-11 06:01:19,35500.0,100.0,863100.0
604,2021-10-11 06:01:19,35500.0,5000.0,863000.0
605,2021-10-11 06:01:19,35500.0,100.0,858000.0
606,2021-10-11 06:01:19,35500.0,800.0,857900.0
607,2021-10-11 06:01:19,35500.0,200.0,857100.0
608,2021-10-11 06:01:19,35500.0,500.0,856900.0
609,2021-10-11 06:00:35,35450.0,1000.0,856400.0
610,2021-10-11 06:00:35,35450.0,100.0,855400.0
611,2021-10-11 06:00:35,35450.0,700.0,855300.0
612,2021-10-11 06:00:35,35450.0,1000.0,854600.0
613,2021-10-11 06:00:35,35450.0,100.0,853600.0
614,2021-10-11 06:00:35,35450.0,500.0,853500.0
615,2021-10-11 06:00:35,35450.0,400.0,853000.0
616,2021-10-11 06:00:20,35450.0,100.0,852600.0
617,2021-10-11 06:00:01,35450.0,500.0,852500.0
618,2021-10-11 06:00:01,35400.0,400.0,852000.0
619,2021-10-11 06:00:01,35400.0,900.0,851600.0
620,2021-10-11 06:00:00,35450.0,100.0,850700.0
621,2021-10-11 06:00:00,35450.0,1300.0,850600.0
622,2021-10-11 06:00:00,35450.0,1600.0,849300.0
623,2021-10-11 06:00:00,35450.0,300.0,847700.0
624,2021-10-11 06:00:00,35450.0,300.0,847400.0
625,2021-10-11 04:28:47,35400.0,1400.0,847100.0
626,2021-10-11 04:23:43,35400.0,5000.0,845700.0
627,2021-10-11 04:23:43,35400.0,1400.0,840700.0
628,2021-10-11 04:23:43,35400.0,700.0,839300.0
629,2021-10-11 04:23:43,35400.0,1000.0,838600.0
630,2021-10-11 04:23:43,35400.0,300.0,837600.0
631,2021-10-11 04:23:43,35400.0,900.0,837300.0
632,2021-10-11 04:23:43,35400.0,1000.0,836400.0
633,2021-10-11 04:23:43,35400.0,1400.0,835400.0
634,2021-10-11 04:22:42,35400.0,200.0,834000.0
635,2021-10-11 04:19:31,35400.0,2000.0,833800.0
636,2021-10-11 04:17:33,35400.0,400.0,831800.0
637,2021-10-11 04:17:33,35400.0,1000.0,831400.0
638,2021-10-11 04:17:33,35400.0,300.0,830400.0
639,2021-10-11 04:17:33,35400.0,200.0,830100.0
640,2021-10-11 04:17:33,35400.0,1000.0,829900.0
641,2021-10-11 04:17:33,35400.0,1100.0,828900.0
642,2021-10-11 04:17:24,35350.0,300.0,827800.0
643,2021-10-11 04:16:51,35400.0,900.0,827500.0
644,2021-10-11 04:16:51,35400.0,100.0,826600.0
645,2021-10-11 04:16:35,35400.0,100.0,826500.0
646,2021-10-11 04:16:29,35400.0,200.0,826400.0
647,2021-10-11 04:16:29,35400.0,300.0,826200.0
648,2021-10-11 04:16:29,35400.0,4500.0,825900.0
649,2021-10-11 04:16:25,35400.0,300.0,821400.0
650,2021-10-11 04:16:22,35400.0,5000.0,821100.0
651,2021-10-11 04:16:09,35400.0,200.0,816100.0
652,2021-10-11 04:14:02,35400.0,500.0,815900.0
653,2021-10-11 04:13:19,35400.0,500.0,815400.0
654,2021-10-11 04:13:12,35350.0,100.0,814900.0
655,2021-10-11 04:12:13,35350.0,900.0,814800.0
656,2021-10-11 04:12:13,35350.0,100.0,813900.0
657,2021-10-11 04:10:32,35400.0,100.0,813800.0
658,2021-10-11 04:07:58,35400.0,400.0,813700.0
659,2021-10-11 04:07:05,35400.0,200.0,813300.0
660,2021-10-11 04:05:43,35400.0,100.0,813100.0
661,2021-10-11 04:05:36,35400.0,3200.0,813000.0
662,2021-10-11 04:05:14,35400.0,800.0,809800.0
663,2021-10-11 04:05:14,35400.0,600.0,809000.0
664,2021-10-11 04:05:14,35400.0,400.0,808400.0
665,2021-10-11 04:05:12,35400.0,600.0,808000.0
666,2021-10-11 04:04:00,35400.0,100.0,807400.0
667,2021-10-11 04:03:49,35400.0,3900.0,807300.0
668,2021-10-11 04:00:46,35400.0,300.0,803400.0
669,2021-10-11 04:00:00,35400.0,500.0,803100.0
670,2021-10-11 04:00:00,35400.0,300.0,802600.0
671,2021-10-11 03:59:44,35400.0,700.0,802300.0
672,2021-10-11 03:59:02,35400.0,1000.0,801600.0
673,2021-10-11 03:59:02,35400.0,1000.0,800600.0
674,2021-10-11 03:58:17,35400.0,1500.0,799600.0
675,2021-10-11 03:58:02,35400.0,200.0,798100.0
676,2021-10-11 03:56:45,35400.0,900.0,797900.0
677,2021-10-11 03:56:21,35400.0,100.0,797000.0
678,2021-10-11 03:56:18,35400.0,400.0,796900.0
679,2021-10-11 03:56:18,35400.0,300.0,796500.0
680,2021-10-11 03:56:07,35400.0,200.0,796200.0
681,2021-10-11 03:55:04,35400.0,200.0,796000.0
682,2021-10-11 03:55:04,35400.0,500.0,795800.0
683,2021-10-11 03:55:04,35400.0,300.0,795300.0
684,2021-10-11 03:55:00,35400.0,1500.0,795000.0
685,2021-10-11 03:55:00,35400.0,600.0,793500.0
686,2021-10-11 03:54:45,35400.0,100.0,792900.0
687,2021-10-11 03:54:28,35400.0,1500.0,792800.0
688,2021-10-11 03:54:28,35400.0,200.0,791300.0
689,2021-10-11 03:54:28,35400.0,100.0,791100.0
690,2021-10-11 03:54:28,35400.0,300.0,791000.0
691,2021-10-11 03:54:28,35400.0,100.0,790700.0
692,2021-10-11 03:54:28,35400.0,100.0,790600.0
693,2021-10-11 03:54:28,35400.0,500.0,790500.0
694,2021-10-11 03:54:28,35400.0,200.0,790000.0
695,2021-10-11 03:54:28,35400.0,400.0,789800.0
696,2021-10-11 03:54:28,35400.0,200.0,789400.0
697,2021-10-11 03:54:28,35400.0,1000.0,789200.0
698,2021-10-11 03:54:28,35400.0,400.0,788200.0
699,2021-10-11 03:51:56,35450.0,100.0,787800.0
700,2021-10-11 03:51:36,35400.0,1600.0,787700.0
701,2021-10-11 03:51:36,35400.0,500.0,786100.0
702,2021-10-11 03:51:26,35450.0,100.0,785600.0
703,2021-10-11 03:50:03,35450.0,1100.0,785500.0
704,2021-10-11 03:47:53,35450.0,200.0,784400.0
705,2021-10-11 03:47:53,35450.0,200.0,784200.0
706,2021-10-11 03:47:53,35450.0,1600.0,784000.0
707,2021-10-11 03:47:22,35450.0,1000.0,782400.0
708,2021-10-11 03:47:02,35450.0,100.0,781400.0
709,2021-10-11 03:43:57,35400.0,200.0,781300.0
710,2021-10-11 03:43:57,35400.0,100.0,781100.0
711,2021-10-11 03:43:51,35400.0,2000.0,781000.0
712,2021-10-11 03:43:35,35400.0,100.0,779000.0
713,2021-10-11 03:42:39,35400.0,500.0,778900.0
714,2021-10-11 03:39:59,35400.0,100.0,778400.0
715,2021-10-11 03:39:43,35400.0,100.0,778300.0
716,2021-10-11 03:39:12,35400.0,1000.0,778200.0
717,2021-10-11 03:38:32,35400.0,100.0,777200.0
718,2021-10-11 03:36:44,35450.0,2000.0,777100.0
719,2021-10-11 03:35:59,35450.0,300.0,775100.0
720,2021-10-11 03:35:59,35450.0,600.0,774800.0
721,2021-10-11 03:35:57,35400.0,1000.0,774200.0
722,2021-10-11 03:35:25,35450.0,2000.0,773200.0
723,2021-10-11 03:35:02,35400.0,1200.0,771200.0
724,2021-10-11 03:34:45,35400.0,300.0,770000.0
725,2021-10-11 03:34:21,35400.0,200.0,769700.0
726,2021-10-11 03:33:54,35450.0,400.0,769500.0
727,2021-10-11 03:33:54,35450.0,100.0,769100.0
728,2021-10-11 03:33:09,35450.0,100.0,769000.0
729,2021-10-11 03:32:56,35450.0,100.0,768900.0
730,2021-10-11 03:32:51,35400.0,300.0,768800.0
731,2021-10-11 03:32:51,35400.0,100.0,768500.0
732,2021-10-11 03:32:51,35400.0,1300.0,768400.0
733,2021-10-11 03:32:51,35400.0,200.0,767100.0
734,2021-10-11 03:32:51,35400.0,100.0,766900.0
735,2021-10-11 03:32:51,35400.0,1000.0,766800.0
736,2021-10-11 03:32:51,35400.0,7000.0,765800.0
737,2021-10-11 03:31:34,35450.0,1000.0,758800.0
738,2021-10-11 03:30:47,35400.0,4000.0,757800.0
739,2021-10-11 03:29:58,35400.0,5000.0,753800.0
740,2021-10-11 03:29:30,35500.0,1300.0,748800.0
741,2021-10-11 03:29:23,35500.0,3000.0,747500.0
742,2021-10-11 03:28:38,35500.0,200.0,744500.0
743,2021-10-11 03:28:38,35500.0,1000.0,744300.0
744,2021-10-11 03:27:44,35500.0,200.0,743300.0
745,2021-10-11 03:27:33,35500.0,1000.0,743100.0
746,2021-10-11 03:27:25,35500.0,500.0,742100.0
747,2021-10-11 03:27:24,35500.0,100.0,741600.0
748,2021-10-11 03:27:24,35500.0,100.0,741500.0
749,2021-10-11 03:27:24,35500.0,1800.0,741400.0
750,2021-10-11 03:26:30,35500.0,100.0,739600.0
751,2021-10-11 03:26:26,35500.0,100.0,739500.0
752,2021-10-11 03:26:26,35500.0,300.0,739400.0
753,2021-10-11 03:26:14,35500.0,200.0,739100.0
754,2021-10-11 03:26:14,35500.0,4800.0,738900.0
755,2021-10-11 03:26:12,35500.0,200.0,734100.0
756,2021-10-11 03:26:12,35500.0,500.0,733900.0
757,2021-10-11 03:26:12,35500.0,1000.0,733400.0
758,2021-10-11 03:26:12,35500.0,2000.0,732400.0
759,2021-10-11 03:26:12,35500.0,400.0,730400.0
760,2021-10-11 03:25:29,35500.0,300.0,730000.0
761,2021-10-11 03:24:37,35500.0,300.0,729700.0
762,2021-10-11 03:24:37,35500.0,1000.0,729400.0
763,2021-10-11 03:24:37,35500.0,3700.0,728400.0
764,2021-10-11 03:24:32,35500.0,1300.0,724700.0
765,2021-10-11 03:24:32,35500.0,3700.0,723400.0
766,2021-10-11 03:24:28,35500.0,1000.0,719700.0
767,2021-10-11 03:24:18,35500.0,300.0,718700.0
768,2021-10-11 03:24:18,35500.0,1000.0,718400.0
769,2021-10-11 03:24:18,35500.0,200.0,717400.0
770,2021-10-11 03:24:18,35500.0,400.0,717200.0
771,2021-10-11 03:24:18,35500.0,100.0,716800.0
772,2021-10-11 03:24:18,35500.0,100.0,716700.0
773,2021-10-11 03:24:18,35500.0,100.0,716600.0
774,2021-10-11 03:24:18,35500.0,1000.0,716500.0
775,2021-10-11 03:24:18,35500.0,200.0,715500.0
776,2021-10-11 03:24:18,35500.0,500.0,715300.0
777,2021-10-11 03:24:18,35500.0,100.0,714800.0
778,2021-10-11 03:24:18,35500.0,100.0,714700.0
779,2021-10-11 03:24:18,35500.0,300.0,714600.0
780,2021-10-11 03:24:18,35500.0,600.0,714300.0
781,2021-10-11 03:23:59,35500.0,400.0,713700.0
782,2021-10-11 03:23:59,35500.0,100.0,713300.0
783,2021-10-11 03:23:59,35500.0,200.0,713200.0
784,2021-10-11 03:23:59,35500.0,1300.0,713000.0
785,2021-10-11 03:23:30,35500.0,2400.0,711700.0
786,2021-10-11 03:23:26,35500.0,200.0,709300.0
787,2021-10-11 03:23:13,35500.0,1000.0,709100.0
788,2021-10-11 03:22:51,35500.0,100.0,708100.0
789,2021-10-11 03:22:51,35500.0,300.0,708000.0
790,2021-10-11 03:22:41,35500.0,300.0,707700.0
791,2021-10-11 03:22:14,35500.0,100.0,707400.0
792,2021-10-11 03:22:12,35500.0,1000.0,707300.0
793,2021-10-11 03:21:15,35500.0,1900.0,706300.0
794,2021-10-11 03:21:15,35500.0,100.0,704400.0
795,2021-10-11 03:21:15,35500.0,500.0,704300.0
796,2021-10-11 03:21:15,35500.0,100.0,703800.0
797,2021-10-11 03:21:15,35500.0,100.0,703700.0
798,2021-10-11 03:21:15,35500.0,100.0,703600.0
799,2021-10-11 03:21:15,35500.0,1200.0,703500.0
800,2021-10-11 03:21:15,35500.0,6000.0,702300.0
801,2021-10-11 03:20:57,35400.0,100.0,696300.0
802,2021-10-11 03:20:56,35500.0,2800.0,696200.0
803,2021-10-11 03:20:56,35450.0,200.0,693400.0
804,2021-10-11 03:20:32,35400.0,100.0,693200.0
805,2021-10-11 03:20:09,35400.0,100.0,693100.0
806,2021-10-11 03:19:28,35400.0,300.0,693000.0
807,2021-10-11 03:19:28,35400.0,500.0,692700.0
808,2021-10-11 03:19:28,35400.0,2000.0,692200.0
809,2021-10-11 03:19:28,35400.0,100.0,690200.0
810,2021-10-11 03:19:28,35400.0,800.0,690100.0
811,2021-10-11 03:19:14,35350.0,500.0,689300.0
812,2021-10-11 03:18:56,35350.0,100.0,688800.0
813,2021-10-11 03:18:47,35350.0,100.0,688700.0
814,2021-10-11 03:18:10,35350.0,300.0,688600.0
815,2021-10-11 03:16:32,35350.0,1000.0,688300.0
816,2021-10-11 03:16:26,35300.0,400.0,687300.0
817,2021-10-11 03:16:26,35300.0,300.0,686900.0
818,2021-10-11 03:16:26,35300.0,100.0,686600.0
819,2021-10-11 03:16:26,35300.0,400.0,686500.0
820,2021-10-11 03:16:26,35300.0,1000.0,686100.0
821,2021-10-11 03:16:26,35300.0,500.0,685100.0
822,2021-10-11 03:16:26,35300.0,1000.0,684600.0
823,2021-10-11 03:16:26,35300.0,500.0,683600.0
824,2021-10-11 03:16:26,35300.0,500.0,683100.0
825,2021-10-11 03:16:26,35300.0,300.0,682600.0
826,2021-10-11 03:16:04,35350.0,500.0,682300.0
827,2021-10-11 03:15:55,35350.0,500.0,681800.0
828,2021-10-11 03:14:29,35400.0,100.0,681300.0
829,2021-10-11 03:14:27,35400.0,3400.0,681200.0
830,2021-10-11 03:14:27,35400.0,200.0,677800.0
831,2021-10-11 03:14:27,35400.0,2400.0,677600.0
832,2021-10-11 03:13:25,35400.0,2000.0,675200.0
833,2021-10-11 03:13:25,35400.0,600.0,673200.0
834,2021-10-11 03:13:21,35400.0,200.0,672600.0
835,2021-10-11 03:13:21,35400.0,1000.0,672400.0
836,2021-10-11 03:13:21,35400.0,3800.0,671400.0
837,2021-10-11 03:13:00,35400.0,300.0,667600.0
838,2021-10-11 03:12:42,35400.0,200.0,667300.0
839,2021-10-11 03:12:35,35400.0,3500.0,667100.0
840,2021-10-11 03:12:35,35400.0,100.0,663600.0
841,2021-10-11 03:12:35,35400.0,200.0,663500.0
842,2021-10-11 03:12:35,35400.0,500.0,663300.0
843,2021-10-11 03:12:35,35400.0,300.0,662800.0
844,2021-10-11 03:12:35,35400.0,100.0,662500.0
845,2021-10-11 03:12:35,35400.0,1000.0,662400.0
846,2021-10-11 03:12:35,35400.0,100.0,661400.0
847,2021-10-11 03:12:35,35400.0,100.0,661300.0
848,2021-10-11 03:12:35,35400.0,5000.0,661200.0
849,2021-10-11 03:12:35,35400.0,500.0,656200.0
850,2021-10-11 03:12:35,35400.0,3600.0,655700.0
851,2021-10-11 03:12:06,35400.0,5000.0,652100.0
852,2021-10-11 03:11:32,35400.0,100.0,647100.0
853,2021-10-11 03:11:27,35400.0,5000.0,647000.0
854,2021-10-11 03:11:23,35400.0,100.0,642000.0
855,2021-10-11 03:11:19,35400.0,1000.0,641900.0
856,2021-10-11 03:10:04,35400.0,100.0,640900.0
857,2021-10-11 03:08:49,35500.0,1200.0,640800.0
858,2021-10-11 03:08:49,35500.0,100.0,639600.0
859,2021-10-11 03:08:49,35500.0,700.0,639500.0
860,2021-10-11 03:08:36,35500.0,400.0,638800.0
861,2021-10-11 03:08:11,35400.0,100.0,638400.0
862,2021-10-11 03:08:11,35500.0,2000.0,638300.0
863,2021-10-11 03:08:01,35500.0,700.0,636300.0
864,2021-10-11 03:08:01,35500.0,1200.0,635600.0
865,2021-10-11 03:07:38,35550.0,100.0,634400.0
866,2021-10-11 03:07:06,35550.0,100.0,634300.0
867,2021-10-11 03:06:35,35550.0,100.0,634200.0
868,2021-10-11 03:06:34,35500.0,300.0,634100.0
869,2021-10-11 03:06:19,35500.0,500.0,633800.0
870,2021-10-11 03:06:14,35500.0,2000.0,633300.0
871,2021-10-11 03:06:13,35500.0,100.0,631300.0
872,2021-10-11 03:06:08,35500.0,200.0,631200.0
873,2021-10-11 03:06:08,35500.0,100.0,631000.0
874,2021-10-11 03:06:08,35500.0,300.0,630900.0
875,2021-10-11 03:06:08,35500.0,100.0,630600.0
876,2021-10-11 03:06:08,35500.0,200.0,630500.0
877,2021-10-11 03:06:08,35500.0,500.0,630300.0
878,2021-10-11 03:06:08,35500.0,200.0,629800.0
879,2021-10-11 03:06:08,35500.0,100.0,629600.0
880,2021-10-11 03:06:08,35500.0,100.0,629500.0
881,2021-10-11 03:06:08,35500.0,100.0,629400.0
882,2021-10-11 03:06:08,35500.0,100.0,629300.0
883,2021-10-11 03:06:08,35500.0,800.0,629200.0
884,2021-10-11 03:06:08,35500.0,500.0,628400.0
885,2021-10-11 03:06:08,35500.0,300.0,627900.0
886,2021-10-11 03:06:08,35500.0,300.0,627600.0
887,2021-10-11 03:06:08,35500.0,100.0,627300.0
888,2021-10-11 03:06:08,35500.0,100.0,627200.0
889,2021-10-11 03:06:08,35500.0,100.0,627100.0
890,2021-10-11 03:06:08,35500.0,200.0,627000.0
891,2021-10-11 03:06:08,35500.0,1000.0,626800.0
892,2021-10-11 03:06:08,35500.0,200.0,625800.0
893,2021-10-11 03:06:08,35500.0,3000.0,625600.0
894,2021-10-11 03:06:08,35500.0,300.0,622600.0
895,2021-10-11 03:06:08,35500.0,200.0,622300.0
896,2021-10-11 03:06:08,35500.0,100.0,622100.0
897,2021-10-11 03:06:08,35500.0,3000.0,622000.0
898,2021-10-11 03:06:08,35500.0,500.0,619000.0
899,2021-10-11 03:06:08,35500.0,300.0,618500.0
900,2021-10-11 03:06:08,35500.0,100.0,618200.0
901,2021-10-11 03:06:08,35500.0,200.0,618100.0
902,2021-10-11 03:06:08,35500.0,100.0,617900.0
903,2021-10-11 03:06:08,35500.0,100.0,617800.0
904,2021-10-11 03:06:08,35500.0,1000.0,617700.0
905,2021-10-11 03:06:08,35500.0,100.0,616700.0
906,2021-10-11 03:06:08,35500.0,15000.0,616600.0
907,2021-10-11 03:06:08,35500.0,1000.0,601600.0
908,2021-10-11 03:06:08,35500.0,500.0,600600.0
909,2021-10-11 03:06:08,35500.0,7000.0,600100.0
910,2021-10-11 03:06:08,35500.0,300.0,593100.0
911,2021-10-11 03:06:08,35500.0,500.0,592800.0
912,2021-10-11 03:06:08,35500.0,1100.0,592300.0
913,2021-10-11 03:06:08,35500.0,100.0,591200.0
914,2021-10-11 03:06:08,35500.0,500.0,591100.0
915,2021-10-11 03:06:08,35500.0,1000.0,590600.0
916,2021-10-11 03:06:08,35500.0,500.0,589600.0
917,2021-10-11 03:06:08,35500.0,8800.0,589100.0
918,2021-10-11 03:06:08,35450.0,100.0,580300.0
919,2021-10-11 03:06:08,35450.0,500.0,580200.0
920,2021-10-11 03:06:08,35450.0,2000.0,579700.0
921,2021-10-11 03:06:08,35450.0,100.0,577700.0
922,2021-10-11 03:06:08,35450.0,1000.0,577600.0
923,2021-10-11 03:06:08,35450.0,100.0,576600.0
924,2021-10-11 03:06:08,35450.0,100.0,576500.0
925,2021-10-11 03:06:08,35450.0,200.0,576400.0
926,2021-10-11 03:06:08,35450.0,900.0,576200.0
927,2021-10-11 03:05:47,35450.0,100.0,575300.0
928,2021-10-11 03:05:47,35450.0,400.0,575200.0
929,2021-10-11 03:05:34,35450.0,100.0,574800.0
930,2021-10-11 03:05:34,35450.0,100.0,574700.0
931,2021-10-11 03:05:32,35450.0,300.0,574600.0
932,2021-10-11 03:05:25,35450.0,100.0,574300.0
933,2021-10-11 03:05:25,35450.0,300.0,574200.0
934,2021-10-11 03:04:47,35450.0,500.0,573900.0
935,2021-10-11 03:04:35,35450.0,100.0,573400.0
936,2021-10-11 03:04:18,35400.0,100.0,573300.0
937,2021-10-11 03:03:55,35450.0,8000.0,573200.0
938,2021-10-11 03:03:36,35400.0,500.0,565200.0
939,2021-10-11 03:03:34,35450.0,1000.0,564700.0
940,2021-10-11 03:03:28,35450.0,100.0,563700.0
941,2021-10-11 03:03:21,35400.0,400.0,563600.0
942,2021-10-11 03:03:18,35400.0,100.0,563200.0
943,2021-10-11 03:03:10,35400.0,100.0,563100.0
944,2021-10-11 03:03:10,35400.0,100.0,563000.0
945,2021-10-11 03:03:10,35400.0,500.0,562900.0
946,2021-10-11 03:03:10,35400.0,500.0,562400.0
947,2021-10-11 03:03:10,35400.0,500.0,561900.0
948,2021-10-11 03:03:10,35400.0,200.0,561400.0
949,2021-10-11 03:03:10,35400.0,200.0,561200.0
950,2021-10-11 03:03:10,35400.0,100.0,561000.0
951,2021-10-11 03:03:10,35400.0,100.0,560900.0
952,2021-10-11 03:03:10,35400.0,100.0,560800.0
953,2021-10-11 03:03:10,35400.0,600.0,560700.0
954,2021-10-11 03:03:10,35400.0,900.0,560100.0
955,2021-10-11 03:03:10,35400.0,1000.0,559200.0
956,2021-10-11 03:02:57,35400.0,100.0,558200.0
957,2021-10-11 03:02:55,35400.0,1500.0,558100.0
958,2021-10-11 03:02:48,35400.0,2000.0,556600.0
959,2021-10-11 03:02:47,35400.0,2000.0,554600.0
960,2021-10-11 03:02:44,35400.0,1300.0,552600.0
961,2021-10-11 03:02:40,35400.0,400.0,551300.0
962,2021-10-11 03:02:30,35400.0,2000.0,550900.0
963,2021-10-11 03:02:28,35400.0,3200.0,548900.0
964,2021-10-11 03:02:24,35400.0,600.0,545700.0
965,2021-10-11 03:02:24,35400.0,500.0,545100.0
966,2021-10-11 03:02:24,35400.0,500.0,544600.0
967,2021-10-11 03:02:24,35400.0,500.0,544100.0
968,2021-10-11 03:02:24,35400.0,5000.0,543600.0
969,2021-10-11 03:01:27,35350.0,4100.0,538600.0
970,2021-10-11 03:01:26,35350.0,900.0,534500.0
971,2021-10-11 03:01:26,35350.0,100.0,533600.0
972,2021-10-11 03:01:21,35350.0,500.0,533500.0
973,2021-10-11 03:00:54,35300.0,200.0,533000.0
974,2021-10-11 03:00:54,35300.0,100.0,532800.0
975,2021-10-11 03:00:54,35300.0,1000.0,532700.0
976,2021-10-11 03:00:54,35300.0,100.0,531700.0
977,2021-10-11 03:00:54,35300.0,500.0,531600.0
978,2021-10-11 03:00:54,35300.0,2300.0,531100.0
979,2021-10-11 03:00:54,35300.0,1000.0,528800.0
980,2021-10-11 03:00:54,35300.0,500.0,527800.0
981,2021-10-11 03:00:54,35300.0,200.0,527300.0
982,2021-10-11 03:00:54,35300.0,2000.0,527100.0
983,2021-10-11 03:00:54,35300.0,100.0,525100.0
984,2021-10-11 03:00:54,35300.0,1000.0,525000.0
985,2021-10-11 03:00:54,35300.0,300.0,524000.0
986,2021-10-11 03:00:54,35300.0,5000.0,523700.0
987,2021-10-11 03:00:54,35300.0,300.0,518700.0
988,2021-10-11 03:00:53,35300.0,100.0,518400.0
989,2021-10-11 03:00:53,35300.0,400.0,518300.0
990,2021-10-11 03:00:48,35300.0,2700.0,517900.0
991,2021-10-11 03:00:41,35300.0,900.0,515200.0
992,2021-10-11 03:00:40,35300.0,1000.0,514300.0
993,2021-10-11 03:00:34,35300.0,1500.0,513300.0
994,2021-10-11 03:00:31,35300.0,1000.0,511800.0
995,2021-10-11 03:00:30,35250.0,100.0,510800.0
996,2021-10-11 03:00:11,35250.0,200.0,510700.0
997,2021-10-11 03:00:03,35250.0,1500.0,510500.0
998,2021-10-11 03:00:03,35250.0,500.0,509000.0
999,2021-10-11 03:00:03,35250.0,1000.0,508500.0
1000,2021-10-11 03:00:03,35250.0,100.0,507500.0
1001,2021-10-11 03:00:03,35250.0,100.0,507400.0
1002,2021-10-11 03:00:03,35250.0,400.0,507300.0
1003,2021-10-11 03:00:02,35250.0,3000.0,506900.0
1004,2021-10-11 03:00:00,35250.0,300.0,503900.0
1005,2021-10-11 02:59:59,35250.0,1000.0,503600.0
1006,2021-10-11 02:59:54,35250.0,2000.0,502600.0
1007,2021-10-11 02:59:50,35250.0,1500.0,500600.0
1008,2021-10-11 02:59:47,35250.0,6000.0,499100.0
1009,2021-10-11 02:59:44,35250.0,100.0,493100.0
1010,2021-10-11 02:59:42,35250.0,2000.0,493000.0
1011,2021-10-11 02:59:41,35250.0,2000.0,491000.0
1012,2021-10-11 02:59:40,35250.0,500.0,489000.0
1013,2021-10-11 02:59:31,35250.0,1200.0,488500.0
1014,2021-10-11 02:59:31,35250.0,800.0,487300.0
1015,2021-10-11 02:59:30,35200.0,100.0,486500.0
1016,2021-10-11 02:59:30,35200.0,1000.0,486400.0
1017,2021-10-11 02:59:30,35200.0,500.0,485400.0
1018,2021-10-11 02:59:30,35200.0,200.0,484900.0
1019,2021-10-11 02:59:30,35200.0,300.0,484700.0
1020,2021-10-11 02:59:30,35200.0,300.0,484400.0
1021,2021-10-11 02:59:30,35200.0,4400.0,484100.0
1022,2021-10-11 02:59:25,35200.0,2000.0,479700.0
1023,2021-10-11 02:59:24,35200.0,500.0,477700.0
1024,2021-10-11 02:59:20,35200.0,1000.0,477200.0
1025,2021-10-11 02:59:20,35200.0,1000.0,476200.0
1026,2021-10-11 02:59:19,35200.0,200.0,475200.0
1027,2021-10-11 02:59:17,35200.0,600.0,475000.0
1028,2021-10-11 02:59:16,35200.0,300.0,474400.0
1029,2021-10-11 02:59:16,35200.0,1700.0,474100.0
1030,2021-10-11 02:59:09,35150.0,900.0,472400.0
1031,2021-10-11 02:59:06,35150.0,300.0,471500.0
1032,2021-10-11 02:59:02,35150.0,100.0,471200.0
1033,2021-10-11 02:58:08,35150.0,3700.0,471100.0
1034,2021-10-11 02:58:08,35150.0,100.0,467400.0
1035,2021-10-11 02:58:08,35150.0,100.0,467300.0
1036,2021-10-11 02:58:08,35100.0,100.0,467200.0
1037,2021-10-11 02:57:38,35100.0,100.0,467100.0
1038,2021-10-11 02:57:38,35100.0,100.0,467000.0
1039,2021-10-11 02:57:38,35100.0,100.0,466900.0
1040,2021-10-11 02:57:38,35100.0,100.0,466800.0
1041,2021-10-11 02:57:38,35100.0,100.0,466700.0
1042,2021-10-11 02:57:37,35100.0,1500.0,466600.0
1043,2021-10-11 02:57:35,35050.0,100.0,465100.0
1044,2021-10-11 02:57:35,35050.0,100.0,465000.0
1045,2021-10-11 02:56:57,35100.0,200.0,464900.0
1046,2021-10-11 02:56:26,35100.0,1200.0,464700.0
1047,2021-10-11 02:55:03,35100.0,1000.0,463500.0
1048,2021-10-11 02:54:41,35000.0,200.0,462500.0
1049,2021-10-11 02:54:41,35000.0,100.0,462300.0
1050,2021-10-11 02:54:41,35000.0,300.0,462200.0
1051,2021-10-11 02:54:41,35000.0,1000.0,461900.0
1052,2021-10-11 02:54:41,35000.0,100.0,460900.0
1053,2021-10-11 02:54:41,35000.0,4500.0,460800.0
1054,2021-10-11 02:54:24,35000.0,100.0,456300.0
1055,2021-10-11 02:54:12,35000.0,200.0,456200.0
1056,2021-10-11 02:54:06,35000.0,5000.0,456000.0
1057,2021-10-11 02:54:05,35000.0,5000.0,451000.0
1058,2021-10-11 02:54:01,35000.0,8400.0,446000.0
1059,2021-10-11 02:53:18,35000.0,5000.0,437600.0
1060,2021-10-11 02:53:17,35000.0,2000.0,432600.0
1061,2021-10-11 02:53:07,35000.0,1000.0,430600.0
1062,2021-10-11 02:52:54,35000.0,100.0,429600.0
1063,2021-10-11 02:52:48,35000.0,100.0,429500.0
1064,2021-10-11 02:52:34,35000.0,200.0,429400.0
1065,2021-10-11 02:52:32,35000.0,4500.0,429200.0
1066,2021-10-11 02:52:24,35000.0,200.0,424700.0
1067,2021-10-11 02:51:56,35000.0,1300.0,424500.0
1068,2021-10-11 02:51:43,35000.0,1000.0,423200.0
1069,2021-10-11 02:51:30,34950.0,2000.0,422200.0
1070,2021-10-11 02:51:30,34950.0,700.0,420200.0
1071,2021-10-11 02:50:42,34950.0,1300.0,419500.0
1072,2021-10-11 02:50:30,35000.0,2700.0,418200.0
1073,2021-10-11 02:50:30,35000.0,300.0,415500.0
1074,2021-10-11 02:50:30,35000.0,100.0,415200.0
1075,2021-10-11 02:50:26,35000.0,300.0,415100.0
1076,2021-10-11 02:50:18,35000.0,300.0,414800.0
1077,2021-10-11 02:50:17,35000.0,500.0,414500.0
1078,2021-10-11 02:49:54,34900.0,1000.0,414000.0
1079,2021-10-11 02:49:49,35000.0,400.0,413000.0
1080,2021-10-11 02:49:09,35000.0,100.0,412600.0
1081,2021-10-11 02:49:09,35000.0,200.0,412500.0
1082,2021-10-11 02:49:09,35000.0,2800.0,412300.0
1083,2021-10-11 02:48:56,35000.0,500.0,409500.0
1084,2021-10-11 02:48:37,35000.0,1000.0,409000.0
1085,2021-10-11 02:48:15,35000.0,3700.0,408000.0
1086,2021-10-11 02:48:15,35000.0,800.0,404300.0
1087,2021-10-11 02:48:15,35000.0,400.0,403500.0
1088,2021-10-11 02:48:15,35000.0,1000.0,403100.0
1089,2021-10-11 02:48:15,35000.0,100.0,402100.0
1090,2021-10-11 02:48:15,35000.0,300.0,402000.0
1091,2021-10-11 02:48:15,35000.0,100.0,401700.0
1092,2021-10-11 02:48:15,35000.0,500.0,401600.0
1093,2021-10-11 02:48:15,35000.0,2000.0,401100.0
1094,2021-10-11 02:48:15,35000.0,1000.0,399100.0
1095,2021-10-11 02:48:15,35000.0,17400.0,398100.0
1096,2021-10-11 02:48:11,35100.0,100.0,380700.0
1097,2021-10-11 02:48:00,35000.0,12600.0,380600.0
1098,2021-10-11 02:48:00,35050.0,1000.0,368000.0
1099,2021-10-11 02:48:00,35050.0,6900.0,367000.0
1100,2021-10-11 02:48:00,35050.0,500.0,360100.0
1101,2021-10-11 02:48:00,35050.0,1000.0,359600.0
1102,2021-10-11 02:48:00,35050.0,200.0,358600.0
1103,2021-10-11 02:48:00,35050.0,200.0,358400.0
1104,2021-10-11 02:47:54,35100.0,200.0,358200.0
1105,2021-10-11 02:47:19,35100.0,10000.0,358000.0
1106,2021-10-11 02:47:16,35100.0,2400.0,348000.0
1107,2021-10-11 02:47:07,35100.0,600.0,345600.0
1108,2021-10-11 02:47:06,35100.0,200.0,345000.0
1109,2021-10-11 02:47:06,35100.0,10000.0,344800.0
1110,2021-10-11 02:47:06,35100.0,100.0,334800.0
1111,2021-10-11 02:47:06,35100.0,20000.0,334700.0
1112,2021-10-11 02:47:06,35100.0,4100.0,314700.0
1113,2021-10-11 02:46:33,35100.0,100.0,310600.0
1114,2021-10-11 02:46:02,35150.0,100.0,310500.0
1115,2021-10-11 02:45:36,35150.0,300.0,310400.0
1116,2021-10-11 02:45:32,35150.0,500.0,310100.0
1117,2021-10-11 02:45:32,35150.0,100.0,309600.0
1118,2021-10-11 02:45:32,35150.0,1400.0,309500.0
1119,2021-10-11 02:45:17,35200.0,300.0,308100.0
1120,2021-10-11 02:45:15,35200.0,400.0,307800.0
1121,2021-10-11 02:45:11,35200.0,500.0,307400.0
1122,2021-10-11 02:45:11,35200.0,10000.0,306900.0
1123,2021-10-11 02:45:11,35200.0,100.0,296900.0
1124,2021-10-11 02:45:11,35200.0,100.0,296800.0
1125,2021-10-11 02:45:11,35200.0,10000.0,296700.0
1126,2021-10-11 02:45:11,35200.0,1200.0,286700.0
1127,2021-10-11 02:44:53,35200.0,700.0,285500.0
1128,2021-10-11 02:44:43,35200.0,300.0,284800.0
1129,2021-10-11 02:44:36,35200.0,500.0,284500.0
1130,2021-10-11 02:44:19,35200.0,200.0,284000.0
1131,2021-10-11 02:43:03,35250.0,100.0,283800.0
1132,2021-10-11 02:42:51,35250.0,9100.0,283700.0
1133,2021-10-11 02:42:51,35250.0,900.0,274600.0
1134,2021-10-11 02:42:37,35200.0,2000.0,273700.0
1135,2021-10-11 02:41:58,35250.0,300.0,271700.0
1136,2021-10-11 02:41:36,35200.0,100.0,271400.0
1137,2021-10-11 02:41:36,35200.0,1000.0,271300.0
1138,2021-10-11 02:41:36,35200.0,200.0,270300.0
1139,2021-10-11 02:41:36,35200.0,3800.0,270100.0
1140,2021-10-11 02:40:57,35200.0,2200.0,266300.0
1141,2021-10-11 02:40:53,35250.0,2000.0,264100.0
1142,2021-10-11 02:40:41,35200.0,500.0,262100.0
1143,2021-10-11 02:40:17,35200.0,1000.0,261600.0
1144,2021-10-11 02:40:17,35200.0,700.0,260600.0
1145,2021-10-11 02:40:17,35200.0,600.0,259900.0
1146,2021-10-11 02:40:16,35150.0,200.0,259300.0
1147,2021-10-11 02:39:59,35150.0,400.0,259100.0
1148,2021-10-11 02:39:59,35150.0,600.0,258700.0
1149,2021-10-11 02:39:31,35150.0,200.0,258100.0
1150,2021-10-11 02:38:34,35150.0,1000.0,257900.0
1151,2021-10-11 02:37:36,35100.0,100.0,256900.0
1152,2021-10-11 02:37:25,35100.0,700.0,256800.0
1153,2021-10-11 02:37:25,35100.0,100.0,256100.0
1154,2021-10-11 02:37:25,35100.0,200.0,256000.0
1155,2021-10-11 02:37:19,35200.0,200.0,255800.0
1156,2021-10-11 02:37:14,35100.0,100.0,255600.0
1157,2021-10-11 02:37:13,35200.0,100.0,255500.0
1158,2021-10-11 02:37:03,35200.0,600.0,255400.0
1159,2021-10-11 02:37:03,35200.0,5700.0,254800.0
1160,2021-10-11 02:37:03,35200.0,1000.0,249100.0
1161,2021-10-11 02:37:03,35200.0,100.0,248100.0
1162,2021-10-11 02:37:03,35200.0,400.0,248000.0
1163,2021-10-11 02:37:03,35200.0,5000.0,247600.0
1164,2021-10-11 02:37:03,35200.0,100.0,242600.0
1165,2021-10-11 02:37:03,35200.0,100.0,242500.0
1166,2021-10-11 02:36:48,35200.0,100.0,242400.0
1167,2021-10-11 02:36:48,35200.0,100.0,242300.0
1168,2021-10-11 02:36:28,35100.0,100.0,242200.0
1169,2021-10-11 02:36:10,35100.0,1000.0,242100.0
1170,2021-10-11 02:35:33,35100.0,200.0,241100.0
1171,2021-10-11 02:35:32,35100.0,1000.0,240900.0
1172,2021-10-11 02:35:32,35100.0,100.0,239900.0
1173,2021-10-11 02:35:32,35100.0,1300.0,239800.0
1174,2021-10-11 02:34:39,35100.0,1000.0,238500.0
1175,2021-10-11 02:34:18,35050.0,300.0,237500.0
1176,2021-10-11 02:34:17,35050.0,200.0,237200.0
1177,2021-10-11 02:34:02,35050.0,1800.0,237000.0
1178,2021-10-11 02:33:42,35000.0,20000.0,235200.0
1179,2021-10-11 02:33:40,35050.0,600.0,215200.0
1180,2021-10-11 02:33:27,35050.0,300.0,214600.0
1181,2021-10-11 02:33:15,35050.0,1000.0,214300.0
1182,2021-10-11 02:33:15,35050.0,500.0,213300.0
1183,2021-10-11 02:33:15,35050.0,600.0,212800.0
1184,2021-10-11 02:32:33,35050.0,5000.0,212200.0
1185,2021-10-11 02:32:27,35100.0,700.0,207200.0
1186,2021-10-11 02:32:10,35100.0,4000.0,206500.0
1187,2021-10-11 02:32:10,35100.0,500.0,202500.0
1188,2021-10-11 02:32:10,35100.0,500.0,202000.0
1189,2021-10-11 02:31:47,35200.0,100.0,201500.0
1190,2021-10-11 02:31:46,35200.0,100.0,201400.0
1191,2021-10-11 02:31:25,35200.0,100.0,201300.0
1192,2021-10-11 02:31:25,35200.0,100.0,201200.0
1193,2021-10-11 02:31:11,35200.0,100.0,201100.0
1194,2021-10-11 02:31:05,35200.0,100.0,201000.0
1195,2021-10-11 02:31:04,35250.0,100.0,200900.0
1196,2021-10-11 02:30:42,35200.0,500.0,200800.0
1197,2021-10-11 02:30:42,35200.0,400.0,200300.0
1198,2021-10-11 02:30:42,35200.0,300.0,199900.0
1199,2021-10-11 02:30:42,35200.0,500.0,199600.0
1200,2021-10-11 02:30:31,35100.0,100.0,199100.0
1201,2021-10-11 02:30:31,35100.0,400.0,199000.0
1202,2021-10-11 02:30:16,35100.0,1000.0,198600.0
1203,2021-10-11 02:30:06,35050.0,2400.0,197600.0
1204,2021-10-11 02:30:06,35100.0,300.0,195200.0
1205,2021-10-11 02:30:06,35100.0,1000.0,194900.0
1206,2021-10-11 02:30:06,35100.0,1300.0,193900.0
1207,2021-10-11 02:29:42,35100.0,200.0,192600.0
1208,2021-10-11 02:29:42,35200.0,300.0,192400.0
1209,2021-10-11 02:29:41,35200.0,100.0,192100.0
1210,2021-10-11 02:29:33,35200.0,100.0,192000.0
1211,2021-10-11 02:29:17,35200.0,500.0,191900.0
1212,2021-10-11 02:29:08,35100.0,3000.0,191400.0
1213,2021-10-11 02:29:03,35200.0,100.0,188400.0
1214,2021-10-11 02:28:52,35200.0,400.0,188300.0
1215,2021-10-11 02:28:24,35250.0,200.0,187900.0
1216,2021-10-11 02:28:19,35250.0,100.0,187700.0
1217,2021-10-11 02:28:04,35250.0,300.0,187600.0
1218,2021-10-11 02:28:04,35250.0,900.0,187300.0
1219,2021-10-11 02:28:04,35250.0,200.0,186400.0
1220,2021-10-11 02:27:47,35300.0,100.0,186200.0
1221,2021-10-11 02:27:36,35250.0,100.0,186100.0
1222,2021-10-11 02:27:13,35250.0,200.0,186000.0
1223,2021-10-11 02:27:03,35250.0,800.0,185800.0
1224,2021-10-11 02:26:53,35250.0,1000.0,185000.0
1225,2021-10-11 02:26:53,35250.0,1000.0,184000.0
1226,2021-10-11 02:26:21,35300.0,100.0,183000.0
1227,2021-10-11 02:26:19,35300.0,300.0,182900.0
1228,2021-10-11 02:26:19,35300.0,100.0,182600.0
1229,2021-10-11 02:26:10,35200.0,2000.0,182500.0
1230,2021-10-11 02:26:04,35200.0,1000.0,180500.0
1231,2021-10-11 02:26:04,35200.0,200.0,179500.0
1232,2021-10-11 02:26:04,35200.0,1400.0,179300.0
1233,2021-10-11 02:25:53,35100.0,500.0,177900.0
1234,2021-10-11 02:25:49,34900.0,2700.0,177400.0
1235,2021-10-11 02:25:49,35050.0,300.0,174700.0
1236,2021-10-11 02:25:30,35000.0,5700.0,174400.0
1237,2021-10-11 02:25:30,35000.0,300.0,168700.0
1238,2021-10-11 02:25:30,35000.0,500.0,168400.0
1239,2021-10-11 02:25:30,35000.0,1000.0,167900.0
1240,2021-10-11 02:25:30,35000.0,100.0,166900.0
1241,2021-10-11 02:25:30,35000.0,2400.0,166800.0
1242,2021-10-11 02:25:15,35100.0,1000.0,164400.0
1243,2021-10-11 02:24:57,35200.0,100.0,163400.0
1244,2021-10-11 02:24:57,35200.0,500.0,163300.0
1245,2021-10-11 02:24:20,35300.0,2900.0,162800.0
1246,2021-10-11 02:24:18,35300.0,500.0,159900.0
1247,2021-10-11 02:24:08,35300.0,500.0,159400.0
1248,2021-10-11 02:24:05,35300.0,100.0,158900.0
1249,2021-10-11 02:24:03,35300.0,5000.0,158800.0
1250,2021-10-11 02:23:58,35300.0,100.0,153800.0
1251,2021-10-11 02:23:54,35300.0,200.0,153700.0
1252,2021-10-11 02:23:53,35300.0,100.0,153500.0
1253,2021-10-11 02:23:52,35300.0,100.0,153400.0
1254,2021-10-11 02:23:44,35400.0,200.0,153300.0
1255,2021-10-11 02:23:35,35300.0,500.0,153100.0
1256,2021-10-11 02:22:59,35400.0,1400.0,152600.0
1257,2021-10-11 02:22:59,35400.0,3600.0,151200.0
1258,2021-10-11 02:22:59,35300.0,3000.0,147600.0
1259,2021-10-11 02:22:08,35400.0,500.0,144600.0
1260,2021-10-11 02:22:08,35400.0,100.0,144100.0
1261,2021-10-11 02:22:08,35400.0,800.0,144000.0
1262,2021-10-11 02:22:05,35500.0,100.0,143200.0
1263,2021-10-11 02:21:55,35400.0,200.0,143100.0
1264,2021-10-11 02:21:51,35500.0,1100.0,142900.0
1265,2021-10-11 02:21:51,35500.0,400.0,141800.0
1266,2021-10-11 02:21:51,35500.0,2000.0,141400.0
1267,2021-10-11 02:21:51,35500.0,100.0,139400.0
1268,2021-10-11 02:21:51,35500.0,400.0,139300.0
1269,2021-10-11 02:21:51,35500.0,1000.0,138900.0
1270,2021-10-11 02:21:51,35500.0,100.0,137900.0
1271,2021-10-11 02:21:51,35500.0,1900.0,137800.0
1272,2021-10-11 02:21:51,35500.0,2000.0,135900.0
1273,2021-10-11 02:21:51,35500.0,300.0,133900.0
1274,2021-10-11 02:21:51,35500.0,3000.0,133600.0
1275,2021-10-11 02:21:51,35500.0,500.0,130600.0
1276,2021-10-11 02:21:51,35500.0,100.0,130100.0
1277,2021-10-11 02:21:51,35500.0,100.0,130000.0
1278,2021-10-11 02:21:51,35500.0,500.0,129900.0
1279,2021-10-11 02:21:51,35450.0,100.0,129400.0
1280,2021-10-11 02:21:51,35450.0,500.0,129300.0
1281,2021-10-11 02:21:51,35450.0,5000.0,128800.0
1282,2021-10-11 02:21:51,35450.0,100.0,123800.0
1283,2021-10-11 02:21:51,35450.0,100.0,123700.0
1284,2021-10-11 02:21:51,35450.0,500.0,123600.0
1285,2021-10-11 02:21:51,35450.0,5000.0,123100.0
1286,2021-10-11 02:21:51,35450.0,1300.0,118100.0
1287,2021-10-11 02:21:51,35400.0,500.0,116800.0
1288,2021-10-11 02:21:51,35400.0,1800.0,116300.0
1289,2021-10-11 02:21:51,35400.0,500.0,114500.0
1290,2021-10-11 02:21:51,35400.0,500.0,114000.0
1291,2021-10-11 02:21:51,35400.0,200.0,113500.0
1292,2021-10-11 02:21:51,35400.0,400.0,113300.0
1293,2021-10-11 02:21:40,35400.0,600.0,112900.0
1294,2021-10-11 02:21:40,35400.0,4000.0,112300.0
1295,2021-10-11 02:21:36,35400.0,100.0,108300.0
1296,2021-10-11 02:21:36,35400.0,300.0,108200.0
1297,2021-10-11 02:21:30,35400.0,200.0,107900.0
1298,2021-10-11 02:21:29,35400.0,100.0,107700.0
1299,2021-10-11 02:21:20,35400.0,600.0,107600.0
1300,2021-10-11 02:21:17,35450.0,1700.0,107000.0
1301,2021-10-11 02:21:17,35450.0,100.0,105300.0
1302,2021-10-11 02:21:14,35400.0,200.0,105200.0
1303,2021-10-11 02:21:14,35400.0,300.0,105000.0
1304,2021-10-11 02:21:11,35400.0,2000.0,104700.0
1305,2021-10-11 02:20:59,35400.0,200.0,102700.0
1306,2021-10-11 02:20:56,35400.0,200.0,102500.0
1307,2021-10-11 02:20:54,35400.0,100.0,102300.0
1308,2021-10-11 02:20:50,35400.0,1000.0,102200.0
1309,2021-10-11 02:20:47,35400.0,100.0,101200.0
1310,2021-10-11 02:20:47,35400.0,500.0,101100.0
1311,2021-10-11 02:20:47,35400.0,200.0,100600.0
1312,2021-10-11 02:20:47,35400.0,400.0,100400.0
1313,2021-10-11 02:20:32,35400.0,200.0,100000.0
1314,2021-10-11 02:20:28,35400.0,500.0,99800.0
1315,2021-10-11 02:20:24,35300.0,900.0,99300.0
1316,2021-10-11 02:20:24,35350.0,100.0,98400.0
1317,2021-10-11 02:20:23,35400.0,100.0,98300.0
1318,2021-10-11 02:20:17,35400.0,18800.0,98200.0
1319,2021-10-11 02:20:01,35400.0,1000.0,79400.0
1320,2021-10-11 02:20:01,35400.0,200.0,78400.0
1321,2021-10-11 02:19:58,35300.0,300.0,78200.0
1322,2021-10-11 02:19:58,35300.0,700.0,77900.0
1323,2021-10-11 02:19:56,35400.0,500.0,77200.0
1324,2021-10-11 02:19:56,35400.0,4000.0,76700.0
1325,2021-10-11 02:19:56,35400.0,500.0,72700.0
1326,2021-10-11 02:19:56,35400.0,5000.0,72200.0
1327,2021-10-11 02:19:56,35400.0,10000.0,67200.0
1328,2021-10-11 02:19:35,35300.0,500.0,57200.0
1329,2021-10-11 02:19:21,35400.0,100.0,56700.0
1330,2021-10-11 02:19:05,35300.0,200.0,56600.0
1331,2021-10-11 02:19:05,35300.0,100.0,56400.0
1332,2021-10-11 02:19:05,35300.0,100.0,56300.0
1333,2021-10-11 02:19:05,35300.0,100.0,56200.0
1334,2021-10-11 02:19:05,35300.0,900.0,56100.0
1335,2021-10-11 02:19:05,35300.0,100.0,55200.0
1336,2021-10-11 02:19:05,35300.0,900.0,55100.0
1337,2021-10-11 02:19:05,35300.0,1400.0,54200.0
1338,2021-10-11 02:18:54,35300.0,600.0,52800.0
1339,2021-10-11 02:18:52,35300.0,3000.0,52200.0
1340,2021-10-11 02:18:25,35300.0,100.0,49200.0
1341,2021-10-11 02:18:25,35300.0,200.0,49100.0
1342,2021-10-11 02:18:25,35300.0,400.0,48900.0
1343,2021-10-11 02:18:25,35300.0,500.0,48500.0
1344,2021-10-11 02:18:25,35300.0,2900.0,48000.0
1345,2021-10-11 02:18:19,35200.0,300.0,45100.0
1346,2021-10-11 02:18:13,35200.0,100.0,44800.0
1347,2021-10-11 02:18:13,35200.0,400.0,44700.0
1348,2021-10-11 02:18:13,35200.0,1600.0,44300.0
1349,2021-10-11 02:17:59,35300.0,100.0,42700.0
1350,2021-10-11 02:17:59,35250.0,100.0,42600.0
1351,2021-10-11 02:17:56,35200.0,200.0,42500.0
1352,2021-10-11 02:17:56,35200.0,500.0,42300.0
1353,2021-10-11 02:17:46,35200.0,100.0,41800.0
1354,2021-10-11 02:17:45,35200.0,200.0,41700.0
1355,2021-10-11 02:17:41,35300.0,500.0,41500.0
1356,2021-10-11 02:17:18,35200.0,200.0,41000.0
1357,2021-10-11 02:17:18,35200.0,2000.0,40800.0
1358,2021-10-11 02:17:18,35200.0,100.0,38800.0
1359,2021-10-11 02:17:18,35200.0,100.0,38700.0
1360,2021-10-11 02:17:16,35200.0,400.0,38600.0
1361,2021-10-11 02:17:08,35100.0,3000.0,38200.0
1362,2021-10-11 02:17:01,35100.0,1000.0,35200.0
1363,2021-10-11 02:15:58,35000.0,400.0,34200.0
1364,2021-10-11 02:15:45,35000.0,1000.0,33800.0
1365,2021-10-11 02:15:44,35000.0,100.0,32800.0
1366,2021-10-11 02:15:44,35000.0,300.0,32700.0
1367,2021-10-11 02:15:44,35000.0,500.0,32400.0
1368,2021-10-11 02:15:44,35000.0,3000.0,31900.0
1369,2021-10-11 02:15:44,35000.0,500.0,28900.0
1370,2021-10-11 02:15:44,35000.0,300.0,28400.0
1371,2021-10-11 02:15:44,35000.0,300.0,28100.0
1372,2021-10-11 02:15:44,35000.0,100.0,27800.0
1373,2021-10-11 02:15:44,35000.0,100.0,27700.0
1374,2021-10-11 02:15:44,35000.0,800.0,27600.0
1375,2021-10-11 02:15:44,34950.0,200.0,26800.0
1376,2021-10-11 02:15:32,34900.0,1000.0,26600.0
1377,2021-10-11 02:15:00,34900.0,800.0,25600.0
1378,2021-10-11 02:15:00,34900.0,1000.0,24800.0
1379,2021-10-11 02:15:00,34900.0,200.0,23800.0
1380,2021-10-11 02:15:00,34900.0,1000.0,23600.0
1381,2021-10-11 02:15:00,34900.0,500.0,22600.0
1382,2021-10-11 02:15:00,34900.0,200.0,22100.0
1383,2021-10-11 02:15:00,34900.0,300.0,21900.0
1384,2021-10-11 02:15:00,34900.0,2000.0,21600.0
1385,2021-10-11 02:15:00,34900.0,3000.0,19600.0
1386,2021-10-11 02:15:00,34900.0,300.0,16600.0
1387,2021-10-11 02:15:00,34900.0,2000.0,16300.0
1388,2021-10-11 02:15:00,34900.0,200.0,14300.0
1389,2021-10-11 02:15:00,34900.0,300.0,14100.0
1390,2021-10-11 02:15:00,34900.0,200.0,13800.0
1391,2021-10-11 02:15:00,34900.0,1000.0,13600.0
1392,2021-10-11 02:15:00,34900.0,3500.0,12600.0
1393,2021-10-11 02:15:00,34900.0,1500.0,9100.0
1394,2021-10-11 02:15:00,34900.0,1000.0,7600.0
1395,2021-10-11 02:15:00,34900.0,4000.0,6600.0
1396,2021-10-11 02:15:00,34900.0,1000.0,2600.0
1397,2021-10-11 02:15:00,34900.0,100.0,1600.0
1398,2021-10-11 02:15:00,34900.0,900.0,1500.0
1399,2021-10-11 02:15:00,34900.0,100.0,600.0
1400,2021-10-11 02:15:00,34900.0,200.0,500.0
1401,2021-10-11 02:15:00,34900.0,200.0,300.0
1402,2021-10-11 02:15:00,34900.0,100.0,100.0
