,Time,Price,Volume_per_trade,Volume
0,2021-10-17 07:45:01,36700.0,400.0,1249900.0
1,2021-10-17 07:45:01,36700.0,1000.0,1249500.0
2,2021-10-17 07:45:01,36700.0,300.0,1248500.0
3,2021-10-17 07:45:01,36700.0,500.0,1248200.0
4,2021-10-17 07:45:01,36700.0,100.0,1247700.0
5,2021-10-17 07:45:01,36700.0,100.0,1247600.0
6,2021-10-17 07:45:01,36700.0,300.0,1247500.0
7,2021-10-17 07:45:01,36700.0,1000.0,1247200.0
8,2021-10-17 07:45:01,36700.0,300.0,1246200.0
9,2021-10-17 07:45:01,36700.0,100.0,1245900.0
10,2021-10-17 07:45:01,36700.0,100.0,1245800.0
11,2021-10-17 07:45:01,36700.0,100.0,1245700.0
12,2021-10-17 07:45:01,36700.0,100.0,1245600.0
13,2021-10-17 07:45:01,36700.0,200.0,1245500.0
14,2021-10-17 07:45:01,36700.0,3900.0,1245300.0
15,2021-10-17 07:45:01,36700.0,6100.0,1241400.0
16,2021-10-17 07:45:01,36700.0,1000.0,1235300.0
17,2021-10-17 07:45:01,36700.0,3000.0,1234300.0
18,2021-10-17 07:45:01,36700.0,200.0,1231300.0
19,2021-10-17 07:45:01,36700.0,1000.0,1231100.0
20,2021-10-17 07:45:01,36700.0,100.0,1230100.0
21,2021-10-17 07:45:01,36700.0,200.0,1230000.0
22,2021-10-17 07:45:01,36700.0,500.0,1229800.0
23,2021-10-17 07:45:01,36700.0,1200.0,1229300.0
24,2021-10-17 07:45:01,36700.0,5000.0,1228100.0
25,2021-10-17 07:45:01,36700.0,4000.0,1223100.0
26,2021-10-17 07:45:01,36700.0,100.0,1219100.0
27,2021-10-17 07:45:01,36700.0,100.0,1219000.0
28,2021-10-17 07:45:01,36700.0,700.0,1218900.0
29,2021-10-17 07:45:01,36700.0,6000.0,1218200.0
30,2021-10-17 07:45:01,36700.0,100.0,1212200.0
31,2021-10-17 07:45:01,36700.0,100.0,1212100.0
32,2021-10-17 07:45:01,36700.0,4500.0,1212000.0
33,2021-10-17 07:45:01,36700.0,200.0,1207500.0
34,2021-10-17 07:45:01,36700.0,500.0,1207300.0
35,2021-10-17 07:45:01,36700.0,2000.0,1206800.0
36,2021-10-17 07:45:01,36700.0,1300.0,1204800.0
37,2021-10-17 07:45:01,36700.0,100.0,1203500.0
38,2021-10-17 07:45:01,36700.0,2000.0,1203400.0
39,2021-10-17 07:45:01,36700.0,100.0,1201400.0
40,2021-10-17 07:45:01,36700.0,1000.0,1201300.0
41,2021-10-17 07:45:01,36700.0,1900.0,1200300.0
42,2021-10-17 07:45:01,36700.0,100.0,1198400.0
43,2021-10-17 07:45:01,36700.0,2000.0,1198300.0
44,2021-10-17 07:45:01,36700.0,1000.0,1196300.0
45,2021-10-17 07:45:01,36700.0,1000.0,1195300.0
46,2021-10-17 07:45:01,36700.0,100.0,1194300.0
47,2021-10-17 07:45:01,36700.0,1100.0,1194200.0
48,2021-10-17 07:45:01,36700.0,1000.0,1193100.0
49,2021-10-17 07:45:01,36700.0,800.0,1192100.0
50,2021-10-17 07:45:01,36700.0,100.0,1191300.0
51,2021-10-17 07:45:01,36700.0,2000.0,1191200.0
52,2021-10-17 07:45:01,36700.0,100.0,1189200.0
53,2021-10-17 07:45:01,36700.0,100.0,1189100.0
54,2021-10-17 07:29:53,36450.0,100.0,1189000.0
55,2021-10-17 07:29:53,36450.0,1400.0,1188900.0
56,2021-10-17 07:29:33,36450.0,100.0,1187500.0
57,2021-10-17 07:29:32,36400.0,200.0,1187400.0
58,2021-10-17 07:29:32,36400.0,3000.0,1187200.0
59,2021-10-17 07:29:32,36400.0,100.0,1184200.0
60,2021-10-17 07:29:32,36400.0,1900.0,1184100.0
61,2021-10-17 07:29:10,36400.0,1200.0,1182200.0
62,2021-10-17 07:29:10,36300.0,3800.0,1181000.0
63,2021-10-17 07:29:09,36300.0,1500.0,1177200.0
64,2021-10-17 07:28:56,36300.0,400.0,1175700.0
65,2021-10-17 07:28:56,36300.0,200.0,1175300.0
66,2021-10-17 07:28:56,36300.0,1000.0,1175100.0
67,2021-10-17 07:28:56,36300.0,500.0,1174100.0
68,2021-10-17 07:28:56,36300.0,400.0,1173600.0
69,2021-10-17 07:28:56,36300.0,900.0,1173200.0
70,2021-10-17 07:28:56,36100.0,100.0,1172300.0
71,2021-10-17 07:28:56,36100.0,300.0,1172200.0
72,2021-10-17 07:28:56,36100.0,200.0,1171900.0
73,2021-10-17 07:28:47,36100.0,100.0,1171700.0
74,2021-10-17 07:28:42,36100.0,700.0,1171600.0
75,2021-10-17 07:28:41,36100.0,3600.0,1170900.0
76,2021-10-17 07:28:41,36100.0,7700.0,1167300.0
77,2021-10-17 07:28:34,36100.0,300.0,1159600.0
78,2021-10-17 07:28:29,36100.0,1000.0,1159300.0
79,2021-10-17 07:28:18,36000.0,1600.0,1158300.0
80,2021-10-17 07:28:18,36000.0,200.0,1156700.0
81,2021-10-17 07:28:18,36000.0,1000.0,1156500.0
82,2021-10-17 07:28:18,36000.0,200.0,1155500.0
83,2021-10-17 07:28:18,36000.0,1000.0,1155300.0
84,2021-10-17 07:28:18,36000.0,200.0,1154300.0
85,2021-10-17 07:28:18,36000.0,500.0,1154100.0
86,2021-10-17 07:28:18,36000.0,200.0,1153600.0
87,2021-10-17 07:28:18,36000.0,100.0,1153400.0
88,2021-10-17 07:28:18,36000.0,5000.0,1153300.0
89,2021-10-17 07:28:18,36000.0,300.0,1148300.0
90,2021-10-17 07:28:18,36000.0,1000.0,1148000.0
91,2021-10-17 07:28:18,36000.0,3000.0,1147000.0
92,2021-10-17 07:28:18,36000.0,3000.0,1144000.0
93,2021-10-17 07:28:18,36000.0,500.0,1141000.0
94,2021-10-17 07:28:18,36000.0,500.0,1140500.0
95,2021-10-17 07:28:18,36000.0,200.0,1140000.0
96,2021-10-17 07:28:18,36000.0,500.0,1139800.0
97,2021-10-17 07:28:18,36000.0,100.0,1139300.0
98,2021-10-17 07:28:18,36000.0,100.0,1139200.0
99,2021-10-17 07:28:18,36000.0,2000.0,1139100.0
100,2021-10-17 07:28:18,36000.0,200.0,1137100.0
101,2021-10-17 07:28:18,36000.0,100.0,1136900.0
102,2021-10-17 07:28:18,36000.0,200.0,1136800.0
103,2021-10-17 07:28:18,36000.0,100.0,1136600.0
104,2021-10-17 07:28:18,36000.0,300.0,1136500.0
105,2021-10-17 07:28:18,36000.0,100.0,1136200.0
106,2021-10-17 07:28:18,36000.0,100.0,1136100.0
107,2021-10-17 07:28:18,36000.0,100.0,1136000.0
108,2021-10-17 07:28:18,36000.0,100.0,1135900.0
109,2021-10-17 07:28:18,36000.0,10000.0,1135800.0
110,2021-10-17 07:28:18,36000.0,100.0,1125800.0
111,2021-10-17 07:28:18,36000.0,100.0,1125700.0
112,2021-10-17 07:28:18,36000.0,100.0,1125600.0
113,2021-10-17 07:28:18,36000.0,400.0,1125500.0
114,2021-10-17 07:28:18,36000.0,300.0,1125100.0
115,2021-10-17 07:28:18,36000.0,500.0,1124800.0
116,2021-10-17 07:28:18,36000.0,100.0,1124300.0
117,2021-10-17 07:28:18,36000.0,100.0,1124200.0
118,2021-10-17 07:28:18,36000.0,200.0,1124100.0
119,2021-10-17 07:28:18,36000.0,100.0,1123900.0
120,2021-10-17 07:28:18,36000.0,500.0,1123800.0
121,2021-10-17 07:28:18,36000.0,100.0,1123300.0
122,2021-10-17 07:28:18,36000.0,1000.0,1123200.0
123,2021-10-17 07:28:18,36000.0,1000.0,1122200.0
124,2021-10-17 07:28:18,36000.0,100.0,1121200.0
125,2021-10-17 07:28:18,36000.0,200.0,1121100.0
126,2021-10-17 07:28:18,36000.0,10000.0,1120900.0
127,2021-10-17 07:28:18,36000.0,10000.0,1110900.0
128,2021-10-17 07:28:18,36050.0,300.0,1100900.0
129,2021-10-17 07:28:18,36050.0,200.0,1100600.0
130,2021-10-17 07:28:18,36050.0,100.0,1100400.0
131,2021-10-17 07:28:18,36050.0,200.0,1100300.0
132,2021-10-17 07:28:18,36050.0,1000.0,1100100.0
133,2021-10-17 07:28:18,36050.0,200.0,1099100.0
134,2021-10-17 07:28:18,36050.0,100.0,1098900.0
135,2021-10-17 07:28:18,36050.0,100.0,1098800.0
136,2021-10-17 07:28:18,36050.0,3000.0,1098700.0
137,2021-10-17 07:28:18,36050.0,100.0,1095700.0
138,2021-10-17 07:28:18,36050.0,10000.0,1095600.0
139,2021-10-17 07:28:18,36050.0,100.0,1085600.0
140,2021-10-17 07:28:18,36050.0,5000.0,1085500.0
141,2021-10-17 07:28:18,36050.0,600.0,1080500.0
142,2021-10-17 07:28:18,36050.0,100.0,1079900.0
143,2021-10-17 07:28:18,36050.0,100.0,1079800.0
144,2021-10-17 07:28:18,36050.0,2000.0,1079700.0
145,2021-10-17 07:28:18,36100.0,500.0,1077700.0
146,2021-10-17 07:28:18,36100.0,800.0,1077200.0
147,2021-10-17 07:28:18,36100.0,100.0,1076400.0
148,2021-10-17 07:28:18,36100.0,100.0,1076300.0
149,2021-10-17 07:28:18,36100.0,100.0,1076200.0
150,2021-10-17 07:28:18,36100.0,100.0,1076100.0
151,2021-10-17 07:28:18,36100.0,1000.0,1076000.0
152,2021-10-17 07:28:18,36100.0,100.0,1075000.0
153,2021-10-17 07:28:18,36100.0,100.0,1074900.0
154,2021-10-17 07:28:18,36100.0,200.0,1074800.0
155,2021-10-17 07:28:18,36100.0,100.0,1074600.0
156,2021-10-17 07:28:18,36100.0,300.0,1074500.0
157,2021-10-17 07:28:18,36100.0,2000.0,1074200.0
158,2021-10-17 07:28:18,36100.0,500.0,1072200.0
159,2021-10-17 07:28:18,36100.0,2000.0,1071700.0
160,2021-10-17 07:28:18,36250.0,1400.0,1069700.0
161,2021-10-17 07:28:17,36300.0,100.0,1068300.0
162,2021-10-17 07:28:06,36100.0,3000.0,1068200.0
163,2021-10-17 07:28:06,36100.0,1600.0,1065200.0
164,2021-10-17 07:28:06,36250.0,400.0,1063600.0
165,2021-10-17 07:28:05,36250.0,100.0,1063200.0
166,2021-10-17 07:27:23,36100.0,2000.0,1063100.0
167,2021-10-17 07:27:12,36250.0,100.0,1061100.0
168,2021-10-17 07:27:12,36250.0,400.0,1061000.0
169,2021-10-17 07:26:50,36300.0,100.0,1060600.0
170,2021-10-17 07:26:44,36250.0,100.0,1060500.0
171,2021-10-17 07:26:39,36300.0,100.0,1060400.0
172,2021-10-17 07:25:53,36100.0,1400.0,1060300.0
173,2021-10-17 07:25:53,36100.0,200.0,1058900.0
174,2021-10-17 07:25:53,36100.0,200.0,1058700.0
175,2021-10-17 07:25:53,36100.0,200.0,1058500.0
176,2021-10-17 07:25:53,36100.0,400.0,1058300.0
177,2021-10-17 07:25:53,36100.0,500.0,1057900.0
178,2021-10-17 07:25:53,36100.0,400.0,1057400.0
179,2021-10-17 07:25:53,36150.0,2000.0,1057000.0
180,2021-10-17 07:25:53,36150.0,5000.0,1055000.0
181,2021-10-17 07:25:53,36150.0,200.0,1050000.0
182,2021-10-17 07:25:53,36150.0,500.0,1049800.0
183,2021-10-17 07:25:53,36150.0,200.0,1049300.0
184,2021-10-17 07:25:53,36150.0,500.0,1049100.0
185,2021-10-17 07:25:53,36200.0,1600.0,1048600.0
186,2021-10-17 07:25:19,36200.0,200.0,1047000.0
187,2021-10-17 07:25:10,36200.0,400.0,1046800.0
188,2021-10-17 07:25:10,36200.0,900.0,1046400.0
189,2021-10-17 07:25:08,36200.0,2000.0,1045500.0
190,2021-10-17 07:25:08,36200.0,100.0,1043500.0
191,2021-10-17 07:25:08,36200.0,1400.0,1043400.0
192,2021-10-17 07:25:08,36250.0,600.0,1042000.0
193,2021-10-17 07:25:05,36250.0,400.0,1041400.0
194,2021-10-17 07:25:00,36200.0,500.0,1041000.0
195,2021-10-17 07:25:00,36200.0,500.0,1040500.0
196,2021-10-17 07:24:09,36200.0,700.0,1040000.0
197,2021-10-17 07:24:09,36200.0,200.0,1039300.0
198,2021-10-17 07:24:09,36200.0,100.0,1039100.0
199,2021-10-17 07:24:09,36200.0,200.0,1039000.0
200,2021-10-17 07:24:09,36200.0,1800.0,1038800.0
201,2021-10-17 07:24:09,36200.0,1000.0,1037000.0
202,2021-10-17 07:24:09,36200.0,300.0,1036000.0
203,2021-10-17 07:24:09,36200.0,700.0,1035700.0
204,2021-10-17 07:23:38,36300.0,100.0,1035000.0
205,2021-10-17 07:23:33,36300.0,3000.0,1034900.0
206,2021-10-17 07:22:58,36300.0,100.0,1031900.0
207,2021-10-17 07:22:52,36200.0,1000.0,1031800.0
208,2021-10-17 07:22:41,36200.0,300.0,1030800.0
209,2021-10-17 07:22:41,36200.0,200.0,1030500.0
210,2021-10-17 07:22:41,36200.0,500.0,1030300.0
211,2021-10-17 07:22:29,36300.0,100.0,1029800.0
212,2021-10-17 07:21:40,36300.0,100.0,1029700.0
213,2021-10-17 07:21:40,36300.0,400.0,1029600.0
214,2021-10-17 07:21:17,36300.0,1600.0,1029200.0
215,2021-10-17 07:21:17,36300.0,200.0,1027600.0
216,2021-10-17 07:21:17,36300.0,500.0,1027400.0
217,2021-10-17 07:21:09,36350.0,900.0,1026900.0
218,2021-10-17 07:20:13,36350.0,100.0,1026000.0
219,2021-10-17 07:20:13,36350.0,100.0,1025900.0
220,2021-10-17 07:20:08,36400.0,200.0,1025800.0
221,2021-10-17 07:20:01,36400.0,100.0,1025600.0
222,2021-10-17 07:19:42,36350.0,1900.0,1025500.0
223,2021-10-17 07:19:42,36350.0,100.0,1023600.0
224,2021-10-17 07:18:47,36350.0,400.0,1023500.0
225,2021-10-17 07:18:47,36350.0,300.0,1023100.0
226,2021-10-17 07:18:15,36400.0,100.0,1022800.0
227,2021-10-17 07:18:06,36400.0,100.0,1022700.0
228,2021-10-17 07:18:06,36400.0,4000.0,1022600.0
229,2021-10-17 07:18:06,36400.0,100.0,1018600.0
230,2021-10-17 07:18:06,36400.0,2300.0,1018500.0
231,2021-10-17 07:17:00,36500.0,3900.0,1016200.0
232,2021-10-17 07:17:00,36500.0,1000.0,1012300.0
233,2021-10-17 07:17:00,36500.0,100.0,1011300.0
234,2021-10-17 07:16:17,36500.0,100.0,1011200.0
235,2021-10-17 07:16:11,36400.0,17700.0,1011100.0
236,2021-10-17 07:16:11,36400.0,1200.0,993400.0
237,2021-10-17 07:16:11,36450.0,100.0,992200.0
238,2021-10-17 07:16:11,36450.0,1000.0,992100.0
239,2021-10-17 07:16:03,36500.0,500.0,991100.0
240,2021-10-17 07:16:03,36500.0,100.0,990600.0
241,2021-10-17 07:16:03,36500.0,200.0,990500.0
242,2021-10-17 07:15:41,36600.0,2300.0,990300.0
243,2021-10-17 07:15:41,36600.0,1000.0,988000.0
244,2021-10-17 07:15:41,36600.0,200.0,987000.0
245,2021-10-17 07:15:41,36600.0,100.0,986800.0
246,2021-10-17 07:15:41,36600.0,100.0,986700.0
247,2021-10-17 07:15:41,36600.0,1300.0,986600.0
248,2021-10-17 07:15:22,36500.0,1800.0,985300.0
249,2021-10-17 07:14:47,36500.0,100.0,983500.0
250,2021-10-17 07:14:47,36500.0,200.0,983400.0
251,2021-10-17 07:14:37,36600.0,100.0,983200.0
252,2021-10-17 07:14:27,36500.0,200.0,983100.0
253,2021-10-17 07:14:27,36500.0,1800.0,982900.0
254,2021-10-17 07:12:41,36600.0,100.0,981100.0
255,2021-10-17 07:12:31,36600.0,100.0,981000.0
256,2021-10-17 07:12:31,36600.0,400.0,980900.0
257,2021-10-17 07:11:42,36700.0,100.0,980500.0
258,2021-10-17 07:11:32,36700.0,800.0,980400.0
259,2021-10-17 07:11:32,36700.0,100.0,979600.0
260,2021-10-17 07:11:32,36700.0,100.0,979500.0
261,2021-10-17 07:10:43,36700.0,100.0,979400.0
262,2021-10-17 07:10:19,36600.0,100.0,979300.0
263,2021-10-17 07:10:16,36600.0,100.0,979200.0
264,2021-10-17 07:09:20,36700.0,2200.0,979100.0
265,2021-10-17 07:09:20,36700.0,2800.0,976900.0
266,2021-10-17 07:09:05,36700.0,100.0,974100.0
267,2021-10-17 07:09:05,36700.0,100.0,974000.0
268,2021-10-17 07:08:55,36750.0,100.0,973900.0
269,2021-10-17 07:08:50,36700.0,400.0,973800.0
270,2021-10-17 07:08:50,36700.0,100.0,973400.0
271,2021-10-17 07:08:50,36700.0,9400.0,973300.0
272,2021-10-17 07:08:08,36650.0,100.0,963900.0
273,2021-10-17 07:07:59,36750.0,200.0,963800.0
274,2021-10-17 07:07:59,36750.0,300.0,963600.0
275,2021-10-17 07:07:36,36750.0,100.0,963300.0
276,2021-10-17 07:07:36,36650.0,300.0,963200.0
277,2021-10-17 07:07:32,36750.0,100.0,962900.0
278,2021-10-17 07:07:03,36800.0,1000.0,962800.0
279,2021-10-17 07:06:13,36800.0,100.0,961800.0
280,2021-10-17 07:06:02,36800.0,1800.0,961700.0
281,2021-10-17 07:06:02,36850.0,100.0,959900.0
282,2021-10-17 07:06:02,36850.0,1400.0,959800.0
283,2021-10-17 07:05:57,36850.0,100.0,958400.0
284,2021-10-17 07:05:49,36850.0,100.0,958300.0
285,2021-10-17 07:05:48,36850.0,300.0,958200.0
286,2021-10-17 07:05:43,36850.0,300.0,957900.0
287,2021-10-17 07:05:40,36850.0,100.0,957600.0
288,2021-10-17 07:05:39,36900.0,1000.0,957500.0
289,2021-10-17 07:05:31,36850.0,200.0,956500.0
290,2021-10-17 07:05:18,36850.0,100.0,956300.0
291,2021-10-17 07:05:18,36850.0,2000.0,956200.0
292,2021-10-17 07:05:18,36850.0,100.0,954200.0
293,2021-10-17 07:05:18,36850.0,100.0,954100.0
294,2021-10-17 07:05:18,36850.0,100.0,954000.0
295,2021-10-17 07:05:18,36850.0,5100.0,953900.0
296,2021-10-17 07:05:11,36800.0,200.0,948800.0
297,2021-10-17 07:04:59,36800.0,100.0,948600.0
298,2021-10-17 07:04:59,36800.0,1000.0,948500.0
299,2021-10-17 07:04:59,36800.0,3900.0,947500.0
300,2021-10-17 07:04:56,36800.0,100.0,943600.0
301,2021-10-17 07:04:56,36800.0,1000.0,943500.0
302,2021-10-17 07:04:22,36850.0,4200.0,942500.0
303,2021-10-17 07:04:22,36850.0,100.0,938300.0
304,2021-10-17 07:04:22,36800.0,100.0,938200.0
305,2021-10-17 07:04:22,36800.0,600.0,938100.0
306,2021-10-17 07:04:09,36800.0,400.0,937500.0
307,2021-10-17 07:04:04,36800.0,1200.0,937100.0
308,2021-10-17 07:04:04,36800.0,100.0,935900.0
309,2021-10-17 07:04:04,36800.0,1200.0,935800.0
310,2021-10-17 07:04:04,36800.0,100.0,934600.0
311,2021-10-17 07:03:35,36800.0,300.0,934500.0
312,2021-10-17 07:03:35,36800.0,100.0,934200.0
313,2021-10-17 07:03:35,36800.0,1000.0,934100.0
314,2021-10-17 07:03:35,36800.0,100.0,933100.0
315,2021-10-17 07:03:35,36800.0,100.0,933000.0
316,2021-10-17 07:03:35,36800.0,1000.0,932900.0
317,2021-10-17 07:03:35,36800.0,100.0,931900.0
318,2021-10-17 07:03:35,36800.0,100.0,931800.0
319,2021-10-17 07:03:35,36800.0,100.0,931700.0
320,2021-10-17 07:03:35,36800.0,100.0,931600.0
321,2021-10-17 07:03:35,36800.0,300.0,931500.0
322,2021-10-17 07:03:35,36800.0,1000.0,931200.0
323,2021-10-17 07:03:35,36800.0,1000.0,930200.0
324,2021-10-17 07:03:35,36800.0,2000.0,929200.0
325,2021-10-17 07:03:35,36800.0,200.0,927200.0
326,2021-10-17 07:03:35,36800.0,800.0,927000.0
327,2021-10-17 07:03:35,36750.0,100.0,926200.0
328,2021-10-17 07:03:35,36700.0,1600.0,926100.0
329,2021-10-17 07:03:34,36700.0,100.0,924500.0
330,2021-10-17 07:03:34,36700.0,1600.0,924400.0
331,2021-10-17 07:03:15,36750.0,100.0,922800.0
332,2021-10-17 07:03:08,36800.0,5000.0,922700.0
333,2021-10-17 07:03:06,36750.0,100.0,917700.0
334,2021-10-17 07:03:06,36750.0,100.0,917600.0
335,2021-10-17 07:03:06,36750.0,100.0,917500.0
336,2021-10-17 07:02:39,36750.0,300.0,917400.0
337,2021-10-17 07:02:33,36800.0,200.0,917100.0
338,2021-10-17 07:02:33,36800.0,1000.0,916900.0
339,2021-10-17 07:02:33,36800.0,200.0,915900.0
340,2021-10-17 07:02:33,36800.0,100.0,915700.0
341,2021-10-17 07:02:33,36800.0,500.0,915600.0
342,2021-10-17 07:02:22,36800.0,500.0,915100.0
343,2021-10-17 07:02:22,36800.0,100.0,914600.0
344,2021-10-17 07:02:22,36800.0,400.0,914500.0
345,2021-10-17 07:02:18,36750.0,1000.0,914100.0
346,2021-10-17 07:02:04,36750.0,500.0,913100.0
347,2021-10-17 07:02:04,36750.0,1000.0,912600.0
348,2021-10-17 07:01:50,36700.0,100.0,911600.0
349,2021-10-17 07:01:50,36700.0,500.0,911500.0
350,2021-10-17 07:01:50,36700.0,100.0,911000.0
351,2021-10-17 07:01:50,36700.0,100.0,910900.0
352,2021-10-17 07:01:50,36700.0,200.0,910800.0
353,2021-10-17 07:01:50,36700.0,2000.0,910600.0
354,2021-10-17 07:01:50,36700.0,500.0,908600.0
355,2021-10-17 07:01:43,36700.0,500.0,908100.0
356,2021-10-17 07:01:43,36700.0,400.0,907600.0
357,2021-10-17 07:01:43,36700.0,200.0,907200.0
358,2021-10-17 07:01:43,36700.0,100.0,907000.0
359,2021-10-17 07:01:43,36700.0,100.0,906900.0
360,2021-10-17 07:01:43,36700.0,1700.0,906800.0
361,2021-10-17 07:01:19,36700.0,500.0,905100.0
362,2021-10-17 07:01:19,36700.0,2400.0,904600.0
363,2021-10-17 07:01:19,36700.0,1200.0,902200.0
364,2021-10-17 07:01:19,36700.0,900.0,901000.0
365,2021-10-17 07:00:54,36700.0,1000.0,900100.0
366,2021-10-17 07:00:51,36700.0,600.0,899100.0
367,2021-10-17 07:00:51,36700.0,400.0,898500.0
368,2021-10-17 07:00:41,36700.0,500.0,898100.0
369,2021-10-17 07:00:41,36700.0,300.0,897600.0
370,2021-10-17 07:00:41,36700.0,2000.0,897300.0
371,2021-10-17 07:00:41,36700.0,200.0,895300.0
372,2021-10-17 07:00:41,36700.0,100.0,895100.0
373,2021-10-17 07:00:41,36700.0,100.0,895000.0
374,2021-10-17 07:00:41,36700.0,1000.0,894900.0
375,2021-10-17 07:00:41,36700.0,200.0,893900.0
376,2021-10-17 07:00:41,36700.0,300.0,893700.0
377,2021-10-17 07:00:41,36700.0,200.0,893400.0
378,2021-10-17 07:00:41,36700.0,100.0,893200.0
379,2021-10-17 07:00:33,36700.0,300.0,893100.0
380,2021-10-17 07:00:33,36700.0,300.0,892800.0
381,2021-10-17 07:00:33,36700.0,100.0,892500.0
382,2021-10-17 07:00:33,36700.0,300.0,892400.0
383,2021-10-17 07:00:15,36650.0,100.0,892100.0
384,2021-10-17 07:00:15,36650.0,200.0,892000.0
385,2021-10-17 07:00:09,36650.0,100.0,891800.0
386,2021-10-17 07:00:09,36650.0,6100.0,891700.0
387,2021-10-17 07:00:09,36650.0,100.0,885600.0
388,2021-10-17 07:00:09,36650.0,5000.0,885500.0
389,2021-10-17 07:00:09,36600.0,500.0,880500.0
390,2021-10-17 06:59:51,36600.0,100.0,880000.0
391,2021-10-17 06:59:51,36600.0,500.0,879900.0
392,2021-10-17 06:59:51,36600.0,100.0,879400.0
393,2021-10-17 06:59:51,36600.0,100.0,879300.0
394,2021-10-17 06:59:51,36600.0,300.0,879200.0
395,2021-10-17 06:59:51,36600.0,1200.0,878900.0
396,2021-10-17 06:59:51,36600.0,2000.0,877700.0
397,2021-10-17 06:59:51,36600.0,2000.0,875700.0
398,2021-10-17 06:59:51,36600.0,400.0,873700.0
399,2021-10-17 06:59:51,36600.0,1000.0,873300.0
400,2021-10-17 06:59:51,36600.0,1000.0,872300.0
401,2021-10-17 06:59:51,36600.0,500.0,871300.0
402,2021-10-17 06:59:51,36600.0,100.0,870800.0
403,2021-10-17 06:59:51,36600.0,100.0,870700.0
404,2021-10-17 06:59:51,36600.0,3000.0,870600.0
405,2021-10-17 06:59:51,36600.0,10000.0,867600.0
406,2021-10-17 06:59:51,36600.0,1900.0,857600.0
407,2021-10-17 06:59:51,36600.0,4000.0,855700.0
408,2021-10-17 06:59:51,36600.0,100.0,851700.0
409,2021-10-17 06:59:51,36600.0,200.0,851600.0
410,2021-10-17 06:59:51,36600.0,100.0,851400.0
411,2021-10-17 06:59:51,36600.0,100.0,851300.0
412,2021-10-17 06:59:51,36600.0,100.0,851200.0
413,2021-10-17 06:59:51,36600.0,200.0,851100.0
414,2021-10-17 06:59:51,36600.0,200.0,850900.0
415,2021-10-17 06:59:51,36600.0,100.0,850700.0
416,2021-10-17 06:59:51,36600.0,300.0,850600.0
417,2021-10-17 06:59:51,36600.0,1500.0,850300.0
418,2021-10-17 06:59:51,36600.0,1300.0,848800.0
419,2021-10-17 06:59:51,36600.0,100.0,847500.0
420,2021-10-17 06:59:51,36600.0,100.0,847400.0
421,2021-10-17 06:59:51,36600.0,10300.0,847300.0
422,2021-10-17 06:59:51,36600.0,7500.0,837000.0
423,2021-10-17 06:59:51,36600.0,100.0,829500.0
424,2021-10-17 06:59:51,36600.0,3000.0,829400.0
425,2021-10-17 06:59:51,36600.0,300.0,826400.0
426,2021-10-17 06:59:29,36500.0,100.0,826100.0
427,2021-10-17 06:59:15,36600.0,700.0,826000.0
428,2021-10-17 06:59:15,36600.0,100.0,825300.0
429,2021-10-17 06:59:15,36600.0,500.0,825200.0
430,2021-10-17 06:59:15,36600.0,500.0,824700.0
431,2021-10-17 06:59:15,36600.0,200.0,824200.0
432,2021-10-17 06:59:15,36600.0,200.0,824000.0
433,2021-10-17 06:59:15,36600.0,600.0,823800.0
434,2021-10-17 06:59:15,36600.0,1000.0,823200.0
435,2021-10-17 06:59:15,36600.0,100.0,822200.0
436,2021-10-17 06:59:15,36600.0,100.0,822100.0
437,2021-10-17 06:59:15,36600.0,200.0,822000.0
438,2021-10-17 06:59:15,36600.0,1000.0,821800.0
439,2021-10-17 06:59:15,36600.0,100.0,820800.0
440,2021-10-17 06:59:15,36600.0,200.0,820700.0
441,2021-10-17 06:59:15,36600.0,200.0,820500.0
442,2021-10-17 06:59:15,36600.0,200.0,820300.0
443,2021-10-17 06:59:15,36600.0,100.0,820100.0
444,2021-10-17 06:59:15,36600.0,3000.0,820000.0
445,2021-10-17 06:59:15,36600.0,1000.0,817000.0
446,2021-10-17 06:59:04,36500.0,200.0,816000.0
447,2021-10-17 06:58:31,36600.0,600.0,815800.0
448,2021-10-17 06:57:33,36600.0,3600.0,815200.0
449,2021-10-17 06:57:33,36600.0,100.0,811600.0
450,2021-10-17 06:57:33,36600.0,300.0,811500.0
451,2021-10-17 06:57:33,36600.0,1000.0,811200.0
452,2021-10-17 06:57:33,36600.0,100.0,810200.0
453,2021-10-17 06:57:33,36600.0,4900.0,810100.0
454,2021-10-17 06:57:25,36550.0,200.0,805200.0
455,2021-10-17 06:57:09,36550.0,500.0,805000.0
456,2021-10-17 06:57:00,36600.0,5100.0,804500.0
457,2021-10-17 06:56:59,36600.0,400.0,799400.0
458,2021-10-17 06:56:59,36600.0,500.0,799000.0
459,2021-10-17 06:56:59,36600.0,1000.0,798500.0
460,2021-10-17 06:56:59,36600.0,200.0,797500.0
461,2021-10-17 06:56:59,36600.0,500.0,797300.0
462,2021-10-17 06:56:59,36600.0,500.0,796800.0
463,2021-10-17 06:56:59,36600.0,1000.0,796300.0
464,2021-10-17 06:56:59,36600.0,100.0,795300.0
465,2021-10-17 06:56:59,36600.0,200.0,795200.0
466,2021-10-17 06:56:59,36600.0,500.0,795000.0
467,2021-10-17 06:56:28,36600.0,500.0,794500.0
468,2021-10-17 06:56:28,36600.0,100.0,794000.0
469,2021-10-17 06:56:28,36600.0,100.0,793900.0
470,2021-10-17 06:55:48,36600.0,100.0,793800.0
471,2021-10-17 06:55:48,36600.0,300.0,793700.0
472,2021-10-17 06:55:48,36600.0,600.0,793400.0
473,2021-10-17 06:55:09,36600.0,400.0,792800.0
474,2021-10-17 06:55:09,36600.0,200.0,792400.0
475,2021-10-17 06:55:09,36600.0,200.0,792200.0
476,2021-10-17 06:55:09,36600.0,100.0,792000.0
477,2021-10-17 06:55:09,36550.0,100.0,791900.0
478,2021-10-17 06:54:33,36600.0,100.0,791800.0
479,2021-10-17 06:54:33,36600.0,100.0,791700.0
480,2021-10-17 06:54:33,36600.0,400.0,791600.0
481,2021-10-17 06:54:33,36550.0,400.0,791200.0
482,2021-10-17 06:54:07,36550.0,100.0,790800.0
483,2021-10-17 06:53:58,36550.0,500.0,790700.0
484,2021-10-17 06:53:58,36550.0,100.0,790200.0
485,2021-10-17 06:53:58,36550.0,300.0,790100.0
486,2021-10-17 06:53:49,36550.0,200.0,789800.0
487,2021-10-17 06:53:34,36550.0,200.0,789600.0
488,2021-10-17 06:53:34,36550.0,300.0,789400.0
489,2021-10-17 06:53:14,36550.0,1000.0,789100.0
490,2021-10-17 06:53:14,36550.0,300.0,788100.0
491,2021-10-17 06:53:14,36550.0,300.0,787800.0
492,2021-10-17 06:53:14,36550.0,100.0,787500.0
493,2021-10-17 06:53:14,36550.0,100.0,787400.0
494,2021-10-17 06:53:14,36550.0,500.0,787300.0
495,2021-10-17 06:53:14,36550.0,200.0,786800.0
496,2021-10-17 06:53:14,36550.0,5000.0,786600.0
497,2021-10-17 06:53:14,36550.0,100.0,781600.0
498,2021-10-17 06:53:14,36550.0,100.0,781500.0
499,2021-10-17 06:53:14,36550.0,2000.0,781400.0
500,2021-10-17 06:53:14,36550.0,5000.0,779400.0
501,2021-10-17 06:53:05,36500.0,200.0,774400.0
502,2021-10-17 06:53:02,36500.0,200.0,774200.0
503,2021-10-17 06:52:58,36500.0,1000.0,774000.0
504,2021-10-17 06:52:58,36500.0,1000.0,773000.0
505,2021-10-17 06:52:58,36500.0,200.0,772000.0
506,2021-10-17 06:52:58,36500.0,1300.0,771800.0
507,2021-10-17 06:52:58,36500.0,100.0,770500.0
508,2021-10-17 06:52:58,36500.0,3000.0,770400.0
509,2021-10-17 06:52:58,36500.0,300.0,767400.0
510,2021-10-17 06:52:58,36500.0,1000.0,767100.0
511,2021-10-17 06:52:58,36500.0,1000.0,766100.0
512,2021-10-17 06:52:58,36500.0,12000.0,765100.0
513,2021-10-17 06:52:58,36500.0,100.0,753100.0
514,2021-10-17 06:52:58,36500.0,1000.0,753000.0
515,2021-10-17 06:52:58,36500.0,700.0,752000.0
516,2021-10-17 06:52:58,36500.0,500.0,751300.0
517,2021-10-17 06:52:58,36500.0,3000.0,750800.0
518,2021-10-17 06:52:58,36500.0,500.0,747800.0
519,2021-10-17 06:52:58,36500.0,400.0,747300.0
520,2021-10-17 06:52:58,36500.0,100.0,746900.0
521,2021-10-17 06:52:58,36500.0,500.0,746800.0
522,2021-10-17 06:52:58,36500.0,500.0,746300.0
523,2021-10-17 06:52:58,36500.0,1000.0,745800.0
524,2021-10-17 06:52:58,36500.0,2000.0,744800.0
525,2021-10-17 06:52:58,36500.0,100.0,742800.0
526,2021-10-17 06:52:58,36500.0,100.0,742700.0
527,2021-10-17 06:52:58,36500.0,300.0,742600.0
528,2021-10-17 06:52:58,36500.0,500.0,742300.0
529,2021-10-17 06:52:58,36500.0,500.0,741800.0
530,2021-10-17 06:52:58,36500.0,100.0,741300.0
531,2021-10-17 06:52:58,36500.0,5000.0,741200.0
532,2021-10-17 06:52:58,36500.0,100.0,736200.0
533,2021-10-17 06:52:58,36500.0,100.0,736100.0
534,2021-10-17 06:52:58,36500.0,1000.0,736000.0
535,2021-10-17 06:52:58,36500.0,200.0,735000.0
536,2021-10-17 06:52:58,36500.0,100.0,734800.0
537,2021-10-17 06:52:58,36500.0,400.0,734700.0
538,2021-10-17 06:52:58,36500.0,1400.0,734300.0
539,2021-10-17 06:52:58,36500.0,100.0,732900.0
540,2021-10-17 06:52:58,36500.0,200.0,732800.0
541,2021-10-17 06:52:58,36500.0,100.0,732600.0
542,2021-10-17 06:52:58,36500.0,100.0,732500.0
543,2021-10-17 06:52:58,36500.0,3900.0,732400.0
544,2021-10-17 06:52:58,36500.0,2000.0,728500.0
545,2021-10-17 06:52:58,36500.0,1000.0,726500.0
546,2021-10-17 06:52:42,36450.0,10000.0,725500.0
547,2021-10-17 06:51:39,36500.0,100.0,715500.0
548,2021-10-17 06:51:39,36500.0,100.0,715400.0
549,2021-10-17 06:51:39,36500.0,100.0,715300.0
550,2021-10-17 06:51:39,36500.0,500.0,715200.0
551,2021-10-17 06:51:39,36500.0,500.0,714700.0
552,2021-10-17 06:51:39,36500.0,500.0,714200.0
553,2021-10-17 06:51:39,36500.0,100.0,713700.0
554,2021-10-17 06:51:39,36500.0,300.0,713600.0
555,2021-10-17 06:51:39,36500.0,200.0,713300.0
556,2021-10-17 06:51:39,36500.0,1000.0,713100.0
557,2021-10-17 06:51:39,36500.0,100.0,712100.0
558,2021-10-17 06:51:39,36500.0,100.0,712000.0
559,2021-10-17 06:51:39,36500.0,1400.0,711900.0
560,2021-10-17 06:51:26,36350.0,700.0,710500.0
561,2021-10-17 06:51:26,36450.0,300.0,709800.0
562,2021-10-17 06:51:20,36450.0,200.0,709500.0
563,2021-10-17 06:51:20,36450.0,200.0,709300.0
564,2021-10-17 06:51:20,36450.0,5000.0,709100.0
565,2021-10-17 06:51:20,36450.0,300.0,704100.0
566,2021-10-17 06:51:20,36450.0,100.0,703800.0
567,2021-10-17 06:51:20,36450.0,100.0,703700.0
568,2021-10-17 06:51:20,36450.0,100.0,703600.0
569,2021-10-17 06:51:20,36450.0,1500.0,703500.0
570,2021-10-17 06:51:20,36450.0,1000.0,702000.0
571,2021-10-17 06:51:20,36450.0,1000.0,701000.0
572,2021-10-17 06:51:20,36450.0,2700.0,700000.0
573,2021-10-17 06:51:20,36400.0,500.0,697300.0
574,2021-10-17 06:51:08,36350.0,200.0,696800.0
575,2021-10-17 06:51:01,36350.0,800.0,696600.0
576,2021-10-17 06:51:01,36350.0,1500.0,695800.0
577,2021-10-17 06:51:01,36400.0,700.0,694300.0
578,2021-10-17 06:50:56,36400.0,100.0,693600.0
579,2021-10-17 06:50:56,36400.0,1000.0,693500.0
580,2021-10-17 06:50:56,36400.0,200.0,692500.0
581,2021-10-17 06:49:33,36350.0,400.0,692300.0
582,2021-10-17 06:49:29,36450.0,5000.0,691900.0
583,2021-10-17 06:49:02,36350.0,500.0,686900.0
584,2021-10-17 06:48:58,36400.0,500.0,686400.0
585,2021-10-17 06:48:46,36400.0,200.0,685900.0
586,2021-10-17 06:48:46,36400.0,100.0,685700.0
587,2021-10-17 06:48:46,36400.0,500.0,685600.0
588,2021-10-17 06:48:46,36400.0,1000.0,685100.0
589,2021-10-17 06:48:46,36400.0,5700.0,684100.0
590,2021-10-17 06:48:02,36350.0,400.0,678400.0
591,2021-10-17 06:46:07,36350.0,500.0,678000.0
592,2021-10-17 06:46:06,36400.0,1700.0,677500.0
593,2021-10-17 06:46:06,36400.0,700.0,675800.0
594,2021-10-17 06:46:06,36400.0,100.0,675100.0
595,2021-10-17 06:46:06,36400.0,400.0,675000.0
596,2021-10-17 06:46:06,36400.0,1000.0,674600.0
597,2021-10-17 06:46:06,36400.0,600.0,673600.0
598,2021-10-17 06:46:06,36400.0,500.0,673000.0
599,2021-10-17 06:45:54,36350.0,100.0,672500.0
600,2021-10-17 06:45:34,36350.0,1000.0,672400.0
601,2021-10-17 06:45:34,36350.0,100.0,671400.0
602,2021-10-17 06:45:34,36350.0,500.0,671300.0
603,2021-10-17 06:45:09,36200.0,1100.0,670800.0
604,2021-10-17 06:45:09,36200.0,500.0,669700.0
605,2021-10-17 06:45:09,36200.0,1000.0,669200.0
606,2021-10-17 06:45:09,36200.0,300.0,668200.0
607,2021-10-17 06:45:09,36200.0,5000.0,667900.0
608,2021-10-17 06:45:09,36250.0,500.0,662900.0
609,2021-10-17 06:45:09,36250.0,15000.0,662400.0
610,2021-10-17 06:45:09,36300.0,100.0,647400.0
611,2021-10-17 06:45:09,36300.0,5000.0,647300.0
612,2021-10-17 06:45:09,36300.0,2000.0,642300.0
613,2021-10-17 06:45:09,36300.0,2000.0,640300.0
614,2021-10-17 06:45:09,36300.0,2500.0,638300.0
615,2021-10-17 06:44:49,36350.0,100.0,635800.0
616,2021-10-17 06:44:38,36350.0,100.0,635700.0
617,2021-10-17 06:43:11,36350.0,100.0,635600.0
618,2021-10-17 06:42:29,36350.0,1000.0,635500.0
619,2021-10-17 06:42:29,36350.0,400.0,634500.0
620,2021-10-17 06:40:52,36350.0,600.0,634100.0
621,2021-10-17 06:39:36,36350.0,2000.0,633500.0
622,2021-10-17 06:39:36,36350.0,7000.0,631500.0
623,2021-10-17 06:38:53,36350.0,2000.0,624500.0
624,2021-10-17 06:38:02,36350.0,1000.0,622500.0
625,2021-10-17 06:37:41,36300.0,5000.0,621500.0
626,2021-10-17 06:37:20,36300.0,100.0,616500.0
627,2021-10-17 06:37:14,36300.0,500.0,616400.0
628,2021-10-17 06:37:09,36300.0,400.0,615900.0
629,2021-10-17 06:37:09,36300.0,500.0,615500.0
630,2021-10-17 06:37:09,36300.0,100.0,615000.0
631,2021-10-17 06:36:57,36300.0,400.0,614900.0
632,2021-10-17 06:36:57,36300.0,4600.0,614500.0
633,2021-10-17 06:36:02,36300.0,200.0,609900.0
634,2021-10-17 06:35:59,36400.0,1000.0,609700.0
635,2021-10-17 06:33:50,36400.0,1000.0,608700.0
636,2021-10-17 06:33:37,36300.0,500.0,607700.0
637,2021-10-17 06:33:23,36300.0,1000.0,607200.0
638,2021-10-17 06:33:15,36300.0,1000.0,606200.0
639,2021-10-17 06:33:01,36300.0,100.0,605200.0
640,2021-10-17 06:32:29,36300.0,200.0,605100.0
641,2021-10-17 06:32:14,36300.0,500.0,604900.0
642,2021-10-17 06:32:10,36300.0,1900.0,604400.0
643,2021-10-17 06:32:10,36300.0,100.0,602500.0
644,2021-10-17 06:31:54,36300.0,100.0,602400.0
645,2021-10-17 06:31:54,36350.0,200.0,602300.0
646,2021-10-17 06:31:05,36400.0,100.0,602100.0
647,2021-10-17 06:31:05,36400.0,400.0,602000.0
648,2021-10-17 06:31:05,36400.0,4200.0,601600.0
649,2021-10-17 06:31:03,36400.0,300.0,597400.0
650,2021-10-17 06:31:01,36400.0,500.0,597100.0
651,2021-10-17 06:31:01,36400.0,100.0,596600.0
652,2021-10-17 06:31:01,36400.0,200.0,596500.0
653,2021-10-17 06:31:01,36400.0,3200.0,596300.0
654,2021-10-17 06:30:55,36400.0,1000.0,593100.0
655,2021-10-17 06:29:57,36400.0,100.0,592100.0
656,2021-10-17 06:29:51,36400.0,3000.0,592000.0
657,2021-10-17 06:29:39,36400.0,100.0,589000.0
658,2021-10-17 06:29:16,36400.0,300.0,588900.0
659,2021-10-17 06:27:48,36450.0,1000.0,588600.0
660,2021-10-17 06:27:18,36450.0,2800.0,587600.0
661,2021-10-17 06:27:18,36450.0,1200.0,584800.0
662,2021-10-17 06:25:43,36450.0,1000.0,583600.0
663,2021-10-17 06:25:15,36450.0,900.0,582600.0
664,2021-10-17 06:24:26,36450.0,200.0,581700.0
665,2021-10-17 06:24:26,36450.0,400.0,581500.0
666,2021-10-17 06:24:26,36450.0,4400.0,581100.0
667,2021-10-17 06:22:44,36450.0,600.0,576700.0
668,2021-10-17 06:22:44,36450.0,1600.0,576100.0
669,2021-10-17 06:22:44,36450.0,6100.0,574500.0
670,2021-10-17 06:22:44,36450.0,1700.0,568400.0
671,2021-10-17 06:22:11,36450.0,100.0,566700.0
672,2021-10-17 06:21:51,36450.0,2600.0,566600.0
673,2021-10-17 06:20:27,36450.0,100.0,564000.0
674,2021-10-17 06:19:40,36450.0,500.0,563900.0
675,2021-10-17 06:19:40,36450.0,1000.0,563400.0
676,2021-10-17 06:19:40,36450.0,1000.0,562400.0
677,2021-10-17 06:19:40,36450.0,500.0,561400.0
678,2021-10-17 06:19:40,36450.0,300.0,560900.0
679,2021-10-17 06:16:46,36450.0,700.0,560600.0
680,2021-10-17 06:16:21,36450.0,200.0,559900.0
681,2021-10-17 06:15:38,36450.0,800.0,559700.0
682,2021-10-17 06:15:18,36450.0,100.0,558900.0
683,2021-10-17 06:14:54,36450.0,200.0,558800.0
684,2021-10-17 06:14:49,36450.0,200.0,558600.0
685,2021-10-17 06:14:37,36450.0,200.0,558400.0
686,2021-10-17 06:14:17,36450.0,500.0,558200.0
687,2021-10-17 06:12:58,36500.0,100.0,557700.0
688,2021-10-17 06:12:40,36450.0,1000.0,557600.0
689,2021-10-17 06:12:40,36450.0,500.0,556600.0
690,2021-10-17 06:12:40,36450.0,2000.0,556100.0
691,2021-10-17 06:12:40,36450.0,600.0,554100.0
692,2021-10-17 06:12:38,36400.0,5000.0,553500.0
693,2021-10-17 06:12:19,36450.0,3000.0,548500.0
694,2021-10-17 06:12:18,36400.0,500.0,545500.0
695,2021-10-17 06:12:05,36400.0,1000.0,545000.0
696,2021-10-17 06:11:38,36400.0,2000.0,544000.0
697,2021-10-17 06:10:22,36400.0,3500.0,542000.0
698,2021-10-17 06:09:40,36400.0,100.0,538500.0
699,2021-10-17 06:07:30,36400.0,200.0,538400.0
700,2021-10-17 06:06:23,36400.0,100.0,538200.0
701,2021-10-17 06:05:36,36400.0,100.0,538100.0
702,2021-10-17 06:05:27,36450.0,200.0,538000.0
703,2021-10-17 06:04:42,36450.0,200.0,537800.0
704,2021-10-17 06:04:42,36450.0,3000.0,537600.0
705,2021-10-17 06:02:08,36500.0,200.0,534600.0
706,2021-10-17 06:00:03,36500.0,1000.0,534400.0
707,2021-10-17 06:00:03,36500.0,2000.0,533400.0
708,2021-10-17 06:00:02,36500.0,1400.0,531400.0
709,2021-10-17 06:00:02,36500.0,400.0,530000.0
710,2021-10-17 06:00:02,36500.0,200.0,529600.0
711,2021-10-17 06:00:02,36500.0,600.0,529400.0
712,2021-10-17 06:00:02,36500.0,100.0,528800.0
713,2021-10-17 06:00:02,36500.0,100.0,528700.0
714,2021-10-17 06:00:02,36500.0,2000.0,528600.0
715,2021-10-17 06:00:02,36500.0,100.0,526600.0
716,2021-10-17 06:00:02,36500.0,100.0,526500.0
717,2021-10-17 06:00:01,36500.0,400.0,526400.0
718,2021-10-17 04:28:59,36500.0,100.0,526000.0
719,2021-10-17 04:28:59,36500.0,100.0,525900.0
720,2021-10-17 04:28:59,36500.0,1000.0,525800.0
721,2021-10-17 04:28:59,36500.0,500.0,524800.0
722,2021-10-17 04:28:59,36500.0,200.0,524300.0
723,2021-10-17 04:28:59,36500.0,1100.0,524100.0
724,2021-10-17 04:28:51,36500.0,600.0,523000.0
725,2021-10-17 04:27:48,36450.0,800.0,522400.0
726,2021-10-17 04:27:48,36450.0,200.0,521600.0
727,2021-10-17 04:27:02,36500.0,300.0,521400.0
728,2021-10-17 04:27:02,36500.0,600.0,521100.0
729,2021-10-17 04:27:02,36500.0,3000.0,520500.0
730,2021-10-17 04:27:02,36500.0,16100.0,517500.0
731,2021-10-17 04:26:52,36450.0,500.0,501400.0
732,2021-10-17 04:26:48,36450.0,100.0,500900.0
733,2021-10-17 04:26:03,36450.0,600.0,500800.0
734,2021-10-17 04:25:57,36450.0,100.0,500200.0
735,2021-10-17 04:25:44,36450.0,100.0,500100.0
736,2021-10-17 04:25:44,36450.0,200.0,500000.0
737,2021-10-17 04:25:44,36450.0,200.0,499800.0
738,2021-10-17 04:23:11,36450.0,800.0,499600.0
739,2021-10-17 04:22:32,36450.0,200.0,498800.0
740,2021-10-17 04:22:32,36450.0,100.0,498600.0
741,2021-10-17 04:21:11,36500.0,100.0,498500.0
742,2021-10-17 04:21:10,36450.0,100.0,498400.0
743,2021-10-17 04:20:21,36450.0,100.0,498300.0
744,2021-10-17 04:20:09,36450.0,100.0,498200.0
745,2021-10-17 04:16:58,36500.0,3800.0,498100.0
746,2021-10-17 04:16:58,36500.0,200.0,494300.0
747,2021-10-17 04:16:58,36500.0,1000.0,494100.0
748,2021-10-17 04:16:58,36500.0,200.0,493100.0
749,2021-10-17 04:16:58,36500.0,900.0,492900.0
750,2021-10-17 04:16:58,36500.0,1000.0,492000.0
751,2021-10-17 04:16:58,36500.0,1000.0,491000.0
752,2021-10-17 04:16:58,36500.0,300.0,490000.0
753,2021-10-17 04:16:58,36500.0,1200.0,489700.0
754,2021-10-17 04:16:58,36500.0,200.0,488500.0
755,2021-10-17 04:16:58,36500.0,200.0,488300.0
756,2021-10-17 04:13:57,36500.0,1000.0,488100.0
757,2021-10-17 04:13:23,36450.0,1000.0,487100.0
758,2021-10-17 04:13:23,36450.0,100.0,486100.0
759,2021-10-17 04:13:23,36450.0,1000.0,486000.0
760,2021-10-17 04:13:23,36450.0,1500.0,485000.0
761,2021-10-17 04:13:23,36450.0,30000.0,483500.0
762,2021-10-17 04:13:02,36400.0,1100.0,453500.0
763,2021-10-17 04:13:02,36400.0,2200.0,452400.0
764,2021-10-17 04:13:02,36400.0,100.0,450200.0
765,2021-10-17 04:13:02,36400.0,500.0,450100.0
766,2021-10-17 04:13:02,36400.0,200.0,449600.0
767,2021-10-17 04:13:02,36400.0,1000.0,449400.0
768,2021-10-17 04:13:02,36400.0,100.0,448400.0
769,2021-10-17 04:13:02,36400.0,1000.0,448300.0
770,2021-10-17 04:13:02,36400.0,1000.0,447300.0
771,2021-10-17 04:13:02,36400.0,200.0,446300.0
772,2021-10-17 04:13:02,36400.0,100.0,446100.0
773,2021-10-17 04:13:02,36400.0,300.0,446000.0
774,2021-10-17 04:13:02,36400.0,100.0,445700.0
775,2021-10-17 04:13:02,36400.0,100.0,445600.0
776,2021-10-17 04:13:02,36400.0,23200.0,445500.0
777,2021-10-17 04:13:02,36400.0,2400.0,422300.0
778,2021-10-17 04:13:02,36400.0,1000.0,419900.0
779,2021-10-17 04:13:02,36400.0,200.0,418900.0
780,2021-10-17 04:13:02,36400.0,500.0,418700.0
781,2021-10-17 04:13:02,36400.0,500.0,418200.0
782,2021-10-17 04:13:02,36400.0,1000.0,417700.0
783,2021-10-17 04:13:02,36400.0,500.0,416700.0
784,2021-10-17 04:13:02,36400.0,1000.0,416200.0
785,2021-10-17 04:13:02,36400.0,400.0,415200.0
786,2021-10-17 04:13:02,36400.0,17100.0,414800.0
787,2021-10-17 04:12:28,36350.0,2000.0,397700.0
788,2021-10-17 04:12:28,36350.0,800.0,395700.0
789,2021-10-17 04:12:08,36300.0,500.0,394900.0
790,2021-10-17 04:12:08,36300.0,1500.0,394400.0
791,2021-10-17 04:11:57,36200.0,100.0,392900.0
792,2021-10-17 04:11:57,36200.0,500.0,392800.0
793,2021-10-17 04:11:38,36200.0,100.0,392300.0
794,2021-10-17 04:11:34,36300.0,1500.0,392200.0
795,2021-10-17 04:11:34,36300.0,100.0,390700.0
796,2021-10-17 04:11:34,36300.0,3700.0,390600.0
797,2021-10-17 04:11:34,36300.0,1000.0,386900.0
798,2021-10-17 04:11:34,36300.0,3700.0,385900.0
799,2021-10-17 04:11:06,36200.0,5400.0,382200.0
800,2021-10-17 04:09:33,36200.0,100.0,376800.0
801,2021-10-17 04:09:33,36200.0,1000.0,376700.0
802,2021-10-17 04:09:33,36200.0,1000.0,375700.0
803,2021-10-17 04:09:33,36200.0,200.0,374700.0
804,2021-10-17 04:09:33,36200.0,3700.0,374500.0
805,2021-10-17 04:09:33,36200.0,1300.0,370800.0
806,2021-10-17 04:09:10,36200.0,3700.0,369500.0
807,2021-10-17 04:09:10,36200.0,300.0,365800.0
808,2021-10-17 04:08:41,36200.0,700.0,365500.0
809,2021-10-17 04:08:41,36200.0,400.0,364800.0
810,2021-10-17 04:06:16,36300.0,1200.0,364400.0
811,2021-10-17 04:05:14,36300.0,200.0,363200.0
812,2021-10-17 04:03:31,36300.0,2700.0,363000.0
813,2021-10-17 04:03:31,36300.0,900.0,360300.0
814,2021-10-17 03:59:42,36300.0,100.0,359400.0
815,2021-10-17 03:57:39,36400.0,100.0,359300.0
816,2021-10-17 03:57:00,36400.0,2000.0,359200.0
817,2021-10-17 03:57:00,36300.0,1000.0,357200.0
818,2021-10-17 03:56:43,36200.0,300.0,356200.0
819,2021-10-17 03:56:43,36250.0,100.0,355900.0
820,2021-10-17 03:56:37,36250.0,400.0,355800.0
821,2021-10-17 03:55:16,36200.0,400.0,355400.0
822,2021-10-17 03:55:16,36200.0,100.0,355000.0
823,2021-10-17 03:55:16,36200.0,1000.0,354900.0
824,2021-10-17 03:55:16,36200.0,200.0,353900.0
825,2021-10-17 03:55:16,36200.0,500.0,353700.0
826,2021-10-17 03:55:16,36200.0,800.0,353200.0
827,2021-10-17 03:54:18,36200.0,1000.0,352400.0
828,2021-10-17 03:52:45,36400.0,100.0,351400.0
829,2021-10-17 03:52:28,36400.0,100.0,351300.0
830,2021-10-17 03:52:21,36200.0,100.0,351200.0
831,2021-10-17 03:52:07,36200.0,2000.0,351100.0
832,2021-10-17 03:51:13,36200.0,400.0,349100.0
833,2021-10-17 03:50:51,36200.0,500.0,348700.0
834,2021-10-17 03:50:51,36300.0,1000.0,348200.0
835,2021-10-17 03:50:51,36300.0,500.0,347200.0
836,2021-10-17 03:50:51,36300.0,1000.0,346700.0
837,2021-10-17 03:48:18,36400.0,30000.0,345700.0
838,2021-10-17 03:48:13,36400.0,100.0,315700.0
839,2021-10-17 03:48:13,36400.0,500.0,315600.0
840,2021-10-17 03:47:59,36400.0,1000.0,315100.0
841,2021-10-17 03:47:43,36400.0,100.0,314100.0
842,2021-10-17 03:47:43,36400.0,1400.0,314000.0
843,2021-10-17 03:47:13,36400.0,2600.0,312600.0
844,2021-10-17 03:47:13,36400.0,1500.0,310000.0
845,2021-10-17 03:47:13,36400.0,300.0,308500.0
846,2021-10-17 03:47:13,36400.0,700.0,308200.0
847,2021-10-17 03:47:13,36400.0,500.0,307500.0
848,2021-10-17 03:47:13,36400.0,300.0,307000.0
849,2021-10-17 03:47:13,36400.0,1000.0,306700.0
850,2021-10-17 03:47:13,36400.0,1000.0,305700.0
851,2021-10-17 03:47:13,36350.0,100.0,304700.0
852,2021-10-17 03:46:24,36300.0,200.0,304600.0
853,2021-10-17 03:46:24,36300.0,1100.0,304400.0
854,2021-10-17 03:46:24,36300.0,600.0,303300.0
855,2021-10-17 03:46:24,36250.0,100.0,302700.0
856,2021-10-17 03:45:45,36200.0,200.0,302600.0
857,2021-10-17 03:45:10,36200.0,100.0,302400.0
858,2021-10-17 03:45:09,36200.0,900.0,302300.0
859,2021-10-17 03:45:00,36200.0,100.0,301400.0
860,2021-10-17 03:45:00,36200.0,300.0,301300.0
861,2021-10-17 03:45:00,36200.0,100.0,301000.0
862,2021-10-17 03:45:00,36200.0,400.0,300900.0
863,2021-10-17 03:45:00,36200.0,200.0,300500.0
864,2021-10-17 03:44:14,36200.0,3000.0,300300.0
865,2021-10-17 03:43:39,36200.0,600.0,297300.0
866,2021-10-17 03:39:19,36200.0,5100.0,296700.0
867,2021-10-17 03:38:25,36200.0,400.0,291600.0
868,2021-10-17 03:38:19,36200.0,100.0,291200.0
869,2021-10-17 03:38:18,36200.0,600.0,291100.0
870,2021-10-17 03:38:18,36200.0,1400.0,290500.0
871,2021-10-17 03:37:32,36200.0,200.0,289100.0
872,2021-10-17 03:37:32,36200.0,800.0,288900.0
873,2021-10-17 03:37:32,36200.0,100.0,288100.0
874,2021-10-17 03:37:32,36200.0,2000.0,288000.0
875,2021-10-17 03:37:32,36200.0,1000.0,286000.0
876,2021-10-17 03:37:32,36200.0,200.0,285000.0
877,2021-10-17 03:37:32,36200.0,2000.0,284800.0
878,2021-10-17 03:37:32,36200.0,100.0,282800.0
879,2021-10-17 03:37:32,36200.0,14400.0,282700.0
880,2021-10-17 03:37:32,36150.0,400.0,268300.0
881,2021-10-17 03:37:32,36150.0,5000.0,267900.0
882,2021-10-17 03:37:32,36150.0,2000.0,262900.0
883,2021-10-17 03:37:32,36150.0,1000.0,260900.0
884,2021-10-17 03:37:32,36150.0,1000.0,259900.0
885,2021-10-17 03:37:32,36150.0,300.0,258900.0
886,2021-10-17 03:37:32,36100.0,7000.0,258600.0
887,2021-10-17 03:37:32,36100.0,3100.0,251600.0
888,2021-10-17 03:37:30,36100.0,100.0,248500.0
889,2021-10-17 03:37:06,36100.0,500.0,248400.0
890,2021-10-17 03:36:35,36100.0,100.0,247900.0
891,2021-10-17 03:36:35,36100.0,200.0,247800.0
892,2021-10-17 03:36:35,36100.0,100.0,247600.0
893,2021-10-17 03:36:35,36100.0,1900.0,247500.0
894,2021-10-17 03:35:42,36100.0,1000.0,245600.0
895,2021-10-17 03:33:57,36100.0,700.0,244600.0
896,2021-10-17 03:33:18,36100.0,100.0,243900.0
897,2021-10-17 03:32:52,36100.0,100.0,243800.0
898,2021-10-17 03:32:52,36100.0,600.0,243700.0
899,2021-10-17 03:32:22,36100.0,400.0,243100.0
900,2021-10-17 03:32:22,36100.0,3400.0,242700.0
901,2021-10-17 03:32:00,36100.0,200.0,239300.0
902,2021-10-17 03:31:27,36100.0,1000.0,239100.0
903,2021-10-17 03:31:27,36100.0,2000.0,238100.0
904,2021-10-17 03:31:27,36100.0,1000.0,236100.0
905,2021-10-17 03:31:27,36100.0,100.0,235100.0
906,2021-10-17 03:31:27,36100.0,100.0,235000.0
907,2021-10-17 03:31:27,36100.0,300.0,234900.0
908,2021-10-17 03:30:51,36100.0,400.0,234600.0
909,2021-10-17 03:30:44,36100.0,1300.0,234200.0
910,2021-10-17 03:30:44,36100.0,600.0,232900.0
911,2021-10-17 03:27:51,36100.0,500.0,232300.0
912,2021-10-17 03:27:48,36100.0,700.0,231800.0
913,2021-10-17 03:26:11,36100.0,500.0,231100.0
914,2021-10-17 03:24:50,36100.0,200.0,230600.0
915,2021-10-17 03:24:26,36050.0,1000.0,230400.0
916,2021-10-17 03:23:11,36050.0,500.0,229400.0
917,2021-10-17 03:23:11,36050.0,500.0,228900.0
918,2021-10-17 03:22:22,36100.0,900.0,228400.0
919,2021-10-17 03:22:04,36100.0,4000.0,227500.0
920,2021-10-17 03:21:59,36100.0,100.0,223500.0
921,2021-10-17 03:21:59,36100.0,2800.0,223400.0
922,2021-10-17 03:21:45,36100.0,200.0,220600.0
923,2021-10-17 03:21:45,36100.0,2000.0,220400.0
924,2021-10-17 03:21:19,36100.0,800.0,218400.0
925,2021-10-17 03:21:19,36100.0,2000.0,217600.0
926,2021-10-17 03:20:36,36050.0,200.0,215600.0
927,2021-10-17 03:20:36,36050.0,400.0,215400.0
928,2021-10-17 03:20:36,36050.0,400.0,215000.0
929,2021-10-17 03:19:26,36050.0,200.0,214600.0
930,2021-10-17 03:18:26,36100.0,200.0,214400.0
931,2021-10-17 03:18:26,36100.0,100.0,214200.0
932,2021-10-17 03:18:05,36100.0,200.0,214100.0
933,2021-10-17 03:17:52,36100.0,100.0,213900.0
934,2021-10-17 03:17:33,36100.0,1000.0,213800.0
935,2021-10-17 03:17:33,36100.0,600.0,212800.0
936,2021-10-17 03:17:11,36100.0,200.0,212200.0
937,2021-10-17 03:15:22,36100.0,1500.0,212000.0
938,2021-10-17 03:14:46,36100.0,100.0,210500.0
939,2021-10-17 03:14:46,36100.0,300.0,210400.0
940,2021-10-17 03:13:55,36100.0,200.0,210100.0
941,2021-10-17 03:13:55,36100.0,300.0,209900.0
942,2021-10-17 03:13:50,36150.0,200.0,209600.0
943,2021-10-17 03:13:27,36100.0,200.0,209400.0
944,2021-10-17 03:13:27,36100.0,2800.0,209200.0
945,2021-10-17 03:12:48,36100.0,200.0,206400.0
946,2021-10-17 03:12:35,36100.0,400.0,206200.0
947,2021-10-17 03:11:43,36100.0,1600.0,205800.0
948,2021-10-17 03:11:34,36100.0,100.0,204200.0
949,2021-10-17 03:11:34,36100.0,1300.0,204100.0
950,2021-10-17 03:10:30,36100.0,200.0,202800.0
951,2021-10-17 03:10:19,36100.0,1000.0,202600.0
952,2021-10-17 03:09:55,36100.0,300.0,201600.0
953,2021-10-17 03:09:55,36100.0,100.0,201300.0
954,2021-10-17 03:09:55,36100.0,500.0,201200.0
955,2021-10-17 03:09:55,36100.0,100.0,200700.0
956,2021-10-17 03:09:55,36100.0,500.0,200600.0
957,2021-10-17 03:08:32,36100.0,200.0,200100.0
958,2021-10-17 03:07:45,36050.0,1000.0,199900.0
959,2021-10-17 03:07:13,36050.0,400.0,198900.0
960,2021-10-17 03:05:27,36050.0,1000.0,198500.0
961,2021-10-17 03:04:04,36150.0,500.0,197500.0
962,2021-10-17 03:02:14,36150.0,1000.0,197000.0
963,2021-10-17 03:01:54,36150.0,3000.0,196000.0
964,2021-10-17 03:00:25,36150.0,1000.0,193000.0
965,2021-10-17 02:58:41,36200.0,5600.0,192000.0
966,2021-10-17 02:58:41,36200.0,100.0,186400.0
967,2021-10-17 02:58:41,36200.0,4300.0,186300.0
968,2021-10-17 02:58:17,36200.0,3600.0,182000.0
969,2021-10-17 02:58:17,36200.0,1000.0,178400.0
970,2021-10-17 02:58:17,36150.0,400.0,177400.0
971,2021-10-17 02:57:20,36100.0,100.0,177000.0
972,2021-10-17 02:56:35,36050.0,2000.0,176900.0
973,2021-10-17 02:56:35,36050.0,1500.0,174900.0
974,2021-10-17 02:56:35,36050.0,1200.0,173400.0
975,2021-10-17 02:56:35,36050.0,300.0,172200.0
976,2021-10-17 02:56:32,36050.0,300.0,171900.0
977,2021-10-17 02:55:15,36050.0,400.0,171600.0
978,2021-10-17 02:55:15,36100.0,600.0,171200.0
979,2021-10-17 02:54:57,36100.0,1500.0,170600.0
980,2021-10-17 02:54:57,36100.0,1000.0,169100.0
981,2021-10-17 02:54:57,36100.0,5000.0,168100.0
982,2021-10-17 02:54:57,36100.0,1900.0,163100.0
983,2021-10-17 02:54:47,36000.0,100.0,161200.0
984,2021-10-17 02:54:47,36000.0,4900.0,161100.0
985,2021-10-17 02:54:34,36000.0,5100.0,156200.0
986,2021-10-17 02:54:34,36000.0,400.0,151100.0
987,2021-10-17 02:54:34,36000.0,10000.0,150700.0
988,2021-10-17 02:54:34,36000.0,100.0,140700.0
989,2021-10-17 02:54:34,36000.0,500.0,140600.0
990,2021-10-17 02:54:34,36000.0,1300.0,140100.0
991,2021-10-17 02:54:34,36000.0,10000.0,138800.0
992,2021-10-17 02:54:34,36000.0,300.0,128800.0
993,2021-10-17 02:54:34,36000.0,100.0,128500.0
994,2021-10-17 02:54:34,36000.0,10000.0,128400.0
995,2021-10-17 02:54:34,36000.0,100.0,118400.0
996,2021-10-17 02:54:34,36000.0,4000.0,118300.0
997,2021-10-17 02:54:34,36000.0,100.0,114300.0
998,2021-10-17 02:54:34,36000.0,1000.0,114200.0
999,2021-10-17 02:54:34,36000.0,200.0,113200.0
1000,2021-10-17 02:54:34,36000.0,500.0,113000.0
1001,2021-10-17 02:54:34,36000.0,1000.0,112500.0
1002,2021-10-17 02:54:34,36000.0,100.0,111500.0
1003,2021-10-17 02:54:34,36000.0,100.0,111400.0
1004,2021-10-17 02:54:34,36000.0,100.0,111300.0
1005,2021-10-17 02:54:34,36000.0,500.0,111200.0
1006,2021-10-17 02:54:34,36000.0,100.0,110700.0
1007,2021-10-17 02:54:34,36000.0,500.0,110600.0
1008,2021-10-17 02:54:34,36000.0,200.0,110100.0
1009,2021-10-17 02:54:34,36000.0,100.0,109900.0
1010,2021-10-17 02:54:34,36000.0,100.0,109800.0
1011,2021-10-17 02:54:34,36000.0,300.0,109700.0
1012,2021-10-17 02:54:34,36000.0,500.0,109400.0
1013,2021-10-17 02:54:34,36000.0,500.0,108900.0
1014,2021-10-17 02:54:34,36000.0,500.0,108400.0
1015,2021-10-17 02:54:34,36000.0,100.0,107900.0
1016,2021-10-17 02:54:34,36000.0,100.0,107800.0
1017,2021-10-17 02:54:34,36000.0,600.0,107700.0
1018,2021-10-17 02:54:34,36050.0,100.0,107100.0
1019,2021-10-17 02:54:34,36050.0,500.0,107000.0
1020,2021-10-17 02:54:34,36050.0,1000.0,106500.0
1021,2021-10-17 02:54:34,36050.0,200.0,105500.0
1022,2021-10-17 02:54:34,36050.0,100.0,105300.0
1023,2021-10-17 02:54:34,36050.0,1000.0,105200.0
1024,2021-10-17 02:54:34,36050.0,100.0,104200.0
1025,2021-10-17 02:54:34,36050.0,200.0,104100.0
1026,2021-10-17 02:54:34,36050.0,200.0,103900.0
1027,2021-10-17 02:54:34,36050.0,100.0,103700.0
1028,2021-10-17 02:54:34,36050.0,2400.0,103600.0
1029,2021-10-17 02:52:34,36100.0,200.0,101200.0
1030,2021-10-17 02:51:00,36100.0,1500.0,101000.0
1031,2021-10-17 02:50:45,36100.0,200.0,99500.0
1032,2021-10-17 02:50:45,36100.0,1200.0,99300.0
1033,2021-10-17 02:50:40,36100.0,300.0,98100.0
1034,2021-10-17 02:50:09,36100.0,4900.0,97800.0
1035,2021-10-17 02:49:54,36100.0,1400.0,92900.0
1036,2021-10-17 02:49:54,36100.0,2200.0,91500.0
1037,2021-10-17 02:49:45,36050.0,100.0,89300.0
1038,2021-10-17 02:49:45,36050.0,100.0,89200.0
1039,2021-10-17 02:49:45,36050.0,100.0,89100.0
1040,2021-10-17 02:49:45,36050.0,100.0,89000.0
1041,2021-10-17 02:49:45,36050.0,4600.0,88900.0
1042,2021-10-17 02:49:10,36100.0,2000.0,84300.0
1043,2021-10-17 02:49:10,36100.0,500.0,82300.0
1044,2021-10-17 02:49:10,36100.0,100.0,81800.0
1045,2021-10-17 02:49:10,36100.0,200.0,81700.0
1046,2021-10-17 02:48:45,36100.0,4600.0,81500.0
1047,2021-10-17 02:48:45,36100.0,200.0,76900.0
1048,2021-10-17 02:48:45,36100.0,200.0,76700.0
1049,2021-10-17 02:48:38,36150.0,100.0,76500.0
1050,2021-10-17 02:47:47,36100.0,400.0,76400.0
1051,2021-10-17 02:47:42,36100.0,1000.0,76000.0
1052,2021-10-17 02:47:37,36100.0,200.0,75000.0
1053,2021-10-17 02:46:59,36100.0,3000.0,74800.0
1054,2021-10-17 02:46:12,36100.0,100.0,71800.0
1055,2021-10-17 02:45:58,36100.0,900.0,71700.0
1056,2021-10-17 02:45:58,36100.0,100.0,70800.0
1057,2021-10-17 02:45:00,36100.0,300.0,70700.0
1058,2021-10-17 02:45:00,36100.0,1000.0,70400.0
1059,2021-10-17 02:45:00,36100.0,100.0,69400.0
1060,2021-10-17 02:45:00,36100.0,4700.0,69300.0
1061,2021-10-17 02:44:59,36100.0,200.0,64600.0
1062,2021-10-17 02:44:48,36100.0,100.0,64400.0
1063,2021-10-17 02:44:48,36100.0,500.0,64300.0
1064,2021-10-17 02:44:48,36100.0,1200.0,63800.0
1065,2021-10-17 02:44:08,36100.0,3800.0,62600.0
1066,2021-10-17 02:44:08,36100.0,200.0,58800.0
1067,2021-10-17 02:44:08,36100.0,200.0,58600.0
1068,2021-10-17 02:44:08,36100.0,300.0,58400.0
1069,2021-10-17 02:44:08,36100.0,100.0,58100.0
1070,2021-10-17 02:44:08,36100.0,1000.0,58000.0
1071,2021-10-17 02:44:08,36100.0,100.0,57000.0
1072,2021-10-17 02:44:08,36100.0,500.0,56900.0
1073,2021-10-17 02:44:08,36100.0,2000.0,56400.0
1074,2021-10-17 02:44:08,36100.0,900.0,54400.0
1075,2021-10-17 02:44:08,36150.0,300.0,53500.0
1076,2021-10-17 02:44:08,36150.0,500.0,53200.0
1077,2021-10-17 02:44:08,36150.0,100.0,52700.0
1078,2021-10-17 02:43:30,36150.0,400.0,52600.0
1079,2021-10-17 02:43:30,36150.0,1600.0,52200.0
1080,2021-10-17 02:43:09,36150.0,400.0,50600.0
1081,2021-10-17 02:43:09,36150.0,1000.0,50200.0
1082,2021-10-17 02:43:09,36150.0,1000.0,49200.0
1083,2021-10-17 02:43:09,36150.0,100.0,48200.0
1084,2021-10-17 02:43:09,36150.0,2500.0,48100.0
1085,2021-10-17 02:42:13,36150.0,1400.0,45600.0
1086,2021-10-17 02:42:05,36150.0,2100.0,44200.0
1087,2021-10-17 02:42:05,36150.0,100.0,42100.0
1088,2021-10-17 02:41:46,36150.0,500.0,42000.0
1089,2021-10-17 02:41:19,36100.0,100.0,41500.0
1090,2021-10-17 02:41:19,36100.0,200.0,41400.0
1091,2021-10-17 02:40:55,36150.0,500.0,41200.0
1092,2021-10-17 02:40:49,36150.0,100.0,40700.0
1093,2021-10-17 02:40:49,36150.0,2000.0,40600.0
1094,2021-10-17 02:40:49,36150.0,200.0,38600.0
1095,2021-10-17 02:39:58,36150.0,300.0,38400.0
1096,2021-10-17 02:39:35,36150.0,500.0,38100.0
1097,2021-10-17 02:39:29,36150.0,200.0,37600.0
1098,2021-10-17 02:39:14,36150.0,500.0,37400.0
1099,2021-10-17 02:38:59,36150.0,100.0,36900.0
1100,2021-10-17 02:38:50,36150.0,500.0,36800.0
1101,2021-10-17 02:38:33,36150.0,500.0,36300.0
1102,2021-10-17 02:38:28,36150.0,500.0,35800.0
1103,2021-10-17 02:38:03,36150.0,100.0,35300.0
1104,2021-10-17 02:37:54,36150.0,1000.0,35200.0
1105,2021-10-17 02:37:38,36150.0,500.0,34200.0
1106,2021-10-17 02:37:30,36150.0,100.0,33700.0
1107,2021-10-17 02:37:30,36150.0,1200.0,33600.0
1108,2021-10-17 02:37:28,36150.0,100.0,32400.0
1109,2021-10-17 02:37:21,36150.0,300.0,32300.0
1110,2021-10-17 02:36:32,36150.0,3400.0,32000.0
1111,2021-10-17 02:36:32,36150.0,500.0,28600.0
1112,2021-10-17 02:36:32,36150.0,2000.0,28100.0
1113,2021-10-17 02:36:32,36150.0,100.0,26100.0
1114,2021-10-17 02:35:03,36200.0,1000.0,26000.0
1115,2021-10-17 02:33:25,36200.0,500.0,25000.0
1116,2021-10-17 02:32:57,36200.0,500.0,24500.0
1117,2021-10-17 02:31:27,36200.0,300.0,24000.0
1118,2021-10-17 02:30:46,36200.0,100.0,23700.0
1119,2021-10-17 02:30:21,36200.0,100.0,23600.0
1120,2021-10-17 02:30:00,36100.0,200.0,23500.0
1121,2021-10-17 02:30:00,36100.0,100.0,23300.0
1122,2021-10-17 02:28:54,36050.0,400.0,23200.0
1123,2021-10-17 02:28:54,36050.0,100.0,22800.0
1124,2021-10-17 02:28:54,36100.0,500.0,22700.0
1125,2021-10-17 02:28:47,36200.0,100.0,22200.0
1126,2021-10-17 02:28:18,36200.0,100.0,22100.0
1127,2021-10-17 02:28:18,36200.0,2200.0,22000.0
1128,2021-10-17 02:28:14,36200.0,1800.0,19800.0
1129,2021-10-17 02:27:58,36200.0,300.0,18000.0
1130,2021-10-17 02:27:27,36200.0,3700.0,17700.0
1131,2021-10-17 02:27:27,36200.0,1000.0,14000.0
1132,2021-10-17 02:27:27,36200.0,800.0,13000.0
1133,2021-10-17 02:27:11,36200.0,200.0,12200.0
1134,2021-10-17 02:27:11,36200.0,100.0,12000.0
1135,2021-10-17 02:27:11,36200.0,100.0,11900.0
1136,2021-10-17 02:27:11,36200.0,1000.0,11800.0
1137,2021-10-17 02:27:11,36200.0,300.0,10800.0
1138,2021-10-17 02:27:11,36200.0,300.0,10500.0
1139,2021-10-17 02:25:57,36200.0,100.0,10200.0
1140,2021-10-17 02:25:57,36200.0,100.0,10100.0
1141,2021-10-17 02:24:23,36300.0,300.0,10000.0
1142,2021-10-17 02:23:26,36300.0,1900.0,9700.0
1143,2021-10-17 02:22:56,36400.0,300.0,7800.0
1144,2021-10-17 02:21:35,36500.0,200.0,7500.0
1145,2021-10-17 02:19:48,36600.0,100.0,7300.0
1146,2021-10-17 02:19:48,36550.0,100.0,7200.0
1147,2021-10-17 02:19:48,36550.0,2300.0,7100.0
1148,2021-10-17 02:19:36,36500.0,100.0,4800.0
1149,2021-10-17 02:18:37,36550.0,100.0,4700.0
1150,2021-10-17 02:18:19,36500.0,200.0,4600.0
1151,2021-10-17 02:16:48,36400.0,500.0,4400.0
1152,2021-10-17 02:15:39,36400.0,500.0,3900.0
1153,2021-10-17 02:15:27,36400.0,500.0,3400.0
1154,2021-10-17 02:15:00,36400.0,500.0,2900.0
1155,2021-10-17 02:15:00,36400.0,200.0,2400.0
1156,2021-10-17 02:15:00,36400.0,400.0,2200.0
1157,2021-10-17 02:15:00,36400.0,300.0,1800.0
1158,2021-10-17 02:15:00,36400.0,300.0,1500.0
1159,2021-10-17 02:15:00,36400.0,200.0,1200.0
1160,2021-10-17 02:15:00,36400.0,300.0,1000.0
1161,2021-10-17 02:15:00,36400.0,100.0,700.0
1162,2021-10-17 02:15:00,36400.0,600.0,600.0
