,Time,Price,Volume_per_trade,Volume
0,2021-10-20 07:45:00,21200.0,600.0,5598700.0
1,2021-10-20 07:45:00,21200.0,10000.0,5598100.0
2,2021-10-20 07:45:00,21200.0,2800.0,5588100.0
3,2021-10-20 07:45:00,21200.0,16600.0,5585300.0
4,2021-10-20 07:45:00,21200.0,300.0,5568700.0
5,2021-10-20 07:45:00,21200.0,100.0,5568400.0
6,2021-10-20 07:45:00,21200.0,300.0,5568300.0
7,2021-10-20 07:45:00,21200.0,500.0,5568000.0
8,2021-10-20 07:45:00,21200.0,3000.0,5567500.0
9,2021-10-20 07:45:00,21200.0,1000.0,5564500.0
10,2021-10-20 07:45:00,21200.0,1200.0,5563500.0
11,2021-10-20 07:45:00,21200.0,200.0,5562300.0
12,2021-10-20 07:45:00,21200.0,2000.0,5562100.0
13,2021-10-20 07:45:00,21200.0,600.0,5560100.0
14,2021-10-20 07:45:00,21200.0,200.0,5559500.0
15,2021-10-20 07:45:00,21200.0,200.0,5559300.0
16,2021-10-20 07:45:00,21200.0,200.0,5559100.0
17,2021-10-20 07:45:00,21200.0,6600.0,5558900.0
18,2021-10-20 07:45:00,21200.0,2000.0,5552300.0
19,2021-10-20 07:45:00,21200.0,500.0,5550300.0
20,2021-10-20 07:45:00,21200.0,500.0,5549800.0
21,2021-10-20 07:45:00,21200.0,400.0,5549300.0
22,2021-10-20 07:45:00,21200.0,600.0,5548900.0
23,2021-10-20 07:45:00,21200.0,1000.0,5548300.0
24,2021-10-20 07:45:00,21200.0,500.0,5547300.0
25,2021-10-20 07:45:00,21200.0,1900.0,5546800.0
26,2021-10-20 07:45:00,21200.0,500.0,5544900.0
27,2021-10-20 07:45:00,21200.0,200.0,5544400.0
28,2021-10-20 07:45:00,21200.0,800.0,5544200.0
29,2021-10-20 07:45:00,21200.0,5000.0,5543400.0
30,2021-10-20 07:45:00,21200.0,3100.0,5538400.0
31,2021-10-20 07:45:00,21200.0,1900.0,5535300.0
32,2021-10-20 07:45:00,21200.0,2100.0,5533400.0
33,2021-10-20 07:45:00,21200.0,2900.0,5531300.0
34,2021-10-20 07:45:00,21200.0,6100.0,5528400.0
35,2021-10-20 07:45:00,21200.0,300.0,5522300.0
36,2021-10-20 07:45:00,21200.0,200.0,5522000.0
37,2021-10-20 07:45:00,21200.0,100.0,5521800.0
38,2021-10-20 07:45:00,21200.0,800.0,5521700.0
39,2021-10-20 07:45:00,21200.0,400.0,5520900.0
40,2021-10-20 07:45:00,21200.0,300.0,5520500.0
41,2021-10-20 07:45:00,21200.0,100.0,5520200.0
42,2021-10-20 07:45:00,21200.0,1000.0,5520100.0
43,2021-10-20 07:45:00,21200.0,700.0,5519100.0
44,2021-10-20 07:45:00,21200.0,3300.0,5518400.0
45,2021-10-20 07:45:00,21200.0,1700.0,5515100.0
46,2021-10-20 07:45:00,21200.0,2300.0,5513400.0
47,2021-10-20 07:45:00,21200.0,1600.0,5511100.0
48,2021-10-20 07:45:00,21200.0,8000.0,5509500.0
49,2021-10-20 07:45:00,21200.0,300.0,5501500.0
50,2021-10-20 07:45:00,21200.0,2800.0,5501200.0
51,2021-10-20 07:45:00,21200.0,200.0,5498400.0
52,2021-10-20 07:45:00,21200.0,2000.0,5498200.0
53,2021-10-20 07:45:00,21200.0,3000.0,5496200.0
54,2021-10-20 07:45:00,21200.0,7000.0,5493200.0
55,2021-10-20 07:45:00,21200.0,300.0,5486200.0
56,2021-10-20 07:45:00,21200.0,2700.0,5485900.0
57,2021-10-20 07:45:00,21200.0,100.0,5483200.0
58,2021-10-20 07:45:00,21200.0,500.0,5483100.0
59,2021-10-20 07:45:00,21200.0,100.0,5482600.0
60,2021-10-20 07:45:00,21200.0,500.0,5482500.0
61,2021-10-20 07:45:00,21200.0,2000.0,5482000.0
62,2021-10-20 07:45:00,21200.0,300.0,5480000.0
63,2021-10-20 07:45:00,21200.0,100.0,5479700.0
64,2021-10-20 07:45:00,21200.0,300.0,5479600.0
65,2021-10-20 07:45:00,21200.0,1000.0,5479300.0
66,2021-10-20 07:45:00,21200.0,100.0,5478300.0
67,2021-10-20 07:45:00,21200.0,400.0,5478200.0
68,2021-10-20 07:45:00,21200.0,1000.0,5477800.0
69,2021-10-20 07:45:00,21200.0,10000.0,5476800.0
70,2021-10-20 07:45:00,21200.0,2000.0,5466800.0
71,2021-10-20 07:45:00,21200.0,100.0,5464800.0
72,2021-10-20 07:45:00,21200.0,200.0,5464700.0
73,2021-10-20 07:45:00,21200.0,200.0,5464500.0
74,2021-10-20 07:45:00,21200.0,100.0,5464300.0
75,2021-10-20 07:45:00,21200.0,300.0,5464200.0
76,2021-10-20 07:45:00,21200.0,10000.0,5463900.0
77,2021-10-20 07:45:00,21200.0,1000.0,5453900.0
78,2021-10-20 07:45:00,21200.0,2000.0,5452900.0
79,2021-10-20 07:45:00,21200.0,3000.0,5450900.0
80,2021-10-20 07:45:00,21200.0,5000.0,5447900.0
81,2021-10-20 07:45:00,21200.0,25000.0,5442900.0
82,2021-10-20 07:45:00,21200.0,2000.0,5417900.0
83,2021-10-20 07:45:00,21200.0,200.0,5415900.0
84,2021-10-20 07:45:00,21200.0,2800.0,5415700.0
85,2021-10-20 07:45:00,21200.0,2000.0,5412900.0
86,2021-10-20 07:45:00,21200.0,100.0,5410900.0
87,2021-10-20 07:45:00,21200.0,1000.0,5410800.0
88,2021-10-20 07:45:00,21200.0,2000.0,5409800.0
89,2021-10-20 07:45:00,21200.0,2000.0,5407800.0
90,2021-10-20 07:45:00,21200.0,2000.0,5405800.0
91,2021-10-20 07:45:00,21200.0,8100.0,5403800.0
92,2021-10-20 07:45:00,21200.0,500.0,5395700.0
93,2021-10-20 07:45:00,21200.0,200.0,5395200.0
94,2021-10-20 07:45:00,21200.0,900.0,5395000.0
95,2021-10-20 07:45:00,21200.0,300.0,5394100.0
96,2021-10-20 07:45:00,21200.0,100.0,5393800.0
97,2021-10-20 07:45:00,21200.0,200.0,5393700.0
98,2021-10-20 07:29:56,21200.0,2200.0,5393500.0
99,2021-10-20 07:29:55,21200.0,2800.0,5391300.0
100,2021-10-20 07:29:55,21250.0,10000.0,5388500.0
101,2021-10-20 07:29:53,21200.0,100.0,5378500.0
102,2021-10-20 07:29:53,21200.0,100.0,5378400.0
103,2021-10-20 07:29:44,21200.0,5000.0,5378300.0
104,2021-10-20 07:29:41,21200.0,100.0,5373300.0
105,2021-10-20 07:29:34,21150.0,400.0,5373200.0
106,2021-10-20 07:29:34,21150.0,100.0,5372800.0
107,2021-10-20 07:29:34,21150.0,100.0,5372700.0
108,2021-10-20 07:29:34,21150.0,300.0,5372600.0
109,2021-10-20 07:29:33,21150.0,1000.0,5372300.0
110,2021-10-20 07:29:32,21150.0,1000.0,5371300.0
111,2021-10-20 07:29:31,21150.0,100.0,5370300.0
112,2021-10-20 07:29:28,21200.0,1500.0,5370200.0
113,2021-10-20 07:29:28,21200.0,200.0,5368700.0
114,2021-10-20 07:29:28,21200.0,1000.0,5368500.0
115,2021-10-20 07:29:28,21200.0,300.0,5367500.0
116,2021-10-20 07:29:25,21150.0,1000.0,5367200.0
117,2021-10-20 07:29:23,21200.0,500.0,5366200.0
118,2021-10-20 07:29:20,21150.0,1500.0,5365700.0
119,2021-10-20 07:29:14,21200.0,300.0,5364200.0
120,2021-10-20 07:29:12,21200.0,900.0,5363900.0
121,2021-10-20 07:29:12,21200.0,100.0,5363000.0
122,2021-10-20 07:29:09,21200.0,100.0,5362900.0
123,2021-10-20 07:29:09,21200.0,4900.0,5362800.0
124,2021-10-20 07:29:06,21200.0,5000.0,5357900.0
125,2021-10-20 07:29:04,21200.0,100.0,5352900.0
126,2021-10-20 07:29:04,21200.0,4900.0,5352800.0
127,2021-10-20 07:28:51,21150.0,100.0,5347900.0
128,2021-10-20 07:28:40,21150.0,400.0,5347800.0
129,2021-10-20 07:28:40,21150.0,100.0,5347400.0
130,2021-10-20 07:28:40,21150.0,300.0,5347300.0
131,2021-10-20 07:28:40,21150.0,200.0,5347000.0
132,2021-10-20 07:28:37,21100.0,1000.0,5346800.0
133,2021-10-20 07:28:34,21000.0,700.0,5345800.0
134,2021-10-20 07:28:34,21000.0,100.0,5345100.0
135,2021-10-20 07:28:34,21000.0,7100.0,5345000.0
136,2021-10-20 07:28:33,21100.0,1700.0,5337900.0
137,2021-10-20 07:28:30,21150.0,100.0,5336200.0
138,2021-10-20 07:28:28,21100.0,500.0,5336100.0
139,2021-10-20 07:28:28,21100.0,100.0,5335600.0
140,2021-10-20 07:28:28,21100.0,1000.0,5335500.0
141,2021-10-20 07:28:28,21100.0,800.0,5334500.0
142,2021-10-20 07:28:28,21050.0,200.0,5333700.0
143,2021-10-20 07:28:28,21050.0,700.0,5333500.0
144,2021-10-20 07:28:28,21000.0,2900.0,5332800.0
145,2021-10-20 07:28:28,21000.0,400.0,5329900.0
146,2021-10-20 07:28:26,21050.0,4600.0,5329500.0
147,2021-10-20 07:28:26,21050.0,400.0,5324900.0
148,2021-10-20 07:28:21,21050.0,100.0,5324500.0
149,2021-10-20 07:28:17,21050.0,100.0,5324400.0
150,2021-10-20 07:28:15,21050.0,400.0,5324300.0
151,2021-10-20 07:28:13,21050.0,500.0,5323900.0
152,2021-10-20 07:28:12,21100.0,5000.0,5323400.0
153,2021-10-20 07:28:12,21000.0,9600.0,5318400.0
154,2021-10-20 07:28:12,21000.0,1100.0,5308800.0
155,2021-10-20 07:28:12,21000.0,14500.0,5307700.0
156,2021-10-20 07:28:12,21050.0,5000.0,5293200.0
157,2021-10-20 07:28:12,21050.0,100.0,5288200.0
158,2021-10-20 07:28:12,21050.0,5000.0,5288100.0
159,2021-10-20 07:28:12,21050.0,500.0,5283100.0
160,2021-10-20 07:28:12,21050.0,3000.0,5282600.0
161,2021-10-20 07:27:58,21100.0,2000.0,5279600.0
162,2021-10-20 07:27:55,21000.0,5500.0,5277600.0
163,2021-10-20 07:27:55,21000.0,200.0,5272100.0
164,2021-10-20 07:27:55,21000.0,500.0,5271900.0
165,2021-10-20 07:27:55,21000.0,10900.0,5271400.0
166,2021-10-20 07:27:55,21050.0,1000.0,5260500.0
167,2021-10-20 07:27:55,21050.0,1000.0,5259500.0
168,2021-10-20 07:27:55,21050.0,100.0,5258500.0
169,2021-10-20 07:27:55,21050.0,800.0,5258400.0
170,2021-10-20 07:27:47,21100.0,1000.0,5257600.0
171,2021-10-20 07:27:45,21100.0,200.0,5256600.0
172,2021-10-20 07:27:39,21050.0,200.0,5256400.0
173,2021-10-20 07:27:39,21100.0,3000.0,5256200.0
174,2021-10-20 07:27:39,21100.0,100.0,5253200.0
175,2021-10-20 07:27:39,21100.0,500.0,5253100.0
176,2021-10-20 07:27:39,21100.0,200.0,5252600.0
177,2021-10-20 07:27:35,21150.0,200.0,5252400.0
178,2021-10-20 07:27:32,21150.0,200.0,5252200.0
179,2021-10-20 07:27:29,21150.0,300.0,5252000.0
180,2021-10-20 07:27:29,21150.0,100.0,5251700.0
181,2021-10-20 07:27:20,21150.0,100.0,5251600.0
182,2021-10-20 07:27:18,21150.0,300.0,5251500.0
183,2021-10-20 07:27:18,21150.0,1000.0,5251200.0
184,2021-10-20 07:27:18,21150.0,500.0,5250200.0
185,2021-10-20 07:27:17,21150.0,500.0,5249700.0
186,2021-10-20 07:27:13,21150.0,600.0,5249200.0
187,2021-10-20 07:27:01,21150.0,200.0,5248600.0
188,2021-10-20 07:27:00,21150.0,100.0,5248400.0
189,2021-10-20 07:26:57,21150.0,500.0,5248300.0
190,2021-10-20 07:26:57,21150.0,100.0,5247800.0
191,2021-10-20 07:26:46,21200.0,100.0,5247700.0
192,2021-10-20 07:26:39,21200.0,5000.0,5247600.0
193,2021-10-20 07:26:21,21250.0,2100.0,5242600.0
194,2021-10-20 07:26:21,21250.0,1000.0,5240500.0
195,2021-10-20 07:26:21,21250.0,300.0,5239500.0
196,2021-10-20 07:26:21,21250.0,200.0,5239200.0
197,2021-10-20 07:26:21,21200.0,2400.0,5239000.0
198,2021-10-20 07:26:21,21200.0,4000.0,5236600.0
199,2021-10-20 07:26:15,21100.0,800.0,5232600.0
200,2021-10-20 07:26:15,21100.0,1500.0,5231800.0
201,2021-10-20 07:26:15,21100.0,1000.0,5230300.0
202,2021-10-20 07:26:15,21100.0,500.0,5229300.0
203,2021-10-20 07:26:15,21100.0,18900.0,5228800.0
204,2021-10-20 07:26:15,21150.0,1000.0,5209900.0
205,2021-10-20 07:26:15,21150.0,1000.0,5208900.0
206,2021-10-20 07:26:15,21150.0,1000.0,5207900.0
207,2021-10-20 07:26:15,21150.0,300.0,5206900.0
208,2021-10-20 07:26:15,21150.0,1000.0,5206600.0
209,2021-10-20 07:26:15,21150.0,200.0,5205600.0
210,2021-10-20 07:26:15,21150.0,6300.0,5205400.0
211,2021-10-20 07:26:15,21200.0,1000.0,5199100.0
212,2021-10-20 07:26:15,21200.0,100.0,5198100.0
213,2021-10-20 07:26:15,21200.0,1200.0,5198000.0
214,2021-10-20 07:26:13,21200.0,100.0,5196800.0
215,2021-10-20 07:26:12,21200.0,700.0,5196700.0
216,2021-10-20 07:26:12,21200.0,100.0,5196000.0
217,2021-10-20 07:26:12,21200.0,1000.0,5195900.0
218,2021-10-20 07:26:12,21200.0,100.0,5194900.0
219,2021-10-20 07:26:12,21200.0,100.0,5194800.0
220,2021-10-20 07:26:12,21200.0,100.0,5194700.0
221,2021-10-20 07:26:12,21200.0,2000.0,5194600.0
222,2021-10-20 07:26:12,21200.0,3900.0,5192600.0
223,2021-10-20 07:26:10,21200.0,600.0,5188700.0
224,2021-10-20 07:26:01,21200.0,1900.0,5188100.0
225,2021-10-20 07:26:01,21200.0,5000.0,5186200.0
226,2021-10-20 07:26:01,21200.0,100.0,5181200.0
227,2021-10-20 07:26:01,21200.0,1000.0,5181100.0
228,2021-10-20 07:26:01,21200.0,100.0,5180100.0
229,2021-10-20 07:26:01,21200.0,800.0,5180000.0
230,2021-10-20 07:25:56,21200.0,900.0,5179200.0
231,2021-10-20 07:25:56,21250.0,1500.0,5178300.0
232,2021-10-20 07:25:53,21200.0,200.0,5176800.0
233,2021-10-20 07:25:50,21200.0,100.0,5176600.0
234,2021-10-20 07:25:36,21200.0,500.0,5176500.0
235,2021-10-20 07:25:36,21200.0,2000.0,5176000.0
236,2021-10-20 07:25:33,21250.0,300.0,5174000.0
237,2021-10-20 07:25:33,21250.0,100.0,5173700.0
238,2021-10-20 07:25:33,21250.0,500.0,5173600.0
239,2021-10-20 07:25:33,21250.0,600.0,5173100.0
240,2021-10-20 07:25:31,21200.0,100.0,5172500.0
241,2021-10-20 07:25:28,21200.0,1000.0,5172400.0
242,2021-10-20 07:25:27,21200.0,900.0,5171400.0
243,2021-10-20 07:25:27,21200.0,900.0,5170500.0
244,2021-10-20 07:25:23,21200.0,3100.0,5169600.0
245,2021-10-20 07:25:23,21200.0,300.0,5166500.0
246,2021-10-20 07:25:20,21200.0,200.0,5166200.0
247,2021-10-20 07:25:20,21200.0,500.0,5166000.0
248,2021-10-20 07:25:20,21200.0,5000.0,5165500.0
249,2021-10-20 07:25:20,21200.0,900.0,5160500.0
250,2021-10-20 07:25:16,21200.0,100.0,5159600.0
251,2021-10-20 07:25:10,21200.0,600.0,5159500.0
252,2021-10-20 07:25:10,21200.0,2400.0,5158900.0
253,2021-10-20 07:25:10,21200.0,100.0,5156500.0
254,2021-10-20 07:25:10,21200.0,2500.0,5156400.0
255,2021-10-20 07:25:10,21200.0,5000.0,5153900.0
256,2021-10-20 07:25:02,21200.0,2000.0,5148900.0
257,2021-10-20 07:24:55,21150.0,1000.0,5146900.0
258,2021-10-20 07:24:48,21150.0,1000.0,5145900.0
259,2021-10-20 07:24:48,21150.0,100.0,5144900.0
260,2021-10-20 07:24:48,21150.0,1600.0,5144800.0
261,2021-10-20 07:24:47,21150.0,3400.0,5143200.0
262,2021-10-20 07:24:47,21150.0,600.0,5139800.0
263,2021-10-20 07:24:47,21150.0,6000.0,5139200.0
264,2021-10-20 07:24:46,21150.0,7600.0,5133200.0
265,2021-10-20 07:24:45,21100.0,700.0,5125600.0
266,2021-10-20 07:24:44,21150.0,5000.0,5124900.0
267,2021-10-20 07:24:40,21100.0,200.0,5119900.0
268,2021-10-20 07:24:40,21100.0,200.0,5119700.0
269,2021-10-20 07:24:35,21100.0,300.0,5119500.0
270,2021-10-20 07:24:35,21000.0,9100.0,5119200.0
271,2021-10-20 07:24:35,21000.0,100.0,5110100.0
272,2021-10-20 07:24:35,21000.0,100.0,5110000.0
273,2021-10-20 07:24:35,21000.0,1700.0,5109900.0
274,2021-10-20 07:24:33,21000.0,3000.0,5108200.0
275,2021-10-20 07:24:26,21000.0,200.0,5105200.0
276,2021-10-20 07:24:26,21100.0,200.0,5105000.0
277,2021-10-20 07:24:24,21100.0,1800.0,5104800.0
278,2021-10-20 07:24:16,21000.0,100.0,5103000.0
279,2021-10-20 07:24:14,21100.0,3200.0,5102900.0
280,2021-10-20 07:24:14,21100.0,200.0,5099700.0
281,2021-10-20 07:24:14,21100.0,100.0,5099500.0
282,2021-10-20 07:24:14,21100.0,1000.0,5099400.0
283,2021-10-20 07:24:14,21050.0,5000.0,5098400.0
284,2021-10-20 07:24:14,21050.0,2000.0,5093400.0
285,2021-10-20 07:24:14,21000.0,800.0,5091400.0
286,2021-10-20 07:24:14,21000.0,300.0,5090600.0
287,2021-10-20 07:24:14,21000.0,5000.0,5090300.0
288,2021-10-20 07:24:14,21000.0,100.0,5085300.0
289,2021-10-20 07:24:14,21000.0,1000.0,5085200.0
290,2021-10-20 07:24:14,21000.0,3000.0,5084200.0
291,2021-10-20 07:24:14,21000.0,8300.0,5081200.0
292,2021-10-20 07:24:08,21000.0,100.0,5072900.0
293,2021-10-20 07:24:07,20950.0,700.0,5072800.0
294,2021-10-20 07:24:02,20950.0,1700.0,5072100.0
295,2021-10-20 07:24:02,20950.0,1000.0,5070400.0
296,2021-10-20 07:24:02,20950.0,300.0,5069400.0
297,2021-10-20 07:24:01,21000.0,2000.0,5069100.0
298,2021-10-20 07:24:00,21000.0,9600.0,5067100.0
299,2021-10-20 07:24:00,21000.0,400.0,5057500.0
300,2021-10-20 07:23:57,20950.0,500.0,5057100.0
301,2021-10-20 07:23:53,21000.0,2000.0,5056600.0
302,2021-10-20 07:23:53,21000.0,5000.0,5054600.0
303,2021-10-20 07:23:53,21000.0,100.0,5049600.0
304,2021-10-20 07:23:50,21000.0,100.0,5049500.0
305,2021-10-20 07:23:49,20950.0,8500.0,5049400.0
306,2021-10-20 07:23:49,20950.0,5000.0,5040900.0
307,2021-10-20 07:23:49,20950.0,5000.0,5035900.0
308,2021-10-20 07:23:49,20950.0,700.0,5030900.0
309,2021-10-20 07:23:49,20950.0,800.0,5030200.0
310,2021-10-20 07:23:47,20950.0,200.0,5029400.0
311,2021-10-20 07:23:47,20950.0,500.0,5029200.0
312,2021-10-20 07:23:44,21000.0,200.0,5028700.0
313,2021-10-20 07:23:39,21000.0,2000.0,5028500.0
314,2021-10-20 07:23:37,20900.0,300.0,5026500.0
315,2021-10-20 07:23:37,20900.0,1000.0,5026200.0
316,2021-10-20 07:23:37,20900.0,1000.0,5025200.0
317,2021-10-20 07:23:37,20950.0,700.0,5024200.0
318,2021-10-20 07:23:37,20950.0,300.0,5023500.0
319,2021-10-20 07:23:36,20950.0,4700.0,5023200.0
320,2021-10-20 07:23:34,20950.0,300.0,5018500.0
321,2021-10-20 07:23:30,20950.0,1000.0,5018200.0
322,2021-10-20 07:23:30,20950.0,3700.0,5017200.0
323,2021-10-20 07:23:27,20950.0,700.0,5013500.0
324,2021-10-20 07:23:27,21000.0,200.0,5012800.0
325,2021-10-20 07:23:27,21000.0,300.0,5012600.0
326,2021-10-20 07:23:26,20950.0,4200.0,5012300.0
327,2021-10-20 07:23:26,20950.0,500.0,5008100.0
328,2021-10-20 07:23:26,20950.0,300.0,5007600.0
329,2021-10-20 07:23:24,21000.0,1000.0,5007300.0
330,2021-10-20 07:23:24,21000.0,2000.0,5006300.0
331,2021-10-20 07:23:20,20950.0,200.0,5004300.0
332,2021-10-20 07:23:20,20950.0,100.0,5004100.0
333,2021-10-20 07:23:19,21000.0,1700.0,5004000.0
334,2021-10-20 07:23:19,21000.0,1000.0,5002300.0
335,2021-10-20 07:23:19,21000.0,300.0,5001300.0
336,2021-10-20 07:23:19,21000.0,3500.0,5001000.0
337,2021-10-20 07:23:19,21000.0,10000.0,4997500.0
338,2021-10-20 07:23:19,21000.0,1000.0,4987500.0
339,2021-10-20 07:23:19,21000.0,200.0,4986500.0
340,2021-10-20 07:23:19,21000.0,100.0,4986300.0
341,2021-10-20 07:23:19,21000.0,500.0,4986200.0
342,2021-10-20 07:23:19,21000.0,1000.0,4985700.0
343,2021-10-20 07:23:19,21000.0,3900.0,4984700.0
344,2021-10-20 07:23:16,21000.0,200.0,4980800.0
345,2021-10-20 07:23:12,21000.0,400.0,4980600.0
346,2021-10-20 07:23:11,21000.0,500.0,4980200.0
347,2021-10-20 07:23:09,20950.0,700.0,4979700.0
348,2021-10-20 07:23:06,20950.0,1000.0,4979000.0
349,2021-10-20 07:23:06,21000.0,9100.0,4978000.0
350,2021-10-20 07:23:03,20950.0,300.0,4968900.0
351,2021-10-20 07:22:50,20950.0,900.0,4968600.0
352,2021-10-20 07:22:50,20950.0,200.0,4967700.0
353,2021-10-20 07:22:50,20950.0,2000.0,4967500.0
354,2021-10-20 07:22:50,20950.0,1000.0,4965500.0
355,2021-10-20 07:22:50,20950.0,500.0,4964500.0
356,2021-10-20 07:22:50,20900.0,100.0,4964000.0
357,2021-10-20 07:22:49,20850.0,300.0,4963900.0
358,2021-10-20 07:22:49,20850.0,1000.0,4963600.0
359,2021-10-20 07:22:49,20850.0,200.0,4962600.0
360,2021-10-20 07:22:42,20900.0,1000.0,4962400.0
361,2021-10-20 07:22:34,20950.0,100.0,4961400.0
362,2021-10-20 07:22:34,20950.0,400.0,4961300.0
363,2021-10-20 07:22:32,20950.0,500.0,4960900.0
364,2021-10-20 07:22:31,20950.0,100.0,4960400.0
365,2021-10-20 07:22:30,20850.0,1800.0,4960300.0
366,2021-10-20 07:22:30,20950.0,1000.0,4958500.0
367,2021-10-20 07:22:29,20850.0,1500.0,4957500.0
368,2021-10-20 07:22:29,20900.0,500.0,4956000.0
369,2021-10-20 07:22:29,20900.0,2000.0,4955500.0
370,2021-10-20 07:22:29,20900.0,1000.0,4953500.0
371,2021-10-20 07:22:29,21000.0,5900.0,4952500.0
372,2021-10-20 07:22:29,21000.0,4000.0,4946600.0
373,2021-10-20 07:22:29,20950.0,100.0,4942600.0
374,2021-10-20 07:22:22,20950.0,200.0,4942500.0
375,2021-10-20 07:22:15,20850.0,3200.0,4942300.0
376,2021-10-20 07:22:15,20900.0,800.0,4939100.0
377,2021-10-20 07:22:15,20900.0,3000.0,4938300.0
378,2021-10-20 07:22:15,20900.0,1000.0,4935300.0
379,2021-10-20 07:22:15,20900.0,2000.0,4934300.0
380,2021-10-20 07:22:14,20950.0,4700.0,4932300.0
381,2021-10-20 07:22:14,20950.0,100.0,4927600.0
382,2021-10-20 07:22:14,20950.0,14600.0,4927500.0
383,2021-10-20 07:22:14,20950.0,600.0,4912900.0
384,2021-10-20 07:22:10,20900.0,1000.0,4912300.0
385,2021-10-20 07:22:10,20900.0,800.0,4911300.0
386,2021-10-20 07:22:02,20900.0,100.0,4910500.0
387,2021-10-20 07:22:02,20900.0,100.0,4910400.0
388,2021-10-20 07:22:02,20900.0,300.0,4910300.0
389,2021-10-20 07:22:02,20900.0,3500.0,4910000.0
390,2021-10-20 07:22:01,20900.0,1500.0,4906500.0
391,2021-10-20 07:22:01,20900.0,500.0,4905000.0
392,2021-10-20 07:22:00,20900.0,100.0,4904500.0
393,2021-10-20 07:21:58,20850.0,200.0,4904400.0
394,2021-10-20 07:21:54,20900.0,49400.0,4904200.0
395,2021-10-20 07:21:54,20900.0,600.0,4854800.0
396,2021-10-20 07:21:53,20850.0,3100.0,4854200.0
397,2021-10-20 07:21:53,20850.0,100.0,4851100.0
398,2021-10-20 07:21:53,20850.0,700.0,4851000.0
399,2021-10-20 07:21:53,20850.0,500.0,4850300.0
400,2021-10-20 07:21:53,20850.0,500.0,4849800.0
401,2021-10-20 07:21:53,20850.0,200.0,4849300.0
402,2021-10-20 07:21:53,20850.0,600.0,4849100.0
403,2021-10-20 07:21:53,20850.0,300.0,4848500.0
404,2021-10-20 07:21:53,20850.0,8400.0,4848200.0
405,2021-10-20 07:21:53,20850.0,1000.0,4839800.0
406,2021-10-20 07:21:53,20850.0,5000.0,4838800.0
407,2021-10-20 07:21:53,20850.0,9600.0,4833800.0
408,2021-10-20 07:21:51,20850.0,400.0,4824200.0
409,2021-10-20 07:21:51,20850.0,500.0,4823800.0
410,2021-10-20 07:21:51,20850.0,100.0,4823300.0
411,2021-10-20 07:21:51,20850.0,1800.0,4823200.0
412,2021-10-20 07:21:50,20850.0,5500.0,4821400.0
413,2021-10-20 07:21:50,20850.0,1000.0,4815900.0
414,2021-10-20 07:21:50,20850.0,1500.0,4814900.0
415,2021-10-20 07:21:46,20850.0,400.0,4813400.0
416,2021-10-20 07:21:32,20850.0,4000.0,4813000.0
417,2021-10-20 07:21:32,20850.0,2100.0,4809000.0
418,2021-10-20 07:21:29,20850.0,600.0,4806900.0
419,2021-10-20 07:21:25,20850.0,200.0,4806300.0
420,2021-10-20 07:21:14,20850.0,20000.0,4806100.0
421,2021-10-20 07:21:13,20850.0,1000.0,4786100.0
422,2021-10-20 07:21:13,20850.0,100.0,4785100.0
423,2021-10-20 07:21:13,20850.0,1000.0,4785000.0
424,2021-10-20 07:21:13,20850.0,4100.0,4784000.0
425,2021-10-20 07:21:12,20800.0,1700.0,4779900.0
426,2021-10-20 07:21:12,20800.0,700.0,4778200.0
427,2021-10-20 07:21:11,20850.0,300.0,4777500.0
428,2021-10-20 07:21:11,20850.0,2000.0,4777200.0
429,2021-10-20 07:21:10,20850.0,1000.0,4775200.0
430,2021-10-20 07:21:09,20850.0,2000.0,4774200.0
431,2021-10-20 07:21:08,20850.0,3000.0,4772200.0
432,2021-10-20 07:21:07,20850.0,20000.0,4769200.0
433,2021-10-20 07:21:02,20850.0,500.0,4749200.0
434,2021-10-20 07:21:02,20850.0,1000.0,4748700.0
435,2021-10-20 07:20:59,20850.0,3000.0,4747700.0
436,2021-10-20 07:20:58,20850.0,1000.0,4744700.0
437,2021-10-20 07:20:57,20850.0,300.0,4743700.0
438,2021-10-20 07:20:55,20850.0,400.0,4743400.0
439,2021-10-20 07:20:54,20850.0,4000.0,4743000.0
440,2021-10-20 07:20:54,20800.0,300.0,4739000.0
441,2021-10-20 07:20:54,20800.0,200.0,4738700.0
442,2021-10-20 07:20:53,20850.0,7400.0,4738500.0
443,2021-10-20 07:20:53,20850.0,1700.0,4731100.0
444,2021-10-20 07:20:53,20800.0,300.0,4729400.0
445,2021-10-20 07:20:53,20800.0,2000.0,4729100.0
446,2021-10-20 07:20:53,20800.0,100.0,4727100.0
447,2021-10-20 07:20:51,20800.0,10000.0,4727000.0
448,2021-10-20 07:20:44,20850.0,1000.0,4717000.0
449,2021-10-20 07:20:42,20800.0,300.0,4716000.0
450,2021-10-20 07:20:41,20800.0,1000.0,4715700.0
451,2021-10-20 07:20:41,20850.0,100.0,4714700.0
452,2021-10-20 07:20:40,20850.0,1000.0,4714600.0
453,2021-10-20 07:20:40,20850.0,500.0,4713600.0
454,2021-10-20 07:20:34,20800.0,2400.0,4713100.0
455,2021-10-20 07:20:32,20850.0,700.0,4710700.0
456,2021-10-20 07:20:32,20850.0,500.0,4710000.0
457,2021-10-20 07:20:30,20800.0,2400.0,4709500.0
458,2021-10-20 07:20:30,20800.0,2000.0,4707100.0
459,2021-10-20 07:20:30,20800.0,2000.0,4705100.0
460,2021-10-20 07:20:30,20800.0,400.0,4703100.0
461,2021-10-20 07:20:29,20800.0,500.0,4702700.0
462,2021-10-20 07:20:28,20800.0,100.0,4702200.0
463,2021-10-20 07:20:28,20800.0,500.0,4702100.0
464,2021-10-20 07:20:28,20800.0,1000.0,4701600.0
465,2021-10-20 07:20:28,20800.0,1400.0,4700600.0
466,2021-10-20 07:20:28,20750.0,2300.0,4699200.0
467,2021-10-20 07:20:26,20800.0,3600.0,4696900.0
468,2021-10-20 07:20:26,20800.0,1400.0,4693300.0
469,2021-10-20 07:20:26,20750.0,1500.0,4691900.0
470,2021-10-20 07:20:26,20800.0,1300.0,4690400.0
471,2021-10-20 07:20:22,20750.0,600.0,4689100.0
472,2021-10-20 07:20:20,20750.0,4500.0,4688500.0
473,2021-10-20 07:20:17,20750.0,700.0,4684000.0
474,2021-10-20 07:20:16,20750.0,800.0,4683300.0
475,2021-10-20 07:20:16,20750.0,200.0,4682500.0
476,2021-10-20 07:20:15,20750.0,500.0,4682300.0
477,2021-10-20 07:20:14,20750.0,200.0,4681800.0
478,2021-10-20 07:20:14,20750.0,1000.0,4681600.0
479,2021-10-20 07:20:14,20750.0,100.0,4680600.0
480,2021-10-20 07:20:14,20750.0,400.0,4680500.0
481,2021-10-20 07:20:11,20750.0,2000.0,4680100.0
482,2021-10-20 07:20:09,20750.0,100.0,4678100.0
483,2021-10-20 07:20:08,20750.0,800.0,4678000.0
484,2021-10-20 07:20:08,20750.0,600.0,4677200.0
485,2021-10-20 07:20:08,20750.0,100.0,4676600.0
486,2021-10-20 07:20:05,20700.0,2000.0,4676500.0
487,2021-10-20 07:20:04,20750.0,100.0,4674500.0
488,2021-10-20 07:20:03,20700.0,500.0,4674400.0
489,2021-10-20 07:20:03,20750.0,100.0,4673900.0
490,2021-10-20 07:20:02,20750.0,800.0,4673800.0
491,2021-10-20 07:20:01,20750.0,300.0,4673000.0
492,2021-10-20 07:19:59,20750.0,1000.0,4672700.0
493,2021-10-20 07:19:58,20750.0,200.0,4671700.0
494,2021-10-20 07:19:55,20750.0,100.0,4671500.0
495,2021-10-20 07:19:52,20800.0,36700.0,4671400.0
496,2021-10-20 07:19:52,20750.0,20000.0,4634700.0
497,2021-10-20 07:19:52,20750.0,10000.0,4614700.0
498,2021-10-20 07:19:52,20750.0,2000.0,4604700.0
499,2021-10-20 07:19:52,20750.0,6000.0,4602700.0
500,2021-10-20 07:19:52,20750.0,500.0,4596700.0
501,2021-10-20 07:19:52,20750.0,1500.0,4596200.0
502,2021-10-20 07:19:52,20750.0,500.0,4594700.0
503,2021-10-20 07:19:52,20750.0,22800.0,4594200.0
504,2021-10-20 07:19:52,20700.0,200.0,4571400.0
505,2021-10-20 07:19:51,20750.0,3800.0,4571200.0
506,2021-10-20 07:19:49,20750.0,2000.0,4567400.0
507,2021-10-20 07:19:49,20700.0,1000.0,4565400.0
508,2021-10-20 07:19:48,20700.0,800.0,4564400.0
509,2021-10-20 07:19:48,20700.0,100.0,4563600.0
510,2021-10-20 07:19:48,20700.0,100.0,4563500.0
511,2021-10-20 07:19:48,20700.0,1000.0,4563400.0
512,2021-10-20 07:19:48,20700.0,100.0,4562400.0
513,2021-10-20 07:19:48,20700.0,5000.0,4562300.0
514,2021-10-20 07:19:48,20700.0,2900.0,4557300.0
515,2021-10-20 07:19:45,20700.0,500.0,4554400.0
516,2021-10-20 07:19:45,20750.0,1400.0,4553900.0
517,2021-10-20 07:19:44,20750.0,2500.0,4552500.0
518,2021-10-20 07:19:44,20750.0,3000.0,4550000.0
519,2021-10-20 07:19:40,20700.0,2000.0,4547000.0
520,2021-10-20 07:19:39,20750.0,100.0,4545000.0
521,2021-10-20 07:19:38,20700.0,4600.0,4544900.0
522,2021-10-20 07:19:38,20700.0,400.0,4540300.0
523,2021-10-20 07:19:37,20750.0,1000.0,4539900.0
524,2021-10-20 07:19:35,20700.0,2600.0,4538900.0
525,2021-10-20 07:19:35,20700.0,100.0,4536300.0
526,2021-10-20 07:19:35,20700.0,100.0,4536200.0
527,2021-10-20 07:19:34,20750.0,4400.0,4536100.0
528,2021-10-20 07:19:33,20750.0,100.0,4531700.0
529,2021-10-20 07:19:31,20750.0,3200.0,4531600.0
530,2021-10-20 07:19:31,20700.0,1800.0,4528400.0
531,2021-10-20 07:19:31,20700.0,2000.0,4526600.0
532,2021-10-20 07:19:31,20700.0,1000.0,4524600.0
533,2021-10-20 07:19:30,20700.0,2000.0,4523600.0
534,2021-10-20 07:19:28,20700.0,6000.0,4521600.0
535,2021-10-20 07:19:28,20700.0,10000.0,4515600.0
536,2021-10-20 07:19:28,20700.0,100.0,4505600.0
537,2021-10-20 07:19:28,20700.0,300.0,4505500.0
538,2021-10-20 07:19:28,20700.0,5000.0,4505200.0
539,2021-10-20 07:19:28,20700.0,100.0,4500200.0
540,2021-10-20 07:19:28,20700.0,7000.0,4500100.0
541,2021-10-20 07:19:28,20700.0,100.0,4493100.0
542,2021-10-20 07:19:28,20700.0,2800.0,4493000.0
543,2021-10-20 07:19:28,20700.0,100.0,4490200.0
544,2021-10-20 07:19:28,20700.0,1000.0,4490100.0
545,2021-10-20 07:19:28,20700.0,100.0,4489100.0
546,2021-10-20 07:19:28,20700.0,1000.0,4489000.0
547,2021-10-20 07:19:28,20700.0,500.0,4488000.0
548,2021-10-20 07:19:28,20700.0,100.0,4487500.0
549,2021-10-20 07:19:28,20700.0,500.0,4487400.0
550,2021-10-20 07:19:28,20700.0,1000.0,4486900.0
551,2021-10-20 07:19:28,20700.0,7500.0,4485900.0
552,2021-10-20 07:19:22,20750.0,500.0,4478400.0
553,2021-10-20 07:19:21,20750.0,1000.0,4477900.0
554,2021-10-20 07:19:20,20750.0,500.0,4476900.0
555,2021-10-20 07:19:20,20750.0,3700.0,4476400.0
556,2021-10-20 07:19:20,20750.0,1000.0,4472700.0
557,2021-10-20 07:19:20,20750.0,300.0,4471700.0
558,2021-10-20 07:19:17,20750.0,300.0,4471400.0
559,2021-10-20 07:19:17,20750.0,2700.0,4471100.0
560,2021-10-20 07:19:17,20750.0,300.0,4468400.0
561,2021-10-20 07:19:16,20750.0,1000.0,4468100.0
562,2021-10-20 07:19:16,20700.0,2800.0,4467100.0
563,2021-10-20 07:19:08,20750.0,2000.0,4464300.0
564,2021-10-20 07:19:08,20750.0,300.0,4462300.0
565,2021-10-20 07:19:08,20750.0,500.0,4462000.0
566,2021-10-20 07:19:08,20750.0,10000.0,4461500.0
567,2021-10-20 07:19:08,20750.0,3200.0,4451500.0
568,2021-10-20 07:19:06,20800.0,10000.0,4448300.0
569,2021-10-20 07:19:02,20750.0,100.0,4438300.0
570,2021-10-20 07:18:57,20750.0,1700.0,4438200.0
571,2021-10-20 07:18:57,20750.0,300.0,4436500.0
572,2021-10-20 07:18:55,20700.0,4700.0,4436200.0
573,2021-10-20 07:18:55,20700.0,500.0,4431500.0
574,2021-10-20 07:18:55,20700.0,300.0,4431000.0
575,2021-10-20 07:18:55,20700.0,1000.0,4430700.0
576,2021-10-20 07:18:55,20700.0,100.0,4429700.0
577,2021-10-20 07:18:55,20700.0,100.0,4429600.0
578,2021-10-20 07:18:55,20700.0,200.0,4429500.0
579,2021-10-20 07:18:55,20700.0,5000.0,4429300.0
580,2021-10-20 07:18:55,20700.0,200.0,4424300.0
581,2021-10-20 07:18:55,20700.0,1000.0,4424100.0
582,2021-10-20 07:18:55,20700.0,200.0,4423100.0
583,2021-10-20 07:18:55,20700.0,500.0,4422900.0
584,2021-10-20 07:18:55,20700.0,100.0,4422400.0
585,2021-10-20 07:18:55,20700.0,300.0,4422300.0
586,2021-10-20 07:18:55,20700.0,3000.0,4422000.0
587,2021-10-20 07:18:55,20700.0,500.0,4419000.0
588,2021-10-20 07:18:55,20700.0,300.0,4418500.0
589,2021-10-20 07:18:55,20700.0,1000.0,4418200.0
590,2021-10-20 07:18:55,20700.0,200.0,4417200.0
591,2021-10-20 07:18:55,20700.0,100.0,4417000.0
592,2021-10-20 07:18:55,20700.0,500.0,4416900.0
593,2021-10-20 07:18:55,20700.0,1200.0,4416400.0
594,2021-10-20 07:18:55,20700.0,2000.0,4415200.0
595,2021-10-20 07:18:55,20700.0,2000.0,4413200.0
596,2021-10-20 07:18:55,20700.0,1000.0,4411200.0
597,2021-10-20 07:18:55,20700.0,5000.0,4410200.0
598,2021-10-20 07:18:55,20700.0,1000.0,4405200.0
599,2021-10-20 07:18:55,20700.0,1000.0,4404200.0
600,2021-10-20 07:18:55,20700.0,1000.0,4403200.0
601,2021-10-20 07:18:55,20700.0,1000.0,4402200.0
602,2021-10-20 07:18:55,20700.0,3000.0,4401200.0
603,2021-10-20 07:18:55,20700.0,900.0,4398200.0
604,2021-10-20 07:18:55,20750.0,10000.0,4397300.0
605,2021-10-20 07:18:55,20750.0,400.0,4387300.0
606,2021-10-20 07:18:55,20750.0,200.0,4386900.0
607,2021-10-20 07:18:55,20750.0,500.0,4386700.0
608,2021-10-20 07:18:53,20800.0,600.0,4386200.0
609,2021-10-20 07:18:53,20800.0,500.0,4385600.0
610,2021-10-20 07:18:53,20800.0,1600.0,4385100.0
611,2021-10-20 07:18:53,20800.0,300.0,4383500.0
612,2021-10-20 07:18:50,20750.0,100.0,4383200.0
613,2021-10-20 07:18:50,20750.0,200.0,4383100.0
614,2021-10-20 07:18:50,20750.0,300.0,4382900.0
615,2021-10-20 07:18:50,20750.0,500.0,4382600.0
616,2021-10-20 07:18:50,20750.0,400.0,4382100.0
617,2021-10-20 07:18:50,20800.0,100.0,4381700.0
618,2021-10-20 07:18:50,20800.0,1400.0,4381600.0
619,2021-10-20 07:18:49,20750.0,500.0,4380200.0
620,2021-10-20 07:18:48,20750.0,1000.0,4379700.0
621,2021-10-20 07:18:48,20750.0,2000.0,4378700.0
622,2021-10-20 07:18:42,20800.0,2000.0,4376700.0
623,2021-10-20 07:18:40,20750.0,1100.0,4374700.0
624,2021-10-20 07:18:38,20750.0,500.0,4373600.0
625,2021-10-20 07:18:38,20750.0,800.0,4373100.0
626,2021-10-20 07:18:38,20750.0,500.0,4372300.0
627,2021-10-20 07:18:38,20750.0,100.0,4371800.0
628,2021-10-20 07:18:38,20750.0,200.0,4371700.0
629,2021-10-20 07:18:38,20750.0,1000.0,4371500.0
630,2021-10-20 07:18:38,20750.0,500.0,4370500.0
631,2021-10-20 07:18:38,20750.0,200.0,4370000.0
632,2021-10-20 07:18:38,20750.0,5100.0,4369800.0
633,2021-10-20 07:18:37,20750.0,2400.0,4364700.0
634,2021-10-20 07:18:34,20750.0,2500.0,4362300.0
635,2021-10-20 07:18:34,20750.0,500.0,4359800.0
636,2021-10-20 07:18:31,20800.0,500.0,4359300.0
637,2021-10-20 07:18:31,20800.0,9500.0,4358800.0
638,2021-10-20 07:18:30,20750.0,100.0,4349300.0
639,2021-10-20 07:18:30,20750.0,400.0,4349200.0
640,2021-10-20 07:18:29,20800.0,5000.0,4348800.0
641,2021-10-20 07:18:28,20800.0,5000.0,4343800.0
642,2021-10-20 07:18:25,20750.0,200.0,4338800.0
643,2021-10-20 07:18:24,20800.0,100.0,4338600.0
644,2021-10-20 07:18:23,20750.0,1000.0,4338500.0
645,2021-10-20 07:18:22,20750.0,12800.0,4337500.0
646,2021-10-20 07:18:22,20750.0,1200.0,4324700.0
647,2021-10-20 07:18:19,20800.0,2000.0,4323500.0
648,2021-10-20 07:18:18,20750.0,600.0,4321500.0
649,2021-10-20 07:18:18,20750.0,1800.0,4320900.0
650,2021-10-20 07:18:13,20800.0,3000.0,4319100.0
651,2021-10-20 07:18:10,20750.0,600.0,4316100.0
652,2021-10-20 07:18:06,20700.0,9100.0,4315500.0
653,2021-10-20 07:18:06,20700.0,200.0,4306400.0
654,2021-10-20 07:18:06,20700.0,100.0,4306200.0
655,2021-10-20 07:18:06,20700.0,500.0,4306100.0
656,2021-10-20 07:18:06,20700.0,500.0,4305600.0
657,2021-10-20 07:18:06,20700.0,100.0,4305100.0
658,2021-10-20 07:18:06,20700.0,500.0,4305000.0
659,2021-10-20 07:18:06,20700.0,10300.0,4304500.0
660,2021-10-20 07:18:06,20700.0,300.0,4294200.0
661,2021-10-20 07:18:06,20700.0,200.0,4293900.0
662,2021-10-20 07:18:06,20700.0,5000.0,4293700.0
663,2021-10-20 07:18:06,20700.0,5000.0,4288700.0
664,2021-10-20 07:18:06,20700.0,700.0,4283700.0
665,2021-10-20 07:18:06,20700.0,100.0,4283000.0
666,2021-10-20 07:18:06,20700.0,100.0,4282900.0
667,2021-10-20 07:18:06,20700.0,17300.0,4282800.0
668,2021-10-20 07:18:02,20800.0,200.0,4265500.0
669,2021-10-20 07:18:01,20750.0,100.0,4265300.0
670,2021-10-20 07:18:00,20700.0,300.0,4265200.0
671,2021-10-20 07:17:59,20800.0,1800.0,4264900.0
672,2021-10-20 07:17:59,20750.0,200.0,4263100.0
673,2021-10-20 07:17:59,20700.0,2400.0,4262900.0
674,2021-10-20 07:17:59,20700.0,200.0,4260500.0
675,2021-10-20 07:17:57,20750.0,100.0,4260300.0
676,2021-10-20 07:17:57,20750.0,100.0,4260200.0
677,2021-10-20 07:17:57,20750.0,1000.0,4260100.0
678,2021-10-20 07:17:57,20750.0,200.0,4259100.0
679,2021-10-20 07:17:57,20750.0,200.0,4258900.0
680,2021-10-20 07:17:57,20750.0,3200.0,4258700.0
681,2021-10-20 07:17:54,20750.0,500.0,4255500.0
682,2021-10-20 07:17:53,20750.0,1300.0,4255000.0
683,2021-10-20 07:17:53,20750.0,500.0,4253700.0
684,2021-10-20 07:17:53,20750.0,200.0,4253200.0
685,2021-10-20 07:17:53,20750.0,100.0,4253000.0
686,2021-10-20 07:17:53,20750.0,2800.0,4252900.0
687,2021-10-20 07:17:53,20750.0,100.0,4250100.0
688,2021-10-20 07:17:53,20800.0,1000.0,4250000.0
689,2021-10-20 07:17:50,20750.0,100.0,4249000.0
690,2021-10-20 07:17:46,20750.0,200.0,4248900.0
691,2021-10-20 07:17:46,20750.0,500.0,4248700.0
692,2021-10-20 07:17:46,20750.0,900.0,4248200.0
693,2021-10-20 07:17:46,20750.0,600.0,4247300.0
694,2021-10-20 07:17:45,20800.0,8000.0,4246700.0
695,2021-10-20 07:17:44,20800.0,1000.0,4238700.0
696,2021-10-20 07:17:39,20750.0,2900.0,4237700.0
697,2021-10-20 07:17:36,20750.0,500.0,4234800.0
698,2021-10-20 07:17:36,20750.0,100.0,4234300.0
699,2021-10-20 07:17:36,20750.0,2900.0,4234200.0
700,2021-10-20 07:17:36,20750.0,500.0,4231300.0
701,2021-10-20 07:17:36,20750.0,500.0,4230800.0
702,2021-10-20 07:17:35,20750.0,1000.0,4230300.0
703,2021-10-20 07:17:34,20800.0,2000.0,4229300.0
704,2021-10-20 07:17:31,20800.0,100.0,4227300.0
705,2021-10-20 07:17:29,20750.0,500.0,4227200.0
706,2021-10-20 07:17:22,20800.0,100.0,4226700.0
707,2021-10-20 07:17:22,20750.0,900.0,4226600.0
708,2021-10-20 07:17:22,20750.0,100.0,4225700.0
709,2021-10-20 07:17:21,20750.0,900.0,4225600.0
710,2021-10-20 07:17:20,20750.0,1500.0,4224700.0
711,2021-10-20 07:17:20,20750.0,500.0,4223200.0
712,2021-10-20 07:17:16,20800.0,500.0,4222700.0
713,2021-10-20 07:17:16,20750.0,5000.0,4222200.0
714,2021-10-20 07:17:14,20800.0,200.0,4217200.0
715,2021-10-20 07:17:13,20800.0,1000.0,4217000.0
716,2021-10-20 07:17:12,20800.0,5000.0,4216000.0
717,2021-10-20 07:17:10,20800.0,100.0,4211000.0
718,2021-10-20 07:17:10,20800.0,2000.0,4210900.0
719,2021-10-20 07:17:10,20800.0,300.0,4208900.0
720,2021-10-20 07:17:08,20800.0,800.0,4208600.0
721,2021-10-20 07:17:07,20800.0,1300.0,4207800.0
722,2021-10-20 07:17:07,20800.0,200.0,4206500.0
723,2021-10-20 07:17:07,20800.0,500.0,4206300.0
724,2021-10-20 07:17:07,20800.0,100.0,4205800.0
725,2021-10-20 07:17:07,20800.0,900.0,4205700.0
726,2021-10-20 07:17:07,20800.0,1000.0,4204800.0
727,2021-10-20 07:17:07,20700.0,500.0,4203800.0
728,2021-10-20 07:17:06,20700.0,200.0,4203300.0
729,2021-10-20 07:17:06,20700.0,100.0,4203100.0
730,2021-10-20 07:17:05,20800.0,200.0,4203000.0
731,2021-10-20 07:17:05,20800.0,1000.0,4202800.0
732,2021-10-20 07:17:05,20800.0,700.0,4201800.0
733,2021-10-20 07:17:05,20750.0,300.0,4201100.0
734,2021-10-20 07:17:04,20750.0,1000.0,4200800.0
735,2021-10-20 07:17:04,20750.0,100.0,4199800.0
736,2021-10-20 07:17:04,20750.0,600.0,4199700.0
737,2021-10-20 07:17:04,20750.0,3000.0,4199100.0
738,2021-10-20 07:17:04,20800.0,500.0,4196100.0
739,2021-10-20 07:17:03,20800.0,100.0,4195600.0
740,2021-10-20 07:17:03,20800.0,100.0,4195500.0
741,2021-10-20 07:17:02,20800.0,500.0,4195400.0
742,2021-10-20 07:17:02,20800.0,500.0,4194900.0
743,2021-10-20 07:17:01,20800.0,400.0,4194400.0
744,2021-10-20 07:16:59,20800.0,600.0,4194000.0
745,2021-10-20 07:16:59,20800.0,600.0,4193400.0
746,2021-10-20 07:16:59,20800.0,1300.0,4192800.0
747,2021-10-20 07:16:59,20800.0,2000.0,4191500.0
748,2021-10-20 07:16:57,20800.0,400.0,4189500.0
749,2021-10-20 07:16:53,20800.0,1300.0,4189100.0
750,2021-10-20 07:16:53,20800.0,100.0,4187800.0
751,2021-10-20 07:16:53,20800.0,100.0,4187700.0
752,2021-10-20 07:16:53,20800.0,200.0,4187600.0
753,2021-10-20 07:16:53,20800.0,200.0,4187400.0
754,2021-10-20 07:16:53,20800.0,2000.0,4187200.0
755,2021-10-20 07:16:53,20800.0,4100.0,4185200.0
756,2021-10-20 07:16:53,20800.0,700.0,4181100.0
757,2021-10-20 07:16:52,20800.0,2600.0,4180400.0
758,2021-10-20 07:16:50,20800.0,200.0,4177800.0
759,2021-10-20 07:16:49,20800.0,5000.0,4177600.0
760,2021-10-20 07:16:49,20800.0,200.0,4172600.0
761,2021-10-20 07:16:48,20800.0,100.0,4172400.0
762,2021-10-20 07:16:46,20800.0,2000.0,4172300.0
763,2021-10-20 07:16:45,20800.0,900.0,4170300.0
764,2021-10-20 07:16:45,20800.0,5000.0,4169400.0
765,2021-10-20 07:16:45,20800.0,2000.0,4164400.0
766,2021-10-20 07:16:45,20800.0,3200.0,4162400.0
767,2021-10-20 07:16:43,20800.0,100.0,4159200.0
768,2021-10-20 07:16:42,20800.0,500.0,4159100.0
769,2021-10-20 07:16:42,20800.0,100.0,4158600.0
770,2021-10-20 07:16:42,20800.0,100.0,4158500.0
771,2021-10-20 07:16:41,20800.0,1000.0,4158400.0
772,2021-10-20 07:16:40,20800.0,3400.0,4157400.0
773,2021-10-20 07:16:40,20800.0,500.0,4154000.0
774,2021-10-20 07:16:40,20800.0,500.0,4153500.0
775,2021-10-20 07:16:40,20800.0,2000.0,4153000.0
776,2021-10-20 07:16:35,20800.0,300.0,4151000.0
777,2021-10-20 07:16:35,20800.0,1000.0,4150700.0
778,2021-10-20 07:16:35,20800.0,100.0,4149700.0
779,2021-10-20 07:16:35,20800.0,1900.0,4149600.0
780,2021-10-20 07:16:35,20800.0,200.0,4147700.0
781,2021-10-20 07:16:35,20800.0,4000.0,4147500.0
782,2021-10-20 07:16:35,20800.0,2500.0,4143500.0
783,2021-10-20 07:16:35,20850.0,1000.0,4141000.0
784,2021-10-20 07:16:35,20850.0,1000.0,4140000.0
785,2021-10-20 07:16:30,20800.0,500.0,4139000.0
786,2021-10-20 07:16:30,20800.0,100.0,4138500.0
787,2021-10-20 07:16:30,20800.0,100.0,4138400.0
788,2021-10-20 07:16:28,20800.0,1900.0,4138300.0
789,2021-10-20 07:16:28,20800.0,100.0,4136400.0
790,2021-10-20 07:16:28,20800.0,400.0,4136300.0
791,2021-10-20 07:16:28,20800.0,100.0,4135900.0
792,2021-10-20 07:16:28,20800.0,100.0,4135800.0
793,2021-10-20 07:16:27,20800.0,500.0,4135700.0
794,2021-10-20 07:16:27,20800.0,100.0,4135200.0
795,2021-10-20 07:16:27,20800.0,100.0,4135100.0
796,2021-10-20 07:16:27,20800.0,10000.0,4135000.0
797,2021-10-20 07:16:27,20800.0,100.0,4125000.0
798,2021-10-20 07:16:27,20800.0,5000.0,4124900.0
799,2021-10-20 07:16:27,20800.0,100.0,4119900.0
800,2021-10-20 07:16:27,20800.0,100.0,4119800.0
801,2021-10-20 07:16:27,20800.0,10000.0,4119700.0
802,2021-10-20 07:16:27,20800.0,1500.0,4109700.0
803,2021-10-20 07:16:27,20800.0,5000.0,4108200.0
804,2021-10-20 07:16:27,20800.0,2000.0,4103200.0
805,2021-10-20 07:16:27,20800.0,1000.0,4101200.0
806,2021-10-20 07:16:27,20800.0,3000.0,4100200.0
807,2021-10-20 07:16:27,20800.0,400.0,4097200.0
808,2021-10-20 07:16:27,20800.0,200.0,4096800.0
809,2021-10-20 07:16:27,20800.0,2000.0,4096600.0
810,2021-10-20 07:16:27,20800.0,100.0,4094600.0
811,2021-10-20 07:16:27,20800.0,1000.0,4094500.0
812,2021-10-20 07:16:27,20800.0,300.0,4093500.0
813,2021-10-20 07:16:27,20800.0,1000.0,4093200.0
814,2021-10-20 07:16:27,20800.0,100.0,4092200.0
815,2021-10-20 07:16:27,20800.0,200.0,4092100.0
816,2021-10-20 07:16:27,20800.0,1000.0,4091900.0
817,2021-10-20 07:16:27,20800.0,3000.0,4090900.0
818,2021-10-20 07:16:27,20800.0,2200.0,4087900.0
819,2021-10-20 07:16:26,20850.0,100.0,4085700.0
820,2021-10-20 07:16:22,20800.0,1800.0,4085600.0
821,2021-10-20 07:16:22,20800.0,100.0,4083800.0
822,2021-10-20 07:16:22,20800.0,100.0,4083700.0
823,2021-10-20 07:16:22,20800.0,2000.0,4083600.0
824,2021-10-20 07:16:20,20850.0,10000.0,4081600.0
825,2021-10-20 07:16:20,20850.0,1800.0,4071600.0
826,2021-10-20 07:16:20,20850.0,200.0,4069800.0
827,2021-10-20 07:16:20,20850.0,2000.0,4069600.0
828,2021-10-20 07:16:20,20850.0,500.0,4067600.0
829,2021-10-20 07:16:20,20850.0,2300.0,4067100.0
830,2021-10-20 07:16:18,20850.0,2300.0,4064800.0
831,2021-10-20 07:16:18,20900.0,200.0,4062500.0
832,2021-10-20 07:16:16,20950.0,1000.0,4062300.0
833,2021-10-20 07:16:16,20950.0,1000.0,4061300.0
834,2021-10-20 07:16:14,20850.0,400.0,4060300.0
835,2021-10-20 07:16:14,20850.0,500.0,4059900.0
836,2021-10-20 07:16:14,20900.0,100.0,4059400.0
837,2021-10-20 07:16:14,20950.0,200.0,4059300.0
838,2021-10-20 07:16:14,20900.0,300.0,4059100.0
839,2021-10-20 07:16:13,20900.0,100.0,4058800.0
840,2021-10-20 07:16:13,20900.0,200.0,4058700.0
841,2021-10-20 07:16:13,20900.0,500.0,4058500.0
842,2021-10-20 07:16:13,20900.0,200.0,4058000.0
843,2021-10-20 07:16:13,20900.0,100.0,4057800.0
844,2021-10-20 07:16:13,20900.0,500.0,4057700.0
845,2021-10-20 07:16:13,20900.0,100.0,4057200.0
846,2021-10-20 07:16:13,20900.0,100.0,4057100.0
847,2021-10-20 07:16:13,20900.0,1000.0,4057000.0
848,2021-10-20 07:16:13,20900.0,200.0,4056000.0
849,2021-10-20 07:16:13,20900.0,6000.0,4055800.0
850,2021-10-20 07:16:13,20900.0,500.0,4049800.0
851,2021-10-20 07:16:13,20900.0,100.0,4049300.0
852,2021-10-20 07:16:13,20900.0,500.0,4049200.0
853,2021-10-20 07:16:13,20900.0,1000.0,4048700.0
854,2021-10-20 07:16:13,20900.0,100.0,4047700.0
855,2021-10-20 07:16:13,20900.0,2000.0,4047600.0
856,2021-10-20 07:16:13,20900.0,10000.0,4045600.0
857,2021-10-20 07:16:13,20900.0,5000.0,4035600.0
858,2021-10-20 07:16:13,20900.0,1000.0,4030600.0
859,2021-10-20 07:16:13,20900.0,100.0,4029600.0
860,2021-10-20 07:16:13,20900.0,10000.0,4029500.0
861,2021-10-20 07:16:13,20900.0,10400.0,4019500.0
862,2021-10-20 07:16:13,20950.0,100.0,4009100.0
863,2021-10-20 07:16:10,20950.0,2000.0,4009000.0
864,2021-10-20 07:16:08,20950.0,2000.0,4007000.0
865,2021-10-20 07:16:03,20950.0,300.0,4005000.0
866,2021-10-20 07:16:02,20900.0,300.0,4004700.0
867,2021-10-20 07:16:02,20900.0,3700.0,4004400.0
868,2021-10-20 07:15:55,20950.0,100.0,4000700.0
869,2021-10-20 07:15:55,20900.0,5600.0,4000600.0
870,2021-10-20 07:15:55,20900.0,100.0,3995000.0
871,2021-10-20 07:15:55,20900.0,5000.0,3994900.0
872,2021-10-20 07:15:55,20900.0,200.0,3989900.0
873,2021-10-20 07:15:55,20900.0,5000.0,3989700.0
874,2021-10-20 07:15:55,20900.0,5000.0,3984700.0
875,2021-10-20 07:15:55,20900.0,2100.0,3979700.0
876,2021-10-20 07:15:55,20950.0,500.0,3977600.0
877,2021-10-20 07:15:53,20900.0,400.0,3977100.0
878,2021-10-20 07:15:53,20950.0,100.0,3976700.0
879,2021-10-20 07:15:50,20900.0,2500.0,3976600.0
880,2021-10-20 07:15:50,20950.0,500.0,3974100.0
881,2021-10-20 07:15:50,20950.0,500.0,3973600.0
882,2021-10-20 07:15:50,20950.0,100.0,3973100.0
883,2021-10-20 07:15:50,20950.0,500.0,3973000.0
884,2021-10-20 07:15:50,20950.0,900.0,3972500.0
885,2021-10-20 07:15:47,21000.0,900.0,3971600.0
886,2021-10-20 07:15:47,21000.0,500.0,3970700.0
887,2021-10-20 07:15:46,21000.0,3000.0,3970200.0
888,2021-10-20 07:15:43,20950.0,1400.0,3967200.0
889,2021-10-20 07:15:43,20950.0,2300.0,3965800.0
890,2021-10-20 07:15:40,21000.0,1000.0,3963500.0
891,2021-10-20 07:15:36,21000.0,300.0,3962500.0
892,2021-10-20 07:15:36,21000.0,200.0,3962200.0
893,2021-10-20 07:15:36,21000.0,1400.0,3962000.0
894,2021-10-20 07:15:36,21000.0,100.0,3960600.0
895,2021-10-20 07:15:36,21000.0,100.0,3960500.0
896,2021-10-20 07:15:36,21000.0,200.0,3960400.0
897,2021-10-20 07:15:36,21000.0,2000.0,3960200.0
898,2021-10-20 07:15:36,21000.0,1000.0,3958200.0
899,2021-10-20 07:15:36,21000.0,100.0,3957200.0
900,2021-10-20 07:15:36,21000.0,200.0,3957100.0
901,2021-10-20 07:15:36,21000.0,500.0,3956900.0
902,2021-10-20 07:15:36,21000.0,500.0,3956400.0
903,2021-10-20 07:15:36,21000.0,1000.0,3955900.0
904,2021-10-20 07:15:36,21000.0,300.0,3954900.0
905,2021-10-20 07:15:36,21000.0,5000.0,3954600.0
906,2021-10-20 07:15:36,21000.0,2500.0,3949600.0
907,2021-10-20 07:15:36,21000.0,100.0,3947100.0
908,2021-10-20 07:15:36,21000.0,200.0,3947000.0
909,2021-10-20 07:15:36,21000.0,100.0,3946800.0
910,2021-10-20 07:15:36,21000.0,500.0,3946700.0
911,2021-10-20 07:15:36,21000.0,1000.0,3946200.0
912,2021-10-20 07:15:36,21000.0,1000.0,3945200.0
913,2021-10-20 07:15:36,21000.0,1000.0,3944200.0
914,2021-10-20 07:15:36,21000.0,1000.0,3943200.0
915,2021-10-20 07:15:36,21000.0,500.0,3942200.0
916,2021-10-20 07:15:36,21000.0,200.0,3941700.0
917,2021-10-20 07:15:36,21000.0,100.0,3941500.0
918,2021-10-20 07:15:36,21000.0,500.0,3941400.0
919,2021-10-20 07:15:36,21000.0,2000.0,3940900.0
920,2021-10-20 07:15:36,21000.0,1500.0,3938900.0
921,2021-10-20 07:15:36,21000.0,400.0,3937400.0
922,2021-10-20 07:15:36,21000.0,300.0,3937000.0
923,2021-10-20 07:15:36,21000.0,100.0,3936700.0
924,2021-10-20 07:15:36,21000.0,200.0,3936600.0
925,2021-10-20 07:15:36,21000.0,100.0,3936400.0
926,2021-10-20 07:15:36,21000.0,100.0,3936300.0
927,2021-10-20 07:15:36,21000.0,3000.0,3936200.0
928,2021-10-20 07:15:36,21000.0,1000.0,3933200.0
929,2021-10-20 07:15:36,21000.0,200.0,3932200.0
930,2021-10-20 07:15:36,21000.0,200.0,3932000.0
931,2021-10-20 07:15:36,21000.0,200.0,3931800.0
932,2021-10-20 07:15:36,21050.0,1000.0,3931600.0
933,2021-10-20 07:15:34,21000.0,800.0,3930600.0
934,2021-10-20 07:15:34,21000.0,200.0,3929800.0
935,2021-10-20 07:15:34,21000.0,400.0,3929600.0
936,2021-10-20 07:15:34,21000.0,100.0,3929200.0
937,2021-10-20 07:15:34,21000.0,100.0,3929100.0
938,2021-10-20 07:15:34,21000.0,1000.0,3929000.0
939,2021-10-20 07:15:34,21000.0,1000.0,3928000.0
940,2021-10-20 07:15:34,21000.0,4000.0,3927000.0
941,2021-10-20 07:15:34,21000.0,200.0,3923000.0
942,2021-10-20 07:15:34,21000.0,500.0,3922800.0
943,2021-10-20 07:15:34,21000.0,100.0,3922300.0
944,2021-10-20 07:15:34,21000.0,1600.0,3922200.0
945,2021-10-20 07:15:34,21050.0,5000.0,3920600.0
946,2021-10-20 07:15:34,21000.0,400.0,3915600.0
947,2021-10-20 07:15:34,21000.0,300.0,3915200.0
948,2021-10-20 07:15:34,21000.0,3000.0,3914900.0
949,2021-10-20 07:15:34,21000.0,500.0,3911900.0
950,2021-10-20 07:15:34,21000.0,100.0,3911400.0
951,2021-10-20 07:15:34,21000.0,100.0,3911300.0
952,2021-10-20 07:15:34,21000.0,400.0,3911200.0
953,2021-10-20 07:15:34,21000.0,5000.0,3910800.0
954,2021-10-20 07:15:34,21000.0,100.0,3905800.0
955,2021-10-20 07:15:34,21000.0,100.0,3905700.0
956,2021-10-20 07:15:34,21000.0,200.0,3905600.0
957,2021-10-20 07:15:34,21000.0,1000.0,3905400.0
958,2021-10-20 07:15:34,21000.0,1000.0,3904400.0
959,2021-10-20 07:15:34,21000.0,10000.0,3903400.0
960,2021-10-20 07:15:34,21000.0,200.0,3893400.0
961,2021-10-20 07:15:34,21000.0,100.0,3893200.0
962,2021-10-20 07:15:34,21000.0,100.0,3893100.0
963,2021-10-20 07:15:34,21000.0,500.0,3893000.0
964,2021-10-20 07:15:34,21000.0,1000.0,3892500.0
965,2021-10-20 07:15:34,21000.0,1400.0,3891500.0
966,2021-10-20 07:15:34,21000.0,1000.0,3890100.0
967,2021-10-20 07:15:34,21000.0,100.0,3889100.0
968,2021-10-20 07:15:34,21000.0,50000.0,3889000.0
969,2021-10-20 07:15:34,21000.0,100.0,3839000.0
970,2021-10-20 07:15:34,21000.0,3000.0,3838900.0
971,2021-10-20 07:15:34,21000.0,1000.0,3835900.0
972,2021-10-20 07:15:34,21000.0,2300.0,3834900.0
973,2021-10-20 07:15:34,21000.0,100.0,3832600.0
974,2021-10-20 07:15:34,21000.0,1000.0,3832500.0
975,2021-10-20 07:15:34,21000.0,5000.0,3831500.0
976,2021-10-20 07:15:34,21000.0,2000.0,3826500.0
977,2021-10-20 07:15:34,21000.0,10000.0,3824500.0
978,2021-10-20 07:15:34,21000.0,200.0,3814500.0
979,2021-10-20 07:15:34,21000.0,5000.0,3814300.0
980,2021-10-20 07:15:34,21000.0,600.0,3809300.0
981,2021-10-20 07:15:34,21000.0,500.0,3808700.0
982,2021-10-20 07:15:34,21000.0,400.0,3808200.0
983,2021-10-20 07:15:34,21000.0,200.0,3807800.0
984,2021-10-20 07:15:34,21000.0,1000.0,3807600.0
985,2021-10-20 07:15:34,21000.0,200.0,3806600.0
986,2021-10-20 07:15:34,21000.0,1000.0,3806400.0
987,2021-10-20 07:15:34,21000.0,1000.0,3805400.0
988,2021-10-20 07:15:34,21000.0,500.0,3804400.0
989,2021-10-20 07:15:34,21000.0,100.0,3803900.0
990,2021-10-20 07:15:34,21000.0,200.0,3803800.0
991,2021-10-20 07:15:34,21000.0,5000.0,3803600.0
992,2021-10-20 07:15:34,21000.0,5000.0,3798600.0
993,2021-10-20 07:15:34,21000.0,5000.0,3793600.0
994,2021-10-20 07:15:34,21000.0,1000.0,3788600.0
995,2021-10-20 07:15:34,21000.0,1000.0,3787600.0
996,2021-10-20 07:15:34,21000.0,500.0,3786600.0
997,2021-10-20 07:15:34,21000.0,500.0,3786100.0
998,2021-10-20 07:15:34,21000.0,2000.0,3785600.0
999,2021-10-20 07:15:34,21000.0,100.0,3783600.0
1000,2021-10-20 07:15:34,21000.0,200.0,3783500.0
1001,2021-10-20 07:15:34,21000.0,100.0,3783300.0
1002,2021-10-20 07:15:34,21000.0,10000.0,3783200.0
1003,2021-10-20 07:15:34,21000.0,1000.0,3773200.0
1004,2021-10-20 07:15:34,21000.0,1000.0,3772200.0
1005,2021-10-20 07:15:34,21000.0,5000.0,3771200.0
1006,2021-10-20 07:15:34,21000.0,1000.0,3766200.0
1007,2021-10-20 07:15:34,21000.0,300.0,3765200.0
1008,2021-10-20 07:15:34,21000.0,2000.0,3764900.0
1009,2021-10-20 07:15:34,21000.0,1000.0,3762900.0
1010,2021-10-20 07:15:34,21000.0,1000.0,3761900.0
1011,2021-10-20 07:15:34,21000.0,500.0,3760900.0
1012,2021-10-20 07:15:34,21000.0,100.0,3760400.0
1013,2021-10-20 07:15:34,21000.0,1000.0,3760300.0
1014,2021-10-20 07:15:34,21000.0,100.0,3759300.0
1015,2021-10-20 07:15:34,21000.0,500.0,3759200.0
1016,2021-10-20 07:15:34,21000.0,100.0,3758700.0
1017,2021-10-20 07:15:34,21000.0,100.0,3758600.0
1018,2021-10-20 07:15:34,21000.0,500.0,3758500.0
1019,2021-10-20 07:15:34,21000.0,200.0,3758000.0
1020,2021-10-20 07:15:34,21000.0,300.0,3757800.0
1021,2021-10-20 07:15:34,21000.0,1000.0,3757500.0
1022,2021-10-20 07:15:34,21000.0,1000.0,3756500.0
1023,2021-10-20 07:15:34,21000.0,500.0,3755500.0
1024,2021-10-20 07:15:34,21000.0,100.0,3755000.0
1025,2021-10-20 07:15:34,21000.0,1000.0,3754900.0
1026,2021-10-20 07:15:34,21000.0,200.0,3753900.0
1027,2021-10-20 07:15:34,21000.0,200.0,3753700.0
1028,2021-10-20 07:15:34,21000.0,1000.0,3753500.0
1029,2021-10-20 07:15:34,21000.0,10000.0,3752500.0
1030,2021-10-20 07:15:34,21000.0,200.0,3742500.0
1031,2021-10-20 07:15:34,21000.0,1000.0,3742300.0
1032,2021-10-20 07:15:34,21000.0,100.0,3741300.0
1033,2021-10-20 07:15:34,21000.0,200.0,3741200.0
1034,2021-10-20 07:15:34,21000.0,200.0,3741000.0
1035,2021-10-20 07:15:34,21000.0,3200.0,3740800.0
1036,2021-10-20 07:15:34,21000.0,2000.0,3737600.0
1037,2021-10-20 07:15:34,21000.0,500.0,3735600.0
1038,2021-10-20 07:15:34,21000.0,300.0,3735100.0
1039,2021-10-20 07:15:34,21000.0,2000.0,3734800.0
1040,2021-10-20 07:15:34,21000.0,2000.0,3732800.0
1041,2021-10-20 07:15:34,21000.0,2000.0,3730800.0
1042,2021-10-20 07:15:34,21000.0,1500.0,3728800.0
1043,2021-10-20 07:15:34,21000.0,2000.0,3727300.0
1044,2021-10-20 07:15:34,21000.0,500.0,3725300.0
1045,2021-10-20 07:15:34,21000.0,1000.0,3724800.0
1046,2021-10-20 07:15:34,21000.0,8200.0,3723800.0
1047,2021-10-20 07:15:34,21050.0,1000.0,3715600.0
1048,2021-10-20 07:15:32,21050.0,1000.0,3714600.0
1049,2021-10-20 07:15:31,21050.0,400.0,3713600.0
1050,2021-10-20 07:15:30,21000.0,41800.0,3713200.0
1051,2021-10-20 07:15:30,21000.0,8200.0,3671400.0
1052,2021-10-20 07:15:29,21000.0,1800.0,3663200.0
1053,2021-10-20 07:15:29,21000.0,4200.0,3661400.0
1054,2021-10-20 07:15:29,21050.0,5000.0,3657200.0
1055,2021-10-20 07:15:27,21000.0,800.0,3652200.0
1056,2021-10-20 07:15:27,21000.0,100.0,3651400.0
1057,2021-10-20 07:15:26,21050.0,1000.0,3651300.0
1058,2021-10-20 07:15:24,21000.0,600.0,3650300.0
1059,2021-10-20 07:15:24,21000.0,300.0,3649700.0
1060,2021-10-20 07:15:24,21000.0,2000.0,3649400.0
1061,2021-10-20 07:15:24,21000.0,100.0,3647400.0
1062,2021-10-20 07:15:24,21000.0,200.0,3647300.0
1063,2021-10-20 07:15:24,21000.0,100.0,3647100.0
1064,2021-10-20 07:15:24,21000.0,1000.0,3647000.0
1065,2021-10-20 07:15:20,21050.0,1000.0,3646000.0
1066,2021-10-20 07:15:19,21050.0,500.0,3645000.0
1067,2021-10-20 07:15:16,21050.0,1000.0,3644500.0
1068,2021-10-20 07:15:16,21050.0,500.0,3643500.0
1069,2021-10-20 07:15:15,21050.0,100.0,3643000.0
1070,2021-10-20 07:15:14,21050.0,10000.0,3642900.0
1071,2021-10-20 07:15:13,21050.0,200.0,3632900.0
1072,2021-10-20 07:15:12,21050.0,400.0,3632700.0
1073,2021-10-20 07:15:10,21050.0,3600.0,3632300.0
1074,2021-10-20 07:15:10,21050.0,100.0,3628700.0
1075,2021-10-20 07:15:10,21050.0,100.0,3628600.0
1076,2021-10-20 07:15:10,21050.0,1000.0,3628500.0
1077,2021-10-20 07:15:10,21050.0,500.0,3627500.0
1078,2021-10-20 07:15:10,21050.0,500.0,3627000.0
1079,2021-10-20 07:15:10,21050.0,4200.0,3626500.0
1080,2021-10-20 07:15:04,21050.0,2900.0,3622300.0
1081,2021-10-20 07:15:04,21050.0,200.0,3619400.0
1082,2021-10-20 07:15:04,21050.0,900.0,3619200.0
1083,2021-10-20 07:15:03,21050.0,100.0,3618300.0
1084,2021-10-20 07:15:03,21050.0,400.0,3618200.0
1085,2021-10-20 07:15:03,21050.0,100.0,3617800.0
1086,2021-10-20 07:15:03,21050.0,100.0,3617700.0
1087,2021-10-20 07:15:03,21050.0,100.0,3617600.0
1088,2021-10-20 07:15:03,21050.0,100.0,3617500.0
1089,2021-10-20 07:15:03,21050.0,500.0,3617400.0
1090,2021-10-20 07:15:03,21050.0,500.0,3616900.0
1091,2021-10-20 07:15:03,21050.0,500.0,3616400.0
1092,2021-10-20 07:15:03,21050.0,100.0,3615900.0
1093,2021-10-20 07:14:59,21100.0,500.0,3615800.0
1094,2021-10-20 07:14:58,21100.0,200.0,3615300.0
1095,2021-10-20 07:14:58,21100.0,200.0,3615100.0
1096,2021-10-20 07:14:58,21100.0,500.0,3614900.0
1097,2021-10-20 07:14:57,21100.0,500.0,3614400.0
1098,2021-10-20 07:14:56,21100.0,100.0,3613900.0
1099,2021-10-20 07:14:56,21100.0,5000.0,3613800.0
1100,2021-10-20 07:14:56,21100.0,900.0,3608800.0
1101,2021-10-20 07:14:56,21100.0,1000.0,3607900.0
1102,2021-10-20 07:14:56,21100.0,200.0,3606900.0
1103,2021-10-20 07:14:56,21100.0,1000.0,3606700.0
1104,2021-10-20 07:14:56,21100.0,100.0,3605700.0
1105,2021-10-20 07:14:56,21100.0,1000.0,3605600.0
1106,2021-10-20 07:14:56,21100.0,100.0,3604600.0
1107,2021-10-20 07:14:56,21100.0,5000.0,3604500.0
1108,2021-10-20 07:14:56,21100.0,1000.0,3599500.0
1109,2021-10-20 07:14:56,21100.0,2000.0,3598500.0
1110,2021-10-20 07:14:56,21100.0,5000.0,3596500.0
1111,2021-10-20 07:14:56,21100.0,500.0,3591500.0
1112,2021-10-20 07:14:56,21100.0,200.0,3591000.0
1113,2021-10-20 07:14:56,21100.0,3000.0,3590800.0
1114,2021-10-20 07:14:56,21100.0,1900.0,3587800.0
1115,2021-10-20 07:14:56,21100.0,1000.0,3585900.0
1116,2021-10-20 07:14:56,21100.0,500.0,3584900.0
1117,2021-10-20 07:14:56,21100.0,900.0,3584400.0
1118,2021-10-20 07:14:56,21100.0,200.0,3583500.0
1119,2021-10-20 07:14:56,21100.0,1000.0,3583300.0
1120,2021-10-20 07:14:56,21100.0,200.0,3582300.0
1121,2021-10-20 07:14:56,21100.0,10000.0,3582100.0
1122,2021-10-20 07:14:56,21100.0,100.0,3572100.0
1123,2021-10-20 07:14:56,21100.0,100.0,3572000.0
1124,2021-10-20 07:14:56,21100.0,200.0,3571900.0
1125,2021-10-20 07:14:56,21100.0,500.0,3571700.0
1126,2021-10-20 07:14:56,21100.0,3000.0,3571200.0
1127,2021-10-20 07:14:56,21100.0,300.0,3568200.0
1128,2021-10-20 07:14:56,21100.0,1000.0,3567900.0
1129,2021-10-20 07:14:56,21100.0,100.0,3566900.0
1130,2021-10-20 07:14:56,21100.0,100.0,3566800.0
1131,2021-10-20 07:14:56,21100.0,500.0,3566700.0
1132,2021-10-20 07:14:56,21100.0,200.0,3566200.0
1133,2021-10-20 07:14:56,21100.0,2000.0,3566000.0
1134,2021-10-20 07:14:56,21100.0,100.0,3564000.0
1135,2021-10-20 07:14:56,21100.0,2500.0,3563900.0
1136,2021-10-20 07:14:54,21100.0,700.0,3561400.0
1137,2021-10-20 07:14:52,21100.0,200.0,3560700.0
1138,2021-10-20 07:14:51,21100.0,1500.0,3560500.0
1139,2021-10-20 07:14:51,21100.0,200.0,3559000.0
1140,2021-10-20 07:14:51,21100.0,500.0,3558800.0
1141,2021-10-20 07:14:51,21100.0,100.0,3558300.0
1142,2021-10-20 07:14:51,21100.0,1000.0,3558200.0
1143,2021-10-20 07:14:51,21100.0,100.0,3557200.0
1144,2021-10-20 07:14:51,21100.0,1600.0,3557100.0
1145,2021-10-20 07:14:51,21100.0,3000.0,3555500.0
1146,2021-10-20 07:14:50,21100.0,300.0,3552500.0
1147,2021-10-20 07:14:50,21100.0,700.0,3552200.0
1148,2021-10-20 07:14:49,21100.0,200.0,3551500.0
1149,2021-10-20 07:14:49,21100.0,4200.0,3551300.0
1150,2021-10-20 07:14:49,21100.0,5000.0,3547100.0
1151,2021-10-20 07:14:49,21100.0,100.0,3542100.0
1152,2021-10-20 07:14:49,21100.0,1000.0,3542000.0
1153,2021-10-20 07:14:49,21100.0,1000.0,3541000.0
1154,2021-10-20 07:14:49,21100.0,2000.0,3540000.0
1155,2021-10-20 07:14:49,21100.0,200.0,3538000.0
1156,2021-10-20 07:14:49,21100.0,300.0,3537800.0
1157,2021-10-20 07:14:49,21100.0,100.0,3537500.0
1158,2021-10-20 07:14:49,21100.0,2000.0,3537400.0
1159,2021-10-20 07:14:49,21100.0,100.0,3535400.0
1160,2021-10-20 07:14:49,21100.0,5000.0,3535300.0
1161,2021-10-20 07:14:49,21100.0,1000.0,3530300.0
1162,2021-10-20 07:14:47,21100.0,2000.0,3529300.0
1163,2021-10-20 07:14:47,21100.0,300.0,3527300.0
1164,2021-10-20 07:14:47,21100.0,500.0,3527000.0
1165,2021-10-20 07:14:47,21100.0,7200.0,3526500.0
1166,2021-10-20 07:14:45,21100.0,400.0,3519300.0
1167,2021-10-20 07:14:45,21100.0,2400.0,3518900.0
1168,2021-10-20 07:14:45,21100.0,1000.0,3516500.0
1169,2021-10-20 07:14:45,21100.0,100.0,3515500.0
1170,2021-10-20 07:14:45,21100.0,500.0,3515400.0
1171,2021-10-20 07:14:40,21100.0,100.0,3514900.0
1172,2021-10-20 07:14:40,21100.0,100.0,3514800.0
1173,2021-10-20 07:14:39,21100.0,100.0,3514700.0
1174,2021-10-20 07:14:36,21100.0,2100.0,3514600.0
1175,2021-10-20 07:14:29,21100.0,3600.0,3512500.0
1176,2021-10-20 07:14:25,21100.0,4000.0,3508900.0
1177,2021-10-20 07:14:20,21150.0,100.0,3504900.0
1178,2021-10-20 07:14:17,21100.0,10100.0,3504800.0
1179,2021-10-20 07:14:17,21100.0,200.0,3494700.0
1180,2021-10-20 07:14:17,21100.0,100.0,3494500.0
1181,2021-10-20 07:14:17,21100.0,1500.0,3494400.0
1182,2021-10-20 07:14:17,21100.0,100.0,3492900.0
1183,2021-10-20 07:14:17,21100.0,2000.0,3492800.0
1184,2021-10-20 07:14:17,21100.0,500.0,3490800.0
1185,2021-10-20 07:14:17,21100.0,100.0,3490300.0
1186,2021-10-20 07:14:17,21100.0,1000.0,3490200.0
1187,2021-10-20 07:14:17,21100.0,1900.0,3489200.0
1188,2021-10-20 07:14:17,21100.0,500.0,3487300.0
1189,2021-10-20 07:14:17,21100.0,100.0,3486800.0
1190,2021-10-20 07:14:17,21100.0,500.0,3486700.0
1191,2021-10-20 07:14:17,21100.0,200.0,3486200.0
1192,2021-10-20 07:14:17,21100.0,1000.0,3486000.0
1193,2021-10-20 07:14:17,21100.0,100.0,3485000.0
1194,2021-10-20 07:14:17,21100.0,100.0,3484900.0
1195,2021-10-20 07:14:06,21150.0,100.0,3484800.0
1196,2021-10-20 07:14:06,21100.0,3900.0,3484700.0
1197,2021-10-20 07:14:03,21100.0,200.0,3480800.0
1198,2021-10-20 07:13:55,21150.0,1000.0,3480600.0
1199,2021-10-20 07:13:47,21100.0,900.0,3479600.0
1200,2021-10-20 07:13:47,21100.0,1000.0,3478700.0
1201,2021-10-20 07:13:47,21100.0,2000.0,3477700.0
1202,2021-10-20 07:13:46,21150.0,2000.0,3475700.0
1203,2021-10-20 07:13:43,21150.0,100.0,3473700.0
1204,2021-10-20 07:13:43,21150.0,5000.0,3473600.0
1205,2021-10-20 07:13:43,21150.0,100.0,3468600.0
1206,2021-10-20 07:13:43,21150.0,100.0,3468500.0
1207,2021-10-20 07:13:43,21150.0,100.0,3468400.0
1208,2021-10-20 07:13:43,21150.0,300.0,3468300.0
1209,2021-10-20 07:13:43,21150.0,100.0,3468000.0
1210,2021-10-20 07:13:43,21150.0,1000.0,3467900.0
1211,2021-10-20 07:13:43,21150.0,500.0,3466900.0
1212,2021-10-20 07:13:43,21150.0,100.0,3466400.0
1213,2021-10-20 07:13:43,21150.0,100.0,3466300.0
1214,2021-10-20 07:13:43,21150.0,100.0,3466200.0
1215,2021-10-20 07:13:43,21150.0,1000.0,3466100.0
1216,2021-10-20 07:13:43,21150.0,1000.0,3465100.0
1217,2021-10-20 07:13:43,21150.0,300.0,3464100.0
1218,2021-10-20 07:13:43,21150.0,100.0,3463800.0
1219,2021-10-20 07:13:43,21150.0,200.0,3463700.0
1220,2021-10-20 07:13:43,21150.0,100.0,3463500.0
1221,2021-10-20 07:13:43,21150.0,100.0,3463400.0
1222,2021-10-20 07:13:43,21150.0,1500.0,3463300.0
1223,2021-10-20 07:13:43,21150.0,1000.0,3461800.0
1224,2021-10-20 07:13:43,21150.0,100.0,3460800.0
1225,2021-10-20 07:13:43,21150.0,500.0,3460700.0
1226,2021-10-20 07:13:43,21150.0,2000.0,3460200.0
1227,2021-10-20 07:13:43,21150.0,500.0,3458200.0
1228,2021-10-20 07:13:43,21150.0,200.0,3457700.0
1229,2021-10-20 07:13:43,21150.0,3000.0,3457500.0
1230,2021-10-20 07:13:43,21150.0,10000.0,3454500.0
1231,2021-10-20 07:13:43,21150.0,100.0,3444500.0
1232,2021-10-20 07:13:43,21150.0,100.0,3444400.0
1233,2021-10-20 07:13:43,21150.0,10000.0,3444300.0
1234,2021-10-20 07:13:43,21150.0,500.0,3434300.0
1235,2021-10-20 07:13:43,21150.0,100.0,3433800.0
1236,2021-10-20 07:13:43,21150.0,200.0,3433700.0
1237,2021-10-20 07:13:43,21150.0,100.0,3433500.0
1238,2021-10-20 07:13:43,21150.0,500.0,3433400.0
1239,2021-10-20 07:13:43,21150.0,500.0,3432900.0
1240,2021-10-20 07:13:43,21150.0,200.0,3432400.0
1241,2021-10-20 07:13:43,21150.0,100.0,3432200.0
1242,2021-10-20 07:13:43,21150.0,1000.0,3432100.0
1243,2021-10-20 07:13:43,21150.0,400.0,3431100.0
1244,2021-10-20 07:13:43,21150.0,500.0,3430700.0
1245,2021-10-20 07:13:43,21150.0,4700.0,3430200.0
1246,2021-10-20 07:13:38,21200.0,100.0,3425500.0
1247,2021-10-20 07:13:37,21150.0,300.0,3425400.0
1248,2021-10-20 07:13:26,21150.0,1000.0,3425100.0
1249,2021-10-20 07:13:26,21150.0,500.0,3424100.0
1250,2021-10-20 07:13:26,21150.0,1000.0,3423600.0
1251,2021-10-20 07:13:26,21150.0,1400.0,3422600.0
1252,2021-10-20 07:13:20,21150.0,300.0,3421200.0
1253,2021-10-20 07:13:08,21150.0,2300.0,3420900.0
1254,2021-10-20 07:13:08,21150.0,200.0,3418600.0
1255,2021-10-20 07:13:08,21150.0,100.0,3418400.0
1256,2021-10-20 07:13:08,21150.0,100.0,3418300.0
1257,2021-10-20 07:13:08,21150.0,1000.0,3418200.0
1258,2021-10-20 07:13:04,21200.0,400.0,3417200.0
1259,2021-10-20 07:12:59,21200.0,2000.0,3416800.0
1260,2021-10-20 07:12:59,21200.0,100.0,3414800.0
1261,2021-10-20 07:12:59,21200.0,1000.0,3414700.0
1262,2021-10-20 07:12:59,21200.0,1000.0,3413700.0
1263,2021-10-20 07:12:59,21200.0,300.0,3412700.0
1264,2021-10-20 07:12:59,21200.0,100.0,3412400.0
1265,2021-10-20 07:12:59,21200.0,500.0,3412300.0
1266,2021-10-20 07:12:59,21200.0,500.0,3411800.0
1267,2021-10-20 07:12:59,21200.0,600.0,3411300.0
1268,2021-10-20 07:12:59,21200.0,5000.0,3410700.0
1269,2021-10-20 07:12:59,21200.0,100.0,3405700.0
1270,2021-10-20 07:12:59,21200.0,1000.0,3405600.0
1271,2021-10-20 07:12:59,21200.0,200.0,3404600.0
1272,2021-10-20 07:12:59,21200.0,1000.0,3404400.0
1273,2021-10-20 07:12:59,21200.0,100.0,3403400.0
1274,2021-10-20 07:12:59,21200.0,5000.0,3403300.0
1275,2021-10-20 07:12:59,21200.0,200.0,3398300.0
1276,2021-10-20 07:12:59,21200.0,1000.0,3398100.0
1277,2021-10-20 07:12:59,21200.0,500.0,3397100.0
1278,2021-10-20 07:12:59,21200.0,1000.0,3396600.0
1279,2021-10-20 07:12:59,21200.0,100.0,3395600.0
1280,2021-10-20 07:12:59,21200.0,100.0,3395500.0
1281,2021-10-20 07:12:59,21200.0,200.0,3395400.0
1282,2021-10-20 07:12:59,21200.0,1000.0,3395200.0
1283,2021-10-20 07:12:59,21200.0,1500.0,3394200.0
1284,2021-10-20 07:12:59,21200.0,2000.0,3392700.0
1285,2021-10-20 07:12:59,21200.0,1000.0,3390700.0
1286,2021-10-20 07:12:59,21200.0,3000.0,3389700.0
1287,2021-10-20 07:12:59,21200.0,100.0,3386700.0
1288,2021-10-20 07:12:59,21200.0,300.0,3386600.0
1289,2021-10-20 07:12:54,21200.0,200.0,3386300.0
1290,2021-10-20 07:12:54,21200.0,200.0,3386100.0
1291,2021-10-20 07:12:54,21200.0,100.0,3385900.0
1292,2021-10-20 07:12:49,21200.0,900.0,3385800.0
1293,2021-10-20 07:12:49,21200.0,100.0,3384900.0
1294,2021-10-20 07:12:49,21200.0,500.0,3384800.0
1295,2021-10-20 07:12:49,21200.0,100.0,3384300.0
1296,2021-10-20 07:12:49,21200.0,2300.0,3384200.0
1297,2021-10-20 07:12:47,21200.0,2700.0,3381900.0
1298,2021-10-20 07:12:47,21200.0,100.0,3379200.0
1299,2021-10-20 07:12:47,21200.0,500.0,3379100.0
1300,2021-10-20 07:12:47,21200.0,1700.0,3378600.0
1301,2021-10-20 07:12:47,21250.0,500.0,3376900.0
1302,2021-10-20 07:12:45,21200.0,3200.0,3376400.0
1303,2021-10-20 07:12:45,21200.0,1000.0,3373200.0
1304,2021-10-20 07:12:45,21200.0,100.0,3372200.0
1305,2021-10-20 07:12:45,21200.0,500.0,3372100.0
1306,2021-10-20 07:12:45,21200.0,5000.0,3371600.0
1307,2021-10-20 07:12:45,21200.0,200.0,3366600.0
1308,2021-10-20 07:12:45,21200.0,500.0,3366400.0
1309,2021-10-20 07:12:45,21200.0,14500.0,3365900.0
1310,2021-10-20 07:12:45,21200.0,35500.0,3351400.0
1311,2021-10-20 07:12:45,21200.0,1000.0,3315900.0
1312,2021-10-20 07:12:45,21200.0,1000.0,3314900.0
1313,2021-10-20 07:12:45,21200.0,1000.0,3313900.0
1314,2021-10-20 07:12:45,21200.0,100.0,3312900.0
1315,2021-10-20 07:12:45,21200.0,500.0,3312800.0
1316,2021-10-20 07:12:45,21200.0,200.0,3312300.0
1317,2021-10-20 07:12:45,21200.0,1000.0,3312100.0
1318,2021-10-20 07:12:45,21200.0,2000.0,3311100.0
1319,2021-10-20 07:12:45,21200.0,100.0,3309100.0
1320,2021-10-20 07:12:45,21200.0,5000.0,3309000.0
1321,2021-10-20 07:12:45,21200.0,2000.0,3304000.0
1322,2021-10-20 07:12:45,21200.0,600.0,3302000.0
1323,2021-10-20 07:12:44,21200.0,400.0,3301400.0
1324,2021-10-20 07:12:44,21200.0,200.0,3301000.0
1325,2021-10-20 07:12:44,21200.0,1000.0,3300800.0
1326,2021-10-20 07:12:44,21200.0,1000.0,3299800.0
1327,2021-10-20 07:12:44,21200.0,500.0,3298800.0
1328,2021-10-20 07:12:44,21200.0,100.0,3298300.0
1329,2021-10-20 07:12:44,21200.0,1800.0,3298200.0
1330,2021-10-20 07:12:41,21200.0,1000.0,3296400.0
1331,2021-10-20 07:12:40,21200.0,2200.0,3295400.0
1332,2021-10-20 07:12:40,21200.0,200.0,3293200.0
1333,2021-10-20 07:12:40,21200.0,100.0,3293000.0
1334,2021-10-20 07:12:40,21200.0,5000.0,3292900.0
1335,2021-10-20 07:12:40,21200.0,100.0,3287900.0
1336,2021-10-20 07:12:40,21200.0,5000.0,3287800.0
1337,2021-10-20 07:12:40,21200.0,100.0,3282800.0
1338,2021-10-20 07:12:40,21200.0,300.0,3282700.0
1339,2021-10-20 07:12:40,21200.0,1000.0,3282400.0
1340,2021-10-20 07:12:40,21200.0,100.0,3281400.0
1341,2021-10-20 07:12:40,21200.0,100.0,3281300.0
1342,2021-10-20 07:12:40,21200.0,500.0,3281200.0
1343,2021-10-20 07:12:40,21200.0,1700.0,3280700.0
1344,2021-10-20 07:12:40,21200.0,1700.0,3279000.0
1345,2021-10-20 07:12:40,21200.0,200.0,3277300.0
1346,2021-10-20 07:12:40,21200.0,1000.0,3277100.0
1347,2021-10-20 07:12:40,21200.0,500.0,3276100.0
1348,2021-10-20 07:12:40,21200.0,400.0,3275600.0
1349,2021-10-20 07:12:40,21200.0,100.0,3275200.0
1350,2021-10-20 07:12:40,21200.0,500.0,3275100.0
1351,2021-10-20 07:12:40,21200.0,2000.0,3274600.0
1352,2021-10-20 07:12:40,21200.0,4000.0,3272600.0
1353,2021-10-20 07:12:40,21200.0,100.0,3268600.0
1354,2021-10-20 07:12:40,21200.0,14400.0,3268500.0
1355,2021-10-20 07:12:38,21200.0,100.0,3254100.0
1356,2021-10-20 07:12:37,21200.0,600.0,3254000.0
1357,2021-10-20 07:12:35,21200.0,4000.0,3253400.0
1358,2021-10-20 07:12:33,21200.0,900.0,3249400.0
1359,2021-10-20 07:12:33,21200.0,2000.0,3248500.0
1360,2021-10-20 07:12:33,21200.0,100.0,3246500.0
1361,2021-10-20 07:12:33,21200.0,500.0,3246400.0
1362,2021-10-20 07:12:33,21200.0,1500.0,3245900.0
1363,2021-10-20 07:12:32,21200.0,2000.0,3244400.0
1364,2021-10-20 07:12:31,21200.0,200.0,3242400.0
1365,2021-10-20 07:12:29,21200.0,600.0,3242200.0
1366,2021-10-20 07:12:29,21200.0,700.0,3241600.0
1367,2021-10-20 07:12:29,21200.0,3000.0,3240900.0
1368,2021-10-20 07:12:29,21200.0,100.0,3237900.0
1369,2021-10-20 07:12:29,21200.0,100.0,3237800.0
1370,2021-10-20 07:12:21,21200.0,900.0,3237700.0
1371,2021-10-20 07:12:21,21200.0,4000.0,3236800.0
1372,2021-10-20 07:12:21,21200.0,200.0,3232800.0
1373,2021-10-20 07:12:21,21200.0,1000.0,3232600.0
1374,2021-10-20 07:12:21,21200.0,3900.0,3231600.0
1375,2021-10-20 07:12:17,21200.0,300.0,3227700.0
1376,2021-10-20 07:12:15,21200.0,800.0,3227400.0
1377,2021-10-20 07:12:15,21200.0,2000.0,3226600.0
1378,2021-10-20 07:12:15,21200.0,1000.0,3224600.0
1379,2021-10-20 07:12:15,21200.0,100.0,3223600.0
1380,2021-10-20 07:12:15,21200.0,1000.0,3223500.0
1381,2021-10-20 07:12:15,21200.0,1000.0,3222500.0
1382,2021-10-20 07:12:15,21200.0,9100.0,3221500.0
1383,2021-10-20 07:12:10,21200.0,900.0,3212400.0
1384,2021-10-20 07:12:10,21200.0,3000.0,3211500.0
1385,2021-10-20 07:12:09,21250.0,1000.0,3208500.0
1386,2021-10-20 07:11:50,21200.0,100.0,3207500.0
1387,2021-10-20 07:11:50,21200.0,200.0,3207400.0
1388,2021-10-20 07:11:50,21200.0,1000.0,3207200.0
1389,2021-10-20 07:11:50,21200.0,400.0,3206200.0
1390,2021-10-20 07:11:50,21200.0,100.0,3205800.0
1391,2021-10-20 07:11:50,21200.0,300.0,3205700.0
1392,2021-10-20 07:11:50,21200.0,100.0,3205400.0
1393,2021-10-20 07:11:50,21200.0,500.0,3205300.0
1394,2021-10-20 07:11:50,21200.0,1200.0,3204800.0
1395,2021-10-20 07:11:38,21250.0,1000.0,3203600.0
1396,2021-10-20 07:11:31,21200.0,700.0,3202600.0
1397,2021-10-20 07:11:31,21200.0,2900.0,3201900.0
1398,2021-10-20 07:11:31,21200.0,1000.0,3199000.0
1399,2021-10-20 07:11:21,21250.0,200.0,3198000.0
1400,2021-10-20 07:11:21,21250.0,400.0,3197800.0
1401,2021-10-20 07:11:12,21200.0,500.0,3197400.0
1402,2021-10-20 07:11:12,21200.0,1000.0,3196900.0
1403,2021-10-20 07:11:12,21200.0,100.0,3195900.0
1404,2021-10-20 07:11:12,21200.0,1000.0,3195800.0
1405,2021-10-20 07:11:12,21200.0,1000.0,3194800.0
1406,2021-10-20 07:11:12,21200.0,300.0,3193800.0
1407,2021-10-20 07:11:09,21250.0,300.0,3193500.0
1408,2021-10-20 07:11:08,21250.0,100.0,3193200.0
1409,2021-10-20 07:11:07,21250.0,100.0,3193100.0
1410,2021-10-20 07:11:05,21250.0,1000.0,3193000.0
1411,2021-10-20 07:11:05,21250.0,1000.0,3192000.0
1412,2021-10-20 07:11:05,21250.0,800.0,3191000.0
1413,2021-10-20 07:11:04,21250.0,1800.0,3190200.0
1414,2021-10-20 07:11:01,21250.0,100.0,3188400.0
1415,2021-10-20 07:10:57,21250.0,1100.0,3188300.0
1416,2021-10-20 07:10:57,21250.0,900.0,3187200.0
1417,2021-10-20 07:10:53,21250.0,1000.0,3186300.0
1418,2021-10-20 07:10:52,21250.0,500.0,3185300.0
1419,2021-10-20 07:10:52,21250.0,500.0,3184800.0
1420,2021-10-20 07:10:52,21250.0,500.0,3184300.0
1421,2021-10-20 07:10:52,21250.0,200.0,3183800.0
1422,2021-10-20 07:10:52,21250.0,300.0,3183600.0
1423,2021-10-20 07:10:52,21250.0,1000.0,3183300.0
1424,2021-10-20 07:10:52,21250.0,200.0,3182300.0
1425,2021-10-20 07:10:52,21250.0,700.0,3182100.0
1426,2021-10-20 07:10:33,21250.0,300.0,3181400.0
1427,2021-10-20 07:10:33,21250.0,100.0,3181100.0
1428,2021-10-20 07:10:33,21250.0,200.0,3181000.0
1429,2021-10-20 07:10:33,21250.0,500.0,3180800.0
1430,2021-10-20 07:10:33,21250.0,400.0,3180300.0
1431,2021-10-20 07:10:33,21250.0,2000.0,3179900.0
1432,2021-10-20 07:10:33,21250.0,400.0,3177900.0
1433,2021-10-20 07:10:23,21300.0,300.0,3177500.0
1434,2021-10-20 07:10:19,21250.0,600.0,3177200.0
1435,2021-10-20 07:10:19,21250.0,500.0,3176600.0
1436,2021-10-20 07:10:19,21250.0,300.0,3176100.0
1437,2021-10-20 07:10:19,21250.0,1000.0,3175800.0
1438,2021-10-20 07:10:19,21250.0,100.0,3174800.0
1439,2021-10-20 07:10:19,21250.0,200.0,3174700.0
1440,2021-10-20 07:10:19,21250.0,200.0,3174500.0
1441,2021-10-20 07:10:19,21250.0,100.0,3174300.0
1442,2021-10-20 07:10:14,21250.0,1400.0,3174200.0
1443,2021-10-20 07:10:14,21250.0,100.0,3172800.0
1444,2021-10-20 07:10:14,21250.0,100.0,3172700.0
1445,2021-10-20 07:10:14,21250.0,100.0,3172600.0
1446,2021-10-20 07:10:14,21250.0,1000.0,3172500.0
1447,2021-10-20 07:10:14,21250.0,1200.0,3171500.0
1448,2021-10-20 07:10:13,21250.0,10200.0,3170300.0
1449,2021-10-20 07:10:11,21300.0,600.0,3160100.0
1450,2021-10-20 07:10:10,21250.0,600.0,3159500.0
1451,2021-10-20 07:09:54,21250.0,3900.0,3158900.0
1452,2021-10-20 07:09:52,21300.0,1800.0,3155000.0
1453,2021-10-20 07:09:52,21300.0,5000.0,3153200.0
1454,2021-10-20 07:09:52,21300.0,1200.0,3148200.0
1455,2021-10-20 07:09:52,21300.0,3000.0,3147000.0
1456,2021-10-20 07:09:35,21250.0,3900.0,3144000.0
1457,2021-10-20 07:09:18,21250.0,200.0,3140100.0
1458,2021-10-20 07:09:18,21250.0,400.0,3139900.0
1459,2021-10-20 07:09:15,21250.0,600.0,3139500.0
1460,2021-10-20 07:09:15,21250.0,400.0,3138900.0
1461,2021-10-20 07:09:15,21250.0,600.0,3138500.0
1462,2021-10-20 07:09:15,21250.0,1500.0,3137900.0
1463,2021-10-20 07:09:15,21250.0,100.0,3136400.0
1464,2021-10-20 07:09:15,21250.0,1000.0,3136300.0
1465,2021-10-20 07:09:15,21250.0,200.0,3135300.0
1466,2021-10-20 07:09:15,21250.0,500.0,3135100.0
1467,2021-10-20 07:09:10,21250.0,600.0,3134600.0
1468,2021-10-20 07:08:56,21250.0,3900.0,3134000.0
1469,2021-10-20 07:08:51,21300.0,1000.0,3130100.0
1470,2021-10-20 07:08:37,21250.0,1000.0,3129100.0
1471,2021-10-20 07:08:37,21250.0,2900.0,3128100.0
1472,2021-10-20 07:08:17,21250.0,100.0,3125200.0
1473,2021-10-20 07:08:17,21250.0,1000.0,3125100.0
1474,2021-10-20 07:08:17,21250.0,2800.0,3124100.0
1475,2021-10-20 07:08:17,21300.0,1000.0,3121300.0
1476,2021-10-20 07:08:12,21250.0,700.0,3120300.0
1477,2021-10-20 07:08:10,21250.0,100.0,3119600.0
1478,2021-10-20 07:08:04,21300.0,9000.0,3119500.0
1479,2021-10-20 07:08:01,21250.0,2500.0,3110500.0
1480,2021-10-20 07:07:58,21250.0,5900.0,3108000.0
1481,2021-10-20 07:07:58,21250.0,100.0,3102100.0
1482,2021-10-20 07:07:58,21250.0,3900.0,3102000.0
1483,2021-10-20 07:07:42,21250.0,900.0,3098100.0
1484,2021-10-20 07:07:39,21250.0,3900.0,3097200.0
1485,2021-10-20 07:07:19,21250.0,1200.0,3093300.0
1486,2021-10-20 07:07:19,21250.0,2700.0,3092100.0
1487,2021-10-20 07:07:06,21250.0,600.0,3089400.0
1488,2021-10-20 07:07:00,21250.0,3900.0,3088800.0
1489,2021-10-20 07:06:58,21250.0,1100.0,3084900.0
1490,2021-10-20 07:06:44,21250.0,1500.0,3083800.0
1491,2021-10-20 07:06:40,21250.0,200.0,3082300.0
1492,2021-10-20 07:06:40,21250.0,1000.0,3082100.0
1493,2021-10-20 07:06:40,21250.0,1000.0,3081100.0
1494,2021-10-20 07:06:40,21250.0,300.0,3080100.0
1495,2021-10-20 07:06:40,21250.0,1400.0,3079800.0
1496,2021-10-20 07:06:34,21300.0,100.0,3078400.0
1497,2021-10-20 07:06:28,21300.0,1000.0,3078300.0
1498,2021-10-20 07:06:21,21250.0,3600.0,3077300.0
1499,2021-10-20 07:06:21,21250.0,400.0,3073700.0
1500,2021-10-20 07:06:19,21300.0,900.0,3073300.0
1501,2021-10-20 07:06:19,21300.0,2100.0,3072400.0
1502,2021-10-20 07:06:11,21300.0,6100.0,3070300.0
1503,2021-10-20 07:06:11,21300.0,200.0,3064200.0
1504,2021-10-20 07:06:11,21300.0,1600.0,3064000.0
1505,2021-10-20 07:06:07,21300.0,400.0,3062400.0
1506,2021-10-20 07:06:07,21300.0,1600.0,3062000.0
1507,2021-10-20 07:06:03,21300.0,700.0,3060400.0
1508,2021-10-20 07:06:02,21300.0,500.0,3059700.0
1509,2021-10-20 07:06:02,21300.0,3500.0,3059200.0
1510,2021-10-20 07:05:59,21300.0,600.0,3055700.0
1511,2021-10-20 07:05:57,21300.0,5000.0,3055100.0
1512,2021-10-20 07:05:43,21300.0,900.0,3050100.0
1513,2021-10-20 07:05:42,21250.0,100.0,3049200.0
1514,2021-10-20 07:05:42,21250.0,200.0,3049100.0
1515,2021-10-20 07:05:42,21250.0,1000.0,3048900.0
1516,2021-10-20 07:05:42,21250.0,300.0,3047900.0
1517,2021-10-20 07:05:42,21250.0,2500.0,3047600.0
1518,2021-10-20 07:05:23,21300.0,3200.0,3045100.0
1519,2021-10-20 07:05:04,21300.0,1800.0,3041900.0
1520,2021-10-20 07:05:04,21300.0,500.0,3040100.0
1521,2021-10-20 07:05:04,21300.0,1800.0,3039600.0
1522,2021-10-20 07:04:52,21300.0,200.0,3037800.0
1523,2021-10-20 07:04:52,21300.0,100.0,3037600.0
1524,2021-10-20 07:04:52,21300.0,300.0,3037500.0
1525,2021-10-20 07:04:44,21300.0,4100.0,3037200.0
1526,2021-10-20 07:04:42,21300.0,500.0,3033100.0
1527,2021-10-20 07:04:30,21300.0,200.0,3032600.0
1528,2021-10-20 07:04:30,21300.0,300.0,3032400.0
1529,2021-10-20 07:04:25,21300.0,1700.0,3032100.0
1530,2021-10-20 07:04:25,21300.0,100.0,3030400.0
1531,2021-10-20 07:04:25,21300.0,2000.0,3030300.0
1532,2021-10-20 07:04:25,21300.0,200.0,3028300.0
1533,2021-10-20 07:04:25,21300.0,100.0,3028100.0
1534,2021-10-20 07:04:05,21300.0,400.0,3028000.0
1535,2021-10-20 07:04:05,21300.0,100.0,3027600.0
1536,2021-10-20 07:04:05,21300.0,3600.0,3027500.0
1537,2021-10-20 07:04:02,21300.0,2000.0,3023900.0
1538,2021-10-20 07:03:49,21300.0,600.0,3021900.0
1539,2021-10-20 07:03:46,21300.0,4100.0,3021300.0
1540,2021-10-20 07:03:26,21300.0,700.0,3017200.0
1541,2021-10-20 07:03:26,21300.0,3400.0,3016500.0
1542,2021-10-20 07:03:07,21300.0,4100.0,3013100.0
1543,2021-10-20 07:03:05,21300.0,1000.0,3009000.0
1544,2021-10-20 07:03:03,21300.0,500.0,3008000.0
1545,2021-10-20 07:02:48,21300.0,1000.0,3007500.0
1546,2021-10-20 07:02:48,21300.0,3100.0,3006500.0
1547,2021-10-20 07:02:40,21300.0,700.0,3003400.0
1548,2021-10-20 07:02:29,21300.0,4100.0,3002700.0
1549,2021-10-20 07:02:15,21300.0,2100.0,2998600.0
1550,2021-10-20 07:02:12,21300.0,1000.0,2996500.0
1551,2021-10-20 07:02:09,21300.0,200.0,2995500.0
1552,2021-10-20 07:02:09,21300.0,800.0,2995300.0
1553,2021-10-20 07:01:58,21300.0,200.0,2994500.0
1554,2021-10-20 07:01:50,21250.0,2500.0,2994300.0
1555,2021-10-20 07:01:50,21250.0,200.0,2991800.0
1556,2021-10-20 07:01:50,21250.0,1400.0,2991600.0
1557,2021-10-20 07:01:49,21300.0,100.0,2990200.0
1558,2021-10-20 07:01:42,21300.0,100.0,2990100.0
1559,2021-10-20 07:01:36,21300.0,200.0,2990000.0
1560,2021-10-20 07:01:36,21300.0,1000.0,2989800.0
1561,2021-10-20 07:01:36,21300.0,600.0,2988800.0
1562,2021-10-20 07:01:36,21300.0,500.0,2988200.0
1563,2021-10-20 07:01:36,21300.0,200.0,2987700.0
1564,2021-10-20 07:01:36,21300.0,1000.0,2987500.0
1565,2021-10-20 07:01:36,21300.0,500.0,2986500.0
1566,2021-10-20 07:01:36,21300.0,600.0,2986000.0
1567,2021-10-20 07:01:36,21300.0,3100.0,2985400.0
1568,2021-10-20 07:01:36,21300.0,600.0,2982300.0
1569,2021-10-20 07:01:36,21300.0,5000.0,2981700.0
1570,2021-10-20 07:01:36,21300.0,1700.0,2976700.0
1571,2021-10-20 07:01:31,21300.0,100.0,2975000.0
1572,2021-10-20 07:01:30,21250.0,600.0,2974900.0
1573,2021-10-20 07:01:30,21250.0,500.0,2974300.0
1574,2021-10-20 07:01:30,21250.0,200.0,2973800.0
1575,2021-10-20 07:01:30,21250.0,200.0,2973600.0
1576,2021-10-20 07:01:30,21250.0,500.0,2973400.0
1577,2021-10-20 07:01:30,21250.0,500.0,2972900.0
1578,2021-10-20 07:01:30,21250.0,1000.0,2972400.0
1579,2021-10-20 07:01:30,21250.0,200.0,2971400.0
1580,2021-10-20 07:01:30,21250.0,400.0,2971200.0
1581,2021-10-20 07:01:21,21300.0,100.0,2970800.0
1582,2021-10-20 07:01:11,21250.0,600.0,2970700.0
1583,2021-10-20 07:01:11,21250.0,1000.0,2970100.0
1584,2021-10-20 07:01:11,21250.0,500.0,2969100.0
1585,2021-10-20 07:01:11,21250.0,100.0,2968600.0
1586,2021-10-20 07:01:11,21250.0,1200.0,2968500.0
1587,2021-10-20 07:01:11,21250.0,300.0,2967300.0
1588,2021-10-20 07:01:11,21250.0,200.0,2967000.0
1589,2021-10-20 07:01:11,21250.0,100.0,2966800.0
1590,2021-10-20 07:01:11,21250.0,100.0,2966700.0
1591,2021-10-20 07:01:10,21250.0,400.0,2966600.0
1592,2021-10-20 07:01:10,21250.0,2100.0,2966200.0
1593,2021-10-20 07:01:08,21300.0,2000.0,2964100.0
1594,2021-10-20 07:01:03,21250.0,5000.0,2962100.0
1595,2021-10-20 07:01:00,21300.0,1000.0,2957100.0
1596,2021-10-20 07:00:52,21250.0,4100.0,2956100.0
1597,2021-10-20 07:00:32,21250.0,4100.0,2952000.0
1598,2021-10-20 07:00:30,21250.0,4000.0,2947900.0
1599,2021-10-20 07:00:27,21250.0,600.0,2943900.0
1600,2021-10-20 07:00:13,21250.0,100.0,2943300.0
1601,2021-10-20 07:00:13,21250.0,100.0,2943200.0
1602,2021-10-20 07:00:13,21250.0,1100.0,2943100.0
1603,2021-10-20 07:00:13,21250.0,1000.0,2942000.0
1604,2021-10-20 07:00:13,21250.0,1000.0,2941000.0
1605,2021-10-20 07:00:13,21250.0,100.0,2940000.0
1606,2021-10-20 07:00:13,21250.0,100.0,2939900.0
1607,2021-10-20 07:00:13,21250.0,600.0,2939800.0
1608,2021-10-20 06:59:54,21250.0,400.0,2939200.0
1609,2021-10-20 06:59:54,21250.0,100.0,2938800.0
1610,2021-10-20 06:59:54,21250.0,3600.0,2938700.0
1611,2021-10-20 06:59:43,21250.0,1000.0,2935100.0
1612,2021-10-20 06:59:34,21250.0,4100.0,2934100.0
1613,2021-10-20 06:59:20,21250.0,600.0,2930000.0
1614,2021-10-20 06:59:15,21250.0,700.0,2929400.0
1615,2021-10-20 06:59:15,21250.0,100.0,2928700.0
1616,2021-10-20 06:59:15,21250.0,100.0,2928600.0
1617,2021-10-20 06:59:15,21250.0,3200.0,2928500.0
1618,2021-10-20 06:59:09,21300.0,100.0,2925300.0
1619,2021-10-20 06:59:07,21300.0,1000.0,2925200.0
1620,2021-10-20 06:59:01,21300.0,500.0,2924200.0
1621,2021-10-20 06:58:55,21250.0,800.0,2923700.0
1622,2021-10-20 06:58:55,21250.0,300.0,2922900.0
1623,2021-10-20 06:58:55,21250.0,3000.0,2922600.0
1624,2021-10-20 06:58:37,21250.0,2000.0,2919600.0
1625,2021-10-20 06:58:36,21250.0,200.0,2917600.0
1626,2021-10-20 06:58:36,21250.0,200.0,2917400.0
1627,2021-10-20 06:58:36,21250.0,2000.0,2917200.0
1628,2021-10-20 06:58:36,21250.0,500.0,2915200.0
1629,2021-10-20 06:58:36,21250.0,1200.0,2914700.0
1630,2021-10-20 06:58:28,21250.0,800.0,2913500.0
1631,2021-10-20 06:58:28,21250.0,200.0,2912700.0
1632,2021-10-20 06:58:19,21300.0,100.0,2912500.0
1633,2021-10-20 06:58:17,21250.0,100.0,2912400.0
1634,2021-10-20 06:58:17,21250.0,1700.0,2912300.0
1635,2021-10-20 06:58:17,21250.0,100.0,2910600.0
1636,2021-10-20 06:58:17,21250.0,1000.0,2910500.0
1637,2021-10-20 06:58:17,21250.0,200.0,2909500.0
1638,2021-10-20 06:58:17,21250.0,1000.0,2909300.0
1639,2021-10-20 06:58:16,21250.0,1000.0,2908300.0
1640,2021-10-20 06:58:16,21250.0,100.0,2907300.0
1641,2021-10-20 06:58:16,21250.0,5900.0,2907200.0
1642,2021-10-20 06:58:07,21300.0,100.0,2901300.0
1643,2021-10-20 06:57:57,21250.0,4100.0,2901200.0
1644,2021-10-20 06:57:38,21250.0,4100.0,2897100.0
1645,2021-10-20 06:57:20,21250.0,900.0,2893000.0
1646,2021-10-20 06:57:20,21250.0,500.0,2892100.0
1647,2021-10-20 06:57:20,21250.0,2000.0,2891600.0
1648,2021-10-20 06:57:20,21250.0,2000.0,2889600.0
1649,2021-10-20 06:57:20,21250.0,200.0,2887600.0
1650,2021-10-20 06:57:20,21250.0,400.0,2887400.0
1651,2021-10-20 06:57:19,21250.0,100.0,2887000.0
1652,2021-10-20 06:57:19,21250.0,1000.0,2886900.0
1653,2021-10-20 06:57:19,21250.0,3000.0,2885900.0
1654,2021-10-20 06:57:10,21250.0,500.0,2882900.0
1655,2021-10-20 06:57:03,21300.0,2000.0,2882400.0
1656,2021-10-20 06:56:59,21250.0,4100.0,2880400.0
1657,2021-10-20 06:56:48,21250.0,500.0,2876300.0
1658,2021-10-20 06:56:41,21300.0,100.0,2875800.0
1659,2021-10-20 06:56:39,21250.0,1900.0,2875700.0
1660,2021-10-20 06:56:39,21250.0,500.0,2873800.0
1661,2021-10-20 06:56:39,21250.0,100.0,2873300.0
1662,2021-10-20 06:56:39,21250.0,100.0,2873200.0
1663,2021-10-20 06:56:39,21250.0,100.0,2873100.0
1664,2021-10-20 06:56:39,21250.0,100.0,2873000.0
1665,2021-10-20 06:56:39,21250.0,100.0,2872900.0
1666,2021-10-20 06:56:39,21250.0,100.0,2872800.0
1667,2021-10-20 06:56:39,21250.0,200.0,2872700.0
1668,2021-10-20 06:56:39,21250.0,300.0,2872500.0
1669,2021-10-20 06:56:39,21250.0,500.0,2872200.0
1670,2021-10-20 06:56:39,21250.0,200.0,2871700.0
1671,2021-10-20 06:56:24,21300.0,300.0,2871500.0
1672,2021-10-20 06:56:22,21300.0,100.0,2871200.0
1673,2021-10-20 06:56:21,21300.0,100.0,2871100.0
1674,2021-10-20 06:56:20,21250.0,800.0,2871000.0
1675,2021-10-20 06:56:20,21250.0,500.0,2870200.0
1676,2021-10-20 06:56:20,21250.0,2900.0,2869700.0
1677,2021-10-20 06:56:17,21300.0,100.0,2866800.0
1678,2021-10-20 06:56:16,21300.0,300.0,2866700.0
1679,2021-10-20 06:56:07,21300.0,100.0,2866400.0
1680,2021-10-20 06:56:07,21300.0,2200.0,2866300.0
1681,2021-10-20 06:56:05,21300.0,300.0,2864100.0
1682,2021-10-20 06:56:01,21300.0,700.0,2863800.0
1683,2021-10-20 06:56:01,21300.0,1000.0,2863100.0
1684,2021-10-20 06:56:01,21300.0,800.0,2862100.0
1685,2021-10-20 06:56:01,21250.0,100.0,2861300.0
1686,2021-10-20 06:56:01,21250.0,1000.0,2861200.0
1687,2021-10-20 06:56:01,21250.0,100.0,2860200.0
1688,2021-10-20 06:56:01,21250.0,2000.0,2860100.0
1689,2021-10-20 06:56:01,21250.0,1000.0,2858100.0
1690,2021-10-20 06:55:56,21300.0,200.0,2857100.0
1691,2021-10-20 06:55:56,21300.0,1700.0,2856900.0
1692,2021-10-20 06:55:56,21300.0,100.0,2855200.0
1693,2021-10-20 06:55:56,21300.0,2000.0,2855100.0
1694,2021-10-20 06:55:56,21300.0,200.0,2853100.0
1695,2021-10-20 06:55:52,21300.0,800.0,2852900.0
1696,2021-10-20 06:55:52,21300.0,500.0,2852100.0
1697,2021-10-20 06:55:52,21300.0,1000.0,2851600.0
1698,2021-10-20 06:55:52,21300.0,500.0,2850600.0
1699,2021-10-20 06:55:52,21300.0,100.0,2850100.0
1700,2021-10-20 06:55:52,21300.0,100.0,2850000.0
1701,2021-10-20 06:55:52,21300.0,500.0,2849900.0
1702,2021-10-20 06:55:52,21300.0,200.0,2849400.0
1703,2021-10-20 06:55:52,21300.0,1000.0,2849200.0
1704,2021-10-20 06:55:52,21300.0,100.0,2848200.0
1705,2021-10-20 06:55:52,21300.0,100.0,2848100.0
1706,2021-10-20 06:55:52,21300.0,100.0,2848000.0
1707,2021-10-20 06:55:42,21300.0,4200.0,2847900.0
1708,2021-10-20 06:55:41,21300.0,1000.0,2843700.0
1709,2021-10-20 06:55:28,21300.0,2100.0,2842700.0
1710,2021-10-20 06:55:28,21300.0,100.0,2840600.0
1711,2021-10-20 06:55:28,21300.0,2000.0,2840500.0
1712,2021-10-20 06:55:26,21300.0,100.0,2838500.0
1713,2021-10-20 06:55:26,21300.0,900.0,2838400.0
1714,2021-10-20 06:55:22,21300.0,4100.0,2837500.0
1715,2021-10-20 06:55:22,21300.0,100.0,2833400.0
1716,2021-10-20 06:55:03,21300.0,1800.0,2833300.0
1717,2021-10-20 06:55:03,21300.0,100.0,2831500.0
1718,2021-10-20 06:55:03,21300.0,200.0,2831400.0
1719,2021-10-20 06:55:03,21300.0,800.0,2831200.0
1720,2021-10-20 06:55:03,21300.0,1000.0,2830400.0
1721,2021-10-20 06:55:03,21300.0,300.0,2829400.0
1722,2021-10-20 06:54:55,21300.0,600.0,2829100.0
1723,2021-10-20 06:54:52,21300.0,1500.0,2828500.0
1724,2021-10-20 06:54:35,21300.0,500.0,2827000.0
1725,2021-10-20 06:54:35,21300.0,500.0,2826500.0
1726,2021-10-20 06:54:03,21300.0,500.0,2826000.0
1727,2021-10-20 06:54:03,21300.0,400.0,2825500.0
1728,2021-10-20 06:54:03,21300.0,1000.0,2825100.0
1729,2021-10-20 06:54:03,21300.0,600.0,2824100.0
1730,2021-10-20 06:54:03,21300.0,500.0,2823500.0
1731,2021-10-20 06:54:03,21300.0,1000.0,2823000.0
1732,2021-10-20 06:54:03,21300.0,100.0,2822000.0
1733,2021-10-20 06:54:03,21300.0,100.0,2821900.0
1734,2021-10-20 06:54:03,21300.0,300.0,2821800.0
1735,2021-10-20 06:54:03,21300.0,100.0,2821500.0
1736,2021-10-20 06:54:03,21300.0,300.0,2821400.0
1737,2021-10-20 06:54:03,21300.0,500.0,2821100.0
1738,2021-10-20 06:54:03,21300.0,4600.0,2820600.0
1739,2021-10-20 06:53:57,21350.0,600.0,2816000.0
1740,2021-10-20 06:53:56,21300.0,400.0,2815400.0
1741,2021-10-20 06:53:56,21300.0,100.0,2815000.0
1742,2021-10-20 06:53:56,21300.0,1500.0,2814900.0
1743,2021-10-20 06:53:51,21300.0,2500.0,2813400.0
1744,2021-10-20 06:53:51,21300.0,100.0,2810900.0
1745,2021-10-20 06:53:51,21300.0,100.0,2810800.0
1746,2021-10-20 06:53:51,21300.0,1000.0,2810700.0
1747,2021-10-20 06:53:51,21300.0,300.0,2809700.0
1748,2021-10-20 06:53:51,21300.0,200.0,2809400.0
1749,2021-10-20 06:53:51,21300.0,800.0,2809200.0
1750,2021-10-20 06:53:48,21300.0,600.0,2808400.0
1751,2021-10-20 06:53:11,21300.0,8600.0,2807800.0
1752,2021-10-20 06:53:11,21300.0,100.0,2799200.0
1753,2021-10-20 06:53:11,21300.0,1300.0,2799100.0
1754,2021-10-20 06:52:50,21350.0,100.0,2797800.0
1755,2021-10-20 06:52:50,21350.0,1900.0,2797700.0
1756,2021-10-20 06:52:42,21300.0,700.0,2795800.0
1757,2021-10-20 06:52:42,21300.0,1000.0,2795100.0
1758,2021-10-20 06:52:42,21300.0,100.0,2794100.0
1759,2021-10-20 06:52:42,21300.0,500.0,2794000.0
1760,2021-10-20 06:52:42,21300.0,2700.0,2793500.0
1761,2021-10-20 06:52:42,21300.0,600.0,2790800.0
1762,2021-10-20 06:52:30,21300.0,5000.0,2790200.0
1763,2021-10-20 06:51:31,21350.0,100.0,2785200.0
1764,2021-10-20 06:51:30,21350.0,200.0,2785100.0
1765,2021-10-20 06:51:13,21350.0,500.0,2784900.0
1766,2021-10-20 06:51:04,21350.0,1000.0,2784400.0
1767,2021-10-20 06:51:03,21350.0,500.0,2783400.0
1768,2021-10-20 06:51:03,21350.0,200.0,2782900.0
1769,2021-10-20 06:51:03,21350.0,500.0,2782700.0
1770,2021-10-20 06:51:03,21350.0,100.0,2782200.0
1771,2021-10-20 06:50:58,21350.0,2500.0,2782100.0
1772,2021-10-20 06:50:57,21350.0,400.0,2779600.0
1773,2021-10-20 06:50:57,21350.0,100.0,2779200.0
1774,2021-10-20 06:50:57,21350.0,800.0,2779100.0
1775,2021-10-20 06:50:57,21350.0,700.0,2778300.0
1776,2021-10-20 06:50:53,21350.0,300.0,2777600.0
1777,2021-10-20 06:50:53,21350.0,900.0,2777300.0
1778,2021-10-20 06:50:48,21350.0,100.0,2776400.0
1779,2021-10-20 06:50:44,21350.0,1000.0,2776300.0
1780,2021-10-20 06:50:44,21350.0,6000.0,2775300.0
1781,2021-10-20 06:50:42,21350.0,100.0,2769300.0
1782,2021-10-20 06:50:29,21350.0,700.0,2769200.0
1783,2021-10-20 06:50:13,21350.0,5000.0,2768500.0
1784,2021-10-20 06:50:11,21350.0,3300.0,2763500.0
1785,2021-10-20 06:50:11,21350.0,100.0,2760200.0
1786,2021-10-20 06:50:11,21350.0,100.0,2760100.0
1787,2021-10-20 06:50:11,21350.0,200.0,2760000.0
1788,2021-10-20 06:50:11,21350.0,400.0,2759800.0
1789,2021-10-20 06:50:11,21350.0,1800.0,2759400.0
1790,2021-10-20 06:50:11,21350.0,100.0,2757600.0
1791,2021-10-20 06:49:49,21350.0,2900.0,2757500.0
1792,2021-10-20 06:49:49,21350.0,100.0,2754600.0
1793,2021-10-20 06:49:22,21350.0,100.0,2754500.0
1794,2021-10-20 06:49:22,21350.0,100.0,2754400.0
1795,2021-10-20 06:49:22,21350.0,400.0,2754300.0
1796,2021-10-20 06:49:05,21350.0,100.0,2753900.0
1797,2021-10-20 06:49:05,21350.0,100.0,2753800.0
1798,2021-10-20 06:49:03,21350.0,200.0,2753700.0
1799,2021-10-20 06:49:03,21350.0,800.0,2753500.0
1800,2021-10-20 06:48:38,21350.0,1700.0,2752700.0
1801,2021-10-20 06:48:16,21350.0,600.0,2751000.0
1802,2021-10-20 06:47:57,21350.0,1000.0,2750400.0
1803,2021-10-20 06:47:10,21350.0,600.0,2749400.0
1804,2021-10-20 06:47:10,21350.0,1100.0,2748800.0
1805,2021-10-20 06:46:03,21350.0,600.0,2747700.0
1806,2021-10-20 06:45:50,21350.0,200.0,2747100.0
1807,2021-10-20 06:45:41,21350.0,500.0,2746900.0
1808,2021-10-20 06:45:41,21350.0,2900.0,2746400.0
1809,2021-10-20 06:45:41,21350.0,5000.0,2743500.0
1810,2021-10-20 06:45:41,21350.0,2600.0,2738500.0
1811,2021-10-20 06:45:35,21400.0,300.0,2735900.0
1812,2021-10-20 06:45:25,21350.0,300.0,2735600.0
1813,2021-10-20 06:45:24,21350.0,500.0,2735300.0
1814,2021-10-20 06:45:13,21350.0,500.0,2734800.0
1815,2021-10-20 06:45:05,21350.0,1100.0,2734300.0
1816,2021-10-20 06:45:05,21350.0,100.0,2733200.0
1817,2021-10-20 06:44:57,21350.0,400.0,2733100.0
1818,2021-10-20 06:44:57,21350.0,200.0,2732700.0
1819,2021-10-20 06:44:11,21350.0,600.0,2732500.0
1820,2021-10-20 06:43:56,21350.0,900.0,2731900.0
1821,2021-10-20 06:43:56,21350.0,2000.0,2731000.0
1822,2021-10-20 06:43:56,21350.0,1800.0,2729000.0
1823,2021-10-20 06:43:51,21350.0,500.0,2727200.0
1824,2021-10-20 06:43:50,21350.0,700.0,2726700.0
1825,2021-10-20 06:43:12,21350.0,1000.0,2726000.0
1826,2021-10-20 06:42:44,21350.0,700.0,2725000.0
1827,2021-10-20 06:42:20,21350.0,300.0,2724300.0
1828,2021-10-20 06:42:17,21300.0,1200.0,2724000.0
1829,2021-10-20 06:42:12,21300.0,500.0,2722800.0
1830,2021-10-20 06:42:12,21300.0,300.0,2722300.0
1831,2021-10-20 06:42:11,21350.0,1000.0,2722000.0
1832,2021-10-20 06:42:07,21350.0,100.0,2721000.0
1833,2021-10-20 06:42:07,21350.0,600.0,2720900.0
1834,2021-10-20 06:42:07,21350.0,400.0,2720300.0
1835,2021-10-20 06:42:05,21350.0,100.0,2719900.0
1836,2021-10-20 06:41:43,21350.0,200.0,2719800.0
1837,2021-10-20 06:41:37,21350.0,300.0,2719600.0
1838,2021-10-20 06:41:37,21350.0,200.0,2719300.0
1839,2021-10-20 06:41:25,21350.0,800.0,2719100.0
1840,2021-10-20 06:41:25,21350.0,200.0,2718300.0
1841,2021-10-20 06:41:21,21350.0,200.0,2718100.0
1842,2021-10-20 06:41:04,21300.0,3500.0,2717900.0
1843,2021-10-20 06:41:04,21300.0,2000.0,2714400.0
1844,2021-10-20 06:41:04,21300.0,100.0,2712400.0
1845,2021-10-20 06:41:04,21300.0,100.0,2712300.0
1846,2021-10-20 06:41:04,21300.0,1000.0,2712200.0
1847,2021-10-20 06:41:04,21300.0,300.0,2711200.0
1848,2021-10-20 06:41:04,21300.0,1000.0,2710900.0
1849,2021-10-20 06:41:04,21300.0,100.0,2709900.0
1850,2021-10-20 06:41:04,21300.0,100.0,2709800.0
1851,2021-10-20 06:41:04,21300.0,5700.0,2709700.0
1852,2021-10-20 06:41:04,21300.0,800.0,2704000.0
1853,2021-10-20 06:41:04,21300.0,300.0,2703200.0
1854,2021-10-20 06:41:02,21350.0,600.0,2702900.0
1855,2021-10-20 06:41:02,21350.0,16400.0,2702300.0
1856,2021-10-20 06:40:36,21350.0,500.0,2685900.0
1857,2021-10-20 06:40:31,21300.0,600.0,2685400.0
1858,2021-10-20 06:40:28,21300.0,100.0,2684800.0
1859,2021-10-20 06:40:28,21300.0,1000.0,2684700.0
1860,2021-10-20 06:40:28,21300.0,100.0,2683700.0
1861,2021-10-20 06:40:28,21300.0,1000.0,2683600.0
1862,2021-10-20 06:40:28,21300.0,200.0,2682600.0
1863,2021-10-20 06:40:28,21300.0,500.0,2682400.0
1864,2021-10-20 06:40:28,21300.0,1000.0,2681900.0
1865,2021-10-20 06:40:28,21300.0,800.0,2680900.0
1866,2021-10-20 06:40:28,21300.0,100.0,2680100.0
1867,2021-10-20 06:40:28,21300.0,500.0,2680000.0
1868,2021-10-20 06:40:28,21300.0,200.0,2679500.0
1869,2021-10-20 06:40:28,21300.0,300.0,2679300.0
1870,2021-10-20 06:40:28,21300.0,500.0,2679000.0
1871,2021-10-20 06:40:28,21300.0,5000.0,2678500.0
1872,2021-10-20 06:40:28,21300.0,100.0,2673500.0
1873,2021-10-20 06:40:28,21300.0,100.0,2673400.0
1874,2021-10-20 06:40:28,21300.0,100.0,2673300.0
1875,2021-10-20 06:40:28,21300.0,400.0,2673200.0
1876,2021-10-20 06:40:18,21350.0,500.0,2672800.0
1877,2021-10-20 06:40:18,21350.0,1300.0,2672300.0
1878,2021-10-20 06:40:18,21350.0,100.0,2671000.0
1879,2021-10-20 06:40:18,21350.0,600.0,2670900.0
1880,2021-10-20 06:40:18,21350.0,500.0,2670300.0
1881,2021-10-20 06:40:18,21350.0,100.0,2669800.0
1882,2021-10-20 06:40:14,21350.0,300.0,2669700.0
1883,2021-10-20 06:40:09,21350.0,4000.0,2669400.0
1884,2021-10-20 06:40:01,21350.0,5600.0,2665400.0
1885,2021-10-20 06:40:01,21350.0,100.0,2659800.0
1886,2021-10-20 06:40:01,21350.0,100.0,2659700.0
1887,2021-10-20 06:40:01,21350.0,100.0,2659600.0
1888,2021-10-20 06:40:01,21350.0,200.0,2659500.0
1889,2021-10-20 06:40:01,21350.0,500.0,2659300.0
1890,2021-10-20 06:40:01,21350.0,400.0,2658800.0
1891,2021-10-20 06:39:47,21350.0,600.0,2658400.0
1892,2021-10-20 06:39:47,21350.0,900.0,2657800.0
1893,2021-10-20 06:39:28,21350.0,500.0,2656900.0
1894,2021-10-20 06:39:25,21350.0,600.0,2656400.0
1895,2021-10-20 06:39:19,21350.0,3000.0,2655800.0
1896,2021-10-20 06:39:19,21350.0,1000.0,2652800.0
1897,2021-10-20 06:39:19,21350.0,1800.0,2651800.0
1898,2021-10-20 06:38:26,21350.0,200.0,2650000.0
1899,2021-10-20 06:38:26,21350.0,100.0,2649800.0
1900,2021-10-20 06:38:26,21350.0,400.0,2649700.0
1901,2021-10-20 06:38:18,21350.0,600.0,2649300.0
1902,2021-10-20 06:37:56,21350.0,4000.0,2648700.0
1903,2021-10-20 06:37:34,21350.0,5000.0,2644700.0
1904,2021-10-20 06:37:34,21350.0,10000.0,2639700.0
1905,2021-10-20 06:37:34,21350.0,10000.0,2629700.0
1906,2021-10-20 06:37:34,21350.0,500.0,2619700.0
1907,2021-10-20 06:37:34,21350.0,1800.0,2619200.0
1908,2021-10-20 06:37:34,21350.0,100.0,2617400.0
1909,2021-10-20 06:37:34,21350.0,100.0,2617300.0
1910,2021-10-20 06:37:34,21350.0,100.0,2617200.0
1911,2021-10-20 06:37:34,21350.0,12000.0,2617100.0
1912,2021-10-20 06:37:34,21350.0,1000.0,2605100.0
1913,2021-10-20 06:37:34,21350.0,500.0,2604100.0
1914,2021-10-20 06:37:34,21350.0,5300.0,2603600.0
1915,2021-10-20 06:37:34,21400.0,5000.0,2598300.0
1916,2021-10-20 06:37:34,21400.0,100.0,2593300.0
1917,2021-10-20 06:37:34,21400.0,900.0,2593200.0
1918,2021-10-20 06:37:34,21400.0,1000.0,2592300.0
1919,2021-10-20 06:37:34,21400.0,500.0,2591300.0
1920,2021-10-20 06:37:34,21400.0,1500.0,2590800.0
1921,2021-10-20 06:37:34,21400.0,200.0,2589300.0
1922,2021-10-20 06:37:34,21400.0,2100.0,2589100.0
1923,2021-10-20 06:37:34,21400.0,200.0,2587000.0
1924,2021-10-20 06:37:34,21400.0,100.0,2586800.0
1925,2021-10-20 06:37:34,21400.0,200.0,2586700.0
1926,2021-10-20 06:37:34,21400.0,10000.0,2586500.0
1927,2021-10-20 06:37:34,21400.0,500.0,2576500.0
1928,2021-10-20 06:37:34,21400.0,500.0,2576000.0
1929,2021-10-20 06:37:34,21400.0,100.0,2575500.0
1930,2021-10-20 06:37:34,21400.0,700.0,2575400.0
1931,2021-10-20 06:37:23,21400.0,500.0,2574700.0
1932,2021-10-20 06:37:19,21400.0,500.0,2574200.0
1933,2021-10-20 06:37:19,21400.0,500.0,2573700.0
1934,2021-10-20 06:37:19,21400.0,100.0,2573200.0
1935,2021-10-20 06:37:19,21400.0,200.0,2573100.0
1936,2021-10-20 06:37:19,21400.0,300.0,2572900.0
1937,2021-10-20 06:37:19,21400.0,1700.0,2572600.0
1938,2021-10-20 06:37:12,21400.0,600.0,2570900.0
1939,2021-10-20 06:37:10,21400.0,3400.0,2570300.0
1940,2021-10-20 06:37:08,21400.0,4300.0,2566900.0
1941,2021-10-20 06:37:08,21400.0,1000.0,2562600.0
1942,2021-10-20 06:37:08,21400.0,200.0,2561600.0
1943,2021-10-20 06:37:08,21400.0,1300.0,2561400.0
1944,2021-10-20 06:37:08,21400.0,200.0,2560100.0
1945,2021-10-20 06:37:08,21400.0,100.0,2559900.0
1946,2021-10-20 06:37:08,21400.0,2000.0,2559800.0
1947,2021-10-20 06:37:08,21400.0,100.0,2557800.0
1948,2021-10-20 06:37:08,21400.0,500.0,2557700.0
1949,2021-10-20 06:37:08,21400.0,100.0,2557200.0
1950,2021-10-20 06:37:08,21400.0,200.0,2557100.0
1951,2021-10-20 06:37:06,21400.0,400.0,2556900.0
1952,2021-10-20 06:37:01,21400.0,1400.0,2556500.0
1953,2021-10-20 06:37:01,21400.0,1000.0,2555100.0
1954,2021-10-20 06:37:01,21400.0,400.0,2554100.0
1955,2021-10-20 06:37:01,21400.0,300.0,2553700.0
1956,2021-10-20 06:37:01,21400.0,1000.0,2553400.0
1957,2021-10-20 06:37:01,21400.0,900.0,2552400.0
1958,2021-10-20 06:36:24,21400.0,9600.0,2551500.0
1959,2021-10-20 06:36:05,21450.0,1000.0,2541900.0
1960,2021-10-20 06:36:05,21400.0,600.0,2540900.0
1961,2021-10-20 06:35:48,21400.0,100.0,2540300.0
1962,2021-10-20 06:35:38,21450.0,100.0,2540200.0
1963,2021-10-20 06:35:35,21450.0,100.0,2540100.0
1964,2021-10-20 06:35:13,21450.0,200.0,2540000.0
1965,2021-10-20 06:34:12,21450.0,100.0,2539800.0
1966,2021-10-20 06:34:05,21400.0,4000.0,2539700.0
1967,2021-10-20 06:33:09,21450.0,100.0,2535700.0
1968,2021-10-20 06:33:01,21450.0,700.0,2535600.0
1969,2021-10-20 06:32:55,21400.0,100.0,2534900.0
1970,2021-10-20 06:32:35,21450.0,500.0,2534800.0
1971,2021-10-20 06:31:11,21450.0,100.0,2534300.0
1972,2021-10-20 06:31:05,21450.0,100.0,2534200.0
1973,2021-10-20 06:31:05,21450.0,400.0,2534100.0
1974,2021-10-20 06:30:55,21450.0,1000.0,2533700.0
1975,2021-10-20 06:30:51,21450.0,600.0,2532700.0
1976,2021-10-20 06:30:25,21450.0,300.0,2532100.0
1977,2021-10-20 06:29:56,21450.0,700.0,2531800.0
1978,2021-10-20 06:29:56,21450.0,500.0,2531100.0
1979,2021-10-20 06:29:56,21450.0,600.0,2530600.0
1980,2021-10-20 06:29:56,21450.0,100.0,2530000.0
1981,2021-10-20 06:29:56,21450.0,8100.0,2529900.0
1982,2021-10-20 06:29:00,21450.0,1900.0,2521800.0
1983,2021-10-20 06:28:30,21450.0,6000.0,2519900.0
1984,2021-10-20 06:28:20,21450.0,600.0,2513900.0
1985,2021-10-20 06:28:10,21450.0,1000.0,2513300.0
1986,2021-10-20 06:28:08,21450.0,6000.0,2512300.0
1987,2021-10-20 06:28:06,21450.0,1000.0,2506300.0
1988,2021-10-20 06:27:57,21450.0,1200.0,2505300.0
1989,2021-10-20 06:27:33,21450.0,1000.0,2504100.0
1990,2021-10-20 06:27:33,21450.0,400.0,2503100.0
1991,2021-10-20 06:27:33,21450.0,600.0,2502700.0
1992,2021-10-20 06:27:33,21450.0,200.0,2502100.0
1993,2021-10-20 06:27:33,21450.0,100.0,2501900.0
1994,2021-10-20 06:27:33,21450.0,600.0,2501800.0
1995,2021-10-20 06:27:33,21450.0,4000.0,2501200.0
1996,2021-10-20 06:27:33,21450.0,200.0,2497200.0
1997,2021-10-20 06:27:33,21450.0,5400.0,2497000.0
1998,2021-10-20 06:27:33,21450.0,2500.0,2491600.0
1999,2021-10-20 06:27:33,21450.0,8000.0,2489100.0
2000,2021-10-20 06:27:33,21450.0,500.0,2481100.0
2001,2021-10-20 06:27:33,21450.0,200.0,2480600.0
2002,2021-10-20 06:27:33,21450.0,2200.0,2480400.0
2003,2021-10-20 06:27:33,21450.0,600.0,2478200.0
2004,2021-10-20 06:27:33,21450.0,100.0,2477600.0
2005,2021-10-20 06:27:33,21450.0,5700.0,2477500.0
2006,2021-10-20 06:27:29,21400.0,800.0,2471800.0
2007,2021-10-20 06:27:14,21400.0,600.0,2471000.0
2008,2021-10-20 06:26:37,21400.0,8000.0,2470400.0
2009,2021-10-20 06:26:37,21450.0,800.0,2462400.0
2010,2021-10-20 06:25:04,21450.0,400.0,2461600.0
2011,2021-10-20 06:24:50,21450.0,700.0,2461200.0
2012,2021-10-20 06:24:23,21400.0,500.0,2460500.0
2013,2021-10-20 06:24:10,21400.0,3000.0,2460000.0
2014,2021-10-20 06:23:54,21400.0,600.0,2457000.0
2015,2021-10-20 06:23:24,21400.0,200.0,2456400.0
2016,2021-10-20 06:23:05,21450.0,5000.0,2456200.0
2017,2021-10-20 06:22:48,21400.0,600.0,2451200.0
2018,2021-10-20 06:22:32,21400.0,200.0,2450600.0
2019,2021-10-20 06:22:19,21400.0,10000.0,2450400.0
2020,2021-10-20 06:21:42,21400.0,200.0,2440400.0
2021,2021-10-20 06:21:42,21400.0,400.0,2440200.0
2022,2021-10-20 06:21:32,21400.0,2000.0,2439800.0
2023,2021-10-20 06:20:35,21400.0,600.0,2437800.0
2024,2021-10-20 06:20:34,21400.0,2000.0,2437200.0
2025,2021-10-20 06:20:34,21400.0,300.0,2435200.0
2026,2021-10-20 06:20:10,21400.0,5000.0,2434900.0
2027,2021-10-20 06:20:06,21450.0,100.0,2429900.0
2028,2021-10-20 06:19:57,21400.0,3000.0,2429800.0
2029,2021-10-20 06:19:55,21400.0,1700.0,2426800.0
2030,2021-10-20 06:19:55,21400.0,1700.0,2425100.0
2031,2021-10-20 06:19:55,21400.0,2600.0,2423400.0
2032,2021-10-20 06:19:53,21400.0,400.0,2420800.0
2033,2021-10-20 06:19:44,21400.0,17000.0,2420400.0
2034,2021-10-20 06:19:44,21400.0,500.0,2403400.0
2035,2021-10-20 06:19:44,21400.0,300.0,2402900.0
2036,2021-10-20 06:19:44,21400.0,100.0,2402600.0
2037,2021-10-20 06:19:44,21400.0,200.0,2402500.0
2038,2021-10-20 06:19:44,21400.0,200.0,2402300.0
2039,2021-10-20 06:19:44,21400.0,1700.0,2402100.0
2040,2021-10-20 06:19:34,21400.0,100.0,2400400.0
2041,2021-10-20 06:19:24,21450.0,200.0,2400300.0
2042,2021-10-20 06:19:21,21450.0,1000.0,2400100.0
2043,2021-10-20 06:18:40,21450.0,2000.0,2399100.0
