,Time,Price,Volume_per_trade,Volume
0,2021-10-07 07:45:01,61900.0,3200.0,2304900.0
1,2021-10-07 07:45:01,61900.0,1000.0,2301700.0
2,2021-10-07 07:45:01,61900.0,15000.0,2300700.0
3,2021-10-07 07:45:01,61900.0,500.0,2285700.0
4,2021-10-07 07:45:01,61900.0,200.0,2285200.0
5,2021-10-07 07:45:01,61900.0,3500.0,2285000.0
6,2021-10-07 07:45:01,61900.0,100.0,2281500.0
7,2021-10-07 07:45:01,61900.0,100.0,2281400.0
8,2021-10-07 07:45:01,61900.0,400.0,2281300.0
9,2021-10-07 07:45:01,61900.0,1000.0,2280900.0
10,2021-10-07 07:45:01,61900.0,4200.0,2279900.0
11,2021-10-07 07:45:01,61900.0,1100.0,2275700.0
12,2021-10-07 07:45:01,61900.0,300.0,2274600.0
13,2021-10-07 07:45:01,61900.0,500.0,2274300.0
14,2021-10-07 07:45:01,61900.0,500.0,2273800.0
15,2021-10-07 07:45:01,61900.0,100.0,2273300.0
16,2021-10-07 07:45:01,61900.0,2500.0,2273200.0
17,2021-10-07 07:45:01,61900.0,1000.0,2270700.0
18,2021-10-07 07:45:01,61900.0,500.0,2269700.0
19,2021-10-07 07:45:01,61900.0,200.0,2269200.0
20,2021-10-07 07:45:01,61900.0,1000.0,2269000.0
21,2021-10-07 07:45:01,61900.0,3100.0,2268000.0
22,2021-10-07 07:45:01,61900.0,6900.0,2264900.0
23,2021-10-07 07:45:01,61900.0,7300.0,2258000.0
24,2021-10-07 07:45:01,61900.0,200.0,2250700.0
25,2021-10-07 07:45:01,61900.0,300.0,2250500.0
26,2021-10-07 07:45:01,61900.0,1000.0,2250200.0
27,2021-10-07 07:45:01,61900.0,500.0,2249200.0
28,2021-10-07 07:45:01,61900.0,1000.0,2248700.0
29,2021-10-07 07:45:01,61900.0,1000.0,2247700.0
30,2021-10-07 07:45:01,61900.0,2000.0,2246700.0
31,2021-10-07 07:45:01,61900.0,1000.0,2244700.0
32,2021-10-07 07:45:01,61900.0,5000.0,2243700.0
33,2021-10-07 07:45:01,61900.0,500.0,2238700.0
34,2021-10-07 07:45:01,61900.0,600.0,2238200.0
35,2021-10-07 07:45:01,61900.0,100.0,2237600.0
36,2021-10-07 07:45:01,61900.0,500.0,2237500.0
37,2021-10-07 07:45:01,61900.0,900.0,2237000.0
38,2021-10-07 07:45:01,61900.0,200.0,2236100.0
39,2021-10-07 07:45:01,61900.0,500.0,2235900.0
40,2021-10-07 07:45:01,61900.0,100.0,2235400.0
41,2021-10-07 07:45:01,61900.0,6500.0,2235300.0
42,2021-10-07 07:45:01,61900.0,1000.0,2228800.0
43,2021-10-07 07:45:01,61900.0,1000.0,2227800.0
44,2021-10-07 07:45:01,61900.0,1300.0,2226800.0
45,2021-10-07 07:45:01,61900.0,100.0,2225500.0
46,2021-10-07 07:45:01,61900.0,600.0,2225400.0
47,2021-10-07 07:45:01,61900.0,100.0,2224800.0
48,2021-10-07 07:45:01,61900.0,1000.0,2224700.0
49,2021-10-07 07:45:01,61900.0,600.0,2223700.0
50,2021-10-07 07:45:01,61900.0,7400.0,2223100.0
51,2021-10-07 07:45:01,61900.0,500.0,2215700.0
52,2021-10-07 07:45:01,61900.0,100.0,2215200.0
53,2021-10-07 07:45:01,61900.0,200.0,2215100.0
54,2021-10-07 07:45:01,61900.0,9800.0,2214900.0
55,2021-10-07 07:45:01,61900.0,200.0,2205100.0
56,2021-10-07 07:45:01,61900.0,800.0,2204900.0
57,2021-10-07 07:45:01,61900.0,4200.0,2204100.0
58,2021-10-07 07:45:01,61900.0,800.0,2199900.0
59,2021-10-07 07:45:01,61900.0,100.0,2199100.0
60,2021-10-07 07:45:01,61900.0,3000.0,2199000.0
61,2021-10-07 07:45:01,61900.0,1000.0,2196000.0
62,2021-10-07 07:45:01,61900.0,100.0,2195000.0
63,2021-10-07 07:45:01,61900.0,1400.0,2194900.0
64,2021-10-07 07:45:01,61900.0,200.0,2193500.0
65,2021-10-07 07:45:01,61900.0,300.0,2193300.0
66,2021-10-07 07:45:01,61900.0,500.0,2193000.0
67,2021-10-07 07:45:01,61900.0,100.0,2192500.0
68,2021-10-07 07:45:01,61900.0,300.0,2192400.0
69,2021-10-07 07:45:01,61900.0,500.0,2192100.0
70,2021-10-07 07:45:01,61900.0,5000.0,2191600.0
71,2021-10-07 07:45:01,61900.0,1700.0,2186600.0
72,2021-10-07 07:45:01,61900.0,100.0,2184900.0
73,2021-10-07 07:45:01,61900.0,100.0,2184800.0
74,2021-10-07 07:45:01,61900.0,100.0,2184700.0
75,2021-10-07 07:45:01,61900.0,3000.0,2184600.0
76,2021-10-07 07:45:01,61900.0,300.0,2181600.0
77,2021-10-07 07:45:01,61900.0,3000.0,2181300.0
78,2021-10-07 07:45:01,61900.0,700.0,2178300.0
79,2021-10-07 07:45:01,61900.0,3000.0,2177600.0
80,2021-10-07 07:45:01,61900.0,100.0,2174600.0
81,2021-10-07 07:45:01,61900.0,400.0,2174500.0
82,2021-10-07 07:45:01,61900.0,300.0,2174100.0
83,2021-10-07 07:45:01,61900.0,300.0,2173800.0
84,2021-10-07 07:29:36,61400.0,1200.0,2173500.0
85,2021-10-07 07:29:36,61400.0,100.0,2172300.0
86,2021-10-07 07:29:36,61400.0,1000.0,2172200.0
87,2021-10-07 07:29:36,61400.0,100.0,2171200.0
88,2021-10-07 07:29:36,61400.0,100.0,2171100.0
89,2021-10-07 07:29:36,61400.0,200.0,2171000.0
90,2021-10-07 07:29:36,61400.0,2300.0,2170800.0
91,2021-10-07 07:29:33,61500.0,600.0,2168500.0
92,2021-10-07 07:29:14,61500.0,2000.0,2167900.0
93,2021-10-07 07:29:08,61400.0,400.0,2165900.0
94,2021-10-07 07:29:04,61400.0,1000.0,2165500.0
95,2021-10-07 07:28:58,61400.0,500.0,2164500.0
96,2021-10-07 07:28:47,61400.0,100.0,2164000.0
97,2021-10-07 07:28:44,61400.0,5700.0,2163900.0
98,2021-10-07 07:28:44,61400.0,1000.0,2158200.0
99,2021-10-07 07:28:44,61400.0,600.0,2157200.0
100,2021-10-07 07:28:44,61400.0,100.0,2156600.0
101,2021-10-07 07:28:44,61400.0,2600.0,2156500.0
102,2021-10-07 07:28:40,61400.0,6100.0,2153900.0
103,2021-10-07 07:28:33,61400.0,100.0,2147800.0
104,2021-10-07 07:28:22,61400.0,200.0,2147700.0
105,2021-10-07 07:28:21,61400.0,300.0,2147500.0
106,2021-10-07 07:28:06,61400.0,100.0,2147200.0
107,2021-10-07 07:27:53,61400.0,100.0,2147100.0
108,2021-10-07 07:27:28,61400.0,200.0,2147000.0
109,2021-10-07 07:27:25,61400.0,100.0,2146800.0
110,2021-10-07 07:27:17,61400.0,200.0,2146700.0
111,2021-10-07 07:27:17,61400.0,100.0,2146500.0
112,2021-10-07 07:27:17,61400.0,200.0,2146400.0
113,2021-10-07 07:27:13,61400.0,100.0,2146200.0
114,2021-10-07 07:27:05,61400.0,100.0,2146100.0
115,2021-10-07 07:27:02,61400.0,400.0,2146000.0
116,2021-10-07 07:27:00,61400.0,1000.0,2145600.0
117,2021-10-07 07:27:00,61400.0,100.0,2144600.0
118,2021-10-07 07:27:00,61500.0,1000.0,2144500.0
119,2021-10-07 07:27:00,61500.0,7900.0,2143500.0
120,2021-10-07 07:26:57,61500.0,1000.0,2135600.0
121,2021-10-07 07:26:55,61500.0,100.0,2134600.0
122,2021-10-07 07:26:51,61500.0,200.0,2134500.0
123,2021-10-07 07:26:48,61500.0,800.0,2134300.0
124,2021-10-07 07:26:48,61500.0,500.0,2133500.0
125,2021-10-07 07:26:48,61500.0,300.0,2133000.0
126,2021-10-07 07:26:48,61500.0,500.0,2132700.0
127,2021-10-07 07:26:48,61500.0,500.0,2132200.0
128,2021-10-07 07:26:48,61500.0,400.0,2131700.0
129,2021-10-07 07:26:44,61500.0,100.0,2131300.0
130,2021-10-07 07:26:35,61500.0,100.0,2131200.0
131,2021-10-07 07:26:29,61600.0,100.0,2131100.0
132,2021-10-07 07:26:19,61500.0,2000.0,2131000.0
133,2021-10-07 07:26:05,61500.0,100.0,2129000.0
134,2021-10-07 07:26:01,61500.0,2000.0,2128900.0
135,2021-10-07 07:25:58,61500.0,600.0,2126900.0
136,2021-10-07 07:25:49,61500.0,100.0,2126300.0
137,2021-10-07 07:25:46,61500.0,200.0,2126200.0
138,2021-10-07 07:25:40,61500.0,500.0,2126000.0
139,2021-10-07 07:25:17,61500.0,400.0,2125500.0
140,2021-10-07 07:25:13,61500.0,100.0,2125100.0
141,2021-10-07 07:25:08,61500.0,100.0,2125000.0
142,2021-10-07 07:25:06,61500.0,3700.0,2124900.0
143,2021-10-07 07:25:06,61500.0,1000.0,2121200.0
144,2021-10-07 07:25:06,61500.0,300.0,2120200.0
145,2021-10-07 07:24:59,61500.0,200.0,2119900.0
146,2021-10-07 07:24:59,61500.0,100.0,2119700.0
147,2021-10-07 07:24:48,61500.0,100.0,2119600.0
148,2021-10-07 07:24:37,61500.0,300.0,2119500.0
149,2021-10-07 07:24:37,61500.0,100.0,2119200.0
150,2021-10-07 07:24:37,61500.0,600.0,2119100.0
151,2021-10-07 07:24:30,61600.0,1100.0,2118500.0
152,2021-10-07 07:24:30,61600.0,900.0,2117400.0
153,2021-10-07 07:24:24,61500.0,200.0,2116500.0
154,2021-10-07 07:23:57,61500.0,100.0,2116300.0
155,2021-10-07 07:23:56,61500.0,100.0,2116200.0
156,2021-10-07 07:23:56,61500.0,100.0,2116100.0
157,2021-10-07 07:23:43,61500.0,1300.0,2116000.0
158,2021-10-07 07:23:34,61500.0,100.0,2114700.0
159,2021-10-07 07:23:27,61500.0,500.0,2114600.0
160,2021-10-07 07:21:02,61600.0,100.0,2114100.0
161,2021-10-07 07:21:00,61500.0,800.0,2114000.0
162,2021-10-07 07:20:26,61500.0,500.0,2113200.0
163,2021-10-07 07:20:14,61500.0,1200.0,2112700.0
164,2021-10-07 07:20:14,61500.0,700.0,2111500.0
165,2021-10-07 07:20:14,61500.0,200.0,2110800.0
166,2021-10-07 07:20:14,61500.0,200.0,2110600.0
167,2021-10-07 07:20:14,61500.0,100.0,2110400.0
168,2021-10-07 07:20:14,61500.0,100.0,2110300.0
169,2021-10-07 07:20:05,61500.0,200.0,2110200.0
170,2021-10-07 07:20:05,61500.0,800.0,2110000.0
171,2021-10-07 07:20:00,61500.0,2100.0,2109200.0
172,2021-10-07 07:19:32,61500.0,300.0,2107100.0
173,2021-10-07 07:19:23,61500.0,2000.0,2106800.0
174,2021-10-07 07:19:19,61500.0,100.0,2104800.0
175,2021-10-07 07:19:06,61500.0,500.0,2104700.0
176,2021-10-07 07:18:57,61500.0,300.0,2104200.0
177,2021-10-07 07:18:02,61500.0,400.0,2103900.0
178,2021-10-07 07:18:02,61500.0,600.0,2103500.0
179,2021-10-07 07:17:58,61500.0,400.0,2102900.0
180,2021-10-07 07:17:58,61500.0,500.0,2102500.0
181,2021-10-07 07:17:58,61500.0,100.0,2102000.0
182,2021-10-07 07:17:44,61500.0,100.0,2101900.0
183,2021-10-07 07:17:34,61500.0,200.0,2101800.0
184,2021-10-07 07:17:34,61500.0,200.0,2101600.0
185,2021-10-07 07:17:34,61500.0,500.0,2101400.0
186,2021-10-07 07:17:34,61500.0,300.0,2100900.0
187,2021-10-07 07:17:34,61500.0,200.0,2100600.0
188,2021-10-07 07:17:34,61500.0,200.0,2100400.0
189,2021-10-07 07:17:34,61500.0,500.0,2100200.0
190,2021-10-07 07:17:34,61500.0,200.0,2099700.0
191,2021-10-07 07:17:34,61500.0,100.0,2099500.0
192,2021-10-07 07:17:31,61500.0,100.0,2099400.0
193,2021-10-07 07:17:07,61500.0,100.0,2099300.0
194,2021-10-07 07:16:01,61500.0,500.0,2099200.0
195,2021-10-07 07:15:54,61500.0,200.0,2098700.0
196,2021-10-07 07:15:54,61500.0,200.0,2098500.0
197,2021-10-07 07:15:50,61500.0,300.0,2098300.0
198,2021-10-07 07:15:50,61500.0,200.0,2098000.0
199,2021-10-07 07:15:48,61500.0,100.0,2097800.0
200,2021-10-07 07:15:25,61500.0,100.0,2097700.0
201,2021-10-07 07:15:03,61500.0,200.0,2097600.0
202,2021-10-07 07:13:46,61500.0,100.0,2097400.0
203,2021-10-07 07:13:46,61500.0,100.0,2097300.0
204,2021-10-07 07:13:42,61500.0,900.0,2097200.0
205,2021-10-07 07:13:42,61500.0,1100.0,2096300.0
206,2021-10-07 07:13:31,61600.0,100.0,2095200.0
207,2021-10-07 07:13:24,61500.0,8900.0,2095100.0
208,2021-10-07 07:13:24,61500.0,200.0,2086200.0
209,2021-10-07 07:13:24,61500.0,100.0,2086000.0
210,2021-10-07 07:13:24,61500.0,800.0,2085900.0
211,2021-10-07 07:12:09,61500.0,100.0,2085100.0
212,2021-10-07 07:12:08,61500.0,300.0,2085000.0
213,2021-10-07 07:11:48,61500.0,100.0,2084700.0
214,2021-10-07 07:11:43,61600.0,100.0,2084600.0
215,2021-10-07 07:11:24,61600.0,300.0,2084500.0
216,2021-10-07 07:09:29,61600.0,300.0,2084200.0
217,2021-10-07 07:09:20,61600.0,1000.0,2083900.0
218,2021-10-07 07:08:30,61600.0,200.0,2082900.0
219,2021-10-07 07:08:26,61600.0,300.0,2082700.0
220,2021-10-07 07:08:13,61500.0,100.0,2082400.0
221,2021-10-07 07:08:10,61600.0,300.0,2082300.0
222,2021-10-07 07:08:00,61600.0,100.0,2082000.0
223,2021-10-07 07:08:00,61600.0,1000.0,2081900.0
224,2021-10-07 07:08:00,61600.0,5300.0,2080900.0
225,2021-10-07 07:07:37,61600.0,1000.0,2075600.0
226,2021-10-07 07:07:26,61600.0,500.0,2074600.0
227,2021-10-07 07:07:17,61600.0,300.0,2074100.0
228,2021-10-07 07:06:58,61600.0,700.0,2073800.0
229,2021-10-07 07:06:57,61600.0,200.0,2073100.0
230,2021-10-07 07:06:45,61600.0,300.0,2072900.0
231,2021-10-07 07:06:45,61600.0,500.0,2072600.0
232,2021-10-07 07:06:45,61600.0,300.0,2072100.0
233,2021-10-07 07:06:45,61600.0,600.0,2071800.0
234,2021-10-07 07:06:45,61600.0,1500.0,2071200.0
235,2021-10-07 07:06:45,61600.0,100.0,2069700.0
236,2021-10-07 07:05:28,61500.0,200.0,2069600.0
237,2021-10-07 07:04:12,61500.0,300.0,2069400.0
238,2021-10-07 07:04:06,61500.0,3000.0,2069100.0
239,2021-10-07 07:03:43,61600.0,200.0,2066100.0
240,2021-10-07 07:03:41,61600.0,200.0,2065900.0
241,2021-10-07 07:03:37,61600.0,400.0,2065700.0
242,2021-10-07 07:03:26,61600.0,300.0,2065300.0
243,2021-10-07 07:03:15,61600.0,300.0,2065000.0
244,2021-10-07 07:03:07,61600.0,5000.0,2064700.0
245,2021-10-07 07:02:25,61600.0,500.0,2059700.0
246,2021-10-07 07:01:22,61500.0,100.0,2059200.0
247,2021-10-07 07:01:22,61500.0,100.0,2059100.0
248,2021-10-07 07:01:18,61600.0,300.0,2059000.0
249,2021-10-07 07:00:02,61500.0,400.0,2058700.0
250,2021-10-07 07:00:01,61500.0,500.0,2058300.0
251,2021-10-07 06:59:46,61600.0,1000.0,2057800.0
252,2021-10-07 06:59:46,61600.0,500.0,2056800.0
253,2021-10-07 06:59:46,61600.0,100.0,2056300.0
254,2021-10-07 06:59:46,61600.0,1100.0,2056200.0
255,2021-10-07 06:58:50,61600.0,1000.0,2055100.0
256,2021-10-07 06:58:44,61600.0,900.0,2054100.0
257,2021-10-07 06:58:44,61600.0,500.0,2053200.0
258,2021-10-07 06:58:44,61600.0,300.0,2052700.0
259,2021-10-07 06:58:44,61600.0,8300.0,2052400.0
260,2021-10-07 06:58:30,61600.0,500.0,2044100.0
261,2021-10-07 06:58:18,61600.0,100.0,2043600.0
262,2021-10-07 06:58:15,61600.0,200.0,2043500.0
263,2021-10-07 06:58:12,61600.0,100.0,2043300.0
264,2021-10-07 06:57:43,61600.0,500.0,2043200.0
265,2021-10-07 06:57:34,61600.0,300.0,2042700.0
266,2021-10-07 06:56:58,61500.0,100.0,2042400.0
267,2021-10-07 06:56:58,61500.0,200.0,2042300.0
268,2021-10-07 06:56:58,61500.0,200.0,2042100.0
269,2021-10-07 06:56:55,61600.0,1000.0,2041900.0
270,2021-10-07 06:56:55,61600.0,500.0,2040900.0
271,2021-10-07 06:56:55,61600.0,300.0,2040400.0
272,2021-10-07 06:56:55,61600.0,300.0,2040100.0
273,2021-10-07 06:56:55,61600.0,500.0,2039800.0
274,2021-10-07 06:56:55,61600.0,400.0,2039300.0
275,2021-10-07 06:56:55,61600.0,100.0,2038900.0
276,2021-10-07 06:56:55,61600.0,2000.0,2038800.0
277,2021-10-07 06:56:55,61700.0,400.0,2036800.0
278,2021-10-07 06:56:55,61700.0,100.0,2036400.0
279,2021-10-07 06:56:55,61700.0,500.0,2036300.0
280,2021-10-07 06:56:55,61600.0,400.0,2035800.0
281,2021-10-07 06:56:00,61600.0,500.0,2035400.0
282,2021-10-07 06:55:46,61600.0,100.0,2034900.0
283,2021-10-07 06:55:29,61600.0,400.0,2034800.0
284,2021-10-07 06:53:57,61600.0,400.0,2034400.0
285,2021-10-07 06:53:48,61600.0,400.0,2034000.0
286,2021-10-07 06:52:38,61600.0,500.0,2033600.0
287,2021-10-07 06:52:27,61600.0,300.0,2033100.0
288,2021-10-07 06:52:27,61600.0,100.0,2032800.0
289,2021-10-07 06:52:15,61600.0,300.0,2032700.0
290,2021-10-07 06:52:15,61600.0,100.0,2032400.0
291,2021-10-07 06:52:07,61600.0,500.0,2032300.0
292,2021-10-07 06:51:07,61600.0,100.0,2031800.0
293,2021-10-07 06:50:56,61600.0,400.0,2031700.0
294,2021-10-07 06:50:44,61600.0,8900.0,2031300.0
295,2021-10-07 06:50:44,61600.0,100.0,2022400.0
296,2021-10-07 06:50:42,61600.0,400.0,2022300.0
297,2021-10-07 06:49:26,61700.0,100.0,2021900.0
298,2021-10-07 06:49:03,61500.0,1800.0,2021800.0
299,2021-10-07 06:49:03,61500.0,100.0,2020000.0
300,2021-10-07 06:49:03,61500.0,7000.0,2019900.0
301,2021-10-07 06:49:03,61500.0,1000.0,2012900.0
302,2021-10-07 06:49:03,61500.0,100.0,2011900.0
303,2021-10-07 06:49:03,61500.0,500.0,2011800.0
304,2021-10-07 06:49:03,61500.0,1000.0,2011300.0
305,2021-10-07 06:49:03,61500.0,100.0,2010300.0
306,2021-10-07 06:49:03,61500.0,300.0,2010200.0
307,2021-10-07 06:49:03,61500.0,2900.0,2009900.0
308,2021-10-07 06:49:03,61500.0,10000.0,2007000.0
309,2021-10-07 06:49:03,61500.0,3000.0,1997000.0
310,2021-10-07 06:49:03,61500.0,500.0,1994000.0
311,2021-10-07 06:49:03,61600.0,200.0,1993500.0
312,2021-10-07 06:49:03,61600.0,100.0,1993300.0
313,2021-10-07 06:49:03,61600.0,1000.0,1993200.0
314,2021-10-07 06:49:03,61600.0,100.0,1992200.0
315,2021-10-07 06:49:03,61600.0,6900.0,1992100.0
316,2021-10-07 06:49:03,61600.0,200.0,1985200.0
317,2021-10-07 06:49:03,61600.0,1400.0,1985000.0
318,2021-10-07 06:49:03,61600.0,300.0,1983600.0
319,2021-10-07 06:49:03,61600.0,1500.0,1983300.0
320,2021-10-07 06:49:03,61600.0,200.0,1981800.0
321,2021-10-07 06:49:03,61600.0,600.0,1981600.0
322,2021-10-07 06:49:03,61600.0,100.0,1981000.0
323,2021-10-07 06:49:03,61600.0,7300.0,1980900.0
324,2021-10-07 06:49:03,61700.0,500.0,1973600.0
325,2021-10-07 06:49:03,61700.0,500.0,1973100.0
326,2021-10-07 06:49:03,61700.0,200.0,1972600.0
327,2021-10-07 06:49:03,61700.0,600.0,1972400.0
328,2021-10-07 06:48:27,61800.0,300.0,1971800.0
329,2021-10-07 06:48:24,61700.0,200.0,1971500.0
330,2021-10-07 06:47:55,61700.0,300.0,1971300.0
331,2021-10-07 06:47:50,61800.0,200.0,1971000.0
332,2021-10-07 06:47:36,61700.0,400.0,1970800.0
333,2021-10-07 06:47:28,61800.0,2000.0,1970400.0
334,2021-10-07 06:47:26,61700.0,400.0,1968400.0
335,2021-10-07 06:46:55,61800.0,3000.0,1968000.0
336,2021-10-07 06:46:33,61700.0,100.0,1965000.0
337,2021-10-07 06:46:24,61700.0,200.0,1964900.0
338,2021-10-07 06:46:08,61800.0,200.0,1964700.0
339,2021-10-07 06:45:14,61800.0,5900.0,1964500.0
340,2021-10-07 06:45:14,61700.0,500.0,1958600.0
341,2021-10-07 06:45:14,61700.0,2000.0,1958100.0
342,2021-10-07 06:45:14,61700.0,200.0,1956100.0
343,2021-10-07 06:45:14,61700.0,100.0,1955900.0
344,2021-10-07 06:45:14,61700.0,1300.0,1955800.0
345,2021-10-07 06:44:53,61600.0,300.0,1954500.0
346,2021-10-07 06:44:29,61600.0,400.0,1954200.0
347,2021-10-07 06:44:26,61700.0,300.0,1953800.0
348,2021-10-07 06:43:40,61700.0,800.0,1953500.0
349,2021-10-07 06:43:40,61700.0,700.0,1952700.0
350,2021-10-07 06:43:40,61600.0,200.0,1952000.0
351,2021-10-07 06:43:39,61600.0,100.0,1951800.0
352,2021-10-07 06:43:38,61600.0,500.0,1951700.0
353,2021-10-07 06:43:32,61600.0,700.0,1951200.0
354,2021-10-07 06:43:23,61600.0,300.0,1950500.0
355,2021-10-07 06:42:57,61600.0,600.0,1950200.0
356,2021-10-07 06:42:57,61600.0,300.0,1949600.0
357,2021-10-07 06:42:57,61600.0,300.0,1949300.0
358,2021-10-07 06:42:57,61600.0,200.0,1949000.0
359,2021-10-07 06:42:57,61600.0,500.0,1948800.0
360,2021-10-07 06:42:57,61600.0,200.0,1948300.0
361,2021-10-07 06:42:57,61600.0,100.0,1948100.0
362,2021-10-07 06:42:57,61600.0,1800.0,1948000.0
363,2021-10-07 06:42:53,61700.0,300.0,1946200.0
364,2021-10-07 06:42:45,61700.0,1000.0,1945900.0
365,2021-10-07 06:42:36,61600.0,3200.0,1944900.0
366,2021-10-07 06:42:36,61600.0,100.0,1941700.0
367,2021-10-07 06:42:36,61600.0,100.0,1941600.0
368,2021-10-07 06:42:36,61600.0,200.0,1941500.0
369,2021-10-07 06:42:36,61600.0,500.0,1941300.0
370,2021-10-07 06:42:36,61600.0,500.0,1940800.0
371,2021-10-07 06:42:31,61700.0,100.0,1940300.0
372,2021-10-07 06:42:07,61700.0,300.0,1940200.0
373,2021-10-07 06:41:52,61600.0,300.0,1939900.0
374,2021-10-07 06:41:48,61700.0,500.0,1939600.0
375,2021-10-07 06:41:32,61700.0,500.0,1939100.0
376,2021-10-07 06:41:32,61700.0,200.0,1938600.0
377,2021-10-07 06:41:32,61700.0,500.0,1938400.0
378,2021-10-07 06:41:32,61700.0,200.0,1937900.0
379,2021-10-07 06:41:32,61700.0,100.0,1937700.0
380,2021-10-07 06:41:32,61700.0,800.0,1937600.0
381,2021-10-07 06:41:23,61700.0,200.0,1936800.0
382,2021-10-07 06:41:23,61700.0,200.0,1936600.0
383,2021-10-07 06:40:46,61800.0,200.0,1936400.0
384,2021-10-07 06:40:25,61800.0,100.0,1936200.0
385,2021-10-07 06:40:21,61700.0,300.0,1936100.0
386,2021-10-07 06:40:19,61800.0,200.0,1935800.0
387,2021-10-07 06:40:19,61800.0,600.0,1935600.0
388,2021-10-07 06:40:09,61800.0,400.0,1935000.0
389,2021-10-07 06:40:09,61800.0,200.0,1934600.0
390,2021-10-07 06:40:09,61800.0,100.0,1934400.0
391,2021-10-07 06:40:09,61800.0,100.0,1934300.0
392,2021-10-07 06:40:09,61800.0,100.0,1934200.0
393,2021-10-07 06:40:09,61800.0,1000.0,1934100.0
394,2021-10-07 06:40:09,61800.0,100.0,1933100.0
395,2021-10-07 06:39:27,61800.0,200.0,1933000.0
396,2021-10-07 06:39:27,61800.0,300.0,1932800.0
397,2021-10-07 06:39:27,61800.0,300.0,1932500.0
398,2021-10-07 06:39:27,61800.0,200.0,1932200.0
399,2021-10-07 06:38:57,61900.0,800.0,1932000.0
400,2021-10-07 06:38:57,61900.0,200.0,1931200.0
401,2021-10-07 06:38:55,61900.0,100.0,1931000.0
402,2021-10-07 06:38:50,61800.0,300.0,1930900.0
403,2021-10-07 06:38:18,61900.0,300.0,1930600.0
404,2021-10-07 06:38:17,61800.0,200.0,1930300.0
405,2021-10-07 06:38:17,61800.0,200.0,1930100.0
406,2021-10-07 06:38:05,61900.0,200.0,1929900.0
407,2021-10-07 06:37:47,61900.0,200.0,1929700.0
408,2021-10-07 06:37:47,61900.0,800.0,1929500.0
409,2021-10-07 06:37:47,61800.0,1300.0,1928700.0
410,2021-10-07 06:37:47,61800.0,700.0,1927400.0
411,2021-10-07 06:37:18,61800.0,300.0,1926700.0
412,2021-10-07 06:37:14,61800.0,2000.0,1926400.0
413,2021-10-07 06:37:12,61800.0,200.0,1924400.0
414,2021-10-07 06:37:07,61800.0,100.0,1924200.0
415,2021-10-07 06:36:57,61800.0,200.0,1924100.0
416,2021-10-07 06:36:47,61800.0,100.0,1923900.0
417,2021-10-07 06:36:29,61800.0,500.0,1923800.0
418,2021-10-07 06:36:29,61800.0,100.0,1923300.0
419,2021-10-07 06:36:29,61800.0,5000.0,1923200.0
420,2021-10-07 06:36:29,61800.0,300.0,1918200.0
421,2021-10-07 06:36:29,61800.0,3500.0,1917900.0
422,2021-10-07 06:36:14,61800.0,1500.0,1914400.0
423,2021-10-07 06:36:14,61800.0,2500.0,1912900.0
424,2021-10-07 06:36:08,61800.0,300.0,1910400.0
425,2021-10-07 06:36:00,61800.0,200.0,1910100.0
426,2021-10-07 06:36:00,61800.0,100.0,1909900.0
427,2021-10-07 06:36:00,61800.0,200.0,1909800.0
428,2021-10-07 06:35:52,61800.0,100.0,1909600.0
429,2021-10-07 06:35:49,61800.0,200.0,1909500.0
430,2021-10-07 06:35:49,61800.0,100.0,1909300.0
431,2021-10-07 06:35:10,61800.0,400.0,1909200.0
432,2021-10-07 06:34:55,61900.0,200.0,1908800.0
433,2021-10-07 06:34:42,61900.0,100.0,1908600.0
434,2021-10-07 06:34:42,61900.0,5900.0,1908500.0
435,2021-10-07 06:34:20,61900.0,100.0,1902600.0
436,2021-10-07 06:34:17,61900.0,200.0,1902500.0
437,2021-10-07 06:33:57,62000.0,300.0,1902300.0
438,2021-10-07 06:33:37,62000.0,3000.0,1902000.0
439,2021-10-07 06:33:37,62000.0,1600.0,1899000.0
440,2021-10-07 06:33:36,62000.0,2000.0,1897400.0
441,2021-10-07 06:33:36,62000.0,1000.0,1895400.0
442,2021-10-07 06:33:22,62000.0,2000.0,1894400.0
443,2021-10-07 06:33:21,62000.0,1000.0,1892400.0
444,2021-10-07 06:33:15,62000.0,1000.0,1891400.0
445,2021-10-07 06:33:12,62000.0,100.0,1890400.0
446,2021-10-07 06:32:52,62100.0,200.0,1890300.0
447,2021-10-07 06:32:47,62000.0,300.0,1890100.0
448,2021-10-07 06:32:39,62000.0,100.0,1889800.0
449,2021-10-07 06:32:31,62000.0,500.0,1889700.0
450,2021-10-07 06:32:29,62000.0,500.0,1889200.0
451,2021-10-07 06:32:28,62000.0,300.0,1888700.0
452,2021-10-07 06:32:28,62000.0,600.0,1888400.0
453,2021-10-07 06:32:28,62000.0,1000.0,1887800.0
454,2021-10-07 06:32:28,62000.0,500.0,1886800.0
455,2021-10-07 06:32:28,62000.0,4800.0,1886300.0
456,2021-10-07 06:32:28,62000.0,100.0,1881500.0
457,2021-10-07 06:32:28,62000.0,600.0,1881400.0
458,2021-10-07 06:32:28,62000.0,500.0,1880800.0
459,2021-10-07 06:32:28,62000.0,2000.0,1880300.0
460,2021-10-07 06:32:28,62000.0,200.0,1878300.0
461,2021-10-07 06:32:28,62000.0,200.0,1878100.0
462,2021-10-07 06:32:28,62000.0,1000.0,1877900.0
463,2021-10-07 06:32:28,62000.0,200.0,1876900.0
464,2021-10-07 06:32:28,62000.0,300.0,1876700.0
465,2021-10-07 06:32:28,62000.0,1000.0,1876400.0
466,2021-10-07 06:32:28,61900.0,500.0,1875400.0
467,2021-10-07 06:32:28,61900.0,100.0,1874900.0
468,2021-10-07 06:32:28,61900.0,2400.0,1874800.0
469,2021-10-07 06:32:28,61900.0,100.0,1872400.0
470,2021-10-07 06:32:28,61900.0,200.0,1872300.0
471,2021-10-07 06:32:28,61900.0,2300.0,1872100.0
472,2021-10-07 06:32:28,61800.0,300.0,1869800.0
473,2021-10-07 06:32:28,61800.0,200.0,1869500.0
474,2021-10-07 06:32:28,61800.0,500.0,1869300.0
475,2021-10-07 06:32:23,61800.0,1000.0,1868800.0
476,2021-10-07 06:32:14,61800.0,1000.0,1867800.0
477,2021-10-07 06:32:14,61800.0,500.0,1866800.0
478,2021-10-07 06:32:14,61800.0,300.0,1866300.0
479,2021-10-07 06:32:10,61800.0,1700.0,1866000.0
480,2021-10-07 06:32:10,61800.0,300.0,1864300.0
481,2021-10-07 06:32:04,61800.0,400.0,1864000.0
482,2021-10-07 06:32:04,61800.0,300.0,1863600.0
483,2021-10-07 06:32:04,61800.0,2500.0,1863300.0
484,2021-10-07 06:32:04,61800.0,200.0,1860800.0
485,2021-10-07 06:31:21,61900.0,300.0,1860600.0
486,2021-10-07 06:31:16,61800.0,300.0,1860300.0
487,2021-10-07 06:31:07,61900.0,300.0,1860000.0
488,2021-10-07 06:31:01,61900.0,500.0,1859700.0
489,2021-10-07 06:30:51,61900.0,100.0,1859200.0
490,2021-10-07 06:30:51,61900.0,1900.0,1859100.0
491,2021-10-07 06:30:50,61900.0,200.0,1857200.0
492,2021-10-07 06:30:43,61900.0,100.0,1857000.0
493,2021-10-07 06:30:33,61900.0,100.0,1856900.0
494,2021-10-07 06:30:24,61900.0,1000.0,1856800.0
495,2021-10-07 06:30:24,61900.0,4000.0,1855800.0
496,2021-10-07 06:30:07,61900.0,200.0,1851800.0
497,2021-10-07 06:30:05,61900.0,200.0,1851600.0
498,2021-10-07 06:30:05,61900.0,600.0,1851400.0
499,2021-10-07 06:29:53,62000.0,300.0,1850800.0
500,2021-10-07 06:29:46,61900.0,300.0,1850500.0
501,2021-10-07 06:29:44,61900.0,100.0,1850200.0
502,2021-10-07 06:29:30,62000.0,700.0,1850100.0
503,2021-10-07 06:29:30,62000.0,100.0,1849400.0
504,2021-10-07 06:29:30,62000.0,900.0,1849300.0
505,2021-10-07 06:29:30,62000.0,300.0,1848400.0
506,2021-10-07 06:29:05,62000.0,500.0,1848100.0
507,2021-10-07 06:29:04,61900.0,100.0,1847600.0
508,2021-10-07 06:28:59,61900.0,400.0,1847500.0
509,2021-10-07 06:28:52,61900.0,600.0,1847100.0
510,2021-10-07 06:28:52,61900.0,100.0,1846500.0
511,2021-10-07 06:28:30,62000.0,500.0,1846400.0
512,2021-10-07 06:28:28,62000.0,500.0,1845900.0
513,2021-10-07 06:28:28,62000.0,100.0,1845400.0
514,2021-10-07 06:28:28,62000.0,200.0,1845300.0
515,2021-10-07 06:28:28,62000.0,200.0,1845100.0
516,2021-10-07 06:28:27,62000.0,100.0,1844900.0
517,2021-10-07 06:28:27,62000.0,2000.0,1844800.0
518,2021-10-07 06:28:27,62000.0,200.0,1842800.0
519,2021-10-07 06:28:27,62000.0,500.0,1842600.0
520,2021-10-07 06:28:27,62000.0,100.0,1842100.0
521,2021-10-07 06:28:27,62000.0,2000.0,1842000.0
522,2021-10-07 06:28:27,62000.0,400.0,1840000.0
523,2021-10-07 06:28:27,62000.0,4600.0,1839600.0
524,2021-10-07 06:28:27,62000.0,100.0,1835000.0
525,2021-10-07 06:28:27,62000.0,400.0,1834900.0
526,2021-10-07 06:28:27,62000.0,1000.0,1834500.0
527,2021-10-07 06:28:27,62000.0,400.0,1833500.0
528,2021-10-07 06:28:26,62000.0,100.0,1833100.0
529,2021-10-07 06:28:16,62000.0,500.0,1833000.0
530,2021-10-07 06:28:15,62000.0,300.0,1832500.0
531,2021-10-07 06:28:11,62000.0,2000.0,1832200.0
532,2021-10-07 06:28:04,62000.0,500.0,1830200.0
533,2021-10-07 06:28:03,62000.0,300.0,1829700.0
534,2021-10-07 06:28:00,62000.0,500.0,1829400.0
535,2021-10-07 06:27:56,62000.0,200.0,1828900.0
536,2021-10-07 06:27:55,62000.0,200.0,1828700.0
537,2021-10-07 06:27:55,62000.0,1800.0,1828500.0
538,2021-10-07 06:27:50,62000.0,2000.0,1826700.0
539,2021-10-07 06:27:49,62000.0,300.0,1824700.0
540,2021-10-07 06:27:31,62000.0,200.0,1824400.0
541,2021-10-07 06:27:30,62000.0,3000.0,1824200.0
542,2021-10-07 06:27:12,62000.0,1000.0,1821200.0
543,2021-10-07 06:27:09,62100.0,200.0,1820200.0
544,2021-10-07 06:27:09,62100.0,1800.0,1820000.0
545,2021-10-07 06:26:55,62100.0,900.0,1818200.0
546,2021-10-07 06:26:44,62000.0,300.0,1817300.0
547,2021-10-07 06:26:36,62000.0,400.0,1817000.0
548,2021-10-07 06:26:36,62000.0,3500.0,1816600.0
549,2021-10-07 06:26:36,62000.0,5000.0,1813100.0
550,2021-10-07 06:26:36,62000.0,5000.0,1808100.0
551,2021-10-07 06:26:36,62000.0,3000.0,1803100.0
552,2021-10-07 06:26:36,62000.0,400.0,1800100.0
553,2021-10-07 06:26:36,62000.0,2700.0,1799700.0
554,2021-10-07 06:26:35,62000.0,2300.0,1797000.0
555,2021-10-07 06:26:35,62000.0,500.0,1794700.0
556,2021-10-07 06:26:35,62000.0,500.0,1794200.0
557,2021-10-07 06:26:35,62000.0,5000.0,1793700.0
558,2021-10-07 06:26:35,62000.0,500.0,1788700.0
559,2021-10-07 06:26:35,62000.0,3700.0,1788200.0
560,2021-10-07 06:26:35,62100.0,1000.0,1784500.0
561,2021-10-07 06:26:30,62100.0,300.0,1783500.0
562,2021-10-07 06:26:30,62100.0,200.0,1783200.0
563,2021-10-07 06:26:22,62200.0,200.0,1783000.0
564,2021-10-07 06:26:22,62200.0,100.0,1782800.0
565,2021-10-07 06:26:22,62200.0,1000.0,1782700.0
566,2021-10-07 06:26:22,62200.0,100.0,1781700.0
567,2021-10-07 06:26:22,62200.0,1500.0,1781600.0
568,2021-10-07 06:26:22,62200.0,200.0,1780100.0
569,2021-10-07 06:26:22,62200.0,1900.0,1779900.0
570,2021-10-07 06:26:13,62100.0,1000.0,1778000.0
571,2021-10-07 06:26:13,62100.0,1000.0,1777000.0
572,2021-10-07 06:26:05,62100.0,300.0,1776000.0
573,2021-10-07 06:25:56,62100.0,500.0,1775700.0
574,2021-10-07 06:25:52,62100.0,300.0,1775200.0
575,2021-10-07 06:25:52,62100.0,100.0,1774900.0
576,2021-10-07 06:25:50,62200.0,500.0,1774800.0
577,2021-10-07 06:25:35,62100.0,300.0,1774300.0
578,2021-10-07 06:25:35,62200.0,1000.0,1774000.0
579,2021-10-07 06:25:22,62100.0,100.0,1773000.0
580,2021-10-07 06:25:17,62100.0,200.0,1772900.0
581,2021-10-07 06:25:13,62100.0,300.0,1772700.0
582,2021-10-07 06:25:08,62200.0,300.0,1772400.0
583,2021-10-07 06:24:57,62100.0,100.0,1772100.0
584,2021-10-07 06:24:53,62100.0,100.0,1772000.0
585,2021-10-07 06:24:53,62100.0,100.0,1771900.0
586,2021-10-07 06:24:48,62100.0,1000.0,1771800.0
587,2021-10-07 06:24:33,62100.0,200.0,1770800.0
588,2021-10-07 06:24:32,62100.0,200.0,1770600.0
589,2021-10-07 06:24:32,62100.0,400.0,1770400.0
590,2021-10-07 06:24:32,62100.0,600.0,1770000.0
591,2021-10-07 06:24:26,62100.0,100.0,1769400.0
592,2021-10-07 06:24:24,62100.0,300.0,1769300.0
593,2021-10-07 06:24:24,62100.0,400.0,1769000.0
594,2021-10-07 06:24:24,62100.0,300.0,1768600.0
595,2021-10-07 06:23:50,62100.0,200.0,1768300.0
596,2021-10-07 06:23:50,62100.0,100.0,1768100.0
597,2021-10-07 06:23:50,62100.0,300.0,1768000.0
598,2021-10-07 06:23:50,62100.0,200.0,1767700.0
599,2021-10-07 06:23:50,62100.0,200.0,1767500.0
600,2021-10-07 06:23:43,62100.0,300.0,1767300.0
601,2021-10-07 06:23:39,62100.0,500.0,1767000.0
602,2021-10-07 06:23:24,62100.0,200.0,1766500.0
603,2021-10-07 06:23:22,62100.0,200.0,1766300.0
604,2021-10-07 06:23:19,62100.0,1000.0,1766100.0
605,2021-10-07 06:23:05,62100.0,500.0,1765100.0
606,2021-10-07 06:22:47,62000.0,500.0,1764600.0
607,2021-10-07 06:22:45,62000.0,400.0,1764100.0
608,2021-10-07 06:22:44,62100.0,100.0,1763700.0
609,2021-10-07 06:22:43,62000.0,200.0,1763600.0
610,2021-10-07 06:22:33,62000.0,100.0,1763400.0
611,2021-10-07 06:22:32,62100.0,200.0,1763300.0
612,2021-10-07 06:22:32,62000.0,100.0,1763100.0
613,2021-10-07 06:22:12,62000.0,300.0,1763000.0
614,2021-10-07 06:21:53,62000.0,200.0,1762700.0
615,2021-10-07 06:21:49,62000.0,5000.0,1762500.0
616,2021-10-07 06:21:49,62200.0,1000.0,1757500.0
617,2021-10-07 06:21:47,62200.0,300.0,1756500.0
618,2021-10-07 06:21:46,62000.0,500.0,1756200.0
619,2021-10-07 06:21:43,62000.0,500.0,1755700.0
620,2021-10-07 06:21:43,62000.0,1000.0,1755200.0
621,2021-10-07 06:21:37,62000.0,400.0,1754200.0
622,2021-10-07 06:21:31,62000.0,300.0,1753800.0
623,2021-10-07 06:21:22,62000.0,12800.0,1753500.0
624,2021-10-07 06:21:22,62000.0,100.0,1740700.0
625,2021-10-07 06:21:16,62000.0,600.0,1740600.0
626,2021-10-07 06:21:13,62000.0,400.0,1740000.0
627,2021-10-07 06:21:09,62000.0,2000.0,1739600.0
628,2021-10-07 06:21:09,62000.0,500.0,1737600.0
629,2021-10-07 06:21:09,62000.0,1000.0,1737100.0
630,2021-10-07 06:21:09,62000.0,2000.0,1736100.0
631,2021-10-07 06:21:09,62000.0,200.0,1734100.0
632,2021-10-07 06:21:09,62000.0,400.0,1733900.0
633,2021-10-07 06:21:02,62000.0,100.0,1733500.0
634,2021-10-07 06:21:02,62000.0,500.0,1733400.0
635,2021-10-07 06:21:02,62000.0,400.0,1732900.0
636,2021-10-07 06:20:57,62000.0,100.0,1732500.0
637,2021-10-07 06:20:54,62200.0,1000.0,1732400.0
638,2021-10-07 06:20:47,62200.0,300.0,1731400.0
639,2021-10-07 06:20:43,62200.0,3000.0,1731100.0
640,2021-10-07 06:20:41,62000.0,300.0,1728100.0
641,2021-10-07 06:20:36,62200.0,200.0,1727800.0
642,2021-10-07 06:20:33,62200.0,500.0,1727600.0
643,2021-10-07 06:20:33,62200.0,8900.0,1727100.0
644,2021-10-07 06:20:33,62200.0,1100.0,1718200.0
645,2021-10-07 06:20:30,62200.0,2200.0,1717100.0
646,2021-10-07 06:20:26,62200.0,200.0,1714900.0
647,2021-10-07 06:20:16,62200.0,100.0,1714700.0
648,2021-10-07 06:20:09,62200.0,4900.0,1714600.0
649,2021-10-07 06:20:04,62200.0,100.0,1709700.0
650,2021-10-07 06:19:54,62200.0,100.0,1709600.0
651,2021-10-07 06:19:52,62400.0,200.0,1709500.0
652,2021-10-07 06:19:52,62400.0,800.0,1709300.0
653,2021-10-07 06:19:44,62200.0,300.0,1708500.0
654,2021-10-07 06:19:40,62200.0,100.0,1708200.0
655,2021-10-07 06:19:39,62200.0,400.0,1708100.0
656,2021-10-07 06:19:37,62400.0,1200.0,1707700.0
657,2021-10-07 06:19:35,62400.0,2000.0,1706500.0
658,2021-10-07 06:19:33,62400.0,100.0,1704500.0
659,2021-10-07 06:19:33,62400.0,400.0,1704400.0
660,2021-10-07 06:19:30,62400.0,1300.0,1704000.0
661,2021-10-07 06:19:30,62200.0,200.0,1702700.0
662,2021-10-07 06:19:30,62400.0,500.0,1702500.0
663,2021-10-07 06:19:29,62400.0,3200.0,1702000.0
664,2021-10-07 06:19:29,62400.0,3000.0,1698800.0
665,2021-10-07 06:19:29,62400.0,100.0,1695800.0
666,2021-10-07 06:19:29,62400.0,2900.0,1695700.0
667,2021-10-07 06:19:29,62400.0,500.0,1692800.0
668,2021-10-07 06:19:29,62400.0,6300.0,1692300.0
669,2021-10-07 06:19:22,62400.0,2000.0,1686000.0
670,2021-10-07 06:19:20,62400.0,1800.0,1684000.0
671,2021-10-07 06:19:14,62400.0,200.0,1682200.0
672,2021-10-07 06:19:14,62500.0,2900.0,1682000.0
673,2021-10-07 06:19:10,62400.0,300.0,1679100.0
674,2021-10-07 06:19:07,62400.0,300.0,1678800.0
675,2021-10-07 06:19:07,62400.0,100.0,1678500.0
676,2021-10-07 06:19:06,62400.0,1000.0,1678400.0
677,2021-10-07 06:18:57,62400.0,100.0,1677400.0
678,2021-10-07 06:18:57,62400.0,100.0,1677300.0
679,2021-10-07 06:18:57,62400.0,500.0,1677200.0
680,2021-10-07 06:18:57,62400.0,2000.0,1676700.0
681,2021-10-07 06:18:57,62400.0,500.0,1674700.0
682,2021-10-07 06:18:57,62400.0,200.0,1674200.0
683,2021-10-07 06:18:57,62400.0,1000.0,1674000.0
684,2021-10-07 06:18:57,62400.0,300.0,1673000.0
685,2021-10-07 06:18:57,62400.0,1000.0,1672700.0
686,2021-10-07 06:18:57,62400.0,100.0,1671700.0
687,2021-10-07 06:18:57,62400.0,100.0,1671600.0
688,2021-10-07 06:18:57,62400.0,1000.0,1671500.0
689,2021-10-07 06:18:57,62400.0,100.0,1670500.0
690,2021-10-07 06:18:57,62400.0,500.0,1670400.0
691,2021-10-07 06:18:57,62200.0,200.0,1669900.0
692,2021-10-07 06:18:23,62400.0,500.0,1669700.0
693,2021-10-07 06:18:23,62400.0,2500.0,1669200.0
694,2021-10-07 06:18:17,62200.0,200.0,1666700.0
695,2021-10-07 06:18:17,62200.0,500.0,1666500.0
696,2021-10-07 06:18:17,62200.0,1900.0,1666000.0
697,2021-10-07 06:18:17,62400.0,3400.0,1664100.0
698,2021-10-07 06:18:15,62400.0,300.0,1660700.0
699,2021-10-07 06:18:07,62400.0,3000.0,1660400.0
700,2021-10-07 06:18:02,62500.0,100.0,1657400.0
701,2021-10-07 06:18:02,62500.0,200.0,1657300.0
702,2021-10-07 06:18:00,62400.0,100.0,1657100.0
703,2021-10-07 06:18:00,62400.0,100.0,1657000.0
704,2021-10-07 06:18:00,62400.0,200.0,1656900.0
705,2021-10-07 06:18:00,62400.0,100.0,1656700.0
706,2021-10-07 06:18:00,62400.0,5000.0,1656600.0
707,2021-10-07 06:18:00,62400.0,100.0,1651600.0
708,2021-10-07 06:18:00,62400.0,100.0,1651500.0
709,2021-10-07 06:18:00,62400.0,1100.0,1651400.0
710,2021-10-07 06:18:00,62300.0,300.0,1650300.0
711,2021-10-07 06:18:00,62300.0,500.0,1650000.0
712,2021-10-07 06:18:00,62300.0,100.0,1649500.0
713,2021-10-07 06:18:00,62300.0,100.0,1649400.0
714,2021-10-07 06:18:00,62300.0,100.0,1649300.0
715,2021-10-07 06:18:00,62300.0,1500.0,1649200.0
716,2021-10-07 06:18:00,62300.0,3900.0,1647700.0
717,2021-10-07 06:17:54,62200.0,200.0,1643800.0
718,2021-10-07 06:17:54,62200.0,200.0,1643600.0
719,2021-10-07 06:17:52,62200.0,500.0,1643400.0
720,2021-10-07 06:17:52,62200.0,200.0,1642900.0
721,2021-10-07 06:17:49,62200.0,300.0,1642700.0
722,2021-10-07 06:17:48,62300.0,200.0,1642400.0
723,2021-10-07 06:17:47,62300.0,5900.0,1642200.0
724,2021-10-07 06:17:47,62300.0,100.0,1636300.0
725,2021-10-07 06:17:47,62300.0,1000.0,1636200.0
726,2021-10-07 06:17:47,62300.0,3000.0,1635200.0
727,2021-10-07 06:17:47,62300.0,500.0,1632200.0
728,2021-10-07 06:17:47,62300.0,500.0,1631700.0
729,2021-10-07 06:17:47,62200.0,200.0,1631200.0
730,2021-10-07 06:17:47,62200.0,4000.0,1631000.0
731,2021-10-07 06:17:47,62200.0,500.0,1627000.0
732,2021-10-07 06:17:47,62200.0,100.0,1626500.0
733,2021-10-07 06:17:47,62200.0,300.0,1626400.0
734,2021-10-07 06:17:47,62200.0,500.0,1626100.0
735,2021-10-07 06:17:47,62200.0,200.0,1625600.0
736,2021-10-07 06:17:47,62200.0,100.0,1625400.0
737,2021-10-07 06:17:47,62200.0,2000.0,1625300.0
738,2021-10-07 06:17:47,62200.0,1100.0,1623300.0
739,2021-10-07 06:17:38,62100.0,300.0,1622200.0
740,2021-10-07 06:17:38,62200.0,500.0,1621900.0
741,2021-10-07 06:17:35,62200.0,900.0,1621400.0
742,2021-10-07 06:17:31,62200.0,500.0,1620500.0
743,2021-10-07 06:17:24,62200.0,100.0,1620000.0
744,2021-10-07 06:17:24,62100.0,100.0,1619900.0
745,2021-10-07 06:17:16,62200.0,2000.0,1619800.0
746,2021-10-07 06:17:15,61700.0,100.0,1617800.0
747,2021-10-07 06:17:15,61700.0,500.0,1617700.0
748,2021-10-07 06:17:15,61800.0,100.0,1617200.0
749,2021-10-07 06:17:15,61900.0,5000.0,1617100.0
750,2021-10-07 06:17:15,61900.0,4700.0,1612100.0
751,2021-10-07 06:17:15,62000.0,500.0,1607400.0
752,2021-10-07 06:17:15,62000.0,800.0,1606900.0
753,2021-10-07 06:17:15,62000.0,8200.0,1606100.0
754,2021-10-07 06:17:15,62100.0,2000.0,1597900.0
755,2021-10-07 06:17:15,62100.0,1000.0,1595900.0
756,2021-10-07 06:17:15,62100.0,500.0,1594900.0
757,2021-10-07 06:17:15,62100.0,700.0,1594400.0
758,2021-10-07 06:17:13,62200.0,400.0,1593700.0
759,2021-10-07 06:17:13,62200.0,400.0,1593300.0
760,2021-10-07 06:17:12,62200.0,600.0,1592900.0
761,2021-10-07 06:17:12,62200.0,500.0,1592300.0
762,2021-10-07 06:17:12,62200.0,900.0,1591800.0
763,2021-10-07 06:17:11,62100.0,1000.0,1590900.0
764,2021-10-07 06:17:00,62100.0,200.0,1589900.0
765,2021-10-07 06:16:52,62100.0,2000.0,1589700.0
766,2021-10-07 06:16:51,62200.0,100.0,1587700.0
767,2021-10-07 06:16:45,62200.0,400.0,1587600.0
768,2021-10-07 06:16:45,62200.0,100.0,1587200.0
769,2021-10-07 06:16:45,62200.0,2000.0,1587100.0
770,2021-10-07 06:16:45,62200.0,500.0,1585100.0
771,2021-10-07 06:16:45,62200.0,200.0,1584600.0
772,2021-10-07 06:16:45,62200.0,100.0,1584400.0
773,2021-10-07 06:16:45,62200.0,100.0,1584300.0
774,2021-10-07 06:16:45,62200.0,100.0,1584200.0
775,2021-10-07 06:16:45,62200.0,400.0,1584100.0
776,2021-10-07 06:16:45,62200.0,1000.0,1583700.0
777,2021-10-07 06:16:45,62200.0,100.0,1582700.0
778,2021-10-07 06:16:43,62200.0,900.0,1582600.0
779,2021-10-07 06:16:43,62200.0,100.0,1581700.0
780,2021-10-07 06:16:43,62200.0,1000.0,1581600.0
781,2021-10-07 06:16:43,62200.0,100.0,1580600.0
782,2021-10-07 06:16:39,62100.0,100.0,1580500.0
783,2021-10-07 06:16:38,62100.0,200.0,1580400.0
784,2021-10-07 06:16:33,62100.0,400.0,1580200.0
785,2021-10-07 06:16:33,62100.0,100.0,1579800.0
786,2021-10-07 06:16:32,62100.0,100.0,1579700.0
787,2021-10-07 06:16:32,62100.0,300.0,1579600.0
788,2021-10-07 06:16:32,62100.0,100.0,1579300.0
789,2021-10-07 06:16:32,62100.0,500.0,1579200.0
790,2021-10-07 06:16:32,62100.0,100.0,1578700.0
791,2021-10-07 06:16:32,62100.0,100.0,1578600.0
792,2021-10-07 06:16:32,62100.0,100.0,1578500.0
793,2021-10-07 06:16:32,62100.0,100.0,1578400.0
794,2021-10-07 06:16:32,62100.0,2500.0,1578300.0
795,2021-10-07 06:16:16,62100.0,2500.0,1575800.0
796,2021-10-07 06:16:11,62000.0,100.0,1573300.0
797,2021-10-07 06:16:10,62000.0,500.0,1573200.0
798,2021-10-07 06:16:10,62000.0,600.0,1572700.0
799,2021-10-07 06:16:10,62000.0,500.0,1572100.0
800,2021-10-07 06:16:10,62000.0,200.0,1571600.0
801,2021-10-07 06:16:10,62000.0,500.0,1571400.0
802,2021-10-07 06:16:10,62000.0,100.0,1570900.0
803,2021-10-07 06:16:10,62000.0,100.0,1570800.0
804,2021-10-07 06:16:10,62000.0,200.0,1570700.0
805,2021-10-07 06:16:10,62000.0,2000.0,1570500.0
806,2021-10-07 06:16:10,62000.0,200.0,1568500.0
807,2021-10-07 06:16:10,62000.0,100.0,1568300.0
808,2021-10-07 06:16:10,62000.0,1000.0,1568200.0
809,2021-10-07 06:16:10,62000.0,100.0,1567200.0
810,2021-10-07 06:16:10,62000.0,500.0,1567100.0
811,2021-10-07 06:16:10,62000.0,300.0,1566600.0
812,2021-10-07 06:16:10,62000.0,100.0,1566300.0
813,2021-10-07 06:16:10,62000.0,100.0,1566200.0
814,2021-10-07 06:16:10,62000.0,200.0,1566100.0
815,2021-10-07 06:16:10,62000.0,100.0,1565900.0
816,2021-10-07 06:16:10,62000.0,100.0,1565800.0
817,2021-10-07 06:16:10,62000.0,100.0,1565700.0
818,2021-10-07 06:16:10,62000.0,500.0,1565600.0
819,2021-10-07 06:16:10,62000.0,1000.0,1565100.0
820,2021-10-07 06:16:10,62000.0,1500.0,1564100.0
821,2021-10-07 06:16:10,62000.0,100.0,1562600.0
822,2021-10-07 06:16:10,62000.0,1000.0,1562500.0
823,2021-10-07 06:16:09,61900.0,300.0,1561500.0
824,2021-10-07 06:16:04,62000.0,1000.0,1561200.0
825,2021-10-07 06:16:04,62000.0,700.0,1560200.0
826,2021-10-07 06:15:55,62000.0,300.0,1559500.0
827,2021-10-07 06:15:55,62000.0,100.0,1559200.0
828,2021-10-07 06:15:55,62000.0,100.0,1559100.0
829,2021-10-07 06:15:55,62000.0,300.0,1559000.0
830,2021-10-07 06:15:55,62000.0,200.0,1558700.0
831,2021-10-07 06:15:53,62000.0,1000.0,1558500.0
832,2021-10-07 06:15:48,62000.0,500.0,1557500.0
833,2021-10-07 06:15:46,62000.0,700.0,1557000.0
834,2021-10-07 06:15:46,62000.0,500.0,1556300.0
835,2021-10-07 06:15:46,62000.0,100.0,1555800.0
836,2021-10-07 06:15:46,62000.0,100.0,1555700.0
837,2021-10-07 06:15:46,62000.0,100.0,1555600.0
838,2021-10-07 06:15:46,62000.0,100.0,1555500.0
839,2021-10-07 06:15:46,62000.0,600.0,1555400.0
840,2021-10-07 06:15:41,62000.0,2600.0,1554800.0
841,2021-10-07 06:15:39,62000.0,1800.0,1552200.0
842,2021-10-07 06:15:39,62000.0,200.0,1550400.0
843,2021-10-07 06:15:37,62000.0,300.0,1550200.0
844,2021-10-07 06:15:37,62000.0,100.0,1549900.0
845,2021-10-07 06:15:37,62000.0,100.0,1549800.0
846,2021-10-07 06:15:37,62000.0,800.0,1549700.0
847,2021-10-07 06:15:37,62000.0,200.0,1548900.0
848,2021-10-07 06:15:37,62000.0,300.0,1548700.0
849,2021-10-07 06:15:37,62000.0,100.0,1548400.0
850,2021-10-07 06:15:37,62000.0,100.0,1548300.0
851,2021-10-07 06:15:37,62000.0,500.0,1548200.0
852,2021-10-07 06:15:37,62000.0,100.0,1547700.0
853,2021-10-07 06:15:37,62000.0,700.0,1547600.0
854,2021-10-07 06:15:37,62000.0,100.0,1546900.0
855,2021-10-07 06:15:37,62000.0,1000.0,1546800.0
856,2021-10-07 06:15:37,62000.0,100.0,1545800.0
857,2021-10-07 06:15:37,62000.0,500.0,1545700.0
858,2021-10-07 06:15:37,62000.0,100.0,1545200.0
859,2021-10-07 06:15:37,62000.0,200.0,1545100.0
860,2021-10-07 06:15:37,62000.0,1000.0,1544900.0
861,2021-10-07 06:15:37,62000.0,1000.0,1543900.0
862,2021-10-07 06:15:37,62000.0,100.0,1542900.0
863,2021-10-07 06:15:37,62000.0,1000.0,1542800.0
864,2021-10-07 06:15:37,62000.0,200.0,1541800.0
865,2021-10-07 06:15:37,62000.0,500.0,1541600.0
866,2021-10-07 06:15:37,62000.0,100.0,1541100.0
867,2021-10-07 06:15:37,62000.0,400.0,1541000.0
868,2021-10-07 06:15:37,62000.0,1000.0,1540600.0
869,2021-10-07 06:15:37,62000.0,100.0,1539600.0
870,2021-10-07 06:15:37,62000.0,500.0,1539500.0
871,2021-10-07 06:15:37,62000.0,100.0,1539000.0
872,2021-10-07 06:15:37,62000.0,100.0,1538900.0
873,2021-10-07 06:15:37,62000.0,200.0,1538800.0
874,2021-10-07 06:15:37,62000.0,600.0,1538600.0
875,2021-10-07 06:15:37,62000.0,100.0,1538000.0
876,2021-10-07 06:15:37,62000.0,3000.0,1537900.0
877,2021-10-07 06:15:37,62000.0,100.0,1534900.0
878,2021-10-07 06:15:37,62000.0,1000.0,1534800.0
879,2021-10-07 06:15:37,62000.0,200.0,1533800.0
880,2021-10-07 06:15:37,62000.0,500.0,1533600.0
881,2021-10-07 06:15:37,62000.0,100.0,1533100.0
882,2021-10-07 06:15:37,62000.0,100.0,1533000.0
883,2021-10-07 06:15:37,62000.0,100.0,1532900.0
884,2021-10-07 06:15:37,62000.0,300.0,1532800.0
885,2021-10-07 06:15:37,62000.0,500.0,1532500.0
886,2021-10-07 06:15:37,62000.0,900.0,1532000.0
887,2021-10-07 06:15:37,62000.0,500.0,1531100.0
888,2021-10-07 06:15:37,62000.0,100.0,1530600.0
889,2021-10-07 06:15:37,62000.0,400.0,1530500.0
890,2021-10-07 06:15:37,62000.0,400.0,1530100.0
891,2021-10-07 06:15:37,62000.0,2000.0,1529700.0
892,2021-10-07 06:15:37,62000.0,100.0,1527700.0
893,2021-10-07 06:15:37,62000.0,3000.0,1527600.0
894,2021-10-07 06:15:37,62000.0,500.0,1524600.0
895,2021-10-07 06:15:37,62000.0,1000.0,1524100.0
896,2021-10-07 06:15:37,62000.0,500.0,1523100.0
897,2021-10-07 06:15:37,62000.0,200.0,1522600.0
898,2021-10-07 06:15:37,62000.0,500.0,1522400.0
899,2021-10-07 06:15:37,62000.0,500.0,1521900.0
900,2021-10-07 06:15:37,62000.0,100.0,1521400.0
901,2021-10-07 06:15:37,62000.0,200.0,1521300.0
902,2021-10-07 06:15:37,62000.0,100.0,1521100.0
903,2021-10-07 06:15:37,62000.0,100.0,1521000.0
904,2021-10-07 06:15:37,62000.0,100.0,1520900.0
905,2021-10-07 06:15:37,62000.0,2600.0,1520800.0
906,2021-10-07 06:15:37,62000.0,2000.0,1518200.0
907,2021-10-07 06:15:34,62000.0,500.0,1516200.0
908,2021-10-07 06:15:29,62000.0,100.0,1515700.0
909,2021-10-07 06:15:29,62000.0,200.0,1515600.0
910,2021-10-07 06:15:29,62000.0,500.0,1515400.0
911,2021-10-07 06:15:29,62000.0,200.0,1514900.0
912,2021-10-07 06:15:29,62000.0,100.0,1514700.0
913,2021-10-07 06:15:29,62000.0,100.0,1514600.0
914,2021-10-07 06:15:29,62000.0,100.0,1514500.0
915,2021-10-07 06:15:29,62000.0,100.0,1514400.0
916,2021-10-07 06:15:29,62000.0,200.0,1514300.0
917,2021-10-07 06:15:29,62000.0,100.0,1514100.0
918,2021-10-07 06:15:29,62000.0,1000.0,1514000.0
919,2021-10-07 06:15:29,62000.0,200.0,1513000.0
920,2021-10-07 06:15:29,62000.0,300.0,1512800.0
921,2021-10-07 06:15:29,62000.0,300.0,1512500.0
922,2021-10-07 06:15:29,62000.0,200.0,1512200.0
923,2021-10-07 06:15:29,62000.0,400.0,1512000.0
924,2021-10-07 06:15:29,62000.0,400.0,1511600.0
925,2021-10-07 06:15:27,62000.0,700.0,1511200.0
926,2021-10-07 06:15:27,62000.0,100.0,1510500.0
927,2021-10-07 06:15:27,62000.0,100.0,1510400.0
928,2021-10-07 06:15:27,62000.0,900.0,1510300.0
929,2021-10-07 06:15:24,62000.0,1500.0,1509400.0
930,2021-10-07 06:15:16,62000.0,2600.0,1507900.0
931,2021-10-07 06:15:16,62000.0,500.0,1505300.0
932,2021-10-07 06:15:16,62000.0,1400.0,1504800.0
933,2021-10-07 06:15:16,62000.0,5600.0,1503400.0
934,2021-10-07 06:15:16,62000.0,600.0,1497800.0
935,2021-10-07 06:15:05,62000.0,400.0,1497200.0
936,2021-10-07 06:15:05,62000.0,100.0,1496800.0
937,2021-10-07 06:15:05,62000.0,500.0,1496700.0
938,2021-10-07 06:15:05,62000.0,500.0,1496200.0
939,2021-10-07 06:15:05,62000.0,100.0,1495700.0
940,2021-10-07 06:15:05,62000.0,100.0,1495600.0
941,2021-10-07 06:15:05,62000.0,100.0,1495500.0
942,2021-10-07 06:15:05,62000.0,1000.0,1495400.0
943,2021-10-07 06:15:05,62000.0,100.0,1494400.0
944,2021-10-07 06:15:05,62000.0,100.0,1494300.0
945,2021-10-07 06:15:05,62000.0,200.0,1494200.0
946,2021-10-07 06:15:05,62000.0,300.0,1494000.0
947,2021-10-07 06:15:05,62000.0,1000.0,1493700.0
948,2021-10-07 06:15:05,62000.0,300.0,1492700.0
949,2021-10-07 06:15:05,62000.0,5200.0,1492400.0
950,2021-10-07 06:15:05,62000.0,14800.0,1487200.0
951,2021-10-07 06:15:05,62000.0,100.0,1472400.0
952,2021-10-07 06:15:05,62000.0,400.0,1472300.0
953,2021-10-07 06:15:05,62000.0,300.0,1471900.0
954,2021-10-07 06:15:05,62000.0,100.0,1471600.0
955,2021-10-07 06:15:05,62000.0,500.0,1471500.0
956,2021-10-07 06:15:05,62000.0,2000.0,1471000.0
957,2021-10-07 06:15:05,62000.0,300.0,1469000.0
958,2021-10-07 06:15:05,62000.0,100.0,1468700.0
959,2021-10-07 06:15:05,62000.0,500.0,1468600.0
960,2021-10-07 06:15:05,62000.0,100.0,1468100.0
961,2021-10-07 06:15:05,62000.0,100.0,1468000.0
962,2021-10-07 06:15:05,62000.0,500.0,1467900.0
963,2021-10-07 06:15:05,62000.0,100.0,1467400.0
964,2021-10-07 06:15:05,62000.0,100.0,1467300.0
965,2021-10-07 06:15:04,62000.0,200.0,1467200.0
966,2021-10-07 06:15:04,62000.0,500.0,1467000.0
967,2021-10-07 06:15:04,62000.0,300.0,1466500.0
968,2021-10-07 06:15:04,62000.0,500.0,1466200.0
969,2021-10-07 06:15:04,62000.0,300.0,1465700.0
970,2021-10-07 06:15:04,62000.0,200.0,1465400.0
971,2021-10-07 06:15:03,61900.0,5000.0,1465200.0
972,2021-10-07 06:15:02,62000.0,10000.0,1460200.0
973,2021-10-07 06:14:59,62000.0,1000.0,1450200.0
974,2021-10-07 06:14:59,62000.0,300.0,1449200.0
975,2021-10-07 06:14:59,62000.0,100.0,1448900.0
976,2021-10-07 06:14:59,62000.0,200.0,1448800.0
977,2021-10-07 06:14:59,62000.0,300.0,1448600.0
978,2021-10-07 06:14:59,62000.0,100.0,1448300.0
979,2021-10-07 06:14:59,62000.0,3000.0,1448200.0
980,2021-10-07 06:14:59,62000.0,500.0,1445200.0
981,2021-10-07 06:14:59,62000.0,1000.0,1444700.0
982,2021-10-07 06:14:59,62000.0,1000.0,1443700.0
983,2021-10-07 06:14:59,62000.0,100.0,1442700.0
984,2021-10-07 06:14:59,62000.0,100.0,1442600.0
985,2021-10-07 06:14:59,62000.0,3100.0,1442500.0
986,2021-10-07 06:14:59,62000.0,100.0,1439400.0
987,2021-10-07 06:14:59,62000.0,200.0,1439300.0
988,2021-10-07 06:14:59,62000.0,5100.0,1439100.0
989,2021-10-07 06:14:59,62000.0,800.0,1434000.0
990,2021-10-07 06:14:59,61900.0,3000.0,1433200.0
991,2021-10-07 06:14:52,62000.0,1000.0,1430200.0
992,2021-10-07 06:14:52,62000.0,300.0,1429200.0
993,2021-10-07 06:14:52,62000.0,200.0,1428900.0
994,2021-10-07 06:14:52,62000.0,400.0,1428700.0
995,2021-10-07 06:14:52,62000.0,500.0,1428300.0
996,2021-10-07 06:14:52,62000.0,5000.0,1427800.0
997,2021-10-07 06:14:52,62000.0,700.0,1422800.0
998,2021-10-07 06:14:52,62000.0,100.0,1422100.0
999,2021-10-07 06:14:52,62000.0,100.0,1422000.0
1000,2021-10-07 06:14:52,62000.0,100.0,1421900.0
1001,2021-10-07 06:14:52,62000.0,100.0,1421800.0
1002,2021-10-07 06:14:52,62000.0,100.0,1421700.0
1003,2021-10-07 06:14:52,62000.0,1500.0,1421600.0
1004,2021-10-07 06:14:52,62000.0,500.0,1420100.0
1005,2021-10-07 06:14:52,62000.0,100.0,1419600.0
1006,2021-10-07 06:14:52,62000.0,200.0,1419500.0
1007,2021-10-07 06:14:52,62000.0,100.0,1419300.0
1008,2021-10-07 06:14:52,62000.0,100.0,1419200.0
1009,2021-10-07 06:14:52,62000.0,200.0,1419100.0
1010,2021-10-07 06:14:52,62000.0,2000.0,1418900.0
1011,2021-10-07 06:14:52,62000.0,5000.0,1416900.0
1012,2021-10-07 06:14:52,62000.0,300.0,1411900.0
1013,2021-10-07 06:14:52,62000.0,100.0,1411600.0
1014,2021-10-07 06:14:52,62000.0,200.0,1411500.0
1015,2021-10-07 06:14:52,62000.0,2000.0,1411300.0
1016,2021-10-07 06:14:52,62000.0,300.0,1409300.0
1017,2021-10-07 06:14:52,62000.0,100.0,1409000.0
1018,2021-10-07 06:14:52,62000.0,500.0,1408900.0
1019,2021-10-07 06:14:52,62000.0,200.0,1408400.0
1020,2021-10-07 06:14:52,62000.0,200.0,1408200.0
1021,2021-10-07 06:14:52,62000.0,100.0,1408000.0
1022,2021-10-07 06:14:52,62000.0,100.0,1407900.0
1023,2021-10-07 06:14:52,62000.0,200.0,1407800.0
1024,2021-10-07 06:14:52,62000.0,100.0,1407600.0
1025,2021-10-07 06:14:52,62000.0,100.0,1407500.0
1026,2021-10-07 06:14:52,62000.0,100.0,1407400.0
1027,2021-10-07 06:14:52,62000.0,1000.0,1407300.0
1028,2021-10-07 06:14:52,62000.0,1000.0,1406300.0
1029,2021-10-07 06:14:52,62000.0,100.0,1405300.0
1030,2021-10-07 06:14:52,62000.0,100.0,1405200.0
1031,2021-10-07 06:14:52,62000.0,2000.0,1405100.0
1032,2021-10-07 06:14:52,62000.0,100.0,1403100.0
1033,2021-10-07 06:14:52,62000.0,100.0,1403000.0
1034,2021-10-07 06:14:52,62000.0,1700.0,1402900.0
1035,2021-10-07 06:14:52,62000.0,100.0,1401200.0
1036,2021-10-07 06:14:52,62000.0,300.0,1401100.0
1037,2021-10-07 06:14:52,62000.0,2000.0,1400800.0
1038,2021-10-07 06:14:52,62000.0,100.0,1398800.0
1039,2021-10-07 06:14:52,62000.0,100.0,1398700.0
1040,2021-10-07 06:14:52,62000.0,100.0,1398600.0
1041,2021-10-07 06:14:52,62000.0,200.0,1398500.0
1042,2021-10-07 06:14:52,61900.0,3300.0,1398300.0
1043,2021-10-07 06:14:52,61900.0,2000.0,1395000.0
1044,2021-10-07 06:14:52,61900.0,100.0,1393000.0
1045,2021-10-07 06:14:52,61900.0,1000.0,1392900.0
1046,2021-10-07 06:14:52,61900.0,100.0,1391900.0
1047,2021-10-07 06:14:52,61900.0,500.0,1391800.0
1048,2021-10-07 06:14:52,61900.0,100.0,1391300.0
1049,2021-10-07 06:14:52,61900.0,200.0,1391200.0
1050,2021-10-07 06:14:52,61900.0,200.0,1391000.0
1051,2021-10-07 06:14:52,61900.0,1800.0,1390800.0
1052,2021-10-07 06:14:52,61900.0,2000.0,1389000.0
1053,2021-10-07 06:14:52,61900.0,200.0,1387000.0
1054,2021-10-07 06:14:52,61900.0,500.0,1386800.0
1055,2021-10-07 06:14:52,61900.0,400.0,1386300.0
1056,2021-10-07 06:14:52,61900.0,100.0,1385900.0
1057,2021-10-07 06:14:52,61900.0,100.0,1385800.0
1058,2021-10-07 06:14:52,61900.0,1500.0,1385700.0
1059,2021-10-07 06:14:52,61900.0,100.0,1384200.0
1060,2021-10-07 06:14:52,61900.0,400.0,1384100.0
1061,2021-10-07 06:14:52,61900.0,200.0,1383700.0
1062,2021-10-07 06:14:52,61900.0,500.0,1383500.0
1063,2021-10-07 06:14:52,61900.0,2000.0,1383000.0
1064,2021-10-07 06:14:52,61900.0,800.0,1381000.0
1065,2021-10-07 06:14:45,61900.0,1200.0,1380200.0
1066,2021-10-07 06:14:45,61900.0,100.0,1379000.0
1067,2021-10-07 06:14:45,61900.0,100.0,1378900.0
1068,2021-10-07 06:14:45,61900.0,100.0,1378800.0
1069,2021-10-07 06:14:45,61900.0,200.0,1378700.0
1070,2021-10-07 06:14:45,61900.0,100.0,1378500.0
1071,2021-10-07 06:14:45,61900.0,200.0,1378400.0
1072,2021-10-07 06:14:45,61900.0,1000.0,1378200.0
1073,2021-10-07 06:14:45,61900.0,1000.0,1377200.0
1074,2021-10-07 06:14:45,61900.0,500.0,1376200.0
1075,2021-10-07 06:14:45,61900.0,5000.0,1375700.0
1076,2021-10-07 06:14:45,61900.0,300.0,1370700.0
1077,2021-10-07 06:14:45,61900.0,200.0,1370400.0
1078,2021-10-07 06:14:43,61900.0,200.0,1370200.0
1079,2021-10-07 06:14:43,61900.0,1800.0,1370000.0
1080,2021-10-07 06:14:39,61800.0,300.0,1368200.0
1081,2021-10-07 06:14:37,61800.0,1000.0,1367900.0
1082,2021-10-07 06:14:35,61900.0,200.0,1366900.0
1083,2021-10-07 06:14:35,61900.0,200.0,1366700.0
1084,2021-10-07 06:14:34,61800.0,500.0,1366500.0
1085,2021-10-07 06:14:23,61800.0,200.0,1366000.0
1086,2021-10-07 06:14:23,61800.0,100.0,1365800.0
1087,2021-10-07 06:14:23,61800.0,200.0,1365700.0
1088,2021-10-07 06:14:09,61800.0,700.0,1365500.0
1089,2021-10-07 06:14:03,61800.0,400.0,1364800.0
1090,2021-10-07 06:13:59,61800.0,700.0,1364400.0
1091,2021-10-07 06:13:59,61800.0,500.0,1363700.0
1092,2021-10-07 06:13:57,61800.0,1000.0,1363200.0
1093,2021-10-07 06:13:57,61800.0,100.0,1362200.0
1094,2021-10-07 06:13:57,61800.0,2200.0,1362100.0
1095,2021-10-07 06:13:54,61800.0,300.0,1359900.0
1096,2021-10-07 06:13:54,61800.0,200.0,1359600.0
1097,2021-10-07 06:13:54,61800.0,4500.0,1359400.0
1098,2021-10-07 06:13:48,61800.0,500.0,1354900.0
1099,2021-10-07 06:13:48,61800.0,100.0,1354400.0
1100,2021-10-07 06:13:48,61800.0,200.0,1354300.0
1101,2021-10-07 06:13:48,61800.0,1000.0,1354100.0
1102,2021-10-07 06:13:48,61800.0,100.0,1353100.0
1103,2021-10-07 06:13:48,61800.0,2000.0,1353000.0
1104,2021-10-07 06:13:48,61800.0,200.0,1351000.0
1105,2021-10-07 06:13:48,61800.0,100.0,1350800.0
1106,2021-10-07 06:13:48,61800.0,100.0,1350700.0
1107,2021-10-07 06:13:48,61800.0,1000.0,1350600.0
1108,2021-10-07 06:13:48,61800.0,1000.0,1349600.0
1109,2021-10-07 06:13:48,61800.0,300.0,1348600.0
1110,2021-10-07 06:13:48,61800.0,200.0,1348300.0
1111,2021-10-07 06:13:48,61800.0,500.0,1348100.0
1112,2021-10-07 06:13:48,61800.0,100.0,1347600.0
1113,2021-10-07 06:13:48,61800.0,200.0,1347500.0
1114,2021-10-07 06:13:48,61800.0,500.0,1347300.0
1115,2021-10-07 06:13:48,61800.0,700.0,1346800.0
1116,2021-10-07 06:13:48,61800.0,500.0,1346100.0
1117,2021-10-07 06:13:48,61800.0,200.0,1345600.0
1118,2021-10-07 06:13:48,61800.0,3000.0,1345400.0
1119,2021-10-07 06:13:48,61800.0,100.0,1342400.0
1120,2021-10-07 06:13:48,61800.0,900.0,1342300.0
1121,2021-10-07 06:13:48,61800.0,1000.0,1341400.0
1122,2021-10-07 06:13:48,61800.0,1000.0,1340400.0
1123,2021-10-07 06:13:48,61800.0,500.0,1339400.0
1124,2021-10-07 06:13:48,61800.0,200.0,1338900.0
1125,2021-10-07 06:13:48,61800.0,1000.0,1338700.0
1126,2021-10-07 06:13:48,61800.0,1000.0,1337700.0
1127,2021-10-07 06:13:48,61800.0,100.0,1336700.0
1128,2021-10-07 06:13:48,61800.0,100.0,1336600.0
1129,2021-10-07 06:13:48,61800.0,100.0,1336500.0
1130,2021-10-07 06:13:48,61800.0,500.0,1336400.0
1131,2021-10-07 06:13:48,61800.0,100.0,1335900.0
1132,2021-10-07 06:13:48,61800.0,400.0,1335800.0
1133,2021-10-07 06:13:48,61800.0,100.0,1335400.0
1134,2021-10-07 06:13:48,61800.0,100.0,1335300.0
1135,2021-10-07 06:13:48,61800.0,1000.0,1335200.0
1136,2021-10-07 06:13:48,61800.0,200.0,1334200.0
1137,2021-10-07 06:13:48,61800.0,1000.0,1334000.0
1138,2021-10-07 06:13:48,61800.0,200.0,1333000.0
1139,2021-10-07 06:13:48,61800.0,100.0,1332800.0
1140,2021-10-07 06:13:48,61800.0,500.0,1332700.0
1141,2021-10-07 06:13:48,61800.0,100.0,1332200.0
1142,2021-10-07 06:13:48,61800.0,3000.0,1332100.0
1143,2021-10-07 06:13:48,61800.0,1500.0,1329100.0
1144,2021-10-07 06:13:48,61800.0,1200.0,1327600.0
1145,2021-10-07 06:13:48,61800.0,200.0,1326400.0
1146,2021-10-07 06:13:48,61800.0,500.0,1326200.0
1147,2021-10-07 06:13:48,61800.0,200.0,1325700.0
1148,2021-10-07 06:13:48,61800.0,1800.0,1325500.0
1149,2021-10-07 06:13:48,61800.0,1000.0,1323700.0
1150,2021-10-07 06:13:48,61800.0,5000.0,1322700.0
1151,2021-10-07 06:13:48,61800.0,1000.0,1317700.0
1152,2021-10-07 06:13:48,61800.0,500.0,1316700.0
1153,2021-10-07 06:13:48,61800.0,400.0,1316200.0
1154,2021-10-07 06:13:48,61800.0,500.0,1315800.0
1155,2021-10-07 06:13:48,61800.0,100.0,1315300.0
1156,2021-10-07 06:13:48,61800.0,200.0,1315200.0
1157,2021-10-07 06:13:48,61800.0,200.0,1315000.0
1158,2021-10-07 06:13:48,61800.0,100.0,1314800.0
1159,2021-10-07 06:13:48,61800.0,100.0,1314700.0
1160,2021-10-07 06:13:48,61800.0,5000.0,1314600.0
1161,2021-10-07 06:13:48,61800.0,500.0,1309600.0
1162,2021-10-07 06:13:48,61800.0,300.0,1309100.0
1163,2021-10-07 06:13:48,61800.0,200.0,1308800.0
1164,2021-10-07 06:13:48,61800.0,100.0,1308600.0
1165,2021-10-07 06:13:48,61800.0,1000.0,1308500.0
1166,2021-10-07 06:13:48,61800.0,100.0,1307500.0
1167,2021-10-07 06:13:48,61800.0,100.0,1307400.0
1168,2021-10-07 06:13:48,61800.0,1400.0,1307300.0
1169,2021-10-07 06:13:48,61800.0,1000.0,1305900.0
1170,2021-10-07 06:13:48,61800.0,200.0,1304900.0
1171,2021-10-07 06:13:37,61800.0,800.0,1304700.0
1172,2021-10-07 06:13:37,61800.0,100.0,1303900.0
1173,2021-10-07 06:13:37,61800.0,100.0,1303800.0
1174,2021-10-07 06:13:26,61700.0,400.0,1303700.0
1175,2021-10-07 06:13:19,61800.0,200.0,1303300.0
1176,2021-10-07 06:13:19,61800.0,200.0,1303100.0
1177,2021-10-07 06:13:19,61800.0,100.0,1302900.0
1178,2021-10-07 06:13:19,61800.0,100.0,1302800.0
1179,2021-10-07 06:13:19,61800.0,100.0,1302700.0
1180,2021-10-07 06:13:19,61800.0,100.0,1302600.0
1181,2021-10-07 06:13:19,61800.0,100.0,1302500.0
1182,2021-10-07 06:13:19,61800.0,100.0,1302400.0
1183,2021-10-07 06:13:19,61700.0,100.0,1302300.0
1184,2021-10-07 06:13:17,61700.0,500.0,1302200.0
1185,2021-10-07 06:13:17,61700.0,100.0,1301700.0
1186,2021-10-07 06:13:17,61700.0,100.0,1301600.0
1187,2021-10-07 06:13:17,61700.0,100.0,1301500.0
1188,2021-10-07 06:13:17,61700.0,300.0,1301400.0
1189,2021-10-07 06:13:09,61600.0,100.0,1301100.0
1190,2021-10-07 06:13:07,61600.0,300.0,1301000.0
1191,2021-10-07 06:13:06,61700.0,900.0,1300700.0
1192,2021-10-07 06:13:06,61700.0,200.0,1299800.0
1193,2021-10-07 06:13:06,61700.0,3100.0,1299600.0
1194,2021-10-07 06:13:06,61700.0,200.0,1296500.0
1195,2021-10-07 06:13:06,61700.0,100.0,1296300.0
1196,2021-10-07 06:13:06,61700.0,300.0,1296200.0
1197,2021-10-07 06:13:06,61700.0,500.0,1295900.0
1198,2021-10-07 06:13:06,61700.0,100.0,1295400.0
1199,2021-10-07 06:13:06,61700.0,500.0,1295300.0
1200,2021-10-07 06:13:06,61700.0,100.0,1294800.0
1201,2021-10-07 06:13:06,61700.0,500.0,1294700.0
1202,2021-10-07 06:13:06,61700.0,5000.0,1294200.0
1203,2021-10-07 06:13:06,61700.0,100.0,1289200.0
1204,2021-10-07 06:13:06,61700.0,1000.0,1289100.0
1205,2021-10-07 06:13:06,61700.0,100.0,1288100.0
1206,2021-10-07 06:13:06,61700.0,300.0,1288000.0
1207,2021-10-07 06:13:06,61700.0,700.0,1287700.0
1208,2021-10-07 06:13:06,61700.0,1000.0,1287000.0
1209,2021-10-07 06:13:06,61700.0,1000.0,1286000.0
1210,2021-10-07 06:13:06,61700.0,1000.0,1285000.0
1211,2021-10-07 06:13:06,61700.0,1000.0,1284000.0
1212,2021-10-07 06:13:06,61700.0,2000.0,1283000.0
1213,2021-10-07 06:13:06,61700.0,100.0,1281000.0
1214,2021-10-07 06:13:06,61700.0,100.0,1280900.0
1215,2021-10-07 06:13:06,61700.0,100.0,1280800.0
1216,2021-10-07 06:13:06,61700.0,2000.0,1280700.0
1217,2021-10-07 06:13:06,61700.0,300.0,1278700.0
1218,2021-10-07 06:13:06,61700.0,100.0,1278400.0
1219,2021-10-07 06:13:06,61700.0,100.0,1278300.0
1220,2021-10-07 06:13:06,61700.0,100.0,1278200.0
1221,2021-10-07 06:13:06,61700.0,800.0,1278100.0
1222,2021-10-07 06:13:06,61700.0,500.0,1277300.0
1223,2021-10-07 06:13:06,61700.0,1000.0,1276800.0
1224,2021-10-07 06:13:06,61700.0,100.0,1275800.0
1225,2021-10-07 06:13:06,61700.0,1000.0,1275700.0
1226,2021-10-07 06:13:06,61700.0,500.0,1274700.0
1227,2021-10-07 06:13:06,61700.0,3500.0,1274200.0
1228,2021-10-07 06:12:54,61600.0,500.0,1270700.0
1229,2021-10-07 06:12:51,61600.0,1000.0,1270200.0
1230,2021-10-07 06:12:37,61600.0,300.0,1269200.0
1231,2021-10-07 06:12:13,61700.0,1000.0,1268900.0
1232,2021-10-07 06:11:51,61600.0,100.0,1267900.0
1233,2021-10-07 06:11:40,61600.0,200.0,1267800.0
1234,2021-10-07 06:11:37,61600.0,300.0,1267600.0
1235,2021-10-07 06:11:21,61600.0,200.0,1267300.0
1236,2021-10-07 06:11:07,61600.0,200.0,1267100.0
1237,2021-10-07 06:10:59,61600.0,100.0,1266900.0
1238,2021-10-07 06:10:55,61600.0,100.0,1266800.0
1239,2021-10-07 06:10:55,61600.0,1000.0,1266700.0
1240,2021-10-07 06:10:55,61600.0,1000.0,1265700.0
1241,2021-10-07 06:10:55,61600.0,1000.0,1264700.0
1242,2021-10-07 06:10:55,61600.0,1900.0,1263700.0
1243,2021-10-07 06:10:37,61600.0,4000.0,1261800.0
1244,2021-10-07 06:10:20,61500.0,400.0,1257800.0
1245,2021-10-07 06:10:06,61500.0,200.0,1257400.0
1246,2021-10-07 06:10:06,61500.0,100.0,1257200.0
1247,2021-10-07 06:10:04,61600.0,500.0,1257100.0
1248,2021-10-07 06:09:55,61600.0,2000.0,1256600.0
1249,2021-10-07 06:09:54,61600.0,1000.0,1254600.0
1250,2021-10-07 06:09:32,61600.0,600.0,1253600.0
1251,2021-10-07 06:09:32,61600.0,100.0,1253000.0
1252,2021-10-07 06:09:24,61600.0,200.0,1252900.0
1253,2021-10-07 06:08:35,61500.0,300.0,1252700.0
1254,2021-10-07 06:08:28,61600.0,300.0,1252400.0
1255,2021-10-07 06:08:26,61600.0,200.0,1252100.0
1256,2021-10-07 06:08:26,61600.0,300.0,1251900.0
1257,2021-10-07 06:08:26,61600.0,200.0,1251600.0
1258,2021-10-07 06:08:04,61600.0,200.0,1251400.0
1259,2021-10-07 06:08:03,61600.0,1600.0,1251200.0
1260,2021-10-07 06:08:03,61600.0,800.0,1249600.0
1261,2021-10-07 06:07:54,61600.0,200.0,1248800.0
1262,2021-10-07 06:07:48,61600.0,200.0,1248600.0
1263,2021-10-07 06:07:48,61600.0,800.0,1248400.0
1264,2021-10-07 06:07:46,61600.0,200.0,1247600.0
1265,2021-10-07 06:07:34,61500.0,700.0,1247400.0
1266,2021-10-07 06:07:34,61500.0,1000.0,1246700.0
1267,2021-10-07 06:07:34,61500.0,300.0,1245700.0
1268,2021-10-07 06:07:31,61600.0,1000.0,1245400.0
1269,2021-10-07 06:07:31,61600.0,100.0,1244400.0
1270,2021-10-07 06:07:14,61500.0,400.0,1244300.0
1271,2021-10-07 06:07:06,61600.0,400.0,1243900.0
1272,2021-10-07 06:07:03,61600.0,300.0,1243500.0
1273,2021-10-07 06:07:00,61600.0,1000.0,1243200.0
1274,2021-10-07 06:07:00,61600.0,300.0,1242200.0
1275,2021-10-07 06:06:48,61600.0,700.0,1241900.0
1276,2021-10-07 06:06:48,61600.0,100.0,1241200.0
1277,2021-10-07 06:06:48,61600.0,500.0,1241100.0
1278,2021-10-07 06:06:48,61600.0,100.0,1240600.0
1279,2021-10-07 06:06:48,61600.0,400.0,1240500.0
1280,2021-10-07 06:06:48,61600.0,200.0,1240100.0
1281,2021-10-07 06:06:48,61600.0,400.0,1239900.0
1282,2021-10-07 06:06:48,61600.0,100.0,1239500.0
1283,2021-10-07 06:06:48,61600.0,100.0,1239400.0
1284,2021-10-07 06:06:48,61600.0,300.0,1239300.0
1285,2021-10-07 06:06:48,61600.0,100.0,1239000.0
1286,2021-10-07 06:06:48,61600.0,300.0,1238900.0
1287,2021-10-07 06:06:48,61600.0,500.0,1238600.0
1288,2021-10-07 06:06:48,61600.0,100.0,1238100.0
1289,2021-10-07 06:06:48,61600.0,400.0,1238000.0
1290,2021-10-07 06:06:48,61600.0,400.0,1237600.0
1291,2021-10-07 06:06:48,61600.0,2000.0,1237200.0
1292,2021-10-07 06:06:48,61600.0,2000.0,1235200.0
1293,2021-10-07 06:06:48,61600.0,200.0,1233200.0
1294,2021-10-07 06:06:48,61600.0,500.0,1233000.0
1295,2021-10-07 06:06:48,61600.0,200.0,1232500.0
1296,2021-10-07 06:06:48,61600.0,500.0,1232300.0
1297,2021-10-07 06:06:48,61600.0,100.0,1231800.0
1298,2021-10-07 06:06:48,61600.0,100.0,1231700.0
1299,2021-10-07 06:06:48,61600.0,100.0,1231600.0
1300,2021-10-07 06:06:48,61600.0,1000.0,1231500.0
1301,2021-10-07 06:06:48,61600.0,600.0,1230500.0
1302,2021-10-07 06:06:48,61600.0,300.0,1229900.0
1303,2021-10-07 06:06:48,61600.0,2000.0,1229600.0
1304,2021-10-07 06:06:48,61600.0,200.0,1227600.0
1305,2021-10-07 06:06:48,61600.0,1000.0,1227400.0
1306,2021-10-07 06:06:48,61600.0,100.0,1226400.0
1307,2021-10-07 06:06:48,61600.0,600.0,1226300.0
1308,2021-10-07 06:06:48,61600.0,300.0,1225700.0
1309,2021-10-07 06:06:48,61600.0,300.0,1225400.0
1310,2021-10-07 06:06:48,61600.0,500.0,1225100.0
1311,2021-10-07 06:06:48,61600.0,100.0,1224600.0
1312,2021-10-07 06:06:48,61600.0,500.0,1224500.0
1313,2021-10-07 06:06:48,61600.0,1000.0,1224000.0
1314,2021-10-07 06:06:48,61600.0,100.0,1223000.0
1315,2021-10-07 06:06:48,61600.0,200.0,1222900.0
1316,2021-10-07 06:06:48,61600.0,200.0,1222700.0
1317,2021-10-07 06:06:48,61600.0,600.0,1222500.0
1318,2021-10-07 06:06:37,61500.0,1300.0,1221900.0
1319,2021-10-07 06:06:37,61500.0,1700.0,1220600.0
1320,2021-10-07 06:06:01,61500.0,100.0,1218900.0
1321,2021-10-07 06:05:59,61500.0,100.0,1218800.0
1322,2021-10-07 06:05:56,61600.0,100.0,1218700.0
1323,2021-10-07 06:05:33,61500.0,100.0,1218600.0
1324,2021-10-07 06:05:33,61500.0,200.0,1218500.0
1325,2021-10-07 06:05:27,61500.0,100.0,1218300.0
1326,2021-10-07 06:05:22,61500.0,500.0,1218200.0
1327,2021-10-07 06:05:19,61500.0,100.0,1217700.0
1328,2021-10-07 06:05:09,61500.0,200.0,1217600.0
1329,2021-10-07 06:04:56,61500.0,200.0,1217400.0
1330,2021-10-07 06:04:45,61500.0,100.0,1217200.0
1331,2021-10-07 06:04:40,61500.0,100.0,1217100.0
1332,2021-10-07 06:04:35,61500.0,100.0,1217000.0
1333,2021-10-07 06:04:27,61500.0,1000.0,1216900.0
1334,2021-10-07 06:04:11,61500.0,1000.0,1215900.0
1335,2021-10-07 06:04:07,61500.0,400.0,1214900.0
1336,2021-10-07 06:04:03,61500.0,300.0,1214500.0
1337,2021-10-07 06:03:57,61500.0,200.0,1214200.0
1338,2021-10-07 06:03:57,61500.0,500.0,1214000.0
1339,2021-10-07 06:03:55,61500.0,100.0,1213500.0
1340,2021-10-07 06:03:44,61500.0,400.0,1213400.0
1341,2021-10-07 06:03:44,61500.0,500.0,1213000.0
1342,2021-10-07 06:03:44,61500.0,1000.0,1212500.0
1343,2021-10-07 06:03:44,61500.0,500.0,1211500.0
1344,2021-10-07 06:03:44,61500.0,500.0,1211000.0
1345,2021-10-07 06:03:44,61500.0,500.0,1210500.0
1346,2021-10-07 06:03:44,61500.0,1000.0,1210000.0
1347,2021-10-07 06:03:44,61500.0,400.0,1209000.0
1348,2021-10-07 06:03:44,61500.0,200.0,1208600.0
1349,2021-10-07 06:03:44,61500.0,5200.0,1208400.0
1350,2021-10-07 06:03:44,61500.0,500.0,1203200.0
1351,2021-10-07 06:03:44,61500.0,500.0,1202700.0
1352,2021-10-07 06:03:44,61500.0,500.0,1202200.0
1353,2021-10-07 06:03:44,61500.0,1400.0,1201700.0
1354,2021-10-07 06:03:44,61500.0,1500.0,1200300.0
1355,2021-10-07 06:03:44,61500.0,300.0,1198800.0
1356,2021-10-07 06:03:44,61500.0,1000.0,1198500.0
1357,2021-10-07 06:03:44,61500.0,300.0,1197500.0
1358,2021-10-07 06:03:44,61500.0,300.0,1197200.0
1359,2021-10-07 06:03:44,61500.0,100.0,1196900.0
1360,2021-10-07 06:03:44,61500.0,300.0,1196800.0
1361,2021-10-07 06:03:44,61500.0,100.0,1196500.0
1362,2021-10-07 06:03:44,61500.0,300.0,1196400.0
1363,2021-10-07 06:03:44,61500.0,500.0,1196100.0
1364,2021-10-07 06:03:44,61500.0,100.0,1195600.0
1365,2021-10-07 06:03:44,61500.0,1000.0,1195500.0
1366,2021-10-07 06:03:44,61500.0,100.0,1194500.0
1367,2021-10-07 06:03:44,61500.0,100.0,1194400.0
1368,2021-10-07 06:03:44,61500.0,10000.0,1194300.0
1369,2021-10-07 06:03:44,61500.0,1000.0,1184300.0
1370,2021-10-07 06:03:44,61500.0,2100.0,1183300.0
1371,2021-10-07 06:03:44,61500.0,400.0,1181200.0
1372,2021-10-07 06:03:44,61500.0,200.0,1180800.0
1373,2021-10-07 06:03:44,61500.0,100.0,1180600.0
1374,2021-10-07 06:03:44,61500.0,1200.0,1180500.0
1375,2021-10-07 06:03:44,61500.0,300.0,1179300.0
1376,2021-10-07 06:03:44,61500.0,400.0,1179000.0
1377,2021-10-07 06:03:44,61500.0,100.0,1178600.0
1378,2021-10-07 06:03:44,61500.0,500.0,1178500.0
1379,2021-10-07 06:03:44,61500.0,500.0,1178000.0
1380,2021-10-07 06:03:44,61500.0,100.0,1177500.0
1381,2021-10-07 06:03:44,61500.0,200.0,1177400.0
1382,2021-10-07 06:03:44,61500.0,300.0,1177200.0
1383,2021-10-07 06:03:44,61500.0,100.0,1176900.0
1384,2021-10-07 06:03:44,61500.0,100.0,1176800.0
1385,2021-10-07 06:03:44,61500.0,200.0,1176700.0
1386,2021-10-07 06:03:44,61500.0,100.0,1176500.0
1387,2021-10-07 06:03:44,61500.0,500.0,1176400.0
1388,2021-10-07 06:03:44,61500.0,100.0,1175900.0
1389,2021-10-07 06:03:44,61500.0,100.0,1175800.0
1390,2021-10-07 06:03:44,61500.0,5700.0,1175700.0
1391,2021-10-07 06:03:44,61500.0,100.0,1170000.0
1392,2021-10-07 06:03:44,61500.0,1000.0,1169900.0
1393,2021-10-07 06:03:44,61500.0,2300.0,1168900.0
1394,2021-10-07 06:03:44,61500.0,100.0,1166600.0
1395,2021-10-07 06:03:44,61500.0,100.0,1166500.0
1396,2021-10-07 06:03:44,61500.0,500.0,1166400.0
1397,2021-10-07 06:03:44,61500.0,400.0,1165900.0
1398,2021-10-07 06:03:44,61500.0,100.0,1165500.0
1399,2021-10-07 06:03:44,61500.0,300.0,1165400.0
1400,2021-10-07 06:03:44,61500.0,200.0,1165100.0
1401,2021-10-07 06:03:44,61500.0,100.0,1164900.0
1402,2021-10-07 06:03:44,61500.0,100.0,1164800.0
1403,2021-10-07 06:03:44,61500.0,5000.0,1164700.0
1404,2021-10-07 06:03:44,61500.0,500.0,1159700.0
1405,2021-10-07 06:03:44,61500.0,1000.0,1159200.0
1406,2021-10-07 06:03:44,61500.0,800.0,1158200.0
1407,2021-10-07 06:03:29,61400.0,1000.0,1157400.0
1408,2021-10-07 06:03:24,61500.0,100.0,1156400.0
1409,2021-10-07 06:03:24,61500.0,100.0,1156300.0
1410,2021-10-07 06:03:24,61500.0,500.0,1156200.0
1411,2021-10-07 06:03:24,61500.0,100.0,1155700.0
1412,2021-10-07 06:03:24,61500.0,500.0,1155600.0
1413,2021-10-07 06:03:24,61500.0,700.0,1155100.0
1414,2021-10-07 06:03:24,61500.0,300.0,1154400.0
1415,2021-10-07 06:03:24,61500.0,100.0,1154100.0
1416,2021-10-07 06:03:24,61500.0,200.0,1154000.0
1417,2021-10-07 06:03:24,61500.0,200.0,1153800.0
1418,2021-10-07 06:03:24,61500.0,100.0,1153600.0
1419,2021-10-07 06:03:24,61500.0,2000.0,1153500.0
1420,2021-10-07 06:03:24,61500.0,500.0,1151500.0
1421,2021-10-07 06:03:24,61500.0,500.0,1151000.0
1422,2021-10-07 06:03:24,61500.0,1000.0,1150500.0
1423,2021-10-07 06:03:24,61500.0,500.0,1149500.0
1424,2021-10-07 06:03:24,61500.0,300.0,1149000.0
1425,2021-10-07 06:03:24,61500.0,100.0,1148700.0
1426,2021-10-07 06:03:24,61500.0,100.0,1148600.0
1427,2021-10-07 06:03:24,61500.0,1000.0,1148500.0
1428,2021-10-07 06:03:24,61500.0,1000.0,1147500.0
1429,2021-10-07 06:03:24,61500.0,2100.0,1146500.0
1430,2021-10-07 06:02:32,61400.0,300.0,1144400.0
1431,2021-10-07 06:02:12,61400.0,100.0,1144100.0
1432,2021-10-07 06:01:55,61400.0,100.0,1144000.0
1433,2021-10-07 06:01:03,61400.0,400.0,1143900.0
1434,2021-10-07 06:01:01,61400.0,300.0,1143500.0
1435,2021-10-07 06:01:00,61400.0,2000.0,1143200.0
1436,2021-10-07 06:01:00,61400.0,4500.0,1141200.0
1437,2021-10-07 06:00:57,61400.0,2000.0,1136700.0
1438,2021-10-07 06:00:29,61500.0,600.0,1134700.0
1439,2021-10-07 06:00:24,61400.0,3700.0,1134100.0
1440,2021-10-07 06:00:23,61500.0,600.0,1130400.0
1441,2021-10-07 06:00:23,61500.0,2900.0,1129800.0
1442,2021-10-07 06:00:23,61500.0,5000.0,1126900.0
1443,2021-10-07 06:00:03,61500.0,1000.0,1121900.0
1444,2021-10-07 06:00:01,61500.0,1500.0,1120900.0
1445,2021-10-07 06:00:01,61400.0,100.0,1119400.0
1446,2021-10-07 04:29:47,61500.0,3400.0,1119300.0
1447,2021-10-07 04:29:41,61400.0,900.0,1115900.0
1448,2021-10-07 04:29:41,61400.0,900.0,1115000.0
1449,2021-10-07 04:29:26,61400.0,1500.0,1114100.0
1450,2021-10-07 04:28:46,61400.0,1000.0,1112600.0
1451,2021-10-07 04:28:16,61500.0,100.0,1111600.0
1452,2021-10-07 04:28:02,61400.0,400.0,1111500.0
1453,2021-10-07 04:28:00,61400.0,400.0,1111100.0
1454,2021-10-07 04:27:45,61400.0,800.0,1110700.0
1455,2021-10-07 04:27:45,61400.0,200.0,1109900.0
1456,2021-10-07 04:27:33,61400.0,100.0,1109700.0
1457,2021-10-07 04:26:29,61400.0,300.0,1109600.0
1458,2021-10-07 04:26:29,61400.0,4400.0,1109300.0
1459,2021-10-07 04:26:23,61400.0,400.0,1104900.0
1460,2021-10-07 04:26:23,61400.0,200.0,1104500.0
1461,2021-10-07 04:26:16,61400.0,1000.0,1104300.0
1462,2021-10-07 04:26:16,61400.0,5000.0,1103300.0
1463,2021-10-07 04:26:16,61400.0,4000.0,1098300.0
1464,2021-10-07 04:26:16,61400.0,1000.0,1094300.0
1465,2021-10-07 04:26:16,61400.0,3800.0,1093300.0
1466,2021-10-07 04:26:02,61300.0,100.0,1089500.0
1467,2021-10-07 04:25:52,61300.0,200.0,1089400.0
1468,2021-10-07 04:25:47,61300.0,400.0,1089200.0
1469,2021-10-07 04:25:47,61400.0,1200.0,1088800.0
1470,2021-10-07 04:25:47,61400.0,1000.0,1087600.0
1471,2021-10-07 04:25:47,61400.0,100.0,1086600.0
1472,2021-10-07 04:25:47,61400.0,200.0,1086500.0
1473,2021-10-07 04:25:47,61400.0,1000.0,1086300.0
1474,2021-10-07 04:25:47,61400.0,4700.0,1085300.0
1475,2021-10-07 04:25:41,61400.0,500.0,1080600.0
1476,2021-10-07 04:25:23,61300.0,6900.0,1080100.0
1477,2021-10-07 04:25:23,61300.0,3100.0,1073200.0
1478,2021-10-07 04:24:31,61300.0,4000.0,1070100.0
1479,2021-10-07 04:23:33,61300.0,400.0,1066100.0
1480,2021-10-07 04:23:27,61300.0,400.0,1065700.0
1481,2021-10-07 04:23:23,61400.0,400.0,1065300.0
1482,2021-10-07 04:23:23,61400.0,800.0,1064900.0
1483,2021-10-07 04:23:23,61400.0,3600.0,1064100.0
1484,2021-10-07 04:22:38,61400.0,400.0,1060500.0
1485,2021-10-07 04:22:27,61400.0,2000.0,1060100.0
1486,2021-10-07 04:22:27,61400.0,3000.0,1058100.0
1487,2021-10-07 04:21:31,61400.0,1000.0,1055100.0
1488,2021-10-07 04:21:22,61400.0,2000.0,1054100.0
1489,2021-10-07 04:21:22,61400.0,1700.0,1052100.0
1490,2021-10-07 04:21:22,61400.0,400.0,1050400.0
1491,2021-10-07 04:21:22,61400.0,500.0,1050000.0
1492,2021-10-07 04:21:22,61400.0,100.0,1049500.0
1493,2021-10-07 04:21:22,61400.0,1000.0,1049400.0
1494,2021-10-07 04:21:22,61400.0,300.0,1048400.0
1495,2021-10-07 04:21:18,61300.0,400.0,1048100.0
1496,2021-10-07 04:20:52,61400.0,200.0,1047700.0
1497,2021-10-07 04:20:47,61300.0,1000.0,1047500.0
1498,2021-10-07 04:19:59,61400.0,2000.0,1046500.0
1499,2021-10-07 04:19:59,61400.0,500.0,1044500.0
1500,2021-10-07 04:19:59,61400.0,1000.0,1044000.0
1501,2021-10-07 04:19:59,61400.0,100.0,1043000.0
1502,2021-10-07 04:19:59,61400.0,400.0,1042900.0
1503,2021-10-07 04:19:59,61400.0,100.0,1042500.0
1504,2021-10-07 04:19:59,61400.0,900.0,1042400.0
1505,2021-10-07 04:19:23,61300.0,300.0,1041500.0
1506,2021-10-07 04:19:15,61300.0,400.0,1041200.0
1507,2021-10-07 04:19:04,61300.0,400.0,1040800.0
1508,2021-10-07 04:18:54,61300.0,400.0,1040400.0
1509,2021-10-07 04:18:53,61300.0,100.0,1040000.0
1510,2021-10-07 04:18:45,61300.0,100.0,1039900.0
1511,2021-10-07 04:18:30,61300.0,100.0,1039800.0
1512,2021-10-07 04:18:09,61300.0,3000.0,1039700.0
1513,2021-10-07 04:17:46,61300.0,100.0,1036700.0
1514,2021-10-07 04:17:34,61400.0,4000.0,1036600.0
1515,2021-10-07 04:16:50,61300.0,400.0,1032600.0
1516,2021-10-07 04:16:41,61400.0,4400.0,1032200.0
1517,2021-10-07 04:16:18,61400.0,100.0,1027800.0
1518,2021-10-07 04:16:18,61400.0,100.0,1027700.0
1519,2021-10-07 04:16:18,61400.0,500.0,1027600.0
1520,2021-10-07 04:16:05,61400.0,1500.0,1027100.0
1521,2021-10-07 04:16:05,61400.0,500.0,1025600.0
1522,2021-10-07 04:15:11,61400.0,100.0,1025100.0
1523,2021-10-07 04:14:59,61400.0,12000.0,1025000.0
1524,2021-10-07 04:14:55,61400.0,3000.0,1013000.0
1525,2021-10-07 04:14:36,61400.0,400.0,1010000.0
1526,2021-10-07 04:14:21,61400.0,400.0,1009600.0
1527,2021-10-07 04:14:13,61400.0,900.0,1009200.0
1528,2021-10-07 04:12:56,61400.0,500.0,1008300.0
1529,2021-10-07 04:12:55,61400.0,500.0,1007800.0
1530,2021-10-07 04:12:39,61400.0,100.0,1007300.0
1531,2021-10-07 04:12:35,61500.0,5000.0,1007200.0
1532,2021-10-07 04:12:21,61400.0,400.0,1002200.0
1533,2021-10-07 04:12:17,61400.0,500.0,1001800.0
1534,2021-10-07 04:11:29,61400.0,100.0,1001300.0
1535,2021-10-07 04:11:29,61400.0,500.0,1001200.0
1536,2021-10-07 04:11:29,61400.0,100.0,1000700.0
1537,2021-10-07 04:11:10,61400.0,200.0,1000600.0
1538,2021-10-07 04:10:48,61400.0,2500.0,1000400.0
1539,2021-10-07 04:10:33,61400.0,3200.0,997900.0
1540,2021-10-07 04:10:33,61400.0,200.0,994700.0
1541,2021-10-07 04:10:33,61400.0,2500.0,994500.0
1542,2021-10-07 04:10:33,61400.0,10000.0,992000.0
1543,2021-10-07 04:10:33,61400.0,100.0,982000.0
1544,2021-10-07 04:10:33,61400.0,4000.0,981900.0
1545,2021-10-07 04:10:28,61300.0,800.0,977900.0
1546,2021-10-07 04:10:16,61300.0,4600.0,977100.0
1547,2021-10-07 04:10:16,61300.0,400.0,972500.0
1548,2021-10-07 04:10:07,61300.0,400.0,972100.0
1549,2021-10-07 04:09:49,61300.0,400.0,971700.0
1550,2021-10-07 04:09:40,61300.0,1500.0,971300.0
1551,2021-10-07 04:08:54,61300.0,100.0,969800.0
1552,2021-10-07 04:08:03,61300.0,200.0,969700.0
1553,2021-10-07 04:07:53,61300.0,400.0,969500.0
1554,2021-10-07 04:06:00,61300.0,200.0,969100.0
1555,2021-10-07 04:05:39,61300.0,400.0,968900.0
1556,2021-10-07 04:05:35,61400.0,1000.0,968500.0
1557,2021-10-07 04:05:14,61300.0,400.0,967500.0
1558,2021-10-07 04:04:10,61300.0,1000.0,967100.0
1559,2021-10-07 04:03:24,61300.0,400.0,966100.0
1560,2021-10-07 04:02:48,61300.0,100.0,965700.0
1561,2021-10-07 04:01:53,61400.0,400.0,965600.0
1562,2021-10-07 04:01:28,61400.0,300.0,965200.0
1563,2021-10-07 04:01:10,61300.0,300.0,964900.0
1564,2021-10-07 04:01:05,61400.0,3300.0,964600.0
1565,2021-10-07 04:01:03,61400.0,400.0,961300.0
1566,2021-10-07 04:01:02,61400.0,200.0,960900.0
1567,2021-10-07 04:01:02,61400.0,800.0,960700.0
1568,2021-10-07 04:01:02,61400.0,300.0,959900.0
1569,2021-10-07 04:00:47,61400.0,700.0,959600.0
1570,2021-10-07 04:00:47,61400.0,200.0,958900.0
1571,2021-10-07 04:00:47,61400.0,100.0,958700.0
1572,2021-10-07 04:00:47,61400.0,500.0,958600.0
1573,2021-10-07 04:00:47,61400.0,500.0,958100.0
1574,2021-10-07 04:00:47,61400.0,1000.0,957600.0
1575,2021-10-07 04:00:47,61400.0,3000.0,956600.0
1576,2021-10-07 04:00:47,61400.0,4000.0,953600.0
1577,2021-10-07 04:00:41,61300.0,400.0,949600.0
1578,2021-10-07 04:00:40,61400.0,6700.0,949200.0
1579,2021-10-07 04:00:12,61400.0,2000.0,942500.0
1580,2021-10-07 04:00:06,61300.0,100.0,940500.0
1581,2021-10-07 03:58:56,61300.0,300.0,940400.0
1582,2021-10-07 03:57:22,61400.0,200.0,940100.0
1583,2021-10-07 03:57:22,61400.0,1000.0,939900.0
1584,2021-10-07 03:57:22,61400.0,200.0,938900.0
1585,2021-10-07 03:57:22,61400.0,2000.0,938700.0
1586,2021-10-07 03:57:22,61400.0,500.0,936700.0
1587,2021-10-07 03:57:22,61400.0,2000.0,936200.0
1588,2021-10-07 03:57:22,61400.0,1400.0,934200.0
1589,2021-10-07 03:57:15,61400.0,500.0,932800.0
1590,2021-10-07 03:57:01,61400.0,500.0,932300.0
1591,2021-10-07 03:56:42,61400.0,300.0,931800.0
1592,2021-10-07 03:56:28,61400.0,700.0,931500.0
1593,2021-10-07 03:56:09,61400.0,400.0,930800.0
1594,2021-10-07 03:56:04,61400.0,800.0,930400.0
1595,2021-10-07 03:56:01,61400.0,10000.0,929600.0
1596,2021-10-07 03:55:58,61400.0,1000.0,919600.0
1597,2021-10-07 03:55:57,61400.0,300.0,918600.0
1598,2021-10-07 03:55:57,61400.0,500.0,918300.0
1599,2021-10-07 03:55:56,61500.0,1000.0,917800.0
1600,2021-10-07 03:55:51,61400.0,800.0,916800.0
1601,2021-10-07 03:55:46,61400.0,4500.0,916000.0
1602,2021-10-07 03:55:46,61400.0,5500.0,911500.0
1603,2021-10-07 03:55:40,61400.0,100.0,906000.0
1604,2021-10-07 03:55:38,61400.0,1000.0,905900.0
1605,2021-10-07 03:55:35,61400.0,100.0,904900.0
1606,2021-10-07 03:55:27,61400.0,500.0,904800.0
1607,2021-10-07 03:55:14,61400.0,2800.0,904300.0
1608,2021-10-07 03:55:14,61400.0,7200.0,901500.0
1609,2021-10-07 03:54:28,61400.0,1000.0,894300.0
1610,2021-10-07 03:54:27,61400.0,300.0,893300.0
1611,2021-10-07 03:53:22,61400.0,200.0,893000.0
1612,2021-10-07 03:53:15,61400.0,1000.0,892800.0
1613,2021-10-07 03:52:54,61400.0,300.0,891800.0
1614,2021-10-07 03:52:54,61400.0,100.0,891500.0
1615,2021-10-07 03:52:42,61400.0,500.0,891400.0
1616,2021-10-07 03:52:37,61400.0,200.0,890900.0
1617,2021-10-07 03:52:35,61400.0,500.0,890700.0
1618,2021-10-07 03:52:13,61400.0,300.0,890200.0
1619,2021-10-07 03:51:55,61400.0,200.0,889900.0
1620,2021-10-07 03:51:35,61400.0,400.0,889700.0
1621,2021-10-07 03:51:22,61400.0,2100.0,889300.0
1622,2021-10-07 03:51:12,61500.0,16000.0,887200.0
1623,2021-10-07 03:50:33,61500.0,100.0,871200.0
1624,2021-10-07 03:50:09,61400.0,100.0,871100.0
1625,2021-10-07 03:49:59,61400.0,300.0,871000.0
1626,2021-10-07 03:49:57,61400.0,300.0,870700.0
1627,2021-10-07 03:48:48,61500.0,100.0,870400.0
1628,2021-10-07 03:48:48,61400.0,400.0,870300.0
1629,2021-10-07 03:48:40,61500.0,1000.0,869900.0
1630,2021-10-07 03:48:29,61400.0,3500.0,868900.0
1631,2021-10-07 03:48:27,61400.0,100.0,865400.0
1632,2021-10-07 03:48:22,61400.0,100.0,865300.0
1633,2021-10-07 03:47:45,61400.0,300.0,865200.0
1634,2021-10-07 03:47:06,61500.0,400.0,864900.0
1635,2021-10-07 03:47:02,61400.0,400.0,864500.0
1636,2021-10-07 03:46:54,61500.0,1200.0,864100.0
1637,2021-10-07 03:46:36,61400.0,200.0,862900.0
1638,2021-10-07 03:46:36,61400.0,200.0,862700.0
1639,2021-10-07 03:46:28,61500.0,10000.0,862500.0
1640,2021-10-07 03:46:16,61400.0,1000.0,852500.0
1641,2021-10-07 03:46:16,61400.0,4000.0,851500.0
1642,2021-10-07 03:45:42,61400.0,100.0,847500.0
1643,2021-10-07 03:45:30,61400.0,300.0,847400.0
1644,2021-10-07 03:44:58,61500.0,1300.0,847100.0
1645,2021-10-07 03:44:58,61500.0,500.0,845800.0
1646,2021-10-07 03:44:58,61500.0,200.0,845300.0
1647,2021-10-07 03:44:23,61400.0,100.0,845100.0
1648,2021-10-07 03:44:12,61400.0,1000.0,845000.0
1649,2021-10-07 03:43:44,61400.0,300.0,844000.0
1650,2021-10-07 03:43:21,61400.0,1000.0,843700.0
1651,2021-10-07 03:43:16,61400.0,300.0,842700.0
1652,2021-10-07 03:42:58,61400.0,500.0,842400.0
1653,2021-10-07 03:42:43,61400.0,1600.0,841900.0
1654,2021-10-07 03:42:30,61400.0,400.0,840300.0
1655,2021-10-07 03:42:25,61400.0,200.0,839900.0
1656,2021-10-07 03:42:15,61400.0,600.0,839700.0
1657,2021-10-07 03:41:49,61400.0,100.0,839100.0
1658,2021-10-07 03:41:02,61400.0,300.0,839000.0
1659,2021-10-07 03:40:53,61400.0,600.0,838700.0
1660,2021-10-07 03:40:49,61400.0,1000.0,838100.0
1661,2021-10-07 03:40:47,61400.0,500.0,837100.0
1662,2021-10-07 03:40:29,61400.0,1000.0,836600.0
1663,2021-10-07 03:40:08,61400.0,2000.0,835600.0
1664,2021-10-07 03:39:50,61400.0,300.0,833600.0
1665,2021-10-07 03:39:25,61400.0,1500.0,833300.0
1666,2021-10-07 03:39:22,61400.0,5000.0,831800.0
1667,2021-10-07 03:39:07,61400.0,2300.0,826800.0
1668,2021-10-07 03:39:07,61400.0,1700.0,824500.0
1669,2021-10-07 03:39:06,61400.0,2000.0,822800.0
1670,2021-10-07 03:38:48,61400.0,300.0,820800.0
1671,2021-10-07 03:38:23,61400.0,100.0,820500.0
1672,2021-10-07 03:37:56,61400.0,400.0,820400.0
1673,2021-10-07 03:37:53,61400.0,100.0,820000.0
1674,2021-10-07 03:37:45,61400.0,1000.0,819900.0
1675,2021-10-07 03:37:32,61400.0,100.0,818900.0
1676,2021-10-07 03:37:31,61400.0,100.0,818800.0
1677,2021-10-07 03:37:04,61400.0,200.0,818700.0
1678,2021-10-07 03:36:52,61400.0,1300.0,818500.0
1679,2021-10-07 03:36:52,61400.0,1100.0,817200.0
1680,2021-10-07 03:36:38,61400.0,1000.0,816100.0
1681,2021-10-07 03:36:34,61400.0,300.0,815100.0
1682,2021-10-07 03:36:25,61400.0,300.0,814800.0
1683,2021-10-07 03:36:25,61400.0,500.0,814500.0
1684,2021-10-07 03:36:25,61400.0,1000.0,814000.0
1685,2021-10-07 03:36:25,61400.0,1000.0,813000.0
1686,2021-10-07 03:36:25,61400.0,1000.0,812000.0
1687,2021-10-07 03:36:25,61400.0,200.0,811000.0
1688,2021-10-07 03:36:25,61400.0,6000.0,810800.0
1689,2021-10-07 03:36:20,61400.0,1000.0,804800.0
1690,2021-10-07 03:35:51,61400.0,500.0,803800.0
1691,2021-10-07 03:34:58,61400.0,500.0,803300.0
1692,2021-10-07 03:34:19,61400.0,300.0,802800.0
1693,2021-10-07 03:34:03,61400.0,200.0,802500.0
1694,2021-10-07 03:33:55,61400.0,1500.0,802300.0
1695,2021-10-07 03:33:55,61400.0,8500.0,800800.0
1696,2021-10-07 03:33:33,61400.0,200.0,792300.0
1697,2021-10-07 03:33:26,61500.0,1800.0,792100.0
1698,2021-10-07 03:33:26,61500.0,100.0,790300.0
1699,2021-10-07 03:33:26,61500.0,600.0,790200.0
1700,2021-10-07 03:33:26,61500.0,100.0,789600.0
1701,2021-10-07 03:33:26,61500.0,300.0,789500.0
1702,2021-10-07 03:33:26,61500.0,200.0,789200.0
1703,2021-10-07 03:33:26,61500.0,400.0,789000.0
1704,2021-10-07 03:33:26,61500.0,300.0,788600.0
1705,2021-10-07 03:33:26,61500.0,200.0,788300.0
1706,2021-10-07 03:33:26,61500.0,1000.0,788100.0
1707,2021-10-07 03:33:23,61400.0,400.0,787100.0
1708,2021-10-07 03:32:06,61400.0,300.0,786700.0
1709,2021-10-07 03:31:50,61500.0,1000.0,786400.0
1710,2021-10-07 03:31:50,61500.0,4000.0,785400.0
1711,2021-10-07 03:31:24,61500.0,800.0,781400.0
1712,2021-10-07 03:30:54,61500.0,200.0,780600.0
1713,2021-10-07 03:30:36,61500.0,1000.0,780400.0
1714,2021-10-07 03:30:27,61500.0,100.0,779400.0
1715,2021-10-07 03:30:27,61500.0,900.0,779300.0
1716,2021-10-07 03:29:56,61500.0,200.0,778400.0
1717,2021-10-07 03:29:51,61400.0,300.0,778200.0
1718,2021-10-07 03:29:46,61500.0,100.0,777900.0
1719,2021-10-07 03:29:44,61500.0,300.0,777800.0
1720,2021-10-07 03:29:38,61500.0,500.0,777500.0
1721,2021-10-07 03:29:38,61500.0,500.0,777000.0
1722,2021-10-07 03:29:31,61500.0,500.0,776500.0
1723,2021-10-07 03:29:31,61500.0,1000.0,776000.0
1724,2021-10-07 03:29:31,61500.0,2000.0,775000.0
1725,2021-10-07 03:29:31,61500.0,500.0,773000.0
1726,2021-10-07 03:29:26,61400.0,200.0,772500.0
1727,2021-10-07 03:29:25,61500.0,4000.0,772300.0
1728,2021-10-07 03:29:18,61400.0,500.0,768300.0
1729,2021-10-07 03:28:52,61400.0,100.0,767800.0
1730,2021-10-07 03:28:50,61400.0,400.0,767700.0
1731,2021-10-07 03:28:39,61400.0,200.0,767300.0
1732,2021-10-07 03:28:14,61400.0,1900.0,767100.0
1733,2021-10-07 03:28:12,61400.0,100.0,765200.0
1734,2021-10-07 03:28:05,61400.0,400.0,765100.0
1735,2021-10-07 03:27:58,61400.0,500.0,764700.0
1736,2021-10-07 03:27:58,61400.0,100.0,764200.0
1737,2021-10-07 03:27:58,61400.0,100.0,764100.0
1738,2021-10-07 03:27:48,61400.0,100.0,764000.0
1739,2021-10-07 03:27:46,61400.0,300.0,763900.0
1740,2021-10-07 03:27:46,61400.0,700.0,763600.0
1741,2021-10-07 03:27:37,61400.0,300.0,762900.0
1742,2021-10-07 03:27:36,61400.0,1000.0,762600.0
1743,2021-10-07 03:27:32,61400.0,2000.0,761600.0
1744,2021-10-07 03:27:20,61400.0,200.0,759600.0
1745,2021-10-07 03:27:20,61400.0,300.0,759400.0
1746,2021-10-07 03:27:04,61400.0,500.0,759100.0
1747,2021-10-07 03:26:55,61400.0,600.0,758600.0
1748,2021-10-07 03:26:49,61400.0,1000.0,758000.0
1749,2021-10-07 03:26:46,61400.0,800.0,757000.0
1750,2021-10-07 03:26:22,61400.0,200.0,756200.0
1751,2021-10-07 03:26:18,61400.0,100.0,756000.0
1752,2021-10-07 03:26:06,61400.0,1000.0,755900.0
1753,2021-10-07 03:26:06,61400.0,100.0,754900.0
1754,2021-10-07 03:26:06,61400.0,100.0,754800.0
1755,2021-10-07 03:26:06,61400.0,200.0,754700.0
1756,2021-10-07 03:26:06,61400.0,1000.0,754500.0
1757,2021-10-07 03:26:06,61400.0,1000.0,753500.0
1758,2021-10-07 03:26:06,61400.0,300.0,752500.0
1759,2021-10-07 03:26:06,61400.0,500.0,752200.0
1760,2021-10-07 03:26:06,61400.0,200.0,751700.0
1761,2021-10-07 03:26:06,61400.0,2900.0,751500.0
1762,2021-10-07 03:25:59,61300.0,200.0,748600.0
1763,2021-10-07 03:25:46,61300.0,300.0,748400.0
1764,2021-10-07 03:25:23,61300.0,300.0,748100.0
1765,2021-10-07 03:25:17,61300.0,100.0,747800.0
1766,2021-10-07 03:25:14,61400.0,2300.0,747700.0
1767,2021-10-07 03:25:14,61400.0,200.0,745400.0
1768,2021-10-07 03:24:17,61300.0,400.0,745200.0
1769,2021-10-07 03:24:02,61400.0,200.0,744800.0
1770,2021-10-07 03:24:02,61400.0,300.0,744600.0
1771,2021-10-07 03:23:07,61400.0,1000.0,744300.0
1772,2021-10-07 03:23:07,61400.0,800.0,743300.0
1773,2021-10-07 03:23:01,61400.0,1600.0,742500.0
1774,2021-10-07 03:23:00,61400.0,500.0,740900.0
1775,2021-10-07 03:22:58,61400.0,1900.0,740400.0
1776,2021-10-07 03:22:35,61400.0,2000.0,738500.0
1777,2021-10-07 03:22:34,61400.0,2200.0,736500.0
1778,2021-10-07 03:22:34,61400.0,1000.0,734300.0
1779,2021-10-07 03:22:20,61400.0,500.0,733300.0
1780,2021-10-07 03:22:13,61400.0,500.0,732800.0
1781,2021-10-07 03:22:12,61400.0,1000.0,732300.0
1782,2021-10-07 03:21:51,61400.0,7000.0,731300.0
1783,2021-10-07 03:21:51,61400.0,3000.0,724300.0
1784,2021-10-07 03:21:46,61400.0,1000.0,721300.0
1785,2021-10-07 03:21:43,61400.0,800.0,720300.0
1786,2021-10-07 03:21:43,61400.0,100.0,719500.0
1787,2021-10-07 03:21:43,61400.0,500.0,719400.0
1788,2021-10-07 03:21:43,61400.0,2000.0,718900.0
1789,2021-10-07 03:21:43,61400.0,1000.0,716900.0
1790,2021-10-07 03:21:43,61400.0,100.0,715900.0
1791,2021-10-07 03:21:43,61400.0,100.0,715800.0
1792,2021-10-07 03:21:43,61400.0,500.0,715700.0
1793,2021-10-07 03:21:43,61400.0,900.0,715200.0
1794,2021-10-07 03:21:34,61300.0,1700.0,714300.0
1795,2021-10-07 03:21:24,61300.0,200.0,712600.0
1796,2021-10-07 03:21:22,61300.0,200.0,712400.0
1797,2021-10-07 03:21:22,61300.0,7900.0,712200.0
1798,2021-10-07 03:21:21,61300.0,100.0,704300.0
1799,2021-10-07 03:21:15,61300.0,100.0,704200.0
1800,2021-10-07 03:20:56,61300.0,400.0,704100.0
1801,2021-10-07 03:20:54,61300.0,300.0,703700.0
1802,2021-10-07 03:20:39,61300.0,500.0,703400.0
1803,2021-10-07 03:20:24,61300.0,700.0,702900.0
1804,2021-10-07 03:20:24,61300.0,300.0,702200.0
1805,2021-10-07 03:20:05,61300.0,500.0,701900.0
1806,2021-10-07 03:19:58,61300.0,400.0,701400.0
1807,2021-10-07 03:19:44,61300.0,400.0,701000.0
1808,2021-10-07 03:19:36,61400.0,100.0,700600.0
1809,2021-10-07 03:19:15,61400.0,1000.0,700500.0
1810,2021-10-07 03:18:52,61300.0,3300.0,699500.0
1811,2021-10-07 03:18:52,61400.0,100.0,696200.0
1812,2021-10-07 03:18:52,61400.0,100.0,696100.0
1813,2021-10-07 03:18:52,61400.0,200.0,696000.0
1814,2021-10-07 03:18:41,61300.0,300.0,695800.0
1815,2021-10-07 03:18:12,61400.0,100.0,695500.0
1816,2021-10-07 03:18:05,61400.0,1000.0,695400.0
1817,2021-10-07 03:18:03,61400.0,100.0,694400.0
1818,2021-10-07 03:17:44,61400.0,2000.0,694300.0
1819,2021-10-07 03:17:41,61300.0,400.0,692300.0
1820,2021-10-07 03:17:36,61300.0,3700.0,691900.0
1821,2021-10-07 03:17:36,61200.0,700.0,688200.0
1822,2021-10-07 03:17:21,61200.0,1100.0,687500.0
1823,2021-10-07 03:17:19,61300.0,50000.0,686400.0
1824,2021-10-07 03:17:12,61200.0,500.0,636400.0
1825,2021-10-07 03:17:09,61200.0,1000.0,635900.0
1826,2021-10-07 03:17:09,61200.0,17400.0,634900.0
1827,2021-10-07 03:16:26,61100.0,1100.0,617500.0
1828,2021-10-07 03:16:25,61100.0,300.0,616400.0
1829,2021-10-07 03:16:24,61200.0,1500.0,616100.0
1830,2021-10-07 03:16:20,61100.0,1400.0,614600.0
1831,2021-10-07 03:16:14,61200.0,100.0,613200.0
1832,2021-10-07 03:16:11,61200.0,100.0,613100.0
1833,2021-10-07 03:16:11,61200.0,200.0,613000.0
1834,2021-10-07 03:16:11,61200.0,100.0,612800.0
1835,2021-10-07 03:16:11,61200.0,500.0,612700.0
1836,2021-10-07 03:16:11,61200.0,100.0,612200.0
1837,2021-10-07 03:16:03,61200.0,5000.0,612100.0
1838,2021-10-07 03:16:03,61300.0,2000.0,607100.0
1839,2021-10-07 03:15:57,61300.0,3100.0,605100.0
1840,2021-10-07 03:15:54,61300.0,3000.0,602000.0
1841,2021-10-07 03:15:54,61300.0,4000.0,599000.0
1842,2021-10-07 03:15:54,61300.0,600.0,595000.0
1843,2021-10-07 03:15:54,61300.0,200.0,594400.0
1844,2021-10-07 03:15:54,61300.0,3400.0,594200.0
1845,2021-10-07 03:15:39,61300.0,3600.0,590800.0
1846,2021-10-07 03:15:38,61300.0,300.0,587200.0
1847,2021-10-07 03:15:28,61300.0,1000.0,586900.0
1848,2021-10-07 03:15:27,61300.0,400.0,585900.0
1849,2021-10-07 03:15:26,61300.0,200.0,585500.0
1850,2021-10-07 03:15:20,61400.0,2200.0,585300.0
1851,2021-10-07 03:15:10,61300.0,400.0,583100.0
1852,2021-10-07 03:15:09,61400.0,3000.0,582700.0
1853,2021-10-07 03:14:41,61400.0,600.0,579700.0
1854,2021-10-07 03:14:27,61400.0,900.0,579100.0
1855,2021-10-07 03:14:22,61400.0,200.0,578200.0
1856,2021-10-07 03:14:11,61300.0,300.0,578000.0
1857,2021-10-07 03:14:00,61400.0,5000.0,577700.0
1858,2021-10-07 03:14:00,61400.0,100.0,572700.0
1859,2021-10-07 03:14:00,61400.0,2500.0,572600.0
1860,2021-10-07 03:14:00,61400.0,500.0,570100.0
1861,2021-10-07 03:14:00,61400.0,3600.0,569600.0
1862,2021-10-07 03:13:55,61500.0,1000.0,566000.0
1863,2021-10-07 03:13:30,61500.0,400.0,565000.0
1864,2021-10-07 03:13:30,61500.0,100.0,564600.0
1865,2021-10-07 03:13:30,61500.0,1000.0,564500.0
1866,2021-10-07 03:13:30,61500.0,500.0,563500.0
1867,2021-10-07 03:13:09,61400.0,1400.0,563000.0
1868,2021-10-07 03:13:09,61400.0,1000.0,561600.0
1869,2021-10-07 03:13:09,61400.0,600.0,560600.0
1870,2021-10-07 03:12:32,61500.0,100.0,560000.0
1871,2021-10-07 03:12:32,61500.0,400.0,559900.0
1872,2021-10-07 03:12:25,61500.0,600.0,559500.0
1873,2021-10-07 03:12:25,61500.0,5000.0,558900.0
1874,2021-10-07 03:12:25,61500.0,9400.0,553900.0
1875,2021-10-07 03:11:57,61500.0,300.0,544500.0
1876,2021-10-07 03:11:45,61600.0,300.0,544200.0
1877,2021-10-07 03:11:45,61600.0,700.0,543900.0
1878,2021-10-07 03:11:34,61600.0,1000.0,543200.0
1879,2021-10-07 03:11:25,61600.0,300.0,542200.0
1880,2021-10-07 03:11:25,61600.0,100.0,541900.0
1881,2021-10-07 03:11:25,61600.0,600.0,541800.0
1882,2021-10-07 03:11:17,61600.0,400.0,541200.0
1883,2021-10-07 03:11:17,61600.0,100.0,540800.0
1884,2021-10-07 03:11:17,61600.0,300.0,540700.0
1885,2021-10-07 03:10:41,61600.0,2300.0,540400.0
1886,2021-10-07 03:10:37,61500.0,300.0,538100.0
1887,2021-10-07 03:10:37,61500.0,100.0,537800.0
1888,2021-10-07 03:10:36,61600.0,800.0,537700.0
1889,2021-10-07 03:10:26,61500.0,300.0,536900.0
1890,2021-10-07 03:10:11,61500.0,100.0,536600.0
1891,2021-10-07 03:10:00,61500.0,200.0,536500.0
1892,2021-10-07 03:09:52,61500.0,100.0,536300.0
1893,2021-10-07 03:09:52,61500.0,200.0,536200.0
1894,2021-10-07 03:09:52,61500.0,400.0,536000.0
1895,2021-10-07 03:09:43,61400.0,300.0,535600.0
1896,2021-10-07 03:09:38,61500.0,100.0,535300.0
1897,2021-10-07 03:09:38,61500.0,400.0,535200.0
1898,2021-10-07 03:09:35,61400.0,400.0,534800.0
1899,2021-10-07 03:09:29,61500.0,600.0,534400.0
1900,2021-10-07 03:09:29,61500.0,1000.0,533800.0
1901,2021-10-07 03:09:29,61500.0,500.0,532800.0
1902,2021-10-07 03:09:29,61500.0,1000.0,532300.0
1903,2021-10-07 03:09:29,61500.0,100.0,531300.0
1904,2021-10-07 03:09:29,61500.0,200.0,531200.0
1905,2021-10-07 03:09:29,61500.0,100.0,531000.0
1906,2021-10-07 03:09:29,61500.0,100.0,530900.0
1907,2021-10-07 03:09:29,61500.0,800.0,530800.0
1908,2021-10-07 03:09:29,61500.0,500.0,530000.0
1909,2021-10-07 03:09:29,61500.0,100.0,529500.0
1910,2021-10-07 03:09:02,61500.0,900.0,529400.0
1911,2021-10-07 03:09:02,61500.0,800.0,528500.0
1912,2021-10-07 03:09:02,61400.0,3300.0,527700.0
1913,2021-10-07 03:08:56,61400.0,15000.0,524400.0
1914,2021-10-07 03:08:56,61400.0,500.0,509400.0
1915,2021-10-07 03:08:56,61400.0,1200.0,508900.0
1916,2021-10-07 03:08:49,61400.0,1000.0,507700.0
1917,2021-10-07 03:08:38,61400.0,700.0,506700.0
1918,2021-10-07 03:08:18,61500.0,200.0,506000.0
1919,2021-10-07 03:08:18,61500.0,100.0,505800.0
1920,2021-10-07 03:08:18,61500.0,4700.0,505700.0
1921,2021-10-07 03:07:37,61500.0,1000.0,501000.0
1922,2021-10-07 03:07:28,61400.0,300.0,500000.0
1923,2021-10-07 03:07:09,61300.0,400.0,499700.0
1924,2021-10-07 03:07:09,61300.0,100.0,499300.0
1925,2021-10-07 03:07:08,61400.0,2000.0,499200.0
1926,2021-10-07 03:07:08,61400.0,500.0,497200.0
1927,2021-10-07 03:06:40,61300.0,100.0,496700.0
1928,2021-10-07 03:06:20,61300.0,100.0,496600.0
1929,2021-10-07 03:06:10,61400.0,100.0,496500.0
1930,2021-10-07 03:06:05,61400.0,400.0,496400.0
1931,2021-10-07 03:05:50,61500.0,200.0,496000.0
1932,2021-10-07 03:05:50,61500.0,9300.0,495800.0
1933,2021-10-07 03:05:50,61500.0,2000.0,486500.0
1934,2021-10-07 03:05:50,61500.0,1000.0,484500.0
1935,2021-10-07 03:05:50,61500.0,200.0,483500.0
1936,2021-10-07 03:05:50,61500.0,400.0,483300.0
1937,2021-10-07 03:05:50,61500.0,400.0,482900.0
1938,2021-10-07 03:05:50,61500.0,800.0,482500.0
1939,2021-10-07 03:05:35,61500.0,500.0,481700.0
1940,2021-10-07 03:05:31,61600.0,1000.0,481200.0
1941,2021-10-07 03:05:26,61500.0,4500.0,480200.0
1942,2021-10-07 03:05:25,61500.0,6000.0,475700.0
1943,2021-10-07 03:05:21,61500.0,8200.0,469700.0
1944,2021-10-07 03:05:21,61500.0,28300.0,461500.0
1945,2021-10-07 03:05:20,61600.0,500.0,433200.0
1946,2021-10-07 03:05:16,61600.0,1000.0,432700.0
1947,2021-10-07 03:05:14,61500.0,300.0,431700.0
1948,2021-10-07 03:05:09,61600.0,4100.0,431400.0
1949,2021-10-07 03:05:04,61700.0,500.0,427300.0
1950,2021-10-07 03:04:58,61600.0,1000.0,426800.0
1951,2021-10-07 03:03:46,61800.0,400.0,425800.0
1952,2021-10-07 03:03:44,61800.0,200.0,425400.0
1953,2021-10-07 03:03:43,61700.0,900.0,425200.0
1954,2021-10-07 03:03:31,61700.0,100.0,424300.0
1955,2021-10-07 03:03:28,61800.0,300.0,424200.0
1956,2021-10-07 03:03:28,61800.0,1000.0,423900.0
1957,2021-10-07 03:03:28,61700.0,100.0,422900.0
1958,2021-10-07 03:03:28,61700.0,1000.0,422800.0
1959,2021-10-07 03:03:28,61700.0,100.0,421800.0
1960,2021-10-07 03:03:28,61500.0,1300.0,421700.0
1961,2021-10-07 03:03:28,61600.0,100.0,420400.0
1962,2021-10-07 03:03:28,61600.0,1000.0,420300.0
1963,2021-10-07 03:03:26,61700.0,200.0,419300.0
1964,2021-10-07 03:03:26,61700.0,2000.0,419100.0
1965,2021-10-07 03:03:26,61700.0,2000.0,417100.0
1966,2021-10-07 03:03:26,61700.0,500.0,415100.0
1967,2021-10-07 03:03:26,61700.0,300.0,414600.0
1968,2021-10-07 03:03:26,61600.0,100.0,414300.0
1969,2021-10-07 03:03:19,61700.0,400.0,414200.0
1970,2021-10-07 03:03:18,61600.0,2000.0,413800.0
1971,2021-10-07 03:03:18,61600.0,100.0,411800.0
1972,2021-10-07 03:03:18,61600.0,500.0,411700.0
1973,2021-10-07 03:03:18,61600.0,100.0,411200.0
1974,2021-10-07 03:03:18,61600.0,100.0,411100.0
1975,2021-10-07 03:03:16,61600.0,200.0,411000.0
1976,2021-10-07 03:03:16,61600.0,100.0,410800.0
1977,2021-10-07 03:03:16,61600.0,100.0,410700.0
1978,2021-10-07 03:03:16,61600.0,600.0,410600.0
1979,2021-10-07 03:03:15,61500.0,100.0,410000.0
1980,2021-10-07 03:03:15,61500.0,900.0,409900.0
1981,2021-10-07 03:03:15,61600.0,400.0,409000.0
1982,2021-10-07 03:03:09,61500.0,100.0,408600.0
1983,2021-10-07 03:03:09,61500.0,100.0,408500.0
1984,2021-10-07 03:03:09,61500.0,300.0,408400.0
1985,2021-10-07 03:03:09,61500.0,100.0,408100.0
1986,2021-10-07 03:03:09,61500.0,100.0,408000.0
1987,2021-10-07 03:03:09,61500.0,100.0,407900.0
1988,2021-10-07 03:03:09,61500.0,100.0,407800.0
1989,2021-10-07 03:03:09,61500.0,100.0,407700.0
1990,2021-10-07 03:03:09,61500.0,500.0,407600.0
1991,2021-10-07 03:03:06,61500.0,200.0,407100.0
1992,2021-10-07 03:03:06,61500.0,100.0,406900.0
1993,2021-10-07 03:03:06,61500.0,100.0,406800.0
1994,2021-10-07 03:03:06,61500.0,100.0,406700.0
1995,2021-10-07 03:03:06,61500.0,100.0,406600.0
1996,2021-10-07 03:03:06,61500.0,1000.0,406500.0
1997,2021-10-07 03:03:06,61500.0,100.0,405500.0
1998,2021-10-07 03:03:06,61500.0,500.0,405400.0
1999,2021-10-07 03:03:06,61500.0,200.0,404900.0
2000,2021-10-07 03:03:06,61500.0,1500.0,404700.0
2001,2021-10-07 03:03:06,61500.0,300.0,403200.0
2002,2021-10-07 03:03:06,61500.0,300.0,402900.0
2003,2021-10-07 03:03:06,61500.0,100.0,402600.0
2004,2021-10-07 03:03:06,61500.0,100.0,402500.0
2005,2021-10-07 03:03:06,61500.0,100.0,402400.0
2006,2021-10-07 03:03:06,61500.0,100.0,402300.0
2007,2021-10-07 03:03:06,61500.0,3000.0,402200.0
2008,2021-10-07 03:03:06,61500.0,1500.0,399200.0
2009,2021-10-07 03:03:06,61500.0,300.0,397700.0
2010,2021-10-07 03:03:06,61500.0,200.0,397400.0
2011,2021-10-07 03:03:06,61500.0,100.0,397200.0
2012,2021-10-07 03:03:06,61500.0,2000.0,397100.0
2013,2021-10-07 03:03:06,61500.0,100.0,395100.0
2014,2021-10-07 03:03:06,61500.0,100.0,395000.0
2015,2021-10-07 03:03:06,61500.0,2800.0,394900.0
2016,2021-10-07 03:03:00,61300.0,300.0,392100.0
2017,2021-10-07 03:02:55,61500.0,200.0,391800.0
2018,2021-10-07 03:02:55,61500.0,500.0,391600.0
2019,2021-10-07 03:02:55,61500.0,1000.0,391100.0
2020,2021-10-07 03:02:55,61500.0,100.0,390100.0
2021,2021-10-07 03:02:55,61500.0,600.0,390000.0
2022,2021-10-07 03:02:55,61500.0,100.0,389400.0
2023,2021-10-07 03:02:55,61500.0,100.0,389300.0
2024,2021-10-07 03:02:55,61500.0,100.0,389200.0
2025,2021-10-07 03:02:55,61500.0,500.0,389100.0
2026,2021-10-07 03:02:55,61500.0,3000.0,388600.0
2027,2021-10-07 03:02:55,61500.0,100.0,385600.0
2028,2021-10-07 03:02:55,61500.0,500.0,385500.0
2029,2021-10-07 03:02:55,61500.0,400.0,385000.0
2030,2021-10-07 03:02:55,61500.0,100.0,384600.0
2031,2021-10-07 03:02:55,61500.0,2000.0,384500.0
2032,2021-10-07 03:02:55,61500.0,1000.0,382500.0
2033,2021-10-07 03:02:55,61500.0,200.0,381500.0
2034,2021-10-07 03:02:55,61500.0,1000.0,381300.0
2035,2021-10-07 03:02:55,61500.0,500.0,380300.0
2036,2021-10-07 03:02:55,61500.0,100.0,379800.0
2037,2021-10-07 03:02:55,61500.0,100.0,379700.0
2038,2021-10-07 03:02:55,61500.0,100.0,379600.0
2039,2021-10-07 03:02:55,61500.0,200.0,379500.0
2040,2021-10-07 03:02:55,61500.0,500.0,379300.0
2041,2021-10-07 03:02:55,61500.0,1000.0,378800.0
2042,2021-10-07 03:02:55,61500.0,200.0,377800.0
2043,2021-10-07 03:02:55,61400.0,500.0,377600.0
2044,2021-10-07 03:02:55,61400.0,100.0,377100.0
2045,2021-10-07 03:02:55,61400.0,100.0,377000.0
2046,2021-10-07 03:02:55,61400.0,100.0,376900.0
2047,2021-10-07 03:02:41,61400.0,100.0,376800.0
2048,2021-10-07 03:02:39,61500.0,300.0,376700.0
2049,2021-10-07 03:02:39,61500.0,200.0,376400.0
2050,2021-10-07 03:02:39,61500.0,200.0,376200.0
2051,2021-10-07 03:02:39,61500.0,300.0,376000.0
2052,2021-10-07 03:02:14,61400.0,100.0,375700.0
2053,2021-10-07 03:02:13,61400.0,100.0,375600.0
2054,2021-10-07 03:02:07,61400.0,100.0,375500.0
2055,2021-10-07 03:02:02,61400.0,100.0,375400.0
2056,2021-10-07 03:01:49,61400.0,1200.0,375300.0
2057,2021-10-07 03:01:49,61400.0,1600.0,374100.0
2058,2021-10-07 03:01:42,61400.0,500.0,372500.0
2059,2021-10-07 03:01:42,61400.0,900.0,372000.0
2060,2021-10-07 03:01:41,61400.0,2000.0,371100.0
