,Time,Price,Volume_per_trade,Volume
0,2021-10-11 07:45:01,22250.0,100.0,672000.0
1,2021-10-11 07:45:01,22250.0,100.0,671900.0
2,2021-10-11 07:45:01,22250.0,100.0,671800.0
3,2021-10-11 07:45:01,22250.0,900.0,671700.0
4,2021-10-11 07:45:01,22250.0,900.0,670800.0
5,2021-10-11 07:45:01,22250.0,300.0,669900.0
6,2021-10-11 07:45:01,22250.0,100.0,669600.0
7,2021-10-11 07:45:01,22250.0,4000.0,669500.0
8,2021-10-11 07:45:01,22250.0,600.0,665500.0
9,2021-10-11 07:45:01,22250.0,100.0,664900.0
10,2021-10-11 07:45:01,22250.0,200.0,664800.0
11,2021-10-11 07:45:01,22250.0,100.0,664600.0
12,2021-10-11 07:45:01,22250.0,900.0,664500.0
13,2021-10-11 07:45:01,22250.0,200.0,663600.0
14,2021-10-11 07:45:01,22250.0,300.0,663400.0
15,2021-10-11 07:45:01,22250.0,700.0,663100.0
16,2021-10-11 07:45:01,22250.0,500.0,662400.0
17,2021-10-11 07:45:01,22250.0,500.0,661900.0
18,2021-10-11 07:45:01,22250.0,300.0,661400.0
19,2021-10-11 07:29:40,22200.0,2600.0,661100.0
20,2021-10-11 07:29:35,22250.0,100.0,658500.0
21,2021-10-11 07:29:26,22200.0,500.0,658400.0
22,2021-10-11 07:29:10,22200.0,100.0,657900.0
23,2021-10-11 07:29:10,22200.0,100.0,657800.0
24,2021-10-11 07:29:10,22200.0,1700.0,657700.0
25,2021-10-11 07:29:06,22250.0,100.0,656000.0
26,2021-10-11 07:28:40,22250.0,100.0,655900.0
27,2021-10-11 07:27:33,22250.0,100.0,655800.0
28,2021-10-11 07:27:29,22200.0,300.0,655700.0
29,2021-10-11 07:27:29,22200.0,200.0,655400.0
30,2021-10-11 07:27:29,22200.0,500.0,655200.0
31,2021-10-11 07:27:24,22250.0,100.0,654700.0
32,2021-10-11 07:27:24,22250.0,900.0,654600.0
33,2021-10-11 07:26:56,22250.0,100.0,653700.0
34,2021-10-11 07:26:56,22250.0,100.0,653600.0
35,2021-10-11 07:26:56,22250.0,300.0,653500.0
36,2021-10-11 07:26:56,22250.0,1000.0,653200.0
37,2021-10-11 07:26:56,22250.0,1000.0,652200.0
38,2021-10-11 07:26:56,22250.0,2500.0,651200.0
39,2021-10-11 07:26:44,22300.0,300.0,648700.0
40,2021-10-11 07:25:46,22250.0,500.0,648400.0
41,2021-10-11 07:25:46,22250.0,500.0,647900.0
42,2021-10-11 07:25:46,22250.0,1000.0,647400.0
43,2021-10-11 07:24:58,22300.0,200.0,646400.0
44,2021-10-11 07:24:58,22300.0,100.0,646200.0
45,2021-10-11 07:24:58,22300.0,200.0,646100.0
46,2021-10-11 07:24:58,22300.0,3000.0,645900.0
47,2021-10-11 07:24:58,22300.0,200.0,642900.0
48,2021-10-11 07:24:58,22300.0,100.0,642700.0
49,2021-10-11 07:24:55,22300.0,2000.0,642600.0
50,2021-10-11 07:24:54,22350.0,400.0,640600.0
51,2021-10-11 07:24:54,22350.0,100.0,640200.0
52,2021-10-11 07:24:48,22300.0,200.0,640100.0
53,2021-10-11 07:24:48,22300.0,800.0,639900.0
54,2021-10-11 07:24:43,22300.0,1200.0,639100.0
55,2021-10-11 07:24:43,22300.0,500.0,637900.0
56,2021-10-11 07:24:43,22300.0,200.0,637400.0
57,2021-10-11 07:24:43,22300.0,100.0,637200.0
58,2021-10-11 07:24:20,22350.0,100.0,637100.0
59,2021-10-11 07:23:55,22350.0,2800.0,637000.0
60,2021-10-11 07:23:55,22350.0,500.0,634200.0
61,2021-10-11 07:23:55,22350.0,200.0,633700.0
62,2021-10-11 07:23:47,22300.0,1900.0,633500.0
63,2021-10-11 07:23:47,22300.0,300.0,631600.0
64,2021-10-11 07:23:47,22300.0,500.0,631300.0
65,2021-10-11 07:23:47,22300.0,100.0,630800.0
66,2021-10-11 07:23:47,22300.0,1000.0,630700.0
67,2021-10-11 07:23:47,22300.0,1700.0,629700.0
68,2021-10-11 07:23:47,22300.0,1000.0,628000.0
69,2021-10-11 07:23:47,22300.0,1000.0,627000.0
70,2021-10-11 07:23:47,22300.0,2500.0,626000.0
71,2021-10-11 07:23:01,22350.0,100.0,623500.0
72,2021-10-11 07:22:26,22350.0,500.0,623400.0
73,2021-10-11 07:21:07,22350.0,800.0,622900.0
74,2021-10-11 07:19:58,22350.0,400.0,622100.0
75,2021-10-11 07:19:51,22300.0,500.0,621700.0
76,2021-10-11 07:19:44,22350.0,100.0,621200.0
77,2021-10-11 07:19:44,22350.0,100.0,621100.0
78,2021-10-11 07:19:44,22350.0,100.0,621000.0
79,2021-10-11 07:19:44,22350.0,500.0,620900.0
80,2021-10-11 07:19:44,22350.0,1000.0,620400.0
81,2021-10-11 07:19:44,22350.0,100.0,619400.0
82,2021-10-11 07:19:44,22350.0,2000.0,619300.0
83,2021-10-11 07:19:44,22350.0,1000.0,617300.0
84,2021-10-11 07:19:44,22350.0,100.0,616300.0
85,2021-10-11 07:18:53,22350.0,900.0,616200.0
86,2021-10-11 07:18:53,22350.0,1300.0,615300.0
87,2021-10-11 07:18:37,22350.0,500.0,614000.0
88,2021-10-11 07:18:33,22350.0,1000.0,613500.0
89,2021-10-11 07:16:32,22350.0,200.0,612500.0
90,2021-10-11 07:16:15,22350.0,100.0,612300.0
91,2021-10-11 07:16:08,22400.0,100.0,612200.0
92,2021-10-11 07:15:26,22400.0,300.0,612100.0
93,2021-10-11 07:10:47,22400.0,200.0,611800.0
94,2021-10-11 07:10:19,22400.0,300.0,611600.0
95,2021-10-11 07:09:25,22400.0,500.0,611300.0
96,2021-10-11 07:09:25,22400.0,300.0,610800.0
97,2021-10-11 07:09:19,22400.0,200.0,610500.0
98,2021-10-11 07:09:19,22400.0,800.0,610300.0
99,2021-10-11 07:06:35,22400.0,200.0,609500.0
100,2021-10-11 07:05:41,22400.0,100.0,609300.0
101,2021-10-11 07:05:41,22400.0,500.0,609200.0
102,2021-10-11 07:04:36,22400.0,500.0,608700.0
103,2021-10-11 07:03:51,22400.0,1000.0,608200.0
104,2021-10-11 07:03:02,22400.0,500.0,607200.0
105,2021-10-11 07:02:51,22400.0,500.0,606700.0
106,2021-10-11 07:02:51,22400.0,100.0,606200.0
107,2021-10-11 07:02:51,22400.0,1000.0,606100.0
108,2021-10-11 07:02:51,22400.0,100.0,605100.0
109,2021-10-11 07:02:51,22400.0,300.0,605000.0
110,2021-10-11 07:01:20,22400.0,100.0,604700.0
111,2021-10-11 07:01:20,22400.0,200.0,604600.0
112,2021-10-11 07:00:52,22450.0,500.0,604400.0
113,2021-10-11 07:00:52,22450.0,200.0,603900.0
114,2021-10-11 07:00:52,22450.0,100.0,603700.0
115,2021-10-11 07:00:52,22450.0,200.0,603600.0
116,2021-10-11 07:00:10,22400.0,400.0,603400.0
117,2021-10-11 07:00:10,22400.0,2700.0,603000.0
118,2021-10-11 07:00:10,22400.0,500.0,600300.0
119,2021-10-11 07:00:10,22400.0,700.0,599800.0
120,2021-10-11 06:59:28,22400.0,300.0,599100.0
121,2021-10-11 06:59:28,22400.0,200.0,598800.0
122,2021-10-11 06:59:28,22400.0,800.0,598600.0
123,2021-10-11 06:58:36,22400.0,200.0,597800.0
124,2021-10-11 06:58:08,22400.0,200.0,597600.0
125,2021-10-11 06:58:08,22400.0,100.0,597400.0
126,2021-10-11 06:58:08,22400.0,400.0,597300.0
127,2021-10-11 06:57:08,22400.0,2000.0,596900.0
128,2021-10-11 06:57:02,22350.0,200.0,594900.0
129,2021-10-11 06:57:02,22350.0,100.0,594700.0
130,2021-10-11 06:56:37,22350.0,1000.0,594600.0
131,2021-10-11 06:55:31,22350.0,1000.0,593600.0
132,2021-10-11 06:55:31,22350.0,1000.0,592600.0
133,2021-10-11 06:55:31,22350.0,700.0,591600.0
134,2021-10-11 06:55:05,22350.0,500.0,590900.0
135,2021-10-11 06:55:04,22350.0,500.0,590400.0
136,2021-10-11 06:54:47,22350.0,2000.0,589900.0
137,2021-10-11 06:53:38,22350.0,1000.0,587900.0
138,2021-10-11 06:53:38,22350.0,500.0,586900.0
139,2021-10-11 06:53:38,22350.0,1000.0,586400.0
140,2021-10-11 06:53:38,22350.0,1000.0,585400.0
141,2021-10-11 06:52:01,22350.0,100.0,584400.0
142,2021-10-11 06:52:01,22350.0,1900.0,584300.0
143,2021-10-11 06:51:45,22350.0,100.0,582400.0
144,2021-10-11 06:50:37,22300.0,1000.0,582300.0
145,2021-10-11 06:50:16,22300.0,300.0,581300.0
146,2021-10-11 06:49:42,22300.0,100.0,581000.0
147,2021-10-11 06:49:42,22300.0,500.0,580900.0
148,2021-10-11 06:49:42,22300.0,500.0,580400.0
149,2021-10-11 06:49:42,22300.0,900.0,579900.0
150,2021-10-11 06:49:36,22300.0,100.0,579000.0
151,2021-10-11 06:49:35,22400.0,200.0,578900.0
152,2021-10-11 06:48:50,22400.0,100.0,578700.0
153,2021-10-11 06:47:24,22400.0,100.0,578600.0
154,2021-10-11 06:47:07,22400.0,100.0,578500.0
155,2021-10-11 06:46:29,22300.0,1000.0,578400.0
156,2021-10-11 06:46:26,22300.0,600.0,577400.0
157,2021-10-11 06:46:26,22300.0,200.0,576800.0
158,2021-10-11 06:46:26,22300.0,300.0,576600.0
159,2021-10-11 06:44:45,22300.0,100.0,576300.0
160,2021-10-11 06:44:16,22400.0,500.0,576200.0
161,2021-10-11 06:44:16,22400.0,300.0,575700.0
162,2021-10-11 06:44:16,22400.0,10000.0,575400.0
163,2021-10-11 06:44:16,22400.0,2000.0,565400.0
164,2021-10-11 06:44:16,22400.0,200.0,563400.0
165,2021-10-11 06:44:16,22400.0,100.0,563200.0
166,2021-10-11 06:42:50,22400.0,100.0,563100.0
167,2021-10-11 06:42:12,22400.0,500.0,563000.0
168,2021-10-11 06:40:44,22400.0,100.0,562500.0
169,2021-10-11 06:40:44,22400.0,300.0,562400.0
170,2021-10-11 06:40:37,22400.0,900.0,562100.0
171,2021-10-11 06:39:05,22400.0,300.0,561200.0
172,2021-10-11 06:38:46,22400.0,200.0,560900.0
173,2021-10-11 06:38:46,22400.0,100.0,560700.0
174,2021-10-11 06:38:46,22400.0,900.0,560600.0
175,2021-10-11 06:38:46,22400.0,500.0,559700.0
176,2021-10-11 06:38:46,22400.0,1800.0,559200.0
177,2021-10-11 06:37:48,22400.0,2000.0,557400.0
178,2021-10-11 06:36:24,22400.0,500.0,555400.0
179,2021-10-11 06:36:14,22400.0,100.0,554900.0
180,2021-10-11 06:34:52,22400.0,300.0,554800.0
181,2021-10-11 06:32:24,22400.0,200.0,554500.0
182,2021-10-11 06:32:12,22400.0,100.0,554300.0
183,2021-10-11 06:32:12,22400.0,400.0,554200.0
184,2021-10-11 06:32:08,22400.0,800.0,553800.0
185,2021-10-11 06:32:08,22400.0,100.0,553000.0
186,2021-10-11 06:32:08,22400.0,100.0,552900.0
187,2021-10-11 06:30:49,22400.0,500.0,552800.0
188,2021-10-11 06:30:21,22400.0,400.0,552300.0
189,2021-10-11 06:30:12,22400.0,200.0,551900.0
190,2021-10-11 06:29:48,22400.0,100.0,551700.0
191,2021-10-11 06:29:48,22400.0,500.0,551600.0
192,2021-10-11 06:29:48,22400.0,300.0,551100.0
193,2021-10-11 06:29:48,22400.0,200.0,550800.0
194,2021-10-11 06:29:48,22400.0,300.0,550600.0
195,2021-10-11 06:29:35,22450.0,100.0,550300.0
196,2021-10-11 06:29:07,22400.0,400.0,550200.0
197,2021-10-11 06:28:34,22500.0,300.0,549800.0
198,2021-10-11 06:28:31,22500.0,1000.0,549500.0
199,2021-10-11 06:28:31,22500.0,100.0,548500.0
200,2021-10-11 06:28:31,22500.0,200.0,548400.0
201,2021-10-11 06:28:31,22500.0,200.0,548200.0
202,2021-10-11 06:28:31,22500.0,200.0,548000.0
203,2021-10-11 06:28:31,22500.0,800.0,547800.0
204,2021-10-11 06:28:23,22500.0,200.0,547000.0
205,2021-10-11 06:28:23,22500.0,200.0,546800.0
206,2021-10-11 06:28:23,22500.0,200.0,546600.0
207,2021-10-11 06:28:23,22500.0,100.0,546400.0
208,2021-10-11 06:28:23,22500.0,400.0,546300.0
209,2021-10-11 06:28:23,22500.0,500.0,545900.0
210,2021-10-11 06:28:23,22500.0,1300.0,545400.0
211,2021-10-11 06:28:11,22500.0,1700.0,544100.0
212,2021-10-11 06:28:11,22500.0,100.0,542400.0
213,2021-10-11 06:28:11,22500.0,200.0,542300.0
214,2021-10-11 06:28:11,22500.0,1000.0,542100.0
215,2021-10-11 06:28:11,22500.0,7000.0,541100.0
216,2021-10-11 06:28:06,22500.0,500.0,534100.0
217,2021-10-11 06:28:00,22500.0,1000.0,533600.0
218,2021-10-11 06:27:26,22500.0,1500.0,532600.0
219,2021-10-11 06:27:13,22500.0,100.0,531100.0
220,2021-10-11 06:27:13,22500.0,400.0,531000.0
221,2021-10-11 06:25:59,22500.0,500.0,530600.0
222,2021-10-11 06:25:45,22500.0,100.0,530100.0
223,2021-10-11 06:23:58,22600.0,100.0,530000.0
224,2021-10-11 06:22:26,22600.0,300.0,529900.0
225,2021-10-11 06:19:47,22600.0,200.0,529600.0
226,2021-10-11 06:19:47,22600.0,100.0,529400.0
227,2021-10-11 06:19:47,22600.0,100.0,529300.0
228,2021-10-11 06:19:47,22600.0,100.0,529200.0
229,2021-10-11 06:19:47,22600.0,800.0,529100.0
230,2021-10-11 06:19:47,22600.0,1000.0,528300.0
231,2021-10-11 06:19:47,22600.0,100.0,527300.0
232,2021-10-11 06:19:38,22600.0,300.0,527200.0
233,2021-10-11 06:19:23,22600.0,600.0,526900.0
234,2021-10-11 06:19:23,22600.0,100.0,526300.0
235,2021-10-11 06:19:03,22600.0,800.0,526200.0
236,2021-10-11 06:19:03,22600.0,1000.0,525400.0
237,2021-10-11 06:19:03,22600.0,200.0,524400.0
238,2021-10-11 06:19:03,22600.0,1000.0,524200.0
239,2021-10-11 06:19:03,22600.0,2000.0,523200.0
240,2021-10-11 06:18:39,22650.0,100.0,521200.0
241,2021-10-11 06:18:39,22650.0,100.0,521100.0
242,2021-10-11 06:18:39,22650.0,100.0,521000.0
243,2021-10-11 06:18:33,22650.0,500.0,520900.0
244,2021-10-11 06:18:28,22650.0,200.0,520400.0
245,2021-10-11 06:18:24,22650.0,2900.0,520200.0
246,2021-10-11 06:18:24,22650.0,100.0,517300.0
247,2021-10-11 06:18:24,22650.0,100.0,517200.0
248,2021-10-11 06:18:24,22650.0,1900.0,517100.0
249,2021-10-11 06:17:28,22650.0,3000.0,515200.0
250,2021-10-11 06:17:27,22650.0,100.0,512200.0
251,2021-10-11 06:17:27,22650.0,100.0,512100.0
252,2021-10-11 06:17:27,22650.0,100.0,512000.0
253,2021-10-11 06:17:27,22650.0,300.0,511900.0
254,2021-10-11 06:17:00,22650.0,3000.0,511600.0
255,2021-10-11 06:15:55,22700.0,400.0,508600.0
256,2021-10-11 06:15:35,22700.0,3700.0,508200.0
257,2021-10-11 06:15:35,22700.0,1300.0,504500.0
258,2021-10-11 06:15:27,22700.0,200.0,503200.0
259,2021-10-11 06:15:27,22700.0,100.0,503000.0
260,2021-10-11 06:15:24,22700.0,100.0,502900.0
261,2021-10-11 06:15:02,22700.0,1800.0,502800.0
262,2021-10-11 06:15:02,22700.0,500.0,501000.0
263,2021-10-11 06:15:02,22700.0,7700.0,500500.0
264,2021-10-11 06:14:32,22700.0,2000.0,492800.0
265,2021-10-11 06:14:12,22700.0,5000.0,490800.0
266,2021-10-11 06:13:34,22650.0,200.0,485800.0
267,2021-10-11 06:12:38,22650.0,100.0,485600.0
268,2021-10-11 06:12:31,22650.0,500.0,485500.0
269,2021-10-11 06:12:25,22650.0,900.0,485000.0
270,2021-10-11 06:12:25,22650.0,100.0,484100.0
271,2021-10-11 06:12:15,22650.0,1000.0,484000.0
272,2021-10-11 06:11:40,22650.0,100.0,483000.0
273,2021-10-11 06:11:38,22650.0,100.0,482900.0
274,2021-10-11 06:11:38,22650.0,100.0,482800.0
275,2021-10-11 06:11:38,22650.0,100.0,482700.0
276,2021-10-11 06:11:38,22650.0,300.0,482600.0
277,2021-10-11 06:11:38,22650.0,1000.0,482300.0
278,2021-10-11 06:11:38,22650.0,300.0,481300.0
279,2021-10-11 06:10:00,22650.0,100.0,481000.0
280,2021-10-11 06:09:25,22650.0,800.0,480900.0
281,2021-10-11 06:09:25,22650.0,3300.0,480100.0
282,2021-10-11 06:09:10,22650.0,1700.0,476800.0
283,2021-10-11 06:09:10,22650.0,600.0,475100.0
284,2021-10-11 06:09:10,22650.0,100.0,474500.0
285,2021-10-11 06:09:10,22650.0,2100.0,474400.0
286,2021-10-11 06:09:08,22650.0,100.0,472300.0
287,2021-10-11 06:09:05,22650.0,400.0,472200.0
288,2021-10-11 06:07:52,22650.0,300.0,471800.0
289,2021-10-11 06:06:28,22650.0,100.0,471500.0
290,2021-10-11 06:06:10,22650.0,500.0,471400.0
291,2021-10-11 06:05:10,22650.0,500.0,470900.0
292,2021-10-11 06:05:10,22650.0,300.0,470400.0
293,2021-10-11 06:05:10,22650.0,200.0,470100.0
294,2021-10-11 06:04:49,22650.0,300.0,469900.0
295,2021-10-11 06:03:10,22650.0,100.0,469600.0
296,2021-10-11 06:02:38,22650.0,100.0,469500.0
297,2021-10-11 06:02:22,22650.0,300.0,469400.0
298,2021-10-11 06:02:22,22650.0,200.0,469100.0
299,2021-10-11 06:02:22,22650.0,300.0,468900.0
300,2021-10-11 06:02:22,22650.0,2200.0,468600.0
301,2021-10-11 06:01:54,22650.0,1300.0,466400.0
302,2021-10-11 06:01:06,22650.0,500.0,465100.0
303,2021-10-11 06:00:50,22650.0,100.0,464600.0
304,2021-10-11 06:00:38,22650.0,300.0,464500.0
305,2021-10-11 06:00:37,22600.0,1000.0,464200.0
306,2021-10-11 06:00:37,22600.0,500.0,463200.0
307,2021-10-11 06:00:37,22600.0,4000.0,462700.0
308,2021-10-11 06:00:33,22650.0,1600.0,458700.0
309,2021-10-11 06:00:33,22650.0,100.0,457100.0
310,2021-10-11 06:00:27,22650.0,200.0,457000.0
311,2021-10-11 06:00:27,22650.0,5000.0,456800.0
312,2021-10-11 06:00:18,22600.0,1000.0,451800.0
313,2021-10-11 06:00:13,22650.0,500.0,450800.0
314,2021-10-11 06:00:09,22650.0,1000.0,450300.0
315,2021-10-11 06:00:08,22650.0,100.0,449300.0
316,2021-10-11 06:00:04,22650.0,1000.0,449200.0
317,2021-10-11 06:00:03,22650.0,500.0,448200.0
318,2021-10-11 06:00:01,22650.0,1000.0,447700.0
319,2021-10-11 06:00:01,22650.0,100.0,446700.0
320,2021-10-11 06:00:01,22650.0,200.0,446600.0
321,2021-10-11 06:00:01,22650.0,400.0,446400.0
322,2021-10-11 06:00:01,22650.0,500.0,446000.0
323,2021-10-11 06:00:01,22650.0,100.0,445500.0
324,2021-10-11 06:00:01,22700.0,100.0,445400.0
325,2021-10-11 06:00:00,22700.0,600.0,445300.0
326,2021-10-11 06:00:00,22650.0,400.0,444700.0
327,2021-10-11 04:29:37,22650.0,300.0,444300.0
328,2021-10-11 04:29:29,22650.0,300.0,444000.0
329,2021-10-11 04:28:07,22650.0,100.0,443700.0
330,2021-10-11 04:27:55,22650.0,900.0,443600.0
331,2021-10-11 04:27:45,22650.0,100.0,442700.0
332,2021-10-11 04:27:43,22650.0,1000.0,442600.0
333,2021-10-11 04:27:21,22650.0,100.0,441600.0
334,2021-10-11 04:27:12,22650.0,100.0,441500.0
335,2021-10-11 04:27:05,22650.0,700.0,441400.0
336,2021-10-11 04:27:00,22650.0,100.0,440700.0
337,2021-10-11 04:26:38,22650.0,100.0,440600.0
338,2021-10-11 04:26:28,22650.0,3000.0,440500.0
339,2021-10-11 04:26:10,22650.0,100.0,437500.0
340,2021-10-11 04:25:58,22650.0,1000.0,437400.0
341,2021-10-11 04:25:56,22650.0,500.0,436400.0
342,2021-10-11 04:25:54,22600.0,500.0,435900.0
343,2021-10-11 04:25:42,22650.0,200.0,435400.0
344,2021-10-11 04:25:42,22650.0,200.0,435200.0
345,2021-10-11 04:25:35,22650.0,100.0,435000.0
346,2021-10-11 04:25:26,22650.0,700.0,434900.0
347,2021-10-11 04:25:26,22650.0,300.0,434200.0
348,2021-10-11 04:25:08,22650.0,200.0,433900.0
349,2021-10-11 04:24:54,22650.0,100.0,433700.0
350,2021-10-11 04:24:46,22650.0,200.0,433600.0
351,2021-10-11 04:24:23,22650.0,200.0,433400.0
352,2021-10-11 04:24:16,22650.0,200.0,433200.0
353,2021-10-11 04:24:06,22650.0,900.0,433000.0
354,2021-10-11 04:23:00,22650.0,500.0,432100.0
355,2021-10-11 04:23:00,22650.0,400.0,431600.0
356,2021-10-11 04:22:26,22650.0,1000.0,431200.0
357,2021-10-11 04:22:15,22650.0,500.0,430200.0
358,2021-10-11 04:21:49,22650.0,100.0,429700.0
359,2021-10-11 04:21:49,22650.0,100.0,429600.0
360,2021-10-11 04:21:49,22650.0,1000.0,429500.0
361,2021-10-11 04:21:49,22650.0,100.0,428500.0
362,2021-10-11 04:21:49,22650.0,1700.0,428400.0
363,2021-10-11 04:21:10,22650.0,3300.0,426700.0
364,2021-10-11 04:21:10,22650.0,1700.0,423400.0
365,2021-10-11 04:20:32,22700.0,1300.0,421700.0
366,2021-10-11 04:19:41,22650.0,200.0,420400.0
367,2021-10-11 04:18:57,22650.0,300.0,420200.0
368,2021-10-11 04:18:57,22650.0,200.0,419900.0
369,2021-10-11 04:18:56,22700.0,300.0,419700.0
370,2021-10-11 04:18:16,22700.0,200.0,419400.0
371,2021-10-11 04:16:15,22700.0,800.0,419200.0
372,2021-10-11 04:15:24,22650.0,300.0,418400.0
373,2021-10-11 04:14:36,22700.0,1000.0,418100.0
374,2021-10-11 04:14:06,22650.0,500.0,417100.0
375,2021-10-11 04:14:06,22650.0,1000.0,416600.0
376,2021-10-11 04:13:57,22650.0,100.0,415600.0
377,2021-10-11 04:12:14,22650.0,3000.0,415500.0
378,2021-10-11 04:12:07,22650.0,900.0,412500.0
379,2021-10-11 04:12:07,22650.0,100.0,411600.0
380,2021-10-11 04:12:04,22650.0,100.0,411500.0
381,2021-10-11 04:10:54,22650.0,200.0,411400.0
382,2021-10-11 04:10:39,22700.0,5000.0,411200.0
383,2021-10-11 04:10:27,22650.0,200.0,406200.0
384,2021-10-11 04:09:52,22650.0,1000.0,406000.0
385,2021-10-11 04:09:48,22650.0,1000.0,405000.0
386,2021-10-11 04:08:54,22650.0,1400.0,404000.0
387,2021-10-11 04:08:54,22650.0,600.0,402600.0
388,2021-10-11 04:08:54,22650.0,1700.0,402000.0
389,2021-10-11 04:08:46,22700.0,3000.0,400300.0
390,2021-10-11 04:08:04,22700.0,2000.0,397300.0
391,2021-10-11 04:08:01,22650.0,2000.0,395300.0
392,2021-10-11 04:07:59,22700.0,1000.0,393300.0
393,2021-10-11 04:07:59,22700.0,200.0,392300.0
394,2021-10-11 04:07:59,22700.0,800.0,392100.0
395,2021-10-11 04:07:42,22700.0,700.0,391300.0
396,2021-10-11 04:07:42,22700.0,600.0,390600.0
397,2021-10-11 04:07:26,22650.0,1000.0,390000.0
398,2021-10-11 04:07:25,22650.0,500.0,389000.0
399,2021-10-11 04:07:24,22650.0,500.0,388500.0
400,2021-10-11 04:06:55,22650.0,1000.0,388000.0
401,2021-10-11 04:06:34,22650.0,400.0,387000.0
402,2021-10-11 04:06:34,22650.0,2900.0,386600.0
403,2021-10-11 04:05:57,22600.0,500.0,383700.0
404,2021-10-11 04:04:53,22600.0,100.0,383200.0
405,2021-10-11 04:04:42,22650.0,1000.0,383100.0
406,2021-10-11 04:04:42,22650.0,3000.0,382100.0
407,2021-10-11 04:04:42,22650.0,3100.0,379100.0
408,2021-10-11 04:04:03,22650.0,1000.0,376000.0
409,2021-10-11 04:02:35,22750.0,100.0,375000.0
410,2021-10-11 04:02:18,22650.0,200.0,374900.0
411,2021-10-11 04:02:18,22600.0,700.0,374700.0
412,2021-10-11 04:02:17,22600.0,100.0,374000.0
413,2021-10-11 04:01:59,22600.0,200.0,373900.0
414,2021-10-11 04:01:48,22750.0,1200.0,373700.0
415,2021-10-11 04:01:48,22750.0,2000.0,372500.0
416,2021-10-11 04:01:48,22750.0,200.0,370500.0
417,2021-10-11 04:01:48,22700.0,1000.0,370300.0
418,2021-10-11 04:01:48,22700.0,300.0,369300.0
419,2021-10-11 04:01:48,22700.0,300.0,369000.0
420,2021-10-11 04:01:40,22600.0,300.0,368700.0
421,2021-10-11 04:01:40,22600.0,100.0,368400.0
422,2021-10-11 04:01:40,22600.0,600.0,368300.0
423,2021-10-11 04:00:45,22600.0,2000.0,367700.0
424,2021-10-11 04:00:11,22600.0,400.0,365700.0
425,2021-10-11 04:00:11,22600.0,1200.0,365300.0
426,2021-10-11 03:59:58,22600.0,3000.0,364100.0
427,2021-10-11 03:59:49,22650.0,100.0,361100.0
428,2021-10-11 03:59:49,22650.0,100.0,361000.0
429,2021-10-11 03:59:42,22650.0,200.0,360900.0
430,2021-10-11 03:59:41,22650.0,100.0,360700.0
431,2021-10-11 03:59:07,22650.0,5000.0,360600.0
432,2021-10-11 03:58:42,22800.0,500.0,355600.0
433,2021-10-11 03:58:39,22800.0,2000.0,355100.0
434,2021-10-11 03:58:30,22800.0,300.0,353100.0
435,2021-10-11 03:58:23,22800.0,100.0,352800.0
436,2021-10-11 03:58:19,22800.0,400.0,352700.0
437,2021-10-11 03:58:07,22800.0,100.0,352300.0
438,2021-10-11 03:58:07,22800.0,2800.0,352200.0
439,2021-10-11 03:57:58,22900.0,700.0,349400.0
440,2021-10-11 03:57:58,22900.0,1300.0,348700.0
441,2021-10-11 03:57:50,22800.0,5000.0,347400.0
442,2021-10-11 03:57:50,22900.0,200.0,342400.0
443,2021-10-11 03:57:44,22800.0,200.0,342200.0
444,2021-10-11 03:57:41,22900.0,1000.0,342000.0
445,2021-10-11 03:57:26,22800.0,200.0,341000.0
446,2021-10-11 03:57:25,22800.0,100.0,340800.0
447,2021-10-11 03:57:25,22800.0,200.0,340700.0
448,2021-10-11 03:57:25,22800.0,1000.0,340500.0
449,2021-10-11 03:57:25,22800.0,10000.0,339500.0
450,2021-10-11 03:57:25,22800.0,500.0,329500.0
451,2021-10-11 03:57:03,22650.0,500.0,329000.0
452,2021-10-11 03:56:41,22600.0,300.0,328500.0
453,2021-10-11 03:56:41,22600.0,500.0,328200.0
454,2021-10-11 03:56:33,22600.0,1100.0,327700.0
455,2021-10-11 03:56:33,22600.0,1000.0,326600.0
456,2021-10-11 03:56:33,22600.0,400.0,325600.0
457,2021-10-11 03:56:33,22600.0,1000.0,325200.0
458,2021-10-11 03:56:28,22500.0,100.0,324200.0
459,2021-10-11 03:56:28,22500.0,100.0,324100.0
460,2021-10-11 03:56:28,22500.0,800.0,324000.0
461,2021-10-11 03:56:28,22500.0,4200.0,323200.0
462,2021-10-11 03:56:28,22500.0,200.0,319000.0
463,2021-10-11 03:56:28,22500.0,100.0,318800.0
464,2021-10-11 03:56:28,22500.0,500.0,318700.0
465,2021-10-11 03:56:23,22500.0,500.0,318200.0
466,2021-10-11 03:56:23,22500.0,500.0,317700.0
467,2021-10-11 03:56:23,22500.0,300.0,317200.0
468,2021-10-11 03:56:06,22400.0,500.0,316900.0
469,2021-10-11 03:56:06,22400.0,100.0,316400.0
470,2021-10-11 03:56:06,22400.0,100.0,316300.0
471,2021-10-11 03:56:06,22400.0,200.0,316200.0
472,2021-10-11 03:56:06,22400.0,500.0,316000.0
473,2021-10-11 03:56:06,22400.0,200.0,315500.0
474,2021-10-11 03:56:06,22400.0,300.0,315300.0
475,2021-10-11 03:55:56,22400.0,1700.0,315000.0
476,2021-10-11 03:55:56,22400.0,100.0,313300.0
477,2021-10-11 03:55:56,22400.0,1000.0,313200.0
478,2021-10-11 03:55:56,22400.0,100.0,312200.0
479,2021-10-11 03:55:56,22400.0,1100.0,312100.0
480,2021-10-11 03:55:48,22350.0,100.0,311000.0
481,2021-10-11 03:55:46,22350.0,400.0,310900.0
482,2021-10-11 03:55:18,22300.0,100.0,310500.0
483,2021-10-11 03:55:18,22300.0,1000.0,310400.0
484,2021-10-11 03:55:18,22300.0,3900.0,309400.0
485,2021-10-11 03:54:44,22300.0,100.0,305500.0
486,2021-10-11 03:54:44,22300.0,900.0,305400.0
487,2021-10-11 03:54:16,22250.0,300.0,304500.0
488,2021-10-11 03:54:16,22250.0,100.0,304200.0
489,2021-10-11 03:54:05,22250.0,100.0,304100.0
490,2021-10-11 03:53:40,22250.0,100.0,304000.0
491,2021-10-11 03:53:28,22200.0,100.0,303900.0
492,2021-10-11 03:53:22,22250.0,200.0,303800.0
493,2021-10-11 03:52:57,22200.0,1100.0,303600.0
494,2021-10-11 03:52:57,22200.0,500.0,302500.0
495,2021-10-11 03:52:53,22200.0,100.0,302000.0
496,2021-10-11 03:52:04,22100.0,100.0,301900.0
497,2021-10-11 03:51:49,22100.0,100.0,301800.0
498,2021-10-11 03:50:22,22000.0,600.0,301700.0
499,2021-10-11 03:49:45,22000.0,100.0,301100.0
500,2021-10-11 03:48:37,22000.0,100.0,301000.0
501,2021-10-11 03:47:07,22000.0,1000.0,300900.0
502,2021-10-11 03:46:16,22200.0,200.0,299900.0
503,2021-10-11 03:46:00,22200.0,100.0,299700.0
504,2021-10-11 03:45:59,22200.0,1200.0,299600.0
505,2021-10-11 03:45:59,22200.0,800.0,298400.0
506,2021-10-11 03:45:59,22100.0,2000.0,297600.0
507,2021-10-11 03:45:59,22100.0,1000.0,295600.0
508,2021-10-11 03:45:29,22000.0,200.0,294600.0
509,2021-10-11 03:43:38,22000.0,3000.0,294400.0
510,2021-10-11 03:43:38,22000.0,1000.0,291400.0
511,2021-10-11 03:43:38,22000.0,2400.0,290400.0
512,2021-10-11 03:40:56,22000.0,200.0,288000.0
513,2021-10-11 03:40:56,22000.0,200.0,287800.0
514,2021-10-11 03:40:56,22000.0,1000.0,287600.0
515,2021-10-11 03:40:56,22000.0,100.0,286600.0
516,2021-10-11 03:40:56,22000.0,1600.0,286500.0
517,2021-10-11 03:40:23,22000.0,100.0,284900.0
518,2021-10-11 03:39:52,22000.0,500.0,284800.0
519,2021-10-11 03:39:48,22000.0,500.0,284300.0
520,2021-10-11 03:39:30,22000.0,3000.0,283800.0
521,2021-10-11 03:39:21,22000.0,1000.0,280800.0
522,2021-10-11 03:38:43,22000.0,2000.0,279800.0
523,2021-10-11 03:36:41,22000.0,300.0,277800.0
524,2021-10-11 03:36:41,22000.0,800.0,277500.0
525,2021-10-11 03:36:18,22000.0,100.0,276700.0
526,2021-10-11 03:36:18,22000.0,1100.0,276600.0
527,2021-10-11 03:35:32,22000.0,1900.0,275500.0
528,2021-10-11 03:35:32,22000.0,100.0,273600.0
529,2021-10-11 03:35:32,22000.0,200.0,273500.0
530,2021-10-11 03:35:32,22000.0,1500.0,273300.0
531,2021-10-11 03:35:32,22000.0,500.0,271800.0
532,2021-10-11 03:35:32,22000.0,300.0,271300.0
533,2021-10-11 03:35:32,22000.0,500.0,271000.0
534,2021-10-11 03:34:35,22000.0,100.0,270500.0
535,2021-10-11 03:34:09,21900.0,3000.0,270400.0
536,2021-10-11 03:33:46,21950.0,500.0,267400.0
537,2021-10-11 03:33:34,21900.0,200.0,266900.0
538,2021-10-11 03:33:34,21900.0,600.0,266700.0
539,2021-10-11 03:33:34,21900.0,500.0,266100.0
540,2021-10-11 03:33:34,21900.0,700.0,265600.0
541,2021-10-11 03:33:18,21900.0,5000.0,264900.0
542,2021-10-11 03:33:11,21900.0,5000.0,259900.0
543,2021-10-11 03:32:39,21900.0,4700.0,254900.0
544,2021-10-11 03:32:39,21900.0,100.0,250200.0
545,2021-10-11 03:32:39,21900.0,200.0,250100.0
546,2021-10-11 03:32:06,21900.0,300.0,249900.0
547,2021-10-11 03:32:06,21900.0,700.0,249600.0
548,2021-10-11 03:31:58,21900.0,3000.0,248900.0
549,2021-10-11 03:31:57,21900.0,100.0,245900.0
550,2021-10-11 03:31:35,21900.0,100.0,245800.0
551,2021-10-11 03:30:55,21900.0,1500.0,245700.0
552,2021-10-11 03:27:39,21850.0,2000.0,244200.0
553,2021-10-11 03:27:07,21850.0,300.0,242200.0
554,2021-10-11 03:26:38,21850.0,2000.0,241900.0
555,2021-10-11 03:26:38,21850.0,300.0,239900.0
556,2021-10-11 03:24:50,21850.0,200.0,239600.0
557,2021-10-11 03:24:16,21850.0,500.0,239400.0
558,2021-10-11 03:23:19,21850.0,200.0,238900.0
559,2021-10-11 03:23:00,21850.0,600.0,238700.0
560,2021-10-11 03:22:50,21850.0,100.0,238100.0
561,2021-10-11 03:22:26,21850.0,100.0,238000.0
562,2021-10-11 03:19:01,21800.0,300.0,237900.0
563,2021-10-11 03:19:01,21800.0,3700.0,237600.0
564,2021-10-11 03:17:59,21800.0,500.0,233900.0
565,2021-10-11 03:15:33,21800.0,200.0,233400.0
566,2021-10-11 03:14:48,21850.0,300.0,233200.0
567,2021-10-11 03:14:01,21850.0,500.0,232900.0
568,2021-10-11 03:13:48,21800.0,300.0,232400.0
569,2021-10-11 03:12:30,21800.0,100.0,232100.0
570,2021-10-11 03:12:30,21800.0,200.0,232000.0
571,2021-10-11 03:11:58,21800.0,300.0,231800.0
572,2021-10-11 03:11:58,21800.0,500.0,231500.0
573,2021-10-11 03:11:58,21800.0,200.0,231000.0
574,2021-10-11 03:11:33,21800.0,100.0,230800.0
575,2021-10-11 03:10:55,21800.0,200.0,230700.0
576,2021-10-11 03:10:55,21800.0,1800.0,230500.0
577,2021-10-11 03:10:50,21800.0,100.0,228700.0
578,2021-10-11 03:10:34,21800.0,1000.0,228600.0
579,2021-10-11 03:09:03,21800.0,1000.0,227600.0
580,2021-10-11 03:08:06,21800.0,100.0,226600.0
581,2021-10-11 03:06:53,21750.0,1400.0,226500.0
582,2021-10-11 03:06:53,21750.0,300.0,225100.0
583,2021-10-11 03:06:53,21750.0,300.0,224800.0
584,2021-10-11 03:06:28,21800.0,200.0,224500.0
585,2021-10-11 03:06:07,21750.0,1700.0,224300.0
586,2021-10-11 03:06:07,21750.0,100.0,222600.0
587,2021-10-11 03:06:07,21750.0,200.0,222500.0
588,2021-10-11 03:05:48,21800.0,300.0,222300.0
589,2021-10-11 03:03:09,21800.0,300.0,222000.0
590,2021-10-11 03:02:43,21800.0,100.0,221700.0
591,2021-10-11 03:01:06,21800.0,100.0,221600.0
592,2021-10-11 03:00:52,21800.0,100.0,221500.0
593,2021-10-11 02:55:32,21700.0,200.0,221400.0
594,2021-10-11 02:55:32,21700.0,500.0,221200.0
595,2021-10-11 02:55:32,21700.0,100.0,220700.0
596,2021-10-11 02:55:32,21700.0,600.0,220600.0
597,2021-10-11 02:55:32,21700.0,300.0,220000.0
598,2021-10-11 02:52:22,21700.0,1000.0,219700.0
599,2021-10-11 02:52:18,21700.0,1000.0,218700.0
600,2021-10-11 02:52:08,21700.0,700.0,217700.0
601,2021-10-11 02:51:30,21700.0,1000.0,217000.0
602,2021-10-11 02:51:14,21700.0,100.0,216000.0
603,2021-10-11 02:51:14,21700.0,100.0,215900.0
604,2021-10-11 02:51:14,21700.0,1000.0,215800.0
605,2021-10-11 02:51:14,21700.0,1000.0,214800.0
606,2021-10-11 02:51:14,21700.0,500.0,213800.0
607,2021-10-11 02:51:14,21700.0,200.0,213300.0
608,2021-10-11 02:51:14,21700.0,500.0,213100.0
609,2021-10-11 02:51:14,21700.0,100.0,212600.0
610,2021-10-11 02:51:14,21700.0,400.0,212500.0
611,2021-10-11 02:51:14,21700.0,100.0,212100.0
612,2021-10-11 02:51:14,21700.0,500.0,212000.0
613,2021-10-11 02:51:14,21700.0,200.0,211500.0
614,2021-10-11 02:51:14,21700.0,500.0,211300.0
615,2021-10-11 02:51:14,21700.0,100.0,210800.0
616,2021-10-11 02:51:14,21700.0,10000.0,210700.0
617,2021-10-11 02:51:14,21700.0,300.0,200700.0
618,2021-10-11 02:51:14,21700.0,100.0,200400.0
619,2021-10-11 02:51:14,21700.0,1000.0,200300.0
620,2021-10-11 02:51:14,21700.0,500.0,199300.0
621,2021-10-11 02:51:14,21700.0,2000.0,198800.0
622,2021-10-11 02:51:14,21700.0,200.0,196800.0
623,2021-10-11 02:51:14,21700.0,1000.0,196600.0
624,2021-10-11 02:51:14,21750.0,4200.0,195600.0
625,2021-10-11 02:51:14,21750.0,200.0,191400.0
626,2021-10-11 02:51:14,21750.0,100.0,191200.0
627,2021-10-11 02:50:37,21750.0,100.0,191100.0
628,2021-10-11 02:50:37,21750.0,400.0,191000.0
629,2021-10-11 02:49:49,21750.0,600.0,190600.0
630,2021-10-11 02:48:59,21750.0,100.0,190000.0
631,2021-10-11 02:48:59,21750.0,100.0,189900.0
632,2021-10-11 02:48:49,21750.0,300.0,189800.0
633,2021-10-11 02:48:43,21750.0,2200.0,189500.0
634,2021-10-11 02:48:28,21750.0,300.0,187300.0
635,2021-10-11 02:48:11,21750.0,1000.0,187000.0
636,2021-10-11 02:47:56,21750.0,2300.0,186000.0
637,2021-10-11 02:47:24,21750.0,300.0,183700.0
638,2021-10-11 02:47:16,21750.0,100.0,183400.0
639,2021-10-11 02:47:11,21750.0,100.0,183300.0
640,2021-10-11 02:47:11,21750.0,400.0,183200.0
641,2021-10-11 02:47:11,21750.0,500.0,182800.0
642,2021-10-11 02:47:11,21750.0,4000.0,182300.0
643,2021-10-11 02:47:11,21750.0,500.0,178300.0
644,2021-10-11 02:47:11,21750.0,1800.0,177800.0
645,2021-10-11 02:47:11,21800.0,200.0,176000.0
646,2021-10-11 02:46:50,21750.0,1200.0,175800.0
647,2021-10-11 02:46:50,21750.0,500.0,174600.0
648,2021-10-11 02:46:28,21800.0,100.0,174100.0
649,2021-10-11 02:46:27,21800.0,200.0,174000.0
650,2021-10-11 02:46:10,21800.0,100.0,173800.0
651,2021-10-11 02:44:27,21750.0,1500.0,173700.0
652,2021-10-11 02:44:18,21800.0,100.0,172200.0
653,2021-10-11 02:44:14,21800.0,500.0,172100.0
654,2021-10-11 02:44:14,21800.0,300.0,171600.0
655,2021-10-11 02:44:14,21800.0,100.0,171300.0
656,2021-10-11 02:44:14,21800.0,100.0,171200.0
657,2021-10-11 02:44:14,21800.0,5000.0,171100.0
658,2021-10-11 02:44:14,21800.0,500.0,166100.0
659,2021-10-11 02:44:14,21800.0,100.0,165600.0
660,2021-10-11 02:44:14,21800.0,1000.0,165500.0
661,2021-10-11 02:44:14,21800.0,1000.0,164500.0
662,2021-10-11 02:44:11,21800.0,400.0,163500.0
663,2021-10-11 02:44:11,21800.0,300.0,163100.0
664,2021-10-11 02:44:11,21800.0,100.0,162800.0
665,2021-10-11 02:44:11,21800.0,200.0,162700.0
666,2021-10-11 02:43:20,21900.0,200.0,162500.0
667,2021-10-11 02:43:04,21900.0,100.0,162300.0
668,2021-10-11 02:42:34,21900.0,500.0,162200.0
669,2021-10-11 02:42:18,21900.0,200.0,161700.0
670,2021-10-11 02:42:18,21900.0,200.0,161500.0
671,2021-10-11 02:42:18,21900.0,200.0,161300.0
672,2021-10-11 02:42:18,21900.0,1000.0,161100.0
673,2021-10-11 02:42:18,21900.0,600.0,160100.0
674,2021-10-11 02:42:18,21900.0,1600.0,159500.0
675,2021-10-11 02:42:11,22000.0,200.0,157900.0
676,2021-10-11 02:41:49,21900.0,300.0,157700.0
677,2021-10-11 02:41:49,21900.0,100.0,157400.0
678,2021-10-11 02:39:49,22000.0,300.0,157300.0
679,2021-10-11 02:39:30,22000.0,3100.0,157000.0
680,2021-10-11 02:39:30,22050.0,2000.0,153900.0
681,2021-10-11 02:39:03,22000.0,100.0,151900.0
682,2021-10-11 02:39:03,22000.0,300.0,151800.0
683,2021-10-11 02:39:03,22000.0,100.0,151500.0
684,2021-10-11 02:39:03,22000.0,200.0,151400.0
685,2021-10-11 02:39:03,22000.0,1000.0,151200.0
686,2021-10-11 02:39:03,22000.0,200.0,150200.0
687,2021-10-11 02:38:39,22000.0,100.0,150000.0
688,2021-10-11 02:38:39,22000.0,900.0,149900.0
689,2021-10-11 02:38:37,21950.0,600.0,149000.0
690,2021-10-11 02:37:57,21950.0,200.0,148400.0
691,2021-10-11 02:37:38,22000.0,500.0,148200.0
692,2021-10-11 02:37:35,22000.0,100.0,147700.0
693,2021-10-11 02:36:48,22000.0,100.0,147600.0
694,2021-10-11 02:36:31,22000.0,1400.0,147500.0
695,2021-10-11 02:36:31,22000.0,100.0,146100.0
696,2021-10-11 02:36:31,22000.0,1000.0,146000.0
697,2021-10-11 02:36:31,22000.0,5000.0,145000.0
698,2021-10-11 02:36:31,22000.0,500.0,140000.0
699,2021-10-11 02:36:31,22000.0,1400.0,139500.0
700,2021-10-11 02:36:31,22000.0,200.0,138100.0
701,2021-10-11 02:36:31,21900.0,200.0,137900.0
702,2021-10-11 02:36:31,21900.0,200.0,137700.0
703,2021-10-11 02:36:24,21800.0,500.0,137500.0
704,2021-10-11 02:35:13,21800.0,100.0,137000.0
705,2021-10-11 02:35:13,21800.0,100.0,136900.0
706,2021-10-11 02:35:13,21800.0,100.0,136800.0
707,2021-10-11 02:35:10,21800.0,1000.0,136700.0
708,2021-10-11 02:35:10,21800.0,2200.0,135700.0
709,2021-10-11 02:34:51,21800.0,1000.0,133500.0
710,2021-10-11 02:34:46,21800.0,5000.0,132500.0
711,2021-10-11 02:34:32,21800.0,1500.0,127500.0
712,2021-10-11 02:32:50,21800.0,700.0,126000.0
713,2021-10-11 02:32:50,21800.0,2000.0,125300.0
714,2021-10-11 02:32:50,21700.0,200.0,123300.0
715,2021-10-11 02:32:50,21700.0,1600.0,123100.0
716,2021-10-11 02:32:35,21700.0,300.0,121500.0
717,2021-10-11 02:32:23,21500.0,600.0,121200.0
718,2021-10-11 02:32:23,21500.0,1000.0,120600.0
719,2021-10-11 02:32:23,21500.0,100.0,119600.0
720,2021-10-11 02:32:23,21500.0,1000.0,119500.0
721,2021-10-11 02:32:23,21500.0,500.0,118500.0
722,2021-10-11 02:32:23,21550.0,200.0,118000.0
723,2021-10-11 02:32:23,21550.0,2000.0,117800.0
724,2021-10-11 02:32:23,21550.0,500.0,115800.0
725,2021-10-11 02:32:23,21600.0,500.0,115300.0
726,2021-10-11 02:32:23,21600.0,100.0,114800.0
727,2021-10-11 02:32:23,21600.0,1100.0,114700.0
728,2021-10-11 02:32:23,21600.0,100.0,113600.0
729,2021-10-11 02:32:23,21600.0,400.0,113500.0
730,2021-10-11 02:32:23,21600.0,100.0,113100.0
731,2021-10-11 02:32:23,21600.0,100.0,113000.0
732,2021-10-11 02:32:23,21600.0,1000.0,112900.0
733,2021-10-11 02:32:23,21600.0,100.0,111900.0
734,2021-10-11 02:32:23,21700.0,100.0,111800.0
735,2021-10-11 02:32:06,21700.0,200.0,111700.0
736,2021-10-11 02:32:05,21700.0,100.0,111500.0
737,2021-10-11 02:31:53,21700.0,400.0,111400.0
738,2021-10-11 02:31:53,21700.0,600.0,111000.0
739,2021-10-11 02:31:20,21700.0,200.0,110400.0
740,2021-10-11 02:31:19,21700.0,1000.0,110200.0
741,2021-10-11 02:31:19,21700.0,200.0,109200.0
742,2021-10-11 02:31:15,21800.0,100.0,109000.0
743,2021-10-11 02:31:12,21700.0,100.0,108900.0
744,2021-10-11 02:31:12,21700.0,100.0,108800.0
745,2021-10-11 02:31:12,21700.0,200.0,108700.0
746,2021-10-11 02:31:11,21700.0,200.0,108500.0
747,2021-10-11 02:31:11,21700.0,1200.0,108300.0
748,2021-10-11 02:31:10,21800.0,300.0,107100.0
749,2021-10-11 02:31:05,21700.0,800.0,106800.0
750,2021-10-11 02:31:03,21800.0,500.0,106000.0
751,2021-10-11 02:30:51,21800.0,500.0,105500.0
752,2021-10-11 02:30:41,21800.0,300.0,105000.0
753,2021-10-11 02:30:41,21800.0,100.0,104700.0
754,2021-10-11 02:30:41,21800.0,100.0,104600.0
755,2021-10-11 02:30:41,21800.0,100.0,104500.0
756,2021-10-11 02:30:41,21800.0,500.0,104400.0
757,2021-10-11 02:30:41,21800.0,500.0,103900.0
758,2021-10-11 02:30:32,21800.0,300.0,103400.0
759,2021-10-11 02:30:13,21800.0,200.0,103100.0
760,2021-10-11 02:30:13,21800.0,100.0,102900.0
761,2021-10-11 02:30:13,21800.0,200.0,102800.0
762,2021-10-11 02:30:13,21800.0,300.0,102600.0
763,2021-10-11 02:30:13,21800.0,200.0,102300.0
764,2021-10-11 02:29:59,21800.0,200.0,102100.0
765,2021-10-11 02:29:54,22000.0,100.0,101900.0
766,2021-10-11 02:29:38,22000.0,500.0,101800.0
767,2021-10-11 02:29:35,21800.0,100.0,101300.0
768,2021-10-11 02:28:46,22000.0,200.0,101200.0
769,2021-10-11 02:28:45,22000.0,800.0,101000.0
770,2021-10-11 02:28:45,22000.0,200.0,100200.0
771,2021-10-11 02:28:35,22000.0,100.0,100000.0
772,2021-10-11 02:28:28,22000.0,500.0,99900.0
773,2021-10-11 02:28:26,22000.0,200.0,99400.0
774,2021-10-11 02:28:23,22000.0,3300.0,99200.0
775,2021-10-11 02:28:23,22000.0,1000.0,95900.0
776,2021-10-11 02:28:23,22000.0,700.0,94900.0
777,2021-10-11 02:27:41,22000.0,1300.0,94200.0
778,2021-10-11 02:27:41,22000.0,100.0,92900.0
779,2021-10-11 02:27:41,22000.0,200.0,92800.0
780,2021-10-11 02:27:41,22000.0,400.0,92600.0
781,2021-10-11 02:27:34,22000.0,200.0,92200.0
782,2021-10-11 02:26:58,22000.0,100.0,92000.0
783,2021-10-11 02:26:19,22000.0,100.0,91900.0
784,2021-10-11 02:26:12,21500.0,200.0,91800.0
785,2021-10-11 02:26:12,21500.0,200.0,91600.0
786,2021-10-11 02:26:12,21600.0,500.0,91400.0
787,2021-10-11 02:26:12,21600.0,1000.0,90900.0
788,2021-10-11 02:26:12,21700.0,100.0,89900.0
789,2021-10-11 02:26:12,21800.0,2000.0,89800.0
790,2021-10-11 02:26:12,21800.0,100.0,87800.0
791,2021-10-11 02:26:12,21800.0,500.0,87700.0
792,2021-10-11 02:26:12,21900.0,100.0,87200.0
793,2021-10-11 02:26:12,21900.0,100.0,87100.0
794,2021-10-11 02:26:12,22000.0,200.0,87000.0
795,2021-10-11 02:26:02,22000.0,800.0,86800.0
796,2021-10-11 02:26:02,22000.0,500.0,86000.0
797,2021-10-11 02:26:02,22000.0,100.0,85500.0
798,2021-10-11 02:26:02,22000.0,200.0,85400.0
799,2021-10-11 02:26:02,22000.0,1200.0,85200.0
800,2021-10-11 02:25:57,22000.0,700.0,84000.0
801,2021-10-11 02:25:46,22000.0,100.0,83300.0
802,2021-10-11 02:25:46,22000.0,2000.0,83200.0
803,2021-10-11 02:25:46,22000.0,500.0,81200.0
804,2021-10-11 02:25:46,22000.0,100.0,80700.0
805,2021-10-11 02:25:46,22000.0,200.0,80600.0
806,2021-10-11 02:25:46,22000.0,200.0,80400.0
807,2021-10-11 02:25:46,22000.0,100.0,80200.0
808,2021-10-11 02:25:46,22000.0,1300.0,80100.0
809,2021-10-11 02:25:45,22100.0,300.0,78800.0
810,2021-10-11 02:25:37,22000.0,700.0,78500.0
811,2021-10-11 02:25:37,22000.0,500.0,77800.0
812,2021-10-11 02:25:37,22000.0,2000.0,77300.0
813,2021-10-11 02:25:37,22000.0,100.0,75300.0
814,2021-10-11 02:25:37,22000.0,1000.0,75200.0
815,2021-10-11 02:25:37,22000.0,700.0,74200.0
816,2021-10-11 02:25:37,22000.0,100.0,73500.0
817,2021-10-11 02:25:37,22000.0,100.0,73400.0
818,2021-10-11 02:25:37,22000.0,100.0,73300.0
819,2021-10-11 02:25:37,22000.0,2000.0,73200.0
820,2021-10-11 02:25:37,22000.0,100.0,71200.0
821,2021-10-11 02:25:37,22000.0,100.0,71100.0
822,2021-10-11 02:25:30,22100.0,100.0,71000.0
823,2021-10-11 02:25:30,22100.0,100.0,70900.0
824,2021-10-11 02:25:22,22100.0,1000.0,70800.0
825,2021-10-11 02:25:05,22200.0,200.0,69800.0
826,2021-10-11 02:24:50,22250.0,800.0,69600.0
827,2021-10-11 02:24:50,22250.0,200.0,68800.0
828,2021-10-11 02:24:45,22200.0,500.0,68600.0
829,2021-10-11 02:24:45,22200.0,6500.0,68100.0
830,2021-10-11 02:24:41,22200.0,500.0,61600.0
831,2021-10-11 02:24:38,22200.0,1000.0,61100.0
832,2021-10-11 02:24:34,22200.0,1000.0,60100.0
833,2021-10-11 02:24:04,22200.0,1000.0,59100.0
834,2021-10-11 02:23:57,22200.0,1000.0,58100.0
835,2021-10-11 02:23:48,22200.0,100.0,57100.0
836,2021-10-11 02:23:40,22200.0,200.0,57000.0
837,2021-10-11 02:23:18,22200.0,400.0,56800.0
838,2021-10-11 02:23:17,22200.0,1300.0,56400.0
839,2021-10-11 02:23:16,22200.0,3500.0,55100.0
840,2021-10-11 02:23:10,22200.0,800.0,51600.0
841,2021-10-11 02:23:10,22250.0,300.0,50800.0
842,2021-10-11 02:23:07,22200.0,100.0,50500.0
843,2021-10-11 02:22:55,22200.0,4100.0,50400.0
844,2021-10-11 02:22:55,22200.0,300.0,46300.0
845,2021-10-11 02:22:55,22200.0,500.0,46000.0
846,2021-10-11 02:22:55,22200.0,100.0,45500.0
847,2021-10-11 02:22:55,22200.0,5000.0,45400.0
848,2021-10-11 02:22:54,22200.0,1000.0,40400.0
849,2021-10-11 02:22:52,22250.0,100.0,39400.0
850,2021-10-11 02:22:44,22250.0,100.0,39300.0
851,2021-10-11 02:22:44,22250.0,1700.0,39200.0
852,2021-10-11 02:22:38,22250.0,400.0,37500.0
853,2021-10-11 02:22:37,22300.0,100.0,37100.0
854,2021-10-11 02:22:22,22300.0,300.0,37000.0
855,2021-10-11 02:22:19,22250.0,500.0,36700.0
856,2021-10-11 02:22:17,22300.0,100.0,36200.0
857,2021-10-11 02:21:54,22250.0,400.0,36100.0
858,2021-10-11 02:21:47,22250.0,100.0,35700.0
859,2021-10-11 02:21:47,22250.0,200.0,35600.0
860,2021-10-11 02:21:37,22300.0,500.0,35400.0
861,2021-10-11 02:21:28,22250.0,100.0,34900.0
862,2021-10-11 02:21:13,22300.0,500.0,34800.0
863,2021-10-11 02:20:49,22300.0,300.0,34300.0
864,2021-10-11 02:20:27,22300.0,2000.0,34000.0
865,2021-10-11 02:19:57,22300.0,2000.0,32000.0
866,2021-10-11 02:19:48,22300.0,400.0,30000.0
867,2021-10-11 02:19:43,22300.0,100.0,29600.0
868,2021-10-11 02:19:43,22300.0,200.0,29500.0
869,2021-10-11 02:19:43,22300.0,200.0,29300.0
870,2021-10-11 02:19:43,22300.0,1000.0,29100.0
871,2021-10-11 02:19:43,22300.0,1200.0,28100.0
872,2021-10-11 02:19:43,22300.0,100.0,26900.0
873,2021-10-11 02:19:43,22300.0,100.0,26800.0
874,2021-10-11 02:19:38,22350.0,500.0,26700.0
875,2021-10-11 02:19:24,22300.0,100.0,26200.0
876,2021-10-11 02:19:24,22300.0,900.0,26100.0
877,2021-10-11 02:19:00,22400.0,500.0,25200.0
878,2021-10-11 02:19:00,22400.0,100.0,24700.0
879,2021-10-11 02:18:54,22300.0,400.0,24600.0
880,2021-10-11 02:18:52,22350.0,500.0,24200.0
881,2021-10-11 02:18:52,22350.0,1000.0,23700.0
882,2021-10-11 02:18:36,22400.0,500.0,22700.0
883,2021-10-11 02:17:57,22300.0,100.0,22200.0
884,2021-10-11 02:17:51,22300.0,200.0,22100.0
885,2021-10-11 02:17:43,22350.0,100.0,21900.0
886,2021-10-11 02:17:27,22350.0,400.0,21800.0
887,2021-10-11 02:16:59,22350.0,200.0,21400.0
888,2021-10-11 02:16:50,22300.0,700.0,21200.0
889,2021-10-11 02:16:49,22300.0,2700.0,20500.0
890,2021-10-11 02:16:49,22300.0,300.0,17800.0
891,2021-10-11 02:16:47,22350.0,900.0,17500.0
892,2021-10-11 02:16:47,22350.0,100.0,16600.0
893,2021-10-11 02:16:11,22350.0,1000.0,16500.0
894,2021-10-11 02:15:40,22400.0,400.0,15500.0
895,2021-10-11 02:15:40,22400.0,900.0,15100.0
896,2021-10-11 02:15:40,22400.0,100.0,14200.0
897,2021-10-11 02:15:40,22400.0,1000.0,14100.0
898,2021-10-11 02:15:40,22400.0,1700.0,13100.0
899,2021-10-11 02:15:00,22400.0,1000.0,11400.0
900,2021-10-11 02:15:00,22400.0,1000.0,10400.0
901,2021-10-11 02:15:00,22400.0,1300.0,9400.0
902,2021-10-11 02:15:00,22400.0,500.0,8100.0
903,2021-10-11 02:15:00,22400.0,200.0,7600.0
904,2021-10-11 02:15:00,22400.0,300.0,7400.0
905,2021-10-11 02:15:00,22400.0,1000.0,7100.0
906,2021-10-11 02:15:00,22400.0,1000.0,6100.0
907,2021-10-11 02:15:00,22400.0,300.0,5100.0
908,2021-10-11 02:15:00,22400.0,500.0,4800.0
909,2021-10-11 02:15:00,22400.0,700.0,4300.0
910,2021-10-11 02:15:00,22400.0,500.0,3600.0
911,2021-10-11 02:15:00,22400.0,200.0,3100.0
912,2021-10-11 02:15:00,22400.0,100.0,2900.0
913,2021-10-11 02:15:00,22400.0,1200.0,2800.0
914,2021-10-11 02:15:00,22400.0,200.0,1600.0
915,2021-10-11 02:15:00,22400.0,500.0,1400.0
916,2021-10-11 02:15:00,22400.0,100.0,900.0
917,2021-10-11 02:15:00,22400.0,300.0,800.0
918,2021-10-11 02:15:00,22400.0,200.0,500.0
919,2021-10-11 02:15:00,22400.0,100.0,300.0
920,2021-10-11 02:15:00,22400.0,200.0,200.0
