,Time,Price,Volume_per_trade,Volume
0,2021-10-13 07:45:00,161600.0,100.0,1296200.0
1,2021-10-13 07:45:00,161600.0,1300.0,1296100.0
2,2021-10-13 07:45:00,161600.0,100.0,1294800.0
3,2021-10-13 07:45:00,161600.0,100.0,1294700.0
4,2021-10-13 07:45:00,161600.0,1000.0,1294600.0
5,2021-10-13 07:45:00,161600.0,700.0,1293600.0
6,2021-10-13 07:45:00,161600.0,300.0,1292900.0
7,2021-10-13 07:45:00,161600.0,100.0,1292600.0
8,2021-10-13 07:45:00,161600.0,500.0,1292500.0
9,2021-10-13 07:45:00,161600.0,600.0,1292000.0
10,2021-10-13 07:45:00,161600.0,100.0,1291400.0
11,2021-10-13 07:45:00,161600.0,400.0,1291300.0
12,2021-10-13 07:45:00,161600.0,1100.0,1290900.0
13,2021-10-13 07:45:00,161600.0,200.0,1289800.0
14,2021-10-13 07:45:00,161600.0,500.0,1289600.0
15,2021-10-13 07:45:00,161600.0,3000.0,1289100.0
16,2021-10-13 07:45:00,161600.0,100.0,1286100.0
17,2021-10-13 07:45:00,161600.0,600.0,1286000.0
18,2021-10-13 07:45:00,161600.0,200.0,1285400.0
19,2021-10-13 07:45:00,161600.0,900.0,1285200.0
20,2021-10-13 07:45:00,161600.0,4000.0,1284300.0
21,2021-10-13 07:45:00,161600.0,1000.0,1280300.0
22,2021-10-13 07:45:00,161600.0,200.0,1279300.0
23,2021-10-13 07:45:00,161600.0,1000.0,1279100.0
24,2021-10-13 07:45:00,161600.0,400.0,1278100.0
25,2021-10-13 07:45:00,161600.0,6800.0,1277700.0
26,2021-10-13 07:45:00,161600.0,13200.0,1270900.0
27,2021-10-13 07:45:00,161600.0,100.0,1257700.0
28,2021-10-13 07:45:00,161600.0,20000.0,1257600.0
29,2021-10-13 07:45:00,161600.0,400.0,1237600.0
30,2021-10-13 07:45:00,161600.0,16300.0,1237200.0
31,2021-10-13 07:45:00,161600.0,100.0,1220900.0
32,2021-10-13 07:45:00,161600.0,3600.0,1220800.0
33,2021-10-13 07:45:00,161600.0,1400.0,1217200.0
34,2021-10-13 07:45:00,161600.0,600.0,1215800.0
35,2021-10-13 07:29:40,162000.0,500.0,1215200.0
36,2021-10-13 07:29:40,161900.0,200.0,1214700.0
37,2021-10-13 07:29:40,161800.0,900.0,1214500.0
38,2021-10-13 07:29:26,161700.0,300.0,1213600.0
39,2021-10-13 07:29:26,161700.0,100.0,1213300.0
40,2021-10-13 07:29:09,161700.0,100.0,1213200.0
41,2021-10-13 07:29:00,161800.0,500.0,1213100.0
42,2021-10-13 07:28:09,161800.0,100.0,1212600.0
43,2021-10-13 07:28:09,161800.0,500.0,1212500.0
44,2021-10-13 07:28:01,161900.0,300.0,1212000.0
45,2021-10-13 07:27:54,161800.0,800.0,1211700.0
46,2021-10-13 07:27:54,161800.0,100.0,1210900.0
47,2021-10-13 07:27:54,161800.0,100.0,1210800.0
48,2021-10-13 07:27:49,162000.0,900.0,1210700.0
49,2021-10-13 07:27:35,162000.0,300.0,1209800.0
50,2021-10-13 07:27:35,162000.0,200.0,1209500.0
51,2021-10-13 07:27:18,162000.0,100.0,1209300.0
52,2021-10-13 07:27:17,162100.0,300.0,1209200.0
53,2021-10-13 07:26:56,162100.0,100.0,1208900.0
54,2021-10-13 07:26:56,162000.0,200.0,1208800.0
55,2021-10-13 07:26:56,162000.0,100.0,1208600.0
56,2021-10-13 07:26:56,162000.0,700.0,1208500.0
57,2021-10-13 07:26:55,162000.0,300.0,1207800.0
58,2021-10-13 07:26:55,162000.0,200.0,1207500.0
59,2021-10-13 07:26:55,162000.0,200.0,1207300.0
60,2021-10-13 07:26:55,162000.0,500.0,1207100.0
61,2021-10-13 07:26:55,162000.0,300.0,1206600.0
62,2021-10-13 07:26:55,162000.0,200.0,1206300.0
63,2021-10-13 07:26:55,162000.0,200.0,1206100.0
64,2021-10-13 07:26:55,162000.0,100.0,1205900.0
65,2021-10-13 07:26:52,162000.0,100.0,1205800.0
66,2021-10-13 07:26:52,162000.0,200.0,1205700.0
67,2021-10-13 07:26:48,162000.0,400.0,1205500.0
68,2021-10-13 07:26:38,162000.0,1400.0,1205100.0
69,2021-10-13 07:26:38,162000.0,100.0,1203700.0
70,2021-10-13 07:26:38,162000.0,500.0,1203600.0
71,2021-10-13 07:26:37,162100.0,300.0,1203100.0
72,2021-10-13 07:26:29,162100.0,800.0,1202800.0
73,2021-10-13 07:26:24,162100.0,400.0,1202000.0
74,2021-10-13 07:26:24,162100.0,600.0,1201600.0
75,2021-10-13 07:26:19,162100.0,300.0,1201000.0
76,2021-10-13 07:26:14,162200.0,100.0,1200700.0
77,2021-10-13 07:26:13,162100.0,200.0,1200600.0
78,2021-10-13 07:26:11,162100.0,500.0,1200400.0
79,2021-10-13 07:26:03,162100.0,300.0,1199900.0
80,2021-10-13 07:26:03,162100.0,100.0,1199600.0
81,2021-10-13 07:26:00,162200.0,100.0,1199500.0
82,2021-10-13 07:26:00,162200.0,100.0,1199400.0
83,2021-10-13 07:26:00,162200.0,1500.0,1199300.0
84,2021-10-13 07:25:15,162200.0,400.0,1197800.0
85,2021-10-13 07:25:09,162200.0,100.0,1197400.0
86,2021-10-13 07:25:05,162200.0,200.0,1197300.0
87,2021-10-13 07:25:05,162200.0,1000.0,1197100.0
88,2021-10-13 07:25:05,162200.0,200.0,1196100.0
89,2021-10-13 07:24:32,162200.0,300.0,1195900.0
90,2021-10-13 07:23:51,162300.0,400.0,1195600.0
91,2021-10-13 07:23:43,162200.0,100.0,1195200.0
92,2021-10-13 07:23:43,162200.0,100.0,1195100.0
93,2021-10-13 07:23:30,162200.0,1000.0,1195000.0
94,2021-10-13 07:23:28,162300.0,100.0,1194000.0
95,2021-10-13 07:23:16,162200.0,500.0,1193900.0
96,2021-10-13 07:23:16,162200.0,500.0,1193400.0
97,2021-10-13 07:23:16,162200.0,200.0,1192900.0
98,2021-10-13 07:23:16,162200.0,100.0,1192700.0
99,2021-10-13 07:23:12,162200.0,100.0,1192600.0
100,2021-10-13 07:23:05,162200.0,100.0,1192500.0
101,2021-10-13 07:23:03,162200.0,100.0,1192400.0
102,2021-10-13 07:22:59,162200.0,700.0,1192300.0
103,2021-10-13 07:22:55,162200.0,100.0,1191600.0
104,2021-10-13 07:22:51,162200.0,300.0,1191500.0
105,2021-10-13 07:22:48,162200.0,100.0,1191200.0
106,2021-10-13 07:22:44,162200.0,400.0,1191100.0
107,2021-10-13 07:22:15,162300.0,1000.0,1190700.0
108,2021-10-13 07:22:02,162300.0,500.0,1189700.0
109,2021-10-13 07:21:47,162300.0,200.0,1189200.0
110,2021-10-13 07:21:47,162300.0,300.0,1189000.0
111,2021-10-13 07:21:41,162300.0,2000.0,1188700.0
112,2021-10-13 07:21:21,162300.0,600.0,1186700.0
113,2021-10-13 07:21:21,162300.0,100.0,1186100.0
114,2021-10-13 07:21:21,162300.0,100.0,1186000.0
115,2021-10-13 07:21:21,162300.0,1200.0,1185900.0
116,2021-10-13 07:21:17,162300.0,200.0,1184700.0
117,2021-10-13 07:21:02,162300.0,100.0,1184500.0
118,2021-10-13 07:20:56,162300.0,100.0,1184400.0
119,2021-10-13 07:20:09,162300.0,1600.0,1184300.0
120,2021-10-13 07:20:09,162300.0,100.0,1182700.0
121,2021-10-13 07:19:58,162400.0,5000.0,1182600.0
122,2021-10-13 07:19:51,162300.0,200.0,1177600.0
123,2021-10-13 07:19:20,162300.0,1000.0,1177400.0
124,2021-10-13 07:19:13,162400.0,100.0,1176400.0
125,2021-10-13 07:19:01,162400.0,1000.0,1176300.0
126,2021-10-13 07:18:47,162300.0,1800.0,1175300.0
127,2021-10-13 07:18:47,162400.0,200.0,1173500.0
128,2021-10-13 07:18:30,162500.0,100.0,1173300.0
129,2021-10-13 07:18:19,162500.0,100.0,1173200.0
130,2021-10-13 07:18:16,162500.0,200.0,1173100.0
131,2021-10-13 07:18:09,162500.0,100.0,1172900.0
132,2021-10-13 07:18:09,162500.0,100.0,1172800.0
133,2021-10-13 07:18:02,162500.0,100.0,1172700.0
134,2021-10-13 07:18:02,162500.0,100.0,1172600.0
135,2021-10-13 07:18:00,162500.0,700.0,1172500.0
136,2021-10-13 07:17:51,162500.0,200.0,1171800.0
137,2021-10-13 07:17:50,162500.0,100.0,1171600.0
138,2021-10-13 07:17:36,162500.0,100.0,1171500.0
139,2021-10-13 07:17:34,162400.0,100.0,1171400.0
140,2021-10-13 07:17:29,162400.0,100.0,1171300.0
141,2021-10-13 07:17:26,162400.0,100.0,1171200.0
142,2021-10-13 07:17:23,162400.0,100.0,1171100.0
143,2021-10-13 07:17:20,162400.0,100.0,1171000.0
144,2021-10-13 07:17:18,162400.0,100.0,1170900.0
145,2021-10-13 07:17:12,162400.0,100.0,1170800.0
146,2021-10-13 07:16:59,162400.0,200.0,1170700.0
147,2021-10-13 07:16:59,162500.0,200.0,1170500.0
148,2021-10-13 07:16:59,162500.0,100.0,1170300.0
149,2021-10-13 07:16:51,162500.0,100.0,1170200.0
150,2021-10-13 07:16:49,162500.0,100.0,1170100.0
151,2021-10-13 07:16:37,162400.0,100.0,1170000.0
152,2021-10-13 07:16:36,162300.0,200.0,1169900.0
153,2021-10-13 07:16:36,162300.0,500.0,1169700.0
154,2021-10-13 07:16:36,162400.0,100.0,1169200.0
155,2021-10-13 07:16:33,162500.0,200.0,1169100.0
156,2021-10-13 07:16:26,162500.0,100.0,1168900.0
157,2021-10-13 07:16:25,162500.0,100.0,1168800.0
158,2021-10-13 07:16:22,162500.0,100.0,1168700.0
159,2021-10-13 07:16:21,162500.0,100.0,1168600.0
160,2021-10-13 07:16:21,162400.0,100.0,1168500.0
161,2021-10-13 07:16:16,162400.0,100.0,1168400.0
162,2021-10-13 07:16:16,162400.0,100.0,1168300.0
163,2021-10-13 07:16:13,162400.0,100.0,1168200.0
164,2021-10-13 07:16:07,162400.0,100.0,1168100.0
165,2021-10-13 07:15:59,162500.0,500.0,1168000.0
166,2021-10-13 07:15:59,162400.0,200.0,1167500.0
167,2021-10-13 07:15:58,162400.0,100.0,1167300.0
168,2021-10-13 07:15:42,162400.0,500.0,1167200.0
169,2021-10-13 07:15:41,162400.0,500.0,1166700.0
170,2021-10-13 07:15:41,162400.0,3000.0,1166200.0
171,2021-10-13 07:15:41,162400.0,100.0,1163200.0
172,2021-10-13 07:15:41,162400.0,200.0,1163100.0
173,2021-10-13 07:15:41,162400.0,100.0,1162900.0
174,2021-10-13 07:15:41,162400.0,100.0,1162800.0
175,2021-10-13 07:15:41,162400.0,200.0,1162700.0
176,2021-10-13 07:15:32,162500.0,500.0,1162500.0
177,2021-10-13 07:15:19,162400.0,100.0,1162000.0
178,2021-10-13 07:14:49,162500.0,100.0,1161900.0
179,2021-10-13 07:14:02,162500.0,100.0,1161800.0
180,2021-10-13 07:13:58,162400.0,100.0,1161700.0
181,2021-10-13 07:13:43,162400.0,100.0,1161600.0
182,2021-10-13 07:13:35,162500.0,200.0,1161500.0
183,2021-10-13 07:13:26,162400.0,100.0,1161300.0
184,2021-10-13 07:13:14,162500.0,700.0,1161200.0
185,2021-10-13 07:13:07,162500.0,100.0,1160500.0
186,2021-10-13 07:12:13,162400.0,100.0,1160400.0
187,2021-10-13 07:11:48,162500.0,1300.0,1160300.0
188,2021-10-13 07:11:40,162500.0,1800.0,1159000.0
189,2021-10-13 07:11:26,162500.0,500.0,1157200.0
190,2021-10-13 07:11:22,162500.0,800.0,1156700.0
191,2021-10-13 07:11:18,162500.0,100.0,1155900.0
192,2021-10-13 07:11:12,162500.0,5000.0,1155800.0
193,2021-10-13 07:11:00,162500.0,100.0,1150800.0
194,2021-10-13 07:10:50,162200.0,500.0,1150700.0
195,2021-10-13 07:10:12,162500.0,200.0,1150200.0
196,2021-10-13 07:10:12,162500.0,100.0,1150000.0
197,2021-10-13 07:10:12,162500.0,700.0,1149900.0
198,2021-10-13 07:10:05,162500.0,300.0,1149200.0
199,2021-10-13 07:09:20,162500.0,100.0,1148900.0
200,2021-10-13 07:09:08,162400.0,100.0,1148800.0
201,2021-10-13 07:08:58,162100.0,500.0,1148700.0
202,2021-10-13 07:08:22,162500.0,100.0,1148200.0
203,2021-10-13 07:08:11,162200.0,100.0,1148100.0
204,2021-10-13 07:08:03,162000.0,400.0,1148000.0
205,2021-10-13 07:08:03,162000.0,100.0,1147600.0
206,2021-10-13 07:08:03,162000.0,2100.0,1147500.0
207,2021-10-13 07:08:01,162000.0,100.0,1145400.0
208,2021-10-13 07:07:53,162000.0,200.0,1145300.0
209,2021-10-13 07:06:13,162000.0,100.0,1145100.0
210,2021-10-13 07:05:49,161800.0,600.0,1145000.0
211,2021-10-13 07:05:45,161800.0,100.0,1144400.0
212,2021-10-13 07:05:35,161800.0,100.0,1144300.0
213,2021-10-13 07:05:35,161800.0,1900.0,1144200.0
214,2021-10-13 07:05:35,161800.0,300.0,1142300.0
215,2021-10-13 07:05:25,162000.0,300.0,1142000.0
216,2021-10-13 07:05:25,162000.0,900.0,1141700.0
217,2021-10-13 07:05:25,162000.0,500.0,1140800.0
218,2021-10-13 07:05:25,162000.0,100.0,1140300.0
219,2021-10-13 07:05:25,162000.0,3600.0,1140200.0
220,2021-10-13 07:05:25,162100.0,100.0,1136600.0
221,2021-10-13 07:05:09,162100.0,500.0,1136500.0
222,2021-10-13 07:04:59,162500.0,400.0,1136000.0
223,2021-10-13 07:04:54,162000.0,100.0,1135600.0
224,2021-10-13 07:04:54,162100.0,3700.0,1135500.0
225,2021-10-13 07:04:54,162400.0,200.0,1131800.0
226,2021-10-13 07:04:15,162500.0,3400.0,1131600.0
227,2021-10-13 07:04:06,162500.0,3500.0,1128200.0
228,2021-10-13 07:04:06,162500.0,1000.0,1124700.0
229,2021-10-13 07:03:56,162500.0,1000.0,1123700.0
230,2021-10-13 07:03:33,162700.0,100.0,1122700.0
231,2021-10-13 07:02:43,163000.0,100.0,1122600.0
232,2021-10-13 07:02:29,163000.0,2900.0,1122500.0
233,2021-10-13 07:02:29,163000.0,100.0,1119600.0
234,2021-10-13 07:02:28,162700.0,100.0,1119500.0
235,2021-10-13 07:02:16,162800.0,100.0,1119400.0
236,2021-10-13 07:02:14,162700.0,100.0,1119300.0
237,2021-10-13 07:02:05,162500.0,100.0,1119200.0
238,2021-10-13 07:02:05,162500.0,200.0,1119100.0
239,2021-10-13 07:02:05,162500.0,200.0,1118900.0
240,2021-10-13 07:02:05,162500.0,300.0,1118700.0
241,2021-10-13 07:01:52,162500.0,300.0,1118400.0
242,2021-10-13 07:01:44,162500.0,100.0,1118100.0
243,2021-10-13 07:01:42,162000.0,8100.0,1118000.0
244,2021-10-13 07:01:42,162100.0,300.0,1109900.0
245,2021-10-13 07:01:42,162100.0,1500.0,1109600.0
246,2021-10-13 07:01:42,162200.0,100.0,1108100.0
247,2021-10-13 07:01:17,162500.0,100.0,1108000.0
248,2021-10-13 07:01:03,162500.0,100.0,1107900.0
249,2021-10-13 07:00:52,162300.0,100.0,1107800.0
250,2021-10-13 07:00:39,162300.0,900.0,1107700.0
251,2021-10-13 07:00:33,162000.0,1300.0,1106800.0
252,2021-10-13 07:00:33,162200.0,100.0,1105500.0
253,2021-10-13 07:00:32,162200.0,400.0,1105400.0
254,2021-10-13 07:00:29,162200.0,100.0,1105000.0
255,2021-10-13 07:00:29,162200.0,100.0,1104900.0
256,2021-10-13 07:00:08,162000.0,1000.0,1104800.0
257,2021-10-13 07:00:08,162000.0,500.0,1103800.0
258,2021-10-13 07:00:08,162000.0,1000.0,1103300.0
259,2021-10-13 07:00:08,162000.0,300.0,1102300.0
260,2021-10-13 07:00:08,162000.0,300.0,1102000.0
261,2021-10-13 07:00:08,162000.0,1900.0,1101700.0
262,2021-10-13 07:00:08,162000.0,300.0,1099800.0
263,2021-10-13 07:00:08,162000.0,100.0,1099500.0
264,2021-10-13 07:00:02,162000.0,7200.0,1099400.0
265,2021-10-13 06:59:49,162000.0,100.0,1092200.0
266,2021-10-13 06:58:30,162000.0,700.0,1092100.0
267,2021-10-13 06:58:28,162000.0,200.0,1091400.0
268,2021-10-13 06:58:06,161700.0,200.0,1091200.0
269,2021-10-13 06:58:00,161700.0,300.0,1091000.0
270,2021-10-13 06:57:09,161500.0,500.0,1090700.0
271,2021-10-13 06:57:07,161500.0,100.0,1090200.0
272,2021-10-13 06:56:57,161500.0,300.0,1090100.0
273,2021-10-13 06:56:52,161500.0,500.0,1089800.0
274,2021-10-13 06:56:52,161500.0,200.0,1089300.0
275,2021-10-13 06:56:52,161500.0,200.0,1089100.0
276,2021-10-13 06:56:52,161500.0,800.0,1088900.0
277,2021-10-13 06:56:52,161500.0,100.0,1088100.0
278,2021-10-13 06:56:52,161500.0,300.0,1088000.0
279,2021-10-13 06:56:52,161500.0,100.0,1087700.0
280,2021-10-13 06:56:52,161500.0,100.0,1087600.0
281,2021-10-13 06:56:52,161500.0,100.0,1087500.0
282,2021-10-13 06:56:52,161500.0,100.0,1087400.0
283,2021-10-13 06:56:52,161500.0,100.0,1087300.0
284,2021-10-13 06:56:52,161500.0,100.0,1087200.0
285,2021-10-13 06:56:52,161600.0,500.0,1087100.0
286,2021-10-13 06:56:52,161600.0,500.0,1086600.0
287,2021-10-13 06:56:52,161800.0,100.0,1086100.0
288,2021-10-13 06:56:52,161800.0,100.0,1086000.0
289,2021-10-13 06:56:52,161800.0,200.0,1085900.0
290,2021-10-13 06:56:27,162000.0,1700.0,1085700.0
291,2021-10-13 06:56:27,162000.0,500.0,1084000.0
292,2021-10-13 06:56:27,162000.0,200.0,1083500.0
293,2021-10-13 06:56:27,162000.0,500.0,1083300.0
294,2021-10-13 06:56:27,162000.0,300.0,1082800.0
295,2021-10-13 06:55:45,162000.0,100.0,1082500.0
296,2021-10-13 06:54:35,162000.0,1100.0,1082400.0
297,2021-10-13 06:54:35,162000.0,200.0,1081300.0
298,2021-10-13 06:54:35,161800.0,4000.0,1081100.0
299,2021-10-13 06:54:35,161700.0,2800.0,1077100.0
300,2021-10-13 06:54:14,161500.0,100.0,1074300.0
301,2021-10-13 06:54:12,161500.0,100.0,1074200.0
302,2021-10-13 06:53:55,161500.0,1000.0,1074100.0
303,2021-10-13 06:53:55,161500.0,100.0,1073100.0
304,2021-10-13 06:53:55,161500.0,100.0,1073000.0
305,2021-10-13 06:53:55,161500.0,100.0,1072900.0
306,2021-10-13 06:53:55,161500.0,200.0,1072800.0
307,2021-10-13 06:53:55,161500.0,500.0,1072600.0
308,2021-10-13 06:53:55,161500.0,200.0,1072100.0
309,2021-10-13 06:53:55,161500.0,100.0,1071900.0
310,2021-10-13 06:53:55,161500.0,100.0,1071800.0
311,2021-10-13 06:53:55,161500.0,4400.0,1071700.0
312,2021-10-13 06:53:51,161700.0,300.0,1067300.0
313,2021-10-13 06:53:35,161700.0,900.0,1067000.0
314,2021-10-13 06:53:31,161700.0,100.0,1066100.0
315,2021-10-13 06:53:31,161700.0,100.0,1066000.0
316,2021-10-13 06:53:31,161700.0,1800.0,1065900.0
317,2021-10-13 06:53:25,161800.0,500.0,1064100.0
318,2021-10-13 06:53:25,161800.0,300.0,1063600.0
319,2021-10-13 06:53:25,161800.0,200.0,1063300.0
320,2021-10-13 06:53:00,162000.0,100.0,1063100.0
321,2021-10-13 06:52:54,162000.0,300.0,1063000.0
322,2021-10-13 06:52:32,162000.0,900.0,1062700.0
323,2021-10-13 06:52:32,162000.0,100.0,1061800.0
324,2021-10-13 06:52:25,162000.0,1000.0,1061700.0
325,2021-10-13 06:51:54,162000.0,100.0,1060700.0
326,2021-10-13 06:51:45,161700.0,200.0,1060600.0
327,2021-10-13 06:51:45,161700.0,300.0,1060400.0
328,2021-10-13 06:51:37,162000.0,1000.0,1060100.0
329,2021-10-13 06:51:31,162000.0,100.0,1059100.0
330,2021-10-13 06:51:08,162000.0,200.0,1059000.0
331,2021-10-13 06:50:48,162000.0,100.0,1058800.0
332,2021-10-13 06:49:43,162000.0,100.0,1058700.0
333,2021-10-13 06:49:32,161500.0,600.0,1058600.0
334,2021-10-13 06:49:32,161600.0,100.0,1058000.0
335,2021-10-13 06:49:32,161700.0,400.0,1057900.0
336,2021-10-13 06:49:20,161700.0,300.0,1057500.0
337,2021-10-13 06:49:09,161700.0,100.0,1057200.0
338,2021-10-13 06:49:02,161700.0,200.0,1057100.0
339,2021-10-13 06:48:55,161700.0,400.0,1056900.0
340,2021-10-13 06:48:55,161700.0,200.0,1056500.0
341,2021-10-13 06:48:55,161700.0,200.0,1056300.0
342,2021-10-13 06:48:55,161800.0,500.0,1056100.0
343,2021-10-13 06:48:55,161800.0,200.0,1055600.0
344,2021-10-13 06:48:55,161800.0,200.0,1055400.0
345,2021-10-13 06:48:55,161800.0,500.0,1055200.0
346,2021-10-13 06:48:55,161800.0,100.0,1054700.0
347,2021-10-13 06:48:55,161800.0,100.0,1054600.0
348,2021-10-13 06:48:49,162000.0,100.0,1054500.0
349,2021-10-13 06:48:21,161800.0,100.0,1054400.0
350,2021-10-13 06:47:51,162000.0,100.0,1054300.0
351,2021-10-13 06:47:41,162000.0,300.0,1054200.0
352,2021-10-13 06:46:33,162000.0,100.0,1053900.0
353,2021-10-13 06:46:22,161800.0,1900.0,1053800.0
354,2021-10-13 06:46:20,161800.0,200.0,1051900.0
355,2021-10-13 06:46:14,161800.0,100.0,1051700.0
356,2021-10-13 06:46:13,161800.0,500.0,1051600.0
357,2021-10-13 06:46:13,161800.0,200.0,1051100.0
358,2021-10-13 06:46:13,161900.0,100.0,1050900.0
359,2021-10-13 06:46:11,162000.0,800.0,1050800.0
360,2021-10-13 06:46:11,162000.0,200.0,1050000.0
361,2021-10-13 06:46:11,162000.0,600.0,1049800.0
362,2021-10-13 06:46:11,162000.0,1100.0,1049200.0
363,2021-10-13 06:45:42,162000.0,100.0,1048100.0
364,2021-10-13 06:45:40,162000.0,200.0,1048000.0
365,2021-10-13 06:45:38,162000.0,3400.0,1047800.0
366,2021-10-13 06:45:38,162000.0,100.0,1044400.0
367,2021-10-13 06:45:38,162000.0,100.0,1044300.0
368,2021-10-13 06:45:38,162000.0,1400.0,1044200.0
369,2021-10-13 06:45:37,162000.0,500.0,1042800.0
370,2021-10-13 06:45:35,162000.0,1900.0,1042300.0
371,2021-10-13 06:45:32,162000.0,100.0,1040400.0
372,2021-10-13 06:45:25,162000.0,100.0,1040300.0
373,2021-10-13 06:45:12,162000.0,200.0,1040200.0
374,2021-10-13 06:44:57,162000.0,300.0,1040000.0
375,2021-10-13 06:44:45,162000.0,500.0,1039700.0
376,2021-10-13 06:44:45,162000.0,500.0,1039200.0
377,2021-10-13 06:44:45,162000.0,1000.0,1038700.0
378,2021-10-13 06:44:45,162000.0,100.0,1037700.0
379,2021-10-13 06:44:45,162000.0,200.0,1037600.0
380,2021-10-13 06:44:45,161900.0,300.0,1037400.0
381,2021-10-13 06:44:45,161900.0,2000.0,1037100.0
382,2021-10-13 06:44:45,161900.0,400.0,1035100.0
383,2021-10-13 06:44:42,161900.0,1000.0,1034700.0
384,2021-10-13 06:44:27,161900.0,200.0,1033700.0
385,2021-10-13 06:44:27,161900.0,100.0,1033500.0
386,2021-10-13 06:43:48,161900.0,200.0,1033400.0
387,2021-10-13 06:43:27,161900.0,100.0,1033200.0
388,2021-10-13 06:43:18,161400.0,300.0,1033100.0
389,2021-10-13 06:43:18,161400.0,900.0,1032800.0
390,2021-10-13 06:43:18,161400.0,500.0,1031900.0
391,2021-10-13 06:43:18,161400.0,200.0,1031400.0
392,2021-10-13 06:43:18,161400.0,300.0,1031200.0
393,2021-10-13 06:43:18,161400.0,100.0,1030900.0
394,2021-10-13 06:43:18,161700.0,500.0,1030800.0
395,2021-10-13 06:43:18,161700.0,200.0,1030300.0
396,2021-10-13 06:43:03,161800.0,200.0,1030100.0
397,2021-10-13 06:42:41,161800.0,1000.0,1029900.0
398,2021-10-13 06:42:41,161800.0,200.0,1028900.0
399,2021-10-13 06:42:41,161800.0,100.0,1028700.0
400,2021-10-13 06:42:20,161900.0,500.0,1028600.0
401,2021-10-13 06:42:20,161900.0,2000.0,1028100.0
402,2021-10-13 06:42:20,161900.0,100.0,1026100.0
403,2021-10-13 06:42:20,161900.0,400.0,1026000.0
404,2021-10-13 06:42:11,162000.0,100.0,1025600.0
405,2021-10-13 06:41:32,162000.0,100.0,1025500.0
406,2021-10-13 06:41:22,161900.0,100.0,1025400.0
407,2021-10-13 06:41:16,161900.0,100.0,1025300.0
408,2021-10-13 06:40:58,161900.0,100.0,1025200.0
409,2021-10-13 06:40:37,161900.0,100.0,1025100.0
410,2021-10-13 06:40:28,161900.0,100.0,1025000.0
411,2021-10-13 06:40:28,161900.0,100.0,1024900.0
412,2021-10-13 06:40:14,161900.0,100.0,1024800.0
413,2021-10-13 06:40:08,161900.0,200.0,1024700.0
414,2021-10-13 06:39:41,161900.0,300.0,1024500.0
415,2021-10-13 06:39:41,161900.0,400.0,1024200.0
416,2021-10-13 06:39:41,161800.0,600.0,1023800.0
417,2021-10-13 06:39:41,161500.0,100.0,1023200.0
418,2021-10-13 06:39:41,161400.0,200.0,1023100.0
419,2021-10-13 06:39:41,161400.0,400.0,1022900.0
420,2021-10-13 06:39:40,161400.0,100.0,1022500.0
421,2021-10-13 06:39:33,161400.0,100.0,1022400.0
422,2021-10-13 06:39:17,161400.0,100.0,1022300.0
423,2021-10-13 06:39:14,161300.0,100.0,1022200.0
424,2021-10-13 06:39:14,161300.0,200.0,1022100.0
425,2021-10-13 06:39:13,161400.0,500.0,1021900.0
426,2021-10-13 06:39:01,161300.0,200.0,1021400.0
427,2021-10-13 06:39:00,161400.0,100.0,1021200.0
428,2021-10-13 06:38:58,161300.0,100.0,1021100.0
429,2021-10-13 06:38:58,161300.0,100.0,1021000.0
430,2021-10-13 06:38:58,161300.0,100.0,1020900.0
431,2021-10-13 06:38:58,161300.0,200.0,1020800.0
432,2021-10-13 06:38:57,161400.0,400.0,1020600.0
433,2021-10-13 06:38:57,161400.0,800.0,1020200.0
434,2021-10-13 06:38:55,161400.0,700.0,1019400.0
435,2021-10-13 06:38:45,161400.0,500.0,1018700.0
436,2021-10-13 06:38:34,161400.0,300.0,1018200.0
437,2021-10-13 06:38:30,161300.0,2800.0,1017900.0
438,2021-10-13 06:38:30,161300.0,1000.0,1015100.0
439,2021-10-13 06:38:30,161300.0,100.0,1014100.0
440,2021-10-13 06:38:30,161300.0,100.0,1014000.0
441,2021-10-13 06:38:22,161400.0,400.0,1013900.0
442,2021-10-13 06:38:09,161400.0,200.0,1013500.0
443,2021-10-13 06:38:08,161400.0,100.0,1013300.0
444,2021-10-13 06:38:07,161400.0,1000.0,1013200.0
445,2021-10-13 06:38:07,161400.0,200.0,1012200.0
446,2021-10-13 06:38:07,161400.0,500.0,1012000.0
447,2021-10-13 06:38:07,161400.0,100.0,1011500.0
448,2021-10-13 06:38:07,161400.0,1000.0,1011400.0
449,2021-10-13 06:38:07,161400.0,200.0,1010400.0
450,2021-10-13 06:38:07,161400.0,500.0,1010200.0
451,2021-10-13 06:37:59,161500.0,500.0,1009700.0
452,2021-10-13 06:37:56,161500.0,700.0,1009200.0
453,2021-10-13 06:37:34,161500.0,100.0,1008500.0
454,2021-10-13 06:37:34,161500.0,200.0,1008400.0
455,2021-10-13 06:37:20,161800.0,100.0,1008200.0
456,2021-10-13 06:37:13,161500.0,300.0,1008100.0
457,2021-10-13 06:37:10,161500.0,1600.0,1007800.0
458,2021-10-13 06:37:03,161500.0,100.0,1006200.0
459,2021-10-13 06:36:47,161500.0,200.0,1006100.0
460,2021-10-13 06:36:28,161500.0,100.0,1005900.0
461,2021-10-13 06:36:27,161500.0,300.0,1005800.0
462,2021-10-13 06:36:21,161500.0,300.0,1005500.0
463,2021-10-13 06:36:21,161500.0,500.0,1005200.0
464,2021-10-13 06:36:21,161500.0,1200.0,1004700.0
465,2021-10-13 06:36:21,161500.0,100.0,1003500.0
466,2021-10-13 06:36:21,161700.0,300.0,1003400.0
467,2021-10-13 06:36:21,161900.0,100.0,1003100.0
468,2021-10-13 06:36:15,161800.0,2000.0,1003000.0
469,2021-10-13 06:36:10,161900.0,1000.0,1001000.0
470,2021-10-13 06:35:55,161800.0,1000.0,1000000.0
471,2021-10-13 06:35:55,161800.0,200.0,999000.0
472,2021-10-13 06:35:55,161800.0,1400.0,998800.0
473,2021-10-13 06:35:55,161700.0,200.0,997400.0
474,2021-10-13 06:35:55,161700.0,100.0,997200.0
475,2021-10-13 06:35:47,161700.0,800.0,997100.0
476,2021-10-13 06:34:12,161800.0,100.0,996300.0
477,2021-10-13 06:34:11,161500.0,700.0,996200.0
478,2021-10-13 06:34:11,161500.0,100.0,995500.0
479,2021-10-13 06:34:11,161500.0,200.0,995400.0
480,2021-10-13 06:33:52,161500.0,300.0,995200.0
481,2021-10-13 06:33:40,161500.0,100.0,994900.0
482,2021-10-13 06:33:40,161500.0,3000.0,994800.0
483,2021-10-13 06:33:40,161500.0,300.0,991800.0
484,2021-10-13 06:33:40,161500.0,200.0,991500.0
485,2021-10-13 06:33:36,161500.0,300.0,991300.0
486,2021-10-13 06:32:56,161500.0,500.0,991000.0
487,2021-10-13 06:32:28,161500.0,200.0,990500.0
488,2021-10-13 06:32:24,161500.0,1000.0,990300.0
489,2021-10-13 06:32:20,161500.0,500.0,989300.0
490,2021-10-13 06:32:20,161500.0,300.0,988800.0
491,2021-10-13 06:32:20,161500.0,500.0,988500.0
492,2021-10-13 06:32:20,161500.0,2000.0,988000.0
493,2021-10-13 06:32:20,161500.0,100.0,986000.0
494,2021-10-13 06:32:20,161500.0,4100.0,985900.0
495,2021-10-13 06:32:12,161500.0,2700.0,981800.0
496,2021-10-13 06:31:52,161500.0,3200.0,979100.0
497,2021-10-13 06:31:52,161600.0,1000.0,975900.0
498,2021-10-13 06:31:52,161600.0,100.0,974900.0
499,2021-10-13 06:31:52,161600.0,500.0,974800.0
500,2021-10-13 06:31:52,161600.0,1800.0,974300.0
501,2021-10-13 06:31:52,161600.0,3400.0,972500.0
502,2021-10-13 06:31:31,161900.0,500.0,969100.0
503,2021-10-13 06:30:31,161900.0,100.0,968600.0
504,2021-10-13 06:30:23,161900.0,500.0,968500.0
505,2021-10-13 06:30:21,161900.0,200.0,968000.0
506,2021-10-13 06:30:12,161900.0,200.0,967800.0
507,2021-10-13 06:30:02,161900.0,100.0,967600.0
508,2021-10-13 06:30:02,161900.0,100.0,967500.0
509,2021-10-13 06:29:59,161900.0,100.0,967400.0
510,2021-10-13 06:29:52,161900.0,600.0,967300.0
511,2021-10-13 06:29:42,161900.0,100.0,966700.0
512,2021-10-13 06:29:40,161700.0,300.0,966600.0
513,2021-10-13 06:29:31,161700.0,100.0,966300.0
514,2021-10-13 06:29:21,161700.0,100.0,966200.0
515,2021-10-13 06:29:16,161500.0,100.0,966100.0
516,2021-10-13 06:29:16,161500.0,100.0,966000.0
517,2021-10-13 06:29:16,161500.0,200.0,965900.0
518,2021-10-13 06:29:09,161500.0,100.0,965700.0
519,2021-10-13 06:29:04,161500.0,200.0,965600.0
520,2021-10-13 06:28:55,161500.0,400.0,965400.0
521,2021-10-13 06:28:49,161500.0,200.0,965000.0
522,2021-10-13 06:28:43,161500.0,300.0,964800.0
523,2021-10-13 06:28:42,161500.0,100.0,964500.0
524,2021-10-13 06:28:39,161500.0,300.0,964400.0
525,2021-10-13 06:28:39,161500.0,300.0,964100.0
526,2021-10-13 06:28:39,161500.0,300.0,963800.0
527,2021-10-13 06:28:39,161500.0,100.0,963500.0
528,2021-10-13 06:28:39,161500.0,2000.0,963400.0
529,2021-10-13 06:28:39,161500.0,300.0,961400.0
530,2021-10-13 06:28:39,161500.0,200.0,961100.0
531,2021-10-13 06:28:39,161500.0,100.0,960900.0
532,2021-10-13 06:28:39,161500.0,500.0,960800.0
533,2021-10-13 06:28:39,161500.0,100.0,960300.0
534,2021-10-13 06:28:39,161500.0,100.0,960200.0
535,2021-10-13 06:28:39,161500.0,500.0,960100.0
536,2021-10-13 06:28:39,161500.0,100.0,959600.0
537,2021-10-13 06:28:39,161500.0,100.0,959500.0
538,2021-10-13 06:28:39,161500.0,200.0,959400.0
539,2021-10-13 06:28:39,161500.0,1400.0,959200.0
540,2021-10-13 06:28:06,161500.0,3500.0,957800.0
541,2021-10-13 06:28:04,161700.0,100.0,954300.0
542,2021-10-13 06:27:50,161500.0,100.0,954200.0
543,2021-10-13 06:27:50,161600.0,100.0,954100.0
544,2021-10-13 06:27:50,161600.0,800.0,954000.0
545,2021-10-13 06:27:50,161600.0,1000.0,953200.0
546,2021-10-13 06:27:44,161900.0,100.0,952200.0
547,2021-10-13 06:27:26,161600.0,1800.0,952100.0
548,2021-10-13 06:27:26,161600.0,500.0,950300.0
549,2021-10-13 06:27:26,161600.0,1000.0,949800.0
550,2021-10-13 06:27:26,161600.0,2400.0,948800.0
551,2021-10-13 06:27:26,161700.0,100.0,946400.0
552,2021-10-13 06:27:26,161700.0,500.0,946300.0
553,2021-10-13 06:27:26,161700.0,500.0,945800.0
554,2021-10-13 06:27:26,161700.0,600.0,945300.0
555,2021-10-13 06:27:26,161700.0,2000.0,944700.0
556,2021-10-13 06:27:26,161800.0,500.0,942700.0
557,2021-10-13 06:27:26,161800.0,100.0,942200.0
558,2021-10-13 06:26:43,161900.0,300.0,942100.0
559,2021-10-13 06:26:26,161900.0,500.0,941800.0
560,2021-10-13 06:25:58,161900.0,200.0,941300.0
561,2021-10-13 06:25:09,162000.0,100.0,941100.0
562,2021-10-13 06:24:55,161800.0,5000.0,941000.0
563,2021-10-13 06:24:50,162000.0,1900.0,936000.0
564,2021-10-13 06:24:50,161900.0,100.0,934100.0
565,2021-10-13 06:24:45,161900.0,100.0,934000.0
566,2021-10-13 06:24:36,161900.0,200.0,933900.0
567,2021-10-13 06:24:36,161900.0,100.0,933700.0
568,2021-10-13 06:24:28,162000.0,100.0,933600.0
569,2021-10-13 06:24:14,161900.0,100.0,933500.0
570,2021-10-13 06:24:14,161900.0,900.0,933400.0
571,2021-10-13 06:24:03,161900.0,500.0,932500.0
572,2021-10-13 06:23:28,162000.0,100.0,932000.0
573,2021-10-13 06:23:28,161700.0,100.0,931900.0
574,2021-10-13 06:23:24,161700.0,500.0,931800.0
575,2021-10-13 06:23:24,161700.0,100.0,931300.0
576,2021-10-13 06:23:24,161700.0,500.0,931200.0
577,2021-10-13 06:23:24,161700.0,200.0,930700.0
578,2021-10-13 06:23:24,161700.0,200.0,930500.0
579,2021-10-13 06:23:24,161700.0,500.0,930300.0
580,2021-10-13 06:23:24,161800.0,500.0,929800.0
581,2021-10-13 06:23:24,161800.0,100.0,929300.0
582,2021-10-13 06:23:24,161800.0,300.0,929200.0
583,2021-10-13 06:23:24,161900.0,300.0,928900.0
584,2021-10-13 06:23:24,161900.0,1000.0,928600.0
585,2021-10-13 06:23:24,161900.0,500.0,927600.0
586,2021-10-13 06:23:24,161900.0,100.0,927100.0
587,2021-10-13 06:23:24,161900.0,100.0,927000.0
588,2021-10-13 06:23:20,161900.0,500.0,926900.0
589,2021-10-13 06:23:12,162000.0,200.0,926400.0
590,2021-10-13 06:22:47,162000.0,500.0,926200.0
591,2021-10-13 06:22:32,162000.0,1000.0,925700.0
592,2021-10-13 06:22:19,161900.0,100.0,924700.0
593,2021-10-13 06:22:13,161900.0,200.0,924600.0
594,2021-10-13 06:21:57,161900.0,200.0,924400.0
595,2021-10-13 06:21:47,162000.0,400.0,924200.0
596,2021-10-13 06:21:43,162000.0,800.0,923800.0
597,2021-10-13 06:21:30,161900.0,500.0,923000.0
598,2021-10-13 06:21:30,161900.0,500.0,922500.0
599,2021-10-13 06:21:17,161800.0,100.0,922000.0
600,2021-10-13 06:21:17,161800.0,1800.0,921900.0
601,2021-10-13 06:21:17,161800.0,200.0,920100.0
602,2021-10-13 06:21:17,161800.0,500.0,919900.0
603,2021-10-13 06:21:17,161800.0,200.0,919400.0
604,2021-10-13 06:21:17,161800.0,2000.0,919200.0
605,2021-10-13 06:21:17,161800.0,200.0,917200.0
606,2021-10-13 06:21:16,162000.0,400.0,917000.0
607,2021-10-13 06:20:58,162000.0,300.0,916600.0
608,2021-10-13 06:20:58,162000.0,100.0,916300.0
609,2021-10-13 06:20:42,162000.0,100.0,916200.0
610,2021-10-13 06:20:42,161900.0,400.0,916100.0
611,2021-10-13 06:20:37,161900.0,300.0,915700.0
612,2021-10-13 06:20:37,161900.0,100.0,915400.0
613,2021-10-13 06:20:03,162000.0,600.0,915300.0
614,2021-10-13 06:19:46,162000.0,1300.0,914700.0
615,2021-10-13 06:19:30,162000.0,300.0,913400.0
616,2021-10-13 06:19:29,162000.0,500.0,913100.0
617,2021-10-13 06:19:27,161900.0,1000.0,912600.0
618,2021-10-13 06:19:16,162000.0,100.0,911600.0
619,2021-10-13 06:19:15,162000.0,200.0,911500.0
620,2021-10-13 06:19:15,162100.0,800.0,911300.0
621,2021-10-13 06:19:08,162100.0,200.0,910500.0
622,2021-10-13 06:18:56,162100.0,800.0,910300.0
623,2021-10-13 06:18:56,162000.0,800.0,909500.0
624,2021-10-13 06:18:51,162000.0,1400.0,908700.0
625,2021-10-13 06:18:51,162100.0,800.0,907300.0
626,2021-10-13 06:18:51,162100.0,2000.0,906500.0
627,2021-10-13 06:18:37,162000.0,5000.0,904500.0
628,2021-10-13 06:18:31,162000.0,100.0,899500.0
629,2021-10-13 06:18:24,161800.0,500.0,899400.0
630,2021-10-13 06:18:24,161800.0,1300.0,898900.0
631,2021-10-13 06:18:24,161800.0,3200.0,897600.0
632,2021-10-13 06:18:07,162400.0,1000.0,894400.0
633,2021-10-13 06:18:05,161800.0,6800.0,893400.0
634,2021-10-13 06:18:05,161800.0,500.0,886600.0
635,2021-10-13 06:18:05,161800.0,400.0,886100.0
636,2021-10-13 06:18:05,161800.0,500.0,885700.0
637,2021-10-13 06:18:05,161800.0,100.0,885200.0
638,2021-10-13 06:18:05,161800.0,300.0,885100.0
639,2021-10-13 06:18:05,161800.0,100.0,884800.0
640,2021-10-13 06:18:05,162000.0,100.0,884700.0
641,2021-10-13 06:18:05,162000.0,500.0,884600.0
642,2021-10-13 06:18:05,162000.0,300.0,884100.0
643,2021-10-13 06:18:05,162000.0,400.0,883800.0
644,2021-10-13 06:18:01,162400.0,100.0,883400.0
645,2021-10-13 06:17:45,162400.0,100.0,883300.0
646,2021-10-13 06:17:34,162000.0,300.0,883200.0
647,2021-10-13 06:17:26,162000.0,500.0,882900.0
648,2021-10-13 06:17:08,162000.0,100.0,882400.0
649,2021-10-13 06:16:57,161800.0,100.0,882300.0
650,2021-10-13 06:16:57,161800.0,100.0,882200.0
651,2021-10-13 06:16:03,162000.0,100.0,882100.0
652,2021-10-13 06:15:54,161800.0,100.0,882000.0
653,2021-10-13 06:15:41,161800.0,300.0,881900.0
654,2021-10-13 06:15:37,161800.0,600.0,881600.0
655,2021-10-13 06:15:37,161800.0,2400.0,881000.0
656,2021-10-13 06:15:32,161800.0,500.0,878600.0
657,2021-10-13 06:15:23,161700.0,500.0,878100.0
658,2021-10-13 06:15:09,161800.0,1000.0,877600.0
659,2021-10-13 06:15:07,161700.0,1500.0,876600.0
660,2021-10-13 06:15:07,161700.0,200.0,875100.0
661,2021-10-13 06:15:07,161700.0,300.0,874900.0
662,2021-10-13 06:14:50,161800.0,100.0,874600.0
663,2021-10-13 06:14:42,161800.0,5000.0,874500.0
664,2021-10-13 06:14:42,161800.0,100.0,869500.0
665,2021-10-13 06:14:42,161800.0,200.0,869400.0
666,2021-10-13 06:14:42,161800.0,700.0,869200.0
667,2021-10-13 06:14:33,162000.0,500.0,868500.0
668,2021-10-13 06:14:33,162000.0,500.0,868000.0
669,2021-10-13 06:14:03,162000.0,100.0,867500.0
670,2021-10-13 06:13:54,162000.0,100.0,867400.0
671,2021-10-13 06:13:41,161800.0,300.0,867300.0
672,2021-10-13 06:13:41,161800.0,300.0,867000.0
673,2021-10-13 06:13:41,161900.0,100.0,866700.0
674,2021-10-13 06:13:41,161900.0,500.0,866600.0
675,2021-10-13 06:13:41,161900.0,300.0,866100.0
676,2021-10-13 06:13:41,161900.0,400.0,865800.0
677,2021-10-13 06:13:41,162000.0,500.0,865400.0
678,2021-10-13 06:13:41,162000.0,400.0,864900.0
679,2021-10-13 06:13:41,162000.0,1000.0,864500.0
680,2021-10-13 06:13:41,162000.0,100.0,863500.0
681,2021-10-13 06:13:41,162000.0,200.0,863400.0
682,2021-10-13 06:13:41,162000.0,100.0,863200.0
683,2021-10-13 06:13:41,162000.0,500.0,863100.0
684,2021-10-13 06:13:41,162000.0,300.0,862600.0
685,2021-10-13 06:12:34,162700.0,1300.0,862300.0
686,2021-10-13 06:12:08,162700.0,100.0,861000.0
687,2021-10-13 06:11:59,162000.0,1000.0,860900.0
688,2021-10-13 06:11:15,162800.0,100.0,859900.0
689,2021-10-13 06:11:00,161900.0,1000.0,859800.0
690,2021-10-13 06:11:00,161900.0,200.0,858800.0
691,2021-10-13 06:11:00,161900.0,100.0,858600.0
692,2021-10-13 06:11:00,161900.0,200.0,858500.0
693,2021-10-13 06:11:00,162000.0,200.0,858300.0
694,2021-10-13 06:11:00,162000.0,300.0,858100.0
695,2021-10-13 06:10:57,162800.0,100.0,857800.0
696,2021-10-13 06:10:37,162000.0,700.0,857700.0
697,2021-10-13 06:10:35,162000.0,500.0,857000.0
698,2021-10-13 06:10:32,162000.0,1000.0,856500.0
699,2021-10-13 06:10:32,162000.0,500.0,855500.0
700,2021-10-13 06:10:32,162000.0,200.0,855000.0
701,2021-10-13 06:10:32,162000.0,1900.0,854800.0
702,2021-10-13 06:10:32,162100.0,200.0,852900.0
703,2021-10-13 06:10:10,162800.0,1000.0,852700.0
704,2021-10-13 06:09:47,162800.0,100.0,851700.0
705,2021-10-13 06:09:38,162000.0,100.0,851600.0
706,2021-10-13 06:09:13,162000.0,300.0,851500.0
707,2021-10-13 06:08:52,161900.0,1300.0,851200.0
708,2021-10-13 06:08:52,161900.0,1000.0,849900.0
709,2021-10-13 06:08:52,161900.0,500.0,848900.0
710,2021-10-13 06:08:52,161900.0,2000.0,848400.0
711,2021-10-13 06:08:52,162000.0,200.0,846400.0
712,2021-10-13 06:08:46,162800.0,100.0,846200.0
713,2021-10-13 06:08:38,162000.0,300.0,846100.0
714,2021-10-13 06:08:22,162000.0,100.0,845800.0
715,2021-10-13 06:08:22,162000.0,100.0,845700.0
716,2021-10-13 06:08:22,162000.0,500.0,845600.0
717,2021-10-13 06:08:22,162000.0,100.0,845100.0
718,2021-10-13 06:08:22,162000.0,1000.0,845000.0
719,2021-10-13 06:08:22,162000.0,100.0,844000.0
720,2021-10-13 06:08:22,162000.0,200.0,843900.0
721,2021-10-13 06:08:22,162100.0,100.0,843700.0
722,2021-10-13 06:08:22,162100.0,100.0,843600.0
723,2021-10-13 06:08:22,162500.0,1000.0,843500.0
724,2021-10-13 06:08:22,162500.0,1000.0,842500.0
725,2021-10-13 06:08:22,162500.0,100.0,841500.0
726,2021-10-13 06:08:22,162500.0,300.0,841400.0
727,2021-10-13 06:07:34,162900.0,400.0,841100.0
728,2021-10-13 06:07:34,162900.0,700.0,840700.0
729,2021-10-13 06:07:19,162900.0,400.0,840000.0
730,2021-10-13 06:07:16,162900.0,100.0,839600.0
731,2021-10-13 06:07:16,162500.0,2000.0,839500.0
732,2021-10-13 06:07:04,162500.0,100.0,837500.0
733,2021-10-13 06:06:54,162500.0,400.0,837400.0
734,2021-10-13 06:06:21,162500.0,100.0,837000.0
735,2021-10-13 06:06:21,162500.0,200.0,836900.0
736,2021-10-13 06:06:20,162500.0,100.0,836700.0
737,2021-10-13 06:06:17,161800.0,9700.0,836600.0
738,2021-10-13 06:06:17,161900.0,300.0,826900.0
739,2021-10-13 06:06:11,162300.0,100.0,826600.0
740,2021-10-13 06:06:00,162300.0,100.0,826500.0
741,2021-10-13 06:05:43,162000.0,100.0,826400.0
742,2021-10-13 06:05:34,161700.0,700.0,826300.0
743,2021-10-13 06:05:34,161800.0,500.0,825600.0
744,2021-10-13 06:05:34,161800.0,600.0,825100.0
745,2021-10-13 06:05:34,161900.0,200.0,824500.0
746,2021-10-13 06:05:23,162000.0,500.0,824300.0
747,2021-10-13 06:05:22,162000.0,300.0,823800.0
748,2021-10-13 06:05:13,162000.0,100.0,823500.0
749,2021-10-13 06:04:40,162000.0,200.0,823400.0
750,2021-10-13 06:04:40,162000.0,300.0,823200.0
751,2021-10-13 06:04:40,162000.0,100.0,822900.0
752,2021-10-13 06:04:40,162000.0,3600.0,822800.0
753,2021-10-13 06:04:40,162000.0,200.0,819200.0
754,2021-10-13 06:04:40,162000.0,100.0,819000.0
755,2021-10-13 06:04:40,162000.0,300.0,818900.0
756,2021-10-13 06:04:40,162000.0,200.0,818600.0
757,2021-10-13 06:04:40,162000.0,1000.0,818400.0
758,2021-10-13 06:04:40,162000.0,100.0,817400.0
759,2021-10-13 06:04:40,162000.0,500.0,817300.0
760,2021-10-13 06:04:40,162000.0,1000.0,816800.0
761,2021-10-13 06:04:40,162000.0,100.0,815800.0
762,2021-10-13 06:04:40,162000.0,400.0,815700.0
763,2021-10-13 06:04:40,162100.0,500.0,815300.0
764,2021-10-13 06:04:40,162300.0,300.0,814800.0
765,2021-10-13 06:04:40,162300.0,100.0,814500.0
766,2021-10-13 06:04:38,162400.0,200.0,814400.0
767,2021-10-13 06:04:38,162400.0,100.0,814200.0
768,2021-10-13 06:04:38,162400.0,100.0,814100.0
769,2021-10-13 06:04:38,162400.0,100.0,814000.0
770,2021-10-13 06:03:57,162400.0,100.0,813900.0
771,2021-10-13 06:03:51,162400.0,100.0,813800.0
772,2021-10-13 06:03:43,162400.0,500.0,813700.0
773,2021-10-13 06:03:35,162400.0,500.0,813200.0
774,2021-10-13 06:03:35,162400.0,100.0,812700.0
775,2021-10-13 06:03:22,162500.0,100.0,812600.0
776,2021-10-13 06:03:22,162500.0,1000.0,812500.0
777,2021-10-13 06:03:22,162500.0,100.0,811500.0
778,2021-10-13 06:03:21,162500.0,200.0,811400.0
779,2021-10-13 06:03:21,162500.0,300.0,811200.0
780,2021-10-13 06:02:57,162500.0,100.0,810900.0
781,2021-10-13 06:02:57,162500.0,200.0,810800.0
782,2021-10-13 06:02:57,162500.0,100.0,810600.0
783,2021-10-13 06:02:57,162500.0,10000.0,810500.0
784,2021-10-13 06:02:57,162500.0,400.0,800500.0
785,2021-10-13 06:02:57,162600.0,100.0,800100.0
786,2021-10-13 06:02:57,162700.0,200.0,800000.0
787,2021-10-13 06:02:57,162700.0,500.0,799800.0
788,2021-10-13 06:02:57,162900.0,400.0,799300.0
789,2021-10-13 06:02:56,162800.0,1000.0,798900.0
790,2021-10-13 06:02:56,162800.0,8600.0,797900.0
791,2021-10-13 06:02:28,162800.0,100.0,789300.0
792,2021-10-13 06:02:28,162800.0,1000.0,789200.0
793,2021-10-13 06:02:28,162800.0,300.0,788200.0
794,2021-10-13 06:01:46,163000.0,100.0,787900.0
795,2021-10-13 06:00:53,163000.0,8000.0,787800.0
796,2021-10-13 06:00:45,163000.0,1800.0,779800.0
797,2021-10-13 06:00:45,163000.0,200.0,778000.0
798,2021-10-13 06:00:24,163000.0,100.0,777800.0
799,2021-10-13 06:00:24,163000.0,100.0,777700.0
800,2021-10-13 06:00:19,163000.0,100.0,777600.0
801,2021-10-13 06:00:11,163000.0,300.0,777500.0
802,2021-10-13 06:00:09,162800.0,200.0,777200.0
803,2021-10-13 06:00:04,163000.0,100.0,777000.0
804,2021-10-13 06:00:04,163000.0,500.0,776900.0
805,2021-10-13 06:00:04,163000.0,500.0,776400.0
806,2021-10-13 06:00:04,163000.0,200.0,775900.0
807,2021-10-13 06:00:04,163000.0,500.0,775700.0
808,2021-10-13 06:00:04,163000.0,800.0,775200.0
809,2021-10-13 06:00:04,163000.0,1000.0,774400.0
810,2021-10-13 06:00:04,163200.0,100.0,773400.0
811,2021-10-13 06:00:04,163400.0,500.0,773300.0
812,2021-10-13 06:00:04,163400.0,500.0,772800.0
813,2021-10-13 06:00:04,163500.0,200.0,772300.0
814,2021-10-13 06:00:04,163500.0,400.0,772100.0
815,2021-10-13 06:00:04,163500.0,500.0,771700.0
816,2021-10-13 06:00:04,163500.0,100.0,771200.0
817,2021-10-13 06:00:04,163500.0,1300.0,771100.0
818,2021-10-13 06:00:04,163500.0,2000.0,769800.0
819,2021-10-13 06:00:03,163800.0,500.0,767800.0
820,2021-10-13 06:00:02,163600.0,100.0,767300.0
821,2021-10-13 06:00:02,163600.0,100.0,767200.0
822,2021-10-13 06:00:00,163600.0,200.0,767100.0
823,2021-10-13 06:00:00,163600.0,2000.0,766900.0
824,2021-10-13 06:00:00,163600.0,500.0,764900.0
825,2021-10-13 06:00:00,163600.0,900.0,764400.0
826,2021-10-13 06:00:00,163600.0,400.0,763500.0
827,2021-10-13 06:00:00,163800.0,800.0,763100.0
828,2021-10-13 06:00:00,163800.0,300.0,762300.0
829,2021-10-13 04:29:59,163800.0,100.0,762000.0
830,2021-10-13 04:29:51,163800.0,100.0,761900.0
831,2021-10-13 04:29:34,163800.0,200.0,761800.0
832,2021-10-13 04:29:34,163800.0,300.0,761600.0
833,2021-10-13 04:28:51,163800.0,4700.0,761300.0
834,2021-10-13 04:28:51,163800.0,200.0,756600.0
835,2021-10-13 04:28:51,163800.0,100.0,756400.0
836,2021-10-13 04:27:59,164000.0,200.0,756300.0
837,2021-10-13 04:27:59,164000.0,100.0,756100.0
838,2021-10-13 04:27:59,164000.0,300.0,756000.0
839,2021-10-13 04:27:59,164000.0,200.0,755700.0
840,2021-10-13 04:27:59,164000.0,300.0,755500.0
841,2021-10-13 04:27:59,164000.0,500.0,755200.0
842,2021-10-13 04:27:59,164000.0,400.0,754700.0
843,2021-10-13 04:27:59,163900.0,2000.0,754300.0
844,2021-10-13 04:27:59,163900.0,1000.0,752300.0
845,2021-10-13 04:27:30,163800.0,200.0,751300.0
846,2021-10-13 04:27:21,163800.0,700.0,751100.0
847,2021-10-13 04:27:12,163800.0,300.0,750400.0
848,2021-10-13 04:26:48,163800.0,3000.0,750100.0
849,2021-10-13 04:26:28,163600.0,100.0,747100.0
850,2021-10-13 04:25:41,163800.0,100.0,747000.0
851,2021-10-13 04:25:07,163800.0,200.0,746900.0
852,2021-10-13 04:24:55,163800.0,100.0,746700.0
853,2021-10-13 04:23:51,164000.0,100.0,746600.0
854,2021-10-13 04:23:43,164000.0,100.0,746500.0
855,2021-10-13 04:23:42,164000.0,100.0,746400.0
856,2021-10-13 04:23:20,164000.0,200.0,746300.0
857,2021-10-13 04:23:20,163900.0,300.0,746100.0
858,2021-10-13 04:23:12,163900.0,200.0,745800.0
859,2021-10-13 04:22:49,164000.0,200.0,745600.0
860,2021-10-13 04:21:59,164000.0,100.0,745400.0
861,2021-10-13 04:21:59,164000.0,500.0,745300.0
862,2021-10-13 04:21:59,164000.0,200.0,744800.0
863,2021-10-13 04:21:59,164000.0,200.0,744600.0
864,2021-10-13 04:21:51,164000.0,4800.0,744400.0
865,2021-10-13 04:21:51,164000.0,100.0,739600.0
866,2021-10-13 04:21:51,164000.0,100.0,739500.0
867,2021-10-13 04:21:51,164000.0,100.0,739400.0
868,2021-10-13 04:21:51,164000.0,500.0,739300.0
869,2021-10-13 04:21:51,164000.0,100.0,738800.0
870,2021-10-13 04:21:51,164000.0,300.0,738700.0
871,2021-10-13 04:21:51,163900.0,100.0,738400.0
872,2021-10-13 04:21:51,163900.0,5000.0,738300.0
873,2021-10-13 04:21:51,163900.0,300.0,733300.0
874,2021-10-13 04:21:51,163800.0,200.0,733000.0
875,2021-10-13 04:21:49,163800.0,1500.0,732800.0
876,2021-10-13 04:21:49,163800.0,100.0,731300.0
877,2021-10-13 04:21:49,163800.0,200.0,731200.0
878,2021-10-13 04:21:44,163800.0,2800.0,731000.0
879,2021-10-13 04:21:26,163900.0,100.0,728200.0
880,2021-10-13 04:21:26,163900.0,500.0,728100.0
881,2021-10-13 04:21:12,163800.0,300.0,727600.0
882,2021-10-13 04:21:10,163800.0,2900.0,727300.0
883,2021-10-13 04:20:59,163800.0,200.0,724400.0
884,2021-10-13 04:20:26,163800.0,900.0,724200.0
885,2021-10-13 04:20:26,163900.0,100.0,723300.0
886,2021-10-13 04:20:20,163900.0,1000.0,723200.0
887,2021-10-13 04:20:19,164000.0,100.0,722200.0
888,2021-10-13 04:20:03,163900.0,200.0,722100.0
889,2021-10-13 04:19:48,163900.0,800.0,721900.0
890,2021-10-13 04:19:47,163800.0,100.0,721100.0
891,2021-10-13 04:19:37,163900.0,100.0,721000.0
892,2021-10-13 04:19:35,163900.0,1000.0,720900.0
893,2021-10-13 04:19:24,163800.0,500.0,719900.0
894,2021-10-13 04:19:20,163900.0,500.0,719400.0
895,2021-10-13 04:19:19,163900.0,1000.0,718900.0
896,2021-10-13 04:19:13,163900.0,1600.0,717900.0
897,2021-10-13 04:19:13,163900.0,1000.0,716300.0
898,2021-10-13 04:19:13,163900.0,200.0,715300.0
899,2021-10-13 04:19:04,163800.0,1000.0,715100.0
900,2021-10-13 04:19:03,163800.0,100.0,714100.0
901,2021-10-13 04:19:03,163800.0,2900.0,714000.0
902,2021-10-13 04:19:03,163600.0,100.0,711100.0
903,2021-10-13 04:18:58,163700.0,1000.0,711000.0
904,2021-10-13 04:18:47,163800.0,2000.0,710000.0
905,2021-10-13 04:18:44,163800.0,100.0,708000.0
906,2021-10-13 04:18:13,163700.0,100.0,707900.0
907,2021-10-13 04:18:13,163700.0,400.0,707800.0
908,2021-10-13 04:18:10,163700.0,600.0,707400.0
909,2021-10-13 04:18:10,163700.0,400.0,706800.0
910,2021-10-13 04:17:58,163700.0,400.0,706400.0
911,2021-10-13 04:17:42,163700.0,2200.0,706000.0
912,2021-10-13 04:17:42,163600.0,500.0,703800.0
913,2021-10-13 04:17:42,163600.0,500.0,703300.0
914,2021-10-13 04:17:42,163600.0,500.0,702800.0
915,2021-10-13 04:17:42,163600.0,300.0,702300.0
916,2021-10-13 04:17:18,163600.0,2700.0,702000.0
917,2021-10-13 04:17:18,163600.0,500.0,699300.0
918,2021-10-13 04:17:10,163600.0,1200.0,698800.0
919,2021-10-13 04:17:10,163500.0,100.0,697600.0
920,2021-10-13 04:17:10,163500.0,500.0,697500.0
921,2021-10-13 04:17:10,163500.0,1000.0,697000.0
922,2021-10-13 04:17:10,163500.0,100.0,696000.0
923,2021-10-13 04:17:10,163500.0,1100.0,695900.0
924,2021-10-13 04:16:58,163400.0,1000.0,694800.0
925,2021-10-13 04:16:38,163500.0,500.0,693800.0
926,2021-10-13 04:16:12,163500.0,400.0,693300.0
927,2021-10-13 04:16:12,163500.0,1600.0,692900.0
928,2021-10-13 04:16:10,163500.0,400.0,691300.0
929,2021-10-13 04:15:32,163400.0,2000.0,690900.0
930,2021-10-13 04:15:29,163400.0,1000.0,688900.0
931,2021-10-13 04:15:28,163400.0,700.0,687900.0
932,2021-10-13 04:15:28,163300.0,500.0,687200.0
933,2021-10-13 04:15:28,163300.0,200.0,686700.0
934,2021-10-13 04:15:28,163200.0,100.0,686500.0
935,2021-10-13 04:15:28,163200.0,500.0,686400.0
936,2021-10-13 04:15:17,163200.0,100.0,685900.0
937,2021-10-13 04:15:04,163000.0,100.0,685800.0
938,2021-10-13 04:15:04,163000.0,2200.0,685700.0
939,2021-10-13 04:15:04,162900.0,500.0,683500.0
940,2021-10-13 04:14:47,162900.0,500.0,683000.0
941,2021-10-13 04:14:42,162900.0,100.0,682500.0
942,2021-10-13 04:14:34,162800.0,100.0,682400.0
943,2021-10-13 04:14:20,162800.0,2000.0,682300.0
944,2021-10-13 04:14:20,162800.0,300.0,680300.0
945,2021-10-13 04:14:20,162800.0,1600.0,680000.0
946,2021-10-13 04:14:20,162800.0,300.0,678400.0
947,2021-10-13 04:14:20,162800.0,700.0,678100.0
948,2021-10-13 04:14:12,162900.0,400.0,677400.0
949,2021-10-13 04:14:12,162900.0,500.0,677000.0
950,2021-10-13 04:13:44,163000.0,500.0,676500.0
951,2021-10-13 04:13:44,163000.0,100.0,676000.0
952,2021-10-13 04:13:44,163000.0,500.0,675900.0
953,2021-10-13 04:13:44,163000.0,1500.0,675400.0
954,2021-10-13 04:13:41,163000.0,400.0,673900.0
955,2021-10-13 04:12:58,163000.0,100.0,673500.0
956,2021-10-13 04:12:01,163000.0,200.0,673400.0
957,2021-10-13 04:11:06,163200.0,100.0,673200.0
958,2021-10-13 04:11:06,163000.0,100.0,673100.0
959,2021-10-13 04:11:04,163000.0,100.0,673000.0
960,2021-10-13 04:10:43,163000.0,400.0,672900.0
961,2021-10-13 04:10:13,163000.0,100.0,672500.0
962,2021-10-13 04:10:13,163000.0,100.0,672400.0
963,2021-10-13 04:10:13,163000.0,100.0,672300.0
964,2021-10-13 04:10:13,163000.0,200.0,672200.0
965,2021-10-13 04:09:30,163000.0,100.0,672000.0
966,2021-10-13 04:09:20,163000.0,100.0,671900.0
967,2021-10-13 04:09:10,163000.0,100.0,671800.0
968,2021-10-13 04:09:10,163000.0,200.0,671700.0
969,2021-10-13 04:09:10,163000.0,500.0,671500.0
970,2021-10-13 04:09:10,163000.0,200.0,671000.0
971,2021-10-13 04:09:01,163000.0,400.0,670800.0
972,2021-10-13 04:09:01,163000.0,100.0,670400.0
973,2021-10-13 04:08:59,163000.0,100.0,670300.0
974,2021-10-13 04:08:57,163000.0,200.0,670200.0
975,2021-10-13 04:08:57,163000.0,300.0,670000.0
976,2021-10-13 04:08:51,163000.0,1000.0,669700.0
977,2021-10-13 04:08:39,163000.0,500.0,668700.0
978,2021-10-13 04:08:33,163000.0,300.0,668200.0
979,2021-10-13 04:08:17,163000.0,300.0,667900.0
980,2021-10-13 04:08:09,163000.0,100.0,667600.0
981,2021-10-13 04:08:01,163000.0,200.0,667500.0
982,2021-10-13 04:07:31,162800.0,200.0,667300.0
983,2021-10-13 04:07:31,162800.0,4000.0,667100.0
984,2021-10-13 04:07:31,162800.0,1000.0,663100.0
985,2021-10-13 04:07:31,162800.0,500.0,662100.0
986,2021-10-13 04:07:31,162800.0,500.0,661600.0
987,2021-10-13 04:06:49,162900.0,100.0,661100.0
988,2021-10-13 04:05:47,162800.0,600.0,661000.0
989,2021-10-13 04:05:42,163000.0,500.0,660400.0
990,2021-10-13 04:05:10,162800.0,200.0,659900.0
991,2021-10-13 04:05:10,162800.0,100.0,659700.0
992,2021-10-13 04:05:10,162800.0,200.0,659600.0
993,2021-10-13 04:05:09,162800.0,100.0,659400.0
994,2021-10-13 04:04:44,163000.0,100.0,659300.0
995,2021-10-13 04:04:17,163000.0,500.0,659200.0
996,2021-10-13 04:04:06,163000.0,100.0,658700.0
997,2021-10-13 04:03:38,163000.0,300.0,658600.0
998,2021-10-13 04:03:20,163000.0,300.0,658300.0
999,2021-10-13 04:03:20,163000.0,500.0,658000.0
1000,2021-10-13 04:03:04,163400.0,100.0,657500.0
1001,2021-10-13 04:01:35,163500.0,500.0,657400.0
1002,2021-10-13 04:01:35,163500.0,2000.0,656900.0
1003,2021-10-13 04:01:35,163500.0,1800.0,654900.0
1004,2021-10-13 04:01:35,163300.0,100.0,653100.0
1005,2021-10-13 04:01:35,163300.0,100.0,653000.0
1006,2021-10-13 04:01:35,163300.0,1300.0,652900.0
1007,2021-10-13 04:01:35,163200.0,500.0,651600.0
1008,2021-10-13 04:01:35,163200.0,700.0,651100.0
1009,2021-10-13 04:01:01,162800.0,100.0,650400.0
1010,2021-10-13 04:01:01,162800.0,200.0,650300.0
1011,2021-10-13 04:01:01,163000.0,500.0,650100.0
1012,2021-10-13 04:01:01,163000.0,200.0,649600.0
1013,2021-10-13 04:00:51,163200.0,100.0,649400.0
1014,2021-10-13 04:00:51,163200.0,200.0,649300.0
1015,2021-10-13 04:00:37,163300.0,100.0,649100.0
1016,2021-10-13 04:00:33,163300.0,500.0,649000.0
1017,2021-10-13 04:00:29,163300.0,100.0,648500.0
1018,2021-10-13 04:00:29,163300.0,100.0,648400.0
1019,2021-10-13 04:00:29,163300.0,100.0,648300.0
1020,2021-10-13 04:00:13,163200.0,300.0,648200.0
1021,2021-10-13 04:00:04,163200.0,700.0,647900.0
1022,2021-10-13 04:00:04,163200.0,300.0,647200.0
1023,2021-10-13 03:59:47,163200.0,1700.0,646900.0
1024,2021-10-13 03:59:47,163100.0,2100.0,645200.0
1025,2021-10-13 03:59:47,163000.0,1000.0,643100.0
1026,2021-10-13 03:59:47,163000.0,400.0,642100.0
1027,2021-10-13 03:59:47,163000.0,100.0,641700.0
1028,2021-10-13 03:59:47,163000.0,500.0,641600.0
1029,2021-10-13 03:59:47,163000.0,200.0,641100.0
1030,2021-10-13 03:59:34,163000.0,100.0,640900.0
1031,2021-10-13 03:59:30,162700.0,200.0,640800.0
1032,2021-10-13 03:59:22,162700.0,100.0,640600.0
1033,2021-10-13 03:58:13,163000.0,100.0,640500.0
1034,2021-10-13 03:58:02,163000.0,100.0,640400.0
1035,2021-10-13 03:56:30,163300.0,900.0,640300.0
1036,2021-10-13 03:56:30,163300.0,100.0,639400.0
1037,2021-10-13 03:56:30,163300.0,900.0,639300.0
1038,2021-10-13 03:56:30,163200.0,100.0,638400.0
1039,2021-10-13 03:55:50,163300.0,1300.0,638300.0
1040,2021-10-13 03:55:40,163000.0,100.0,637000.0
1041,2021-10-13 03:55:40,163000.0,1000.0,636900.0
1042,2021-10-13 03:55:40,163000.0,400.0,635900.0
1043,2021-10-13 03:55:40,163000.0,100.0,635500.0
1044,2021-10-13 03:54:44,163300.0,100.0,635400.0
1045,2021-10-13 03:53:44,163300.0,700.0,635300.0
1046,2021-10-13 03:53:44,163300.0,1000.0,634600.0
1047,2021-10-13 03:53:37,163500.0,1200.0,633600.0
1048,2021-10-13 03:53:37,163500.0,100.0,632400.0
1049,2021-10-13 03:53:37,163500.0,500.0,632300.0
1050,2021-10-13 03:53:37,163500.0,600.0,631800.0
1051,2021-10-13 03:53:02,163500.0,100.0,631200.0
1052,2021-10-13 03:52:58,163500.0,1000.0,631100.0
1053,2021-10-13 03:52:57,163500.0,300.0,630100.0
1054,2021-10-13 03:52:50,163300.0,1000.0,629800.0
1055,2021-10-13 03:52:27,163600.0,100.0,628800.0
1056,2021-10-13 03:52:13,163300.0,300.0,628700.0
1057,2021-10-13 03:52:13,163300.0,1700.0,628400.0
1058,2021-10-13 03:51:48,163300.0,100.0,626700.0
1059,2021-10-13 03:51:25,163000.0,100.0,626600.0
1060,2021-10-13 03:51:18,163000.0,100.0,626500.0
1061,2021-10-13 03:51:18,163000.0,300.0,626400.0
1062,2021-10-13 03:51:18,163000.0,200.0,626100.0
1063,2021-10-13 03:51:18,163000.0,1000.0,625900.0
1064,2021-10-13 03:51:18,163000.0,300.0,624900.0
1065,2021-10-13 03:51:05,163000.0,200.0,624600.0
1066,2021-10-13 03:51:05,163000.0,3000.0,624400.0
1067,2021-10-13 03:51:05,163000.0,300.0,621400.0
1068,2021-10-13 03:51:05,163000.0,100.0,621100.0
1069,2021-10-13 03:51:05,163000.0,400.0,621000.0
1070,2021-10-13 03:50:45,163300.0,100.0,620600.0
1071,2021-10-13 03:50:35,163300.0,1300.0,620500.0
1072,2021-10-13 03:49:46,163800.0,100.0,619200.0
1073,2021-10-13 03:49:45,163300.0,1000.0,619100.0
1074,2021-10-13 03:49:37,163600.0,100.0,618100.0
1075,2021-10-13 03:49:36,163600.0,400.0,618000.0
1076,2021-10-13 03:49:25,163300.0,17700.0,617600.0
1077,2021-10-13 03:49:25,163400.0,100.0,599900.0
1078,2021-10-13 03:49:25,163400.0,1800.0,599800.0
1079,2021-10-13 03:49:25,163500.0,400.0,598000.0
1080,2021-10-13 03:49:24,163500.0,100.0,597600.0
1081,2021-10-13 03:49:14,163400.0,200.0,597500.0
1082,2021-10-13 03:48:48,163500.0,100.0,597300.0
1083,2021-10-13 03:48:41,163500.0,800.0,597200.0
1084,2021-10-13 03:48:41,163500.0,1000.0,596400.0
1085,2021-10-13 03:48:00,163600.0,200.0,595400.0
1086,2021-10-13 03:48:00,163600.0,600.0,595200.0
1087,2021-10-13 03:47:47,163600.0,200.0,594600.0
1088,2021-10-13 03:47:47,163700.0,200.0,594400.0
1089,2021-10-13 03:47:29,163600.0,2800.0,594200.0
1090,2021-10-13 03:47:29,163600.0,100.0,591400.0
1091,2021-10-13 03:47:29,163600.0,1900.0,591300.0
1092,2021-10-13 03:47:29,163700.0,100.0,589400.0
1093,2021-10-13 03:47:29,163700.0,100.0,589300.0
1094,2021-10-13 03:47:14,163700.0,100.0,589200.0
1095,2021-10-13 03:47:01,163700.0,100.0,589100.0
1096,2021-10-13 03:46:37,163700.0,100.0,589000.0
1097,2021-10-13 03:46:37,163700.0,100.0,588900.0
1098,2021-10-13 03:46:12,163700.0,100.0,588800.0
1099,2021-10-13 03:46:03,163900.0,500.0,588700.0
1100,2021-10-13 03:46:01,163900.0,100.0,588200.0
1101,2021-10-13 03:45:46,163900.0,1300.0,588100.0
1102,2021-10-13 03:45:34,163900.0,100.0,586800.0
1103,2021-10-13 03:45:25,163600.0,100.0,586700.0
1104,2021-10-13 03:45:25,163600.0,500.0,586600.0
1105,2021-10-13 03:45:25,163600.0,100.0,586100.0
1106,2021-10-13 03:45:18,163900.0,200.0,586000.0
1107,2021-10-13 03:45:08,163900.0,100.0,585800.0
1108,2021-10-13 03:45:00,163900.0,100.0,585700.0
1109,2021-10-13 03:44:55,163900.0,100.0,585600.0
1110,2021-10-13 03:44:54,163900.0,1500.0,585500.0
1111,2021-10-13 03:44:50,163900.0,500.0,584000.0
1112,2021-10-13 03:44:26,164000.0,500.0,583500.0
1113,2021-10-13 03:44:26,164000.0,2000.0,583000.0
1114,2021-10-13 03:44:26,164000.0,100.0,581000.0
1115,2021-10-13 03:44:26,164000.0,200.0,580900.0
1116,2021-10-13 03:44:26,164000.0,2100.0,580700.0
1117,2021-10-13 03:44:26,164000.0,1000.0,578600.0
1118,2021-10-13 03:44:26,164000.0,3700.0,577600.0
1119,2021-10-13 03:44:13,164000.0,600.0,573900.0
1120,2021-10-13 03:44:03,164100.0,1200.0,573300.0
1121,2021-10-13 03:43:53,164100.0,300.0,572100.0
1122,2021-10-13 03:43:53,164100.0,1700.0,571800.0
1123,2021-10-13 03:43:53,164100.0,1000.0,570100.0
1124,2021-10-13 03:43:53,164100.0,1000.0,569100.0
1125,2021-10-13 03:43:53,164100.0,800.0,568100.0
1126,2021-10-13 03:43:47,164400.0,1000.0,567300.0
1127,2021-10-13 03:43:38,164100.0,200.0,566300.0
1128,2021-10-13 03:43:38,164100.0,100.0,566100.0
1129,2021-10-13 03:43:38,164100.0,200.0,566000.0
1130,2021-10-13 03:43:18,164100.0,100.0,565800.0
1131,2021-10-13 03:43:07,164100.0,200.0,565700.0
1132,2021-10-13 03:43:06,164100.0,300.0,565500.0
1133,2021-10-13 03:43:05,164100.0,200.0,565200.0
1134,2021-10-13 03:43:05,164100.0,2000.0,565000.0
1135,2021-10-13 03:43:01,164100.0,500.0,563000.0
1136,2021-10-13 03:42:52,164100.0,2400.0,562500.0
1137,2021-10-13 03:42:43,164000.0,1000.0,560100.0
1138,2021-10-13 03:42:36,164100.0,100.0,559100.0
1139,2021-10-13 03:42:28,164100.0,4300.0,559000.0
1140,2021-10-13 03:42:14,164400.0,700.0,554700.0
1141,2021-10-13 03:42:02,164000.0,500.0,554000.0
1142,2021-10-13 03:41:59,164200.0,100.0,553500.0
1143,2021-10-13 03:41:40,164000.0,4200.0,553400.0
1144,2021-10-13 03:41:36,164000.0,800.0,549200.0
1145,2021-10-13 03:41:36,164000.0,100.0,548400.0
1146,2021-10-13 03:41:36,164000.0,1000.0,548300.0
1147,2021-10-13 03:41:36,164000.0,200.0,547300.0
1148,2021-10-13 03:41:36,164000.0,200.0,547100.0
1149,2021-10-13 03:41:36,164000.0,100.0,546900.0
1150,2021-10-13 03:41:36,164000.0,500.0,546800.0
1151,2021-10-13 03:41:36,164000.0,100.0,546300.0
1152,2021-10-13 03:41:36,164000.0,1000.0,546200.0
1153,2021-10-13 03:41:36,164000.0,1000.0,545200.0
1154,2021-10-13 03:41:28,164000.0,100.0,544200.0
1155,2021-10-13 03:41:25,164000.0,500.0,544100.0
1156,2021-10-13 03:41:21,164000.0,100.0,543600.0
1157,2021-10-13 03:41:14,164000.0,100.0,543500.0
1158,2021-10-13 03:41:12,164000.0,200.0,543400.0
1159,2021-10-13 03:41:04,164000.0,200.0,543200.0
1160,2021-10-13 03:41:04,164000.0,300.0,543000.0
1161,2021-10-13 03:41:04,164000.0,100.0,542700.0
1162,2021-10-13 03:41:04,164000.0,100.0,542600.0
1163,2021-10-13 03:41:04,164000.0,100.0,542500.0
1164,2021-10-13 03:41:04,164000.0,100.0,542400.0
1165,2021-10-13 03:41:04,164000.0,600.0,542300.0
1166,2021-10-13 03:41:04,164000.0,100.0,541700.0
1167,2021-10-13 03:41:04,164000.0,300.0,541600.0
1168,2021-10-13 03:41:04,164000.0,100.0,541300.0
1169,2021-10-13 03:41:04,164000.0,1000.0,541200.0
1170,2021-10-13 03:41:04,164000.0,100.0,540200.0
1171,2021-10-13 03:41:04,164000.0,300.0,540100.0
1172,2021-10-13 03:41:04,163700.0,500.0,539800.0
1173,2021-10-13 03:41:04,163700.0,100.0,539300.0
1174,2021-10-13 03:40:44,163600.0,100.0,539200.0
1175,2021-10-13 03:40:33,163600.0,300.0,539100.0
1176,2021-10-13 03:40:33,163500.0,200.0,538800.0
1177,2021-10-13 03:40:33,163500.0,2000.0,538600.0
1178,2021-10-13 03:40:33,163500.0,200.0,536600.0
1179,2021-10-13 03:40:33,163500.0,100.0,536400.0
1180,2021-10-13 03:40:33,163500.0,100.0,536300.0
1181,2021-10-13 03:40:33,163500.0,100.0,536200.0
1182,2021-10-13 03:40:33,163500.0,300.0,536100.0
1183,2021-10-13 03:40:33,163500.0,100.0,535800.0
1184,2021-10-13 03:40:33,163500.0,1000.0,535700.0
1185,2021-10-13 03:40:28,163500.0,1000.0,534700.0
1186,2021-10-13 03:40:24,163500.0,100.0,533700.0
1187,2021-10-13 03:40:24,163500.0,100.0,533600.0
1188,2021-10-13 03:40:24,163500.0,500.0,533500.0
1189,2021-10-13 03:40:24,163500.0,1300.0,533000.0
1190,2021-10-13 03:40:23,163500.0,3300.0,531700.0
1191,2021-10-13 03:40:14,163500.0,900.0,528400.0
1192,2021-10-13 03:40:06,163500.0,1000.0,527500.0
1193,2021-10-13 03:39:50,163500.0,1800.0,526500.0
1194,2021-10-13 03:39:39,163500.0,400.0,524700.0
1195,2021-10-13 03:39:32,163500.0,100.0,524300.0
1196,2021-10-13 03:39:28,163500.0,500.0,524200.0
1197,2021-10-13 03:39:28,163500.0,100.0,523700.0
1198,2021-10-13 03:39:26,163500.0,600.0,523600.0
1199,2021-10-13 03:39:26,163500.0,100.0,523000.0
1200,2021-10-13 03:39:26,163500.0,100.0,522900.0
1201,2021-10-13 03:39:26,163500.0,500.0,522800.0
1202,2021-10-13 03:39:26,163500.0,100.0,522300.0
1203,2021-10-13 03:39:15,163500.0,1000.0,522200.0
1204,2021-10-13 03:39:03,163400.0,100.0,521200.0
1205,2021-10-13 03:39:03,163400.0,100.0,521100.0
1206,2021-10-13 03:38:57,163300.0,300.0,521000.0
1207,2021-10-13 03:38:50,163300.0,100.0,520700.0
1208,2021-10-13 03:38:28,163300.0,200.0,520600.0
1209,2021-10-13 03:38:28,163300.0,300.0,520400.0
1210,2021-10-13 03:38:28,163300.0,500.0,520100.0
1211,2021-10-13 03:38:28,163300.0,200.0,519600.0
1212,2021-10-13 03:38:28,163300.0,100.0,519400.0
1213,2021-10-13 03:38:28,163300.0,500.0,519300.0
1214,2021-10-13 03:38:28,163300.0,1000.0,518800.0
1215,2021-10-13 03:38:28,163200.0,1100.0,517800.0
1216,2021-10-13 03:38:19,163300.0,800.0,516700.0
1217,2021-10-13 03:38:17,163300.0,400.0,515900.0
1218,2021-10-13 03:38:09,163300.0,200.0,515500.0
1219,2021-10-13 03:38:08,163300.0,1500.0,515300.0
1220,2021-10-13 03:38:04,163200.0,200.0,513800.0
1221,2021-10-13 03:37:56,163200.0,200.0,513600.0
1222,2021-10-13 03:37:16,163300.0,1000.0,513400.0
1223,2021-10-13 03:37:10,163300.0,100.0,512400.0
1224,2021-10-13 03:37:10,163300.0,100.0,512300.0
1225,2021-10-13 03:37:05,163300.0,100.0,512200.0
1226,2021-10-13 03:36:25,163200.0,100.0,512100.0
1227,2021-10-13 03:36:25,163200.0,100.0,512000.0
1228,2021-10-13 03:36:25,163200.0,500.0,511900.0
1229,2021-10-13 03:36:25,163200.0,400.0,511400.0
1230,2021-10-13 03:36:25,163200.0,500.0,511000.0
1231,2021-10-13 03:36:25,163200.0,1000.0,510500.0
1232,2021-10-13 03:36:19,163100.0,500.0,509500.0
1233,2021-10-13 03:36:19,163100.0,100.0,509000.0
1234,2021-10-13 03:36:19,163100.0,500.0,508900.0
1235,2021-10-13 03:36:19,163100.0,100.0,508400.0
1236,2021-10-13 03:36:19,163100.0,500.0,508300.0
1237,2021-10-13 03:36:17,163000.0,800.0,507800.0
1238,2021-10-13 03:36:10,163000.0,100.0,507000.0
1239,2021-10-13 03:36:10,163000.0,500.0,506900.0
1240,2021-10-13 03:36:10,163000.0,100.0,506400.0
1241,2021-10-13 03:36:10,163000.0,200.0,506300.0
1242,2021-10-13 03:36:10,163000.0,500.0,506100.0
1243,2021-10-13 03:36:06,163000.0,1000.0,505600.0
1244,2021-10-13 03:35:56,163000.0,100.0,504600.0
1245,2021-10-13 03:35:55,163000.0,200.0,504500.0
1246,2021-10-13 03:35:55,163000.0,2000.0,504300.0
1247,2021-10-13 03:35:55,163000.0,500.0,502300.0
1248,2021-10-13 03:35:55,163000.0,1000.0,501800.0
1249,2021-10-13 03:35:55,163000.0,800.0,500800.0
1250,2021-10-13 03:35:55,163000.0,100.0,500000.0
1251,2021-10-13 03:35:55,163000.0,700.0,499900.0
1252,2021-10-13 03:35:55,163000.0,2000.0,499200.0
1253,2021-10-13 03:35:55,163000.0,100.0,497200.0
1254,2021-10-13 03:35:55,163000.0,100.0,497100.0
1255,2021-10-13 03:35:55,163000.0,200.0,497000.0
1256,2021-10-13 03:35:55,163000.0,200.0,496800.0
1257,2021-10-13 03:35:55,163000.0,400.0,496600.0
1258,2021-10-13 03:35:55,163000.0,400.0,496200.0
1259,2021-10-13 03:35:55,163000.0,100.0,495800.0
1260,2021-10-13 03:35:55,163000.0,2000.0,495700.0
1261,2021-10-13 03:35:55,163000.0,500.0,493700.0
1262,2021-10-13 03:35:55,163000.0,500.0,493200.0
1263,2021-10-13 03:35:55,163000.0,400.0,492700.0
1264,2021-10-13 03:35:55,163000.0,200.0,492300.0
1265,2021-10-13 03:35:55,163000.0,100.0,492100.0
1266,2021-10-13 03:35:55,163000.0,100.0,492000.0
1267,2021-10-13 03:35:55,163000.0,100.0,491900.0
1268,2021-10-13 03:35:55,163000.0,100.0,491800.0
1269,2021-10-13 03:35:55,163000.0,100.0,491700.0
1270,2021-10-13 03:35:55,163000.0,500.0,491600.0
1271,2021-10-13 03:35:55,163000.0,1000.0,491100.0
1272,2021-10-13 03:35:55,163000.0,1000.0,490100.0
1273,2021-10-13 03:35:55,163000.0,100.0,489100.0
1274,2021-10-13 03:35:55,163000.0,100.0,489000.0
1275,2021-10-13 03:35:55,163000.0,1000.0,488900.0
1276,2021-10-13 03:35:55,163000.0,500.0,487900.0
1277,2021-10-13 03:35:55,163000.0,1000.0,487400.0
1278,2021-10-13 03:35:55,163000.0,2000.0,486400.0
1279,2021-10-13 03:35:55,163000.0,1000.0,484400.0
1280,2021-10-13 03:35:55,163000.0,100.0,483400.0
1281,2021-10-13 03:35:55,163000.0,500.0,483300.0
1282,2021-10-13 03:35:55,163000.0,5000.0,482800.0
1283,2021-10-13 03:35:55,163000.0,200.0,477800.0
1284,2021-10-13 03:35:55,163000.0,100.0,477600.0
1285,2021-10-13 03:35:55,163000.0,100.0,477500.0
1286,2021-10-13 03:35:55,163000.0,1600.0,477400.0
1287,2021-10-13 03:35:55,163000.0,200.0,475800.0
1288,2021-10-13 03:35:55,163000.0,900.0,475600.0
1289,2021-10-13 03:35:55,163000.0,200.0,474700.0
1290,2021-10-13 03:35:36,162900.0,100.0,474500.0
1291,2021-10-13 03:35:25,162900.0,100.0,474400.0
1292,2021-10-13 03:35:25,162900.0,100.0,474300.0
1293,2021-10-13 03:35:25,162900.0,200.0,474200.0
1294,2021-10-13 03:35:25,162900.0,100.0,474000.0
1295,2021-10-13 03:35:25,162900.0,700.0,473900.0
1296,2021-10-13 03:35:25,162900.0,6400.0,473200.0
1297,2021-10-13 03:35:25,162800.0,200.0,466800.0
1298,2021-10-13 03:35:25,162800.0,1000.0,466600.0
1299,2021-10-13 03:35:25,162800.0,700.0,465600.0
1300,2021-10-13 03:35:15,162800.0,300.0,464900.0
1301,2021-10-13 03:35:15,162800.0,700.0,464600.0
1302,2021-10-13 03:35:08,162800.0,200.0,463900.0
1303,2021-10-13 03:34:58,162800.0,100.0,463700.0
1304,2021-10-13 03:34:58,162800.0,400.0,463600.0
1305,2021-10-13 03:34:53,162800.0,100.0,463200.0
1306,2021-10-13 03:34:03,162800.0,100.0,463100.0
1307,2021-10-13 03:33:00,162700.0,100.0,463000.0
1308,2021-10-13 03:32:54,162700.0,100.0,462900.0
1309,2021-10-13 03:32:54,162700.0,200.0,462800.0
1310,2021-10-13 03:32:54,162700.0,2500.0,462600.0
1311,2021-10-13 03:32:38,162700.0,500.0,460100.0
1312,2021-10-13 03:31:42,162700.0,800.0,459600.0
1313,2021-10-13 03:31:42,162700.0,200.0,458800.0
1314,2021-10-13 03:31:42,162700.0,100.0,458600.0
1315,2021-10-13 03:31:27,162500.0,600.0,458500.0
1316,2021-10-13 03:31:26,162500.0,500.0,457900.0
1317,2021-10-13 03:31:26,162500.0,500.0,457400.0
1318,2021-10-13 03:31:26,162600.0,400.0,456900.0
1319,2021-10-13 03:31:12,162700.0,100.0,456500.0
1320,2021-10-13 03:31:11,162600.0,500.0,456400.0
1321,2021-10-13 03:31:04,162600.0,100.0,455900.0
1322,2021-10-13 03:31:02,162700.0,100.0,455800.0
1323,2021-10-13 03:30:54,162500.0,100.0,455700.0
1324,2021-10-13 03:30:47,162500.0,300.0,455600.0
1325,2021-10-13 03:30:46,162500.0,1600.0,455300.0
1326,2021-10-13 03:30:40,162500.0,1000.0,453700.0
1327,2021-10-13 03:30:31,162500.0,200.0,452700.0
1328,2021-10-13 03:30:18,162500.0,1000.0,452500.0
1329,2021-10-13 03:30:18,162700.0,400.0,451500.0
1330,2021-10-13 03:29:36,162700.0,100.0,451100.0
1331,2021-10-13 03:29:28,162500.0,500.0,451000.0
1332,2021-10-13 03:29:25,162500.0,700.0,450500.0
1333,2021-10-13 03:29:25,162500.0,100.0,449800.0
1334,2021-10-13 03:29:25,162500.0,200.0,449700.0
1335,2021-10-13 03:29:25,162500.0,200.0,449500.0
1336,2021-10-13 03:28:58,162500.0,100.0,449300.0
1337,2021-10-13 03:28:58,162500.0,200.0,449200.0
1338,2021-10-13 03:28:49,162500.0,200.0,449000.0
1339,2021-10-13 03:28:38,162500.0,100.0,448800.0
1340,2021-10-13 03:28:38,162500.0,200.0,448700.0
1341,2021-10-13 03:28:31,162500.0,5000.0,448500.0
1342,2021-10-13 03:27:54,162700.0,100.0,443500.0
1343,2021-10-13 03:26:25,162800.0,300.0,443400.0
1344,2021-10-13 03:26:25,162800.0,100.0,443100.0
1345,2021-10-13 03:25:29,162800.0,100.0,443000.0
1346,2021-10-13 03:24:59,162900.0,600.0,442900.0
1347,2021-10-13 03:24:59,162900.0,100.0,442300.0
1348,2021-10-13 03:24:25,162900.0,100.0,442200.0
1349,2021-10-13 03:23:45,162900.0,100.0,442100.0
1350,2021-10-13 03:23:13,162800.0,200.0,442000.0
1351,2021-10-13 03:22:33,162800.0,1700.0,441800.0
1352,2021-10-13 03:22:33,162800.0,500.0,440100.0
1353,2021-10-13 03:22:33,162800.0,500.0,439600.0
1354,2021-10-13 03:22:31,162900.0,400.0,439100.0
1355,2021-10-13 03:22:26,162900.0,100.0,438700.0
1356,2021-10-13 03:21:35,162900.0,100.0,438600.0
1357,2021-10-13 03:21:24,162900.0,100.0,438500.0
1358,2021-10-13 03:21:00,162900.0,1000.0,438400.0
1359,2021-10-13 03:20:39,163000.0,100.0,437400.0
1360,2021-10-13 03:20:31,162900.0,100.0,437300.0
1361,2021-10-13 03:20:18,162900.0,200.0,437200.0
1362,2021-10-13 03:20:18,162900.0,100.0,437000.0
1363,2021-10-13 03:19:22,163000.0,400.0,436900.0
1364,2021-10-13 03:18:25,163000.0,300.0,436500.0
1365,2021-10-13 03:18:25,163000.0,100.0,436200.0
1366,2021-10-13 03:18:25,163000.0,1000.0,436100.0
1367,2021-10-13 03:18:25,163000.0,300.0,435100.0
1368,2021-10-13 03:18:23,163000.0,100.0,434800.0
1369,2021-10-13 03:18:23,163000.0,500.0,434700.0
1370,2021-10-13 03:18:23,163000.0,100.0,434200.0
1371,2021-10-13 03:18:23,163000.0,100.0,434100.0
1372,2021-10-13 03:18:23,163000.0,200.0,434000.0
1373,2021-10-13 03:18:23,163000.0,1100.0,433800.0
1374,2021-10-13 03:17:31,163000.0,400.0,432700.0
1375,2021-10-13 03:17:31,163000.0,100.0,432300.0
1376,2021-10-13 03:17:24,163000.0,500.0,432200.0
1377,2021-10-13 03:17:18,162900.0,100.0,431700.0
1378,2021-10-13 03:17:18,162900.0,200.0,431600.0
1379,2021-10-13 03:17:18,162900.0,500.0,431400.0
1380,2021-10-13 03:17:18,162900.0,500.0,430900.0
1381,2021-10-13 03:17:18,162900.0,500.0,430400.0
1382,2021-10-13 03:16:57,163000.0,100.0,429900.0
1383,2021-10-13 03:16:44,162900.0,100.0,429800.0
1384,2021-10-13 03:16:42,163000.0,100.0,429700.0
1385,2021-10-13 03:15:33,163000.0,100.0,429600.0
1386,2021-10-13 03:15:23,162900.0,200.0,429500.0
1387,2021-10-13 03:15:23,162900.0,300.0,429300.0
1388,2021-10-13 03:15:23,162900.0,100.0,429000.0
1389,2021-10-13 03:15:20,163000.0,100.0,428900.0
1390,2021-10-13 03:14:39,162900.0,100.0,428800.0
1391,2021-10-13 03:13:38,163000.0,100.0,428700.0
1392,2021-10-13 03:13:38,162900.0,100.0,428600.0
1393,2021-10-13 03:13:16,162900.0,100.0,428500.0
1394,2021-10-13 03:13:16,162900.0,100.0,428400.0
1395,2021-10-13 03:13:16,162900.0,100.0,428300.0
1396,2021-10-13 03:13:16,162900.0,400.0,428200.0
1397,2021-10-13 03:13:05,162900.0,500.0,427800.0
1398,2021-10-13 03:12:59,162900.0,100.0,427300.0
1399,2021-10-13 03:12:33,162800.0,300.0,427200.0
1400,2021-10-13 03:11:47,162900.0,100.0,426900.0
1401,2021-10-13 03:11:38,162900.0,100.0,426800.0
1402,2021-10-13 03:11:16,162900.0,200.0,426700.0
1403,2021-10-13 03:11:00,162900.0,1000.0,426500.0
1404,2021-10-13 03:11:00,162900.0,100.0,425500.0
1405,2021-10-13 03:10:42,163000.0,200.0,425400.0
1406,2021-10-13 03:10:42,163000.0,100.0,425200.0
1407,2021-10-13 03:10:08,163000.0,100.0,425100.0
1408,2021-10-13 03:10:08,163000.0,300.0,425000.0
1409,2021-10-13 03:10:08,163000.0,300.0,424700.0
1410,2021-10-13 03:10:04,163000.0,100.0,424400.0
1411,2021-10-13 03:09:48,163000.0,500.0,424300.0
1412,2021-10-13 03:09:47,163000.0,100.0,423800.0
1413,2021-10-13 03:09:36,163000.0,100.0,423700.0
1414,2021-10-13 03:09:16,163000.0,100.0,423600.0
1415,2021-10-13 03:08:51,163000.0,100.0,423500.0
1416,2021-10-13 03:08:37,163000.0,100.0,423400.0
1417,2021-10-13 03:08:37,162800.0,100.0,423300.0
1418,2021-10-13 03:08:37,162900.0,900.0,423200.0
1419,2021-10-13 03:08:30,162900.0,500.0,422300.0
1420,2021-10-13 03:08:23,163000.0,100.0,421800.0
1421,2021-10-13 03:08:23,163000.0,200.0,421700.0
1422,2021-10-13 03:08:23,163000.0,500.0,421500.0
1423,2021-10-13 03:08:23,163000.0,300.0,421000.0
1424,2021-10-13 03:08:23,163000.0,1000.0,420700.0
1425,2021-10-13 03:08:23,163000.0,1000.0,419700.0
1426,2021-10-13 03:08:23,163000.0,2500.0,418700.0
1427,2021-10-13 03:08:23,163000.0,500.0,416200.0
1428,2021-10-13 03:08:23,163000.0,100.0,415700.0
1429,2021-10-13 03:08:23,163000.0,600.0,415600.0
1430,2021-10-13 03:08:23,163000.0,500.0,415000.0
1431,2021-10-13 03:08:23,163000.0,300.0,414500.0
1432,2021-10-13 03:08:23,163000.0,200.0,414200.0
1433,2021-10-13 03:08:23,162900.0,100.0,414000.0
1434,2021-10-13 03:08:23,162900.0,600.0,413900.0
1435,2021-10-13 03:08:23,162900.0,500.0,413300.0
1436,2021-10-13 03:08:23,162900.0,100.0,412800.0
1437,2021-10-13 03:08:23,162900.0,900.0,412700.0
1438,2021-10-13 03:08:16,162800.0,200.0,411800.0
1439,2021-10-13 03:08:14,162900.0,100.0,411600.0
1440,2021-10-13 03:07:44,162900.0,200.0,411500.0
1441,2021-10-13 03:07:34,162900.0,400.0,411300.0
1442,2021-10-13 03:07:34,162900.0,300.0,410900.0
1443,2021-10-13 03:07:34,162900.0,3100.0,410600.0
1444,2021-10-13 03:07:28,163000.0,100.0,407500.0
1445,2021-10-13 03:07:28,163000.0,100.0,407400.0
1446,2021-10-13 03:07:28,163000.0,100.0,407300.0
1447,2021-10-13 03:07:22,163000.0,100.0,407200.0
1448,2021-10-13 03:06:55,163000.0,300.0,407100.0
1449,2021-10-13 03:06:55,163000.0,1000.0,406800.0
1450,2021-10-13 03:06:55,163000.0,200.0,405800.0
1451,2021-10-13 03:06:55,163000.0,500.0,405600.0
1452,2021-10-13 03:06:55,163000.0,300.0,405100.0
1453,2021-10-13 03:06:49,163000.0,1000.0,404800.0
1454,2021-10-13 03:06:48,163000.0,100.0,403800.0
1455,2021-10-13 03:06:42,163000.0,200.0,403700.0
1456,2021-10-13 03:06:41,163000.0,200.0,403500.0
1457,2021-10-13 03:06:21,163000.0,1700.0,403300.0
1458,2021-10-13 03:06:01,163000.0,500.0,401600.0
1459,2021-10-13 03:05:55,163000.0,500.0,401100.0
1460,2021-10-13 03:05:36,163000.0,500.0,400600.0
1461,2021-10-13 03:05:36,163000.0,100.0,400100.0
1462,2021-10-13 03:05:36,163000.0,300.0,400000.0
1463,2021-10-13 03:05:35,162900.0,1000.0,399700.0
1464,2021-10-13 03:05:35,162900.0,300.0,398700.0
1465,2021-10-13 03:05:35,162900.0,500.0,398400.0
1466,2021-10-13 03:05:35,162900.0,1000.0,397900.0
1467,2021-10-13 03:05:35,162900.0,2200.0,396900.0
1468,2021-10-13 03:05:06,162900.0,500.0,394700.0
1469,2021-10-13 03:05:01,162900.0,500.0,394200.0
1470,2021-10-13 03:04:42,162900.0,1200.0,393700.0
1471,2021-10-13 03:04:42,162900.0,200.0,392500.0
1472,2021-10-13 03:04:04,162800.0,100.0,392300.0
1473,2021-10-13 03:04:04,162800.0,100.0,392200.0
1474,2021-10-13 03:04:04,162800.0,600.0,392100.0
1475,2021-10-13 03:04:04,162800.0,500.0,391500.0
1476,2021-10-13 03:04:04,162800.0,200.0,391000.0
1477,2021-10-13 03:04:04,162800.0,100.0,390800.0
1478,2021-10-13 03:04:04,162800.0,1000.0,390700.0
1479,2021-10-13 03:04:04,162800.0,1700.0,389700.0
1480,2021-10-13 03:03:04,162800.0,100.0,388000.0
1481,2021-10-13 03:02:51,162800.0,500.0,387900.0
1482,2021-10-13 03:02:44,162700.0,300.0,387400.0
1483,2021-10-13 03:02:38,162700.0,400.0,387100.0
1484,2021-10-13 03:02:02,162800.0,100.0,386700.0
1485,2021-10-13 03:01:57,162500.0,300.0,386600.0
1486,2021-10-13 03:01:57,162500.0,700.0,386300.0
1487,2021-10-13 03:01:40,162800.0,1000.0,385600.0
1488,2021-10-13 03:01:28,162700.0,300.0,384600.0
1489,2021-10-13 03:01:05,162800.0,100.0,384300.0
1490,2021-10-13 03:00:57,162700.0,100.0,384200.0
1491,2021-10-13 03:00:32,162800.0,1300.0,384100.0
1492,2021-10-13 03:00:32,162700.0,1000.0,382800.0
1493,2021-10-13 03:00:32,162700.0,2700.0,381800.0
1494,2021-10-13 03:00:20,162700.0,100.0,379100.0
1495,2021-10-13 02:59:54,162700.0,200.0,379000.0
1496,2021-10-13 02:59:39,162800.0,700.0,378800.0
1497,2021-10-13 02:59:39,162700.0,300.0,378100.0
1498,2021-10-13 02:59:17,162800.0,800.0,377800.0
1499,2021-10-13 02:59:03,162800.0,200.0,377000.0
1500,2021-10-13 02:59:03,162800.0,500.0,376800.0
1501,2021-10-13 02:59:03,162800.0,100.0,376300.0
1502,2021-10-13 02:59:03,162700.0,500.0,376200.0
1503,2021-10-13 02:59:03,162700.0,200.0,375700.0
1504,2021-10-13 02:59:03,162700.0,1000.0,375500.0
1505,2021-10-13 02:59:03,162500.0,200.0,374500.0
1506,2021-10-13 02:59:03,162500.0,2300.0,374300.0
1507,2021-10-13 02:59:02,162300.0,200.0,372000.0
1508,2021-10-13 02:58:57,162500.0,600.0,371800.0
1509,2021-10-13 02:58:46,162500.0,500.0,371200.0
1510,2021-10-13 02:58:35,162500.0,1600.0,370700.0
1511,2021-10-13 02:58:35,162500.0,3400.0,369100.0
1512,2021-10-13 02:58:19,162500.0,400.0,365700.0
1513,2021-10-13 02:57:44,162500.0,900.0,365300.0
1514,2021-10-13 02:57:44,162600.0,300.0,364400.0
1515,2021-10-13 02:57:35,162500.0,1100.0,364100.0
1516,2021-10-13 02:57:35,162500.0,200.0,363000.0
1517,2021-10-13 02:57:35,162500.0,300.0,362800.0
1518,2021-10-13 02:57:35,162500.0,500.0,362500.0
1519,2021-10-13 02:57:35,162500.0,1000.0,362000.0
1520,2021-10-13 02:57:35,162500.0,100.0,361000.0
1521,2021-10-13 02:57:35,162600.0,800.0,360900.0
1522,2021-10-13 02:57:19,162600.0,500.0,360100.0
1523,2021-10-13 02:57:19,162600.0,500.0,359600.0
1524,2021-10-13 02:57:19,162600.0,1000.0,359100.0
1525,2021-10-13 02:57:01,162700.0,100.0,358100.0
1526,2021-10-13 02:56:52,162700.0,200.0,358000.0
1527,2021-10-13 02:56:52,162700.0,200.0,357800.0
1528,2021-10-13 02:56:23,162700.0,100.0,357600.0
1529,2021-10-13 02:55:49,162700.0,100.0,357500.0
1530,2021-10-13 02:55:49,162700.0,200.0,357400.0
1531,2021-10-13 02:55:49,162700.0,100.0,357200.0
1532,2021-10-13 02:55:49,162700.0,100.0,357100.0
1533,2021-10-13 02:55:45,162700.0,100.0,357000.0
1534,2021-10-13 02:55:45,162700.0,1000.0,356900.0
1535,2021-10-13 02:55:45,162700.0,100.0,355900.0
1536,2021-10-13 02:55:24,162700.0,900.0,355800.0
1537,2021-10-13 02:55:24,162700.0,100.0,354900.0
1538,2021-10-13 02:55:18,162700.0,500.0,354800.0
1539,2021-10-13 02:54:56,162700.0,200.0,354300.0
1540,2021-10-13 02:54:40,162600.0,100.0,354100.0
1541,2021-10-13 02:54:40,162600.0,300.0,354000.0
1542,2021-10-13 02:54:38,162600.0,200.0,353700.0
1543,2021-10-13 02:54:35,162700.0,200.0,353500.0
1544,2021-10-13 02:54:35,162700.0,100.0,353300.0
1545,2021-10-13 02:54:26,162700.0,500.0,353200.0
1546,2021-10-13 02:54:25,162700.0,300.0,352700.0
1547,2021-10-13 02:54:11,162500.0,200.0,352400.0
1548,2021-10-13 02:53:49,162700.0,100.0,352200.0
1549,2021-10-13 02:53:23,162500.0,100.0,352100.0
1550,2021-10-13 02:53:20,162500.0,300.0,352000.0
1551,2021-10-13 02:53:20,162500.0,300.0,351700.0
1552,2021-10-13 02:52:40,162500.0,200.0,351400.0
1553,2021-10-13 02:52:37,162500.0,500.0,351200.0
1554,2021-10-13 02:52:26,162700.0,100.0,350700.0
1555,2021-10-13 02:52:20,162500.0,200.0,350600.0
1556,2021-10-13 02:52:17,162500.0,200.0,350400.0
1557,2021-10-13 02:52:17,162500.0,100.0,350200.0
1558,2021-10-13 02:51:50,162500.0,300.0,350100.0
1559,2021-10-13 02:51:44,162500.0,200.0,349800.0
1560,2021-10-13 02:51:35,162700.0,100.0,349600.0
1561,2021-10-13 02:51:24,162700.0,100.0,349500.0
1562,2021-10-13 02:51:19,162500.0,100.0,349400.0
1563,2021-10-13 02:51:09,162500.0,500.0,349300.0
1564,2021-10-13 02:51:09,162500.0,100.0,348800.0
1565,2021-10-13 02:51:09,162500.0,1000.0,348700.0
1566,2021-10-13 02:51:09,162500.0,1000.0,347700.0
1567,2021-10-13 02:51:09,162500.0,1000.0,346700.0
1568,2021-10-13 02:51:09,162500.0,100.0,345700.0
1569,2021-10-13 02:51:09,162500.0,300.0,345600.0
1570,2021-10-13 02:50:42,162500.0,500.0,345300.0
1571,2021-10-13 02:50:04,162500.0,1600.0,344800.0
1572,2021-10-13 02:50:04,162400.0,300.0,343200.0
1573,2021-10-13 02:49:59,162000.0,200.0,342900.0
1574,2021-10-13 02:49:59,162000.0,4600.0,342700.0
1575,2021-10-13 02:49:59,162000.0,500.0,338100.0
1576,2021-10-13 02:49:59,162000.0,100.0,337600.0
1577,2021-10-13 02:49:59,162000.0,1000.0,337500.0
1578,2021-10-13 02:49:59,162100.0,3000.0,336500.0
1579,2021-10-13 02:49:59,162200.0,600.0,333500.0
1580,2021-10-13 02:49:52,162200.0,400.0,332900.0
1581,2021-10-13 02:49:38,162400.0,100.0,332500.0
1582,2021-10-13 02:49:33,162400.0,300.0,332400.0
1583,2021-10-13 02:49:31,162400.0,300.0,332100.0
1584,2021-10-13 02:49:31,162400.0,100.0,331800.0
1585,2021-10-13 02:49:29,162500.0,300.0,331700.0
1586,2021-10-13 02:49:27,162500.0,3000.0,331400.0
1587,2021-10-13 02:49:19,162500.0,100.0,328400.0
1588,2021-10-13 02:49:13,162400.0,300.0,328300.0
1589,2021-10-13 02:49:12,162500.0,700.0,328000.0
1590,2021-10-13 02:49:12,162500.0,100.0,327300.0
1591,2021-10-13 02:49:09,162400.0,500.0,327200.0
1592,2021-10-13 02:48:49,162500.0,200.0,326700.0
1593,2021-10-13 02:48:38,162500.0,900.0,326500.0
1594,2021-10-13 02:48:04,162500.0,2300.0,325600.0
1595,2021-10-13 02:48:04,162500.0,700.0,323300.0
1596,2021-10-13 02:47:58,162000.0,1000.0,322600.0
1597,2021-10-13 02:47:46,162500.0,100.0,321600.0
1598,2021-10-13 02:47:37,162000.0,100.0,321500.0
1599,2021-10-13 02:47:36,162300.0,100.0,321400.0
1600,2021-10-13 02:47:35,162000.0,500.0,321300.0
1601,2021-10-13 02:47:31,162000.0,100.0,320800.0
1602,2021-10-13 02:47:30,162000.0,300.0,320700.0
1603,2021-10-13 02:47:26,162000.0,400.0,320400.0
1604,2021-10-13 02:47:26,162000.0,100.0,320000.0
1605,2021-10-13 02:47:26,162000.0,900.0,319900.0
1606,2021-10-13 02:47:26,162000.0,200.0,319000.0
1607,2021-10-13 02:47:26,162000.0,300.0,318800.0
1608,2021-10-13 02:47:26,162000.0,5000.0,318500.0
1609,2021-10-13 02:47:26,162000.0,100.0,313500.0
1610,2021-10-13 02:47:26,162000.0,1300.0,313400.0
1611,2021-10-13 02:47:26,162000.0,200.0,312100.0
1612,2021-10-13 02:47:26,162000.0,9500.0,311900.0
1613,2021-10-13 02:47:14,162000.0,500.0,302400.0
1614,2021-10-13 02:47:03,161900.0,300.0,301900.0
1615,2021-10-13 02:47:03,161900.0,3000.0,301600.0
1616,2021-10-13 02:47:03,161900.0,300.0,298600.0
1617,2021-10-13 02:47:03,161900.0,500.0,298300.0
1618,2021-10-13 02:47:01,161900.0,100.0,297800.0
1619,2021-10-13 02:46:20,161900.0,100.0,297700.0
1620,2021-10-13 02:45:36,161400.0,200.0,297600.0
1621,2021-10-13 02:45:22,161900.0,100.0,297400.0
1622,2021-10-13 02:45:10,161400.0,200.0,297300.0
1623,2021-10-13 02:45:01,161400.0,1000.0,297100.0
1624,2021-10-13 02:45:01,161400.0,100.0,296100.0
1625,2021-10-13 02:45:01,161400.0,100.0,296000.0
1626,2021-10-13 02:45:01,161600.0,300.0,295900.0
1627,2021-10-13 02:44:58,161800.0,100.0,295600.0
1628,2021-10-13 02:44:49,161800.0,100.0,295500.0
1629,2021-10-13 02:44:38,161600.0,100.0,295400.0
1630,2021-10-13 02:44:28,161600.0,100.0,295300.0
1631,2021-10-13 02:44:21,161600.0,100.0,295200.0
1632,2021-10-13 02:44:17,161600.0,700.0,295100.0
1633,2021-10-13 02:43:56,161600.0,1000.0,294400.0
1634,2021-10-13 02:43:55,161700.0,500.0,293400.0
1635,2021-10-13 02:43:21,161600.0,200.0,292900.0
1636,2021-10-13 02:43:18,161700.0,500.0,292700.0
1637,2021-10-13 02:43:18,161700.0,100.0,292200.0
1638,2021-10-13 02:43:18,161700.0,100.0,292100.0
1639,2021-10-13 02:43:18,161700.0,900.0,292000.0
1640,2021-10-13 02:43:17,161700.0,100.0,291100.0
1641,2021-10-13 02:43:02,161700.0,800.0,291000.0
1642,2021-10-13 02:42:56,161700.0,100.0,290200.0
1643,2021-10-13 02:42:37,161700.0,1600.0,290100.0
1644,2021-10-13 02:42:23,161700.0,100.0,288500.0
1645,2021-10-13 02:42:18,161700.0,500.0,288400.0
1646,2021-10-13 02:42:11,161700.0,400.0,287900.0
1647,2021-10-13 02:41:56,161700.0,2000.0,287500.0
1648,2021-10-13 02:41:53,161700.0,400.0,285500.0
1649,2021-10-13 02:41:41,161700.0,500.0,285100.0
1650,2021-10-13 02:41:30,161700.0,100.0,284600.0
1651,2021-10-13 02:41:26,161500.0,500.0,284500.0
1652,2021-10-13 02:41:20,161500.0,300.0,284000.0
1653,2021-10-13 02:41:20,161500.0,400.0,283700.0
1654,2021-10-13 02:41:20,161500.0,500.0,283300.0
1655,2021-10-13 02:41:20,161500.0,1300.0,282800.0
1656,2021-10-13 02:41:16,161500.0,100.0,281500.0
1657,2021-10-13 02:41:07,161500.0,300.0,281400.0
1658,2021-10-13 02:41:05,161500.0,2500.0,281100.0
1659,2021-10-13 02:40:58,161500.0,2000.0,278600.0
1660,2021-10-13 02:40:54,161500.0,500.0,276600.0
1661,2021-10-13 02:40:46,161500.0,500.0,276100.0
1662,2021-10-13 02:40:38,161500.0,100.0,275600.0
1663,2021-10-13 02:40:38,161400.0,500.0,275500.0
1664,2021-10-13 02:40:38,161400.0,500.0,275000.0
1665,2021-10-13 02:40:25,161300.0,100.0,274500.0
1666,2021-10-13 02:40:25,161300.0,200.0,274400.0
1667,2021-10-13 02:40:15,161200.0,200.0,274200.0
1668,2021-10-13 02:40:15,161200.0,100.0,274000.0
1669,2021-10-13 02:40:15,161200.0,100.0,273900.0
1670,2021-10-13 02:40:15,161200.0,1400.0,273800.0
1671,2021-10-13 02:40:11,161200.0,200.0,272400.0
1672,2021-10-13 02:40:07,161200.0,400.0,272200.0
1673,2021-10-13 02:40:07,161200.0,1000.0,271800.0
1674,2021-10-13 02:40:01,161100.0,100.0,270800.0
1675,2021-10-13 02:39:55,161000.0,100.0,270700.0
1676,2021-10-13 02:39:55,161000.0,300.0,270600.0
1677,2021-10-13 02:39:34,161100.0,100.0,270300.0
1678,2021-10-13 02:39:29,161200.0,100.0,270200.0
1679,2021-10-13 02:38:42,161200.0,900.0,270100.0
1680,2021-10-13 02:38:42,161200.0,100.0,269200.0
1681,2021-10-13 02:38:27,161000.0,1100.0,269100.0
1682,2021-10-13 02:38:27,161000.0,200.0,268000.0
1683,2021-10-13 02:38:27,161000.0,500.0,267800.0
1684,2021-10-13 02:38:27,161000.0,1100.0,267300.0
1685,2021-10-13 02:38:11,160900.0,200.0,266200.0
1686,2021-10-13 02:38:11,160900.0,1800.0,266000.0
1687,2021-10-13 02:38:10,160900.0,500.0,264200.0
1688,2021-10-13 02:38:02,160900.0,1000.0,263700.0
1689,2021-10-13 02:38:01,160900.0,500.0,262700.0
1690,2021-10-13 02:38:01,160900.0,300.0,262200.0
1691,2021-10-13 02:38:01,160900.0,700.0,261900.0
1692,2021-10-13 02:38:01,160900.0,200.0,261200.0
1693,2021-10-13 02:37:48,161000.0,100.0,261000.0
1694,2021-10-13 02:37:47,161000.0,100.0,260900.0
1695,2021-10-13 02:37:46,161000.0,100.0,260800.0
1696,2021-10-13 02:37:41,161000.0,300.0,260700.0
1697,2021-10-13 02:37:05,161000.0,500.0,260400.0
1698,2021-10-13 02:37:04,161000.0,500.0,259900.0
1699,2021-10-13 02:36:54,161000.0,800.0,259400.0
1700,2021-10-13 02:36:50,161000.0,100.0,258600.0
1701,2021-10-13 02:36:50,161000.0,500.0,258500.0
1702,2021-10-13 02:36:50,161000.0,100.0,258000.0
1703,2021-10-13 02:36:50,161000.0,100.0,257900.0
1704,2021-10-13 02:36:50,161000.0,400.0,257800.0
1705,2021-10-13 02:36:50,161000.0,100.0,257400.0
1706,2021-10-13 02:36:50,161000.0,1000.0,257300.0
1707,2021-10-13 02:36:50,161000.0,500.0,256300.0
1708,2021-10-13 02:36:50,161000.0,1000.0,255800.0
1709,2021-10-13 02:36:50,161000.0,100.0,254800.0
1710,2021-10-13 02:36:50,161000.0,100.0,254700.0
1711,2021-10-13 02:36:50,161000.0,100.0,254600.0
1712,2021-10-13 02:36:50,161000.0,500.0,254500.0
1713,2021-10-13 02:36:50,161000.0,1000.0,254000.0
1714,2021-10-13 02:36:50,161000.0,600.0,253000.0
1715,2021-10-13 02:36:50,161100.0,100.0,252400.0
1716,2021-10-13 02:36:50,161100.0,200.0,252300.0
1717,2021-10-13 02:36:42,161200.0,100.0,252100.0
1718,2021-10-13 02:36:42,161200.0,100.0,252000.0
1719,2021-10-13 02:36:42,161200.0,300.0,251900.0
1720,2021-10-13 02:36:39,161500.0,300.0,251600.0
1721,2021-10-13 02:36:28,161200.0,100.0,251300.0
1722,2021-10-13 02:36:25,161500.0,1400.0,251200.0
1723,2021-10-13 02:36:25,161300.0,600.0,249800.0
1724,2021-10-13 02:36:19,161300.0,100.0,249200.0
1725,2021-10-13 02:36:19,161300.0,100.0,249100.0
1726,2021-10-13 02:36:08,161500.0,200.0,249000.0
1727,2021-10-13 02:35:49,161500.0,100.0,248800.0
1728,2021-10-13 02:35:36,161300.0,200.0,248700.0
1729,2021-10-13 02:35:25,161500.0,200.0,248500.0
1730,2021-10-13 02:35:24,161500.0,200.0,248300.0
1731,2021-10-13 02:35:17,161500.0,300.0,248100.0
1732,2021-10-13 02:34:21,161600.0,400.0,247800.0
1733,2021-10-13 02:34:08,161600.0,100.0,247400.0
1734,2021-10-13 02:34:01,161700.0,100.0,247300.0
1735,2021-10-13 02:33:57,161000.0,400.0,247200.0
1736,2021-10-13 02:33:57,161000.0,100.0,246800.0
1737,2021-10-13 02:33:57,161000.0,100.0,246700.0
1738,2021-10-13 02:33:57,161000.0,400.0,246600.0
1739,2021-10-13 02:33:57,161000.0,3400.0,246200.0
1740,2021-10-13 02:33:57,161000.0,100.0,242800.0
1741,2021-10-13 02:33:57,161000.0,100.0,242700.0
1742,2021-10-13 02:33:57,161000.0,100.0,242600.0
1743,2021-10-13 02:33:57,161000.0,300.0,242500.0
1744,2021-10-13 02:33:57,161000.0,300.0,242200.0
1745,2021-10-13 02:33:57,161000.0,1200.0,241900.0
1746,2021-10-13 02:33:57,161100.0,700.0,240700.0
1747,2021-10-13 02:33:57,161100.0,1000.0,240000.0
1748,2021-10-13 02:33:57,161100.0,200.0,239000.0
1749,2021-10-13 02:33:57,161100.0,100.0,238800.0
1750,2021-10-13 02:33:57,161100.0,600.0,238700.0
1751,2021-10-13 02:33:57,161200.0,100.0,238100.0
1752,2021-10-13 02:33:57,161200.0,500.0,238000.0
1753,2021-10-13 02:33:57,161300.0,300.0,237500.0
1754,2021-10-13 02:33:55,161700.0,100.0,237200.0
1755,2021-10-13 02:33:53,161700.0,100.0,237100.0
1756,2021-10-13 02:33:40,161700.0,100.0,237000.0
1757,2021-10-13 02:33:31,161700.0,100.0,236900.0
1758,2021-10-13 02:33:18,161900.0,500.0,236800.0
1759,2021-10-13 02:33:12,161900.0,100.0,236300.0
1760,2021-10-13 02:33:01,161800.0,1000.0,236200.0
1761,2021-10-13 02:32:40,161900.0,500.0,235200.0
1762,2021-10-13 02:32:39,161800.0,100.0,234700.0
1763,2021-10-13 02:32:23,161800.0,1000.0,234600.0
1764,2021-10-13 02:32:17,161000.0,2600.0,233600.0
1765,2021-10-13 02:32:17,161100.0,2000.0,231000.0
1766,2021-10-13 02:32:14,161900.0,1000.0,229000.0
1767,2021-10-13 02:32:11,161000.0,100.0,228000.0
1768,2021-10-13 02:32:05,161000.0,200.0,227900.0
1769,2021-10-13 02:31:58,161000.0,900.0,227700.0
1770,2021-10-13 02:31:57,161000.0,200.0,226800.0
1771,2021-10-13 02:31:54,161000.0,200.0,226600.0
1772,2021-10-13 02:31:54,161000.0,500.0,226400.0
1773,2021-10-13 02:31:54,161000.0,100.0,225900.0
1774,2021-10-13 02:31:54,161100.0,100.0,225800.0
1775,2021-10-13 02:31:51,161500.0,100.0,225700.0
1776,2021-10-13 02:31:51,161500.0,100.0,225600.0
1777,2021-10-13 02:31:51,161500.0,2400.0,225500.0
1778,2021-10-13 02:31:50,161000.0,100.0,223100.0
1779,2021-10-13 02:31:50,161000.0,5000.0,223000.0
1780,2021-10-13 02:31:50,161000.0,500.0,218000.0
1781,2021-10-13 02:31:50,161000.0,600.0,217500.0
1782,2021-10-13 02:31:50,161000.0,2000.0,216900.0
1783,2021-10-13 02:31:35,161000.0,1500.0,214900.0
1784,2021-10-13 02:31:35,161000.0,100.0,213400.0
1785,2021-10-13 02:31:35,161000.0,200.0,213300.0
1786,2021-10-13 02:31:32,161000.0,200.0,213100.0
1787,2021-10-13 02:31:29,161000.0,1000.0,212900.0
1788,2021-10-13 02:31:29,161000.0,100.0,211900.0
1789,2021-10-13 02:31:29,161000.0,900.0,211800.0
1790,2021-10-13 02:31:26,161000.0,100.0,210900.0
1791,2021-10-13 02:31:26,161000.0,500.0,210800.0
1792,2021-10-13 02:31:26,161000.0,100.0,210300.0
1793,2021-10-13 02:31:26,161000.0,300.0,210200.0
1794,2021-10-13 02:31:23,161000.0,100.0,209900.0
1795,2021-10-13 02:31:16,161000.0,5800.0,209800.0
1796,2021-10-13 02:31:04,161000.0,100.0,204000.0
1797,2021-10-13 02:31:02,160900.0,200.0,203900.0
1798,2021-10-13 02:31:01,160900.0,100.0,203700.0
1799,2021-10-13 02:30:59,160900.0,300.0,203600.0
1800,2021-10-13 02:30:49,160900.0,200.0,203300.0
1801,2021-10-13 02:30:49,160900.0,200.0,203100.0
1802,2021-10-13 02:30:49,160900.0,100.0,202900.0
1803,2021-10-13 02:30:47,161000.0,100.0,202800.0
1804,2021-10-13 02:30:37,160900.0,100.0,202700.0
1805,2021-10-13 02:30:31,160900.0,300.0,202600.0
1806,2021-10-13 02:30:15,160900.0,100.0,202300.0
1807,2021-10-13 02:29:49,160300.0,300.0,202200.0
1808,2021-10-13 02:29:38,160300.0,300.0,201900.0
1809,2021-10-13 02:29:38,160300.0,100.0,201600.0
1810,2021-10-13 02:29:30,161000.0,200.0,201500.0
1811,2021-10-13 02:29:25,161000.0,100.0,201300.0
1812,2021-10-13 02:29:25,161000.0,1000.0,201200.0
1813,2021-10-13 02:29:23,161000.0,100.0,200200.0
1814,2021-10-13 02:29:21,161000.0,200.0,200100.0
1815,2021-10-13 02:29:17,161000.0,200.0,199900.0
1816,2021-10-13 02:29:17,161000.0,500.0,199700.0
1817,2021-10-13 02:29:16,161000.0,200.0,199200.0
1818,2021-10-13 02:29:16,161000.0,200.0,199000.0
1819,2021-10-13 02:29:16,161000.0,400.0,198800.0
1820,2021-10-13 02:29:16,161000.0,300.0,198400.0
1821,2021-10-13 02:29:16,161000.0,100.0,198100.0
1822,2021-10-13 02:29:16,161000.0,600.0,198000.0
1823,2021-10-13 02:29:15,161000.0,100.0,197400.0
1824,2021-10-13 02:29:09,161000.0,300.0,197300.0
1825,2021-10-13 02:29:09,161000.0,200.0,197000.0
1826,2021-10-13 02:28:58,161000.0,500.0,196800.0
1827,2021-10-13 02:28:47,161900.0,200.0,196300.0
1828,2021-10-13 02:28:29,162000.0,100.0,196100.0
1829,2021-10-13 02:28:25,161900.0,100.0,196000.0
1830,2021-10-13 02:28:23,162000.0,100.0,195900.0
1831,2021-10-13 02:28:20,162000.0,500.0,195800.0
1832,2021-10-13 02:28:18,162000.0,200.0,195300.0
1833,2021-10-13 02:28:13,162000.0,900.0,195100.0
1834,2021-10-13 02:28:11,162500.0,500.0,194200.0
1835,2021-10-13 02:28:11,162500.0,300.0,193700.0
1836,2021-10-13 02:28:11,162500.0,100.0,193400.0
1837,2021-10-13 02:28:11,162000.0,300.0,193300.0
1838,2021-10-13 02:28:11,162000.0,100.0,193000.0
1839,2021-10-13 02:28:11,162000.0,100.0,192900.0
1840,2021-10-13 02:28:11,162000.0,100.0,192800.0
1841,2021-10-13 02:28:10,162000.0,800.0,192700.0
1842,2021-10-13 02:28:10,162000.0,200.0,191900.0
1843,2021-10-13 02:28:10,162000.0,100.0,191700.0
1844,2021-10-13 02:28:10,162000.0,200.0,191600.0
1845,2021-10-13 02:28:10,162000.0,100.0,191400.0
1846,2021-10-13 02:28:10,162000.0,100.0,191300.0
1847,2021-10-13 02:28:10,162000.0,5000.0,191200.0
1848,2021-10-13 02:28:10,162000.0,5000.0,186200.0
1849,2021-10-13 02:28:10,162100.0,100.0,181200.0
1850,2021-10-13 02:28:10,162100.0,400.0,181100.0
1851,2021-10-13 02:28:06,162500.0,100.0,180700.0
1852,2021-10-13 02:28:02,162500.0,900.0,180600.0
1853,2021-10-13 02:27:56,162500.0,100.0,179700.0
1854,2021-10-13 02:27:54,162500.0,500.0,179600.0
1855,2021-10-13 02:27:40,162500.0,100.0,179100.0
1856,2021-10-13 02:27:36,162500.0,300.0,179000.0
1857,2021-10-13 02:27:36,162500.0,100.0,178700.0
1858,2021-10-13 02:27:33,162800.0,100.0,178600.0
1859,2021-10-13 02:27:33,162800.0,100.0,178500.0
1860,2021-10-13 02:27:33,162800.0,100.0,178400.0
1861,2021-10-13 02:27:33,162600.0,200.0,178300.0
1862,2021-10-13 02:27:31,162500.0,200.0,178100.0
1863,2021-10-13 02:27:25,162500.0,100.0,177900.0
1864,2021-10-13 02:27:25,162500.0,100.0,177800.0
1865,2021-10-13 02:27:25,162500.0,500.0,177700.0
1866,2021-10-13 02:27:21,162500.0,100.0,177200.0
1867,2021-10-13 02:27:21,162500.0,100.0,177100.0
1868,2021-10-13 02:27:21,162500.0,100.0,177000.0
1869,2021-10-13 02:27:11,162500.0,200.0,176900.0
1870,2021-10-13 02:27:11,162500.0,200.0,176700.0
1871,2021-10-13 02:27:07,162600.0,100.0,176500.0
1872,2021-10-13 02:27:07,162600.0,200.0,176400.0
1873,2021-10-13 02:27:01,162800.0,100.0,176200.0
1874,2021-10-13 02:26:47,162800.0,200.0,176100.0
1875,2021-10-13 02:26:43,162700.0,100.0,175900.0
1876,2021-10-13 02:26:43,162700.0,100.0,175800.0
1877,2021-10-13 02:26:43,162700.0,200.0,175700.0
1878,2021-10-13 02:26:43,162700.0,700.0,175500.0
1879,2021-10-13 02:26:43,162700.0,100.0,174800.0
1880,2021-10-13 02:26:43,162700.0,100.0,174700.0
1881,2021-10-13 02:26:25,162800.0,600.0,174600.0
1882,2021-10-13 02:26:25,162800.0,1000.0,174000.0
1883,2021-10-13 02:26:16,162800.0,300.0,173000.0
1884,2021-10-13 02:26:15,162800.0,200.0,172700.0
1885,2021-10-13 02:26:14,162800.0,100.0,172500.0
1886,2021-10-13 02:26:14,162800.0,100.0,172400.0
1887,2021-10-13 02:26:14,162800.0,1000.0,172300.0
1888,2021-10-13 02:26:14,162800.0,100.0,171300.0
1889,2021-10-13 02:26:14,162800.0,500.0,171200.0
1890,2021-10-13 02:26:09,162900.0,100.0,170700.0
1891,2021-10-13 02:26:06,162900.0,100.0,170600.0
1892,2021-10-13 02:25:40,162900.0,300.0,170500.0
1893,2021-10-13 02:25:40,162900.0,400.0,170200.0
1894,2021-10-13 02:25:29,162900.0,100.0,169800.0
1895,2021-10-13 02:25:14,162800.0,200.0,169700.0
1896,2021-10-13 02:25:12,162800.0,300.0,169500.0
1897,2021-10-13 02:25:12,162800.0,100.0,169200.0
1898,2021-10-13 02:25:11,162900.0,500.0,169100.0
1899,2021-10-13 02:25:11,162900.0,500.0,168600.0
1900,2021-10-13 02:25:06,162900.0,1600.0,168100.0
1901,2021-10-13 02:25:06,162800.0,100.0,166500.0
1902,2021-10-13 02:25:06,162800.0,600.0,166400.0
1903,2021-10-13 02:24:58,162900.0,200.0,165800.0
1904,2021-10-13 02:24:58,162800.0,600.0,165600.0
1905,2021-10-13 02:24:53,162800.0,300.0,165000.0
1906,2021-10-13 02:24:53,162800.0,100.0,164700.0
1907,2021-10-13 02:24:50,162800.0,200.0,164600.0
1908,2021-10-13 02:24:45,162900.0,100.0,164400.0
1909,2021-10-13 02:24:45,162900.0,100.0,164300.0
1910,2021-10-13 02:24:43,162800.0,500.0,164200.0
1911,2021-10-13 02:24:41,162800.0,200.0,163700.0
1912,2021-10-13 02:24:39,162800.0,100.0,163500.0
1913,2021-10-13 02:24:39,162800.0,200.0,163400.0
1914,2021-10-13 02:24:23,162900.0,100.0,163200.0
1915,2021-10-13 02:24:23,162900.0,500.0,163100.0
1916,2021-10-13 02:24:23,162900.0,400.0,162600.0
1917,2021-10-13 02:24:21,162900.0,300.0,162200.0
1918,2021-10-13 02:24:19,162900.0,300.0,161900.0
1919,2021-10-13 02:24:05,162800.0,500.0,161600.0
1920,2021-10-13 02:23:57,162800.0,500.0,161100.0
1921,2021-10-13 02:23:53,162800.0,500.0,160600.0
1922,2021-10-13 02:23:52,162800.0,100.0,160100.0
1923,2021-10-13 02:23:44,162700.0,200.0,160000.0
1924,2021-10-13 02:23:40,162800.0,100.0,159800.0
1925,2021-10-13 02:23:30,163000.0,200.0,159700.0
1926,2021-10-13 02:23:30,163000.0,600.0,159500.0
1927,2021-10-13 02:23:30,163000.0,100.0,158900.0
1928,2021-10-13 02:23:30,162800.0,100.0,158800.0
1929,2021-10-13 02:23:09,162800.0,100.0,158700.0
1930,2021-10-13 02:23:09,162800.0,200.0,158600.0
1931,2021-10-13 02:23:06,163000.0,400.0,158400.0
1932,2021-10-13 02:23:06,163000.0,100.0,158000.0
1933,2021-10-13 02:23:06,163000.0,500.0,157900.0
1934,2021-10-13 02:23:05,162800.0,100.0,157400.0
1935,2021-10-13 02:23:00,163000.0,1000.0,157300.0
1936,2021-10-13 02:22:54,163000.0,1000.0,156300.0
1937,2021-10-13 02:22:44,162800.0,200.0,155300.0
1938,2021-10-13 02:22:44,162800.0,300.0,155100.0
1939,2021-10-13 02:22:44,162800.0,200.0,154800.0
1940,2021-10-13 02:22:44,162800.0,3000.0,154600.0
1941,2021-10-13 02:22:44,162800.0,100.0,151600.0
1942,2021-10-13 02:22:44,162800.0,400.0,151500.0
1943,2021-10-13 02:22:41,162800.0,200.0,151100.0
1944,2021-10-13 02:22:37,163000.0,200.0,150900.0
1945,2021-10-13 02:22:37,163000.0,200.0,150700.0
1946,2021-10-13 02:22:27,163000.0,200.0,150500.0
1947,2021-10-13 02:22:26,162800.0,100.0,150300.0
1948,2021-10-13 02:22:22,162800.0,300.0,150200.0
1949,2021-10-13 02:22:11,162800.0,100.0,149900.0
1950,2021-10-13 02:22:11,162800.0,100.0,149800.0
1951,2021-10-13 02:22:11,162800.0,100.0,149700.0
1952,2021-10-13 02:22:11,162800.0,2000.0,149600.0
1953,2021-10-13 02:22:00,162700.0,100.0,147600.0
1954,2021-10-13 02:21:58,163000.0,5000.0,147500.0
1955,2021-10-13 02:21:52,162800.0,500.0,142500.0
1956,2021-10-13 02:21:52,162800.0,500.0,142000.0
1957,2021-10-13 02:21:51,163000.0,2000.0,141500.0
1958,2021-10-13 02:21:37,162800.0,200.0,139500.0
1959,2021-10-13 02:21:37,162800.0,100.0,139300.0
1960,2021-10-13 02:21:26,162800.0,100.0,139200.0
1961,2021-10-13 02:21:26,162800.0,100.0,139100.0
1962,2021-10-13 02:21:22,162800.0,1000.0,139000.0
1963,2021-10-13 02:21:22,162800.0,100.0,138000.0
1964,2021-10-13 02:21:20,163000.0,100.0,137900.0
1965,2021-10-13 02:21:17,162800.0,200.0,137800.0
1966,2021-10-13 02:21:17,162800.0,100.0,137600.0
1967,2021-10-13 02:21:17,162800.0,200.0,137500.0
1968,2021-10-13 02:21:17,162800.0,100.0,137300.0
1969,2021-10-13 02:21:14,163000.0,400.0,137200.0
1970,2021-10-13 02:21:01,163000.0,100.0,136800.0
1971,2021-10-13 02:21:01,163000.0,4300.0,136700.0
1972,2021-10-13 02:20:48,163000.0,1500.0,132400.0
1973,2021-10-13 02:20:42,163000.0,1000.0,130900.0
1974,2021-10-13 02:20:38,163000.0,1700.0,129900.0
1975,2021-10-13 02:20:34,163100.0,300.0,128200.0
1976,2021-10-13 02:20:33,163100.0,100.0,127900.0
1977,2021-10-13 02:20:24,163100.0,300.0,127800.0
1978,2021-10-13 02:20:24,163000.0,300.0,127500.0
1979,2021-10-13 02:20:21,163000.0,300.0,127200.0
1980,2021-10-13 02:20:21,163000.0,400.0,126900.0
1981,2021-10-13 02:20:21,163000.0,100.0,126500.0
1982,2021-10-13 02:20:21,163000.0,1100.0,126400.0
1983,2021-10-13 02:20:16,163000.0,200.0,125300.0
1984,2021-10-13 02:20:16,163000.0,300.0,125100.0
1985,2021-10-13 02:20:16,163000.0,500.0,124800.0
1986,2021-10-13 02:20:15,163100.0,100.0,124300.0
1987,2021-10-13 02:20:15,163100.0,200.0,124200.0
1988,2021-10-13 02:20:13,163000.0,200.0,124000.0
1989,2021-10-13 02:20:12,163000.0,200.0,123800.0
1990,2021-10-13 02:20:12,163000.0,100.0,123600.0
1991,2021-10-13 02:20:11,163000.0,400.0,123500.0
1992,2021-10-13 02:20:02,163000.0,200.0,123100.0
1993,2021-10-13 02:20:00,163000.0,100.0,122900.0
1994,2021-10-13 02:19:50,163000.0,200.0,122800.0
1995,2021-10-13 02:19:50,163000.0,100.0,122600.0
1996,2021-10-13 02:19:45,163000.0,500.0,122500.0
1997,2021-10-13 02:19:45,163000.0,1000.0,122000.0
1998,2021-10-13 02:19:36,163000.0,100.0,121000.0
1999,2021-10-13 02:19:36,163000.0,100.0,120900.0
2000,2021-10-13 02:19:36,163000.0,600.0,120800.0
2001,2021-10-13 02:19:36,163000.0,100.0,120200.0
2002,2021-10-13 02:19:36,163000.0,200.0,120100.0
2003,2021-10-13 02:19:36,163000.0,500.0,119900.0
2004,2021-10-13 02:19:36,163000.0,100.0,119400.0
2005,2021-10-13 02:19:36,163000.0,100.0,119300.0
2006,2021-10-13 02:19:36,163000.0,100.0,119200.0
2007,2021-10-13 02:19:36,163000.0,4000.0,119100.0
2008,2021-10-13 02:19:36,163000.0,500.0,115100.0
2009,2021-10-13 02:19:36,163000.0,3800.0,114600.0
2010,2021-10-13 02:19:34,163200.0,500.0,110800.0
2011,2021-10-13 02:19:34,163200.0,1000.0,110300.0
2012,2021-10-13 02:19:33,163000.0,100.0,109300.0
2013,2021-10-13 02:19:30,163000.0,100.0,109200.0
2014,2021-10-13 02:19:29,163000.0,100.0,109100.0
2015,2021-10-13 02:19:23,163000.0,900.0,109000.0
2016,2021-10-13 02:19:23,163000.0,200.0,108100.0
2017,2021-10-13 02:19:23,163200.0,1000.0,107900.0
2018,2021-10-13 02:19:13,163200.0,200.0,106900.0
2019,2021-10-13 02:18:59,163200.0,200.0,106700.0
2020,2021-10-13 02:18:56,163200.0,200.0,106500.0
2021,2021-10-13 02:18:51,163200.0,500.0,106300.0
2022,2021-10-13 02:18:45,163200.0,400.0,105800.0
2023,2021-10-13 02:18:45,163200.0,100.0,105400.0
2024,2021-10-13 02:18:44,163000.0,100.0,105300.0
2025,2021-10-13 02:18:40,163200.0,300.0,105200.0
2026,2021-10-13 02:18:39,163200.0,800.0,104900.0
2027,2021-10-13 02:18:36,163200.0,300.0,104100.0
2028,2021-10-13 02:18:31,163000.0,4500.0,103800.0
2029,2021-10-13 02:18:31,163100.0,3400.0,99300.0
2030,2021-10-13 02:18:31,163200.0,200.0,95900.0
2031,2021-10-13 02:18:31,163200.0,200.0,95700.0
2032,2021-10-13 02:18:31,163200.0,300.0,95500.0
2033,2021-10-13 02:18:31,163200.0,1400.0,95200.0
2034,2021-10-13 02:18:29,163200.0,1000.0,93800.0
2035,2021-10-13 02:18:28,163200.0,100.0,92800.0
2036,2021-10-13 02:18:28,163200.0,100.0,92700.0
2037,2021-10-13 02:18:24,163300.0,300.0,92600.0
2038,2021-10-13 02:18:21,163200.0,700.0,92300.0
2039,2021-10-13 02:18:21,163200.0,1000.0,91600.0
2040,2021-10-13 02:18:21,163200.0,200.0,90600.0
2041,2021-10-13 02:18:21,163200.0,200.0,90400.0
2042,2021-10-13 02:18:21,163200.0,300.0,90200.0
2043,2021-10-13 02:18:15,163200.0,100.0,89900.0
2044,2021-10-13 02:18:03,163000.0,100.0,89800.0
2045,2021-10-13 02:18:03,163000.0,600.0,89700.0
