,Time,Price,Volume_per_trade,Volume
0,2021-10-21 07:45:02,161000.0,900.0,1478000.0
1,2021-10-21 07:45:02,161000.0,100.0,1477100.0
2,2021-10-21 07:45:02,161000.0,300.0,1477000.0
3,2021-10-21 07:45:02,161000.0,500.0,1476700.0
4,2021-10-21 07:45:02,161000.0,100.0,1476200.0
5,2021-10-21 07:45:02,161000.0,100.0,1476100.0
6,2021-10-21 07:45:02,161000.0,100.0,1476000.0
7,2021-10-21 07:45:02,161000.0,100.0,1475900.0
8,2021-10-21 07:45:02,161000.0,4200.0,1475800.0
9,2021-10-21 07:45:02,161000.0,100.0,1471600.0
10,2021-10-21 07:45:02,161000.0,500.0,1471500.0
11,2021-10-21 07:45:02,161000.0,100.0,1471000.0
12,2021-10-21 07:45:02,161000.0,100.0,1470900.0
13,2021-10-21 07:45:02,161000.0,200.0,1470800.0
14,2021-10-21 07:45:02,161000.0,200.0,1470600.0
15,2021-10-21 07:45:02,161000.0,4800.0,1470400.0
16,2021-10-21 07:45:02,161000.0,200.0,1465600.0
17,2021-10-21 07:45:02,161000.0,100.0,1465400.0
18,2021-10-21 07:45:02,161000.0,100.0,1465300.0
19,2021-10-21 07:45:02,161000.0,900.0,1465200.0
20,2021-10-21 07:45:02,161000.0,100.0,1464300.0
21,2021-10-21 07:45:02,161000.0,400.0,1464200.0
22,2021-10-21 07:45:02,161000.0,600.0,1463800.0
23,2021-10-21 07:45:02,161000.0,400.0,1463200.0
24,2021-10-21 07:45:02,161000.0,600.0,1462800.0
25,2021-10-21 07:45:02,161000.0,1000.0,1462200.0
26,2021-10-21 07:45:02,161000.0,400.0,1461200.0
27,2021-10-21 07:45:02,161000.0,1500.0,1460800.0
28,2021-10-21 07:45:02,161000.0,500.0,1459300.0
29,2021-10-21 07:45:02,161000.0,400.0,1458800.0
30,2021-10-21 07:45:02,161000.0,200.0,1458400.0
31,2021-10-21 07:45:02,161000.0,2000.0,1458200.0
32,2021-10-21 07:45:02,161000.0,200.0,1456200.0
33,2021-10-21 07:45:02,161000.0,500.0,1456000.0
34,2021-10-21 07:45:02,161000.0,600.0,1455500.0
35,2021-10-21 07:45:02,161000.0,700.0,1454900.0
36,2021-10-21 07:45:02,161000.0,800.0,1454200.0
37,2021-10-21 07:45:02,161000.0,1000.0,1453400.0
38,2021-10-21 07:45:02,161000.0,400.0,1452400.0
39,2021-10-21 07:45:02,161000.0,400.0,1452000.0
40,2021-10-21 07:45:02,161000.0,1000.0,1451600.0
41,2021-10-21 07:45:02,161000.0,1000.0,1450600.0
42,2021-10-21 07:45:02,161000.0,500.0,1449600.0
43,2021-10-21 07:45:02,161000.0,100.0,1449100.0
44,2021-10-21 07:45:02,161000.0,200.0,1449000.0
45,2021-10-21 07:45:02,161000.0,100.0,1448800.0
46,2021-10-21 07:45:02,161000.0,700.0,1448700.0
47,2021-10-21 07:45:02,161000.0,100.0,1448000.0
48,2021-10-21 07:45:02,161000.0,100.0,1447900.0
49,2021-10-21 07:45:02,161000.0,200.0,1447800.0
50,2021-10-21 07:45:02,161000.0,1000.0,1447600.0
51,2021-10-21 07:45:02,161000.0,5000.0,1446600.0
52,2021-10-21 07:45:02,161000.0,100.0,1441600.0
53,2021-10-21 07:45:02,161000.0,200.0,1441500.0
54,2021-10-21 07:45:02,161000.0,200.0,1441300.0
55,2021-10-21 07:45:02,161000.0,2500.0,1441100.0
56,2021-10-21 07:45:02,161000.0,1000.0,1438600.0
57,2021-10-21 07:45:02,161000.0,400.0,1437600.0
58,2021-10-21 07:45:02,161000.0,100.0,1437200.0
59,2021-10-21 07:45:02,161000.0,400.0,1437100.0
60,2021-10-21 07:45:02,161000.0,400.0,1436700.0
61,2021-10-21 07:45:02,161000.0,15000.0,1436300.0
62,2021-10-21 07:45:02,161000.0,400.0,1421300.0
63,2021-10-21 07:45:02,161000.0,6100.0,1420900.0
64,2021-10-21 07:45:02,161000.0,100.0,1414800.0
65,2021-10-21 07:45:02,161000.0,100.0,1414700.0
66,2021-10-21 07:45:02,161000.0,20000.0,1414600.0
67,2021-10-21 07:45:02,161000.0,300.0,1394600.0
68,2021-10-21 07:45:02,161000.0,300.0,1394300.0
69,2021-10-21 07:45:02,161000.0,200.0,1394000.0
70,2021-10-21 07:45:02,161000.0,2900.0,1393800.0
71,2021-10-21 07:45:02,161000.0,4100.0,1390900.0
72,2021-10-21 07:45:02,161000.0,300.0,1386800.0
73,2021-10-21 07:45:02,161000.0,100.0,1386500.0
74,2021-10-21 07:29:50,159600.0,100.0,1386400.0
75,2021-10-21 07:29:38,159500.0,200.0,1386300.0
76,2021-10-21 07:29:31,159500.0,100.0,1386100.0
77,2021-10-21 07:29:25,159500.0,200.0,1386000.0
78,2021-10-21 07:29:22,159500.0,500.0,1385800.0
79,2021-10-21 07:29:01,159500.0,300.0,1385300.0
80,2021-10-21 07:29:01,159500.0,100.0,1385000.0
81,2021-10-21 07:29:01,159500.0,1800.0,1384900.0
82,2021-10-21 07:28:48,159300.0,400.0,1383100.0
83,2021-10-21 07:28:48,159400.0,600.0,1382700.0
84,2021-10-21 07:28:41,159500.0,100.0,1382100.0
85,2021-10-21 07:28:37,159400.0,400.0,1382000.0
86,2021-10-21 07:28:37,159400.0,100.0,1381600.0
87,2021-10-21 07:28:31,159500.0,300.0,1381500.0
88,2021-10-21 07:28:25,159400.0,400.0,1381200.0
89,2021-10-21 07:28:02,159400.0,1000.0,1380800.0
90,2021-10-21 07:28:02,159400.0,1700.0,1379800.0
91,2021-10-21 07:28:01,159500.0,200.0,1378100.0
92,2021-10-21 07:27:49,159500.0,100.0,1377900.0
93,2021-10-21 07:27:32,159500.0,100.0,1377800.0
94,2021-10-21 07:27:23,159500.0,900.0,1377700.0
95,2021-10-21 07:27:23,159500.0,200.0,1376800.0
96,2021-10-21 07:27:23,159500.0,300.0,1376600.0
97,2021-10-21 07:27:23,159500.0,800.0,1376300.0
98,2021-10-21 07:27:23,159500.0,500.0,1375500.0
99,2021-10-21 07:27:23,159500.0,300.0,1375000.0
100,2021-10-21 07:27:21,159400.0,200.0,1374700.0
101,2021-10-21 07:27:21,159400.0,100.0,1374500.0
102,2021-10-21 07:26:51,159400.0,1000.0,1374400.0
103,2021-10-21 07:26:26,159300.0,300.0,1373400.0
104,2021-10-21 07:26:26,159300.0,500.0,1373100.0
105,2021-10-21 07:26:13,159500.0,200.0,1372600.0
106,2021-10-21 07:26:13,159500.0,100.0,1372400.0
107,2021-10-21 07:26:13,159500.0,300.0,1372300.0
108,2021-10-21 07:26:13,159500.0,200.0,1372000.0
109,2021-10-21 07:26:13,159500.0,300.0,1371800.0
110,2021-10-21 07:26:13,159500.0,800.0,1371500.0
111,2021-10-21 07:26:08,159300.0,500.0,1370700.0
112,2021-10-21 07:26:08,159300.0,100.0,1370200.0
113,2021-10-21 07:26:08,159300.0,200.0,1370100.0
114,2021-10-21 07:26:08,159300.0,600.0,1369900.0
115,2021-10-21 07:25:45,159500.0,500.0,1369300.0
116,2021-10-21 07:25:18,159500.0,100.0,1368800.0
117,2021-10-21 07:25:13,159300.0,400.0,1368700.0
118,2021-10-21 07:25:11,159300.0,500.0,1368300.0
119,2021-10-21 07:25:03,159300.0,100.0,1367800.0
120,2021-10-21 07:24:56,159300.0,900.0,1367700.0
121,2021-10-21 07:24:32,159300.0,400.0,1366800.0
122,2021-10-21 07:24:32,159300.0,200.0,1366400.0
123,2021-10-21 07:24:32,159300.0,100.0,1366200.0
124,2021-10-21 07:24:32,159300.0,100.0,1366100.0
125,2021-10-21 07:24:28,159500.0,100.0,1366000.0
126,2021-10-21 07:24:12,159500.0,2000.0,1365900.0
127,2021-10-21 07:23:46,159300.0,400.0,1363900.0
128,2021-10-21 07:23:27,159500.0,300.0,1363500.0
129,2021-10-21 07:23:26,159500.0,1200.0,1363200.0
130,2021-10-21 07:23:26,159500.0,500.0,1362000.0
131,2021-10-21 07:23:24,159300.0,500.0,1361500.0
132,2021-10-21 07:23:17,159300.0,500.0,1361000.0
133,2021-10-21 07:23:17,159300.0,1000.0,1360500.0
134,2021-10-21 07:23:17,159300.0,500.0,1359500.0
135,2021-10-21 07:23:08,159300.0,100.0,1359000.0
136,2021-10-21 07:23:05,159200.0,600.0,1358900.0
137,2021-10-21 07:23:05,159200.0,400.0,1358300.0
138,2021-10-21 07:22:58,159200.0,600.0,1357900.0
139,2021-10-21 07:22:58,159200.0,400.0,1357300.0
140,2021-10-21 07:22:50,159300.0,300.0,1356900.0
141,2021-10-21 07:22:06,159200.0,1000.0,1356600.0
142,2021-10-21 07:21:49,159300.0,1000.0,1355600.0
143,2021-10-21 07:21:49,159300.0,100.0,1354600.0
144,2021-10-21 07:21:34,159500.0,100.0,1354500.0
145,2021-10-21 07:21:24,159300.0,100.0,1354400.0
146,2021-10-21 07:21:23,159300.0,800.0,1354300.0
147,2021-10-21 07:20:51,159300.0,600.0,1353500.0
148,2021-10-21 07:20:44,159200.0,100.0,1352900.0
149,2021-10-21 07:20:44,159200.0,200.0,1352800.0
150,2021-10-21 07:20:44,159200.0,1000.0,1352600.0
151,2021-10-21 07:20:44,159200.0,700.0,1351600.0
152,2021-10-21 07:20:39,159300.0,200.0,1350900.0
153,2021-10-21 07:20:38,159300.0,300.0,1350700.0
154,2021-10-21 07:20:38,159300.0,1700.0,1350400.0
155,2021-10-21 07:20:37,159300.0,400.0,1348700.0
156,2021-10-21 07:20:15,159300.0,100.0,1348300.0
157,2021-10-21 07:20:15,159300.0,100.0,1348200.0
158,2021-10-21 07:20:15,159300.0,100.0,1348100.0
159,2021-10-21 07:20:15,159300.0,300.0,1348000.0
160,2021-10-21 07:20:09,159500.0,100.0,1347700.0
161,2021-10-21 07:20:06,159500.0,700.0,1347600.0
162,2021-10-21 07:20:00,159500.0,500.0,1346900.0
163,2021-10-21 07:19:50,159500.0,100.0,1346400.0
164,2021-10-21 07:19:50,159500.0,100.0,1346300.0
165,2021-10-21 07:19:44,159300.0,500.0,1346200.0
166,2021-10-21 07:19:38,159300.0,200.0,1345700.0
167,2021-10-21 07:17:53,159200.0,100.0,1345500.0
168,2021-10-21 07:17:50,159500.0,300.0,1345400.0
169,2021-10-21 07:17:50,159500.0,100.0,1345100.0
170,2021-10-21 07:17:50,159500.0,100.0,1345000.0
171,2021-10-21 07:17:50,159400.0,1300.0,1344900.0
172,2021-10-21 07:17:50,159400.0,400.0,1343600.0
173,2021-10-21 07:17:03,159400.0,200.0,1343200.0
174,2021-10-21 07:16:08,159200.0,100.0,1343000.0
175,2021-10-21 07:16:08,159200.0,100.0,1342900.0
176,2021-10-21 07:16:08,159200.0,100.0,1342800.0
177,2021-10-21 07:16:08,159300.0,100.0,1342700.0
178,2021-10-21 07:16:08,159300.0,100.0,1342600.0
179,2021-10-21 07:16:08,159300.0,200.0,1342500.0
180,2021-10-21 07:16:08,159300.0,100.0,1342300.0
181,2021-10-21 07:16:04,159400.0,200.0,1342200.0
182,2021-10-21 07:16:04,159400.0,1200.0,1342000.0
183,2021-10-21 07:16:04,159400.0,300.0,1340800.0
184,2021-10-21 07:15:38,159400.0,1000.0,1340500.0
185,2021-10-21 07:15:25,159200.0,400.0,1339500.0
186,2021-10-21 07:15:24,159200.0,500.0,1339100.0
187,2021-10-21 07:15:13,159200.0,1000.0,1338600.0
188,2021-10-21 07:15:04,159200.0,100.0,1337600.0
189,2021-10-21 07:15:04,159200.0,300.0,1337500.0
190,2021-10-21 07:15:04,159200.0,600.0,1337200.0
191,2021-10-21 07:15:01,159200.0,400.0,1336600.0
192,2021-10-21 07:15:01,159200.0,600.0,1336200.0
193,2021-10-21 07:14:53,159200.0,100.0,1335600.0
194,2021-10-21 07:14:47,159200.0,300.0,1335500.0
195,2021-10-21 07:14:47,159200.0,200.0,1335200.0
196,2021-10-21 07:14:32,159200.0,800.0,1335000.0
197,2021-10-21 07:14:31,159200.0,100.0,1334200.0
198,2021-10-21 07:14:30,159200.0,100.0,1334100.0
199,2021-10-21 07:14:30,159200.0,100.0,1334000.0
200,2021-10-21 07:14:30,159200.0,700.0,1333900.0
201,2021-10-21 07:14:28,159200.0,1000.0,1333200.0
202,2021-10-21 07:14:26,159200.0,1000.0,1332200.0
203,2021-10-21 07:14:24,159200.0,1000.0,1331200.0
204,2021-10-21 07:14:23,159200.0,1000.0,1330200.0
205,2021-10-21 07:14:02,159200.0,300.0,1329200.0
206,2021-10-21 07:14:02,159200.0,500.0,1328900.0
207,2021-10-21 07:14:02,159300.0,200.0,1328400.0
208,2021-10-21 07:13:57,159300.0,300.0,1328200.0
209,2021-10-21 07:12:51,159100.0,100.0,1327900.0
210,2021-10-21 07:12:32,159100.0,600.0,1327800.0
211,2021-10-21 07:12:32,159100.0,200.0,1327200.0
212,2021-10-21 07:12:32,159200.0,100.0,1327000.0
213,2021-10-21 07:12:17,159100.0,200.0,1326900.0
214,2021-10-21 07:11:54,159100.0,100.0,1326700.0
215,2021-10-21 07:11:51,159300.0,600.0,1326600.0
216,2021-10-21 07:11:31,159100.0,100.0,1326000.0
217,2021-10-21 07:11:14,159000.0,200.0,1325900.0
218,2021-10-21 07:11:13,159000.0,5800.0,1325700.0
219,2021-10-21 07:11:13,159000.0,5000.0,1319900.0
220,2021-10-21 07:11:13,159000.0,200.0,1314900.0
221,2021-10-21 07:11:13,159000.0,200.0,1314700.0
222,2021-10-21 07:11:13,159000.0,100.0,1314500.0
223,2021-10-21 07:11:13,159000.0,400.0,1314400.0
224,2021-10-21 07:11:13,159000.0,200.0,1314000.0
225,2021-10-21 07:11:13,159000.0,100.0,1313800.0
226,2021-10-21 07:10:54,159000.0,900.0,1313700.0
227,2021-10-21 07:10:54,159000.0,1000.0,1312800.0
228,2021-10-21 07:10:54,159000.0,100.0,1311800.0
229,2021-10-21 07:10:54,159000.0,100.0,1311700.0
230,2021-10-21 07:10:54,159000.0,500.0,1311600.0
231,2021-10-21 07:10:54,159000.0,1000.0,1311100.0
232,2021-10-21 07:10:54,159000.0,100.0,1310100.0
233,2021-10-21 07:10:54,159000.0,100.0,1310000.0
234,2021-10-21 07:10:54,159000.0,200.0,1309900.0
235,2021-10-21 07:10:54,159100.0,1000.0,1309700.0
236,2021-10-21 07:10:53,159300.0,400.0,1308700.0
237,2021-10-21 07:10:46,159000.0,300.0,1308300.0
238,2021-10-21 07:10:46,159000.0,1000.0,1308000.0
239,2021-10-21 07:10:46,159000.0,1000.0,1307000.0
240,2021-10-21 07:10:46,159000.0,1000.0,1306000.0
241,2021-10-21 07:10:46,159000.0,1000.0,1305000.0
242,2021-10-21 07:10:46,159000.0,1000.0,1304000.0
243,2021-10-21 07:10:46,159000.0,500.0,1303000.0
244,2021-10-21 07:10:46,159000.0,5000.0,1302500.0
245,2021-10-21 07:10:46,159000.0,1000.0,1297500.0
246,2021-10-21 07:10:46,159000.0,700.0,1296500.0
247,2021-10-21 07:10:46,159000.0,500.0,1295800.0
248,2021-10-21 07:10:46,159000.0,100.0,1295300.0
249,2021-10-21 07:10:46,159000.0,100.0,1295200.0
250,2021-10-21 07:10:46,159000.0,100.0,1295100.0
251,2021-10-21 07:10:46,159000.0,300.0,1295000.0
252,2021-10-21 07:10:46,159000.0,300.0,1294700.0
253,2021-10-21 07:10:46,159000.0,300.0,1294400.0
254,2021-10-21 07:10:46,159000.0,1000.0,1294100.0
255,2021-10-21 07:10:46,159000.0,1000.0,1293100.0
256,2021-10-21 07:10:46,159000.0,1000.0,1292100.0
257,2021-10-21 07:10:46,159000.0,1000.0,1291100.0
258,2021-10-21 07:10:46,159000.0,900.0,1290100.0
259,2021-10-21 07:10:46,159300.0,900.0,1289200.0
260,2021-10-21 07:10:43,159300.0,100.0,1288300.0
261,2021-10-21 07:10:38,159300.0,900.0,1288200.0
262,2021-10-21 07:10:38,159300.0,100.0,1287300.0
263,2021-10-21 07:10:12,159000.0,2100.0,1287200.0
264,2021-10-21 07:10:12,159000.0,100.0,1285100.0
265,2021-10-21 07:10:12,159000.0,500.0,1285000.0
266,2021-10-21 07:10:12,159000.0,200.0,1284500.0
267,2021-10-21 07:10:12,159000.0,100.0,1284300.0
268,2021-10-21 07:10:12,159000.0,300.0,1284200.0
269,2021-10-21 07:10:12,159000.0,500.0,1283900.0
270,2021-10-21 07:10:12,159000.0,200.0,1283400.0
271,2021-10-21 07:10:12,159000.0,2000.0,1283200.0
272,2021-10-21 07:10:12,159000.0,5000.0,1281200.0
273,2021-10-21 07:10:12,159000.0,1000.0,1276200.0
274,2021-10-21 07:10:12,159100.0,200.0,1275200.0
275,2021-10-21 07:10:12,159100.0,200.0,1275000.0
276,2021-10-21 07:10:12,159100.0,300.0,1274800.0
277,2021-10-21 07:10:12,159100.0,100.0,1274500.0
278,2021-10-21 07:10:12,159200.0,200.0,1274400.0
279,2021-10-21 07:10:12,159200.0,1000.0,1274200.0
280,2021-10-21 07:10:12,159200.0,1000.0,1273200.0
281,2021-10-21 07:10:12,159300.0,100.0,1272200.0
282,2021-10-21 07:10:12,159300.0,200.0,1272100.0
283,2021-10-21 07:10:12,159300.0,800.0,1271900.0
284,2021-10-21 07:10:12,159300.0,100.0,1271100.0
285,2021-10-21 07:10:12,159300.0,200.0,1271000.0
286,2021-10-21 07:10:12,159300.0,1000.0,1270800.0
287,2021-10-21 07:10:12,159300.0,100.0,1269800.0
288,2021-10-21 07:10:12,159300.0,600.0,1269700.0
289,2021-10-21 07:10:12,159300.0,200.0,1269100.0
290,2021-10-21 07:10:12,159300.0,1400.0,1268900.0
291,2021-10-21 07:10:12,159300.0,100.0,1267500.0
292,2021-10-21 07:10:12,159300.0,1000.0,1267400.0
293,2021-10-21 07:10:12,159300.0,200.0,1266400.0
294,2021-10-21 07:10:12,159300.0,1000.0,1266200.0
295,2021-10-21 07:09:56,159300.0,400.0,1265200.0
296,2021-10-21 07:09:56,159300.0,1000.0,1264800.0
297,2021-10-21 07:09:56,159300.0,600.0,1263800.0
298,2021-10-21 07:09:45,159400.0,1000.0,1263200.0
299,2021-10-21 07:09:39,159300.0,400.0,1262200.0
300,2021-10-21 07:09:39,159300.0,100.0,1261800.0
301,2021-10-21 07:09:39,159400.0,400.0,1261700.0
302,2021-10-21 07:09:39,159400.0,100.0,1261300.0
303,2021-10-21 07:09:30,159400.0,100.0,1261200.0
304,2021-10-21 07:09:30,159400.0,1400.0,1261100.0
305,2021-10-21 07:09:08,159400.0,100.0,1259700.0
306,2021-10-21 07:08:47,159400.0,100.0,1259600.0
307,2021-10-21 07:08:46,159400.0,100.0,1259500.0
308,2021-10-21 07:08:46,159400.0,100.0,1259400.0
309,2021-10-21 07:08:46,159400.0,200.0,1259300.0
310,2021-10-21 07:08:34,159400.0,400.0,1259100.0
311,2021-10-21 07:08:32,159400.0,100.0,1258700.0
312,2021-10-21 07:08:32,159400.0,100.0,1258600.0
313,2021-10-21 07:08:32,159400.0,500.0,1258500.0
314,2021-10-21 07:08:32,159400.0,300.0,1258000.0
315,2021-10-21 07:08:04,159400.0,100.0,1257700.0
316,2021-10-21 07:07:45,159400.0,200.0,1257600.0
317,2021-10-21 07:07:45,159400.0,300.0,1257400.0
318,2021-10-21 07:07:27,159400.0,300.0,1257100.0
319,2021-10-21 07:07:25,159400.0,100.0,1256800.0
320,2021-10-21 07:07:18,159400.0,600.0,1256700.0
321,2021-10-21 07:06:48,159400.0,100.0,1256100.0
322,2021-10-21 07:06:48,159400.0,100.0,1256000.0
323,2021-10-21 07:06:48,159400.0,300.0,1255900.0
324,2021-10-21 07:06:45,159300.0,400.0,1255600.0
325,2021-10-21 07:06:40,159400.0,100.0,1255200.0
326,2021-10-21 07:06:35,159400.0,200.0,1255100.0
327,2021-10-21 07:06:08,159400.0,100.0,1254900.0
328,2021-10-21 07:06:02,159400.0,200.0,1254800.0
329,2021-10-21 07:06:02,159400.0,100.0,1254600.0
330,2021-10-21 07:06:02,159400.0,100.0,1254500.0
331,2021-10-21 07:06:02,159400.0,200.0,1254400.0
332,2021-10-21 07:06:02,159400.0,100.0,1254200.0
333,2021-10-21 07:05:56,159400.0,400.0,1254100.0
334,2021-10-21 07:05:48,159400.0,400.0,1253700.0
335,2021-10-21 07:05:45,159400.0,500.0,1253300.0
336,2021-10-21 07:05:29,159400.0,100.0,1252800.0
337,2021-10-21 07:05:28,159400.0,100.0,1252700.0
338,2021-10-21 07:05:22,159400.0,500.0,1252600.0
339,2021-10-21 07:05:22,159400.0,300.0,1252100.0
340,2021-10-21 07:05:22,159400.0,200.0,1251800.0
341,2021-10-21 07:05:17,159400.0,100.0,1251600.0
342,2021-10-21 07:05:16,159400.0,200.0,1251500.0
343,2021-10-21 07:04:44,159400.0,100.0,1251300.0
344,2021-10-21 07:04:23,159400.0,4400.0,1251200.0
345,2021-10-21 07:04:23,159400.0,100.0,1246800.0
346,2021-10-21 07:04:23,159400.0,100.0,1246700.0
347,2021-10-21 07:04:23,159400.0,1000.0,1246600.0
348,2021-10-21 07:04:23,159400.0,3400.0,1245600.0
349,2021-10-21 07:04:22,159500.0,100.0,1242200.0
350,2021-10-21 07:04:13,159400.0,100.0,1242100.0
351,2021-10-21 07:04:01,159400.0,100.0,1242000.0
352,2021-10-21 07:02:58,159400.0,100.0,1241900.0
353,2021-10-21 07:02:51,159300.0,200.0,1241800.0
354,2021-10-21 07:02:45,159300.0,800.0,1241600.0
355,2021-10-21 07:02:45,159400.0,500.0,1240800.0
356,2021-10-21 07:02:45,159400.0,400.0,1240300.0
357,2021-10-21 07:02:45,159400.0,100.0,1239900.0
358,2021-10-21 07:02:45,159400.0,200.0,1239800.0
359,2021-10-21 07:02:30,159400.0,300.0,1239600.0
360,2021-10-21 07:02:30,159400.0,300.0,1239300.0
361,2021-10-21 07:02:23,159400.0,700.0,1239000.0
362,2021-10-21 07:02:23,159400.0,100.0,1238300.0
363,2021-10-21 07:02:23,159400.0,100.0,1238200.0
364,2021-10-21 07:02:06,159400.0,200.0,1238100.0
365,2021-10-21 07:01:53,159400.0,100.0,1237900.0
366,2021-10-21 07:01:53,159400.0,100.0,1237800.0
367,2021-10-21 07:01:53,159400.0,200.0,1237700.0
368,2021-10-21 07:01:41,159300.0,100.0,1237500.0
369,2021-10-21 07:01:39,159300.0,4000.0,1237400.0
370,2021-10-21 07:01:32,159300.0,1000.0,1233400.0
371,2021-10-21 07:01:28,159300.0,1100.0,1232400.0
372,2021-10-21 07:01:13,159300.0,300.0,1231300.0
373,2021-10-21 07:00:53,159300.0,500.0,1231000.0
374,2021-10-21 07:00:40,159300.0,200.0,1230500.0
375,2021-10-21 07:00:30,159300.0,1300.0,1230300.0
376,2021-10-21 07:00:30,159400.0,1000.0,1229000.0
377,2021-10-21 07:00:30,159400.0,200.0,1228000.0
378,2021-10-21 07:00:30,159400.0,500.0,1227800.0
379,2021-10-21 06:59:10,159500.0,900.0,1227300.0
380,2021-10-21 06:59:04,159300.0,1700.0,1226400.0
381,2021-10-21 06:59:04,159300.0,100.0,1224700.0
382,2021-10-21 06:59:04,159300.0,1000.0,1224600.0
383,2021-10-21 06:59:04,159300.0,300.0,1223600.0
384,2021-10-21 06:59:04,159300.0,100.0,1223300.0
385,2021-10-21 06:59:04,159300.0,400.0,1223200.0
386,2021-10-21 06:58:37,159500.0,200.0,1222800.0
387,2021-10-21 06:58:32,159500.0,200.0,1222600.0
388,2021-10-21 06:58:32,159500.0,1300.0,1222400.0
389,2021-10-21 06:58:11,159500.0,200.0,1221100.0
390,2021-10-21 06:58:11,159500.0,200.0,1220900.0
391,2021-10-21 06:58:11,159500.0,200.0,1220700.0
392,2021-10-21 06:58:11,159500.0,100.0,1220500.0
393,2021-10-21 06:58:11,159400.0,300.0,1220400.0
394,2021-10-21 06:58:10,159400.0,500.0,1220100.0
395,2021-10-21 06:58:10,159400.0,1000.0,1219600.0
396,2021-10-21 06:58:10,159400.0,200.0,1218600.0
397,2021-10-21 06:58:10,159400.0,300.0,1218400.0
398,2021-10-21 06:58:10,159400.0,200.0,1218100.0
399,2021-10-21 06:58:03,159500.0,100.0,1217900.0
400,2021-10-21 06:58:03,159500.0,2900.0,1217800.0
401,2021-10-21 06:58:01,159400.0,100.0,1214900.0
402,2021-10-21 06:58:01,159400.0,400.0,1214800.0
403,2021-10-21 06:58:00,159500.0,100.0,1214400.0
404,2021-10-21 06:57:56,159500.0,100.0,1214300.0
405,2021-10-21 06:57:53,159500.0,500.0,1214200.0
406,2021-10-21 06:57:27,159500.0,300.0,1213700.0
407,2021-10-21 06:57:27,159500.0,1000.0,1213400.0
408,2021-10-21 06:57:27,159500.0,100.0,1212400.0
409,2021-10-21 06:57:15,159800.0,100.0,1212300.0
410,2021-10-21 06:57:12,159800.0,100.0,1212200.0
411,2021-10-21 06:57:12,159800.0,100.0,1212100.0
412,2021-10-21 06:57:11,159400.0,600.0,1212000.0
413,2021-10-21 06:57:11,159400.0,100.0,1211400.0
414,2021-10-21 06:57:02,159400.0,100.0,1211300.0
415,2021-10-21 06:57:02,159500.0,100.0,1211200.0
416,2021-10-21 06:57:02,159500.0,300.0,1211100.0
417,2021-10-21 06:57:00,159500.0,200.0,1210800.0
418,2021-10-21 06:56:58,159500.0,100.0,1210600.0
419,2021-10-21 06:56:52,159500.0,1000.0,1210500.0
420,2021-10-21 06:56:45,159500.0,100.0,1209500.0
421,2021-10-21 06:56:45,159500.0,1000.0,1209400.0
422,2021-10-21 06:56:45,159500.0,200.0,1208400.0
423,2021-10-21 06:56:45,159500.0,1400.0,1208200.0
424,2021-10-21 06:56:45,159500.0,200.0,1206800.0
425,2021-10-21 06:56:45,159500.0,800.0,1206600.0
426,2021-10-21 06:56:45,159500.0,100.0,1205800.0
427,2021-10-21 06:56:45,159500.0,3000.0,1205700.0
428,2021-10-21 06:56:45,159500.0,100.0,1202700.0
429,2021-10-21 06:56:45,159500.0,1000.0,1202600.0
430,2021-10-21 06:56:35,159800.0,100.0,1201600.0
431,2021-10-21 06:56:29,159500.0,100.0,1201500.0
432,2021-10-21 06:56:22,159800.0,100.0,1201400.0
433,2021-10-21 06:56:07,159500.0,300.0,1201300.0
434,2021-10-21 06:56:06,159500.0,200.0,1201000.0
435,2021-10-21 06:56:05,159500.0,700.0,1200800.0
436,2021-10-21 06:56:04,159500.0,700.0,1200100.0
437,2021-10-21 06:56:04,159500.0,100.0,1199400.0
438,2021-10-21 06:56:04,159500.0,100.0,1199300.0
439,2021-10-21 06:56:04,159500.0,800.0,1199200.0
440,2021-10-21 06:56:04,159500.0,300.0,1198400.0
441,2021-10-21 06:55:59,159500.0,700.0,1198100.0
442,2021-10-21 06:55:59,159500.0,1000.0,1197400.0
443,2021-10-21 06:55:59,159500.0,300.0,1196400.0
444,2021-10-21 06:55:59,159500.0,100.0,1196100.0
445,2021-10-21 06:55:59,159500.0,500.0,1196000.0
446,2021-10-21 06:55:59,159500.0,500.0,1195500.0
447,2021-10-21 06:55:59,159500.0,100.0,1195000.0
448,2021-10-21 06:55:59,159500.0,400.0,1194900.0
449,2021-10-21 06:55:59,159500.0,100.0,1194500.0
450,2021-10-21 06:55:59,159500.0,1000.0,1194400.0
451,2021-10-21 06:55:59,159500.0,200.0,1193400.0
452,2021-10-21 06:55:59,159500.0,300.0,1193200.0
453,2021-10-21 06:55:59,159500.0,300.0,1192900.0
454,2021-10-21 06:55:59,159600.0,100.0,1192600.0
455,2021-10-21 06:55:59,159600.0,200.0,1192500.0
456,2021-10-21 06:55:59,159600.0,2000.0,1192300.0
457,2021-10-21 06:55:59,159600.0,100.0,1190300.0
458,2021-10-21 06:55:59,159600.0,300.0,1190200.0
459,2021-10-21 06:55:59,159600.0,1000.0,1189900.0
460,2021-10-21 06:55:59,159600.0,100.0,1188900.0
461,2021-10-21 06:55:59,159700.0,200.0,1188800.0
462,2021-10-21 06:55:59,159700.0,500.0,1188600.0
463,2021-10-21 06:55:58,159700.0,500.0,1188100.0
464,2021-10-21 06:55:58,159700.0,100.0,1187600.0
465,2021-10-21 06:55:49,159800.0,200.0,1187500.0
466,2021-10-21 06:55:41,159800.0,100.0,1187300.0
467,2021-10-21 06:55:41,159800.0,100.0,1187200.0
468,2021-10-21 06:55:39,159800.0,100.0,1187100.0
469,2021-10-21 06:55:35,159900.0,100.0,1187000.0
470,2021-10-21 06:55:32,159800.0,300.0,1186900.0
471,2021-10-21 06:55:18,159800.0,200.0,1186600.0
472,2021-10-21 06:55:00,159900.0,2000.0,1186400.0
473,2021-10-21 06:54:33,159900.0,100.0,1184400.0
474,2021-10-21 06:54:27,159800.0,4500.0,1184300.0
475,2021-10-21 06:54:27,159800.0,100.0,1179800.0
476,2021-10-21 06:54:27,159800.0,400.0,1179700.0
477,2021-10-21 06:54:22,159900.0,200.0,1179300.0
478,2021-10-21 06:54:18,159900.0,200.0,1179100.0
479,2021-10-21 06:54:11,159900.0,200.0,1178900.0
480,2021-10-21 06:54:10,159900.0,1400.0,1178700.0
481,2021-10-21 06:53:44,159900.0,1000.0,1177300.0
482,2021-10-21 06:53:42,159900.0,200.0,1176300.0
483,2021-10-21 06:53:08,159900.0,200.0,1176100.0
484,2021-10-21 06:53:00,159900.0,100.0,1175900.0
485,2021-10-21 06:52:52,159900.0,1000.0,1175800.0
486,2021-10-21 06:52:52,159900.0,100.0,1174800.0
487,2021-10-21 06:52:52,159900.0,100.0,1174700.0
488,2021-10-21 06:52:52,159900.0,300.0,1174600.0
489,2021-10-21 06:52:52,159900.0,2000.0,1174300.0
490,2021-10-21 06:52:52,159900.0,100.0,1172300.0
491,2021-10-21 06:52:52,159900.0,5000.0,1172200.0
492,2021-10-21 06:52:52,160000.0,1000.0,1167200.0
493,2021-10-21 06:52:52,160000.0,1000.0,1166200.0
494,2021-10-21 06:52:52,160000.0,100.0,1165200.0
495,2021-10-21 06:52:52,160000.0,1600.0,1165100.0
496,2021-10-21 06:52:52,160000.0,2000.0,1163500.0
497,2021-10-21 06:52:52,160000.0,500.0,1161500.0
498,2021-10-21 06:52:52,160000.0,100.0,1161000.0
499,2021-10-21 06:52:52,160000.0,3100.0,1160900.0
500,2021-10-21 06:52:52,160000.0,300.0,1157800.0
501,2021-10-21 06:52:52,160000.0,100.0,1157500.0
502,2021-10-21 06:52:52,160000.0,1400.0,1157400.0
503,2021-10-21 06:52:52,160000.0,200.0,1156000.0
504,2021-10-21 06:52:52,160100.0,700.0,1155800.0
505,2021-10-21 06:52:52,160100.0,300.0,1155100.0
506,2021-10-21 06:52:44,160100.0,100.0,1154800.0
507,2021-10-21 06:52:36,160000.0,800.0,1154700.0
508,2021-10-21 06:52:36,160100.0,200.0,1153900.0
509,2021-10-21 06:52:36,160100.0,1300.0,1153700.0
510,2021-10-21 06:52:36,160100.0,1000.0,1152400.0
511,2021-10-21 06:52:36,160100.0,6700.0,1151400.0
512,2021-10-21 06:52:28,160100.0,500.0,1144700.0
513,2021-10-21 06:52:27,160100.0,500.0,1144200.0
514,2021-10-21 06:52:26,160100.0,100.0,1143700.0
515,2021-10-21 06:52:18,160100.0,200.0,1143600.0
516,2021-10-21 06:52:16,160100.0,300.0,1143400.0
517,2021-10-21 06:51:55,160100.0,2000.0,1143100.0
518,2021-10-21 06:51:28,160300.0,2000.0,1141100.0
519,2021-10-21 06:51:28,160300.0,200.0,1139100.0
520,2021-10-21 06:51:26,160400.0,100.0,1138900.0
521,2021-10-21 06:51:06,160300.0,1300.0,1138800.0
522,2021-10-21 06:51:06,160300.0,200.0,1137500.0
523,2021-10-21 06:51:06,160300.0,500.0,1137300.0
524,2021-10-21 06:50:31,160400.0,500.0,1136800.0
525,2021-10-21 06:50:04,160500.0,200.0,1136300.0
526,2021-10-21 06:50:04,160500.0,1300.0,1136100.0
527,2021-10-21 06:49:47,160500.0,100.0,1134800.0
528,2021-10-21 06:49:43,160500.0,1400.0,1134700.0
529,2021-10-21 06:49:39,160500.0,600.0,1133300.0
530,2021-10-21 06:49:39,160500.0,400.0,1132700.0
531,2021-10-21 06:49:39,160500.0,100.0,1132300.0
532,2021-10-21 06:49:39,160500.0,100.0,1132200.0
533,2021-10-21 06:49:39,160500.0,2000.0,1132100.0
534,2021-10-21 06:49:39,160500.0,300.0,1130100.0
535,2021-10-21 06:48:18,160500.0,2200.0,1129800.0
536,2021-10-21 06:48:18,160500.0,100.0,1127600.0
537,2021-10-21 06:48:18,160500.0,600.0,1127500.0
538,2021-10-21 06:48:18,160500.0,100.0,1126900.0
539,2021-10-21 06:48:18,160500.0,200.0,1126800.0
540,2021-10-21 06:48:02,160600.0,800.0,1126600.0
541,2021-10-21 06:47:43,160800.0,100.0,1125800.0
542,2021-10-21 06:47:40,160800.0,100.0,1125700.0
543,2021-10-21 06:47:40,160800.0,400.0,1125600.0
544,2021-10-21 06:47:40,160800.0,1000.0,1125200.0
545,2021-10-21 06:47:19,160800.0,100.0,1124200.0
546,2021-10-21 06:46:36,160600.0,1000.0,1124100.0
547,2021-10-21 06:45:32,160800.0,100.0,1123100.0
548,2021-10-21 06:45:25,160800.0,200.0,1123000.0
549,2021-10-21 06:45:24,160800.0,700.0,1122800.0
550,2021-10-21 06:45:24,160800.0,200.0,1122100.0
551,2021-10-21 06:45:24,160800.0,100.0,1121900.0
552,2021-10-21 06:45:24,160800.0,400.0,1121800.0
553,2021-10-21 06:44:30,160800.0,100.0,1121400.0
554,2021-10-21 06:43:42,160800.0,2500.0,1121300.0
555,2021-10-21 06:43:42,160800.0,100.0,1118800.0
556,2021-10-21 06:43:42,160800.0,3400.0,1118700.0
557,2021-10-21 06:43:13,160800.0,200.0,1115300.0
558,2021-10-21 06:43:13,160800.0,1300.0,1115100.0
559,2021-10-21 06:42:15,160800.0,100.0,1113800.0
560,2021-10-21 06:42:08,160800.0,100.0,1113700.0
561,2021-10-21 06:41:58,160800.0,100.0,1113600.0
562,2021-10-21 06:41:58,160800.0,1200.0,1113500.0
563,2021-10-21 06:41:53,160800.0,1000.0,1112300.0
564,2021-10-21 06:41:01,160800.0,200.0,1111300.0
565,2021-10-21 06:41:01,160800.0,1400.0,1111100.0
566,2021-10-21 06:40:44,160800.0,100.0,1109700.0
567,2021-10-21 06:40:43,160800.0,1100.0,1109600.0
568,2021-10-21 06:40:32,160800.0,200.0,1108500.0
569,2021-10-21 06:40:25,160800.0,200.0,1108300.0
570,2021-10-21 06:40:25,160800.0,600.0,1108100.0
571,2021-10-21 06:40:21,160800.0,800.0,1107500.0
572,2021-10-21 06:40:21,160800.0,100.0,1106700.0
573,2021-10-21 06:40:15,160900.0,100.0,1106600.0
574,2021-10-21 06:39:02,160900.0,100.0,1106500.0
575,2021-10-21 06:38:53,160900.0,100.0,1106400.0
576,2021-10-21 06:38:41,160800.0,100.0,1106300.0
577,2021-10-21 06:38:02,160900.0,400.0,1106200.0
578,2021-10-21 06:38:02,160900.0,400.0,1105800.0
579,2021-10-21 06:37:24,160900.0,100.0,1105400.0
580,2021-10-21 06:36:52,160800.0,100.0,1105300.0
581,2021-10-21 06:36:52,160800.0,100.0,1105200.0
582,2021-10-21 06:36:52,160800.0,100.0,1105100.0
583,2021-10-21 06:36:38,160800.0,200.0,1105000.0
584,2021-10-21 06:36:38,160800.0,400.0,1104800.0
585,2021-10-21 06:36:38,160700.0,1000.0,1104400.0
586,2021-10-21 06:36:00,160800.0,100.0,1103400.0
587,2021-10-21 06:35:59,160800.0,100.0,1103300.0
588,2021-10-21 06:35:31,160800.0,100.0,1103200.0
589,2021-10-21 06:35:18,160300.0,2000.0,1103100.0
590,2021-10-21 06:34:24,160300.0,1000.0,1101100.0
591,2021-10-21 06:34:16,160300.0,500.0,1100100.0
592,2021-10-21 06:33:32,160300.0,100.0,1099600.0
593,2021-10-21 06:32:52,160300.0,200.0,1099500.0
594,2021-10-21 06:32:00,160000.0,200.0,1099300.0
595,2021-10-21 06:32:00,160000.0,500.0,1099100.0
596,2021-10-21 06:32:00,160000.0,100.0,1098600.0
597,2021-10-21 06:32:00,160000.0,500.0,1098500.0
598,2021-10-21 06:32:00,160000.0,2000.0,1098000.0
599,2021-10-21 06:32:00,160000.0,4700.0,1096000.0
600,2021-10-21 06:31:44,160300.0,100.0,1091300.0
601,2021-10-21 06:31:18,160300.0,3000.0,1091200.0
602,2021-10-21 06:31:16,160000.0,9600.0,1088200.0
603,2021-10-21 06:31:16,160200.0,300.0,1078600.0
604,2021-10-21 06:31:16,160200.0,100.0,1078300.0
605,2021-10-21 06:31:07,160300.0,300.0,1078200.0
606,2021-10-21 06:31:07,160300.0,300.0,1077900.0
607,2021-10-21 06:31:07,160300.0,100.0,1077600.0
608,2021-10-21 06:31:07,160300.0,100.0,1077500.0
609,2021-10-21 06:31:07,160300.0,5600.0,1077400.0
610,2021-10-21 06:31:07,160600.0,300.0,1071800.0
611,2021-10-21 06:30:27,160300.0,4700.0,1071500.0
612,2021-10-21 06:30:27,160500.0,200.0,1066800.0
613,2021-10-21 06:30:27,160500.0,1300.0,1066600.0
614,2021-10-21 06:30:27,160500.0,500.0,1065300.0
615,2021-10-21 06:30:27,160500.0,1700.0,1064800.0
616,2021-10-21 06:30:27,160600.0,200.0,1063100.0
617,2021-10-21 06:30:27,160600.0,1400.0,1062900.0
618,2021-10-21 06:29:32,160600.0,100.0,1061500.0
619,2021-10-21 06:29:32,160600.0,200.0,1061400.0
620,2021-10-21 06:27:54,160500.0,200.0,1061200.0
621,2021-10-21 06:27:52,160500.0,100.0,1061000.0
622,2021-10-21 06:27:52,160500.0,100.0,1060900.0
623,2021-10-21 06:27:52,160500.0,300.0,1060800.0
624,2021-10-21 06:27:46,160500.0,100.0,1060500.0
625,2021-10-21 06:27:23,160500.0,100.0,1060400.0
626,2021-10-21 06:27:23,160500.0,300.0,1060300.0
627,2021-10-21 06:27:18,160500.0,100.0,1060000.0
628,2021-10-21 06:27:04,160500.0,200.0,1059900.0
629,2021-10-21 06:27:04,160500.0,3000.0,1059700.0
630,2021-10-21 06:27:04,160500.0,600.0,1056700.0
631,2021-10-21 06:26:10,160500.0,100.0,1056100.0
632,2021-10-21 06:25:41,160500.0,200.0,1056000.0
633,2021-10-21 06:25:41,160500.0,1400.0,1055800.0
634,2021-10-21 06:25:40,160500.0,300.0,1054400.0
635,2021-10-21 06:25:40,160500.0,400.0,1054100.0
636,2021-10-21 06:25:16,160500.0,100.0,1053700.0
637,2021-10-21 06:25:10,160500.0,500.0,1053600.0
638,2021-10-21 06:25:10,160500.0,100.0,1053100.0
639,2021-10-21 06:25:10,160500.0,100.0,1053000.0
640,2021-10-21 06:25:10,160500.0,300.0,1052900.0
641,2021-10-21 06:24:30,160500.0,200.0,1052600.0
642,2021-10-21 06:24:05,160700.0,2000.0,1052400.0
643,2021-10-21 06:23:38,160700.0,900.0,1050400.0
644,2021-10-21 06:23:30,160700.0,200.0,1049500.0
645,2021-10-21 06:23:30,160700.0,1400.0,1049300.0
646,2021-10-21 06:23:14,160700.0,200.0,1047900.0
647,2021-10-21 06:22:39,160700.0,100.0,1047700.0
648,2021-10-21 06:22:22,160700.0,100.0,1047600.0
649,2021-10-21 06:22:12,160700.0,500.0,1047500.0
650,2021-10-21 06:21:39,160600.0,2000.0,1047000.0
651,2021-10-21 06:21:39,160600.0,200.0,1045000.0
652,2021-10-21 06:21:39,160600.0,1300.0,1044800.0
653,2021-10-21 06:21:25,160600.0,100.0,1043500.0
654,2021-10-21 06:21:07,160600.0,5800.0,1043400.0
655,2021-10-21 06:21:07,160600.0,200.0,1037600.0
656,2021-10-21 06:20:32,160600.0,800.0,1037400.0
657,2021-10-21 06:19:06,160500.0,1000.0,1036600.0
658,2021-10-21 06:18:48,160500.0,1500.0,1035600.0
659,2021-10-21 06:18:28,160500.0,1400.0,1034100.0
660,2021-10-21 06:18:27,160500.0,100.0,1032700.0
661,2021-10-21 06:18:27,160500.0,100.0,1032600.0
662,2021-10-21 06:18:18,160500.0,1000.0,1032500.0
663,2021-10-21 06:17:29,160300.0,100.0,1031500.0
664,2021-10-21 06:16:18,160200.0,900.0,1031400.0
665,2021-10-21 06:16:18,160200.0,200.0,1030500.0
666,2021-10-21 06:16:18,160200.0,100.0,1030300.0
667,2021-10-21 06:16:18,160200.0,600.0,1030200.0
668,2021-10-21 06:16:18,160300.0,200.0,1029600.0
669,2021-10-21 06:15:34,160200.0,700.0,1029400.0
670,2021-10-21 06:15:34,160200.0,1000.0,1028700.0
671,2021-10-21 06:15:34,160200.0,300.0,1027700.0
672,2021-10-21 06:14:22,160200.0,700.0,1027400.0
673,2021-10-21 06:14:12,160200.0,1000.0,1026700.0
674,2021-10-21 06:14:06,160200.0,300.0,1025700.0
675,2021-10-21 06:14:06,160200.0,700.0,1025400.0
676,2021-10-21 06:13:43,160200.0,100.0,1024700.0
677,2021-10-21 06:13:39,160000.0,1000.0,1024600.0
678,2021-10-21 06:13:33,160000.0,600.0,1023600.0
679,2021-10-21 06:13:33,160000.0,100.0,1023000.0
680,2021-10-21 06:13:33,160000.0,200.0,1022900.0
681,2021-10-21 06:13:33,160000.0,1200.0,1022700.0
682,2021-10-21 06:13:33,160000.0,1000.0,1021500.0
683,2021-10-21 06:13:33,160000.0,200.0,1020500.0
684,2021-10-21 06:13:33,160000.0,200.0,1020300.0
685,2021-10-21 06:13:33,160000.0,500.0,1020100.0
686,2021-10-21 06:13:33,160000.0,10700.0,1019600.0
687,2021-10-21 06:13:30,160000.0,300.0,1008900.0
688,2021-10-21 06:13:20,160000.0,1400.0,1008600.0
689,2021-10-21 06:13:15,160000.0,7600.0,1007200.0
690,2021-10-21 06:13:15,160000.0,400.0,999600.0
691,2021-10-21 06:12:33,159900.0,100.0,999200.0
692,2021-10-21 06:12:33,159900.0,800.0,999100.0
693,2021-10-21 06:12:10,159900.0,1000.0,998300.0
694,2021-10-21 06:12:09,159800.0,1400.0,997300.0
695,2021-10-21 06:12:09,159800.0,200.0,995900.0
696,2021-10-21 06:12:09,159800.0,100.0,995700.0
697,2021-10-21 06:12:09,159800.0,200.0,995600.0
698,2021-10-21 06:12:09,159800.0,100.0,995400.0
699,2021-10-21 06:12:08,159900.0,200.0,995300.0
700,2021-10-21 06:11:54,159900.0,1000.0,995100.0
701,2021-10-21 06:10:36,159800.0,1200.0,994100.0
702,2021-10-21 06:10:36,159800.0,100.0,992900.0
703,2021-10-21 06:10:36,159800.0,700.0,992800.0
704,2021-10-21 06:09:40,159800.0,400.0,992100.0
705,2021-10-21 06:09:16,159800.0,300.0,991700.0
706,2021-10-21 06:09:16,159800.0,300.0,991400.0
707,2021-10-21 06:09:16,159800.0,100.0,991100.0
708,2021-10-21 06:09:16,159800.0,900.0,991000.0
709,2021-10-21 06:09:14,159800.0,400.0,990100.0
710,2021-10-21 06:08:37,159900.0,300.0,989700.0
711,2021-10-21 06:08:30,159900.0,200.0,989400.0
712,2021-10-21 06:08:20,159900.0,100.0,989200.0
713,2021-10-21 06:08:20,159900.0,300.0,989100.0
714,2021-10-21 06:08:13,159900.0,1000.0,988800.0
715,2021-10-21 06:07:20,159900.0,500.0,987800.0
716,2021-10-21 06:07:20,159900.0,100.0,987300.0
717,2021-10-21 06:07:20,159900.0,200.0,987200.0
718,2021-10-21 06:07:17,159900.0,2000.0,987000.0
719,2021-10-21 06:06:23,160000.0,100.0,985000.0
720,2021-10-21 06:06:11,159900.0,200.0,984900.0
721,2021-10-21 06:06:11,159900.0,200.0,984700.0
722,2021-10-21 06:06:11,159900.0,500.0,984500.0
723,2021-10-21 06:06:11,159900.0,200.0,984000.0
724,2021-10-21 06:06:11,159900.0,1700.0,983800.0
725,2021-10-21 06:06:10,159900.0,200.0,982100.0
726,2021-10-21 06:05:58,159900.0,200.0,981900.0
727,2021-10-21 06:05:29,159900.0,100.0,981700.0
728,2021-10-21 06:04:20,159800.0,1700.0,981600.0
729,2021-10-21 06:04:04,159800.0,200.0,979900.0
730,2021-10-21 06:04:04,159800.0,100.0,979700.0
731,2021-10-21 06:04:04,159800.0,200.0,979600.0
732,2021-10-21 06:04:04,159800.0,100.0,979400.0
733,2021-10-21 06:04:04,159800.0,200.0,979300.0
734,2021-10-21 06:02:48,159800.0,100.0,979100.0
735,2021-10-21 06:01:15,159800.0,400.0,979000.0
736,2021-10-21 06:01:15,159800.0,100.0,978600.0
737,2021-10-21 06:00:23,159900.0,200.0,978500.0
738,2021-10-21 06:00:23,159900.0,1500.0,978300.0
739,2021-10-21 06:00:12,159900.0,100.0,976800.0
740,2021-10-21 06:00:11,159900.0,100.0,976700.0
741,2021-10-21 06:00:01,159700.0,100.0,976600.0
742,2021-10-21 04:29:38,159900.0,100.0,976500.0
743,2021-10-21 04:29:24,159900.0,100.0,976400.0
744,2021-10-21 04:29:22,159900.0,300.0,976300.0
745,2021-10-21 04:29:21,159500.0,200.0,976000.0
746,2021-10-21 04:29:16,159900.0,3000.0,975800.0
747,2021-10-21 04:28:51,159500.0,200.0,972800.0
748,2021-10-21 04:28:51,159500.0,500.0,972600.0
749,2021-10-21 04:28:51,159600.0,200.0,972100.0
750,2021-10-21 04:28:51,159600.0,100.0,971900.0
751,2021-10-21 04:28:51,159900.0,500.0,971800.0
752,2021-10-21 04:28:44,159900.0,100.0,971300.0
753,2021-10-21 04:28:32,159900.0,200.0,971200.0
754,2021-10-21 04:28:32,159900.0,200.0,971000.0
755,2021-10-21 04:28:27,159900.0,100.0,970800.0
756,2021-10-21 04:28:27,159900.0,400.0,970700.0
757,2021-10-21 04:28:08,159900.0,100.0,970300.0
758,2021-10-21 04:26:16,159500.0,100.0,970200.0
759,2021-10-21 04:26:16,159500.0,200.0,970100.0
760,2021-10-21 04:26:16,159500.0,1000.0,969900.0
761,2021-10-21 04:26:16,159500.0,1000.0,968900.0
762,2021-10-21 04:26:16,159500.0,100.0,967900.0
763,2021-10-21 04:26:16,159500.0,100.0,967800.0
764,2021-10-21 04:26:16,159500.0,500.0,967700.0
765,2021-10-21 04:26:08,159500.0,100.0,967200.0
766,2021-10-21 04:26:02,159500.0,100.0,967100.0
767,2021-10-21 04:25:23,159500.0,300.0,967000.0
768,2021-10-21 04:25:23,159500.0,1000.0,966700.0
769,2021-10-21 04:25:23,159500.0,100.0,965700.0
770,2021-10-21 04:25:23,159500.0,600.0,965600.0
771,2021-10-21 04:25:23,159500.0,1000.0,965000.0
772,2021-10-21 04:25:23,159500.0,200.0,964000.0
773,2021-10-21 04:25:23,159500.0,1100.0,963800.0
774,2021-10-21 04:25:23,159500.0,100.0,962700.0
775,2021-10-21 04:25:23,159500.0,100.0,962600.0
776,2021-10-21 04:25:23,159500.0,100.0,962500.0
777,2021-10-21 04:25:23,159500.0,400.0,962400.0
778,2021-10-21 04:25:10,159500.0,100.0,962000.0
779,2021-10-21 04:24:12,159500.0,5000.0,961900.0
780,2021-10-21 04:23:43,159900.0,100.0,956900.0
781,2021-10-21 04:23:32,159300.0,600.0,956800.0
782,2021-10-21 04:23:32,159500.0,1000.0,956200.0
783,2021-10-21 04:23:32,159500.0,100.0,955200.0
784,2021-10-21 04:23:32,159500.0,1000.0,955100.0
785,2021-10-21 04:23:32,159500.0,500.0,954100.0
786,2021-10-21 04:23:32,159500.0,2000.0,953600.0
787,2021-10-21 04:23:32,159500.0,500.0,951600.0
788,2021-10-21 04:23:32,159500.0,100.0,951100.0
789,2021-10-21 04:23:32,159500.0,500.0,951000.0
790,2021-10-21 04:23:32,159500.0,500.0,950500.0
791,2021-10-21 04:23:32,159600.0,100.0,950000.0
792,2021-10-21 04:23:32,159600.0,100.0,949900.0
793,2021-10-21 04:23:32,159600.0,1200.0,949800.0
794,2021-10-21 04:23:32,159600.0,1500.0,948600.0
795,2021-10-21 04:23:32,159800.0,100.0,947100.0
796,2021-10-21 04:23:32,159800.0,100.0,947000.0
797,2021-10-21 04:23:32,159800.0,100.0,946900.0
798,2021-10-21 04:23:31,159800.0,300.0,946800.0
799,2021-10-21 04:23:09,159800.0,100.0,946500.0
800,2021-10-21 04:23:08,159800.0,700.0,946400.0
801,2021-10-21 04:22:50,159800.0,2000.0,945700.0
802,2021-10-21 04:22:50,159900.0,200.0,943700.0
803,2021-10-21 04:22:49,159900.0,100.0,943500.0
804,2021-10-21 04:22:49,159900.0,200.0,943400.0
805,2021-10-21 04:22:33,159800.0,100.0,943200.0
806,2021-10-21 04:22:20,159900.0,300.0,943100.0
807,2021-10-21 04:22:15,159900.0,700.0,942800.0
808,2021-10-21 04:22:07,159900.0,100.0,942100.0
809,2021-10-21 04:22:07,159900.0,200.0,942000.0
810,2021-10-21 04:21:24,160000.0,900.0,941800.0
811,2021-10-21 04:21:21,159900.0,1000.0,940900.0
812,2021-10-21 04:21:11,160000.0,100.0,939900.0
813,2021-10-21 04:20:38,160000.0,200.0,939800.0
814,2021-10-21 04:20:38,160000.0,400.0,939600.0
815,2021-10-21 04:20:38,160000.0,700.0,939200.0
816,2021-10-21 04:20:07,160000.0,400.0,938500.0
817,2021-10-21 04:20:07,160000.0,100.0,938100.0
818,2021-10-21 04:20:07,160000.0,2000.0,938000.0
819,2021-10-21 04:20:07,160000.0,500.0,936000.0
820,2021-10-21 04:20:07,160000.0,1000.0,935500.0
821,2021-10-21 04:20:07,160000.0,200.0,934500.0
822,2021-10-21 04:20:07,160000.0,100.0,934300.0
823,2021-10-21 04:20:07,160000.0,500.0,934200.0
824,2021-10-21 04:20:07,160000.0,500.0,933700.0
825,2021-10-21 04:20:07,160000.0,300.0,933200.0
826,2021-10-21 04:20:07,160000.0,1000.0,932900.0
827,2021-10-21 04:20:07,160000.0,900.0,931900.0
828,2021-10-21 04:20:07,160000.0,100.0,931000.0
829,2021-10-21 04:20:07,160000.0,1500.0,930900.0
830,2021-10-21 04:20:07,160000.0,2000.0,929400.0
831,2021-10-21 04:20:07,160000.0,8200.0,927400.0
832,2021-10-21 04:20:02,160000.0,2000.0,919200.0
833,2021-10-21 04:19:45,160000.0,100.0,917200.0
834,2021-10-21 04:19:45,160000.0,100.0,917100.0
835,2021-10-21 04:19:45,160000.0,100.0,917000.0
836,2021-10-21 04:19:45,160000.0,500.0,916900.0
837,2021-10-21 04:19:45,160000.0,500.0,916400.0
838,2021-10-21 04:19:45,160000.0,200.0,915900.0
839,2021-10-21 04:19:45,160000.0,500.0,915700.0
840,2021-10-21 04:19:45,160000.0,500.0,915200.0
841,2021-10-21 04:19:45,160000.0,100.0,914700.0
842,2021-10-21 04:19:45,160000.0,1000.0,914600.0
843,2021-10-21 04:19:45,160000.0,100.0,913600.0
844,2021-10-21 04:19:45,160000.0,100.0,913500.0
845,2021-10-21 04:19:45,160000.0,400.0,913400.0
846,2021-10-21 04:19:45,160000.0,100.0,913000.0
847,2021-10-21 04:19:45,160000.0,100.0,912900.0
848,2021-10-21 04:19:45,160000.0,200.0,912800.0
849,2021-10-21 04:19:45,160000.0,200.0,912600.0
850,2021-10-21 04:19:45,160000.0,200.0,912400.0
851,2021-10-21 04:19:45,160000.0,500.0,912200.0
852,2021-10-21 04:19:45,160000.0,600.0,911700.0
853,2021-10-21 04:19:45,160000.0,1000.0,911100.0
854,2021-10-21 04:19:45,160000.0,500.0,910100.0
855,2021-10-21 04:19:45,160000.0,400.0,909600.0
856,2021-10-21 04:19:45,160000.0,500.0,909200.0
857,2021-10-21 04:19:45,160000.0,1000.0,908700.0
858,2021-10-21 04:19:45,160000.0,1000.0,907700.0
859,2021-10-21 04:19:45,160000.0,400.0,906700.0
860,2021-10-21 04:19:45,160100.0,1500.0,906300.0
861,2021-10-21 04:19:45,160100.0,100.0,904800.0
862,2021-10-21 04:19:45,160100.0,1000.0,904700.0
863,2021-10-21 04:19:45,160100.0,1000.0,903700.0
864,2021-10-21 04:19:45,160100.0,300.0,902700.0
865,2021-10-21 04:19:45,160100.0,100.0,902400.0
866,2021-10-21 04:19:45,160100.0,100.0,902300.0
867,2021-10-21 04:19:45,160200.0,200.0,902200.0
868,2021-10-21 04:19:38,160200.0,100.0,902000.0
869,2021-10-21 04:19:38,160200.0,1500.0,901900.0
870,2021-10-21 04:19:38,160200.0,100.0,900400.0
871,2021-10-21 04:19:38,160200.0,200.0,900300.0
872,2021-10-21 04:19:38,160200.0,200.0,900100.0
873,2021-10-21 04:19:38,160200.0,1000.0,899900.0
874,2021-10-21 04:19:38,160200.0,500.0,898900.0
875,2021-10-21 04:19:38,160200.0,100.0,898400.0
876,2021-10-21 04:19:38,160200.0,300.0,898300.0
877,2021-10-21 04:18:54,160200.0,1300.0,898000.0
878,2021-10-21 04:18:46,160300.0,100.0,896700.0
879,2021-10-21 04:18:27,160300.0,100.0,896600.0
880,2021-10-21 04:18:27,160300.0,1100.0,896500.0
881,2021-10-21 04:18:20,160300.0,100.0,895400.0
882,2021-10-21 04:18:20,160300.0,100.0,895300.0
883,2021-10-21 04:18:20,160300.0,100.0,895200.0
884,2021-10-21 04:18:05,160300.0,200.0,895100.0
885,2021-10-21 04:18:05,160300.0,500.0,894900.0
886,2021-10-21 04:18:05,160300.0,200.0,894400.0
887,2021-10-21 04:18:05,160300.0,1100.0,894200.0
888,2021-10-21 04:16:15,160300.0,100.0,893100.0
889,2021-10-21 04:16:14,160300.0,100.0,893000.0
890,2021-10-21 04:15:59,160400.0,100.0,892900.0
891,2021-10-21 04:15:44,160300.0,1000.0,892800.0
892,2021-10-21 04:15:44,160300.0,1000.0,891800.0
893,2021-10-21 04:14:46,160200.0,3400.0,890800.0
894,2021-10-21 04:14:46,160200.0,2000.0,887400.0
895,2021-10-21 04:14:46,160200.0,500.0,885400.0
896,2021-10-21 04:14:46,160300.0,400.0,884900.0
897,2021-10-21 04:14:46,160400.0,700.0,884500.0
898,2021-10-21 04:14:46,160500.0,1300.0,883800.0
899,2021-10-21 04:14:45,160500.0,100.0,882500.0
900,2021-10-21 04:14:20,160500.0,300.0,882400.0
901,2021-10-21 04:14:16,160400.0,100.0,882100.0
902,2021-10-21 04:14:05,160500.0,200.0,882000.0
903,2021-10-21 04:14:05,160500.0,100.0,881800.0
904,2021-10-21 04:14:05,160500.0,100.0,881700.0
905,2021-10-21 04:14:05,160500.0,5000.0,881600.0
906,2021-10-21 04:14:05,160500.0,1400.0,876600.0
907,2021-10-21 04:14:05,160500.0,300.0,875200.0
908,2021-10-21 04:14:05,160500.0,100.0,874900.0
909,2021-10-21 04:14:05,160500.0,3000.0,874800.0
910,2021-10-21 04:14:05,160500.0,1100.0,871800.0
911,2021-10-21 04:14:05,160500.0,1600.0,870700.0
912,2021-10-21 04:14:05,160500.0,1200.0,869100.0
913,2021-10-21 04:14:05,160500.0,100.0,867900.0
914,2021-10-21 04:14:05,160500.0,100.0,867800.0
915,2021-10-21 04:14:05,160500.0,100.0,867700.0
916,2021-10-21 04:14:05,160500.0,4000.0,867600.0
917,2021-10-21 04:14:05,160600.0,200.0,863600.0
918,2021-10-21 04:14:05,160600.0,1100.0,863400.0
919,2021-10-21 04:13:43,160600.0,200.0,862300.0
920,2021-10-21 04:13:34,160600.0,100.0,862100.0
921,2021-10-21 04:13:34,160600.0,200.0,862000.0
922,2021-10-21 04:13:34,160600.0,100.0,861800.0
923,2021-10-21 04:13:34,160600.0,800.0,861700.0
924,2021-10-21 04:13:34,160600.0,500.0,860900.0
925,2021-10-21 04:13:34,160600.0,100.0,860400.0
926,2021-10-21 04:13:34,160600.0,100.0,860300.0
927,2021-10-21 04:13:34,160700.0,500.0,860200.0
928,2021-10-21 04:13:34,160700.0,100.0,859700.0
929,2021-10-21 04:13:34,160700.0,500.0,859600.0
930,2021-10-21 04:13:34,160700.0,100.0,859100.0
931,2021-10-21 04:13:34,160700.0,700.0,859000.0
932,2021-10-21 04:11:56,160700.0,400.0,858300.0
933,2021-10-21 04:11:56,160700.0,1000.0,857900.0
934,2021-10-21 04:11:56,160700.0,100.0,856900.0
935,2021-10-21 04:11:56,160700.0,100.0,856800.0
936,2021-10-21 04:11:56,160800.0,200.0,856700.0
937,2021-10-21 04:11:56,160800.0,700.0,856500.0
938,2021-10-21 04:11:53,160800.0,400.0,855800.0
939,2021-10-21 04:11:34,160800.0,100.0,855400.0
940,2021-10-21 04:11:33,160800.0,100.0,855300.0
941,2021-10-21 04:10:50,160800.0,400.0,855200.0
942,2021-10-21 04:10:43,160800.0,100.0,854800.0
943,2021-10-21 04:09:41,160900.0,200.0,854700.0
944,2021-10-21 04:09:41,160900.0,1200.0,854500.0
945,2021-10-21 04:08:28,160900.0,200.0,853300.0
946,2021-10-21 04:08:23,160900.0,100.0,853100.0
947,2021-10-21 04:08:18,160900.0,200.0,853000.0
948,2021-10-21 04:07:55,160700.0,100.0,852800.0
949,2021-10-21 04:07:55,160700.0,400.0,852700.0
950,2021-10-21 04:07:26,160700.0,100.0,852300.0
951,2021-10-21 04:07:11,160700.0,600.0,852200.0
952,2021-10-21 04:07:11,160700.0,100.0,851600.0
953,2021-10-21 04:07:11,160700.0,200.0,851500.0
954,2021-10-21 04:07:11,160700.0,1100.0,851300.0
955,2021-10-21 04:07:11,160700.0,100.0,850200.0
956,2021-10-21 04:07:11,160700.0,500.0,850100.0
957,2021-10-21 04:07:11,160700.0,100.0,849600.0
958,2021-10-21 04:07:11,160700.0,1200.0,849500.0
959,2021-10-21 04:07:11,160700.0,700.0,848300.0
960,2021-10-21 04:07:11,160700.0,300.0,847600.0
961,2021-10-21 04:07:11,160800.0,100.0,847300.0
962,2021-10-21 04:04:54,160700.0,300.0,847200.0
963,2021-10-21 04:04:54,160700.0,300.0,846900.0
964,2021-10-21 04:04:54,160700.0,200.0,846600.0
965,2021-10-21 04:04:54,160800.0,200.0,846400.0
966,2021-10-21 04:04:36,160900.0,100.0,846200.0
967,2021-10-21 04:04:36,160900.0,200.0,846100.0
968,2021-10-21 04:03:59,160900.0,800.0,845900.0
969,2021-10-21 04:03:50,160800.0,100.0,845100.0
970,2021-10-21 04:03:50,160800.0,100.0,845000.0
971,2021-10-21 04:03:50,160800.0,1100.0,844900.0
972,2021-10-21 04:03:50,160800.0,200.0,843800.0
973,2021-10-21 04:03:50,160800.0,1200.0,843600.0
974,2021-10-21 04:03:50,160800.0,300.0,842400.0
975,2021-10-21 04:03:11,160900.0,200.0,842100.0
976,2021-10-21 04:03:11,160900.0,1100.0,841900.0
977,2021-10-21 04:03:11,160900.0,100.0,840800.0
978,2021-10-21 04:03:11,160900.0,100.0,840700.0
979,2021-10-21 04:03:11,160900.0,200.0,840600.0
980,2021-10-21 04:03:11,160900.0,3300.0,840400.0
981,2021-10-21 04:00:17,160900.0,300.0,837100.0
982,2021-10-21 03:59:33,160900.0,400.0,836800.0
983,2021-10-21 03:59:33,160900.0,100.0,836400.0
984,2021-10-21 03:59:33,160900.0,100.0,836300.0
985,2021-10-21 03:59:27,160900.0,200.0,836200.0
986,2021-10-21 03:58:54,161000.0,100.0,836000.0
987,2021-10-21 03:58:34,160900.0,200.0,835900.0
988,2021-10-21 03:58:15,160900.0,100.0,835700.0
989,2021-10-21 03:57:58,160900.0,100.0,835600.0
990,2021-10-21 03:57:50,160900.0,100.0,835500.0
991,2021-10-21 03:57:45,161000.0,100.0,835400.0
992,2021-10-21 03:57:16,161000.0,200.0,835300.0
993,2021-10-21 03:56:08,160800.0,200.0,835100.0
994,2021-10-21 03:56:08,160800.0,100.0,834900.0
995,2021-10-21 03:55:52,161000.0,200.0,834800.0
996,2021-10-21 03:55:09,161000.0,300.0,834600.0
997,2021-10-21 03:54:17,160800.0,500.0,834300.0
998,2021-10-21 03:54:17,160800.0,1000.0,833800.0
999,2021-10-21 03:54:17,160800.0,200.0,832800.0
1000,2021-10-21 03:54:17,160800.0,1100.0,832600.0
1001,2021-10-21 03:54:17,160800.0,900.0,831500.0
1002,2021-10-21 03:51:56,160800.0,100.0,830600.0
1003,2021-10-21 03:51:48,161000.0,500.0,830500.0
1004,2021-10-21 03:51:26,161000.0,400.0,830000.0
1005,2021-10-21 03:51:26,160900.0,100.0,829600.0
1006,2021-10-21 03:50:17,160700.0,400.0,829500.0
1007,2021-10-21 03:46:36,160700.0,400.0,829100.0
1008,2021-10-21 03:46:36,160700.0,1000.0,828700.0
1009,2021-10-21 03:46:36,160700.0,200.0,827700.0
1010,2021-10-21 03:46:36,160800.0,100.0,827500.0
1011,2021-10-21 03:45:36,161000.0,200.0,827400.0
1012,2021-10-21 03:45:36,161000.0,1100.0,827200.0
1013,2021-10-21 03:45:12,161000.0,100.0,826100.0
1014,2021-10-21 03:44:18,161000.0,1000.0,826000.0
1015,2021-10-21 03:43:57,161000.0,100.0,825000.0
1016,2021-10-21 03:43:24,161000.0,200.0,824900.0
1017,2021-10-21 03:43:24,161000.0,1100.0,824700.0
1018,2021-10-21 03:43:04,161000.0,100.0,823600.0
1019,2021-10-21 03:42:54,161000.0,1800.0,823500.0
1020,2021-10-21 03:42:26,161000.0,200.0,821700.0
1021,2021-10-21 03:42:26,161000.0,1000.0,821500.0
1022,2021-10-21 03:42:00,161000.0,1000.0,820500.0
1023,2021-10-21 03:42:00,161000.0,200.0,819500.0
1024,2021-10-21 03:42:00,161000.0,3300.0,819300.0
1025,2021-10-21 03:42:00,161000.0,200.0,816000.0
1026,2021-10-21 03:42:00,161000.0,200.0,815800.0
1027,2021-10-21 03:42:00,161000.0,100.0,815600.0
1028,2021-10-21 03:42:00,161000.0,200.0,815500.0
1029,2021-10-21 03:42:00,161000.0,100.0,815300.0
1030,2021-10-21 03:42:00,161000.0,100.0,815200.0
1031,2021-10-21 03:42:00,161000.0,1000.0,815100.0
1032,2021-10-21 03:42:00,161000.0,100.0,814100.0
1033,2021-10-21 03:42:00,161000.0,400.0,814000.0
1034,2021-10-21 03:42:00,161000.0,700.0,813600.0
1035,2021-10-21 03:42:00,161000.0,1200.0,812900.0
1036,2021-10-21 03:42:00,161000.0,400.0,811700.0
1037,2021-10-21 03:42:00,161200.0,400.0,811300.0
1038,2021-10-21 03:42:00,161200.0,100.0,810900.0
1039,2021-10-21 03:42:00,161200.0,200.0,810800.0
1040,2021-10-21 03:42:00,161300.0,200.0,810600.0
1041,2021-10-21 03:42:00,161300.0,1000.0,810400.0
1042,2021-10-21 03:42:00,161300.0,500.0,809400.0
1043,2021-10-21 03:41:13,161900.0,100.0,808900.0
1044,2021-10-21 03:41:13,161900.0,1100.0,808800.0
1045,2021-10-21 03:41:13,161900.0,100.0,807700.0
1046,2021-10-21 03:41:13,161900.0,100.0,807600.0
1047,2021-10-21 03:40:57,161900.0,100.0,807500.0
1048,2021-10-21 03:40:38,161900.0,100.0,807400.0
1049,2021-10-21 03:40:30,161800.0,100.0,807300.0
1050,2021-10-21 03:40:30,161800.0,100.0,807200.0
1051,2021-10-21 03:39:05,161800.0,200.0,807100.0
1052,2021-10-21 03:39:05,161800.0,200.0,806900.0
1053,2021-10-21 03:39:01,161800.0,900.0,806700.0
1054,2021-10-21 03:38:50,161800.0,100.0,805800.0
1055,2021-10-21 03:38:43,161500.0,100.0,805700.0
1056,2021-10-21 03:38:33,161400.0,100.0,805600.0
1057,2021-10-21 03:38:28,161400.0,100.0,805500.0
1058,2021-10-21 03:37:58,161500.0,200.0,805400.0
1059,2021-10-21 03:37:58,161500.0,200.0,805200.0
1060,2021-10-21 03:37:58,161500.0,100.0,805000.0
1061,2021-10-21 03:37:47,161500.0,100.0,804900.0
1062,2021-10-21 03:37:47,161500.0,1000.0,804800.0
1063,2021-10-21 03:37:47,161500.0,200.0,803800.0
1064,2021-10-21 03:37:47,161500.0,100.0,803600.0
1065,2021-10-21 03:37:47,161500.0,1100.0,803500.0
1066,2021-10-21 03:37:47,161500.0,200.0,802400.0
1067,2021-10-21 03:37:47,161500.0,100.0,802200.0
1068,2021-10-21 03:37:47,161500.0,500.0,802100.0
1069,2021-10-21 03:37:47,161500.0,200.0,801600.0
1070,2021-10-21 03:37:47,161500.0,100.0,801400.0
1071,2021-10-21 03:37:47,161500.0,200.0,801300.0
1072,2021-10-21 03:37:47,161500.0,1200.0,801100.0
1073,2021-10-21 03:37:47,161500.0,100.0,799900.0
1074,2021-10-21 03:37:47,161500.0,400.0,799800.0
1075,2021-10-21 03:37:47,161500.0,400.0,799400.0
1076,2021-10-21 03:37:47,161500.0,100.0,799000.0
1077,2021-10-21 03:37:47,161500.0,700.0,798900.0
1078,2021-10-21 03:37:14,161800.0,100.0,798200.0
1079,2021-10-21 03:36:50,161900.0,100.0,798100.0
1080,2021-10-21 03:36:50,161900.0,1100.0,798000.0
1081,2021-10-21 03:36:42,161900.0,100.0,796900.0
1082,2021-10-21 03:36:15,161900.0,100.0,796800.0
1083,2021-10-21 03:35:45,161900.0,100.0,796700.0
1084,2021-10-21 03:35:40,161900.0,200.0,796600.0
1085,2021-10-21 03:35:04,161900.0,100.0,796400.0
1086,2021-10-21 03:35:00,161900.0,100.0,796300.0
1087,2021-10-21 03:34:54,161900.0,100.0,796200.0
1088,2021-10-21 03:34:52,161900.0,100.0,796100.0
1089,2021-10-21 03:34:43,161900.0,100.0,796000.0
1090,2021-10-21 03:34:38,161900.0,500.0,795900.0
1091,2021-10-21 03:34:38,161900.0,700.0,795400.0
1092,2021-10-21 03:34:38,161900.0,200.0,794700.0
1093,2021-10-21 03:34:36,161900.0,100.0,794500.0
1094,2021-10-21 03:34:32,161900.0,100.0,794400.0
1095,2021-10-21 03:34:25,161900.0,100.0,794300.0
1096,2021-10-21 03:34:22,161800.0,200.0,794200.0
1097,2021-10-21 03:34:09,161800.0,100.0,794000.0
1098,2021-10-21 03:34:09,161800.0,700.0,793900.0
1099,2021-10-21 03:34:01,161800.0,500.0,793200.0
1100,2021-10-21 03:33:58,161800.0,500.0,792700.0
1101,2021-10-21 03:33:07,161800.0,500.0,792200.0
1102,2021-10-21 03:33:07,161800.0,400.0,791700.0
1103,2021-10-21 03:32:42,161500.0,1100.0,791300.0
1104,2021-10-21 03:32:42,161500.0,500.0,790200.0
1105,2021-10-21 03:32:42,161500.0,400.0,789700.0
1106,2021-10-21 03:32:42,161500.0,500.0,789300.0
1107,2021-10-21 03:32:42,161500.0,200.0,788800.0
1108,2021-10-21 03:32:42,161500.0,200.0,788600.0
1109,2021-10-21 03:32:42,161500.0,100.0,788400.0
1110,2021-10-21 03:32:42,161500.0,100.0,788300.0
1111,2021-10-21 03:32:42,161500.0,200.0,788200.0
1112,2021-10-21 03:32:42,161500.0,100.0,788000.0
1113,2021-10-21 03:32:42,161500.0,200.0,787900.0
1114,2021-10-21 03:32:42,161600.0,400.0,787700.0
1115,2021-10-21 03:32:18,161500.0,100.0,787300.0
1116,2021-10-21 03:31:09,161800.0,100.0,787200.0
1117,2021-10-21 03:30:45,161800.0,300.0,787100.0
1118,2021-10-21 03:30:28,161800.0,200.0,786800.0
1119,2021-10-21 03:30:28,161800.0,500.0,786600.0
1120,2021-10-21 03:30:16,161800.0,600.0,786100.0
1121,2021-10-21 03:29:54,161800.0,100.0,785500.0
1122,2021-10-21 03:29:05,161900.0,100.0,785400.0
1123,2021-10-21 03:27:31,161500.0,300.0,785300.0
1124,2021-10-21 03:27:20,162000.0,400.0,785000.0
1125,2021-10-21 03:27:20,161900.0,200.0,784600.0
1126,2021-10-21 03:27:20,161800.0,1000.0,784400.0
1127,2021-10-21 03:27:20,161800.0,300.0,783400.0
1128,2021-10-21 03:27:11,161600.0,2000.0,783100.0
1129,2021-10-21 03:27:02,161800.0,100.0,781100.0
1130,2021-10-21 03:27:02,161800.0,500.0,781000.0
1131,2021-10-21 03:27:02,161800.0,200.0,780500.0
1132,2021-10-21 03:27:02,161800.0,200.0,780300.0
1133,2021-10-21 03:26:38,161800.0,100.0,780100.0
1134,2021-10-21 03:26:38,161800.0,200.0,780000.0
1135,2021-10-21 03:26:35,161800.0,900.0,779800.0
1136,2021-10-21 03:26:35,161800.0,100.0,778900.0
1137,2021-10-21 03:25:25,161800.0,100.0,778800.0
1138,2021-10-21 03:25:25,161800.0,100.0,778700.0
1139,2021-10-21 03:25:25,161800.0,100.0,778600.0
1140,2021-10-21 03:25:25,161800.0,200.0,778500.0
1141,2021-10-21 03:25:25,161800.0,100.0,778300.0
1142,2021-10-21 03:25:20,161800.0,1000.0,778200.0
1143,2021-10-21 03:24:43,161900.0,900.0,777200.0
1144,2021-10-21 03:24:34,162000.0,100.0,776300.0
1145,2021-10-21 03:24:16,161900.0,100.0,776200.0
1146,2021-10-21 03:24:11,161800.0,1000.0,776100.0
1147,2021-10-21 03:23:32,161800.0,100.0,775100.0
1148,2021-10-21 03:23:21,162000.0,1000.0,775000.0
1149,2021-10-21 03:23:08,162000.0,100.0,774000.0
1150,2021-10-21 03:23:03,162000.0,600.0,773900.0
1151,2021-10-21 03:23:03,162000.0,500.0,773300.0
1152,2021-10-21 03:23:03,162000.0,500.0,772800.0
1153,2021-10-21 03:23:03,162000.0,400.0,772300.0
1154,2021-10-21 03:23:03,162000.0,100.0,771900.0
1155,2021-10-21 03:23:03,162000.0,300.0,771800.0
1156,2021-10-21 03:23:03,162000.0,100.0,771500.0
1157,2021-10-21 03:22:43,161800.0,200.0,771400.0
1158,2021-10-21 03:22:40,161600.0,500.0,771200.0
1159,2021-10-21 03:22:24,161600.0,200.0,770700.0
1160,2021-10-21 03:22:24,161600.0,300.0,770500.0
1161,2021-10-21 03:22:15,161600.0,200.0,770200.0
1162,2021-10-21 03:22:13,161600.0,3500.0,770000.0
1163,2021-10-21 03:21:55,161600.0,2000.0,766500.0
1164,2021-10-21 03:21:42,161600.0,300.0,764500.0
1165,2021-10-21 03:21:36,161300.0,1000.0,764200.0
1166,2021-10-21 03:21:31,161600.0,200.0,763200.0
1167,2021-10-21 03:21:31,161600.0,1200.0,763000.0
1168,2021-10-21 03:21:25,161600.0,1200.0,761800.0
1169,2021-10-21 03:21:08,161200.0,200.0,760600.0
1170,2021-10-21 03:20:57,161600.0,400.0,760400.0
1171,2021-10-21 03:20:57,161600.0,100.0,760000.0
1172,2021-10-21 03:20:42,161200.0,200.0,759900.0
1173,2021-10-21 03:20:42,161000.0,200.0,759700.0
1174,2021-10-21 03:20:29,161000.0,400.0,759500.0
1175,2021-10-21 03:20:21,161000.0,200.0,759100.0
1176,2021-10-21 03:20:21,161000.0,100.0,758900.0
1177,2021-10-21 03:20:14,161000.0,200.0,758800.0
1178,2021-10-21 03:20:14,161000.0,800.0,758600.0
1179,2021-10-21 03:20:07,161000.0,2300.0,757800.0
1180,2021-10-21 03:20:02,161000.0,800.0,755500.0
1181,2021-10-21 03:19:53,161000.0,1000.0,754700.0
1182,2021-10-21 03:19:47,161000.0,100.0,753700.0
1183,2021-10-21 03:19:44,161000.0,2000.0,753600.0
1184,2021-10-21 03:19:42,161000.0,100.0,751600.0
1185,2021-10-21 03:19:40,161000.0,700.0,751500.0
1186,2021-10-21 03:19:22,161000.0,100.0,750800.0
1187,2021-10-21 03:19:18,161000.0,200.0,750700.0
1188,2021-10-21 03:19:18,161000.0,1100.0,750500.0
1189,2021-10-21 03:18:46,161000.0,100.0,749400.0
1190,2021-10-21 03:18:30,160600.0,700.0,749300.0
1191,2021-10-21 03:18:07,160600.0,100.0,748600.0
1192,2021-10-21 03:17:58,160600.0,1500.0,748500.0
1193,2021-10-21 03:17:58,160800.0,200.0,747000.0
1194,2021-10-21 03:17:51,160800.0,100.0,746800.0
1195,2021-10-21 03:17:48,161000.0,1200.0,746700.0
1196,2021-10-21 03:17:44,160800.0,400.0,745500.0
1197,2021-10-21 03:17:34,160800.0,100.0,745100.0
1198,2021-10-21 03:17:11,160800.0,200.0,745000.0
1199,2021-10-21 03:17:11,160800.0,1100.0,744800.0
1200,2021-10-21 03:17:11,160900.0,200.0,743700.0
1201,2021-10-21 03:17:10,161000.0,100.0,743500.0
1202,2021-10-21 03:16:51,160800.0,600.0,743400.0
1203,2021-10-21 03:16:51,160800.0,600.0,742800.0
1204,2021-10-21 03:16:51,160800.0,300.0,742200.0
1205,2021-10-21 03:16:51,160800.0,200.0,741900.0
1206,2021-10-21 03:16:51,160900.0,300.0,741700.0
1207,2021-10-21 03:16:49,161000.0,500.0,741400.0
1208,2021-10-21 03:16:42,161000.0,1000.0,740900.0
1209,2021-10-21 03:16:41,161000.0,100.0,739900.0
1210,2021-10-21 03:16:31,160900.0,200.0,739800.0
1211,2021-10-21 03:16:05,160800.0,1200.0,739600.0
1212,2021-10-21 03:15:34,160500.0,100.0,738400.0
1213,2021-10-21 03:15:14,160500.0,1000.0,738300.0
1214,2021-10-21 03:15:11,160500.0,300.0,737300.0
1215,2021-10-21 03:14:56,160500.0,100.0,737000.0
1216,2021-10-21 03:14:56,160500.0,1200.0,736900.0
1217,2021-10-21 03:14:51,160500.0,100.0,735700.0
1218,2021-10-21 03:14:51,160500.0,300.0,735600.0
1219,2021-10-21 03:14:49,160800.0,100.0,735300.0
1220,2021-10-21 03:14:25,160500.0,100.0,735200.0
1221,2021-10-21 03:14:25,160500.0,100.0,735100.0
1222,2021-10-21 03:14:25,160500.0,1000.0,735000.0
1223,2021-10-21 03:14:25,160500.0,300.0,734000.0
1224,2021-10-21 03:14:17,160800.0,300.0,733700.0
1225,2021-10-21 03:14:08,160800.0,400.0,733400.0
1226,2021-10-21 03:13:57,160800.0,300.0,733000.0
1227,2021-10-21 03:13:56,160800.0,200.0,732700.0
1228,2021-10-21 03:13:53,160800.0,100.0,732500.0
1229,2021-10-21 03:13:52,160900.0,100.0,732400.0
1230,2021-10-21 03:13:37,160900.0,1700.0,732300.0
1231,2021-10-21 03:13:21,160900.0,100.0,730600.0
1232,2021-10-21 03:13:21,160900.0,200.0,730500.0
1233,2021-10-21 03:13:15,160900.0,300.0,730300.0
1234,2021-10-21 03:12:51,160900.0,200.0,730000.0
1235,2021-10-21 03:12:51,160900.0,1100.0,729800.0
1236,2021-10-21 03:12:51,160900.0,700.0,728700.0
1237,2021-10-21 03:12:44,161000.0,200.0,728000.0
1238,2021-10-21 03:12:44,161000.0,1100.0,727800.0
1239,2021-10-21 03:12:26,161000.0,200.0,726700.0
1240,2021-10-21 03:12:26,161000.0,100.0,726500.0
1241,2021-10-21 03:12:26,161000.0,200.0,726400.0
1242,2021-10-21 03:12:26,161000.0,1300.0,726200.0
1243,2021-10-21 03:12:26,161000.0,1500.0,724900.0
1244,2021-10-21 03:12:26,161000.0,100.0,723400.0
1245,2021-10-21 03:12:26,161000.0,100.0,723300.0
1246,2021-10-21 03:12:26,161000.0,200.0,723200.0
1247,2021-10-21 03:12:26,161000.0,400.0,723000.0
1248,2021-10-21 03:12:26,161300.0,200.0,722600.0
1249,2021-10-21 03:12:26,161300.0,300.0,722400.0
1250,2021-10-21 03:12:26,161500.0,1000.0,722100.0
1251,2021-10-21 03:12:26,161500.0,200.0,721100.0
1252,2021-10-21 03:12:26,161500.0,100.0,720900.0
1253,2021-10-21 03:12:26,161500.0,300.0,720800.0
1254,2021-10-21 03:12:26,161500.0,500.0,720500.0
1255,2021-10-21 03:12:26,161500.0,200.0,720000.0
1256,2021-10-21 03:12:26,161500.0,1200.0,719800.0
1257,2021-10-21 03:12:26,161500.0,500.0,718600.0
1258,2021-10-21 03:12:26,161500.0,200.0,718100.0
1259,2021-10-21 03:12:26,161500.0,1000.0,717900.0
1260,2021-10-21 03:12:26,161500.0,200.0,716900.0
1261,2021-10-21 03:12:26,161500.0,100.0,716700.0
1262,2021-10-21 03:12:26,161500.0,100.0,716600.0
1263,2021-10-21 03:12:26,161500.0,3400.0,716500.0
1264,2021-10-21 03:12:26,161500.0,800.0,713100.0
1265,2021-10-21 03:12:26,161500.0,200.0,712300.0
1266,2021-10-21 03:12:26,161500.0,200.0,712100.0
1267,2021-10-21 03:12:03,162000.0,100.0,711900.0
1268,2021-10-21 03:11:55,161800.0,100.0,711800.0
1269,2021-10-21 03:11:49,161500.0,300.0,711700.0
1270,2021-10-21 03:11:49,161500.0,200.0,711400.0
1271,2021-10-21 03:11:42,161600.0,200.0,711200.0
1272,2021-10-21 03:11:42,161500.0,600.0,711000.0
1273,2021-10-21 03:11:42,161500.0,400.0,710400.0
1274,2021-10-21 03:11:42,161500.0,300.0,710000.0
1275,2021-10-21 03:11:42,161500.0,600.0,709700.0
1276,2021-10-21 03:11:42,161500.0,100.0,709100.0
1277,2021-10-21 03:11:05,161500.0,300.0,709000.0
1278,2021-10-21 03:11:05,161500.0,200.0,708700.0
1279,2021-10-21 03:10:54,161500.0,100.0,708500.0
1280,2021-10-21 03:10:54,161500.0,800.0,708400.0
1281,2021-10-21 03:10:54,161600.0,200.0,707600.0
1282,2021-10-21 03:10:54,161600.0,500.0,707400.0
1283,2021-10-21 03:10:42,161600.0,200.0,706900.0
1284,2021-10-21 03:10:33,161600.0,400.0,706700.0
1285,2021-10-21 03:10:32,161600.0,600.0,706300.0
1286,2021-10-21 03:10:32,161600.0,400.0,705700.0
1287,2021-10-21 03:10:28,161600.0,700.0,705300.0
1288,2021-10-21 03:09:48,161600.0,500.0,704600.0
1289,2021-10-21 03:09:20,161600.0,100.0,704100.0
1290,2021-10-21 03:09:10,161600.0,300.0,704000.0
1291,2021-10-21 03:09:02,161600.0,100.0,703700.0
1292,2021-10-21 03:08:55,161600.0,100.0,703600.0
1293,2021-10-21 03:08:47,161600.0,1000.0,703500.0
1294,2021-10-21 03:08:04,161500.0,1200.0,702500.0
1295,2021-10-21 03:08:04,161600.0,4800.0,701300.0
1296,2021-10-21 03:07:44,161700.0,200.0,696500.0
1297,2021-10-21 03:07:34,161600.0,2200.0,696300.0
1298,2021-10-21 03:07:34,161700.0,100.0,694100.0
1299,2021-10-21 03:07:34,161700.0,700.0,694000.0
1300,2021-10-21 03:07:26,161700.0,100.0,693300.0
1301,2021-10-21 03:06:12,161700.0,100.0,693200.0
1302,2021-10-21 03:06:10,162000.0,100.0,693100.0
1303,2021-10-21 03:06:10,162000.0,800.0,693000.0
1304,2021-10-21 03:06:10,162000.0,100.0,692200.0
1305,2021-10-21 03:06:10,162000.0,200.0,692100.0
1306,2021-10-21 03:05:31,162000.0,600.0,691900.0
1307,2021-10-21 03:05:17,162000.0,100.0,691300.0
1308,2021-10-21 03:05:13,162000.0,100.0,691200.0
1309,2021-10-21 03:05:07,162000.0,100.0,691100.0
1310,2021-10-21 03:04:59,162000.0,200.0,691000.0
1311,2021-10-21 03:04:56,162000.0,100.0,690800.0
1312,2021-10-21 03:04:56,162000.0,400.0,690700.0
1313,2021-10-21 03:04:56,162000.0,500.0,690300.0
1314,2021-10-21 03:04:56,162000.0,400.0,689800.0
1315,2021-10-21 03:04:56,162000.0,400.0,689400.0
1316,2021-10-21 03:04:47,162000.0,100.0,689000.0
1317,2021-10-21 03:04:35,162000.0,100.0,688900.0
1318,2021-10-21 03:04:35,162000.0,100.0,688800.0
1319,2021-10-21 03:04:35,162000.0,500.0,688700.0
1320,2021-10-21 03:04:28,162000.0,100.0,688200.0
1321,2021-10-21 03:04:28,162000.0,100.0,688100.0
1322,2021-10-21 03:04:27,162000.0,900.0,688000.0
1323,2021-10-21 03:04:27,162000.0,600.0,687100.0
1324,2021-10-21 03:04:27,162000.0,200.0,686500.0
1325,2021-10-21 03:04:27,162000.0,100.0,686300.0
1326,2021-10-21 03:04:26,162000.0,2500.0,686200.0
1327,2021-10-21 03:04:26,162000.0,800.0,683700.0
1328,2021-10-21 03:04:26,162000.0,200.0,682900.0
1329,2021-10-21 03:04:26,162000.0,100.0,682700.0
1330,2021-10-21 03:04:26,162000.0,200.0,682600.0
1331,2021-10-21 03:04:26,162000.0,400.0,682400.0
1332,2021-10-21 03:04:26,162000.0,300.0,682000.0
1333,2021-10-21 03:04:26,162000.0,100.0,681700.0
1334,2021-10-21 03:04:26,162000.0,500.0,681600.0
1335,2021-10-21 03:04:26,162000.0,300.0,681100.0
1336,2021-10-21 03:04:26,162000.0,200.0,680800.0
1337,2021-10-21 03:04:26,162000.0,600.0,680600.0
1338,2021-10-21 03:04:20,162000.0,100.0,680000.0
1339,2021-10-21 03:04:20,162000.0,1000.0,679900.0
1340,2021-10-21 03:04:14,162000.0,200.0,678900.0
1341,2021-10-21 03:04:14,162000.0,100.0,678700.0
1342,2021-10-21 03:04:01,162000.0,100.0,678600.0
1343,2021-10-21 03:03:58,162000.0,200.0,678500.0
1344,2021-10-21 03:03:58,162000.0,100.0,678300.0
1345,2021-10-21 03:03:58,162000.0,1000.0,678200.0
1346,2021-10-21 03:02:41,162000.0,100.0,677200.0
1347,2021-10-21 03:02:16,162000.0,900.0,677100.0
1348,2021-10-21 03:02:13,162000.0,100.0,676200.0
1349,2021-10-21 03:02:01,162000.0,400.0,676100.0
1350,2021-10-21 03:01:49,162000.0,200.0,675700.0
1351,2021-10-21 03:01:47,162000.0,700.0,675500.0
1352,2021-10-21 03:01:47,162000.0,500.0,674800.0
1353,2021-10-21 03:01:24,162000.0,1200.0,674300.0
1354,2021-10-21 03:01:07,162000.0,100.0,673100.0
1355,2021-10-21 03:00:51,162000.0,1000.0,673000.0
1356,2021-10-21 03:00:51,162000.0,1000.0,672000.0
1357,2021-10-21 03:00:51,162000.0,300.0,671000.0
1358,2021-10-21 03:00:51,162000.0,200.0,670700.0
1359,2021-10-21 03:00:51,162000.0,100.0,670500.0
1360,2021-10-21 03:00:51,162000.0,100.0,670400.0
1361,2021-10-21 03:00:51,162000.0,100.0,670300.0
1362,2021-10-21 03:00:51,162000.0,900.0,670200.0
1363,2021-10-21 03:00:31,162000.0,100.0,669300.0
1364,2021-10-21 03:00:27,162000.0,100.0,669200.0
1365,2021-10-21 03:00:27,162000.0,100.0,669100.0
1366,2021-10-21 03:00:18,161300.0,100.0,669000.0
1367,2021-10-21 03:00:14,162000.0,100.0,668900.0
1368,2021-10-21 02:59:53,162000.0,200.0,668800.0
1369,2021-10-21 02:59:53,162000.0,100.0,668600.0
1370,2021-10-21 02:59:51,162000.0,200.0,668500.0
1371,2021-10-21 02:59:36,162000.0,200.0,668300.0
1372,2021-10-21 02:59:36,162000.0,800.0,668100.0
1373,2021-10-21 02:59:36,162000.0,300.0,667300.0
1374,2021-10-21 02:59:22,162000.0,1200.0,667000.0
1375,2021-10-21 02:59:22,162000.0,2500.0,665800.0
1376,2021-10-21 02:59:22,162000.0,1000.0,663300.0
1377,2021-10-21 02:59:22,162000.0,900.0,662300.0
1378,2021-10-21 02:59:22,162000.0,200.0,661400.0
1379,2021-10-21 02:59:22,162000.0,300.0,661200.0
1380,2021-10-21 02:59:22,162000.0,100.0,660900.0
1381,2021-10-21 02:59:22,162000.0,1100.0,660800.0
1382,2021-10-21 02:59:22,162000.0,200.0,659700.0
1383,2021-10-21 02:59:22,162000.0,500.0,659500.0
1384,2021-10-21 02:59:22,162000.0,800.0,659000.0
1385,2021-10-21 02:59:22,162000.0,400.0,658200.0
1386,2021-10-21 02:59:22,162000.0,300.0,657800.0
1387,2021-10-21 02:59:22,162000.0,700.0,657500.0
1388,2021-10-21 02:59:21,161700.0,400.0,656800.0
1389,2021-10-21 02:59:21,161700.0,100.0,656400.0
1390,2021-10-21 02:59:21,161500.0,200.0,656300.0
1391,2021-10-21 02:59:21,161500.0,500.0,656100.0
1392,2021-10-21 02:59:21,161400.0,100.0,655600.0
1393,2021-10-21 02:59:19,161300.0,300.0,655500.0
1394,2021-10-21 02:59:19,161300.0,200.0,655200.0
1395,2021-10-21 02:59:09,161300.0,800.0,655000.0
1396,2021-10-21 02:59:08,161300.0,1000.0,654200.0
1397,2021-10-21 02:58:59,161300.0,100.0,653200.0
1398,2021-10-21 02:58:58,161300.0,500.0,653100.0
1399,2021-10-21 02:58:55,161300.0,1000.0,652600.0
1400,2021-10-21 02:58:34,161300.0,600.0,651600.0
1401,2021-10-21 02:58:31,161300.0,1000.0,651000.0
1402,2021-10-21 02:58:31,161300.0,1000.0,650000.0
1403,2021-10-21 02:58:08,161000.0,100.0,649000.0
1404,2021-10-21 02:58:08,161000.0,100.0,648900.0
1405,2021-10-21 02:58:08,161000.0,100.0,648800.0
1406,2021-10-21 02:58:08,161000.0,300.0,648700.0
1407,2021-10-21 02:58:03,161000.0,1500.0,648400.0
1408,2021-10-21 02:58:03,161000.0,1000.0,646900.0
1409,2021-10-21 02:58:03,161000.0,200.0,645900.0
1410,2021-10-21 02:58:03,161000.0,300.0,645700.0
1411,2021-10-21 02:57:37,161000.0,100.0,645400.0
1412,2021-10-21 02:57:35,161000.0,1900.0,645300.0
1413,2021-10-21 02:57:26,160900.0,1100.0,643400.0
1414,2021-10-21 02:57:12,160900.0,1200.0,642300.0
1415,2021-10-21 02:57:10,160400.0,400.0,641100.0
1416,2021-10-21 02:57:10,160500.0,500.0,640700.0
1417,2021-10-21 02:57:10,160500.0,100.0,640200.0
1418,2021-10-21 02:57:10,160500.0,600.0,640100.0
1419,2021-10-21 02:57:04,160900.0,38800.0,639500.0
1420,2021-10-21 02:57:04,160900.0,200.0,600700.0
1421,2021-10-21 02:57:04,160700.0,1000.0,600500.0
1422,2021-10-21 02:57:01,160500.0,100.0,599500.0
1423,2021-10-21 02:57:01,160500.0,300.0,599400.0
1424,2021-10-21 02:57:00,160500.0,500.0,599100.0
1425,2021-10-21 02:57:00,160500.0,200.0,598600.0
1426,2021-10-21 02:56:53,160500.0,100.0,598400.0
1427,2021-10-21 02:56:52,160500.0,200.0,598300.0
1428,2021-10-21 02:56:51,160500.0,200.0,598100.0
1429,2021-10-21 02:56:50,160500.0,1000.0,597900.0
1430,2021-10-21 02:56:41,160500.0,100.0,596900.0
1431,2021-10-21 02:56:40,160500.0,500.0,596800.0
1432,2021-10-21 02:56:40,160500.0,200.0,596300.0
1433,2021-10-21 02:56:38,160500.0,2500.0,596100.0
1434,2021-10-21 02:56:38,160500.0,300.0,593600.0
1435,2021-10-21 02:56:38,160500.0,200.0,593300.0
1436,2021-10-21 02:56:23,160500.0,300.0,593100.0
1437,2021-10-21 02:56:23,160500.0,100.0,592800.0
1438,2021-10-21 02:56:23,160500.0,100.0,592700.0
1439,2021-10-21 02:56:23,160400.0,200.0,592600.0
1440,2021-10-21 02:56:14,160400.0,100.0,592400.0
1441,2021-10-21 02:56:14,160400.0,800.0,592300.0
1442,2021-10-21 02:56:04,160400.0,100.0,591500.0
1443,2021-10-21 02:56:04,160400.0,100.0,591400.0
1444,2021-10-21 02:56:00,160400.0,100.0,591300.0
1445,2021-10-21 02:56:00,160400.0,900.0,591200.0
1446,2021-10-21 02:55:59,160400.0,100.0,590300.0
1447,2021-10-21 02:55:58,160400.0,500.0,590200.0
1448,2021-10-21 02:55:52,160400.0,400.0,589700.0
1449,2021-10-21 02:55:50,160400.0,1000.0,589300.0
1450,2021-10-21 02:55:49,160400.0,100.0,588300.0
1451,2021-10-21 02:55:40,160400.0,1000.0,588200.0
1452,2021-10-21 02:55:36,160400.0,100.0,587200.0
1453,2021-10-21 02:55:32,160400.0,400.0,587100.0
1454,2021-10-21 02:55:32,160400.0,2600.0,586700.0
1455,2021-10-21 02:55:32,160400.0,200.0,584100.0
1456,2021-10-21 02:55:32,160300.0,100.0,583900.0
1457,2021-10-21 02:55:13,160400.0,100.0,583800.0
1458,2021-10-21 02:55:13,160400.0,1100.0,583700.0
1459,2021-10-21 02:55:09,160400.0,100.0,582600.0
1460,2021-10-21 02:55:08,160100.0,200.0,582500.0
1461,2021-10-21 02:55:08,160100.0,100.0,582300.0
1462,2021-10-21 02:54:59,160100.0,1000.0,582200.0
1463,2021-10-21 02:54:58,160100.0,100.0,581200.0
1464,2021-10-21 02:54:56,160100.0,1000.0,581100.0
1465,2021-10-21 02:54:53,160100.0,100.0,580100.0
1466,2021-10-21 02:54:40,160100.0,300.0,580000.0
1467,2021-10-21 02:54:38,160100.0,500.0,579700.0
1468,2021-10-21 02:54:38,160100.0,700.0,579200.0
1469,2021-10-21 02:54:38,160100.0,500.0,578500.0
1470,2021-10-21 02:54:38,160300.0,100.0,578000.0
1471,2021-10-21 02:54:31,160500.0,100.0,577900.0
1472,2021-10-21 02:54:31,160500.0,100.0,577800.0
1473,2021-10-21 02:54:24,160100.0,1500.0,577700.0
1474,2021-10-21 02:54:24,160100.0,100.0,576200.0
1475,2021-10-21 02:54:24,160200.0,300.0,576100.0
1476,2021-10-21 02:54:24,160200.0,100.0,575800.0
1477,2021-10-21 02:54:24,160200.0,100.0,575700.0
1478,2021-10-21 02:54:24,160200.0,200.0,575600.0
1479,2021-10-21 02:54:24,160200.0,200.0,575400.0
1480,2021-10-21 02:54:24,160200.0,500.0,575200.0
1481,2021-10-21 02:54:24,160200.0,1000.0,574700.0
1482,2021-10-21 02:54:24,160200.0,400.0,573700.0
1483,2021-10-21 02:54:24,160300.0,500.0,573300.0
1484,2021-10-21 02:54:24,160300.0,100.0,572800.0
1485,2021-10-21 02:54:18,160500.0,100.0,572700.0
1486,2021-10-21 02:54:14,160500.0,200.0,572600.0
1487,2021-10-21 02:54:08,160200.0,400.0,572400.0
1488,2021-10-21 02:54:08,160300.0,100.0,572000.0
1489,2021-10-21 02:54:08,160400.0,100.0,571900.0
1490,2021-10-21 02:54:08,160400.0,400.0,571800.0
1491,2021-10-21 02:53:57,160500.0,300.0,571400.0
1492,2021-10-21 02:53:57,160500.0,100.0,571100.0
1493,2021-10-21 02:53:46,160700.0,500.0,571000.0
1494,2021-10-21 02:53:46,160700.0,1000.0,570500.0
1495,2021-10-21 02:53:46,160700.0,2400.0,569500.0
1496,2021-10-21 02:53:46,160500.0,300.0,567100.0
1497,2021-10-21 02:53:46,160500.0,800.0,566800.0
1498,2021-10-21 02:53:44,160400.0,100.0,566000.0
1499,2021-10-21 02:53:32,160500.0,100.0,565900.0
1500,2021-10-21 02:53:32,160500.0,100.0,565800.0
1501,2021-10-21 02:53:25,160700.0,100.0,565700.0
1502,2021-10-21 02:53:23,160700.0,100.0,565600.0
1503,2021-10-21 02:53:15,160700.0,200.0,565500.0
1504,2021-10-21 02:53:08,160700.0,700.0,565300.0
1505,2021-10-21 02:53:01,160700.0,200.0,564600.0
1506,2021-10-21 02:53:01,160700.0,1200.0,564400.0
1507,2021-10-21 02:52:57,160700.0,100.0,563200.0
1508,2021-10-21 02:52:57,160700.0,100.0,563100.0
1509,2021-10-21 02:52:47,160200.0,700.0,563000.0
1510,2021-10-21 02:52:47,160300.0,100.0,562300.0
1511,2021-10-21 02:52:47,160400.0,1000.0,562200.0
1512,2021-10-21 02:52:47,160500.0,200.0,561200.0
1513,2021-10-21 02:52:45,160700.0,1900.0,561000.0
1514,2021-10-21 02:52:39,160700.0,300.0,559100.0
1515,2021-10-21 02:52:32,160500.0,800.0,558800.0
1516,2021-10-21 02:52:28,160500.0,1000.0,558000.0
1517,2021-10-21 02:52:28,160700.0,100.0,557000.0
1518,2021-10-21 02:52:28,160700.0,500.0,556900.0
1519,2021-10-21 02:52:23,160900.0,1500.0,556400.0
1520,2021-10-21 02:52:11,160900.0,100.0,554900.0
1521,2021-10-21 02:51:51,161000.0,200.0,554800.0
1522,2021-10-21 02:51:44,161000.0,200.0,554600.0
1523,2021-10-21 02:51:42,161000.0,600.0,554400.0
1524,2021-10-21 02:51:28,161000.0,200.0,553800.0
1525,2021-10-21 02:51:28,161000.0,1000.0,553600.0
1526,2021-10-21 02:51:28,161000.0,100.0,552600.0
1527,2021-10-21 02:51:28,161000.0,400.0,552500.0
1528,2021-10-21 02:51:27,161000.0,500.0,552100.0
1529,2021-10-21 02:51:27,161100.0,3000.0,551600.0
1530,2021-10-21 02:51:16,161000.0,100.0,548600.0
1531,2021-10-21 02:51:13,161000.0,100.0,548500.0
1532,2021-10-21 02:51:13,161000.0,400.0,548400.0
1533,2021-10-21 02:51:00,161000.0,600.0,548000.0
1534,2021-10-21 02:51:00,161000.0,1000.0,547400.0
1535,2021-10-21 02:51:00,161000.0,1000.0,546400.0
1536,2021-10-21 02:51:00,161000.0,300.0,545400.0
1537,2021-10-21 02:51:00,161100.0,100.0,545100.0
1538,2021-10-21 02:50:50,161300.0,200.0,545000.0
1539,2021-10-21 02:50:50,161300.0,100.0,544800.0
1540,2021-10-21 02:50:50,161300.0,1100.0,544700.0
1541,2021-10-21 02:50:46,161300.0,200.0,543600.0
1542,2021-10-21 02:50:38,161100.0,100.0,543400.0
1543,2021-10-21 02:50:38,161100.0,100.0,543300.0
1544,2021-10-21 02:50:38,161200.0,100.0,543200.0
1545,2021-10-21 02:50:38,161200.0,100.0,543100.0
1546,2021-10-21 02:50:38,161200.0,1000.0,543000.0
1547,2021-10-21 02:50:38,161200.0,100.0,542000.0
1548,2021-10-21 02:50:38,161200.0,200.0,541900.0
1549,2021-10-21 02:50:38,161200.0,300.0,541700.0
1550,2021-10-21 02:50:33,161300.0,1000.0,541400.0
1551,2021-10-21 02:50:21,161400.0,100.0,540400.0
1552,2021-10-21 02:50:20,161400.0,100.0,540300.0
1553,2021-10-21 02:50:05,161400.0,900.0,540200.0
1554,2021-10-21 02:50:05,161400.0,100.0,539300.0
1555,2021-10-21 02:49:56,161500.0,100.0,539200.0
1556,2021-10-21 02:49:56,161500.0,100.0,539100.0
1557,2021-10-21 02:49:51,161500.0,100.0,539000.0
1558,2021-10-21 02:49:48,161500.0,100.0,538900.0
1559,2021-10-21 02:49:32,161500.0,400.0,538800.0
1560,2021-10-21 02:49:32,161500.0,1000.0,538400.0
1561,2021-10-21 02:49:32,161500.0,300.0,537400.0
1562,2021-10-21 02:49:32,161500.0,600.0,537100.0
1563,2021-10-21 02:49:32,161500.0,700.0,536500.0
1564,2021-10-21 02:49:28,161500.0,300.0,535800.0
1565,2021-10-21 02:49:28,161500.0,1500.0,535500.0
1566,2021-10-21 02:49:28,161500.0,100.0,534000.0
1567,2021-10-21 02:49:28,161500.0,100.0,533900.0
1568,2021-10-21 02:48:54,161800.0,100.0,533800.0
1569,2021-10-21 02:48:49,161800.0,800.0,533700.0
1570,2021-10-21 02:48:45,161800.0,500.0,532900.0
1571,2021-10-21 02:48:45,161800.0,1000.0,532400.0
1572,2021-10-21 02:48:45,161800.0,700.0,531400.0
1573,2021-10-21 02:48:39,161800.0,200.0,530700.0
1574,2021-10-21 02:48:39,161800.0,900.0,530500.0
1575,2021-10-21 02:48:39,161700.0,200.0,529600.0
1576,2021-10-21 02:48:27,161800.0,100.0,529400.0
1577,2021-10-21 02:48:20,161800.0,200.0,529300.0
1578,2021-10-21 02:47:38,162000.0,300.0,529100.0
1579,2021-10-21 02:47:38,161900.0,100.0,528800.0
1580,2021-10-21 02:46:55,162000.0,200.0,528700.0
1581,2021-10-21 02:46:55,162000.0,1000.0,528500.0
1582,2021-10-21 02:46:52,162000.0,200.0,527500.0
1583,2021-10-21 02:46:41,162000.0,100.0,527300.0
1584,2021-10-21 02:46:40,162000.0,100.0,527200.0
1585,2021-10-21 02:46:40,162000.0,500.0,527100.0
1586,2021-10-21 02:46:40,162000.0,200.0,526600.0
1587,2021-10-21 02:46:40,162000.0,2000.0,526400.0
1588,2021-10-21 02:46:37,162000.0,100.0,524400.0
1589,2021-10-21 02:46:37,162000.0,1000.0,524300.0
1590,2021-10-21 02:46:37,162000.0,500.0,523300.0
1591,2021-10-21 02:46:37,162000.0,100.0,522800.0
1592,2021-10-21 02:46:37,162000.0,200.0,522700.0
1593,2021-10-21 02:46:28,162000.0,100.0,522500.0
1594,2021-10-21 02:46:11,162000.0,900.0,522400.0
1595,2021-10-21 02:46:11,162000.0,2000.0,521500.0
1596,2021-10-21 02:46:11,162000.0,100.0,519500.0
1597,2021-10-21 02:46:05,162100.0,400.0,519400.0
1598,2021-10-21 02:46:05,162100.0,200.0,519000.0
1599,2021-10-21 02:46:05,162100.0,1300.0,518800.0
1600,2021-10-21 02:46:04,162300.0,2000.0,517500.0
1601,2021-10-21 02:46:04,162200.0,200.0,515500.0
1602,2021-10-21 02:45:57,162100.0,900.0,515300.0
1603,2021-10-21 02:45:50,162100.0,2300.0,514400.0
1604,2021-10-21 02:45:50,162200.0,1000.0,512100.0
1605,2021-10-21 02:45:50,162200.0,800.0,511100.0
1606,2021-10-21 02:45:50,162200.0,900.0,510300.0
1607,2021-10-21 02:45:41,162300.0,100.0,509400.0
1608,2021-10-21 02:45:39,162300.0,100.0,509300.0
1609,2021-10-21 02:44:54,162300.0,1000.0,509200.0
1610,2021-10-21 02:44:42,162300.0,1000.0,508200.0
1611,2021-10-21 02:44:42,162400.0,1500.0,507200.0
1612,2021-10-21 02:44:42,162500.0,700.0,505700.0
1613,2021-10-21 02:44:42,162600.0,2500.0,505000.0
1614,2021-10-21 02:44:41,162600.0,200.0,502500.0
1615,2021-10-21 02:44:41,162600.0,2300.0,502300.0
1616,2021-10-21 02:44:39,162500.0,300.0,500000.0
1617,2021-10-21 02:44:39,162500.0,500.0,499700.0
1618,2021-10-21 02:44:36,162600.0,1200.0,499200.0
1619,2021-10-21 02:44:36,162600.0,100.0,498000.0
1620,2021-10-21 02:44:35,162600.0,100.0,497900.0
1621,2021-10-21 02:44:35,162600.0,1000.0,497800.0
1622,2021-10-21 02:44:22,162500.0,100.0,496800.0
1623,2021-10-21 02:44:21,162500.0,100.0,496700.0
1624,2021-10-21 02:44:21,162500.0,800.0,496600.0
1625,2021-10-21 02:44:16,162500.0,300.0,495800.0
1626,2021-10-21 02:44:15,162500.0,5000.0,495500.0
1627,2021-10-21 02:43:59,162500.0,200.0,490500.0
1628,2021-10-21 02:43:59,162500.0,1000.0,490300.0
1629,2021-10-21 02:43:48,162200.0,600.0,489300.0
1630,2021-10-21 02:43:48,162200.0,200.0,488700.0
1631,2021-10-21 02:43:48,162300.0,1000.0,488500.0
1632,2021-10-21 02:43:48,162300.0,3700.0,487500.0
1633,2021-10-21 02:43:48,162500.0,9900.0,483800.0
1634,2021-10-21 02:43:32,162500.0,300.0,473900.0
1635,2021-10-21 02:43:32,162500.0,500.0,473600.0
1636,2021-10-21 02:43:32,162500.0,2200.0,473100.0
1637,2021-10-21 02:43:32,162500.0,900.0,470900.0
1638,2021-10-21 02:43:32,162500.0,300.0,470000.0
1639,2021-10-21 02:43:32,162500.0,100.0,469700.0
1640,2021-10-21 02:43:32,162500.0,400.0,469600.0
1641,2021-10-21 02:43:32,162500.0,9400.0,469200.0
1642,2021-10-21 02:43:23,162500.0,600.0,459800.0
1643,2021-10-21 02:43:23,162500.0,900.0,459200.0
1644,2021-10-21 02:43:19,162300.0,1300.0,458300.0
1645,2021-10-21 02:43:19,162300.0,500.0,457000.0
1646,2021-10-21 02:43:19,162300.0,200.0,456500.0
1647,2021-10-21 02:43:15,162300.0,300.0,456300.0
1648,2021-10-21 02:43:15,162300.0,200.0,456000.0
1649,2021-10-21 02:43:15,162500.0,5000.0,455800.0
1650,2021-10-21 02:43:06,162300.0,1000.0,450800.0
1651,2021-10-21 02:43:02,162500.0,100.0,449800.0
1652,2021-10-21 02:42:54,162300.0,500.0,449700.0
1653,2021-10-21 02:42:26,162500.0,1100.0,449200.0
1654,2021-10-21 02:42:22,162300.0,300.0,448100.0
1655,2021-10-21 02:42:22,162300.0,200.0,447800.0
1656,2021-10-21 02:42:09,162500.0,100.0,447600.0
1657,2021-10-21 02:42:06,162500.0,200.0,447500.0
1658,2021-10-21 02:42:06,162500.0,2100.0,447300.0
1659,2021-10-21 02:42:05,162500.0,400.0,445200.0
1660,2021-10-21 02:42:05,162500.0,1100.0,444800.0
1661,2021-10-21 02:42:04,162500.0,500.0,443700.0
1662,2021-10-21 02:42:03,162500.0,500.0,443200.0
1663,2021-10-21 02:42:03,162500.0,100.0,442700.0
1664,2021-10-21 02:42:03,162600.0,500.0,442600.0
1665,2021-10-21 02:42:03,162700.0,2500.0,442100.0
1666,2021-10-21 02:42:03,162800.0,4900.0,439600.0
1667,2021-10-21 02:41:51,162800.0,300.0,434700.0
1668,2021-10-21 02:41:50,162800.0,100.0,434400.0
1669,2021-10-21 02:41:50,162800.0,4000.0,434300.0
1670,2021-10-21 02:41:50,162800.0,1000.0,430300.0
1671,2021-10-21 02:41:50,162800.0,100.0,429300.0
1672,2021-10-21 02:41:50,162800.0,100.0,429200.0
1673,2021-10-21 02:41:50,162800.0,200.0,429100.0
1674,2021-10-21 02:41:50,162800.0,500.0,428900.0
1675,2021-10-21 02:41:50,162800.0,100.0,428400.0
1676,2021-10-21 02:41:50,162800.0,1600.0,428300.0
1677,2021-10-21 02:41:47,162700.0,500.0,426700.0
1678,2021-10-21 02:41:41,162700.0,2000.0,426200.0
1679,2021-10-21 02:41:31,162600.0,2000.0,424200.0
1680,2021-10-21 02:41:30,162600.0,100.0,422200.0
1681,2021-10-21 02:41:29,162600.0,400.0,422100.0
1682,2021-10-21 02:41:29,162600.0,300.0,421700.0
1683,2021-10-21 02:41:29,162600.0,700.0,421400.0
1684,2021-10-21 02:41:29,162600.0,200.0,420700.0
1685,2021-10-21 02:41:29,162600.0,100.0,420500.0
1686,2021-10-21 02:41:29,162600.0,200.0,420400.0
1687,2021-10-21 02:41:29,162600.0,100.0,420200.0
1688,2021-10-21 02:41:29,162600.0,100.0,420100.0
1689,2021-10-21 02:41:29,162600.0,100.0,420000.0
1690,2021-10-21 02:41:29,162600.0,200.0,419900.0
1691,2021-10-21 02:41:07,162500.0,500.0,419700.0
1692,2021-10-21 02:40:56,162600.0,100.0,419200.0
1693,2021-10-21 02:40:51,162600.0,200.0,419100.0
1694,2021-10-21 02:40:44,162400.0,100.0,418900.0
1695,2021-10-21 02:40:37,162500.0,100.0,418800.0
1696,2021-10-21 02:40:11,162300.0,800.0,418700.0
1697,2021-10-21 02:40:11,162300.0,1000.0,417900.0
1698,2021-10-21 02:40:11,162300.0,100.0,416900.0
1699,2021-10-21 02:40:11,162400.0,1000.0,416800.0
1700,2021-10-21 02:40:11,162400.0,200.0,415800.0
1701,2021-10-21 02:40:11,162500.0,500.0,415600.0
1702,2021-10-21 02:40:09,162800.0,200.0,415100.0
1703,2021-10-21 02:40:09,162800.0,3000.0,414900.0
1704,2021-10-21 02:40:09,162800.0,500.0,411900.0
1705,2021-10-21 02:40:09,162800.0,400.0,411400.0
1706,2021-10-21 02:40:09,162600.0,900.0,411000.0
1707,2021-10-21 02:40:02,162600.0,100.0,410100.0
1708,2021-10-21 02:39:58,162800.0,100.0,410000.0
1709,2021-10-21 02:39:56,162600.0,100.0,409900.0
1710,2021-10-21 02:39:53,162400.0,800.0,409800.0
1711,2021-10-21 02:39:53,162500.0,100.0,409000.0
1712,2021-10-21 02:39:53,162500.0,300.0,408900.0
1713,2021-10-21 02:39:53,162500.0,2000.0,408600.0
1714,2021-10-21 02:39:53,162500.0,2000.0,406600.0
1715,2021-10-21 02:39:53,162500.0,100.0,404600.0
1716,2021-10-21 02:39:53,162500.0,1200.0,404500.0
1717,2021-10-21 02:39:53,162500.0,1500.0,403300.0
1718,2021-10-21 02:39:53,162500.0,300.0,401800.0
1719,2021-10-21 02:39:53,162500.0,400.0,401500.0
1720,2021-10-21 02:39:53,162600.0,1200.0,401100.0
1721,2021-10-21 02:39:53,162600.0,100.0,399900.0
1722,2021-10-21 02:39:48,162600.0,1000.0,399800.0
1723,2021-10-21 02:39:43,162600.0,300.0,398800.0
1724,2021-10-21 02:39:42,162600.0,100.0,398500.0
1725,2021-10-21 02:39:42,162600.0,500.0,398400.0
1726,2021-10-21 02:39:37,162600.0,500.0,397900.0
1727,2021-10-21 02:39:24,162600.0,500.0,397400.0
1728,2021-10-21 02:39:24,162600.0,1000.0,396900.0
1729,2021-10-21 02:39:24,162600.0,100.0,395900.0
1730,2021-10-21 02:39:17,162600.0,1000.0,395800.0
1731,2021-10-21 02:39:06,162600.0,200.0,394800.0
1732,2021-10-21 02:39:04,162800.0,700.0,394600.0
1733,2021-10-21 02:39:04,162800.0,100.0,393900.0
1734,2021-10-21 02:39:04,162800.0,200.0,393800.0
1735,2021-10-21 02:39:04,162800.0,1000.0,393600.0
1736,2021-10-21 02:38:33,162600.0,300.0,392600.0
1737,2021-10-21 02:38:33,162600.0,200.0,392300.0
1738,2021-10-21 02:38:25,162800.0,200.0,392100.0
1739,2021-10-21 02:38:12,162600.0,100.0,391900.0
1740,2021-10-21 02:38:11,162600.0,900.0,391800.0
1741,2021-10-21 02:38:10,162800.0,200.0,390900.0
1742,2021-10-21 02:37:54,162600.0,100.0,390700.0
1743,2021-10-21 02:37:54,162600.0,100.0,390600.0
1744,2021-10-21 02:37:54,162600.0,200.0,390500.0
1745,2021-10-21 02:37:50,162600.0,100.0,390300.0
1746,2021-10-21 02:37:43,162600.0,1000.0,390200.0
1747,2021-10-21 02:37:34,162600.0,300.0,389200.0
1748,2021-10-21 02:37:25,162600.0,700.0,388900.0
1749,2021-10-21 02:37:14,162600.0,100.0,388200.0
1750,2021-10-21 02:37:14,162600.0,100.0,388100.0
1751,2021-10-21 02:37:14,162600.0,3100.0,388000.0
1752,2021-10-21 02:37:12,162700.0,1000.0,384900.0
1753,2021-10-21 02:37:03,162600.0,100.0,383900.0
1754,2021-10-21 02:37:03,162600.0,200.0,383800.0
1755,2021-10-21 02:36:53,162600.0,300.0,383600.0
1756,2021-10-21 02:36:45,162600.0,100.0,383300.0
1757,2021-10-21 02:36:38,162700.0,200.0,383200.0
1758,2021-10-21 02:36:35,162600.0,700.0,383000.0
1759,2021-10-21 02:36:33,162500.0,100.0,382300.0
1760,2021-10-21 02:36:33,162600.0,200.0,382200.0
1761,2021-10-21 02:36:26,162600.0,100.0,382000.0
1762,2021-10-21 02:36:24,162600.0,200.0,381900.0
1763,2021-10-21 02:36:19,162600.0,100.0,381700.0
1764,2021-10-21 02:36:15,162600.0,500.0,381600.0
1765,2021-10-21 02:36:10,162600.0,500.0,381100.0
1766,2021-10-21 02:36:07,162600.0,100.0,380600.0
1767,2021-10-21 02:36:03,162700.0,100.0,380500.0
1768,2021-10-21 02:35:59,162700.0,100.0,380400.0
1769,2021-10-21 02:35:49,162800.0,100.0,380300.0
1770,2021-10-21 02:35:30,163000.0,200.0,380200.0
1771,2021-10-21 02:35:30,162600.0,100.0,380000.0
1772,2021-10-21 02:35:30,163000.0,1100.0,379900.0
1773,2021-10-21 02:35:14,163000.0,300.0,378800.0
1774,2021-10-21 02:34:59,163000.0,400.0,378500.0
1775,2021-10-21 02:34:49,163000.0,400.0,378100.0
1776,2021-10-21 02:34:35,163000.0,100.0,377700.0
1777,2021-10-21 02:34:31,163000.0,100.0,377600.0
1778,2021-10-21 02:34:27,163100.0,100.0,377500.0
1779,2021-10-21 02:34:27,163100.0,500.0,377400.0
1780,2021-10-21 02:34:27,163000.0,100.0,376900.0
1781,2021-10-21 02:34:27,163000.0,1400.0,376800.0
1782,2021-10-21 02:34:24,163000.0,500.0,375400.0
1783,2021-10-21 02:34:22,163000.0,100.0,374900.0
1784,2021-10-21 02:34:22,163000.0,100.0,374800.0
1785,2021-10-21 02:34:13,163000.0,100.0,374700.0
1786,2021-10-21 02:34:11,163000.0,400.0,374600.0
1787,2021-10-21 02:34:08,163000.0,100.0,374200.0
1788,2021-10-21 02:34:03,163000.0,100.0,374100.0
1789,2021-10-21 02:34:02,163000.0,200.0,374000.0
1790,2021-10-21 02:34:02,163200.0,300.0,373800.0
1791,2021-10-21 02:33:57,163000.0,100.0,373500.0
1792,2021-10-21 02:33:45,163000.0,500.0,373400.0
1793,2021-10-21 02:33:41,163000.0,100.0,372900.0
1794,2021-10-21 02:33:38,163200.0,200.0,372800.0
1795,2021-10-21 02:33:33,163000.0,2400.0,372600.0
1796,2021-10-21 02:33:33,163000.0,200.0,370200.0
1797,2021-10-21 02:33:33,163000.0,100.0,370000.0
1798,2021-10-21 02:33:33,163000.0,1700.0,369900.0
1799,2021-10-21 02:33:33,163100.0,1900.0,368200.0
1800,2021-10-21 02:33:33,163100.0,600.0,366300.0
1801,2021-10-21 02:33:33,163100.0,100.0,365700.0
1802,2021-10-21 02:33:33,163100.0,1000.0,365600.0
1803,2021-10-21 02:33:33,163200.0,200.0,364600.0
1804,2021-10-21 02:33:26,163200.0,400.0,364400.0
1805,2021-10-21 02:33:21,163200.0,600.0,364000.0
1806,2021-10-21 02:33:19,163100.0,200.0,363400.0
1807,2021-10-21 02:33:14,163100.0,100.0,363200.0
1808,2021-10-21 02:33:08,163100.0,100.0,363100.0
1809,2021-10-21 02:33:02,163200.0,2000.0,363000.0
1810,2021-10-21 02:33:01,163000.0,300.0,361000.0
1811,2021-10-21 02:33:01,163000.0,100.0,360700.0
1812,2021-10-21 02:33:01,163000.0,100.0,360600.0
1813,2021-10-21 02:33:01,163000.0,500.0,360500.0
1814,2021-10-21 02:32:56,163200.0,500.0,360000.0
1815,2021-10-21 02:32:55,163200.0,600.0,359500.0
1816,2021-10-21 02:32:55,163200.0,100.0,358900.0
1817,2021-10-21 02:32:48,163200.0,100.0,358800.0
1818,2021-10-21 02:32:42,163200.0,100.0,358700.0
1819,2021-10-21 02:32:36,163000.0,400.0,358600.0
1820,2021-10-21 02:32:36,163000.0,200.0,358200.0
1821,2021-10-21 02:32:36,163200.0,100.0,358000.0
1822,2021-10-21 02:32:35,163200.0,200.0,357900.0
1823,2021-10-21 02:32:33,163200.0,100.0,357700.0
1824,2021-10-21 02:32:31,163000.0,200.0,357600.0
1825,2021-10-21 02:32:30,163000.0,2000.0,357400.0
1826,2021-10-21 02:32:25,163000.0,100.0,355400.0
1827,2021-10-21 02:32:25,163000.0,500.0,355300.0
1828,2021-10-21 02:32:25,163000.0,100.0,354800.0
1829,2021-10-21 02:32:24,162500.0,500.0,354700.0
1830,2021-10-21 02:32:23,163000.0,100.0,354200.0
1831,2021-10-21 02:32:21,163000.0,200.0,354100.0
1832,2021-10-21 02:32:21,163000.0,100.0,353900.0
1833,2021-10-21 02:32:21,163000.0,200.0,353800.0
1834,2021-10-21 02:32:15,163000.0,100.0,353600.0
1835,2021-10-21 02:32:15,163000.0,100.0,353500.0
1836,2021-10-21 02:32:11,163000.0,100.0,353400.0
1837,2021-10-21 02:32:11,163000.0,200.0,353300.0
1838,2021-10-21 02:32:11,163000.0,600.0,353100.0
1839,2021-10-21 02:32:11,163000.0,100.0,352500.0
1840,2021-10-21 02:32:11,163000.0,100.0,352400.0
1841,2021-10-21 02:32:11,163000.0,100.0,352300.0
1842,2021-10-21 02:32:11,163000.0,200.0,352200.0
1843,2021-10-21 02:32:11,163000.0,100.0,352000.0
1844,2021-10-21 02:32:11,163000.0,200.0,351900.0
1845,2021-10-21 02:32:11,163000.0,500.0,351700.0
1846,2021-10-21 02:32:11,163000.0,1900.0,351200.0
1847,2021-10-21 02:32:11,163000.0,1100.0,349300.0
1848,2021-10-21 02:32:11,163000.0,900.0,348200.0
1849,2021-10-21 02:32:11,163000.0,200.0,347300.0
1850,2021-10-21 02:32:11,163000.0,500.0,347100.0
1851,2021-10-21 02:32:10,163000.0,400.0,346600.0
1852,2021-10-21 02:32:10,163000.0,100.0,346200.0
1853,2021-10-21 02:32:10,163000.0,400.0,346100.0
1854,2021-10-21 02:32:10,163000.0,400.0,345700.0
1855,2021-10-21 02:32:10,163000.0,200.0,345300.0
1856,2021-10-21 02:32:10,163000.0,300.0,345100.0
1857,2021-10-21 02:32:10,163000.0,700.0,344800.0
1858,2021-10-21 02:32:10,163000.0,400.0,344100.0
1859,2021-10-21 02:32:10,163000.0,300.0,343700.0
1860,2021-10-21 02:32:10,163000.0,900.0,343400.0
1861,2021-10-21 02:32:10,163000.0,1200.0,342500.0
1862,2021-10-21 02:32:10,162900.0,100.0,341300.0
1863,2021-10-21 02:31:54,163000.0,200.0,341200.0
1864,2021-10-21 02:31:54,163000.0,300.0,341000.0
1865,2021-10-21 02:31:54,163000.0,500.0,340700.0
1866,2021-10-21 02:31:51,163000.0,300.0,340200.0
1867,2021-10-21 02:31:42,163000.0,200.0,339900.0
1868,2021-10-21 02:31:42,163000.0,100.0,339700.0
1869,2021-10-21 02:31:42,163000.0,200.0,339600.0
1870,2021-10-21 02:31:42,163000.0,1000.0,339400.0
1871,2021-10-21 02:31:42,163000.0,800.0,338400.0
1872,2021-10-21 02:31:36,162500.0,100.0,337600.0
1873,2021-10-21 02:31:27,163000.0,100.0,337500.0
1874,2021-10-21 02:31:27,163000.0,100.0,337400.0
1875,2021-10-21 02:31:22,163000.0,100.0,337300.0
1876,2021-10-21 02:31:19,163400.0,400.0,337200.0
1877,2021-10-21 02:31:19,163300.0,100.0,336800.0
1878,2021-10-21 02:31:17,163000.0,500.0,336700.0
1879,2021-10-21 02:31:17,163000.0,200.0,336200.0
1880,2021-10-21 02:31:17,163000.0,100.0,336000.0
1881,2021-10-21 02:31:17,163000.0,2200.0,335900.0
1882,2021-10-21 02:31:17,163000.0,300.0,333700.0
1883,2021-10-21 02:31:17,163000.0,1000.0,333400.0
1884,2021-10-21 02:31:17,163000.0,600.0,332400.0
1885,2021-10-21 02:31:17,163100.0,3000.0,331800.0
1886,2021-10-21 02:31:16,163300.0,100.0,328800.0
1887,2021-10-21 02:31:08,163100.0,100.0,328700.0
1888,2021-10-21 02:31:07,163400.0,200.0,328600.0
1889,2021-10-21 02:31:07,163400.0,1100.0,328400.0
1890,2021-10-21 02:31:07,163400.0,200.0,327300.0
1891,2021-10-21 02:31:07,163400.0,600.0,327100.0
1892,2021-10-21 02:31:06,163400.0,1100.0,326500.0
1893,2021-10-21 02:31:06,163400.0,600.0,325400.0
1894,2021-10-21 02:30:56,163500.0,100.0,324800.0
1895,2021-10-21 02:30:54,163500.0,100.0,324700.0
1896,2021-10-21 02:30:54,163500.0,700.0,324600.0
1897,2021-10-21 02:30:54,163500.0,100.0,323900.0
1898,2021-10-21 02:30:52,163500.0,500.0,323800.0
1899,2021-10-21 02:30:44,163700.0,1200.0,323300.0
1900,2021-10-21 02:30:38,163800.0,100.0,322100.0
1901,2021-10-21 02:30:33,163800.0,200.0,322000.0
1902,2021-10-21 02:30:32,163800.0,200.0,321800.0
1903,2021-10-21 02:30:32,163800.0,200.0,321600.0
1904,2021-10-21 02:30:24,163800.0,100.0,321400.0
1905,2021-10-21 02:30:18,164000.0,5000.0,321300.0
1906,2021-10-21 02:30:18,164000.0,500.0,316300.0
1907,2021-10-21 02:30:18,164000.0,200.0,315800.0
1908,2021-10-21 02:30:08,164000.0,100.0,315600.0
1909,2021-10-21 02:30:06,164000.0,200.0,315500.0
1910,2021-10-21 02:30:01,164000.0,2700.0,315300.0
1911,2021-10-21 02:30:01,164000.0,400.0,312600.0
1912,2021-10-21 02:30:01,164000.0,200.0,312200.0
1913,2021-10-21 02:30:01,164000.0,100.0,312000.0
1914,2021-10-21 02:30:01,164000.0,1000.0,311900.0
1915,2021-10-21 02:30:01,164000.0,100.0,310900.0
1916,2021-10-21 02:30:01,164000.0,500.0,310800.0
1917,2021-10-21 02:30:00,164000.0,600.0,310300.0
1918,2021-10-21 02:29:58,164000.0,900.0,309700.0
1919,2021-10-21 02:29:58,164000.0,100.0,308800.0
1920,2021-10-21 02:29:57,163800.0,100.0,308700.0
1921,2021-10-21 02:29:57,163900.0,300.0,308600.0
1922,2021-10-21 02:29:57,164000.0,200.0,308300.0
1923,2021-10-21 02:29:54,164000.0,300.0,308100.0
1924,2021-10-21 02:29:52,164000.0,700.0,307800.0
1925,2021-10-21 02:29:52,164000.0,300.0,307100.0
1926,2021-10-21 02:29:52,164000.0,200.0,306800.0
1927,2021-10-21 02:29:52,164000.0,200.0,306600.0
1928,2021-10-21 02:29:52,164000.0,300.0,306400.0
1929,2021-10-21 02:29:52,164000.0,100.0,306100.0
1930,2021-10-21 02:29:52,164000.0,200.0,306000.0
1931,2021-10-21 02:29:45,164000.0,300.0,305800.0
1932,2021-10-21 02:29:45,164000.0,100.0,305500.0
1933,2021-10-21 02:29:45,164000.0,100.0,305400.0
1934,2021-10-21 02:29:44,164000.0,200.0,305300.0
1935,2021-10-21 02:29:43,164000.0,200.0,305100.0
1936,2021-10-21 02:29:43,164000.0,100.0,304900.0
1937,2021-10-21 02:29:41,164000.0,200.0,304800.0
1938,2021-10-21 02:29:41,164000.0,200.0,304600.0
1939,2021-10-21 02:29:40,163900.0,100.0,304400.0
1940,2021-10-21 02:29:40,164000.0,300.0,304300.0
1941,2021-10-21 02:29:40,164000.0,1000.0,304000.0
1942,2021-10-21 02:29:40,164000.0,100.0,303000.0
1943,2021-10-21 02:29:40,164000.0,100.0,302900.0
1944,2021-10-21 02:29:40,164000.0,400.0,302800.0
1945,2021-10-21 02:29:40,164000.0,100.0,302400.0
1946,2021-10-21 02:29:40,164000.0,100.0,302300.0
1947,2021-10-21 02:29:40,164000.0,1400.0,302200.0
1948,2021-10-21 02:29:40,164000.0,200.0,300800.0
1949,2021-10-21 02:29:40,164000.0,300.0,300600.0
1950,2021-10-21 02:29:40,164000.0,400.0,300300.0
1951,2021-10-21 02:29:40,164000.0,100.0,299900.0
1952,2021-10-21 02:29:35,164000.0,200.0,299800.0
1953,2021-10-21 02:29:35,164000.0,1000.0,299600.0
1954,2021-10-21 02:29:35,164000.0,300.0,298600.0
1955,2021-10-21 02:29:35,164000.0,100.0,298300.0
1956,2021-10-21 02:29:35,164000.0,1500.0,298200.0
1957,2021-10-21 02:29:35,164000.0,1900.0,296700.0
1958,2021-10-21 02:29:32,164000.0,100.0,294800.0
1959,2021-10-21 02:29:32,164000.0,100.0,294700.0
1960,2021-10-21 02:29:32,164000.0,200.0,294600.0
1961,2021-10-21 02:29:32,164000.0,500.0,294400.0
1962,2021-10-21 02:29:32,164000.0,100.0,293900.0
1963,2021-10-21 02:29:32,164000.0,100.0,293800.0
1964,2021-10-21 02:29:32,164000.0,100.0,293700.0
1965,2021-10-21 02:29:32,164000.0,500.0,293600.0
1966,2021-10-21 02:29:32,164000.0,100.0,293100.0
1967,2021-10-21 02:29:32,164000.0,100.0,293000.0
1968,2021-10-21 02:29:29,164000.0,900.0,292900.0
1969,2021-10-21 02:29:29,164000.0,300.0,292000.0
1970,2021-10-21 02:29:29,164000.0,100.0,291700.0
1971,2021-10-21 02:29:29,164000.0,200.0,291600.0
1972,2021-10-21 02:29:29,164000.0,500.0,291400.0
1973,2021-10-21 02:29:25,164000.0,1800.0,290900.0
1974,2021-10-21 02:29:25,163900.0,400.0,289100.0
1975,2021-10-21 02:29:23,163900.0,3000.0,288700.0
1976,2021-10-21 02:29:21,164000.0,100.0,285700.0
1977,2021-10-21 02:29:19,164000.0,300.0,285600.0
1978,2021-10-21 02:29:19,164000.0,1600.0,285300.0
1979,2021-10-21 02:29:19,164000.0,700.0,283700.0
1980,2021-10-21 02:29:19,164000.0,100.0,283000.0
1981,2021-10-21 02:29:19,164000.0,100.0,282900.0
1982,2021-10-21 02:29:19,164000.0,100.0,282800.0
1983,2021-10-21 02:29:14,164000.0,100.0,282700.0
1984,2021-10-21 02:29:14,164000.0,100.0,282600.0
1985,2021-10-21 02:29:13,164000.0,1000.0,282500.0
1986,2021-10-21 02:29:11,164000.0,900.0,281500.0
1987,2021-10-21 02:29:09,164000.0,200.0,280600.0
1988,2021-10-21 02:29:09,164000.0,900.0,280400.0
1989,2021-10-21 02:29:09,164000.0,100.0,279500.0
1990,2021-10-21 02:29:09,164000.0,2300.0,279400.0
1991,2021-10-21 02:29:09,163900.0,1000.0,277100.0
1992,2021-10-21 02:29:04,164000.0,5000.0,276100.0
1993,2021-10-21 02:28:57,164000.0,200.0,271100.0
1994,2021-10-21 02:28:56,164000.0,1000.0,270900.0
1995,2021-10-21 02:28:56,163800.0,100.0,269900.0
1996,2021-10-21 02:28:52,164000.0,1500.0,269800.0
1997,2021-10-21 02:28:52,164000.0,10000.0,268300.0
1998,2021-10-21 02:28:52,164000.0,1500.0,258300.0
1999,2021-10-21 02:28:52,164000.0,100.0,256800.0
2000,2021-10-21 02:28:52,164000.0,100.0,256700.0
2001,2021-10-21 02:28:52,163900.0,200.0,256600.0
2002,2021-10-21 02:28:52,163900.0,1000.0,256400.0
2003,2021-10-21 02:28:52,163900.0,400.0,255400.0
2004,2021-10-21 02:28:52,163900.0,200.0,255000.0
2005,2021-10-21 02:28:52,163900.0,500.0,254800.0
2006,2021-10-21 02:28:52,163900.0,4000.0,254300.0
2007,2021-10-21 02:28:52,163900.0,1500.0,250300.0
2008,2021-10-21 02:28:50,163900.0,500.0,248800.0
2009,2021-10-21 02:28:50,163900.0,100.0,248300.0
2010,2021-10-21 02:28:50,163900.0,1000.0,248200.0
2011,2021-10-21 02:28:50,163900.0,300.0,247200.0
2012,2021-10-21 02:28:50,163800.0,1000.0,246900.0
2013,2021-10-21 02:28:50,163800.0,100.0,245900.0
2014,2021-10-21 02:28:42,163900.0,700.0,245800.0
2015,2021-10-21 02:28:42,163900.0,2000.0,245100.0
2016,2021-10-21 02:28:42,163800.0,100.0,243100.0
2017,2021-10-21 02:28:42,163800.0,200.0,243000.0
2018,2021-10-21 02:28:40,163400.0,600.0,242800.0
2019,2021-10-21 02:28:40,163500.0,100.0,242200.0
2020,2021-10-21 02:28:40,163500.0,1000.0,242100.0
2021,2021-10-21 02:28:36,163500.0,200.0,241100.0
2022,2021-10-21 02:28:28,163400.0,500.0,240900.0
2023,2021-10-21 02:28:27,163500.0,200.0,240400.0
2024,2021-10-21 02:28:27,163800.0,100.0,240200.0
2025,2021-10-21 02:28:25,163800.0,400.0,240100.0
2026,2021-10-21 02:28:25,163500.0,400.0,239700.0
2027,2021-10-21 02:28:25,163500.0,500.0,239300.0
2028,2021-10-21 02:28:25,163500.0,2100.0,238800.0
2029,2021-10-21 02:28:23,163500.0,500.0,236700.0
2030,2021-10-21 02:28:17,163500.0,1000.0,236200.0
2031,2021-10-21 02:28:16,163500.0,100.0,235200.0
2032,2021-10-21 02:28:16,163800.0,500.0,235100.0
2033,2021-10-21 02:28:15,163800.0,100.0,234600.0
2034,2021-10-21 02:28:12,163500.0,200.0,234500.0
2035,2021-10-21 02:28:10,163500.0,100.0,234300.0
2036,2021-10-21 02:28:08,163500.0,100.0,234200.0
2037,2021-10-21 02:28:08,163500.0,300.0,234100.0
2038,2021-10-21 02:28:08,163500.0,100.0,233800.0
2039,2021-10-21 02:28:03,163400.0,100.0,233700.0
