,Time,Price,Volume_per_trade,Volume
0,2021-10-01 14:45:01,6300.0,100.0,2638100.0
1,2021-10-01 14:45:01,6300.0,1100.0,2638000.0
2,2021-10-01 14:45:01,6300.0,500.0,2636900.0
3,2021-10-01 14:45:01,6300.0,1000.0,2636400.0
4,2021-10-01 14:45:01,6300.0,1000.0,2635400.0
5,2021-10-01 14:45:01,6300.0,5000.0,2634400.0
6,2021-10-01 14:45:01,6300.0,1000.0,2629400.0
7,2021-10-01 14:45:01,6300.0,400.0,2628400.0
8,2021-10-01 14:45:01,6300.0,100.0,2628000.0
9,2021-10-01 14:45:01,6300.0,100.0,2627900.0
10,2021-10-01 14:45:01,6300.0,100.0,2627800.0
11,2021-10-01 14:45:01,6300.0,100.0,2627700.0
12,2021-10-01 14:45:01,6300.0,200.0,2627600.0
13,2021-10-01 14:45:01,6300.0,200.0,2627400.0
14,2021-10-01 14:45:01,6300.0,200.0,2627200.0
15,2021-10-01 14:45:01,6300.0,300.0,2627000.0
16,2021-10-01 14:45:01,6300.0,500.0,2626700.0
17,2021-10-01 14:45:01,6300.0,200.0,2626200.0
18,2021-10-01 14:45:01,6300.0,100.0,2626000.0
19,2021-10-01 14:45:01,6300.0,2600.0,2625900.0
20,2021-10-01 14:45:01,6300.0,300.0,2623300.0
21,2021-10-01 14:45:01,6300.0,100.0,2623000.0
22,2021-10-01 14:45:01,6300.0,100.0,2622900.0
23,2021-10-01 14:45:01,6300.0,800.0,2622800.0
24,2021-10-01 14:45:01,6300.0,1000.0,2622000.0
25,2021-10-01 14:45:01,6300.0,1200.0,2621000.0
26,2021-10-01 14:45:01,6300.0,100.0,2619800.0
27,2021-10-01 14:45:01,6300.0,200.0,2619700.0
28,2021-10-01 14:45:01,6300.0,300.0,2619500.0
29,2021-10-01 14:45:01,6300.0,500.0,2619200.0
30,2021-10-01 14:45:01,6300.0,100.0,2618700.0
31,2021-10-01 14:45:01,6300.0,14600.0,2618600.0
32,2021-10-01 14:45:01,6300.0,200.0,2604000.0
33,2021-10-01 14:45:01,6300.0,100.0,2603800.0
34,2021-10-01 14:45:01,6300.0,500.0,2603700.0
35,2021-10-01 14:45:01,6300.0,10000.0,2603200.0
36,2021-10-01 14:45:01,6300.0,300.0,2593200.0
37,2021-10-01 14:45:01,6300.0,500.0,2592900.0
38,2021-10-01 14:45:01,6300.0,8700.0,2592400.0
39,2021-10-01 14:45:01,6300.0,5000.0,2583700.0
40,2021-10-01 14:45:01,6300.0,100.0,2578700.0
41,2021-10-01 14:45:01,6300.0,6000.0,2578600.0
42,2021-10-01 14:45:01,6300.0,500.0,2572600.0
43,2021-10-01 14:45:01,6300.0,1000.0,2572100.0
44,2021-10-01 14:45:01,6300.0,500.0,2571100.0
45,2021-10-01 14:45:01,6300.0,1000.0,2570600.0
46,2021-10-01 14:45:01,6300.0,10000.0,2569600.0
47,2021-10-01 14:45:01,6300.0,7800.0,2559600.0
48,2021-10-01 14:45:01,6300.0,300.0,2551800.0
49,2021-10-01 14:45:01,6300.0,1000.0,2551500.0
50,2021-10-01 14:45:01,6300.0,3000.0,2550500.0
51,2021-10-01 14:45:01,6300.0,100.0,2547500.0
52,2021-10-01 14:45:01,6300.0,500.0,2547400.0
53,2021-10-01 14:45:01,6300.0,5000.0,2546900.0
54,2021-10-01 14:45:01,6300.0,3000.0,2541900.0
55,2021-10-01 14:45:01,6300.0,100.0,2538900.0
56,2021-10-01 14:45:01,6300.0,500.0,2538800.0
57,2021-10-01 14:45:01,6300.0,1000.0,2538300.0
58,2021-10-01 14:45:01,6300.0,500.0,2537300.0
59,2021-10-01 14:45:01,6300.0,100.0,2536800.0
60,2021-10-01 14:45:01,6300.0,100.0,2536700.0
61,2021-10-01 14:45:01,6300.0,8000.0,2536600.0
62,2021-10-01 14:45:01,6300.0,25000.0,2528600.0
63,2021-10-01 14:45:01,6300.0,1000.0,2503600.0
64,2021-10-01 14:45:01,6300.0,19900.0,2502600.0
65,2021-10-01 14:45:01,6300.0,7800.0,2482700.0
66,2021-10-01 14:45:01,6300.0,100.0,2474900.0
67,2021-10-01 14:45:01,6300.0,100.0,2474800.0
68,2021-10-01 14:45:01,6300.0,2000.0,2474700.0
69,2021-10-01 14:45:01,6300.0,2000.0,2472700.0
70,2021-10-01 14:45:01,6300.0,100.0,2470700.0
71,2021-10-01 14:45:01,6300.0,300.0,2470600.0
72,2021-10-01 14:45:01,6300.0,300.0,2470300.0
73,2021-10-01 14:45:01,6300.0,100.0,2470000.0
74,2021-10-01 14:45:01,6300.0,300.0,2469900.0
75,2021-10-01 14:45:01,6300.0,200.0,2469600.0
76,2021-10-01 14:45:01,6300.0,3000.0,2469400.0
77,2021-10-01 14:45:01,6300.0,100.0,2466400.0
78,2021-10-01 14:45:01,6300.0,1000.0,2466300.0
79,2021-10-01 14:45:01,6300.0,500.0,2465300.0
80,2021-10-01 14:45:01,6300.0,1900.0,2464800.0
81,2021-10-01 14:45:01,6300.0,100.0,2462900.0
82,2021-10-01 14:45:01,6300.0,100.0,2462800.0
83,2021-10-01 14:45:01,6300.0,2000.0,2462700.0
84,2021-10-01 14:45:01,6300.0,5000.0,2460700.0
85,2021-10-01 14:45:01,6300.0,2000.0,2455700.0
86,2021-10-01 14:45:01,6300.0,1500.0,2453700.0
87,2021-10-01 14:45:01,6300.0,500.0,2452200.0
88,2021-10-01 14:45:01,6300.0,300.0,2451700.0
89,2021-10-01 14:45:01,6300.0,4100.0,2451400.0
90,2021-10-01 14:45:01,6300.0,1000.0,2447300.0
91,2021-10-01 14:45:01,6300.0,100.0,2446300.0
92,2021-10-01 14:45:01,6300.0,9500.0,2446200.0
93,2021-10-01 14:45:01,6300.0,10000.0,2436700.0
94,2021-10-01 14:45:01,6300.0,1000.0,2426700.0
95,2021-10-01 14:45:01,6300.0,4700.0,2425700.0
96,2021-10-01 14:45:01,6300.0,300.0,2421000.0
97,2021-10-01 14:45:01,6300.0,200.0,2420700.0
98,2021-10-01 14:45:01,6300.0,1000.0,2420500.0
99,2021-10-01 14:45:01,6300.0,1100.0,2419500.0
100,2021-10-01 14:45:01,6300.0,10000.0,2418400.0
101,2021-10-01 14:45:01,6300.0,17000.0,2408400.0
102,2021-10-01 14:45:01,6300.0,300.0,2391400.0
103,2021-10-01 14:45:01,6300.0,100.0,2391100.0
104,2021-10-01 14:29:58,6410.0,200.0,2391000.0
105,2021-10-01 14:29:58,6420.0,200.0,2390800.0
106,2021-10-01 14:28:50,6410.0,11400.0,2390600.0
107,2021-10-01 14:28:50,6410.0,2100.0,2379200.0
108,2021-10-01 14:28:26,6400.0,3000.0,2377100.0
109,2021-10-01 14:28:16,6400.0,2000.0,2374100.0
110,2021-10-01 14:27:34,6450.0,100.0,2372100.0
111,2021-10-01 14:27:16,6450.0,100.0,2372000.0
112,2021-10-01 14:27:11,6450.0,100.0,2371900.0
113,2021-10-01 14:26:06,6450.0,300.0,2371800.0
114,2021-10-01 14:25:35,6450.0,200.0,2371500.0
115,2021-10-01 14:25:27,6450.0,500.0,2371300.0
116,2021-10-01 14:25:27,6450.0,1000.0,2370800.0
117,2021-10-01 14:25:27,6450.0,1000.0,2369800.0
118,2021-10-01 14:25:27,6450.0,500.0,2368800.0
119,2021-10-01 14:24:43,6450.0,300.0,2368300.0
120,2021-10-01 14:24:32,6400.0,2000.0,2368000.0
121,2021-10-01 14:24:08,6400.0,2000.0,2366000.0
122,2021-10-01 14:23:47,6400.0,1000.0,2364000.0
123,2021-10-01 14:23:33,6450.0,9200.0,2363000.0
124,2021-10-01 14:23:33,6440.0,2200.0,2353800.0
125,2021-10-01 14:23:33,6440.0,500.0,2351600.0
126,2021-10-01 14:23:33,6440.0,600.0,2351100.0
127,2021-10-01 14:23:33,6410.0,7000.0,2350500.0
128,2021-10-01 14:23:33,6410.0,500.0,2343500.0
129,2021-10-01 14:23:25,6400.0,4800.0,2343000.0
130,2021-10-01 14:23:09,6400.0,5000.0,2338200.0
131,2021-10-01 14:23:09,6400.0,1000.0,2333200.0
132,2021-10-01 14:23:09,6400.0,900.0,2332200.0
133,2021-10-01 14:23:09,6400.0,100.0,2331300.0
134,2021-10-01 14:23:09,6400.0,1000.0,2331200.0
135,2021-10-01 14:23:09,6400.0,2600.0,2330200.0
136,2021-10-01 14:23:09,6400.0,100.0,2327600.0
137,2021-10-01 14:23:09,6400.0,2000.0,2327500.0
138,2021-10-01 14:23:09,6410.0,5000.0,2325500.0
139,2021-10-01 14:23:09,6410.0,7500.0,2320500.0
140,2021-10-01 14:22:28,6410.0,700.0,2313000.0
141,2021-10-01 14:22:28,6410.0,300.0,2312300.0
142,2021-10-01 14:22:07,6440.0,400.0,2312000.0
143,2021-10-01 14:21:18,6400.0,10000.0,2311600.0
144,2021-10-01 14:21:18,6400.0,1600.0,2301600.0
145,2021-10-01 14:20:55,6400.0,1000.0,2300000.0
146,2021-10-01 14:20:46,6400.0,1000.0,2299000.0
147,2021-10-01 14:20:32,6400.0,15000.0,2298000.0
148,2021-10-01 14:20:28,6390.0,100.0,2283000.0
149,2021-10-01 14:20:28,6390.0,1000.0,2282900.0
150,2021-10-01 14:20:28,6390.0,100.0,2281900.0
151,2021-10-01 14:20:28,6390.0,2000.0,2281800.0
152,2021-10-01 14:20:28,6390.0,1700.0,2279800.0
153,2021-10-01 14:20:28,6390.0,100.0,2278100.0
154,2021-10-01 14:20:12,6390.0,500.0,2278000.0
155,2021-10-01 14:20:12,6390.0,100.0,2277500.0
156,2021-10-01 14:20:12,6390.0,100.0,2277400.0
157,2021-10-01 14:20:12,6390.0,500.0,2277300.0
158,2021-10-01 14:20:12,6390.0,1000.0,2276800.0
159,2021-10-01 14:20:12,6390.0,600.0,2275800.0
160,2021-10-01 14:20:12,6390.0,900.0,2275200.0
161,2021-10-01 14:20:10,6400.0,100.0,2274300.0
162,2021-10-01 14:19:23,6400.0,400.0,2274200.0
163,2021-10-01 14:18:39,6390.0,200.0,2273800.0
164,2021-10-01 14:18:28,6400.0,2000.0,2273600.0
165,2021-10-01 14:17:27,6400.0,7300.0,2271600.0
166,2021-10-01 14:17:20,6400.0,7700.0,2264300.0
167,2021-10-01 14:17:20,6400.0,2000.0,2256600.0
168,2021-10-01 14:14:50,6390.0,1400.0,2254600.0
169,2021-10-01 14:13:25,6390.0,100.0,2253200.0
170,2021-10-01 14:13:23,6400.0,200.0,2253100.0
171,2021-10-01 14:13:08,6400.0,1000.0,2252900.0
172,2021-10-01 14:13:08,6400.0,1000.0,2251900.0
173,2021-10-01 14:13:08,6400.0,900.0,2250900.0
174,2021-10-01 14:13:08,6400.0,1000.0,2250000.0
175,2021-10-01 14:13:08,6400.0,2500.0,2249000.0
176,2021-10-01 14:13:08,6400.0,1000.0,2246500.0
177,2021-10-01 14:13:08,6400.0,5000.0,2245500.0
178,2021-10-01 14:13:08,6400.0,1000.0,2240500.0
179,2021-10-01 14:13:08,6400.0,10000.0,2239500.0
180,2021-10-01 14:13:08,6400.0,2900.0,2229500.0
181,2021-10-01 14:13:08,6410.0,10000.0,2226600.0
182,2021-10-01 14:13:08,6420.0,3000.0,2216600.0
183,2021-10-01 14:13:08,6420.0,3000.0,2213600.0
184,2021-10-01 14:13:08,6430.0,9000.0,2210600.0
185,2021-10-01 14:13:08,6440.0,200.0,2201600.0
186,2021-10-01 14:13:08,6440.0,2900.0,2201400.0
187,2021-10-01 14:13:08,6440.0,2000.0,2198500.0
188,2021-10-01 14:12:55,6450.0,1100.0,2196500.0
189,2021-10-01 14:12:10,6450.0,1000.0,2195400.0
190,2021-10-01 14:11:43,6450.0,4200.0,2194400.0
191,2021-10-01 14:11:43,6450.0,800.0,2190200.0
192,2021-10-01 14:11:42,6440.0,3600.0,2189400.0
193,2021-10-01 14:11:42,6440.0,200.0,2185800.0
194,2021-10-01 14:11:05,6460.0,8200.0,2185600.0
195,2021-10-01 14:11:05,6470.0,500.0,2177400.0
196,2021-10-01 14:11:05,6470.0,300.0,2176900.0
197,2021-10-01 14:11:02,6460.0,500.0,2176600.0
198,2021-10-01 14:11:02,6460.0,1000.0,2176100.0
199,2021-10-01 14:11:02,6460.0,200.0,2175100.0
200,2021-10-01 14:11:02,6460.0,100.0,2174900.0
201,2021-10-01 14:10:45,6450.0,300.0,2174800.0
202,2021-10-01 14:10:45,6460.0,100.0,2174500.0
203,2021-10-01 14:10:45,6460.0,300.0,2174400.0
204,2021-10-01 14:10:45,6460.0,3500.0,2174100.0
205,2021-10-01 14:10:42,6460.0,200.0,2170600.0
206,2021-10-01 14:10:19,6460.0,1900.0,2170400.0
207,2021-10-01 14:08:55,6450.0,800.0,2168500.0
208,2021-10-01 14:08:35,6450.0,500.0,2167700.0
209,2021-10-01 14:08:23,6450.0,700.0,2167200.0
210,2021-10-01 14:08:23,6450.0,300.0,2166500.0
211,2021-10-01 14:08:22,6450.0,100.0,2166200.0
212,2021-10-01 14:07:20,6450.0,100.0,2166100.0
213,2021-10-01 14:06:26,6450.0,100.0,2166000.0
214,2021-10-01 14:06:26,6450.0,100.0,2165900.0
215,2021-10-01 14:05:44,6450.0,400.0,2165800.0
216,2021-10-01 14:05:05,6400.0,1000.0,2165400.0
217,2021-10-01 14:05:05,6400.0,400.0,2164400.0
218,2021-10-01 14:04:57,6400.0,5000.0,2164000.0
219,2021-10-01 14:04:57,6400.0,2100.0,2159000.0
220,2021-10-01 14:04:48,6400.0,20000.0,2156900.0
221,2021-10-01 14:04:38,6400.0,1000.0,2136900.0
222,2021-10-01 14:04:28,6400.0,10000.0,2135900.0
223,2021-10-01 14:03:45,6400.0,2000.0,2125900.0
224,2021-10-01 14:03:17,6400.0,1000.0,2123900.0
225,2021-10-01 14:03:08,6400.0,1000.0,2122900.0
226,2021-10-01 14:03:00,6400.0,100.0,2121900.0
227,2021-10-01 14:02:40,6400.0,10000.0,2121800.0
228,2021-10-01 14:02:34,6390.0,5000.0,2111800.0
229,2021-10-01 14:02:23,6400.0,5000.0,2106800.0
230,2021-10-01 14:02:23,6390.0,1200.0,2101800.0
231,2021-10-01 14:02:23,6390.0,1000.0,2100600.0
232,2021-10-01 14:02:04,6400.0,4000.0,2099600.0
233,2021-10-01 14:01:50,6400.0,1000.0,2095600.0
234,2021-10-01 14:01:37,6400.0,10000.0,2094600.0
235,2021-10-01 14:01:07,6400.0,9900.0,2084600.0
236,2021-10-01 14:01:01,6380.0,10000.0,2074700.0
237,2021-10-01 14:00:39,6400.0,500.0,2064700.0
238,2021-10-01 14:00:37,6400.0,16000.0,2064200.0
239,2021-10-01 14:00:31,6400.0,100.0,2048200.0
240,2021-10-01 14:00:12,6400.0,100.0,2048100.0
241,2021-10-01 14:00:12,6400.0,400.0,2048000.0
242,2021-10-01 14:00:12,6400.0,1000.0,2047600.0
243,2021-10-01 14:00:12,6400.0,100.0,2046600.0
244,2021-10-01 14:00:12,6400.0,100.0,2046500.0
245,2021-10-01 14:00:12,6400.0,300.0,2046400.0
246,2021-10-01 14:00:12,6400.0,300.0,2046100.0
247,2021-10-01 14:00:12,6400.0,5000.0,2045800.0
248,2021-10-01 14:00:12,6400.0,200.0,2040800.0
249,2021-10-01 14:00:12,6400.0,600.0,2040600.0
250,2021-10-01 14:00:12,6400.0,500.0,2040000.0
251,2021-10-01 14:00:12,6400.0,10000.0,2039500.0
252,2021-10-01 14:00:12,6400.0,100.0,2029500.0
253,2021-10-01 14:00:12,6400.0,500.0,2029400.0
254,2021-10-01 14:00:12,6410.0,5000.0,2028900.0
255,2021-10-01 14:00:12,6410.0,1000.0,2023900.0
256,2021-10-01 14:00:12,6410.0,1000.0,2022900.0
257,2021-10-01 14:00:12,6410.0,1000.0,2021900.0
258,2021-10-01 14:00:12,6420.0,100.0,2020900.0
259,2021-10-01 14:00:12,6420.0,15500.0,2020800.0
260,2021-10-01 14:00:12,6420.0,4400.0,2005300.0
261,2021-10-01 14:00:12,6420.0,15700.0,2000900.0
262,2021-10-01 14:00:12,6430.0,30000.0,1985200.0
263,2021-10-01 14:00:12,6430.0,600.0,1955200.0
264,2021-10-01 14:00:12,6430.0,400.0,1954600.0
265,2021-10-01 14:00:12,6430.0,2000.0,1954200.0
266,2021-10-01 14:00:12,6430.0,50000.0,1952200.0
267,2021-10-01 14:00:12,6430.0,200.0,1902200.0
268,2021-10-01 14:00:12,6430.0,100.0,1902000.0
269,2021-10-01 14:00:12,6430.0,5300.0,1901900.0
270,2021-10-01 14:00:12,6440.0,10000.0,1896600.0
271,2021-10-01 14:00:12,6440.0,1000.0,1886600.0
272,2021-10-01 14:00:12,6440.0,200.0,1885600.0
273,2021-10-01 14:00:12,6440.0,5000.0,1885400.0
274,2021-10-01 14:00:12,6440.0,500.0,1880400.0
275,2021-10-01 14:00:12,6440.0,7400.0,1879900.0
276,2021-10-01 14:00:12,6450.0,15000.0,1872500.0
277,2021-10-01 14:00:12,6450.0,10000.0,1857500.0
278,2021-10-01 14:00:12,6450.0,4300.0,1847500.0
279,2021-10-01 13:59:41,6450.0,300.0,1843200.0
280,2021-10-01 13:59:41,6450.0,400.0,1842900.0
281,2021-10-01 13:59:18,6450.0,100.0,1842500.0
282,2021-10-01 13:59:01,6450.0,1700.0,1842400.0
283,2021-10-01 13:59:01,6450.0,500.0,1840700.0
284,2021-10-01 13:59:01,6450.0,500.0,1840200.0
285,2021-10-01 13:59:01,6450.0,300.0,1839700.0
286,2021-10-01 13:58:52,6450.0,100.0,1839400.0
287,2021-10-01 13:57:30,6460.0,2000.0,1839300.0
288,2021-10-01 13:57:30,6460.0,1000.0,1837300.0
289,2021-10-01 13:57:30,6460.0,6000.0,1836300.0
290,2021-10-01 13:57:30,6460.0,400.0,1830300.0
291,2021-10-01 13:56:59,6460.0,3300.0,1829900.0
292,2021-10-01 13:56:44,6470.0,300.0,1826600.0
293,2021-10-01 13:56:23,6470.0,400.0,1826300.0
294,2021-10-01 13:55:44,6470.0,3900.0,1825900.0
295,2021-10-01 13:55:44,6470.0,100.0,1822000.0
296,2021-10-01 13:54:15,6460.0,100.0,1821900.0
297,2021-10-01 13:54:14,6460.0,100.0,1821800.0
298,2021-10-01 13:52:44,6460.0,1000.0,1821700.0
299,2021-10-01 13:52:44,6460.0,5100.0,1820700.0
300,2021-10-01 13:52:01,6460.0,500.0,1815600.0
301,2021-10-01 13:52:01,6460.0,1000.0,1815100.0
302,2021-10-01 13:52:01,6460.0,2900.0,1814100.0
303,2021-10-01 13:52:01,6460.0,500.0,1811200.0
304,2021-10-01 13:51:00,6460.0,7000.0,1810700.0
305,2021-10-01 13:50:51,6460.0,700.0,1803700.0
306,2021-10-01 13:50:51,6460.0,300.0,1803000.0
307,2021-10-01 13:50:45,6460.0,200.0,1802700.0
308,2021-10-01 13:50:32,6460.0,900.0,1802500.0
309,2021-10-01 13:50:16,6460.0,100.0,1801600.0
310,2021-10-01 13:49:54,6490.0,400.0,1801500.0
311,2021-10-01 13:49:54,6480.0,5000.0,1801100.0
312,2021-10-01 13:49:54,6460.0,1700.0,1796100.0
313,2021-10-01 13:49:51,6460.0,4800.0,1794400.0
314,2021-10-01 13:49:51,6450.0,1900.0,1789600.0
315,2021-10-01 13:49:51,6450.0,5800.0,1787700.0
316,2021-10-01 13:49:51,6450.0,200.0,1781900.0
317,2021-10-01 13:49:51,6450.0,100.0,1781700.0
318,2021-10-01 13:49:44,6460.0,300.0,1781600.0
319,2021-10-01 13:49:32,6460.0,4000.0,1781300.0
320,2021-10-01 13:48:55,6460.0,600.0,1777300.0
321,2021-10-01 13:48:54,6450.0,5000.0,1776700.0
322,2021-10-01 13:48:44,6460.0,500.0,1771700.0
323,2021-10-01 13:47:51,6460.0,1200.0,1771200.0
324,2021-10-01 13:47:23,6450.0,400.0,1770000.0
325,2021-10-01 13:47:18,6450.0,100.0,1769600.0
326,2021-10-01 13:47:16,6450.0,2000.0,1769500.0
327,2021-10-01 13:46:54,6450.0,1500.0,1767500.0
328,2021-10-01 13:46:39,6440.0,100.0,1766000.0
329,2021-10-01 13:46:11,6440.0,500.0,1765900.0
330,2021-10-01 13:45:45,6440.0,2000.0,1765400.0
331,2021-10-01 13:45:34,6450.0,100.0,1763400.0
332,2021-10-01 13:45:34,6450.0,5900.0,1763300.0
333,2021-10-01 13:45:31,6460.0,200.0,1757400.0
334,2021-10-01 13:45:27,6450.0,9100.0,1757200.0
335,2021-10-01 13:45:13,6460.0,100.0,1748100.0
336,2021-10-01 13:44:43,6460.0,2200.0,1748000.0
337,2021-10-01 13:44:43,6460.0,2000.0,1745800.0
338,2021-10-01 13:44:43,6460.0,7700.0,1743800.0
339,2021-10-01 13:44:43,6460.0,100.0,1736100.0
340,2021-10-01 13:44:15,6490.0,300.0,1736000.0
341,2021-10-01 13:43:25,6490.0,3000.0,1735700.0
342,2021-10-01 13:43:25,6490.0,500.0,1732700.0
343,2021-10-01 13:43:25,6490.0,400.0,1732200.0
344,2021-10-01 13:43:23,6500.0,800.0,1731800.0
345,2021-10-01 13:43:23,6500.0,200.0,1731000.0
346,2021-10-01 13:43:23,6500.0,800.0,1730800.0
347,2021-10-01 13:43:20,6500.0,500.0,1730000.0
348,2021-10-01 13:42:47,6500.0,7800.0,1729500.0
349,2021-10-01 13:42:47,6500.0,1000.0,1721700.0
350,2021-10-01 13:42:47,6500.0,400.0,1720700.0
351,2021-10-01 13:42:47,6500.0,800.0,1720300.0
352,2021-10-01 13:42:31,6510.0,300.0,1719500.0
353,2021-10-01 13:42:14,6510.0,200.0,1719200.0
354,2021-10-01 13:42:00,6510.0,2000.0,1719000.0
355,2021-10-01 13:41:44,6500.0,200.0,1717000.0
356,2021-10-01 13:41:37,6500.0,300.0,1716800.0
357,2021-10-01 13:41:37,6500.0,700.0,1716500.0
358,2021-10-01 13:41:37,6500.0,2000.0,1715800.0
359,2021-10-01 13:41:37,6500.0,1000.0,1713800.0
360,2021-10-01 13:41:37,6500.0,500.0,1712800.0
361,2021-10-01 13:41:37,6500.0,1400.0,1712300.0
362,2021-10-01 13:41:37,6500.0,1000.0,1710900.0
363,2021-10-01 13:41:37,6500.0,1000.0,1709900.0
364,2021-10-01 13:41:37,6500.0,1000.0,1708900.0
365,2021-10-01 13:41:37,6500.0,2000.0,1707900.0
366,2021-10-01 13:41:37,6500.0,100.0,1705900.0
367,2021-10-01 13:41:37,6500.0,9000.0,1705800.0
368,2021-10-01 13:40:48,6490.0,600.0,1696800.0
369,2021-10-01 13:40:41,6490.0,200.0,1696200.0
370,2021-10-01 13:40:31,6490.0,500.0,1696000.0
371,2021-10-01 13:40:11,6490.0,500.0,1695500.0
372,2021-10-01 13:39:40,6490.0,4800.0,1695000.0
373,2021-10-01 13:39:36,6480.0,1600.0,1690200.0
374,2021-10-01 13:39:16,6490.0,100.0,1688600.0
375,2021-10-01 13:38:51,6480.0,200.0,1688500.0
376,2021-10-01 13:38:51,6480.0,100.0,1688300.0
377,2021-10-01 13:38:51,6480.0,600.0,1688200.0
378,2021-10-01 13:38:51,6480.0,200.0,1687600.0
379,2021-10-01 13:38:51,6480.0,6200.0,1687400.0
380,2021-10-01 13:38:33,6460.0,900.0,1681200.0
381,2021-10-01 13:37:56,6460.0,100.0,1680300.0
382,2021-10-01 13:37:56,6460.0,3000.0,1680200.0
383,2021-10-01 13:37:56,6460.0,2000.0,1677200.0
384,2021-10-01 13:37:56,6460.0,300.0,1675200.0
385,2021-10-01 13:37:03,6460.0,100.0,1674900.0
386,2021-10-01 13:36:48,6430.0,1900.0,1674800.0
387,2021-10-01 13:36:48,6440.0,2300.0,1672900.0
388,2021-10-01 13:36:48,6440.0,100.0,1670600.0
389,2021-10-01 13:36:48,6440.0,300.0,1670500.0
390,2021-10-01 13:36:48,6440.0,2000.0,1670200.0
391,2021-10-01 13:36:48,6440.0,1000.0,1668200.0
392,2021-10-01 13:36:48,6440.0,200.0,1667200.0
393,2021-10-01 13:36:48,6440.0,100.0,1667000.0
394,2021-10-01 13:36:48,6440.0,2100.0,1666900.0
395,2021-10-01 13:36:11,6440.0,6000.0,1664800.0
396,2021-10-01 13:35:12,6440.0,300.0,1658800.0
397,2021-10-01 13:34:43,6440.0,1600.0,1658500.0
398,2021-10-01 13:34:43,6440.0,300.0,1656900.0
399,2021-10-01 13:34:03,6440.0,1700.0,1656600.0
400,2021-10-01 13:33:21,6440.0,400.0,1654900.0
401,2021-10-01 13:33:21,6440.0,1300.0,1654500.0
402,2021-10-01 13:33:14,6430.0,7800.0,1653200.0
403,2021-10-01 13:33:07,6430.0,100.0,1645400.0
404,2021-10-01 13:33:07,6430.0,3800.0,1645300.0
405,2021-10-01 13:33:07,6430.0,100.0,1641500.0
406,2021-10-01 13:33:07,6430.0,100.0,1641400.0
407,2021-10-01 13:33:07,6430.0,100.0,1641300.0
408,2021-10-01 13:33:07,6430.0,100.0,1641200.0
409,2021-10-01 13:33:07,6430.0,100.0,1641100.0
410,2021-10-01 13:33:07,6430.0,200.0,1641000.0
411,2021-10-01 13:33:07,6430.0,600.0,1640800.0
412,2021-10-01 13:31:16,6430.0,100.0,1640200.0
413,2021-10-01 13:30:28,6430.0,300.0,1640100.0
414,2021-10-01 13:30:28,6430.0,700.0,1639800.0
415,2021-10-01 13:30:25,6440.0,300.0,1639100.0
416,2021-10-01 13:30:05,6440.0,5000.0,1638800.0
417,2021-10-01 13:29:22,6440.0,5000.0,1633800.0
418,2021-10-01 13:29:21,6440.0,500.0,1628800.0
419,2021-10-01 13:29:21,6440.0,1700.0,1628300.0
420,2021-10-01 13:29:20,6460.0,300.0,1626600.0
421,2021-10-01 13:28:59,6440.0,2800.0,1626300.0
422,2021-10-01 13:28:59,6440.0,200.0,1623500.0
423,2021-10-01 13:28:59,6440.0,100.0,1623300.0
424,2021-10-01 13:28:48,6440.0,100.0,1623200.0
425,2021-10-01 13:28:40,6440.0,200.0,1623100.0
426,2021-10-01 13:28:40,6440.0,2000.0,1622900.0
427,2021-10-01 13:28:40,6440.0,2000.0,1620900.0
428,2021-10-01 13:28:40,6440.0,5800.0,1618900.0
429,2021-10-01 13:27:51,6450.0,200.0,1613100.0
430,2021-10-01 13:27:43,6450.0,5500.0,1612900.0
431,2021-10-01 13:27:31,6450.0,3800.0,1607400.0
432,2021-10-01 13:27:27,6450.0,1000.0,1603600.0
433,2021-10-01 13:27:23,6450.0,500.0,1602600.0
434,2021-10-01 13:27:21,6450.0,100.0,1602100.0
435,2021-10-01 13:27:12,6450.0,100.0,1602000.0
436,2021-10-01 13:27:12,6450.0,300.0,1601900.0
437,2021-10-01 13:27:12,6450.0,100.0,1601600.0
438,2021-10-01 13:26:58,6450.0,700.0,1601500.0
439,2021-10-01 13:26:52,6450.0,2200.0,1600800.0
440,2021-10-01 13:26:35,6450.0,700.0,1598600.0
441,2021-10-01 13:25:52,6450.0,100.0,1597900.0
442,2021-10-01 13:25:31,6450.0,2000.0,1597800.0
443,2021-10-01 13:25:10,6450.0,2000.0,1595800.0
444,2021-10-01 13:24:46,6450.0,200.0,1593800.0
445,2021-10-01 13:24:41,6440.0,600.0,1593600.0
446,2021-10-01 13:24:41,6440.0,400.0,1593000.0
447,2021-10-01 13:24:15,6440.0,1600.0,1592600.0
448,2021-10-01 13:24:04,6440.0,1400.0,1591000.0
449,2021-10-01 13:24:03,6440.0,5000.0,1589600.0
450,2021-10-01 13:24:01,6440.0,1000.0,1584600.0
451,2021-10-01 13:23:58,6440.0,2200.0,1583600.0
452,2021-10-01 13:23:39,6440.0,400.0,1581400.0
453,2021-10-01 13:23:39,6450.0,100.0,1581000.0
454,2021-10-01 13:23:39,6450.0,19500.0,1580900.0
455,2021-10-01 13:23:35,6460.0,1300.0,1561400.0
456,2021-10-01 13:23:28,6460.0,200.0,1560100.0
457,2021-10-01 13:23:14,6460.0,200.0,1559900.0
458,2021-10-01 13:23:14,6460.0,100.0,1559700.0
459,2021-10-01 13:23:07,6460.0,200.0,1559600.0
460,2021-10-01 13:23:07,6460.0,300.0,1559400.0
461,2021-10-01 13:23:03,6460.0,2700.0,1559100.0
462,2021-10-01 13:23:03,6460.0,100.0,1556400.0
463,2021-10-01 13:23:03,6460.0,200.0,1556300.0
464,2021-10-01 13:21:28,6460.0,100.0,1556100.0
465,2021-10-01 13:21:12,6480.0,200.0,1556000.0
466,2021-10-01 13:19:20,6480.0,100.0,1555800.0
467,2021-10-01 13:19:13,6480.0,100.0,1555700.0
468,2021-10-01 13:19:13,6480.0,900.0,1555600.0
469,2021-10-01 13:18:56,6480.0,1300.0,1554700.0
470,2021-10-01 13:18:55,6480.0,600.0,1553400.0
471,2021-10-01 13:18:55,6480.0,100.0,1552800.0
472,2021-10-01 13:18:55,6480.0,100.0,1552700.0
473,2021-10-01 13:18:53,6460.0,2000.0,1552600.0
474,2021-10-01 13:16:27,6480.0,300.0,1550600.0
475,2021-10-01 13:16:27,6480.0,2400.0,1550300.0
476,2021-10-01 13:16:12,6480.0,1500.0,1547900.0
477,2021-10-01 13:15:55,6480.0,200.0,1546400.0
478,2021-10-01 13:15:55,6480.0,3700.0,1546200.0
479,2021-10-01 13:15:55,6480.0,200.0,1542500.0
480,2021-10-01 13:15:55,6480.0,1200.0,1542300.0
481,2021-10-01 13:15:55,6490.0,1200.0,1541100.0
482,2021-10-01 13:15:55,6490.0,1600.0,1539900.0
483,2021-10-01 13:15:44,6500.0,3000.0,1538300.0
484,2021-10-01 13:15:44,6500.0,100.0,1535300.0
485,2021-10-01 13:15:44,6500.0,100.0,1535200.0
486,2021-10-01 13:15:44,6500.0,2000.0,1535100.0
487,2021-10-01 13:15:44,6500.0,300.0,1533100.0
488,2021-10-01 13:15:44,6500.0,1800.0,1532800.0
489,2021-10-01 13:15:19,6490.0,1400.0,1531000.0
490,2021-10-01 13:15:05,6490.0,100.0,1529600.0
491,2021-10-01 13:14:23,6500.0,1000.0,1529500.0
492,2021-10-01 13:14:15,6500.0,200.0,1528500.0
493,2021-10-01 13:14:15,6500.0,1000.0,1528300.0
494,2021-10-01 13:14:15,6500.0,200.0,1527300.0
495,2021-10-01 13:14:15,6500.0,100.0,1527100.0
496,2021-10-01 13:14:15,6500.0,1000.0,1527000.0
497,2021-10-01 13:14:15,6500.0,100.0,1526000.0
498,2021-10-01 13:14:15,6500.0,3200.0,1525900.0
499,2021-10-01 13:13:56,6480.0,300.0,1522700.0
500,2021-10-01 13:13:43,6480.0,1500.0,1522400.0
501,2021-10-01 13:13:33,6480.0,200.0,1520900.0
502,2021-10-01 13:13:33,6480.0,1300.0,1520700.0
503,2021-10-01 13:13:32,6480.0,100.0,1519400.0
504,2021-10-01 13:13:26,6480.0,5000.0,1519300.0
505,2021-10-01 13:13:14,6480.0,100.0,1514300.0
506,2021-10-01 13:12:18,6480.0,300.0,1514200.0
507,2021-10-01 13:11:13,6460.0,300.0,1513900.0
508,2021-10-01 13:11:13,6460.0,200.0,1513600.0
509,2021-10-01 13:10:53,6480.0,200.0,1513400.0
510,2021-10-01 13:10:39,6480.0,100.0,1513200.0
511,2021-10-01 13:10:38,6480.0,3600.0,1513100.0
512,2021-10-01 13:09:34,6480.0,100.0,1509500.0
513,2021-10-01 13:09:25,6480.0,500.0,1509400.0
514,2021-10-01 13:09:25,6480.0,400.0,1508900.0
515,2021-10-01 13:09:25,6480.0,3000.0,1508500.0
516,2021-10-01 13:09:25,6480.0,8700.0,1505500.0
517,2021-10-01 13:09:25,6480.0,6600.0,1496800.0
518,2021-10-01 13:09:21,6500.0,2500.0,1490200.0
519,2021-10-01 13:09:21,6500.0,200.0,1487700.0
520,2021-10-01 13:09:21,6500.0,1700.0,1487500.0
521,2021-10-01 13:08:56,6500.0,1300.0,1485800.0
522,2021-10-01 13:08:56,6500.0,100.0,1484500.0
523,2021-10-01 13:08:56,6500.0,100.0,1484400.0
524,2021-10-01 13:08:22,6500.0,300.0,1484300.0
525,2021-10-01 13:08:08,6500.0,3600.0,1484000.0
526,2021-10-01 13:07:22,6480.0,3000.0,1480400.0
527,2021-10-01 13:07:22,6480.0,200.0,1477400.0
528,2021-10-01 13:07:22,6480.0,200.0,1477200.0
529,2021-10-01 13:06:12,6470.0,1200.0,1477000.0
530,2021-10-01 13:06:02,6470.0,2600.0,1475800.0
531,2021-10-01 13:05:54,6470.0,200.0,1473200.0
532,2021-10-01 13:05:37,6470.0,1000.0,1473000.0
533,2021-10-01 13:05:12,6460.0,500.0,1472000.0
534,2021-10-01 13:05:12,6460.0,1200.0,1471500.0
535,2021-10-01 13:05:02,6460.0,1800.0,1470300.0
536,2021-10-01 13:05:02,6460.0,1000.0,1468500.0
537,2021-10-01 13:04:55,6460.0,2000.0,1467500.0
538,2021-10-01 13:04:26,6450.0,5700.0,1465500.0
539,2021-10-01 13:03:47,6450.0,100.0,1459800.0
540,2021-10-01 13:03:06,6450.0,4200.0,1459700.0
541,2021-10-01 13:03:06,6450.0,200.0,1455500.0
542,2021-10-01 13:03:06,6450.0,1600.0,1455300.0
543,2021-10-01 13:01:48,6450.0,8400.0,1453700.0
544,2021-10-01 13:01:48,6450.0,1600.0,1445300.0
545,2021-10-01 13:01:23,6450.0,300.0,1443700.0
546,2021-10-01 13:00:15,6450.0,100.0,1443400.0
547,2021-10-01 13:00:08,6430.0,200.0,1443300.0
548,2021-10-01 13:00:04,6430.0,2100.0,1443100.0
549,2021-10-01 13:00:04,6430.0,700.0,1441000.0
550,2021-10-01 13:00:01,6450.0,1000.0,1440300.0
551,2021-10-01 13:00:01,6420.0,300.0,1439300.0
552,2021-10-01 13:00:01,6430.0,500.0,1439000.0
553,2021-10-01 11:29:25,6430.0,6500.0,1438500.0
554,2021-10-01 11:29:25,6430.0,100.0,1432000.0
555,2021-10-01 11:29:25,6430.0,400.0,1431900.0
556,2021-10-01 11:29:25,6430.0,800.0,1431500.0
557,2021-10-01 11:29:09,6430.0,500.0,1430700.0
558,2021-10-01 11:28:02,6430.0,3700.0,1430200.0
559,2021-10-01 11:28:02,6430.0,1300.0,1426500.0
560,2021-10-01 11:27:29,6430.0,1000.0,1425200.0
561,2021-10-01 11:27:14,6450.0,300.0,1424200.0
562,2021-10-01 11:25:44,6460.0,1000.0,1423900.0
563,2021-10-01 11:25:17,6460.0,4900.0,1422900.0
564,2021-10-01 11:25:17,6460.0,3100.0,1418000.0
565,2021-10-01 11:25:06,6460.0,600.0,1414900.0
566,2021-10-01 11:25:06,6450.0,400.0,1414300.0
567,2021-10-01 11:24:59,6450.0,100.0,1413900.0
568,2021-10-01 11:24:50,6460.0,300.0,1413800.0
569,2021-10-01 11:24:16,6470.0,2000.0,1413500.0
570,2021-10-01 11:23:57,6460.0,9100.0,1411500.0
571,2021-10-01 11:23:57,6460.0,800.0,1402400.0
572,2021-10-01 11:23:57,6460.0,100.0,1401600.0
573,2021-10-01 11:23:55,6470.0,200.0,1401500.0
574,2021-10-01 11:21:40,6480.0,300.0,1401300.0
575,2021-10-01 11:21:11,6450.0,400.0,1401000.0
576,2021-10-01 11:20:18,6450.0,500.0,1400600.0
577,2021-10-01 11:20:05,6450.0,100.0,1400100.0
578,2021-10-01 11:20:05,6450.0,1000.0,1400000.0
579,2021-10-01 11:20:05,6450.0,100.0,1399000.0
580,2021-10-01 11:20:05,6450.0,300.0,1398900.0
581,2021-10-01 11:20:05,6450.0,600.0,1398600.0
582,2021-10-01 11:19:39,6450.0,500.0,1398000.0
583,2021-10-01 11:19:12,6460.0,400.0,1397500.0
584,2021-10-01 11:19:12,6460.0,4000.0,1397100.0
585,2021-10-01 11:18:06,6460.0,100.0,1393100.0
586,2021-10-01 11:17:14,6460.0,100.0,1393000.0
587,2021-10-01 11:16:16,6450.0,100.0,1392900.0
588,2021-10-01 11:16:11,6420.0,19000.0,1392800.0
589,2021-10-01 11:16:11,6420.0,1000.0,1373800.0
590,2021-10-01 11:16:04,6450.0,100.0,1372800.0
591,2021-10-01 11:16:04,6450.0,400.0,1372700.0
592,2021-10-01 11:16:03,6450.0,100.0,1372300.0
593,2021-10-01 11:15:36,6450.0,200.0,1372200.0
594,2021-10-01 11:14:54,6450.0,300.0,1372000.0
595,2021-10-01 11:14:17,6450.0,1000.0,1371700.0
596,2021-10-01 11:14:17,6450.0,8000.0,1370700.0
597,2021-10-01 11:14:11,6450.0,100.0,1362700.0
598,2021-10-01 11:14:06,6450.0,900.0,1362600.0
599,2021-10-01 11:14:06,6450.0,100.0,1361700.0
600,2021-10-01 11:13:13,6450.0,1900.0,1361600.0
601,2021-10-01 11:13:13,6450.0,1000.0,1359700.0
602,2021-10-01 11:13:13,6450.0,2000.0,1358700.0
603,2021-10-01 11:13:13,6450.0,10000.0,1356700.0
604,2021-10-01 11:13:13,6450.0,300.0,1346700.0
605,2021-10-01 11:13:13,6450.0,800.0,1346400.0
606,2021-10-01 11:12:51,6470.0,15000.0,1345600.0
607,2021-10-01 11:12:51,6470.0,1000.0,1330600.0
608,2021-10-01 11:12:14,6470.0,5000.0,1329600.0
609,2021-10-01 11:12:05,6470.0,1000.0,1324600.0
610,2021-10-01 11:12:02,6470.0,500.0,1323600.0
611,2021-10-01 11:11:23,6470.0,100.0,1323100.0
612,2021-10-01 11:11:23,6470.0,4400.0,1323000.0
613,2021-10-01 11:10:13,6470.0,2800.0,1318600.0
614,2021-10-01 11:10:04,6470.0,100.0,1315800.0
615,2021-10-01 11:09:59,6470.0,1300.0,1315700.0
616,2021-10-01 11:09:44,6470.0,800.0,1314400.0
617,2021-10-01 11:07:25,6450.0,800.0,1313600.0
618,2021-10-01 11:07:25,6450.0,1000.0,1312800.0
619,2021-10-01 11:07:25,6450.0,7400.0,1311800.0
620,2021-10-01 11:07:08,6450.0,100.0,1304400.0
621,2021-10-01 11:06:51,6450.0,1000.0,1304300.0
622,2021-10-01 11:06:45,6450.0,600.0,1303300.0
623,2021-10-01 11:06:31,6450.0,500.0,1302700.0
624,2021-10-01 11:06:10,6450.0,1000.0,1302200.0
625,2021-10-01 11:06:09,6450.0,2000.0,1301200.0
626,2021-10-01 11:06:03,6450.0,200.0,1299200.0
627,2021-10-01 11:06:03,6470.0,7200.0,1299000.0
628,2021-10-01 11:05:10,6460.0,500.0,1291800.0
629,2021-10-01 11:04:02,6500.0,100.0,1291300.0
630,2021-10-01 11:04:02,6500.0,2800.0,1291200.0
631,2021-10-01 11:03:52,6500.0,200.0,1288400.0
632,2021-10-01 11:03:52,6500.0,1700.0,1288200.0
633,2021-10-01 11:03:47,6500.0,200.0,1286500.0
634,2021-10-01 11:03:38,6500.0,1100.0,1286300.0
635,2021-10-01 11:03:24,6500.0,100.0,1285200.0
636,2021-10-01 11:03:04,6500.0,1000.0,1285100.0
637,2021-10-01 11:02:43,6500.0,7800.0,1284100.0
638,2021-10-01 11:02:35,6500.0,5000.0,1276300.0
639,2021-10-01 11:02:32,6500.0,200.0,1271300.0
640,2021-10-01 11:02:32,6500.0,2000.0,1271100.0
641,2021-10-01 11:02:32,6500.0,1600.0,1269100.0
642,2021-10-01 11:02:31,6470.0,2900.0,1267500.0
643,2021-10-01 11:02:31,6470.0,100.0,1264600.0
644,2021-10-01 11:02:09,6460.0,700.0,1264500.0
645,2021-10-01 11:02:09,6460.0,300.0,1263800.0
646,2021-10-01 11:01:44,6500.0,200.0,1263500.0
647,2021-10-01 11:01:44,6500.0,500.0,1263300.0
648,2021-10-01 11:01:41,6500.0,2500.0,1262800.0
649,2021-10-01 11:01:41,6500.0,300.0,1260300.0
650,2021-10-01 11:01:41,6500.0,2300.0,1260000.0
651,2021-10-01 11:01:34,6500.0,100.0,1257700.0
652,2021-10-01 11:01:27,6520.0,100.0,1257600.0
653,2021-10-01 11:01:25,6500.0,1400.0,1257500.0
654,2021-10-01 11:01:25,6520.0,600.0,1256100.0
655,2021-10-01 11:01:21,6550.0,800.0,1255500.0
656,2021-10-01 11:00:53,6550.0,5000.0,1254700.0
657,2021-10-01 11:00:53,6550.0,300.0,1249700.0
658,2021-10-01 11:00:53,6550.0,1000.0,1249400.0
659,2021-10-01 11:00:53,6550.0,100.0,1248400.0
660,2021-10-01 11:00:53,6550.0,4600.0,1248300.0
661,2021-10-01 11:00:53,6550.0,100.0,1243700.0
662,2021-10-01 11:00:53,6550.0,10000.0,1243600.0
663,2021-10-01 11:00:53,6550.0,200.0,1233600.0
664,2021-10-01 11:00:47,6570.0,100.0,1233400.0
665,2021-10-01 11:00:43,6550.0,5000.0,1233300.0
666,2021-10-01 11:00:19,6570.0,1700.0,1228300.0
667,2021-10-01 11:00:09,6550.0,1000.0,1226600.0
668,2021-10-01 11:00:03,6570.0,2000.0,1225600.0
669,2021-10-01 10:59:43,6550.0,3000.0,1223600.0
670,2021-10-01 10:59:41,6570.0,1000.0,1220600.0
671,2021-10-01 10:59:32,6570.0,1100.0,1219600.0
672,2021-10-01 10:59:30,6550.0,500.0,1218500.0
673,2021-10-01 10:59:28,6550.0,300.0,1218000.0
674,2021-10-01 10:59:28,6550.0,500.0,1217700.0
675,2021-10-01 10:59:28,6550.0,200.0,1217200.0
676,2021-10-01 10:59:08,6550.0,200.0,1217000.0
677,2021-10-01 10:59:07,6570.0,9000.0,1216800.0
678,2021-10-01 10:59:07,6560.0,5000.0,1207800.0
679,2021-10-01 10:59:07,6560.0,1000.0,1202800.0
680,2021-10-01 10:58:39,6550.0,1000.0,1201800.0
681,2021-10-01 10:58:37,6550.0,200.0,1200800.0
682,2021-10-01 10:58:32,6570.0,1000.0,1200600.0
683,2021-10-01 10:58:29,6570.0,100.0,1199600.0
684,2021-10-01 10:58:15,6570.0,100.0,1199500.0
685,2021-10-01 10:58:12,6570.0,200.0,1199400.0
686,2021-10-01 10:58:07,6570.0,200.0,1199200.0
687,2021-10-01 10:58:06,6570.0,100.0,1199000.0
688,2021-10-01 10:58:02,6560.0,10000.0,1198900.0
689,2021-10-01 10:57:53,6550.0,3000.0,1188900.0
690,2021-10-01 10:57:53,6550.0,300.0,1185900.0
691,2021-10-01 10:57:53,6550.0,300.0,1185600.0
692,2021-10-01 10:57:41,6520.0,300.0,1185300.0
693,2021-10-01 10:57:41,6540.0,100.0,1185000.0
694,2021-10-01 10:57:25,6520.0,100.0,1184900.0
695,2021-10-01 10:57:18,6510.0,1000.0,1184800.0
696,2021-10-01 10:56:51,6510.0,2000.0,1183800.0
697,2021-10-01 10:56:51,6510.0,3000.0,1181800.0
698,2021-10-01 10:56:47,6500.0,1000.0,1178800.0
699,2021-10-01 10:56:47,6500.0,500.0,1177800.0
700,2021-10-01 10:56:47,6500.0,1000.0,1177300.0
701,2021-10-01 10:56:47,6500.0,100.0,1176300.0
702,2021-10-01 10:56:47,6500.0,3600.0,1176200.0
703,2021-10-01 10:56:45,6500.0,3000.0,1172600.0
704,2021-10-01 10:56:41,6500.0,3400.0,1169600.0
705,2021-10-01 10:56:41,6500.0,1000.0,1166200.0
706,2021-10-01 10:56:41,6500.0,1000.0,1165200.0
707,2021-10-01 10:56:41,6500.0,2000.0,1164200.0
708,2021-10-01 10:56:41,6500.0,2000.0,1162200.0
709,2021-10-01 10:56:41,6500.0,500.0,1160200.0
710,2021-10-01 10:56:41,6500.0,500.0,1159700.0
711,2021-10-01 10:56:41,6500.0,4600.0,1159200.0
712,2021-10-01 10:56:26,6500.0,5000.0,1154600.0
713,2021-10-01 10:56:19,6500.0,9600.0,1149600.0
714,2021-10-01 10:56:18,6500.0,1000.0,1140000.0
715,2021-10-01 10:56:05,6500.0,29800.0,1139000.0
716,2021-10-01 10:56:05,6500.0,200.0,1109200.0
717,2021-10-01 10:56:05,6500.0,1000.0,1109000.0
718,2021-10-01 10:56:05,6500.0,3000.0,1108000.0
719,2021-10-01 10:56:05,6500.0,500.0,1105000.0
720,2021-10-01 10:56:05,6500.0,200.0,1104500.0
721,2021-10-01 10:56:05,6500.0,1000.0,1104300.0
722,2021-10-01 10:56:05,6500.0,500.0,1103300.0
723,2021-10-01 10:56:05,6500.0,100.0,1102800.0
724,2021-10-01 10:56:05,6500.0,2700.0,1102700.0
725,2021-10-01 10:56:05,6500.0,5000.0,1100000.0
726,2021-10-01 10:56:05,6500.0,100.0,1095000.0
727,2021-10-01 10:56:05,6500.0,1200.0,1094900.0
728,2021-10-01 10:56:05,6500.0,600.0,1093700.0
729,2021-10-01 10:56:05,6500.0,200.0,1093100.0
730,2021-10-01 10:56:05,6490.0,10000.0,1092900.0
731,2021-10-01 10:56:05,6490.0,4100.0,1082900.0
732,2021-10-01 10:56:01,6490.0,900.0,1078800.0
733,2021-10-01 10:56:01,6490.0,100.0,1077900.0
734,2021-10-01 10:55:34,6490.0,400.0,1077800.0
735,2021-10-01 10:55:32,6490.0,4500.0,1077400.0
736,2021-10-01 10:55:21,6490.0,100.0,1072900.0
737,2021-10-01 10:55:21,6490.0,1500.0,1072800.0
738,2021-10-01 10:55:13,6490.0,3500.0,1071300.0
739,2021-10-01 10:55:13,6480.0,5000.0,1067800.0
740,2021-10-01 10:55:13,6480.0,1500.0,1062800.0
741,2021-10-01 10:55:02,6460.0,100.0,1061300.0
742,2021-10-01 10:54:54,6450.0,500.0,1061200.0
743,2021-10-01 10:54:54,6450.0,2000.0,1060700.0
744,2021-10-01 10:54:54,6450.0,400.0,1058700.0
745,2021-10-01 10:54:54,6450.0,5500.0,1058300.0
746,2021-10-01 10:54:54,6430.0,1100.0,1052800.0
747,2021-10-01 10:54:47,6410.0,200.0,1051700.0
748,2021-10-01 10:54:39,6400.0,200.0,1051500.0
749,2021-10-01 10:54:37,6400.0,800.0,1051300.0
750,2021-10-01 10:54:35,6410.0,2000.0,1050500.0
751,2021-10-01 10:54:20,6400.0,10000.0,1048500.0
752,2021-10-01 10:54:20,6400.0,500.0,1038500.0
753,2021-10-01 10:54:20,6400.0,4000.0,1038000.0
754,2021-10-01 10:54:20,6400.0,1000.0,1034000.0
755,2021-10-01 10:54:20,6400.0,1200.0,1033000.0
756,2021-10-01 10:54:20,6400.0,300.0,1031800.0
757,2021-10-01 10:54:20,6400.0,300.0,1031500.0
758,2021-10-01 10:54:20,6400.0,1000.0,1031200.0
759,2021-10-01 10:54:20,6400.0,1000.0,1030200.0
760,2021-10-01 10:54:20,6400.0,500.0,1029200.0
761,2021-10-01 10:54:20,6400.0,100.0,1028700.0
762,2021-10-01 10:54:20,6400.0,200.0,1028600.0
763,2021-10-01 10:54:20,6400.0,300.0,1028400.0
764,2021-10-01 10:54:20,6400.0,100.0,1028100.0
765,2021-10-01 10:54:20,6400.0,300.0,1028000.0
766,2021-10-01 10:54:20,6400.0,1200.0,1027700.0
767,2021-10-01 10:54:16,6380.0,500.0,1026500.0
768,2021-10-01 10:54:05,6370.0,300.0,1026000.0
769,2021-10-01 10:54:05,6370.0,500.0,1025700.0
770,2021-10-01 10:54:05,6370.0,5500.0,1025200.0
771,2021-10-01 10:54:02,6360.0,100.0,1019700.0
772,2021-10-01 10:53:49,6350.0,200.0,1019600.0
773,2021-10-01 10:53:41,6350.0,200.0,1019400.0
774,2021-10-01 10:53:41,6350.0,1000.0,1019200.0
775,2021-10-01 10:53:41,6350.0,200.0,1018200.0
776,2021-10-01 10:53:41,6350.0,5200.0,1018000.0
777,2021-10-01 10:53:14,6350.0,2000.0,1012800.0
778,2021-10-01 10:53:14,6350.0,100.0,1010800.0
779,2021-10-01 10:53:14,6350.0,200.0,1010700.0
780,2021-10-01 10:53:14,6340.0,200.0,1010500.0
781,2021-10-01 10:53:14,6340.0,100.0,1010300.0
782,2021-10-01 10:53:14,6340.0,100.0,1010200.0
783,2021-10-01 10:53:14,6340.0,1500.0,1010100.0
784,2021-10-01 10:52:38,6340.0,1500.0,1008600.0
785,2021-10-01 10:52:38,6340.0,2500.0,1007100.0
786,2021-10-01 10:52:20,6330.0,200.0,1004600.0
787,2021-10-01 10:52:20,6330.0,400.0,1004400.0
788,2021-10-01 10:52:20,6330.0,100.0,1004000.0
789,2021-10-01 10:52:20,6330.0,1700.0,1003900.0
790,2021-10-01 10:52:12,6330.0,4300.0,1002200.0
791,2021-10-01 10:51:31,6330.0,4000.0,997900.0
792,2021-10-01 10:51:31,6330.0,500.0,993900.0
793,2021-10-01 10:51:31,6330.0,1000.0,993400.0
794,2021-10-01 10:51:31,6330.0,100.0,992400.0
795,2021-10-01 10:51:24,6320.0,100.0,992300.0
796,2021-10-01 10:51:24,6320.0,100.0,992200.0
797,2021-10-01 10:51:07,6320.0,1000.0,992100.0
798,2021-10-01 10:51:07,6320.0,100.0,991100.0
799,2021-10-01 10:51:07,6320.0,800.0,991000.0
800,2021-10-01 10:51:06,6320.0,100.0,990200.0
801,2021-10-01 10:51:00,6320.0,200.0,990100.0
802,2021-10-01 10:50:59,6320.0,400.0,989900.0
803,2021-10-01 10:50:59,6320.0,300.0,989500.0
804,2021-10-01 10:50:59,6320.0,300.0,989200.0
805,2021-10-01 10:50:57,6320.0,1900.0,988900.0
806,2021-10-01 10:50:50,6320.0,2800.0,987000.0
807,2021-10-01 10:50:50,6320.0,4000.0,984200.0
808,2021-10-01 10:50:47,6320.0,100.0,980200.0
809,2021-10-01 10:50:40,6320.0,3500.0,980100.0
810,2021-10-01 10:50:27,6320.0,2400.0,976600.0
811,2021-10-01 10:50:27,6320.0,600.0,974200.0
812,2021-10-01 10:50:22,6310.0,600.0,973600.0
813,2021-10-01 10:50:00,6310.0,1000.0,973000.0
814,2021-10-01 10:49:44,6310.0,9000.0,972000.0
815,2021-10-01 10:49:44,6310.0,1000.0,963000.0
816,2021-10-01 10:49:39,6310.0,300.0,962000.0
817,2021-10-01 10:49:36,6300.0,100.0,961700.0
818,2021-10-01 10:49:13,6310.0,3700.0,961600.0
819,2021-10-01 10:49:13,6310.0,5000.0,957900.0
820,2021-10-01 10:49:00,6310.0,16000.0,952900.0
821,2021-10-01 10:48:43,6310.0,200.0,936900.0
822,2021-10-01 10:48:40,6310.0,100.0,936700.0
823,2021-10-01 10:48:15,6310.0,100.0,936600.0
824,2021-10-01 10:47:49,6300.0,1200.0,936500.0
825,2021-10-01 10:47:49,6300.0,200.0,935300.0
826,2021-10-01 10:47:49,6300.0,1100.0,935100.0
827,2021-10-01 10:46:39,6300.0,1200.0,934000.0
828,2021-10-01 10:46:30,6300.0,3000.0,932800.0
829,2021-10-01 10:46:25,6310.0,400.0,929800.0
830,2021-10-01 10:45:31,6300.0,200.0,929400.0
831,2021-10-01 10:45:27,6300.0,2000.0,929200.0
832,2021-10-01 10:44:53,6300.0,800.0,927200.0
833,2021-10-01 10:44:02,6300.0,1100.0,926400.0
834,2021-10-01 10:43:51,6300.0,100.0,925300.0
835,2021-10-01 10:43:34,6300.0,500.0,925200.0
836,2021-10-01 10:42:47,6310.0,100.0,924700.0
837,2021-10-01 10:42:39,6310.0,100.0,924600.0
838,2021-10-01 10:40:34,6310.0,100.0,924500.0
839,2021-10-01 10:40:33,6310.0,900.0,924400.0
840,2021-10-01 10:40:33,6310.0,1100.0,923500.0
841,2021-10-01 10:40:33,6310.0,8000.0,922400.0
842,2021-10-01 10:40:13,6310.0,800.0,914400.0
843,2021-10-01 10:40:06,6320.0,1000.0,913600.0
844,2021-10-01 10:39:47,6320.0,400.0,912600.0
845,2021-10-01 10:39:16,6320.0,400.0,912200.0
846,2021-10-01 10:39:10,6320.0,100.0,911800.0
847,2021-10-01 10:38:58,6310.0,100.0,911700.0
848,2021-10-01 10:38:57,6310.0,600.0,911600.0
849,2021-10-01 10:38:30,6310.0,300.0,911000.0
850,2021-10-01 10:38:30,6320.0,3000.0,910700.0
851,2021-10-01 10:38:21,6310.0,200.0,907700.0
852,2021-10-01 10:38:04,6310.0,300.0,907500.0
853,2021-10-01 10:38:04,6310.0,1000.0,907200.0
854,2021-10-01 10:38:04,6310.0,500.0,906200.0
855,2021-10-01 10:36:54,6310.0,100.0,905700.0
856,2021-10-01 10:36:44,6310.0,100.0,905600.0
857,2021-10-01 10:35:12,6310.0,3000.0,905500.0
858,2021-10-01 10:35:12,6310.0,2000.0,902500.0
859,2021-10-01 10:35:12,6310.0,3000.0,900500.0
860,2021-10-01 10:35:12,6310.0,10000.0,897500.0
861,2021-10-01 10:34:55,6300.0,1500.0,887500.0
862,2021-10-01 10:34:35,6300.0,1000.0,886000.0
863,2021-10-01 10:34:17,6310.0,10000.0,885000.0
864,2021-10-01 10:34:14,6300.0,2500.0,875000.0
865,2021-10-01 10:34:14,6300.0,2000.0,872500.0
866,2021-10-01 10:34:14,6300.0,1100.0,870500.0
867,2021-10-01 10:34:04,6300.0,400.0,869400.0
868,2021-10-01 10:33:54,6310.0,100.0,869000.0
869,2021-10-01 10:33:54,6310.0,100.0,868900.0
870,2021-10-01 10:33:25,6310.0,200.0,868800.0
871,2021-10-01 10:33:14,6310.0,2500.0,868600.0
872,2021-10-01 10:31:32,6300.0,1500.0,866100.0
873,2021-10-01 10:31:20,6300.0,2000.0,864600.0
874,2021-10-01 10:31:20,6300.0,3000.0,862600.0
875,2021-10-01 10:31:07,6300.0,400.0,859600.0
876,2021-10-01 10:30:48,6300.0,6600.0,859200.0
877,2021-10-01 10:30:48,6300.0,900.0,852600.0
878,2021-10-01 10:30:48,6300.0,2000.0,851700.0
879,2021-10-01 10:30:48,6300.0,200.0,849700.0
880,2021-10-01 10:30:48,6300.0,300.0,849500.0
881,2021-10-01 10:30:25,6290.0,100.0,849200.0
882,2021-10-01 10:30:22,6290.0,4100.0,849100.0
883,2021-10-01 10:30:22,6290.0,100.0,845000.0
884,2021-10-01 10:30:22,6290.0,800.0,844900.0
885,2021-10-01 10:29:59,6290.0,2000.0,844100.0
886,2021-10-01 10:29:24,6290.0,500.0,842100.0
887,2021-10-01 10:28:47,6290.0,2300.0,841600.0
888,2021-10-01 10:28:03,6290.0,500.0,839300.0
889,2021-10-01 10:27:20,6290.0,1100.0,838800.0
890,2021-10-01 10:27:17,6290.0,1000.0,837700.0
891,2021-10-01 10:27:00,6290.0,300.0,836700.0
892,2021-10-01 10:27:00,6290.0,1500.0,836400.0
893,2021-10-01 10:26:44,6290.0,500.0,834900.0
894,2021-10-01 10:26:44,6290.0,1500.0,834400.0
895,2021-10-01 10:26:44,6290.0,1500.0,832900.0
896,2021-10-01 10:26:44,6290.0,1500.0,831400.0
897,2021-10-01 10:25:58,6290.0,100.0,829900.0
898,2021-10-01 10:25:58,6290.0,1900.0,829800.0
899,2021-10-01 10:25:51,6290.0,100.0,827900.0
900,2021-10-01 10:25:51,6290.0,200.0,827800.0
901,2021-10-01 10:25:35,6290.0,1000.0,827600.0
902,2021-10-01 10:25:32,6290.0,500.0,826600.0
903,2021-10-01 10:25:17,6280.0,400.0,826100.0
904,2021-10-01 10:25:17,6280.0,200.0,825700.0
905,2021-10-01 10:25:17,6280.0,500.0,825500.0
906,2021-10-01 10:25:17,6280.0,2000.0,825000.0
907,2021-10-01 10:25:17,6280.0,100.0,823000.0
908,2021-10-01 10:25:17,6280.0,2800.0,822900.0
909,2021-10-01 10:25:08,6280.0,2800.0,820100.0
910,2021-10-01 10:24:46,6280.0,1000.0,817300.0
911,2021-10-01 10:24:27,6280.0,15000.0,816300.0
912,2021-10-01 10:24:22,6280.0,15300.0,801300.0
913,2021-10-01 10:24:18,6290.0,10000.0,786000.0
914,2021-10-01 10:24:01,6280.0,400.0,776000.0
915,2021-10-01 10:23:33,6290.0,100.0,775600.0
916,2021-10-01 10:23:12,6290.0,2000.0,775500.0
917,2021-10-01 10:23:00,6290.0,100.0,773500.0
918,2021-10-01 10:22:56,6290.0,1000.0,773400.0
919,2021-10-01 10:22:04,6290.0,100.0,772400.0
920,2021-10-01 10:20:58,6290.0,1000.0,772300.0
921,2021-10-01 10:20:39,6290.0,1000.0,771300.0
922,2021-10-01 10:20:22,6290.0,3800.0,770300.0
923,2021-10-01 10:20:20,6290.0,1000.0,766500.0
924,2021-10-01 10:20:20,6290.0,300.0,765500.0
925,2021-10-01 10:20:20,6290.0,200.0,765200.0
926,2021-10-01 10:20:20,6290.0,10000.0,765000.0
927,2021-10-01 10:20:20,6290.0,9000.0,755000.0
928,2021-10-01 10:20:20,6300.0,100.0,746000.0
929,2021-10-01 10:20:20,6300.0,1500.0,745900.0
930,2021-10-01 10:20:20,6300.0,200.0,744400.0
931,2021-10-01 10:20:12,6300.0,1000.0,744200.0
932,2021-10-01 10:20:12,6300.0,400.0,743200.0
933,2021-10-01 10:20:12,6300.0,1000.0,742800.0
934,2021-10-01 10:20:12,6300.0,100.0,741800.0
935,2021-10-01 10:20:10,6300.0,10000.0,741700.0
936,2021-10-01 10:20:04,6300.0,2400.0,731700.0
937,2021-10-01 10:19:58,6300.0,1100.0,729300.0
938,2021-10-01 10:19:58,6300.0,500.0,728200.0
939,2021-10-01 10:19:52,6300.0,1500.0,727700.0
940,2021-10-01 10:19:52,6300.0,2600.0,726200.0
941,2021-10-01 10:19:52,6300.0,500.0,723600.0
942,2021-10-01 10:19:52,6300.0,2400.0,723100.0
943,2021-10-01 10:19:52,6300.0,1000.0,720700.0
944,2021-10-01 10:19:52,6300.0,300.0,719700.0
945,2021-10-01 10:19:52,6300.0,2600.0,719400.0
946,2021-10-01 10:19:52,6300.0,5000.0,716800.0
947,2021-10-01 10:19:52,6300.0,4100.0,711800.0
948,2021-10-01 10:19:51,6300.0,2500.0,707700.0
949,2021-10-01 10:19:32,6300.0,100.0,705200.0
950,2021-10-01 10:19:20,6300.0,700.0,705100.0
951,2021-10-01 10:18:46,6290.0,2000.0,704400.0
952,2021-10-01 10:18:10,6290.0,1000.0,702400.0
953,2021-10-01 10:17:41,6290.0,6900.0,701400.0
954,2021-10-01 10:17:41,6290.0,2100.0,694500.0
955,2021-10-01 10:17:36,6300.0,600.0,692400.0
956,2021-10-01 10:17:35,6290.0,200.0,691800.0
957,2021-10-01 10:17:14,6290.0,1000.0,691600.0
958,2021-10-01 10:17:14,6290.0,2500.0,690600.0
959,2021-10-01 10:17:14,6290.0,1600.0,688100.0
960,2021-10-01 10:17:14,6290.0,2000.0,686500.0
961,2021-10-01 10:17:14,6290.0,600.0,684500.0
962,2021-10-01 10:16:20,6290.0,100.0,683900.0
963,2021-10-01 10:15:55,6290.0,3300.0,683800.0
964,2021-10-01 10:15:49,6290.0,1200.0,680500.0
965,2021-10-01 10:15:49,6290.0,400.0,679300.0
966,2021-10-01 10:15:49,6290.0,2000.0,678900.0
967,2021-10-01 10:15:49,6290.0,800.0,676900.0
968,2021-10-01 10:12:54,6290.0,100.0,676100.0
969,2021-10-01 10:12:54,6290.0,800.0,676000.0
970,2021-10-01 10:12:54,6290.0,2300.0,675200.0
971,2021-10-01 10:12:36,6290.0,7700.0,672900.0
972,2021-10-01 10:12:36,6290.0,300.0,665200.0
973,2021-10-01 10:12:36,6290.0,2000.0,664900.0
974,2021-10-01 10:12:36,6290.0,6000.0,662900.0
975,2021-10-01 10:12:10,6300.0,500.0,656900.0
976,2021-10-01 10:11:57,6290.0,1000.0,656400.0
977,2021-10-01 10:11:55,6290.0,100.0,655400.0
978,2021-10-01 10:11:43,6290.0,900.0,655300.0
979,2021-10-01 10:11:24,6300.0,1000.0,654400.0
980,2021-10-01 10:11:06,6300.0,500.0,653400.0
981,2021-10-01 10:11:06,6300.0,500.0,652900.0
982,2021-10-01 10:10:29,6300.0,2000.0,652400.0
983,2021-10-01 10:10:29,6300.0,100.0,650400.0
984,2021-10-01 10:10:25,6300.0,500.0,650300.0
985,2021-10-01 10:09:39,6300.0,500.0,649800.0
986,2021-10-01 10:09:34,6300.0,1500.0,649300.0
987,2021-10-01 10:09:34,6300.0,200.0,647800.0
988,2021-10-01 10:09:21,6300.0,100.0,647600.0
989,2021-10-01 10:09:20,6300.0,100.0,647500.0
990,2021-10-01 10:09:19,6300.0,6000.0,647400.0
991,2021-10-01 10:08:46,6300.0,1600.0,641400.0
992,2021-10-01 10:08:46,6300.0,200.0,639800.0
993,2021-10-01 10:08:46,6300.0,200.0,639600.0
994,2021-10-01 10:08:23,6300.0,100.0,639400.0
995,2021-10-01 10:08:18,6300.0,100.0,639300.0
996,2021-10-01 10:08:18,6300.0,100.0,639200.0
997,2021-10-01 10:07:44,6300.0,1000.0,639100.0
998,2021-10-01 10:07:44,6300.0,8000.0,638100.0
999,2021-10-01 10:07:18,6290.0,900.0,630100.0
1000,2021-10-01 10:07:18,6300.0,100.0,629200.0
1001,2021-10-01 10:07:17,6310.0,200.0,629100.0
1002,2021-10-01 10:07:17,6300.0,100.0,628900.0
1003,2021-10-01 10:07:13,6300.0,100.0,628800.0
1004,2021-10-01 10:07:05,6300.0,100.0,628700.0
1005,2021-10-01 10:06:52,6300.0,900.0,628600.0
1006,2021-10-01 10:06:20,6300.0,200.0,627700.0
1007,2021-10-01 10:06:20,6300.0,3200.0,627500.0
1008,2021-10-01 10:05:15,6300.0,500.0,624300.0
1009,2021-10-01 10:05:15,6300.0,6300.0,623800.0
1010,2021-10-01 10:05:06,6300.0,1800.0,617500.0
1011,2021-10-01 10:04:51,6300.0,2100.0,615700.0
1012,2021-10-01 10:04:21,6300.0,1000.0,613600.0
1013,2021-10-01 10:04:18,6320.0,1500.0,612600.0
1014,2021-10-01 10:04:18,6320.0,2000.0,611100.0
1015,2021-10-01 10:04:18,6320.0,100.0,609100.0
1016,2021-10-01 10:04:18,6320.0,3000.0,609000.0
1017,2021-10-01 10:04:18,6310.0,300.0,606000.0
1018,2021-10-01 10:04:18,6310.0,600.0,605700.0
1019,2021-10-01 10:04:18,6310.0,500.0,605100.0
1020,2021-10-01 10:04:18,6310.0,1000.0,604600.0
1021,2021-10-01 10:04:02,6300.0,10000.0,603600.0
1022,2021-10-01 10:03:48,6300.0,7000.0,593600.0
1023,2021-10-01 10:03:48,6300.0,100.0,586600.0
1024,2021-10-01 10:03:48,6300.0,200.0,586500.0
1025,2021-10-01 10:03:48,6300.0,200.0,586300.0
1026,2021-10-01 10:03:48,6300.0,4300.0,586100.0
1027,2021-10-01 10:03:35,6290.0,100.0,581800.0
1028,2021-10-01 10:03:10,6300.0,200.0,581700.0
1029,2021-10-01 10:02:41,6290.0,200.0,581500.0
1030,2021-10-01 10:02:16,6290.0,100.0,581300.0
1031,2021-10-01 10:01:55,6290.0,500.0,581200.0
1032,2021-10-01 10:01:36,6300.0,500.0,580700.0
1033,2021-10-01 10:01:36,6300.0,200.0,580200.0
1034,2021-10-01 10:00:45,6300.0,300.0,580000.0
1035,2021-10-01 10:00:43,6300.0,100.0,579700.0
1036,2021-10-01 10:00:11,6310.0,1300.0,579600.0
1037,2021-10-01 10:00:11,6300.0,100.0,578300.0
1038,2021-10-01 10:00:10,6300.0,7900.0,578200.0
1039,2021-10-01 10:00:06,6300.0,600.0,570300.0
1040,2021-10-01 10:00:06,6300.0,700.0,569700.0
1041,2021-10-01 10:00:00,6300.0,600.0,569000.0
1042,2021-10-01 10:00:00,6300.0,10000.0,568400.0
1043,2021-10-01 10:00:00,6300.0,500.0,558400.0
1044,2021-10-01 10:00:00,6300.0,200.0,557900.0
1045,2021-10-01 10:00:00,6300.0,5000.0,557700.0
1046,2021-10-01 10:00:00,6300.0,100.0,552700.0
1047,2021-10-01 10:00:00,6300.0,1000.0,552600.0
1048,2021-10-01 10:00:00,6300.0,800.0,551600.0
1049,2021-10-01 10:00:00,6300.0,10000.0,550800.0
1050,2021-10-01 10:00:00,6300.0,1100.0,540800.0
1051,2021-10-01 09:59:43,6300.0,200.0,539700.0
1052,2021-10-01 09:59:42,6300.0,100.0,539500.0
1053,2021-10-01 09:59:40,6290.0,100.0,539400.0
1054,2021-10-01 09:59:40,6290.0,100.0,539300.0
1055,2021-10-01 09:58:33,6300.0,300.0,539200.0
1056,2021-10-01 09:58:29,6300.0,100.0,538900.0
1057,2021-10-01 09:57:44,6300.0,200.0,538800.0
1058,2021-10-01 09:57:44,6300.0,2000.0,538600.0
1059,2021-10-01 09:57:44,6300.0,3200.0,536600.0
1060,2021-10-01 09:57:35,6300.0,800.0,533400.0
1061,2021-10-01 09:56:44,6280.0,7000.0,532600.0
1062,2021-10-01 09:55:14,6280.0,100.0,525600.0
1063,2021-10-01 09:55:10,6280.0,2700.0,525500.0
1064,2021-10-01 09:55:05,6280.0,2600.0,522800.0
1065,2021-10-01 09:55:04,6280.0,300.0,520200.0
1066,2021-10-01 09:55:04,6280.0,2700.0,519900.0
1067,2021-10-01 09:54:14,6280.0,4500.0,517200.0
1068,2021-10-01 09:54:14,6290.0,100.0,512700.0
1069,2021-10-01 09:54:14,6300.0,1000.0,512600.0
1070,2021-10-01 09:54:14,6300.0,2000.0,511600.0
1071,2021-10-01 09:54:14,6300.0,400.0,509600.0
1072,2021-10-01 09:54:14,6300.0,1500.0,509200.0
1073,2021-10-01 09:54:14,6300.0,300.0,507700.0
1074,2021-10-01 09:54:14,6300.0,200.0,507400.0
1075,2021-10-01 09:53:09,6320.0,400.0,507200.0
1076,2021-10-01 09:52:54,6330.0,100.0,506800.0
1077,2021-10-01 09:52:54,6330.0,200.0,506700.0
1078,2021-10-01 09:52:44,6330.0,200.0,506500.0
1079,2021-10-01 09:52:30,6330.0,700.0,506300.0
1080,2021-10-01 09:52:30,6330.0,200.0,505600.0
1081,2021-10-01 09:52:30,6330.0,400.0,505400.0
1082,2021-10-01 09:52:30,6330.0,1000.0,505000.0
1083,2021-10-01 09:52:30,6330.0,600.0,504000.0
1084,2021-10-01 09:52:30,6330.0,2000.0,503400.0
1085,2021-10-01 09:52:30,6330.0,1600.0,501400.0
1086,2021-10-01 09:52:30,6320.0,100.0,499800.0
1087,2021-10-01 09:52:02,6300.0,1000.0,499700.0
1088,2021-10-01 09:51:26,6310.0,200.0,498700.0
1089,2021-10-01 09:51:01,6300.0,600.0,498500.0
1090,2021-10-01 09:49:58,6310.0,300.0,497900.0
1091,2021-10-01 09:49:58,6310.0,1000.0,497600.0
1092,2021-10-01 09:49:58,6310.0,2200.0,496600.0
1093,2021-10-01 09:49:38,6310.0,500.0,494400.0
1094,2021-10-01 09:49:13,6310.0,300.0,493900.0
1095,2021-10-01 09:49:08,6310.0,700.0,493600.0
1096,2021-10-01 09:49:04,6330.0,1500.0,492900.0
1097,2021-10-01 09:48:36,6310.0,2500.0,491400.0
1098,2021-10-01 09:48:11,6300.0,1000.0,488900.0
1099,2021-10-01 09:47:59,6310.0,1000.0,487900.0
1100,2021-10-01 09:47:59,6310.0,100.0,486900.0
1101,2021-10-01 09:47:59,6310.0,1400.0,486800.0
1102,2021-10-01 09:47:57,6310.0,2000.0,485400.0
1103,2021-10-01 09:47:47,6310.0,500.0,483400.0
1104,2021-10-01 09:47:19,6310.0,1000.0,482900.0
1105,2021-10-01 09:46:42,6330.0,6000.0,481900.0
1106,2021-10-01 09:46:42,6330.0,900.0,475900.0
1107,2021-10-01 09:46:08,6330.0,1000.0,475000.0
1108,2021-10-01 09:46:08,6340.0,5000.0,474000.0
1109,2021-10-01 09:45:44,6340.0,500.0,469000.0
1110,2021-10-01 09:45:17,6330.0,600.0,468500.0
1111,2021-10-01 09:45:17,6330.0,500.0,467900.0
1112,2021-10-01 09:45:01,6310.0,700.0,467400.0
1113,2021-10-01 09:45:01,6310.0,400.0,466700.0
1114,2021-10-01 09:44:38,6300.0,200.0,466300.0
1115,2021-10-01 09:44:37,6300.0,100.0,466100.0
1116,2021-10-01 09:44:32,6300.0,2000.0,466000.0
1117,2021-10-01 09:44:32,6300.0,4500.0,464000.0
1118,2021-10-01 09:44:32,6300.0,400.0,459500.0
1119,2021-10-01 09:44:32,6300.0,300.0,459100.0
1120,2021-10-01 09:44:28,6300.0,400.0,458800.0
1121,2021-10-01 09:44:28,6290.0,100.0,458400.0
1122,2021-10-01 09:44:14,6300.0,300.0,458300.0
1123,2021-10-01 09:44:14,6300.0,300.0,458000.0
1124,2021-10-01 09:44:14,6300.0,1000.0,457700.0
1125,2021-10-01 09:44:14,6300.0,8400.0,456700.0
1126,2021-10-01 09:43:58,6280.0,1800.0,448300.0
1127,2021-10-01 09:43:58,6280.0,200.0,446500.0
1128,2021-10-01 09:43:57,6300.0,500.0,446300.0
1129,2021-10-01 09:43:52,6280.0,1800.0,445800.0
1130,2021-10-01 09:43:16,6280.0,200.0,444000.0
1131,2021-10-01 09:43:16,6280.0,400.0,443800.0
1132,2021-10-01 09:43:04,6270.0,100.0,443400.0
1133,2021-10-01 09:42:56,6270.0,4400.0,443300.0
1134,2021-10-01 09:42:56,6270.0,2000.0,438900.0
1135,2021-10-01 09:42:56,6270.0,1600.0,436900.0
1136,2021-10-01 09:42:37,6270.0,2200.0,435300.0
1137,2021-10-01 09:42:37,6280.0,600.0,433100.0
1138,2021-10-01 09:42:37,6280.0,400.0,432500.0
1139,2021-10-01 09:41:53,6270.0,1100.0,432100.0
1140,2021-10-01 09:41:51,6270.0,1000.0,431000.0
1141,2021-10-01 09:41:48,6270.0,600.0,430000.0
1142,2021-10-01 09:41:30,6250.0,700.0,429400.0
1143,2021-10-01 09:41:30,6260.0,100.0,428700.0
1144,2021-10-01 09:41:30,6260.0,200.0,428600.0
1145,2021-10-01 09:41:18,6280.0,100.0,428400.0
1146,2021-10-01 09:41:18,6280.0,100.0,428300.0
1147,2021-10-01 09:41:11,6260.0,100.0,428200.0
1148,2021-10-01 09:41:11,6260.0,1500.0,428100.0
1149,2021-10-01 09:41:04,6250.0,500.0,426600.0
1150,2021-10-01 09:40:58,6250.0,1000.0,426100.0
1151,2021-10-01 09:40:58,6250.0,800.0,425100.0
1152,2021-10-01 09:40:55,6240.0,5000.0,424300.0
1153,2021-10-01 09:40:50,6240.0,700.0,419300.0
1154,2021-10-01 09:40:37,6250.0,100.0,418600.0
1155,2021-10-01 09:40:31,6250.0,100.0,418500.0
1156,2021-10-01 09:40:31,6250.0,900.0,418400.0
1157,2021-10-01 09:40:29,6250.0,100.0,417500.0
1158,2021-10-01 09:40:29,6250.0,1900.0,417400.0
1159,2021-10-01 09:40:26,6240.0,5000.0,415500.0
1160,2021-10-01 09:40:22,6250.0,100.0,410500.0
1161,2021-10-01 09:40:09,6240.0,800.0,410400.0
1162,2021-10-01 09:39:55,6240.0,1000.0,409600.0
1163,2021-10-01 09:39:39,6240.0,9000.0,408600.0
1164,2021-10-01 09:39:37,6240.0,2100.0,399600.0
1165,2021-10-01 09:39:28,6240.0,1900.0,397500.0
1166,2021-10-01 09:39:28,6240.0,500.0,395600.0
1167,2021-10-01 09:39:16,6240.0,200.0,395100.0
1168,2021-10-01 09:39:09,6240.0,200.0,394900.0
1169,2021-10-01 09:39:09,6240.0,300.0,394700.0
1170,2021-10-01 09:39:02,6230.0,500.0,394400.0
1171,2021-10-01 09:38:59,6240.0,200.0,393900.0
1172,2021-10-01 09:38:58,6240.0,2000.0,393700.0
1173,2021-10-01 09:38:37,6240.0,5000.0,391700.0
1174,2021-10-01 09:38:35,6230.0,2100.0,386700.0
1175,2021-10-01 09:38:33,6220.0,200.0,384600.0
1176,2021-10-01 09:38:24,6230.0,100.0,384400.0
1177,2021-10-01 09:38:24,6230.0,1000.0,384300.0
1178,2021-10-01 09:38:24,6230.0,500.0,383300.0
1179,2021-10-01 09:38:24,6230.0,1000.0,382800.0
1180,2021-10-01 09:38:24,6230.0,100.0,381800.0
1181,2021-10-01 09:38:24,6230.0,3300.0,381700.0
1182,2021-10-01 09:38:22,6230.0,200.0,378400.0
1183,2021-10-01 09:38:14,6230.0,200.0,378200.0
1184,2021-10-01 09:38:13,6230.0,200.0,378000.0
1185,2021-10-01 09:38:07,6230.0,500.0,377800.0
1186,2021-10-01 09:37:54,6240.0,100.0,377300.0
1187,2021-10-01 09:37:50,6240.0,100.0,377200.0
1188,2021-10-01 09:37:46,6230.0,4600.0,377100.0
1189,2021-10-01 09:37:42,6230.0,1000.0,372500.0
1190,2021-10-01 09:37:35,6240.0,1100.0,371500.0
1191,2021-10-01 09:37:35,6240.0,100.0,370400.0
1192,2021-10-01 09:37:35,6240.0,1200.0,370300.0
1193,2021-10-01 09:37:35,6240.0,600.0,369100.0
1194,2021-10-01 09:37:35,6240.0,300.0,368500.0
1195,2021-10-01 09:37:32,6250.0,300.0,368200.0
1196,2021-10-01 09:37:21,6250.0,500.0,367900.0
1197,2021-10-01 09:37:06,6250.0,100.0,367400.0
1198,2021-10-01 09:36:39,6250.0,700.0,367300.0
1199,2021-10-01 09:36:29,6250.0,200.0,366600.0
1200,2021-10-01 09:36:20,6250.0,1000.0,366400.0
1201,2021-10-01 09:35:42,6260.0,100.0,365400.0
1202,2021-10-01 09:35:42,6260.0,100.0,365300.0
1203,2021-10-01 09:35:27,6260.0,200.0,365200.0
1204,2021-10-01 09:35:24,6260.0,300.0,365000.0
1205,2021-10-01 09:35:24,6260.0,4700.0,364700.0
1206,2021-10-01 09:35:10,6260.0,300.0,360000.0
1207,2021-10-01 09:35:06,6220.0,300.0,359700.0
1208,2021-10-01 09:35:01,6260.0,1200.0,359400.0
1209,2021-10-01 09:35:00,6260.0,1000.0,358200.0
1210,2021-10-01 09:34:50,6220.0,100.0,357200.0
1211,2021-10-01 09:34:50,6220.0,400.0,357100.0
1212,2021-10-01 09:34:41,6220.0,1000.0,356700.0
1213,2021-10-01 09:34:35,6220.0,1000.0,355700.0
1214,2021-10-01 09:34:32,6220.0,200.0,354700.0
1215,2021-10-01 09:34:17,6220.0,300.0,354500.0
1216,2021-10-01 09:33:52,6260.0,1000.0,354200.0
1217,2021-10-01 09:33:50,6260.0,100.0,353200.0
1218,2021-10-01 09:33:50,6260.0,500.0,353100.0
1219,2021-10-01 09:33:35,6280.0,100.0,352600.0
1220,2021-10-01 09:33:32,6290.0,100.0,352500.0
1221,2021-10-01 09:33:17,6290.0,200.0,352400.0
1222,2021-10-01 09:33:17,6290.0,500.0,352200.0
1223,2021-10-01 09:33:17,6290.0,200.0,351700.0
1224,2021-10-01 09:33:09,6300.0,1000.0,351500.0
1225,2021-10-01 09:33:04,6300.0,100.0,350500.0
1226,2021-10-01 09:32:52,6300.0,100.0,350400.0
1227,2021-10-01 09:32:52,6300.0,100.0,350300.0
1228,2021-10-01 09:32:52,6300.0,300.0,350200.0
1229,2021-10-01 09:32:42,6300.0,600.0,349900.0
1230,2021-10-01 09:32:42,6300.0,500.0,349300.0
1231,2021-10-01 09:32:42,6300.0,1000.0,348800.0
1232,2021-10-01 09:32:42,6300.0,2000.0,347800.0
1233,2021-10-01 09:32:42,6300.0,200.0,345800.0
1234,2021-10-01 09:32:42,6300.0,1000.0,345600.0
1235,2021-10-01 09:32:42,6300.0,500.0,344600.0
1236,2021-10-01 09:32:42,6300.0,1000.0,344100.0
1237,2021-10-01 09:32:42,6300.0,100.0,343100.0
1238,2021-10-01 09:32:42,6300.0,500.0,343000.0
1239,2021-10-01 09:32:42,6300.0,4000.0,342500.0
1240,2021-10-01 09:32:42,6300.0,3600.0,338500.0
1241,2021-10-01 09:32:28,6310.0,200.0,334900.0
1242,2021-10-01 09:32:10,6300.0,200.0,334700.0
1243,2021-10-01 09:32:09,6300.0,1000.0,334500.0
1244,2021-10-01 09:31:55,6300.0,8700.0,333500.0
1245,2021-10-01 09:31:55,6300.0,500.0,324800.0
1246,2021-10-01 09:31:55,6300.0,1600.0,324300.0
1247,2021-10-01 09:31:55,6300.0,1100.0,322700.0
1248,2021-10-01 09:31:34,6300.0,500.0,321600.0
1249,2021-10-01 09:31:32,6310.0,100.0,321100.0
1250,2021-10-01 09:31:16,6300.0,400.0,321000.0
1251,2021-10-01 09:31:16,6300.0,1000.0,320600.0
1252,2021-10-01 09:31:16,6300.0,500.0,319600.0
1253,2021-10-01 09:31:16,6300.0,100.0,319100.0
1254,2021-10-01 09:31:16,6300.0,1000.0,319000.0
1255,2021-10-01 09:31:09,6300.0,100.0,318000.0
1256,2021-10-01 09:31:09,6300.0,100.0,317900.0
1257,2021-10-01 09:31:09,6300.0,100.0,317800.0
1258,2021-10-01 09:30:57,6310.0,700.0,317700.0
1259,2021-10-01 09:30:57,6310.0,100.0,317000.0
1260,2021-10-01 09:30:56,6310.0,900.0,316900.0
1261,2021-10-01 09:30:56,6310.0,100.0,316000.0
1262,2021-10-01 09:30:31,6320.0,500.0,315900.0
1263,2021-10-01 09:30:31,6320.0,100.0,315400.0
1264,2021-10-01 09:30:31,6320.0,100.0,315300.0
1265,2021-10-01 09:30:31,6320.0,800.0,315200.0
1266,2021-10-01 09:30:31,6320.0,200.0,314400.0
1267,2021-10-01 09:30:31,6320.0,16400.0,314200.0
1268,2021-10-01 09:30:25,6320.0,500.0,297800.0
1269,2021-10-01 09:30:24,6320.0,9000.0,297300.0
1270,2021-10-01 09:30:20,6320.0,500.0,288300.0
1271,2021-10-01 09:30:17,6320.0,7800.0,287800.0
1272,2021-10-01 09:30:14,6320.0,15800.0,280000.0
1273,2021-10-01 09:30:14,6320.0,14200.0,264200.0
1274,2021-10-01 09:29:33,6320.0,300.0,250000.0
1275,2021-10-01 09:29:29,6320.0,1500.0,249700.0
1276,2021-10-01 09:29:29,6320.0,7000.0,248200.0
1277,2021-10-01 09:29:29,6330.0,500.0,241200.0
1278,2021-10-01 09:29:21,6320.0,2000.0,240700.0
1279,2021-10-01 09:29:03,6350.0,200.0,238700.0
1280,2021-10-01 09:28:55,6350.0,1000.0,238500.0
1281,2021-10-01 09:28:45,6350.0,100.0,237500.0
1282,2021-10-01 09:28:45,6350.0,200.0,237400.0
1283,2021-10-01 09:28:45,6350.0,500.0,237200.0
1284,2021-10-01 09:28:45,6350.0,18000.0,236700.0
1285,2021-10-01 09:28:38,6350.0,9200.0,218700.0
1286,2021-10-01 09:28:38,6360.0,800.0,209500.0
1287,2021-10-01 09:28:28,6360.0,200.0,208700.0
1288,2021-10-01 09:28:24,6350.0,1500.0,208500.0
1289,2021-10-01 09:28:16,6350.0,9800.0,207000.0
1290,2021-10-01 09:28:16,6360.0,200.0,197200.0
1291,2021-10-01 09:28:09,6360.0,900.0,197000.0
1292,2021-10-01 09:28:08,6360.0,200.0,196100.0
1293,2021-10-01 09:28:08,6350.0,1000.0,195900.0
1294,2021-10-01 09:27:57,6360.0,200.0,194900.0
1295,2021-10-01 09:27:57,6360.0,2000.0,194700.0
1296,2021-10-01 09:27:57,6360.0,1000.0,192700.0
1297,2021-10-01 09:27:57,6360.0,1000.0,191700.0
1298,2021-10-01 09:27:57,6360.0,100.0,190700.0
1299,2021-10-01 09:27:57,6360.0,10000.0,190600.0
1300,2021-10-01 09:27:57,6360.0,4600.0,180600.0
1301,2021-10-01 09:27:45,6370.0,100.0,176000.0
1302,2021-10-01 09:27:38,6370.0,100.0,175900.0
1303,2021-10-01 09:27:30,6370.0,300.0,175800.0
1304,2021-10-01 09:27:24,6370.0,3000.0,175500.0
1305,2021-10-01 09:27:24,6370.0,1000.0,172500.0
1306,2021-10-01 09:27:14,6400.0,2000.0,171500.0
1307,2021-10-01 09:26:59,6360.0,1000.0,169500.0
1308,2021-10-01 09:26:54,6400.0,100.0,168500.0
1309,2021-10-01 09:26:43,6400.0,100.0,168400.0
1310,2021-10-01 09:26:33,6400.0,500.0,168300.0
1311,2021-10-01 09:26:16,6400.0,100.0,167800.0
1312,2021-10-01 09:25:31,6400.0,100.0,167700.0
1313,2021-10-01 09:25:30,6400.0,100.0,167600.0
1314,2021-10-01 09:24:51,6410.0,300.0,167500.0
1315,2021-10-01 09:24:51,6410.0,200.0,167200.0
1316,2021-10-01 09:24:49,6410.0,200.0,167000.0
1317,2021-10-01 09:24:39,6410.0,200.0,166800.0
1318,2021-10-01 09:24:31,6410.0,3000.0,166600.0
1319,2021-10-01 09:24:17,6410.0,2000.0,163600.0
1320,2021-10-01 09:23:39,6400.0,2300.0,161600.0
1321,2021-10-01 09:23:33,6400.0,2100.0,159300.0
1322,2021-10-01 09:23:13,6400.0,2000.0,157200.0
1323,2021-10-01 09:23:06,6440.0,100.0,155200.0
1324,2021-10-01 09:23:05,6400.0,100.0,155100.0
1325,2021-10-01 09:23:05,6400.0,25200.0,155000.0
1326,2021-10-01 09:23:05,6390.0,600.0,129800.0
1327,2021-10-01 09:22:30,6360.0,400.0,129200.0
1328,2021-10-01 09:22:25,6390.0,200.0,128800.0
1329,2021-10-01 09:21:46,6400.0,1000.0,128600.0
1330,2021-10-01 09:21:33,6400.0,500.0,127600.0
1331,2021-10-01 09:21:33,6400.0,10000.0,127100.0
1332,2021-10-01 09:21:33,6400.0,100.0,117100.0
1333,2021-10-01 09:21:33,6400.0,3200.0,117000.0
1334,2021-10-01 09:21:27,6440.0,1300.0,113800.0
1335,2021-10-01 09:21:27,6430.0,1200.0,112500.0
1336,2021-10-01 09:21:20,6430.0,500.0,111300.0
1337,2021-10-01 09:20:51,6450.0,1400.0,110800.0
1338,2021-10-01 09:20:33,6450.0,1000.0,109400.0
1339,2021-10-01 09:20:32,6450.0,1000.0,108400.0
1340,2021-10-01 09:20:24,6450.0,200.0,107400.0
1341,2021-10-01 09:20:24,6450.0,800.0,107200.0
1342,2021-10-01 09:20:04,6450.0,100.0,106400.0
1343,2021-10-01 09:19:43,6450.0,300.0,106300.0
1344,2021-10-01 09:19:43,6450.0,300.0,106000.0
1345,2021-10-01 09:19:38,6450.0,300.0,105700.0
1346,2021-10-01 09:19:29,6450.0,500.0,105400.0
1347,2021-10-01 09:19:08,6450.0,100.0,104900.0
1348,2021-10-01 09:18:26,6400.0,100.0,104800.0
1349,2021-10-01 09:18:14,6400.0,6700.0,104700.0
1350,2021-10-01 09:18:14,6400.0,3000.0,98000.0
1351,2021-10-01 09:18:14,6400.0,3000.0,95000.0
1352,2021-10-01 09:18:14,6400.0,2100.0,92000.0
1353,2021-10-01 09:18:14,6420.0,100.0,89900.0
1354,2021-10-01 09:18:14,6420.0,9000.0,89800.0
1355,2021-10-01 09:18:14,6420.0,5000.0,80800.0
1356,2021-10-01 09:18:14,6420.0,1100.0,75800.0
1357,2021-10-01 09:17:52,6500.0,700.0,74700.0
1358,2021-10-01 09:17:37,6500.0,1000.0,74000.0
1359,2021-10-01 09:17:24,6500.0,1000.0,73000.0
1360,2021-10-01 09:17:22,6500.0,200.0,72000.0
1361,2021-10-01 09:17:22,6500.0,3000.0,71800.0
1362,2021-10-01 09:17:22,6500.0,7500.0,68800.0
1363,2021-10-01 09:17:22,6510.0,1000.0,61300.0
1364,2021-10-01 09:17:11,6500.0,300.0,60300.0
1365,2021-10-01 09:17:08,6500.0,5000.0,60000.0
1366,2021-10-01 09:16:55,6500.0,100.0,55000.0
1367,2021-10-01 09:16:55,6500.0,100.0,54900.0
1368,2021-10-01 09:16:55,6500.0,100.0,54800.0
1369,2021-10-01 09:16:55,6500.0,1000.0,54700.0
1370,2021-10-01 09:16:55,6500.0,400.0,53700.0
1371,2021-10-01 09:16:55,6500.0,5500.0,53300.0
1372,2021-10-01 09:16:49,6500.0,1100.0,47800.0
1373,2021-10-01 09:16:35,6500.0,3000.0,46700.0
1374,2021-10-01 09:16:26,6500.0,100.0,43700.0
1375,2021-10-01 09:16:25,6500.0,300.0,43600.0
1376,2021-10-01 09:16:06,6410.0,100.0,43300.0
1377,2021-10-01 09:16:04,6400.0,100.0,43200.0
1378,2021-10-01 09:15:55,6400.0,100.0,43100.0
1379,2021-10-01 09:15:55,6400.0,100.0,43000.0
1380,2021-10-01 09:15:55,6390.0,400.0,42900.0
1381,2021-10-01 09:15:30,6390.0,100.0,42500.0
1382,2021-10-01 09:15:25,6390.0,500.0,42400.0
1383,2021-10-01 09:15:00,6350.0,100.0,41900.0
1384,2021-10-01 09:15:00,6350.0,100.0,41800.0
1385,2021-10-01 09:15:00,6350.0,100.0,41700.0
1386,2021-10-01 09:15:00,6350.0,100.0,41600.0
1387,2021-10-01 09:15:00,6350.0,100.0,41500.0
1388,2021-10-01 09:15:00,6350.0,400.0,41400.0
1389,2021-10-01 09:15:00,6350.0,100.0,41000.0
1390,2021-10-01 09:15:00,6350.0,100.0,40900.0
1391,2021-10-01 09:15:00,6350.0,1000.0,40800.0
1392,2021-10-01 09:15:00,6350.0,1900.0,39800.0
1393,2021-10-01 09:15:00,6350.0,100.0,37900.0
1394,2021-10-01 09:15:00,6350.0,200.0,37800.0
1395,2021-10-01 09:15:00,6350.0,1800.0,37600.0
1396,2021-10-01 09:15:00,6350.0,100.0,35800.0
1397,2021-10-01 09:15:00,6350.0,300.0,35700.0
1398,2021-10-01 09:15:00,6350.0,100.0,35400.0
1399,2021-10-01 09:15:00,6350.0,1000.0,35300.0
1400,2021-10-01 09:15:00,6350.0,300.0,34300.0
1401,2021-10-01 09:15:00,6350.0,3800.0,34000.0
1402,2021-10-01 09:15:00,6350.0,100.0,30200.0
1403,2021-10-01 09:15:00,6350.0,100.0,30100.0
1404,2021-10-01 09:15:00,6350.0,100.0,30000.0
1405,2021-10-01 09:15:00,6350.0,200.0,29900.0
1406,2021-10-01 09:15:00,6350.0,3400.0,29700.0
1407,2021-10-01 09:15:00,6350.0,4500.0,26300.0
1408,2021-10-01 09:15:00,6350.0,2000.0,21800.0
1409,2021-10-01 09:15:00,6350.0,200.0,19800.0
1410,2021-10-01 09:15:00,6350.0,200.0,19600.0
1411,2021-10-01 09:15:00,6350.0,10700.0,19400.0
1412,2021-10-01 09:15:00,6350.0,3000.0,8700.0
1413,2021-10-01 09:15:00,6350.0,1300.0,5700.0
1414,2021-10-01 09:15:00,6350.0,300.0,4400.0
1415,2021-10-01 09:15:00,6350.0,100.0,4100.0
1416,2021-10-01 09:15:00,6350.0,4000.0,4000.0
