,Time,Price,Volume_per_trade,Volume
0,2021-10-05 07:45:00,6740.0,100.0,1592800.0
1,2021-10-05 07:45:00,6740.0,100.0,1592700.0
2,2021-10-05 07:45:00,6740.0,2000.0,1592600.0
3,2021-10-05 07:28:33,6740.0,3000.0,1590600.0
4,2021-10-05 07:08:41,6740.0,1200.0,1587600.0
5,2021-10-05 07:08:37,6740.0,1100.0,1586400.0
6,2021-10-05 07:08:19,6740.0,500.0,1585300.0
7,2021-10-05 07:08:11,6740.0,200.0,1584800.0
8,2021-10-05 07:04:44,6740.0,1000.0,1584600.0
9,2021-10-05 06:58:44,6740.0,1600.0,1583600.0
10,2021-10-05 06:55:57,6740.0,300.0,1582000.0
11,2021-10-05 06:52:03,6740.0,100.0,1581700.0
12,2021-10-05 06:51:47,6740.0,1600.0,1581600.0
13,2021-10-05 06:45:47,6740.0,700.0,1580000.0
14,2021-10-05 06:40:03,6740.0,200.0,1579300.0
15,2021-10-05 06:34:25,6740.0,50000.0,1579100.0
16,2021-10-05 06:33:52,6740.0,700.0,1529100.0
17,2021-10-05 06:32:42,6740.0,8300.0,1528400.0
18,2021-10-05 06:31:27,6740.0,100.0,1520100.0
19,2021-10-05 06:30:47,6740.0,5000.0,1520000.0
20,2021-10-05 06:28:29,6740.0,5000.0,1515000.0
21,2021-10-05 06:26:56,6740.0,100.0,1510000.0
22,2021-10-05 06:25:42,6740.0,800.0,1509900.0
23,2021-10-05 06:22:53,6740.0,10000.0,1509100.0
24,2021-10-05 06:22:12,6740.0,600.0,1499100.0
25,2021-10-05 06:21:08,6740.0,2000.0,1498500.0
26,2021-10-05 06:14:47,6740.0,1000.0,1496500.0
27,2021-10-05 06:13:59,6740.0,1600.0,1495500.0
28,2021-10-05 06:12:24,6740.0,1500.0,1493900.0
29,2021-10-05 06:07:48,6740.0,3000.0,1492400.0
30,2021-10-05 06:07:13,6740.0,300.0,1489400.0
31,2021-10-05 06:05:58,6740.0,1900.0,1489100.0
32,2021-10-05 06:05:35,6740.0,100.0,1487200.0
33,2021-10-05 06:04:29,6740.0,800.0,1487100.0
34,2021-10-05 06:04:24,6740.0,1500.0,1486300.0
35,2021-10-05 06:00:53,6740.0,500.0,1484800.0
36,2021-10-05 06:00:22,6740.0,500.0,1484300.0
37,2021-10-05 06:00:13,6740.0,600.0,1483800.0
38,2021-10-05 06:00:12,6740.0,100.0,1483200.0
39,2021-10-05 06:00:10,6740.0,4500.0,1483100.0
40,2021-10-05 06:00:10,6740.0,1500.0,1478600.0
41,2021-10-05 06:00:01,6740.0,400.0,1477100.0
42,2021-10-05 06:00:01,6740.0,100.0,1476700.0
43,2021-10-05 04:29:04,6740.0,2000.0,1476600.0
44,2021-10-05 04:28:33,6740.0,1000.0,1474600.0
45,2021-10-05 04:27:33,6740.0,4000.0,1473600.0
46,2021-10-05 04:23:20,6740.0,1500.0,1469600.0
47,2021-10-05 04:23:16,6740.0,100.0,1468100.0
48,2021-10-05 04:21:49,6740.0,100.0,1468000.0
49,2021-10-05 04:21:37,6740.0,200.0,1467900.0
50,2021-10-05 04:18:16,6740.0,3000.0,1467700.0
51,2021-10-05 04:16:44,6740.0,200.0,1464700.0
52,2021-10-05 04:09:29,6740.0,1600.0,1464500.0
53,2021-10-05 04:08:55,6740.0,3200.0,1462900.0
54,2021-10-05 04:08:16,6740.0,1700.0,1459700.0
55,2021-10-05 04:05:55,6740.0,100.0,1458000.0
56,2021-10-05 04:04:52,6740.0,300.0,1457900.0
57,2021-10-05 04:04:46,6740.0,2400.0,1457600.0
58,2021-10-05 04:01:10,6740.0,1500.0,1455200.0
59,2021-10-05 04:00:05,6740.0,500.0,1453700.0
60,2021-10-05 03:59:55,6740.0,2700.0,1453200.0
61,2021-10-05 03:58:07,6740.0,200.0,1450500.0
62,2021-10-05 03:58:05,6740.0,1000.0,1450300.0
63,2021-10-05 03:56:32,6740.0,7000.0,1449300.0
64,2021-10-05 03:52:28,6740.0,600.0,1442300.0
65,2021-10-05 03:51:26,6740.0,10000.0,1441700.0
66,2021-10-05 03:50:38,6740.0,1000.0,1431700.0
67,2021-10-05 03:49:08,6740.0,200.0,1430700.0
68,2021-10-05 03:48:39,6740.0,200.0,1430500.0
69,2021-10-05 03:48:11,6740.0,1100.0,1430300.0
70,2021-10-05 03:48:06,6740.0,2700.0,1429200.0
71,2021-10-05 03:48:06,6740.0,2000.0,1426500.0
72,2021-10-05 03:48:06,6740.0,100.0,1424500.0
73,2021-10-05 03:47:45,6740.0,900.0,1424400.0
74,2021-10-05 03:47:45,6740.0,2100.0,1423500.0
75,2021-10-05 03:47:12,6740.0,100.0,1421400.0
76,2021-10-05 03:47:09,6740.0,100.0,1421300.0
77,2021-10-05 03:46:40,6740.0,100.0,1421200.0
78,2021-10-05 03:45:37,6740.0,5000.0,1421100.0
79,2021-10-05 03:45:18,6740.0,300.0,1416100.0
80,2021-10-05 03:44:57,6740.0,200.0,1415800.0
81,2021-10-05 03:44:47,6740.0,200.0,1415600.0
82,2021-10-05 03:43:43,6740.0,100.0,1415400.0
83,2021-10-05 03:43:21,6740.0,500.0,1415300.0
84,2021-10-05 03:42:46,6740.0,100.0,1414800.0
85,2021-10-05 03:42:14,6740.0,2000.0,1414700.0
86,2021-10-05 03:42:10,6740.0,2000.0,1412700.0
87,2021-10-05 03:41:58,6740.0,5000.0,1410700.0
88,2021-10-05 03:41:53,6740.0,100.0,1405700.0
89,2021-10-05 03:41:26,6740.0,10100.0,1405600.0
90,2021-10-05 03:41:26,6740.0,2700.0,1395500.0
91,2021-10-05 03:40:44,6740.0,3300.0,1392800.0
92,2021-10-05 03:40:44,6740.0,1500.0,1389500.0
93,2021-10-05 03:40:44,6740.0,200.0,1388000.0
94,2021-10-05 03:40:24,6740.0,100.0,1387800.0
95,2021-10-05 03:35:13,6740.0,4200.0,1387700.0
96,2021-10-05 03:35:13,6740.0,5000.0,1383500.0
97,2021-10-05 03:35:13,6740.0,5700.0,1378500.0
98,2021-10-05 03:35:13,6740.0,10000.0,1372800.0
99,2021-10-05 03:35:13,6740.0,500.0,1362800.0
100,2021-10-05 03:35:13,6740.0,500.0,1362300.0
101,2021-10-05 03:35:13,6740.0,2000.0,1361800.0
102,2021-10-05 03:35:13,6740.0,20000.0,1359800.0
103,2021-10-05 03:35:13,6740.0,500.0,1339800.0
104,2021-10-05 03:35:13,6740.0,100.0,1339300.0
105,2021-10-05 03:35:13,6740.0,200.0,1339200.0
106,2021-10-05 03:35:13,6740.0,200.0,1339000.0
107,2021-10-05 03:35:13,6740.0,1000.0,1338800.0
108,2021-10-05 03:35:13,6740.0,2000.0,1337800.0
109,2021-10-05 03:35:13,6740.0,5000.0,1335800.0
110,2021-10-05 03:35:13,6740.0,2000.0,1330800.0
111,2021-10-05 03:35:13,6740.0,500.0,1328800.0
112,2021-10-05 03:35:13,6740.0,600.0,1328300.0
113,2021-10-05 03:34:28,6740.0,300.0,1327700.0
114,2021-10-05 03:33:41,6740.0,100.0,1327400.0
115,2021-10-05 03:32:37,6740.0,500.0,1327300.0
116,2021-10-05 03:30:55,6740.0,300.0,1326800.0
117,2021-10-05 03:29:39,6740.0,300.0,1326500.0
118,2021-10-05 03:29:27,6740.0,400.0,1326200.0
119,2021-10-05 03:28:19,6740.0,1400.0,1325800.0
120,2021-10-05 03:28:19,6740.0,300.0,1324400.0
121,2021-10-05 03:27:36,6740.0,300.0,1324100.0
122,2021-10-05 03:27:36,6740.0,200.0,1323800.0
123,2021-10-05 03:27:13,6740.0,800.0,1323600.0
124,2021-10-05 03:27:13,6740.0,1200.0,1322800.0
125,2021-10-05 03:27:05,6740.0,200.0,1321600.0
126,2021-10-05 03:26:10,6740.0,300.0,1321400.0
127,2021-10-05 03:24:21,6740.0,200.0,1321100.0
128,2021-10-05 03:23:57,6740.0,500.0,1320900.0
129,2021-10-05 03:23:09,6740.0,5000.0,1320400.0
130,2021-10-05 03:23:02,6740.0,1500.0,1315400.0
131,2021-10-05 03:22:33,6740.0,100.0,1313900.0
132,2021-10-05 03:22:19,6740.0,100.0,1313800.0
133,2021-10-05 03:21:57,6740.0,200.0,1313700.0
134,2021-10-05 03:21:50,6740.0,700.0,1313500.0
135,2021-10-05 03:21:50,6740.0,600.0,1312800.0
136,2021-10-05 03:21:26,6740.0,200.0,1312200.0
137,2021-10-05 03:21:24,6740.0,1000.0,1312000.0
138,2021-10-05 03:21:22,6740.0,100.0,1311000.0
139,2021-10-05 03:21:08,6740.0,100.0,1310900.0
140,2021-10-05 03:21:07,6740.0,1000.0,1310800.0
141,2021-10-05 03:20:24,6740.0,100.0,1309800.0
142,2021-10-05 03:20:09,6740.0,100.0,1309700.0
143,2021-10-05 03:20:08,6740.0,200.0,1309600.0
144,2021-10-05 03:19:20,6740.0,300.0,1309400.0
145,2021-10-05 03:18:47,6740.0,200.0,1309100.0
146,2021-10-05 03:18:46,6740.0,100.0,1308900.0
147,2021-10-05 03:18:03,6740.0,1000.0,1308800.0
148,2021-10-05 03:18:03,6740.0,4000.0,1307800.0
149,2021-10-05 03:17:46,6740.0,100.0,1303800.0
150,2021-10-05 03:17:36,6740.0,500.0,1303700.0
151,2021-10-05 03:17:23,6740.0,400.0,1303200.0
152,2021-10-05 03:17:23,6740.0,100.0,1302800.0
153,2021-10-05 03:17:17,6740.0,500.0,1302700.0
154,2021-10-05 03:17:15,6740.0,4000.0,1302200.0
155,2021-10-05 03:17:11,6740.0,100.0,1298200.0
156,2021-10-05 03:17:03,6740.0,200.0,1298100.0
157,2021-10-05 03:16:56,6740.0,200.0,1297900.0
158,2021-10-05 03:16:52,6740.0,100.0,1297700.0
159,2021-10-05 03:16:19,6740.0,200.0,1297600.0
160,2021-10-05 03:16:15,6740.0,5000.0,1297400.0
161,2021-10-05 03:16:15,6740.0,100.0,1292400.0
162,2021-10-05 03:16:02,6740.0,1000.0,1292300.0
163,2021-10-05 03:15:37,6740.0,2000.0,1291300.0
164,2021-10-05 03:15:33,6740.0,500.0,1289300.0
165,2021-10-05 03:15:27,6740.0,3000.0,1288800.0
166,2021-10-05 03:15:25,6740.0,10000.0,1285800.0
167,2021-10-05 03:15:10,6740.0,100.0,1275800.0
168,2021-10-05 03:15:10,6740.0,600.0,1275700.0
169,2021-10-05 03:15:09,6740.0,1100.0,1275100.0
170,2021-10-05 03:15:06,6740.0,2000.0,1274000.0
171,2021-10-05 03:15:04,6740.0,100.0,1272000.0
172,2021-10-05 03:15:01,6740.0,1000.0,1271900.0
173,2021-10-05 03:14:52,6740.0,3000.0,1270900.0
174,2021-10-05 03:14:50,6740.0,100.0,1267900.0
175,2021-10-05 03:14:37,6740.0,3000.0,1267800.0
176,2021-10-05 03:14:34,6740.0,200.0,1264800.0
177,2021-10-05 03:14:22,6740.0,1000.0,1264600.0
178,2021-10-05 03:14:19,6740.0,1000.0,1263600.0
179,2021-10-05 03:14:17,6740.0,500.0,1262600.0
180,2021-10-05 03:14:12,6740.0,5000.0,1262100.0
181,2021-10-05 03:14:11,6740.0,500.0,1257100.0
182,2021-10-05 03:14:10,6740.0,600.0,1256600.0
183,2021-10-05 03:14:08,6740.0,1000.0,1256000.0
184,2021-10-05 03:14:02,6740.0,6000.0,1255000.0
185,2021-10-05 03:14:02,6740.0,400.0,1249000.0
186,2021-10-05 03:14:02,6740.0,200.0,1248600.0
187,2021-10-05 03:14:00,6740.0,1000.0,1248400.0
188,2021-10-05 03:13:57,6740.0,200.0,1247400.0
189,2021-10-05 03:13:54,6740.0,44400.0,1247200.0
190,2021-10-05 03:13:54,6740.0,5600.0,1202800.0
191,2021-10-05 03:13:45,6740.0,400.0,1197200.0
192,2021-10-05 03:13:45,6740.0,600.0,1196800.0
193,2021-10-05 03:13:30,6740.0,300.0,1196200.0
194,2021-10-05 03:13:25,6740.0,20000.0,1195900.0
195,2021-10-05 03:13:21,6740.0,1000.0,1175900.0
196,2021-10-05 03:13:18,6740.0,200.0,1174900.0
197,2021-10-05 03:13:18,6740.0,300.0,1174700.0
198,2021-10-05 03:13:18,6740.0,200.0,1174400.0
199,2021-10-05 03:13:18,6740.0,4000.0,1174200.0
200,2021-10-05 03:13:18,6740.0,48800.0,1170200.0
201,2021-10-05 03:13:18,6740.0,200.0,1121400.0
202,2021-10-05 03:13:18,6740.0,2000.0,1121200.0
203,2021-10-05 03:13:18,6740.0,2000.0,1119200.0
204,2021-10-05 03:13:18,6740.0,200.0,1117200.0
205,2021-10-05 03:13:18,6740.0,500.0,1117000.0
206,2021-10-05 03:13:18,6740.0,1000.0,1116500.0
207,2021-10-05 03:13:18,6740.0,100.0,1115500.0
208,2021-10-05 03:13:18,6740.0,300.0,1115400.0
209,2021-10-05 03:13:18,6740.0,9900.0,1115100.0
210,2021-10-05 03:13:18,6740.0,100.0,1105200.0
211,2021-10-05 03:13:18,6740.0,6000.0,1105100.0
212,2021-10-05 03:13:18,6740.0,1000.0,1099100.0
213,2021-10-05 03:13:18,6740.0,1000.0,1098100.0
214,2021-10-05 03:13:18,6740.0,100.0,1097100.0
215,2021-10-05 03:13:18,6740.0,200.0,1097000.0
216,2021-10-05 03:13:18,6740.0,100.0,1096800.0
217,2021-10-05 03:13:18,6740.0,1000.0,1096700.0
218,2021-10-05 03:13:18,6740.0,400.0,1095700.0
219,2021-10-05 03:13:18,6740.0,500.0,1095300.0
220,2021-10-05 03:13:18,6740.0,2000.0,1094800.0
221,2021-10-05 03:13:18,6740.0,200.0,1092800.0
222,2021-10-05 03:13:18,6740.0,5000.0,1092600.0
223,2021-10-05 03:13:18,6740.0,200.0,1087600.0
224,2021-10-05 03:13:18,6740.0,500.0,1087400.0
225,2021-10-05 03:13:18,6740.0,1000.0,1086900.0
226,2021-10-05 03:13:18,6740.0,4500.0,1085900.0
227,2021-10-05 03:13:18,6740.0,1000.0,1081400.0
228,2021-10-05 03:13:18,6740.0,300.0,1080400.0
229,2021-10-05 03:13:18,6740.0,300.0,1080100.0
230,2021-10-05 03:13:18,6740.0,300.0,1079800.0
231,2021-10-05 03:13:18,6740.0,200.0,1079500.0
232,2021-10-05 03:13:18,6740.0,300.0,1079300.0
233,2021-10-05 03:13:18,6740.0,200.0,1079000.0
234,2021-10-05 03:13:18,6740.0,500.0,1078800.0
235,2021-10-05 03:13:18,6740.0,400.0,1078300.0
236,2021-10-05 03:13:18,6740.0,600.0,1077900.0
237,2021-10-05 03:13:18,6740.0,300.0,1077300.0
238,2021-10-05 03:13:18,6740.0,400.0,1077000.0
239,2021-10-05 03:13:18,6740.0,200.0,1076600.0
240,2021-10-05 03:13:18,6740.0,100.0,1076400.0
241,2021-10-05 03:13:18,6740.0,1000.0,1076300.0
242,2021-10-05 03:13:18,6740.0,300.0,1075300.0
243,2021-10-05 03:13:18,6740.0,100.0,1075000.0
244,2021-10-05 03:13:18,6740.0,100.0,1074900.0
245,2021-10-05 03:13:16,6730.0,100.0,1074800.0
246,2021-10-05 03:13:11,6730.0,5000.0,1074700.0
247,2021-10-05 03:13:11,6730.0,200.0,1069700.0
248,2021-10-05 03:13:11,6730.0,700.0,1069500.0
249,2021-10-05 03:13:10,6730.0,300.0,1068800.0
250,2021-10-05 03:13:10,6730.0,3000.0,1068500.0
251,2021-10-05 03:13:10,6730.0,5000.0,1065500.0
252,2021-10-05 03:13:10,6730.0,1400.0,1060500.0
253,2021-10-05 03:13:10,6730.0,100.0,1059100.0
254,2021-10-05 03:13:08,6730.0,1500.0,1059000.0
255,2021-10-05 03:13:08,6730.0,300.0,1057500.0
256,2021-10-05 03:13:08,6730.0,1000.0,1057200.0
257,2021-10-05 03:13:08,6730.0,2000.0,1056200.0
258,2021-10-05 03:13:08,6730.0,200.0,1054200.0
259,2021-10-05 03:13:07,6720.0,500.0,1054000.0
260,2021-10-05 03:13:07,6720.0,500.0,1053500.0
261,2021-10-05 03:13:07,6730.0,1200.0,1053000.0
262,2021-10-05 03:13:06,6730.0,1600.0,1051800.0
263,2021-10-05 03:13:05,6730.0,1400.0,1050200.0
264,2021-10-05 03:13:05,6730.0,7300.0,1048800.0
265,2021-10-05 03:13:05,6730.0,300.0,1041500.0
266,2021-10-05 03:13:00,6730.0,500.0,1041200.0
267,2021-10-05 03:12:50,6730.0,200.0,1040700.0
268,2021-10-05 03:12:49,6720.0,9500.0,1040500.0
269,2021-10-05 03:12:49,6720.0,500.0,1031000.0
270,2021-10-05 03:12:49,6720.0,100.0,1030500.0
271,2021-10-05 03:12:49,6720.0,300.0,1030400.0
272,2021-10-05 03:12:49,6720.0,300.0,1030100.0
273,2021-10-05 03:12:49,6710.0,200.0,1029800.0
274,2021-10-05 03:12:44,6700.0,300.0,1029600.0
275,2021-10-05 03:12:40,6700.0,300.0,1029300.0
276,2021-10-05 03:12:40,6700.0,1000.0,1029000.0
277,2021-10-05 03:12:40,6700.0,200.0,1028000.0
278,2021-10-05 03:12:40,6700.0,1000.0,1027800.0
279,2021-10-05 03:12:40,6700.0,200.0,1026800.0
280,2021-10-05 03:12:40,6700.0,1000.0,1026600.0
281,2021-10-05 03:12:40,6700.0,400.0,1025600.0
282,2021-10-05 03:12:40,6700.0,100.0,1025200.0
283,2021-10-05 03:12:40,6700.0,100.0,1025100.0
284,2021-10-05 03:12:38,6700.0,100.0,1025000.0
285,2021-10-05 03:12:38,6700.0,200.0,1024900.0
286,2021-10-05 03:12:38,6700.0,1000.0,1024700.0
287,2021-10-05 03:12:38,6700.0,500.0,1023700.0
288,2021-10-05 03:12:38,6700.0,300.0,1023200.0
289,2021-10-05 03:12:38,6700.0,100.0,1022900.0
290,2021-10-05 03:12:38,6700.0,100.0,1022800.0
291,2021-10-05 03:12:38,6700.0,500.0,1022700.0
292,2021-10-05 03:12:38,6700.0,300.0,1022200.0
293,2021-10-05 03:12:38,6700.0,1100.0,1021900.0
294,2021-10-05 03:12:32,6700.0,900.0,1020800.0
295,2021-10-05 03:12:32,6700.0,100.0,1019900.0
296,2021-10-05 03:12:31,6670.0,300.0,1019800.0
297,2021-10-05 03:12:14,6650.0,500.0,1019500.0
298,2021-10-05 03:12:14,6650.0,100.0,1019000.0
299,2021-10-05 03:12:14,6650.0,1000.0,1018900.0
300,2021-10-05 03:12:14,6650.0,1300.0,1017900.0
301,2021-10-05 03:12:10,6650.0,500.0,1016600.0
302,2021-10-05 03:12:05,6650.0,200.0,1016100.0
303,2021-10-05 03:12:05,6640.0,100.0,1015900.0
304,2021-10-05 03:11:57,6640.0,100.0,1015800.0
305,2021-10-05 03:11:57,6640.0,500.0,1015700.0
306,2021-10-05 03:11:57,6640.0,1000.0,1015200.0
307,2021-10-05 03:11:56,6640.0,900.0,1014200.0
308,2021-10-05 03:11:52,6640.0,2000.0,1013300.0
309,2021-10-05 03:11:41,6640.0,4600.0,1011300.0
310,2021-10-05 03:11:28,6630.0,100.0,1006700.0
311,2021-10-05 03:11:26,6630.0,800.0,1006600.0
312,2021-10-05 03:11:26,6630.0,100.0,1005800.0
313,2021-10-05 03:11:15,6620.0,300.0,1005700.0
314,2021-10-05 03:11:15,6620.0,1000.0,1005400.0
315,2021-10-05 03:11:15,6620.0,100.0,1004400.0
316,2021-10-05 03:10:48,6600.0,200.0,1004300.0
317,2021-10-05 03:10:44,6600.0,900.0,1004100.0
318,2021-10-05 03:10:44,6600.0,100.0,1003200.0
319,2021-10-05 03:10:41,6600.0,100.0,1003100.0
320,2021-10-05 03:10:38,6600.0,100.0,1003000.0
321,2021-10-05 03:10:38,6600.0,1000.0,1002900.0
322,2021-10-05 03:10:38,6600.0,300.0,1001900.0
323,2021-10-05 03:10:38,6600.0,100.0,1001600.0
324,2021-10-05 03:10:36,6600.0,300.0,1001500.0
325,2021-10-05 03:10:36,6600.0,600.0,1001200.0
326,2021-10-05 03:10:36,6600.0,100.0,1000600.0
327,2021-10-05 03:10:36,6600.0,1300.0,1000500.0
328,2021-10-05 03:10:35,6600.0,3400.0,999200.0
329,2021-10-05 03:10:29,6600.0,1000.0,995800.0
330,2021-10-05 03:10:29,6600.0,600.0,994800.0
331,2021-10-05 03:10:27,6600.0,700.0,994200.0
332,2021-10-05 03:10:27,6600.0,200.0,993500.0
333,2021-10-05 03:10:19,6600.0,400.0,993300.0
334,2021-10-05 03:10:18,6600.0,200.0,992900.0
335,2021-10-05 03:10:17,6580.0,500.0,992700.0
336,2021-10-05 03:10:12,6600.0,1500.0,992200.0
337,2021-10-05 03:10:08,6600.0,2000.0,990700.0
338,2021-10-05 03:10:07,6600.0,15700.0,988700.0
339,2021-10-05 03:10:07,6600.0,1000.0,973000.0
340,2021-10-05 03:10:07,6600.0,3300.0,972000.0
341,2021-10-05 03:10:07,6600.0,1700.0,968700.0
342,2021-10-05 03:10:07,6600.0,4500.0,967000.0
343,2021-10-05 03:10:07,6600.0,100.0,962500.0
344,2021-10-05 03:10:07,6600.0,3000.0,962400.0
345,2021-10-05 03:10:07,6600.0,700.0,959400.0
346,2021-10-05 03:10:03,6600.0,100.0,958700.0
347,2021-10-05 03:09:50,6600.0,200.0,958600.0
348,2021-10-05 03:09:50,6600.0,3000.0,958400.0
349,2021-10-05 03:09:50,6590.0,100.0,955400.0
350,2021-10-05 03:09:50,6590.0,1000.0,955300.0
351,2021-10-05 03:09:50,6590.0,300.0,954300.0
352,2021-10-05 03:09:50,6590.0,900.0,954000.0
353,2021-10-05 03:09:50,6590.0,100.0,953100.0
354,2021-10-05 03:09:45,6580.0,3000.0,953000.0
355,2021-10-05 03:09:35,6570.0,2000.0,950000.0
356,2021-10-05 03:09:35,6570.0,300.0,948000.0
357,2021-10-05 03:09:35,6570.0,200.0,947700.0
358,2021-10-05 03:09:35,6570.0,100.0,947500.0
359,2021-10-05 03:09:35,6570.0,19100.0,947400.0
360,2021-10-05 03:09:31,6570.0,2000.0,928300.0
361,2021-10-05 03:09:28,6570.0,300.0,926300.0
362,2021-10-05 03:09:26,6570.0,100.0,926000.0
363,2021-10-05 03:09:24,6570.0,5000.0,925900.0
364,2021-10-05 03:09:18,6570.0,10000.0,920900.0
365,2021-10-05 03:08:37,6570.0,1000.0,910900.0
366,2021-10-05 03:08:34,6570.0,100.0,909900.0
367,2021-10-05 03:08:34,6570.0,1000.0,909800.0
368,2021-10-05 03:08:22,6570.0,11400.0,908800.0
369,2021-10-05 03:08:22,6570.0,2000.0,897400.0
370,2021-10-05 03:08:22,6570.0,6600.0,895400.0
371,2021-10-05 03:07:15,6550.0,100.0,888800.0
372,2021-10-05 03:07:15,6550.0,200.0,888700.0
373,2021-10-05 03:07:12,6570.0,4400.0,888500.0
374,2021-10-05 03:06:41,6570.0,18000.0,884100.0
375,2021-10-05 03:06:40,6570.0,100.0,866100.0
376,2021-10-05 03:06:14,6570.0,500.0,866000.0
377,2021-10-05 03:06:13,6570.0,3000.0,865500.0
378,2021-10-05 03:06:00,6570.0,10000.0,862500.0
379,2021-10-05 03:05:59,6570.0,1000.0,852500.0
380,2021-10-05 03:05:55,6570.0,5000.0,851500.0
381,2021-10-05 03:05:45,6570.0,100.0,846500.0
382,2021-10-05 03:05:41,6570.0,200.0,846400.0
383,2021-10-05 03:05:20,6570.0,1100.0,846200.0
384,2021-10-05 03:05:20,6570.0,3400.0,845100.0
385,2021-10-05 03:05:13,6560.0,200.0,841700.0
386,2021-10-05 03:05:02,6550.0,2000.0,841500.0
387,2021-10-05 03:05:01,6550.0,5000.0,839500.0
388,2021-10-05 03:05:01,6560.0,800.0,834500.0
389,2021-10-05 03:05:01,6560.0,100.0,833700.0
390,2021-10-05 03:04:58,6560.0,1000.0,833600.0
391,2021-10-05 03:04:53,6560.0,3900.0,832600.0
392,2021-10-05 03:04:14,6560.0,200.0,828700.0
393,2021-10-05 03:03:51,6560.0,1000.0,828500.0
394,2021-10-05 03:03:29,6560.0,100.0,827500.0
395,2021-10-05 03:03:29,6560.0,3600.0,827400.0
396,2021-10-05 03:03:17,6560.0,3800.0,823800.0
397,2021-10-05 03:03:08,6560.0,1600.0,820000.0
398,2021-10-05 03:03:08,6560.0,1000.0,818400.0
399,2021-10-05 03:03:08,6560.0,900.0,817400.0
400,2021-10-05 03:02:53,6550.0,1300.0,816500.0
401,2021-10-05 03:02:53,6550.0,500.0,815200.0
402,2021-10-05 03:02:42,6550.0,500.0,814700.0
403,2021-10-05 03:02:35,6550.0,200.0,814200.0
404,2021-10-05 03:02:35,6550.0,1300.0,814000.0
405,2021-10-05 03:02:18,6550.0,100.0,812700.0
406,2021-10-05 03:02:10,6550.0,100.0,812600.0
407,2021-10-05 03:02:10,6550.0,1000.0,812500.0
408,2021-10-05 03:02:10,6550.0,500.0,811500.0
409,2021-10-05 03:02:10,6550.0,2000.0,811000.0
410,2021-10-05 03:02:03,6560.0,1500.0,809000.0
411,2021-10-05 03:02:03,6560.0,200.0,807500.0
412,2021-10-05 03:02:03,6560.0,3700.0,807300.0
413,2021-10-05 03:02:03,6560.0,200.0,803600.0
414,2021-10-05 03:02:03,6560.0,4400.0,803400.0
415,2021-10-05 03:02:01,6550.0,1000.0,799000.0
416,2021-10-05 03:01:47,6550.0,1000.0,798000.0
417,2021-10-05 03:01:43,6550.0,200.0,797000.0
418,2021-10-05 03:01:18,6560.0,600.0,796800.0
419,2021-10-05 03:01:18,6560.0,100.0,796200.0
420,2021-10-05 03:01:10,6560.0,100.0,796100.0
421,2021-10-05 03:00:46,6560.0,100.0,796000.0
422,2021-10-05 03:00:46,6550.0,8000.0,795900.0
423,2021-10-05 03:00:46,6550.0,6700.0,787900.0
424,2021-10-05 03:00:41,6550.0,200.0,781200.0
425,2021-10-05 03:00:27,6550.0,5500.0,781000.0
426,2021-10-05 03:00:27,6550.0,1000.0,775500.0
427,2021-10-05 03:00:27,6550.0,1600.0,774500.0
428,2021-10-05 02:59:58,6550.0,1000.0,772900.0
429,2021-10-05 02:59:47,6550.0,200.0,771900.0
430,2021-10-05 02:59:47,6550.0,500.0,771700.0
431,2021-10-05 02:59:47,6550.0,6700.0,771200.0
432,2021-10-05 02:59:25,6550.0,200.0,764500.0
433,2021-10-05 02:59:25,6550.0,100.0,764300.0
434,2021-10-05 02:59:12,6550.0,100.0,764200.0
435,2021-10-05 02:59:02,6550.0,2900.0,764100.0
436,2021-10-05 02:59:02,6550.0,6400.0,761200.0
437,2021-10-05 02:59:00,6530.0,1500.0,754800.0
438,2021-10-05 02:59:00,6530.0,400.0,753300.0
439,2021-10-05 02:58:37,6550.0,3600.0,752900.0
440,2021-10-05 02:58:37,6550.0,100.0,749300.0
441,2021-10-05 02:58:37,6550.0,5000.0,749200.0
442,2021-10-05 02:58:37,6550.0,1300.0,744200.0
443,2021-10-05 02:58:35,6530.0,100.0,742900.0
444,2021-10-05 02:58:23,6530.0,500.0,742800.0
445,2021-10-05 02:58:23,6530.0,500.0,742300.0
446,2021-10-05 02:58:00,6550.0,500.0,741800.0
447,2021-10-05 02:57:52,6550.0,500.0,741300.0
448,2021-10-05 02:57:52,6550.0,300.0,740800.0
449,2021-10-05 02:57:52,6550.0,400.0,740500.0
450,2021-10-05 02:57:44,6550.0,26000.0,740100.0
451,2021-10-05 02:57:18,6560.0,200.0,714100.0
452,2021-10-05 02:57:18,6560.0,300.0,713900.0
453,2021-10-05 02:57:02,6560.0,200.0,713600.0
454,2021-10-05 02:57:02,6560.0,100.0,713400.0
455,2021-10-05 02:56:51,6550.0,2000.0,713300.0
456,2021-10-05 02:56:45,6550.0,1000.0,711300.0
457,2021-10-05 02:56:45,6550.0,100.0,710300.0
458,2021-10-05 02:56:45,6550.0,10000.0,710200.0
459,2021-10-05 02:56:45,6550.0,200.0,700200.0
460,2021-10-05 02:56:45,6550.0,1100.0,700000.0
461,2021-10-05 02:56:45,6550.0,2000.0,698900.0
462,2021-10-05 02:56:45,6550.0,500.0,696900.0
463,2021-10-05 02:56:45,6550.0,600.0,696400.0
464,2021-10-05 02:56:45,6540.0,3000.0,695800.0
465,2021-10-05 02:56:45,6540.0,1000.0,692800.0
466,2021-10-05 02:56:45,6540.0,2000.0,691800.0
467,2021-10-05 02:56:45,6540.0,100.0,689800.0
468,2021-10-05 02:56:19,6550.0,400.0,689700.0
469,2021-10-05 02:56:16,6520.0,300.0,689300.0
470,2021-10-05 02:56:16,6540.0,200.0,689000.0
471,2021-10-05 02:56:10,6540.0,1000.0,688800.0
472,2021-10-05 02:55:44,6550.0,200.0,687800.0
473,2021-10-05 02:55:32,6550.0,100.0,687600.0
474,2021-10-05 02:55:11,6550.0,700.0,687500.0
475,2021-10-05 02:55:11,6550.0,500.0,686800.0
476,2021-10-05 02:55:11,6550.0,300.0,686300.0
477,2021-10-05 02:55:11,6550.0,100.0,686000.0
478,2021-10-05 02:55:11,6550.0,1000.0,685900.0
479,2021-10-05 02:55:11,6550.0,3000.0,684900.0
480,2021-10-05 02:55:11,6550.0,600.0,681900.0
481,2021-10-05 02:55:11,6520.0,1300.0,681300.0
482,2021-10-05 02:55:07,6520.0,100.0,680000.0
483,2021-10-05 02:55:07,6520.0,200.0,679900.0
484,2021-10-05 02:55:07,6520.0,1000.0,679700.0
485,2021-10-05 02:55:07,6520.0,2400.0,678700.0
486,2021-10-05 02:54:53,6550.0,100.0,676300.0
487,2021-10-05 02:54:09,6550.0,100.0,676200.0
488,2021-10-05 02:53:12,6550.0,4200.0,676100.0
489,2021-10-05 02:53:12,6550.0,2000.0,671900.0
490,2021-10-05 02:53:12,6550.0,3000.0,669900.0
491,2021-10-05 02:53:12,6550.0,1000.0,666900.0
492,2021-10-05 02:53:12,6550.0,1000.0,665900.0
493,2021-10-05 02:53:12,6550.0,1000.0,664900.0
494,2021-10-05 02:53:12,6550.0,1000.0,663900.0
495,2021-10-05 02:53:12,6540.0,500.0,662900.0
496,2021-10-05 02:53:12,6540.0,1000.0,662400.0
497,2021-10-05 02:53:12,6540.0,100.0,661400.0
498,2021-10-05 02:52:52,6520.0,600.0,661300.0
499,2021-10-05 02:52:00,6540.0,5000.0,660700.0
500,2021-10-05 02:52:00,6540.0,3000.0,655700.0
501,2021-10-05 02:52:00,6540.0,200.0,652700.0
502,2021-10-05 02:52:00,6540.0,1000.0,652500.0
503,2021-10-05 02:52:00,6540.0,100.0,651500.0
504,2021-10-05 02:52:00,6540.0,700.0,651400.0
505,2021-10-05 02:51:25,6540.0,300.0,650700.0
506,2021-10-05 02:51:25,6540.0,600.0,650400.0
507,2021-10-05 02:51:25,6520.0,100.0,649800.0
508,2021-10-05 02:51:24,6520.0,500.0,649700.0
509,2021-10-05 02:50:46,6540.0,1400.0,649200.0
510,2021-10-05 02:50:46,6540.0,3000.0,647800.0
511,2021-10-05 02:50:46,6540.0,100.0,644800.0
512,2021-10-05 02:50:46,6540.0,500.0,644700.0
513,2021-10-05 02:50:39,6540.0,5000.0,644200.0
514,2021-10-05 02:50:29,6540.0,2500.0,639200.0
515,2021-10-05 02:50:29,6540.0,4000.0,636700.0
516,2021-10-05 02:50:29,6530.0,1000.0,632700.0
517,2021-10-05 02:50:02,6540.0,3000.0,631700.0
518,2021-10-05 02:49:25,6540.0,3000.0,628700.0
519,2021-10-05 02:49:21,6540.0,5000.0,625700.0
520,2021-10-05 02:49:10,6540.0,1500.0,620700.0
521,2021-10-05 02:48:32,6540.0,700.0,619200.0
522,2021-10-05 02:48:32,6540.0,400.0,618500.0
523,2021-10-05 02:48:16,6540.0,600.0,618100.0
524,2021-10-05 02:48:02,6500.0,5000.0,617500.0
525,2021-10-05 02:48:00,6540.0,800.0,612500.0
526,2021-10-05 02:47:41,6540.0,1000.0,611700.0
527,2021-10-05 02:47:34,6540.0,200.0,610700.0
528,2021-10-05 02:47:34,6540.0,1800.0,610500.0
529,2021-10-05 02:47:28,6540.0,3000.0,608700.0
530,2021-10-05 02:47:28,6530.0,2000.0,605700.0
531,2021-10-05 02:46:55,6540.0,3000.0,603700.0
532,2021-10-05 02:46:32,6540.0,2200.0,600700.0
533,2021-10-05 02:46:20,6540.0,2800.0,598500.0
534,2021-10-05 02:46:18,6540.0,1000.0,595700.0
535,2021-10-05 02:46:03,6540.0,800.0,594700.0
536,2021-10-05 02:46:03,6540.0,400.0,593900.0
537,2021-10-05 02:45:55,6540.0,100.0,593500.0
538,2021-10-05 02:45:52,6540.0,300.0,593400.0
539,2021-10-05 02:45:52,6540.0,9700.0,593100.0
540,2021-10-05 02:45:45,6540.0,5000.0,583400.0
541,2021-10-05 02:45:42,6540.0,2000.0,578400.0
542,2021-10-05 02:45:29,6540.0,1000.0,576400.0
543,2021-10-05 02:45:26,6540.0,2300.0,575400.0
544,2021-10-05 02:45:07,6540.0,2400.0,573100.0
545,2021-10-05 02:44:52,6540.0,1000.0,570700.0
546,2021-10-05 02:44:52,6540.0,100.0,569700.0
547,2021-10-05 02:44:52,6540.0,100.0,569600.0
548,2021-10-05 02:44:52,6540.0,300.0,569500.0
549,2021-10-05 02:44:52,6540.0,2800.0,569200.0
550,2021-10-05 02:44:52,6530.0,400.0,566400.0
551,2021-10-05 02:44:52,6530.0,3000.0,566000.0
552,2021-10-05 02:44:52,6530.0,2300.0,563000.0
553,2021-10-05 02:44:45,6530.0,3300.0,560700.0
554,2021-10-05 02:44:40,6530.0,1000.0,557400.0
555,2021-10-05 02:44:40,6530.0,19900.0,556400.0
556,2021-10-05 02:44:18,6530.0,25000.0,536500.0
557,2021-10-05 02:43:33,6530.0,100.0,511500.0
558,2021-10-05 02:43:33,6530.0,5000.0,511400.0
559,2021-10-05 02:42:47,6460.0,400.0,506400.0
560,2021-10-05 02:42:47,6460.0,3000.0,506000.0
561,2021-10-05 02:42:47,6460.0,300.0,503000.0
562,2021-10-05 02:42:47,6470.0,100.0,502700.0
563,2021-10-05 02:42:47,6470.0,2000.0,502600.0
564,2021-10-05 02:42:47,6480.0,300.0,500600.0
565,2021-10-05 02:42:47,6480.0,5300.0,500300.0
566,2021-10-05 02:42:47,6480.0,2000.0,495000.0
567,2021-10-05 02:42:27,6530.0,300.0,493000.0
568,2021-10-05 02:42:27,6530.0,900.0,492700.0
569,2021-10-05 02:42:17,6480.0,1500.0,491800.0
570,2021-10-05 02:42:17,6480.0,6500.0,490300.0
571,2021-10-05 02:42:17,6480.0,10000.0,483800.0
572,2021-10-05 02:42:17,6480.0,6000.0,473800.0
573,2021-10-05 02:42:17,6500.0,800.0,467800.0
574,2021-10-05 02:42:17,6500.0,26700.0,467000.0
575,2021-10-05 02:42:06,6530.0,100.0,440300.0
576,2021-10-05 02:41:36,6500.0,2100.0,440200.0
577,2021-10-05 02:41:04,6500.0,500.0,438100.0
578,2021-10-05 02:41:00,6500.0,400.0,437600.0
579,2021-10-05 02:41:00,6500.0,9000.0,437200.0
580,2021-10-05 02:41:00,6500.0,1300.0,428200.0
581,2021-10-05 02:40:53,6500.0,1000.0,426900.0
582,2021-10-05 02:40:39,6500.0,700.0,425900.0
583,2021-10-05 02:40:39,6500.0,500.0,425200.0
584,2021-10-05 02:40:39,6500.0,100.0,424700.0
585,2021-10-05 02:40:39,6500.0,4800.0,424600.0
586,2021-10-05 02:40:24,6500.0,200.0,419800.0
587,2021-10-05 02:39:49,6500.0,1900.0,419600.0
588,2021-10-05 02:39:42,6480.0,4000.0,417700.0
589,2021-10-05 02:39:32,6480.0,2000.0,413700.0
590,2021-10-05 02:39:17,6500.0,10000.0,411700.0
591,2021-10-05 02:38:57,6500.0,1300.0,401700.0
592,2021-10-05 02:38:57,6500.0,2000.0,400400.0
593,2021-10-05 02:38:57,6500.0,6700.0,398400.0
594,2021-10-05 02:38:55,6500.0,200.0,391700.0
595,2021-10-05 02:38:35,6500.0,100.0,391500.0
596,2021-10-05 02:38:04,6500.0,2000.0,391400.0
597,2021-10-05 02:37:49,6500.0,1400.0,389400.0
598,2021-10-05 02:37:44,6500.0,5700.0,388000.0
599,2021-10-05 02:37:44,6500.0,3900.0,382300.0
600,2021-10-05 02:37:34,6500.0,1600.0,378400.0
601,2021-10-05 02:37:34,6500.0,8000.0,376800.0
602,2021-10-05 02:37:34,6510.0,400.0,368800.0
603,2021-10-05 02:36:57,6500.0,200.0,368400.0
604,2021-10-05 02:36:45,6500.0,21800.0,368200.0
605,2021-10-05 02:36:45,6510.0,6000.0,346400.0
606,2021-10-05 02:36:45,6510.0,9500.0,340400.0
607,2021-10-05 02:36:45,6520.0,5700.0,330900.0
608,2021-10-05 02:36:45,6520.0,2000.0,325200.0
609,2021-10-05 02:36:44,6530.0,1000.0,323200.0
610,2021-10-05 02:36:05,6520.0,100.0,322200.0
611,2021-10-05 02:36:05,6520.0,600.0,322100.0
612,2021-10-05 02:35:53,6520.0,500.0,321500.0
613,2021-10-05 02:35:51,6500.0,8700.0,321000.0
614,2021-10-05 02:35:51,6500.0,1300.0,312300.0
615,2021-10-05 02:35:49,6520.0,400.0,311000.0
616,2021-10-05 02:35:49,6520.0,2900.0,310600.0
617,2021-10-05 02:35:46,6520.0,2000.0,307700.0
618,2021-10-05 02:35:41,6520.0,100.0,305700.0
619,2021-10-05 02:35:31,6500.0,200.0,305600.0
620,2021-10-05 02:35:25,6520.0,3800.0,305400.0
621,2021-10-05 02:35:13,6520.0,1200.0,301600.0
622,2021-10-05 02:35:13,6520.0,500.0,300400.0
623,2021-10-05 02:35:11,6500.0,500.0,299900.0
624,2021-10-05 02:35:01,6510.0,1500.0,299400.0
625,2021-10-05 02:35:01,6510.0,800.0,297900.0
626,2021-10-05 02:34:31,6450.0,3700.0,297100.0
627,2021-10-05 02:34:31,6460.0,3000.0,293400.0
628,2021-10-05 02:34:31,6480.0,1000.0,290400.0
629,2021-10-05 02:34:31,6480.0,300.0,289400.0
630,2021-10-05 02:34:31,6480.0,300.0,289100.0
631,2021-10-05 02:34:31,6500.0,1000.0,288800.0
632,2021-10-05 02:34:31,6500.0,300.0,287800.0
633,2021-10-05 02:34:31,6500.0,400.0,287500.0
634,2021-10-05 02:34:17,6500.0,400.0,287100.0
635,2021-10-05 02:34:16,6500.0,100.0,286700.0
636,2021-10-05 02:34:16,6500.0,500.0,286600.0
637,2021-10-05 02:34:16,6500.0,500.0,286100.0
638,2021-10-05 02:33:53,6500.0,600.0,285600.0
639,2021-10-05 02:33:33,6500.0,200.0,285000.0
640,2021-10-05 02:33:30,6500.0,100.0,284800.0
641,2021-10-05 02:33:22,6500.0,500.0,284700.0
642,2021-10-05 02:33:19,6500.0,100.0,284200.0
643,2021-10-05 02:32:43,6500.0,1900.0,284100.0
644,2021-10-05 02:32:43,6500.0,1400.0,282200.0
645,2021-10-05 02:32:43,6500.0,200.0,280800.0
646,2021-10-05 02:32:29,6500.0,1000.0,280600.0
647,2021-10-05 02:32:04,6500.0,100.0,279600.0
648,2021-10-05 02:32:04,6500.0,1000.0,279500.0
649,2021-10-05 02:32:04,6500.0,400.0,278500.0
650,2021-10-05 02:32:04,6500.0,17300.0,278100.0
651,2021-10-05 02:31:25,6480.0,100.0,260800.0
652,2021-10-05 02:31:25,6480.0,100.0,260700.0
653,2021-10-05 02:31:25,6480.0,100.0,260600.0
654,2021-10-05 02:30:47,6450.0,800.0,260500.0
655,2021-10-05 02:30:45,6480.0,4000.0,259700.0
656,2021-10-05 02:30:30,6450.0,700.0,255700.0
657,2021-10-05 02:30:30,6460.0,200.0,255000.0
658,2021-10-05 02:30:30,6460.0,100.0,254800.0
659,2021-10-05 02:30:20,6480.0,200.0,254700.0
660,2021-10-05 02:29:42,6450.0,5000.0,254500.0
661,2021-10-05 02:29:14,6450.0,6900.0,249500.0
662,2021-10-05 02:29:14,6460.0,3000.0,242600.0
663,2021-10-05 02:29:14,6460.0,100.0,239600.0
664,2021-10-05 02:28:50,6480.0,5000.0,239500.0
665,2021-10-05 02:28:47,6500.0,1000.0,234500.0
666,2021-10-05 02:28:45,6500.0,500.0,233500.0
667,2021-10-05 02:28:22,6500.0,100.0,233000.0
668,2021-10-05 02:28:22,6500.0,300.0,232900.0
669,2021-10-05 02:28:22,6500.0,800.0,232600.0
670,2021-10-05 02:28:15,6500.0,1400.0,231800.0
671,2021-10-05 02:28:15,6500.0,10000.0,230400.0
672,2021-10-05 02:28:15,6500.0,7600.0,220400.0
673,2021-10-05 02:28:11,6500.0,100.0,212800.0
674,2021-10-05 02:27:44,6500.0,400.0,212700.0
675,2021-10-05 02:27:37,6540.0,300.0,212300.0
676,2021-10-05 02:27:37,6520.0,300.0,212000.0
677,2021-10-05 02:27:26,6500.0,10000.0,211700.0
678,2021-10-05 02:27:26,6500.0,1900.0,201700.0
679,2021-10-05 02:27:17,6500.0,300.0,199800.0
680,2021-10-05 02:27:11,6500.0,700.0,199500.0
681,2021-10-05 02:27:08,6500.0,100.0,198800.0
682,2021-10-05 02:26:47,6500.0,100.0,198700.0
683,2021-10-05 02:26:47,6500.0,200.0,198600.0
684,2021-10-05 02:26:47,6500.0,100.0,198400.0
685,2021-10-05 02:26:47,6500.0,2000.0,198300.0
686,2021-10-05 02:26:47,6500.0,100.0,196300.0
687,2021-10-05 02:26:47,6500.0,300.0,196200.0
688,2021-10-05 02:26:47,6500.0,3500.0,195900.0
689,2021-10-05 02:26:47,6500.0,1500.0,192400.0
690,2021-10-05 02:26:47,6520.0,1000.0,190900.0
691,2021-10-05 02:26:47,6520.0,1200.0,189900.0
692,2021-10-05 02:26:36,6540.0,200.0,188700.0
693,2021-10-05 02:26:25,6540.0,500.0,188500.0
694,2021-10-05 02:26:22,6540.0,100.0,188000.0
695,2021-10-05 02:26:22,6540.0,500.0,187900.0
696,2021-10-05 02:26:22,6540.0,1000.0,187400.0
697,2021-10-05 02:26:22,6540.0,300.0,186400.0
698,2021-10-05 02:26:22,6540.0,1400.0,186100.0
699,2021-10-05 02:26:10,6520.0,100.0,184700.0
700,2021-10-05 02:26:00,6540.0,100.0,184600.0
701,2021-10-05 02:25:58,6540.0,300.0,184500.0
702,2021-10-05 02:25:44,6540.0,100.0,184200.0
703,2021-10-05 02:25:43,6540.0,200.0,184100.0
704,2021-10-05 02:25:37,6540.0,100.0,183900.0
705,2021-10-05 02:25:15,6540.0,1000.0,183800.0
706,2021-10-05 02:25:14,6540.0,4300.0,182800.0
707,2021-10-05 02:25:14,6530.0,100.0,178500.0
708,2021-10-05 02:25:14,6530.0,6100.0,178400.0
709,2021-10-05 02:24:53,6530.0,1900.0,172300.0
710,2021-10-05 02:24:42,6530.0,5200.0,170400.0
711,2021-10-05 02:24:41,6530.0,900.0,165200.0
712,2021-10-05 02:24:41,6510.0,2000.0,164300.0
713,2021-10-05 02:24:40,6510.0,100.0,162300.0
714,2021-10-05 02:24:40,6510.0,300.0,162200.0
715,2021-10-05 02:24:40,6520.0,100.0,161900.0
716,2021-10-05 02:24:40,6520.0,500.0,161800.0
717,2021-10-05 02:24:28,6520.0,100.0,161300.0
718,2021-10-05 02:24:19,6530.0,100.0,161200.0
719,2021-10-05 02:24:06,6540.0,1500.0,161100.0
720,2021-10-05 02:24:06,6540.0,1000.0,159600.0
721,2021-10-05 02:24:06,6540.0,100.0,158600.0
722,2021-10-05 02:24:06,6530.0,400.0,158500.0
723,2021-10-05 02:24:06,6520.0,3000.0,158100.0
724,2021-10-05 02:23:13,6540.0,100.0,155100.0
725,2021-10-05 02:23:00,6540.0,1000.0,155000.0
726,2021-10-05 02:22:55,6500.0,900.0,154000.0
727,2021-10-05 02:22:39,6500.0,100.0,153100.0
728,2021-10-05 02:22:39,6500.0,1000.0,153000.0
729,2021-10-05 02:22:39,6500.0,20000.0,152000.0
730,2021-10-05 02:22:39,6500.0,500.0,132000.0
731,2021-10-05 02:22:39,6510.0,3400.0,131500.0
732,2021-10-05 02:22:31,6540.0,400.0,128100.0
733,2021-10-05 02:22:24,6510.0,1500.0,127700.0
734,2021-10-05 02:22:24,6560.0,1500.0,126200.0
735,2021-10-05 02:22:22,6550.0,1000.0,124700.0
736,2021-10-05 02:22:22,6540.0,900.0,123700.0
737,2021-10-05 02:22:11,6540.0,100.0,122800.0
738,2021-10-05 02:22:06,6540.0,2000.0,122700.0
739,2021-10-05 02:21:52,6540.0,7000.0,120700.0
740,2021-10-05 02:21:52,6540.0,2000.0,113700.0
741,2021-10-05 02:21:46,6510.0,100.0,111700.0
742,2021-10-05 02:21:46,6510.0,500.0,111600.0
743,2021-10-05 02:21:39,6540.0,1000.0,111100.0
744,2021-10-05 02:21:27,6500.0,100.0,110100.0
745,2021-10-05 02:21:26,6500.0,500.0,110000.0
746,2021-10-05 02:21:22,6500.0,300.0,109500.0
747,2021-10-05 02:21:17,6500.0,1700.0,109200.0
748,2021-10-05 02:21:08,6500.0,200.0,107500.0
749,2021-10-05 02:21:08,6500.0,23000.0,107300.0
750,2021-10-05 02:21:08,6500.0,2000.0,84300.0
751,2021-10-05 02:20:56,6500.0,2000.0,82300.0
752,2021-10-05 02:20:56,6500.0,5000.0,80300.0
753,2021-10-05 02:20:56,6500.0,300.0,75300.0
754,2021-10-05 02:20:56,6500.0,400.0,75000.0
755,2021-10-05 02:20:56,6500.0,800.0,74600.0
756,2021-10-05 02:20:56,6490.0,900.0,73800.0
757,2021-10-05 02:20:56,6480.0,1000.0,72900.0
758,2021-10-05 02:20:56,6480.0,5200.0,71900.0
759,2021-10-05 02:20:56,6480.0,2400.0,66700.0
760,2021-10-05 02:20:51,6480.0,100.0,64300.0
761,2021-10-05 02:20:38,6480.0,100.0,64200.0
762,2021-10-05 02:20:37,6480.0,100.0,64100.0
763,2021-10-05 02:20:36,6480.0,300.0,64000.0
764,2021-10-05 02:20:34,6480.0,500.0,63700.0
765,2021-10-05 02:20:18,6480.0,1000.0,63200.0
766,2021-10-05 02:19:52,6480.0,4900.0,62200.0
767,2021-10-05 02:19:52,6450.0,100.0,57300.0
768,2021-10-05 02:19:52,6450.0,200.0,57200.0
769,2021-10-05 02:19:52,6450.0,14700.0,57000.0
770,2021-10-05 02:19:44,6480.0,600.0,42300.0
771,2021-10-05 02:19:44,6470.0,200.0,41700.0
772,2021-10-05 02:19:34,6450.0,100.0,41500.0
773,2021-10-05 02:19:34,6450.0,200.0,41400.0
774,2021-10-05 02:18:53,6450.0,100.0,41200.0
775,2021-10-05 02:18:41,6450.0,300.0,41100.0
776,2021-10-05 02:18:35,6450.0,2400.0,40800.0
777,2021-10-05 02:18:29,6450.0,1000.0,38400.0
778,2021-10-05 02:18:29,6400.0,4000.0,37400.0
779,2021-10-05 02:18:23,6400.0,7600.0,33400.0
780,2021-10-05 02:18:23,6400.0,2400.0,25800.0
781,2021-10-05 02:17:57,6400.0,100.0,23400.0
782,2021-10-05 02:17:39,6400.0,100.0,23300.0
783,2021-10-05 02:17:39,6400.0,400.0,23200.0
784,2021-10-05 02:16:58,6400.0,100.0,22800.0
785,2021-10-05 02:16:58,6380.0,400.0,22700.0
786,2021-10-05 02:16:40,6350.0,2100.0,22300.0
787,2021-10-05 02:16:21,6350.0,2000.0,20200.0
788,2021-10-05 02:15:55,6350.0,200.0,18200.0
789,2021-10-05 02:15:37,6350.0,5000.0,18000.0
790,2021-10-05 02:15:08,6350.0,200.0,13000.0
791,2021-10-05 02:15:00,6380.0,3800.0,12800.0
792,2021-10-05 02:15:00,6380.0,500.0,9000.0
793,2021-10-05 02:15:00,6380.0,100.0,8500.0
794,2021-10-05 02:15:00,6380.0,100.0,8400.0
795,2021-10-05 02:15:00,6380.0,100.0,8300.0
796,2021-10-05 02:15:00,6380.0,3000.0,8200.0
797,2021-10-05 02:15:00,6380.0,200.0,5200.0
798,2021-10-05 02:15:00,6380.0,2000.0,5000.0
799,2021-10-05 02:15:00,6380.0,200.0,3000.0
800,2021-10-05 02:15:00,6380.0,300.0,2800.0
801,2021-10-05 02:15:00,6380.0,500.0,2500.0
802,2021-10-05 02:15:00,6380.0,600.0,2000.0
803,2021-10-05 02:15:00,6380.0,1400.0,1400.0
