,Time,Price,Volume_per_trade,Volume
0,2021-10-01 14:45:01,57700.0,1000.0,4775900.0
1,2021-10-01 14:45:01,57700.0,100.0,4774900.0
2,2021-10-01 14:45:01,57700.0,300.0,4774800.0
3,2021-10-01 14:45:01,57700.0,200.0,4774500.0
4,2021-10-01 14:45:01,57700.0,200.0,4774300.0
5,2021-10-01 14:45:01,57700.0,400.0,4774100.0
6,2021-10-01 14:45:01,57700.0,200.0,4773700.0
7,2021-10-01 14:45:01,57700.0,200.0,4773500.0
8,2021-10-01 14:45:01,57700.0,300.0,4773300.0
9,2021-10-01 14:45:01,57700.0,200.0,4773000.0
10,2021-10-01 14:45:01,57700.0,2000.0,4772800.0
11,2021-10-01 14:45:01,57700.0,3000.0,4770800.0
12,2021-10-01 14:45:01,57700.0,1000.0,4767800.0
13,2021-10-01 14:45:01,57700.0,1000.0,4766800.0
14,2021-10-01 14:45:01,57700.0,100.0,4765800.0
15,2021-10-01 14:45:01,57700.0,100.0,4765700.0
16,2021-10-01 14:45:01,57700.0,100.0,4765600.0
17,2021-10-01 14:45:01,57700.0,100.0,4765500.0
18,2021-10-01 14:45:01,57700.0,300.0,4765400.0
19,2021-10-01 14:45:01,57700.0,100.0,4765100.0
20,2021-10-01 14:45:01,57700.0,300.0,4765000.0
21,2021-10-01 14:45:01,57700.0,200.0,4764700.0
22,2021-10-01 14:45:01,57700.0,300.0,4764500.0
23,2021-10-01 14:45:01,57700.0,900.0,4764200.0
24,2021-10-01 14:45:01,57700.0,100.0,4763300.0
25,2021-10-01 14:45:01,57700.0,100.0,4763200.0
26,2021-10-01 14:45:01,57700.0,200.0,4763100.0
27,2021-10-01 14:45:01,57700.0,100.0,4762900.0
28,2021-10-01 14:45:01,57700.0,300.0,4762800.0
29,2021-10-01 14:45:01,57700.0,100.0,4762500.0
30,2021-10-01 14:45:01,57700.0,100.0,4762400.0
31,2021-10-01 14:45:01,57700.0,200.0,4762300.0
32,2021-10-01 14:45:01,57700.0,800.0,4762100.0
33,2021-10-01 14:45:01,57700.0,200.0,4761300.0
34,2021-10-01 14:45:01,57700.0,1200.0,4761100.0
35,2021-10-01 14:45:01,57700.0,600.0,4759900.0
36,2021-10-01 14:45:01,57700.0,500.0,4759300.0
37,2021-10-01 14:45:01,57700.0,100.0,4758800.0
38,2021-10-01 14:45:01,57700.0,100.0,4758700.0
39,2021-10-01 14:45:01,57700.0,100.0,4758600.0
40,2021-10-01 14:45:01,57700.0,300.0,4758500.0
41,2021-10-01 14:45:01,57700.0,100.0,4758200.0
42,2021-10-01 14:45:01,57700.0,500.0,4758100.0
43,2021-10-01 14:45:01,57700.0,3000.0,4757600.0
44,2021-10-01 14:45:01,57700.0,200.0,4754600.0
45,2021-10-01 14:45:01,57700.0,1900.0,4754400.0
46,2021-10-01 14:45:01,57700.0,2000.0,4752500.0
47,2021-10-01 14:45:01,57700.0,100.0,4750500.0
48,2021-10-01 14:45:01,57700.0,1000.0,4750400.0
49,2021-10-01 14:45:01,57700.0,500.0,4749400.0
50,2021-10-01 14:45:01,57700.0,100.0,4748900.0
51,2021-10-01 14:45:01,57700.0,300.0,4748800.0
52,2021-10-01 14:45:01,57700.0,200.0,4748500.0
53,2021-10-01 14:45:01,57700.0,100.0,4748300.0
54,2021-10-01 14:45:01,57700.0,1000.0,4748200.0
55,2021-10-01 14:45:01,57700.0,100.0,4747200.0
56,2021-10-01 14:45:01,57700.0,100.0,4747100.0
57,2021-10-01 14:45:01,57700.0,3000.0,4747000.0
58,2021-10-01 14:45:01,57700.0,100.0,4744000.0
59,2021-10-01 14:45:01,57700.0,900.0,4743900.0
60,2021-10-01 14:45:01,57700.0,500.0,4743000.0
61,2021-10-01 14:45:01,57700.0,200.0,4742500.0
62,2021-10-01 14:45:01,57700.0,1600.0,4742300.0
63,2021-10-01 14:45:01,57700.0,100.0,4740700.0
64,2021-10-01 14:45:01,57700.0,300.0,4740600.0
65,2021-10-01 14:45:01,57700.0,2000.0,4740300.0
66,2021-10-01 14:45:01,57700.0,100.0,4738300.0
67,2021-10-01 14:45:01,57700.0,300.0,4738200.0
68,2021-10-01 14:45:01,57700.0,300.0,4737900.0
69,2021-10-01 14:45:01,57700.0,200.0,4737600.0
70,2021-10-01 14:45:01,57700.0,800.0,4737400.0
71,2021-10-01 14:45:01,57700.0,800.0,4736600.0
72,2021-10-01 14:45:01,57700.0,1000.0,4735800.0
73,2021-10-01 14:45:01,57700.0,900.0,4734800.0
74,2021-10-01 14:45:01,57700.0,400.0,4733900.0
75,2021-10-01 14:45:01,57700.0,100.0,4733500.0
76,2021-10-01 14:45:01,57700.0,600.0,4733400.0
77,2021-10-01 14:45:01,57700.0,200.0,4732800.0
78,2021-10-01 14:45:01,57700.0,200.0,4732600.0
79,2021-10-01 14:45:01,57700.0,400.0,4732400.0
80,2021-10-01 14:45:01,57700.0,100.0,4732000.0
81,2021-10-01 14:45:01,57700.0,800.0,4731900.0
82,2021-10-01 14:45:01,57700.0,100.0,4731100.0
83,2021-10-01 14:45:01,57700.0,500.0,4731000.0
84,2021-10-01 14:45:01,57700.0,1900.0,4730500.0
85,2021-10-01 14:45:01,57700.0,1000.0,4728600.0
86,2021-10-01 14:45:01,57700.0,800.0,4727600.0
87,2021-10-01 14:45:01,57700.0,1000.0,4726800.0
88,2021-10-01 14:45:01,57700.0,2900.0,4725800.0
89,2021-10-01 14:45:01,57700.0,2100.0,4722900.0
90,2021-10-01 14:45:01,57700.0,200.0,4720800.0
91,2021-10-01 14:45:01,57700.0,1000.0,4720600.0
92,2021-10-01 14:45:01,57700.0,500.0,4719600.0
93,2021-10-01 14:45:01,57700.0,800.0,4719100.0
94,2021-10-01 14:45:01,57700.0,200.0,4718300.0
95,2021-10-01 14:45:01,57700.0,200.0,4718100.0
96,2021-10-01 14:45:01,57700.0,300.0,4717900.0
97,2021-10-01 14:45:01,57700.0,10700.0,4717600.0
98,2021-10-01 14:45:01,57700.0,4700.0,4706900.0
99,2021-10-01 14:45:01,57700.0,1000.0,4702200.0
100,2021-10-01 14:45:01,57700.0,100.0,4701200.0
101,2021-10-01 14:45:01,57700.0,1000.0,4701100.0
102,2021-10-01 14:45:01,57700.0,100.0,4700100.0
103,2021-10-01 14:45:01,57700.0,100.0,4700000.0
104,2021-10-01 14:45:01,57700.0,1000.0,4699900.0
105,2021-10-01 14:45:01,57700.0,500.0,4698900.0
106,2021-10-01 14:45:01,57700.0,300.0,4698400.0
107,2021-10-01 14:45:01,57700.0,500.0,4698100.0
108,2021-10-01 14:45:01,57700.0,100.0,4697600.0
109,2021-10-01 14:45:01,57700.0,1400.0,4697500.0
110,2021-10-01 14:45:01,57700.0,300.0,4696100.0
111,2021-10-01 14:45:01,57700.0,300.0,4695800.0
112,2021-10-01 14:45:01,57700.0,300.0,4695500.0
113,2021-10-01 14:45:01,57700.0,400.0,4695200.0
114,2021-10-01 14:45:01,57700.0,1000.0,4694800.0
115,2021-10-01 14:45:01,57700.0,100.0,4693800.0
116,2021-10-01 14:45:01,57700.0,500.0,4693700.0
117,2021-10-01 14:45:01,57700.0,100.0,4693200.0
118,2021-10-01 14:45:01,57700.0,300.0,4693100.0
119,2021-10-01 14:45:01,57700.0,300.0,4692800.0
120,2021-10-01 14:45:01,57700.0,1000.0,4692500.0
121,2021-10-01 14:45:01,57700.0,300.0,4691500.0
122,2021-10-01 14:45:01,57700.0,3000.0,4691200.0
123,2021-10-01 14:45:01,57700.0,6700.0,4688200.0
124,2021-10-01 14:45:01,57700.0,500.0,4681500.0
125,2021-10-01 14:45:01,57700.0,100.0,4681000.0
126,2021-10-01 14:45:01,57700.0,100.0,4680900.0
127,2021-10-01 14:45:01,57700.0,100.0,4680800.0
128,2021-10-01 14:45:01,57700.0,1000.0,4680700.0
129,2021-10-01 14:45:01,57700.0,1000.0,4679700.0
130,2021-10-01 14:45:01,57700.0,200.0,4678700.0
131,2021-10-01 14:45:01,57700.0,1000.0,4678500.0
132,2021-10-01 14:45:01,57700.0,500.0,4677500.0
133,2021-10-01 14:45:01,57700.0,200.0,4677000.0
134,2021-10-01 14:45:01,57700.0,5000.0,4676800.0
135,2021-10-01 14:45:01,57700.0,3000.0,4671800.0
136,2021-10-01 14:45:01,57700.0,200.0,4668800.0
137,2021-10-01 14:45:01,57700.0,100.0,4668600.0
138,2021-10-01 14:45:01,57700.0,500.0,4668500.0
139,2021-10-01 14:45:01,57700.0,500.0,4668000.0
140,2021-10-01 14:45:01,57700.0,100.0,4667500.0
141,2021-10-01 14:45:01,57700.0,600.0,4667400.0
142,2021-10-01 14:45:01,57700.0,1000.0,4666800.0
143,2021-10-01 14:45:01,57700.0,300.0,4665800.0
144,2021-10-01 14:45:01,57700.0,500.0,4665500.0
145,2021-10-01 14:45:01,57700.0,500.0,4665000.0
146,2021-10-01 14:45:01,57700.0,300.0,4664500.0
147,2021-10-01 14:45:01,57700.0,3000.0,4664200.0
148,2021-10-01 14:45:01,57700.0,300.0,4661200.0
149,2021-10-01 14:45:01,57700.0,5000.0,4660900.0
150,2021-10-01 14:45:01,57700.0,200.0,4655900.0
151,2021-10-01 14:45:01,57700.0,5000.0,4655700.0
152,2021-10-01 14:45:01,57700.0,5000.0,4650700.0
153,2021-10-01 14:45:01,57700.0,200.0,4645700.0
154,2021-10-01 14:45:01,57700.0,5000.0,4645500.0
155,2021-10-01 14:45:01,57700.0,5000.0,4640500.0
156,2021-10-01 14:45:01,57700.0,2300.0,4635500.0
157,2021-10-01 14:45:01,57700.0,2700.0,4633200.0
158,2021-10-01 14:45:01,57700.0,5000.0,4630500.0
159,2021-10-01 14:45:01,57700.0,2300.0,4625500.0
160,2021-10-01 14:45:01,57700.0,2700.0,4623200.0
161,2021-10-01 14:45:01,57700.0,6000.0,4620500.0
162,2021-10-01 14:45:01,57700.0,3200.0,4614500.0
163,2021-10-01 14:45:01,57700.0,600.0,4611300.0
164,2021-10-01 14:45:01,57700.0,1200.0,4610700.0
165,2021-10-01 14:45:01,57700.0,3700.0,4609500.0
166,2021-10-01 14:45:01,57700.0,1300.0,4605800.0
167,2021-10-01 14:45:01,57700.0,200.0,4604500.0
168,2021-10-01 14:45:01,57700.0,300.0,4604300.0
169,2021-10-01 14:45:01,57700.0,300.0,4604000.0
170,2021-10-01 14:45:01,57700.0,100.0,4603700.0
171,2021-10-01 14:45:01,57700.0,2500.0,4603600.0
172,2021-10-01 14:45:01,57700.0,200.0,4601100.0
173,2021-10-01 14:45:01,57700.0,100.0,4600900.0
174,2021-10-01 14:45:01,57700.0,100.0,4600800.0
175,2021-10-01 14:45:01,57700.0,100.0,4600700.0
176,2021-10-01 14:45:01,57700.0,100.0,4600600.0
177,2021-10-01 14:45:01,57700.0,500.0,4600500.0
178,2021-10-01 14:45:01,57700.0,4000.0,4600000.0
179,2021-10-01 14:45:01,57700.0,200.0,4596000.0
180,2021-10-01 14:45:01,57700.0,500.0,4595800.0
181,2021-10-01 14:45:01,57700.0,4300.0,4595300.0
182,2021-10-01 14:45:01,57700.0,300.0,4591000.0
183,2021-10-01 14:45:01,57700.0,100.0,4590700.0
184,2021-10-01 14:45:01,57700.0,300.0,4590600.0
185,2021-10-01 14:45:01,57700.0,700.0,4590300.0
186,2021-10-01 14:45:01,57700.0,2300.0,4589600.0
187,2021-10-01 14:45:01,57700.0,1000.0,4587300.0
188,2021-10-01 14:45:01,57700.0,1700.0,4586300.0
189,2021-10-01 14:45:01,57700.0,100.0,4584600.0
190,2021-10-01 14:45:01,57700.0,200.0,4584500.0
191,2021-10-01 14:45:01,57700.0,100.0,4584300.0
192,2021-10-01 14:45:01,57700.0,100.0,4584200.0
193,2021-10-01 14:45:01,57700.0,200.0,4584100.0
194,2021-10-01 14:45:01,57700.0,100.0,4583900.0
195,2021-10-01 14:45:01,57700.0,500.0,4583800.0
196,2021-10-01 14:45:01,57700.0,1100.0,4583300.0
197,2021-10-01 14:45:01,57700.0,100.0,4582200.0
198,2021-10-01 14:45:01,57700.0,100.0,4582100.0
199,2021-10-01 14:45:01,57700.0,200.0,4582000.0
200,2021-10-01 14:45:01,57700.0,100.0,4581800.0
201,2021-10-01 14:45:01,57700.0,100.0,4581700.0
202,2021-10-01 14:45:01,57700.0,200.0,4581600.0
203,2021-10-01 14:45:01,57700.0,200.0,4581400.0
204,2021-10-01 14:45:01,57700.0,500.0,4581200.0
205,2021-10-01 14:45:01,57700.0,2400.0,4580700.0
206,2021-10-01 14:45:01,57700.0,1100.0,4578300.0
207,2021-10-01 14:45:01,57700.0,400.0,4577200.0
208,2021-10-01 14:45:01,57700.0,100.0,4576800.0
209,2021-10-01 14:45:01,57700.0,100.0,4576700.0
210,2021-10-01 14:45:01,57700.0,300.0,4576600.0
211,2021-10-01 14:45:01,57700.0,100.0,4576300.0
212,2021-10-01 14:45:01,57700.0,500.0,4576200.0
213,2021-10-01 14:45:01,57700.0,300.0,4575700.0
214,2021-10-01 14:45:01,57700.0,1400.0,4575400.0
215,2021-10-01 14:45:01,57700.0,4500.0,4574000.0
216,2021-10-01 14:45:01,57700.0,100.0,4569500.0
217,2021-10-01 14:45:01,57700.0,100.0,4569400.0
218,2021-10-01 14:45:01,57700.0,500.0,4569300.0
219,2021-10-01 14:45:01,57700.0,1000.0,4568800.0
220,2021-10-01 14:45:01,57700.0,1000.0,4567800.0
221,2021-10-01 14:45:01,57700.0,800.0,4566800.0
222,2021-10-01 14:45:01,57700.0,200.0,4566000.0
223,2021-10-01 14:45:01,57700.0,1000.0,4565800.0
224,2021-10-01 14:45:01,57700.0,400.0,4564800.0
225,2021-10-01 14:45:01,57700.0,100.0,4564400.0
226,2021-10-01 14:45:01,57700.0,1000.0,4564300.0
227,2021-10-01 14:45:01,57700.0,600.0,4563300.0
228,2021-10-01 14:45:01,57700.0,5000.0,4562700.0
229,2021-10-01 14:45:01,57700.0,500.0,4557700.0
230,2021-10-01 14:45:01,57700.0,200.0,4557200.0
231,2021-10-01 14:45:01,57700.0,500.0,4557000.0
232,2021-10-01 14:45:01,57700.0,200.0,4556500.0
233,2021-10-01 14:45:01,57700.0,400.0,4556300.0
234,2021-10-01 14:45:01,57700.0,800.0,4555900.0
235,2021-10-01 14:45:01,57700.0,6800.0,4555100.0
236,2021-10-01 14:45:01,57700.0,100.0,4548300.0
237,2021-10-01 14:45:01,57700.0,3100.0,4548200.0
238,2021-10-01 14:45:01,57700.0,1200.0,4545100.0
239,2021-10-01 14:45:01,57700.0,300.0,4543900.0
240,2021-10-01 14:45:01,57700.0,400.0,4543600.0
241,2021-10-01 14:45:01,57700.0,100.0,4543200.0
242,2021-10-01 14:45:01,57700.0,200.0,4543100.0
243,2021-10-01 14:45:01,57700.0,1000.0,4542900.0
244,2021-10-01 14:45:01,57700.0,1000.0,4541900.0
245,2021-10-01 14:45:01,57700.0,2000.0,4540900.0
246,2021-10-01 14:45:01,57700.0,100.0,4538900.0
247,2021-10-01 14:45:01,57700.0,200.0,4538800.0
248,2021-10-01 14:45:01,57700.0,200.0,4538600.0
249,2021-10-01 14:45:01,57700.0,600.0,4538400.0
250,2021-10-01 14:45:01,57700.0,1500.0,4537800.0
251,2021-10-01 14:45:01,57700.0,900.0,4536300.0
252,2021-10-01 14:45:01,57700.0,1400.0,4535400.0
253,2021-10-01 14:45:01,57700.0,2000.0,4534000.0
254,2021-10-01 14:45:01,57700.0,500.0,4532000.0
255,2021-10-01 14:45:01,57700.0,700.0,4531500.0
256,2021-10-01 14:45:01,57700.0,5000.0,4530800.0
257,2021-10-01 14:45:01,57700.0,5000.0,4525800.0
258,2021-10-01 14:45:01,57700.0,100.0,4520800.0
259,2021-10-01 14:45:01,57700.0,3000.0,4520700.0
260,2021-10-01 14:45:01,57700.0,2300.0,4517700.0
261,2021-10-01 14:45:01,57700.0,500.0,4515400.0
262,2021-10-01 14:45:01,57700.0,1000.0,4514900.0
263,2021-10-01 14:45:01,57700.0,100.0,4513900.0
264,2021-10-01 14:45:01,57700.0,800.0,4513800.0
265,2021-10-01 14:45:01,57700.0,1200.0,4513000.0
266,2021-10-01 14:45:01,57700.0,100.0,4511800.0
267,2021-10-01 14:45:01,57700.0,500.0,4511700.0
268,2021-10-01 14:45:01,57700.0,200.0,4511200.0
269,2021-10-01 14:45:01,57700.0,300.0,4511000.0
270,2021-10-01 14:45:01,57700.0,700.0,4510700.0
271,2021-10-01 14:45:01,57700.0,500.0,4510000.0
272,2021-10-01 14:45:01,57700.0,800.0,4509500.0
273,2021-10-01 14:45:01,57700.0,500.0,4508700.0
274,2021-10-01 14:45:01,57700.0,1000.0,4508200.0
275,2021-10-01 14:45:01,57700.0,200.0,4507200.0
276,2021-10-01 14:45:01,57700.0,500.0,4507000.0
277,2021-10-01 14:45:01,57700.0,500.0,4506500.0
278,2021-10-01 14:45:01,57700.0,100.0,4506000.0
279,2021-10-01 14:45:01,57700.0,100.0,4505900.0
280,2021-10-01 14:45:01,57700.0,100.0,4505800.0
281,2021-10-01 14:45:01,57700.0,100.0,4505700.0
282,2021-10-01 14:45:01,57700.0,900.0,4505600.0
283,2021-10-01 14:45:01,57700.0,100.0,4504700.0
284,2021-10-01 14:45:01,57700.0,400.0,4504600.0
285,2021-10-01 14:45:01,57700.0,100.0,4504200.0
286,2021-10-01 14:45:01,57700.0,500.0,4504100.0
287,2021-10-01 14:45:01,57700.0,300.0,4503600.0
288,2021-10-01 14:45:01,57700.0,600.0,4503300.0
289,2021-10-01 14:45:01,57700.0,200.0,4502700.0
290,2021-10-01 14:45:01,57700.0,100.0,4502500.0
291,2021-10-01 14:45:01,57700.0,1400.0,4502400.0
292,2021-10-01 14:45:01,57700.0,600.0,4501000.0
293,2021-10-01 14:45:01,57700.0,500.0,4500400.0
294,2021-10-01 14:45:01,57700.0,2500.0,4499900.0
295,2021-10-01 14:45:01,57700.0,5000.0,4497400.0
296,2021-10-01 14:45:01,57700.0,1000.0,4492400.0
297,2021-10-01 14:45:01,57700.0,1100.0,4491400.0
298,2021-10-01 14:45:01,57700.0,400.0,4490300.0
299,2021-10-01 14:45:01,57700.0,1600.0,4489900.0
300,2021-10-01 14:45:01,57700.0,500.0,4488300.0
301,2021-10-01 14:45:01,57700.0,200.0,4487800.0
302,2021-10-01 14:45:01,57700.0,500.0,4487600.0
303,2021-10-01 14:45:01,57700.0,100.0,4487100.0
304,2021-10-01 14:45:01,57700.0,100.0,4487000.0
305,2021-10-01 14:45:01,57700.0,100.0,4486900.0
306,2021-10-01 14:45:01,57700.0,800.0,4486800.0
307,2021-10-01 14:45:01,57700.0,500.0,4486000.0
308,2021-10-01 14:45:01,57700.0,200.0,4485500.0
309,2021-10-01 14:45:01,57700.0,1000.0,4485300.0
310,2021-10-01 14:45:01,57700.0,100.0,4484300.0
311,2021-10-01 14:45:01,57700.0,300.0,4484200.0
312,2021-10-01 14:45:01,57700.0,800.0,4483900.0
313,2021-10-01 14:45:01,57700.0,100.0,4483100.0
314,2021-10-01 14:45:01,57700.0,100.0,4483000.0
315,2021-10-01 14:45:01,57700.0,800.0,4482900.0
316,2021-10-01 14:45:01,57700.0,100.0,4482100.0
317,2021-10-01 14:45:01,57700.0,600.0,4482000.0
318,2021-10-01 14:45:01,57700.0,1200.0,4481400.0
319,2021-10-01 14:45:01,57700.0,200.0,4480200.0
320,2021-10-01 14:45:01,57700.0,500.0,4480000.0
321,2021-10-01 14:45:01,57700.0,100.0,4479500.0
322,2021-10-01 14:45:01,57700.0,2000.0,4479400.0
323,2021-10-01 14:45:01,57700.0,2000.0,4477400.0
324,2021-10-01 14:45:01,57700.0,1000.0,4475400.0
325,2021-10-01 14:45:01,57700.0,600.0,4474400.0
326,2021-10-01 14:45:01,57700.0,400.0,4473800.0
327,2021-10-01 14:45:01,57700.0,500.0,4473400.0
328,2021-10-01 14:45:01,57700.0,100.0,4472900.0
329,2021-10-01 14:45:01,57700.0,100.0,4472800.0
330,2021-10-01 14:45:01,57700.0,100.0,4472700.0
331,2021-10-01 14:45:01,57700.0,100.0,4472600.0
332,2021-10-01 14:30:00,58100.0,500.0,4472500.0
333,2021-10-01 14:29:57,58100.0,500.0,4472000.0
334,2021-10-01 14:29:56,58100.0,800.0,4471500.0
335,2021-10-01 14:29:55,58100.0,400.0,4470700.0
336,2021-10-01 14:29:50,58100.0,500.0,4470300.0
337,2021-10-01 14:29:50,58100.0,100.0,4469800.0
338,2021-10-01 14:29:50,58100.0,300.0,4469700.0
339,2021-10-01 14:29:50,58100.0,4100.0,4469400.0
340,2021-10-01 14:29:49,58000.0,500.0,4465300.0
341,2021-10-01 14:29:46,58100.0,200.0,4464800.0
342,2021-10-01 14:29:44,58100.0,5000.0,4464600.0
343,2021-10-01 14:29:43,58100.0,1200.0,4459600.0
344,2021-10-01 14:29:42,58100.0,100.0,4458400.0
345,2021-10-01 14:29:40,58100.0,3000.0,4458300.0
346,2021-10-01 14:29:40,58100.0,100.0,4455300.0
347,2021-10-01 14:29:37,58100.0,300.0,4455200.0
348,2021-10-01 14:29:35,58100.0,1000.0,4454900.0
349,2021-10-01 14:29:35,58000.0,200.0,4453900.0
350,2021-10-01 14:29:35,58100.0,500.0,4453700.0
351,2021-10-01 14:29:33,58100.0,500.0,4453200.0
352,2021-10-01 14:29:33,58000.0,200.0,4452700.0
353,2021-10-01 14:29:26,58100.0,1000.0,4452500.0
354,2021-10-01 14:29:24,58100.0,1500.0,4451500.0
355,2021-10-01 14:29:17,58100.0,1000.0,4450000.0
356,2021-10-01 14:29:15,58100.0,500.0,4449000.0
357,2021-10-01 14:29:15,58100.0,100.0,4448500.0
358,2021-10-01 14:29:15,58100.0,2400.0,4448400.0
359,2021-10-01 14:29:11,58100.0,2600.0,4446000.0
360,2021-10-01 14:29:11,58100.0,200.0,4443400.0
361,2021-10-01 14:28:58,58000.0,600.0,4443200.0
362,2021-10-01 14:28:47,58000.0,500.0,4442600.0
363,2021-10-01 14:28:47,58000.0,300.0,4442100.0
364,2021-10-01 14:28:46,58000.0,4700.0,4441800.0
365,2021-10-01 14:28:46,58000.0,300.0,4437100.0
366,2021-10-01 14:28:46,58000.0,100.0,4436800.0
367,2021-10-01 14:28:46,58000.0,100.0,4436700.0
368,2021-10-01 14:28:46,58000.0,1000.0,4436600.0
369,2021-10-01 14:28:46,58000.0,1000.0,4435600.0
370,2021-10-01 14:28:46,58000.0,2800.0,4434600.0
371,2021-10-01 14:28:45,58000.0,1000.0,4431800.0
372,2021-10-01 14:28:45,58000.0,1200.0,4430800.0
373,2021-10-01 14:28:45,58000.0,1000.0,4429600.0
374,2021-10-01 14:28:45,58000.0,1000.0,4428600.0
375,2021-10-01 14:28:45,58000.0,1000.0,4427600.0
376,2021-10-01 14:28:44,58000.0,800.0,4426600.0
377,2021-10-01 14:28:41,58000.0,200.0,4425800.0
378,2021-10-01 14:28:41,58000.0,300.0,4425600.0
379,2021-10-01 14:28:41,58000.0,1000.0,4425300.0
380,2021-10-01 14:28:41,58000.0,500.0,4424300.0
381,2021-10-01 14:28:40,58000.0,500.0,4423800.0
382,2021-10-01 14:28:40,58000.0,100.0,4423300.0
383,2021-10-01 14:28:40,58000.0,200.0,4423200.0
384,2021-10-01 14:28:40,58000.0,100.0,4423000.0
385,2021-10-01 14:28:40,58000.0,2000.0,4422900.0
386,2021-10-01 14:28:40,58000.0,100.0,4420900.0
387,2021-10-01 14:28:40,58000.0,600.0,4420800.0
388,2021-10-01 14:28:40,58000.0,3000.0,4420200.0
389,2021-10-01 14:28:40,58000.0,300.0,4417200.0
390,2021-10-01 14:28:40,58000.0,3000.0,4416900.0
391,2021-10-01 14:28:40,58000.0,100.0,4413900.0
392,2021-10-01 14:28:40,58000.0,900.0,4413800.0
393,2021-10-01 14:28:40,58000.0,1500.0,4412900.0
394,2021-10-01 14:28:40,58000.0,500.0,4411400.0
395,2021-10-01 14:28:40,58000.0,2000.0,4410900.0
396,2021-10-01 14:28:40,58000.0,100.0,4408900.0
397,2021-10-01 14:28:29,58000.0,200.0,4408800.0
398,2021-10-01 14:28:20,57900.0,100.0,4408600.0
399,2021-10-01 14:28:18,58000.0,300.0,4408500.0
400,2021-10-01 14:28:18,57900.0,2000.0,4408200.0
401,2021-10-01 14:28:15,58000.0,100.0,4406200.0
402,2021-10-01 14:28:12,58000.0,600.0,4406100.0
403,2021-10-01 14:28:08,57900.0,1000.0,4405500.0
404,2021-10-01 14:28:04,58000.0,100.0,4404500.0
405,2021-10-01 14:28:04,58000.0,100.0,4404400.0
406,2021-10-01 14:28:01,57900.0,1000.0,4404300.0
407,2021-10-01 14:27:59,58000.0,200.0,4403300.0
408,2021-10-01 14:27:59,58000.0,100.0,4403100.0
409,2021-10-01 14:27:56,58000.0,500.0,4403000.0
410,2021-10-01 14:27:53,57900.0,100.0,4402500.0
411,2021-10-01 14:27:52,57900.0,200.0,4402400.0
412,2021-10-01 14:27:49,57900.0,500.0,4402200.0
413,2021-10-01 14:27:47,57900.0,3000.0,4401700.0
414,2021-10-01 14:27:41,57900.0,600.0,4398700.0
415,2021-10-01 14:27:37,57900.0,100.0,4398100.0
416,2021-10-01 14:27:37,57900.0,300.0,4398000.0
417,2021-10-01 14:27:36,57900.0,800.0,4397700.0
418,2021-10-01 14:27:34,57900.0,2000.0,4396900.0
419,2021-10-01 14:27:34,57900.0,3900.0,4394900.0
420,2021-10-01 14:27:34,57900.0,300.0,4391000.0
421,2021-10-01 14:27:34,57900.0,600.0,4390700.0
422,2021-10-01 14:27:34,57900.0,100.0,4390100.0
423,2021-10-01 14:27:34,57900.0,100.0,4390000.0
424,2021-10-01 14:27:34,57900.0,1000.0,4389900.0
425,2021-10-01 14:27:33,57900.0,200.0,4388900.0
426,2021-10-01 14:27:32,57900.0,500.0,4388700.0
427,2021-10-01 14:27:30,57800.0,500.0,4388200.0
428,2021-10-01 14:27:30,57900.0,200.0,4387700.0
429,2021-10-01 14:27:30,57900.0,1000.0,4387500.0
430,2021-10-01 14:27:27,57900.0,500.0,4386500.0
431,2021-10-01 14:27:25,57900.0,1400.0,4386000.0
432,2021-10-01 14:27:23,57900.0,100.0,4384600.0
433,2021-10-01 14:27:23,57900.0,100.0,4384500.0
434,2021-10-01 14:27:15,57800.0,2000.0,4384400.0
435,2021-10-01 14:27:14,57900.0,200.0,4382400.0
436,2021-10-01 14:27:13,57900.0,100.0,4382200.0
437,2021-10-01 14:27:13,57900.0,100.0,4382100.0
438,2021-10-01 14:27:12,57900.0,100.0,4382000.0
439,2021-10-01 14:27:12,57900.0,2000.0,4381900.0
440,2021-10-01 14:27:12,57900.0,1400.0,4379900.0
441,2021-10-01 14:27:11,57900.0,2300.0,4378500.0
442,2021-10-01 14:27:11,57900.0,500.0,4376200.0
443,2021-10-01 14:27:11,57900.0,500.0,4375700.0
444,2021-10-01 14:27:10,57900.0,500.0,4375200.0
445,2021-10-01 14:27:09,57900.0,100.0,4374700.0
446,2021-10-01 14:27:08,57900.0,300.0,4374600.0
447,2021-10-01 14:27:08,57800.0,2000.0,4374300.0
448,2021-10-01 14:27:05,57900.0,100.0,4372300.0
449,2021-10-01 14:27:04,57900.0,200.0,4372200.0
450,2021-10-01 14:27:04,57900.0,8000.0,4372000.0
451,2021-10-01 14:27:04,57900.0,3000.0,4364000.0
452,2021-10-01 14:27:02,57900.0,1000.0,4361000.0
453,2021-10-01 14:27:02,57900.0,400.0,4360000.0
454,2021-10-01 14:27:00,57900.0,1000.0,4359600.0
455,2021-10-01 14:26:59,57900.0,200.0,4358600.0
456,2021-10-01 14:26:53,57900.0,300.0,4358400.0
457,2021-10-01 14:26:45,57900.0,300.0,4358100.0
458,2021-10-01 14:26:43,57900.0,10000.0,4357800.0
459,2021-10-01 14:26:40,57900.0,1100.0,4347800.0
460,2021-10-01 14:26:39,57800.0,100.0,4346700.0
461,2021-10-01 14:26:37,57800.0,3000.0,4346600.0
462,2021-10-01 14:26:34,57900.0,500.0,4343600.0
463,2021-10-01 14:26:33,57900.0,1400.0,4343100.0
464,2021-10-01 14:26:31,57900.0,1000.0,4341700.0
465,2021-10-01 14:26:29,57800.0,1000.0,4340700.0
466,2021-10-01 14:26:28,57900.0,600.0,4339700.0
467,2021-10-01 14:26:25,57900.0,100.0,4339100.0
468,2021-10-01 14:26:16,57900.0,200.0,4339000.0
469,2021-10-01 14:26:13,57900.0,100.0,4338800.0
470,2021-10-01 14:26:08,57800.0,300.0,4338700.0
471,2021-10-01 14:26:08,57900.0,1000.0,4338400.0
472,2021-10-01 14:26:07,57900.0,300.0,4337400.0
473,2021-10-01 14:26:06,57900.0,500.0,4337100.0
474,2021-10-01 14:26:05,57900.0,100.0,4336600.0
475,2021-10-01 14:26:04,57900.0,100.0,4336500.0
476,2021-10-01 14:25:59,57900.0,1000.0,4336400.0
477,2021-10-01 14:25:50,57900.0,300.0,4335400.0
478,2021-10-01 14:25:49,57900.0,500.0,4335100.0
479,2021-10-01 14:25:47,57900.0,100.0,4334600.0
480,2021-10-01 14:25:45,57900.0,500.0,4334500.0
481,2021-10-01 14:25:44,57800.0,100.0,4334000.0
482,2021-10-01 14:25:41,57900.0,1400.0,4333900.0
483,2021-10-01 14:25:37,57900.0,100.0,4332500.0
484,2021-10-01 14:25:25,57800.0,200.0,4332400.0
485,2021-10-01 14:25:17,57800.0,2300.0,4332200.0
486,2021-10-01 14:25:15,57800.0,300.0,4329900.0
487,2021-10-01 14:25:15,57800.0,100.0,4329600.0
488,2021-10-01 14:25:14,57800.0,200.0,4329500.0
489,2021-10-01 14:25:09,57800.0,500.0,4329300.0
490,2021-10-01 14:25:09,57800.0,100.0,4328800.0
491,2021-10-01 14:25:09,57800.0,200.0,4328700.0
492,2021-10-01 14:25:09,57800.0,100.0,4328500.0
493,2021-10-01 14:25:09,57800.0,100.0,4328400.0
494,2021-10-01 14:25:09,57800.0,1100.0,4328300.0
495,2021-10-01 14:25:02,57900.0,100.0,4327200.0
496,2021-10-01 14:25:00,57800.0,500.0,4327100.0
497,2021-10-01 14:24:59,57800.0,1600.0,4326600.0
498,2021-10-01 14:24:58,57800.0,1700.0,4325000.0
499,2021-10-01 14:24:54,57800.0,100.0,4323300.0
500,2021-10-01 14:24:54,57800.0,200.0,4323200.0
501,2021-10-01 14:24:54,57900.0,400.0,4323000.0
502,2021-10-01 14:24:48,57800.0,100.0,4322600.0
503,2021-10-01 14:24:41,57800.0,100.0,4322500.0
504,2021-10-01 14:24:40,57800.0,100.0,4322400.0
505,2021-10-01 14:24:40,57800.0,100.0,4322300.0
506,2021-10-01 14:24:38,57800.0,200.0,4322200.0
507,2021-10-01 14:24:38,57800.0,100.0,4322000.0
508,2021-10-01 14:24:33,57700.0,100.0,4321900.0
509,2021-10-01 14:24:33,57700.0,600.0,4321800.0
510,2021-10-01 14:24:33,57800.0,300.0,4321200.0
511,2021-10-01 14:24:33,57800.0,2000.0,4320900.0
512,2021-10-01 14:24:33,57800.0,200.0,4318900.0
513,2021-10-01 14:24:33,57800.0,500.0,4318700.0
514,2021-10-01 14:24:33,57800.0,1800.0,4318200.0
515,2021-10-01 14:24:31,57800.0,2000.0,4316400.0
516,2021-10-01 14:24:24,57800.0,100.0,4314400.0
517,2021-10-01 14:24:17,57800.0,100.0,4314300.0
518,2021-10-01 14:24:06,57700.0,100.0,4314200.0
519,2021-10-01 14:24:05,57800.0,200.0,4314100.0
520,2021-10-01 14:24:05,57800.0,200.0,4313900.0
521,2021-10-01 14:24:05,57800.0,700.0,4313700.0
522,2021-10-01 14:24:01,57800.0,100.0,4313000.0
523,2021-10-01 14:24:01,57800.0,1000.0,4312900.0
524,2021-10-01 14:24:01,57800.0,200.0,4311900.0
525,2021-10-01 14:23:59,57800.0,300.0,4311700.0
526,2021-10-01 14:23:59,57800.0,500.0,4311400.0
527,2021-10-01 14:23:59,57800.0,500.0,4310900.0
528,2021-10-01 14:23:59,57800.0,1700.0,4310400.0
529,2021-10-01 14:23:59,57800.0,700.0,4308700.0
530,2021-10-01 14:23:55,57800.0,800.0,4308000.0
531,2021-10-01 14:23:50,57800.0,1000.0,4307200.0
532,2021-10-01 14:23:47,57800.0,800.0,4306200.0
533,2021-10-01 14:23:45,57800.0,3000.0,4305400.0
534,2021-10-01 14:23:44,57800.0,300.0,4302400.0
535,2021-10-01 14:23:44,57800.0,1400.0,4302100.0
536,2021-10-01 14:23:44,57800.0,2000.0,4300700.0
537,2021-10-01 14:23:44,57800.0,1000.0,4298700.0
538,2021-10-01 14:23:44,57800.0,1000.0,4297700.0
539,2021-10-01 14:23:44,57800.0,100.0,4296700.0
540,2021-10-01 14:23:44,57800.0,400.0,4296600.0
541,2021-10-01 14:23:44,57800.0,200.0,4296200.0
542,2021-10-01 14:23:42,57900.0,500.0,4296000.0
543,2021-10-01 14:23:36,57800.0,200.0,4295500.0
544,2021-10-01 14:23:36,57800.0,500.0,4295300.0
545,2021-10-01 14:23:36,57800.0,100.0,4294800.0
546,2021-10-01 14:23:36,57800.0,1900.0,4294700.0
547,2021-10-01 14:23:36,57800.0,200.0,4292800.0
548,2021-10-01 14:23:36,57800.0,200.0,4292600.0
549,2021-10-01 14:23:36,57800.0,1000.0,4292400.0
550,2021-10-01 14:23:36,57800.0,100.0,4291400.0
551,2021-10-01 14:23:36,57800.0,500.0,4291300.0
552,2021-10-01 14:23:36,57800.0,200.0,4290800.0
553,2021-10-01 14:23:36,57800.0,200.0,4290600.0
554,2021-10-01 14:23:36,57800.0,100.0,4290400.0
555,2021-10-01 14:23:36,57800.0,100.0,4290300.0
556,2021-10-01 14:23:36,57800.0,200.0,4290200.0
557,2021-10-01 14:23:36,57800.0,100.0,4290000.0
558,2021-10-01 14:23:36,57800.0,100.0,4289900.0
559,2021-10-01 14:23:36,57800.0,500.0,4289800.0
560,2021-10-01 14:23:36,57800.0,500.0,4289300.0
561,2021-10-01 14:23:30,57800.0,200.0,4288800.0
562,2021-10-01 14:23:10,57800.0,1500.0,4288600.0
563,2021-10-01 14:22:59,57900.0,400.0,4287100.0
564,2021-10-01 14:22:59,57900.0,1500.0,4286700.0
565,2021-10-01 14:22:59,57900.0,1000.0,4285200.0
566,2021-10-01 14:22:58,57900.0,500.0,4284200.0
567,2021-10-01 14:22:58,57800.0,500.0,4283700.0
568,2021-10-01 14:22:57,57800.0,5000.0,4283200.0
569,2021-10-01 14:22:53,57800.0,300.0,4278200.0
570,2021-10-01 14:22:52,57800.0,600.0,4277900.0
571,2021-10-01 14:22:52,57900.0,100.0,4277300.0
572,2021-10-01 14:22:51,57900.0,200.0,4277200.0
573,2021-10-01 14:22:51,57900.0,300.0,4277000.0
574,2021-10-01 14:22:47,57900.0,400.0,4276700.0
575,2021-10-01 14:22:47,57900.0,100.0,4276300.0
576,2021-10-01 14:22:41,57800.0,1400.0,4276200.0
577,2021-10-01 14:22:41,57800.0,100.0,4274800.0
578,2021-10-01 14:22:41,57800.0,500.0,4274700.0
579,2021-10-01 14:22:41,57800.0,100.0,4274200.0
580,2021-10-01 14:22:41,57800.0,10000.0,4274100.0
581,2021-10-01 14:22:41,57800.0,100.0,4264100.0
582,2021-10-01 14:22:41,57800.0,100.0,4264000.0
583,2021-10-01 14:22:41,57800.0,400.0,4263900.0
584,2021-10-01 14:22:41,57800.0,1000.0,4263500.0
585,2021-10-01 14:22:41,57800.0,10000.0,4262500.0
586,2021-10-01 14:22:41,57800.0,200.0,4252500.0
587,2021-10-01 14:22:41,57800.0,2000.0,4252300.0
588,2021-10-01 14:22:41,57800.0,1000.0,4250300.0
589,2021-10-01 14:22:41,57800.0,2000.0,4249300.0
590,2021-10-01 14:22:41,57800.0,200.0,4247300.0
591,2021-10-01 14:22:41,57800.0,100.0,4247100.0
592,2021-10-01 14:22:41,57800.0,100.0,4247000.0
593,2021-10-01 14:22:41,57800.0,200.0,4246900.0
594,2021-10-01 14:22:41,57800.0,100.0,4246700.0
595,2021-10-01 14:22:41,57800.0,15000.0,4246600.0
596,2021-10-01 14:22:41,57800.0,1900.0,4231600.0
597,2021-10-01 14:22:41,57800.0,1000.0,4229700.0
598,2021-10-01 14:22:41,57800.0,2000.0,4228700.0
599,2021-10-01 14:22:41,57800.0,500.0,4226700.0
600,2021-10-01 14:22:40,57900.0,100.0,4226200.0
601,2021-10-01 14:22:33,57900.0,100.0,4226100.0
602,2021-10-01 14:22:33,57900.0,200.0,4226000.0
603,2021-10-01 14:22:33,57900.0,100.0,4225800.0
604,2021-10-01 14:22:33,57900.0,9400.0,4225700.0
605,2021-10-01 14:22:31,57900.0,5000.0,4216300.0
606,2021-10-01 14:22:29,57900.0,500.0,4211300.0
607,2021-10-01 14:22:22,57900.0,8000.0,4210800.0
608,2021-10-01 14:22:22,57900.0,500.0,4202800.0
609,2021-10-01 14:22:22,57900.0,300.0,4202300.0
610,2021-10-01 14:22:22,57900.0,500.0,4202000.0
611,2021-10-01 14:22:13,57900.0,200.0,4201500.0
612,2021-10-01 14:22:11,57900.0,200.0,4201300.0
613,2021-10-01 14:22:09,57900.0,100.0,4201100.0
614,2021-10-01 14:22:09,57900.0,100.0,4201000.0
615,2021-10-01 14:22:05,57900.0,600.0,4200900.0
616,2021-10-01 14:22:05,57900.0,300.0,4200300.0
617,2021-10-01 14:22:04,58000.0,500.0,4200000.0
618,2021-10-01 14:22:04,58000.0,500.0,4199500.0
619,2021-10-01 14:22:04,58000.0,1000.0,4199000.0
620,2021-10-01 14:22:02,57900.0,1000.0,4198000.0
621,2021-10-01 14:21:59,57900.0,600.0,4197000.0
622,2021-10-01 14:21:56,57900.0,2400.0,4196400.0
623,2021-10-01 14:21:56,57900.0,1400.0,4194000.0
624,2021-10-01 14:21:56,57900.0,1000.0,4192600.0
625,2021-10-01 14:21:56,57900.0,100.0,4191600.0
626,2021-10-01 14:21:56,57900.0,100.0,4191500.0
627,2021-10-01 14:21:54,57900.0,700.0,4191400.0
628,2021-10-01 14:21:52,57900.0,200.0,4190700.0
629,2021-10-01 14:21:49,57900.0,200.0,4190500.0
630,2021-10-01 14:21:47,57900.0,300.0,4190300.0
631,2021-10-01 14:21:47,57900.0,500.0,4190000.0
632,2021-10-01 14:21:47,57900.0,100.0,4189500.0
633,2021-10-01 14:21:47,57900.0,1300.0,4189400.0
634,2021-10-01 14:21:47,57900.0,200.0,4188100.0
635,2021-10-01 14:21:44,57900.0,800.0,4187900.0
636,2021-10-01 14:21:40,58000.0,600.0,4187100.0
637,2021-10-01 14:21:40,58000.0,400.0,4186500.0
638,2021-10-01 14:21:31,57900.0,300.0,4186100.0
639,2021-10-01 14:21:31,57900.0,300.0,4185800.0
640,2021-10-01 14:21:31,57900.0,200.0,4185500.0
641,2021-10-01 14:21:26,57900.0,100.0,4185300.0
642,2021-10-01 14:21:26,57900.0,200.0,4185200.0
643,2021-10-01 14:21:26,57900.0,100.0,4185000.0
644,2021-10-01 14:21:23,57900.0,400.0,4184900.0
645,2021-10-01 14:21:23,58000.0,100.0,4184500.0
646,2021-10-01 14:21:23,58000.0,100.0,4184400.0
647,2021-10-01 14:21:23,58000.0,300.0,4184300.0
648,2021-10-01 14:21:21,57900.0,500.0,4184000.0
649,2021-10-01 14:21:21,57900.0,200.0,4183500.0
650,2021-10-01 14:21:21,57900.0,100.0,4183300.0
651,2021-10-01 14:21:20,57900.0,100.0,4183200.0
652,2021-10-01 14:21:17,57900.0,300.0,4183100.0
653,2021-10-01 14:21:17,57900.0,300.0,4182800.0
654,2021-10-01 14:21:17,57900.0,2800.0,4182500.0
655,2021-10-01 14:21:16,57900.0,2000.0,4179700.0
656,2021-10-01 14:21:16,58000.0,200.0,4177700.0
657,2021-10-01 14:21:15,58000.0,300.0,4177500.0
658,2021-10-01 14:21:11,58000.0,900.0,4177200.0
659,2021-10-01 14:21:11,58000.0,100.0,4176300.0
660,2021-10-01 14:21:09,57900.0,200.0,4176200.0
661,2021-10-01 14:21:09,57900.0,100.0,4176000.0
662,2021-10-01 14:21:09,57900.0,200.0,4175900.0
663,2021-10-01 14:21:09,57900.0,100.0,4175700.0
664,2021-10-01 14:21:09,57900.0,100.0,4175600.0
665,2021-10-01 14:21:09,57900.0,300.0,4175500.0
666,2021-10-01 14:21:08,57900.0,100.0,4175200.0
667,2021-10-01 14:21:08,57900.0,300.0,4175100.0
668,2021-10-01 14:21:08,57900.0,600.0,4174800.0
669,2021-10-01 14:21:05,57900.0,100.0,4174200.0
670,2021-10-01 14:21:00,58000.0,200.0,4174100.0
671,2021-10-01 14:20:54,58000.0,200.0,4173900.0
672,2021-10-01 14:20:52,57900.0,200.0,4173700.0
673,2021-10-01 14:20:47,58000.0,600.0,4173500.0
674,2021-10-01 14:20:47,58000.0,1000.0,4172900.0
675,2021-10-01 14:20:47,58000.0,1000.0,4171900.0
676,2021-10-01 14:20:47,58000.0,500.0,4170900.0
677,2021-10-01 14:20:47,58000.0,1900.0,4170400.0
678,2021-10-01 14:20:42,57900.0,100.0,4168500.0
679,2021-10-01 14:20:42,57900.0,100.0,4168400.0
680,2021-10-01 14:20:39,58000.0,500.0,4168300.0
681,2021-10-01 14:20:33,58000.0,400.0,4167800.0
682,2021-10-01 14:20:30,57900.0,400.0,4167400.0
683,2021-10-01 14:20:30,57900.0,200.0,4167000.0
684,2021-10-01 14:20:30,57900.0,100.0,4166800.0
685,2021-10-01 14:20:30,57900.0,100.0,4166700.0
686,2021-10-01 14:20:25,58000.0,100.0,4166600.0
687,2021-10-01 14:20:17,58000.0,100.0,4166500.0
688,2021-10-01 14:20:07,58000.0,100.0,4166400.0
689,2021-10-01 14:20:07,58000.0,900.0,4166300.0
690,2021-10-01 14:20:03,58000.0,200.0,4165400.0
691,2021-10-01 14:19:59,58000.0,100.0,4165200.0
692,2021-10-01 14:19:47,57900.0,2000.0,4165100.0
693,2021-10-01 14:19:47,57900.0,800.0,4163100.0
694,2021-10-01 14:19:47,57900.0,200.0,4162300.0
695,2021-10-01 14:19:47,57900.0,200.0,4162100.0
696,2021-10-01 14:19:47,57900.0,100.0,4161900.0
697,2021-10-01 14:19:47,57900.0,100.0,4161800.0
698,2021-10-01 14:19:47,57900.0,1000.0,4161700.0
699,2021-10-01 14:19:47,57900.0,600.0,4160700.0
700,2021-10-01 14:19:45,58000.0,100.0,4160100.0
701,2021-10-01 14:19:42,58000.0,500.0,4160000.0
702,2021-10-01 14:19:34,58000.0,200.0,4159500.0
703,2021-10-01 14:19:34,58000.0,800.0,4159300.0
704,2021-10-01 14:19:34,58000.0,100.0,4158500.0
705,2021-10-01 14:19:34,58000.0,100.0,4158400.0
706,2021-10-01 14:19:33,58000.0,400.0,4158300.0
707,2021-10-01 14:19:33,58000.0,100.0,4157900.0
708,2021-10-01 14:19:33,58000.0,500.0,4157800.0
709,2021-10-01 14:19:32,58000.0,100.0,4157300.0
710,2021-10-01 14:19:31,58100.0,1000.0,4157200.0
711,2021-10-01 14:19:23,58000.0,400.0,4156200.0
712,2021-10-01 14:19:23,58000.0,100.0,4155800.0
713,2021-10-01 14:19:23,58000.0,200.0,4155700.0
714,2021-10-01 14:19:23,58000.0,100.0,4155500.0
715,2021-10-01 14:19:18,58000.0,500.0,4155400.0
716,2021-10-01 14:19:18,58000.0,100.0,4154900.0
717,2021-10-01 14:19:18,58000.0,100.0,4154800.0
718,2021-10-01 14:19:18,58000.0,300.0,4154700.0
719,2021-10-01 14:19:17,58000.0,900.0,4154400.0
720,2021-10-01 14:19:17,58000.0,300.0,4153500.0
721,2021-10-01 14:19:17,58000.0,1000.0,4153200.0
722,2021-10-01 14:19:17,58000.0,100.0,4152200.0
723,2021-10-01 14:19:17,58000.0,200.0,4152100.0
724,2021-10-01 14:19:17,58000.0,100.0,4151900.0
725,2021-10-01 14:19:17,58000.0,1000.0,4151800.0
726,2021-10-01 14:19:17,58000.0,1600.0,4150800.0
727,2021-10-01 14:19:16,58000.0,8900.0,4149200.0
728,2021-10-01 14:19:14,58000.0,400.0,4140300.0
729,2021-10-01 14:19:08,58000.0,100.0,4139900.0
730,2021-10-01 14:19:06,58000.0,3000.0,4139800.0
731,2021-10-01 14:19:04,58000.0,5000.0,4136800.0
732,2021-10-01 14:18:59,58000.0,300.0,4131800.0
733,2021-10-01 14:18:58,58000.0,2700.0,4131500.0
734,2021-10-01 14:18:58,58000.0,100.0,4128800.0
735,2021-10-01 14:18:58,58000.0,1000.0,4128700.0
736,2021-10-01 14:18:58,58000.0,100.0,4127700.0
737,2021-10-01 14:18:58,58000.0,100.0,4127600.0
738,2021-10-01 14:18:54,58000.0,400.0,4127500.0
739,2021-10-01 14:18:54,58000.0,100.0,4127100.0
740,2021-10-01 14:18:52,58100.0,1800.0,4127000.0
741,2021-10-01 14:18:46,58000.0,100.0,4125200.0
742,2021-10-01 14:18:46,58000.0,900.0,4125100.0
743,2021-10-01 14:18:38,58100.0,200.0,4124200.0
744,2021-10-01 14:18:38,58100.0,200.0,4124000.0
745,2021-10-01 14:18:37,58000.0,100.0,4123800.0
746,2021-10-01 14:18:37,58000.0,3000.0,4123700.0
747,2021-10-01 14:18:37,58000.0,1000.0,4120700.0
748,2021-10-01 14:18:37,58000.0,100.0,4119700.0
749,2021-10-01 14:18:37,58000.0,800.0,4119600.0
750,2021-10-01 14:18:37,58000.0,1000.0,4118800.0
751,2021-10-01 14:18:37,58000.0,1000.0,4117800.0
752,2021-10-01 14:18:36,58000.0,500.0,4116800.0
753,2021-10-01 14:18:33,58000.0,1000.0,4116300.0
754,2021-10-01 14:18:25,58000.0,200.0,4115300.0
755,2021-10-01 14:18:23,58000.0,1000.0,4115100.0
756,2021-10-01 14:18:20,58000.0,3000.0,4114100.0
757,2021-10-01 14:18:11,58100.0,100.0,4111100.0
758,2021-10-01 14:18:08,58000.0,1500.0,4111000.0
759,2021-10-01 14:18:06,58100.0,200.0,4109500.0
760,2021-10-01 14:18:06,58000.0,1000.0,4109300.0
761,2021-10-01 14:17:56,58000.0,500.0,4108300.0
762,2021-10-01 14:17:54,58000.0,200.0,4107800.0
763,2021-10-01 14:17:50,58000.0,300.0,4107600.0
764,2021-10-01 14:17:48,58000.0,200.0,4107300.0
765,2021-10-01 14:17:46,58000.0,400.0,4107100.0
766,2021-10-01 14:17:45,58000.0,1600.0,4106700.0
767,2021-10-01 14:17:45,58000.0,400.0,4105100.0
768,2021-10-01 14:17:44,57900.0,400.0,4104700.0
769,2021-10-01 14:17:44,57900.0,2000.0,4104300.0
770,2021-10-01 14:17:44,57900.0,100.0,4102300.0
771,2021-10-01 14:17:44,57900.0,500.0,4102200.0
772,2021-10-01 14:17:44,58000.0,500.0,4101700.0
773,2021-10-01 14:17:41,57900.0,500.0,4101200.0
774,2021-10-01 14:17:40,58000.0,500.0,4100700.0
775,2021-10-01 14:17:40,58000.0,2500.0,4100200.0
776,2021-10-01 14:17:40,58000.0,7000.0,4097700.0
777,2021-10-01 14:17:37,58000.0,100.0,4090700.0
778,2021-10-01 14:17:22,58000.0,200.0,4090600.0
779,2021-10-01 14:17:13,58000.0,500.0,4090400.0
780,2021-10-01 14:17:06,58000.0,300.0,4089900.0
781,2021-10-01 14:17:06,58000.0,100.0,4089600.0
782,2021-10-01 14:17:06,58000.0,2600.0,4089500.0
783,2021-10-01 14:17:05,58000.0,1000.0,4086900.0
784,2021-10-01 14:17:01,58100.0,100.0,4085900.0
785,2021-10-01 14:16:59,58000.0,400.0,4085800.0
786,2021-10-01 14:16:59,58000.0,100.0,4085400.0
787,2021-10-01 14:16:56,58000.0,200.0,4085300.0
788,2021-10-01 14:16:56,58000.0,300.0,4085100.0
789,2021-10-01 14:16:56,58000.0,200.0,4084800.0
790,2021-10-01 14:16:56,58000.0,100.0,4084600.0
791,2021-10-01 14:16:56,58000.0,200.0,4084500.0
792,2021-10-01 14:16:56,58000.0,100.0,4084300.0
793,2021-10-01 14:16:56,58000.0,200.0,4084200.0
794,2021-10-01 14:16:56,58000.0,200.0,4084000.0
795,2021-10-01 14:16:56,58000.0,200.0,4083800.0
796,2021-10-01 14:16:56,58000.0,100.0,4083600.0
797,2021-10-01 14:16:56,58000.0,100.0,4083500.0
798,2021-10-01 14:16:56,58000.0,100.0,4083400.0
799,2021-10-01 14:16:56,58000.0,500.0,4083300.0
800,2021-10-01 14:16:56,58000.0,100.0,4082800.0
801,2021-10-01 14:16:56,58000.0,100.0,4082700.0
802,2021-10-01 14:16:56,58000.0,100.0,4082600.0
803,2021-10-01 14:16:56,58000.0,2200.0,4082500.0
804,2021-10-01 14:16:52,58000.0,1000.0,4080300.0
805,2021-10-01 14:16:49,58000.0,2200.0,4079300.0
806,2021-10-01 14:16:46,58100.0,500.0,4077100.0
807,2021-10-01 14:16:42,58000.0,600.0,4076600.0
808,2021-10-01 14:16:42,58000.0,100.0,4076000.0
809,2021-10-01 14:16:42,58000.0,200.0,4075900.0
810,2021-10-01 14:16:42,58000.0,1000.0,4075700.0
811,2021-10-01 14:16:42,58000.0,1000.0,4074700.0
812,2021-10-01 14:16:42,58000.0,100.0,4073700.0
813,2021-10-01 14:16:42,58000.0,200.0,4073600.0
814,2021-10-01 14:16:42,58000.0,4800.0,4073400.0
815,2021-10-01 14:16:41,58100.0,1000.0,4068600.0
816,2021-10-01 14:16:39,58000.0,200.0,4067600.0
817,2021-10-01 14:16:39,58000.0,800.0,4067400.0
818,2021-10-01 14:16:37,58100.0,1000.0,4066600.0
819,2021-10-01 14:16:37,58100.0,100.0,4065600.0
820,2021-10-01 14:16:37,58100.0,500.0,4065500.0
821,2021-10-01 14:16:37,58100.0,300.0,4065000.0
822,2021-10-01 14:16:37,58100.0,20000.0,4064700.0
823,2021-10-01 14:16:37,58100.0,500.0,4044700.0
824,2021-10-01 14:16:37,58100.0,2000.0,4044200.0
825,2021-10-01 14:16:37,58100.0,200.0,4042200.0
826,2021-10-01 14:16:36,58100.0,800.0,4042000.0
827,2021-10-01 14:16:36,58100.0,100.0,4041200.0
828,2021-10-01 14:16:36,58100.0,100.0,4041100.0
829,2021-10-01 14:16:30,58100.0,3000.0,4041000.0
830,2021-10-01 14:16:27,58200.0,500.0,4038000.0
831,2021-10-01 14:16:18,58100.0,3000.0,4037500.0
832,2021-10-01 14:16:16,58200.0,100.0,4034500.0
833,2021-10-01 14:16:16,58200.0,500.0,4034400.0
834,2021-10-01 14:16:16,58200.0,100.0,4033900.0
835,2021-10-01 14:16:16,58200.0,300.0,4033800.0
836,2021-10-01 14:16:16,58200.0,200.0,4033500.0
837,2021-10-01 14:16:16,58200.0,400.0,4033300.0
838,2021-10-01 14:16:13,58200.0,100.0,4032900.0
839,2021-10-01 14:16:13,58200.0,200.0,4032800.0
840,2021-10-01 14:16:13,58200.0,2000.0,4032600.0
841,2021-10-01 14:16:13,58200.0,200.0,4030600.0
842,2021-10-01 14:16:13,58200.0,2500.0,4030400.0
843,2021-10-01 14:15:59,58200.0,1500.0,4027900.0
844,2021-10-01 14:15:56,58300.0,500.0,4026400.0
845,2021-10-01 14:15:56,58300.0,1900.0,4025900.0
846,2021-10-01 14:15:56,58300.0,1100.0,4024000.0
847,2021-10-01 14:15:52,58200.0,1000.0,4022900.0
848,2021-10-01 14:15:51,58300.0,900.0,4021900.0
849,2021-10-01 14:15:51,58300.0,100.0,4021000.0
850,2021-10-01 14:15:41,58300.0,1300.0,4020900.0
851,2021-10-01 14:15:28,58300.0,100.0,4019600.0
852,2021-10-01 14:15:28,58300.0,3000.0,4019500.0
853,2021-10-01 14:15:28,58300.0,5600.0,4016500.0
854,2021-10-01 14:15:27,58400.0,2000.0,4010900.0
855,2021-10-01 14:15:25,58300.0,100.0,4008900.0
856,2021-10-01 14:15:25,58400.0,500.0,4008800.0
857,2021-10-01 14:15:25,58400.0,300.0,4008300.0
858,2021-10-01 14:15:25,58400.0,5000.0,4008000.0
859,2021-10-01 14:15:25,58400.0,2200.0,4003000.0
860,2021-10-01 14:15:19,58300.0,200.0,4000800.0
861,2021-10-01 14:15:10,58400.0,2800.0,4000600.0
862,2021-10-01 14:15:08,58400.0,200.0,3997800.0
863,2021-10-01 14:15:08,58400.0,200.0,3997600.0
864,2021-10-01 14:15:08,58400.0,1600.0,3997400.0
865,2021-10-01 14:15:07,58400.0,1000.0,3995800.0
866,2021-10-01 14:15:05,58400.0,2500.0,3994800.0
867,2021-10-01 14:15:03,58400.0,3100.0,3992300.0
868,2021-10-01 14:15:03,58400.0,1000.0,3989200.0
869,2021-10-01 14:15:01,58400.0,100.0,3988200.0
870,2021-10-01 14:14:55,58400.0,10000.0,3988100.0
871,2021-10-01 14:14:46,58400.0,2000.0,3978100.0
872,2021-10-01 14:14:43,58400.0,1000.0,3976100.0
873,2021-10-01 14:14:36,58500.0,500.0,3975100.0
874,2021-10-01 14:14:33,58400.0,100.0,3974600.0
875,2021-10-01 14:14:32,58400.0,10000.0,3974500.0
876,2021-10-01 14:14:26,58400.0,300.0,3964500.0
877,2021-10-01 14:14:24,58500.0,400.0,3964200.0
878,2021-10-01 14:14:24,58400.0,7600.0,3963800.0
879,2021-10-01 14:14:24,58400.0,200.0,3956200.0
880,2021-10-01 14:14:24,58400.0,100.0,3956000.0
881,2021-10-01 14:14:24,58400.0,100.0,3955900.0
882,2021-10-01 14:14:24,58400.0,2000.0,3955800.0
883,2021-10-01 14:14:24,58400.0,200.0,3953800.0
884,2021-10-01 14:14:24,58400.0,1300.0,3953600.0
885,2021-10-01 14:14:22,58400.0,3700.0,3952300.0
886,2021-10-01 14:14:22,58400.0,100.0,3948600.0
887,2021-10-01 14:14:22,58400.0,1200.0,3948500.0
888,2021-10-01 14:14:20,58400.0,400.0,3947300.0
889,2021-10-01 14:14:19,58400.0,1000.0,3946900.0
890,2021-10-01 14:14:11,58400.0,2400.0,3945900.0
891,2021-10-01 14:14:11,58400.0,1000.0,3943500.0
892,2021-10-01 14:14:11,58400.0,1000.0,3942500.0
893,2021-10-01 14:14:11,58400.0,400.0,3941500.0
894,2021-10-01 14:14:06,58500.0,2500.0,3941100.0
895,2021-10-01 14:14:03,58500.0,1800.0,3938600.0
896,2021-10-01 14:14:03,58400.0,1500.0,3936800.0
897,2021-10-01 14:14:02,58400.0,300.0,3935300.0
898,2021-10-01 14:13:55,58400.0,500.0,3935000.0
899,2021-10-01 14:13:53,58500.0,100.0,3934500.0
900,2021-10-01 14:13:35,58400.0,2000.0,3934400.0
901,2021-10-01 14:13:34,58500.0,10000.0,3932400.0
902,2021-10-01 14:13:34,58500.0,2000.0,3922400.0
903,2021-10-01 14:13:32,58500.0,100.0,3920400.0
904,2021-10-01 14:13:30,58500.0,3000.0,3920300.0
905,2021-10-01 14:13:23,58500.0,100.0,3917300.0
906,2021-10-01 14:13:23,58400.0,200.0,3917200.0
907,2021-10-01 14:13:21,58500.0,1300.0,3917000.0
908,2021-10-01 14:13:21,58500.0,400.0,3915700.0
909,2021-10-01 14:13:21,58500.0,200.0,3915300.0
910,2021-10-01 14:13:10,58500.0,800.0,3915100.0
911,2021-10-01 14:13:01,58400.0,100.0,3914300.0
912,2021-10-01 14:12:52,58400.0,4000.0,3914200.0
913,2021-10-01 14:12:52,58400.0,1000.0,3910200.0
914,2021-10-01 14:12:52,58400.0,600.0,3909200.0
915,2021-10-01 14:12:52,58400.0,3000.0,3908600.0
916,2021-10-01 14:12:52,58400.0,100.0,3905600.0
917,2021-10-01 14:12:52,58400.0,500.0,3905500.0
918,2021-10-01 14:12:52,58400.0,400.0,3905000.0
919,2021-10-01 14:12:49,58400.0,100.0,3904600.0
920,2021-10-01 14:12:42,58300.0,1000.0,3904500.0
921,2021-10-01 14:12:37,58300.0,200.0,3903500.0
922,2021-10-01 14:12:37,58300.0,500.0,3903300.0
923,2021-10-01 14:12:37,58300.0,1000.0,3902800.0
924,2021-10-01 14:12:37,58300.0,500.0,3901800.0
925,2021-10-01 14:12:37,58300.0,500.0,3901300.0
926,2021-10-01 14:12:37,58300.0,100.0,3900800.0
927,2021-10-01 14:12:37,58300.0,300.0,3900700.0
928,2021-10-01 14:12:29,58200.0,200.0,3900400.0
929,2021-10-01 14:12:27,58200.0,200.0,3900200.0
930,2021-10-01 14:12:27,58200.0,5000.0,3900000.0
931,2021-10-01 14:12:27,58200.0,300.0,3895000.0
932,2021-10-01 14:12:27,58200.0,1800.0,3894700.0
933,2021-10-01 14:12:27,58200.0,1000.0,3892900.0
934,2021-10-01 14:12:27,58200.0,200.0,3891900.0
935,2021-10-01 14:12:27,58200.0,1000.0,3891700.0
936,2021-10-01 14:12:23,58200.0,100.0,3890700.0
937,2021-10-01 14:12:23,58200.0,500.0,3890600.0
938,2021-10-01 14:12:23,58200.0,400.0,3890100.0
939,2021-10-01 14:12:23,58200.0,100.0,3889700.0
940,2021-10-01 14:12:21,58200.0,400.0,3889600.0
941,2021-10-01 14:12:20,58200.0,1000.0,3889200.0
942,2021-10-01 14:12:19,58200.0,500.0,3888200.0
943,2021-10-01 14:12:12,58200.0,200.0,3887700.0
944,2021-10-01 14:12:08,58200.0,3000.0,3887500.0
945,2021-10-01 14:11:58,58200.0,700.0,3884500.0
946,2021-10-01 14:11:57,58200.0,200.0,3883800.0
947,2021-10-01 14:11:54,58100.0,4900.0,3883600.0
948,2021-10-01 14:11:54,58100.0,100.0,3878700.0
949,2021-10-01 14:11:54,58100.0,200.0,3878600.0
950,2021-10-01 14:11:54,58100.0,1000.0,3878400.0
951,2021-10-01 14:11:54,58100.0,500.0,3877400.0
952,2021-10-01 14:11:54,58100.0,8300.0,3876900.0
953,2021-10-01 14:11:54,58200.0,300.0,3868600.0
954,2021-10-01 14:11:54,58200.0,300.0,3868300.0
955,2021-10-01 14:11:54,58200.0,300.0,3868000.0
956,2021-10-01 14:11:54,58200.0,1100.0,3867700.0
957,2021-10-01 14:11:54,58200.0,200.0,3866600.0
958,2021-10-01 14:11:47,58200.0,100.0,3866400.0
959,2021-10-01 14:11:39,58100.0,400.0,3866300.0
960,2021-10-01 14:11:21,58100.0,100.0,3865900.0
961,2021-10-01 14:11:21,58100.0,100.0,3865800.0
962,2021-10-01 14:11:21,58100.0,21100.0,3865700.0
963,2021-10-01 14:11:20,58100.0,100.0,3844600.0
964,2021-10-01 14:11:12,58100.0,2100.0,3844500.0
965,2021-10-01 14:11:12,58100.0,500.0,3842400.0
966,2021-10-01 14:11:12,58100.0,400.0,3841900.0
967,2021-10-01 14:11:09,58100.0,400.0,3841500.0
968,2021-10-01 14:11:08,58100.0,3000.0,3841100.0
969,2021-10-01 14:10:57,58100.0,200.0,3838100.0
970,2021-10-01 14:10:56,58000.0,1200.0,3837900.0
971,2021-10-01 14:10:56,58000.0,1000.0,3836700.0
972,2021-10-01 14:10:56,58000.0,200.0,3835700.0
973,2021-10-01 14:10:56,58000.0,7000.0,3835500.0
974,2021-10-01 14:10:56,58000.0,600.0,3828500.0
975,2021-10-01 14:10:56,58000.0,500.0,3827900.0
976,2021-10-01 14:10:47,58000.0,3900.0,3827400.0
977,2021-10-01 14:10:46,58000.0,1100.0,3823500.0
978,2021-10-01 14:10:46,58000.0,900.0,3822400.0
979,2021-10-01 14:10:44,58000.0,1000.0,3821500.0
980,2021-10-01 14:10:42,58000.0,1500.0,3820500.0
981,2021-10-01 14:10:41,58000.0,1600.0,3819000.0
982,2021-10-01 14:10:41,58000.0,3400.0,3817400.0
983,2021-10-01 14:10:38,58000.0,800.0,3814000.0
984,2021-10-01 14:10:37,58000.0,1000.0,3813200.0
985,2021-10-01 14:10:33,58000.0,5000.0,3812200.0
986,2021-10-01 14:10:32,58000.0,100.0,3807200.0
987,2021-10-01 14:10:32,58000.0,1000.0,3807100.0
988,2021-10-01 14:10:31,58000.0,200.0,3806100.0
989,2021-10-01 14:10:29,58000.0,2000.0,3805900.0
990,2021-10-01 14:10:28,58000.0,600.0,3803900.0
991,2021-10-01 14:10:28,58000.0,1000.0,3803300.0
992,2021-10-01 14:10:27,58000.0,100.0,3802300.0
993,2021-10-01 14:10:26,58000.0,200.0,3802200.0
994,2021-10-01 14:10:25,58000.0,200.0,3802000.0
995,2021-10-01 14:10:24,58000.0,500.0,3801800.0
996,2021-10-01 14:10:23,58000.0,200.0,3801300.0
997,2021-10-01 14:10:22,58000.0,3700.0,3801100.0
998,2021-10-01 14:10:21,58000.0,300.0,3797400.0
999,2021-10-01 14:10:21,58000.0,100.0,3797100.0
1000,2021-10-01 14:10:21,58000.0,1000.0,3797000.0
1001,2021-10-01 14:10:21,58000.0,400.0,3796000.0
1002,2021-10-01 14:10:19,58000.0,2900.0,3795600.0
1003,2021-10-01 14:10:18,58000.0,200.0,3792700.0
1004,2021-10-01 14:10:16,58000.0,1200.0,3792500.0
1005,2021-10-01 14:10:15,58000.0,500.0,3791300.0
1006,2021-10-01 14:10:13,58000.0,500.0,3790800.0
1007,2021-10-01 14:10:12,58000.0,500.0,3790300.0
1008,2021-10-01 14:10:11,58000.0,1000.0,3789800.0
1009,2021-10-01 14:10:11,58000.0,100.0,3788800.0
1010,2021-10-01 14:10:10,58000.0,10000.0,3788700.0
1011,2021-10-01 14:10:08,58000.0,300.0,3778700.0
1012,2021-10-01 14:10:08,58000.0,1400.0,3778400.0
1013,2021-10-01 14:10:07,57900.0,100.0,3777000.0
1014,2021-10-01 14:10:07,57900.0,200.0,3776900.0
1015,2021-10-01 14:10:07,57900.0,300.0,3776700.0
1016,2021-10-01 14:10:07,57900.0,200.0,3776400.0
1017,2021-10-01 14:10:07,57900.0,100.0,3776200.0
1018,2021-10-01 14:10:07,57900.0,300.0,3776100.0
1019,2021-10-01 14:10:07,57900.0,100.0,3775800.0
1020,2021-10-01 14:10:07,57900.0,1700.0,3775700.0
1021,2021-10-01 14:10:07,58000.0,100.0,3774000.0
1022,2021-10-01 14:10:07,58000.0,200.0,3773900.0
1023,2021-10-01 14:10:06,57900.0,2000.0,3773700.0
1024,2021-10-01 14:10:06,58000.0,1000.0,3771700.0
1025,2021-10-01 14:10:06,58000.0,1500.0,3770700.0
1026,2021-10-01 14:10:05,58000.0,3200.0,3769200.0
1027,2021-10-01 14:10:05,58000.0,500.0,3766000.0
1028,2021-10-01 14:10:05,58000.0,1300.0,3765500.0
1029,2021-10-01 14:10:04,58000.0,2000.0,3764200.0
1030,2021-10-01 14:10:03,58000.0,1700.0,3762200.0
1031,2021-10-01 14:10:03,58000.0,300.0,3760500.0
1032,2021-10-01 14:10:02,58000.0,300.0,3760200.0
1033,2021-10-01 14:10:01,58000.0,300.0,3759900.0
1034,2021-10-01 14:10:00,58000.0,100.0,3759600.0
1035,2021-10-01 14:10:00,58000.0,900.0,3759500.0
1036,2021-10-01 14:09:59,58000.0,1000.0,3758600.0
1037,2021-10-01 14:09:58,58000.0,1000.0,3757600.0
1038,2021-10-01 14:09:56,58000.0,100.0,3756600.0
1039,2021-10-01 14:09:56,58000.0,100.0,3756500.0
1040,2021-10-01 14:09:56,58000.0,100.0,3756400.0
1041,2021-10-01 14:09:56,58000.0,200.0,3756300.0
1042,2021-10-01 14:09:56,58000.0,500.0,3756100.0
1043,2021-10-01 14:09:52,58000.0,1500.0,3755600.0
1044,2021-10-01 14:09:52,58000.0,200.0,3754100.0
1045,2021-10-01 14:09:52,58000.0,800.0,3753900.0
1046,2021-10-01 14:09:49,58000.0,500.0,3753100.0
1047,2021-10-01 14:09:37,57900.0,100.0,3752600.0
1048,2021-10-01 14:09:37,57900.0,2700.0,3752500.0
1049,2021-10-01 14:09:36,57900.0,4000.0,3749800.0
1050,2021-10-01 14:09:33,57900.0,200.0,3745800.0
1051,2021-10-01 14:09:32,57900.0,1500.0,3745600.0
1052,2021-10-01 14:09:32,57900.0,100.0,3744100.0
1053,2021-10-01 14:09:29,57900.0,1000.0,3744000.0
1054,2021-10-01 14:09:28,57900.0,100.0,3743000.0
1055,2021-10-01 14:09:25,57900.0,100.0,3742900.0
1056,2021-10-01 14:09:22,57900.0,1000.0,3742800.0
1057,2021-10-01 14:09:19,57800.0,100.0,3741800.0
1058,2021-10-01 14:09:16,57900.0,1000.0,3741700.0
1059,2021-10-01 14:09:13,57800.0,100.0,3740700.0
1060,2021-10-01 14:09:13,57900.0,1000.0,3740600.0
1061,2021-10-01 14:09:11,57800.0,2000.0,3739600.0
1062,2021-10-01 14:09:11,57800.0,100.0,3737600.0
1063,2021-10-01 14:09:11,57800.0,2700.0,3737500.0
1064,2021-10-01 14:09:10,57800.0,200.0,3734800.0
1065,2021-10-01 14:09:10,57700.0,500.0,3734600.0
1066,2021-10-01 14:09:09,57800.0,18000.0,3734100.0
1067,2021-10-01 14:09:09,57800.0,2000.0,3716100.0
1068,2021-10-01 14:09:05,57800.0,2000.0,3714100.0
1069,2021-10-01 14:09:05,57800.0,300.0,3712100.0
1070,2021-10-01 14:09:01,57700.0,800.0,3711800.0
1071,2021-10-01 14:09:01,57700.0,300.0,3711000.0
1072,2021-10-01 14:09:01,57700.0,3900.0,3710700.0
1073,2021-10-01 14:08:54,57700.0,1000.0,3706800.0
1074,2021-10-01 14:08:47,57700.0,100.0,3705800.0
1075,2021-10-01 14:08:46,57700.0,100.0,3705700.0
1076,2021-10-01 14:08:45,57700.0,1700.0,3705600.0
1077,2021-10-01 14:08:42,57600.0,1200.0,3703900.0
1078,2021-10-01 14:08:41,57700.0,100.0,3702700.0
1079,2021-10-01 14:08:41,57700.0,500.0,3702600.0
1080,2021-10-01 14:08:41,57700.0,4400.0,3702100.0
1081,2021-10-01 14:08:39,57700.0,100.0,3697700.0
1082,2021-10-01 14:08:39,57600.0,200.0,3697600.0
1083,2021-10-01 14:08:35,57700.0,200.0,3697400.0
1084,2021-10-01 14:08:35,57700.0,300.0,3697200.0
1085,2021-10-01 14:08:35,57700.0,4700.0,3696900.0
1086,2021-10-01 14:08:30,57500.0,9600.0,3692200.0
1087,2021-10-01 14:08:30,57500.0,3000.0,3682600.0
1088,2021-10-01 14:08:30,57500.0,100.0,3679600.0
1089,2021-10-01 14:08:30,57500.0,1000.0,3679500.0
1090,2021-10-01 14:08:30,57500.0,700.0,3678500.0
1091,2021-10-01 14:08:30,57600.0,100.0,3677800.0
1092,2021-10-01 14:08:30,57600.0,200.0,3677700.0
1093,2021-10-01 14:08:30,57600.0,100.0,3677500.0
1094,2021-10-01 14:08:30,57600.0,1200.0,3677400.0
1095,2021-10-01 14:08:30,57600.0,5000.0,3676200.0
1096,2021-10-01 14:08:30,57600.0,1200.0,3671200.0
1097,2021-10-01 14:08:28,57600.0,1000.0,3670000.0
1098,2021-10-01 14:08:28,57600.0,400.0,3669000.0
1099,2021-10-01 14:08:28,57600.0,700.0,3668600.0
1100,2021-10-01 14:08:28,57600.0,200.0,3667900.0
1101,2021-10-01 14:08:28,57600.0,1500.0,3667700.0
1102,2021-10-01 14:08:27,57600.0,500.0,3666200.0
1103,2021-10-01 14:08:27,57600.0,500.0,3665700.0
1104,2021-10-01 14:08:27,57600.0,1500.0,3665200.0
1105,2021-10-01 14:08:27,57600.0,400.0,3663700.0
1106,2021-10-01 14:08:27,57600.0,1100.0,3663300.0
1107,2021-10-01 14:08:26,57600.0,700.0,3662200.0
1108,2021-10-01 14:08:26,57600.0,1000.0,3661500.0
1109,2021-10-01 14:08:25,57500.0,1300.0,3660500.0
1110,2021-10-01 14:08:25,57500.0,500.0,3659200.0
1111,2021-10-01 14:08:25,57500.0,1000.0,3658700.0
1112,2021-10-01 14:08:25,57500.0,2000.0,3657700.0
1113,2021-10-01 14:08:25,57500.0,200.0,3655700.0
1114,2021-10-01 14:08:23,57600.0,200.0,3655500.0
1115,2021-10-01 14:08:23,57600.0,2000.0,3655300.0
1116,2021-10-01 14:08:21,57600.0,100.0,3653300.0
1117,2021-10-01 14:08:21,57600.0,1100.0,3653200.0
1118,2021-10-01 14:08:20,57600.0,1000.0,3652100.0
1119,2021-10-01 14:08:19,57600.0,400.0,3651100.0
1120,2021-10-01 14:08:18,57600.0,1000.0,3650700.0
1121,2021-10-01 14:08:18,57600.0,200.0,3649700.0
1122,2021-10-01 14:08:17,57500.0,500.0,3649500.0
1123,2021-10-01 14:08:15,57500.0,300.0,3649000.0
1124,2021-10-01 14:08:15,57500.0,100.0,3648700.0
1125,2021-10-01 14:08:15,57500.0,100.0,3648600.0
1126,2021-10-01 14:08:13,57600.0,300.0,3648500.0
1127,2021-10-01 14:08:13,57600.0,100.0,3648200.0
1128,2021-10-01 14:08:13,57600.0,100.0,3648100.0
1129,2021-10-01 14:08:13,57600.0,100.0,3648000.0
1130,2021-10-01 14:08:09,57600.0,400.0,3647900.0
1131,2021-10-01 14:08:09,57600.0,100.0,3647500.0
1132,2021-10-01 14:08:08,57600.0,300.0,3647400.0
1133,2021-10-01 14:08:08,57600.0,200.0,3647100.0
1134,2021-10-01 14:08:08,57600.0,1000.0,3646900.0
1135,2021-10-01 14:08:06,57600.0,400.0,3645900.0
1136,2021-10-01 14:08:06,57600.0,300.0,3645500.0
1137,2021-10-01 14:08:05,57600.0,100.0,3645200.0
1138,2021-10-01 14:08:05,57600.0,400.0,3645100.0
1139,2021-10-01 14:08:05,57600.0,500.0,3644700.0
1140,2021-10-01 14:07:58,57500.0,100.0,3644200.0
1141,2021-10-01 14:07:58,57500.0,400.0,3644100.0
1142,2021-10-01 14:07:57,57500.0,1000.0,3643700.0
1143,2021-10-01 14:07:57,57500.0,400.0,3642700.0
1144,2021-10-01 14:07:53,57500.0,300.0,3642300.0
1145,2021-10-01 14:07:53,57500.0,1000.0,3642000.0
1146,2021-10-01 14:07:53,57500.0,300.0,3641000.0
1147,2021-10-01 14:07:53,57500.0,100.0,3640700.0
1148,2021-10-01 14:07:53,57500.0,100.0,3640600.0
1149,2021-10-01 14:07:53,57500.0,200.0,3640500.0
1150,2021-10-01 14:07:52,57600.0,500.0,3640300.0
1151,2021-10-01 14:07:52,57500.0,100.0,3639800.0
1152,2021-10-01 14:07:52,57500.0,100.0,3639700.0
1153,2021-10-01 14:07:51,57600.0,300.0,3639600.0
1154,2021-10-01 14:07:50,57500.0,100.0,3639300.0
1155,2021-10-01 14:07:50,57500.0,200.0,3639200.0
1156,2021-10-01 14:07:50,57500.0,200.0,3639000.0
1157,2021-10-01 14:07:48,57500.0,200.0,3638800.0
1158,2021-10-01 14:07:47,57600.0,200.0,3638600.0
1159,2021-10-01 14:07:47,57500.0,200.0,3638400.0
1160,2021-10-01 14:07:47,57500.0,300.0,3638200.0
1161,2021-10-01 14:07:47,57500.0,1000.0,3637900.0
1162,2021-10-01 14:07:47,57500.0,500.0,3636900.0
1163,2021-10-01 14:07:47,57500.0,200.0,3636400.0
1164,2021-10-01 14:07:47,57500.0,1000.0,3636200.0
1165,2021-10-01 14:07:47,57500.0,300.0,3635200.0
1166,2021-10-01 14:07:47,57500.0,300.0,3634900.0
1167,2021-10-01 14:07:47,57500.0,100.0,3634600.0
1168,2021-10-01 14:07:47,57500.0,500.0,3634500.0
1169,2021-10-01 14:07:47,57500.0,500.0,3634000.0
1170,2021-10-01 14:07:47,57500.0,100.0,3633500.0
1171,2021-10-01 14:07:46,57600.0,1000.0,3633400.0
1172,2021-10-01 14:07:46,57600.0,100.0,3632400.0
1173,2021-10-01 14:07:46,57600.0,500.0,3632300.0
1174,2021-10-01 14:07:43,57600.0,100.0,3631800.0
1175,2021-10-01 14:07:40,57600.0,300.0,3631700.0
1176,2021-10-01 14:07:40,57600.0,100.0,3631400.0
1177,2021-10-01 14:07:39,57500.0,2100.0,3631300.0
1178,2021-10-01 14:07:39,57500.0,100.0,3629200.0
1179,2021-10-01 14:07:39,57500.0,400.0,3629100.0
1180,2021-10-01 14:07:38,57600.0,400.0,3628700.0
1181,2021-10-01 14:07:36,57600.0,100.0,3628300.0
1182,2021-10-01 14:07:36,57500.0,600.0,3628200.0
1183,2021-10-01 14:07:36,57500.0,400.0,3627600.0
1184,2021-10-01 14:07:35,57500.0,600.0,3627200.0
1185,2021-10-01 14:07:35,57500.0,500.0,3626600.0
1186,2021-10-01 14:07:35,57500.0,200.0,3626100.0
1187,2021-10-01 14:07:35,57500.0,800.0,3625900.0
1188,2021-10-01 14:07:35,57500.0,100.0,3625100.0
1189,2021-10-01 14:07:35,57500.0,500.0,3625000.0
1190,2021-10-01 14:07:35,57500.0,300.0,3624500.0
1191,2021-10-01 14:07:35,57500.0,100.0,3624200.0
1192,2021-10-01 14:07:35,57500.0,100.0,3624100.0
1193,2021-10-01 14:07:35,57500.0,200.0,3624000.0
1194,2021-10-01 14:07:35,57500.0,1000.0,3623800.0
1195,2021-10-01 14:07:35,57500.0,400.0,3622800.0
1196,2021-10-01 14:07:35,57500.0,200.0,3622400.0
1197,2021-10-01 14:07:35,57500.0,1000.0,3622200.0
1198,2021-10-01 14:07:35,57500.0,1000.0,3621200.0
1199,2021-10-01 14:07:35,57500.0,200.0,3620200.0
1200,2021-10-01 14:07:35,57500.0,6000.0,3620000.0
1201,2021-10-01 14:07:35,57500.0,2500.0,3614000.0
1202,2021-10-01 14:07:35,57500.0,1900.0,3611500.0
1203,2021-10-01 14:07:35,57500.0,1000.0,3609600.0
1204,2021-10-01 14:07:35,57500.0,200.0,3608600.0
1205,2021-10-01 14:07:35,57500.0,100.0,3608400.0
1206,2021-10-01 14:07:35,57500.0,500.0,3608300.0
1207,2021-10-01 14:07:35,57500.0,300.0,3607800.0
1208,2021-10-01 14:07:35,57500.0,100.0,3607500.0
1209,2021-10-01 14:07:35,57500.0,500.0,3607400.0
1210,2021-10-01 14:07:35,57500.0,1000.0,3606900.0
1211,2021-10-01 14:07:35,57500.0,2100.0,3605900.0
1212,2021-10-01 14:07:35,57600.0,300.0,3603800.0
1213,2021-10-01 14:07:33,57500.0,900.0,3603500.0
1214,2021-10-01 14:07:33,57500.0,100.0,3602600.0
1215,2021-10-01 14:07:33,57600.0,100.0,3602500.0
1216,2021-10-01 14:07:33,57600.0,500.0,3602400.0
1217,2021-10-01 14:07:30,57600.0,400.0,3601900.0
1218,2021-10-01 14:07:30,57600.0,100.0,3601500.0
1219,2021-10-01 14:07:29,57600.0,500.0,3601400.0
1220,2021-10-01 14:07:24,57600.0,100.0,3600900.0
1221,2021-10-01 14:07:24,57500.0,100.0,3600800.0
1222,2021-10-01 14:07:24,57500.0,200.0,3600700.0
1223,2021-10-01 14:07:22,57500.0,300.0,3600500.0
1224,2021-10-01 14:07:22,57600.0,2000.0,3600200.0
1225,2021-10-01 14:07:21,57600.0,200.0,3598200.0
1226,2021-10-01 14:07:17,57600.0,1300.0,3598000.0
1227,2021-10-01 14:07:17,57600.0,1000.0,3596700.0
1228,2021-10-01 14:07:17,57600.0,500.0,3595700.0
1229,2021-10-01 14:07:17,57600.0,200.0,3595200.0
1230,2021-10-01 14:07:17,57500.0,1500.0,3595000.0
1231,2021-10-01 14:07:16,57600.0,100.0,3593500.0
1232,2021-10-01 14:07:16,57500.0,200.0,3593400.0
1233,2021-10-01 14:07:16,57500.0,200.0,3593200.0
1234,2021-10-01 14:07:16,57500.0,100.0,3593000.0
1235,2021-10-01 14:07:15,57500.0,400.0,3592900.0
1236,2021-10-01 14:07:15,57500.0,200.0,3592500.0
1237,2021-10-01 14:07:15,57500.0,200.0,3592300.0
1238,2021-10-01 14:07:15,57500.0,200.0,3592100.0
1239,2021-10-01 14:07:15,57500.0,1000.0,3591900.0
1240,2021-10-01 14:07:14,57600.0,700.0,3590900.0
1241,2021-10-01 14:07:14,57600.0,300.0,3590200.0
1242,2021-10-01 14:07:13,57600.0,100.0,3589900.0
1243,2021-10-01 14:07:13,57600.0,200.0,3589800.0
1244,2021-10-01 14:07:13,57600.0,100.0,3589600.0
1245,2021-10-01 14:07:12,57600.0,100.0,3589500.0
1246,2021-10-01 14:07:11,57600.0,1000.0,3589400.0
1247,2021-10-01 14:07:11,57600.0,2000.0,3588400.0
1248,2021-10-01 14:07:09,57600.0,1000.0,3586400.0
1249,2021-10-01 14:07:08,57600.0,100.0,3585400.0
1250,2021-10-01 14:07:08,57600.0,200.0,3585300.0
1251,2021-10-01 14:07:08,57600.0,100.0,3585100.0
1252,2021-10-01 14:07:08,57600.0,200.0,3585000.0
1253,2021-10-01 14:07:08,57600.0,200.0,3584800.0
1254,2021-10-01 14:07:08,57600.0,100.0,3584600.0
1255,2021-10-01 14:07:08,57600.0,100.0,3584500.0
1256,2021-10-01 14:07:08,57600.0,500.0,3584400.0
1257,2021-10-01 14:07:08,57600.0,100.0,3583900.0
1258,2021-10-01 14:07:08,57600.0,1000.0,3583800.0
1259,2021-10-01 14:07:08,57600.0,100.0,3582800.0
1260,2021-10-01 14:07:08,57600.0,500.0,3582700.0
1261,2021-10-01 14:07:07,57700.0,200.0,3582200.0
1262,2021-10-01 14:07:05,57600.0,500.0,3582000.0
1263,2021-10-01 14:07:03,57600.0,1600.0,3581500.0
1264,2021-10-01 14:07:02,57700.0,100.0,3579900.0
1265,2021-10-01 14:07:01,57600.0,2400.0,3579800.0
1266,2021-10-01 14:07:01,57600.0,100.0,3577400.0
1267,2021-10-01 14:07:01,57600.0,200.0,3577300.0
1268,2021-10-01 14:07:01,57600.0,500.0,3577100.0
1269,2021-10-01 14:07:01,57600.0,1000.0,3576600.0
1270,2021-10-01 14:06:59,57600.0,500.0,3575600.0
1271,2021-10-01 14:06:59,57600.0,300.0,3575100.0
1272,2021-10-01 14:06:58,57600.0,500.0,3574800.0
1273,2021-10-01 14:06:58,57600.0,100.0,3574300.0
1274,2021-10-01 14:06:58,57600.0,100.0,3574200.0
1275,2021-10-01 14:06:58,57600.0,500.0,3574100.0
1276,2021-10-01 14:06:58,57600.0,800.0,3573600.0
1277,2021-10-01 14:06:57,57600.0,200.0,3572800.0
1278,2021-10-01 14:06:57,57600.0,100.0,3572600.0
1279,2021-10-01 14:06:56,57700.0,1200.0,3572500.0
1280,2021-10-01 14:06:56,57700.0,3000.0,3571300.0
1281,2021-10-01 14:06:56,57700.0,200.0,3568300.0
1282,2021-10-01 14:06:56,57700.0,600.0,3568100.0
1283,2021-10-01 14:06:54,57600.0,400.0,3567500.0
1284,2021-10-01 14:06:54,57600.0,100.0,3567100.0
1285,2021-10-01 14:06:54,57600.0,500.0,3567000.0
1286,2021-10-01 14:06:49,57700.0,200.0,3566500.0
1287,2021-10-01 14:06:49,57700.0,500.0,3566300.0
1288,2021-10-01 14:06:48,57600.0,1000.0,3565800.0
1289,2021-10-01 14:06:47,57700.0,100.0,3564800.0
1290,2021-10-01 14:06:45,57700.0,300.0,3564700.0
1291,2021-10-01 14:06:44,57600.0,1000.0,3564400.0
1292,2021-10-01 14:06:44,57600.0,500.0,3563400.0
1293,2021-10-01 14:06:44,57600.0,1000.0,3562900.0
1294,2021-10-01 14:06:44,57600.0,1000.0,3561900.0
1295,2021-10-01 14:06:44,57600.0,1200.0,3560900.0
1296,2021-10-01 14:06:44,57700.0,500.0,3559700.0
1297,2021-10-01 14:06:40,57700.0,500.0,3559200.0
1298,2021-10-01 14:06:39,57600.0,800.0,3558700.0
1299,2021-10-01 14:06:39,57600.0,200.0,3557900.0
1300,2021-10-01 14:06:39,57700.0,2000.0,3557700.0
1301,2021-10-01 14:06:34,57700.0,500.0,3555700.0
1302,2021-10-01 14:06:31,57800.0,2500.0,3555200.0
1303,2021-10-01 14:06:31,57700.0,3000.0,3552700.0
1304,2021-10-01 14:06:31,57700.0,200.0,3549700.0
1305,2021-10-01 14:06:31,57700.0,100.0,3549500.0
1306,2021-10-01 14:06:31,57700.0,1000.0,3549400.0
1307,2021-10-01 14:06:31,57700.0,200.0,3548400.0
1308,2021-10-01 14:06:31,57700.0,300.0,3548200.0
1309,2021-10-01 14:06:31,57700.0,100.0,3547900.0
1310,2021-10-01 14:06:31,57700.0,500.0,3547800.0
1311,2021-10-01 14:06:31,57700.0,2500.0,3547300.0
1312,2021-10-01 14:06:31,57700.0,8200.0,3544800.0
1313,2021-10-01 14:06:31,57700.0,100.0,3536600.0
1314,2021-10-01 14:06:31,57700.0,1000.0,3536500.0
1315,2021-10-01 14:06:31,57700.0,1000.0,3535500.0
1316,2021-10-01 14:06:31,57700.0,500.0,3534500.0
1317,2021-10-01 14:06:31,57700.0,100.0,3534000.0
1318,2021-10-01 14:06:31,57700.0,1000.0,3533900.0
1319,2021-10-01 14:06:31,57700.0,200.0,3532900.0
1320,2021-10-01 14:06:31,57800.0,100.0,3532700.0
1321,2021-10-01 14:06:30,57800.0,100.0,3532600.0
1322,2021-10-01 14:06:28,57800.0,100.0,3532500.0
1323,2021-10-01 14:06:24,57800.0,100.0,3532400.0
1324,2021-10-01 14:06:23,57800.0,200.0,3532300.0
1325,2021-10-01 14:06:22,57800.0,100.0,3532100.0
1326,2021-10-01 14:06:22,57800.0,100.0,3532000.0
1327,2021-10-01 14:06:22,57800.0,500.0,3531900.0
1328,2021-10-01 14:06:22,57800.0,100.0,3531400.0
1329,2021-10-01 14:06:22,57800.0,100.0,3531300.0
1330,2021-10-01 14:06:22,57800.0,500.0,3531200.0
1331,2021-10-01 14:06:22,57800.0,100.0,3530700.0
1332,2021-10-01 14:06:22,57800.0,200.0,3530600.0
1333,2021-10-01 14:06:22,57800.0,2500.0,3530400.0
1334,2021-10-01 14:06:22,57800.0,6900.0,3527900.0
1335,2021-10-01 14:06:21,57800.0,3100.0,3521000.0
1336,2021-10-01 14:06:21,57800.0,400.0,3517900.0
1337,2021-10-01 14:06:21,57800.0,100.0,3517500.0
1338,2021-10-01 14:06:21,57800.0,100.0,3517400.0
1339,2021-10-01 14:06:21,57800.0,1000.0,3517300.0
1340,2021-10-01 14:06:21,57800.0,1000.0,3516300.0
1341,2021-10-01 14:06:21,57800.0,300.0,3515300.0
1342,2021-10-01 14:06:19,57900.0,100.0,3515000.0
1343,2021-10-01 14:06:18,57900.0,100.0,3514900.0
1344,2021-10-01 14:06:18,57800.0,700.0,3514800.0
1345,2021-10-01 14:06:18,57800.0,900.0,3514100.0
1346,2021-10-01 14:06:16,57900.0,100.0,3513200.0
1347,2021-10-01 14:06:14,57800.0,100.0,3513100.0
1348,2021-10-01 14:06:14,57800.0,200.0,3513000.0
1349,2021-10-01 14:06:13,57800.0,1100.0,3512800.0
1350,2021-10-01 14:06:13,57800.0,500.0,3511700.0
1351,2021-10-01 14:06:13,57800.0,200.0,3511200.0
1352,2021-10-01 14:06:13,57800.0,200.0,3511000.0
1353,2021-10-01 14:06:12,57900.0,100.0,3510800.0
1354,2021-10-01 14:06:07,57900.0,100.0,3510700.0
1355,2021-10-01 14:06:05,57900.0,100.0,3510600.0
1356,2021-10-01 14:06:05,57900.0,100.0,3510500.0
1357,2021-10-01 14:06:05,57900.0,1000.0,3510400.0
1358,2021-10-01 14:06:05,57900.0,100.0,3509400.0
1359,2021-10-01 14:06:04,57900.0,400.0,3509300.0
1360,2021-10-01 14:06:04,57900.0,100.0,3508900.0
1361,2021-10-01 14:06:04,57900.0,200.0,3508800.0
1362,2021-10-01 14:06:04,57900.0,100.0,3508600.0
1363,2021-10-01 14:06:04,57900.0,100.0,3508500.0
1364,2021-10-01 14:06:04,57900.0,100.0,3508400.0
1365,2021-10-01 14:06:04,57900.0,100.0,3508300.0
1366,2021-10-01 14:06:04,57900.0,200.0,3508200.0
1367,2021-10-01 14:06:04,57900.0,200.0,3508000.0
1368,2021-10-01 14:06:04,57900.0,500.0,3507800.0
1369,2021-10-01 14:06:02,57900.0,700.0,3507300.0
1370,2021-10-01 14:06:02,57900.0,1000.0,3506600.0
1371,2021-10-01 14:06:02,57900.0,100.0,3505600.0
1372,2021-10-01 14:06:02,57900.0,500.0,3505500.0
1373,2021-10-01 14:06:02,57900.0,1000.0,3505000.0
1374,2021-10-01 14:06:02,57900.0,2500.0,3504000.0
1375,2021-10-01 14:06:02,57900.0,100.0,3501500.0
1376,2021-10-01 14:06:02,57900.0,500.0,3501400.0
1377,2021-10-01 14:06:02,57900.0,200.0,3500900.0
1378,2021-10-01 14:06:02,57900.0,100.0,3500700.0
1379,2021-10-01 14:06:02,57900.0,500.0,3500600.0
1380,2021-10-01 14:06:02,57900.0,10000.0,3500100.0
1381,2021-10-01 14:06:02,57900.0,500.0,3490100.0
1382,2021-10-01 14:06:02,57900.0,500.0,3489600.0
1383,2021-10-01 14:06:02,57900.0,100.0,3489100.0
1384,2021-10-01 14:06:02,57900.0,1000.0,3489000.0
1385,2021-10-01 14:06:02,57900.0,100.0,3488000.0
1386,2021-10-01 14:06:02,57900.0,600.0,3487900.0
1387,2021-10-01 14:06:01,58000.0,400.0,3487300.0
1388,2021-10-01 14:05:59,57900.0,1400.0,3486900.0
1389,2021-10-01 14:05:59,57900.0,800.0,3485500.0
1390,2021-10-01 14:05:59,57900.0,100.0,3484700.0
1391,2021-10-01 14:05:59,57900.0,200.0,3484600.0
1392,2021-10-01 14:05:59,57900.0,2600.0,3484400.0
1393,2021-10-01 14:05:46,57900.0,2400.0,3481800.0
1394,2021-10-01 14:05:46,57900.0,100.0,3479400.0
1395,2021-10-01 14:05:46,57900.0,100.0,3479300.0
1396,2021-10-01 14:05:45,57900.0,300.0,3479200.0
1397,2021-10-01 14:05:45,57900.0,1000.0,3478900.0
1398,2021-10-01 14:05:45,57900.0,1300.0,3477900.0
1399,2021-10-01 14:05:45,57900.0,100.0,3476600.0
1400,2021-10-01 14:05:45,57900.0,500.0,3476500.0
1401,2021-10-01 14:05:45,57900.0,300.0,3476000.0
1402,2021-10-01 14:05:45,57900.0,500.0,3475700.0
1403,2021-10-01 14:05:45,57900.0,100.0,3475200.0
1404,2021-10-01 14:05:45,57900.0,900.0,3475100.0
1405,2021-10-01 14:05:42,58000.0,4000.0,3474200.0
1406,2021-10-01 14:05:36,58000.0,2300.0,3470200.0
1407,2021-10-01 14:05:36,58000.0,700.0,3467900.0
1408,2021-10-01 14:05:35,58000.0,1000.0,3467200.0
1409,2021-10-01 14:05:35,58000.0,500.0,3466200.0
1410,2021-10-01 14:05:34,58000.0,100.0,3465700.0
1411,2021-10-01 14:05:32,58000.0,100.0,3465600.0
1412,2021-10-01 14:05:31,58000.0,3600.0,3465500.0
1413,2021-10-01 14:05:31,58000.0,400.0,3461900.0
1414,2021-10-01 14:05:31,57900.0,100.0,3461500.0
1415,2021-10-01 14:05:30,58000.0,200.0,3461400.0
1416,2021-10-01 14:05:29,58000.0,500.0,3461200.0
1417,2021-10-01 14:05:29,58000.0,4500.0,3460700.0
1418,2021-10-01 14:05:29,58000.0,100.0,3456200.0
1419,2021-10-01 14:05:28,58000.0,1000.0,3456100.0
1420,2021-10-01 14:05:28,58000.0,1000.0,3455100.0
1421,2021-10-01 14:05:25,58000.0,100.0,3454100.0
1422,2021-10-01 14:05:19,58000.0,300.0,3454000.0
1423,2021-10-01 14:05:19,58000.0,100.0,3453700.0
1424,2021-10-01 14:05:19,58000.0,100.0,3453600.0
1425,2021-10-01 14:05:19,58000.0,200.0,3453500.0
1426,2021-10-01 14:05:19,58000.0,500.0,3453300.0
1427,2021-10-01 14:05:19,58000.0,200.0,3452800.0
1428,2021-10-01 14:05:19,58000.0,10000.0,3452600.0
1429,2021-10-01 14:05:19,58000.0,2000.0,3442600.0
1430,2021-10-01 14:05:19,58000.0,300.0,3440600.0
1431,2021-10-01 14:05:19,58000.0,6000.0,3440300.0
1432,2021-10-01 14:05:19,58000.0,100.0,3434300.0
1433,2021-10-01 14:05:19,58000.0,100.0,3434200.0
1434,2021-10-01 14:05:19,58000.0,2000.0,3434100.0
1435,2021-10-01 14:05:19,58000.0,100.0,3432100.0
1436,2021-10-01 14:05:19,58000.0,1000.0,3432000.0
1437,2021-10-01 14:05:19,58000.0,500.0,3431000.0
1438,2021-10-01 14:05:19,58000.0,7200.0,3430500.0
1439,2021-10-01 14:05:19,58000.0,5400.0,3423300.0
1440,2021-10-01 14:05:16,58000.0,4600.0,3417900.0
1441,2021-10-01 14:05:16,58000.0,100.0,3413300.0
1442,2021-10-01 14:05:16,58000.0,200.0,3413200.0
1443,2021-10-01 14:05:16,58000.0,1000.0,3413000.0
1444,2021-10-01 14:05:16,58000.0,100.0,3412000.0
1445,2021-10-01 14:05:16,58000.0,100.0,3411900.0
1446,2021-10-01 14:05:16,58000.0,200.0,3411800.0
1447,2021-10-01 14:05:16,58000.0,100.0,3411600.0
1448,2021-10-01 14:05:16,58000.0,100.0,3411500.0
1449,2021-10-01 14:05:16,58000.0,4500.0,3411400.0
1450,2021-10-01 14:05:16,58000.0,500.0,3406900.0
1451,2021-10-01 14:05:16,58000.0,500.0,3406400.0
1452,2021-10-01 14:05:16,58000.0,1000.0,3405900.0
1453,2021-10-01 14:05:16,58000.0,100.0,3404900.0
1454,2021-10-01 14:05:16,58000.0,200.0,3404800.0
1455,2021-10-01 14:05:16,58000.0,200.0,3404600.0
1456,2021-10-01 14:05:16,58000.0,500.0,3404400.0
1457,2021-10-01 14:05:16,58000.0,500.0,3403900.0
1458,2021-10-01 14:05:16,58000.0,1000.0,3403400.0
1459,2021-10-01 14:05:16,58000.0,1000.0,3402400.0
1460,2021-10-01 14:05:16,58000.0,1000.0,3401400.0
1461,2021-10-01 14:05:16,58000.0,500.0,3400400.0
1462,2021-10-01 14:05:16,58000.0,100.0,3399900.0
1463,2021-10-01 14:05:16,58000.0,300.0,3399800.0
1464,2021-10-01 14:05:16,58000.0,200.0,3399500.0
1465,2021-10-01 14:05:16,58000.0,100.0,3399300.0
1466,2021-10-01 14:05:16,58000.0,100.0,3399200.0
1467,2021-10-01 14:05:16,58000.0,100.0,3399100.0
1468,2021-10-01 14:05:16,58000.0,200.0,3399000.0
1469,2021-10-01 14:05:16,58000.0,500.0,3398800.0
1470,2021-10-01 14:05:16,58000.0,200.0,3398300.0
1471,2021-10-01 14:05:16,58000.0,100.0,3398100.0
1472,2021-10-01 14:05:16,58000.0,500.0,3398000.0
1473,2021-10-01 14:05:16,58000.0,1000.0,3397500.0
1474,2021-10-01 14:05:16,58000.0,100.0,3396500.0
1475,2021-10-01 14:05:16,58000.0,1000.0,3396400.0
1476,2021-10-01 14:05:16,58000.0,1000.0,3395400.0
1477,2021-10-01 14:05:12,58100.0,1000.0,3394400.0
1478,2021-10-01 14:05:12,58100.0,900.0,3393400.0
1479,2021-10-01 14:05:09,58100.0,100.0,3392500.0
1480,2021-10-01 14:05:02,58000.0,1000.0,3392400.0
1481,2021-10-01 14:05:02,58000.0,1000.0,3391400.0
1482,2021-10-01 14:05:02,58000.0,1000.0,3390400.0
1483,2021-10-01 14:05:02,58000.0,100.0,3389400.0
1484,2021-10-01 14:05:02,58000.0,100.0,3389300.0
1485,2021-10-01 14:05:01,58000.0,9900.0,3389200.0
1486,2021-10-01 14:05:01,58000.0,100.0,3379300.0
1487,2021-10-01 14:05:01,58000.0,200.0,3379200.0
1488,2021-10-01 14:05:01,58000.0,500.0,3379000.0
1489,2021-10-01 14:05:01,58000.0,100.0,3378500.0
1490,2021-10-01 14:05:01,58000.0,500.0,3378400.0
1491,2021-10-01 14:05:01,58000.0,100.0,3377900.0
1492,2021-10-01 14:05:01,58000.0,100.0,3377800.0
1493,2021-10-01 14:05:01,58000.0,200.0,3377700.0
1494,2021-10-01 14:05:01,58000.0,500.0,3377500.0
1495,2021-10-01 14:05:01,58000.0,100.0,3377000.0
1496,2021-10-01 14:05:01,58000.0,3800.0,3376900.0
1497,2021-10-01 14:05:01,58000.0,100.0,3373100.0
1498,2021-10-01 14:05:01,58000.0,2500.0,3373000.0
1499,2021-10-01 14:05:01,58000.0,500.0,3370500.0
1500,2021-10-01 14:05:01,58000.0,600.0,3370000.0
1501,2021-10-01 14:05:01,58000.0,100.0,3369400.0
1502,2021-10-01 14:05:01,58000.0,500.0,3369300.0
1503,2021-10-01 14:05:01,58000.0,2000.0,3368800.0
1504,2021-10-01 14:05:01,58000.0,1000.0,3366800.0
1505,2021-10-01 14:05:01,58000.0,500.0,3365800.0
1506,2021-10-01 14:05:01,58000.0,5000.0,3365300.0
1507,2021-10-01 14:05:01,58000.0,100.0,3360300.0
1508,2021-10-01 14:05:01,58000.0,100.0,3360200.0
1509,2021-10-01 14:05:01,58000.0,19000.0,3360100.0
1510,2021-10-01 14:05:01,58000.0,100.0,3341100.0
1511,2021-10-01 14:05:01,58000.0,500.0,3341000.0
1512,2021-10-01 14:05:01,58000.0,100.0,3340500.0
1513,2021-10-01 14:05:01,58000.0,200.0,3340400.0
1514,2021-10-01 14:05:01,58000.0,100.0,3340200.0
1515,2021-10-01 14:05:01,58000.0,3000.0,3340100.0
1516,2021-10-01 14:05:01,58000.0,200.0,3337100.0
1517,2021-10-01 14:05:01,58000.0,200.0,3336900.0
1518,2021-10-01 14:05:01,58000.0,100.0,3336700.0
1519,2021-10-01 14:05:01,58000.0,100.0,3336600.0
1520,2021-10-01 14:05:01,58000.0,100.0,3336500.0
1521,2021-10-01 14:05:01,58000.0,300.0,3336400.0
1522,2021-10-01 14:05:01,58000.0,500.0,3336100.0
1523,2021-10-01 14:05:01,58000.0,100.0,3335600.0
1524,2021-10-01 14:05:01,58000.0,500.0,3335500.0
1525,2021-10-01 14:05:01,58000.0,500.0,3335000.0
1526,2021-10-01 14:05:01,58000.0,500.0,3334500.0
1527,2021-10-01 14:05:01,58000.0,100.0,3334000.0
1528,2021-10-01 14:05:01,58000.0,100.0,3333900.0
1529,2021-10-01 14:05:01,58000.0,800.0,3333800.0
1530,2021-10-01 14:05:01,58000.0,2400.0,3333000.0
1531,2021-10-01 14:05:01,58000.0,1000.0,3330600.0
1532,2021-10-01 14:05:01,58000.0,300.0,3329600.0
1533,2021-10-01 14:05:01,58000.0,400.0,3329300.0
1534,2021-10-01 14:05:01,58000.0,300.0,3328900.0
1535,2021-10-01 14:05:01,58000.0,1000.0,3328600.0
1536,2021-10-01 14:05:01,58000.0,2000.0,3327600.0
1537,2021-10-01 14:05:01,58000.0,5000.0,3325600.0
1538,2021-10-01 14:05:01,58000.0,200.0,3320600.0
1539,2021-10-01 14:05:01,58000.0,100.0,3320400.0
1540,2021-10-01 14:05:01,58000.0,600.0,3320300.0
1541,2021-10-01 14:05:01,58000.0,5000.0,3319700.0
1542,2021-10-01 14:05:01,58000.0,100.0,3314700.0
1543,2021-10-01 14:05:01,58000.0,400.0,3314600.0
1544,2021-10-01 14:05:01,58000.0,3000.0,3314200.0
1545,2021-10-01 14:05:01,58000.0,100.0,3311200.0
1546,2021-10-01 14:05:01,58000.0,100.0,3311100.0
1547,2021-10-01 14:05:01,58000.0,300.0,3311000.0
1548,2021-10-01 14:05:01,58000.0,2000.0,3310700.0
1549,2021-10-01 14:05:01,58000.0,100.0,3308700.0
1550,2021-10-01 14:05:01,58000.0,100.0,3308600.0
1551,2021-10-01 14:05:01,58000.0,200.0,3308500.0
1552,2021-10-01 14:05:01,58000.0,500.0,3308300.0
1553,2021-10-01 14:05:01,58000.0,100.0,3307800.0
1554,2021-10-01 14:05:01,58000.0,500.0,3307700.0
1555,2021-10-01 14:05:01,58000.0,100.0,3307200.0
1556,2021-10-01 14:05:01,58000.0,100.0,3307100.0
1557,2021-10-01 14:05:01,58000.0,200.0,3307000.0
1558,2021-10-01 14:05:01,58000.0,1400.0,3306800.0
1559,2021-10-01 14:05:01,58000.0,500.0,3305400.0
1560,2021-10-01 14:05:01,58000.0,500.0,3304900.0
1561,2021-10-01 14:05:01,58000.0,100.0,3304400.0
1562,2021-10-01 14:05:01,58000.0,500.0,3304300.0
1563,2021-10-01 14:05:01,58000.0,200.0,3303800.0
1564,2021-10-01 14:05:01,58000.0,100.0,3303600.0
1565,2021-10-01 14:05:01,58000.0,100.0,3303500.0
1566,2021-10-01 14:05:01,58000.0,2000.0,3303400.0
1567,2021-10-01 14:05:01,58000.0,500.0,3301400.0
1568,2021-10-01 14:05:01,58000.0,100.0,3300900.0
1569,2021-10-01 14:05:01,58000.0,500.0,3300800.0
1570,2021-10-01 14:05:01,58000.0,200.0,3300300.0
1571,2021-10-01 14:05:01,58000.0,100.0,3300100.0
1572,2021-10-01 14:05:01,58000.0,100.0,3300000.0
1573,2021-10-01 14:05:01,58000.0,2000.0,3299900.0
1574,2021-10-01 14:05:01,58000.0,3000.0,3297900.0
1575,2021-10-01 14:05:01,58000.0,1000.0,3294900.0
1576,2021-10-01 14:05:01,58000.0,100.0,3293900.0
1577,2021-10-01 14:05:01,58000.0,100.0,3293800.0
1578,2021-10-01 14:05:01,58000.0,100.0,3293700.0
1579,2021-10-01 14:05:01,58000.0,1000.0,3293600.0
1580,2021-10-01 14:05:01,58000.0,2600.0,3292600.0
1581,2021-10-01 14:05:01,58000.0,100.0,3290000.0
1582,2021-10-01 14:05:01,58000.0,100.0,3289900.0
1583,2021-10-01 14:05:01,58000.0,900.0,3289800.0
1584,2021-10-01 14:05:01,58000.0,500.0,3288900.0
1585,2021-10-01 14:05:01,58000.0,100.0,3288400.0
1586,2021-10-01 14:05:01,58000.0,100.0,3288300.0
1587,2021-10-01 14:05:01,58000.0,200.0,3288200.0
1588,2021-10-01 14:05:01,58000.0,1000.0,3288000.0
1589,2021-10-01 14:05:01,58000.0,500.0,3287000.0
1590,2021-10-01 14:05:01,58000.0,1400.0,3286500.0
1591,2021-10-01 14:05:01,58000.0,200.0,3285100.0
1592,2021-10-01 14:05:01,58000.0,200.0,3284900.0
1593,2021-10-01 14:05:01,58000.0,300.0,3284700.0
1594,2021-10-01 14:05:01,58000.0,100.0,3284400.0
1595,2021-10-01 14:05:01,58000.0,100.0,3284300.0
1596,2021-10-01 14:05:01,58000.0,100.0,3284200.0
1597,2021-10-01 14:05:01,58000.0,200.0,3284100.0
1598,2021-10-01 14:05:01,58000.0,100.0,3283900.0
1599,2021-10-01 14:05:01,58000.0,600.0,3283800.0
1600,2021-10-01 14:05:01,58000.0,1000.0,3283200.0
1601,2021-10-01 14:05:01,58000.0,100.0,3282200.0
1602,2021-10-01 14:05:01,58000.0,1800.0,3282100.0
1603,2021-10-01 14:05:01,58000.0,200.0,3280300.0
1604,2021-10-01 14:05:01,58000.0,1000.0,3280100.0
1605,2021-10-01 14:05:01,58000.0,100.0,3279100.0
1606,2021-10-01 14:05:01,58000.0,200.0,3279000.0
1607,2021-10-01 14:05:01,58000.0,100.0,3278800.0
1608,2021-10-01 14:05:01,58000.0,2500.0,3278700.0
1609,2021-10-01 14:05:01,58000.0,500.0,3276200.0
1610,2021-10-01 14:05:01,58000.0,1000.0,3275700.0
1611,2021-10-01 14:05:01,58000.0,200.0,3274700.0
1612,2021-10-01 14:05:01,58000.0,100.0,3274500.0
1613,2021-10-01 14:05:01,58000.0,500.0,3274400.0
1614,2021-10-01 14:05:01,58000.0,100.0,3273900.0
1615,2021-10-01 14:05:01,58000.0,10000.0,3273800.0
1616,2021-10-01 14:05:01,58000.0,500.0,3263800.0
1617,2021-10-01 14:05:01,58000.0,1000.0,3263300.0
1618,2021-10-01 14:05:01,58000.0,1000.0,3262300.0
1619,2021-10-01 14:05:01,58000.0,500.0,3261300.0
1620,2021-10-01 14:05:01,58000.0,3300.0,3260800.0
1621,2021-10-01 14:05:01,58000.0,1000.0,3257500.0
1622,2021-10-01 14:05:01,58000.0,3400.0,3256500.0
1623,2021-10-01 14:05:01,58000.0,100.0,3253100.0
1624,2021-10-01 14:05:01,58000.0,300.0,3253000.0
1625,2021-10-01 14:05:01,58000.0,500.0,3252700.0
1626,2021-10-01 14:05:01,58000.0,100.0,3252200.0
1627,2021-10-01 14:05:01,58000.0,5000.0,3252100.0
1628,2021-10-01 14:05:01,58000.0,200.0,3247100.0
1629,2021-10-01 14:05:01,58000.0,100.0,3246900.0
1630,2021-10-01 14:05:01,58000.0,200.0,3246800.0
1631,2021-10-01 14:05:01,58000.0,2000.0,3246600.0
1632,2021-10-01 14:05:01,58000.0,100.0,3244600.0
1633,2021-10-01 14:05:01,58000.0,1000.0,3244500.0
1634,2021-10-01 14:05:01,58000.0,100.0,3243500.0
1635,2021-10-01 14:05:01,58000.0,200.0,3243400.0
1636,2021-10-01 14:05:01,58000.0,1000.0,3243200.0
1637,2021-10-01 14:05:01,58000.0,500.0,3242200.0
1638,2021-10-01 14:05:01,58000.0,1000.0,3241700.0
1639,2021-10-01 14:05:01,58000.0,100.0,3240700.0
1640,2021-10-01 14:05:01,58000.0,2500.0,3240600.0
1641,2021-10-01 14:05:01,58000.0,4000.0,3238100.0
1642,2021-10-01 14:05:01,58000.0,100.0,3234100.0
1643,2021-10-01 14:05:01,58000.0,500.0,3234000.0
1644,2021-10-01 14:05:01,58000.0,100.0,3233500.0
1645,2021-10-01 14:05:01,58000.0,100.0,3233400.0
1646,2021-10-01 14:05:01,58000.0,1000.0,3233300.0
1647,2021-10-01 14:05:01,58000.0,1000.0,3232300.0
1648,2021-10-01 14:05:01,58000.0,500.0,3231300.0
1649,2021-10-01 14:05:01,58000.0,100.0,3230800.0
1650,2021-10-01 14:05:01,58000.0,100.0,3230700.0
1651,2021-10-01 14:05:01,58000.0,1000.0,3230600.0
1652,2021-10-01 14:05:01,58000.0,500.0,3229600.0
1653,2021-10-01 14:05:01,58000.0,100.0,3229100.0
1654,2021-10-01 14:05:01,58000.0,500.0,3229000.0
1655,2021-10-01 14:05:01,58000.0,200.0,3228500.0
1656,2021-10-01 14:05:01,58000.0,100.0,3228300.0
1657,2021-10-01 14:05:01,58000.0,2000.0,3228200.0
1658,2021-10-01 14:05:01,58000.0,100.0,3226200.0
1659,2021-10-01 14:05:01,58000.0,1000.0,3226100.0
1660,2021-10-01 14:05:01,58000.0,100.0,3225100.0
1661,2021-10-01 14:05:01,58000.0,500.0,3225000.0
1662,2021-10-01 14:05:01,58000.0,300.0,3224500.0
1663,2021-10-01 14:05:01,58000.0,200.0,3224200.0
1664,2021-10-01 14:05:01,58000.0,200.0,3224000.0
1665,2021-10-01 14:05:01,58000.0,100.0,3223800.0
1666,2021-10-01 14:05:01,58000.0,100.0,3223700.0
1667,2021-10-01 14:05:01,58000.0,100.0,3223600.0
1668,2021-10-01 14:05:01,58000.0,100.0,3223500.0
1669,2021-10-01 14:05:01,58000.0,500.0,3223400.0
1670,2021-10-01 14:05:01,58000.0,100.0,3222900.0
1671,2021-10-01 14:05:01,58000.0,100.0,3222800.0
1672,2021-10-01 14:05:01,58000.0,10000.0,3222700.0
1673,2021-10-01 14:05:01,58100.0,100.0,3212700.0
1674,2021-10-01 14:05:01,58100.0,200.0,3212600.0
1675,2021-10-01 14:05:01,58100.0,200.0,3212400.0
1676,2021-10-01 14:05:01,58100.0,100.0,3212200.0
1677,2021-10-01 14:05:01,58100.0,100.0,3212100.0
1678,2021-10-01 14:05:01,58100.0,2000.0,3212000.0
1679,2021-10-01 14:05:01,58100.0,300.0,3210000.0
1680,2021-10-01 14:05:01,58100.0,500.0,3209700.0
1681,2021-10-01 14:04:58,58200.0,500.0,3209200.0
1682,2021-10-01 14:04:57,58100.0,100.0,3208700.0
1683,2021-10-01 14:04:52,58100.0,1900.0,3208600.0
1684,2021-10-01 14:04:52,58100.0,100.0,3206700.0
1685,2021-10-01 14:04:52,58100.0,100.0,3206600.0
1686,2021-10-01 14:04:52,58100.0,1000.0,3206500.0
1687,2021-10-01 14:04:52,58100.0,5000.0,3205500.0
1688,2021-10-01 14:04:52,58100.0,100.0,3200500.0
1689,2021-10-01 14:04:52,58100.0,400.0,3200400.0
1690,2021-10-01 14:04:52,58100.0,1000.0,3200000.0
1691,2021-10-01 14:04:52,58100.0,200.0,3199000.0
1692,2021-10-01 14:04:52,58100.0,100.0,3198800.0
1693,2021-10-01 14:04:52,58100.0,100.0,3198700.0
1694,2021-10-01 14:04:52,58100.0,300.0,3198600.0
1695,2021-10-01 14:04:52,58100.0,1000.0,3198300.0
1696,2021-10-01 14:04:52,58100.0,200.0,3197300.0
1697,2021-10-01 14:04:52,58100.0,200.0,3197100.0
1698,2021-10-01 14:04:52,58100.0,1000.0,3196900.0
1699,2021-10-01 14:04:52,58100.0,100.0,3195900.0
1700,2021-10-01 14:04:52,58100.0,100.0,3195800.0
1701,2021-10-01 14:04:52,58100.0,100.0,3195700.0
1702,2021-10-01 14:04:52,58100.0,10000.0,3195600.0
1703,2021-10-01 14:04:52,58100.0,300.0,3185600.0
1704,2021-10-01 14:04:52,58100.0,1000.0,3185300.0
1705,2021-10-01 14:04:52,58100.0,100.0,3184300.0
1706,2021-10-01 14:04:52,58100.0,100.0,3184200.0
1707,2021-10-01 14:04:52,58100.0,20000.0,3184100.0
1708,2021-10-01 14:04:52,58100.0,500.0,3164100.0
1709,2021-10-01 14:04:52,58100.0,100.0,3163600.0
1710,2021-10-01 14:04:52,58100.0,2000.0,3163500.0
1711,2021-10-01 14:04:52,58100.0,200.0,3161500.0
1712,2021-10-01 14:04:52,58100.0,15000.0,3161300.0
1713,2021-10-01 14:04:52,58100.0,10000.0,3146300.0
1714,2021-10-01 14:04:52,58100.0,500.0,3136300.0
1715,2021-10-01 14:04:52,58100.0,10000.0,3135800.0
1716,2021-10-01 14:04:52,58100.0,1000.0,3125800.0
1717,2021-10-01 14:04:52,58100.0,100.0,3124800.0
1718,2021-10-01 14:04:52,58100.0,100.0,3124700.0
1719,2021-10-01 14:04:52,58100.0,100.0,3124600.0
1720,2021-10-01 14:04:52,58100.0,600.0,3124500.0
1721,2021-10-01 14:04:52,58100.0,500.0,3123900.0
1722,2021-10-01 14:04:52,58100.0,200.0,3123400.0
1723,2021-10-01 14:04:52,58100.0,500.0,3123200.0
1724,2021-10-01 14:04:52,58100.0,500.0,3122700.0
1725,2021-10-01 14:04:52,58100.0,2000.0,3122200.0
1726,2021-10-01 14:04:52,58100.0,500.0,3120200.0
1727,2021-10-01 14:04:52,58100.0,100.0,3119700.0
1728,2021-10-01 14:04:52,58100.0,100.0,3119600.0
1729,2021-10-01 14:04:52,58100.0,100.0,3119500.0
1730,2021-10-01 14:04:52,58100.0,11500.0,3119400.0
1731,2021-10-01 14:04:52,58100.0,1000.0,3107900.0
1732,2021-10-01 14:04:52,58100.0,5000.0,3106900.0
1733,2021-10-01 14:04:52,58100.0,300.0,3101900.0
1734,2021-10-01 14:04:52,58100.0,1000.0,3101600.0
1735,2021-10-01 14:04:52,58100.0,300.0,3100600.0
1736,2021-10-01 14:04:52,58100.0,200.0,3100300.0
1737,2021-10-01 14:04:52,58200.0,100.0,3100100.0
1738,2021-10-01 14:04:48,58200.0,500.0,3100000.0
1739,2021-10-01 14:04:41,58200.0,1000.0,3099500.0
1740,2021-10-01 14:04:36,58200.0,1000.0,3098500.0
1741,2021-10-01 14:04:32,58200.0,2000.0,3097500.0
1742,2021-10-01 14:04:27,58200.0,100.0,3095500.0
1743,2021-10-01 14:04:20,58200.0,1000.0,3095400.0
1744,2021-10-01 14:04:18,58200.0,100.0,3094400.0
1745,2021-10-01 14:04:18,58200.0,100.0,3094300.0
1746,2021-10-01 14:04:15,58200.0,100.0,3094200.0
1747,2021-10-01 14:04:11,58200.0,2000.0,3094100.0
1748,2021-10-01 14:04:08,58200.0,300.0,3092100.0
1749,2021-10-01 14:04:06,58200.0,2000.0,3091800.0
1750,2021-10-01 14:04:05,58200.0,2000.0,3089800.0
1751,2021-10-01 14:04:04,58200.0,2000.0,3087800.0
1752,2021-10-01 14:04:01,58200.0,3200.0,3085800.0
1753,2021-10-01 14:04:00,58200.0,500.0,3082600.0
1754,2021-10-01 14:03:59,58200.0,100.0,3082100.0
1755,2021-10-01 14:03:59,58200.0,300.0,3082000.0
1756,2021-10-01 14:03:59,58200.0,700.0,3081700.0
1757,2021-10-01 14:03:59,58200.0,400.0,3081000.0
1758,2021-10-01 14:03:54,58200.0,2000.0,3080600.0
1759,2021-10-01 14:03:53,58200.0,200.0,3078600.0
1760,2021-10-01 14:03:39,58200.0,100.0,3078400.0
1761,2021-10-01 14:03:36,58200.0,100.0,3078300.0
1762,2021-10-01 14:03:36,58200.0,200.0,3078200.0
1763,2021-10-01 14:03:36,58200.0,5000.0,3078000.0
1764,2021-10-01 14:03:35,58200.0,2500.0,3073000.0
1765,2021-10-01 14:03:31,58200.0,500.0,3070500.0
1766,2021-10-01 14:03:31,58200.0,2000.0,3070000.0
1767,2021-10-01 14:03:27,58200.0,1000.0,3068000.0
1768,2021-10-01 14:03:27,58200.0,100.0,3067000.0
1769,2021-10-01 14:03:27,58200.0,200.0,3066900.0
1770,2021-10-01 14:03:27,58200.0,100.0,3066700.0
1771,2021-10-01 14:03:27,58200.0,2000.0,3066600.0
1772,2021-10-01 14:03:27,58200.0,200.0,3064600.0
1773,2021-10-01 14:03:27,58200.0,100.0,3064400.0
1774,2021-10-01 14:03:27,58200.0,100.0,3064300.0
1775,2021-10-01 14:03:27,58200.0,100.0,3064200.0
1776,2021-10-01 14:03:27,58200.0,2500.0,3064100.0
1777,2021-10-01 14:03:27,58200.0,500.0,3061600.0
1778,2021-10-01 14:03:27,58200.0,1000.0,3061100.0
1779,2021-10-01 14:03:27,58200.0,100.0,3060100.0
1780,2021-10-01 14:03:27,58200.0,300.0,3060000.0
1781,2021-10-01 14:03:27,58200.0,800.0,3059700.0
1782,2021-10-01 14:03:27,58200.0,500.0,3058900.0
1783,2021-10-01 14:03:27,58200.0,500.0,3058400.0
1784,2021-10-01 14:03:27,58200.0,200.0,3057900.0
1785,2021-10-01 14:03:27,58200.0,200.0,3057700.0
1786,2021-10-01 14:03:27,58200.0,500.0,3057500.0
1787,2021-10-01 14:03:27,58200.0,200.0,3057000.0
1788,2021-10-01 14:03:27,58200.0,1000.0,3056800.0
1789,2021-10-01 14:03:27,58200.0,9100.0,3055800.0
1790,2021-10-01 14:03:23,58200.0,700.0,3046700.0
1791,2021-10-01 14:03:13,58200.0,200.0,3046000.0
1792,2021-10-01 14:03:10,58200.0,1000.0,3045800.0
1793,2021-10-01 14:03:08,58200.0,100.0,3044800.0
1794,2021-10-01 14:03:06,58200.0,700.0,3044700.0
1795,2021-10-01 14:03:04,58200.0,40000.0,3044000.0
1796,2021-10-01 14:02:56,58300.0,2000.0,3004000.0
1797,2021-10-01 14:02:49,58200.0,400.0,3002000.0
1798,2021-10-01 14:02:47,58200.0,10000.0,3001600.0
1799,2021-10-01 14:02:47,58200.0,2000.0,2991600.0
1800,2021-10-01 14:02:42,58200.0,2000.0,2989600.0
1801,2021-10-01 14:02:42,58200.0,500.0,2987600.0
1802,2021-10-01 14:02:42,58200.0,2000.0,2987100.0
1803,2021-10-01 14:02:42,58200.0,200.0,2985100.0
1804,2021-10-01 14:02:42,58200.0,2000.0,2984900.0
1805,2021-10-01 14:02:42,58200.0,500.0,2982900.0
1806,2021-10-01 14:02:42,58200.0,2000.0,2982400.0
1807,2021-10-01 14:02:42,58200.0,26600.0,2980400.0
1808,2021-10-01 14:02:40,58200.0,500.0,2953800.0
1809,2021-10-01 14:02:38,58200.0,2900.0,2953300.0
1810,2021-10-01 14:02:38,58200.0,100.0,2950400.0
1811,2021-10-01 14:02:27,58200.0,10000.0,2950300.0
1812,2021-10-01 14:02:25,58200.0,100.0,2940300.0
1813,2021-10-01 14:02:25,58200.0,2000.0,2940200.0
1814,2021-10-01 14:02:23,58200.0,900.0,2938200.0
1815,2021-10-01 14:02:23,58200.0,100.0,2937300.0
1816,2021-10-01 14:02:21,58200.0,1000.0,2937200.0
1817,2021-10-01 14:02:20,58200.0,1000.0,2936200.0
1818,2021-10-01 14:02:19,58200.0,100.0,2935200.0
1819,2021-10-01 14:02:10,58200.0,100.0,2935100.0
1820,2021-10-01 14:02:08,58200.0,100.0,2935000.0
1821,2021-10-01 14:02:06,58200.0,1000.0,2934900.0
1822,2021-10-01 14:01:57,58200.0,300.0,2933900.0
1823,2021-10-01 14:01:54,58100.0,1800.0,2933600.0
1824,2021-10-01 14:01:54,58100.0,100.0,2931800.0
1825,2021-10-01 14:01:54,58100.0,200.0,2931700.0
1826,2021-10-01 14:01:54,58100.0,100.0,2931500.0
1827,2021-10-01 14:01:54,58100.0,2000.0,2931400.0
1828,2021-10-01 14:01:54,58100.0,200.0,2929400.0
1829,2021-10-01 14:01:54,58100.0,600.0,2929200.0
1830,2021-10-01 14:01:54,58200.0,400.0,2928600.0
1831,2021-10-01 14:01:50,58200.0,200.0,2928200.0
1832,2021-10-01 14:01:37,58200.0,100.0,2928000.0
1833,2021-10-01 14:01:37,58200.0,100.0,2927900.0
1834,2021-10-01 14:01:37,58200.0,100.0,2927800.0
1835,2021-10-01 14:01:37,58200.0,300.0,2927700.0
1836,2021-10-01 14:01:37,58200.0,100.0,2927400.0
1837,2021-10-01 14:01:37,58200.0,300.0,2927300.0
1838,2021-10-01 14:01:37,58200.0,100.0,2927000.0
1839,2021-10-01 14:01:37,58200.0,1000.0,2926900.0
1840,2021-10-01 14:01:37,58200.0,100.0,2925900.0
1841,2021-10-01 14:01:37,58200.0,100.0,2925800.0
1842,2021-10-01 14:01:37,58200.0,500.0,2925700.0
1843,2021-10-01 14:01:37,58200.0,200.0,2925200.0
1844,2021-10-01 14:01:37,58200.0,500.0,2925000.0
1845,2021-10-01 14:01:37,58200.0,100.0,2924500.0
1846,2021-10-01 14:01:37,58200.0,2000.0,2924400.0
1847,2021-10-01 14:01:37,58200.0,100.0,2922400.0
1848,2021-10-01 14:01:20,58200.0,200.0,2922300.0
1849,2021-10-01 14:01:20,58200.0,1000.0,2922100.0
1850,2021-10-01 14:01:20,58200.0,100.0,2921100.0
1851,2021-10-01 14:01:20,58200.0,400.0,2921000.0
1852,2021-10-01 14:01:20,58200.0,200.0,2920600.0
1853,2021-10-01 14:01:20,58200.0,100.0,2920400.0
1854,2021-10-01 14:01:02,58200.0,200.0,2920300.0
1855,2021-10-01 14:01:01,58200.0,1700.0,2920100.0
1856,2021-10-01 14:01:01,58200.0,1000.0,2918400.0
1857,2021-10-01 14:01:01,58200.0,200.0,2917400.0
1858,2021-10-01 14:01:01,58200.0,100.0,2917200.0
1859,2021-10-01 14:01:01,58200.0,500.0,2917100.0
1860,2021-10-01 14:01:01,58200.0,1000.0,2916600.0
1861,2021-10-01 14:01:01,58200.0,1500.0,2915600.0
1862,2021-10-01 14:01:01,58200.0,2000.0,2914100.0
1863,2021-10-01 14:01:01,58200.0,2000.0,2912100.0
1864,2021-10-01 14:01:00,58200.0,300.0,2910100.0
1865,2021-10-01 14:00:58,58200.0,300.0,2909800.0
1866,2021-10-01 14:00:56,58200.0,500.0,2909500.0
1867,2021-10-01 14:00:44,58200.0,500.0,2909000.0
1868,2021-10-01 14:00:40,58200.0,1000.0,2908500.0
1869,2021-10-01 14:00:37,58200.0,400.0,2907500.0
1870,2021-10-01 14:00:36,58200.0,600.0,2907100.0
1871,2021-10-01 14:00:36,58200.0,700.0,2906500.0
1872,2021-10-01 14:00:36,58200.0,100.0,2905800.0
1873,2021-10-01 14:00:36,58200.0,200.0,2905700.0
1874,2021-10-01 14:00:36,58200.0,400.0,2905500.0
1875,2021-10-01 14:00:34,58200.0,100.0,2905100.0
1876,2021-10-01 14:00:29,58200.0,200.0,2905000.0
1877,2021-10-01 14:00:29,58200.0,800.0,2904800.0
1878,2021-10-01 14:00:27,58200.0,100.0,2904000.0
1879,2021-10-01 14:00:26,58200.0,1100.0,2903900.0
1880,2021-10-01 14:00:26,58200.0,1000.0,2902800.0
1881,2021-10-01 14:00:26,58200.0,500.0,2901800.0
1882,2021-10-01 14:00:26,58200.0,2400.0,2901300.0
1883,2021-10-01 14:00:26,58200.0,1000.0,2898900.0
1884,2021-10-01 14:00:24,58200.0,1000.0,2897900.0
1885,2021-10-01 14:00:23,58200.0,100.0,2896900.0
1886,2021-10-01 14:00:22,58200.0,500.0,2896800.0
1887,2021-10-01 14:00:22,58200.0,500.0,2896300.0
1888,2021-10-01 14:00:22,58200.0,200.0,2895800.0
1889,2021-10-01 14:00:22,58200.0,200.0,2895600.0
1890,2021-10-01 14:00:22,58200.0,100.0,2895400.0
1891,2021-10-01 14:00:20,58200.0,400.0,2895300.0
1892,2021-10-01 14:00:18,58200.0,100.0,2894900.0
1893,2021-10-01 14:00:18,58200.0,100.0,2894800.0
1894,2021-10-01 14:00:17,58200.0,1000.0,2894700.0
1895,2021-10-01 14:00:16,58200.0,400.0,2893700.0
1896,2021-10-01 14:00:16,58200.0,400.0,2893300.0
1897,2021-10-01 14:00:16,58200.0,1200.0,2892900.0
1898,2021-10-01 14:00:16,58200.0,500.0,2891700.0
1899,2021-10-01 14:00:13,58200.0,1800.0,2891200.0
1900,2021-10-01 14:00:10,58200.0,16500.0,2889400.0
1901,2021-10-01 14:00:10,58200.0,500.0,2872900.0
1902,2021-10-01 14:00:10,58200.0,1000.0,2872400.0
1903,2021-10-01 14:00:10,58200.0,500.0,2871400.0
1904,2021-10-01 14:00:10,58200.0,1500.0,2870900.0
1905,2021-10-01 14:00:08,58200.0,400.0,2869400.0
1906,2021-10-01 14:00:05,58200.0,100.0,2869000.0
1907,2021-10-01 14:00:05,58100.0,400.0,2868900.0
1908,2021-10-01 14:00:05,58100.0,100.0,2868500.0
1909,2021-10-01 14:00:04,58200.0,100.0,2868400.0
1910,2021-10-01 14:00:02,58200.0,100.0,2868300.0
1911,2021-10-01 13:59:57,58200.0,1000.0,2868200.0
1912,2021-10-01 13:59:57,58200.0,1500.0,2867200.0
1913,2021-10-01 13:59:54,58100.0,400.0,2865700.0
1914,2021-10-01 13:59:54,58100.0,15000.0,2865300.0
1915,2021-10-01 13:59:54,58100.0,600.0,2850300.0
1916,2021-10-01 13:59:54,58100.0,100.0,2849700.0
1917,2021-10-01 13:59:54,58100.0,500.0,2849600.0
1918,2021-10-01 13:59:54,58100.0,2500.0,2849100.0
1919,2021-10-01 13:59:54,58100.0,900.0,2846600.0
1920,2021-10-01 13:59:52,58200.0,100.0,2845700.0
1921,2021-10-01 13:59:51,58200.0,700.0,2845600.0
1922,2021-10-01 13:59:51,58200.0,200.0,2844900.0
1923,2021-10-01 13:59:49,58200.0,300.0,2844700.0
1924,2021-10-01 13:59:47,58200.0,100.0,2844400.0
1925,2021-10-01 13:59:47,58200.0,400.0,2844300.0
1926,2021-10-01 13:59:47,58200.0,2000.0,2843900.0
1927,2021-10-01 13:59:45,58200.0,1800.0,2841900.0
1928,2021-10-01 13:59:44,58200.0,100.0,2840100.0
1929,2021-10-01 13:59:43,58200.0,200.0,2840000.0
1930,2021-10-01 13:59:42,58200.0,2500.0,2839800.0
1931,2021-10-01 13:59:36,58200.0,100.0,2837300.0
1932,2021-10-01 13:59:31,58200.0,500.0,2837200.0
1933,2021-10-01 13:59:26,58200.0,400.0,2836700.0
1934,2021-10-01 13:59:22,58200.0,500.0,2836300.0
1935,2021-10-01 13:59:20,58200.0,1000.0,2835800.0
1936,2021-10-01 13:59:18,58200.0,1700.0,2834800.0
1937,2021-10-01 13:59:13,58200.0,5000.0,2833100.0
1938,2021-10-01 13:59:13,58100.0,100.0,2828100.0
1939,2021-10-01 13:59:13,58100.0,100.0,2828000.0
1940,2021-10-01 13:59:10,58200.0,100.0,2827900.0
1941,2021-10-01 13:59:08,58200.0,1000.0,2827800.0
1942,2021-10-01 13:59:08,58100.0,300.0,2826800.0
1943,2021-10-01 13:59:08,58100.0,100.0,2826500.0
1944,2021-10-01 13:59:08,58100.0,100.0,2826400.0
1945,2021-10-01 13:59:05,58200.0,100.0,2826300.0
1946,2021-10-01 13:59:02,58200.0,100.0,2826200.0
1947,2021-10-01 13:58:53,58200.0,100.0,2826100.0
1948,2021-10-01 13:58:48,58200.0,100.0,2826000.0
1949,2021-10-01 13:58:47,58200.0,500.0,2825900.0
1950,2021-10-01 13:58:46,58200.0,100.0,2825400.0
1951,2021-10-01 13:58:40,58200.0,600.0,2825300.0
1952,2021-10-01 13:58:40,58200.0,500.0,2824700.0
1953,2021-10-01 13:58:39,58200.0,500.0,2824200.0
1954,2021-10-01 13:58:39,58200.0,1000.0,2823700.0
1955,2021-10-01 13:58:37,58200.0,200.0,2822700.0
1956,2021-10-01 13:58:36,58200.0,5000.0,2822500.0
1957,2021-10-01 13:58:29,58200.0,100.0,2817500.0
1958,2021-10-01 13:58:28,58200.0,500.0,2817400.0
1959,2021-10-01 13:58:28,58200.0,500.0,2816900.0
1960,2021-10-01 13:58:27,58200.0,300.0,2816400.0
1961,2021-10-01 13:58:20,58200.0,100.0,2816100.0
1962,2021-10-01 13:58:20,58200.0,2000.0,2816000.0
1963,2021-10-01 13:58:17,58200.0,500.0,2814000.0
1964,2021-10-01 13:58:16,58200.0,500.0,2813500.0
1965,2021-10-01 13:58:16,58200.0,1000.0,2813000.0
1966,2021-10-01 13:58:15,58200.0,1000.0,2812000.0
1967,2021-10-01 13:58:15,58200.0,200.0,2811000.0
1968,2021-10-01 13:58:12,58200.0,1000.0,2810800.0
1969,2021-10-01 13:58:10,58200.0,100.0,2809800.0
1970,2021-10-01 13:58:10,58200.0,2000.0,2809700.0
1971,2021-10-01 13:58:10,58200.0,200.0,2807700.0
1972,2021-10-01 13:58:10,58200.0,500.0,2807500.0
1973,2021-10-01 13:58:10,58200.0,2000.0,2807000.0
1974,2021-10-01 13:58:10,58200.0,100.0,2805000.0
1975,2021-10-01 13:58:10,58200.0,2000.0,2804900.0
1976,2021-10-01 13:58:10,58200.0,100.0,2802900.0
1977,2021-10-01 13:58:10,58200.0,600.0,2802800.0
1978,2021-10-01 13:58:10,58200.0,200.0,2802200.0
1979,2021-10-01 13:57:52,58300.0,200.0,2802000.0
1980,2021-10-01 13:57:46,58200.0,200.0,2801800.0
1981,2021-10-01 13:57:45,58200.0,200.0,2801600.0
1982,2021-10-01 13:57:36,58100.0,200.0,2801400.0
1983,2021-10-01 13:57:36,58200.0,200.0,2801200.0
1984,2021-10-01 13:57:36,58200.0,200.0,2801000.0
1985,2021-10-01 13:57:33,58200.0,100.0,2800800.0
1986,2021-10-01 13:57:33,58200.0,100.0,2800700.0
1987,2021-10-01 13:57:33,58200.0,400.0,2800600.0
1988,2021-10-01 13:57:28,58200.0,100.0,2800200.0
1989,2021-10-01 13:57:27,58200.0,300.0,2800100.0
1990,2021-10-01 13:57:20,58200.0,200.0,2799800.0
1991,2021-10-01 13:57:20,58200.0,2800.0,2799600.0
1992,2021-10-01 13:57:19,58200.0,200.0,2796800.0
1993,2021-10-01 13:57:13,58100.0,300.0,2796600.0
1994,2021-10-01 13:57:12,58200.0,200.0,2796300.0
1995,2021-10-01 13:57:10,58100.0,200.0,2796100.0
1996,2021-10-01 13:57:10,58200.0,200.0,2795900.0
1997,2021-10-01 13:57:10,58200.0,3300.0,2795700.0
1998,2021-10-01 13:57:08,58100.0,2000.0,2792400.0
1999,2021-10-01 13:57:04,58200.0,100.0,2790400.0
2000,2021-10-01 13:57:03,58200.0,100.0,2790300.0
2001,2021-10-01 13:57:03,58200.0,300.0,2790200.0
2002,2021-10-01 13:57:03,58200.0,600.0,2789900.0
2003,2021-10-01 13:57:01,58200.0,200.0,2789300.0
2004,2021-10-01 13:57:00,58200.0,500.0,2789100.0
2005,2021-10-01 13:56:59,58200.0,1000.0,2788600.0
2006,2021-10-01 13:56:58,58200.0,200.0,2787600.0
2007,2021-10-01 13:56:56,58200.0,200.0,2787400.0
2008,2021-10-01 13:56:52,58100.0,100.0,2787200.0
2009,2021-10-01 13:56:50,58200.0,300.0,2787100.0
2010,2021-10-01 13:56:47,58200.0,500.0,2786800.0
2011,2021-10-01 13:56:44,58200.0,100.0,2786300.0
2012,2021-10-01 13:56:44,58200.0,100.0,2786200.0
2013,2021-10-01 13:56:44,58200.0,200.0,2786100.0
2014,2021-10-01 13:56:44,58200.0,100.0,2785900.0
2015,2021-10-01 13:56:44,58200.0,100.0,2785800.0
2016,2021-10-01 13:56:44,58200.0,200.0,2785700.0
2017,2021-10-01 13:56:44,58200.0,200.0,2785500.0
2018,2021-10-01 13:56:44,58200.0,500.0,2785300.0
2019,2021-10-01 13:56:44,58200.0,100.0,2784800.0
2020,2021-10-01 13:56:44,58200.0,100.0,2784700.0
2021,2021-10-01 13:56:44,58200.0,800.0,2784600.0
2022,2021-10-01 13:56:44,58200.0,200.0,2783800.0
2023,2021-10-01 13:56:44,58200.0,1000.0,2783600.0
2024,2021-10-01 13:56:44,58200.0,100.0,2782600.0
2025,2021-10-01 13:56:44,58200.0,100.0,2782500.0
2026,2021-10-01 13:56:44,58200.0,100.0,2782400.0
2027,2021-10-01 13:56:44,58200.0,500.0,2782300.0
2028,2021-10-01 13:56:44,58200.0,100.0,2781800.0
2029,2021-10-01 13:56:44,58200.0,1000.0,2781700.0
2030,2021-10-01 13:56:44,58200.0,200.0,2780700.0
2031,2021-10-01 13:56:44,58200.0,100.0,2780500.0
2032,2021-10-01 13:56:44,58200.0,100.0,2780400.0
2033,2021-10-01 13:56:44,58200.0,100.0,2780300.0
2034,2021-10-01 13:56:44,58200.0,300.0,2780200.0
2035,2021-10-01 13:56:44,58200.0,800.0,2779900.0
2036,2021-10-01 13:56:44,58200.0,200.0,2779100.0
2037,2021-10-01 13:56:44,58200.0,1000.0,2778900.0
2038,2021-10-01 13:56:44,58200.0,100.0,2777900.0
2039,2021-10-01 13:56:44,58200.0,1000.0,2777800.0
2040,2021-10-01 13:56:44,58200.0,1000.0,2776800.0
2041,2021-10-01 13:56:44,58200.0,2000.0,2775800.0
2042,2021-10-01 13:56:44,58200.0,5000.0,2773800.0
2043,2021-10-01 13:56:44,58200.0,300.0,2768800.0
2044,2021-10-01 13:56:44,58200.0,2000.0,2768500.0
2045,2021-10-01 13:56:44,58200.0,2000.0,2766500.0
2046,2021-10-01 13:56:44,58200.0,1000.0,2764500.0
2047,2021-10-01 13:56:44,58200.0,100.0,2763500.0
2048,2021-10-01 13:56:44,58200.0,2000.0,2763400.0
