,Time,Price,Volume_per_trade,Volume
0,2021-10-18 07:45:01,64200.0,300.0,7532200.0
1,2021-10-18 07:45:01,64200.0,100.0,7531900.0
2,2021-10-18 07:45:01,64200.0,1000.0,7531800.0
3,2021-10-18 07:45:01,64200.0,1000.0,7530800.0
4,2021-10-18 07:45:01,64200.0,200.0,7529800.0
5,2021-10-18 07:45:01,64200.0,1000.0,7529600.0
6,2021-10-18 07:45:01,64200.0,1900.0,7528600.0
7,2021-10-18 07:45:01,64200.0,1700.0,7526700.0
8,2021-10-18 07:45:01,64200.0,100.0,7525000.0
9,2021-10-18 07:45:01,64200.0,200.0,7524900.0
10,2021-10-18 07:45:01,64200.0,700.0,7524700.0
11,2021-10-18 07:45:01,64200.0,100.0,7524000.0
12,2021-10-18 07:45:01,64200.0,200.0,7523900.0
13,2021-10-18 07:45:01,64200.0,1200.0,7523700.0
14,2021-10-18 07:45:01,64200.0,100.0,7522500.0
15,2021-10-18 07:45:01,64200.0,700.0,7522400.0
16,2021-10-18 07:45:01,64200.0,100.0,7521700.0
17,2021-10-18 07:45:01,64200.0,100.0,7521600.0
18,2021-10-18 07:45:01,64200.0,100.0,7521500.0
19,2021-10-18 07:45:01,64200.0,3700.0,7521400.0
20,2021-10-18 07:45:01,64200.0,1300.0,7517700.0
21,2021-10-18 07:45:01,64200.0,1700.0,7516400.0
22,2021-10-18 07:45:01,64200.0,400.0,7514700.0
23,2021-10-18 07:45:01,64200.0,1000.0,7514300.0
24,2021-10-18 07:45:01,64200.0,10000.0,7513300.0
25,2021-10-18 07:45:01,64200.0,1000.0,7503300.0
26,2021-10-18 07:45:01,64200.0,200.0,7502300.0
27,2021-10-18 07:45:01,64200.0,900.0,7502100.0
28,2021-10-18 07:45:01,64200.0,1900.0,7501200.0
29,2021-10-18 07:45:01,64200.0,1100.0,7499300.0
30,2021-10-18 07:45:01,64200.0,1000.0,7498200.0
31,2021-10-18 07:45:01,64200.0,500.0,7497200.0
32,2021-10-18 07:45:01,64200.0,1000.0,7496700.0
33,2021-10-18 07:45:01,64200.0,600.0,7495700.0
34,2021-10-18 07:45:01,64200.0,800.0,7495100.0
35,2021-10-18 07:45:01,64200.0,100.0,7494300.0
36,2021-10-18 07:45:01,64200.0,1600.0,7494200.0
37,2021-10-18 07:45:01,64200.0,500.0,7492600.0
38,2021-10-18 07:45:01,64200.0,1000.0,7492100.0
39,2021-10-18 07:45:01,64200.0,500.0,7491100.0
40,2021-10-18 07:45:01,64200.0,500.0,7490600.0
41,2021-10-18 07:45:01,64200.0,8000.0,7490100.0
42,2021-10-18 07:45:01,64200.0,1000.0,7482100.0
43,2021-10-18 07:45:01,64200.0,1500.0,7481100.0
44,2021-10-18 07:45:01,64200.0,100.0,7479600.0
45,2021-10-18 07:45:01,64200.0,100.0,7479500.0
46,2021-10-18 07:45:01,64200.0,100.0,7479400.0
47,2021-10-18 07:45:01,64200.0,300.0,7479300.0
48,2021-10-18 07:45:01,64200.0,2600.0,7479000.0
49,2021-10-18 07:45:01,64200.0,100.0,7476400.0
50,2021-10-18 07:45:01,64200.0,100.0,7476300.0
51,2021-10-18 07:45:01,64200.0,200.0,7476200.0
52,2021-10-18 07:45:01,64200.0,7000.0,7476000.0
53,2021-10-18 07:45:01,64200.0,100.0,7469000.0
54,2021-10-18 07:45:01,64200.0,100.0,7468900.0
55,2021-10-18 07:45:01,64200.0,2000.0,7468800.0
56,2021-10-18 07:45:01,64200.0,10800.0,7466800.0
57,2021-10-18 07:45:01,64200.0,100.0,7456000.0
58,2021-10-18 07:45:01,64200.0,1000.0,7455900.0
59,2021-10-18 07:45:01,64200.0,4800.0,7454900.0
60,2021-10-18 07:45:01,64200.0,3000.0,7450100.0
61,2021-10-18 07:45:01,64200.0,5000.0,7447100.0
62,2021-10-18 07:45:01,64200.0,1300.0,7442100.0
63,2021-10-18 07:45:01,64200.0,1000.0,7440800.0
64,2021-10-18 07:45:01,64200.0,500.0,7439800.0
65,2021-10-18 07:45:01,64200.0,300.0,7439300.0
66,2021-10-18 07:45:01,64200.0,10000.0,7439000.0
67,2021-10-18 07:45:01,64200.0,500.0,7429000.0
68,2021-10-18 07:45:01,64200.0,2000.0,7428500.0
69,2021-10-18 07:45:01,64200.0,2000.0,7426500.0
70,2021-10-18 07:45:01,64200.0,4000.0,7424500.0
71,2021-10-18 07:45:01,64200.0,100.0,7420500.0
72,2021-10-18 07:45:01,64200.0,400.0,7420400.0
73,2021-10-18 07:45:01,64200.0,100.0,7420000.0
74,2021-10-18 07:45:01,64200.0,1000.0,7419900.0
75,2021-10-18 07:45:01,64200.0,100.0,7418900.0
76,2021-10-18 07:45:01,64200.0,100.0,7418800.0
77,2021-10-18 07:45:01,64200.0,700.0,7418700.0
78,2021-10-18 07:45:01,64200.0,2300.0,7418000.0
79,2021-10-18 07:45:01,64200.0,200.0,7415700.0
80,2021-10-18 07:45:01,64200.0,500.0,7415500.0
81,2021-10-18 07:45:01,64200.0,2000.0,7415000.0
82,2021-10-18 07:45:01,64200.0,100.0,7413000.0
83,2021-10-18 07:45:01,64200.0,200.0,7412900.0
84,2021-10-18 07:45:01,64200.0,2700.0,7412700.0
85,2021-10-18 07:45:01,64200.0,300.0,7410000.0
86,2021-10-18 07:45:01,64200.0,700.0,7409700.0
87,2021-10-18 07:45:01,64200.0,100.0,7409000.0
88,2021-10-18 07:45:01,64200.0,500.0,7408900.0
89,2021-10-18 07:45:01,64200.0,500.0,7408400.0
90,2021-10-18 07:45:01,64200.0,100.0,7407900.0
91,2021-10-18 07:45:01,64200.0,900.0,7407800.0
92,2021-10-18 07:45:01,64200.0,200.0,7406900.0
93,2021-10-18 07:45:01,64200.0,100.0,7406700.0
94,2021-10-18 07:45:01,64200.0,1000.0,7406600.0
95,2021-10-18 07:45:01,64200.0,2000.0,7405600.0
96,2021-10-18 07:45:01,64200.0,500.0,7403600.0
97,2021-10-18 07:45:01,64200.0,6200.0,7403100.0
98,2021-10-18 07:45:01,64200.0,300.0,7396900.0
99,2021-10-18 07:45:01,64200.0,100.0,7396600.0
100,2021-10-18 07:45:01,64200.0,100.0,7396500.0
101,2021-10-18 07:45:01,64200.0,1000.0,7396400.0
102,2021-10-18 07:45:01,64200.0,1300.0,7395400.0
103,2021-10-18 07:45:01,64200.0,700.0,7394100.0
104,2021-10-18 07:45:01,64200.0,100.0,7393400.0
105,2021-10-18 07:45:01,64200.0,300.0,7393300.0
106,2021-10-18 07:45:01,64200.0,100.0,7393000.0
107,2021-10-18 07:45:01,64200.0,1000.0,7392900.0
108,2021-10-18 07:45:01,64200.0,1000.0,7391900.0
109,2021-10-18 07:45:01,64200.0,500.0,7390900.0
110,2021-10-18 07:45:01,64200.0,500.0,7390400.0
111,2021-10-18 07:45:01,64200.0,100.0,7389900.0
112,2021-10-18 07:45:01,64200.0,100.0,7389800.0
113,2021-10-18 07:45:01,64200.0,200.0,7389700.0
114,2021-10-18 07:45:01,64200.0,1000.0,7389500.0
115,2021-10-18 07:45:01,64200.0,200.0,7388500.0
116,2021-10-18 07:45:01,64200.0,100.0,7388300.0
117,2021-10-18 07:45:01,64200.0,1000.0,7388200.0
118,2021-10-18 07:45:01,64200.0,10000.0,7387200.0
119,2021-10-18 07:45:01,64200.0,100.0,7377200.0
120,2021-10-18 07:45:01,64200.0,500.0,7377100.0
121,2021-10-18 07:45:01,64200.0,100.0,7376600.0
122,2021-10-18 07:45:01,64200.0,100.0,7376500.0
123,2021-10-18 07:45:01,64200.0,500.0,7376400.0
124,2021-10-18 07:45:01,64200.0,500.0,7375900.0
125,2021-10-18 07:45:01,64200.0,100.0,7375400.0
126,2021-10-18 07:45:01,64200.0,10000.0,7375300.0
127,2021-10-18 07:45:01,64200.0,1000.0,7365300.0
128,2021-10-18 07:45:01,64200.0,2000.0,7364300.0
129,2021-10-18 07:45:01,64200.0,3000.0,7362300.0
130,2021-10-18 07:45:01,64200.0,1000.0,7359300.0
131,2021-10-18 07:45:01,64200.0,100.0,7358300.0
132,2021-10-18 07:45:01,64200.0,2000.0,7358200.0
133,2021-10-18 07:45:01,64200.0,400.0,7356200.0
134,2021-10-18 07:45:01,64200.0,200.0,7355800.0
135,2021-10-18 07:45:01,64200.0,100.0,7355600.0
136,2021-10-18 07:45:01,64200.0,100.0,7355500.0
137,2021-10-18 07:45:01,64200.0,1300.0,7355400.0
138,2021-10-18 07:45:01,64200.0,200.0,7354100.0
139,2021-10-18 07:45:01,64200.0,300.0,7353900.0
140,2021-10-18 07:45:01,64200.0,700.0,7353600.0
141,2021-10-18 07:45:01,64200.0,200.0,7352900.0
142,2021-10-18 07:45:01,64200.0,200.0,7352700.0
143,2021-10-18 07:45:01,64200.0,500.0,7352500.0
144,2021-10-18 07:45:01,64200.0,1000.0,7352000.0
145,2021-10-18 07:45:01,64200.0,300.0,7351000.0
146,2021-10-18 07:45:01,64200.0,100.0,7350700.0
147,2021-10-18 07:45:01,64200.0,1000.0,7350600.0
148,2021-10-18 07:45:01,64200.0,600.0,7349600.0
149,2021-10-18 07:45:01,64200.0,300.0,7349000.0
150,2021-10-18 07:45:01,64200.0,1000.0,7348700.0
151,2021-10-18 07:45:01,64200.0,400.0,7347700.0
152,2021-10-18 07:45:01,64200.0,600.0,7347300.0
153,2021-10-18 07:45:01,64200.0,300.0,7346700.0
154,2021-10-18 07:45:01,64200.0,500.0,7346400.0
155,2021-10-18 07:45:01,64200.0,200.0,7345900.0
156,2021-10-18 07:45:01,64200.0,800.0,7345700.0
157,2021-10-18 07:45:01,64200.0,1000.0,7344900.0
158,2021-10-18 07:45:01,64200.0,2300.0,7343900.0
159,2021-10-18 07:45:01,64200.0,900.0,7341600.0
160,2021-10-18 07:45:01,64200.0,2000.0,7340700.0
161,2021-10-18 07:45:01,64200.0,300.0,7338700.0
162,2021-10-18 07:45:01,64200.0,100.0,7338400.0
163,2021-10-18 07:45:01,64200.0,1400.0,7338300.0
164,2021-10-18 07:45:01,64200.0,100.0,7336900.0
165,2021-10-18 07:45:01,64200.0,3900.0,7336800.0
166,2021-10-18 07:45:01,64200.0,200.0,7332900.0
167,2021-10-18 07:45:01,64200.0,300.0,7332700.0
168,2021-10-18 07:45:01,64200.0,300.0,7332400.0
169,2021-10-18 07:45:01,64200.0,100.0,7332100.0
170,2021-10-18 07:45:01,64200.0,1500.0,7332000.0
171,2021-10-18 07:45:01,64200.0,100.0,7330500.0
172,2021-10-18 07:45:01,64200.0,500.0,7330400.0
173,2021-10-18 07:45:01,64200.0,100.0,7329900.0
174,2021-10-18 07:45:01,64200.0,200.0,7329800.0
175,2021-10-18 07:45:01,64200.0,1000.0,7329600.0
176,2021-10-18 07:45:01,64200.0,1000.0,7328600.0
177,2021-10-18 07:45:01,64200.0,100.0,7327600.0
178,2021-10-18 07:45:01,64200.0,100.0,7327500.0
179,2021-10-18 07:45:01,64200.0,600.0,7327400.0
180,2021-10-18 07:45:01,64200.0,1200.0,7326800.0
181,2021-10-18 07:45:01,64200.0,5000.0,7325600.0
182,2021-10-18 07:45:01,64200.0,3000.0,7320600.0
183,2021-10-18 07:45:01,64200.0,100.0,7317600.0
184,2021-10-18 07:45:01,64200.0,700.0,7317500.0
185,2021-10-18 07:45:01,64200.0,2300.0,7316800.0
186,2021-10-18 07:45:01,64200.0,400.0,7314500.0
187,2021-10-18 07:45:01,64200.0,600.0,7314100.0
188,2021-10-18 07:45:01,64200.0,800.0,7313500.0
189,2021-10-18 07:45:01,64200.0,600.0,7312700.0
190,2021-10-18 07:45:01,64200.0,1000.0,7312100.0
191,2021-10-18 07:45:01,64200.0,3500.0,7311100.0
192,2021-10-18 07:45:01,64200.0,100.0,7307600.0
193,2021-10-18 07:45:01,64200.0,600.0,7307500.0
194,2021-10-18 07:45:01,64200.0,400.0,7306900.0
195,2021-10-18 07:45:01,64200.0,1100.0,7306500.0
196,2021-10-18 07:45:01,64200.0,1500.0,7305400.0
197,2021-10-18 07:45:01,64200.0,10000.0,7303900.0
198,2021-10-18 07:45:01,64200.0,1200.0,7293900.0
199,2021-10-18 07:45:01,64200.0,300.0,7292700.0
200,2021-10-18 07:45:01,64200.0,1200.0,7292400.0
201,2021-10-18 07:45:01,64200.0,300.0,7291200.0
202,2021-10-18 07:45:01,64200.0,1500.0,7290900.0
203,2021-10-18 07:45:01,64200.0,3700.0,7289400.0
204,2021-10-18 07:45:01,64200.0,400.0,7285700.0
205,2021-10-18 07:45:01,64200.0,7000.0,7285300.0
206,2021-10-18 07:45:01,64200.0,1400.0,7278300.0
207,2021-10-18 07:45:01,64200.0,500.0,7276900.0
208,2021-10-18 07:45:01,64200.0,1000.0,7276400.0
209,2021-10-18 07:45:01,64200.0,200.0,7275400.0
210,2021-10-18 07:45:01,64200.0,200.0,7275200.0
211,2021-10-18 07:45:01,64200.0,200.0,7275000.0
212,2021-10-18 07:45:01,64200.0,7200.0,7274800.0
213,2021-10-18 07:45:01,64200.0,400.0,7267600.0
214,2021-10-18 07:45:01,64200.0,1600.0,7267200.0
215,2021-10-18 07:45:01,64200.0,500.0,7265600.0
216,2021-10-18 07:45:01,64200.0,100.0,7265100.0
217,2021-10-18 07:45:01,64200.0,100.0,7265000.0
218,2021-10-18 07:45:01,64200.0,2500.0,7264900.0
219,2021-10-18 07:45:01,64200.0,500.0,7262400.0
220,2021-10-18 07:45:01,64200.0,2500.0,7261900.0
221,2021-10-18 07:45:01,64200.0,1000.0,7259400.0
222,2021-10-18 07:45:01,64200.0,200.0,7258400.0
223,2021-10-18 07:45:01,64200.0,200.0,7258200.0
224,2021-10-18 07:45:01,64200.0,500.0,7258000.0
225,2021-10-18 07:45:01,64200.0,1500.0,7257500.0
226,2021-10-18 07:45:01,64200.0,100.0,7256000.0
227,2021-10-18 07:45:01,64200.0,200.0,7255900.0
228,2021-10-18 07:45:01,64200.0,1700.0,7255700.0
229,2021-10-18 07:45:01,64200.0,800.0,7254000.0
230,2021-10-18 07:45:01,64200.0,1200.0,7253200.0
231,2021-10-18 07:29:57,63900.0,500.0,7252000.0
232,2021-10-18 07:29:50,63800.0,200.0,7251500.0
233,2021-10-18 07:29:50,63800.0,100.0,7251300.0
234,2021-10-18 07:29:50,63800.0,100.0,7251200.0
235,2021-10-18 07:29:50,63800.0,300.0,7251100.0
236,2021-10-18 07:29:50,63800.0,200.0,7250800.0
237,2021-10-18 07:29:50,63800.0,100.0,7250600.0
238,2021-10-18 07:29:42,63800.0,400.0,7250500.0
239,2021-10-18 07:29:42,63800.0,600.0,7250100.0
240,2021-10-18 07:29:34,63800.0,400.0,7249500.0
241,2021-10-18 07:29:34,63800.0,600.0,7249100.0
242,2021-10-18 07:29:34,63900.0,2100.0,7248500.0
243,2021-10-18 07:29:32,63800.0,100.0,7246400.0
244,2021-10-18 07:29:32,63800.0,900.0,7246300.0
245,2021-10-18 07:29:28,63900.0,400.0,7245400.0
246,2021-10-18 07:29:27,63800.0,200.0,7245000.0
247,2021-10-18 07:29:27,63800.0,500.0,7244800.0
248,2021-10-18 07:29:20,63800.0,800.0,7244300.0
249,2021-10-18 07:29:17,63800.0,1000.0,7243500.0
250,2021-10-18 07:29:07,63800.0,600.0,7242500.0
251,2021-10-18 07:29:06,63900.0,500.0,7241900.0
252,2021-10-18 07:29:03,63800.0,800.0,7241400.0
253,2021-10-18 07:29:00,63900.0,2700.0,7240600.0
254,2021-10-18 07:28:59,63800.0,200.0,7237900.0
255,2021-10-18 07:28:59,63800.0,200.0,7237700.0
256,2021-10-18 07:28:59,63800.0,100.0,7237500.0
257,2021-10-18 07:28:56,63800.0,100.0,7237400.0
258,2021-10-18 07:28:56,63800.0,300.0,7237300.0
259,2021-10-18 07:28:55,63800.0,500.0,7237000.0
260,2021-10-18 07:28:54,63900.0,100.0,7236500.0
261,2021-10-18 07:28:45,63800.0,200.0,7236400.0
262,2021-10-18 07:28:45,63800.0,800.0,7236200.0
263,2021-10-18 07:28:45,63900.0,400.0,7235400.0
264,2021-10-18 07:28:45,63900.0,1000.0,7235000.0
265,2021-10-18 07:28:45,63900.0,600.0,7234000.0
266,2021-10-18 07:28:43,63800.0,2200.0,7233400.0
267,2021-10-18 07:28:43,63800.0,700.0,7231200.0
268,2021-10-18 07:28:43,63800.0,300.0,7230500.0
269,2021-10-18 07:28:43,63800.0,100.0,7230200.0
270,2021-10-18 07:28:43,63800.0,200.0,7230100.0
271,2021-10-18 07:28:43,63800.0,800.0,7229900.0
272,2021-10-18 07:28:43,63800.0,200.0,7229100.0
273,2021-10-18 07:28:43,63800.0,1000.0,7228900.0
274,2021-10-18 07:28:43,63800.0,100.0,7227900.0
275,2021-10-18 07:28:43,63800.0,1000.0,7227800.0
276,2021-10-18 07:28:43,63800.0,1000.0,7226800.0
277,2021-10-18 07:28:43,63800.0,2000.0,7225800.0
278,2021-10-18 07:28:43,63800.0,400.0,7223800.0
279,2021-10-18 07:28:37,63900.0,400.0,7223400.0
280,2021-10-18 07:28:37,63900.0,100.0,7223000.0
281,2021-10-18 07:28:32,63900.0,500.0,7222900.0
282,2021-10-18 07:28:17,63800.0,100.0,7222400.0
283,2021-10-18 07:28:17,63800.0,400.0,7222300.0
284,2021-10-18 07:28:09,63800.0,100.0,7221900.0
285,2021-10-18 07:28:09,63800.0,1000.0,7221800.0
286,2021-10-18 07:28:09,63800.0,1000.0,7220800.0
287,2021-10-18 07:28:09,63800.0,900.0,7219800.0
288,2021-10-18 07:28:09,63800.0,2000.0,7218900.0
289,2021-10-18 07:28:09,63800.0,10000.0,7216900.0
290,2021-10-18 07:28:09,63800.0,500.0,7206900.0
291,2021-10-18 07:28:09,63800.0,1000.0,7206400.0
292,2021-10-18 07:28:09,63800.0,200.0,7205400.0
293,2021-10-18 07:28:09,63800.0,500.0,7205200.0
294,2021-10-18 07:28:09,63800.0,1000.0,7204700.0
295,2021-10-18 07:28:09,63800.0,3900.0,7203700.0
296,2021-10-18 07:28:09,63900.0,1900.0,7199800.0
297,2021-10-18 07:28:09,63900.0,300.0,7197900.0
298,2021-10-18 07:28:09,63900.0,1700.0,7197600.0
299,2021-10-18 07:28:08,63900.0,1500.0,7195900.0
300,2021-10-18 07:28:08,63900.0,100.0,7194400.0
301,2021-10-18 07:28:08,63900.0,700.0,7194300.0
302,2021-10-18 07:28:06,63900.0,300.0,7193600.0
303,2021-10-18 07:28:06,63900.0,1300.0,7193300.0
304,2021-10-18 07:28:04,63900.0,300.0,7192000.0
305,2021-10-18 07:27:51,63900.0,1000.0,7191700.0
306,2021-10-18 07:27:45,63900.0,400.0,7190700.0
307,2021-10-18 07:27:45,63900.0,400.0,7190300.0
308,2021-10-18 07:27:41,63800.0,1100.0,7189900.0
309,2021-10-18 07:27:41,63800.0,500.0,7188800.0
310,2021-10-18 07:27:41,63800.0,300.0,7188300.0
311,2021-10-18 07:27:41,63800.0,2000.0,7188000.0
312,2021-10-18 07:27:41,63800.0,1000.0,7186000.0
313,2021-10-18 07:27:41,63800.0,100.0,7185000.0
314,2021-10-18 07:27:37,63900.0,700.0,7184900.0
315,2021-10-18 07:27:37,63900.0,1000.0,7184200.0
316,2021-10-18 07:27:37,63900.0,100.0,7183200.0
317,2021-10-18 07:27:37,63900.0,200.0,7183100.0
318,2021-10-18 07:27:35,63900.0,200.0,7182900.0
319,2021-10-18 07:27:35,63900.0,1000.0,7182700.0
320,2021-10-18 07:27:31,63900.0,2600.0,7181700.0
321,2021-10-18 07:27:31,63900.0,600.0,7179100.0
322,2021-10-18 07:27:31,63900.0,1800.0,7178500.0
323,2021-10-18 07:27:29,63900.0,100.0,7176700.0
324,2021-10-18 07:27:23,63900.0,200.0,7176600.0
325,2021-10-18 07:27:22,63900.0,500.0,7176400.0
326,2021-10-18 07:27:21,63900.0,100.0,7175900.0
327,2021-10-18 07:27:21,63900.0,100.0,7175800.0
328,2021-10-18 07:27:21,63900.0,200.0,7175700.0
329,2021-10-18 07:27:17,63900.0,300.0,7175500.0
330,2021-10-18 07:27:17,63900.0,100.0,7175200.0
331,2021-10-18 07:27:17,63900.0,100.0,7175100.0
332,2021-10-18 07:27:10,64000.0,100.0,7175000.0
333,2021-10-18 07:27:07,63900.0,300.0,7174900.0
334,2021-10-18 07:26:59,63900.0,200.0,7174600.0
335,2021-10-18 07:26:54,63900.0,200.0,7174400.0
336,2021-10-18 07:26:54,63900.0,500.0,7174200.0
337,2021-10-18 07:26:51,63900.0,500.0,7173700.0
338,2021-10-18 07:26:50,63900.0,1000.0,7173200.0
339,2021-10-18 07:26:49,63900.0,200.0,7172200.0
340,2021-10-18 07:26:49,63900.0,600.0,7172000.0
341,2021-10-18 07:26:49,63900.0,1500.0,7171400.0
342,2021-10-18 07:26:49,63900.0,200.0,7169900.0
343,2021-10-18 07:26:49,63900.0,5300.0,7169700.0
344,2021-10-18 07:26:45,63900.0,100.0,7164400.0
345,2021-10-18 07:26:44,63900.0,2000.0,7164300.0
346,2021-10-18 07:26:42,63900.0,100.0,7162300.0
347,2021-10-18 07:26:42,63900.0,10000.0,7162200.0
348,2021-10-18 07:26:40,63900.0,500.0,7152200.0
349,2021-10-18 07:26:40,63900.0,1500.0,7151700.0
350,2021-10-18 07:26:40,63900.0,300.0,7150200.0
351,2021-10-18 07:26:40,63900.0,500.0,7149900.0
352,2021-10-18 07:26:40,63900.0,100.0,7149400.0
353,2021-10-18 07:26:40,63900.0,500.0,7149300.0
354,2021-10-18 07:26:40,63900.0,900.0,7148800.0
355,2021-10-18 07:26:40,63900.0,100.0,7147900.0
356,2021-10-18 07:26:40,63900.0,1000.0,7147800.0
357,2021-10-18 07:26:40,63900.0,100.0,7146800.0
358,2021-10-18 07:26:37,63900.0,400.0,7146700.0
359,2021-10-18 07:26:37,63900.0,100.0,7146300.0
360,2021-10-18 07:26:37,63900.0,200.0,7146200.0
361,2021-10-18 07:26:37,63900.0,1300.0,7146000.0
362,2021-10-18 07:26:36,64000.0,100.0,7144700.0
363,2021-10-18 07:26:35,64000.0,900.0,7144600.0
364,2021-10-18 07:26:35,64000.0,4100.0,7143700.0
365,2021-10-18 07:26:34,63900.0,3700.0,7139600.0
366,2021-10-18 07:26:34,63900.0,100.0,7135900.0
367,2021-10-18 07:26:34,63900.0,2000.0,7135800.0
368,2021-10-18 07:26:34,63900.0,600.0,7133800.0
369,2021-10-18 07:26:34,63900.0,2000.0,7133200.0
370,2021-10-18 07:26:34,63900.0,11000.0,7131200.0
371,2021-10-18 07:26:34,63900.0,600.0,7120200.0
372,2021-10-18 07:26:22,63900.0,400.0,7119600.0
373,2021-10-18 07:26:22,63900.0,100.0,7119200.0
374,2021-10-18 07:26:22,63900.0,100.0,7119100.0
375,2021-10-18 07:26:22,63900.0,200.0,7119000.0
376,2021-10-18 07:26:22,63900.0,4200.0,7118800.0
377,2021-10-18 07:26:11,64000.0,200.0,7114600.0
378,2021-10-18 07:26:09,64000.0,1000.0,7114400.0
379,2021-10-18 07:26:07,64000.0,100.0,7113400.0
380,2021-10-18 07:26:07,64000.0,200.0,7113300.0
381,2021-10-18 07:26:06,64000.0,1000.0,7113100.0
382,2021-10-18 07:26:01,64000.0,2000.0,7112100.0
383,2021-10-18 07:26:01,64000.0,200.0,7110100.0
384,2021-10-18 07:26:01,64000.0,1200.0,7109900.0
385,2021-10-18 07:26:00,64000.0,400.0,7108700.0
386,2021-10-18 07:26:00,64000.0,600.0,7108300.0
387,2021-10-18 07:25:59,64000.0,400.0,7107700.0
388,2021-10-18 07:25:59,64000.0,1000.0,7107300.0
389,2021-10-18 07:25:59,64000.0,100.0,7106300.0
390,2021-10-18 07:25:59,64000.0,500.0,7106200.0
391,2021-10-18 07:25:59,64000.0,300.0,7105700.0
392,2021-10-18 07:25:59,64000.0,200.0,7105400.0
393,2021-10-18 07:25:59,64000.0,100.0,7105200.0
394,2021-10-18 07:25:59,64000.0,500.0,7105100.0
395,2021-10-18 07:25:59,64000.0,1000.0,7104600.0
396,2021-10-18 07:25:59,64000.0,1000.0,7103600.0
397,2021-10-18 07:25:59,64000.0,200.0,7102600.0
398,2021-10-18 07:25:59,64000.0,10000.0,7102400.0
399,2021-10-18 07:25:59,64000.0,500.0,7092400.0
400,2021-10-18 07:25:59,64000.0,500.0,7091900.0
401,2021-10-18 07:25:59,64000.0,1200.0,7091400.0
402,2021-10-18 07:25:59,64000.0,300.0,7090200.0
403,2021-10-18 07:25:59,64000.0,500.0,7089900.0
404,2021-10-18 07:25:59,64000.0,1000.0,7089400.0
405,2021-10-18 07:25:59,64000.0,100.0,7088400.0
406,2021-10-18 07:25:59,64000.0,100.0,7088300.0
407,2021-10-18 07:25:59,64000.0,500.0,7088200.0
408,2021-10-18 07:25:59,64000.0,1000.0,7087700.0
409,2021-10-18 07:25:59,64000.0,1000.0,7086700.0
410,2021-10-18 07:25:59,64000.0,4000.0,7085700.0
411,2021-10-18 07:25:59,64000.0,1000.0,7081700.0
412,2021-10-18 07:25:59,64000.0,100.0,7080700.0
413,2021-10-18 07:25:59,64000.0,2000.0,7080600.0
414,2021-10-18 07:25:59,64000.0,500.0,7078600.0
415,2021-10-18 07:25:59,64000.0,300.0,7078100.0
416,2021-10-18 07:25:59,64000.0,100.0,7077800.0
417,2021-10-18 07:25:57,64000.0,500.0,7077700.0
418,2021-10-18 07:25:57,64000.0,100.0,7077200.0
419,2021-10-18 07:25:53,64000.0,1500.0,7077100.0
420,2021-10-18 07:25:52,64000.0,500.0,7075600.0
421,2021-10-18 07:25:51,64000.0,300.0,7075100.0
422,2021-10-18 07:25:51,64000.0,500.0,7074800.0
423,2021-10-18 07:25:51,64000.0,500.0,7074300.0
424,2021-10-18 07:25:51,64000.0,400.0,7073800.0
425,2021-10-18 07:25:51,64000.0,500.0,7073400.0
426,2021-10-18 07:25:51,64000.0,100.0,7072900.0
427,2021-10-18 07:25:51,64000.0,1000.0,7072800.0
428,2021-10-18 07:25:51,64000.0,100.0,7071800.0
429,2021-10-18 07:25:51,64000.0,1000.0,7071700.0
430,2021-10-18 07:25:51,64000.0,1600.0,7070700.0
431,2021-10-18 07:25:50,64000.0,1400.0,7069100.0
432,2021-10-18 07:25:50,64000.0,300.0,7067700.0
433,2021-10-18 07:25:50,64000.0,100.0,7067400.0
434,2021-10-18 07:25:50,64000.0,500.0,7067300.0
435,2021-10-18 07:25:50,64000.0,300.0,7066800.0
436,2021-10-18 07:25:50,64000.0,800.0,7066500.0
437,2021-10-18 07:25:50,64000.0,1000.0,7065700.0
438,2021-10-18 07:25:50,64000.0,1000.0,7064700.0
439,2021-10-18 07:25:50,64000.0,100.0,7063700.0
440,2021-10-18 07:25:50,64000.0,400.0,7063600.0
441,2021-10-18 07:25:50,64100.0,2000.0,7063200.0
442,2021-10-18 07:25:49,64100.0,500.0,7061200.0
443,2021-10-18 07:25:49,64000.0,1600.0,7060700.0
444,2021-10-18 07:25:49,64000.0,600.0,7059100.0
445,2021-10-18 07:25:49,64000.0,1800.0,7058500.0
446,2021-10-18 07:25:49,64000.0,100.0,7056700.0
447,2021-10-18 07:25:49,64000.0,400.0,7056600.0
448,2021-10-18 07:25:49,64000.0,500.0,7056200.0
449,2021-10-18 07:25:47,64000.0,500.0,7055700.0
450,2021-10-18 07:25:47,64000.0,100.0,7055200.0
451,2021-10-18 07:25:47,64000.0,8800.0,7055100.0
452,2021-10-18 07:25:47,64000.0,1000.0,7046300.0
453,2021-10-18 07:25:47,64000.0,49600.0,7045300.0
454,2021-10-18 07:25:47,64000.0,2000.0,6995700.0
455,2021-10-18 07:25:46,64000.0,4000.0,6993700.0
456,2021-10-18 07:25:44,64000.0,15000.0,6989700.0
457,2021-10-18 07:25:41,64000.0,19400.0,6974700.0
458,2021-10-18 07:25:40,64000.0,200.0,6955300.0
459,2021-10-18 07:25:40,64000.0,500.0,6955100.0
460,2021-10-18 07:25:40,64000.0,29900.0,6954600.0
461,2021-10-18 07:25:40,64000.0,600.0,6924700.0
462,2021-10-18 07:25:37,64000.0,100.0,6924100.0
463,2021-10-18 07:25:36,64000.0,100.0,6924000.0
464,2021-10-18 07:25:35,64000.0,1000.0,6923900.0
465,2021-10-18 07:25:30,64000.0,100.0,6922900.0
466,2021-10-18 07:25:27,64000.0,100.0,6922800.0
467,2021-10-18 07:25:25,64000.0,6600.0,6922700.0
468,2021-10-18 07:25:22,64000.0,2000.0,6916100.0
469,2021-10-18 07:25:21,64000.0,1000.0,6914100.0
470,2021-10-18 07:25:18,64000.0,500.0,6913100.0
471,2021-10-18 07:25:18,64000.0,100.0,6912600.0
472,2021-10-18 07:25:13,64000.0,1000.0,6912500.0
473,2021-10-18 07:25:09,64000.0,100.0,6911500.0
474,2021-10-18 07:25:03,64000.0,600.0,6911400.0
475,2021-10-18 07:24:59,64000.0,100.0,6910800.0
476,2021-10-18 07:24:58,64000.0,1000.0,6910700.0
477,2021-10-18 07:24:56,64000.0,10000.0,6909700.0
478,2021-10-18 07:24:55,64000.0,1500.0,6899700.0
479,2021-10-18 07:24:49,64000.0,20000.0,6898200.0
480,2021-10-18 07:24:47,64100.0,300.0,6878200.0
481,2021-10-18 07:24:46,64000.0,3000.0,6877900.0
482,2021-10-18 07:24:44,64100.0,100.0,6874900.0
483,2021-10-18 07:24:38,64000.0,1600.0,6874800.0
484,2021-10-18 07:24:32,64100.0,800.0,6873200.0
485,2021-10-18 07:24:32,64100.0,600.0,6872400.0
486,2021-10-18 07:24:32,64100.0,5000.0,6871800.0
487,2021-10-18 07:24:32,64100.0,100.0,6866800.0
488,2021-10-18 07:24:32,64100.0,3500.0,6866700.0
489,2021-10-18 07:24:29,64000.0,20000.0,6863200.0
490,2021-10-18 07:24:18,64000.0,2000.0,6843200.0
491,2021-10-18 07:24:13,64000.0,5000.0,6841200.0
492,2021-10-18 07:24:08,64100.0,300.0,6836200.0
493,2021-10-18 07:24:06,64100.0,800.0,6835900.0
494,2021-10-18 07:24:06,64100.0,500.0,6835100.0
495,2021-10-18 07:24:02,64100.0,300.0,6834600.0
496,2021-10-18 07:23:56,64100.0,2000.0,6834300.0
497,2021-10-18 07:23:56,64100.0,500.0,6832300.0
498,2021-10-18 07:23:49,64100.0,2000.0,6831800.0
499,2021-10-18 07:23:41,64100.0,100.0,6829800.0
500,2021-10-18 07:23:41,64100.0,1000.0,6829700.0
501,2021-10-18 07:23:41,64100.0,4900.0,6828700.0
502,2021-10-18 07:23:36,64100.0,3000.0,6823800.0
503,2021-10-18 07:23:26,64100.0,200.0,6820800.0
504,2021-10-18 07:23:26,64100.0,1900.0,6820600.0
505,2021-10-18 07:23:24,64100.0,100.0,6818700.0
506,2021-10-18 07:23:23,64100.0,1300.0,6818600.0
507,2021-10-18 07:23:19,64100.0,500.0,6817300.0
508,2021-10-18 07:23:19,64100.0,1000.0,6816800.0
509,2021-10-18 07:23:16,64100.0,500.0,6815800.0
510,2021-10-18 07:23:16,64100.0,200.0,6815300.0
511,2021-10-18 07:23:16,64100.0,800.0,6815100.0
512,2021-10-18 07:23:09,64100.0,200.0,6814300.0
513,2021-10-18 07:23:07,64000.0,2000.0,6814100.0
514,2021-10-18 07:23:07,64000.0,400.0,6812100.0
515,2021-10-18 07:23:07,64100.0,100.0,6811700.0
516,2021-10-18 07:23:07,64100.0,5000.0,6811600.0
517,2021-10-18 07:23:07,64100.0,2000.0,6806600.0
518,2021-10-18 07:23:07,64100.0,100.0,6804600.0
519,2021-10-18 07:23:07,64100.0,25400.0,6804500.0
520,2021-10-18 07:23:04,64100.0,100.0,6779100.0
521,2021-10-18 07:23:03,64100.0,1000.0,6779000.0
522,2021-10-18 07:23:01,64100.0,500.0,6778000.0
523,2021-10-18 07:23:01,64100.0,100.0,6777500.0
524,2021-10-18 07:23:00,64200.0,100.0,6777400.0
525,2021-10-18 07:23:00,64200.0,100.0,6777300.0
526,2021-10-18 07:23:00,64200.0,10000.0,6777200.0
527,2021-10-18 07:23:00,64200.0,10000.0,6767200.0
528,2021-10-18 07:23:00,64200.0,200.0,6757200.0
529,2021-10-18 07:23:00,64200.0,4600.0,6757000.0
530,2021-10-18 07:22:55,64100.0,500.0,6752400.0
531,2021-10-18 07:22:42,64100.0,100.0,6751900.0
532,2021-10-18 07:22:38,64100.0,100.0,6751800.0
533,2021-10-18 07:22:21,64000.0,100.0,6751700.0
534,2021-10-18 07:22:21,64000.0,100.0,6751600.0
535,2021-10-18 07:22:19,64200.0,3900.0,6751500.0
536,2021-10-18 07:22:19,64100.0,1000.0,6747600.0
537,2021-10-18 07:22:19,64100.0,100.0,6746600.0
538,2021-10-18 07:22:18,64100.0,100.0,6746500.0
539,2021-10-18 07:22:18,64100.0,200.0,6746400.0
540,2021-10-18 07:22:18,64100.0,200.0,6746200.0
541,2021-10-18 07:22:16,64000.0,1900.0,6746000.0
542,2021-10-18 07:22:16,64000.0,6000.0,6744100.0
543,2021-10-18 07:22:16,64000.0,1000.0,6738100.0
544,2021-10-18 07:22:16,64000.0,500.0,6737100.0
545,2021-10-18 07:22:16,64000.0,900.0,6736600.0
546,2021-10-18 07:22:16,64000.0,100.0,6735700.0
547,2021-10-18 07:22:16,64000.0,600.0,6735600.0
548,2021-10-18 07:22:16,64000.0,200.0,6735000.0
549,2021-10-18 07:22:16,64000.0,100.0,6734800.0
550,2021-10-18 07:22:16,64000.0,400.0,6734700.0
551,2021-10-18 07:22:16,64000.0,400.0,6734300.0
552,2021-10-18 07:22:12,64000.0,600.0,6733900.0
553,2021-10-18 07:22:12,64000.0,9400.0,6733300.0
554,2021-10-18 07:22:10,64000.0,500.0,6723900.0
555,2021-10-18 07:22:08,64000.0,100.0,6723400.0
556,2021-10-18 07:22:08,64000.0,100.0,6723300.0
557,2021-10-18 07:22:08,64000.0,100.0,6723200.0
558,2021-10-18 07:22:00,64100.0,2900.0,6723100.0
559,2021-10-18 07:22:00,64100.0,300.0,6720200.0
560,2021-10-18 07:22:00,64100.0,100.0,6719900.0
561,2021-10-18 07:22:00,64100.0,2700.0,6719800.0
562,2021-10-18 07:22:00,64100.0,100.0,6717100.0
563,2021-10-18 07:21:57,64000.0,200.0,6717000.0
564,2021-10-18 07:21:50,64100.0,100.0,6716800.0
565,2021-10-18 07:21:50,64100.0,100.0,6716700.0
566,2021-10-18 07:21:49,64100.0,100.0,6716600.0
567,2021-10-18 07:21:47,64000.0,300.0,6716500.0
568,2021-10-18 07:21:47,64000.0,200.0,6716200.0
569,2021-10-18 07:21:46,64100.0,1500.0,6716000.0
570,2021-10-18 07:21:42,64100.0,300.0,6714500.0
571,2021-10-18 07:21:42,64100.0,300.0,6714200.0
572,2021-10-18 07:21:42,64100.0,200.0,6713900.0
573,2021-10-18 07:21:42,64100.0,2000.0,6713700.0
574,2021-10-18 07:21:42,64100.0,500.0,6711700.0
575,2021-10-18 07:21:39,64100.0,1000.0,6711200.0
576,2021-10-18 07:21:33,64100.0,500.0,6710200.0
577,2021-10-18 07:21:33,64100.0,500.0,6709700.0
578,2021-10-18 07:21:29,64100.0,800.0,6709200.0
579,2021-10-18 07:21:29,64100.0,200.0,6708400.0
580,2021-10-18 07:21:29,64100.0,3500.0,6708200.0
581,2021-10-18 07:21:25,64100.0,100.0,6704700.0
582,2021-10-18 07:21:25,64100.0,200.0,6704600.0
583,2021-10-18 07:21:25,64100.0,1800.0,6704400.0
584,2021-10-18 07:21:20,64100.0,200.0,6702600.0
585,2021-10-18 07:21:17,64100.0,100.0,6702400.0
586,2021-10-18 07:21:15,64100.0,1800.0,6702300.0
587,2021-10-18 07:21:13,64100.0,500.0,6700500.0
588,2021-10-18 07:21:13,64100.0,1700.0,6700000.0
589,2021-10-18 07:21:11,64100.0,1000.0,6698300.0
590,2021-10-18 07:21:11,64100.0,300.0,6697300.0
591,2021-10-18 07:21:10,64100.0,200.0,6697000.0
592,2021-10-18 07:21:09,64100.0,100.0,6696800.0
593,2021-10-18 07:21:06,64100.0,400.0,6696700.0
594,2021-10-18 07:21:06,64100.0,600.0,6696300.0
595,2021-10-18 07:21:01,64100.0,500.0,6695700.0
596,2021-10-18 07:20:57,64000.0,100.0,6695200.0
597,2021-10-18 07:20:57,64000.0,400.0,6695100.0
598,2021-10-18 07:20:55,64100.0,500.0,6694700.0
599,2021-10-18 07:20:52,64100.0,1500.0,6694200.0
600,2021-10-18 07:20:52,64100.0,2500.0,6692700.0
601,2021-10-18 07:20:52,64100.0,100.0,6690200.0
602,2021-10-18 07:20:52,64100.0,1000.0,6690100.0
603,2021-10-18 07:20:52,64100.0,1500.0,6689100.0
604,2021-10-18 07:20:52,64100.0,400.0,6687600.0
605,2021-10-18 07:20:52,64100.0,300.0,6687200.0
606,2021-10-18 07:20:52,64100.0,1000.0,6686900.0
607,2021-10-18 07:20:52,64100.0,100.0,6685900.0
608,2021-10-18 07:20:45,64100.0,200.0,6685800.0
609,2021-10-18 07:20:45,64100.0,5000.0,6685600.0
610,2021-10-18 07:20:45,64100.0,300.0,6680600.0
611,2021-10-18 07:20:45,64100.0,300.0,6680300.0
612,2021-10-18 07:20:45,64100.0,1200.0,6680000.0
613,2021-10-18 07:20:45,64100.0,100.0,6678800.0
614,2021-10-18 07:20:39,64100.0,700.0,6678700.0
615,2021-10-18 07:20:39,64100.0,4300.0,6678000.0
616,2021-10-18 07:20:36,64100.0,100.0,6673700.0
617,2021-10-18 07:20:26,64100.0,2000.0,6673600.0
618,2021-10-18 07:20:24,64200.0,500.0,6671600.0
619,2021-10-18 07:20:22,64100.0,2000.0,6671100.0
620,2021-10-18 07:20:13,64200.0,1000.0,6669100.0
621,2021-10-18 07:20:08,64100.0,1000.0,6668100.0
622,2021-10-18 07:19:47,64100.0,200.0,6667100.0
623,2021-10-18 07:19:43,64100.0,1000.0,6666900.0
624,2021-10-18 07:19:41,64100.0,1400.0,6665900.0
625,2021-10-18 07:19:41,64100.0,200.0,6664500.0
626,2021-10-18 07:19:41,64100.0,1000.0,6664300.0
627,2021-10-18 07:19:41,64100.0,5000.0,6663300.0
628,2021-10-18 07:19:41,64100.0,1000.0,6658300.0
629,2021-10-18 07:19:41,64100.0,2000.0,6657300.0
630,2021-10-18 07:19:41,64100.0,300.0,6655300.0
631,2021-10-18 07:19:41,64100.0,100.0,6655000.0
632,2021-10-18 07:19:41,64100.0,700.0,6654900.0
633,2021-10-18 07:19:41,64100.0,1000.0,6654200.0
634,2021-10-18 07:19:41,64100.0,300.0,6653200.0
635,2021-10-18 07:19:41,64100.0,200.0,6652900.0
636,2021-10-18 07:19:41,64100.0,600.0,6652700.0
637,2021-10-18 07:19:38,64100.0,400.0,6652100.0
638,2021-10-18 07:19:38,64100.0,100.0,6651700.0
639,2021-10-18 07:19:36,64100.0,600.0,6651600.0
640,2021-10-18 07:19:36,64100.0,500.0,6651000.0
641,2021-10-18 07:19:36,64100.0,1700.0,6650500.0
642,2021-10-18 07:19:36,64100.0,200.0,6648800.0
643,2021-10-18 07:19:36,64200.0,900.0,6648600.0
644,2021-10-18 07:19:32,64100.0,400.0,6647700.0
645,2021-10-18 07:19:32,64100.0,100.0,6647300.0
646,2021-10-18 07:19:30,64100.0,500.0,6647200.0
647,2021-10-18 07:19:22,64100.0,500.0,6646700.0
648,2021-10-18 07:19:14,64100.0,200.0,6646200.0
649,2021-10-18 07:19:10,64100.0,200.0,6646000.0
650,2021-10-18 07:18:57,64100.0,300.0,6645800.0
651,2021-10-18 07:18:43,64200.0,3000.0,6645500.0
652,2021-10-18 07:18:36,64100.0,1400.0,6642500.0
653,2021-10-18 07:18:34,64100.0,200.0,6641100.0
654,2021-10-18 07:18:33,64100.0,500.0,6640900.0
655,2021-10-18 07:18:33,64100.0,400.0,6640400.0
656,2021-10-18 07:18:33,64100.0,200.0,6640000.0
657,2021-10-18 07:18:33,64100.0,1000.0,6639800.0
658,2021-10-18 07:18:33,64100.0,400.0,6638800.0
659,2021-10-18 07:18:33,64100.0,500.0,6638400.0
660,2021-10-18 07:18:33,64100.0,2400.0,6637900.0
661,2021-10-18 07:18:31,64200.0,3000.0,6635500.0
662,2021-10-18 07:18:16,64100.0,500.0,6632500.0
663,2021-10-18 07:18:14,64200.0,3500.0,6632000.0
664,2021-10-18 07:18:06,64100.0,400.0,6628500.0
665,2021-10-18 07:18:06,64100.0,1000.0,6628100.0
666,2021-10-18 07:18:06,64100.0,700.0,6627100.0
667,2021-10-18 07:18:05,64100.0,1400.0,6626400.0
668,2021-10-18 07:18:05,64100.0,2500.0,6625000.0
669,2021-10-18 07:18:05,64100.0,100.0,6622500.0
670,2021-10-18 07:18:04,64100.0,1200.0,6622400.0
671,2021-10-18 07:18:01,64100.0,300.0,6621200.0
672,2021-10-18 07:17:59,64100.0,1000.0,6620900.0
673,2021-10-18 07:17:59,64100.0,500.0,6619900.0
674,2021-10-18 07:17:53,64100.0,5000.0,6619400.0
675,2021-10-18 07:17:53,64100.0,400.0,6614400.0
676,2021-10-18 07:17:52,64000.0,9600.0,6614000.0
677,2021-10-18 07:17:52,64000.0,100.0,6604400.0
678,2021-10-18 07:17:52,64000.0,100.0,6604300.0
679,2021-10-18 07:17:52,64000.0,400.0,6604200.0
680,2021-10-18 07:17:52,64000.0,2400.0,6603800.0
681,2021-10-18 07:17:52,64000.0,500.0,6601400.0
682,2021-10-18 07:17:52,64000.0,5000.0,6600900.0
683,2021-10-18 07:17:52,64000.0,2000.0,6595900.0
684,2021-10-18 07:17:52,64000.0,700.0,6593900.0
685,2021-10-18 07:17:52,64000.0,1000.0,6593200.0
686,2021-10-18 07:17:52,64000.0,2000.0,6592200.0
687,2021-10-18 07:17:52,64000.0,100.0,6590200.0
688,2021-10-18 07:17:52,64000.0,400.0,6590100.0
689,2021-10-18 07:17:52,64000.0,500.0,6589700.0
690,2021-10-18 07:17:52,64000.0,1000.0,6589200.0
691,2021-10-18 07:17:52,64000.0,100.0,6588200.0
692,2021-10-18 07:17:52,64000.0,100.0,6588100.0
693,2021-10-18 07:17:52,64000.0,1000.0,6588000.0
694,2021-10-18 07:17:52,64000.0,1000.0,6587000.0
695,2021-10-18 07:17:52,64000.0,1000.0,6586000.0
696,2021-10-18 07:17:52,64000.0,1000.0,6585000.0
697,2021-10-18 07:17:52,64000.0,100.0,6584000.0
698,2021-10-18 07:17:52,64000.0,1000.0,6583900.0
699,2021-10-18 07:17:52,64000.0,1000.0,6582900.0
700,2021-10-18 07:17:52,64000.0,500.0,6581900.0
701,2021-10-18 07:17:52,64000.0,5000.0,6581400.0
702,2021-10-18 07:17:52,64000.0,700.0,6576400.0
703,2021-10-18 07:17:52,64000.0,300.0,6575700.0
704,2021-10-18 07:17:52,64000.0,2000.0,6575400.0
705,2021-10-18 07:17:52,64000.0,5000.0,6573400.0
706,2021-10-18 07:17:52,64000.0,200.0,6568400.0
707,2021-10-18 07:17:52,64000.0,1000.0,6568200.0
708,2021-10-18 07:17:52,64000.0,100.0,6567200.0
709,2021-10-18 07:17:52,64000.0,1300.0,6567100.0
710,2021-10-18 07:17:52,64000.0,400.0,6565800.0
711,2021-10-18 07:17:52,64000.0,300.0,6565400.0
712,2021-10-18 07:17:52,64000.0,1100.0,6565100.0
713,2021-10-18 07:17:49,64100.0,1600.0,6564000.0
714,2021-10-18 07:17:49,64100.0,300.0,6562400.0
715,2021-10-18 07:17:49,64100.0,500.0,6562100.0
716,2021-10-18 07:17:49,64100.0,200.0,6561600.0
717,2021-10-18 07:17:49,64100.0,2000.0,6561400.0
718,2021-10-18 07:17:49,64100.0,15400.0,6559400.0
719,2021-10-18 07:17:46,64000.0,300.0,6544000.0
720,2021-10-18 07:17:37,64000.0,2000.0,6543700.0
721,2021-10-18 07:17:35,64000.0,2000.0,6541700.0
722,2021-10-18 07:17:34,64000.0,1500.0,6539700.0
723,2021-10-18 07:17:25,64000.0,1000.0,6538200.0
724,2021-10-18 07:17:22,64100.0,800.0,6537200.0
725,2021-10-18 07:17:22,64100.0,100.0,6536400.0
726,2021-10-18 07:17:20,64000.0,100.0,6536300.0
727,2021-10-18 07:17:20,64000.0,2000.0,6536200.0
728,2021-10-18 07:17:20,64000.0,100.0,6534200.0
729,2021-10-18 07:17:20,64000.0,1000.0,6534100.0
730,2021-10-18 07:17:20,64000.0,1800.0,6533100.0
731,2021-10-18 07:17:17,64100.0,1000.0,6531300.0
732,2021-10-18 07:17:15,64000.0,1800.0,6530300.0
733,2021-10-18 07:17:15,64000.0,200.0,6528500.0
734,2021-10-18 07:17:15,64000.0,500.0,6528300.0
735,2021-10-18 07:17:15,64000.0,500.0,6527800.0
736,2021-10-18 07:17:15,64000.0,200.0,6527300.0
737,2021-10-18 07:17:12,64100.0,1000.0,6527100.0
738,2021-10-18 07:17:08,64100.0,1700.0,6526100.0
739,2021-10-18 07:17:08,64100.0,300.0,6524400.0
740,2021-10-18 07:17:08,64000.0,1000.0,6524100.0
741,2021-10-18 07:17:05,64100.0,3000.0,6523100.0
742,2021-10-18 07:16:58,64000.0,1000.0,6520100.0
743,2021-10-18 07:16:54,64100.0,600.0,6519100.0
744,2021-10-18 07:16:51,64100.0,400.0,6518500.0
745,2021-10-18 07:16:50,64100.0,3200.0,6518100.0
746,2021-10-18 07:16:44,64000.0,2000.0,6514900.0
747,2021-10-18 07:16:43,64100.0,200.0,6512900.0
748,2021-10-18 07:16:39,64100.0,3000.0,6512700.0
749,2021-10-18 07:16:37,64100.0,3000.0,6509700.0
750,2021-10-18 07:16:37,64100.0,200.0,6506700.0
751,2021-10-18 07:16:37,64100.0,1000.0,6506500.0
752,2021-10-18 07:16:37,64100.0,900.0,6505500.0
753,2021-10-18 07:16:37,64100.0,100.0,6504600.0
754,2021-10-18 07:16:37,64100.0,1000.0,6504500.0
755,2021-10-18 07:16:37,64100.0,2000.0,6503500.0
756,2021-10-18 07:16:37,64100.0,1000.0,6501500.0
757,2021-10-18 07:16:37,64100.0,100.0,6500500.0
758,2021-10-18 07:16:37,64100.0,500.0,6500400.0
759,2021-10-18 07:16:37,64100.0,4500.0,6499900.0
760,2021-10-18 07:16:34,64200.0,3000.0,6495400.0
761,2021-10-18 07:16:27,64200.0,600.0,6492400.0
762,2021-10-18 07:16:25,64200.0,100.0,6491800.0
763,2021-10-18 07:16:25,64200.0,500.0,6491700.0
764,2021-10-18 07:16:25,64200.0,3000.0,6491200.0
765,2021-10-18 07:16:25,64200.0,2400.0,6488200.0
766,2021-10-18 07:16:22,64200.0,2600.0,6485800.0
767,2021-10-18 07:16:22,64200.0,3000.0,6483200.0
768,2021-10-18 07:16:22,64200.0,900.0,6480200.0
769,2021-10-18 07:16:22,64200.0,5000.0,6479300.0
770,2021-10-18 07:16:22,64200.0,100.0,6474300.0
771,2021-10-18 07:16:22,64200.0,2000.0,6474200.0
772,2021-10-18 07:16:22,64200.0,500.0,6472200.0
773,2021-10-18 07:16:22,64200.0,10900.0,6471700.0
774,2021-10-18 07:16:20,64300.0,1000.0,6460800.0
775,2021-10-18 07:16:13,64200.0,1000.0,6459800.0
776,2021-10-18 07:16:08,64200.0,100.0,6458800.0
777,2021-10-18 07:16:08,64200.0,200.0,6458700.0
778,2021-10-18 07:16:08,64200.0,200.0,6458500.0
779,2021-10-18 07:16:06,64200.0,1000.0,6458300.0
780,2021-10-18 07:16:05,64200.0,300.0,6457300.0
781,2021-10-18 07:16:00,64200.0,200.0,6457000.0
782,2021-10-18 07:15:49,64200.0,200.0,6456800.0
783,2021-10-18 07:15:49,64200.0,100.0,6456600.0
784,2021-10-18 07:15:49,64200.0,7600.0,6456500.0
785,2021-10-18 07:15:49,64200.0,100.0,6448900.0
786,2021-10-18 07:15:49,64200.0,100.0,6448800.0
787,2021-10-18 07:15:49,64200.0,1500.0,6448700.0
788,2021-10-18 07:15:49,64200.0,1000.0,6447200.0
789,2021-10-18 07:15:49,64200.0,1000.0,6446200.0
790,2021-10-18 07:15:49,64200.0,500.0,6445200.0
791,2021-10-18 07:15:49,64200.0,2000.0,6444700.0
792,2021-10-18 07:15:49,64200.0,200.0,6442700.0
793,2021-10-18 07:15:48,64100.0,2000.0,6442500.0
794,2021-10-18 07:15:36,64200.0,100.0,6440500.0
795,2021-10-18 07:15:35,64100.0,100.0,6440400.0
796,2021-10-18 07:15:35,64100.0,200.0,6440300.0
797,2021-10-18 07:15:35,64100.0,1000.0,6440100.0
798,2021-10-18 07:15:35,64100.0,1000.0,6439100.0
799,2021-10-18 07:15:35,64100.0,200.0,6438100.0
800,2021-10-18 07:15:35,64100.0,1000.0,6437900.0
801,2021-10-18 07:15:34,64100.0,200.0,6436900.0
802,2021-10-18 07:15:34,64100.0,1000.0,6436700.0
803,2021-10-18 07:15:34,64100.0,1000.0,6435700.0
804,2021-10-18 07:15:34,64100.0,400.0,6434700.0
805,2021-10-18 07:15:33,64100.0,100.0,6434300.0
806,2021-10-18 07:15:33,64100.0,200.0,6434200.0
807,2021-10-18 07:15:33,64100.0,100.0,6434000.0
808,2021-10-18 07:15:33,64100.0,100.0,6433900.0
809,2021-10-18 07:15:33,64100.0,200.0,6433800.0
810,2021-10-18 07:15:33,64100.0,200.0,6433600.0
811,2021-10-18 07:15:33,64100.0,300.0,6433400.0
812,2021-10-18 07:15:33,64100.0,300.0,6433100.0
813,2021-10-18 07:15:33,64100.0,500.0,6432800.0
814,2021-10-18 07:15:33,64100.0,300.0,6432300.0
815,2021-10-18 07:15:33,64100.0,2400.0,6432000.0
816,2021-10-18 07:15:31,64100.0,200.0,6429600.0
817,2021-10-18 07:15:29,64100.0,5000.0,6429400.0
818,2021-10-18 07:15:28,64100.0,1000.0,6424400.0
819,2021-10-18 07:15:28,64100.0,1100.0,6423400.0
820,2021-10-18 07:15:26,64100.0,300.0,6422300.0
821,2021-10-18 07:15:26,64100.0,2200.0,6422000.0
822,2021-10-18 07:15:14,64100.0,100.0,6419800.0
823,2021-10-18 07:15:12,64100.0,500.0,6419700.0
824,2021-10-18 07:15:10,64000.0,4000.0,6419200.0
825,2021-10-18 07:15:09,64100.0,200.0,6415200.0
826,2021-10-18 07:15:09,64100.0,100.0,6415000.0
827,2021-10-18 07:15:09,64100.0,700.0,6414900.0
828,2021-10-18 07:15:07,64100.0,5000.0,6414200.0
829,2021-10-18 07:14:59,64100.0,100.0,6409200.0
830,2021-10-18 07:14:51,64000.0,100.0,6409100.0
831,2021-10-18 07:14:49,64100.0,2500.0,6409000.0
832,2021-10-18 07:14:48,64100.0,5000.0,6406500.0
833,2021-10-18 07:14:45,64100.0,700.0,6401500.0
834,2021-10-18 07:14:41,64100.0,1000.0,6400800.0
835,2021-10-18 07:14:41,64100.0,1000.0,6399800.0
836,2021-10-18 07:14:40,64100.0,1000.0,6398800.0
837,2021-10-18 07:14:36,64100.0,2000.0,6397800.0
838,2021-10-18 07:14:34,64100.0,500.0,6395800.0
839,2021-10-18 07:14:32,64100.0,200.0,6395300.0
840,2021-10-18 07:14:27,64100.0,300.0,6395100.0
841,2021-10-18 07:14:27,64100.0,5800.0,6394800.0
842,2021-10-18 07:14:24,64100.0,1000.0,6389000.0
843,2021-10-18 07:14:10,64000.0,1900.0,6388000.0
844,2021-10-18 07:14:09,64000.0,1000.0,6386100.0
845,2021-10-18 07:14:09,64000.0,200.0,6385100.0
846,2021-10-18 07:14:07,64000.0,200.0,6384900.0
847,2021-10-18 07:14:05,64000.0,1500.0,6384700.0
848,2021-10-18 07:14:04,64000.0,500.0,6383200.0
849,2021-10-18 07:14:04,64000.0,100.0,6382700.0
850,2021-10-18 07:14:04,64000.0,100.0,6382600.0
851,2021-10-18 07:14:04,64000.0,1000.0,6382500.0
852,2021-10-18 07:14:04,64000.0,2000.0,6381500.0
853,2021-10-18 07:14:04,64000.0,500.0,6379500.0
854,2021-10-18 07:14:04,64000.0,200.0,6379000.0
855,2021-10-18 07:14:04,64000.0,100.0,6378800.0
856,2021-10-18 07:14:04,64000.0,400.0,6378700.0
857,2021-10-18 07:14:04,64000.0,100.0,6378300.0
858,2021-10-18 07:14:04,64000.0,100.0,6378200.0
859,2021-10-18 07:14:04,64000.0,100.0,6378100.0
860,2021-10-18 07:14:00,64100.0,100.0,6378000.0
861,2021-10-18 07:13:57,64000.0,200.0,6377900.0
862,2021-10-18 07:13:47,64000.0,100.0,6377700.0
863,2021-10-18 07:13:47,64000.0,1000.0,6377600.0
864,2021-10-18 07:13:47,64000.0,600.0,6376600.0
865,2021-10-18 07:13:44,64000.0,400.0,6376000.0
866,2021-10-18 07:13:44,64000.0,200.0,6375600.0
867,2021-10-18 07:13:44,64000.0,9500.0,6375400.0
868,2021-10-18 07:13:44,64000.0,2000.0,6365900.0
869,2021-10-18 07:13:44,64000.0,800.0,6363900.0
870,2021-10-18 07:13:44,64000.0,200.0,6363100.0
871,2021-10-18 07:13:44,64000.0,300.0,6362900.0
872,2021-10-18 07:13:44,64000.0,7500.0,6362600.0
873,2021-10-18 07:13:44,64000.0,1800.0,6355100.0
874,2021-10-18 07:13:41,64000.0,200.0,6353300.0
875,2021-10-18 07:13:37,64000.0,3000.0,6353100.0
876,2021-10-18 07:13:32,64000.0,1000.0,6350100.0
877,2021-10-18 07:13:23,64000.0,500.0,6349100.0
878,2021-10-18 07:13:20,64000.0,500.0,6348600.0
879,2021-10-18 07:13:18,64000.0,500.0,6348100.0
880,2021-10-18 07:13:16,64000.0,100.0,6347600.0
881,2021-10-18 07:13:15,64000.0,500.0,6347500.0
882,2021-10-18 07:13:15,64000.0,200.0,6347000.0
883,2021-10-18 07:13:15,64000.0,300.0,6346800.0
884,2021-10-18 07:13:13,64000.0,1500.0,6346500.0
885,2021-10-18 07:13:13,64000.0,200.0,6345000.0
886,2021-10-18 07:13:11,64000.0,200.0,6344800.0
887,2021-10-18 07:13:10,64000.0,500.0,6344600.0
888,2021-10-18 07:13:09,64000.0,100.0,6344100.0
889,2021-10-18 07:13:08,64000.0,2500.0,6344000.0
890,2021-10-18 07:13:08,64000.0,100.0,6341500.0
891,2021-10-18 07:13:08,64000.0,8800.0,6341400.0
892,2021-10-18 07:13:07,64000.0,200.0,6332600.0
893,2021-10-18 07:13:00,64000.0,1000.0,6332400.0
894,2021-10-18 07:13:00,64000.0,100.0,6331400.0
895,2021-10-18 07:13:00,64000.0,200.0,6331300.0
896,2021-10-18 07:13:00,64000.0,600.0,6331100.0
897,2021-10-18 07:13:00,64000.0,300.0,6330500.0
898,2021-10-18 07:13:00,64000.0,1000.0,6330200.0
899,2021-10-18 07:13:00,64000.0,26800.0,6329200.0
900,2021-10-18 07:13:00,64100.0,800.0,6302400.0
901,2021-10-18 07:12:58,64100.0,100.0,6301600.0
902,2021-10-18 07:12:56,64100.0,1100.0,6301500.0
903,2021-10-18 07:12:50,64100.0,700.0,6300400.0
904,2021-10-18 07:12:49,64000.0,300.0,6299700.0
905,2021-10-18 07:12:49,64000.0,300.0,6299400.0
906,2021-10-18 07:12:49,64000.0,1500.0,6299100.0
907,2021-10-18 07:12:49,64000.0,21100.0,6297600.0
908,2021-10-18 07:12:48,64000.0,500.0,6276500.0
909,2021-10-18 07:12:46,64000.0,100.0,6276000.0
910,2021-10-18 07:12:44,64000.0,100.0,6275900.0
911,2021-10-18 07:12:44,64000.0,1000.0,6275800.0
912,2021-10-18 07:12:43,64000.0,5000.0,6274800.0
913,2021-10-18 07:12:42,64000.0,400.0,6269800.0
914,2021-10-18 07:12:42,64000.0,500.0,6269400.0
915,2021-10-18 07:12:42,64000.0,1300.0,6268900.0
916,2021-10-18 07:12:36,64000.0,200.0,6267600.0
917,2021-10-18 07:12:36,64000.0,1000.0,6267400.0
918,2021-10-18 07:12:36,64000.0,500.0,6266400.0
919,2021-10-18 07:12:35,64000.0,2000.0,6265900.0
920,2021-10-18 07:12:35,64000.0,500.0,6263900.0
921,2021-10-18 07:12:33,64000.0,100.0,6263400.0
922,2021-10-18 07:12:25,64000.0,100.0,6263300.0
923,2021-10-18 07:12:23,64000.0,5000.0,6263200.0
924,2021-10-18 07:12:21,64000.0,800.0,6258200.0
925,2021-10-18 07:12:21,64000.0,100.0,6257400.0
926,2021-10-18 07:12:20,64000.0,300.0,6257300.0
927,2021-10-18 07:12:20,64000.0,200.0,6257000.0
928,2021-10-18 07:12:20,64000.0,400.0,6256800.0
929,2021-10-18 07:12:16,64000.0,500.0,6256400.0
930,2021-10-18 07:12:16,64000.0,200.0,6255900.0
931,2021-10-18 07:12:16,64000.0,200.0,6255700.0
932,2021-10-18 07:12:16,64000.0,100.0,6255500.0
933,2021-10-18 07:12:15,64000.0,200.0,6255400.0
934,2021-10-18 07:12:15,64000.0,200.0,6255200.0
935,2021-10-18 07:12:15,64000.0,100.0,6255000.0
936,2021-10-18 07:12:15,64000.0,700.0,6254900.0
937,2021-10-18 07:12:15,64000.0,200.0,6254200.0
938,2021-10-18 07:12:15,64000.0,200.0,6254000.0
939,2021-10-18 07:12:15,64000.0,300.0,6253800.0
940,2021-10-18 07:12:15,64000.0,200.0,6253500.0
941,2021-10-18 07:12:15,64000.0,1000.0,6253300.0
942,2021-10-18 07:12:15,64000.0,2000.0,6252300.0
943,2021-10-18 07:12:15,64000.0,400.0,6250300.0
944,2021-10-18 07:12:14,63900.0,100.0,6249900.0
945,2021-10-18 07:12:13,63900.0,700.0,6249800.0
946,2021-10-18 07:12:13,64000.0,100.0,6249100.0
947,2021-10-18 07:12:10,64000.0,500.0,6249000.0
948,2021-10-18 07:12:07,64000.0,200.0,6248500.0
949,2021-10-18 07:12:07,64000.0,500.0,6248300.0
950,2021-10-18 07:12:07,64000.0,500.0,6247800.0
951,2021-10-18 07:12:07,64000.0,100.0,6247300.0
952,2021-10-18 07:12:07,64000.0,100.0,6247200.0
953,2021-10-18 07:12:06,64000.0,900.0,6247100.0
954,2021-10-18 07:12:05,64000.0,100.0,6246200.0
955,2021-10-18 07:12:04,64000.0,5000.0,6246100.0
956,2021-10-18 07:11:59,64000.0,100.0,6241100.0
957,2021-10-18 07:11:49,64000.0,100.0,6241000.0
958,2021-10-18 07:11:46,64000.0,100.0,6240900.0
959,2021-10-18 07:11:40,64000.0,3500.0,6240800.0
960,2021-10-18 07:11:40,64000.0,800.0,6237300.0
961,2021-10-18 07:11:39,64000.0,100.0,6236500.0
962,2021-10-18 07:11:37,64000.0,300.0,6236400.0
963,2021-10-18 07:11:35,64000.0,200.0,6236100.0
964,2021-10-18 07:11:34,64000.0,500.0,6235900.0
965,2021-10-18 07:11:34,64000.0,1000.0,6235400.0
966,2021-10-18 07:11:34,64000.0,2100.0,6234400.0
967,2021-10-18 07:11:33,64000.0,500.0,6232300.0
968,2021-10-18 07:11:31,64000.0,7400.0,6231800.0
969,2021-10-18 07:11:31,64000.0,500.0,6224400.0
970,2021-10-18 07:11:31,64000.0,2000.0,6223900.0
971,2021-10-18 07:11:31,64000.0,100.0,6221900.0
972,2021-10-18 07:11:30,64000.0,200.0,6221800.0
973,2021-10-18 07:11:30,64000.0,700.0,6221600.0
974,2021-10-18 07:11:30,64000.0,2000.0,6220900.0
975,2021-10-18 07:11:30,64000.0,100.0,6218900.0
976,2021-10-18 07:11:30,64000.0,100.0,6218800.0
977,2021-10-18 07:11:30,64000.0,100.0,6218700.0
978,2021-10-18 07:11:29,64000.0,100.0,6218600.0
979,2021-10-18 07:11:29,64000.0,300.0,6218500.0
980,2021-10-18 07:11:29,64000.0,3000.0,6218200.0
981,2021-10-18 07:11:29,64000.0,300.0,6215200.0
982,2021-10-18 07:11:29,64000.0,200.0,6214900.0
983,2021-10-18 07:11:29,64000.0,1000.0,6214700.0
984,2021-10-18 07:11:29,64000.0,100.0,6213700.0
985,2021-10-18 07:11:29,64000.0,1000.0,6213600.0
986,2021-10-18 07:11:29,64000.0,200.0,6212600.0
987,2021-10-18 07:11:29,64000.0,100.0,6212400.0
988,2021-10-18 07:11:29,64000.0,1000.0,6212300.0
989,2021-10-18 07:11:29,64000.0,100.0,6211300.0
990,2021-10-18 07:11:29,64000.0,100.0,6211200.0
991,2021-10-18 07:11:29,64000.0,100.0,6211100.0
992,2021-10-18 07:11:29,64000.0,100.0,6211000.0
993,2021-10-18 07:11:29,64000.0,100.0,6210900.0
994,2021-10-18 07:11:29,64000.0,200.0,6210800.0
995,2021-10-18 07:11:29,64000.0,500.0,6210600.0
996,2021-10-18 07:11:29,64000.0,1500.0,6210100.0
997,2021-10-18 07:11:27,64000.0,100.0,6208600.0
998,2021-10-18 07:11:27,64000.0,100.0,6208500.0
999,2021-10-18 07:11:27,64000.0,300.0,6208400.0
1000,2021-10-18 07:11:27,64000.0,100.0,6208100.0
1001,2021-10-18 07:11:27,64000.0,500.0,6208000.0
1002,2021-10-18 07:11:27,64000.0,200.0,6207500.0
1003,2021-10-18 07:11:27,64000.0,100.0,6207300.0
1004,2021-10-18 07:11:27,64000.0,600.0,6207200.0
1005,2021-10-18 07:11:25,64000.0,200.0,6206600.0
1006,2021-10-18 07:11:24,64000.0,100.0,6206400.0
1007,2021-10-18 07:11:24,64000.0,6000.0,6206300.0
1008,2021-10-18 07:11:24,64000.0,100.0,6200300.0
1009,2021-10-18 07:11:23,64100.0,200.0,6200200.0
1010,2021-10-18 07:11:23,64000.0,500.0,6200000.0
1011,2021-10-18 07:11:22,64000.0,3000.0,6199500.0
1012,2021-10-18 07:11:22,64000.0,5000.0,6196500.0
1013,2021-10-18 07:11:22,64000.0,1000.0,6191500.0
1014,2021-10-18 07:11:22,64000.0,100.0,6190500.0
1015,2021-10-18 07:11:21,64000.0,800.0,6190400.0
1016,2021-10-18 07:11:20,64000.0,1000.0,6189600.0
1017,2021-10-18 07:11:14,64000.0,1000.0,6188600.0
1018,2021-10-18 07:11:14,64000.0,600.0,6187600.0
1019,2021-10-18 07:11:14,64000.0,1000.0,6187000.0
1020,2021-10-18 07:11:14,64000.0,600.0,6186000.0
1021,2021-10-18 07:11:14,64000.0,3400.0,6185400.0
1022,2021-10-18 07:11:13,64000.0,1600.0,6182000.0
1023,2021-10-18 07:11:13,64000.0,500.0,6180400.0
1024,2021-10-18 07:11:13,64000.0,1200.0,6179900.0
1025,2021-10-18 07:11:13,64000.0,500.0,6178700.0
1026,2021-10-18 07:11:13,64000.0,100.0,6178200.0
1027,2021-10-18 07:11:13,64000.0,1000.0,6178100.0
1028,2021-10-18 07:11:13,64000.0,100.0,6177100.0
1029,2021-10-18 07:11:10,64000.0,1000.0,6177000.0
1030,2021-10-18 07:11:09,64000.0,900.0,6176000.0
1031,2021-10-18 07:11:09,64000.0,200.0,6175100.0
1032,2021-10-18 07:11:09,64000.0,100.0,6174900.0
1033,2021-10-18 07:11:09,64000.0,100.0,6174800.0
1034,2021-10-18 07:11:09,64000.0,7000.0,6174700.0
1035,2021-10-18 07:11:09,64000.0,100.0,6167700.0
1036,2021-10-18 07:11:09,64000.0,1200.0,6167600.0
1037,2021-10-18 07:11:09,64000.0,10000.0,6166400.0
1038,2021-10-18 07:11:09,64000.0,400.0,6156400.0
1039,2021-10-18 07:11:08,64000.0,100.0,6156000.0
1040,2021-10-18 07:11:08,64000.0,200.0,6155900.0
1041,2021-10-18 07:11:08,64000.0,700.0,6155700.0
1042,2021-10-18 07:11:06,64000.0,300.0,6155000.0
1043,2021-10-18 07:11:03,64000.0,500.0,6154700.0
1044,2021-10-18 07:11:03,64000.0,300.0,6154200.0
1045,2021-10-18 07:11:03,64000.0,300.0,6153900.0
1046,2021-10-18 07:11:03,64000.0,300.0,6153600.0
1047,2021-10-18 07:11:03,64000.0,100.0,6153300.0
1048,2021-10-18 07:11:03,64000.0,500.0,6153200.0
1049,2021-10-18 07:11:03,64000.0,100.0,6152700.0
1050,2021-10-18 07:11:03,64000.0,1900.0,6152600.0
1051,2021-10-18 07:11:02,64000.0,400.0,6150700.0
1052,2021-10-18 07:11:02,64000.0,1600.0,6150300.0
1053,2021-10-18 07:11:02,64000.0,1500.0,6148700.0
1054,2021-10-18 07:11:02,64000.0,500.0,6147200.0
1055,2021-10-18 07:11:02,64000.0,100.0,6146700.0
1056,2021-10-18 07:11:02,64000.0,100.0,6146600.0
1057,2021-10-18 07:11:02,64000.0,1000.0,6146500.0
1058,2021-10-18 07:11:02,64000.0,1000.0,6145500.0
1059,2021-10-18 07:11:02,64000.0,800.0,6144500.0
1060,2021-10-18 07:10:54,64000.0,200.0,6143700.0
1061,2021-10-18 07:10:54,64000.0,600.0,6143500.0
1062,2021-10-18 07:10:52,64000.0,200.0,6142900.0
1063,2021-10-18 07:10:47,64000.0,100.0,6142700.0
1064,2021-10-18 07:10:47,64000.0,100.0,6142600.0
1065,2021-10-18 07:10:46,64000.0,1000.0,6142500.0
1066,2021-10-18 07:10:44,64000.0,500.0,6141500.0
1067,2021-10-18 07:10:43,64000.0,500.0,6141000.0
1068,2021-10-18 07:10:39,64000.0,600.0,6140500.0
1069,2021-10-18 07:10:38,64000.0,10000.0,6139900.0
1070,2021-10-18 07:10:33,64000.0,600.0,6129900.0
1071,2021-10-18 07:10:27,64000.0,2000.0,6129300.0
1072,2021-10-18 07:10:24,64000.0,200.0,6127300.0
1073,2021-10-18 07:10:22,64000.0,1000.0,6127100.0
1074,2021-10-18 07:10:14,64100.0,200.0,6126100.0
1075,2021-10-18 07:10:06,64100.0,2000.0,6125900.0
1076,2021-10-18 07:10:06,64000.0,1000.0,6123900.0
1077,2021-10-18 07:09:48,64100.0,100.0,6122900.0
1078,2021-10-18 07:09:43,64100.0,100.0,6122800.0
1079,2021-10-18 07:09:42,64000.0,400.0,6122700.0
1080,2021-10-18 07:09:34,64100.0,500.0,6122300.0
1081,2021-10-18 07:09:33,64000.0,500.0,6121800.0
1082,2021-10-18 07:09:33,64000.0,3700.0,6121300.0
1083,2021-10-18 07:09:33,64000.0,200.0,6117600.0
1084,2021-10-18 07:09:33,64000.0,100.0,6117400.0
1085,2021-10-18 07:09:33,64000.0,500.0,6117300.0
1086,2021-10-18 07:09:33,64000.0,100.0,6116800.0
1087,2021-10-18 07:09:33,64000.0,500.0,6116700.0
1088,2021-10-18 07:09:33,64000.0,300.0,6116200.0
1089,2021-10-18 07:09:33,64000.0,1500.0,6115900.0
1090,2021-10-18 07:09:33,64000.0,200.0,6114400.0
1091,2021-10-18 07:09:33,64000.0,500.0,6114200.0
1092,2021-10-18 07:09:33,64000.0,1000.0,6113700.0
1093,2021-10-18 07:09:33,64000.0,500.0,6112700.0
1094,2021-10-18 07:09:33,64000.0,200.0,6112200.0
1095,2021-10-18 07:09:33,64000.0,1000.0,6112000.0
1096,2021-10-18 07:09:33,64000.0,200.0,6111000.0
1097,2021-10-18 07:09:33,64000.0,300.0,6110800.0
1098,2021-10-18 07:09:32,64000.0,100.0,6110500.0
1099,2021-10-18 07:09:31,64000.0,500.0,6110400.0
1100,2021-10-18 07:09:26,64000.0,100.0,6109900.0
1101,2021-10-18 07:09:26,64000.0,400.0,6109800.0
1102,2021-10-18 07:09:26,64000.0,1000.0,6109400.0
1103,2021-10-18 07:09:26,64000.0,1400.0,6108400.0
1104,2021-10-18 07:09:26,64000.0,100.0,6107000.0
1105,2021-10-18 07:09:21,64100.0,4000.0,6106900.0
1106,2021-10-18 07:09:06,64100.0,100.0,6102900.0
1107,2021-10-18 07:09:06,64100.0,100.0,6102800.0
1108,2021-10-18 07:09:06,64100.0,1000.0,6102700.0
1109,2021-10-18 07:09:06,64100.0,500.0,6101700.0
1110,2021-10-18 07:09:06,64100.0,100.0,6101200.0
1111,2021-10-18 07:09:06,64100.0,100.0,6101100.0
1112,2021-10-18 07:09:06,64100.0,20000.0,6101000.0
1113,2021-10-18 07:09:06,64100.0,10000.0,6081000.0
1114,2021-10-18 07:09:06,64100.0,1000.0,6071000.0
1115,2021-10-18 07:09:06,64100.0,400.0,6070000.0
1116,2021-10-18 07:09:06,64100.0,400.0,6069600.0
1117,2021-10-18 07:09:06,64100.0,1000.0,6069200.0
1118,2021-10-18 07:09:06,64100.0,300.0,6068200.0
1119,2021-10-18 07:09:06,64100.0,300.0,6067900.0
1120,2021-10-18 07:09:02,64100.0,700.0,6067600.0
1121,2021-10-18 07:09:02,64100.0,300.0,6066900.0
1122,2021-10-18 07:08:43,64100.0,300.0,6066600.0
1123,2021-10-18 07:08:42,64100.0,400.0,6066300.0
1124,2021-10-18 07:08:42,64100.0,100.0,6065900.0
1125,2021-10-18 07:08:42,64100.0,100.0,6065800.0
1126,2021-10-18 07:08:42,64100.0,1000.0,6065700.0
1127,2021-10-18 07:08:42,64100.0,1000.0,6064700.0
1128,2021-10-18 07:08:42,64100.0,400.0,6063700.0
1129,2021-10-18 07:08:35,64100.0,200.0,6063300.0
1130,2021-10-18 07:08:35,64100.0,1000.0,6063100.0
1131,2021-10-18 07:08:35,64100.0,800.0,6062100.0
1132,2021-10-18 07:08:32,64100.0,200.0,6061300.0
1133,2021-10-18 07:08:32,64100.0,100.0,6061100.0
1134,2021-10-18 07:08:25,64200.0,200.0,6061000.0
1135,2021-10-18 07:08:25,64200.0,100.0,6060800.0
1136,2021-10-18 07:08:24,64200.0,200.0,6060700.0
1137,2021-10-18 07:08:24,64200.0,500.0,6060500.0
1138,2021-10-18 07:08:24,64200.0,600.0,6060000.0
1139,2021-10-18 07:08:22,64200.0,1200.0,6059400.0
1140,2021-10-18 07:08:22,64200.0,200.0,6058200.0
1141,2021-10-18 07:08:22,64200.0,2100.0,6058000.0
1142,2021-10-18 07:08:22,64200.0,500.0,6055900.0
1143,2021-10-18 07:08:22,64200.0,500.0,6055400.0
1144,2021-10-18 07:08:22,64200.0,2700.0,6054900.0
1145,2021-10-18 07:08:22,64200.0,500.0,6052200.0
1146,2021-10-18 07:08:22,64200.0,2300.0,6051700.0
1147,2021-10-18 07:08:22,64200.0,100.0,6049400.0
1148,2021-10-18 07:08:14,64200.0,100.0,6049300.0
1149,2021-10-18 07:08:13,64100.0,900.0,6049200.0
1150,2021-10-18 07:08:13,64100.0,1100.0,6048300.0
1151,2021-10-18 07:08:11,64200.0,100.0,6047200.0
1152,2021-10-18 07:08:06,64200.0,600.0,6047100.0
1153,2021-10-18 07:08:05,64200.0,2000.0,6046500.0
1154,2021-10-18 07:08:05,64200.0,1000.0,6044500.0
1155,2021-10-18 07:08:05,64100.0,8900.0,6043500.0
1156,2021-10-18 07:08:05,64100.0,1000.0,6034600.0
1157,2021-10-18 07:08:05,64100.0,100.0,6033600.0
1158,2021-10-18 07:07:57,64200.0,700.0,6033500.0
1159,2021-10-18 07:07:57,64200.0,100.0,6032800.0
1160,2021-10-18 07:07:55,64200.0,300.0,6032700.0
1161,2021-10-18 07:07:50,64200.0,500.0,6032400.0
1162,2021-10-18 07:07:49,64200.0,200.0,6031900.0
1163,2021-10-18 07:07:49,64200.0,500.0,6031700.0
1164,2021-10-18 07:07:49,64200.0,100.0,6031200.0
1165,2021-10-18 07:07:49,64200.0,200.0,6031100.0
1166,2021-10-18 07:07:49,64200.0,1000.0,6030900.0
1167,2021-10-18 07:07:49,64200.0,10000.0,6029900.0
1168,2021-10-18 07:07:49,64200.0,500.0,6019900.0
1169,2021-10-18 07:07:49,64200.0,10000.0,6019400.0
1170,2021-10-18 07:07:49,64200.0,700.0,6009400.0
1171,2021-10-18 07:07:49,64200.0,10000.0,6008700.0
1172,2021-10-18 07:07:49,64200.0,100.0,5998700.0
1173,2021-10-18 07:07:49,64200.0,3000.0,5998600.0
1174,2021-10-18 07:07:49,64200.0,10000.0,5995600.0
1175,2021-10-18 07:07:49,64200.0,2000.0,5985600.0
1176,2021-10-18 07:07:49,64200.0,500.0,5983600.0
1177,2021-10-18 07:07:49,64200.0,200.0,5983100.0
1178,2021-10-18 07:07:49,64200.0,100.0,5982900.0
1179,2021-10-18 07:07:49,64200.0,500.0,5982800.0
1180,2021-10-18 07:07:48,64200.0,100.0,5982300.0
1181,2021-10-18 07:07:48,64200.0,400.0,5982200.0
1182,2021-10-18 07:07:42,64200.0,300.0,5981800.0
1183,2021-10-18 07:07:42,64200.0,200.0,5981500.0
1184,2021-10-18 07:07:39,64200.0,100.0,5981300.0
1185,2021-10-18 07:07:39,64200.0,100.0,5981200.0
1186,2021-10-18 07:07:39,64200.0,100.0,5981100.0
1187,2021-10-18 07:07:39,64200.0,100.0,5981000.0
1188,2021-10-18 07:07:37,64200.0,900.0,5980900.0
1189,2021-10-18 07:07:37,64200.0,100.0,5980000.0
1190,2021-10-18 07:07:34,64200.0,2000.0,5979900.0
1191,2021-10-18 07:07:30,64200.0,500.0,5977900.0
1192,2021-10-18 07:07:14,64200.0,1300.0,5977400.0
1193,2021-10-18 07:07:12,64200.0,500.0,5976100.0
1194,2021-10-18 07:07:11,64300.0,1000.0,5975600.0
1195,2021-10-18 07:07:10,64200.0,500.0,5974600.0
1196,2021-10-18 07:07:01,64200.0,100.0,5974100.0
1197,2021-10-18 07:07:01,64200.0,4900.0,5974000.0
1198,2021-10-18 07:06:52,64200.0,5000.0,5969100.0
1199,2021-10-18 07:06:42,64200.0,100.0,5964100.0
1200,2021-10-18 07:06:42,64200.0,900.0,5964000.0
1201,2021-10-18 07:06:39,64200.0,100.0,5963100.0
1202,2021-10-18 07:06:38,64200.0,500.0,5963000.0
1203,2021-10-18 07:06:34,64200.0,500.0,5962500.0
1204,2021-10-18 07:06:34,64200.0,400.0,5962000.0
1205,2021-10-18 07:06:34,64200.0,200.0,5961600.0
1206,2021-10-18 07:06:34,64200.0,200.0,5961400.0
1207,2021-10-18 07:06:34,64200.0,200.0,5961200.0
1208,2021-10-18 07:06:31,64200.0,300.0,5961000.0
1209,2021-10-18 07:06:31,64200.0,100.0,5960700.0
1210,2021-10-18 07:06:31,64200.0,2000.0,5960600.0
1211,2021-10-18 07:06:31,64200.0,1500.0,5958600.0
1212,2021-10-18 07:06:31,64200.0,1000.0,5957100.0
1213,2021-10-18 07:06:31,64200.0,100.0,5956100.0
1214,2021-10-18 07:06:29,64300.0,200.0,5956000.0
1215,2021-10-18 07:06:25,64200.0,400.0,5955800.0
1216,2021-10-18 07:06:25,64200.0,100.0,5955400.0
1217,2021-10-18 07:06:22,64200.0,900.0,5955300.0
1218,2021-10-18 07:06:22,64200.0,100.0,5954400.0
1219,2021-10-18 07:06:20,64200.0,400.0,5954300.0
1220,2021-10-18 07:06:20,64200.0,100.0,5953900.0
1221,2021-10-18 07:06:20,64200.0,500.0,5953800.0
1222,2021-10-18 07:06:14,64200.0,500.0,5953300.0
1223,2021-10-18 07:06:09,64200.0,100.0,5952800.0
1224,2021-10-18 07:06:09,64200.0,5000.0,5952700.0
1225,2021-10-18 07:06:09,64200.0,1000.0,5947700.0
1226,2021-10-18 07:06:09,64200.0,1000.0,5946700.0
1227,2021-10-18 07:06:09,64200.0,200.0,5945700.0
1228,2021-10-18 07:06:09,64200.0,100.0,5945500.0
1229,2021-10-18 07:06:09,64200.0,100.0,5945400.0
1230,2021-10-18 07:06:09,64200.0,1000.0,5945300.0
1231,2021-10-18 07:06:09,64200.0,1500.0,5944300.0
1232,2021-10-18 07:06:04,64300.0,700.0,5942800.0
1233,2021-10-18 07:06:02,64200.0,800.0,5942100.0
1234,2021-10-18 07:05:54,64200.0,7700.0,5941300.0
1235,2021-10-18 07:05:54,64200.0,100.0,5933600.0
1236,2021-10-18 07:05:54,64200.0,1000.0,5933500.0
1237,2021-10-18 07:05:54,64200.0,100.0,5932500.0
1238,2021-10-18 07:05:54,64200.0,1000.0,5932400.0
1239,2021-10-18 07:05:54,64200.0,100.0,5931400.0
1240,2021-10-18 07:05:50,64300.0,100.0,5931300.0
1241,2021-10-18 07:05:50,64300.0,500.0,5931200.0
1242,2021-10-18 07:05:50,64300.0,500.0,5930700.0
1243,2021-10-18 07:05:50,64300.0,100.0,5930200.0
1244,2021-10-18 07:05:50,64300.0,200.0,5930100.0
1245,2021-10-18 07:05:50,64300.0,2400.0,5929900.0
1246,2021-10-18 07:05:46,64300.0,2600.0,5927500.0
1247,2021-10-18 07:05:46,64300.0,400.0,5924900.0
1248,2021-10-18 07:05:46,64300.0,1000.0,5924500.0
1249,2021-10-18 07:05:46,64300.0,200.0,5923500.0
1250,2021-10-18 07:05:46,64300.0,200.0,5923300.0
1251,2021-10-18 07:05:46,64300.0,600.0,5923100.0
1252,2021-10-18 07:05:42,64300.0,700.0,5922500.0
1253,2021-10-18 07:05:42,64300.0,100.0,5921800.0
1254,2021-10-18 07:05:42,64300.0,1000.0,5921700.0
1255,2021-10-18 07:05:42,64300.0,300.0,5920700.0
1256,2021-10-18 07:05:42,64300.0,100.0,5920400.0
1257,2021-10-18 07:05:42,64300.0,100.0,5920300.0
1258,2021-10-18 07:05:42,64300.0,500.0,5920200.0
1259,2021-10-18 07:05:42,64300.0,500.0,5919700.0
1260,2021-10-18 07:05:42,64300.0,100.0,5919200.0
1261,2021-10-18 07:05:42,64300.0,100.0,5919100.0
1262,2021-10-18 07:05:42,64300.0,100.0,5919000.0
1263,2021-10-18 07:05:42,64300.0,300.0,5918900.0
1264,2021-10-18 07:05:42,64300.0,100.0,5918600.0
1265,2021-10-18 07:05:42,64300.0,100.0,5918500.0
1266,2021-10-18 07:05:42,64300.0,300.0,5918400.0
1267,2021-10-18 07:05:42,64300.0,600.0,5918100.0
1268,2021-10-18 07:05:39,64300.0,1400.0,5917500.0
1269,2021-10-18 07:05:39,64300.0,500.0,5916100.0
1270,2021-10-18 07:05:39,64300.0,1000.0,5915600.0
1271,2021-10-18 07:05:39,64300.0,1800.0,5914600.0
1272,2021-10-18 07:05:39,64300.0,8300.0,5912800.0
1273,2021-10-18 07:05:37,64400.0,300.0,5904500.0
1274,2021-10-18 07:05:31,64300.0,300.0,5904200.0
1275,2021-10-18 07:05:14,64300.0,1400.0,5903900.0
1276,2021-10-18 07:05:14,64300.0,100.0,5902500.0
1277,2021-10-18 07:05:14,64300.0,500.0,5902400.0
1278,2021-10-18 07:05:14,64300.0,200.0,5901900.0
1279,2021-10-18 07:05:14,64300.0,5000.0,5901700.0
1280,2021-10-18 07:05:14,64300.0,1000.0,5896700.0
1281,2021-10-18 07:05:14,64300.0,3000.0,5895700.0
1282,2021-10-18 07:05:14,64300.0,10000.0,5892700.0
1283,2021-10-18 07:05:14,64300.0,300.0,5882700.0
1284,2021-10-18 07:05:14,64300.0,1900.0,5882400.0
1285,2021-10-18 07:05:14,64300.0,200.0,5880500.0
1286,2021-10-18 07:05:14,64300.0,200.0,5880300.0
1287,2021-10-18 07:05:14,64300.0,200.0,5880100.0
1288,2021-10-18 07:05:14,64300.0,200.0,5879900.0
1289,2021-10-18 07:05:14,64300.0,10000.0,5879700.0
1290,2021-10-18 07:05:14,64300.0,2400.0,5869700.0
1291,2021-10-18 07:05:14,64300.0,2100.0,5867300.0
1292,2021-10-18 07:05:14,64300.0,1000.0,5865200.0
1293,2021-10-18 07:05:14,64300.0,2000.0,5864200.0
1294,2021-10-18 07:05:14,64300.0,1000.0,5862200.0
1295,2021-10-18 07:05:14,64300.0,600.0,5861200.0
1296,2021-10-18 07:05:14,64300.0,500.0,5860600.0
1297,2021-10-18 07:05:14,64300.0,100.0,5860100.0
1298,2021-10-18 07:05:14,64300.0,1000.0,5860000.0
1299,2021-10-18 07:05:14,64300.0,100.0,5859000.0
1300,2021-10-18 07:05:14,64300.0,300.0,5858900.0
1301,2021-10-18 07:05:14,64300.0,100.0,5858600.0
1302,2021-10-18 07:05:14,64300.0,1000.0,5858500.0
1303,2021-10-18 07:05:14,64300.0,1000.0,5857500.0
1304,2021-10-18 07:05:14,64300.0,100.0,5856500.0
1305,2021-10-18 07:05:14,64300.0,200.0,5856400.0
1306,2021-10-18 07:05:14,64300.0,1300.0,5856200.0
1307,2021-10-18 07:05:14,64300.0,1000.0,5854900.0
1308,2021-10-18 07:05:11,64400.0,100.0,5853900.0
1309,2021-10-18 07:05:02,64300.0,200.0,5853800.0
1310,2021-10-18 07:04:57,64400.0,500.0,5853600.0
1311,2021-10-18 07:04:55,64400.0,300.0,5853100.0
1312,2021-10-18 07:04:50,64400.0,100.0,5852800.0
1313,2021-10-18 07:04:48,64400.0,5000.0,5852700.0
1314,2021-10-18 07:04:45,64400.0,2000.0,5847700.0
1315,2021-10-18 07:04:45,64400.0,2300.0,5845700.0
1316,2021-10-18 07:04:45,64400.0,2500.0,5843400.0
1317,2021-10-18 07:04:36,64400.0,800.0,5840900.0
1318,2021-10-18 07:04:33,64400.0,1000.0,5840100.0
1319,2021-10-18 07:04:33,64400.0,700.0,5839100.0
1320,2021-10-18 07:04:33,64400.0,400.0,5838400.0
1321,2021-10-18 07:04:30,64400.0,2000.0,5838000.0
1322,2021-10-18 07:04:27,64400.0,500.0,5836000.0
1323,2021-10-18 07:04:27,64400.0,1400.0,5835500.0
1324,2021-10-18 07:04:26,64400.0,300.0,5834100.0
1325,2021-10-18 07:04:26,64400.0,300.0,5833800.0
1326,2021-10-18 07:04:26,64400.0,2000.0,5833500.0
1327,2021-10-18 07:04:26,64400.0,1000.0,5831500.0
1328,2021-10-18 07:04:26,64400.0,200.0,5830500.0
1329,2021-10-18 07:04:26,64400.0,200.0,5830300.0
1330,2021-10-18 07:04:26,64400.0,1000.0,5830100.0
1331,2021-10-18 07:04:26,64400.0,200.0,5829100.0
1332,2021-10-18 07:04:26,64400.0,100.0,5828900.0
1333,2021-10-18 07:04:26,64400.0,200.0,5828800.0
1334,2021-10-18 07:04:26,64400.0,200.0,5828600.0
1335,2021-10-18 07:04:26,64400.0,2900.0,5828400.0
1336,2021-10-18 07:04:24,64400.0,1000.0,5825500.0
1337,2021-10-18 07:04:23,64400.0,1500.0,5824500.0
1338,2021-10-18 07:04:14,64400.0,200.0,5823000.0
1339,2021-10-18 07:04:13,64400.0,6000.0,5822800.0
1340,2021-10-18 07:04:08,64400.0,5000.0,5816800.0
1341,2021-10-18 07:04:04,64400.0,100.0,5811800.0
1342,2021-10-18 07:04:02,64400.0,100.0,5811700.0
1343,2021-10-18 07:03:53,64400.0,3200.0,5811600.0
1344,2021-10-18 07:03:53,64400.0,30000.0,5808400.0
1345,2021-10-18 07:03:53,64400.0,2000.0,5778400.0
1346,2021-10-18 07:03:53,64400.0,100.0,5776400.0
1347,2021-10-18 07:03:53,64400.0,500.0,5776300.0
1348,2021-10-18 07:03:53,64400.0,100.0,5775800.0
1349,2021-10-18 07:03:53,64400.0,1000.0,5775700.0
1350,2021-10-18 07:03:53,64400.0,100.0,5774700.0
1351,2021-10-18 07:03:53,64400.0,500.0,5774600.0
1352,2021-10-18 07:03:53,64400.0,100.0,5774100.0
1353,2021-10-18 07:03:53,64400.0,2400.0,5774000.0
1354,2021-10-18 07:03:52,64500.0,200.0,5771600.0
1355,2021-10-18 07:03:52,64500.0,5000.0,5771400.0
1356,2021-10-18 07:03:52,64500.0,4800.0,5766400.0
1357,2021-10-18 07:03:30,64400.0,500.0,5761600.0
1358,2021-10-18 07:03:20,64400.0,200.0,5761100.0
1359,2021-10-18 07:03:20,64400.0,1900.0,5760900.0
1360,2021-10-18 07:03:20,64400.0,700.0,5759000.0
1361,2021-10-18 07:03:20,64400.0,800.0,5758300.0
1362,2021-10-18 07:03:20,64400.0,2000.0,5757500.0
1363,2021-10-18 07:03:20,64400.0,4600.0,5755500.0
1364,2021-10-18 07:03:12,64400.0,200.0,5750900.0
1365,2021-10-18 07:03:07,64400.0,10000.0,5750700.0
1366,2021-10-18 07:03:01,64400.0,100.0,5740700.0
1367,2021-10-18 07:02:58,64400.0,1000.0,5740600.0
1368,2021-10-18 07:02:46,64400.0,1000.0,5739600.0
1369,2021-10-18 07:02:45,64400.0,100.0,5738600.0
1370,2021-10-18 07:02:43,64400.0,500.0,5738500.0
1371,2021-10-18 07:02:43,64400.0,1000.0,5738000.0
1372,2021-10-18 07:02:41,64400.0,1500.0,5737000.0
1373,2021-10-18 07:02:41,64400.0,200.0,5735500.0
1374,2021-10-18 07:02:41,64400.0,1000.0,5735300.0
1375,2021-10-18 07:02:41,64400.0,100.0,5734300.0
1376,2021-10-18 07:02:41,64400.0,100.0,5734200.0
1377,2021-10-18 07:02:41,64400.0,500.0,5734100.0
1378,2021-10-18 07:02:41,64400.0,1000.0,5733600.0
1379,2021-10-18 07:02:41,64400.0,300.0,5732600.0
1380,2021-10-18 07:02:41,64400.0,200.0,5732300.0
1381,2021-10-18 07:02:41,64400.0,2000.0,5732100.0
1382,2021-10-18 07:02:41,64400.0,500.0,5730100.0
1383,2021-10-18 07:02:41,64400.0,1000.0,5729600.0
1384,2021-10-18 07:02:41,64400.0,3600.0,5728600.0
1385,2021-10-18 07:02:22,64400.0,500.0,5725000.0
1386,2021-10-18 07:02:12,64400.0,500.0,5724500.0
1387,2021-10-18 07:02:06,64400.0,100.0,5724000.0
1388,2021-10-18 07:02:03,64400.0,200.0,5723900.0
1389,2021-10-18 07:02:01,64400.0,100.0,5723700.0
1390,2021-10-18 07:02:01,64400.0,900.0,5723600.0
1391,2021-10-18 07:01:55,64400.0,200.0,5722700.0
1392,2021-10-18 07:01:55,64400.0,300.0,5722500.0
1393,2021-10-18 07:01:49,64400.0,700.0,5722200.0
1394,2021-10-18 07:01:49,64400.0,300.0,5721500.0
1395,2021-10-18 07:01:47,64400.0,500.0,5721200.0
1396,2021-10-18 07:01:41,64400.0,3000.0,5720700.0
1397,2021-10-18 07:01:37,64400.0,300.0,5717700.0
1398,2021-10-18 07:01:37,64400.0,400.0,5717400.0
1399,2021-10-18 07:01:37,64400.0,500.0,5717000.0
1400,2021-10-18 07:01:32,64400.0,200.0,5716500.0
1401,2021-10-18 07:01:29,64400.0,400.0,5716300.0
1402,2021-10-18 07:01:29,64400.0,1100.0,5715900.0
1403,2021-10-18 07:01:15,64400.0,100.0,5714800.0
1404,2021-10-18 07:01:15,64400.0,100.0,5714700.0
1405,2021-10-18 07:01:15,64400.0,500.0,5714600.0
1406,2021-10-18 07:01:15,64400.0,1000.0,5714100.0
1407,2021-10-18 07:01:15,64400.0,1000.0,5713100.0
1408,2021-10-18 07:01:15,64400.0,100.0,5712100.0
1409,2021-10-18 07:01:14,64500.0,100.0,5712000.0
1410,2021-10-18 07:01:13,64500.0,100.0,5711900.0
1411,2021-10-18 07:01:05,64500.0,800.0,5711800.0
1412,2021-10-18 07:00:57,64400.0,100.0,5711000.0
1413,2021-10-18 07:00:57,64400.0,400.0,5710900.0
1414,2021-10-18 07:00:56,64400.0,600.0,5710500.0
1415,2021-10-18 07:00:56,64400.0,400.0,5709900.0
1416,2021-10-18 07:00:49,64500.0,100.0,5709500.0
1417,2021-10-18 07:00:43,64500.0,100.0,5709400.0
1418,2021-10-18 07:00:42,64400.0,1600.0,5709300.0
1419,2021-10-18 07:00:42,64400.0,1400.0,5707700.0
1420,2021-10-18 07:00:40,64400.0,600.0,5706300.0
1421,2021-10-18 07:00:40,64400.0,100.0,5705700.0
1422,2021-10-18 07:00:40,64400.0,1300.0,5705600.0
1423,2021-10-18 07:00:37,64400.0,1000.0,5704300.0
1424,2021-10-18 07:00:34,64400.0,1000.0,5703300.0
1425,2021-10-18 07:00:26,64500.0,3300.0,5702300.0
1426,2021-10-18 07:00:26,64400.0,600.0,5699000.0
1427,2021-10-18 07:00:26,64400.0,200.0,5698400.0
1428,2021-10-18 07:00:25,64300.0,500.0,5698200.0
1429,2021-10-18 07:00:23,64400.0,1500.0,5697700.0
1430,2021-10-18 07:00:20,64400.0,300.0,5696200.0
1431,2021-10-18 07:00:20,64400.0,200.0,5695900.0
1432,2021-10-18 07:00:20,64400.0,800.0,5695700.0
1433,2021-10-18 07:00:20,64400.0,200.0,5694900.0
1434,2021-10-18 07:00:20,64400.0,200.0,5694700.0
1435,2021-10-18 07:00:20,64400.0,600.0,5694500.0
1436,2021-10-18 07:00:14,64400.0,4400.0,5693900.0
1437,2021-10-18 07:00:14,64400.0,600.0,5689500.0
1438,2021-10-18 06:59:57,64400.0,100.0,5688900.0
1439,2021-10-18 06:59:57,64400.0,1000.0,5688800.0
1440,2021-10-18 06:59:57,64400.0,100.0,5687800.0
1441,2021-10-18 06:59:57,64400.0,200.0,5687700.0
1442,2021-10-18 06:59:57,64400.0,200.0,5687500.0
1443,2021-10-18 06:59:57,64400.0,1000.0,5687300.0
1444,2021-10-18 06:59:57,64400.0,1000.0,5686300.0
1445,2021-10-18 06:59:57,64400.0,100.0,5685300.0
1446,2021-10-18 06:59:57,64400.0,100.0,5685200.0
1447,2021-10-18 06:59:57,64400.0,700.0,5685100.0
1448,2021-10-18 06:59:57,64400.0,200.0,5684400.0
1449,2021-10-18 06:59:57,64400.0,200.0,5684200.0
1450,2021-10-18 06:59:57,64400.0,4500.0,5684000.0
1451,2021-10-18 06:59:56,64400.0,500.0,5679500.0
1452,2021-10-18 06:59:52,64400.0,100.0,5679000.0
1453,2021-10-18 06:59:52,64400.0,700.0,5678900.0
1454,2021-10-18 06:59:52,64400.0,300.0,5678200.0
1455,2021-10-18 06:59:52,64400.0,900.0,5677900.0
1456,2021-10-18 06:59:52,64400.0,400.0,5677000.0
1457,2021-10-18 06:59:52,64400.0,500.0,5676600.0
1458,2021-10-18 06:59:51,64400.0,200.0,5676100.0
1459,2021-10-18 06:59:51,64400.0,1800.0,5675900.0
1460,2021-10-18 06:59:47,64400.0,100.0,5674100.0
1461,2021-10-18 06:59:44,64400.0,100.0,5674000.0
1462,2021-10-18 06:59:44,64400.0,2700.0,5673900.0
1463,2021-10-18 06:59:44,64400.0,1300.0,5671200.0
1464,2021-10-18 06:59:44,64400.0,700.0,5669900.0
1465,2021-10-18 06:59:40,64400.0,2800.0,5669200.0
1466,2021-10-18 06:59:40,64400.0,100.0,5666400.0
1467,2021-10-18 06:59:40,64400.0,3000.0,5666300.0
1468,2021-10-18 06:59:40,64400.0,4100.0,5663300.0
1469,2021-10-18 06:59:36,64400.0,1100.0,5659200.0
1470,2021-10-18 06:59:36,64400.0,500.0,5658100.0
1471,2021-10-18 06:59:32,64300.0,1000.0,5657600.0
1472,2021-10-18 06:59:32,64400.0,1500.0,5656600.0
1473,2021-10-18 06:59:26,64400.0,2000.0,5655100.0
1474,2021-10-18 06:59:22,64400.0,100.0,5653100.0
1475,2021-10-18 06:59:20,64300.0,2000.0,5653000.0
1476,2021-10-18 06:59:15,64400.0,100.0,5651000.0
1477,2021-10-18 06:59:08,64400.0,500.0,5650900.0
1478,2021-10-18 06:59:08,64400.0,100.0,5650400.0
1479,2021-10-18 06:59:08,64400.0,300.0,5650300.0
1480,2021-10-18 06:59:06,64300.0,100.0,5650000.0
1481,2021-10-18 06:59:04,64400.0,200.0,5649900.0
1482,2021-10-18 06:59:01,64400.0,500.0,5649700.0
1483,2021-10-18 06:58:48,64400.0,500.0,5649200.0
1484,2021-10-18 06:58:37,64400.0,1000.0,5648700.0
1485,2021-10-18 06:58:27,64400.0,1500.0,5647700.0
1486,2021-10-18 06:58:18,64400.0,200.0,5646200.0
1487,2021-10-18 06:58:09,64400.0,300.0,5646000.0
1488,2021-10-18 06:58:04,64300.0,200.0,5645700.0
1489,2021-10-18 06:58:04,64300.0,100.0,5645500.0
1490,2021-10-18 06:58:04,64300.0,300.0,5645400.0
1491,2021-10-18 06:58:04,64300.0,1000.0,5645100.0
1492,2021-10-18 06:58:04,64300.0,100.0,5644100.0
1493,2021-10-18 06:58:04,64300.0,100.0,5644000.0
1494,2021-10-18 06:58:04,64300.0,500.0,5643900.0
1495,2021-10-18 06:58:04,64300.0,300.0,5643400.0
1496,2021-10-18 06:58:04,64300.0,400.0,5643100.0
1497,2021-10-18 06:58:04,64300.0,1000.0,5642700.0
1498,2021-10-18 06:58:04,64300.0,6000.0,5641700.0
1499,2021-10-18 06:57:55,64400.0,200.0,5635700.0
1500,2021-10-18 06:57:52,64400.0,700.0,5635500.0
1501,2021-10-18 06:57:52,64400.0,500.0,5634800.0
1502,2021-10-18 06:57:52,64400.0,1000.0,5634300.0
1503,2021-10-18 06:57:52,64400.0,7100.0,5633300.0
1504,2021-10-18 06:57:52,64400.0,600.0,5626200.0
1505,2021-10-18 06:57:52,64400.0,500.0,5625600.0
1506,2021-10-18 06:57:52,64400.0,1500.0,5625100.0
1507,2021-10-18 06:57:52,64400.0,500.0,5623600.0
1508,2021-10-18 06:57:52,64400.0,200.0,5623100.0
1509,2021-10-18 06:57:52,64400.0,200.0,5622900.0
1510,2021-10-18 06:57:52,64400.0,1000.0,5622700.0
1511,2021-10-18 06:57:52,64400.0,800.0,5621700.0
1512,2021-10-18 06:57:52,64400.0,100.0,5620900.0
1513,2021-10-18 06:57:52,64400.0,500.0,5620800.0
1514,2021-10-18 06:57:52,64400.0,100.0,5620300.0
1515,2021-10-18 06:57:40,64400.0,200.0,5620200.0
1516,2021-10-18 06:57:32,64500.0,200.0,5620000.0
1517,2021-10-18 06:57:29,64400.0,400.0,5619800.0
1518,2021-10-18 06:57:29,64400.0,100.0,5619400.0
1519,2021-10-18 06:57:29,64400.0,7600.0,5619300.0
1520,2021-10-18 06:57:29,64400.0,100.0,5611700.0
1521,2021-10-18 06:57:29,64400.0,100.0,5611600.0
1522,2021-10-18 06:57:29,64400.0,2700.0,5611500.0
1523,2021-10-18 06:57:24,64500.0,200.0,5608800.0
1524,2021-10-18 06:57:18,64400.0,100.0,5608600.0
1525,2021-10-18 06:57:18,64400.0,400.0,5608500.0
1526,2021-10-18 06:57:15,64500.0,1000.0,5608100.0
1527,2021-10-18 06:57:08,64400.0,100.0,5607100.0
1528,2021-10-18 06:57:07,64500.0,500.0,5607000.0
1529,2021-10-18 06:57:02,64500.0,100.0,5606500.0
1530,2021-10-18 06:57:01,64500.0,1000.0,5606400.0
1531,2021-10-18 06:56:55,64500.0,100.0,5605400.0
1532,2021-10-18 06:56:55,64500.0,400.0,5605300.0
1533,2021-10-18 06:56:51,64500.0,700.0,5604900.0
1534,2021-10-18 06:56:45,64500.0,100.0,5604200.0
1535,2021-10-18 06:56:44,64400.0,500.0,5604100.0
1536,2021-10-18 06:56:44,64400.0,100.0,5603600.0
1537,2021-10-18 06:56:44,64400.0,1000.0,5603500.0
1538,2021-10-18 06:56:44,64400.0,400.0,5602500.0
1539,2021-10-18 06:56:39,64500.0,6000.0,5602100.0
1540,2021-10-18 06:56:36,64500.0,100.0,5596100.0
1541,2021-10-18 06:56:29,64500.0,300.0,5596000.0
1542,2021-10-18 06:56:27,64400.0,100.0,5595700.0
1543,2021-10-18 06:56:27,64400.0,400.0,5595600.0
1544,2021-10-18 06:56:27,64400.0,900.0,5595200.0
1545,2021-10-18 06:56:25,64400.0,100.0,5594300.0
1546,2021-10-18 06:56:23,64400.0,2000.0,5594200.0
1547,2021-10-18 06:56:23,64400.0,200.0,5592200.0
1548,2021-10-18 06:56:22,64400.0,500.0,5592000.0
1549,2021-10-18 06:56:22,64400.0,900.0,5591500.0
1550,2021-10-18 06:56:22,64400.0,500.0,5590600.0
1551,2021-10-18 06:56:22,64400.0,100.0,5590100.0
1552,2021-10-18 06:56:21,64500.0,1000.0,5590000.0
1553,2021-10-18 06:56:13,64400.0,200.0,5589000.0
1554,2021-10-18 06:56:07,64400.0,800.0,5588800.0
1555,2021-10-18 06:56:07,64400.0,200.0,5588000.0
1556,2021-10-18 06:56:07,64400.0,3600.0,5587800.0
1557,2021-10-18 06:56:07,64500.0,500.0,5584200.0
1558,2021-10-18 06:56:02,64400.0,100.0,5583700.0
1559,2021-10-18 06:55:55,64400.0,800.0,5583600.0
1560,2021-10-18 06:55:49,64500.0,1000.0,5582800.0
1561,2021-10-18 06:55:48,64500.0,1400.0,5581800.0
1562,2021-10-18 06:55:40,64400.0,5500.0,5580400.0
1563,2021-10-18 06:55:40,64400.0,200.0,5574900.0
1564,2021-10-18 06:55:40,64400.0,500.0,5574700.0
1565,2021-10-18 06:55:40,64400.0,1000.0,5574200.0
1566,2021-10-18 06:55:40,64400.0,1000.0,5573200.0
1567,2021-10-18 06:55:40,64400.0,200.0,5572200.0
1568,2021-10-18 06:55:40,64400.0,300.0,5572000.0
1569,2021-10-18 06:55:40,64400.0,300.0,5571700.0
1570,2021-10-18 06:55:40,64400.0,100.0,5571400.0
1571,2021-10-18 06:55:40,64400.0,100.0,5571300.0
1572,2021-10-18 06:55:40,64400.0,1000.0,5571200.0
1573,2021-10-18 06:55:40,64400.0,500.0,5570200.0
1574,2021-10-18 06:55:40,64400.0,1000.0,5569700.0
1575,2021-10-18 06:55:40,64400.0,1000.0,5568700.0
1576,2021-10-18 06:55:40,64400.0,1000.0,5567700.0
1577,2021-10-18 06:55:40,64400.0,200.0,5566700.0
1578,2021-10-18 06:55:40,64400.0,300.0,5566500.0
1579,2021-10-18 06:55:40,64400.0,500.0,5566200.0
1580,2021-10-18 06:55:40,64400.0,1000.0,5565700.0
1581,2021-10-18 06:55:40,64400.0,5000.0,5564700.0
1582,2021-10-18 06:55:40,64400.0,500.0,5559700.0
1583,2021-10-18 06:55:40,64400.0,500.0,5559200.0
1584,2021-10-18 06:55:40,64400.0,500.0,5558700.0
1585,2021-10-18 06:55:40,64400.0,1000.0,5558200.0
1586,2021-10-18 06:55:40,64400.0,1000.0,5557200.0
1587,2021-10-18 06:55:40,64400.0,500.0,5556200.0
1588,2021-10-18 06:55:40,64400.0,100.0,5555700.0
1589,2021-10-18 06:55:40,64400.0,800.0,5555600.0
1590,2021-10-18 06:55:39,64400.0,300.0,5554800.0
1591,2021-10-18 06:55:36,64500.0,100.0,5554500.0
1592,2021-10-18 06:55:33,64500.0,700.0,5554400.0
1593,2021-10-18 06:55:29,64500.0,10000.0,5553700.0
1594,2021-10-18 06:55:26,64500.0,100.0,5543700.0
1595,2021-10-18 06:55:26,64500.0,1000.0,5543600.0
1596,2021-10-18 06:55:19,64500.0,600.0,5542600.0
1597,2021-10-18 06:55:19,64500.0,100.0,5542000.0
1598,2021-10-18 06:55:19,64500.0,1000.0,5541900.0
1599,2021-10-18 06:55:19,64500.0,10000.0,5540900.0
1600,2021-10-18 06:55:19,64500.0,500.0,5530900.0
1601,2021-10-18 06:55:19,64500.0,500.0,5530400.0
1602,2021-10-18 06:55:19,64500.0,500.0,5529900.0
1603,2021-10-18 06:55:19,64500.0,100.0,5529400.0
1604,2021-10-18 06:55:19,64500.0,100.0,5529300.0
1605,2021-10-18 06:55:19,64500.0,1000.0,5529200.0
1606,2021-10-18 06:55:19,64500.0,100.0,5528200.0
1607,2021-10-18 06:55:19,64500.0,10000.0,5528100.0
1608,2021-10-18 06:55:19,64500.0,2000.0,5518100.0
1609,2021-10-18 06:55:19,64500.0,100.0,5516100.0
1610,2021-10-18 06:55:19,64500.0,400.0,5516000.0
1611,2021-10-18 06:55:19,64500.0,1000.0,5515600.0
1612,2021-10-18 06:55:19,64500.0,200.0,5514600.0
1613,2021-10-18 06:55:19,64500.0,100.0,5514400.0
1614,2021-10-18 06:55:19,64500.0,1000.0,5514300.0
1615,2021-10-18 06:55:19,64500.0,2000.0,5513300.0
1616,2021-10-18 06:55:19,64500.0,2700.0,5511300.0
1617,2021-10-18 06:55:19,64500.0,1000.0,5508600.0
1618,2021-10-18 06:55:19,64500.0,200.0,5507600.0
1619,2021-10-18 06:55:19,64500.0,2000.0,5507400.0
1620,2021-10-18 06:55:19,64500.0,500.0,5505400.0
1621,2021-10-18 06:55:19,64500.0,500.0,5504900.0
1622,2021-10-18 06:55:19,64500.0,300.0,5504400.0
1623,2021-10-18 06:55:19,64500.0,600.0,5504100.0
1624,2021-10-18 06:55:19,64500.0,1200.0,5503500.0
1625,2021-10-18 06:55:12,64500.0,1800.0,5502300.0
1626,2021-10-18 06:55:12,64500.0,100.0,5500500.0
1627,2021-10-18 06:55:12,64500.0,300.0,5500400.0
1628,2021-10-18 06:55:12,64500.0,100.0,5500100.0
1629,2021-10-18 06:55:12,64500.0,2700.0,5500000.0
1630,2021-10-18 06:55:11,64500.0,200.0,5497300.0
1631,2021-10-18 06:54:57,64600.0,2000.0,5497100.0
1632,2021-10-18 06:54:57,64600.0,200.0,5495100.0
1633,2021-10-18 06:54:56,64500.0,100.0,5494900.0
1634,2021-10-18 06:54:56,64500.0,100.0,5494800.0
1635,2021-10-18 06:54:56,64500.0,100.0,5494700.0
1636,2021-10-18 06:54:56,64500.0,200.0,5494600.0
1637,2021-10-18 06:54:56,64500.0,500.0,5494400.0
1638,2021-10-18 06:54:54,64600.0,200.0,5493900.0
1639,2021-10-18 06:54:49,64600.0,100.0,5493700.0
1640,2021-10-18 06:54:35,64600.0,100.0,5493600.0
1641,2021-10-18 06:54:32,64600.0,400.0,5493500.0
1642,2021-10-18 06:54:32,64600.0,100.0,5493100.0
1643,2021-10-18 06:54:32,64600.0,500.0,5493000.0
1644,2021-10-18 06:54:32,64600.0,3900.0,5492500.0
1645,2021-10-18 06:54:25,64500.0,500.0,5488600.0
1646,2021-10-18 06:54:23,64500.0,300.0,5488100.0
1647,2021-10-18 06:54:23,64600.0,300.0,5487800.0
1648,2021-10-18 06:54:21,64600.0,200.0,5487500.0
1649,2021-10-18 06:54:16,64500.0,4700.0,5487300.0
1650,2021-10-18 06:54:16,64500.0,600.0,5482600.0
1651,2021-10-18 06:54:16,64500.0,5000.0,5482000.0
1652,2021-10-18 06:54:16,64500.0,5000.0,5477000.0
1653,2021-10-18 06:54:16,64500.0,200.0,5472000.0
1654,2021-10-18 06:54:16,64500.0,700.0,5471800.0
1655,2021-10-18 06:54:16,64500.0,800.0,5471100.0
1656,2021-10-18 06:54:14,64600.0,200.0,5470300.0
1657,2021-10-18 06:54:12,64500.0,200.0,5470100.0
1658,2021-10-18 06:54:12,64500.0,300.0,5469900.0
1659,2021-10-18 06:54:12,64600.0,100.0,5469600.0
1660,2021-10-18 06:54:05,64600.0,6300.0,5469500.0
1661,2021-10-18 06:54:05,64600.0,2000.0,5463200.0
1662,2021-10-18 06:54:03,64500.0,100.0,5461200.0
1663,2021-10-18 06:54:03,64500.0,1300.0,5461100.0
1664,2021-10-18 06:54:03,64500.0,3600.0,5459800.0
1665,2021-10-18 06:53:57,64600.0,1000.0,5456200.0
1666,2021-10-18 06:53:50,64600.0,1000.0,5455200.0
1667,2021-10-18 06:53:49,64500.0,5000.0,5454200.0
1668,2021-10-18 06:53:48,64600.0,500.0,5449200.0
1669,2021-10-18 06:53:41,64500.0,100.0,5448700.0
1670,2021-10-18 06:53:33,64600.0,2000.0,5448600.0
1671,2021-10-18 06:53:30,64600.0,800.0,5446600.0
1672,2021-10-18 06:53:30,64600.0,200.0,5445800.0
1673,2021-10-18 06:53:29,64600.0,1700.0,5445600.0
1674,2021-10-18 06:53:25,64600.0,100.0,5443900.0
1675,2021-10-18 06:53:23,64600.0,100.0,5443800.0
1676,2021-10-18 06:53:13,64600.0,600.0,5443700.0
1677,2021-10-18 06:53:13,64600.0,200.0,5443100.0
1678,2021-10-18 06:53:13,64600.0,100.0,5442900.0
1679,2021-10-18 06:53:13,64600.0,100.0,5442800.0
1680,2021-10-18 06:53:13,64600.0,1000.0,5442700.0
1681,2021-10-18 06:53:13,64600.0,300.0,5441700.0
1682,2021-10-18 06:53:13,64600.0,200.0,5441400.0
1683,2021-10-18 06:53:13,64600.0,100.0,5441200.0
1684,2021-10-18 06:53:13,64600.0,400.0,5441100.0
1685,2021-10-18 06:53:01,64600.0,100.0,5440700.0
1686,2021-10-18 06:52:55,64500.0,10000.0,5440600.0
1687,2021-10-18 06:52:53,64600.0,200.0,5430600.0
1688,2021-10-18 06:52:53,64600.0,800.0,5430400.0
1689,2021-10-18 06:52:51,64600.0,600.0,5429600.0
1690,2021-10-18 06:52:49,64600.0,600.0,5429000.0
1691,2021-10-18 06:52:49,64600.0,100.0,5428400.0
1692,2021-10-18 06:52:49,64600.0,100.0,5428300.0
1693,2021-10-18 06:52:49,64600.0,400.0,5428200.0
1694,2021-10-18 06:52:49,64600.0,1000.0,5427800.0
1695,2021-10-18 06:52:49,64600.0,500.0,5426800.0
1696,2021-10-18 06:52:49,64600.0,300.0,5426300.0
1697,2021-10-18 06:52:39,64600.0,700.0,5426000.0
1698,2021-10-18 06:52:39,64600.0,1000.0,5425300.0
1699,2021-10-18 06:52:39,64600.0,700.0,5424300.0
1700,2021-10-18 06:52:37,64600.0,100.0,5423600.0
1701,2021-10-18 06:52:32,64600.0,200.0,5423500.0
1702,2021-10-18 06:52:32,64600.0,300.0,5423300.0
1703,2021-10-18 06:52:27,64600.0,400.0,5423000.0
1704,2021-10-18 06:52:25,64500.0,500.0,5422600.0
1705,2021-10-18 06:52:24,64600.0,2700.0,5422100.0
1706,2021-10-18 06:52:24,64500.0,600.0,5419400.0
1707,2021-10-18 06:52:03,64600.0,400.0,5418800.0
1708,2021-10-18 06:52:01,64600.0,300.0,5418400.0
1709,2021-10-18 06:52:01,64600.0,1000.0,5418100.0
1710,2021-10-18 06:52:00,64600.0,1300.0,5417100.0
1711,2021-10-18 06:51:53,64600.0,300.0,5415800.0
1712,2021-10-18 06:51:53,64600.0,200.0,5415500.0
1713,2021-10-18 06:51:52,64600.0,2000.0,5415300.0
1714,2021-10-18 06:51:50,64600.0,5000.0,5413300.0
1715,2021-10-18 06:51:50,64600.0,100.0,5408300.0
1716,2021-10-18 06:51:50,64600.0,100.0,5408200.0
1717,2021-10-18 06:51:50,64600.0,500.0,5408100.0
1718,2021-10-18 06:51:50,64600.0,200.0,5407600.0
1719,2021-10-18 06:51:50,64600.0,500.0,5407400.0
1720,2021-10-18 06:51:50,64600.0,1000.0,5406900.0
1721,2021-10-18 06:51:50,64600.0,1700.0,5405900.0
1722,2021-10-18 06:51:49,64600.0,100.0,5404200.0
1723,2021-10-18 06:51:49,64600.0,100.0,5404100.0
1724,2021-10-18 06:51:49,64600.0,200.0,5404000.0
1725,2021-10-18 06:51:48,64700.0,400.0,5403800.0
1726,2021-10-18 06:51:45,64600.0,200.0,5403400.0
1727,2021-10-18 06:51:45,64600.0,100.0,5403200.0
1728,2021-10-18 06:51:45,64600.0,900.0,5403100.0
1729,2021-10-18 06:51:44,64700.0,100.0,5402200.0
1730,2021-10-18 06:51:44,64700.0,100.0,5402100.0
1731,2021-10-18 06:51:44,64700.0,200.0,5402000.0
1732,2021-10-18 06:51:44,64700.0,600.0,5401800.0
1733,2021-10-18 06:51:40,64600.0,1000.0,5401200.0
1734,2021-10-18 06:51:33,64600.0,100.0,5400200.0
1735,2021-10-18 06:51:33,64600.0,500.0,5400100.0
1736,2021-10-18 06:51:29,64600.0,4000.0,5399600.0
1737,2021-10-18 06:51:21,64600.0,3500.0,5395600.0
1738,2021-10-18 06:51:21,64600.0,900.0,5392100.0
1739,2021-10-18 06:51:21,64600.0,600.0,5391200.0
1740,2021-10-18 06:51:18,64600.0,400.0,5390600.0
1741,2021-10-18 06:51:18,64600.0,100.0,5390200.0
1742,2021-10-18 06:51:18,64600.0,2000.0,5390100.0
1743,2021-10-18 06:51:18,64600.0,100.0,5388100.0
1744,2021-10-18 06:51:18,64600.0,300.0,5388000.0
1745,2021-10-18 06:51:18,64600.0,1000.0,5387700.0
1746,2021-10-18 06:51:18,64600.0,500.0,5386700.0
1747,2021-10-18 06:51:18,64600.0,700.0,5386200.0
1748,2021-10-18 06:51:18,64600.0,500.0,5385500.0
1749,2021-10-18 06:51:18,64600.0,1000.0,5385000.0
1750,2021-10-18 06:51:18,64600.0,400.0,5384000.0
1751,2021-10-18 06:51:18,64600.0,100.0,5383600.0
1752,2021-10-18 06:51:18,64600.0,200.0,5383500.0
1753,2021-10-18 06:51:18,64600.0,2000.0,5383300.0
1754,2021-10-18 06:51:18,64600.0,4500.0,5381300.0
1755,2021-10-18 06:51:14,64600.0,1000.0,5376800.0
1756,2021-10-18 06:51:05,64700.0,300.0,5375800.0
1757,2021-10-18 06:51:01,64600.0,1000.0,5375500.0
1758,2021-10-18 06:50:58,64600.0,1200.0,5374500.0
1759,2021-10-18 06:50:57,64600.0,300.0,5373300.0
1760,2021-10-18 06:50:57,64600.0,100.0,5373000.0
1761,2021-10-18 06:50:51,64600.0,200.0,5372900.0
1762,2021-10-18 06:50:45,64600.0,100.0,5372700.0
1763,2021-10-18 06:50:45,64700.0,2000.0,5372600.0
1764,2021-10-18 06:50:44,64700.0,1100.0,5370600.0
1765,2021-10-18 06:50:44,64700.0,400.0,5369500.0
1766,2021-10-18 06:50:44,64600.0,600.0,5369100.0
1767,2021-10-18 06:50:44,64600.0,400.0,5368500.0
1768,2021-10-18 06:50:29,64600.0,1000.0,5368100.0
1769,2021-10-18 06:50:24,64700.0,100.0,5367100.0
1770,2021-10-18 06:50:24,64700.0,2000.0,5367000.0
1771,2021-10-18 06:50:16,64600.0,1000.0,5365000.0
1772,2021-10-18 06:50:15,64600.0,100.0,5364000.0
1773,2021-10-18 06:50:15,64600.0,100.0,5363900.0
1774,2021-10-18 06:50:15,64600.0,1500.0,5363800.0
1775,2021-10-18 06:50:15,64600.0,1000.0,5362300.0
1776,2021-10-18 06:50:14,64600.0,600.0,5361300.0
1777,2021-10-18 06:50:14,64600.0,2500.0,5360700.0
1778,2021-10-18 06:50:14,64600.0,900.0,5358200.0
1779,2021-10-18 06:50:08,64600.0,1200.0,5357300.0
1780,2021-10-18 06:50:06,64600.0,1900.0,5356100.0
1781,2021-10-18 06:50:06,64600.0,100.0,5354200.0
1782,2021-10-18 06:50:06,64600.0,2000.0,5354100.0
1783,2021-10-18 06:50:06,64600.0,100.0,5352100.0
1784,2021-10-18 06:50:06,64600.0,100.0,5352000.0
1785,2021-10-18 06:50:06,64600.0,800.0,5351900.0
1786,2021-10-18 06:50:04,64600.0,200.0,5351100.0
1787,2021-10-18 06:50:04,64600.0,300.0,5350900.0
1788,2021-10-18 06:50:02,64600.0,2400.0,5350600.0
1789,2021-10-18 06:49:55,64600.0,1000.0,5348200.0
1790,2021-10-18 06:49:51,64600.0,1300.0,5347200.0
1791,2021-10-18 06:49:51,64600.0,100.0,5345900.0
1792,2021-10-18 06:49:51,64600.0,3600.0,5345800.0
1793,2021-10-18 06:49:50,64600.0,300.0,5342200.0
1794,2021-10-18 06:49:49,64500.0,200.0,5341900.0
1795,2021-10-18 06:49:49,64500.0,800.0,5341700.0
1796,2021-10-18 06:49:49,64600.0,400.0,5340900.0
1797,2021-10-18 06:49:48,64600.0,1000.0,5340500.0
1798,2021-10-18 06:49:46,64600.0,700.0,5339500.0
1799,2021-10-18 06:49:46,64600.0,300.0,5338800.0
1800,2021-10-18 06:49:46,64600.0,500.0,5338500.0
1801,2021-10-18 06:49:45,64600.0,2900.0,5338000.0
1802,2021-10-18 06:49:44,64600.0,100.0,5335100.0
1803,2021-10-18 06:49:44,64600.0,100.0,5335000.0
1804,2021-10-18 06:49:41,64600.0,300.0,5334900.0
1805,2021-10-18 06:49:39,64600.0,100.0,5334600.0
1806,2021-10-18 06:49:36,64600.0,500.0,5334500.0
1807,2021-10-18 06:49:36,64600.0,100.0,5334000.0
1808,2021-10-18 06:49:36,64600.0,10000.0,5333900.0
1809,2021-10-18 06:49:36,64600.0,200.0,5323900.0
1810,2021-10-18 06:49:36,64600.0,500.0,5323700.0
1811,2021-10-18 06:49:36,64600.0,1000.0,5323200.0
1812,2021-10-18 06:49:36,64600.0,100.0,5322200.0
1813,2021-10-18 06:49:36,64600.0,100.0,5322100.0
1814,2021-10-18 06:49:36,64600.0,100.0,5322000.0
1815,2021-10-18 06:49:36,64600.0,500.0,5321900.0
1816,2021-10-18 06:49:36,64600.0,10000.0,5321400.0
1817,2021-10-18 06:49:36,64600.0,4000.0,5311400.0
1818,2021-10-18 06:49:36,64600.0,100.0,5307400.0
1819,2021-10-18 06:49:36,64600.0,2000.0,5307300.0
1820,2021-10-18 06:49:36,64600.0,2000.0,5305300.0
1821,2021-10-18 06:49:36,64600.0,1500.0,5303300.0
1822,2021-10-18 06:49:36,64600.0,100.0,5301800.0
1823,2021-10-18 06:49:36,64600.0,500.0,5301700.0
1824,2021-10-18 06:49:36,64600.0,500.0,5301200.0
1825,2021-10-18 06:49:36,64600.0,1000.0,5300700.0
1826,2021-10-18 06:49:36,64600.0,100.0,5299700.0
1827,2021-10-18 06:49:36,64600.0,100.0,5299600.0
1828,2021-10-18 06:49:36,64600.0,100.0,5299500.0
1829,2021-10-18 06:49:36,64600.0,1000.0,5299400.0
1830,2021-10-18 06:49:36,64600.0,10000.0,5298400.0
1831,2021-10-18 06:49:36,64600.0,1000.0,5288400.0
1832,2021-10-18 06:49:36,64600.0,2900.0,5287400.0
1833,2021-10-18 06:49:25,64600.0,3000.0,5284500.0
1834,2021-10-18 06:49:24,64600.0,600.0,5281500.0
1835,2021-10-18 06:49:22,64600.0,5000.0,5280900.0
1836,2021-10-18 06:49:19,64600.0,100.0,5275900.0
1837,2021-10-18 06:49:18,64500.0,100.0,5275800.0
1838,2021-10-18 06:49:18,64600.0,100.0,5275700.0
1839,2021-10-18 06:49:17,64600.0,100.0,5275600.0
1840,2021-10-18 06:49:15,64600.0,200.0,5275500.0
1841,2021-10-18 06:49:14,64600.0,500.0,5275300.0
1842,2021-10-18 06:49:13,64600.0,600.0,5274800.0
1843,2021-10-18 06:49:13,64600.0,1100.0,5274200.0
1844,2021-10-18 06:49:13,64600.0,500.0,5273100.0
1845,2021-10-18 06:49:12,64600.0,300.0,5272600.0
1846,2021-10-18 06:49:11,64600.0,200.0,5272300.0
1847,2021-10-18 06:49:06,64600.0,200.0,5272100.0
1848,2021-10-18 06:49:03,64600.0,100.0,5271900.0
1849,2021-10-18 06:49:02,64600.0,100.0,5271800.0
1850,2021-10-18 06:49:01,64600.0,100.0,5271700.0
1851,2021-10-18 06:48:59,64600.0,100.0,5271600.0
1852,2021-10-18 06:48:58,64600.0,500.0,5271500.0
1853,2021-10-18 06:48:58,64600.0,100.0,5271000.0
1854,2021-10-18 06:48:58,64600.0,2000.0,5270900.0
1855,2021-10-18 06:48:57,64600.0,100.0,5268900.0
1856,2021-10-18 06:48:56,64500.0,900.0,5268800.0
1857,2021-10-18 06:48:54,64600.0,400.0,5267900.0
1858,2021-10-18 06:48:47,64600.0,500.0,5267500.0
1859,2021-10-18 06:48:47,64600.0,100.0,5267000.0
1860,2021-10-18 06:48:44,64600.0,500.0,5266900.0
1861,2021-10-18 06:48:44,64600.0,1000.0,5266400.0
1862,2021-10-18 06:48:44,64600.0,1000.0,5265400.0
1863,2021-10-18 06:48:44,64600.0,2500.0,5264400.0
1864,2021-10-18 06:48:40,64600.0,100.0,5261900.0
1865,2021-10-18 06:48:35,64600.0,600.0,5261800.0
1866,2021-10-18 06:48:33,64600.0,1800.0,5261200.0
1867,2021-10-18 06:48:33,64600.0,200.0,5259400.0
1868,2021-10-18 06:48:33,64600.0,400.0,5259200.0
1869,2021-10-18 06:48:33,64600.0,600.0,5258800.0
1870,2021-10-18 06:48:33,64600.0,1000.0,5258200.0
1871,2021-10-18 06:48:33,64600.0,1200.0,5257200.0
1872,2021-10-18 06:48:33,64600.0,400.0,5256000.0
1873,2021-10-18 06:48:33,64600.0,200.0,5255600.0
1874,2021-10-18 06:48:33,64600.0,2000.0,5255400.0
1875,2021-10-18 06:48:33,64600.0,100.0,5253400.0
1876,2021-10-18 06:48:33,64600.0,500.0,5253300.0
1877,2021-10-18 06:48:33,64600.0,500.0,5252800.0
1878,2021-10-18 06:48:33,64600.0,400.0,5252300.0
1879,2021-10-18 06:48:33,64600.0,500.0,5251900.0
1880,2021-10-18 06:48:33,64600.0,200.0,5251400.0
1881,2021-10-18 06:48:31,64600.0,300.0,5251200.0
1882,2021-10-18 06:48:31,64600.0,600.0,5250900.0
1883,2021-10-18 06:48:29,64600.0,100.0,5250300.0
1884,2021-10-18 06:48:27,64600.0,100.0,5250200.0
1885,2021-10-18 06:48:21,64600.0,600.0,5250100.0
1886,2021-10-18 06:48:20,64600.0,200.0,5249500.0
1887,2021-10-18 06:48:17,64600.0,400.0,5249300.0
1888,2021-10-18 06:48:17,64600.0,4000.0,5248900.0
1889,2021-10-18 06:48:17,64600.0,600.0,5244900.0
1890,2021-10-18 06:48:15,64500.0,1000.0,5244300.0
1891,2021-10-18 06:48:14,64600.0,300.0,5243300.0
1892,2021-10-18 06:48:06,64600.0,100.0,5243000.0
1893,2021-10-18 06:48:06,64600.0,100.0,5242900.0
1894,2021-10-18 06:48:06,64600.0,100.0,5242800.0
1895,2021-10-18 06:48:05,64600.0,1200.0,5242700.0
1896,2021-10-18 06:48:01,64500.0,200.0,5241500.0
1897,2021-10-18 06:47:57,64500.0,500.0,5241300.0
1898,2021-10-18 06:47:56,64600.0,8700.0,5240800.0
1899,2021-10-18 06:47:56,64600.0,100.0,5232100.0
1900,2021-10-18 06:47:56,64600.0,200.0,5232000.0
1901,2021-10-18 06:47:56,64600.0,6800.0,5231800.0
1902,2021-10-18 06:47:49,64500.0,500.0,5225000.0
1903,2021-10-18 06:47:48,64600.0,8000.0,5224500.0
1904,2021-10-18 06:47:48,64500.0,1000.0,5216500.0
1905,2021-10-18 06:47:44,64600.0,200.0,5215500.0
1906,2021-10-18 06:47:44,64600.0,300.0,5215300.0
1907,2021-10-18 06:47:41,64500.0,1000.0,5215000.0
1908,2021-10-18 06:47:41,64600.0,500.0,5214000.0
1909,2021-10-18 06:47:35,64500.0,100.0,5213500.0
1910,2021-10-18 06:47:35,64500.0,100.0,5213400.0
1911,2021-10-18 06:47:35,64500.0,300.0,5213300.0
1912,2021-10-18 06:47:34,64600.0,200.0,5213000.0
1913,2021-10-18 06:47:34,64600.0,500.0,5212800.0
1914,2021-10-18 06:47:34,64500.0,300.0,5212300.0
1915,2021-10-18 06:47:34,64500.0,100.0,5212000.0
1916,2021-10-18 06:47:30,64500.0,1800.0,5211900.0
1917,2021-10-18 06:47:30,64500.0,200.0,5210100.0
1918,2021-10-18 06:47:28,64500.0,500.0,5209900.0
1919,2021-10-18 06:47:22,64600.0,500.0,5209400.0
1920,2021-10-18 06:47:21,64500.0,100.0,5208900.0
1921,2021-10-18 06:47:21,64600.0,3000.0,5208800.0
1922,2021-10-18 06:47:17,64600.0,4700.0,5205800.0
1923,2021-10-18 06:47:16,64600.0,700.0,5201100.0
1924,2021-10-18 06:47:13,64600.0,100.0,5200400.0
1925,2021-10-18 06:47:11,64600.0,500.0,5200300.0
1926,2021-10-18 06:47:11,64600.0,500.0,5199800.0
1927,2021-10-18 06:47:04,64600.0,1500.0,5199300.0
1928,2021-10-18 06:47:01,64500.0,200.0,5197800.0
1929,2021-10-18 06:46:56,64600.0,300.0,5197600.0
1930,2021-10-18 06:46:53,64600.0,1000.0,5197300.0
1931,2021-10-18 06:46:53,64500.0,1000.0,5196300.0
1932,2021-10-18 06:46:49,64500.0,100.0,5195300.0
1933,2021-10-18 06:46:48,64600.0,300.0,5195200.0
1934,2021-10-18 06:46:46,64500.0,400.0,5194900.0
1935,2021-10-18 06:46:46,64500.0,3000.0,5194500.0
1936,2021-10-18 06:46:46,64500.0,500.0,5191500.0
1937,2021-10-18 06:46:46,64500.0,400.0,5191000.0
1938,2021-10-18 06:46:46,64500.0,1000.0,5190600.0
1939,2021-10-18 06:46:46,64500.0,1000.0,5189600.0
1940,2021-10-18 06:46:46,64500.0,1200.0,5188600.0
1941,2021-10-18 06:46:46,64500.0,5000.0,5187400.0
1942,2021-10-18 06:46:46,64500.0,5000.0,5182400.0
1943,2021-10-18 06:46:46,64500.0,2500.0,5177400.0
1944,2021-10-18 06:46:45,64600.0,10000.0,5174900.0
1945,2021-10-18 06:46:43,64500.0,600.0,5164900.0
1946,2021-10-18 06:46:37,64500.0,200.0,5164300.0
1947,2021-10-18 06:46:34,64600.0,200.0,5164100.0
1948,2021-10-18 06:46:31,64600.0,1200.0,5163900.0
1949,2021-10-18 06:46:31,64600.0,100.0,5162700.0
1950,2021-10-18 06:46:31,64600.0,100.0,5162600.0
1951,2021-10-18 06:46:31,64600.0,500.0,5162500.0
1952,2021-10-18 06:46:31,64600.0,100.0,5162000.0
1953,2021-10-18 06:46:31,64600.0,100.0,5161900.0
1954,2021-10-18 06:46:31,64600.0,1700.0,5161800.0
1955,2021-10-18 06:46:29,64600.0,200.0,5160100.0
1956,2021-10-18 06:46:27,64600.0,600.0,5159900.0
1957,2021-10-18 06:46:27,64600.0,400.0,5159300.0
1958,2021-10-18 06:46:23,64600.0,500.0,5158900.0
1959,2021-10-18 06:46:23,64600.0,200.0,5158400.0
1960,2021-10-18 06:46:23,64600.0,100.0,5158200.0
1961,2021-10-18 06:46:23,64600.0,1000.0,5158100.0
1962,2021-10-18 06:46:23,64600.0,3200.0,5157100.0
1963,2021-10-18 06:46:22,64500.0,6700.0,5153900.0
1964,2021-10-18 06:46:22,64500.0,8000.0,5147200.0
1965,2021-10-18 06:46:22,64500.0,1800.0,5139200.0
1966,2021-10-18 06:46:22,64500.0,3000.0,5137400.0
1967,2021-10-18 06:46:22,64500.0,500.0,5134400.0
1968,2021-10-18 06:46:17,64600.0,1800.0,5133900.0
1969,2021-10-18 06:46:17,64600.0,200.0,5132100.0
1970,2021-10-18 06:46:16,64600.0,100.0,5131900.0
1971,2021-10-18 06:46:16,64600.0,400.0,5131800.0
1972,2021-10-18 06:46:13,64500.0,500.0,5131400.0
1973,2021-10-18 06:46:13,64500.0,500.0,5130900.0
1974,2021-10-18 06:46:13,64500.0,1000.0,5130400.0
1975,2021-10-18 06:46:13,64500.0,600.0,5129400.0
1976,2021-10-18 06:46:13,64500.0,1000.0,5128800.0
1977,2021-10-18 06:46:13,64500.0,300.0,5127800.0
1978,2021-10-18 06:46:13,64500.0,100.0,5127500.0
1979,2021-10-18 06:46:13,64500.0,500.0,5127400.0
1980,2021-10-18 06:46:13,64500.0,500.0,5126900.0
1981,2021-10-18 06:46:11,64500.0,200.0,5126400.0
1982,2021-10-18 06:46:09,64500.0,100.0,5126200.0
1983,2021-10-18 06:46:03,64500.0,2000.0,5126100.0
1984,2021-10-18 06:46:03,64600.0,600.0,5124100.0
1985,2021-10-18 06:45:53,64600.0,4000.0,5123500.0
1986,2021-10-18 06:45:53,64600.0,1000.0,5119500.0
1987,2021-10-18 06:45:53,64600.0,200.0,5118500.0
1988,2021-10-18 06:45:53,64600.0,10000.0,5118300.0
1989,2021-10-18 06:45:53,64600.0,300.0,5108300.0
1990,2021-10-18 06:45:52,64500.0,200.0,5108000.0
1991,2021-10-18 06:45:41,64600.0,400.0,5107800.0
1992,2021-10-18 06:45:39,64500.0,1000.0,5107400.0
1993,2021-10-18 06:45:39,64500.0,700.0,5106400.0
1994,2021-10-18 06:45:39,64500.0,100.0,5105700.0
1995,2021-10-18 06:45:39,64500.0,300.0,5105600.0
1996,2021-10-18 06:45:39,64500.0,500.0,5105300.0
1997,2021-10-18 06:45:39,64500.0,5000.0,5104800.0
1998,2021-10-18 06:45:39,64500.0,100.0,5099800.0
1999,2021-10-18 06:45:39,64500.0,100.0,5099700.0
2000,2021-10-18 06:45:39,64500.0,200.0,5099600.0
2001,2021-10-18 06:45:39,64500.0,3000.0,5099400.0
2002,2021-10-18 06:45:39,64500.0,200.0,5096400.0
2003,2021-10-18 06:45:39,64500.0,1400.0,5096200.0
2004,2021-10-18 06:45:39,64500.0,1000.0,5094800.0
2005,2021-10-18 06:45:39,64500.0,500.0,5093800.0
2006,2021-10-18 06:45:39,64500.0,500.0,5093300.0
2007,2021-10-18 06:45:39,64500.0,700.0,5092800.0
2008,2021-10-18 06:45:39,64500.0,500.0,5092100.0
2009,2021-10-18 06:45:39,64500.0,1000.0,5091600.0
2010,2021-10-18 06:45:39,64500.0,200.0,5090600.0
2011,2021-10-18 06:45:39,64500.0,300.0,5090400.0
2012,2021-10-18 06:45:39,64500.0,400.0,5090100.0
2013,2021-10-18 06:45:39,64500.0,100.0,5089700.0
2014,2021-10-18 06:45:39,64500.0,1200.0,5089600.0
2015,2021-10-18 06:45:39,64500.0,2000.0,5088400.0
2016,2021-10-18 06:45:39,64500.0,200.0,5086400.0
2017,2021-10-18 06:45:39,64500.0,100.0,5086200.0
2018,2021-10-18 06:45:39,64500.0,200.0,5086100.0
2019,2021-10-18 06:45:38,64500.0,1000.0,5085900.0
2020,2021-10-18 06:45:36,64500.0,400.0,5084900.0
2021,2021-10-18 06:45:36,64500.0,1400.0,5084500.0
2022,2021-10-18 06:45:36,64500.0,400.0,5083100.0
2023,2021-10-18 06:45:36,64500.0,4600.0,5082700.0
2024,2021-10-18 06:45:36,64500.0,2000.0,5078100.0
2025,2021-10-18 06:45:36,64500.0,500.0,5076100.0
2026,2021-10-18 06:45:36,64500.0,100.0,5075600.0
2027,2021-10-18 06:45:36,64500.0,100.0,5075500.0
2028,2021-10-18 06:45:36,64500.0,200.0,5075400.0
2029,2021-10-18 06:45:36,64500.0,1000.0,5075200.0
2030,2021-10-18 06:45:36,64500.0,1400.0,5074200.0
2031,2021-10-18 06:45:36,64500.0,700.0,5072800.0
2032,2021-10-18 06:45:36,64500.0,2400.0,5072100.0
2033,2021-10-18 06:45:36,64500.0,500.0,5069700.0
2034,2021-10-18 06:45:36,64500.0,200.0,5069200.0
2035,2021-10-18 06:45:36,64500.0,300.0,5069000.0
2036,2021-10-18 06:45:36,64500.0,100.0,5068700.0
2037,2021-10-18 06:45:36,64500.0,1800.0,5068600.0
2038,2021-10-18 06:45:36,64500.0,6300.0,5066800.0
2039,2021-10-18 06:45:35,64500.0,1900.0,5060500.0
2040,2021-10-18 06:45:35,64500.0,600.0,5058600.0
2041,2021-10-18 06:45:35,64500.0,2500.0,5058000.0
2042,2021-10-18 06:45:33,64500.0,800.0,5055500.0
2043,2021-10-18 06:45:31,64500.0,1500.0,5054700.0
2044,2021-10-18 06:45:30,64500.0,1000.0,5053200.0
2045,2021-10-18 06:45:29,64500.0,200.0,5052200.0
2046,2021-10-18 06:45:27,64500.0,1000.0,5052000.0
