,Time,Price,Volume_per_trade,Volume
0,2021-10-13 07:45:01,23000.0,100.0,1949600.0
1,2021-10-13 07:45:01,23000.0,3000.0,1949500.0
2,2021-10-13 07:45:01,23000.0,1000.0,1946500.0
3,2021-10-13 07:45:01,23000.0,1100.0,1945500.0
4,2021-10-13 07:45:01,23000.0,500.0,1944400.0
5,2021-10-13 07:45:01,23000.0,13400.0,1943900.0
6,2021-10-13 07:45:01,23000.0,200.0,1930500.0
7,2021-10-13 07:45:01,23000.0,1000.0,1930300.0
8,2021-10-13 07:45:01,23000.0,100.0,1929300.0
9,2021-10-13 07:45:01,23000.0,4000.0,1929200.0
10,2021-10-13 07:45:01,23000.0,200.0,1925200.0
11,2021-10-13 07:45:01,23000.0,100.0,1925000.0
12,2021-10-13 07:45:01,23000.0,200.0,1924900.0
13,2021-10-13 07:45:01,23000.0,1000.0,1924700.0
14,2021-10-13 07:45:01,23000.0,1000.0,1923700.0
15,2021-10-13 07:45:01,23000.0,200.0,1922700.0
16,2021-10-13 07:45:01,23000.0,100.0,1922500.0
17,2021-10-13 07:45:01,23000.0,2000.0,1922400.0
18,2021-10-13 07:45:01,23000.0,100.0,1920400.0
19,2021-10-13 07:45:01,23000.0,500.0,1920300.0
20,2021-10-13 07:45:01,23000.0,1000.0,1919800.0
21,2021-10-13 07:45:01,23000.0,1000.0,1918800.0
22,2021-10-13 07:45:01,23000.0,1000.0,1917800.0
23,2021-10-13 07:45:01,23000.0,500.0,1916800.0
24,2021-10-13 07:45:01,23000.0,600.0,1916300.0
25,2021-10-13 07:45:01,23000.0,100.0,1915700.0
26,2021-10-13 07:45:01,23000.0,1000.0,1915600.0
27,2021-10-13 07:45:01,23000.0,1300.0,1914600.0
28,2021-10-13 07:45:01,23000.0,2000.0,1913300.0
29,2021-10-13 07:45:01,23000.0,1000.0,1911300.0
30,2021-10-13 07:45:01,23000.0,700.0,1910300.0
31,2021-10-13 07:45:01,23000.0,1000.0,1909600.0
32,2021-10-13 07:45:01,23000.0,200.0,1908600.0
33,2021-10-13 07:45:01,23000.0,100.0,1908400.0
34,2021-10-13 07:45:01,23000.0,100.0,1908300.0
35,2021-10-13 07:29:46,23000.0,100.0,1908200.0
36,2021-10-13 07:29:44,23000.0,2000.0,1908100.0
37,2021-10-13 07:29:35,23000.0,500.0,1906100.0
38,2021-10-13 07:29:33,23000.0,600.0,1905600.0
39,2021-10-13 07:29:07,23000.0,500.0,1905000.0
40,2021-10-13 07:28:42,23000.0,700.0,1904500.0
41,2021-10-13 07:28:39,23000.0,3000.0,1903800.0
42,2021-10-13 07:28:09,23000.0,100.0,1900800.0
43,2021-10-13 07:28:09,23000.0,100.0,1900700.0
44,2021-10-13 07:28:09,23000.0,200.0,1900600.0
45,2021-10-13 07:27:38,22950.0,1000.0,1900400.0
46,2021-10-13 07:27:35,22950.0,1000.0,1899400.0
47,2021-10-13 07:27:00,22950.0,100.0,1898400.0
48,2021-10-13 07:25:48,22950.0,1200.0,1898300.0
49,2021-10-13 07:25:20,22950.0,3000.0,1897100.0
50,2021-10-13 07:23:53,22950.0,900.0,1894100.0
51,2021-10-13 07:23:53,22950.0,500.0,1893200.0
52,2021-10-13 07:23:53,22950.0,500.0,1892700.0
53,2021-10-13 07:23:53,22950.0,3100.0,1892200.0
54,2021-10-13 07:23:30,22950.0,200.0,1889100.0
55,2021-10-13 07:23:14,23000.0,400.0,1888900.0
56,2021-10-13 07:23:12,23000.0,2300.0,1888500.0
57,2021-10-13 07:22:51,23000.0,1300.0,1886200.0
58,2021-10-13 07:22:48,23000.0,200.0,1884900.0
59,2021-10-13 07:21:39,23000.0,1000.0,1884700.0
60,2021-10-13 07:21:33,23000.0,1000.0,1883700.0
61,2021-10-13 07:21:14,23000.0,200.0,1882700.0
62,2021-10-13 07:21:14,23000.0,200.0,1882500.0
63,2021-10-13 07:21:12,23000.0,1000.0,1882300.0
64,2021-10-13 07:20:58,23000.0,200.0,1881300.0
65,2021-10-13 07:20:32,23000.0,100.0,1881100.0
66,2021-10-13 07:20:13,23000.0,2000.0,1881000.0
67,2021-10-13 07:20:07,23000.0,500.0,1879000.0
68,2021-10-13 07:20:07,23000.0,400.0,1878500.0
69,2021-10-13 07:19:56,23000.0,600.0,1878100.0
70,2021-10-13 07:19:53,23000.0,1000.0,1877500.0
71,2021-10-13 07:19:41,23000.0,100.0,1876500.0
72,2021-10-13 07:19:35,23000.0,1000.0,1876400.0
73,2021-10-13 07:19:19,23000.0,7300.0,1875400.0
74,2021-10-13 07:19:19,23000.0,100.0,1868100.0
75,2021-10-13 07:19:19,23000.0,2500.0,1868000.0
76,2021-10-13 07:19:19,23000.0,500.0,1865500.0
77,2021-10-13 07:19:19,23000.0,800.0,1865000.0
78,2021-10-13 07:19:19,23000.0,8800.0,1864200.0
79,2021-10-13 07:19:08,23000.0,200.0,1855400.0
80,2021-10-13 07:19:01,23000.0,1000.0,1855200.0
81,2021-10-13 07:19:01,23000.0,1000.0,1854200.0
82,2021-10-13 07:18:51,23000.0,4700.0,1853200.0
83,2021-10-13 07:18:43,23000.0,3000.0,1848500.0
84,2021-10-13 07:18:28,23000.0,1000.0,1845500.0
85,2021-10-13 07:18:08,22950.0,2900.0,1844500.0
86,2021-10-13 07:17:48,23000.0,100.0,1841600.0
87,2021-10-13 07:17:29,23000.0,200.0,1841500.0
88,2021-10-13 07:17:29,23000.0,200.0,1841300.0
89,2021-10-13 07:17:29,23000.0,2900.0,1841100.0
90,2021-10-13 07:17:16,23000.0,1000.0,1838200.0
91,2021-10-13 07:17:14,22950.0,200.0,1837200.0
92,2021-10-13 07:17:13,23000.0,200.0,1837000.0
93,2021-10-13 07:17:02,23000.0,700.0,1836800.0
94,2021-10-13 07:16:49,23000.0,300.0,1836100.0
95,2021-10-13 07:16:35,23000.0,2000.0,1835800.0
96,2021-10-13 07:16:13,23000.0,500.0,1833800.0
97,2021-10-13 07:16:06,23000.0,100.0,1833300.0
98,2021-10-13 07:16:00,23000.0,500.0,1833200.0
99,2021-10-13 07:15:58,23000.0,100.0,1832700.0
100,2021-10-13 07:15:58,23000.0,200.0,1832600.0
101,2021-10-13 07:14:55,23000.0,500.0,1832400.0
102,2021-10-13 07:14:48,23000.0,100.0,1831900.0
103,2021-10-13 07:14:40,23000.0,500.0,1831800.0
104,2021-10-13 07:14:39,23000.0,100.0,1831300.0
105,2021-10-13 07:14:13,23000.0,100.0,1831200.0
106,2021-10-13 07:14:13,23000.0,10000.0,1831100.0
107,2021-10-13 07:14:01,23000.0,200.0,1821100.0
108,2021-10-13 07:14:01,23000.0,300.0,1820900.0
109,2021-10-13 07:13:59,23000.0,200.0,1820600.0
110,2021-10-13 07:13:59,23000.0,100.0,1820400.0
111,2021-10-13 07:13:48,23000.0,900.0,1820300.0
112,2021-10-13 07:13:48,23000.0,100.0,1819400.0
113,2021-10-13 07:13:44,23000.0,200.0,1819300.0
114,2021-10-13 07:13:34,23000.0,100.0,1819100.0
115,2021-10-13 07:12:30,23000.0,1000.0,1819000.0
116,2021-10-13 07:12:20,23000.0,100.0,1818000.0
117,2021-10-13 07:11:23,23000.0,1400.0,1817900.0
118,2021-10-13 07:10:46,23000.0,200.0,1816500.0
119,2021-10-13 07:10:46,23000.0,3000.0,1816300.0
120,2021-10-13 07:10:44,23000.0,1000.0,1813300.0
121,2021-10-13 07:10:08,23000.0,500.0,1812300.0
122,2021-10-13 07:10:02,23000.0,100.0,1811800.0
123,2021-10-13 07:09:51,23000.0,2600.0,1811700.0
124,2021-10-13 07:09:51,23000.0,400.0,1809100.0
125,2021-10-13 07:09:29,23000.0,1000.0,1808700.0
126,2021-10-13 07:09:29,23000.0,1500.0,1807700.0
127,2021-10-13 07:09:20,23000.0,100.0,1806200.0
128,2021-10-13 07:09:01,23000.0,100.0,1806100.0
129,2021-10-13 07:07:55,23000.0,1300.0,1806000.0
130,2021-10-13 07:07:36,23000.0,600.0,1804700.0
131,2021-10-13 07:07:19,23000.0,200.0,1804100.0
132,2021-10-13 07:06:55,23000.0,300.0,1803900.0
133,2021-10-13 07:06:01,23000.0,100.0,1803600.0
134,2021-10-13 07:05:56,23000.0,2000.0,1803500.0
135,2021-10-13 07:05:54,23000.0,900.0,1801500.0
136,2021-10-13 07:05:48,23000.0,100.0,1800600.0
137,2021-10-13 07:05:25,23000.0,1000.0,1800500.0
138,2021-10-13 07:04:37,23000.0,400.0,1799500.0
139,2021-10-13 07:04:37,23000.0,1600.0,1799100.0
140,2021-10-13 07:04:25,23000.0,200.0,1797500.0
141,2021-10-13 07:04:16,23000.0,100.0,1797300.0
142,2021-10-13 07:03:46,23000.0,500.0,1797200.0
143,2021-10-13 07:03:46,23000.0,100.0,1796700.0
144,2021-10-13 07:03:46,23000.0,1000.0,1796600.0
145,2021-10-13 07:03:46,23000.0,1000.0,1795600.0
146,2021-10-13 07:03:46,23000.0,500.0,1794600.0
147,2021-10-13 07:03:46,23000.0,1000.0,1794100.0
148,2021-10-13 07:03:46,23000.0,1100.0,1793100.0
149,2021-10-13 07:03:46,23000.0,1500.0,1792000.0
150,2021-10-13 07:03:46,23000.0,200.0,1790500.0
151,2021-10-13 07:03:46,23000.0,100.0,1790300.0
152,2021-10-13 07:03:46,23000.0,800.0,1790200.0
153,2021-10-13 07:03:46,23000.0,300.0,1789400.0
154,2021-10-13 07:02:48,23050.0,200.0,1789100.0
155,2021-10-13 07:02:36,23050.0,1500.0,1788900.0
156,2021-10-13 07:02:26,23050.0,100.0,1787400.0
157,2021-10-13 07:01:37,23050.0,400.0,1787300.0
158,2021-10-13 07:00:47,23050.0,100.0,1786900.0
159,2021-10-13 07:00:46,23050.0,2600.0,1786800.0
160,2021-10-13 07:00:46,23050.0,5000.0,1784200.0
161,2021-10-13 07:00:46,23050.0,300.0,1779200.0
162,2021-10-13 07:00:46,23050.0,5000.0,1778900.0
163,2021-10-13 07:00:46,23050.0,1100.0,1773900.0
164,2021-10-13 07:00:37,23050.0,500.0,1772800.0
165,2021-10-13 07:00:28,23050.0,100.0,1772300.0
166,2021-10-13 07:00:24,23000.0,700.0,1772200.0
167,2021-10-13 07:00:24,23000.0,100.0,1771500.0
168,2021-10-13 07:00:24,23000.0,1000.0,1771400.0
169,2021-10-13 07:00:24,23000.0,1200.0,1770400.0
170,2021-10-13 06:58:17,23000.0,500.0,1769200.0
171,2021-10-13 06:58:17,23000.0,100.0,1768700.0
172,2021-10-13 06:58:17,23000.0,400.0,1768600.0
173,2021-10-13 06:58:17,23000.0,1000.0,1768200.0
174,2021-10-13 06:58:17,23050.0,3000.0,1767200.0
175,2021-10-13 06:57:58,23000.0,1000.0,1764200.0
176,2021-10-13 06:57:58,23000.0,200.0,1763200.0
177,2021-10-13 06:57:58,23000.0,300.0,1763000.0
178,2021-10-13 06:57:58,23000.0,500.0,1762700.0
179,2021-10-13 06:57:48,23000.0,1000.0,1762200.0
180,2021-10-13 06:57:34,23000.0,200.0,1761200.0
181,2021-10-13 06:56:14,23000.0,1000.0,1761000.0
182,2021-10-13 06:56:11,23000.0,300.0,1760000.0
183,2021-10-13 06:56:11,23000.0,100.0,1759700.0
184,2021-10-13 06:56:11,23000.0,600.0,1759600.0
185,2021-10-13 06:56:06,23000.0,400.0,1759000.0
186,2021-10-13 06:56:06,23000.0,500.0,1758600.0
187,2021-10-13 06:56:06,23000.0,700.0,1758100.0
188,2021-10-13 06:56:06,23000.0,100.0,1757400.0
189,2021-10-13 06:56:06,23000.0,1300.0,1757300.0
190,2021-10-13 06:56:06,23000.0,1000.0,1756000.0
191,2021-10-13 06:56:06,23000.0,500.0,1755000.0
192,2021-10-13 06:56:06,23000.0,500.0,1754500.0
193,2021-10-13 06:55:18,23000.0,500.0,1754000.0
194,2021-10-13 06:55:18,23000.0,500.0,1753500.0
195,2021-10-13 06:55:12,23000.0,1500.0,1753000.0
196,2021-10-13 06:55:12,23000.0,1000.0,1751500.0
197,2021-10-13 06:55:12,23000.0,500.0,1750500.0
198,2021-10-13 06:54:52,23000.0,500.0,1750000.0
199,2021-10-13 06:54:52,23000.0,100.0,1749500.0
200,2021-10-13 06:54:52,23000.0,2000.0,1749400.0
201,2021-10-13 06:54:52,23000.0,200.0,1747400.0
202,2021-10-13 06:54:52,23000.0,100.0,1747200.0
203,2021-10-13 06:54:52,23000.0,1000.0,1747100.0
204,2021-10-13 06:54:52,23000.0,1000.0,1746100.0
205,2021-10-13 06:54:52,23000.0,400.0,1745100.0
206,2021-10-13 06:53:44,23050.0,300.0,1744700.0
207,2021-10-13 06:53:44,23050.0,700.0,1744400.0
208,2021-10-13 06:53:40,23050.0,1000.0,1743700.0
209,2021-10-13 06:53:38,23050.0,400.0,1742700.0
210,2021-10-13 06:53:21,23050.0,1700.0,1742300.0
211,2021-10-13 06:53:13,23050.0,1000.0,1740600.0
212,2021-10-13 06:52:54,23050.0,100.0,1739600.0
213,2021-10-13 06:52:44,23050.0,100.0,1739500.0
214,2021-10-13 06:52:29,23050.0,300.0,1739400.0
215,2021-10-13 06:52:26,23050.0,200.0,1739100.0
216,2021-10-13 06:52:15,23050.0,500.0,1738900.0
217,2021-10-13 06:52:13,23000.0,600.0,1738400.0
218,2021-10-13 06:52:13,23000.0,500.0,1737800.0
219,2021-10-13 06:52:13,23000.0,2000.0,1737300.0
220,2021-10-13 06:52:13,23000.0,900.0,1735300.0
221,2021-10-13 06:51:50,23050.0,200.0,1734400.0
222,2021-10-13 06:51:45,23050.0,200.0,1734200.0
223,2021-10-13 06:51:39,23050.0,300.0,1734000.0
224,2021-10-13 06:51:32,23050.0,500.0,1733700.0
225,2021-10-13 06:51:25,23050.0,100.0,1733200.0
226,2021-10-13 06:51:23,23050.0,300.0,1733100.0
227,2021-10-13 06:50:42,23050.0,200.0,1732800.0
228,2021-10-13 06:50:34,23050.0,5000.0,1732600.0
229,2021-10-13 06:50:29,23050.0,300.0,1727600.0
230,2021-10-13 06:50:29,23000.0,100.0,1727300.0
231,2021-10-13 06:50:22,23050.0,200.0,1727200.0
232,2021-10-13 06:50:13,23050.0,500.0,1727000.0
233,2021-10-13 06:50:11,23050.0,300.0,1726500.0
234,2021-10-13 06:50:08,23050.0,100.0,1726200.0
235,2021-10-13 06:49:58,23050.0,400.0,1726100.0
236,2021-10-13 06:49:35,23050.0,400.0,1725700.0
237,2021-10-13 06:49:35,23050.0,1000.0,1725300.0
238,2021-10-13 06:49:35,23050.0,300.0,1724300.0
239,2021-10-13 06:49:22,23000.0,500.0,1724000.0
240,2021-10-13 06:48:47,23000.0,100.0,1723500.0
241,2021-10-13 06:48:47,23000.0,800.0,1723400.0
242,2021-10-13 06:48:47,23000.0,1000.0,1722600.0
243,2021-10-13 06:48:47,23000.0,1100.0,1721600.0
244,2021-10-13 06:48:30,23000.0,100.0,1720500.0
245,2021-10-13 06:47:40,23000.0,2000.0,1720400.0
246,2021-10-13 06:47:13,23000.0,600.0,1718400.0
247,2021-10-13 06:46:55,23000.0,100.0,1717800.0
248,2021-10-13 06:46:55,23000.0,2100.0,1717700.0
249,2021-10-13 06:46:50,23000.0,2000.0,1715600.0
250,2021-10-13 06:46:46,23000.0,1000.0,1713600.0
251,2021-10-13 06:46:45,23000.0,6000.0,1712600.0
252,2021-10-13 06:46:45,23000.0,1000.0,1706600.0
253,2021-10-13 06:46:40,23000.0,1000.0,1705600.0
254,2021-10-13 06:46:34,23000.0,3000.0,1704600.0
255,2021-10-13 06:46:27,23000.0,500.0,1701600.0
256,2021-10-13 06:46:10,23000.0,100.0,1701100.0
257,2021-10-13 06:46:10,23000.0,1000.0,1701000.0
258,2021-10-13 06:45:55,23000.0,500.0,1700000.0
259,2021-10-13 06:45:52,23000.0,1000.0,1699500.0
260,2021-10-13 06:45:50,23000.0,800.0,1698500.0
261,2021-10-13 06:45:50,23000.0,200.0,1697700.0
262,2021-10-13 06:45:45,23000.0,100.0,1697500.0
263,2021-10-13 06:45:43,23000.0,1000.0,1697400.0
264,2021-10-13 06:45:36,23000.0,100.0,1696400.0
265,2021-10-13 06:45:16,23000.0,100.0,1696300.0
266,2021-10-13 06:45:12,23000.0,300.0,1696200.0
267,2021-10-13 06:45:10,23000.0,1000.0,1695900.0
268,2021-10-13 06:45:06,23000.0,2000.0,1694900.0
269,2021-10-13 06:45:04,23000.0,1000.0,1692900.0
270,2021-10-13 06:45:02,23000.0,800.0,1691900.0
271,2021-10-13 06:45:02,23000.0,2000.0,1691100.0
272,2021-10-13 06:44:56,23000.0,1400.0,1689100.0
273,2021-10-13 06:44:56,23000.0,200.0,1687700.0
274,2021-10-13 06:44:56,23000.0,2000.0,1687500.0
275,2021-10-13 06:44:56,23000.0,500.0,1685500.0
276,2021-10-13 06:44:56,23000.0,100.0,1685000.0
277,2021-10-13 06:44:56,23000.0,100.0,1684900.0
278,2021-10-13 06:44:56,23000.0,100.0,1684800.0
279,2021-10-13 06:44:56,23000.0,3100.0,1684700.0
280,2021-10-13 06:44:46,23000.0,1900.0,1681600.0
281,2021-10-13 06:44:46,23000.0,200.0,1679700.0
282,2021-10-13 06:44:46,23000.0,900.0,1679500.0
283,2021-10-13 06:44:38,23000.0,300.0,1678600.0
284,2021-10-13 06:44:33,23000.0,900.0,1678300.0
285,2021-10-13 06:44:22,23000.0,1000.0,1677400.0
286,2021-10-13 06:44:09,23000.0,2900.0,1676400.0
287,2021-10-13 06:44:09,23000.0,700.0,1673500.0
288,2021-10-13 06:44:09,23000.0,1400.0,1672800.0
289,2021-10-13 06:44:05,23000.0,100.0,1671400.0
290,2021-10-13 06:44:05,23000.0,900.0,1671300.0
291,2021-10-13 06:43:53,23000.0,100.0,1670400.0
292,2021-10-13 06:43:49,23000.0,400.0,1670300.0
293,2021-10-13 06:43:49,23000.0,300.0,1669900.0
294,2021-10-13 06:43:49,23000.0,300.0,1669600.0
295,2021-10-13 06:43:27,22950.0,600.0,1669300.0
296,2021-10-13 06:43:27,22950.0,100.0,1668700.0
297,2021-10-13 06:43:27,22950.0,2900.0,1668600.0
298,2021-10-13 06:43:24,22950.0,2000.0,1665700.0
299,2021-10-13 06:43:13,22950.0,500.0,1663700.0
300,2021-10-13 06:43:07,22950.0,4600.0,1663200.0
301,2021-10-13 06:43:07,22950.0,100.0,1658600.0
302,2021-10-13 06:43:07,22950.0,4000.0,1658500.0
303,2021-10-13 06:43:07,22950.0,10000.0,1654500.0
304,2021-10-13 06:43:07,22950.0,5000.0,1644500.0
305,2021-10-13 06:43:07,22950.0,6300.0,1639500.0
306,2021-10-13 06:42:48,22950.0,200.0,1633200.0
307,2021-10-13 06:42:27,22950.0,1000.0,1633000.0
308,2021-10-13 06:41:49,22950.0,1000.0,1632000.0
309,2021-10-13 06:40:38,22950.0,1000.0,1631000.0
310,2021-10-13 06:39:44,22900.0,300.0,1630000.0
311,2021-10-13 06:39:44,22900.0,1400.0,1629700.0
312,2021-10-13 06:39:44,22900.0,1000.0,1628300.0
313,2021-10-13 06:39:44,22900.0,300.0,1627300.0
314,2021-10-13 06:39:06,22900.0,200.0,1627000.0
315,2021-10-13 06:38:05,22900.0,1500.0,1626800.0
316,2021-10-13 06:38:05,22900.0,500.0,1625300.0
317,2021-10-13 06:38:05,22900.0,200.0,1624800.0
318,2021-10-13 06:38:05,22900.0,100.0,1624600.0
319,2021-10-13 06:38:05,22900.0,600.0,1624500.0
320,2021-10-13 06:38:05,22900.0,100.0,1623900.0
321,2021-10-13 06:37:03,22900.0,100.0,1623800.0
322,2021-10-13 06:36:25,22950.0,4900.0,1623700.0
323,2021-10-13 06:36:01,22950.0,100.0,1618800.0
324,2021-10-13 06:35:52,22900.0,3900.0,1618700.0
325,2021-10-13 06:35:52,22900.0,200.0,1614800.0
326,2021-10-13 06:35:19,22900.0,1800.0,1614600.0
327,2021-10-13 06:35:19,22900.0,1000.0,1612800.0
328,2021-10-13 06:35:19,22900.0,100.0,1611800.0
329,2021-10-13 06:35:19,22900.0,600.0,1611700.0
330,2021-10-13 06:35:19,22900.0,900.0,1611100.0
331,2021-10-13 06:35:19,22900.0,600.0,1610200.0
332,2021-10-13 06:35:01,22900.0,400.0,1609600.0
333,2021-10-13 06:35:01,22900.0,100.0,1609200.0
334,2021-10-13 06:35:01,22900.0,700.0,1609100.0
335,2021-10-13 06:34:45,22900.0,1800.0,1608400.0
336,2021-10-13 06:34:45,22900.0,500.0,1606600.0
337,2021-10-13 06:34:36,22900.0,500.0,1606100.0
338,2021-10-13 06:34:36,22900.0,2000.0,1605600.0
339,2021-10-13 06:34:36,22900.0,500.0,1603600.0
340,2021-10-13 06:34:36,22900.0,1000.0,1603100.0
341,2021-10-13 06:33:33,22900.0,500.0,1602100.0
342,2021-10-13 06:33:28,22900.0,100.0,1601600.0
343,2021-10-13 06:33:27,22900.0,400.0,1601500.0
344,2021-10-13 06:33:27,22900.0,600.0,1601100.0
345,2021-10-13 06:33:15,22900.0,100.0,1600500.0
346,2021-10-13 06:33:14,22900.0,300.0,1600400.0
347,2021-10-13 06:33:14,22900.0,700.0,1600100.0
348,2021-10-13 06:33:12,22900.0,200.0,1599400.0
349,2021-10-13 06:33:12,22900.0,100.0,1599200.0
350,2021-10-13 06:33:12,22900.0,200.0,1599100.0
351,2021-10-13 06:33:11,22900.0,100.0,1598900.0
352,2021-10-13 06:33:11,22900.0,1000.0,1598800.0
353,2021-10-13 06:33:11,22900.0,900.0,1597800.0
354,2021-10-13 06:33:11,22900.0,1200.0,1596900.0
355,2021-10-13 06:33:11,22900.0,500.0,1595700.0
356,2021-10-13 06:33:11,22900.0,500.0,1595200.0
357,2021-10-13 06:33:11,22900.0,100.0,1594700.0
358,2021-10-13 06:33:11,22900.0,700.0,1594600.0
359,2021-10-13 06:33:09,22900.0,100.0,1593900.0
360,2021-10-13 06:33:09,22900.0,900.0,1593800.0
361,2021-10-13 06:32:49,22900.0,1000.0,1592900.0
362,2021-10-13 06:32:43,22950.0,300.0,1591900.0
363,2021-10-13 06:32:30,22950.0,500.0,1591600.0
364,2021-10-13 06:32:02,22950.0,500.0,1591100.0
365,2021-10-13 06:30:37,22950.0,2900.0,1590600.0
366,2021-10-13 06:29:04,22950.0,100.0,1587700.0
367,2021-10-13 06:28:35,22950.0,400.0,1587600.0
368,2021-10-13 06:28:21,22950.0,500.0,1587200.0
369,2021-10-13 06:28:05,22900.0,100.0,1586700.0
370,2021-10-13 06:28:05,22900.0,800.0,1586600.0
371,2021-10-13 06:28:05,22900.0,200.0,1585800.0
372,2021-10-13 06:28:05,22900.0,1000.0,1585600.0
373,2021-10-13 06:28:05,22900.0,1500.0,1584600.0
374,2021-10-13 06:28:05,22900.0,1400.0,1583100.0
375,2021-10-13 06:28:01,22950.0,100.0,1581700.0
376,2021-10-13 06:27:51,22950.0,5000.0,1581600.0
377,2021-10-13 06:27:50,22950.0,300.0,1576600.0
378,2021-10-13 06:27:14,22950.0,1000.0,1576300.0
379,2021-10-13 06:26:35,22950.0,200.0,1575300.0
380,2021-10-13 06:24:48,22950.0,100.0,1575100.0
381,2021-10-13 06:24:48,22950.0,3600.0,1575000.0
382,2021-10-13 06:24:28,22950.0,100.0,1571400.0
383,2021-10-13 06:24:20,22950.0,300.0,1571300.0
384,2021-10-13 06:23:55,22950.0,2000.0,1571000.0
385,2021-10-13 06:23:30,22950.0,200.0,1569000.0
386,2021-10-13 06:23:23,22950.0,6700.0,1568800.0
387,2021-10-13 06:23:23,22950.0,500.0,1562100.0
388,2021-10-13 06:23:23,22950.0,500.0,1561600.0
389,2021-10-13 06:22:53,22900.0,2000.0,1561100.0
390,2021-10-13 06:22:52,22900.0,200.0,1559100.0
391,2021-10-13 06:22:52,22900.0,200.0,1558900.0
392,2021-10-13 06:22:52,22900.0,600.0,1558700.0
393,2021-10-13 06:22:10,22900.0,300.0,1558100.0
394,2021-10-13 06:22:10,22900.0,100.0,1557800.0
395,2021-10-13 06:22:10,22900.0,100.0,1557700.0
396,2021-10-13 06:22:03,22900.0,100.0,1557600.0
397,2021-10-13 06:21:51,22900.0,2700.0,1557500.0
398,2021-10-13 06:21:51,22900.0,200.0,1554800.0
399,2021-10-13 06:21:44,22900.0,100.0,1554600.0
400,2021-10-13 06:21:42,22900.0,100.0,1554500.0
401,2021-10-13 06:21:37,22900.0,100.0,1554400.0
402,2021-10-13 06:21:37,22900.0,400.0,1554300.0
403,2021-10-13 06:21:26,22900.0,100.0,1553900.0
404,2021-10-13 06:21:26,22900.0,100.0,1553800.0
405,2021-10-13 06:21:06,22950.0,100.0,1553700.0
406,2021-10-13 06:21:03,22900.0,1600.0,1553600.0
407,2021-10-13 06:21:03,22900.0,500.0,1552000.0
408,2021-10-13 06:21:03,22900.0,100.0,1551500.0
409,2021-10-13 06:21:03,22900.0,100.0,1551400.0
410,2021-10-13 06:21:03,22900.0,200.0,1551300.0
411,2021-10-13 06:21:03,22900.0,100.0,1551100.0
412,2021-10-13 06:21:03,22900.0,100.0,1551000.0
413,2021-10-13 06:21:03,22900.0,1000.0,1550900.0
414,2021-10-13 06:21:03,22900.0,1500.0,1549900.0
415,2021-10-13 06:21:03,22900.0,100.0,1548400.0
416,2021-10-13 06:21:03,22900.0,300.0,1548300.0
417,2021-10-13 06:21:03,22900.0,700.0,1548000.0
418,2021-10-13 06:21:03,22900.0,500.0,1547300.0
419,2021-10-13 06:21:03,22900.0,400.0,1546800.0
420,2021-10-13 06:21:03,22900.0,300.0,1546400.0
421,2021-10-13 06:21:03,22900.0,1000.0,1546100.0
422,2021-10-13 06:21:03,22900.0,300.0,1545100.0
423,2021-10-13 06:21:03,22900.0,200.0,1544800.0
424,2021-10-13 06:21:03,22900.0,1400.0,1544600.0
425,2021-10-13 06:21:03,22900.0,1000.0,1543200.0
426,2021-10-13 06:21:03,22900.0,200.0,1542200.0
427,2021-10-13 06:21:03,22900.0,100.0,1542000.0
428,2021-10-13 06:21:03,22900.0,300.0,1541900.0
429,2021-10-13 06:21:03,22900.0,100.0,1541600.0
430,2021-10-13 06:21:03,22900.0,100.0,1541500.0
431,2021-10-13 06:21:03,22900.0,1500.0,1541400.0
432,2021-10-13 06:21:03,22900.0,2000.0,1539900.0
433,2021-10-13 06:21:03,22900.0,500.0,1537900.0
434,2021-10-13 06:21:03,22900.0,100.0,1537400.0
435,2021-10-13 06:21:03,22900.0,500.0,1537300.0
436,2021-10-13 06:21:03,22950.0,10000.0,1536800.0
437,2021-10-13 06:21:03,22950.0,200.0,1526800.0
438,2021-10-13 06:21:03,22950.0,500.0,1526600.0
439,2021-10-13 06:21:03,22950.0,200.0,1526100.0
440,2021-10-13 06:21:03,22950.0,500.0,1525900.0
441,2021-10-13 06:21:03,22950.0,100.0,1525400.0
442,2021-10-13 06:21:03,22950.0,1000.0,1525300.0
443,2021-10-13 06:21:03,22950.0,100.0,1524300.0
444,2021-10-13 06:21:03,22950.0,600.0,1524200.0
445,2021-10-13 06:20:45,22950.0,100.0,1523600.0
446,2021-10-13 06:20:38,22950.0,300.0,1523500.0
447,2021-10-13 06:20:38,22950.0,100.0,1523200.0
448,2021-10-13 06:20:38,22950.0,500.0,1523100.0
449,2021-10-13 06:20:38,22950.0,1000.0,1522600.0
450,2021-10-13 06:20:38,22950.0,100.0,1521600.0
451,2021-10-13 06:20:34,22950.0,100.0,1521500.0
452,2021-10-13 06:20:23,22950.0,100.0,1521400.0
453,2021-10-13 06:20:23,22950.0,100.0,1521300.0
454,2021-10-13 06:20:16,22950.0,100.0,1521200.0
455,2021-10-13 06:20:03,22950.0,800.0,1521100.0
456,2021-10-13 06:20:03,22950.0,500.0,1520300.0
457,2021-10-13 06:19:57,23000.0,200.0,1519800.0
458,2021-10-13 06:19:55,23000.0,500.0,1519600.0
459,2021-10-13 06:19:55,23000.0,500.0,1519100.0
460,2021-10-13 06:19:55,23000.0,1100.0,1518600.0
461,2021-10-13 06:19:55,23000.0,500.0,1517500.0
462,2021-10-13 06:19:55,23000.0,500.0,1517000.0
463,2021-10-13 06:19:55,23000.0,100.0,1516500.0
464,2021-10-13 06:19:55,23000.0,1000.0,1516400.0
465,2021-10-13 06:19:55,23000.0,100.0,1515400.0
466,2021-10-13 06:19:55,23000.0,200.0,1515300.0
467,2021-10-13 06:19:55,23000.0,2200.0,1515100.0
468,2021-10-13 06:19:55,23000.0,800.0,1512900.0
469,2021-10-13 06:19:55,23000.0,200.0,1512100.0
470,2021-10-13 06:19:55,23000.0,100.0,1511900.0
471,2021-10-13 06:19:55,23000.0,200.0,1511800.0
472,2021-10-13 06:19:55,23000.0,1000.0,1511600.0
473,2021-10-13 06:19:55,23000.0,100.0,1510600.0
474,2021-10-13 06:19:55,23000.0,200.0,1510500.0
475,2021-10-13 06:19:55,23000.0,400.0,1510300.0
476,2021-10-13 06:19:55,23000.0,100.0,1509900.0
477,2021-10-13 06:19:55,23000.0,1000.0,1509800.0
478,2021-10-13 06:19:55,23000.0,200.0,1508800.0
479,2021-10-13 06:19:55,23000.0,500.0,1508600.0
480,2021-10-13 06:19:55,23000.0,100.0,1508100.0
481,2021-10-13 06:19:55,23000.0,300.0,1508000.0
482,2021-10-13 06:19:55,23000.0,300.0,1507700.0
483,2021-10-13 06:19:55,23000.0,500.0,1507400.0
484,2021-10-13 06:19:55,23000.0,500.0,1506900.0
485,2021-10-13 06:19:55,23000.0,300.0,1506400.0
486,2021-10-13 06:19:55,23000.0,500.0,1506100.0
487,2021-10-13 06:19:55,23000.0,500.0,1505600.0
488,2021-10-13 06:19:55,23000.0,200.0,1505100.0
489,2021-10-13 06:19:55,23000.0,1000.0,1504900.0
490,2021-10-13 06:19:55,23000.0,1000.0,1503900.0
491,2021-10-13 06:19:55,23000.0,200.0,1502900.0
492,2021-10-13 06:19:55,23000.0,500.0,1502700.0
493,2021-10-13 06:19:55,23000.0,600.0,1502200.0
494,2021-10-13 06:19:55,23000.0,100.0,1501600.0
495,2021-10-13 06:19:55,23000.0,500.0,1501500.0
496,2021-10-13 06:19:42,23000.0,200.0,1501000.0
497,2021-10-13 06:18:58,23000.0,500.0,1500800.0
498,2021-10-13 06:18:56,23000.0,500.0,1500300.0
499,2021-10-13 06:18:56,23000.0,100.0,1499800.0
500,2021-10-13 06:18:54,23000.0,100.0,1499700.0
501,2021-10-13 06:18:54,23000.0,100.0,1499600.0
502,2021-10-13 06:18:54,23000.0,100.0,1499500.0
503,2021-10-13 06:18:53,23000.0,400.0,1499400.0
504,2021-10-13 06:18:53,23000.0,100.0,1499000.0
505,2021-10-13 06:18:53,23000.0,500.0,1498900.0
506,2021-10-13 06:18:42,23000.0,1000.0,1498400.0
507,2021-10-13 06:18:42,23000.0,100.0,1497400.0
508,2021-10-13 06:18:14,23000.0,200.0,1497300.0
509,2021-10-13 06:18:04,23000.0,400.0,1497100.0
510,2021-10-13 06:18:04,23000.0,500.0,1496700.0
511,2021-10-13 06:18:04,23000.0,1400.0,1496200.0
512,2021-10-13 06:18:04,23000.0,200.0,1494800.0
513,2021-10-13 06:18:04,23000.0,2000.0,1494600.0
514,2021-10-13 06:18:04,23000.0,500.0,1492600.0
515,2021-10-13 06:18:01,23000.0,100.0,1492100.0
516,2021-10-13 06:17:54,23000.0,400.0,1492000.0
517,2021-10-13 06:17:54,23000.0,100.0,1491600.0
518,2021-10-13 06:17:54,23000.0,200.0,1491500.0
519,2021-10-13 06:17:54,23000.0,2000.0,1491300.0
520,2021-10-13 06:17:54,23000.0,400.0,1489300.0
521,2021-10-13 06:17:54,23000.0,500.0,1488900.0
522,2021-10-13 06:17:54,23000.0,500.0,1488400.0
523,2021-10-13 06:17:54,23000.0,100.0,1487900.0
524,2021-10-13 06:17:54,23000.0,2000.0,1487800.0
525,2021-10-13 06:17:54,23000.0,400.0,1485800.0
526,2021-10-13 06:17:54,23000.0,100.0,1485400.0
527,2021-10-13 06:17:54,23000.0,5000.0,1485300.0
528,2021-10-13 06:17:54,23000.0,300.0,1480300.0
529,2021-10-13 06:17:50,23000.0,400.0,1480000.0
530,2021-10-13 06:17:50,23000.0,1000.0,1479600.0
531,2021-10-13 06:17:50,23000.0,100.0,1478600.0
532,2021-10-13 06:17:50,23000.0,300.0,1478500.0
533,2021-10-13 06:17:32,23000.0,200.0,1478200.0
534,2021-10-13 06:17:19,23000.0,100.0,1478000.0
535,2021-10-13 06:17:19,23000.0,200.0,1477900.0
536,2021-10-13 06:17:19,23000.0,100.0,1477700.0
537,2021-10-13 06:17:19,23000.0,500.0,1477600.0
538,2021-10-13 06:17:19,23000.0,200.0,1477100.0
539,2021-10-13 06:17:19,23000.0,100.0,1476900.0
540,2021-10-13 06:17:19,23000.0,500.0,1476800.0
541,2021-10-13 06:17:19,23000.0,300.0,1476300.0
542,2021-10-13 06:17:19,23000.0,1000.0,1476000.0
543,2021-10-13 06:17:19,23000.0,100.0,1475000.0
544,2021-10-13 06:17:19,23000.0,100.0,1474900.0
545,2021-10-13 06:17:19,23000.0,500.0,1474800.0
546,2021-10-13 06:17:19,23000.0,300.0,1474300.0
547,2021-10-13 06:17:19,23000.0,900.0,1474000.0
548,2021-10-13 06:17:19,23000.0,100.0,1473100.0
549,2021-10-13 06:17:16,23000.0,200.0,1473000.0
550,2021-10-13 06:16:40,23000.0,100.0,1472800.0
551,2021-10-13 06:16:39,23000.0,300.0,1472700.0
552,2021-10-13 06:16:39,23000.0,1100.0,1472400.0
553,2021-10-13 06:16:39,23000.0,1000.0,1471300.0
554,2021-10-13 06:16:39,23000.0,100.0,1470300.0
555,2021-10-13 06:16:39,23000.0,100.0,1470200.0
556,2021-10-13 06:16:39,23000.0,100.0,1470100.0
557,2021-10-13 06:16:39,23000.0,100.0,1470000.0
558,2021-10-13 06:16:39,23000.0,500.0,1469900.0
559,2021-10-13 06:16:39,23000.0,100.0,1469400.0
560,2021-10-13 06:16:39,23000.0,1000.0,1469300.0
561,2021-10-13 06:16:39,23000.0,100.0,1468300.0
562,2021-10-13 06:16:39,23000.0,500.0,1468200.0
563,2021-10-13 06:16:21,23000.0,700.0,1467700.0
564,2021-10-13 06:16:21,23000.0,2000.0,1467000.0
565,2021-10-13 06:16:21,23000.0,9000.0,1465000.0
566,2021-10-13 06:16:21,23000.0,100.0,1456000.0
567,2021-10-13 06:16:21,23000.0,200.0,1455900.0
568,2021-10-13 06:16:21,23000.0,500.0,1455700.0
569,2021-10-13 06:16:21,23000.0,500.0,1455200.0
570,2021-10-13 06:16:21,23000.0,500.0,1454700.0
571,2021-10-13 06:16:21,23000.0,500.0,1454200.0
572,2021-10-13 06:16:21,23000.0,2000.0,1453700.0
573,2021-10-13 06:16:21,23000.0,100.0,1451700.0
574,2021-10-13 06:16:21,23000.0,200.0,1451600.0
575,2021-10-13 06:16:21,23000.0,2000.0,1451400.0
576,2021-10-13 06:16:21,23000.0,3100.0,1449400.0
577,2021-10-13 06:16:21,23000.0,500.0,1446300.0
578,2021-10-13 06:16:21,23000.0,4200.0,1445800.0
579,2021-10-13 06:16:21,23000.0,2000.0,1441600.0
580,2021-10-13 06:16:21,23000.0,100.0,1439600.0
581,2021-10-13 06:16:21,23000.0,1800.0,1439500.0
582,2021-10-13 06:15:45,23000.0,500.0,1437700.0
583,2021-10-13 06:15:32,23000.0,1000.0,1437200.0
584,2021-10-13 06:15:09,23050.0,100.0,1436200.0
585,2021-10-13 06:14:59,23050.0,100.0,1436100.0
586,2021-10-13 06:14:29,23050.0,500.0,1436000.0
587,2021-10-13 06:14:14,23050.0,300.0,1435500.0
588,2021-10-13 06:13:59,23050.0,7000.0,1435200.0
589,2021-10-13 06:13:30,23050.0,1000.0,1428200.0
590,2021-10-13 06:13:30,23050.0,300.0,1427200.0
591,2021-10-13 06:13:30,23050.0,200.0,1426900.0
592,2021-10-13 06:13:30,23050.0,200.0,1426700.0
593,2021-10-13 06:13:25,23050.0,100.0,1426500.0
594,2021-10-13 06:13:25,23050.0,200.0,1426400.0
595,2021-10-13 06:13:25,23050.0,200.0,1426200.0
596,2021-10-13 06:13:25,23050.0,500.0,1426000.0
597,2021-10-13 06:12:45,23050.0,100.0,1425500.0
598,2021-10-13 06:12:45,23050.0,500.0,1425400.0
599,2021-10-13 06:12:45,23050.0,400.0,1424900.0
600,2021-10-13 06:12:45,23050.0,100.0,1424500.0
601,2021-10-13 06:12:45,23050.0,900.0,1424400.0
602,2021-10-13 06:12:28,23100.0,100.0,1423500.0
603,2021-10-13 06:12:21,23050.0,100.0,1423400.0
604,2021-10-13 06:12:20,23050.0,1000.0,1423300.0
605,2021-10-13 06:11:35,23050.0,400.0,1422300.0
606,2021-10-13 06:11:20,23100.0,900.0,1421900.0
607,2021-10-13 06:11:01,23100.0,800.0,1421000.0
608,2021-10-13 06:10:00,23100.0,500.0,1420200.0
609,2021-10-13 06:09:43,23100.0,1000.0,1419700.0
610,2021-10-13 06:09:19,23100.0,1000.0,1418700.0
611,2021-10-13 06:09:19,23100.0,1000.0,1417700.0
612,2021-10-13 06:09:17,23050.0,3900.0,1416700.0
613,2021-10-13 06:08:22,23100.0,200.0,1412800.0
614,2021-10-13 06:08:09,23100.0,300.0,1412600.0
615,2021-10-13 06:07:11,23100.0,100.0,1412300.0
616,2021-10-13 06:06:47,23100.0,100.0,1412200.0
617,2021-10-13 06:05:39,23100.0,100.0,1412100.0
618,2021-10-13 06:05:07,23050.0,100.0,1412000.0
619,2021-10-13 06:04:17,23050.0,2600.0,1411900.0
620,2021-10-13 06:04:17,23050.0,100.0,1409300.0
621,2021-10-13 06:04:17,23050.0,200.0,1409200.0
622,2021-10-13 06:04:17,23050.0,600.0,1409000.0
623,2021-10-13 06:04:17,23050.0,200.0,1408400.0
624,2021-10-13 06:04:17,23050.0,100.0,1408200.0
625,2021-10-13 06:04:17,23050.0,200.0,1408100.0
626,2021-10-13 06:04:17,23050.0,100.0,1407900.0
627,2021-10-13 06:04:17,23050.0,900.0,1407800.0
628,2021-10-13 06:03:12,23050.0,100.0,1406900.0
629,2021-10-13 06:03:12,23050.0,100.0,1406800.0
630,2021-10-13 06:02:59,23050.0,300.0,1406700.0
631,2021-10-13 06:02:59,23050.0,300.0,1406400.0
632,2021-10-13 06:02:59,23050.0,100.0,1406100.0
633,2021-10-13 06:02:59,23050.0,300.0,1406000.0
634,2021-10-13 06:02:59,23050.0,100.0,1405700.0
635,2021-10-13 06:02:59,23050.0,200.0,1405600.0
636,2021-10-13 06:02:59,23050.0,600.0,1405400.0
637,2021-10-13 06:02:59,23050.0,200.0,1404800.0
638,2021-10-13 06:02:59,23050.0,100.0,1404600.0
639,2021-10-13 06:02:59,23050.0,300.0,1404500.0
640,2021-10-13 06:02:59,23050.0,100.0,1404200.0
641,2021-10-13 06:02:59,23050.0,2000.0,1404100.0
642,2021-10-13 06:02:59,23050.0,100.0,1402100.0
643,2021-10-13 06:02:59,23050.0,300.0,1402000.0
644,2021-10-13 06:02:40,23050.0,200.0,1401700.0
645,2021-10-13 06:02:38,23050.0,800.0,1401500.0
646,2021-10-13 06:02:15,23050.0,200.0,1400700.0
647,2021-10-13 06:02:15,23050.0,500.0,1400500.0
648,2021-10-13 06:02:15,23050.0,500.0,1400000.0
649,2021-10-13 06:02:15,23050.0,200.0,1399500.0
650,2021-10-13 06:02:15,23050.0,1000.0,1399300.0
651,2021-10-13 06:02:15,23050.0,1500.0,1398300.0
652,2021-10-13 06:02:15,23050.0,500.0,1396800.0
653,2021-10-13 06:02:15,23050.0,600.0,1396300.0
654,2021-10-13 06:00:02,23050.0,600.0,1395700.0
655,2021-10-13 06:00:00,23100.0,3000.0,1395100.0
656,2021-10-13 06:00:00,23100.0,200.0,1392100.0
657,2021-10-13 06:00:00,23100.0,500.0,1391900.0
658,2021-10-13 06:00:00,23100.0,500.0,1391400.0
659,2021-10-13 04:28:48,23050.0,400.0,1390900.0
660,2021-10-13 04:28:48,23050.0,1600.0,1390500.0
661,2021-10-13 04:27:57,23050.0,1400.0,1388900.0
662,2021-10-13 04:27:57,23050.0,500.0,1387500.0
663,2021-10-13 04:27:57,23050.0,100.0,1387000.0
664,2021-10-13 04:27:57,23050.0,3400.0,1386900.0
665,2021-10-13 04:27:57,23100.0,200.0,1383500.0
666,2021-10-13 04:27:57,23100.0,100.0,1383300.0
667,2021-10-13 04:27:57,23100.0,1000.0,1383200.0
668,2021-10-13 04:27:57,23100.0,600.0,1382200.0
669,2021-10-13 04:27:57,23100.0,2000.0,1381600.0
670,2021-10-13 04:27:57,23100.0,100.0,1379600.0
671,2021-10-13 04:27:57,23100.0,300.0,1379500.0
672,2021-10-13 04:27:57,23100.0,300.0,1379200.0
673,2021-10-13 04:27:56,23150.0,500.0,1378900.0
674,2021-10-13 04:27:36,23100.0,1000.0,1378400.0
675,2021-10-13 04:26:57,23100.0,200.0,1377400.0
676,2021-10-13 04:26:57,23100.0,500.0,1377200.0
677,2021-10-13 04:26:57,23100.0,500.0,1376700.0
678,2021-10-13 04:26:57,23100.0,200.0,1376200.0
679,2021-10-13 04:26:57,23100.0,500.0,1376000.0
680,2021-10-13 04:26:57,23100.0,100.0,1375500.0
681,2021-10-13 04:26:33,23100.0,2000.0,1375400.0
682,2021-10-13 04:26:27,23150.0,400.0,1373400.0
683,2021-10-13 04:26:03,23100.0,200.0,1373000.0
684,2021-10-13 04:25:45,23100.0,200.0,1372800.0
685,2021-10-13 04:25:41,23150.0,700.0,1372600.0
686,2021-10-13 04:25:22,23150.0,100.0,1371900.0
687,2021-10-13 04:23:33,23100.0,1500.0,1371800.0
688,2021-10-13 04:23:25,23100.0,2000.0,1370300.0
689,2021-10-13 04:23:25,23100.0,300.0,1368300.0
690,2021-10-13 04:23:25,23100.0,6000.0,1368000.0
691,2021-10-13 04:23:25,23100.0,1200.0,1362000.0
692,2021-10-13 04:23:03,23100.0,1000.0,1360800.0
693,2021-10-13 04:22:53,23100.0,200.0,1359800.0
694,2021-10-13 04:22:53,23100.0,200.0,1359600.0
695,2021-10-13 04:22:53,23100.0,3000.0,1359400.0
696,2021-10-13 04:22:53,23100.0,1400.0,1356400.0
697,2021-10-13 04:22:48,23100.0,200.0,1355000.0
698,2021-10-13 04:21:21,23050.0,2500.0,1354800.0
699,2021-10-13 04:21:02,23050.0,4100.0,1352300.0
700,2021-10-13 04:21:02,23050.0,100.0,1348200.0
701,2021-10-13 04:21:02,23050.0,600.0,1348100.0
702,2021-10-13 04:21:02,23050.0,5000.0,1347500.0
703,2021-10-13 04:21:02,23050.0,100.0,1342500.0
704,2021-10-13 04:21:02,23050.0,1000.0,1342400.0
705,2021-10-13 04:21:02,23050.0,200.0,1341400.0
706,2021-10-13 04:21:02,23050.0,100.0,1341200.0
707,2021-10-13 04:21:02,23050.0,500.0,1341100.0
708,2021-10-13 04:21:02,23050.0,1200.0,1340600.0
709,2021-10-13 04:20:46,23050.0,1000.0,1339400.0
710,2021-10-13 04:20:43,23100.0,1100.0,1338400.0
711,2021-10-13 04:20:40,23100.0,500.0,1337300.0
712,2021-10-13 04:20:40,23100.0,200.0,1336800.0
713,2021-10-13 04:20:40,23100.0,100.0,1336600.0
714,2021-10-13 04:20:40,23100.0,500.0,1336500.0
715,2021-10-13 04:20:40,23100.0,500.0,1336000.0
716,2021-10-13 04:20:40,23100.0,500.0,1335500.0
717,2021-10-13 04:20:40,23100.0,2000.0,1335000.0
718,2021-10-13 04:20:40,23100.0,1000.0,1333000.0
719,2021-10-13 04:20:40,23100.0,200.0,1332000.0
720,2021-10-13 04:20:40,23100.0,200.0,1331800.0
721,2021-10-13 04:20:40,23100.0,300.0,1331600.0
722,2021-10-13 04:20:40,23100.0,100.0,1331300.0
723,2021-10-13 04:20:40,23100.0,1000.0,1331200.0
724,2021-10-13 04:20:40,23100.0,200.0,1330200.0
725,2021-10-13 04:20:26,23100.0,1000.0,1330000.0
726,2021-10-13 04:20:24,23150.0,2300.0,1329000.0
727,2021-10-13 04:19:46,23150.0,1600.0,1326700.0
728,2021-10-13 04:19:46,23150.0,200.0,1325100.0
729,2021-10-13 04:19:46,23150.0,200.0,1324900.0
730,2021-10-13 04:19:19,23150.0,1100.0,1324700.0
731,2021-10-13 04:18:58,23150.0,200.0,1323600.0
732,2021-10-13 04:17:59,23150.0,1000.0,1323400.0
733,2021-10-13 04:17:37,23150.0,500.0,1322400.0
734,2021-10-13 04:17:37,23150.0,500.0,1321900.0
735,2021-10-13 04:17:24,23150.0,200.0,1321400.0
736,2021-10-13 04:16:43,23150.0,500.0,1321200.0
737,2021-10-13 04:16:41,23100.0,700.0,1320700.0
738,2021-10-13 04:16:32,23100.0,100.0,1320000.0
739,2021-10-13 04:16:32,23100.0,200.0,1319900.0
740,2021-10-13 04:16:32,23100.0,100.0,1319700.0
741,2021-10-13 04:16:32,23100.0,100.0,1319600.0
742,2021-10-13 04:16:32,23100.0,1000.0,1319500.0
743,2021-10-13 04:16:32,23100.0,500.0,1318500.0
744,2021-10-13 04:16:32,23100.0,1000.0,1318000.0
745,2021-10-13 04:16:32,23100.0,3000.0,1317000.0
746,2021-10-13 04:16:32,23100.0,2200.0,1314000.0
747,2021-10-13 04:16:32,23100.0,500.0,1311800.0
748,2021-10-13 04:16:32,23100.0,300.0,1311300.0
749,2021-10-13 04:16:32,23150.0,2000.0,1311000.0
750,2021-10-13 04:16:25,23100.0,200.0,1309000.0
751,2021-10-13 04:16:11,23100.0,500.0,1308800.0
752,2021-10-13 04:16:08,23150.0,800.0,1308300.0
753,2021-10-13 04:16:08,23150.0,200.0,1307500.0
754,2021-10-13 04:16:08,23150.0,1000.0,1307300.0
755,2021-10-13 04:15:51,23150.0,2000.0,1306300.0
756,2021-10-13 04:15:04,23150.0,500.0,1304300.0
757,2021-10-13 04:15:04,23150.0,200.0,1303800.0
758,2021-10-13 04:15:04,23150.0,1000.0,1303600.0
759,2021-10-13 04:15:04,23150.0,4800.0,1302600.0
760,2021-10-13 04:15:00,23150.0,200.0,1297800.0
761,2021-10-13 04:15:00,23150.0,200.0,1297600.0
762,2021-10-13 04:15:00,23150.0,1800.0,1297400.0
763,2021-10-13 04:15:00,23150.0,1000.0,1295600.0
764,2021-10-13 04:15:00,23150.0,500.0,1294600.0
765,2021-10-13 04:15:00,23150.0,400.0,1294100.0
766,2021-10-13 04:15:00,23150.0,100.0,1293700.0
767,2021-10-13 04:15:00,23150.0,300.0,1293600.0
768,2021-10-13 04:15:00,23150.0,100.0,1293300.0
769,2021-10-13 04:15:00,23150.0,400.0,1293200.0
770,2021-10-13 04:14:52,23200.0,3000.0,1292800.0
771,2021-10-13 04:14:46,23200.0,200.0,1289800.0
772,2021-10-13 04:14:38,23200.0,13000.0,1289600.0
773,2021-10-13 04:14:38,23200.0,500.0,1276600.0
774,2021-10-13 04:14:38,23200.0,16000.0,1276100.0
775,2021-10-13 04:14:38,23200.0,1000.0,1260100.0
776,2021-10-13 04:14:38,23200.0,500.0,1259100.0
777,2021-10-13 04:14:38,23200.0,1000.0,1258600.0
778,2021-10-13 04:14:38,23200.0,500.0,1257600.0
779,2021-10-13 04:14:38,23200.0,700.0,1257100.0
780,2021-10-13 04:14:36,23200.0,300.0,1256400.0
781,2021-10-13 04:14:36,23200.0,200.0,1256100.0
782,2021-10-13 04:14:36,23200.0,100.0,1255900.0
783,2021-10-13 04:14:36,23200.0,100.0,1255800.0
784,2021-10-13 04:14:36,23200.0,3000.0,1255700.0
785,2021-10-13 04:14:36,23200.0,2000.0,1252700.0
786,2021-10-13 04:14:36,23200.0,100.0,1250700.0
787,2021-10-13 04:14:36,23200.0,100.0,1250600.0
788,2021-10-13 04:14:36,23200.0,100.0,1250500.0
789,2021-10-13 04:14:36,23200.0,100.0,1250400.0
790,2021-10-13 04:14:36,23200.0,300.0,1250300.0
791,2021-10-13 04:14:36,23200.0,1000.0,1250000.0
792,2021-10-13 04:14:36,23200.0,1000.0,1249000.0
793,2021-10-13 04:14:36,23200.0,1000.0,1248000.0
794,2021-10-13 04:14:36,23200.0,500.0,1247000.0
795,2021-10-13 04:14:36,23200.0,300.0,1246500.0
796,2021-10-13 04:14:36,23200.0,400.0,1246200.0
797,2021-10-13 04:14:36,23200.0,1000.0,1245800.0
798,2021-10-13 04:14:36,23200.0,300.0,1244800.0
799,2021-10-13 04:14:36,23200.0,200.0,1244500.0
800,2021-10-13 04:14:36,23200.0,200.0,1244300.0
801,2021-10-13 04:14:36,23200.0,200.0,1244100.0
802,2021-10-13 04:14:36,23200.0,900.0,1243900.0
803,2021-10-13 04:14:36,23200.0,400.0,1243000.0
804,2021-10-13 04:14:36,23200.0,1000.0,1242600.0
805,2021-10-13 04:14:36,23200.0,1000.0,1241600.0
806,2021-10-13 04:14:36,23200.0,500.0,1240600.0
807,2021-10-13 04:14:36,23200.0,3000.0,1240100.0
808,2021-10-13 04:14:36,23200.0,300.0,1237100.0
809,2021-10-13 04:14:36,23200.0,400.0,1236800.0
810,2021-10-13 04:14:27,23200.0,100.0,1236400.0
811,2021-10-13 04:14:21,23250.0,500.0,1236300.0
812,2021-10-13 04:14:15,23200.0,2000.0,1235800.0
813,2021-10-13 04:14:15,23200.0,100.0,1233800.0
814,2021-10-13 04:14:15,23200.0,200.0,1233700.0
815,2021-10-13 04:14:15,23200.0,700.0,1233500.0
816,2021-10-13 04:14:08,23250.0,100.0,1232800.0
817,2021-10-13 04:13:52,23250.0,1300.0,1232700.0
818,2021-10-13 04:13:49,23250.0,100.0,1231400.0
819,2021-10-13 04:13:49,23250.0,100.0,1231300.0
820,2021-10-13 04:13:42,23250.0,900.0,1231200.0
821,2021-10-13 04:13:42,23250.0,100.0,1230300.0
822,2021-10-13 04:13:27,23300.0,10000.0,1230200.0
823,2021-10-13 04:13:19,23250.0,700.0,1220200.0
824,2021-10-13 04:13:09,23300.0,2700.0,1219500.0
825,2021-10-13 04:13:09,23300.0,300.0,1216800.0
826,2021-10-13 04:13:05,23250.0,700.0,1216500.0
827,2021-10-13 04:13:05,23250.0,300.0,1215800.0
828,2021-10-13 04:13:01,23250.0,700.0,1215500.0
829,2021-10-13 04:12:50,23250.0,800.0,1214800.0
830,2021-10-13 04:12:30,23250.0,200.0,1214000.0
831,2021-10-13 04:12:30,23250.0,100.0,1213800.0
832,2021-10-13 04:12:30,23250.0,2700.0,1213700.0
833,2021-10-13 04:12:28,23250.0,2300.0,1211000.0
834,2021-10-13 04:12:28,23250.0,300.0,1208700.0
835,2021-10-13 04:12:28,23250.0,300.0,1208400.0
836,2021-10-13 04:12:28,23250.0,100.0,1208100.0
837,2021-10-13 04:12:28,23250.0,100.0,1208000.0
838,2021-10-13 04:12:28,23250.0,500.0,1207900.0
839,2021-10-13 04:12:28,23250.0,100.0,1207400.0
840,2021-10-13 04:12:28,23250.0,100.0,1207300.0
841,2021-10-13 04:12:28,23250.0,600.0,1207200.0
842,2021-10-13 04:12:28,23250.0,600.0,1206600.0
843,2021-10-13 04:12:15,23250.0,3000.0,1206000.0
844,2021-10-13 04:12:00,23250.0,1400.0,1203000.0
845,2021-10-13 04:12:00,23250.0,2000.0,1201600.0
846,2021-10-13 04:12:00,23250.0,1600.0,1199600.0
847,2021-10-13 04:11:53,23300.0,100.0,1198000.0
848,2021-10-13 04:11:52,23300.0,5000.0,1197900.0
849,2021-10-13 04:11:31,23300.0,1500.0,1192900.0
850,2021-10-13 04:11:31,23300.0,100.0,1191400.0
851,2021-10-13 04:11:31,23300.0,3000.0,1191300.0
852,2021-10-13 04:11:08,23300.0,100.0,1188300.0
853,2021-10-13 04:11:07,23300.0,3000.0,1188200.0
854,2021-10-13 04:10:45,23300.0,1500.0,1185200.0
855,2021-10-13 04:10:33,23300.0,8000.0,1183700.0
856,2021-10-13 04:10:33,23300.0,1000.0,1175700.0
857,2021-10-13 04:10:33,23300.0,500.0,1174700.0
858,2021-10-13 04:10:33,23300.0,500.0,1174200.0
859,2021-10-13 04:10:21,23350.0,800.0,1173700.0
860,2021-10-13 04:10:21,23350.0,100.0,1172900.0
861,2021-10-13 04:10:20,23300.0,300.0,1172800.0
862,2021-10-13 04:10:16,23300.0,1000.0,1172500.0
863,2021-10-13 04:09:48,23300.0,1000.0,1171500.0
864,2021-10-13 04:09:46,23350.0,200.0,1170500.0
865,2021-10-13 04:09:37,23300.0,200.0,1170300.0
866,2021-10-13 04:09:09,23350.0,100.0,1170100.0
867,2021-10-13 04:07:56,23350.0,200.0,1170000.0
868,2021-10-13 04:07:53,23300.0,100.0,1169800.0
869,2021-10-13 04:07:42,23300.0,100.0,1169700.0
870,2021-10-13 04:07:37,23300.0,3000.0,1169600.0
871,2021-10-13 04:07:26,23300.0,2000.0,1166600.0
872,2021-10-13 04:07:26,23300.0,400.0,1164600.0
873,2021-10-13 04:07:26,23300.0,500.0,1164200.0
874,2021-10-13 04:07:26,23300.0,1000.0,1163700.0
875,2021-10-13 04:07:26,23300.0,500.0,1162700.0
876,2021-10-13 04:07:26,23300.0,1000.0,1162200.0
877,2021-10-13 04:07:26,23300.0,1500.0,1161200.0
878,2021-10-13 04:06:58,23300.0,2600.0,1159700.0
879,2021-10-13 04:06:49,23300.0,100.0,1157100.0
880,2021-10-13 04:06:18,23300.0,100.0,1157000.0
881,2021-10-13 04:05:47,23300.0,100.0,1156900.0
882,2021-10-13 04:05:34,23300.0,200.0,1156800.0
883,2021-10-13 04:05:31,23300.0,400.0,1156600.0
884,2021-10-13 04:05:03,23300.0,100.0,1156200.0
885,2021-10-13 04:05:03,23300.0,200.0,1156100.0
886,2021-10-13 04:04:47,23300.0,200.0,1155900.0
887,2021-10-13 04:04:47,23300.0,800.0,1155700.0
888,2021-10-13 04:04:29,23300.0,500.0,1154900.0
889,2021-10-13 04:04:17,23300.0,100.0,1154400.0
890,2021-10-13 04:04:17,23300.0,4900.0,1154300.0
891,2021-10-13 04:04:01,23300.0,100.0,1149400.0
892,2021-10-13 04:03:52,23350.0,300.0,1149300.0
893,2021-10-13 04:02:22,23300.0,200.0,1149000.0
894,2021-10-13 04:01:57,23300.0,200.0,1148800.0
895,2021-10-13 04:01:44,23300.0,1000.0,1148600.0
896,2021-10-13 04:01:43,23300.0,100.0,1147600.0
897,2021-10-13 04:01:33,23300.0,100.0,1147500.0
898,2021-10-13 04:01:31,23300.0,500.0,1147400.0
899,2021-10-13 04:01:06,23300.0,500.0,1146900.0
900,2021-10-13 04:01:06,23300.0,400.0,1146400.0
901,2021-10-13 04:01:06,23300.0,800.0,1146000.0
902,2021-10-13 04:00:37,23300.0,200.0,1145200.0
903,2021-10-13 04:00:37,23300.0,1000.0,1145000.0
904,2021-10-13 04:00:37,23300.0,500.0,1144000.0
905,2021-10-13 04:00:37,23300.0,300.0,1143500.0
906,2021-10-13 04:00:17,23300.0,100.0,1143200.0
907,2021-10-13 04:00:15,23300.0,100.0,1143100.0
908,2021-10-13 04:00:15,23300.0,500.0,1143000.0
909,2021-10-13 04:00:15,23300.0,500.0,1142500.0
910,2021-10-13 04:00:15,23300.0,100.0,1142000.0
911,2021-10-13 04:00:15,23300.0,1000.0,1141900.0
912,2021-10-13 04:00:15,23300.0,100.0,1140900.0
913,2021-10-13 04:00:15,23300.0,200.0,1140800.0
914,2021-10-13 04:00:15,23300.0,500.0,1140600.0
915,2021-10-13 03:59:58,23300.0,400.0,1140100.0
916,2021-10-13 03:59:58,23300.0,3600.0,1139700.0
917,2021-10-13 03:59:54,23300.0,400.0,1136100.0
918,2021-10-13 03:59:54,23300.0,100.0,1135700.0
919,2021-10-13 03:59:53,23300.0,100.0,1135600.0
920,2021-10-13 03:59:28,23300.0,3000.0,1135500.0
921,2021-10-13 03:59:04,23300.0,200.0,1132500.0
922,2021-10-13 03:59:03,23300.0,5000.0,1132300.0
923,2021-10-13 03:58:53,23300.0,700.0,1127300.0
924,2021-10-13 03:58:31,23300.0,200.0,1126600.0
925,2021-10-13 03:58:14,23300.0,800.0,1126400.0
926,2021-10-13 03:58:14,23300.0,500.0,1125600.0
927,2021-10-13 03:58:14,23300.0,500.0,1125100.0
928,2021-10-13 03:58:14,23300.0,300.0,1124600.0
929,2021-10-13 03:57:30,23250.0,300.0,1124300.0
930,2021-10-13 03:56:43,23300.0,100.0,1124000.0
931,2021-10-13 03:56:25,23300.0,1900.0,1123900.0
932,2021-10-13 03:56:25,23300.0,200.0,1122000.0
933,2021-10-13 03:56:25,23300.0,1900.0,1121800.0
934,2021-10-13 03:56:12,23300.0,500.0,1119900.0
935,2021-10-13 03:56:09,23250.0,2100.0,1119400.0
936,2021-10-13 03:56:01,23300.0,100.0,1117300.0
937,2021-10-13 03:55:55,23300.0,500.0,1117200.0
938,2021-10-13 03:55:55,23300.0,1000.0,1116700.0
939,2021-10-13 03:55:55,23300.0,500.0,1115700.0
940,2021-10-13 03:55:44,23300.0,100.0,1115200.0
941,2021-10-13 03:55:44,23300.0,200.0,1115100.0
942,2021-10-13 03:55:22,23300.0,1000.0,1114900.0
943,2021-10-13 03:55:13,23300.0,900.0,1113900.0
944,2021-10-13 03:54:35,23300.0,100.0,1113000.0
945,2021-10-13 03:54:35,23300.0,100.0,1112900.0
946,2021-10-13 03:54:35,23300.0,3000.0,1112800.0
947,2021-10-13 03:54:35,23300.0,100.0,1109800.0
948,2021-10-13 03:54:35,23300.0,4000.0,1109700.0
949,2021-10-13 03:54:15,23300.0,1000.0,1105700.0
950,2021-10-13 03:52:33,23300.0,500.0,1104700.0
951,2021-10-13 03:52:17,23250.0,100.0,1104200.0
952,2021-10-13 03:51:25,23250.0,2000.0,1104100.0
953,2021-10-13 03:51:16,23300.0,500.0,1102100.0
954,2021-10-13 03:50:11,23300.0,1600.0,1101600.0
955,2021-10-13 03:50:00,23300.0,2400.0,1100000.0
956,2021-10-13 03:50:00,23300.0,400.0,1097600.0
957,2021-10-13 03:50:00,23300.0,2200.0,1097200.0
958,2021-10-13 03:49:53,23250.0,3000.0,1095000.0
959,2021-10-13 03:49:38,23300.0,800.0,1092000.0
960,2021-10-13 03:49:38,23300.0,200.0,1091200.0
961,2021-10-13 03:49:38,23300.0,100.0,1091000.0
962,2021-10-13 03:49:38,23300.0,100.0,1090900.0
963,2021-10-13 03:49:38,23300.0,500.0,1090800.0
964,2021-10-13 03:49:38,23300.0,100.0,1090300.0
965,2021-10-13 03:49:38,23300.0,3600.0,1090200.0
966,2021-10-13 03:49:38,23300.0,100.0,1086600.0
967,2021-10-13 03:49:38,23300.0,100.0,1086500.0
968,2021-10-13 03:49:38,23300.0,200.0,1086400.0
969,2021-10-13 03:49:29,23300.0,100.0,1086200.0
970,2021-10-13 03:49:13,23300.0,200.0,1086100.0
971,2021-10-13 03:49:13,23300.0,700.0,1085900.0
972,2021-10-13 03:49:13,23300.0,2000.0,1085200.0
973,2021-10-13 03:49:13,23300.0,100.0,1083200.0
974,2021-10-13 03:49:06,23300.0,600.0,1083100.0
975,2021-10-13 03:49:06,23300.0,400.0,1082500.0
976,2021-10-13 03:49:06,23300.0,1000.0,1082100.0
977,2021-10-13 03:48:59,23350.0,100.0,1081100.0
978,2021-10-13 03:48:59,23350.0,400.0,1081000.0
979,2021-10-13 03:48:45,23300.0,300.0,1080600.0
980,2021-10-13 03:48:39,23350.0,100.0,1080300.0
981,2021-10-13 03:48:39,23350.0,100.0,1080200.0
982,2021-10-13 03:48:39,23350.0,800.0,1080100.0
983,2021-10-13 03:48:16,23350.0,2000.0,1079300.0
984,2021-10-13 03:47:35,23350.0,700.0,1077300.0
985,2021-10-13 03:46:35,23350.0,2500.0,1076600.0
986,2021-10-13 03:46:35,23350.0,7100.0,1074100.0
987,2021-10-13 03:46:35,23350.0,100.0,1067000.0
988,2021-10-13 03:46:35,23350.0,600.0,1066900.0
989,2021-10-13 03:46:35,23350.0,200.0,1066300.0
990,2021-10-13 03:46:35,23350.0,200.0,1066100.0
991,2021-10-13 03:46:35,23350.0,1000.0,1065900.0
992,2021-10-13 03:46:35,23350.0,100.0,1064900.0
993,2021-10-13 03:46:35,23350.0,1000.0,1064800.0
994,2021-10-13 03:46:35,23350.0,7200.0,1063800.0
995,2021-10-13 03:46:09,23350.0,4000.0,1056600.0
996,2021-10-13 03:45:31,23350.0,600.0,1052600.0
997,2021-10-13 03:45:26,23350.0,1500.0,1052000.0
998,2021-10-13 03:45:24,23350.0,700.0,1050500.0
999,2021-10-13 03:44:57,23350.0,100.0,1049800.0
1000,2021-10-13 03:44:34,23300.0,200.0,1049700.0
1001,2021-10-13 03:44:00,23300.0,1000.0,1049500.0
1002,2021-10-13 03:43:20,23350.0,400.0,1048500.0
1003,2021-10-13 03:42:12,23350.0,500.0,1048100.0
1004,2021-10-13 03:42:10,23350.0,100.0,1047600.0
1005,2021-10-13 03:41:37,23350.0,100.0,1047500.0
1006,2021-10-13 03:41:37,23350.0,400.0,1047400.0
1007,2021-10-13 03:41:22,23350.0,100.0,1047000.0
1008,2021-10-13 03:41:12,23350.0,200.0,1046900.0
1009,2021-10-13 03:41:12,23350.0,700.0,1046700.0
1010,2021-10-13 03:41:04,23300.0,500.0,1046000.0
1011,2021-10-13 03:41:04,23300.0,1000.0,1045500.0
1012,2021-10-13 03:41:04,23300.0,500.0,1044500.0
1013,2021-10-13 03:40:43,23350.0,100.0,1044000.0
1014,2021-10-13 03:40:14,23350.0,1000.0,1043900.0
1015,2021-10-13 03:40:14,23350.0,100.0,1042900.0
1016,2021-10-13 03:40:14,23350.0,900.0,1042800.0
1017,2021-10-13 03:40:05,23350.0,1000.0,1041900.0
1018,2021-10-13 03:40:05,23350.0,100.0,1040900.0
1019,2021-10-13 03:40:03,23350.0,900.0,1040800.0
1020,2021-10-13 03:39:59,23350.0,1400.0,1039900.0
1021,2021-10-13 03:39:59,23350.0,200.0,1038500.0
1022,2021-10-13 03:39:59,23350.0,1400.0,1038300.0
1023,2021-10-13 03:39:59,23350.0,2000.0,1036900.0
1024,2021-10-13 03:39:44,23350.0,500.0,1034900.0
1025,2021-10-13 03:39:41,23400.0,300.0,1034400.0
1026,2021-10-13 03:39:41,23400.0,5000.0,1034100.0
1027,2021-10-13 03:38:51,23350.0,500.0,1029100.0
1028,2021-10-13 03:38:28,23350.0,100.0,1028600.0
1029,2021-10-13 03:37:55,23350.0,500.0,1028500.0
1030,2021-10-13 03:37:55,23350.0,3000.0,1028000.0
1031,2021-10-13 03:37:55,23350.0,2200.0,1025000.0
1032,2021-10-13 03:37:55,23350.0,200.0,1022800.0
1033,2021-10-13 03:37:55,23350.0,200.0,1022600.0
1034,2021-10-13 03:37:55,23350.0,200.0,1022400.0
1035,2021-10-13 03:37:55,23350.0,100.0,1022200.0
1036,2021-10-13 03:37:55,23350.0,1000.0,1022100.0
1037,2021-10-13 03:37:55,23350.0,5000.0,1021100.0
1038,2021-10-13 03:37:55,23350.0,300.0,1016100.0
1039,2021-10-13 03:37:55,23350.0,200.0,1015800.0
1040,2021-10-13 03:37:55,23350.0,200.0,1015600.0
1041,2021-10-13 03:37:55,23350.0,3000.0,1015400.0
1042,2021-10-13 03:37:55,23350.0,100.0,1012400.0
1043,2021-10-13 03:37:55,23350.0,100.0,1012300.0
1044,2021-10-13 03:37:55,23350.0,200.0,1012200.0
1045,2021-10-13 03:37:55,23350.0,400.0,1012000.0
1046,2021-10-13 03:37:44,23350.0,100.0,1011600.0
1047,2021-10-13 03:37:29,23350.0,2000.0,1011500.0
1048,2021-10-13 03:37:29,23300.0,1500.0,1009500.0
1049,2021-10-13 03:37:29,23300.0,100.0,1008000.0
1050,2021-10-13 03:37:29,23300.0,300.0,1007900.0
1051,2021-10-13 03:37:29,23300.0,1100.0,1007600.0
1052,2021-10-13 03:37:04,23350.0,2500.0,1006500.0
1053,2021-10-13 03:37:04,23350.0,400.0,1004000.0
1054,2021-10-13 03:37:04,23350.0,100.0,1003600.0
1055,2021-10-13 03:37:04,23350.0,100.0,1003500.0
1056,2021-10-13 03:37:04,23350.0,300.0,1003400.0
1057,2021-10-13 03:37:04,23350.0,1000.0,1003100.0
1058,2021-10-13 03:37:04,23350.0,300.0,1002100.0
1059,2021-10-13 03:37:04,23350.0,100.0,1001800.0
1060,2021-10-13 03:37:04,23350.0,100.0,1001700.0
1061,2021-10-13 03:37:04,23350.0,100.0,1001600.0
1062,2021-10-13 03:36:42,23300.0,1900.0,1001500.0
1063,2021-10-13 03:36:42,23300.0,100.0,999600.0
1064,2021-10-13 03:36:29,23300.0,200.0,999500.0
1065,2021-10-13 03:36:20,23300.0,200.0,999300.0
1066,2021-10-13 03:36:20,23300.0,1800.0,999100.0
1067,2021-10-13 03:35:16,23300.0,200.0,997300.0
1068,2021-10-13 03:35:16,23300.0,600.0,997100.0
1069,2021-10-13 03:35:16,23300.0,100.0,996500.0
1070,2021-10-13 03:35:16,23300.0,200.0,996400.0
1071,2021-10-13 03:35:16,23300.0,1000.0,996200.0
1072,2021-10-13 03:35:16,23300.0,500.0,995200.0
1073,2021-10-13 03:35:16,23300.0,500.0,994700.0
1074,2021-10-13 03:35:16,23300.0,800.0,994200.0
1075,2021-10-13 03:35:16,23300.0,600.0,993400.0
1076,2021-10-13 03:35:16,23300.0,500.0,992800.0
1077,2021-10-13 03:35:16,23300.0,1000.0,992300.0
1078,2021-10-13 03:35:16,23300.0,200.0,991300.0
1079,2021-10-13 03:34:08,23300.0,100.0,991100.0
1080,2021-10-13 03:34:08,23300.0,200.0,991000.0
1081,2021-10-13 03:34:08,23300.0,400.0,990800.0
1082,2021-10-13 03:32:58,23300.0,300.0,990400.0
1083,2021-10-13 03:32:58,23300.0,2400.0,990100.0
1084,2021-10-13 03:32:49,23250.0,900.0,987700.0
1085,2021-10-13 03:32:49,23250.0,3000.0,986800.0
1086,2021-10-13 03:32:49,23250.0,1000.0,983800.0
1087,2021-10-13 03:32:49,23250.0,100.0,982800.0
1088,2021-10-13 03:32:49,23250.0,100.0,982700.0
1089,2021-10-13 03:32:49,23250.0,900.0,982600.0
1090,2021-10-13 03:32:32,23300.0,2600.0,981700.0
1091,2021-10-13 03:32:32,23300.0,100.0,979100.0
1092,2021-10-13 03:32:32,23300.0,2300.0,979000.0
1093,2021-10-13 03:32:30,23250.0,900.0,976700.0
1094,2021-10-13 03:32:22,23250.0,200.0,975800.0
1095,2021-10-13 03:31:23,23250.0,1000.0,975600.0
1096,2021-10-13 03:30:53,23300.0,1500.0,974600.0
1097,2021-10-13 03:30:53,23300.0,1000.0,973100.0
1098,2021-10-13 03:30:53,23300.0,100.0,972100.0
1099,2021-10-13 03:30:53,23300.0,100.0,972000.0
1100,2021-10-13 03:30:41,23300.0,400.0,971900.0
1101,2021-10-13 03:30:34,23300.0,100.0,971500.0
1102,2021-10-13 03:30:34,23300.0,400.0,971400.0
1103,2021-10-13 03:30:27,23300.0,1300.0,971000.0
1104,2021-10-13 03:30:27,23300.0,1000.0,969700.0
1105,2021-10-13 03:30:24,23300.0,1000.0,968700.0
1106,2021-10-13 03:30:20,23300.0,100.0,967700.0
1107,2021-10-13 03:30:20,23300.0,500.0,967600.0
1108,2021-10-13 03:30:20,23300.0,700.0,967100.0
1109,2021-10-13 03:30:05,23300.0,3600.0,966400.0
1110,2021-10-13 03:30:05,23300.0,100.0,962800.0
1111,2021-10-13 03:30:05,23300.0,600.0,962700.0
1112,2021-10-13 03:30:05,23300.0,700.0,962100.0
1113,2021-10-13 03:29:48,23300.0,100.0,961400.0
1114,2021-10-13 03:29:20,23300.0,100.0,961300.0
1115,2021-10-13 03:29:14,23350.0,900.0,961200.0
1116,2021-10-13 03:29:14,23350.0,200.0,960300.0
1117,2021-10-13 03:29:14,23350.0,2000.0,960100.0
1118,2021-10-13 03:29:14,23350.0,100.0,958100.0
1119,2021-10-13 03:29:14,23350.0,1800.0,958000.0
1120,2021-10-13 03:28:47,23300.0,1000.0,956200.0
1121,2021-10-13 03:28:47,23300.0,100.0,955200.0
1122,2021-10-13 03:28:42,23300.0,100.0,955100.0
1123,2021-10-13 03:28:41,23300.0,800.0,955000.0
1124,2021-10-13 03:28:41,23300.0,400.0,954200.0
1125,2021-10-13 03:28:41,23300.0,500.0,953800.0
1126,2021-10-13 03:28:41,23300.0,100.0,953300.0
1127,2021-10-13 03:28:40,23300.0,400.0,953200.0
1128,2021-10-13 03:28:28,23300.0,100.0,952800.0
1129,2021-10-13 03:28:24,23300.0,200.0,952700.0
1130,2021-10-13 03:28:22,23300.0,800.0,952500.0
1131,2021-10-13 03:28:17,23300.0,1000.0,951700.0
1132,2021-10-13 03:28:10,23300.0,100.0,950700.0
1133,2021-10-13 03:28:00,23300.0,300.0,950600.0
1134,2021-10-13 03:28:00,23300.0,200.0,950300.0
1135,2021-10-13 03:27:52,23300.0,100.0,950100.0
1136,2021-10-13 03:27:42,23300.0,100.0,950000.0
1137,2021-10-13 03:27:40,23300.0,200.0,949900.0
1138,2021-10-13 03:27:28,23300.0,600.0,949700.0
1139,2021-10-13 03:27:28,23300.0,5000.0,949100.0
1140,2021-10-13 03:27:22,23300.0,300.0,944100.0
1141,2021-10-13 03:27:15,23300.0,300.0,943800.0
1142,2021-10-13 03:27:11,23300.0,1000.0,943500.0
1143,2021-10-13 03:27:09,23300.0,300.0,942500.0
1144,2021-10-13 03:27:05,23300.0,500.0,942200.0
1145,2021-10-13 03:27:02,23300.0,100.0,941700.0
1146,2021-10-13 03:26:59,23300.0,100.0,941600.0
1147,2021-10-13 03:26:55,23300.0,200.0,941500.0
1148,2021-10-13 03:26:53,23300.0,200.0,941300.0
1149,2021-10-13 03:26:46,23300.0,600.0,941100.0
1150,2021-10-13 03:26:45,23300.0,200.0,940500.0
1151,2021-10-13 03:26:45,23300.0,4800.0,940300.0
1152,2021-10-13 03:26:39,23300.0,200.0,935500.0
1153,2021-10-13 03:26:39,23300.0,100.0,935300.0
1154,2021-10-13 03:26:39,23300.0,1600.0,935200.0
1155,2021-10-13 03:26:38,23300.0,1000.0,933600.0
1156,2021-10-13 03:26:38,23300.0,3000.0,932600.0
1157,2021-10-13 03:26:38,23300.0,1000.0,929600.0
1158,2021-10-13 03:26:32,23300.0,400.0,928600.0
1159,2021-10-13 03:26:06,23300.0,600.0,928200.0
1160,2021-10-13 03:26:02,23300.0,2000.0,927600.0
1161,2021-10-13 03:26:02,23300.0,300.0,925600.0
1162,2021-10-13 03:25:50,23300.0,700.0,925300.0
1163,2021-10-13 03:25:50,23300.0,300.0,924600.0
1164,2021-10-13 03:25:45,23300.0,300.0,924300.0
1165,2021-10-13 03:25:15,23300.0,100.0,924000.0
1166,2021-10-13 03:25:06,23300.0,300.0,923900.0
1167,2021-10-13 03:25:06,23300.0,200.0,923600.0
1168,2021-10-13 03:25:02,23250.0,500.0,923400.0
1169,2021-10-13 03:24:53,23300.0,800.0,922900.0
1170,2021-10-13 03:24:53,23300.0,2200.0,922100.0
1171,2021-10-13 03:24:07,23250.0,200.0,919900.0
1172,2021-10-13 03:24:07,23250.0,100.0,919700.0
1173,2021-10-13 03:24:07,23250.0,100.0,919600.0
1174,2021-10-13 03:24:07,23250.0,500.0,919500.0
1175,2021-10-13 03:24:07,23250.0,100.0,919000.0
1176,2021-10-13 03:23:02,23250.0,100.0,918900.0
1177,2021-10-13 03:23:02,23250.0,900.0,918800.0
1178,2021-10-13 03:23:00,23300.0,200.0,917900.0
1179,2021-10-13 03:22:54,23250.0,100.0,917700.0
1180,2021-10-13 03:22:52,23300.0,2200.0,917600.0
1181,2021-10-13 03:22:52,23300.0,1000.0,915400.0
1182,2021-10-13 03:22:52,23300.0,500.0,914400.0
1183,2021-10-13 03:22:48,23250.0,1300.0,913900.0
1184,2021-10-13 03:22:48,23250.0,200.0,912600.0
1185,2021-10-13 03:22:48,23250.0,1500.0,912400.0
1186,2021-10-13 03:22:25,23250.0,1000.0,910900.0
1187,2021-10-13 03:22:24,23300.0,500.0,909900.0
1188,2021-10-13 03:22:24,23300.0,500.0,909400.0
1189,2021-10-13 03:20:55,23250.0,1500.0,908900.0
1190,2021-10-13 03:20:55,23300.0,8500.0,907400.0
1191,2021-10-13 03:20:39,23300.0,200.0,898900.0
1192,2021-10-13 03:20:39,23300.0,200.0,898700.0
1193,2021-10-13 03:20:39,23300.0,6500.0,898500.0
1194,2021-10-13 03:20:39,23300.0,200.0,892000.0
1195,2021-10-13 03:20:39,23300.0,100.0,891800.0
1196,2021-10-13 03:20:39,23300.0,3500.0,891700.0
1197,2021-10-13 03:20:39,23300.0,800.0,888200.0
1198,2021-10-13 03:19:28,23250.0,100.0,887400.0
1199,2021-10-13 03:19:28,23300.0,100.0,887300.0
1200,2021-10-13 03:19:26,23250.0,400.0,887200.0
1201,2021-10-13 03:18:55,23250.0,500.0,886800.0
1202,2021-10-13 03:18:55,23250.0,500.0,886300.0
1203,2021-10-13 03:17:53,23250.0,1500.0,885800.0
1204,2021-10-13 03:17:53,23250.0,3500.0,884300.0
1205,2021-10-13 03:17:17,23250.0,1500.0,880800.0
1206,2021-10-13 03:17:17,23250.0,100.0,879300.0
1207,2021-10-13 03:17:17,23250.0,300.0,879200.0
1208,2021-10-13 03:17:17,23300.0,100.0,878900.0
1209,2021-10-13 03:17:13,23300.0,200.0,878800.0
1210,2021-10-13 03:17:13,23300.0,1000.0,878600.0
1211,2021-10-13 03:17:13,23300.0,100.0,877600.0
1212,2021-10-13 03:17:13,23300.0,500.0,877500.0
1213,2021-10-13 03:17:13,23300.0,100.0,877000.0
1214,2021-10-13 03:17:13,23300.0,500.0,876900.0
1215,2021-10-13 03:17:13,23300.0,2500.0,876400.0
1216,2021-10-13 03:17:03,23300.0,500.0,873900.0
1217,2021-10-13 03:17:03,23300.0,500.0,873400.0
1218,2021-10-13 03:17:00,23250.0,100.0,872900.0
1219,2021-10-13 03:16:49,23300.0,1000.0,872800.0
1220,2021-10-13 03:16:45,23300.0,600.0,871800.0
1221,2021-10-13 03:16:32,23300.0,2100.0,871200.0
1222,2021-10-13 03:16:32,23300.0,1700.0,869100.0
1223,2021-10-13 03:15:55,23250.0,100.0,867400.0
1224,2021-10-13 03:15:55,23250.0,900.0,867300.0
1225,2021-10-13 03:15:55,23250.0,300.0,866400.0
1226,2021-10-13 03:15:50,23250.0,200.0,866100.0
1227,2021-10-13 03:15:40,23250.0,500.0,865900.0
1228,2021-10-13 03:15:01,23250.0,100.0,865400.0
1229,2021-10-13 03:14:40,23300.0,300.0,865300.0
1230,2021-10-13 03:14:30,23300.0,500.0,865000.0
1231,2021-10-13 03:14:01,23300.0,500.0,864500.0
1232,2021-10-13 03:13:39,23300.0,500.0,864000.0
1233,2021-10-13 03:13:39,23300.0,500.0,863500.0
1234,2021-10-13 03:13:36,23350.0,200.0,863000.0
1235,2021-10-13 03:13:36,23350.0,100.0,862800.0
1236,2021-10-13 03:13:36,23350.0,200.0,862700.0
1237,2021-10-13 03:13:36,23350.0,500.0,862500.0
1238,2021-10-13 03:13:28,23300.0,300.0,862000.0
1239,2021-10-13 03:13:28,23300.0,100.0,861700.0
1240,2021-10-13 03:13:28,23300.0,500.0,861600.0
1241,2021-10-13 03:13:28,23300.0,1000.0,861100.0
1242,2021-10-13 03:13:28,23300.0,300.0,860100.0
1243,2021-10-13 03:13:28,23300.0,100.0,859800.0
1244,2021-10-13 03:13:28,23300.0,700.0,859700.0
1245,2021-10-13 03:13:20,23300.0,100.0,859000.0
1246,2021-10-13 03:13:01,23350.0,3000.0,858900.0
1247,2021-10-13 03:12:52,23350.0,1000.0,855900.0
1248,2021-10-13 03:12:22,23300.0,100.0,854900.0
1249,2021-10-13 03:12:20,23350.0,1000.0,854800.0
1250,2021-10-13 03:12:12,23350.0,500.0,853800.0
1251,2021-10-13 03:12:08,23350.0,700.0,853300.0
1252,2021-10-13 03:12:02,23300.0,500.0,852600.0
1253,2021-10-13 03:11:56,23300.0,3000.0,852100.0
1254,2021-10-13 03:11:32,23350.0,200.0,849100.0
1255,2021-10-13 03:11:31,23300.0,600.0,848900.0
1256,2021-10-13 03:11:16,23300.0,200.0,848300.0
1257,2021-10-13 03:11:16,23300.0,2200.0,848100.0
1258,2021-10-13 03:11:16,23300.0,200.0,845900.0
1259,2021-10-13 03:11:16,23300.0,1000.0,845700.0
1260,2021-10-13 03:11:16,23300.0,5800.0,844700.0
1261,2021-10-13 03:11:10,23350.0,1000.0,838900.0
1262,2021-10-13 03:11:08,23350.0,200.0,837900.0
1263,2021-10-13 03:11:08,23300.0,2000.0,837700.0
1264,2021-10-13 03:11:04,23350.0,500.0,835700.0
1265,2021-10-13 03:10:59,23350.0,1400.0,835200.0
1266,2021-10-13 03:10:59,23350.0,1000.0,833800.0
1267,2021-10-13 03:10:59,23350.0,3500.0,832800.0
1268,2021-10-13 03:10:55,23350.0,200.0,829300.0
1269,2021-10-13 03:10:42,23350.0,200.0,829100.0
1270,2021-10-13 03:10:36,23350.0,500.0,828900.0
1271,2021-10-13 03:10:35,23350.0,600.0,828400.0
1272,2021-10-13 03:10:35,23350.0,200.0,827800.0
1273,2021-10-13 03:10:35,23350.0,200.0,827600.0
1274,2021-10-13 03:10:35,23350.0,500.0,827400.0
1275,2021-10-13 03:10:28,23350.0,300.0,826900.0
1276,2021-10-13 03:10:24,23350.0,4000.0,826600.0
1277,2021-10-13 03:10:11,23300.0,300.0,822600.0
1278,2021-10-13 03:10:11,23300.0,500.0,822300.0
1279,2021-10-13 03:10:11,23300.0,400.0,821800.0
1280,2021-10-13 03:10:11,23300.0,1000.0,821400.0
1281,2021-10-13 03:10:11,23300.0,200.0,820400.0
1282,2021-10-13 03:10:11,23300.0,200.0,820200.0
1283,2021-10-13 03:10:11,23300.0,2000.0,820000.0
1284,2021-10-13 03:10:11,23300.0,5000.0,818000.0
1285,2021-10-13 03:10:11,23300.0,1000.0,813000.0
1286,2021-10-13 03:10:11,23300.0,200.0,812000.0
1287,2021-10-13 03:10:11,23300.0,2100.0,811800.0
1288,2021-10-13 03:10:11,23300.0,200.0,809700.0
1289,2021-10-13 03:10:11,23300.0,100.0,809500.0
1290,2021-10-13 03:10:11,23300.0,400.0,809400.0
1291,2021-10-13 03:10:11,23300.0,100.0,809000.0
1292,2021-10-13 03:10:11,23300.0,200.0,808900.0
1293,2021-10-13 03:10:11,23300.0,200.0,808700.0
1294,2021-10-13 03:10:11,23300.0,100.0,808500.0
1295,2021-10-13 03:10:11,23300.0,2000.0,808400.0
1296,2021-10-13 03:10:11,23300.0,4500.0,806400.0
1297,2021-10-13 03:10:11,23300.0,100.0,801900.0
1298,2021-10-13 03:10:11,23300.0,1000.0,801800.0
1299,2021-10-13 03:10:11,23300.0,200.0,800800.0
1300,2021-10-13 03:10:11,23300.0,1000.0,800600.0
1301,2021-10-13 03:10:11,23300.0,200.0,799600.0
1302,2021-10-13 03:10:11,23300.0,100.0,799400.0
1303,2021-10-13 03:10:11,23300.0,400.0,799300.0
1304,2021-10-13 03:10:11,23300.0,1000.0,798900.0
1305,2021-10-13 03:10:11,23300.0,7500.0,797900.0
1306,2021-10-13 03:09:51,23300.0,7500.0,790400.0
1307,2021-10-13 03:09:51,23300.0,500.0,782900.0
1308,2021-10-13 03:09:51,23300.0,100.0,782400.0
1309,2021-10-13 03:09:51,23300.0,200.0,782300.0
1310,2021-10-13 03:09:51,23300.0,100.0,782100.0
1311,2021-10-13 03:09:51,23300.0,5000.0,782000.0
1312,2021-10-13 03:09:51,23300.0,100.0,777000.0
1313,2021-10-13 03:09:51,23300.0,100.0,776900.0
1314,2021-10-13 03:09:51,23300.0,100.0,776800.0
1315,2021-10-13 03:09:51,23300.0,100.0,776700.0
1316,2021-10-13 03:09:51,23300.0,600.0,776600.0
1317,2021-10-13 03:09:51,23300.0,300.0,776000.0
1318,2021-10-13 03:09:51,23300.0,5000.0,775700.0
1319,2021-10-13 03:09:51,23300.0,200.0,770700.0
1320,2021-10-13 03:09:51,23300.0,100.0,770500.0
1321,2021-10-13 03:09:36,23250.0,200.0,770400.0
1322,2021-10-13 03:09:20,23250.0,200.0,770200.0
1323,2021-10-13 03:09:13,23300.0,200.0,770000.0
1324,2021-10-13 03:09:08,23300.0,500.0,769800.0
1325,2021-10-13 03:09:08,23300.0,100.0,769300.0
1326,2021-10-13 03:09:08,23300.0,200.0,769200.0
1327,2021-10-13 03:09:08,23300.0,100.0,769000.0
1328,2021-10-13 03:09:08,23300.0,4000.0,768900.0
1329,2021-10-13 03:09:08,23300.0,200.0,764900.0
1330,2021-10-13 03:09:08,23300.0,600.0,764700.0
1331,2021-10-13 03:09:08,23300.0,500.0,764100.0
1332,2021-10-13 03:09:08,23300.0,1400.0,763600.0
1333,2021-10-13 03:09:08,23300.0,100.0,762200.0
1334,2021-10-13 03:08:47,23300.0,500.0,762100.0
1335,2021-10-13 03:08:40,23300.0,100.0,761600.0
1336,2021-10-13 03:08:31,23300.0,200.0,761500.0
1337,2021-10-13 03:08:28,23300.0,1000.0,761300.0
1338,2021-10-13 03:08:26,23300.0,6000.0,760300.0
1339,2021-10-13 03:08:22,23300.0,300.0,754300.0
1340,2021-10-13 03:08:22,23300.0,1000.0,754000.0
1341,2021-10-13 03:08:21,23300.0,800.0,753000.0
1342,2021-10-13 03:08:21,23300.0,700.0,752200.0
1343,2021-10-13 03:08:01,23300.0,400.0,751500.0
1344,2021-10-13 03:07:58,23300.0,200.0,751100.0
1345,2021-10-13 03:07:47,23300.0,300.0,750900.0
1346,2021-10-13 03:07:37,23250.0,3000.0,750600.0
1347,2021-10-13 03:07:35,23300.0,300.0,747600.0
1348,2021-10-13 03:07:33,23300.0,100.0,747300.0
1349,2021-10-13 03:07:33,23300.0,100.0,747200.0
1350,2021-10-13 03:07:33,23300.0,100.0,747100.0
1351,2021-10-13 03:07:33,23300.0,200.0,747000.0
1352,2021-10-13 03:07:33,23300.0,2500.0,746800.0
1353,2021-10-13 03:07:21,23300.0,200.0,744300.0
1354,2021-10-13 03:06:53,23300.0,1000.0,744100.0
1355,2021-10-13 03:06:24,23300.0,1000.0,743100.0
1356,2021-10-13 03:06:13,23300.0,300.0,742100.0
1357,2021-10-13 03:05:50,23250.0,100.0,741800.0
1358,2021-10-13 03:05:50,23250.0,200.0,741700.0
1359,2021-10-13 03:05:50,23250.0,300.0,741500.0
1360,2021-10-13 03:05:50,23250.0,100.0,741200.0
1361,2021-10-13 03:05:50,23250.0,1800.0,741100.0
1362,2021-10-13 03:05:50,23250.0,300.0,739300.0
1363,2021-10-13 03:05:50,23250.0,100.0,739000.0
1364,2021-10-13 03:05:50,23250.0,700.0,738900.0
1365,2021-10-13 03:05:50,23250.0,200.0,738200.0
1366,2021-10-13 03:05:50,23250.0,100.0,738000.0
1367,2021-10-13 03:05:50,23250.0,300.0,737900.0
1368,2021-10-13 03:05:50,23250.0,1200.0,737600.0
1369,2021-10-13 03:05:50,23250.0,1000.0,736400.0
1370,2021-10-13 03:05:50,23250.0,500.0,735400.0
1371,2021-10-13 03:05:50,23250.0,500.0,734900.0
1372,2021-10-13 03:05:50,23250.0,2300.0,734400.0
1373,2021-10-13 03:05:38,23250.0,100.0,732100.0
1374,2021-10-13 03:05:37,23250.0,1000.0,732000.0
1375,2021-10-13 03:05:35,23250.0,1600.0,731000.0
1376,2021-10-13 03:05:35,23250.0,100.0,729400.0
1377,2021-10-13 03:05:35,23250.0,600.0,729300.0
1378,2021-10-13 03:05:35,23250.0,4700.0,728700.0
1379,2021-10-13 03:05:20,23200.0,300.0,724000.0
1380,2021-10-13 03:05:18,23250.0,800.0,723700.0
1381,2021-10-13 03:05:07,23250.0,4500.0,722900.0
1382,2021-10-13 03:05:07,23250.0,500.0,718400.0
1383,2021-10-13 03:05:07,23250.0,10000.0,717900.0
1384,2021-10-13 03:05:07,23250.0,100.0,707900.0
1385,2021-10-13 03:05:07,23250.0,3000.0,707800.0
1386,2021-10-13 03:05:07,23250.0,500.0,704800.0
1387,2021-10-13 03:05:07,23250.0,100.0,704300.0
1388,2021-10-13 03:05:07,23250.0,500.0,704200.0
1389,2021-10-13 03:05:07,23250.0,800.0,703700.0
1390,2021-10-13 03:04:58,23200.0,100.0,702900.0
1391,2021-10-13 03:04:57,23250.0,200.0,702800.0
1392,2021-10-13 03:04:57,23250.0,100.0,702600.0
1393,2021-10-13 03:04:54,23200.0,1900.0,702500.0
1394,2021-10-13 03:04:54,23200.0,100.0,700600.0
1395,2021-10-13 03:04:39,23200.0,500.0,700500.0
1396,2021-10-13 03:04:17,23200.0,100.0,700000.0
1397,2021-10-13 03:03:45,23200.0,200.0,699900.0
1398,2021-10-13 03:03:43,23200.0,1100.0,699700.0
1399,2021-10-13 03:03:43,23200.0,100.0,698600.0
1400,2021-10-13 03:03:43,23200.0,1800.0,698500.0
1401,2021-10-13 03:03:32,23250.0,400.0,696700.0
1402,2021-10-13 03:03:32,23250.0,1600.0,696300.0
1403,2021-10-13 03:02:43,23200.0,400.0,694700.0
1404,2021-10-13 03:02:27,23200.0,200.0,694300.0
1405,2021-10-13 03:02:27,23200.0,100.0,694100.0
1406,2021-10-13 03:02:27,23200.0,1000.0,694000.0
1407,2021-10-13 03:02:27,23200.0,1500.0,693000.0
1408,2021-10-13 03:02:17,23200.0,2500.0,691500.0
1409,2021-10-13 03:02:13,23200.0,1000.0,689000.0
1410,2021-10-13 03:02:13,23200.0,500.0,688000.0
1411,2021-10-13 03:02:13,23200.0,2000.0,687500.0
1412,2021-10-13 03:02:13,23200.0,300.0,685500.0
1413,2021-10-13 03:02:13,23200.0,1200.0,685200.0
1414,2021-10-13 03:02:11,23150.0,500.0,684000.0
1415,2021-10-13 03:02:07,23200.0,500.0,683500.0
1416,2021-10-13 03:01:41,23200.0,300.0,683000.0
1417,2021-10-13 03:01:41,23200.0,100.0,682700.0
1418,2021-10-13 03:01:41,23200.0,100.0,682600.0
1419,2021-10-13 03:01:41,23200.0,2000.0,682500.0
1420,2021-10-13 03:01:28,23200.0,400.0,680500.0
1421,2021-10-13 03:01:28,23200.0,500.0,680100.0
1422,2021-10-13 03:01:28,23200.0,100.0,679600.0
1423,2021-10-13 03:01:25,23200.0,100.0,679500.0
1424,2021-10-13 03:01:25,23200.0,2500.0,679400.0
1425,2021-10-13 03:01:25,23200.0,100.0,676900.0
1426,2021-10-13 03:01:25,23200.0,200.0,676800.0
1427,2021-10-13 03:01:25,23200.0,1400.0,676600.0
1428,2021-10-13 03:01:25,23200.0,1000.0,675200.0
1429,2021-10-13 03:01:25,23200.0,100.0,674200.0
1430,2021-10-13 03:01:25,23200.0,300.0,674100.0
1431,2021-10-13 03:01:25,23200.0,100.0,673800.0
1432,2021-10-13 03:01:25,23200.0,100.0,673700.0
1433,2021-10-13 03:01:25,23200.0,300.0,673600.0
1434,2021-10-13 03:01:25,23200.0,800.0,673300.0
1435,2021-10-13 03:01:24,23200.0,1000.0,672500.0
1436,2021-10-13 03:01:17,23200.0,600.0,671500.0
1437,2021-10-13 03:00:41,23200.0,2600.0,670900.0
1438,2021-10-13 03:00:41,23200.0,1000.0,668300.0
1439,2021-10-13 03:00:41,23200.0,500.0,667300.0
1440,2021-10-13 03:00:41,23200.0,900.0,666800.0
1441,2021-10-13 03:00:38,23150.0,1000.0,665900.0
1442,2021-10-13 03:00:35,23200.0,1000.0,664900.0
1443,2021-10-13 03:00:07,23150.0,100.0,663900.0
1444,2021-10-13 03:00:07,23150.0,500.0,663800.0
1445,2021-10-13 03:00:07,23150.0,100.0,663300.0
1446,2021-10-13 03:00:07,23150.0,300.0,663200.0
1447,2021-10-13 02:59:56,23150.0,1600.0,662900.0
1448,2021-10-13 02:59:52,23200.0,100.0,661300.0
1449,2021-10-13 02:59:44,23200.0,500.0,661200.0
1450,2021-10-13 02:59:35,23200.0,1300.0,660700.0
1451,2021-10-13 02:59:26,23200.0,100.0,659400.0
1452,2021-10-13 02:59:25,23150.0,100.0,659300.0
1453,2021-10-13 02:59:25,23150.0,100.0,659200.0
1454,2021-10-13 02:59:25,23150.0,100.0,659100.0
1455,2021-10-13 02:59:25,23150.0,300.0,659000.0
1456,2021-10-13 02:59:25,23150.0,900.0,658700.0
1457,2021-10-13 02:58:59,23200.0,1000.0,657800.0
1458,2021-10-13 02:58:38,23200.0,500.0,656800.0
1459,2021-10-13 02:58:14,23150.0,1000.0,656300.0
1460,2021-10-13 02:58:01,23150.0,100.0,655300.0
1461,2021-10-13 02:57:44,23150.0,1000.0,655200.0
1462,2021-10-13 02:57:44,23150.0,800.0,654200.0
1463,2021-10-13 02:57:44,23150.0,2000.0,653400.0
1464,2021-10-13 02:57:44,23150.0,4800.0,651400.0
1465,2021-10-13 02:57:44,23150.0,500.0,646600.0
1466,2021-10-13 02:57:44,23150.0,800.0,646100.0
1467,2021-10-13 02:57:44,23150.0,100.0,645300.0
1468,2021-10-13 02:57:39,23200.0,2600.0,645200.0
1469,2021-10-13 02:57:39,23200.0,800.0,642600.0
1470,2021-10-13 02:57:39,23200.0,1400.0,641800.0
1471,2021-10-13 02:57:39,23200.0,1000.0,640400.0
1472,2021-10-13 02:57:39,23200.0,500.0,639400.0
1473,2021-10-13 02:57:39,23200.0,300.0,638900.0
1474,2021-10-13 02:57:39,23200.0,1000.0,638600.0
1475,2021-10-13 02:57:39,23200.0,100.0,637600.0
1476,2021-10-13 02:57:39,23200.0,300.0,637500.0
1477,2021-10-13 02:57:31,23200.0,200.0,637200.0
1478,2021-10-13 02:57:31,23200.0,200.0,637000.0
1479,2021-10-13 02:57:31,23200.0,200.0,636800.0
1480,2021-10-13 02:57:31,23200.0,4400.0,636600.0
1481,2021-10-13 02:57:25,23150.0,500.0,632200.0
1482,2021-10-13 02:57:25,23150.0,1500.0,631700.0
1483,2021-10-13 02:57:25,23200.0,1000.0,630200.0
1484,2021-10-13 02:56:55,23200.0,2600.0,629200.0
1485,2021-10-13 02:56:55,23200.0,1000.0,626600.0
1486,2021-10-13 02:56:55,23200.0,100.0,625600.0
1487,2021-10-13 02:56:55,23200.0,100.0,625500.0
1488,2021-10-13 02:56:55,23200.0,300.0,625400.0
1489,2021-10-13 02:56:55,23200.0,200.0,625100.0
1490,2021-10-13 02:56:55,23200.0,1000.0,624900.0
1491,2021-10-13 02:56:55,23200.0,1000.0,623900.0
1492,2021-10-13 02:56:55,23200.0,1000.0,622900.0
1493,2021-10-13 02:56:55,23200.0,1000.0,621900.0
1494,2021-10-13 02:56:55,23200.0,400.0,620900.0
1495,2021-10-13 02:56:55,23200.0,200.0,620500.0
1496,2021-10-13 02:56:55,23200.0,1000.0,620300.0
1497,2021-10-13 02:56:55,23200.0,100.0,619300.0
1498,2021-10-13 02:56:54,23200.0,900.0,619200.0
1499,2021-10-13 02:56:54,23200.0,1000.0,618300.0
1500,2021-10-13 02:56:54,23200.0,1000.0,617300.0
1501,2021-10-13 02:56:54,23200.0,100.0,616300.0
1502,2021-10-13 02:56:41,23200.0,200.0,616200.0
1503,2021-10-13 02:56:41,23200.0,300.0,616000.0
1504,2021-10-13 02:56:29,23200.0,200.0,615700.0
1505,2021-10-13 02:56:29,23200.0,2000.0,615500.0
1506,2021-10-13 02:56:29,23200.0,100.0,613500.0
1507,2021-10-13 02:56:29,23200.0,600.0,613400.0
1508,2021-10-13 02:56:29,23200.0,5000.0,612800.0
1509,2021-10-13 02:56:29,23200.0,100.0,607800.0
1510,2021-10-13 02:56:29,23200.0,100.0,607700.0
1511,2021-10-13 02:56:29,23200.0,500.0,607600.0
1512,2021-10-13 02:56:29,23200.0,500.0,607100.0
1513,2021-10-13 02:56:29,23200.0,900.0,606600.0
1514,2021-10-13 02:56:29,23200.0,2000.0,605700.0
1515,2021-10-13 02:56:29,23200.0,300.0,603700.0
1516,2021-10-13 02:56:29,23200.0,1000.0,603400.0
1517,2021-10-13 02:56:29,23200.0,500.0,602400.0
1518,2021-10-13 02:56:29,23200.0,100.0,601900.0
1519,2021-10-13 02:56:29,23200.0,100.0,601800.0
1520,2021-10-13 02:56:29,23200.0,1000.0,601700.0
1521,2021-10-13 02:56:18,23150.0,1000.0,600700.0
1522,2021-10-13 02:56:10,23200.0,500.0,599700.0
1523,2021-10-13 02:55:30,23150.0,100.0,599200.0
1524,2021-10-13 02:55:26,23150.0,3500.0,599100.0
1525,2021-10-13 02:55:18,23150.0,1500.0,595600.0
1526,2021-10-13 02:55:07,23150.0,18500.0,594100.0
1527,2021-10-13 02:55:01,23150.0,1500.0,575600.0
1528,2021-10-13 02:54:57,23150.0,5000.0,574100.0
1529,2021-10-13 02:54:57,23150.0,500.0,569100.0
1530,2021-10-13 02:54:57,23150.0,100.0,568600.0
1531,2021-10-13 02:54:57,23150.0,500.0,568500.0
1532,2021-10-13 02:54:57,23150.0,100.0,568000.0
1533,2021-10-13 02:54:57,23150.0,1200.0,567900.0
1534,2021-10-13 02:54:57,23150.0,800.0,566700.0
1535,2021-10-13 02:54:57,23150.0,100.0,565900.0
1536,2021-10-13 02:54:57,23150.0,200.0,565800.0
1537,2021-10-13 02:54:56,23150.0,100.0,565600.0
1538,2021-10-13 02:54:51,23150.0,1700.0,565500.0
1539,2021-10-13 02:54:51,23150.0,500.0,563800.0
1540,2021-10-13 02:54:51,23150.0,400.0,563300.0
1541,2021-10-13 02:54:51,23150.0,4700.0,562900.0
1542,2021-10-13 02:54:47,23150.0,300.0,558200.0
1543,2021-10-13 02:54:42,23150.0,1300.0,557900.0
1544,2021-10-13 02:54:40,23150.0,700.0,556600.0
1545,2021-10-13 02:54:39,23150.0,1000.0,555900.0
1546,2021-10-13 02:54:35,23150.0,2000.0,554900.0
1547,2021-10-13 02:54:35,23150.0,1000.0,552900.0
1548,2021-10-13 02:54:35,23150.0,300.0,551900.0
1549,2021-10-13 02:54:35,23150.0,1500.0,551600.0
1550,2021-10-13 02:54:35,23150.0,1000.0,550100.0
1551,2021-10-13 02:54:35,23150.0,1000.0,549100.0
1552,2021-10-13 02:54:35,23150.0,800.0,548100.0
1553,2021-10-13 02:54:35,23150.0,2400.0,547300.0
1554,2021-10-13 02:54:33,23150.0,1200.0,544900.0
1555,2021-10-13 02:54:30,23150.0,1400.0,543700.0
1556,2021-10-13 02:54:30,23150.0,5000.0,542300.0
1557,2021-10-13 02:54:30,23150.0,500.0,537300.0
1558,2021-10-13 02:54:30,23150.0,1000.0,536800.0
1559,2021-10-13 02:54:30,23150.0,100.0,535800.0
1560,2021-10-13 02:54:25,23150.0,1000.0,535700.0
1561,2021-10-13 02:54:19,23150.0,200.0,534700.0
1562,2021-10-13 02:54:07,23150.0,300.0,534500.0
1563,2021-10-13 02:54:01,23150.0,100.0,534200.0
1564,2021-10-13 02:53:26,23100.0,100.0,534100.0
1565,2021-10-13 02:53:23,23100.0,100.0,534000.0
1566,2021-10-13 02:53:19,23100.0,100.0,533900.0
1567,2021-10-13 02:53:14,23150.0,100.0,533800.0
1568,2021-10-13 02:52:57,23100.0,1000.0,533700.0
1569,2021-10-13 02:52:57,23150.0,200.0,532700.0
1570,2021-10-13 02:52:44,23150.0,4000.0,532500.0
1571,2021-10-13 02:52:40,23100.0,200.0,528500.0
1572,2021-10-13 02:52:32,23100.0,1300.0,528300.0
1573,2021-10-13 02:52:10,23100.0,100.0,527000.0
1574,2021-10-13 02:51:58,23100.0,100.0,526900.0
1575,2021-10-13 02:51:58,23100.0,500.0,526800.0
1576,2021-10-13 02:51:58,23100.0,800.0,526300.0
1577,2021-10-13 02:51:51,23100.0,1000.0,525500.0
1578,2021-10-13 02:51:48,23050.0,100.0,524500.0
1579,2021-10-13 02:51:46,23100.0,200.0,524400.0
1580,2021-10-13 02:51:46,23100.0,500.0,524200.0
1581,2021-10-13 02:51:46,23100.0,200.0,523700.0
1582,2021-10-13 02:51:46,23100.0,5000.0,523500.0
1583,2021-10-13 02:51:46,23100.0,100.0,518500.0
1584,2021-10-13 02:51:46,23100.0,500.0,518400.0
1585,2021-10-13 02:51:46,23100.0,400.0,517900.0
1586,2021-10-13 02:51:46,23100.0,1000.0,517500.0
1587,2021-10-13 02:51:46,23100.0,100.0,516500.0
1588,2021-10-13 02:51:42,23100.0,1000.0,516400.0
1589,2021-10-13 02:51:42,23100.0,300.0,515400.0
1590,2021-10-13 02:51:42,23100.0,100.0,515100.0
1591,2021-10-13 02:51:42,23100.0,600.0,515000.0
1592,2021-10-13 02:51:24,23100.0,500.0,514400.0
1593,2021-10-13 02:51:24,23100.0,900.0,513900.0
1594,2021-10-13 02:51:24,23100.0,100.0,513000.0
1595,2021-10-13 02:51:16,23100.0,500.0,512900.0
1596,2021-10-13 02:51:15,23100.0,100.0,512400.0
1597,2021-10-13 02:51:14,23100.0,2000.0,512300.0
1598,2021-10-13 02:51:07,23100.0,500.0,510300.0
1599,2021-10-13 02:51:06,23100.0,800.0,509800.0
1600,2021-10-13 02:51:06,23100.0,600.0,509000.0
1601,2021-10-13 02:51:06,23100.0,100.0,508400.0
1602,2021-10-13 02:51:06,23100.0,200.0,508300.0
1603,2021-10-13 02:51:06,23100.0,400.0,508100.0
1604,2021-10-13 02:51:02,23100.0,600.0,507700.0
1605,2021-10-13 02:51:02,23100.0,400.0,507100.0
1606,2021-10-13 02:50:58,23100.0,100.0,506700.0
1607,2021-10-13 02:50:58,23100.0,200.0,506600.0
1608,2021-10-13 02:50:58,23100.0,100.0,506400.0
1609,2021-10-13 02:50:58,23100.0,100.0,506300.0
1610,2021-10-13 02:50:53,23100.0,100.0,506200.0
1611,2021-10-13 02:50:50,23100.0,100.0,506100.0
1612,2021-10-13 02:50:38,23100.0,400.0,506000.0
1613,2021-10-13 02:50:38,23100.0,100.0,505600.0
1614,2021-10-13 02:50:36,23100.0,200.0,505500.0
1615,2021-10-13 02:50:36,23100.0,300.0,505300.0
1616,2021-10-13 02:50:35,23100.0,500.0,505000.0
1617,2021-10-13 02:50:25,23100.0,500.0,504500.0
1618,2021-10-13 02:50:16,23100.0,500.0,504000.0
1619,2021-10-13 02:50:07,23100.0,100.0,503500.0
1620,2021-10-13 02:50:05,23100.0,500.0,503400.0
1621,2021-10-13 02:50:04,23100.0,1400.0,502900.0
1622,2021-10-13 02:49:58,23100.0,300.0,501500.0
1623,2021-10-13 02:49:53,23100.0,2000.0,501200.0
1624,2021-10-13 02:49:44,23100.0,100.0,499200.0
1625,2021-10-13 02:49:35,23100.0,100.0,499100.0
1626,2021-10-13 02:49:34,23100.0,500.0,499000.0
1627,2021-10-13 02:49:07,23100.0,1800.0,498500.0
1628,2021-10-13 02:49:07,23100.0,500.0,496700.0
1629,2021-10-13 02:49:07,23100.0,1100.0,496200.0
1630,2021-10-13 02:49:07,23100.0,100.0,495100.0
1631,2021-10-13 02:49:07,23100.0,300.0,495000.0
1632,2021-10-13 02:49:07,23100.0,100.0,494700.0
1633,2021-10-13 02:49:01,23050.0,200.0,494600.0
1634,2021-10-13 02:49:01,23050.0,400.0,494400.0
1635,2021-10-13 02:49:01,23050.0,500.0,494000.0
1636,2021-10-13 02:49:01,23050.0,100.0,493500.0
1637,2021-10-13 02:49:01,23050.0,1500.0,493400.0
1638,2021-10-13 02:49:01,23050.0,1000.0,491900.0
1639,2021-10-13 02:49:01,23050.0,600.0,490900.0
1640,2021-10-13 02:49:01,23050.0,700.0,490300.0
1641,2021-10-13 02:48:43,23100.0,300.0,489600.0
1642,2021-10-13 02:48:39,23100.0,1000.0,489300.0
1643,2021-10-13 02:48:38,23100.0,1100.0,488300.0
1644,2021-10-13 02:48:38,23100.0,500.0,487200.0
1645,2021-10-13 02:48:38,23100.0,800.0,486700.0
1646,2021-10-13 02:48:38,23100.0,300.0,485900.0
1647,2021-10-13 02:48:38,23100.0,1000.0,485600.0
1648,2021-10-13 02:48:38,23100.0,100.0,484600.0
1649,2021-10-13 02:48:38,23100.0,1200.0,484500.0
1650,2021-10-13 02:48:18,23100.0,300.0,483300.0
1651,2021-10-13 02:48:16,23100.0,500.0,483000.0
1652,2021-10-13 02:48:09,23100.0,200.0,482500.0
1653,2021-10-13 02:47:34,23100.0,500.0,482300.0
1654,2021-10-13 02:47:21,23100.0,100.0,481800.0
1655,2021-10-13 02:47:10,23100.0,2200.0,481700.0
1656,2021-10-13 02:47:10,23100.0,500.0,479500.0
1657,2021-10-13 02:47:10,23100.0,100.0,479000.0
1658,2021-10-13 02:47:10,23100.0,200.0,478900.0
1659,2021-10-13 02:46:49,23100.0,800.0,478700.0
1660,2021-10-13 02:46:44,23100.0,1700.0,477900.0
1661,2021-10-13 02:46:44,23100.0,1000.0,476200.0
1662,2021-10-13 02:46:44,23100.0,100.0,475200.0
1663,2021-10-13 02:46:44,23100.0,2200.0,475100.0
1664,2021-10-13 02:46:44,23050.0,500.0,472900.0
1665,2021-10-13 02:46:42,23050.0,300.0,472400.0
1666,2021-10-13 02:46:23,23050.0,200.0,472100.0
1667,2021-10-13 02:46:03,23050.0,200.0,471900.0
1668,2021-10-13 02:46:00,23050.0,200.0,471700.0
1669,2021-10-13 02:46:00,23050.0,200.0,471500.0
1670,2021-10-13 02:46:00,23050.0,3400.0,471300.0
1671,2021-10-13 02:45:54,23050.0,500.0,467900.0
1672,2021-10-13 02:45:48,23050.0,100.0,467400.0
1673,2021-10-13 02:45:48,23050.0,400.0,467300.0
1674,2021-10-13 02:45:48,23050.0,100.0,466900.0
1675,2021-10-13 02:45:48,23050.0,400.0,466800.0
1676,2021-10-13 02:45:48,23050.0,100.0,466400.0
1677,2021-10-13 02:45:47,23050.0,700.0,466300.0
1678,2021-10-13 02:45:47,23050.0,300.0,465600.0
1679,2021-10-13 02:45:42,23050.0,200.0,465300.0
1680,2021-10-13 02:45:41,23050.0,1800.0,465100.0
1681,2021-10-13 02:45:41,23050.0,700.0,463300.0
1682,2021-10-13 02:45:41,23050.0,500.0,462600.0
1683,2021-10-13 02:45:41,23050.0,500.0,462100.0
1684,2021-10-13 02:45:41,23050.0,300.0,461600.0
1685,2021-10-13 02:45:41,23050.0,1200.0,461300.0
1686,2021-10-13 02:45:40,23050.0,100.0,460100.0
1687,2021-10-13 02:45:25,23050.0,300.0,460000.0
1688,2021-10-13 02:45:00,23050.0,100.0,459700.0
1689,2021-10-13 02:44:42,23050.0,1000.0,459600.0
1690,2021-10-13 02:44:30,23050.0,2000.0,458600.0
1691,2021-10-13 02:44:25,23050.0,200.0,456600.0
1692,2021-10-13 02:44:24,23000.0,1000.0,456400.0
1693,2021-10-13 02:44:11,23000.0,100.0,455400.0
1694,2021-10-13 02:43:51,23000.0,100.0,455300.0
1695,2021-10-13 02:43:51,23000.0,200.0,455200.0
1696,2021-10-13 02:43:51,23000.0,100.0,455000.0
1697,2021-10-13 02:43:51,23000.0,1000.0,454900.0
1698,2021-10-13 02:43:51,23000.0,500.0,453900.0
1699,2021-10-13 02:43:51,23000.0,200.0,453400.0
1700,2021-10-13 02:43:45,23000.0,100.0,453200.0
1701,2021-10-13 02:43:35,23000.0,100.0,453100.0
1702,2021-10-13 02:43:35,23000.0,100.0,453000.0
1703,2021-10-13 02:43:31,23000.0,2000.0,452900.0
1704,2021-10-13 02:42:55,23000.0,2900.0,450900.0
1705,2021-10-13 02:42:55,23000.0,300.0,448000.0
1706,2021-10-13 02:42:55,23000.0,300.0,447700.0
1707,2021-10-13 02:42:55,23000.0,1000.0,447400.0
1708,2021-10-13 02:42:55,23000.0,100.0,446400.0
1709,2021-10-13 02:42:55,23000.0,400.0,446300.0
1710,2021-10-13 02:42:37,23050.0,2800.0,445900.0
1711,2021-10-13 02:42:37,23050.0,200.0,443100.0
1712,2021-10-13 02:42:37,23000.0,1000.0,442900.0
1713,2021-10-13 02:42:29,23000.0,3600.0,441900.0
1714,2021-10-13 02:42:29,23000.0,100.0,438300.0
1715,2021-10-13 02:42:29,23000.0,100.0,438200.0
1716,2021-10-13 02:42:29,23000.0,1000.0,438100.0
1717,2021-10-13 02:42:29,23000.0,200.0,437100.0
1718,2021-10-13 02:42:13,23050.0,100.0,436900.0
1719,2021-10-13 02:42:13,23050.0,100.0,436800.0
1720,2021-10-13 02:42:09,23050.0,100.0,436700.0
1721,2021-10-13 02:41:33,23050.0,100.0,436600.0
1722,2021-10-13 02:41:32,23050.0,100.0,436500.0
1723,2021-10-13 02:41:32,23050.0,100.0,436400.0
1724,2021-10-13 02:40:38,23050.0,200.0,436300.0
1725,2021-10-13 02:40:32,23100.0,1000.0,436100.0
1726,2021-10-13 02:40:28,23000.0,800.0,435100.0
1727,2021-10-13 02:40:28,23000.0,500.0,434300.0
1728,2021-10-13 02:40:28,23000.0,300.0,433800.0
1729,2021-10-13 02:40:28,23000.0,600.0,433500.0
1730,2021-10-13 02:40:28,23000.0,300.0,432900.0
1731,2021-10-13 02:40:28,23000.0,500.0,432600.0
1732,2021-10-13 02:40:28,23000.0,500.0,432100.0
1733,2021-10-13 02:40:28,23000.0,5000.0,431600.0
1734,2021-10-13 02:40:28,23000.0,200.0,426600.0
1735,2021-10-13 02:40:28,23000.0,600.0,426400.0
1736,2021-10-13 02:40:28,23050.0,100.0,425800.0
1737,2021-10-13 02:40:28,23050.0,200.0,425700.0
1738,2021-10-13 02:40:28,23050.0,400.0,425500.0
1739,2021-10-13 02:40:27,23050.0,100.0,425100.0
1740,2021-10-13 02:40:27,23050.0,500.0,425000.0
1741,2021-10-13 02:40:27,23050.0,300.0,424500.0
1742,2021-10-13 02:40:27,23050.0,100.0,424200.0
1743,2021-10-13 02:40:27,23050.0,100.0,424100.0
1744,2021-10-13 02:40:27,23050.0,1000.0,424000.0
1745,2021-10-13 02:40:25,23050.0,300.0,423000.0
1746,2021-10-13 02:40:08,23050.0,200.0,422700.0
1747,2021-10-13 02:40:08,23050.0,500.0,422500.0
1748,2021-10-13 02:40:08,23050.0,1000.0,422000.0
1749,2021-10-13 02:40:08,23050.0,100.0,421000.0
1750,2021-10-13 02:40:08,23050.0,200.0,420900.0
1751,2021-10-13 02:40:08,23050.0,300.0,420700.0
1752,2021-10-13 02:40:08,23050.0,3000.0,420400.0
1753,2021-10-13 02:40:08,23050.0,200.0,417400.0
1754,2021-10-13 02:40:08,23050.0,1000.0,417200.0
1755,2021-10-13 02:40:08,23050.0,500.0,416200.0
1756,2021-10-13 02:39:47,23050.0,500.0,415700.0
1757,2021-10-13 02:39:47,23050.0,1200.0,415200.0
1758,2021-10-13 02:39:41,23050.0,500.0,414000.0
1759,2021-10-13 02:39:41,23050.0,300.0,413500.0
1760,2021-10-13 02:39:41,23050.0,1000.0,413200.0
1761,2021-10-13 02:39:07,23050.0,400.0,412200.0
1762,2021-10-13 02:39:05,23050.0,100.0,411800.0
1763,2021-10-13 02:38:44,23050.0,600.0,411700.0
1764,2021-10-13 02:38:26,23050.0,500.0,411100.0
1765,2021-10-13 02:38:11,23050.0,300.0,410600.0
1766,2021-10-13 02:37:27,23050.0,100.0,410300.0
1767,2021-10-13 02:36:38,23050.0,200.0,410200.0
1768,2021-10-13 02:36:35,23050.0,500.0,410000.0
1769,2021-10-13 02:36:35,23050.0,1500.0,409500.0
1770,2021-10-13 02:35:48,23100.0,600.0,408000.0
1771,2021-10-13 02:35:46,23100.0,1000.0,407400.0
1772,2021-10-13 02:35:30,23100.0,200.0,406400.0
1773,2021-10-13 02:35:30,23100.0,100.0,406200.0
1774,2021-10-13 02:35:30,23100.0,300.0,406100.0
1775,2021-10-13 02:35:30,23100.0,300.0,405800.0
1776,2021-10-13 02:35:30,23100.0,100.0,405500.0
1777,2021-10-13 02:35:28,23100.0,900.0,405400.0
1778,2021-10-13 02:35:28,23100.0,100.0,404500.0
1779,2021-10-13 02:35:23,23100.0,400.0,404400.0
1780,2021-10-13 02:35:23,23100.0,100.0,404000.0
1781,2021-10-13 02:35:22,23100.0,200.0,403900.0
1782,2021-10-13 02:35:17,23100.0,100.0,403700.0
1783,2021-10-13 02:35:00,23100.0,800.0,403600.0
1784,2021-10-13 02:35:00,23100.0,200.0,402800.0
1785,2021-10-13 02:34:57,23100.0,200.0,402600.0
1786,2021-10-13 02:34:57,23100.0,1000.0,402400.0
1787,2021-10-13 02:34:57,23100.0,800.0,401400.0
1788,2021-10-13 02:34:40,23100.0,1000.0,400600.0
1789,2021-10-13 02:34:32,23100.0,1100.0,399600.0
1790,2021-10-13 02:34:27,23100.0,100.0,398500.0
1791,2021-10-13 02:34:09,23050.0,500.0,398400.0
1792,2021-10-13 02:33:57,23100.0,300.0,397900.0
1793,2021-10-13 02:33:51,23100.0,1000.0,397600.0
1794,2021-10-13 02:33:51,23100.0,700.0,396600.0
1795,2021-10-13 02:33:46,23150.0,100.0,395900.0
1796,2021-10-13 02:33:29,23100.0,300.0,395800.0
1797,2021-10-13 02:33:16,23100.0,100.0,395500.0
1798,2021-10-13 02:33:15,23100.0,100.0,395400.0
1799,2021-10-13 02:33:12,23100.0,300.0,395300.0
1800,2021-10-13 02:33:02,23100.0,200.0,395000.0
1801,2021-10-13 02:33:02,23100.0,500.0,394800.0
1802,2021-10-13 02:33:02,23100.0,100.0,394300.0
1803,2021-10-13 02:33:01,23100.0,100.0,394200.0
1804,2021-10-13 02:33:01,23000.0,400.0,394100.0
1805,2021-10-13 02:33:01,23000.0,600.0,393700.0
1806,2021-10-13 02:33:01,23050.0,1000.0,393100.0
1807,2021-10-13 02:32:55,23100.0,200.0,392100.0
1808,2021-10-13 02:32:51,23100.0,600.0,391900.0
1809,2021-10-13 02:32:37,23100.0,500.0,391300.0
1810,2021-10-13 02:32:37,23100.0,3000.0,390800.0
1811,2021-10-13 02:32:23,23150.0,200.0,387800.0
1812,2021-10-13 02:32:23,23000.0,400.0,387600.0
1813,2021-10-13 02:32:23,23000.0,1000.0,387200.0
1814,2021-10-13 02:32:23,23000.0,500.0,386200.0
1815,2021-10-13 02:32:23,23000.0,500.0,385700.0
1816,2021-10-13 02:32:23,23000.0,100.0,385200.0
1817,2021-10-13 02:32:23,23050.0,900.0,385100.0
1818,2021-10-13 02:32:23,23050.0,500.0,384200.0
1819,2021-10-13 02:32:23,23050.0,100.0,383700.0
1820,2021-10-13 02:32:23,23050.0,400.0,383600.0
1821,2021-10-13 02:32:23,23050.0,2000.0,383200.0
1822,2021-10-13 02:32:23,23050.0,300.0,381200.0
1823,2021-10-13 02:32:23,23050.0,600.0,380900.0
1824,2021-10-13 02:32:23,23050.0,1900.0,380300.0
1825,2021-10-13 02:32:23,23050.0,800.0,378400.0
1826,2021-10-13 02:32:23,23050.0,6500.0,377600.0
1827,2021-10-13 02:32:23,23100.0,100.0,371100.0
1828,2021-10-13 02:32:23,23100.0,1000.0,371000.0
1829,2021-10-13 02:32:23,23100.0,100.0,370000.0
1830,2021-10-13 02:32:23,23100.0,100.0,369900.0
1831,2021-10-13 02:32:23,23100.0,1000.0,369800.0
1832,2021-10-13 02:32:23,23100.0,400.0,368800.0
1833,2021-10-13 02:32:23,23100.0,800.0,368400.0
1834,2021-10-13 02:32:21,23150.0,600.0,367600.0
1835,2021-10-13 02:32:17,23150.0,1000.0,367000.0
1836,2021-10-13 02:32:16,23150.0,200.0,366000.0
1837,2021-10-13 02:32:14,23150.0,1600.0,365800.0
1838,2021-10-13 02:32:08,23150.0,500.0,364200.0
1839,2021-10-13 02:32:02,23100.0,100.0,363700.0
1840,2021-10-13 02:31:43,23100.0,3000.0,363600.0
1841,2021-10-13 02:31:36,23150.0,900.0,360600.0
1842,2021-10-13 02:31:36,23150.0,300.0,359700.0
1843,2021-10-13 02:31:36,23150.0,700.0,359400.0
1844,2021-10-13 02:31:36,23150.0,200.0,358700.0
1845,2021-10-13 02:31:36,23150.0,900.0,358500.0
1846,2021-10-13 02:31:30,23100.0,500.0,357600.0
1847,2021-10-13 02:31:05,23100.0,200.0,357100.0
1848,2021-10-13 02:31:04,23100.0,200.0,356900.0
1849,2021-10-13 02:31:02,23150.0,100.0,356700.0
1850,2021-10-13 02:31:02,23150.0,200.0,356600.0
1851,2021-10-13 02:30:52,23100.0,5000.0,356400.0
1852,2021-10-13 02:30:52,23100.0,600.0,351400.0
1853,2021-10-13 02:30:52,23100.0,200.0,350800.0
1854,2021-10-13 02:30:52,23100.0,300.0,350600.0
1855,2021-10-13 02:30:49,23100.0,200.0,350300.0
1856,2021-10-13 02:30:49,23100.0,800.0,350100.0
1857,2021-10-13 02:30:48,23100.0,200.0,349300.0
1858,2021-10-13 02:30:48,23100.0,200.0,349100.0
1859,2021-10-13 02:30:48,23100.0,200.0,348900.0
1860,2021-10-13 02:30:48,23100.0,1200.0,348700.0
1861,2021-10-13 02:30:48,23100.0,4600.0,347500.0
1862,2021-10-13 02:30:23,23100.0,200.0,342900.0
1863,2021-10-13 02:30:07,23050.0,1000.0,342700.0
1864,2021-10-13 02:29:45,23050.0,2500.0,341700.0
1865,2021-10-13 02:29:45,23050.0,600.0,339200.0
1866,2021-10-13 02:29:45,23050.0,100.0,338600.0
1867,2021-10-13 02:29:40,23050.0,500.0,338500.0
1868,2021-10-13 02:28:54,23050.0,100.0,338000.0
1869,2021-10-13 02:28:54,23050.0,3100.0,337900.0
1870,2021-10-13 02:28:54,23050.0,1200.0,334800.0
1871,2021-10-13 02:28:50,23100.0,200.0,333600.0
1872,2021-10-13 02:28:50,23100.0,1000.0,333400.0
1873,2021-10-13 02:28:50,23100.0,200.0,332400.0
1874,2021-10-13 02:28:50,23050.0,600.0,332200.0
1875,2021-10-13 02:28:44,23050.0,400.0,331600.0
1876,2021-10-13 02:28:44,23050.0,100.0,331200.0
1877,2021-10-13 02:28:43,23000.0,200.0,331100.0
1878,2021-10-13 02:28:38,23050.0,100.0,330900.0
1879,2021-10-13 02:28:28,23000.0,1700.0,330800.0
1880,2021-10-13 02:28:28,23000.0,500.0,329100.0
1881,2021-10-13 02:28:28,23000.0,200.0,328600.0
1882,2021-10-13 02:28:28,23000.0,1600.0,328400.0
1883,2021-10-13 02:28:25,23050.0,300.0,326800.0
1884,2021-10-13 02:28:25,23050.0,3400.0,326500.0
1885,2021-10-13 02:28:25,23050.0,700.0,323100.0
1886,2021-10-13 02:28:25,23050.0,500.0,322400.0
1887,2021-10-13 02:28:25,23050.0,100.0,321900.0
1888,2021-10-13 02:28:18,23000.0,300.0,321800.0
1889,2021-10-13 02:27:57,23000.0,5000.0,321500.0
1890,2021-10-13 02:27:55,23050.0,200.0,316500.0
1891,2021-10-13 02:27:55,23050.0,1800.0,316300.0
1892,2021-10-13 02:27:51,23000.0,100.0,314500.0
1893,2021-10-13 02:27:31,23000.0,1000.0,314400.0
1894,2021-10-13 02:27:29,23000.0,1500.0,313400.0
1895,2021-10-13 02:27:19,23000.0,300.0,311900.0
1896,2021-10-13 02:27:09,23000.0,200.0,311600.0
1897,2021-10-13 02:27:09,23000.0,100.0,311400.0
1898,2021-10-13 02:26:33,23000.0,2800.0,311300.0
1899,2021-10-13 02:26:28,23050.0,100.0,308500.0
1900,2021-10-13 02:26:23,23050.0,1000.0,308400.0
1901,2021-10-13 02:26:14,23050.0,300.0,307400.0
1902,2021-10-13 02:26:08,23050.0,1000.0,307100.0
1903,2021-10-13 02:26:02,23050.0,500.0,306100.0
1904,2021-10-13 02:26:01,23050.0,2000.0,305600.0
1905,2021-10-13 02:25:57,23050.0,200.0,303600.0
1906,2021-10-13 02:25:55,23050.0,600.0,303400.0
1907,2021-10-13 02:25:52,23050.0,200.0,302800.0
1908,2021-10-13 02:25:51,23050.0,200.0,302600.0
1909,2021-10-13 02:25:51,23050.0,100.0,302400.0
1910,2021-10-13 02:25:51,23050.0,200.0,302300.0
1911,2021-10-13 02:25:51,23050.0,400.0,302100.0
1912,2021-10-13 02:25:51,23050.0,100.0,301700.0
1913,2021-10-13 02:25:51,23050.0,200.0,301600.0
1914,2021-10-13 02:25:37,23050.0,800.0,301400.0
1915,2021-10-13 02:25:37,23050.0,3000.0,300600.0
1916,2021-10-13 02:25:37,23050.0,800.0,297600.0
1917,2021-10-13 02:25:31,23050.0,1300.0,296800.0
1918,2021-10-13 02:25:31,23100.0,500.0,295500.0
1919,2021-10-13 02:25:30,23050.0,100.0,295000.0
1920,2021-10-13 02:25:25,23050.0,100.0,294900.0
1921,2021-10-13 02:24:52,23050.0,2000.0,294800.0
1922,2021-10-13 02:24:51,23200.0,5000.0,292800.0
1923,2021-10-13 02:24:51,23200.0,13500.0,287800.0
1924,2021-10-13 02:24:51,23200.0,1500.0,274300.0
1925,2021-10-13 02:24:51,23200.0,1000.0,272800.0
1926,2021-10-13 02:24:51,23200.0,2000.0,271800.0
1927,2021-10-13 02:24:51,23200.0,500.0,269800.0
1928,2021-10-13 02:24:51,23200.0,3000.0,269300.0
1929,2021-10-13 02:24:51,23200.0,1000.0,266300.0
1930,2021-10-13 02:24:51,23200.0,2500.0,265300.0
1931,2021-10-13 02:24:48,23200.0,1500.0,262800.0
1932,2021-10-13 02:24:48,23200.0,100.0,261300.0
1933,2021-10-13 02:24:48,23150.0,200.0,261200.0
1934,2021-10-13 02:24:48,23150.0,200.0,261000.0
1935,2021-10-13 02:24:48,23100.0,1000.0,260800.0
1936,2021-10-13 02:24:45,23050.0,2700.0,259800.0
1937,2021-10-13 02:24:45,23050.0,500.0,257100.0
1938,2021-10-13 02:24:45,23050.0,100.0,256600.0
1939,2021-10-13 02:24:45,23050.0,1000.0,256500.0
1940,2021-10-13 02:24:45,23100.0,100.0,255500.0
1941,2021-10-13 02:24:45,23100.0,600.0,255400.0
1942,2021-10-13 02:24:43,23150.0,100.0,254800.0
1943,2021-10-13 02:24:43,23150.0,200.0,254700.0
1944,2021-10-13 02:24:43,23150.0,200.0,254500.0
1945,2021-10-13 02:24:43,23100.0,500.0,254300.0
1946,2021-10-13 02:24:43,23100.0,2200.0,253800.0
1947,2021-10-13 02:24:42,23100.0,100.0,251600.0
1948,2021-10-13 02:24:42,23100.0,100.0,251500.0
1949,2021-10-13 02:24:42,23100.0,100.0,251400.0
1950,2021-10-13 02:24:39,23100.0,100.0,251300.0
1951,2021-10-13 02:24:30,23100.0,100.0,251200.0
1952,2021-10-13 02:24:24,23200.0,200.0,251100.0
1953,2021-10-13 02:24:19,23100.0,100.0,250900.0
1954,2021-10-13 02:24:13,23150.0,1000.0,250800.0
1955,2021-10-13 02:24:09,23100.0,800.0,249800.0
1956,2021-10-13 02:24:09,23100.0,1000.0,249000.0
1957,2021-10-13 02:24:09,23100.0,1000.0,248000.0
1958,2021-10-13 02:24:09,23100.0,400.0,247000.0
1959,2021-10-13 02:24:09,23100.0,300.0,246600.0
1960,2021-10-13 02:24:09,23100.0,1500.0,246300.0
1961,2021-10-13 02:23:52,23200.0,100.0,244800.0
1962,2021-10-13 02:23:52,23150.0,500.0,244700.0
1963,2021-10-13 02:23:51,23150.0,500.0,244200.0
1964,2021-10-13 02:23:51,23150.0,1000.0,243700.0
1965,2021-10-13 02:23:51,23200.0,1000.0,242700.0
1966,2021-10-13 02:23:35,23200.0,100.0,241700.0
1967,2021-10-13 02:23:35,23200.0,100.0,241600.0
1968,2021-10-13 02:23:31,23200.0,1000.0,241500.0
1969,2021-10-13 02:23:31,23200.0,100.0,240500.0
1970,2021-10-13 02:23:31,23200.0,2000.0,240400.0
1971,2021-10-13 02:23:31,23200.0,300.0,238400.0
1972,2021-10-13 02:23:26,23200.0,200.0,238100.0
1973,2021-10-13 02:23:26,23200.0,200.0,237900.0
1974,2021-10-13 02:23:26,23200.0,1600.0,237700.0
1975,2021-10-13 02:23:25,23250.0,400.0,236100.0
1976,2021-10-13 02:23:25,23250.0,100.0,235700.0
1977,2021-10-13 02:23:25,23250.0,100.0,235600.0
1978,2021-10-13 02:23:25,23250.0,400.0,235500.0
1979,2021-10-13 02:23:25,23250.0,2400.0,235100.0
1980,2021-10-13 02:23:25,23200.0,500.0,232700.0
1981,2021-10-13 02:23:13,23250.0,1500.0,232200.0
1982,2021-10-13 02:23:08,23250.0,100.0,230700.0
1983,2021-10-13 02:23:04,23200.0,100.0,230600.0
1984,2021-10-13 02:23:01,23200.0,800.0,230500.0
1985,2021-10-13 02:23:01,23200.0,200.0,229700.0
1986,2021-10-13 02:22:58,23200.0,500.0,229500.0
1987,2021-10-13 02:22:55,23200.0,300.0,229000.0
1988,2021-10-13 02:22:55,23200.0,100.0,228700.0
1989,2021-10-13 02:22:55,23200.0,600.0,228600.0
1990,2021-10-13 02:22:55,23200.0,400.0,228000.0
1991,2021-10-13 02:22:55,23200.0,600.0,227600.0
1992,2021-10-13 02:22:54,23200.0,400.0,227000.0
1993,2021-10-13 02:22:54,23200.0,100.0,226600.0
1994,2021-10-13 02:22:48,23200.0,100.0,226500.0
1995,2021-10-13 02:22:46,23200.0,300.0,226400.0
1996,2021-10-13 02:22:46,23200.0,100.0,226100.0
1997,2021-10-13 02:22:46,23200.0,300.0,226000.0
1998,2021-10-13 02:22:46,23200.0,100.0,225700.0
1999,2021-10-13 02:22:41,23200.0,100.0,225600.0
2000,2021-10-13 02:22:41,23200.0,100.0,225500.0
2001,2021-10-13 02:22:41,23200.0,300.0,225400.0
2002,2021-10-13 02:22:41,23200.0,1500.0,225100.0
2003,2021-10-13 02:22:25,23200.0,700.0,223600.0
2004,2021-10-13 02:22:21,23250.0,1000.0,222900.0
2005,2021-10-13 02:22:10,23200.0,100.0,221900.0
2006,2021-10-13 02:22:03,23200.0,700.0,221800.0
2007,2021-10-13 02:22:02,23200.0,1000.0,221100.0
2008,2021-10-13 02:22:02,23200.0,300.0,220100.0
2009,2021-10-13 02:22:02,23200.0,700.0,219800.0
2010,2021-10-13 02:22:00,23200.0,300.0,219100.0
2011,2021-10-13 02:22:00,23200.0,700.0,218800.0
2012,2021-10-13 02:21:46,23200.0,1000.0,218100.0
2013,2021-10-13 02:21:45,23200.0,300.0,217100.0
2014,2021-10-13 02:21:45,23200.0,200.0,216800.0
2015,2021-10-13 02:21:45,23200.0,200.0,216600.0
2016,2021-10-13 02:21:45,23200.0,200.0,216400.0
2017,2021-10-13 02:21:45,23200.0,100.0,216200.0
2018,2021-10-13 02:21:45,23150.0,500.0,216100.0
2019,2021-10-13 02:21:43,23200.0,200.0,215600.0
2020,2021-10-13 02:21:43,23200.0,2000.0,215400.0
2021,2021-10-13 02:21:43,23200.0,500.0,213400.0
2022,2021-10-13 02:21:43,23200.0,200.0,212900.0
2023,2021-10-13 02:21:43,23200.0,5000.0,212700.0
2024,2021-10-13 02:21:43,23150.0,100.0,207700.0
2025,2021-10-13 02:21:43,23150.0,1000.0,207600.0
2026,2021-10-13 02:21:42,23150.0,700.0,206600.0
2027,2021-10-13 02:21:41,23150.0,100.0,205900.0
2028,2021-10-13 02:21:41,23150.0,200.0,205800.0
2029,2021-10-13 02:21:40,23150.0,1000.0,205600.0
2030,2021-10-13 02:21:39,23150.0,300.0,204600.0
2031,2021-10-13 02:21:39,23150.0,700.0,204300.0
2032,2021-10-13 02:21:38,23150.0,500.0,203600.0
2033,2021-10-13 02:21:36,23150.0,1000.0,203100.0
2034,2021-10-13 02:21:35,23150.0,1000.0,202100.0
2035,2021-10-13 02:21:34,23150.0,700.0,201100.0
2036,2021-10-13 02:21:32,23150.0,800.0,200400.0
2037,2021-10-13 02:21:32,23150.0,200.0,199600.0
2038,2021-10-13 02:21:25,23150.0,100.0,199400.0
2039,2021-10-13 02:21:25,23150.0,1800.0,199300.0
2040,2021-10-13 02:21:25,23150.0,400.0,197500.0
2041,2021-10-13 02:21:23,23150.0,200.0,197100.0
2042,2021-10-13 02:21:23,23150.0,2500.0,196900.0
2043,2021-10-13 02:21:19,23150.0,100.0,194400.0
2044,2021-10-13 02:21:16,23100.0,10000.0,194300.0
2045,2021-10-13 02:21:16,23100.0,200.0,184300.0
2046,2021-10-13 02:21:05,23100.0,200.0,184100.0
2047,2021-10-13 02:21:04,23100.0,100.0,183900.0
2048,2021-10-13 02:21:04,23100.0,3900.0,183800.0
2049,2021-10-13 02:21:04,23100.0,100.0,179900.0
2050,2021-10-13 02:21:04,23100.0,1000.0,179800.0
2051,2021-10-13 02:21:04,23100.0,5000.0,178800.0
2052,2021-10-13 02:21:04,23050.0,2000.0,173800.0
2053,2021-10-13 02:20:50,23050.0,200.0,171800.0
2054,2021-10-13 02:20:50,23050.0,800.0,171600.0
2055,2021-10-13 02:20:44,23050.0,5000.0,170800.0
2056,2021-10-13 02:20:42,23000.0,300.0,165800.0
2057,2021-10-13 02:20:28,23000.0,500.0,165500.0
2058,2021-10-13 02:20:28,23000.0,1000.0,165000.0
2059,2021-10-13 02:20:28,23000.0,100.0,164000.0
2060,2021-10-13 02:20:28,23000.0,200.0,163900.0
2061,2021-10-13 02:20:28,23000.0,300.0,163700.0
2062,2021-10-13 02:20:26,23000.0,2000.0,163400.0
2063,2021-10-13 02:20:26,23000.0,500.0,161400.0
2064,2021-10-13 02:20:26,23000.0,400.0,160900.0
2065,2021-10-13 02:20:26,23000.0,1100.0,160500.0
2066,2021-10-13 02:20:26,23000.0,400.0,159400.0
2067,2021-10-13 02:20:25,23000.0,100.0,159000.0
2068,2021-10-13 02:20:21,23000.0,10000.0,158900.0
2069,2021-10-13 02:20:21,23000.0,1300.0,148900.0
