,Time,Price,Volume_per_trade,Volume
0,2021-10-20 07:45:01,40300.0,100.0,13477800.0
1,2021-10-20 07:45:01,40300.0,200.0,13477700.0
2,2021-10-20 07:45:01,40300.0,200.0,13477500.0
3,2021-10-20 07:45:01,40300.0,300.0,13477300.0
4,2021-10-20 07:45:01,40300.0,100.0,13477000.0
5,2021-10-20 07:45:01,40300.0,100.0,13476900.0
6,2021-10-20 07:45:01,40300.0,100.0,13476800.0
7,2021-10-20 07:45:01,40300.0,2000.0,13476700.0
8,2021-10-20 07:45:01,40300.0,1000.0,13474700.0
9,2021-10-20 07:45:01,40300.0,400.0,13473700.0
10,2021-10-20 07:45:01,40300.0,1500.0,13473300.0
11,2021-10-20 07:45:01,40300.0,2300.0,13471800.0
12,2021-10-20 07:45:01,40300.0,4300.0,13469500.0
13,2021-10-20 07:45:01,40300.0,200.0,13465200.0
14,2021-10-20 07:45:01,40300.0,300.0,13465000.0
15,2021-10-20 07:45:01,40300.0,1200.0,13464700.0
16,2021-10-20 07:45:01,40300.0,500.0,13463500.0
17,2021-10-20 07:45:01,40300.0,500.0,13463000.0
18,2021-10-20 07:45:01,40300.0,100.0,13462500.0
19,2021-10-20 07:45:01,40300.0,600.0,13462400.0
20,2021-10-20 07:45:01,40300.0,400.0,13461800.0
21,2021-10-20 07:45:01,40300.0,200.0,13461400.0
22,2021-10-20 07:45:01,40300.0,300.0,13461200.0
23,2021-10-20 07:45:01,40300.0,100.0,13460900.0
24,2021-10-20 07:45:01,40300.0,600.0,13460800.0
25,2021-10-20 07:45:01,40300.0,4000.0,13460200.0
26,2021-10-20 07:45:01,40300.0,100.0,13456200.0
27,2021-10-20 07:45:01,40300.0,200.0,13456100.0
28,2021-10-20 07:45:01,40300.0,100.0,13455900.0
29,2021-10-20 07:45:01,40300.0,200.0,13455800.0
30,2021-10-20 07:45:01,40300.0,200.0,13455600.0
31,2021-10-20 07:45:01,40300.0,200.0,13455400.0
32,2021-10-20 07:45:01,40300.0,1200.0,13455200.0
33,2021-10-20 07:45:01,40300.0,5000.0,13454000.0
34,2021-10-20 07:45:01,40300.0,300.0,13449000.0
35,2021-10-20 07:45:01,40300.0,2000.0,13448700.0
36,2021-10-20 07:45:01,40300.0,200.0,13446700.0
37,2021-10-20 07:45:01,40300.0,600.0,13446500.0
38,2021-10-20 07:45:01,40300.0,100.0,13445900.0
39,2021-10-20 07:45:01,40300.0,100.0,13445800.0
40,2021-10-20 07:45:01,40300.0,100.0,13445700.0
41,2021-10-20 07:45:01,40300.0,400.0,13445600.0
42,2021-10-20 07:45:01,40300.0,100.0,13445200.0
43,2021-10-20 07:45:01,40300.0,100.0,13445100.0
44,2021-10-20 07:45:01,40300.0,900.0,13445000.0
45,2021-10-20 07:45:01,40300.0,1000.0,13444100.0
46,2021-10-20 07:45:01,40300.0,5000.0,13443100.0
47,2021-10-20 07:45:01,40300.0,600.0,13438100.0
48,2021-10-20 07:45:01,40300.0,1000.0,13437500.0
49,2021-10-20 07:45:01,40300.0,100.0,13436500.0
50,2021-10-20 07:45:01,40300.0,100.0,13436400.0
51,2021-10-20 07:45:01,40300.0,500.0,13436300.0
52,2021-10-20 07:45:01,40300.0,100.0,13435800.0
53,2021-10-20 07:45:01,40300.0,100.0,13435700.0
54,2021-10-20 07:45:01,40300.0,200.0,13435600.0
55,2021-10-20 07:45:01,40300.0,200.0,13435400.0
56,2021-10-20 07:45:01,40300.0,200.0,13435200.0
57,2021-10-20 07:45:01,40300.0,300.0,13435000.0
58,2021-10-20 07:45:01,40300.0,100.0,13434700.0
59,2021-10-20 07:45:01,40300.0,100.0,13434600.0
60,2021-10-20 07:45:01,40300.0,300.0,13434500.0
61,2021-10-20 07:45:01,40300.0,200.0,13434200.0
62,2021-10-20 07:45:01,40300.0,200.0,13434000.0
63,2021-10-20 07:45:01,40300.0,300.0,13433800.0
64,2021-10-20 07:45:01,40300.0,100.0,13433500.0
65,2021-10-20 07:45:01,40300.0,200.0,13433400.0
66,2021-10-20 07:45:01,40300.0,400.0,13433200.0
67,2021-10-20 07:45:01,40300.0,200.0,13432800.0
68,2021-10-20 07:45:01,40300.0,100.0,13432600.0
69,2021-10-20 07:45:01,40300.0,200.0,13432500.0
70,2021-10-20 07:45:01,40300.0,200.0,13432300.0
71,2021-10-20 07:45:01,40300.0,200.0,13432100.0
72,2021-10-20 07:45:01,40300.0,200.0,13431900.0
73,2021-10-20 07:45:01,40300.0,100.0,13431700.0
74,2021-10-20 07:45:01,40300.0,100.0,13431600.0
75,2021-10-20 07:45:01,40300.0,100.0,13431500.0
76,2021-10-20 07:45:01,40300.0,100.0,13431400.0
77,2021-10-20 07:45:01,40300.0,100.0,13431300.0
78,2021-10-20 07:45:01,40300.0,500.0,13431200.0
79,2021-10-20 07:45:01,40300.0,900.0,13430700.0
80,2021-10-20 07:45:01,40300.0,500.0,13429800.0
81,2021-10-20 07:45:01,40300.0,500.0,13429300.0
82,2021-10-20 07:45:01,40300.0,600.0,13428800.0
83,2021-10-20 07:45:01,40300.0,1400.0,13428200.0
84,2021-10-20 07:45:01,40300.0,100.0,13426800.0
85,2021-10-20 07:45:01,40300.0,200.0,13426700.0
86,2021-10-20 07:45:01,40300.0,5000.0,13426500.0
87,2021-10-20 07:45:01,40300.0,100.0,13421500.0
88,2021-10-20 07:45:01,40300.0,500.0,13421400.0
89,2021-10-20 07:45:01,40300.0,200.0,13420900.0
90,2021-10-20 07:45:01,40300.0,100.0,13420700.0
91,2021-10-20 07:45:01,40300.0,100.0,13420600.0
92,2021-10-20 07:45:01,40300.0,100.0,13420500.0
93,2021-10-20 07:45:01,40300.0,3000.0,13420400.0
94,2021-10-20 07:45:01,40300.0,200.0,13417400.0
95,2021-10-20 07:45:01,40300.0,200.0,13417200.0
96,2021-10-20 07:45:01,40300.0,200.0,13417000.0
97,2021-10-20 07:45:01,40300.0,2000.0,13416800.0
98,2021-10-20 07:45:01,40300.0,700.0,13414800.0
99,2021-10-20 07:45:00,40300.0,1800.0,13414100.0
100,2021-10-20 07:45:00,40300.0,500.0,13412300.0
101,2021-10-20 07:45:00,40300.0,3000.0,13411800.0
102,2021-10-20 07:45:00,40300.0,200.0,13408800.0
103,2021-10-20 07:45:00,40300.0,3500.0,13408600.0
104,2021-10-20 07:45:00,40300.0,400.0,13405100.0
105,2021-10-20 07:45:00,40300.0,2000.0,13404700.0
106,2021-10-20 07:45:00,40300.0,2000.0,13402700.0
107,2021-10-20 07:45:00,40300.0,100.0,13400700.0
108,2021-10-20 07:45:00,40300.0,4000.0,13400600.0
109,2021-10-20 07:45:00,40300.0,1900.0,13396600.0
110,2021-10-20 07:45:00,40300.0,10000.0,13394700.0
111,2021-10-20 07:45:00,40300.0,200.0,13384700.0
112,2021-10-20 07:45:00,40300.0,400.0,13384500.0
113,2021-10-20 07:45:00,40300.0,1000.0,13384100.0
114,2021-10-20 07:45:00,40300.0,1000.0,13383100.0
115,2021-10-20 07:45:00,40300.0,200.0,13382100.0
116,2021-10-20 07:45:00,40300.0,100.0,13381900.0
117,2021-10-20 07:45:00,40300.0,200.0,13381800.0
118,2021-10-20 07:45:00,40300.0,400.0,13381600.0
119,2021-10-20 07:45:00,40300.0,100.0,13381200.0
120,2021-10-20 07:45:00,40300.0,500.0,13381100.0
121,2021-10-20 07:45:00,40300.0,500.0,13380600.0
122,2021-10-20 07:45:00,40300.0,300.0,13380100.0
123,2021-10-20 07:45:00,40300.0,100.0,13379800.0
124,2021-10-20 07:45:00,40300.0,200.0,13379700.0
125,2021-10-20 07:45:00,40300.0,100.0,13379500.0
126,2021-10-20 07:45:00,40300.0,200.0,13379400.0
127,2021-10-20 07:45:00,40300.0,300.0,13379200.0
128,2021-10-20 07:45:00,40300.0,400.0,13378900.0
129,2021-10-20 07:45:00,40300.0,1000.0,13378500.0
130,2021-10-20 07:45:00,40300.0,11000.0,13377500.0
131,2021-10-20 07:45:00,40300.0,2400.0,13366500.0
132,2021-10-20 07:45:00,40300.0,100.0,13364100.0
133,2021-10-20 07:45:00,40300.0,500.0,13364000.0
134,2021-10-20 07:45:00,40300.0,1600.0,13363500.0
135,2021-10-20 07:45:00,40300.0,800.0,13361900.0
136,2021-10-20 07:45:00,40300.0,1000.0,13361100.0
137,2021-10-20 07:45:00,40300.0,1300.0,13360100.0
138,2021-10-20 07:45:00,40300.0,1000.0,13358800.0
139,2021-10-20 07:45:00,40300.0,300.0,13357800.0
140,2021-10-20 07:45:00,40300.0,1100.0,13357500.0
141,2021-10-20 07:45:00,40300.0,8500.0,13356400.0
142,2021-10-20 07:45:00,40300.0,1500.0,13347900.0
143,2021-10-20 07:45:00,40300.0,2000.0,13346400.0
144,2021-10-20 07:45:00,40300.0,200.0,13344400.0
145,2021-10-20 07:45:00,40300.0,1300.0,13344200.0
146,2021-10-20 07:45:00,40300.0,200.0,13342900.0
147,2021-10-20 07:45:00,40300.0,3500.0,13342700.0
148,2021-10-20 07:45:00,40300.0,100.0,13339200.0
149,2021-10-20 07:45:00,40300.0,5800.0,13339100.0
150,2021-10-20 07:45:00,40300.0,400.0,13333300.0
151,2021-10-20 07:45:00,40300.0,2100.0,13332900.0
152,2021-10-20 07:45:00,40300.0,900.0,13330800.0
153,2021-10-20 07:45:00,40300.0,100.0,13329900.0
154,2021-10-20 07:45:00,40300.0,1000.0,13329800.0
155,2021-10-20 07:45:00,40300.0,300.0,13328800.0
156,2021-10-20 07:45:00,40300.0,200.0,13328500.0
157,2021-10-20 07:45:00,40300.0,400.0,13328300.0
158,2021-10-20 07:45:00,40300.0,3100.0,13327900.0
159,2021-10-20 07:45:00,40300.0,200.0,13324800.0
160,2021-10-20 07:45:00,40300.0,1500.0,13324600.0
161,2021-10-20 07:45:00,40300.0,1000.0,13323100.0
162,2021-10-20 07:45:00,40300.0,5000.0,13322100.0
163,2021-10-20 07:45:00,40300.0,1000.0,13317100.0
164,2021-10-20 07:45:00,40300.0,20000.0,13316100.0
165,2021-10-20 07:45:00,40300.0,300.0,13296100.0
166,2021-10-20 07:45:00,40300.0,31700.0,13295800.0
167,2021-10-20 07:45:00,40300.0,100.0,13264100.0
168,2021-10-20 07:45:00,40300.0,4000.0,13264000.0
169,2021-10-20 07:45:00,40300.0,400.0,13260000.0
170,2021-10-20 07:45:00,40300.0,500.0,13259600.0
171,2021-10-20 07:45:00,40300.0,500.0,13259100.0
172,2021-10-20 07:45:00,40300.0,1400.0,13258600.0
173,2021-10-20 07:45:00,40300.0,200.0,13257200.0
174,2021-10-20 07:45:00,40300.0,100.0,13257000.0
175,2021-10-20 07:45:00,40300.0,100.0,13256900.0
176,2021-10-20 07:45:00,40300.0,100.0,13256800.0
177,2021-10-20 07:45:00,40300.0,200.0,13256700.0
178,2021-10-20 07:45:00,40300.0,100.0,13256500.0
179,2021-10-20 07:45:00,40300.0,400.0,13256400.0
180,2021-10-20 07:45:00,40300.0,100.0,13256000.0
181,2021-10-20 07:45:00,40300.0,100.0,13255900.0
182,2021-10-20 07:45:00,40300.0,100.0,13255800.0
183,2021-10-20 07:45:00,40300.0,300.0,13255700.0
184,2021-10-20 07:45:00,40300.0,1200.0,13255400.0
185,2021-10-20 07:45:00,40300.0,100.0,13254200.0
186,2021-10-20 07:29:55,40400.0,4600.0,13254100.0
187,2021-10-20 07:29:55,40450.0,100.0,13249500.0
188,2021-10-20 07:29:53,40450.0,300.0,13249400.0
189,2021-10-20 07:29:53,40400.0,100.0,13249100.0
190,2021-10-20 07:29:53,40450.0,100.0,13249000.0
191,2021-10-20 07:29:48,40350.0,800.0,13248900.0
192,2021-10-20 07:29:47,40350.0,1000.0,13248100.0
193,2021-10-20 07:29:46,40450.0,100.0,13247100.0
194,2021-10-20 07:29:46,40450.0,2500.0,13247000.0
195,2021-10-20 07:29:46,40450.0,1000.0,13244500.0
196,2021-10-20 07:29:46,40400.0,2500.0,13243500.0
197,2021-10-20 07:29:46,40400.0,500.0,13241000.0
198,2021-10-20 07:29:46,40400.0,100.0,13240500.0
199,2021-10-20 07:29:46,40400.0,200.0,13240400.0
200,2021-10-20 07:29:46,40400.0,2000.0,13240200.0
201,2021-10-20 07:29:46,40400.0,3000.0,13238200.0
202,2021-10-20 07:29:46,40400.0,3500.0,13235200.0
203,2021-10-20 07:29:46,40400.0,200.0,13231700.0
204,2021-10-20 07:29:46,40400.0,300.0,13231500.0
205,2021-10-20 07:29:46,40400.0,300.0,13231200.0
206,2021-10-20 07:29:46,40400.0,500.0,13230900.0
207,2021-10-20 07:29:46,40400.0,500.0,13230400.0
208,2021-10-20 07:29:46,40400.0,100.0,13229900.0
209,2021-10-20 07:29:46,40400.0,25200.0,13229800.0
210,2021-10-20 07:29:39,40350.0,1800.0,13204600.0
211,2021-10-20 07:29:39,40350.0,700.0,13202800.0
212,2021-10-20 07:29:37,40350.0,100.0,13202100.0
213,2021-10-20 07:29:37,40350.0,200.0,13202000.0
214,2021-10-20 07:29:36,40350.0,800.0,13201800.0
215,2021-10-20 07:29:36,40350.0,300.0,13201000.0
216,2021-10-20 07:29:34,40350.0,200.0,13200700.0
217,2021-10-20 07:29:34,40350.0,200.0,13200500.0
218,2021-10-20 07:29:34,40350.0,100.0,13200300.0
219,2021-10-20 07:29:34,40350.0,300.0,13200200.0
220,2021-10-20 07:29:34,40350.0,200.0,13199900.0
221,2021-10-20 07:29:31,40300.0,600.0,13199700.0
222,2021-10-20 07:29:21,40300.0,100.0,13199100.0
223,2021-10-20 07:29:21,40300.0,100.0,13199000.0
224,2021-10-20 07:29:21,40300.0,500.0,13198900.0
225,2021-10-20 07:29:18,40350.0,1000.0,13198400.0
226,2021-10-20 07:29:17,40350.0,600.0,13197400.0
227,2021-10-20 07:29:13,40350.0,100.0,13196800.0
228,2021-10-20 07:29:13,40350.0,100.0,13196700.0
229,2021-10-20 07:29:13,40350.0,1000.0,13196600.0
230,2021-10-20 07:29:11,40300.0,100.0,13195600.0
231,2021-10-20 07:29:09,40300.0,500.0,13195500.0
232,2021-10-20 07:29:06,40300.0,1200.0,13195000.0
233,2021-10-20 07:29:06,40300.0,1000.0,13193800.0
234,2021-10-20 07:29:03,40300.0,500.0,13192800.0
235,2021-10-20 07:29:02,40300.0,100.0,13192300.0
236,2021-10-20 07:29:02,40300.0,1000.0,13192200.0
237,2021-10-20 07:29:02,40300.0,300.0,13191200.0
238,2021-10-20 07:28:58,40300.0,100.0,13190900.0
239,2021-10-20 07:28:58,40250.0,200.0,13190800.0
240,2021-10-20 07:28:58,40300.0,100.0,13190600.0
241,2021-10-20 07:28:58,40300.0,200.0,13190500.0
242,2021-10-20 07:28:57,40300.0,300.0,13190300.0
243,2021-10-20 07:28:57,40300.0,500.0,13190000.0
244,2021-10-20 07:28:57,40300.0,500.0,13189500.0
245,2021-10-20 07:28:57,40300.0,1000.0,13189000.0
246,2021-10-20 07:28:53,40300.0,500.0,13188000.0
247,2021-10-20 07:28:53,40300.0,100.0,13187500.0
248,2021-10-20 07:28:53,40300.0,2400.0,13187400.0
249,2021-10-20 07:28:49,40300.0,1600.0,13185000.0
250,2021-10-20 07:28:48,40300.0,600.0,13183400.0
251,2021-10-20 07:28:46,40300.0,400.0,13182800.0
252,2021-10-20 07:28:46,40300.0,1000.0,13182400.0
253,2021-10-20 07:28:46,40300.0,500.0,13181400.0
254,2021-10-20 07:28:43,40300.0,100.0,13180900.0
255,2021-10-20 07:28:35,40300.0,100.0,13180800.0
256,2021-10-20 07:28:34,40300.0,100.0,13180700.0
257,2021-10-20 07:28:32,40300.0,100.0,13180600.0
258,2021-10-20 07:28:32,40300.0,100.0,13180500.0
259,2021-10-20 07:28:32,40300.0,100.0,13180400.0
260,2021-10-20 07:28:32,40300.0,200.0,13180300.0
261,2021-10-20 07:28:25,40300.0,1700.0,13180100.0
262,2021-10-20 07:28:25,40300.0,100.0,13178400.0
263,2021-10-20 07:28:25,40300.0,100.0,13178300.0
264,2021-10-20 07:28:25,40300.0,400.0,13178200.0
265,2021-10-20 07:28:25,40250.0,100.0,13177800.0
266,2021-10-20 07:28:25,40250.0,100.0,13177700.0
267,2021-10-20 07:28:22,40300.0,1000.0,13177600.0
268,2021-10-20 07:28:21,40300.0,600.0,13176600.0
269,2021-10-20 07:28:21,40300.0,400.0,13176000.0
270,2021-10-20 07:28:20,40300.0,300.0,13175600.0
271,2021-10-20 07:28:20,40250.0,400.0,13175300.0
272,2021-10-20 07:28:20,40250.0,400.0,13174900.0
273,2021-10-20 07:28:20,40250.0,1000.0,13174500.0
274,2021-10-20 07:28:20,40250.0,200.0,13173500.0
275,2021-10-20 07:28:17,40300.0,1000.0,13173300.0
276,2021-10-20 07:28:08,40300.0,700.0,13172300.0
277,2021-10-20 07:28:08,40300.0,300.0,13171600.0
278,2021-10-20 07:28:08,40300.0,1700.0,13171300.0
279,2021-10-20 07:28:07,40250.0,2000.0,13169600.0
280,2021-10-20 07:28:01,40250.0,2100.0,13167600.0
281,2021-10-20 07:28:00,40250.0,300.0,13165500.0
282,2021-10-20 07:28:00,40250.0,200.0,13165200.0
283,2021-10-20 07:28:00,40250.0,900.0,13165000.0
284,2021-10-20 07:27:57,40250.0,2100.0,13164100.0
285,2021-10-20 07:27:53,40250.0,2100.0,13162000.0
286,2021-10-20 07:27:53,40300.0,5000.0,13159900.0
287,2021-10-20 07:27:53,40250.0,500.0,13154900.0
288,2021-10-20 07:27:51,40300.0,100.0,13154400.0
289,2021-10-20 07:27:50,40300.0,500.0,13154300.0
290,2021-10-20 07:27:50,40300.0,1000.0,13153800.0
291,2021-10-20 07:27:49,40250.0,1600.0,13152800.0
292,2021-10-20 07:27:49,40250.0,500.0,13151200.0
293,2021-10-20 07:27:48,40250.0,500.0,13150700.0
294,2021-10-20 07:27:45,40200.0,1100.0,13150200.0
295,2021-10-20 07:27:45,40250.0,1000.0,13149100.0
296,2021-10-20 07:27:44,40300.0,100.0,13148100.0
297,2021-10-20 07:27:42,40300.0,100.0,13148000.0
298,2021-10-20 07:27:41,40300.0,1700.0,13147900.0
299,2021-10-20 07:27:40,40200.0,2100.0,13146200.0
300,2021-10-20 07:27:38,40250.0,500.0,13144100.0
301,2021-10-20 07:27:36,40200.0,2100.0,13143600.0
302,2021-10-20 07:27:32,40200.0,6700.0,13141500.0
303,2021-10-20 07:27:32,40250.0,200.0,13134800.0
304,2021-10-20 07:27:32,40250.0,600.0,13134600.0
305,2021-10-20 07:27:32,40250.0,600.0,13134000.0
306,2021-10-20 07:27:32,40250.0,1900.0,13133400.0
307,2021-10-20 07:27:32,40250.0,2100.0,13131500.0
308,2021-10-20 07:27:29,40300.0,100.0,13129400.0
309,2021-10-20 07:27:28,40200.0,2100.0,13129300.0
310,2021-10-20 07:27:27,40300.0,11800.0,13127200.0
311,2021-10-20 07:27:27,40250.0,100.0,13115400.0
312,2021-10-20 07:27:27,40250.0,100.0,13115300.0
313,2021-10-20 07:27:24,40200.0,2100.0,13115200.0
314,2021-10-20 07:27:21,40200.0,600.0,13113100.0
315,2021-10-20 07:27:20,40250.0,1200.0,13112500.0
316,2021-10-20 07:27:20,40250.0,500.0,13111300.0
317,2021-10-20 07:27:20,40250.0,400.0,13110800.0
318,2021-10-20 07:27:19,40300.0,100.0,13110400.0
319,2021-10-20 07:27:18,40250.0,300.0,13110300.0
320,2021-10-20 07:27:17,40250.0,200.0,13110000.0
321,2021-10-20 07:27:16,40300.0,700.0,13109800.0
322,2021-10-20 07:27:16,40250.0,2100.0,13109100.0
323,2021-10-20 07:27:14,40200.0,200.0,13107000.0
324,2021-10-20 07:27:12,40200.0,200.0,13106800.0
325,2021-10-20 07:27:12,40200.0,2100.0,13106600.0
326,2021-10-20 07:27:10,40200.0,1100.0,13104500.0
327,2021-10-20 07:27:10,40250.0,300.0,13103400.0
328,2021-10-20 07:27:09,40250.0,200.0,13103100.0
329,2021-10-20 07:27:08,40300.0,100.0,13102900.0
330,2021-10-20 07:27:08,40200.0,200.0,13102800.0
331,2021-10-20 07:27:07,40200.0,300.0,13102600.0
332,2021-10-20 07:27:07,40250.0,200.0,13102300.0
333,2021-10-20 07:27:07,40250.0,1600.0,13102100.0
334,2021-10-20 07:27:07,40300.0,1000.0,13100500.0
335,2021-10-20 07:27:04,40250.0,200.0,13099500.0
336,2021-10-20 07:27:03,40250.0,200.0,13099300.0
337,2021-10-20 07:27:03,40250.0,1900.0,13099100.0
338,2021-10-20 07:27:01,40250.0,200.0,13097200.0
339,2021-10-20 07:26:59,40250.0,1100.0,13097000.0
340,2021-10-20 07:26:59,40250.0,200.0,13095900.0
341,2021-10-20 07:26:59,40250.0,500.0,13095700.0
342,2021-10-20 07:26:59,40250.0,100.0,13095200.0
343,2021-10-20 07:26:59,40250.0,200.0,13095100.0
344,2021-10-20 07:26:58,40250.0,200.0,13094900.0
345,2021-10-20 07:26:54,40250.0,300.0,13094700.0
346,2021-10-20 07:26:54,40250.0,500.0,13094400.0
347,2021-10-20 07:26:54,40250.0,300.0,13093900.0
348,2021-10-20 07:26:54,40250.0,500.0,13093600.0
349,2021-10-20 07:26:54,40250.0,500.0,13093100.0
350,2021-10-20 07:26:54,40300.0,2000.0,13092600.0
351,2021-10-20 07:26:52,40300.0,200.0,13090600.0
352,2021-10-20 07:26:52,40300.0,800.0,13090400.0
353,2021-10-20 07:26:52,40300.0,1200.0,13089600.0
354,2021-10-20 07:26:52,40300.0,300.0,13088400.0
355,2021-10-20 07:26:51,40300.0,1000.0,13088100.0
356,2021-10-20 07:26:51,40300.0,200.0,13087100.0
357,2021-10-20 07:26:51,40300.0,1000.0,13086900.0
358,2021-10-20 07:26:51,40300.0,200.0,13085900.0
359,2021-10-20 07:26:51,40300.0,100.0,13085700.0
360,2021-10-20 07:26:51,40300.0,200.0,13085600.0
361,2021-10-20 07:26:51,40300.0,400.0,13085400.0
362,2021-10-20 07:26:50,40350.0,500.0,13085000.0
363,2021-10-20 07:26:49,40300.0,600.0,13084500.0
364,2021-10-20 07:26:49,40300.0,3000.0,13083900.0
365,2021-10-20 07:26:48,40300.0,300.0,13080900.0
366,2021-10-20 07:26:47,40300.0,2100.0,13080600.0
367,2021-10-20 07:26:46,40350.0,1000.0,13078500.0
368,2021-10-20 07:26:45,40300.0,200.0,13077500.0
369,2021-10-20 07:26:43,40300.0,200.0,13077300.0
370,2021-10-20 07:26:42,40300.0,2100.0,13077100.0
371,2021-10-20 07:26:42,40300.0,100.0,13075000.0
372,2021-10-20 07:26:42,40300.0,800.0,13074900.0
373,2021-10-20 07:26:42,40300.0,400.0,13074100.0
374,2021-10-20 07:26:42,40300.0,100.0,13073700.0
375,2021-10-20 07:26:42,40300.0,500.0,13073600.0
376,2021-10-20 07:26:42,40300.0,300.0,13073100.0
377,2021-10-20 07:26:42,40300.0,400.0,13072800.0
378,2021-10-20 07:26:42,40300.0,100.0,13072400.0
379,2021-10-20 07:26:41,40300.0,200.0,13072300.0
380,2021-10-20 07:26:39,40300.0,1400.0,13072100.0
381,2021-10-20 07:26:39,40300.0,600.0,13070700.0
382,2021-10-20 07:26:38,40350.0,200.0,13070100.0
383,2021-10-20 07:26:37,40300.0,200.0,13069900.0
384,2021-10-20 07:26:35,40300.0,200.0,13069700.0
385,2021-10-20 07:26:35,40300.0,1000.0,13069500.0
386,2021-10-20 07:26:35,40300.0,800.0,13068500.0
387,2021-10-20 07:26:34,40300.0,200.0,13067700.0
388,2021-10-20 07:26:31,40300.0,1200.0,13067500.0
389,2021-10-20 07:26:31,40300.0,100.0,13066300.0
390,2021-10-20 07:26:31,40300.0,200.0,13066200.0
391,2021-10-20 07:26:31,40300.0,200.0,13066000.0
392,2021-10-20 07:26:30,40300.0,2000.0,13065800.0
393,2021-10-20 07:26:30,40300.0,200.0,13063800.0
394,2021-10-20 07:26:28,40350.0,300.0,13063600.0
395,2021-10-20 07:26:28,40300.0,500.0,13063300.0
396,2021-10-20 07:26:27,40300.0,200.0,13062800.0
397,2021-10-20 07:26:27,40300.0,200.0,13062600.0
398,2021-10-20 07:26:26,40300.0,2000.0,13062400.0
399,2021-10-20 07:26:25,40300.0,200.0,13060400.0
400,2021-10-20 07:26:24,40300.0,300.0,13060200.0
401,2021-10-20 07:26:23,40300.0,100.0,13059900.0
402,2021-10-20 07:26:23,40300.0,1000.0,13059800.0
403,2021-10-20 07:26:23,40300.0,2200.0,13058800.0
404,2021-10-20 07:26:23,40300.0,200.0,13056600.0
405,2021-10-20 07:26:23,40300.0,600.0,13056400.0
406,2021-10-20 07:26:23,40300.0,200.0,13055800.0
407,2021-10-20 07:26:23,40300.0,100.0,13055600.0
408,2021-10-20 07:26:22,40300.0,300.0,13055500.0
409,2021-10-20 07:26:22,40300.0,500.0,13055200.0
410,2021-10-20 07:26:22,40300.0,100.0,13054700.0
411,2021-10-20 07:26:22,40300.0,1100.0,13054600.0
412,2021-10-20 07:26:21,40300.0,900.0,13053500.0
413,2021-10-20 07:26:21,40300.0,300.0,13052600.0
414,2021-10-20 07:26:21,40300.0,300.0,13052300.0
415,2021-10-20 07:26:18,40300.0,700.0,13052000.0
416,2021-10-20 07:26:18,40300.0,400.0,13051300.0
417,2021-10-20 07:26:18,40300.0,500.0,13050900.0
418,2021-10-20 07:26:18,40300.0,400.0,13050400.0
419,2021-10-20 07:26:18,40300.0,400.0,13050000.0
420,2021-10-20 07:26:17,40300.0,400.0,13049600.0
421,2021-10-20 07:26:16,40300.0,400.0,13049200.0
422,2021-10-20 07:26:13,40300.0,2000.0,13048800.0
423,2021-10-20 07:26:12,40300.0,1400.0,13046800.0
424,2021-10-20 07:26:11,40300.0,200.0,13045400.0
425,2021-10-20 07:26:09,40300.0,2000.0,13045200.0
426,2021-10-20 07:26:09,40300.0,200.0,13043200.0
427,2021-10-20 07:26:07,40300.0,2000.0,13043000.0
428,2021-10-20 07:26:07,40300.0,200.0,13041000.0
429,2021-10-20 07:26:06,40300.0,2000.0,13040800.0
430,2021-10-20 07:26:06,40300.0,3600.0,13038800.0
431,2021-10-20 07:26:04,40300.0,200.0,13035200.0
432,2021-10-20 07:26:02,40300.0,200.0,13035000.0
433,2021-10-20 07:26:01,40300.0,2000.0,13034800.0
434,2021-10-20 07:25:59,40300.0,200.0,13032800.0
435,2021-10-20 07:25:57,40300.0,2000.0,13032600.0
436,2021-10-20 07:25:56,40300.0,200.0,13030600.0
437,2021-10-20 07:25:53,40200.0,2000.0,13030400.0
438,2021-10-20 07:25:52,40200.0,200.0,13028400.0
439,2021-10-20 07:25:50,40200.0,9300.0,13028200.0
440,2021-10-20 07:25:50,40200.0,200.0,13018900.0
441,2021-10-20 07:25:50,40200.0,5000.0,13018700.0
442,2021-10-20 07:25:50,40200.0,500.0,13013700.0
443,2021-10-20 07:25:50,40300.0,3000.0,13013200.0
444,2021-10-20 07:25:49,40200.0,400.0,13010200.0
445,2021-10-20 07:25:49,40200.0,1000.0,13009800.0
446,2021-10-20 07:25:49,40200.0,600.0,13008800.0
447,2021-10-20 07:25:49,40200.0,100.0,13008200.0
448,2021-10-20 07:25:49,40250.0,100.0,13008100.0
449,2021-10-20 07:25:48,40400.0,100.0,13008000.0
450,2021-10-20 07:25:45,40200.0,300.0,13007900.0
451,2021-10-20 07:25:45,40250.0,500.0,13007600.0
452,2021-10-20 07:25:45,40250.0,500.0,13007100.0
453,2021-10-20 07:25:45,40250.0,1500.0,13006600.0
454,2021-10-20 07:25:44,40400.0,300.0,13005100.0
455,2021-10-20 07:25:44,40400.0,200.0,13004800.0
456,2021-10-20 07:25:43,40400.0,1000.0,13004600.0
457,2021-10-20 07:25:41,40400.0,100.0,13003600.0
458,2021-10-20 07:25:41,40250.0,2000.0,13003500.0
459,2021-10-20 07:25:39,40400.0,2000.0,13001500.0
460,2021-10-20 07:25:38,40400.0,500.0,12999500.0
461,2021-10-20 07:25:37,40250.0,2000.0,12999000.0
462,2021-10-20 07:25:36,40250.0,100.0,12997000.0
463,2021-10-20 07:25:33,40250.0,900.0,12996900.0
464,2021-10-20 07:25:33,40250.0,2000.0,12996000.0
465,2021-10-20 07:25:31,40250.0,400.0,12994000.0
466,2021-10-20 07:25:29,40200.0,100.0,12993600.0
467,2021-10-20 07:25:29,40100.0,300.0,12993500.0
468,2021-10-20 07:25:29,40150.0,100.0,12993200.0
469,2021-10-20 07:25:29,40150.0,1600.0,12993100.0
470,2021-10-20 07:25:26,40400.0,600.0,12991500.0
471,2021-10-20 07:25:26,40400.0,1500.0,12990900.0
472,2021-10-20 07:25:26,40400.0,200.0,12989400.0
473,2021-10-20 07:25:26,40400.0,100.0,12989200.0
474,2021-10-20 07:25:26,40350.0,200.0,12989100.0
475,2021-10-20 07:25:26,40350.0,5300.0,12988900.0
476,2021-10-20 07:25:26,40300.0,200.0,12983600.0
477,2021-10-20 07:25:26,40300.0,400.0,12983400.0
478,2021-10-20 07:25:26,40300.0,300.0,12983000.0
479,2021-10-20 07:25:26,40300.0,500.0,12982700.0
480,2021-10-20 07:25:26,40300.0,500.0,12982200.0
481,2021-10-20 07:25:26,40300.0,300.0,12981700.0
482,2021-10-20 07:25:26,40300.0,200.0,12981400.0
483,2021-10-20 07:25:26,40300.0,1200.0,12981200.0
484,2021-10-20 07:25:26,40300.0,500.0,12980000.0
485,2021-10-20 07:25:26,40300.0,200.0,12979500.0
486,2021-10-20 07:25:26,40300.0,200.0,12979300.0
487,2021-10-20 07:25:26,40300.0,100.0,12979100.0
488,2021-10-20 07:25:26,40250.0,200.0,12979000.0
489,2021-10-20 07:25:26,40250.0,500.0,12978800.0
490,2021-10-20 07:25:26,40250.0,100.0,12978300.0
491,2021-10-20 07:25:26,40250.0,3700.0,12978200.0
492,2021-10-20 07:25:25,40100.0,200.0,12974500.0
493,2021-10-20 07:25:25,40150.0,600.0,12974300.0
494,2021-10-20 07:25:25,40150.0,900.0,12973700.0
495,2021-10-20 07:25:25,40150.0,300.0,12972800.0
496,2021-10-20 07:25:24,40250.0,2300.0,12972500.0
497,2021-10-20 07:25:24,40250.0,300.0,12970200.0
498,2021-10-20 07:25:24,40250.0,600.0,12969900.0
499,2021-10-20 07:25:24,40250.0,1000.0,12969300.0
500,2021-10-20 07:25:24,40200.0,800.0,12968300.0
501,2021-10-20 07:25:20,40150.0,200.0,12967500.0
502,2021-10-20 07:25:20,40150.0,800.0,12967300.0
503,2021-10-20 07:25:20,40150.0,2000.0,12966500.0
504,2021-10-20 07:25:16,40150.0,2000.0,12964500.0
505,2021-10-20 07:25:14,40150.0,100.0,12962500.0
506,2021-10-20 07:25:12,40100.0,1600.0,12962400.0
507,2021-10-20 07:25:12,40100.0,400.0,12960800.0
508,2021-10-20 07:25:10,40200.0,800.0,12960400.0
509,2021-10-20 07:25:10,40200.0,200.0,12959600.0
510,2021-10-20 07:25:10,40200.0,500.0,12959400.0
511,2021-10-20 07:25:10,40200.0,300.0,12958900.0
512,2021-10-20 07:25:10,40200.0,100.0,12958600.0
513,2021-10-20 07:25:10,40200.0,2000.0,12958500.0
514,2021-10-20 07:25:10,40200.0,3000.0,12956500.0
515,2021-10-20 07:25:10,40150.0,100.0,12953500.0
516,2021-10-20 07:25:10,40150.0,500.0,12953400.0
517,2021-10-20 07:25:10,40150.0,1000.0,12952900.0
518,2021-10-20 07:25:10,40150.0,100.0,12951900.0
519,2021-10-20 07:25:08,40100.0,600.0,12951800.0
520,2021-10-20 07:25:08,40100.0,600.0,12951200.0
521,2021-10-20 07:25:08,40100.0,800.0,12950600.0
522,2021-10-20 07:25:06,40150.0,1000.0,12949800.0
523,2021-10-20 07:25:04,40150.0,500.0,12948800.0
524,2021-10-20 07:25:04,40100.0,1000.0,12948300.0
525,2021-10-20 07:25:04,40100.0,1000.0,12947300.0
526,2021-10-20 07:25:00,40050.0,100.0,12946300.0
527,2021-10-20 07:25:00,40050.0,900.0,12946200.0
528,2021-10-20 07:25:00,40100.0,300.0,12945300.0
529,2021-10-20 07:25:00,40100.0,500.0,12945000.0
530,2021-10-20 07:25:00,40100.0,300.0,12944500.0
531,2021-10-20 07:24:58,40150.0,3600.0,12944200.0
532,2021-10-20 07:24:58,40100.0,400.0,12940600.0
533,2021-10-20 07:24:57,40100.0,200.0,12940200.0
534,2021-10-20 07:24:57,40100.0,1100.0,12940000.0
535,2021-10-20 07:24:56,40100.0,200.0,12938900.0
536,2021-10-20 07:24:56,40050.0,2000.0,12938700.0
537,2021-10-20 07:24:56,40100.0,100.0,12936700.0
538,2021-10-20 07:24:54,40050.0,1800.0,12936600.0
539,2021-10-20 07:24:54,40050.0,100.0,12934800.0
540,2021-10-20 07:24:54,40050.0,100.0,12934700.0
541,2021-10-20 07:24:54,40050.0,500.0,12934600.0
542,2021-10-20 07:24:54,40050.0,200.0,12934100.0
543,2021-10-20 07:24:54,40100.0,1500.0,12933900.0
544,2021-10-20 07:24:54,40100.0,200.0,12932400.0
545,2021-10-20 07:24:54,40100.0,100.0,12932200.0
546,2021-10-20 07:24:54,40100.0,2000.0,12932100.0
547,2021-10-20 07:24:54,40100.0,100.0,12930100.0
548,2021-10-20 07:24:54,40100.0,500.0,12930000.0
549,2021-10-20 07:24:54,40100.0,100.0,12929500.0
550,2021-10-20 07:24:54,40100.0,200.0,12929400.0
551,2021-10-20 07:24:54,40100.0,300.0,12929200.0
552,2021-10-20 07:24:54,40100.0,100.0,12928900.0
553,2021-10-20 07:24:54,40100.0,100.0,12928800.0
554,2021-10-20 07:24:54,40100.0,1100.0,12928700.0
555,2021-10-20 07:24:54,40100.0,100.0,12927600.0
556,2021-10-20 07:24:54,40100.0,100.0,12927500.0
557,2021-10-20 07:24:54,40100.0,300.0,12927400.0
558,2021-10-20 07:24:54,40100.0,1000.0,12927100.0
559,2021-10-20 07:24:54,40100.0,1000.0,12926100.0
560,2021-10-20 07:24:54,40100.0,2000.0,12925100.0
561,2021-10-20 07:24:54,40100.0,100.0,12923100.0
562,2021-10-20 07:24:54,40100.0,1000.0,12923000.0
563,2021-10-20 07:24:54,40100.0,300.0,12922000.0
564,2021-10-20 07:24:54,40100.0,2000.0,12921700.0
565,2021-10-20 07:24:54,40100.0,1000.0,12919700.0
566,2021-10-20 07:24:54,40100.0,100.0,12918700.0
567,2021-10-20 07:24:54,40100.0,2000.0,12918600.0
568,2021-10-20 07:24:54,40100.0,300.0,12916600.0
569,2021-10-20 07:24:53,40150.0,2000.0,12916300.0
570,2021-10-20 07:24:52,40100.0,1700.0,12914300.0
571,2021-10-20 07:24:52,40100.0,300.0,12912600.0
572,2021-10-20 07:24:51,40150.0,1100.0,12912300.0
573,2021-10-20 07:24:48,40150.0,1000.0,12911200.0
574,2021-10-20 07:24:48,40150.0,5000.0,12910200.0
575,2021-10-20 07:24:47,40100.0,2000.0,12905200.0
576,2021-10-20 07:24:45,40100.0,200.0,12903200.0
577,2021-10-20 07:24:45,40150.0,200.0,12903000.0
578,2021-10-20 07:24:45,40100.0,800.0,12902800.0
579,2021-10-20 07:24:44,40100.0,100.0,12902000.0
580,2021-10-20 07:24:43,40100.0,600.0,12901900.0
581,2021-10-20 07:24:43,40100.0,1400.0,12901300.0
582,2021-10-20 07:24:42,40150.0,2000.0,12899900.0
583,2021-10-20 07:24:42,40150.0,10000.0,12897900.0
584,2021-10-20 07:24:41,40150.0,900.0,12887900.0
585,2021-10-20 07:24:39,40150.0,1600.0,12887000.0
586,2021-10-20 07:24:39,40150.0,400.0,12885400.0
587,2021-10-20 07:24:39,40100.0,600.0,12885000.0
588,2021-10-20 07:24:39,40100.0,1400.0,12884400.0
589,2021-10-20 07:24:38,40100.0,100.0,12883000.0
590,2021-10-20 07:24:38,40100.0,900.0,12882900.0
591,2021-10-20 07:24:36,40150.0,300.0,12882000.0
592,2021-10-20 07:24:35,40100.0,2000.0,12881700.0
593,2021-10-20 07:24:32,40100.0,800.0,12879700.0
594,2021-10-20 07:24:31,40100.0,1400.0,12878900.0
595,2021-10-20 07:24:31,40050.0,800.0,12877500.0
596,2021-10-20 07:24:31,40050.0,1200.0,12876700.0
597,2021-10-20 07:24:29,40050.0,100.0,12875500.0
598,2021-10-20 07:24:28,40100.0,3600.0,12875400.0
599,2021-10-20 07:24:28,40100.0,2000.0,12871800.0
600,2021-10-20 07:24:28,40100.0,300.0,12869800.0
601,2021-10-20 07:24:28,40100.0,1000.0,12869500.0
602,2021-10-20 07:24:28,40100.0,300.0,12868500.0
603,2021-10-20 07:24:28,40100.0,100.0,12868200.0
604,2021-10-20 07:24:28,40100.0,200.0,12868100.0
605,2021-10-20 07:24:28,40100.0,200.0,12867900.0
606,2021-10-20 07:24:28,40100.0,2000.0,12867700.0
607,2021-10-20 07:24:28,40100.0,1000.0,12865700.0
608,2021-10-20 07:24:28,40100.0,1100.0,12864700.0
609,2021-10-20 07:24:28,40100.0,100.0,12863600.0
610,2021-10-20 07:24:28,40100.0,8100.0,12863500.0
611,2021-10-20 07:24:27,40050.0,2000.0,12855400.0
612,2021-10-20 07:24:27,40100.0,1900.0,12853400.0
613,2021-10-20 07:24:27,40100.0,100.0,12851500.0
614,2021-10-20 07:24:26,40050.0,1700.0,12851400.0
615,2021-10-20 07:24:26,40050.0,2000.0,12849700.0
616,2021-10-20 07:24:26,40050.0,100.0,12847700.0
617,2021-10-20 07:24:23,40050.0,2000.0,12847600.0
618,2021-10-20 07:24:23,40100.0,200.0,12845600.0
619,2021-10-20 07:24:23,40100.0,200.0,12845400.0
620,2021-10-20 07:24:23,40100.0,1000.0,12845200.0
621,2021-10-20 07:24:23,40100.0,100.0,12844200.0
622,2021-10-20 07:24:23,40100.0,2900.0,12844100.0
623,2021-10-20 07:24:23,40100.0,5600.0,12841200.0
624,2021-10-20 07:24:21,40050.0,2000.0,12835600.0
625,2021-10-20 07:24:20,40100.0,600.0,12833600.0
626,2021-10-20 07:24:19,40050.0,900.0,12833000.0
627,2021-10-20 07:24:19,40050.0,700.0,12832100.0
628,2021-10-20 07:24:19,40050.0,400.0,12831400.0
629,2021-10-20 07:24:17,40100.0,200.0,12831000.0
630,2021-10-20 07:24:17,40050.0,2800.0,12830800.0
631,2021-10-20 07:24:17,40050.0,100.0,12828000.0
632,2021-10-20 07:24:17,40050.0,100.0,12827900.0
633,2021-10-20 07:24:17,40050.0,2000.0,12827800.0
634,2021-10-20 07:24:17,40050.0,200.0,12825800.0
635,2021-10-20 07:24:17,40050.0,100.0,12825600.0
636,2021-10-20 07:24:17,40050.0,300.0,12825500.0
637,2021-10-20 07:24:17,40050.0,500.0,12825200.0
638,2021-10-20 07:24:17,40050.0,200.0,12824700.0
639,2021-10-20 07:24:17,40050.0,200.0,12824500.0
640,2021-10-20 07:24:17,40050.0,1500.0,12824300.0
641,2021-10-20 07:24:17,40050.0,200.0,12822800.0
642,2021-10-20 07:24:17,40050.0,800.0,12822600.0
643,2021-10-20 07:24:16,40050.0,200.0,12821800.0
644,2021-10-20 07:24:16,40050.0,16400.0,12821600.0
645,2021-10-20 07:24:15,40050.0,2000.0,12805200.0
646,2021-10-20 07:24:15,40100.0,200.0,12803200.0
647,2021-10-20 07:24:13,40100.0,200.0,12803000.0
648,2021-10-20 07:24:12,40050.0,2900.0,12802800.0
649,2021-10-20 07:24:12,40050.0,1000.0,12799900.0
650,2021-10-20 07:24:11,40050.0,2000.0,12798900.0
651,2021-10-20 07:24:09,40050.0,2900.0,12796900.0
652,2021-10-20 07:24:06,40100.0,3200.0,12794000.0
653,2021-10-20 07:24:06,40100.0,800.0,12790800.0
654,2021-10-20 07:24:06,40100.0,200.0,12790000.0
655,2021-10-20 07:24:06,40100.0,200.0,12789800.0
656,2021-10-20 07:24:06,40100.0,1000.0,12789600.0
657,2021-10-20 07:24:06,40100.0,1500.0,12788600.0
658,2021-10-20 07:24:06,40100.0,200.0,12787100.0
659,2021-10-20 07:24:06,40100.0,500.0,12786900.0
660,2021-10-20 07:24:06,40100.0,1000.0,12786400.0
661,2021-10-20 07:24:06,40050.0,2000.0,12785400.0
662,2021-10-20 07:24:05,40050.0,600.0,12783400.0
663,2021-10-20 07:24:03,40050.0,2000.0,12782800.0
664,2021-10-20 07:24:02,40050.0,300.0,12780800.0
665,2021-10-20 07:24:02,40050.0,400.0,12780500.0
666,2021-10-20 07:24:02,40050.0,200.0,12780100.0
667,2021-10-20 07:24:02,40050.0,300.0,12779900.0
668,2021-10-20 07:24:02,40050.0,2800.0,12779600.0
669,2021-10-20 07:24:02,40050.0,1000.0,12776800.0
670,2021-10-20 07:24:02,40050.0,4000.0,12775800.0
671,2021-10-20 07:24:02,40050.0,9000.0,12771800.0
672,2021-10-20 07:24:02,40050.0,200.0,12762800.0
673,2021-10-20 07:24:00,40050.0,400.0,12762600.0
674,2021-10-20 07:24:00,40050.0,200.0,12762200.0
675,2021-10-20 07:24:00,40050.0,200.0,12762000.0
676,2021-10-20 07:24:00,40050.0,300.0,12761800.0
677,2021-10-20 07:24:00,40050.0,5000.0,12761500.0
678,2021-10-20 07:23:59,40000.0,1600.0,12756500.0
679,2021-10-20 07:23:59,40050.0,4100.0,12754900.0
680,2021-10-20 07:23:59,40050.0,300.0,12750800.0
681,2021-10-20 07:23:59,40050.0,600.0,12750500.0
682,2021-10-20 07:23:58,40050.0,200.0,12749900.0
683,2021-10-20 07:23:58,40000.0,2000.0,12749700.0
684,2021-10-20 07:23:57,40050.0,1000.0,12747700.0
685,2021-10-20 07:23:56,40050.0,400.0,12746700.0
686,2021-10-20 07:23:55,40050.0,200.0,12746300.0
687,2021-10-20 07:23:55,40050.0,1000.0,12746100.0
688,2021-10-20 07:23:54,40050.0,2100.0,12745100.0
689,2021-10-20 07:23:54,40000.0,2000.0,12743000.0
690,2021-10-20 07:23:53,40000.0,800.0,12741000.0
691,2021-10-20 07:23:53,40000.0,2000.0,12740200.0
692,2021-10-20 07:23:53,40050.0,4000.0,12738200.0
693,2021-10-20 07:23:52,40050.0,2400.0,12734200.0
694,2021-10-20 07:23:52,40050.0,3000.0,12731800.0
695,2021-10-20 07:23:51,40050.0,200.0,12728800.0
696,2021-10-20 07:23:51,40050.0,100.0,12728600.0
697,2021-10-20 07:23:50,40000.0,2000.0,12728500.0
698,2021-10-20 07:23:49,40050.0,500.0,12726500.0
699,2021-10-20 07:23:49,40050.0,200.0,12726000.0
700,2021-10-20 07:23:46,40000.0,5900.0,12725800.0
701,2021-10-20 07:23:46,40000.0,100.0,12719900.0
702,2021-10-20 07:23:46,40000.0,100.0,12719800.0
703,2021-10-20 07:23:46,40000.0,500.0,12719700.0
704,2021-10-20 07:23:46,40000.0,400.0,12719200.0
705,2021-10-20 07:23:46,40000.0,100.0,12718800.0
706,2021-10-20 07:23:46,40000.0,900.0,12718700.0
707,2021-10-20 07:23:45,40000.0,2000.0,12717800.0
708,2021-10-20 07:23:43,40050.0,200.0,12715800.0
709,2021-10-20 07:23:42,40050.0,3900.0,12715600.0
710,2021-10-20 07:23:42,40050.0,500.0,12711700.0
711,2021-10-20 07:23:42,40050.0,5600.0,12711200.0
712,2021-10-20 07:23:42,40000.0,100.0,12705600.0
713,2021-10-20 07:23:42,40000.0,2000.0,12705500.0
714,2021-10-20 07:23:40,40050.0,200.0,12703500.0
715,2021-10-20 07:23:39,40000.0,2500.0,12703300.0
716,2021-10-20 07:23:39,40000.0,500.0,12700800.0
717,2021-10-20 07:23:39,40000.0,1100.0,12700300.0
718,2021-10-20 07:23:39,40000.0,3200.0,12699200.0
719,2021-10-20 07:23:39,40000.0,700.0,12696000.0
720,2021-10-20 07:23:38,40000.0,300.0,12695300.0
721,2021-10-20 07:23:38,40000.0,300.0,12695000.0
722,2021-10-20 07:23:38,40000.0,4600.0,12694700.0
723,2021-10-20 07:23:38,40000.0,3500.0,12690100.0
724,2021-10-20 07:23:38,40000.0,200.0,12686600.0
725,2021-10-20 07:23:38,40000.0,1100.0,12686400.0
726,2021-10-20 07:23:38,40000.0,5000.0,12685300.0
727,2021-10-20 07:23:38,40000.0,100.0,12680300.0
728,2021-10-20 07:23:38,39950.0,200.0,12680200.0
729,2021-10-20 07:23:38,39950.0,1000.0,12680000.0
730,2021-10-20 07:23:38,39950.0,800.0,12679000.0
731,2021-10-20 07:23:37,40000.0,10000.0,12678200.0
732,2021-10-20 07:23:37,40000.0,4300.0,12668200.0
733,2021-10-20 07:23:37,40000.0,700.0,12663900.0
734,2021-10-20 07:23:36,40000.0,200.0,12663200.0
735,2021-10-20 07:23:36,40000.0,100.0,12663000.0
736,2021-10-20 07:23:36,40000.0,100.0,12662900.0
737,2021-10-20 07:23:35,40000.0,200.0,12662800.0
738,2021-10-20 07:23:35,39950.0,1000.0,12662600.0
739,2021-10-20 07:23:35,40000.0,200.0,12661600.0
740,2021-10-20 07:23:35,40000.0,500.0,12661400.0
741,2021-10-20 07:23:35,40000.0,300.0,12660900.0
742,2021-10-20 07:23:35,40000.0,20000.0,12660600.0
743,2021-10-20 07:23:34,40000.0,500.0,12640600.0
744,2021-10-20 07:23:34,40000.0,1000.0,12640100.0
745,2021-10-20 07:23:34,40000.0,5600.0,12639100.0
746,2021-10-20 07:23:34,40000.0,1100.0,12633500.0
747,2021-10-20 07:23:34,40000.0,800.0,12632400.0
748,2021-10-20 07:23:33,39950.0,1200.0,12631600.0
749,2021-10-20 07:23:33,39950.0,500.0,12630400.0
750,2021-10-20 07:23:33,39950.0,300.0,12629900.0
751,2021-10-20 07:23:31,40000.0,200.0,12629600.0
752,2021-10-20 07:23:31,40000.0,100.0,12629400.0
753,2021-10-20 07:23:30,39950.0,200.0,12629300.0
754,2021-10-20 07:23:30,40000.0,100.0,12629100.0
755,2021-10-20 07:23:29,39950.0,2000.0,12629000.0
756,2021-10-20 07:23:29,40000.0,100.0,12627000.0
757,2021-10-20 07:23:28,40000.0,300.0,12626900.0
758,2021-10-20 07:23:27,40000.0,400.0,12626600.0
759,2021-10-20 07:23:27,40000.0,100.0,12626200.0
760,2021-10-20 07:23:26,40000.0,200.0,12626100.0
761,2021-10-20 07:23:25,39950.0,2000.0,12625900.0
762,2021-10-20 07:23:23,40000.0,2600.0,12623900.0
763,2021-10-20 07:23:23,40000.0,600.0,12621300.0
764,2021-10-20 07:23:23,40000.0,800.0,12620700.0
765,2021-10-20 07:23:22,40000.0,100.0,12619900.0
766,2021-10-20 07:23:21,40000.0,200.0,12619800.0
767,2021-10-20 07:23:20,39950.0,500.0,12619600.0
768,2021-10-20 07:23:20,39950.0,700.0,12619100.0
769,2021-10-20 07:23:20,39950.0,100.0,12618400.0
770,2021-10-20 07:23:20,39950.0,700.0,12618300.0
771,2021-10-20 07:23:20,40000.0,2000.0,12617600.0
772,2021-10-20 07:23:17,40000.0,200.0,12615600.0
773,2021-10-20 07:23:17,40000.0,100.0,12615400.0
774,2021-10-20 07:23:17,40000.0,800.0,12615300.0
775,2021-10-20 07:23:17,40000.0,600.0,12614500.0
776,2021-10-20 07:23:17,39950.0,1300.0,12613900.0
777,2021-10-20 07:23:17,39950.0,500.0,12612600.0
778,2021-10-20 07:23:17,39950.0,200.0,12612100.0
779,2021-10-20 07:23:17,39950.0,1600.0,12611900.0
780,2021-10-20 07:23:16,40000.0,200.0,12610300.0
781,2021-10-20 07:23:15,39950.0,300.0,12610100.0
782,2021-10-20 07:23:13,39950.0,2000.0,12609800.0
783,2021-10-20 07:23:12,40000.0,500.0,12607800.0
784,2021-10-20 07:23:10,40000.0,200.0,12607300.0
785,2021-10-20 07:23:08,39950.0,700.0,12607100.0
786,2021-10-20 07:23:08,39950.0,100.0,12606400.0
787,2021-10-20 07:23:08,39950.0,1200.0,12606300.0
788,2021-10-20 07:23:07,40000.0,500.0,12605100.0
789,2021-10-20 07:23:07,40000.0,100.0,12604600.0
790,2021-10-20 07:23:06,40000.0,900.0,12604500.0
791,2021-10-20 07:23:06,40000.0,400.0,12603600.0
792,2021-10-20 07:23:06,40000.0,1000.0,12603200.0
793,2021-10-20 07:23:06,40000.0,1000.0,12602200.0
794,2021-10-20 07:23:06,40000.0,1700.0,12601200.0
795,2021-10-20 07:23:06,39950.0,500.0,12599500.0
796,2021-10-20 07:23:06,39950.0,300.0,12599000.0
797,2021-10-20 07:23:06,39950.0,300.0,12598700.0
798,2021-10-20 07:23:06,39950.0,200.0,12598400.0
799,2021-10-20 07:23:06,39950.0,200.0,12598200.0
800,2021-10-20 07:23:05,40000.0,300.0,12598000.0
801,2021-10-20 07:23:05,40000.0,600.0,12597700.0
802,2021-10-20 07:23:05,40000.0,1100.0,12597100.0
803,2021-10-20 07:23:05,39950.0,2000.0,12596000.0
804,2021-10-20 07:23:05,39950.0,200.0,12594000.0
805,2021-10-20 07:23:05,39950.0,500.0,12593800.0
806,2021-10-20 07:23:05,39950.0,200.0,12593300.0
807,2021-10-20 07:23:05,39950.0,100.0,12593100.0
808,2021-10-20 07:23:05,40000.0,300.0,12593000.0
809,2021-10-20 07:23:05,40000.0,200.0,12592700.0
810,2021-10-20 07:23:04,39950.0,200.0,12592500.0
811,2021-10-20 07:23:04,39950.0,300.0,12592300.0
812,2021-10-20 07:23:04,39950.0,600.0,12592000.0
813,2021-10-20 07:23:04,39950.0,100.0,12591400.0
814,2021-10-20 07:23:04,39950.0,100.0,12591300.0
815,2021-10-20 07:23:04,39950.0,200.0,12591200.0
816,2021-10-20 07:23:04,39950.0,800.0,12591000.0
817,2021-10-20 07:23:04,39950.0,100.0,12590200.0
818,2021-10-20 07:23:04,39950.0,200.0,12590100.0
819,2021-10-20 07:23:04,39950.0,100.0,12589900.0
820,2021-10-20 07:23:04,39950.0,200.0,12589800.0
821,2021-10-20 07:23:04,39950.0,300.0,12589600.0
822,2021-10-20 07:23:04,39950.0,100.0,12589300.0
823,2021-10-20 07:23:04,39950.0,1600.0,12589200.0
824,2021-10-20 07:23:04,39950.0,6200.0,12587600.0
825,2021-10-20 07:23:00,39950.0,2000.0,12581400.0
826,2021-10-20 07:22:56,40000.0,100.0,12579400.0
827,2021-10-20 07:22:56,40000.0,300.0,12579300.0
828,2021-10-20 07:22:56,40000.0,100.0,12579000.0
829,2021-10-20 07:22:56,40000.0,100.0,12578900.0
830,2021-10-20 07:22:56,40000.0,2000.0,12578800.0
831,2021-10-20 07:22:56,40000.0,400.0,12576800.0
832,2021-10-20 07:22:56,39950.0,1600.0,12576400.0
833,2021-10-20 07:22:56,39950.0,100.0,12574800.0
834,2021-10-20 07:22:56,39950.0,100.0,12574700.0
835,2021-10-20 07:22:56,39950.0,500.0,12574600.0
836,2021-10-20 07:22:56,39950.0,200.0,12574100.0
837,2021-10-20 07:22:56,39950.0,200.0,12573900.0
838,2021-10-20 07:22:56,39950.0,100.0,12573700.0
839,2021-10-20 07:22:56,39950.0,100.0,12573600.0
840,2021-10-20 07:22:56,39950.0,500.0,12573500.0
841,2021-10-20 07:22:56,39950.0,300.0,12573000.0
842,2021-10-20 07:22:55,39950.0,200.0,12572700.0
843,2021-10-20 07:22:54,39950.0,1500.0,12572500.0
844,2021-10-20 07:22:54,39950.0,500.0,12571000.0
845,2021-10-20 07:22:54,39950.0,1000.0,12570500.0
846,2021-10-20 07:22:54,39950.0,1000.0,12569500.0
847,2021-10-20 07:22:54,39950.0,100.0,12568500.0
848,2021-10-20 07:22:54,39950.0,900.0,12568400.0
849,2021-10-20 07:22:52,39950.0,100.0,12567500.0
850,2021-10-20 07:22:52,39950.0,100.0,12567400.0
851,2021-10-20 07:22:52,39950.0,200.0,12567300.0
852,2021-10-20 07:22:52,39950.0,100.0,12567100.0
853,2021-10-20 07:22:52,39950.0,200.0,12567000.0
854,2021-10-20 07:22:52,39950.0,300.0,12566800.0
855,2021-10-20 07:22:52,39950.0,1000.0,12566500.0
856,2021-10-20 07:22:49,39950.0,1000.0,12565500.0
857,2021-10-20 07:22:48,39950.0,100.0,12564500.0
858,2021-10-20 07:22:48,39950.0,2000.0,12564400.0
859,2021-10-20 07:22:46,39950.0,900.0,12562400.0
860,2021-10-20 07:22:46,39950.0,100.0,12561500.0
861,2021-10-20 07:22:46,39950.0,100.0,12561400.0
862,2021-10-20 07:22:46,39950.0,1200.0,12561300.0
863,2021-10-20 07:22:43,39950.0,2000.0,12560100.0
864,2021-10-20 07:22:42,40000.0,300.0,12558100.0
865,2021-10-20 07:22:41,40000.0,300.0,12557800.0
866,2021-10-20 07:22:39,39950.0,2000.0,12557500.0
867,2021-10-20 07:22:39,40000.0,400.0,12555500.0
868,2021-10-20 07:22:39,39950.0,2000.0,12555100.0
869,2021-10-20 07:22:36,39950.0,400.0,12553100.0
870,2021-10-20 07:22:36,39950.0,2000.0,12552700.0
871,2021-10-20 07:22:35,39950.0,1600.0,12550700.0
872,2021-10-20 07:22:34,39950.0,600.0,12549100.0
873,2021-10-20 07:22:34,39950.0,400.0,12548500.0
874,2021-10-20 07:22:34,39950.0,1600.0,12548100.0
875,2021-10-20 07:22:34,39950.0,1600.0,12546500.0
876,2021-10-20 07:22:34,39950.0,1800.0,12544900.0
877,2021-10-20 07:22:33,39950.0,200.0,12543100.0
878,2021-10-20 07:22:33,39950.0,800.0,12542900.0
879,2021-10-20 07:22:32,39900.0,300.0,12542100.0
880,2021-10-20 07:22:32,39900.0,500.0,12541800.0
881,2021-10-20 07:22:32,39900.0,100.0,12541300.0
882,2021-10-20 07:22:32,39900.0,100.0,12541200.0
883,2021-10-20 07:22:32,39900.0,200.0,12541100.0
884,2021-10-20 07:22:32,39900.0,800.0,12540900.0
885,2021-10-20 07:22:31,39950.0,100.0,12540100.0
886,2021-10-20 07:22:31,39950.0,100.0,12540000.0
887,2021-10-20 07:22:31,39950.0,1000.0,12539900.0
888,2021-10-20 07:22:28,39950.0,100.0,12538900.0
889,2021-10-20 07:22:27,39950.0,100.0,12538800.0
890,2021-10-20 07:22:27,39900.0,2000.0,12538700.0
891,2021-10-20 07:22:27,39950.0,400.0,12536700.0
892,2021-10-20 07:22:26,39950.0,300.0,12536300.0
893,2021-10-20 07:22:26,39950.0,500.0,12536000.0
894,2021-10-20 07:22:26,39950.0,100.0,12535500.0
895,2021-10-20 07:22:26,39950.0,1000.0,12535400.0
896,2021-10-20 07:22:26,39950.0,100.0,12534400.0
897,2021-10-20 07:22:26,39950.0,100.0,12534300.0
898,2021-10-20 07:22:26,39950.0,500.0,12534200.0
899,2021-10-20 07:22:26,39950.0,800.0,12533700.0
900,2021-10-20 07:22:24,39950.0,200.0,12532900.0
901,2021-10-20 07:22:24,39950.0,400.0,12532700.0
902,2021-10-20 07:22:23,39950.0,2000.0,12532300.0
903,2021-10-20 07:22:22,39950.0,5000.0,12530300.0
904,2021-10-20 07:22:19,40000.0,300.0,12525300.0
905,2021-10-20 07:22:19,39950.0,500.0,12525000.0
906,2021-10-20 07:22:19,39950.0,2000.0,12524500.0
907,2021-10-20 07:22:16,39950.0,100.0,12522500.0
908,2021-10-20 07:22:16,39950.0,200.0,12522400.0
909,2021-10-20 07:22:16,39950.0,200.0,12522200.0
910,2021-10-20 07:22:16,39950.0,100.0,12522000.0
911,2021-10-20 07:22:15,39950.0,2000.0,12521900.0
912,2021-10-20 07:22:15,39950.0,1600.0,12519900.0
913,2021-10-20 07:22:12,39900.0,1000.0,12518300.0
914,2021-10-20 07:22:11,39900.0,1100.0,12517300.0
915,2021-10-20 07:22:11,39950.0,500.0,12516200.0
916,2021-10-20 07:22:11,39950.0,400.0,12515700.0
917,2021-10-20 07:22:10,39950.0,600.0,12515300.0
918,2021-10-20 07:22:10,39950.0,500.0,12514700.0
919,2021-10-20 07:22:10,39950.0,500.0,12514200.0
920,2021-10-20 07:22:10,39950.0,400.0,12513700.0
921,2021-10-20 07:22:08,39950.0,100.0,12513300.0
922,2021-10-20 07:22:07,39950.0,500.0,12513200.0
923,2021-10-20 07:22:07,39950.0,100.0,12512700.0
924,2021-10-20 07:22:07,39950.0,1400.0,12512600.0
925,2021-10-20 07:22:07,40000.0,1000.0,12511200.0
926,2021-10-20 07:22:07,39950.0,1000.0,12510200.0
927,2021-10-20 07:22:05,39950.0,600.0,12509200.0
928,2021-10-20 07:22:03,39950.0,2000.0,12508600.0
929,2021-10-20 07:22:01,39950.0,5000.0,12506600.0
930,2021-10-20 07:22:00,39900.0,5100.0,12501600.0
931,2021-10-20 07:22:00,39900.0,300.0,12496500.0
932,2021-10-20 07:22:00,39900.0,1000.0,12496200.0
933,2021-10-20 07:22:00,39900.0,600.0,12495200.0
934,2021-10-20 07:22:00,39900.0,100.0,12494600.0
935,2021-10-20 07:22:00,39900.0,2000.0,12494500.0
936,2021-10-20 07:22:00,39900.0,200.0,12492500.0
937,2021-10-20 07:22:00,39900.0,500.0,12492300.0
938,2021-10-20 07:22:00,39900.0,300.0,12491800.0
939,2021-10-20 07:22:00,39900.0,300.0,12491500.0
940,2021-10-20 07:22:00,39900.0,100.0,12491200.0
941,2021-10-20 07:22:00,39900.0,200.0,12491100.0
942,2021-10-20 07:22:00,39900.0,1700.0,12490900.0
943,2021-10-20 07:22:00,39950.0,500.0,12489200.0
944,2021-10-20 07:22:00,39950.0,1000.0,12488700.0
945,2021-10-20 07:22:00,39950.0,7000.0,12487700.0
946,2021-10-20 07:22:00,39950.0,1000.0,12480700.0
947,2021-10-20 07:22:00,39950.0,8100.0,12479700.0
948,2021-10-20 07:22:00,39950.0,1000.0,12471600.0
949,2021-10-20 07:21:59,39950.0,2000.0,12470600.0
950,2021-10-20 07:21:57,39950.0,500.0,12468600.0
951,2021-10-20 07:21:55,39950.0,500.0,12468100.0
952,2021-10-20 07:21:55,39950.0,2000.0,12467600.0
953,2021-10-20 07:21:54,39950.0,1500.0,12465600.0
954,2021-10-20 07:21:53,40000.0,1000.0,12464100.0
955,2021-10-20 07:21:53,39950.0,900.0,12463100.0
956,2021-10-20 07:21:53,39950.0,1000.0,12462200.0
957,2021-10-20 07:21:53,39950.0,500.0,12461200.0
958,2021-10-20 07:21:53,39950.0,2000.0,12460700.0
959,2021-10-20 07:21:51,39950.0,500.0,12458700.0
960,2021-10-20 07:21:51,39950.0,100.0,12458200.0
961,2021-10-20 07:21:50,39950.0,300.0,12458100.0
962,2021-10-20 07:21:50,39900.0,100.0,12457800.0
963,2021-10-20 07:21:50,39900.0,200.0,12457700.0
964,2021-10-20 07:21:50,39900.0,100.0,12457500.0
965,2021-10-20 07:21:50,39900.0,300.0,12457400.0
966,2021-10-20 07:21:50,39900.0,100.0,12457100.0
967,2021-10-20 07:21:50,39900.0,100.0,12457000.0
968,2021-10-20 07:21:50,39900.0,100.0,12456900.0
969,2021-10-20 07:21:50,39900.0,200.0,12456800.0
970,2021-10-20 07:21:50,39900.0,100.0,12456600.0
971,2021-10-20 07:21:50,39900.0,100.0,12456500.0
972,2021-10-20 07:21:50,39900.0,500.0,12456400.0
973,2021-10-20 07:21:50,39900.0,100.0,12455900.0
974,2021-10-20 07:21:50,39900.0,100.0,12455800.0
975,2021-10-20 07:21:49,39900.0,100.0,12455700.0
976,2021-10-20 07:21:49,39900.0,200.0,12455600.0
977,2021-10-20 07:21:47,39950.0,1000.0,12455400.0
978,2021-10-20 07:21:47,39950.0,1000.0,12454400.0
979,2021-10-20 07:21:46,39900.0,300.0,12453400.0
980,2021-10-20 07:21:46,39900.0,100.0,12453100.0
981,2021-10-20 07:21:46,39900.0,200.0,12453000.0
982,2021-10-20 07:21:46,39900.0,100.0,12452800.0
983,2021-10-20 07:21:46,39900.0,200.0,12452700.0
984,2021-10-20 07:21:46,39900.0,100.0,12452500.0
985,2021-10-20 07:21:46,39900.0,1000.0,12452400.0
986,2021-10-20 07:21:46,39950.0,100.0,12451400.0
987,2021-10-20 07:21:46,39950.0,400.0,12451300.0
988,2021-10-20 07:21:46,39950.0,1200.0,12450900.0
989,2021-10-20 07:21:46,39950.0,400.0,12449700.0
990,2021-10-20 07:21:46,39950.0,400.0,12449300.0
991,2021-10-20 07:21:44,39950.0,600.0,12448900.0
992,2021-10-20 07:21:44,39950.0,7200.0,12448300.0
993,2021-10-20 07:21:44,39950.0,400.0,12441100.0
994,2021-10-20 07:21:44,39950.0,200.0,12440700.0
995,2021-10-20 07:21:44,39950.0,1600.0,12440500.0
996,2021-10-20 07:21:44,39950.0,300.0,12438900.0
997,2021-10-20 07:21:43,39950.0,1000.0,12438600.0
998,2021-10-20 07:21:42,39900.0,2000.0,12437600.0
999,2021-10-20 07:21:42,39950.0,700.0,12435600.0
1000,2021-10-20 07:21:42,39950.0,300.0,12434900.0
1001,2021-10-20 07:21:41,39950.0,100.0,12434600.0
1002,2021-10-20 07:21:40,39950.0,200.0,12434500.0
1003,2021-10-20 07:21:40,39950.0,400.0,12434300.0
1004,2021-10-20 07:21:38,39950.0,500.0,12433900.0
1005,2021-10-20 07:21:38,39950.0,3000.0,12433400.0
1006,2021-10-20 07:21:38,39900.0,2000.0,12430400.0
1007,2021-10-20 07:21:37,39900.0,100.0,12428400.0
1008,2021-10-20 07:21:37,39900.0,300.0,12428300.0
1009,2021-10-20 07:21:37,39900.0,100.0,12428000.0
1010,2021-10-20 07:21:35,39950.0,200.0,12427900.0
1011,2021-10-20 07:21:34,39900.0,100.0,12427700.0
1012,2021-10-20 07:21:34,39900.0,100.0,12427600.0
1013,2021-10-20 07:21:34,39900.0,500.0,12427500.0
1014,2021-10-20 07:21:34,39900.0,1300.0,12427000.0
1015,2021-10-20 07:21:30,39950.0,200.0,12425700.0
1016,2021-10-20 07:21:30,39900.0,1700.0,12425500.0
1017,2021-10-20 07:21:30,39900.0,100.0,12423800.0
1018,2021-10-20 07:21:30,39900.0,100.0,12423700.0
1019,2021-10-20 07:21:30,39900.0,100.0,12423600.0
1020,2021-10-20 07:21:28,39950.0,800.0,12423500.0
1021,2021-10-20 07:21:28,39950.0,1000.0,12422700.0
1022,2021-10-20 07:21:27,39900.0,200.0,12421700.0
1023,2021-10-20 07:21:27,39900.0,200.0,12421500.0
1024,2021-10-20 07:21:27,39900.0,100.0,12421300.0
1025,2021-10-20 07:21:27,39900.0,400.0,12421200.0
1026,2021-10-20 07:21:27,39900.0,100.0,12420800.0
1027,2021-10-20 07:21:27,39900.0,300.0,12420700.0
1028,2021-10-20 07:21:27,39900.0,1000.0,12420400.0
1029,2021-10-20 07:21:27,39900.0,200.0,12419400.0
1030,2021-10-20 07:21:26,39950.0,700.0,12419200.0
1031,2021-10-20 07:21:26,39950.0,300.0,12418500.0
1032,2021-10-20 07:21:26,39900.0,2000.0,12418200.0
1033,2021-10-20 07:21:25,39950.0,200.0,12416200.0
1034,2021-10-20 07:21:25,39950.0,100.0,12416000.0
1035,2021-10-20 07:21:24,39950.0,1000.0,12415900.0
1036,2021-10-20 07:21:23,39950.0,300.0,12414900.0
1037,2021-10-20 07:21:23,39900.0,2000.0,12414600.0
1038,2021-10-20 07:21:22,39950.0,100.0,12412600.0
1039,2021-10-20 07:21:20,39950.0,300.0,12412500.0
1040,2021-10-20 07:21:18,39950.0,300.0,12412200.0
1041,2021-10-20 07:21:18,39950.0,200.0,12411900.0
1042,2021-10-20 07:21:17,39950.0,100.0,12411700.0
1043,2021-10-20 07:21:17,39900.0,1000.0,12411600.0
1044,2021-10-20 07:21:17,39900.0,100.0,12410600.0
1045,2021-10-20 07:21:17,39900.0,100.0,12410500.0
1046,2021-10-20 07:21:17,39900.0,300.0,12410400.0
1047,2021-10-20 07:21:17,39900.0,100.0,12410100.0
1048,2021-10-20 07:21:17,39900.0,200.0,12410000.0
1049,2021-10-20 07:21:17,39900.0,200.0,12409800.0
1050,2021-10-20 07:21:17,39950.0,300.0,12409600.0
1051,2021-10-20 07:21:16,39950.0,200.0,12409300.0
1052,2021-10-20 07:21:16,39950.0,800.0,12409100.0
1053,2021-10-20 07:21:16,39950.0,1200.0,12408300.0
1054,2021-10-20 07:21:15,39950.0,100.0,12407100.0
1055,2021-10-20 07:21:14,39950.0,100.0,12407000.0
1056,2021-10-20 07:21:13,39950.0,500.0,12406900.0
1057,2021-10-20 07:21:13,39950.0,100.0,12406400.0
1058,2021-10-20 07:21:13,39900.0,600.0,12406300.0
1059,2021-10-20 07:21:13,39900.0,100.0,12405700.0
1060,2021-10-20 07:21:13,39900.0,800.0,12405600.0
1061,2021-10-20 07:21:13,39900.0,200.0,12404800.0
1062,2021-10-20 07:21:13,39900.0,300.0,12404600.0
1063,2021-10-20 07:21:12,39950.0,100.0,12404300.0
1064,2021-10-20 07:21:11,39950.0,300.0,12404200.0
1065,2021-10-20 07:21:10,39950.0,100.0,12403900.0
1066,2021-10-20 07:21:09,39950.0,1000.0,12403800.0
1067,2021-10-20 07:21:09,39900.0,300.0,12402800.0
1068,2021-10-20 07:21:09,39900.0,100.0,12402500.0
1069,2021-10-20 07:21:09,39900.0,100.0,12402400.0
1070,2021-10-20 07:21:09,39900.0,100.0,12402300.0
1071,2021-10-20 07:21:09,39900.0,100.0,12402200.0
1072,2021-10-20 07:21:09,39900.0,300.0,12402100.0
1073,2021-10-20 07:21:09,39900.0,1000.0,12401800.0
1074,2021-10-20 07:21:09,39950.0,500.0,12400800.0
1075,2021-10-20 07:21:08,39950.0,1000.0,12400300.0
1076,2021-10-20 07:21:07,39950.0,100.0,12399300.0
1077,2021-10-20 07:21:07,39950.0,1000.0,12399200.0
1078,2021-10-20 07:21:07,39950.0,1000.0,12398200.0
1079,2021-10-20 07:21:07,39950.0,100.0,12397200.0
1080,2021-10-20 07:21:07,39950.0,100.0,12397100.0
1081,2021-10-20 07:21:07,39950.0,500.0,12397000.0
1082,2021-10-20 07:21:07,39950.0,4000.0,12396500.0
1083,2021-10-20 07:21:07,39950.0,100.0,12392500.0
1084,2021-10-20 07:21:07,39950.0,100.0,12392400.0
1085,2021-10-20 07:21:07,39950.0,1000.0,12392300.0
1086,2021-10-20 07:21:07,39950.0,700.0,12391300.0
1087,2021-10-20 07:21:07,39950.0,100.0,12390600.0
1088,2021-10-20 07:21:07,39950.0,300.0,12390500.0
1089,2021-10-20 07:21:07,39950.0,200.0,12390200.0
1090,2021-10-20 07:21:07,39950.0,100.0,12390000.0
1091,2021-10-20 07:21:07,39950.0,200.0,12389900.0
1092,2021-10-20 07:21:07,39950.0,300.0,12389700.0
1093,2021-10-20 07:21:07,39950.0,500.0,12389400.0
1094,2021-10-20 07:21:07,39950.0,21000.0,12388900.0
1095,2021-10-20 07:21:07,39950.0,100.0,12367900.0
1096,2021-10-20 07:21:07,39950.0,500.0,12367800.0
1097,2021-10-20 07:21:07,39950.0,600.0,12367300.0
1098,2021-10-20 07:21:07,39950.0,100.0,12366700.0
1099,2021-10-20 07:21:07,39950.0,100.0,12366600.0
1100,2021-10-20 07:21:07,39950.0,100.0,12366500.0
1101,2021-10-20 07:21:07,39950.0,300.0,12366400.0
1102,2021-10-20 07:21:07,39950.0,500.0,12366100.0
1103,2021-10-20 07:21:07,39950.0,100.0,12365600.0
1104,2021-10-20 07:21:07,39950.0,1000.0,12365500.0
1105,2021-10-20 07:21:07,39950.0,500.0,12364500.0
1106,2021-10-20 07:21:07,39950.0,100.0,12364000.0
1107,2021-10-20 07:21:07,39950.0,500.0,12363900.0
1108,2021-10-20 07:21:07,39950.0,100.0,12363400.0
1109,2021-10-20 07:21:07,39950.0,500.0,12363300.0
1110,2021-10-20 07:21:07,39950.0,500.0,12362800.0
1111,2021-10-20 07:21:07,39950.0,100.0,12362300.0
1112,2021-10-20 07:21:07,39950.0,2000.0,12362200.0
1113,2021-10-20 07:21:07,39950.0,200.0,12360200.0
1114,2021-10-20 07:21:07,39950.0,700.0,12360000.0
1115,2021-10-20 07:21:07,40000.0,5000.0,12359300.0
1116,2021-10-20 07:21:07,40000.0,5000.0,12354300.0
1117,2021-10-20 07:21:07,40000.0,500.0,12349300.0
1118,2021-10-20 07:21:05,39950.0,900.0,12348800.0
1119,2021-10-20 07:21:05,39950.0,2000.0,12347900.0
1120,2021-10-20 07:21:01,39950.0,2000.0,12345900.0
1121,2021-10-20 07:20:59,39950.0,3400.0,12343900.0
1122,2021-10-20 07:20:59,39950.0,100.0,12340500.0
1123,2021-10-20 07:20:59,39950.0,200.0,12340400.0
1124,2021-10-20 07:20:59,39950.0,100.0,12340200.0
1125,2021-10-20 07:20:59,39950.0,300.0,12340100.0
1126,2021-10-20 07:20:59,39950.0,500.0,12339800.0
1127,2021-10-20 07:20:59,39950.0,1000.0,12339300.0
1128,2021-10-20 07:20:59,39950.0,100.0,12338300.0
1129,2021-10-20 07:20:59,39950.0,100.0,12338200.0
1130,2021-10-20 07:20:59,39950.0,1000.0,12338100.0
1131,2021-10-20 07:20:59,39950.0,1000.0,12337100.0
1132,2021-10-20 07:20:59,39950.0,1000.0,12336100.0
1133,2021-10-20 07:20:59,40000.0,10900.0,12335100.0
1134,2021-10-20 07:20:58,40000.0,200.0,12324200.0
1135,2021-10-20 07:20:58,40000.0,10900.0,12324000.0
1136,2021-10-20 07:20:57,40000.0,1000.0,12313100.0
1137,2021-10-20 07:20:57,39950.0,100.0,12312100.0
1138,2021-10-20 07:20:57,39950.0,500.0,12312000.0
1139,2021-10-20 07:20:57,39950.0,100.0,12311500.0
1140,2021-10-20 07:20:57,39950.0,100.0,12311400.0
1141,2021-10-20 07:20:57,39950.0,500.0,12311300.0
1142,2021-10-20 07:20:57,39950.0,200.0,12310800.0
1143,2021-10-20 07:20:57,39950.0,100.0,12310600.0
1144,2021-10-20 07:20:57,39950.0,400.0,12310500.0
1145,2021-10-20 07:20:56,39950.0,100.0,12310100.0
1146,2021-10-20 07:20:56,39950.0,700.0,12310000.0
1147,2021-10-20 07:20:56,39950.0,500.0,12309300.0
1148,2021-10-20 07:20:56,40000.0,3100.0,12308800.0
1149,2021-10-20 07:20:56,40000.0,1600.0,12305700.0
1150,2021-10-20 07:20:56,40000.0,2000.0,12304100.0
1151,2021-10-20 07:20:56,40000.0,500.0,12302100.0
1152,2021-10-20 07:20:56,40000.0,100.0,12301600.0
1153,2021-10-20 07:20:56,40000.0,3500.0,12301500.0
1154,2021-10-20 07:20:56,40000.0,900.0,12298000.0
1155,2021-10-20 07:20:53,39950.0,100.0,12297100.0
1156,2021-10-20 07:20:53,39950.0,100.0,12297000.0
1157,2021-10-20 07:20:53,39950.0,100.0,12296900.0
1158,2021-10-20 07:20:53,39950.0,100.0,12296800.0
1159,2021-10-20 07:20:53,39950.0,100.0,12296700.0
1160,2021-10-20 07:20:53,39950.0,200.0,12296600.0
1161,2021-10-20 07:20:53,39950.0,200.0,12296400.0
1162,2021-10-20 07:20:53,39950.0,1000.0,12296200.0
1163,2021-10-20 07:20:53,39950.0,500.0,12295200.0
1164,2021-10-20 07:20:53,39950.0,100.0,12294700.0
1165,2021-10-20 07:20:53,39950.0,200.0,12294600.0
1166,2021-10-20 07:20:51,40000.0,500.0,12294400.0
1167,2021-10-20 07:20:51,40000.0,200.0,12293900.0
1168,2021-10-20 07:20:50,40000.0,100.0,12293700.0
1169,2021-10-20 07:20:50,40000.0,300.0,12293600.0
1170,2021-10-20 07:20:50,40000.0,100.0,12293300.0
1171,2021-10-20 07:20:50,40000.0,600.0,12293200.0
1172,2021-10-20 07:20:50,40000.0,400.0,12292600.0
1173,2021-10-20 07:20:49,40000.0,500.0,12292200.0
1174,2021-10-20 07:20:49,39950.0,800.0,12291700.0
1175,2021-10-20 07:20:49,39950.0,100.0,12290900.0
1176,2021-10-20 07:20:49,39950.0,500.0,12290800.0
1177,2021-10-20 07:20:49,39950.0,600.0,12290300.0
1178,2021-10-20 07:20:48,39950.0,4400.0,12289700.0
1179,2021-10-20 07:20:48,39950.0,200.0,12285300.0
1180,2021-10-20 07:20:48,39950.0,100.0,12285100.0
1181,2021-10-20 07:20:48,39950.0,100.0,12285000.0
1182,2021-10-20 07:20:48,39950.0,200.0,12284900.0
1183,2021-10-20 07:20:48,39950.0,100.0,12284700.0
1184,2021-10-20 07:20:48,39950.0,500.0,12284600.0
1185,2021-10-20 07:20:48,39950.0,200.0,12284100.0
1186,2021-10-20 07:20:48,39950.0,200.0,12283900.0
1187,2021-10-20 07:20:45,39950.0,200.0,12283700.0
1188,2021-10-20 07:20:45,39950.0,100.0,12283500.0
1189,2021-10-20 07:20:45,39950.0,100.0,12283400.0
1190,2021-10-20 07:20:45,39950.0,500.0,12283300.0
1191,2021-10-20 07:20:45,39950.0,500.0,12282800.0
1192,2021-10-20 07:20:45,39950.0,100.0,12282300.0
1193,2021-10-20 07:20:45,39950.0,3500.0,12282200.0
1194,2021-10-20 07:20:45,40000.0,1100.0,12278700.0
1195,2021-10-20 07:20:45,40000.0,100.0,12277600.0
1196,2021-10-20 07:20:45,40000.0,200.0,12277500.0
1197,2021-10-20 07:20:45,40000.0,200.0,12277300.0
1198,2021-10-20 07:20:45,40000.0,2000.0,12277100.0
1199,2021-10-20 07:20:45,40000.0,3900.0,12275100.0
1200,2021-10-20 07:20:44,39950.0,400.0,12271200.0
1201,2021-10-20 07:20:44,39950.0,1100.0,12270800.0
1202,2021-10-20 07:20:44,39950.0,100.0,12269700.0
1203,2021-10-20 07:20:44,39950.0,100.0,12269600.0
1204,2021-10-20 07:20:44,39950.0,100.0,12269500.0
1205,2021-10-20 07:20:44,39950.0,600.0,12269400.0
1206,2021-10-20 07:20:42,39950.0,2400.0,12268800.0
1207,2021-10-20 07:20:42,39950.0,200.0,12266400.0
1208,2021-10-20 07:20:42,39950.0,400.0,12266200.0
1209,2021-10-20 07:20:42,40000.0,10000.0,12265800.0
1210,2021-10-20 07:20:40,39950.0,100.0,12255800.0
1211,2021-10-20 07:20:40,39950.0,2900.0,12255700.0
1212,2021-10-20 07:20:40,40000.0,200.0,12252800.0
1213,2021-10-20 07:20:40,39950.0,2000.0,12252600.0
1214,2021-10-20 07:20:40,39950.0,10000.0,12250600.0
1215,2021-10-20 07:20:36,39950.0,2000.0,12240600.0
1216,2021-10-20 07:20:34,40000.0,400.0,12238600.0
1217,2021-10-20 07:20:34,40000.0,100.0,12238200.0
1218,2021-10-20 07:20:33,40000.0,1000.0,12238100.0
1219,2021-10-20 07:20:33,40000.0,4400.0,12237100.0
1220,2021-10-20 07:20:33,40000.0,600.0,12232700.0
1221,2021-10-20 07:20:32,40000.0,500.0,12232100.0
1222,2021-10-20 07:20:32,40000.0,2000.0,12231600.0
1223,2021-10-20 07:20:31,40000.0,600.0,12229600.0
1224,2021-10-20 07:20:31,40000.0,1600.0,12229000.0
1225,2021-10-20 07:20:30,40000.0,300.0,12227400.0
1226,2021-10-20 07:20:28,40000.0,2000.0,12227100.0
1227,2021-10-20 07:20:26,40000.0,2000.0,12225100.0
1228,2021-10-20 07:20:26,40000.0,1300.0,12223100.0
1229,2021-10-20 07:20:26,40000.0,1000.0,12221800.0
1230,2021-10-20 07:20:26,40000.0,600.0,12220800.0
1231,2021-10-20 07:20:26,40000.0,300.0,12220200.0
1232,2021-10-20 07:20:26,40000.0,200.0,12219900.0
1233,2021-10-20 07:20:26,40000.0,4600.0,12219700.0
1234,2021-10-20 07:20:26,40000.0,500.0,12215100.0
1235,2021-10-20 07:20:26,40000.0,1500.0,12214600.0
1236,2021-10-20 07:20:26,40000.0,400.0,12213100.0
1237,2021-10-20 07:20:26,40000.0,3300.0,12212700.0
1238,2021-10-20 07:20:26,40000.0,100.0,12209400.0
1239,2021-10-20 07:20:26,40000.0,500.0,12209300.0
1240,2021-10-20 07:20:26,40000.0,1000.0,12208800.0
1241,2021-10-20 07:20:26,40000.0,500.0,12207800.0
1242,2021-10-20 07:20:26,40000.0,300.0,12207300.0
1243,2021-10-20 07:20:26,40000.0,2000.0,12207000.0
1244,2021-10-20 07:20:26,40000.0,100.0,12205000.0
1245,2021-10-20 07:20:26,40000.0,8000.0,12204900.0
1246,2021-10-20 07:20:26,40000.0,1400.0,12196900.0
1247,2021-10-20 07:20:26,40000.0,1500.0,12195500.0
1248,2021-10-20 07:20:26,40000.0,1000.0,12194000.0
1249,2021-10-20 07:20:26,40000.0,200.0,12193000.0
1250,2021-10-20 07:20:26,40000.0,2000.0,12192800.0
1251,2021-10-20 07:20:26,40000.0,1500.0,12190800.0
1252,2021-10-20 07:20:26,40000.0,1800.0,12189300.0
1253,2021-10-20 07:20:26,40000.0,400.0,12187500.0
1254,2021-10-20 07:20:24,39950.0,2000.0,12187100.0
1255,2021-10-20 07:20:22,39950.0,2000.0,12185100.0
1256,2021-10-20 07:20:21,39950.0,10000.0,12183100.0
1257,2021-10-20 07:20:21,39950.0,1500.0,12173100.0
1258,2021-10-20 07:20:20,39950.0,1300.0,12171600.0
1259,2021-10-20 07:20:19,39950.0,500.0,12170300.0
1260,2021-10-20 07:20:19,39950.0,2200.0,12169800.0
1261,2021-10-20 07:20:18,39950.0,500.0,12167600.0
1262,2021-10-20 07:20:18,39950.0,400.0,12167100.0
1263,2021-10-20 07:20:17,40000.0,200.0,12166700.0
1264,2021-10-20 07:20:17,40000.0,300.0,12166500.0
1265,2021-10-20 07:20:16,39950.0,2000.0,12166200.0
1266,2021-10-20 07:20:14,40000.0,500.0,12164200.0
1267,2021-10-20 07:20:13,39950.0,400.0,12163700.0
1268,2021-10-20 07:20:13,39950.0,100.0,12163300.0
1269,2021-10-20 07:20:12,39950.0,3000.0,12163200.0
1270,2021-10-20 07:20:11,39950.0,2000.0,12160200.0
1271,2021-10-20 07:20:10,39950.0,100.0,12158200.0
1272,2021-10-20 07:20:10,39950.0,1600.0,12158100.0
1273,2021-10-20 07:20:09,39950.0,1000.0,12156500.0
1274,2021-10-20 07:20:07,39950.0,500.0,12155500.0
1275,2021-10-20 07:20:06,39950.0,800.0,12155000.0
1276,2021-10-20 07:20:06,39950.0,2000.0,12154200.0
1277,2021-10-20 07:20:05,40000.0,100.0,12152200.0
1278,2021-10-20 07:20:04,40000.0,1000.0,12152100.0
1279,2021-10-20 07:20:04,39950.0,300.0,12151100.0
1280,2021-10-20 07:20:03,39950.0,9200.0,12150800.0
1281,2021-10-20 07:20:03,40000.0,500.0,12141600.0
1282,2021-10-20 07:20:02,39950.0,2000.0,12141100.0
1283,2021-10-20 07:20:02,39950.0,3500.0,12139100.0
1284,2021-10-20 07:20:02,39950.0,6500.0,12135600.0
1285,2021-10-20 07:20:02,40000.0,1000.0,12129100.0
1286,2021-10-20 07:20:01,40000.0,900.0,12128100.0
1287,2021-10-20 07:20:01,40000.0,200.0,12127200.0
1288,2021-10-20 07:20:01,40000.0,200.0,12127000.0
1289,2021-10-20 07:20:01,40000.0,800.0,12126800.0
1290,2021-10-20 07:20:01,40000.0,200.0,12126000.0
1291,2021-10-20 07:20:01,40000.0,200.0,12125800.0
1292,2021-10-20 07:19:58,39950.0,2000.0,12125600.0
1293,2021-10-20 07:19:58,39950.0,500.0,12123600.0
1294,2021-10-20 07:19:58,40000.0,100.0,12123100.0
1295,2021-10-20 07:19:54,39950.0,2000.0,12123000.0
1296,2021-10-20 07:19:54,40000.0,300.0,12121000.0
1297,2021-10-20 07:19:54,40000.0,100.0,12120700.0
1298,2021-10-20 07:19:54,40000.0,500.0,12120600.0
1299,2021-10-20 07:19:53,40000.0,500.0,12120100.0
1300,2021-10-20 07:19:52,39950.0,4000.0,12119600.0
1301,2021-10-20 07:19:51,39950.0,2000.0,12115600.0
1302,2021-10-20 07:19:49,40000.0,600.0,12113600.0
1303,2021-10-20 07:19:49,40000.0,400.0,12113000.0
1304,2021-10-20 07:19:49,39950.0,800.0,12112600.0
1305,2021-10-20 07:19:49,39950.0,200.0,12111800.0
1306,2021-10-20 07:19:49,39950.0,100.0,12111600.0
1307,2021-10-20 07:19:49,40000.0,100.0,12111500.0
1308,2021-10-20 07:19:49,39950.0,1600.0,12111400.0
1309,2021-10-20 07:19:48,39950.0,100.0,12109800.0
1310,2021-10-20 07:19:47,39950.0,1000.0,12109700.0
1311,2021-10-20 07:19:47,39950.0,2000.0,12108700.0
1312,2021-10-20 07:19:46,39950.0,6000.0,12106700.0
1313,2021-10-20 07:19:45,40000.0,500.0,12100700.0
1314,2021-10-20 07:19:45,40000.0,100.0,12100200.0
1315,2021-10-20 07:19:45,40000.0,600.0,12100100.0
1316,2021-10-20 07:19:44,40000.0,100.0,12099500.0
1317,2021-10-20 07:19:43,40000.0,200.0,12099400.0
1318,2021-10-20 07:19:42,39950.0,2000.0,12099200.0
1319,2021-10-20 07:19:41,40000.0,100.0,12097200.0
1320,2021-10-20 07:19:41,40000.0,100.0,12097100.0
1321,2021-10-20 07:19:41,40000.0,2000.0,12097000.0
1322,2021-10-20 07:19:41,40000.0,100.0,12095000.0
1323,2021-10-20 07:19:41,40000.0,100.0,12094900.0
1324,2021-10-20 07:19:41,40000.0,900.0,12094800.0
1325,2021-10-20 07:19:41,40000.0,500.0,12093900.0
1326,2021-10-20 07:19:41,40000.0,100.0,12093400.0
1327,2021-10-20 07:19:41,40000.0,500.0,12093300.0
1328,2021-10-20 07:19:41,40000.0,500.0,12092800.0
1329,2021-10-20 07:19:41,40000.0,1000.0,12092300.0
1330,2021-10-20 07:19:41,40000.0,500.0,12091300.0
1331,2021-10-20 07:19:41,40000.0,3000.0,12090800.0
1332,2021-10-20 07:19:41,40000.0,500.0,12087800.0
1333,2021-10-20 07:19:41,40000.0,2000.0,12087300.0
1334,2021-10-20 07:19:41,40000.0,2000.0,12085300.0
1335,2021-10-20 07:19:41,40000.0,1000.0,12083300.0
1336,2021-10-20 07:19:41,40000.0,4200.0,12082300.0
1337,2021-10-20 07:19:41,40000.0,200.0,12078100.0
1338,2021-10-20 07:19:40,40000.0,600.0,12077900.0
1339,2021-10-20 07:19:40,40000.0,100.0,12077300.0
1340,2021-10-20 07:19:40,40000.0,100.0,12077200.0
1341,2021-10-20 07:19:40,40000.0,300.0,12077100.0
1342,2021-10-20 07:19:40,40000.0,100.0,12076800.0
1343,2021-10-20 07:19:40,40000.0,100.0,12076700.0
1344,2021-10-20 07:19:40,40000.0,200.0,12076600.0
1345,2021-10-20 07:19:40,40000.0,100.0,12076400.0
1346,2021-10-20 07:19:40,40000.0,400.0,12076300.0
1347,2021-10-20 07:19:40,40000.0,100.0,12075900.0
1348,2021-10-20 07:19:40,40000.0,500.0,12075800.0
1349,2021-10-20 07:19:40,40000.0,100.0,12075300.0
1350,2021-10-20 07:19:40,40000.0,1000.0,12075200.0
1351,2021-10-20 07:19:40,40000.0,600.0,12074200.0
1352,2021-10-20 07:19:40,40000.0,100.0,12073600.0
1353,2021-10-20 07:19:40,40000.0,200.0,12073500.0
1354,2021-10-20 07:19:40,40000.0,100.0,12073300.0
1355,2021-10-20 07:19:40,40000.0,200.0,12073200.0
1356,2021-10-20 07:19:40,40000.0,200.0,12073000.0
1357,2021-10-20 07:19:40,40000.0,500.0,12072800.0
1358,2021-10-20 07:19:40,40000.0,500.0,12072300.0
1359,2021-10-20 07:19:40,40000.0,100.0,12071800.0
1360,2021-10-20 07:19:40,40000.0,100.0,12071700.0
1361,2021-10-20 07:19:40,40000.0,2000.0,12071600.0
1362,2021-10-20 07:19:40,40000.0,2000.0,12069600.0
1363,2021-10-20 07:19:40,40000.0,200.0,12067600.0
1364,2021-10-20 07:19:40,40000.0,300.0,12067400.0
1365,2021-10-20 07:19:40,40000.0,100.0,12067100.0
1366,2021-10-20 07:19:40,40000.0,500.0,12067000.0
1367,2021-10-20 07:19:40,40000.0,1000.0,12066500.0
1368,2021-10-20 07:19:40,40000.0,2000.0,12065500.0
1369,2021-10-20 07:19:40,40000.0,100.0,12063500.0
1370,2021-10-20 07:19:40,40000.0,100.0,12063400.0
1371,2021-10-20 07:19:40,40000.0,500.0,12063300.0
1372,2021-10-20 07:19:40,40000.0,100.0,12062800.0
1373,2021-10-20 07:19:40,40000.0,300.0,12062700.0
1374,2021-10-20 07:19:40,40000.0,100.0,12062400.0
1375,2021-10-20 07:19:40,40000.0,5000.0,12062300.0
1376,2021-10-20 07:19:40,40000.0,100.0,12057300.0
1377,2021-10-20 07:19:40,40000.0,200.0,12057200.0
1378,2021-10-20 07:19:40,40000.0,200.0,12057000.0
1379,2021-10-20 07:19:40,40000.0,500.0,12056800.0
1380,2021-10-20 07:19:40,40000.0,100.0,12056300.0
1381,2021-10-20 07:19:40,40000.0,1300.0,12056200.0
1382,2021-10-20 07:19:40,40000.0,1000.0,12054900.0
1383,2021-10-20 07:19:40,40000.0,500.0,12053900.0
1384,2021-10-20 07:19:40,40000.0,200.0,12053400.0
1385,2021-10-20 07:19:40,40000.0,1000.0,12053200.0
1386,2021-10-20 07:19:40,40000.0,100.0,12052200.0
1387,2021-10-20 07:19:40,40000.0,100.0,12052100.0
1388,2021-10-20 07:19:40,40000.0,500.0,12052000.0
1389,2021-10-20 07:19:40,40000.0,100.0,12051500.0
1390,2021-10-20 07:19:40,40000.0,500.0,12051400.0
1391,2021-10-20 07:19:40,40000.0,300.0,12050900.0
1392,2021-10-20 07:19:40,40000.0,1000.0,12050600.0
1393,2021-10-20 07:19:40,40000.0,100.0,12049600.0
1394,2021-10-20 07:19:40,40000.0,200.0,12049500.0
1395,2021-10-20 07:19:40,40000.0,300.0,12049300.0
1396,2021-10-20 07:19:40,40000.0,100.0,12049000.0
1397,2021-10-20 07:19:40,40000.0,300.0,12048900.0
1398,2021-10-20 07:19:40,40000.0,1000.0,12048600.0
1399,2021-10-20 07:19:40,40000.0,1000.0,12047600.0
1400,2021-10-20 07:19:40,40000.0,300.0,12046600.0
1401,2021-10-20 07:19:40,40000.0,100.0,12046300.0
1402,2021-10-20 07:19:40,40000.0,200.0,12046200.0
1403,2021-10-20 07:19:40,40000.0,400.0,12046000.0
1404,2021-10-20 07:19:40,40000.0,100.0,12045600.0
1405,2021-10-20 07:19:40,40000.0,1600.0,12045500.0
1406,2021-10-20 07:19:40,40000.0,1400.0,12043900.0
1407,2021-10-20 07:19:40,40000.0,1000.0,12042500.0
1408,2021-10-20 07:19:40,40000.0,100.0,12041500.0
1409,2021-10-20 07:19:40,40000.0,500.0,12041400.0
1410,2021-10-20 07:19:40,40000.0,100.0,12040900.0
1411,2021-10-20 07:19:40,40000.0,100.0,12040800.0
1412,2021-10-20 07:19:40,40000.0,500.0,12040700.0
1413,2021-10-20 07:19:40,40000.0,200.0,12040200.0
1414,2021-10-20 07:19:40,40000.0,300.0,12040000.0
1415,2021-10-20 07:19:40,40000.0,200.0,12039700.0
1416,2021-10-20 07:19:40,40000.0,300.0,12039500.0
1417,2021-10-20 07:19:40,40000.0,100.0,12039200.0
1418,2021-10-20 07:19:40,40000.0,100.0,12039100.0
1419,2021-10-20 07:19:40,40000.0,500.0,12039000.0
1420,2021-10-20 07:19:40,40000.0,1000.0,12038500.0
1421,2021-10-20 07:19:40,40000.0,100.0,12037500.0
1422,2021-10-20 07:19:40,40000.0,1000.0,12037400.0
1423,2021-10-20 07:19:40,40000.0,500.0,12036400.0
1424,2021-10-20 07:19:40,40000.0,2000.0,12035900.0
1425,2021-10-20 07:19:40,40000.0,200.0,12033900.0
1426,2021-10-20 07:19:40,40000.0,100.0,12033700.0
1427,2021-10-20 07:19:40,40000.0,100.0,12033600.0
1428,2021-10-20 07:19:40,40000.0,300.0,12033500.0
1429,2021-10-20 07:19:40,40000.0,500.0,12033200.0
1430,2021-10-20 07:19:40,40000.0,200.0,12032700.0
1431,2021-10-20 07:19:40,40000.0,10000.0,12032500.0
1432,2021-10-20 07:19:40,40000.0,100.0,12022500.0
1433,2021-10-20 07:19:40,40000.0,1000.0,12022400.0
1434,2021-10-20 07:19:40,40000.0,100.0,12021400.0
1435,2021-10-20 07:19:40,40000.0,1000.0,12021300.0
1436,2021-10-20 07:19:40,40000.0,100.0,12020300.0
1437,2021-10-20 07:19:40,40000.0,10000.0,12020200.0
1438,2021-10-20 07:19:40,40000.0,1000.0,12010200.0
1439,2021-10-20 07:19:40,40000.0,100.0,12009200.0
1440,2021-10-20 07:19:40,40000.0,100.0,12009100.0
1441,2021-10-20 07:19:40,40000.0,500.0,12009000.0
1442,2021-10-20 07:19:40,40000.0,500.0,12008500.0
1443,2021-10-20 07:19:40,40000.0,1000.0,12008000.0
1444,2021-10-20 07:19:40,40000.0,3200.0,12007000.0
1445,2021-10-20 07:19:40,40000.0,100.0,12003800.0
1446,2021-10-20 07:19:40,40000.0,500.0,12003700.0
1447,2021-10-20 07:19:40,40000.0,300.0,12003200.0
1448,2021-10-20 07:19:40,40000.0,100.0,12002900.0
1449,2021-10-20 07:19:40,40000.0,1000.0,12002800.0
1450,2021-10-20 07:19:40,40000.0,100.0,12001800.0
1451,2021-10-20 07:19:40,40000.0,1000.0,12001700.0
1452,2021-10-20 07:19:40,40000.0,200.0,12000700.0
1453,2021-10-20 07:19:40,40000.0,500.0,12000500.0
1454,2021-10-20 07:19:40,40000.0,200.0,12000000.0
1455,2021-10-20 07:19:40,40000.0,200.0,11999800.0
1456,2021-10-20 07:19:40,40000.0,3000.0,11999600.0
1457,2021-10-20 07:19:40,40000.0,100.0,11996600.0
1458,2021-10-20 07:19:40,40000.0,100.0,11996500.0
1459,2021-10-20 07:19:40,40000.0,100.0,11996400.0
1460,2021-10-20 07:19:40,40000.0,200.0,11996300.0
1461,2021-10-20 07:19:40,40000.0,200.0,11996100.0
1462,2021-10-20 07:19:40,40000.0,300.0,11995900.0
1463,2021-10-20 07:19:40,40000.0,2000.0,11995600.0
1464,2021-10-20 07:19:40,40000.0,1000.0,11993600.0
1465,2021-10-20 07:19:40,40000.0,2700.0,11992600.0
1466,2021-10-20 07:19:39,40000.0,2300.0,11989900.0
1467,2021-10-20 07:19:39,40000.0,200.0,11987600.0
1468,2021-10-20 07:19:39,40000.0,200.0,11987400.0
1469,2021-10-20 07:19:39,40000.0,1000.0,11987200.0
1470,2021-10-20 07:19:39,40000.0,100.0,11986200.0
1471,2021-10-20 07:19:39,40000.0,200.0,11986100.0
1472,2021-10-20 07:19:39,40000.0,500.0,11985900.0
1473,2021-10-20 07:19:39,40000.0,500.0,11985400.0
1474,2021-10-20 07:19:39,40000.0,800.0,11984900.0
1475,2021-10-20 07:19:39,40000.0,400.0,11984100.0
1476,2021-10-20 07:19:39,40000.0,100.0,11983700.0
1477,2021-10-20 07:19:39,40000.0,100.0,11983600.0
1478,2021-10-20 07:19:39,40000.0,500.0,11983500.0
1479,2021-10-20 07:19:39,40000.0,900.0,11983000.0
1480,2021-10-20 07:19:39,40000.0,200.0,11982100.0
1481,2021-10-20 07:19:39,40000.0,500.0,11981900.0
1482,2021-10-20 07:19:39,40000.0,100.0,11981400.0
1483,2021-10-20 07:19:39,40000.0,1000.0,11981300.0
1484,2021-10-20 07:19:39,40000.0,200.0,11980300.0
1485,2021-10-20 07:19:39,40000.0,200.0,11980100.0
1486,2021-10-20 07:19:39,40000.0,500.0,11979900.0
1487,2021-10-20 07:19:39,40000.0,600.0,11979400.0
1488,2021-10-20 07:19:39,40000.0,100.0,11978800.0
1489,2021-10-20 07:19:39,40000.0,100.0,11978700.0
1490,2021-10-20 07:19:39,40000.0,700.0,11978600.0
1491,2021-10-20 07:19:36,40000.0,1500.0,11977900.0
1492,2021-10-20 07:19:35,40000.0,800.0,11976400.0
1493,2021-10-20 07:19:35,40000.0,300.0,11975600.0
1494,2021-10-20 07:19:35,40000.0,500.0,11975300.0
1495,2021-10-20 07:19:35,40000.0,100.0,11974800.0
1496,2021-10-20 07:19:35,40000.0,100.0,11974700.0
1497,2021-10-20 07:19:35,40000.0,100.0,11974600.0
1498,2021-10-20 07:19:35,40000.0,300.0,11974500.0
1499,2021-10-20 07:19:35,40000.0,300.0,11974200.0
1500,2021-10-20 07:19:35,40000.0,3000.0,11973900.0
1501,2021-10-20 07:19:35,40000.0,200.0,11970900.0
1502,2021-10-20 07:19:35,40000.0,500.0,11970700.0
1503,2021-10-20 07:19:35,40000.0,200.0,11970200.0
1504,2021-10-20 07:19:35,40000.0,100.0,11970000.0
1505,2021-10-20 07:19:35,40000.0,100.0,11969900.0
1506,2021-10-20 07:19:35,40000.0,2600.0,11969800.0
1507,2021-10-20 07:19:34,40000.0,300.0,11967200.0
1508,2021-10-20 07:19:34,40000.0,2000.0,11966900.0
1509,2021-10-20 07:19:33,40000.0,100.0,11964900.0
1510,2021-10-20 07:19:33,40000.0,100.0,11964800.0
1511,2021-10-20 07:19:33,40000.0,100.0,11964700.0
1512,2021-10-20 07:19:33,40000.0,200.0,11964600.0
1513,2021-10-20 07:19:33,40000.0,100.0,11964400.0
1514,2021-10-20 07:19:33,40000.0,100.0,11964300.0
1515,2021-10-20 07:19:33,40000.0,2000.0,11964200.0
1516,2021-10-20 07:19:33,40000.0,1000.0,11962200.0
1517,2021-10-20 07:19:33,40000.0,200.0,11961200.0
1518,2021-10-20 07:19:33,40000.0,600.0,11961000.0
1519,2021-10-20 07:19:33,40000.0,100.0,11960400.0
1520,2021-10-20 07:19:33,40000.0,500.0,11960300.0
1521,2021-10-20 07:19:33,40000.0,500.0,11959800.0
1522,2021-10-20 07:19:33,40000.0,1000.0,11959300.0
1523,2021-10-20 07:19:33,40000.0,400.0,11958300.0
1524,2021-10-20 07:19:33,40000.0,500.0,11957900.0
1525,2021-10-20 07:19:33,40000.0,500.0,11957400.0
1526,2021-10-20 07:19:33,40000.0,1000.0,11956900.0
1527,2021-10-20 07:19:33,40000.0,1000.0,11955900.0
1528,2021-10-20 07:19:33,40000.0,100.0,11954900.0
1529,2021-10-20 07:19:33,40000.0,5000.0,11954800.0
1530,2021-10-20 07:19:33,40000.0,100.0,11949800.0
1531,2021-10-20 07:19:33,40000.0,100.0,11949700.0
1532,2021-10-20 07:19:33,40000.0,500.0,11949600.0
1533,2021-10-20 07:19:33,40000.0,400.0,11949100.0
1534,2021-10-20 07:19:33,40000.0,200.0,11948700.0
1535,2021-10-20 07:19:33,40000.0,1000.0,11948500.0
1536,2021-10-20 07:19:33,40000.0,200.0,11947500.0
1537,2021-10-20 07:19:33,40000.0,1000.0,11947300.0
1538,2021-10-20 07:19:33,40000.0,100.0,11946300.0
1539,2021-10-20 07:19:33,40000.0,100.0,11946200.0
1540,2021-10-20 07:19:33,40000.0,100.0,11946100.0
1541,2021-10-20 07:19:33,40000.0,400.0,11946000.0
1542,2021-10-20 07:19:33,40000.0,200.0,11945600.0
1543,2021-10-20 07:19:33,40000.0,200.0,11945400.0
1544,2021-10-20 07:19:33,40000.0,100.0,11945200.0
1545,2021-10-20 07:19:33,40000.0,100.0,11945100.0
1546,2021-10-20 07:19:33,40000.0,200.0,11945000.0
1547,2021-10-20 07:19:33,40000.0,200.0,11944800.0
1548,2021-10-20 07:19:32,40000.0,800.0,11944600.0
1549,2021-10-20 07:19:32,40000.0,300.0,11943800.0
1550,2021-10-20 07:19:32,40000.0,100.0,11943500.0
1551,2021-10-20 07:19:32,40000.0,400.0,11943400.0
1552,2021-10-20 07:19:32,40000.0,500.0,11943000.0
1553,2021-10-20 07:19:32,40000.0,100.0,11942500.0
1554,2021-10-20 07:19:32,40000.0,100.0,11942400.0
1555,2021-10-20 07:19:32,40000.0,100.0,11942300.0
1556,2021-10-20 07:19:32,40000.0,100.0,11942200.0
1557,2021-10-20 07:19:32,40000.0,100.0,11942100.0
1558,2021-10-20 07:19:32,40000.0,100.0,11942000.0
1559,2021-10-20 07:19:32,40000.0,5000.0,11941900.0
1560,2021-10-20 07:19:32,40000.0,100.0,11936900.0
1561,2021-10-20 07:19:32,40000.0,100.0,11936800.0
1562,2021-10-20 07:19:32,40000.0,200.0,11936700.0
1563,2021-10-20 07:19:32,40000.0,100.0,11936500.0
1564,2021-10-20 07:19:32,40000.0,100.0,11936400.0
1565,2021-10-20 07:19:32,40000.0,100.0,11936300.0
1566,2021-10-20 07:19:32,40000.0,200.0,11936200.0
1567,2021-10-20 07:19:32,40000.0,100.0,11936000.0
1568,2021-10-20 07:19:32,40000.0,100.0,11935900.0
1569,2021-10-20 07:19:32,40000.0,100.0,11935800.0
1570,2021-10-20 07:19:32,40000.0,100.0,11935700.0
1571,2021-10-20 07:19:32,40000.0,200.0,11935600.0
1572,2021-10-20 07:19:32,40000.0,1000.0,11935400.0
1573,2021-10-20 07:19:32,40000.0,300.0,11934400.0
1574,2021-10-20 07:19:32,40000.0,100.0,11934100.0
1575,2021-10-20 07:19:32,40000.0,500.0,11934000.0
1576,2021-10-20 07:19:32,40000.0,1000.0,11933500.0
1577,2021-10-20 07:19:32,40000.0,100.0,11932500.0
1578,2021-10-20 07:19:32,40000.0,100.0,11932400.0
1579,2021-10-20 07:19:32,40000.0,100.0,11932300.0
1580,2021-10-20 07:19:32,40000.0,200.0,11932200.0
1581,2021-10-20 07:19:32,40000.0,1000.0,11932000.0
1582,2021-10-20 07:19:32,40000.0,1000.0,11931000.0
1583,2021-10-20 07:19:32,40000.0,100.0,11930000.0
1584,2021-10-20 07:19:32,40000.0,1000.0,11929900.0
1585,2021-10-20 07:19:32,40000.0,8000.0,11928900.0
1586,2021-10-20 07:19:32,40000.0,200.0,11920900.0
1587,2021-10-20 07:19:32,40000.0,500.0,11920700.0
1588,2021-10-20 07:19:32,40000.0,3000.0,11920200.0
1589,2021-10-20 07:19:32,40000.0,200.0,11917200.0
1590,2021-10-20 07:19:32,40000.0,1000.0,11917000.0
1591,2021-10-20 07:19:32,40000.0,200.0,11916000.0
1592,2021-10-20 07:19:32,40000.0,100.0,11915800.0
1593,2021-10-20 07:19:32,40000.0,300.0,11915700.0
1594,2021-10-20 07:19:32,40000.0,100.0,11915400.0
1595,2021-10-20 07:19:32,40000.0,100.0,11915300.0
1596,2021-10-20 07:19:32,40000.0,100.0,11915200.0
1597,2021-10-20 07:19:32,40000.0,300.0,11915100.0
1598,2021-10-20 07:19:32,40000.0,100.0,11914800.0
1599,2021-10-20 07:19:32,40000.0,2000.0,11914700.0
1600,2021-10-20 07:19:32,40000.0,3000.0,11912700.0
1601,2021-10-20 07:19:32,40000.0,200.0,11909700.0
1602,2021-10-20 07:19:32,40000.0,200.0,11909500.0
1603,2021-10-20 07:19:32,40000.0,500.0,11909300.0
1604,2021-10-20 07:19:32,40000.0,1000.0,11908800.0
1605,2021-10-20 07:19:32,40000.0,1000.0,11907800.0
1606,2021-10-20 07:19:32,40000.0,100.0,11906800.0
1607,2021-10-20 07:19:32,40000.0,300.0,11906700.0
1608,2021-10-20 07:19:32,40000.0,1000.0,11906400.0
1609,2021-10-20 07:19:32,40000.0,400.0,11905400.0
1610,2021-10-20 07:19:32,40000.0,1500.0,11905000.0
1611,2021-10-20 07:19:32,40000.0,5000.0,11903500.0
1612,2021-10-20 07:19:32,40000.0,500.0,11898500.0
1613,2021-10-20 07:19:32,40000.0,100.0,11898000.0
1614,2021-10-20 07:19:32,40000.0,100.0,11897900.0
1615,2021-10-20 07:19:32,40000.0,100.0,11897800.0
1616,2021-10-20 07:19:32,40000.0,200.0,11897700.0
1617,2021-10-20 07:19:32,40000.0,100.0,11897500.0
1618,2021-10-20 07:19:32,40000.0,1000.0,11897400.0
1619,2021-10-20 07:19:32,40000.0,500.0,11896400.0
1620,2021-10-20 07:19:32,40000.0,100.0,11895900.0
1621,2021-10-20 07:19:32,40000.0,100.0,11895800.0
1622,2021-10-20 07:19:32,40000.0,100.0,11895700.0
1623,2021-10-20 07:19:32,40000.0,100.0,11895600.0
1624,2021-10-20 07:19:32,40000.0,200.0,11895500.0
1625,2021-10-20 07:19:32,40000.0,100.0,11895300.0
1626,2021-10-20 07:19:32,40000.0,500.0,11895200.0
1627,2021-10-20 07:19:32,40000.0,100.0,11894700.0
1628,2021-10-20 07:19:32,40000.0,500.0,11894600.0
1629,2021-10-20 07:19:32,40000.0,3000.0,11894100.0
1630,2021-10-20 07:19:32,40000.0,200.0,11891100.0
1631,2021-10-20 07:19:32,40000.0,500.0,11890900.0
1632,2021-10-20 07:19:32,40000.0,800.0,11890400.0
1633,2021-10-20 07:19:32,40000.0,100.0,11889600.0
1634,2021-10-20 07:19:32,40000.0,1000.0,11889500.0
1635,2021-10-20 07:19:32,40000.0,500.0,11888500.0
1636,2021-10-20 07:19:30,40000.0,500.0,11888000.0
1637,2021-10-20 07:19:30,40000.0,1500.0,11887500.0
1638,2021-10-20 07:19:30,40050.0,200.0,11886000.0
1639,2021-10-20 07:19:29,40000.0,1700.0,11885800.0
1640,2021-10-20 07:19:29,40000.0,800.0,11884100.0
1641,2021-10-20 07:19:28,40000.0,1000.0,11883300.0
1642,2021-10-20 07:19:28,40000.0,1000.0,11882300.0
1643,2021-10-20 07:19:28,40000.0,100.0,11881300.0
1644,2021-10-20 07:19:28,40000.0,100.0,11881200.0
1645,2021-10-20 07:19:28,40000.0,1400.0,11881100.0
1646,2021-10-20 07:19:27,40000.0,100.0,11879700.0
1647,2021-10-20 07:19:27,40000.0,500.0,11879600.0
1648,2021-10-20 07:19:27,40000.0,300.0,11879100.0
1649,2021-10-20 07:19:27,40000.0,200.0,11878800.0
1650,2021-10-20 07:19:27,40000.0,900.0,11878600.0
1651,2021-10-20 07:19:26,40000.0,1100.0,11877700.0
1652,2021-10-20 07:19:26,40000.0,200.0,11876600.0
1653,2021-10-20 07:19:26,40000.0,200.0,11876400.0
1654,2021-10-20 07:19:26,40000.0,1000.0,11876200.0
1655,2021-10-20 07:19:26,40000.0,400.0,11875200.0
1656,2021-10-20 07:19:26,40000.0,500.0,11874800.0
1657,2021-10-20 07:19:26,40000.0,1000.0,11874300.0
1658,2021-10-20 07:19:26,40000.0,500.0,11873300.0
1659,2021-10-20 07:19:26,40000.0,200.0,11872800.0
1660,2021-10-20 07:19:26,40000.0,500.0,11872600.0
1661,2021-10-20 07:19:26,40000.0,1000.0,11872100.0
1662,2021-10-20 07:19:26,40000.0,500.0,11871100.0
1663,2021-10-20 07:19:26,40000.0,2000.0,11870600.0
1664,2021-10-20 07:19:26,40000.0,100.0,11868600.0
1665,2021-10-20 07:19:26,40000.0,500.0,11868500.0
1666,2021-10-20 07:19:26,40000.0,100.0,11868000.0
1667,2021-10-20 07:19:26,40000.0,200.0,11867900.0
1668,2021-10-20 07:19:26,40000.0,1800.0,11867700.0
1669,2021-10-20 07:19:26,40000.0,200.0,11865900.0
1670,2021-10-20 07:19:25,40000.0,1100.0,11865700.0
1671,2021-10-20 07:19:25,40000.0,100.0,11864600.0
1672,2021-10-20 07:19:25,40000.0,100.0,11864500.0
1673,2021-10-20 07:19:25,40000.0,700.0,11864400.0
1674,2021-10-20 07:19:25,40000.0,100.0,11863700.0
1675,2021-10-20 07:19:25,40000.0,200.0,11863600.0
1676,2021-10-20 07:19:25,40000.0,500.0,11863400.0
1677,2021-10-20 07:19:25,40000.0,1400.0,11862900.0
1678,2021-10-20 07:19:25,40000.0,100.0,11861500.0
1679,2021-10-20 07:19:24,40000.0,2000.0,11861400.0
1680,2021-10-20 07:19:23,40000.0,300.0,11859400.0
1681,2021-10-20 07:19:23,40000.0,7000.0,11859100.0
1682,2021-10-20 07:19:22,40000.0,100.0,11852100.0
1683,2021-10-20 07:19:22,40000.0,1500.0,11852000.0
1684,2021-10-20 07:19:22,40000.0,2000.0,11850500.0
1685,2021-10-20 07:19:22,40000.0,500.0,11848500.0
1686,2021-10-20 07:19:21,40000.0,1500.0,11848000.0
1687,2021-10-20 07:19:21,40000.0,3000.0,11846500.0
1688,2021-10-20 07:19:21,40000.0,600.0,11843500.0
1689,2021-10-20 07:19:21,40000.0,200.0,11842900.0
1690,2021-10-20 07:19:21,40000.0,1200.0,11842700.0
1691,2021-10-20 07:19:20,40000.0,2000.0,11841500.0
1692,2021-10-20 07:19:20,40000.0,800.0,11839500.0
1693,2021-10-20 07:19:20,40000.0,200.0,11838700.0
1694,2021-10-20 07:19:20,40000.0,100.0,11838500.0
1695,2021-10-20 07:19:20,40000.0,100.0,11838400.0
1696,2021-10-20 07:19:20,40000.0,300.0,11838300.0
1697,2021-10-20 07:19:19,40000.0,200.0,11838000.0
1698,2021-10-20 07:19:19,40000.0,2000.0,11837800.0
1699,2021-10-20 07:19:19,40000.0,100.0,11835800.0
1700,2021-10-20 07:19:19,40000.0,500.0,11835700.0
1701,2021-10-20 07:19:19,40000.0,1200.0,11835200.0
1702,2021-10-20 07:19:19,40000.0,700.0,11834000.0
1703,2021-10-20 07:19:19,40000.0,100.0,11833300.0
1704,2021-10-20 07:19:19,40000.0,900.0,11833200.0
1705,2021-10-20 07:19:18,40000.0,100.0,11832300.0
1706,2021-10-20 07:19:18,40000.0,500.0,11832200.0
1707,2021-10-20 07:19:18,40000.0,500.0,11831700.0
1708,2021-10-20 07:19:18,40000.0,200.0,11831200.0
1709,2021-10-20 07:19:18,40000.0,100.0,11831000.0
1710,2021-10-20 07:19:18,40000.0,400.0,11830900.0
1711,2021-10-20 07:19:18,40000.0,1600.0,11830500.0
1712,2021-10-20 07:19:17,40000.0,1400.0,11828900.0
1713,2021-10-20 07:19:17,40000.0,200.0,11827500.0
1714,2021-10-20 07:19:17,40000.0,400.0,11827300.0
1715,2021-10-20 07:19:17,40000.0,2000.0,11826900.0
1716,2021-10-20 07:19:16,40000.0,1600.0,11824900.0
1717,2021-10-20 07:19:16,40000.0,900.0,11823300.0
1718,2021-10-20 07:19:16,40000.0,1100.0,11822400.0
1719,2021-10-20 07:19:16,40000.0,100.0,11821300.0
1720,2021-10-20 07:19:16,40000.0,500.0,11821200.0
1721,2021-10-20 07:19:16,40000.0,100.0,11820700.0
1722,2021-10-20 07:19:16,40000.0,100.0,11820600.0
1723,2021-10-20 07:19:16,40000.0,1800.0,11820500.0
1724,2021-10-20 07:19:16,40000.0,1200.0,11818700.0
1725,2021-10-20 07:19:16,40000.0,100.0,11817500.0
1726,2021-10-20 07:19:16,40000.0,700.0,11817400.0
1727,2021-10-20 07:19:14,40000.0,1000.0,11816700.0
1728,2021-10-20 07:19:14,40000.0,300.0,11815700.0
1729,2021-10-20 07:19:14,40000.0,1000.0,11815400.0
1730,2021-10-20 07:19:14,40000.0,500.0,11814400.0
1731,2021-10-20 07:19:14,40000.0,200.0,11813900.0
1732,2021-10-20 07:19:14,40000.0,100.0,11813700.0
1733,2021-10-20 07:19:14,40000.0,200.0,11813600.0
1734,2021-10-20 07:19:14,40000.0,100.0,11813400.0
1735,2021-10-20 07:19:14,40000.0,100.0,11813300.0
1736,2021-10-20 07:19:14,40000.0,300.0,11813200.0
1737,2021-10-20 07:19:14,40000.0,300.0,11812900.0
1738,2021-10-20 07:19:14,40000.0,1100.0,11812600.0
1739,2021-10-20 07:19:13,40000.0,3900.0,11811500.0
1740,2021-10-20 07:19:13,40000.0,200.0,11807600.0
1741,2021-10-20 07:19:13,40000.0,200.0,11807400.0
1742,2021-10-20 07:19:13,40000.0,300.0,11807200.0
1743,2021-10-20 07:19:13,40000.0,100.0,11806900.0
1744,2021-10-20 07:19:13,40000.0,100.0,11806800.0
1745,2021-10-20 07:19:13,40000.0,2000.0,11806700.0
1746,2021-10-20 07:19:13,40000.0,100.0,11804700.0
1747,2021-10-20 07:19:13,40000.0,100.0,11804600.0
1748,2021-10-20 07:19:13,40000.0,200.0,11804500.0
1749,2021-10-20 07:19:13,40000.0,100.0,11804300.0
1750,2021-10-20 07:19:13,40000.0,1500.0,11804200.0
1751,2021-10-20 07:19:13,40000.0,100.0,11802700.0
1752,2021-10-20 07:19:13,40000.0,200.0,11802600.0
1753,2021-10-20 07:19:13,40000.0,500.0,11802400.0
1754,2021-10-20 07:19:13,40000.0,100.0,11801900.0
1755,2021-10-20 07:19:13,40000.0,100.0,11801800.0
1756,2021-10-20 07:19:13,40000.0,200.0,11801700.0
1757,2021-10-20 07:19:13,40000.0,100.0,11801500.0
1758,2021-10-20 07:19:13,40000.0,3000.0,11801400.0
1759,2021-10-20 07:19:13,40000.0,100.0,11798400.0
1760,2021-10-20 07:19:13,40000.0,100.0,11798300.0
1761,2021-10-20 07:19:13,40000.0,1000.0,11798200.0
1762,2021-10-20 07:19:13,40000.0,300.0,11797200.0
1763,2021-10-20 07:19:13,40000.0,1000.0,11796900.0
1764,2021-10-20 07:19:13,40000.0,500.0,11795900.0
1765,2021-10-20 07:19:13,40000.0,2000.0,11795400.0
1766,2021-10-20 07:19:13,40000.0,1000.0,11793400.0
1767,2021-10-20 07:19:13,40000.0,100.0,11792400.0
1768,2021-10-20 07:19:13,40000.0,2000.0,11792300.0
1769,2021-10-20 07:19:13,40000.0,500.0,11790300.0
1770,2021-10-20 07:19:13,40000.0,200.0,11789800.0
1771,2021-10-20 07:19:13,40000.0,200.0,11789600.0
1772,2021-10-20 07:19:13,40000.0,1700.0,11789400.0
1773,2021-10-20 07:19:13,40000.0,6300.0,11787700.0
1774,2021-10-20 07:19:13,40000.0,100.0,11781400.0
1775,2021-10-20 07:19:13,40000.0,100.0,11781300.0
1776,2021-10-20 07:19:13,40000.0,500.0,11781200.0
1777,2021-10-20 07:19:13,40000.0,300.0,11780700.0
1778,2021-10-20 07:19:13,40000.0,100.0,11780400.0
1779,2021-10-20 07:19:13,40000.0,5900.0,11780300.0
1780,2021-10-20 07:19:12,40000.0,100.0,11774400.0
1781,2021-10-20 07:19:12,40000.0,1100.0,11774300.0
1782,2021-10-20 07:19:12,40000.0,500.0,11773200.0
1783,2021-10-20 07:19:12,40000.0,2000.0,11772700.0
1784,2021-10-20 07:19:12,40000.0,100.0,11770700.0
1785,2021-10-20 07:19:12,40000.0,200.0,11770600.0
1786,2021-10-20 07:19:12,40000.0,2000.0,11770400.0
1787,2021-10-20 07:19:12,40000.0,100.0,11768400.0
1788,2021-10-20 07:19:12,40000.0,500.0,11768300.0
1789,2021-10-20 07:19:12,40000.0,500.0,11767800.0
1790,2021-10-20 07:19:12,40000.0,100.0,11767300.0
1791,2021-10-20 07:19:12,40000.0,200.0,11767200.0
1792,2021-10-20 07:19:12,40000.0,3000.0,11767000.0
1793,2021-10-20 07:19:12,40000.0,2000.0,11764000.0
1794,2021-10-20 07:19:12,40000.0,500.0,11762000.0
1795,2021-10-20 07:19:12,40000.0,1000.0,11761500.0
1796,2021-10-20 07:19:12,40000.0,100.0,11760500.0
1797,2021-10-20 07:19:12,40000.0,100.0,11760400.0
1798,2021-10-20 07:19:12,40000.0,200.0,11760300.0
1799,2021-10-20 07:19:12,40000.0,300.0,11760100.0
1800,2021-10-20 07:19:12,40000.0,200.0,11759800.0
1801,2021-10-20 07:19:12,40000.0,200.0,11759600.0
1802,2021-10-20 07:19:12,40000.0,300.0,11759400.0
1803,2021-10-20 07:19:12,40000.0,100.0,11759100.0
1804,2021-10-20 07:19:12,40000.0,500.0,11759000.0
1805,2021-10-20 07:19:12,40000.0,5400.0,11758500.0
1806,2021-10-20 07:19:12,40000.0,3600.0,11753100.0
1807,2021-10-20 07:19:12,40000.0,200.0,11749500.0
1808,2021-10-20 07:19:11,40000.0,800.0,11749300.0
1809,2021-10-20 07:19:11,40000.0,100.0,11748500.0
1810,2021-10-20 07:19:11,40000.0,400.0,11748400.0
1811,2021-10-20 07:19:11,40000.0,300.0,11748000.0
1812,2021-10-20 07:19:11,40000.0,100.0,11747700.0
1813,2021-10-20 07:19:11,40000.0,100.0,11747600.0
1814,2021-10-20 07:19:11,40000.0,1000.0,11747500.0
1815,2021-10-20 07:19:11,40000.0,200.0,11746500.0
1816,2021-10-20 07:19:11,40000.0,300.0,11746300.0
1817,2021-10-20 07:19:11,40000.0,100.0,11746000.0
1818,2021-10-20 07:19:11,40050.0,100.0,11745900.0
1819,2021-10-20 07:19:11,40000.0,100.0,11745800.0
1820,2021-10-20 07:19:10,40000.0,200.0,11745700.0
1821,2021-10-20 07:19:10,40000.0,3800.0,11745500.0
1822,2021-10-20 07:19:10,40000.0,1200.0,11741700.0
1823,2021-10-20 07:19:10,40000.0,800.0,11740500.0
1824,2021-10-20 07:19:09,40000.0,400.0,11739700.0
1825,2021-10-20 07:19:09,40000.0,6400.0,11739300.0
1826,2021-10-20 07:19:09,40000.0,5000.0,11732900.0
1827,2021-10-20 07:19:09,40000.0,300.0,11727900.0
1828,2021-10-20 07:19:09,40000.0,100.0,11727600.0
1829,2021-10-20 07:19:09,40000.0,100.0,11727500.0
1830,2021-10-20 07:19:09,40000.0,100.0,11727400.0
1831,2021-10-20 07:19:09,40000.0,500.0,11727300.0
1832,2021-10-20 07:19:09,40000.0,300.0,11726800.0
1833,2021-10-20 07:19:09,40000.0,300.0,11726500.0
1834,2021-10-20 07:19:09,40000.0,500.0,11726200.0
1835,2021-10-20 07:19:09,40000.0,1500.0,11725700.0
1836,2021-10-20 07:19:09,40000.0,100.0,11724200.0
1837,2021-10-20 07:19:09,40000.0,100.0,11724100.0
1838,2021-10-20 07:19:09,40000.0,100.0,11724000.0
1839,2021-10-20 07:19:09,40000.0,500.0,11723900.0
1840,2021-10-20 07:19:09,40000.0,100.0,11723400.0
1841,2021-10-20 07:19:09,40000.0,700.0,11723300.0
1842,2021-10-20 07:19:09,40000.0,500.0,11722600.0
1843,2021-10-20 07:19:09,40000.0,100.0,11722100.0
1844,2021-10-20 07:19:09,40000.0,500.0,11722000.0
1845,2021-10-20 07:19:09,40000.0,100.0,11721500.0
1846,2021-10-20 07:19:09,40000.0,800.0,11721400.0
1847,2021-10-20 07:19:09,40000.0,500.0,11720600.0
1848,2021-10-20 07:19:09,40000.0,100.0,11720100.0
1849,2021-10-20 07:19:09,40000.0,100.0,11720000.0
1850,2021-10-20 07:19:09,40000.0,100.0,11719900.0
1851,2021-10-20 07:19:09,40000.0,300.0,11719800.0
1852,2021-10-20 07:19:09,40000.0,100.0,11719500.0
1853,2021-10-20 07:19:09,40000.0,100.0,11719400.0
1854,2021-10-20 07:19:09,40000.0,300.0,11719300.0
1855,2021-10-20 07:19:09,40000.0,500.0,11719000.0
1856,2021-10-20 07:19:09,40000.0,100.0,11718500.0
1857,2021-10-20 07:19:09,40000.0,300.0,11718400.0
1858,2021-10-20 07:19:09,40000.0,1000.0,11718100.0
1859,2021-10-20 07:19:09,40000.0,300.0,11717100.0
1860,2021-10-20 07:19:09,40000.0,300.0,11716800.0
1861,2021-10-20 07:19:09,40050.0,300.0,11716500.0
1862,2021-10-20 07:19:09,40000.0,1100.0,11716200.0
1863,2021-10-20 07:19:09,40000.0,400.0,11715100.0
1864,2021-10-20 07:19:09,40000.0,600.0,11714700.0
1865,2021-10-20 07:19:09,40000.0,600.0,11714100.0
1866,2021-10-20 07:19:09,40000.0,200.0,11713500.0
1867,2021-10-20 07:19:09,40000.0,100.0,11713300.0
1868,2021-10-20 07:19:09,40000.0,200.0,11713200.0
1869,2021-10-20 07:19:09,40000.0,100.0,11713000.0
1870,2021-10-20 07:19:09,40000.0,100.0,11712900.0
1871,2021-10-20 07:19:09,40000.0,100.0,11712800.0
1872,2021-10-20 07:19:08,40050.0,1000.0,11712700.0
1873,2021-10-20 07:19:08,40000.0,400.0,11711700.0
1874,2021-10-20 07:19:08,40000.0,300.0,11711300.0
1875,2021-10-20 07:19:08,40000.0,500.0,11711000.0
1876,2021-10-20 07:19:08,40000.0,400.0,11710500.0
1877,2021-10-20 07:19:06,40000.0,200.0,11710100.0
1878,2021-10-20 07:19:06,40000.0,300.0,11709900.0
1879,2021-10-20 07:19:06,40000.0,300.0,11709600.0
1880,2021-10-20 07:19:06,40000.0,200.0,11709300.0
1881,2021-10-20 07:19:06,40000.0,200.0,11709100.0
1882,2021-10-20 07:19:06,40000.0,700.0,11708900.0
1883,2021-10-20 07:19:06,40000.0,100.0,11708200.0
1884,2021-10-20 07:19:06,40000.0,800.0,11708100.0
1885,2021-10-20 07:19:05,40000.0,200.0,11707300.0
1886,2021-10-20 07:19:05,40000.0,100.0,11707100.0
1887,2021-10-20 07:19:05,40050.0,2000.0,11707000.0
1888,2021-10-20 07:19:05,40000.0,400.0,11705000.0
1889,2021-10-20 07:19:05,40000.0,200.0,11704600.0
1890,2021-10-20 07:19:03,40050.0,100.0,11704400.0
1891,2021-10-20 07:19:02,40000.0,100.0,11704300.0
1892,2021-10-20 07:19:02,40000.0,200.0,11704200.0
1893,2021-10-20 07:19:02,40000.0,200.0,11704000.0
1894,2021-10-20 07:19:02,40000.0,200.0,11703800.0
1895,2021-10-20 07:19:02,40000.0,500.0,11703600.0
1896,2021-10-20 07:19:02,40000.0,500.0,11703100.0
1897,2021-10-20 07:19:02,40000.0,200.0,11702600.0
1898,2021-10-20 07:19:02,40000.0,300.0,11702400.0
1899,2021-10-20 07:19:02,40000.0,200.0,11702100.0
1900,2021-10-20 07:19:02,40000.0,200.0,11701900.0
1901,2021-10-20 07:19:02,40000.0,100.0,11701700.0
1902,2021-10-20 07:19:02,40000.0,200.0,11701600.0
1903,2021-10-20 07:19:02,40000.0,1000.0,11701400.0
1904,2021-10-20 07:19:02,40000.0,100.0,11700400.0
1905,2021-10-20 07:19:02,40000.0,100.0,11700300.0
1906,2021-10-20 07:19:02,40000.0,100.0,11700200.0
1907,2021-10-20 07:19:01,40050.0,500.0,11700100.0
1908,2021-10-20 07:19:01,40050.0,500.0,11699600.0
1909,2021-10-20 07:19:00,40000.0,100.0,11699100.0
1910,2021-10-20 07:19:00,40000.0,100.0,11699000.0
1911,2021-10-20 07:19:00,40000.0,100.0,11698900.0
1912,2021-10-20 07:19:00,40000.0,500.0,11698800.0
1913,2021-10-20 07:19:00,40000.0,200.0,11698300.0
1914,2021-10-20 07:19:00,40000.0,500.0,11698100.0
1915,2021-10-20 07:19:00,40000.0,100.0,11697600.0
1916,2021-10-20 07:19:00,40000.0,500.0,11697500.0
1917,2021-10-20 07:19:00,40000.0,1000.0,11697000.0
1918,2021-10-20 07:19:00,40000.0,500.0,11696000.0
1919,2021-10-20 07:19:00,40000.0,300.0,11695500.0
1920,2021-10-20 07:19:00,40000.0,100.0,11695200.0
1921,2021-10-20 07:19:00,40000.0,200.0,11695100.0
1922,2021-10-20 07:19:00,40000.0,400.0,11694900.0
1923,2021-10-20 07:18:58,40050.0,1000.0,11694500.0
1924,2021-10-20 07:18:57,40000.0,2000.0,11693500.0
1925,2021-10-20 07:18:55,40000.0,1000.0,11691500.0
1926,2021-10-20 07:18:55,40000.0,1100.0,11690500.0
1927,2021-10-20 07:18:55,40000.0,2000.0,11689400.0
1928,2021-10-20 07:18:55,40000.0,2200.0,11687400.0
1929,2021-10-20 07:18:55,40050.0,500.0,11685200.0
1930,2021-10-20 07:18:55,40050.0,500.0,11684700.0
1931,2021-10-20 07:18:55,40000.0,1100.0,11684200.0
1932,2021-10-20 07:18:55,40000.0,100.0,11683100.0
1933,2021-10-20 07:18:55,40000.0,100.0,11683000.0
1934,2021-10-20 07:18:55,40000.0,200.0,11682900.0
1935,2021-10-20 07:18:54,40000.0,200.0,11682700.0
1936,2021-10-20 07:18:53,40000.0,1000.0,11682500.0
1937,2021-10-20 07:18:53,40000.0,200.0,11681500.0
1938,2021-10-20 07:18:53,40000.0,500.0,11681300.0
1939,2021-10-20 07:18:53,40000.0,200.0,11680800.0
1940,2021-10-20 07:18:53,40000.0,100.0,11680600.0
1941,2021-10-20 07:18:53,40000.0,500.0,11680500.0
1942,2021-10-20 07:18:53,40000.0,2000.0,11680000.0
1943,2021-10-20 07:18:53,40000.0,100.0,11678000.0
1944,2021-10-20 07:18:53,40000.0,300.0,11677900.0
1945,2021-10-20 07:18:53,40000.0,500.0,11677600.0
1946,2021-10-20 07:18:53,40000.0,3700.0,11677100.0
1947,2021-10-20 07:18:53,40000.0,500.0,11673400.0
1948,2021-10-20 07:18:53,40000.0,100.0,11672900.0
1949,2021-10-20 07:18:53,40000.0,1000.0,11672800.0
1950,2021-10-20 07:18:53,40000.0,200.0,11671800.0
1951,2021-10-20 07:18:53,40000.0,200.0,11671600.0
1952,2021-10-20 07:18:53,40000.0,200.0,11671400.0
1953,2021-10-20 07:18:53,40000.0,200.0,11671200.0
1954,2021-10-20 07:18:53,40000.0,100.0,11671000.0
1955,2021-10-20 07:18:53,40000.0,100.0,11670900.0
1956,2021-10-20 07:18:53,40000.0,1100.0,11670800.0
1957,2021-10-20 07:18:53,40000.0,400.0,11669700.0
1958,2021-10-20 07:18:53,40000.0,100.0,11669300.0
1959,2021-10-20 07:18:53,40000.0,400.0,11669200.0
1960,2021-10-20 07:18:53,40000.0,200.0,11668800.0
1961,2021-10-20 07:18:53,40000.0,600.0,11668600.0
1962,2021-10-20 07:18:53,40000.0,2000.0,11668000.0
1963,2021-10-20 07:18:53,40000.0,1000.0,11666000.0
1964,2021-10-20 07:18:53,40000.0,200.0,11665000.0
1965,2021-10-20 07:18:53,40000.0,100.0,11664800.0
1966,2021-10-20 07:18:53,40000.0,100.0,11664700.0
1967,2021-10-20 07:18:53,40000.0,200.0,11664600.0
1968,2021-10-20 07:18:53,40000.0,300.0,11664400.0
1969,2021-10-20 07:18:53,40000.0,1000.0,11664100.0
1970,2021-10-20 07:18:53,40000.0,100.0,11663100.0
1971,2021-10-20 07:18:53,40000.0,200.0,11663000.0
1972,2021-10-20 07:18:53,40000.0,100.0,11662800.0
1973,2021-10-20 07:18:53,40000.0,100.0,11662700.0
1974,2021-10-20 07:18:53,40000.0,100.0,11662600.0
1975,2021-10-20 07:18:53,40000.0,700.0,11662500.0
1976,2021-10-20 07:18:53,40000.0,1000.0,11661800.0
1977,2021-10-20 07:18:53,40000.0,100.0,11660800.0
1978,2021-10-20 07:18:53,40000.0,100.0,11660700.0
1979,2021-10-20 07:18:53,40000.0,100.0,11660600.0
1980,2021-10-20 07:18:50,40050.0,1000.0,11660500.0
1981,2021-10-20 07:18:49,40000.0,100.0,11659500.0
1982,2021-10-20 07:18:49,40000.0,100.0,11659400.0
1983,2021-10-20 07:18:49,40000.0,200.0,11659300.0
1984,2021-10-20 07:18:49,40000.0,100.0,11659100.0
1985,2021-10-20 07:18:49,40000.0,100.0,11659000.0
1986,2021-10-20 07:18:49,40000.0,500.0,11658900.0
1987,2021-10-20 07:18:49,40000.0,100.0,11658400.0
1988,2021-10-20 07:18:49,40000.0,100.0,11658300.0
1989,2021-10-20 07:18:49,40000.0,10000.0,11658200.0
1990,2021-10-20 07:18:49,40000.0,100.0,11648200.0
1991,2021-10-20 07:18:49,40000.0,2000.0,11648100.0
1992,2021-10-20 07:18:49,40000.0,200.0,11646100.0
1993,2021-10-20 07:18:49,40000.0,500.0,11645900.0
1994,2021-10-20 07:18:49,40000.0,100.0,11645400.0
1995,2021-10-20 07:18:49,40000.0,500.0,11645300.0
1996,2021-10-20 07:18:49,40000.0,500.0,11644800.0
1997,2021-10-20 07:18:49,40000.0,100.0,11644300.0
1998,2021-10-20 07:18:49,40000.0,100.0,11644200.0
1999,2021-10-20 07:18:49,40000.0,1000.0,11644100.0
2000,2021-10-20 07:18:49,40000.0,100.0,11643100.0
2001,2021-10-20 07:18:49,40000.0,100.0,11643000.0
2002,2021-10-20 07:18:49,40000.0,1000.0,11642900.0
2003,2021-10-20 07:18:49,40000.0,500.0,11641900.0
2004,2021-10-20 07:18:49,40000.0,100.0,11641400.0
2005,2021-10-20 07:18:49,40000.0,400.0,11641300.0
2006,2021-10-20 07:18:49,40000.0,1600.0,11640900.0
2007,2021-10-20 07:18:49,40000.0,1000.0,11639300.0
2008,2021-10-20 07:18:49,40000.0,300.0,11638300.0
