,Time,Price,Volume_per_trade,Volume
0,2021-10-08 07:45:01,13550.0,900.0,220700.0
1,2021-10-08 07:45:01,13550.0,5100.0,219800.0
2,2021-10-08 07:45:01,13550.0,2500.0,214700.0
3,2021-10-08 07:45:01,13550.0,100.0,212200.0
4,2021-10-08 07:45:01,13550.0,5600.0,212100.0
5,2021-10-08 07:29:03,13500.0,200.0,206500.0
6,2021-10-08 07:28:59,13500.0,5800.0,206300.0
7,2021-10-08 07:28:59,13500.0,2100.0,200500.0
8,2021-10-08 07:28:41,13500.0,600.0,198400.0
9,2021-10-08 07:27:34,13550.0,200.0,197800.0
10,2021-10-08 07:27:34,13500.0,4300.0,197600.0
11,2021-10-08 07:26:42,13500.0,1700.0,193300.0
12,2021-10-08 07:26:42,13500.0,400.0,191600.0
13,2021-10-08 07:26:42,13500.0,6600.0,191200.0
14,2021-10-08 07:26:42,13500.0,1200.0,184600.0
15,2021-10-08 07:22:45,13500.0,7700.0,183400.0
16,2021-10-08 07:22:41,13500.0,500.0,175700.0
17,2021-10-08 07:20:31,13500.0,5400.0,175200.0
18,2021-10-08 07:20:26,13500.0,900.0,169800.0
19,2021-10-08 07:19:21,13450.0,3000.0,168900.0
20,2021-10-08 07:19:15,13500.0,100.0,165900.0
21,2021-10-08 07:18:08,13500.0,5800.0,165800.0
22,2021-10-08 07:17:08,13500.0,400.0,160000.0
23,2021-10-08 07:17:08,13500.0,600.0,159600.0
24,2021-10-08 07:16:55,13500.0,600.0,159000.0
25,2021-10-08 07:13:51,13550.0,200.0,158400.0
26,2021-10-08 07:13:02,13500.0,5200.0,158200.0
27,2021-10-08 07:12:28,13500.0,100.0,153000.0
28,2021-10-08 07:11:50,13500.0,2500.0,152900.0
29,2021-10-08 07:11:48,13500.0,600.0,150400.0
30,2021-10-08 07:09:05,13550.0,200.0,149800.0
31,2021-10-08 07:09:05,13500.0,5800.0,149600.0
32,2021-10-08 07:09:05,13500.0,3100.0,143800.0
33,2021-10-08 07:08:18,13500.0,2800.0,140700.0
34,2021-10-08 07:08:18,13500.0,100.0,137900.0
35,2021-10-08 07:08:18,13500.0,5900.0,137800.0
36,2021-10-08 07:07:32,13500.0,1000.0,131900.0
37,2021-10-08 07:05:32,13500.0,200.0,130900.0
38,2021-10-08 07:05:32,13500.0,100.0,130700.0
39,2021-10-08 07:05:32,13500.0,700.0,130600.0
40,2021-10-08 06:59:07,13500.0,3600.0,129900.0
41,2021-10-08 06:59:07,13500.0,100.0,126300.0
42,2021-10-08 06:59:07,13500.0,2900.0,126200.0
43,2021-10-08 06:58:15,13500.0,3000.0,123300.0
44,2021-10-08 06:56:04,13500.0,1800.0,120300.0
45,2021-10-08 06:51:40,13500.0,5700.0,118500.0
46,2021-10-08 06:51:40,13500.0,500.0,112800.0
47,2021-10-08 06:49:39,13550.0,200.0,112300.0
48,2021-10-08 06:46:23,13500.0,100.0,112100.0
49,2021-10-08 06:45:01,13500.0,300.0,112000.0
50,2021-10-08 06:43:23,13500.0,500.0,111700.0
51,2021-10-08 06:34:09,13500.0,5800.0,111200.0
52,2021-10-08 06:34:09,13500.0,700.0,105400.0
53,2021-10-08 06:26:16,13500.0,5500.0,104700.0
54,2021-10-08 06:24:25,13500.0,400.0,99200.0
55,2021-10-08 06:24:25,13500.0,500.0,98800.0
56,2021-10-08 06:24:25,13500.0,100.0,98300.0
57,2021-10-08 06:24:25,13500.0,200.0,98200.0
58,2021-10-08 06:24:25,13500.0,1100.0,98000.0
59,2021-10-08 06:24:25,13500.0,3400.0,96900.0
60,2021-10-08 06:19:19,13450.0,800.0,93500.0
61,2021-10-08 06:18:23,13450.0,1200.0,92700.0
62,2021-10-08 06:17:11,13500.0,1000.0,91500.0
63,2021-10-08 06:16:11,13500.0,200.0,90500.0
64,2021-10-08 06:15:26,13450.0,3700.0,90300.0
65,2021-10-08 06:14:26,13450.0,2800.0,86600.0
66,2021-10-08 06:14:26,13450.0,1000.0,83800.0
67,2021-10-08 06:11:46,13450.0,4600.0,82800.0
68,2021-10-08 06:11:46,13450.0,1000.0,78200.0
69,2021-10-08 06:03:50,13450.0,200.0,77200.0
70,2021-10-08 06:03:50,13450.0,5000.0,77000.0
71,2021-10-08 04:27:21,13500.0,600.0,72000.0
72,2021-10-08 04:27:21,13450.0,3400.0,71400.0
73,2021-10-08 04:26:16,13450.0,1600.0,68000.0
74,2021-10-08 04:26:16,13450.0,5200.0,66400.0
75,2021-10-08 04:25:07,13450.0,1500.0,61200.0
76,2021-10-08 04:25:07,13450.0,100.0,59700.0
77,2021-10-08 04:25:07,13450.0,100.0,59600.0
78,2021-10-08 04:05:32,13450.0,2200.0,59500.0
79,2021-10-08 04:00:28,13450.0,500.0,57300.0
80,2021-10-08 04:00:28,13450.0,600.0,56800.0
81,2021-10-08 03:52:37,13450.0,200.0,56200.0
82,2021-10-08 03:51:36,13500.0,200.0,56000.0
83,2021-10-08 03:45:06,13450.0,5500.0,55800.0
84,2021-10-08 03:43:30,13500.0,5000.0,50300.0
85,2021-10-08 03:43:30,13500.0,100.0,45300.0
86,2021-10-08 03:43:30,13500.0,2700.0,45200.0
87,2021-10-08 03:35:35,13500.0,2000.0,42500.0
88,2021-10-08 03:33:08,13500.0,300.0,40500.0
89,2021-10-08 03:33:08,13500.0,4600.0,40200.0
90,2021-10-08 03:33:08,13450.0,1900.0,35600.0
91,2021-10-08 03:30:28,13450.0,100.0,33700.0
92,2021-10-08 03:30:28,13450.0,2400.0,33600.0
93,2021-10-08 03:30:28,13450.0,100.0,31200.0
94,2021-10-08 03:30:28,13450.0,500.0,31100.0
95,2021-10-08 03:12:27,13500.0,600.0,30600.0
96,2021-10-08 03:12:27,13500.0,200.0,30000.0
97,2021-10-08 03:12:27,13500.0,100.0,29800.0
98,2021-10-08 03:11:01,13500.0,100.0,29700.0
99,2021-10-08 03:02:47,13500.0,100.0,29600.0
100,2021-10-08 02:55:47,13500.0,3000.0,29500.0
101,2021-10-08 02:53:40,13500.0,200.0,26500.0
102,2021-10-08 02:50:28,13550.0,500.0,26300.0
103,2021-10-08 02:43:22,13550.0,500.0,25800.0
104,2021-10-08 02:43:19,13550.0,900.0,25300.0
105,2021-10-08 02:33:40,13550.0,100.0,24400.0
106,2021-10-08 02:31:24,13550.0,100.0,24300.0
107,2021-10-08 02:26:08,13500.0,2000.0,24200.0
108,2021-10-08 02:25:36,13500.0,3800.0,22200.0
109,2021-10-08 02:25:01,13450.0,200.0,18400.0
110,2021-10-08 02:22:59,13450.0,800.0,18200.0
111,2021-10-08 02:21:31,13450.0,1000.0,17400.0
112,2021-10-08 02:21:31,13450.0,1200.0,16400.0
113,2021-10-08 02:20:48,13450.0,1600.0,15200.0
114,2021-10-08 02:20:48,13450.0,1200.0,13600.0
115,2021-10-08 02:20:48,13500.0,100.0,12400.0
116,2021-10-08 02:20:48,13500.0,6100.0,12300.0
117,2021-10-08 02:18:58,13500.0,200.0,6200.0
118,2021-10-08 02:15:01,13500.0,1000.0,6000.0
119,2021-10-08 02:15:01,13500.0,2700.0,5000.0
120,2021-10-08 02:15:01,13500.0,200.0,2300.0
121,2021-10-08 02:15:01,13500.0,100.0,2100.0
122,2021-10-08 02:15:01,13500.0,1500.0,2000.0
123,2021-10-08 02:15:01,13500.0,500.0,500.0
