,Time,Price,Volume_per_trade,Volume
0,2021-10-20 07:45:01,13700.0,900.0,204000.0
1,2021-10-20 07:45:01,13700.0,4000.0,203100.0
2,2021-10-20 07:45:01,13700.0,4000.0,199100.0
3,2021-10-20 07:45:01,13700.0,500.0,195100.0
4,2021-10-20 07:45:01,13700.0,3300.0,194600.0
5,2021-10-20 07:29:32,13650.0,4900.0,191300.0
6,2021-10-20 07:29:32,13650.0,800.0,186400.0
7,2021-10-20 07:29:08,13600.0,2000.0,185600.0
8,2021-10-20 07:28:58,13600.0,8000.0,183600.0
9,2021-10-20 07:28:58,13600.0,3800.0,175600.0
10,2021-10-20 07:27:12,13550.0,8400.0,171800.0
11,2021-10-20 07:26:56,13550.0,100.0,163400.0
12,2021-10-20 07:26:56,13550.0,300.0,163300.0
13,2021-10-20 07:24:51,13550.0,1700.0,163000.0
14,2021-10-20 07:23:59,13500.0,700.0,161300.0
15,2021-10-20 07:23:08,13500.0,2000.0,160600.0
16,2021-10-20 07:23:08,13500.0,100.0,158600.0
17,2021-10-20 07:23:08,13500.0,10000.0,158500.0
18,2021-10-20 07:23:08,13500.0,200.0,148500.0
19,2021-10-20 07:23:08,13500.0,100.0,148300.0
20,2021-10-20 07:23:08,13500.0,100.0,148200.0
21,2021-10-20 07:23:08,13500.0,200.0,148100.0
22,2021-10-20 07:23:08,13500.0,1800.0,147900.0
23,2021-10-20 07:23:08,13500.0,400.0,146100.0
24,2021-10-20 07:23:08,13500.0,100.0,145700.0
25,2021-10-20 07:22:59,13550.0,7600.0,145600.0
26,2021-10-20 07:22:33,13550.0,500.0,138000.0
27,2021-10-20 07:22:33,13550.0,1000.0,137500.0
28,2021-10-20 07:22:33,13550.0,800.0,136500.0
29,2021-10-20 07:22:33,13550.0,100.0,135700.0
30,2021-10-20 07:22:33,13550.0,2000.0,135600.0
31,2021-10-20 07:22:33,13550.0,100.0,133600.0
32,2021-10-20 07:22:33,13550.0,1500.0,133500.0
33,2021-10-20 07:22:33,13550.0,100.0,132000.0
34,2021-10-20 07:22:33,13550.0,100.0,131900.0
35,2021-10-20 07:19:49,13600.0,1000.0,131800.0
36,2021-10-20 07:19:49,13600.0,1700.0,130800.0
37,2021-10-20 07:19:49,13600.0,100.0,129100.0
38,2021-10-20 07:19:49,13600.0,1000.0,129000.0
39,2021-10-20 07:19:49,13600.0,100.0,128000.0
40,2021-10-20 07:19:49,13600.0,200.0,127900.0
41,2021-10-20 07:19:49,13600.0,2000.0,127700.0
42,2021-10-20 07:19:49,13600.0,100.0,125700.0
43,2021-10-20 07:19:49,13600.0,500.0,125600.0
44,2021-10-20 07:19:49,13600.0,500.0,125100.0
45,2021-10-20 07:19:49,13600.0,200.0,124600.0
46,2021-10-20 07:09:55,13650.0,3300.0,124400.0
47,2021-10-20 07:09:55,13650.0,4800.0,121100.0
48,2021-10-20 07:04:05,13650.0,1600.0,116300.0
49,2021-10-20 07:01:58,13650.0,4000.0,114700.0
50,2021-10-20 07:00:55,13650.0,3500.0,110700.0
51,2021-10-20 07:00:55,13650.0,5300.0,107200.0
52,2021-10-20 06:58:50,13650.0,500.0,101900.0
53,2021-10-20 06:46:07,13650.0,800.0,101400.0
54,2021-10-20 06:34:18,13650.0,3700.0,100600.0
55,2021-10-20 06:30:52,13650.0,300.0,96900.0
56,2021-10-20 06:30:52,13650.0,5400.0,96600.0
57,2021-10-20 06:29:10,13650.0,2200.0,91200.0
58,2021-10-20 06:27:37,13650.0,400.0,89000.0
59,2021-10-20 06:20:27,13650.0,2400.0,88600.0
60,2021-10-20 06:14:35,13600.0,800.0,86200.0
61,2021-10-20 06:14:35,13600.0,200.0,85400.0
62,2021-10-20 06:05:22,13600.0,700.0,85200.0
63,2021-10-20 04:22:27,13650.0,2600.0,84500.0
64,2021-10-20 04:22:27,13650.0,5300.0,81900.0
65,2021-10-20 04:17:05,13600.0,200.0,76600.0
66,2021-10-20 04:16:20,13600.0,900.0,76400.0
67,2021-10-20 04:16:20,13600.0,1000.0,75500.0
68,2021-10-20 04:16:20,13600.0,100.0,74500.0
69,2021-10-20 04:15:08,13600.0,2000.0,74400.0
70,2021-10-20 04:00:40,13600.0,1900.0,72400.0
71,2021-10-20 04:00:40,13600.0,100.0,70500.0
72,2021-10-20 04:00:40,13600.0,2000.0,70400.0
73,2021-10-20 04:00:40,13600.0,1000.0,68400.0
74,2021-10-20 03:59:51,13650.0,600.0,67400.0
75,2021-10-20 03:59:51,13650.0,300.0,66800.0
76,2021-10-20 03:57:15,13700.0,3000.0,66500.0
77,2021-10-20 03:57:11,13650.0,1000.0,63500.0
78,2021-10-20 03:53:14,13650.0,4600.0,62500.0
79,2021-10-20 03:50:53,13650.0,1400.0,57900.0
80,2021-10-20 03:45:59,13650.0,4600.0,56500.0
81,2021-10-20 03:44:59,13650.0,1100.0,51900.0
82,2021-10-20 03:44:59,13700.0,100.0,50800.0
83,2021-10-20 03:44:54,13700.0,4000.0,50700.0
84,2021-10-20 03:44:54,13700.0,5500.0,46700.0
85,2021-10-20 03:44:54,13700.0,400.0,41200.0
86,2021-10-20 03:36:21,13700.0,100.0,40800.0
87,2021-10-20 03:36:21,13700.0,5900.0,40700.0
88,2021-10-20 03:31:37,13650.0,5900.0,34800.0
89,2021-10-20 03:23:21,13550.0,2000.0,28900.0
90,2021-10-20 03:23:21,13550.0,100.0,26900.0
91,2021-10-20 03:22:29,13600.0,200.0,26800.0
92,2021-10-20 03:21:29,13600.0,100.0,26600.0
93,2021-10-20 03:21:29,13600.0,200.0,26500.0
94,2021-10-20 03:21:29,13600.0,400.0,26300.0
95,2021-10-20 03:21:29,13600.0,100.0,25900.0
96,2021-10-20 03:21:29,13600.0,1000.0,25800.0
97,2021-10-20 03:21:29,13600.0,2000.0,24800.0
98,2021-10-20 03:21:29,13600.0,100.0,22800.0
99,2021-10-20 03:21:29,13600.0,1000.0,22700.0
100,2021-10-20 03:21:29,13650.0,300.0,21700.0
101,2021-10-20 03:21:12,13650.0,500.0,21400.0
102,2021-10-20 03:19:06,13650.0,200.0,20900.0
103,2021-10-20 03:18:36,13650.0,4000.0,20700.0
104,2021-10-20 03:12:12,13700.0,100.0,16700.0
105,2021-10-20 03:12:12,13700.0,600.0,16600.0
106,2021-10-20 03:05:42,13700.0,300.0,16000.0
107,2021-10-20 03:03:48,13700.0,1000.0,15700.0
108,2021-10-20 02:50:37,13700.0,2200.0,14700.0
109,2021-10-20 02:46:10,13700.0,3300.0,12500.0
110,2021-10-20 02:46:10,13700.0,100.0,9200.0
111,2021-10-20 02:46:10,13700.0,600.0,9100.0
112,2021-10-20 02:42:22,13700.0,100.0,8500.0
113,2021-10-20 02:41:35,13700.0,600.0,8400.0
114,2021-10-20 02:37:13,13750.0,400.0,7800.0
115,2021-10-20 02:35:27,13700.0,800.0,7400.0
116,2021-10-20 02:35:27,13700.0,3600.0,6600.0
117,2021-10-20 02:33:00,13700.0,200.0,3000.0
118,2021-10-20 02:33:00,13700.0,100.0,2800.0
119,2021-10-20 02:20:47,13700.0,1500.0,2700.0
120,2021-10-20 02:16:34,13750.0,600.0,1200.0
121,2021-10-20 02:15:01,13750.0,100.0,600.0
122,2021-10-20 02:15:01,13750.0,500.0,500.0
