,Time,Price,Volume_per_trade,Volume
0,2021-10-19 07:45:01,13750.0,300.0,216600.0
1,2021-10-19 07:45:01,13750.0,5900.0,216300.0
2,2021-10-19 07:45:01,13750.0,1000.0,210400.0
3,2021-10-19 07:45:01,13750.0,100.0,209400.0
4,2021-10-19 07:45:01,13750.0,1900.0,209300.0
5,2021-10-19 07:29:41,13700.0,3400.0,207400.0
6,2021-10-19 07:29:41,13700.0,6500.0,204000.0
7,2021-10-19 07:28:30,13700.0,1500.0,197500.0
8,2021-10-19 07:28:24,13700.0,500.0,196000.0
9,2021-10-19 07:28:24,13700.0,3000.0,195500.0
10,2021-10-19 07:28:03,13700.0,3000.0,192500.0
11,2021-10-19 07:28:03,13700.0,5900.0,189500.0
12,2021-10-19 07:27:11,13700.0,1000.0,183600.0
13,2021-10-19 07:25:29,13700.0,3000.0,182600.0
14,2021-10-19 07:24:13,13700.0,2000.0,179600.0
15,2021-10-19 07:24:13,13700.0,4600.0,177600.0
16,2021-10-19 07:24:13,13700.0,100.0,173000.0
17,2021-10-19 07:24:13,13700.0,1000.0,172900.0
18,2021-10-19 07:17:30,13700.0,5700.0,171900.0
19,2021-10-19 07:17:30,13700.0,200.0,166200.0
20,2021-10-19 07:13:39,13700.0,100.0,166000.0
21,2021-10-19 07:10:33,13700.0,100.0,165900.0
22,2021-10-19 07:09:51,13700.0,1500.0,165800.0
23,2021-10-19 07:05:58,13700.0,6100.0,164300.0
24,2021-10-19 07:05:58,13700.0,1000.0,158200.0
25,2021-10-19 07:05:58,13700.0,500.0,157200.0
26,2021-10-19 07:05:58,13700.0,900.0,156700.0
27,2021-10-19 07:00:48,13700.0,1000.0,155800.0
28,2021-10-19 07:00:48,13700.0,400.0,154800.0
29,2021-10-19 07:00:48,13700.0,3600.0,154400.0
30,2021-10-19 06:57:37,13700.0,1900.0,150800.0
31,2021-10-19 06:57:37,13700.0,4500.0,148900.0
32,2021-10-19 06:57:37,13700.0,100.0,144400.0
33,2021-10-19 06:57:37,13700.0,2300.0,144300.0
34,2021-10-19 06:49:48,13650.0,100.0,142000.0
35,2021-10-19 06:49:41,13650.0,300.0,141900.0
36,2021-10-19 06:49:32,13650.0,200.0,141600.0
37,2021-10-19 06:49:22,13650.0,100.0,141400.0
38,2021-10-19 06:49:14,13650.0,100.0,141300.0
39,2021-10-19 06:49:04,13650.0,500.0,141200.0
40,2021-10-19 06:48:57,13650.0,200.0,140700.0
41,2021-10-19 06:48:50,13650.0,100.0,140500.0
42,2021-10-19 06:48:29,13650.0,100.0,140400.0
43,2021-10-19 06:44:26,13700.0,2300.0,140300.0
44,2021-10-19 06:44:26,13700.0,1000.0,138000.0
45,2021-10-19 06:44:26,13700.0,500.0,137000.0
46,2021-10-19 06:44:26,13700.0,500.0,136500.0
47,2021-10-19 06:44:26,13700.0,1000.0,136000.0
48,2021-10-19 06:44:26,13700.0,1100.0,135000.0
49,2021-10-19 06:35:40,13700.0,4500.0,133900.0
50,2021-10-19 06:35:40,13700.0,100.0,129400.0
51,2021-10-19 06:35:40,13700.0,100.0,129300.0
52,2021-10-19 06:35:40,13700.0,1100.0,129200.0
53,2021-10-19 06:34:11,13650.0,8300.0,128100.0
54,2021-10-19 06:34:11,13650.0,500.0,119800.0
55,2021-10-19 06:28:52,13650.0,500.0,119300.0
56,2021-10-19 06:24:58,13650.0,300.0,118800.0
57,2021-10-19 06:17:24,13650.0,1500.0,118500.0
58,2021-10-19 06:16:41,13650.0,1500.0,117000.0
59,2021-10-19 06:16:41,13650.0,4400.0,115500.0
60,2021-10-19 06:13:08,13650.0,600.0,111100.0
61,2021-10-19 06:13:08,13650.0,500.0,110500.0
62,2021-10-19 04:29:27,13700.0,200.0,110000.0
63,2021-10-19 04:28:31,13650.0,6800.0,109800.0
64,2021-10-19 04:27:59,13600.0,5200.0,103000.0
65,2021-10-19 04:27:16,13600.0,500.0,97800.0
66,2021-10-19 04:25:23,13700.0,2700.0,97300.0
67,2021-10-19 04:25:23,13650.0,2800.0,94600.0
68,2021-10-19 04:24:20,13650.0,8900.0,91800.0
69,2021-10-19 04:23:17,13650.0,500.0,82900.0
70,2021-10-19 04:23:17,13600.0,4400.0,82400.0
71,2021-10-19 04:22:49,13600.0,3400.0,78000.0
72,2021-10-19 04:22:49,13600.0,600.0,74600.0
73,2021-10-19 04:19:37,13600.0,5800.0,74000.0
74,2021-10-19 04:18:09,13600.0,500.0,68200.0
75,2021-10-19 04:18:09,13600.0,800.0,67700.0
76,2021-10-19 04:14:47,13600.0,100.0,66900.0
77,2021-10-19 03:59:04,13600.0,700.0,66800.0
78,2021-10-19 03:58:08,13600.0,1000.0,66100.0
79,2021-10-19 03:56:06,13600.0,1200.0,65100.0
80,2021-10-19 03:54:47,13600.0,1100.0,63900.0
81,2021-10-19 03:54:47,13600.0,6800.0,62800.0
82,2021-10-19 03:49:13,13600.0,3000.0,56000.0
83,2021-10-19 03:48:43,13600.0,1000.0,53000.0
84,2021-10-19 03:48:43,13600.0,800.0,52000.0
85,2021-10-19 03:48:43,13600.0,200.0,51200.0
86,2021-10-19 03:48:43,13600.0,100.0,51000.0
87,2021-10-19 03:48:43,13600.0,700.0,50900.0
88,2021-10-19 03:47:07,13600.0,600.0,50200.0
89,2021-10-19 03:32:51,13600.0,2000.0,49600.0
90,2021-10-19 03:32:42,13650.0,100.0,47600.0
91,2021-10-19 03:32:11,13650.0,1300.0,47500.0
92,2021-10-19 03:27:16,13650.0,600.0,46200.0
93,2021-10-19 03:27:16,13650.0,500.0,45600.0
94,2021-10-19 03:27:09,13650.0,2500.0,45100.0
95,2021-10-19 03:27:09,13650.0,4300.0,42600.0
96,2021-10-19 03:25:50,13650.0,400.0,38300.0
97,2021-10-19 03:25:50,13650.0,1100.0,37900.0
98,2021-10-19 03:22:44,13700.0,500.0,36800.0
99,2021-10-19 03:21:39,13700.0,500.0,36300.0
100,2021-10-19 03:21:39,13700.0,3000.0,35800.0
101,2021-10-19 03:16:43,13700.0,3800.0,32800.0
102,2021-10-19 03:16:23,13700.0,100.0,29000.0
103,2021-10-19 03:15:01,13700.0,1000.0,28900.0
104,2021-10-19 03:12:51,13700.0,100.0,27900.0
105,2021-10-19 03:12:51,13700.0,500.0,27800.0
106,2021-10-19 03:06:03,13700.0,400.0,27300.0
107,2021-10-19 03:00:26,13700.0,1700.0,26900.0
108,2021-10-19 02:56:04,13700.0,700.0,25200.0
109,2021-10-19 02:55:13,13700.0,3800.0,24500.0
110,2021-10-19 02:55:13,13700.0,2000.0,20700.0
111,2021-10-19 02:48:39,13700.0,2000.0,18700.0
112,2021-10-19 02:48:39,13700.0,100.0,16700.0
113,2021-10-19 02:46:00,13750.0,2000.0,16600.0
114,2021-10-19 02:46:00,13750.0,300.0,14600.0
115,2021-10-19 02:41:40,13700.0,800.0,14300.0
116,2021-10-19 02:39:28,13700.0,2900.0,13500.0
117,2021-10-19 02:36:52,13700.0,2000.0,10600.0
118,2021-10-19 02:30:22,13700.0,100.0,8600.0
119,2021-10-19 02:25:47,13700.0,100.0,8500.0
120,2021-10-19 02:19:33,13700.0,100.0,8400.0
121,2021-10-19 02:15:00,13800.0,300.0,8300.0
122,2021-10-19 02:15:00,13800.0,800.0,8000.0
123,2021-10-19 02:15:00,13800.0,400.0,7200.0
124,2021-10-19 02:15:00,13800.0,300.0,6800.0
125,2021-10-19 02:15:00,13800.0,3500.0,6500.0
126,2021-10-19 02:15:00,13800.0,2800.0,3000.0
127,2021-10-19 02:15:00,13800.0,100.0,200.0
128,2021-10-19 02:15:00,13800.0,100.0,100.0
