,Time,Price,Volume_per_trade,Volume
0,2021-10-19 07:45:01,22050.0,1700.0,190500.0
1,2021-10-19 07:45:01,22050.0,500.0,188800.0
2,2021-10-19 07:45:01,22050.0,600.0,188300.0
3,2021-10-19 07:45:01,22050.0,300.0,187700.0
4,2021-10-19 07:45:01,22050.0,900.0,187400.0
5,2021-10-19 07:45:01,22050.0,1000.0,186500.0
6,2021-10-19 07:45:01,22050.0,100.0,185500.0
7,2021-10-19 07:45:01,22050.0,700.0,185400.0
8,2021-10-19 07:45:01,22050.0,200.0,184700.0
9,2021-10-19 07:27:04,22200.0,1000.0,184500.0
10,2021-10-19 07:26:08,22200.0,500.0,183500.0
11,2021-10-19 07:24:38,22100.0,1000.0,183000.0
12,2021-10-19 07:24:27,22100.0,100.0,182000.0
13,2021-10-19 07:24:27,22100.0,100.0,181900.0
14,2021-10-19 07:24:27,22100.0,300.0,181800.0
15,2021-10-19 07:20:59,22100.0,200.0,181500.0
16,2021-10-19 07:20:59,22100.0,200.0,181300.0
17,2021-10-19 07:20:59,22100.0,300.0,181100.0
18,2021-10-19 07:20:59,22100.0,1300.0,180800.0
19,2021-10-19 07:18:30,22200.0,300.0,179500.0
20,2021-10-19 07:18:30,22200.0,300.0,179200.0
21,2021-10-19 07:10:56,22200.0,100.0,178900.0
22,2021-10-19 07:10:15,22200.0,500.0,178800.0
23,2021-10-19 07:09:08,22200.0,100.0,178300.0
24,2021-10-19 07:07:45,22200.0,200.0,178200.0
25,2021-10-19 07:04:46,22200.0,300.0,178000.0
26,2021-10-19 07:04:46,22200.0,200.0,177700.0
27,2021-10-19 07:01:54,22200.0,500.0,177500.0
28,2021-10-19 07:01:54,22200.0,100.0,177000.0
29,2021-10-19 06:57:26,22200.0,200.0,176900.0
30,2021-10-19 06:53:53,22200.0,500.0,176700.0
31,2021-10-19 06:51:58,22200.0,400.0,176200.0
32,2021-10-19 06:51:34,22100.0,1200.0,175800.0
33,2021-10-19 06:51:34,22100.0,1000.0,174600.0
34,2021-10-19 06:51:34,22100.0,300.0,173600.0
35,2021-10-19 06:50:18,22100.0,500.0,173300.0
36,2021-10-19 06:50:12,22100.0,500.0,172800.0
37,2021-10-19 06:49:52,22100.0,500.0,172300.0
38,2021-10-19 06:49:52,22100.0,200.0,171800.0
39,2021-10-19 06:49:52,22100.0,100.0,171600.0
40,2021-10-19 06:49:52,22100.0,200.0,171500.0
41,2021-10-19 06:49:09,22100.0,700.0,171300.0
42,2021-10-19 06:48:12,22150.0,5000.0,170600.0
43,2021-10-19 06:48:12,22150.0,500.0,165600.0
44,2021-10-19 06:46:39,22200.0,300.0,165100.0
45,2021-10-19 06:46:39,22200.0,100.0,164800.0
46,2021-10-19 06:46:39,22200.0,500.0,164700.0
47,2021-10-19 06:35:48,22200.0,100.0,164200.0
48,2021-10-19 06:35:48,22200.0,900.0,164100.0
49,2021-10-19 06:31:15,22300.0,100.0,163200.0
50,2021-10-19 06:30:53,22300.0,100.0,163100.0
51,2021-10-19 06:28:12,22300.0,700.0,163000.0
52,2021-10-19 06:28:12,22300.0,100.0,162300.0
53,2021-10-19 06:28:12,22300.0,200.0,162200.0
54,2021-10-19 06:26:57,22300.0,200.0,162000.0
55,2021-10-19 06:22:20,22300.0,500.0,161800.0
56,2021-10-19 06:18:56,22300.0,300.0,161300.0
57,2021-10-19 06:12:06,22300.0,100.0,161000.0
58,2021-10-19 06:10:29,22200.0,100.0,160900.0
59,2021-10-19 06:07:11,22200.0,500.0,160800.0
60,2021-10-19 06:07:00,22200.0,2000.0,160300.0
61,2021-10-19 06:03:11,22200.0,500.0,158300.0
62,2021-10-19 06:00:03,22200.0,500.0,157800.0
63,2021-10-19 06:00:00,22100.0,200.0,157300.0
64,2021-10-19 04:26:42,22200.0,1000.0,157100.0
65,2021-10-19 04:25:07,22100.0,100.0,156100.0
66,2021-10-19 04:21:41,22100.0,200.0,156000.0
67,2021-10-19 04:19:20,22100.0,1600.0,155800.0
68,2021-10-19 04:19:20,22100.0,2000.0,154200.0
69,2021-10-19 04:19:20,22100.0,3000.0,152200.0
70,2021-10-19 04:18:18,22100.0,1000.0,149200.0
71,2021-10-19 04:15:24,22200.0,200.0,148200.0
72,2021-10-19 04:15:10,22200.0,200.0,148000.0
73,2021-10-19 04:15:10,22200.0,500.0,147800.0
74,2021-10-19 04:14:54,22200.0,3000.0,147300.0
75,2021-10-19 04:12:44,22200.0,1500.0,144300.0
76,2021-10-19 04:12:44,22200.0,400.0,142800.0
77,2021-10-19 04:11:52,22100.0,500.0,142400.0
78,2021-10-19 04:11:52,22100.0,500.0,141900.0
79,2021-10-19 04:11:07,22100.0,2000.0,141400.0
80,2021-10-19 04:10:36,22100.0,100.0,139400.0
81,2021-10-19 04:10:35,22100.0,100.0,139300.0
82,2021-10-19 04:10:04,22100.0,200.0,139200.0
83,2021-10-19 04:10:04,22100.0,100.0,139000.0
84,2021-10-19 04:10:04,22100.0,500.0,138900.0
85,2021-10-19 04:08:13,22100.0,1000.0,138400.0
86,2021-10-19 04:08:13,22100.0,1000.0,137400.0
87,2021-10-19 04:07:22,22100.0,1000.0,136400.0
88,2021-10-19 04:04:04,22100.0,300.0,135400.0
89,2021-10-19 04:04:04,22100.0,500.0,135100.0
90,2021-10-19 04:04:04,22100.0,100.0,134600.0
91,2021-10-19 04:03:14,22100.0,1800.0,134500.0
92,2021-10-19 04:03:11,22200.0,200.0,132700.0
93,2021-10-19 03:59:41,22100.0,100.0,132500.0
94,2021-10-19 03:53:28,22200.0,300.0,132400.0
95,2021-10-19 03:52:06,22100.0,3000.0,132100.0
96,2021-10-19 03:50:06,22100.0,500.0,129100.0
97,2021-10-19 03:49:20,22100.0,200.0,128600.0
98,2021-10-19 03:48:58,22100.0,200.0,128400.0
99,2021-10-19 03:48:58,22100.0,700.0,128200.0
100,2021-10-19 03:48:58,22100.0,500.0,127500.0
101,2021-10-19 03:48:58,22150.0,900.0,127000.0
102,2021-10-19 03:43:40,22100.0,1000.0,126100.0
103,2021-10-19 03:43:06,22100.0,2600.0,125100.0
104,2021-10-19 03:40:36,22000.0,1300.0,122500.0
105,2021-10-19 03:40:36,22000.0,200.0,121200.0
106,2021-10-19 03:40:36,22000.0,500.0,121000.0
107,2021-10-19 03:40:36,22000.0,1000.0,120500.0
108,2021-10-19 03:40:36,22000.0,100.0,119500.0
109,2021-10-19 03:40:36,22000.0,400.0,119400.0
110,2021-10-19 03:39:46,22050.0,100.0,119000.0
111,2021-10-19 03:39:39,22050.0,1000.0,118900.0
112,2021-10-19 03:39:34,22050.0,700.0,117900.0
113,2021-10-19 03:39:29,22050.0,200.0,117200.0
114,2021-10-19 03:38:46,22050.0,3000.0,117000.0
115,2021-10-19 03:38:40,22100.0,400.0,114000.0
116,2021-10-19 03:38:40,22100.0,1000.0,113600.0
117,2021-10-19 03:38:17,22100.0,500.0,112600.0
118,2021-10-19 03:36:04,22100.0,200.0,112100.0
119,2021-10-19 03:33:29,22100.0,300.0,111900.0
120,2021-10-19 03:32:40,22100.0,500.0,111600.0
121,2021-10-19 03:32:35,22100.0,200.0,111100.0
122,2021-10-19 03:31:17,22100.0,200.0,110900.0
123,2021-10-19 03:29:31,22100.0,300.0,110700.0
124,2021-10-19 03:28:52,22100.0,1000.0,110400.0
125,2021-10-19 03:27:50,22000.0,100.0,109400.0
126,2021-10-19 03:27:50,22000.0,500.0,109300.0
127,2021-10-19 03:27:50,22000.0,300.0,108800.0
128,2021-10-19 03:27:50,22000.0,100.0,108500.0
129,2021-10-19 03:27:29,22000.0,200.0,108400.0
130,2021-10-19 03:27:29,22000.0,300.0,108200.0
131,2021-10-19 03:27:29,22000.0,1000.0,107900.0
132,2021-10-19 03:27:29,22000.0,100.0,106900.0
133,2021-10-19 03:27:29,22000.0,200.0,106800.0
134,2021-10-19 03:27:29,22000.0,2000.0,106600.0
135,2021-10-19 03:27:29,22000.0,3000.0,104600.0
136,2021-10-19 03:27:29,22000.0,100.0,101600.0
137,2021-10-19 03:27:29,22000.0,100.0,101500.0
138,2021-10-19 03:27:29,22000.0,100.0,101400.0
139,2021-10-19 03:27:29,22000.0,300.0,101300.0
140,2021-10-19 03:27:29,22000.0,200.0,101000.0
141,2021-10-19 03:27:29,22100.0,100.0,100800.0
142,2021-10-19 03:27:29,22100.0,1000.0,100700.0
143,2021-10-19 03:27:29,22100.0,300.0,99700.0
144,2021-10-19 03:27:15,22200.0,100.0,99400.0
145,2021-10-19 03:26:06,22200.0,400.0,99300.0
146,2021-10-19 03:26:06,22200.0,2200.0,98900.0
147,2021-10-19 03:25:03,22200.0,800.0,96700.0
148,2021-10-19 03:25:03,22200.0,500.0,95900.0
149,2021-10-19 03:25:03,22200.0,200.0,95400.0
150,2021-10-19 03:23:02,22300.0,1000.0,95200.0
151,2021-10-19 03:23:02,22300.0,200.0,94200.0
152,2021-10-19 03:22:07,22300.0,200.0,94000.0
153,2021-10-19 03:22:07,22300.0,800.0,93800.0
154,2021-10-19 03:21:14,22300.0,200.0,93000.0
155,2021-10-19 03:17:11,22300.0,1000.0,92800.0
156,2021-10-19 03:17:11,22300.0,500.0,91800.0
157,2021-10-19 03:15:01,22200.0,200.0,91300.0
158,2021-10-19 03:12:36,22200.0,800.0,91100.0
159,2021-10-19 03:11:29,22200.0,1000.0,90300.0
160,2021-10-19 03:11:29,22200.0,200.0,89300.0
161,2021-10-19 03:08:12,22200.0,500.0,89100.0
162,2021-10-19 03:06:09,22200.0,200.0,88600.0
163,2021-10-19 03:04:18,22100.0,300.0,88400.0
164,2021-10-19 03:03:45,22100.0,1000.0,88100.0
165,2021-10-19 03:03:23,22100.0,1100.0,87100.0
166,2021-10-19 03:02:50,22100.0,500.0,86000.0
167,2021-10-19 03:02:14,22100.0,400.0,85500.0
168,2021-10-19 03:01:39,22100.0,500.0,85100.0
169,2021-10-19 03:01:39,22100.0,1500.0,84600.0
170,2021-10-19 03:01:25,22100.0,1200.0,83100.0
171,2021-10-19 02:58:15,22000.0,200.0,81900.0
172,2021-10-19 02:58:15,22000.0,100.0,81700.0
173,2021-10-19 02:58:15,22000.0,200.0,81600.0
174,2021-10-19 02:58:15,22000.0,2000.0,81400.0
175,2021-10-19 02:58:15,22000.0,500.0,79400.0
176,2021-10-19 02:58:15,22000.0,500.0,78900.0
177,2021-10-19 02:58:15,22000.0,500.0,78400.0
178,2021-10-19 02:58:15,22000.0,500.0,77900.0
179,2021-10-19 02:58:15,22000.0,5000.0,77400.0
180,2021-10-19 02:58:15,22000.0,100.0,72400.0
181,2021-10-19 02:58:15,22000.0,400.0,72300.0
182,2021-10-19 02:58:00,22000.0,3300.0,71900.0
183,2021-10-19 02:58:00,22000.0,400.0,68600.0
184,2021-10-19 02:58:00,22000.0,1000.0,68200.0
185,2021-10-19 02:58:00,22000.0,200.0,67200.0
186,2021-10-19 02:58:00,22000.0,100.0,67000.0
187,2021-10-19 02:57:51,22000.0,400.0,66900.0
188,2021-10-19 02:57:51,22000.0,100.0,66500.0
189,2021-10-19 02:57:51,22000.0,500.0,66400.0
190,2021-10-19 02:57:51,22000.0,400.0,65900.0
191,2021-10-19 02:57:51,22000.0,1000.0,65500.0
192,2021-10-19 02:57:51,22000.0,100.0,64500.0
193,2021-10-19 02:57:51,22000.0,500.0,64400.0
194,2021-10-19 02:57:51,22000.0,500.0,63900.0
195,2021-10-19 02:57:51,22000.0,100.0,63400.0
196,2021-10-19 02:57:51,22050.0,100.0,63300.0
197,2021-10-19 02:57:51,22050.0,100.0,63200.0
198,2021-10-19 02:57:51,22050.0,100.0,63100.0
199,2021-10-19 02:57:51,22050.0,100.0,63000.0
200,2021-10-19 02:57:51,22050.0,1000.0,62900.0
201,2021-10-19 02:57:39,22100.0,1100.0,61900.0
202,2021-10-19 02:56:42,22100.0,100.0,60800.0
203,2021-10-19 02:56:29,22100.0,1400.0,60700.0
204,2021-10-19 02:55:22,22100.0,200.0,59300.0
205,2021-10-19 02:55:22,22100.0,1000.0,59100.0
206,2021-10-19 02:55:01,22200.0,1000.0,58100.0
207,2021-10-19 02:54:29,22300.0,1400.0,57100.0
208,2021-10-19 02:53:37,22300.0,500.0,55700.0
209,2021-10-19 02:53:37,22300.0,200.0,55200.0
210,2021-10-19 02:52:33,22300.0,1000.0,55000.0
211,2021-10-19 02:52:33,22300.0,1400.0,54000.0
212,2021-10-19 02:50:20,22300.0,600.0,52600.0
213,2021-10-19 02:50:20,22300.0,400.0,52000.0
214,2021-10-19 02:48:27,22300.0,1000.0,51600.0
215,2021-10-19 02:46:51,22300.0,200.0,50600.0
216,2021-10-19 02:46:51,22300.0,400.0,50400.0
217,2021-10-19 02:45:06,22300.0,100.0,50000.0
218,2021-10-19 02:41:18,22300.0,100.0,49900.0
219,2021-10-19 02:41:16,22050.0,200.0,49800.0
220,2021-10-19 02:37:16,22050.0,500.0,49600.0
221,2021-10-19 02:36:08,22000.0,300.0,49100.0
222,2021-10-19 02:36:08,22000.0,100.0,48800.0
223,2021-10-19 02:36:08,22000.0,500.0,48700.0
224,2021-10-19 02:35:53,22200.0,100.0,48200.0
225,2021-10-19 02:32:28,22350.0,100.0,48100.0
226,2021-10-19 02:32:28,22350.0,100.0,48000.0
227,2021-10-19 02:30:55,22350.0,1800.0,47900.0
228,2021-10-19 02:30:31,22350.0,100.0,46100.0
229,2021-10-19 02:29:07,22000.0,100.0,46000.0
230,2021-10-19 02:29:07,22000.0,200.0,45900.0
231,2021-10-19 02:29:07,22000.0,700.0,45700.0
232,2021-10-19 02:24:15,22400.0,100.0,45000.0
233,2021-10-19 02:24:15,22400.0,100.0,44900.0
234,2021-10-19 02:24:15,22400.0,200.0,44800.0
235,2021-10-19 02:24:14,22300.0,10000.0,44600.0
236,2021-10-19 02:20:59,22400.0,100.0,34600.0
237,2021-10-19 02:19:11,22400.0,100.0,34500.0
238,2021-10-19 02:18:58,22350.0,100.0,34400.0
239,2021-10-19 02:18:30,22250.0,800.0,34300.0
240,2021-10-19 02:18:16,22000.0,200.0,33500.0
241,2021-10-19 02:18:04,22000.0,100.0,33300.0
242,2021-10-19 02:18:04,22000.0,700.0,33200.0
243,2021-10-19 02:18:04,22000.0,100.0,32500.0
244,2021-10-19 02:18:04,22000.0,300.0,32400.0
245,2021-10-19 02:15:00,21950.0,100.0,32100.0
246,2021-10-19 02:15:00,21950.0,100.0,32000.0
247,2021-10-19 02:15:00,21950.0,300.0,31900.0
248,2021-10-19 02:15:00,21950.0,1400.0,31600.0
249,2021-10-19 02:15:00,21950.0,1000.0,30200.0
250,2021-10-19 02:15:00,21950.0,5000.0,29200.0
251,2021-10-19 02:15:00,21950.0,10000.0,24200.0
252,2021-10-19 02:15:00,21950.0,200.0,14200.0
253,2021-10-19 02:15:00,21950.0,1000.0,14000.0
254,2021-10-19 02:15:00,21950.0,3000.0,13000.0
255,2021-10-19 02:15:00,21950.0,200.0,10000.0
256,2021-10-19 02:15:00,21950.0,200.0,9800.0
257,2021-10-19 02:15:00,21950.0,1000.0,9600.0
258,2021-10-19 02:15:00,21950.0,500.0,8600.0
259,2021-10-19 02:15:00,21950.0,1000.0,8100.0
260,2021-10-19 02:15:00,21950.0,100.0,7100.0
261,2021-10-19 02:15:00,21950.0,1000.0,7000.0
262,2021-10-19 02:15:00,21950.0,1000.0,6000.0
263,2021-10-19 02:15:00,21950.0,1000.0,5000.0
264,2021-10-19 02:15:00,21950.0,600.0,4000.0
265,2021-10-19 02:15:00,21950.0,300.0,3400.0
266,2021-10-19 02:15:00,21950.0,1500.0,3100.0
267,2021-10-19 02:15:00,21950.0,500.0,1600.0
268,2021-10-19 02:15:00,21950.0,1000.0,1100.0
269,2021-10-19 02:15:00,21950.0,100.0,100.0
