,Time,Price,Volume_per_trade,Volume
0,2021-10-07 07:45:01,29400.0,600.0,9634300.0
1,2021-10-07 07:45:01,29400.0,200.0,9633700.0
2,2021-10-07 07:45:01,29400.0,1500.0,9633500.0
3,2021-10-07 07:45:01,29400.0,2500.0,9632000.0
4,2021-10-07 07:45:01,29400.0,200.0,9629500.0
5,2021-10-07 07:45:01,29400.0,3000.0,9629300.0
6,2021-10-07 07:45:01,29400.0,100.0,9626300.0
7,2021-10-07 07:45:01,29400.0,200.0,9626200.0
8,2021-10-07 07:45:01,29400.0,2900.0,9626000.0
9,2021-10-07 07:45:01,29400.0,1800.0,9623100.0
10,2021-10-07 07:45:01,29400.0,200.0,9621300.0
11,2021-10-07 07:45:01,29400.0,300.0,9621100.0
12,2021-10-07 07:45:01,29400.0,100.0,9620800.0
13,2021-10-07 07:45:01,29400.0,500.0,9620700.0
14,2021-10-07 07:45:01,29400.0,2000.0,9620200.0
15,2021-10-07 07:45:01,29400.0,100.0,9618200.0
16,2021-10-07 07:45:01,29400.0,100.0,9618100.0
17,2021-10-07 07:45:01,29400.0,200.0,9618000.0
18,2021-10-07 07:45:01,29400.0,100.0,9617800.0
19,2021-10-07 07:45:01,29400.0,400.0,9617700.0
20,2021-10-07 07:45:01,29400.0,1300.0,9617300.0
21,2021-10-07 07:45:01,29400.0,1700.0,9616000.0
22,2021-10-07 07:45:01,29400.0,300.0,9614300.0
23,2021-10-07 07:45:01,29400.0,700.0,9614000.0
24,2021-10-07 07:45:01,29400.0,300.0,9613300.0
25,2021-10-07 07:45:01,29400.0,200.0,9613000.0
26,2021-10-07 07:45:01,29400.0,100.0,9612800.0
27,2021-10-07 07:45:01,29400.0,100.0,9612700.0
28,2021-10-07 07:45:01,29400.0,100.0,9612600.0
29,2021-10-07 07:45:01,29400.0,2900.0,9612500.0
30,2021-10-07 07:45:01,29400.0,2000.0,9609600.0
31,2021-10-07 07:45:01,29400.0,100.0,9607600.0
32,2021-10-07 07:45:01,29400.0,200.0,9607500.0
33,2021-10-07 07:45:01,29400.0,800.0,9607300.0
34,2021-10-07 07:45:01,29400.0,500.0,9606500.0
35,2021-10-07 07:45:01,29400.0,100.0,9606000.0
36,2021-10-07 07:45:01,29400.0,400.0,9605900.0
37,2021-10-07 07:45:01,29400.0,5000.0,9605500.0
38,2021-10-07 07:45:01,29400.0,100.0,9600500.0
39,2021-10-07 07:45:01,29400.0,500.0,9600400.0
40,2021-10-07 07:45:01,29400.0,1000.0,9599900.0
41,2021-10-07 07:45:01,29400.0,6600.0,9598900.0
42,2021-10-07 07:45:01,29400.0,1500.0,9592300.0
43,2021-10-07 07:45:01,29400.0,300.0,9590800.0
44,2021-10-07 07:45:01,29400.0,100.0,9590500.0
45,2021-10-07 07:45:01,29400.0,2000.0,9590400.0
46,2021-10-07 07:45:01,29400.0,4000.0,9588400.0
47,2021-10-07 07:45:01,29400.0,100.0,9584400.0
48,2021-10-07 07:45:01,29400.0,2000.0,9584300.0
49,2021-10-07 07:45:01,29400.0,1400.0,9582300.0
50,2021-10-07 07:45:01,29400.0,200.0,9580900.0
51,2021-10-07 07:45:01,29400.0,2000.0,9580700.0
52,2021-10-07 07:45:01,29400.0,7000.0,9578700.0
53,2021-10-07 07:45:01,29400.0,1000.0,9571700.0
54,2021-10-07 07:45:01,29400.0,1000.0,9570700.0
55,2021-10-07 07:45:01,29400.0,2000.0,9569700.0
56,2021-10-07 07:45:01,29400.0,1000.0,9567700.0
57,2021-10-07 07:45:01,29400.0,4000.0,9566700.0
58,2021-10-07 07:45:01,29400.0,1000.0,9562700.0
59,2021-10-07 07:45:01,29400.0,12800.0,9561700.0
60,2021-10-07 07:45:01,29400.0,100.0,9548900.0
61,2021-10-07 07:45:01,29400.0,1000.0,9548800.0
62,2021-10-07 07:45:01,29400.0,200.0,9547800.0
63,2021-10-07 07:45:01,29400.0,300.0,9547600.0
64,2021-10-07 07:45:01,29400.0,300.0,9547300.0
65,2021-10-07 07:45:01,29400.0,100.0,9547000.0
66,2021-10-07 07:45:01,29400.0,200.0,9546900.0
67,2021-10-07 07:45:01,29400.0,3500.0,9546700.0
68,2021-10-07 07:45:01,29400.0,500.0,9543200.0
69,2021-10-07 07:45:01,29400.0,1000.0,9542700.0
70,2021-10-07 07:45:01,29400.0,1000.0,9541700.0
71,2021-10-07 07:45:01,29400.0,1000.0,9540700.0
72,2021-10-07 07:45:01,29400.0,1200.0,9539700.0
73,2021-10-07 07:45:01,29400.0,600.0,9538500.0
74,2021-10-07 07:45:01,29400.0,2000.0,9537900.0
75,2021-10-07 07:45:01,29400.0,2000.0,9535900.0
76,2021-10-07 07:45:01,29400.0,200.0,9533900.0
77,2021-10-07 07:45:01,29400.0,200.0,9533700.0
78,2021-10-07 07:45:01,29400.0,500.0,9533500.0
79,2021-10-07 07:45:01,29400.0,1400.0,9533000.0
80,2021-10-07 07:45:01,29400.0,1600.0,9531600.0
81,2021-10-07 07:45:01,29400.0,3000.0,9530000.0
82,2021-10-07 07:45:01,29400.0,600.0,9527000.0
83,2021-10-07 07:45:01,29400.0,2000.0,9526400.0
84,2021-10-07 07:45:01,29400.0,12100.0,9524400.0
85,2021-10-07 07:45:01,29400.0,3000.0,9512300.0
86,2021-10-07 07:45:01,29400.0,200.0,9509300.0
87,2021-10-07 07:45:01,29400.0,100.0,9509100.0
88,2021-10-07 07:45:01,29400.0,1000.0,9509000.0
89,2021-10-07 07:45:01,29400.0,300.0,9508000.0
90,2021-10-07 07:45:01,29400.0,3300.0,9507700.0
91,2021-10-07 07:45:01,29400.0,1700.0,9504400.0
92,2021-10-07 07:45:01,29400.0,100.0,9502700.0
93,2021-10-07 07:45:01,29400.0,1200.0,9502600.0
94,2021-10-07 07:45:01,29400.0,100.0,9501400.0
95,2021-10-07 07:45:01,29400.0,200.0,9501300.0
96,2021-10-07 07:45:01,29400.0,300.0,9501100.0
97,2021-10-07 07:45:01,29400.0,200.0,9500800.0
98,2021-10-07 07:45:01,29400.0,200.0,9500600.0
99,2021-10-07 07:45:01,29400.0,300.0,9500400.0
100,2021-10-07 07:45:01,29400.0,500.0,9500100.0
101,2021-10-07 07:29:54,29400.0,300.0,9499600.0
102,2021-10-07 07:29:50,29400.0,100.0,9499300.0
103,2021-10-07 07:29:47,29400.0,6900.0,9499200.0
104,2021-10-07 07:29:47,29400.0,3100.0,9492300.0
105,2021-10-07 07:29:46,29400.0,100.0,9489200.0
106,2021-10-07 07:29:44,29400.0,200.0,9489100.0
107,2021-10-07 07:29:44,29400.0,6600.0,9488900.0
108,2021-10-07 07:29:44,29400.0,100.0,9482300.0
109,2021-10-07 07:29:44,29400.0,500.0,9482200.0
110,2021-10-07 07:29:44,29400.0,2800.0,9481700.0
111,2021-10-07 07:29:38,29400.0,100.0,9478900.0
112,2021-10-07 07:29:36,29400.0,200.0,9478800.0
113,2021-10-07 07:29:32,29400.0,1900.0,9478600.0
114,2021-10-07 07:29:32,29400.0,100.0,9476700.0
115,2021-10-07 07:29:32,29400.0,1000.0,9476600.0
116,2021-10-07 07:29:32,29400.0,300.0,9475600.0
117,2021-10-07 07:29:32,29400.0,1700.0,9475300.0
118,2021-10-07 07:29:16,29400.0,500.0,9473600.0
119,2021-10-07 07:29:16,29400.0,100.0,9473100.0
120,2021-10-07 07:29:14,29400.0,1000.0,9473000.0
121,2021-10-07 07:29:08,29400.0,1500.0,9472000.0
122,2021-10-07 07:29:07,29350.0,100.0,9470500.0
123,2021-10-07 07:29:07,29350.0,100.0,9470400.0
124,2021-10-07 07:28:59,29400.0,100.0,9470300.0
125,2021-10-07 07:28:57,29400.0,100.0,9470200.0
126,2021-10-07 07:28:57,29400.0,100.0,9470100.0
127,2021-10-07 07:28:57,29400.0,100.0,9470000.0
128,2021-10-07 07:28:54,29400.0,200.0,9469900.0
129,2021-10-07 07:28:49,29400.0,1000.0,9469700.0
130,2021-10-07 07:28:47,29400.0,500.0,9468700.0
131,2021-10-07 07:28:47,29400.0,100.0,9468200.0
132,2021-10-07 07:28:38,29400.0,500.0,9468100.0
133,2021-10-07 07:28:38,29400.0,500.0,9467600.0
134,2021-10-07 07:28:38,29400.0,100.0,9467100.0
135,2021-10-07 07:28:38,29400.0,1000.0,9467000.0
136,2021-10-07 07:28:38,29400.0,100.0,9466000.0
137,2021-10-07 07:28:38,29400.0,1200.0,9465900.0
138,2021-10-07 07:28:38,29400.0,700.0,9464700.0
139,2021-10-07 07:28:38,29400.0,1000.0,9464000.0
140,2021-10-07 07:28:38,29400.0,600.0,9463000.0
141,2021-10-07 07:28:38,29400.0,300.0,9462400.0
142,2021-10-07 07:28:36,29400.0,500.0,9462100.0
143,2021-10-07 07:28:35,29400.0,700.0,9461600.0
144,2021-10-07 07:28:35,29400.0,500.0,9460900.0
145,2021-10-07 07:28:35,29400.0,500.0,9460400.0
146,2021-10-07 07:28:35,29400.0,900.0,9459900.0
147,2021-10-07 07:28:35,29400.0,100.0,9459000.0
148,2021-10-07 07:28:35,29400.0,2300.0,9458900.0
149,2021-10-07 07:28:29,29400.0,700.0,9456600.0
150,2021-10-07 07:28:29,29400.0,2000.0,9455900.0
151,2021-10-07 07:28:29,29400.0,300.0,9453900.0
152,2021-10-07 07:28:29,29400.0,100.0,9453600.0
153,2021-10-07 07:28:27,29400.0,300.0,9453500.0
154,2021-10-07 07:28:22,29400.0,2100.0,9453200.0
155,2021-10-07 07:28:22,29400.0,400.0,9451100.0
156,2021-10-07 07:28:22,29400.0,1000.0,9450700.0
157,2021-10-07 07:28:22,29400.0,3000.0,9449700.0
158,2021-10-07 07:28:22,29400.0,100.0,9446700.0
159,2021-10-07 07:28:22,29400.0,1400.0,9446600.0
160,2021-10-07 07:28:22,29400.0,700.0,9445200.0
161,2021-10-07 07:28:20,29400.0,200.0,9444500.0
162,2021-10-07 07:28:19,29400.0,300.0,9444300.0
163,2021-10-07 07:28:19,29450.0,1300.0,9444000.0
164,2021-10-07 07:28:19,29450.0,1000.0,9442700.0
165,2021-10-07 07:28:19,29450.0,1000.0,9441700.0
166,2021-10-07 07:28:19,29450.0,500.0,9440700.0
167,2021-10-07 07:28:19,29450.0,100.0,9440200.0
168,2021-10-07 07:28:19,29450.0,1100.0,9440100.0
169,2021-10-07 07:28:19,29400.0,400.0,9439000.0
170,2021-10-07 07:28:19,29400.0,100.0,9438600.0
171,2021-10-07 07:28:17,29400.0,500.0,9438500.0
172,2021-10-07 07:28:00,29400.0,200.0,9438000.0
173,2021-10-07 07:28:00,29400.0,100.0,9437800.0
174,2021-10-07 07:27:45,29450.0,500.0,9437700.0
175,2021-10-07 07:27:44,29450.0,100.0,9437200.0
176,2021-10-07 07:27:43,29450.0,600.0,9437100.0
177,2021-10-07 07:27:34,29450.0,100.0,9436500.0
178,2021-10-07 07:27:34,29450.0,200.0,9436400.0
179,2021-10-07 07:27:17,29450.0,400.0,9436200.0
180,2021-10-07 07:27:17,29450.0,2200.0,9435800.0
181,2021-10-07 07:27:15,29450.0,1500.0,9433600.0
182,2021-10-07 07:27:13,29450.0,1300.0,9432100.0
183,2021-10-07 07:27:13,29450.0,700.0,9430800.0
184,2021-10-07 07:27:12,29450.0,1000.0,9430100.0
185,2021-10-07 07:27:10,29450.0,200.0,9429100.0
186,2021-10-07 07:27:08,29450.0,1000.0,9428900.0
187,2021-10-07 07:27:08,29450.0,500.0,9427900.0
188,2021-10-07 07:27:06,29450.0,200.0,9427400.0
189,2021-10-07 07:27:06,29450.0,800.0,9427200.0
190,2021-10-07 07:27:06,29450.0,1000.0,9426400.0
191,2021-10-07 07:27:06,29450.0,100.0,9425400.0
192,2021-10-07 07:27:06,29450.0,3000.0,9425300.0
193,2021-10-07 07:27:06,29450.0,1000.0,9422300.0
194,2021-10-07 07:27:06,29450.0,500.0,9421300.0
195,2021-10-07 07:27:01,29450.0,100.0,9420800.0
196,2021-10-07 07:26:58,29400.0,4200.0,9420700.0
197,2021-10-07 07:26:58,29400.0,100.0,9416500.0
198,2021-10-07 07:26:58,29400.0,600.0,9416400.0
199,2021-10-07 07:26:58,29400.0,500.0,9415800.0
200,2021-10-07 07:26:58,29400.0,100.0,9415300.0
201,2021-10-07 07:26:58,29400.0,100.0,9415200.0
202,2021-10-07 07:26:58,29400.0,5000.0,9415100.0
203,2021-10-07 07:26:58,29400.0,100.0,9410100.0
204,2021-10-07 07:26:58,29400.0,300.0,9410000.0
205,2021-10-07 07:26:58,29400.0,2000.0,9409700.0
206,2021-10-07 07:26:58,29400.0,1000.0,9407700.0
207,2021-10-07 07:26:58,29400.0,300.0,9406700.0
208,2021-10-07 07:26:58,29400.0,500.0,9406400.0
209,2021-10-07 07:26:58,29400.0,100.0,9405900.0
210,2021-10-07 07:26:58,29400.0,5000.0,9405800.0
211,2021-10-07 07:26:58,29400.0,100.0,9400800.0
212,2021-10-07 07:26:57,29450.0,900.0,9400700.0
213,2021-10-07 07:26:57,29450.0,100.0,9399800.0
214,2021-10-07 07:26:57,29450.0,100.0,9399700.0
215,2021-10-07 07:26:57,29450.0,400.0,9399600.0
216,2021-10-07 07:26:57,29450.0,100.0,9399200.0
217,2021-10-07 07:26:57,29450.0,1500.0,9399100.0
218,2021-10-07 07:26:57,29450.0,1000.0,9397600.0
219,2021-10-07 07:26:57,29450.0,4700.0,9396600.0
220,2021-10-07 07:26:34,29450.0,300.0,9391900.0
221,2021-10-07 07:26:32,29450.0,200.0,9391600.0
222,2021-10-07 07:26:31,29450.0,1800.0,9391400.0
223,2021-10-07 07:26:31,29450.0,100.0,9389600.0
224,2021-10-07 07:26:31,29450.0,1000.0,9389500.0
225,2021-10-07 07:26:31,29450.0,500.0,9388500.0
226,2021-10-07 07:26:31,29450.0,800.0,9388000.0
227,2021-10-07 07:26:28,29450.0,100.0,9387200.0
228,2021-10-07 07:26:27,29400.0,900.0,9387100.0
229,2021-10-07 07:26:27,29400.0,1000.0,9386200.0
230,2021-10-07 07:26:27,29400.0,800.0,9385200.0
231,2021-10-07 07:26:27,29400.0,2000.0,9384400.0
232,2021-10-07 07:26:27,29400.0,500.0,9382400.0
233,2021-10-07 07:26:27,29400.0,100.0,9381900.0
234,2021-10-07 07:26:27,29400.0,1000.0,9381800.0
235,2021-10-07 07:26:27,29400.0,100.0,9380800.0
236,2021-10-07 07:26:27,29400.0,100.0,9380700.0
237,2021-10-07 07:26:27,29400.0,100.0,9380600.0
238,2021-10-07 07:26:27,29400.0,1000.0,9380500.0
239,2021-10-07 07:26:27,29400.0,600.0,9379500.0
240,2021-10-07 07:26:27,29400.0,300.0,9378900.0
241,2021-10-07 07:26:27,29400.0,100.0,9378600.0
242,2021-10-07 07:26:27,29400.0,300.0,9378500.0
243,2021-10-07 07:26:27,29400.0,1100.0,9378200.0
244,2021-10-07 07:26:24,29400.0,4700.0,9377100.0
245,2021-10-07 07:26:24,29400.0,3000.0,9372400.0
246,2021-10-07 07:26:24,29400.0,2100.0,9369400.0
247,2021-10-07 07:26:24,29400.0,200.0,9367300.0
248,2021-10-07 07:26:24,29400.0,5000.0,9367100.0
249,2021-10-07 07:26:24,29400.0,500.0,9362100.0
250,2021-10-07 07:26:24,29400.0,1200.0,9361600.0
251,2021-10-07 07:26:24,29400.0,1200.0,9360400.0
252,2021-10-07 07:26:24,29400.0,6000.0,9359200.0
253,2021-10-07 07:26:24,29400.0,500.0,9353200.0
254,2021-10-07 07:26:24,29400.0,400.0,9352700.0
255,2021-10-07 07:26:24,29400.0,700.0,9352300.0
256,2021-10-07 07:26:24,29400.0,300.0,9351600.0
257,2021-10-07 07:26:24,29400.0,1600.0,9351300.0
258,2021-10-07 07:26:24,29400.0,600.0,9349700.0
259,2021-10-07 07:26:21,29450.0,300.0,9349100.0
260,2021-10-07 07:26:18,29450.0,200.0,9348800.0
261,2021-10-07 07:26:06,29450.0,2100.0,9348600.0
262,2021-10-07 07:26:04,29450.0,6500.0,9346500.0
263,2021-10-07 07:26:04,29450.0,200.0,9340000.0
264,2021-10-07 07:26:04,29450.0,6300.0,9339800.0
265,2021-10-07 07:26:04,29450.0,900.0,9333500.0
266,2021-10-07 07:26:04,29450.0,500.0,9332600.0
267,2021-10-07 07:26:04,29450.0,1000.0,9332100.0
268,2021-10-07 07:26:04,29450.0,800.0,9331100.0
269,2021-10-07 07:26:04,29450.0,1000.0,9330300.0
270,2021-10-07 07:26:04,29450.0,1000.0,9329300.0
271,2021-10-07 07:26:04,29450.0,100.0,9328300.0
272,2021-10-07 07:26:04,29450.0,1700.0,9328200.0
273,2021-10-07 07:26:04,29450.0,1000.0,9326500.0
274,2021-10-07 07:25:59,29450.0,100.0,9325500.0
275,2021-10-07 07:25:54,29450.0,2000.0,9325400.0
276,2021-10-07 07:25:52,29450.0,25200.0,9323400.0
277,2021-10-07 07:25:52,29450.0,100.0,9298200.0
278,2021-10-07 07:25:52,29450.0,1000.0,9298100.0
279,2021-10-07 07:25:52,29450.0,2000.0,9297100.0
280,2021-10-07 07:25:52,29450.0,500.0,9295100.0
281,2021-10-07 07:25:52,29450.0,1200.0,9294600.0
282,2021-10-07 07:25:35,29450.0,200.0,9293400.0
283,2021-10-07 07:25:33,29400.0,400.0,9293200.0
284,2021-10-07 07:25:33,29400.0,600.0,9292800.0
285,2021-10-07 07:25:32,29400.0,400.0,9292200.0
286,2021-10-07 07:25:32,29400.0,500.0,9291800.0
287,2021-10-07 07:25:32,29400.0,1000.0,9291300.0
288,2021-10-07 07:25:32,29400.0,1000.0,9290300.0
289,2021-10-07 07:25:32,29400.0,1100.0,9289300.0
290,2021-10-07 07:25:31,29450.0,500.0,9288200.0
291,2021-10-07 07:25:25,29450.0,100.0,9287700.0
292,2021-10-07 07:25:17,29450.0,9200.0,9287600.0
293,2021-10-07 07:25:17,29450.0,800.0,9278400.0
294,2021-10-07 07:25:05,29450.0,1100.0,9277600.0
295,2021-10-07 07:24:53,29400.0,1000.0,9276500.0
296,2021-10-07 07:24:52,29400.0,900.0,9275500.0
297,2021-10-07 07:24:52,29400.0,100.0,9274600.0
298,2021-10-07 07:24:51,29450.0,100.0,9274500.0
299,2021-10-07 07:24:51,29450.0,700.0,9274400.0
300,2021-10-07 07:24:51,29450.0,200.0,9273700.0
301,2021-10-07 07:24:51,29450.0,500.0,9273500.0
302,2021-10-07 07:24:51,29450.0,1000.0,9273000.0
303,2021-10-07 07:24:51,29450.0,200.0,9272000.0
304,2021-10-07 07:24:51,29450.0,300.0,9271800.0
305,2021-10-07 07:24:34,29450.0,200.0,9271500.0
306,2021-10-07 07:24:34,29450.0,1000.0,9271300.0
307,2021-10-07 07:24:34,29450.0,200.0,9270300.0
308,2021-10-07 07:24:34,29450.0,2000.0,9270100.0
309,2021-10-07 07:24:34,29450.0,100.0,9268100.0
310,2021-10-07 07:24:34,29450.0,500.0,9268000.0
311,2021-10-07 07:24:34,29450.0,300.0,9267500.0
312,2021-10-07 07:24:34,29450.0,1700.0,9267200.0
313,2021-10-07 07:24:31,29400.0,400.0,9265500.0
314,2021-10-07 07:24:31,29400.0,100.0,9265100.0
315,2021-10-07 07:24:31,29400.0,100.0,9265000.0
316,2021-10-07 07:24:31,29400.0,400.0,9264900.0
317,2021-10-07 07:24:30,29450.0,1000.0,9264500.0
318,2021-10-07 07:24:30,29450.0,1000.0,9263500.0
319,2021-10-07 07:24:27,29450.0,11300.0,9262500.0
320,2021-10-07 07:24:27,29450.0,600.0,9251200.0
321,2021-10-07 07:24:27,29450.0,200.0,9250600.0
322,2021-10-07 07:24:27,29450.0,500.0,9250400.0
323,2021-10-07 07:24:27,29450.0,500.0,9249900.0
324,2021-10-07 07:24:27,29450.0,1100.0,9249400.0
325,2021-10-07 07:24:27,29450.0,5800.0,9248300.0
326,2021-10-07 07:24:22,29450.0,100.0,9242500.0
327,2021-10-07 07:24:13,29400.0,1000.0,9242400.0
328,2021-10-07 07:24:12,29450.0,200.0,9241400.0
329,2021-10-07 07:24:11,29450.0,3000.0,9241200.0
330,2021-10-07 07:24:02,29450.0,900.0,9238200.0
331,2021-10-07 07:24:02,29450.0,14100.0,9237300.0
332,2021-10-07 07:23:53,29450.0,300.0,9223200.0
333,2021-10-07 07:23:50,29450.0,300.0,9222900.0
334,2021-10-07 07:23:44,29450.0,1000.0,9222600.0
335,2021-10-07 07:23:44,29450.0,6000.0,9221600.0
336,2021-10-07 07:23:36,29450.0,300.0,9215600.0
337,2021-10-07 07:23:36,29450.0,200.0,9215300.0
338,2021-10-07 07:23:34,29450.0,100.0,9215100.0
339,2021-10-07 07:23:32,29450.0,200.0,9215000.0
340,2021-10-07 07:23:32,29450.0,100.0,9214800.0
341,2021-10-07 07:23:25,29450.0,200.0,9214700.0
342,2021-10-07 07:23:25,29450.0,400.0,9214500.0
343,2021-10-07 07:23:15,29450.0,100.0,9214100.0
344,2021-10-07 07:23:14,29450.0,200.0,9214000.0
345,2021-10-07 07:23:13,29450.0,1000.0,9213800.0
346,2021-10-07 07:22:54,29450.0,1000.0,9212800.0
347,2021-10-07 07:22:51,29450.0,500.0,9211800.0
348,2021-10-07 07:22:51,29450.0,400.0,9211300.0
349,2021-10-07 07:22:51,29450.0,1400.0,9210900.0
350,2021-10-07 07:22:50,29450.0,100.0,9209500.0
351,2021-10-07 07:22:45,29450.0,500.0,9209400.0
352,2021-10-07 07:22:45,29450.0,1500.0,9208900.0
353,2021-10-07 07:22:36,29450.0,500.0,9207400.0
354,2021-10-07 07:22:34,29450.0,1000.0,9206900.0
355,2021-10-07 07:22:29,29450.0,1000.0,9205900.0
356,2021-10-07 07:22:29,29450.0,700.0,9204900.0
357,2021-10-07 07:22:29,29450.0,300.0,9204200.0
358,2021-10-07 07:22:29,29450.0,1000.0,9203900.0
359,2021-10-07 07:22:29,29450.0,700.0,9202900.0
360,2021-10-07 07:22:25,29450.0,100.0,9202200.0
361,2021-10-07 07:22:25,29450.0,100.0,9202100.0
362,2021-10-07 07:22:24,29400.0,2300.0,9202000.0
363,2021-10-07 07:22:24,29400.0,100.0,9199700.0
364,2021-10-07 07:22:24,29400.0,300.0,9199600.0
365,2021-10-07 07:22:24,29400.0,100.0,9199300.0
366,2021-10-07 07:22:24,29400.0,500.0,9199200.0
367,2021-10-07 07:22:24,29400.0,300.0,9198700.0
368,2021-10-07 07:22:24,29400.0,5000.0,9198400.0
369,2021-10-07 07:22:24,29400.0,1500.0,9193400.0
370,2021-10-07 07:22:24,29400.0,500.0,9191900.0
371,2021-10-07 07:22:24,29400.0,100.0,9191400.0
372,2021-10-07 07:22:24,29400.0,13100.0,9191300.0
373,2021-10-07 07:22:17,29450.0,100.0,9178200.0
374,2021-10-07 07:22:17,29450.0,400.0,9178100.0
375,2021-10-07 07:22:12,29450.0,300.0,9177700.0
376,2021-10-07 07:22:12,29450.0,200.0,9177400.0
377,2021-10-07 07:22:12,29450.0,400.0,9177200.0
378,2021-10-07 07:22:12,29450.0,300.0,9176800.0
379,2021-10-07 07:22:12,29450.0,1000.0,9176500.0
380,2021-10-07 07:22:12,29450.0,1000.0,9175500.0
381,2021-10-07 07:22:12,29450.0,300.0,9174500.0
382,2021-10-07 07:22:12,29450.0,900.0,9174200.0
383,2021-10-07 07:22:09,29450.0,300.0,9173300.0
384,2021-10-07 07:22:04,29450.0,800.0,9173000.0
385,2021-10-07 07:22:04,29450.0,100.0,9172200.0
386,2021-10-07 07:22:04,29450.0,1000.0,9172100.0
387,2021-10-07 07:22:04,29450.0,1000.0,9171100.0
388,2021-10-07 07:22:04,29450.0,7100.0,9170100.0
389,2021-10-07 07:22:02,29450.0,10000.0,9163000.0
390,2021-10-07 07:22:01,29450.0,500.0,9153000.0
391,2021-10-07 07:21:51,29450.0,2400.0,9152500.0
392,2021-10-07 07:21:51,29450.0,100.0,9150100.0
393,2021-10-07 07:21:51,29450.0,300.0,9150000.0
394,2021-10-07 07:21:51,29450.0,400.0,9149700.0
395,2021-10-07 07:21:51,29450.0,200.0,9149300.0
396,2021-10-07 07:21:51,29450.0,100.0,9149100.0
397,2021-10-07 07:21:51,29450.0,1000.0,9149000.0
398,2021-10-07 07:21:51,29450.0,500.0,9148000.0
399,2021-10-07 07:21:48,29450.0,200.0,9147500.0
400,2021-10-07 07:21:44,29450.0,100.0,9147300.0
401,2021-10-07 07:21:29,29450.0,1100.0,9147200.0
402,2021-10-07 07:21:25,29450.0,100.0,9146100.0
403,2021-10-07 07:21:25,29450.0,2200.0,9146000.0
404,2021-10-07 07:21:25,29450.0,200.0,9143800.0
405,2021-10-07 07:21:25,29450.0,500.0,9143600.0
406,2021-10-07 07:21:25,29450.0,500.0,9143100.0
407,2021-10-07 07:21:25,29450.0,200.0,9142600.0
408,2021-10-07 07:21:25,29450.0,1000.0,9142400.0
409,2021-10-07 07:21:25,29450.0,300.0,9141400.0
410,2021-10-07 07:21:11,29450.0,1700.0,9141100.0
411,2021-10-07 07:21:11,29450.0,100.0,9139400.0
412,2021-10-07 07:21:11,29450.0,100.0,9139300.0
413,2021-10-07 07:21:11,29450.0,1000.0,9139200.0
414,2021-10-07 07:21:11,29450.0,1300.0,9138200.0
415,2021-10-07 07:21:11,29450.0,500.0,9136900.0
416,2021-10-07 07:21:11,29450.0,100.0,9136400.0
417,2021-10-07 07:21:11,29450.0,1000.0,9136300.0
418,2021-10-07 07:21:11,29450.0,700.0,9135300.0
419,2021-10-07 07:21:08,29450.0,300.0,9134600.0
420,2021-10-07 07:21:08,29450.0,500.0,9134300.0
421,2021-10-07 07:21:08,29450.0,100.0,9133800.0
422,2021-10-07 07:21:08,29450.0,1700.0,9133700.0
423,2021-10-07 07:21:08,29450.0,500.0,9132000.0
424,2021-10-07 07:21:08,29450.0,3400.0,9131500.0
425,2021-10-07 07:21:08,29450.0,900.0,9128100.0
426,2021-10-07 07:21:08,29450.0,2700.0,9127200.0
427,2021-10-07 07:21:08,29450.0,10000.0,9124500.0
428,2021-10-07 07:21:08,29450.0,5200.0,9114500.0
429,2021-10-07 07:21:00,29400.0,1000.0,9109300.0
430,2021-10-07 07:20:58,29450.0,1200.0,9108300.0
431,2021-10-07 07:20:55,29450.0,100.0,9107100.0
432,2021-10-07 07:20:35,29450.0,100.0,9107000.0
433,2021-10-07 07:20:33,29450.0,400.0,9106900.0
434,2021-10-07 07:20:14,29450.0,100.0,9106500.0
435,2021-10-07 07:20:04,29450.0,500.0,9106400.0
436,2021-10-07 07:19:59,29400.0,100.0,9105900.0
437,2021-10-07 07:19:52,29450.0,5000.0,9105800.0
438,2021-10-07 07:19:51,29400.0,600.0,9100800.0
439,2021-10-07 07:19:48,29400.0,500.0,9100200.0
440,2021-10-07 07:19:46,29450.0,1000.0,9099700.0
441,2021-10-07 07:19:42,29400.0,100.0,9098700.0
442,2021-10-07 07:19:29,29400.0,200.0,9098600.0
443,2021-10-07 07:19:24,29400.0,1000.0,9098400.0
444,2021-10-07 07:19:14,29400.0,100.0,9097400.0
445,2021-10-07 07:19:10,29400.0,1000.0,9097300.0
446,2021-10-07 07:18:55,29400.0,500.0,9096300.0
447,2021-10-07 07:18:39,29400.0,1800.0,9095800.0
448,2021-10-07 07:18:39,29400.0,3000.0,9094000.0
449,2021-10-07 07:18:39,29400.0,1000.0,9091000.0
450,2021-10-07 07:18:39,29400.0,4200.0,9090000.0
451,2021-10-07 07:18:37,29400.0,500.0,9085800.0
452,2021-10-07 07:18:23,29400.0,3300.0,9085300.0
453,2021-10-07 07:18:18,29400.0,700.0,9082000.0
454,2021-10-07 07:18:18,29450.0,1000.0,9081300.0
455,2021-10-07 07:18:18,29400.0,400.0,9080300.0
456,2021-10-07 07:18:17,29400.0,900.0,9079900.0
457,2021-10-07 07:18:17,29400.0,100.0,9079000.0
458,2021-10-07 07:18:16,29400.0,200.0,9078900.0
459,2021-10-07 07:18:15,29450.0,3000.0,9078700.0
460,2021-10-07 07:18:13,29400.0,100.0,9075700.0
461,2021-10-07 07:17:51,29400.0,2500.0,9075600.0
462,2021-10-07 07:17:45,29400.0,7200.0,9073100.0
463,2021-10-07 07:17:45,29400.0,100.0,9065900.0
464,2021-10-07 07:17:45,29400.0,500.0,9065800.0
465,2021-10-07 07:17:45,29400.0,500.0,9065300.0
466,2021-10-07 07:17:45,29400.0,3000.0,9064800.0
467,2021-10-07 07:17:45,29400.0,3000.0,9061800.0
468,2021-10-07 07:17:45,29400.0,5000.0,9058800.0
469,2021-10-07 07:17:45,29400.0,200.0,9053800.0
470,2021-10-07 07:17:45,29400.0,500.0,9053600.0
471,2021-10-07 07:17:44,29400.0,300.0,9053100.0
472,2021-10-07 07:17:42,29400.0,2500.0,9052800.0
473,2021-10-07 07:17:37,29400.0,500.0,9050300.0
474,2021-10-07 07:17:36,29400.0,1000.0,9049800.0
475,2021-10-07 07:17:33,29400.0,100.0,9048800.0
476,2021-10-07 07:17:19,29400.0,5000.0,9048700.0
477,2021-10-07 07:17:08,29400.0,5600.0,9043700.0
478,2021-10-07 07:17:08,29400.0,1200.0,9038100.0
479,2021-10-07 07:17:08,29400.0,800.0,9036900.0
480,2021-10-07 07:17:08,29400.0,400.0,9036100.0
481,2021-10-07 07:17:08,29400.0,1000.0,9035700.0
482,2021-10-07 07:17:08,29400.0,1000.0,9034700.0
483,2021-10-07 07:17:02,29400.0,300.0,9033700.0
484,2021-10-07 07:16:56,29400.0,100.0,9033400.0
485,2021-10-07 07:16:55,29400.0,100.0,9033300.0
486,2021-10-07 07:16:55,29400.0,100.0,9033200.0
487,2021-10-07 07:16:55,29400.0,100.0,9033100.0
488,2021-10-07 07:16:54,29400.0,1800.0,9033000.0
489,2021-10-07 07:16:48,29400.0,100.0,9031200.0
490,2021-10-07 07:16:48,29400.0,300.0,9031100.0
491,2021-10-07 07:16:48,29400.0,600.0,9030800.0
492,2021-10-07 07:16:41,29400.0,300.0,9030200.0
493,2021-10-07 07:16:35,29400.0,1000.0,9029900.0
494,2021-10-07 07:16:35,29400.0,100.0,9028900.0
495,2021-10-07 07:16:34,29400.0,100.0,9028800.0
496,2021-10-07 07:16:33,29400.0,100.0,9028700.0
497,2021-10-07 07:16:33,29400.0,400.0,9028600.0
498,2021-10-07 07:16:33,29400.0,600.0,9028200.0
499,2021-10-07 07:16:33,29400.0,900.0,9027600.0
500,2021-10-07 07:16:27,29400.0,500.0,9026700.0
501,2021-10-07 07:16:21,29350.0,900.0,9026200.0
502,2021-10-07 07:16:21,29350.0,100.0,9025300.0
503,2021-10-07 07:16:14,29350.0,100.0,9025200.0
504,2021-10-07 07:16:12,29400.0,5600.0,9025100.0
505,2021-10-07 07:16:12,29400.0,1000.0,9019500.0
506,2021-10-07 07:16:12,29400.0,300.0,9018500.0
507,2021-10-07 07:16:12,29400.0,3100.0,9018200.0
508,2021-10-07 07:16:11,29400.0,100.0,9015100.0
509,2021-10-07 07:16:08,29400.0,1000.0,9015000.0
510,2021-10-07 07:15:58,29400.0,200.0,9014000.0
511,2021-10-07 07:15:57,29400.0,600.0,9013800.0
512,2021-10-07 07:15:56,29400.0,200.0,9013200.0
513,2021-10-07 07:15:46,29400.0,100.0,9013000.0
514,2021-10-07 07:15:42,29400.0,3000.0,9012900.0
515,2021-10-07 07:15:41,29400.0,700.0,9009900.0
516,2021-10-07 07:15:41,29400.0,1300.0,9009200.0
517,2021-10-07 07:15:36,29400.0,200.0,9007900.0
518,2021-10-07 07:15:34,29400.0,200.0,9007700.0
519,2021-10-07 07:15:31,29400.0,5000.0,9007500.0
520,2021-10-07 07:15:31,29400.0,1000.0,9002500.0
521,2021-10-07 07:15:31,29400.0,500.0,9001500.0
522,2021-10-07 07:15:31,29400.0,200.0,9001000.0
523,2021-10-07 07:15:31,29400.0,200.0,9000800.0
524,2021-10-07 07:15:31,29400.0,100.0,9000600.0
525,2021-10-07 07:15:27,29400.0,100.0,9000500.0
526,2021-10-07 07:15:27,29400.0,1800.0,9000400.0
527,2021-10-07 07:15:27,29400.0,200.0,8998600.0
528,2021-10-07 07:15:27,29400.0,100.0,8998400.0
529,2021-10-07 07:15:27,29400.0,1000.0,8998300.0
530,2021-10-07 07:15:27,29400.0,500.0,8997300.0
531,2021-10-07 07:15:27,29400.0,200.0,8996800.0
532,2021-10-07 07:15:27,29400.0,500.0,8996600.0
533,2021-10-07 07:15:27,29400.0,1000.0,8996100.0
534,2021-10-07 07:15:27,29400.0,10000.0,8995100.0
535,2021-10-07 07:15:27,29400.0,100.0,8985100.0
536,2021-10-07 07:15:27,29400.0,500.0,8985000.0
537,2021-10-07 07:15:27,29400.0,4100.0,8984500.0
538,2021-10-07 07:15:25,29400.0,100.0,8980400.0
539,2021-10-07 07:15:17,29400.0,800.0,8980300.0
540,2021-10-07 07:15:17,29400.0,100.0,8979500.0
541,2021-10-07 07:15:17,29400.0,2200.0,8979400.0
542,2021-10-07 07:15:14,29400.0,800.0,8977200.0
543,2021-10-07 07:14:57,29400.0,100.0,8976400.0
544,2021-10-07 07:14:56,29400.0,200.0,8976300.0
545,2021-10-07 07:14:49,29350.0,900.0,8976100.0
546,2021-10-07 07:14:49,29350.0,100.0,8975200.0
547,2021-10-07 07:14:47,29400.0,6000.0,8975100.0
548,2021-10-07 07:14:40,29400.0,3400.0,8969100.0
549,2021-10-07 07:14:40,29400.0,1000.0,8965700.0
550,2021-10-07 07:14:40,29400.0,200.0,8964700.0
551,2021-10-07 07:14:40,29400.0,1000.0,8964500.0
552,2021-10-07 07:14:40,29400.0,200.0,8963500.0
553,2021-10-07 07:14:40,29400.0,1000.0,8963300.0
554,2021-10-07 07:14:40,29400.0,100.0,8962300.0
555,2021-10-07 07:14:40,29400.0,5500.0,8962200.0
556,2021-10-07 07:14:40,29400.0,500.0,8956700.0
557,2021-10-07 07:14:40,29400.0,1100.0,8956200.0
558,2021-10-07 07:14:38,29350.0,200.0,8955100.0
559,2021-10-07 07:14:38,29350.0,800.0,8954900.0
560,2021-10-07 07:14:38,29350.0,1000.0,8954100.0
561,2021-10-07 07:14:35,29400.0,100.0,8953100.0
562,2021-10-07 07:14:28,29400.0,900.0,8953000.0
563,2021-10-07 07:14:23,29400.0,700.0,8952100.0
564,2021-10-07 07:14:01,29350.0,1000.0,8951400.0
565,2021-10-07 07:14:01,29350.0,100.0,8950400.0
566,2021-10-07 07:14:01,29350.0,3900.0,8950300.0
567,2021-10-07 07:13:58,29400.0,300.0,8946400.0
568,2021-10-07 07:13:43,29400.0,1900.0,8946100.0
569,2021-10-07 07:13:43,29400.0,18100.0,8944200.0
570,2021-10-07 07:13:30,29350.0,1200.0,8926100.0
571,2021-10-07 07:13:19,29350.0,1000.0,8924900.0
572,2021-10-07 07:13:19,29350.0,200.0,8923900.0
573,2021-10-07 07:13:19,29350.0,800.0,8923700.0
574,2021-10-07 07:13:00,29350.0,300.0,8922900.0
575,2021-10-07 07:12:35,29350.0,500.0,8922600.0
576,2021-10-07 07:12:32,29400.0,500.0,8922100.0
577,2021-10-07 07:12:20,29350.0,400.0,8921600.0
578,2021-10-07 07:12:13,29400.0,1400.0,8921200.0
579,2021-10-07 07:12:13,29400.0,300.0,8919800.0
580,2021-10-07 07:12:13,29400.0,300.0,8919500.0
581,2021-10-07 07:12:13,29400.0,2000.0,8919200.0
582,2021-10-07 07:12:13,29400.0,1000.0,8917200.0
583,2021-10-07 07:12:08,29400.0,500.0,8916200.0
584,2021-10-07 07:12:06,29400.0,500.0,8915700.0
585,2021-10-07 07:12:06,29400.0,4500.0,8915200.0
586,2021-10-07 07:11:52,29350.0,1000.0,8910700.0
587,2021-10-07 07:11:42,29400.0,200.0,8909700.0
588,2021-10-07 07:11:25,29400.0,200.0,8909500.0
589,2021-10-07 07:11:25,29400.0,100.0,8909300.0
590,2021-10-07 07:10:46,29400.0,100.0,8909200.0
591,2021-10-07 07:10:40,29400.0,200.0,8909100.0
592,2021-10-07 07:10:39,29400.0,100.0,8908900.0
593,2021-10-07 07:10:35,29400.0,100.0,8908800.0
594,2021-10-07 07:10:35,29400.0,5000.0,8908700.0
595,2021-10-07 07:10:35,29400.0,200.0,8903700.0
596,2021-10-07 07:10:35,29400.0,1000.0,8903500.0
597,2021-10-07 07:10:35,29400.0,500.0,8902500.0
598,2021-10-07 07:10:35,29400.0,200.0,8902000.0
599,2021-10-07 07:10:19,29400.0,100.0,8901800.0
600,2021-10-07 07:10:14,29400.0,200.0,8901700.0
601,2021-10-07 07:10:14,29400.0,500.0,8901500.0
602,2021-10-07 07:10:14,29400.0,500.0,8901000.0
603,2021-10-07 07:10:14,29400.0,1000.0,8900500.0
604,2021-10-07 07:10:14,29400.0,3000.0,8899500.0
605,2021-10-07 07:10:00,29400.0,500.0,8896500.0
606,2021-10-07 07:09:56,29400.0,100.0,8896000.0
607,2021-10-07 07:09:44,29400.0,1000.0,8895900.0
608,2021-10-07 07:09:38,29400.0,400.0,8894900.0
609,2021-10-07 07:09:38,29400.0,600.0,8894500.0
610,2021-10-07 07:09:38,29400.0,500.0,8893900.0
611,2021-10-07 07:09:34,29400.0,500.0,8893400.0
612,2021-10-07 07:09:31,29400.0,500.0,8892900.0
613,2021-10-07 07:09:24,29400.0,200.0,8892400.0
614,2021-10-07 07:09:05,29400.0,500.0,8892200.0
615,2021-10-07 07:09:00,29400.0,200.0,8891700.0
616,2021-10-07 07:08:58,29350.0,1000.0,8891500.0
617,2021-10-07 07:08:56,29400.0,3000.0,8890500.0
618,2021-10-07 07:08:53,29400.0,400.0,8887500.0
619,2021-10-07 07:08:53,29400.0,100.0,8887100.0
620,2021-10-07 07:08:49,29400.0,200.0,8887000.0
621,2021-10-07 07:08:49,29400.0,100.0,8886800.0
622,2021-10-07 07:08:49,29400.0,600.0,8886700.0
623,2021-10-07 07:08:49,29400.0,100.0,8886100.0
624,2021-10-07 07:08:45,29400.0,100.0,8886000.0
625,2021-10-07 07:08:42,29400.0,100.0,8885900.0
626,2021-10-07 07:08:38,29400.0,700.0,8885800.0
627,2021-10-07 07:08:38,29400.0,900.0,8885100.0
628,2021-10-07 07:08:38,29400.0,900.0,8884200.0
629,2021-10-07 07:08:34,29400.0,100.0,8883300.0
630,2021-10-07 07:08:34,29400.0,100.0,8883200.0
631,2021-10-07 07:08:34,29400.0,200.0,8883100.0
632,2021-10-07 07:08:34,29400.0,200.0,8882900.0
633,2021-10-07 07:08:34,29400.0,400.0,8882700.0
634,2021-10-07 07:08:30,29400.0,100.0,8882300.0
635,2021-10-07 07:08:30,29400.0,100.0,8882200.0
636,2021-10-07 07:08:25,29400.0,400.0,8882100.0
637,2021-10-07 07:08:19,29400.0,300.0,8881700.0
638,2021-10-07 07:08:06,29400.0,1000.0,8881400.0
639,2021-10-07 07:07:59,29400.0,2000.0,8880400.0
640,2021-10-07 07:07:56,29400.0,700.0,8878400.0
641,2021-10-07 07:07:53,29400.0,100.0,8877700.0
642,2021-10-07 07:07:47,29400.0,1000.0,8877600.0
643,2021-10-07 07:07:44,29400.0,200.0,8876600.0
644,2021-10-07 07:07:44,29400.0,200.0,8876400.0
645,2021-10-07 07:07:44,29400.0,300.0,8876200.0
646,2021-10-07 07:07:44,29400.0,5000.0,8875900.0
647,2021-10-07 07:07:44,29400.0,1000.0,8870900.0
648,2021-10-07 07:07:44,29400.0,100.0,8869900.0
649,2021-10-07 07:07:44,29400.0,100.0,8869800.0
650,2021-10-07 07:07:44,29400.0,500.0,8869700.0
651,2021-10-07 07:07:44,29400.0,1000.0,8869200.0
652,2021-10-07 07:07:44,29400.0,100.0,8868200.0
653,2021-10-07 07:07:44,29400.0,5000.0,8868100.0
654,2021-10-07 07:07:44,29400.0,6500.0,8863100.0
655,2021-10-07 07:07:39,29400.0,2000.0,8856600.0
656,2021-10-07 07:07:38,29400.0,100.0,8854600.0
657,2021-10-07 07:07:36,29400.0,300.0,8854500.0
658,2021-10-07 07:07:36,29400.0,500.0,8854200.0
659,2021-10-07 07:07:28,29400.0,600.0,8853700.0
660,2021-10-07 07:07:28,29400.0,1000.0,8853100.0
661,2021-10-07 07:07:28,29400.0,10000.0,8852100.0
662,2021-10-07 07:07:28,29400.0,4700.0,8842100.0
663,2021-10-07 07:07:28,29400.0,500.0,8837400.0
664,2021-10-07 07:07:28,29400.0,3200.0,8836900.0
665,2021-10-07 07:07:23,29400.0,300.0,8833700.0
666,2021-10-07 07:07:20,29350.0,200.0,8833400.0
667,2021-10-07 07:07:13,29400.0,200.0,8833200.0
668,2021-10-07 07:07:12,29400.0,200.0,8833000.0
669,2021-10-07 07:06:43,29400.0,1000.0,8832800.0
670,2021-10-07 07:06:34,29400.0,100.0,8831800.0
671,2021-10-07 07:06:34,29400.0,400.0,8831700.0
672,2021-10-07 07:06:31,29350.0,5800.0,8831300.0
673,2021-10-07 07:06:31,29350.0,700.0,8825500.0
674,2021-10-07 07:05:37,29350.0,500.0,8824800.0
675,2021-10-07 07:05:34,29400.0,600.0,8824300.0
676,2021-10-07 07:05:34,29400.0,400.0,8823700.0
677,2021-10-07 07:05:27,29400.0,400.0,8823300.0
678,2021-10-07 07:05:09,29350.0,1000.0,8822900.0
679,2021-10-07 07:05:08,29400.0,500.0,8821900.0
680,2021-10-07 07:05:04,29400.0,1700.0,8821400.0
681,2021-10-07 07:05:04,29400.0,200.0,8819700.0
682,2021-10-07 07:05:04,29400.0,1100.0,8819500.0
683,2021-10-07 07:04:54,29400.0,300.0,8818400.0
684,2021-10-07 07:04:46,29400.0,500.0,8818100.0
685,2021-10-07 07:04:35,29400.0,400.0,8817600.0
686,2021-10-07 07:04:35,29400.0,100.0,8817200.0
687,2021-10-07 07:04:23,29400.0,2900.0,8817100.0
688,2021-10-07 07:04:23,29400.0,500.0,8814200.0
689,2021-10-07 07:04:23,29400.0,1600.0,8813700.0
690,2021-10-07 07:04:19,29350.0,800.0,8812100.0
691,2021-10-07 07:04:19,29350.0,100.0,8811300.0
692,2021-10-07 07:04:19,29350.0,500.0,8811200.0
693,2021-10-07 07:04:19,29350.0,600.0,8810700.0
694,2021-10-07 07:04:17,29400.0,400.0,8810100.0
695,2021-10-07 07:04:17,29400.0,1000.0,8809700.0
696,2021-10-07 07:04:17,29400.0,500.0,8808700.0
697,2021-10-07 07:04:17,29400.0,4100.0,8808200.0
698,2021-10-07 07:04:06,29400.0,300.0,8804100.0
699,2021-10-07 07:04:04,29350.0,300.0,8803800.0
700,2021-10-07 07:04:02,29400.0,200.0,8803500.0
701,2021-10-07 07:03:55,29400.0,1100.0,8803300.0
702,2021-10-07 07:03:46,29400.0,200.0,8802200.0
703,2021-10-07 07:03:45,29400.0,1500.0,8802000.0
704,2021-10-07 07:03:42,29400.0,2200.0,8800500.0
705,2021-10-07 07:03:36,29400.0,100.0,8798300.0
706,2021-10-07 07:03:20,29400.0,200.0,8798200.0
707,2021-10-07 07:03:17,29400.0,100.0,8798000.0
708,2021-10-07 07:03:15,29400.0,200.0,8797900.0
709,2021-10-07 07:03:15,29400.0,100.0,8797700.0
710,2021-10-07 07:03:15,29400.0,200.0,8797600.0
711,2021-10-07 07:03:15,29400.0,100.0,8797400.0
712,2021-10-07 07:03:15,29400.0,200.0,8797300.0
713,2021-10-07 07:03:15,29400.0,900.0,8797100.0
714,2021-10-07 07:03:11,29400.0,1200.0,8796200.0
715,2021-10-07 07:03:11,29400.0,300.0,8795000.0
716,2021-10-07 07:03:11,29400.0,1100.0,8794700.0
717,2021-10-07 07:03:11,29400.0,200.0,8793600.0
718,2021-10-07 07:03:11,29400.0,1000.0,8793400.0
719,2021-10-07 07:03:11,29400.0,100.0,8792400.0
720,2021-10-07 07:03:11,29400.0,700.0,8792300.0
721,2021-10-07 07:03:11,29400.0,500.0,8791600.0
722,2021-10-07 07:03:11,29400.0,100.0,8791100.0
723,2021-10-07 07:03:11,29400.0,700.0,8791000.0
724,2021-10-07 07:03:11,29400.0,1000.0,8790300.0
725,2021-10-07 07:03:11,29400.0,100.0,8789300.0
726,2021-10-07 07:03:11,29400.0,200.0,8789200.0
727,2021-10-07 07:03:11,29400.0,500.0,8789000.0
728,2021-10-07 07:03:11,29400.0,1000.0,8788500.0
729,2021-10-07 07:03:11,29400.0,200.0,8787500.0
730,2021-10-07 07:03:11,29400.0,100.0,8787300.0
731,2021-10-07 07:03:06,29400.0,1000.0,8787200.0
732,2021-10-07 07:02:59,29400.0,700.0,8786200.0
733,2021-10-07 07:02:59,29400.0,5000.0,8785500.0
734,2021-10-07 07:02:59,29400.0,100.0,8780500.0
735,2021-10-07 07:02:59,29400.0,1000.0,8780400.0
736,2021-10-07 07:02:59,29400.0,1500.0,8779400.0
737,2021-10-07 07:02:59,29400.0,800.0,8777900.0
738,2021-10-07 07:02:59,29400.0,100.0,8777100.0
739,2021-10-07 07:02:59,29400.0,100.0,8777000.0
740,2021-10-07 07:02:59,29400.0,500.0,8776900.0
741,2021-10-07 07:02:59,29400.0,100.0,8776400.0
742,2021-10-07 07:02:59,29400.0,100.0,8776300.0
743,2021-10-07 07:02:35,29400.0,100.0,8776200.0
744,2021-10-07 07:02:29,29400.0,1100.0,8776100.0
745,2021-10-07 07:02:25,29400.0,3000.0,8775000.0
746,2021-10-07 07:02:25,29400.0,800.0,8772000.0
747,2021-10-07 07:02:19,29400.0,500.0,8771200.0
748,2021-10-07 07:02:04,29400.0,200.0,8770700.0
749,2021-10-07 07:02:02,29400.0,200.0,8770500.0
750,2021-10-07 07:02:02,29400.0,2000.0,8770300.0
751,2021-10-07 07:02:02,29400.0,800.0,8768300.0
752,2021-10-07 07:01:57,29450.0,100.0,8767500.0
753,2021-10-07 07:01:55,29400.0,200.0,8767400.0
754,2021-10-07 07:01:55,29400.0,200.0,8767200.0
755,2021-10-07 07:01:55,29400.0,600.0,8767000.0
756,2021-10-07 07:01:48,29400.0,600.0,8766400.0
757,2021-10-07 07:01:46,29450.0,200.0,8765800.0
758,2021-10-07 07:01:45,29400.0,1500.0,8765600.0
759,2021-10-07 07:01:23,29400.0,500.0,8764100.0
760,2021-10-07 07:01:22,29400.0,1600.0,8763600.0
761,2021-10-07 07:01:22,29400.0,200.0,8762000.0
762,2021-10-07 07:01:22,29400.0,200.0,8761800.0
763,2021-10-07 07:01:21,29400.0,100.0,8761600.0
764,2021-10-07 07:01:21,29400.0,900.0,8761500.0
765,2021-10-07 07:00:56,29400.0,100.0,8760600.0
766,2021-10-07 07:00:56,29400.0,100.0,8760500.0
767,2021-10-07 07:00:56,29400.0,100.0,8760400.0
768,2021-10-07 07:00:54,29400.0,400.0,8760300.0
769,2021-10-07 07:00:47,29400.0,200.0,8759900.0
770,2021-10-07 07:00:44,29400.0,3000.0,8759700.0
771,2021-10-07 07:00:40,29450.0,2000.0,8756700.0
772,2021-10-07 07:00:21,29400.0,100.0,8754700.0
773,2021-10-07 07:00:10,29400.0,100.0,8754600.0
774,2021-10-07 06:59:57,29400.0,2400.0,8754500.0
775,2021-10-07 06:59:52,29400.0,300.0,8752100.0
776,2021-10-07 06:59:32,29400.0,1000.0,8751800.0
777,2021-10-07 06:59:21,29400.0,1000.0,8750800.0
778,2021-10-07 06:59:15,29400.0,100.0,8749800.0
779,2021-10-07 06:59:09,29400.0,500.0,8749700.0
780,2021-10-07 06:59:07,29400.0,800.0,8749200.0
781,2021-10-07 06:59:07,29400.0,300.0,8748400.0
782,2021-10-07 06:59:07,29400.0,100.0,8748100.0
783,2021-10-07 06:59:05,29450.0,100.0,8748000.0
784,2021-10-07 06:58:38,29400.0,700.0,8747900.0
785,2021-10-07 06:58:38,29400.0,300.0,8747200.0
786,2021-10-07 06:58:36,29450.0,1500.0,8746900.0
787,2021-10-07 06:58:35,29400.0,1000.0,8745400.0
788,2021-10-07 06:58:19,29400.0,1000.0,8744400.0
789,2021-10-07 06:58:11,29400.0,1000.0,8743400.0
790,2021-10-07 06:58:08,29400.0,100.0,8742400.0
791,2021-10-07 06:58:08,29400.0,100.0,8742300.0
792,2021-10-07 06:58:08,29400.0,200.0,8742200.0
793,2021-10-07 06:58:08,29400.0,400.0,8742000.0
794,2021-10-07 06:58:08,29400.0,2500.0,8741600.0
795,2021-10-07 06:58:08,29400.0,700.0,8739100.0
796,2021-10-07 06:58:07,29400.0,100.0,8738400.0
797,2021-10-07 06:58:05,29400.0,200.0,8738300.0
798,2021-10-07 06:58:05,29400.0,200.0,8738100.0
799,2021-10-07 06:58:05,29400.0,500.0,8737900.0
800,2021-10-07 06:58:05,29400.0,500.0,8737400.0
801,2021-10-07 06:58:05,29400.0,100.0,8736900.0
802,2021-10-07 06:58:05,29400.0,1600.0,8736800.0
803,2021-10-07 06:58:05,29400.0,1800.0,8735200.0
804,2021-10-07 06:58:05,29400.0,100.0,8733400.0
805,2021-10-07 06:58:02,29400.0,400.0,8733300.0
806,2021-10-07 06:58:02,29400.0,500.0,8732900.0
807,2021-10-07 06:58:02,29400.0,100.0,8732400.0
808,2021-10-07 06:58:02,29400.0,100.0,8732300.0
809,2021-10-07 06:58:02,29400.0,500.0,8732200.0
810,2021-10-07 06:58:02,29400.0,500.0,8731700.0
811,2021-10-07 06:58:02,29400.0,100.0,8731200.0
812,2021-10-07 06:58:02,29400.0,300.0,8731100.0
813,2021-10-07 06:58:02,29400.0,9400.0,8730800.0
814,2021-10-07 06:57:54,29400.0,700.0,8721400.0
815,2021-10-07 06:57:53,29400.0,6000.0,8720700.0
816,2021-10-07 06:57:42,29400.0,300.0,8714700.0
817,2021-10-07 06:57:39,29350.0,100.0,8714400.0
818,2021-10-07 06:57:39,29350.0,900.0,8714300.0
819,2021-10-07 06:57:18,29350.0,1000.0,8713400.0
820,2021-10-07 06:57:18,29350.0,100.0,8712400.0
821,2021-10-07 06:57:18,29350.0,200.0,8712300.0
822,2021-10-07 06:57:06,29400.0,3600.0,8712100.0
823,2021-10-07 06:57:06,29400.0,100.0,8708500.0
824,2021-10-07 06:57:06,29400.0,1300.0,8708400.0
825,2021-10-07 06:57:06,29400.0,100.0,8707100.0
826,2021-10-07 06:57:06,29400.0,500.0,8707000.0
827,2021-10-07 06:57:06,29400.0,300.0,8706500.0
828,2021-10-07 06:57:06,29400.0,1000.0,8706200.0
829,2021-10-07 06:57:06,29400.0,500.0,8705200.0
830,2021-10-07 06:57:06,29350.0,4200.0,8704700.0
831,2021-10-07 06:57:06,29350.0,1000.0,8700500.0
832,2021-10-07 06:57:06,29350.0,300.0,8699500.0
833,2021-10-07 06:57:06,29350.0,5000.0,8699200.0
834,2021-10-07 06:57:06,29350.0,1000.0,8694200.0
835,2021-10-07 06:57:06,29350.0,200.0,8693200.0
836,2021-10-07 06:57:06,29350.0,200.0,8693000.0
837,2021-10-07 06:57:06,29350.0,500.0,8692800.0
838,2021-10-07 06:57:06,29350.0,100.0,8692300.0
839,2021-10-07 06:57:06,29350.0,100.0,8692200.0
840,2021-10-07 06:57:06,29350.0,300.0,8692100.0
841,2021-10-07 06:57:06,29350.0,400.0,8691800.0
842,2021-10-07 06:57:06,29350.0,3500.0,8691400.0
843,2021-10-07 06:57:06,29350.0,200.0,8687900.0
844,2021-10-07 06:57:06,29350.0,200.0,8687700.0
845,2021-10-07 06:57:06,29350.0,7000.0,8687500.0
846,2021-10-07 06:57:06,29350.0,2000.0,8680500.0
847,2021-10-07 06:57:06,29350.0,100.0,8678500.0
848,2021-10-07 06:57:06,29350.0,600.0,8678400.0
849,2021-10-07 06:57:06,29350.0,200.0,8677800.0
850,2021-10-07 06:57:06,29350.0,500.0,8677600.0
851,2021-10-07 06:57:06,29350.0,300.0,8677100.0
852,2021-10-07 06:57:06,29350.0,200.0,8676800.0
853,2021-10-07 06:57:06,29350.0,2000.0,8676600.0
854,2021-10-07 06:57:06,29350.0,1400.0,8674600.0
855,2021-10-07 06:57:06,29350.0,200.0,8673200.0
856,2021-10-07 06:57:06,29350.0,500.0,8673000.0
857,2021-10-07 06:57:06,29350.0,1100.0,8672500.0
858,2021-10-07 06:57:06,29350.0,300.0,8671400.0
859,2021-10-07 06:57:06,29350.0,9000.0,8671100.0
860,2021-10-07 06:57:01,29350.0,100.0,8662100.0
861,2021-10-07 06:56:54,29350.0,400.0,8662000.0
862,2021-10-07 06:56:44,29300.0,100.0,8661600.0
863,2021-10-07 06:56:39,29350.0,200.0,8661500.0
864,2021-10-07 06:56:39,29350.0,200.0,8661300.0
865,2021-10-07 06:56:36,29350.0,100.0,8661100.0
866,2021-10-07 06:56:36,29350.0,100.0,8661000.0
867,2021-10-07 06:56:36,29350.0,800.0,8660900.0
868,2021-10-07 06:56:31,29350.0,100.0,8660100.0
869,2021-10-07 06:56:28,29350.0,900.0,8660000.0
870,2021-10-07 06:56:08,29350.0,100.0,8659100.0
871,2021-10-07 06:55:59,29350.0,3900.0,8659000.0
872,2021-10-07 06:55:59,29350.0,2100.0,8655100.0
873,2021-10-07 06:55:47,29300.0,1000.0,8653000.0
874,2021-10-07 06:55:40,29350.0,300.0,8652000.0
875,2021-10-07 06:55:29,29300.0,100.0,8651700.0
876,2021-10-07 06:55:26,29350.0,100.0,8651600.0
877,2021-10-07 06:55:20,29300.0,700.0,8651500.0
878,2021-10-07 06:55:16,29350.0,2000.0,8650800.0
879,2021-10-07 06:55:16,29300.0,1000.0,8648800.0
880,2021-10-07 06:55:15,29300.0,500.0,8647800.0
881,2021-10-07 06:55:14,29300.0,200.0,8647300.0
882,2021-10-07 06:55:09,29300.0,500.0,8647100.0
883,2021-10-07 06:54:46,29300.0,400.0,8646600.0
884,2021-10-07 06:54:43,29300.0,600.0,8646200.0
885,2021-10-07 06:54:43,29300.0,300.0,8645600.0
886,2021-10-07 06:54:43,29300.0,1000.0,8645300.0
887,2021-10-07 06:54:37,29250.0,12700.0,8644300.0
888,2021-10-07 06:54:37,29250.0,30000.0,8631600.0
889,2021-10-07 06:54:37,29250.0,10000.0,8601600.0
890,2021-10-07 06:54:37,29250.0,1000.0,8591600.0
891,2021-10-07 06:54:37,29250.0,100.0,8590600.0
892,2021-10-07 06:54:37,29250.0,300.0,8590500.0
893,2021-10-07 06:54:37,29250.0,10000.0,8590200.0
894,2021-10-07 06:54:37,29250.0,100.0,8580200.0
895,2021-10-07 06:54:37,29250.0,1000.0,8580100.0
896,2021-10-07 06:54:37,29250.0,200.0,8579100.0
897,2021-10-07 06:54:37,29250.0,3200.0,8578900.0
898,2021-10-07 06:54:37,29250.0,100.0,8575700.0
899,2021-10-07 06:54:37,29250.0,100.0,8575600.0
900,2021-10-07 06:54:37,29250.0,600.0,8575500.0
901,2021-10-07 06:54:37,29300.0,100.0,8574900.0
902,2021-10-07 06:54:37,29300.0,200.0,8574800.0
903,2021-10-07 06:54:37,29300.0,300.0,8574600.0
904,2021-10-07 06:54:35,29300.0,1000.0,8574300.0
905,2021-10-07 06:54:34,29300.0,300.0,8573300.0
906,2021-10-07 06:54:29,29300.0,1000.0,8573000.0
907,2021-10-07 06:54:27,29300.0,900.0,8572000.0
908,2021-10-07 06:54:27,29300.0,700.0,8571100.0
909,2021-10-07 06:54:26,29300.0,300.0,8570400.0
910,2021-10-07 06:54:26,29300.0,200.0,8570100.0
911,2021-10-07 06:54:20,29300.0,300.0,8569900.0
912,2021-10-07 06:54:17,29250.0,2300.0,8569600.0
913,2021-10-07 06:54:17,29250.0,200.0,8567300.0
914,2021-10-07 06:54:17,29250.0,1000.0,8567100.0
915,2021-10-07 06:54:17,29250.0,1000.0,8566100.0
916,2021-10-07 06:54:17,29250.0,100.0,8565100.0
917,2021-10-07 06:54:17,29250.0,200.0,8565000.0
918,2021-10-07 06:54:17,29250.0,200.0,8564800.0
919,2021-10-07 06:54:17,29250.0,100.0,8564600.0
920,2021-10-07 06:54:17,29250.0,500.0,8564500.0
921,2021-10-07 06:54:17,29250.0,1500.0,8564000.0
922,2021-10-07 06:54:17,29250.0,100.0,8562500.0
923,2021-10-07 06:54:17,29250.0,1000.0,8562400.0
924,2021-10-07 06:54:17,29250.0,500.0,8561400.0
925,2021-10-07 06:54:17,29250.0,700.0,8560900.0
926,2021-10-07 06:54:17,29300.0,500.0,8560200.0
927,2021-10-07 06:54:17,29300.0,100.0,8559700.0
928,2021-10-07 06:54:16,29300.0,100.0,8559600.0
929,2021-10-07 06:54:16,29300.0,200.0,8559500.0
930,2021-10-07 06:54:16,29300.0,100.0,8559300.0
931,2021-10-07 06:54:16,29300.0,200.0,8559200.0
932,2021-10-07 06:54:16,29300.0,900.0,8559000.0
933,2021-10-07 06:54:01,29300.0,100.0,8558100.0
934,2021-10-07 06:53:59,29300.0,100.0,8558000.0
935,2021-10-07 06:53:53,29300.0,100.0,8557900.0
936,2021-10-07 06:53:53,29300.0,100.0,8557800.0
937,2021-10-07 06:53:53,29300.0,100.0,8557700.0
938,2021-10-07 06:53:53,29300.0,100.0,8557600.0
939,2021-10-07 06:53:53,29300.0,500.0,8557500.0
940,2021-10-07 06:53:42,29350.0,300.0,8557000.0
941,2021-10-07 06:53:41,29300.0,500.0,8556700.0
942,2021-10-07 06:53:41,29300.0,200.0,8556200.0
943,2021-10-07 06:53:41,29300.0,100.0,8556000.0
944,2021-10-07 06:53:41,29300.0,200.0,8555900.0
945,2021-10-07 06:53:41,29300.0,1000.0,8555700.0
946,2021-10-07 06:53:41,29300.0,100.0,8554700.0
947,2021-10-07 06:53:41,29300.0,9500.0,8554600.0
948,2021-10-07 06:53:41,29300.0,500.0,8545100.0
949,2021-10-07 06:53:41,29300.0,200.0,8544600.0
950,2021-10-07 06:53:41,29300.0,200.0,8544400.0
951,2021-10-07 06:53:41,29300.0,1000.0,8544200.0
952,2021-10-07 06:53:41,29300.0,100.0,8543200.0
953,2021-10-07 06:53:41,29300.0,1000.0,8543100.0
954,2021-10-07 06:53:41,29300.0,200.0,8542100.0
955,2021-10-07 06:53:41,29300.0,1000.0,8541900.0
956,2021-10-07 06:53:41,29300.0,200.0,8540900.0
957,2021-10-07 06:53:41,29300.0,500.0,8540700.0
958,2021-10-07 06:53:41,29300.0,100.0,8540200.0
959,2021-10-07 06:53:41,29300.0,2000.0,8540100.0
960,2021-10-07 06:53:41,29300.0,1000.0,8538100.0
961,2021-10-07 06:53:41,29300.0,400.0,8537100.0
962,2021-10-07 06:53:41,29300.0,400.0,8536700.0
963,2021-10-07 06:53:41,29300.0,300.0,8536300.0
964,2021-10-07 06:53:41,29300.0,500.0,8536000.0
965,2021-10-07 06:53:41,29300.0,200.0,8535500.0
966,2021-10-07 06:53:41,29300.0,200.0,8535300.0
967,2021-10-07 06:53:41,29300.0,1000.0,8535100.0
968,2021-10-07 06:53:41,29300.0,100.0,8534100.0
969,2021-10-07 06:53:41,29300.0,500.0,8534000.0
970,2021-10-07 06:53:41,29300.0,100.0,8533500.0
971,2021-10-07 06:53:41,29300.0,500.0,8533400.0
972,2021-10-07 06:53:41,29300.0,500.0,8532900.0
973,2021-10-07 06:53:41,29300.0,200.0,8532400.0
974,2021-10-07 06:53:41,29300.0,200.0,8532200.0
975,2021-10-07 06:53:41,29300.0,300.0,8532000.0
976,2021-10-07 06:53:38,29350.0,700.0,8531700.0
977,2021-10-07 06:53:29,29350.0,2800.0,8531000.0
978,2021-10-07 06:53:20,29300.0,200.0,8528200.0
979,2021-10-07 06:53:20,29300.0,300.0,8528000.0
980,2021-10-07 06:53:20,29300.0,300.0,8527700.0
981,2021-10-07 06:53:16,29300.0,400.0,8527400.0
982,2021-10-07 06:53:16,29300.0,100.0,8527000.0
983,2021-10-07 06:53:01,29300.0,100.0,8526900.0
984,2021-10-07 06:53:00,29350.0,100.0,8526800.0
985,2021-10-07 06:52:59,29350.0,1000.0,8526700.0
986,2021-10-07 06:52:59,29350.0,1000.0,8525700.0
987,2021-10-07 06:52:55,29350.0,4900.0,8524700.0
988,2021-10-07 06:52:55,29350.0,100.0,8519800.0
989,2021-10-07 06:52:49,29350.0,100.0,8519700.0
990,2021-10-07 06:52:49,29300.0,2900.0,8519600.0
991,2021-10-07 06:52:49,29300.0,300.0,8516700.0
992,2021-10-07 06:52:49,29300.0,200.0,8516400.0
993,2021-10-07 06:52:49,29300.0,100.0,8516200.0
994,2021-10-07 06:52:49,29300.0,5000.0,8516100.0
995,2021-10-07 06:52:49,29300.0,1000.0,8511100.0
996,2021-10-07 06:52:49,29300.0,500.0,8510100.0
997,2021-10-07 06:52:49,29300.0,1000.0,8509600.0
998,2021-10-07 06:52:49,29300.0,5000.0,8508600.0
999,2021-10-07 06:52:49,29300.0,100.0,8503600.0
1000,2021-10-07 06:52:49,29300.0,100.0,8503500.0
1001,2021-10-07 06:52:49,29300.0,300.0,8503400.0
1002,2021-10-07 06:52:49,29300.0,1000.0,8503100.0
1003,2021-10-07 06:52:49,29300.0,500.0,8502100.0
1004,2021-10-07 06:52:49,29300.0,1000.0,8501600.0
1005,2021-10-07 06:52:49,29300.0,500.0,8500600.0
1006,2021-10-07 06:52:49,29300.0,1700.0,8500100.0
1007,2021-10-07 06:52:49,29300.0,100.0,8498400.0
1008,2021-10-07 06:52:49,29300.0,100.0,8498300.0
1009,2021-10-07 06:52:49,29300.0,600.0,8498200.0
1010,2021-10-07 06:52:49,29300.0,1000.0,8497600.0
1011,2021-10-07 06:52:49,29300.0,100.0,8496600.0
1012,2021-10-07 06:52:49,29300.0,300.0,8496500.0
1013,2021-10-07 06:52:49,29300.0,300.0,8496200.0
1014,2021-10-07 06:52:49,29300.0,1000.0,8495900.0
1015,2021-10-07 06:52:49,29300.0,2000.0,8494900.0
1016,2021-10-07 06:52:49,29300.0,400.0,8492900.0
1017,2021-10-07 06:52:49,29300.0,900.0,8492500.0
1018,2021-10-07 06:52:49,29300.0,100.0,8491600.0
1019,2021-10-07 06:52:49,29300.0,500.0,8491500.0
1020,2021-10-07 06:52:49,29300.0,300.0,8491000.0
1021,2021-10-07 06:52:49,29300.0,1000.0,8490700.0
1022,2021-10-07 06:52:49,29300.0,100.0,8489700.0
1023,2021-10-07 06:52:45,29350.0,200.0,8489600.0
1024,2021-10-07 06:52:42,29350.0,1400.0,8489400.0
1025,2021-10-07 06:52:42,29350.0,200.0,8488000.0
1026,2021-10-07 06:52:37,29350.0,100.0,8487800.0
1027,2021-10-07 06:52:37,29350.0,400.0,8487700.0
1028,2021-10-07 06:52:37,29350.0,200.0,8487300.0
1029,2021-10-07 06:52:37,29350.0,100.0,8487100.0
1030,2021-10-07 06:52:37,29350.0,1200.0,8487000.0
1031,2021-10-07 06:52:37,29350.0,1400.0,8485800.0
1032,2021-10-07 06:52:30,29350.0,300.0,8484400.0
1033,2021-10-07 06:52:30,29350.0,500.0,8484100.0
1034,2021-10-07 06:52:13,29350.0,700.0,8483600.0
1035,2021-10-07 06:52:06,29350.0,1900.0,8482900.0
1036,2021-10-07 06:52:03,29350.0,200.0,8481000.0
1037,2021-10-07 06:52:02,29350.0,100.0,8480800.0
1038,2021-10-07 06:52:02,29350.0,1000.0,8480700.0
1039,2021-10-07 06:52:02,29350.0,100.0,8479700.0
1040,2021-10-07 06:52:02,29350.0,500.0,8479600.0
1041,2021-10-07 06:52:02,29350.0,200.0,8479100.0
1042,2021-10-07 06:52:02,29350.0,500.0,8478900.0
1043,2021-10-07 06:52:02,29350.0,1400.0,8478400.0
1044,2021-10-07 06:51:56,29350.0,1000.0,8477000.0
1045,2021-10-07 06:51:53,29350.0,100.0,8476000.0
1046,2021-10-07 06:51:42,29350.0,1400.0,8475900.0
1047,2021-10-07 06:51:39,29350.0,200.0,8474500.0
1048,2021-10-07 06:51:35,29350.0,900.0,8474300.0
1049,2021-10-07 06:51:35,29350.0,100.0,8473400.0
1050,2021-10-07 06:51:35,29350.0,1000.0,8473300.0
1051,2021-10-07 06:51:35,29350.0,500.0,8472300.0
1052,2021-10-07 06:51:35,29350.0,500.0,8471800.0
1053,2021-10-07 06:51:31,29350.0,500.0,8471300.0
1054,2021-10-07 06:51:31,29350.0,1000.0,8470800.0
1055,2021-10-07 06:51:28,29400.0,300.0,8469800.0
1056,2021-10-07 06:51:23,29400.0,500.0,8469500.0
1057,2021-10-07 06:51:18,29400.0,500.0,8469000.0
1058,2021-10-07 06:51:15,29400.0,100.0,8468500.0
1059,2021-10-07 06:51:11,29400.0,100.0,8468400.0
1060,2021-10-07 06:51:07,29400.0,100.0,8468300.0
1061,2021-10-07 06:51:03,29400.0,800.0,8468200.0
1062,2021-10-07 06:51:03,29400.0,1200.0,8467400.0
1063,2021-10-07 06:50:55,29400.0,100.0,8466200.0
1064,2021-10-07 06:50:54,29400.0,200.0,8466100.0
1065,2021-10-07 06:50:48,29400.0,5000.0,8465900.0
1066,2021-10-07 06:50:48,29400.0,2000.0,8460900.0
1067,2021-10-07 06:50:48,29400.0,300.0,8458900.0
1068,2021-10-07 06:50:44,29450.0,500.0,8458600.0
1069,2021-10-07 06:50:43,29400.0,100.0,8458100.0
1070,2021-10-07 06:50:42,29400.0,100.0,8458000.0
1071,2021-10-07 06:50:36,29400.0,200.0,8457900.0
1072,2021-10-07 06:50:30,29400.0,1300.0,8457700.0
1073,2021-10-07 06:50:30,29400.0,100.0,8456400.0
1074,2021-10-07 06:50:28,29400.0,400.0,8456300.0
1075,2021-10-07 06:50:27,29300.0,500.0,8455900.0
1076,2021-10-07 06:50:27,29300.0,500.0,8455400.0
1077,2021-10-07 06:50:27,29300.0,100.0,8454900.0
1078,2021-10-07 06:50:27,29300.0,5000.0,8454800.0
1079,2021-10-07 06:50:27,29300.0,1500.0,8449800.0
1080,2021-10-07 06:50:27,29300.0,200.0,8448300.0
1081,2021-10-07 06:50:27,29300.0,1000.0,8448100.0
1082,2021-10-07 06:50:27,29300.0,200.0,8447100.0
1083,2021-10-07 06:50:27,29300.0,1000.0,8446900.0
1084,2021-10-07 06:50:27,29300.0,100.0,8445900.0
1085,2021-10-07 06:50:27,29300.0,100.0,8445800.0
1086,2021-10-07 06:50:27,29300.0,500.0,8445700.0
1087,2021-10-07 06:50:27,29300.0,100.0,8445200.0
1088,2021-10-07 06:50:27,29300.0,200.0,8445100.0
1089,2021-10-07 06:50:27,29300.0,500.0,8444900.0
1090,2021-10-07 06:50:27,29300.0,300.0,8444400.0
1091,2021-10-07 06:50:27,29300.0,3000.0,8444100.0
1092,2021-10-07 06:50:27,29300.0,1000.0,8441100.0
1093,2021-10-07 06:50:27,29300.0,500.0,8440100.0
1094,2021-10-07 06:50:27,29300.0,1000.0,8439600.0
1095,2021-10-07 06:50:27,29300.0,500.0,8438600.0
1096,2021-10-07 06:50:27,29300.0,500.0,8438100.0
1097,2021-10-07 06:50:27,29300.0,100.0,8437600.0
1098,2021-10-07 06:50:27,29300.0,100.0,8437500.0
1099,2021-10-07 06:50:27,29300.0,500.0,8437400.0
1100,2021-10-07 06:50:27,29300.0,200.0,8436900.0
1101,2021-10-07 06:50:27,29300.0,500.0,8436700.0
1102,2021-10-07 06:50:27,29300.0,100.0,8436200.0
1103,2021-10-07 06:50:27,29300.0,100.0,8436100.0
1104,2021-10-07 06:50:27,29300.0,300.0,8436000.0
1105,2021-10-07 06:50:27,29300.0,5000.0,8435700.0
1106,2021-10-07 06:50:27,29300.0,100.0,8430700.0
1107,2021-10-07 06:50:27,29300.0,200.0,8430600.0
1108,2021-10-07 06:50:27,29300.0,200.0,8430400.0
1109,2021-10-07 06:50:27,29300.0,200.0,8430200.0
1110,2021-10-07 06:50:27,29300.0,1000.0,8430000.0
1111,2021-10-07 06:50:27,29300.0,1600.0,8429000.0
1112,2021-10-07 06:50:27,29350.0,2000.0,8427400.0
1113,2021-10-07 06:50:26,29400.0,100.0,8425400.0
1114,2021-10-07 06:50:26,29400.0,300.0,8425300.0
1115,2021-10-07 06:50:25,29400.0,100.0,8425000.0
1116,2021-10-07 06:50:23,29400.0,1500.0,8424900.0
1117,2021-10-07 06:50:20,29400.0,100.0,8423400.0
1118,2021-10-07 06:50:19,29350.0,1000.0,8423300.0
1119,2021-10-07 06:50:17,29400.0,200.0,8422300.0
1120,2021-10-07 06:50:17,29350.0,300.0,8422100.0
1121,2021-10-07 06:50:00,29350.0,500.0,8421800.0
1122,2021-10-07 06:50:00,29350.0,2000.0,8421300.0
1123,2021-10-07 06:50:00,29350.0,100.0,8419300.0
1124,2021-10-07 06:50:00,29350.0,500.0,8419200.0
1125,2021-10-07 06:50:00,29350.0,1000.0,8418700.0
1126,2021-10-07 06:50:00,29350.0,200.0,8417700.0
1127,2021-10-07 06:50:00,29350.0,200.0,8417500.0
1128,2021-10-07 06:50:00,29350.0,100.0,8417300.0
1129,2021-10-07 06:50:00,29350.0,100.0,8417200.0
1130,2021-10-07 06:50:00,29350.0,100.0,8417100.0
1131,2021-10-07 06:50:00,29350.0,500.0,8417000.0
1132,2021-10-07 06:50:00,29350.0,100.0,8416500.0
1133,2021-10-07 06:50:00,29350.0,100.0,8416400.0
1134,2021-10-07 06:50:00,29350.0,600.0,8416300.0
1135,2021-10-07 06:50:00,29350.0,200.0,8415700.0
1136,2021-10-07 06:50:00,29350.0,100.0,8415500.0
1137,2021-10-07 06:50:00,29350.0,1000.0,8415400.0
1138,2021-10-07 06:50:00,29350.0,300.0,8414400.0
1139,2021-10-07 06:50:00,29350.0,100.0,8414100.0
1140,2021-10-07 06:50:00,29350.0,300.0,8414000.0
1141,2021-10-07 06:50:00,29350.0,500.0,8413700.0
1142,2021-10-07 06:50:00,29350.0,300.0,8413200.0
1143,2021-10-07 06:50:00,29350.0,2700.0,8412900.0
1144,2021-10-07 06:50:00,29350.0,100.0,8410200.0
1145,2021-10-07 06:50:00,29350.0,5000.0,8410100.0
1146,2021-10-07 06:50:00,29350.0,300.0,8405100.0
1147,2021-10-07 06:50:00,29350.0,50000.0,8404800.0
1148,2021-10-07 06:50:00,29350.0,1000.0,8354800.0
1149,2021-10-07 06:50:00,29350.0,200.0,8353800.0
1150,2021-10-07 06:50:00,29350.0,5000.0,8353600.0
1151,2021-10-07 06:50:00,29350.0,3000.0,8348600.0
1152,2021-10-07 06:50:00,29350.0,1000.0,8345600.0
1153,2021-10-07 06:50:00,29350.0,200.0,8344600.0
1154,2021-10-07 06:50:00,29350.0,1000.0,8344400.0
1155,2021-10-07 06:50:00,29350.0,100.0,8343400.0
1156,2021-10-07 06:50:00,29350.0,200.0,8343300.0
1157,2021-10-07 06:50:00,29350.0,1000.0,8343100.0
1158,2021-10-07 06:50:00,29350.0,3700.0,8342100.0
1159,2021-10-07 06:50:00,29350.0,200.0,8338400.0
1160,2021-10-07 06:50:00,29350.0,500.0,8338200.0
1161,2021-10-07 06:50:00,29350.0,1000.0,8337700.0
1162,2021-10-07 06:50:00,29350.0,300.0,8336700.0
1163,2021-10-07 06:50:00,29350.0,300.0,8336400.0
1164,2021-10-07 06:50:00,29350.0,3800.0,8336100.0
1165,2021-10-07 06:50:00,29400.0,100.0,8332300.0
1166,2021-10-07 06:50:00,29400.0,500.0,8332200.0
1167,2021-10-07 06:50:00,29400.0,100.0,8331700.0
1168,2021-10-07 06:50:00,29400.0,300.0,8331600.0
1169,2021-10-07 06:50:00,29400.0,1000.0,8331300.0
1170,2021-10-07 06:50:00,29400.0,1000.0,8330300.0
1171,2021-10-07 06:50:00,29400.0,1000.0,8329300.0
1172,2021-10-07 06:50:00,29400.0,200.0,8328300.0
1173,2021-10-07 06:50:00,29400.0,500.0,8328100.0
1174,2021-10-07 06:50:00,29400.0,1000.0,8327600.0
1175,2021-10-07 06:50:00,29400.0,4500.0,8326600.0
1176,2021-10-07 06:49:29,29400.0,200.0,8322100.0
1177,2021-10-07 06:49:24,29400.0,100.0,8321900.0
1178,2021-10-07 06:49:24,29400.0,200.0,8321800.0
1179,2021-10-07 06:49:06,29400.0,300.0,8321600.0
1180,2021-10-07 06:49:06,29400.0,700.0,8321300.0
1181,2021-10-07 06:49:01,29400.0,2000.0,8320600.0
1182,2021-10-07 06:49:01,29400.0,500.0,8318600.0
1183,2021-10-07 06:49:01,29400.0,400.0,8318100.0
1184,2021-10-07 06:49:01,29400.0,300.0,8317700.0
1185,2021-10-07 06:49:01,29400.0,6100.0,8317400.0
1186,2021-10-07 06:48:54,29400.0,2100.0,8311300.0
1187,2021-10-07 06:48:52,29400.0,1400.0,8309200.0
1188,2021-10-07 06:48:52,29400.0,300.0,8307800.0
1189,2021-10-07 06:48:52,29400.0,600.0,8307500.0
1190,2021-10-07 06:48:52,29400.0,700.0,8306900.0
1191,2021-10-07 06:48:46,29400.0,1000.0,8306200.0
1192,2021-10-07 06:48:42,29400.0,1100.0,8305200.0
1193,2021-10-07 06:48:42,29400.0,200.0,8304100.0
1194,2021-10-07 06:48:42,29400.0,500.0,8303900.0
1195,2021-10-07 06:48:42,29400.0,100.0,8303400.0
1196,2021-10-07 06:48:42,29400.0,300.0,8303300.0
1197,2021-10-07 06:48:34,29400.0,700.0,8303000.0
1198,2021-10-07 06:48:34,29400.0,1000.0,8302300.0
1199,2021-10-07 06:48:34,29400.0,300.0,8301300.0
1200,2021-10-07 06:48:34,29400.0,3000.0,8301000.0
1201,2021-10-07 06:48:29,29400.0,200.0,8298000.0
1202,2021-10-07 06:48:27,29400.0,100.0,8297800.0
1203,2021-10-07 06:48:05,29400.0,1700.0,8297700.0
1204,2021-10-07 06:48:05,29400.0,400.0,8296000.0
1205,2021-10-07 06:48:02,29400.0,300.0,8295600.0
1206,2021-10-07 06:48:02,29400.0,200.0,8295300.0
1207,2021-10-07 06:48:02,29400.0,100.0,8295100.0
1208,2021-10-07 06:48:02,29400.0,200.0,8295000.0
1209,2021-10-07 06:48:02,29400.0,400.0,8294800.0
1210,2021-10-07 06:48:02,29400.0,2200.0,8294400.0
1211,2021-10-07 06:48:02,29400.0,1000.0,8292200.0
1212,2021-10-07 06:48:02,29400.0,6600.0,8291200.0
1213,2021-10-07 06:47:57,29400.0,500.0,8284600.0
1214,2021-10-07 06:47:57,29400.0,400.0,8284100.0
1215,2021-10-07 06:47:53,29400.0,1000.0,8283700.0
1216,2021-10-07 06:47:48,29400.0,1500.0,8282700.0
1217,2021-10-07 06:47:48,29400.0,1000.0,8281200.0
1218,2021-10-07 06:47:48,29400.0,500.0,8280200.0
1219,2021-10-07 06:47:45,29400.0,1000.0,8279700.0
1220,2021-10-07 06:47:42,29400.0,500.0,8278700.0
1221,2021-10-07 06:47:42,29400.0,100.0,8278200.0
1222,2021-10-07 06:47:42,29400.0,400.0,8278100.0
1223,2021-10-07 06:47:34,29400.0,300.0,8277700.0
1224,2021-10-07 06:47:28,29400.0,1000.0,8277400.0
1225,2021-10-07 06:47:25,29400.0,100.0,8276400.0
1226,2021-10-07 06:47:20,29400.0,300.0,8276300.0
1227,2021-10-07 06:47:20,29400.0,300.0,8276000.0
1228,2021-10-07 06:47:19,29400.0,400.0,8275700.0
1229,2021-10-07 06:47:19,29400.0,500.0,8275300.0
1230,2021-10-07 06:47:19,29400.0,100.0,8274800.0
1231,2021-10-07 06:47:17,29350.0,200.0,8274700.0
1232,2021-10-07 06:47:12,29400.0,300.0,8274500.0
1233,2021-10-07 06:47:03,29400.0,100.0,8274200.0
1234,2021-10-07 06:47:02,29400.0,200.0,8274100.0
1235,2021-10-07 06:47:00,29400.0,100.0,8273900.0
1236,2021-10-07 06:46:48,29400.0,1200.0,8273800.0
1237,2021-10-07 06:46:48,29400.0,800.0,8272600.0
1238,2021-10-07 06:46:48,29400.0,300.0,8271800.0
1239,2021-10-07 06:46:46,29400.0,500.0,8271500.0
1240,2021-10-07 06:46:42,29400.0,100.0,8271000.0
1241,2021-10-07 06:46:42,29400.0,100.0,8270900.0
1242,2021-10-07 06:46:39,29400.0,700.0,8270800.0
1243,2021-10-07 06:46:35,29400.0,300.0,8270100.0
1244,2021-10-07 06:46:32,29400.0,200.0,8269800.0
1245,2021-10-07 06:46:32,29400.0,300.0,8269600.0
1246,2021-10-07 06:46:31,29400.0,100.0,8269300.0
1247,2021-10-07 06:46:28,29400.0,100.0,8269200.0
1248,2021-10-07 06:46:27,29400.0,400.0,8269100.0
1249,2021-10-07 06:46:27,29400.0,200.0,8268700.0
1250,2021-10-07 06:46:24,29400.0,1000.0,8268500.0
1251,2021-10-07 06:46:23,29400.0,1000.0,8267500.0
1252,2021-10-07 06:46:23,29400.0,300.0,8266500.0
1253,2021-10-07 06:46:17,29400.0,1000.0,8266200.0
1254,2021-10-07 06:46:14,29400.0,200.0,8265200.0
1255,2021-10-07 06:46:14,29400.0,500.0,8265000.0
1256,2021-10-07 06:46:14,29400.0,400.0,8264500.0
1257,2021-10-07 06:46:13,29400.0,1000.0,8264100.0
1258,2021-10-07 06:45:53,29450.0,3000.0,8263100.0
1259,2021-10-07 06:45:48,29450.0,500.0,8260100.0
1260,2021-10-07 06:45:39,29450.0,1000.0,8259600.0
1261,2021-10-07 06:45:37,29450.0,500.0,8258600.0
1262,2021-10-07 06:45:35,29400.0,1600.0,8258100.0
1263,2021-10-07 06:45:35,29400.0,700.0,8256500.0
1264,2021-10-07 06:45:35,29400.0,500.0,8255800.0
1265,2021-10-07 06:45:35,29400.0,600.0,8255300.0
1266,2021-10-07 06:45:35,29400.0,200.0,8254700.0
1267,2021-10-07 06:45:35,29400.0,100.0,8254500.0
1268,2021-10-07 06:45:35,29400.0,500.0,8254400.0
1269,2021-10-07 06:45:35,29400.0,200.0,8253900.0
1270,2021-10-07 06:45:35,29400.0,100.0,8253700.0
1271,2021-10-07 06:45:35,29400.0,200.0,8253600.0
1272,2021-10-07 06:45:35,29400.0,700.0,8253400.0
1273,2021-10-07 06:45:35,29400.0,1000.0,8252700.0
1274,2021-10-07 06:45:35,29400.0,100.0,8251700.0
1275,2021-10-07 06:45:35,29400.0,100.0,8251600.0
1276,2021-10-07 06:45:35,29400.0,300.0,8251500.0
1277,2021-10-07 06:45:35,29400.0,500.0,8251200.0
1278,2021-10-07 06:45:35,29400.0,200.0,8250700.0
1279,2021-10-07 06:45:35,29400.0,1000.0,8250500.0
1280,2021-10-07 06:45:35,29400.0,100.0,8249500.0
1281,2021-10-07 06:45:35,29400.0,100.0,8249400.0
1282,2021-10-07 06:45:35,29400.0,100.0,8249300.0
1283,2021-10-07 06:45:35,29400.0,200.0,8249200.0
1284,2021-10-07 06:45:35,29400.0,100.0,8249000.0
1285,2021-10-07 06:45:35,29400.0,500.0,8248900.0
1286,2021-10-07 06:45:35,29400.0,1500.0,8248400.0
1287,2021-10-07 06:45:35,29400.0,200.0,8246900.0
1288,2021-10-07 06:45:35,29400.0,3400.0,8246700.0
1289,2021-10-07 06:45:35,29400.0,200.0,8243300.0
1290,2021-10-07 06:45:35,29400.0,3000.0,8243100.0
1291,2021-10-07 06:45:35,29400.0,300.0,8240100.0
1292,2021-10-07 06:45:35,29400.0,1000.0,8239800.0
1293,2021-10-07 06:45:35,29400.0,100.0,8238800.0
1294,2021-10-07 06:45:35,29400.0,200.0,8238700.0
1295,2021-10-07 06:45:35,29400.0,700.0,8238500.0
1296,2021-10-07 06:45:35,29400.0,3000.0,8237800.0
1297,2021-10-07 06:45:35,29400.0,1000.0,8234800.0
1298,2021-10-07 06:45:35,29400.0,1000.0,8233800.0
1299,2021-10-07 06:45:35,29400.0,100.0,8232800.0
1300,2021-10-07 06:45:35,29400.0,200.0,8232700.0
1301,2021-10-07 06:45:35,29400.0,500.0,8232500.0
1302,2021-10-07 06:45:35,29400.0,100.0,8232000.0
1303,2021-10-07 06:45:35,29400.0,100.0,8231900.0
1304,2021-10-07 06:45:35,29400.0,200.0,8231800.0
1305,2021-10-07 06:45:35,29400.0,200.0,8231600.0
1306,2021-10-07 06:45:35,29400.0,200.0,8231400.0
1307,2021-10-07 06:45:35,29400.0,200.0,8231200.0
1308,2021-10-07 06:45:35,29400.0,1000.0,8231000.0
1309,2021-10-07 06:45:35,29400.0,200.0,8230000.0
1310,2021-10-07 06:45:35,29400.0,20000.0,8229800.0
1311,2021-10-07 06:45:35,29400.0,1000.0,8209800.0
1312,2021-10-07 06:45:35,29400.0,200.0,8208800.0
1313,2021-10-07 06:45:35,29400.0,500.0,8208600.0
1314,2021-10-07 06:45:35,29400.0,200.0,8208100.0
1315,2021-10-07 06:45:35,29400.0,1000.0,8207900.0
1316,2021-10-07 06:45:35,29400.0,2000.0,8206900.0
1317,2021-10-07 06:45:35,29400.0,3000.0,8204900.0
1318,2021-10-07 06:45:35,29400.0,100.0,8201900.0
1319,2021-10-07 06:45:35,29400.0,100.0,8201800.0
1320,2021-10-07 06:45:35,29400.0,300.0,8201700.0
1321,2021-10-07 06:45:35,29400.0,100.0,8201400.0
1322,2021-10-07 06:45:35,29400.0,200.0,8201300.0
1323,2021-10-07 06:45:35,29400.0,200.0,8201100.0
1324,2021-10-07 06:45:35,29400.0,200.0,8200900.0
1325,2021-10-07 06:45:35,29400.0,200.0,8200700.0
1326,2021-10-07 06:45:35,29400.0,300.0,8200500.0
1327,2021-10-07 06:45:35,29400.0,1000.0,8200200.0
1328,2021-10-07 06:45:35,29400.0,100.0,8199200.0
1329,2021-10-07 06:45:35,29400.0,200.0,8199100.0
1330,2021-10-07 06:45:35,29400.0,100.0,8198900.0
1331,2021-10-07 06:45:35,29400.0,500.0,8198800.0
1332,2021-10-07 06:45:35,29400.0,1000.0,8198300.0
1333,2021-10-07 06:45:35,29400.0,100.0,8197300.0
1334,2021-10-07 06:45:35,29400.0,500.0,8197200.0
1335,2021-10-07 06:45:35,29400.0,200.0,8196700.0
1336,2021-10-07 06:45:35,29400.0,1000.0,8196500.0
1337,2021-10-07 06:45:35,29400.0,1000.0,8195500.0
1338,2021-10-07 06:45:35,29400.0,4000.0,8194500.0
1339,2021-10-07 06:45:35,29400.0,900.0,8190500.0
1340,2021-10-07 06:45:35,29400.0,100.0,8189600.0
1341,2021-10-07 06:45:35,29400.0,1000.0,8189500.0
1342,2021-10-07 06:45:35,29400.0,1000.0,8188500.0
1343,2021-10-07 06:45:35,29400.0,1000.0,8187500.0
1344,2021-10-07 06:45:35,29400.0,200.0,8186500.0
1345,2021-10-07 06:45:35,29400.0,1000.0,8186300.0
1346,2021-10-07 06:45:35,29400.0,200.0,8185300.0
1347,2021-10-07 06:45:35,29400.0,5000.0,8185100.0
1348,2021-10-07 06:45:35,29400.0,500.0,8180100.0
1349,2021-10-07 06:45:35,29400.0,500.0,8179600.0
1350,2021-10-07 06:45:35,29400.0,100.0,8179100.0
1351,2021-10-07 06:45:35,29400.0,400.0,8179000.0
1352,2021-10-07 06:45:35,29400.0,500.0,8178600.0
1353,2021-10-07 06:45:34,29450.0,1000.0,8178100.0
1354,2021-10-07 06:45:31,29400.0,2400.0,8177100.0
1355,2021-10-07 06:45:31,29400.0,100.0,8174700.0
1356,2021-10-07 06:45:31,29400.0,300.0,8174600.0
1357,2021-10-07 06:45:31,29400.0,500.0,8174300.0
1358,2021-10-07 06:45:31,29400.0,200.0,8173800.0
1359,2021-10-07 06:45:31,29400.0,100.0,8173600.0
1360,2021-10-07 06:45:31,29400.0,1000.0,8173500.0
1361,2021-10-07 06:45:31,29400.0,1000.0,8172500.0
1362,2021-10-07 06:45:31,29400.0,600.0,8171500.0
1363,2021-10-07 06:45:27,29450.0,500.0,8170900.0
1364,2021-10-07 06:45:20,29450.0,500.0,8170400.0
1365,2021-10-07 06:45:08,29450.0,200.0,8169900.0
1366,2021-10-07 06:44:53,29450.0,800.0,8169700.0
1367,2021-10-07 06:44:53,29450.0,200.0,8168900.0
1368,2021-10-07 06:44:44,29450.0,800.0,8168700.0
1369,2021-10-07 06:44:44,29450.0,1000.0,8167900.0
1370,2021-10-07 06:44:44,29450.0,5000.0,8166900.0
1371,2021-10-07 06:44:44,29450.0,400.0,8161900.0
1372,2021-10-07 06:44:26,29450.0,200.0,8161500.0
1373,2021-10-07 06:44:24,29450.0,1500.0,8161300.0
1374,2021-10-07 06:44:13,29450.0,100.0,8159800.0
1375,2021-10-07 06:44:12,29450.0,300.0,8159700.0
1376,2021-10-07 06:44:09,29450.0,100.0,8159400.0
1377,2021-10-07 06:44:09,29450.0,100.0,8159300.0
1378,2021-10-07 06:44:07,29450.0,300.0,8159200.0
1379,2021-10-07 06:44:07,29450.0,700.0,8158900.0
1380,2021-10-07 06:44:07,29450.0,100.0,8158200.0
1381,2021-10-07 06:43:57,29450.0,100.0,8158100.0
1382,2021-10-07 06:43:57,29450.0,100.0,8158000.0
1383,2021-10-07 06:43:57,29450.0,100.0,8157900.0
1384,2021-10-07 06:43:57,29450.0,900.0,8157800.0
1385,2021-10-07 06:43:54,29450.0,200.0,8156900.0
1386,2021-10-07 06:43:54,29450.0,400.0,8156700.0
1387,2021-10-07 06:43:54,29450.0,100.0,8156300.0
1388,2021-10-07 06:43:54,29450.0,500.0,8156200.0
1389,2021-10-07 06:43:39,29450.0,500.0,8155700.0
1390,2021-10-07 06:43:35,29450.0,500.0,8155200.0
1391,2021-10-07 06:43:35,29450.0,500.0,8154700.0
1392,2021-10-07 06:43:35,29450.0,3500.0,8154200.0
1393,2021-10-07 06:43:35,29450.0,1800.0,8150700.0
1394,2021-10-07 06:43:33,29450.0,500.0,8148900.0
1395,2021-10-07 06:43:31,29450.0,400.0,8148400.0
1396,2021-10-07 06:43:27,29450.0,7000.0,8148000.0
1397,2021-10-07 06:43:25,29450.0,300.0,8141000.0
1398,2021-10-07 06:43:25,29450.0,1000.0,8140700.0
1399,2021-10-07 06:43:25,29450.0,3700.0,8139700.0
1400,2021-10-07 06:43:17,29450.0,4800.0,8136000.0
1401,2021-10-07 06:43:17,29450.0,1000.0,8131200.0
1402,2021-10-07 06:43:17,29450.0,500.0,8130200.0
1403,2021-10-07 06:43:14,29450.0,1000.0,8129700.0
1404,2021-10-07 06:43:12,29450.0,200.0,8128700.0
1405,2021-10-07 06:43:11,29450.0,300.0,8128500.0
1406,2021-10-07 06:43:07,29450.0,200.0,8128200.0
1407,2021-10-07 06:43:04,29450.0,100.0,8128000.0
1408,2021-10-07 06:43:04,29450.0,500.0,8127900.0
1409,2021-10-07 06:42:57,29500.0,800.0,8127400.0
1410,2021-10-07 06:42:57,29500.0,100.0,8126600.0
1411,2021-10-07 06:42:57,29500.0,100.0,8126500.0
1412,2021-10-07 06:42:49,29500.0,100.0,8126400.0
1413,2021-10-07 06:42:49,29500.0,1000.0,8126300.0
1414,2021-10-07 06:42:49,29500.0,900.0,8125300.0
1415,2021-10-07 06:42:46,29500.0,1000.0,8124400.0
1416,2021-10-07 06:42:45,29500.0,100.0,8123400.0
1417,2021-10-07 06:42:45,29500.0,200.0,8123300.0
1418,2021-10-07 06:42:45,29500.0,100.0,8123100.0
1419,2021-10-07 06:42:44,29450.0,1100.0,8123000.0
1420,2021-10-07 06:42:44,29450.0,2900.0,8121900.0
1421,2021-10-07 06:42:44,29450.0,100.0,8119000.0
1422,2021-10-07 06:42:44,29450.0,1000.0,8118900.0
1423,2021-10-07 06:42:44,29450.0,100.0,8117900.0
1424,2021-10-07 06:42:44,29450.0,500.0,8117800.0
1425,2021-10-07 06:42:44,29450.0,500.0,8117300.0
1426,2021-10-07 06:42:44,29450.0,100.0,8116800.0
1427,2021-10-07 06:42:44,29450.0,1000.0,8116700.0
1428,2021-10-07 06:42:44,29450.0,600.0,8115700.0
1429,2021-10-07 06:42:44,29450.0,500.0,8115100.0
1430,2021-10-07 06:42:44,29450.0,5000.0,8114600.0
1431,2021-10-07 06:42:44,29450.0,3000.0,8109600.0
1432,2021-10-07 06:42:44,29450.0,300.0,8106600.0
1433,2021-10-07 06:42:44,29450.0,1000.0,8106300.0
1434,2021-10-07 06:42:44,29450.0,100.0,8105300.0
1435,2021-10-07 06:42:44,29450.0,500.0,8105200.0
1436,2021-10-07 06:42:44,29450.0,100.0,8104700.0
1437,2021-10-07 06:42:44,29450.0,100.0,8104600.0
1438,2021-10-07 06:42:44,29450.0,200.0,8104500.0
1439,2021-10-07 06:42:44,29450.0,100.0,8104300.0
1440,2021-10-07 06:42:44,29450.0,400.0,8104200.0
1441,2021-10-07 06:42:44,29450.0,400.0,8103800.0
1442,2021-10-07 06:42:44,29450.0,2000.0,8103400.0
1443,2021-10-07 06:42:44,29450.0,200.0,8101400.0
1444,2021-10-07 06:42:44,29450.0,40000.0,8101200.0
1445,2021-10-07 06:42:44,29450.0,1000.0,8061200.0
1446,2021-10-07 06:42:44,29450.0,300.0,8060200.0
1447,2021-10-07 06:42:44,29450.0,1200.0,8059900.0
1448,2021-10-07 06:42:44,29450.0,100.0,8058700.0
1449,2021-10-07 06:42:44,29450.0,1000.0,8058600.0
1450,2021-10-07 06:42:44,29450.0,500.0,8057600.0
1451,2021-10-07 06:42:44,29450.0,2000.0,8057100.0
1452,2021-10-07 06:42:44,29450.0,300.0,8055100.0
1453,2021-10-07 06:42:44,29450.0,3000.0,8054800.0
1454,2021-10-07 06:42:44,29450.0,300.0,8051800.0
1455,2021-10-07 06:42:44,29450.0,100.0,8051500.0
1456,2021-10-07 06:42:44,29450.0,100.0,8051400.0
1457,2021-10-07 06:42:44,29450.0,100.0,8051300.0
1458,2021-10-07 06:42:44,29450.0,100.0,8051200.0
1459,2021-10-07 06:42:40,29500.0,900.0,8051100.0
1460,2021-10-07 06:42:35,29500.0,500.0,8050200.0
1461,2021-10-07 06:42:34,29500.0,3000.0,8049700.0
1462,2021-10-07 06:42:29,29450.0,200.0,8046700.0
1463,2021-10-07 06:42:29,29450.0,2600.0,8046500.0
1464,2021-10-07 06:42:26,29500.0,100.0,8043900.0
1465,2021-10-07 06:42:20,29500.0,1000.0,8043800.0
1466,2021-10-07 06:42:16,29500.0,900.0,8042800.0
1467,2021-10-07 06:42:14,29500.0,100.0,8041900.0
1468,2021-10-07 06:42:02,29500.0,900.0,8041800.0
1469,2021-10-07 06:41:58,29500.0,600.0,8040900.0
1470,2021-10-07 06:41:56,29500.0,200.0,8040300.0
1471,2021-10-07 06:41:55,29500.0,100.0,8040100.0
1472,2021-10-07 06:41:54,29500.0,400.0,8040000.0
1473,2021-10-07 06:41:54,29500.0,100.0,8039600.0
1474,2021-10-07 06:41:54,29500.0,200.0,8039500.0
1475,2021-10-07 06:41:54,29500.0,500.0,8039300.0
1476,2021-10-07 06:41:54,29500.0,1000.0,8038800.0
1477,2021-10-07 06:41:54,29500.0,1000.0,8037800.0
1478,2021-10-07 06:41:54,29500.0,3000.0,8036800.0
1479,2021-10-07 06:41:54,29500.0,300.0,8033800.0
1480,2021-10-07 06:41:54,29500.0,1000.0,8033500.0
1481,2021-10-07 06:41:54,29500.0,1500.0,8032500.0
1482,2021-10-07 06:41:51,29500.0,2400.0,8031000.0
1483,2021-10-07 06:41:47,29500.0,500.0,8028600.0
1484,2021-10-07 06:41:41,29450.0,700.0,8028100.0
1485,2021-10-07 06:41:39,29500.0,200.0,8027400.0
1486,2021-10-07 06:41:29,29500.0,300.0,8027200.0
1487,2021-10-07 06:41:15,29450.0,100.0,8026900.0
1488,2021-10-07 06:41:14,29500.0,100.0,8026800.0
1489,2021-10-07 06:41:14,29500.0,900.0,8026700.0
1490,2021-10-07 06:41:14,29500.0,100.0,8025800.0
1491,2021-10-07 06:41:14,29500.0,200.0,8025700.0
1492,2021-10-07 06:41:06,29500.0,900.0,8025500.0
1493,2021-10-07 06:41:03,29500.0,500.0,8024600.0
1494,2021-10-07 06:40:49,29500.0,100.0,8024100.0
1495,2021-10-07 06:40:46,29500.0,500.0,8024000.0
1496,2021-10-07 06:40:34,29500.0,200.0,8023500.0
1497,2021-10-07 06:40:17,29500.0,500.0,8023300.0
1498,2021-10-07 06:40:06,29500.0,300.0,8022800.0
1499,2021-10-07 06:40:06,29500.0,500.0,8022500.0
1500,2021-10-07 06:40:05,29450.0,2000.0,8022000.0
1501,2021-10-07 06:40:00,29500.0,1300.0,8020000.0
1502,2021-10-07 06:40:00,29500.0,100.0,8018700.0
1503,2021-10-07 06:40:00,29500.0,1700.0,8018600.0
1504,2021-10-07 06:39:44,29500.0,400.0,8016900.0
1505,2021-10-07 06:39:43,29500.0,900.0,8016500.0
1506,2021-10-07 06:39:41,29500.0,400.0,8015600.0
1507,2021-10-07 06:39:41,29500.0,600.0,8015200.0
1508,2021-10-07 06:39:41,29450.0,1000.0,8014600.0
1509,2021-10-07 06:39:36,29500.0,4400.0,8013600.0
1510,2021-10-07 06:39:36,29500.0,1000.0,8009200.0
1511,2021-10-07 06:39:36,29500.0,4600.0,8008200.0
1512,2021-10-07 06:39:31,29500.0,2900.0,8003600.0
1513,2021-10-07 06:39:30,29500.0,300.0,8000700.0
1514,2021-10-07 06:39:29,29500.0,400.0,8000400.0
1515,2021-10-07 06:39:28,29500.0,100.0,8000000.0
1516,2021-10-07 06:39:28,29500.0,500.0,7999900.0
1517,2021-10-07 06:39:25,29500.0,300.0,7999400.0
1518,2021-10-07 06:39:15,29500.0,200.0,7999100.0
1519,2021-10-07 06:39:10,29500.0,700.0,7998900.0
1520,2021-10-07 06:39:10,29500.0,300.0,7998200.0
1521,2021-10-07 06:38:58,29500.0,700.0,7997900.0
1522,2021-10-07 06:38:58,29500.0,500.0,7997200.0
1523,2021-10-07 06:38:58,29500.0,100.0,7996700.0
1524,2021-10-07 06:38:58,29500.0,1200.0,7996600.0
1525,2021-10-07 06:38:58,29500.0,500.0,7995400.0
1526,2021-10-07 06:38:48,29500.0,100.0,7994900.0
1527,2021-10-07 06:38:45,29500.0,100.0,7994800.0
1528,2021-10-07 06:38:38,29500.0,400.0,7994700.0
1529,2021-10-07 06:38:35,29450.0,2000.0,7994300.0
1530,2021-10-07 06:38:34,29500.0,400.0,7992300.0
1531,2021-10-07 06:38:33,29500.0,100.0,7991900.0
1532,2021-10-07 06:38:33,29500.0,500.0,7991800.0
1533,2021-10-07 06:38:33,29500.0,400.0,7991300.0
1534,2021-10-07 06:38:31,29500.0,100.0,7990900.0
1535,2021-10-07 06:38:31,29500.0,100.0,7990800.0
1536,2021-10-07 06:38:31,29500.0,800.0,7990700.0
1537,2021-10-07 06:38:30,29500.0,200.0,7989900.0
1538,2021-10-07 06:38:30,29500.0,1000.0,7989700.0
1539,2021-10-07 06:38:30,29500.0,100.0,7988700.0
1540,2021-10-07 06:38:30,29500.0,1000.0,7988600.0
1541,2021-10-07 06:38:30,29500.0,100.0,7987600.0
1542,2021-10-07 06:38:30,29500.0,200.0,7987500.0
1543,2021-10-07 06:38:30,29500.0,17400.0,7987300.0
1544,2021-10-07 06:38:26,29550.0,600.0,7969900.0
1545,2021-10-07 06:38:23,29500.0,200.0,7969300.0
1546,2021-10-07 06:38:23,29500.0,1000.0,7969100.0
1547,2021-10-07 06:38:22,29550.0,500.0,7968100.0
1548,2021-10-07 06:38:21,29500.0,7000.0,7967600.0
1549,2021-10-07 06:38:17,29500.0,100.0,7960600.0
1550,2021-10-07 06:38:17,29550.0,2500.0,7960500.0
1551,2021-10-07 06:38:17,29550.0,900.0,7958000.0
1552,2021-10-07 06:38:16,29500.0,1000.0,7957100.0
1553,2021-10-07 06:38:14,29500.0,2600.0,7956100.0
1554,2021-10-07 06:38:13,29500.0,1000.0,7953500.0
1555,2021-10-07 06:38:13,29500.0,1600.0,7952500.0
1556,2021-10-07 06:38:13,29500.0,2000.0,7950900.0
1557,2021-10-07 06:38:13,29500.0,1000.0,7948900.0
1558,2021-10-07 06:38:13,29500.0,200.0,7947900.0
1559,2021-10-07 06:38:13,29500.0,100.0,7947700.0
1560,2021-10-07 06:38:13,29500.0,300.0,7947600.0
1561,2021-10-07 06:38:13,29500.0,500.0,7947300.0
1562,2021-10-07 06:38:13,29500.0,500.0,7946800.0
1563,2021-10-07 06:38:13,29500.0,400.0,7946300.0
1564,2021-10-07 06:38:13,29500.0,500.0,7945900.0
1565,2021-10-07 06:38:13,29500.0,600.0,7945400.0
1566,2021-10-07 06:38:13,29500.0,1000.0,7944800.0
1567,2021-10-07 06:38:13,29500.0,100.0,7943800.0
1568,2021-10-07 06:38:13,29500.0,1200.0,7943700.0
1569,2021-10-07 06:38:08,29500.0,800.0,7942500.0
1570,2021-10-07 06:38:08,29500.0,1000.0,7941700.0
1571,2021-10-07 06:38:08,29500.0,1100.0,7940700.0
1572,2021-10-07 06:38:08,29500.0,200.0,7939600.0
1573,2021-10-07 06:38:08,29500.0,100.0,7939400.0
1574,2021-10-07 06:38:08,29500.0,1800.0,7939300.0
1575,2021-10-07 06:38:06,29500.0,3200.0,7937500.0
1576,2021-10-07 06:38:06,29500.0,500.0,7934300.0
1577,2021-10-07 06:38:06,29500.0,200.0,7933800.0
1578,2021-10-07 06:38:04,29500.0,2000.0,7933600.0
1579,2021-10-07 06:38:01,29500.0,200.0,7931600.0
1580,2021-10-07 06:37:58,29550.0,200.0,7931400.0
1581,2021-10-07 06:37:55,29500.0,100.0,7931200.0
1582,2021-10-07 06:37:50,29500.0,500.0,7931100.0
1583,2021-10-07 06:37:50,29500.0,100.0,7930600.0
1584,2021-10-07 06:37:50,29500.0,1400.0,7930500.0
1585,2021-10-07 06:37:50,29500.0,500.0,7929100.0
1586,2021-10-07 06:37:50,29500.0,300.0,7928600.0
1587,2021-10-07 06:37:50,29500.0,100.0,7928300.0
1588,2021-10-07 06:37:50,29500.0,1000.0,7928200.0
1589,2021-10-07 06:37:50,29500.0,1100.0,7927200.0
1590,2021-10-07 06:37:49,29500.0,500.0,7926100.0
1591,2021-10-07 06:37:47,29500.0,1600.0,7925600.0
1592,2021-10-07 06:37:47,29500.0,100.0,7924000.0
1593,2021-10-07 06:37:47,29500.0,1000.0,7923900.0
1594,2021-10-07 06:37:47,29500.0,3300.0,7922900.0
1595,2021-10-07 06:37:46,29550.0,300.0,7919600.0
1596,2021-10-07 06:37:43,29500.0,300.0,7919300.0
1597,2021-10-07 06:37:43,29500.0,1700.0,7919000.0
1598,2021-10-07 06:37:42,29500.0,900.0,7917300.0
1599,2021-10-07 06:37:42,29500.0,400.0,7916400.0
1600,2021-10-07 06:37:42,29500.0,100.0,7916000.0
1601,2021-10-07 06:37:42,29500.0,3000.0,7915900.0
1602,2021-10-07 06:37:42,29500.0,1000.0,7912900.0
1603,2021-10-07 06:37:42,29500.0,300.0,7911900.0
1604,2021-10-07 06:37:42,29500.0,300.0,7911600.0
1605,2021-10-07 06:37:42,29500.0,2600.0,7911300.0
1606,2021-10-07 06:37:42,29500.0,100.0,7908700.0
1607,2021-10-07 06:37:42,29500.0,1000.0,7908600.0
1608,2021-10-07 06:37:42,29500.0,100.0,7907600.0
1609,2021-10-07 06:37:42,29500.0,1000.0,7907500.0
1610,2021-10-07 06:37:42,29500.0,200.0,7906500.0
1611,2021-10-07 06:37:41,29500.0,100.0,7906300.0
1612,2021-10-07 06:37:35,29500.0,200.0,7906200.0
1613,2021-10-07 06:37:35,29500.0,1400.0,7906000.0
1614,2021-10-07 06:37:35,29500.0,200.0,7904600.0
1615,2021-10-07 06:37:35,29500.0,200.0,7904400.0
1616,2021-10-07 06:37:31,29500.0,5200.0,7904200.0
1617,2021-10-07 06:37:31,29500.0,1000.0,7899000.0
1618,2021-10-07 06:37:31,29500.0,500.0,7898000.0
1619,2021-10-07 06:37:31,29500.0,500.0,7897500.0
1620,2021-10-07 06:37:31,29500.0,5000.0,7897000.0
1621,2021-10-07 06:37:31,29500.0,900.0,7892000.0
1622,2021-10-07 06:37:31,29500.0,1000.0,7891100.0
1623,2021-10-07 06:37:31,29500.0,1000.0,7890100.0
1624,2021-10-07 06:37:31,29500.0,100.0,7889100.0
1625,2021-10-07 06:37:31,29500.0,200.0,7889000.0
1626,2021-10-07 06:37:31,29500.0,1000.0,7888800.0
1627,2021-10-07 06:37:31,29500.0,200.0,7887800.0
1628,2021-10-07 06:37:31,29500.0,500.0,7887600.0
1629,2021-10-07 06:37:31,29500.0,100.0,7887100.0
1630,2021-10-07 06:37:31,29500.0,100.0,7887000.0
1631,2021-10-07 06:37:31,29500.0,100.0,7886900.0
1632,2021-10-07 06:37:31,29500.0,100.0,7886800.0
1633,2021-10-07 06:37:31,29500.0,2000.0,7886700.0
1634,2021-10-07 06:37:31,29500.0,200.0,7884700.0
1635,2021-10-07 06:37:31,29500.0,200.0,7884500.0
1636,2021-10-07 06:37:31,29500.0,100.0,7884300.0
1637,2021-10-07 06:37:31,29500.0,100.0,7884200.0
1638,2021-10-07 06:37:31,29500.0,500.0,7884100.0
1639,2021-10-07 06:37:31,29500.0,4400.0,7883600.0
1640,2021-10-07 06:37:22,29500.0,500.0,7879200.0
1641,2021-10-07 06:37:14,29550.0,3600.0,7878700.0
1642,2021-10-07 06:37:14,29550.0,1400.0,7875100.0
1643,2021-10-07 06:37:10,29500.0,4000.0,7873700.0
1644,2021-10-07 06:37:10,29500.0,200.0,7869700.0
1645,2021-10-07 06:37:09,29500.0,4000.0,7869500.0
1646,2021-10-07 06:37:06,29500.0,300.0,7865500.0
1647,2021-10-07 06:37:03,29500.0,16600.0,7865200.0
1648,2021-10-07 06:37:03,29500.0,500.0,7848600.0
1649,2021-10-07 06:37:03,29500.0,100.0,7848100.0
1650,2021-10-07 06:37:03,29500.0,1000.0,7848000.0
1651,2021-10-07 06:37:03,29500.0,400.0,7847000.0
1652,2021-10-07 06:37:03,29500.0,200.0,7846600.0
1653,2021-10-07 06:37:03,29500.0,200.0,7846400.0
1654,2021-10-07 06:37:03,29500.0,100.0,7846200.0
1655,2021-10-07 06:37:03,29500.0,1300.0,7846100.0
1656,2021-10-07 06:37:03,29500.0,200.0,7844800.0
1657,2021-10-07 06:37:03,29500.0,5000.0,7844600.0
1658,2021-10-07 06:37:03,29500.0,5000.0,7839600.0
1659,2021-10-07 06:37:03,29500.0,300.0,7834600.0
1660,2021-10-07 06:37:03,29500.0,200.0,7834300.0
1661,2021-10-07 06:37:03,29500.0,500.0,7834100.0
1662,2021-10-07 06:37:03,29500.0,300.0,7833600.0
1663,2021-10-07 06:37:03,29500.0,200.0,7833300.0
1664,2021-10-07 06:37:03,29500.0,2000.0,7833100.0
1665,2021-10-07 06:37:03,29500.0,100.0,7831100.0
1666,2021-10-07 06:37:03,29500.0,500.0,7831000.0
1667,2021-10-07 06:37:03,29500.0,1300.0,7830500.0
1668,2021-10-07 06:37:03,29500.0,1000.0,7829200.0
1669,2021-10-07 06:37:03,29500.0,400.0,7828200.0
1670,2021-10-07 06:37:03,29500.0,600.0,7827800.0
1671,2021-10-07 06:37:03,29500.0,1000.0,7827200.0
1672,2021-10-07 06:37:03,29500.0,500.0,7826200.0
1673,2021-10-07 06:37:03,29500.0,100.0,7825700.0
1674,2021-10-07 06:37:03,29500.0,500.0,7825600.0
1675,2021-10-07 06:37:03,29500.0,1000.0,7825100.0
1676,2021-10-07 06:37:03,29500.0,500.0,7824100.0
1677,2021-10-07 06:37:03,29500.0,500.0,7823600.0
1678,2021-10-07 06:37:03,29500.0,2000.0,7823100.0
1679,2021-10-07 06:37:03,29500.0,2900.0,7821100.0
1680,2021-10-07 06:37:03,29500.0,500.0,7818200.0
1681,2021-10-07 06:37:03,29500.0,200.0,7817700.0
1682,2021-10-07 06:37:03,29500.0,20000.0,7817500.0
1683,2021-10-07 06:37:03,29500.0,300.0,7797500.0
1684,2021-10-07 06:37:03,29500.0,5000.0,7797200.0
1685,2021-10-07 06:37:03,29500.0,500.0,7792200.0
1686,2021-10-07 06:37:03,29500.0,500.0,7791700.0
1687,2021-10-07 06:37:03,29500.0,500.0,7791200.0
1688,2021-10-07 06:37:03,29500.0,300.0,7790700.0
1689,2021-10-07 06:37:03,29500.0,1200.0,7790400.0
1690,2021-10-07 06:37:03,29500.0,200.0,7789200.0
1691,2021-10-07 06:37:03,29500.0,500.0,7789000.0
1692,2021-10-07 06:37:03,29500.0,500.0,7788500.0
1693,2021-10-07 06:37:03,29500.0,200.0,7788000.0
1694,2021-10-07 06:37:03,29500.0,1000.0,7787800.0
1695,2021-10-07 06:37:03,29500.0,100.0,7786800.0
1696,2021-10-07 06:37:03,29500.0,500.0,7786700.0
1697,2021-10-07 06:37:03,29500.0,200.0,7786200.0
1698,2021-10-07 06:37:03,29500.0,200.0,7786000.0
1699,2021-10-07 06:37:03,29500.0,400.0,7785800.0
1700,2021-10-07 06:37:03,29500.0,500.0,7785400.0
1701,2021-10-07 06:37:03,29500.0,500.0,7784900.0
1702,2021-10-07 06:37:03,29500.0,200.0,7784400.0
1703,2021-10-07 06:37:03,29500.0,400.0,7784200.0
1704,2021-10-07 06:37:03,29500.0,1000.0,7783800.0
1705,2021-10-07 06:37:03,29500.0,200.0,7782800.0
1706,2021-10-07 06:37:03,29500.0,5000.0,7782600.0
1707,2021-10-07 06:37:03,29500.0,1000.0,7777600.0
1708,2021-10-07 06:37:03,29500.0,200.0,7776600.0
1709,2021-10-07 06:37:03,29500.0,100.0,7776400.0
1710,2021-10-07 06:37:03,29500.0,500.0,7776300.0
1711,2021-10-07 06:37:03,29500.0,1000.0,7775800.0
1712,2021-10-07 06:37:03,29500.0,100.0,7774800.0
1713,2021-10-07 06:37:03,29500.0,500.0,7774700.0
1714,2021-10-07 06:37:03,29500.0,100.0,7774200.0
1715,2021-10-07 06:37:03,29500.0,3500.0,7774100.0
1716,2021-10-07 06:37:03,29500.0,5000.0,7770600.0
1717,2021-10-07 06:37:03,29500.0,400.0,7765600.0
1718,2021-10-07 06:36:57,29500.0,1000.0,7765200.0
1719,2021-10-07 06:36:46,29550.0,600.0,7764200.0
1720,2021-10-07 06:36:46,29550.0,400.0,7763600.0
1721,2021-10-07 06:36:43,29550.0,100.0,7763200.0
1722,2021-10-07 06:36:35,29550.0,100.0,7763100.0
1723,2021-10-07 06:36:32,29550.0,200.0,7763000.0
1724,2021-10-07 06:36:32,29550.0,2000.0,7762800.0
1725,2021-10-07 06:36:32,29550.0,200.0,7760800.0
1726,2021-10-07 06:36:32,29550.0,500.0,7760600.0
1727,2021-10-07 06:36:32,29550.0,300.0,7760100.0
1728,2021-10-07 06:36:27,29550.0,200.0,7759800.0
1729,2021-10-07 06:36:27,29550.0,300.0,7759600.0
1730,2021-10-07 06:36:14,29550.0,300.0,7759300.0
1731,2021-10-07 06:36:11,29500.0,600.0,7759000.0
1732,2021-10-07 06:36:11,29500.0,1400.0,7758400.0
1733,2021-10-07 06:36:09,29550.0,800.0,7757000.0
1734,2021-10-07 06:36:08,29550.0,900.0,7756200.0
1735,2021-10-07 06:35:43,29600.0,100.0,7755300.0
1736,2021-10-07 06:35:43,29600.0,400.0,7755200.0
1737,2021-10-07 06:35:36,29550.0,1000.0,7754800.0
1738,2021-10-07 06:35:36,29550.0,300.0,7753800.0
1739,2021-10-07 06:35:36,29550.0,500.0,7753500.0
1740,2021-10-07 06:35:36,29550.0,500.0,7753000.0
1741,2021-10-07 06:35:36,29550.0,900.0,7752500.0
1742,2021-10-07 06:35:36,29550.0,400.0,7751600.0
1743,2021-10-07 06:35:36,29550.0,3100.0,7751200.0
1744,2021-10-07 06:35:29,29600.0,100.0,7748100.0
1745,2021-10-07 06:35:20,29600.0,100.0,7748000.0
1746,2021-10-07 06:35:13,29550.0,500.0,7747900.0
1747,2021-10-07 06:35:00,29600.0,2000.0,7747400.0
1748,2021-10-07 06:35:00,29600.0,100.0,7745400.0
1749,2021-10-07 06:35:00,29600.0,500.0,7745300.0
1750,2021-10-07 06:35:00,29600.0,200.0,7744800.0
1751,2021-10-07 06:34:59,29550.0,2500.0,7744600.0
1752,2021-10-07 06:34:51,29550.0,1000.0,7742100.0
1753,2021-10-07 06:34:49,29550.0,1000.0,7741100.0
1754,2021-10-07 06:34:47,29550.0,100.0,7740100.0
1755,2021-10-07 06:34:44,29550.0,1800.0,7740000.0
1756,2021-10-07 06:34:44,29550.0,3000.0,7738200.0
1757,2021-10-07 06:34:44,29550.0,100.0,7735200.0
1758,2021-10-07 06:34:44,29550.0,100.0,7735100.0
1759,2021-10-07 06:34:38,29550.0,3000.0,7735000.0
1760,2021-10-07 06:34:37,29550.0,16900.0,7732000.0
1761,2021-10-07 06:34:37,29550.0,300.0,7715100.0
1762,2021-10-07 06:34:37,29550.0,2800.0,7714800.0
1763,2021-10-07 06:34:35,29550.0,200.0,7712000.0
1764,2021-10-07 06:34:35,29550.0,800.0,7711800.0
1765,2021-10-07 06:34:29,29550.0,2000.0,7711000.0
1766,2021-10-07 06:34:16,29600.0,1500.0,7709000.0
1767,2021-10-07 06:34:07,29550.0,200.0,7707500.0
1768,2021-10-07 06:34:07,29550.0,20000.0,7707300.0
1769,2021-10-07 06:34:07,29550.0,1000.0,7687300.0
1770,2021-10-07 06:34:07,29550.0,800.0,7686300.0
1771,2021-10-07 06:34:06,29550.0,400.0,7685500.0
1772,2021-10-07 06:33:59,29600.0,1600.0,7685100.0
1773,2021-10-07 06:33:59,29600.0,1000.0,7683500.0
1774,2021-10-07 06:33:59,29600.0,100.0,7682500.0
1775,2021-10-07 06:33:59,29600.0,4900.0,7682400.0
1776,2021-10-07 06:33:59,29600.0,200.0,7677500.0
1777,2021-10-07 06:33:59,29600.0,2000.0,7677300.0
1778,2021-10-07 06:33:59,29600.0,100.0,7675300.0
1779,2021-10-07 06:33:59,29600.0,200.0,7675200.0
1780,2021-10-07 06:33:59,29600.0,6000.0,7675000.0
1781,2021-10-07 06:33:59,29600.0,1200.0,7669000.0
1782,2021-10-07 06:33:59,29600.0,300.0,7667800.0
1783,2021-10-07 06:33:59,29600.0,100.0,7667500.0
1784,2021-10-07 06:33:59,29600.0,2300.0,7667400.0
1785,2021-10-07 06:33:57,29550.0,200.0,7665100.0
1786,2021-10-07 06:33:50,29550.0,100.0,7664900.0
1787,2021-10-07 06:33:44,29600.0,7700.0,7664800.0
1788,2021-10-07 06:33:44,29600.0,100.0,7657100.0
1789,2021-10-07 06:33:41,29550.0,500.0,7657000.0
1790,2021-10-07 06:33:37,29550.0,1000.0,7656500.0
1791,2021-10-07 06:33:35,29550.0,100.0,7655500.0
1792,2021-10-07 06:33:33,29550.0,200.0,7655400.0
1793,2021-10-07 06:33:16,29550.0,1700.0,7655200.0
1794,2021-10-07 06:33:16,29550.0,1000.0,7653500.0
1795,2021-10-07 06:33:16,29550.0,2600.0,7652500.0
1796,2021-10-07 06:33:11,29550.0,17400.0,7649900.0
1797,2021-10-07 06:33:11,29550.0,200.0,7632500.0
1798,2021-10-07 06:33:11,29550.0,12400.0,7632300.0
1799,2021-10-07 06:33:05,29550.0,4000.0,7619900.0
1800,2021-10-07 06:33:04,29550.0,1000.0,7615900.0
1801,2021-10-07 06:33:01,29550.0,500.0,7614900.0
1802,2021-10-07 06:33:00,29600.0,400.0,7614400.0
1803,2021-10-07 06:33:00,29600.0,1500.0,7614000.0
1804,2021-10-07 06:33:00,29600.0,400.0,7612500.0
1805,2021-10-07 06:33:00,29600.0,100.0,7612100.0
1806,2021-10-07 06:33:00,29600.0,1600.0,7612000.0
1807,2021-10-07 06:32:50,29550.0,100.0,7610400.0
1808,2021-10-07 06:32:50,29550.0,2000.0,7610300.0
1809,2021-10-07 06:32:47,29500.0,600.0,7608300.0
1810,2021-10-07 06:32:47,29500.0,2000.0,7607700.0
1811,2021-10-07 06:32:47,29500.0,100.0,7605700.0
1812,2021-10-07 06:32:47,29500.0,200.0,7605600.0
1813,2021-10-07 06:32:47,29500.0,1000.0,7605400.0
1814,2021-10-07 06:32:47,29500.0,500.0,7604400.0
1815,2021-10-07 06:32:47,29500.0,1100.0,7603900.0
1816,2021-10-07 06:32:46,29550.0,1000.0,7602800.0
1817,2021-10-07 06:32:43,29550.0,100.0,7601800.0
1818,2021-10-07 06:32:37,29500.0,500.0,7601700.0
1819,2021-10-07 06:32:36,29600.0,7400.0,7601200.0
1820,2021-10-07 06:32:36,29600.0,2000.0,7593800.0
1821,2021-10-07 06:32:36,29600.0,600.0,7591800.0
1822,2021-10-07 06:32:36,29550.0,100.0,7591200.0
1823,2021-10-07 06:32:36,29550.0,500.0,7591100.0
1824,2021-10-07 06:32:36,29550.0,500.0,7590600.0
1825,2021-10-07 06:32:36,29550.0,200.0,7590100.0
1826,2021-10-07 06:32:36,29550.0,1000.0,7589900.0
1827,2021-10-07 06:32:36,29550.0,1000.0,7588900.0
1828,2021-10-07 06:32:36,29550.0,3000.0,7587900.0
1829,2021-10-07 06:32:36,29550.0,1700.0,7584900.0
1830,2021-10-07 06:32:20,29500.0,100.0,7583200.0
1831,2021-10-07 06:32:15,29550.0,1000.0,7583100.0
1832,2021-10-07 06:32:15,29550.0,100.0,7582100.0
1833,2021-10-07 06:32:15,29550.0,1000.0,7582000.0
1834,2021-10-07 06:32:15,29550.0,300.0,7581000.0
1835,2021-10-07 06:32:15,29550.0,1600.0,7580700.0
1836,2021-10-07 06:32:12,29500.0,2000.0,7579100.0
1837,2021-10-07 06:32:10,29550.0,1000.0,7577100.0
1838,2021-10-07 06:32:08,29500.0,5400.0,7576100.0
1839,2021-10-07 06:32:08,29500.0,500.0,7570700.0
1840,2021-10-07 06:32:08,29500.0,1000.0,7570200.0
1841,2021-10-07 06:32:08,29500.0,100.0,7569200.0
1842,2021-10-07 06:32:08,29500.0,100.0,7569100.0
1843,2021-10-07 06:32:08,29500.0,1000.0,7569000.0
1844,2021-10-07 06:32:08,29500.0,100.0,7568000.0
1845,2021-10-07 06:32:08,29500.0,300.0,7567900.0
1846,2021-10-07 06:32:08,29500.0,100.0,7567600.0
1847,2021-10-07 06:32:08,29500.0,100.0,7567500.0
1848,2021-10-07 06:32:08,29500.0,1000.0,7567400.0
1849,2021-10-07 06:32:08,29500.0,600.0,7566400.0
1850,2021-10-07 06:32:08,29500.0,200.0,7565800.0
1851,2021-10-07 06:32:08,29500.0,200.0,7565600.0
1852,2021-10-07 06:32:08,29500.0,200.0,7565400.0
1853,2021-10-07 06:32:08,29500.0,1500.0,7565200.0
1854,2021-10-07 06:32:08,29500.0,500.0,7563700.0
1855,2021-10-07 06:32:08,29500.0,500.0,7563200.0
1856,2021-10-07 06:32:08,29500.0,1000.0,7562700.0
1857,2021-10-07 06:32:08,29500.0,1000.0,7561700.0
1858,2021-10-07 06:32:08,29500.0,6500.0,7560700.0
1859,2021-10-07 06:31:58,29500.0,500.0,7554200.0
1860,2021-10-07 06:31:57,29550.0,200.0,7553700.0
1861,2021-10-07 06:31:52,29550.0,100.0,7553500.0
1862,2021-10-07 06:31:47,29550.0,2100.0,7553400.0
1863,2021-10-07 06:31:47,29550.0,3000.0,7551300.0
1864,2021-10-07 06:31:47,29550.0,4900.0,7548300.0
1865,2021-10-07 06:31:41,29500.0,10000.0,7543400.0
1866,2021-10-07 06:31:36,29550.0,1500.0,7533400.0
1867,2021-10-07 06:31:36,29550.0,100.0,7531900.0
1868,2021-10-07 06:31:36,29550.0,200.0,7531800.0
1869,2021-10-07 06:31:36,29550.0,200.0,7531600.0
1870,2021-10-07 06:31:20,29550.0,100.0,7531400.0
1871,2021-10-07 06:31:20,29550.0,100.0,7531300.0
1872,2021-10-07 06:31:09,29550.0,300.0,7531200.0
1873,2021-10-07 06:31:09,29550.0,700.0,7530900.0
1874,2021-10-07 06:30:56,29500.0,1400.0,7530200.0
1875,2021-10-07 06:30:55,29550.0,500.0,7528800.0
1876,2021-10-07 06:30:51,29550.0,800.0,7528300.0
1877,2021-10-07 06:30:51,29550.0,100.0,7527500.0
1878,2021-10-07 06:30:51,29550.0,100.0,7527400.0
1879,2021-10-07 06:30:45,29550.0,1000.0,7527300.0
1880,2021-10-07 06:30:43,29550.0,900.0,7526300.0
1881,2021-10-07 06:30:43,29550.0,100.0,7525400.0
1882,2021-10-07 06:30:34,29550.0,500.0,7525300.0
1883,2021-10-07 06:30:34,29550.0,600.0,7524800.0
1884,2021-10-07 06:30:22,29550.0,100.0,7524200.0
1885,2021-10-07 06:30:22,29550.0,400.0,7524100.0
1886,2021-10-07 06:30:22,29550.0,100.0,7523700.0
1887,2021-10-07 06:30:14,29500.0,1600.0,7523600.0
1888,2021-10-07 06:30:14,29550.0,300.0,7522000.0
1889,2021-10-07 06:30:09,29550.0,1000.0,7521700.0
1890,2021-10-07 06:30:09,29550.0,2000.0,7520700.0
1891,2021-10-07 06:30:09,29550.0,700.0,7518700.0
1892,2021-10-07 06:30:06,29500.0,7000.0,7518000.0
1893,2021-10-07 06:29:56,29500.0,500.0,7511000.0
1894,2021-10-07 06:29:53,29550.0,300.0,7510500.0
1895,2021-10-07 06:29:53,29550.0,700.0,7510200.0
1896,2021-10-07 06:29:49,29550.0,300.0,7509500.0
1897,2021-10-07 06:29:46,29550.0,300.0,7509200.0
1898,2021-10-07 06:29:46,29550.0,200.0,7508900.0
1899,2021-10-07 06:29:46,29550.0,1800.0,7508700.0
1900,2021-10-07 06:29:46,29500.0,1000.0,7506900.0
1901,2021-10-07 06:29:40,29550.0,100.0,7505900.0
1902,2021-10-07 06:29:26,29550.0,1000.0,7505800.0
1903,2021-10-07 06:29:25,29550.0,5000.0,7504800.0
1904,2021-10-07 06:29:23,29550.0,3000.0,7499800.0
1905,2021-10-07 06:29:21,29550.0,100.0,7496800.0
1906,2021-10-07 06:29:19,29550.0,1000.0,7496700.0
1907,2021-10-07 06:29:15,29550.0,1000.0,7495700.0
1908,2021-10-07 06:29:09,29550.0,1000.0,7494700.0
1909,2021-10-07 06:29:09,29550.0,500.0,7493700.0
1910,2021-10-07 06:29:09,29550.0,500.0,7493200.0
1911,2021-10-07 06:29:02,29550.0,2500.0,7492700.0
1912,2021-10-07 06:29:02,29550.0,2000.0,7490200.0
1913,2021-10-07 06:29:02,29550.0,300.0,7488200.0
1914,2021-10-07 06:29:02,29550.0,4200.0,7487900.0
1915,2021-10-07 06:29:02,29550.0,700.0,7483700.0
1916,2021-10-07 06:29:02,29550.0,200.0,7483000.0
1917,2021-10-07 06:29:02,29550.0,100.0,7482800.0
1918,2021-10-07 06:28:58,29600.0,100.0,7482700.0
1919,2021-10-07 06:28:55,29600.0,200.0,7482600.0
1920,2021-10-07 06:28:53,29600.0,100.0,7482400.0
1921,2021-10-07 06:28:47,29550.0,100.0,7482300.0
1922,2021-10-07 06:28:44,29550.0,400.0,7482200.0
1923,2021-10-07 06:28:43,29600.0,600.0,7481800.0
1924,2021-10-07 06:28:35,29600.0,200.0,7481200.0
1925,2021-10-07 06:28:35,29550.0,400.0,7481000.0
1926,2021-10-07 06:28:35,29550.0,200.0,7480600.0
1927,2021-10-07 06:28:35,29550.0,300.0,7480400.0
1928,2021-10-07 06:28:35,29550.0,1000.0,7480100.0
1929,2021-10-07 06:28:35,29550.0,200.0,7479100.0
1930,2021-10-07 06:28:35,29550.0,500.0,7478900.0
1931,2021-10-07 06:28:35,29550.0,10000.0,7478400.0
1932,2021-10-07 06:28:35,29550.0,8700.0,7468400.0
1933,2021-10-07 06:28:35,29550.0,100.0,7459700.0
1934,2021-10-07 06:28:35,29550.0,2000.0,7459600.0
1935,2021-10-07 06:28:35,29550.0,400.0,7457600.0
1936,2021-10-07 06:28:35,29550.0,1000.0,7457200.0
1937,2021-10-07 06:28:35,29550.0,1000.0,7456200.0
1938,2021-10-07 06:28:35,29550.0,1000.0,7455200.0
1939,2021-10-07 06:28:35,29550.0,1000.0,7454200.0
1940,2021-10-07 06:28:35,29550.0,500.0,7453200.0
1941,2021-10-07 06:28:35,29550.0,200.0,7452700.0
1942,2021-10-07 06:28:08,29550.0,600.0,7452500.0
1943,2021-10-07 06:28:08,29550.0,500.0,7451900.0
1944,2021-10-07 06:28:08,29550.0,500.0,7451400.0
1945,2021-10-07 06:28:08,29550.0,1000.0,7450900.0
1946,2021-10-07 06:28:08,29550.0,5000.0,7449900.0
1947,2021-10-07 06:28:08,29550.0,200.0,7444900.0
1948,2021-10-07 06:28:08,29550.0,2000.0,7444700.0
1949,2021-10-07 06:28:08,29550.0,500.0,7442700.0
1950,2021-10-07 06:28:08,29550.0,300.0,7442200.0
1951,2021-10-07 06:28:08,29600.0,300.0,7441900.0
1952,2021-10-07 06:28:08,29600.0,100.0,7441600.0
1953,2021-10-07 06:28:08,29600.0,200.0,7441500.0
1954,2021-10-07 06:28:08,29600.0,500.0,7441300.0
1955,2021-10-07 06:28:08,29600.0,100.0,7440800.0
1956,2021-10-07 06:28:06,29600.0,600.0,7440700.0
1957,2021-10-07 06:28:05,29600.0,300.0,7440100.0
1958,2021-10-07 06:28:05,29600.0,2500.0,7439800.0
1959,2021-10-07 06:28:05,29600.0,2400.0,7437300.0
1960,2021-10-07 06:28:05,29600.0,100.0,7434900.0
1961,2021-10-07 06:28:05,29600.0,2000.0,7434800.0
1962,2021-10-07 06:28:05,29600.0,100.0,7432800.0
1963,2021-10-07 06:28:05,29600.0,1200.0,7432700.0
1964,2021-10-07 06:27:57,29600.0,800.0,7431500.0
1965,2021-10-07 06:27:57,29600.0,300.0,7430700.0
1966,2021-10-07 06:27:55,29600.0,2700.0,7430400.0
1967,2021-10-07 06:27:55,29600.0,1000.0,7427700.0
1968,2021-10-07 06:27:55,29600.0,100.0,7426700.0
1969,2021-10-07 06:27:55,29600.0,100.0,7426600.0
1970,2021-10-07 06:27:55,29600.0,300.0,7426500.0
1971,2021-10-07 06:27:55,29600.0,100.0,7426200.0
1972,2021-10-07 06:27:55,29600.0,2000.0,7426100.0
1973,2021-10-07 06:27:55,29600.0,1000.0,7424100.0
1974,2021-10-07 06:27:55,29600.0,1000.0,7423100.0
1975,2021-10-07 06:27:55,29600.0,1000.0,7422100.0
1976,2021-10-07 06:27:55,29600.0,400.0,7421100.0
1977,2021-10-07 06:27:55,29600.0,200.0,7420700.0
1978,2021-10-07 06:27:55,29600.0,100.0,7420500.0
1979,2021-10-07 06:27:55,29600.0,300.0,7420400.0
1980,2021-10-07 06:27:55,29600.0,500.0,7420100.0
1981,2021-10-07 06:27:55,29600.0,900.0,7419600.0
1982,2021-10-07 06:27:55,29600.0,1000.0,7418700.0
1983,2021-10-07 06:27:55,29600.0,300.0,7417700.0
1984,2021-10-07 06:27:40,29600.0,700.0,7417400.0
1985,2021-10-07 06:27:40,29600.0,300.0,7416700.0
1986,2021-10-07 06:27:39,29600.0,1000.0,7416400.0
1987,2021-10-07 06:27:35,29600.0,5000.0,7415400.0
1988,2021-10-07 06:27:35,29650.0,100.0,7410400.0
1989,2021-10-07 06:27:27,29600.0,3700.0,7410300.0
1990,2021-10-07 06:27:27,29600.0,100.0,7406600.0
1991,2021-10-07 06:27:27,29600.0,200.0,7406500.0
1992,2021-10-07 06:27:27,29600.0,100.0,7406300.0
1993,2021-10-07 06:27:27,29600.0,100.0,7406200.0
1994,2021-10-07 06:27:27,29600.0,100.0,7406100.0
1995,2021-10-07 06:27:27,29600.0,400.0,7406000.0
1996,2021-10-07 06:27:27,29600.0,500.0,7405600.0
1997,2021-10-07 06:27:27,29600.0,2000.0,7405100.0
1998,2021-10-07 06:27:27,29600.0,2000.0,7403100.0
1999,2021-10-07 06:27:27,29600.0,500.0,7401100.0
2000,2021-10-07 06:27:27,29600.0,300.0,7400600.0
2001,2021-10-07 06:27:27,29600.0,1000.0,7400300.0
2002,2021-10-07 06:27:27,29600.0,9000.0,7399300.0
2003,2021-10-07 06:27:21,29600.0,100.0,7390300.0
2004,2021-10-07 06:27:15,29600.0,900.0,7390200.0
2005,2021-10-07 06:27:15,29600.0,200.0,7389300.0
2006,2021-10-07 06:27:15,29600.0,500.0,7389100.0
2007,2021-10-07 06:27:15,29600.0,3700.0,7388600.0
2008,2021-10-07 06:27:10,29600.0,6300.0,7384900.0
2009,2021-10-07 06:27:10,29600.0,1000.0,7378600.0
2010,2021-10-07 06:27:10,29600.0,2500.0,7377600.0
2011,2021-10-07 06:27:10,29600.0,40000.0,7375100.0
2012,2021-10-07 06:27:10,29600.0,200.0,7335100.0
2013,2021-10-07 06:27:07,29650.0,6000.0,7334900.0
2014,2021-10-07 06:27:04,29650.0,700.0,7328900.0
2015,2021-10-07 06:27:02,29600.0,1800.0,7328200.0
2016,2021-10-07 06:27:02,29600.0,500.0,7326400.0
2017,2021-10-07 06:27:02,29600.0,300.0,7325900.0
2018,2021-10-07 06:27:02,29600.0,1500.0,7325600.0
2019,2021-10-07 06:27:02,29600.0,300.0,7324100.0
2020,2021-10-07 06:27:02,29600.0,10000.0,7323800.0
2021,2021-10-07 06:27:02,29600.0,100.0,7313800.0
2022,2021-10-07 06:27:02,29600.0,3000.0,7313700.0
2023,2021-10-07 06:27:02,29600.0,2500.0,7310700.0
2024,2021-10-07 06:26:53,29600.0,500.0,7308200.0
2025,2021-10-07 06:26:53,29600.0,300.0,7307700.0
2026,2021-10-07 06:26:53,29600.0,200.0,7307400.0
2027,2021-10-07 06:26:40,29650.0,700.0,7307200.0
2028,2021-10-07 06:26:38,29650.0,300.0,7306500.0
2029,2021-10-07 06:26:32,29650.0,1000.0,7306200.0
2030,2021-10-07 06:26:31,29650.0,100.0,7305200.0
2031,2021-10-07 06:26:23,29650.0,3500.0,7305100.0
2032,2021-10-07 06:26:23,29650.0,1000.0,7301600.0
2033,2021-10-07 06:26:23,29650.0,1800.0,7300600.0
2034,2021-10-07 06:26:20,29650.0,100.0,7298800.0
2035,2021-10-07 06:26:18,29600.0,800.0,7298700.0
2036,2021-10-07 06:26:18,29600.0,3700.0,7297900.0
2037,2021-10-07 06:26:11,29650.0,100.0,7294200.0
2038,2021-10-07 06:26:10,29600.0,500.0,7294100.0
2039,2021-10-07 06:26:09,29650.0,200.0,7293600.0
2040,2021-10-07 06:25:56,29650.0,200.0,7293400.0
2041,2021-10-07 06:25:48,29650.0,1100.0,7293200.0
2042,2021-10-07 06:25:45,29650.0,800.0,7292100.0
2043,2021-10-07 06:25:44,29650.0,700.0,7291300.0
2044,2021-10-07 06:25:44,29650.0,100.0,7290600.0
2045,2021-10-07 06:25:44,29650.0,100.0,7290500.0
2046,2021-10-07 06:25:43,29650.0,1000.0,7290400.0
2047,2021-10-07 06:25:43,29650.0,100.0,7289400.0
