,Time,Price,Volume_per_trade,Volume
0,2021-10-22 07:45:01,31950.0,500.0,8439900.0
1,2021-10-22 07:45:01,31950.0,500.0,8439400.0
2,2021-10-22 07:45:01,31950.0,800.0,8438900.0
3,2021-10-22 07:45:01,31950.0,5000.0,8438100.0
4,2021-10-22 07:45:01,31950.0,100.0,8433100.0
5,2021-10-22 07:45:01,31950.0,5000.0,8433000.0
6,2021-10-22 07:45:01,31950.0,1800.0,8428000.0
7,2021-10-22 07:45:01,31950.0,100.0,8426200.0
8,2021-10-22 07:45:01,31950.0,300.0,8426100.0
9,2021-10-22 07:45:01,31950.0,300.0,8425800.0
10,2021-10-22 07:45:01,31950.0,200.0,8425500.0
11,2021-10-22 07:45:01,31950.0,300.0,8425300.0
12,2021-10-22 07:45:01,31950.0,500.0,8425000.0
13,2021-10-22 07:45:01,31950.0,100.0,8424500.0
14,2021-10-22 07:45:01,31950.0,1000.0,8424400.0
15,2021-10-22 07:45:01,31950.0,1000.0,8423400.0
16,2021-10-22 07:45:01,31950.0,200.0,8422400.0
17,2021-10-22 07:45:01,31950.0,400.0,8422200.0
18,2021-10-22 07:45:01,31950.0,800.0,8421800.0
19,2021-10-22 07:45:01,31950.0,200.0,8421000.0
20,2021-10-22 07:45:01,31950.0,1000.0,8420800.0
21,2021-10-22 07:45:01,31950.0,3000.0,8419800.0
22,2021-10-22 07:45:01,31950.0,300.0,8416800.0
23,2021-10-22 07:45:01,31950.0,1500.0,8416500.0
24,2021-10-22 07:45:01,31950.0,1500.0,8415000.0
25,2021-10-22 07:45:01,31950.0,5000.0,8413500.0
26,2021-10-22 07:45:01,31950.0,200.0,8408500.0
27,2021-10-22 07:45:01,31950.0,100.0,8408300.0
28,2021-10-22 07:45:01,31950.0,500.0,8408200.0
29,2021-10-22 07:45:01,31950.0,300.0,8407700.0
30,2021-10-22 07:45:01,31950.0,1400.0,8407400.0
31,2021-10-22 07:45:01,31950.0,200.0,8406000.0
32,2021-10-22 07:45:01,31950.0,500.0,8405800.0
33,2021-10-22 07:45:01,31950.0,200.0,8405300.0
34,2021-10-22 07:45:01,31950.0,100.0,8405100.0
35,2021-10-22 07:45:01,31950.0,1000.0,8405000.0
36,2021-10-22 07:45:01,31950.0,200.0,8404000.0
37,2021-10-22 07:45:01,31950.0,1500.0,8403800.0
38,2021-10-22 07:45:01,31950.0,6200.0,8402300.0
39,2021-10-22 07:45:01,31950.0,2100.0,8396100.0
40,2021-10-22 07:45:01,31950.0,1100.0,8394000.0
41,2021-10-22 07:45:01,31950.0,300.0,8392900.0
42,2021-10-22 07:45:01,31950.0,500.0,8392600.0
43,2021-10-22 07:45:01,31950.0,500.0,8392100.0
44,2021-10-22 07:45:01,31950.0,200.0,8391600.0
45,2021-10-22 07:45:01,31950.0,300.0,8391400.0
46,2021-10-22 07:45:01,31950.0,1000.0,8391100.0
47,2021-10-22 07:45:01,31950.0,100.0,8390100.0
48,2021-10-22 07:45:01,31950.0,2000.0,8390000.0
49,2021-10-22 07:45:01,31950.0,500.0,8388000.0
50,2021-10-22 07:45:01,31950.0,100.0,8387500.0
51,2021-10-22 07:45:01,31950.0,100.0,8387400.0
52,2021-10-22 07:45:01,31950.0,1000.0,8387300.0
53,2021-10-22 07:45:01,31950.0,100.0,8386300.0
54,2021-10-22 07:45:01,31950.0,800.0,8386200.0
55,2021-10-22 07:45:01,31950.0,1000.0,8385400.0
56,2021-10-22 07:45:01,31950.0,1000.0,8384400.0
57,2021-10-22 07:45:01,31950.0,200.0,8383400.0
58,2021-10-22 07:45:01,31950.0,500.0,8383200.0
59,2021-10-22 07:45:01,31950.0,200.0,8382700.0
60,2021-10-22 07:45:01,31950.0,300.0,8382500.0
61,2021-10-22 07:45:01,31950.0,400.0,8382200.0
62,2021-10-22 07:45:01,31950.0,500.0,8381800.0
63,2021-10-22 07:45:01,31950.0,100.0,8381300.0
64,2021-10-22 07:45:01,31950.0,200.0,8381200.0
65,2021-10-22 07:45:01,31950.0,500.0,8381000.0
66,2021-10-22 07:45:01,31950.0,1000.0,8380500.0
67,2021-10-22 07:45:01,31950.0,200.0,8379500.0
68,2021-10-22 07:45:01,31950.0,100.0,8379300.0
69,2021-10-22 07:45:01,31950.0,800.0,8379200.0
70,2021-10-22 07:45:01,31950.0,3000.0,8378400.0
71,2021-10-22 07:45:01,31950.0,6500.0,8375400.0
72,2021-10-22 07:45:01,31950.0,500.0,8368900.0
73,2021-10-22 07:45:01,31950.0,1000.0,8368400.0
74,2021-10-22 07:45:01,31950.0,3000.0,8367400.0
75,2021-10-22 07:45:01,31950.0,300.0,8364400.0
76,2021-10-22 07:45:01,31950.0,200.0,8364100.0
77,2021-10-22 07:45:01,31950.0,100.0,8363900.0
78,2021-10-22 07:45:01,31950.0,100.0,8363800.0
79,2021-10-22 07:45:01,31950.0,100.0,8363700.0
80,2021-10-22 07:45:01,31950.0,100.0,8363600.0
81,2021-10-22 07:45:01,31950.0,200.0,8363500.0
82,2021-10-22 07:45:01,31950.0,100.0,8363300.0
83,2021-10-22 07:45:01,31950.0,100.0,8363200.0
84,2021-10-22 07:45:01,31950.0,1000.0,8363100.0
85,2021-10-22 07:45:01,31950.0,100.0,8362100.0
86,2021-10-22 07:45:01,31950.0,900.0,8362000.0
87,2021-10-22 07:45:01,31950.0,100.0,8361100.0
88,2021-10-22 07:45:01,31950.0,800.0,8361000.0
89,2021-10-22 07:45:01,31950.0,200.0,8360200.0
90,2021-10-22 07:45:01,31950.0,900.0,8360000.0
91,2021-10-22 07:45:00,31950.0,200.0,8359100.0
92,2021-10-22 07:45:00,31950.0,700.0,8358900.0
93,2021-10-22 07:45:00,31950.0,700.0,8358200.0
94,2021-10-22 07:45:00,31950.0,5000.0,8357500.0
95,2021-10-22 07:45:00,31950.0,1000.0,8352500.0
96,2021-10-22 07:45:00,31950.0,300.0,8351500.0
97,2021-10-22 07:45:00,31950.0,500.0,8351200.0
98,2021-10-22 07:45:00,31950.0,400.0,8350700.0
99,2021-10-22 07:45:00,31950.0,400.0,8350300.0
100,2021-10-22 07:45:00,31950.0,500.0,8349900.0
101,2021-10-22 07:45:00,31950.0,100.0,8349400.0
102,2021-10-22 07:45:00,31950.0,300.0,8349300.0
103,2021-10-22 07:45:00,31950.0,1500.0,8349000.0
104,2021-10-22 07:45:00,31950.0,2000.0,8347500.0
105,2021-10-22 07:45:00,31950.0,300.0,8345500.0
106,2021-10-22 07:45:00,31950.0,400.0,8345200.0
107,2021-10-22 07:45:00,31950.0,100.0,8344800.0
108,2021-10-22 07:45:00,31950.0,500.0,8344700.0
109,2021-10-22 07:45:00,31950.0,2100.0,8344200.0
110,2021-10-22 07:45:00,31950.0,1000.0,8342100.0
111,2021-10-22 07:45:00,31950.0,1400.0,8341100.0
112,2021-10-22 07:45:00,31950.0,100.0,8339700.0
113,2021-10-22 07:45:00,31950.0,100.0,8339600.0
114,2021-10-22 07:45:00,31950.0,100.0,8339500.0
115,2021-10-22 07:45:00,31950.0,300.0,8339400.0
116,2021-10-22 07:45:00,31950.0,300.0,8339100.0
117,2021-10-22 07:45:00,31950.0,200.0,8338800.0
118,2021-10-22 07:45:00,31950.0,1000.0,8338600.0
119,2021-10-22 07:45:00,31950.0,200.0,8337600.0
120,2021-10-22 07:45:00,31950.0,300.0,8337400.0
121,2021-10-22 07:45:00,31950.0,200.0,8337100.0
122,2021-10-22 07:29:59,31950.0,100.0,8336900.0
123,2021-10-22 07:29:57,31950.0,300.0,8336800.0
124,2021-10-22 07:29:57,31950.0,100.0,8336500.0
125,2021-10-22 07:29:56,31950.0,100.0,8336400.0
126,2021-10-22 07:29:56,31950.0,1000.0,8336300.0
127,2021-10-22 07:29:51,32000.0,1700.0,8335300.0
128,2021-10-22 07:29:51,31950.0,800.0,8333600.0
129,2021-10-22 07:29:48,31950.0,200.0,8332800.0
130,2021-10-22 07:29:47,31950.0,100.0,8332600.0
131,2021-10-22 07:29:47,31950.0,300.0,8332500.0
132,2021-10-22 07:29:47,31950.0,1000.0,8332200.0
133,2021-10-22 07:29:47,31950.0,900.0,8331200.0
134,2021-10-22 07:29:42,31950.0,500.0,8330300.0
135,2021-10-22 07:29:39,31950.0,600.0,8329800.0
136,2021-10-22 07:29:39,31950.0,400.0,8329200.0
137,2021-10-22 07:29:36,31950.0,4600.0,8328800.0
138,2021-10-22 07:29:36,31950.0,2000.0,8324200.0
139,2021-10-22 07:29:36,31950.0,500.0,8322200.0
140,2021-10-22 07:29:36,31950.0,500.0,8321700.0
141,2021-10-22 07:29:36,31950.0,400.0,8321200.0
142,2021-10-22 07:29:36,31950.0,400.0,8320800.0
143,2021-10-22 07:29:36,31950.0,100.0,8320400.0
144,2021-10-22 07:29:36,31950.0,500.0,8320300.0
145,2021-10-22 07:29:36,31950.0,100.0,8319800.0
146,2021-10-22 07:29:36,31950.0,16800.0,8319700.0
147,2021-10-22 07:29:36,31950.0,2000.0,8302900.0
148,2021-10-22 07:29:36,31950.0,300.0,8300900.0
149,2021-10-22 07:29:36,31950.0,1800.0,8300600.0
150,2021-10-22 07:29:35,32000.0,300.0,8298800.0
151,2021-10-22 07:29:35,32000.0,1000.0,8298500.0
152,2021-10-22 07:29:35,32000.0,1400.0,8297500.0
153,2021-10-22 07:29:23,32000.0,1100.0,8296100.0
154,2021-10-22 07:29:19,32000.0,300.0,8295000.0
155,2021-10-22 07:29:04,31950.0,2400.0,8294700.0
156,2021-10-22 07:29:03,31950.0,500.0,8292300.0
157,2021-10-22 07:28:56,31950.0,300.0,8291800.0
158,2021-10-22 07:28:56,31950.0,1000.0,8291500.0
159,2021-10-22 07:28:56,31950.0,500.0,8290500.0
160,2021-10-22 07:28:56,31950.0,100.0,8290000.0
161,2021-10-22 07:28:56,31950.0,100.0,8289900.0
162,2021-10-22 07:28:56,31950.0,200.0,8289800.0
163,2021-10-22 07:28:56,31950.0,1000.0,8289600.0
164,2021-10-22 07:28:56,31950.0,3000.0,8288600.0
165,2021-10-22 07:28:56,31950.0,400.0,8285600.0
166,2021-10-22 07:28:56,31950.0,1000.0,8285200.0
167,2021-10-22 07:28:56,31950.0,1000.0,8284200.0
168,2021-10-22 07:28:56,31950.0,800.0,8283200.0
169,2021-10-22 07:28:56,31950.0,100.0,8282400.0
170,2021-10-22 07:28:56,31950.0,300.0,8282300.0
171,2021-10-22 07:28:56,31950.0,3700.0,8282000.0
172,2021-10-22 07:28:56,31950.0,2600.0,8278300.0
173,2021-10-22 07:28:56,31950.0,2000.0,8275700.0
174,2021-10-22 07:28:56,31950.0,200.0,8273700.0
175,2021-10-22 07:28:56,31950.0,100.0,8273500.0
176,2021-10-22 07:28:56,31950.0,1000.0,8273400.0
177,2021-10-22 07:28:56,31950.0,500.0,8272400.0
178,2021-10-22 07:28:56,31950.0,100.0,8271900.0
179,2021-10-22 07:28:53,32000.0,2200.0,8271800.0
180,2021-10-22 07:28:53,32000.0,800.0,8269600.0
181,2021-10-22 07:28:52,32000.0,500.0,8268800.0
182,2021-10-22 07:28:46,32000.0,1700.0,8268300.0
183,2021-10-22 07:28:46,32000.0,400.0,8266600.0
184,2021-10-22 07:28:46,32000.0,100.0,8266200.0
185,2021-10-22 07:28:36,31950.0,200.0,8266100.0
186,2021-10-22 07:28:36,31950.0,800.0,8265900.0
187,2021-10-22 07:28:35,32000.0,700.0,8265100.0
188,2021-10-22 07:28:35,32000.0,200.0,8264400.0
189,2021-10-22 07:28:35,32000.0,300.0,8264200.0
190,2021-10-22 07:28:35,32000.0,500.0,8263900.0
191,2021-10-22 07:28:35,32000.0,3000.0,8263400.0
192,2021-10-22 07:28:35,32000.0,1000.0,8260400.0
193,2021-10-22 07:28:35,32000.0,3600.0,8259400.0
194,2021-10-22 07:28:30,32000.0,100.0,8255800.0
195,2021-10-22 07:28:20,32000.0,100.0,8255700.0
196,2021-10-22 07:28:20,32000.0,2200.0,8255600.0
197,2021-10-22 07:28:20,32000.0,2000.0,8253400.0
198,2021-10-22 07:28:20,32000.0,100.0,8251400.0
199,2021-10-22 07:28:20,32000.0,500.0,8251300.0
200,2021-10-22 07:28:20,32000.0,200.0,8250800.0
201,2021-10-22 07:28:17,31950.0,200.0,8250600.0
202,2021-10-22 07:28:17,31950.0,100.0,8250400.0
203,2021-10-22 07:28:17,31950.0,300.0,8250300.0
204,2021-10-22 07:28:17,31950.0,300.0,8250000.0
205,2021-10-22 07:28:17,31950.0,100.0,8249700.0
206,2021-10-22 07:28:17,31950.0,6000.0,8249600.0
207,2021-10-22 07:28:17,31950.0,3000.0,8243600.0
208,2021-10-22 07:28:03,31950.0,1000.0,8240600.0
209,2021-10-22 07:28:03,31950.0,100.0,8239600.0
210,2021-10-22 07:27:56,31950.0,1000.0,8239500.0
211,2021-10-22 07:27:55,31950.0,1500.0,8238500.0
212,2021-10-22 07:27:43,31950.0,1000.0,8237000.0
213,2021-10-22 07:27:43,31950.0,1200.0,8236000.0
214,2021-10-22 07:27:27,31950.0,100.0,8234800.0
215,2021-10-22 07:27:26,31950.0,1500.0,8234700.0
216,2021-10-22 07:27:25,31950.0,1000.0,8233200.0
217,2021-10-22 07:27:20,31950.0,900.0,8232200.0
218,2021-10-22 07:27:17,31950.0,500.0,8231300.0
219,2021-10-22 07:27:15,31950.0,100.0,8230800.0
220,2021-10-22 07:27:07,31950.0,7100.0,8230700.0
221,2021-10-22 07:27:07,31950.0,100.0,8223600.0
222,2021-10-22 07:27:07,31950.0,300.0,8223500.0
223,2021-10-22 07:27:07,31950.0,500.0,8223200.0
224,2021-10-22 07:27:07,31950.0,1400.0,8222700.0
225,2021-10-22 07:27:05,31950.0,100.0,8221300.0
226,2021-10-22 07:27:05,31950.0,300.0,8221200.0
227,2021-10-22 07:27:05,31950.0,800.0,8220900.0
228,2021-10-22 07:27:02,31950.0,300.0,8220100.0
229,2021-10-22 07:27:01,31950.0,2000.0,8219800.0
230,2021-10-22 07:27:01,31950.0,200.0,8217800.0
231,2021-10-22 07:27:01,31950.0,500.0,8217600.0
232,2021-10-22 07:27:01,31950.0,300.0,8217100.0
233,2021-10-22 07:26:49,31950.0,500.0,8216800.0
234,2021-10-22 07:26:45,31950.0,200.0,8216300.0
235,2021-10-22 07:26:39,31950.0,100.0,8216100.0
236,2021-10-22 07:26:28,31950.0,900.0,8216000.0
237,2021-10-22 07:26:24,31950.0,100.0,8215100.0
238,2021-10-22 07:26:22,31950.0,1200.0,8215000.0
239,2021-10-22 07:26:15,31950.0,800.0,8213800.0
240,2021-10-22 07:26:13,31950.0,300.0,8213000.0
241,2021-10-22 07:26:11,31950.0,600.0,8212700.0
242,2021-10-22 07:26:02,31950.0,100.0,8212100.0
243,2021-10-22 07:25:57,31950.0,1000.0,8212000.0
244,2021-10-22 07:25:45,31950.0,3500.0,8211000.0
245,2021-10-22 07:25:42,31950.0,400.0,8207500.0
246,2021-10-22 07:25:42,31950.0,100.0,8207100.0
247,2021-10-22 07:25:42,31950.0,1000.0,8207000.0
248,2021-10-22 07:25:42,31950.0,200.0,8206000.0
249,2021-10-22 07:25:42,31950.0,500.0,8205800.0
250,2021-10-22 07:25:42,31950.0,500.0,8205300.0
251,2021-10-22 07:25:42,31950.0,5000.0,8204800.0
252,2021-10-22 07:25:42,31950.0,100.0,8199800.0
253,2021-10-22 07:25:42,31950.0,100.0,8199700.0
254,2021-10-22 07:25:42,31950.0,600.0,8199600.0
255,2021-10-22 07:25:42,31950.0,500.0,8199000.0
256,2021-10-22 07:25:42,31950.0,6000.0,8198500.0
257,2021-10-22 07:25:42,31950.0,1000.0,8192500.0
258,2021-10-22 07:25:42,31950.0,1000.0,8191500.0
259,2021-10-22 07:25:42,31950.0,500.0,8190500.0
260,2021-10-22 07:25:37,31950.0,900.0,8190000.0
261,2021-10-22 07:25:36,31950.0,100.0,8189100.0
262,2021-10-22 07:25:34,31950.0,500.0,8189000.0
263,2021-10-22 07:25:34,31950.0,200.0,8188500.0
264,2021-10-22 07:25:34,31950.0,100.0,8188300.0
265,2021-10-22 07:25:34,31950.0,1700.0,8188200.0
266,2021-10-22 07:25:34,31950.0,100.0,8186500.0
267,2021-10-22 07:25:34,31950.0,100.0,8186400.0
268,2021-10-22 07:25:34,31950.0,1000.0,8186300.0
269,2021-10-22 07:25:34,31950.0,100.0,8185300.0
270,2021-10-22 07:25:34,31950.0,200.0,8185200.0
271,2021-10-22 07:25:34,31950.0,1000.0,8185000.0
272,2021-10-22 07:25:33,31950.0,100.0,8184000.0
273,2021-10-22 07:25:28,31950.0,1000.0,8183900.0
274,2021-10-22 07:25:13,31950.0,300.0,8182900.0
275,2021-10-22 07:25:03,31950.0,100.0,8182600.0
276,2021-10-22 07:25:01,31950.0,1300.0,8182500.0
277,2021-10-22 07:25:01,31950.0,1700.0,8181200.0
278,2021-10-22 07:25:00,31950.0,300.0,8179500.0
279,2021-10-22 07:24:56,31950.0,1000.0,8179200.0
280,2021-10-22 07:24:54,31950.0,200.0,8178200.0
281,2021-10-22 07:24:54,31950.0,300.0,8178000.0
282,2021-10-22 07:24:51,31950.0,500.0,8177700.0
283,2021-10-22 07:24:47,31950.0,2000.0,8177200.0
284,2021-10-22 07:24:30,31950.0,5000.0,8175200.0
285,2021-10-22 07:24:11,31950.0,2500.0,8170200.0
286,2021-10-22 07:24:11,31950.0,400.0,8167700.0
287,2021-10-22 07:24:11,31950.0,200.0,8167300.0
288,2021-10-22 07:24:11,31950.0,100.0,8167100.0
289,2021-10-22 07:24:11,31950.0,200.0,8167000.0
290,2021-10-22 07:24:11,31950.0,700.0,8166800.0
291,2021-10-22 07:24:11,31950.0,900.0,8166100.0
292,2021-10-22 07:23:50,31950.0,100.0,8165200.0
293,2021-10-22 07:23:35,32000.0,100.0,8165100.0
294,2021-10-22 07:23:35,32000.0,900.0,8165000.0
295,2021-10-22 07:23:32,31950.0,500.0,8164100.0
296,2021-10-22 07:23:23,31950.0,500.0,8163600.0
297,2021-10-22 07:23:19,31950.0,1000.0,8163100.0
298,2021-10-22 07:23:19,31950.0,1000.0,8162100.0
299,2021-10-22 07:23:17,31950.0,200.0,8161100.0
300,2021-10-22 07:23:15,31950.0,1000.0,8160900.0
301,2021-10-22 07:23:09,31950.0,100.0,8159900.0
302,2021-10-22 07:23:09,31950.0,2700.0,8159800.0
303,2021-10-22 07:23:09,31950.0,2300.0,8157100.0
304,2021-10-22 07:23:05,31950.0,700.0,8154800.0
305,2021-10-22 07:23:05,31950.0,200.0,8154100.0
306,2021-10-22 07:23:05,31950.0,200.0,8153900.0
307,2021-10-22 07:23:05,31950.0,200.0,8153700.0
308,2021-10-22 07:23:05,31950.0,500.0,8153500.0
309,2021-10-22 07:23:05,31950.0,3000.0,8153000.0
310,2021-10-22 07:23:05,31950.0,200.0,8150000.0
311,2021-10-22 07:23:05,31950.0,5000.0,8149800.0
312,2021-10-22 07:23:05,31950.0,1000.0,8144800.0
313,2021-10-22 07:23:05,31950.0,1500.0,8143800.0
314,2021-10-22 07:23:05,31950.0,100.0,8142300.0
315,2021-10-22 07:23:05,31950.0,100.0,8142200.0
316,2021-10-22 07:23:05,31950.0,100.0,8142100.0
317,2021-10-22 07:23:05,31950.0,7200.0,8142000.0
318,2021-10-22 07:23:04,31950.0,500.0,8134800.0
319,2021-10-22 07:23:04,32000.0,100.0,8134300.0
320,2021-10-22 07:23:04,32000.0,1000.0,8134200.0
321,2021-10-22 07:23:04,32000.0,100.0,8133200.0
322,2021-10-22 07:23:04,32000.0,400.0,8133100.0
323,2021-10-22 07:23:03,31950.0,500.0,8132700.0
324,2021-10-22 07:23:01,31950.0,800.0,8132200.0
325,2021-10-22 07:23:01,31950.0,200.0,8131400.0
326,2021-10-22 07:22:58,31950.0,100.0,8131200.0
327,2021-10-22 07:22:58,31950.0,400.0,8131100.0
328,2021-10-22 07:22:58,31950.0,500.0,8130700.0
329,2021-10-22 07:22:49,31950.0,400.0,8130200.0
330,2021-10-22 07:22:46,31950.0,300.0,8129800.0
331,2021-10-22 07:22:40,31950.0,500.0,8129500.0
332,2021-10-22 07:22:33,31950.0,400.0,8129000.0
333,2021-10-22 07:22:29,32000.0,100.0,8128600.0
334,2021-10-22 07:22:21,32000.0,300.0,8128500.0
335,2021-10-22 07:22:18,32000.0,100.0,8128200.0
336,2021-10-22 07:22:16,31950.0,500.0,8128100.0
337,2021-10-22 07:22:05,31950.0,100.0,8127600.0
338,2021-10-22 07:21:55,32000.0,100.0,8127500.0
339,2021-10-22 07:21:55,32000.0,500.0,8127400.0
340,2021-10-22 07:21:54,31950.0,1000.0,8126900.0
341,2021-10-22 07:21:48,31950.0,2000.0,8125900.0
342,2021-10-22 07:21:37,31950.0,1000.0,8123900.0
343,2021-10-22 07:21:33,31950.0,1700.0,8122900.0
344,2021-10-22 07:21:32,31950.0,100.0,8121200.0
345,2021-10-22 07:21:29,31950.0,100.0,8121100.0
346,2021-10-22 07:21:21,31950.0,10000.0,8121000.0
347,2021-10-22 07:21:15,31950.0,1000.0,8111000.0
348,2021-10-22 07:21:15,31950.0,1000.0,8110000.0
349,2021-10-22 07:21:15,31950.0,500.0,8109000.0
350,2021-10-22 07:21:15,31950.0,200.0,8108500.0
351,2021-10-22 07:21:15,31950.0,500.0,8108300.0
352,2021-10-22 07:21:15,31950.0,1000.0,8107800.0
353,2021-10-22 07:21:15,31950.0,300.0,8106800.0
354,2021-10-22 07:21:15,31950.0,5000.0,8106500.0
355,2021-10-22 07:21:15,31950.0,100.0,8101500.0
356,2021-10-22 07:21:15,31950.0,9500.0,8101400.0
357,2021-10-22 07:21:13,31950.0,500.0,8091900.0
358,2021-10-22 07:21:09,31950.0,100.0,8091400.0
359,2021-10-22 07:21:06,31950.0,900.0,8091300.0
360,2021-10-22 07:21:06,31950.0,4100.0,8090400.0
361,2021-10-22 07:21:06,31950.0,1000.0,8086300.0
362,2021-10-22 07:21:05,31950.0,100.0,8085300.0
363,2021-10-22 07:20:57,31950.0,800.0,8085200.0
364,2021-10-22 07:20:56,31950.0,600.0,8084400.0
365,2021-10-22 07:20:51,31950.0,100.0,8083800.0
366,2021-10-22 07:20:47,31950.0,2500.0,8083700.0
367,2021-10-22 07:20:46,31950.0,2000.0,8081200.0
368,2021-10-22 07:20:37,31950.0,7000.0,8079200.0
369,2021-10-22 07:20:34,31900.0,300.0,8072200.0
370,2021-10-22 07:20:31,31950.0,1000.0,8071900.0
371,2021-10-22 07:20:30,31900.0,500.0,8070900.0
372,2021-10-22 07:20:20,31950.0,800.0,8070400.0
373,2021-10-22 07:20:20,31950.0,200.0,8069600.0
374,2021-10-22 07:20:20,31950.0,500.0,8069400.0
375,2021-10-22 07:20:20,31950.0,100.0,8068900.0
376,2021-10-22 07:20:20,31950.0,800.0,8068800.0
377,2021-10-22 07:20:20,31950.0,20000.0,8068000.0
378,2021-10-22 07:20:20,31950.0,100.0,8048000.0
379,2021-10-22 07:20:20,31950.0,100.0,8047900.0
380,2021-10-22 07:20:20,31950.0,200.0,8047800.0
381,2021-10-22 07:20:11,31900.0,300.0,8047600.0
382,2021-10-22 07:20:03,31950.0,1300.0,8047300.0
383,2021-10-22 07:20:03,31950.0,1000.0,8046000.0
384,2021-10-22 07:20:03,31950.0,100.0,8045000.0
385,2021-10-22 07:20:03,31950.0,200.0,8044900.0
386,2021-10-22 07:20:03,31950.0,1000.0,8044700.0
387,2021-10-22 07:20:03,31950.0,100.0,8043700.0
388,2021-10-22 07:20:03,31950.0,200.0,8043600.0
389,2021-10-22 07:20:03,31950.0,200.0,8043400.0
390,2021-10-22 07:20:03,31950.0,100.0,8043200.0
391,2021-10-22 07:20:03,31950.0,800.0,8043100.0
392,2021-10-22 07:19:55,31900.0,2000.0,8042300.0
393,2021-10-22 07:19:53,31900.0,100.0,8040300.0
394,2021-10-22 07:19:35,31900.0,100.0,8040200.0
395,2021-10-22 07:19:35,31900.0,100.0,8040100.0
396,2021-10-22 07:19:35,31900.0,400.0,8040000.0
397,2021-10-22 07:19:30,31900.0,200.0,8039600.0
398,2021-10-22 07:19:28,31900.0,400.0,8039400.0
399,2021-10-22 07:19:28,31900.0,100.0,8039000.0
400,2021-10-22 07:19:28,31900.0,200.0,8038900.0
401,2021-10-22 07:19:28,31900.0,200.0,8038700.0
402,2021-10-22 07:19:18,31900.0,200.0,8038500.0
403,2021-10-22 07:19:18,31900.0,2000.0,8038300.0
404,2021-10-22 07:19:18,31900.0,100.0,8036300.0
405,2021-10-22 07:19:18,31900.0,100.0,8036200.0
406,2021-10-22 07:19:18,31900.0,2600.0,8036100.0
407,2021-10-22 07:19:12,31900.0,400.0,8033500.0
408,2021-10-22 07:19:12,31900.0,400.0,8033100.0
409,2021-10-22 07:19:12,31900.0,400.0,8032700.0
410,2021-10-22 07:19:12,31900.0,300.0,8032300.0
411,2021-10-22 07:19:12,31900.0,100.0,8032000.0
412,2021-10-22 07:19:12,31900.0,500.0,8031900.0
413,2021-10-22 07:19:12,31900.0,100.0,8031400.0
414,2021-10-22 07:19:12,31900.0,100.0,8031300.0
415,2021-10-22 07:19:12,31900.0,1300.0,8031200.0
416,2021-10-22 07:19:12,31900.0,500.0,8029900.0
417,2021-10-22 07:19:12,31900.0,500.0,8029400.0
418,2021-10-22 07:19:12,31900.0,100.0,8028900.0
419,2021-10-22 07:19:12,31900.0,100.0,8028800.0
420,2021-10-22 07:19:12,31900.0,500.0,8028700.0
421,2021-10-22 07:19:12,31900.0,500.0,8028200.0
422,2021-10-22 07:19:12,31900.0,100.0,8027700.0
423,2021-10-22 07:19:12,31900.0,900.0,8027600.0
424,2021-10-22 07:19:12,31900.0,1000.0,8026700.0
425,2021-10-22 07:19:12,31900.0,200.0,8025700.0
426,2021-10-22 07:19:12,31900.0,400.0,8025500.0
427,2021-10-22 07:19:12,31900.0,1500.0,8025100.0
428,2021-10-22 07:19:12,31900.0,100.0,8023600.0
429,2021-10-22 07:19:10,31900.0,1000.0,8023500.0
430,2021-10-22 07:19:09,31900.0,5000.0,8022500.0
431,2021-10-22 07:19:05,31900.0,3000.0,8017500.0
432,2021-10-22 07:19:01,31900.0,500.0,8014500.0
433,2021-10-22 07:18:56,31850.0,400.0,8014000.0
434,2021-10-22 07:18:44,31850.0,400.0,8013600.0
435,2021-10-22 07:18:43,31850.0,200.0,8013200.0
436,2021-10-22 07:18:43,31850.0,500.0,8013000.0
437,2021-10-22 07:18:41,31850.0,3500.0,8012500.0
438,2021-10-22 07:18:37,31850.0,400.0,8009000.0
439,2021-10-22 07:18:37,31850.0,200.0,8008600.0
440,2021-10-22 07:18:37,31850.0,1000.0,8008400.0
441,2021-10-22 07:18:37,31850.0,1000.0,8007400.0
442,2021-10-22 07:18:37,31850.0,600.0,8006400.0
443,2021-10-22 07:18:37,31850.0,2600.0,8005800.0
444,2021-10-22 07:18:37,31850.0,500.0,8003200.0
445,2021-10-22 07:18:37,31850.0,800.0,8002700.0
446,2021-10-22 07:18:37,31850.0,200.0,8001900.0
447,2021-10-22 07:18:37,31850.0,200.0,8001700.0
448,2021-10-22 07:18:37,31850.0,3000.0,8001500.0
449,2021-10-22 07:18:37,31850.0,8400.0,7998500.0
450,2021-10-22 07:18:34,31850.0,300.0,7990100.0
451,2021-10-22 07:18:34,31850.0,200.0,7989800.0
452,2021-10-22 07:18:31,31800.0,600.0,7989600.0
453,2021-10-22 07:18:29,31850.0,1000.0,7989000.0
454,2021-10-22 07:18:28,31800.0,100.0,7988000.0
455,2021-10-22 07:18:12,31800.0,500.0,7987900.0
456,2021-10-22 07:18:11,31850.0,100.0,7987400.0
457,2021-10-22 07:18:06,31800.0,1000.0,7987300.0
458,2021-10-22 07:18:05,31850.0,100.0,7986300.0
459,2021-10-22 07:18:03,31850.0,100.0,7986200.0
460,2021-10-22 07:18:00,31800.0,1000.0,7986100.0
461,2021-10-22 07:17:59,31800.0,100.0,7985100.0
462,2021-10-22 07:17:59,31800.0,1000.0,7985000.0
463,2021-10-22 07:17:59,31800.0,200.0,7984000.0
464,2021-10-22 07:17:59,31800.0,500.0,7983800.0
465,2021-10-22 07:17:59,31800.0,1000.0,7983300.0
466,2021-10-22 07:17:59,31800.0,100.0,7982300.0
467,2021-10-22 07:17:59,31800.0,500.0,7982200.0
468,2021-10-22 07:17:59,31800.0,200.0,7981700.0
469,2021-10-22 07:17:59,31800.0,500.0,7981500.0
470,2021-10-22 07:17:59,31800.0,500.0,7981000.0
471,2021-10-22 07:17:59,31800.0,100.0,7980500.0
472,2021-10-22 07:17:59,31800.0,100.0,7980400.0
473,2021-10-22 07:17:59,31800.0,200.0,7980300.0
474,2021-10-22 07:17:58,31850.0,400.0,7980100.0
475,2021-10-22 07:17:57,31850.0,500.0,7979700.0
476,2021-10-22 07:17:55,31850.0,1000.0,7979200.0
477,2021-10-22 07:17:53,31800.0,800.0,7978200.0
478,2021-10-22 07:17:53,31800.0,200.0,7977400.0
479,2021-10-22 07:17:52,31800.0,100.0,7977200.0
480,2021-10-22 07:17:46,31800.0,500.0,7977100.0
481,2021-10-22 07:17:46,31800.0,1000.0,7976600.0
482,2021-10-22 07:17:46,31800.0,200.0,7975600.0
483,2021-10-22 07:17:46,31800.0,100.0,7975400.0
484,2021-10-22 07:17:46,31800.0,200.0,7975300.0
485,2021-10-22 07:17:36,31800.0,300.0,7975100.0
486,2021-10-22 07:17:36,31800.0,200.0,7974800.0
487,2021-10-22 07:17:31,31800.0,800.0,7974600.0
488,2021-10-22 07:17:31,31800.0,100.0,7973800.0
489,2021-10-22 07:17:31,31800.0,100.0,7973700.0
490,2021-10-22 07:17:28,31850.0,100.0,7973600.0
491,2021-10-22 07:17:18,31800.0,1000.0,7973500.0
492,2021-10-22 07:17:18,31800.0,2000.0,7972500.0
493,2021-10-22 07:17:13,31800.0,2000.0,7970500.0
494,2021-10-22 07:17:13,31800.0,900.0,7968500.0
495,2021-10-22 07:17:12,31850.0,1500.0,7967600.0
496,2021-10-22 07:17:12,31850.0,700.0,7966100.0
497,2021-10-22 07:17:12,31850.0,500.0,7965400.0
498,2021-10-22 07:17:12,31850.0,100.0,7964900.0
499,2021-10-22 07:17:10,31800.0,400.0,7964800.0
500,2021-10-22 07:17:06,31850.0,1900.0,7964400.0
501,2021-10-22 07:17:06,31850.0,100.0,7962500.0
502,2021-10-22 07:17:04,31800.0,3700.0,7962400.0
503,2021-10-22 07:17:04,31800.0,1300.0,7958700.0
504,2021-10-22 07:17:03,31800.0,500.0,7957400.0
505,2021-10-22 07:16:59,31800.0,100.0,7956900.0
506,2021-10-22 07:16:56,31800.0,1700.0,7956800.0
507,2021-10-22 07:16:56,31800.0,800.0,7955100.0
508,2021-10-22 07:16:56,31800.0,100.0,7954300.0
509,2021-10-22 07:16:56,31800.0,1000.0,7954200.0
510,2021-10-22 07:16:56,31800.0,1400.0,7953200.0
511,2021-10-22 07:16:54,31850.0,2900.0,7951800.0
512,2021-10-22 07:16:54,31850.0,1000.0,7948900.0
513,2021-10-22 07:16:54,31850.0,5000.0,7947900.0
514,2021-10-22 07:16:54,31850.0,200.0,7942900.0
515,2021-10-22 07:16:54,31850.0,700.0,7942700.0
516,2021-10-22 07:16:54,31850.0,1600.0,7942000.0
517,2021-10-22 07:16:54,31850.0,1800.0,7940400.0
518,2021-10-22 07:16:54,31800.0,2000.0,7938600.0
519,2021-10-22 07:16:49,31800.0,400.0,7936600.0
520,2021-10-22 07:16:48,31850.0,200.0,7936200.0
521,2021-10-22 07:16:48,31850.0,500.0,7936000.0
522,2021-10-22 07:16:48,31850.0,1000.0,7935500.0
523,2021-10-22 07:16:48,31850.0,300.0,7934500.0
524,2021-10-22 07:16:48,31800.0,200.0,7934200.0
525,2021-10-22 07:16:48,31800.0,300.0,7934000.0
526,2021-10-22 07:16:45,31800.0,200.0,7933700.0
527,2021-10-22 07:16:45,31800.0,500.0,7933500.0
528,2021-10-22 07:16:45,31800.0,500.0,7933000.0
529,2021-10-22 07:16:45,31800.0,100.0,7932500.0
530,2021-10-22 07:16:45,31800.0,500.0,7932400.0
531,2021-10-22 07:16:45,31800.0,200.0,7931900.0
532,2021-10-22 07:16:45,31800.0,100.0,7931700.0
533,2021-10-22 07:16:45,31800.0,4000.0,7931600.0
534,2021-10-22 07:16:45,31800.0,3000.0,7927600.0
535,2021-10-22 07:16:45,31800.0,200.0,7924600.0
536,2021-10-22 07:16:45,31800.0,5000.0,7924400.0
537,2021-10-22 07:16:45,31800.0,200.0,7919400.0
538,2021-10-22 07:16:45,31800.0,300.0,7919200.0
539,2021-10-22 07:16:45,31800.0,300.0,7918900.0
540,2021-10-22 07:16:45,31800.0,400.0,7918600.0
541,2021-10-22 07:16:45,31800.0,200.0,7918200.0
542,2021-10-22 07:16:45,31800.0,4300.0,7918000.0
543,2021-10-22 07:16:44,31800.0,100.0,7913700.0
544,2021-10-22 07:16:43,31850.0,1300.0,7913600.0
545,2021-10-22 07:16:42,31850.0,400.0,7912300.0
546,2021-10-22 07:16:42,31850.0,100.0,7911900.0
547,2021-10-22 07:16:42,31850.0,400.0,7911800.0
548,2021-10-22 07:16:42,31850.0,100.0,7911400.0
549,2021-10-22 07:16:42,31850.0,500.0,7911300.0
550,2021-10-22 07:16:42,31850.0,2500.0,7910800.0
551,2021-10-22 07:16:42,31850.0,800.0,7908300.0
552,2021-10-22 07:16:42,31850.0,200.0,7907500.0
553,2021-10-22 07:16:35,31800.0,600.0,7907300.0
554,2021-10-22 07:16:35,31800.0,200.0,7906700.0
555,2021-10-22 07:16:35,31800.0,100.0,7906500.0
556,2021-10-22 07:16:35,31800.0,400.0,7906400.0
557,2021-10-22 07:16:35,31800.0,500.0,7906000.0
558,2021-10-22 07:16:35,31800.0,100.0,7905500.0
559,2021-10-22 07:16:35,31800.0,100.0,7905400.0
560,2021-10-22 07:16:35,31800.0,3000.0,7905300.0
561,2021-10-22 07:16:35,31800.0,2000.0,7902300.0
562,2021-10-22 07:16:35,31800.0,1000.0,7900300.0
563,2021-10-22 07:16:32,31850.0,100.0,7899300.0
564,2021-10-22 07:16:32,31800.0,1000.0,7899200.0
565,2021-10-22 07:16:32,31800.0,100.0,7898200.0
566,2021-10-22 07:16:32,31800.0,100.0,7898100.0
567,2021-10-22 07:16:32,31800.0,5000.0,7898000.0
568,2021-10-22 07:16:32,31800.0,1800.0,7893000.0
569,2021-10-22 07:16:32,31800.0,200.0,7891200.0
570,2021-10-22 07:16:32,31800.0,100.0,7891000.0
571,2021-10-22 07:16:32,31800.0,100.0,7890900.0
572,2021-10-22 07:16:32,31800.0,100.0,7890800.0
573,2021-10-22 07:16:32,31800.0,200.0,7890700.0
574,2021-10-22 07:16:32,31800.0,3000.0,7890500.0
575,2021-10-22 07:16:32,31800.0,5000.0,7887500.0
576,2021-10-22 07:16:32,31800.0,1000.0,7882500.0
577,2021-10-22 07:16:32,31800.0,1000.0,7881500.0
578,2021-10-22 07:16:32,31800.0,1300.0,7880500.0
579,2021-10-22 07:16:31,31850.0,100.0,7879200.0
580,2021-10-22 07:16:30,31850.0,1300.0,7879100.0
581,2021-10-22 07:16:26,31850.0,300.0,7877800.0
582,2021-10-22 07:16:26,31850.0,200.0,7877500.0
583,2021-10-22 07:16:23,31850.0,100.0,7877300.0
584,2021-10-22 07:16:23,31850.0,100.0,7877200.0
585,2021-10-22 07:16:23,31850.0,400.0,7877100.0
586,2021-10-22 07:16:17,31850.0,300.0,7876700.0
587,2021-10-22 07:16:17,31850.0,600.0,7876400.0
588,2021-10-22 07:16:11,31850.0,400.0,7875800.0
589,2021-10-22 07:16:11,31850.0,300.0,7875400.0
590,2021-10-22 07:16:09,31850.0,800.0,7875100.0
591,2021-10-22 07:16:07,31850.0,500.0,7874300.0
592,2021-10-22 07:16:01,31850.0,400.0,7873800.0
593,2021-10-22 07:16:00,31850.0,1000.0,7873400.0
594,2021-10-22 07:15:51,31850.0,1000.0,7872400.0
595,2021-10-22 07:15:50,31850.0,1000.0,7871400.0
596,2021-10-22 07:15:50,31850.0,4000.0,7870400.0
597,2021-10-22 07:15:50,31850.0,600.0,7866400.0
598,2021-10-22 07:15:49,31850.0,400.0,7865800.0
599,2021-10-22 07:15:49,31850.0,100.0,7865400.0
600,2021-10-22 07:15:46,31850.0,500.0,7865300.0
601,2021-10-22 07:15:46,31800.0,700.0,7864800.0
602,2021-10-22 07:15:46,31800.0,100.0,7864100.0
603,2021-10-22 07:15:46,31800.0,100.0,7864000.0
604,2021-10-22 07:15:46,31800.0,500.0,7863900.0
605,2021-10-22 07:15:46,31800.0,200.0,7863400.0
606,2021-10-22 07:15:46,31800.0,400.0,7863200.0
607,2021-10-22 07:15:45,31800.0,1000.0,7862800.0
608,2021-10-22 07:15:43,31850.0,400.0,7861800.0
609,2021-10-22 07:15:43,31850.0,600.0,7861400.0
610,2021-10-22 07:15:43,31850.0,400.0,7860800.0
611,2021-10-22 07:15:43,31850.0,600.0,7860400.0
612,2021-10-22 07:15:41,31800.0,200.0,7859800.0
613,2021-10-22 07:15:38,31850.0,200.0,7859600.0
614,2021-10-22 07:15:36,31800.0,3400.0,7859400.0
615,2021-10-22 07:15:36,31800.0,100.0,7856000.0
616,2021-10-22 07:15:36,31800.0,1500.0,7855900.0
617,2021-10-22 07:15:32,31850.0,5000.0,7854400.0
618,2021-10-22 07:15:29,31850.0,100.0,7849400.0
619,2021-10-22 07:15:27,31850.0,5000.0,7849300.0
620,2021-10-22 07:15:24,31800.0,500.0,7844300.0
621,2021-10-22 07:15:22,31800.0,100.0,7843800.0
622,2021-10-22 07:15:16,31800.0,500.0,7843700.0
623,2021-10-22 07:15:09,31800.0,2400.0,7843200.0
624,2021-10-22 07:15:09,31800.0,700.0,7840800.0
625,2021-10-22 07:15:09,31800.0,1900.0,7840100.0
626,2021-10-22 07:15:06,31850.0,600.0,7838200.0
627,2021-10-22 07:15:05,31800.0,100.0,7837600.0
628,2021-10-22 07:15:05,31800.0,900.0,7837500.0
629,2021-10-22 07:14:56,31800.0,100.0,7836600.0
630,2021-10-22 07:14:56,31800.0,500.0,7836500.0
631,2021-10-22 07:14:56,31800.0,400.0,7836000.0
632,2021-10-22 07:14:54,31800.0,100.0,7835600.0
633,2021-10-22 07:14:54,31800.0,2900.0,7835500.0
634,2021-10-22 07:14:54,31800.0,3000.0,7832600.0
635,2021-10-22 07:14:52,31800.0,2500.0,7829600.0
636,2021-10-22 07:14:49,31800.0,500.0,7827100.0
637,2021-10-22 07:14:47,31800.0,200.0,7826600.0
638,2021-10-22 07:14:47,31800.0,500.0,7826400.0
639,2021-10-22 07:14:43,31800.0,3500.0,7825900.0
640,2021-10-22 07:14:33,31800.0,5900.0,7822400.0
641,2021-10-22 07:14:33,31800.0,200.0,7816500.0
642,2021-10-22 07:14:33,31800.0,900.0,7816300.0
643,2021-10-22 07:14:23,31850.0,500.0,7815400.0
644,2021-10-22 07:14:22,31800.0,1000.0,7814900.0
645,2021-10-22 07:14:05,31850.0,100.0,7813900.0
646,2021-10-22 07:14:05,31850.0,1000.0,7813800.0
647,2021-10-22 07:14:05,31850.0,1000.0,7812800.0
648,2021-10-22 07:14:05,31850.0,4200.0,7811800.0
649,2021-10-22 07:13:55,31850.0,100.0,7807600.0
650,2021-10-22 07:13:54,31850.0,300.0,7807500.0
651,2021-10-22 07:13:49,31800.0,100.0,7807200.0
652,2021-10-22 07:13:49,31800.0,900.0,7807100.0
653,2021-10-22 07:13:49,31850.0,100.0,7806200.0
654,2021-10-22 07:13:48,31850.0,1000.0,7806100.0
655,2021-10-22 07:13:44,31850.0,100.0,7805100.0
656,2021-10-22 07:13:41,31850.0,100.0,7805000.0
657,2021-10-22 07:13:40,31900.0,100.0,7804900.0
658,2021-10-22 07:13:39,31800.0,1100.0,7804800.0
659,2021-10-22 07:13:39,31850.0,100.0,7803700.0
660,2021-10-22 07:13:39,31850.0,400.0,7803600.0
661,2021-10-22 07:13:39,31850.0,400.0,7803200.0
662,2021-10-22 07:13:36,31850.0,300.0,7802800.0
663,2021-10-22 07:13:36,31850.0,700.0,7802500.0
664,2021-10-22 07:13:35,31850.0,300.0,7801800.0
665,2021-10-22 07:13:35,31850.0,1000.0,7801500.0
666,2021-10-22 07:13:35,31850.0,3000.0,7800500.0
667,2021-10-22 07:13:35,31850.0,200.0,7797500.0
668,2021-10-22 07:13:35,31850.0,200.0,7797300.0
669,2021-10-22 07:13:35,31850.0,1000.0,7797100.0
670,2021-10-22 07:13:35,31850.0,900.0,7796100.0
671,2021-10-22 07:13:35,31850.0,100.0,7795200.0
672,2021-10-22 07:13:35,31850.0,5000.0,7795100.0
673,2021-10-22 07:13:35,31850.0,500.0,7790100.0
674,2021-10-22 07:13:35,31850.0,1000.0,7789600.0
675,2021-10-22 07:13:35,31850.0,1000.0,7788600.0
676,2021-10-22 07:13:35,31850.0,7000.0,7787600.0
677,2021-10-22 07:13:34,31850.0,1400.0,7780600.0
678,2021-10-22 07:13:32,31850.0,1600.0,7779200.0
679,2021-10-22 07:13:32,31850.0,3500.0,7777600.0
680,2021-10-22 07:13:32,31850.0,4000.0,7774100.0
681,2021-10-22 07:13:32,31850.0,100.0,7770100.0
682,2021-10-22 07:13:32,31850.0,100.0,7770000.0
683,2021-10-22 07:13:32,31850.0,700.0,7769900.0
684,2021-10-22 07:13:31,31850.0,300.0,7769200.0
685,2021-10-22 07:13:31,31850.0,1700.0,7768900.0
686,2021-10-22 07:13:30,31850.0,3000.0,7767200.0
687,2021-10-22 07:13:19,31850.0,100.0,7764200.0
688,2021-10-22 07:13:15,31850.0,200.0,7764100.0
689,2021-10-22 07:13:15,31850.0,800.0,7763900.0
690,2021-10-22 07:13:09,31850.0,100.0,7763100.0
691,2021-10-22 07:13:09,31850.0,1000.0,7763000.0
692,2021-10-22 07:13:09,31850.0,1000.0,7762000.0
693,2021-10-22 07:12:57,31850.0,2100.0,7761000.0
694,2021-10-22 07:12:57,31850.0,500.0,7758900.0
695,2021-10-22 07:12:57,31850.0,100.0,7758400.0
696,2021-10-22 07:12:57,31850.0,1000.0,7758300.0
697,2021-10-22 07:12:57,31850.0,1000.0,7757300.0
698,2021-10-22 07:12:57,31850.0,200.0,7756300.0
699,2021-10-22 07:12:57,31850.0,700.0,7756100.0
700,2021-10-22 07:12:57,31850.0,500.0,7755400.0
701,2021-10-22 07:12:57,31850.0,1000.0,7754900.0
702,2021-10-22 07:12:57,31850.0,100.0,7753900.0
703,2021-10-22 07:12:57,31850.0,500.0,7753800.0
704,2021-10-22 07:12:57,31850.0,2300.0,7753300.0
705,2021-10-22 07:12:55,31850.0,700.0,7751000.0
706,2021-10-22 07:12:43,31850.0,900.0,7750300.0
707,2021-10-22 07:12:40,31900.0,2000.0,7749400.0
708,2021-10-22 07:12:18,31900.0,500.0,7747400.0
709,2021-10-22 07:12:14,31850.0,1100.0,7746900.0
710,2021-10-22 07:12:14,31850.0,500.0,7745800.0
711,2021-10-22 07:12:14,31850.0,400.0,7745300.0
712,2021-10-22 07:12:06,31850.0,100.0,7744900.0
713,2021-10-22 07:12:06,31850.0,700.0,7744800.0
714,2021-10-22 07:12:06,31850.0,200.0,7744100.0
715,2021-10-22 07:12:06,31900.0,300.0,7743900.0
716,2021-10-22 07:12:04,31900.0,5000.0,7743600.0
717,2021-10-22 07:11:58,31850.0,500.0,7738600.0
718,2021-10-22 07:11:56,31850.0,300.0,7738100.0
719,2021-10-22 07:11:52,31850.0,1200.0,7737800.0
720,2021-10-22 07:11:52,31850.0,200.0,7736600.0
721,2021-10-22 07:11:52,31850.0,100.0,7736400.0
722,2021-10-22 07:11:52,31850.0,3000.0,7736300.0
723,2021-10-22 07:11:52,31850.0,600.0,7733300.0
724,2021-10-22 07:11:52,31850.0,100.0,7732700.0
725,2021-10-22 07:11:52,31850.0,100.0,7732600.0
726,2021-10-22 07:11:52,31850.0,500.0,7732500.0
727,2021-10-22 07:11:52,31850.0,100.0,7732000.0
728,2021-10-22 07:11:52,31850.0,3000.0,7731900.0
729,2021-10-22 07:11:52,31850.0,900.0,7728900.0
730,2021-10-22 07:11:52,31850.0,3000.0,7728000.0
731,2021-10-22 07:11:52,31850.0,100.0,7725000.0
732,2021-10-22 07:11:46,31850.0,1900.0,7724900.0
733,2021-10-22 07:11:46,31850.0,2100.0,7723000.0
734,2021-10-22 07:11:31,31850.0,200.0,7720900.0
735,2021-10-22 07:11:30,31850.0,500.0,7720700.0
736,2021-10-22 07:11:19,31850.0,5000.0,7720200.0
737,2021-10-22 07:11:09,31900.0,500.0,7715200.0
738,2021-10-22 07:11:07,31900.0,1000.0,7714700.0
739,2021-10-22 07:11:05,31900.0,5000.0,7713700.0
740,2021-10-22 07:10:46,31900.0,3000.0,7708700.0
741,2021-10-22 07:10:38,31900.0,500.0,7705700.0
742,2021-10-22 07:10:24,31850.0,500.0,7705200.0
743,2021-10-22 07:10:19,31850.0,1000.0,7704700.0
744,2021-10-22 07:10:10,31850.0,300.0,7703700.0
745,2021-10-22 07:10:09,31900.0,2500.0,7703400.0
746,2021-10-22 07:10:09,31900.0,1300.0,7700900.0
747,2021-10-22 07:09:55,31900.0,1000.0,7699600.0
748,2021-10-22 07:09:40,31900.0,700.0,7698600.0
749,2021-10-22 07:09:40,31900.0,1000.0,7697900.0
750,2021-10-22 07:09:33,31900.0,500.0,7696900.0
751,2021-10-22 07:09:33,31900.0,100.0,7696400.0
752,2021-10-22 07:09:33,31900.0,1000.0,7696300.0
753,2021-10-22 07:09:33,31900.0,1000.0,7695300.0
754,2021-10-22 07:09:33,31900.0,300.0,7694300.0
755,2021-10-22 07:09:33,31900.0,1100.0,7694000.0
756,2021-10-22 07:09:32,31900.0,3900.0,7692900.0
757,2021-10-22 07:09:32,31900.0,100.0,7689000.0
758,2021-10-22 07:09:11,31900.0,500.0,7688900.0
759,2021-10-22 07:09:11,31900.0,100.0,7688400.0
760,2021-10-22 07:09:11,31900.0,100.0,7688300.0
761,2021-10-22 07:08:49,31900.0,300.0,7688200.0
762,2021-10-22 07:08:47,31900.0,100.0,7687900.0
763,2021-10-22 07:08:47,31900.0,900.0,7687800.0
764,2021-10-22 07:08:42,31900.0,100.0,7686900.0
765,2021-10-22 07:08:40,31900.0,1400.0,7686800.0
766,2021-10-22 07:08:37,31900.0,100.0,7685400.0
767,2021-10-22 07:08:25,31900.0,500.0,7685300.0
768,2021-10-22 07:08:25,31900.0,1000.0,7684800.0
769,2021-10-22 07:08:25,31900.0,1000.0,7683800.0
770,2021-10-22 07:08:23,31900.0,1100.0,7682800.0
771,2021-10-22 07:08:23,31900.0,2000.0,7681700.0
772,2021-10-22 07:08:23,31900.0,1000.0,7679700.0
773,2021-10-22 07:08:23,31900.0,4000.0,7678700.0
774,2021-10-22 07:08:23,31900.0,2000.0,7674700.0
775,2021-10-22 07:08:23,31900.0,200.0,7672700.0
776,2021-10-22 07:08:23,31900.0,1600.0,7672500.0
777,2021-10-22 07:08:23,31900.0,300.0,7670900.0
778,2021-10-22 07:08:23,31900.0,1400.0,7670600.0
779,2021-10-22 07:08:23,31900.0,6400.0,7669200.0
780,2021-10-22 07:08:08,31900.0,100.0,7662800.0
781,2021-10-22 07:07:56,31900.0,100.0,7662700.0
782,2021-10-22 07:07:54,31900.0,500.0,7662600.0
783,2021-10-22 07:07:48,31900.0,300.0,7662100.0
784,2021-10-22 07:07:41,31900.0,500.0,7661800.0
785,2021-10-22 07:07:36,31900.0,900.0,7661300.0
786,2021-10-22 07:07:18,31900.0,1000.0,7660400.0
787,2021-10-22 07:07:17,31900.0,1000.0,7659400.0
788,2021-10-22 07:07:13,31850.0,400.0,7658400.0
789,2021-10-22 07:07:13,31850.0,100.0,7658000.0
790,2021-10-22 07:07:09,31900.0,400.0,7657900.0
791,2021-10-22 07:07:08,31900.0,1400.0,7657500.0
792,2021-10-22 07:07:08,31900.0,300.0,7656100.0
793,2021-10-22 07:07:08,31900.0,3100.0,7655800.0
794,2021-10-22 07:07:08,31900.0,200.0,7652700.0
795,2021-10-22 07:07:08,31900.0,1000.0,7652500.0
796,2021-10-22 07:07:08,31900.0,300.0,7651500.0
797,2021-10-22 07:07:08,31900.0,12500.0,7651200.0
798,2021-10-22 07:07:06,31900.0,500.0,7638700.0
799,2021-10-22 07:07:06,31900.0,5000.0,7638200.0
800,2021-10-22 07:07:01,31900.0,10000.0,7633200.0
801,2021-10-22 07:06:59,31950.0,1000.0,7623200.0
802,2021-10-22 07:06:59,31950.0,1000.0,7622200.0
803,2021-10-22 07:06:59,31950.0,1000.0,7621200.0
804,2021-10-22 07:06:59,31950.0,200.0,7620200.0
805,2021-10-22 07:06:59,31950.0,200.0,7620000.0
806,2021-10-22 07:06:59,31950.0,200.0,7619800.0
807,2021-10-22 07:06:59,31950.0,700.0,7619600.0
808,2021-10-22 07:06:55,31900.0,1000.0,7618900.0
809,2021-10-22 07:06:55,31900.0,500.0,7617900.0
810,2021-10-22 07:06:55,31900.0,100.0,7617400.0
811,2021-10-22 07:06:55,31900.0,1000.0,7617300.0
812,2021-10-22 07:06:55,31900.0,200.0,7616300.0
813,2021-10-22 07:06:55,31900.0,800.0,7616100.0
814,2021-10-22 07:06:55,31900.0,100.0,7615300.0
815,2021-10-22 07:06:55,31900.0,500.0,7615200.0
816,2021-10-22 07:06:55,31900.0,100.0,7614700.0
817,2021-10-22 07:06:54,31900.0,100.0,7614600.0
818,2021-10-22 07:06:54,31900.0,2000.0,7614500.0
819,2021-10-22 07:06:54,31900.0,1000.0,7612500.0
820,2021-10-22 07:06:54,31900.0,100.0,7611500.0
821,2021-10-22 07:06:54,31900.0,500.0,7611400.0
822,2021-10-22 07:06:54,31900.0,1000.0,7610900.0
823,2021-10-22 07:06:54,31900.0,700.0,7609900.0
824,2021-10-22 07:06:54,31900.0,500.0,7609200.0
825,2021-10-22 07:06:54,31900.0,800.0,7608700.0
826,2021-10-22 07:06:54,31900.0,100.0,7607900.0
827,2021-10-22 07:06:54,31900.0,1000.0,7607800.0
828,2021-10-22 07:06:54,31900.0,200.0,7606800.0
829,2021-10-22 07:06:54,31900.0,100.0,7606600.0
830,2021-10-22 07:06:54,31900.0,800.0,7606500.0
831,2021-10-22 07:06:54,31900.0,700.0,7605700.0
832,2021-10-22 07:06:54,31900.0,500.0,7605000.0
833,2021-10-22 07:06:51,31900.0,200.0,7604500.0
834,2021-10-22 07:06:51,31900.0,400.0,7604300.0
835,2021-10-22 07:06:51,31900.0,400.0,7603900.0
836,2021-10-22 07:06:48,31900.0,1600.0,7603500.0
837,2021-10-22 07:06:48,31900.0,700.0,7601900.0
838,2021-10-22 07:06:48,31900.0,300.0,7601200.0
839,2021-10-22 07:06:48,31900.0,400.0,7600900.0
840,2021-10-22 07:06:46,31900.0,9600.0,7600500.0
841,2021-10-22 07:06:46,31900.0,400.0,7590900.0
842,2021-10-22 07:06:43,31900.0,100.0,7590500.0
843,2021-10-22 07:06:43,31900.0,200.0,7590400.0
844,2021-10-22 07:06:43,31900.0,100.0,7590200.0
845,2021-10-22 07:06:43,31900.0,100.0,7590100.0
846,2021-10-22 07:06:42,31900.0,200.0,7590000.0
847,2021-10-22 07:06:42,31900.0,100.0,7589800.0
848,2021-10-22 07:06:42,31900.0,200.0,7589700.0
849,2021-10-22 07:06:40,31950.0,100.0,7589500.0
850,2021-10-22 07:06:28,31900.0,500.0,7589400.0
851,2021-10-22 07:06:27,31900.0,500.0,7588900.0
852,2021-10-22 07:06:20,31900.0,3800.0,7588400.0
853,2021-10-22 07:06:20,31900.0,200.0,7584600.0
854,2021-10-22 07:06:20,31900.0,100.0,7584400.0
855,2021-10-22 07:06:20,31900.0,200.0,7584300.0
856,2021-10-22 07:06:20,31900.0,100.0,7584100.0
857,2021-10-22 07:06:20,31900.0,1000.0,7584000.0
858,2021-10-22 07:06:20,31900.0,2000.0,7583000.0
859,2021-10-22 07:06:20,31900.0,2500.0,7581000.0
860,2021-10-22 07:06:20,31900.0,100.0,7578500.0
861,2021-10-22 07:06:18,31900.0,500.0,7578400.0
862,2021-10-22 07:06:11,31900.0,100.0,7577900.0
863,2021-10-22 07:06:11,31900.0,1500.0,7577800.0
864,2021-10-22 07:06:11,31900.0,500.0,7576300.0
865,2021-10-22 07:06:11,31900.0,100.0,7575800.0
866,2021-10-22 07:06:11,31900.0,600.0,7575700.0
867,2021-10-22 07:06:11,31900.0,100.0,7575100.0
868,2021-10-22 07:06:11,31900.0,400.0,7575000.0
869,2021-10-22 07:06:11,31900.0,500.0,7574600.0
870,2021-10-22 07:06:11,31900.0,100.0,7574100.0
871,2021-10-22 07:06:11,31900.0,200.0,7574000.0
872,2021-10-22 07:06:11,31900.0,500.0,7573800.0
873,2021-10-22 07:06:11,31900.0,5000.0,7573300.0
874,2021-10-22 07:06:11,31900.0,100.0,7568300.0
875,2021-10-22 07:06:11,31900.0,300.0,7568200.0
876,2021-10-22 07:06:07,31950.0,100.0,7567900.0
877,2021-10-22 07:06:05,31950.0,100.0,7567800.0
878,2021-10-22 07:05:57,31900.0,700.0,7567700.0
879,2021-10-22 07:05:57,31900.0,1000.0,7567000.0
880,2021-10-22 07:05:57,31900.0,200.0,7566000.0
881,2021-10-22 07:05:57,31900.0,100.0,7565800.0
882,2021-10-22 07:05:35,31950.0,100.0,7565700.0
883,2021-10-22 07:05:13,31950.0,400.0,7565600.0
884,2021-10-22 07:05:07,31950.0,100.0,7565200.0
885,2021-10-22 07:05:07,31950.0,1100.0,7565100.0
886,2021-10-22 07:05:03,31950.0,500.0,7564000.0
887,2021-10-22 07:04:50,31950.0,1000.0,7563500.0
888,2021-10-22 07:04:50,31900.0,200.0,7562500.0
889,2021-10-22 07:04:45,31950.0,100.0,7562300.0
890,2021-10-22 07:04:23,31950.0,100.0,7562200.0
891,2021-10-22 07:04:20,31950.0,200.0,7562100.0
892,2021-10-22 07:04:01,31950.0,500.0,7561900.0
893,2021-10-22 07:03:53,31900.0,100.0,7561400.0
894,2021-10-22 07:03:48,31950.0,900.0,7561300.0
895,2021-10-22 07:03:42,31950.0,300.0,7560400.0
896,2021-10-22 07:03:39,31950.0,600.0,7560100.0
897,2021-10-22 07:03:39,31950.0,3700.0,7559500.0
898,2021-10-22 07:03:29,31950.0,1300.0,7555800.0
899,2021-10-22 07:03:29,31950.0,1000.0,7554500.0
900,2021-10-22 07:03:29,31950.0,2000.0,7553500.0
901,2021-10-22 07:03:29,31950.0,300.0,7551500.0
902,2021-10-22 07:03:29,31950.0,400.0,7551200.0
903,2021-10-22 07:03:05,31950.0,600.0,7550800.0
904,2021-10-22 07:03:05,31950.0,100.0,7550200.0
905,2021-10-22 07:03:00,31950.0,100.0,7550100.0
906,2021-10-22 07:03:00,31950.0,2000.0,7550000.0
907,2021-10-22 07:03:00,31950.0,100.0,7548000.0
908,2021-10-22 07:03:00,31950.0,500.0,7547900.0
909,2021-10-22 07:03:00,31950.0,700.0,7547400.0
910,2021-10-22 07:02:40,31950.0,300.0,7546700.0
911,2021-10-22 07:02:17,31950.0,300.0,7546400.0
912,2021-10-22 07:02:17,31950.0,700.0,7546100.0
913,2021-10-22 07:02:13,32000.0,300.0,7545400.0
914,2021-10-22 07:02:13,32000.0,400.0,7545100.0
915,2021-10-22 07:02:13,32000.0,500.0,7544700.0
916,2021-10-22 07:02:13,32000.0,300.0,7544200.0
917,2021-10-22 07:02:11,31950.0,1000.0,7543900.0
918,2021-10-22 07:02:04,32000.0,300.0,7542900.0
919,2021-10-22 07:02:04,32000.0,100.0,7542600.0
920,2021-10-22 07:02:04,32000.0,100.0,7542500.0
921,2021-10-22 07:02:04,32000.0,200.0,7542400.0
922,2021-10-22 07:02:04,32000.0,2300.0,7542200.0
923,2021-10-22 07:01:45,32000.0,3000.0,7539900.0
924,2021-10-22 07:01:45,31950.0,1800.0,7536900.0
925,2021-10-22 07:01:45,31950.0,1200.0,7535100.0
926,2021-10-22 07:01:35,32000.0,500.0,7533900.0
927,2021-10-22 07:01:33,31950.0,1000.0,7533400.0
928,2021-10-22 07:01:30,31950.0,500.0,7532400.0
929,2021-10-22 07:01:29,31950.0,500.0,7531900.0
930,2021-10-22 07:01:22,31950.0,1800.0,7531400.0
931,2021-10-22 07:01:22,31950.0,200.0,7529600.0
932,2021-10-22 07:01:17,31950.0,2000.0,7529400.0
933,2021-10-22 07:01:15,31950.0,800.0,7527400.0
934,2021-10-22 07:01:15,31950.0,200.0,7526600.0
935,2021-10-22 07:01:15,31950.0,500.0,7526400.0
936,2021-10-22 07:01:15,31950.0,3500.0,7525900.0
937,2021-10-22 07:01:10,31950.0,200.0,7522400.0
938,2021-10-22 07:00:58,31950.0,300.0,7522200.0
939,2021-10-22 07:00:53,32000.0,3100.0,7521900.0
940,2021-10-22 07:00:53,31950.0,5000.0,7518800.0
941,2021-10-22 07:00:53,31950.0,500.0,7513800.0
942,2021-10-22 07:00:53,31950.0,1400.0,7513300.0
943,2021-10-22 07:00:47,31950.0,1500.0,7511900.0
944,2021-10-22 07:00:42,31950.0,100.0,7510400.0
945,2021-10-22 07:00:40,31950.0,2000.0,7510300.0
946,2021-10-22 07:00:40,31950.0,3000.0,7508300.0
947,2021-10-22 07:00:38,31950.0,100.0,7505300.0
948,2021-10-22 07:00:38,31950.0,100.0,7505200.0
949,2021-10-22 07:00:32,31950.0,1800.0,7505100.0
950,2021-10-22 07:00:32,31950.0,200.0,7503300.0
951,2021-10-22 07:00:29,31950.0,2800.0,7503100.0
952,2021-10-22 07:00:29,31950.0,200.0,7500300.0
953,2021-10-22 07:00:15,31950.0,500.0,7500100.0
954,2021-10-22 07:00:08,31950.0,100.0,7499600.0
955,2021-10-22 07:00:05,31950.0,500.0,7499500.0
956,2021-10-22 07:00:05,31950.0,100.0,7499000.0
957,2021-10-22 07:00:05,31950.0,100.0,7498900.0
958,2021-10-22 07:00:02,31950.0,300.0,7498800.0
959,2021-10-22 06:59:43,31950.0,100.0,7498500.0
960,2021-10-22 06:59:37,31950.0,1000.0,7498400.0
961,2021-10-22 06:59:37,31950.0,1000.0,7497400.0
962,2021-10-22 06:59:37,31950.0,1900.0,7496400.0
963,2021-10-22 06:59:20,31950.0,100.0,7494500.0
964,2021-10-22 06:59:17,32000.0,1100.0,7494400.0
965,2021-10-22 06:59:17,32000.0,200.0,7493300.0
966,2021-10-22 06:59:17,32000.0,1700.0,7493100.0
967,2021-10-22 06:59:15,32000.0,100.0,7491400.0
968,2021-10-22 06:59:10,32000.0,200.0,7491300.0
969,2021-10-22 06:59:09,32000.0,500.0,7491100.0
970,2021-10-22 06:59:01,32000.0,200.0,7490600.0
971,2021-10-22 06:59:00,31900.0,500.0,7490400.0
972,2021-10-22 06:59:00,31900.0,100.0,7489900.0
973,2021-10-22 06:59:00,31900.0,500.0,7489800.0
974,2021-10-22 06:59:00,31900.0,500.0,7489300.0
975,2021-10-22 06:59:00,31900.0,500.0,7488800.0
976,2021-10-22 06:59:00,31900.0,1000.0,7488300.0
977,2021-10-22 06:59:00,31950.0,900.0,7487300.0
978,2021-10-22 06:59:00,31950.0,5000.0,7486400.0
979,2021-10-22 06:59:00,31950.0,1000.0,7481400.0
980,2021-10-22 06:58:52,32000.0,3300.0,7480400.0
981,2021-10-22 06:58:52,32000.0,1200.0,7477100.0
982,2021-10-22 06:58:52,31950.0,100.0,7475900.0
983,2021-10-22 06:58:52,31950.0,500.0,7475800.0
984,2021-10-22 06:58:52,31950.0,1900.0,7475300.0
985,2021-10-22 06:58:48,31950.0,500.0,7473400.0
986,2021-10-22 06:58:32,31950.0,100.0,7472900.0
987,2021-10-22 06:58:32,31950.0,100.0,7472800.0
988,2021-10-22 06:58:32,31950.0,500.0,7472700.0
989,2021-10-22 06:58:32,31950.0,200.0,7472200.0
990,2021-10-22 06:58:32,31950.0,500.0,7472000.0
991,2021-10-22 06:58:32,31950.0,400.0,7471500.0
992,2021-10-22 06:58:32,31950.0,200.0,7471100.0
993,2021-10-22 06:58:32,31950.0,400.0,7470900.0
994,2021-10-22 06:58:32,31950.0,200.0,7470500.0
995,2021-10-22 06:58:27,31950.0,1000.0,7470300.0
996,2021-10-22 06:58:26,31950.0,300.0,7469300.0
997,2021-10-22 06:58:26,31950.0,100.0,7469000.0
998,2021-10-22 06:58:26,31950.0,500.0,7468900.0
999,2021-10-22 06:58:26,31950.0,200.0,7468400.0
1000,2021-10-22 06:58:26,31950.0,100.0,7468200.0
1001,2021-10-22 06:58:26,31950.0,100.0,7468100.0
1002,2021-10-22 06:58:26,31950.0,200.0,7468000.0
1003,2021-10-22 06:58:26,31950.0,500.0,7467800.0
1004,2021-10-22 06:58:26,31950.0,300.0,7467300.0
1005,2021-10-22 06:58:26,31950.0,500.0,7467000.0
1006,2021-10-22 06:58:26,31950.0,100.0,7466500.0
1007,2021-10-22 06:58:26,31950.0,100.0,7466400.0
1008,2021-10-22 06:58:26,31950.0,100.0,7466300.0
1009,2021-10-22 06:58:26,31950.0,100.0,7466200.0
1010,2021-10-22 06:58:26,31950.0,100.0,7466100.0
1011,2021-10-22 06:58:26,31950.0,2000.0,7466000.0
1012,2021-10-22 06:57:58,31950.0,2000.0,7464000.0
1013,2021-10-22 06:57:56,31950.0,1000.0,7462000.0
1014,2021-10-22 06:57:54,31950.0,1000.0,7461000.0
1015,2021-10-22 06:57:54,32000.0,800.0,7460000.0
1016,2021-10-22 06:57:54,32000.0,300.0,7459200.0
1017,2021-10-22 06:57:54,32000.0,100.0,7458900.0
1018,2021-10-22 06:57:44,32000.0,100.0,7458800.0
1019,2021-10-22 06:57:42,31950.0,4000.0,7458700.0
1020,2021-10-22 06:57:42,31950.0,400.0,7454700.0
1021,2021-10-22 06:57:42,31950.0,100.0,7454300.0
1022,2021-10-22 06:57:42,31950.0,2000.0,7454200.0
1023,2021-10-22 06:57:42,31950.0,100.0,7452200.0
1024,2021-10-22 06:57:42,31950.0,1000.0,7452100.0
1025,2021-10-22 06:57:42,31950.0,100.0,7451100.0
1026,2021-10-22 06:57:36,32000.0,1000.0,7451000.0
1027,2021-10-22 06:57:32,32000.0,800.0,7450000.0
1028,2021-10-22 06:57:32,32000.0,500.0,7449200.0
1029,2021-10-22 06:57:32,32000.0,2000.0,7448700.0
1030,2021-10-22 06:57:32,32000.0,1700.0,7446700.0
1031,2021-10-22 06:57:21,31950.0,100.0,7445000.0
1032,2021-10-22 06:57:21,31950.0,500.0,7444900.0
1033,2021-10-22 06:57:21,31950.0,100.0,7444400.0
1034,2021-10-22 06:57:15,32000.0,200.0,7444300.0
1035,2021-10-22 06:57:15,32000.0,200.0,7444100.0
1036,2021-10-22 06:57:15,32000.0,500.0,7443900.0
1037,2021-10-22 06:57:15,32000.0,1000.0,7443400.0
1038,2021-10-22 06:57:15,32000.0,500.0,7442400.0
1039,2021-10-22 06:57:15,32000.0,100.0,7441900.0
1040,2021-10-22 06:57:15,32000.0,100.0,7441800.0
1041,2021-10-22 06:57:15,32000.0,100.0,7441700.0
1042,2021-10-22 06:57:15,32000.0,300.0,7441600.0
1043,2021-10-22 06:57:15,32000.0,300.0,7441300.0
1044,2021-10-22 06:57:15,32000.0,200.0,7441000.0
1045,2021-10-22 06:57:14,32000.0,500.0,7440800.0
1046,2021-10-22 06:57:14,32000.0,1600.0,7440300.0
1047,2021-10-22 06:57:14,32000.0,7900.0,7438700.0
1048,2021-10-22 06:57:12,32000.0,500.0,7430800.0
1049,2021-10-22 06:57:12,32000.0,3400.0,7430300.0
1050,2021-10-22 06:57:07,32000.0,1000.0,7426900.0
1051,2021-10-22 06:57:05,32000.0,1200.0,7425900.0
1052,2021-10-22 06:57:05,32000.0,1000.0,7424700.0
1053,2021-10-22 06:57:05,32000.0,3500.0,7423700.0
1054,2021-10-22 06:57:05,32000.0,300.0,7420200.0
1055,2021-10-22 06:57:05,32000.0,1000.0,7419900.0
1056,2021-10-22 06:57:05,32000.0,300.0,7418900.0
1057,2021-10-22 06:57:05,32000.0,100.0,7418600.0
1058,2021-10-22 06:57:05,32000.0,200.0,7418500.0
1059,2021-10-22 06:57:05,32000.0,500.0,7418300.0
1060,2021-10-22 06:57:05,32000.0,1900.0,7417800.0
1061,2021-10-22 06:57:04,32000.0,1000.0,7415900.0
1062,2021-10-22 06:57:02,32000.0,600.0,7414900.0
1063,2021-10-22 06:57:02,32000.0,100.0,7414300.0
1064,2021-10-22 06:57:02,32000.0,1500.0,7414200.0
1065,2021-10-22 06:57:02,32000.0,200.0,7412700.0
1066,2021-10-22 06:57:02,32000.0,100.0,7412500.0
1067,2021-10-22 06:57:02,32000.0,1000.0,7412400.0
1068,2021-10-22 06:57:02,32000.0,500.0,7411400.0
1069,2021-10-22 06:57:02,32000.0,400.0,7410900.0
1070,2021-10-22 06:57:02,32000.0,500.0,7410500.0
1071,2021-10-22 06:57:02,32000.0,100.0,7410000.0
1072,2021-10-22 06:57:02,32000.0,400.0,7409900.0
1073,2021-10-22 06:57:02,32000.0,1000.0,7409500.0
1074,2021-10-22 06:57:02,32000.0,100.0,7408500.0
1075,2021-10-22 06:57:02,32000.0,200.0,7408400.0
1076,2021-10-22 06:57:02,32000.0,2000.0,7408200.0
1077,2021-10-22 06:57:02,32000.0,100.0,7406200.0
1078,2021-10-22 06:57:02,32000.0,100.0,7406100.0
1079,2021-10-22 06:57:02,32000.0,500.0,7406000.0
1080,2021-10-22 06:57:02,32000.0,600.0,7405500.0
1081,2021-10-22 06:57:02,32000.0,200.0,7404900.0
1082,2021-10-22 06:57:02,32000.0,300.0,7404700.0
1083,2021-10-22 06:57:02,32000.0,100.0,7404400.0
1084,2021-10-22 06:57:02,32000.0,2000.0,7404300.0
1085,2021-10-22 06:57:02,32000.0,200.0,7402300.0
1086,2021-10-22 06:57:02,32000.0,500.0,7402100.0
1087,2021-10-22 06:56:59,32000.0,600.0,7401600.0
1088,2021-10-22 06:56:59,32000.0,900.0,7401000.0
1089,2021-10-22 06:56:59,32000.0,100.0,7400100.0
1090,2021-10-22 06:56:59,32000.0,100.0,7400000.0
1091,2021-10-22 06:56:59,32000.0,600.0,7399900.0
1092,2021-10-22 06:56:59,32000.0,1000.0,7399300.0
1093,2021-10-22 06:56:59,32000.0,2400.0,7398300.0
1094,2021-10-22 06:56:57,32000.0,1600.0,7395900.0
1095,2021-10-22 06:56:57,32000.0,100.0,7394300.0
1096,2021-10-22 06:56:57,32000.0,500.0,7394200.0
1097,2021-10-22 06:56:57,32000.0,100.0,7393700.0
1098,2021-10-22 06:56:57,32000.0,100.0,7393600.0
1099,2021-10-22 06:56:57,32000.0,100.0,7393500.0
1100,2021-10-22 06:56:57,32000.0,1000.0,7393400.0
1101,2021-10-22 06:56:57,32000.0,100.0,7392400.0
1102,2021-10-22 06:56:57,32000.0,6400.0,7392300.0
1103,2021-10-22 06:56:54,32000.0,900.0,7385900.0
1104,2021-10-22 06:56:51,32000.0,12700.0,7385000.0
1105,2021-10-22 06:56:51,32000.0,800.0,7372300.0
1106,2021-10-22 06:56:51,32000.0,1000.0,7371500.0
1107,2021-10-22 06:56:51,32000.0,100.0,7370500.0
1108,2021-10-22 06:56:51,32000.0,100.0,7370400.0
1109,2021-10-22 06:56:51,32000.0,100.0,7370300.0
1110,2021-10-22 06:56:51,32000.0,100.0,7370200.0
1111,2021-10-22 06:56:51,32000.0,100.0,7370100.0
1112,2021-10-22 06:56:51,32000.0,2000.0,7370000.0
1113,2021-10-22 06:56:51,32000.0,500.0,7368000.0
1114,2021-10-22 06:56:51,32000.0,700.0,7367500.0
1115,2021-10-22 06:56:51,32000.0,500.0,7366800.0
1116,2021-10-22 06:56:51,32000.0,200.0,7366300.0
1117,2021-10-22 06:56:51,32000.0,200.0,7366100.0
1118,2021-10-22 06:56:51,32000.0,500.0,7365900.0
1119,2021-10-22 06:56:51,32000.0,1000.0,7365400.0
1120,2021-10-22 06:56:51,32000.0,100.0,7364400.0
1121,2021-10-22 06:56:51,32000.0,300.0,7364300.0
1122,2021-10-22 06:56:51,32000.0,1000.0,7364000.0
1123,2021-10-22 06:56:51,32000.0,500.0,7363000.0
1124,2021-10-22 06:56:51,32000.0,1000.0,7362500.0
1125,2021-10-22 06:56:51,32000.0,1000.0,7361500.0
1126,2021-10-22 06:56:51,32000.0,200.0,7360500.0
1127,2021-10-22 06:56:51,32000.0,2000.0,7360300.0
1128,2021-10-22 06:56:51,32000.0,600.0,7358300.0
1129,2021-10-22 06:56:51,32000.0,1000.0,7357700.0
1130,2021-10-22 06:56:51,32000.0,500.0,7356700.0
1131,2021-10-22 06:56:51,32000.0,100.0,7356200.0
1132,2021-10-22 06:56:51,32000.0,500.0,7356100.0
1133,2021-10-22 06:56:51,32000.0,100.0,7355600.0
1134,2021-10-22 06:56:51,32000.0,200.0,7355500.0
1135,2021-10-22 06:56:51,32000.0,1000.0,7355300.0
1136,2021-10-22 06:56:51,32000.0,100.0,7354300.0
1137,2021-10-22 06:56:51,32000.0,300.0,7354200.0
1138,2021-10-22 06:56:51,32000.0,400.0,7353900.0
1139,2021-10-22 06:56:46,32000.0,200.0,7353500.0
1140,2021-10-22 06:56:46,32000.0,100.0,7353300.0
1141,2021-10-22 06:56:42,32000.0,400.0,7353200.0
1142,2021-10-22 06:56:35,32000.0,900.0,7352800.0
1143,2021-10-22 06:56:35,32000.0,800.0,7351900.0
1144,2021-10-22 06:56:35,32000.0,100.0,7351100.0
1145,2021-10-22 06:56:35,32000.0,100.0,7351000.0
1146,2021-10-22 06:56:35,32000.0,100.0,7350900.0
1147,2021-10-22 06:56:32,32000.0,400.0,7350800.0
1148,2021-10-22 06:56:32,32000.0,100.0,7350400.0
1149,2021-10-22 06:56:32,32000.0,500.0,7350300.0
1150,2021-10-22 06:56:30,32000.0,300.0,7349800.0
1151,2021-10-22 06:56:27,32000.0,800.0,7349500.0
1152,2021-10-22 06:56:14,32000.0,400.0,7348700.0
1153,2021-10-22 06:56:14,32000.0,3000.0,7348300.0
1154,2021-10-22 06:56:14,32000.0,200.0,7345300.0
1155,2021-10-22 06:56:14,32000.0,300.0,7345100.0
1156,2021-10-22 06:56:14,32000.0,300.0,7344800.0
1157,2021-10-22 06:56:14,32000.0,500.0,7344500.0
1158,2021-10-22 06:56:14,32000.0,1000.0,7344000.0
1159,2021-10-22 06:56:14,32000.0,100.0,7343000.0
1160,2021-10-22 06:56:14,32000.0,500.0,7342900.0
1161,2021-10-22 06:56:14,32000.0,100.0,7342400.0
1162,2021-10-22 06:56:14,32000.0,100.0,7342300.0
1163,2021-10-22 06:56:14,32000.0,500.0,7342200.0
1164,2021-10-22 06:56:13,32000.0,1500.0,7341700.0
1165,2021-10-22 06:56:13,32000.0,500.0,7340200.0
1166,2021-10-22 06:56:13,32000.0,500.0,7339700.0
1167,2021-10-22 06:56:13,32000.0,100.0,7339200.0
1168,2021-10-22 06:56:13,32000.0,2000.0,7339100.0
1169,2021-10-22 06:56:13,32000.0,400.0,7337100.0
1170,2021-10-22 06:56:07,32000.0,500.0,7336700.0
1171,2021-10-22 06:55:57,32000.0,100.0,7336200.0
1172,2021-10-22 06:55:57,32000.0,900.0,7336100.0
1173,2021-10-22 06:55:56,32000.0,100.0,7335200.0
1174,2021-10-22 06:55:39,32000.0,100.0,7335100.0
1175,2021-10-22 06:55:37,32050.0,300.0,7335000.0
1176,2021-10-22 06:55:33,32050.0,4000.0,7334700.0
1177,2021-10-22 06:55:31,32000.0,300.0,7330700.0
1178,2021-10-22 06:55:27,32050.0,1000.0,7330400.0
1179,2021-10-22 06:55:25,32000.0,100.0,7329400.0
1180,2021-10-22 06:55:25,32000.0,100.0,7329300.0
1181,2021-10-22 06:55:25,32000.0,100.0,7329200.0
1182,2021-10-22 06:55:25,32000.0,700.0,7329100.0
1183,2021-10-22 06:55:23,32000.0,800.0,7328400.0
1184,2021-10-22 06:55:23,32000.0,100.0,7327600.0
1185,2021-10-22 06:55:23,32000.0,100.0,7327500.0
1186,2021-10-22 06:55:22,32000.0,2000.0,7327400.0
1187,2021-10-22 06:55:22,32000.0,100.0,7325400.0
1188,2021-10-22 06:55:22,32000.0,900.0,7325300.0
1189,2021-10-22 06:55:21,32000.0,1600.0,7324400.0
1190,2021-10-22 06:55:18,32000.0,1000.0,7322800.0
1191,2021-10-22 06:55:14,32000.0,7700.0,7321800.0
1192,2021-10-22 06:55:13,32050.0,500.0,7314100.0
1193,2021-10-22 06:55:12,32050.0,600.0,7313600.0
1194,2021-10-22 06:55:12,32050.0,400.0,7313000.0
1195,2021-10-22 06:55:12,32050.0,400.0,7312600.0
1196,2021-10-22 06:55:01,32000.0,2800.0,7312200.0
1197,2021-10-22 06:54:56,32000.0,100.0,7309400.0
1198,2021-10-22 06:54:46,32050.0,100.0,7309300.0
1199,2021-10-22 06:54:46,32050.0,100.0,7309200.0
1200,2021-10-22 06:54:46,32050.0,100.0,7309100.0
1201,2021-10-22 06:54:46,32050.0,200.0,7309000.0
1202,2021-10-22 06:54:45,32000.0,100.0,7308800.0
1203,2021-10-22 06:54:43,32000.0,100.0,7308700.0
1204,2021-10-22 06:54:39,32000.0,400.0,7308600.0
1205,2021-10-22 06:54:39,32000.0,400.0,7308200.0
1206,2021-10-22 06:54:39,32000.0,100.0,7307800.0
1207,2021-10-22 06:54:39,32000.0,100.0,7307700.0
1208,2021-10-22 06:54:31,32000.0,100.0,7307600.0
1209,2021-10-22 06:54:30,32000.0,400.0,7307500.0
1210,2021-10-22 06:54:30,32000.0,500.0,7307100.0
1211,2021-10-22 06:54:30,32000.0,100.0,7306600.0
1212,2021-10-22 06:54:29,32000.0,200.0,7306500.0
1213,2021-10-22 06:54:21,32000.0,200.0,7306300.0
1214,2021-10-22 06:54:21,32000.0,100.0,7306100.0
1215,2021-10-22 06:54:18,32000.0,100.0,7306000.0
1216,2021-10-22 06:54:17,32000.0,100.0,7305900.0
1217,2021-10-22 06:54:17,32000.0,100.0,7305800.0
1218,2021-10-22 06:54:17,32000.0,400.0,7305700.0
1219,2021-10-22 06:54:17,32000.0,100.0,7305300.0
1220,2021-10-22 06:54:17,32000.0,100.0,7305200.0
1221,2021-10-22 06:54:17,32000.0,100.0,7305100.0
1222,2021-10-22 06:54:17,32000.0,500.0,7305000.0
1223,2021-10-22 06:54:17,32000.0,100.0,7304500.0
1224,2021-10-22 06:54:17,32000.0,500.0,7304400.0
1225,2021-10-22 06:54:17,32000.0,300.0,7303900.0
1226,2021-10-22 06:54:13,32000.0,100.0,7303600.0
1227,2021-10-22 06:54:03,32000.0,600.0,7303500.0
1228,2021-10-22 06:54:03,32000.0,200.0,7302900.0
1229,2021-10-22 06:54:03,32000.0,1000.0,7302700.0
1230,2021-10-22 06:54:03,32000.0,500.0,7301700.0
1231,2021-10-22 06:54:03,32000.0,100.0,7301200.0
1232,2021-10-22 06:54:03,32000.0,500.0,7301100.0
1233,2021-10-22 06:54:03,32000.0,4000.0,7300600.0
1234,2021-10-22 06:54:03,32000.0,1000.0,7296600.0
1235,2021-10-22 06:54:03,32000.0,200.0,7295600.0
1236,2021-10-22 06:54:03,32000.0,300.0,7295400.0
1237,2021-10-22 06:54:03,32000.0,200.0,7295100.0
1238,2021-10-22 06:54:03,32000.0,100.0,7294900.0
1239,2021-10-22 06:54:03,32000.0,1000.0,7294800.0
1240,2021-10-22 06:54:03,32000.0,300.0,7293800.0
1241,2021-10-22 06:54:01,32000.0,1700.0,7293500.0
1242,2021-10-22 06:54:01,32000.0,1000.0,7291800.0
1243,2021-10-22 06:54:01,32000.0,100.0,7290800.0
1244,2021-10-22 06:54:01,32000.0,100.0,7290700.0
1245,2021-10-22 06:54:01,32000.0,100.0,7290600.0
1246,2021-10-22 06:54:01,32000.0,500.0,7290500.0
1247,2021-10-22 06:54:01,32000.0,100.0,7290000.0
1248,2021-10-22 06:54:01,32000.0,2000.0,7289900.0
1249,2021-10-22 06:54:01,32000.0,1000.0,7287900.0
1250,2021-10-22 06:54:01,32000.0,500.0,7286900.0
1251,2021-10-22 06:54:01,32000.0,200.0,7286400.0
1252,2021-10-22 06:54:01,32000.0,500.0,7286200.0
1253,2021-10-22 06:54:01,32000.0,900.0,7285700.0
1254,2021-10-22 06:54:01,32000.0,5000.0,7284800.0
1255,2021-10-22 06:54:01,32000.0,500.0,7279800.0
1256,2021-10-22 06:54:01,32000.0,300.0,7279300.0
1257,2021-10-22 06:54:01,32000.0,700.0,7279000.0
1258,2021-10-22 06:54:01,32000.0,5000.0,7278300.0
1259,2021-10-22 06:54:01,32000.0,9800.0,7273300.0
1260,2021-10-22 06:53:47,32000.0,100.0,7263500.0
1261,2021-10-22 06:53:46,32050.0,100.0,7263400.0
1262,2021-10-22 06:53:45,32000.0,100.0,7263300.0
1263,2021-10-22 06:53:45,32000.0,900.0,7263200.0
1264,2021-10-22 06:53:44,32050.0,200.0,7262300.0
1265,2021-10-22 06:53:44,32050.0,1200.0,7262100.0
1266,2021-10-22 06:53:44,32050.0,200.0,7260900.0
1267,2021-10-22 06:53:44,32050.0,1000.0,7260700.0
1268,2021-10-22 06:53:44,32050.0,7400.0,7259700.0
1269,2021-10-22 06:53:15,32000.0,3000.0,7252300.0
1270,2021-10-22 06:53:13,32000.0,100.0,7249300.0
1271,2021-10-22 06:53:13,32000.0,2600.0,7249200.0
1272,2021-10-22 06:53:13,32000.0,1300.0,7246600.0
1273,2021-10-22 06:53:11,32050.0,3600.0,7245300.0
1274,2021-10-22 06:53:11,32050.0,1000.0,7241700.0
1275,2021-10-22 06:53:11,32050.0,400.0,7240700.0
1276,2021-10-22 06:53:04,32050.0,500.0,7240300.0
1277,2021-10-22 06:53:04,32050.0,4000.0,7239800.0
1278,2021-10-22 06:52:54,32050.0,200.0,7235800.0
1279,2021-10-22 06:52:50,32050.0,1000.0,7235600.0
1280,2021-10-22 06:52:38,32050.0,400.0,7234600.0
1281,2021-10-22 06:52:38,32050.0,2000.0,7234200.0
1282,2021-10-22 06:52:38,32050.0,100.0,7232200.0
1283,2021-10-22 06:52:38,32050.0,1400.0,7232100.0
1284,2021-10-22 06:52:36,32050.0,1000.0,7230700.0
1285,2021-10-22 06:52:30,32050.0,100.0,7229700.0
1286,2021-10-22 06:52:29,32050.0,200.0,7229600.0
1287,2021-10-22 06:52:25,32050.0,1000.0,7229400.0
1288,2021-10-22 06:52:25,32050.0,1300.0,7228400.0
1289,2021-10-22 06:52:25,32050.0,600.0,7227100.0
1290,2021-10-22 06:52:25,32050.0,1000.0,7226500.0
1291,2021-10-22 06:52:22,32050.0,300.0,7225500.0
1292,2021-10-22 06:52:20,32050.0,100.0,7225200.0
1293,2021-10-22 06:52:20,32050.0,400.0,7225100.0
1294,2021-10-22 06:52:20,32050.0,9500.0,7224700.0
1295,2021-10-22 06:52:18,32050.0,500.0,7215200.0
1296,2021-10-22 06:52:18,32050.0,100.0,7214700.0
1297,2021-10-22 06:52:18,32050.0,1000.0,7214600.0
1298,2021-10-22 06:52:18,32050.0,1500.0,7213600.0
1299,2021-10-22 06:52:18,32050.0,100.0,7212100.0
1300,2021-10-22 06:52:18,32050.0,1000.0,7212000.0
1301,2021-10-22 06:52:18,32050.0,100.0,7211000.0
1302,2021-10-22 06:52:18,32050.0,700.0,7210900.0
1303,2021-10-22 06:52:10,32050.0,200.0,7210200.0
1304,2021-10-22 06:52:07,32050.0,100.0,7210000.0
1305,2021-10-22 06:52:01,32050.0,100.0,7209900.0
1306,2021-10-22 06:51:52,32050.0,500.0,7209800.0
1307,2021-10-22 06:51:52,32050.0,1500.0,7209300.0
1308,2021-10-22 06:51:47,32050.0,100.0,7207800.0
1309,2021-10-22 06:51:47,32050.0,400.0,7207700.0
1310,2021-10-22 06:51:38,32050.0,100.0,7207300.0
1311,2021-10-22 06:50:39,32050.0,200.0,7207200.0
1312,2021-10-22 06:50:32,32100.0,500.0,7207000.0
1313,2021-10-22 06:50:31,32050.0,100.0,7206500.0
1314,2021-10-22 06:50:29,32050.0,200.0,7206400.0
1315,2021-10-22 06:50:29,32050.0,200.0,7206200.0
1316,2021-10-22 06:50:29,32050.0,100.0,7206000.0
1317,2021-10-22 06:50:22,32050.0,100.0,7205900.0
1318,2021-10-22 06:50:22,32050.0,900.0,7205800.0
1319,2021-10-22 06:50:21,32050.0,100.0,7204900.0
1320,2021-10-22 06:50:21,32050.0,200.0,7204800.0
1321,2021-10-22 06:50:19,32100.0,1000.0,7204600.0
1322,2021-10-22 06:50:02,32050.0,100.0,7203600.0
1323,2021-10-22 06:50:00,32050.0,1000.0,7203500.0
1324,2021-10-22 06:49:53,32050.0,3000.0,7202500.0
1325,2021-10-22 06:49:53,32050.0,500.0,7199500.0
1326,2021-10-22 06:49:53,32050.0,1200.0,7199000.0
1327,2021-10-22 06:49:53,32050.0,6800.0,7197800.0
1328,2021-10-22 06:49:53,32050.0,100.0,7191000.0
1329,2021-10-22 06:49:53,32050.0,1000.0,7190900.0
1330,2021-10-22 06:49:53,32050.0,5000.0,7189900.0
1331,2021-10-22 06:49:53,32050.0,300.0,7184900.0
1332,2021-10-22 06:49:53,32050.0,800.0,7184600.0
1333,2021-10-22 06:49:51,32050.0,2000.0,7183800.0
1334,2021-10-22 06:49:50,32050.0,2200.0,7181800.0
1335,2021-10-22 06:49:50,32050.0,800.0,7179600.0
1336,2021-10-22 06:49:36,32050.0,3200.0,7178800.0
1337,2021-10-22 06:49:36,32050.0,1000.0,7175600.0
1338,2021-10-22 06:49:36,32050.0,2000.0,7174600.0
1339,2021-10-22 06:49:36,32050.0,3000.0,7172600.0
1340,2021-10-22 06:49:36,32050.0,1000.0,7169600.0
1341,2021-10-22 06:49:36,32050.0,5000.0,7168600.0
1342,2021-10-22 06:49:36,32050.0,1400.0,7163600.0
1343,2021-10-22 06:49:36,32050.0,400.0,7162200.0
1344,2021-10-22 06:49:27,32050.0,100.0,7161800.0
1345,2021-10-22 06:49:08,32050.0,100.0,7161700.0
1346,2021-10-22 06:49:01,32050.0,200.0,7161600.0
1347,2021-10-22 06:48:59,32050.0,100.0,7161400.0
1348,2021-10-22 06:48:56,32050.0,300.0,7161300.0
1349,2021-10-22 06:48:55,32050.0,500.0,7161000.0
1350,2021-10-22 06:48:53,32000.0,1200.0,7160500.0
1351,2021-10-22 06:48:52,32050.0,1000.0,7159300.0
1352,2021-10-22 06:48:51,32000.0,2000.0,7158300.0
1353,2021-10-22 06:48:44,32050.0,100.0,7156300.0
1354,2021-10-22 06:48:30,32050.0,100.0,7156200.0
1355,2021-10-22 06:48:28,32050.0,100.0,7156100.0
1356,2021-10-22 06:48:28,32050.0,100.0,7156000.0
1357,2021-10-22 06:48:17,32050.0,400.0,7155900.0
1358,2021-10-22 06:48:17,32050.0,600.0,7155500.0
1359,2021-10-22 06:48:03,32050.0,100.0,7154900.0
1360,2021-10-22 06:47:58,32000.0,100.0,7154800.0
1361,2021-10-22 06:47:56,32050.0,100.0,7154700.0
1362,2021-10-22 06:47:56,32050.0,800.0,7154600.0
1363,2021-10-22 06:47:50,32000.0,1000.0,7153800.0
1364,2021-10-22 06:47:42,32050.0,200.0,7152800.0
1365,2021-10-22 06:47:42,32050.0,700.0,7152600.0
1366,2021-10-22 06:47:42,32050.0,100.0,7151900.0
1367,2021-10-22 06:47:27,32050.0,500.0,7151800.0
1368,2021-10-22 06:47:24,32050.0,900.0,7151300.0
1369,2021-10-22 06:47:20,32050.0,500.0,7150400.0
1370,2021-10-22 06:47:20,32050.0,500.0,7149900.0
1371,2021-10-22 06:47:19,32050.0,500.0,7149400.0
1372,2021-10-22 06:47:19,32050.0,500.0,7148900.0
1373,2021-10-22 06:47:11,32050.0,300.0,7148400.0
1374,2021-10-22 06:47:11,32050.0,8200.0,7148100.0
1375,2021-10-22 06:47:11,32050.0,1800.0,7139900.0
1376,2021-10-22 06:47:09,32050.0,100.0,7138100.0
1377,2021-10-22 06:47:07,32050.0,300.0,7138000.0
1378,2021-10-22 06:47:02,32050.0,400.0,7137700.0
1379,2021-10-22 06:47:02,32050.0,500.0,7137300.0
1380,2021-10-22 06:47:02,32050.0,3300.0,7136800.0
1381,2021-10-22 06:47:02,32050.0,1000.0,7133500.0
1382,2021-10-22 06:47:02,32050.0,200.0,7132500.0
1383,2021-10-22 06:47:01,32050.0,500.0,7132300.0
1384,2021-10-22 06:46:59,32050.0,300.0,7131800.0
1385,2021-10-22 06:46:53,32050.0,200.0,7131500.0
1386,2021-10-22 06:46:49,32050.0,300.0,7131300.0
1387,2021-10-22 06:46:42,32050.0,500.0,7131000.0
1388,2021-10-22 06:46:42,32050.0,200.0,7130500.0
1389,2021-10-22 06:46:42,32050.0,100.0,7130300.0
1390,2021-10-22 06:46:35,32050.0,100.0,7130200.0
1391,2021-10-22 06:46:35,32050.0,4900.0,7130100.0
1392,2021-10-22 06:46:21,32050.0,100.0,7125200.0
1393,2021-10-22 06:46:20,32000.0,500.0,7125100.0
1394,2021-10-22 06:46:20,32000.0,100.0,7124600.0
1395,2021-10-22 06:46:19,32000.0,600.0,7124500.0
1396,2021-10-22 06:46:19,32000.0,400.0,7123900.0
1397,2021-10-22 06:45:53,32000.0,100.0,7123500.0
1398,2021-10-22 06:45:53,32000.0,100.0,7123400.0
1399,2021-10-22 06:45:53,32000.0,500.0,7123300.0
1400,2021-10-22 06:45:53,32000.0,200.0,7122800.0
1401,2021-10-22 06:45:53,32000.0,100.0,7122600.0
1402,2021-10-22 06:45:53,32000.0,400.0,7122500.0
1403,2021-10-22 06:45:53,32000.0,1000.0,7122100.0
1404,2021-10-22 06:45:53,32000.0,300.0,7121100.0
1405,2021-10-22 06:45:53,32000.0,300.0,7120800.0
1406,2021-10-22 06:45:46,32000.0,100.0,7120500.0
1407,2021-10-22 06:45:45,32000.0,100.0,7120400.0
1408,2021-10-22 06:45:43,32050.0,300.0,7120300.0
1409,2021-10-22 06:45:33,32050.0,200.0,7120000.0
1410,2021-10-22 06:45:33,32050.0,3000.0,7119800.0
1411,2021-10-22 06:45:33,32050.0,200.0,7116800.0
1412,2021-10-22 06:45:33,32050.0,2000.0,7116600.0
1413,2021-10-22 06:45:33,32050.0,500.0,7114600.0
1414,2021-10-22 06:45:33,32050.0,5800.0,7114100.0
1415,2021-10-22 06:45:30,32050.0,3000.0,7108300.0
1416,2021-10-22 06:45:29,32050.0,3500.0,7105300.0
1417,2021-10-22 06:45:22,32050.0,600.0,7101800.0
1418,2021-10-22 06:45:15,32050.0,3000.0,7101200.0
1419,2021-10-22 06:45:09,32050.0,800.0,7098200.0
1420,2021-10-22 06:45:09,32050.0,1300.0,7097400.0
1421,2021-10-22 06:45:06,32050.0,1000.0,7096100.0
1422,2021-10-22 06:45:06,32050.0,1300.0,7095100.0
1423,2021-10-22 06:45:01,32100.0,100.0,7093800.0
1424,2021-10-22 06:45:01,32100.0,200.0,7093700.0
1425,2021-10-22 06:45:01,32100.0,1700.0,7093500.0
1426,2021-10-22 06:44:59,32050.0,300.0,7091800.0
1427,2021-10-22 06:44:56,32050.0,400.0,7091500.0
1428,2021-10-22 06:44:56,32050.0,100.0,7091100.0
1429,2021-10-22 06:44:56,32050.0,500.0,7091000.0
1430,2021-10-22 06:44:47,32050.0,300.0,7090500.0
1431,2021-10-22 06:44:47,32050.0,200.0,7090200.0
1432,2021-10-22 06:44:47,32050.0,1000.0,7090000.0
1433,2021-10-22 06:44:47,32050.0,100.0,7089000.0
1434,2021-10-22 06:44:47,32050.0,600.0,7088900.0
1435,2021-10-22 06:44:47,32050.0,1000.0,7088300.0
1436,2021-10-22 06:44:47,32050.0,2200.0,7087300.0
1437,2021-10-22 06:44:47,32050.0,200.0,7085100.0
1438,2021-10-22 06:44:47,32050.0,500.0,7084900.0
1439,2021-10-22 06:44:47,32050.0,200.0,7084400.0
1440,2021-10-22 06:44:47,32050.0,1000.0,7084200.0
1441,2021-10-22 06:44:40,32100.0,100.0,7083200.0
1442,2021-10-22 06:44:37,32100.0,100.0,7083100.0
1443,2021-10-22 06:44:35,32050.0,6000.0,7083000.0
1444,2021-10-22 06:44:35,32050.0,100.0,7077000.0
1445,2021-10-22 06:44:35,32050.0,100.0,7076900.0
1446,2021-10-22 06:44:35,32050.0,500.0,7076800.0
1447,2021-10-22 06:44:35,32050.0,2500.0,7076300.0
1448,2021-10-22 06:44:32,32050.0,6900.0,7073800.0
1449,2021-10-22 06:44:32,32050.0,10000.0,7066900.0
1450,2021-10-22 06:44:32,32050.0,5000.0,7056900.0
1451,2021-10-22 06:44:32,32050.0,500.0,7051900.0
1452,2021-10-22 06:44:32,32050.0,500.0,7051400.0
1453,2021-10-22 06:44:32,32050.0,5000.0,7050900.0
1454,2021-10-22 06:44:32,32050.0,1000.0,7045900.0
1455,2021-10-22 06:44:32,32050.0,3000.0,7044900.0
1456,2021-10-22 06:44:32,32050.0,100.0,7041900.0
1457,2021-10-22 06:44:32,32050.0,500.0,7041800.0
1458,2021-10-22 06:44:32,32050.0,5000.0,7041300.0
1459,2021-10-22 06:44:32,32050.0,500.0,7036300.0
1460,2021-10-22 06:44:32,32050.0,500.0,7035800.0
1461,2021-10-22 06:44:32,32050.0,1000.0,7035300.0
1462,2021-10-22 06:44:32,32050.0,500.0,7034300.0
1463,2021-10-22 06:44:21,32050.0,300.0,7033800.0
1464,2021-10-22 06:44:07,32100.0,300.0,7033500.0
1465,2021-10-22 06:44:05,32050.0,9200.0,7033200.0
1466,2021-10-22 06:44:05,32050.0,800.0,7024000.0
1467,2021-10-22 06:44:00,32050.0,300.0,7023200.0
1468,2021-10-22 06:43:42,32050.0,500.0,7022900.0
1469,2021-10-22 06:43:32,32100.0,500.0,7022400.0
1470,2021-10-22 06:43:22,32100.0,500.0,7021900.0
1471,2021-10-22 06:43:16,32100.0,500.0,7021400.0
1472,2021-10-22 06:43:11,32100.0,600.0,7020900.0
1473,2021-10-22 06:43:10,32100.0,100.0,7020300.0
1474,2021-10-22 06:43:09,32100.0,300.0,7020200.0
1475,2021-10-22 06:43:09,32100.0,1000.0,7019900.0
1476,2021-10-22 06:43:09,32100.0,500.0,7018900.0
1477,2021-10-22 06:43:09,32100.0,500.0,7018400.0
1478,2021-10-22 06:43:09,32100.0,400.0,7017900.0
1479,2021-10-22 06:43:00,32100.0,2600.0,7017500.0
1480,2021-10-22 06:43:00,32100.0,300.0,7014900.0
1481,2021-10-22 06:43:00,32100.0,800.0,7014600.0
1482,2021-10-22 06:42:55,32100.0,200.0,7013800.0
1483,2021-10-22 06:42:55,32100.0,500.0,7013600.0
1484,2021-10-22 06:42:42,32100.0,900.0,7013100.0
1485,2021-10-22 06:42:42,32100.0,100.0,7012200.0
1486,2021-10-22 06:42:36,32100.0,1900.0,7012100.0
1487,2021-10-22 06:42:36,32100.0,6500.0,7010200.0
1488,2021-10-22 06:42:36,32100.0,1000.0,7003700.0
1489,2021-10-22 06:42:36,32100.0,200.0,7002700.0
1490,2021-10-22 06:42:36,32100.0,500.0,7002500.0
1491,2021-10-22 06:42:36,32100.0,2000.0,7002000.0
1492,2021-10-22 06:42:36,32100.0,6000.0,7000000.0
1493,2021-10-22 06:42:36,32100.0,3500.0,6994000.0
1494,2021-10-22 06:42:36,32100.0,1000.0,6990500.0
1495,2021-10-22 06:42:36,32100.0,500.0,6989500.0
1496,2021-10-22 06:42:36,32100.0,100.0,6989000.0
1497,2021-10-22 06:42:36,32100.0,23800.0,6988900.0
1498,2021-10-22 06:42:33,32100.0,5000.0,6965100.0
1499,2021-10-22 06:42:29,32050.0,100.0,6960100.0
1500,2021-10-22 06:42:29,32050.0,100.0,6960000.0
1501,2021-10-22 06:42:29,32050.0,800.0,6959900.0
1502,2021-10-22 06:42:28,32100.0,700.0,6959100.0
1503,2021-10-22 06:42:27,32100.0,200.0,6958400.0
1504,2021-10-22 06:42:11,32100.0,200.0,6958200.0
1505,2021-10-22 06:42:10,32100.0,100.0,6958000.0
1506,2021-10-22 06:42:10,32100.0,300.0,6957900.0
1507,2021-10-22 06:42:08,32100.0,500.0,6957600.0
1508,2021-10-22 06:42:07,32100.0,200.0,6957100.0
1509,2021-10-22 06:42:07,32100.0,2000.0,6956900.0
1510,2021-10-22 06:42:07,32100.0,1000.0,6954900.0
1511,2021-10-22 06:42:07,32100.0,1000.0,6953900.0
1512,2021-10-22 06:42:07,32100.0,300.0,6952900.0
1513,2021-10-22 06:42:07,32100.0,500.0,6952600.0
1514,2021-10-22 06:42:07,32100.0,100.0,6952100.0
1515,2021-10-22 06:41:57,32100.0,100.0,6952000.0
1516,2021-10-22 06:41:55,32100.0,6400.0,6951900.0
1517,2021-10-22 06:41:51,32100.0,1000.0,6945500.0
1518,2021-10-22 06:41:36,32100.0,500.0,6944500.0
1519,2021-10-22 06:41:32,32100.0,1000.0,6944000.0
1520,2021-10-22 06:41:30,32100.0,1800.0,6943000.0
1521,2021-10-22 06:41:30,32100.0,400.0,6941200.0
1522,2021-10-22 06:41:30,32100.0,400.0,6940800.0
1523,2021-10-22 06:41:29,32100.0,500.0,6940400.0
1524,2021-10-22 06:41:29,32100.0,500.0,6939900.0
1525,2021-10-22 06:41:29,32100.0,300.0,6939400.0
1526,2021-10-22 06:41:15,32100.0,100.0,6939100.0
1527,2021-10-22 06:41:14,32100.0,2000.0,6939000.0
1528,2021-10-22 06:41:11,32100.0,100.0,6937000.0
1529,2021-10-22 06:41:07,32050.0,1200.0,6936900.0
1530,2021-10-22 06:41:07,32050.0,100.0,6935700.0
1531,2021-10-22 06:41:07,32100.0,500.0,6935600.0
1532,2021-10-22 06:41:07,32100.0,200.0,6935100.0
1533,2021-10-22 06:41:07,32100.0,1000.0,6934900.0
1534,2021-10-22 06:41:07,32100.0,300.0,6933900.0
1535,2021-10-22 06:41:07,32100.0,700.0,6933600.0
1536,2021-10-22 06:41:07,32100.0,300.0,6932900.0
1537,2021-10-22 06:41:05,32100.0,2000.0,6932600.0
1538,2021-10-22 06:41:01,32100.0,2000.0,6930600.0
1539,2021-10-22 06:41:01,32100.0,200.0,6928600.0
1540,2021-10-22 06:41:01,32100.0,3000.0,6928400.0
1541,2021-10-22 06:41:01,32100.0,300.0,6925400.0
1542,2021-10-22 06:41:01,32100.0,500.0,6925100.0
1543,2021-10-22 06:41:01,32100.0,100.0,6924600.0
1544,2021-10-22 06:41:01,32100.0,500.0,6924500.0
1545,2021-10-22 06:41:00,32100.0,1000.0,6924000.0
1546,2021-10-22 06:41:00,32100.0,500.0,6923000.0
1547,2021-10-22 06:41:00,32100.0,300.0,6922500.0
1548,2021-10-22 06:41:00,32100.0,100.0,6922200.0
1549,2021-10-22 06:41:00,32100.0,100.0,6922100.0
1550,2021-10-22 06:41:00,32100.0,3000.0,6922000.0
1551,2021-10-22 06:41:00,32150.0,100.0,6919000.0
1552,2021-10-22 06:40:58,32100.0,1000.0,6918900.0
1553,2021-10-22 06:40:55,32100.0,500.0,6917900.0
1554,2021-10-22 06:40:53,32100.0,100.0,6917400.0
1555,2021-10-22 06:40:43,32100.0,300.0,6917300.0
1556,2021-10-22 06:40:39,32100.0,100.0,6917000.0
1557,2021-10-22 06:40:39,32100.0,300.0,6916900.0
1558,2021-10-22 06:40:31,32100.0,200.0,6916600.0
1559,2021-10-22 06:40:31,32100.0,500.0,6916400.0
1560,2021-10-22 06:40:31,32100.0,1000.0,6915900.0
1561,2021-10-22 06:40:31,32100.0,200.0,6914900.0
1562,2021-10-22 06:40:31,32100.0,2000.0,6914700.0
1563,2021-10-22 06:40:31,32100.0,200.0,6912700.0
1564,2021-10-22 06:40:31,32100.0,900.0,6912500.0
1565,2021-10-22 06:40:26,32100.0,100.0,6911600.0
1566,2021-10-22 06:40:23,32100.0,500.0,6911500.0
1567,2021-10-22 06:40:20,32100.0,1000.0,6911000.0
1568,2021-10-22 06:40:17,32100.0,700.0,6910000.0
1569,2021-10-22 06:40:17,32100.0,5000.0,6909300.0
1570,2021-10-22 06:40:17,32100.0,100.0,6904300.0
1571,2021-10-22 06:40:17,32100.0,3000.0,6904200.0
1572,2021-10-22 06:40:17,32100.0,800.0,6901200.0
1573,2021-10-22 06:40:17,32100.0,400.0,6900400.0
1574,2021-10-22 06:40:14,32100.0,600.0,6900000.0
1575,2021-10-22 06:40:14,32100.0,400.0,6899400.0
1576,2021-10-22 06:40:11,32100.0,3000.0,6899000.0
1577,2021-10-22 06:40:08,32100.0,200.0,6896000.0
1578,2021-10-22 06:40:00,32150.0,200.0,6895800.0
1579,2021-10-22 06:39:56,32100.0,100.0,6895600.0
1580,2021-10-22 06:39:56,32100.0,300.0,6895500.0
1581,2021-10-22 06:39:56,32100.0,700.0,6895200.0
1582,2021-10-22 06:39:52,32100.0,300.0,6894500.0
1583,2021-10-22 06:39:52,32100.0,2800.0,6894200.0
1584,2021-10-22 06:39:50,32100.0,100.0,6891400.0
1585,2021-10-22 06:39:49,32150.0,700.0,6891300.0
1586,2021-10-22 06:39:49,32150.0,100.0,6890600.0
1587,2021-10-22 06:39:49,32150.0,300.0,6890500.0
1588,2021-10-22 06:39:48,32150.0,700.0,6890200.0
1589,2021-10-22 06:39:39,32100.0,100.0,6889500.0
1590,2021-10-22 06:39:39,32100.0,100.0,6889400.0
1591,2021-10-22 06:39:39,32100.0,200.0,6889300.0
1592,2021-10-22 06:39:39,32100.0,1000.0,6889100.0
1593,2021-10-22 06:39:39,32100.0,500.0,6888100.0
1594,2021-10-22 06:39:39,32100.0,300.0,6887600.0
1595,2021-10-22 06:39:39,32100.0,1000.0,6887300.0
1596,2021-10-22 06:39:39,32100.0,400.0,6886300.0
1597,2021-10-22 06:39:39,32100.0,200.0,6885900.0
1598,2021-10-22 06:39:39,32100.0,100.0,6885700.0
1599,2021-10-22 06:39:39,32100.0,1100.0,6885600.0
1600,2021-10-22 06:39:24,32150.0,300.0,6884500.0
1601,2021-10-22 06:39:22,32100.0,1000.0,6884200.0
1602,2021-10-22 06:39:22,32100.0,2000.0,6883200.0
1603,2021-10-22 06:39:22,32100.0,600.0,6881200.0
1604,2021-10-22 06:39:22,32100.0,2500.0,6880600.0
1605,2021-10-22 06:39:22,32100.0,13900.0,6878100.0
1606,2021-10-22 06:39:11,32150.0,4700.0,6864200.0
1607,2021-10-22 06:39:04,32150.0,5000.0,6859500.0
1608,2021-10-22 06:39:04,32150.0,1600.0,6854500.0
1609,2021-10-22 06:39:03,32150.0,300.0,6852900.0
1610,2021-10-22 06:39:01,32100.0,2000.0,6852600.0
1611,2021-10-22 06:38:59,32100.0,100.0,6850600.0
1612,2021-10-22 06:38:55,32150.0,200.0,6850500.0
1613,2021-10-22 06:38:52,32100.0,500.0,6850300.0
1614,2021-10-22 06:38:49,32100.0,300.0,6849800.0
1615,2021-10-22 06:38:48,32150.0,500.0,6849500.0
1616,2021-10-22 06:38:21,32100.0,600.0,6849000.0
1617,2021-10-22 06:38:20,32100.0,500.0,6848400.0
1618,2021-10-22 06:38:19,32150.0,300.0,6847900.0
1619,2021-10-22 06:38:17,32100.0,100.0,6847600.0
1620,2021-10-22 06:38:16,32150.0,500.0,6847500.0
1621,2021-10-22 06:38:15,32150.0,200.0,6847000.0
1622,2021-10-22 06:38:14,32150.0,1500.0,6846800.0
1623,2021-10-22 06:38:09,32150.0,100.0,6845300.0
1624,2021-10-22 06:38:01,32150.0,4800.0,6845200.0
1625,2021-10-22 06:38:01,32150.0,700.0,6840400.0
1626,2021-10-22 06:37:55,32150.0,1300.0,6839700.0
1627,2021-10-22 06:37:50,32150.0,100.0,6838400.0
1628,2021-10-22 06:37:50,32150.0,200.0,6838300.0
1629,2021-10-22 06:37:50,32150.0,200.0,6838100.0
1630,2021-10-22 06:37:16,32150.0,300.0,6837900.0
1631,2021-10-22 06:37:16,32150.0,1000.0,6837600.0
1632,2021-10-22 06:37:16,32150.0,1500.0,6836600.0
1633,2021-10-22 06:37:16,32150.0,400.0,6835100.0
1634,2021-10-22 06:37:16,32150.0,100.0,6834700.0
1635,2021-10-22 06:37:16,32150.0,1000.0,6834600.0
1636,2021-10-22 06:37:16,32150.0,100.0,6833600.0
1637,2021-10-22 06:37:16,32150.0,600.0,6833500.0
1638,2021-10-22 06:37:12,32100.0,500.0,6832900.0
1639,2021-10-22 06:37:11,32100.0,500.0,6832400.0
1640,2021-10-22 06:37:09,32150.0,500.0,6831900.0
1641,2021-10-22 06:37:03,32150.0,400.0,6831400.0
1642,2021-10-22 06:37:03,32150.0,100.0,6831000.0
1643,2021-10-22 06:36:57,32100.0,4000.0,6830900.0
1644,2021-10-22 06:36:57,32100.0,1000.0,6826900.0
1645,2021-10-22 06:36:54,32150.0,500.0,6825900.0
1646,2021-10-22 06:36:50,32150.0,500.0,6825400.0
1647,2021-10-22 06:36:34,32150.0,500.0,6824900.0
1648,2021-10-22 06:36:34,32150.0,500.0,6824400.0
1649,2021-10-22 06:36:34,32150.0,200.0,6823900.0
1650,2021-10-22 06:36:34,32150.0,1000.0,6823700.0
1651,2021-10-22 06:36:34,32150.0,100.0,6822700.0
1652,2021-10-22 06:36:34,32150.0,1000.0,6822600.0
1653,2021-10-22 06:36:34,32150.0,500.0,6821600.0
1654,2021-10-22 06:36:34,32150.0,100.0,6821100.0
1655,2021-10-22 06:36:34,32150.0,100.0,6821000.0
1656,2021-10-22 06:36:34,32150.0,1000.0,6820900.0
1657,2021-10-22 06:36:34,32150.0,500.0,6819900.0
1658,2021-10-22 06:36:34,32150.0,100.0,6819400.0
1659,2021-10-22 06:36:34,32150.0,10000.0,6819300.0
1660,2021-10-22 06:36:34,32150.0,3000.0,6809300.0
1661,2021-10-22 06:36:34,32150.0,400.0,6806300.0
1662,2021-10-22 06:36:33,32150.0,1000.0,6805900.0
1663,2021-10-22 06:36:28,32150.0,1100.0,6804900.0
1664,2021-10-22 06:36:28,32150.0,300.0,6803800.0
1665,2021-10-22 06:36:28,32150.0,100.0,6803500.0
1666,2021-10-22 06:36:28,32150.0,100.0,6803400.0
1667,2021-10-22 06:36:28,32150.0,3000.0,6803300.0
1668,2021-10-22 06:36:28,32150.0,200.0,6800300.0
1669,2021-10-22 06:36:28,32150.0,200.0,6800100.0
1670,2021-10-22 06:36:28,32150.0,100.0,6799900.0
1671,2021-10-22 06:36:24,32150.0,200.0,6799800.0
1672,2021-10-22 06:36:20,32150.0,4000.0,6799600.0
1673,2021-10-22 06:36:10,32100.0,200.0,6795600.0
1674,2021-10-22 06:36:05,32150.0,100.0,6795400.0
1675,2021-10-22 06:35:55,32100.0,100.0,6795300.0
1676,2021-10-22 06:35:55,32100.0,1000.0,6795200.0
1677,2021-10-22 06:35:55,32100.0,700.0,6794200.0
1678,2021-10-22 06:35:54,32050.0,200.0,6793500.0
1679,2021-10-22 06:35:54,32050.0,200.0,6793300.0
1680,2021-10-22 06:35:54,32050.0,200.0,6793100.0
1681,2021-10-22 06:35:54,32050.0,100.0,6792900.0
1682,2021-10-22 06:35:54,32050.0,4300.0,6792800.0
1683,2021-10-22 06:35:46,32100.0,2300.0,6788500.0
1684,2021-10-22 06:35:46,32100.0,2700.0,6786200.0
1685,2021-10-22 06:35:45,32100.0,100.0,6783500.0
1686,2021-10-22 06:35:45,32100.0,200.0,6783400.0
1687,2021-10-22 06:35:45,32100.0,300.0,6783200.0
1688,2021-10-22 06:35:40,32100.0,100.0,6782900.0
1689,2021-10-22 06:35:38,32100.0,1100.0,6782800.0
1690,2021-10-22 06:35:38,32100.0,100.0,6781700.0
1691,2021-10-22 06:35:27,32100.0,400.0,6781600.0
1692,2021-10-22 06:35:18,32100.0,400.0,6781200.0
1693,2021-10-22 06:35:18,32100.0,100.0,6780800.0
1694,2021-10-22 06:35:18,32100.0,1000.0,6780700.0
1695,2021-10-22 06:35:18,32100.0,100.0,6779700.0
1696,2021-10-22 06:35:18,32100.0,200.0,6779600.0
1697,2021-10-22 06:35:13,32100.0,800.0,6779400.0
1698,2021-10-22 06:35:13,32100.0,1500.0,6778600.0
1699,2021-10-22 06:35:13,32100.0,1000.0,6777100.0
1700,2021-10-22 06:35:13,32100.0,200.0,6776100.0
1701,2021-10-22 06:35:13,32100.0,1500.0,6775900.0
1702,2021-10-22 06:35:12,32100.0,100.0,6774400.0
1703,2021-10-22 06:35:12,32100.0,1000.0,6774300.0
1704,2021-10-22 06:35:10,32100.0,2400.0,6773300.0
1705,2021-10-22 06:35:10,32100.0,500.0,6770900.0
1706,2021-10-22 06:35:10,32100.0,5000.0,6770400.0
1707,2021-10-22 06:35:10,32100.0,500.0,6765400.0
1708,2021-10-22 06:35:10,32100.0,600.0,6764900.0
1709,2021-10-22 06:34:59,32100.0,500.0,6764300.0
1710,2021-10-22 06:34:58,32100.0,1000.0,6763800.0
1711,2021-10-22 06:34:55,32050.0,700.0,6762800.0
1712,2021-10-22 06:34:55,32050.0,300.0,6762100.0
1713,2021-10-22 06:34:54,32100.0,500.0,6761800.0
1714,2021-10-22 06:34:51,32100.0,100.0,6761300.0
1715,2021-10-22 06:34:48,32100.0,100.0,6761200.0
1716,2021-10-22 06:34:45,32100.0,5000.0,6761100.0
1717,2021-10-22 06:34:42,32100.0,400.0,6756100.0
1718,2021-10-22 06:34:42,32100.0,500.0,6755700.0
1719,2021-10-22 06:34:41,32100.0,20000.0,6755200.0
1720,2021-10-22 06:34:29,32100.0,300.0,6735200.0
1721,2021-10-22 06:34:24,32100.0,1000.0,6734900.0
1722,2021-10-22 06:34:08,32100.0,200.0,6733900.0
1723,2021-10-22 06:34:04,32100.0,200.0,6733700.0
1724,2021-10-22 06:34:04,32100.0,800.0,6733500.0
1725,2021-10-22 06:34:03,32100.0,2000.0,6732700.0
1726,2021-10-22 06:34:03,32100.0,200.0,6730700.0
1727,2021-10-22 06:34:03,32100.0,100.0,6730500.0
1728,2021-10-22 06:33:58,32100.0,200.0,6730400.0
1729,2021-10-22 06:33:51,32100.0,300.0,6730200.0
1730,2021-10-22 06:33:51,32100.0,300.0,6729900.0
1731,2021-10-22 06:33:51,32100.0,200.0,6729600.0
1732,2021-10-22 06:33:50,32100.0,200.0,6729400.0
1733,2021-10-22 06:33:44,32100.0,1000.0,6729200.0
1734,2021-10-22 06:33:33,32100.0,100.0,6728200.0
1735,2021-10-22 06:33:33,32100.0,300.0,6728100.0
1736,2021-10-22 06:33:33,32100.0,1000.0,6727800.0
1737,2021-10-22 06:33:33,32100.0,8600.0,6726800.0
1738,2021-10-22 06:33:28,32100.0,1400.0,6718200.0
1739,2021-10-22 06:33:28,32100.0,100.0,6716800.0
1740,2021-10-22 06:33:28,32100.0,200.0,6716700.0
1741,2021-10-22 06:33:28,32100.0,500.0,6716500.0
1742,2021-10-22 06:33:28,32100.0,900.0,6716000.0
1743,2021-10-22 06:33:28,32100.0,500.0,6715100.0
1744,2021-10-22 06:33:28,32100.0,500.0,6714600.0
1745,2021-10-22 06:33:28,32100.0,200.0,6714100.0
1746,2021-10-22 06:33:28,32100.0,1000.0,6713900.0
1747,2021-10-22 06:33:28,32100.0,100.0,6712900.0
1748,2021-10-22 06:33:28,32100.0,4600.0,6712800.0
1749,2021-10-22 06:33:28,32100.0,400.0,6708200.0
1750,2021-10-22 06:33:28,32100.0,1000.0,6707800.0
1751,2021-10-22 06:33:28,32100.0,1600.0,6706800.0
1752,2021-10-22 06:33:21,32100.0,200.0,6705200.0
1753,2021-10-22 06:33:16,32050.0,1200.0,6705000.0
1754,2021-10-22 06:33:16,32050.0,100.0,6703800.0
1755,2021-10-22 06:33:16,32050.0,100.0,6703700.0
1756,2021-10-22 06:33:16,32050.0,1000.0,6703600.0
1757,2021-10-22 06:33:16,32050.0,300.0,6702600.0
1758,2021-10-22 06:33:16,32050.0,200.0,6702300.0
1759,2021-10-22 06:33:16,32050.0,100.0,6702100.0
1760,2021-10-22 06:33:16,32050.0,5000.0,6702000.0
1761,2021-10-22 06:33:16,32050.0,1000.0,6697000.0
1762,2021-10-22 06:33:16,32050.0,200.0,6696000.0
1763,2021-10-22 06:33:16,32050.0,100.0,6695800.0
1764,2021-10-22 06:33:16,32050.0,1300.0,6695700.0
1765,2021-10-22 06:33:13,32100.0,400.0,6694400.0
1766,2021-10-22 06:33:06,32100.0,1000.0,6694000.0
1767,2021-10-22 06:33:05,32100.0,300.0,6693000.0
1768,2021-10-22 06:33:03,32100.0,300.0,6692700.0
1769,2021-10-22 06:33:02,32100.0,1000.0,6692400.0
1770,2021-10-22 06:32:55,32100.0,400.0,6691400.0
1771,2021-10-22 06:32:51,32100.0,200.0,6691000.0
1772,2021-10-22 06:32:51,32100.0,800.0,6690800.0
1773,2021-10-22 06:32:51,32100.0,100.0,6690000.0
1774,2021-10-22 06:32:46,32100.0,200.0,6689900.0
1775,2021-10-22 06:32:46,32100.0,500.0,6689700.0
1776,2021-10-22 06:32:46,32100.0,300.0,6689200.0
1777,2021-10-22 06:32:46,32100.0,100.0,6688900.0
1778,2021-10-22 06:32:38,32100.0,100.0,6688800.0
1779,2021-10-22 06:32:38,32100.0,500.0,6688700.0
1780,2021-10-22 06:32:38,32100.0,400.0,6688200.0
1781,2021-10-22 06:32:37,32100.0,300.0,6687800.0
1782,2021-10-22 06:32:37,32100.0,200.0,6687500.0
1783,2021-10-22 06:32:34,32100.0,100.0,6687300.0
1784,2021-10-22 06:32:33,32100.0,200.0,6687200.0
1785,2021-10-22 06:32:33,32100.0,100.0,6687000.0
1786,2021-10-22 06:32:33,32100.0,700.0,6686900.0
1787,2021-10-22 06:32:28,32100.0,300.0,6686200.0
1788,2021-10-22 06:32:28,32100.0,1000.0,6685900.0
1789,2021-10-22 06:32:28,32100.0,1000.0,6684900.0
1790,2021-10-22 06:32:24,32100.0,500.0,6683900.0
1791,2021-10-22 06:32:18,32100.0,1000.0,6683400.0
1792,2021-10-22 06:32:18,32100.0,500.0,6682400.0
1793,2021-10-22 06:32:18,32100.0,2500.0,6681900.0
1794,2021-10-22 06:32:18,32100.0,900.0,6679400.0
1795,2021-10-22 06:32:18,32100.0,100.0,6678500.0
1796,2021-10-22 06:32:13,32100.0,200.0,6678400.0
1797,2021-10-22 06:32:13,32100.0,300.0,6678200.0
1798,2021-10-22 06:32:08,32100.0,500.0,6677900.0
1799,2021-10-22 06:32:07,32100.0,200.0,6677400.0
1800,2021-10-22 06:32:02,32100.0,400.0,6677200.0
1801,2021-10-22 06:32:02,32100.0,600.0,6676800.0
1802,2021-10-22 06:32:02,32100.0,2100.0,6676200.0
1803,2021-10-22 06:32:02,32100.0,1900.0,6674100.0
1804,2021-10-22 06:32:01,32100.0,400.0,6672200.0
1805,2021-10-22 06:32:00,32100.0,900.0,6671800.0
1806,2021-10-22 06:31:59,32100.0,3000.0,6670900.0
1807,2021-10-22 06:31:56,32100.0,3000.0,6667900.0
1808,2021-10-22 06:31:52,32100.0,100.0,6664900.0
1809,2021-10-22 06:31:47,32100.0,500.0,6664800.0
1810,2021-10-22 06:31:41,32100.0,200.0,6664300.0
1811,2021-10-22 06:31:39,32100.0,100.0,6664100.0
1812,2021-10-22 06:31:39,32100.0,100.0,6664000.0
1813,2021-10-22 06:31:39,32100.0,100.0,6663900.0
1814,2021-10-22 06:31:38,32100.0,1000.0,6663800.0
1815,2021-10-22 06:31:38,32100.0,1000.0,6662800.0
1816,2021-10-22 06:31:29,32100.0,500.0,6661800.0
1817,2021-10-22 06:31:20,32100.0,2400.0,6661300.0
1818,2021-10-22 06:31:20,32100.0,1000.0,6658900.0
1819,2021-10-22 06:31:20,32100.0,1600.0,6657900.0
1820,2021-10-22 06:31:14,32100.0,2000.0,6656300.0
1821,2021-10-22 06:31:14,32100.0,200.0,6654300.0
1822,2021-10-22 06:31:14,32100.0,800.0,6654100.0
1823,2021-10-22 06:31:14,32100.0,300.0,6653300.0
1824,2021-10-22 06:31:02,32100.0,500.0,6653000.0
1825,2021-10-22 06:30:54,32100.0,1000.0,6652500.0
1826,2021-10-22 06:30:53,32050.0,500.0,6651500.0
1827,2021-10-22 06:30:44,32100.0,200.0,6651000.0
1828,2021-10-22 06:30:40,32100.0,1000.0,6650800.0
1829,2021-10-22 06:30:32,32050.0,3200.0,6649800.0
1830,2021-10-22 06:30:32,32050.0,500.0,6646600.0
1831,2021-10-22 06:30:32,32050.0,500.0,6646100.0
1832,2021-10-22 06:30:32,32050.0,500.0,6645600.0
1833,2021-10-22 06:30:21,32100.0,200.0,6645100.0
1834,2021-10-22 06:30:18,32100.0,500.0,6644900.0
1835,2021-10-22 06:30:16,32100.0,100.0,6644400.0
1836,2021-10-22 06:30:15,32050.0,500.0,6644300.0
1837,2021-10-22 06:30:15,32050.0,500.0,6643800.0
1838,2021-10-22 06:30:15,32050.0,200.0,6643300.0
1839,2021-10-22 06:30:15,32050.0,200.0,6643100.0
1840,2021-10-22 06:30:15,32050.0,100.0,6642900.0
1841,2021-10-22 06:30:15,32050.0,1000.0,6642800.0
1842,2021-10-22 06:30:15,32050.0,500.0,6641800.0
1843,2021-10-22 06:30:15,32050.0,1000.0,6641300.0
1844,2021-10-22 06:30:15,32050.0,400.0,6640300.0
1845,2021-10-22 06:30:15,32050.0,1000.0,6639900.0
1846,2021-10-22 06:30:15,32050.0,1500.0,6638900.0
1847,2021-10-22 06:30:15,32050.0,2000.0,6637400.0
1848,2021-10-22 06:30:15,32050.0,500.0,6635400.0
1849,2021-10-22 06:30:15,32050.0,600.0,6634900.0
1850,2021-10-22 06:30:08,32100.0,500.0,6634300.0
1851,2021-10-22 06:30:08,32100.0,8500.0,6633800.0
1852,2021-10-22 06:30:08,32100.0,200.0,6625300.0
1853,2021-10-22 06:29:56,32100.0,100.0,6625100.0
1854,2021-10-22 06:29:49,32100.0,2000.0,6625000.0
1855,2021-10-22 06:29:49,32100.0,300.0,6623000.0
1856,2021-10-22 06:29:49,32100.0,300.0,6622700.0
1857,2021-10-22 06:29:49,32100.0,300.0,6622400.0
1858,2021-10-22 06:29:49,32100.0,100.0,6622100.0
1859,2021-10-22 06:29:49,32100.0,100.0,6622000.0
1860,2021-10-22 06:29:49,32100.0,1100.0,6621900.0
1861,2021-10-22 06:29:49,32100.0,400.0,6620800.0
1862,2021-10-22 06:29:49,32100.0,3000.0,6620400.0
1863,2021-10-22 06:29:49,32100.0,2000.0,6617400.0
1864,2021-10-22 06:29:49,32100.0,500.0,6615400.0
1865,2021-10-22 06:29:49,32100.0,100.0,6614900.0
1866,2021-10-22 06:29:49,32100.0,500.0,6614800.0
1867,2021-10-22 06:29:49,32100.0,100.0,6614300.0
1868,2021-10-22 06:29:49,32100.0,500.0,6614200.0
1869,2021-10-22 06:29:49,32100.0,100.0,6613700.0
1870,2021-10-22 06:29:49,32100.0,300.0,6613600.0
1871,2021-10-22 06:29:49,32100.0,900.0,6613300.0
1872,2021-10-22 06:29:49,32100.0,200.0,6612400.0
1873,2021-10-22 06:29:49,32100.0,500.0,6612200.0
1874,2021-10-22 06:29:49,32100.0,200.0,6611700.0
1875,2021-10-22 06:29:49,32100.0,2600.0,6611500.0
1876,2021-10-22 06:29:49,32100.0,100.0,6608900.0
1877,2021-10-22 06:29:43,32150.0,6400.0,6608800.0
1878,2021-10-22 06:29:43,32150.0,1000.0,6602400.0
1879,2021-10-22 06:29:43,32150.0,2600.0,6601400.0
1880,2021-10-22 06:29:42,32100.0,200.0,6598800.0
1881,2021-10-22 06:29:36,32100.0,100.0,6598600.0
1882,2021-10-22 06:29:36,32100.0,1000.0,6598500.0
1883,2021-10-22 06:29:36,32100.0,100.0,6597500.0
1884,2021-10-22 06:29:36,32100.0,1900.0,6597400.0
1885,2021-10-22 06:29:36,32100.0,2000.0,6595500.0
1886,2021-10-22 06:29:36,32100.0,500.0,6593500.0
1887,2021-10-22 06:29:36,32100.0,2000.0,6593000.0
1888,2021-10-22 06:29:36,32100.0,1200.0,6591000.0
1889,2021-10-22 06:29:36,32100.0,1200.0,6589800.0
1890,2021-10-22 06:29:30,32100.0,1000.0,6588600.0
1891,2021-10-22 06:29:29,32100.0,300.0,6587600.0
1892,2021-10-22 06:29:29,32100.0,200.0,6587300.0
1893,2021-10-22 06:29:29,32100.0,200.0,6587100.0
1894,2021-10-22 06:29:29,32100.0,100.0,6586900.0
1895,2021-10-22 06:29:29,32100.0,1000.0,6586800.0
1896,2021-10-22 06:29:24,32100.0,300.0,6585800.0
1897,2021-10-22 06:29:21,32100.0,200.0,6585500.0
1898,2021-10-22 06:29:21,32100.0,800.0,6585300.0
1899,2021-10-22 06:29:18,32150.0,200.0,6584500.0
1900,2021-10-22 06:29:17,32100.0,100.0,6584300.0
1901,2021-10-22 06:29:17,32100.0,900.0,6584200.0
1902,2021-10-22 06:29:15,32100.0,100.0,6583300.0
1903,2021-10-22 06:29:15,32100.0,100.0,6583200.0
1904,2021-10-22 06:29:15,32100.0,300.0,6583100.0
1905,2021-10-22 06:29:15,32100.0,100.0,6582800.0
1906,2021-10-22 06:29:09,32100.0,100.0,6582700.0
1907,2021-10-22 06:29:09,32100.0,100.0,6582600.0
1908,2021-10-22 06:29:09,32150.0,600.0,6582500.0
1909,2021-10-22 06:29:06,32150.0,1000.0,6581900.0
1910,2021-10-22 06:29:05,32150.0,2000.0,6580900.0
1911,2021-10-22 06:29:02,32100.0,500.0,6578900.0
1912,2021-10-22 06:29:01,32100.0,4400.0,6578400.0
1913,2021-10-22 06:29:01,32100.0,500.0,6574000.0
1914,2021-10-22 06:29:01,32100.0,100.0,6573500.0
1915,2021-10-22 06:29:01,32100.0,500.0,6573400.0
1916,2021-10-22 06:29:01,32100.0,4500.0,6572900.0
1917,2021-10-22 06:28:58,32100.0,500.0,6568400.0
1918,2021-10-22 06:28:58,32100.0,500.0,6567900.0
1919,2021-10-22 06:28:58,32100.0,300.0,6567400.0
1920,2021-10-22 06:28:58,32100.0,500.0,6567100.0
1921,2021-10-22 06:28:58,32100.0,1200.0,6566600.0
1922,2021-10-22 06:28:54,32100.0,3000.0,6565400.0
1923,2021-10-22 06:28:52,32100.0,100.0,6562400.0
1924,2021-10-22 06:28:44,32100.0,3000.0,6562300.0
1925,2021-10-22 06:28:28,32100.0,1000.0,6559300.0
1926,2021-10-22 06:28:25,32150.0,300.0,6558300.0
1927,2021-10-22 06:28:25,32150.0,100.0,6558000.0
1928,2021-10-22 06:28:25,32150.0,100.0,6557900.0
1929,2021-10-22 06:28:17,32150.0,1900.0,6557800.0
1930,2021-10-22 06:28:17,32150.0,200.0,6555900.0
1931,2021-10-22 06:28:17,32150.0,300.0,6555700.0
1932,2021-10-22 06:28:15,32100.0,300.0,6555400.0
1933,2021-10-22 06:28:15,32100.0,100.0,6555100.0
1934,2021-10-22 06:28:09,32100.0,100.0,6555000.0
1935,2021-10-22 06:28:02,32100.0,100.0,6554900.0
1936,2021-10-22 06:28:00,32100.0,1000.0,6554800.0
1937,2021-10-22 06:27:45,32150.0,100.0,6553800.0
1938,2021-10-22 06:27:44,32100.0,100.0,6553700.0
1939,2021-10-22 06:27:44,32100.0,100.0,6553600.0
1940,2021-10-22 06:27:37,32150.0,500.0,6553500.0
1941,2021-10-22 06:27:34,32150.0,300.0,6553000.0
1942,2021-10-22 06:27:30,32100.0,4500.0,6552700.0
1943,2021-10-22 06:27:30,32100.0,500.0,6548200.0
1944,2021-10-22 06:27:30,32100.0,500.0,6547700.0
1945,2021-10-22 06:27:30,32100.0,2000.0,6547200.0
1946,2021-10-22 06:27:30,32100.0,1500.0,6545200.0
1947,2021-10-22 06:27:30,32100.0,100.0,6543700.0
1948,2021-10-22 06:27:30,32100.0,100.0,6543600.0
1949,2021-10-22 06:27:30,32100.0,500.0,6543500.0
1950,2021-10-22 06:27:30,32100.0,300.0,6543000.0
1951,2021-10-22 06:27:28,32150.0,100.0,6542700.0
1952,2021-10-22 06:27:27,32150.0,100.0,6542600.0
1953,2021-10-22 06:27:07,32150.0,200.0,6542500.0
1954,2021-10-22 06:27:05,32150.0,100.0,6542300.0
1955,2021-10-22 06:27:00,32100.0,200.0,6542200.0
1956,2021-10-22 06:26:55,32100.0,2500.0,6542000.0
1957,2021-10-22 06:26:55,32100.0,100.0,6539500.0
1958,2021-10-22 06:26:55,32100.0,200.0,6539400.0
1959,2021-10-22 06:26:55,32100.0,200.0,6539200.0
1960,2021-10-22 06:26:55,32100.0,300.0,6539000.0
1961,2021-10-22 06:26:55,32100.0,100.0,6538700.0
1962,2021-10-22 06:26:55,32100.0,1000.0,6538600.0
1963,2021-10-22 06:26:55,32100.0,100.0,6537600.0
1964,2021-10-22 06:26:55,32100.0,1000.0,6537500.0
1965,2021-10-22 06:26:55,32100.0,100.0,6536500.0
1966,2021-10-22 06:26:55,32100.0,400.0,6536400.0
1967,2021-10-22 06:26:54,32100.0,500.0,6536000.0
1968,2021-10-22 06:26:52,32150.0,500.0,6535500.0
1969,2021-10-22 06:26:50,32100.0,100.0,6535000.0
1970,2021-10-22 06:26:50,32100.0,300.0,6534900.0
1971,2021-10-22 06:26:49,32100.0,200.0,6534600.0
1972,2021-10-22 06:26:49,32100.0,400.0,6534400.0
1973,2021-10-22 06:26:49,32100.0,500.0,6534000.0
1974,2021-10-22 06:26:49,32100.0,200.0,6533500.0
1975,2021-10-22 06:26:49,32100.0,1000.0,6533300.0
1976,2021-10-22 06:26:49,32100.0,7700.0,6532300.0
1977,2021-10-22 06:26:48,32100.0,1000.0,6524600.0
1978,2021-10-22 06:26:45,32100.0,600.0,6523600.0
1979,2021-10-22 06:26:44,32100.0,500.0,6523000.0
1980,2021-10-22 06:26:44,32100.0,1000.0,6522500.0
1981,2021-10-22 06:26:36,32100.0,500.0,6521500.0
1982,2021-10-22 06:26:32,32100.0,500.0,6521000.0
1983,2021-10-22 06:26:30,32100.0,200.0,6520500.0
1984,2021-10-22 06:26:27,32100.0,200.0,6520300.0
1985,2021-10-22 06:26:23,32100.0,1000.0,6520100.0
1986,2021-10-22 06:26:19,32100.0,100.0,6519100.0
1987,2021-10-22 06:26:18,32100.0,1000.0,6519000.0
1988,2021-10-22 06:26:16,32100.0,1700.0,6518000.0
1989,2021-10-22 06:26:16,32100.0,300.0,6516300.0
1990,2021-10-22 06:26:15,32150.0,100.0,6516000.0
1991,2021-10-22 06:26:13,32150.0,300.0,6515900.0
1992,2021-10-22 06:26:13,32150.0,100.0,6515600.0
1993,2021-10-22 06:26:13,32150.0,100.0,6515500.0
1994,2021-10-22 06:26:10,32150.0,100.0,6515400.0
1995,2021-10-22 06:25:57,32150.0,100.0,6515300.0
1996,2021-10-22 06:25:50,32150.0,3700.0,6515200.0
1997,2021-10-22 06:25:50,32150.0,100.0,6511500.0
1998,2021-10-22 06:25:50,32150.0,600.0,6511400.0
1999,2021-10-22 06:25:50,32150.0,100.0,6510800.0
2000,2021-10-22 06:25:50,32150.0,2000.0,6510700.0
2001,2021-10-22 06:25:50,32150.0,1000.0,6508700.0
2002,2021-10-22 06:25:50,32150.0,400.0,6507700.0
2003,2021-10-22 06:25:50,32150.0,2100.0,6507300.0
2004,2021-10-22 06:25:47,32150.0,100.0,6505200.0
2005,2021-10-22 06:25:44,32100.0,200.0,6505100.0
2006,2021-10-22 06:25:44,32100.0,100.0,6504900.0
2007,2021-10-22 06:25:44,32100.0,200.0,6504800.0
2008,2021-10-22 06:25:43,32150.0,400.0,6504600.0
2009,2021-10-22 06:25:40,32150.0,100.0,6504200.0
2010,2021-10-22 06:25:36,32150.0,1500.0,6504100.0
2011,2021-10-22 06:25:21,32150.0,1300.0,6502600.0
2012,2021-10-22 06:25:14,32150.0,1000.0,6501300.0
2013,2021-10-22 06:25:10,32150.0,3500.0,6500300.0
2014,2021-10-22 06:25:10,32150.0,2500.0,6496800.0
2015,2021-10-22 06:25:02,32100.0,100.0,6494300.0
2016,2021-10-22 06:24:48,32150.0,4400.0,6494200.0
2017,2021-10-22 06:24:48,32100.0,200.0,6489800.0
2018,2021-10-22 06:24:48,32100.0,1000.0,6489600.0
2019,2021-10-22 06:24:48,32100.0,1000.0,6488600.0
2020,2021-10-22 06:24:48,32100.0,100.0,6487600.0
2021,2021-10-22 06:24:48,32100.0,1300.0,6487500.0
2022,2021-10-22 06:24:45,32100.0,1000.0,6486200.0
2023,2021-10-22 06:24:44,32100.0,300.0,6485200.0
2024,2021-10-22 06:24:38,32100.0,400.0,6484900.0
2025,2021-10-22 06:24:36,32100.0,700.0,6484500.0
2026,2021-10-22 06:24:29,32100.0,100.0,6483800.0
2027,2021-10-22 06:24:28,32100.0,200.0,6483700.0
2028,2021-10-22 06:24:28,32100.0,300.0,6483500.0
2029,2021-10-22 06:24:28,32100.0,400.0,6483200.0
2030,2021-10-22 06:24:28,32100.0,100.0,6482800.0
2031,2021-10-22 06:24:28,32100.0,100.0,6482700.0
2032,2021-10-22 06:24:28,32100.0,100.0,6482600.0
2033,2021-10-22 06:24:28,32100.0,100.0,6482500.0
2034,2021-10-22 06:24:28,32100.0,200.0,6482400.0
2035,2021-10-22 06:24:28,32100.0,1000.0,6482200.0
2036,2021-10-22 06:24:28,32100.0,1000.0,6481200.0
2037,2021-10-22 06:24:28,32100.0,100.0,6480200.0
2038,2021-10-22 06:24:28,32100.0,300.0,6480100.0
2039,2021-10-22 06:24:28,32100.0,300.0,6479800.0
2040,2021-10-22 06:24:28,32100.0,2000.0,6479500.0
2041,2021-10-22 06:24:28,32100.0,300.0,6477500.0
2042,2021-10-22 06:24:28,32100.0,1000.0,6477200.0
2043,2021-10-22 06:24:28,32100.0,1000.0,6476200.0
2044,2021-10-22 06:24:28,32100.0,100.0,6475200.0
2045,2021-10-22 06:24:28,32100.0,1000.0,6475100.0
2046,2021-10-22 06:24:28,32100.0,200.0,6474100.0
2047,2021-10-22 06:24:28,32100.0,500.0,6473900.0
2048,2021-10-22 06:24:28,32100.0,1000.0,6473400.0
