,Time,Price,Volume_per_trade,Volume
0,2021-09-30 14:45:01,38700.0,300.0,2903800.0
1,2021-09-30 14:45:01,38700.0,300.0,2903500.0
2,2021-09-30 14:45:01,38700.0,100.0,2903200.0
3,2021-09-30 14:45:01,38700.0,200.0,2903100.0
4,2021-09-30 14:45:01,38700.0,100.0,2902900.0
5,2021-09-30 14:45:01,38700.0,100.0,2902800.0
6,2021-09-30 14:45:01,38700.0,100.0,2902700.0
7,2021-09-30 14:45:01,38700.0,2200.0,2902600.0
8,2021-09-30 14:45:01,38700.0,800.0,2900400.0
9,2021-09-30 14:45:01,38700.0,100.0,2899600.0
10,2021-09-30 14:45:01,38700.0,900.0,2899500.0
11,2021-09-30 14:45:01,38700.0,200.0,2898600.0
12,2021-09-30 14:45:01,38700.0,200.0,2898400.0
13,2021-09-30 14:45:01,38700.0,1000.0,2898200.0
14,2021-09-30 14:45:01,38700.0,500.0,2897200.0
15,2021-09-30 14:45:01,38700.0,2000.0,2896700.0
16,2021-09-30 14:45:01,38700.0,1600.0,2894700.0
17,2021-09-30 14:45:01,38700.0,400.0,2893100.0
18,2021-09-30 14:45:01,38700.0,200.0,2892700.0
19,2021-09-30 14:45:01,38700.0,500.0,2892500.0
20,2021-09-30 14:45:01,38700.0,900.0,2892000.0
21,2021-09-30 14:45:01,38700.0,1100.0,2891100.0
22,2021-09-30 14:45:01,38700.0,100.0,2890000.0
23,2021-09-30 14:45:01,38700.0,100.0,2889900.0
24,2021-09-30 14:45:01,38700.0,100.0,2889800.0
25,2021-09-30 14:45:01,38700.0,200.0,2889700.0
26,2021-09-30 14:45:01,38700.0,1000.0,2889500.0
27,2021-09-30 14:45:01,38700.0,100.0,2888500.0
28,2021-09-30 14:45:01,38700.0,500.0,2888400.0
29,2021-09-30 14:45:01,38700.0,1000.0,2887900.0
30,2021-09-30 14:45:01,38700.0,200.0,2886900.0
31,2021-09-30 14:45:01,38700.0,1500.0,2886700.0
32,2021-09-30 14:45:01,38700.0,100.0,2885200.0
33,2021-09-30 14:45:01,38700.0,200.0,2885100.0
34,2021-09-30 14:45:01,38700.0,1000.0,2884900.0
35,2021-09-30 14:45:01,38700.0,100.0,2883900.0
36,2021-09-30 14:45:01,38700.0,1700.0,2883800.0
37,2021-09-30 14:45:01,38700.0,3300.0,2882100.0
38,2021-09-30 14:45:01,38700.0,1700.0,2878800.0
39,2021-09-30 14:45:01,38700.0,1900.0,2877100.0
40,2021-09-30 14:45:01,38700.0,100.0,2875200.0
41,2021-09-30 14:45:01,38700.0,1300.0,2875100.0
42,2021-09-30 14:45:01,38700.0,2700.0,2873800.0
43,2021-09-30 14:45:01,38700.0,100.0,2871100.0
44,2021-09-30 14:45:01,38700.0,1800.0,2871000.0
45,2021-09-30 14:45:01,38700.0,400.0,2869200.0
46,2021-09-30 14:45:01,38700.0,100.0,2868800.0
47,2021-09-30 14:45:01,38700.0,100.0,2868700.0
48,2021-09-30 14:45:01,38700.0,100.0,2868600.0
49,2021-09-30 14:45:01,38700.0,100.0,2868500.0
50,2021-09-30 14:45:01,38700.0,400.0,2868400.0
51,2021-09-30 14:45:01,38700.0,500.0,2868000.0
52,2021-09-30 14:45:01,38700.0,100.0,2867500.0
53,2021-09-30 14:45:01,38700.0,200.0,2867400.0
54,2021-09-30 14:45:01,38700.0,800.0,2867200.0
55,2021-09-30 14:45:01,38700.0,200.0,2866400.0
56,2021-09-30 14:45:01,38700.0,600.0,2866200.0
57,2021-09-30 14:45:01,38700.0,100.0,2865600.0
58,2021-09-30 14:45:01,38700.0,2100.0,2865500.0
59,2021-09-30 14:45:01,38700.0,1000.0,2863400.0
60,2021-09-30 14:45:01,38700.0,600.0,2862400.0
61,2021-09-30 14:45:01,38700.0,400.0,2861800.0
62,2021-09-30 14:45:01,38700.0,600.0,2861400.0
63,2021-09-30 14:45:01,38700.0,1400.0,2860800.0
64,2021-09-30 14:45:01,38700.0,1000.0,2859400.0
65,2021-09-30 14:45:01,38700.0,300.0,2858400.0
66,2021-09-30 14:45:01,38700.0,300.0,2858100.0
67,2021-09-30 14:45:01,38700.0,1000.0,2857800.0
68,2021-09-30 14:45:01,38700.0,100.0,2856800.0
69,2021-09-30 14:29:58,38700.0,100.0,2856700.0
70,2021-09-30 14:29:58,38700.0,100.0,2856600.0
71,2021-09-30 14:29:56,38600.0,500.0,2856500.0
72,2021-09-30 14:29:41,38600.0,200.0,2856000.0
73,2021-09-30 14:29:41,38600.0,100.0,2855800.0
74,2021-09-30 14:29:41,38600.0,500.0,2855700.0
75,2021-09-30 14:29:41,38600.0,1000.0,2855200.0
76,2021-09-30 14:29:41,38600.0,100.0,2854200.0
77,2021-09-30 14:29:41,38600.0,500.0,2854100.0
78,2021-09-30 14:29:41,38600.0,200.0,2853600.0
79,2021-09-30 14:29:41,38600.0,2000.0,2853400.0
80,2021-09-30 14:29:41,38600.0,200.0,2851400.0
81,2021-09-30 14:29:41,38600.0,800.0,2851200.0
82,2021-09-30 14:29:41,38600.0,100.0,2850400.0
83,2021-09-30 14:29:41,38600.0,1000.0,2850300.0
84,2021-09-30 14:29:41,38600.0,100.0,2849300.0
85,2021-09-30 14:29:41,38600.0,100.0,2849200.0
86,2021-09-30 14:29:41,38600.0,200.0,2849100.0
87,2021-09-30 14:29:41,38600.0,1000.0,2848900.0
88,2021-09-30 14:29:41,38600.0,100.0,2847900.0
89,2021-09-30 14:29:39,38600.0,200.0,2847800.0
90,2021-09-30 14:29:34,38600.0,500.0,2847600.0
91,2021-09-30 14:29:33,38600.0,100.0,2847100.0
92,2021-09-30 14:29:25,38600.0,2100.0,2847000.0
93,2021-09-30 14:29:25,38600.0,500.0,2844900.0
94,2021-09-30 14:29:25,38600.0,1000.0,2844400.0
95,2021-09-30 14:29:25,38600.0,300.0,2843400.0
96,2021-09-30 14:29:25,38600.0,800.0,2843100.0
97,2021-09-30 14:29:25,38600.0,200.0,2842300.0
98,2021-09-30 14:29:25,38600.0,2000.0,2842100.0
99,2021-09-30 14:29:25,38600.0,2400.0,2840100.0
100,2021-09-30 14:29:05,38550.0,700.0,2837700.0
101,2021-09-30 14:29:00,38600.0,2600.0,2837000.0
102,2021-09-30 14:29:00,38600.0,1000.0,2834400.0
103,2021-09-30 14:29:00,38600.0,200.0,2833400.0
104,2021-09-30 14:29:00,38600.0,100.0,2833200.0
105,2021-09-30 14:29:00,38550.0,2000.0,2833100.0
106,2021-09-30 14:29:00,38550.0,1000.0,2831100.0
107,2021-09-30 14:29:00,38550.0,300.0,2830100.0
108,2021-09-30 14:29:00,38550.0,200.0,2829800.0
109,2021-09-30 14:29:00,38500.0,300.0,2829600.0
110,2021-09-30 14:29:00,38500.0,5000.0,2829300.0
111,2021-09-30 14:29:00,38500.0,200.0,2824300.0
112,2021-09-30 14:29:00,38500.0,4100.0,2824100.0
113,2021-09-30 14:28:51,38500.0,900.0,2820000.0
114,2021-09-30 14:28:51,38500.0,100.0,2819100.0
115,2021-09-30 14:28:16,38500.0,200.0,2819000.0
116,2021-09-30 14:28:14,38500.0,300.0,2818800.0
117,2021-09-30 14:28:14,38500.0,10000.0,2818500.0
118,2021-09-30 14:28:10,38500.0,500.0,2808500.0
119,2021-09-30 14:28:09,38500.0,500.0,2808000.0
120,2021-09-30 14:28:08,38500.0,200.0,2807500.0
121,2021-09-30 14:28:08,38500.0,500.0,2807300.0
122,2021-09-30 14:28:05,38500.0,500.0,2806800.0
123,2021-09-30 14:28:00,38500.0,1000.0,2806300.0
124,2021-09-30 14:27:53,38500.0,500.0,2805300.0
125,2021-09-30 14:27:51,38500.0,500.0,2804800.0
126,2021-09-30 14:27:38,38500.0,200.0,2804300.0
127,2021-09-30 14:27:16,38500.0,200.0,2804100.0
128,2021-09-30 14:27:10,38500.0,500.0,2803900.0
129,2021-09-30 14:27:10,38500.0,3000.0,2803400.0
130,2021-09-30 14:27:10,38500.0,500.0,2800400.0
131,2021-09-30 14:27:10,38500.0,200.0,2799900.0
132,2021-09-30 14:27:10,38500.0,100.0,2799700.0
133,2021-09-30 14:27:10,38500.0,700.0,2799600.0
134,2021-09-30 14:27:10,38500.0,500.0,2798900.0
135,2021-09-30 14:27:10,38500.0,1000.0,2798400.0
136,2021-09-30 14:27:10,38500.0,100.0,2797400.0
137,2021-09-30 14:27:10,38500.0,500.0,2797300.0
138,2021-09-30 14:27:10,38500.0,100.0,2796800.0
139,2021-09-30 14:27:10,38500.0,100.0,2796700.0
140,2021-09-30 14:27:10,38500.0,500.0,2796600.0
141,2021-09-30 14:27:10,38500.0,500.0,2796100.0
142,2021-09-30 14:27:10,38500.0,2000.0,2795600.0
143,2021-09-30 14:27:10,38500.0,300.0,2793600.0
144,2021-09-30 14:27:10,38500.0,3000.0,2793300.0
145,2021-09-30 14:27:10,38500.0,300.0,2790300.0
146,2021-09-30 14:27:10,38500.0,200.0,2790000.0
147,2021-09-30 14:27:10,38500.0,1000.0,2789800.0
148,2021-09-30 14:27:10,38500.0,1000.0,2788800.0
149,2021-09-30 14:27:10,38500.0,100.0,2787800.0
150,2021-09-30 14:27:10,38500.0,500.0,2787700.0
151,2021-09-30 14:27:10,38500.0,1000.0,2787200.0
152,2021-09-30 14:27:10,38500.0,400.0,2786200.0
153,2021-09-30 14:27:10,38450.0,300.0,2785800.0
154,2021-09-30 14:27:10,38450.0,2000.0,2785500.0
155,2021-09-30 14:27:10,38450.0,3000.0,2783500.0
156,2021-09-30 14:27:10,38450.0,800.0,2780500.0
157,2021-09-30 14:27:10,38450.0,1300.0,2779700.0
158,2021-09-30 14:27:10,38450.0,1000.0,2778400.0
159,2021-09-30 14:27:10,38450.0,200.0,2777400.0
160,2021-09-30 14:27:10,38450.0,200.0,2777200.0
161,2021-09-30 14:27:10,38450.0,700.0,2777000.0
162,2021-09-30 14:27:10,38400.0,300.0,2776300.0
163,2021-09-30 14:27:10,38400.0,100.0,2776000.0
164,2021-09-30 14:27:10,38400.0,200.0,2775900.0
165,2021-09-30 14:27:10,38400.0,200.0,2775700.0
166,2021-09-30 14:27:10,38400.0,100.0,2775500.0
167,2021-09-30 14:27:10,38400.0,2000.0,2775400.0
168,2021-09-30 14:27:10,38400.0,500.0,2773400.0
169,2021-09-30 14:27:10,38400.0,3600.0,2772900.0
170,2021-09-30 14:27:10,38350.0,1500.0,2769300.0
171,2021-09-30 14:27:01,38350.0,500.0,2767800.0
172,2021-09-30 14:26:59,38300.0,400.0,2767300.0
173,2021-09-30 14:26:59,38350.0,1000.0,2766900.0
174,2021-09-30 14:26:59,38350.0,600.0,2765900.0
175,2021-09-30 14:26:48,38350.0,100.0,2765300.0
176,2021-09-30 14:26:34,38400.0,500.0,2765200.0
177,2021-09-30 14:26:30,38400.0,200.0,2764700.0
178,2021-09-30 14:26:27,38400.0,1900.0,2764500.0
179,2021-09-30 14:25:51,38400.0,100.0,2762600.0
180,2021-09-30 14:25:51,38400.0,300.0,2762500.0
181,2021-09-30 14:25:51,38400.0,600.0,2762200.0
182,2021-09-30 14:25:51,38400.0,4100.0,2761600.0
183,2021-09-30 14:25:51,38400.0,2500.0,2757500.0
184,2021-09-30 14:25:48,38400.0,300.0,2755000.0
185,2021-09-30 14:25:46,38400.0,200.0,2754700.0
186,2021-09-30 14:25:35,38400.0,500.0,2754500.0
187,2021-09-30 14:25:30,38400.0,800.0,2754000.0
188,2021-09-30 14:25:29,38400.0,1000.0,2753200.0
189,2021-09-30 14:25:15,38400.0,100.0,2752200.0
190,2021-09-30 14:25:13,38400.0,500.0,2752100.0
191,2021-09-30 14:25:13,38400.0,300.0,2751600.0
192,2021-09-30 14:25:13,38400.0,1000.0,2751300.0
193,2021-09-30 14:25:13,38400.0,200.0,2750300.0
194,2021-09-30 14:25:11,38400.0,100.0,2750100.0
195,2021-09-30 14:25:02,38400.0,4100.0,2750000.0
196,2021-09-30 14:25:01,38450.0,500.0,2745900.0
197,2021-09-30 14:24:56,38400.0,700.0,2745400.0
198,2021-09-30 14:24:42,38400.0,100.0,2744700.0
199,2021-09-30 14:24:31,38400.0,200.0,2744600.0
200,2021-09-30 14:24:31,38450.0,1800.0,2744400.0
201,2021-09-30 14:24:31,38450.0,500.0,2742600.0
202,2021-09-30 14:24:31,38450.0,400.0,2742100.0
203,2021-09-30 14:24:31,38450.0,300.0,2741700.0
204,2021-09-30 14:24:20,38450.0,200.0,2741400.0
205,2021-09-30 14:24:20,38450.0,300.0,2741200.0
206,2021-09-30 14:24:20,38450.0,100.0,2740900.0
207,2021-09-30 14:24:20,38450.0,400.0,2740800.0
208,2021-09-30 14:24:12,38450.0,100.0,2740400.0
209,2021-09-30 14:24:12,38450.0,300.0,2740300.0
210,2021-09-30 14:24:04,38400.0,500.0,2740000.0
211,2021-09-30 14:24:00,38450.0,700.0,2739500.0
212,2021-09-30 14:24:00,38450.0,100.0,2738800.0
213,2021-09-30 14:24:00,38450.0,300.0,2738700.0
214,2021-09-30 14:24:00,38450.0,500.0,2738400.0
215,2021-09-30 14:24:00,38450.0,5400.0,2737900.0
216,2021-09-30 14:23:58,38400.0,600.0,2732500.0
217,2021-09-30 14:23:44,38400.0,300.0,2731900.0
218,2021-09-30 14:23:30,38400.0,100.0,2731600.0
219,2021-09-30 14:23:28,38400.0,100.0,2731500.0
220,2021-09-30 14:23:22,38450.0,400.0,2731400.0
221,2021-09-30 14:23:19,38400.0,500.0,2731000.0
222,2021-09-30 14:23:19,38400.0,1000.0,2730500.0
223,2021-09-30 14:23:03,38400.0,100.0,2729500.0
224,2021-09-30 14:23:03,38400.0,100.0,2729400.0
225,2021-09-30 14:23:03,38400.0,1000.0,2729300.0
226,2021-09-30 14:23:03,38400.0,3400.0,2728300.0
227,2021-09-30 14:22:33,38400.0,400.0,2724900.0
228,2021-09-30 14:22:14,38350.0,300.0,2724500.0
229,2021-09-30 14:22:11,38400.0,3800.0,2724200.0
230,2021-09-30 14:21:49,38400.0,200.0,2720400.0
231,2021-09-30 14:21:48,38400.0,1000.0,2720200.0
232,2021-09-30 14:21:48,38400.0,100.0,2719200.0
233,2021-09-30 14:21:48,38400.0,2500.0,2719100.0
234,2021-09-30 14:21:44,38450.0,500.0,2716600.0
235,2021-09-30 14:21:37,38400.0,100.0,2716100.0
236,2021-09-30 14:21:37,38400.0,200.0,2716000.0
237,2021-09-30 14:21:37,38400.0,100.0,2715800.0
238,2021-09-30 14:21:01,38450.0,2600.0,2715700.0
239,2021-09-30 14:21:01,38450.0,100.0,2713100.0
240,2021-09-30 14:21:01,38450.0,6000.0,2713000.0
241,2021-09-30 14:20:57,38450.0,500.0,2707000.0
242,2021-09-30 14:20:54,38500.0,100.0,2706500.0
243,2021-09-30 14:20:54,38500.0,200.0,2706400.0
244,2021-09-30 14:20:54,38500.0,100.0,2706200.0
245,2021-09-30 14:20:37,38500.0,800.0,2706100.0
246,2021-09-30 14:20:37,38500.0,100.0,2705300.0
247,2021-09-30 14:20:37,38500.0,100.0,2705200.0
248,2021-09-30 14:20:05,38500.0,500.0,2705100.0
249,2021-09-30 14:20:04,38450.0,200.0,2704600.0
250,2021-09-30 14:20:03,38450.0,1000.0,2704400.0
251,2021-09-30 14:20:03,38450.0,300.0,2703400.0
252,2021-09-30 14:19:33,38450.0,2000.0,2703100.0
253,2021-09-30 14:19:23,38500.0,500.0,2701100.0
254,2021-09-30 14:19:23,38500.0,1500.0,2700600.0
255,2021-09-30 14:19:16,38500.0,400.0,2699100.0
256,2021-09-30 14:19:03,38500.0,600.0,2698700.0
257,2021-09-30 14:19:03,38450.0,900.0,2698100.0
258,2021-09-30 14:19:02,38450.0,200.0,2697200.0
259,2021-09-30 14:18:53,38500.0,3200.0,2697000.0
260,2021-09-30 14:18:53,38500.0,800.0,2693800.0
261,2021-09-30 14:18:36,38450.0,300.0,2693000.0
262,2021-09-30 14:18:29,38400.0,1100.0,2692700.0
263,2021-09-30 14:18:26,38450.0,2100.0,2691600.0
264,2021-09-30 14:18:05,38350.0,200.0,2689500.0
265,2021-09-30 14:18:05,38350.0,100.0,2689300.0
266,2021-09-30 14:18:05,38350.0,100.0,2689200.0
267,2021-09-30 14:17:50,38300.0,200.0,2689100.0
268,2021-09-30 14:17:49,38300.0,100.0,2688900.0
269,2021-09-30 14:17:49,38300.0,200.0,2688800.0
270,2021-09-30 14:17:49,38300.0,3000.0,2688600.0
271,2021-09-30 14:17:49,38300.0,600.0,2685600.0
272,2021-09-30 14:17:49,38300.0,500.0,2685000.0
273,2021-09-30 14:17:49,38300.0,1000.0,2684500.0
274,2021-09-30 14:17:49,38300.0,10000.0,2683500.0
275,2021-09-30 14:17:49,38300.0,100.0,2673500.0
276,2021-09-30 14:17:49,38250.0,600.0,2673400.0
277,2021-09-30 14:17:44,38250.0,600.0,2672800.0
278,2021-09-30 14:17:38,38150.0,300.0,2672200.0
279,2021-09-30 14:17:38,38150.0,200.0,2671900.0
280,2021-09-30 14:17:38,38150.0,500.0,2671700.0
281,2021-09-30 14:17:37,38250.0,500.0,2671200.0
282,2021-09-30 14:17:37,38250.0,300.0,2670700.0
283,2021-09-30 14:17:32,38250.0,200.0,2670400.0
284,2021-09-30 14:17:32,38200.0,1500.0,2670200.0
285,2021-09-30 14:17:30,38200.0,1000.0,2668700.0
286,2021-09-30 14:17:28,38200.0,100.0,2667700.0
287,2021-09-30 14:17:28,38250.0,100.0,2667600.0
288,2021-09-30 14:17:28,38250.0,4700.0,2667500.0
289,2021-09-30 14:17:27,38250.0,500.0,2662800.0
290,2021-09-30 14:17:26,38250.0,3000.0,2662300.0
291,2021-09-30 14:17:23,38250.0,500.0,2659300.0
292,2021-09-30 14:17:21,38250.0,1000.0,2658800.0
293,2021-09-30 14:17:08,38250.0,100.0,2657800.0
294,2021-09-30 14:17:08,38250.0,200.0,2657700.0
295,2021-09-30 14:17:08,38200.0,1500.0,2657500.0
296,2021-09-30 14:17:08,38200.0,10000.0,2656000.0
297,2021-09-30 14:17:08,38200.0,2900.0,2646000.0
298,2021-09-30 14:17:08,38200.0,200.0,2643100.0
299,2021-09-30 14:17:08,38200.0,100.0,2642900.0
300,2021-09-30 14:17:08,38200.0,15000.0,2642800.0
301,2021-09-30 14:17:08,38200.0,100.0,2627800.0
302,2021-09-30 14:17:08,38200.0,20000.0,2627700.0
303,2021-09-30 14:17:08,38200.0,100.0,2607700.0
304,2021-09-30 14:17:08,38200.0,100.0,2607600.0
305,2021-09-30 14:17:05,38250.0,4900.0,2607500.0
306,2021-09-30 14:17:05,38250.0,100.0,2602600.0
307,2021-09-30 14:17:05,38250.0,400.0,2602500.0
308,2021-09-30 14:17:05,38250.0,1600.0,2602100.0
309,2021-09-30 14:16:59,38200.0,1000.0,2600500.0
310,2021-09-30 14:16:59,38200.0,200.0,2599500.0
311,2021-09-30 14:16:59,38200.0,1000.0,2599300.0
312,2021-09-30 14:16:59,38200.0,2800.0,2598300.0
313,2021-09-30 14:16:48,38250.0,400.0,2595500.0
314,2021-09-30 14:16:44,38250.0,100.0,2595100.0
315,2021-09-30 14:16:42,38200.0,200.0,2595000.0
316,2021-09-30 14:16:42,38200.0,300.0,2594800.0
317,2021-09-30 14:16:41,38200.0,300.0,2594500.0
318,2021-09-30 14:16:41,38200.0,3700.0,2594200.0
319,2021-09-30 14:16:41,38200.0,4800.0,2590500.0
320,2021-09-30 14:16:41,38200.0,400.0,2585700.0
321,2021-09-30 14:16:30,38250.0,1500.0,2585300.0
322,2021-09-30 14:16:27,38250.0,100.0,2583800.0
323,2021-09-30 14:16:27,38250.0,5500.0,2583700.0
324,2021-09-30 14:16:27,38250.0,800.0,2578200.0
325,2021-09-30 14:16:25,38250.0,200.0,2577400.0
326,2021-09-30 14:16:25,38250.0,100.0,2577200.0
327,2021-09-30 14:16:15,38300.0,2400.0,2577100.0
328,2021-09-30 14:16:15,38300.0,600.0,2574700.0
329,2021-09-30 14:16:15,38300.0,300.0,2574100.0
330,2021-09-30 14:16:12,38300.0,200.0,2573800.0
331,2021-09-30 14:16:12,38300.0,100.0,2573600.0
332,2021-09-30 14:16:12,38300.0,100.0,2573500.0
333,2021-09-30 14:16:12,38300.0,200.0,2573400.0
334,2021-09-30 14:16:12,38300.0,2500.0,2573200.0
335,2021-09-30 14:16:12,38300.0,400.0,2570700.0
336,2021-09-30 14:16:09,38300.0,100.0,2570300.0
337,2021-09-30 14:15:58,38300.0,1000.0,2570200.0
338,2021-09-30 14:15:58,38350.0,500.0,2569200.0
339,2021-09-30 14:15:49,38350.0,200.0,2568700.0
340,2021-09-30 14:15:45,38350.0,100.0,2568500.0
341,2021-09-30 14:15:45,38350.0,100.0,2568400.0
342,2021-09-30 14:15:45,38350.0,200.0,2568300.0
343,2021-09-30 14:15:38,38400.0,100.0,2568100.0
344,2021-09-30 14:15:32,38400.0,2000.0,2568000.0
345,2021-09-30 14:15:32,38400.0,500.0,2566000.0
346,2021-09-30 14:15:32,38400.0,500.0,2565500.0
347,2021-09-30 14:15:32,38400.0,2000.0,2565000.0
348,2021-09-30 14:15:32,38400.0,1000.0,2563000.0
349,2021-09-30 14:15:32,38400.0,1000.0,2562000.0
350,2021-09-30 14:15:32,38400.0,500.0,2561000.0
351,2021-09-30 14:15:29,38450.0,100.0,2560500.0
352,2021-09-30 14:15:24,38400.0,100.0,2560400.0
353,2021-09-30 14:15:09,38450.0,400.0,2560300.0
354,2021-09-30 14:14:56,38450.0,100.0,2559900.0
355,2021-09-30 14:14:56,38450.0,700.0,2559800.0
356,2021-09-30 14:14:56,38450.0,500.0,2559100.0
357,2021-09-30 14:14:51,38450.0,500.0,2558600.0
358,2021-09-30 14:14:51,38450.0,500.0,2558100.0
359,2021-09-30 14:14:39,38500.0,1100.0,2557600.0
360,2021-09-30 14:14:38,38500.0,3300.0,2556500.0
361,2021-09-30 14:14:38,38500.0,10000.0,2553200.0
362,2021-09-30 14:14:38,38500.0,200.0,2543200.0
363,2021-09-30 14:14:38,38500.0,1000.0,2543000.0
364,2021-09-30 14:14:38,38500.0,4400.0,2542000.0
365,2021-09-30 14:14:25,38500.0,100.0,2537600.0
366,2021-09-30 14:14:25,38500.0,5000.0,2537500.0
367,2021-09-30 14:14:25,38500.0,500.0,2532500.0
368,2021-09-30 14:14:23,38500.0,500.0,2532000.0
369,2021-09-30 14:14:23,38500.0,500.0,2531500.0
370,2021-09-30 14:14:20,38550.0,500.0,2531000.0
371,2021-09-30 14:14:19,38500.0,300.0,2530500.0
372,2021-09-30 14:14:19,38500.0,200.0,2530200.0
373,2021-09-30 14:14:19,38500.0,100.0,2530000.0
374,2021-09-30 14:14:19,38500.0,200.0,2529900.0
375,2021-09-30 14:14:19,38500.0,10000.0,2529700.0
376,2021-09-30 14:14:19,38500.0,4000.0,2519700.0
377,2021-09-30 14:14:19,38500.0,5500.0,2515700.0
378,2021-09-30 14:14:17,38500.0,200.0,2510200.0
379,2021-09-30 14:14:14,38500.0,6100.0,2510000.0
380,2021-09-30 14:14:03,38500.0,5000.0,2503900.0
381,2021-09-30 14:14:01,38500.0,2000.0,2498900.0
382,2021-09-30 14:13:30,38550.0,400.0,2496900.0
383,2021-09-30 14:13:27,38500.0,1200.0,2496500.0
384,2021-09-30 14:13:27,38500.0,800.0,2495300.0
385,2021-09-30 14:13:16,38500.0,1200.0,2494500.0
386,2021-09-30 14:13:16,38500.0,2800.0,2493300.0
387,2021-09-30 14:12:53,38550.0,200.0,2490500.0
388,2021-09-30 14:12:50,38500.0,7200.0,2490300.0
389,2021-09-30 14:12:50,38500.0,1300.0,2483100.0
390,2021-09-30 14:12:50,38500.0,500.0,2481800.0
391,2021-09-30 14:12:50,38500.0,300.0,2481300.0
392,2021-09-30 14:12:50,38500.0,300.0,2481000.0
393,2021-09-30 14:12:50,38500.0,400.0,2480700.0
394,2021-09-30 14:12:41,38600.0,500.0,2480300.0
395,2021-09-30 14:12:38,38500.0,100.0,2479800.0
396,2021-09-30 14:12:38,38500.0,100.0,2479700.0
397,2021-09-30 14:12:38,38500.0,100.0,2479600.0
398,2021-09-30 14:12:38,38500.0,200.0,2479500.0
399,2021-09-30 14:12:38,38500.0,400.0,2479300.0
400,2021-09-30 14:12:38,38500.0,1500.0,2478900.0
401,2021-09-30 14:12:38,38500.0,600.0,2477400.0
402,2021-09-30 14:12:38,38500.0,1000.0,2476800.0
403,2021-09-30 14:12:38,38500.0,500.0,2475800.0
404,2021-09-30 14:12:18,38600.0,200.0,2475300.0
405,2021-09-30 14:12:15,38500.0,200.0,2475100.0
406,2021-09-30 14:12:10,38500.0,100.0,2474900.0
407,2021-09-30 14:12:02,38500.0,300.0,2474800.0
408,2021-09-30 14:11:52,38600.0,400.0,2474500.0
409,2021-09-30 14:11:37,38500.0,500.0,2474100.0
410,2021-09-30 14:11:36,38500.0,400.0,2473600.0
411,2021-09-30 14:11:36,38500.0,400.0,2473200.0
412,2021-09-30 14:11:36,38550.0,100.0,2472800.0
413,2021-09-30 14:11:36,38550.0,100.0,2472700.0
414,2021-09-30 14:11:29,38600.0,2800.0,2472600.0
415,2021-09-30 14:11:29,38600.0,100.0,2469800.0
416,2021-09-30 14:11:03,38600.0,500.0,2469700.0
417,2021-09-30 14:10:47,38600.0,400.0,2469200.0
418,2021-09-30 14:10:47,38600.0,100.0,2468800.0
419,2021-09-30 14:10:47,38600.0,100.0,2468700.0
420,2021-09-30 14:10:47,38600.0,300.0,2468600.0
421,2021-09-30 14:10:47,38600.0,200.0,2468300.0
422,2021-09-30 14:10:47,38600.0,400.0,2468100.0
423,2021-09-30 14:10:47,38600.0,500.0,2467700.0
424,2021-09-30 14:10:47,38600.0,2000.0,2467200.0
425,2021-09-30 14:10:47,38600.0,10000.0,2465200.0
426,2021-09-30 14:10:47,38600.0,3900.0,2455200.0
427,2021-09-30 14:10:47,38550.0,2100.0,2451300.0
428,2021-09-30 14:10:46,38550.0,100.0,2449200.0
429,2021-09-30 14:10:36,38550.0,200.0,2449100.0
430,2021-09-30 14:10:36,38550.0,500.0,2448900.0
431,2021-09-30 14:10:36,38550.0,1000.0,2448400.0
432,2021-09-30 14:10:21,38600.0,1000.0,2447400.0
433,2021-09-30 14:10:13,38600.0,400.0,2446400.0
434,2021-09-30 14:09:39,38600.0,1000.0,2446000.0
435,2021-09-30 14:09:23,38600.0,500.0,2445000.0
436,2021-09-30 14:09:16,38600.0,900.0,2444500.0
437,2021-09-30 14:09:16,38600.0,2200.0,2443600.0
438,2021-09-30 14:09:16,38600.0,100.0,2441400.0
439,2021-09-30 14:08:57,38600.0,200.0,2441300.0
440,2021-09-30 14:08:57,38600.0,800.0,2441100.0
441,2021-09-30 14:08:46,38600.0,100.0,2440300.0
442,2021-09-30 14:08:45,38650.0,300.0,2440200.0
443,2021-09-30 14:08:43,38600.0,100.0,2439900.0
444,2021-09-30 14:08:43,38600.0,900.0,2439800.0
445,2021-09-30 14:08:42,38650.0,1000.0,2438900.0
446,2021-09-30 14:08:35,38600.0,5000.0,2437900.0
447,2021-09-30 14:08:34,38650.0,400.0,2432900.0
448,2021-09-30 14:08:29,38650.0,2700.0,2432500.0
449,2021-09-30 14:08:28,38650.0,100.0,2429800.0
450,2021-09-30 14:08:18,38600.0,600.0,2429700.0
451,2021-09-30 14:07:59,38600.0,3500.0,2429100.0
452,2021-09-30 14:07:59,38600.0,2000.0,2425600.0
453,2021-09-30 14:07:59,38650.0,1500.0,2423600.0
454,2021-09-30 14:07:58,38650.0,100.0,2422100.0
455,2021-09-30 14:07:58,38650.0,400.0,2422000.0
456,2021-09-30 14:07:51,38650.0,100.0,2421600.0
457,2021-09-30 14:07:51,38650.0,100.0,2421500.0
458,2021-09-30 14:07:51,38650.0,1300.0,2421400.0
459,2021-09-30 14:07:47,38600.0,4900.0,2420100.0
460,2021-09-30 14:07:47,38600.0,500.0,2415200.0
461,2021-09-30 14:07:47,38600.0,600.0,2414700.0
462,2021-09-30 14:07:45,38650.0,500.0,2414100.0
463,2021-09-30 14:07:30,38650.0,200.0,2413600.0
464,2021-09-30 14:07:30,38650.0,100.0,2413400.0
465,2021-09-30 14:07:30,38650.0,500.0,2413300.0
466,2021-09-30 14:07:30,38650.0,400.0,2412800.0
467,2021-09-30 14:07:29,38650.0,600.0,2412400.0
468,2021-09-30 14:07:29,38650.0,200.0,2411800.0
469,2021-09-30 14:07:29,38650.0,200.0,2411600.0
470,2021-09-30 14:07:29,38650.0,1000.0,2411400.0
471,2021-09-30 14:07:17,38650.0,100.0,2410400.0
472,2021-09-30 14:07:16,38650.0,100.0,2410300.0
473,2021-09-30 14:06:55,38650.0,15000.0,2410200.0
474,2021-09-30 14:06:55,38700.0,400.0,2395200.0
475,2021-09-30 14:06:23,38650.0,3600.0,2394800.0
476,2021-09-30 14:06:23,38650.0,500.0,2391200.0
477,2021-09-30 14:06:23,38650.0,400.0,2390700.0
478,2021-09-30 14:06:23,38650.0,500.0,2390300.0
479,2021-09-30 14:06:06,38700.0,500.0,2389800.0
480,2021-09-30 14:05:57,38700.0,1000.0,2389300.0
481,2021-09-30 14:05:57,38700.0,500.0,2388300.0
482,2021-09-30 14:05:57,38700.0,200.0,2387800.0
483,2021-09-30 14:05:57,38700.0,200.0,2387600.0
484,2021-09-30 14:05:57,38700.0,4700.0,2387400.0
485,2021-09-30 14:05:57,38700.0,2900.0,2382700.0
486,2021-09-30 14:05:52,38700.0,100.0,2379800.0
487,2021-09-30 14:05:52,38700.0,900.0,2379700.0
488,2021-09-30 14:05:51,38700.0,4300.0,2378800.0
489,2021-09-30 14:05:51,38700.0,700.0,2374500.0
490,2021-09-30 14:05:36,38700.0,300.0,2373800.0
491,2021-09-30 14:05:36,38700.0,100.0,2373500.0
492,2021-09-30 14:05:36,38700.0,1000.0,2373400.0
493,2021-09-30 14:05:36,38700.0,2000.0,2372400.0
494,2021-09-30 14:05:36,38700.0,8600.0,2370400.0
495,2021-09-30 14:05:29,38700.0,500.0,2361800.0
496,2021-09-30 14:05:17,38750.0,300.0,2361300.0
497,2021-09-30 14:05:17,38750.0,100.0,2361000.0
498,2021-09-30 14:05:03,38750.0,5000.0,2360900.0
499,2021-09-30 14:04:58,38700.0,4000.0,2355900.0
500,2021-09-30 14:04:27,38750.0,500.0,2351900.0
501,2021-09-30 14:04:21,38750.0,300.0,2351400.0
502,2021-09-30 14:03:40,38750.0,4100.0,2351100.0
503,2021-09-30 14:03:38,38800.0,500.0,2347000.0
504,2021-09-30 14:03:33,38800.0,1700.0,2346500.0
505,2021-09-30 14:03:33,38750.0,1500.0,2344800.0
506,2021-09-30 14:03:27,38750.0,100.0,2343300.0
507,2021-09-30 14:03:27,38750.0,500.0,2343200.0
508,2021-09-30 14:03:27,38750.0,100.0,2342700.0
509,2021-09-30 14:03:27,38750.0,200.0,2342600.0
510,2021-09-30 14:03:27,38750.0,2000.0,2342400.0
511,2021-09-30 14:03:27,38750.0,200.0,2340400.0
512,2021-09-30 14:03:27,38750.0,400.0,2340200.0
513,2021-09-30 14:03:17,38750.0,1000.0,2339800.0
514,2021-09-30 14:03:16,38750.0,100.0,2338800.0
515,2021-09-30 14:03:11,38750.0,1000.0,2338700.0
516,2021-09-30 14:03:00,38750.0,100.0,2337700.0
517,2021-09-30 14:02:49,38800.0,400.0,2337600.0
518,2021-09-30 14:02:34,38750.0,500.0,2337200.0
519,2021-09-30 14:01:59,38800.0,500.0,2336700.0
520,2021-09-30 14:01:36,38750.0,2900.0,2336200.0
521,2021-09-30 14:01:36,38750.0,8000.0,2333300.0
522,2021-09-30 14:01:36,38750.0,3000.0,2325300.0
523,2021-09-30 14:01:36,38750.0,4200.0,2322300.0
524,2021-09-30 14:01:36,38750.0,1900.0,2318100.0
525,2021-09-30 14:01:18,38800.0,200.0,2316200.0
526,2021-09-30 14:01:10,38800.0,400.0,2316000.0
527,2021-09-30 14:01:05,38750.0,500.0,2315600.0
528,2021-09-30 14:00:49,38800.0,1500.0,2315100.0
529,2021-09-30 14:00:21,38800.0,500.0,2313600.0
530,2021-09-30 14:00:05,38750.0,300.0,2313100.0
531,2021-09-30 14:00:05,38750.0,3000.0,2312800.0
532,2021-09-30 13:59:45,38750.0,400.0,2309800.0
533,2021-09-30 13:59:31,38800.0,400.0,2309400.0
534,2021-09-30 13:59:29,38750.0,8000.0,2309000.0
535,2021-09-30 13:59:23,38800.0,2000.0,2301000.0
536,2021-09-30 13:59:21,38750.0,500.0,2299000.0
537,2021-09-30 13:58:51,38750.0,4000.0,2298500.0
538,2021-09-30 13:58:51,38750.0,400.0,2294500.0
539,2021-09-30 13:58:42,38750.0,500.0,2294100.0
540,2021-09-30 13:58:38,38750.0,9600.0,2293600.0
541,2021-09-30 13:58:34,38750.0,3300.0,2284000.0
542,2021-09-30 13:58:29,38700.0,4900.0,2280700.0
543,2021-09-30 13:58:27,38750.0,4000.0,2275800.0
544,2021-09-30 13:58:17,38750.0,2000.0,2271800.0
545,2021-09-30 13:57:53,38750.0,200.0,2269800.0
546,2021-09-30 13:57:53,38750.0,200.0,2269600.0
547,2021-09-30 13:57:03,38800.0,500.0,2269400.0
548,2021-09-30 13:56:55,38700.0,1000.0,2268900.0
549,2021-09-30 13:56:33,38700.0,1000.0,2267900.0
550,2021-09-30 13:56:33,38700.0,1000.0,2266900.0
551,2021-09-30 13:56:32,38750.0,200.0,2265900.0
552,2021-09-30 13:56:19,38750.0,200.0,2265700.0
553,2021-09-30 13:56:18,38750.0,3200.0,2265500.0
554,2021-09-30 13:56:18,38750.0,500.0,2262300.0
555,2021-09-30 13:56:18,38750.0,1000.0,2261800.0
556,2021-09-30 13:56:18,38750.0,100.0,2260800.0
557,2021-09-30 13:56:18,38750.0,100.0,2260700.0
558,2021-09-30 13:56:18,38750.0,500.0,2260600.0
559,2021-09-30 13:56:18,38750.0,100.0,2260100.0
560,2021-09-30 13:56:18,38750.0,4100.0,2260000.0
561,2021-09-30 13:56:14,38800.0,5000.0,2255900.0
562,2021-09-30 13:56:03,38750.0,900.0,2250900.0
563,2021-09-30 13:56:03,38750.0,9100.0,2250000.0
564,2021-09-30 13:55:44,38750.0,2000.0,2240900.0
565,2021-09-30 13:55:39,38800.0,400.0,2238900.0
566,2021-09-30 13:55:39,38800.0,100.0,2238500.0
567,2021-09-30 13:55:36,38800.0,100.0,2238400.0
568,2021-09-30 13:55:36,38800.0,100.0,2238300.0
569,2021-09-30 13:55:25,38800.0,500.0,2238200.0
570,2021-09-30 13:55:17,38800.0,100.0,2237700.0
571,2021-09-30 13:55:16,38750.0,5000.0,2237600.0
572,2021-09-30 13:55:08,38800.0,4000.0,2232600.0
573,2021-09-30 13:54:56,38800.0,100.0,2228600.0
574,2021-09-30 13:54:52,38800.0,100.0,2228500.0
575,2021-09-30 13:54:35,38800.0,400.0,2228400.0
576,2021-09-30 13:54:32,38800.0,4000.0,2228000.0
577,2021-09-30 13:54:13,38800.0,700.0,2224000.0
578,2021-09-30 13:54:13,38800.0,500.0,2223300.0
579,2021-09-30 13:54:13,38800.0,1000.0,2222800.0
580,2021-09-30 13:54:13,38800.0,800.0,2221800.0
581,2021-09-30 13:54:13,38800.0,300.0,2221000.0
582,2021-09-30 13:54:13,38800.0,100.0,2220700.0
583,2021-09-30 13:54:13,38800.0,500.0,2220600.0
584,2021-09-30 13:54:13,38800.0,400.0,2220100.0
585,2021-09-30 13:54:13,38800.0,700.0,2219700.0
586,2021-09-30 13:54:07,38800.0,100.0,2219000.0
587,2021-09-30 13:53:49,38800.0,500.0,2218900.0
588,2021-09-30 13:53:46,38800.0,200.0,2218400.0
589,2021-09-30 13:53:46,38800.0,300.0,2218200.0
590,2021-09-30 13:53:09,38800.0,700.0,2217900.0
591,2021-09-30 13:53:09,38800.0,1500.0,2217200.0
592,2021-09-30 13:53:09,38800.0,500.0,2215700.0
593,2021-09-30 13:53:09,38800.0,200.0,2215200.0
594,2021-09-30 13:53:04,38800.0,300.0,2215000.0
595,2021-09-30 13:53:04,38800.0,500.0,2214700.0
596,2021-09-30 13:53:04,38800.0,100.0,2214200.0
597,2021-09-30 13:53:04,38800.0,1400.0,2214100.0
598,2021-09-30 13:53:01,38800.0,500.0,2212700.0
599,2021-09-30 13:52:57,38800.0,400.0,2212200.0
600,2021-09-30 13:52:56,38800.0,3000.0,2211800.0
601,2021-09-30 13:52:26,38800.0,1000.0,2208800.0
602,2021-09-30 13:52:23,38800.0,200.0,2207800.0
603,2021-09-30 13:52:12,38800.0,1000.0,2207600.0
604,2021-09-30 13:52:12,38800.0,500.0,2206600.0
605,2021-09-30 13:52:08,38800.0,500.0,2206100.0
606,2021-09-30 13:52:07,38850.0,500.0,2205600.0
607,2021-09-30 13:52:06,38800.0,100.0,2205100.0
608,2021-09-30 13:52:05,38800.0,1000.0,2205000.0
609,2021-09-30 13:52:05,38800.0,1000.0,2204000.0
610,2021-09-30 13:52:05,38800.0,1000.0,2203000.0
611,2021-09-30 13:52:05,38800.0,100.0,2202000.0
612,2021-09-30 13:52:05,38800.0,1000.0,2201900.0
613,2021-09-30 13:52:05,38800.0,1000.0,2200900.0
614,2021-09-30 13:52:05,38800.0,300.0,2199900.0
615,2021-09-30 13:52:05,38800.0,500.0,2199600.0
616,2021-09-30 13:52:05,38800.0,1000.0,2199100.0
617,2021-09-30 13:52:05,38800.0,12000.0,2198100.0
618,2021-09-30 13:51:50,38800.0,200.0,2186100.0
619,2021-09-30 13:51:47,38800.0,200.0,2185900.0
620,2021-09-30 13:51:41,38800.0,1000.0,2185700.0
621,2021-09-30 13:51:40,38800.0,500.0,2184700.0
622,2021-09-30 13:51:40,38800.0,6100.0,2184200.0
623,2021-09-30 13:51:32,38800.0,300.0,2178100.0
624,2021-09-30 13:51:32,38800.0,1000.0,2177800.0
625,2021-09-30 13:51:32,38800.0,100.0,2176800.0
626,2021-09-30 13:51:32,38800.0,1000.0,2176700.0
627,2021-09-30 13:51:32,38800.0,500.0,2175700.0
628,2021-09-30 13:51:32,38800.0,10000.0,2175200.0
629,2021-09-30 13:51:32,38800.0,300.0,2165200.0
630,2021-09-30 13:51:32,38800.0,4700.0,2164900.0
631,2021-09-30 13:51:18,38800.0,400.0,2160200.0
632,2021-09-30 13:51:01,38800.0,200.0,2159800.0
633,2021-09-30 13:50:51,38800.0,3000.0,2159600.0
634,2021-09-30 13:50:32,38800.0,1700.0,2156600.0
635,2021-09-30 13:50:30,38800.0,500.0,2154900.0
636,2021-09-30 13:50:30,38800.0,100.0,2154400.0
637,2021-09-30 13:50:30,38800.0,700.0,2154300.0
638,2021-09-30 13:50:29,38800.0,500.0,2153600.0
639,2021-09-30 13:50:08,38800.0,800.0,2153100.0
640,2021-09-30 13:50:08,38800.0,100.0,2152300.0
641,2021-09-30 13:50:08,38800.0,700.0,2152200.0
642,2021-09-30 13:50:08,38800.0,2000.0,2151500.0
643,2021-09-30 13:50:08,38800.0,500.0,2149500.0
644,2021-09-30 13:50:08,38800.0,100.0,2149000.0
645,2021-09-30 13:50:08,38800.0,600.0,2148900.0
646,2021-09-30 13:50:08,38800.0,200.0,2148300.0
647,2021-09-30 13:50:08,38800.0,200.0,2148100.0
648,2021-09-30 13:50:03,38800.0,100.0,2147900.0
649,2021-09-30 13:49:41,38800.0,500.0,2147800.0
650,2021-09-30 13:49:28,38800.0,200.0,2147300.0
651,2021-09-30 13:49:19,38800.0,800.0,2147100.0
652,2021-09-30 13:49:19,38800.0,7200.0,2146300.0
653,2021-09-30 13:48:57,38800.0,200.0,2139100.0
654,2021-09-30 13:48:51,38800.0,400.0,2138900.0
655,2021-09-30 13:48:45,38800.0,2200.0,2138500.0
656,2021-09-30 13:48:45,38800.0,5000.0,2136300.0
657,2021-09-30 13:48:45,38800.0,200.0,2131300.0
658,2021-09-30 13:48:45,38800.0,1600.0,2131100.0
659,2021-09-30 13:48:30,38750.0,3900.0,2129500.0
660,2021-09-30 13:48:30,38750.0,1000.0,2125600.0
661,2021-09-30 13:48:30,38750.0,100.0,2124600.0
662,2021-09-30 13:48:28,38800.0,2400.0,2124500.0
663,2021-09-30 13:48:28,38800.0,300.0,2122100.0
664,2021-09-30 13:48:28,38800.0,500.0,2121800.0
665,2021-09-30 13:48:28,38800.0,1000.0,2121300.0
666,2021-09-30 13:48:28,38800.0,100.0,2120300.0
667,2021-09-30 13:48:28,38800.0,500.0,2120200.0
668,2021-09-30 13:48:28,38800.0,200.0,2119700.0
669,2021-09-30 13:48:27,38750.0,100.0,2119500.0
670,2021-09-30 13:48:05,38800.0,200.0,2119400.0
671,2021-09-30 13:48:01,38800.0,500.0,2119200.0
672,2021-09-30 13:47:55,38800.0,9000.0,2118700.0
673,2021-09-30 13:47:44,38800.0,100.0,2109700.0
674,2021-09-30 13:47:44,38800.0,100.0,2109600.0
675,2021-09-30 13:47:44,38800.0,2800.0,2109500.0
676,2021-09-30 13:47:18,38800.0,100.0,2106700.0
677,2021-09-30 13:47:11,38800.0,400.0,2106600.0
678,2021-09-30 13:47:09,38800.0,900.0,2106200.0
679,2021-09-30 13:46:32,38800.0,3000.0,2105300.0
680,2021-09-30 13:46:28,38800.0,2800.0,2102300.0
681,2021-09-30 13:46:26,38800.0,1500.0,2099500.0
682,2021-09-30 13:46:26,38800.0,700.0,2098000.0
683,2021-09-30 13:46:23,38800.0,8800.0,2097300.0
684,2021-09-30 13:46:22,38800.0,500.0,2088500.0
685,2021-09-30 13:46:06,38750.0,100.0,2088000.0
686,2021-09-30 13:45:51,38850.0,5400.0,2087900.0
687,2021-09-30 13:45:51,38850.0,1800.0,2082500.0
688,2021-09-30 13:45:51,38800.0,3000.0,2080700.0
689,2021-09-30 13:45:51,38800.0,100.0,2077700.0
690,2021-09-30 13:45:51,38800.0,4700.0,2077600.0
691,2021-09-30 13:45:47,38800.0,100.0,2072900.0
692,2021-09-30 13:45:33,38800.0,200.0,2072800.0
693,2021-09-30 13:45:33,38800.0,200.0,2072600.0
694,2021-09-30 13:45:25,38800.0,800.0,2072400.0
695,2021-09-30 13:45:16,38800.0,5000.0,2071600.0
696,2021-09-30 13:45:16,38800.0,1000.0,2066600.0
697,2021-09-30 13:45:16,38800.0,2000.0,2065600.0
698,2021-09-30 13:45:16,38800.0,1000.0,2063600.0
699,2021-09-30 13:44:43,38900.0,500.0,2062600.0
700,2021-09-30 13:44:21,38900.0,100.0,2062100.0
701,2021-09-30 13:44:21,38900.0,300.0,2062000.0
702,2021-09-30 13:44:21,38900.0,200.0,2061700.0
703,2021-09-30 13:44:21,38900.0,100.0,2061500.0
704,2021-09-30 13:44:21,38900.0,100.0,2061400.0
705,2021-09-30 13:44:16,38850.0,100.0,2061300.0
706,2021-09-30 13:44:16,38850.0,800.0,2061200.0
707,2021-09-30 13:44:16,38850.0,500.0,2060400.0
708,2021-09-30 13:44:16,38850.0,1000.0,2059900.0
709,2021-09-30 13:44:16,38850.0,600.0,2058900.0
710,2021-09-30 13:44:03,38850.0,100.0,2058300.0
711,2021-09-30 13:43:54,38900.0,400.0,2058200.0
712,2021-09-30 13:43:39,38850.0,400.0,2057800.0
713,2021-09-30 13:43:37,38850.0,100.0,2057400.0
714,2021-09-30 13:43:36,38850.0,800.0,2057300.0
715,2021-09-30 13:43:36,38850.0,200.0,2056500.0
716,2021-09-30 13:43:11,38850.0,500.0,2056300.0
717,2021-09-30 13:43:07,38850.0,100.0,2055800.0
718,2021-09-30 13:43:06,38850.0,200.0,2055700.0
719,2021-09-30 13:43:05,38900.0,500.0,2055500.0
720,2021-09-30 13:43:04,38850.0,200.0,2055000.0
721,2021-09-30 13:43:02,38850.0,1000.0,2054800.0
722,2021-09-30 13:42:56,38850.0,500.0,2053800.0
723,2021-09-30 13:42:30,38850.0,300.0,2053300.0
724,2021-09-30 13:42:30,38850.0,200.0,2053000.0
725,2021-09-30 13:42:23,38850.0,200.0,2052800.0
726,2021-09-30 13:42:19,38850.0,500.0,2052600.0
727,2021-09-30 13:42:19,38900.0,10300.0,2052100.0
728,2021-09-30 13:42:19,38900.0,7000.0,2041800.0
729,2021-09-30 13:42:19,38900.0,100.0,2034800.0
730,2021-09-30 13:42:19,38900.0,600.0,2034700.0
731,2021-09-30 13:42:15,38900.0,400.0,2034100.0
732,2021-09-30 13:42:03,38900.0,900.0,2033700.0
733,2021-09-30 13:42:03,38900.0,100.0,2032800.0
734,2021-09-30 13:41:56,38900.0,1000.0,2032700.0
735,2021-09-30 13:41:51,38900.0,100.0,2031700.0
736,2021-09-30 13:41:46,38900.0,200.0,2031600.0
737,2021-09-30 13:41:45,38900.0,500.0,2031400.0
738,2021-09-30 13:41:43,38900.0,1100.0,2030900.0
739,2021-09-30 13:41:43,38900.0,1400.0,2029800.0
740,2021-09-30 13:41:38,38900.0,4600.0,2028400.0
741,2021-09-30 13:41:38,38900.0,400.0,2023800.0
742,2021-09-30 13:41:37,38900.0,500.0,2023400.0
743,2021-09-30 13:41:33,38900.0,400.0,2022900.0
744,2021-09-30 13:41:32,38900.0,200.0,2022500.0
745,2021-09-30 13:41:31,38900.0,900.0,2022300.0
746,2021-09-30 13:41:28,38900.0,7600.0,2021400.0
747,2021-09-30 13:41:28,38900.0,9100.0,2013800.0
748,2021-09-30 13:41:26,38900.0,900.0,2004700.0
749,2021-09-30 13:41:26,38900.0,100.0,2003800.0
750,2021-09-30 13:41:26,38950.0,500.0,2003700.0
751,2021-09-30 13:41:25,38900.0,100.0,2003200.0
752,2021-09-30 13:41:24,38900.0,200.0,2003100.0
753,2021-09-30 13:41:24,38900.0,100.0,2002900.0
754,2021-09-30 13:41:17,38900.0,300.0,2002800.0
755,2021-09-30 13:41:17,38900.0,200.0,2002500.0
756,2021-09-30 13:41:10,38900.0,400.0,2002300.0
757,2021-09-30 13:41:10,38900.0,100.0,2001900.0
758,2021-09-30 13:41:06,38900.0,200.0,2001800.0
759,2021-09-30 13:41:05,38900.0,200.0,2001600.0
760,2021-09-30 13:41:05,38900.0,100.0,2001400.0
761,2021-09-30 13:40:53,38900.0,300.0,2001300.0
762,2021-09-30 13:40:49,38900.0,200.0,2001000.0
763,2021-09-30 13:40:44,38950.0,100.0,2000800.0
764,2021-09-30 13:40:37,38950.0,400.0,2000700.0
765,2021-09-30 13:40:23,38950.0,2000.0,2000300.0
766,2021-09-30 13:40:11,38950.0,200.0,1998300.0
767,2021-09-30 13:39:54,38950.0,800.0,1998100.0
768,2021-09-30 13:39:54,38950.0,200.0,1997300.0
769,2021-09-30 13:39:47,38950.0,300.0,1997100.0
770,2021-09-30 13:39:47,38950.0,200.0,1996800.0
771,2021-09-30 13:39:28,38950.0,100.0,1996600.0
772,2021-09-30 13:39:28,38950.0,400.0,1996500.0
773,2021-09-30 13:39:26,38950.0,400.0,1996100.0
774,2021-09-30 13:39:26,38950.0,100.0,1995700.0
775,2021-09-30 13:39:26,38950.0,3000.0,1995600.0
776,2021-09-30 13:39:26,38950.0,100.0,1992600.0
777,2021-09-30 13:39:26,38950.0,400.0,1992500.0
778,2021-09-30 13:39:26,38950.0,2000.0,1992100.0
779,2021-09-30 13:39:26,38950.0,1000.0,1990100.0
780,2021-09-30 13:39:25,38950.0,100.0,1989100.0
781,2021-09-30 13:38:58,38950.0,200.0,1989000.0
782,2021-09-30 13:38:58,38950.0,100.0,1988800.0
783,2021-09-30 13:38:58,38950.0,100.0,1988700.0
784,2021-09-30 13:38:51,38900.0,300.0,1988600.0
785,2021-09-30 13:38:26,38950.0,1900.0,1988300.0
786,2021-09-30 13:38:26,38950.0,2000.0,1986400.0
787,2021-09-30 13:38:26,38950.0,200.0,1984400.0
788,2021-09-30 13:38:26,38950.0,1000.0,1984200.0
789,2021-09-30 13:38:26,38950.0,16500.0,1983200.0
790,2021-09-30 13:38:26,38950.0,2000.0,1966700.0
791,2021-09-30 13:38:26,38950.0,100.0,1964700.0
792,2021-09-30 13:38:26,38950.0,200.0,1964600.0
793,2021-09-30 13:38:26,38950.0,100.0,1964400.0
794,2021-09-30 13:38:26,38950.0,500.0,1964300.0
795,2021-09-30 13:38:26,38950.0,500.0,1963800.0
796,2021-09-30 13:38:26,38950.0,200.0,1963300.0
797,2021-09-30 13:38:26,38950.0,1000.0,1963100.0
798,2021-09-30 13:38:26,38950.0,200.0,1962100.0
799,2021-09-30 13:38:26,38950.0,100.0,1961900.0
800,2021-09-30 13:38:26,38950.0,3500.0,1961800.0
801,2021-09-30 13:38:22,38950.0,400.0,1958300.0
802,2021-09-30 13:38:16,38900.0,2100.0,1957900.0
803,2021-09-30 13:38:15,38950.0,100.0,1955800.0
804,2021-09-30 13:38:08,38950.0,500.0,1955700.0
805,2021-09-30 13:38:02,38950.0,200.0,1955200.0
806,2021-09-30 13:37:40,38950.0,300.0,1955000.0
807,2021-09-30 13:37:40,38950.0,400.0,1954700.0
808,2021-09-30 13:37:38,38900.0,500.0,1954300.0
809,2021-09-30 13:37:19,38950.0,400.0,1953800.0
810,2021-09-30 13:37:03,38950.0,100.0,1953400.0
811,2021-09-30 13:37:02,38950.0,300.0,1953300.0
812,2021-09-30 13:37:02,38900.0,200.0,1953000.0
813,2021-09-30 13:36:53,38950.0,1300.0,1952800.0
814,2021-09-30 13:36:53,38950.0,500.0,1951500.0
815,2021-09-30 13:36:53,38950.0,100.0,1951000.0
816,2021-09-30 13:36:53,38950.0,500.0,1950900.0
817,2021-09-30 13:36:53,38950.0,800.0,1950400.0
818,2021-09-30 13:36:53,38950.0,200.0,1949600.0
819,2021-09-30 13:36:53,38950.0,1000.0,1949400.0
820,2021-09-30 13:36:53,38950.0,200.0,1948400.0
821,2021-09-30 13:36:53,38950.0,1000.0,1948200.0
822,2021-09-30 13:36:53,38950.0,2000.0,1947200.0
823,2021-09-30 13:36:53,38950.0,3500.0,1945200.0
824,2021-09-30 13:36:53,38950.0,1000.0,1941700.0
825,2021-09-30 13:36:53,38950.0,5000.0,1940700.0
826,2021-09-30 13:36:53,38950.0,100.0,1935700.0
827,2021-09-30 13:36:53,38950.0,500.0,1935600.0
828,2021-09-30 13:36:53,38900.0,100.0,1935100.0
829,2021-09-30 13:36:53,38900.0,3000.0,1935000.0
830,2021-09-30 13:36:53,38900.0,300.0,1932000.0
831,2021-09-30 13:36:53,38900.0,100.0,1931700.0
832,2021-09-30 13:36:53,38900.0,100.0,1931600.0
833,2021-09-30 13:36:53,38900.0,3000.0,1931500.0
834,2021-09-30 13:36:53,38900.0,300.0,1928500.0
835,2021-09-30 13:36:53,38900.0,4200.0,1928200.0
836,2021-09-30 13:36:53,38900.0,100.0,1924000.0
837,2021-09-30 13:36:53,38900.0,500.0,1923900.0
838,2021-09-30 13:36:53,38900.0,8000.0,1923400.0
839,2021-09-30 13:36:53,38900.0,1000.0,1915400.0
840,2021-09-30 13:36:53,38900.0,1000.0,1914400.0
841,2021-09-30 13:36:53,38900.0,100.0,1913400.0
842,2021-09-30 13:36:53,38900.0,10000.0,1913300.0
843,2021-09-30 13:36:53,38900.0,500.0,1903300.0
844,2021-09-30 13:36:42,38850.0,500.0,1902800.0
845,2021-09-30 13:36:40,38900.0,1000.0,1902300.0
846,2021-09-30 13:36:40,38900.0,1000.0,1901300.0
847,2021-09-30 13:36:40,38900.0,500.0,1900300.0
848,2021-09-30 13:36:40,38900.0,1000.0,1899800.0
849,2021-09-30 13:36:40,38900.0,100.0,1898800.0
850,2021-09-30 13:36:40,38900.0,100.0,1898700.0
851,2021-09-30 13:36:40,38900.0,100.0,1898600.0
852,2021-09-30 13:36:40,38900.0,200.0,1898500.0
853,2021-09-30 13:36:39,38900.0,1000.0,1898300.0
854,2021-09-30 13:36:38,38850.0,1000.0,1897300.0
855,2021-09-30 13:36:30,38900.0,500.0,1896300.0
856,2021-09-30 13:36:26,38850.0,200.0,1895800.0
857,2021-09-30 13:35:50,38850.0,200.0,1895600.0
858,2021-09-30 13:35:49,38850.0,2000.0,1895400.0
859,2021-09-30 13:35:40,38900.0,300.0,1893400.0
860,2021-09-30 13:35:40,38900.0,200.0,1893100.0
861,2021-09-30 13:35:39,38850.0,200.0,1892900.0
862,2021-09-30 13:35:31,38850.0,500.0,1892700.0
863,2021-09-30 13:35:31,38850.0,100.0,1892200.0
864,2021-09-30 13:35:31,38850.0,100.0,1892100.0
865,2021-09-30 13:35:31,38850.0,5000.0,1892000.0
866,2021-09-30 13:35:31,38800.0,200.0,1887000.0
867,2021-09-30 13:35:29,38800.0,200.0,1886800.0
868,2021-09-30 13:35:27,38800.0,500.0,1886600.0
869,2021-09-30 13:35:11,38800.0,100.0,1886100.0
870,2021-09-30 13:35:11,38800.0,1000.0,1886000.0
871,2021-09-30 13:35:11,38800.0,900.0,1885000.0
872,2021-09-30 13:35:11,38800.0,2000.0,1884100.0
873,2021-09-30 13:35:11,38800.0,300.0,1882100.0
874,2021-09-30 13:34:57,38800.0,1700.0,1881800.0
875,2021-09-30 13:34:57,38800.0,2000.0,1880100.0
876,2021-09-30 13:34:57,38800.0,200.0,1878100.0
877,2021-09-30 13:34:57,38800.0,500.0,1877900.0
878,2021-09-30 13:34:57,38800.0,5000.0,1877400.0
879,2021-09-30 13:34:57,38800.0,1000.0,1872400.0
880,2021-09-30 13:34:57,38800.0,700.0,1871400.0
881,2021-09-30 13:34:57,38800.0,100.0,1870700.0
882,2021-09-30 13:34:57,38800.0,200.0,1870600.0
883,2021-09-30 13:34:57,38800.0,1800.0,1870400.0
884,2021-09-30 13:34:57,38800.0,500.0,1868600.0
885,2021-09-30 13:34:57,38800.0,1000.0,1868100.0
886,2021-09-30 13:34:57,38800.0,5000.0,1867100.0
887,2021-09-30 13:34:57,38800.0,3000.0,1862100.0
888,2021-09-30 13:34:57,38800.0,500.0,1859100.0
889,2021-09-30 13:34:57,38800.0,1000.0,1858600.0
890,2021-09-30 13:34:57,38800.0,600.0,1857600.0
891,2021-09-30 13:34:51,38800.0,400.0,1857000.0
892,2021-09-30 13:34:49,38800.0,9000.0,1856600.0
893,2021-09-30 13:34:49,38800.0,500.0,1847600.0
894,2021-09-30 13:34:49,38800.0,300.0,1847100.0
895,2021-09-30 13:34:49,38800.0,100.0,1846800.0
896,2021-09-30 13:34:49,38800.0,100.0,1846700.0
897,2021-09-30 13:34:46,38800.0,500.0,1846600.0
898,2021-09-30 13:34:31,38800.0,400.0,1846100.0
899,2021-09-30 13:34:31,38800.0,200.0,1845700.0
900,2021-09-30 13:34:31,38800.0,500.0,1845500.0
901,2021-09-30 13:34:31,38800.0,100.0,1845000.0
902,2021-09-30 13:34:31,38800.0,100.0,1844900.0
903,2021-09-30 13:34:31,38800.0,100.0,1844800.0
904,2021-09-30 13:34:31,38800.0,2000.0,1844700.0
905,2021-09-30 13:34:31,38800.0,1000.0,1842700.0
906,2021-09-30 13:34:29,38750.0,100.0,1841700.0
907,2021-09-30 13:34:29,38750.0,100.0,1841600.0
908,2021-09-30 13:34:09,38700.0,100.0,1841500.0
909,2021-09-30 13:34:05,38700.0,200.0,1841400.0
910,2021-09-30 13:34:05,38700.0,4000.0,1841200.0
911,2021-09-30 13:34:05,38700.0,200.0,1837200.0
912,2021-09-30 13:34:05,38700.0,700.0,1837000.0
913,2021-09-30 13:34:05,38700.0,900.0,1836300.0
914,2021-09-30 13:34:02,38700.0,500.0,1835400.0
915,2021-09-30 13:33:44,38700.0,600.0,1834900.0
916,2021-09-30 13:33:44,38700.0,200.0,1834300.0
917,2021-09-30 13:33:44,38700.0,700.0,1834100.0
918,2021-09-30 13:33:25,38700.0,1000.0,1833400.0
919,2021-09-30 13:33:12,38700.0,400.0,1832400.0
920,2021-09-30 13:32:23,38700.0,500.0,1832000.0
921,2021-09-30 13:32:14,38700.0,2000.0,1831500.0
922,2021-09-30 13:32:14,38700.0,500.0,1829500.0
923,2021-09-30 13:32:06,38700.0,200.0,1829000.0
924,2021-09-30 13:32:03,38700.0,1100.0,1828800.0
925,2021-09-30 13:32:03,38700.0,400.0,1827700.0
926,2021-09-30 13:32:00,38700.0,600.0,1827300.0
927,2021-09-30 13:32:00,38700.0,1000.0,1826700.0
928,2021-09-30 13:32:00,38700.0,400.0,1825700.0
929,2021-09-30 13:32:00,38700.0,600.0,1825300.0
930,2021-09-30 13:32:00,38700.0,1200.0,1824700.0
931,2021-09-30 13:31:53,38700.0,1000.0,1823500.0
932,2021-09-30 13:31:53,38700.0,1000.0,1822500.0
933,2021-09-30 13:31:53,38700.0,1500.0,1821500.0
934,2021-09-30 13:31:47,38700.0,7500.0,1820000.0
935,2021-09-30 13:31:47,38700.0,100.0,1812500.0
936,2021-09-30 13:31:47,38700.0,100.0,1812400.0
937,2021-09-30 13:31:47,38700.0,100.0,1812300.0
938,2021-09-30 13:31:47,38700.0,1300.0,1812200.0
939,2021-09-30 13:31:47,38700.0,900.0,1810900.0
940,2021-09-30 13:31:34,38700.0,100.0,1810000.0
941,2021-09-30 13:31:34,38700.0,100.0,1809900.0
942,2021-09-30 13:31:34,38700.0,200.0,1809800.0
943,2021-09-30 13:31:18,38650.0,500.0,1809600.0
944,2021-09-30 13:31:18,38650.0,600.0,1809100.0
945,2021-09-30 13:31:18,38650.0,2000.0,1808500.0
946,2021-09-30 13:30:46,38650.0,200.0,1806500.0
947,2021-09-30 13:30:44,38650.0,500.0,1806300.0
948,2021-09-30 13:30:34,38600.0,100.0,1805800.0
949,2021-09-30 13:30:34,38600.0,100.0,1805700.0
950,2021-09-30 13:30:34,38600.0,1000.0,1805600.0
951,2021-09-30 13:30:34,38600.0,500.0,1804600.0
952,2021-09-30 13:30:34,38600.0,10000.0,1804100.0
953,2021-09-30 13:30:34,38600.0,600.0,1794100.0
954,2021-09-30 13:30:34,38600.0,300.0,1793500.0
955,2021-09-30 13:30:34,38600.0,1000.0,1793200.0
956,2021-09-30 13:30:34,38600.0,1000.0,1792200.0
957,2021-09-30 13:30:34,38600.0,1000.0,1791200.0
958,2021-09-30 13:30:34,38600.0,100.0,1790200.0
959,2021-09-30 13:30:34,38600.0,100.0,1790100.0
960,2021-09-30 13:30:34,38600.0,1000.0,1790000.0
961,2021-09-30 13:30:34,38600.0,100.0,1789000.0
962,2021-09-30 13:30:34,38550.0,1000.0,1788900.0
963,2021-09-30 13:30:34,38550.0,700.0,1787900.0
964,2021-09-30 13:30:34,38550.0,800.0,1787200.0
965,2021-09-30 13:30:26,38550.0,200.0,1786400.0
966,2021-09-30 13:30:04,38550.0,100.0,1786200.0
967,2021-09-30 13:30:04,38550.0,1100.0,1786100.0
968,2021-09-30 13:29:55,38550.0,400.0,1785000.0
969,2021-09-30 13:29:42,38500.0,10000.0,1784600.0
970,2021-09-30 13:29:42,38500.0,3000.0,1774600.0
971,2021-09-30 13:29:34,38500.0,200.0,1771600.0
972,2021-09-30 13:29:29,38500.0,3000.0,1771400.0
973,2021-09-30 13:29:06,38500.0,500.0,1768400.0
974,2021-09-30 13:29:03,38500.0,400.0,1767900.0
975,2021-09-30 13:29:01,38500.0,600.0,1767500.0
976,2021-09-30 13:28:52,38500.0,100.0,1766900.0
977,2021-09-30 13:28:16,38500.0,200.0,1766800.0
978,2021-09-30 13:28:16,38500.0,300.0,1766600.0
979,2021-09-30 13:28:12,38450.0,1400.0,1766300.0
980,2021-09-30 13:28:12,38450.0,500.0,1764900.0
981,2021-09-30 13:28:12,38450.0,100.0,1764400.0
982,2021-09-30 13:27:35,38450.0,200.0,1764300.0
983,2021-09-30 13:27:35,38500.0,300.0,1764100.0
984,2021-09-30 13:27:27,38550.0,400.0,1763800.0
985,2021-09-30 13:27:23,38500.0,300.0,1763400.0
986,2021-09-30 13:27:23,38500.0,100.0,1763100.0
987,2021-09-30 13:27:23,38500.0,100.0,1763000.0
988,2021-09-30 13:27:23,38500.0,200.0,1762900.0
989,2021-09-30 13:27:02,38500.0,500.0,1762700.0
990,2021-09-30 13:27:00,38500.0,300.0,1762200.0
991,2021-09-30 13:27:00,38500.0,100.0,1761900.0
992,2021-09-30 13:27:00,38500.0,200.0,1761800.0
993,2021-09-30 13:26:42,38500.0,1600.0,1761600.0
994,2021-09-30 13:26:42,38500.0,200.0,1760000.0
995,2021-09-30 13:26:42,38500.0,100.0,1759800.0
996,2021-09-30 13:26:42,38500.0,500.0,1759700.0
997,2021-09-30 13:26:42,38500.0,100.0,1759200.0
998,2021-09-30 13:26:42,38500.0,100.0,1759100.0
999,2021-09-30 13:26:42,38500.0,500.0,1759000.0
1000,2021-09-30 13:26:42,38500.0,1200.0,1758500.0
1001,2021-09-30 13:26:40,38500.0,500.0,1757300.0
1002,2021-09-30 13:26:40,38500.0,300.0,1756800.0
1003,2021-09-30 13:26:40,38500.0,500.0,1756500.0
1004,2021-09-30 13:26:40,38500.0,200.0,1756000.0
1005,2021-09-30 13:26:37,38500.0,100.0,1755800.0
1006,2021-09-30 13:26:37,38500.0,1900.0,1755700.0
1007,2021-09-30 13:26:27,38500.0,1000.0,1753800.0
1008,2021-09-30 13:26:06,38500.0,2000.0,1752800.0
1009,2021-09-30 13:25:56,38450.0,400.0,1750800.0
1010,2021-09-30 13:25:56,38450.0,100.0,1750400.0
1011,2021-09-30 13:25:56,38450.0,500.0,1750300.0
1012,2021-09-30 13:25:48,38500.0,1000.0,1749800.0
1013,2021-09-30 13:25:48,38500.0,400.0,1748800.0
1014,2021-09-30 13:25:45,38500.0,1000.0,1748400.0
1015,2021-09-30 13:25:34,38500.0,600.0,1747400.0
1016,2021-09-30 13:25:13,38500.0,1400.0,1746800.0
1017,2021-09-30 13:24:59,38500.0,500.0,1745400.0
1018,2021-09-30 13:24:51,38500.0,200.0,1744900.0
1019,2021-09-30 13:24:51,38500.0,200.0,1744700.0
1020,2021-09-30 13:24:51,38500.0,200.0,1744500.0
1021,2021-09-30 13:24:51,38500.0,1800.0,1744300.0
1022,2021-09-30 13:24:47,38500.0,200.0,1742500.0
1023,2021-09-30 13:24:47,38500.0,700.0,1742300.0
1024,2021-09-30 13:24:22,38500.0,1000.0,1741600.0
1025,2021-09-30 13:24:03,38500.0,300.0,1740600.0
1026,2021-09-30 13:24:03,38500.0,200.0,1740300.0
1027,2021-09-30 13:23:28,38500.0,100.0,1740100.0
1028,2021-09-30 13:23:14,38500.0,400.0,1740000.0
1029,2021-09-30 13:23:12,38500.0,100.0,1739600.0
1030,2021-09-30 13:22:55,38500.0,200.0,1739500.0
1031,2021-09-30 13:22:51,38450.0,100.0,1739300.0
1032,2021-09-30 13:22:16,38450.0,500.0,1739200.0
1033,2021-09-30 13:22:02,38450.0,400.0,1738700.0
1034,2021-09-30 13:21:55,38450.0,100.0,1738300.0
1035,2021-09-30 13:21:50,38450.0,800.0,1738200.0
1036,2021-09-30 13:21:50,38450.0,100.0,1737400.0
1037,2021-09-30 13:21:50,38450.0,100.0,1737300.0
1038,2021-09-30 13:21:43,38400.0,100.0,1737200.0
1039,2021-09-30 13:21:43,38400.0,100.0,1737100.0
1040,2021-09-30 13:21:43,38400.0,100.0,1737000.0
1041,2021-09-30 13:21:36,38400.0,100.0,1736900.0
1042,2021-09-30 13:21:36,38400.0,300.0,1736800.0
1043,2021-09-30 13:21:32,38400.0,2700.0,1736500.0
1044,2021-09-30 13:21:32,38400.0,1300.0,1733800.0
1045,2021-09-30 13:21:03,38350.0,100.0,1732500.0
1046,2021-09-30 13:20:59,38350.0,5100.0,1732400.0
1047,2021-09-30 13:20:59,38350.0,1700.0,1727300.0
1048,2021-09-30 13:20:56,38300.0,300.0,1725600.0
1049,2021-09-30 13:20:56,38300.0,100.0,1725300.0
1050,2021-09-30 13:20:56,38300.0,600.0,1725200.0
1051,2021-09-30 13:20:50,38350.0,1000.0,1724600.0
1052,2021-09-30 13:20:37,38300.0,300.0,1723600.0
1053,2021-09-30 13:20:37,38300.0,100.0,1723300.0
1054,2021-09-30 13:20:31,38300.0,2500.0,1723200.0
1055,2021-09-30 13:20:20,38300.0,1600.0,1720700.0
1056,2021-09-30 13:20:07,38300.0,300.0,1719100.0
1057,2021-09-30 13:20:07,38300.0,200.0,1718800.0
1058,2021-09-30 13:19:59,38300.0,100.0,1718600.0
1059,2021-09-30 13:19:59,38300.0,300.0,1718500.0
1060,2021-09-30 13:19:38,38300.0,200.0,1718200.0
1061,2021-09-30 13:19:38,38300.0,200.0,1718000.0
1062,2021-09-30 13:19:35,38300.0,400.0,1717800.0
1063,2021-09-30 13:19:17,38300.0,100.0,1717400.0
1064,2021-09-30 13:19:17,38250.0,100.0,1717300.0
1065,2021-09-30 13:19:11,38250.0,100.0,1717200.0
1066,2021-09-30 13:19:11,38250.0,200.0,1717100.0
1067,2021-09-30 13:19:10,38250.0,500.0,1716900.0
1068,2021-09-30 13:19:08,38250.0,100.0,1716400.0
1069,2021-09-30 13:19:08,38250.0,100.0,1716300.0
1070,2021-09-30 13:18:56,38250.0,100.0,1716200.0
1071,2021-09-30 13:18:22,38250.0,100.0,1716100.0
1072,2021-09-30 13:18:05,38200.0,3000.0,1716000.0
1073,2021-09-30 13:17:52,38250.0,100.0,1713000.0
1074,2021-09-30 13:17:52,38250.0,600.0,1712900.0
1075,2021-09-30 13:17:46,38250.0,400.0,1712300.0
1076,2021-09-30 13:17:46,38250.0,300.0,1711900.0
1077,2021-09-30 13:17:39,38250.0,200.0,1711600.0
1078,2021-09-30 13:17:10,38200.0,300.0,1711400.0
1079,2021-09-30 13:17:04,38200.0,100.0,1711100.0
1080,2021-09-30 13:16:59,38200.0,4400.0,1711000.0
1081,2021-09-30 13:16:53,38200.0,1800.0,1706600.0
1082,2021-09-30 13:16:53,38200.0,4300.0,1704800.0
1083,2021-09-30 13:16:53,38200.0,200.0,1700500.0
1084,2021-09-30 13:16:53,38250.0,200.0,1700300.0
1085,2021-09-30 13:16:53,38250.0,100.0,1700100.0
1086,2021-09-30 13:16:53,38250.0,1400.0,1700000.0
1087,2021-09-30 13:16:49,38250.0,100.0,1698600.0
1088,2021-09-30 13:16:45,38300.0,400.0,1698500.0
1089,2021-09-30 13:16:44,38300.0,400.0,1698100.0
1090,2021-09-30 13:16:32,38300.0,200.0,1697700.0
1091,2021-09-30 13:16:32,38300.0,100.0,1697500.0
1092,2021-09-30 13:16:32,38300.0,500.0,1697400.0
1093,2021-09-30 13:16:32,38300.0,600.0,1696900.0
1094,2021-09-30 13:16:31,38300.0,200.0,1696300.0
1095,2021-09-30 13:16:26,38350.0,300.0,1696100.0
1096,2021-09-30 13:16:12,38350.0,100.0,1695800.0
1097,2021-09-30 13:16:12,38350.0,1900.0,1695700.0
1098,2021-09-30 13:16:10,38350.0,3000.0,1693800.0
1099,2021-09-30 13:16:02,38350.0,100.0,1690800.0
1100,2021-09-30 13:16:00,38400.0,600.0,1690700.0
1101,2021-09-30 13:15:55,38400.0,500.0,1690100.0
1102,2021-09-30 13:15:52,38400.0,2600.0,1689600.0
1103,2021-09-30 13:15:47,38400.0,100.0,1687000.0
1104,2021-09-30 13:15:41,38400.0,100.0,1686900.0
1105,2021-09-30 13:15:41,38400.0,900.0,1686800.0
1106,2021-09-30 13:15:31,38400.0,100.0,1685900.0
1107,2021-09-30 13:15:31,38400.0,5000.0,1685800.0
1108,2021-09-30 13:15:31,38400.0,4900.0,1680800.0
1109,2021-09-30 13:15:12,38400.0,100.0,1675900.0
1110,2021-09-30 13:15:06,38450.0,400.0,1675800.0
1111,2021-09-30 13:14:51,38450.0,3800.0,1675400.0
1112,2021-09-30 13:14:23,38450.0,500.0,1671600.0
1113,2021-09-30 13:14:23,38450.0,1500.0,1671100.0
1114,2021-09-30 13:14:23,38450.0,100.0,1669600.0
1115,2021-09-30 13:14:23,38450.0,100.0,1669500.0
1116,2021-09-30 13:14:23,38450.0,200.0,1669400.0
1117,2021-09-30 13:14:20,38450.0,100.0,1669200.0
1118,2021-09-30 13:14:17,38450.0,5000.0,1669100.0
1119,2021-09-30 13:14:15,38450.0,300.0,1664100.0
1120,2021-09-30 13:14:10,38450.0,100.0,1663800.0
1121,2021-09-30 13:13:49,38450.0,4600.0,1663700.0
1122,2021-09-30 13:13:49,38450.0,1000.0,1659100.0
1123,2021-09-30 13:13:48,38500.0,1000.0,1658100.0
1124,2021-09-30 13:13:34,38500.0,900.0,1657100.0
1125,2021-09-30 13:13:34,38500.0,200.0,1656200.0
1126,2021-09-30 13:13:34,38500.0,300.0,1656000.0
1127,2021-09-30 13:13:34,38500.0,200.0,1655700.0
1128,2021-09-30 13:13:34,38500.0,3400.0,1655500.0
1129,2021-09-30 13:13:29,38500.0,400.0,1652100.0
1130,2021-09-30 13:13:25,38500.0,100.0,1651700.0
1131,2021-09-30 13:13:18,38500.0,200.0,1651600.0
1132,2021-09-30 13:13:18,38500.0,200.0,1651400.0
1133,2021-09-30 13:13:18,38500.0,500.0,1651200.0
1134,2021-09-30 13:13:18,38500.0,500.0,1650700.0
1135,2021-09-30 13:13:18,38500.0,300.0,1650200.0
1136,2021-09-30 13:13:18,38500.0,800.0,1649900.0
1137,2021-09-30 13:13:18,38500.0,2000.0,1649100.0
1138,2021-09-30 13:13:18,38500.0,1600.0,1647100.0
1139,2021-09-30 13:12:58,38500.0,400.0,1645500.0
1140,2021-09-30 13:12:40,38600.0,400.0,1645100.0
1141,2021-09-30 13:12:40,38600.0,100.0,1644700.0
1142,2021-09-30 13:12:29,38600.0,100.0,1644600.0
1143,2021-09-30 13:12:19,38600.0,300.0,1644500.0
1144,2021-09-30 13:12:19,38600.0,100.0,1644200.0
1145,2021-09-30 13:12:19,38600.0,100.0,1644100.0
1146,2021-09-30 13:12:19,38600.0,1300.0,1644000.0
1147,2021-09-30 13:12:06,38600.0,500.0,1642700.0
1148,2021-09-30 13:12:06,38600.0,100.0,1642200.0
1149,2021-09-30 13:12:06,38600.0,300.0,1642100.0
1150,2021-09-30 13:12:06,38600.0,100.0,1641800.0
1151,2021-09-30 13:12:02,38600.0,400.0,1641700.0
1152,2021-09-30 13:12:02,38600.0,600.0,1641300.0
1153,2021-09-30 13:12:01,38600.0,800.0,1640700.0
1154,2021-09-30 13:11:53,38600.0,2000.0,1639900.0
1155,2021-09-30 13:11:52,38600.0,100.0,1637900.0
1156,2021-09-30 13:11:51,38650.0,400.0,1637800.0
1157,2021-09-30 13:11:30,38650.0,500.0,1637400.0
1158,2021-09-30 13:11:30,38650.0,100.0,1636900.0
1159,2021-09-30 13:11:30,38650.0,100.0,1636800.0
1160,2021-09-30 13:11:30,38650.0,900.0,1636700.0
1161,2021-09-30 13:11:23,38650.0,500.0,1635800.0
1162,2021-09-30 13:11:07,38650.0,100.0,1635300.0
1163,2021-09-30 13:10:59,38650.0,1400.0,1635200.0
1164,2021-09-30 13:10:00,38700.0,100.0,1633800.0
1165,2021-09-30 13:09:33,38700.0,300.0,1633700.0
1166,2021-09-30 13:09:25,38700.0,500.0,1633400.0
1167,2021-09-30 13:09:10,38700.0,800.0,1632900.0
1168,2021-09-30 13:09:10,38700.0,200.0,1632100.0
1169,2021-09-30 13:08:36,38700.0,400.0,1631900.0
1170,2021-09-30 13:07:47,38700.0,100.0,1631500.0
1171,2021-09-30 13:07:47,38700.0,100.0,1631400.0
1172,2021-09-30 13:07:47,38700.0,300.0,1631300.0
1173,2021-09-30 13:07:39,38700.0,200.0,1631000.0
1174,2021-09-30 13:07:14,38700.0,100.0,1630800.0
1175,2021-09-30 13:07:14,38700.0,500.0,1630700.0
1176,2021-09-30 13:07:14,38700.0,200.0,1630200.0
1177,2021-09-30 13:07:14,38700.0,400.0,1630000.0
1178,2021-09-30 13:07:14,38700.0,200.0,1629600.0
1179,2021-09-30 13:07:14,38700.0,500.0,1629400.0
1180,2021-09-30 13:07:14,38700.0,100.0,1628900.0
1181,2021-09-30 13:07:14,38700.0,500.0,1628800.0
1182,2021-09-30 13:07:08,38700.0,1000.0,1628300.0
1183,2021-09-30 13:06:58,38800.0,400.0,1627300.0
1184,2021-09-30 13:06:40,38800.0,500.0,1626900.0
1185,2021-09-30 13:06:11,38800.0,100.0,1626400.0
1186,2021-09-30 13:06:05,38700.0,200.0,1626300.0
1187,2021-09-30 13:05:57,38700.0,300.0,1626100.0
1188,2021-09-30 13:05:07,38700.0,200.0,1625800.0
1189,2021-09-30 13:04:37,38700.0,200.0,1625600.0
1190,2021-09-30 13:04:37,38700.0,200.0,1625400.0
1191,2021-09-30 13:03:58,38700.0,4300.0,1625200.0
1192,2021-09-30 13:03:58,38800.0,700.0,1620900.0
1193,2021-09-30 13:03:18,38800.0,100.0,1620200.0
1194,2021-09-30 13:03:12,38950.0,900.0,1620100.0
1195,2021-09-30 13:03:12,38950.0,1800.0,1619200.0
1196,2021-09-30 13:03:12,38900.0,300.0,1617400.0
1197,2021-09-30 13:03:12,38900.0,1000.0,1617100.0
1198,2021-09-30 13:03:12,38900.0,1000.0,1616100.0
1199,2021-09-30 13:03:12,38900.0,100.0,1615100.0
1200,2021-09-30 13:03:12,38900.0,1000.0,1615000.0
1201,2021-09-30 13:03:12,38900.0,1000.0,1614000.0
1202,2021-09-30 13:03:12,38900.0,1000.0,1613000.0
1203,2021-09-30 13:03:12,38850.0,700.0,1612000.0
1204,2021-09-30 13:03:12,38850.0,200.0,1611300.0
1205,2021-09-30 13:03:12,38800.0,100.0,1611100.0
1206,2021-09-30 13:03:12,38800.0,300.0,1611000.0
1207,2021-09-30 13:03:12,38800.0,500.0,1610700.0
1208,2021-09-30 13:02:49,38700.0,400.0,1610200.0
1209,2021-09-30 13:02:30,38700.0,5700.0,1609800.0
1210,2021-09-30 13:02:30,38700.0,200.0,1604100.0
1211,2021-09-30 13:02:30,38700.0,100.0,1603900.0
1212,2021-09-30 13:01:50,38800.0,200.0,1603800.0
1213,2021-09-30 13:01:50,38800.0,400.0,1603600.0
1214,2021-09-30 13:01:50,38800.0,200.0,1603200.0
1215,2021-09-30 13:01:18,38800.0,7500.0,1603000.0
1216,2021-09-30 13:01:18,38850.0,1300.0,1595500.0
1217,2021-09-30 13:01:18,38900.0,1200.0,1594200.0
1218,2021-09-30 13:01:14,38950.0,1000.0,1593000.0
1219,2021-09-30 13:01:06,38950.0,300.0,1592000.0
1220,2021-09-30 13:01:02,38950.0,900.0,1591700.0
1221,2021-09-30 13:00:52,38950.0,200.0,1590800.0
1222,2021-09-30 13:00:48,38950.0,800.0,1590600.0
1223,2021-09-30 13:00:48,38950.0,200.0,1589800.0
1224,2021-09-30 13:00:45,38900.0,2000.0,1589600.0
1225,2021-09-30 13:00:45,38900.0,100.0,1587600.0
1226,2021-09-30 13:00:45,38900.0,1000.0,1587500.0
1227,2021-09-30 13:00:45,38900.0,300.0,1586500.0
1228,2021-09-30 13:00:45,38900.0,200.0,1586200.0
1229,2021-09-30 13:00:45,38900.0,200.0,1586000.0
1230,2021-09-30 13:00:43,38900.0,800.0,1585800.0
1231,2021-09-30 13:00:43,38900.0,200.0,1585000.0
1232,2021-09-30 13:00:43,38900.0,500.0,1584800.0
1233,2021-09-30 13:00:43,38900.0,300.0,1584300.0
1234,2021-09-30 13:00:43,38900.0,600.0,1584000.0
1235,2021-09-30 13:00:43,38900.0,2000.0,1583400.0
1236,2021-09-30 13:00:43,38900.0,100.0,1581400.0
1237,2021-09-30 13:00:43,38900.0,2000.0,1581300.0
1238,2021-09-30 13:00:39,38850.0,100.0,1579300.0
1239,2021-09-30 13:00:34,38850.0,100.0,1579200.0
1240,2021-09-30 13:00:17,38800.0,5000.0,1579100.0
1241,2021-09-30 13:00:17,38800.0,500.0,1574100.0
1242,2021-09-30 13:00:17,38800.0,200.0,1573600.0
1243,2021-09-30 13:00:17,38800.0,100.0,1573400.0
1244,2021-09-30 13:00:17,38800.0,500.0,1573300.0
1245,2021-09-30 13:00:17,38800.0,500.0,1572800.0
1246,2021-09-30 13:00:17,38800.0,200.0,1572300.0
1247,2021-09-30 13:00:17,38800.0,200.0,1572100.0
1248,2021-09-30 13:00:17,38800.0,200.0,1571900.0
1249,2021-09-30 13:00:17,38800.0,300.0,1571700.0
1250,2021-09-30 13:00:17,38800.0,100.0,1571400.0
1251,2021-09-30 13:00:17,38800.0,200.0,1571300.0
1252,2021-09-30 13:00:17,38800.0,500.0,1571100.0
1253,2021-09-30 13:00:17,38800.0,800.0,1570600.0
1254,2021-09-30 13:00:17,38800.0,200.0,1569800.0
1255,2021-09-30 13:00:17,38800.0,2300.0,1569600.0
1256,2021-09-30 13:00:17,38800.0,500.0,1567300.0
1257,2021-09-30 13:00:17,38800.0,5000.0,1566800.0
1258,2021-09-30 13:00:17,38800.0,500.0,1561800.0
1259,2021-09-30 13:00:17,38800.0,200.0,1561300.0
1260,2021-09-30 13:00:17,38800.0,600.0,1561100.0
1261,2021-09-30 13:00:17,38750.0,500.0,1560500.0
1262,2021-09-30 13:00:17,38750.0,1000.0,1560000.0
1263,2021-09-30 13:00:15,38750.0,500.0,1559000.0
1264,2021-09-30 13:00:12,38800.0,200.0,1558500.0
1265,2021-09-30 13:00:12,38800.0,100.0,1558300.0
1266,2021-09-30 13:00:09,38800.0,100.0,1558200.0
1267,2021-09-30 13:00:09,38800.0,100.0,1558100.0
1268,2021-09-30 13:00:09,38800.0,300.0,1558000.0
1269,2021-09-30 13:00:08,38800.0,200.0,1557700.0
1270,2021-09-30 13:00:08,38800.0,500.0,1557500.0
1271,2021-09-30 13:00:08,38800.0,500.0,1557000.0
1272,2021-09-30 13:00:08,38800.0,500.0,1556500.0
1273,2021-09-30 13:00:08,38750.0,500.0,1556000.0
1274,2021-09-30 13:00:05,38750.0,400.0,1555500.0
1275,2021-09-30 13:00:04,38750.0,100.0,1555100.0
1276,2021-09-30 13:00:04,38800.0,200.0,1555000.0
1277,2021-09-30 13:00:03,38800.0,200.0,1554800.0
1278,2021-09-30 13:00:03,38800.0,200.0,1554600.0
1279,2021-09-30 13:00:03,38800.0,300.0,1554400.0
1280,2021-09-30 13:00:03,38800.0,300.0,1554100.0
1281,2021-09-30 13:00:03,38800.0,100.0,1553800.0
1282,2021-09-30 13:00:03,38800.0,500.0,1553700.0
1283,2021-09-30 13:00:03,38800.0,300.0,1553200.0
1284,2021-09-30 13:00:03,38800.0,200.0,1552900.0
1285,2021-09-30 13:00:03,38800.0,900.0,1552700.0
1286,2021-09-30 13:00:03,38750.0,200.0,1551800.0
1287,2021-09-30 13:00:03,38750.0,200.0,1551600.0
1288,2021-09-30 13:00:03,38750.0,500.0,1551400.0
1289,2021-09-30 13:00:01,38750.0,200.0,1550900.0
1290,2021-09-30 13:00:01,38750.0,300.0,1550700.0
1291,2021-09-30 13:00:01,38700.0,100.0,1550400.0
1292,2021-09-30 13:00:01,38700.0,100.0,1550300.0
1293,2021-09-30 13:00:01,38650.0,100.0,1550200.0
1294,2021-09-30 13:00:01,38750.0,300.0,1550100.0
1295,2021-09-30 13:00:01,38750.0,500.0,1549800.0
1296,2021-09-30 13:00:01,38750.0,200.0,1549300.0
1297,2021-09-30 13:00:01,38750.0,100.0,1549100.0
1298,2021-09-30 11:29:57,38800.0,100.0,1549000.0
1299,2021-09-30 11:29:57,38800.0,200.0,1548900.0
1300,2021-09-30 11:29:55,38800.0,800.0,1548700.0
1301,2021-09-30 11:29:55,38800.0,100.0,1547900.0
1302,2021-09-30 11:29:55,38800.0,100.0,1547800.0
1303,2021-09-30 11:29:31,38800.0,1900.0,1547700.0
1304,2021-09-30 11:29:31,38750.0,100.0,1545800.0
1305,2021-09-30 11:29:31,38750.0,100.0,1545700.0
1306,2021-09-30 11:29:31,38750.0,500.0,1545600.0
1307,2021-09-30 11:29:31,38750.0,100.0,1545100.0
1308,2021-09-30 11:29:31,38700.0,300.0,1545000.0
1309,2021-09-30 11:29:24,38750.0,200.0,1544700.0
1310,2021-09-30 11:29:15,38700.0,100.0,1544500.0
1311,2021-09-30 11:29:11,38700.0,900.0,1544400.0
1312,2021-09-30 11:29:11,38700.0,300.0,1543500.0
1313,2021-09-30 11:29:11,38700.0,600.0,1543200.0
1314,2021-09-30 11:29:11,38700.0,2200.0,1542600.0
1315,2021-09-30 11:29:06,38650.0,100.0,1540400.0
1316,2021-09-30 11:29:02,38700.0,4000.0,1540300.0
1317,2021-09-30 11:29:02,38700.0,500.0,1536300.0
1318,2021-09-30 11:29:02,38700.0,200.0,1535800.0
1319,2021-09-30 11:29:02,38700.0,200.0,1535600.0
1320,2021-09-30 11:29:02,38700.0,1000.0,1535400.0
1321,2021-09-30 11:29:02,38700.0,2000.0,1534400.0
1322,2021-09-30 11:29:02,38700.0,1000.0,1532400.0
1323,2021-09-30 11:29:02,38700.0,300.0,1531400.0
1324,2021-09-30 11:29:02,38700.0,800.0,1531100.0
1325,2021-09-30 11:29:01,38700.0,200.0,1530300.0
1326,2021-09-30 11:29:01,38700.0,200.0,1530100.0
1327,2021-09-30 11:29:01,38650.0,300.0,1529900.0
1328,2021-09-30 11:29:01,38650.0,200.0,1529600.0
1329,2021-09-30 11:29:01,38650.0,100.0,1529400.0
1330,2021-09-30 11:29:00,38650.0,400.0,1529300.0
1331,2021-09-30 11:29:00,38650.0,100.0,1528900.0
1332,2021-09-30 11:28:57,38650.0,900.0,1528800.0
1333,2021-09-30 11:28:57,38650.0,200.0,1527900.0
1334,2021-09-30 11:28:57,38650.0,200.0,1527700.0
1335,2021-09-30 11:28:57,38650.0,2000.0,1527500.0
1336,2021-09-30 11:28:57,38650.0,100.0,1525500.0
1337,2021-09-30 11:28:57,38650.0,100.0,1525400.0
1338,2021-09-30 11:28:48,38650.0,200.0,1525300.0
1339,2021-09-30 11:28:38,38650.0,400.0,1525100.0
1340,2021-09-30 11:28:13,38650.0,1000.0,1524700.0
1341,2021-09-30 11:28:08,38650.0,2300.0,1523700.0
1342,2021-09-30 11:28:04,38650.0,400.0,1521400.0
1343,2021-09-30 11:27:51,38600.0,300.0,1521000.0
1344,2021-09-30 11:27:51,38600.0,200.0,1520700.0
1345,2021-09-30 11:27:48,38600.0,100.0,1520500.0
1346,2021-09-30 11:27:46,38600.0,100.0,1520400.0
1347,2021-09-30 11:27:43,38600.0,1900.0,1520300.0
1348,2021-09-30 11:27:41,38650.0,5700.0,1518400.0
1349,2021-09-30 11:27:41,38650.0,100.0,1512700.0
1350,2021-09-30 11:27:41,38600.0,100.0,1512600.0
1351,2021-09-30 11:27:41,38600.0,3000.0,1512500.0
1352,2021-09-30 11:27:41,38600.0,300.0,1509500.0
1353,2021-09-30 11:27:41,38600.0,300.0,1509200.0
1354,2021-09-30 11:27:41,38600.0,100.0,1508900.0
1355,2021-09-30 11:27:41,38600.0,400.0,1508800.0
1356,2021-09-30 11:27:40,38600.0,600.0,1508400.0
1357,2021-09-30 11:27:40,38600.0,400.0,1507800.0
1358,2021-09-30 11:27:29,38600.0,300.0,1507400.0
1359,2021-09-30 11:27:26,38600.0,500.0,1507100.0
1360,2021-09-30 11:27:24,38500.0,200.0,1506600.0
1361,2021-09-30 11:27:24,38500.0,1000.0,1506400.0
1362,2021-09-30 11:27:24,38500.0,800.0,1505400.0
1363,2021-09-30 11:27:07,38600.0,400.0,1504600.0
1364,2021-09-30 11:27:05,38600.0,400.0,1504200.0
1365,2021-09-30 11:27:05,38600.0,100.0,1503800.0
1366,2021-09-30 11:27:05,38600.0,2500.0,1503700.0
1367,2021-09-30 11:27:02,38600.0,500.0,1501200.0
1368,2021-09-30 11:27:02,38600.0,200.0,1500700.0
1369,2021-09-30 11:27:02,38600.0,300.0,1500500.0
1370,2021-09-30 11:26:56,38600.0,500.0,1500200.0
1371,2021-09-30 11:26:46,38600.0,800.0,1499700.0
1372,2021-09-30 11:26:35,38500.0,200.0,1498900.0
1373,2021-09-30 11:26:33,38500.0,400.0,1498700.0
1374,2021-09-30 11:26:31,38500.0,100.0,1498300.0
1375,2021-09-30 11:26:31,38500.0,500.0,1498200.0
1376,2021-09-30 11:26:31,38500.0,100.0,1497700.0
1377,2021-09-30 11:26:30,38500.0,100.0,1497600.0
1378,2021-09-30 11:26:30,38500.0,100.0,1497500.0
1379,2021-09-30 11:26:30,38500.0,200.0,1497400.0
1380,2021-09-30 11:26:30,38500.0,100.0,1497200.0
1381,2021-09-30 11:26:30,38500.0,200.0,1497100.0
1382,2021-09-30 11:26:30,38500.0,500.0,1496900.0
1383,2021-09-30 11:26:30,38500.0,200.0,1496400.0
1384,2021-09-30 11:26:30,38500.0,100.0,1496200.0
1385,2021-09-30 11:26:30,38500.0,500.0,1496100.0
1386,2021-09-30 11:26:30,38500.0,300.0,1495600.0
1387,2021-09-30 11:26:30,38500.0,100.0,1495300.0
1388,2021-09-30 11:26:30,38500.0,500.0,1495200.0
1389,2021-09-30 11:26:30,38500.0,200.0,1494700.0
1390,2021-09-30 11:26:30,38500.0,1000.0,1494500.0
1391,2021-09-30 11:26:30,38500.0,400.0,1493500.0
1392,2021-09-30 11:26:26,38500.0,100.0,1493100.0
1393,2021-09-30 11:26:25,38500.0,1600.0,1493000.0
1394,2021-09-30 11:26:23,38500.0,100.0,1491400.0
1395,2021-09-30 11:26:21,38500.0,3300.0,1491300.0
1396,2021-09-30 11:26:21,38500.0,500.0,1488000.0
1397,2021-09-30 11:26:21,38500.0,1200.0,1487500.0
1398,2021-09-30 11:26:19,38500.0,100.0,1486300.0
1399,2021-09-30 11:26:17,38500.0,2000.0,1486200.0
1400,2021-09-30 11:26:13,38500.0,300.0,1484200.0
1401,2021-09-30 11:26:09,38500.0,100.0,1483900.0
1402,2021-09-30 11:26:09,38500.0,300.0,1483800.0
1403,2021-09-30 11:26:07,38500.0,1000.0,1483500.0
1404,2021-09-30 11:26:07,38500.0,500.0,1482500.0
1405,2021-09-30 11:26:07,38500.0,1400.0,1482000.0
1406,2021-09-30 11:26:07,38500.0,100.0,1480600.0
1407,2021-09-30 11:26:07,38500.0,1000.0,1480500.0
1408,2021-09-30 11:26:07,38500.0,200.0,1479500.0
1409,2021-09-30 11:26:07,38500.0,2000.0,1479300.0
1410,2021-09-30 11:26:07,38500.0,500.0,1477300.0
1411,2021-09-30 11:26:07,38500.0,1000.0,1476800.0
1412,2021-09-30 11:26:07,38500.0,700.0,1475800.0
1413,2021-09-30 11:26:07,38500.0,500.0,1475100.0
1414,2021-09-30 11:26:07,38500.0,100.0,1474600.0
1415,2021-09-30 11:26:07,38500.0,1000.0,1474500.0
1416,2021-09-30 11:26:03,38500.0,6000.0,1473500.0
1417,2021-09-30 11:26:03,38500.0,100.0,1467500.0
1418,2021-09-30 11:26:03,38500.0,3900.0,1467400.0
1419,2021-09-30 11:26:01,38450.0,400.0,1463500.0
1420,2021-09-30 11:26:01,38450.0,1600.0,1463100.0
1421,2021-09-30 11:25:58,38500.0,100.0,1461500.0
1422,2021-09-30 11:25:57,38500.0,1000.0,1461400.0
1423,2021-09-30 11:25:57,38500.0,1000.0,1460400.0
1424,2021-09-30 11:25:57,38500.0,3000.0,1459400.0
1425,2021-09-30 11:25:57,38500.0,3000.0,1456400.0
1426,2021-09-30 11:25:57,38500.0,200.0,1453400.0
1427,2021-09-30 11:25:57,38500.0,100.0,1453200.0
1428,2021-09-30 11:25:57,38500.0,200.0,1453100.0
1429,2021-09-30 11:25:57,38500.0,300.0,1452900.0
1430,2021-09-30 11:25:57,38500.0,100.0,1452600.0
1431,2021-09-30 11:25:57,38500.0,1000.0,1452500.0
1432,2021-09-30 11:25:57,38500.0,100.0,1451500.0
1433,2021-09-30 11:25:55,38500.0,600.0,1451400.0
1434,2021-09-30 11:25:55,38500.0,100.0,1450800.0
1435,2021-09-30 11:25:55,38500.0,500.0,1450700.0
1436,2021-09-30 11:25:55,38500.0,500.0,1450200.0
1437,2021-09-30 11:25:55,38500.0,500.0,1449700.0
1438,2021-09-30 11:25:55,38500.0,400.0,1449200.0
1439,2021-09-30 11:25:53,38500.0,4600.0,1448800.0
1440,2021-09-30 11:25:53,38500.0,2000.0,1444200.0
1441,2021-09-30 11:25:53,38500.0,100.0,1442200.0
1442,2021-09-30 11:25:53,38500.0,100.0,1442100.0
1443,2021-09-30 11:25:53,38500.0,100.0,1442000.0
1444,2021-09-30 11:25:53,38500.0,1000.0,1441900.0
1445,2021-09-30 11:25:53,38500.0,100.0,1440900.0
1446,2021-09-30 11:25:53,38500.0,500.0,1440800.0
1447,2021-09-30 11:25:53,38500.0,300.0,1440300.0
1448,2021-09-30 11:25:53,38500.0,500.0,1440000.0
1449,2021-09-30 11:25:53,38500.0,700.0,1439500.0
1450,2021-09-30 11:25:52,38500.0,700.0,1438800.0
1451,2021-09-30 11:25:52,38500.0,500.0,1438100.0
1452,2021-09-30 11:25:52,38500.0,100.0,1437600.0
1453,2021-09-30 11:25:52,38500.0,300.0,1437500.0
1454,2021-09-30 11:25:52,38500.0,100.0,1437200.0
1455,2021-09-30 11:25:52,38500.0,100.0,1437100.0
1456,2021-09-30 11:25:52,38500.0,200.0,1437000.0
1457,2021-09-30 11:25:52,38500.0,100.0,1436800.0
1458,2021-09-30 11:25:52,38500.0,100.0,1436700.0
1459,2021-09-30 11:25:52,38500.0,100.0,1436600.0
1460,2021-09-30 11:25:52,38500.0,700.0,1436500.0
1461,2021-09-30 11:25:50,38500.0,900.0,1435800.0
1462,2021-09-30 11:25:49,38500.0,3400.0,1434900.0
1463,2021-09-30 11:25:49,38500.0,200.0,1431500.0
1464,2021-09-30 11:25:49,38500.0,500.0,1431300.0
1465,2021-09-30 11:25:49,38500.0,900.0,1430800.0
1466,2021-09-30 11:25:43,38450.0,2000.0,1429900.0
1467,2021-09-30 11:25:38,38500.0,500.0,1427900.0
1468,2021-09-30 11:25:32,38450.0,200.0,1427400.0
1469,2021-09-30 11:25:32,38500.0,1600.0,1427200.0
1470,2021-09-30 11:25:32,38500.0,100.0,1425600.0
1471,2021-09-30 11:25:32,38500.0,1000.0,1425500.0
1472,2021-09-30 11:25:32,38500.0,700.0,1424500.0
1473,2021-09-30 11:25:32,38500.0,100.0,1423800.0
1474,2021-09-30 11:25:32,38500.0,300.0,1423700.0
1475,2021-09-30 11:25:32,38500.0,100.0,1423400.0
1476,2021-09-30 11:25:32,38500.0,100.0,1423300.0
1477,2021-09-30 11:25:32,38500.0,10000.0,1423200.0
1478,2021-09-30 11:25:32,38500.0,500.0,1413200.0
1479,2021-09-30 11:25:32,38500.0,200.0,1412700.0
1480,2021-09-30 11:25:32,38500.0,500.0,1412500.0
1481,2021-09-30 11:25:32,38500.0,500.0,1412000.0
1482,2021-09-30 11:25:32,38500.0,100.0,1411500.0
1483,2021-09-30 11:25:32,38500.0,1000.0,1411400.0
1484,2021-09-30 11:25:32,38500.0,500.0,1410400.0
1485,2021-09-30 11:25:32,38500.0,100.0,1409900.0
1486,2021-09-30 11:25:32,38500.0,100.0,1409800.0
1487,2021-09-30 11:25:32,38500.0,200.0,1409700.0
1488,2021-09-30 11:25:32,38500.0,400.0,1409500.0
1489,2021-09-30 11:25:24,38450.0,1000.0,1409100.0
1490,2021-09-30 11:25:24,38450.0,200.0,1408100.0
1491,2021-09-30 11:25:17,38400.0,100.0,1407900.0
1492,2021-09-30 11:25:13,38400.0,1000.0,1407800.0
1493,2021-09-30 11:25:10,38400.0,2000.0,1406800.0
1494,2021-09-30 11:24:58,38400.0,100.0,1404800.0
1495,2021-09-30 11:24:51,38400.0,1000.0,1404700.0
1496,2021-09-30 11:24:43,38400.0,100.0,1403700.0
1497,2021-09-30 11:24:42,38400.0,100.0,1403600.0
1498,2021-09-30 11:24:27,38400.0,100.0,1403500.0
1499,2021-09-30 11:24:27,38400.0,1300.0,1403400.0
1500,2021-09-30 11:24:13,38400.0,700.0,1402100.0
1501,2021-09-30 11:24:13,38400.0,500.0,1401400.0
1502,2021-09-30 11:24:07,38400.0,2000.0,1400900.0
1503,2021-09-30 11:24:05,38500.0,500.0,1398900.0
1504,2021-09-30 11:24:02,38400.0,100.0,1398400.0
1505,2021-09-30 11:24:00,38400.0,1000.0,1398300.0
1506,2021-09-30 11:24:00,38400.0,100.0,1397300.0
1507,2021-09-30 11:23:51,38400.0,2000.0,1397200.0
1508,2021-09-30 11:23:46,38400.0,200.0,1395200.0
1509,2021-09-30 11:23:45,38500.0,100.0,1395000.0
1510,2021-09-30 11:23:34,38400.0,100.0,1394900.0
1511,2021-09-30 11:23:34,38400.0,100.0,1394800.0
1512,2021-09-30 11:23:34,38400.0,100.0,1394700.0
1513,2021-09-30 11:23:34,38400.0,100.0,1394600.0
1514,2021-09-30 11:23:34,38400.0,200.0,1394500.0
1515,2021-09-30 11:23:34,38400.0,800.0,1394300.0
1516,2021-09-30 11:23:34,38400.0,100.0,1393500.0
1517,2021-09-30 11:23:34,38400.0,100.0,1393400.0
1518,2021-09-30 11:23:31,38400.0,100.0,1393300.0
1519,2021-09-30 11:23:31,38400.0,500.0,1393200.0
1520,2021-09-30 11:23:31,38400.0,300.0,1392700.0
1521,2021-09-30 11:23:31,38400.0,100.0,1392400.0
1522,2021-09-30 11:23:26,38400.0,100.0,1392300.0
1523,2021-09-30 11:23:26,38400.0,500.0,1392200.0
1524,2021-09-30 11:23:26,38400.0,300.0,1391700.0
1525,2021-09-30 11:23:26,38400.0,100.0,1391400.0
1526,2021-09-30 11:23:26,38400.0,500.0,1391300.0
1527,2021-09-30 11:23:26,38400.0,100.0,1390800.0
1528,2021-09-30 11:23:26,38400.0,100.0,1390700.0
1529,2021-09-30 11:23:26,38400.0,2000.0,1390600.0
1530,2021-09-30 11:23:26,38400.0,300.0,1388600.0
1531,2021-09-30 11:23:26,38400.0,100.0,1388300.0
1532,2021-09-30 11:23:26,38400.0,500.0,1388200.0
1533,2021-09-30 11:23:26,38400.0,1000.0,1387700.0
1534,2021-09-30 11:23:26,38400.0,300.0,1386700.0
1535,2021-09-30 11:23:26,38400.0,1000.0,1386400.0
1536,2021-09-30 11:23:26,38400.0,100.0,1385400.0
1537,2021-09-30 11:23:26,38400.0,500.0,1385300.0
1538,2021-09-30 11:23:26,38400.0,500.0,1384800.0
1539,2021-09-30 11:22:58,38400.0,100.0,1384300.0
1540,2021-09-30 11:22:58,38400.0,500.0,1384200.0
1541,2021-09-30 11:22:58,38400.0,2000.0,1383700.0
1542,2021-09-30 11:22:58,38400.0,400.0,1381700.0
1543,2021-09-30 11:22:58,38400.0,1000.0,1381300.0
1544,2021-09-30 11:22:58,38400.0,7000.0,1380300.0
1545,2021-09-30 11:22:58,38400.0,3000.0,1373300.0
1546,2021-09-30 11:22:58,38400.0,200.0,1370300.0
1547,2021-09-30 11:22:58,38400.0,1500.0,1370100.0
1548,2021-09-30 11:22:58,38400.0,300.0,1368600.0
1549,2021-09-30 11:22:58,38400.0,8100.0,1368300.0
1550,2021-09-30 11:22:58,38350.0,300.0,1360200.0
1551,2021-09-30 11:22:58,38350.0,100.0,1359900.0
1552,2021-09-30 11:22:58,38350.0,500.0,1359800.0
1553,2021-09-30 11:22:58,38350.0,4100.0,1359300.0
1554,2021-09-30 11:22:58,38350.0,900.0,1355200.0
1555,2021-09-30 11:22:56,38350.0,100.0,1354300.0
1556,2021-09-30 11:22:47,38350.0,100.0,1354200.0
1557,2021-09-30 11:22:28,38350.0,900.0,1354100.0
1558,2021-09-30 11:22:27,38400.0,6900.0,1353200.0
1559,2021-09-30 11:22:27,38400.0,2500.0,1346300.0
1560,2021-09-30 11:22:27,38400.0,5000.0,1343800.0
1561,2021-09-30 11:22:27,38400.0,500.0,1338800.0
1562,2021-09-30 11:22:27,38400.0,2000.0,1338300.0
1563,2021-09-30 11:22:27,38400.0,1500.0,1336300.0
1564,2021-09-30 11:22:27,38400.0,500.0,1334800.0
1565,2021-09-30 11:22:27,38400.0,1000.0,1334300.0
1566,2021-09-30 11:22:27,38400.0,400.0,1333300.0
1567,2021-09-30 11:22:27,38400.0,1000.0,1332900.0
1568,2021-09-30 11:22:27,38400.0,100.0,1331900.0
1569,2021-09-30 11:22:27,38400.0,100.0,1331800.0
1570,2021-09-30 11:22:27,38400.0,1000.0,1331700.0
1571,2021-09-30 11:22:27,38400.0,100.0,1330700.0
1572,2021-09-30 11:22:27,38400.0,5000.0,1330600.0
1573,2021-09-30 11:22:27,38400.0,1000.0,1325600.0
1574,2021-09-30 11:22:27,38400.0,200.0,1324600.0
1575,2021-09-30 11:22:27,38400.0,100.0,1324400.0
1576,2021-09-30 11:22:27,38400.0,100.0,1324300.0
1577,2021-09-30 11:22:27,38350.0,100.0,1324200.0
1578,2021-09-30 11:22:23,38350.0,100.0,1324100.0
1579,2021-09-30 11:22:21,38350.0,2100.0,1324000.0
1580,2021-09-30 11:22:21,38350.0,900.0,1321900.0
1581,2021-09-30 11:22:19,38350.0,100.0,1321000.0
1582,2021-09-30 11:22:16,38350.0,4000.0,1320900.0
1583,2021-09-30 11:22:16,38350.0,1000.0,1316900.0
1584,2021-09-30 11:21:52,38350.0,8900.0,1315900.0
1585,2021-09-30 11:21:47,38350.0,100.0,1307000.0
1586,2021-09-30 11:21:35,38350.0,100.0,1306900.0
1587,2021-09-30 11:21:35,38350.0,500.0,1306800.0
1588,2021-09-30 11:21:35,38350.0,100.0,1306300.0
1589,2021-09-30 11:21:31,38350.0,200.0,1306200.0
1590,2021-09-30 11:21:22,38350.0,300.0,1306000.0
1591,2021-09-30 11:21:20,38350.0,200.0,1305700.0
1592,2021-09-30 11:21:20,38350.0,500.0,1305500.0
1593,2021-09-30 11:21:12,38350.0,300.0,1305000.0
1594,2021-09-30 11:20:49,38350.0,300.0,1304700.0
1595,2021-09-30 11:20:49,38350.0,400.0,1304400.0
1596,2021-09-30 11:20:41,38350.0,100.0,1304000.0
1597,2021-09-30 11:20:41,38350.0,100.0,1303900.0
1598,2021-09-30 11:20:41,38350.0,100.0,1303800.0
1599,2021-09-30 11:20:41,38350.0,200.0,1303700.0
1600,2021-09-30 11:20:40,38300.0,300.0,1303500.0
1601,2021-09-30 11:20:35,38300.0,300.0,1303200.0
1602,2021-09-30 11:20:29,38300.0,100.0,1302900.0
1603,2021-09-30 11:20:29,38300.0,500.0,1302800.0
1604,2021-09-30 11:20:29,38300.0,300.0,1302300.0
1605,2021-09-30 11:20:29,38300.0,100.0,1302000.0
1606,2021-09-30 11:20:29,38300.0,500.0,1301900.0
1607,2021-09-30 11:20:29,38300.0,100.0,1301400.0
1608,2021-09-30 11:20:29,38300.0,1000.0,1301300.0
1609,2021-09-30 11:20:29,38300.0,300.0,1300300.0
1610,2021-09-30 11:20:29,38300.0,5000.0,1300000.0
1611,2021-09-30 11:20:29,38300.0,1200.0,1295000.0
1612,2021-09-30 11:20:29,38300.0,100.0,1293800.0
1613,2021-09-30 11:20:29,38300.0,200.0,1293700.0
1614,2021-09-30 11:20:29,38300.0,500.0,1293500.0
1615,2021-09-30 11:20:29,38300.0,300.0,1293000.0
1616,2021-09-30 11:20:29,38300.0,200.0,1292700.0
1617,2021-09-30 11:20:29,38300.0,1500.0,1292500.0
1618,2021-09-30 11:20:29,38300.0,100.0,1291000.0
1619,2021-09-30 11:20:29,38300.0,500.0,1290900.0
1620,2021-09-30 11:20:29,38300.0,3000.0,1290400.0
1621,2021-09-30 11:20:29,38300.0,1300.0,1287400.0
1622,2021-09-30 11:20:27,38300.0,100.0,1286100.0
1623,2021-09-30 11:20:25,38300.0,1000.0,1286000.0
1624,2021-09-30 11:20:21,38300.0,600.0,1285000.0
1625,2021-09-30 11:20:21,38300.0,100.0,1284400.0
1626,2021-09-30 11:20:21,38300.0,500.0,1284300.0
1627,2021-09-30 11:20:21,38300.0,500.0,1283800.0
1628,2021-09-30 11:20:14,38300.0,500.0,1283300.0
1629,2021-09-30 11:20:14,38300.0,500.0,1282800.0
1630,2021-09-30 11:20:14,38300.0,1000.0,1282300.0
1631,2021-09-30 11:20:03,38300.0,2000.0,1281300.0
1632,2021-09-30 11:20:03,38300.0,1900.0,1279300.0
1633,2021-09-30 11:20:03,38300.0,1000.0,1277400.0
1634,2021-09-30 11:20:03,38300.0,100.0,1276400.0
1635,2021-09-30 11:20:03,38300.0,200.0,1276300.0
1636,2021-09-30 11:20:03,38300.0,7200.0,1276100.0
1637,2021-09-30 11:19:45,38300.0,2000.0,1268900.0
1638,2021-09-30 11:19:45,38300.0,100.0,1266900.0
1639,2021-09-30 11:19:43,38300.0,700.0,1266800.0
1640,2021-09-30 11:19:43,38300.0,500.0,1266100.0
1641,2021-09-30 11:19:43,38300.0,100.0,1265600.0
1642,2021-09-30 11:19:43,38300.0,100.0,1265500.0
1643,2021-09-30 11:19:43,38300.0,2300.0,1265400.0
1644,2021-09-30 11:19:27,38300.0,2700.0,1263100.0
1645,2021-09-30 11:19:27,38300.0,200.0,1260400.0
1646,2021-09-30 11:19:27,38300.0,100.0,1260200.0
1647,2021-09-30 11:19:27,38300.0,1000.0,1260100.0
1648,2021-09-30 11:19:27,38300.0,1000.0,1259100.0
1649,2021-09-30 11:19:19,38250.0,200.0,1258100.0
1650,2021-09-30 11:19:09,38250.0,100.0,1257900.0
1651,2021-09-30 11:19:09,38250.0,200.0,1257800.0
1652,2021-09-30 11:19:09,38250.0,300.0,1257600.0
1653,2021-09-30 11:19:09,38250.0,500.0,1257300.0
1654,2021-09-30 11:19:09,38250.0,500.0,1256800.0
1655,2021-09-30 11:19:09,38250.0,5000.0,1256300.0
1656,2021-09-30 11:19:09,38250.0,200.0,1251300.0
1657,2021-09-30 11:18:53,38200.0,100.0,1251100.0
1658,2021-09-30 11:18:48,38200.0,500.0,1251000.0
1659,2021-09-30 11:18:42,38250.0,800.0,1250500.0
1660,2021-09-30 11:18:42,38250.0,200.0,1249700.0
1661,2021-09-30 11:18:26,38200.0,500.0,1249500.0
1662,2021-09-30 11:17:35,38200.0,200.0,1249000.0
1663,2021-09-30 11:17:22,38200.0,100.0,1248800.0
1664,2021-09-30 11:17:11,38200.0,200.0,1248700.0
1665,2021-09-30 11:17:11,38200.0,1000.0,1248500.0
1666,2021-09-30 11:17:11,38200.0,3800.0,1247500.0
1667,2021-09-30 11:17:09,38200.0,1200.0,1243700.0
1668,2021-09-30 11:17:04,38200.0,500.0,1242500.0
1669,2021-09-30 11:17:04,38200.0,100.0,1242000.0
1670,2021-09-30 11:17:04,38200.0,400.0,1241900.0
1671,2021-09-30 11:16:57,38200.0,600.0,1241500.0
1672,2021-09-30 11:16:57,38200.0,100.0,1240900.0
1673,2021-09-30 11:16:57,38200.0,100.0,1240800.0
1674,2021-09-30 11:16:51,38150.0,300.0,1240700.0
1675,2021-09-30 11:16:47,38150.0,200.0,1240400.0
1676,2021-09-30 11:16:45,38200.0,1000.0,1240200.0
1677,2021-09-30 11:16:45,38200.0,2000.0,1239200.0
1678,2021-09-30 11:16:45,38200.0,100.0,1237200.0
1679,2021-09-30 11:16:45,38200.0,5000.0,1237100.0
1680,2021-09-30 11:16:45,38200.0,1000.0,1232100.0
1681,2021-09-30 11:16:45,38200.0,200.0,1231100.0
1682,2021-09-30 11:16:45,38200.0,500.0,1230900.0
1683,2021-09-30 11:16:45,38200.0,200.0,1230400.0
1684,2021-09-30 11:16:45,38200.0,500.0,1230200.0
1685,2021-09-30 11:16:45,38200.0,1000.0,1229700.0
1686,2021-09-30 11:16:45,38200.0,100.0,1228700.0
1687,2021-09-30 11:16:45,38200.0,100.0,1228600.0
1688,2021-09-30 11:16:45,38200.0,100.0,1228500.0
1689,2021-09-30 11:16:45,38200.0,100.0,1228400.0
1690,2021-09-30 11:16:45,38200.0,500.0,1228300.0
1691,2021-09-30 11:16:45,38200.0,100.0,1227800.0
1692,2021-09-30 11:16:45,38200.0,100.0,1227700.0
1693,2021-09-30 11:16:45,38200.0,200.0,1227600.0
1694,2021-09-30 11:16:45,38200.0,3000.0,1227400.0
1695,2021-09-30 11:16:45,38200.0,200.0,1224400.0
1696,2021-09-30 11:16:45,38200.0,1000.0,1224200.0
1697,2021-09-30 11:16:45,38200.0,500.0,1223200.0
1698,2021-09-30 11:16:45,38200.0,400.0,1222700.0
1699,2021-09-30 11:16:45,38200.0,300.0,1222300.0
1700,2021-09-30 11:16:45,38200.0,1300.0,1222000.0
1701,2021-09-30 11:16:45,38200.0,100.0,1220700.0
1702,2021-09-30 11:16:45,38200.0,5000.0,1220600.0
1703,2021-09-30 11:16:45,38200.0,100.0,1215600.0
1704,2021-09-30 11:16:45,38200.0,100.0,1215500.0
1705,2021-09-30 11:16:45,38200.0,200.0,1215400.0
1706,2021-09-30 11:15:57,38150.0,100.0,1215200.0
1707,2021-09-30 11:15:47,38150.0,100.0,1215100.0
1708,2021-09-30 11:15:31,38150.0,400.0,1215000.0
1709,2021-09-30 11:15:17,38150.0,100.0,1214600.0
1710,2021-09-30 11:15:08,38150.0,400.0,1214500.0
1711,2021-09-30 11:15:06,38150.0,5000.0,1214100.0
1712,2021-09-30 11:15:06,38150.0,300.0,1209100.0
1713,2021-09-30 11:15:06,38150.0,200.0,1208800.0
1714,2021-09-30 11:15:06,38150.0,300.0,1208600.0
1715,2021-09-30 11:15:06,38150.0,5000.0,1208300.0
1716,2021-09-30 11:15:06,38150.0,100.0,1203300.0
1717,2021-09-30 11:15:06,38150.0,1000.0,1203200.0
1718,2021-09-30 11:14:34,38100.0,200.0,1202200.0
1719,2021-09-30 11:14:34,38100.0,500.0,1202000.0
1720,2021-09-30 11:14:34,38100.0,1000.0,1201500.0
1721,2021-09-30 11:14:34,38100.0,500.0,1200500.0
1722,2021-09-30 11:14:34,38100.0,1000.0,1200000.0
1723,2021-09-30 11:14:34,38100.0,1000.0,1199000.0
1724,2021-09-30 11:14:34,38100.0,1000.0,1198000.0
1725,2021-09-30 11:14:34,38100.0,300.0,1197000.0
1726,2021-09-30 11:14:34,38100.0,200.0,1196700.0
1727,2021-09-30 11:14:34,38100.0,400.0,1196500.0
1728,2021-09-30 11:14:34,38100.0,1000.0,1196100.0
1729,2021-09-30 11:14:34,38100.0,400.0,1195100.0
1730,2021-09-30 11:14:34,38100.0,100.0,1194700.0
1731,2021-09-30 11:14:34,38100.0,100.0,1194600.0
1732,2021-09-30 11:14:34,38100.0,100.0,1194500.0
1733,2021-09-30 11:14:34,38100.0,100.0,1194400.0
1734,2021-09-30 11:14:34,38100.0,1600.0,1194300.0
1735,2021-09-30 11:14:25,38100.0,100.0,1192700.0
1736,2021-09-30 11:14:25,38100.0,200.0,1192600.0
1737,2021-09-30 11:14:22,38100.0,100.0,1192400.0
1738,2021-09-30 11:14:22,38100.0,500.0,1192300.0
1739,2021-09-30 11:14:22,38100.0,300.0,1191800.0
1740,2021-09-30 11:14:22,38100.0,500.0,1191500.0
1741,2021-09-30 11:14:22,38100.0,100.0,1191000.0
1742,2021-09-30 11:14:22,38100.0,100.0,1190900.0
1743,2021-09-30 11:14:22,38100.0,100.0,1190800.0
1744,2021-09-30 11:14:22,38100.0,1000.0,1190700.0
1745,2021-09-30 11:14:22,38100.0,200.0,1189700.0
1746,2021-09-30 11:14:22,38100.0,300.0,1189500.0
1747,2021-09-30 11:14:22,38100.0,500.0,1189200.0
1748,2021-09-30 11:14:22,38100.0,500.0,1188700.0
1749,2021-09-30 11:14:22,38100.0,100.0,1188200.0
1750,2021-09-30 11:14:22,38100.0,900.0,1188100.0
1751,2021-09-30 11:14:22,38100.0,100.0,1187200.0
1752,2021-09-30 11:14:22,38100.0,500.0,1187100.0
1753,2021-09-30 11:14:22,38100.0,3000.0,1186600.0
1754,2021-09-30 11:14:22,38100.0,100.0,1183600.0
1755,2021-09-30 11:14:22,38100.0,100.0,1183500.0
1756,2021-09-30 11:14:22,38100.0,300.0,1183400.0
1757,2021-09-30 11:14:22,38100.0,200.0,1183100.0
1758,2021-09-30 11:14:22,38100.0,500.0,1182900.0
1759,2021-09-30 11:14:19,38100.0,9500.0,1182400.0
1760,2021-09-30 11:14:19,38100.0,100.0,1172900.0
1761,2021-09-30 11:14:19,38100.0,400.0,1172800.0
1762,2021-09-30 11:14:04,38100.0,5000.0,1172400.0
1763,2021-09-30 11:14:00,38100.0,500.0,1167400.0
1764,2021-09-30 11:13:42,38100.0,1800.0,1166900.0
1765,2021-09-30 11:13:42,38100.0,500.0,1165100.0
1766,2021-09-30 11:13:42,38100.0,200.0,1164600.0
1767,2021-09-30 11:13:42,38100.0,500.0,1164400.0
1768,2021-09-30 11:13:42,38100.0,100.0,1163900.0
1769,2021-09-30 11:13:42,38100.0,100.0,1163800.0
1770,2021-09-30 11:13:42,38100.0,1800.0,1163700.0
1771,2021-09-30 11:13:37,38050.0,500.0,1161900.0
1772,2021-09-30 11:13:19,38050.0,500.0,1161400.0
1773,2021-09-30 11:13:19,38050.0,300.0,1160900.0
1774,2021-09-30 11:13:11,38050.0,4200.0,1160600.0
1775,2021-09-30 11:13:03,38050.0,800.0,1156400.0
1776,2021-09-30 11:12:56,38050.0,5000.0,1155600.0
1777,2021-09-30 11:12:55,38050.0,1500.0,1150600.0
1778,2021-09-30 11:12:38,38100.0,1000.0,1149100.0
1779,2021-09-30 11:11:03,38100.0,500.0,1148100.0
1780,2021-09-30 11:10:38,38100.0,500.0,1147600.0
1781,2021-09-30 11:10:26,38100.0,1200.0,1147100.0
1782,2021-09-30 11:10:26,38100.0,100.0,1145900.0
1783,2021-09-30 11:10:15,38050.0,500.0,1145800.0
1784,2021-09-30 11:10:13,38050.0,900.0,1145300.0
1785,2021-09-30 11:10:13,38050.0,200.0,1144400.0
1786,2021-09-30 11:10:13,38050.0,100.0,1144200.0
1787,2021-09-30 11:10:13,38050.0,1000.0,1144100.0
1788,2021-09-30 11:10:13,38050.0,1000.0,1143100.0
1789,2021-09-30 11:10:13,38050.0,500.0,1142100.0
1790,2021-09-30 11:10:13,38050.0,1100.0,1141600.0
1791,2021-09-30 11:09:45,38050.0,1000.0,1140500.0
1792,2021-09-30 11:08:51,38050.0,7800.0,1139500.0
1793,2021-09-30 11:08:51,38050.0,200.0,1131700.0
1794,2021-09-30 11:08:51,38050.0,500.0,1131500.0
1795,2021-09-30 11:08:51,38050.0,1000.0,1131000.0
1796,2021-09-30 11:08:51,38050.0,500.0,1130000.0
1797,2021-09-30 11:08:10,38050.0,100.0,1129500.0
1798,2021-09-30 11:07:01,38050.0,500.0,1129400.0
1799,2021-09-30 11:07:01,38050.0,5000.0,1128900.0
1800,2021-09-30 11:07:01,38050.0,100.0,1123900.0
1801,2021-09-30 11:07:01,38050.0,100.0,1123800.0
1802,2021-09-30 11:07:01,38050.0,100.0,1123700.0
1803,2021-09-30 11:07:01,38050.0,200.0,1123600.0
1804,2021-09-30 11:07:01,38050.0,800.0,1123400.0
1805,2021-09-30 11:07:01,38050.0,100.0,1122600.0
1806,2021-09-30 11:07:01,38050.0,500.0,1122500.0
1807,2021-09-30 11:07:01,38050.0,2600.0,1122000.0
1808,2021-09-30 11:05:25,38050.0,100.0,1119400.0
1809,2021-09-30 11:05:04,38050.0,2000.0,1119300.0
1810,2021-09-30 11:04:45,38000.0,1000.0,1117300.0
1811,2021-09-30 11:04:44,38050.0,300.0,1116300.0
1812,2021-09-30 11:04:44,38050.0,700.0,1116000.0
1813,2021-09-30 11:04:29,38050.0,300.0,1115300.0
1814,2021-09-30 11:04:29,38050.0,200.0,1115000.0
1815,2021-09-30 11:04:06,38050.0,200.0,1114800.0
1816,2021-09-30 11:04:06,38050.0,800.0,1114600.0
1817,2021-09-30 11:03:55,38050.0,500.0,1113800.0
1818,2021-09-30 11:03:50,38050.0,200.0,1113300.0
1819,2021-09-30 11:03:50,38050.0,2000.0,1113100.0
1820,2021-09-30 11:03:50,38050.0,600.0,1111100.0
1821,2021-09-30 11:03:50,38050.0,700.0,1110500.0
1822,2021-09-30 11:03:43,38050.0,500.0,1109800.0
1823,2021-09-30 11:03:41,38050.0,2000.0,1109300.0
1824,2021-09-30 11:03:34,38050.0,800.0,1107300.0
1825,2021-09-30 11:03:31,38050.0,400.0,1106500.0
1826,2021-09-30 11:03:31,38050.0,600.0,1106100.0
1827,2021-09-30 11:03:29,38050.0,400.0,1105500.0
1828,2021-09-30 11:03:29,38050.0,600.0,1105100.0
1829,2021-09-30 11:03:26,38050.0,900.0,1104500.0
1830,2021-09-30 11:03:21,38050.0,300.0,1103600.0
1831,2021-09-30 11:03:13,38050.0,800.0,1103300.0
1832,2021-09-30 11:03:05,38050.0,400.0,1102500.0
1833,2021-09-30 11:03:05,38050.0,800.0,1102100.0
1834,2021-09-30 11:02:13,38100.0,100.0,1101300.0
1835,2021-09-30 11:01:24,38100.0,100.0,1101200.0
1836,2021-09-30 11:01:18,38050.0,200.0,1101100.0
1837,2021-09-30 11:01:11,38050.0,500.0,1100900.0
1838,2021-09-30 11:01:11,38050.0,2000.0,1100400.0
1839,2021-09-30 11:01:11,38050.0,5000.0,1098400.0
1840,2021-09-30 11:01:11,38050.0,100.0,1093400.0
1841,2021-09-30 11:01:11,38050.0,100.0,1093300.0
1842,2021-09-30 11:01:11,38050.0,1300.0,1093200.0
1843,2021-09-30 11:00:58,38050.0,9900.0,1091900.0
1844,2021-09-30 11:00:58,38050.0,100.0,1082000.0
1845,2021-09-30 11:00:58,38050.0,1000.0,1081900.0
1846,2021-09-30 11:00:58,38050.0,100.0,1080900.0
1847,2021-09-30 11:00:58,38050.0,1000.0,1080800.0
1848,2021-09-30 11:00:58,38050.0,3000.0,1079800.0
1849,2021-09-30 11:00:58,38050.0,200.0,1076800.0
1850,2021-09-30 11:00:58,38050.0,100.0,1076600.0
1851,2021-09-30 11:00:58,38050.0,500.0,1076500.0
1852,2021-09-30 11:00:58,38050.0,400.0,1076000.0
1853,2021-09-30 11:00:58,38050.0,500.0,1075600.0
1854,2021-09-30 11:00:58,38050.0,100.0,1075100.0
1855,2021-09-30 11:00:58,38050.0,400.0,1075000.0
1856,2021-09-30 11:00:58,38050.0,1000.0,1074600.0
1857,2021-09-30 11:00:58,38050.0,100.0,1073600.0
1858,2021-09-30 11:00:58,38050.0,1000.0,1073500.0
1859,2021-09-30 11:00:58,38050.0,2000.0,1072500.0
1860,2021-09-30 11:00:58,38050.0,200.0,1070500.0
1861,2021-09-30 11:00:58,38050.0,100.0,1070300.0
1862,2021-09-30 11:00:58,38050.0,1000.0,1070200.0
1863,2021-09-30 11:00:56,38000.0,100.0,1069200.0
1864,2021-09-30 11:00:13,38000.0,1000.0,1069100.0
1865,2021-09-30 11:00:08,38050.0,1000.0,1068100.0
1866,2021-09-30 11:00:05,38000.0,100.0,1067100.0
1867,2021-09-30 10:59:51,38000.0,500.0,1067000.0
1868,2021-09-30 10:59:45,38000.0,100.0,1066500.0
1869,2021-09-30 10:59:45,38000.0,2000.0,1066400.0
1870,2021-09-30 10:59:42,38000.0,1000.0,1064400.0
1871,2021-09-30 10:59:34,38000.0,5000.0,1063400.0
1872,2021-09-30 10:58:09,38000.0,400.0,1058400.0
1873,2021-09-30 10:58:06,38000.0,4600.0,1058000.0
1874,2021-09-30 10:57:55,38000.0,1000.0,1053400.0
1875,2021-09-30 10:57:55,38000.0,1000.0,1052400.0
1876,2021-09-30 10:57:55,38000.0,1000.0,1051400.0
1877,2021-09-30 10:57:55,38000.0,100.0,1050400.0
1878,2021-09-30 10:57:55,38000.0,200.0,1050300.0
1879,2021-09-30 10:57:55,38000.0,500.0,1050100.0
1880,2021-09-30 10:57:55,38000.0,100.0,1049600.0
1881,2021-09-30 10:57:55,38000.0,1000.0,1049500.0
1882,2021-09-30 10:57:55,38000.0,300.0,1048500.0
1883,2021-09-30 10:57:55,38000.0,200.0,1048200.0
1884,2021-09-30 10:57:55,38000.0,400.0,1048000.0
1885,2021-09-30 10:57:55,38000.0,1000.0,1047600.0
1886,2021-09-30 10:57:55,38000.0,500.0,1046600.0
1887,2021-09-30 10:57:55,38000.0,100.0,1046100.0
1888,2021-09-30 10:57:41,38000.0,500.0,1046000.0
1889,2021-09-30 10:57:41,38000.0,1000.0,1045500.0
1890,2021-09-30 10:57:41,38000.0,1000.0,1044500.0
1891,2021-09-30 10:57:41,38000.0,2000.0,1043500.0
1892,2021-09-30 10:57:41,38000.0,500.0,1041500.0
1893,2021-09-30 10:57:34,38000.0,200.0,1041000.0
1894,2021-09-30 10:57:27,38000.0,1300.0,1040800.0
1895,2021-09-30 10:57:27,38000.0,200.0,1039500.0
1896,2021-09-30 10:57:27,38000.0,200.0,1039300.0
1897,2021-09-30 10:57:27,38000.0,1800.0,1039100.0
1898,2021-09-30 10:57:27,38000.0,400.0,1037300.0
1899,2021-09-30 10:57:27,38000.0,200.0,1036900.0
1900,2021-09-30 10:57:27,38000.0,900.0,1036700.0
1901,2021-09-30 10:57:26,37950.0,100.0,1035800.0
1902,2021-09-30 10:57:26,37950.0,100.0,1035700.0
1903,2021-09-30 10:57:11,38000.0,1800.0,1035600.0
1904,2021-09-30 10:57:11,38000.0,1500.0,1033800.0
1905,2021-09-30 10:57:11,38000.0,500.0,1032300.0
1906,2021-09-30 10:57:11,38000.0,900.0,1031800.0
1907,2021-09-30 10:57:11,38000.0,100.0,1030900.0
1908,2021-09-30 10:57:11,38000.0,500.0,1030800.0
1909,2021-09-30 10:57:11,38000.0,1000.0,1030300.0
1910,2021-09-30 10:57:11,38000.0,1000.0,1029300.0
1911,2021-09-30 10:57:11,38000.0,100.0,1028300.0
1912,2021-09-30 10:57:11,38000.0,3000.0,1028200.0
1913,2021-09-30 10:57:11,38000.0,100.0,1025200.0
1914,2021-09-30 10:57:11,38000.0,400.0,1025100.0
1915,2021-09-30 10:57:11,38000.0,100.0,1024700.0
1916,2021-09-30 10:57:11,38000.0,1000.0,1024600.0
1917,2021-09-30 10:57:11,38000.0,1000.0,1023600.0
1918,2021-09-30 10:56:41,38000.0,5000.0,1022600.0
1919,2021-09-30 10:56:41,38000.0,1000.0,1017600.0
1920,2021-09-30 10:56:41,38000.0,100.0,1016600.0
1921,2021-09-30 10:56:41,38000.0,500.0,1016500.0
1922,2021-09-30 10:56:41,38000.0,1000.0,1016000.0
1923,2021-09-30 10:56:41,38000.0,1000.0,1015000.0
1924,2021-09-30 10:56:41,38000.0,1000.0,1014000.0
1925,2021-09-30 10:56:41,38000.0,400.0,1013000.0
1926,2021-09-30 10:55:34,37950.0,100.0,1012600.0
1927,2021-09-30 10:54:38,37950.0,2900.0,1012500.0
1928,2021-09-30 10:53:41,37950.0,100.0,1009600.0
1929,2021-09-30 10:53:33,37950.0,200.0,1009500.0
1930,2021-09-30 10:53:15,37950.0,200.0,1009300.0
1931,2021-09-30 10:51:37,38000.0,2100.0,1009100.0
1932,2021-09-30 10:51:37,38000.0,1000.0,1007000.0
1933,2021-09-30 10:51:37,38000.0,500.0,1006000.0
1934,2021-09-30 10:51:37,38000.0,10000.0,1005500.0
1935,2021-09-30 10:51:37,38000.0,200.0,995500.0
1936,2021-09-30 10:51:37,38000.0,5000.0,995300.0
1937,2021-09-30 10:51:37,38000.0,200.0,990300.0
1938,2021-09-30 10:51:37,38000.0,100.0,990100.0
1939,2021-09-30 10:51:37,38000.0,100.0,990000.0
1940,2021-09-30 10:51:37,38000.0,3000.0,989900.0
1941,2021-09-30 10:51:37,38000.0,2500.0,986900.0
1942,2021-09-30 10:51:37,38000.0,100.0,984400.0
1943,2021-09-30 10:51:37,38000.0,5000.0,984300.0
1944,2021-09-30 10:51:37,38000.0,100.0,979300.0
1945,2021-09-30 10:51:37,38000.0,200.0,979200.0
1946,2021-09-30 10:51:37,38000.0,2000.0,979000.0
1947,2021-09-30 10:51:37,38000.0,300.0,977000.0
1948,2021-09-30 10:51:37,38000.0,1500.0,976700.0
1949,2021-09-30 10:51:37,38000.0,15000.0,975200.0
1950,2021-09-30 10:51:37,38000.0,2500.0,960200.0
1951,2021-09-30 10:51:37,38000.0,100.0,957700.0
1952,2021-09-30 10:51:37,38000.0,700.0,957600.0
1953,2021-09-30 10:51:37,38000.0,300.0,956900.0
1954,2021-09-30 10:51:37,38000.0,1500.0,956600.0
1955,2021-09-30 10:51:37,38000.0,500.0,955100.0
1956,2021-09-30 10:51:37,38000.0,900.0,954600.0
1957,2021-09-30 10:51:37,38000.0,2000.0,953700.0
1958,2021-09-30 10:51:37,38000.0,2000.0,951700.0
1959,2021-09-30 10:51:37,38000.0,300.0,949700.0
1960,2021-09-30 10:51:37,38000.0,1000.0,949400.0
1961,2021-09-30 10:51:37,38000.0,200.0,948400.0
1962,2021-09-30 10:51:37,38000.0,100.0,948200.0
1963,2021-09-30 10:51:37,38000.0,100.0,948100.0
1964,2021-09-30 10:51:37,38000.0,300.0,948000.0
1965,2021-09-30 10:51:37,38000.0,100.0,947700.0
1966,2021-09-30 10:51:37,38000.0,100.0,947600.0
1967,2021-09-30 10:51:37,38000.0,1000.0,947500.0
1968,2021-09-30 10:51:37,38000.0,100.0,946500.0
1969,2021-09-30 10:51:37,38000.0,2000.0,946400.0
1970,2021-09-30 10:51:37,38000.0,1000.0,944400.0
1971,2021-09-30 10:51:37,38000.0,1000.0,943400.0
1972,2021-09-30 10:51:37,38000.0,1000.0,942400.0
1973,2021-09-30 10:51:37,38000.0,200.0,941400.0
1974,2021-09-30 10:51:37,38000.0,100.0,941200.0
1975,2021-09-30 10:51:11,37950.0,100.0,941100.0
1976,2021-09-30 10:51:11,37950.0,500.0,941000.0
1977,2021-09-30 10:51:11,37950.0,100.0,940500.0
1978,2021-09-30 10:51:11,37950.0,200.0,940400.0
1979,2021-09-30 10:51:11,37950.0,500.0,940200.0
1980,2021-09-30 10:50:56,37900.0,100.0,939700.0
1981,2021-09-30 10:50:02,37900.0,1500.0,939600.0
1982,2021-09-30 10:50:02,37950.0,2600.0,938100.0
1983,2021-09-30 10:49:50,37950.0,200.0,935500.0
1984,2021-09-30 10:49:50,37950.0,2200.0,935300.0
1985,2021-09-30 10:49:36,37900.0,1700.0,933100.0
1986,2021-09-30 10:49:36,37900.0,300.0,931400.0
1987,2021-09-30 10:49:20,37950.0,300.0,931100.0
1988,2021-09-30 10:49:20,37950.0,600.0,930800.0
1989,2021-09-30 10:49:10,37950.0,1000.0,930200.0
1990,2021-09-30 10:49:10,37950.0,300.0,929200.0
1991,2021-09-30 10:49:10,37950.0,400.0,928900.0
1992,2021-09-30 10:49:10,37950.0,2700.0,928500.0
1993,2021-09-30 10:48:36,37950.0,800.0,925800.0
1994,2021-09-30 10:48:19,37950.0,2500.0,925000.0
1995,2021-09-30 10:48:11,37950.0,2700.0,922500.0
1996,2021-09-30 10:48:11,37950.0,2300.0,919800.0
1997,2021-09-30 10:48:00,37950.0,100.0,917500.0
1998,2021-09-30 10:48:00,37950.0,100.0,917400.0
1999,2021-09-30 10:47:58,37950.0,900.0,917300.0
2000,2021-09-30 10:47:58,37950.0,100.0,916400.0
2001,2021-09-30 10:47:44,37950.0,100.0,916300.0
2002,2021-09-30 10:46:58,37950.0,500.0,916200.0
2003,2021-09-30 10:46:42,37950.0,800.0,915700.0
2004,2021-09-30 10:46:42,37950.0,3200.0,914900.0
2005,2021-09-30 10:46:09,37950.0,300.0,911700.0
2006,2021-09-30 10:44:32,37950.0,200.0,911400.0
2007,2021-09-30 10:44:32,37950.0,1300.0,911200.0
2008,2021-09-30 10:44:25,37950.0,500.0,909900.0
2009,2021-09-30 10:44:25,37950.0,3000.0,909400.0
2010,2021-09-30 10:44:25,37950.0,200.0,906400.0
2011,2021-09-30 10:44:22,37950.0,500.0,906200.0
2012,2021-09-30 10:44:18,37950.0,100.0,905700.0
2013,2021-09-30 10:44:05,37950.0,2000.0,905600.0
2014,2021-09-30 10:43:54,37950.0,500.0,903600.0
2015,2021-09-30 10:43:36,38000.0,100.0,903100.0
2016,2021-09-30 10:43:36,38000.0,1900.0,903000.0
2017,2021-09-30 10:43:13,38000.0,100.0,901100.0
2018,2021-09-30 10:43:13,38000.0,500.0,901000.0
2019,2021-09-30 10:43:13,38000.0,300.0,900500.0
2020,2021-09-30 10:43:13,38000.0,200.0,900200.0
2021,2021-09-30 10:43:13,38000.0,500.0,900000.0
2022,2021-09-30 10:43:13,38000.0,100.0,899500.0
2023,2021-09-30 10:43:13,38000.0,500.0,899400.0
2024,2021-09-30 10:43:13,38000.0,300.0,898900.0
2025,2021-09-30 10:43:13,38000.0,700.0,898600.0
2026,2021-09-30 10:43:13,38000.0,8100.0,897900.0
2027,2021-09-30 10:42:38,37950.0,200.0,889800.0
2028,2021-09-30 10:42:15,37950.0,1500.0,889600.0
2029,2021-09-30 10:42:15,37950.0,2500.0,888100.0
2030,2021-09-30 10:42:14,37950.0,1000.0,885600.0
2031,2021-09-30 10:42:12,37950.0,1000.0,884600.0
2032,2021-09-30 10:42:12,37950.0,4000.0,883600.0
2033,2021-09-30 10:41:26,37950.0,1000.0,879600.0
2034,2021-09-30 10:41:20,37950.0,200.0,878600.0
2035,2021-09-30 10:41:13,37950.0,100.0,878400.0
2036,2021-09-30 10:41:00,37950.0,500.0,878300.0
2037,2021-09-30 10:40:47,37950.0,12300.0,877800.0
2038,2021-09-30 10:39:56,37950.0,100.0,865500.0
2039,2021-09-30 10:39:43,37950.0,500.0,865400.0
2040,2021-09-30 10:39:43,37950.0,500.0,864900.0
2041,2021-09-30 10:39:30,37950.0,1000.0,864400.0
2042,2021-09-30 10:39:13,37950.0,1000.0,863400.0
2043,2021-09-30 10:39:08,37950.0,400.0,862400.0
2044,2021-09-30 10:38:58,37950.0,100.0,862000.0
2045,2021-09-30 10:38:52,37950.0,100.0,861900.0
2046,2021-09-30 10:38:40,37950.0,700.0,861800.0
2047,2021-09-30 10:38:40,37950.0,500.0,861100.0
2048,2021-09-30 10:38:36,37950.0,1300.0,860600.0
2049,2021-09-30 10:38:26,38000.0,100.0,859300.0
2050,2021-09-30 10:38:21,37950.0,4400.0,859200.0
2051,2021-09-30 10:38:15,37950.0,600.0,854800.0
