,Time,Price,Volume_per_trade,Volume
0,2021-10-22 07:45:01,40800.0,200.0,1981000.0
1,2021-10-22 07:45:01,40800.0,500.0,1980800.0
2,2021-10-22 07:45:01,40800.0,1500.0,1980300.0
3,2021-10-22 07:45:01,40800.0,300.0,1978800.0
4,2021-10-22 07:45:01,40800.0,200.0,1978500.0
5,2021-10-22 07:45:01,40800.0,4000.0,1978300.0
6,2021-10-22 07:45:01,40800.0,1000.0,1974300.0
7,2021-10-22 07:45:01,40800.0,1200.0,1973300.0
8,2021-10-22 07:45:01,40800.0,100.0,1972100.0
9,2021-10-22 07:45:01,40800.0,200.0,1972000.0
10,2021-10-22 07:45:01,40800.0,200.0,1971800.0
11,2021-10-22 07:45:01,40800.0,200.0,1971600.0
12,2021-10-22 07:45:01,40800.0,300.0,1971400.0
13,2021-10-22 07:45:01,40800.0,3000.0,1971100.0
14,2021-10-22 07:45:01,40800.0,100.0,1968100.0
15,2021-10-22 07:45:01,40800.0,1000.0,1968000.0
16,2021-10-22 07:45:01,40800.0,500.0,1967000.0
17,2021-10-22 07:45:01,40800.0,100.0,1966500.0
18,2021-10-22 07:45:01,40800.0,400.0,1966400.0
19,2021-10-22 07:45:01,40800.0,1000.0,1966000.0
20,2021-10-22 07:45:01,40800.0,200.0,1965000.0
21,2021-10-22 07:45:01,40800.0,600.0,1964800.0
22,2021-10-22 07:45:01,40800.0,10000.0,1964200.0
23,2021-10-22 07:45:01,40800.0,3900.0,1954200.0
24,2021-10-22 07:45:01,40800.0,6100.0,1950300.0
25,2021-10-22 07:45:01,40800.0,500.0,1944200.0
26,2021-10-22 07:45:01,40800.0,100.0,1943700.0
27,2021-10-22 07:45:01,40800.0,1000.0,1943600.0
28,2021-10-22 07:45:01,40800.0,3000.0,1942600.0
29,2021-10-22 07:45:01,40800.0,100.0,1939600.0
30,2021-10-22 07:45:01,40800.0,500.0,1939500.0
31,2021-10-22 07:45:01,40800.0,100.0,1939000.0
32,2021-10-22 07:45:01,40800.0,100.0,1938900.0
33,2021-10-22 07:45:01,40800.0,100.0,1938800.0
34,2021-10-22 07:45:01,40800.0,2400.0,1938700.0
35,2021-10-22 07:45:01,40800.0,400.0,1936300.0
36,2021-10-22 07:45:01,40800.0,5600.0,1935900.0
37,2021-10-22 07:45:01,40800.0,4400.0,1930300.0
38,2021-10-22 07:45:01,40800.0,100.0,1925900.0
39,2021-10-22 07:45:01,40800.0,100.0,1925800.0
40,2021-10-22 07:45:01,40800.0,10000.0,1925700.0
41,2021-10-22 07:45:01,40800.0,500.0,1915700.0
42,2021-10-22 07:45:01,40800.0,500.0,1915200.0
43,2021-10-22 07:45:01,40800.0,100.0,1914700.0
44,2021-10-22 07:45:01,40800.0,500.0,1914600.0
45,2021-10-22 07:45:01,40800.0,700.0,1914100.0
46,2021-10-22 07:45:01,40800.0,2500.0,1913400.0
47,2021-10-22 07:45:01,40800.0,600.0,1910900.0
48,2021-10-22 07:45:01,40800.0,300.0,1910300.0
49,2021-10-22 07:45:01,40800.0,3500.0,1910000.0
50,2021-10-22 07:45:01,40800.0,500.0,1906500.0
51,2021-10-22 07:45:01,40800.0,1000.0,1906000.0
52,2021-10-22 07:45:01,40800.0,1000.0,1905000.0
53,2021-10-22 07:45:01,40800.0,1100.0,1904000.0
54,2021-10-22 07:45:01,40800.0,900.0,1902900.0
55,2021-10-22 07:45:01,40800.0,1100.0,1902000.0
56,2021-10-22 07:45:01,40800.0,500.0,1900900.0
57,2021-10-22 07:45:01,40800.0,200.0,1900400.0
58,2021-10-22 07:45:01,40800.0,200.0,1900200.0
59,2021-10-22 07:29:55,40800.0,400.0,1900000.0
60,2021-10-22 07:29:55,40800.0,500.0,1899600.0
61,2021-10-22 07:29:55,40800.0,100.0,1899100.0
62,2021-10-22 07:29:55,40800.0,100.0,1899000.0
63,2021-10-22 07:29:55,40800.0,100.0,1898900.0
64,2021-10-22 07:29:55,40800.0,10000.0,1898800.0
65,2021-10-22 07:29:55,40800.0,3600.0,1888800.0
66,2021-10-22 07:29:55,40900.0,200.0,1885200.0
67,2021-10-22 07:29:46,40900.0,500.0,1885000.0
68,2021-10-22 07:29:38,40900.0,1500.0,1884500.0
69,2021-10-22 07:29:38,40900.0,500.0,1883000.0
70,2021-10-22 07:29:34,40900.0,500.0,1882500.0
71,2021-10-22 07:29:34,40900.0,200.0,1882000.0
72,2021-10-22 07:29:30,40900.0,1400.0,1881800.0
73,2021-10-22 07:28:58,40900.0,800.0,1880400.0
74,2021-10-22 07:28:58,40900.0,1400.0,1879600.0
75,2021-10-22 07:28:52,40900.0,1200.0,1878200.0
76,2021-10-22 07:28:52,40900.0,100.0,1877000.0
77,2021-10-22 07:28:52,40900.0,1900.0,1876900.0
78,2021-10-22 07:28:52,40900.0,1000.0,1875000.0
79,2021-10-22 07:28:52,40900.0,800.0,1874000.0
80,2021-10-22 07:28:38,40900.0,300.0,1873200.0
81,2021-10-22 07:28:31,40900.0,2600.0,1872900.0
82,2021-10-22 07:28:29,40900.0,300.0,1870300.0
83,2021-10-22 07:28:14,40900.0,200.0,1870000.0
84,2021-10-22 07:28:10,40900.0,1000.0,1869800.0
85,2021-10-22 07:27:19,40900.0,200.0,1868800.0
86,2021-10-22 07:26:44,40900.0,100.0,1868600.0
87,2021-10-22 07:26:32,40800.0,4000.0,1868500.0
88,2021-10-22 07:26:32,40850.0,1000.0,1864500.0
89,2021-10-22 07:26:31,40900.0,5000.0,1863500.0
90,2021-10-22 07:26:20,40900.0,9500.0,1858500.0
91,2021-10-22 07:26:20,40900.0,300.0,1849000.0
92,2021-10-22 07:26:20,40900.0,200.0,1848700.0
93,2021-10-22 07:26:00,40800.0,500.0,1848500.0
94,2021-10-22 07:26:00,40800.0,1000.0,1848000.0
95,2021-10-22 07:26:00,40800.0,900.0,1847000.0
96,2021-10-22 07:26:00,40800.0,8700.0,1846100.0
97,2021-10-22 07:25:59,40800.0,1000.0,1837400.0
98,2021-10-22 07:25:58,40800.0,200.0,1836400.0
99,2021-10-22 07:25:56,40800.0,200.0,1836200.0
100,2021-10-22 07:25:55,40800.0,500.0,1836000.0
101,2021-10-22 07:25:53,40800.0,1500.0,1835500.0
102,2021-10-22 07:25:51,40800.0,200.0,1834000.0
103,2021-10-22 07:25:48,40800.0,2100.0,1833800.0
104,2021-10-22 07:25:48,40800.0,500.0,1831700.0
105,2021-10-22 07:25:42,40800.0,4200.0,1831200.0
106,2021-10-22 07:25:42,40800.0,800.0,1827000.0
107,2021-10-22 07:25:42,40800.0,200.0,1826200.0
108,2021-10-22 07:25:40,40800.0,200.0,1826000.0
109,2021-10-22 07:25:39,40800.0,1000.0,1825800.0
110,2021-10-22 07:25:38,40800.0,100.0,1824800.0
111,2021-10-22 07:25:37,40800.0,4000.0,1824700.0
112,2021-10-22 07:25:31,40800.0,500.0,1820700.0
113,2021-10-22 07:25:24,40800.0,6600.0,1820200.0
114,2021-10-22 07:24:59,40750.0,3000.0,1813600.0
115,2021-10-22 07:24:45,40700.0,400.0,1810600.0
116,2021-10-22 07:24:44,40700.0,2400.0,1810200.0
117,2021-10-22 07:24:35,40700.0,100.0,1807800.0
118,2021-10-22 07:24:34,40700.0,100.0,1807700.0
119,2021-10-22 07:24:31,40700.0,1000.0,1807600.0
120,2021-10-22 07:24:31,40700.0,100.0,1806600.0
121,2021-10-22 07:24:28,40700.0,7000.0,1806500.0
122,2021-10-22 07:24:24,40700.0,300.0,1799500.0
123,2021-10-22 07:24:24,40700.0,2400.0,1799200.0
124,2021-10-22 07:24:24,40700.0,6200.0,1796800.0
125,2021-10-22 07:24:17,40700.0,1000.0,1790600.0
126,2021-10-22 07:24:12,40750.0,5000.0,1789600.0
127,2021-10-22 07:24:10,40750.0,2000.0,1784600.0
128,2021-10-22 07:24:09,40700.0,2800.0,1782600.0
129,2021-10-22 07:24:08,40700.0,200.0,1779800.0
130,2021-10-22 07:24:07,40700.0,1000.0,1779600.0
131,2021-10-22 07:24:04,40700.0,500.0,1778600.0
132,2021-10-22 07:24:03,40700.0,300.0,1778100.0
133,2021-10-22 07:23:57,40700.0,100.0,1777800.0
134,2021-10-22 07:23:55,40700.0,1000.0,1777700.0
135,2021-10-22 07:23:51,40700.0,1000.0,1776700.0
136,2021-10-22 07:23:51,40700.0,500.0,1775700.0
137,2021-10-22 07:23:51,40700.0,500.0,1775200.0
138,2021-10-22 07:23:51,40700.0,200.0,1774700.0
139,2021-10-22 07:23:51,40700.0,1000.0,1774500.0
140,2021-10-22 07:23:51,40700.0,100.0,1773500.0
141,2021-10-22 07:23:51,40700.0,300.0,1773400.0
142,2021-10-22 07:23:51,40700.0,2000.0,1773100.0
143,2021-10-22 07:23:51,40700.0,4000.0,1771100.0
144,2021-10-22 07:23:51,40700.0,2900.0,1767100.0
145,2021-10-22 07:23:51,40750.0,100.0,1764200.0
146,2021-10-22 07:23:51,40750.0,500.0,1764100.0
147,2021-10-22 07:23:51,40750.0,700.0,1763600.0
148,2021-10-22 07:23:51,40750.0,300.0,1762900.0
149,2021-10-22 07:23:37,40750.0,700.0,1762600.0
150,2021-10-22 07:23:33,40750.0,500.0,1761900.0
151,2021-10-22 07:23:28,40750.0,200.0,1761400.0
152,2021-10-22 07:23:28,40750.0,100.0,1761200.0
153,2021-10-22 07:23:14,40750.0,200.0,1761100.0
154,2021-10-22 07:23:12,40700.0,300.0,1760900.0
155,2021-10-22 07:23:09,40700.0,100.0,1760600.0
156,2021-10-22 07:22:53,40700.0,700.0,1760500.0
157,2021-10-22 07:22:53,40700.0,100.0,1759800.0
158,2021-10-22 07:22:53,40700.0,300.0,1759700.0
159,2021-10-22 07:22:53,40700.0,400.0,1759400.0
160,2021-10-22 07:22:53,40700.0,400.0,1759000.0
161,2021-10-22 07:22:53,40700.0,500.0,1758600.0
162,2021-10-22 07:22:53,40700.0,1300.0,1758100.0
163,2021-10-22 07:22:51,40700.0,2000.0,1756800.0
164,2021-10-22 07:22:51,40700.0,500.0,1754800.0
165,2021-10-22 07:22:50,40700.0,3000.0,1754300.0
166,2021-10-22 07:22:49,40700.0,500.0,1751300.0
167,2021-10-22 07:22:46,40700.0,800.0,1750800.0
168,2021-10-22 07:22:45,40700.0,1000.0,1750000.0
169,2021-10-22 07:22:44,40700.0,100.0,1749000.0
170,2021-10-22 07:22:43,40700.0,1000.0,1748900.0
171,2021-10-22 07:22:37,40700.0,1000.0,1747900.0
172,2021-10-22 07:22:31,40700.0,8800.0,1746900.0
173,2021-10-22 07:22:31,40700.0,10000.0,1738100.0
174,2021-10-22 07:22:31,40700.0,6200.0,1728100.0
175,2021-10-22 07:22:31,40700.0,200.0,1721900.0
176,2021-10-22 07:22:19,40700.0,1000.0,1721700.0
177,2021-10-22 07:22:15,40650.0,1000.0,1720700.0
178,2021-10-22 07:21:55,40700.0,100.0,1719700.0
179,2021-10-22 07:21:36,40700.0,1000.0,1719600.0
180,2021-10-22 07:20:44,40650.0,4000.0,1718600.0
181,2021-10-22 07:20:33,40650.0,1000.0,1714600.0
182,2021-10-22 07:20:14,40700.0,500.0,1713600.0
183,2021-10-22 07:19:40,40650.0,2000.0,1713100.0
184,2021-10-22 07:19:40,40650.0,300.0,1711100.0
185,2021-10-22 07:19:40,40650.0,100.0,1710800.0
186,2021-10-22 07:19:40,40650.0,100.0,1710700.0
187,2021-10-22 07:19:01,40650.0,100.0,1710600.0
188,2021-10-22 07:19:01,40650.0,100.0,1710500.0
189,2021-10-22 07:18:42,40650.0,300.0,1710400.0
190,2021-10-22 07:18:42,40650.0,100.0,1710100.0
191,2021-10-22 07:18:42,40650.0,100.0,1710000.0
192,2021-10-22 07:18:39,40700.0,1000.0,1709900.0
193,2021-10-22 07:18:38,40700.0,500.0,1708900.0
194,2021-10-22 07:18:20,40700.0,100.0,1708400.0
195,2021-10-22 07:18:19,40700.0,1900.0,1708300.0
196,2021-10-22 07:18:13,40700.0,100.0,1706400.0
197,2021-10-22 07:18:07,40700.0,300.0,1706300.0
198,2021-10-22 07:18:02,40700.0,200.0,1706000.0
199,2021-10-22 07:18:01,40700.0,500.0,1705800.0
200,2021-10-22 07:17:58,40700.0,3400.0,1705300.0
201,2021-10-22 07:17:54,40700.0,200.0,1701900.0
202,2021-10-22 07:17:54,40700.0,500.0,1701700.0
203,2021-10-22 07:17:41,40700.0,400.0,1701200.0
204,2021-10-22 07:17:38,40700.0,200.0,1700800.0
205,2021-10-22 07:17:32,40700.0,600.0,1700600.0
206,2021-10-22 07:17:31,40700.0,100.0,1700000.0
207,2021-10-22 07:17:29,40650.0,1000.0,1699900.0
208,2021-10-22 07:17:29,40700.0,200.0,1698900.0
209,2021-10-22 07:17:10,40700.0,400.0,1698700.0
210,2021-10-22 07:17:05,40700.0,400.0,1698300.0
211,2021-10-22 07:17:05,40700.0,100.0,1697900.0
212,2021-10-22 07:17:01,40700.0,1000.0,1697800.0
213,2021-10-22 07:16:50,40700.0,300.0,1696800.0
214,2021-10-22 07:16:36,40700.0,100.0,1696500.0
215,2021-10-22 07:16:24,40700.0,900.0,1696400.0
216,2021-10-22 07:16:06,40700.0,600.0,1695500.0
217,2021-10-22 07:16:06,40700.0,800.0,1694900.0
218,2021-10-22 07:16:06,40700.0,500.0,1694100.0
219,2021-10-22 07:15:52,40700.0,100.0,1693600.0
220,2021-10-22 07:15:48,40700.0,200.0,1693500.0
221,2021-10-22 07:15:34,40700.0,1000.0,1693300.0
222,2021-10-22 07:15:21,40700.0,400.0,1692300.0
223,2021-10-22 07:15:21,40700.0,100.0,1691900.0
224,2021-10-22 07:15:13,40650.0,2100.0,1691800.0
225,2021-10-22 07:15:12,40650.0,2900.0,1689700.0
226,2021-10-22 07:15:12,40650.0,800.0,1686800.0
227,2021-10-22 07:15:12,40650.0,3000.0,1686000.0
228,2021-10-22 07:15:12,40650.0,2500.0,1683000.0
229,2021-10-22 07:15:12,40650.0,800.0,1680500.0
230,2021-10-22 07:15:07,40650.0,200.0,1679700.0
231,2021-10-22 07:15:07,40650.0,200.0,1679500.0
232,2021-10-22 07:15:07,40650.0,1000.0,1679300.0
233,2021-10-22 07:15:07,40650.0,500.0,1678300.0
234,2021-10-22 07:15:07,40650.0,500.0,1677800.0
235,2021-10-22 07:15:07,40650.0,1000.0,1677300.0
236,2021-10-22 07:15:07,40650.0,1000.0,1676300.0
237,2021-10-22 07:15:07,40650.0,200.0,1675300.0
238,2021-10-22 07:15:07,40650.0,5800.0,1675100.0
239,2021-10-22 07:15:07,40650.0,12000.0,1669300.0
240,2021-10-22 07:15:06,40650.0,200.0,1657300.0
241,2021-10-22 07:15:05,40600.0,1100.0,1657100.0
242,2021-10-22 07:15:05,40600.0,10000.0,1656000.0
243,2021-10-22 07:15:05,40600.0,5000.0,1646000.0
244,2021-10-22 07:15:05,40600.0,500.0,1641000.0
245,2021-10-22 07:15:05,40600.0,500.0,1640500.0
246,2021-10-22 07:15:05,40600.0,10000.0,1640000.0
247,2021-10-22 07:15:05,40600.0,100.0,1630000.0
248,2021-10-22 07:15:05,40600.0,600.0,1629900.0
249,2021-10-22 07:15:05,40600.0,2000.0,1629300.0
250,2021-10-22 07:15:05,40600.0,300.0,1627300.0
251,2021-10-22 07:15:05,40600.0,5000.0,1627000.0
252,2021-10-22 07:15:05,40600.0,700.0,1622000.0
253,2021-10-22 07:14:58,40650.0,10000.0,1621300.0
254,2021-10-22 07:14:50,40650.0,10000.0,1611300.0
255,2021-10-22 07:14:48,40600.0,200.0,1601300.0
256,2021-10-22 07:14:43,40600.0,100.0,1601100.0
257,2021-10-22 07:14:43,40600.0,100.0,1601000.0
258,2021-10-22 07:14:43,40600.0,4800.0,1600900.0
259,2021-10-22 07:14:40,40650.0,300.0,1596100.0
260,2021-10-22 07:14:33,40650.0,200.0,1595800.0
261,2021-10-22 07:14:21,40650.0,500.0,1595600.0
262,2021-10-22 07:14:18,40600.0,1000.0,1595100.0
263,2021-10-22 07:14:14,40650.0,200.0,1594100.0
264,2021-10-22 07:13:54,40650.0,500.0,1593900.0
265,2021-10-22 07:13:50,40600.0,300.0,1593400.0
266,2021-10-22 07:13:50,40650.0,200.0,1593100.0
267,2021-10-22 07:13:44,40600.0,1000.0,1592900.0
268,2021-10-22 07:13:43,40650.0,100.0,1591900.0
269,2021-10-22 07:13:39,40650.0,100.0,1591800.0
270,2021-10-22 07:13:33,40650.0,100.0,1591700.0
271,2021-10-22 07:13:25,40650.0,2500.0,1591600.0
272,2021-10-22 07:13:09,40650.0,3000.0,1589100.0
273,2021-10-22 07:13:08,40600.0,100.0,1586100.0
274,2021-10-22 07:13:01,40650.0,1000.0,1586000.0
275,2021-10-22 07:12:53,40650.0,300.0,1585000.0
276,2021-10-22 07:12:53,40650.0,200.0,1584700.0
277,2021-10-22 07:12:51,40650.0,1000.0,1584500.0
278,2021-10-22 07:12:50,40650.0,5000.0,1583500.0
279,2021-10-22 07:12:47,40650.0,300.0,1578500.0
280,2021-10-22 07:12:42,40650.0,700.0,1578200.0
281,2021-10-22 07:12:36,40650.0,10000.0,1577500.0
282,2021-10-22 07:12:34,40650.0,100.0,1567500.0
283,2021-10-22 07:12:28,40650.0,10000.0,1567400.0
284,2021-10-22 07:12:16,40650.0,300.0,1557400.0
285,2021-10-22 07:11:56,40650.0,200.0,1557100.0
286,2021-10-22 07:11:55,40600.0,2600.0,1556900.0
287,2021-10-22 07:11:53,40600.0,100.0,1554300.0
288,2021-10-22 07:11:53,40650.0,500.0,1554200.0
289,2021-10-22 07:11:52,40650.0,100.0,1553700.0
290,2021-10-22 07:11:45,40650.0,100.0,1553600.0
291,2021-10-22 07:11:45,40600.0,100.0,1553500.0
292,2021-10-22 07:11:45,40600.0,100.0,1553400.0
293,2021-10-22 07:11:44,40650.0,2500.0,1553300.0
294,2021-10-22 07:11:41,40650.0,2000.0,1550800.0
295,2021-10-22 07:11:40,40650.0,500.0,1548800.0
296,2021-10-22 07:11:38,40650.0,10000.0,1548300.0
297,2021-10-22 07:11:38,40650.0,500.0,1538300.0
298,2021-10-22 07:11:37,40650.0,2000.0,1537800.0
299,2021-10-22 07:11:32,40650.0,2000.0,1535800.0
300,2021-10-22 07:11:32,40650.0,1000.0,1533800.0
301,2021-10-22 07:11:32,40650.0,9800.0,1532800.0
302,2021-10-22 07:11:28,40650.0,200.0,1523000.0
303,2021-10-22 07:11:28,40650.0,800.0,1522800.0
304,2021-10-22 07:11:16,40650.0,200.0,1522000.0
305,2021-10-22 07:11:16,40650.0,2000.0,1521800.0
306,2021-10-22 07:11:15,40650.0,100.0,1519800.0
307,2021-10-22 07:10:50,40650.0,2100.0,1519700.0
308,2021-10-22 07:10:50,40550.0,7900.0,1517600.0
309,2021-10-22 07:10:50,40550.0,900.0,1509700.0
310,2021-10-22 07:10:46,40550.0,100.0,1508800.0
311,2021-10-22 07:10:36,40500.0,100.0,1508700.0
312,2021-10-22 07:10:26,40500.0,1500.0,1508600.0
313,2021-10-22 07:10:26,40500.0,200.0,1507100.0
314,2021-10-22 07:10:26,40500.0,900.0,1506900.0
315,2021-10-22 07:10:26,40500.0,100.0,1506000.0
316,2021-10-22 07:10:26,40500.0,500.0,1505900.0
317,2021-10-22 07:10:26,40500.0,300.0,1505400.0
318,2021-10-22 07:10:26,40550.0,300.0,1505100.0
319,2021-10-22 07:10:26,40600.0,200.0,1504800.0
320,2021-10-22 07:10:26,40600.0,1000.0,1504600.0
321,2021-10-22 07:10:26,40600.0,500.0,1503600.0
322,2021-10-22 07:10:26,40600.0,1000.0,1503100.0
323,2021-10-22 07:10:26,40600.0,300.0,1502100.0
324,2021-10-22 07:10:26,40600.0,400.0,1501800.0
325,2021-10-22 07:10:26,40600.0,500.0,1501400.0
326,2021-10-22 07:10:26,40600.0,100.0,1500900.0
327,2021-10-22 07:10:26,40600.0,300.0,1500800.0
328,2021-10-22 07:10:26,40600.0,2000.0,1500500.0
329,2021-10-22 07:10:26,40600.0,2000.0,1498500.0
330,2021-10-22 07:10:26,40600.0,2400.0,1496500.0
331,2021-10-22 07:10:11,40650.0,600.0,1494100.0
332,2021-10-22 07:10:10,40600.0,100.0,1493500.0
333,2021-10-22 07:10:05,40650.0,200.0,1493400.0
334,2021-10-22 07:10:05,40650.0,500.0,1493200.0
335,2021-10-22 07:09:46,40700.0,2000.0,1492700.0
336,2021-10-22 07:09:45,40600.0,500.0,1490700.0
337,2021-10-22 07:09:45,40650.0,500.0,1490200.0
338,2021-10-22 07:09:42,40700.0,500.0,1489700.0
339,2021-10-22 07:09:26,40700.0,1000.0,1489200.0
340,2021-10-22 07:09:15,40700.0,100.0,1488200.0
341,2021-10-22 07:09:15,40700.0,200.0,1488100.0
342,2021-10-22 07:09:15,40700.0,300.0,1487900.0
343,2021-10-22 07:09:15,40700.0,100.0,1487600.0
344,2021-10-22 07:09:15,40700.0,500.0,1487500.0
345,2021-10-22 07:09:15,40700.0,3000.0,1487000.0
346,2021-10-22 07:09:15,40700.0,100.0,1484000.0
347,2021-10-22 07:09:15,40700.0,100.0,1483900.0
348,2021-10-22 07:09:15,40700.0,100.0,1483800.0
349,2021-10-22 07:09:15,40700.0,100.0,1483700.0
350,2021-10-22 07:09:15,40700.0,200.0,1483600.0
351,2021-10-22 07:09:15,40700.0,1600.0,1483400.0
352,2021-10-22 07:09:03,40700.0,400.0,1481800.0
353,2021-10-22 07:09:03,40700.0,100.0,1481400.0
354,2021-10-22 07:09:01,40800.0,5000.0,1481300.0
355,2021-10-22 07:08:51,40800.0,100.0,1476300.0
356,2021-10-22 07:08:50,40800.0,500.0,1476200.0
357,2021-10-22 07:08:50,40800.0,500.0,1475700.0
358,2021-10-22 07:08:50,40800.0,200.0,1475200.0
359,2021-10-22 07:08:50,40800.0,1000.0,1475000.0
360,2021-10-22 07:08:50,40800.0,100.0,1474000.0
361,2021-10-22 07:08:50,40800.0,700.0,1473900.0
362,2021-10-22 07:08:50,40800.0,100.0,1473200.0
363,2021-10-22 07:08:50,40800.0,1000.0,1473100.0
364,2021-10-22 07:08:50,40800.0,2000.0,1472100.0
365,2021-10-22 07:08:50,40800.0,1000.0,1470100.0
366,2021-10-22 07:08:50,40800.0,1000.0,1469100.0
367,2021-10-22 07:08:50,40800.0,100.0,1468100.0
368,2021-10-22 07:08:50,40800.0,500.0,1468000.0
369,2021-10-22 07:08:50,40800.0,100.0,1467500.0
370,2021-10-22 07:08:50,40800.0,300.0,1467400.0
371,2021-10-22 07:08:50,40800.0,2400.0,1467100.0
372,2021-10-22 07:08:48,40850.0,500.0,1464700.0
373,2021-10-22 07:08:39,40850.0,200.0,1464200.0
374,2021-10-22 07:08:39,40850.0,3800.0,1464000.0
375,2021-10-22 07:08:39,40850.0,6200.0,1460200.0
376,2021-10-22 07:08:34,40850.0,300.0,1454000.0
377,2021-10-22 07:08:25,40850.0,3500.0,1453700.0
378,2021-10-22 07:08:25,40850.0,500.0,1450200.0
379,2021-10-22 07:08:11,40900.0,400.0,1449700.0
380,2021-10-22 07:08:10,40900.0,100.0,1449300.0
381,2021-10-22 07:07:59,40900.0,100.0,1449200.0
382,2021-10-22 07:07:49,40900.0,200.0,1449100.0
383,2021-10-22 07:07:49,40900.0,400.0,1448900.0
384,2021-10-22 07:07:49,40900.0,500.0,1448500.0
385,2021-10-22 07:07:49,40900.0,100.0,1448000.0
386,2021-10-22 07:07:49,40900.0,800.0,1447900.0
387,2021-10-22 07:07:49,40900.0,100.0,1447100.0
388,2021-10-22 07:07:49,40900.0,4500.0,1447000.0
389,2021-10-22 07:07:47,40900.0,1900.0,1442500.0
390,2021-10-22 07:07:47,40900.0,1300.0,1440600.0
391,2021-10-22 07:07:47,40900.0,200.0,1439300.0
392,2021-10-22 07:07:47,40900.0,200.0,1439100.0
393,2021-10-22 07:07:47,40900.0,300.0,1438900.0
394,2021-10-22 07:07:47,40900.0,1100.0,1438600.0
395,2021-10-22 07:07:46,40900.0,100.0,1437500.0
396,2021-10-22 07:07:30,40900.0,100.0,1437400.0
397,2021-10-22 07:07:24,40900.0,3700.0,1437300.0
398,2021-10-22 07:07:24,40900.0,200.0,1433600.0
399,2021-10-22 07:07:24,40900.0,100.0,1433400.0
400,2021-10-22 07:07:24,40900.0,1000.0,1433300.0
401,2021-10-22 07:07:07,40950.0,200.0,1432300.0
402,2021-10-22 07:06:56,40950.0,500.0,1432100.0
403,2021-10-22 07:06:56,40950.0,200.0,1431600.0
404,2021-10-22 07:06:56,40950.0,500.0,1431400.0
405,2021-10-22 07:06:56,40950.0,5300.0,1430900.0
406,2021-10-22 07:06:54,40950.0,700.0,1425600.0
407,2021-10-22 07:06:45,40950.0,900.0,1424900.0
408,2021-10-22 07:06:38,40950.0,1900.0,1424000.0
409,2021-10-22 07:06:34,40950.0,200.0,1422100.0
410,2021-10-22 07:06:31,40950.0,700.0,1421900.0
411,2021-10-22 07:06:11,40950.0,100.0,1421200.0
412,2021-10-22 07:05:51,40950.0,200.0,1421100.0
413,2021-10-22 07:05:44,40950.0,100.0,1420900.0
414,2021-10-22 07:05:29,40950.0,100.0,1420800.0
415,2021-10-22 07:05:29,40950.0,1700.0,1420700.0
416,2021-10-22 07:05:29,40950.0,300.0,1419000.0
417,2021-10-22 07:05:25,40950.0,100.0,1418700.0
418,2021-10-22 07:05:25,40950.0,200.0,1418600.0
419,2021-10-22 07:05:10,40950.0,100.0,1418400.0
420,2021-10-22 07:04:39,40950.0,100.0,1418300.0
421,2021-10-22 07:04:35,40950.0,100.0,1418200.0
422,2021-10-22 07:04:05,41000.0,100.0,1418100.0
423,2021-10-22 07:03:55,41000.0,100.0,1418000.0
424,2021-10-22 07:03:55,41000.0,2700.0,1417900.0
425,2021-10-22 07:03:55,41000.0,100.0,1415200.0
426,2021-10-22 07:03:55,41000.0,400.0,1415100.0
427,2021-10-22 07:03:55,41000.0,1000.0,1414700.0
428,2021-10-22 07:03:55,41000.0,100.0,1413700.0
429,2021-10-22 07:03:55,41000.0,400.0,1413600.0
430,2021-10-22 07:03:55,41000.0,100.0,1413200.0
431,2021-10-22 07:03:55,41000.0,300.0,1413100.0
432,2021-10-22 07:03:55,41000.0,200.0,1412800.0
433,2021-10-22 07:03:55,41000.0,200.0,1412600.0
434,2021-10-22 07:03:55,41000.0,900.0,1412400.0
435,2021-10-22 07:03:55,41000.0,200.0,1411500.0
436,2021-10-22 07:03:55,41000.0,100.0,1411300.0
437,2021-10-22 07:03:55,41000.0,500.0,1411200.0
438,2021-10-22 07:03:55,41000.0,500.0,1410700.0
439,2021-10-22 07:03:55,41000.0,100.0,1410200.0
440,2021-10-22 07:03:55,41000.0,1000.0,1410100.0
441,2021-10-22 07:03:55,41000.0,2000.0,1409100.0
442,2021-10-22 07:03:55,41000.0,500.0,1407100.0
443,2021-10-22 07:03:55,41000.0,500.0,1406600.0
444,2021-10-22 07:03:55,41000.0,100.0,1406100.0
445,2021-10-22 07:03:55,41000.0,300.0,1406000.0
446,2021-10-22 07:03:55,41000.0,1000.0,1405700.0
447,2021-10-22 07:03:55,41000.0,100.0,1404700.0
448,2021-10-22 07:03:55,41000.0,700.0,1404600.0
449,2021-10-22 07:03:51,41000.0,300.0,1403900.0
450,2021-10-22 07:03:51,41000.0,100.0,1403600.0
451,2021-10-22 07:03:51,41000.0,1600.0,1403500.0
452,2021-10-22 07:03:45,41000.0,100.0,1401900.0
453,2021-10-22 07:03:39,41000.0,4800.0,1401800.0
454,2021-10-22 07:03:39,41000.0,100.0,1397000.0
455,2021-10-22 07:03:39,41000.0,200.0,1396900.0
456,2021-10-22 07:03:39,41000.0,100.0,1396700.0
457,2021-10-22 07:03:39,41000.0,200.0,1396600.0
458,2021-10-22 07:03:39,41000.0,1200.0,1396400.0
459,2021-10-22 07:03:39,41000.0,1000.0,1395200.0
460,2021-10-22 07:03:39,41000.0,1000.0,1394200.0
461,2021-10-22 07:03:39,41000.0,1400.0,1393200.0
462,2021-10-22 07:03:18,41000.0,3900.0,1391800.0
463,2021-10-22 07:03:18,41000.0,100.0,1387900.0
464,2021-10-22 07:03:18,41000.0,200.0,1387800.0
465,2021-10-22 07:03:18,41000.0,300.0,1387600.0
466,2021-10-22 07:03:18,41000.0,500.0,1387300.0
467,2021-10-22 07:03:18,41000.0,2000.0,1386800.0
468,2021-10-22 07:03:18,41000.0,500.0,1384800.0
469,2021-10-22 07:03:18,41000.0,5000.0,1384300.0
470,2021-10-22 07:03:18,41000.0,100.0,1379300.0
471,2021-10-22 07:03:18,41000.0,4600.0,1379200.0
472,2021-10-22 07:03:18,41000.0,500.0,1374600.0
473,2021-10-22 07:03:18,41000.0,800.0,1374100.0
474,2021-10-22 07:03:18,41000.0,500.0,1373300.0
475,2021-10-22 07:03:18,41000.0,200.0,1372800.0
476,2021-10-22 07:03:18,41000.0,100.0,1372600.0
477,2021-10-22 07:03:18,41000.0,5000.0,1372500.0
478,2021-10-22 07:03:18,41000.0,300.0,1367500.0
479,2021-10-22 07:03:18,41000.0,300.0,1367200.0
480,2021-10-22 07:03:18,41000.0,2000.0,1366900.0
481,2021-10-22 07:03:18,41000.0,100.0,1364900.0
482,2021-10-22 07:03:18,41000.0,200.0,1364800.0
483,2021-10-22 07:03:18,41000.0,200.0,1364600.0
484,2021-10-22 07:03:18,41000.0,100.0,1364400.0
485,2021-10-22 07:03:18,41000.0,900.0,1364300.0
486,2021-10-22 07:03:18,41000.0,500.0,1363400.0
487,2021-10-22 07:03:18,41000.0,900.0,1362900.0
488,2021-10-22 07:03:18,41000.0,1000.0,1362000.0
489,2021-10-22 07:03:18,41000.0,2000.0,1361000.0
490,2021-10-22 07:03:18,41000.0,200.0,1359000.0
491,2021-10-22 07:03:18,41000.0,100.0,1358800.0
492,2021-10-22 07:03:18,41000.0,14900.0,1358700.0
493,2021-10-22 07:03:18,41050.0,300.0,1343800.0
494,2021-10-22 07:03:18,41050.0,100.0,1343500.0
495,2021-10-22 07:03:18,41050.0,1600.0,1343400.0
496,2021-10-22 07:03:09,41050.0,400.0,1341800.0
497,2021-10-22 07:03:08,41050.0,1000.0,1341400.0
498,2021-10-22 07:02:34,41050.0,200.0,1340400.0
499,2021-10-22 07:02:27,41050.0,1000.0,1340200.0
500,2021-10-22 07:02:19,41050.0,400.0,1339200.0
501,2021-10-22 07:02:04,41050.0,200.0,1338800.0
502,2021-10-22 07:02:04,41050.0,1200.0,1338600.0
503,2021-10-22 07:01:59,41050.0,1300.0,1337400.0
504,2021-10-22 07:01:41,41050.0,1800.0,1336100.0
505,2021-10-22 07:01:41,41050.0,400.0,1334300.0
506,2021-10-22 07:01:41,41050.0,300.0,1333900.0
507,2021-10-22 07:01:41,41050.0,1000.0,1333600.0
508,2021-10-22 07:01:41,41050.0,5000.0,1332600.0
509,2021-10-22 07:01:41,41050.0,100.0,1327600.0
510,2021-10-22 07:01:41,41050.0,600.0,1327500.0
511,2021-10-22 07:01:41,41050.0,100.0,1326900.0
512,2021-10-22 07:01:41,41050.0,2200.0,1326800.0
513,2021-10-22 07:01:40,41100.0,500.0,1324600.0
514,2021-10-22 07:01:40,41100.0,500.0,1324100.0
515,2021-10-22 07:01:03,41100.0,200.0,1323600.0
516,2021-10-22 06:59:26,41100.0,100.0,1323400.0
517,2021-10-22 06:59:16,41100.0,200.0,1323300.0
518,2021-10-22 06:58:58,41050.0,1800.0,1323100.0
519,2021-10-22 06:58:58,41050.0,100.0,1321300.0
520,2021-10-22 06:58:58,41050.0,2000.0,1321200.0
521,2021-10-22 06:58:58,41050.0,100.0,1319200.0
522,2021-10-22 06:58:58,41100.0,1000.0,1319100.0
523,2021-10-22 06:58:47,41100.0,100.0,1318100.0
524,2021-10-22 06:58:37,41100.0,500.0,1318000.0
525,2021-10-22 06:58:37,41100.0,400.0,1317500.0
526,2021-10-22 06:58:17,41100.0,100.0,1317100.0
527,2021-10-22 06:58:08,41100.0,200.0,1317000.0
528,2021-10-22 06:58:08,41100.0,1000.0,1316800.0
529,2021-10-22 06:58:08,41100.0,500.0,1315800.0
530,2021-10-22 06:58:08,41100.0,100.0,1315300.0
531,2021-10-22 06:58:08,41100.0,100.0,1315200.0
532,2021-10-22 06:57:40,41100.0,400.0,1315100.0
533,2021-10-22 06:57:40,41100.0,500.0,1314700.0
534,2021-10-22 06:57:40,41100.0,100.0,1314200.0
535,2021-10-22 06:57:36,41150.0,100.0,1314100.0
536,2021-10-22 06:57:36,41150.0,1400.0,1314000.0
537,2021-10-22 06:56:55,41150.0,1300.0,1312600.0
538,2021-10-22 06:56:15,41100.0,100.0,1311300.0
539,2021-10-22 06:56:15,41100.0,100.0,1311200.0
540,2021-10-22 06:56:14,41050.0,100.0,1311100.0
541,2021-10-22 06:55:36,41100.0,500.0,1311000.0
542,2021-10-22 06:55:25,41100.0,200.0,1310500.0
543,2021-10-22 06:55:25,41100.0,200.0,1310300.0
544,2021-10-22 06:54:45,41100.0,500.0,1310100.0
545,2021-10-22 06:54:45,41100.0,600.0,1309600.0
546,2021-10-22 06:54:44,41100.0,400.0,1309000.0
547,2021-10-22 06:54:44,41100.0,500.0,1308600.0
548,2021-10-22 06:54:44,41100.0,400.0,1308100.0
549,2021-10-22 06:54:44,41100.0,200.0,1307700.0
550,2021-10-22 06:54:44,41100.0,900.0,1307500.0
551,2021-10-22 06:54:44,41100.0,600.0,1306600.0
552,2021-10-22 06:54:02,41100.0,1000.0,1306000.0
553,2021-10-22 06:53:22,41150.0,1000.0,1305000.0
554,2021-10-22 06:53:09,41150.0,500.0,1304000.0
555,2021-10-22 06:52:46,41100.0,400.0,1303500.0
556,2021-10-22 06:52:46,41100.0,2000.0,1303100.0
557,2021-10-22 06:52:46,41100.0,10000.0,1301100.0
558,2021-10-22 06:52:46,41100.0,1000.0,1291100.0
559,2021-10-22 06:52:46,41150.0,300.0,1290100.0
560,2021-10-22 06:52:41,41150.0,300.0,1289800.0
561,2021-10-22 06:52:39,41150.0,100.0,1289500.0
562,2021-10-22 06:52:38,41150.0,100.0,1289400.0
563,2021-10-22 06:52:30,41200.0,100.0,1289300.0
564,2021-10-22 06:52:30,41200.0,200.0,1289200.0
565,2021-10-22 06:52:30,41200.0,600.0,1289000.0
566,2021-10-22 06:52:30,41200.0,100.0,1288400.0
567,2021-10-22 06:52:27,41150.0,400.0,1288300.0
568,2021-10-22 06:51:42,41150.0,200.0,1287900.0
569,2021-10-22 06:51:42,41150.0,100.0,1287700.0
570,2021-10-22 06:51:42,41150.0,100.0,1287600.0
571,2021-10-22 06:51:42,41150.0,1000.0,1287500.0
572,2021-10-22 06:51:39,41150.0,100.0,1286500.0
573,2021-10-22 06:51:39,41150.0,500.0,1286400.0
574,2021-10-22 06:51:28,41150.0,1000.0,1285900.0
575,2021-10-22 06:51:28,41150.0,200.0,1284900.0
576,2021-10-22 06:51:18,41150.0,1800.0,1284700.0
577,2021-10-22 06:51:18,41150.0,1000.0,1282900.0
578,2021-10-22 06:51:08,41150.0,400.0,1281900.0
579,2021-10-22 06:50:58,41150.0,800.0,1281500.0
580,2021-10-22 06:50:49,41150.0,200.0,1280700.0
581,2021-10-22 06:50:33,41200.0,300.0,1280500.0
582,2021-10-22 06:50:22,41200.0,200.0,1280200.0
583,2021-10-22 06:50:17,41150.0,1300.0,1280000.0
584,2021-10-22 06:50:09,41150.0,300.0,1278700.0
585,2021-10-22 06:49:50,41200.0,200.0,1278400.0
586,2021-10-22 06:48:44,41200.0,1000.0,1278200.0
587,2021-10-22 06:47:42,41200.0,100.0,1277200.0
588,2021-10-22 06:47:42,41200.0,800.0,1277100.0
589,2021-10-22 06:47:08,41200.0,200.0,1276300.0
590,2021-10-22 06:46:37,41200.0,1000.0,1276100.0
591,2021-10-22 06:46:37,41200.0,1000.0,1275100.0
592,2021-10-22 06:46:37,41200.0,100.0,1274100.0
593,2021-10-22 06:46:37,41200.0,1000.0,1274000.0
594,2021-10-22 06:46:37,41200.0,100.0,1273000.0
595,2021-10-22 06:46:37,41200.0,2000.0,1272900.0
596,2021-10-22 06:46:37,41200.0,500.0,1270900.0
597,2021-10-22 06:46:37,41200.0,500.0,1270400.0
598,2021-10-22 06:46:37,41200.0,500.0,1269900.0
599,2021-10-22 06:46:37,41200.0,500.0,1269400.0
600,2021-10-22 06:46:37,41200.0,500.0,1268900.0
601,2021-10-22 06:46:37,41200.0,100.0,1268400.0
602,2021-10-22 06:46:37,41200.0,200.0,1268300.0
603,2021-10-22 06:46:37,41200.0,500.0,1268100.0
604,2021-10-22 06:46:37,41200.0,500.0,1267600.0
605,2021-10-22 06:46:26,41150.0,5000.0,1267100.0
606,2021-10-22 06:46:22,41150.0,700.0,1262100.0
607,2021-10-22 06:45:43,41150.0,300.0,1261400.0
608,2021-10-22 06:45:43,41150.0,200.0,1261100.0
609,2021-10-22 06:44:11,41150.0,300.0,1260900.0
610,2021-10-22 06:44:03,41150.0,200.0,1260600.0
611,2021-10-22 06:43:56,41150.0,100.0,1260400.0
612,2021-10-22 06:43:56,41150.0,100.0,1260300.0
613,2021-10-22 06:43:56,41150.0,100.0,1260200.0
614,2021-10-22 06:43:30,41150.0,300.0,1260100.0
615,2021-10-22 06:43:30,41100.0,8900.0,1259800.0
616,2021-10-22 06:43:30,41100.0,500.0,1250900.0
617,2021-10-22 06:43:30,41100.0,300.0,1250400.0
618,2021-10-22 06:43:19,41100.0,500.0,1250100.0
619,2021-10-22 06:43:13,41100.0,200.0,1249600.0
620,2021-10-22 06:43:07,41100.0,100.0,1249400.0
621,2021-10-22 06:43:07,41100.0,100.0,1249300.0
622,2021-10-22 06:43:07,41100.0,300.0,1249200.0
623,2021-10-22 06:43:07,41100.0,100.0,1248900.0
624,2021-10-22 06:43:07,41100.0,500.0,1248800.0
625,2021-10-22 06:43:07,41100.0,1000.0,1248300.0
626,2021-10-22 06:43:07,41100.0,700.0,1247300.0
627,2021-10-22 06:42:53,41100.0,400.0,1246600.0
628,2021-10-22 06:42:53,41100.0,500.0,1246200.0
629,2021-10-22 06:42:53,41100.0,100.0,1245700.0
630,2021-10-22 06:42:18,41100.0,200.0,1245600.0
631,2021-10-22 06:42:18,41100.0,3000.0,1245400.0
632,2021-10-22 06:42:18,41100.0,200.0,1242400.0
633,2021-10-22 06:42:18,41100.0,200.0,1242200.0
634,2021-10-22 06:42:18,41100.0,100.0,1242000.0
635,2021-10-22 06:42:18,41100.0,100.0,1241900.0
636,2021-10-22 06:42:18,41100.0,100.0,1241800.0
637,2021-10-22 06:42:18,41100.0,1000.0,1241700.0
638,2021-10-22 06:42:18,41100.0,1000.0,1240700.0
639,2021-10-22 06:42:18,41100.0,500.0,1239700.0
640,2021-10-22 06:42:18,41100.0,100.0,1239200.0
641,2021-10-22 06:42:18,41100.0,2000.0,1239100.0
642,2021-10-22 06:42:18,41100.0,1500.0,1237100.0
643,2021-10-22 06:41:39,41150.0,100.0,1235600.0
644,2021-10-22 06:41:38,41100.0,300.0,1235500.0
645,2021-10-22 06:41:34,41150.0,200.0,1235200.0
646,2021-10-22 06:41:27,41100.0,200.0,1235000.0
647,2021-10-22 06:41:08,41150.0,800.0,1234800.0
648,2021-10-22 06:40:58,41150.0,200.0,1234000.0
649,2021-10-22 06:40:53,41150.0,300.0,1233800.0
650,2021-10-22 06:40:49,41150.0,200.0,1233500.0
651,2021-10-22 06:40:42,41150.0,200.0,1233300.0
652,2021-10-22 06:40:42,41150.0,4300.0,1233100.0
653,2021-10-22 06:40:35,41150.0,100.0,1228800.0
654,2021-10-22 06:40:35,41150.0,100.0,1228700.0
655,2021-10-22 06:40:35,41150.0,500.0,1228600.0
656,2021-10-22 06:40:35,41150.0,500.0,1228100.0
657,2021-10-22 06:40:35,41150.0,200.0,1227600.0
658,2021-10-22 06:40:35,41150.0,4300.0,1227400.0
659,2021-10-22 06:40:25,41150.0,500.0,1223100.0
660,2021-10-22 06:40:24,41150.0,600.0,1222600.0
661,2021-10-22 06:40:18,41150.0,300.0,1222000.0
662,2021-10-22 06:40:16,41150.0,200.0,1221700.0
663,2021-10-22 06:40:08,41150.0,600.0,1221500.0
664,2021-10-22 06:39:15,41150.0,3200.0,1220900.0
665,2021-10-22 06:39:09,41150.0,300.0,1217700.0
666,2021-10-22 06:39:09,41150.0,1200.0,1217400.0
667,2021-10-22 06:39:09,41150.0,400.0,1216200.0
668,2021-10-22 06:38:55,41150.0,400.0,1215800.0
669,2021-10-22 06:38:47,41150.0,300.0,1215400.0
670,2021-10-22 06:37:51,41200.0,6800.0,1215100.0
671,2021-10-22 06:37:51,41200.0,200.0,1208300.0
672,2021-10-22 06:37:07,41150.0,400.0,1208100.0
673,2021-10-22 06:36:34,41150.0,1000.0,1207700.0
674,2021-10-22 06:36:10,41200.0,300.0,1206700.0
675,2021-10-22 06:36:10,41150.0,3500.0,1206400.0
676,2021-10-22 06:35:38,41150.0,4000.0,1202900.0
677,2021-10-22 06:35:38,41150.0,1000.0,1198900.0
678,2021-10-22 06:35:28,41200.0,200.0,1197900.0
679,2021-10-22 06:35:14,41200.0,300.0,1197700.0
680,2021-10-22 06:35:05,41200.0,100.0,1197400.0
681,2021-10-22 06:35:05,41200.0,100.0,1197300.0
682,2021-10-22 06:35:05,41200.0,300.0,1197200.0
683,2021-10-22 06:35:05,41200.0,200.0,1196900.0
684,2021-10-22 06:35:05,41200.0,200.0,1196700.0
685,2021-10-22 06:35:05,41200.0,100.0,1196500.0
686,2021-10-22 06:35:05,41200.0,100.0,1196400.0
687,2021-10-22 06:34:59,41200.0,900.0,1196300.0
688,2021-10-22 06:34:59,41200.0,200.0,1195400.0
689,2021-10-22 06:34:59,41200.0,500.0,1195200.0
690,2021-10-22 06:34:59,41200.0,1000.0,1194700.0
691,2021-10-22 06:34:59,41200.0,300.0,1193700.0
692,2021-10-22 06:34:59,41200.0,200.0,1193400.0
693,2021-10-22 06:34:59,41200.0,1900.0,1193200.0
694,2021-10-22 06:34:55,41200.0,100.0,1191300.0
695,2021-10-22 06:34:55,41200.0,300.0,1191200.0
696,2021-10-22 06:34:55,41200.0,2800.0,1190900.0
697,2021-10-22 06:34:40,41200.0,6200.0,1188100.0
698,2021-10-22 06:34:32,41250.0,2500.0,1181900.0
699,2021-10-22 06:34:22,41250.0,100.0,1179400.0
700,2021-10-22 06:34:05,41250.0,2000.0,1179300.0
701,2021-10-22 06:33:34,41250.0,100.0,1177300.0
702,2021-10-22 06:33:34,41250.0,200.0,1177200.0
703,2021-10-22 06:33:34,41250.0,1000.0,1177000.0
704,2021-10-22 06:33:34,41250.0,2200.0,1176000.0
705,2021-10-22 06:33:26,41250.0,2000.0,1173800.0
706,2021-10-22 06:33:18,41250.0,100.0,1171800.0
707,2021-10-22 06:33:14,41300.0,1500.0,1171700.0
708,2021-10-22 06:32:26,41250.0,1300.0,1170200.0
709,2021-10-22 06:32:22,41300.0,500.0,1168900.0
710,2021-10-22 06:30:51,41300.0,1000.0,1168400.0
711,2021-10-22 06:30:30,41250.0,300.0,1167400.0
712,2021-10-22 06:30:06,41250.0,500.0,1167100.0
713,2021-10-22 06:29:21,41250.0,1000.0,1166600.0
714,2021-10-22 06:29:21,41250.0,1000.0,1165600.0
715,2021-10-22 06:29:21,41250.0,100.0,1164600.0
716,2021-10-22 06:29:21,41250.0,100.0,1164500.0
717,2021-10-22 06:29:21,41250.0,1000.0,1164400.0
718,2021-10-22 06:29:21,41250.0,400.0,1163400.0
719,2021-10-22 06:27:55,41200.0,3000.0,1163000.0
720,2021-10-22 06:27:55,41250.0,600.0,1160000.0
721,2021-10-22 06:27:55,41250.0,400.0,1159400.0
722,2021-10-22 06:27:36,41200.0,200.0,1159000.0
723,2021-10-22 06:27:36,41200.0,200.0,1158800.0
724,2021-10-22 06:27:32,41250.0,100.0,1158600.0
725,2021-10-22 06:27:32,41250.0,200.0,1158500.0
726,2021-10-22 06:26:52,41200.0,200.0,1158300.0
727,2021-10-22 06:25:01,41250.0,100.0,1158100.0
728,2021-10-22 06:24:54,41200.0,100.0,1158000.0
729,2021-10-22 06:24:54,41200.0,200.0,1157900.0
730,2021-10-22 06:24:54,41200.0,700.0,1157700.0
731,2021-10-22 06:24:50,41250.0,200.0,1157000.0
732,2021-10-22 06:24:50,41250.0,100.0,1156800.0
733,2021-10-22 06:24:21,41250.0,400.0,1156700.0
734,2021-10-22 06:24:21,41250.0,1600.0,1156300.0
735,2021-10-22 06:24:17,41250.0,4200.0,1154700.0
736,2021-10-22 06:23:19,41250.0,300.0,1150500.0
737,2021-10-22 06:23:19,41250.0,600.0,1150200.0
738,2021-10-22 06:23:17,41200.0,300.0,1149600.0
739,2021-10-22 06:23:17,41200.0,900.0,1149300.0
740,2021-10-22 06:23:17,41200.0,1000.0,1148400.0
741,2021-10-22 06:23:17,41200.0,1000.0,1147400.0
742,2021-10-22 06:23:17,41200.0,200.0,1146400.0
743,2021-10-22 06:23:17,41200.0,100.0,1146200.0
744,2021-10-22 06:23:17,41200.0,1500.0,1146100.0
745,2021-10-22 06:22:54,41250.0,700.0,1144600.0
746,2021-10-22 06:22:13,41250.0,200.0,1143900.0
747,2021-10-22 06:22:13,41250.0,200.0,1143700.0
748,2021-10-22 06:22:13,41250.0,900.0,1143500.0
749,2021-10-22 06:22:13,41250.0,700.0,1142600.0
750,2021-10-22 06:21:41,41250.0,100.0,1141900.0
751,2021-10-22 06:21:29,41250.0,100.0,1141800.0
752,2021-10-22 06:21:14,41250.0,300.0,1141700.0
753,2021-10-22 06:20:51,41250.0,1500.0,1141400.0
754,2021-10-22 06:20:51,41250.0,1000.0,1139900.0
755,2021-10-22 06:20:51,41250.0,1500.0,1138900.0
756,2021-10-22 06:20:51,41250.0,2200.0,1137400.0
757,2021-10-22 06:20:36,41200.0,500.0,1135200.0
758,2021-10-22 06:20:18,41250.0,400.0,1134700.0
759,2021-10-22 06:20:00,41250.0,1100.0,1134300.0
760,2021-10-22 06:20:00,41250.0,100.0,1133200.0
761,2021-10-22 06:19:57,41250.0,300.0,1133100.0
762,2021-10-22 06:19:57,41250.0,600.0,1132800.0
763,2021-10-22 06:19:47,41250.0,400.0,1132200.0
764,2021-10-22 06:19:47,41250.0,1000.0,1131800.0
765,2021-10-22 06:19:47,41250.0,1100.0,1130800.0
766,2021-10-22 06:19:35,41300.0,100.0,1129700.0
767,2021-10-22 06:19:35,41300.0,200.0,1129600.0
768,2021-10-22 06:19:35,41300.0,100.0,1129400.0
769,2021-10-22 06:19:35,41300.0,100.0,1129300.0
770,2021-10-22 06:19:22,41300.0,100.0,1129200.0
771,2021-10-22 06:19:22,41300.0,100.0,1129100.0
772,2021-10-22 06:19:22,41300.0,200.0,1129000.0
773,2021-10-22 06:19:22,41300.0,600.0,1128800.0
774,2021-10-22 06:19:22,41300.0,300.0,1128200.0
775,2021-10-22 06:19:01,41300.0,500.0,1127900.0
776,2021-10-22 06:18:44,41300.0,200.0,1127400.0
777,2021-10-22 06:18:18,41300.0,1000.0,1127200.0
778,2021-10-22 06:18:14,41300.0,100.0,1126200.0
779,2021-10-22 06:17:44,41300.0,300.0,1126100.0
780,2021-10-22 06:17:44,41300.0,3700.0,1125800.0
781,2021-10-22 06:17:37,41300.0,200.0,1122100.0
782,2021-10-22 06:16:36,41300.0,100.0,1121900.0
783,2021-10-22 06:15:58,41250.0,100.0,1121800.0
784,2021-10-22 06:15:58,41250.0,3800.0,1121700.0
785,2021-10-22 06:15:41,41200.0,500.0,1117900.0
786,2021-10-22 06:15:16,41200.0,200.0,1117400.0
787,2021-10-22 06:15:14,41200.0,1800.0,1117200.0
788,2021-10-22 06:15:14,41200.0,200.0,1115400.0
789,2021-10-22 06:15:03,41200.0,200.0,1115200.0
790,2021-10-22 06:15:03,41200.0,200.0,1115000.0
791,2021-10-22 06:15:03,41200.0,600.0,1114800.0
792,2021-10-22 06:14:48,41200.0,500.0,1114200.0
793,2021-10-22 06:14:48,41200.0,1500.0,1113700.0
794,2021-10-22 06:14:46,41200.0,1500.0,1112200.0
795,2021-10-22 06:14:37,41200.0,500.0,1110700.0
796,2021-10-22 06:14:29,41200.0,1500.0,1110200.0
797,2021-10-22 06:14:29,41200.0,2700.0,1108700.0
798,2021-10-22 06:13:29,41200.0,200.0,1106000.0
799,2021-10-22 06:13:25,41100.0,200.0,1105800.0
800,2021-10-22 06:12:44,41100.0,700.0,1105600.0
801,2021-10-22 06:12:44,41100.0,300.0,1104900.0
802,2021-10-22 06:12:00,41100.0,100.0,1104600.0
803,2021-10-22 06:12:00,41100.0,100.0,1104500.0
804,2021-10-22 06:12:00,41100.0,500.0,1104400.0
805,2021-10-22 06:11:42,41100.0,500.0,1103900.0
806,2021-10-22 06:11:42,41100.0,200.0,1103400.0
807,2021-10-22 06:11:42,41100.0,4300.0,1103200.0
808,2021-10-22 06:11:37,41050.0,100.0,1098900.0
809,2021-10-22 06:11:27,41100.0,2000.0,1098800.0
810,2021-10-22 06:10:13,41100.0,600.0,1096800.0
811,2021-10-22 06:10:00,41100.0,500.0,1096200.0
812,2021-10-22 06:09:59,41050.0,400.0,1095700.0
813,2021-10-22 06:09:59,41050.0,500.0,1095300.0
814,2021-10-22 06:09:54,41100.0,1000.0,1094800.0
815,2021-10-22 06:08:51,41100.0,200.0,1093800.0
816,2021-10-22 06:08:51,41100.0,1800.0,1093600.0
817,2021-10-22 06:08:49,41050.0,200.0,1091800.0
818,2021-10-22 06:07:56,41050.0,500.0,1091600.0
819,2021-10-22 06:07:47,41050.0,1000.0,1091100.0
820,2021-10-22 06:07:21,41050.0,500.0,1090100.0
821,2021-10-22 06:06:18,41050.0,200.0,1089600.0
822,2021-10-22 06:05:56,41050.0,400.0,1089400.0
823,2021-10-22 06:05:56,41050.0,600.0,1089000.0
824,2021-10-22 06:05:31,41050.0,100.0,1088400.0
825,2021-10-22 06:05:22,41050.0,200.0,1088300.0
826,2021-10-22 06:05:22,41050.0,100.0,1088100.0
827,2021-10-22 06:05:22,41050.0,100.0,1088000.0
828,2021-10-22 06:05:22,41050.0,500.0,1087900.0
829,2021-10-22 06:05:22,41050.0,100.0,1087400.0
830,2021-10-22 06:05:22,41050.0,200.0,1087300.0
831,2021-10-22 06:05:22,41050.0,1000.0,1087100.0
832,2021-10-22 06:05:17,41050.0,200.0,1086100.0
833,2021-10-22 06:04:59,41050.0,100.0,1085900.0
834,2021-10-22 06:04:49,41050.0,600.0,1085800.0
835,2021-10-22 06:04:34,41100.0,500.0,1085200.0
836,2021-10-22 06:04:34,41100.0,600.0,1084700.0
837,2021-10-22 06:04:34,41100.0,500.0,1084100.0
838,2021-10-22 06:04:34,41100.0,300.0,1083600.0
839,2021-10-22 06:04:34,41100.0,1000.0,1083300.0
840,2021-10-22 06:04:34,41100.0,100.0,1082300.0
841,2021-10-22 06:04:34,41100.0,200.0,1082200.0
842,2021-10-22 06:04:25,41100.0,1000.0,1082000.0
843,2021-10-22 06:04:25,41100.0,300.0,1081000.0
844,2021-10-22 06:04:16,41100.0,200.0,1080700.0
845,2021-10-22 06:04:16,41100.0,100.0,1080500.0
846,2021-10-22 06:04:16,41100.0,300.0,1080400.0
847,2021-10-22 06:04:16,41100.0,200.0,1080100.0
848,2021-10-22 06:04:16,41100.0,400.0,1079900.0
849,2021-10-22 06:04:07,41100.0,100.0,1079500.0
850,2021-10-22 06:04:07,41100.0,800.0,1079400.0
851,2021-10-22 06:04:02,41150.0,1600.0,1078600.0
852,2021-10-22 06:04:02,41150.0,400.0,1077000.0
853,2021-10-22 06:03:53,41100.0,100.0,1076600.0
854,2021-10-22 06:00:36,41100.0,2000.0,1076500.0
855,2021-10-22 06:00:33,41100.0,1000.0,1074500.0
856,2021-10-22 06:00:18,41100.0,1400.0,1073500.0
857,2021-10-22 06:00:12,41100.0,200.0,1072100.0
858,2021-10-22 06:00:12,41100.0,200.0,1071900.0
859,2021-10-22 06:00:12,41100.0,900.0,1071700.0
860,2021-10-22 06:00:05,41100.0,100.0,1070800.0
861,2021-10-22 06:00:05,41100.0,100.0,1070700.0
862,2021-10-22 06:00:02,41150.0,300.0,1070600.0
863,2021-10-22 06:00:02,41100.0,100.0,1070300.0
864,2021-10-22 06:00:02,41100.0,900.0,1070200.0
865,2021-10-22 06:00:02,41100.0,100.0,1069300.0
866,2021-10-22 06:00:01,41100.0,100.0,1069200.0
867,2021-10-22 04:29:53,41100.0,300.0,1069100.0
868,2021-10-22 04:29:36,41100.0,200.0,1068800.0
869,2021-10-22 04:29:31,41100.0,500.0,1068600.0
870,2021-10-22 04:29:22,41100.0,1800.0,1068100.0
871,2021-10-22 04:29:09,41100.0,200.0,1066300.0
872,2021-10-22 04:29:09,41100.0,500.0,1066100.0
873,2021-10-22 04:29:09,41100.0,500.0,1065600.0
874,2021-10-22 04:29:09,41100.0,200.0,1065100.0
875,2021-10-22 04:29:09,41100.0,500.0,1064900.0
876,2021-10-22 04:29:09,41100.0,1000.0,1064400.0
877,2021-10-22 04:29:09,41100.0,200.0,1063400.0
878,2021-10-22 04:29:09,41100.0,100.0,1063200.0
879,2021-10-22 04:29:09,41100.0,1000.0,1063100.0
880,2021-10-22 04:29:09,41100.0,5000.0,1062100.0
881,2021-10-22 04:29:09,41100.0,1000.0,1057100.0
882,2021-10-22 04:29:09,41100.0,1000.0,1056100.0
883,2021-10-22 04:29:09,41100.0,300.0,1055100.0
884,2021-10-22 04:28:56,41100.0,100.0,1054800.0
885,2021-10-22 04:28:52,41100.0,100.0,1054700.0
886,2021-10-22 04:28:32,41150.0,200.0,1054600.0
887,2021-10-22 04:28:25,41150.0,200.0,1054400.0
888,2021-10-22 04:28:22,41150.0,100.0,1054200.0
889,2021-10-22 04:27:40,41150.0,500.0,1054100.0
890,2021-10-22 04:27:28,41150.0,100.0,1053600.0
891,2021-10-22 04:27:22,41150.0,100.0,1053500.0
892,2021-10-22 04:27:16,41150.0,100.0,1053400.0
893,2021-10-22 04:27:07,41150.0,200.0,1053300.0
894,2021-10-22 04:26:26,41150.0,700.0,1053100.0
895,2021-10-22 04:26:26,41150.0,500.0,1052400.0
896,2021-10-22 04:26:26,41150.0,500.0,1051900.0
897,2021-10-22 04:26:26,41150.0,1100.0,1051400.0
898,2021-10-22 04:26:08,41200.0,100.0,1050300.0
899,2021-10-22 04:24:55,41200.0,1000.0,1050200.0
900,2021-10-22 04:24:29,41200.0,1000.0,1049200.0
901,2021-10-22 04:24:29,41200.0,400.0,1048200.0
902,2021-10-22 04:24:23,41200.0,1600.0,1047800.0
903,2021-10-22 04:24:23,41150.0,3900.0,1046200.0
904,2021-10-22 04:24:23,41150.0,100.0,1042300.0
905,2021-10-22 04:24:23,41150.0,1000.0,1042200.0
906,2021-10-22 04:24:13,41200.0,1000.0,1041200.0
907,2021-10-22 04:24:13,41200.0,800.0,1040200.0
908,2021-10-22 04:24:13,41200.0,100.0,1039400.0
909,2021-10-22 04:24:13,41200.0,100.0,1039300.0
910,2021-10-22 04:24:13,41200.0,500.0,1039200.0
911,2021-10-22 04:24:13,41200.0,200.0,1038700.0
912,2021-10-22 04:24:13,41200.0,500.0,1038500.0
913,2021-10-22 04:24:02,41200.0,9500.0,1038000.0
914,2021-10-22 04:24:02,41200.0,400.0,1028500.0
915,2021-10-22 04:23:53,41200.0,600.0,1028100.0
916,2021-10-22 04:23:51,41200.0,100.0,1027500.0
917,2021-10-22 04:23:51,41200.0,400.0,1027400.0
918,2021-10-22 04:23:51,41200.0,2000.0,1027000.0
919,2021-10-22 04:23:51,41200.0,500.0,1025000.0
920,2021-10-22 04:23:51,41200.0,2200.0,1024500.0
921,2021-10-22 04:23:31,41200.0,800.0,1022300.0
922,2021-10-22 04:23:31,41200.0,400.0,1021500.0
923,2021-10-22 04:23:31,41200.0,300.0,1021100.0
924,2021-10-22 04:23:30,41250.0,200.0,1020800.0
925,2021-10-22 04:23:28,41200.0,100.0,1020600.0
926,2021-10-22 04:23:15,41200.0,100.0,1020500.0
927,2021-10-22 04:22:53,41250.0,3000.0,1020400.0
928,2021-10-22 04:22:35,41250.0,300.0,1017400.0
929,2021-10-22 04:22:35,41250.0,300.0,1017100.0
930,2021-10-22 04:22:35,41250.0,500.0,1016800.0
931,2021-10-22 04:22:35,41250.0,200.0,1016300.0
932,2021-10-22 04:22:35,41250.0,300.0,1016100.0
933,2021-10-22 04:22:17,41250.0,100.0,1015800.0
934,2021-10-22 04:21:39,41250.0,100.0,1015700.0
935,2021-10-22 04:19:48,41300.0,1100.0,1015600.0
936,2021-10-22 04:19:39,41300.0,500.0,1014500.0
937,2021-10-22 04:19:39,41300.0,2000.0,1014000.0
938,2021-10-22 04:19:39,41300.0,1000.0,1012000.0
939,2021-10-22 04:19:39,41300.0,500.0,1011000.0
940,2021-10-22 04:19:39,41300.0,100.0,1010500.0
941,2021-10-22 04:19:26,41300.0,100.0,1010400.0
942,2021-10-22 04:19:26,41300.0,900.0,1010300.0
943,2021-10-22 04:18:19,41300.0,100.0,1009400.0
944,2021-10-22 04:18:19,41300.0,200.0,1009300.0
945,2021-10-22 04:18:14,41300.0,100.0,1009100.0
946,2021-10-22 04:17:35,41300.0,700.0,1009000.0
947,2021-10-22 04:17:35,41300.0,2300.0,1008300.0
948,2021-10-22 04:17:31,41350.0,100.0,1006000.0
949,2021-10-22 04:17:21,41350.0,100.0,1005900.0
950,2021-10-22 04:17:12,41300.0,2100.0,1005800.0
951,2021-10-22 04:17:12,41300.0,100.0,1003700.0
952,2021-10-22 04:17:12,41300.0,100.0,1003600.0
953,2021-10-22 04:17:12,41300.0,2500.0,1003500.0
954,2021-10-22 04:17:12,41300.0,500.0,1001000.0
955,2021-10-22 04:17:12,41300.0,3600.0,1000500.0
956,2021-10-22 04:17:12,41300.0,600.0,996900.0
957,2021-10-22 04:17:12,41300.0,200.0,996300.0
958,2021-10-22 04:17:12,41300.0,300.0,996100.0
959,2021-10-22 04:16:50,41350.0,200.0,995800.0
960,2021-10-22 04:15:35,41350.0,100.0,995600.0
961,2021-10-22 04:15:27,41350.0,600.0,995500.0
962,2021-10-22 04:15:15,41350.0,400.0,994900.0
963,2021-10-22 04:15:15,41350.0,600.0,994500.0
964,2021-10-22 04:14:37,41350.0,400.0,993900.0
965,2021-10-22 04:14:37,41350.0,100.0,993500.0
966,2021-10-22 04:14:11,41350.0,400.0,993400.0
967,2021-10-22 04:14:11,41350.0,200.0,993000.0
968,2021-10-22 04:14:11,41350.0,500.0,992800.0
969,2021-10-22 04:14:11,41350.0,3000.0,992300.0
970,2021-10-22 04:14:11,41350.0,300.0,989300.0
971,2021-10-22 04:14:05,41400.0,2000.0,989000.0
972,2021-10-22 04:13:07,41400.0,500.0,987000.0
973,2021-10-22 04:13:01,41400.0,1000.0,986500.0
974,2021-10-22 04:13:01,41400.0,100.0,985500.0
975,2021-10-22 04:13:01,41400.0,1000.0,985400.0
976,2021-10-22 04:11:19,41400.0,100.0,984400.0
977,2021-10-22 04:11:19,41400.0,900.0,984300.0
978,2021-10-22 04:10:54,41400.0,300.0,983400.0
979,2021-10-22 04:10:37,41350.0,200.0,983100.0
980,2021-10-22 04:10:37,41350.0,100.0,982900.0
981,2021-10-22 04:10:37,41350.0,700.0,982800.0
982,2021-10-22 04:10:05,41350.0,100.0,982100.0
983,2021-10-22 04:09:28,41350.0,200.0,982000.0
984,2021-10-22 04:08:55,41400.0,200.0,981800.0
985,2021-10-22 04:08:55,41400.0,1600.0,981600.0
986,2021-10-22 04:08:26,41400.0,400.0,980000.0
987,2021-10-22 04:08:26,41400.0,300.0,979600.0
988,2021-10-22 04:08:26,41400.0,300.0,979300.0
989,2021-10-22 04:07:54,41400.0,300.0,979000.0
990,2021-10-22 04:07:43,41400.0,100.0,978700.0
991,2021-10-22 04:07:43,41400.0,200.0,978600.0
992,2021-10-22 04:07:43,41400.0,1000.0,978400.0
993,2021-10-22 04:07:43,41400.0,100.0,977400.0
994,2021-10-22 04:07:43,41400.0,500.0,977300.0
995,2021-10-22 04:07:43,41400.0,100.0,976800.0
996,2021-10-22 04:07:39,41400.0,400.0,976700.0
997,2021-10-22 04:07:39,41400.0,7000.0,976300.0
998,2021-10-22 04:07:39,41400.0,500.0,969300.0
999,2021-10-22 04:07:39,41400.0,1000.0,968800.0
1000,2021-10-22 04:07:39,41400.0,500.0,967800.0
1001,2021-10-22 04:07:39,41400.0,3600.0,967300.0
1002,2021-10-22 04:07:39,41400.0,1000.0,963700.0
1003,2021-10-22 04:07:39,41400.0,1000.0,962700.0
1004,2021-10-22 04:07:39,41400.0,1000.0,961700.0
1005,2021-10-22 04:07:39,41400.0,500.0,960700.0
1006,2021-10-22 04:07:39,41400.0,300.0,960200.0
1007,2021-10-22 04:07:39,41400.0,2000.0,959900.0
1008,2021-10-22 04:07:39,41400.0,400.0,957900.0
1009,2021-10-22 04:07:39,41400.0,800.0,957500.0
1010,2021-10-22 04:06:47,41400.0,200.0,956700.0
1011,2021-10-22 04:06:47,41400.0,500.0,956500.0
1012,2021-10-22 04:06:30,41450.0,200.0,956000.0
1013,2021-10-22 04:06:04,41450.0,700.0,955800.0
1014,2021-10-22 04:05:56,41450.0,2200.0,955100.0
1015,2021-10-22 04:05:56,41450.0,1800.0,952900.0
1016,2021-10-22 04:05:31,41450.0,500.0,951100.0
1017,2021-10-22 04:05:31,41450.0,700.0,950600.0
1018,2021-10-22 04:05:31,41450.0,500.0,949900.0
1019,2021-10-22 04:05:01,41500.0,700.0,949400.0
1020,2021-10-22 04:04:32,41450.0,1000.0,948700.0
1021,2021-10-22 04:04:24,41450.0,700.0,947700.0
1022,2021-10-22 04:04:24,41450.0,100.0,947000.0
1023,2021-10-22 04:04:06,41400.0,100.0,946900.0
1024,2021-10-22 04:03:57,41450.0,300.0,946800.0
1025,2021-10-22 04:03:44,41450.0,200.0,946500.0
1026,2021-10-22 04:03:07,41400.0,200.0,946300.0
1027,2021-10-22 04:02:51,41450.0,200.0,946100.0
1028,2021-10-22 04:02:51,41450.0,1600.0,945900.0
1029,2021-10-22 04:02:44,41450.0,800.0,944300.0
1030,2021-10-22 04:02:44,41450.0,1000.0,943500.0
1031,2021-10-22 04:02:30,41450.0,200.0,942500.0
1032,2021-10-22 04:02:11,41500.0,1000.0,942300.0
1033,2021-10-22 04:02:07,41450.0,1200.0,941300.0
1034,2021-10-22 04:02:07,41450.0,400.0,940100.0
1035,2021-10-22 04:02:07,41450.0,200.0,939700.0
1036,2021-10-22 04:02:07,41450.0,100.0,939500.0
1037,2021-10-22 04:02:07,41450.0,100.0,939400.0
1038,2021-10-22 04:02:07,41450.0,200.0,939300.0
1039,2021-10-22 04:02:07,41450.0,400.0,939100.0
1040,2021-10-22 04:02:07,41450.0,1600.0,938700.0
1041,2021-10-22 04:01:53,41450.0,1400.0,937100.0
1042,2021-10-22 04:01:43,41500.0,1000.0,935700.0
1043,2021-10-22 04:01:06,41500.0,1000.0,934700.0
1044,2021-10-22 03:59:50,41500.0,700.0,933700.0
1045,2021-10-22 03:59:50,41500.0,100.0,933000.0
1046,2021-10-22 03:59:50,41500.0,3000.0,932900.0
1047,2021-10-22 03:59:50,41500.0,300.0,929900.0
1048,2021-10-22 03:59:50,41500.0,900.0,929600.0
1049,2021-10-22 03:59:00,41500.0,100.0,928700.0
1050,2021-10-22 03:58:18,41450.0,100.0,928600.0
1051,2021-10-22 03:58:06,41450.0,300.0,928500.0
1052,2021-10-22 03:57:33,41450.0,1600.0,928200.0
1053,2021-10-22 03:57:33,41450.0,200.0,926600.0
1054,2021-10-22 03:57:33,41450.0,200.0,926400.0
1055,2021-10-22 03:57:26,41450.0,300.0,926200.0
1056,2021-10-22 03:57:01,41450.0,200.0,925900.0
1057,2021-10-22 03:56:40,41450.0,500.0,925700.0
1058,2021-10-22 03:56:38,41450.0,100.0,925200.0
1059,2021-10-22 03:56:37,41500.0,800.0,925100.0
1060,2021-10-22 03:56:31,41500.0,800.0,924300.0
1061,2021-10-22 03:55:57,41500.0,100.0,923500.0
1062,2021-10-22 03:55:48,41500.0,200.0,923400.0
1063,2021-10-22 03:54:53,41450.0,400.0,923200.0
1064,2021-10-22 03:54:16,41500.0,500.0,922800.0
1065,2021-10-22 03:54:12,41500.0,200.0,922300.0
1066,2021-10-22 03:53:59,41500.0,2000.0,922100.0
1067,2021-10-22 03:53:16,41500.0,400.0,920100.0
1068,2021-10-22 03:52:58,41500.0,600.0,919700.0
1069,2021-10-22 03:52:58,41550.0,1400.0,919100.0
1070,2021-10-22 03:52:25,41550.0,3200.0,917700.0
1071,2021-10-22 03:52:25,41550.0,500.0,914500.0
1072,2021-10-22 03:52:25,41500.0,4900.0,914000.0
1073,2021-10-22 03:52:21,41500.0,100.0,909100.0
1074,2021-10-22 03:52:20,41500.0,100.0,909000.0
1075,2021-10-22 03:52:20,41500.0,2000.0,908900.0
1076,2021-10-22 03:52:20,41500.0,1300.0,906900.0
1077,2021-10-22 03:52:20,41500.0,600.0,905600.0
1078,2021-10-22 03:51:52,41500.0,100.0,905000.0
1079,2021-10-22 03:51:30,41500.0,100.0,904900.0
1080,2021-10-22 03:51:15,41500.0,1200.0,904800.0
1081,2021-10-22 03:51:00,41500.0,100.0,903600.0
1082,2021-10-22 03:51:00,41500.0,100.0,903500.0
1083,2021-10-22 03:51:00,41500.0,100.0,903400.0
1084,2021-10-22 03:51:00,41500.0,100.0,903300.0
1085,2021-10-22 03:51:00,41500.0,400.0,903200.0
1086,2021-10-22 03:50:40,41500.0,500.0,902800.0
1087,2021-10-22 03:50:23,41500.0,100.0,902300.0
1088,2021-10-22 03:50:21,41500.0,200.0,902200.0
1089,2021-10-22 03:50:21,41500.0,4900.0,902000.0
1090,2021-10-22 03:50:21,41500.0,2000.0,897100.0
1091,2021-10-22 03:50:21,41500.0,500.0,895100.0
1092,2021-10-22 03:50:21,41500.0,2000.0,894600.0
1093,2021-10-22 03:50:21,41500.0,300.0,892600.0
1094,2021-10-22 03:50:21,41500.0,100.0,892300.0
1095,2021-10-22 03:50:01,41500.0,500.0,892200.0
1096,2021-10-22 03:49:56,41500.0,100.0,891700.0
1097,2021-10-22 03:49:08,41500.0,300.0,891600.0
1098,2021-10-22 03:48:32,41600.0,500.0,891300.0
1099,2021-10-22 03:48:20,41600.0,500.0,890800.0
1100,2021-10-22 03:46:15,41650.0,5000.0,890300.0
1101,2021-10-22 03:46:15,41650.0,1000.0,885300.0
1102,2021-10-22 03:46:15,41650.0,3000.0,884300.0
1103,2021-10-22 03:45:43,41650.0,200.0,881300.0
1104,2021-10-22 03:45:22,41700.0,1000.0,881100.0
1105,2021-10-22 03:44:43,41700.0,900.0,880100.0
1106,2021-10-22 03:44:43,41700.0,1000.0,879200.0
1107,2021-10-22 03:44:43,41700.0,100.0,878200.0
1108,2021-10-22 03:43:27,41700.0,200.0,878100.0
1109,2021-10-22 03:42:50,41650.0,800.0,877900.0
1110,2021-10-22 03:42:19,41650.0,100.0,877100.0
1111,2021-10-22 03:42:08,41650.0,100.0,877000.0
1112,2021-10-22 03:41:18,41650.0,100.0,876900.0
1113,2021-10-22 03:41:18,41650.0,100.0,876800.0
1114,2021-10-22 03:41:18,41650.0,100.0,876700.0
1115,2021-10-22 03:41:18,41650.0,200.0,876600.0
1116,2021-10-22 03:41:18,41650.0,5900.0,876400.0
1117,2021-10-22 03:41:18,41600.0,100.0,870500.0
1118,2021-10-22 03:41:18,41600.0,100.0,870400.0
1119,2021-10-22 03:41:18,41600.0,1100.0,870300.0
1120,2021-10-22 03:41:18,41600.0,1000.0,869200.0
1121,2021-10-22 03:41:18,41600.0,500.0,868200.0
1122,2021-10-22 03:41:18,41600.0,500.0,867700.0
1123,2021-10-22 03:41:18,41600.0,3000.0,867200.0
1124,2021-10-22 03:41:18,41600.0,100.0,864200.0
1125,2021-10-22 03:41:18,41600.0,300.0,864100.0
1126,2021-10-22 03:41:18,41600.0,100.0,863800.0
1127,2021-10-22 03:41:18,41600.0,500.0,863700.0
1128,2021-10-22 03:41:18,41600.0,100.0,863200.0
1129,2021-10-22 03:41:18,41600.0,200.0,863100.0
1130,2021-10-22 03:41:18,41600.0,200.0,862900.0
1131,2021-10-22 03:41:18,41550.0,100.0,862700.0
1132,2021-10-22 03:41:18,41550.0,1500.0,862600.0
1133,2021-10-22 03:41:05,41550.0,1000.0,861100.0
1134,2021-10-22 03:40:50,41550.0,200.0,860100.0
1135,2021-10-22 03:40:48,41550.0,300.0,859900.0
1136,2021-10-22 03:40:48,41550.0,500.0,859600.0
1137,2021-10-22 03:40:48,41550.0,100.0,859100.0
1138,2021-10-22 03:40:48,41550.0,100.0,859000.0
1139,2021-10-22 03:40:21,41550.0,400.0,858900.0
1140,2021-10-22 03:40:21,41550.0,100.0,858500.0
1141,2021-10-22 03:40:13,41500.0,300.0,858400.0
1142,2021-10-22 03:40:02,41500.0,500.0,858100.0
1143,2021-10-22 03:40:02,41500.0,500.0,857600.0
1144,2021-10-22 03:39:57,41500.0,100.0,857100.0
1145,2021-10-22 03:39:54,41500.0,400.0,857000.0
1146,2021-10-22 03:39:52,41500.0,1600.0,856600.0
1147,2021-10-22 03:39:52,41500.0,3200.0,855000.0
1148,2021-10-22 03:39:45,41500.0,1800.0,851800.0
1149,2021-10-22 03:39:45,41500.0,200.0,850000.0
1150,2021-10-22 03:39:45,41500.0,300.0,849800.0
1151,2021-10-22 03:39:45,41500.0,200.0,849500.0
1152,2021-10-22 03:39:45,41500.0,1000.0,849300.0
1153,2021-10-22 03:39:45,41500.0,500.0,848300.0
1154,2021-10-22 03:39:45,41500.0,500.0,847800.0
1155,2021-10-22 03:39:45,41500.0,500.0,847300.0
1156,2021-10-22 03:39:17,41450.0,200.0,846800.0
1157,2021-10-22 03:38:28,41450.0,100.0,846600.0
1158,2021-10-22 03:38:28,41450.0,800.0,846500.0
1159,2021-10-22 03:38:28,41450.0,600.0,845700.0
1160,2021-10-22 03:38:28,41450.0,500.0,845100.0
1161,2021-10-22 03:38:28,41500.0,200.0,844600.0
1162,2021-10-22 03:38:15,41500.0,100.0,844400.0
1163,2021-10-22 03:37:25,41500.0,500.0,844300.0
1164,2021-10-22 03:37:12,41500.0,2000.0,843800.0
1165,2021-10-22 03:36:51,41500.0,1500.0,841800.0
1166,2021-10-22 03:36:11,41500.0,1200.0,840300.0
1167,2021-10-22 03:36:11,41500.0,1300.0,839100.0
1168,2021-10-22 03:36:11,41500.0,100.0,837800.0
1169,2021-10-22 03:36:11,41500.0,5700.0,837700.0
1170,2021-10-22 03:36:11,41500.0,5000.0,832000.0
1171,2021-10-22 03:36:11,41500.0,200.0,827000.0
1172,2021-10-22 03:36:11,41500.0,500.0,826800.0
1173,2021-10-22 03:35:33,41500.0,500.0,826300.0
1174,2021-10-22 03:35:17,41500.0,100.0,825800.0
1175,2021-10-22 03:35:06,41500.0,900.0,825700.0
1176,2021-10-22 03:35:06,41500.0,100.0,824800.0
1177,2021-10-22 03:33:44,41500.0,400.0,824700.0
1178,2021-10-22 03:33:44,41500.0,1000.0,824300.0
1179,2021-10-22 03:33:44,41500.0,600.0,823300.0
1180,2021-10-22 03:33:36,41500.0,100.0,822700.0
1181,2021-10-22 03:31:24,41500.0,200.0,822600.0
1182,2021-10-22 03:31:24,41500.0,300.0,822400.0
1183,2021-10-22 03:31:24,41500.0,400.0,822100.0
1184,2021-10-22 03:31:18,41500.0,900.0,821700.0
1185,2021-10-22 03:31:04,41500.0,500.0,820800.0
1186,2021-10-22 03:30:24,41500.0,200.0,820300.0
1187,2021-10-22 03:30:20,41500.0,600.0,820100.0
1188,2021-10-22 03:30:17,41500.0,300.0,819500.0
1189,2021-10-22 03:30:17,41500.0,200.0,819200.0
1190,2021-10-22 03:30:17,41500.0,1500.0,819000.0
1191,2021-10-22 03:30:11,41500.0,600.0,817500.0
1192,2021-10-22 03:30:10,41500.0,800.0,816900.0
1193,2021-10-22 03:30:03,41500.0,100.0,816100.0
1194,2021-10-22 03:29:55,41500.0,300.0,816000.0
1195,2021-10-22 03:29:55,41500.0,200.0,815700.0
1196,2021-10-22 03:29:55,41500.0,500.0,815500.0
1197,2021-10-22 03:29:50,41500.0,400.0,815000.0
1198,2021-10-22 03:29:24,41500.0,300.0,814600.0
1199,2021-10-22 03:29:22,41500.0,200.0,814300.0
1200,2021-10-22 03:28:38,41500.0,100.0,814100.0
1201,2021-10-22 03:28:26,41500.0,100.0,814000.0
1202,2021-10-22 03:28:26,41500.0,100.0,813900.0
1203,2021-10-22 03:28:26,41500.0,100.0,813800.0
1204,2021-10-22 03:28:26,41500.0,1000.0,813700.0
1205,2021-10-22 03:28:26,41500.0,200.0,812700.0
1206,2021-10-22 03:28:26,41500.0,300.0,812500.0
1207,2021-10-22 03:28:26,41500.0,500.0,812200.0
1208,2021-10-22 03:28:26,41500.0,500.0,811700.0
1209,2021-10-22 03:27:42,41500.0,1200.0,811200.0
1210,2021-10-22 03:27:42,41500.0,800.0,810000.0
1211,2021-10-22 03:27:42,41500.0,200.0,809200.0
1212,2021-10-22 03:27:42,41500.0,500.0,809000.0
1213,2021-10-22 03:27:42,41500.0,100.0,808500.0
1214,2021-10-22 03:27:42,41500.0,1000.0,808400.0
1215,2021-10-22 03:27:42,41500.0,500.0,807400.0
1216,2021-10-22 03:27:34,41500.0,400.0,806900.0
1217,2021-10-22 03:27:34,41500.0,200.0,806500.0
1218,2021-10-22 03:27:34,41500.0,300.0,806300.0
1219,2021-10-22 03:27:34,41500.0,100.0,806000.0
1220,2021-10-22 03:27:25,41500.0,300.0,805900.0
1221,2021-10-22 03:27:05,41500.0,300.0,805600.0
1222,2021-10-22 03:27:05,41500.0,200.0,805300.0
1223,2021-10-22 03:27:01,41500.0,100.0,805100.0
1224,2021-10-22 03:27:01,41500.0,400.0,805000.0
1225,2021-10-22 03:27:01,41500.0,300.0,804600.0
1226,2021-10-22 03:27:01,41500.0,200.0,804300.0
1227,2021-10-22 03:26:50,41500.0,300.0,804100.0
1228,2021-10-22 03:26:50,41500.0,500.0,803800.0
1229,2021-10-22 03:26:50,41500.0,2200.0,803300.0
1230,2021-10-22 03:26:50,41500.0,500.0,801100.0
1231,2021-10-22 03:26:28,41500.0,1500.0,800600.0
1232,2021-10-22 03:26:26,41500.0,500.0,799100.0
1233,2021-10-22 03:25:53,41500.0,900.0,798600.0
1234,2021-10-22 03:25:53,41450.0,100.0,797700.0
1235,2021-10-22 03:25:24,41500.0,1400.0,797600.0
1236,2021-10-22 03:25:24,41500.0,300.0,796200.0
1237,2021-10-22 03:25:24,41500.0,200.0,795900.0
1238,2021-10-22 03:25:24,41500.0,100.0,795700.0
1239,2021-10-22 03:25:24,41500.0,700.0,795600.0
1240,2021-10-22 03:25:24,41500.0,500.0,794900.0
1241,2021-10-22 03:25:24,41500.0,2900.0,794400.0
1242,2021-10-22 03:25:24,41450.0,1700.0,791500.0
1243,2021-10-22 03:25:00,41400.0,300.0,789800.0
1244,2021-10-22 03:24:59,41450.0,200.0,789500.0
1245,2021-10-22 03:24:47,41450.0,100.0,789300.0
1246,2021-10-22 03:24:33,41450.0,1000.0,789200.0
1247,2021-10-22 03:24:33,41450.0,2000.0,788200.0
1248,2021-10-22 03:24:33,41450.0,500.0,786200.0
1249,2021-10-22 03:24:09,41450.0,1000.0,785700.0
1250,2021-10-22 03:24:01,41400.0,500.0,784700.0
1251,2021-10-22 03:23:57,41450.0,500.0,784200.0
1252,2021-10-22 03:23:47,41400.0,500.0,783700.0
1253,2021-10-22 03:23:47,41400.0,300.0,783200.0
1254,2021-10-22 03:23:47,41400.0,100.0,782900.0
1255,2021-10-22 03:23:47,41400.0,1000.0,782800.0
1256,2021-10-22 03:23:47,41400.0,100.0,781800.0
1257,2021-10-22 03:23:47,41400.0,500.0,781700.0
1258,2021-10-22 03:23:47,41400.0,300.0,781200.0
1259,2021-10-22 03:23:47,41400.0,2000.0,780900.0
1260,2021-10-22 03:22:21,41400.0,100.0,778900.0
1261,2021-10-22 03:22:21,41400.0,500.0,778800.0
1262,2021-10-22 03:22:02,41350.0,200.0,778300.0
1263,2021-10-22 03:21:00,41350.0,500.0,778100.0
1264,2021-10-22 03:19:51,41350.0,500.0,777600.0
1265,2021-10-22 03:19:25,41350.0,200.0,777100.0
1266,2021-10-22 03:19:03,41350.0,1000.0,776900.0
1267,2021-10-22 03:18:06,41350.0,100.0,775900.0
1268,2021-10-22 03:17:16,41400.0,700.0,775800.0
1269,2021-10-22 03:17:16,41400.0,700.0,775100.0
1270,2021-10-22 03:16:25,41400.0,1500.0,774400.0
1271,2021-10-22 03:16:25,41400.0,200.0,772900.0
1272,2021-10-22 03:16:25,41400.0,1600.0,772700.0
1273,2021-10-22 03:16:17,41400.0,400.0,771100.0
1274,2021-10-22 03:16:17,41400.0,300.0,770700.0
1275,2021-10-22 03:16:17,41400.0,100.0,770400.0
1276,2021-10-22 03:16:17,41400.0,200.0,770300.0
1277,2021-10-22 03:16:13,41400.0,300.0,770100.0
1278,2021-10-22 03:16:13,41400.0,300.0,769800.0
1279,2021-10-22 03:16:13,41400.0,1000.0,769500.0
1280,2021-10-22 03:16:13,41400.0,1000.0,768500.0
1281,2021-10-22 03:16:13,41400.0,1000.0,767500.0
1282,2021-10-22 03:16:13,41400.0,200.0,766500.0
1283,2021-10-22 03:16:13,41400.0,200.0,766300.0
1284,2021-10-22 03:16:13,41400.0,100.0,766100.0
1285,2021-10-22 03:16:13,41400.0,400.0,766000.0
1286,2021-10-22 03:15:31,41400.0,400.0,765600.0
1287,2021-10-22 03:14:10,41400.0,100.0,765200.0
1288,2021-10-22 03:13:05,41350.0,600.0,765100.0
1289,2021-10-22 03:13:02,41350.0,200.0,764500.0
1290,2021-10-22 03:12:53,41350.0,700.0,764300.0
1291,2021-10-22 03:12:53,41350.0,200.0,763600.0
1292,2021-10-22 03:11:25,41400.0,500.0,763400.0
1293,2021-10-22 03:11:25,41400.0,200.0,762900.0
1294,2021-10-22 03:11:25,41400.0,100.0,762700.0
1295,2021-10-22 03:11:25,41400.0,300.0,762600.0
1296,2021-10-22 03:11:17,41400.0,200.0,762300.0
1297,2021-10-22 03:10:41,41400.0,1000.0,762100.0
1298,2021-10-22 03:10:41,41400.0,400.0,761100.0
1299,2021-10-22 03:10:41,41400.0,100.0,760700.0
1300,2021-10-22 03:10:41,41400.0,500.0,760600.0
1301,2021-10-22 03:10:41,41400.0,500.0,760100.0
1302,2021-10-22 03:10:41,41400.0,100.0,759600.0
1303,2021-10-22 03:10:41,41450.0,400.0,759500.0
1304,2021-10-22 03:10:35,41450.0,100.0,759100.0
1305,2021-10-22 03:10:35,41450.0,100.0,759000.0
1306,2021-10-22 03:09:56,41500.0,400.0,758900.0
1307,2021-10-22 03:09:35,41500.0,100.0,758500.0
1308,2021-10-22 03:09:35,41500.0,1600.0,758400.0
1309,2021-10-22 03:09:28,41500.0,2000.0,756800.0
1310,2021-10-22 03:09:27,41500.0,2000.0,754800.0
1311,2021-10-22 03:09:25,41500.0,4700.0,752800.0
1312,2021-10-22 03:09:21,41500.0,1000.0,748100.0
1313,2021-10-22 03:09:18,41500.0,3600.0,747100.0
1314,2021-10-22 03:09:15,41500.0,200.0,743500.0
1315,2021-10-22 03:08:59,41500.0,1000.0,743300.0
1316,2021-10-22 03:08:42,41500.0,500.0,742300.0
1317,2021-10-22 03:08:28,41500.0,200.0,741800.0
1318,2021-10-22 03:07:43,41500.0,1000.0,741600.0
1319,2021-10-22 03:07:31,41500.0,200.0,740600.0
1320,2021-10-22 03:07:05,41500.0,1000.0,740400.0
1321,2021-10-22 03:06:29,41500.0,600.0,739400.0
1322,2021-10-22 03:06:01,41500.0,400.0,738800.0
1323,2021-10-22 03:06:01,41500.0,3000.0,738400.0
1324,2021-10-22 03:05:54,41500.0,600.0,735400.0
1325,2021-10-22 03:05:45,41500.0,200.0,734800.0
1326,2021-10-22 03:05:35,41500.0,200.0,734600.0
1327,2021-10-22 03:05:27,41500.0,1200.0,734400.0
1328,2021-10-22 03:05:12,41500.0,4800.0,733200.0
1329,2021-10-22 03:05:12,41500.0,400.0,728400.0
1330,2021-10-22 03:05:07,41550.0,300.0,728000.0
1331,2021-10-22 03:05:07,41550.0,200.0,727700.0
1332,2021-10-22 03:04:59,41500.0,100.0,727500.0
1333,2021-10-22 03:04:55,41500.0,300.0,727400.0
1334,2021-10-22 03:04:55,41500.0,4000.0,727100.0
1335,2021-10-22 03:04:55,41500.0,100.0,723100.0
1336,2021-10-22 03:04:55,41500.0,3000.0,723000.0
1337,2021-10-22 03:04:55,41500.0,500.0,720000.0
1338,2021-10-22 03:04:55,41500.0,500.0,719500.0
1339,2021-10-22 03:04:55,41500.0,500.0,719000.0
1340,2021-10-22 03:04:55,41500.0,600.0,718500.0
1341,2021-10-22 03:04:21,41450.0,1000.0,717900.0
1342,2021-10-22 03:04:21,41450.0,500.0,716900.0
1343,2021-10-22 03:04:21,41450.0,300.0,716400.0
1344,2021-10-22 03:03:05,41450.0,1000.0,716100.0
1345,2021-10-22 03:03:05,41450.0,500.0,715100.0
1346,2021-10-22 03:03:05,41450.0,400.0,714600.0
1347,2021-10-22 03:01:52,41450.0,300.0,714200.0
1348,2021-10-22 03:01:50,41450.0,500.0,713900.0
1349,2021-10-22 03:01:29,41500.0,400.0,713400.0
1350,2021-10-22 03:01:29,41500.0,200.0,713000.0
1351,2021-10-22 03:01:29,41500.0,500.0,712800.0
1352,2021-10-22 03:01:29,41500.0,600.0,712300.0
1353,2021-10-22 03:01:19,41500.0,2100.0,711700.0
1354,2021-10-22 03:01:01,41450.0,100.0,709600.0
1355,2021-10-22 03:00:25,41500.0,300.0,709500.0
1356,2021-10-22 03:00:06,41500.0,600.0,709200.0
1357,2021-10-22 03:00:02,41500.0,400.0,708600.0
1358,2021-10-22 02:59:49,41500.0,1000.0,708200.0
1359,2021-10-22 02:59:49,41500.0,500.0,707200.0
1360,2021-10-22 02:59:49,41500.0,1000.0,706700.0
1361,2021-10-22 02:59:49,41500.0,300.0,705700.0
1362,2021-10-22 02:59:49,41500.0,1000.0,705400.0
1363,2021-10-22 02:59:49,41500.0,200.0,704400.0
1364,2021-10-22 02:59:49,41500.0,100.0,704200.0
1365,2021-10-22 02:59:49,41500.0,200.0,704100.0
1366,2021-10-22 02:59:49,41500.0,1000.0,703900.0
1367,2021-10-22 02:59:49,41500.0,4000.0,702900.0
1368,2021-10-22 02:59:49,41500.0,1100.0,698900.0
1369,2021-10-22 02:59:49,41500.0,100.0,697800.0
1370,2021-10-22 02:59:49,41500.0,300.0,697700.0
1371,2021-10-22 02:59:49,41500.0,1000.0,697400.0
1372,2021-10-22 02:59:49,41500.0,500.0,696400.0
1373,2021-10-22 02:59:49,41500.0,100.0,695900.0
1374,2021-10-22 02:59:49,41500.0,2500.0,695800.0
1375,2021-10-22 02:59:49,41500.0,800.0,693300.0
1376,2021-10-22 02:59:49,41500.0,100.0,692500.0
1377,2021-10-22 02:59:49,41500.0,4200.0,692400.0
1378,2021-10-22 02:59:24,41450.0,100.0,688200.0
1379,2021-10-22 02:59:23,41400.0,200.0,688100.0
1380,2021-10-22 02:59:21,41400.0,800.0,687900.0
1381,2021-10-22 02:59:21,41400.0,200.0,687100.0
1382,2021-10-22 02:59:13,41400.0,500.0,686900.0
1383,2021-10-22 02:59:01,41450.0,100.0,686400.0
1384,2021-10-22 02:59:01,41450.0,100.0,686300.0
1385,2021-10-22 02:59:01,41450.0,300.0,686200.0
1386,2021-10-22 02:58:33,41400.0,200.0,685900.0
1387,2021-10-22 02:58:19,41400.0,1200.0,685700.0
1388,2021-10-22 02:58:19,41400.0,800.0,684500.0
1389,2021-10-22 02:58:07,41400.0,300.0,683700.0
1390,2021-10-22 02:58:00,41400.0,1000.0,683400.0
1391,2021-10-22 02:57:49,41400.0,1000.0,682400.0
1392,2021-10-22 02:57:47,41450.0,1000.0,681400.0
1393,2021-10-22 02:57:47,41450.0,2000.0,680400.0
1394,2021-10-22 02:57:47,41450.0,500.0,678400.0
1395,2021-10-22 02:57:47,41450.0,1000.0,677900.0
1396,2021-10-22 02:57:47,41450.0,500.0,676900.0
1397,2021-10-22 02:57:23,41400.0,100.0,676400.0
1398,2021-10-22 02:57:03,41400.0,400.0,676300.0
1399,2021-10-22 02:56:43,41400.0,200.0,675900.0
1400,2021-10-22 02:56:43,41400.0,400.0,675700.0
1401,2021-10-22 02:56:24,41400.0,100.0,675300.0
1402,2021-10-22 02:56:15,41400.0,200.0,675200.0
1403,2021-10-22 02:56:07,41400.0,100.0,675000.0
1404,2021-10-22 02:55:52,41400.0,200.0,674900.0
1405,2021-10-22 02:55:52,41400.0,100.0,674700.0
1406,2021-10-22 02:55:52,41400.0,400.0,674600.0
1407,2021-10-22 02:55:31,41400.0,100.0,674200.0
1408,2021-10-22 02:55:05,41400.0,100.0,674100.0
1409,2021-10-22 02:55:02,41400.0,300.0,674000.0
1410,2021-10-22 02:54:52,41400.0,1100.0,673700.0
1411,2021-10-22 02:53:26,41500.0,1000.0,672600.0
1412,2021-10-22 02:53:26,41400.0,500.0,671600.0
1413,2021-10-22 02:53:26,41400.0,1000.0,671100.0
1414,2021-10-22 02:53:26,41400.0,600.0,670100.0
1415,2021-10-22 02:53:06,41400.0,400.0,669500.0
1416,2021-10-22 02:52:49,41400.0,100.0,669100.0
1417,2021-10-22 02:52:49,41400.0,300.0,669000.0
1418,2021-10-22 02:52:47,41500.0,300.0,668700.0
1419,2021-10-22 02:52:29,41400.0,600.0,668400.0
1420,2021-10-22 02:52:29,41400.0,200.0,667800.0
1421,2021-10-22 02:52:29,41400.0,200.0,667600.0
1422,2021-10-22 02:51:58,41500.0,100.0,667400.0
1423,2021-10-22 02:51:52,41500.0,500.0,667300.0
1424,2021-10-22 02:51:30,41500.0,200.0,666800.0
1425,2021-10-22 02:51:27,41500.0,3700.0,666600.0
1426,2021-10-22 02:51:27,41500.0,600.0,662900.0
1427,2021-10-22 02:51:25,41450.0,300.0,662300.0
1428,2021-10-22 02:51:14,41450.0,200.0,662000.0
1429,2021-10-22 02:50:57,41400.0,200.0,661800.0
1430,2021-10-22 02:50:57,41400.0,200.0,661600.0
1431,2021-10-22 02:50:53,41400.0,300.0,661400.0
1432,2021-10-22 02:50:51,41400.0,100.0,661100.0
1433,2021-10-22 02:50:51,41400.0,700.0,661000.0
1434,2021-10-22 02:50:48,41350.0,300.0,660300.0
1435,2021-10-22 02:50:30,41400.0,300.0,660000.0
1436,2021-10-22 02:50:30,41400.0,600.0,659700.0
1437,2021-10-22 02:50:10,41400.0,400.0,659100.0
1438,2021-10-22 02:50:10,41400.0,600.0,658700.0
1439,2021-10-22 02:49:59,41300.0,100.0,658100.0
1440,2021-10-22 02:49:38,41300.0,300.0,658000.0
1441,2021-10-22 02:49:34,41400.0,100.0,657700.0
1442,2021-10-22 02:49:24,41400.0,100.0,657600.0
1443,2021-10-22 02:49:17,41300.0,200.0,657500.0
1444,2021-10-22 02:49:07,41400.0,200.0,657300.0
1445,2021-10-22 02:49:07,41400.0,4200.0,657100.0
1446,2021-10-22 02:49:07,41400.0,5200.0,652900.0
1447,2021-10-22 02:49:07,41400.0,100.0,647700.0
1448,2021-10-22 02:49:07,41400.0,200.0,647600.0
1449,2021-10-22 02:49:07,41400.0,1000.0,647400.0
1450,2021-10-22 02:49:07,41350.0,200.0,646400.0
1451,2021-10-22 02:49:02,41300.0,200.0,646200.0
1452,2021-10-22 02:48:47,41300.0,300.0,646000.0
1453,2021-10-22 02:48:47,41300.0,200.0,645700.0
1454,2021-10-22 02:48:47,41300.0,200.0,645500.0
1455,2021-10-22 02:48:47,41300.0,400.0,645300.0
1456,2021-10-22 02:48:47,41300.0,100.0,644900.0
1457,2021-10-22 02:48:47,41250.0,500.0,644800.0
1458,2021-10-22 02:48:37,41200.0,200.0,644300.0
1459,2021-10-22 02:48:35,41200.0,500.0,644100.0
1460,2021-10-22 02:48:28,41200.0,200.0,643600.0
1461,2021-10-22 02:48:03,41200.0,200.0,643400.0
1462,2021-10-22 02:47:56,41200.0,400.0,643200.0
1463,2021-10-22 02:47:56,41200.0,100.0,642800.0
1464,2021-10-22 02:47:52,41200.0,100.0,642700.0
1465,2021-10-22 02:47:40,41200.0,300.0,642600.0
1466,2021-10-22 02:47:40,41200.0,100.0,642300.0
1467,2021-10-22 02:47:40,41200.0,1100.0,642200.0
1468,2021-10-22 02:47:15,41200.0,500.0,641100.0
1469,2021-10-22 02:47:10,41200.0,400.0,640600.0
1470,2021-10-22 02:47:10,41200.0,100.0,640200.0
1471,2021-10-22 02:47:10,41200.0,200.0,640100.0
1472,2021-10-22 02:47:10,41200.0,2300.0,639900.0
1473,2021-10-22 02:47:10,41200.0,100.0,637600.0
1474,2021-10-22 02:47:03,41200.0,7000.0,637500.0
1475,2021-10-22 02:47:03,41200.0,300.0,630500.0
1476,2021-10-22 02:47:03,41200.0,200.0,630200.0
1477,2021-10-22 02:47:03,41200.0,2500.0,630000.0
1478,2021-10-22 02:46:58,41200.0,500.0,627500.0
1479,2021-10-22 02:46:54,41150.0,2600.0,627000.0
1480,2021-10-22 02:46:54,41150.0,300.0,624400.0
1481,2021-10-22 02:46:54,41150.0,2100.0,624100.0
1482,2021-10-22 02:46:25,41200.0,500.0,622000.0
1483,2021-10-22 02:46:17,41150.0,300.0,621500.0
1484,2021-10-22 02:46:11,41200.0,4500.0,621200.0
1485,2021-10-22 02:46:11,41200.0,500.0,616700.0
1486,2021-10-22 02:46:10,41200.0,1000.0,616200.0
1487,2021-10-22 02:46:07,41150.0,200.0,615200.0
1488,2021-10-22 02:46:02,41100.0,300.0,615000.0
1489,2021-10-22 02:46:02,41100.0,500.0,614700.0
1490,2021-10-22 02:46:02,41100.0,300.0,614200.0
1491,2021-10-22 02:45:46,41100.0,700.0,613900.0
1492,2021-10-22 02:45:46,41150.0,100.0,613200.0
1493,2021-10-22 02:45:44,41200.0,200.0,613100.0
1494,2021-10-22 02:45:19,41200.0,100.0,612900.0
1495,2021-10-22 02:45:08,41200.0,2000.0,612800.0
1496,2021-10-22 02:44:52,41200.0,200.0,610800.0
1497,2021-10-22 02:44:46,41050.0,100.0,610600.0
1498,2021-10-22 02:44:46,41050.0,200.0,610500.0
1499,2021-10-22 02:44:41,41050.0,800.0,610300.0
1500,2021-10-22 02:43:45,41050.0,100.0,609500.0
1501,2021-10-22 02:43:45,41050.0,100.0,609400.0
1502,2021-10-22 02:43:45,41050.0,100.0,609300.0
1503,2021-10-22 02:43:45,41050.0,200.0,609200.0
1504,2021-10-22 02:43:39,41050.0,200.0,609000.0
1505,2021-10-22 02:43:38,41050.0,200.0,608800.0
1506,2021-10-22 02:43:32,41050.0,400.0,608600.0
1507,2021-10-22 02:43:21,41050.0,500.0,608200.0
1508,2021-10-22 02:43:06,41050.0,100.0,607700.0
1509,2021-10-22 02:43:01,41250.0,200.0,607600.0
1510,2021-10-22 02:42:50,41250.0,200.0,607400.0
1511,2021-10-22 02:41:54,41300.0,800.0,607200.0
1512,2021-10-22 02:41:54,41200.0,200.0,606400.0
1513,2021-10-22 02:41:44,41000.0,1000.0,606200.0
1514,2021-10-22 02:41:38,41200.0,100.0,605200.0
1515,2021-10-22 02:41:23,41000.0,4100.0,605100.0
1516,2021-10-22 02:41:23,41000.0,100.0,601000.0
1517,2021-10-22 02:41:23,41000.0,3000.0,600900.0
1518,2021-10-22 02:41:23,41000.0,2000.0,597900.0
1519,2021-10-22 02:41:23,41000.0,5000.0,595900.0
1520,2021-10-22 02:41:23,41000.0,300.0,590900.0
1521,2021-10-22 02:41:23,41000.0,200.0,590600.0
1522,2021-10-22 02:41:23,41000.0,100.0,590400.0
1523,2021-10-22 02:41:23,41000.0,1000.0,590300.0
1524,2021-10-22 02:41:23,41000.0,200.0,589300.0
1525,2021-10-22 02:41:23,41000.0,500.0,589100.0
1526,2021-10-22 02:41:23,41000.0,1000.0,588600.0
1527,2021-10-22 02:41:23,41000.0,400.0,587600.0
1528,2021-10-22 02:41:23,41100.0,500.0,587200.0
1529,2021-10-22 02:41:23,41100.0,1500.0,586700.0
1530,2021-10-22 02:41:23,41100.0,200.0,585200.0
1531,2021-10-22 02:41:23,41150.0,2000.0,585000.0
1532,2021-10-22 02:41:23,41200.0,100.0,583000.0
1533,2021-10-22 02:41:23,41200.0,300.0,582900.0
1534,2021-10-22 02:41:23,41200.0,100.0,582600.0
1535,2021-10-22 02:41:23,41200.0,400.0,582500.0
1536,2021-10-22 02:41:23,41250.0,2000.0,582100.0
1537,2021-10-22 02:41:20,41300.0,200.0,580100.0
1538,2021-10-22 02:41:05,41300.0,200.0,579900.0
1539,2021-10-22 02:41:04,41300.0,200.0,579700.0
1540,2021-10-22 02:41:04,41300.0,400.0,579500.0
1541,2021-10-22 02:41:04,41300.0,1100.0,579100.0
1542,2021-10-22 02:41:04,41250.0,2000.0,578000.0
1543,2021-10-22 02:41:04,41250.0,1400.0,576000.0
1544,2021-10-22 02:40:56,41250.0,100.0,574600.0
1545,2021-10-22 02:40:14,41300.0,100.0,574500.0
1546,2021-10-22 02:40:07,41300.0,100.0,574400.0
1547,2021-10-22 02:40:07,41300.0,1000.0,574300.0
1548,2021-10-22 02:40:07,41300.0,600.0,573300.0
1549,2021-10-22 02:40:07,41300.0,500.0,572700.0
1550,2021-10-22 02:40:07,41300.0,200.0,572200.0
1551,2021-10-22 02:40:07,41300.0,1900.0,572000.0
1552,2021-10-22 02:40:07,41300.0,500.0,570100.0
1553,2021-10-22 02:40:07,41350.0,500.0,569600.0
1554,2021-10-22 02:40:07,41350.0,3000.0,569100.0
1555,2021-10-22 02:39:53,41400.0,1000.0,566100.0
1556,2021-10-22 02:39:26,41500.0,9400.0,565100.0
1557,2021-10-22 02:39:26,41500.0,600.0,555700.0
1558,2021-10-22 02:39:20,41350.0,100.0,555100.0
1559,2021-10-22 02:39:20,41350.0,500.0,555000.0
1560,2021-10-22 02:39:20,41350.0,200.0,554500.0
1561,2021-10-22 02:39:20,41400.0,300.0,554300.0
1562,2021-10-22 02:39:20,41400.0,200.0,554000.0
1563,2021-10-22 02:39:20,41400.0,100.0,553800.0
1564,2021-10-22 02:39:20,41400.0,200.0,553700.0
1565,2021-10-22 02:39:20,41400.0,500.0,553500.0
1566,2021-10-22 02:39:20,41400.0,800.0,553000.0
1567,2021-10-22 02:39:20,41450.0,100.0,552200.0
1568,2021-10-22 02:38:57,41500.0,300.0,552100.0
1569,2021-10-22 02:38:57,41500.0,100.0,551800.0
1570,2021-10-22 02:38:57,41500.0,100.0,551700.0
1571,2021-10-22 02:38:57,41500.0,3100.0,551600.0
1572,2021-10-22 02:38:54,41500.0,100.0,548500.0
1573,2021-10-22 02:38:51,41500.0,100.0,548400.0
1574,2021-10-22 02:38:50,41500.0,5000.0,548300.0
1575,2021-10-22 02:38:46,41550.0,100.0,543300.0
1576,2021-10-22 02:38:46,41500.0,11000.0,543200.0
1577,2021-10-22 02:38:44,41500.0,200.0,532200.0
1578,2021-10-22 02:38:35,41500.0,300.0,532000.0
1579,2021-10-22 02:38:26,41500.0,200.0,531700.0
1580,2021-10-22 02:38:26,41500.0,600.0,531500.0
1581,2021-10-22 02:38:26,41500.0,200.0,530900.0
1582,2021-10-22 02:38:21,41500.0,1000.0,530700.0
1583,2021-10-22 02:38:19,41500.0,1000.0,529700.0
1584,2021-10-22 02:38:05,41550.0,100.0,528700.0
1585,2021-10-22 02:37:57,41550.0,400.0,528600.0
1586,2021-10-22 02:37:44,41550.0,100.0,528200.0
1587,2021-10-22 02:37:36,41550.0,200.0,528100.0
1588,2021-10-22 02:37:36,41550.0,300.0,527900.0
1589,2021-10-22 02:37:36,41550.0,600.0,527600.0
1590,2021-10-22 02:37:29,41550.0,700.0,527000.0
1591,2021-10-22 02:37:29,41550.0,3600.0,526300.0
1592,2021-10-22 02:37:25,41550.0,5000.0,522700.0
1593,2021-10-22 02:37:08,41550.0,700.0,517700.0
1594,2021-10-22 02:37:00,41600.0,100.0,517000.0
1595,2021-10-22 02:36:50,41600.0,1100.0,516900.0
1596,2021-10-22 02:36:50,41600.0,1000.0,515800.0
1597,2021-10-22 02:36:50,41600.0,200.0,514800.0
1598,2021-10-22 02:36:50,41550.0,100.0,514600.0
1599,2021-10-22 02:36:50,41550.0,100.0,514500.0
1600,2021-10-22 02:36:28,41550.0,100.0,514400.0
1601,2021-10-22 02:36:16,41550.0,700.0,514300.0
1602,2021-10-22 02:36:08,41550.0,100.0,513600.0
1603,2021-10-22 02:36:08,41550.0,5000.0,513500.0
1604,2021-10-22 02:36:08,41550.0,4200.0,508500.0
1605,2021-10-22 02:36:08,41550.0,400.0,504300.0
1606,2021-10-22 02:35:58,41550.0,400.0,503900.0
1607,2021-10-22 02:35:58,41550.0,100.0,503500.0
1608,2021-10-22 02:35:43,41550.0,400.0,503400.0
1609,2021-10-22 02:35:43,41550.0,2500.0,503000.0
1610,2021-10-22 02:35:24,41550.0,400.0,500500.0
1611,2021-10-22 02:35:21,41550.0,100.0,500100.0
1612,2021-10-22 02:35:19,41550.0,100.0,500000.0
1613,2021-10-22 02:35:19,41550.0,3000.0,499900.0
1614,2021-10-22 02:35:19,41550.0,400.0,496900.0
1615,2021-10-22 02:35:17,41600.0,100.0,496500.0
1616,2021-10-22 02:35:09,41600.0,100.0,496400.0
1617,2021-10-22 02:34:48,41600.0,1000.0,496300.0
1618,2021-10-22 02:34:33,41600.0,1000.0,495300.0
1619,2021-10-22 02:34:33,41600.0,600.0,494300.0
1620,2021-10-22 02:33:41,41600.0,100.0,493700.0
1621,2021-10-22 02:33:36,41600.0,300.0,493600.0
1622,2021-10-22 02:33:36,41600.0,200.0,493300.0
1623,2021-10-22 02:33:20,41600.0,300.0,493100.0
1624,2021-10-22 02:33:15,41600.0,200.0,492800.0
1625,2021-10-22 02:33:10,41550.0,100.0,492600.0
1626,2021-10-22 02:33:05,41600.0,1000.0,492500.0
1627,2021-10-22 02:32:59,41600.0,3300.0,491500.0
1628,2021-10-22 02:32:52,41600.0,4800.0,488200.0
1629,2021-10-22 02:32:52,41550.0,2400.0,483400.0
1630,2021-10-22 02:32:41,41550.0,600.0,481000.0
1631,2021-10-22 02:32:23,41500.0,100.0,480400.0
1632,2021-10-22 02:32:21,41600.0,9500.0,480300.0
1633,2021-10-22 02:32:21,41550.0,200.0,470800.0
1634,2021-10-22 02:32:19,41550.0,1000.0,470600.0
1635,2021-10-22 02:32:19,41550.0,200.0,469600.0
1636,2021-10-22 02:32:14,41550.0,600.0,469400.0
1637,2021-10-22 02:31:47,41500.0,200.0,468800.0
1638,2021-10-22 02:31:36,41500.0,2000.0,468600.0
1639,2021-10-22 02:31:19,41400.0,200.0,466600.0
1640,2021-10-22 02:31:17,41400.0,300.0,466400.0
1641,2021-10-22 02:31:13,41400.0,200.0,466100.0
1642,2021-10-22 02:31:12,41400.0,100.0,465900.0
1643,2021-10-22 02:31:12,41400.0,100.0,465800.0
1644,2021-10-22 02:31:12,41400.0,300.0,465700.0
1645,2021-10-22 02:31:12,41400.0,100.0,465400.0
1646,2021-10-22 02:31:12,41400.0,900.0,465300.0
1647,2021-10-22 02:31:09,41400.0,100.0,464400.0
1648,2021-10-22 02:31:08,41400.0,4300.0,464300.0
1649,2021-10-22 02:31:04,41350.0,300.0,460000.0
1650,2021-10-22 02:30:54,41400.0,6100.0,459700.0
1651,2021-10-22 02:30:51,41400.0,2800.0,453600.0
1652,2021-10-22 02:30:51,41400.0,900.0,450800.0
1653,2021-10-22 02:30:51,41400.0,100.0,449900.0
1654,2021-10-22 02:30:51,41400.0,100.0,449800.0
1655,2021-10-22 02:30:50,41400.0,300.0,449700.0
1656,2021-10-22 02:30:49,41400.0,200.0,449400.0
1657,2021-10-22 02:30:49,41400.0,200.0,449200.0
1658,2021-10-22 02:30:49,41400.0,1000.0,449000.0
1659,2021-10-22 02:30:49,41400.0,200.0,448000.0
1660,2021-10-22 02:30:49,41400.0,100.0,447800.0
1661,2021-10-22 02:30:49,41400.0,5000.0,447700.0
1662,2021-10-22 02:30:49,41400.0,200.0,442700.0
1663,2021-10-22 02:30:49,41500.0,5000.0,442500.0
1664,2021-10-22 02:30:49,41500.0,100.0,437500.0
1665,2021-10-22 02:30:49,41500.0,1600.0,437400.0
1666,2021-10-22 02:30:45,41500.0,100.0,435800.0
1667,2021-10-22 02:30:39,41500.0,5000.0,435700.0
1668,2021-10-22 02:30:35,41500.0,700.0,430700.0
1669,2021-10-22 02:30:29,41500.0,300.0,430000.0
1670,2021-10-22 02:30:24,41500.0,100.0,429700.0
1671,2021-10-22 02:30:24,41500.0,4200.0,429600.0
1672,2021-10-22 02:30:19,41500.0,700.0,425400.0
1673,2021-10-22 02:30:11,41500.0,200.0,424700.0
1674,2021-10-22 02:30:10,41500.0,100.0,424500.0
1675,2021-10-22 02:30:03,41500.0,100.0,424400.0
1676,2021-10-22 02:30:02,41500.0,1000.0,424300.0
1677,2021-10-22 02:29:59,41500.0,300.0,423300.0
1678,2021-10-22 02:29:58,41500.0,500.0,423000.0
1679,2021-10-22 02:29:58,41500.0,200.0,422500.0
1680,2021-10-22 02:29:58,41500.0,400.0,422300.0
1681,2021-10-22 02:29:58,41500.0,100.0,421900.0
1682,2021-10-22 02:29:58,41500.0,300.0,421800.0
1683,2021-10-22 02:29:58,41500.0,1000.0,421500.0
1684,2021-10-22 02:29:58,41500.0,900.0,420500.0
1685,2021-10-22 02:29:46,41650.0,400.0,419600.0
1686,2021-10-22 02:29:41,41650.0,500.0,419200.0
1687,2021-10-22 02:29:41,41650.0,3600.0,418700.0
1688,2021-10-22 02:29:40,41650.0,100.0,415100.0
1689,2021-10-22 02:29:40,41650.0,900.0,415000.0
1690,2021-10-22 02:29:40,41650.0,100.0,414100.0
1691,2021-10-22 02:29:40,41650.0,300.0,414000.0
1692,2021-10-22 02:29:36,41500.0,2100.0,413700.0
1693,2021-10-22 02:29:36,41500.0,100.0,411600.0
1694,2021-10-22 02:29:36,41500.0,5800.0,411500.0
1695,2021-10-22 02:29:36,41600.0,100.0,405700.0
1696,2021-10-22 02:29:36,41600.0,1900.0,405600.0
1697,2021-10-22 02:29:34,41600.0,100.0,403700.0
1698,2021-10-22 02:29:34,41600.0,100.0,403600.0
1699,2021-10-22 02:29:34,41600.0,100.0,403500.0
1700,2021-10-22 02:29:23,41500.0,10000.0,403400.0
1701,2021-10-22 02:29:23,41650.0,100.0,393400.0
1702,2021-10-22 02:29:23,41650.0,900.0,393300.0
1703,2021-10-22 02:29:22,41650.0,100.0,392400.0
1704,2021-10-22 02:29:22,41600.0,200.0,392300.0
1705,2021-10-22 02:29:22,41600.0,100.0,392100.0
1706,2021-10-22 02:29:15,41600.0,100.0,392000.0
1707,2021-10-22 02:29:06,41500.0,1300.0,391900.0
1708,2021-10-22 02:28:58,41650.0,2000.0,390600.0
1709,2021-10-22 02:28:57,41500.0,2000.0,388600.0
1710,2021-10-22 02:28:54,41500.0,200.0,386600.0
1711,2021-10-22 02:28:43,41500.0,700.0,386400.0
1712,2021-10-22 02:28:43,41500.0,1000.0,385700.0
1713,2021-10-22 02:28:43,41500.0,300.0,384700.0
1714,2021-10-22 02:28:43,41500.0,1000.0,384400.0
1715,2021-10-22 02:28:43,41500.0,500.0,383400.0
1716,2021-10-22 02:28:43,41500.0,500.0,382900.0
1717,2021-10-22 02:28:43,41500.0,800.0,382400.0
1718,2021-10-22 02:28:43,41600.0,200.0,381600.0
1719,2021-10-22 02:28:28,41650.0,100.0,381400.0
1720,2021-10-22 02:28:28,41650.0,900.0,381300.0
1721,2021-10-22 02:28:28,41650.0,100.0,380400.0
1722,2021-10-22 02:28:27,41650.0,300.0,380300.0
1723,2021-10-22 02:28:26,41600.0,100.0,380000.0
1724,2021-10-22 02:28:26,41600.0,100.0,379900.0
1725,2021-10-22 02:28:26,41600.0,300.0,379800.0
1726,2021-10-22 02:28:25,41650.0,100.0,379500.0
1727,2021-10-22 02:28:21,41650.0,100.0,379400.0
1728,2021-10-22 02:28:19,41650.0,1000.0,379300.0
1729,2021-10-22 02:28:06,41650.0,200.0,378300.0
1730,2021-10-22 02:28:06,41650.0,500.0,378100.0
1731,2021-10-22 02:28:06,41650.0,8600.0,377600.0
1732,2021-10-22 02:28:05,41700.0,100.0,369000.0
1733,2021-10-22 02:27:57,41700.0,200.0,368900.0
1734,2021-10-22 02:27:56,41700.0,200.0,368700.0
1735,2021-10-22 02:27:56,41700.0,1000.0,368500.0
1736,2021-10-22 02:27:56,41700.0,300.0,367500.0
1737,2021-10-22 02:27:51,41700.0,1800.0,367200.0
1738,2021-10-22 02:27:46,41700.0,100.0,365400.0
1739,2021-10-22 02:27:45,41700.0,100.0,365300.0
1740,2021-10-22 02:27:36,41700.0,200.0,365200.0
1741,2021-10-22 02:27:36,41700.0,400.0,365000.0
1742,2021-10-22 02:27:36,41700.0,200.0,364600.0
1743,2021-10-22 02:27:36,41700.0,2200.0,364400.0
1744,2021-10-22 02:27:34,41700.0,500.0,362200.0
1745,2021-10-22 02:27:15,41700.0,100.0,361700.0
1746,2021-10-22 02:27:08,41650.0,900.0,361600.0
1747,2021-10-22 02:27:08,41650.0,100.0,360700.0
1748,2021-10-22 02:27:08,41650.0,1000.0,360600.0
1749,2021-10-22 02:26:53,41700.0,1100.0,359600.0
1750,2021-10-22 02:26:53,41700.0,1000.0,358500.0
1751,2021-10-22 02:26:53,41700.0,100.0,357500.0
1752,2021-10-22 02:26:08,41800.0,100.0,357400.0
1753,2021-10-22 02:25:52,41800.0,200.0,357300.0
1754,2021-10-22 02:25:37,41800.0,500.0,357100.0
1755,2021-10-22 02:25:29,41800.0,100.0,356600.0
1756,2021-10-22 02:25:26,41800.0,1000.0,356500.0
1757,2021-10-22 02:25:06,41800.0,100.0,355500.0
1758,2021-10-22 02:25:06,41900.0,800.0,355400.0
1759,2021-10-22 02:24:51,41900.0,900.0,354600.0
1760,2021-10-22 02:24:50,41900.0,500.0,353700.0
1761,2021-10-22 02:24:44,41900.0,100.0,353200.0
1762,2021-10-22 02:24:40,41900.0,1000.0,353100.0
1763,2021-10-22 02:24:40,41900.0,2500.0,352100.0
1764,2021-10-22 02:24:40,41900.0,12500.0,349600.0
1765,2021-10-22 02:24:37,41900.0,1000.0,337100.0
1766,2021-10-22 02:24:30,41900.0,300.0,336100.0
1767,2021-10-22 02:24:23,41900.0,300.0,335800.0
1768,2021-10-22 02:24:21,41900.0,1900.0,335500.0
1769,2021-10-22 02:24:18,41900.0,500.0,333600.0
1770,2021-10-22 02:24:18,41900.0,5600.0,333100.0
1771,2021-10-22 02:24:15,41900.0,1000.0,327500.0
1772,2021-10-22 02:24:15,41900.0,500.0,326500.0
1773,2021-10-22 02:24:13,41900.0,2900.0,326000.0
1774,2021-10-22 02:23:55,41900.0,100.0,323100.0
1775,2021-10-22 02:23:23,42000.0,3000.0,323000.0
1776,2021-10-22 02:23:03,41500.0,200.0,320000.0
1777,2021-10-22 02:23:03,41500.0,4800.0,319800.0
1778,2021-10-22 02:23:03,41600.0,2000.0,315000.0
1779,2021-10-22 02:23:03,41600.0,1100.0,313000.0
1780,2021-10-22 02:23:03,41600.0,500.0,311900.0
1781,2021-10-22 02:23:03,41600.0,1000.0,311400.0
1782,2021-10-22 02:23:03,41600.0,2000.0,310400.0
1783,2021-10-22 02:23:03,41800.0,200.0,308400.0
1784,2021-10-22 02:23:03,41800.0,100.0,308200.0
1785,2021-10-22 02:23:03,41800.0,100.0,308100.0
1786,2021-10-22 02:23:03,41850.0,3000.0,308000.0
1787,2021-10-22 02:23:00,42000.0,2000.0,305000.0
1788,2021-10-22 02:23:00,42000.0,1600.0,303000.0
1789,2021-10-22 02:22:55,42000.0,3400.0,301400.0
1790,2021-10-22 02:22:55,42000.0,6600.0,298000.0
1791,2021-10-22 02:22:52,42000.0,100.0,291400.0
1792,2021-10-22 02:22:51,42000.0,300.0,291300.0
1793,2021-10-22 02:22:46,42000.0,2000.0,291000.0
1794,2021-10-22 02:22:33,42000.0,100.0,289000.0
1795,2021-10-22 02:22:33,42100.0,200.0,288900.0
1796,2021-10-22 02:22:33,42100.0,100.0,288700.0
1797,2021-10-22 02:22:33,42100.0,1600.0,288600.0
1798,2021-10-22 02:22:33,42050.0,100.0,287000.0
1799,2021-10-22 02:22:28,42000.0,1900.0,286900.0
1800,2021-10-22 02:22:24,42000.0,300.0,285000.0
1801,2021-10-22 02:22:24,42000.0,200.0,284700.0
1802,2021-10-22 02:22:24,42000.0,100.0,284500.0
1803,2021-10-22 02:22:24,42000.0,100.0,284400.0
1804,2021-10-22 02:22:24,42000.0,200.0,284300.0
1805,2021-10-22 02:22:24,42000.0,400.0,284100.0
1806,2021-10-22 02:22:24,42000.0,100.0,283700.0
1807,2021-10-22 02:22:24,42000.0,1100.0,283600.0
1808,2021-10-22 02:22:24,42000.0,5600.0,282500.0
1809,2021-10-22 02:22:23,42000.0,1000.0,276900.0
1810,2021-10-22 02:22:11,42100.0,200.0,275900.0
1811,2021-10-22 02:22:07,42100.0,1000.0,275700.0
1812,2021-10-22 02:22:02,42100.0,200.0,274700.0
1813,2021-10-22 02:21:58,42100.0,100.0,274500.0
1814,2021-10-22 02:21:55,42300.0,1200.0,274400.0
1815,2021-10-22 02:21:55,42300.0,1000.0,273200.0
1816,2021-10-22 02:21:55,42300.0,100.0,272200.0
1817,2021-10-22 02:21:55,42300.0,3000.0,272100.0
1818,2021-10-22 02:21:55,42300.0,100.0,269100.0
1819,2021-10-22 02:21:55,42200.0,100.0,269000.0
1820,2021-10-22 02:21:55,42200.0,300.0,268900.0
1821,2021-10-22 02:21:55,42200.0,300.0,268600.0
1822,2021-10-22 02:21:55,42200.0,100.0,268300.0
1823,2021-10-22 02:21:55,42200.0,200.0,268200.0
1824,2021-10-22 02:21:55,42200.0,100.0,268000.0
1825,2021-10-22 02:21:55,42200.0,100.0,267900.0
1826,2021-10-22 02:21:55,42200.0,500.0,267800.0
1827,2021-10-22 02:21:55,42200.0,1000.0,267300.0
1828,2021-10-22 02:21:55,42200.0,100.0,266300.0
1829,2021-10-22 02:21:55,42200.0,100.0,266200.0
1830,2021-10-22 02:21:55,42200.0,100.0,266100.0
1831,2021-10-22 02:21:55,42200.0,1000.0,266000.0
1832,2021-10-22 02:21:55,42200.0,100.0,265000.0
1833,2021-10-22 02:21:55,42200.0,2100.0,264900.0
1834,2021-10-22 02:21:55,42100.0,500.0,262800.0
1835,2021-10-22 02:21:55,42100.0,900.0,262300.0
1836,2021-10-22 02:21:52,42100.0,100.0,261400.0
1837,2021-10-22 02:21:51,42200.0,1000.0,261300.0
1838,2021-10-22 02:21:49,42100.0,300.0,260300.0
1839,2021-10-22 02:21:43,42100.0,100.0,260000.0
1840,2021-10-22 02:21:40,42100.0,100.0,259900.0
1841,2021-10-22 02:21:39,42100.0,100.0,259800.0
1842,2021-10-22 02:21:39,42100.0,1300.0,259700.0
1843,2021-10-22 02:21:26,42000.0,100.0,258400.0
1844,2021-10-22 02:21:25,42000.0,1000.0,258300.0
1845,2021-10-22 02:21:24,42000.0,1000.0,257300.0
1846,2021-10-22 02:21:22,42000.0,200.0,256300.0
1847,2021-10-22 02:21:11,42000.0,100.0,256100.0
1848,2021-10-22 02:21:07,42000.0,1500.0,256000.0
1849,2021-10-22 02:21:06,42000.0,100.0,254500.0
1850,2021-10-22 02:21:06,42000.0,400.0,254400.0
1851,2021-10-22 02:21:03,42000.0,1600.0,254000.0
1852,2021-10-22 02:21:01,42000.0,1000.0,252400.0
1853,2021-10-22 02:20:59,42000.0,1000.0,251400.0
1854,2021-10-22 02:20:59,42000.0,100.0,250400.0
1855,2021-10-22 02:20:59,42000.0,6300.0,250300.0
1856,2021-10-22 02:20:44,42000.0,300.0,244000.0
1857,2021-10-22 02:20:44,42000.0,2000.0,243700.0
1858,2021-10-22 02:20:44,42000.0,700.0,241700.0
1859,2021-10-22 02:20:44,42000.0,400.0,241000.0
1860,2021-10-22 02:20:44,42000.0,200.0,240600.0
1861,2021-10-22 02:20:44,42000.0,100.0,240400.0
1862,2021-10-22 02:20:41,42200.0,200.0,240300.0
1863,2021-10-22 02:20:34,42200.0,6700.0,240100.0
1864,2021-10-22 02:20:33,42300.0,100.0,233400.0
1865,2021-10-22 02:20:33,42300.0,200.0,233300.0
1866,2021-10-22 02:20:33,42200.0,2100.0,233100.0
1867,2021-10-22 02:20:28,42300.0,200.0,231000.0
1868,2021-10-22 02:20:28,42300.0,100.0,230800.0
1869,2021-10-22 02:20:25,42300.0,900.0,230700.0
1870,2021-10-22 02:20:25,42300.0,5000.0,229800.0
1871,2021-10-22 02:20:25,42300.0,2000.0,224800.0
1872,2021-10-22 02:20:25,42300.0,1000.0,222800.0
1873,2021-10-22 02:20:25,42300.0,100.0,221800.0
1874,2021-10-22 02:20:24,42200.0,200.0,221700.0
1875,2021-10-22 02:20:17,42200.0,1000.0,221500.0
1876,2021-10-22 02:20:16,42450.0,100.0,220500.0
1877,2021-10-22 02:20:16,42450.0,1700.0,220400.0
1878,2021-10-22 02:20:16,42400.0,500.0,218700.0
1879,2021-10-22 02:20:16,42400.0,3500.0,218200.0
1880,2021-10-22 02:20:16,42400.0,5000.0,214700.0
1881,2021-10-22 02:20:16,42400.0,1000.0,209700.0
1882,2021-10-22 02:20:16,42400.0,600.0,208700.0
1883,2021-10-22 02:20:16,42300.0,300.0,208100.0
1884,2021-10-22 02:20:16,42300.0,1100.0,207800.0
1885,2021-10-22 02:20:16,42300.0,1000.0,206700.0
1886,2021-10-22 02:20:16,42300.0,300.0,205700.0
1887,2021-10-22 02:20:16,42300.0,4900.0,205400.0
1888,2021-10-22 02:20:15,42300.0,100.0,200500.0
1889,2021-10-22 02:20:03,42300.0,100.0,200400.0
1890,2021-10-22 02:19:55,42300.0,700.0,200300.0
1891,2021-10-22 02:19:55,42300.0,10000.0,199600.0
1892,2021-10-22 02:19:50,42300.0,1700.0,189600.0
1893,2021-10-22 02:19:37,42450.0,8700.0,187900.0
1894,2021-10-22 02:19:37,42300.0,300.0,179200.0
1895,2021-10-22 02:19:35,42450.0,800.0,178900.0
1896,2021-10-22 02:19:35,42400.0,100.0,178100.0
1897,2021-10-22 02:19:32,42450.0,4500.0,178000.0
1898,2021-10-22 02:19:32,42400.0,2500.0,173500.0
1899,2021-10-22 02:19:32,42400.0,300.0,171000.0
1900,2021-10-22 02:19:32,42400.0,500.0,170700.0
1901,2021-10-22 02:19:32,42400.0,100.0,170200.0
1902,2021-10-22 02:19:32,42400.0,300.0,170100.0
1903,2021-10-22 02:19:32,42200.0,500.0,169800.0
1904,2021-10-22 02:19:32,42200.0,100.0,169300.0
1905,2021-10-22 02:19:24,42400.0,200.0,169200.0
1906,2021-10-22 02:19:24,42400.0,500.0,169000.0
1907,2021-10-22 02:19:24,42300.0,2000.0,168500.0
1908,2021-10-22 02:19:24,42200.0,400.0,166500.0
1909,2021-10-22 02:19:23,42200.0,1000.0,166100.0
1910,2021-10-22 02:19:20,42200.0,2000.0,165100.0
1911,2021-10-22 02:19:19,42300.0,8000.0,163100.0
1912,2021-10-22 02:19:19,42300.0,1000.0,155100.0
1913,2021-10-22 02:19:19,42200.0,500.0,154100.0
1914,2021-10-22 02:19:19,42200.0,100.0,153600.0
1915,2021-10-22 02:19:19,42200.0,400.0,153500.0
1916,2021-10-22 02:19:14,42200.0,600.0,153100.0
1917,2021-10-22 02:19:05,42200.0,500.0,152500.0
1918,2021-10-22 02:18:53,42000.0,1000.0,152000.0
1919,2021-10-22 02:18:52,42000.0,3000.0,151000.0
1920,2021-10-22 02:18:52,42000.0,500.0,148000.0
1921,2021-10-22 02:18:52,42000.0,300.0,147500.0
1922,2021-10-22 02:18:52,41800.0,100.0,147200.0
1923,2021-10-22 02:18:51,41600.0,200.0,147100.0
1924,2021-10-22 02:18:50,41800.0,100.0,146900.0
1925,2021-10-22 02:18:50,41800.0,1000.0,146800.0
1926,2021-10-22 02:18:50,41700.0,1900.0,145800.0
1927,2021-10-22 02:18:45,41700.0,3000.0,143900.0
1928,2021-10-22 02:18:44,41700.0,100.0,140900.0
1929,2021-10-22 02:18:43,41700.0,500.0,140800.0
1930,2021-10-22 02:18:39,41700.0,1000.0,140300.0
1931,2021-10-22 02:18:39,42000.0,3500.0,139300.0
1932,2021-10-22 02:18:38,42000.0,100.0,135800.0
1933,2021-10-22 02:18:38,42000.0,200.0,135700.0
1934,2021-10-22 02:18:38,42000.0,1000.0,135500.0
1935,2021-10-22 02:18:38,42000.0,200.0,134500.0
1936,2021-10-22 02:18:38,42000.0,100.0,134300.0
1937,2021-10-22 02:18:38,42000.0,200.0,134200.0
1938,2021-10-22 02:18:38,42000.0,1000.0,134000.0
1939,2021-10-22 02:18:38,42000.0,1000.0,133000.0
1940,2021-10-22 02:18:38,42000.0,200.0,132000.0
1941,2021-10-22 02:18:38,42000.0,200.0,131800.0
1942,2021-10-22 02:18:38,42000.0,100.0,131600.0
1943,2021-10-22 02:18:38,42000.0,200.0,131500.0
1944,2021-10-22 02:18:38,42000.0,100.0,131300.0
1945,2021-10-22 02:18:38,42000.0,400.0,131200.0
1946,2021-10-22 02:18:38,42000.0,200.0,130800.0
1947,2021-10-22 02:18:38,42000.0,300.0,130600.0
1948,2021-10-22 02:18:38,42000.0,100.0,130300.0
1949,2021-10-22 02:18:38,42000.0,500.0,130200.0
1950,2021-10-22 02:18:38,42000.0,400.0,129700.0
1951,2021-10-22 02:18:38,41950.0,3000.0,129300.0
1952,2021-10-22 02:18:38,41900.0,100.0,126300.0
1953,2021-10-22 02:18:38,41900.0,200.0,126200.0
1954,2021-10-22 02:18:38,41900.0,100.0,126000.0
1955,2021-10-22 02:18:38,41900.0,1000.0,125900.0
1956,2021-10-22 02:18:38,41900.0,100.0,124900.0
1957,2021-10-22 02:18:38,41800.0,500.0,124800.0
1958,2021-10-22 02:18:38,41800.0,1000.0,124300.0
1959,2021-10-22 02:18:38,41800.0,200.0,123300.0
1960,2021-10-22 02:18:38,41800.0,100.0,123100.0
1961,2021-10-22 02:18:38,41800.0,700.0,123000.0
1962,2021-10-22 02:18:32,41800.0,300.0,122300.0
1963,2021-10-22 02:18:32,41800.0,100.0,122000.0
1964,2021-10-22 02:18:32,41700.0,100.0,121900.0
1965,2021-10-22 02:18:32,41700.0,400.0,121800.0
1966,2021-10-22 02:18:32,41700.0,100.0,121400.0
1967,2021-10-22 02:18:12,41600.0,4500.0,121300.0
1968,2021-10-22 02:18:12,41700.0,400.0,116800.0
1969,2021-10-22 02:18:12,41700.0,100.0,116400.0
1970,2021-10-22 02:18:10,41600.0,500.0,116300.0
1971,2021-10-22 02:18:01,41600.0,200.0,115800.0
1972,2021-10-22 02:18:01,41600.0,700.0,115600.0
1973,2021-10-22 02:17:58,41600.0,1800.0,114900.0
1974,2021-10-22 02:17:58,41600.0,1000.0,113100.0
1975,2021-10-22 02:17:54,41500.0,200.0,112100.0
1976,2021-10-22 02:17:54,41500.0,200.0,111900.0
1977,2021-10-22 02:17:54,41500.0,1600.0,111700.0
1978,2021-10-22 02:17:50,41500.0,500.0,110100.0
1979,2021-10-22 02:17:50,41600.0,2200.0,109600.0
1980,2021-10-22 02:17:49,41500.0,100.0,107400.0
1981,2021-10-22 02:17:48,41500.0,100.0,107300.0
1982,2021-10-22 02:17:37,41500.0,200.0,107200.0
1983,2021-10-22 02:17:29,41500.0,1000.0,107000.0
1984,2021-10-22 02:17:29,41500.0,200.0,106000.0
1985,2021-10-22 02:17:29,41500.0,100.0,105800.0
1986,2021-10-22 02:17:29,41500.0,200.0,105700.0
1987,2021-10-22 02:17:29,41500.0,3000.0,105500.0
1988,2021-10-22 02:17:29,41500.0,200.0,102500.0
1989,2021-10-22 02:17:29,41500.0,100.0,102300.0
1990,2021-10-22 02:17:29,41500.0,100.0,102200.0
1991,2021-10-22 02:17:29,41500.0,300.0,102100.0
1992,2021-10-22 02:17:29,41500.0,200.0,101800.0
1993,2021-10-22 02:17:29,41500.0,100.0,101600.0
1994,2021-10-22 02:17:29,41500.0,6000.0,101500.0
1995,2021-10-22 02:17:29,41500.0,1000.0,95500.0
1996,2021-10-22 02:17:29,41500.0,200.0,94500.0
1997,2021-10-22 02:17:29,41500.0,200.0,94300.0
1998,2021-10-22 02:17:29,41500.0,100.0,94100.0
1999,2021-10-22 02:17:29,41500.0,1500.0,94000.0
2000,2021-10-22 02:17:28,41400.0,1000.0,92500.0
2001,2021-10-22 02:17:27,41400.0,500.0,91500.0
2002,2021-10-22 02:17:25,41400.0,500.0,91000.0
2003,2021-10-22 02:17:25,41400.0,300.0,90500.0
2004,2021-10-22 02:17:25,41400.0,100.0,90200.0
2005,2021-10-22 02:17:25,41400.0,1000.0,90100.0
2006,2021-10-22 02:17:25,41400.0,100.0,89100.0
2007,2021-10-22 02:17:22,41300.0,700.0,89000.0
2008,2021-10-22 02:17:22,41300.0,1100.0,88300.0
2009,2021-10-22 02:17:13,41300.0,1400.0,87200.0
2010,2021-10-22 02:17:12,41300.0,400.0,85800.0
2011,2021-10-22 02:17:07,41300.0,1200.0,85400.0
2012,2021-10-22 02:17:05,41300.0,200.0,84200.0
2013,2021-10-22 02:17:05,41300.0,200.0,84000.0
2014,2021-10-22 02:17:05,41300.0,1000.0,83800.0
2015,2021-10-22 02:17:05,41300.0,1000.0,82800.0
2016,2021-10-22 02:17:05,41300.0,900.0,81800.0
2017,2021-10-22 02:17:03,41200.0,500.0,80900.0
2018,2021-10-22 02:16:51,41200.0,100.0,80400.0
2019,2021-10-22 02:16:50,41300.0,1100.0,80300.0
2020,2021-10-22 02:16:50,41300.0,800.0,79200.0
2021,2021-10-22 02:16:50,41300.0,100.0,78400.0
2022,2021-10-22 02:16:40,41300.0,200.0,78300.0
2023,2021-10-22 02:16:40,41300.0,300.0,78100.0
2024,2021-10-22 02:16:40,41300.0,500.0,77800.0
2025,2021-10-22 02:16:24,41300.0,500.0,77300.0
2026,2021-10-22 02:16:22,41300.0,100.0,76800.0
2027,2021-10-22 02:16:21,41000.0,200.0,76700.0
2028,2021-10-22 02:16:21,41000.0,400.0,76500.0
2029,2021-10-22 02:16:21,41100.0,500.0,76100.0
2030,2021-10-22 02:16:19,41300.0,200.0,75600.0
2031,2021-10-22 02:16:16,41300.0,400.0,75400.0
2032,2021-10-22 02:16:16,41300.0,100.0,75000.0
2033,2021-10-22 02:16:16,41300.0,500.0,74900.0
2034,2021-10-22 02:16:16,41300.0,3100.0,74400.0
2035,2021-10-22 02:16:16,41200.0,700.0,71300.0
2036,2021-10-22 02:16:16,41200.0,500.0,70600.0
2037,2021-10-22 02:16:16,41200.0,300.0,70100.0
2038,2021-10-22 02:16:16,41200.0,200.0,69800.0
2039,2021-10-22 02:16:14,41200.0,300.0,69600.0
2040,2021-10-22 02:16:07,41300.0,800.0,69300.0
2041,2021-10-22 02:16:02,41300.0,1000.0,68500.0
2042,2021-10-22 02:16:01,41300.0,1500.0,67500.0
2043,2021-10-22 02:16:00,41300.0,3000.0,66000.0
2044,2021-10-22 02:16:00,41300.0,600.0,63000.0
2045,2021-10-22 02:15:55,41300.0,100.0,62400.0
2046,2021-10-22 02:15:52,41300.0,100.0,62300.0
2047,2021-10-22 02:15:43,41300.0,1000.0,62200.0
2048,2021-10-22 02:15:37,41300.0,200.0,61200.0
2049,2021-10-22 02:15:37,41300.0,1000.0,61000.0
2050,2021-10-22 02:15:37,41300.0,800.0,60000.0
2051,2021-10-22 02:15:36,41300.0,200.0,59200.0
2052,2021-10-22 02:15:36,41300.0,300.0,59000.0
2053,2021-10-22 02:15:32,41300.0,100.0,58700.0
2054,2021-10-22 02:15:15,41300.0,100.0,58600.0
2055,2021-10-22 02:15:15,41400.0,5000.0,58500.0
2056,2021-10-22 02:15:15,41400.0,500.0,53500.0
2057,2021-10-22 02:15:15,41400.0,300.0,53000.0
2058,2021-10-22 02:15:15,41400.0,200.0,52700.0
2059,2021-10-22 02:15:15,41400.0,1000.0,52500.0
2060,2021-10-22 02:15:15,41400.0,200.0,51500.0
2061,2021-10-22 02:15:15,41400.0,1000.0,51300.0
2062,2021-10-22 02:15:15,41400.0,300.0,50300.0
2063,2021-10-22 02:15:15,41400.0,100.0,50000.0
2064,2021-10-22 02:15:15,41400.0,1000.0,49900.0
2065,2021-10-22 02:15:15,41400.0,300.0,48900.0
2066,2021-10-22 02:15:00,41500.0,100.0,48600.0
2067,2021-10-22 02:15:00,41500.0,500.0,48500.0
2068,2021-10-22 02:15:00,41500.0,300.0,48000.0
2069,2021-10-22 02:15:00,41500.0,1000.0,47700.0
2070,2021-10-22 02:15:00,41500.0,200.0,46700.0
2071,2021-10-22 02:15:00,41500.0,300.0,46500.0
2072,2021-10-22 02:15:00,41500.0,800.0,46200.0
2073,2021-10-22 02:15:00,41500.0,300.0,45400.0
