,Time,Price,Volume_per_trade,Volume
0,2021-10-12 07:45:00,69500.0,200.0,207700.0
1,2021-10-12 07:45:00,69500.0,200.0,207500.0
2,2021-10-12 07:45:00,69500.0,100.0,207300.0
3,2021-10-12 07:45:00,69500.0,100.0,207200.0
4,2021-10-12 07:45:00,69500.0,400.0,207100.0
5,2021-10-12 07:45:00,69500.0,1000.0,206700.0
6,2021-10-12 07:45:00,69500.0,600.0,205700.0
7,2021-10-12 07:45:00,69500.0,400.0,205100.0
8,2021-10-12 07:45:00,69500.0,100.0,204700.0
9,2021-10-12 07:27:19,69600.0,100.0,204600.0
10,2021-10-12 07:27:04,69600.0,100.0,204500.0
11,2021-10-12 07:27:04,69600.0,100.0,204400.0
12,2021-10-12 07:27:04,69600.0,900.0,204300.0
13,2021-10-12 07:26:28,69600.0,100.0,203400.0
14,2021-10-12 07:25:22,69700.0,1000.0,203300.0
15,2021-10-12 07:23:01,69600.0,1500.0,202300.0
16,2021-10-12 07:22:51,69600.0,100.0,200800.0
17,2021-10-12 07:22:43,69600.0,200.0,200700.0
18,2021-10-12 07:21:05,69600.0,800.0,200500.0
19,2021-10-12 07:21:05,69600.0,200.0,199700.0
20,2021-10-12 07:19:54,69600.0,500.0,199500.0
21,2021-10-12 07:18:50,70000.0,1000.0,199000.0
22,2021-10-12 07:16:15,70000.0,200.0,198000.0
23,2021-10-12 07:10:16,70000.0,200.0,197800.0
24,2021-10-12 07:08:52,69500.0,700.0,197600.0
25,2021-10-12 07:08:20,69500.0,1000.0,196900.0
26,2021-10-12 07:08:11,69500.0,200.0,195900.0
27,2021-10-12 07:07:51,69500.0,100.0,195700.0
28,2021-10-12 07:07:51,69500.0,900.0,195600.0
29,2021-10-12 07:07:35,69500.0,100.0,194700.0
30,2021-10-12 07:05:38,69500.0,100.0,194600.0
31,2021-10-12 07:04:56,69500.0,1000.0,194500.0
32,2021-10-12 07:00:39,69500.0,200.0,193500.0
33,2021-10-12 06:59:27,69500.0,200.0,193300.0
34,2021-10-12 06:57:56,69500.0,100.0,193100.0
35,2021-10-12 06:57:01,69500.0,500.0,193000.0
36,2021-10-12 06:55:52,69500.0,100.0,192500.0
37,2021-10-12 06:55:51,69500.0,500.0,192400.0
38,2021-10-12 06:55:51,69500.0,400.0,191900.0
39,2021-10-12 06:55:51,69500.0,1200.0,191500.0
40,2021-10-12 06:55:51,69500.0,500.0,190300.0
41,2021-10-12 06:55:51,69500.0,100.0,189800.0
42,2021-10-12 06:55:51,69500.0,1000.0,189700.0
43,2021-10-12 06:54:13,69600.0,1000.0,188700.0
44,2021-10-12 06:50:35,69600.0,100.0,187700.0
45,2021-10-12 06:50:35,69600.0,1200.0,187600.0
46,2021-10-12 06:50:03,69600.0,800.0,186400.0
47,2021-10-12 06:50:03,69600.0,100.0,185600.0
48,2021-10-12 06:50:03,69600.0,600.0,185500.0
49,2021-10-12 06:43:07,69600.0,1200.0,184900.0
50,2021-10-12 06:43:07,69600.0,1000.0,183700.0
51,2021-10-12 06:43:07,69600.0,2200.0,182700.0
52,2021-10-12 06:42:19,69600.0,200.0,180500.0
53,2021-10-12 06:36:08,69500.0,700.0,180300.0
54,2021-10-12 06:35:59,69600.0,100.0,179600.0
55,2021-10-12 06:35:27,69600.0,100.0,179500.0
56,2021-10-12 06:35:10,69600.0,2000.0,179400.0
57,2021-10-12 06:35:09,69600.0,3000.0,177400.0
58,2021-10-12 06:34:58,69600.0,300.0,174400.0
59,2021-10-12 06:34:18,69600.0,500.0,174100.0
60,2021-10-12 06:34:16,69600.0,1000.0,173600.0
61,2021-10-12 06:34:16,69600.0,300.0,172600.0
62,2021-10-12 06:34:16,69600.0,300.0,172300.0
63,2021-10-12 06:30:24,69700.0,100.0,172000.0
64,2021-10-12 06:29:23,69700.0,500.0,171900.0
65,2021-10-12 06:29:23,69700.0,400.0,171400.0
66,2021-10-12 06:27:53,69700.0,500.0,171000.0
67,2021-10-12 06:27:19,69700.0,300.0,170500.0
68,2021-10-12 06:25:52,69600.0,1000.0,170200.0
69,2021-10-12 06:25:04,69600.0,1000.0,169200.0
70,2021-10-12 06:25:04,69600.0,100.0,168200.0
71,2021-10-12 06:25:04,69600.0,100.0,168100.0
72,2021-10-12 06:24:56,69600.0,900.0,168000.0
73,2021-10-12 06:24:12,69700.0,200.0,167100.0
74,2021-10-12 06:24:12,69700.0,200.0,166900.0
75,2021-10-12 06:24:12,69700.0,900.0,166700.0
76,2021-10-12 06:22:54,69700.0,100.0,165800.0
77,2021-10-12 06:22:54,69700.0,500.0,165700.0
78,2021-10-12 06:22:54,69700.0,100.0,165200.0
79,2021-10-12 06:21:51,69800.0,200.0,165100.0
80,2021-10-12 06:21:51,69800.0,100.0,164900.0
81,2021-10-12 06:21:51,69800.0,200.0,164800.0
82,2021-10-12 06:21:51,69800.0,100.0,164600.0
83,2021-10-12 06:21:51,69800.0,100.0,164500.0
84,2021-10-12 06:21:25,69800.0,400.0,164400.0
85,2021-10-12 06:21:25,69800.0,100.0,164000.0
86,2021-10-12 06:21:21,70000.0,300.0,163900.0
87,2021-10-12 06:19:43,70000.0,200.0,163600.0
88,2021-10-12 06:19:43,70000.0,500.0,163400.0
89,2021-10-12 06:19:43,70000.0,300.0,162900.0
90,2021-10-12 06:12:57,70000.0,300.0,162600.0
91,2021-10-12 06:12:41,70000.0,700.0,162300.0
92,2021-10-12 06:07:54,70000.0,100.0,161600.0
93,2021-10-12 06:05:01,70000.0,100.0,161500.0
94,2021-10-12 06:04:30,70000.0,300.0,161400.0
95,2021-10-12 06:04:30,70000.0,200.0,161100.0
96,2021-10-12 06:00:13,69800.0,200.0,160900.0
97,2021-10-12 06:00:03,70000.0,300.0,160700.0
98,2021-10-12 06:00:03,70000.0,300.0,160400.0
99,2021-10-12 06:00:01,69800.0,100.0,160100.0
100,2021-10-12 04:28:24,69800.0,900.0,160000.0
101,2021-10-12 04:27:38,69800.0,100.0,159100.0
102,2021-10-12 04:27:09,70000.0,200.0,159000.0
103,2021-10-12 04:27:09,70000.0,100.0,158800.0
104,2021-10-12 04:27:09,70000.0,200.0,158700.0
105,2021-10-12 04:25:41,70000.0,100.0,158500.0
106,2021-10-12 04:18:42,70000.0,900.0,158400.0
107,2021-10-12 04:18:03,70000.0,100.0,157500.0
108,2021-10-12 04:15:34,70000.0,100.0,157400.0
109,2021-10-12 04:10:05,70000.0,100.0,157300.0
110,2021-10-12 04:10:05,70000.0,200.0,157200.0
111,2021-10-12 04:09:50,70000.0,800.0,157000.0
112,2021-10-12 04:09:50,70000.0,200.0,156200.0
113,2021-10-12 04:02:00,70200.0,1000.0,156000.0
114,2021-10-12 03:59:00,70200.0,100.0,155000.0
115,2021-10-12 03:57:54,70300.0,1000.0,154900.0
116,2021-10-12 03:56:42,70000.0,200.0,153900.0
117,2021-10-12 03:56:06,70000.0,100.0,153700.0
118,2021-10-12 03:56:06,70000.0,200.0,153600.0
119,2021-10-12 03:56:06,70200.0,500.0,153400.0
120,2021-10-12 03:54:51,70300.0,1000.0,152900.0
121,2021-10-12 03:54:46,70400.0,100.0,151900.0
122,2021-10-12 03:54:04,70300.0,1000.0,151800.0
123,2021-10-12 03:53:53,70200.0,1500.0,150800.0
124,2021-10-12 03:53:52,70200.0,700.0,149300.0
125,2021-10-12 03:53:40,70200.0,1000.0,148600.0
126,2021-10-12 03:53:25,70200.0,100.0,147600.0
127,2021-10-12 03:53:05,70100.0,100.0,147500.0
128,2021-10-12 03:53:05,70000.0,300.0,147400.0
129,2021-10-12 03:52:45,70000.0,100.0,147100.0
130,2021-10-12 03:52:03,70000.0,1000.0,147000.0
131,2021-10-12 03:51:49,70000.0,800.0,146000.0
132,2021-10-12 03:51:30,70000.0,1000.0,145200.0
133,2021-10-12 03:50:54,70000.0,500.0,144200.0
134,2021-10-12 03:50:25,70000.0,200.0,143700.0
135,2021-10-12 03:50:19,70000.0,800.0,143500.0
136,2021-10-12 03:49:50,70000.0,300.0,142700.0
137,2021-10-12 03:49:50,70000.0,100.0,142400.0
138,2021-10-12 03:49:31,70000.0,400.0,142300.0
139,2021-10-12 03:49:31,70000.0,600.0,141900.0
140,2021-10-12 03:49:31,70000.0,1000.0,141300.0
141,2021-10-12 03:49:31,70000.0,200.0,140300.0
142,2021-10-12 03:49:31,70000.0,2800.0,140100.0
143,2021-10-12 03:48:49,70000.0,200.0,137300.0
144,2021-10-12 03:48:49,70000.0,200.0,137100.0
145,2021-10-12 03:48:49,70000.0,600.0,136900.0
146,2021-10-12 03:48:36,70000.0,400.0,136300.0
147,2021-10-12 03:48:36,70000.0,100.0,135900.0
148,2021-10-12 03:47:28,70000.0,100.0,135800.0
149,2021-10-12 03:47:28,70000.0,300.0,135700.0
150,2021-10-12 03:47:28,70000.0,100.0,135400.0
151,2021-10-12 03:47:28,70000.0,500.0,135300.0
152,2021-10-12 03:47:28,70000.0,100.0,134800.0
153,2021-10-12 03:46:14,69600.0,500.0,134700.0
154,2021-10-12 03:45:57,69500.0,500.0,134200.0
155,2021-10-12 03:45:57,69500.0,200.0,133700.0
156,2021-10-12 03:45:57,69500.0,700.0,133500.0
157,2021-10-12 03:45:53,69500.0,15000.0,132800.0
158,2021-10-12 03:45:40,69500.0,10000.0,117800.0
159,2021-10-12 03:45:19,69500.0,900.0,107800.0
160,2021-10-12 03:45:09,69500.0,1000.0,106900.0
161,2021-10-12 03:44:59,69500.0,3000.0,105900.0
162,2021-10-12 03:44:47,69500.0,1000.0,102900.0
163,2021-10-12 03:44:38,69500.0,100.0,101900.0
164,2021-10-12 03:42:57,69500.0,100.0,101800.0
165,2021-10-12 03:41:17,69400.0,2900.0,101700.0
166,2021-10-12 03:41:17,69400.0,100.0,98800.0
167,2021-10-12 03:39:57,69400.0,1700.0,98700.0
168,2021-10-12 03:39:57,69400.0,300.0,97000.0
169,2021-10-12 03:39:51,69500.0,3200.0,96700.0
170,2021-10-12 03:39:51,69500.0,1800.0,93500.0
171,2021-10-12 03:39:15,69400.0,200.0,91700.0
172,2021-10-12 03:39:15,69400.0,100.0,91500.0
173,2021-10-12 03:39:15,69400.0,100.0,91400.0
174,2021-10-12 03:37:28,69500.0,100.0,91300.0
175,2021-10-12 03:36:33,69400.0,700.0,91200.0
176,2021-10-12 03:36:33,69400.0,300.0,90500.0
177,2021-10-12 03:35:03,69500.0,500.0,90200.0
178,2021-10-12 03:31:38,69400.0,300.0,89700.0
179,2021-10-12 03:31:38,69400.0,100.0,89400.0
180,2021-10-12 03:31:38,69400.0,800.0,89300.0
181,2021-10-12 03:31:38,69400.0,1000.0,88500.0
182,2021-10-12 03:31:38,69400.0,300.0,87500.0
183,2021-10-12 03:31:38,69400.0,3100.0,87200.0
184,2021-10-12 03:30:27,69200.0,100.0,84100.0
185,2021-10-12 03:30:27,69300.0,1700.0,84000.0
186,2021-10-12 03:27:07,69400.0,900.0,82300.0
187,2021-10-12 03:25:13,69400.0,300.0,81400.0
188,2021-10-12 03:24:40,69400.0,200.0,81100.0
189,2021-10-12 03:23:44,69400.0,100.0,80900.0
190,2021-10-12 03:23:36,69400.0,400.0,80800.0
191,2021-10-12 03:23:36,69400.0,1800.0,80400.0
192,2021-10-12 03:22:56,69400.0,900.0,78600.0
193,2021-10-12 03:22:56,69300.0,700.0,77700.0
194,2021-10-12 03:22:19,69400.0,100.0,77000.0
195,2021-10-12 03:22:00,69400.0,2200.0,76900.0
196,2021-10-12 03:22:00,69400.0,400.0,74700.0
197,2021-10-12 03:22:00,69400.0,200.0,74300.0
198,2021-10-12 03:22:00,69400.0,500.0,74100.0
199,2021-10-12 03:22:00,69400.0,1100.0,73600.0
200,2021-10-12 03:22:00,69400.0,1900.0,72500.0
201,2021-10-12 03:18:53,69400.0,100.0,70600.0
202,2021-10-12 03:18:43,69300.0,2700.0,70500.0
203,2021-10-12 03:18:14,69200.0,1000.0,67800.0
204,2021-10-12 03:17:42,69300.0,500.0,66800.0
205,2021-10-12 03:17:42,69300.0,500.0,66300.0
206,2021-10-12 03:17:42,69300.0,1300.0,65800.0
207,2021-10-12 03:15:24,69400.0,100.0,64500.0
208,2021-10-12 03:13:48,69300.0,500.0,64400.0
209,2021-10-12 03:13:48,69300.0,200.0,63900.0
210,2021-10-12 03:13:48,69300.0,100.0,63700.0
211,2021-10-12 03:13:48,69300.0,200.0,63600.0
212,2021-10-12 03:13:27,69300.0,100.0,63400.0
213,2021-10-12 03:09:19,69300.0,100.0,63300.0
214,2021-10-12 03:07:18,69300.0,100.0,63200.0
215,2021-10-12 03:07:18,69300.0,400.0,63100.0
216,2021-10-12 03:06:28,69300.0,200.0,62700.0
217,2021-10-12 03:03:37,69300.0,400.0,62500.0
218,2021-10-12 03:03:37,69300.0,1800.0,62100.0
219,2021-10-12 03:02:37,69400.0,200.0,60300.0
220,2021-10-12 03:02:18,69400.0,500.0,60100.0
221,2021-10-12 02:59:50,69300.0,200.0,59600.0
222,2021-10-12 02:58:03,69200.0,300.0,59400.0
223,2021-10-12 02:57:54,69200.0,2000.0,59100.0
224,2021-10-12 02:57:41,69200.0,100.0,57100.0
225,2021-10-12 02:57:41,69200.0,200.0,57000.0
226,2021-10-12 02:57:41,69200.0,2800.0,56800.0
227,2021-10-12 02:57:41,69200.0,100.0,54000.0
228,2021-10-12 02:57:41,69200.0,200.0,53900.0
229,2021-10-12 02:55:12,69300.0,100.0,53700.0
230,2021-10-12 02:54:58,69300.0,1200.0,53600.0
231,2021-10-12 02:54:45,69300.0,100.0,52400.0
232,2021-10-12 02:54:11,69300.0,100.0,52300.0
233,2021-10-12 02:54:11,69300.0,200.0,52200.0
234,2021-10-12 02:54:11,69300.0,100.0,52000.0
235,2021-10-12 02:54:11,69300.0,400.0,51900.0
236,2021-10-12 02:54:11,69300.0,100.0,51500.0
237,2021-10-12 02:53:43,69400.0,1000.0,51400.0
238,2021-10-12 02:52:52,69400.0,100.0,50400.0
239,2021-10-12 02:52:52,69400.0,500.0,50300.0
240,2021-10-12 02:51:13,69400.0,100.0,49800.0
241,2021-10-12 02:50:50,69500.0,100.0,49700.0
242,2021-10-12 02:48:09,69500.0,500.0,49600.0
243,2021-10-12 02:47:04,69600.0,100.0,49100.0
244,2021-10-12 02:46:06,69400.0,100.0,49000.0
245,2021-10-12 02:44:49,69300.0,100.0,48900.0
246,2021-10-12 02:44:49,69300.0,400.0,48800.0
247,2021-10-12 02:44:49,69400.0,1500.0,48400.0
248,2021-10-12 02:43:04,69600.0,2500.0,46900.0
249,2021-10-12 02:41:48,69600.0,100.0,44400.0
250,2021-10-12 02:41:07,69400.0,200.0,44300.0
251,2021-10-12 02:41:07,69400.0,200.0,44100.0
252,2021-10-12 02:41:07,69400.0,4100.0,43900.0
253,2021-10-12 02:40:50,69400.0,200.0,39800.0
254,2021-10-12 02:40:34,69400.0,100.0,39600.0
255,2021-10-12 02:39:56,69400.0,100.0,39500.0
256,2021-10-12 02:38:41,69400.0,100.0,39400.0
257,2021-10-12 02:38:28,69400.0,500.0,39300.0
258,2021-10-12 02:38:14,69400.0,300.0,38800.0
259,2021-10-12 02:37:26,69400.0,200.0,38500.0
260,2021-10-12 02:36:54,69400.0,500.0,38300.0
261,2021-10-12 02:35:39,69400.0,200.0,37800.0
262,2021-10-12 02:28:07,69400.0,100.0,37600.0
263,2021-10-12 02:27:54,69200.0,100.0,37500.0
264,2021-10-12 02:27:54,69200.0,1400.0,37400.0
265,2021-10-12 02:27:49,69200.0,2000.0,36000.0
266,2021-10-12 02:26:59,69200.0,1600.0,34000.0
267,2021-10-12 02:26:49,69200.0,200.0,32400.0
268,2021-10-12 02:26:49,69200.0,300.0,32200.0
269,2021-10-12 02:26:29,69200.0,100.0,31900.0
270,2021-10-12 02:26:29,69200.0,1200.0,31800.0
271,2021-10-12 02:26:29,69200.0,100.0,30600.0
272,2021-10-12 02:26:29,69200.0,1500.0,30500.0
273,2021-10-12 02:25:39,69200.0,100.0,29000.0
274,2021-10-12 02:25:22,69200.0,400.0,28900.0
275,2021-10-12 02:24:51,69100.0,3900.0,28500.0
276,2021-10-12 02:23:30,69400.0,200.0,24600.0
277,2021-10-12 02:22:34,69100.0,400.0,24400.0
278,2021-10-12 02:22:27,69400.0,2100.0,24000.0
279,2021-10-12 02:22:14,69400.0,300.0,21900.0
280,2021-10-12 02:21:26,69400.0,200.0,21600.0
281,2021-10-12 02:20:13,69400.0,300.0,21400.0
282,2021-10-12 02:20:13,69400.0,6900.0,21100.0
283,2021-10-12 02:19:11,69000.0,800.0,14200.0
284,2021-10-12 02:19:11,69000.0,1500.0,13400.0
285,2021-10-12 02:19:11,69000.0,700.0,11900.0
286,2021-10-12 02:18:52,69000.0,700.0,11200.0
287,2021-10-12 02:18:52,69100.0,100.0,10500.0
288,2021-10-12 02:18:52,69100.0,200.0,10400.0
289,2021-10-12 02:18:16,69100.0,3800.0,10200.0
290,2021-10-12 02:18:16,69100.0,1000.0,6400.0
291,2021-10-12 02:18:16,69100.0,100.0,5400.0
292,2021-10-12 02:18:16,69200.0,100.0,5300.0
293,2021-10-12 02:16:32,69400.0,3100.0,5200.0
294,2021-10-12 02:15:00,69400.0,100.0,2100.0
295,2021-10-12 02:15:00,69400.0,1000.0,2000.0
296,2021-10-12 02:15:00,69400.0,100.0,1000.0
297,2021-10-12 02:15:00,69400.0,300.0,900.0
298,2021-10-12 02:15:00,69400.0,200.0,600.0
299,2021-10-12 02:15:00,69400.0,200.0,400.0
300,2021-10-12 02:15:00,69400.0,100.0,200.0
301,2021-10-12 02:15:00,69400.0,100.0,100.0
