,Time,Price,Volume_per_trade,Volume
0,2021-10-11 07:45:01,69400.0,100.0,356200.0
1,2021-10-11 07:45:01,69400.0,1000.0,356100.0
2,2021-10-11 07:45:01,69400.0,900.0,355100.0
3,2021-10-11 07:45:01,69400.0,100.0,354200.0
4,2021-10-11 07:45:01,69400.0,500.0,354100.0
5,2021-10-11 07:45:01,69400.0,100.0,353600.0
6,2021-10-11 07:45:01,69400.0,100.0,353500.0
7,2021-10-11 07:45:01,69400.0,200.0,353400.0
8,2021-10-11 07:45:01,69400.0,100.0,353200.0
9,2021-10-11 07:45:01,69400.0,200.0,353100.0
10,2021-10-11 07:45:01,69400.0,100.0,352900.0
11,2021-10-11 07:45:01,69400.0,700.0,352800.0
12,2021-10-11 07:45:01,69400.0,1000.0,352100.0
13,2021-10-11 07:45:01,69400.0,1000.0,351100.0
14,2021-10-11 07:45:01,69400.0,600.0,350100.0
15,2021-10-11 07:45:01,69400.0,100.0,349500.0
16,2021-10-11 07:45:01,69400.0,300.0,349400.0
17,2021-10-11 07:45:01,69400.0,100.0,349100.0
18,2021-10-11 07:45:01,69400.0,100.0,349000.0
19,2021-10-11 07:45:01,69400.0,500.0,348900.0
20,2021-10-11 07:45:01,69400.0,300.0,348400.0
21,2021-10-11 07:45:01,69400.0,200.0,348100.0
22,2021-10-11 07:45:01,69400.0,100.0,347900.0
23,2021-10-11 07:45:01,69400.0,700.0,347800.0
24,2021-10-11 07:45:01,69400.0,300.0,347100.0
25,2021-10-11 07:45:01,69400.0,100.0,346800.0
26,2021-10-11 07:45:01,69400.0,1000.0,346700.0
27,2021-10-11 07:45:01,69400.0,2000.0,345700.0
28,2021-10-11 07:45:01,69400.0,500.0,343700.0
29,2021-10-11 07:45:01,69400.0,500.0,343200.0
30,2021-10-11 07:45:01,69400.0,100.0,342700.0
31,2021-10-11 07:45:01,69400.0,100.0,342600.0
32,2021-10-11 07:45:01,69400.0,100.0,342500.0
33,2021-10-11 07:45:01,69400.0,200.0,342400.0
34,2021-10-11 07:45:01,69400.0,100.0,342200.0
35,2021-10-11 07:45:01,69400.0,8000.0,342100.0
36,2021-10-11 07:45:01,69400.0,800.0,334100.0
37,2021-10-11 07:45:01,69400.0,200.0,333300.0
38,2021-10-11 07:45:01,69400.0,100.0,333100.0
39,2021-10-11 07:28:59,69800.0,5000.0,333000.0
40,2021-10-11 07:28:58,69500.0,100.0,328000.0
41,2021-10-11 07:28:58,69700.0,200.0,327900.0
42,2021-10-11 07:28:58,69700.0,1700.0,327700.0
43,2021-10-11 07:28:52,69700.0,1600.0,326000.0
44,2021-10-11 07:27:11,69700.0,1700.0,324400.0
45,2021-10-11 07:27:11,69700.0,300.0,322700.0
46,2021-10-11 07:26:44,69800.0,100.0,322400.0
47,2021-10-11 07:26:44,69800.0,100.0,322300.0
48,2021-10-11 07:26:44,69800.0,3800.0,322200.0
49,2021-10-11 07:25:35,69800.0,600.0,318400.0
50,2021-10-11 07:24:57,69800.0,2000.0,317800.0
51,2021-10-11 07:24:24,69800.0,100.0,315800.0
52,2021-10-11 07:24:11,69900.0,100.0,315700.0
53,2021-10-11 07:24:11,69900.0,5000.0,315600.0
54,2021-10-11 07:22:59,70000.0,100.0,310600.0
55,2021-10-11 07:22:08,70000.0,100.0,310500.0
56,2021-10-11 07:21:43,69900.0,500.0,310400.0
57,2021-10-11 07:21:43,69900.0,500.0,309900.0
58,2021-10-11 07:21:00,70000.0,1000.0,309400.0
59,2021-10-11 07:21:00,70000.0,2900.0,308400.0
60,2021-10-11 07:20:59,70000.0,1100.0,305500.0
61,2021-10-11 07:20:59,70000.0,1900.0,304400.0
62,2021-10-11 07:20:50,70000.0,100.0,302500.0
63,2021-10-11 07:19:24,70000.0,1000.0,302400.0
64,2021-10-11 07:19:17,70000.0,1000.0,301400.0
65,2021-10-11 07:19:17,70000.0,300.0,300400.0
66,2021-10-11 07:18:34,70000.0,100.0,300100.0
67,2021-10-11 07:18:34,69900.0,900.0,300000.0
68,2021-10-11 07:18:31,69900.0,1000.0,299100.0
69,2021-10-11 07:18:31,69900.0,5000.0,298100.0
70,2021-10-11 07:18:31,69900.0,3100.0,293100.0
71,2021-10-11 07:18:13,69900.0,3600.0,290000.0
72,2021-10-11 07:18:08,70000.0,200.0,286400.0
73,2021-10-11 07:18:08,70000.0,100.0,286200.0
74,2021-10-11 07:18:08,70000.0,500.0,286100.0
75,2021-10-11 07:18:08,70000.0,200.0,285600.0
76,2021-10-11 07:18:08,70000.0,300.0,285400.0
77,2021-10-11 07:18:08,70000.0,2000.0,285100.0
78,2021-10-11 07:18:08,70000.0,2700.0,283100.0
79,2021-10-11 07:17:57,70000.0,100.0,280400.0
80,2021-10-11 07:17:27,70000.0,6000.0,280300.0
81,2021-10-11 07:17:03,69900.0,500.0,274300.0
82,2021-10-11 07:17:03,69900.0,600.0,273800.0
83,2021-10-11 07:17:03,69900.0,1000.0,273200.0
84,2021-10-11 07:17:03,69900.0,1000.0,272200.0
85,2021-10-11 07:17:03,69900.0,200.0,271200.0
86,2021-10-11 07:16:25,69900.0,2800.0,271000.0
87,2021-10-11 07:16:25,69900.0,100.0,268200.0
88,2021-10-11 07:16:25,69900.0,3000.0,268100.0
89,2021-10-11 07:16:25,69900.0,200.0,265100.0
90,2021-10-11 07:16:25,69900.0,1000.0,264900.0
91,2021-10-11 07:16:25,69900.0,800.0,263900.0
92,2021-10-11 07:16:25,69800.0,1300.0,263100.0
93,2021-10-11 07:16:19,69800.0,100.0,261800.0
94,2021-10-11 07:15:56,69700.0,300.0,261700.0
95,2021-10-11 07:15:56,69700.0,500.0,261400.0
96,2021-10-11 07:11:00,69500.0,400.0,260900.0
97,2021-10-11 07:11:00,69500.0,100.0,260500.0
98,2021-10-11 07:10:43,69500.0,100.0,260400.0
99,2021-10-11 07:10:32,69500.0,100.0,260300.0
100,2021-10-11 07:10:28,69500.0,200.0,260200.0
101,2021-10-11 07:10:23,69500.0,100.0,260000.0
102,2021-10-11 07:10:15,69500.0,300.0,259900.0
103,2021-10-11 07:10:15,69500.0,200.0,259600.0
104,2021-10-11 07:09:49,69500.0,6000.0,259400.0
105,2021-10-11 07:08:56,69400.0,100.0,253400.0
106,2021-10-11 07:07:11,69400.0,300.0,253300.0
107,2021-10-11 07:06:45,69400.0,300.0,253000.0
108,2021-10-11 07:06:03,69500.0,100.0,252700.0
109,2021-10-11 07:06:03,69500.0,200.0,252600.0
110,2021-10-11 07:06:03,69500.0,2000.0,252400.0
111,2021-10-11 07:06:03,69500.0,200.0,250400.0
112,2021-10-11 07:06:03,69500.0,100.0,250200.0
113,2021-10-11 07:06:03,69500.0,100.0,250100.0
114,2021-10-11 07:06:03,69500.0,100.0,250000.0
115,2021-10-11 07:06:03,69500.0,200.0,249900.0
116,2021-10-11 07:06:03,69500.0,200.0,249700.0
117,2021-10-11 07:06:03,69500.0,100.0,249500.0
118,2021-10-11 07:06:03,69500.0,100.0,249400.0
119,2021-10-11 07:06:03,69500.0,1000.0,249300.0
120,2021-10-11 07:06:03,69500.0,300.0,248300.0
121,2021-10-11 07:06:03,69500.0,1000.0,248000.0
122,2021-10-11 07:06:03,69500.0,100.0,247000.0
123,2021-10-11 07:06:03,69500.0,300.0,246900.0
124,2021-10-11 07:06:03,69500.0,500.0,246600.0
125,2021-10-11 07:06:03,69500.0,300.0,246100.0
126,2021-10-11 07:06:03,69500.0,200.0,245800.0
127,2021-10-11 07:06:03,69500.0,2000.0,245600.0
128,2021-10-11 07:06:03,69600.0,200.0,243600.0
129,2021-10-11 07:06:03,69600.0,300.0,243400.0
130,2021-10-11 07:06:03,69600.0,1000.0,243100.0
131,2021-10-11 07:06:03,69600.0,1000.0,242100.0
132,2021-10-11 07:06:03,69600.0,200.0,241100.0
133,2021-10-11 07:06:03,69600.0,700.0,240900.0
134,2021-10-11 07:06:03,69600.0,900.0,240200.0
135,2021-10-11 07:06:03,69700.0,400.0,239300.0
136,2021-10-11 07:05:55,69700.0,100.0,238900.0
137,2021-10-11 07:05:55,69700.0,200.0,238800.0
138,2021-10-11 07:05:45,69700.0,200.0,238600.0
139,2021-10-11 07:04:00,69800.0,100.0,238400.0
140,2021-10-11 07:04:00,69800.0,100.0,238300.0
141,2021-10-11 07:01:32,69800.0,100.0,238200.0
142,2021-10-11 06:59:52,69800.0,100.0,238100.0
143,2021-10-11 06:59:28,69800.0,200.0,238000.0
144,2021-10-11 06:59:22,69700.0,400.0,237800.0
145,2021-10-11 06:59:22,69700.0,100.0,237400.0
146,2021-10-11 06:53:31,69900.0,100.0,237300.0
147,2021-10-11 06:53:07,69600.0,100.0,237200.0
148,2021-10-11 06:53:00,69600.0,300.0,237100.0
149,2021-10-11 06:51:48,69600.0,500.0,236800.0
150,2021-10-11 06:51:48,69600.0,200.0,236300.0
151,2021-10-11 06:51:33,69500.0,1000.0,236100.0
152,2021-10-11 06:51:25,69600.0,300.0,235100.0
153,2021-10-11 06:51:24,69600.0,1000.0,234800.0
154,2021-10-11 06:51:10,69500.0,500.0,233800.0
155,2021-10-11 06:49:58,69600.0,300.0,233300.0
156,2021-10-11 06:49:45,69600.0,200.0,233000.0
157,2021-10-11 06:49:35,69600.0,100.0,232800.0
158,2021-10-11 06:49:35,69600.0,100.0,232700.0
159,2021-10-11 06:49:35,69600.0,100.0,232600.0
160,2021-10-11 06:49:35,69600.0,500.0,232500.0
161,2021-10-11 06:49:35,69600.0,500.0,232000.0
162,2021-10-11 06:49:35,69600.0,100.0,231500.0
163,2021-10-11 06:49:35,69600.0,200.0,231400.0
164,2021-10-11 06:49:35,69600.0,400.0,231200.0
165,2021-10-11 06:49:20,69700.0,500.0,230800.0
166,2021-10-11 06:49:14,69900.0,100.0,230300.0
167,2021-10-11 06:48:07,69700.0,100.0,230200.0
168,2021-10-11 06:47:12,69800.0,1600.0,230100.0
169,2021-10-11 06:46:40,69800.0,1000.0,228500.0
170,2021-10-11 06:46:40,69800.0,400.0,227500.0
171,2021-10-11 06:45:57,69700.0,100.0,227100.0
172,2021-10-11 06:44:20,69600.0,1000.0,227000.0
173,2021-10-11 06:42:27,69600.0,600.0,226000.0
174,2021-10-11 06:42:27,69600.0,1000.0,225400.0
175,2021-10-11 06:42:27,69600.0,500.0,224400.0
176,2021-10-11 06:42:27,69600.0,1000.0,223900.0
177,2021-10-11 06:42:27,69600.0,200.0,222900.0
178,2021-10-11 06:39:26,69600.0,700.0,222700.0
179,2021-10-11 06:39:26,69600.0,300.0,222000.0
180,2021-10-11 06:39:26,69600.0,200.0,221700.0
181,2021-10-11 06:39:26,69700.0,500.0,221500.0
182,2021-10-11 06:39:26,69700.0,300.0,221000.0
183,2021-10-11 06:39:19,69700.0,200.0,220700.0
184,2021-10-11 06:39:19,69700.0,1700.0,220500.0
185,2021-10-11 06:39:19,69800.0,100.0,218800.0
186,2021-10-11 06:38:36,69800.0,1000.0,218700.0
187,2021-10-11 06:38:35,69800.0,1400.0,217700.0
188,2021-10-11 06:38:35,69800.0,100.0,216300.0
189,2021-10-11 06:38:35,69800.0,500.0,216200.0
190,2021-10-11 06:37:08,69800.0,500.0,215700.0
191,2021-10-11 06:37:08,69800.0,300.0,215200.0
192,2021-10-11 06:37:03,69800.0,1000.0,214900.0
193,2021-10-11 06:37:01,69800.0,100.0,213900.0
194,2021-10-11 06:36:30,69800.0,100.0,213800.0
195,2021-10-11 06:36:07,69800.0,100.0,213700.0
196,2021-10-11 06:35:43,69700.0,300.0,213600.0
197,2021-10-11 06:35:43,69700.0,100.0,213300.0
198,2021-10-11 06:35:32,69700.0,1000.0,213200.0
199,2021-10-11 06:35:32,69700.0,500.0,212200.0
200,2021-10-11 06:35:32,69700.0,400.0,211700.0
201,2021-10-11 06:35:29,69700.0,100.0,211300.0
202,2021-10-11 06:35:29,69700.0,100.0,211200.0
203,2021-10-11 06:35:06,69600.0,700.0,211100.0
204,2021-10-11 06:34:50,69600.0,300.0,210400.0
205,2021-10-11 06:34:50,69600.0,900.0,210100.0
206,2021-10-11 06:34:28,69600.0,100.0,209200.0
207,2021-10-11 06:34:23,69600.0,500.0,209100.0
208,2021-10-11 06:34:22,69600.0,1000.0,208600.0
209,2021-10-11 06:34:08,69600.0,200.0,207600.0
210,2021-10-11 06:34:08,69600.0,1000.0,207400.0
211,2021-10-11 06:34:08,69600.0,500.0,206400.0
212,2021-10-11 06:34:08,69600.0,100.0,205900.0
213,2021-10-11 06:34:08,69600.0,200.0,205800.0
214,2021-10-11 06:34:08,69600.0,2000.0,205600.0
215,2021-10-11 06:34:08,69600.0,2000.0,203600.0
216,2021-10-11 06:34:08,69600.0,300.0,201600.0
217,2021-10-11 06:34:08,69600.0,500.0,201300.0
218,2021-10-11 06:34:08,69600.0,100.0,200800.0
219,2021-10-11 06:34:01,69600.0,100.0,200700.0
220,2021-10-11 06:32:50,69700.0,900.0,200600.0
221,2021-10-11 06:32:43,69700.0,100.0,199700.0
222,2021-10-11 06:32:27,69700.0,100.0,199600.0
223,2021-10-11 06:32:27,69700.0,500.0,199500.0
224,2021-10-11 06:32:27,69700.0,5000.0,199000.0
225,2021-10-11 06:32:22,69800.0,100.0,194000.0
226,2021-10-11 06:32:22,69800.0,100.0,193900.0
227,2021-10-11 06:31:35,69800.0,100.0,193800.0
228,2021-10-11 06:31:13,69800.0,100.0,193700.0
229,2021-10-11 06:30:15,69600.0,200.0,193600.0
230,2021-10-11 06:30:05,69600.0,4000.0,193400.0
231,2021-10-11 06:30:05,69600.0,1000.0,189400.0
232,2021-10-11 06:29:18,69600.0,2000.0,188400.0
233,2021-10-11 06:29:18,69600.0,100.0,186400.0
234,2021-10-11 06:29:18,69600.0,1000.0,186300.0
235,2021-10-11 06:29:18,69600.0,100.0,185300.0
236,2021-10-11 06:29:18,69700.0,200.0,185200.0
237,2021-10-11 06:29:18,69700.0,200.0,185000.0
238,2021-10-11 06:29:18,69700.0,1000.0,184800.0
239,2021-10-11 06:29:18,69700.0,100.0,183800.0
240,2021-10-11 06:29:18,69700.0,100.0,183700.0
241,2021-10-11 06:29:18,69800.0,200.0,183600.0
242,2021-10-11 06:28:55,69800.0,200.0,183400.0
243,2021-10-11 06:28:55,69800.0,200.0,183200.0
244,2021-10-11 06:28:55,69800.0,1600.0,183000.0
245,2021-10-11 06:28:46,69800.0,400.0,181400.0
246,2021-10-11 06:28:24,69800.0,200.0,181000.0
247,2021-10-11 06:28:24,69800.0,800.0,180800.0
248,2021-10-11 06:26:48,69800.0,100.0,180000.0
249,2021-10-11 06:26:08,69800.0,100.0,179900.0
250,2021-10-11 06:26:08,69800.0,200.0,179800.0
251,2021-10-11 06:26:08,69800.0,500.0,179600.0
252,2021-10-11 06:26:08,69800.0,100.0,179100.0
253,2021-10-11 06:26:08,69800.0,1000.0,179000.0
254,2021-10-11 06:25:39,69900.0,100.0,178000.0
255,2021-10-11 06:25:31,69900.0,100.0,177900.0
256,2021-10-11 06:25:11,69900.0,800.0,177800.0
257,2021-10-11 06:25:11,69900.0,200.0,177000.0
258,2021-10-11 06:25:11,69900.0,100.0,176800.0
259,2021-10-11 06:25:11,69900.0,200.0,176700.0
260,2021-10-11 06:25:11,69900.0,700.0,176500.0
261,2021-10-11 06:23:23,69900.0,300.0,175800.0
262,2021-10-11 06:23:23,69900.0,100.0,175500.0
263,2021-10-11 06:23:16,69900.0,100.0,175400.0
264,2021-10-11 06:22:05,70000.0,200.0,175300.0
265,2021-10-11 06:19:34,70000.0,500.0,175100.0
266,2021-10-11 06:16:45,69900.0,100.0,174600.0
267,2021-10-11 06:16:36,69900.0,100.0,174500.0
268,2021-10-11 06:16:24,69900.0,100.0,174400.0
269,2021-10-11 06:16:17,69900.0,100.0,174300.0
270,2021-10-11 06:16:03,69900.0,300.0,174200.0
271,2021-10-11 06:15:56,69900.0,100.0,173900.0
272,2021-10-11 06:15:41,69900.0,100.0,173800.0
273,2021-10-11 06:15:30,69900.0,100.0,173700.0
274,2021-10-11 06:12:23,69900.0,100.0,173600.0
275,2021-10-11 06:11:35,69900.0,100.0,173500.0
276,2021-10-11 06:11:35,69900.0,200.0,173400.0
277,2021-10-11 06:11:29,69900.0,300.0,173200.0
278,2021-10-11 06:11:20,69900.0,100.0,172900.0
279,2021-10-11 06:11:20,69900.0,100.0,172800.0
280,2021-10-11 06:11:13,69900.0,100.0,172700.0
281,2021-10-11 06:11:06,69900.0,100.0,172600.0
282,2021-10-11 06:10:08,70000.0,500.0,172500.0
283,2021-10-11 06:10:03,69900.0,100.0,172000.0
284,2021-10-11 06:10:03,69900.0,300.0,171900.0
285,2021-10-11 06:06:41,70000.0,200.0,171600.0
286,2021-10-11 06:06:41,70000.0,100.0,171400.0
287,2021-10-11 06:04:47,70000.0,100.0,171300.0
288,2021-10-11 06:04:47,70000.0,100.0,171200.0
289,2021-10-11 06:04:47,70000.0,800.0,171100.0
290,2021-10-11 06:04:29,70000.0,200.0,170300.0
291,2021-10-11 06:04:29,70000.0,300.0,170100.0
292,2021-10-11 06:03:43,70200.0,100.0,169800.0
293,2021-10-11 06:00:06,70000.0,200.0,169700.0
294,2021-10-11 06:00:01,70000.0,1000.0,169500.0
295,2021-10-11 04:28:47,70000.0,1200.0,168500.0
296,2021-10-11 04:26:23,70000.0,700.0,167300.0
297,2021-10-11 04:26:23,70000.0,500.0,166600.0
298,2021-10-11 04:26:23,70000.0,200.0,166100.0
299,2021-10-11 04:23:56,70000.0,800.0,165900.0
300,2021-10-11 04:23:56,70000.0,1200.0,165100.0
301,2021-10-11 04:23:37,70000.0,1300.0,163900.0
302,2021-10-11 04:23:24,70000.0,3300.0,162600.0
303,2021-10-11 04:22:29,70000.0,400.0,159300.0
304,2021-10-11 04:22:19,69900.0,600.0,158900.0
305,2021-10-11 04:21:42,69900.0,1700.0,158300.0
306,2021-10-11 04:21:42,70000.0,100.0,156600.0
307,2021-10-11 04:21:42,70000.0,100.0,156500.0
308,2021-10-11 04:21:42,70000.0,1000.0,156400.0
309,2021-10-11 04:21:42,70000.0,700.0,155400.0
310,2021-10-11 04:21:42,70000.0,2400.0,154700.0
311,2021-10-11 04:19:22,70000.0,200.0,152300.0
312,2021-10-11 04:19:19,70200.0,100.0,152100.0
313,2021-10-11 04:17:19,70000.0,100.0,152000.0
314,2021-10-11 04:15:34,70000.0,5000.0,151900.0
315,2021-10-11 04:15:34,70000.0,2300.0,146900.0
316,2021-10-11 04:15:29,70000.0,100.0,144600.0
317,2021-10-11 04:14:27,70000.0,2100.0,144500.0
318,2021-10-11 04:14:27,70000.0,400.0,142400.0
319,2021-10-11 04:14:01,69900.0,3000.0,142000.0
320,2021-10-11 04:13:47,70000.0,400.0,139000.0
321,2021-10-11 04:12:38,70000.0,100.0,138600.0
322,2021-10-11 04:12:37,70000.0,100.0,138500.0
323,2021-10-11 04:12:37,70000.0,500.0,138400.0
324,2021-10-11 04:12:37,70000.0,100.0,137900.0
325,2021-10-11 04:12:15,70000.0,1000.0,137800.0
326,2021-10-11 04:11:01,70000.0,100.0,136800.0
327,2021-10-11 04:10:21,70000.0,3000.0,136700.0
328,2021-10-11 04:09:54,70000.0,500.0,133700.0
329,2021-10-11 04:09:43,69900.0,6600.0,133200.0
330,2021-10-11 04:08:09,70000.0,200.0,126600.0
331,2021-10-11 04:05:27,70000.0,100.0,126400.0
332,2021-10-11 04:04:28,70000.0,600.0,126300.0
333,2021-10-11 04:04:23,70000.0,100.0,125700.0
334,2021-10-11 04:04:23,70000.0,1000.0,125600.0
335,2021-10-11 04:04:23,70000.0,500.0,124600.0
336,2021-10-11 04:04:23,70000.0,100.0,124100.0
337,2021-10-11 04:04:23,70000.0,1000.0,124000.0
338,2021-10-11 04:04:23,70000.0,1700.0,123000.0
339,2021-10-11 04:03:11,70000.0,300.0,121300.0
340,2021-10-11 04:03:08,70000.0,100.0,121000.0
341,2021-10-11 04:03:06,70000.0,100.0,120900.0
342,2021-10-11 04:03:01,70000.0,1500.0,120800.0
343,2021-10-11 04:02:53,70000.0,1000.0,119300.0
344,2021-10-11 04:02:52,70000.0,100.0,118300.0
345,2021-10-11 04:02:50,70000.0,100.0,118200.0
346,2021-10-11 04:02:35,70000.0,500.0,118100.0
347,2021-10-11 04:02:26,70000.0,100.0,117600.0
348,2021-10-11 04:02:26,70000.0,1000.0,117500.0
349,2021-10-11 04:02:23,70000.0,200.0,116500.0
350,2021-10-11 04:02:14,70000.0,400.0,116300.0
351,2021-10-11 04:02:14,70000.0,100.0,115900.0
352,2021-10-11 04:02:04,70000.0,500.0,115800.0
353,2021-10-11 04:01:55,70000.0,500.0,115300.0
354,2021-10-11 04:01:07,70000.0,700.0,114800.0
355,2021-10-11 04:01:07,70000.0,100.0,114100.0
356,2021-10-11 04:01:07,70000.0,300.0,114000.0
357,2021-10-11 04:01:07,70000.0,300.0,113700.0
358,2021-10-11 04:01:07,70000.0,200.0,113400.0
359,2021-10-11 04:01:07,70000.0,1000.0,113200.0
360,2021-10-11 04:01:07,70000.0,100.0,112200.0
361,2021-10-11 04:01:07,70000.0,100.0,112100.0
362,2021-10-11 04:01:07,70000.0,200.0,112000.0
363,2021-10-11 04:01:07,70000.0,2000.0,111800.0
364,2021-10-11 04:01:07,70000.0,100.0,109800.0
365,2021-10-11 04:01:07,70000.0,100.0,109700.0
366,2021-10-11 04:01:07,70000.0,500.0,109600.0
367,2021-10-11 04:01:07,70000.0,1000.0,109100.0
368,2021-10-11 04:01:07,70000.0,200.0,108100.0
369,2021-10-11 04:01:07,70000.0,200.0,107900.0
370,2021-10-11 04:01:07,70000.0,5000.0,107700.0
371,2021-10-11 04:01:07,70000.0,500.0,102700.0
372,2021-10-11 04:01:07,70000.0,300.0,102200.0
373,2021-10-11 04:01:07,70000.0,300.0,101900.0
374,2021-10-11 04:01:07,70000.0,300.0,101600.0
375,2021-10-11 04:01:07,70000.0,5000.0,101300.0
376,2021-10-11 04:01:07,70000.0,300.0,96300.0
377,2021-10-11 04:01:07,70000.0,100.0,96000.0
378,2021-10-11 04:01:07,70100.0,500.0,95900.0
379,2021-10-11 04:01:07,70100.0,1000.0,95400.0
380,2021-10-11 04:01:07,70100.0,100.0,94400.0
381,2021-10-11 04:01:07,70100.0,1000.0,94300.0
382,2021-10-11 04:01:07,70100.0,1600.0,93300.0
383,2021-10-11 04:01:07,70100.0,5600.0,91700.0
384,2021-10-11 04:01:07,70200.0,200.0,86100.0
385,2021-10-11 03:58:03,70200.0,300.0,85900.0
386,2021-10-11 03:57:21,70100.0,400.0,85600.0
387,2021-10-11 03:57:21,70100.0,200.0,85200.0
388,2021-10-11 03:57:21,70100.0,100.0,85000.0
389,2021-10-11 03:57:21,70100.0,300.0,84900.0
390,2021-10-11 03:57:21,70100.0,500.0,84600.0
391,2021-10-11 03:57:21,70200.0,500.0,84100.0
392,2021-10-11 03:57:11,70200.0,200.0,83600.0
393,2021-10-11 03:56:06,70100.0,500.0,83400.0
394,2021-10-11 03:55:32,70100.0,200.0,82900.0
395,2021-10-11 03:53:20,70100.0,200.0,82700.0
396,2021-10-11 03:53:14,70100.0,1800.0,82500.0
397,2021-10-11 03:51:23,70100.0,800.0,80700.0
398,2021-10-11 03:51:23,70100.0,1000.0,79900.0
399,2021-10-11 03:51:23,70100.0,300.0,78900.0
400,2021-10-11 03:51:23,70100.0,100.0,78600.0
401,2021-10-11 03:51:23,70100.0,2900.0,78500.0
402,2021-10-11 03:51:23,70200.0,1000.0,75600.0
403,2021-10-11 03:51:23,70200.0,1100.0,74600.0
404,2021-10-11 03:48:18,70200.0,300.0,73500.0
405,2021-10-11 03:45:38,70200.0,900.0,73200.0
406,2021-10-11 03:45:08,70200.0,1100.0,72300.0
407,2021-10-11 03:43:58,70200.0,100.0,71200.0
408,2021-10-11 03:41:28,70100.0,6700.0,71100.0
409,2021-10-11 03:41:28,70200.0,1000.0,64400.0
410,2021-10-11 03:41:28,70200.0,1000.0,63400.0
411,2021-10-11 03:41:28,70200.0,100.0,62400.0
412,2021-10-11 03:41:28,70200.0,500.0,62300.0
413,2021-10-11 03:41:28,70200.0,700.0,61800.0
414,2021-10-11 03:40:17,70200.0,100.0,61100.0
415,2021-10-11 03:39:25,70200.0,100.0,61000.0
416,2021-10-11 03:37:18,70200.0,100.0,60900.0
417,2021-10-11 03:37:18,70200.0,200.0,60800.0
418,2021-10-11 03:32:10,70200.0,100.0,60600.0
419,2021-10-11 03:32:02,70200.0,100.0,60500.0
420,2021-10-11 03:31:05,70200.0,100.0,60400.0
421,2021-10-11 03:29:55,70200.0,500.0,60300.0
422,2021-10-11 03:28:12,70200.0,200.0,59800.0
423,2021-10-11 03:27:47,70200.0,300.0,59600.0
424,2021-10-11 03:26:48,70200.0,100.0,59300.0
425,2021-10-11 03:26:48,70200.0,400.0,59200.0
426,2021-10-11 03:26:48,70200.0,1000.0,58800.0
427,2021-10-11 03:26:48,70200.0,500.0,57800.0
428,2021-10-11 03:16:31,70300.0,100.0,57300.0
429,2021-10-11 03:15:34,70200.0,500.0,57200.0
430,2021-10-11 03:15:20,70200.0,300.0,56700.0
431,2021-10-11 03:14:28,70200.0,100.0,56400.0
432,2021-10-11 03:14:08,70200.0,1000.0,56300.0
433,2021-10-11 03:13:51,70200.0,100.0,55300.0
434,2021-10-11 03:13:40,70200.0,200.0,55200.0
435,2021-10-11 03:13:40,70200.0,100.0,55000.0
436,2021-10-11 03:13:40,70200.0,100.0,54900.0
437,2021-10-11 03:09:47,70200.0,400.0,54800.0
438,2021-10-11 03:09:44,70200.0,100.0,54400.0
439,2021-10-11 03:08:35,70100.0,400.0,54300.0
440,2021-10-11 03:08:35,70200.0,400.0,53900.0
441,2021-10-11 03:08:35,70200.0,400.0,53500.0
442,2021-10-11 03:08:35,70200.0,100.0,53100.0
443,2021-10-11 03:08:35,70200.0,700.0,53000.0
444,2021-10-11 03:07:39,70200.0,200.0,52300.0
445,2021-10-11 03:06:51,70200.0,100.0,52100.0
446,2021-10-11 03:06:51,70200.0,600.0,52000.0
447,2021-10-11 03:06:50,70200.0,400.0,51400.0
448,2021-10-11 03:03:47,70200.0,100.0,51000.0
449,2021-10-11 03:03:44,70000.0,100.0,50900.0
450,2021-10-11 03:03:44,70000.0,100.0,50800.0
451,2021-10-11 03:03:44,70000.0,100.0,50700.0
452,2021-10-11 03:03:44,70000.0,1000.0,50600.0
453,2021-10-11 03:03:44,70100.0,5000.0,49600.0
454,2021-10-11 03:03:44,70100.0,100.0,44600.0
455,2021-10-11 03:03:44,70100.0,200.0,44500.0
456,2021-10-11 03:03:44,70100.0,300.0,44300.0
457,2021-10-11 03:03:34,70200.0,100.0,44000.0
458,2021-10-11 03:00:35,70200.0,100.0,43900.0
459,2021-10-11 03:00:35,70200.0,200.0,43800.0
460,2021-10-11 03:00:35,70300.0,1000.0,43600.0
461,2021-10-11 03:00:35,70300.0,100.0,42600.0
462,2021-10-11 03:00:35,70300.0,100.0,42500.0
463,2021-10-11 03:00:35,70300.0,200.0,42400.0
464,2021-10-11 03:00:35,70300.0,100.0,42200.0
465,2021-10-11 03:00:35,70300.0,200.0,42100.0
466,2021-10-11 02:57:05,70300.0,2800.0,41900.0
467,2021-10-11 02:56:35,70300.0,100.0,39100.0
468,2021-10-11 02:55:33,70300.0,200.0,39000.0
469,2021-10-11 02:55:22,70300.0,5000.0,38800.0
470,2021-10-11 02:55:22,70300.0,5000.0,33800.0
471,2021-10-11 02:55:22,70300.0,5000.0,28800.0
472,2021-10-11 02:55:22,70300.0,1900.0,23800.0
473,2021-10-11 02:54:54,70400.0,200.0,21900.0
474,2021-10-11 02:54:54,70400.0,200.0,21700.0
475,2021-10-11 02:54:21,70400.0,500.0,21500.0
476,2021-10-11 02:54:21,70400.0,500.0,21000.0
477,2021-10-11 02:54:21,70400.0,1000.0,20500.0
478,2021-10-11 02:53:30,70500.0,500.0,19500.0
479,2021-10-11 02:53:30,70500.0,1000.0,19000.0
480,2021-10-11 02:53:30,70500.0,800.0,18000.0
481,2021-10-11 02:52:04,70800.0,1000.0,17200.0
482,2021-10-11 02:49:55,70800.0,400.0,16200.0
483,2021-10-11 02:49:42,70800.0,500.0,15800.0
484,2021-10-11 02:48:49,70800.0,100.0,15300.0
485,2021-10-11 02:48:46,70800.0,500.0,15200.0
486,2021-10-11 02:48:46,70800.0,300.0,14700.0
487,2021-10-11 02:48:46,70800.0,100.0,14400.0
488,2021-10-11 02:48:46,70800.0,700.0,14300.0
489,2021-10-11 02:48:46,70800.0,100.0,13600.0
490,2021-10-11 02:48:46,70700.0,100.0,13500.0
491,2021-10-11 02:48:25,70700.0,100.0,13400.0
492,2021-10-11 02:47:51,70500.0,100.0,13300.0
493,2021-10-11 02:46:57,70500.0,100.0,13200.0
494,2021-10-11 02:46:57,70500.0,700.0,13100.0
495,2021-10-11 02:46:57,70500.0,100.0,12400.0
496,2021-10-11 02:46:57,70500.0,100.0,12300.0
497,2021-10-11 02:46:44,70500.0,100.0,12200.0
498,2021-10-11 02:44:28,70400.0,100.0,12100.0
499,2021-10-11 02:41:58,70400.0,500.0,12000.0
500,2021-10-11 02:39:59,70400.0,100.0,11500.0
501,2021-10-11 02:39:59,70400.0,100.0,11400.0
502,2021-10-11 02:39:59,70400.0,100.0,11300.0
503,2021-10-11 02:39:59,70400.0,1100.0,11200.0
504,2021-10-11 02:39:44,70300.0,400.0,10100.0
505,2021-10-11 02:39:36,70400.0,900.0,9700.0
506,2021-10-11 02:39:36,70400.0,2000.0,8800.0
507,2021-10-11 02:39:36,70400.0,100.0,6800.0
508,2021-10-11 02:39:22,70400.0,200.0,6700.0
509,2021-10-11 02:36:17,70300.0,500.0,6500.0
510,2021-10-11 02:35:29,70300.0,2000.0,6000.0
511,2021-10-11 02:34:03,70300.0,200.0,4000.0
512,2021-10-11 02:31:56,70200.0,100.0,3800.0
513,2021-10-11 02:31:56,70200.0,1000.0,3700.0
514,2021-10-11 02:31:56,70200.0,500.0,2700.0
515,2021-10-11 02:31:56,70200.0,400.0,2200.0
516,2021-10-11 02:28:28,70400.0,100.0,1800.0
517,2021-10-11 02:26:35,70400.0,100.0,1700.0
518,2021-10-11 02:23:07,70100.0,500.0,1600.0
519,2021-10-11 02:23:07,70200.0,300.0,1100.0
520,2021-10-11 02:23:07,70200.0,100.0,800.0
521,2021-10-11 02:19:57,70500.0,200.0,700.0
522,2021-10-11 02:15:00,70500.0,100.0,500.0
523,2021-10-11 02:15:00,70500.0,200.0,400.0
524,2021-10-11 02:15:00,70500.0,100.0,200.0
525,2021-10-11 02:15:00,70500.0,100.0,100.0
