,Time,Price,Volume_per_trade,Volume
0,2021-10-13 07:45:00,48500.0,800.0,179100.0
1,2021-10-13 07:45:00,48500.0,200.0,178300.0
2,2021-10-13 07:45:00,48500.0,100.0,178100.0
3,2021-10-13 07:45:00,48500.0,100.0,178000.0
4,2021-10-13 07:45:00,48500.0,100.0,177900.0
5,2021-10-13 07:45:00,48500.0,900.0,177800.0
6,2021-10-13 07:45:00,48500.0,100.0,176900.0
7,2021-10-13 07:45:00,48500.0,200.0,176800.0
8,2021-10-13 07:27:39,48550.0,100.0,176600.0
9,2021-10-13 07:27:39,48550.0,200.0,176500.0
10,2021-10-13 07:27:39,48550.0,100.0,176300.0
11,2021-10-13 07:27:39,48550.0,100.0,176200.0
12,2021-10-13 07:27:35,48550.0,100.0,176100.0
13,2021-10-13 07:24:03,48650.0,100.0,176000.0
14,2021-10-13 07:22:02,48550.0,200.0,175900.0
15,2021-10-13 07:22:02,48550.0,600.0,175700.0
16,2021-10-13 07:22:02,48600.0,300.0,175100.0
17,2021-10-13 07:22:02,48600.0,900.0,174800.0
18,2021-10-13 07:18:25,48650.0,300.0,173900.0
19,2021-10-13 07:17:30,48600.0,100.0,173600.0
20,2021-10-13 07:17:30,48600.0,100.0,173500.0
21,2021-10-13 07:17:30,48600.0,200.0,173400.0
22,2021-10-13 07:13:48,48600.0,100.0,173200.0
23,2021-10-13 07:11:07,48600.0,300.0,173100.0
24,2021-10-13 07:11:07,48600.0,500.0,172800.0
25,2021-10-13 07:11:07,48600.0,100.0,172300.0
26,2021-10-13 07:04:40,48650.0,100.0,172200.0
27,2021-10-13 07:00:31,48650.0,300.0,172100.0
28,2021-10-13 07:00:20,48650.0,100.0,171800.0
29,2021-10-13 06:55:13,48600.0,4900.0,171700.0
30,2021-10-13 06:55:13,48600.0,600.0,166800.0
31,2021-10-13 06:54:10,48600.0,2300.0,166200.0
32,2021-10-13 06:54:10,48600.0,20000.0,163900.0
33,2021-10-13 06:54:10,48600.0,200.0,143900.0
34,2021-10-13 06:54:10,48600.0,300.0,143700.0
35,2021-10-13 06:54:10,48600.0,200.0,143400.0
36,2021-10-13 06:44:55,48600.0,100.0,143200.0
37,2021-10-13 06:44:55,48600.0,200.0,143100.0
38,2021-10-13 06:44:55,48600.0,100.0,142900.0
39,2021-10-13 06:44:55,48600.0,10000.0,142800.0
40,2021-10-13 06:44:55,48600.0,600.0,132800.0
41,2021-10-13 06:44:55,48650.0,300.0,132200.0
42,2021-10-13 06:44:55,48650.0,100.0,131900.0
43,2021-10-13 06:44:55,48650.0,100.0,131800.0
44,2021-10-13 06:39:48,48650.0,100.0,131700.0
45,2021-10-13 06:39:48,48650.0,5000.0,131600.0
46,2021-10-13 06:39:48,48650.0,1400.0,126600.0
47,2021-10-13 06:39:31,48650.0,3600.0,125200.0
48,2021-10-13 06:39:31,48700.0,200.0,121600.0
49,2021-10-13 06:39:31,48750.0,100.0,121400.0
50,2021-10-13 06:37:53,48750.0,800.0,121300.0
51,2021-10-13 06:36:59,48700.0,300.0,120500.0
52,2021-10-13 06:36:59,48700.0,200.0,120200.0
53,2021-10-13 06:36:59,48700.0,500.0,120000.0
54,2021-10-13 06:36:59,48700.0,400.0,119500.0
55,2021-10-13 06:36:59,48700.0,500.0,119100.0
56,2021-10-13 06:36:59,48700.0,100.0,118600.0
57,2021-10-13 06:36:59,48700.0,500.0,118500.0
58,2021-10-13 06:36:59,48700.0,500.0,118000.0
59,2021-10-13 06:36:59,48700.0,2500.0,117500.0
60,2021-10-13 06:34:19,48750.0,500.0,115000.0
61,2021-10-13 06:29:22,48700.0,1000.0,114500.0
62,2021-10-13 06:27:34,48700.0,1500.0,113500.0
63,2021-10-13 06:27:34,48700.0,1500.0,112000.0
64,2021-10-13 06:25:48,48800.0,1000.0,110500.0
65,2021-10-13 06:25:48,48800.0,500.0,109500.0
66,2021-10-13 06:25:48,48800.0,400.0,109000.0
67,2021-10-13 06:25:48,48800.0,5000.0,108600.0
68,2021-10-13 06:25:48,48850.0,100.0,103600.0
69,2021-10-13 06:25:19,48850.0,5000.0,103500.0
70,2021-10-13 06:22:29,48850.0,400.0,98500.0
71,2021-10-13 06:21:54,48850.0,600.0,98100.0
72,2021-10-13 06:21:54,48850.0,200.0,97500.0
73,2021-10-13 06:21:54,48850.0,100.0,97300.0
74,2021-10-13 06:19:58,48850.0,500.0,97200.0
75,2021-10-13 06:19:58,48850.0,5000.0,96700.0
76,2021-10-13 06:19:28,48900.0,1000.0,91700.0
77,2021-10-13 06:18:13,48850.0,200.0,90700.0
78,2021-10-13 06:10:51,48900.0,3500.0,90500.0
79,2021-10-13 06:08:35,48900.0,200.0,87000.0
80,2021-10-13 06:08:28,48900.0,100.0,86800.0
81,2021-10-13 06:08:19,48900.0,200.0,86700.0
82,2021-10-13 06:08:11,48900.0,1000.0,86500.0
83,2021-10-13 06:06:03,48850.0,4800.0,85500.0
84,2021-10-13 06:06:03,48850.0,300.0,80700.0
85,2021-10-13 06:06:03,48850.0,300.0,80400.0
86,2021-10-13 06:06:03,48850.0,100.0,80100.0
87,2021-10-13 06:00:25,48850.0,500.0,80000.0
88,2021-10-13 04:28:22,48850.0,400.0,79500.0
89,2021-10-13 04:28:22,48850.0,600.0,79100.0
90,2021-10-13 04:24:09,48850.0,4400.0,78500.0
91,2021-10-13 04:24:09,48850.0,100.0,74100.0
92,2021-10-13 04:24:09,48850.0,500.0,74000.0
93,2021-10-13 04:21:07,48850.0,4500.0,73500.0
94,2021-10-13 04:21:07,48850.0,500.0,69000.0
95,2021-10-13 04:19:15,48850.0,4500.0,68500.0
96,2021-10-13 04:15:35,48900.0,4500.0,64000.0
97,2021-10-13 04:14:12,49000.0,1000.0,59500.0
98,2021-10-13 04:14:12,49000.0,2000.0,58500.0
99,2021-10-13 04:14:12,49000.0,900.0,56500.0
100,2021-10-13 04:13:54,48900.0,200.0,55600.0
101,2021-10-13 04:13:54,48900.0,500.0,55400.0
102,2021-10-13 04:12:46,48950.0,100.0,54900.0
103,2021-10-13 04:08:53,49000.0,200.0,54800.0
104,2021-10-13 04:08:49,49000.0,500.0,54600.0
105,2021-10-13 04:08:44,49000.0,100.0,54100.0
106,2021-10-13 04:08:36,49000.0,200.0,54000.0
107,2021-10-13 04:08:26,49000.0,100.0,53800.0
108,2021-10-13 04:06:50,48950.0,4900.0,53700.0
109,2021-10-13 04:06:50,48950.0,4100.0,48800.0
110,2021-10-13 04:06:01,49100.0,200.0,44700.0
111,2021-10-13 04:05:12,49100.0,200.0,44500.0
112,2021-10-13 04:05:12,49100.0,1000.0,44300.0
113,2021-10-13 04:05:12,49100.0,1900.0,43300.0
114,2021-10-13 04:01:58,49000.0,1000.0,41400.0
115,2021-10-13 04:01:58,49000.0,200.0,40400.0
116,2021-10-13 04:01:58,49000.0,2000.0,40200.0
117,2021-10-13 04:01:58,49000.0,100.0,38200.0
118,2021-10-13 04:01:58,49000.0,200.0,38100.0
119,2021-10-13 03:50:43,49000.0,100.0,37900.0
120,2021-10-13 03:47:00,49000.0,5000.0,37800.0
121,2021-10-13 03:45:11,49100.0,100.0,32800.0
122,2021-10-13 03:43:18,49100.0,100.0,32700.0
123,2021-10-13 03:43:18,49150.0,100.0,32600.0
124,2021-10-13 03:43:13,49150.0,100.0,32500.0
125,2021-10-13 03:42:46,49100.0,200.0,32400.0
126,2021-10-13 03:41:05,49100.0,200.0,32200.0
127,2021-10-13 03:40:37,49100.0,1000.0,32000.0
128,2021-10-13 03:40:02,49200.0,100.0,31000.0
129,2021-10-13 03:38:37,49250.0,400.0,30900.0
130,2021-10-13 03:38:37,49250.0,300.0,30500.0
131,2021-10-13 03:38:26,49250.0,200.0,30200.0
132,2021-10-13 03:37:40,49250.0,500.0,30000.0
133,2021-10-13 03:37:40,49250.0,100.0,29500.0
134,2021-10-13 03:36:23,49500.0,300.0,29400.0
135,2021-10-13 03:36:23,49500.0,100.0,29100.0
136,2021-10-13 03:36:23,49500.0,100.0,29000.0
137,2021-10-13 03:35:16,49500.0,100.0,28900.0
138,2021-10-13 03:35:16,49500.0,300.0,28800.0
139,2021-10-13 03:35:16,49300.0,100.0,28500.0
140,2021-10-13 03:35:13,49300.0,1900.0,28400.0
141,2021-10-13 03:34:57,49500.0,1000.0,26500.0
142,2021-10-13 03:34:20,49300.0,100.0,25500.0
143,2021-10-13 03:34:08,49300.0,400.0,25400.0
144,2021-10-13 03:34:08,49200.0,100.0,25000.0
145,2021-10-13 03:34:08,49200.0,100.0,24900.0
146,2021-10-13 03:34:08,49200.0,600.0,24800.0
147,2021-10-13 03:34:08,49200.0,200.0,24200.0
148,2021-10-13 03:33:32,49200.0,400.0,24000.0
149,2021-10-13 03:33:32,49200.0,1000.0,23600.0
150,2021-10-13 03:33:32,49200.0,100.0,22600.0
151,2021-10-13 03:33:04,49000.0,500.0,22500.0
152,2021-10-13 03:33:04,49000.0,100.0,22000.0
153,2021-10-13 03:31:15,49000.0,1000.0,21900.0
154,2021-10-13 03:31:15,49000.0,100.0,20900.0
155,2021-10-13 03:31:15,49000.0,100.0,20800.0
156,2021-10-13 03:31:15,49000.0,200.0,20700.0
157,2021-10-13 03:31:15,48900.0,300.0,20500.0
158,2021-10-13 03:31:15,48900.0,100.0,20200.0
159,2021-10-13 03:31:15,48900.0,700.0,20100.0
160,2021-10-13 03:29:48,48900.0,100.0,19400.0
161,2021-10-13 03:28:19,48900.0,100.0,19300.0
162,2021-10-13 03:27:55,48900.0,100.0,19200.0
163,2021-10-13 03:14:51,48600.0,100.0,19100.0
164,2021-10-13 03:14:51,48600.0,100.0,19000.0
165,2021-10-13 03:13:54,48600.0,200.0,18900.0
166,2021-10-13 03:11:13,48600.0,200.0,18700.0
167,2021-10-13 03:11:13,48600.0,800.0,18500.0
168,2021-10-13 03:05:19,48550.0,100.0,17700.0
169,2021-10-13 03:04:54,48600.0,200.0,17600.0
170,2021-10-13 03:03:31,48550.0,200.0,17400.0
171,2021-10-13 03:01:26,48550.0,100.0,17200.0
172,2021-10-13 03:00:46,48550.0,600.0,17100.0
173,2021-10-13 02:59:00,48600.0,200.0,16500.0
174,2021-10-13 02:57:41,48600.0,500.0,16300.0
175,2021-10-13 02:57:41,48600.0,200.0,15800.0
176,2021-10-13 02:57:41,48600.0,300.0,15600.0
177,2021-10-13 02:55:17,48450.0,100.0,15300.0
178,2021-10-13 02:54:34,48450.0,200.0,15200.0
179,2021-10-13 02:50:21,48400.0,2000.0,15000.0
180,2021-10-13 02:50:21,48400.0,400.0,13000.0
181,2021-10-13 02:48:25,48500.0,800.0,12600.0
182,2021-10-13 02:48:02,48500.0,200.0,11800.0
183,2021-10-13 02:47:49,48500.0,2000.0,11600.0
184,2021-10-13 02:46:29,48400.0,300.0,9600.0
185,2021-10-13 02:46:29,48400.0,700.0,9300.0
186,2021-10-13 02:44:49,48600.0,500.0,8600.0
187,2021-10-13 02:37:02,48350.0,500.0,8100.0
188,2021-10-13 02:37:02,48350.0,200.0,7600.0
189,2021-10-13 02:34:11,48300.0,100.0,7400.0
190,2021-10-13 02:33:49,48500.0,100.0,7300.0
191,2021-10-13 02:32:12,48250.0,300.0,7200.0
192,2021-10-13 02:29:14,48200.0,800.0,6900.0
193,2021-10-13 02:29:14,48300.0,500.0,6100.0
194,2021-10-13 02:29:14,48300.0,500.0,5600.0
195,2021-10-13 02:29:14,48300.0,800.0,5100.0
196,2021-10-13 02:29:14,48300.0,100.0,4300.0
197,2021-10-13 02:29:14,48450.0,700.0,4200.0
198,2021-10-13 02:29:14,48450.0,500.0,3500.0
199,2021-10-13 02:29:14,48450.0,500.0,3000.0
200,2021-10-13 02:29:14,48500.0,300.0,2500.0
201,2021-10-13 02:27:19,48600.0,100.0,2200.0
202,2021-10-13 02:27:13,48600.0,500.0,2100.0
203,2021-10-13 02:23:51,48600.0,100.0,1600.0
204,2021-10-13 02:23:43,48600.0,300.0,1500.0
205,2021-10-13 02:23:43,48600.0,200.0,1200.0
206,2021-10-13 02:17:27,48600.0,300.0,1000.0
207,2021-10-13 02:15:00,48600.0,500.0,700.0
208,2021-10-13 02:15:00,48600.0,200.0,200.0
