,Time,Price,Volume_per_trade,Volume
0,2021-10-17 07:45:01,51900.0,1000.0,510500.0
1,2021-10-17 07:45:01,51900.0,200.0,509500.0
2,2021-10-17 07:23:57,51900.0,500.0,509300.0
3,2021-10-17 07:23:36,51900.0,200.0,508800.0
4,2021-10-17 07:23:09,51900.0,500.0,508600.0
5,2021-10-17 07:20:54,51900.0,300.0,508100.0
6,2021-10-17 07:20:47,51900.0,2500.0,507800.0
7,2021-10-17 07:20:47,51900.0,200.0,505300.0
8,2021-10-17 07:20:47,51900.0,300.0,505100.0
9,2021-10-17 07:20:47,51900.0,1000.0,504800.0
10,2021-10-17 07:20:47,51900.0,1000.0,503800.0
11,2021-10-17 07:20:14,51900.0,1000.0,502800.0
12,2021-10-17 07:19:22,51900.0,200.0,501800.0
13,2021-10-17 07:18:42,51900.0,800.0,501600.0
14,2021-10-17 07:18:42,51900.0,500.0,500800.0
15,2021-10-17 07:18:42,51900.0,100.0,500300.0
16,2021-10-17 07:18:42,51900.0,900.0,500200.0
17,2021-10-17 07:18:36,51900.0,100.0,499300.0
18,2021-10-17 07:17:33,51900.0,1000.0,499200.0
19,2021-10-17 07:13:18,51900.0,100.0,498200.0
20,2021-10-17 07:06:03,51900.0,100.0,498100.0
21,2021-10-17 07:06:03,51900.0,400.0,498000.0
22,2021-10-17 07:05:23,51900.0,100.0,497600.0
23,2021-10-17 07:05:23,51900.0,200.0,497500.0
24,2021-10-17 06:58:21,51900.0,200.0,497300.0
25,2021-10-17 06:55:42,51900.0,200.0,497100.0
26,2021-10-17 06:54:19,51900.0,200.0,496900.0
27,2021-10-17 06:52:30,51900.0,100.0,496700.0
28,2021-10-17 06:49:34,51900.0,100.0,496600.0
29,2021-10-17 06:49:34,51900.0,500.0,496500.0
30,2021-10-17 06:49:34,51900.0,400.0,496000.0
31,2021-10-17 06:47:47,51900.0,100.0,495600.0
32,2021-10-17 06:45:45,51900.0,100.0,495500.0
33,2021-10-17 06:45:45,51900.0,900.0,495400.0
34,2021-10-17 06:45:11,51900.0,100.0,494500.0
35,2021-10-17 06:41:00,51900.0,300.0,494400.0
36,2021-10-17 06:41:00,51900.0,700.0,494100.0
37,2021-10-17 06:40:37,51900.0,200.0,493400.0
38,2021-10-17 06:39:30,51900.0,600.0,493200.0
39,2021-10-17 06:35:22,51900.0,200.0,492600.0
40,2021-10-17 06:35:08,51900.0,500.0,492400.0
41,2021-10-17 06:31:21,51900.0,500.0,491900.0
42,2021-10-17 06:30:48,51900.0,300.0,491400.0
43,2021-10-17 06:30:48,51900.0,200.0,491100.0
44,2021-10-17 06:30:32,51900.0,1800.0,490900.0
45,2021-10-17 06:30:32,51900.0,100.0,489100.0
46,2021-10-17 06:30:27,51900.0,100.0,489000.0
47,2021-10-17 06:29:55,51900.0,500.0,488900.0
48,2021-10-17 06:29:55,51900.0,100.0,488400.0
49,2021-10-17 06:29:55,51900.0,100.0,488300.0
50,2021-10-17 06:29:55,51900.0,300.0,488200.0
51,2021-10-17 06:29:23,51900.0,200.0,487900.0
52,2021-10-17 06:25:57,51900.0,100.0,487700.0
53,2021-10-17 06:25:39,51900.0,200.0,487600.0
54,2021-10-17 06:22:55,51900.0,100.0,487400.0
55,2021-10-17 06:22:31,51900.0,100.0,487300.0
56,2021-10-17 06:22:31,51900.0,900.0,487200.0
57,2021-10-17 06:22:15,51900.0,100.0,486300.0
58,2021-10-17 06:22:15,51900.0,4500.0,486200.0
59,2021-10-17 06:22:15,51900.0,400.0,481700.0
60,2021-10-17 06:21:57,51900.0,200.0,481300.0
61,2021-10-17 06:20:57,51900.0,800.0,481100.0
62,2021-10-17 06:20:44,51900.0,200.0,480300.0
63,2021-10-17 06:20:42,51900.0,200.0,480100.0
64,2021-10-17 06:20:07,51900.0,1300.0,479900.0
65,2021-10-17 06:19:54,51900.0,1000.0,478600.0
66,2021-10-17 06:19:54,51900.0,1000.0,477600.0
67,2021-10-17 06:19:54,51900.0,700.0,476600.0
68,2021-10-17 06:19:54,51900.0,600.0,475900.0
69,2021-10-17 06:19:54,51900.0,200.0,475300.0
70,2021-10-17 06:19:51,51900.0,300.0,475100.0
71,2021-10-17 06:19:51,51900.0,700.0,474800.0
72,2021-10-17 06:19:39,51900.0,100.0,474100.0
73,2021-10-17 06:19:25,51900.0,200.0,474000.0
74,2021-10-17 06:18:25,51900.0,900.0,473800.0
75,2021-10-17 06:18:25,51900.0,100.0,472900.0
76,2021-10-17 06:18:20,51900.0,100.0,472800.0
77,2021-10-17 06:18:20,51900.0,100.0,472700.0
78,2021-10-17 06:18:10,51900.0,100.0,472600.0
79,2021-10-17 06:18:10,51900.0,400.0,472500.0
80,2021-10-17 06:17:53,51900.0,300.0,472100.0
81,2021-10-17 06:17:52,51900.0,500.0,471800.0
82,2021-10-17 06:17:35,51900.0,100.0,471300.0
83,2021-10-17 06:17:22,51900.0,1000.0,471200.0
84,2021-10-17 06:17:03,51900.0,100.0,470200.0
85,2021-10-17 06:16:43,51900.0,300.0,470100.0
86,2021-10-17 06:16:33,51900.0,200.0,469800.0
87,2021-10-17 06:16:33,51900.0,200.0,469600.0
88,2021-10-17 06:16:33,51900.0,900.0,469400.0
89,2021-10-17 06:16:33,51900.0,1000.0,468500.0
90,2021-10-17 06:15:49,51900.0,600.0,467500.0
91,2021-10-17 06:15:29,51900.0,200.0,466900.0
92,2021-10-17 06:15:26,51900.0,1000.0,466700.0
93,2021-10-17 06:15:21,51900.0,200.0,465700.0
94,2021-10-17 06:15:21,51900.0,9800.0,465500.0
95,2021-10-17 06:14:58,51900.0,200.0,455700.0
96,2021-10-17 06:14:36,51900.0,200.0,455500.0
97,2021-10-17 06:14:30,51900.0,200.0,455300.0
98,2021-10-17 06:14:18,51900.0,100.0,455100.0
99,2021-10-17 06:14:18,51900.0,100.0,455000.0
100,2021-10-17 06:14:10,51900.0,100.0,454900.0
101,2021-10-17 06:14:10,51900.0,400.0,454800.0
102,2021-10-17 06:14:00,51900.0,200.0,454400.0
103,2021-10-17 06:13:55,51900.0,200.0,454200.0
104,2021-10-17 06:13:55,51900.0,500.0,454000.0
105,2021-10-17 06:13:49,51900.0,500.0,453500.0
106,2021-10-17 06:13:48,51900.0,500.0,453000.0
107,2021-10-17 06:13:47,51900.0,100.0,452500.0
108,2021-10-17 06:13:46,51900.0,200.0,452400.0
109,2021-10-17 06:13:37,51900.0,7000.0,452200.0
110,2021-10-17 06:13:35,51900.0,400.0,445200.0
111,2021-10-17 06:13:34,51900.0,100.0,444800.0
112,2021-10-17 06:13:26,51900.0,1000.0,444700.0
113,2021-10-17 06:13:25,51900.0,500.0,443700.0
114,2021-10-17 06:13:20,51900.0,100.0,443200.0
115,2021-10-17 06:13:18,51900.0,500.0,443100.0
116,2021-10-17 06:13:18,51900.0,1000.0,442600.0
117,2021-10-17 06:13:18,51900.0,700.0,441600.0
118,2021-10-17 06:13:12,51900.0,500.0,440900.0
119,2021-10-17 06:13:12,51900.0,500.0,440400.0
120,2021-10-17 06:12:53,51900.0,100.0,439900.0
121,2021-10-17 06:12:45,51900.0,400.0,439800.0
122,2021-10-17 06:12:40,51900.0,100.0,439400.0
123,2021-10-17 06:12:32,51900.0,1500.0,439300.0
124,2021-10-17 06:12:32,51900.0,500.0,437800.0
125,2021-10-17 06:12:32,51900.0,500.0,437300.0
126,2021-10-17 06:12:32,51900.0,100.0,436800.0
127,2021-10-17 06:12:32,51900.0,100.0,436700.0
128,2021-10-17 06:12:32,51900.0,300.0,436600.0
129,2021-10-17 06:12:20,51900.0,400.0,436300.0
130,2021-10-17 06:12:20,51900.0,1000.0,435900.0
131,2021-10-17 06:12:20,51900.0,200.0,434900.0
132,2021-10-17 06:12:20,51900.0,1000.0,434700.0
133,2021-10-17 06:12:20,51900.0,100.0,433700.0
134,2021-10-17 06:12:20,51900.0,500.0,433600.0
135,2021-10-17 06:12:20,51900.0,3800.0,433100.0
136,2021-10-17 06:11:39,51700.0,100.0,429300.0
137,2021-10-17 06:11:29,51700.0,100.0,429200.0
138,2021-10-17 06:11:17,51700.0,500.0,429100.0
139,2021-10-17 06:11:07,51700.0,1000.0,428600.0
140,2021-10-17 06:11:07,51700.0,300.0,427600.0
141,2021-10-17 06:10:56,51700.0,300.0,427300.0
142,2021-10-17 06:10:53,51700.0,100.0,427000.0
143,2021-10-17 06:10:53,51700.0,1000.0,426900.0
144,2021-10-17 06:10:53,51700.0,1600.0,425900.0
145,2021-10-17 06:10:17,51900.0,200.0,424300.0
146,2021-10-17 06:10:17,51900.0,300.0,424100.0
147,2021-10-17 06:10:00,51900.0,200.0,423800.0
148,2021-10-17 06:09:25,51900.0,100.0,423600.0
149,2021-10-17 06:09:19,51900.0,200.0,423500.0
150,2021-10-17 06:09:13,51900.0,700.0,423300.0
151,2021-10-17 06:09:13,51900.0,500.0,422600.0
152,2021-10-17 06:09:13,51900.0,800.0,422100.0
153,2021-10-17 06:08:53,51900.0,1000.0,421300.0
154,2021-10-17 06:08:36,51900.0,100.0,420300.0
155,2021-10-17 06:08:36,51900.0,400.0,420200.0
156,2021-10-17 06:08:36,51900.0,200.0,419800.0
157,2021-10-17 06:08:36,51900.0,200.0,419600.0
158,2021-10-17 06:08:36,51900.0,10000.0,419400.0
159,2021-10-17 06:08:36,51900.0,200.0,409400.0
160,2021-10-17 06:08:36,51900.0,4000.0,409200.0
161,2021-10-17 06:08:36,51900.0,3100.0,405200.0
162,2021-10-17 06:08:11,51900.0,200.0,402100.0
163,2021-10-17 06:07:57,51900.0,100.0,401900.0
164,2021-10-17 06:07:54,51900.0,100.0,401800.0
165,2021-10-17 06:07:50,51900.0,1300.0,401700.0
166,2021-10-17 06:07:31,51900.0,100.0,400400.0
167,2021-10-17 06:07:31,51900.0,200.0,400300.0
168,2021-10-17 06:07:31,51900.0,2900.0,400100.0
169,2021-10-17 06:07:31,51900.0,3900.0,397200.0
170,2021-10-17 06:07:31,51900.0,100.0,393300.0
171,2021-10-17 06:07:29,51900.0,900.0,393200.0
172,2021-10-17 06:07:29,51900.0,100.0,392300.0
173,2021-10-17 06:07:23,51900.0,100.0,392200.0
174,2021-10-17 06:07:21,51900.0,100.0,392100.0
175,2021-10-17 06:07:21,51900.0,200.0,392000.0
176,2021-10-17 06:07:14,51700.0,200.0,391800.0
177,2021-10-17 06:07:13,51900.0,100.0,391600.0
178,2021-10-17 06:07:11,51900.0,1400.0,391500.0
179,2021-10-17 06:07:11,51900.0,1200.0,390100.0
180,2021-10-17 06:07:11,51900.0,1000.0,388900.0
181,2021-10-17 06:07:11,51900.0,1000.0,387900.0
182,2021-10-17 06:07:11,51900.0,100.0,386900.0
183,2021-10-17 06:07:11,51900.0,300.0,386800.0
184,2021-10-17 06:07:11,51900.0,1100.0,386500.0
185,2021-10-17 06:07:10,51900.0,1000.0,385400.0
186,2021-10-17 06:07:08,51900.0,2900.0,384400.0
187,2021-10-17 06:07:08,51900.0,100.0,381500.0
188,2021-10-17 06:07:08,51900.0,500.0,381400.0
189,2021-10-17 06:07:08,51900.0,6200.0,380900.0
190,2021-10-17 06:07:08,51900.0,2600.0,374700.0
191,2021-10-17 06:07:04,51900.0,300.0,372100.0
192,2021-10-17 06:07:03,51900.0,6000.0,371800.0
193,2021-10-17 06:06:59,51900.0,1100.0,365800.0
194,2021-10-17 06:06:59,51900.0,100.0,364700.0
195,2021-10-17 06:06:59,51900.0,800.0,364600.0
196,2021-10-17 06:06:47,51900.0,200.0,363800.0
197,2021-10-17 06:06:47,51800.0,200.0,363600.0
198,2021-10-17 06:06:47,51700.0,100.0,363400.0
199,2021-10-17 06:06:23,51600.0,2000.0,363300.0
200,2021-10-17 06:06:23,51600.0,500.0,361300.0
201,2021-10-17 06:06:23,51600.0,500.0,360800.0
202,2021-10-17 06:06:23,51600.0,100.0,360300.0
203,2021-10-17 06:06:23,51600.0,300.0,360200.0
204,2021-10-17 06:05:25,51500.0,200.0,359900.0
205,2021-10-17 06:05:25,51500.0,100.0,359700.0
206,2021-10-17 06:05:25,51500.0,1000.0,359600.0
207,2021-10-17 06:05:25,51500.0,500.0,358600.0
208,2021-10-17 06:05:25,51500.0,1000.0,358100.0
209,2021-10-17 06:05:25,51500.0,100.0,357100.0
210,2021-10-17 06:05:25,51500.0,100.0,357000.0
211,2021-10-17 06:05:25,51500.0,100.0,356900.0
212,2021-10-17 06:05:25,51500.0,100.0,356800.0
213,2021-10-17 06:05:25,51500.0,100.0,356700.0
214,2021-10-17 06:05:25,51500.0,400.0,356600.0
215,2021-10-17 06:05:25,51500.0,200.0,356200.0
216,2021-10-17 06:05:24,51500.0,300.0,356000.0
217,2021-10-17 06:04:59,51500.0,1500.0,355700.0
218,2021-10-17 06:04:59,51500.0,500.0,354200.0
219,2021-10-17 06:04:51,51400.0,1200.0,353700.0
220,2021-10-17 06:04:51,51400.0,800.0,352500.0
221,2021-10-17 06:04:34,51500.0,500.0,351700.0
222,2021-10-17 06:04:21,51400.0,2000.0,351200.0
223,2021-10-17 06:04:21,51400.0,500.0,349200.0
224,2021-10-17 06:04:21,51400.0,200.0,348700.0
225,2021-10-17 06:04:21,51400.0,2000.0,348500.0
226,2021-10-17 06:04:21,51400.0,1000.0,346500.0
227,2021-10-17 06:04:08,51300.0,100.0,345500.0
228,2021-10-17 06:04:08,51300.0,1000.0,345400.0
229,2021-10-17 06:04:08,51300.0,300.0,344400.0
230,2021-10-17 06:04:08,51300.0,1000.0,344100.0
231,2021-10-17 06:04:08,51300.0,500.0,343100.0
232,2021-10-17 06:04:08,51300.0,500.0,342600.0
233,2021-10-17 06:04:08,51300.0,100.0,342100.0
234,2021-10-17 06:04:08,51300.0,300.0,342000.0
235,2021-10-17 06:04:00,51300.0,200.0,341700.0
236,2021-10-17 06:04:00,51300.0,1200.0,341500.0
237,2021-10-17 06:04:00,51300.0,1000.0,340300.0
238,2021-10-17 06:04:00,51300.0,1000.0,339300.0
239,2021-10-17 06:03:48,51300.0,1900.0,338300.0
240,2021-10-17 06:01:31,51200.0,500.0,336400.0
241,2021-10-17 06:01:31,51200.0,1500.0,335900.0
242,2021-10-17 06:01:31,51200.0,1000.0,334400.0
243,2021-10-17 06:01:31,51200.0,200.0,333400.0
244,2021-10-17 06:01:31,51200.0,100.0,333200.0
245,2021-10-17 06:01:31,51200.0,100.0,333100.0
246,2021-10-17 06:01:31,51200.0,700.0,333000.0
247,2021-10-17 06:01:31,51200.0,1100.0,332300.0
248,2021-10-17 06:01:25,51200.0,1000.0,331200.0
249,2021-10-17 06:01:13,51200.0,900.0,330200.0
250,2021-10-17 06:01:13,51200.0,100.0,329300.0
251,2021-10-17 06:01:12,51200.0,500.0,329200.0
252,2021-10-17 06:01:05,51200.0,2900.0,328700.0
253,2021-10-17 06:00:42,51200.0,1600.0,325800.0
254,2021-10-17 06:00:42,51200.0,400.0,324200.0
255,2021-10-17 06:00:39,51200.0,500.0,323800.0
256,2021-10-17 06:00:14,51100.0,100.0,323300.0
257,2021-10-17 06:00:14,51100.0,100.0,323200.0
258,2021-10-17 06:00:13,51100.0,1000.0,323100.0
259,2021-10-17 06:00:07,51100.0,100.0,322100.0
260,2021-10-17 06:00:07,51100.0,100.0,322000.0
261,2021-10-17 06:00:07,51100.0,1300.0,321900.0
262,2021-10-17 06:00:06,51100.0,200.0,320600.0
263,2021-10-17 06:00:03,51100.0,1300.0,320400.0
264,2021-10-17 06:00:03,51100.0,1500.0,319100.0
265,2021-10-17 06:00:03,51100.0,200.0,317600.0
266,2021-10-17 06:00:03,51100.0,1800.0,317400.0
267,2021-10-17 06:00:03,51100.0,200.0,315600.0
268,2021-10-17 06:00:01,51100.0,100.0,315400.0
269,2021-10-17 04:28:05,51000.0,100.0,315300.0
270,2021-10-17 04:27:57,51000.0,200.0,315200.0
271,2021-10-17 04:27:51,51000.0,600.0,315000.0
272,2021-10-17 04:27:51,51000.0,1400.0,314400.0
273,2021-10-17 04:27:31,51000.0,100.0,313000.0
274,2021-10-17 04:26:56,51000.0,500.0,312900.0
275,2021-10-17 04:26:56,51000.0,100.0,312400.0
276,2021-10-17 04:26:56,51000.0,200.0,312300.0
277,2021-10-17 04:26:56,51000.0,200.0,312100.0
278,2021-10-17 04:26:56,51100.0,200.0,311900.0
279,2021-10-17 04:26:47,51100.0,100.0,311700.0
280,2021-10-17 04:26:00,51000.0,3000.0,311600.0
281,2021-10-17 04:24:54,51100.0,100.0,308600.0
282,2021-10-17 04:24:28,51000.0,100.0,308500.0
283,2021-10-17 04:24:10,51100.0,800.0,308400.0
284,2021-10-17 04:24:10,51100.0,200.0,307600.0
285,2021-10-17 04:24:10,51100.0,200.0,307400.0
286,2021-10-17 04:24:10,51100.0,600.0,307200.0
287,2021-10-17 04:23:47,51000.0,200.0,306600.0
288,2021-10-17 04:23:47,51000.0,900.0,306400.0
289,2021-10-17 04:23:34,51000.0,400.0,305500.0
290,2021-10-17 04:23:34,51000.0,200.0,305100.0
291,2021-10-17 04:23:34,51000.0,1500.0,304900.0
292,2021-10-17 04:23:01,51100.0,100.0,303400.0
293,2021-10-17 04:22:45,51000.0,500.0,303300.0
294,2021-10-17 04:22:42,51000.0,1500.0,302800.0
295,2021-10-17 04:22:42,51000.0,500.0,301300.0
296,2021-10-17 04:22:32,51000.0,400.0,300800.0
297,2021-10-17 04:22:28,51000.0,3000.0,300400.0
298,2021-10-17 04:22:22,51000.0,100.0,297400.0
299,2021-10-17 04:22:14,51000.0,100.0,297300.0
300,2021-10-17 04:22:04,51000.0,100.0,297200.0
301,2021-10-17 04:22:01,51000.0,800.0,297100.0
302,2021-10-17 04:22:01,51000.0,200.0,296300.0
303,2021-10-17 04:20:59,51000.0,100.0,296100.0
304,2021-10-17 04:18:26,51000.0,700.0,296000.0
305,2021-10-17 04:18:26,51000.0,300.0,295300.0
306,2021-10-17 04:18:06,51000.0,3500.0,295000.0
307,2021-10-17 04:18:06,51000.0,200.0,291500.0
308,2021-10-17 04:18:06,51000.0,300.0,291300.0
309,2021-10-17 04:18:06,51000.0,700.0,291000.0
310,2021-10-17 04:17:14,51000.0,300.0,290300.0
311,2021-10-17 04:16:54,51000.0,1000.0,290000.0
312,2021-10-17 04:16:54,51000.0,1200.0,289000.0
313,2021-10-17 04:15:42,51000.0,300.0,287800.0
314,2021-10-17 04:15:10,50900.0,300.0,287500.0
315,2021-10-17 04:12:40,51000.0,3500.0,287200.0
316,2021-10-17 04:12:28,51000.0,500.0,283700.0
317,2021-10-17 04:12:25,50800.0,300.0,283200.0
318,2021-10-17 04:12:25,50800.0,200.0,282900.0
319,2021-10-17 04:12:25,50800.0,300.0,282700.0
320,2021-10-17 04:12:07,51000.0,300.0,282400.0
321,2021-10-17 04:10:05,51000.0,1200.0,282100.0
322,2021-10-17 04:09:51,51000.0,1300.0,280900.0
323,2021-10-17 04:09:50,51000.0,100.0,279600.0
324,2021-10-17 04:09:50,51000.0,1000.0,279500.0
325,2021-10-17 04:09:34,51000.0,1000.0,278500.0
326,2021-10-17 04:09:34,51000.0,200.0,277500.0
327,2021-10-17 04:09:34,51000.0,1000.0,277300.0
328,2021-10-17 04:09:34,51000.0,800.0,276300.0
329,2021-10-17 04:09:34,51000.0,400.0,275500.0
330,2021-10-17 04:09:34,51000.0,1000.0,275100.0
331,2021-10-17 04:09:34,51000.0,600.0,274100.0
332,2021-10-17 04:09:30,51000.0,400.0,273500.0
333,2021-10-17 04:09:30,51000.0,1000.0,273100.0
334,2021-10-17 04:09:30,51000.0,100.0,272100.0
335,2021-10-17 04:09:02,51000.0,900.0,272000.0
336,2021-10-17 04:09:02,51000.0,1000.0,271100.0
337,2021-10-17 04:09:02,51000.0,100.0,270100.0
338,2021-10-17 04:09:02,51000.0,100.0,270000.0
339,2021-10-17 04:09:02,51000.0,700.0,269900.0
340,2021-10-17 04:09:02,50900.0,200.0,269200.0
341,2021-10-17 04:09:02,50900.0,1000.0,269000.0
342,2021-10-17 04:09:01,50900.0,100.0,268000.0
343,2021-10-17 04:08:15,50800.0,200.0,267900.0
344,2021-10-17 04:08:15,50800.0,100.0,267700.0
345,2021-10-17 04:08:15,50800.0,700.0,267600.0
346,2021-10-17 04:08:11,50800.0,100.0,266900.0
347,2021-10-17 04:07:44,50900.0,100.0,266800.0
348,2021-10-17 04:07:01,50900.0,500.0,266700.0
349,2021-10-17 04:06:43,50800.0,100.0,266200.0
350,2021-10-17 04:05:42,50900.0,100.0,266100.0
351,2021-10-17 04:03:52,50900.0,100.0,266000.0
352,2021-10-17 04:03:40,50900.0,100.0,265900.0
353,2021-10-17 04:03:07,50800.0,100.0,265800.0
354,2021-10-17 04:02:15,50900.0,500.0,265700.0
355,2021-10-17 04:02:11,50900.0,500.0,265200.0
356,2021-10-17 04:02:10,50900.0,1400.0,264700.0
357,2021-10-17 04:02:04,51000.0,600.0,263300.0
358,2021-10-17 04:00:34,51000.0,100.0,262700.0
359,2021-10-17 04:00:14,50900.0,200.0,262600.0
360,2021-10-17 03:59:19,51000.0,300.0,262400.0
361,2021-10-17 03:58:55,51000.0,100.0,262100.0
362,2021-10-17 03:58:37,50900.0,100.0,262000.0
363,2021-10-17 03:57:03,51000.0,200.0,261900.0
364,2021-10-17 03:57:03,51000.0,300.0,261700.0
365,2021-10-17 03:57:03,51000.0,1500.0,261400.0
366,2021-10-17 03:56:55,51000.0,500.0,259900.0
367,2021-10-17 03:56:55,51000.0,100.0,259400.0
368,2021-10-17 03:56:55,51000.0,1400.0,259300.0
369,2021-10-17 03:56:51,51000.0,100.0,257900.0
370,2021-10-17 03:56:20,51000.0,1500.0,257800.0
371,2021-10-17 03:54:42,51000.0,500.0,256300.0
372,2021-10-17 03:53:56,50900.0,800.0,255800.0
373,2021-10-17 03:52:37,50900.0,700.0,255000.0
374,2021-10-17 03:52:36,50900.0,500.0,254300.0
375,2021-10-17 03:51:58,51000.0,100.0,253800.0
376,2021-10-17 03:51:32,50900.0,600.0,253700.0
377,2021-10-17 03:51:32,50900.0,400.0,253100.0
378,2021-10-17 03:51:31,51000.0,100.0,252700.0
379,2021-10-17 03:51:19,50900.0,100.0,252600.0
380,2021-10-17 03:51:19,50900.0,300.0,252500.0
381,2021-10-17 03:51:19,50900.0,100.0,252200.0
382,2021-10-17 03:51:08,50900.0,1000.0,252100.0
383,2021-10-17 03:50:20,51000.0,600.0,251100.0
384,2021-10-17 03:48:44,51000.0,300.0,250500.0
385,2021-10-17 03:48:38,51000.0,100.0,250200.0
386,2021-10-17 03:48:34,51000.0,200.0,250100.0
387,2021-10-17 03:48:34,51000.0,200.0,249900.0
388,2021-10-17 03:48:34,51000.0,1000.0,249700.0
389,2021-10-17 03:48:34,51000.0,1500.0,248700.0
390,2021-10-17 03:47:53,51000.0,1000.0,247200.0
391,2021-10-17 03:47:49,51100.0,100.0,246200.0
392,2021-10-17 03:47:27,51000.0,1000.0,246100.0
393,2021-10-17 03:46:52,51100.0,100.0,245100.0
394,2021-10-17 03:46:08,51000.0,1000.0,245000.0
395,2021-10-17 03:45:52,50900.0,1000.0,244000.0
396,2021-10-17 03:45:52,50900.0,1000.0,243000.0
397,2021-10-17 03:45:49,51000.0,2000.0,242000.0
398,2021-10-17 03:44:49,51100.0,100.0,240000.0
399,2021-10-17 03:44:49,51100.0,100.0,239900.0
400,2021-10-17 03:44:02,51100.0,700.0,239800.0
401,2021-10-17 03:43:48,51100.0,100.0,239100.0
402,2021-10-17 03:43:48,51000.0,100.0,239000.0
403,2021-10-17 03:43:21,50900.0,1000.0,238900.0
404,2021-10-17 03:43:00,51000.0,100.0,237900.0
405,2021-10-17 03:42:56,51000.0,1000.0,237800.0
406,2021-10-17 03:42:00,51100.0,100.0,236800.0
407,2021-10-17 03:42:00,51100.0,1000.0,236700.0
408,2021-10-17 03:41:53,51200.0,100.0,235700.0
409,2021-10-17 03:41:22,51100.0,500.0,235600.0
410,2021-10-17 03:40:46,50900.0,200.0,235100.0
411,2021-10-17 03:40:26,50900.0,1000.0,234900.0
412,2021-10-17 03:40:26,50900.0,100.0,233900.0
413,2021-10-17 03:40:26,50900.0,900.0,233800.0
414,2021-10-17 03:40:26,50900.0,100.0,232900.0
415,2021-10-17 03:40:26,50900.0,400.0,232800.0
416,2021-10-17 03:40:26,51000.0,100.0,232400.0
417,2021-10-17 03:40:26,51000.0,200.0,232300.0
418,2021-10-17 03:40:11,51200.0,1200.0,232100.0
419,2021-10-17 03:40:11,51100.0,200.0,230900.0
420,2021-10-17 03:40:11,51100.0,100.0,230700.0
421,2021-10-17 03:38:30,51200.0,400.0,230600.0
422,2021-10-17 03:38:30,51200.0,300.0,230200.0
423,2021-10-17 03:38:30,51200.0,100.0,229900.0
424,2021-10-17 03:38:14,51200.0,200.0,229800.0
425,2021-10-17 03:38:06,51300.0,1000.0,229600.0
426,2021-10-17 03:38:01,51300.0,100.0,228600.0
427,2021-10-17 03:37:24,51300.0,100.0,228500.0
428,2021-10-17 03:37:21,51300.0,900.0,228400.0
429,2021-10-17 03:37:21,51300.0,2000.0,227500.0
430,2021-10-17 03:37:21,51300.0,500.0,225500.0
431,2021-10-17 03:37:21,51300.0,900.0,225000.0
432,2021-10-17 03:37:14,51300.0,100.0,224100.0
433,2021-10-17 03:36:24,51200.0,100.0,224000.0
434,2021-10-17 03:36:24,51200.0,100.0,223900.0
435,2021-10-17 03:36:24,51200.0,500.0,223800.0
436,2021-10-17 03:36:19,50900.0,400.0,223300.0
437,2021-10-17 03:36:19,51000.0,600.0,222900.0
438,2021-10-17 03:36:17,51200.0,200.0,222300.0
439,2021-10-17 03:35:29,51200.0,1200.0,222100.0
440,2021-10-17 03:35:05,51200.0,100.0,220900.0
441,2021-10-17 03:34:47,51000.0,200.0,220800.0
442,2021-10-17 03:34:47,51000.0,100.0,220600.0
443,2021-10-17 03:34:47,51000.0,100.0,220500.0
444,2021-10-17 03:34:47,51000.0,100.0,220400.0
445,2021-10-17 03:34:47,51000.0,1000.0,220300.0
446,2021-10-17 03:34:39,51000.0,1000.0,219300.0
447,2021-10-17 03:34:21,51000.0,300.0,218300.0
448,2021-10-17 03:34:20,51000.0,2000.0,218000.0
449,2021-10-17 03:34:14,51000.0,500.0,216000.0
450,2021-10-17 03:33:47,51000.0,200.0,215500.0
451,2021-10-17 03:33:47,51000.0,100.0,215300.0
452,2021-10-17 03:33:47,51000.0,200.0,215200.0
453,2021-10-17 03:33:44,51000.0,100.0,215000.0
454,2021-10-17 03:33:34,51000.0,200.0,214900.0
455,2021-10-17 03:33:34,51000.0,1200.0,214700.0
456,2021-10-17 03:33:34,51000.0,600.0,213500.0
457,2021-10-17 03:33:32,51000.0,400.0,212900.0
458,2021-10-17 03:33:32,51000.0,100.0,212500.0
459,2021-10-17 03:33:17,51000.0,100.0,212400.0
460,2021-10-17 03:33:17,51000.0,1900.0,212300.0
461,2021-10-17 03:33:12,51000.0,100.0,210400.0
462,2021-10-17 03:33:02,50900.0,100.0,210300.0
463,2021-10-17 03:33:02,50900.0,100.0,210200.0
464,2021-10-17 03:33:02,50900.0,100.0,210100.0
465,2021-10-17 03:32:59,50900.0,100.0,210000.0
466,2021-10-17 03:32:58,50900.0,200.0,209900.0
467,2021-10-17 03:32:47,50900.0,1100.0,209700.0
468,2021-10-17 03:32:25,50900.0,600.0,208600.0
469,2021-10-17 03:32:25,50900.0,200.0,208000.0
470,2021-10-17 03:32:13,50900.0,300.0,207800.0
471,2021-10-17 03:32:13,50900.0,500.0,207500.0
472,2021-10-17 03:32:13,50900.0,100.0,207000.0
473,2021-10-17 03:32:13,50800.0,100.0,206900.0
474,2021-10-17 03:32:13,50800.0,100.0,206800.0
475,2021-10-17 03:32:13,50800.0,2000.0,206700.0
476,2021-10-17 03:32:13,50800.0,900.0,204700.0
477,2021-10-17 03:32:12,50700.0,200.0,203800.0
478,2021-10-17 03:31:58,50700.0,400.0,203600.0
479,2021-10-17 03:31:52,50700.0,200.0,203200.0
480,2021-10-17 03:31:51,50700.0,200.0,203000.0
481,2021-10-17 03:31:45,50700.0,100.0,202800.0
482,2021-10-17 03:31:45,50700.0,3000.0,202700.0
483,2021-10-17 03:31:45,50700.0,1000.0,199700.0
484,2021-10-17 03:31:45,50700.0,1100.0,198700.0
485,2021-10-17 03:31:19,50700.0,500.0,197600.0
486,2021-10-17 03:31:17,50500.0,200.0,197100.0
487,2021-10-17 03:30:48,50700.0,100.0,196900.0
488,2021-10-17 03:30:45,50500.0,100.0,196800.0
489,2021-10-17 03:30:17,50500.0,100.0,196700.0
490,2021-10-17 03:30:17,50700.0,300.0,196600.0
491,2021-10-17 03:30:17,50700.0,100.0,196300.0
492,2021-10-17 03:29:46,50500.0,100.0,196200.0
493,2021-10-17 03:29:42,50500.0,200.0,196100.0
494,2021-10-17 03:29:42,50500.0,300.0,195900.0
495,2021-10-17 03:28:17,50800.0,100.0,195600.0
496,2021-10-17 03:28:11,50500.0,500.0,195500.0
497,2021-10-17 03:28:05,50500.0,2500.0,195000.0
498,2021-10-17 03:28:05,50500.0,1000.0,192500.0
499,2021-10-17 03:28:05,50500.0,200.0,191500.0
500,2021-10-17 03:27:34,50500.0,600.0,191300.0
501,2021-10-17 03:27:14,50500.0,300.0,190700.0
502,2021-10-17 03:27:06,50500.0,100.0,190400.0
503,2021-10-17 03:25:52,50500.0,100.0,190300.0
504,2021-10-17 03:25:29,50500.0,1700.0,190200.0
505,2021-10-17 03:25:29,50500.0,400.0,188500.0
506,2021-10-17 03:25:16,50500.0,300.0,188100.0
507,2021-10-17 03:25:14,50500.0,100.0,187800.0
508,2021-10-17 03:25:08,50500.0,2100.0,187700.0
509,2021-10-17 03:25:08,50500.0,100.0,185600.0
510,2021-10-17 03:24:49,50500.0,400.0,185500.0
511,2021-10-17 03:24:48,50500.0,600.0,185100.0
512,2021-10-17 03:24:44,50500.0,1000.0,184500.0
513,2021-10-17 03:24:22,50500.0,100.0,183500.0
514,2021-10-17 03:24:20,50500.0,100.0,183400.0
515,2021-10-17 03:24:19,50500.0,400.0,183300.0
516,2021-10-17 03:24:18,50500.0,400.0,182900.0
517,2021-10-17 03:24:18,50500.0,100.0,182500.0
518,2021-10-17 03:24:14,50500.0,400.0,182400.0
519,2021-10-17 03:24:14,50500.0,100.0,182000.0
520,2021-10-17 03:23:55,50500.0,100.0,181900.0
521,2021-10-17 03:23:44,50300.0,700.0,181800.0
522,2021-10-17 03:23:44,50300.0,300.0,181100.0
523,2021-10-17 03:23:28,50300.0,100.0,180800.0
524,2021-10-17 03:23:17,50300.0,900.0,180700.0
525,2021-10-17 03:23:17,50300.0,100.0,179800.0
526,2021-10-17 03:23:00,50200.0,100.0,179700.0
527,2021-10-17 03:22:56,50200.0,100.0,179600.0
528,2021-10-17 03:22:45,50200.0,500.0,179500.0
529,2021-10-17 03:22:17,50100.0,100.0,179000.0
530,2021-10-17 03:22:13,50100.0,3000.0,178900.0
531,2021-10-17 03:21:46,50000.0,1000.0,175900.0
532,2021-10-17 03:21:46,50000.0,1500.0,174900.0
533,2021-10-17 03:21:46,50000.0,600.0,173400.0
534,2021-10-17 03:21:46,50000.0,100.0,172800.0
535,2021-10-17 03:21:46,50000.0,500.0,172700.0
536,2021-10-17 03:21:46,50000.0,1000.0,172200.0
537,2021-10-17 03:21:46,50000.0,500.0,171200.0
538,2021-10-17 03:21:46,50000.0,300.0,170700.0
539,2021-10-17 03:21:46,50000.0,2300.0,170400.0
540,2021-10-17 03:21:46,50000.0,900.0,168100.0
541,2021-10-17 03:21:45,50000.0,1000.0,167200.0
542,2021-10-17 03:21:45,50000.0,400.0,166200.0
543,2021-10-17 03:21:43,50000.0,1500.0,165800.0
544,2021-10-17 03:21:37,50000.0,3700.0,164300.0
545,2021-10-17 03:21:37,50000.0,200.0,160600.0
546,2021-10-17 03:21:37,50000.0,800.0,160400.0
547,2021-10-17 03:21:27,50000.0,800.0,159600.0
548,2021-10-17 03:21:27,50000.0,500.0,158800.0
549,2021-10-17 03:21:27,50000.0,100.0,158300.0
550,2021-10-17 03:21:27,50000.0,400.0,158200.0
551,2021-10-17 03:21:27,50000.0,100.0,157800.0
552,2021-10-17 03:21:27,50000.0,100.0,157700.0
553,2021-10-17 03:21:12,50000.0,100.0,157600.0
554,2021-10-17 03:21:12,50000.0,1000.0,157500.0
555,2021-10-17 03:21:12,50000.0,400.0,156500.0
556,2021-10-17 03:21:10,49900.0,300.0,156100.0
557,2021-10-17 03:21:08,49900.0,1000.0,155800.0
558,2021-10-17 03:21:06,49900.0,500.0,154800.0
559,2021-10-17 03:21:00,49900.0,1200.0,154300.0
560,2021-10-17 03:21:00,49900.0,2000.0,153100.0
561,2021-10-17 03:21:00,49900.0,1000.0,151100.0
562,2021-10-17 03:21:00,49900.0,700.0,150100.0
563,2021-10-17 03:21:00,49900.0,100.0,149400.0
564,2021-10-17 03:21:00,49900.0,5000.0,149300.0
565,2021-10-17 03:20:35,49900.0,100.0,144300.0
566,2021-10-17 03:20:24,49800.0,100.0,144200.0
567,2021-10-17 03:20:24,49800.0,100.0,144100.0
568,2021-10-17 03:20:24,49800.0,100.0,144000.0
569,2021-10-17 03:20:24,49800.0,1000.0,143900.0
570,2021-10-17 03:20:24,49800.0,200.0,142900.0
571,2021-10-17 03:20:24,49800.0,5000.0,142700.0
572,2021-10-17 03:20:24,49800.0,500.0,137700.0
573,2021-10-17 03:20:24,49800.0,3300.0,137200.0
574,2021-10-17 03:20:22,49800.0,400.0,133900.0
575,2021-10-17 03:20:18,49800.0,1300.0,133500.0
576,2021-10-17 03:20:18,49800.0,700.0,132200.0
577,2021-10-17 03:20:15,49800.0,1500.0,131500.0
578,2021-10-17 03:20:12,49800.0,100.0,130000.0
579,2021-10-17 03:20:09,49800.0,100.0,129900.0
580,2021-10-17 03:20:00,49750.0,200.0,129800.0
581,2021-10-17 03:19:45,49800.0,1000.0,129600.0
582,2021-10-17 03:19:36,49750.0,300.0,128600.0
583,2021-10-17 03:19:36,49750.0,200.0,128300.0
584,2021-10-17 03:19:06,49800.0,800.0,128100.0
585,2021-10-17 03:18:15,49800.0,100.0,127300.0
586,2021-10-17 03:18:02,49750.0,100.0,127200.0
587,2021-10-17 03:17:57,49800.0,100.0,127100.0
588,2021-10-17 03:17:48,49750.0,600.0,127000.0
589,2021-10-17 03:17:01,49800.0,200.0,126400.0
590,2021-10-17 03:16:16,49800.0,100.0,126200.0
591,2021-10-17 03:16:10,49700.0,100.0,126100.0
592,2021-10-17 03:16:05,49800.0,200.0,126000.0
593,2021-10-17 03:15:09,49800.0,100.0,125800.0
594,2021-10-17 03:14:57,49700.0,100.0,125700.0
595,2021-10-17 03:14:57,49700.0,500.0,125600.0
596,2021-10-17 03:14:57,49700.0,2700.0,125100.0
597,2021-10-17 03:14:47,49700.0,100.0,122400.0
598,2021-10-17 03:14:41,49600.0,100.0,122300.0
599,2021-10-17 03:13:35,49700.0,200.0,122200.0
600,2021-10-17 03:13:35,49700.0,700.0,122000.0
601,2021-10-17 03:13:35,49700.0,200.0,121300.0
602,2021-10-17 03:13:35,49700.0,100.0,121100.0
603,2021-10-17 03:13:21,49700.0,100.0,121000.0
604,2021-10-17 03:13:14,49600.0,100.0,120900.0
605,2021-10-17 03:12:53,49700.0,4200.0,120800.0
606,2021-10-17 03:12:30,49700.0,700.0,116600.0
607,2021-10-17 03:12:30,49700.0,300.0,115900.0
608,2021-10-17 03:12:02,49700.0,2000.0,115600.0
609,2021-10-17 03:11:51,49700.0,500.0,113600.0
610,2021-10-17 03:11:20,49700.0,1500.0,113100.0
611,2021-10-17 03:11:16,49600.0,100.0,111600.0
612,2021-10-17 03:11:15,49700.0,700.0,111500.0
613,2021-10-17 03:11:15,49700.0,4300.0,110800.0
614,2021-10-17 03:11:12,49700.0,100.0,106500.0
615,2021-10-17 03:11:00,49600.0,200.0,106400.0
616,2021-10-17 03:10:48,49700.0,500.0,106200.0
617,2021-10-17 03:10:06,49700.0,100.0,105700.0
618,2021-10-17 03:09:57,49600.0,400.0,105600.0
619,2021-10-17 03:09:54,49600.0,500.0,105200.0
620,2021-10-17 03:09:53,49600.0,1100.0,104700.0
621,2021-10-17 03:09:53,49600.0,900.0,103600.0
622,2021-10-17 03:09:49,49600.0,4100.0,102700.0
623,2021-10-17 03:09:49,49600.0,900.0,98600.0
624,2021-10-17 03:09:35,49600.0,3000.0,97700.0
625,2021-10-17 03:09:04,49600.0,500.0,94700.0
626,2021-10-17 03:08:48,49600.0,500.0,94200.0
627,2021-10-17 03:08:28,49600.0,100.0,93700.0
628,2021-10-17 03:08:22,49500.0,800.0,93600.0
629,2021-10-17 03:08:14,49500.0,200.0,92800.0
630,2021-10-17 03:08:14,49500.0,4800.0,92600.0
631,2021-10-17 03:08:01,49500.0,200.0,87800.0
632,2021-10-17 03:08:01,49500.0,300.0,87600.0
633,2021-10-17 03:07:45,49400.0,1000.0,87300.0
634,2021-10-17 03:07:35,49500.0,700.0,86300.0
635,2021-10-17 03:07:35,49500.0,300.0,85600.0
636,2021-10-17 03:07:35,49500.0,100.0,85300.0
637,2021-10-17 03:07:35,49500.0,1000.0,85200.0
638,2021-10-17 03:07:35,49500.0,500.0,84200.0
639,2021-10-17 03:07:35,49500.0,200.0,83700.0
640,2021-10-17 03:07:35,49500.0,500.0,83500.0
641,2021-10-17 03:07:35,49500.0,100.0,83000.0
642,2021-10-17 03:07:35,49500.0,2000.0,82900.0
643,2021-10-17 03:07:35,49500.0,200.0,80900.0
644,2021-10-17 03:07:35,49500.0,4900.0,80700.0
645,2021-10-17 03:07:35,49400.0,100.0,75800.0
646,2021-10-17 03:07:35,49400.0,400.0,75700.0
647,2021-10-17 03:07:31,49400.0,300.0,75300.0
648,2021-10-17 03:07:31,49400.0,100.0,75000.0
649,2021-10-17 03:07:27,49400.0,500.0,74900.0
650,2021-10-17 03:07:08,49400.0,700.0,74400.0
651,2021-10-17 03:07:08,49400.0,100.0,73700.0
652,2021-10-17 03:07:08,49400.0,200.0,73600.0
653,2021-10-17 03:07:01,49400.0,400.0,73400.0
654,2021-10-17 03:06:59,49400.0,100.0,73000.0
655,2021-10-17 03:06:57,49400.0,500.0,72900.0
656,2021-10-17 03:06:52,49400.0,1800.0,72400.0
657,2021-10-17 03:06:52,49400.0,300.0,70600.0
658,2021-10-17 03:06:52,49400.0,2900.0,70300.0
659,2021-10-17 03:06:37,49400.0,100.0,67400.0
660,2021-10-17 03:06:30,49300.0,500.0,67300.0
661,2021-10-17 03:06:30,49300.0,100.0,66800.0
662,2021-10-17 03:06:22,49300.0,300.0,66700.0
663,2021-10-17 03:06:15,49300.0,100.0,66400.0
664,2021-10-17 03:06:13,49300.0,1000.0,66300.0
665,2021-10-17 03:06:13,49300.0,100.0,65300.0
666,2021-10-17 03:06:13,49300.0,200.0,65200.0
667,2021-10-17 03:06:13,49300.0,200.0,65000.0
668,2021-10-17 03:06:13,49300.0,500.0,64800.0
669,2021-10-17 03:05:50,49300.0,500.0,64300.0
670,2021-10-17 03:05:37,49300.0,200.0,63800.0
671,2021-10-17 03:05:37,49300.0,700.0,63600.0
672,2021-10-17 03:05:15,49300.0,2300.0,62900.0
673,2021-10-17 03:05:15,49300.0,1200.0,60600.0
674,2021-10-17 03:05:15,49250.0,500.0,59400.0
675,2021-10-17 03:05:14,49250.0,500.0,58900.0
676,2021-10-17 03:05:12,49300.0,100.0,58400.0
677,2021-10-17 03:05:00,49250.0,100.0,58300.0
678,2021-10-17 03:04:49,49250.0,300.0,58200.0
679,2021-10-17 03:04:49,49250.0,200.0,57900.0
680,2021-10-17 03:04:49,49250.0,900.0,57700.0
681,2021-10-17 03:04:35,49200.0,2000.0,56800.0
682,2021-10-17 03:01:37,49250.0,100.0,54800.0
683,2021-10-17 03:01:07,49250.0,1000.0,54700.0
684,2021-10-17 03:01:07,49250.0,2000.0,53700.0
685,2021-10-17 03:01:07,49200.0,300.0,51700.0
686,2021-10-17 03:01:07,49200.0,100.0,51400.0
687,2021-10-17 03:01:07,49200.0,300.0,51300.0
688,2021-10-17 03:01:07,49200.0,1300.0,51000.0
689,2021-10-17 03:00:30,49200.0,700.0,49700.0
690,2021-10-17 03:00:30,49200.0,1500.0,49000.0
691,2021-10-17 03:00:30,49200.0,2900.0,47500.0
692,2021-10-17 03:00:30,49200.0,1000.0,44600.0
693,2021-10-17 03:00:30,49200.0,1900.0,43600.0
694,2021-10-17 03:00:26,49150.0,1000.0,41700.0
695,2021-10-17 03:00:26,49150.0,100.0,40700.0
696,2021-10-17 03:00:26,49150.0,300.0,40600.0
697,2021-10-17 03:00:26,49150.0,1000.0,40300.0
698,2021-10-17 03:00:26,49150.0,100.0,39300.0
699,2021-10-17 03:00:26,49150.0,400.0,39200.0
700,2021-10-17 03:00:26,49150.0,100.0,38800.0
701,2021-10-17 03:00:06,49200.0,100.0,38700.0
702,2021-10-17 03:00:06,49200.0,100.0,38600.0
703,2021-10-17 02:59:05,49200.0,100.0,38500.0
704,2021-10-17 02:58:27,49150.0,100.0,38400.0
705,2021-10-17 02:58:15,49150.0,100.0,38300.0
706,2021-10-17 02:57:49,49200.0,500.0,38200.0
707,2021-10-17 02:56:13,49200.0,100.0,37700.0
708,2021-10-17 02:55:35,49150.0,200.0,37600.0
709,2021-10-17 02:55:29,49200.0,100.0,37400.0
710,2021-10-17 02:55:29,49200.0,1000.0,37300.0
711,2021-10-17 02:53:44,49200.0,100.0,36300.0
712,2021-10-17 02:53:32,49150.0,1000.0,36200.0
713,2021-10-17 02:53:32,49150.0,100.0,35200.0
714,2021-10-17 02:53:32,49150.0,500.0,35100.0
715,2021-10-17 02:52:13,49150.0,100.0,34600.0
716,2021-10-17 02:50:43,49100.0,800.0,34500.0
717,2021-10-17 02:50:20,49100.0,500.0,33700.0
718,2021-10-17 02:50:20,49100.0,800.0,33200.0
719,2021-10-17 02:50:20,49100.0,900.0,32400.0
720,2021-10-17 02:49:39,49150.0,1100.0,31500.0
721,2021-10-17 02:49:27,49150.0,200.0,30400.0
722,2021-10-17 02:46:26,49150.0,100.0,30200.0
723,2021-10-17 02:46:12,49100.0,100.0,30100.0
724,2021-10-17 02:46:02,49150.0,100.0,30000.0
725,2021-10-17 02:46:02,49150.0,1000.0,29900.0
726,2021-10-17 02:45:56,49100.0,1000.0,28900.0
727,2021-10-17 02:45:23,49100.0,1000.0,27900.0
728,2021-10-17 02:44:24,49100.0,100.0,26900.0
729,2021-10-17 02:43:57,49100.0,100.0,26800.0
730,2021-10-17 02:43:30,49100.0,400.0,26700.0
731,2021-10-17 02:43:24,49000.0,100.0,26300.0
732,2021-10-17 02:43:05,49100.0,500.0,26200.0
733,2021-10-17 02:43:02,49100.0,100.0,25700.0
734,2021-10-17 02:43:02,49100.0,200.0,25600.0
735,2021-10-17 02:42:45,49100.0,300.0,25400.0
736,2021-10-17 02:40:50,49200.0,100.0,25100.0
737,2021-10-17 02:40:33,49150.0,500.0,25000.0
738,2021-10-17 02:38:24,49200.0,400.0,24500.0
739,2021-10-17 02:36:45,49200.0,200.0,24100.0
740,2021-10-17 02:36:45,49200.0,100.0,23900.0
741,2021-10-17 02:36:45,49200.0,300.0,23800.0
742,2021-10-17 02:36:15,49200.0,500.0,23500.0
743,2021-10-17 02:35:02,49200.0,700.0,23000.0
744,2021-10-17 02:35:02,49200.0,300.0,22300.0
745,2021-10-17 02:34:55,49200.0,200.0,22000.0
746,2021-10-17 02:34:20,49200.0,200.0,21800.0
747,2021-10-17 02:33:48,49200.0,300.0,21600.0
748,2021-10-17 02:33:48,49200.0,4000.0,21300.0
749,2021-10-17 02:33:48,49200.0,100.0,17300.0
750,2021-10-17 02:33:48,49200.0,300.0,17200.0
751,2021-10-17 02:33:48,49200.0,300.0,16900.0
752,2021-10-17 02:32:22,49200.0,200.0,16600.0
753,2021-10-17 02:30:35,49200.0,100.0,16400.0
754,2021-10-17 02:30:17,49100.0,100.0,16300.0
755,2021-10-17 02:29:56,49000.0,100.0,16200.0
756,2021-10-17 02:29:24,48950.0,800.0,16100.0
757,2021-10-17 02:29:20,48950.0,200.0,15300.0
758,2021-10-17 02:27:19,49000.0,100.0,15100.0
759,2021-10-17 02:26:54,49000.0,900.0,15000.0
760,2021-10-17 02:26:54,49000.0,700.0,14100.0
761,2021-10-17 02:26:54,49000.0,300.0,13400.0
762,2021-10-17 02:26:54,49000.0,1200.0,13100.0
763,2021-10-17 02:26:54,48900.0,100.0,11900.0
764,2021-10-17 02:26:43,48900.0,500.0,11800.0
765,2021-10-17 02:26:43,48900.0,300.0,11300.0
766,2021-10-17 02:26:30,49000.0,1000.0,11000.0
767,2021-10-17 02:26:21,48950.0,600.0,10000.0
768,2021-10-17 02:25:45,48900.0,700.0,9400.0
769,2021-10-17 02:25:28,48900.0,100.0,8700.0
770,2021-10-17 02:24:31,48900.0,100.0,8600.0
771,2021-10-17 02:24:31,48850.0,200.0,8500.0
772,2021-10-17 02:23:56,48800.0,600.0,8300.0
773,2021-10-17 02:23:56,48800.0,400.0,7700.0
774,2021-10-17 02:22:49,48850.0,100.0,7300.0
775,2021-10-17 02:22:14,48900.0,1000.0,7200.0
776,2021-10-17 02:22:14,48900.0,1000.0,6200.0
777,2021-10-17 02:21:19,49000.0,100.0,5200.0
778,2021-10-17 02:20:58,49000.0,700.0,5100.0
779,2021-10-17 02:19:46,49000.0,200.0,4400.0
780,2021-10-17 02:19:39,49000.0,1100.0,4200.0
781,2021-10-17 02:19:07,49000.0,900.0,3100.0
782,2021-10-17 02:19:06,49000.0,100.0,2200.0
783,2021-10-17 02:16:43,49000.0,100.0,2100.0
784,2021-10-17 02:15:00,49200.0,800.0,2000.0
785,2021-10-17 02:15:00,49200.0,100.0,1200.0
786,2021-10-17 02:15:00,49200.0,100.0,1100.0
787,2021-10-17 02:15:00,49200.0,700.0,1000.0
788,2021-10-17 02:15:00,49200.0,300.0,300.0
