,Time,Price,Volume_per_trade,Volume
0,2021-09-30 14:45:01,19450.0,500.0,991900.0
1,2021-09-30 14:45:01,19450.0,600.0,991400.0
2,2021-09-30 14:45:01,19450.0,300.0,990800.0
3,2021-09-30 14:45:01,19450.0,300.0,990500.0
4,2021-09-30 14:45:01,19450.0,200.0,990200.0
5,2021-09-30 14:45:01,19450.0,400.0,990000.0
6,2021-09-30 14:45:01,19450.0,100.0,989600.0
7,2021-09-30 14:45:01,19450.0,1000.0,989500.0
8,2021-09-30 14:45:01,19450.0,200.0,988500.0
9,2021-09-30 14:45:01,19450.0,5000.0,988300.0
10,2021-09-30 14:45:01,19450.0,500.0,983300.0
11,2021-09-30 14:45:01,19450.0,1000.0,982800.0
12,2021-09-30 14:45:01,19450.0,400.0,981800.0
13,2021-09-30 14:45:01,19450.0,100.0,981400.0
14,2021-09-30 14:45:01,19450.0,100.0,981300.0
15,2021-09-30 14:45:01,19450.0,1000.0,981200.0
16,2021-09-30 14:45:01,19450.0,300.0,980200.0
17,2021-09-30 14:45:01,19450.0,1400.0,979900.0
18,2021-09-30 14:45:01,19450.0,100.0,978500.0
19,2021-09-30 14:45:01,19450.0,1000.0,978400.0
20,2021-09-30 14:45:01,19450.0,300.0,977400.0
21,2021-09-30 14:45:01,19450.0,100.0,977100.0
22,2021-09-30 14:45:01,19450.0,1000.0,977000.0
23,2021-09-30 14:45:01,19450.0,900.0,976000.0
24,2021-09-30 14:45:01,19450.0,100.0,975100.0
25,2021-09-30 14:45:01,19450.0,100.0,975000.0
26,2021-09-30 14:45:01,19450.0,1000.0,974900.0
27,2021-09-30 14:45:01,19450.0,1000.0,973900.0
28,2021-09-30 14:45:01,19450.0,1000.0,972900.0
29,2021-09-30 14:45:01,19450.0,2000.0,971900.0
30,2021-09-30 14:45:01,19450.0,2500.0,969900.0
31,2021-09-30 14:45:01,19450.0,1000.0,967400.0
32,2021-09-30 14:45:01,19450.0,100.0,966400.0
33,2021-09-30 14:45:01,19450.0,400.0,966300.0
34,2021-09-30 14:45:01,19450.0,1800.0,965900.0
35,2021-09-30 14:45:01,19450.0,200.0,964100.0
36,2021-09-30 14:45:01,19450.0,800.0,963900.0
37,2021-09-30 14:29:34,19300.0,800.0,963100.0
38,2021-09-30 14:28:24,19400.0,1000.0,962300.0
39,2021-09-30 14:27:12,19400.0,100.0,961300.0
40,2021-09-30 14:27:12,19300.0,1900.0,961200.0
41,2021-09-30 14:27:04,19300.0,100.0,959300.0
42,2021-09-30 14:27:02,19400.0,1700.0,959200.0
43,2021-09-30 14:27:02,19400.0,200.0,957500.0
44,2021-09-30 14:27:02,19400.0,100.0,957300.0
45,2021-09-30 14:16:03,19400.0,200.0,957200.0
46,2021-09-30 14:14:05,19450.0,2200.0,957000.0
47,2021-09-30 14:14:05,19400.0,500.0,954800.0
48,2021-09-30 14:14:05,19400.0,400.0,954300.0
49,2021-09-30 14:14:05,19400.0,2000.0,953900.0
50,2021-09-30 14:14:05,19400.0,100.0,951900.0
51,2021-09-30 14:14:05,19400.0,100.0,951800.0
52,2021-09-30 14:14:05,19400.0,300.0,951700.0
53,2021-09-30 14:14:05,19400.0,2800.0,951400.0
54,2021-09-30 14:14:05,19400.0,1000.0,948600.0
55,2021-09-30 14:14:05,19350.0,1000.0,947600.0
56,2021-09-30 14:14:05,19350.0,5000.0,946600.0
57,2021-09-30 14:14:05,19300.0,500.0,941600.0
58,2021-09-30 14:14:05,19300.0,5000.0,941100.0
59,2021-09-30 14:14:05,19300.0,1000.0,936100.0
60,2021-09-30 14:14:05,19300.0,100.0,935100.0
61,2021-09-30 14:14:05,19300.0,200.0,935000.0
62,2021-09-30 14:14:05,19300.0,500.0,934800.0
63,2021-09-30 14:14:05,19300.0,6000.0,934300.0
64,2021-09-30 14:14:05,19300.0,1000.0,928300.0
65,2021-09-30 14:14:05,19300.0,300.0,927300.0
66,2021-09-30 14:13:27,19000.0,1000.0,927000.0
67,2021-09-30 14:13:23,19000.0,1000.0,926000.0
68,2021-09-30 14:12:56,19000.0,10000.0,925000.0
69,2021-09-30 14:12:56,19000.0,1000.0,915000.0
70,2021-09-30 14:12:56,19000.0,1000.0,914000.0
71,2021-09-30 14:12:56,19000.0,500.0,913000.0
72,2021-09-30 14:12:56,19000.0,1000.0,912500.0
73,2021-09-30 14:12:56,19000.0,1000.0,911500.0
74,2021-09-30 14:12:56,19000.0,200.0,910500.0
75,2021-09-30 14:12:56,19000.0,200.0,910300.0
76,2021-09-30 14:12:56,19000.0,200.0,910100.0
77,2021-09-30 14:12:56,19000.0,2000.0,909900.0
78,2021-09-30 14:12:56,19000.0,200.0,907900.0
79,2021-09-30 14:12:56,19000.0,1000.0,907700.0
80,2021-09-30 14:12:56,19000.0,1000.0,906700.0
81,2021-09-30 14:12:56,19000.0,300.0,905700.0
82,2021-09-30 14:12:56,19000.0,1000.0,905400.0
83,2021-09-30 14:12:56,19000.0,100.0,904400.0
84,2021-09-30 14:12:56,19000.0,200.0,904300.0
85,2021-09-30 14:12:56,19000.0,1000.0,904100.0
86,2021-09-30 14:12:56,19100.0,300.0,903100.0
87,2021-09-30 14:12:56,19100.0,100.0,902800.0
88,2021-09-30 14:12:56,19100.0,500.0,902700.0
89,2021-09-30 14:12:56,19100.0,1000.0,902200.0
90,2021-09-30 14:12:56,19100.0,2000.0,901200.0
91,2021-09-30 14:12:56,19100.0,1000.0,899200.0
92,2021-09-30 14:12:56,19100.0,1000.0,898200.0
93,2021-09-30 14:12:56,19100.0,2200.0,897200.0
94,2021-09-30 14:12:56,19150.0,200.0,895000.0
95,2021-09-30 14:12:56,19150.0,1000.0,894800.0
96,2021-09-30 14:12:56,19150.0,3000.0,893800.0
97,2021-09-30 14:12:56,19200.0,1000.0,890800.0
98,2021-09-30 14:12:56,19200.0,4500.0,889800.0
99,2021-09-30 14:12:56,19200.0,200.0,885300.0
100,2021-09-30 14:12:56,19200.0,500.0,885100.0
101,2021-09-30 14:12:56,19200.0,1500.0,884600.0
102,2021-09-30 14:12:56,19200.0,4000.0,883100.0
103,2021-09-30 14:12:56,19250.0,500.0,879100.0
104,2021-09-30 14:12:56,19250.0,800.0,878600.0
105,2021-09-30 14:12:56,19250.0,500.0,877800.0
106,2021-09-30 14:12:56,19250.0,300.0,877300.0
107,2021-09-30 14:10:20,19250.0,1700.0,877000.0
108,2021-09-30 14:10:02,19250.0,800.0,875300.0
109,2021-09-30 14:10:02,19250.0,700.0,874500.0
110,2021-09-30 14:06:21,19250.0,100.0,873800.0
111,2021-09-30 14:06:21,19250.0,200.0,873700.0
112,2021-09-30 14:03:31,19250.0,300.0,873500.0
113,2021-09-30 14:03:31,19250.0,500.0,873200.0
114,2021-09-30 14:02:13,19250.0,300.0,872700.0
115,2021-09-30 14:02:13,19250.0,1000.0,872400.0
116,2021-09-30 14:02:13,19250.0,200.0,871400.0
117,2021-09-30 14:02:13,19250.0,3000.0,871200.0
118,2021-09-30 14:02:13,19250.0,300.0,868200.0
119,2021-09-30 14:02:13,19250.0,200.0,867900.0
120,2021-09-30 14:00:47,19300.0,400.0,867700.0
121,2021-09-30 14:00:11,19300.0,300.0,867300.0
122,2021-09-30 13:56:33,19250.0,800.0,867000.0
123,2021-09-30 13:56:33,19250.0,100.0,866200.0
124,2021-09-30 13:56:33,19300.0,100.0,866100.0
125,2021-09-30 13:56:31,19300.0,900.0,866000.0
126,2021-09-30 13:56:31,19300.0,100.0,865100.0
127,2021-09-30 13:56:00,19300.0,400.0,865000.0
128,2021-09-30 13:56:00,19300.0,600.0,864600.0
129,2021-09-30 13:55:15,19300.0,300.0,864000.0
130,2021-09-30 13:54:56,19300.0,1000.0,863700.0
131,2021-09-30 13:54:56,19300.0,100.0,862700.0
132,2021-09-30 13:52:35,19300.0,1000.0,862600.0
133,2021-09-30 13:52:35,19300.0,4900.0,861600.0
134,2021-09-30 13:52:08,19300.0,100.0,856700.0
135,2021-09-30 13:52:08,19300.0,400.0,856600.0
136,2021-09-30 13:49:26,19300.0,500.0,856200.0
137,2021-09-30 13:48:05,19300.0,1100.0,855700.0
138,2021-09-30 13:48:05,19300.0,100.0,854600.0
139,2021-09-30 13:48:05,19300.0,100.0,854500.0
140,2021-09-30 13:48:03,19350.0,200.0,854400.0
141,2021-09-30 13:48:03,19350.0,100.0,854200.0
142,2021-09-30 13:48:03,19350.0,500.0,854100.0
143,2021-09-30 13:48:03,19350.0,200.0,853600.0
144,2021-09-30 13:47:27,19350.0,100.0,853400.0
145,2021-09-30 13:45:51,19300.0,200.0,853300.0
146,2021-09-30 13:44:37,19300.0,800.0,853100.0
147,2021-09-30 13:44:37,19300.0,600.0,852300.0
148,2021-09-30 13:44:37,19300.0,500.0,851700.0
149,2021-09-30 13:44:37,19300.0,1100.0,851200.0
150,2021-09-30 13:44:24,19300.0,1900.0,850100.0
151,2021-09-30 13:44:24,19300.0,500.0,848200.0
152,2021-09-30 13:44:24,19300.0,2600.0,847700.0
153,2021-09-30 13:44:02,19350.0,100.0,845100.0
154,2021-09-30 13:40:10,19350.0,1000.0,845000.0
155,2021-09-30 13:39:59,19350.0,600.0,844000.0
156,2021-09-30 13:39:59,19350.0,500.0,843400.0
157,2021-09-30 13:39:59,19350.0,500.0,842900.0
158,2021-09-30 13:39:42,19350.0,1000.0,842400.0
159,2021-09-30 13:38:33,19350.0,200.0,841400.0
160,2021-09-30 13:35:29,19400.0,100.0,841200.0
161,2021-09-30 13:32:56,19400.0,1000.0,841100.0
162,2021-09-30 13:31:08,19400.0,200.0,840100.0
163,2021-09-30 13:30:46,19400.0,800.0,839900.0
164,2021-09-30 13:30:19,19400.0,200.0,839100.0
165,2021-09-30 13:29:07,19400.0,100.0,838900.0
166,2021-09-30 13:29:07,19400.0,200.0,838800.0
167,2021-09-30 13:29:01,19400.0,300.0,838600.0
168,2021-09-30 13:29:01,19400.0,200.0,838300.0
169,2021-09-30 13:29:01,19400.0,500.0,838100.0
170,2021-09-30 13:29:01,19400.0,500.0,837600.0
171,2021-09-30 13:28:47,19400.0,500.0,837100.0
172,2021-09-30 13:28:47,19400.0,300.0,836600.0
173,2021-09-30 13:28:47,19400.0,100.0,836300.0
174,2021-09-30 13:28:47,19400.0,1000.0,836200.0
175,2021-09-30 13:28:47,19400.0,1000.0,835200.0
176,2021-09-30 13:28:47,19400.0,100.0,834200.0
177,2021-09-30 13:28:31,19400.0,100.0,834100.0
178,2021-09-30 13:28:31,19400.0,100.0,834000.0
179,2021-09-30 13:28:31,19400.0,100.0,833900.0
180,2021-09-30 13:28:31,19400.0,100.0,833800.0
181,2021-09-30 13:28:31,19400.0,100.0,833700.0
182,2021-09-30 13:28:31,19400.0,500.0,833600.0
183,2021-09-30 13:28:31,19400.0,1000.0,833100.0
184,2021-09-30 13:28:31,19400.0,100.0,832100.0
185,2021-09-30 13:28:31,19400.0,700.0,832000.0
186,2021-09-30 13:28:31,19350.0,200.0,831300.0
187,2021-09-30 13:27:19,19350.0,300.0,831100.0
188,2021-09-30 13:27:19,19350.0,1000.0,830800.0
189,2021-09-30 13:27:19,19350.0,1700.0,829800.0
190,2021-09-30 13:27:17,19350.0,3000.0,828100.0
191,2021-09-30 13:27:10,19350.0,200.0,825100.0
192,2021-09-30 13:26:35,19350.0,100.0,824900.0
193,2021-09-30 13:26:35,19350.0,200.0,824800.0
194,2021-09-30 13:24:39,19300.0,200.0,824600.0
195,2021-09-30 13:24:02,19300.0,100.0,824400.0
196,2021-09-30 13:23:16,19300.0,1000.0,824300.0
197,2021-09-30 13:23:16,19300.0,1100.0,823300.0
198,2021-09-30 13:21:51,19300.0,600.0,822200.0
199,2021-09-30 13:21:51,19300.0,100.0,821600.0
200,2021-09-30 13:21:01,19300.0,900.0,821500.0
201,2021-09-30 13:21:01,19300.0,300.0,820600.0
202,2021-09-30 13:21:01,19300.0,1000.0,820300.0
203,2021-09-30 13:21:01,19300.0,4800.0,819300.0
204,2021-09-30 13:20:41,19300.0,200.0,814500.0
205,2021-09-30 13:20:41,19300.0,300.0,814300.0
206,2021-09-30 13:17:14,19250.0,1000.0,814000.0
207,2021-09-30 13:17:14,19250.0,1700.0,813000.0
208,2021-09-30 13:15:43,19250.0,300.0,811300.0
209,2021-09-30 13:14:49,19250.0,700.0,811000.0
210,2021-09-30 13:14:03,19250.0,200.0,810300.0
211,2021-09-30 13:13:06,19250.0,800.0,810100.0
212,2021-09-30 13:12:03,19250.0,1000.0,809300.0
213,2021-09-30 13:12:03,19250.0,300.0,808300.0
214,2021-09-30 13:12:03,19250.0,900.0,808000.0
215,2021-09-30 13:10:33,19300.0,500.0,807100.0
216,2021-09-30 13:10:33,19300.0,200.0,806600.0
217,2021-09-30 13:10:26,19300.0,2000.0,806400.0
218,2021-09-30 13:08:56,19300.0,300.0,804400.0
219,2021-09-30 13:08:36,19300.0,200.0,804100.0
220,2021-09-30 13:08:36,19300.0,200.0,803900.0
221,2021-09-30 13:08:36,19300.0,1000.0,803700.0
222,2021-09-30 13:08:36,19300.0,1000.0,802700.0
223,2021-09-30 13:08:36,19300.0,2300.0,801700.0
224,2021-09-30 13:07:39,19300.0,4300.0,799400.0
225,2021-09-30 13:06:11,19300.0,100.0,795100.0
226,2021-09-30 13:05:51,19300.0,3300.0,795000.0
227,2021-09-30 13:05:51,19300.0,1000.0,791700.0
228,2021-09-30 13:05:51,19300.0,2400.0,790700.0
229,2021-09-30 13:05:51,19250.0,2000.0,788300.0
230,2021-09-30 13:05:51,19250.0,10000.0,786300.0
231,2021-09-30 13:05:51,19250.0,1300.0,776300.0
232,2021-09-30 13:05:16,19250.0,1100.0,775000.0
233,2021-09-30 13:05:16,19250.0,3700.0,773900.0
234,2021-09-30 13:05:16,19200.0,200.0,770200.0
235,2021-09-30 13:03:41,19100.0,400.0,770000.0
236,2021-09-30 13:02:43,19100.0,400.0,769600.0
237,2021-09-30 13:01:35,19100.0,10000.0,769200.0
238,2021-09-30 13:00:14,19050.0,2000.0,759200.0
239,2021-09-30 13:00:01,19050.0,400.0,757200.0
240,2021-09-30 13:00:01,19050.0,100.0,756800.0
241,2021-09-30 13:00:01,19050.0,400.0,756700.0
242,2021-09-30 13:00:01,19050.0,300.0,756300.0
243,2021-09-30 11:27:40,19000.0,2000.0,756000.0
244,2021-09-30 11:27:35,19000.0,200.0,754000.0
245,2021-09-30 11:26:18,19000.0,1000.0,753800.0
246,2021-09-30 11:26:18,19000.0,800.0,752800.0
247,2021-09-30 11:24:24,19000.0,200.0,752000.0
248,2021-09-30 11:24:24,19000.0,500.0,751800.0
249,2021-09-30 11:24:24,19000.0,400.0,751300.0
250,2021-09-30 11:24:24,19000.0,2900.0,750900.0
251,2021-09-30 11:23:04,19000.0,100.0,748000.0
252,2021-09-30 11:23:04,19000.0,500.0,747900.0
253,2021-09-30 11:23:04,19000.0,1000.0,747400.0
254,2021-09-30 11:23:04,19000.0,100.0,746400.0
255,2021-09-30 11:23:04,19000.0,3300.0,746300.0
256,2021-09-30 11:22:48,19000.0,1700.0,743000.0
257,2021-09-30 11:22:48,19000.0,5200.0,741300.0
258,2021-09-30 11:22:41,19000.0,500.0,736100.0
259,2021-09-30 11:20:16,19000.0,1200.0,735600.0
260,2021-09-30 11:20:15,19000.0,3100.0,734400.0
261,2021-09-30 11:20:15,19000.0,1000.0,731300.0
262,2021-09-30 11:20:15,19000.0,1000.0,730300.0
263,2021-09-30 11:20:15,19000.0,1000.0,729300.0
264,2021-09-30 11:20:15,19000.0,100.0,728300.0
265,2021-09-30 11:20:15,19000.0,3000.0,728200.0
266,2021-09-30 11:20:15,19000.0,3000.0,725200.0
267,2021-09-30 11:20:15,19000.0,100.0,722200.0
268,2021-09-30 11:20:15,19000.0,500.0,722100.0
269,2021-09-30 11:20:15,19000.0,1000.0,721600.0
270,2021-09-30 11:20:15,19000.0,5000.0,720600.0
271,2021-09-30 11:20:15,19000.0,200.0,715600.0
272,2021-09-30 11:20:15,19000.0,200.0,715400.0
273,2021-09-30 11:20:15,19000.0,1000.0,715200.0
274,2021-09-30 11:20:15,19000.0,100.0,714200.0
275,2021-09-30 11:20:15,19000.0,3000.0,714100.0
276,2021-09-30 11:20:15,19000.0,500.0,711100.0
277,2021-09-30 11:20:15,19000.0,1000.0,710600.0
278,2021-09-30 11:20:15,19000.0,5000.0,709600.0
279,2021-09-30 11:20:15,19000.0,300.0,704600.0
280,2021-09-30 11:20:15,19000.0,200.0,704300.0
281,2021-09-30 11:20:15,19050.0,1000.0,704100.0
282,2021-09-30 11:20:15,19100.0,2000.0,703100.0
283,2021-09-30 11:20:15,19100.0,1000.0,701100.0
284,2021-09-30 11:20:15,19100.0,1000.0,700100.0
285,2021-09-30 11:20:15,19100.0,100.0,699100.0
286,2021-09-30 11:20:15,19100.0,1000.0,699000.0
287,2021-09-30 11:20:15,19100.0,1000.0,698000.0
288,2021-09-30 11:20:15,19100.0,600.0,697000.0
289,2021-09-30 11:20:15,19150.0,2000.0,696400.0
290,2021-09-30 11:19:17,19150.0,500.0,694400.0
291,2021-09-30 11:19:17,19150.0,700.0,693900.0
292,2021-09-30 11:19:17,19150.0,200.0,693200.0
293,2021-09-30 11:19:17,19150.0,100.0,693000.0
294,2021-09-30 11:19:17,19150.0,100.0,692900.0
295,2021-09-30 11:19:17,19150.0,1000.0,692800.0
296,2021-09-30 11:19:17,19150.0,1000.0,691800.0
297,2021-09-30 11:14:09,19200.0,600.0,690800.0
298,2021-09-30 11:12:56,19200.0,2000.0,690200.0
299,2021-09-30 11:11:46,19200.0,2800.0,688200.0
300,2021-09-30 11:09:59,19200.0,500.0,685400.0
301,2021-09-30 11:09:56,19200.0,1700.0,684900.0
302,2021-09-30 11:06:42,19200.0,100.0,683200.0
303,2021-09-30 11:06:09,19250.0,300.0,683100.0
304,2021-09-30 11:05:27,19200.0,500.0,682800.0
305,2021-09-30 11:03:08,19200.0,500.0,682300.0
306,2021-09-30 11:03:07,19200.0,500.0,681800.0
307,2021-09-30 11:02:09,19200.0,1500.0,681300.0
308,2021-09-30 11:01:33,19150.0,1100.0,679800.0
309,2021-09-30 11:01:33,19150.0,400.0,678700.0
310,2021-09-30 11:00:31,19150.0,600.0,678300.0
311,2021-09-30 11:00:31,19150.0,100.0,677700.0
312,2021-09-30 11:00:31,19150.0,300.0,677600.0
313,2021-09-30 10:59:57,19150.0,700.0,677300.0
314,2021-09-30 10:59:57,19150.0,1000.0,676600.0
315,2021-09-30 10:59:57,19200.0,300.0,675600.0
316,2021-09-30 10:59:57,19200.0,800.0,675300.0
317,2021-09-30 10:59:57,19250.0,2200.0,674500.0
318,2021-09-30 10:59:29,19300.0,100.0,672300.0
319,2021-09-30 10:59:18,19300.0,500.0,672200.0
320,2021-09-30 10:57:58,19250.0,800.0,671700.0
321,2021-09-30 10:57:58,19250.0,200.0,670900.0
322,2021-09-30 10:56:51,19300.0,2000.0,670700.0
323,2021-09-30 10:55:48,19250.0,2000.0,668700.0
324,2021-09-30 10:55:46,19250.0,800.0,666700.0
325,2021-09-30 10:55:11,19250.0,2000.0,665900.0
326,2021-09-30 10:54:59,19200.0,6000.0,663900.0
327,2021-09-30 10:54:59,19200.0,6000.0,657900.0
328,2021-09-30 10:54:59,19200.0,500.0,651900.0
329,2021-09-30 10:54:59,19200.0,700.0,651400.0
330,2021-09-30 10:54:59,19200.0,700.0,650700.0
331,2021-09-30 10:54:59,19200.0,100.0,650000.0
332,2021-09-30 10:54:59,19200.0,1000.0,649900.0
333,2021-09-30 10:52:02,19200.0,4000.0,648900.0
334,2021-09-30 10:52:02,19200.0,1000.0,644900.0
335,2021-09-30 10:52:02,19200.0,1000.0,643900.0
336,2021-09-30 10:52:02,19200.0,500.0,642900.0
337,2021-09-30 10:52:02,19200.0,500.0,642400.0
338,2021-09-30 10:52:02,19200.0,100.0,641900.0
339,2021-09-30 10:52:02,19200.0,100.0,641800.0
340,2021-09-30 10:52:02,19200.0,1000.0,641700.0
341,2021-09-30 10:52:02,19250.0,300.0,640700.0
342,2021-09-30 10:52:02,19250.0,500.0,640400.0
343,2021-09-30 10:52:02,19250.0,1000.0,639900.0
344,2021-09-30 10:51:39,19250.0,500.0,638900.0
345,2021-09-30 10:48:44,19250.0,700.0,638400.0
346,2021-09-30 10:48:44,19250.0,500.0,637700.0
347,2021-09-30 10:48:44,19250.0,1000.0,637200.0
348,2021-09-30 10:48:44,19250.0,1200.0,636200.0
349,2021-09-30 10:48:44,19250.0,1000.0,635000.0
350,2021-09-30 10:48:44,19250.0,100.0,634000.0
351,2021-09-30 10:48:44,19300.0,5500.0,633900.0
352,2021-09-30 10:47:58,19300.0,500.0,628400.0
353,2021-09-30 10:47:06,19250.0,100.0,627900.0
354,2021-09-30 10:46:59,19400.0,600.0,627800.0
355,2021-09-30 10:46:00,19400.0,300.0,627200.0
356,2021-09-30 10:46:00,19350.0,5000.0,626900.0
357,2021-09-30 10:46:00,19350.0,1000.0,621900.0
358,2021-09-30 10:46:00,19350.0,200.0,620900.0
359,2021-09-30 10:46:00,19350.0,1200.0,620700.0
360,2021-09-30 10:46:00,19300.0,2300.0,619500.0
361,2021-09-30 10:45:57,19300.0,5000.0,617200.0
362,2021-09-30 10:45:57,19300.0,1000.0,612200.0
363,2021-09-30 10:45:57,19300.0,1000.0,611200.0
364,2021-09-30 10:45:57,19300.0,700.0,610200.0
365,2021-09-30 10:45:53,19300.0,300.0,609500.0
366,2021-09-30 10:45:53,19300.0,200.0,609200.0
367,2021-09-30 10:44:51,19300.0,200.0,609000.0
368,2021-09-30 10:44:47,19300.0,100.0,608800.0
369,2021-09-30 10:44:47,19300.0,300.0,608700.0
370,2021-09-30 10:43:47,19300.0,700.0,608400.0
371,2021-09-30 10:43:47,19300.0,1000.0,607700.0
372,2021-09-30 10:43:47,19300.0,2000.0,606700.0
373,2021-09-30 10:43:47,19300.0,1300.0,604700.0
374,2021-09-30 10:41:56,19350.0,11200.0,603400.0
375,2021-09-30 10:40:07,19350.0,1000.0,592200.0
376,2021-09-30 10:40:00,19350.0,3600.0,591200.0
377,2021-09-30 10:40:00,19350.0,300.0,587600.0
378,2021-09-30 10:40:00,19350.0,100.0,587300.0
379,2021-09-30 10:39:17,19350.0,3000.0,587200.0
380,2021-09-30 10:38:56,19350.0,1000.0,584200.0
381,2021-09-30 10:38:56,19350.0,100.0,583200.0
382,2021-09-30 10:38:56,19350.0,3900.0,583100.0
383,2021-09-30 10:38:09,19350.0,500.0,579200.0
384,2021-09-30 10:38:09,19350.0,200.0,578700.0
385,2021-09-30 10:38:09,19350.0,200.0,578500.0
386,2021-09-30 10:38:09,19350.0,200.0,578300.0
387,2021-09-30 10:37:46,19400.0,100.0,578100.0
388,2021-09-30 10:37:44,19350.0,600.0,578000.0
389,2021-09-30 10:37:44,19350.0,2400.0,577400.0
390,2021-09-30 10:36:38,19350.0,100.0,575000.0
391,2021-09-30 10:36:22,19350.0,200.0,574900.0
392,2021-09-30 10:36:08,19350.0,100.0,574700.0
393,2021-09-30 10:36:08,19350.0,3200.0,574600.0
394,2021-09-30 10:35:45,19350.0,800.0,571400.0
395,2021-09-30 10:35:11,19350.0,100.0,570600.0
396,2021-09-30 10:35:11,19350.0,100.0,570500.0
397,2021-09-30 10:34:59,19350.0,800.0,570400.0
398,2021-09-30 10:34:02,19350.0,1000.0,569600.0
399,2021-09-30 10:34:02,19350.0,500.0,568600.0
400,2021-09-30 10:34:02,19350.0,600.0,568100.0
401,2021-09-30 10:33:57,19400.0,300.0,567500.0
402,2021-09-30 10:33:57,19400.0,1700.0,567200.0
403,2021-09-30 10:33:37,19400.0,3300.0,565500.0
404,2021-09-30 10:33:37,19400.0,100.0,562200.0
405,2021-09-30 10:33:37,19400.0,100.0,562100.0
406,2021-09-30 10:33:37,19400.0,1000.0,562000.0
407,2021-09-30 10:33:37,19400.0,500.0,561000.0
408,2021-09-30 10:32:42,19350.0,100.0,560500.0
409,2021-09-30 10:32:42,19350.0,300.0,560400.0
410,2021-09-30 10:32:04,19300.0,1700.0,560100.0
411,2021-09-30 10:31:51,19300.0,5000.0,558400.0
412,2021-09-30 10:31:18,19300.0,500.0,553400.0
413,2021-09-30 10:31:05,19300.0,1000.0,552900.0
414,2021-09-30 10:31:04,19250.0,800.0,551900.0
415,2021-09-30 10:31:04,19250.0,1000.0,551100.0
416,2021-09-30 10:31:04,19250.0,100.0,550100.0
417,2021-09-30 10:31:04,19250.0,1000.0,550000.0
418,2021-09-30 10:31:04,19250.0,100.0,549000.0
419,2021-09-30 10:31:04,19250.0,100.0,548900.0
420,2021-09-30 10:31:04,19250.0,1000.0,548800.0
421,2021-09-30 10:31:04,19250.0,900.0,547800.0
422,2021-09-30 10:29:54,19300.0,6800.0,546900.0
423,2021-09-30 10:29:54,19300.0,600.0,540100.0
424,2021-09-30 10:29:54,19300.0,1000.0,539500.0
425,2021-09-30 10:29:54,19300.0,1600.0,538500.0
426,2021-09-30 10:29:51,19300.0,500.0,536900.0
427,2021-09-30 10:29:50,19300.0,100.0,536400.0
428,2021-09-30 10:29:41,19300.0,100.0,536300.0
429,2021-09-30 10:29:29,19300.0,500.0,536200.0
430,2021-09-30 10:29:18,19300.0,1200.0,535700.0
431,2021-09-30 10:29:18,19300.0,5000.0,534500.0
432,2021-09-30 10:29:18,19300.0,200.0,529500.0
433,2021-09-30 10:29:18,19300.0,3600.0,529300.0
434,2021-09-30 10:29:03,19300.0,2700.0,525700.0
435,2021-09-30 10:26:43,19250.0,300.0,523000.0
436,2021-09-30 10:26:43,19250.0,20000.0,522700.0
437,2021-09-30 10:26:43,19250.0,4700.0,502700.0
438,2021-09-30 10:26:22,19300.0,1000.0,498000.0
439,2021-09-30 10:26:22,19300.0,5000.0,497000.0
440,2021-09-30 10:26:18,19300.0,8000.0,492000.0
441,2021-09-30 10:25:31,19250.0,500.0,484000.0
442,2021-09-30 10:25:31,19250.0,1800.0,483500.0
443,2021-09-30 10:25:26,19200.0,2700.0,481700.0
444,2021-09-30 10:25:26,19200.0,3000.0,479000.0
445,2021-09-30 10:25:26,19200.0,200.0,476000.0
446,2021-09-30 10:25:26,19200.0,1500.0,475800.0
447,2021-09-30 10:25:26,19200.0,1000.0,474300.0
448,2021-09-30 10:25:26,19200.0,10000.0,473300.0
449,2021-09-30 10:25:26,19200.0,1000.0,463300.0
450,2021-09-30 10:25:26,19200.0,600.0,462300.0
451,2021-09-30 10:25:26,19200.0,2000.0,461700.0
452,2021-09-30 10:24:58,19250.0,500.0,459700.0
453,2021-09-30 10:24:46,19250.0,200.0,459200.0
454,2021-09-30 10:24:41,19250.0,500.0,459000.0
455,2021-09-30 10:24:41,19250.0,2000.0,458500.0
456,2021-09-30 10:24:19,19300.0,4200.0,456500.0
457,2021-09-30 10:24:19,19250.0,800.0,452300.0
458,2021-09-30 10:24:11,19250.0,2000.0,451500.0
459,2021-09-30 10:24:11,19250.0,500.0,449500.0
460,2021-09-30 10:24:11,19250.0,200.0,449000.0
461,2021-09-30 10:24:11,19250.0,1000.0,448800.0
462,2021-09-30 10:24:11,19250.0,500.0,447800.0
463,2021-09-30 10:23:55,19300.0,100.0,447300.0
464,2021-09-30 10:22:23,19250.0,100.0,447200.0
465,2021-09-30 10:21:34,19250.0,500.0,447100.0
466,2021-09-30 10:21:34,19250.0,200.0,446600.0
467,2021-09-30 10:21:34,19250.0,1800.0,446400.0
468,2021-09-30 10:21:34,19250.0,500.0,444600.0
469,2021-09-30 10:20:06,19250.0,200.0,444100.0
470,2021-09-30 10:20:06,19250.0,800.0,443900.0
471,2021-09-30 10:19:10,19250.0,200.0,443100.0
472,2021-09-30 10:17:53,19300.0,1000.0,442900.0
473,2021-09-30 10:17:53,19300.0,1100.0,441900.0
474,2021-09-30 10:17:53,19300.0,2000.0,440800.0
475,2021-09-30 10:17:53,19300.0,1000.0,438800.0
476,2021-09-30 10:17:53,19300.0,500.0,437800.0
477,2021-09-30 10:17:53,19300.0,1000.0,437300.0
478,2021-09-30 10:17:53,19300.0,2000.0,436300.0
479,2021-09-30 10:17:53,19300.0,1000.0,434300.0
480,2021-09-30 10:17:53,19300.0,10000.0,433300.0
481,2021-09-30 10:17:53,19300.0,500.0,423300.0
482,2021-09-30 10:17:53,19300.0,100.0,422800.0
483,2021-09-30 10:17:53,19300.0,1000.0,422700.0
484,2021-09-30 10:17:53,19300.0,1000.0,421700.0
485,2021-09-30 10:17:53,19300.0,300.0,420700.0
486,2021-09-30 10:17:53,19300.0,1000.0,420400.0
487,2021-09-30 10:17:53,19300.0,1900.0,419400.0
488,2021-09-30 10:17:20,19350.0,1500.0,417500.0
489,2021-09-30 10:17:20,19400.0,200.0,416000.0
490,2021-09-30 10:17:01,19400.0,100.0,415800.0
491,2021-09-30 10:17:01,19400.0,100.0,415700.0
492,2021-09-30 10:17:01,19400.0,800.0,415600.0
493,2021-09-30 10:17:01,19400.0,500.0,414800.0
494,2021-09-30 10:17:01,19400.0,400.0,414300.0
495,2021-09-30 10:17:01,19400.0,1000.0,413900.0
496,2021-09-30 10:17:01,19400.0,8900.0,412900.0
497,2021-09-30 10:16:44,19400.0,2000.0,404000.0
498,2021-09-30 10:16:36,19350.0,500.0,402000.0
499,2021-09-30 10:16:36,19350.0,2000.0,401500.0
500,2021-09-30 10:16:36,19350.0,10000.0,399500.0
501,2021-09-30 10:16:36,19350.0,500.0,389500.0
502,2021-09-30 10:16:33,19400.0,2000.0,389000.0
503,2021-09-30 10:16:18,19400.0,300.0,387000.0
504,2021-09-30 10:15:14,19350.0,300.0,386700.0
505,2021-09-30 10:14:41,19350.0,700.0,386400.0
506,2021-09-30 10:14:41,19350.0,800.0,385700.0
507,2021-09-30 10:14:22,19400.0,6800.0,384900.0
508,2021-09-30 10:14:22,19400.0,10800.0,378100.0
509,2021-09-30 10:14:22,19400.0,100.0,367300.0
510,2021-09-30 10:14:22,19400.0,100.0,367200.0
511,2021-09-30 10:14:22,19400.0,100.0,367100.0
512,2021-09-30 10:14:22,19400.0,100.0,367000.0
513,2021-09-30 10:14:20,19350.0,1000.0,366900.0
514,2021-09-30 10:13:35,19350.0,6000.0,365900.0
515,2021-09-30 10:13:35,19350.0,9000.0,359900.0
516,2021-09-30 10:13:19,19350.0,100.0,350900.0
517,2021-09-30 10:12:35,19400.0,1000.0,350800.0
518,2021-09-30 10:12:33,19350.0,400.0,349800.0
519,2021-09-30 10:12:16,19400.0,500.0,349400.0
520,2021-09-30 10:12:16,19400.0,200.0,348900.0
521,2021-09-30 10:12:16,19400.0,300.0,348700.0
522,2021-09-30 10:12:11,19400.0,200.0,348400.0
523,2021-09-30 10:11:44,19400.0,3000.0,348200.0
524,2021-09-30 10:11:26,19350.0,500.0,345200.0
525,2021-09-30 10:09:51,19400.0,5000.0,344700.0
526,2021-09-30 10:09:51,19400.0,1500.0,339700.0
527,2021-09-30 10:09:51,19400.0,500.0,338200.0
528,2021-09-30 10:09:51,19400.0,1000.0,337700.0
529,2021-09-30 10:09:25,19350.0,300.0,336700.0
530,2021-09-30 10:09:25,19350.0,2700.0,336400.0
531,2021-09-30 10:09:10,19350.0,1000.0,333700.0
532,2021-09-30 10:09:03,19400.0,2000.0,332700.0
533,2021-09-30 10:08:32,19350.0,1000.0,330700.0
534,2021-09-30 10:08:24,19350.0,1000.0,329700.0
535,2021-09-30 10:08:20,19350.0,300.0,328700.0
536,2021-09-30 10:08:08,19350.0,400.0,328400.0
537,2021-09-30 10:08:06,19300.0,100.0,328000.0
538,2021-09-30 10:08:06,19300.0,10000.0,327900.0
539,2021-09-30 10:08:06,19300.0,500.0,317900.0
540,2021-09-30 10:08:06,19300.0,3000.0,317400.0
541,2021-09-30 10:08:06,19300.0,300.0,314400.0
542,2021-09-30 10:08:06,19300.0,1000.0,314100.0
543,2021-09-30 10:08:06,19300.0,1000.0,313100.0
544,2021-09-30 10:08:06,19300.0,10000.0,312100.0
545,2021-09-30 10:08:06,19300.0,200.0,302100.0
546,2021-09-30 10:08:06,19300.0,500.0,301900.0
547,2021-09-30 10:08:06,19300.0,500.0,301400.0
548,2021-09-30 10:08:06,19300.0,1500.0,300900.0
549,2021-09-30 10:08:06,19300.0,200.0,299400.0
550,2021-09-30 10:08:06,19300.0,1000.0,299200.0
551,2021-09-30 10:08:06,19300.0,200.0,298200.0
552,2021-09-30 10:08:03,19350.0,300.0,298000.0
553,2021-09-30 10:07:40,19350.0,100.0,297700.0
554,2021-09-30 10:07:34,19350.0,200.0,297600.0
555,2021-09-30 10:07:34,19350.0,200.0,297400.0
556,2021-09-30 10:07:31,19350.0,500.0,297200.0
557,2021-09-30 10:07:22,19350.0,300.0,296700.0
558,2021-09-30 10:07:11,19350.0,1000.0,296400.0
559,2021-09-30 10:07:00,19400.0,1700.0,295400.0
560,2021-09-30 10:06:26,19400.0,300.0,293700.0
561,2021-09-30 10:06:18,19400.0,1200.0,293400.0
562,2021-09-30 10:06:16,19400.0,100.0,292200.0
563,2021-09-30 10:06:16,19400.0,1500.0,292100.0
564,2021-09-30 10:06:16,19400.0,500.0,290600.0
565,2021-09-30 10:06:16,19400.0,400.0,290100.0
566,2021-09-30 10:06:16,19400.0,500.0,289700.0
567,2021-09-30 10:06:16,19400.0,3000.0,289200.0
568,2021-09-30 10:06:16,19400.0,1000.0,286200.0
569,2021-09-30 10:06:16,19400.0,100.0,285200.0
570,2021-09-30 10:06:16,19400.0,3000.0,285100.0
571,2021-09-30 10:06:16,19400.0,100.0,282100.0
572,2021-09-30 10:06:16,19400.0,600.0,282000.0
573,2021-09-30 10:05:39,19450.0,1000.0,281400.0
574,2021-09-30 10:05:38,19450.0,200.0,280400.0
575,2021-09-30 10:04:38,19450.0,300.0,280200.0
576,2021-09-30 10:04:26,19450.0,200.0,279900.0
577,2021-09-30 10:04:21,19450.0,600.0,279700.0
578,2021-09-30 10:04:21,19450.0,100.0,279100.0
579,2021-09-30 10:04:14,19450.0,500.0,279000.0
580,2021-09-30 10:04:07,19450.0,200.0,278500.0
581,2021-09-30 10:03:30,19450.0,400.0,278300.0
582,2021-09-30 10:03:18,19450.0,1000.0,277900.0
583,2021-09-30 10:03:04,19450.0,200.0,276900.0
584,2021-09-30 10:03:04,19450.0,200.0,276700.0
585,2021-09-30 10:03:04,19450.0,200.0,276500.0
586,2021-09-30 10:03:04,19450.0,100.0,276300.0
587,2021-09-30 10:03:04,19400.0,100.0,276200.0
588,2021-09-30 10:02:28,19400.0,100.0,276100.0
589,2021-09-30 10:02:28,19400.0,900.0,276000.0
590,2021-09-30 10:02:16,19400.0,1000.0,275100.0
591,2021-09-30 10:01:19,19400.0,1000.0,274100.0
592,2021-09-30 10:00:30,19400.0,2100.0,273100.0
593,2021-09-30 10:00:10,19300.0,1000.0,271000.0
594,2021-09-30 09:59:50,19350.0,1000.0,270000.0
595,2021-09-30 09:59:49,19350.0,300.0,269000.0
596,2021-09-30 09:59:40,19350.0,1000.0,268700.0
597,2021-09-30 09:59:40,19350.0,200.0,267700.0
598,2021-09-30 09:59:40,19350.0,1700.0,267500.0
599,2021-09-30 09:59:40,19350.0,100.0,265800.0
600,2021-09-30 09:59:40,19350.0,700.0,265700.0
601,2021-09-30 09:59:40,19350.0,2300.0,265000.0
602,2021-09-30 09:59:40,19350.0,300.0,262700.0
603,2021-09-30 09:59:40,19350.0,200.0,262400.0
604,2021-09-30 09:59:40,19400.0,3200.0,262200.0
605,2021-09-30 09:59:36,19400.0,200.0,259000.0
606,2021-09-30 09:59:33,19400.0,1600.0,258800.0
607,2021-09-30 09:59:29,19400.0,3400.0,257200.0
608,2021-09-30 09:59:29,19400.0,3300.0,253800.0
609,2021-09-30 09:59:27,19350.0,100.0,250500.0
610,2021-09-30 09:59:11,19400.0,5000.0,250400.0
611,2021-09-30 09:59:09,19400.0,300.0,245400.0
612,2021-09-30 09:59:09,19400.0,1400.0,245100.0
613,2021-09-30 09:59:02,19500.0,100.0,243700.0
614,2021-09-30 09:58:52,19400.0,1000.0,243600.0
615,2021-09-30 09:58:39,19500.0,1000.0,242600.0
616,2021-09-30 09:58:33,19500.0,500.0,241600.0
617,2021-09-30 09:58:33,19500.0,200.0,241100.0
618,2021-09-30 09:58:33,19500.0,300.0,240900.0
619,2021-09-30 09:58:17,19500.0,1000.0,240600.0
620,2021-09-30 09:58:14,19400.0,100.0,239600.0
621,2021-09-30 09:57:36,19500.0,300.0,239500.0
622,2021-09-30 09:57:34,19500.0,300.0,239200.0
623,2021-09-30 09:57:29,19500.0,100.0,238900.0
624,2021-09-30 09:57:26,19500.0,400.0,238800.0
625,2021-09-30 09:57:26,19500.0,100.0,238400.0
626,2021-09-30 09:57:25,19500.0,100.0,238300.0
627,2021-09-30 09:57:25,19500.0,100.0,238200.0
628,2021-09-30 09:57:25,19500.0,200.0,238100.0
629,2021-09-30 09:57:10,19500.0,800.0,237900.0
630,2021-09-30 09:56:54,19500.0,700.0,237100.0
631,2021-09-30 09:56:54,19500.0,100.0,236400.0
632,2021-09-30 09:56:54,19500.0,900.0,236300.0
633,2021-09-30 09:56:54,19500.0,500.0,235400.0
634,2021-09-30 09:56:54,19500.0,100.0,234900.0
635,2021-09-30 09:56:54,19500.0,500.0,234800.0
636,2021-09-30 09:56:54,19500.0,2000.0,234300.0
637,2021-09-30 09:56:54,19500.0,200.0,232300.0
638,2021-09-30 09:56:33,19500.0,100.0,232100.0
639,2021-09-30 09:56:21,19500.0,300.0,232000.0
640,2021-09-30 09:56:13,19500.0,400.0,231700.0
641,2021-09-30 09:56:10,19500.0,200.0,231300.0
642,2021-09-30 09:56:07,19500.0,100.0,231100.0
643,2021-09-30 09:56:07,19500.0,1700.0,231000.0
644,2021-09-30 09:56:00,19500.0,900.0,229300.0
645,2021-09-30 09:55:50,19500.0,300.0,228400.0
646,2021-09-30 09:55:49,19500.0,100.0,228100.0
647,2021-09-30 09:55:44,19500.0,100.0,228000.0
648,2021-09-30 09:55:37,19500.0,400.0,227900.0
649,2021-09-30 09:55:37,19500.0,1000.0,227500.0
650,2021-09-30 09:55:37,19500.0,2800.0,226500.0
651,2021-09-30 09:55:37,19500.0,100.0,223700.0
652,2021-09-30 09:55:37,19500.0,1000.0,223600.0
653,2021-09-30 09:55:37,19500.0,100.0,222600.0
654,2021-09-30 09:55:37,19500.0,2000.0,222500.0
655,2021-09-30 09:55:37,19500.0,200.0,220500.0
656,2021-09-30 09:55:37,19500.0,1000.0,220300.0
657,2021-09-30 09:55:37,19500.0,1000.0,219300.0
658,2021-09-30 09:55:37,19500.0,200.0,218300.0
659,2021-09-30 09:55:34,19350.0,1700.0,218100.0
660,2021-09-30 09:55:27,19350.0,300.0,216400.0
661,2021-09-30 09:55:27,19350.0,100.0,216100.0
662,2021-09-30 09:55:04,19300.0,2000.0,216000.0
663,2021-09-30 09:55:04,19300.0,1000.0,214000.0
664,2021-09-30 09:54:50,19500.0,1800.0,213000.0
665,2021-09-30 09:54:50,19400.0,1000.0,211200.0
666,2021-09-30 09:54:31,19500.0,200.0,210200.0
667,2021-09-30 09:54:31,19500.0,5000.0,210000.0
668,2021-09-30 09:54:31,19500.0,1000.0,205000.0
669,2021-09-30 09:54:31,19500.0,2000.0,204000.0
670,2021-09-30 09:54:31,19500.0,500.0,202000.0
671,2021-09-30 09:54:31,19500.0,200.0,201500.0
672,2021-09-30 09:54:31,19500.0,300.0,201300.0
673,2021-09-30 09:54:31,19450.0,100.0,201000.0
674,2021-09-30 09:54:31,19300.0,200.0,200900.0
675,2021-09-30 09:54:31,19200.0,500.0,200700.0
676,2021-09-30 09:54:21,19200.0,1500.0,200200.0
677,2021-09-30 09:54:21,19200.0,100.0,198700.0
678,2021-09-30 09:54:21,19200.0,900.0,198600.0
679,2021-09-30 09:53:52,19200.0,100.0,197700.0
680,2021-09-30 09:53:52,19200.0,3000.0,197600.0
681,2021-09-30 09:53:52,19200.0,1000.0,194600.0
682,2021-09-30 09:53:52,19200.0,500.0,193600.0
683,2021-09-30 09:53:52,19200.0,100.0,193100.0
684,2021-09-30 09:53:52,19200.0,100.0,193000.0
685,2021-09-30 09:53:52,19200.0,100.0,192900.0
686,2021-09-30 09:53:52,19150.0,100.0,192800.0
687,2021-09-30 09:53:33,19100.0,100.0,192700.0
688,2021-09-30 09:53:33,19100.0,100.0,192600.0
689,2021-09-30 09:53:28,19050.0,1000.0,192500.0
690,2021-09-30 09:53:28,19050.0,600.0,191500.0
691,2021-09-30 09:53:23,19050.0,400.0,190900.0
692,2021-09-30 09:53:23,19050.0,100.0,190500.0
693,2021-09-30 09:53:23,19050.0,300.0,190400.0
694,2021-09-30 09:53:20,19050.0,500.0,190100.0
695,2021-09-30 09:53:09,19050.0,200.0,189600.0
696,2021-09-30 09:52:56,19000.0,1000.0,189400.0
697,2021-09-30 09:52:56,19000.0,200.0,188400.0
698,2021-09-30 09:52:56,19000.0,4500.0,188200.0
699,2021-09-30 09:52:52,19000.0,100.0,183700.0
700,2021-09-30 09:52:52,19000.0,400.0,183600.0
701,2021-09-30 09:52:52,19000.0,100.0,183200.0
702,2021-09-30 09:52:52,19000.0,100.0,183100.0
703,2021-09-30 09:52:52,19000.0,400.0,183000.0
704,2021-09-30 09:52:51,19000.0,2000.0,182600.0
705,2021-09-30 09:52:49,19000.0,5000.0,180600.0
706,2021-09-30 09:52:48,19000.0,800.0,175600.0
707,2021-09-30 09:52:43,19000.0,1900.0,174800.0
708,2021-09-30 09:52:41,19000.0,6600.0,172900.0
709,2021-09-30 09:52:41,19000.0,3400.0,166300.0
710,2021-09-30 09:52:41,19000.0,2300.0,162900.0
711,2021-09-30 09:52:34,19000.0,5000.0,160600.0
712,2021-09-30 09:52:33,19000.0,1300.0,155600.0
713,2021-09-30 09:52:33,19000.0,200.0,154300.0
714,2021-09-30 09:52:33,19000.0,1000.0,154100.0
715,2021-09-30 09:52:33,19000.0,2500.0,153100.0
716,2021-09-30 09:52:30,19000.0,7500.0,150600.0
717,2021-09-30 09:52:30,19000.0,300.0,143100.0
718,2021-09-30 09:52:30,19000.0,1000.0,142800.0
719,2021-09-30 09:52:30,19000.0,1200.0,141800.0
720,2021-09-30 09:52:29,19000.0,1000.0,140600.0
721,2021-09-30 09:52:24,19000.0,200.0,139600.0
722,2021-09-30 09:52:11,19000.0,1100.0,139400.0
723,2021-09-30 09:52:11,19000.0,100.0,138300.0
724,2021-09-30 09:52:11,19000.0,100.0,138200.0
725,2021-09-30 09:52:11,19000.0,200.0,138100.0
726,2021-09-30 09:52:11,19000.0,100.0,137900.0
727,2021-09-30 09:52:11,19000.0,900.0,137800.0
728,2021-09-30 09:52:11,19000.0,1000.0,136900.0
729,2021-09-30 09:52:11,18950.0,600.0,135900.0
730,2021-09-30 09:52:08,18950.0,1400.0,135300.0
731,2021-09-30 09:52:03,19000.0,2000.0,133900.0
732,2021-09-30 09:52:03,19000.0,500.0,131900.0
733,2021-09-30 09:52:03,19000.0,200.0,131400.0
734,2021-09-30 09:52:03,19000.0,100.0,131200.0
735,2021-09-30 09:52:03,19000.0,1000.0,131100.0
736,2021-09-30 09:52:03,19000.0,500.0,130100.0
737,2021-09-30 09:52:03,19000.0,5000.0,129600.0
738,2021-09-30 09:52:03,19000.0,700.0,124600.0
739,2021-09-30 09:51:59,19000.0,300.0,123900.0
740,2021-09-30 09:51:59,19000.0,9900.0,123600.0
741,2021-09-30 09:51:59,18950.0,100.0,113700.0
742,2021-09-30 09:51:59,18950.0,100.0,113600.0
743,2021-09-30 09:51:59,18950.0,100.0,113500.0
744,2021-09-30 09:51:59,18950.0,300.0,113400.0
745,2021-09-30 09:51:59,18950.0,200.0,113100.0
746,2021-09-30 09:51:59,18950.0,1000.0,112900.0
747,2021-09-30 09:51:59,18950.0,1000.0,111900.0
748,2021-09-30 09:51:49,18900.0,400.0,110900.0
749,2021-09-30 09:51:49,18900.0,600.0,110500.0
750,2021-09-30 09:51:08,18900.0,100.0,109900.0
751,2021-09-30 09:51:08,18900.0,100.0,109800.0
752,2021-09-30 09:51:07,18900.0,500.0,109700.0
753,2021-09-30 09:51:06,18900.0,300.0,109200.0
754,2021-09-30 09:51:02,18900.0,100.0,108900.0
755,2021-09-30 09:51:02,18900.0,1400.0,108800.0
756,2021-09-30 09:50:13,18900.0,4600.0,107400.0
757,2021-09-30 09:50:13,18900.0,100.0,102800.0
758,2021-09-30 09:50:13,18900.0,200.0,102700.0
759,2021-09-30 09:50:13,18900.0,100.0,102500.0
760,2021-09-30 09:50:10,18900.0,200.0,102400.0
761,2021-09-30 09:50:06,18900.0,700.0,102200.0
762,2021-09-30 09:50:06,18900.0,700.0,101500.0
763,2021-09-30 09:50:06,18900.0,300.0,100800.0
764,2021-09-30 09:49:52,18900.0,200.0,100500.0
765,2021-09-30 09:49:36,18850.0,800.0,100300.0
766,2021-09-30 09:49:27,18850.0,200.0,99500.0
767,2021-09-30 09:49:15,18850.0,1000.0,99300.0
768,2021-09-30 09:49:14,18850.0,1000.0,98300.0
769,2021-09-30 09:49:14,18850.0,1000.0,97300.0
770,2021-09-30 09:49:06,18850.0,200.0,96300.0
771,2021-09-30 09:49:06,18850.0,100.0,96100.0
772,2021-09-30 09:49:06,18850.0,300.0,96000.0
773,2021-09-30 09:49:06,18850.0,1000.0,95700.0
774,2021-09-30 09:49:06,18850.0,200.0,94700.0
775,2021-09-30 09:49:06,18850.0,1200.0,94500.0
776,2021-09-30 09:49:06,18850.0,1000.0,93300.0
777,2021-09-30 09:49:06,18850.0,6000.0,92300.0
778,2021-09-30 09:48:41,18850.0,300.0,86300.0
779,2021-09-30 09:48:13,18850.0,500.0,86000.0
780,2021-09-30 09:47:44,18850.0,400.0,85500.0
781,2021-09-30 09:47:12,18850.0,100.0,85100.0
782,2021-09-30 09:46:33,18800.0,200.0,85000.0
783,2021-09-30 09:46:24,18800.0,100.0,84800.0
784,2021-09-30 09:46:24,18800.0,200.0,84700.0
785,2021-09-30 09:46:16,18800.0,2000.0,84500.0
786,2021-09-30 09:46:15,18800.0,300.0,82500.0
787,2021-09-30 09:45:54,18800.0,10800.0,82200.0
788,2021-09-30 09:45:54,18800.0,100.0,71400.0
789,2021-09-30 09:45:54,18800.0,1000.0,71300.0
790,2021-09-30 09:45:54,18800.0,2500.0,70300.0
791,2021-09-30 09:45:12,18800.0,200.0,67800.0
792,2021-09-30 09:43:51,18750.0,500.0,67600.0
793,2021-09-30 09:43:51,18750.0,300.0,67100.0
794,2021-09-30 09:43:51,18750.0,200.0,66800.0
795,2021-09-30 09:39:03,18750.0,3000.0,66600.0
796,2021-09-30 09:38:44,18750.0,1000.0,63600.0
797,2021-09-30 09:38:40,18750.0,800.0,62600.0
798,2021-09-30 09:38:18,18750.0,100.0,61800.0
799,2021-09-30 09:38:18,18750.0,1000.0,61700.0
800,2021-09-30 09:38:18,18750.0,700.0,60700.0
801,2021-09-30 09:36:47,18750.0,1200.0,60000.0
802,2021-09-30 09:36:25,18750.0,100.0,58800.0
803,2021-09-30 09:36:25,18750.0,400.0,58700.0
804,2021-09-30 09:35:59,18700.0,1200.0,58300.0
805,2021-09-30 09:35:59,18700.0,100.0,57100.0
806,2021-09-30 09:35:59,18700.0,500.0,57000.0
807,2021-09-30 09:35:59,18700.0,100.0,56500.0
808,2021-09-30 09:35:59,18700.0,200.0,56400.0
809,2021-09-30 09:35:02,18750.0,100.0,56200.0
810,2021-09-30 09:34:51,18750.0,100.0,56100.0
811,2021-09-30 09:33:28,18800.0,200.0,56000.0
812,2021-09-30 09:33:07,18800.0,500.0,55800.0
813,2021-09-30 09:32:44,18800.0,1000.0,55300.0
814,2021-09-30 09:31:45,18800.0,300.0,54300.0
815,2021-09-30 09:29:48,18800.0,900.0,54000.0
816,2021-09-30 09:29:01,18800.0,1000.0,53100.0
817,2021-09-30 09:29:01,18800.0,400.0,52100.0
818,2021-09-30 09:28:01,18850.0,100.0,51700.0
819,2021-09-30 09:27:22,18850.0,3000.0,51600.0
820,2021-09-30 09:25:51,18850.0,500.0,48600.0
821,2021-09-30 09:25:02,18850.0,300.0,48100.0
822,2021-09-30 09:24:45,18850.0,100.0,47800.0
823,2021-09-30 09:24:45,18850.0,3000.0,47700.0
824,2021-09-30 09:24:41,18850.0,300.0,44700.0
825,2021-09-30 09:24:41,18850.0,800.0,44400.0
826,2021-09-30 09:24:41,18900.0,500.0,43600.0
827,2021-09-30 09:24:41,18900.0,200.0,43100.0
828,2021-09-30 09:24:41,18900.0,2400.0,42900.0
829,2021-09-30 09:24:37,18900.0,100.0,40500.0
830,2021-09-30 09:24:37,18900.0,500.0,40400.0
831,2021-09-30 09:24:37,18900.0,200.0,39900.0
832,2021-09-30 09:24:37,18900.0,1800.0,39700.0
833,2021-09-30 09:24:36,18850.0,200.0,37900.0
834,2021-09-30 09:24:35,18900.0,200.0,37700.0
835,2021-09-30 09:24:35,18900.0,200.0,37500.0
836,2021-09-30 09:24:35,18900.0,1000.0,37300.0
837,2021-09-30 09:24:35,18900.0,600.0,36300.0
838,2021-09-30 09:24:27,18900.0,400.0,35700.0
839,2021-09-30 09:24:27,18900.0,100.0,35300.0
840,2021-09-30 09:24:26,18900.0,100.0,35200.0
841,2021-09-30 09:24:21,18900.0,1000.0,35100.0
842,2021-09-30 09:24:21,18900.0,1000.0,34100.0
843,2021-09-30 09:24:14,18850.0,500.0,33100.0
844,2021-09-30 09:24:06,18850.0,200.0,32600.0
845,2021-09-30 09:24:06,18850.0,100.0,32400.0
846,2021-09-30 09:24:06,18850.0,100.0,32300.0
847,2021-09-30 09:24:06,18850.0,100.0,32200.0
848,2021-09-30 09:23:51,18800.0,500.0,32100.0
849,2021-09-30 09:23:51,18800.0,1100.0,31600.0
850,2021-09-30 09:23:50,18800.0,500.0,30500.0
851,2021-09-30 09:23:41,18800.0,300.0,30000.0
852,2021-09-30 09:22:56,18650.0,100.0,29700.0
853,2021-09-30 09:22:56,18650.0,1000.0,29600.0
854,2021-09-30 09:22:48,18650.0,5000.0,28600.0
855,2021-09-30 09:22:22,18600.0,300.0,23600.0
856,2021-09-30 09:20:59,18600.0,2300.0,23300.0
857,2021-09-30 09:20:59,18600.0,800.0,21000.0
858,2021-09-30 09:20:59,18600.0,3000.0,20200.0
859,2021-09-30 09:20:59,18600.0,300.0,17200.0
860,2021-09-30 09:20:59,18600.0,100.0,16900.0
861,2021-09-30 09:19:41,18650.0,300.0,16800.0
862,2021-09-30 09:18:54,18650.0,500.0,16500.0
863,2021-09-30 09:18:54,18650.0,3200.0,16000.0
864,2021-09-30 09:17:34,18650.0,500.0,12800.0
865,2021-09-30 09:16:57,18800.0,100.0,12300.0
866,2021-09-30 09:16:31,18850.0,2000.0,12200.0
867,2021-09-30 09:15:00,18850.0,400.0,10200.0
868,2021-09-30 09:15:00,18850.0,700.0,9800.0
869,2021-09-30 09:15:00,18850.0,100.0,9100.0
870,2021-09-30 09:15:00,18850.0,1500.0,9000.0
871,2021-09-30 09:15:00,18850.0,100.0,7500.0
872,2021-09-30 09:15:00,18850.0,600.0,7400.0
873,2021-09-30 09:15:00,18850.0,1000.0,6800.0
874,2021-09-30 09:15:00,18850.0,2000.0,5800.0
875,2021-09-30 09:15:00,18850.0,1400.0,3800.0
876,2021-09-30 09:15:00,18850.0,100.0,2400.0
877,2021-09-30 09:15:00,18850.0,100.0,2300.0
878,2021-09-30 09:15:00,18850.0,600.0,2200.0
879,2021-09-30 09:15:00,18850.0,200.0,1600.0
880,2021-09-30 09:15:00,18850.0,200.0,1400.0
881,2021-09-30 09:15:00,18850.0,1200.0,1200.0
