,Time,Price,Volume_per_trade,Volume
0,2021-10-08 07:45:01,19650.0,1000.0,313300.0
1,2021-10-08 07:45:01,19650.0,1000.0,312300.0
2,2021-10-08 07:45:01,19650.0,6700.0,311300.0
3,2021-10-08 07:45:01,19650.0,1000.0,304600.0
4,2021-10-08 07:45:01,19650.0,100.0,303600.0
5,2021-10-08 07:45:01,19650.0,100.0,303500.0
6,2021-10-08 07:45:01,19650.0,1900.0,303400.0
7,2021-10-08 07:45:01,19650.0,100.0,301500.0
8,2021-10-08 07:45:01,19650.0,100.0,301400.0
9,2021-10-08 07:45:01,19650.0,200.0,301300.0
10,2021-10-08 07:45:01,19650.0,200.0,301100.0
11,2021-10-08 07:45:01,19650.0,300.0,300900.0
12,2021-10-08 07:45:01,19650.0,200.0,300600.0
13,2021-10-08 07:45:01,19650.0,300.0,300400.0
14,2021-10-08 07:45:01,19650.0,200.0,300100.0
15,2021-10-08 07:45:01,19650.0,1000.0,299900.0
16,2021-10-08 07:45:01,19650.0,1000.0,298900.0
17,2021-10-08 07:45:01,19650.0,200.0,297900.0
18,2021-10-08 07:45:01,19650.0,100.0,297700.0
19,2021-10-08 07:45:01,19650.0,300.0,297600.0
20,2021-10-08 07:45:01,19650.0,100.0,297300.0
21,2021-10-08 07:45:01,19650.0,200.0,297200.0
22,2021-10-08 07:45:01,19650.0,200.0,297000.0
23,2021-10-08 07:45:01,19650.0,100.0,296800.0
24,2021-10-08 07:45:01,19650.0,2000.0,296700.0
25,2021-10-08 07:45:01,19650.0,1300.0,294700.0
26,2021-10-08 07:45:01,19650.0,200.0,293400.0
27,2021-10-08 07:45:01,19650.0,1400.0,293200.0
28,2021-10-08 07:45:01,19650.0,200.0,291800.0
29,2021-10-08 07:45:01,19650.0,1000.0,291600.0
30,2021-10-08 07:45:01,19650.0,300.0,290600.0
31,2021-10-08 07:45:01,19650.0,200.0,290300.0
32,2021-10-08 07:45:01,19650.0,200.0,290100.0
33,2021-10-08 07:45:01,19650.0,200.0,289900.0
34,2021-10-08 07:45:01,19650.0,500.0,289700.0
35,2021-10-08 07:29:10,19750.0,1000.0,289200.0
36,2021-10-08 07:29:10,19750.0,3000.0,288200.0
37,2021-10-08 07:29:10,19750.0,300.0,285200.0
38,2021-10-08 07:29:02,19800.0,200.0,284900.0
39,2021-10-08 07:28:52,19800.0,200.0,284700.0
40,2021-10-08 07:28:44,19750.0,500.0,284500.0
41,2021-10-08 07:24:03,19750.0,500.0,284000.0
42,2021-10-08 07:23:47,19750.0,2000.0,283500.0
43,2021-10-08 07:22:34,19800.0,200.0,281500.0
44,2021-10-08 07:22:10,19800.0,400.0,281300.0
45,2021-10-08 07:21:24,19800.0,300.0,280900.0
46,2021-10-08 07:21:13,19700.0,400.0,280600.0
47,2021-10-08 07:21:13,19700.0,100.0,280200.0
48,2021-10-08 07:21:13,19700.0,5000.0,280100.0
49,2021-10-08 07:21:13,19700.0,5000.0,275100.0
50,2021-10-08 07:21:13,19700.0,500.0,270100.0
51,2021-10-08 07:21:13,19700.0,300.0,269600.0
52,2021-10-08 07:21:13,19700.0,100.0,269300.0
53,2021-10-08 07:21:13,19750.0,2200.0,269200.0
54,2021-10-08 07:21:13,19750.0,4000.0,267000.0
55,2021-10-08 07:21:13,19750.0,200.0,263000.0
56,2021-10-08 07:21:13,19750.0,12200.0,262800.0
57,2021-10-08 07:20:44,19800.0,100.0,250600.0
58,2021-10-08 07:20:11,19750.0,2800.0,250500.0
59,2021-10-08 07:20:11,19750.0,100.0,247700.0
60,2021-10-08 07:20:11,19750.0,100.0,247600.0
61,2021-10-08 07:20:11,19750.0,600.0,247500.0
62,2021-10-08 07:20:11,19750.0,400.0,246900.0
63,2021-10-08 07:20:11,19800.0,100.0,246500.0
64,2021-10-08 07:19:45,19750.0,2500.0,246400.0
65,2021-10-08 07:17:27,19750.0,2100.0,243900.0
66,2021-10-08 07:17:27,19750.0,1900.0,241800.0
67,2021-10-08 07:16:39,19750.0,100.0,239900.0
68,2021-10-08 07:14:24,19800.0,200.0,239800.0
69,2021-10-08 07:14:24,19800.0,200.0,239600.0
70,2021-10-08 07:14:24,19800.0,500.0,239400.0
71,2021-10-08 07:14:24,19800.0,100.0,238900.0
72,2021-10-08 07:14:24,19800.0,300.0,238800.0
73,2021-10-08 07:14:24,19800.0,500.0,238500.0
74,2021-10-08 07:14:07,19900.0,100.0,238000.0
75,2021-10-08 07:13:48,19900.0,200.0,237900.0
76,2021-10-08 07:12:00,19900.0,1000.0,237700.0
77,2021-10-08 07:11:22,19900.0,400.0,236700.0
78,2021-10-08 07:11:22,19900.0,500.0,236300.0
79,2021-10-08 07:06:51,19800.0,1000.0,235800.0
80,2021-10-08 07:06:51,19800.0,800.0,234800.0
81,2021-10-08 07:06:51,19800.0,300.0,234000.0
82,2021-10-08 07:06:02,19800.0,100.0,233700.0
83,2021-10-08 07:05:56,19800.0,500.0,233600.0
84,2021-10-08 07:05:53,19800.0,2000.0,233100.0
85,2021-10-08 07:03:48,19800.0,500.0,231100.0
86,2021-10-08 07:03:31,19800.0,200.0,230600.0
87,2021-10-08 07:02:57,19800.0,200.0,230400.0
88,2021-10-08 07:02:35,19800.0,600.0,230200.0
89,2021-10-08 07:00:43,19800.0,400.0,229600.0
90,2021-10-08 07:00:43,19800.0,500.0,229200.0
91,2021-10-08 07:00:43,19800.0,100.0,228700.0
92,2021-10-08 07:00:43,19800.0,1000.0,228600.0
93,2021-10-08 07:00:43,19800.0,100.0,227600.0
94,2021-10-08 07:00:43,19800.0,800.0,227500.0
95,2021-10-08 07:00:43,19800.0,2700.0,226700.0
96,2021-10-08 07:00:19,19800.0,1000.0,224000.0
97,2021-10-08 06:59:28,19800.0,500.0,223000.0
98,2021-10-08 06:59:21,19800.0,3900.0,222500.0
99,2021-10-08 06:59:21,19850.0,100.0,218600.0
100,2021-10-08 06:56:37,19900.0,100.0,218500.0
101,2021-10-08 06:55:39,19900.0,200.0,218400.0
102,2021-10-08 06:53:12,19900.0,1000.0,218200.0
103,2021-10-08 06:52:46,19800.0,1900.0,217200.0
104,2021-10-08 06:52:46,19800.0,100.0,215300.0
105,2021-10-08 06:52:25,19800.0,200.0,215200.0
106,2021-10-08 06:52:25,19800.0,200.0,215000.0
107,2021-10-08 06:51:34,19800.0,800.0,214800.0
108,2021-10-08 06:51:34,19800.0,500.0,214000.0
109,2021-10-08 06:51:34,19800.0,400.0,213500.0
110,2021-10-08 06:51:34,19800.0,100.0,213100.0
111,2021-10-08 06:51:34,19800.0,100.0,213000.0
112,2021-10-08 06:51:34,19800.0,1000.0,212900.0
113,2021-10-08 06:51:34,19800.0,100.0,211900.0
114,2021-10-08 06:51:34,19800.0,100.0,211800.0
115,2021-10-08 06:51:34,19800.0,100.0,211700.0
116,2021-10-08 06:51:34,19800.0,100.0,211600.0
117,2021-10-08 06:51:34,19800.0,200.0,211500.0
118,2021-10-08 06:51:34,19800.0,800.0,211300.0
119,2021-10-08 06:51:34,19800.0,4000.0,210500.0
120,2021-10-08 06:51:34,19800.0,500.0,206500.0
121,2021-10-08 06:51:34,19800.0,100.0,206000.0
122,2021-10-08 06:51:34,19800.0,200.0,205900.0
123,2021-10-08 06:51:34,19800.0,500.0,205700.0
124,2021-10-08 06:51:34,19800.0,300.0,205200.0
125,2021-10-08 06:51:34,19800.0,100.0,204900.0
126,2021-10-08 06:51:34,19800.0,1900.0,204800.0
127,2021-10-08 06:51:34,19800.0,4500.0,202900.0
128,2021-10-08 06:51:25,19800.0,100.0,198400.0
129,2021-10-08 06:50:00,19800.0,100.0,198300.0
130,2021-10-08 06:49:11,19800.0,1300.0,198200.0
131,2021-10-08 06:49:11,19800.0,200.0,196900.0
132,2021-10-08 06:49:11,19800.0,1000.0,196700.0
133,2021-10-08 06:49:11,19800.0,200.0,195700.0
134,2021-10-08 06:49:11,19800.0,100.0,195500.0
135,2021-10-08 06:49:11,19800.0,100.0,195400.0
136,2021-10-08 06:49:11,19800.0,400.0,195300.0
137,2021-10-08 06:48:10,19800.0,100.0,194900.0
138,2021-10-08 06:48:10,19800.0,300.0,194800.0
139,2021-10-08 06:48:10,19850.0,100.0,194500.0
140,2021-10-08 06:48:10,19850.0,100.0,194400.0
141,2021-10-08 06:48:10,19850.0,200.0,194300.0
142,2021-10-08 06:48:10,19850.0,100.0,194100.0
143,2021-10-08 06:45:42,19850.0,100.0,194000.0
144,2021-10-08 06:43:05,19850.0,1100.0,193900.0
145,2021-10-08 06:40:08,19850.0,1400.0,192800.0
146,2021-10-08 06:36:06,19850.0,300.0,191400.0
147,2021-10-08 06:36:06,19850.0,100.0,191100.0
148,2021-10-08 06:36:06,19850.0,300.0,191000.0
149,2021-10-08 06:36:06,19850.0,300.0,190700.0
150,2021-10-08 06:35:56,19850.0,600.0,190400.0
151,2021-10-08 06:34:58,19900.0,600.0,189800.0
152,2021-10-08 06:34:58,19900.0,300.0,189200.0
153,2021-10-08 06:34:58,19900.0,500.0,188900.0
154,2021-10-08 06:32:16,19900.0,2000.0,188400.0
155,2021-10-08 06:32:16,19900.0,300.0,186400.0
156,2021-10-08 06:32:16,19900.0,700.0,186100.0
157,2021-10-08 06:31:37,19900.0,200.0,185400.0
158,2021-10-08 06:30:40,19900.0,100.0,185200.0
159,2021-10-08 06:30:40,19900.0,400.0,185100.0
160,2021-10-08 06:30:13,19950.0,100.0,184700.0
161,2021-10-08 06:25:55,19950.0,200.0,184600.0
162,2021-10-08 06:25:55,19950.0,200.0,184400.0
163,2021-10-08 06:25:16,19950.0,500.0,184200.0
164,2021-10-08 06:25:07,19950.0,300.0,183700.0
165,2021-10-08 06:24:21,19900.0,1000.0,183400.0
166,2021-10-08 06:22:32,19900.0,600.0,182400.0
167,2021-10-08 06:22:32,19900.0,400.0,181800.0
168,2021-10-08 06:19:51,19900.0,1600.0,181400.0
169,2021-10-08 06:19:51,19900.0,300.0,179800.0
170,2021-10-08 06:19:51,19900.0,100.0,179500.0
171,2021-10-08 06:17:42,20000.0,800.0,179400.0
172,2021-10-08 06:17:42,20000.0,200.0,178600.0
173,2021-10-08 06:17:26,19900.0,100.0,178400.0
174,2021-10-08 06:16:50,19900.0,200.0,178300.0
175,2021-10-08 06:12:13,20000.0,2800.0,178100.0
176,2021-10-08 06:12:13,20000.0,2000.0,175300.0
177,2021-10-08 06:12:13,20000.0,200.0,173300.0
178,2021-10-08 06:12:13,20000.0,1000.0,173100.0
179,2021-10-08 06:08:56,19900.0,500.0,172100.0
180,2021-10-08 06:07:46,19900.0,1100.0,171600.0
181,2021-10-08 06:06:19,19900.0,300.0,170500.0
182,2021-10-08 06:06:19,19900.0,600.0,170200.0
183,2021-10-08 06:04:29,19900.0,100.0,169600.0
184,2021-10-08 06:04:29,19900.0,100.0,169500.0
185,2021-10-08 06:00:07,19900.0,100.0,169400.0
186,2021-10-08 04:29:40,19850.0,100.0,169300.0
187,2021-10-08 04:29:40,19850.0,200.0,169200.0
188,2021-10-08 04:26:23,20000.0,300.0,169000.0
189,2021-10-08 04:26:23,20000.0,800.0,168700.0
190,2021-10-08 04:25:51,19950.0,200.0,167900.0
191,2021-10-08 04:25:51,19950.0,2000.0,167700.0
192,2021-10-08 04:25:51,19950.0,1700.0,165700.0
193,2021-10-08 04:23:36,19950.0,300.0,164000.0
194,2021-10-08 04:23:36,19900.0,200.0,163700.0
195,2021-10-08 04:23:14,19900.0,500.0,163500.0
196,2021-10-08 04:23:03,19900.0,300.0,163000.0
197,2021-10-08 04:23:03,19900.0,200.0,162700.0
198,2021-10-08 04:22:17,19900.0,100.0,162500.0
199,2021-10-08 04:20:20,19900.0,400.0,162400.0
200,2021-10-08 04:19:55,19900.0,1300.0,162000.0
201,2021-10-08 04:19:55,19900.0,1700.0,160700.0
202,2021-10-08 04:18:29,19900.0,200.0,159000.0
203,2021-10-08 04:15:36,19800.0,100.0,158800.0
204,2021-10-08 04:04:22,19800.0,600.0,158700.0
205,2021-10-08 04:04:22,19800.0,500.0,158100.0
206,2021-10-08 04:04:22,19800.0,400.0,157600.0
207,2021-10-08 04:04:22,19800.0,2000.0,157200.0
208,2021-10-08 04:04:22,19800.0,500.0,155200.0
209,2021-10-08 04:03:57,19900.0,100.0,154700.0
210,2021-10-08 04:03:02,19850.0,100.0,154600.0
211,2021-10-08 04:01:01,19850.0,100.0,154500.0
212,2021-10-08 04:00:49,19850.0,300.0,154400.0
213,2021-10-08 04:00:12,19850.0,100.0,154100.0
214,2021-10-08 03:58:28,19850.0,500.0,154000.0
215,2021-10-08 03:58:05,19850.0,10000.0,153500.0
216,2021-10-08 03:57:29,19850.0,100.0,143500.0
217,2021-10-08 03:57:21,19850.0,200.0,143400.0
218,2021-10-08 03:56:52,19850.0,1300.0,143200.0
219,2021-10-08 03:56:52,19850.0,600.0,141900.0
220,2021-10-08 03:56:52,19850.0,500.0,141300.0
221,2021-10-08 03:56:52,19850.0,300.0,140800.0
222,2021-10-08 03:56:52,19850.0,2000.0,140500.0
223,2021-10-08 03:54:56,19850.0,1000.0,138500.0
224,2021-10-08 03:54:56,19850.0,1000.0,137500.0
225,2021-10-08 03:54:56,19850.0,1000.0,136500.0
226,2021-10-08 03:52:21,19900.0,5000.0,135500.0
227,2021-10-08 03:52:21,19900.0,300.0,130500.0
228,2021-10-08 03:48:25,20000.0,200.0,130200.0
229,2021-10-08 03:48:09,19900.0,200.0,130000.0
230,2021-10-08 03:48:09,19950.0,100.0,129800.0
231,2021-10-08 03:47:46,20000.0,300.0,129700.0
232,2021-10-08 03:47:43,19950.0,400.0,129400.0
233,2021-10-08 03:47:43,19950.0,400.0,129000.0
234,2021-10-08 03:44:42,20000.0,700.0,128600.0
235,2021-10-08 03:43:48,20000.0,200.0,127900.0
236,2021-10-08 03:43:48,20000.0,100.0,127700.0
237,2021-10-08 03:43:28,20000.0,1000.0,127600.0
238,2021-10-08 03:40:36,20000.0,1800.0,126600.0
239,2021-10-08 03:40:36,20000.0,100.0,124800.0
240,2021-10-08 03:34:48,20000.0,200.0,124700.0
241,2021-10-08 03:34:48,20000.0,500.0,124500.0
242,2021-10-08 03:34:48,20000.0,100.0,124000.0
243,2021-10-08 03:34:48,20000.0,100.0,123900.0
244,2021-10-08 03:34:36,20000.0,200.0,123800.0
245,2021-10-08 03:33:22,19900.0,100.0,123600.0
246,2021-10-08 03:32:29,19900.0,100.0,123500.0
247,2021-10-08 03:31:55,19900.0,500.0,123400.0
248,2021-10-08 03:31:34,19900.0,1000.0,122900.0
249,2021-10-08 03:30:26,19850.0,100.0,121900.0
250,2021-10-08 03:28:32,19850.0,200.0,121800.0
251,2021-10-08 03:28:16,19850.0,800.0,121600.0
252,2021-10-08 03:28:09,19850.0,5200.0,120800.0
253,2021-10-08 03:28:03,19900.0,400.0,115600.0
254,2021-10-08 03:27:51,19850.0,2000.0,115200.0
255,2021-10-08 03:27:51,19850.0,2800.0,113200.0
256,2021-10-08 03:27:41,19800.0,100.0,110400.0
257,2021-10-08 03:27:37,19800.0,300.0,110300.0
258,2021-10-08 03:27:25,19800.0,300.0,110000.0
259,2021-10-08 03:27:25,19800.0,1000.0,109700.0
260,2021-10-08 03:27:25,19800.0,500.0,108700.0
261,2021-10-08 03:27:25,19800.0,1000.0,108200.0
262,2021-10-08 03:27:25,19800.0,300.0,107200.0
263,2021-10-08 03:27:25,19800.0,100.0,106900.0
264,2021-10-08 03:27:25,19800.0,200.0,106800.0
265,2021-10-08 03:27:25,19800.0,200.0,106600.0
266,2021-10-08 03:27:25,19800.0,400.0,106400.0
267,2021-10-08 03:27:25,19800.0,200.0,106000.0
268,2021-10-08 03:27:25,19800.0,400.0,105800.0
269,2021-10-08 03:27:22,19850.0,100.0,105400.0
270,2021-10-08 03:27:08,19850.0,10000.0,105300.0
271,2021-10-08 03:26:53,19850.0,100.0,95300.0
272,2021-10-08 03:26:40,19850.0,400.0,95200.0
273,2021-10-08 03:26:19,19850.0,200.0,94800.0
274,2021-10-08 03:26:07,19850.0,300.0,94600.0
275,2021-10-08 03:25:40,19850.0,100.0,94300.0
276,2021-10-08 03:25:37,19850.0,100.0,94200.0
277,2021-10-08 03:24:29,19850.0,2000.0,94100.0
278,2021-10-08 03:23:31,19850.0,100.0,92100.0
279,2021-10-08 03:23:10,19850.0,1000.0,92000.0
280,2021-10-08 03:22:29,19850.0,200.0,91000.0
281,2021-10-08 03:22:12,19850.0,100.0,90800.0
282,2021-10-08 03:21:47,19800.0,2000.0,90700.0
283,2021-10-08 03:21:12,19800.0,2600.0,88700.0
284,2021-10-08 03:21:12,19800.0,100.0,86100.0
285,2021-10-08 03:21:12,19800.0,100.0,86000.0
286,2021-10-08 03:21:12,19800.0,500.0,85900.0
287,2021-10-08 03:21:12,19800.0,400.0,85400.0
288,2021-10-08 03:21:12,19800.0,200.0,85000.0
289,2021-10-08 03:21:12,19800.0,1000.0,84800.0
290,2021-10-08 03:21:12,19800.0,100.0,83800.0
291,2021-10-08 03:21:01,19850.0,200.0,83700.0
292,2021-10-08 03:21:01,19850.0,2300.0,83500.0
293,2021-10-08 03:20:14,19850.0,2700.0,81200.0
294,2021-10-08 03:20:14,19850.0,200.0,78500.0
295,2021-10-08 03:20:14,19850.0,500.0,78300.0
296,2021-10-08 03:20:14,19900.0,100.0,77800.0
297,2021-10-08 03:20:14,19900.0,300.0,77700.0
298,2021-10-08 03:20:14,19900.0,200.0,77400.0
299,2021-10-08 03:20:14,19900.0,600.0,77200.0
300,2021-10-08 03:20:14,19950.0,100.0,76600.0
301,2021-10-08 03:20:14,19950.0,300.0,76500.0
302,2021-10-08 03:19:34,19950.0,700.0,76200.0
303,2021-10-08 03:19:08,20000.0,300.0,75500.0
304,2021-10-08 03:19:08,20000.0,200.0,75200.0
305,2021-10-08 03:18:52,19950.0,100.0,75000.0
306,2021-10-08 03:18:13,19950.0,500.0,74900.0
307,2021-10-08 03:17:54,19950.0,400.0,74400.0
308,2021-10-08 03:17:54,19950.0,700.0,74000.0
309,2021-10-08 03:15:22,20000.0,300.0,73300.0
310,2021-10-08 03:15:22,19950.0,200.0,73000.0
311,2021-10-08 03:15:15,19950.0,500.0,72800.0
312,2021-10-08 03:15:13,19950.0,100.0,72300.0
313,2021-10-08 03:14:55,19950.0,800.0,72200.0
314,2021-10-08 03:14:55,19950.0,100.0,71400.0
315,2021-10-08 03:14:24,20000.0,500.0,71300.0
316,2021-10-08 03:14:24,20000.0,1000.0,70800.0
317,2021-10-08 03:13:24,19900.0,100.0,69800.0
318,2021-10-08 03:12:42,20000.0,300.0,69700.0
319,2021-10-08 03:12:38,20000.0,700.0,69400.0
320,2021-10-08 03:12:38,20000.0,300.0,68700.0
321,2021-10-08 03:11:06,20000.0,2700.0,68400.0
322,2021-10-08 03:10:28,20000.0,300.0,65700.0
323,2021-10-08 03:10:24,20000.0,300.0,65400.0
324,2021-10-08 03:10:23,20000.0,700.0,65100.0
325,2021-10-08 03:10:12,19900.0,200.0,64400.0
326,2021-10-08 03:09:55,19900.0,300.0,64200.0
327,2021-10-08 03:09:55,19900.0,100.0,63900.0
328,2021-10-08 03:09:55,19900.0,600.0,63800.0
329,2021-10-08 03:09:49,20000.0,1200.0,63200.0
330,2021-10-08 03:09:30,20000.0,100.0,62000.0
331,2021-10-08 03:07:16,19950.0,500.0,61900.0
332,2021-10-08 03:06:40,19900.0,1400.0,61400.0
333,2021-10-08 03:06:40,19900.0,300.0,60000.0
334,2021-10-08 03:06:40,19900.0,2000.0,59700.0
335,2021-10-08 03:06:40,19900.0,100.0,57700.0
336,2021-10-08 03:06:40,19950.0,1000.0,57600.0
337,2021-10-08 03:06:40,19950.0,100.0,56600.0
338,2021-10-08 03:06:40,19950.0,200.0,56500.0
339,2021-10-08 03:06:40,19950.0,500.0,56300.0
340,2021-10-08 03:06:40,20000.0,1000.0,55800.0
341,2021-10-08 03:06:40,20000.0,200.0,54800.0
342,2021-10-08 03:06:40,20000.0,100.0,54600.0
343,2021-10-08 03:06:40,20000.0,600.0,54500.0
344,2021-10-08 03:06:40,20000.0,100.0,53900.0
345,2021-10-08 03:06:40,20000.0,200.0,53800.0
346,2021-10-08 03:06:40,20000.0,500.0,53600.0
347,2021-10-08 03:06:40,20000.0,100.0,53100.0
348,2021-10-08 03:06:40,20000.0,1000.0,53000.0
349,2021-10-08 03:06:40,20000.0,500.0,52000.0
350,2021-10-08 03:06:40,20000.0,100.0,51500.0
351,2021-10-08 03:06:29,20000.0,900.0,51400.0
352,2021-10-08 03:06:29,20000.0,300.0,50500.0
353,2021-10-08 03:05:17,20000.0,1000.0,50200.0
354,2021-10-08 03:04:45,20000.0,300.0,49200.0
355,2021-10-08 03:03:28,20000.0,400.0,48900.0
356,2021-10-08 03:03:28,20000.0,100.0,48500.0
357,2021-10-08 03:03:28,20050.0,500.0,48400.0
358,2021-10-08 03:03:17,20050.0,400.0,47900.0
359,2021-10-08 03:02:53,20050.0,100.0,47500.0
360,2021-10-08 03:01:33,20050.0,200.0,47400.0
361,2021-10-08 03:01:33,20050.0,300.0,47200.0
362,2021-10-08 03:00:42,20050.0,100.0,46900.0
363,2021-10-08 03:00:42,20050.0,100.0,46800.0
364,2021-10-08 03:00:42,20050.0,300.0,46700.0
365,2021-10-08 02:59:12,20050.0,200.0,46400.0
366,2021-10-08 02:59:12,20050.0,300.0,46200.0
367,2021-10-08 02:57:54,20050.0,2800.0,45900.0
368,2021-10-08 02:55:49,20250.0,2700.0,43100.0
369,2021-10-08 02:55:20,20250.0,200.0,40400.0
370,2021-10-08 02:55:20,20250.0,400.0,40200.0
371,2021-10-08 02:55:20,20250.0,100.0,39800.0
372,2021-10-08 02:55:20,20250.0,1600.0,39700.0
373,2021-10-08 02:55:15,20250.0,300.0,38100.0
374,2021-10-08 02:53:59,20250.0,1300.0,37800.0
375,2021-10-08 02:53:37,20200.0,700.0,36500.0
376,2021-10-08 02:53:37,20200.0,200.0,35800.0
377,2021-10-08 02:52:55,20050.0,1800.0,35600.0
378,2021-10-08 02:52:55,20100.0,600.0,33800.0
379,2021-10-08 02:52:55,20100.0,200.0,33200.0
380,2021-10-08 02:49:56,20050.0,100.0,33000.0
381,2021-10-08 02:49:56,20050.0,1500.0,32900.0
382,2021-10-08 02:49:56,20050.0,500.0,31400.0
383,2021-10-08 02:49:56,20050.0,500.0,30900.0
384,2021-10-08 02:49:22,20200.0,4000.0,30400.0
385,2021-10-08 02:49:22,20200.0,500.0,26400.0
386,2021-10-08 02:49:22,20200.0,1600.0,25900.0
387,2021-10-08 02:49:22,20100.0,3500.0,24300.0
388,2021-10-08 02:49:18,20100.0,700.0,20800.0
389,2021-10-08 02:49:02,20100.0,800.0,20100.0
390,2021-10-08 02:46:25,20200.0,200.0,19300.0
391,2021-10-08 02:45:09,20200.0,200.0,19100.0
392,2021-10-08 02:43:23,20200.0,100.0,18900.0
393,2021-10-08 02:42:35,20100.0,1700.0,18800.0
394,2021-10-08 02:42:35,20100.0,400.0,17100.0
395,2021-10-08 02:42:35,20100.0,500.0,16700.0
396,2021-10-08 02:42:35,20100.0,100.0,16200.0
397,2021-10-08 02:42:35,20100.0,200.0,16100.0
398,2021-10-08 02:42:35,20100.0,100.0,15900.0
399,2021-10-08 02:38:26,20100.0,100.0,15800.0
400,2021-10-08 02:31:15,20250.0,800.0,15700.0
401,2021-10-08 02:30:33,20100.0,300.0,14900.0
402,2021-10-08 02:30:33,20100.0,500.0,14600.0
403,2021-10-08 02:30:33,20100.0,100.0,14100.0
404,2021-10-08 02:30:33,20100.0,100.0,14000.0
405,2021-10-08 02:25:15,20250.0,1000.0,13900.0
406,2021-10-08 02:24:54,20200.0,500.0,12900.0
407,2021-10-08 02:24:54,20200.0,500.0,12400.0
408,2021-10-08 02:23:57,20200.0,500.0,11900.0
409,2021-10-08 02:23:57,20200.0,500.0,11400.0
410,2021-10-08 02:23:39,20300.0,100.0,10900.0
411,2021-10-08 02:18:55,20300.0,1500.0,10800.0
412,2021-10-08 02:18:55,20300.0,500.0,9300.0
413,2021-10-08 02:18:30,20300.0,500.0,8800.0
414,2021-10-08 02:18:30,20250.0,200.0,8300.0
415,2021-10-08 02:18:11,20100.0,100.0,8100.0
416,2021-10-08 02:17:06,20000.0,700.0,8000.0
417,2021-10-08 02:16:52,20000.0,500.0,7300.0
418,2021-10-08 02:16:34,19950.0,100.0,6800.0
419,2021-10-08 02:16:34,19950.0,100.0,6700.0
420,2021-10-08 02:16:08,20000.0,200.0,6600.0
421,2021-10-08 02:16:08,20000.0,300.0,6400.0
422,2021-10-08 02:16:08,20000.0,500.0,6100.0
423,2021-10-08 02:15:01,20000.0,100.0,5600.0
424,2021-10-08 02:15:01,20000.0,2000.0,5500.0
425,2021-10-08 02:15:01,20000.0,100.0,3500.0
426,2021-10-08 02:15:01,20000.0,200.0,3400.0
427,2021-10-08 02:15:01,20000.0,500.0,3200.0
428,2021-10-08 02:15:01,20000.0,1200.0,2700.0
429,2021-10-08 02:15:01,20000.0,700.0,1500.0
430,2021-10-08 02:15:01,20000.0,200.0,800.0
431,2021-10-08 02:15:01,20000.0,100.0,600.0
432,2021-10-08 02:15:01,20000.0,400.0,500.0
433,2021-10-08 02:15:01,20000.0,100.0,100.0
