,Time,Price,Volume_per_trade,Volume
0,2021-10-18 07:45:01,22250.0,100.0,792200.0
1,2021-10-18 07:45:01,22250.0,500.0,792100.0
2,2021-10-18 07:45:01,22250.0,2400.0,791600.0
3,2021-10-18 07:45:01,22250.0,1000.0,789200.0
4,2021-10-18 07:45:01,22250.0,1000.0,788200.0
5,2021-10-18 07:45:01,22250.0,1000.0,787200.0
6,2021-10-18 07:45:01,22250.0,100.0,786200.0
7,2021-10-18 07:45:01,22250.0,800.0,786100.0
8,2021-10-18 07:45:01,22250.0,300.0,785300.0
9,2021-10-18 07:45:01,22250.0,1000.0,785000.0
10,2021-10-18 07:45:01,22250.0,2700.0,784000.0
11,2021-10-18 07:45:01,22250.0,100.0,781300.0
12,2021-10-18 07:45:01,22250.0,100.0,781200.0
13,2021-10-18 07:45:01,22250.0,100.0,781100.0
14,2021-10-18 07:29:58,22200.0,900.0,781000.0
15,2021-10-18 07:29:58,22200.0,3000.0,780100.0
16,2021-10-18 07:29:58,22200.0,2000.0,777100.0
17,2021-10-18 07:29:58,22200.0,100.0,775100.0
18,2021-10-18 07:29:43,22250.0,100.0,775000.0
19,2021-10-18 07:29:35,22250.0,1500.0,774900.0
20,2021-10-18 07:29:35,22250.0,3000.0,773400.0
21,2021-10-18 07:28:17,22200.0,1000.0,770400.0
22,2021-10-18 07:28:08,22250.0,1300.0,769400.0
23,2021-10-18 07:27:47,22250.0,200.0,768100.0
24,2021-10-18 07:27:41,22200.0,500.0,767900.0
25,2021-10-18 07:27:02,22250.0,1700.0,767400.0
26,2021-10-18 07:27:01,22250.0,3000.0,765700.0
27,2021-10-18 07:26:58,22250.0,500.0,762700.0
28,2021-10-18 07:26:58,22250.0,300.0,762200.0
29,2021-10-18 07:26:35,22300.0,100.0,761900.0
30,2021-10-18 07:25:42,22300.0,100.0,761800.0
31,2021-10-18 07:25:31,22300.0,100.0,761700.0
32,2021-10-18 07:25:31,22300.0,500.0,761600.0
33,2021-10-18 07:25:20,22300.0,200.0,761100.0
34,2021-10-18 07:24:25,22300.0,300.0,760900.0
35,2021-10-18 07:24:14,22250.0,500.0,760600.0
36,2021-10-18 07:24:14,22250.0,500.0,760100.0
37,2021-10-18 07:23:25,22250.0,100.0,759600.0
38,2021-10-18 07:22:42,22250.0,400.0,759500.0
39,2021-10-18 07:22:12,22200.0,300.0,759100.0
40,2021-10-18 07:22:12,22200.0,100.0,758800.0
41,2021-10-18 07:21:51,22200.0,300.0,758700.0
42,2021-10-18 07:21:24,22200.0,300.0,758400.0
43,2021-10-18 07:20:51,22150.0,900.0,758100.0
44,2021-10-18 07:20:25,22150.0,700.0,757200.0
45,2021-10-18 07:19:39,22150.0,700.0,756500.0
46,2021-10-18 07:17:39,22150.0,2000.0,755800.0
47,2021-10-18 07:15:25,22100.0,500.0,753800.0
48,2021-10-18 07:15:15,22200.0,1100.0,753300.0
49,2021-10-18 07:14:41,22100.0,400.0,752200.0
50,2021-10-18 07:14:15,22100.0,1500.0,751800.0
51,2021-10-18 07:14:02,22100.0,800.0,750300.0
52,2021-10-18 07:12:58,22100.0,200.0,749500.0
53,2021-10-18 07:12:50,22100.0,2500.0,749300.0
54,2021-10-18 07:12:33,22100.0,2300.0,746800.0
55,2021-10-18 07:12:23,22100.0,700.0,744500.0
56,2021-10-18 07:12:23,22100.0,2300.0,743800.0
57,2021-10-18 07:12:10,22100.0,2900.0,741500.0
58,2021-10-18 07:12:10,22100.0,100.0,738600.0
59,2021-10-18 07:12:10,22100.0,1000.0,738500.0
60,2021-10-18 07:12:10,22150.0,300.0,737500.0
61,2021-10-18 07:12:10,22150.0,1300.0,737200.0
62,2021-10-18 07:12:10,22200.0,200.0,735900.0
63,2021-10-18 07:12:10,22200.0,200.0,735700.0
64,2021-10-18 07:12:10,22200.0,1000.0,735500.0
65,2021-10-18 07:12:10,22250.0,1000.0,734500.0
66,2021-10-18 07:12:10,22250.0,2000.0,733500.0
67,2021-10-18 07:11:33,22300.0,400.0,731500.0
68,2021-10-18 07:11:23,22300.0,500.0,731100.0
69,2021-10-18 07:10:38,22300.0,100.0,730600.0
70,2021-10-18 07:09:33,22400.0,100.0,730500.0
71,2021-10-18 07:09:33,22400.0,1100.0,730400.0
72,2021-10-18 07:08:58,22400.0,1000.0,729300.0
73,2021-10-18 07:08:32,22400.0,200.0,728300.0
74,2021-10-18 07:08:32,22400.0,300.0,728100.0
75,2021-10-18 07:08:32,22400.0,400.0,727800.0
76,2021-10-18 07:08:19,22400.0,500.0,727400.0
77,2021-10-18 07:08:01,22400.0,1300.0,726900.0
78,2021-10-18 07:08:01,22450.0,100.0,725600.0
79,2021-10-18 07:08:01,22450.0,1600.0,725500.0
80,2021-10-18 07:07:51,22450.0,1400.0,723900.0
81,2021-10-18 07:07:51,22450.0,200.0,722500.0
82,2021-10-18 07:07:32,22450.0,4800.0,722300.0
83,2021-10-18 07:07:32,22450.0,1000.0,717500.0
84,2021-10-18 07:07:32,22450.0,200.0,716500.0
85,2021-10-18 07:06:47,22500.0,1000.0,716300.0
86,2021-10-18 07:06:37,22500.0,200.0,715300.0
87,2021-10-18 07:04:30,22500.0,600.0,715100.0
88,2021-10-18 07:04:11,22500.0,10000.0,714500.0
89,2021-10-18 07:04:06,22500.0,2700.0,704500.0
90,2021-10-18 07:03:46,22500.0,4000.0,701800.0
91,2021-10-18 07:03:10,22500.0,100.0,697800.0
92,2021-10-18 07:02:38,22500.0,500.0,697700.0
93,2021-10-18 07:02:38,22500.0,100.0,697200.0
94,2021-10-18 07:02:38,22500.0,400.0,697100.0
95,2021-10-18 07:02:38,22500.0,400.0,696700.0
96,2021-10-18 07:02:38,22500.0,100.0,696300.0
97,2021-10-18 07:02:38,22500.0,500.0,696200.0
98,2021-10-18 07:02:38,22500.0,1000.0,695700.0
99,2021-10-18 07:02:38,22500.0,1000.0,694700.0
100,2021-10-18 07:02:38,22500.0,100.0,693700.0
101,2021-10-18 07:02:38,22500.0,300.0,693600.0
102,2021-10-18 07:02:38,22500.0,300.0,693300.0
103,2021-10-18 07:02:25,22500.0,3000.0,693000.0
104,2021-10-18 07:01:58,22500.0,100.0,690000.0
105,2021-10-18 07:01:58,22500.0,400.0,689900.0
106,2021-10-18 07:01:46,22550.0,4000.0,689500.0
107,2021-10-18 07:01:46,22550.0,1300.0,685500.0
108,2021-10-18 07:01:46,22550.0,100.0,684200.0
109,2021-10-18 07:01:46,22550.0,1000.0,684100.0
110,2021-10-18 07:01:46,22550.0,500.0,683100.0
111,2021-10-18 07:01:46,22550.0,100.0,682600.0
112,2021-10-18 07:01:46,22550.0,100.0,682500.0
113,2021-10-18 07:01:46,22550.0,200.0,682400.0
114,2021-10-18 07:01:46,22550.0,300.0,682200.0
115,2021-10-18 07:01:46,22550.0,1300.0,681900.0
116,2021-10-18 07:01:25,22500.0,100.0,680600.0
117,2021-10-18 07:01:07,22550.0,700.0,680500.0
118,2021-10-18 07:01:07,22550.0,500.0,679800.0
119,2021-10-18 07:01:07,22550.0,500.0,679300.0
120,2021-10-18 07:01:07,22550.0,100.0,678800.0
121,2021-10-18 07:01:07,22550.0,5700.0,678700.0
122,2021-10-18 07:01:06,22500.0,1000.0,673000.0
123,2021-10-18 07:00:31,22500.0,500.0,672000.0
124,2021-10-18 07:00:30,22550.0,100.0,671500.0
125,2021-10-18 07:00:19,22550.0,1000.0,671400.0
126,2021-10-18 07:00:07,22550.0,500.0,670400.0
127,2021-10-18 06:59:54,22500.0,500.0,669900.0
128,2021-10-18 06:58:28,22500.0,1100.0,669400.0
129,2021-10-18 06:58:27,22500.0,100.0,668300.0
130,2021-10-18 06:58:06,22550.0,500.0,668200.0
131,2021-10-18 06:58:05,22550.0,2000.0,667700.0
132,2021-10-18 06:58:01,22500.0,100.0,665700.0
133,2021-10-18 06:57:29,22500.0,200.0,665600.0
134,2021-10-18 06:57:13,22500.0,100.0,665400.0
135,2021-10-18 06:57:11,22500.0,100.0,665300.0
136,2021-10-18 06:57:04,22550.0,1600.0,665200.0
137,2021-10-18 06:57:04,22550.0,1000.0,663600.0
138,2021-10-18 06:57:04,22550.0,200.0,662600.0
139,2021-10-18 06:57:04,22550.0,200.0,662400.0
140,2021-10-18 06:57:00,22500.0,200.0,662200.0
141,2021-10-18 06:57:00,22500.0,600.0,662000.0
142,2021-10-18 06:56:39,22500.0,200.0,661400.0
143,2021-10-18 06:56:29,22500.0,300.0,661200.0
144,2021-10-18 06:56:15,22500.0,700.0,660900.0
145,2021-10-18 06:56:15,22500.0,100.0,660200.0
146,2021-10-18 06:56:15,22500.0,200.0,660100.0
147,2021-10-18 06:56:03,22500.0,200.0,659900.0
148,2021-10-18 06:55:48,22500.0,100.0,659700.0
149,2021-10-18 06:55:48,22500.0,900.0,659600.0
150,2021-10-18 06:55:38,22500.0,100.0,658700.0
151,2021-10-18 06:55:38,22500.0,1700.0,658600.0
152,2021-10-18 06:55:08,22500.0,300.0,656900.0
153,2021-10-18 06:55:08,22500.0,700.0,656600.0
154,2021-10-18 06:54:53,22500.0,1800.0,655900.0
155,2021-10-18 06:54:53,22500.0,200.0,654100.0
156,2021-10-18 06:54:50,22500.0,500.0,653900.0
157,2021-10-18 06:54:44,22500.0,4300.0,653400.0
158,2021-10-18 06:54:44,22500.0,700.0,649100.0
159,2021-10-18 06:54:37,22500.0,300.0,648400.0
160,2021-10-18 06:54:37,22500.0,700.0,648100.0
161,2021-10-18 06:54:33,22500.0,500.0,647400.0
162,2021-10-18 06:54:29,22500.0,1000.0,646900.0
163,2021-10-18 06:54:06,22500.0,3300.0,645900.0
164,2021-10-18 06:54:06,22500.0,700.0,642600.0
165,2021-10-18 06:53:54,22500.0,1800.0,641900.0
166,2021-10-18 06:53:54,22500.0,200.0,640100.0
167,2021-10-18 06:53:49,22500.0,100.0,639900.0
168,2021-10-18 06:53:45,22500.0,200.0,639800.0
169,2021-10-18 06:53:45,22500.0,100.0,639600.0
170,2021-10-18 06:53:45,22500.0,1000.0,639500.0
171,2021-10-18 06:53:45,22500.0,500.0,638500.0
172,2021-10-18 06:53:45,22500.0,2200.0,638000.0
173,2021-10-18 06:53:45,22500.0,100.0,635800.0
174,2021-10-18 06:53:45,22500.0,900.0,635700.0
175,2021-10-18 06:53:43,22500.0,100.0,634800.0
176,2021-10-18 06:53:43,22500.0,200.0,634700.0
177,2021-10-18 06:53:43,22500.0,200.0,634500.0
178,2021-10-18 06:53:33,22500.0,100.0,634300.0
179,2021-10-18 06:53:26,22500.0,100.0,634200.0
180,2021-10-18 06:53:18,22500.0,800.0,634100.0
181,2021-10-18 06:53:18,22500.0,200.0,633300.0
182,2021-10-18 06:53:18,22500.0,100.0,633100.0
183,2021-10-18 06:53:18,22500.0,100.0,633000.0
184,2021-10-18 06:53:18,22500.0,300.0,632900.0
185,2021-10-18 06:52:51,22500.0,200.0,632600.0
186,2021-10-18 06:52:51,22500.0,1000.0,632400.0
187,2021-10-18 06:52:51,22500.0,500.0,631400.0
188,2021-10-18 06:52:51,22500.0,300.0,630900.0
189,2021-10-18 06:52:36,22500.0,300.0,630600.0
190,2021-10-18 06:51:48,22500.0,400.0,630300.0
191,2021-10-18 06:51:33,22500.0,100.0,629900.0
192,2021-10-18 06:51:26,22450.0,1000.0,629800.0
193,2021-10-18 06:51:02,22450.0,100.0,628800.0
194,2021-10-18 06:50:49,22500.0,400.0,628700.0
195,2021-10-18 06:50:49,22500.0,100.0,628300.0
196,2021-10-18 06:50:36,22500.0,400.0,628200.0
197,2021-10-18 06:50:36,22500.0,1000.0,627800.0
198,2021-10-18 06:50:08,22500.0,1100.0,626800.0
199,2021-10-18 06:50:08,22500.0,200.0,625700.0
200,2021-10-18 06:50:08,22500.0,200.0,625500.0
201,2021-10-18 06:50:08,22500.0,2700.0,625300.0
202,2021-10-18 06:50:06,22500.0,2100.0,622600.0
203,2021-10-18 06:49:53,22500.0,200.0,620500.0
204,2021-10-18 06:49:53,22500.0,100.0,620300.0
205,2021-10-18 06:49:53,22450.0,200.0,620200.0
206,2021-10-18 06:49:53,22450.0,200.0,620000.0
207,2021-10-18 06:49:32,22450.0,800.0,619800.0
208,2021-10-18 06:49:32,22450.0,2200.0,619000.0
209,2021-10-18 06:48:41,22450.0,1800.0,616800.0
210,2021-10-18 06:48:41,22450.0,200.0,615000.0
211,2021-10-18 06:48:33,22400.0,500.0,614800.0
212,2021-10-18 06:48:33,22400.0,100.0,614300.0
213,2021-10-18 06:48:33,22400.0,200.0,614200.0
214,2021-10-18 06:48:11,22400.0,2800.0,614000.0
215,2021-10-18 06:48:11,22400.0,500.0,611200.0
216,2021-10-18 06:48:11,22400.0,100.0,610700.0
217,2021-10-18 06:48:11,22400.0,1000.0,610600.0
218,2021-10-18 06:48:11,22400.0,500.0,609600.0
219,2021-10-18 06:48:11,22400.0,100.0,609100.0
220,2021-10-18 06:47:56,22300.0,500.0,609000.0
221,2021-10-18 06:47:39,22400.0,300.0,608500.0
222,2021-10-18 06:47:36,22400.0,1500.0,608200.0
223,2021-10-18 06:47:29,22400.0,2000.0,606700.0
224,2021-10-18 06:47:03,22400.0,1000.0,604700.0
225,2021-10-18 06:47:02,22400.0,200.0,603700.0
226,2021-10-18 06:46:52,22400.0,1500.0,603500.0
227,2021-10-18 06:46:21,22400.0,3400.0,602000.0
228,2021-10-18 06:46:21,22400.0,100.0,598600.0
229,2021-10-18 06:46:21,22400.0,300.0,598500.0
230,2021-10-18 06:46:21,22350.0,200.0,598200.0
231,2021-10-18 06:45:51,22300.0,100.0,598000.0
232,2021-10-18 06:45:32,22300.0,100.0,597900.0
233,2021-10-18 06:45:29,22300.0,500.0,597800.0
234,2021-10-18 06:45:29,22300.0,500.0,597300.0
235,2021-10-18 06:45:29,22300.0,800.0,596800.0
236,2021-10-18 06:45:27,22300.0,500.0,596000.0
237,2021-10-18 06:45:16,22300.0,3700.0,595500.0
238,2021-10-18 06:45:16,22300.0,500.0,591800.0
239,2021-10-18 06:45:16,22300.0,500.0,591300.0
240,2021-10-18 06:45:16,22300.0,200.0,590800.0
241,2021-10-18 06:45:16,22300.0,700.0,590600.0
242,2021-10-18 06:45:16,22300.0,500.0,589900.0
243,2021-10-18 06:45:16,22300.0,100.0,589400.0
244,2021-10-18 06:45:16,22300.0,100.0,589300.0
245,2021-10-18 06:45:16,22300.0,100.0,589200.0
246,2021-10-18 06:44:54,22300.0,200.0,589100.0
247,2021-10-18 06:44:54,22300.0,300.0,588900.0
248,2021-10-18 06:44:54,22300.0,200.0,588600.0
249,2021-10-18 06:43:48,22300.0,600.0,588400.0
250,2021-10-18 06:42:08,22250.0,300.0,587800.0
251,2021-10-18 06:41:42,22300.0,200.0,587500.0
252,2021-10-18 06:41:42,22300.0,300.0,587300.0
253,2021-10-18 06:41:42,22250.0,100.0,587000.0
254,2021-10-18 06:41:42,22250.0,400.0,586900.0
255,2021-10-18 06:40:54,22250.0,200.0,586500.0
256,2021-10-18 06:40:39,22250.0,400.0,586300.0
257,2021-10-18 06:40:35,22250.0,1500.0,585900.0
258,2021-10-18 06:40:35,22250.0,200.0,584400.0
259,2021-10-18 06:40:35,22250.0,1000.0,584200.0
260,2021-10-18 06:40:35,22250.0,500.0,583200.0
261,2021-10-18 06:40:35,22250.0,100.0,582700.0
262,2021-10-18 06:40:35,22250.0,200.0,582600.0
263,2021-10-18 06:40:18,22200.0,500.0,582400.0
264,2021-10-18 06:39:52,22200.0,300.0,581900.0
265,2021-10-18 06:39:52,22200.0,300.0,581600.0
266,2021-10-18 06:39:52,22200.0,500.0,581300.0
267,2021-10-18 06:39:52,22200.0,500.0,580800.0
268,2021-10-18 06:39:52,22200.0,500.0,580300.0
269,2021-10-18 06:39:52,22200.0,300.0,579800.0
270,2021-10-18 06:39:52,22200.0,100.0,579500.0
271,2021-10-18 06:38:52,22150.0,2000.0,579400.0
272,2021-10-18 06:38:47,22200.0,100.0,577400.0
273,2021-10-18 06:38:47,22200.0,500.0,577300.0
274,2021-10-18 06:38:37,22200.0,100.0,576800.0
275,2021-10-18 06:38:34,22150.0,300.0,576700.0
276,2021-10-18 06:38:13,22200.0,400.0,576400.0
277,2021-10-18 06:38:04,22150.0,1300.0,576000.0
278,2021-10-18 06:37:44,22150.0,500.0,574700.0
279,2021-10-18 06:37:23,22100.0,1000.0,574200.0
280,2021-10-18 06:37:23,22100.0,1000.0,573200.0
281,2021-10-18 06:37:22,22150.0,2200.0,572200.0
282,2021-10-18 06:37:22,22150.0,200.0,570000.0
283,2021-10-18 06:37:22,22150.0,400.0,569800.0
284,2021-10-18 06:37:22,22150.0,100.0,569400.0
285,2021-10-18 06:37:22,22150.0,200.0,569300.0
286,2021-10-18 06:35:52,22100.0,300.0,569100.0
287,2021-10-18 06:35:52,22100.0,500.0,568800.0
288,2021-10-18 06:35:52,22100.0,400.0,568300.0
289,2021-10-18 06:35:52,22100.0,500.0,567900.0
290,2021-10-18 06:35:52,22100.0,400.0,567400.0
291,2021-10-18 06:35:52,22100.0,600.0,567000.0
292,2021-10-18 06:35:52,22100.0,300.0,566400.0
293,2021-10-18 06:33:53,22100.0,200.0,566100.0
294,2021-10-18 06:33:51,22100.0,1000.0,565900.0
295,2021-10-18 06:33:42,22100.0,200.0,564900.0
296,2021-10-18 06:33:42,22100.0,100.0,564700.0
297,2021-10-18 06:33:42,22100.0,200.0,564600.0
298,2021-10-18 06:33:29,22100.0,1000.0,564400.0
299,2021-10-18 06:32:19,22050.0,800.0,563400.0
300,2021-10-18 06:32:19,22050.0,700.0,562600.0
301,2021-10-18 06:32:05,22050.0,300.0,561900.0
302,2021-10-18 06:32:05,22050.0,300.0,561600.0
303,2021-10-18 06:32:05,22050.0,100.0,561300.0
304,2021-10-18 06:32:05,22050.0,100.0,561200.0
305,2021-10-18 06:32:05,22050.0,200.0,561100.0
306,2021-10-18 06:29:54,22000.0,200.0,560900.0
307,2021-10-18 06:29:09,22050.0,200.0,560700.0
308,2021-10-18 06:29:09,22050.0,100.0,560500.0
309,2021-10-18 06:29:09,22050.0,200.0,560400.0
310,2021-10-18 06:29:09,22050.0,100.0,560200.0
311,2021-10-18 06:29:09,22050.0,100.0,560100.0
312,2021-10-18 06:29:09,22050.0,500.0,560000.0
313,2021-10-18 06:29:09,22000.0,100.0,559500.0
314,2021-10-18 06:29:09,22000.0,300.0,559400.0
315,2021-10-18 06:28:17,22000.0,100.0,559100.0
316,2021-10-18 06:28:17,22000.0,1600.0,559000.0
317,2021-10-18 06:27:57,22000.0,200.0,557400.0
318,2021-10-18 06:27:27,22000.0,100.0,557200.0
319,2021-10-18 06:27:06,22000.0,100.0,557100.0
320,2021-10-18 06:26:53,22000.0,1000.0,557000.0
321,2021-10-18 06:26:48,22000.0,200.0,556000.0
322,2021-10-18 06:26:44,22000.0,300.0,555800.0
323,2021-10-18 06:26:11,22000.0,500.0,555500.0
324,2021-10-18 06:25:55,22000.0,500.0,555000.0
325,2021-10-18 06:25:17,22000.0,500.0,554500.0
326,2021-10-18 06:25:17,22000.0,2000.0,554000.0
327,2021-10-18 06:25:17,22000.0,1000.0,552000.0
328,2021-10-18 06:25:17,22000.0,100.0,551000.0
329,2021-10-18 06:25:17,22000.0,100.0,550900.0
330,2021-10-18 06:25:17,22000.0,100.0,550800.0
331,2021-10-18 06:25:17,22000.0,500.0,550700.0
332,2021-10-18 06:25:17,22000.0,300.0,550200.0
333,2021-10-18 06:25:17,22000.0,900.0,549900.0
334,2021-10-18 06:25:04,22000.0,100.0,549000.0
335,2021-10-18 06:25:04,22000.0,100.0,548900.0
336,2021-10-18 06:23:53,22000.0,600.0,548800.0
337,2021-10-18 06:23:53,22000.0,3000.0,548200.0
338,2021-10-18 06:23:53,22000.0,2000.0,545200.0
339,2021-10-18 06:23:53,22000.0,4500.0,543200.0
340,2021-10-18 06:22:41,22000.0,500.0,538700.0
341,2021-10-18 06:22:41,22000.0,500.0,538200.0
342,2021-10-18 06:22:41,22000.0,1000.0,537700.0
343,2021-10-18 06:21:53,21950.0,3000.0,536700.0
344,2021-10-18 06:21:53,21950.0,3000.0,533700.0
345,2021-10-18 06:21:53,21950.0,2000.0,530700.0
346,2021-10-18 06:21:53,21950.0,500.0,528700.0
347,2021-10-18 06:21:53,21950.0,1000.0,528200.0
348,2021-10-18 06:20:22,21900.0,500.0,527200.0
349,2021-10-18 06:20:20,21900.0,500.0,526700.0
350,2021-10-18 06:19:55,21900.0,100.0,526200.0
351,2021-10-18 06:18:58,21900.0,2000.0,526100.0
352,2021-10-18 06:17:53,21850.0,200.0,524100.0
353,2021-10-18 06:15:59,21850.0,200.0,523900.0
354,2021-10-18 06:14:50,21900.0,1900.0,523700.0
355,2021-10-18 06:13:32,21900.0,100.0,521800.0
356,2021-10-18 06:13:18,21900.0,900.0,521700.0
357,2021-10-18 06:13:18,21900.0,100.0,520800.0
358,2021-10-18 06:12:46,21850.0,3500.0,520700.0
359,2021-10-18 06:11:50,21900.0,200.0,517200.0
360,2021-10-18 06:11:27,21900.0,11600.0,517000.0
361,2021-10-18 06:10:49,21900.0,3400.0,505400.0
362,2021-10-18 06:10:39,21900.0,800.0,502000.0
363,2021-10-18 06:09:31,21900.0,800.0,501200.0
364,2021-10-18 06:09:31,21900.0,200.0,500400.0
365,2021-10-18 06:07:39,21900.0,300.0,500200.0
366,2021-10-18 06:07:39,21900.0,700.0,499900.0
367,2021-10-18 06:07:06,21900.0,1000.0,499200.0
368,2021-10-18 06:05:11,21900.0,2000.0,498200.0
369,2021-10-18 06:05:11,21900.0,500.0,496200.0
370,2021-10-18 06:05:11,21900.0,800.0,495700.0
371,2021-10-18 06:04:14,21900.0,200.0,494900.0
372,2021-10-18 06:04:14,21900.0,300.0,494700.0
373,2021-10-18 06:04:14,21900.0,100.0,494400.0
374,2021-10-18 06:04:14,21900.0,1400.0,494300.0
375,2021-10-18 06:02:05,21900.0,1000.0,492900.0
376,2021-10-18 06:00:14,21900.0,200.0,491900.0
377,2021-10-18 06:00:14,21900.0,400.0,491700.0
378,2021-10-18 06:00:09,21900.0,300.0,491300.0
379,2021-10-18 06:00:08,21900.0,600.0,491000.0
380,2021-10-18 06:00:07,21900.0,2500.0,490400.0
381,2021-10-18 06:00:05,21900.0,100.0,487900.0
382,2021-10-18 06:00:01,21900.0,100.0,487800.0
383,2021-10-18 06:00:00,21900.0,10000.0,487700.0
384,2021-10-18 04:28:45,21900.0,100.0,477700.0
385,2021-10-18 04:28:20,21900.0,500.0,477600.0
386,2021-10-18 04:28:06,21850.0,100.0,477100.0
387,2021-10-18 04:25:00,21900.0,1000.0,477000.0
388,2021-10-18 04:23:45,21900.0,100.0,476000.0
389,2021-10-18 04:23:45,21900.0,4300.0,475900.0
390,2021-10-18 04:23:31,21950.0,4000.0,471600.0
391,2021-10-18 04:23:22,21900.0,700.0,467600.0
392,2021-10-18 04:23:22,21900.0,100.0,466900.0
393,2021-10-18 04:23:22,21900.0,900.0,466800.0
394,2021-10-18 04:22:28,21950.0,500.0,465900.0
395,2021-10-18 04:22:28,21950.0,1800.0,465400.0
396,2021-10-18 04:21:09,22000.0,1400.0,463600.0
397,2021-10-18 04:21:09,22000.0,500.0,462200.0
398,2021-10-18 04:21:09,22000.0,500.0,461700.0
399,2021-10-18 04:21:09,22000.0,100.0,461200.0
400,2021-10-18 04:21:09,22000.0,800.0,461100.0
401,2021-10-18 04:20:42,22000.0,100.0,460300.0
402,2021-10-18 04:20:23,22000.0,500.0,460200.0
403,2021-10-18 04:19:42,22000.0,200.0,459700.0
404,2021-10-18 04:19:29,22000.0,1700.0,459500.0
405,2021-10-18 04:19:29,22000.0,100.0,457800.0
406,2021-10-18 04:19:29,22000.0,1000.0,457700.0
407,2021-10-18 04:19:29,22000.0,100.0,456700.0
408,2021-10-18 04:19:29,22000.0,5000.0,456600.0
409,2021-10-18 04:19:29,22000.0,1400.0,451600.0
410,2021-10-18 04:19:29,22000.0,400.0,450200.0
411,2021-10-18 04:19:29,22000.0,300.0,449800.0
412,2021-10-18 04:19:20,22000.0,700.0,449500.0
413,2021-10-18 04:19:20,22000.0,100.0,448800.0
414,2021-10-18 04:19:20,22000.0,100.0,448700.0
415,2021-10-18 04:19:20,22000.0,500.0,448600.0
416,2021-10-18 04:19:20,22000.0,500.0,448100.0
417,2021-10-18 04:19:20,22000.0,500.0,447600.0
418,2021-10-18 04:19:20,22000.0,1000.0,447100.0
419,2021-10-18 04:19:20,22000.0,4000.0,446100.0
420,2021-10-18 04:19:20,22000.0,300.0,442100.0
421,2021-10-18 04:19:20,22000.0,1000.0,441800.0
422,2021-10-18 04:19:20,22000.0,1300.0,440800.0
423,2021-10-18 04:18:55,22000.0,700.0,439500.0
424,2021-10-18 04:18:55,22000.0,100.0,438800.0
425,2021-10-18 04:18:55,22000.0,400.0,438700.0
426,2021-10-18 04:18:55,22000.0,2400.0,438300.0
427,2021-10-18 04:18:55,22000.0,1000.0,435900.0
428,2021-10-18 04:18:55,22000.0,1000.0,434900.0
429,2021-10-18 04:18:55,22000.0,1000.0,433900.0
430,2021-10-18 04:18:55,22000.0,100.0,432900.0
431,2021-10-18 04:18:55,22000.0,200.0,432800.0
432,2021-10-18 04:18:55,22000.0,100.0,432600.0
433,2021-10-18 04:18:55,22000.0,3000.0,432500.0
434,2021-10-18 04:18:11,22000.0,3000.0,429500.0
435,2021-10-18 04:18:11,22000.0,3000.0,426500.0
436,2021-10-18 04:18:11,22000.0,500.0,423500.0
437,2021-10-18 04:18:11,22000.0,300.0,423000.0
438,2021-10-18 04:18:11,22000.0,500.0,422700.0
439,2021-10-18 04:18:05,21950.0,1000.0,422200.0
440,2021-10-18 04:18:04,22000.0,1500.0,421200.0
441,2021-10-18 04:18:04,22000.0,400.0,419700.0
442,2021-10-18 04:18:04,22000.0,1000.0,419300.0
443,2021-10-18 04:18:04,22000.0,400.0,418300.0
444,2021-10-18 04:18:04,22000.0,500.0,417900.0
445,2021-10-18 04:18:04,22000.0,500.0,417400.0
446,2021-10-18 04:18:04,22000.0,2500.0,416900.0
447,2021-10-18 04:18:04,22000.0,500.0,414400.0
448,2021-10-18 04:18:04,22000.0,200.0,413900.0
449,2021-10-18 04:18:04,22000.0,100.0,413700.0
450,2021-10-18 04:18:04,22000.0,300.0,413600.0
451,2021-10-18 04:18:04,22000.0,100.0,413300.0
452,2021-10-18 04:18:04,22000.0,100.0,413200.0
453,2021-10-18 04:18:04,22000.0,100.0,413100.0
454,2021-10-18 04:18:04,22000.0,1800.0,413000.0
455,2021-10-18 04:17:50,21950.0,500.0,411200.0
456,2021-10-18 04:17:50,21950.0,1000.0,410700.0
457,2021-10-18 04:17:50,21950.0,500.0,409700.0
458,2021-10-18 04:17:50,21950.0,2000.0,409200.0
459,2021-10-18 04:16:43,21900.0,100.0,407200.0
460,2021-10-18 04:16:35,21900.0,1000.0,407100.0
461,2021-10-18 04:15:42,21900.0,300.0,406100.0
462,2021-10-18 04:15:16,21950.0,500.0,405800.0
463,2021-10-18 04:14:50,21900.0,700.0,405300.0
464,2021-10-18 04:14:06,21900.0,1300.0,404600.0
465,2021-10-18 04:14:06,21900.0,1000.0,403300.0
466,2021-10-18 04:14:06,21900.0,5000.0,402300.0
467,2021-10-18 04:14:06,21900.0,7700.0,397300.0
468,2021-10-18 04:11:44,21900.0,1000.0,389600.0
469,2021-10-18 04:10:30,21900.0,1000.0,388600.0
470,2021-10-18 04:09:16,21850.0,500.0,387600.0
471,2021-10-18 04:08:18,21850.0,400.0,387100.0
472,2021-10-18 04:08:05,21850.0,100.0,386700.0
473,2021-10-18 04:07:51,21900.0,300.0,386600.0
474,2021-10-18 04:07:51,21900.0,200.0,386300.0
475,2021-10-18 04:07:51,21900.0,300.0,386100.0
476,2021-10-18 04:07:51,21900.0,1500.0,385800.0
477,2021-10-18 04:07:51,21900.0,500.0,384300.0
478,2021-10-18 04:07:51,21900.0,700.0,383800.0
479,2021-10-18 04:07:48,21850.0,500.0,383100.0
480,2021-10-18 04:06:54,21850.0,700.0,382600.0
481,2021-10-18 04:06:52,21900.0,300.0,381900.0
482,2021-10-18 04:06:52,21900.0,600.0,381600.0
483,2021-10-18 04:06:36,21900.0,4900.0,381000.0
484,2021-10-18 04:06:36,21900.0,100.0,376100.0
485,2021-10-18 04:06:02,21850.0,1000.0,376000.0
486,2021-10-18 04:06:02,21850.0,1000.0,375000.0
487,2021-10-18 04:06:02,21850.0,1800.0,374000.0
488,2021-10-18 04:03:59,21800.0,1000.0,372200.0
489,2021-10-18 04:01:54,21750.0,1000.0,371200.0
490,2021-10-18 04:01:54,21750.0,3100.0,370200.0
491,2021-10-18 03:59:45,21700.0,1900.0,367100.0
492,2021-10-18 03:59:45,21700.0,1000.0,365200.0
493,2021-10-18 03:59:45,21700.0,100.0,364200.0
494,2021-10-18 03:59:12,21750.0,800.0,364100.0
495,2021-10-18 03:58:32,21750.0,1000.0,363300.0
496,2021-10-18 03:57:29,21750.0,1000.0,362300.0
497,2021-10-18 03:54:17,21700.0,300.0,361300.0
498,2021-10-18 03:54:17,21700.0,1000.0,361000.0
499,2021-10-18 03:54:17,21700.0,10000.0,360000.0
500,2021-10-18 03:54:17,21700.0,600.0,350000.0
501,2021-10-18 03:54:17,21700.0,500.0,349400.0
502,2021-10-18 03:54:17,21700.0,500.0,348900.0
503,2021-10-18 03:54:17,21700.0,3000.0,348400.0
504,2021-10-18 03:54:17,21700.0,2000.0,345400.0
505,2021-10-18 03:54:17,21700.0,800.0,343400.0
506,2021-10-18 03:54:17,21700.0,100.0,342600.0
507,2021-10-18 03:54:17,21700.0,1400.0,342500.0
508,2021-10-18 03:54:17,21700.0,1000.0,341100.0
509,2021-10-18 03:54:17,21700.0,100.0,340100.0
510,2021-10-18 03:54:17,21750.0,100.0,340000.0
511,2021-10-18 03:54:17,21750.0,1000.0,339900.0
512,2021-10-18 03:54:17,21750.0,2000.0,338900.0
513,2021-10-18 03:54:17,21750.0,1000.0,336900.0
514,2021-10-18 03:54:17,21800.0,1600.0,335900.0
515,2021-10-18 03:54:16,21800.0,100.0,334300.0
516,2021-10-18 03:54:16,21800.0,1000.0,334200.0
517,2021-10-18 03:54:16,21800.0,1000.0,333200.0
518,2021-10-18 03:54:16,21800.0,1300.0,332200.0
519,2021-10-18 03:51:58,21800.0,100.0,330900.0
520,2021-10-18 03:51:20,21750.0,1000.0,330800.0
521,2021-10-18 03:51:09,21800.0,1000.0,329800.0
522,2021-10-18 03:49:10,21800.0,400.0,328800.0
523,2021-10-18 03:48:46,21800.0,3500.0,328400.0
524,2021-10-18 03:48:46,21800.0,1000.0,324900.0
525,2021-10-18 03:48:46,21800.0,100.0,323900.0
526,2021-10-18 03:48:46,21800.0,2500.0,323800.0
527,2021-10-18 03:48:46,21800.0,2000.0,321300.0
528,2021-10-18 03:48:46,21800.0,900.0,319300.0
529,2021-10-18 03:46:55,21800.0,1000.0,318400.0
530,2021-10-18 03:43:52,21700.0,500.0,317400.0
531,2021-10-18 03:43:01,21700.0,400.0,316900.0
532,2021-10-18 03:43:01,21700.0,700.0,316500.0
533,2021-10-18 03:43:01,21700.0,500.0,315800.0
534,2021-10-18 03:43:01,21700.0,200.0,315300.0
535,2021-10-18 03:43:01,21700.0,1000.0,315100.0
536,2021-10-18 03:43:01,21700.0,100.0,314100.0
537,2021-10-18 03:43:01,21700.0,2000.0,314000.0
538,2021-10-18 03:43:01,21700.0,100.0,312000.0
539,2021-10-18 03:43:01,21750.0,1000.0,311900.0
540,2021-10-18 03:43:01,21750.0,100.0,310900.0
541,2021-10-18 03:43:01,21750.0,100.0,310800.0
542,2021-10-18 03:43:01,21750.0,1800.0,310700.0
543,2021-10-18 03:42:28,21750.0,200.0,308900.0
544,2021-10-18 03:42:28,21750.0,1700.0,308700.0
545,2021-10-18 03:42:28,21750.0,100.0,307000.0
546,2021-10-18 03:42:28,21750.0,600.0,306900.0
547,2021-10-18 03:42:28,21750.0,400.0,306300.0
548,2021-10-18 03:42:23,21750.0,200.0,305900.0
549,2021-10-18 03:42:11,21750.0,500.0,305700.0
550,2021-10-18 03:41:54,21750.0,200.0,305200.0
551,2021-10-18 03:40:59,21750.0,1000.0,305000.0
552,2021-10-18 03:40:25,21800.0,500.0,304000.0
553,2021-10-18 03:39:58,21800.0,1000.0,303500.0
554,2021-10-18 03:38:50,21800.0,1000.0,302500.0
555,2021-10-18 03:38:15,21750.0,300.0,301500.0
556,2021-10-18 03:37:55,21750.0,700.0,301200.0
557,2021-10-18 03:37:55,21750.0,300.0,300500.0
558,2021-10-18 03:37:55,21750.0,2900.0,300200.0
559,2021-10-18 03:37:42,21750.0,100.0,297300.0
560,2021-10-18 03:37:42,21750.0,300.0,297200.0
561,2021-10-18 03:37:42,21750.0,100.0,296900.0
562,2021-10-18 03:37:42,21750.0,1600.0,296800.0
563,2021-10-18 03:37:30,21800.0,500.0,295200.0
564,2021-10-18 03:37:30,21800.0,100.0,294700.0
565,2021-10-18 03:36:05,21800.0,800.0,294600.0
566,2021-10-18 03:36:05,21800.0,200.0,293800.0
567,2021-10-18 03:35:52,21850.0,500.0,293600.0
568,2021-10-18 03:33:34,21850.0,500.0,293100.0
569,2021-10-18 03:30:32,21900.0,900.0,292600.0
570,2021-10-18 03:30:32,21900.0,500.0,291700.0
571,2021-10-18 03:30:32,21900.0,600.0,291200.0
572,2021-10-18 03:30:25,21750.0,400.0,290600.0
573,2021-10-18 03:30:25,21750.0,100.0,290200.0
574,2021-10-18 03:30:25,21750.0,300.0,290100.0
575,2021-10-18 03:30:25,21800.0,1000.0,289800.0
576,2021-10-18 03:30:25,21800.0,300.0,288800.0
577,2021-10-18 03:30:09,21900.0,200.0,288500.0
578,2021-10-18 03:29:32,21900.0,1200.0,288300.0
579,2021-10-18 03:29:32,21900.0,400.0,287100.0
580,2021-10-18 03:29:32,21900.0,1000.0,286700.0
581,2021-10-18 03:29:32,21900.0,100.0,285700.0
582,2021-10-18 03:29:32,21900.0,100.0,285600.0
583,2021-10-18 03:29:32,21900.0,1500.0,285500.0
584,2021-10-18 03:29:32,21850.0,300.0,284000.0
585,2021-10-18 03:27:56,21850.0,700.0,283700.0
586,2021-10-18 03:27:56,21850.0,200.0,283000.0
587,2021-10-18 03:27:56,21800.0,100.0,282800.0
588,2021-10-18 03:27:45,21800.0,100.0,282700.0
589,2021-10-18 03:27:01,21750.0,600.0,282600.0
590,2021-10-18 03:27:01,21750.0,200.0,282000.0
591,2021-10-18 03:27:01,21750.0,200.0,281800.0
592,2021-10-18 03:24:12,21750.0,300.0,281600.0
593,2021-10-18 03:23:57,21800.0,700.0,281300.0
594,2021-10-18 03:23:17,21800.0,800.0,280600.0
595,2021-10-18 03:23:17,21800.0,200.0,279800.0
596,2021-10-18 03:23:08,21800.0,200.0,279600.0
597,2021-10-18 03:23:08,21800.0,1500.0,279400.0
598,2021-10-18 03:23:08,21800.0,100.0,277900.0
599,2021-10-18 03:22:06,21800.0,500.0,277800.0
600,2021-10-18 03:19:11,21800.0,500.0,277300.0
601,2021-10-18 03:19:11,21800.0,200.0,276800.0
602,2021-10-18 03:19:04,21900.0,1000.0,276600.0
603,2021-10-18 03:19:04,21900.0,100.0,275600.0
604,2021-10-18 03:19:04,21850.0,300.0,275500.0
605,2021-10-18 03:18:34,21800.0,1800.0,275200.0
606,2021-10-18 03:18:34,21800.0,1000.0,273400.0
607,2021-10-18 03:18:34,21800.0,1200.0,272400.0
608,2021-10-18 03:18:14,21800.0,500.0,271200.0
609,2021-10-18 03:14:57,21800.0,1500.0,270700.0
610,2021-10-18 03:14:20,21800.0,100.0,269200.0
611,2021-10-18 03:14:20,21800.0,400.0,269100.0
612,2021-10-18 03:13:46,21850.0,1000.0,268700.0
613,2021-10-18 03:13:46,21850.0,100.0,267700.0
614,2021-10-18 03:13:46,21850.0,300.0,267600.0
615,2021-10-18 03:13:46,21850.0,600.0,267300.0
616,2021-10-18 03:11:59,21800.0,100.0,266700.0
617,2021-10-18 03:11:35,21800.0,100.0,266600.0
618,2021-10-18 03:11:20,21800.0,100.0,266500.0
619,2021-10-18 03:10:48,21800.0,100.0,266400.0
620,2021-10-18 03:10:48,21800.0,200.0,266300.0
621,2021-10-18 03:10:12,21800.0,100.0,266100.0
622,2021-10-18 03:10:12,21800.0,900.0,266000.0
623,2021-10-18 03:09:52,21800.0,1000.0,265100.0
624,2021-10-18 03:09:44,21800.0,100.0,264100.0
625,2021-10-18 03:08:57,21800.0,100.0,264000.0
626,2021-10-18 03:08:50,21800.0,100.0,263900.0
627,2021-10-18 03:08:50,21800.0,4300.0,263800.0
628,2021-10-18 03:08:50,21750.0,400.0,259500.0
629,2021-10-18 03:08:35,21700.0,500.0,259100.0
630,2021-10-18 03:08:14,21750.0,1000.0,258600.0
631,2021-10-18 03:08:14,21750.0,1000.0,257600.0
632,2021-10-18 03:08:14,21750.0,500.0,256600.0
633,2021-10-18 03:08:14,21750.0,100.0,256100.0
634,2021-10-18 03:06:21,21750.0,400.0,256000.0
635,2021-10-18 03:06:10,21750.0,1000.0,255600.0
636,2021-10-18 03:05:53,21800.0,300.0,254600.0
637,2021-10-18 03:05:52,21800.0,100.0,254300.0
638,2021-10-18 03:05:52,21800.0,500.0,254200.0
639,2021-10-18 03:05:52,21800.0,100.0,253700.0
640,2021-10-18 03:05:52,21800.0,500.0,253600.0
641,2021-10-18 03:05:52,21800.0,100.0,253100.0
642,2021-10-18 03:05:52,21800.0,1000.0,253000.0
643,2021-10-18 03:05:52,21800.0,3000.0,252000.0
644,2021-10-18 03:05:52,21800.0,400.0,249000.0
645,2021-10-18 03:05:52,21800.0,5000.0,248600.0
646,2021-10-18 03:05:52,21800.0,100.0,243600.0
647,2021-10-18 03:05:52,21800.0,500.0,243500.0
648,2021-10-18 03:05:52,21800.0,100.0,243000.0
649,2021-10-18 03:05:52,21800.0,1000.0,242900.0
650,2021-10-18 03:05:52,21800.0,500.0,241900.0
651,2021-10-18 03:05:52,21800.0,2000.0,241400.0
652,2021-10-18 03:05:52,21800.0,400.0,239400.0
653,2021-10-18 03:05:14,21800.0,300.0,239000.0
654,2021-10-18 03:05:08,21850.0,1800.0,238700.0
655,2021-10-18 03:04:48,21850.0,100.0,236900.0
656,2021-10-18 03:04:26,21850.0,1000.0,236800.0
657,2021-10-18 03:04:26,21850.0,2000.0,235800.0
658,2021-10-18 03:04:26,21850.0,400.0,233800.0
659,2021-10-18 03:04:26,21850.0,1000.0,233400.0
660,2021-10-18 03:04:26,21850.0,1000.0,232400.0
661,2021-10-18 03:04:26,21850.0,100.0,231400.0
662,2021-10-18 03:04:26,21850.0,800.0,231300.0
663,2021-10-18 03:04:26,21850.0,1000.0,230500.0
664,2021-10-18 03:04:26,21850.0,200.0,229500.0
665,2021-10-18 03:04:20,21900.0,400.0,229300.0
666,2021-10-18 03:03:18,21850.0,1000.0,228900.0
667,2021-10-18 03:02:10,21850.0,800.0,227900.0
668,2021-10-18 03:02:10,21850.0,200.0,227100.0
669,2021-10-18 03:01:51,21900.0,200.0,226900.0
670,2021-10-18 03:01:28,21900.0,100.0,226700.0
671,2021-10-18 03:01:07,21900.0,100.0,226600.0
672,2021-10-18 03:00:55,21900.0,100.0,226500.0
673,2021-10-18 03:00:55,21900.0,100.0,226400.0
674,2021-10-18 03:00:55,21900.0,200.0,226300.0
675,2021-10-18 03:00:39,21900.0,200.0,226100.0
676,2021-10-18 03:00:19,21900.0,600.0,225900.0
677,2021-10-18 03:00:19,21900.0,600.0,225300.0
678,2021-10-18 02:59:59,21900.0,200.0,224700.0
679,2021-10-18 02:59:59,21900.0,100.0,224500.0
680,2021-10-18 02:59:59,21900.0,700.0,224400.0
681,2021-10-18 02:59:20,21900.0,1000.0,223700.0
682,2021-10-18 02:56:20,21900.0,500.0,222700.0
683,2021-10-18 02:56:02,21900.0,2000.0,222200.0
684,2021-10-18 02:55:09,21900.0,100.0,220200.0
685,2021-10-18 02:53:39,21850.0,300.0,220100.0
686,2021-10-18 02:53:15,21850.0,800.0,219800.0
687,2021-10-18 02:53:15,21900.0,100.0,219000.0
688,2021-10-18 02:53:05,21850.0,900.0,218900.0
689,2021-10-18 02:53:00,21850.0,200.0,218000.0
690,2021-10-18 02:52:52,21850.0,600.0,217800.0
691,2021-10-18 02:52:52,21900.0,300.0,217200.0
692,2021-10-18 02:52:16,21950.0,100.0,216900.0
693,2021-10-18 02:51:42,21950.0,100.0,216800.0
694,2021-10-18 02:51:33,21900.0,500.0,216700.0
695,2021-10-18 02:51:33,21900.0,200.0,216200.0
696,2021-10-18 02:51:33,21900.0,1000.0,216000.0
697,2021-10-18 02:51:33,21900.0,1000.0,215000.0
698,2021-10-18 02:51:33,21900.0,2300.0,214000.0
699,2021-10-18 02:51:29,21950.0,1000.0,211700.0
700,2021-10-18 02:51:29,21950.0,1000.0,210700.0
701,2021-10-18 02:51:24,21900.0,700.0,209700.0
702,2021-10-18 02:51:24,21900.0,1300.0,209000.0
703,2021-10-18 02:51:13,21900.0,100.0,207700.0
704,2021-10-18 02:51:05,21900.0,600.0,207600.0
705,2021-10-18 02:51:05,21900.0,1000.0,207000.0
706,2021-10-18 02:51:05,21900.0,200.0,206000.0
707,2021-10-18 02:50:55,21950.0,300.0,205800.0
708,2021-10-18 02:50:46,21900.0,800.0,205500.0
709,2021-10-18 02:50:46,21900.0,400.0,204700.0
710,2021-10-18 02:50:32,21900.0,1000.0,204300.0
711,2021-10-18 02:50:27,21900.0,300.0,203300.0
712,2021-10-18 02:50:26,21900.0,500.0,203000.0
713,2021-10-18 02:49:20,21900.0,600.0,202500.0
714,2021-10-18 02:48:50,21950.0,600.0,201900.0
715,2021-10-18 02:48:50,21950.0,200.0,201300.0
716,2021-10-18 02:48:50,21950.0,100.0,201100.0
717,2021-10-18 02:48:50,21950.0,100.0,201000.0
718,2021-10-18 02:47:47,21950.0,200.0,200900.0
719,2021-10-18 02:47:47,21950.0,300.0,200700.0
720,2021-10-18 02:47:19,21950.0,100.0,200400.0
721,2021-10-18 02:47:03,21950.0,200.0,200300.0
722,2021-10-18 02:47:03,21950.0,1400.0,200100.0
723,2021-10-18 02:46:34,21950.0,100.0,198700.0
724,2021-10-18 02:46:06,21950.0,200.0,198600.0
725,2021-10-18 02:45:59,21950.0,300.0,198400.0
726,2021-10-18 02:45:59,21950.0,100.0,198100.0
727,2021-10-18 02:45:59,21950.0,200.0,198000.0
728,2021-10-18 02:44:52,22000.0,300.0,197800.0
729,2021-10-18 02:44:52,22000.0,500.0,197500.0
730,2021-10-18 02:44:25,22000.0,1500.0,197000.0
731,2021-10-18 02:44:25,22000.0,1300.0,195500.0
732,2021-10-18 02:44:25,22000.0,100.0,194200.0
733,2021-10-18 02:44:25,22000.0,3000.0,194100.0
734,2021-10-18 02:44:25,22000.0,3000.0,191100.0
735,2021-10-18 02:44:25,22000.0,500.0,188100.0
736,2021-10-18 02:44:25,22000.0,100.0,187600.0
737,2021-10-18 02:44:25,22000.0,500.0,187500.0
738,2021-10-18 02:44:12,21950.0,800.0,187000.0
739,2021-10-18 02:44:12,21950.0,200.0,186200.0
740,2021-10-18 02:44:12,21950.0,2000.0,186000.0
741,2021-10-18 02:44:10,22000.0,700.0,184000.0
742,2021-10-18 02:43:23,22000.0,500.0,183300.0
743,2021-10-18 02:43:23,22000.0,500.0,182800.0
744,2021-10-18 02:43:12,22000.0,2200.0,182300.0
745,2021-10-18 02:43:09,22000.0,2000.0,180100.0
746,2021-10-18 02:42:25,22000.0,300.0,178100.0
747,2021-10-18 02:41:43,22000.0,500.0,177800.0
748,2021-10-18 02:41:43,22000.0,900.0,177300.0
749,2021-10-18 02:41:38,22000.0,100.0,176400.0
750,2021-10-18 02:41:38,22000.0,100.0,176300.0
751,2021-10-18 02:41:38,22000.0,200.0,176200.0
752,2021-10-18 02:41:01,22000.0,300.0,176000.0
753,2021-10-18 02:41:01,22000.0,200.0,175700.0
754,2021-10-18 02:41:01,22000.0,1500.0,175500.0
755,2021-10-18 02:40:51,22000.0,1000.0,174000.0
756,2021-10-18 02:40:17,22000.0,100.0,173000.0
757,2021-10-18 02:40:17,22000.0,400.0,172900.0
758,2021-10-18 02:39:59,22000.0,600.0,172500.0
759,2021-10-18 02:38:32,21950.0,100.0,171900.0
760,2021-10-18 02:37:57,21900.0,200.0,171800.0
761,2021-10-18 02:37:43,21950.0,300.0,171600.0
762,2021-10-18 02:37:43,21950.0,100.0,171300.0
763,2021-10-18 02:37:43,21950.0,500.0,171200.0
764,2021-10-18 02:37:39,21950.0,1500.0,170700.0
765,2021-10-18 02:37:39,21950.0,500.0,169200.0
766,2021-10-18 02:37:39,21950.0,1000.0,168700.0
767,2021-10-18 02:37:06,21950.0,200.0,167700.0
768,2021-10-18 02:36:59,21950.0,300.0,167500.0
769,2021-10-18 02:36:59,21950.0,200.0,167200.0
770,2021-10-18 02:36:39,21950.0,100.0,167000.0
771,2021-10-18 02:36:34,21950.0,1000.0,166900.0
772,2021-10-18 02:36:10,21950.0,500.0,165900.0
773,2021-10-18 02:36:02,21950.0,500.0,165400.0
774,2021-10-18 02:35:38,21950.0,200.0,164900.0
775,2021-10-18 02:35:28,22000.0,100.0,164700.0
776,2021-10-18 02:35:15,22000.0,1900.0,164600.0
777,2021-10-18 02:35:15,22000.0,100.0,162700.0
778,2021-10-18 02:34:42,22000.0,1000.0,162600.0
779,2021-10-18 02:34:41,21950.0,1000.0,161600.0
780,2021-10-18 02:34:39,22000.0,1000.0,160600.0
781,2021-10-18 02:34:39,22000.0,2000.0,159600.0
782,2021-10-18 02:34:24,21950.0,500.0,157600.0
783,2021-10-18 02:34:19,22000.0,600.0,157100.0
784,2021-10-18 02:33:56,21950.0,800.0,156500.0
785,2021-10-18 02:33:38,22000.0,2400.0,155700.0
786,2021-10-18 02:33:38,22000.0,100.0,153300.0
787,2021-10-18 02:33:38,22000.0,7000.0,153200.0
788,2021-10-18 02:33:27,22000.0,1400.0,146200.0
789,2021-10-18 02:33:23,22000.0,400.0,144800.0
790,2021-10-18 02:32:32,22000.0,100.0,144400.0
791,2021-10-18 02:32:30,21950.0,100.0,144300.0
792,2021-10-18 02:32:20,21950.0,1000.0,144200.0
793,2021-10-18 02:32:20,21950.0,2000.0,143200.0
794,2021-10-18 02:32:20,21950.0,9700.0,141200.0
795,2021-10-18 02:32:20,21950.0,2400.0,131500.0
796,2021-10-18 02:32:13,21900.0,1000.0,129100.0
797,2021-10-18 02:32:11,21950.0,100.0,128100.0
798,2021-10-18 02:31:54,21900.0,800.0,128000.0
799,2021-10-18 02:31:33,21950.0,200.0,127200.0
800,2021-10-18 02:31:33,21950.0,100.0,127000.0
801,2021-10-18 02:31:33,21950.0,100.0,126900.0
802,2021-10-18 02:31:31,21900.0,600.0,126800.0
803,2021-10-18 02:31:16,21950.0,900.0,126200.0
804,2021-10-18 02:31:16,21950.0,3000.0,125300.0
805,2021-10-18 02:31:16,21950.0,100.0,122300.0
806,2021-10-18 02:30:50,21900.0,300.0,122200.0
807,2021-10-18 02:30:35,21900.0,400.0,121900.0
808,2021-10-18 02:30:04,21900.0,400.0,121500.0
809,2021-10-18 02:29:28,21900.0,200.0,121100.0
810,2021-10-18 02:28:53,21750.0,400.0,120900.0
811,2021-10-18 02:28:53,21750.0,600.0,120500.0
812,2021-10-18 02:28:53,21750.0,2000.0,119900.0
813,2021-10-18 02:28:53,21750.0,200.0,117900.0
814,2021-10-18 02:28:46,22000.0,100.0,117700.0
815,2021-10-18 02:28:46,22000.0,1000.0,117600.0
816,2021-10-18 02:28:46,22000.0,400.0,116600.0
817,2021-10-18 02:28:46,22000.0,5000.0,116200.0
818,2021-10-18 02:28:46,22000.0,200.0,111200.0
819,2021-10-18 02:28:46,22000.0,100.0,111000.0
820,2021-10-18 02:28:46,22000.0,300.0,110900.0
821,2021-10-18 02:28:46,21950.0,100.0,110600.0
822,2021-10-18 02:28:46,21950.0,2500.0,110500.0
823,2021-10-18 02:28:46,21900.0,100.0,108000.0
824,2021-10-18 02:28:46,21900.0,600.0,107900.0
825,2021-10-18 02:28:46,21800.0,100.0,107300.0
826,2021-10-18 02:28:46,21800.0,100.0,107200.0
827,2021-10-18 02:28:46,21800.0,1000.0,107100.0
828,2021-10-18 02:28:46,21800.0,500.0,106100.0
829,2021-10-18 02:28:46,21800.0,200.0,105600.0
830,2021-10-18 02:28:46,21800.0,2500.0,105400.0
831,2021-10-18 02:28:46,21800.0,200.0,102900.0
832,2021-10-18 02:28:17,21750.0,800.0,102700.0
833,2021-10-18 02:28:17,21750.0,200.0,101900.0
834,2021-10-18 02:28:05,21800.0,200.0,101700.0
835,2021-10-18 02:27:53,21800.0,3000.0,101500.0
836,2021-10-18 02:27:36,21800.0,300.0,98500.0
837,2021-10-18 02:27:36,21800.0,3000.0,98200.0
838,2021-10-18 02:27:36,21800.0,100.0,95200.0
839,2021-10-18 02:27:36,21800.0,2000.0,95100.0
840,2021-10-18 02:27:36,21800.0,100.0,93100.0
841,2021-10-18 02:27:36,21800.0,1100.0,93000.0
842,2021-10-18 02:26:34,21800.0,200.0,91900.0
843,2021-10-18 02:26:11,21800.0,700.0,91700.0
844,2021-10-18 02:26:11,21800.0,2000.0,91000.0
845,2021-10-18 02:26:11,21800.0,2300.0,89000.0
846,2021-10-18 02:25:42,21800.0,1000.0,86700.0
847,2021-10-18 02:25:42,21800.0,200.0,85700.0
848,2021-10-18 02:25:42,21800.0,3000.0,85500.0
849,2021-10-18 02:24:34,21800.0,2000.0,82500.0
850,2021-10-18 02:24:19,21700.0,400.0,80500.0
851,2021-10-18 02:24:03,21700.0,600.0,80100.0
852,2021-10-18 02:24:03,21700.0,400.0,79500.0
853,2021-10-18 02:24:02,21650.0,100.0,79100.0
854,2021-10-18 02:23:56,21700.0,300.0,79000.0
855,2021-10-18 02:23:56,21700.0,1100.0,78700.0
856,2021-10-18 02:23:48,21700.0,500.0,77600.0
857,2021-10-18 02:23:40,21700.0,600.0,77100.0
858,2021-10-18 02:23:32,21700.0,2000.0,76500.0
859,2021-10-18 02:23:12,21650.0,400.0,74500.0
860,2021-10-18 02:23:04,21650.0,200.0,74100.0
861,2021-10-18 02:23:04,21650.0,300.0,73900.0
862,2021-10-18 02:23:04,21650.0,500.0,73600.0
863,2021-10-18 02:23:00,21600.0,300.0,73100.0
864,2021-10-18 02:22:22,21600.0,300.0,72800.0
865,2021-10-18 02:22:22,21600.0,100.0,72500.0
866,2021-10-18 02:22:00,21600.0,400.0,72400.0
867,2021-10-18 02:22:00,21600.0,1800.0,72000.0
868,2021-10-18 02:21:46,21600.0,1000.0,70200.0
869,2021-10-18 02:21:38,21600.0,200.0,69200.0
870,2021-10-18 02:21:33,21600.0,100.0,69000.0
871,2021-10-18 02:21:30,21600.0,200.0,68900.0
872,2021-10-18 02:21:07,21700.0,3000.0,68700.0
873,2021-10-18 02:21:07,21700.0,100.0,65700.0
874,2021-10-18 02:21:07,21600.0,1000.0,65600.0
875,2021-10-18 02:21:07,21600.0,900.0,64600.0
876,2021-10-18 02:20:56,21600.0,100.0,63700.0
877,2021-10-18 02:20:56,21600.0,500.0,63600.0
878,2021-10-18 02:20:56,21650.0,300.0,63100.0
879,2021-10-18 02:20:56,21650.0,1100.0,62800.0
880,2021-10-18 02:20:43,21650.0,700.0,61700.0
881,2021-10-18 02:20:43,21650.0,200.0,61000.0
882,2021-10-18 02:20:40,21600.0,2500.0,60800.0
883,2021-10-18 02:20:40,21600.0,100.0,58300.0
884,2021-10-18 02:20:40,21600.0,100.0,58200.0
885,2021-10-18 02:20:40,21600.0,300.0,58100.0
886,2021-10-18 02:20:27,21600.0,400.0,57800.0
887,2021-10-18 02:20:17,21600.0,300.0,57400.0
888,2021-10-18 02:20:01,21650.0,300.0,57100.0
889,2021-10-18 02:20:01,21650.0,300.0,56800.0
890,2021-10-18 02:20:01,21700.0,100.0,56500.0
891,2021-10-18 02:19:38,21700.0,1000.0,56400.0
892,2021-10-18 02:19:05,21700.0,500.0,55400.0
893,2021-10-18 02:19:05,21700.0,2000.0,54900.0
894,2021-10-18 02:18:10,21800.0,100.0,52900.0
895,2021-10-18 02:18:00,21800.0,200.0,52800.0
896,2021-10-18 02:17:44,21800.0,600.0,52600.0
897,2021-10-18 02:17:37,22000.0,300.0,52000.0
898,2021-10-18 02:17:26,22000.0,400.0,51700.0
899,2021-10-18 02:17:26,22000.0,1000.0,51300.0
900,2021-10-18 02:17:26,22000.0,600.0,50300.0
901,2021-10-18 02:16:18,22000.0,2000.0,49700.0
902,2021-10-18 02:15:30,22000.0,200.0,47700.0
903,2021-10-18 02:15:29,22000.0,7200.0,47500.0
904,2021-10-18 02:15:21,22000.0,2000.0,40300.0
905,2021-10-18 02:15:19,22050.0,300.0,38300.0
906,2021-10-18 02:15:01,22000.0,1500.0,38000.0
907,2021-10-18 02:15:01,22000.0,500.0,36500.0
908,2021-10-18 02:15:01,22000.0,1000.0,36000.0
909,2021-10-18 02:15:01,22050.0,1800.0,35000.0
910,2021-10-18 02:15:01,22050.0,200.0,33200.0
911,2021-10-18 02:15:01,22050.0,1000.0,33000.0
912,2021-10-18 02:15:01,22050.0,1000.0,32000.0
913,2021-10-18 02:15:01,22050.0,2200.0,31000.0
914,2021-10-18 02:15:01,22050.0,300.0,28800.0
915,2021-10-18 02:15:01,22050.0,3100.0,28500.0
916,2021-10-18 02:15:01,22050.0,200.0,25400.0
917,2021-10-18 02:15:01,22050.0,1500.0,25200.0
918,2021-10-18 02:15:01,22050.0,200.0,23700.0
919,2021-10-18 02:15:01,22050.0,100.0,23500.0
920,2021-10-18 02:15:01,22050.0,400.0,23400.0
921,2021-10-18 02:15:01,22050.0,600.0,23000.0
922,2021-10-18 02:15:01,22050.0,100.0,22400.0
923,2021-10-18 02:15:01,22050.0,500.0,22300.0
924,2021-10-18 02:15:01,22050.0,1000.0,21800.0
925,2021-10-18 02:15:01,22050.0,300.0,20800.0
926,2021-10-18 02:15:01,22050.0,1000.0,20500.0
927,2021-10-18 02:15:01,22050.0,1500.0,19500.0
928,2021-10-18 02:15:01,22050.0,500.0,18000.0
929,2021-10-18 02:15:01,22050.0,100.0,17500.0
930,2021-10-18 02:15:01,22050.0,4400.0,17400.0
931,2021-10-18 02:15:01,22050.0,100.0,13000.0
932,2021-10-18 02:15:01,22050.0,1000.0,12900.0
933,2021-10-18 02:15:01,22050.0,200.0,11900.0
934,2021-10-18 02:15:01,22050.0,300.0,11700.0
935,2021-10-18 02:15:01,22050.0,200.0,11400.0
936,2021-10-18 02:15:01,22050.0,200.0,11200.0
937,2021-10-18 02:15:01,22050.0,500.0,11000.0
938,2021-10-18 02:15:01,22050.0,200.0,10500.0
939,2021-10-18 02:15:01,22050.0,500.0,10300.0
940,2021-10-18 02:15:01,22050.0,200.0,9800.0
941,2021-10-18 02:15:01,22050.0,200.0,9600.0
942,2021-10-18 02:15:01,22050.0,100.0,9400.0
943,2021-10-18 02:15:01,22050.0,200.0,9300.0
944,2021-10-18 02:15:01,22050.0,500.0,9100.0
945,2021-10-18 02:15:01,22050.0,200.0,8600.0
946,2021-10-18 02:15:01,22050.0,200.0,8400.0
947,2021-10-18 02:15:01,22050.0,300.0,8200.0
948,2021-10-18 02:15:01,22050.0,200.0,7900.0
949,2021-10-18 02:15:01,22050.0,200.0,7700.0
950,2021-10-18 02:15:01,22050.0,200.0,7500.0
951,2021-10-18 02:15:01,22050.0,1500.0,7300.0
952,2021-10-18 02:15:01,22050.0,800.0,5800.0
953,2021-10-18 02:15:01,22050.0,300.0,5000.0
954,2021-10-18 02:15:01,22050.0,300.0,4700.0
955,2021-10-18 02:15:01,22050.0,2000.0,4400.0
956,2021-10-18 02:15:01,22050.0,2000.0,2400.0
957,2021-10-18 02:15:01,22050.0,300.0,400.0
958,2021-10-18 02:15:01,22050.0,100.0,100.0
