,Time,Price,Volume_per_trade,Volume
0,2021-10-07 14:45:01,3800.0,31200.0,2520197.0
1,2021-10-07 14:29:59,3800.0,100.0,2488997.0
2,2021-10-07 14:28:01,3700.0,300.0,2488897.0
3,2021-10-07 14:27:49,3700.0,2800.0,2488597.0
4,2021-10-07 14:27:26,3700.0,12000.0,2485797.0
5,2021-10-07 14:26:38,3800.0,500.0,2473797.0
6,2021-10-07 14:25:27,3800.0,800.0,2473297.0
7,2021-10-07 14:23:47,3800.0,1000.0,2472497.0
8,2021-10-07 14:23:39,3700.0,100.0,2471497.0
9,2021-10-07 14:23:01,3700.0,1000.0,2471397.0
10,2021-10-07 14:22:41,3700.0,7000.0,2470397.0
11,2021-10-07 14:22:05,3800.0,300.0,2463397.0
12,2021-10-07 14:21:07,3800.0,10000.0,2463097.0
13,2021-10-07 14:20:19,3800.0,10700.0,2453097.0
14,2021-10-07 14:19:48,3700.0,2000.0,2442397.0
15,2021-10-07 14:19:29,3700.0,30000.0,2440397.0
16,2021-10-07 14:19:15,3700.0,5000.0,2410397.0
17,2021-10-07 14:18:55,3700.0,2000.0,2405397.0
18,2021-10-07 14:18:23,3700.0,1000.0,2403397.0
19,2021-10-07 14:18:22,3700.0,500.0,2402397.0
20,2021-10-07 14:18:02,3700.0,2000.0,2401897.0
21,2021-10-07 14:17:02,3700.0,6000.0,2399897.0
22,2021-10-07 14:16:54,3700.0,4000.0,2393897.0
23,2021-10-07 14:16:25,3700.0,5000.0,2389897.0
24,2021-10-07 14:15:43,3700.0,1100.0,2384897.0
25,2021-10-07 14:15:24,3700.0,700.0,2383797.0
26,2021-10-07 14:13:34,3800.0,100.0,2383097.0
27,2021-10-07 14:13:32,3700.0,100.0,2382997.0
28,2021-10-07 14:12:44,3700.0,1000.0,2382897.0
29,2021-10-07 14:12:26,3700.0,5000.0,2381897.0
30,2021-10-07 14:12:11,3700.0,13700.0,2376897.0
31,2021-10-07 14:11:58,3700.0,100.0,2363197.0
32,2021-10-07 14:11:35,3700.0,17600.0,2363097.0
33,2021-10-07 14:11:03,3700.0,400.0,2345497.0
34,2021-10-07 14:10:38,3700.0,1100.0,2345097.0
35,2021-10-07 14:10:35,3700.0,100.0,2343997.0
36,2021-10-07 14:10:28,3700.0,29.0,2343897.0
37,2021-10-07 14:09:25,3700.0,100.0,2343868.0
38,2021-10-07 14:09:10,3700.0,500.0,2343768.0
39,2021-10-07 14:09:06,3700.0,18900.0,2343268.0
40,2021-10-07 14:09:00,3700.0,200.0,2324368.0
41,2021-10-07 14:08:59,3700.0,5000.0,2324168.0
42,2021-10-07 14:08:49,3700.0,28.0,2319168.0
43,2021-10-07 14:08:45,3700.0,100.0,2319140.0
44,2021-10-07 14:08:44,3700.0,3.0,2319040.0
45,2021-10-07 14:08:30,3700.0,4000.0,2319037.0
46,2021-10-07 14:07:57,3700.0,500.0,2315037.0
47,2021-10-07 14:07:52,3700.0,200.0,2314537.0
48,2021-10-07 14:07:17,3700.0,900.0,2314337.0
49,2021-10-07 14:07:16,3700.0,4000.0,2313437.0
50,2021-10-07 14:07:13,3700.0,5600.0,2309437.0
51,2021-10-07 14:06:58,3700.0,1500.0,2303837.0
52,2021-10-07 14:06:57,3700.0,6300.0,2302337.0
53,2021-10-07 14:06:51,3700.0,3900.0,2296037.0
54,2021-10-07 14:06:42,3700.0,800.0,2292137.0
55,2021-10-07 14:06:40,3700.0,1300.0,2291337.0
56,2021-10-07 14:06:33,3700.0,700.0,2290037.0
57,2021-10-07 14:06:26,3700.0,3500.0,2289337.0
58,2021-10-07 14:06:00,3700.0,200.0,2285837.0
59,2021-10-07 14:05:59,3700.0,3700.0,2285637.0
60,2021-10-07 14:05:50,3700.0,200.0,2281937.0
61,2021-10-07 14:05:16,3700.0,500.0,2281737.0
62,2021-10-07 14:05:11,3700.0,4000.0,2281237.0
63,2021-10-07 14:05:10,3700.0,2000.0,2277237.0
64,2021-10-07 14:05:04,3700.0,200.0,2275237.0
65,2021-10-07 14:04:58,3700.0,17600.0,2275037.0
66,2021-10-07 14:04:52,3700.0,100.0,2257437.0
67,2021-10-07 14:04:12,3700.0,900.0,2257337.0
68,2021-10-07 14:04:03,3700.0,100.0,2256437.0
69,2021-10-07 14:04:02,3700.0,2000.0,2256337.0
70,2021-10-07 14:03:40,3700.0,56700.0,2254337.0
71,2021-10-07 14:03:36,3700.0,10000.0,2197637.0
72,2021-10-07 14:03:32,3700.0,5000.0,2187637.0
73,2021-10-07 14:03:25,3700.0,2500.0,2182637.0
74,2021-10-07 14:03:20,3700.0,300.0,2180137.0
75,2021-10-07 14:03:09,3700.0,200.0,2179837.0
76,2021-10-07 14:03:03,3700.0,400.0,2179637.0
77,2021-10-07 14:02:16,3700.0,2000.0,2179237.0
78,2021-10-07 14:02:13,3700.0,300.0,2177237.0
79,2021-10-07 14:02:10,3700.0,200.0,2176937.0
80,2021-10-07 14:01:54,3700.0,5000.0,2176737.0
81,2021-10-07 14:01:44,3700.0,200.0,2171737.0
82,2021-10-07 14:00:13,3700.0,12000.0,2171537.0
83,2021-10-07 13:59:40,3700.0,5000.0,2159537.0
84,2021-10-07 13:59:17,3700.0,15100.0,2154537.0
85,2021-10-07 13:58:54,3700.0,2300.0,2139437.0
86,2021-10-07 13:58:26,3700.0,9500.0,2137137.0
87,2021-10-07 13:58:23,3700.0,100.0,2127637.0
88,2021-10-07 13:58:16,3700.0,1000.0,2127537.0
89,2021-10-07 13:57:00,3700.0,100.0,2126537.0
90,2021-10-07 13:56:41,3700.0,8700.0,2126437.0
91,2021-10-07 13:56:40,3700.0,600.0,2117737.0
92,2021-10-07 13:56:26,3700.0,7000.0,2117137.0
93,2021-10-07 13:56:25,3700.0,13000.0,2110137.0
94,2021-10-07 13:56:02,3700.0,100.0,2097137.0
95,2021-10-07 13:56:00,3700.0,100.0,2097037.0
96,2021-10-07 13:55:23,3700.0,800.0,2096937.0
97,2021-10-07 13:55:18,3700.0,200.0,2096137.0
98,2021-10-07 13:54:49,3700.0,300.0,2095937.0
99,2021-10-07 13:54:15,3700.0,400.0,2095637.0
100,2021-10-07 13:53:08,3700.0,100.0,2095237.0
101,2021-10-07 13:52:17,3700.0,2000.0,2095137.0
102,2021-10-07 13:52:07,3700.0,100.0,2093137.0
103,2021-10-07 13:51:35,3700.0,900.0,2093037.0
104,2021-10-07 13:51:18,3700.0,2000.0,2092137.0
105,2021-10-07 13:51:03,3700.0,200.0,2090137.0
106,2021-10-07 13:50:30,3700.0,200.0,2089937.0
107,2021-10-07 13:50:15,3700.0,1700.0,2089737.0
108,2021-10-07 13:49:51,3700.0,300.0,2088037.0
109,2021-10-07 13:49:08,3700.0,500.0,2087737.0
110,2021-10-07 13:49:05,3700.0,500.0,2087237.0
111,2021-10-07 13:48:18,3700.0,100.0,2086737.0
112,2021-10-07 13:47:43,3700.0,600.0,2086637.0
113,2021-10-07 13:47:18,3700.0,2900.0,2086037.0
114,2021-10-07 13:46:50,3700.0,100.0,2083137.0
115,2021-10-07 13:46:18,3700.0,500.0,2083037.0
116,2021-10-07 13:46:11,3700.0,1000.0,2082537.0
117,2021-10-07 13:45:41,3700.0,3000.0,2081537.0
118,2021-10-07 13:45:35,3700.0,200.0,2078537.0
119,2021-10-07 13:45:16,3700.0,1000.0,2078337.0
120,2021-10-07 13:44:57,3700.0,1000.0,2077337.0
121,2021-10-07 13:44:55,3600.0,3000.0,2076337.0
122,2021-10-07 13:43:01,3600.0,1000.0,2073337.0
123,2021-10-07 13:42:43,3700.0,2000.0,2072337.0
124,2021-10-07 13:41:37,3700.0,500.0,2070337.0
125,2021-10-07 13:41:34,3700.0,100.0,2069837.0
126,2021-10-07 13:41:24,3700.0,400.0,2069737.0
127,2021-10-07 13:40:18,3700.0,1000.0,2069337.0
128,2021-10-07 13:39:32,3700.0,1000.0,2068337.0
129,2021-10-07 13:39:19,3700.0,1000.0,2067337.0
130,2021-10-07 13:39:07,3700.0,1000.0,2066337.0
131,2021-10-07 13:39:01,3700.0,300.0,2065337.0
132,2021-10-07 13:38:56,3700.0,900.0,2065037.0
133,2021-10-07 13:38:40,3700.0,400.0,2064137.0
134,2021-10-07 13:38:29,3700.0,90.0,2063737.0
135,2021-10-07 13:38:19,3700.0,200.0,2063647.0
136,2021-10-07 13:38:17,3700.0,10000.0,2063447.0
137,2021-10-07 13:38:05,3700.0,10000.0,2053447.0
138,2021-10-07 13:37:48,3700.0,13400.0,2043447.0
139,2021-10-07 13:37:36,3700.0,1800.0,2030047.0
140,2021-10-07 13:37:08,3700.0,1000.0,2028247.0
141,2021-10-07 13:37:01,3700.0,5000.0,2027247.0
142,2021-10-07 13:36:46,3700.0,1700.0,2022247.0
143,2021-10-07 13:36:42,3700.0,500.0,2020547.0
144,2021-10-07 13:36:23,3700.0,1000.0,2020047.0
145,2021-10-07 13:36:12,3700.0,400.0,2019047.0
146,2021-10-07 13:35:48,3700.0,10000.0,2018647.0
147,2021-10-07 13:34:50,3700.0,8500.0,2008647.0
148,2021-10-07 13:34:45,3700.0,100.0,2000147.0
149,2021-10-07 13:34:35,3700.0,100.0,2000047.0
150,2021-10-07 13:33:41,3700.0,68100.0,1999947.0
151,2021-10-07 13:33:31,3700.0,2000.0,1931847.0
152,2021-10-07 13:33:12,3700.0,100000.0,1929847.0
153,2021-10-07 13:32:37,3700.0,700.0,1829847.0
154,2021-10-07 13:32:24,3700.0,3000.0,1829147.0
155,2021-10-07 13:31:47,3800.0,100.0,1826147.0
156,2021-10-07 13:31:16,3800.0,100.0,1826047.0
157,2021-10-07 13:30:41,3800.0,100.0,1825947.0
158,2021-10-07 13:30:19,3800.0,300.0,1825847.0
159,2021-10-07 13:29:16,3800.0,1000.0,1825547.0
160,2021-10-07 13:28:54,3800.0,1000.0,1824547.0
161,2021-10-07 13:28:40,3700.0,10000.0,1823547.0
162,2021-10-07 13:28:04,3700.0,500.0,1813547.0
163,2021-10-07 13:27:49,3700.0,200.0,1813047.0
164,2021-10-07 13:27:42,3700.0,2800.0,1812847.0
165,2021-10-07 13:26:36,3700.0,2200.0,1810047.0
166,2021-10-07 13:26:14,3700.0,2000.0,1807847.0
167,2021-10-07 13:25:27,3800.0,600.0,1805847.0
168,2021-10-07 13:25:07,3700.0,4000.0,1805247.0
169,2021-10-07 13:23:53,3700.0,400.0,1801247.0
170,2021-10-07 13:23:52,3800.0,100.0,1800847.0
171,2021-10-07 13:23:45,3700.0,3700.0,1800747.0
172,2021-10-07 13:23:38,3800.0,500.0,1797047.0
173,2021-10-07 13:22:02,3800.0,2000.0,1796547.0
174,2021-10-07 13:20:55,3800.0,200.0,1794547.0
175,2021-10-07 13:20:35,3800.0,3000.0,1794347.0
176,2021-10-07 13:20:31,3800.0,200.0,1791347.0
177,2021-10-07 13:20:23,3700.0,500.0,1791147.0
178,2021-10-07 13:20:20,3800.0,2500.0,1790647.0
179,2021-10-07 13:17:57,3800.0,500.0,1788147.0
180,2021-10-07 13:17:48,3800.0,500.0,1787647.0
181,2021-10-07 13:17:33,3700.0,500.0,1787147.0
182,2021-10-07 13:16:50,3800.0,500.0,1786647.0
183,2021-10-07 13:16:09,3800.0,100.0,1786147.0
184,2021-10-07 13:15:05,3700.0,4900.0,1786047.0
185,2021-10-07 13:14:48,3700.0,22000.0,1781147.0
186,2021-10-07 13:13:54,3700.0,100.0,1759147.0
187,2021-10-07 13:13:47,3700.0,700.0,1759047.0
188,2021-10-07 13:13:42,3700.0,900.0,1758347.0
189,2021-10-07 13:13:37,3700.0,2000.0,1757447.0
190,2021-10-07 13:12:40,3700.0,1000.0,1755447.0
191,2021-10-07 13:12:29,3700.0,200.0,1754447.0
192,2021-10-07 13:12:27,3700.0,1000.0,1754247.0
193,2021-10-07 13:11:48,3700.0,10.0,1753247.0
194,2021-10-07 13:11:33,3700.0,100.0,1753237.0
195,2021-10-07 13:11:23,3700.0,3000.0,1753137.0
196,2021-10-07 13:10:29,3700.0,1200.0,1750137.0
197,2021-10-07 13:10:12,3700.0,2000.0,1748937.0
198,2021-10-07 13:10:10,3700.0,100.0,1746937.0
199,2021-10-07 13:09:33,3700.0,1300.0,1746837.0
200,2021-10-07 13:08:29,3700.0,500.0,1745537.0
201,2021-10-07 13:08:11,3700.0,10000.0,1745037.0
202,2021-10-07 13:07:58,3700.0,5000.0,1735037.0
203,2021-10-07 13:07:54,3800.0,200.0,1730037.0
204,2021-10-07 13:07:51,3800.0,100.0,1729837.0
205,2021-10-07 13:07:41,3800.0,1300.0,1729737.0
206,2021-10-07 13:07:35,3800.0,3900.0,1728437.0
207,2021-10-07 13:07:27,3800.0,100.0,1724537.0
208,2021-10-07 13:06:51,3800.0,10000.0,1724437.0
209,2021-10-07 13:06:04,3800.0,3000.0,1714437.0
210,2021-10-07 13:05:17,3800.0,500.0,1711437.0
211,2021-10-07 13:04:38,3800.0,3400.0,1710937.0
212,2021-10-07 13:04:36,3800.0,1800.0,1707537.0
213,2021-10-07 13:04:24,3800.0,3500.0,1705737.0
214,2021-10-07 13:03:14,3800.0,100.0,1702237.0
215,2021-10-07 13:02:58,3800.0,100.0,1702137.0
216,2021-10-07 13:02:21,3800.0,100.0,1702037.0
217,2021-10-07 13:00:59,3800.0,100.0,1701937.0
218,2021-10-07 13:00:20,3800.0,500.0,1701837.0
219,2021-10-07 13:00:12,3800.0,3000.0,1701337.0
220,2021-10-07 13:00:09,3800.0,200.0,1698337.0
221,2021-10-07 13:00:08,3800.0,1300.0,1698137.0
222,2021-10-07 13:00:06,3800.0,2800.0,1696837.0
223,2021-10-07 13:00:05,3800.0,4100.0,1694037.0
224,2021-10-07 13:00:04,3800.0,2700.0,1689937.0
225,2021-10-07 13:00:03,3700.0,15200.0,1687237.0
226,2021-10-07 13:00:02,3700.0,12600.0,1672037.0
227,2021-10-07 11:29:36,3800.0,12500.0,1659437.0
228,2021-10-07 11:29:35,3800.0,600.0,1646937.0
229,2021-10-07 11:29:17,3700.0,800.0,1646337.0
230,2021-10-07 11:29:00,3700.0,200.0,1645537.0
231,2021-10-07 11:28:54,3700.0,1500.0,1645337.0
232,2021-10-07 11:28:49,3700.0,500.0,1643837.0
233,2021-10-07 11:28:37,3700.0,500.0,1643337.0
234,2021-10-07 11:28:30,3700.0,4000.0,1642837.0
235,2021-10-07 11:28:25,3700.0,100.0,1638837.0
236,2021-10-07 11:28:21,3700.0,500.0,1638737.0
237,2021-10-07 11:28:09,3700.0,20000.0,1638237.0
238,2021-10-07 11:27:49,3700.0,500.0,1618237.0
239,2021-10-07 11:27:35,3700.0,44300.0,1617737.0
240,2021-10-07 11:27:27,3700.0,200.0,1573437.0
241,2021-10-07 11:27:20,3700.0,5000.0,1573237.0
242,2021-10-07 11:27:15,3700.0,1000.0,1568237.0
243,2021-10-07 11:27:13,3700.0,1900.0,1567237.0
244,2021-10-07 11:27:11,3700.0,4300.0,1565337.0
245,2021-10-07 11:27:09,3700.0,7000.0,1561037.0
246,2021-10-07 11:26:58,3700.0,500.0,1554037.0
247,2021-10-07 11:26:57,3700.0,3000.0,1553537.0
248,2021-10-07 11:26:45,3700.0,5000.0,1550537.0
249,2021-10-07 11:26:44,3700.0,1500.0,1545537.0
250,2021-10-07 11:26:29,3700.0,270015.0,1544037.0
251,2021-10-07 11:24:18,3700.0,200.0,1274022.0
252,2021-10-07 11:23:23,3700.0,400.0,1273822.0
253,2021-10-07 11:23:11,3700.0,2000.0,1273422.0
254,2021-10-07 11:23:09,3700.0,200.0,1271422.0
255,2021-10-07 11:22:53,3700.0,600.0,1271222.0
256,2021-10-07 11:22:00,3700.0,3100.0,1270622.0
257,2021-10-07 11:21:58,3700.0,300.0,1267522.0
258,2021-10-07 11:21:57,3700.0,12400.0,1267222.0
259,2021-10-07 11:21:40,3700.0,14000.0,1254822.0
260,2021-10-07 11:20:55,3700.0,200.0,1240822.0
261,2021-10-07 11:20:40,3700.0,1300.0,1240622.0
262,2021-10-07 11:20:27,3600.0,1000.0,1239322.0
263,2021-10-07 11:20:06,3700.0,17000.0,1238322.0
264,2021-10-07 11:19:41,3600.0,100.0,1221322.0
265,2021-10-07 11:19:16,3700.0,100.0,1221222.0
266,2021-10-07 11:19:07,3700.0,700.0,1221122.0
267,2021-10-07 11:18:27,3600.0,500.0,1220422.0
268,2021-10-07 11:18:12,3600.0,5000.0,1219922.0
269,2021-10-07 11:18:11,3700.0,10000.0,1214922.0
270,2021-10-07 11:17:48,3600.0,3500.0,1204922.0
271,2021-10-07 11:17:15,3600.0,1.0,1201422.0
272,2021-10-07 11:17:02,3600.0,7000.0,1201421.0
273,2021-10-07 11:16:51,3700.0,3000.0,1194421.0
274,2021-10-07 11:16:49,3600.0,1.0,1191421.0
275,2021-10-07 11:16:35,3600.0,1.0,1191420.0
276,2021-10-07 11:16:13,3600.0,1000.0,1191419.0
277,2021-10-07 11:15:56,3700.0,3700.0,1190419.0
278,2021-10-07 11:15:11,3700.0,3700.0,1186719.0
279,2021-10-07 11:15:09,3600.0,400.0,1183019.0
280,2021-10-07 11:14:55,3600.0,37100.0,1182619.0
281,2021-10-07 11:14:52,3600.0,8100.0,1145519.0
282,2021-10-07 11:14:49,3600.0,5000.0,1137419.0
283,2021-10-07 11:14:48,3600.0,20000.0,1132419.0
284,2021-10-07 11:14:47,3600.0,15400.0,1112419.0
285,2021-10-07 11:14:44,3600.0,2100.0,1097019.0
286,2021-10-07 11:14:43,3500.0,1000.0,1094919.0
287,2021-10-07 11:14:39,3600.0,50000.0,1093919.0
288,2021-10-07 11:14:37,3600.0,1100.0,1043919.0
289,2021-10-07 11:14:36,3600.0,4800.0,1042819.0
290,2021-10-07 11:14:31,3600.0,300.0,1038019.0
291,2021-10-07 11:14:28,3600.0,200.0,1037719.0
292,2021-10-07 11:14:26,3600.0,38000.0,1037519.0
293,2021-10-07 11:14:22,3600.0,10300.0,999519.0
294,2021-10-07 11:14:19,3600.0,38400.0,989219.0
295,2021-10-07 11:14:17,3600.0,44500.0,950819.0
296,2021-10-07 11:14:12,3600.0,15100.0,906319.0
297,2021-10-07 11:14:11,3600.0,10000.0,891219.0
298,2021-10-07 11:14:06,3600.0,1500.0,881219.0
299,2021-10-07 11:14:05,3600.0,6000.0,879719.0
300,2021-10-07 11:13:48,3600.0,11400.0,873719.0
301,2021-10-07 11:13:44,3600.0,78600.0,862319.0
302,2021-10-07 11:13:39,3600.0,10000.0,783719.0
303,2021-10-07 11:13:14,3600.0,10000.0,773719.0
304,2021-10-07 11:12:40,3600.0,2300.0,763719.0
305,2021-10-07 11:12:31,3600.0,300.0,761419.0
306,2021-10-07 11:12:00,3600.0,100.0,761119.0
307,2021-10-07 11:11:37,3600.0,900.0,761019.0
308,2021-10-07 11:11:14,3600.0,500.0,760119.0
309,2021-10-07 11:11:03,3600.0,28000.0,759619.0
310,2021-10-07 11:10:58,3500.0,1400.0,731619.0
311,2021-10-07 11:09:52,3600.0,100.0,730219.0
312,2021-10-07 11:09:13,3600.0,500.0,730119.0
313,2021-10-07 11:08:47,3500.0,300.0,729619.0
314,2021-10-07 11:08:38,3600.0,300.0,729319.0
315,2021-10-07 11:08:33,3600.0,500.0,729019.0
316,2021-10-07 11:06:50,3600.0,1900.0,728519.0
317,2021-10-07 11:06:26,3500.0,500.0,726619.0
318,2021-10-07 11:06:02,3600.0,1000.0,726119.0
319,2021-10-07 11:06:00,3600.0,5100.0,725119.0
320,2021-10-07 11:05:55,3500.0,5600.0,720019.0
321,2021-10-07 11:05:54,3600.0,3400.0,714419.0
322,2021-10-07 11:04:06,3600.0,6900.0,711019.0
323,2021-10-07 11:03:53,3600.0,1700.0,704119.0
324,2021-10-07 11:02:34,3600.0,200.0,702419.0
325,2021-10-07 11:01:54,3600.0,100.0,702219.0
326,2021-10-07 11:01:27,3600.0,400.0,702119.0
327,2021-10-07 11:00:38,3600.0,100.0,701719.0
328,2021-10-07 11:00:31,3600.0,20000.0,701619.0
329,2021-10-07 11:00:09,3600.0,15000.0,681619.0
330,2021-10-07 10:58:59,3600.0,7800.0,666619.0
331,2021-10-07 10:58:52,3600.0,8900.0,658819.0
332,2021-10-07 10:58:29,3600.0,400.0,649919.0
333,2021-10-07 10:58:00,3600.0,200.0,649519.0
334,2021-10-07 10:57:29,3600.0,100.0,649319.0
335,2021-10-07 10:57:28,3600.0,5000.0,649219.0
336,2021-10-07 10:56:45,3500.0,3000.0,644219.0
337,2021-10-07 10:56:42,3600.0,800.0,641219.0
338,2021-10-07 10:56:06,3500.0,1000.0,640419.0
339,2021-10-07 10:55:08,3600.0,100.0,639419.0
340,2021-10-07 10:55:02,3600.0,10900.0,639319.0
341,2021-10-07 10:54:39,3500.0,200.0,628419.0
342,2021-10-07 10:54:14,3600.0,1000.0,628219.0
343,2021-10-07 10:53:57,3600.0,100.0,627219.0
344,2021-10-07 10:53:47,3600.0,200.0,627119.0
345,2021-10-07 10:53:16,3600.0,100.0,626919.0
346,2021-10-07 10:52:13,3600.0,1100.0,626819.0
347,2021-10-07 10:50:59,3600.0,200.0,625719.0
348,2021-10-07 10:50:37,3500.0,200.0,625519.0
349,2021-10-07 10:50:08,3500.0,100.0,625319.0
350,2021-10-07 10:49:24,3600.0,300.0,625219.0
351,2021-10-07 10:48:09,3600.0,1900.0,624919.0
352,2021-10-07 10:47:53,3600.0,100.0,623019.0
353,2021-10-07 10:47:39,3600.0,1000.0,622919.0
354,2021-10-07 10:46:20,3600.0,500.0,621919.0
355,2021-10-07 10:45:57,3600.0,2500.0,621419.0
356,2021-10-07 10:45:47,3500.0,400.0,618919.0
357,2021-10-07 10:45:08,3600.0,500.0,618519.0
358,2021-10-07 10:44:41,3600.0,2000.0,618019.0
359,2021-10-07 10:44:07,3500.0,200.0,616019.0
360,2021-10-07 10:43:30,3500.0,3000.0,615819.0
361,2021-10-07 10:42:34,3600.0,200.0,612819.0
362,2021-10-07 10:42:30,3500.0,1000.0,612619.0
363,2021-10-07 10:42:08,3500.0,2300.0,611619.0
364,2021-10-07 10:40:25,3500.0,1000.0,609319.0
365,2021-10-07 10:39:57,3500.0,2000.0,608319.0
366,2021-10-07 10:38:45,3500.0,3000.0,606319.0
367,2021-10-07 10:38:21,3500.0,500.0,603319.0
368,2021-10-07 10:38:12,3500.0,1000.0,602819.0
369,2021-10-07 10:37:43,3500.0,1200.0,601819.0
370,2021-10-07 10:37:21,3500.0,1000.0,600619.0
371,2021-10-07 10:37:16,3500.0,800.0,599619.0
372,2021-10-07 10:36:58,3500.0,7000.0,598819.0
373,2021-10-07 10:36:15,3500.0,1200.0,591819.0
374,2021-10-07 10:34:02,3500.0,600.0,590619.0
375,2021-10-07 10:33:55,3500.0,200.0,590019.0
376,2021-10-07 10:32:48,3500.0,3000.0,589819.0
377,2021-10-07 10:32:43,3600.0,2900.0,586819.0
378,2021-10-07 10:31:19,3600.0,500.0,583919.0
379,2021-10-07 10:28:37,3600.0,12000.0,583419.0
380,2021-10-07 10:27:56,3600.0,1.0,571419.0
381,2021-10-07 10:27:50,3600.0,1.0,571418.0
382,2021-10-07 10:27:43,3600.0,1000.0,571417.0
383,2021-10-07 10:27:09,3500.0,800.0,570417.0
384,2021-10-07 10:26:45,3600.0,1.0,569617.0
385,2021-10-07 10:26:39,3600.0,1.0,569616.0
386,2021-10-07 10:26:37,3600.0,1.0,569615.0
387,2021-10-07 10:26:31,3600.0,1.0,569614.0
388,2021-10-07 10:26:30,3600.0,1.0,569613.0
389,2021-10-07 10:26:22,3600.0,1.0,569612.0
390,2021-10-07 10:26:19,3600.0,1.0,569611.0
391,2021-10-07 10:26:14,3600.0,1.0,569610.0
392,2021-10-07 10:26:07,3600.0,1.0,569609.0
393,2021-10-07 10:26:01,3600.0,1.0,569608.0
394,2021-10-07 10:25:54,3600.0,1.0,569607.0
395,2021-10-07 10:25:45,3600.0,1.0,569606.0
396,2021-10-07 10:25:39,3600.0,1.0,569605.0
397,2021-10-07 10:25:34,3600.0,1.0,569604.0
398,2021-10-07 10:25:32,3600.0,1.0,569603.0
399,2021-10-07 10:25:25,3600.0,1.0,569602.0
400,2021-10-07 10:25:21,3600.0,1.0,569601.0
401,2021-10-07 10:25:17,3600.0,100.0,569600.0
402,2021-10-07 10:25:15,3600.0,1.0,569500.0
403,2021-10-07 10:25:12,3600.0,1.0,569499.0
404,2021-10-07 10:25:05,3600.0,1.0,569498.0
405,2021-10-07 10:25:00,3600.0,50.0,569497.0
406,2021-10-07 10:24:58,3600.0,1.0,569447.0
407,2021-10-07 10:24:51,3600.0,1.0,569446.0
408,2021-10-07 10:24:49,3600.0,1.0,569445.0
409,2021-10-07 10:24:43,3600.0,1.0,569444.0
410,2021-10-07 10:24:39,3600.0,1.0,569443.0
411,2021-10-07 10:24:31,3600.0,1.0,569442.0
412,2021-10-07 10:24:29,3600.0,1.0,569441.0
413,2021-10-07 10:24:20,3600.0,1.0,569440.0
414,2021-10-07 10:24:19,3600.0,1.0,569439.0
415,2021-10-07 10:24:09,3600.0,1.0,569438.0
416,2021-10-07 10:24:07,3600.0,1.0,569437.0
417,2021-10-07 10:24:05,3600.0,1.0,569436.0
418,2021-10-07 10:24:02,3600.0,1.0,569435.0
419,2021-10-07 10:23:57,3600.0,1.0,569434.0
420,2021-10-07 10:23:56,3600.0,1.0,569433.0
421,2021-10-07 10:23:55,3600.0,1.0,569432.0
422,2021-10-07 10:23:50,3600.0,1.0,569431.0
423,2021-10-07 10:23:46,3600.0,1.0,569430.0
424,2021-10-07 10:23:44,3600.0,800.0,569429.0
425,2021-10-07 10:23:41,3600.0,1.0,568629.0
426,2021-10-07 10:23:38,3600.0,1.0,568628.0
427,2021-10-07 10:23:31,3600.0,1.0,568627.0
428,2021-10-07 10:23:30,3600.0,1.0,568626.0
429,2021-10-07 10:23:26,3600.0,1800.0,568625.0
430,2021-10-07 10:23:25,3600.0,1.0,566825.0
431,2021-10-07 10:23:21,3600.0,1.0,566824.0
432,2021-10-07 10:23:20,3600.0,1.0,566823.0
433,2021-10-07 10:23:12,3600.0,1.0,566822.0
434,2021-10-07 10:23:09,3600.0,1.0,566821.0
435,2021-10-07 10:23:06,3600.0,1.0,566820.0
436,2021-10-07 10:23:00,3600.0,1.0,566819.0
437,2021-10-07 10:22:59,3600.0,1.0,566818.0
438,2021-10-07 10:22:58,3600.0,2.0,566817.0
439,2021-10-07 10:22:52,3600.0,1.0,566815.0
440,2021-10-07 10:22:51,3600.0,1.0,566814.0
441,2021-10-07 10:22:48,3600.0,500.0,566813.0
442,2021-10-07 10:22:45,3600.0,1.0,566313.0
443,2021-10-07 10:22:36,3600.0,1.0,566312.0
444,2021-10-07 10:22:28,3600.0,1.0,566311.0
445,2021-10-07 10:22:20,3600.0,1.0,566310.0
446,2021-10-07 10:22:10,3600.0,1.0,566309.0
447,2021-10-07 10:22:07,3600.0,5.0,566308.0
448,2021-10-07 10:22:01,3600.0,1.0,566303.0
449,2021-10-07 10:21:59,3600.0,1.0,566302.0
450,2021-10-07 10:21:58,3600.0,5.0,566301.0
451,2021-10-07 10:21:53,3600.0,1.0,566296.0
452,2021-10-07 10:21:50,3600.0,2900.0,566295.0
453,2021-10-07 10:21:44,3600.0,6.0,563395.0
454,2021-10-07 10:21:43,3600.0,1.0,563389.0
455,2021-10-07 10:21:33,3600.0,6.0,563388.0
456,2021-10-07 10:21:29,3600.0,1.0,563382.0
457,2021-10-07 10:21:21,3600.0,5.0,563381.0
458,2021-10-07 10:21:12,3600.0,5.0,563376.0
459,2021-10-07 10:21:11,3600.0,1.0,563371.0
460,2021-10-07 10:21:05,3600.0,5.0,563370.0
461,2021-10-07 10:20:50,3600.0,3000.0,563365.0
462,2021-10-07 10:20:41,3500.0,1.0,560365.0
463,2021-10-07 10:20:31,3500.0,1.0,560364.0
464,2021-10-07 10:20:21,3500.0,1.0,560363.0
465,2021-10-07 10:20:15,3500.0,1.0,560362.0
466,2021-10-07 10:20:10,3500.0,1.0,560361.0
467,2021-10-07 10:19:36,3500.0,1.0,560360.0
468,2021-10-07 10:19:12,3500.0,100.0,560359.0
469,2021-10-07 10:18:24,3600.0,200.0,560259.0
470,2021-10-07 10:17:26,3500.0,500.0,560059.0
471,2021-10-07 10:16:19,3500.0,100.0,559559.0
472,2021-10-07 10:15:54,3500.0,2100.0,559459.0
473,2021-10-07 10:14:09,3500.0,200.0,557359.0
474,2021-10-07 10:13:50,3500.0,3000.0,557159.0
475,2021-10-07 10:13:26,3500.0,2300.0,554159.0
476,2021-10-07 10:13:01,3500.0,1100.0,551859.0
477,2021-10-07 10:11:54,3500.0,9000.0,550759.0
478,2021-10-07 10:11:18,3500.0,9000.0,541759.0
479,2021-10-07 10:11:05,3500.0,1000.0,532759.0
480,2021-10-07 10:11:01,3500.0,500.0,531759.0
481,2021-10-07 10:10:20,3500.0,200.0,531259.0
482,2021-10-07 10:10:05,3500.0,1500.0,531059.0
483,2021-10-07 10:08:20,3500.0,200.0,529559.0
484,2021-10-07 10:07:17,3500.0,1000.0,529359.0
485,2021-10-07 10:06:23,3500.0,2000.0,528359.0
486,2021-10-07 10:05:18,3500.0,400.0,526359.0
487,2021-10-07 10:05:05,3500.0,1000.0,525959.0
488,2021-10-07 10:03:52,3500.0,9500.0,524959.0
489,2021-10-07 10:03:03,3500.0,100000.0,515459.0
490,2021-10-07 10:02:54,3500.0,54500.0,415459.0
491,2021-10-07 10:02:14,3500.0,1000.0,360959.0
492,2021-10-07 10:02:08,3500.0,19000.0,359959.0
493,2021-10-07 10:01:39,3600.0,1000.0,340959.0
494,2021-10-07 10:01:12,3500.0,100.0,339959.0
495,2021-10-07 10:01:03,3600.0,1200.0,339859.0
496,2021-10-07 10:00:38,3600.0,12.0,338659.0
497,2021-10-07 10:00:27,3600.0,100.0,338647.0
498,2021-10-07 10:00:26,3600.0,1500.0,338547.0
499,2021-10-07 09:59:20,3600.0,2000.0,337047.0
500,2021-10-07 09:57:57,3600.0,600.0,335047.0
501,2021-10-07 09:57:00,3500.0,500.0,334447.0
502,2021-10-07 09:55:31,3600.0,10000.0,333947.0
503,2021-10-07 09:54:02,3500.0,2600.0,323947.0
504,2021-10-07 09:53:28,3500.0,60000.0,321347.0
505,2021-10-07 09:52:38,3500.0,2800.0,261347.0
506,2021-10-07 09:52:02,3600.0,200.0,258547.0
507,2021-10-07 09:50:25,3600.0,200.0,258347.0
508,2021-10-07 09:50:17,3500.0,500.0,258147.0
509,2021-10-07 09:50:09,3500.0,800.0,257647.0
510,2021-10-07 09:49:33,3500.0,300.0,256847.0
511,2021-10-07 09:48:26,3600.0,2000.0,256547.0
512,2021-10-07 09:47:23,3600.0,1300.0,254547.0
513,2021-10-07 09:47:17,3500.0,500.0,253247.0
514,2021-10-07 09:46:42,3500.0,1000.0,252747.0
515,2021-10-07 09:46:17,3600.0,400.0,251747.0
516,2021-10-07 09:46:13,3500.0,100.0,251347.0
517,2021-10-07 09:45:49,3600.0,200.0,251247.0
518,2021-10-07 09:45:40,3500.0,2700.0,251047.0
519,2021-10-07 09:45:15,3600.0,1300.0,248347.0
520,2021-10-07 09:44:13,3600.0,2600.0,247047.0
521,2021-10-07 09:44:10,3500.0,50.0,244447.0
522,2021-10-07 09:43:54,3500.0,20.0,244397.0
523,2021-10-07 09:43:19,3500.0,400.0,244377.0
524,2021-10-07 09:42:20,3600.0,1000.0,243977.0
525,2021-10-07 09:42:04,3600.0,2000.0,242977.0
526,2021-10-07 09:40:52,3600.0,600.0,240977.0
527,2021-10-07 09:40:17,3600.0,100.0,240377.0
528,2021-10-07 09:35:44,3500.0,4000.0,240277.0
529,2021-10-07 09:35:23,3500.0,10000.0,236277.0
530,2021-10-07 09:34:43,3500.0,20000.0,226277.0
531,2021-10-07 09:34:29,3500.0,100.0,206277.0
532,2021-10-07 09:33:47,3500.0,300.0,206177.0
533,2021-10-07 09:33:40,3500.0,2000.0,205877.0
534,2021-10-07 09:33:12,3600.0,1000.0,203877.0
535,2021-10-07 09:31:09,3500.0,1000.0,202877.0
536,2021-10-07 09:31:03,3500.0,11.0,201877.0
537,2021-10-07 09:30:54,3500.0,9000.0,201866.0
538,2021-10-07 09:27:58,3500.0,2100.0,192866.0
539,2021-10-07 09:27:51,3500.0,200.0,190766.0
540,2021-10-07 09:27:43,3500.0,1000.0,190566.0
541,2021-10-07 09:27:20,3600.0,19.0,189566.0
542,2021-10-07 09:26:39,3600.0,50000.0,189547.0
543,2021-10-07 09:26:36,3500.0,20000.0,139547.0
544,2021-10-07 09:26:14,3500.0,100.0,119547.0
545,2021-10-07 09:25:33,3500.0,200.0,119447.0
546,2021-10-07 09:25:01,3500.0,8.0,119247.0
547,2021-10-07 09:24:38,3500.0,100.0,119239.0
548,2021-10-07 09:23:02,3500.0,300.0,119139.0
549,2021-10-07 09:22:27,3500.0,3000.0,118839.0
550,2021-10-07 09:22:19,3500.0,10.0,115839.0
551,2021-10-07 09:22:07,3500.0,3900.0,115829.0
552,2021-10-07 09:21:38,3500.0,200.0,111929.0
553,2021-10-07 09:21:28,3500.0,19.0,111729.0
554,2021-10-07 09:21:17,3500.0,200.0,111710.0
555,2021-10-07 09:20:45,3500.0,100.0,111510.0
556,2021-10-07 09:20:30,3600.0,1000.0,111410.0
557,2021-10-07 09:20:25,3600.0,900.0,110410.0
558,2021-10-07 09:19:51,3600.0,1000.0,109510.0
559,2021-10-07 09:19:36,3600.0,3000.0,108510.0
560,2021-10-07 09:19:28,3600.0,1300.0,105510.0
561,2021-10-07 09:18:22,3600.0,100.0,104210.0
562,2021-10-07 09:18:10,3600.0,500.0,104110.0
563,2021-10-07 09:17:05,3600.0,50000.0,103610.0
564,2021-10-07 09:16:59,3500.0,6000.0,53610.0
565,2021-10-07 09:16:34,3500.0,100.0,47610.0
566,2021-10-07 09:15:33,3500.0,1000.0,47510.0
567,2021-10-07 09:15:24,3500.0,50.0,46510.0
568,2021-10-07 09:15:08,3500.0,3000.0,46460.0
569,2021-10-07 09:14:32,3500.0,500.0,43460.0
570,2021-10-07 09:14:12,3500.0,6.0,42960.0
571,2021-10-07 09:14:02,3500.0,1000.0,42954.0
572,2021-10-07 09:12:33,3500.0,30000.0,41954.0
573,2021-10-07 09:11:58,3500.0,300.0,11954.0
574,2021-10-07 09:11:11,3600.0,1000.0,11654.0
575,2021-10-07 09:11:02,3600.0,2500.0,10654.0
576,2021-10-07 09:09:47,3600.0,4.0,8154.0
577,2021-10-07 09:08:54,3600.0,500.0,8150.0
578,2021-10-07 09:08:21,3600.0,200.0,7650.0
579,2021-10-07 09:07:45,3600.0,400.0,7450.0
580,2021-10-07 09:07:39,3600.0,2000.0,7050.0
581,2021-10-07 09:06:08,3600.0,300.0,5050.0
582,2021-10-07 09:05:29,3600.0,2000.0,4750.0
583,2021-10-07 09:04:48,3600.0,20.0,2750.0
584,2021-10-07 09:04:26,3600.0,30.0,2730.0
585,2021-10-07 09:01:59,3600.0,300.0,2700.0
586,2021-10-07 09:01:01,3600.0,100.0,2400.0
587,2021-10-07 09:00:31,3600.0,600.0,2300.0
588,2021-10-07 09:00:30,3500.0,200.0,1700.0
589,2021-10-07 09:00:18,3600.0,100.0,1500.0
590,2021-10-07 09:00:15,3600.0,100.0,1400.0
591,2021-10-07 09:00:12,3600.0,500.0,1300.0
592,2021-10-07 09:00:10,3500.0,200.0,800.0
593,2021-10-07 09:00:04,3600.0,600.0,600.0
