,Time,Price,Volume_per_trade,Volume
0,2021-10-17 07:45:01,7110.0,2200.0,723000.0
1,2021-10-17 07:45:01,7110.0,3000.0,720800.0
2,2021-10-17 07:45:01,7110.0,4800.0,717800.0
3,2021-10-17 07:45:01,7110.0,1000.0,713000.0
4,2021-10-17 07:45:01,7110.0,5000.0,712000.0
5,2021-10-17 07:45:01,7110.0,1200.0,707000.0
6,2021-10-17 07:45:01,7110.0,400.0,705800.0
7,2021-10-17 07:45:01,7110.0,2200.0,705400.0
8,2021-10-17 07:45:01,7110.0,6200.0,703200.0
9,2021-10-17 07:45:01,7110.0,100.0,697000.0
10,2021-10-17 07:45:01,7110.0,5000.0,696900.0
11,2021-10-17 07:45:01,7110.0,1000.0,691900.0
12,2021-10-17 07:45:01,7110.0,1000.0,690900.0
13,2021-10-17 07:45:01,7110.0,1000.0,689900.0
14,2021-10-17 07:45:01,7110.0,2000.0,688900.0
15,2021-10-17 07:45:01,7110.0,100.0,686900.0
16,2021-10-17 07:45:01,7110.0,500.0,686800.0
17,2021-10-17 07:45:01,7110.0,100.0,686300.0
18,2021-10-17 07:45:01,7110.0,100.0,686200.0
19,2021-10-17 07:28:32,7140.0,500.0,686100.0
20,2021-10-17 07:28:32,7140.0,200.0,685600.0
21,2021-10-17 07:27:09,7140.0,100.0,685400.0
22,2021-10-17 07:27:09,7120.0,500.0,685300.0
23,2021-10-17 07:26:58,7120.0,500.0,684800.0
24,2021-10-17 07:26:32,7120.0,100.0,684300.0
25,2021-10-17 07:26:13,7140.0,300.0,684200.0
26,2021-10-17 07:21:07,7150.0,100.0,683900.0
27,2021-10-17 07:20:57,7120.0,2500.0,683800.0
28,2021-10-17 07:20:48,7070.0,2400.0,681300.0
29,2021-10-17 07:20:48,7090.0,1000.0,678900.0
30,2021-10-17 07:20:48,7100.0,5000.0,677900.0
31,2021-10-17 07:20:48,7100.0,1000.0,672900.0
32,2021-10-17 07:20:48,7100.0,500.0,671900.0
33,2021-10-17 07:20:48,7100.0,100.0,671400.0
34,2021-10-17 07:20:48,7100.0,4000.0,671300.0
35,2021-10-17 07:20:48,7110.0,500.0,667300.0
36,2021-10-17 07:20:48,7110.0,1000.0,666800.0
37,2021-10-17 07:20:48,7110.0,1000.0,665800.0
38,2021-10-17 07:20:48,7110.0,1000.0,664800.0
39,2021-10-17 07:20:48,7120.0,1000.0,663800.0
40,2021-10-17 07:20:48,7120.0,1500.0,662800.0
41,2021-10-17 07:20:33,7150.0,100.0,661300.0
42,2021-10-17 07:20:33,7130.0,200.0,661200.0
43,2021-10-17 07:20:25,7130.0,1000.0,661000.0
44,2021-10-17 07:20:25,7130.0,300.0,660000.0
45,2021-10-17 07:20:17,7150.0,100.0,659700.0
46,2021-10-17 07:19:54,7130.0,1000.0,659600.0
47,2021-10-17 07:19:54,7130.0,1000.0,658600.0
48,2021-10-17 07:19:53,7150.0,100.0,657600.0
49,2021-10-17 07:18:14,7160.0,100.0,657500.0
50,2021-10-17 07:18:14,7150.0,100.0,657400.0
51,2021-10-17 07:17:40,7150.0,100.0,657300.0
52,2021-10-17 07:17:40,7130.0,200.0,657200.0
53,2021-10-17 07:17:39,7120.0,300.0,657000.0
54,2021-10-17 07:17:39,7120.0,100.0,656700.0
55,2021-10-17 07:17:27,7120.0,500.0,656600.0
56,2021-10-17 07:17:25,7120.0,200.0,656100.0
57,2021-10-17 07:17:12,7120.0,200.0,655900.0
58,2021-10-17 07:17:12,7130.0,1000.0,655700.0
59,2021-10-17 07:16:50,7160.0,100.0,654700.0
60,2021-10-17 07:16:50,7150.0,200.0,654600.0
61,2021-10-17 07:16:50,7140.0,600.0,654400.0
62,2021-10-17 07:16:28,7140.0,400.0,653800.0
63,2021-10-17 07:15:58,7140.0,100.0,653400.0
64,2021-10-17 07:13:17,7170.0,1900.0,653300.0
65,2021-10-17 07:13:17,7170.0,800.0,651400.0
66,2021-10-17 07:13:17,7160.0,400.0,650600.0
67,2021-10-17 07:13:05,7160.0,100.0,650200.0
68,2021-10-17 07:12:50,7130.0,1000.0,650100.0
69,2021-10-17 07:12:50,7130.0,1000.0,649100.0
70,2021-10-17 07:12:50,7130.0,1000.0,648100.0
71,2021-10-17 07:12:50,7140.0,2000.0,647100.0
72,2021-10-17 07:12:50,7140.0,3000.0,645100.0
73,2021-10-17 07:12:50,7140.0,2000.0,642100.0
74,2021-10-17 07:11:53,7170.0,100.0,640100.0
75,2021-10-17 07:11:15,7170.0,100.0,640000.0
76,2021-10-17 07:10:58,7170.0,100.0,639900.0
77,2021-10-17 07:10:35,7170.0,200.0,639800.0
78,2021-10-17 07:10:13,7170.0,2000.0,639600.0
79,2021-10-17 07:10:13,7170.0,100.0,637600.0
80,2021-10-17 07:10:13,7170.0,3000.0,637500.0
81,2021-10-17 07:10:13,7170.0,4000.0,634500.0
82,2021-10-17 07:10:13,7170.0,700.0,630500.0
83,2021-10-17 07:09:18,7170.0,200.0,629800.0
84,2021-10-17 07:06:42,7170.0,100.0,629600.0
85,2021-10-17 07:05:47,7170.0,1000.0,629500.0
86,2021-10-17 07:05:34,7170.0,1000.0,628500.0
87,2021-10-17 07:05:02,7170.0,100.0,627500.0
88,2021-10-17 07:03:56,7180.0,100.0,627400.0
89,2021-10-17 07:03:49,7170.0,1000.0,627300.0
90,2021-10-17 07:03:38,7170.0,400.0,626300.0
91,2021-10-17 07:03:38,7170.0,500.0,625900.0
92,2021-10-17 07:02:55,7170.0,100.0,625400.0
93,2021-10-17 07:02:41,7140.0,1000.0,625300.0
94,2021-10-17 07:02:16,7140.0,900.0,624300.0
95,2021-10-17 07:02:16,7140.0,4200.0,623400.0
96,2021-10-17 07:01:17,7170.0,100.0,619200.0
97,2021-10-17 07:01:17,7150.0,1000.0,619100.0
98,2021-10-17 07:01:17,7150.0,1000.0,618100.0
99,2021-10-17 07:01:17,7150.0,1700.0,617100.0
100,2021-10-17 07:01:06,7150.0,1000.0,615400.0
101,2021-10-17 07:00:58,7150.0,200.0,614400.0
102,2021-10-17 07:00:41,7150.0,100.0,614200.0
103,2021-10-17 07:00:35,7140.0,200.0,614100.0
104,2021-10-17 07:00:31,7150.0,1000.0,613900.0
105,2021-10-17 07:00:17,7150.0,1000.0,612900.0
106,2021-10-17 06:59:42,7150.0,1400.0,611900.0
107,2021-10-17 06:59:23,7150.0,3600.0,610500.0
108,2021-10-17 06:59:13,7180.0,5900.0,606900.0
109,2021-10-17 06:59:13,7180.0,1000.0,601000.0
110,2021-10-17 06:59:13,7180.0,300.0,600000.0
111,2021-10-17 06:57:54,7180.0,100.0,599700.0
112,2021-10-17 06:57:54,7170.0,300.0,599600.0
113,2021-10-17 06:57:37,7170.0,9700.0,599300.0
114,2021-10-17 06:57:37,7170.0,100.0,589600.0
115,2021-10-17 06:57:37,7170.0,1900.0,589500.0
116,2021-10-17 06:57:37,7160.0,5500.0,587600.0
117,2021-10-17 06:57:37,7150.0,2800.0,582100.0
118,2021-10-17 06:57:36,7140.0,300.0,579300.0
119,2021-10-17 06:57:27,7150.0,2300.0,579000.0
120,2021-10-17 06:57:21,7150.0,200.0,576700.0
121,2021-10-17 06:57:21,7150.0,100.0,576500.0
122,2021-10-17 06:55:27,7160.0,100.0,576400.0
123,2021-10-17 06:53:56,7170.0,100.0,576300.0
124,2021-10-17 06:53:56,7160.0,2000.0,576200.0
125,2021-10-17 06:53:56,7160.0,100.0,574200.0
126,2021-10-17 06:53:56,7160.0,4400.0,574100.0
127,2021-10-17 06:53:27,7150.0,1000.0,569700.0
128,2021-10-17 06:52:54,7160.0,400.0,568700.0
129,2021-10-17 06:52:48,7160.0,1000.0,568300.0
130,2021-10-17 06:52:34,7150.0,200.0,567300.0
131,2021-10-17 06:52:34,7150.0,200.0,567100.0
132,2021-10-17 06:52:34,7150.0,300.0,566900.0
133,2021-10-17 06:52:34,7150.0,200.0,566600.0
134,2021-10-17 06:52:32,7140.0,200.0,566400.0
135,2021-10-17 06:52:20,7140.0,1100.0,566200.0
136,2021-10-17 06:52:16,7140.0,1900.0,565100.0
137,2021-10-17 06:52:16,7140.0,100.0,563200.0
138,2021-10-17 06:51:40,7140.0,1000.0,563100.0
139,2021-10-17 06:50:57,7140.0,1000.0,562100.0
140,2021-10-17 06:50:39,7140.0,100.0,561100.0
141,2021-10-17 06:50:39,7060.0,200.0,561000.0
142,2021-10-17 06:50:08,7000.0,1700.0,560800.0
143,2021-10-17 06:50:08,7000.0,5000.0,559100.0
144,2021-10-17 06:50:08,7000.0,500.0,554100.0
145,2021-10-17 06:50:08,7000.0,1000.0,553600.0
146,2021-10-17 06:50:08,7000.0,100.0,552600.0
147,2021-10-17 06:50:08,7000.0,100.0,552500.0
148,2021-10-17 06:50:08,7000.0,2000.0,552400.0
149,2021-10-17 06:50:08,7000.0,500.0,550400.0
150,2021-10-17 06:50:08,7000.0,100.0,549900.0
151,2021-10-17 06:50:08,7000.0,1000.0,549800.0
152,2021-10-17 06:50:08,7010.0,800.0,548800.0
153,2021-10-17 06:50:08,7060.0,900.0,548000.0
154,2021-10-17 06:50:08,7080.0,100.0,547100.0
155,2021-10-17 06:50:08,7100.0,500.0,547000.0
156,2021-10-17 06:50:08,7100.0,500.0,546500.0
157,2021-10-17 06:50:08,7100.0,1000.0,546000.0
158,2021-10-17 06:50:08,7100.0,100.0,545000.0
159,2021-10-17 06:50:08,7100.0,100.0,544900.0
160,2021-10-17 06:50:08,7110.0,100.0,544800.0
161,2021-10-17 06:50:08,7110.0,500.0,544700.0
162,2021-10-17 06:50:08,7110.0,1000.0,544200.0
163,2021-10-17 06:50:08,7110.0,5000.0,543200.0
164,2021-10-17 06:50:08,7120.0,5000.0,538200.0
165,2021-10-17 06:49:56,7150.0,1000.0,533200.0
166,2021-10-17 06:49:56,7150.0,100.0,532200.0
167,2021-10-17 06:49:54,7160.0,2000.0,532100.0
168,2021-10-17 06:49:53,7150.0,200.0,530100.0
169,2021-10-17 06:49:41,7160.0,100.0,529900.0
170,2021-10-17 06:49:21,7150.0,4700.0,529800.0
171,2021-10-17 06:49:21,7150.0,500.0,525100.0
172,2021-10-17 06:49:21,7150.0,100.0,524600.0
173,2021-10-17 06:49:21,7150.0,1000.0,524500.0
174,2021-10-17 06:49:11,7160.0,100.0,523500.0
175,2021-10-17 06:49:09,7160.0,200.0,523400.0
176,2021-10-17 06:49:09,7160.0,1000.0,523200.0
177,2021-10-17 06:49:09,7160.0,100.0,522200.0
178,2021-10-17 06:49:09,7160.0,100.0,522100.0
179,2021-10-17 06:49:09,7160.0,500.0,522000.0
180,2021-10-17 06:49:09,7160.0,100.0,521500.0
181,2021-10-17 06:48:59,7160.0,100.0,521400.0
182,2021-10-17 06:48:59,7160.0,500.0,521300.0
183,2021-10-17 06:48:49,7160.0,500.0,520800.0
184,2021-10-17 06:48:49,7160.0,500.0,520300.0
185,2021-10-17 06:48:22,7170.0,300.0,519800.0
186,2021-10-17 06:48:17,7170.0,200.0,519500.0
187,2021-10-17 06:48:02,7170.0,4500.0,519300.0
188,2021-10-17 06:47:56,7170.0,1500.0,514800.0
189,2021-10-17 06:47:52,7170.0,1000.0,513300.0
190,2021-10-17 06:47:52,7170.0,1000.0,512300.0
191,2021-10-17 06:47:52,7170.0,2000.0,511300.0
192,2021-10-17 06:47:47,7180.0,100.0,509300.0
193,2021-10-17 06:47:40,7180.0,500.0,509200.0
194,2021-10-17 06:47:40,7180.0,4500.0,508700.0
195,2021-10-17 06:47:31,7170.0,1000.0,504200.0
196,2021-10-17 06:47:31,7170.0,500.0,503200.0
197,2021-10-17 06:47:31,7170.0,500.0,502700.0
198,2021-10-17 06:47:31,7170.0,3000.0,502200.0
199,2021-10-17 06:47:06,7180.0,100.0,499200.0
200,2021-10-17 06:46:49,7180.0,100.0,499100.0
201,2021-10-17 06:46:49,7180.0,300.0,499000.0
202,2021-10-17 06:46:42,7180.0,200.0,498700.0
203,2021-10-17 06:46:42,7180.0,100.0,498500.0
204,2021-10-17 06:46:37,7180.0,2900.0,498400.0
205,2021-10-17 06:46:37,7180.0,2100.0,495500.0
206,2021-10-17 06:46:27,7180.0,900.0,493400.0
207,2021-10-17 06:46:27,7180.0,2200.0,492500.0
208,2021-10-17 06:45:51,7190.0,100.0,490300.0
209,2021-10-17 06:45:44,7180.0,1000.0,490200.0
210,2021-10-17 06:45:43,7180.0,100.0,489200.0
211,2021-10-17 06:45:42,7190.0,100.0,489100.0
212,2021-10-17 06:45:20,7180.0,300.0,489000.0
213,2021-10-17 06:45:20,7180.0,200.0,488700.0
214,2021-10-17 06:44:53,7190.0,100.0,488500.0
215,2021-10-17 06:44:48,7180.0,100.0,488400.0
216,2021-10-17 06:44:39,7180.0,800.0,488300.0
217,2021-10-17 06:44:38,7180.0,900.0,487500.0
218,2021-10-17 06:44:38,7180.0,100.0,486600.0
219,2021-10-17 06:44:32,7190.0,100.0,486500.0
220,2021-10-17 06:44:11,7180.0,200.0,486400.0
221,2021-10-17 06:43:51,7180.0,400.0,486200.0
222,2021-10-17 06:43:29,7190.0,100.0,485800.0
223,2021-10-17 06:43:29,7180.0,600.0,485700.0
224,2021-10-17 06:43:14,7180.0,1000.0,485100.0
225,2021-10-17 06:43:14,7180.0,2000.0,484100.0
226,2021-10-17 06:43:14,7180.0,1000.0,482100.0
227,2021-10-17 06:43:14,7180.0,100.0,481100.0
228,2021-10-17 06:43:14,7180.0,200.0,481000.0
229,2021-10-17 06:43:14,7180.0,100.0,480800.0
230,2021-10-17 06:41:21,7190.0,3400.0,480700.0
231,2021-10-17 06:41:21,7190.0,1000.0,477300.0
232,2021-10-17 06:41:21,7190.0,400.0,476300.0
233,2021-10-17 06:41:21,7190.0,2200.0,475900.0
234,2021-10-17 06:40:31,7190.0,300.0,473700.0
235,2021-10-17 06:38:53,7190.0,6000.0,473400.0
236,2021-10-17 06:38:29,7190.0,1500.0,467400.0
237,2021-10-17 06:38:12,7190.0,700.0,465900.0
238,2021-10-17 06:38:12,7190.0,1000.0,465200.0
239,2021-10-17 06:38:12,7190.0,300.0,464200.0
240,2021-10-17 06:37:48,7190.0,400.0,463900.0
241,2021-10-17 06:37:40,7200.0,100.0,463500.0
242,2021-10-17 06:37:40,7200.0,500.0,463400.0
243,2021-10-17 06:37:40,7200.0,1000.0,462900.0
244,2021-10-17 06:37:40,7200.0,600.0,461900.0
245,2021-10-17 06:37:40,7200.0,900.0,461300.0
246,2021-10-17 06:36:51,7200.0,100.0,460400.0
247,2021-10-17 06:36:39,7190.0,1000.0,460300.0
248,2021-10-17 06:36:39,7190.0,300.0,459300.0
249,2021-10-17 06:36:39,7190.0,1000.0,459000.0
250,2021-10-17 06:36:09,7190.0,3900.0,458000.0
251,2021-10-17 06:35:20,7190.0,100.0,454100.0
252,2021-10-17 06:34:49,7180.0,1700.0,454000.0
253,2021-10-17 06:34:49,7180.0,100.0,452300.0
254,2021-10-17 06:34:49,7180.0,1900.0,452200.0
255,2021-10-17 06:34:49,7180.0,1400.0,450300.0
256,2021-10-17 06:32:21,7200.0,100.0,448900.0
257,2021-10-17 06:30:48,7180.0,1000.0,448800.0
258,2021-10-17 06:30:33,7180.0,100.0,447800.0
259,2021-10-17 06:30:27,7180.0,200.0,447700.0
260,2021-10-17 06:30:27,7180.0,100.0,447500.0
261,2021-10-17 06:30:27,7180.0,300.0,447400.0
262,2021-10-17 06:30:27,7180.0,300.0,447100.0
263,2021-10-17 06:29:22,7180.0,700.0,446800.0
264,2021-10-17 06:29:22,7180.0,100.0,446100.0
265,2021-10-17 06:29:22,7180.0,200.0,446000.0
266,2021-10-17 06:29:09,7180.0,100.0,445800.0
267,2021-10-17 06:28:42,7190.0,500.0,445700.0
268,2021-10-17 06:25:57,7200.0,100.0,445200.0
269,2021-10-17 06:25:57,7180.0,200.0,445100.0
270,2021-10-17 06:25:50,7180.0,500.0,444900.0
271,2021-10-17 06:25:35,7180.0,1000.0,444400.0
272,2021-10-17 06:25:35,7180.0,500.0,443400.0
273,2021-10-17 06:25:35,7180.0,1000.0,442900.0
274,2021-10-17 06:25:35,7180.0,1000.0,441900.0
275,2021-10-17 06:25:35,7180.0,500.0,440900.0
276,2021-10-17 06:25:35,7190.0,500.0,440400.0
277,2021-10-17 06:23:10,7200.0,1000.0,439900.0
278,2021-10-17 06:20:39,7210.0,100.0,438900.0
279,2021-10-17 06:20:08,7200.0,700.0,438800.0
280,2021-10-17 06:19:42,7210.0,2000.0,438100.0
281,2021-10-17 06:18:36,7210.0,100.0,436100.0
282,2021-10-17 06:18:32,7200.0,700.0,436000.0
283,2021-10-17 06:18:25,7200.0,100.0,435300.0
284,2021-10-17 06:18:18,7200.0,600.0,435200.0
285,2021-10-17 06:18:18,7200.0,500.0,434600.0
286,2021-10-17 06:18:18,7200.0,7000.0,434100.0
287,2021-10-17 06:18:18,7200.0,3000.0,427100.0
288,2021-10-17 06:18:18,7200.0,100.0,424100.0
289,2021-10-17 06:18:13,7190.0,100.0,424000.0
290,2021-10-17 06:17:58,7180.0,1500.0,423900.0
291,2021-10-17 06:17:58,7180.0,2000.0,422400.0
292,2021-10-17 06:17:58,7180.0,1000.0,420400.0
293,2021-10-17 06:17:58,7180.0,200.0,419400.0
294,2021-10-17 06:17:58,7190.0,300.0,419200.0
295,2021-10-17 06:17:28,7190.0,600.0,418900.0
296,2021-10-17 06:17:21,7190.0,100.0,418300.0
297,2021-10-17 06:17:18,7190.0,1300.0,418200.0
298,2021-10-17 06:14:57,7200.0,1000.0,416900.0
299,2021-10-17 06:14:37,7200.0,100.0,415900.0
300,2021-10-17 06:14:25,7200.0,500.0,415800.0
301,2021-10-17 06:14:25,7200.0,2000.0,415300.0
302,2021-10-17 06:14:25,7200.0,1400.0,413300.0
303,2021-10-17 06:14:25,7200.0,100.0,411900.0
304,2021-10-17 06:13:51,7200.0,100.0,411800.0
305,2021-10-17 06:13:00,7190.0,900.0,411700.0
306,2021-10-17 06:12:39,7190.0,100.0,410800.0
307,2021-10-17 06:12:34,7190.0,2400.0,410700.0
308,2021-10-17 06:12:34,7190.0,1600.0,408300.0
309,2021-10-17 06:12:19,7200.0,100.0,406700.0
310,2021-10-17 06:12:15,7190.0,400.0,406600.0
311,2021-10-17 06:12:15,7190.0,1300.0,406200.0
312,2021-10-17 06:11:35,7200.0,200.0,404900.0
313,2021-10-17 06:11:35,7200.0,300.0,404700.0
314,2021-10-17 06:11:35,7200.0,100.0,404400.0
315,2021-10-17 06:11:35,7200.0,500.0,404300.0
316,2021-10-17 06:11:35,7200.0,500.0,403800.0
317,2021-10-17 06:11:35,7200.0,300.0,403300.0
318,2021-10-17 06:11:35,7200.0,1000.0,403000.0
319,2021-10-17 06:11:35,7200.0,900.0,402000.0
320,2021-10-17 06:10:19,7200.0,100.0,401100.0
321,2021-10-17 06:10:04,7190.0,700.0,401000.0
322,2021-10-17 06:10:04,7190.0,200.0,400300.0
323,2021-10-17 06:10:04,7190.0,700.0,400100.0
324,2021-10-17 06:10:04,7190.0,900.0,399400.0
325,2021-10-17 06:09:44,7200.0,800.0,398500.0
326,2021-10-17 06:07:22,7200.0,100.0,397700.0
327,2021-10-17 06:07:05,7190.0,500.0,397600.0
328,2021-10-17 06:06:24,7200.0,1000.0,397100.0
329,2021-10-17 06:06:24,7200.0,2000.0,396100.0
330,2021-10-17 06:06:24,7200.0,2100.0,394100.0
331,2021-10-17 06:06:24,7200.0,1000.0,392000.0
332,2021-10-17 06:06:24,7200.0,1400.0,391000.0
333,2021-10-17 06:06:14,7200.0,1000.0,389600.0
334,2021-10-17 06:05:47,7200.0,600.0,388600.0
335,2021-10-17 06:01:29,7200.0,8900.0,388000.0
336,2021-10-17 06:00:28,7200.0,100.0,379100.0
337,2021-10-17 06:00:03,7200.0,1000.0,379000.0
338,2021-10-17 04:29:57,7210.0,100.0,378000.0
339,2021-10-17 04:29:57,7200.0,100.0,377900.0
340,2021-10-17 04:29:41,7200.0,2900.0,377800.0
341,2021-10-17 04:29:07,7210.0,100.0,374900.0
342,2021-10-17 04:29:02,7200.0,1800.0,374800.0
343,2021-10-17 04:29:02,7200.0,100.0,373000.0
344,2021-10-17 04:29:02,7200.0,200.0,372900.0
345,2021-10-17 04:27:00,7210.0,100.0,372700.0
346,2021-10-17 04:26:27,7200.0,5000.0,372600.0
347,2021-10-17 04:23:07,7210.0,100.0,367600.0
348,2021-10-17 04:19:53,7210.0,2300.0,367500.0
349,2021-10-17 04:19:53,7210.0,1000.0,365200.0
350,2021-10-17 04:19:53,7210.0,100.0,364200.0
351,2021-10-17 04:19:53,7210.0,1000.0,364100.0
352,2021-10-17 04:19:53,7210.0,500.0,363100.0
353,2021-10-17 04:18:54,7210.0,100.0,362600.0
354,2021-10-17 04:18:54,7200.0,1900.0,362500.0
355,2021-10-17 04:18:30,7200.0,100.0,360600.0
356,2021-10-17 04:17:32,7200.0,3000.0,360500.0
357,2021-10-17 04:04:01,7210.0,100.0,357500.0
358,2021-10-17 04:03:40,7180.0,8500.0,357400.0
359,2021-10-17 04:03:40,7180.0,5000.0,348900.0
360,2021-10-17 04:03:40,7180.0,8000.0,343900.0
361,2021-10-17 04:03:40,7180.0,1400.0,335900.0
362,2021-10-17 04:03:40,7190.0,100.0,334500.0
363,2021-10-17 04:03:40,7190.0,300.0,334400.0
364,2021-10-17 04:03:40,7190.0,500.0,334100.0
365,2021-10-17 04:03:40,7190.0,200.0,333600.0
366,2021-10-17 04:03:40,7190.0,1000.0,333400.0
367,2021-10-17 03:57:55,7210.0,100.0,332400.0
368,2021-10-17 03:57:54,7210.0,2000.0,332300.0
369,2021-10-17 03:57:34,7210.0,1000.0,330300.0
370,2021-10-17 03:56:51,7210.0,100.0,329300.0
371,2021-10-17 03:56:51,7200.0,2000.0,329200.0
372,2021-10-17 03:56:39,7200.0,1000.0,327200.0
373,2021-10-17 03:56:33,7210.0,500.0,326200.0
374,2021-10-17 03:56:00,7210.0,500.0,325700.0
375,2021-10-17 03:55:14,7210.0,100.0,325200.0
376,2021-10-17 03:55:10,7210.0,900.0,325100.0
377,2021-10-17 03:55:10,7210.0,100.0,324200.0
378,2021-10-17 03:54:38,7210.0,100.0,324100.0
379,2021-10-17 03:54:38,7200.0,100.0,324000.0
380,2021-10-17 03:47:26,7210.0,100.0,323900.0
381,2021-10-17 03:47:19,7180.0,600.0,323800.0
382,2021-10-17 03:47:19,7180.0,600.0,323200.0
383,2021-10-17 03:47:19,7190.0,2000.0,322600.0
384,2021-10-17 03:47:19,7190.0,500.0,320600.0
385,2021-10-17 03:47:19,7200.0,200.0,320100.0
386,2021-10-17 03:47:19,7200.0,1100.0,319900.0
387,2021-10-17 03:47:07,7210.0,100.0,318800.0
388,2021-10-17 03:47:02,7200.0,2900.0,318700.0
389,2021-10-17 03:47:02,7200.0,1600.0,315800.0
390,2021-10-17 03:47:02,7200.0,500.0,314200.0
391,2021-10-17 03:46:48,7210.0,100.0,313700.0
392,2021-10-17 03:46:42,7200.0,2500.0,313600.0
393,2021-10-17 03:46:42,7200.0,100.0,311100.0
394,2021-10-17 03:46:42,7200.0,200.0,311000.0
395,2021-10-17 03:46:42,7200.0,100.0,310800.0
396,2021-10-17 03:46:38,7220.0,100.0,310700.0
397,2021-10-17 03:46:25,7200.0,500.0,310600.0
398,2021-10-17 03:46:24,7200.0,100.0,310100.0
399,2021-10-17 03:46:12,7200.0,4900.0,310000.0
400,2021-10-17 03:46:12,7200.0,1000.0,305100.0
401,2021-10-17 03:46:12,7200.0,800.0,304100.0
402,2021-10-17 03:46:12,7200.0,100.0,303300.0
403,2021-10-17 03:46:12,7200.0,100.0,303200.0
404,2021-10-17 03:46:12,7200.0,300.0,303100.0
405,2021-10-17 03:46:12,7200.0,500.0,302800.0
406,2021-10-17 03:46:12,7200.0,300.0,302300.0
407,2021-10-17 03:46:12,7200.0,10000.0,302000.0
408,2021-10-17 03:46:12,7200.0,1000.0,292000.0
409,2021-10-17 03:46:12,7200.0,2000.0,291000.0
410,2021-10-17 03:46:12,7200.0,3500.0,289000.0
411,2021-10-17 03:46:12,7210.0,100.0,285500.0
412,2021-10-17 03:46:01,7210.0,100.0,285400.0
413,2021-10-17 03:46:01,7210.0,100.0,285300.0
414,2021-10-17 03:45:04,7210.0,500.0,285200.0
415,2021-10-17 03:44:55,7210.0,100.0,284700.0
416,2021-10-17 03:44:29,7210.0,100.0,284600.0
417,2021-10-17 03:44:29,7210.0,100.0,284500.0
418,2021-10-17 03:43:56,7210.0,200.0,284400.0
419,2021-10-17 03:43:54,7210.0,100.0,284200.0
420,2021-10-17 03:43:50,7210.0,100.0,284100.0
421,2021-10-17 03:43:50,7210.0,1000.0,284000.0
422,2021-10-17 03:43:44,7210.0,100.0,283000.0
423,2021-10-17 03:43:40,7210.0,100.0,282900.0
424,2021-10-17 03:43:35,7210.0,100.0,282800.0
425,2021-10-17 03:43:30,7210.0,100.0,282700.0
426,2021-10-17 03:43:14,7210.0,100.0,282600.0
427,2021-10-17 03:43:10,7200.0,500.0,282500.0
428,2021-10-17 03:42:22,7210.0,100.0,282000.0
429,2021-10-17 03:42:11,7200.0,200.0,281900.0
430,2021-10-17 03:40:01,7210.0,200.0,281700.0
431,2021-10-17 03:39:25,7210.0,100.0,281500.0
432,2021-10-17 03:39:21,7200.0,600.0,281400.0
433,2021-10-17 03:39:19,7200.0,200.0,280800.0
434,2021-10-17 03:39:19,7200.0,200.0,280600.0
435,2021-10-17 03:39:13,7210.0,100.0,280400.0
436,2021-10-17 03:38:46,7210.0,2600.0,280300.0
437,2021-10-17 03:37:38,7220.0,100.0,277700.0
438,2021-10-17 03:37:21,7210.0,400.0,277600.0
439,2021-10-17 03:37:21,7210.0,1000.0,277200.0
440,2021-10-17 03:37:21,7210.0,200.0,276200.0
441,2021-10-17 03:37:21,7210.0,1000.0,276000.0
442,2021-10-17 03:37:21,7210.0,400.0,275000.0
443,2021-10-17 03:37:05,7220.0,100.0,274600.0
444,2021-10-17 03:36:28,7210.0,2600.0,274500.0
445,2021-10-17 03:36:28,7210.0,1000.0,271900.0
446,2021-10-17 03:36:28,7210.0,1000.0,270900.0
447,2021-10-17 03:36:28,7220.0,100.0,269900.0
448,2021-10-17 03:36:28,7220.0,4500.0,269800.0
449,2021-10-17 03:36:28,7220.0,3000.0,265300.0
450,2021-10-17 03:36:28,7220.0,100.0,262300.0
451,2021-10-17 03:36:28,7220.0,100.0,262200.0
452,2021-10-17 03:36:28,7220.0,1000.0,262100.0
453,2021-10-17 03:36:28,7220.0,600.0,261100.0
454,2021-10-17 03:32:57,7230.0,2000.0,260500.0
455,2021-10-17 03:32:25,7230.0,100.0,258500.0
456,2021-10-17 03:32:12,7220.0,100.0,258400.0
457,2021-10-17 03:29:47,7230.0,800.0,258300.0
458,2021-10-17 03:29:47,7230.0,400.0,257500.0
459,2021-10-17 03:29:47,7230.0,500.0,257100.0
460,2021-10-17 03:29:47,7230.0,300.0,256600.0
461,2021-10-17 03:29:47,7230.0,2000.0,256300.0
462,2021-10-17 03:29:47,7230.0,1000.0,254300.0
463,2021-10-17 03:23:36,7230.0,200.0,253300.0
464,2021-10-17 03:23:36,7230.0,1800.0,253100.0
465,2021-10-17 03:23:13,7230.0,100.0,251300.0
466,2021-10-17 03:23:09,7220.0,200.0,251200.0
467,2021-10-17 03:23:07,7230.0,100.0,251000.0
468,2021-10-17 03:22:49,7220.0,100.0,250900.0
469,2021-10-17 03:22:49,7220.0,1900.0,250800.0
470,2021-10-17 03:21:25,7240.0,100.0,248900.0
471,2021-10-17 03:21:25,7230.0,200.0,248800.0
472,2021-10-17 03:21:25,7230.0,100.0,248600.0
473,2021-10-17 03:21:03,7230.0,400.0,248500.0
474,2021-10-17 03:20:13,7230.0,3000.0,248100.0
475,2021-10-17 03:20:11,7240.0,100.0,245100.0
476,2021-10-17 03:20:01,7230.0,2600.0,245000.0
477,2021-10-17 03:18:31,7240.0,100.0,242400.0
478,2021-10-17 03:17:54,7230.0,4300.0,242300.0
479,2021-10-17 03:17:44,7240.0,100.0,238000.0
480,2021-10-17 03:17:26,7230.0,3000.0,237900.0
481,2021-10-17 03:17:26,7230.0,2900.0,234900.0
482,2021-10-17 03:17:26,7230.0,100.0,232000.0
483,2021-10-17 03:17:26,7230.0,800.0,231900.0
484,2021-10-17 03:17:26,7230.0,100.0,231100.0
485,2021-10-17 03:17:26,7230.0,600.0,231000.0
486,2021-10-17 03:15:31,7230.0,100.0,230400.0
487,2021-10-17 03:15:24,7220.0,300.0,230300.0
488,2021-10-17 03:15:15,7230.0,100.0,230000.0
489,2021-10-17 03:15:04,7220.0,1800.0,229900.0
490,2021-10-17 03:15:04,7220.0,200.0,228100.0
491,2021-10-17 03:15:04,7220.0,1000.0,227900.0
492,2021-10-17 03:14:28,7230.0,200.0,226900.0
493,2021-10-17 03:14:19,7230.0,100.0,226700.0
494,2021-10-17 03:13:35,7230.0,100.0,226600.0
495,2021-10-17 03:12:58,7230.0,500.0,226500.0
496,2021-10-17 03:12:58,7230.0,100.0,226000.0
497,2021-10-17 03:12:58,7230.0,1000.0,225900.0
498,2021-10-17 03:12:58,7230.0,200.0,224900.0
499,2021-10-17 03:12:39,7240.0,200.0,224700.0
500,2021-10-17 03:12:01,7230.0,300.0,224500.0
501,2021-10-17 03:12:01,7230.0,300.0,224200.0
502,2021-10-17 03:08:08,7240.0,100.0,223900.0
503,2021-10-17 03:07:08,7240.0,1000.0,223800.0
504,2021-10-17 03:07:07,7230.0,1000.0,222800.0
505,2021-10-17 03:06:48,7240.0,100.0,221800.0
506,2021-10-17 03:06:38,7240.0,100.0,221700.0
507,2021-10-17 03:06:06,7230.0,100.0,221600.0
508,2021-10-17 03:06:06,7240.0,900.0,221500.0
509,2021-10-17 03:05:40,7250.0,900.0,220600.0
510,2021-10-17 03:05:40,7250.0,200.0,219700.0
511,2021-10-17 03:05:40,7250.0,1600.0,219500.0
512,2021-10-17 03:05:20,7250.0,100.0,217900.0
513,2021-10-17 03:05:11,7240.0,1100.0,217800.0
514,2021-10-17 03:05:11,7240.0,7000.0,216700.0
515,2021-10-17 03:05:11,7240.0,1400.0,209700.0
516,2021-10-17 03:05:04,7240.0,100.0,208300.0
517,2021-10-17 03:04:39,7240.0,1000.0,208200.0
518,2021-10-17 03:00:39,7250.0,3300.0,207200.0
519,2021-10-17 03:00:39,7250.0,500.0,203900.0
520,2021-10-17 03:00:39,7250.0,200.0,203400.0
521,2021-10-17 02:58:45,7250.0,100.0,203200.0
522,2021-10-17 02:58:19,7240.0,4000.0,203100.0
523,2021-10-17 02:56:53,7250.0,100.0,199100.0
524,2021-10-17 02:56:50,7240.0,500.0,199000.0
525,2021-10-17 02:56:46,7240.0,100.0,198500.0
526,2021-10-17 02:56:46,7240.0,300.0,198400.0
527,2021-10-17 02:56:46,7240.0,900.0,198100.0
528,2021-10-17 02:56:44,7230.0,300.0,197200.0
529,2021-10-17 02:56:38,7230.0,100.0,196900.0
530,2021-10-17 02:56:28,7240.0,7000.0,196800.0
531,2021-10-17 02:56:06,7240.0,100.0,189800.0
532,2021-10-17 02:56:03,7230.0,200.0,189700.0
533,2021-10-17 02:54:54,7230.0,500.0,189500.0
534,2021-10-17 02:54:35,7220.0,400.0,189000.0
535,2021-10-17 02:54:35,7220.0,100.0,188600.0
536,2021-10-17 02:54:35,7220.0,100.0,188500.0
537,2021-10-17 02:54:35,7220.0,100.0,188400.0
538,2021-10-17 02:54:35,7220.0,200.0,188300.0
539,2021-10-17 02:54:35,7220.0,200.0,188100.0
540,2021-10-17 02:54:35,7220.0,200.0,187900.0
541,2021-10-17 02:54:35,7220.0,100.0,187700.0
542,2021-10-17 02:54:35,7220.0,100.0,187600.0
543,2021-10-17 02:52:52,7250.0,200.0,187500.0
544,2021-10-17 02:52:52,7240.0,100.0,187300.0
545,2021-10-17 02:50:08,7250.0,400.0,187200.0
546,2021-10-17 02:49:52,7250.0,2000.0,186800.0
547,2021-10-17 02:49:35,7250.0,100.0,184800.0
548,2021-10-17 02:49:35,7250.0,200.0,184700.0
549,2021-10-17 02:49:35,7250.0,2000.0,184500.0
550,2021-10-17 02:49:35,7250.0,300.0,182500.0
551,2021-10-17 02:46:40,7240.0,400.0,182200.0
552,2021-10-17 02:45:15,7240.0,2000.0,181800.0
553,2021-10-17 02:45:15,7240.0,500.0,179800.0
554,2021-10-17 02:45:15,7240.0,200.0,179300.0
555,2021-10-17 02:45:01,7240.0,200.0,179100.0
556,2021-10-17 02:44:03,7250.0,200.0,178900.0
557,2021-10-17 02:43:43,7250.0,800.0,178700.0
558,2021-10-17 02:41:46,7260.0,4200.0,177900.0
559,2021-10-17 02:41:46,7250.0,300.0,173700.0
560,2021-10-17 02:41:46,7250.0,500.0,173400.0
561,2021-10-17 02:39:29,7250.0,100.0,172900.0
562,2021-10-17 02:39:22,7250.0,100.0,172800.0
563,2021-10-17 02:39:08,7240.0,300.0,172700.0
564,2021-10-17 02:38:56,7240.0,5000.0,172400.0
565,2021-10-17 02:38:54,7240.0,100.0,167400.0
566,2021-10-17 02:38:54,7240.0,700.0,167300.0
567,2021-10-17 02:38:21,7240.0,100.0,166600.0
568,2021-10-17 02:36:55,7240.0,200.0,166500.0
569,2021-10-17 02:36:13,7200.0,300.0,166300.0
570,2021-10-17 02:36:13,7210.0,1900.0,166000.0
571,2021-10-17 02:36:13,7220.0,1000.0,164100.0
572,2021-10-17 02:36:13,7230.0,200.0,163100.0
573,2021-10-17 02:36:13,7240.0,100.0,162900.0
574,2021-10-17 02:36:13,7240.0,500.0,162800.0
575,2021-10-17 02:35:28,7260.0,600.0,162300.0
576,2021-10-17 02:35:28,7260.0,600.0,161700.0
577,2021-10-17 02:35:28,7260.0,1000.0,161100.0
578,2021-10-17 02:35:28,7260.0,500.0,160100.0
579,2021-10-17 02:35:08,7260.0,5000.0,159600.0
580,2021-10-17 02:34:54,7260.0,10000.0,154600.0
581,2021-10-17 02:33:54,7260.0,1000.0,144600.0
582,2021-10-17 02:33:30,7260.0,100.0,143600.0
583,2021-10-17 02:32:58,7280.0,100.0,143500.0
584,2021-10-17 02:32:50,7250.0,2000.0,143400.0
585,2021-10-17 02:32:50,7250.0,300.0,141400.0
586,2021-10-17 02:32:50,7250.0,1100.0,141100.0
587,2021-10-17 02:31:57,7250.0,3000.0,140000.0
588,2021-10-17 02:31:57,7250.0,500.0,137000.0
589,2021-10-17 02:31:57,7250.0,400.0,136500.0
590,2021-10-17 02:31:43,7290.0,1000.0,136100.0
591,2021-10-17 02:31:13,7290.0,1000.0,135100.0
592,2021-10-17 02:30:38,7250.0,100.0,134100.0
593,2021-10-17 02:30:35,7290.0,3600.0,134000.0
594,2021-10-17 02:30:35,7280.0,500.0,130400.0
595,2021-10-17 02:29:12,7290.0,500.0,129900.0
596,2021-10-17 02:29:12,7280.0,500.0,129400.0
597,2021-10-17 02:28:18,7290.0,800.0,128900.0
598,2021-10-17 02:28:18,7290.0,1400.0,128100.0
599,2021-10-17 02:27:59,7290.0,600.0,126700.0
600,2021-10-17 02:27:59,7290.0,800.0,126100.0
601,2021-10-17 02:27:59,7280.0,500.0,125300.0
602,2021-10-17 02:27:45,7290.0,100.0,124800.0
603,2021-10-17 02:27:41,7290.0,2000.0,124700.0
604,2021-10-17 02:27:41,7290.0,500.0,122700.0
605,2021-10-17 02:27:41,7290.0,1400.0,122200.0
606,2021-10-17 02:27:25,7290.0,1000.0,120800.0
607,2021-10-17 02:27:13,7290.0,2000.0,119800.0
608,2021-10-17 02:27:08,7290.0,3000.0,117800.0
609,2021-10-17 02:27:04,7280.0,3000.0,114800.0
610,2021-10-17 02:27:03,7290.0,2000.0,111800.0
611,2021-10-17 02:27:03,7290.0,1000.0,109800.0
612,2021-10-17 02:27:03,7290.0,1000.0,108800.0
613,2021-10-17 02:27:03,7290.0,1000.0,107800.0
614,2021-10-17 02:27:01,7280.0,3000.0,106800.0
615,2021-10-17 02:26:51,7280.0,800.0,103800.0
616,2021-10-17 02:25:54,7300.0,1200.0,103000.0
617,2021-10-17 02:25:54,7290.0,1000.0,101800.0
618,2021-10-17 02:25:54,7260.0,1900.0,100800.0
619,2021-10-17 02:25:43,7260.0,1000.0,98900.0
620,2021-10-17 02:25:42,7260.0,10000.0,97900.0
621,2021-10-17 02:25:42,7270.0,2000.0,87900.0
622,2021-10-17 02:25:42,7270.0,100.0,85900.0
623,2021-10-17 02:25:34,7280.0,300.0,85800.0
624,2021-10-17 02:25:34,7280.0,500.0,85500.0
625,2021-10-17 02:24:14,7300.0,600.0,85000.0
626,2021-10-17 02:24:14,7300.0,100.0,84400.0
627,2021-10-17 02:23:45,7300.0,2900.0,84300.0
628,2021-10-17 02:23:45,7300.0,1100.0,81400.0
629,2021-10-17 02:23:41,7300.0,100.0,80300.0
630,2021-10-17 02:23:35,7300.0,600.0,80200.0
631,2021-10-17 02:23:27,7300.0,1100.0,79600.0
632,2021-10-17 02:23:11,7300.0,7500.0,78500.0
633,2021-10-17 02:23:11,7300.0,200.0,71000.0
634,2021-10-17 02:23:11,7300.0,100.0,70800.0
635,2021-10-17 02:23:11,7300.0,200.0,70700.0
636,2021-10-17 02:23:11,7300.0,100.0,70500.0
637,2021-10-17 02:23:11,7300.0,500.0,70400.0
638,2021-10-17 02:23:11,7300.0,300.0,69900.0
639,2021-10-17 02:23:11,7300.0,5000.0,69600.0
640,2021-10-17 02:23:11,7290.0,3000.0,64600.0
641,2021-10-17 02:23:11,7290.0,100.0,61600.0
642,2021-10-17 02:23:11,7290.0,900.0,61500.0
643,2021-10-17 02:23:11,7290.0,800.0,60600.0
644,2021-10-17 02:23:11,7290.0,100.0,59800.0
645,2021-10-17 02:23:11,7290.0,100.0,59700.0
646,2021-10-17 02:23:09,7280.0,100.0,59600.0
647,2021-10-17 02:23:01,7280.0,900.0,59500.0
648,2021-10-17 02:23:00,7280.0,500.0,58600.0
649,2021-10-17 02:23:00,7280.0,100.0,58100.0
650,2021-10-17 02:23:00,7280.0,500.0,58000.0
651,2021-10-17 02:22:52,7280.0,300.0,57500.0
652,2021-10-17 02:22:45,7280.0,700.0,57200.0
653,2021-10-17 02:22:35,7280.0,100.0,56500.0
654,2021-10-17 02:22:28,7270.0,1000.0,56400.0
655,2021-10-17 02:22:23,7270.0,100.0,55400.0
656,2021-10-17 02:22:23,7270.0,200.0,55300.0
657,2021-10-17 02:22:23,7270.0,800.0,55100.0
658,2021-10-17 02:22:23,7270.0,200.0,54300.0
659,2021-10-17 02:22:19,7270.0,100.0,54100.0
660,2021-10-17 02:22:19,7270.0,400.0,54000.0
661,2021-10-17 02:22:17,7260.0,1400.0,53600.0
662,2021-10-17 02:22:09,7260.0,2500.0,52200.0
663,2021-10-17 02:22:01,7260.0,700.0,49700.0
664,2021-10-17 02:22:01,7260.0,100.0,49000.0
665,2021-10-17 02:22:01,7260.0,100.0,48900.0
666,2021-10-17 02:22:01,7260.0,200.0,48800.0
667,2021-10-17 02:22:01,7260.0,500.0,48600.0
668,2021-10-17 02:22:01,7260.0,3700.0,48100.0
669,2021-10-17 02:22:01,7250.0,100.0,44400.0
670,2021-10-17 02:22:01,7250.0,900.0,44300.0
671,2021-10-17 02:21:55,7250.0,100.0,43400.0
672,2021-10-17 02:21:55,7250.0,900.0,43300.0
673,2021-10-17 02:21:01,7240.0,500.0,42400.0
674,2021-10-17 02:20:36,7240.0,1000.0,41900.0
675,2021-10-17 02:20:17,7240.0,100.0,40900.0
676,2021-10-17 02:19:33,7210.0,2100.0,40800.0
677,2021-10-17 02:19:33,7210.0,1000.0,38700.0
678,2021-10-17 02:19:33,7210.0,3000.0,37700.0
679,2021-10-17 02:19:33,7220.0,4000.0,34700.0
680,2021-10-17 02:19:27,7240.0,500.0,30700.0
681,2021-10-17 02:19:27,7240.0,200.0,30200.0
682,2021-10-17 02:19:27,7240.0,100.0,30000.0
683,2021-10-17 02:19:27,7240.0,100.0,29900.0
684,2021-10-17 02:19:24,7240.0,2000.0,29800.0
685,2021-10-17 02:19:14,7240.0,100.0,27800.0
686,2021-10-17 02:17:43,7240.0,200.0,27700.0
687,2021-10-17 02:16:45,7260.0,4300.0,27500.0
688,2021-10-17 02:16:45,7260.0,1000.0,23200.0
689,2021-10-17 02:16:45,7250.0,1000.0,22200.0
690,2021-10-17 02:16:45,7250.0,700.0,21200.0
691,2021-10-17 02:16:16,7250.0,300.0,20500.0
692,2021-10-17 02:16:16,7260.0,4000.0,20200.0
693,2021-10-17 02:16:16,7260.0,1000.0,16200.0
694,2021-10-17 02:15:26,7260.0,100.0,15200.0
695,2021-10-17 02:15:00,7200.0,100.0,15100.0
696,2021-10-17 02:15:00,7200.0,500.0,15000.0
697,2021-10-17 02:15:00,7200.0,700.0,14500.0
698,2021-10-17 02:15:00,7200.0,1200.0,13800.0
699,2021-10-17 02:15:00,7200.0,5000.0,12600.0
700,2021-10-17 02:15:00,7200.0,900.0,7600.0
701,2021-10-17 02:15:00,7200.0,1000.0,6700.0
702,2021-10-17 02:15:00,7200.0,200.0,5700.0
703,2021-10-17 02:15:00,7200.0,1700.0,5500.0
704,2021-10-17 02:15:00,7200.0,300.0,3800.0
705,2021-10-17 02:15:00,7200.0,700.0,3500.0
706,2021-10-17 02:15:00,7200.0,700.0,2800.0
707,2021-10-17 02:15:00,7200.0,1100.0,2100.0
708,2021-10-17 02:15:00,7200.0,500.0,1000.0
709,2021-10-17 02:15:00,7200.0,500.0,500.0
