,Time,Price,Volume_per_trade,Volume
0,2021-09-30 14:45:01,6700.0,100.0,366300.0
1,2021-09-30 14:45:01,6700.0,1700.0,366200.0
2,2021-09-30 14:45:01,6700.0,300.0,364500.0
3,2021-09-30 14:45:01,6700.0,900.0,364200.0
4,2021-09-30 14:45:01,6700.0,1200.0,363300.0
5,2021-09-30 14:45:01,6700.0,200.0,362100.0
6,2021-09-30 14:45:01,6700.0,100.0,361900.0
7,2021-09-30 14:45:01,6700.0,100.0,361800.0
8,2021-09-30 14:28:48,6710.0,100.0,361700.0
9,2021-09-30 14:28:41,6700.0,100.0,361600.0
10,2021-09-30 14:28:41,6700.0,300.0,361500.0
11,2021-09-30 14:28:36,6710.0,100.0,361200.0
12,2021-09-30 14:27:45,6700.0,300.0,361100.0
13,2021-09-30 14:23:05,6710.0,100.0,360800.0
14,2021-09-30 14:22:35,6700.0,200.0,360700.0
15,2021-09-30 14:21:44,6710.0,100.0,360500.0
16,2021-09-30 14:21:26,6700.0,200.0,360400.0
17,2021-09-30 14:21:26,6700.0,800.0,360200.0
18,2021-09-30 14:20:55,6720.0,100.0,359400.0
19,2021-09-30 14:20:49,6710.0,2100.0,359300.0
20,2021-09-30 14:20:22,6710.0,2000.0,357200.0
21,2021-09-30 14:20:22,6710.0,900.0,355200.0
22,2021-09-30 14:20:17,6710.0,100.0,354300.0
23,2021-09-30 14:19:45,6700.0,200.0,354200.0
24,2021-09-30 14:19:45,6700.0,100.0,354000.0
25,2021-09-30 14:19:45,6700.0,1700.0,353900.0
26,2021-09-30 14:18:30,6710.0,1000.0,352200.0
27,2021-09-30 14:18:09,6700.0,800.0,351200.0
28,2021-09-30 14:18:09,6700.0,1000.0,350400.0
29,2021-09-30 14:18:09,6700.0,200.0,349400.0
30,2021-09-30 14:13:46,6710.0,100.0,349200.0
31,2021-09-30 14:13:38,6700.0,2000.0,349100.0
32,2021-09-30 14:13:01,6710.0,100.0,347100.0
33,2021-09-30 14:12:48,6700.0,2000.0,347000.0
34,2021-09-30 14:06:02,6720.0,100.0,345000.0
35,2021-09-30 14:04:50,6720.0,300.0,344900.0
36,2021-09-30 14:02:21,6720.0,2700.0,344600.0
37,2021-09-30 14:01:41,6720.0,100.0,341900.0
38,2021-09-30 14:01:41,6710.0,100.0,341800.0
39,2021-09-30 14:01:13,6710.0,500.0,341700.0
40,2021-09-30 13:58:52,6710.0,100.0,341200.0
41,2021-09-30 13:58:11,6700.0,100.0,341100.0
42,2021-09-30 13:55:41,6710.0,100.0,341000.0
43,2021-09-30 13:54:09,6700.0,600.0,340900.0
44,2021-09-30 13:51:26,6720.0,100.0,340300.0
45,2021-09-30 13:51:26,6710.0,100.0,340200.0
46,2021-09-30 13:51:26,6710.0,300.0,340100.0
47,2021-09-30 13:51:10,6710.0,100.0,339800.0
48,2021-09-30 13:50:43,6700.0,300.0,339700.0
49,2021-09-30 13:50:43,6700.0,100.0,339400.0
50,2021-09-30 13:50:43,6700.0,20500.0,339300.0
51,2021-09-30 13:50:43,6700.0,2000.0,318800.0
52,2021-09-30 13:50:43,6700.0,1600.0,316800.0
53,2021-09-30 13:50:43,6690.0,500.0,315200.0
54,2021-09-30 13:50:43,6690.0,5200.0,314700.0
55,2021-09-30 13:50:43,6690.0,1900.0,309500.0
56,2021-09-30 13:50:43,6690.0,800.0,307600.0
57,2021-09-30 13:49:51,6690.0,100.0,306800.0
58,2021-09-30 13:49:31,6690.0,200.0,306700.0
59,2021-09-30 13:49:22,6690.0,200.0,306500.0
60,2021-09-30 13:46:38,6690.0,100.0,306300.0
61,2021-09-30 13:45:53,6690.0,100.0,306200.0
62,2021-09-30 13:41:33,6690.0,800.0,306100.0
63,2021-09-30 13:41:20,6690.0,200.0,305300.0
64,2021-09-30 13:37:20,6680.0,300.0,305100.0
65,2021-09-30 13:37:20,6680.0,9200.0,304800.0
66,2021-09-30 13:37:10,6680.0,200.0,295600.0
67,2021-09-30 13:36:54,6680.0,100.0,295400.0
68,2021-09-30 13:35:53,6680.0,500.0,295300.0
69,2021-09-30 13:35:23,6680.0,200.0,294800.0
70,2021-09-30 13:33:04,6680.0,1000.0,294600.0
71,2021-09-30 13:32:45,6680.0,1000.0,293600.0
72,2021-09-30 13:29:30,6680.0,500.0,292600.0
73,2021-09-30 13:29:04,6680.0,800.0,292100.0
74,2021-09-30 13:24:34,6680.0,400.0,291300.0
75,2021-09-30 13:23:13,6680.0,200.0,290900.0
76,2021-09-30 13:23:13,6680.0,1000.0,290700.0
77,2021-09-30 13:23:13,6680.0,400.0,289700.0
78,2021-09-30 13:21:46,6680.0,200.0,289300.0
79,2021-09-30 13:21:46,6680.0,400.0,289100.0
80,2021-09-30 13:21:33,6680.0,200.0,288700.0
81,2021-09-30 13:21:33,6680.0,200.0,288500.0
82,2021-09-30 13:21:33,6680.0,100.0,288300.0
83,2021-09-30 13:21:33,6680.0,400.0,288200.0
84,2021-09-30 13:21:33,6680.0,1000.0,287800.0
85,2021-09-30 13:21:33,6680.0,500.0,286800.0
86,2021-09-30 13:21:33,6680.0,400.0,286300.0
87,2021-09-30 13:21:33,6680.0,300.0,285900.0
88,2021-09-30 13:21:33,6680.0,600.0,285600.0
89,2021-09-30 13:21:13,6680.0,1400.0,285000.0
90,2021-09-30 13:21:12,6690.0,100.0,283600.0
91,2021-09-30 13:20:49,6690.0,1000.0,283500.0
92,2021-09-30 13:20:49,6690.0,2500.0,282500.0
93,2021-09-30 13:19:04,6700.0,100.0,280000.0
94,2021-09-30 13:18:57,6690.0,3700.0,279900.0
95,2021-09-30 13:18:55,6690.0,2300.0,276200.0
96,2021-09-30 13:18:46,6690.0,3300.0,273900.0
97,2021-09-30 13:16:35,6700.0,100.0,270600.0
98,2021-09-30 13:16:09,6700.0,100.0,270500.0
99,2021-09-30 13:16:02,6700.0,100.0,270400.0
100,2021-09-30 13:15:39,6700.0,2000.0,270300.0
101,2021-09-30 13:14:37,6700.0,200.0,268300.0
102,2021-09-30 13:14:37,6700.0,800.0,268100.0
103,2021-09-30 13:14:08,6700.0,400.0,267300.0
104,2021-09-30 13:12:20,6710.0,100.0,266900.0
105,2021-09-30 13:08:46,6710.0,100.0,266800.0
106,2021-09-30 13:08:31,6700.0,100.0,266700.0
107,2021-09-30 13:08:31,6700.0,100.0,266600.0
108,2021-09-30 13:05:42,6710.0,500.0,266500.0
109,2021-09-30 13:05:42,6710.0,5000.0,266000.0
110,2021-09-30 13:05:42,6710.0,1400.0,261000.0
111,2021-09-30 13:00:01,6710.0,200.0,259600.0
112,2021-09-30 11:29:17,6710.0,100.0,259400.0
113,2021-09-30 11:29:03,6690.0,800.0,259300.0
114,2021-09-30 11:29:03,6690.0,1000.0,258500.0
115,2021-09-30 11:26:33,6710.0,100.0,257500.0
116,2021-09-30 11:26:01,6690.0,3000.0,257400.0
117,2021-09-30 11:26:01,6690.0,2100.0,254400.0
118,2021-09-30 11:25:14,6710.0,100.0,252300.0
119,2021-09-30 11:25:09,6690.0,100.0,252200.0
120,2021-09-30 11:24:58,6710.0,100.0,252100.0
121,2021-09-30 11:24:48,6690.0,700.0,252000.0
122,2021-09-30 11:24:42,6710.0,100.0,251300.0
123,2021-09-30 11:24:31,6690.0,100.0,251200.0
124,2021-09-30 11:24:08,6690.0,1000.0,251100.0
125,2021-09-30 11:23:28,6710.0,100.0,250100.0
126,2021-09-30 11:23:28,6700.0,3000.0,250000.0
127,2021-09-30 11:22:42,6700.0,100.0,247000.0
128,2021-09-30 11:22:25,6700.0,600.0,246900.0
129,2021-09-30 11:22:22,6700.0,100.0,246300.0
130,2021-09-30 11:22:11,6690.0,400.0,246200.0
131,2021-09-30 11:22:11,6690.0,800.0,245800.0
132,2021-09-30 11:22:11,6690.0,100.0,245000.0
133,2021-09-30 11:22:11,6690.0,400.0,244900.0
134,2021-09-30 11:22:11,6690.0,200.0,244500.0
135,2021-09-30 11:22:11,6690.0,500.0,244300.0
136,2021-09-30 11:22:11,6690.0,1000.0,243800.0
137,2021-09-30 11:22:11,6690.0,400.0,242800.0
138,2021-09-30 11:22:11,6690.0,100.0,242400.0
139,2021-09-30 11:22:11,6690.0,100.0,242300.0
140,2021-09-30 11:22:04,6700.0,6000.0,242200.0
141,2021-09-30 11:22:04,6700.0,1000.0,236200.0
142,2021-09-30 11:20:25,6700.0,500.0,235200.0
143,2021-09-30 11:20:17,6700.0,100.0,234700.0
144,2021-09-30 11:20:13,6700.0,400.0,234600.0
145,2021-09-30 11:20:13,6700.0,100.0,234200.0
146,2021-09-30 11:20:13,6700.0,900.0,234100.0
147,2021-09-30 11:15:40,6710.0,500.0,233200.0
148,2021-09-30 11:15:06,6710.0,100.0,232700.0
149,2021-09-30 11:14:55,6700.0,100.0,232600.0
150,2021-09-30 11:14:55,6700.0,100.0,232500.0
151,2021-09-30 11:14:55,6700.0,1200.0,232400.0
152,2021-09-30 11:13:40,6710.0,100.0,231200.0
153,2021-09-30 11:13:23,6710.0,100.0,231100.0
154,2021-09-30 11:13:17,6700.0,100.0,231000.0
155,2021-09-30 11:12:24,6710.0,100.0,230900.0
156,2021-09-30 11:12:19,6700.0,3700.0,230800.0
157,2021-09-30 11:12:19,6700.0,500.0,227100.0
158,2021-09-30 11:12:19,6700.0,700.0,226600.0
159,2021-09-30 11:12:19,6700.0,100.0,225900.0
160,2021-09-30 11:12:16,6710.0,100.0,225800.0
161,2021-09-30 11:12:08,6700.0,300.0,225700.0
162,2021-09-30 11:10:47,6710.0,100.0,225400.0
163,2021-09-30 11:10:33,6710.0,100.0,225300.0
164,2021-09-30 11:09:55,6710.0,400.0,225200.0
165,2021-09-30 11:09:21,6710.0,200.0,224800.0
166,2021-09-30 11:09:21,6710.0,200.0,224600.0
167,2021-09-30 11:09:21,6710.0,800.0,224400.0
168,2021-09-30 11:08:18,6720.0,100.0,223600.0
169,2021-09-30 11:08:08,6710.0,100.0,223500.0
170,2021-09-30 11:08:02,6720.0,100.0,223400.0
171,2021-09-30 11:07:54,6710.0,100.0,223300.0
172,2021-09-30 11:04:20,6730.0,100.0,223200.0
173,2021-09-30 11:03:26,6720.0,100.0,223100.0
174,2021-09-30 10:53:46,6730.0,100.0,223000.0
175,2021-09-30 10:53:34,6720.0,300.0,222900.0
176,2021-09-30 10:53:34,6720.0,4300.0,222600.0
177,2021-09-30 10:53:18,6720.0,200.0,218300.0
178,2021-09-30 10:51:07,6740.0,100.0,218100.0
179,2021-09-30 10:51:07,6730.0,100.0,218000.0
180,2021-09-30 10:51:00,6720.0,5000.0,217900.0
181,2021-09-30 10:48:08,6740.0,100.0,212900.0
182,2021-09-30 10:47:51,6710.0,100.0,212800.0
183,2021-09-30 10:45:19,6750.0,500.0,212700.0
184,2021-09-30 10:45:19,6740.0,500.0,212200.0
185,2021-09-30 10:45:10,6740.0,100.0,211700.0
186,2021-09-30 10:45:10,6730.0,400.0,211600.0
187,2021-09-30 10:44:23,6730.0,100.0,211200.0
188,2021-09-30 10:40:25,6750.0,100.0,211100.0
189,2021-09-30 10:40:25,6740.0,200.0,211000.0
190,2021-09-30 10:40:25,6730.0,100.0,210800.0
191,2021-09-30 10:40:25,6730.0,100.0,210700.0
192,2021-09-30 10:40:07,6730.0,100.0,210600.0
193,2021-09-30 10:40:07,6720.0,1000.0,210500.0
194,2021-09-30 10:40:07,6720.0,2000.0,209500.0
195,2021-09-30 10:40:07,6720.0,100.0,207500.0
196,2021-09-30 10:40:07,6720.0,100.0,207400.0
197,2021-09-30 10:40:07,6720.0,1000.0,207300.0
198,2021-09-30 10:40:07,6720.0,100.0,206300.0
199,2021-09-30 10:40:07,6720.0,2000.0,206200.0
200,2021-09-30 10:40:07,6720.0,1000.0,204200.0
201,2021-09-30 10:40:07,6720.0,200.0,203200.0
202,2021-09-30 10:40:07,6720.0,100.0,203000.0
203,2021-09-30 10:40:07,6720.0,1300.0,202900.0
204,2021-09-30 10:40:00,6710.0,12200.0,201600.0
205,2021-09-30 10:39:24,6720.0,100.0,189400.0
206,2021-09-30 10:39:03,6720.0,100.0,189300.0
207,2021-09-30 10:38:31,6720.0,100.0,189200.0
208,2021-09-30 10:37:53,6720.0,100.0,189100.0
209,2021-09-30 10:37:48,6720.0,3000.0,189000.0
210,2021-09-30 10:37:33,6720.0,100.0,186000.0
211,2021-09-30 10:37:20,6720.0,1000.0,185900.0
212,2021-09-30 10:36:49,6720.0,100.0,184900.0
213,2021-09-30 10:36:41,6710.0,5000.0,184800.0
214,2021-09-30 10:36:41,6710.0,2600.0,179800.0
215,2021-09-30 10:36:41,6710.0,2000.0,177200.0
216,2021-09-30 10:36:41,6710.0,1200.0,175200.0
217,2021-09-30 10:36:41,6710.0,900.0,174000.0
218,2021-09-30 10:35:53,6710.0,4100.0,173100.0
219,2021-09-30 10:35:53,6710.0,100.0,169000.0
220,2021-09-30 10:35:53,6710.0,5000.0,168900.0
221,2021-09-30 10:35:53,6710.0,800.0,163900.0
222,2021-09-30 10:35:48,6700.0,1600.0,163100.0
223,2021-09-30 10:35:32,6710.0,100.0,161500.0
224,2021-09-30 10:35:31,6700.0,3000.0,161400.0
225,2021-09-30 10:35:11,6700.0,2000.0,158400.0
226,2021-09-30 10:24:55,6710.0,200.0,156400.0
227,2021-09-30 10:24:17,6710.0,100.0,156200.0
228,2021-09-30 10:24:17,6710.0,200.0,156100.0
229,2021-09-30 10:22:25,6710.0,100.0,155900.0
230,2021-09-30 10:22:16,6700.0,200.0,155800.0
231,2021-09-30 10:22:08,6700.0,100.0,155600.0
232,2021-09-30 10:19:11,6710.0,200.0,155500.0
233,2021-09-30 10:18:53,6710.0,100.0,155300.0
234,2021-09-30 10:18:39,6700.0,4300.0,155200.0
235,2021-09-30 10:18:19,6700.0,2300.0,150900.0
236,2021-09-30 10:18:19,6700.0,10000.0,148600.0
237,2021-09-30 10:18:19,6700.0,8500.0,138600.0
238,2021-09-30 10:18:19,6700.0,900.0,130100.0
239,2021-09-30 10:16:13,6700.0,100.0,129200.0
240,2021-09-30 10:14:58,6710.0,100.0,129100.0
241,2021-09-30 10:14:49,6700.0,8100.0,129000.0
242,2021-09-30 10:14:27,6710.0,100.0,120900.0
243,2021-09-30 10:13:41,6710.0,100.0,120800.0
244,2021-09-30 10:12:59,6700.0,1900.0,120700.0
245,2021-09-30 10:12:59,6700.0,100.0,118800.0
246,2021-09-30 10:12:21,6710.0,100.0,118700.0
247,2021-09-30 10:10:47,6720.0,100.0,118600.0
248,2021-09-30 10:10:47,6710.0,100.0,118500.0
249,2021-09-30 10:10:28,6710.0,100.0,118400.0
250,2021-09-30 10:10:28,6690.0,200.0,118300.0
251,2021-09-30 10:10:23,6690.0,400.0,118100.0
252,2021-09-30 10:10:19,6710.0,100.0,117700.0
253,2021-09-30 10:10:19,6700.0,1100.0,117600.0
254,2021-09-30 10:09:57,6710.0,3700.0,116500.0
255,2021-09-30 10:08:26,6710.0,1000.0,112800.0
256,2021-09-30 10:07:29,6720.0,2000.0,111800.0
257,2021-09-30 10:06:10,6720.0,100.0,109800.0
258,2021-09-30 10:06:10,6700.0,1000.0,109700.0
259,2021-09-30 10:05:24,6700.0,100.0,108700.0
260,2021-09-30 10:05:24,6700.0,900.0,108600.0
261,2021-09-30 10:04:53,6710.0,100.0,107700.0
262,2021-09-30 10:04:13,6700.0,2100.0,107600.0
263,2021-09-30 09:58:31,6720.0,200.0,105500.0
264,2021-09-30 09:58:31,6720.0,100.0,105300.0
265,2021-09-30 09:58:29,6710.0,200.0,105200.0
266,2021-09-30 09:51:26,6710.0,100.0,105000.0
267,2021-09-30 09:50:17,6710.0,100.0,104900.0
268,2021-09-30 09:46:25,6720.0,100.0,104800.0
269,2021-09-30 09:46:03,6710.0,800.0,104700.0
270,2021-09-30 09:45:38,6710.0,200.0,103900.0
271,2021-09-30 09:45:38,6710.0,6800.0,103700.0
272,2021-09-30 09:45:03,6720.0,100.0,96900.0
273,2021-09-30 09:44:52,6710.0,2800.0,96800.0
274,2021-09-30 09:44:52,6710.0,200.0,94000.0
275,2021-09-30 09:44:52,6710.0,100.0,93800.0
276,2021-09-30 09:44:52,6710.0,100.0,93700.0
277,2021-09-30 09:41:23,6710.0,100.0,93600.0
278,2021-09-30 09:41:23,6690.0,1800.0,93500.0
279,2021-09-30 09:41:00,6690.0,100.0,91700.0
280,2021-09-30 09:41:00,6690.0,100.0,91600.0
281,2021-09-30 09:40:16,6720.0,100.0,91500.0
282,2021-09-30 09:37:12,6720.0,100.0,91400.0
283,2021-09-30 09:37:12,6710.0,900.0,91300.0
284,2021-09-30 09:36:09,6710.0,500.0,90400.0
285,2021-09-30 09:35:14,6710.0,500.0,89900.0
286,2021-09-30 09:33:56,6710.0,100.0,89400.0
287,2021-09-30 09:33:51,6700.0,100.0,89300.0
288,2021-09-30 09:33:46,6700.0,100.0,89200.0
289,2021-09-30 09:33:25,6710.0,500.0,89100.0
290,2021-09-30 09:32:48,6720.0,500.0,88600.0
291,2021-09-30 09:31:16,6720.0,500.0,88100.0
292,2021-09-30 09:29:58,6720.0,100.0,87600.0
293,2021-09-30 09:29:25,6700.0,400.0,87500.0
294,2021-09-30 09:29:25,6700.0,200.0,87100.0
295,2021-09-30 09:29:25,6700.0,4400.0,86900.0
296,2021-09-30 09:29:03,6720.0,100.0,82500.0
297,2021-09-30 09:28:52,6720.0,4500.0,82400.0
298,2021-09-30 09:28:52,6740.0,200.0,77900.0
299,2021-09-30 09:28:18,6740.0,500.0,77700.0
300,2021-09-30 09:27:52,6740.0,4500.0,77200.0
301,2021-09-30 09:27:16,6760.0,100.0,72700.0
302,2021-09-30 09:27:13,6760.0,4700.0,72600.0
303,2021-09-30 09:26:39,6760.0,500.0,67900.0
304,2021-09-30 09:26:32,6760.0,800.0,67400.0
305,2021-09-30 09:26:05,6760.0,200.0,66600.0
306,2021-09-30 09:25:32,6770.0,100.0,66400.0
307,2021-09-30 09:25:32,6770.0,100.0,66300.0
308,2021-09-30 09:25:23,6790.0,100.0,66200.0
309,2021-09-30 09:25:03,6790.0,300.0,66100.0
310,2021-09-30 09:24:23,6790.0,100.0,65800.0
311,2021-09-30 09:24:23,6780.0,300.0,65700.0
312,2021-09-30 09:24:12,6770.0,9000.0,65400.0
313,2021-09-30 09:24:01,6780.0,100.0,56400.0
314,2021-09-30 09:23:52,6770.0,9000.0,56300.0
315,2021-09-30 09:23:30,6780.0,400.0,47300.0
316,2021-09-30 09:23:07,6790.0,200.0,46900.0
317,2021-09-30 09:22:48,6790.0,100.0,46700.0
318,2021-09-30 09:22:39,6770.0,300.0,46600.0
319,2021-09-30 09:22:26,6780.0,500.0,46300.0
320,2021-09-30 09:22:05,6780.0,1000.0,45800.0
321,2021-09-30 09:21:37,6780.0,100.0,44800.0
322,2021-09-30 09:21:30,6770.0,6000.0,44700.0
323,2021-09-30 09:21:18,6780.0,100.0,38700.0
324,2021-09-30 09:21:18,6770.0,100.0,38600.0
325,2021-09-30 09:21:06,6770.0,300.0,38500.0
326,2021-09-30 09:20:41,6760.0,100.0,38200.0
327,2021-09-30 09:20:41,6760.0,200.0,38100.0
328,2021-09-30 09:20:24,6760.0,1000.0,37900.0
329,2021-09-30 09:20:24,6760.0,500.0,36900.0
330,2021-09-30 09:20:24,6750.0,500.0,36400.0
331,2021-09-30 09:20:24,6740.0,100.0,35900.0
332,2021-09-30 09:20:24,6740.0,900.0,35800.0
333,2021-09-30 09:20:17,6740.0,300.0,34900.0
334,2021-09-30 09:20:17,6740.0,300.0,34600.0
335,2021-09-30 09:20:05,6740.0,200.0,34300.0
336,2021-09-30 09:20:05,6730.0,400.0,34100.0
337,2021-09-30 09:19:45,6720.0,1000.0,33700.0
338,2021-09-30 09:19:29,6720.0,200.0,32700.0
339,2021-09-30 09:19:29,6700.0,1000.0,32500.0
340,2021-09-30 09:19:29,6700.0,1000.0,31500.0
341,2021-09-30 09:19:29,6700.0,100.0,30500.0
342,2021-09-30 09:19:29,6690.0,500.0,30400.0
343,2021-09-30 09:19:29,6690.0,400.0,29900.0
344,2021-09-30 09:19:29,6690.0,200.0,29500.0
345,2021-09-30 09:19:29,6680.0,400.0,29300.0
346,2021-09-30 09:19:29,6680.0,200.0,28900.0
347,2021-09-30 09:19:29,6680.0,1000.0,28700.0
348,2021-09-30 09:19:25,6670.0,100.0,27700.0
349,2021-09-30 09:18:56,6670.0,900.0,27600.0
350,2021-09-30 09:18:56,6670.0,400.0,26700.0
351,2021-09-30 09:18:56,6670.0,400.0,26300.0
352,2021-09-30 09:18:56,6670.0,300.0,25900.0
353,2021-09-30 09:18:43,6670.0,1700.0,25600.0
354,2021-09-30 09:18:43,6670.0,300.0,23900.0
355,2021-09-30 09:18:37,6670.0,100.0,23600.0
356,2021-09-30 09:18:30,6660.0,6000.0,23500.0
357,2021-09-30 09:18:22,6660.0,900.0,17500.0
358,2021-09-30 09:18:11,6660.0,400.0,16600.0
359,2021-09-30 09:18:11,6660.0,100.0,16200.0
360,2021-09-30 09:18:07,6650.0,200.0,16100.0
361,2021-09-30 09:18:02,6640.0,2300.0,15900.0
362,2021-09-30 09:17:54,6650.0,100.0,13600.0
363,2021-09-30 09:17:45,6640.0,100.0,13500.0
364,2021-09-30 09:17:45,6640.0,100.0,13400.0
365,2021-09-30 09:17:17,6630.0,2000.0,13300.0
366,2021-09-30 09:17:16,6630.0,1000.0,11300.0
367,2021-09-30 09:16:53,6630.0,100.0,10300.0
368,2021-09-30 09:16:41,6630.0,400.0,10200.0
369,2021-09-30 09:16:41,6630.0,100.0,9800.0
370,2021-09-30 09:16:19,6620.0,200.0,9700.0
371,2021-09-30 09:15:00,6620.0,100.0,9500.0
372,2021-09-30 09:15:00,6620.0,200.0,9400.0
373,2021-09-30 09:15:00,6620.0,100.0,9200.0
374,2021-09-30 09:15:00,6620.0,100.0,9100.0
375,2021-09-30 09:15:00,6620.0,100.0,9000.0
376,2021-09-30 09:15:00,6620.0,200.0,8900.0
377,2021-09-30 09:15:00,6620.0,7700.0,8700.0
378,2021-09-30 09:15:00,6620.0,500.0,1000.0
379,2021-09-30 09:15:00,6620.0,500.0,500.0
