,Time,Price,Volume_per_trade,Volume
0,2021-10-13 07:45:00,7130.0,200.0,1191900.0
1,2021-10-13 07:45:00,7130.0,2000.0,1191700.0
2,2021-10-13 07:45:00,7130.0,3600.0,1189700.0
3,2021-10-13 07:45:00,7130.0,1400.0,1186100.0
4,2021-10-13 07:45:00,7130.0,300.0,1184700.0
5,2021-10-13 07:45:00,7130.0,1300.0,1184400.0
6,2021-10-13 07:45:00,7130.0,300.0,1183100.0
7,2021-10-13 07:45:00,7130.0,1900.0,1182800.0
8,2021-10-13 07:45:00,7130.0,500.0,1180900.0
9,2021-10-13 07:45:00,7130.0,500.0,1180400.0
10,2021-10-13 07:45:00,7130.0,300.0,1179900.0
11,2021-10-13 07:45:00,7130.0,300.0,1179600.0
12,2021-10-13 07:45:00,7130.0,200.0,1179300.0
13,2021-10-13 07:45:00,7130.0,500.0,1179100.0
14,2021-10-13 07:45:00,7130.0,10000.0,1178600.0
15,2021-10-13 07:45:00,7130.0,4000.0,1168600.0
16,2021-10-13 07:45:00,7130.0,100.0,1164600.0
17,2021-10-13 07:45:00,7130.0,100.0,1164500.0
18,2021-10-13 07:45:00,7130.0,500.0,1164400.0
19,2021-10-13 07:45:00,7130.0,400.0,1163900.0
20,2021-10-13 07:45:00,7130.0,1600.0,1163500.0
21,2021-10-13 07:45:00,7130.0,1000.0,1161900.0
22,2021-10-13 07:45:00,7130.0,2000.0,1160900.0
23,2021-10-13 07:45:00,7130.0,100.0,1158900.0
24,2021-10-13 07:45:00,7130.0,200.0,1158800.0
25,2021-10-13 07:29:20,7090.0,1000.0,1158600.0
26,2021-10-13 07:27:35,7090.0,4900.0,1157600.0
27,2021-10-13 07:27:35,7090.0,2000.0,1152700.0
28,2021-10-13 07:27:35,7090.0,200.0,1150700.0
29,2021-10-13 07:27:35,7090.0,1400.0,1150500.0
30,2021-10-13 07:25:23,7090.0,5000.0,1149100.0
31,2021-10-13 07:24:56,7090.0,3600.0,1144100.0
32,2021-10-13 07:24:56,7100.0,200.0,1140500.0
33,2021-10-13 07:24:56,7100.0,100.0,1140300.0
34,2021-10-13 07:22:31,7100.0,100.0,1140200.0
35,2021-10-13 07:22:12,7100.0,400.0,1140100.0
36,2021-10-13 07:22:12,7100.0,100.0,1139700.0
37,2021-10-13 07:22:12,7100.0,300.0,1139600.0
38,2021-10-13 07:22:12,7100.0,200.0,1139300.0
39,2021-10-13 07:21:11,7100.0,800.0,1139100.0
40,2021-10-13 07:21:11,7100.0,100.0,1138300.0
41,2021-10-13 07:21:11,7100.0,4100.0,1138200.0
42,2021-10-13 07:21:07,7100.0,700.0,1134100.0
43,2021-10-13 07:20:44,7100.0,5200.0,1133400.0
44,2021-10-13 07:20:44,7100.0,500.0,1128200.0
45,2021-10-13 07:20:44,7100.0,1000.0,1127700.0
46,2021-10-13 07:20:44,7100.0,1000.0,1126700.0
47,2021-10-13 07:20:44,7100.0,500.0,1125700.0
48,2021-10-13 07:20:44,7100.0,300.0,1125200.0
49,2021-10-13 07:20:41,7100.0,100.0,1124900.0
50,2021-10-13 07:20:24,7110.0,2200.0,1124800.0
51,2021-10-13 07:20:24,7110.0,100.0,1122600.0
52,2021-10-13 07:20:15,7100.0,3000.0,1122500.0
53,2021-10-13 07:19:35,7110.0,500.0,1119500.0
54,2021-10-13 07:19:35,7110.0,500.0,1119000.0
55,2021-10-13 07:19:35,7110.0,400.0,1118500.0
56,2021-10-13 07:19:35,7110.0,200.0,1118100.0
57,2021-10-13 07:19:15,7110.0,1000.0,1117900.0
58,2021-10-13 07:18:31,7110.0,800.0,1116900.0
59,2021-10-13 07:18:31,7110.0,100.0,1116100.0
60,2021-10-13 07:18:31,7110.0,100.0,1116000.0
61,2021-10-13 07:18:15,7110.0,500.0,1115900.0
62,2021-10-13 07:17:58,7130.0,1000.0,1115400.0
63,2021-10-13 07:17:49,7120.0,100.0,1114400.0
64,2021-10-13 07:17:49,7120.0,300.0,1114300.0
65,2021-10-13 07:17:07,7130.0,200.0,1114000.0
66,2021-10-13 07:17:02,7130.0,500.0,1113800.0
67,2021-10-13 07:16:54,7120.0,100.0,1113300.0
68,2021-10-13 07:14:42,7130.0,300.0,1113200.0
69,2021-10-13 07:14:02,7130.0,100.0,1112900.0
70,2021-10-13 07:14:02,7130.0,1000.0,1112800.0
71,2021-10-13 07:13:22,7130.0,600.0,1111800.0
72,2021-10-13 07:12:40,7130.0,2400.0,1111200.0
73,2021-10-13 07:12:40,7130.0,5000.0,1108800.0
74,2021-10-13 07:12:40,7130.0,600.0,1103800.0
75,2021-10-13 07:12:36,7140.0,500.0,1103200.0
76,2021-10-13 07:12:34,7140.0,1000.0,1102700.0
77,2021-10-13 07:12:34,7140.0,2000.0,1101700.0
78,2021-10-13 07:12:34,7140.0,4500.0,1099700.0
79,2021-10-13 07:12:34,7140.0,1000.0,1095200.0
80,2021-10-13 07:12:34,7140.0,1500.0,1094200.0
81,2021-10-13 07:10:24,7140.0,100.0,1092700.0
82,2021-10-13 07:10:24,7140.0,1700.0,1092600.0
83,2021-10-13 07:10:24,7140.0,500.0,1090900.0
84,2021-10-13 07:10:24,7140.0,1200.0,1090400.0
85,2021-10-13 07:09:55,7140.0,1000.0,1089200.0
86,2021-10-13 07:07:00,7150.0,1800.0,1088200.0
87,2021-10-13 07:07:00,7150.0,2000.0,1086400.0
88,2021-10-13 07:07:00,7150.0,900.0,1084400.0
89,2021-10-13 07:06:51,7140.0,800.0,1083500.0
90,2021-10-13 07:06:51,7140.0,1000.0,1082700.0
91,2021-10-13 07:06:51,7140.0,3000.0,1081700.0
92,2021-10-13 07:06:51,7140.0,200.0,1078700.0
93,2021-10-13 07:05:59,7140.0,800.0,1078500.0
94,2021-10-13 07:05:34,7140.0,1500.0,1077700.0
95,2021-10-13 07:05:31,7140.0,200.0,1076200.0
96,2021-10-13 07:05:31,7140.0,1200.0,1076000.0
97,2021-10-13 07:05:10,7140.0,3000.0,1074800.0
98,2021-10-13 07:04:42,7140.0,200.0,1071800.0
99,2021-10-13 07:04:41,7140.0,200.0,1071600.0
100,2021-10-13 07:04:41,7140.0,1000.0,1071400.0
101,2021-10-13 07:04:41,7140.0,400.0,1070400.0
102,2021-10-13 07:04:22,7140.0,600.0,1070000.0
103,2021-10-13 07:04:22,7140.0,1000.0,1069400.0
104,2021-10-13 07:04:22,7140.0,500.0,1068400.0
105,2021-10-13 07:04:22,7140.0,900.0,1067900.0
106,2021-10-13 07:02:40,7140.0,300.0,1067000.0
107,2021-10-13 07:02:40,7140.0,600.0,1066700.0
108,2021-10-13 07:02:40,7140.0,5000.0,1066100.0
109,2021-10-13 07:02:40,7140.0,200.0,1061100.0
110,2021-10-13 07:02:36,7140.0,300.0,1060900.0
111,2021-10-13 07:02:15,7140.0,2000.0,1060600.0
112,2021-10-13 07:01:49,7140.0,100.0,1058600.0
113,2021-10-13 07:01:49,7140.0,200.0,1058500.0
114,2021-10-13 07:01:43,7140.0,500.0,1058300.0
115,2021-10-13 07:01:41,7140.0,100.0,1057800.0
116,2021-10-13 07:01:08,7140.0,400.0,1057700.0
117,2021-10-13 07:01:00,7140.0,200.0,1057300.0
118,2021-10-13 07:00:50,7140.0,500.0,1057100.0
119,2021-10-13 07:00:43,7140.0,100.0,1056600.0
120,2021-10-13 07:00:33,7140.0,100.0,1056500.0
121,2021-10-13 07:00:17,7140.0,100.0,1056400.0
122,2021-10-13 07:00:15,7140.0,300.0,1056300.0
123,2021-10-13 07:00:15,7140.0,100.0,1056000.0
124,2021-10-13 07:00:10,7140.0,100.0,1055900.0
125,2021-10-13 07:00:10,7140.0,100.0,1055800.0
126,2021-10-13 06:59:58,7140.0,500.0,1055700.0
127,2021-10-13 06:59:47,7140.0,400.0,1055200.0
128,2021-10-13 06:59:36,7140.0,100.0,1054800.0
129,2021-10-13 06:59:26,7140.0,300.0,1054700.0
130,2021-10-13 06:59:22,7130.0,100.0,1054400.0
131,2021-10-13 06:59:19,7140.0,300.0,1054300.0
132,2021-10-13 06:58:47,7130.0,700.0,1054000.0
133,2021-10-13 06:57:16,7130.0,300.0,1053300.0
134,2021-10-13 06:57:03,7130.0,1000.0,1053000.0
135,2021-10-13 06:57:02,7130.0,300.0,1052000.0
136,2021-10-13 06:57:02,7130.0,100.0,1051700.0
137,2021-10-13 06:57:02,7130.0,200.0,1051600.0
138,2021-10-13 06:57:02,7130.0,400.0,1051400.0
139,2021-10-13 06:57:02,7120.0,200.0,1051000.0
140,2021-10-13 06:57:02,7120.0,100.0,1050800.0
141,2021-10-13 06:57:02,7120.0,1000.0,1050700.0
142,2021-10-13 06:55:52,7120.0,1000.0,1049700.0
143,2021-10-13 06:55:34,7120.0,4000.0,1048700.0
144,2021-10-13 06:53:41,7100.0,6600.0,1044700.0
145,2021-10-13 06:53:41,7100.0,100.0,1038100.0
146,2021-10-13 06:53:41,7100.0,2000.0,1038000.0
147,2021-10-13 06:53:41,7100.0,2000.0,1036000.0
148,2021-10-13 06:53:41,7100.0,500.0,1034000.0
149,2021-10-13 06:53:41,7110.0,15000.0,1033500.0
150,2021-10-13 06:53:41,7110.0,600.0,1018500.0
151,2021-10-13 06:53:41,7110.0,2000.0,1017900.0
152,2021-10-13 06:53:41,7110.0,800.0,1015900.0
153,2021-10-13 06:53:41,7120.0,700.0,1015100.0
154,2021-10-13 06:53:41,7120.0,200.0,1014400.0
155,2021-10-13 06:53:40,7130.0,100.0,1014200.0
156,2021-10-13 06:53:24,7130.0,200.0,1014100.0
157,2021-10-13 06:53:11,7130.0,300.0,1013900.0
158,2021-10-13 06:53:11,7130.0,100.0,1013600.0
159,2021-10-13 06:52:51,7130.0,1200.0,1013500.0
160,2021-10-13 06:52:37,7130.0,600.0,1012300.0
161,2021-10-13 06:52:26,7130.0,100.0,1011700.0
162,2021-10-13 06:52:05,7130.0,100.0,1011600.0
163,2021-10-13 06:52:05,7130.0,300.0,1011500.0
164,2021-10-13 06:51:54,7130.0,2000.0,1011200.0
165,2021-10-13 06:51:28,7110.0,1000.0,1009200.0
166,2021-10-13 06:51:28,7110.0,600.0,1008200.0
167,2021-10-13 06:51:21,7110.0,200.0,1007600.0
168,2021-10-13 06:49:58,7120.0,100.0,1007400.0
169,2021-10-13 06:49:58,7120.0,300.0,1007300.0
170,2021-10-13 06:48:52,7120.0,100.0,1007000.0
171,2021-10-13 06:48:52,7120.0,1200.0,1006900.0
172,2021-10-13 06:48:52,7120.0,300.0,1005700.0
173,2021-10-13 06:48:29,7120.0,300.0,1005400.0
174,2021-10-13 06:48:29,7120.0,200.0,1005100.0
175,2021-10-13 06:47:07,7130.0,400.0,1004900.0
176,2021-10-13 06:46:59,7130.0,100.0,1004500.0
177,2021-10-13 06:46:50,7130.0,200.0,1004400.0
178,2021-10-13 06:46:01,7120.0,300.0,1004200.0
179,2021-10-13 06:46:01,7120.0,100.0,1003900.0
180,2021-10-13 06:45:31,7130.0,300.0,1003800.0
181,2021-10-13 06:45:13,7130.0,1200.0,1003500.0
182,2021-10-13 06:45:13,7130.0,300.0,1002300.0
183,2021-10-13 06:45:13,7130.0,400.0,1002000.0
184,2021-10-13 06:45:13,7130.0,100.0,1001600.0
185,2021-10-13 06:44:38,7130.0,100.0,1001500.0
186,2021-10-13 06:42:49,7130.0,300.0,1001400.0
187,2021-10-13 06:42:18,7130.0,500.0,1001100.0
188,2021-10-13 06:40:07,7130.0,1000.0,1000600.0
189,2021-10-13 06:40:07,7130.0,1000.0,999600.0
190,2021-10-13 06:40:07,7130.0,500.0,998600.0
191,2021-10-13 06:40:07,7130.0,100.0,998100.0
192,2021-10-13 06:40:07,7130.0,100.0,998000.0
193,2021-10-13 06:40:07,7130.0,200.0,997900.0
194,2021-10-13 06:40:07,7130.0,1000.0,997700.0
195,2021-10-13 06:40:07,7120.0,1000.0,996700.0
196,2021-10-13 06:40:07,7120.0,1000.0,995700.0
197,2021-10-13 06:40:07,7120.0,3000.0,994700.0
198,2021-10-13 06:40:07,7120.0,1000.0,991700.0
199,2021-10-13 06:40:07,7120.0,100.0,990700.0
200,2021-10-13 06:38:01,7120.0,1400.0,990600.0
201,2021-10-13 06:37:32,7120.0,200.0,989200.0
202,2021-10-13 06:37:32,7110.0,800.0,989000.0
203,2021-10-13 06:37:08,7110.0,300.0,988200.0
204,2021-10-13 06:37:08,7110.0,700.0,987900.0
205,2021-10-13 06:37:08,7110.0,200.0,987200.0
206,2021-10-13 06:37:08,7110.0,1200.0,987000.0
207,2021-10-13 06:36:48,7110.0,100.0,985800.0
208,2021-10-13 06:36:46,7110.0,300.0,985700.0
209,2021-10-13 06:36:46,7110.0,200.0,985400.0
210,2021-10-13 06:36:23,7110.0,200.0,985200.0
211,2021-10-13 06:36:21,7110.0,100.0,985000.0
212,2021-10-13 06:36:08,7110.0,100.0,984900.0
213,2021-10-13 06:36:08,7110.0,500.0,984800.0
214,2021-10-13 06:34:27,7110.0,4500.0,984300.0
215,2021-10-13 06:34:15,7120.0,300.0,979800.0
216,2021-10-13 06:34:13,7100.0,500.0,979500.0
217,2021-10-13 06:34:13,7100.0,900.0,979000.0
218,2021-10-13 06:34:13,7100.0,500.0,978100.0
219,2021-10-13 06:34:13,7110.0,100.0,977600.0
220,2021-10-13 06:34:06,7110.0,300.0,977500.0
221,2021-10-13 06:33:56,7110.0,300.0,977200.0
222,2021-10-13 06:33:56,7110.0,1800.0,976900.0
223,2021-10-13 06:33:56,7110.0,100.0,975100.0
224,2021-10-13 06:33:56,7110.0,1100.0,975000.0
225,2021-10-13 06:33:46,7110.0,2000.0,973900.0
226,2021-10-13 06:33:23,7110.0,400.0,971900.0
227,2021-10-13 06:33:05,7110.0,500.0,971500.0
228,2021-10-13 06:33:05,7110.0,500.0,971000.0
229,2021-10-13 06:33:02,7110.0,800.0,970500.0
230,2021-10-13 06:32:21,7110.0,1000.0,969700.0
231,2021-10-13 06:31:30,7110.0,100.0,968700.0
232,2021-10-13 06:30:35,7110.0,100.0,968600.0
233,2021-10-13 06:29:58,7110.0,300.0,968500.0
234,2021-10-13 06:28:53,7110.0,400.0,968200.0
235,2021-10-13 06:28:52,7110.0,100.0,967800.0
236,2021-10-13 06:27:55,7110.0,800.0,967700.0
237,2021-10-13 06:27:11,7110.0,1300.0,966900.0
238,2021-10-13 06:26:08,7100.0,300.0,965600.0
239,2021-10-13 06:26:08,7100.0,1700.0,965300.0
240,2021-10-13 06:26:00,7100.0,1900.0,963600.0
241,2021-10-13 06:25:34,7100.0,300.0,961700.0
242,2021-10-13 06:25:34,7100.0,500.0,961400.0
243,2021-10-13 06:25:34,7100.0,200.0,960900.0
244,2021-10-13 06:25:34,7100.0,400.0,960700.0
245,2021-10-13 06:25:21,7100.0,300.0,960300.0
246,2021-10-13 06:24:50,7100.0,200.0,960000.0
247,2021-10-13 06:24:50,7100.0,100.0,959800.0
248,2021-10-13 06:24:50,7100.0,3600.0,959700.0
249,2021-10-13 06:24:31,7100.0,1000.0,956100.0
250,2021-10-13 06:24:31,7090.0,1000.0,955100.0
251,2021-10-13 06:23:49,7100.0,200.0,954100.0
252,2021-10-13 06:23:46,7100.0,200.0,953900.0
253,2021-10-13 06:23:38,7050.0,100.0,953700.0
254,2021-10-13 06:23:18,7100.0,200.0,953600.0
255,2021-10-13 06:23:07,7050.0,1200.0,953400.0
256,2021-10-13 06:23:07,7050.0,500.0,952200.0
257,2021-10-13 06:23:07,7050.0,300.0,951700.0
258,2021-10-13 06:21:59,7070.0,200.0,951400.0
259,2021-10-13 06:21:59,7070.0,300.0,951200.0
260,2021-10-13 06:21:55,7100.0,2000.0,950900.0
261,2021-10-13 06:21:47,7100.0,100.0,948900.0
262,2021-10-13 06:21:44,7100.0,800.0,948800.0
263,2021-10-13 06:21:23,7100.0,500.0,948000.0
264,2021-10-13 06:21:23,7100.0,1100.0,947500.0
265,2021-10-13 06:21:23,7100.0,200.0,946400.0
266,2021-10-13 06:21:23,7100.0,100.0,946200.0
267,2021-10-13 06:21:21,7100.0,1000.0,946100.0
268,2021-10-13 06:21:21,7100.0,1000.0,945100.0
269,2021-10-13 06:21:15,7110.0,1000.0,944100.0
270,2021-10-13 06:21:14,7110.0,500.0,943100.0
271,2021-10-13 06:21:14,7110.0,200.0,942600.0
272,2021-10-13 06:20:51,7110.0,500.0,942400.0
273,2021-10-13 06:20:40,7110.0,300.0,941900.0
274,2021-10-13 06:20:30,7110.0,1000.0,941600.0
275,2021-10-13 06:20:17,7110.0,2000.0,940600.0
276,2021-10-13 06:20:04,7130.0,500.0,938600.0
277,2021-10-13 06:20:04,7130.0,500.0,938100.0
278,2021-10-13 06:19:52,7120.0,300.0,937600.0
279,2021-10-13 06:19:38,7130.0,200.0,937300.0
280,2021-10-13 06:19:38,7130.0,100.0,937100.0
281,2021-10-13 06:19:11,7140.0,600.0,937000.0
282,2021-10-13 06:19:11,7130.0,200.0,936400.0
283,2021-10-13 06:19:05,7130.0,100.0,936200.0
284,2021-10-13 06:19:05,7130.0,700.0,936100.0
285,2021-10-13 06:19:01,7130.0,300.0,935400.0
286,2021-10-13 06:18:59,7130.0,4700.0,935100.0
287,2021-10-13 06:18:59,7130.0,300.0,930400.0
288,2021-10-13 06:18:35,7130.0,300.0,930100.0
289,2021-10-13 06:17:48,7140.0,100.0,929800.0
290,2021-10-13 06:17:39,7130.0,400.0,929700.0
291,2021-10-13 06:17:39,7130.0,100.0,929300.0
292,2021-10-13 06:17:20,7140.0,1300.0,929200.0
293,2021-10-13 06:17:17,7140.0,300.0,927900.0
294,2021-10-13 06:17:17,7140.0,1000.0,927600.0
295,2021-10-13 06:17:17,7140.0,100.0,926600.0
296,2021-10-13 06:17:17,7140.0,200.0,926500.0
297,2021-10-13 06:16:42,7150.0,100.0,926300.0
298,2021-10-13 06:16:39,7150.0,300.0,926200.0
299,2021-10-13 06:16:39,7150.0,4600.0,925900.0
300,2021-10-13 06:16:39,7140.0,800.0,921300.0
301,2021-10-13 06:16:39,7140.0,400.0,920500.0
302,2021-10-13 06:16:34,7150.0,3000.0,920100.0
303,2021-10-13 06:16:24,7150.0,700.0,917100.0
304,2021-10-13 06:16:16,7150.0,9000.0,916400.0
305,2021-10-13 06:16:11,7150.0,10000.0,907400.0
306,2021-10-13 06:16:11,7150.0,2700.0,897400.0
307,2021-10-13 06:15:31,7150.0,200.0,894700.0
308,2021-10-13 06:15:31,7150.0,500.0,894500.0
309,2021-10-13 06:15:31,7150.0,200.0,894000.0
310,2021-10-13 06:15:31,7150.0,300.0,893800.0
311,2021-10-13 06:15:31,7150.0,3100.0,893500.0
312,2021-10-13 06:15:31,7150.0,3000.0,890400.0
313,2021-10-13 06:15:14,7150.0,1000.0,887400.0
314,2021-10-13 06:15:14,7140.0,200.0,886400.0
315,2021-10-13 06:15:04,7150.0,900.0,886200.0
316,2021-10-13 06:15:04,7150.0,100.0,885300.0
317,2021-10-13 06:14:34,7140.0,2000.0,885200.0
318,2021-10-13 06:14:34,7140.0,1100.0,883200.0
319,2021-10-13 06:14:27,7140.0,1900.0,882100.0
320,2021-10-13 06:13:43,7140.0,800.0,880200.0
321,2021-10-13 06:13:36,7140.0,200.0,879400.0
322,2021-10-13 06:13:33,7140.0,100.0,879200.0
323,2021-10-13 06:13:33,7140.0,300.0,879100.0
324,2021-10-13 06:13:33,7140.0,500.0,878800.0
325,2021-10-13 06:13:26,7130.0,1000.0,878300.0
326,2021-10-13 06:13:24,7140.0,2200.0,877300.0
327,2021-10-13 06:13:13,7140.0,1000.0,875100.0
328,2021-10-13 06:13:07,7140.0,1500.0,874100.0
329,2021-10-13 06:12:54,7140.0,300.0,872600.0
330,2021-10-13 06:12:52,7130.0,100.0,872300.0
331,2021-10-13 06:12:52,7130.0,200.0,872200.0
332,2021-10-13 06:12:51,7140.0,500.0,872000.0
333,2021-10-13 06:12:51,7140.0,500.0,871500.0
334,2021-10-13 06:12:33,7130.0,800.0,871000.0
335,2021-10-13 06:12:33,7130.0,200.0,870200.0
336,2021-10-13 06:12:29,7130.0,200.0,870000.0
337,2021-10-13 06:12:09,7130.0,200.0,869800.0
338,2021-10-13 06:12:09,7130.0,300.0,869600.0
339,2021-10-13 06:11:48,7130.0,100.0,869300.0
340,2021-10-13 06:11:17,7130.0,3600.0,869200.0
341,2021-10-13 06:11:16,7130.0,100.0,865600.0
342,2021-10-13 06:11:02,7130.0,1000.0,865500.0
343,2021-10-13 06:09:52,7110.0,400.0,864500.0
344,2021-10-13 06:09:39,7110.0,100.0,864100.0
345,2021-10-13 06:09:39,7110.0,100.0,864000.0
346,2021-10-13 06:09:32,7100.0,800.0,863900.0
347,2021-10-13 06:09:32,7100.0,200.0,863100.0
348,2021-10-13 06:09:18,7100.0,1000.0,862900.0
349,2021-10-13 06:09:18,7100.0,500.0,861900.0
350,2021-10-13 06:09:18,7100.0,200.0,861400.0
351,2021-10-13 06:09:18,7100.0,500.0,861200.0
352,2021-10-13 06:09:18,7100.0,10000.0,860700.0
353,2021-10-13 06:09:18,7100.0,6000.0,850700.0
354,2021-10-13 06:09:18,7100.0,700.0,844700.0
355,2021-10-13 06:09:18,7100.0,2000.0,844000.0
356,2021-10-13 06:09:18,7100.0,3600.0,842000.0
357,2021-10-13 06:09:18,7100.0,500.0,838400.0
358,2021-10-13 06:09:18,7100.0,3000.0,837900.0
359,2021-10-13 06:09:18,7100.0,2000.0,834900.0
360,2021-10-13 06:09:16,7090.0,1000.0,832900.0
361,2021-10-13 06:09:11,7100.0,400.0,831900.0
362,2021-10-13 06:09:04,7100.0,600.0,831500.0
363,2021-10-13 06:09:04,7100.0,100.0,830900.0
364,2021-10-13 06:08:52,7090.0,100.0,830800.0
365,2021-10-13 06:08:52,7090.0,2000.0,830700.0
366,2021-10-13 06:08:52,7090.0,1200.0,828700.0
367,2021-10-13 06:08:47,7090.0,500.0,827500.0
368,2021-10-13 06:08:31,7090.0,1300.0,827000.0
369,2021-10-13 06:08:23,7090.0,2000.0,825700.0
370,2021-10-13 06:08:19,7080.0,300.0,823700.0
371,2021-10-13 06:08:12,7080.0,200.0,823400.0
372,2021-10-13 06:08:03,7080.0,1500.0,823200.0
373,2021-10-13 06:07:45,7060.0,100.0,821700.0
374,2021-10-13 06:07:37,7050.0,500.0,821600.0
375,2021-10-13 06:07:37,7050.0,500.0,821100.0
376,2021-10-13 06:07:37,7050.0,200.0,820600.0
377,2021-10-13 06:07:37,7050.0,2000.0,820400.0
378,2021-10-13 06:07:12,7020.0,500.0,818400.0
379,2021-10-13 06:07:12,7020.0,100.0,817900.0
380,2021-10-13 06:07:02,7000.0,500.0,817800.0
381,2021-10-13 06:07:02,7000.0,300.0,817300.0
382,2021-10-13 06:07:02,7000.0,100.0,817000.0
383,2021-10-13 06:07:02,7000.0,200.0,816900.0
384,2021-10-13 06:07:02,7000.0,1000.0,816700.0
385,2021-10-13 06:07:02,7000.0,1400.0,815700.0
386,2021-10-13 06:06:58,7000.0,100.0,814300.0
387,2021-10-13 06:06:58,7000.0,5000.0,814200.0
388,2021-10-13 06:06:57,7000.0,1500.0,809200.0
389,2021-10-13 06:06:57,7000.0,500.0,807700.0
390,2021-10-13 06:06:57,7000.0,1400.0,807200.0
391,2021-10-13 06:06:55,7000.0,4600.0,805800.0
392,2021-10-13 06:06:55,7000.0,5400.0,801200.0
393,2021-10-13 06:06:51,7000.0,400.0,795800.0
394,2021-10-13 06:06:50,7000.0,1000.0,795400.0
395,2021-10-13 06:06:49,7000.0,10000.0,794400.0
396,2021-10-13 06:06:48,7000.0,700.0,784400.0
397,2021-10-13 06:06:47,7000.0,100.0,783700.0
398,2021-10-13 06:06:44,7000.0,600.0,783600.0
399,2021-10-13 06:06:39,7000.0,1800.0,783000.0
400,2021-10-13 06:06:39,7000.0,3200.0,781200.0
401,2021-10-13 06:06:30,7000.0,1800.0,778000.0
402,2021-10-13 06:06:30,7000.0,1100.0,776200.0
403,2021-10-13 06:06:30,7000.0,1000.0,775100.0
404,2021-10-13 06:06:30,7000.0,400.0,774100.0
405,2021-10-13 06:06:30,7000.0,100.0,773700.0
406,2021-10-13 06:06:30,7000.0,4000.0,773600.0
407,2021-10-13 06:06:30,7000.0,1300.0,769600.0
408,2021-10-13 06:06:30,7000.0,300.0,768300.0
409,2021-10-13 06:06:29,7000.0,2700.0,768000.0
410,2021-10-13 06:06:29,7000.0,1300.0,765300.0
411,2021-10-13 06:06:29,7000.0,1000.0,764000.0
412,2021-10-13 06:06:29,7000.0,300.0,763000.0
413,2021-10-13 06:06:29,7000.0,300.0,762700.0
414,2021-10-13 06:06:29,7000.0,400.0,762400.0
415,2021-10-13 06:06:26,7000.0,12800.0,762000.0
416,2021-10-13 06:06:21,7000.0,1100.0,749200.0
417,2021-10-13 06:06:21,7000.0,100.0,748100.0
418,2021-10-13 06:06:21,7000.0,800.0,748000.0
419,2021-10-13 06:06:10,6990.0,3000.0,747200.0
420,2021-10-13 06:06:06,6990.0,200.0,744200.0
421,2021-10-13 06:06:00,6990.0,1800.0,744000.0
422,2021-10-13 06:05:59,6990.0,500.0,742200.0
423,2021-10-13 06:05:59,6990.0,500.0,741700.0
424,2021-10-13 06:05:59,6990.0,8000.0,741200.0
425,2021-10-13 06:05:59,6990.0,3000.0,733200.0
426,2021-10-13 06:05:59,6990.0,6000.0,730200.0
427,2021-10-13 06:05:59,6990.0,100.0,724200.0
428,2021-10-13 06:05:59,6990.0,100.0,724100.0
429,2021-10-13 06:05:13,6980.0,500.0,724000.0
430,2021-10-13 06:05:13,6980.0,2500.0,723500.0
431,2021-10-13 06:05:08,6980.0,1500.0,721000.0
432,2021-10-13 06:05:08,6980.0,500.0,719500.0
433,2021-10-13 06:05:07,6980.0,2000.0,719000.0
434,2021-10-13 06:04:50,6980.0,1500.0,717000.0
435,2021-10-13 06:04:50,6980.0,500.0,715500.0
436,2021-10-13 06:04:50,6980.0,200.0,715000.0
437,2021-10-13 06:04:50,6980.0,100.0,714800.0
438,2021-10-13 06:04:35,6970.0,600.0,714700.0
439,2021-10-13 06:04:23,6970.0,5000.0,714100.0
440,2021-10-13 06:03:54,6960.0,300.0,709100.0
441,2021-10-13 06:03:47,6960.0,600.0,708800.0
442,2021-10-13 06:03:47,6960.0,1000.0,708200.0
443,2021-10-13 06:03:47,6960.0,200.0,707200.0
444,2021-10-13 06:03:47,6960.0,800.0,707000.0
445,2021-10-13 06:03:47,6960.0,400.0,706200.0
446,2021-10-13 06:03:26,6960.0,3100.0,705800.0
447,2021-10-13 06:03:02,6960.0,500.0,702700.0
448,2021-10-13 06:02:41,6950.0,2000.0,702200.0
449,2021-10-13 06:02:41,6950.0,100.0,700200.0
450,2021-10-13 06:02:34,6940.0,500.0,700100.0
451,2021-10-13 06:02:26,6940.0,1000.0,699600.0
452,2021-10-13 06:02:06,6940.0,1000.0,698600.0
453,2021-10-13 06:02:00,6950.0,4900.0,697600.0
454,2021-10-13 06:02:00,6950.0,1000.0,692700.0
455,2021-10-13 06:02:00,6950.0,500.0,691700.0
456,2021-10-13 06:02:00,6950.0,20000.0,691200.0
457,2021-10-13 06:02:00,6950.0,200.0,671200.0
458,2021-10-13 06:02:00,6950.0,1000.0,671000.0
459,2021-10-13 06:02:00,6950.0,1000.0,670000.0
460,2021-10-13 06:02:00,6950.0,3500.0,669000.0
461,2021-10-13 06:02:00,6950.0,5000.0,665500.0
462,2021-10-13 06:02:00,6950.0,100.0,660500.0
463,2021-10-13 06:02:00,6950.0,100.0,660400.0
464,2021-10-13 06:02:00,6940.0,4100.0,660300.0
465,2021-10-13 06:02:00,6940.0,1500.0,656200.0
466,2021-10-13 06:02:00,6940.0,100.0,654700.0
467,2021-10-13 06:02:00,6940.0,100.0,654600.0
468,2021-10-13 06:02:00,6940.0,6900.0,654500.0
469,2021-10-13 06:01:38,6940.0,200.0,647600.0
470,2021-10-13 06:01:02,6940.0,500.0,647400.0
471,2021-10-13 06:00:11,6930.0,500.0,646900.0
472,2021-10-13 06:00:11,6930.0,100.0,646400.0
473,2021-10-13 06:00:11,6930.0,400.0,646300.0
474,2021-10-13 06:00:04,6930.0,500.0,645900.0
475,2021-10-13 06:00:04,6930.0,1300.0,645400.0
476,2021-10-13 06:00:01,6930.0,1000.0,644100.0
477,2021-10-13 06:00:01,6940.0,400.0,643100.0
478,2021-10-13 06:00:00,6930.0,200.0,642700.0
479,2021-10-13 04:29:33,6930.0,500.0,642500.0
480,2021-10-13 04:28:55,6940.0,100.0,642000.0
481,2021-10-13 04:28:55,6940.0,6400.0,641900.0
482,2021-10-13 04:28:43,6940.0,2000.0,635500.0
483,2021-10-13 04:28:32,6940.0,900.0,633500.0
484,2021-10-13 04:28:08,6940.0,1000.0,632600.0
485,2021-10-13 04:28:08,6940.0,2900.0,631600.0
486,2021-10-13 04:28:08,6940.0,4000.0,628700.0
487,2021-10-13 04:28:08,6940.0,100.0,624700.0
488,2021-10-13 04:27:26,6940.0,1000.0,624600.0
489,2021-10-13 04:27:26,6940.0,1000.0,623600.0
490,2021-10-13 04:27:26,6940.0,9800.0,622600.0
491,2021-10-13 04:27:26,6940.0,2000.0,612800.0
492,2021-10-13 04:27:26,6940.0,3000.0,610800.0
493,2021-10-13 04:27:26,6940.0,4400.0,607800.0
494,2021-10-13 04:27:26,6940.0,1000.0,603400.0
495,2021-10-13 04:27:26,6940.0,1000.0,602400.0
496,2021-10-13 04:27:26,6940.0,2700.0,601400.0
497,2021-10-13 04:27:11,6940.0,300.0,598700.0
498,2021-10-13 04:27:11,6940.0,300.0,598400.0
499,2021-10-13 04:27:11,6940.0,1400.0,598100.0
500,2021-10-13 04:27:11,6940.0,4100.0,596700.0
501,2021-10-13 04:27:11,6940.0,800.0,592600.0
502,2021-10-13 04:26:51,6940.0,200.0,591800.0
503,2021-10-13 04:26:44,6940.0,100.0,591600.0
504,2021-10-13 04:26:39,6940.0,10000.0,591500.0
505,2021-10-13 04:26:32,6940.0,800.0,581500.0
506,2021-10-13 04:26:25,6940.0,100.0,580700.0
507,2021-10-13 04:26:06,6940.0,300.0,580600.0
508,2021-10-13 04:25:48,6930.0,2000.0,580300.0
509,2021-10-13 04:25:48,6930.0,3000.0,578300.0
510,2021-10-13 04:25:34,6940.0,400.0,575300.0
511,2021-10-13 04:25:29,6940.0,2000.0,574900.0
512,2021-10-13 04:25:20,6940.0,500.0,572900.0
513,2021-10-13 04:25:20,6940.0,300.0,572400.0
514,2021-10-13 04:25:10,6940.0,100.0,572100.0
515,2021-10-13 04:25:03,6940.0,1600.0,572000.0
516,2021-10-13 04:24:52,6940.0,1300.0,570400.0
517,2021-10-13 04:24:51,6940.0,700.0,569100.0
518,2021-10-13 04:24:51,6940.0,300.0,568400.0
519,2021-10-13 04:24:51,6940.0,400.0,568100.0
520,2021-10-13 04:24:44,6940.0,100.0,567700.0
521,2021-10-13 04:24:40,6940.0,500.0,567600.0
522,2021-10-13 04:24:31,6940.0,700.0,567100.0
523,2021-10-13 04:24:26,6940.0,200.0,566400.0
524,2021-10-13 04:23:20,6930.0,200.0,566200.0
525,2021-10-13 04:23:12,6930.0,200.0,566000.0
526,2021-10-13 04:22:56,6930.0,600.0,565800.0
527,2021-10-13 04:21:56,6930.0,200.0,565200.0
528,2021-10-13 04:21:56,6930.0,200.0,565000.0
529,2021-10-13 04:21:56,6930.0,600.0,564800.0
530,2021-10-13 04:21:51,6930.0,100.0,564200.0
531,2021-10-13 04:21:40,6930.0,300.0,564100.0
532,2021-10-13 04:21:40,6930.0,200.0,563800.0
533,2021-10-13 04:21:37,6920.0,400.0,563600.0
534,2021-10-13 04:20:31,6930.0,300.0,563200.0
535,2021-10-13 04:20:31,6930.0,200.0,562900.0
536,2021-10-13 04:20:24,6930.0,2000.0,562700.0
537,2021-10-13 04:20:22,6930.0,300.0,560700.0
538,2021-10-13 04:19:35,6920.0,1000.0,560400.0
539,2021-10-13 04:19:19,6920.0,100.0,559400.0
540,2021-10-13 04:19:10,6920.0,200.0,559300.0
541,2021-10-13 04:18:40,6920.0,1000.0,559100.0
542,2021-10-13 04:18:00,6900.0,1000.0,558100.0
543,2021-10-13 04:18:00,6910.0,100.0,557100.0
544,2021-10-13 04:18:00,6910.0,700.0,557000.0
545,2021-10-13 04:18:00,6910.0,1000.0,556300.0
546,2021-10-13 04:18:00,6910.0,100.0,555300.0
547,2021-10-13 04:18:00,6920.0,100.0,555200.0
548,2021-10-13 04:16:47,6920.0,900.0,555100.0
549,2021-10-13 04:16:47,6920.0,100.0,554200.0
550,2021-10-13 04:16:45,6920.0,4900.0,554100.0
551,2021-10-13 04:16:45,6920.0,100.0,549200.0
552,2021-10-13 04:16:32,6920.0,1900.0,549100.0
553,2021-10-13 04:16:32,6920.0,100.0,547200.0
554,2021-10-13 04:16:05,6920.0,100.0,547100.0
555,2021-10-13 04:15:42,6920.0,800.0,547000.0
556,2021-10-13 04:15:27,6930.0,500.0,546200.0
557,2021-10-13 04:15:27,6930.0,700.0,545700.0
558,2021-10-13 04:15:27,6930.0,200.0,545000.0
559,2021-10-13 04:15:21,6930.0,1400.0,544800.0
560,2021-10-13 04:15:21,6920.0,600.0,543400.0
561,2021-10-13 04:15:11,6920.0,100.0,542800.0
562,2021-10-13 04:15:11,6920.0,200.0,542700.0
563,2021-10-13 04:15:11,6920.0,200.0,542500.0
564,2021-10-13 04:15:11,6920.0,2900.0,542300.0
565,2021-10-13 04:14:48,6920.0,300.0,539400.0
566,2021-10-13 04:14:48,6930.0,3000.0,539100.0
567,2021-10-13 04:14:32,6930.0,400.0,536100.0
568,2021-10-13 04:14:24,6930.0,1000.0,535700.0
569,2021-10-13 04:14:16,6930.0,300.0,534700.0
570,2021-10-13 04:14:10,6930.0,1000.0,534400.0
571,2021-10-13 04:14:10,6930.0,500.0,533400.0
572,2021-10-13 04:14:10,6930.0,400.0,532900.0
573,2021-10-13 04:14:05,6930.0,400.0,532500.0
574,2021-10-13 04:14:04,6920.0,200.0,532100.0
575,2021-10-13 04:13:17,6930.0,1000.0,531900.0
576,2021-10-13 04:13:11,6930.0,2000.0,530900.0
577,2021-10-13 04:13:08,6930.0,200.0,528900.0
578,2021-10-13 04:12:59,6930.0,200.0,528700.0
579,2021-10-13 04:12:37,6920.0,200.0,528500.0
580,2021-10-13 04:12:37,6920.0,400.0,528300.0
581,2021-10-13 04:12:25,6930.0,4000.0,527900.0
582,2021-10-13 04:11:55,6930.0,800.0,523900.0
583,2021-10-13 04:11:43,6930.0,3200.0,523100.0
584,2021-10-13 04:11:43,6930.0,800.0,519900.0
585,2021-10-13 04:11:43,6930.0,4000.0,519100.0
586,2021-10-13 04:11:43,6930.0,2000.0,515100.0
587,2021-10-13 04:11:34,6920.0,1000.0,513100.0
588,2021-10-13 04:11:34,6920.0,5100.0,512100.0
589,2021-10-13 04:11:27,6920.0,1900.0,507000.0
590,2021-10-13 04:11:27,6920.0,500.0,505100.0
591,2021-10-13 04:11:27,6920.0,900.0,504600.0
592,2021-10-13 04:11:22,6920.0,100.0,503700.0
593,2021-10-13 04:11:20,6920.0,1000.0,503600.0
594,2021-10-13 04:11:20,6920.0,1500.0,502600.0
595,2021-10-13 04:11:20,6920.0,500.0,501100.0
596,2021-10-13 04:10:26,6920.0,500.0,500600.0
597,2021-10-13 04:10:26,6920.0,1400.0,500100.0
598,2021-10-13 04:10:26,6920.0,100.0,498700.0
599,2021-10-13 04:10:17,6920.0,700.0,498600.0
600,2021-10-13 04:10:17,6920.0,200.0,497900.0
601,2021-10-13 04:10:17,6910.0,3500.0,497700.0
602,2021-10-13 04:10:17,6910.0,500.0,494200.0
603,2021-10-13 04:10:17,6910.0,100.0,493700.0
604,2021-10-13 04:09:59,6910.0,900.0,493600.0
605,2021-10-13 04:09:59,6910.0,2000.0,492700.0
606,2021-10-13 04:09:51,6910.0,3000.0,490700.0
607,2021-10-13 04:09:51,6910.0,10000.0,487700.0
608,2021-10-13 04:09:44,6900.0,100.0,477700.0
609,2021-10-13 04:09:44,6900.0,1000.0,477600.0
610,2021-10-13 04:09:44,6900.0,1000.0,476600.0
611,2021-10-13 04:09:44,6900.0,100.0,475600.0
612,2021-10-13 04:09:44,6900.0,500.0,475500.0
613,2021-10-13 04:09:44,6900.0,500.0,475000.0
614,2021-10-13 04:09:44,6900.0,4200.0,474500.0
615,2021-10-13 04:09:26,6900.0,1800.0,470300.0
616,2021-10-13 04:09:26,6900.0,500.0,468500.0
617,2021-10-13 04:09:26,6900.0,600.0,468000.0
618,2021-10-13 04:08:33,6900.0,100.0,467400.0
619,2021-10-13 04:08:33,6900.0,100.0,467300.0
620,2021-10-13 04:08:33,6900.0,500.0,467200.0
621,2021-10-13 04:08:33,6900.0,100.0,466700.0
622,2021-10-13 04:08:33,6900.0,200.0,466600.0
623,2021-10-13 04:07:20,6900.0,1400.0,466400.0
624,2021-10-13 04:06:51,6900.0,600.0,465000.0
625,2021-10-13 04:06:51,6900.0,1000.0,464400.0
626,2021-10-13 04:06:51,6900.0,400.0,463400.0
627,2021-10-13 04:06:33,6900.0,100.0,463000.0
628,2021-10-13 04:05:19,6900.0,1000.0,462900.0
629,2021-10-13 04:05:11,6890.0,4900.0,461900.0
630,2021-10-13 04:05:00,6890.0,3800.0,457000.0
631,2021-10-13 04:04:40,6890.0,1200.0,453200.0
632,2021-10-13 04:04:40,6890.0,3800.0,452000.0
633,2021-10-13 04:04:35,6890.0,500.0,448200.0
634,2021-10-13 04:04:17,6890.0,500.0,447700.0
635,2021-10-13 04:04:03,6890.0,4400.0,447200.0
636,2021-10-13 04:03:59,6900.0,2000.0,442800.0
637,2021-10-13 04:03:27,6890.0,2000.0,440800.0
638,2021-10-13 04:03:27,6890.0,3600.0,438800.0
639,2021-10-13 04:02:48,6890.0,200.0,435200.0
640,2021-10-13 04:02:41,6890.0,200.0,435000.0
641,2021-10-13 04:02:34,6890.0,800.0,434800.0
642,2021-10-13 04:02:30,6890.0,200.0,434000.0
643,2021-10-13 04:02:30,6890.0,100.0,433800.0
644,2021-10-13 04:02:30,6890.0,400.0,433700.0
645,2021-10-13 04:02:30,6890.0,500.0,433300.0
646,2021-10-13 04:02:30,6890.0,2000.0,432800.0
647,2021-10-13 04:02:30,6890.0,1200.0,430800.0
648,2021-10-13 04:02:28,6880.0,4000.0,429600.0
649,2021-10-13 04:01:57,6880.0,1000.0,425600.0
650,2021-10-13 04:01:57,6880.0,100.0,424600.0
651,2021-10-13 04:01:57,6870.0,2000.0,424500.0
652,2021-10-13 04:01:57,6870.0,1000.0,422500.0
653,2021-10-13 04:01:47,6870.0,100.0,421500.0
654,2021-10-13 04:01:00,6870.0,200.0,421400.0
655,2021-10-13 04:00:40,6870.0,200.0,421200.0
656,2021-10-13 04:00:40,6880.0,500.0,421000.0
657,2021-10-13 04:00:27,6890.0,700.0,420500.0
658,2021-10-13 04:00:27,6880.0,100.0,419800.0
659,2021-10-13 04:00:27,6880.0,1500.0,419700.0
660,2021-10-13 04:00:27,6880.0,400.0,418200.0
661,2021-10-13 04:00:27,6880.0,100.0,417800.0
662,2021-10-13 04:00:27,6880.0,200.0,417700.0
663,2021-10-13 03:59:38,6880.0,600.0,417500.0
664,2021-10-13 03:57:19,6880.0,100.0,416900.0
665,2021-10-13 03:57:19,6830.0,1200.0,416800.0
666,2021-10-13 03:57:19,6830.0,1600.0,415600.0
667,2021-10-13 03:57:04,6830.0,2400.0,414000.0
668,2021-10-13 03:57:04,6830.0,1000.0,411600.0
669,2021-10-13 03:57:04,6830.0,1000.0,410600.0
670,2021-10-13 03:57:04,6830.0,600.0,409600.0
671,2021-10-13 03:56:46,6880.0,100.0,409000.0
672,2021-10-13 03:56:10,6830.0,1400.0,408900.0
673,2021-10-13 03:56:10,6840.0,1000.0,407500.0
674,2021-10-13 03:56:10,6840.0,1000.0,406500.0
675,2021-10-13 03:56:10,6840.0,1000.0,405500.0
676,2021-10-13 03:56:10,6840.0,600.0,404500.0
677,2021-10-13 03:55:55,6890.0,100.0,403900.0
678,2021-10-13 03:55:30,6880.0,2600.0,403800.0
679,2021-10-13 03:55:30,6890.0,1400.0,401200.0
680,2021-10-13 03:55:21,6890.0,200.0,399800.0
681,2021-10-13 03:55:21,6890.0,800.0,399600.0
682,2021-10-13 03:55:21,6890.0,2000.0,398800.0
683,2021-10-13 03:55:21,6890.0,100.0,396800.0
684,2021-10-13 03:55:21,6890.0,400.0,396700.0
685,2021-10-13 03:55:21,6890.0,1000.0,396300.0
686,2021-10-13 03:55:21,6890.0,6100.0,395300.0
687,2021-10-13 03:55:15,6880.0,500.0,389200.0
688,2021-10-13 03:55:15,6880.0,700.0,388700.0
689,2021-10-13 03:55:15,6880.0,1900.0,388000.0
690,2021-10-13 03:55:15,6880.0,900.0,386100.0
691,2021-10-13 03:55:15,6880.0,1300.0,385200.0
692,2021-10-13 03:55:15,6880.0,6700.0,383900.0
693,2021-10-13 03:55:15,6870.0,900.0,377200.0
694,2021-10-13 03:55:11,6870.0,100.0,376300.0
695,2021-10-13 03:54:48,6840.0,1000.0,376200.0
696,2021-10-13 03:54:48,6840.0,1000.0,375200.0
697,2021-10-13 03:54:48,6840.0,500.0,374200.0
698,2021-10-13 03:54:48,6840.0,1400.0,373700.0
699,2021-10-13 03:54:48,6850.0,500.0,372300.0
700,2021-10-13 03:54:48,6850.0,3500.0,371800.0
701,2021-10-13 03:54:48,6860.0,2000.0,368300.0
702,2021-10-13 03:54:48,6860.0,100.0,366300.0
703,2021-10-13 03:54:19,6870.0,100.0,366200.0
704,2021-10-13 03:54:10,6860.0,200.0,366100.0
705,2021-10-13 03:53:43,6880.0,18900.0,365900.0
706,2021-10-13 03:53:43,6870.0,1000.0,347000.0
707,2021-10-13 03:53:43,6870.0,100.0,346000.0
708,2021-10-13 03:53:20,6870.0,200.0,345900.0
709,2021-10-13 03:53:20,6870.0,100.0,345700.0
710,2021-10-13 03:53:20,6870.0,500.0,345600.0
711,2021-10-13 03:53:20,6870.0,200.0,345100.0
712,2021-10-13 03:51:49,6870.0,100.0,344900.0
713,2021-10-13 03:51:47,6860.0,100.0,344800.0
714,2021-10-13 03:51:47,6860.0,700.0,344700.0
715,2021-10-13 03:51:31,6860.0,100.0,344000.0
716,2021-10-13 03:51:25,6870.0,100.0,343900.0
717,2021-10-13 03:51:23,6860.0,200.0,343800.0
718,2021-10-13 03:51:23,6860.0,500.0,343600.0
719,2021-10-13 03:51:23,6860.0,900.0,343100.0
720,2021-10-13 03:51:23,6860.0,100.0,342200.0
721,2021-10-13 03:51:23,6860.0,2300.0,342100.0
722,2021-10-13 03:51:06,6860.0,200.0,339800.0
723,2021-10-13 03:50:25,6870.0,100.0,339600.0
724,2021-10-13 03:50:14,6860.0,100.0,339500.0
725,2021-10-13 03:44:39,6860.0,1000.0,339400.0
726,2021-10-13 03:43:00,6860.0,1400.0,338400.0
727,2021-10-13 03:43:00,6860.0,1300.0,337000.0
728,2021-10-13 03:43:00,6860.0,2300.0,335700.0
729,2021-10-13 03:42:14,6880.0,2200.0,333400.0
730,2021-10-13 03:41:30,6880.0,4800.0,331200.0
731,2021-10-13 03:41:18,6870.0,1000.0,326400.0
732,2021-10-13 03:39:35,6860.0,200.0,325400.0
733,2021-10-13 03:38:27,6880.0,200.0,325200.0
734,2021-10-13 03:37:12,6880.0,200.0,325000.0
735,2021-10-13 03:37:09,6880.0,10000.0,324800.0
736,2021-10-13 03:37:02,6880.0,400.0,314800.0
737,2021-10-13 03:36:56,6860.0,300.0,314400.0
738,2021-10-13 03:36:56,6860.0,200.0,314100.0
739,2021-10-13 03:36:56,6860.0,100.0,313900.0
740,2021-10-13 03:34:56,6890.0,900.0,313800.0
741,2021-10-13 03:34:56,6880.0,2000.0,312900.0
742,2021-10-13 03:34:56,6880.0,1000.0,310900.0
743,2021-10-13 03:34:56,6880.0,100.0,309900.0
744,2021-10-13 03:34:32,6880.0,1300.0,309800.0
745,2021-10-13 03:34:32,6870.0,1000.0,308500.0
746,2021-10-13 03:34:32,6870.0,1600.0,307500.0
747,2021-10-13 03:34:32,6870.0,1100.0,305900.0
748,2021-10-13 03:34:23,6860.0,200.0,304800.0
749,2021-10-13 03:34:23,6860.0,7000.0,304600.0
750,2021-10-13 03:34:14,6850.0,1000.0,297600.0
751,2021-10-13 03:33:36,6850.0,200.0,296600.0
752,2021-10-13 03:33:36,6850.0,300.0,296400.0
753,2021-10-13 03:33:02,6850.0,500.0,296100.0
754,2021-10-13 03:32:49,6850.0,100.0,295600.0
755,2021-10-13 03:32:42,6840.0,500.0,295500.0
756,2021-10-13 03:32:41,6850.0,100.0,295000.0
757,2021-10-13 03:30:56,6840.0,1400.0,294900.0
758,2021-10-13 03:30:56,6840.0,100.0,293500.0
759,2021-10-13 03:30:56,6850.0,500.0,293400.0
760,2021-10-13 03:30:31,6860.0,200.0,292900.0
761,2021-10-13 03:29:21,6860.0,7700.0,292700.0
762,2021-10-13 03:29:16,6860.0,100.0,285000.0
763,2021-10-13 03:29:16,6860.0,100.0,284900.0
764,2021-10-13 03:28:44,6860.0,400.0,284800.0
765,2021-10-13 03:27:31,6850.0,200.0,284400.0
766,2021-10-13 03:27:31,6850.0,500.0,284200.0
767,2021-10-13 03:27:15,6850.0,300.0,283700.0
768,2021-10-13 03:26:24,6850.0,9200.0,283400.0
769,2021-10-13 03:26:13,6850.0,600.0,274200.0
770,2021-10-13 03:26:03,6850.0,1000.0,273600.0
771,2021-10-13 03:25:50,6850.0,500.0,272600.0
772,2021-10-13 03:25:41,6850.0,1000.0,272100.0
773,2021-10-13 03:25:32,6850.0,1000.0,271100.0
774,2021-10-13 03:25:17,6850.0,20000.0,270100.0
775,2021-10-13 03:25:04,6840.0,2000.0,250100.0
776,2021-10-13 03:25:04,6840.0,900.0,248100.0
777,2021-10-13 03:24:41,6840.0,100.0,247200.0
778,2021-10-13 03:24:33,6830.0,3500.0,247100.0
779,2021-10-13 03:24:33,6830.0,300.0,243600.0
780,2021-10-13 03:24:21,6830.0,1700.0,243300.0
781,2021-10-13 03:23:37,6830.0,500.0,241600.0
782,2021-10-13 03:23:31,6830.0,1000.0,241100.0
783,2021-10-13 03:21:35,6840.0,300.0,240100.0
784,2021-10-13 03:21:35,6840.0,2700.0,239800.0
785,2021-10-13 03:18:45,6840.0,1000.0,237100.0
786,2021-10-13 03:18:45,6840.0,8000.0,236100.0
787,2021-10-13 03:18:16,6850.0,200.0,228100.0
788,2021-10-13 03:18:16,6850.0,10000.0,227900.0
789,2021-10-13 03:18:16,6850.0,300.0,217900.0
790,2021-10-13 03:18:16,6850.0,1000.0,217600.0
791,2021-10-13 03:18:16,6850.0,700.0,216600.0
792,2021-10-13 03:18:16,6850.0,2500.0,215900.0
793,2021-10-13 03:18:16,6850.0,2000.0,213400.0
794,2021-10-13 03:18:16,6850.0,1100.0,211400.0
795,2021-10-13 03:18:16,6850.0,1000.0,210300.0
796,2021-10-13 03:18:16,6850.0,500.0,209300.0
797,2021-10-13 03:18:16,6850.0,10000.0,208800.0
798,2021-10-13 03:17:38,6860.0,1000.0,198800.0
799,2021-10-13 03:17:38,6860.0,300.0,197800.0
800,2021-10-13 03:17:38,6860.0,100.0,197500.0
801,2021-10-13 03:17:38,6860.0,500.0,197400.0
802,2021-10-13 03:17:38,6860.0,4100.0,196900.0
803,2021-10-13 03:17:38,6860.0,5000.0,192800.0
804,2021-10-13 03:17:38,6860.0,1500.0,187800.0
805,2021-10-13 03:17:38,6860.0,100.0,186300.0
806,2021-10-13 03:17:37,6870.0,900.0,186200.0
807,2021-10-13 03:16:49,6870.0,1000.0,185300.0
808,2021-10-13 03:15:51,6880.0,100.0,184300.0
809,2021-10-13 03:15:27,6880.0,100.0,184200.0
810,2021-10-13 03:14:21,6890.0,100.0,184100.0
811,2021-10-13 03:13:59,6890.0,900.0,184000.0
812,2021-10-13 03:13:33,6890.0,6000.0,183100.0
813,2021-10-13 03:13:19,6890.0,700.0,177100.0
814,2021-10-13 03:12:56,6890.0,100.0,176400.0
815,2021-10-13 03:12:54,6890.0,200.0,176300.0
816,2021-10-13 03:12:54,6890.0,400.0,176100.0
817,2021-10-13 03:12:54,6890.0,400.0,175700.0
818,2021-10-13 03:12:35,6890.0,600.0,175300.0
819,2021-10-13 03:12:35,6890.0,400.0,174700.0
820,2021-10-13 03:12:30,6890.0,400.0,174300.0
821,2021-10-13 03:12:30,6890.0,200.0,173900.0
822,2021-10-13 03:12:30,6890.0,600.0,173700.0
823,2021-10-13 03:10:35,6890.0,200.0,173100.0
824,2021-10-13 03:09:18,6890.0,1200.0,172900.0
825,2021-10-13 03:09:03,6900.0,2900.0,171700.0
826,2021-10-13 03:09:03,6890.0,800.0,168800.0
827,2021-10-13 03:09:03,6890.0,2300.0,168000.0
828,2021-10-13 03:08:04,6890.0,3500.0,165700.0
829,2021-10-13 03:07:53,6890.0,500.0,162200.0
830,2021-10-13 03:07:44,6890.0,900.0,161700.0
831,2021-10-13 03:07:44,6890.0,1100.0,160800.0
832,2021-10-13 03:07:42,6900.0,1000.0,159700.0
833,2021-10-13 03:07:30,6900.0,2400.0,158700.0
834,2021-10-13 03:07:15,6890.0,200.0,156300.0
835,2021-10-13 03:07:15,6890.0,1300.0,156100.0
836,2021-10-13 03:07:15,6890.0,100.0,154800.0
837,2021-10-13 03:07:15,6890.0,600.0,154700.0
838,2021-10-13 03:04:41,6890.0,500.0,154100.0
839,2021-10-13 03:04:29,6890.0,100.0,153600.0
840,2021-10-13 03:03:36,6900.0,200.0,153500.0
841,2021-10-13 03:03:27,6890.0,200.0,153300.0
842,2021-10-13 03:03:27,6890.0,100.0,153100.0
843,2021-10-13 03:02:43,6890.0,200.0,153000.0
844,2021-10-13 03:02:40,6890.0,200.0,152800.0
845,2021-10-13 03:01:54,6900.0,300.0,152600.0
846,2021-10-13 03:01:54,6900.0,100.0,152300.0
847,2021-10-13 03:01:54,6900.0,1100.0,152200.0
848,2021-10-13 03:01:24,6900.0,1000.0,151100.0
849,2021-10-13 02:59:31,6900.0,900.0,150100.0
850,2021-10-13 02:59:31,6900.0,100.0,149200.0
851,2021-10-13 02:59:31,6900.0,200.0,149100.0
852,2021-10-13 02:59:24,6900.0,800.0,148900.0
853,2021-10-13 02:58:43,6900.0,5000.0,148100.0
854,2021-10-13 02:58:43,6900.0,2000.0,143100.0
855,2021-10-13 02:58:43,6900.0,1000.0,141100.0
856,2021-10-13 02:58:43,6900.0,2000.0,140100.0
857,2021-10-13 02:58:43,6900.0,10000.0,138100.0
858,2021-10-13 02:58:43,6900.0,5300.0,128100.0
859,2021-10-13 02:58:08,6900.0,4700.0,122800.0
860,2021-10-13 02:58:08,6900.0,1100.0,118100.0
861,2021-10-13 02:58:08,6900.0,1300.0,117000.0
862,2021-10-13 02:57:56,6920.0,100.0,115700.0
863,2021-10-13 02:57:16,6920.0,2000.0,115600.0
864,2021-10-13 02:57:16,6920.0,2000.0,113600.0
865,2021-10-13 02:57:16,6930.0,200.0,111600.0
866,2021-10-13 02:56:21,6900.0,200.0,111400.0
867,2021-10-13 02:56:21,6900.0,300.0,111200.0
868,2021-10-13 02:56:21,6930.0,500.0,110900.0
869,2021-10-13 02:56:05,6940.0,3100.0,110400.0
870,2021-10-13 02:56:05,6940.0,1900.0,107300.0
871,2021-10-13 02:56:01,6930.0,5000.0,105400.0
872,2021-10-13 02:55:53,6930.0,1000.0,100400.0
873,2021-10-13 02:55:50,6930.0,1100.0,99400.0
874,2021-10-13 02:55:50,6930.0,1000.0,98300.0
875,2021-10-13 02:55:50,6930.0,1900.0,97300.0
876,2021-10-13 02:55:23,6930.0,100.0,95400.0
877,2021-10-13 02:55:23,6930.0,200.0,95300.0
878,2021-10-13 02:54:48,6930.0,300.0,95100.0
879,2021-10-13 02:54:39,6920.0,1000.0,94800.0
880,2021-10-13 02:54:26,6930.0,1500.0,93800.0
881,2021-10-13 02:54:18,6920.0,600.0,92300.0
882,2021-10-13 02:54:18,6920.0,100.0,91700.0
883,2021-10-13 02:54:04,6920.0,700.0,91600.0
884,2021-10-13 02:54:04,6920.0,800.0,90900.0
885,2021-10-13 02:53:29,6940.0,100.0,90100.0
886,2021-10-13 02:53:28,6940.0,1000.0,90000.0
887,2021-10-13 02:53:23,6940.0,5000.0,89000.0
888,2021-10-13 02:53:23,6930.0,4000.0,84000.0
889,2021-10-13 02:53:23,6920.0,1000.0,80000.0
890,2021-10-13 02:53:23,6910.0,1000.0,79000.0
891,2021-10-13 02:52:56,6900.0,1700.0,78000.0
892,2021-10-13 02:52:45,6900.0,300.0,76300.0
893,2021-10-13 02:52:45,6900.0,200.0,76000.0
894,2021-10-13 02:52:40,6900.0,800.0,75800.0
895,2021-10-13 02:52:40,6900.0,500.0,75000.0
896,2021-10-13 02:52:40,6900.0,4000.0,74500.0
897,2021-10-13 02:52:27,6900.0,500.0,70500.0
898,2021-10-13 02:52:03,6900.0,5600.0,70000.0
899,2021-10-13 02:52:03,6900.0,200.0,64400.0
900,2021-10-13 02:52:03,6900.0,1000.0,64200.0
901,2021-10-13 02:52:03,6900.0,4000.0,63200.0
902,2021-10-13 02:52:03,6900.0,100.0,59200.0
903,2021-10-13 02:52:03,6900.0,100.0,59100.0
904,2021-10-13 02:52:03,6890.0,2000.0,59000.0
905,2021-10-13 02:52:03,6890.0,1000.0,57000.0
906,2021-10-13 02:52:03,6890.0,1000.0,56000.0
907,2021-10-13 02:52:03,6890.0,100.0,55000.0
908,2021-10-13 02:52:03,6890.0,1000.0,54900.0
909,2021-10-13 02:52:03,6890.0,3000.0,53900.0
910,2021-10-13 02:52:03,6880.0,300.0,50900.0
911,2021-10-13 02:52:03,6880.0,500.0,50600.0
912,2021-10-13 02:52:03,6880.0,100.0,50100.0
913,2021-10-13 02:51:57,6850.0,1000.0,50000.0
914,2021-10-13 02:50:15,6890.0,400.0,49000.0
915,2021-10-13 02:50:15,6880.0,100.0,48600.0
916,2021-10-13 02:49:56,6890.0,100.0,48500.0
917,2021-10-13 02:49:37,6890.0,3500.0,48400.0
918,2021-10-13 02:49:37,6890.0,500.0,44900.0
919,2021-10-13 02:49:37,6890.0,400.0,44400.0
920,2021-10-13 02:49:37,6880.0,1000.0,44000.0
921,2021-10-13 02:49:37,6880.0,600.0,43000.0
922,2021-10-13 02:48:01,6890.0,100.0,42400.0
923,2021-10-13 02:48:01,6860.0,200.0,42300.0
924,2021-10-13 02:48:01,6860.0,1000.0,42100.0
925,2021-10-13 02:48:01,6850.0,1000.0,41100.0
926,2021-10-13 02:48:01,6850.0,100.0,40100.0
927,2021-10-13 02:48:01,6850.0,100.0,40000.0
928,2021-10-13 02:48:01,6830.0,500.0,39900.0
929,2021-10-13 02:47:58,6820.0,500.0,39400.0
930,2021-10-13 02:47:58,6820.0,600.0,38900.0
931,2021-10-13 02:47:45,6820.0,400.0,38300.0
932,2021-10-13 02:47:45,6820.0,600.0,37900.0
933,2021-10-13 02:47:09,6820.0,400.0,37300.0
934,2021-10-13 02:47:09,6820.0,1000.0,36900.0
935,2021-10-13 02:47:09,6820.0,1000.0,35900.0
936,2021-10-13 02:47:09,6820.0,1000.0,34900.0
937,2021-10-13 02:47:09,6810.0,400.0,33900.0
938,2021-10-13 02:46:59,6810.0,1000.0,33500.0
939,2021-10-13 02:46:49,6810.0,100.0,32500.0
940,2021-10-13 02:46:49,6810.0,200.0,32400.0
941,2021-10-13 02:46:49,6810.0,300.0,32200.0
942,2021-10-13 02:43:59,6810.0,300.0,31900.0
943,2021-10-13 02:43:59,6810.0,400.0,31600.0
944,2021-10-13 02:43:54,6810.0,1500.0,31200.0
945,2021-10-13 02:42:32,6810.0,100.0,29700.0
946,2021-10-13 02:41:35,6810.0,900.0,29600.0
947,2021-10-13 02:41:17,6810.0,100.0,28700.0
948,2021-10-13 02:41:04,6810.0,200.0,28600.0
949,2021-10-13 02:40:41,6820.0,100.0,28400.0
950,2021-10-13 02:40:41,6820.0,200.0,28300.0
951,2021-10-13 02:40:15,6810.0,100.0,28100.0
952,2021-10-13 02:39:36,6820.0,2700.0,28000.0
953,2021-10-13 02:39:11,6820.0,1200.0,25300.0
954,2021-10-13 02:38:10,6820.0,2600.0,24100.0
955,2021-10-13 02:37:42,6820.0,100.0,21500.0
956,2021-10-13 02:37:42,6820.0,1100.0,21400.0
957,2021-10-13 02:37:06,6820.0,300.0,20300.0
958,2021-10-13 02:37:01,6820.0,100.0,20000.0
959,2021-10-13 02:35:48,6800.0,400.0,19900.0
960,2021-10-13 02:35:46,6800.0,300.0,19500.0
961,2021-10-13 02:35:39,6800.0,1000.0,19200.0
962,2021-10-13 02:35:23,6800.0,1500.0,18200.0
963,2021-10-13 02:35:10,6800.0,100.0,16700.0
964,2021-10-13 02:35:10,6800.0,200.0,16600.0
965,2021-10-13 02:35:10,6820.0,500.0,16400.0
966,2021-10-13 02:35:10,6820.0,500.0,15900.0
967,2021-10-13 02:35:10,6820.0,500.0,15400.0
968,2021-10-13 02:34:48,6820.0,500.0,14900.0
969,2021-10-13 02:34:42,6820.0,200.0,14400.0
970,2021-10-13 02:34:40,6820.0,300.0,14200.0
971,2021-10-13 02:34:30,6820.0,700.0,13900.0
972,2021-10-13 02:34:17,6800.0,1000.0,13200.0
973,2021-10-13 02:34:17,6800.0,900.0,12200.0
974,2021-10-13 02:34:14,6800.0,800.0,11300.0
975,2021-10-13 02:34:07,6800.0,400.0,10500.0
976,2021-10-13 02:34:07,6800.0,200.0,10100.0
977,2021-10-13 02:33:59,6800.0,400.0,9900.0
978,2021-10-13 02:33:59,6800.0,100.0,9500.0
979,2021-10-13 02:33:35,6790.0,200.0,9400.0
980,2021-10-13 02:33:29,6780.0,200.0,9200.0
981,2021-10-13 02:33:29,6780.0,100.0,9000.0
982,2021-10-13 02:33:29,6780.0,200.0,8900.0
983,2021-10-13 02:33:29,6780.0,400.0,8700.0
984,2021-10-13 02:33:18,6780.0,100.0,8300.0
985,2021-10-13 02:33:18,6780.0,100.0,8200.0
986,2021-10-13 02:32:03,6780.0,900.0,8100.0
987,2021-10-13 02:32:03,6780.0,100.0,7200.0
988,2021-10-13 02:30:32,6750.0,500.0,7100.0
989,2021-10-13 02:30:32,6750.0,1300.0,6600.0
990,2021-10-13 02:28:49,6740.0,300.0,5300.0
991,2021-10-13 02:28:49,6740.0,100.0,5000.0
992,2021-10-13 02:28:49,6740.0,100.0,4900.0
993,2021-10-13 02:25:45,6740.0,900.0,4800.0
994,2021-10-13 02:25:45,6740.0,100.0,3900.0
995,2021-10-13 02:21:14,6730.0,1000.0,3800.0
996,2021-10-13 02:19:26,6720.0,500.0,2800.0
997,2021-10-13 02:17:55,6730.0,500.0,2300.0
998,2021-10-13 02:16:47,6730.0,200.0,1800.0
999,2021-10-13 02:15:01,6720.0,1300.0,1600.0
1000,2021-10-13 02:15:01,6720.0,200.0,300.0
1001,2021-10-13 02:15:01,6720.0,100.0,100.0
