,Time,Price,Volume_per_trade,Volume
0,2021-10-20 07:45:00,7440.0,3100.0,1651300.0
1,2021-10-20 07:45:00,7440.0,1900.0,1648200.0
2,2021-10-20 07:45:00,7440.0,3100.0,1646300.0
3,2021-10-20 07:45:00,7440.0,2000.0,1643200.0
4,2021-10-20 07:45:00,7440.0,4000.0,1641200.0
5,2021-10-20 07:45:00,7440.0,900.0,1637200.0
6,2021-10-20 07:45:00,7440.0,100.0,1636300.0
7,2021-10-20 07:45:00,7440.0,500.0,1636200.0
8,2021-10-20 07:45:00,7440.0,100.0,1635700.0
9,2021-10-20 07:45:00,7440.0,3000.0,1635600.0
10,2021-10-20 07:45:00,7440.0,3800.0,1632600.0
11,2021-10-20 07:45:00,7440.0,200.0,1628800.0
12,2021-10-20 07:45:00,7440.0,200.0,1628600.0
13,2021-10-20 07:45:00,7440.0,2100.0,1628400.0
14,2021-10-20 07:45:00,7440.0,3400.0,1626300.0
15,2021-10-20 07:45:00,7440.0,200.0,1622900.0
16,2021-10-20 07:45:00,7440.0,5000.0,1622700.0
17,2021-10-20 07:45:00,7440.0,500.0,1617700.0
18,2021-10-20 07:45:00,7440.0,1000.0,1617200.0
19,2021-10-20 07:45:00,7440.0,800.0,1616200.0
20,2021-10-20 07:45:00,7440.0,200.0,1615400.0
21,2021-10-20 07:45:00,7440.0,3000.0,1615200.0
22,2021-10-20 07:45:00,7440.0,200.0,1612200.0
23,2021-10-20 07:45:00,7440.0,200.0,1612000.0
24,2021-10-20 07:45:00,7440.0,3000.0,1611800.0
25,2021-10-20 07:45:00,7440.0,2500.0,1608800.0
26,2021-10-20 07:45:00,7440.0,500.0,1606300.0
27,2021-10-20 07:45:00,7440.0,1500.0,1605800.0
28,2021-10-20 07:45:00,7440.0,500.0,1604300.0
29,2021-10-20 07:29:05,7420.0,200.0,1603800.0
30,2021-10-20 07:28:56,7420.0,100.0,1603600.0
31,2021-10-20 07:28:49,7420.0,1700.0,1603500.0
32,2021-10-20 07:28:28,7430.0,500.0,1601800.0
33,2021-10-20 07:28:12,7430.0,500.0,1601300.0
34,2021-10-20 07:28:06,7430.0,1000.0,1600800.0
35,2021-10-20 07:27:56,7430.0,500.0,1599800.0
36,2021-10-20 07:27:33,7430.0,2000.0,1599300.0
37,2021-10-20 07:26:57,7430.0,300.0,1597300.0
38,2021-10-20 07:26:57,7400.0,700.0,1597000.0
39,2021-10-20 07:26:57,7400.0,1000.0,1596300.0
40,2021-10-20 07:26:53,7380.0,500.0,1595300.0
41,2021-10-20 07:26:53,7390.0,1000.0,1594800.0
42,2021-10-20 07:26:52,7390.0,3000.0,1593800.0
43,2021-10-20 07:26:52,7390.0,1000.0,1590800.0
44,2021-10-20 07:25:53,7380.0,500.0,1589800.0
45,2021-10-20 07:25:50,7380.0,2000.0,1589300.0
46,2021-10-20 07:25:39,7380.0,4100.0,1587300.0
47,2021-10-20 07:25:26,7370.0,10000.0,1583200.0
48,2021-10-20 07:25:22,7350.0,2000.0,1573200.0
49,2021-10-20 07:25:19,7350.0,1000.0,1571200.0
50,2021-10-20 07:25:11,7340.0,800.0,1570200.0
51,2021-10-20 07:25:10,7340.0,100.0,1569400.0
52,2021-10-20 07:24:57,7340.0,100.0,1569300.0
53,2021-10-20 07:24:28,7320.0,1800.0,1569200.0
54,2021-10-20 07:24:22,7320.0,100.0,1567400.0
55,2021-10-20 07:23:54,7300.0,100.0,1567300.0
56,2021-10-20 07:23:54,7300.0,1200.0,1567200.0
57,2021-10-20 07:23:53,7300.0,100.0,1566000.0
58,2021-10-20 07:23:50,7300.0,2000.0,1565900.0
59,2021-10-20 07:23:37,7300.0,2000.0,1563900.0
60,2021-10-20 07:23:23,7300.0,100.0,1561900.0
61,2021-10-20 07:23:19,7280.0,2000.0,1561800.0
62,2021-10-20 07:23:19,7280.0,200.0,1559800.0
63,2021-10-20 07:23:19,7280.0,800.0,1559600.0
64,2021-10-20 07:23:18,7300.0,5000.0,1558800.0
65,2021-10-20 07:23:18,7300.0,1000.0,1553800.0
66,2021-10-20 07:23:12,7300.0,100.0,1552800.0
67,2021-10-20 07:23:10,7320.0,6000.0,1552700.0
68,2021-10-20 07:22:50,7300.0,100.0,1546700.0
69,2021-10-20 07:22:39,7280.0,100.0,1546600.0
70,2021-10-20 07:22:31,7280.0,100.0,1546500.0
71,2021-10-20 07:22:29,7280.0,400.0,1546400.0
72,2021-10-20 07:22:29,7280.0,100.0,1546000.0
73,2021-10-20 07:22:26,7280.0,300.0,1545900.0
74,2021-10-20 07:22:20,7280.0,200.0,1545600.0
75,2021-10-20 07:22:12,7260.0,5200.0,1545400.0
76,2021-10-20 07:22:12,7260.0,300.0,1540200.0
77,2021-10-20 07:21:58,7260.0,200.0,1539900.0
78,2021-10-20 07:21:39,7250.0,24100.0,1539700.0
79,2021-10-20 07:21:34,7260.0,500.0,1515600.0
80,2021-10-20 07:21:33,7250.0,4300.0,1515100.0
81,2021-10-20 07:21:29,7260.0,500.0,1510800.0
82,2021-10-20 07:21:29,7260.0,100.0,1510300.0
83,2021-10-20 07:21:29,7260.0,400.0,1510200.0
84,2021-10-20 07:21:15,7260.0,500.0,1509800.0
85,2021-10-20 07:21:11,7270.0,200.0,1509300.0
86,2021-10-20 07:21:06,7260.0,400.0,1509100.0
87,2021-10-20 07:20:57,7280.0,1000.0,1508700.0
88,2021-10-20 07:20:54,7260.0,100.0,1507700.0
89,2021-10-20 07:20:54,7260.0,100.0,1507600.0
90,2021-10-20 07:20:54,7260.0,100.0,1507500.0
91,2021-10-20 07:20:54,7260.0,1000.0,1507400.0
92,2021-10-20 07:20:45,7280.0,1000.0,1506400.0
93,2021-10-20 07:20:12,7280.0,200.0,1505400.0
94,2021-10-20 07:20:00,7280.0,100.0,1505200.0
95,2021-10-20 07:20:00,7280.0,800.0,1505100.0
96,2021-10-20 07:20:00,7280.0,1000.0,1504300.0
97,2021-10-20 07:20:00,7280.0,100.0,1503300.0
98,2021-10-20 07:20:00,7280.0,800.0,1503200.0
99,2021-10-20 07:20:00,7280.0,500.0,1502400.0
100,2021-10-20 07:20:00,7280.0,500.0,1501900.0
101,2021-10-20 07:20:00,7280.0,800.0,1501400.0
102,2021-10-20 07:19:39,7280.0,200.0,1500600.0
103,2021-10-20 07:19:32,7300.0,500.0,1500400.0
104,2021-10-20 07:19:32,7300.0,3000.0,1499900.0
105,2021-10-20 07:19:32,7300.0,2000.0,1496900.0
106,2021-10-20 07:19:32,7300.0,300.0,1494900.0
107,2021-10-20 07:19:32,7300.0,3000.0,1494600.0
108,2021-10-20 07:19:32,7300.0,500.0,1491600.0
109,2021-10-20 07:19:32,7300.0,2500.0,1491100.0
110,2021-10-20 07:19:32,7300.0,1000.0,1488600.0
111,2021-10-20 07:19:19,7320.0,100.0,1487600.0
112,2021-10-20 07:19:13,7320.0,5000.0,1487500.0
113,2021-10-20 07:19:13,7320.0,500.0,1482500.0
114,2021-10-20 07:19:13,7320.0,300.0,1482000.0
115,2021-10-20 07:19:13,7320.0,200.0,1481700.0
116,2021-10-20 07:18:43,7320.0,200.0,1481500.0
117,2021-10-20 07:18:43,7320.0,400.0,1481300.0
118,2021-10-20 07:18:43,7340.0,1000.0,1480900.0
119,2021-10-20 07:18:43,7340.0,400.0,1479900.0
120,2021-10-20 07:18:43,7350.0,100.0,1479500.0
121,2021-10-20 07:18:43,7350.0,500.0,1479400.0
122,2021-10-20 07:18:43,7350.0,200.0,1478900.0
123,2021-10-20 07:18:43,7350.0,100.0,1478700.0
124,2021-10-20 07:18:43,7350.0,100.0,1478600.0
125,2021-10-20 07:18:40,7360.0,100.0,1478500.0
126,2021-10-20 07:18:40,7360.0,100.0,1478400.0
127,2021-10-20 07:18:40,7360.0,1000.0,1478300.0
128,2021-10-20 07:18:40,7360.0,200.0,1477300.0
129,2021-10-20 07:18:03,7360.0,100.0,1477100.0
130,2021-10-20 07:18:03,7360.0,500.0,1477000.0
131,2021-10-20 07:18:03,7360.0,200.0,1476500.0
132,2021-10-20 07:18:03,7360.0,200.0,1476300.0
133,2021-10-20 07:18:02,7380.0,900.0,1476100.0
134,2021-10-20 07:17:49,7380.0,100.0,1475200.0
135,2021-10-20 07:17:49,7380.0,1000.0,1475100.0
136,2021-10-20 07:17:49,7380.0,100.0,1474100.0
137,2021-10-20 07:17:49,7380.0,3300.0,1474000.0
138,2021-10-20 07:17:49,7400.0,500.0,1470700.0
139,2021-10-20 07:17:40,7420.0,700.0,1470200.0
140,2021-10-20 07:17:40,7400.0,100.0,1469500.0
141,2021-10-20 07:17:40,7400.0,500.0,1469400.0
142,2021-10-20 07:17:30,7400.0,500.0,1468900.0
143,2021-10-20 07:17:07,7420.0,1000.0,1468400.0
144,2021-10-20 07:16:58,7400.0,200.0,1467400.0
145,2021-10-20 07:16:53,7420.0,100.0,1467200.0
146,2021-10-20 07:16:38,7400.0,300.0,1467100.0
147,2021-10-20 07:16:38,7400.0,100.0,1466800.0
148,2021-10-20 07:16:04,7420.0,700.0,1466700.0
149,2021-10-20 07:15:50,7400.0,4900.0,1466000.0
150,2021-10-20 07:15:50,7400.0,1000.0,1461100.0
151,2021-10-20 07:15:50,7400.0,300.0,1460100.0
152,2021-10-20 07:15:50,7400.0,400.0,1459800.0
153,2021-10-20 07:15:50,7400.0,1000.0,1459400.0
154,2021-10-20 07:15:50,7400.0,1000.0,1458400.0
155,2021-10-20 07:15:50,7400.0,500.0,1457400.0
156,2021-10-20 07:15:43,7420.0,500.0,1456900.0
157,2021-10-20 07:15:10,7400.0,100.0,1456400.0
158,2021-10-20 07:15:10,7400.0,200.0,1456300.0
159,2021-10-20 07:15:10,7400.0,500.0,1456100.0
160,2021-10-20 07:15:10,7400.0,500.0,1455600.0
161,2021-10-20 07:15:10,7400.0,500.0,1455100.0
162,2021-10-20 07:15:10,7400.0,200.0,1454600.0
163,2021-10-20 07:14:56,7400.0,1600.0,1454400.0
164,2021-10-20 07:14:56,7400.0,8400.0,1452800.0
165,2021-10-20 07:14:40,7400.0,3000.0,1444400.0
166,2021-10-20 07:13:54,7400.0,8600.0,1441400.0
167,2021-10-20 07:13:54,7410.0,500.0,1432800.0
168,2021-10-20 07:13:54,7410.0,5000.0,1432300.0
169,2021-10-20 07:13:54,7410.0,1000.0,1427300.0
170,2021-10-20 07:13:54,7420.0,100.0,1426300.0
171,2021-10-20 07:13:54,7420.0,100.0,1426200.0
172,2021-10-20 07:13:54,7420.0,2700.0,1426100.0
173,2021-10-20 07:13:54,7430.0,2000.0,1423400.0
174,2021-10-20 07:13:44,7450.0,2700.0,1421400.0
175,2021-10-20 07:13:44,7440.0,300.0,1418700.0
176,2021-10-20 07:13:34,7420.0,2300.0,1418400.0
177,2021-10-20 07:13:34,7420.0,1000.0,1416100.0
178,2021-10-20 07:13:34,7430.0,1000.0,1415100.0
179,2021-10-20 07:13:05,7440.0,200.0,1414100.0
180,2021-10-20 07:13:05,7440.0,1000.0,1413900.0
181,2021-10-20 07:13:05,7440.0,500.0,1412900.0
182,2021-10-20 07:12:05,7440.0,500.0,1412400.0
183,2021-10-20 07:12:05,7440.0,200.0,1411900.0
184,2021-10-20 07:12:05,7440.0,500.0,1411700.0
185,2021-10-20 07:12:05,7440.0,800.0,1411200.0
186,2021-10-20 07:12:05,7450.0,1400.0,1410400.0
187,2021-10-20 07:11:48,7450.0,500.0,1409000.0
188,2021-10-20 07:11:48,7450.0,300.0,1408500.0
189,2021-10-20 07:11:48,7450.0,100.0,1408200.0
190,2021-10-20 07:11:48,7450.0,10000.0,1408100.0
191,2021-10-20 07:11:48,7450.0,10000.0,1398100.0
192,2021-10-20 07:11:48,7450.0,10000.0,1388100.0
193,2021-10-20 07:11:48,7450.0,1000.0,1378100.0
194,2021-10-20 07:11:48,7450.0,1000.0,1377100.0
195,2021-10-20 07:11:48,7450.0,2200.0,1376100.0
196,2021-10-20 07:11:48,7460.0,100.0,1373900.0
197,2021-10-20 07:11:16,7490.0,900.0,1373800.0
198,2021-10-20 07:09:22,7500.0,3500.0,1372900.0
199,2021-10-20 07:09:22,7500.0,500.0,1369400.0
200,2021-10-20 07:09:22,7500.0,700.0,1368900.0
201,2021-10-20 07:09:22,7500.0,1000.0,1368200.0
202,2021-10-20 07:09:22,7500.0,4300.0,1367200.0
203,2021-10-20 07:08:26,7500.0,200.0,1362900.0
204,2021-10-20 07:06:54,7500.0,500.0,1362700.0
205,2021-10-20 07:06:54,7460.0,1000.0,1362200.0
206,2021-10-20 07:06:27,7460.0,500.0,1361200.0
207,2021-10-20 07:06:04,7460.0,1000.0,1360700.0
208,2021-10-20 07:05:48,7460.0,9000.0,1359700.0
209,2021-10-20 07:05:12,7460.0,1000.0,1350700.0
210,2021-10-20 07:03:27,7450.0,700.0,1349700.0
211,2021-10-20 07:03:24,7450.0,800.0,1349000.0
212,2021-10-20 07:03:19,7450.0,1000.0,1348200.0
213,2021-10-20 07:03:15,7450.0,500.0,1347200.0
214,2021-10-20 07:03:15,7460.0,300.0,1346700.0
215,2021-10-20 07:02:10,7500.0,1000.0,1346400.0
216,2021-10-20 07:01:29,7450.0,800.0,1345400.0
217,2021-10-20 07:00:57,7450.0,2000.0,1344600.0
218,2021-10-20 07:00:57,7450.0,30200.0,1342600.0
219,2021-10-20 07:00:35,7450.0,19800.0,1312400.0
220,2021-10-20 07:00:35,7450.0,2000.0,1292600.0
221,2021-10-20 07:00:35,7460.0,600.0,1290600.0
222,2021-10-20 07:00:35,7460.0,1400.0,1290000.0
223,2021-10-20 07:00:35,7490.0,800.0,1288600.0
224,2021-10-20 06:59:45,7490.0,200.0,1287800.0
225,2021-10-20 06:59:45,7480.0,1000.0,1287600.0
226,2021-10-20 06:59:41,7460.0,600.0,1286600.0
227,2021-10-20 06:59:41,7480.0,400.0,1286000.0
228,2021-10-20 06:59:22,7480.0,1000.0,1285600.0
229,2021-10-20 06:58:53,7480.0,8600.0,1284600.0
230,2021-10-20 06:57:15,7450.0,1000.0,1276000.0
231,2021-10-20 06:56:01,7450.0,200.0,1275000.0
232,2021-10-20 06:55:07,7450.0,500.0,1274800.0
233,2021-10-20 06:54:53,7450.0,5000.0,1274300.0
234,2021-10-20 06:54:50,7450.0,300.0,1269300.0
235,2021-10-20 06:54:44,7450.0,1500.0,1269000.0
236,2021-10-20 06:54:32,7450.0,200.0,1267500.0
237,2021-10-20 06:54:09,7450.0,100.0,1267300.0
238,2021-10-20 06:53:59,7450.0,1100.0,1267200.0
239,2021-10-20 06:53:59,7450.0,400.0,1266100.0
240,2021-10-20 06:53:19,7450.0,5000.0,1265700.0
241,2021-10-20 06:53:04,7440.0,200.0,1260700.0
242,2021-10-20 06:52:41,7450.0,300.0,1260500.0
243,2021-10-20 06:52:41,7450.0,3000.0,1260200.0
244,2021-10-20 06:52:41,7450.0,500.0,1257200.0
245,2021-10-20 06:52:41,7450.0,200.0,1256700.0
246,2021-10-20 06:52:41,7450.0,100.0,1256500.0
247,2021-10-20 06:52:41,7450.0,500.0,1256400.0
248,2021-10-20 06:52:37,7460.0,1000.0,1255900.0
249,2021-10-20 06:52:21,7460.0,100.0,1254900.0
250,2021-10-20 06:52:16,7450.0,10000.0,1254800.0
251,2021-10-20 06:51:38,7460.0,1000.0,1244800.0
252,2021-10-20 06:51:38,7460.0,400.0,1243800.0
253,2021-10-20 06:51:38,7460.0,400.0,1243400.0
254,2021-10-20 06:50:57,7480.0,1000.0,1243000.0
255,2021-10-20 06:50:37,7480.0,400.0,1242000.0
256,2021-10-20 06:50:37,7480.0,6100.0,1241600.0
257,2021-10-20 06:50:36,7480.0,100.0,1235500.0
258,2021-10-20 06:49:42,7480.0,6200.0,1235400.0
259,2021-10-20 06:48:39,7480.0,2000.0,1229200.0
260,2021-10-20 06:48:39,7480.0,500.0,1227200.0
261,2021-10-20 06:48:39,7480.0,500.0,1226700.0
262,2021-10-20 06:48:39,7480.0,100.0,1226200.0
263,2021-10-20 06:47:52,7480.0,300.0,1226100.0
264,2021-10-20 06:47:49,7480.0,100.0,1225800.0
265,2021-10-20 06:47:10,7480.0,100.0,1225700.0
266,2021-10-20 06:47:05,7480.0,100.0,1225600.0
267,2021-10-20 06:47:05,7480.0,100.0,1225500.0
268,2021-10-20 06:47:05,7480.0,3000.0,1225400.0
269,2021-10-20 06:47:05,7480.0,2000.0,1222400.0
270,2021-10-20 06:47:05,7480.0,1000.0,1220400.0
271,2021-10-20 06:47:00,7490.0,500.0,1219400.0
272,2021-10-20 06:46:34,7490.0,200.0,1218900.0
273,2021-10-20 06:46:34,7500.0,4300.0,1218700.0
274,2021-10-20 06:46:31,7510.0,1000.0,1214400.0
275,2021-10-20 06:45:46,7500.0,5300.0,1213400.0
276,2021-10-20 06:45:41,7500.0,20000.0,1208100.0
277,2021-10-20 06:43:47,7500.0,5000.0,1188100.0
278,2021-10-20 06:43:36,7500.0,400.0,1183100.0
279,2021-10-20 06:43:30,7500.0,1000.0,1182700.0
280,2021-10-20 06:42:31,7500.0,200.0,1181700.0
281,2021-10-20 06:42:31,7500.0,100.0,1181500.0
282,2021-10-20 06:42:31,7500.0,500.0,1181400.0
283,2021-10-20 06:42:31,7500.0,200.0,1180900.0
284,2021-10-20 06:42:31,7500.0,2300.0,1180700.0
285,2021-10-20 06:41:55,7500.0,100.0,1178400.0
286,2021-10-20 06:41:20,7500.0,17600.0,1178300.0
287,2021-10-20 06:41:20,7500.0,1000.0,1160700.0
288,2021-10-20 06:41:20,7500.0,5000.0,1159700.0
289,2021-10-20 06:41:20,7500.0,300.0,1154700.0
290,2021-10-20 06:41:20,7500.0,3000.0,1154400.0
291,2021-10-20 06:41:20,7500.0,200.0,1151400.0
292,2021-10-20 06:41:20,7500.0,100.0,1151200.0
293,2021-10-20 06:41:20,7500.0,1000.0,1151100.0
294,2021-10-20 06:41:20,7500.0,500.0,1150100.0
295,2021-10-20 06:41:20,7500.0,1000.0,1149600.0
296,2021-10-20 06:41:20,7500.0,2800.0,1148600.0
297,2021-10-20 06:41:20,7510.0,1600.0,1145800.0
298,2021-10-20 06:41:20,7510.0,900.0,1144200.0
299,2021-10-20 06:40:20,7510.0,4500.0,1143300.0
300,2021-10-20 06:39:03,7510.0,4600.0,1138800.0
301,2021-10-20 06:38:39,7510.0,500.0,1134200.0
302,2021-10-20 06:38:21,7510.0,100.0,1133700.0
303,2021-10-20 06:38:21,7510.0,200.0,1133600.0
304,2021-10-20 06:38:21,7510.0,10000.0,1133400.0
305,2021-10-20 06:38:21,7510.0,600.0,1123400.0
306,2021-10-20 06:38:21,7520.0,300.0,1122800.0
307,2021-10-20 06:38:21,7520.0,200.0,1122500.0
308,2021-10-20 06:38:21,7520.0,3500.0,1122300.0
309,2021-10-20 06:38:12,7550.0,1100.0,1118800.0
310,2021-10-20 06:38:12,7550.0,2000.0,1117700.0
311,2021-10-20 06:38:12,7550.0,200.0,1115700.0
312,2021-10-20 06:38:12,7550.0,900.0,1115500.0
313,2021-10-20 06:38:12,7550.0,5700.0,1114600.0
314,2021-10-20 06:38:12,7540.0,100.0,1108900.0
315,2021-10-20 06:37:19,7550.0,2300.0,1108800.0
316,2021-10-20 06:37:19,7550.0,100.0,1106500.0
317,2021-10-20 06:37:19,7550.0,800.0,1106400.0
318,2021-10-20 06:37:19,7540.0,100.0,1105600.0
319,2021-10-20 06:37:19,7540.0,5000.0,1105500.0
320,2021-10-20 06:37:19,7540.0,1000.0,1100500.0
321,2021-10-20 06:37:19,7540.0,500.0,1099500.0
322,2021-10-20 06:37:19,7540.0,200.0,1099000.0
323,2021-10-20 06:37:19,7520.0,1500.0,1098800.0
324,2021-10-20 06:37:01,7530.0,1000.0,1097300.0
325,2021-10-20 06:36:04,7540.0,100.0,1096300.0
326,2021-10-20 06:36:04,7540.0,100.0,1096200.0
327,2021-10-20 06:36:00,7530.0,3000.0,1096100.0
328,2021-10-20 06:35:47,7540.0,200.0,1093100.0
329,2021-10-20 06:35:12,7540.0,3500.0,1092900.0
330,2021-10-20 06:34:30,7540.0,200.0,1089400.0
331,2021-10-20 06:34:30,7540.0,300.0,1089200.0
332,2021-10-20 06:34:06,7540.0,500.0,1088900.0
333,2021-10-20 06:33:02,7530.0,2000.0,1088400.0
334,2021-10-20 06:33:02,7530.0,8000.0,1086400.0
335,2021-10-20 06:32:34,7530.0,100.0,1078400.0
336,2021-10-20 06:32:00,7530.0,1000.0,1078300.0
337,2021-10-20 06:31:53,7530.0,900.0,1077300.0
338,2021-10-20 06:31:53,7530.0,100.0,1076400.0
339,2021-10-20 06:31:40,7540.0,1200.0,1076300.0
340,2021-10-20 06:31:18,7540.0,1000.0,1075100.0
341,2021-10-20 06:31:06,7550.0,1000.0,1074100.0
342,2021-10-20 06:29:59,7550.0,200.0,1073100.0
343,2021-10-20 06:29:45,7540.0,800.0,1072900.0
344,2021-10-20 06:29:37,7540.0,900.0,1072100.0
345,2021-10-20 06:29:06,7540.0,300.0,1071200.0
346,2021-10-20 06:28:33,7550.0,100.0,1070900.0
347,2021-10-20 06:28:25,7550.0,1000.0,1070800.0
348,2021-10-20 06:28:06,7560.0,1300.0,1069800.0
349,2021-10-20 06:27:56,7550.0,900.0,1068500.0
350,2021-10-20 06:27:55,7550.0,100.0,1067600.0
351,2021-10-20 06:27:18,7560.0,700.0,1067500.0
352,2021-10-20 06:24:12,7560.0,1000.0,1066800.0
353,2021-10-20 06:21:24,7560.0,500.0,1065800.0
354,2021-10-20 06:21:24,7560.0,700.0,1065300.0
355,2021-10-20 06:21:16,7560.0,300.0,1064600.0
356,2021-10-20 06:21:16,7560.0,4700.0,1064300.0
357,2021-10-20 06:20:57,7560.0,300.0,1059600.0
358,2021-10-20 06:20:57,7560.0,700.0,1059300.0
359,2021-10-20 06:20:30,7560.0,3000.0,1058600.0
360,2021-10-20 06:20:15,7560.0,1300.0,1055600.0
361,2021-10-20 06:19:04,7560.0,3700.0,1054300.0
362,2021-10-20 06:19:01,7560.0,1400.0,1050600.0
363,2021-10-20 06:18:27,7560.0,2000.0,1049200.0
364,2021-10-20 06:18:25,7560.0,1900.0,1047200.0
365,2021-10-20 06:17:26,7560.0,1000.0,1045300.0
366,2021-10-20 06:17:21,7560.0,1000.0,1044300.0
367,2021-10-20 06:16:25,7560.0,100.0,1043300.0
368,2021-10-20 06:16:25,7560.0,1000.0,1043200.0
369,2021-10-20 06:16:25,7560.0,300.0,1042200.0
370,2021-10-20 06:16:25,7560.0,1500.0,1041900.0
371,2021-10-20 06:16:25,7560.0,3000.0,1040400.0
372,2021-10-20 06:16:25,7560.0,2100.0,1037400.0
373,2021-10-20 06:16:25,7550.0,300.0,1035300.0
374,2021-10-20 06:16:25,7540.0,500.0,1035000.0
375,2021-10-20 06:16:25,7540.0,200.0,1034500.0
376,2021-10-20 06:15:41,7540.0,200.0,1034300.0
377,2021-10-20 06:15:21,7540.0,700.0,1034100.0
378,2021-10-20 06:15:10,7540.0,2000.0,1033400.0
379,2021-10-20 06:15:10,7540.0,700.0,1031400.0
380,2021-10-20 06:15:10,7540.0,600.0,1030700.0
381,2021-10-20 06:15:10,7540.0,200.0,1030100.0
382,2021-10-20 06:14:00,7540.0,200.0,1029900.0
383,2021-10-20 06:13:05,7550.0,200.0,1029700.0
384,2021-10-20 06:12:39,7550.0,500.0,1029500.0
385,2021-10-20 06:12:22,7550.0,2500.0,1029000.0
386,2021-10-20 06:11:49,7550.0,100.0,1026500.0
387,2021-10-20 06:09:42,7550.0,1000.0,1026400.0
388,2021-10-20 06:09:23,7550.0,500.0,1025400.0
389,2021-10-20 06:09:23,7550.0,500.0,1024900.0
390,2021-10-20 06:07:55,7550.0,2500.0,1024400.0
391,2021-10-20 06:07:33,7550.0,500.0,1021900.0
392,2021-10-20 06:06:02,7560.0,2900.0,1021400.0
393,2021-10-20 06:06:02,7560.0,1000.0,1018500.0
394,2021-10-20 06:06:02,7550.0,500.0,1017500.0
395,2021-10-20 06:04:03,7560.0,500.0,1017000.0
396,2021-10-20 06:03:13,7550.0,100.0,1016500.0
397,2021-10-20 06:03:05,7550.0,100.0,1016400.0
398,2021-10-20 06:03:02,7550.0,200.0,1016300.0
399,2021-10-20 06:02:18,7550.0,2200.0,1016100.0
400,2021-10-20 06:01:17,7550.0,5000.0,1013900.0
401,2021-10-20 06:01:17,7550.0,1500.0,1008900.0
402,2021-10-20 06:01:17,7550.0,800.0,1007400.0
403,2021-10-20 06:01:17,7550.0,100.0,1006600.0
404,2021-10-20 06:00:43,7550.0,4900.0,1006500.0
405,2021-10-20 06:00:43,7550.0,100.0,1001600.0
406,2021-10-20 06:00:40,7560.0,500.0,1001500.0
407,2021-10-20 06:00:40,7560.0,1000.0,1001000.0
408,2021-10-20 06:00:40,7560.0,500.0,1000000.0
409,2021-10-20 06:00:05,7550.0,400.0,999500.0
410,2021-10-20 06:00:00,7550.0,100.0,999100.0
411,2021-10-20 06:00:00,7550.0,100.0,999000.0
412,2021-10-20 06:00:00,7550.0,100.0,998900.0
413,2021-10-20 06:00:00,7550.0,100.0,998800.0
414,2021-10-20 06:00:00,7550.0,600.0,998700.0
415,2021-10-20 04:27:36,7550.0,900.0,998100.0
416,2021-10-20 04:26:50,7550.0,100.0,997200.0
417,2021-10-20 04:26:23,7550.0,2000.0,997100.0
418,2021-10-20 04:25:20,7550.0,5000.0,995100.0
419,2021-10-20 04:24:51,7550.0,2000.0,990100.0
420,2021-10-20 04:23:21,7550.0,900.0,988100.0
421,2021-10-20 04:23:21,7550.0,4100.0,987200.0
422,2021-10-20 04:21:17,7550.0,1000.0,983100.0
423,2021-10-20 04:21:17,7550.0,4000.0,982100.0
424,2021-10-20 04:21:17,7550.0,1000.0,978100.0
425,2021-10-20 04:21:17,7550.0,100.0,977100.0
426,2021-10-20 04:21:17,7550.0,100.0,977000.0
427,2021-10-20 04:21:17,7550.0,100.0,976900.0
428,2021-10-20 04:21:17,7550.0,500.0,976800.0
429,2021-10-20 04:21:17,7550.0,1000.0,976300.0
430,2021-10-20 04:21:17,7550.0,1000.0,975300.0
431,2021-10-20 04:21:17,7550.0,300.0,974300.0
432,2021-10-20 04:21:17,7550.0,100.0,974000.0
433,2021-10-20 04:21:17,7550.0,1700.0,973900.0
434,2021-10-20 04:21:17,7540.0,5000.0,972200.0
435,2021-10-20 04:20:43,7540.0,1000.0,967200.0
436,2021-10-20 04:20:43,7540.0,100.0,966200.0
437,2021-10-20 04:20:43,7540.0,2000.0,966100.0
438,2021-10-20 04:19:44,7540.0,3000.0,964100.0
439,2021-10-20 04:18:58,7540.0,5000.0,961100.0
440,2021-10-20 04:18:42,7530.0,900.0,956100.0
441,2021-10-20 04:18:26,7530.0,200.0,955200.0
442,2021-10-20 04:18:26,7530.0,500.0,955000.0
443,2021-10-20 04:18:26,7530.0,500.0,954500.0
444,2021-10-20 04:18:26,7530.0,2900.0,954000.0
445,2021-10-20 04:18:19,7530.0,500.0,951100.0
446,2021-10-20 04:17:49,7530.0,1000.0,950600.0
447,2021-10-20 04:16:04,7530.0,600.0,949600.0
448,2021-10-20 04:15:35,7530.0,3000.0,949000.0
449,2021-10-20 04:15:18,7530.0,600.0,946000.0
450,2021-10-20 04:15:18,7530.0,200.0,945400.0
451,2021-10-20 04:15:18,7530.0,600.0,945200.0
452,2021-10-20 04:14:59,7530.0,100.0,944600.0
453,2021-10-20 04:14:59,7530.0,500.0,944500.0
454,2021-10-20 04:14:59,7530.0,800.0,944000.0
455,2021-10-20 04:14:35,7530.0,100.0,943200.0
456,2021-10-20 04:14:31,7530.0,4000.0,943100.0
457,2021-10-20 04:13:27,7530.0,100.0,939100.0
458,2021-10-20 04:10:15,7520.0,100.0,939000.0
459,2021-10-20 04:09:10,7520.0,1900.0,938900.0
460,2021-10-20 04:08:26,7520.0,100.0,937000.0
461,2021-10-20 04:08:26,7520.0,4900.0,936900.0
462,2021-10-20 04:07:30,7520.0,100.0,932000.0
463,2021-10-20 04:07:24,7520.0,5000.0,931900.0
464,2021-10-20 04:07:24,7520.0,1800.0,926900.0
465,2021-10-20 04:07:24,7520.0,1900.0,925100.0
466,2021-10-20 04:07:24,7510.0,1200.0,923200.0
467,2021-10-20 04:07:13,7510.0,1500.0,922000.0
468,2021-10-20 04:07:10,7510.0,100.0,920500.0
469,2021-10-20 04:06:57,7510.0,300.0,920400.0
470,2021-10-20 04:06:37,7510.0,1900.0,920100.0
471,2021-10-20 04:06:19,7510.0,100.0,918200.0
472,2021-10-20 04:03:00,7520.0,100.0,918100.0
473,2021-10-20 04:03:00,7520.0,500.0,918000.0
474,2021-10-20 04:02:10,7510.0,5000.0,917500.0
475,2021-10-20 04:01:18,7500.0,1000.0,912500.0
476,2021-10-20 04:01:18,7500.0,1000.0,911500.0
477,2021-10-20 04:01:18,7500.0,200.0,910500.0
478,2021-10-20 04:00:44,7500.0,2200.0,910300.0
479,2021-10-20 04:00:24,7500.0,700.0,908100.0
480,2021-10-20 04:00:17,7500.0,200.0,907400.0
481,2021-10-20 04:00:17,7500.0,1700.0,907200.0
482,2021-10-20 04:00:01,7500.0,3300.0,905500.0
483,2021-10-20 03:59:43,7500.0,600.0,902200.0
484,2021-10-20 03:59:43,7500.0,1100.0,901600.0
485,2021-10-20 03:59:00,7500.0,2000.0,900500.0
486,2021-10-20 03:58:57,7500.0,500.0,898500.0
487,2021-10-20 03:58:57,7500.0,100.0,898000.0
488,2021-10-20 03:58:57,7500.0,300.0,897900.0
489,2021-10-20 03:57:42,7500.0,1000.0,897600.0
490,2021-10-20 03:57:13,7500.0,3000.0,896600.0
491,2021-10-20 03:57:13,7500.0,500.0,893600.0
492,2021-10-20 03:57:13,7500.0,300.0,893100.0
493,2021-10-20 03:57:13,7500.0,4200.0,892800.0
494,2021-10-20 03:56:14,7500.0,300.0,888600.0
495,2021-10-20 03:53:50,7500.0,2000.0,888300.0
496,2021-10-20 03:53:07,7500.0,500.0,886300.0
497,2021-10-20 03:52:32,7500.0,900.0,885800.0
498,2021-10-20 03:52:26,7500.0,100.0,884900.0
499,2021-10-20 03:52:19,7500.0,500.0,884800.0
500,2021-10-20 03:52:19,7500.0,500.0,884300.0
501,2021-10-20 03:52:19,7500.0,4500.0,883800.0
502,2021-10-20 03:51:34,7500.0,500.0,879300.0
503,2021-10-20 03:51:34,7500.0,500.0,878800.0
504,2021-10-20 03:51:34,7500.0,300.0,878300.0
505,2021-10-20 03:51:34,7500.0,300.0,878000.0
506,2021-10-20 03:51:34,7500.0,5200.0,877700.0
507,2021-10-20 03:51:27,7500.0,700.0,872500.0
508,2021-10-20 03:51:20,7500.0,400.0,871800.0
509,2021-10-20 03:51:15,7500.0,2000.0,871400.0
510,2021-10-20 03:51:06,7500.0,1000.0,869400.0
511,2021-10-20 03:51:05,7500.0,200.0,868400.0
512,2021-10-20 03:51:03,7500.0,5000.0,868200.0
513,2021-10-20 03:50:07,7500.0,1400.0,863200.0
514,2021-10-20 03:50:07,7500.0,2400.0,861800.0
515,2021-10-20 03:48:26,7500.0,1800.0,859400.0
516,2021-10-20 03:48:26,7500.0,1000.0,857600.0
517,2021-10-20 03:48:26,7500.0,500.0,856600.0
518,2021-10-20 03:48:26,7500.0,1000.0,856100.0
519,2021-10-20 03:48:26,7500.0,1000.0,855100.0
520,2021-10-20 03:48:26,7500.0,1100.0,854100.0
521,2021-10-20 03:48:26,7500.0,1200.0,853000.0
522,2021-10-20 03:48:24,7500.0,1000.0,851800.0
523,2021-10-20 03:48:11,7500.0,10000.0,850800.0
524,2021-10-20 03:46:46,7510.0,5300.0,840800.0
525,2021-10-20 03:46:46,7510.0,300.0,835500.0
526,2021-10-20 03:46:46,7510.0,100.0,835200.0
527,2021-10-20 03:46:46,7510.0,5700.0,835100.0
528,2021-10-20 03:46:25,7510.0,2800.0,829400.0
529,2021-10-20 03:44:16,7510.0,1000.0,826600.0
530,2021-10-20 03:43:51,7510.0,500.0,825600.0
531,2021-10-20 03:43:12,7510.0,500.0,825100.0
532,2021-10-20 03:43:09,7500.0,5000.0,824600.0
533,2021-10-20 03:42:54,7510.0,4000.0,819600.0
534,2021-10-20 03:42:50,7510.0,1000.0,815600.0
535,2021-10-20 03:41:33,7500.0,2000.0,814600.0
536,2021-10-20 03:41:30,7500.0,800.0,812600.0
537,2021-10-20 03:41:10,7500.0,500.0,811800.0
538,2021-10-20 03:41:00,7500.0,2000.0,811300.0
539,2021-10-20 03:40:54,7500.0,1000.0,809300.0
540,2021-10-20 03:40:54,7500.0,700.0,808300.0
541,2021-10-20 03:40:41,7550.0,100.0,807600.0
542,2021-10-20 03:40:33,7500.0,1300.0,807500.0
543,2021-10-20 03:40:33,7500.0,500.0,806200.0
544,2021-10-20 03:40:33,7500.0,500.0,805700.0
545,2021-10-20 03:40:33,7500.0,200.0,805200.0
546,2021-10-20 03:40:33,7500.0,2000.0,805000.0
547,2021-10-20 03:40:33,7510.0,10000.0,803000.0
548,2021-10-20 03:40:33,7510.0,100.0,793000.0
549,2021-10-20 03:40:33,7510.0,900.0,792900.0
550,2021-10-20 03:40:33,7520.0,5000.0,792000.0
551,2021-10-20 03:40:33,7520.0,1600.0,787000.0
552,2021-10-20 03:40:33,7530.0,2900.0,785400.0
553,2021-10-20 03:40:20,7520.0,200.0,782500.0
554,2021-10-20 03:40:20,7530.0,100.0,782300.0
555,2021-10-20 03:39:38,7550.0,1100.0,782200.0
556,2021-10-20 03:39:09,7550.0,100.0,781100.0
557,2021-10-20 03:39:09,7550.0,15200.0,781000.0
558,2021-10-20 03:39:06,7550.0,2000.0,765800.0
559,2021-10-20 03:38:32,7550.0,2800.0,763800.0
560,2021-10-20 03:38:32,7550.0,500.0,761000.0
561,2021-10-20 03:38:32,7560.0,300.0,760500.0
562,2021-10-20 03:38:32,7560.0,2000.0,760200.0
563,2021-10-20 03:38:32,7560.0,500.0,758200.0
564,2021-10-20 03:38:32,7560.0,2000.0,757700.0
565,2021-10-20 03:38:21,7560.0,1000.0,755700.0
566,2021-10-20 03:37:59,7560.0,700.0,754700.0
567,2021-10-20 03:37:43,7560.0,1000.0,754000.0
568,2021-10-20 03:37:29,7580.0,1000.0,753000.0
569,2021-10-20 03:37:29,7580.0,200.0,752000.0
570,2021-10-20 03:37:29,7580.0,500.0,751800.0
571,2021-10-20 03:37:29,7580.0,500.0,751300.0
572,2021-10-20 03:37:15,7580.0,1700.0,750800.0
573,2021-10-20 03:37:13,7580.0,800.0,749100.0
574,2021-10-20 03:37:13,7580.0,200.0,748300.0
575,2021-10-20 03:36:34,7580.0,1000.0,748100.0
576,2021-10-20 03:36:29,7580.0,100.0,747100.0
577,2021-10-20 03:36:29,7580.0,500.0,747000.0
578,2021-10-20 03:36:29,7580.0,400.0,746500.0
579,2021-10-20 03:36:13,7580.0,1000.0,746100.0
580,2021-10-20 03:36:13,7580.0,1000.0,745100.0
581,2021-10-20 03:36:13,7580.0,3000.0,744100.0
582,2021-10-20 03:35:46,7580.0,2000.0,741100.0
583,2021-10-20 03:35:43,7580.0,200.0,739100.0
584,2021-10-20 03:35:33,7590.0,2300.0,738900.0
585,2021-10-20 03:35:33,7590.0,700.0,736600.0
586,2021-10-20 03:34:35,7590.0,1400.0,735900.0
587,2021-10-20 03:34:10,7590.0,200.0,734500.0
588,2021-10-20 03:34:10,7590.0,300.0,734300.0
589,2021-10-20 03:34:10,7590.0,2000.0,734000.0
590,2021-10-20 03:34:10,7590.0,100.0,732000.0
591,2021-10-20 03:34:10,7590.0,500.0,731900.0
592,2021-10-20 03:34:10,7590.0,300.0,731400.0
593,2021-10-20 03:34:10,7590.0,1000.0,731100.0
594,2021-10-20 03:34:10,7590.0,1000.0,730100.0
595,2021-10-20 03:34:10,7590.0,15400.0,729100.0
596,2021-10-20 03:33:59,7590.0,1000.0,713700.0
597,2021-10-20 03:33:52,7590.0,500.0,712700.0
598,2021-10-20 03:33:43,7590.0,100.0,712200.0
599,2021-10-20 03:33:41,7590.0,100.0,712100.0
600,2021-10-20 03:32:57,7600.0,800.0,712000.0
601,2021-10-20 03:32:57,7600.0,400.0,711200.0
602,2021-10-20 03:32:46,7600.0,1000.0,710800.0
603,2021-10-20 03:32:46,7600.0,600.0,709800.0
604,2021-10-20 03:32:13,7600.0,1000.0,709200.0
605,2021-10-20 03:32:13,7600.0,900.0,708200.0
606,2021-10-20 03:32:13,7600.0,1000.0,707300.0
607,2021-10-20 03:32:13,7600.0,500.0,706300.0
608,2021-10-20 03:30:38,7610.0,700.0,705800.0
609,2021-10-20 03:30:31,7610.0,3300.0,705100.0
610,2021-10-20 03:29:50,7610.0,2900.0,701800.0
611,2021-10-20 03:29:50,7610.0,1100.0,698900.0
612,2021-10-20 03:29:45,7610.0,3000.0,697800.0
613,2021-10-20 03:29:07,7610.0,900.0,694800.0
614,2021-10-20 03:29:07,7610.0,4600.0,693900.0
615,2021-10-20 03:28:14,7610.0,1200.0,689300.0
616,2021-10-20 03:28:14,7600.0,800.0,688100.0
617,2021-10-20 03:27:52,7600.0,200.0,687300.0
618,2021-10-20 03:27:37,7610.0,2000.0,687100.0
619,2021-10-20 03:27:27,7610.0,200.0,685100.0
620,2021-10-20 03:27:12,7600.0,1000.0,684900.0
621,2021-10-20 03:27:09,7600.0,1000.0,683900.0
622,2021-10-20 03:26:56,7600.0,3000.0,682900.0
623,2021-10-20 03:26:56,7600.0,1000.0,679900.0
624,2021-10-20 03:26:56,7600.0,5000.0,678900.0
625,2021-10-20 03:26:41,7600.0,1000.0,673900.0
626,2021-10-20 03:26:40,7600.0,500.0,672900.0
627,2021-10-20 03:26:39,7600.0,2000.0,672400.0
628,2021-10-20 03:26:39,7600.0,1400.0,670400.0
629,2021-10-20 03:26:39,7600.0,100.0,669000.0
630,2021-10-20 03:26:31,7620.0,400.0,668900.0
631,2021-10-20 03:26:18,7600.0,100.0,668500.0
632,2021-10-20 03:26:18,7600.0,1000.0,668400.0
633,2021-10-20 03:26:18,7600.0,3900.0,667400.0
634,2021-10-20 03:26:18,7610.0,1000.0,663500.0
635,2021-10-20 03:25:50,7600.0,100.0,662500.0
636,2021-10-20 03:25:50,7600.0,200.0,662400.0
637,2021-10-20 03:25:50,7600.0,300.0,662200.0
638,2021-10-20 03:25:46,7620.0,100.0,661900.0
639,2021-10-20 03:25:46,7620.0,100.0,661800.0
640,2021-10-20 03:24:44,7600.0,300.0,661700.0
641,2021-10-20 03:24:39,7590.0,300.0,661400.0
642,2021-10-20 03:24:02,7600.0,300.0,661100.0
643,2021-10-20 03:23:56,7600.0,1000.0,660800.0
644,2021-10-20 03:23:56,7600.0,900.0,659800.0
645,2021-10-20 03:23:47,7600.0,100.0,658900.0
646,2021-10-20 03:23:28,7600.0,1000.0,658800.0
647,2021-10-20 03:22:08,7620.0,7000.0,657800.0
648,2021-10-20 03:22:05,7590.0,2600.0,650800.0
649,2021-10-20 03:22:05,7590.0,11900.0,648200.0
650,2021-10-20 03:22:05,7600.0,100.0,636300.0
651,2021-10-20 03:22:05,7600.0,500.0,636200.0
652,2021-10-20 03:22:05,7600.0,1500.0,635700.0
653,2021-10-20 03:21:45,7620.0,500.0,634200.0
654,2021-10-20 03:21:45,7620.0,1200.0,633700.0
655,2021-10-20 03:21:45,7620.0,2200.0,632500.0
656,2021-10-20 03:21:22,7640.0,2000.0,630300.0
657,2021-10-20 03:21:05,7620.0,200.0,628300.0
658,2021-10-20 03:20:18,7620.0,100.0,628100.0
659,2021-10-20 03:20:04,7620.0,200.0,628000.0
660,2021-10-20 03:20:04,7620.0,1200.0,627800.0
661,2021-10-20 03:20:04,7620.0,100.0,626600.0
662,2021-10-20 03:20:04,7620.0,1000.0,626500.0
663,2021-10-20 03:19:54,7620.0,100.0,625500.0
664,2021-10-20 03:19:45,7620.0,8900.0,625400.0
665,2021-10-20 03:19:45,7620.0,10100.0,616500.0
666,2021-10-20 03:19:39,7620.0,500.0,606400.0
667,2021-10-20 03:19:26,7620.0,21500.0,605900.0
668,2021-10-20 03:19:07,7600.0,500.0,584400.0
669,2021-10-20 03:19:07,7600.0,200.0,583900.0
670,2021-10-20 03:19:07,7600.0,300.0,583700.0
671,2021-10-20 03:19:00,7590.0,2000.0,583400.0
672,2021-10-20 03:18:54,7600.0,300.0,581400.0
673,2021-10-20 03:18:51,7600.0,100.0,581100.0
674,2021-10-20 03:18:24,7600.0,300.0,581000.0
675,2021-10-20 03:18:24,7600.0,300.0,580700.0
676,2021-10-20 03:18:24,7600.0,100.0,580400.0
677,2021-10-20 03:18:17,7620.0,10000.0,580300.0
678,2021-10-20 03:18:17,7610.0,10000.0,570300.0
679,2021-10-20 03:18:09,7600.0,300.0,560300.0
680,2021-10-20 03:17:45,7620.0,9800.0,560000.0
681,2021-10-20 03:17:45,7610.0,200.0,550200.0
682,2021-10-20 03:17:35,7610.0,200.0,550000.0
683,2021-10-20 03:17:35,7610.0,300.0,549800.0
684,2021-10-20 03:17:33,7620.0,20000.0,549500.0
685,2021-10-20 03:17:09,7620.0,3600.0,529500.0
686,2021-10-20 03:17:03,7610.0,500.0,525900.0
687,2021-10-20 03:17:03,7610.0,10000.0,525400.0
688,2021-10-20 03:17:03,7610.0,14200.0,515400.0
689,2021-10-20 03:16:59,7610.0,1000.0,501200.0
690,2021-10-20 03:16:54,7610.0,100.0,500200.0
691,2021-10-20 03:16:42,7610.0,700.0,500100.0
692,2021-10-20 03:16:42,7610.0,10000.0,499400.0
693,2021-10-20 03:16:34,7610.0,1000.0,489400.0
694,2021-10-20 03:16:34,7610.0,1000.0,488400.0
695,2021-10-20 03:16:27,7610.0,10000.0,487400.0
696,2021-10-20 03:16:23,7600.0,100.0,477400.0
697,2021-10-20 03:16:17,7600.0,500.0,477300.0
698,2021-10-20 03:16:17,7600.0,700.0,476800.0
699,2021-10-20 03:16:17,7600.0,5000.0,476100.0
700,2021-10-20 03:16:17,7600.0,200.0,471100.0
701,2021-10-20 03:16:17,7600.0,100.0,470900.0
702,2021-10-20 03:16:17,7600.0,500.0,470800.0
703,2021-10-20 03:16:17,7600.0,1600.0,470300.0
704,2021-10-20 03:16:17,7600.0,500.0,468700.0
705,2021-10-20 03:16:17,7600.0,2100.0,468200.0
706,2021-10-20 03:16:15,7600.0,2900.0,466100.0
707,2021-10-20 03:16:15,7600.0,500.0,463200.0
708,2021-10-20 03:16:15,7600.0,500.0,462700.0
709,2021-10-20 03:16:15,7600.0,1000.0,462200.0
710,2021-10-20 03:16:15,7600.0,100.0,461200.0
711,2021-10-20 03:16:14,7590.0,1000.0,461100.0
712,2021-10-20 03:16:04,7600.0,900.0,460100.0
713,2021-10-20 03:16:04,7600.0,100.0,459200.0
714,2021-10-20 03:16:03,7600.0,1000.0,459100.0
715,2021-10-20 03:15:59,7600.0,600.0,458100.0
716,2021-10-20 03:15:59,7600.0,500.0,457500.0
717,2021-10-20 03:15:58,7600.0,600.0,457000.0
718,2021-10-20 03:15:54,7590.0,3000.0,456400.0
719,2021-10-20 03:15:44,7590.0,3000.0,453400.0
720,2021-10-20 03:15:41,7600.0,100.0,450400.0
721,2021-10-20 03:15:33,7600.0,100.0,450300.0
722,2021-10-20 03:15:33,7600.0,200.0,450200.0
723,2021-10-20 03:15:33,7600.0,500.0,450000.0
724,2021-10-20 03:15:33,7600.0,1000.0,449500.0
725,2021-10-20 03:15:33,7600.0,100.0,448500.0
726,2021-10-20 03:15:33,7600.0,100.0,448400.0
727,2021-10-20 03:15:33,7600.0,7000.0,448300.0
728,2021-10-20 03:15:33,7600.0,600.0,441300.0
729,2021-10-20 03:15:33,7600.0,400.0,440700.0
730,2021-10-20 03:15:32,7590.0,1300.0,440300.0
731,2021-10-20 03:15:24,7590.0,1000.0,439000.0
732,2021-10-20 03:15:17,7590.0,100.0,438000.0
733,2021-10-20 03:15:04,7590.0,700.0,437900.0
734,2021-10-20 03:14:52,7590.0,1000.0,437200.0
735,2021-10-20 03:14:37,7590.0,200.0,436200.0
736,2021-10-20 03:14:37,7590.0,2000.0,436000.0
737,2021-10-20 03:14:37,7590.0,200.0,434000.0
738,2021-10-20 03:14:37,7590.0,2600.0,433800.0
739,2021-10-20 03:14:35,7580.0,100.0,431200.0
740,2021-10-20 03:14:19,7590.0,1000.0,431100.0
741,2021-10-20 03:14:18,7590.0,1000.0,430100.0
742,2021-10-20 03:14:16,7580.0,300.0,429100.0
743,2021-10-20 03:14:04,7580.0,200.0,428800.0
744,2021-10-20 03:13:55,7590.0,400.0,428600.0
745,2021-10-20 03:13:48,7590.0,300.0,428200.0
746,2021-10-20 03:13:46,7590.0,3900.0,427900.0
747,2021-10-20 03:13:38,7590.0,400.0,424000.0
748,2021-10-20 03:13:31,7590.0,400.0,423600.0
749,2021-10-20 03:13:31,7590.0,9600.0,423200.0
750,2021-10-20 03:13:17,7590.0,400.0,413600.0
751,2021-10-20 03:12:25,7580.0,700.0,413200.0
752,2021-10-20 03:12:25,7580.0,100.0,412500.0
753,2021-10-20 03:12:14,7560.0,200.0,412400.0
754,2021-10-20 03:12:14,7560.0,400.0,412200.0
755,2021-10-20 03:12:04,7560.0,100.0,411800.0
756,2021-10-20 03:11:22,7560.0,500.0,411700.0
757,2021-10-20 03:10:39,7550.0,100.0,411200.0
758,2021-10-20 03:10:01,7550.0,1000.0,411100.0
759,2021-10-20 03:09:58,7550.0,100.0,410100.0
760,2021-10-20 03:09:58,7550.0,500.0,410000.0
761,2021-10-20 03:09:30,7550.0,2000.0,409500.0
762,2021-10-20 03:09:19,7550.0,200.0,407500.0
763,2021-10-20 03:09:17,7550.0,400.0,407300.0
764,2021-10-20 03:09:05,7550.0,50000.0,406900.0
765,2021-10-20 03:08:49,7550.0,2000.0,356900.0
766,2021-10-20 03:08:41,7550.0,1000.0,354900.0
767,2021-10-20 03:08:29,7550.0,9000.0,353900.0
768,2021-10-20 03:08:29,7550.0,1000.0,344900.0
769,2021-10-20 03:08:21,7600.0,600.0,343900.0
770,2021-10-20 03:08:21,7600.0,100.0,343300.0
771,2021-10-20 03:08:21,7600.0,600.0,343200.0
772,2021-10-20 03:08:21,7600.0,500.0,342600.0
773,2021-10-20 03:08:21,7590.0,1000.0,342100.0
774,2021-10-20 03:08:21,7590.0,1000.0,341100.0
775,2021-10-20 03:08:21,7580.0,4000.0,340100.0
776,2021-10-20 03:08:21,7580.0,1500.0,336100.0
777,2021-10-20 03:08:21,7550.0,100.0,334600.0
778,2021-10-20 03:08:21,7550.0,600.0,334500.0
779,2021-10-20 03:08:20,7550.0,1400.0,333900.0
780,2021-10-20 03:08:20,7550.0,1000.0,332500.0
781,2021-10-20 03:08:20,7550.0,600.0,331500.0
782,2021-10-20 03:08:16,7550.0,400.0,330900.0
783,2021-10-20 03:08:16,7550.0,100.0,330500.0
784,2021-10-20 03:08:16,7550.0,4500.0,330400.0
785,2021-10-20 03:08:04,7540.0,100.0,325900.0
786,2021-10-20 03:07:57,7550.0,1400.0,325800.0
787,2021-10-20 03:07:42,7550.0,2000.0,324400.0
788,2021-10-20 03:07:24,7520.0,200.0,322400.0
789,2021-10-20 03:07:22,7550.0,2100.0,322200.0
790,2021-10-20 03:07:22,7540.0,200.0,320100.0
791,2021-10-20 03:07:22,7540.0,300.0,319900.0
792,2021-10-20 03:07:22,7540.0,7100.0,319600.0
793,2021-10-20 03:07:22,7540.0,200.0,312500.0
794,2021-10-20 03:07:22,7540.0,100.0,312300.0
795,2021-10-20 03:07:19,7540.0,5000.0,312200.0
796,2021-10-20 03:07:15,7520.0,1000.0,307200.0
797,2021-10-20 03:06:22,7540.0,500.0,306200.0
798,2021-10-20 03:06:20,7540.0,4500.0,305700.0
799,2021-10-20 03:06:20,7540.0,2500.0,301200.0
800,2021-10-20 03:06:04,7540.0,100.0,298700.0
801,2021-10-20 03:05:53,7510.0,500.0,298600.0
802,2021-10-20 03:05:14,7510.0,600.0,298100.0
803,2021-10-20 03:05:14,7510.0,400.0,297500.0
804,2021-10-20 03:04:37,7540.0,900.0,297100.0
805,2021-10-20 03:04:34,7540.0,200.0,296200.0
806,2021-10-20 03:04:18,7540.0,1300.0,296000.0
807,2021-10-20 03:04:18,7530.0,100.0,294700.0
808,2021-10-20 03:04:18,7530.0,6600.0,294600.0
809,2021-10-20 03:04:18,7520.0,1000.0,288000.0
810,2021-10-20 03:04:12,7530.0,3400.0,287000.0
811,2021-10-20 03:04:12,7520.0,100.0,283600.0
812,2021-10-20 03:04:12,7510.0,100.0,283500.0
813,2021-10-20 03:04:12,7500.0,600.0,283400.0
814,2021-10-20 03:04:11,7500.0,1000.0,282800.0
815,2021-10-20 03:04:11,7500.0,100.0,281800.0
816,2021-10-20 03:04:02,7500.0,1000.0,281700.0
817,2021-10-20 03:03:52,7500.0,1000.0,280700.0
818,2021-10-20 03:03:48,7500.0,100.0,279700.0
819,2021-10-20 03:03:48,7500.0,300.0,279600.0
820,2021-10-20 03:03:27,7500.0,500.0,279300.0
821,2021-10-20 03:03:06,7500.0,1000.0,278800.0
822,2021-10-20 03:02:52,7500.0,8200.0,277800.0
823,2021-10-20 03:02:52,7500.0,100.0,269600.0
824,2021-10-20 03:02:52,7500.0,500.0,269500.0
825,2021-10-20 03:02:52,7500.0,5000.0,269000.0
826,2021-10-20 03:02:52,7500.0,100.0,264000.0
827,2021-10-20 03:02:52,7500.0,100.0,263900.0
828,2021-10-20 03:02:52,7500.0,900.0,263800.0
829,2021-10-20 03:02:52,7500.0,14200.0,262900.0
830,2021-10-20 03:02:52,7500.0,1000.0,248700.0
831,2021-10-20 03:02:52,7500.0,500.0,247700.0
832,2021-10-20 03:02:52,7500.0,100.0,247200.0
833,2021-10-20 03:02:52,7500.0,300.0,247100.0
834,2021-10-20 03:02:52,7500.0,200.0,246800.0
835,2021-10-20 03:02:52,7500.0,10000.0,246600.0
836,2021-10-20 03:02:52,7500.0,100.0,236600.0
837,2021-10-20 03:02:52,7500.0,300.0,236500.0
838,2021-10-20 03:02:52,7490.0,1000.0,236200.0
839,2021-10-20 03:02:52,7490.0,800.0,235200.0
840,2021-10-20 03:02:52,7490.0,500.0,234400.0
841,2021-10-20 03:02:52,7490.0,100.0,233900.0
842,2021-10-20 03:02:52,7490.0,2000.0,233800.0
843,2021-10-20 03:02:52,7490.0,100.0,231800.0
844,2021-10-20 03:02:52,7490.0,1000.0,231700.0
845,2021-10-20 03:02:52,7490.0,500.0,230700.0
846,2021-10-20 03:02:52,7490.0,5000.0,230200.0
847,2021-10-20 03:02:52,7490.0,1400.0,225200.0
848,2021-10-20 03:01:49,7490.0,1000.0,223800.0
849,2021-10-20 03:01:29,7490.0,700.0,222800.0
850,2021-10-20 03:00:50,7490.0,2000.0,222100.0
851,2021-10-20 03:00:49,7490.0,4000.0,220100.0
852,2021-10-20 03:00:23,7490.0,900.0,216100.0
853,2021-10-20 03:00:23,7490.0,100.0,215200.0
854,2021-10-20 03:00:23,7490.0,100.0,215100.0
855,2021-10-20 03:00:23,7490.0,1000.0,215000.0
856,2021-10-20 03:00:23,7450.0,900.0,214000.0
857,2021-10-20 03:00:19,7450.0,400.0,213100.0
858,2021-10-20 03:00:17,7450.0,2000.0,212700.0
859,2021-10-20 03:00:15,7450.0,400.0,210700.0
860,2021-10-20 03:00:09,7450.0,1000.0,210300.0
861,2021-10-20 02:59:53,7450.0,300.0,209300.0
862,2021-10-20 02:59:53,7450.0,400.0,209000.0
863,2021-10-20 02:59:53,7450.0,500.0,208600.0
864,2021-10-20 02:59:53,7450.0,100.0,208100.0
865,2021-10-20 02:59:46,7440.0,600.0,208000.0
866,2021-10-20 02:59:45,7440.0,800.0,207400.0
867,2021-10-20 02:59:39,7440.0,200.0,206600.0
868,2021-10-20 02:59:39,7440.0,100.0,206400.0
869,2021-10-20 02:59:35,7440.0,1900.0,206300.0
870,2021-10-20 02:59:35,7430.0,100.0,204400.0
871,2021-10-20 02:59:21,7430.0,600.0,204300.0
872,2021-10-20 02:59:06,7420.0,1000.0,203700.0
873,2021-10-20 02:59:06,7420.0,200.0,202700.0
874,2021-10-20 02:59:00,7420.0,5000.0,202500.0
875,2021-10-20 02:59:00,7410.0,500.0,197500.0
876,2021-10-20 02:59:00,7410.0,200.0,197000.0
877,2021-10-20 02:58:44,7410.0,100.0,196800.0
878,2021-10-20 02:58:44,7410.0,100.0,196700.0
879,2021-10-20 02:58:19,7400.0,100.0,196600.0
880,2021-10-20 02:58:19,7400.0,100.0,196500.0
881,2021-10-20 02:58:19,7400.0,400.0,196400.0
882,2021-10-20 02:58:19,7400.0,2800.0,196000.0
883,2021-10-20 02:58:19,7400.0,100.0,193200.0
884,2021-10-20 02:58:19,7400.0,300.0,193100.0
885,2021-10-20 02:58:19,7400.0,3100.0,192800.0
886,2021-10-20 02:58:02,7400.0,1900.0,189700.0
887,2021-10-20 02:58:02,7400.0,3000.0,187800.0
888,2021-10-20 02:58:02,7400.0,1000.0,184800.0
889,2021-10-20 02:58:02,7400.0,500.0,183800.0
890,2021-10-20 02:58:02,7400.0,1000.0,183300.0
891,2021-10-20 02:58:02,7400.0,200.0,182300.0
892,2021-10-20 02:58:02,7400.0,1000.0,182100.0
893,2021-10-20 02:58:02,7400.0,9000.0,181100.0
894,2021-10-20 02:58:02,7400.0,800.0,172100.0
895,2021-10-20 02:58:02,7400.0,2000.0,171300.0
896,2021-10-20 02:58:02,7400.0,10000.0,169300.0
897,2021-10-20 02:58:02,7400.0,10000.0,159300.0
898,2021-10-20 02:58:02,7390.0,100.0,149300.0
899,2021-10-20 02:58:02,7390.0,2900.0,149200.0
900,2021-10-20 02:58:02,7390.0,100.0,146300.0
901,2021-10-20 02:58:02,7390.0,5000.0,146200.0
902,2021-10-20 02:58:02,7390.0,100.0,141200.0
903,2021-10-20 02:58:02,7390.0,1400.0,141100.0
904,2021-10-20 02:57:56,7390.0,1000.0,139700.0
905,2021-10-20 02:57:56,7390.0,500.0,138700.0
906,2021-10-20 02:57:56,7390.0,5000.0,138200.0
907,2021-10-20 02:57:56,7390.0,3500.0,133200.0
908,2021-10-20 02:57:33,7390.0,100.0,129700.0
909,2021-10-20 02:55:48,7390.0,1000.0,129600.0
910,2021-10-20 02:55:46,7380.0,1700.0,128600.0
911,2021-10-20 02:55:42,7380.0,100.0,126900.0
912,2021-10-20 02:55:28,7380.0,2000.0,126800.0
913,2021-10-20 02:55:27,7380.0,1000.0,124800.0
914,2021-10-20 02:55:24,7380.0,200.0,123800.0
915,2021-10-20 02:55:23,7390.0,400.0,123600.0
916,2021-10-20 02:55:01,7380.0,500.0,123200.0
917,2021-10-20 02:55:01,7380.0,100.0,122700.0
918,2021-10-20 02:55:01,7380.0,200.0,122600.0
919,2021-10-20 02:55:01,7380.0,400.0,122400.0
920,2021-10-20 02:55:01,7380.0,8200.0,122000.0
921,2021-10-20 02:55:01,7380.0,2000.0,113800.0
922,2021-10-20 02:55:01,7380.0,500.0,111800.0
923,2021-10-20 02:55:01,7380.0,5000.0,111300.0
924,2021-10-20 02:55:01,7380.0,2900.0,106300.0
925,2021-10-20 02:54:46,7370.0,100.0,103400.0
926,2021-10-20 02:54:32,7370.0,4900.0,103300.0
927,2021-10-20 02:54:32,7370.0,100.0,98400.0
928,2021-10-20 02:52:13,7370.0,1100.0,98300.0
929,2021-10-20 02:52:11,7370.0,900.0,97200.0
930,2021-10-20 02:52:05,7370.0,200.0,96300.0
931,2021-10-20 02:51:38,7370.0,500.0,96100.0
932,2021-10-20 02:51:34,7370.0,2200.0,95600.0
933,2021-10-20 02:51:25,7360.0,1300.0,93400.0
934,2021-10-20 02:50:19,7360.0,500.0,92100.0
935,2021-10-20 02:50:02,7370.0,600.0,91600.0
936,2021-10-20 02:49:31,7370.0,1400.0,91000.0
937,2021-10-20 02:48:51,7370.0,300.0,89600.0
938,2021-10-20 02:48:30,7370.0,2500.0,89300.0
939,2021-10-20 02:47:48,7370.0,3000.0,86800.0
940,2021-10-20 02:47:45,7370.0,5000.0,83800.0
941,2021-10-20 02:47:28,7370.0,100.0,78800.0
942,2021-10-20 02:47:28,7370.0,100.0,78700.0
943,2021-10-20 02:46:39,7370.0,1900.0,78600.0
944,2021-10-20 02:46:30,7370.0,100.0,76700.0
945,2021-10-20 02:46:30,7370.0,3000.0,76600.0
946,2021-10-20 02:46:30,7370.0,200.0,73600.0
947,2021-10-20 02:46:30,7370.0,400.0,73400.0
948,2021-10-20 02:46:30,7370.0,1300.0,73000.0
949,2021-10-20 02:46:08,7370.0,1000.0,71700.0
950,2021-10-20 02:45:57,7370.0,100.0,70700.0
951,2021-10-20 02:45:33,7370.0,2600.0,70600.0
952,2021-10-20 02:45:29,7370.0,400.0,68000.0
953,2021-10-20 02:45:28,7370.0,500.0,67600.0
954,2021-10-20 02:45:11,7370.0,500.0,67100.0
955,2021-10-20 02:45:08,7370.0,2100.0,66600.0
956,2021-10-20 02:45:06,7370.0,1000.0,64500.0
957,2021-10-20 02:45:06,7370.0,1100.0,63500.0
958,2021-10-20 02:45:06,7370.0,800.0,62400.0
959,2021-10-20 02:44:02,7360.0,500.0,61600.0
960,2021-10-20 02:43:55,7370.0,200.0,61100.0
961,2021-10-20 02:43:55,7370.0,300.0,60900.0
962,2021-10-20 02:43:49,7370.0,1000.0,60600.0
963,2021-10-20 02:43:41,7360.0,100.0,59600.0
964,2021-10-20 02:43:03,7370.0,1700.0,59500.0
965,2021-10-20 02:42:57,7360.0,1400.0,57800.0
966,2021-10-20 02:42:57,7360.0,300.0,56400.0
967,2021-10-20 02:42:57,7360.0,5000.0,56100.0
968,2021-10-20 02:42:57,7370.0,100.0,51100.0
969,2021-10-20 02:42:55,7380.0,600.0,51000.0
970,2021-10-20 02:42:54,7370.0,900.0,50400.0
971,2021-10-20 02:42:54,7370.0,200.0,49500.0
972,2021-10-20 02:42:54,7370.0,400.0,49300.0
973,2021-10-20 02:41:00,7370.0,500.0,48900.0
974,2021-10-20 02:41:00,7370.0,2100.0,48400.0
975,2021-10-20 02:40:58,7370.0,600.0,46300.0
976,2021-10-20 02:40:22,7370.0,300.0,45700.0
977,2021-10-20 02:38:42,7360.0,100.0,45400.0
978,2021-10-20 02:38:11,7360.0,1300.0,45300.0
979,2021-10-20 02:37:44,7360.0,3000.0,44000.0
980,2021-10-20 02:36:22,7360.0,2000.0,41000.0
981,2021-10-20 02:36:02,7360.0,300.0,39000.0
982,2021-10-20 02:35:53,7360.0,1900.0,38700.0
983,2021-10-20 02:35:51,7360.0,1500.0,36800.0
984,2021-10-20 02:35:47,7380.0,100.0,35300.0
985,2021-10-20 02:35:39,7370.0,1000.0,35200.0
986,2021-10-20 02:35:15,7360.0,500.0,34200.0
987,2021-10-20 02:35:15,7370.0,500.0,33700.0
988,2021-10-20 02:35:13,7370.0,500.0,33200.0
989,2021-10-20 02:35:05,7360.0,1000.0,32700.0
990,2021-10-20 02:35:03,7380.0,1400.0,31700.0
991,2021-10-20 02:35:03,7380.0,400.0,30300.0
992,2021-10-20 02:35:03,7380.0,100.0,29900.0
993,2021-10-20 02:35:03,7380.0,900.0,29800.0
994,2021-10-20 02:35:03,7370.0,600.0,28900.0
995,2021-10-20 02:34:58,7370.0,1400.0,28300.0
996,2021-10-20 02:34:58,7370.0,1600.0,26900.0
997,2021-10-20 02:34:52,7360.0,900.0,25300.0
998,2021-10-20 02:34:29,7370.0,400.0,24400.0
999,2021-10-20 02:34:29,7370.0,100.0,24000.0
1000,2021-10-20 02:34:29,7370.0,500.0,23900.0
1001,2021-10-20 02:34:29,7370.0,1000.0,23400.0
1002,2021-10-20 02:34:19,7360.0,900.0,22400.0
1003,2021-10-20 02:34:13,7360.0,100.0,21500.0
1004,2021-10-20 02:34:13,7360.0,900.0,21400.0
1005,2021-10-20 02:33:49,7360.0,100.0,20500.0
1006,2021-10-20 02:33:35,7360.0,1000.0,20400.0
1007,2021-10-20 02:33:35,7360.0,100.0,19400.0
1008,2021-10-20 02:33:35,7360.0,500.0,19300.0
1009,2021-10-20 02:33:35,7360.0,900.0,18800.0
1010,2021-10-20 02:33:33,7360.0,100.0,17900.0
1011,2021-10-20 02:33:19,7330.0,100.0,17800.0
1012,2021-10-20 02:31:41,7330.0,200.0,17700.0
1013,2021-10-20 02:28:57,7330.0,300.0,17500.0
1014,2021-10-20 02:28:57,7330.0,500.0,17200.0
1015,2021-10-20 02:25:52,7320.0,100.0,16700.0
1016,2021-10-20 02:22:48,7320.0,100.0,16600.0
1017,2021-10-20 02:22:39,7320.0,100.0,16500.0
1018,2021-10-20 02:22:05,7320.0,700.0,16400.0
1019,2021-10-20 02:22:05,7320.0,100.0,15700.0
1020,2021-10-20 02:21:53,7320.0,600.0,15600.0
1021,2021-10-20 02:21:53,7320.0,500.0,15000.0
1022,2021-10-20 02:21:53,7320.0,100.0,14500.0
1023,2021-10-20 02:21:53,7320.0,800.0,14400.0
1024,2021-10-20 02:20:56,7320.0,500.0,13600.0
1025,2021-10-20 02:20:33,7300.0,1000.0,13100.0
1026,2021-10-20 02:20:33,7300.0,700.0,12100.0
1027,2021-10-20 02:20:33,7300.0,500.0,11400.0
1028,2021-10-20 02:20:33,7300.0,800.0,10900.0
1029,2021-10-20 02:20:09,7320.0,100.0,10100.0
1030,2021-10-20 02:20:03,7320.0,1000.0,10000.0
1031,2021-10-20 02:17:37,7320.0,200.0,9000.0
1032,2021-10-20 02:17:11,7320.0,100.0,8800.0
1033,2021-10-20 02:17:00,7320.0,100.0,8700.0
1034,2021-10-20 02:16:46,7320.0,200.0,8600.0
1035,2021-10-20 02:16:00,7320.0,100.0,8400.0
1036,2021-10-20 02:15:01,7320.0,100.0,8300.0
1037,2021-10-20 02:15:01,7320.0,500.0,8200.0
1038,2021-10-20 02:15:01,7320.0,200.0,7700.0
1039,2021-10-20 02:15:01,7320.0,1100.0,7500.0
1040,2021-10-20 02:15:01,7320.0,900.0,6400.0
1041,2021-10-20 02:15:01,7320.0,500.0,5500.0
1042,2021-10-20 02:15:01,7320.0,1400.0,5000.0
1043,2021-10-20 02:15:01,7320.0,600.0,3600.0
1044,2021-10-20 02:15:01,7320.0,600.0,3000.0
1045,2021-10-20 02:15:01,7320.0,100.0,2400.0
1046,2021-10-20 02:15:01,7320.0,300.0,2300.0
1047,2021-10-20 02:15:01,7320.0,500.0,2000.0
1048,2021-10-20 02:15:01,7320.0,100.0,1500.0
1049,2021-10-20 02:15:01,7320.0,100.0,1400.0
1050,2021-10-20 02:15:01,7320.0,100.0,1300.0
1051,2021-10-20 02:15:01,7320.0,400.0,1200.0
1052,2021-10-20 02:15:01,7320.0,700.0,800.0
1053,2021-10-20 02:15:01,7320.0,100.0,100.0
