,Time,Price,Volume_per_trade,Volume
0,2021-10-01 14:45:01,9700.0,400.0,734300.0
1,2021-10-01 14:45:01,9700.0,200.0,733900.0
2,2021-10-01 14:45:01,9700.0,1100.0,733700.0
3,2021-10-01 14:45:01,9700.0,300.0,732600.0
4,2021-10-01 14:45:01,9700.0,1100.0,732300.0
5,2021-10-01 14:45:01,9700.0,600.0,731200.0
6,2021-10-01 14:45:01,9700.0,300.0,730600.0
7,2021-10-01 14:28:24,9700.0,200.0,730300.0
8,2021-10-01 14:28:24,9700.0,2000.0,730100.0
9,2021-10-01 14:28:24,9700.0,1000.0,728100.0
10,2021-10-01 14:28:24,9700.0,1000.0,727100.0
11,2021-10-01 14:28:24,9700.0,200.0,726100.0
12,2021-10-01 14:23:40,9700.0,200.0,725900.0
13,2021-10-01 14:21:28,9700.0,100.0,725700.0
14,2021-10-01 14:11:48,9720.0,100.0,725600.0
15,2021-10-01 14:06:20,9610.0,1700.0,725500.0
16,2021-10-01 14:05:16,9610.0,100.0,723800.0
17,2021-10-01 14:05:05,9610.0,200.0,723700.0
18,2021-10-01 14:05:05,9610.0,1000.0,723500.0
19,2021-10-01 14:05:05,9610.0,500.0,722500.0
20,2021-10-01 14:05:05,9620.0,100.0,722000.0
21,2021-10-01 14:04:35,9630.0,100.0,721900.0
22,2021-10-01 14:04:13,9630.0,100.0,721800.0
23,2021-10-01 14:03:47,9630.0,100.0,721700.0
24,2021-10-01 14:03:29,9630.0,200.0,721600.0
25,2021-10-01 14:03:29,9630.0,200.0,721400.0
26,2021-10-01 14:03:29,9630.0,100.0,721200.0
27,2021-10-01 14:03:29,9640.0,100.0,721100.0
28,2021-10-01 14:03:29,9640.0,200.0,721000.0
29,2021-10-01 14:02:49,9640.0,4000.0,720800.0
30,2021-10-01 14:02:49,9650.0,500.0,716800.0
31,2021-10-01 14:02:06,9650.0,200.0,716300.0
32,2021-10-01 14:02:06,9650.0,100.0,716100.0
33,2021-10-01 14:02:06,9650.0,500.0,716000.0
34,2021-10-01 14:02:06,9650.0,4000.0,715500.0
35,2021-10-01 14:02:06,9650.0,1000.0,711500.0
36,2021-10-01 14:02:06,9650.0,200.0,710500.0
37,2021-10-01 14:01:18,9650.0,4800.0,710300.0
38,2021-10-01 14:01:18,9650.0,2000.0,705500.0
39,2021-10-01 14:01:18,9650.0,500.0,703500.0
40,2021-10-01 14:01:18,9650.0,200.0,703000.0
41,2021-10-01 14:01:18,9650.0,1100.0,702800.0
42,2021-10-01 14:01:18,9650.0,100.0,701700.0
43,2021-10-01 14:01:18,9650.0,100.0,701600.0
44,2021-10-01 14:01:18,9650.0,1000.0,701500.0
45,2021-10-01 14:01:18,9650.0,100.0,700500.0
46,2021-10-01 14:01:18,9650.0,100.0,700400.0
47,2021-10-01 14:00:46,9670.0,100.0,700300.0
48,2021-10-01 14:00:46,9670.0,2000.0,700200.0
49,2021-10-01 14:00:46,9670.0,500.0,698200.0
50,2021-10-01 14:00:46,9670.0,100.0,697700.0
51,2021-10-01 13:59:17,9680.0,100.0,697600.0
52,2021-10-01 13:55:53,9670.0,200.0,697500.0
53,2021-10-01 13:55:22,9670.0,1700.0,697300.0
54,2021-10-01 13:55:22,9680.0,500.0,695600.0
55,2021-10-01 13:55:22,9680.0,100.0,695100.0
56,2021-10-01 13:55:22,9680.0,200.0,695000.0
57,2021-10-01 13:55:04,9720.0,100.0,694800.0
58,2021-10-01 13:51:27,9680.0,800.0,694700.0
59,2021-10-01 13:50:24,9680.0,200.0,693900.0
60,2021-10-01 13:50:24,9680.0,800.0,693700.0
61,2021-10-01 13:48:17,9680.0,1000.0,692900.0
62,2021-10-01 13:48:17,9680.0,200.0,691900.0
63,2021-10-01 13:46:09,9680.0,600.0,691700.0
64,2021-10-01 13:45:11,9680.0,200.0,691100.0
65,2021-10-01 13:44:21,9680.0,1000.0,690900.0
66,2021-10-01 13:44:21,9680.0,5000.0,689900.0
67,2021-10-01 13:44:21,9680.0,400.0,684900.0
68,2021-10-01 13:43:03,9730.0,100.0,684500.0
69,2021-10-01 13:42:00,9680.0,2600.0,684400.0
70,2021-10-01 13:42:00,9680.0,200.0,681800.0
71,2021-10-01 13:42:00,9680.0,500.0,681600.0
72,2021-10-01 13:42:00,9680.0,200.0,681100.0
73,2021-10-01 13:42:00,9680.0,1000.0,680900.0
74,2021-10-01 13:42:00,9680.0,400.0,679900.0
75,2021-10-01 13:42:00,9700.0,100.0,679500.0
76,2021-10-01 13:41:27,9740.0,100.0,679400.0
77,2021-10-01 13:41:23,9700.0,100.0,679300.0
78,2021-10-01 13:41:23,9700.0,600.0,679200.0
79,2021-10-01 13:41:23,9700.0,100.0,678600.0
80,2021-10-01 13:41:23,9700.0,100.0,678500.0
81,2021-10-01 13:41:23,9700.0,500.0,678400.0
82,2021-10-01 13:40:41,9710.0,1000.0,677900.0
83,2021-10-01 13:40:20,9740.0,100.0,676900.0
84,2021-10-01 13:40:20,9720.0,200.0,676800.0
85,2021-10-01 13:39:41,9710.0,200.0,676600.0
86,2021-10-01 13:39:41,9710.0,200.0,676400.0
87,2021-10-01 13:39:41,9710.0,100.0,676200.0
88,2021-10-01 13:39:41,9710.0,2300.0,676100.0
89,2021-10-01 13:39:22,9720.0,100.0,673800.0
90,2021-10-01 13:37:05,9710.0,600.0,673700.0
91,2021-10-01 13:36:22,9710.0,500.0,673100.0
92,2021-10-01 13:33:36,9710.0,2700.0,672600.0
93,2021-10-01 13:33:36,9720.0,1000.0,669900.0
94,2021-10-01 13:31:48,9710.0,1100.0,668900.0
95,2021-10-01 13:26:41,9710.0,1700.0,667800.0
96,2021-10-01 13:26:09,9710.0,100.0,666100.0
97,2021-10-01 13:23:47,9710.0,1000.0,666000.0
98,2021-10-01 13:23:43,9740.0,1000.0,665000.0
99,2021-10-01 13:13:01,9750.0,1000.0,664000.0
100,2021-10-01 13:11:00,9750.0,400.0,663000.0
101,2021-10-01 13:10:13,9750.0,1000.0,662600.0
102,2021-10-01 13:08:13,9750.0,1000.0,661600.0
103,2021-10-01 13:07:17,9750.0,1000.0,660600.0
104,2021-10-01 13:07:17,9720.0,200.0,659600.0
105,2021-10-01 13:07:17,9720.0,1300.0,659400.0
106,2021-10-01 13:05:13,9700.0,500.0,658100.0
107,2021-10-01 13:05:13,9700.0,300.0,657600.0
108,2021-10-01 13:05:13,9700.0,1000.0,657300.0
109,2021-10-01 13:05:13,9700.0,1000.0,656300.0
110,2021-10-01 13:05:13,9700.0,2000.0,655300.0
111,2021-10-01 13:05:13,9700.0,1500.0,653300.0
112,2021-10-01 13:05:01,9700.0,100.0,651800.0
113,2021-10-01 13:04:30,9700.0,200.0,651700.0
114,2021-10-01 13:03:52,9700.0,200.0,651500.0
115,2021-10-01 13:03:52,9690.0,300.0,651300.0
116,2021-10-01 13:03:52,9690.0,200.0,651000.0
117,2021-10-01 13:03:52,9680.0,500.0,650800.0
118,2021-10-01 13:03:12,9680.0,1000.0,650300.0
119,2021-10-01 13:03:11,9680.0,300.0,649300.0
120,2021-10-01 13:03:03,9680.0,500.0,649000.0
121,2021-10-01 13:02:59,9680.0,1000.0,648500.0
122,2021-10-01 13:02:53,9680.0,200.0,647500.0
123,2021-10-01 13:01:55,9670.0,4500.0,647300.0
124,2021-10-01 13:00:57,9670.0,2000.0,642800.0
125,2021-10-01 13:00:57,9670.0,300.0,640800.0
126,2021-10-01 11:25:50,9680.0,6500.0,640500.0
127,2021-10-01 11:23:27,9690.0,100.0,634000.0
128,2021-10-01 11:22:48,9680.0,3500.0,633900.0
129,2021-10-01 11:22:35,9660.0,200.0,630400.0
130,2021-10-01 11:22:17,9660.0,100.0,630200.0
131,2021-10-01 11:19:01,9660.0,2000.0,630100.0
132,2021-10-01 11:18:23,9660.0,500.0,628100.0
133,2021-10-01 11:18:23,9660.0,500.0,627600.0
134,2021-10-01 11:18:12,9660.0,500.0,627100.0
135,2021-10-01 11:17:20,9660.0,100.0,626600.0
136,2021-10-01 11:16:45,9660.0,1300.0,626500.0
137,2021-10-01 11:14:15,9660.0,1100.0,625200.0
138,2021-10-01 11:13:31,9660.0,500.0,624100.0
139,2021-10-01 11:12:49,9660.0,1200.0,623600.0
140,2021-10-01 11:12:27,9660.0,1000.0,622400.0
141,2021-10-01 11:12:27,9660.0,3000.0,621400.0
142,2021-10-01 11:12:27,9660.0,300.0,618400.0
143,2021-10-01 11:12:27,9660.0,1000.0,618100.0
144,2021-10-01 11:10:33,9660.0,2000.0,617100.0
145,2021-10-01 11:10:33,9660.0,700.0,615100.0
146,2021-10-01 11:10:33,9660.0,100.0,614400.0
147,2021-10-01 11:10:33,9660.0,3800.0,614300.0
148,2021-10-01 11:10:33,9670.0,1000.0,610500.0
149,2021-10-01 11:10:33,9670.0,500.0,609500.0
150,2021-10-01 11:10:32,9680.0,200.0,609000.0
151,2021-10-01 11:10:32,9680.0,400.0,608800.0
152,2021-10-01 11:08:26,9680.0,1100.0,608400.0
153,2021-10-01 11:08:26,9680.0,100.0,607300.0
154,2021-10-01 11:08:26,9680.0,800.0,607200.0
155,2021-10-01 11:05:30,9680.0,100.0,606400.0
156,2021-10-01 11:04:04,9680.0,100.0,606300.0
157,2021-10-01 11:03:08,9680.0,500.0,606200.0
158,2021-10-01 11:03:08,9680.0,300.0,605700.0
159,2021-10-01 10:59:29,9660.0,900.0,605400.0
160,2021-10-01 10:59:11,9670.0,100.0,604500.0
161,2021-10-01 10:59:11,9670.0,1000.0,604400.0
162,2021-10-01 10:56:52,9680.0,100.0,603400.0
163,2021-10-01 10:56:30,9680.0,200.0,603300.0
164,2021-10-01 10:49:54,9680.0,200.0,603100.0
165,2021-10-01 10:49:11,9660.0,300.0,602900.0
166,2021-10-01 10:41:04,9650.0,400.0,602600.0
167,2021-10-01 10:41:04,9650.0,600.0,602200.0
168,2021-10-01 10:38:35,9650.0,400.0,601600.0
169,2021-10-01 10:38:35,9650.0,300.0,601200.0
170,2021-10-01 10:38:35,9650.0,300.0,600900.0
171,2021-10-01 10:38:33,9700.0,100.0,600600.0
172,2021-10-01 10:37:38,9650.0,300.0,600500.0
173,2021-10-01 10:37:38,9680.0,200.0,600200.0
174,2021-10-01 10:37:15,9700.0,300.0,600000.0
175,2021-10-01 10:37:15,9700.0,300.0,599700.0
176,2021-10-01 10:37:15,9700.0,700.0,599400.0
177,2021-10-01 10:37:15,9700.0,1000.0,598700.0
178,2021-10-01 10:36:38,9700.0,200.0,597700.0
179,2021-10-01 10:36:10,9720.0,700.0,597500.0
180,2021-10-01 10:35:19,9720.0,300.0,596800.0
181,2021-10-01 10:35:19,9720.0,200.0,596500.0
182,2021-10-01 10:35:19,9720.0,1500.0,596300.0
183,2021-10-01 10:34:46,9720.0,1000.0,594800.0
184,2021-10-01 10:33:28,9720.0,500.0,593800.0
185,2021-10-01 10:33:02,9720.0,100.0,593300.0
186,2021-10-01 10:33:02,9710.0,100.0,593200.0
187,2021-10-01 10:30:50,9700.0,1800.0,593100.0
188,2021-10-01 10:28:42,9700.0,2200.0,591300.0
189,2021-10-01 10:28:42,9700.0,500.0,589100.0
190,2021-10-01 10:28:42,9700.0,2300.0,588600.0
191,2021-10-01 10:24:08,9650.0,400.0,586300.0
192,2021-10-01 10:23:39,9650.0,2000.0,585900.0
193,2021-10-01 10:23:27,9650.0,200.0,583900.0
194,2021-10-01 10:22:50,9650.0,500.0,583700.0
195,2021-10-01 10:22:44,9650.0,200.0,583200.0
196,2021-10-01 10:22:39,9650.0,100.0,583000.0
197,2021-10-01 10:22:21,9650.0,100.0,582900.0
198,2021-10-01 10:22:16,9650.0,1000.0,582800.0
199,2021-10-01 10:22:08,9650.0,500.0,581800.0
200,2021-10-01 10:21:10,9700.0,1500.0,581300.0
201,2021-10-01 10:21:10,9680.0,200.0,579800.0
202,2021-10-01 10:21:10,9650.0,300.0,579600.0
203,2021-10-01 10:21:06,9650.0,300.0,579300.0
204,2021-10-01 10:20:45,9650.0,300.0,579000.0
205,2021-10-01 10:20:25,9650.0,3000.0,578700.0
206,2021-10-01 10:20:25,9650.0,1100.0,575700.0
207,2021-10-01 10:20:25,9650.0,900.0,574600.0
208,2021-10-01 10:20:25,9650.0,100.0,573700.0
209,2021-10-01 10:20:17,9680.0,100.0,573600.0
210,2021-10-01 10:20:08,9680.0,200.0,573500.0
211,2021-10-01 10:19:56,9680.0,500.0,573300.0
212,2021-10-01 10:19:39,9690.0,1300.0,572800.0
213,2021-10-01 10:18:53,9700.0,200.0,571500.0
214,2021-10-01 10:18:17,9680.0,200.0,571300.0
215,2021-10-01 10:18:17,9680.0,200.0,571100.0
216,2021-10-01 10:18:17,9680.0,1000.0,570900.0
217,2021-10-01 10:18:17,9680.0,1000.0,569900.0
218,2021-10-01 10:18:17,9690.0,200.0,568900.0
219,2021-10-01 10:17:52,9700.0,400.0,568700.0
220,2021-10-01 10:17:52,9700.0,200.0,568300.0
221,2021-10-01 10:17:52,9700.0,100.0,568100.0
222,2021-10-01 10:17:52,9700.0,600.0,568000.0
223,2021-10-01 10:17:52,9700.0,100.0,567400.0
224,2021-10-01 10:17:51,9700.0,100.0,567300.0
225,2021-10-01 10:17:51,9700.0,1000.0,567200.0
226,2021-10-01 10:17:51,9700.0,1000.0,566200.0
227,2021-10-01 10:17:51,9700.0,900.0,565200.0
228,2021-10-01 10:17:44,9700.0,100.0,564300.0
229,2021-10-01 10:17:44,9700.0,1300.0,564200.0
230,2021-10-01 10:17:37,9700.0,700.0,562900.0
231,2021-10-01 10:17:37,9700.0,300.0,562200.0
232,2021-10-01 10:17:29,9700.0,900.0,561900.0
233,2021-10-01 10:17:29,9700.0,1000.0,561000.0
234,2021-10-01 10:17:09,9710.0,600.0,560000.0
235,2021-10-01 10:17:09,9710.0,400.0,559400.0
236,2021-10-01 10:17:09,9710.0,100.0,559000.0
237,2021-10-01 10:17:09,9710.0,1700.0,558900.0
238,2021-10-01 10:14:55,9710.0,300.0,557200.0
239,2021-10-01 10:14:55,9710.0,500.0,556900.0
240,2021-10-01 10:14:55,9710.0,200.0,556400.0
241,2021-10-01 10:14:55,9710.0,100.0,556200.0
242,2021-10-01 10:14:55,9710.0,100.0,556100.0
243,2021-10-01 10:14:55,9710.0,100.0,556000.0
244,2021-10-01 10:14:55,9710.0,300.0,555900.0
245,2021-10-01 10:14:55,9710.0,1000.0,555600.0
246,2021-10-01 10:14:55,9710.0,300.0,554600.0
247,2021-10-01 10:14:08,9710.0,100.0,554300.0
248,2021-10-01 10:07:01,9710.0,400.0,554200.0
249,2021-10-01 10:05:20,9710.0,200.0,553800.0
250,2021-10-01 10:05:20,9720.0,500.0,553600.0
251,2021-10-01 10:05:20,9720.0,1400.0,553100.0
252,2021-10-01 10:05:20,9730.0,5000.0,551700.0
253,2021-10-01 10:05:20,9730.0,1100.0,546700.0
254,2021-10-01 10:05:20,9730.0,900.0,545600.0
255,2021-10-01 10:05:20,9750.0,900.0,544700.0
256,2021-10-01 10:05:03,9750.0,1100.0,543800.0
257,2021-10-01 10:05:03,9750.0,2100.0,542700.0
258,2021-10-01 10:05:03,9750.0,800.0,540600.0
259,2021-10-01 10:04:08,9750.0,1200.0,539800.0
260,2021-10-01 10:04:08,9750.0,100.0,538600.0
261,2021-10-01 10:04:08,9760.0,700.0,538500.0
262,2021-10-01 09:59:32,9750.0,900.0,537800.0
263,2021-10-01 09:59:32,9750.0,100.0,536900.0
264,2021-10-01 09:58:21,9770.0,600.0,536800.0
265,2021-10-01 09:57:49,9770.0,400.0,536200.0
266,2021-10-01 09:55:31,9780.0,300.0,535800.0
267,2021-10-01 09:55:30,9780.0,900.0,535500.0
268,2021-10-01 09:55:30,9770.0,100.0,534600.0
269,2021-10-01 09:55:29,9750.0,100.0,534500.0
270,2021-10-01 09:55:29,9750.0,800.0,534400.0
271,2021-10-01 09:55:29,9750.0,300.0,533600.0
272,2021-10-01 09:55:17,9770.0,1400.0,533300.0
273,2021-10-01 09:55:17,9770.0,600.0,531900.0
274,2021-10-01 09:53:23,9780.0,1000.0,531300.0
275,2021-10-01 09:52:17,9750.0,700.0,530300.0
276,2021-10-01 09:52:12,9750.0,200.0,529600.0
277,2021-10-01 09:52:12,9750.0,100.0,529400.0
278,2021-10-01 09:51:49,9750.0,100.0,529300.0
279,2021-10-01 09:51:20,9750.0,700.0,529200.0
280,2021-10-01 09:51:20,9750.0,200.0,528500.0
281,2021-10-01 09:49:42,9790.0,200.0,528300.0
282,2021-10-01 09:49:28,9730.0,500.0,528100.0
283,2021-10-01 09:49:22,9790.0,100.0,527600.0
284,2021-10-01 09:47:50,9790.0,200.0,527500.0
285,2021-10-01 09:47:23,9790.0,100.0,527300.0
286,2021-10-01 09:47:08,9790.0,100.0,527200.0
287,2021-10-01 09:46:55,9790.0,100.0,527100.0
288,2021-10-01 09:46:55,9790.0,1000.0,527000.0
289,2021-10-01 09:46:55,9790.0,600.0,526000.0
290,2021-10-01 09:44:44,9730.0,2600.0,525400.0
291,2021-10-01 09:42:42,9800.0,200.0,522800.0
292,2021-10-01 09:42:42,9790.0,700.0,522600.0
293,2021-10-01 09:42:30,9790.0,200.0,521900.0
294,2021-10-01 09:41:46,9800.0,100.0,521700.0
295,2021-10-01 09:41:46,9800.0,100.0,521600.0
296,2021-10-01 09:41:46,9800.0,400.0,521500.0
297,2021-10-01 09:41:46,9790.0,400.0,521100.0
298,2021-10-01 09:41:38,9720.0,1700.0,520700.0
299,2021-10-01 09:41:38,9790.0,300.0,519000.0
300,2021-10-01 09:41:05,9780.0,2000.0,518700.0
301,2021-10-01 09:37:44,9790.0,300.0,516700.0
302,2021-10-01 09:35:38,9800.0,200.0,516400.0
303,2021-10-01 09:34:21,9800.0,500.0,516200.0
304,2021-10-01 09:33:51,9800.0,400.0,515700.0
305,2021-10-01 09:33:51,9800.0,700.0,515300.0
306,2021-10-01 09:33:51,9800.0,900.0,514600.0
307,2021-10-01 09:33:19,9800.0,500.0,513700.0
308,2021-10-01 09:32:48,9800.0,700.0,513200.0
309,2021-10-01 09:32:27,9800.0,1000.0,512500.0
310,2021-10-01 09:32:06,9800.0,1900.0,511500.0
311,2021-10-01 09:31:53,9900.0,400.0,509600.0
312,2021-10-01 09:31:47,9890.0,2000.0,509200.0
313,2021-10-01 09:31:43,9890.0,5000.0,507200.0
314,2021-10-01 09:31:43,9890.0,2000.0,502200.0
315,2021-10-01 09:31:20,9790.0,2400.0,500200.0
316,2021-10-01 09:31:11,9790.0,500.0,497800.0
317,2021-10-01 09:31:11,9800.0,600.0,497300.0
318,2021-10-01 09:31:04,9800.0,1200.0,496700.0
319,2021-10-01 09:31:04,9800.0,2300.0,495500.0
320,2021-10-01 09:31:01,9800.0,1000.0,493200.0
321,2021-10-01 09:30:44,9790.0,600.0,492200.0
322,2021-10-01 09:30:44,9790.0,1000.0,491600.0
323,2021-10-01 09:30:09,9700.0,100.0,490600.0
324,2021-10-01 09:29:55,9690.0,1000.0,490500.0
325,2021-10-01 09:29:52,9690.0,400.0,489500.0
326,2021-10-01 09:29:51,9690.0,700.0,489100.0
327,2021-10-01 09:29:47,9690.0,100.0,488400.0
328,2021-10-01 09:29:35,9690.0,1800.0,488300.0
329,2021-10-01 09:29:17,9680.0,900.0,486500.0
330,2021-10-01 09:29:16,9680.0,1100.0,485600.0
331,2021-10-01 09:29:13,9680.0,1000.0,484500.0
332,2021-10-01 09:29:09,9680.0,2000.0,483500.0
333,2021-10-01 09:29:01,9680.0,600.0,481500.0
334,2021-10-01 09:27:46,9680.0,300.0,480900.0
335,2021-10-01 09:27:46,9670.0,100.0,480600.0
336,2021-10-01 09:27:46,9650.0,600.0,480500.0
337,2021-10-01 09:27:36,9650.0,20000.0,479900.0
338,2021-10-01 09:27:25,9650.0,449400.0,459900.0
339,2021-10-01 09:27:25,9610.0,600.0,10500.0
340,2021-10-01 09:27:12,9600.0,3000.0,9900.0
341,2021-10-01 09:26:59,9600.0,700.0,6900.0
342,2021-10-01 09:26:59,9600.0,300.0,6200.0
343,2021-10-01 09:26:59,9600.0,300.0,5900.0
344,2021-10-01 09:24:48,9610.0,700.0,5600.0
345,2021-10-01 09:24:48,9610.0,200.0,4900.0
346,2021-10-01 09:22:25,9610.0,100.0,4700.0
347,2021-10-01 09:21:31,9610.0,500.0,4600.0
348,2021-10-01 09:19:30,9610.0,200.0,4100.0
349,2021-10-01 09:18:48,9610.0,1000.0,3900.0
350,2021-10-01 09:18:48,9610.0,800.0,2900.0
351,2021-10-01 09:16:56,9610.0,200.0,2100.0
352,2021-10-01 09:16:32,9610.0,100.0,1900.0
353,2021-10-01 09:15:00,9610.0,200.0,1800.0
354,2021-10-01 09:15:00,9610.0,100.0,1600.0
355,2021-10-01 09:15:00,9610.0,1000.0,1500.0
356,2021-10-01 09:15:00,9610.0,100.0,500.0
357,2021-10-01 09:15:00,9610.0,100.0,400.0
358,2021-10-01 09:15:00,9610.0,300.0,300.0
