,Time,Price,Volume_per_trade,Volume
0,2021-10-17 07:45:01,102000.0,500.0,2172700.0
1,2021-10-17 07:45:01,102000.0,17400.0,2172200.0
2,2021-10-17 07:45:01,102000.0,600.0,2154800.0
3,2021-10-17 07:45:01,102000.0,2000.0,2154200.0
4,2021-10-17 07:45:01,102000.0,2000.0,2152200.0
5,2021-10-17 07:45:01,102000.0,1000.0,2150200.0
6,2021-10-17 07:45:01,102000.0,500.0,2149200.0
7,2021-10-17 07:45:01,102000.0,400.0,2148700.0
8,2021-10-17 07:45:01,102000.0,1000.0,2148300.0
9,2021-10-17 07:45:01,102000.0,4900.0,2147300.0
10,2021-10-17 07:45:01,102000.0,100.0,2142400.0
11,2021-10-17 07:45:01,102000.0,5000.0,2142300.0
12,2021-10-17 07:45:01,102000.0,6000.0,2137300.0
13,2021-10-17 07:45:01,102000.0,1000.0,2131300.0
14,2021-10-17 07:45:01,102000.0,5000.0,2130300.0
15,2021-10-17 07:45:01,102000.0,1000.0,2125300.0
16,2021-10-17 07:45:01,102000.0,1000.0,2124300.0
17,2021-10-17 07:45:01,102000.0,2000.0,2123300.0
18,2021-10-17 07:45:01,102000.0,100.0,2121300.0
19,2021-10-17 07:45:01,102000.0,15000.0,2121200.0
20,2021-10-17 07:45:01,102000.0,2900.0,2106200.0
21,2021-10-17 07:45:01,102000.0,200.0,2103300.0
22,2021-10-17 07:45:01,102000.0,16900.0,2103100.0
23,2021-10-17 07:45:01,102000.0,3100.0,2086200.0
24,2021-10-17 07:45:01,102000.0,1000.0,2083100.0
25,2021-10-17 07:45:01,102000.0,400.0,2082100.0
26,2021-10-17 07:45:01,102000.0,1900.0,2081700.0
27,2021-10-17 07:45:01,102000.0,5700.0,2079800.0
28,2021-10-17 07:45:01,102000.0,2100.0,2074100.0
29,2021-10-17 07:45:01,102000.0,11500.0,2072000.0
30,2021-10-17 07:45:01,102000.0,3000.0,2060500.0
31,2021-10-17 07:45:01,102000.0,1000.0,2057500.0
32,2021-10-17 07:45:01,102000.0,8000.0,2056500.0
33,2021-10-17 07:45:01,102000.0,100.0,2048500.0
34,2021-10-17 07:45:01,102000.0,12200.0,2048400.0
35,2021-10-17 07:45:01,102000.0,2800.0,2036200.0
36,2021-10-17 07:45:01,102000.0,20000.0,2033400.0
37,2021-10-17 07:45:01,102000.0,10000.0,2013400.0
38,2021-10-17 07:45:01,102000.0,6000.0,2003400.0
39,2021-10-17 07:45:01,102000.0,4000.0,1997400.0
40,2021-10-17 07:45:01,102000.0,2000.0,1993400.0
41,2021-10-17 07:45:01,102000.0,5200.0,1991400.0
42,2021-10-17 07:45:01,102000.0,100.0,1986200.0
43,2021-10-17 07:45:01,102000.0,200.0,1986100.0
44,2021-10-17 07:45:01,102000.0,200.0,1985900.0
45,2021-10-17 07:45:01,102000.0,1500.0,1985700.0
46,2021-10-17 07:45:01,102000.0,5000.0,1984200.0
47,2021-10-17 07:45:01,102000.0,1300.0,1979200.0
48,2021-10-17 07:45:01,102000.0,100.0,1977900.0
49,2021-10-17 07:45:01,102000.0,100.0,1977800.0
50,2021-10-17 07:45:01,102000.0,1000.0,1977700.0
51,2021-10-17 07:45:01,102000.0,400.0,1976700.0
52,2021-10-17 07:45:01,102000.0,1000.0,1976300.0
53,2021-10-17 07:45:01,102000.0,200.0,1975300.0
54,2021-10-17 07:45:01,102000.0,200.0,1975100.0
55,2021-10-17 07:45:01,102000.0,100.0,1974900.0
56,2021-10-17 07:45:01,102000.0,500.0,1974800.0
57,2021-10-17 07:45:01,102000.0,200.0,1974300.0
58,2021-10-17 07:45:01,102000.0,300.0,1974100.0
59,2021-10-17 07:45:01,102000.0,7200.0,1973800.0
60,2021-10-17 07:45:01,102000.0,2000.0,1966600.0
61,2021-10-17 07:45:01,102000.0,1200.0,1964600.0
62,2021-10-17 07:45:01,102000.0,1400.0,1963400.0
63,2021-10-17 07:45:01,102000.0,8200.0,1962000.0
64,2021-10-17 07:45:01,102000.0,30000.0,1953800.0
65,2021-10-17 07:45:01,102000.0,100.0,1923800.0
66,2021-10-17 07:45:01,102000.0,100.0,1923700.0
67,2021-10-17 07:45:01,102000.0,200.0,1923600.0
68,2021-10-17 07:45:01,102000.0,100.0,1923400.0
69,2021-10-17 07:45:01,102000.0,1300.0,1923300.0
70,2021-10-17 07:45:01,102000.0,200.0,1922000.0
71,2021-10-17 07:29:41,102000.0,500.0,1921800.0
72,2021-10-17 07:29:40,102000.0,500.0,1921300.0
73,2021-10-17 07:29:32,102000.0,200.0,1920800.0
74,2021-10-17 07:29:31,102000.0,200.0,1920600.0
75,2021-10-17 07:29:24,101800.0,300.0,1920400.0
76,2021-10-17 07:29:24,101900.0,300.0,1920100.0
77,2021-10-17 07:29:24,101900.0,1200.0,1919800.0
78,2021-10-17 07:29:19,102000.0,300.0,1918600.0
79,2021-10-17 07:29:19,102000.0,100.0,1918300.0
80,2021-10-17 07:29:19,102000.0,600.0,1918200.0
81,2021-10-17 07:29:05,102000.0,500.0,1917600.0
82,2021-10-17 07:28:49,102000.0,100.0,1917100.0
83,2021-10-17 07:28:34,101900.0,1300.0,1917000.0
84,2021-10-17 07:28:34,101900.0,500.0,1915700.0
85,2021-10-17 07:28:22,101800.0,200.0,1915200.0
86,2021-10-17 07:28:22,101900.0,800.0,1915000.0
87,2021-10-17 07:28:03,101900.0,200.0,1914200.0
88,2021-10-17 07:28:03,101900.0,100.0,1914000.0
89,2021-10-17 07:27:25,101900.0,100.0,1913900.0
90,2021-10-17 07:26:53,102000.0,100.0,1913800.0
91,2021-10-17 07:26:34,102000.0,100.0,1913700.0
92,2021-10-17 07:26:10,101800.0,900.0,1913600.0
93,2021-10-17 07:26:06,101800.0,900.0,1912700.0
94,2021-10-17 07:26:03,101800.0,2200.0,1911800.0
95,2021-10-17 07:26:03,101800.0,300.0,1909600.0
96,2021-10-17 07:26:02,101900.0,600.0,1909300.0
97,2021-10-17 07:25:59,101800.0,200.0,1908700.0
98,2021-10-17 07:25:59,101800.0,2000.0,1908500.0
99,2021-10-17 07:25:59,101800.0,200.0,1906500.0
100,2021-10-17 07:25:59,101800.0,200.0,1906300.0
101,2021-10-17 07:25:59,101800.0,700.0,1906100.0
102,2021-10-17 07:25:56,101800.0,300.0,1905400.0
103,2021-10-17 07:25:56,101800.0,100.0,1905100.0
104,2021-10-17 07:25:56,101800.0,500.0,1905000.0
105,2021-10-17 07:25:51,101800.0,500.0,1904500.0
106,2021-10-17 07:25:51,101800.0,400.0,1904000.0
107,2021-10-17 07:25:40,101800.0,100.0,1903600.0
108,2021-10-17 07:25:40,101800.0,100.0,1903500.0
109,2021-10-17 07:25:40,101800.0,100.0,1903400.0
110,2021-10-17 07:25:35,101800.0,100.0,1903300.0
111,2021-10-17 07:25:35,101800.0,100.0,1903200.0
112,2021-10-17 07:25:35,101800.0,300.0,1903100.0
113,2021-10-17 07:25:28,101800.0,500.0,1902800.0
114,2021-10-17 07:25:23,101800.0,200.0,1902300.0
115,2021-10-17 07:25:23,101800.0,100.0,1902100.0
116,2021-10-17 07:25:23,101800.0,100.0,1902000.0
117,2021-10-17 07:25:23,101800.0,5000.0,1901900.0
118,2021-10-17 07:25:23,101800.0,200.0,1896900.0
119,2021-10-17 07:25:23,101800.0,100.0,1896700.0
120,2021-10-17 07:25:23,101800.0,200.0,1896600.0
121,2021-10-17 07:25:23,101800.0,500.0,1896400.0
122,2021-10-17 07:25:22,101800.0,500.0,1895900.0
123,2021-10-17 07:25:18,101900.0,100.0,1895400.0
124,2021-10-17 07:25:15,101800.0,200.0,1895300.0
125,2021-10-17 07:25:15,101800.0,300.0,1895100.0
126,2021-10-17 07:25:09,101900.0,100.0,1894800.0
127,2021-10-17 07:25:06,101900.0,100.0,1894700.0
128,2021-10-17 07:24:43,101900.0,200.0,1894600.0
129,2021-10-17 07:24:24,101900.0,900.0,1894400.0
130,2021-10-17 07:24:21,101900.0,900.0,1893500.0
131,2021-10-17 07:24:07,101800.0,300.0,1892600.0
132,2021-10-17 07:24:05,101800.0,400.0,1892300.0
133,2021-10-17 07:24:05,101800.0,100.0,1891900.0
134,2021-10-17 07:24:02,101800.0,300.0,1891800.0
135,2021-10-17 07:24:02,101800.0,100.0,1891500.0
136,2021-10-17 07:24:02,101900.0,100.0,1891400.0
137,2021-10-17 07:23:58,101900.0,100.0,1891300.0
138,2021-10-17 07:23:58,101900.0,300.0,1891200.0
139,2021-10-17 07:23:58,101900.0,100.0,1890900.0
140,2021-10-17 07:23:11,101900.0,100.0,1890800.0
141,2021-10-17 07:22:54,101800.0,100.0,1890700.0
142,2021-10-17 07:22:54,101800.0,100.0,1890600.0
143,2021-10-17 07:22:54,101800.0,100.0,1890500.0
144,2021-10-17 07:22:37,101900.0,100.0,1890400.0
145,2021-10-17 07:22:37,101900.0,200.0,1890300.0
146,2021-10-17 07:22:37,101900.0,100.0,1890100.0
147,2021-10-17 07:22:21,101900.0,300.0,1890000.0
148,2021-10-17 07:22:21,101900.0,100.0,1889700.0
149,2021-10-17 07:22:21,101900.0,200.0,1889600.0
150,2021-10-17 07:22:21,101800.0,500.0,1889400.0
151,2021-10-17 07:21:44,101800.0,100.0,1888900.0
152,2021-10-17 07:21:44,101800.0,100.0,1888800.0
153,2021-10-17 07:21:44,101800.0,2000.0,1888700.0
154,2021-10-17 07:21:44,101800.0,100.0,1886700.0
155,2021-10-17 07:21:44,101800.0,5500.0,1886600.0
156,2021-10-17 07:21:44,101800.0,100.0,1881100.0
157,2021-10-17 07:21:30,101900.0,100.0,1881000.0
158,2021-10-17 07:21:30,101900.0,200.0,1880900.0
159,2021-10-17 07:21:30,101900.0,200.0,1880700.0
160,2021-10-17 07:21:30,101900.0,100.0,1880500.0
161,2021-10-17 07:21:30,101900.0,1000.0,1880400.0
162,2021-10-17 07:21:30,101900.0,100.0,1879400.0
163,2021-10-17 07:21:30,101900.0,300.0,1879300.0
164,2021-10-17 07:21:30,101900.0,100.0,1879000.0
165,2021-10-17 07:21:30,101900.0,300.0,1878900.0
166,2021-10-17 07:21:30,101900.0,400.0,1878600.0
167,2021-10-17 07:21:30,101900.0,200.0,1878200.0
168,2021-10-17 07:21:30,101900.0,3200.0,1878000.0
169,2021-10-17 07:21:15,101900.0,800.0,1874800.0
170,2021-10-17 07:21:00,101900.0,1000.0,1874000.0
171,2021-10-17 07:21:00,101900.0,200.0,1873000.0
172,2021-10-17 07:21:00,101900.0,100.0,1872800.0
173,2021-10-17 07:21:00,101900.0,300.0,1872700.0
174,2021-10-17 07:21:00,101900.0,1000.0,1872400.0
175,2021-10-17 07:21:00,101900.0,100.0,1871400.0
176,2021-10-17 07:21:00,101900.0,100.0,1871300.0
177,2021-10-17 07:21:00,101900.0,100.0,1871200.0
178,2021-10-17 07:21:00,101900.0,100.0,1871100.0
179,2021-10-17 07:20:26,101900.0,1000.0,1871000.0
180,2021-10-17 07:20:20,101900.0,3000.0,1870000.0
181,2021-10-17 07:19:42,102000.0,900.0,1867000.0
182,2021-10-17 07:19:30,102000.0,100.0,1866100.0
183,2021-10-17 07:19:30,102000.0,100.0,1866000.0
184,2021-10-17 07:19:30,102000.0,100.0,1865900.0
185,2021-10-17 07:19:30,102000.0,400.0,1865800.0
186,2021-10-17 07:19:30,102000.0,800.0,1865400.0
187,2021-10-17 07:19:30,102000.0,500.0,1864600.0
188,2021-10-17 07:19:16,102000.0,4500.0,1864100.0
189,2021-10-17 07:19:16,102000.0,100.0,1859600.0
190,2021-10-17 07:19:16,102000.0,10000.0,1859500.0
191,2021-10-17 07:19:16,102000.0,400.0,1849500.0
192,2021-10-17 07:19:15,102000.0,6400.0,1849100.0
193,2021-10-17 07:19:09,102000.0,200.0,1842700.0
194,2021-10-17 07:19:03,102000.0,100.0,1842500.0
195,2021-10-17 07:18:39,102000.0,100.0,1842400.0
196,2021-10-17 07:18:37,102000.0,100.0,1842300.0
197,2021-10-17 07:18:17,102000.0,7700.0,1842200.0
198,2021-10-17 07:18:17,102000.0,2300.0,1834500.0
199,2021-10-17 07:17:44,102100.0,100.0,1832200.0
200,2021-10-17 07:17:44,102100.0,4100.0,1832100.0
201,2021-10-17 07:17:39,102100.0,100.0,1828000.0
202,2021-10-17 07:17:22,102100.0,1800.0,1827900.0
203,2021-10-17 07:17:13,102100.0,900.0,1826100.0
204,2021-10-17 07:17:09,102100.0,900.0,1825200.0
205,2021-10-17 07:17:02,102200.0,300.0,1824300.0
206,2021-10-17 07:16:16,102200.0,2900.0,1824000.0
207,2021-10-17 07:16:16,102100.0,500.0,1821100.0
208,2021-10-17 07:16:16,102100.0,1600.0,1820600.0
209,2021-10-17 07:16:14,102000.0,1800.0,1819000.0
210,2021-10-17 07:16:07,102000.0,1800.0,1817200.0
211,2021-10-17 07:16:04,102000.0,1600.0,1815400.0
212,2021-10-17 07:16:02,102000.0,1800.0,1813800.0
213,2021-10-17 07:15:56,102000.0,1000.0,1812000.0
214,2021-10-17 07:15:52,102000.0,700.0,1811000.0
215,2021-10-17 07:15:52,102000.0,100.0,1810300.0
216,2021-10-17 07:15:52,102000.0,200.0,1810200.0
217,2021-10-17 07:15:52,102000.0,100.0,1810000.0
218,2021-10-17 07:15:52,102000.0,200.0,1809900.0
219,2021-10-17 07:15:48,102000.0,100.0,1809700.0
220,2021-10-17 07:15:48,102000.0,200.0,1809600.0
221,2021-10-17 07:15:48,102000.0,100.0,1809400.0
222,2021-10-17 07:15:48,102000.0,100.0,1809300.0
223,2021-10-17 07:15:48,102000.0,1300.0,1809200.0
224,2021-10-17 07:15:40,102100.0,4800.0,1807900.0
225,2021-10-17 07:15:40,102100.0,500.0,1803100.0
226,2021-10-17 07:15:40,102100.0,4700.0,1802600.0
227,2021-10-17 07:15:37,102000.0,3700.0,1797900.0
228,2021-10-17 07:15:37,102000.0,100.0,1794200.0
229,2021-10-17 07:15:37,102000.0,100.0,1794100.0
230,2021-10-17 07:15:37,102000.0,2000.0,1794000.0
231,2021-10-17 07:15:37,102000.0,500.0,1792000.0
232,2021-10-17 07:15:37,102000.0,300.0,1791500.0
233,2021-10-17 07:15:37,102000.0,100.0,1791200.0
234,2021-10-17 07:15:37,102000.0,100.0,1791100.0
235,2021-10-17 07:15:37,102000.0,100.0,1791000.0
236,2021-10-17 07:15:37,102000.0,100.0,1790900.0
237,2021-10-17 07:15:37,102000.0,100.0,1790800.0
238,2021-10-17 07:15:37,102000.0,500.0,1790700.0
239,2021-10-17 07:15:37,102000.0,9000.0,1790200.0
240,2021-10-17 07:15:37,102000.0,100.0,1781200.0
241,2021-10-17 07:15:37,102000.0,200.0,1781100.0
242,2021-10-17 07:15:37,102000.0,100.0,1780900.0
243,2021-10-17 07:15:37,102000.0,100.0,1780800.0
244,2021-10-17 07:15:37,102000.0,100.0,1780700.0
245,2021-10-17 07:15:37,102000.0,1000.0,1780600.0
246,2021-10-17 07:15:37,102000.0,200.0,1779600.0
247,2021-10-17 07:15:37,102000.0,200.0,1779400.0
248,2021-10-17 07:15:37,102000.0,100.0,1779200.0
249,2021-10-17 07:15:37,102000.0,200.0,1779100.0
250,2021-10-17 07:15:27,102000.0,2300.0,1778900.0
251,2021-10-17 07:15:27,102000.0,200.0,1776600.0
252,2021-10-17 07:15:27,102000.0,200.0,1776400.0
253,2021-10-17 07:15:27,102000.0,100.0,1776200.0
254,2021-10-17 07:15:27,102000.0,100.0,1776100.0
255,2021-10-17 07:15:27,102000.0,3500.0,1776000.0
256,2021-10-17 07:15:17,102000.0,1100.0,1772500.0
257,2021-10-17 07:14:59,102000.0,2000.0,1771400.0
258,2021-10-17 07:14:38,102000.0,500.0,1769400.0
259,2021-10-17 07:14:03,102000.0,6400.0,1768900.0
260,2021-10-17 07:13:51,102000.0,20000.0,1762500.0
261,2021-10-17 07:13:39,102100.0,100.0,1742500.0
262,2021-10-17 07:13:32,102000.0,100.0,1742400.0
263,2021-10-17 07:13:24,102000.0,1000.0,1742300.0
264,2021-10-17 07:13:05,102000.0,6400.0,1741300.0
265,2021-10-17 07:12:23,102100.0,100.0,1734900.0
266,2021-10-17 07:12:00,102100.0,1500.0,1734800.0
267,2021-10-17 07:12:00,102100.0,500.0,1733300.0
268,2021-10-17 07:11:51,102000.0,100.0,1732800.0
269,2021-10-17 07:10:43,102000.0,100.0,1732700.0
270,2021-10-17 07:10:24,102100.0,300.0,1732600.0
271,2021-10-17 07:09:59,102000.0,700.0,1732300.0
272,2021-10-17 07:09:27,102000.0,1000.0,1731600.0
273,2021-10-17 07:08:35,102000.0,6400.0,1730600.0
274,2021-10-17 07:07:04,102000.0,700.0,1724200.0
275,2021-10-17 07:07:04,102000.0,100.0,1723500.0
276,2021-10-17 07:07:04,102000.0,100.0,1723400.0
277,2021-10-17 07:07:04,102000.0,100.0,1723300.0
278,2021-10-17 07:07:04,102000.0,500.0,1723200.0
279,2021-10-17 07:07:04,102000.0,200.0,1722700.0
280,2021-10-17 07:07:04,102000.0,100.0,1722500.0
281,2021-10-17 07:07:04,102000.0,500.0,1722400.0
282,2021-10-17 07:07:04,102000.0,4100.0,1721900.0
283,2021-10-17 07:06:25,102100.0,100.0,1717800.0
284,2021-10-17 07:06:23,102000.0,200.0,1717700.0
285,2021-10-17 07:06:05,102000.0,1200.0,1717500.0
286,2021-10-17 07:06:04,102100.0,2000.0,1716300.0
287,2021-10-17 07:05:51,102000.0,600.0,1714300.0
288,2021-10-17 07:05:02,102100.0,200.0,1713700.0
289,2021-10-17 07:04:15,102000.0,1500.0,1713500.0
290,2021-10-17 07:04:12,102100.0,500.0,1712000.0
291,2021-10-17 07:03:28,102000.0,200.0,1711500.0
292,2021-10-17 07:03:17,102000.0,1800.0,1711300.0
293,2021-10-17 07:03:08,102000.0,900.0,1709500.0
294,2021-10-17 07:03:05,102000.0,500.0,1708600.0
295,2021-10-17 07:03:05,102000.0,400.0,1708100.0
296,2021-10-17 07:02:54,102000.0,200.0,1707700.0
297,2021-10-17 07:02:52,102000.0,200.0,1707500.0
298,2021-10-17 07:02:49,102000.0,200.0,1707300.0
299,2021-10-17 07:02:45,102000.0,200.0,1707100.0
300,2021-10-17 07:02:44,102000.0,200.0,1706900.0
301,2021-10-17 07:02:40,102000.0,200.0,1706700.0
302,2021-10-17 07:02:37,102000.0,200.0,1706500.0
303,2021-10-17 07:02:34,102000.0,200.0,1706300.0
304,2021-10-17 07:02:30,102000.0,200.0,1706100.0
305,2021-10-17 07:01:36,102000.0,300.0,1705900.0
306,2021-10-17 07:01:36,102100.0,13300.0,1705600.0
307,2021-10-17 07:01:32,102100.0,100.0,1692300.0
308,2021-10-17 07:01:19,102100.0,1600.0,1692200.0
309,2021-10-17 07:01:19,102000.0,200.0,1690600.0
310,2021-10-17 07:01:19,102000.0,200.0,1690400.0
311,2021-10-17 07:01:19,102000.0,100.0,1690200.0
312,2021-10-17 07:01:19,102000.0,300.0,1690100.0
313,2021-10-17 07:01:19,102000.0,700.0,1689800.0
314,2021-10-17 07:01:19,102000.0,100.0,1689100.0
315,2021-10-17 07:01:19,102000.0,100.0,1689000.0
316,2021-10-17 07:00:26,102000.0,100.0,1688900.0
317,2021-10-17 07:00:26,102000.0,100.0,1688800.0
318,2021-10-17 07:00:26,102000.0,100.0,1688700.0
319,2021-10-17 07:00:26,102000.0,2100.0,1688600.0
320,2021-10-17 07:00:26,102000.0,100.0,1686500.0
321,2021-10-17 07:00:26,102000.0,100.0,1686400.0
322,2021-10-17 07:00:26,102000.0,100.0,1686300.0
323,2021-10-17 07:00:26,102000.0,100.0,1686200.0
324,2021-10-17 07:00:26,102000.0,400.0,1686100.0
325,2021-10-17 07:00:26,102000.0,800.0,1685700.0
326,2021-10-17 07:00:10,102000.0,1200.0,1684900.0
327,2021-10-17 07:00:10,102000.0,100.0,1683700.0
328,2021-10-17 07:00:10,102000.0,4000.0,1683600.0
329,2021-10-17 07:00:10,102000.0,100.0,1679600.0
330,2021-10-17 07:00:10,102000.0,5000.0,1679500.0
331,2021-10-17 07:00:10,102000.0,100.0,1674500.0
332,2021-10-17 07:00:10,102000.0,100.0,1674400.0
333,2021-10-17 07:00:10,102000.0,3000.0,1674300.0
334,2021-10-17 07:00:10,102000.0,2000.0,1671300.0
335,2021-10-17 07:00:10,102000.0,400.0,1669300.0
336,2021-10-17 07:00:10,102000.0,1000.0,1668900.0
337,2021-10-17 07:00:10,102000.0,200.0,1667900.0
338,2021-10-17 07:00:10,102000.0,500.0,1667700.0
339,2021-10-17 07:00:10,102000.0,100.0,1667200.0
340,2021-10-17 07:00:10,102000.0,200.0,1667100.0
341,2021-10-17 07:00:10,102000.0,100.0,1666900.0
342,2021-10-17 07:00:10,102000.0,500.0,1666800.0
343,2021-10-17 07:00:10,102000.0,200.0,1666300.0
344,2021-10-17 07:00:10,102000.0,300.0,1666100.0
345,2021-10-17 07:00:10,102000.0,200.0,1665800.0
346,2021-10-17 07:00:10,102000.0,500.0,1665600.0
347,2021-10-17 07:00:10,102000.0,100.0,1665100.0
348,2021-10-17 07:00:10,102000.0,100.0,1665000.0
349,2021-10-17 07:00:10,102000.0,100.0,1664900.0
350,2021-10-17 07:00:10,102000.0,100.0,1664800.0
351,2021-10-17 07:00:10,102000.0,200.0,1664700.0
352,2021-10-17 07:00:10,102000.0,2100.0,1664500.0
353,2021-10-17 07:00:10,102000.0,200.0,1662400.0
354,2021-10-17 07:00:10,102000.0,100.0,1662200.0
355,2021-10-17 07:00:10,102000.0,100.0,1662100.0
356,2021-10-17 07:00:10,102000.0,100.0,1662000.0
357,2021-10-17 07:00:10,102000.0,100.0,1661900.0
358,2021-10-17 07:00:10,102000.0,200.0,1661800.0
359,2021-10-17 07:00:10,102000.0,100.0,1661600.0
360,2021-10-17 07:00:10,102000.0,100.0,1661500.0
361,2021-10-17 07:00:10,102000.0,500.0,1661400.0
362,2021-10-17 07:00:10,102000.0,500.0,1660900.0
363,2021-10-17 07:00:10,102000.0,1000.0,1660400.0
364,2021-10-17 07:00:10,102000.0,100.0,1659400.0
365,2021-10-17 07:00:10,102000.0,3500.0,1659300.0
366,2021-10-17 07:00:10,102000.0,100.0,1655800.0
367,2021-10-17 07:00:10,102000.0,5000.0,1655700.0
368,2021-10-17 07:00:10,102000.0,5000.0,1650700.0
369,2021-10-17 07:00:10,102000.0,100.0,1645700.0
370,2021-10-17 07:00:10,102000.0,300.0,1645600.0
371,2021-10-17 07:00:10,102000.0,100.0,1645300.0
372,2021-10-17 07:00:10,102000.0,3000.0,1645200.0
373,2021-10-17 07:00:10,102000.0,200.0,1642200.0
374,2021-10-17 07:00:10,102000.0,800.0,1642000.0
375,2021-10-17 07:00:10,102000.0,400.0,1641200.0
376,2021-10-17 07:00:10,102000.0,100.0,1640800.0
377,2021-10-17 07:00:10,102000.0,2000.0,1640700.0
378,2021-10-17 07:00:10,102000.0,200.0,1638700.0
379,2021-10-17 07:00:10,102000.0,100.0,1638500.0
380,2021-10-17 07:00:10,102000.0,100.0,1638400.0
381,2021-10-17 07:00:10,102000.0,500.0,1638300.0
382,2021-10-17 07:00:10,102000.0,200.0,1637800.0
383,2021-10-17 07:00:10,102000.0,2700.0,1637600.0
384,2021-10-17 07:00:07,102000.0,200.0,1634900.0
385,2021-10-17 07:00:00,102100.0,1500.0,1634700.0
386,2021-10-17 06:59:49,102100.0,1000.0,1633200.0
387,2021-10-17 06:59:24,102100.0,200.0,1632200.0
388,2021-10-17 06:59:24,102100.0,100.0,1632000.0
389,2021-10-17 06:59:24,102100.0,200.0,1631900.0
390,2021-10-17 06:59:24,102100.0,100.0,1631700.0
391,2021-10-17 06:59:24,102100.0,100.0,1631600.0
392,2021-10-17 06:59:24,102100.0,400.0,1631500.0
393,2021-10-17 06:59:24,102100.0,100.0,1631100.0
394,2021-10-17 06:59:24,102100.0,200.0,1631000.0
395,2021-10-17 06:59:24,102100.0,900.0,1630800.0
396,2021-10-17 06:57:37,102100.0,2100.0,1629900.0
397,2021-10-17 06:57:26,102100.0,1000.0,1627800.0
398,2021-10-17 06:57:24,102000.0,100.0,1626800.0
399,2021-10-17 06:57:11,102000.0,100.0,1626700.0
400,2021-10-17 06:57:11,102000.0,200.0,1626600.0
401,2021-10-17 06:57:11,102000.0,100.0,1626400.0
402,2021-10-17 06:57:11,102000.0,100.0,1626300.0
403,2021-10-17 06:56:50,102000.0,100.0,1626200.0
404,2021-10-17 06:56:50,102000.0,1000.0,1626100.0
405,2021-10-17 06:56:50,102000.0,200.0,1625100.0
406,2021-10-17 06:56:50,102000.0,100.0,1624900.0
407,2021-10-17 06:56:50,102000.0,1000.0,1624800.0
408,2021-10-17 06:56:50,102000.0,100.0,1623800.0
409,2021-10-17 06:56:50,102000.0,4000.0,1623700.0
410,2021-10-17 06:56:14,102000.0,5000.0,1619700.0
411,2021-10-17 06:55:32,102000.0,300.0,1614700.0
412,2021-10-17 06:55:32,102100.0,200.0,1614400.0
413,2021-10-17 06:54:54,102000.0,700.0,1614200.0
414,2021-10-17 06:54:54,102000.0,10000.0,1613500.0
415,2021-10-17 06:54:54,102000.0,400.0,1603500.0
416,2021-10-17 06:54:54,102000.0,100.0,1603100.0
417,2021-10-17 06:54:54,102000.0,100.0,1603000.0
418,2021-10-17 06:54:54,102000.0,1000.0,1602900.0
419,2021-10-17 06:54:54,102000.0,100.0,1601900.0
420,2021-10-17 06:54:54,102000.0,100.0,1601800.0
421,2021-10-17 06:54:54,102000.0,200.0,1601700.0
422,2021-10-17 06:54:54,102000.0,3000.0,1601500.0
423,2021-10-17 06:54:54,102000.0,100.0,1598500.0
424,2021-10-17 06:54:54,102000.0,500.0,1598400.0
425,2021-10-17 06:54:54,102000.0,200.0,1597900.0
426,2021-10-17 06:54:54,102000.0,100.0,1597700.0
427,2021-10-17 06:54:54,102000.0,200.0,1597600.0
428,2021-10-17 06:54:54,102000.0,300.0,1597400.0
429,2021-10-17 06:54:54,102000.0,5000.0,1597100.0
430,2021-10-17 06:54:54,102000.0,100.0,1592100.0
431,2021-10-17 06:54:54,102000.0,200.0,1592000.0
432,2021-10-17 06:54:54,102000.0,100.0,1591800.0
433,2021-10-17 06:54:54,102000.0,1000.0,1591700.0
434,2021-10-17 06:54:54,102000.0,200.0,1590700.0
435,2021-10-17 06:54:54,102000.0,100.0,1590500.0
436,2021-10-17 06:54:54,102000.0,300.0,1590400.0
437,2021-10-17 06:54:54,102000.0,200.0,1590100.0
438,2021-10-17 06:54:54,102000.0,200.0,1589900.0
439,2021-10-17 06:54:54,102000.0,200.0,1589700.0
440,2021-10-17 06:54:54,102000.0,9200.0,1589500.0
441,2021-10-17 06:54:54,102100.0,500.0,1580300.0
442,2021-10-17 06:54:54,102200.0,4000.0,1579800.0
443,2021-10-17 06:54:39,102000.0,800.0,1575800.0
444,2021-10-17 06:54:39,102000.0,500.0,1575000.0
445,2021-10-17 06:54:39,102000.0,500.0,1574500.0
446,2021-10-17 06:54:39,102000.0,400.0,1574000.0
447,2021-10-17 06:54:39,102000.0,200.0,1573600.0
448,2021-10-17 06:54:39,102000.0,100.0,1573400.0
449,2021-10-17 06:54:39,102000.0,100.0,1573300.0
450,2021-10-17 06:54:39,102000.0,400.0,1573200.0
451,2021-10-17 06:54:30,102000.0,500.0,1572800.0
452,2021-10-17 06:53:57,102000.0,100.0,1572300.0
453,2021-10-17 06:53:57,102000.0,200.0,1572200.0
454,2021-10-17 06:53:57,102000.0,700.0,1572000.0
455,2021-10-17 06:53:37,102000.0,26100.0,1571300.0
456,2021-10-17 06:53:37,102100.0,500.0,1545200.0
457,2021-10-17 06:53:37,102100.0,100.0,1544700.0
458,2021-10-17 06:53:37,102100.0,400.0,1544600.0
459,2021-10-17 06:53:37,102100.0,200.0,1544200.0
460,2021-10-17 06:53:37,102100.0,1000.0,1544000.0
461,2021-10-17 06:53:37,102100.0,200.0,1543000.0
462,2021-10-17 06:53:37,102100.0,200.0,1542800.0
463,2021-10-17 06:53:37,102100.0,100.0,1542600.0
464,2021-10-17 06:53:37,102100.0,100.0,1542500.0
465,2021-10-17 06:53:37,102100.0,1100.0,1542400.0
466,2021-10-17 06:52:34,102200.0,100.0,1541300.0
467,2021-10-17 06:52:28,102100.0,1900.0,1541200.0
468,2021-10-17 06:52:28,102100.0,3000.0,1539300.0
469,2021-10-17 06:52:28,102100.0,500.0,1536300.0
470,2021-10-17 06:52:28,102100.0,10000.0,1535800.0
471,2021-10-17 06:52:28,102100.0,4000.0,1525800.0
472,2021-10-17 06:52:28,102100.0,200.0,1521800.0
473,2021-10-17 06:52:28,102100.0,100.0,1521600.0
474,2021-10-17 06:52:28,102100.0,3000.0,1521500.0
475,2021-10-17 06:52:28,102100.0,100.0,1518500.0
476,2021-10-17 06:52:28,102100.0,100.0,1518400.0
477,2021-10-17 06:52:28,102100.0,500.0,1518300.0
478,2021-10-17 06:52:28,102100.0,6600.0,1517800.0
479,2021-10-17 06:51:45,102100.0,500.0,1511200.0
480,2021-10-17 06:51:28,102100.0,20000.0,1510700.0
481,2021-10-17 06:51:20,102200.0,100.0,1490700.0
482,2021-10-17 06:51:20,102200.0,1000.0,1490600.0
483,2021-10-17 06:51:20,102200.0,900.0,1489600.0
484,2021-10-17 06:51:16,102100.0,2900.0,1488700.0
485,2021-10-17 06:51:16,102100.0,100.0,1485800.0
486,2021-10-17 06:51:16,102100.0,3000.0,1485700.0
487,2021-10-17 06:51:16,102100.0,100.0,1482700.0
488,2021-10-17 06:51:16,102100.0,200.0,1482600.0
489,2021-10-17 06:51:16,102100.0,100.0,1482400.0
490,2021-10-17 06:50:45,102200.0,100.0,1482300.0
491,2021-10-17 06:48:49,102200.0,100.0,1482200.0
492,2021-10-17 06:48:49,102200.0,200.0,1482100.0
493,2021-10-17 06:48:49,102200.0,1000.0,1481900.0
494,2021-10-17 06:48:49,102200.0,100.0,1480900.0
495,2021-10-17 06:48:49,102200.0,100.0,1480800.0
496,2021-10-17 06:48:49,102200.0,100.0,1480700.0
497,2021-10-17 06:48:49,102200.0,200.0,1480600.0
498,2021-10-17 06:48:49,102200.0,100.0,1480400.0
499,2021-10-17 06:48:49,102200.0,3000.0,1480300.0
500,2021-10-17 06:48:49,102200.0,100.0,1477300.0
501,2021-10-17 06:48:49,102200.0,100.0,1477200.0
502,2021-10-17 06:48:49,102200.0,300.0,1477100.0
503,2021-10-17 06:47:57,102200.0,100.0,1476800.0
504,2021-10-17 06:46:58,102200.0,4600.0,1476700.0
505,2021-10-17 06:46:58,102200.0,500.0,1472100.0
506,2021-10-17 06:46:58,102200.0,300.0,1471600.0
507,2021-10-17 06:46:58,102200.0,100.0,1471300.0
508,2021-10-17 06:46:58,102200.0,100.0,1471200.0
509,2021-10-17 06:46:58,102200.0,800.0,1471100.0
510,2021-10-17 06:46:39,102200.0,200.0,1470300.0
511,2021-10-17 06:46:32,102200.0,900.0,1470100.0
512,2021-10-17 06:46:30,102200.0,900.0,1469200.0
513,2021-10-17 06:46:23,102200.0,400.0,1468300.0
514,2021-10-17 06:46:21,102200.0,900.0,1467900.0
515,2021-10-17 06:46:20,102200.0,200.0,1467000.0
516,2021-10-17 06:46:18,102200.0,700.0,1466800.0
517,2021-10-17 06:46:18,102200.0,200.0,1466100.0
518,2021-10-17 06:46:10,102200.0,400.0,1465900.0
519,2021-10-17 06:46:09,102200.0,900.0,1465500.0
520,2021-10-17 06:46:07,102200.0,900.0,1464600.0
521,2021-10-17 06:45:57,102200.0,600.0,1463700.0
522,2021-10-17 06:45:57,102200.0,100.0,1463100.0
523,2021-10-17 06:45:57,102200.0,100.0,1463000.0
524,2021-10-17 06:45:57,102200.0,100.0,1462900.0
525,2021-10-17 06:45:53,102200.0,600.0,1462800.0
526,2021-10-17 06:45:49,102200.0,300.0,1462200.0
527,2021-10-17 06:45:49,102200.0,600.0,1461900.0
528,2021-10-17 06:45:40,102200.0,400.0,1461300.0
529,2021-10-17 06:45:40,102200.0,100.0,1460900.0
530,2021-10-17 06:45:40,102200.0,400.0,1460800.0
531,2021-10-17 06:45:38,102200.0,600.0,1460400.0
532,2021-10-17 06:45:38,102200.0,200.0,1459800.0
533,2021-10-17 06:45:38,102200.0,100.0,1459600.0
534,2021-10-17 06:45:33,102200.0,200.0,1459500.0
535,2021-10-17 06:45:33,102200.0,100.0,1459300.0
536,2021-10-17 06:45:27,102200.0,200.0,1459200.0
537,2021-10-17 06:45:27,102200.0,700.0,1459000.0
538,2021-10-17 06:45:25,102200.0,300.0,1458300.0
539,2021-10-17 06:45:25,102200.0,500.0,1458000.0
540,2021-10-17 06:45:25,102200.0,100.0,1457500.0
541,2021-10-17 06:45:18,102200.0,300.0,1457400.0
542,2021-10-17 06:45:16,102200.0,100.0,1457100.0
543,2021-10-17 06:45:16,102200.0,200.0,1457000.0
544,2021-10-17 06:45:16,102200.0,600.0,1456800.0
545,2021-10-17 06:45:13,102200.0,900.0,1456200.0
546,2021-10-17 06:45:07,102200.0,400.0,1455300.0
547,2021-10-17 06:45:02,102200.0,900.0,1454900.0
548,2021-10-17 06:44:59,102200.0,900.0,1454000.0
549,2021-10-17 06:44:50,102200.0,500.0,1453100.0
550,2021-10-17 06:44:48,102200.0,300.0,1452600.0
551,2021-10-17 06:44:45,102200.0,500.0,1452300.0
552,2021-10-17 06:44:42,102200.0,100.0,1451800.0
553,2021-10-17 06:44:42,102200.0,400.0,1451700.0
554,2021-10-17 06:44:39,102200.0,500.0,1451300.0
555,2021-10-17 06:44:39,102200.0,100.0,1450800.0
556,2021-10-17 06:44:39,102200.0,100.0,1450700.0
557,2021-10-17 06:44:39,102200.0,200.0,1450600.0
558,2021-10-17 06:44:39,102200.0,100.0,1450400.0
559,2021-10-17 06:44:28,102200.0,400.0,1450300.0
560,2021-10-17 06:44:28,102200.0,100.0,1449900.0
561,2021-10-17 06:44:25,102200.0,400.0,1449800.0
562,2021-10-17 06:44:25,102200.0,1500.0,1449400.0
563,2021-10-17 06:44:25,102200.0,100.0,1447900.0
564,2021-10-17 06:44:25,102200.0,200.0,1447800.0
565,2021-10-17 06:44:25,102200.0,2000.0,1447600.0
566,2021-10-17 06:44:25,102300.0,1600.0,1445600.0
567,2021-10-17 06:44:24,102300.0,500.0,1444000.0
568,2021-10-17 06:44:23,102300.0,500.0,1443500.0
569,2021-10-17 06:44:20,102300.0,300.0,1443000.0
570,2021-10-17 06:44:19,102300.0,100.0,1442700.0
571,2021-10-17 06:44:17,102300.0,100.0,1442600.0
572,2021-10-17 06:44:15,102300.0,6900.0,1442500.0
573,2021-10-17 06:44:10,102200.0,100.0,1435600.0
574,2021-10-17 06:44:00,102300.0,5000.0,1435500.0
575,2021-10-17 06:43:56,102300.0,800.0,1430500.0
576,2021-10-17 06:43:41,102300.0,2000.0,1429700.0
577,2021-10-17 06:43:41,102300.0,1000.0,1427700.0
578,2021-10-17 06:43:17,102300.0,1000.0,1426700.0
579,2021-10-17 06:43:17,102300.0,1500.0,1425700.0
580,2021-10-17 06:42:35,102300.0,500.0,1424200.0
581,2021-10-17 06:42:32,102300.0,100.0,1423700.0
582,2021-10-17 06:42:32,102300.0,300.0,1423600.0
583,2021-10-17 06:42:30,102300.0,100.0,1423300.0
584,2021-10-17 06:42:30,102300.0,1100.0,1423200.0
585,2021-10-17 06:42:13,102300.0,500.0,1422100.0
586,2021-10-17 06:41:49,102300.0,200.0,1421600.0
587,2021-10-17 06:41:14,102300.0,1000.0,1421400.0
588,2021-10-17 06:41:14,102300.0,300.0,1420400.0
589,2021-10-17 06:41:14,102300.0,5000.0,1420100.0
590,2021-10-17 06:41:14,102300.0,100.0,1415100.0
591,2021-10-17 06:41:14,102300.0,100.0,1415000.0
592,2021-10-17 06:41:14,102300.0,300.0,1414900.0
593,2021-10-17 06:41:14,102300.0,11400.0,1414600.0
594,2021-10-17 06:41:06,102400.0,700.0,1403200.0
595,2021-10-17 06:40:11,102400.0,500.0,1402500.0
596,2021-10-17 06:39:58,102400.0,5000.0,1402000.0
597,2021-10-17 06:39:18,102400.0,2400.0,1397000.0
598,2021-10-17 06:39:13,102400.0,100.0,1394600.0
599,2021-10-17 06:38:49,102400.0,600.0,1394500.0
600,2021-10-17 06:38:23,102400.0,4900.0,1393900.0
601,2021-10-17 06:38:23,102400.0,100.0,1389000.0
602,2021-10-17 06:38:23,102400.0,1000.0,1388900.0
603,2021-10-17 06:38:23,102400.0,3900.0,1387900.0
604,2021-10-17 06:38:22,102400.0,500.0,1384000.0
605,2021-10-17 06:38:05,102300.0,3600.0,1383500.0
606,2021-10-17 06:38:05,102300.0,100.0,1379900.0
607,2021-10-17 06:38:05,102300.0,1000.0,1379800.0
608,2021-10-17 06:38:05,102300.0,1700.0,1378800.0
609,2021-10-17 06:36:22,102400.0,500.0,1377100.0
610,2021-10-17 06:36:16,102400.0,100.0,1376600.0
611,2021-10-17 06:35:58,102300.0,700.0,1376500.0
612,2021-10-17 06:35:11,102400.0,9600.0,1375800.0
613,2021-10-17 06:35:11,102400.0,1400.0,1366200.0
614,2021-10-17 06:35:05,102400.0,1900.0,1364800.0
615,2021-10-17 06:35:05,102400.0,900.0,1362900.0
616,2021-10-17 06:35:05,102400.0,3800.0,1362000.0
617,2021-10-17 06:35:02,102300.0,200.0,1358200.0
618,2021-10-17 06:34:59,102300.0,19400.0,1358000.0
619,2021-10-17 06:34:54,102300.0,100.0,1338600.0
620,2021-10-17 06:34:43,102300.0,500.0,1338500.0
621,2021-10-17 06:34:43,102300.0,500.0,1338000.0
622,2021-10-17 06:34:43,102300.0,4000.0,1337500.0
623,2021-10-17 06:34:27,102200.0,500.0,1333500.0
624,2021-10-17 06:33:53,102200.0,300.0,1333000.0
625,2021-10-17 06:33:49,102200.0,100.0,1332700.0
626,2021-10-17 06:33:46,102200.0,100.0,1332600.0
627,2021-10-17 06:33:43,102200.0,100.0,1332500.0
628,2021-10-17 06:33:43,102300.0,100.0,1332400.0
629,2021-10-17 06:33:38,102200.0,100.0,1332300.0
630,2021-10-17 06:33:35,102200.0,100.0,1332200.0
631,2021-10-17 06:33:35,102300.0,1000.0,1332100.0
632,2021-10-17 06:33:32,102200.0,100.0,1331100.0
633,2021-10-17 06:33:28,102200.0,100.0,1331000.0
634,2021-10-17 06:33:24,102200.0,100.0,1330900.0
635,2021-10-17 06:33:21,102200.0,100.0,1330800.0
636,2021-10-17 06:33:18,102200.0,100.0,1330700.0
637,2021-10-17 06:33:14,102200.0,100.0,1330600.0
638,2021-10-17 06:33:11,102200.0,100.0,1330500.0
639,2021-10-17 06:33:08,102200.0,100.0,1330400.0
640,2021-10-17 06:33:05,102200.0,100.0,1330300.0
641,2021-10-17 06:33:00,102200.0,100.0,1330200.0
642,2021-10-17 06:32:44,102300.0,100.0,1330100.0
643,2021-10-17 06:31:43,102200.0,900.0,1330000.0
644,2021-10-17 06:31:41,102200.0,900.0,1329100.0
645,2021-10-17 06:31:28,102200.0,900.0,1328200.0
646,2021-10-17 06:31:24,102200.0,900.0,1327300.0
647,2021-10-17 06:31:15,102200.0,900.0,1326400.0
648,2021-10-17 06:31:12,102200.0,500.0,1325500.0
649,2021-10-17 06:31:12,102200.0,300.0,1325000.0
650,2021-10-17 06:31:12,102200.0,100.0,1324700.0
651,2021-10-17 06:31:01,102200.0,100.0,1324600.0
652,2021-10-17 06:31:01,102200.0,200.0,1324500.0
653,2021-10-17 06:31:01,102200.0,500.0,1324300.0
654,2021-10-17 06:31:01,102200.0,100.0,1323800.0
655,2021-10-17 06:30:59,102200.0,900.0,1323700.0
656,2021-10-17 06:30:51,102200.0,500.0,1322800.0
657,2021-10-17 06:30:46,102200.0,100.0,1322300.0
658,2021-10-17 06:30:45,102200.0,100.0,1322200.0
659,2021-10-17 06:30:42,102200.0,100.0,1322100.0
660,2021-10-17 06:30:40,102200.0,100.0,1322000.0
661,2021-10-17 06:30:36,102200.0,100.0,1321900.0
662,2021-10-17 06:30:33,102200.0,100.0,1321800.0
663,2021-10-17 06:30:29,102200.0,100.0,1321700.0
664,2021-10-17 06:30:26,102200.0,100.0,1321600.0
665,2021-10-17 06:30:25,102300.0,100.0,1321500.0
666,2021-10-17 06:30:22,102200.0,100.0,1321400.0
667,2021-10-17 06:30:17,102200.0,100.0,1321300.0
668,2021-10-17 06:30:17,102300.0,500.0,1321200.0
669,2021-10-17 06:30:16,102200.0,500.0,1320700.0
670,2021-10-17 06:30:16,102200.0,1900.0,1320200.0
671,2021-10-17 06:30:14,102200.0,100.0,1318300.0
672,2021-10-17 06:30:10,102200.0,100.0,1318200.0
673,2021-10-17 06:30:07,102200.0,100.0,1318100.0
674,2021-10-17 06:28:53,102300.0,400.0,1318000.0
675,2021-10-17 06:28:47,102300.0,5000.0,1317600.0
676,2021-10-17 06:28:47,102300.0,5000.0,1312600.0
677,2021-10-17 06:28:47,102300.0,300.0,1307600.0
678,2021-10-17 06:28:47,102300.0,5000.0,1307300.0
679,2021-10-17 06:28:47,102300.0,500.0,1302300.0
680,2021-10-17 06:28:47,102300.0,900.0,1301800.0
681,2021-10-17 06:28:47,102300.0,100.0,1300900.0
682,2021-10-17 06:28:47,102300.0,800.0,1300800.0
683,2021-10-17 06:28:47,102400.0,1500.0,1300000.0
684,2021-10-17 06:28:47,102400.0,500.0,1298500.0
685,2021-10-17 06:28:47,102400.0,1000.0,1298000.0
686,2021-10-17 06:28:47,102400.0,1000.0,1297000.0
687,2021-10-17 06:28:47,102400.0,2200.0,1296000.0
688,2021-10-17 06:28:16,102400.0,2800.0,1293800.0
689,2021-10-17 06:28:16,102400.0,500.0,1291000.0
690,2021-10-17 06:28:16,102400.0,1400.0,1290500.0
691,2021-10-17 06:27:42,102400.0,300.0,1289100.0
692,2021-10-17 06:27:39,102400.0,200.0,1288800.0
693,2021-10-17 06:26:44,102400.0,1000.0,1288600.0
694,2021-10-17 06:26:32,102400.0,5000.0,1287600.0
695,2021-10-17 06:26:11,102500.0,100.0,1282600.0
696,2021-10-17 06:26:00,102500.0,1300.0,1282500.0
697,2021-10-17 06:25:51,102500.0,1300.0,1281200.0
698,2021-10-17 06:25:38,102500.0,1300.0,1279900.0
699,2021-10-17 06:25:27,102500.0,200.0,1278600.0
700,2021-10-17 06:25:27,102500.0,200.0,1278400.0
701,2021-10-17 06:25:27,102500.0,100.0,1278200.0
702,2021-10-17 06:25:27,102500.0,500.0,1278100.0
703,2021-10-17 06:25:27,102500.0,300.0,1277600.0
704,2021-10-17 06:25:19,102500.0,700.0,1277300.0
705,2021-10-17 06:25:19,102500.0,600.0,1276600.0
706,2021-10-17 06:25:08,102500.0,1300.0,1276000.0
707,2021-10-17 06:24:59,102500.0,100.0,1274700.0
708,2021-10-17 06:24:59,102500.0,1000.0,1274600.0
709,2021-10-17 06:24:59,102500.0,200.0,1273600.0
710,2021-10-17 06:24:57,102500.0,400.0,1273400.0
711,2021-10-17 06:24:57,102500.0,300.0,1273000.0
712,2021-10-17 06:24:57,102500.0,2300.0,1272700.0
713,2021-10-17 06:24:49,102500.0,1300.0,1270400.0
714,2021-10-17 06:24:40,102400.0,100.0,1269100.0
715,2021-10-17 06:24:37,102500.0,1300.0,1269000.0
716,2021-10-17 06:24:27,102500.0,1300.0,1267700.0
717,2021-10-17 06:24:25,102300.0,800.0,1266400.0
718,2021-10-17 06:24:16,102500.0,1300.0,1265600.0
719,2021-10-17 06:24:05,102500.0,1200.0,1264300.0
720,2021-10-17 06:24:05,102500.0,100.0,1263100.0
721,2021-10-17 06:23:59,102400.0,100.0,1263000.0
722,2021-10-17 06:23:50,102500.0,2000.0,1262900.0
723,2021-10-17 06:23:16,102300.0,1400.0,1260900.0
724,2021-10-17 06:23:16,102300.0,100.0,1259500.0
725,2021-10-17 06:23:16,102300.0,600.0,1259400.0
726,2021-10-17 06:23:16,102300.0,200.0,1258800.0
727,2021-10-17 06:23:16,102300.0,1000.0,1258600.0
728,2021-10-17 06:23:16,102300.0,400.0,1257600.0
729,2021-10-17 06:23:16,102300.0,500.0,1257200.0
730,2021-10-17 06:23:16,102300.0,300.0,1256700.0
731,2021-10-17 06:23:16,102300.0,7000.0,1256400.0
732,2021-10-17 06:23:16,102300.0,200.0,1249400.0
733,2021-10-17 06:23:16,102300.0,3000.0,1249200.0
734,2021-10-17 06:23:16,102300.0,2000.0,1246200.0
735,2021-10-17 06:23:16,102300.0,500.0,1244200.0
736,2021-10-17 06:23:16,102400.0,200.0,1243700.0
737,2021-10-17 06:23:16,102400.0,100.0,1243500.0
738,2021-10-17 06:23:16,102400.0,2000.0,1243400.0
739,2021-10-17 06:23:16,102400.0,100.0,1241400.0
740,2021-10-17 06:23:16,102400.0,100.0,1241300.0
741,2021-10-17 06:23:16,102400.0,10000.0,1241200.0
742,2021-10-17 06:23:16,102400.0,300.0,1231200.0
743,2021-10-17 06:21:15,102400.0,100.0,1230900.0
744,2021-10-17 06:21:04,102400.0,500.0,1230800.0
745,2021-10-17 06:21:02,102400.0,1000.0,1230300.0
746,2021-10-17 06:20:30,102400.0,100.0,1229300.0
747,2021-10-17 06:20:30,102400.0,600.0,1229200.0
748,2021-10-17 06:20:30,102400.0,500.0,1228600.0
749,2021-10-17 06:20:30,102400.0,200.0,1228100.0
750,2021-10-17 06:20:30,102400.0,200.0,1227900.0
751,2021-10-17 06:19:14,102500.0,2000.0,1227700.0
752,2021-10-17 06:18:11,102400.0,1800.0,1225700.0
753,2021-10-17 06:18:11,102400.0,1500.0,1223900.0
754,2021-10-17 06:18:11,102400.0,1700.0,1222400.0
755,2021-10-17 06:15:30,102400.0,1000.0,1220700.0
756,2021-10-17 06:14:05,102400.0,9300.0,1219700.0
757,2021-10-17 06:13:54,102400.0,5900.0,1210400.0
758,2021-10-17 06:13:54,102400.0,2100.0,1204500.0
759,2021-10-17 06:13:34,102400.0,3500.0,1202400.0
760,2021-10-17 06:13:34,102400.0,9400.0,1198900.0
761,2021-10-17 06:13:27,102400.0,600.0,1189500.0
762,2021-10-17 06:13:27,102400.0,100.0,1188900.0
763,2021-10-17 06:13:27,102400.0,300.0,1188800.0
764,2021-10-17 06:12:44,102500.0,1000.0,1188500.0
765,2021-10-17 06:12:44,102500.0,1000.0,1187500.0
766,2021-10-17 06:11:57,102400.0,4600.0,1186500.0
767,2021-10-17 06:11:57,102400.0,2600.0,1181900.0
768,2021-10-17 06:11:57,102400.0,1800.0,1179300.0
769,2021-10-17 06:09:58,102400.0,500.0,1177500.0
770,2021-10-17 06:09:58,102400.0,200.0,1177000.0
771,2021-10-17 06:09:58,102400.0,700.0,1176800.0
772,2021-10-17 06:09:58,102400.0,600.0,1176100.0
773,2021-10-17 06:09:49,102400.0,100.0,1175500.0
774,2021-10-17 06:06:22,102400.0,100.0,1175400.0
775,2021-10-17 06:05:38,102400.0,200.0,1175300.0
776,2021-10-17 06:05:38,102400.0,1000.0,1175100.0
777,2021-10-17 06:05:38,102400.0,200.0,1174100.0
778,2021-10-17 06:05:38,102400.0,1600.0,1173900.0
779,2021-10-17 06:03:15,102500.0,2000.0,1172300.0
780,2021-10-17 06:03:15,102400.0,100.0,1170300.0
781,2021-10-17 06:03:15,102400.0,200.0,1170200.0
782,2021-10-17 06:03:15,102400.0,100.0,1170000.0
783,2021-10-17 06:03:15,102400.0,100.0,1169900.0
784,2021-10-17 06:03:15,102400.0,300.0,1169800.0
785,2021-10-17 06:03:15,102400.0,100.0,1169500.0
786,2021-10-17 06:03:15,102400.0,5000.0,1169400.0
787,2021-10-17 06:03:15,102400.0,800.0,1164400.0
788,2021-10-17 06:03:15,102400.0,200.0,1163600.0
789,2021-10-17 06:00:29,102500.0,500.0,1163400.0
790,2021-10-17 06:00:04,102400.0,300.0,1162900.0
791,2021-10-17 06:00:04,102400.0,500.0,1162600.0
792,2021-10-17 06:00:04,102400.0,200.0,1162100.0
793,2021-10-17 06:00:03,102500.0,100.0,1161900.0
794,2021-10-17 06:00:02,102500.0,1400.0,1161800.0
795,2021-10-17 06:00:02,102500.0,500.0,1160400.0
796,2021-10-17 06:00:01,102400.0,100.0,1159900.0
797,2021-10-17 04:29:07,102400.0,300.0,1159800.0
798,2021-10-17 04:26:46,102400.0,2000.0,1159500.0
799,2021-10-17 04:26:01,102500.0,100.0,1157500.0
800,2021-10-17 04:22:41,102500.0,1700.0,1157400.0
801,2021-10-17 04:21:11,102400.0,17400.0,1155700.0
802,2021-10-17 04:21:03,102400.0,7800.0,1138300.0
803,2021-10-17 04:20:57,102400.0,11200.0,1130500.0
804,2021-10-17 04:20:53,102400.0,300.0,1119300.0
805,2021-10-17 04:20:49,102400.0,3200.0,1119000.0
806,2021-10-17 04:20:27,102500.0,2000.0,1115800.0
807,2021-10-17 04:20:17,102400.0,5000.0,1113800.0
808,2021-10-17 04:19:38,102400.0,200.0,1108800.0
809,2021-10-17 04:18:46,102400.0,11000.0,1108600.0
810,2021-10-17 04:18:38,102400.0,7000.0,1097600.0
811,2021-10-17 04:18:35,102400.0,12500.0,1090600.0
812,2021-10-17 04:18:26,102400.0,4400.0,1078100.0
813,2021-10-17 04:18:17,102400.0,5100.0,1073700.0
814,2021-10-17 04:17:46,102400.0,14900.0,1068600.0
815,2021-10-17 04:17:40,102400.0,4600.0,1053700.0
816,2021-10-17 04:17:36,102400.0,6600.0,1049100.0
817,2021-10-17 04:17:19,102300.0,200.0,1042500.0
818,2021-10-17 04:17:19,102400.0,9800.0,1042300.0
819,2021-10-17 04:17:14,102400.0,4000.0,1032500.0
820,2021-10-17 04:17:07,102400.0,6200.0,1028500.0
821,2021-10-17 04:17:00,102400.0,11200.0,1022300.0
822,2021-10-17 04:16:55,102400.0,5000.0,1011100.0
823,2021-10-17 04:16:49,102400.0,100.0,1006100.0
824,2021-10-17 04:16:49,102400.0,100.0,1006000.0
825,2021-10-17 04:16:49,102400.0,100.0,1005900.0
826,2021-10-17 04:16:49,102400.0,2200.0,1005800.0
827,2021-10-17 04:16:49,102400.0,200.0,1003600.0
828,2021-10-17 04:16:49,102400.0,2500.0,1003400.0
829,2021-10-17 04:16:49,102400.0,1000.0,1000900.0
830,2021-10-17 04:16:49,102400.0,100.0,999900.0
831,2021-10-17 04:16:49,102400.0,1300.0,999800.0
832,2021-10-17 04:15:48,102400.0,500.0,998500.0
833,2021-10-17 04:14:32,102400.0,1200.0,998000.0
834,2021-10-17 04:14:32,102400.0,800.0,996800.0
835,2021-10-17 04:14:21,102500.0,200.0,996000.0
836,2021-10-17 04:13:22,102500.0,500.0,995800.0
837,2021-10-17 04:11:51,102500.0,1000.0,995300.0
838,2021-10-17 04:11:12,102400.0,300.0,994300.0
839,2021-10-17 04:10:41,102400.0,900.0,994000.0
840,2021-10-17 04:10:41,102400.0,100.0,993100.0
841,2021-10-17 04:10:40,102500.0,4000.0,993000.0
842,2021-10-17 04:10:40,102500.0,1000.0,989000.0
843,2021-10-17 04:10:40,102500.0,100.0,988000.0
844,2021-10-17 04:10:40,102500.0,500.0,987900.0
845,2021-10-17 04:10:40,102500.0,400.0,987400.0
846,2021-10-17 04:09:07,102500.0,1600.0,987000.0
847,2021-10-17 04:09:07,102500.0,1000.0,985400.0
848,2021-10-17 04:09:07,102500.0,1000.0,984400.0
849,2021-10-17 04:09:07,102500.0,200.0,983400.0
850,2021-10-17 04:09:07,102500.0,1000.0,983200.0
851,2021-10-17 04:09:07,102500.0,200.0,982200.0
852,2021-10-17 04:08:42,102400.0,500.0,982000.0
853,2021-10-17 04:08:39,102400.0,2900.0,981500.0
854,2021-10-17 04:08:39,102500.0,5000.0,978600.0
855,2021-10-17 04:07:54,102400.0,200.0,973600.0
856,2021-10-17 04:05:43,102400.0,1200.0,973400.0
857,2021-10-17 04:04:37,102400.0,500.0,972200.0
858,2021-10-17 04:04:00,102400.0,200.0,971700.0
859,2021-10-17 04:03:55,102400.0,600.0,971500.0
860,2021-10-17 04:03:32,102400.0,200.0,970900.0
861,2021-10-17 04:03:08,102400.0,1500.0,970700.0
862,2021-10-17 04:02:59,102400.0,300.0,969200.0
863,2021-10-17 04:02:00,102400.0,500.0,968900.0
864,2021-10-17 04:01:54,102400.0,1300.0,968400.0
865,2021-10-17 04:01:54,102400.0,100.0,967100.0
866,2021-10-17 04:01:54,102400.0,600.0,967000.0
867,2021-10-17 04:01:20,102400.0,100.0,966400.0
868,2021-10-17 04:00:53,102400.0,4000.0,966300.0
869,2021-10-17 04:00:01,102400.0,2000.0,962300.0
870,2021-10-17 03:59:27,102500.0,300.0,960300.0
871,2021-10-17 03:57:03,102400.0,100.0,960000.0
872,2021-10-17 03:56:09,102400.0,400.0,959900.0
873,2021-10-17 03:56:07,102400.0,300.0,959500.0
874,2021-10-17 03:55:59,102400.0,2500.0,959200.0
875,2021-10-17 03:55:41,102300.0,100.0,956700.0
876,2021-10-17 03:55:31,102300.0,200.0,956600.0
877,2021-10-17 03:55:31,102300.0,100.0,956400.0
878,2021-10-17 03:55:31,102300.0,500.0,956300.0
879,2021-10-17 03:55:31,102300.0,2000.0,955800.0
880,2021-10-17 03:55:17,102300.0,1500.0,953800.0
881,2021-10-17 03:55:06,102300.0,100.0,952300.0
882,2021-10-17 03:54:50,102300.0,2000.0,952200.0
883,2021-10-17 03:54:50,102300.0,2100.0,950200.0
884,2021-10-17 03:53:49,102300.0,2300.0,948100.0
885,2021-10-17 03:53:49,102300.0,3000.0,945800.0
886,2021-10-17 03:53:49,102300.0,500.0,942800.0
887,2021-10-17 03:53:49,102300.0,200.0,942300.0
888,2021-10-17 03:53:49,102300.0,100.0,942100.0
889,2021-10-17 03:53:49,102300.0,300.0,942000.0
890,2021-10-17 03:53:49,102300.0,1000.0,941700.0
891,2021-10-17 03:53:49,102300.0,2600.0,940700.0
892,2021-10-17 03:53:35,102500.0,8000.0,938100.0
893,2021-10-17 03:53:35,102500.0,2000.0,930100.0
894,2021-10-17 03:53:10,102500.0,1700.0,928100.0
895,2021-10-17 03:52:48,102300.0,2400.0,926400.0
896,2021-10-17 03:52:48,102300.0,1000.0,924000.0
897,2021-10-17 03:52:48,102300.0,600.0,923000.0
898,2021-10-17 03:52:04,102300.0,2100.0,922400.0
899,2021-10-17 03:52:04,102400.0,900.0,920300.0
900,2021-10-17 03:51:15,102500.0,500.0,919400.0
901,2021-10-17 03:50:59,102500.0,500.0,918900.0
902,2021-10-17 03:50:52,102500.0,1700.0,918400.0
903,2021-10-17 03:50:38,102500.0,100.0,916700.0
904,2021-10-17 03:50:36,102400.0,5000.0,916600.0
905,2021-10-17 03:50:36,102400.0,100.0,911600.0
906,2021-10-17 03:50:31,102300.0,1300.0,911500.0
907,2021-10-17 03:50:26,102300.0,10000.0,910200.0
908,2021-10-17 03:50:24,102300.0,700.0,900200.0
909,2021-10-17 03:50:24,102300.0,1000.0,899500.0
910,2021-10-17 03:49:55,102300.0,100.0,898500.0
911,2021-10-17 03:49:41,102300.0,100.0,898400.0
912,2021-10-17 03:49:17,102300.0,8800.0,898300.0
913,2021-10-17 03:49:17,102300.0,1200.0,889500.0
914,2021-10-17 03:48:58,102300.0,1700.0,888300.0
915,2021-10-17 03:48:19,102300.0,500.0,886600.0
916,2021-10-17 03:48:06,102200.0,800.0,886100.0
917,2021-10-17 03:48:06,102200.0,2000.0,885300.0
918,2021-10-17 03:48:06,102200.0,100.0,883300.0
919,2021-10-17 03:48:06,102200.0,100.0,883200.0
920,2021-10-17 03:48:06,102200.0,100.0,883100.0
921,2021-10-17 03:48:06,102200.0,100.0,883000.0
922,2021-10-17 03:48:06,102200.0,1000.0,882900.0
923,2021-10-17 03:48:06,102200.0,300.0,881900.0
924,2021-10-17 03:48:06,102200.0,200.0,881600.0
925,2021-10-17 03:48:06,102200.0,200.0,881400.0
926,2021-10-17 03:48:06,102200.0,300.0,881200.0
927,2021-10-17 03:48:06,102200.0,200.0,880900.0
928,2021-10-17 03:48:06,102200.0,100.0,880700.0
929,2021-10-17 03:48:06,102200.0,100.0,880600.0
930,2021-10-17 03:48:06,102200.0,4400.0,880500.0
931,2021-10-17 03:47:50,102300.0,400.0,876100.0
932,2021-10-17 03:47:34,102300.0,6200.0,875700.0
933,2021-10-17 03:47:34,102300.0,3800.0,869500.0
934,2021-10-17 03:47:28,102200.0,1000.0,865700.0
935,2021-10-17 03:46:44,102300.0,5000.0,864700.0
936,2021-10-17 03:46:15,102300.0,10000.0,859700.0
937,2021-10-17 03:46:15,102300.0,200.0,849700.0
938,2021-10-17 03:46:15,102300.0,100.0,849500.0
939,2021-10-17 03:46:15,102300.0,4000.0,849400.0
940,2021-10-17 03:46:15,102300.0,100.0,845400.0
941,2021-10-17 03:46:15,102300.0,100.0,845300.0
942,2021-10-17 03:46:15,102300.0,1400.0,845200.0
943,2021-10-17 03:46:15,102300.0,1000.0,843800.0
944,2021-10-17 03:46:15,102300.0,200.0,842800.0
945,2021-10-17 03:46:15,102300.0,2500.0,842600.0
946,2021-10-17 03:46:15,102400.0,800.0,840100.0
947,2021-10-17 03:46:15,102400.0,800.0,839300.0
948,2021-10-17 03:46:06,102400.0,100.0,838500.0
949,2021-10-17 03:45:50,102400.0,100.0,838400.0
950,2021-10-17 03:45:50,102400.0,900.0,838300.0
951,2021-10-17 03:45:29,102400.0,100.0,837400.0
952,2021-10-17 03:45:29,102400.0,1000.0,837300.0
953,2021-10-17 03:45:07,102500.0,100.0,836300.0
954,2021-10-17 03:45:04,102500.0,700.0,836200.0
955,2021-10-17 03:45:01,102400.0,1000.0,835500.0
956,2021-10-17 03:45:01,102400.0,100.0,834500.0
957,2021-10-17 03:45:01,102400.0,300.0,834400.0
958,2021-10-17 03:43:25,102500.0,300.0,834100.0
959,2021-10-17 03:43:17,102400.0,600.0,833800.0
960,2021-10-17 03:43:17,102400.0,500.0,833200.0
961,2021-10-17 03:43:17,102400.0,100.0,832700.0
962,2021-10-17 03:42:11,102400.0,1000.0,832600.0
963,2021-10-17 03:42:11,102400.0,100.0,831600.0
964,2021-10-17 03:39:41,102400.0,900.0,831500.0
965,2021-10-17 03:38:16,102300.0,1200.0,830600.0
966,2021-10-17 03:38:16,102400.0,500.0,829400.0
967,2021-10-17 03:38:16,102400.0,100.0,828900.0
968,2021-10-17 03:38:16,102400.0,2500.0,828800.0
969,2021-10-17 03:38:16,102400.0,700.0,826300.0
970,2021-10-17 03:37:55,102500.0,1000.0,825600.0
971,2021-10-17 03:37:31,102500.0,100.0,824600.0
972,2021-10-17 03:36:45,102500.0,1300.0,824500.0
973,2021-10-17 03:36:45,102500.0,400.0,823200.0
974,2021-10-17 03:36:45,102500.0,100.0,822800.0
975,2021-10-17 03:36:45,102500.0,800.0,822700.0
976,2021-10-17 03:36:33,102400.0,1000.0,821900.0
977,2021-10-17 03:36:22,102400.0,600.0,820900.0
978,2021-10-17 03:36:22,102400.0,100.0,820300.0
979,2021-10-17 03:36:22,102400.0,3000.0,820200.0
980,2021-10-17 03:36:22,102400.0,300.0,817200.0
981,2021-10-17 03:35:58,102400.0,200.0,816900.0
982,2021-10-17 03:35:54,102500.0,100.0,816700.0
983,2021-10-17 03:35:47,102400.0,100.0,816600.0
984,2021-10-17 03:34:27,102400.0,1000.0,816500.0
985,2021-10-17 03:31:15,102400.0,1400.0,815500.0
986,2021-10-17 03:31:15,102400.0,500.0,814100.0
987,2021-10-17 03:31:15,102400.0,100.0,813600.0
988,2021-10-17 03:31:10,102500.0,8500.0,813500.0
989,2021-10-17 03:31:10,102500.0,1500.0,805000.0
990,2021-10-17 03:29:46,102500.0,500.0,803500.0
991,2021-10-17 03:29:41,102500.0,1000.0,803000.0
992,2021-10-17 03:29:40,102500.0,4000.0,802000.0
993,2021-10-17 03:27:54,102600.0,1300.0,798000.0
994,2021-10-17 03:27:43,102600.0,1000.0,796700.0
995,2021-10-17 03:27:43,102500.0,200.0,795700.0
996,2021-10-17 03:27:43,102500.0,100.0,795500.0
997,2021-10-17 03:27:33,102500.0,200.0,795400.0
998,2021-10-17 03:27:33,102500.0,1100.0,795200.0
999,2021-10-17 03:27:24,102500.0,1300.0,794100.0
1000,2021-10-17 03:27:13,102500.0,1300.0,792800.0
1001,2021-10-17 03:27:07,102400.0,100.0,791500.0
1002,2021-10-17 03:27:07,102400.0,200.0,791400.0
1003,2021-10-17 03:27:07,102500.0,6300.0,791200.0
1004,2021-10-17 03:27:07,102500.0,200.0,784900.0
1005,2021-10-17 03:27:07,102500.0,400.0,784700.0
1006,2021-10-17 03:27:07,102500.0,1000.0,784300.0
1007,2021-10-17 03:27:07,102500.0,500.0,783300.0
1008,2021-10-17 03:27:07,102500.0,100.0,782800.0
1009,2021-10-17 03:27:07,102500.0,300.0,782700.0
1010,2021-10-17 03:27:07,102500.0,600.0,782400.0
1011,2021-10-17 03:27:03,102500.0,400.0,781800.0
1012,2021-10-17 03:27:03,102500.0,100.0,781400.0
1013,2021-10-17 03:27:03,102500.0,800.0,781300.0
1014,2021-10-17 03:26:52,102500.0,200.0,780500.0
1015,2021-10-17 03:26:52,102500.0,1100.0,780300.0
1016,2021-10-17 03:26:42,102500.0,1300.0,779200.0
1017,2021-10-17 03:26:33,102300.0,11300.0,777900.0
1018,2021-10-17 03:26:33,102300.0,2000.0,766600.0
1019,2021-10-17 03:26:33,102400.0,300.0,764600.0
1020,2021-10-17 03:26:33,102400.0,2000.0,764300.0
1021,2021-10-17 03:26:33,102400.0,4400.0,762300.0
1022,2021-10-17 03:26:03,102400.0,800.0,757900.0
1023,2021-10-17 03:25:56,102400.0,800.0,757100.0
1024,2021-10-17 03:24:40,102400.0,900.0,756300.0
1025,2021-10-17 03:24:40,102400.0,2100.0,755400.0
1026,2021-10-17 03:24:23,102500.0,100.0,753300.0
1027,2021-10-17 03:24:23,102500.0,300.0,753200.0
1028,2021-10-17 03:24:10,102500.0,200.0,752900.0
1029,2021-10-17 03:24:10,102500.0,300.0,752700.0
1030,2021-10-17 03:22:38,102500.0,1000.0,752400.0
1031,2021-10-17 03:22:10,102500.0,500.0,751400.0
1032,2021-10-17 03:21:33,102500.0,400.0,750900.0
1033,2021-10-17 03:21:32,102400.0,1000.0,750500.0
1034,2021-10-17 03:21:32,102400.0,1300.0,749500.0
1035,2021-10-17 03:21:30,102400.0,300.0,748200.0
1036,2021-10-17 03:21:24,102400.0,400.0,747900.0
1037,2021-10-17 03:21:10,102400.0,300.0,747500.0
1038,2021-10-17 03:21:06,102400.0,400.0,747200.0
1039,2021-10-17 03:20:53,102400.0,300.0,746800.0
1040,2021-10-17 03:20:51,102400.0,1000.0,746500.0
1041,2021-10-17 03:20:39,102400.0,500.0,745500.0
1042,2021-10-17 03:20:29,102400.0,500.0,745000.0
1043,2021-10-17 03:20:10,102400.0,500.0,744500.0
1044,2021-10-17 03:19:59,102400.0,500.0,744000.0
1045,2021-10-17 03:19:59,102400.0,100.0,743500.0
1046,2021-10-17 03:19:45,102400.0,400.0,743400.0
1047,2021-10-17 03:19:06,102300.0,100.0,743000.0
1048,2021-10-17 03:18:32,102300.0,2900.0,742900.0
1049,2021-10-17 03:18:32,102300.0,6100.0,740000.0
1050,2021-10-17 03:18:32,102300.0,1400.0,733900.0
1051,2021-10-17 03:17:33,102400.0,300.0,732500.0
1052,2021-10-17 03:17:19,102500.0,400.0,732200.0
1053,2021-10-17 03:17:14,102500.0,200.0,731800.0
1054,2021-10-17 03:17:14,102500.0,300.0,731600.0
1055,2021-10-17 03:17:10,102500.0,100.0,731300.0
1056,2021-10-17 03:17:08,102500.0,100.0,731200.0
1057,2021-10-17 03:17:05,102500.0,100.0,731100.0
1058,2021-10-17 03:17:01,102500.0,100.0,731000.0
1059,2021-10-17 03:16:56,102500.0,100.0,730900.0
1060,2021-10-17 03:16:52,102500.0,100.0,730800.0
1061,2021-10-17 03:16:48,102500.0,100.0,730700.0
1062,2021-10-17 03:16:45,102400.0,100.0,730600.0
1063,2021-10-17 03:16:39,102400.0,100.0,730500.0
1064,2021-10-17 03:16:34,102400.0,100.0,730400.0
1065,2021-10-17 03:16:30,102400.0,100.0,730300.0
1066,2021-10-17 03:16:25,102400.0,100.0,730200.0
1067,2021-10-17 03:16:18,102400.0,100.0,730100.0
1068,2021-10-17 03:16:12,102400.0,100.0,730000.0
1069,2021-10-17 03:16:12,102400.0,100.0,729900.0
1070,2021-10-17 03:16:12,102400.0,800.0,729800.0
1071,2021-10-17 03:14:59,102400.0,500.0,729000.0
1072,2021-10-17 03:14:55,102400.0,900.0,728500.0
1073,2021-10-17 03:14:44,102400.0,400.0,727600.0
1074,2021-10-17 03:14:27,102400.0,600.0,727200.0
1075,2021-10-17 03:14:00,102400.0,100.0,726600.0
1076,2021-10-17 03:13:47,102400.0,500.0,726500.0
1077,2021-10-17 03:12:59,102400.0,300.0,726000.0
1078,2021-10-17 03:12:45,102400.0,500.0,725700.0
1079,2021-10-17 03:12:28,102400.0,8300.0,725200.0
1080,2021-10-17 03:12:21,102400.0,1800.0,716900.0
1081,2021-10-17 03:12:06,102400.0,300.0,715100.0
1082,2021-10-17 03:12:00,102300.0,8600.0,714800.0
1083,2021-10-17 03:11:51,102300.0,500.0,706200.0
1084,2021-10-17 03:11:51,102300.0,5900.0,705700.0
1085,2021-10-17 03:11:34,102500.0,400.0,699800.0
1086,2021-10-17 03:11:34,102500.0,3600.0,699400.0
1087,2021-10-17 03:10:44,102500.0,100.0,695800.0
1088,2021-10-17 03:10:40,102500.0,800.0,695700.0
1089,2021-10-17 03:10:40,102400.0,200.0,694900.0
1090,2021-10-17 03:10:34,102400.0,800.0,694700.0
1091,2021-10-17 03:10:27,102500.0,200.0,693900.0
1092,2021-10-17 03:10:23,102500.0,100.0,693700.0
1093,2021-10-17 03:10:22,102500.0,4300.0,693600.0
1094,2021-10-17 03:10:21,102500.0,100.0,689300.0
1095,2021-10-17 03:10:17,102500.0,100.0,689200.0
1096,2021-10-17 03:10:15,102500.0,100.0,689100.0
1097,2021-10-17 03:10:11,102500.0,100.0,689000.0
1098,2021-10-17 03:10:08,102500.0,100.0,688900.0
1099,2021-10-17 03:10:04,102500.0,100.0,688800.0
1100,2021-10-17 03:10:02,102500.0,100.0,688700.0
1101,2021-10-17 03:09:59,102500.0,100.0,688600.0
1102,2021-10-17 03:09:56,102500.0,100.0,688500.0
1103,2021-10-17 03:09:54,102500.0,100.0,688400.0
1104,2021-10-17 03:09:50,102500.0,100.0,688300.0
1105,2021-10-17 03:09:48,102500.0,100.0,688200.0
1106,2021-10-17 03:09:45,102500.0,100.0,688100.0
1107,2021-10-17 03:09:43,102500.0,500.0,688000.0
1108,2021-10-17 03:09:41,102500.0,100.0,687500.0
1109,2021-10-17 03:09:38,102500.0,100.0,687400.0
1110,2021-10-17 03:09:34,102500.0,900.0,687300.0
1111,2021-10-17 03:09:22,102500.0,400.0,686400.0
1112,2021-10-17 03:09:06,102500.0,400.0,686000.0
1113,2021-10-17 03:08:52,102500.0,400.0,685600.0
1114,2021-10-17 03:08:51,102500.0,1800.0,685200.0
1115,2021-10-17 03:08:19,102400.0,100.0,683400.0
1116,2021-10-17 03:08:19,102400.0,100.0,683300.0
1117,2021-10-17 03:07:40,102400.0,1000.0,683200.0
1118,2021-10-17 03:06:53,102400.0,5000.0,682200.0
1119,2021-10-17 03:06:52,102400.0,500.0,677200.0
1120,2021-10-17 03:06:41,102400.0,5400.0,676700.0
1121,2021-10-17 03:06:41,102400.0,100.0,671300.0
1122,2021-10-17 03:06:41,102400.0,1500.0,671200.0
1123,2021-10-17 03:06:29,102400.0,900.0,669700.0
1124,2021-10-17 03:06:24,102400.0,100.0,668800.0
1125,2021-10-17 03:06:21,102400.0,100.0,668700.0
1126,2021-10-17 03:06:17,102300.0,4000.0,668600.0
1127,2021-10-17 03:06:17,102400.0,100.0,664600.0
1128,2021-10-17 03:06:13,102400.0,100.0,664500.0
1129,2021-10-17 03:06:10,102400.0,100.0,664400.0
1130,2021-10-17 03:06:06,102400.0,100.0,664300.0
1131,2021-10-17 03:06:03,102400.0,100.0,664200.0
1132,2021-10-17 03:06:00,102400.0,100.0,664100.0
1133,2021-10-17 03:05:55,102400.0,100.0,664000.0
1134,2021-10-17 03:05:22,102300.0,100.0,663900.0
1135,2021-10-17 03:05:15,102300.0,500.0,663800.0
1136,2021-10-17 03:04:55,102300.0,9500.0,663300.0
1137,2021-10-17 03:04:39,102200.0,100.0,653800.0
1138,2021-10-17 03:04:36,102300.0,500.0,653700.0
1139,2021-10-17 03:04:08,102300.0,2000.0,653200.0
1140,2021-10-17 03:04:03,102200.0,1000.0,651200.0
1141,2021-10-17 03:03:48,102300.0,100.0,650200.0
1142,2021-10-17 03:03:47,102300.0,100.0,650100.0
1143,2021-10-17 03:03:47,102300.0,400.0,650000.0
1144,2021-10-17 03:03:47,102300.0,500.0,649600.0
1145,2021-10-17 03:03:47,102300.0,100.0,649100.0
1146,2021-10-17 03:03:47,102300.0,100.0,649000.0
1147,2021-10-17 03:03:47,102300.0,2000.0,648900.0
1148,2021-10-17 03:03:47,102300.0,100.0,646900.0
1149,2021-10-17 03:03:47,102300.0,400.0,646800.0
1150,2021-10-17 03:03:47,102300.0,200.0,646400.0
1151,2021-10-17 03:03:47,102300.0,500.0,646200.0
1152,2021-10-17 03:03:47,102300.0,100.0,645700.0
1153,2021-10-17 03:03:47,102300.0,2000.0,645600.0
1154,2021-10-17 03:03:47,102300.0,100.0,643600.0
1155,2021-10-17 03:03:47,102300.0,1000.0,643500.0
1156,2021-10-17 03:03:47,102300.0,100.0,642500.0
1157,2021-10-17 03:03:47,102300.0,100.0,642400.0
1158,2021-10-17 03:03:47,102300.0,100.0,642300.0
1159,2021-10-17 03:03:20,102400.0,100.0,642200.0
1160,2021-10-17 03:03:01,102300.0,6000.0,642100.0
1161,2021-10-17 03:02:54,102400.0,600.0,636100.0
1162,2021-10-17 03:01:04,102400.0,2000.0,635500.0
1163,2021-10-17 03:01:04,102400.0,500.0,633500.0
1164,2021-10-17 03:01:04,102400.0,3500.0,633000.0
1165,2021-10-17 03:00:55,102400.0,500.0,629500.0
1166,2021-10-17 03:00:00,102400.0,500.0,629000.0
1167,2021-10-17 03:00:00,102400.0,2000.0,628500.0
1168,2021-10-17 03:00:00,102400.0,1300.0,626500.0
1169,2021-10-17 02:59:31,102400.0,1000.0,625200.0
1170,2021-10-17 02:59:03,102400.0,1000.0,624200.0
1171,2021-10-17 02:58:37,102400.0,200.0,623200.0
1172,2021-10-17 02:57:51,102400.0,100.0,623000.0
1173,2021-10-17 02:57:51,102400.0,400.0,622900.0
1174,2021-10-17 02:57:51,102400.0,500.0,622500.0
1175,2021-10-17 02:57:51,102400.0,300.0,622000.0
1176,2021-10-17 02:57:51,102400.0,100.0,621700.0
1177,2021-10-17 02:57:51,102400.0,5100.0,621600.0
1178,2021-10-17 02:57:48,102400.0,800.0,616500.0
1179,2021-10-17 02:57:31,102500.0,300.0,615700.0
1180,2021-10-17 02:57:30,102400.0,700.0,615400.0
1181,2021-10-17 02:57:29,102400.0,500.0,614700.0
1182,2021-10-17 02:57:20,102400.0,2900.0,614200.0
1183,2021-10-17 02:57:20,102400.0,100.0,611300.0
1184,2021-10-17 02:57:20,102400.0,2000.0,611200.0
1185,2021-10-17 02:57:14,102500.0,600.0,609200.0
1186,2021-10-17 02:56:46,102500.0,500.0,608600.0
1187,2021-10-17 02:56:36,102500.0,400.0,608100.0
1188,2021-10-17 02:55:38,102500.0,400.0,607700.0
1189,2021-10-17 02:55:24,102500.0,400.0,607300.0
1190,2021-10-17 02:55:18,102500.0,2400.0,606900.0
1191,2021-10-17 02:55:18,102500.0,600.0,604500.0
1192,2021-10-17 02:55:18,102500.0,500.0,603900.0
1193,2021-10-17 02:55:18,102500.0,100.0,603400.0
1194,2021-10-17 02:55:18,102500.0,16400.0,603300.0
1195,2021-10-17 02:55:12,102500.0,500.0,586900.0
1196,2021-10-17 02:54:00,102400.0,3000.0,586400.0
1197,2021-10-17 02:53:26,102500.0,100.0,583400.0
1198,2021-10-17 02:53:17,102500.0,100.0,583300.0
1199,2021-10-17 02:53:17,102500.0,400.0,583200.0
1200,2021-10-17 02:53:17,102500.0,2000.0,582800.0
1201,2021-10-17 02:53:10,102600.0,600.0,580800.0
1202,2021-10-17 02:52:00,102600.0,8100.0,580200.0
1203,2021-10-17 02:52:00,102600.0,1900.0,572100.0
1204,2021-10-17 02:51:13,102600.0,400.0,570200.0
1205,2021-10-17 02:51:13,102500.0,200.0,569800.0
1206,2021-10-17 02:51:13,102500.0,300.0,569600.0
1207,2021-10-17 02:51:12,102500.0,700.0,569300.0
1208,2021-10-17 02:50:28,102600.0,1800.0,568600.0
1209,2021-10-17 02:50:20,102600.0,1500.0,566800.0
1210,2021-10-17 02:50:20,102600.0,1500.0,565300.0
1211,2021-10-17 02:50:20,102500.0,500.0,563800.0
1212,2021-10-17 02:50:20,102500.0,1000.0,563300.0
1213,2021-10-17 02:50:20,102500.0,300.0,562300.0
1214,2021-10-17 02:50:20,102500.0,100.0,562000.0
1215,2021-10-17 02:50:20,102500.0,2000.0,561900.0
1216,2021-10-17 02:50:20,102500.0,3100.0,559900.0
1217,2021-10-17 02:49:46,102500.0,300.0,556800.0
1218,2021-10-17 02:49:29,102500.0,100.0,556500.0
1219,2021-10-17 02:48:02,102400.0,5000.0,556400.0
1220,2021-10-17 02:46:52,102500.0,100.0,551400.0
1221,2021-10-17 02:46:52,102500.0,2400.0,551300.0
1222,2021-10-17 02:46:37,102500.0,1500.0,548900.0
1223,2021-10-17 02:46:25,102500.0,1500.0,547400.0
1224,2021-10-17 02:46:20,102500.0,2000.0,545900.0
1225,2021-10-17 02:46:20,102500.0,10400.0,543900.0
1226,2021-10-17 02:46:00,102500.0,4600.0,533500.0
1227,2021-10-17 02:45:56,102500.0,600.0,528900.0
1228,2021-10-17 02:45:56,102500.0,1500.0,528300.0
1229,2021-10-17 02:45:50,102500.0,900.0,526800.0
1230,2021-10-17 02:45:42,102500.0,3000.0,525900.0
1231,2021-10-17 02:45:42,102500.0,1000.0,522900.0
1232,2021-10-17 02:45:42,102500.0,1000.0,521900.0
1233,2021-10-17 02:45:42,102500.0,100.0,520900.0
1234,2021-10-17 02:45:42,102500.0,100.0,520800.0
1235,2021-10-17 02:45:42,102500.0,100.0,520700.0
1236,2021-10-17 02:45:42,102500.0,2300.0,520600.0
1237,2021-10-17 02:45:34,102500.0,700.0,518300.0
1238,2021-10-17 02:45:34,102500.0,400.0,517600.0
1239,2021-10-17 02:45:34,102500.0,200.0,517200.0
1240,2021-10-17 02:45:34,102500.0,1700.0,517000.0
1241,2021-10-17 02:45:17,102500.0,100.0,515300.0
1242,2021-10-17 02:45:11,102500.0,500.0,515200.0
1243,2021-10-17 02:44:58,102500.0,300.0,514700.0
1244,2021-10-17 02:44:51,102500.0,500.0,514400.0
1245,2021-10-17 02:44:50,102600.0,900.0,513900.0
1246,2021-10-17 02:44:47,102500.0,400.0,513000.0
1247,2021-10-17 02:44:11,102500.0,1000.0,512600.0
1248,2021-10-17 02:42:40,102600.0,100.0,511600.0
1249,2021-10-17 02:42:38,102600.0,400.0,511500.0
1250,2021-10-17 02:42:37,102600.0,100.0,511100.0
1251,2021-10-17 02:42:35,102600.0,100.0,511000.0
1252,2021-10-17 02:42:32,102600.0,100.0,510900.0
1253,2021-10-17 02:42:29,102600.0,100.0,510800.0
1254,2021-10-17 02:42:26,102600.0,100.0,510700.0
1255,2021-10-17 02:42:26,102500.0,1000.0,510600.0
1256,2021-10-17 02:42:24,102600.0,500.0,509600.0
1257,2021-10-17 02:42:22,102600.0,100.0,509100.0
1258,2021-10-17 02:42:19,102600.0,100.0,509000.0
1259,2021-10-17 02:42:16,102600.0,100.0,508900.0
1260,2021-10-17 02:42:14,102600.0,100.0,508800.0
1261,2021-10-17 02:42:12,102600.0,100.0,508700.0
1262,2021-10-17 02:42:10,102600.0,100.0,508600.0
1263,2021-10-17 02:42:03,102600.0,100.0,508500.0
1264,2021-10-17 02:41:59,102600.0,100.0,508400.0
1265,2021-10-17 02:41:55,102600.0,100.0,508300.0
1266,2021-10-17 02:41:52,102600.0,600.0,508200.0
1267,2021-10-17 02:41:51,102600.0,100.0,507600.0
1268,2021-10-17 02:41:48,102600.0,100.0,507500.0
1269,2021-10-17 02:41:44,102600.0,100.0,507400.0
1270,2021-10-17 02:41:40,102600.0,100.0,507300.0
1271,2021-10-17 02:41:40,102600.0,400.0,507200.0
1272,2021-10-17 02:41:33,102600.0,100.0,506800.0
1273,2021-10-17 02:41:31,102500.0,100.0,506700.0
1274,2021-10-17 02:41:24,102600.0,600.0,506600.0
1275,2021-10-17 02:41:24,102500.0,100.0,506000.0
1276,2021-10-17 02:41:24,102500.0,4300.0,505900.0
1277,2021-10-17 02:41:14,102500.0,300.0,501600.0
1278,2021-10-17 02:40:59,102500.0,500.0,501300.0
1279,2021-10-17 02:40:43,102500.0,500.0,500800.0
1280,2021-10-17 02:40:37,102500.0,2000.0,500300.0
1281,2021-10-17 02:40:30,102500.0,100.0,498300.0
1282,2021-10-17 02:40:28,102500.0,400.0,498200.0
1283,2021-10-17 02:40:15,102500.0,400.0,497800.0
1284,2021-10-17 02:40:11,102500.0,1500.0,497400.0
1285,2021-10-17 02:40:11,102500.0,300.0,495900.0
1286,2021-10-17 02:40:11,102500.0,100.0,495600.0
1287,2021-10-17 02:40:00,102500.0,600.0,495500.0
1288,2021-10-17 02:39:49,102500.0,200.0,494900.0
1289,2021-10-17 02:39:49,102500.0,100.0,494700.0
1290,2021-10-17 02:39:49,102500.0,100.0,494600.0
1291,2021-10-17 02:39:42,102500.0,1800.0,494500.0
1292,2021-10-17 02:39:41,102500.0,100.0,492700.0
1293,2021-10-17 02:39:41,102500.0,100.0,492600.0
1294,2021-10-17 02:39:34,102500.0,600.0,492500.0
1295,2021-10-17 02:39:23,102400.0,200.0,491900.0
1296,2021-10-17 02:39:19,102500.0,300.0,491700.0
1297,2021-10-17 02:39:01,102500.0,400.0,491400.0
1298,2021-10-17 02:38:51,102500.0,500.0,491000.0
1299,2021-10-17 02:38:38,102500.0,100.0,490500.0
1300,2021-10-17 02:38:38,102500.0,300.0,490400.0
1301,2021-10-17 02:38:38,102500.0,100.0,490100.0
1302,2021-10-17 02:38:21,102500.0,100.0,490000.0
1303,2021-10-17 02:38:21,102500.0,400.0,489900.0
1304,2021-10-17 02:38:06,102500.0,400.0,489500.0
1305,2021-10-17 02:38:00,102500.0,1200.0,489100.0
1306,2021-10-17 02:38:00,102500.0,500.0,487900.0
1307,2021-10-17 02:38:00,102500.0,100.0,487400.0
1308,2021-10-17 02:38:00,102500.0,100.0,487300.0
1309,2021-10-17 02:38:00,102500.0,100.0,487200.0
1310,2021-10-17 02:37:48,102500.0,400.0,487100.0
1311,2021-10-17 02:37:38,102500.0,300.0,486700.0
1312,2021-10-17 02:37:21,102500.0,100.0,486400.0
1313,2021-10-17 02:37:21,102500.0,200.0,486300.0
1314,2021-10-17 02:37:21,102500.0,100.0,486100.0
1315,2021-10-17 02:37:10,102500.0,1800.0,486000.0
1316,2021-10-17 02:37:05,102500.0,600.0,484200.0
1317,2021-10-17 02:36:43,102500.0,1800.0,483600.0
1318,2021-10-17 02:36:30,102500.0,700.0,481800.0
1319,2021-10-17 02:36:30,102500.0,200.0,481100.0
1320,2021-10-17 02:36:30,102500.0,400.0,480900.0
1321,2021-10-17 02:36:30,102500.0,600.0,480500.0
1322,2021-10-17 02:35:57,102500.0,300.0,479900.0
1323,2021-10-17 02:35:57,102500.0,100.0,479600.0
1324,2021-10-17 02:35:57,102500.0,100.0,479500.0
1325,2021-10-17 02:35:57,102500.0,1300.0,479400.0
1326,2021-10-17 02:35:46,102500.0,600.0,478100.0
1327,2021-10-17 02:35:34,102500.0,2100.0,477500.0
1328,2021-10-17 02:35:17,102500.0,400.0,475400.0
1329,2021-10-17 02:34:59,102500.0,500.0,475000.0
1330,2021-10-17 02:34:51,102500.0,2000.0,474500.0
1331,2021-10-17 02:34:44,102500.0,600.0,472500.0
1332,2021-10-17 02:34:39,102500.0,2500.0,471900.0
1333,2021-10-17 02:34:39,102500.0,2500.0,469400.0
1334,2021-10-17 02:34:32,102500.0,500.0,466900.0
1335,2021-10-17 02:34:18,102500.0,500.0,466400.0
1336,2021-10-17 02:34:06,102400.0,100.0,465900.0
1337,2021-10-17 02:34:06,102400.0,300.0,465800.0
1338,2021-10-17 02:34:06,102400.0,400.0,465500.0
1339,2021-10-17 02:34:05,102500.0,500.0,465100.0
1340,2021-10-17 02:33:36,102400.0,300.0,464600.0
1341,2021-10-17 02:33:34,102500.0,100.0,464300.0
1342,2021-10-17 02:33:33,102500.0,500.0,464200.0
1343,2021-10-17 02:33:23,102500.0,400.0,463700.0
1344,2021-10-17 02:33:09,102400.0,100.0,463300.0
1345,2021-10-17 02:33:02,102500.0,400.0,463200.0
1346,2021-10-17 02:32:52,102500.0,500.0,462800.0
1347,2021-10-17 02:32:47,102400.0,100.0,462300.0
1348,2021-10-17 02:32:45,102500.0,200.0,462200.0
1349,2021-10-17 02:32:37,102500.0,400.0,462000.0
1350,2021-10-17 02:32:33,102500.0,2000.0,461600.0
1351,2021-10-17 02:32:24,102500.0,600.0,459600.0
1352,2021-10-17 02:32:10,102500.0,500.0,459000.0
1353,2021-10-17 02:31:42,102500.0,300.0,458500.0
1354,2021-10-17 02:31:38,102500.0,100.0,458200.0
1355,2021-10-17 02:31:38,102500.0,2300.0,458100.0
1356,2021-10-17 02:31:30,102500.0,400.0,455800.0
1357,2021-10-17 02:31:06,102400.0,100.0,455400.0
1358,2021-10-17 02:31:06,102500.0,500.0,455300.0
1359,2021-10-17 02:30:58,102400.0,200.0,454800.0
1360,2021-10-17 02:30:58,102400.0,100.0,454600.0
1361,2021-10-17 02:30:48,102500.0,500.0,454500.0
1362,2021-10-17 02:30:36,102500.0,300.0,454000.0
1363,2021-10-17 02:30:18,102500.0,300.0,453700.0
1364,2021-10-17 02:30:11,102500.0,100.0,453400.0
1365,2021-10-17 02:30:06,102500.0,900.0,453300.0
1366,2021-10-17 02:30:06,102500.0,1100.0,452400.0
1367,2021-10-17 02:29:24,102500.0,400.0,451300.0
1368,2021-10-17 02:29:04,102500.0,300.0,450900.0
1369,2021-10-17 02:28:54,102500.0,400.0,450600.0
1370,2021-10-17 02:28:54,102400.0,100.0,450200.0
1371,2021-10-17 02:28:51,102400.0,500.0,450100.0
1372,2021-10-17 02:28:38,102400.0,100.0,449600.0
1373,2021-10-17 02:28:32,102400.0,300.0,449500.0
1374,2021-10-17 02:28:32,102400.0,100.0,449200.0
1375,2021-10-17 02:28:32,102400.0,100.0,449100.0
1376,2021-10-17 02:28:21,102400.0,100.0,449000.0
1377,2021-10-17 02:28:21,102400.0,400.0,448900.0
1378,2021-10-17 02:28:11,102300.0,200.0,448500.0
1379,2021-10-17 02:27:56,102300.0,500.0,448300.0
1380,2021-10-17 02:27:23,102300.0,600.0,447800.0
1381,2021-10-17 02:27:21,102400.0,2000.0,447200.0
1382,2021-10-17 02:27:20,102400.0,1000.0,445200.0
1383,2021-10-17 02:26:46,102300.0,1900.0,444200.0
1384,2021-10-17 02:26:29,102400.0,500.0,442300.0
1385,2021-10-17 02:25:56,102300.0,700.0,441800.0
1386,2021-10-17 02:25:54,102300.0,200.0,441100.0
1387,2021-10-17 02:25:27,102300.0,100.0,440900.0
1388,2021-10-17 02:25:27,102300.0,200.0,440800.0
1389,2021-10-17 02:25:27,102300.0,100.0,440600.0
1390,2021-10-17 02:25:27,102300.0,500.0,440500.0
1391,2021-10-17 02:25:27,102300.0,100.0,440000.0
1392,2021-10-17 02:25:21,102400.0,400.0,439900.0
1393,2021-10-17 02:25:18,102400.0,2000.0,439500.0
1394,2021-10-17 02:25:03,102400.0,400.0,437500.0
1395,2021-10-17 02:25:00,102400.0,200.0,437100.0
1396,2021-10-17 02:24:56,102400.0,500.0,436900.0
1397,2021-10-17 02:24:02,102400.0,500.0,436400.0
1398,2021-10-17 02:23:47,102400.0,500.0,435900.0
1399,2021-10-17 02:23:32,102400.0,300.0,435400.0
1400,2021-10-17 02:23:20,102400.0,500.0,435100.0
1401,2021-10-17 02:23:20,102400.0,800.0,434600.0
1402,2021-10-17 02:23:14,102400.0,2200.0,433800.0
1403,2021-10-17 02:23:02,102200.0,200.0,431600.0
1404,2021-10-17 02:23:02,102300.0,500.0,431400.0
1405,2021-10-17 02:22:59,102400.0,400.0,430900.0
1406,2021-10-17 02:22:55,102400.0,8500.0,430500.0
1407,2021-10-17 02:22:55,102300.0,5100.0,422000.0
1408,2021-10-17 02:22:53,102300.0,4900.0,416900.0
1409,2021-10-17 02:22:51,102400.0,8900.0,412000.0
1410,2021-10-17 02:22:51,102400.0,300.0,403100.0
1411,2021-10-17 02:22:45,102300.0,100.0,402800.0
1412,2021-10-17 02:21:33,102500.0,500.0,402700.0
1413,2021-10-17 02:21:08,102500.0,100.0,402200.0
1414,2021-10-17 02:21:04,102100.0,300.0,402100.0
1415,2021-10-17 02:21:04,102100.0,100.0,401800.0
1416,2021-10-17 02:21:04,102100.0,500.0,401700.0
1417,2021-10-17 02:21:04,102200.0,14000.0,401200.0
1418,2021-10-17 02:21:04,102200.0,100.0,387200.0
1419,2021-10-17 02:21:04,102500.0,200.0,387100.0
1420,2021-10-17 02:21:04,102400.0,200.0,386900.0
1421,2021-10-17 02:20:53,102500.0,200.0,386700.0
1422,2021-10-17 02:20:52,102200.0,100.0,386500.0
1423,2021-10-17 02:20:42,102500.0,200.0,386400.0
1424,2021-10-17 02:20:33,102500.0,500.0,386200.0
1425,2021-10-17 02:20:19,102100.0,800.0,385700.0
1426,2021-10-17 02:20:19,102200.0,3200.0,384900.0
1427,2021-10-17 02:20:13,102400.0,100.0,381700.0
1428,2021-10-17 02:20:13,102400.0,200.0,381600.0
1429,2021-10-17 02:20:13,102400.0,100.0,381400.0
1430,2021-10-17 02:20:12,102400.0,500.0,381300.0
1431,2021-10-17 02:20:07,102200.0,5000.0,380800.0
1432,2021-10-17 02:20:07,102300.0,5000.0,375800.0
1433,2021-10-17 02:19:56,102200.0,3000.0,370800.0
1434,2021-10-17 02:19:51,102200.0,500.0,367800.0
1435,2021-10-17 02:19:50,102200.0,9000.0,367300.0
1436,2021-10-17 02:19:50,102200.0,9000.0,358300.0
1437,2021-10-17 02:19:50,102300.0,5500.0,349300.0
1438,2021-10-17 02:19:50,102300.0,3000.0,343800.0
1439,2021-10-17 02:19:44,102300.0,6000.0,340800.0
1440,2021-10-17 02:19:36,102200.0,1000.0,334800.0
1441,2021-10-17 02:19:31,102100.0,200.0,333800.0
1442,2021-10-17 02:19:31,102200.0,10000.0,333600.0
1443,2021-10-17 02:19:31,102200.0,4000.0,323600.0
1444,2021-10-17 02:19:20,102200.0,400.0,319600.0
1445,2021-10-17 02:19:20,102200.0,10000.0,319200.0
1446,2021-10-17 02:19:20,102300.0,4600.0,309200.0
1447,2021-10-17 02:19:13,102300.0,200.0,304600.0
1448,2021-10-17 02:19:11,102300.0,600.0,304400.0
1449,2021-10-17 02:19:10,102300.0,1400.0,303800.0
1450,2021-10-17 02:19:09,102300.0,500.0,302400.0
1451,2021-10-17 02:19:09,102300.0,5000.0,301900.0
1452,2021-10-17 02:19:07,102100.0,2400.0,296900.0
1453,2021-10-17 02:19:07,102200.0,200.0,294500.0
1454,2021-10-17 02:19:07,102200.0,8400.0,294300.0
1455,2021-10-17 02:19:07,102200.0,1600.0,285900.0
1456,2021-10-17 02:19:07,102200.0,400.0,284300.0
1457,2021-10-17 02:19:05,102300.0,5000.0,283900.0
1458,2021-10-17 02:18:55,102200.0,600.0,278900.0
1459,2021-10-17 02:18:53,102100.0,400.0,278300.0
1460,2021-10-17 02:18:53,102200.0,200.0,277900.0
1461,2021-10-17 02:18:53,102200.0,5500.0,277700.0
1462,2021-10-17 02:18:49,102200.0,400.0,272200.0
1463,2021-10-17 02:18:47,102200.0,1500.0,271800.0
1464,2021-10-17 02:18:47,102200.0,400.0,270300.0
1465,2021-10-17 02:18:47,102200.0,2200.0,269900.0
1466,2021-10-17 02:18:43,102200.0,10000.0,267700.0
1467,2021-10-17 02:18:43,102200.0,4000.0,257700.0
1468,2021-10-17 02:18:38,102200.0,3800.0,253700.0
1469,2021-10-17 02:18:37,102200.0,200.0,249900.0
1470,2021-10-17 02:18:35,102200.0,2200.0,249700.0
1471,2021-10-17 02:18:33,102200.0,5300.0,247500.0
1472,2021-10-17 02:18:33,102300.0,200.0,242200.0
1473,2021-10-17 02:18:33,102300.0,10000.0,242000.0
1474,2021-10-17 02:18:33,102300.0,4500.0,232000.0
1475,2021-10-17 02:18:31,102400.0,1000.0,227500.0
1476,2021-10-17 02:18:27,102400.0,500.0,226500.0
1477,2021-10-17 02:18:23,102400.0,200.0,226000.0
1478,2021-10-17 02:18:22,102400.0,100.0,225800.0
1479,2021-10-17 02:18:22,102400.0,1500.0,225700.0
1480,2021-10-17 02:18:22,102400.0,700.0,224200.0
1481,2021-10-17 02:18:15,102400.0,1700.0,223500.0
1482,2021-10-17 02:18:14,102400.0,1000.0,221800.0
1483,2021-10-17 02:18:14,102400.0,21000.0,220800.0
1484,2021-10-17 02:18:14,102400.0,200.0,199800.0
1485,2021-10-17 02:18:14,102400.0,100.0,199600.0
1486,2021-10-17 02:18:09,102300.0,500.0,199500.0
1487,2021-10-17 02:18:07,102100.0,1300.0,199000.0
1488,2021-10-17 02:18:07,102200.0,500.0,197700.0
1489,2021-10-17 02:18:07,102300.0,3200.0,197200.0
1490,2021-10-17 02:18:07,102300.0,100.0,194000.0
1491,2021-10-17 02:18:05,102300.0,1600.0,193900.0
1492,2021-10-17 02:18:04,102300.0,700.0,192300.0
1493,2021-10-17 02:18:04,102300.0,1500.0,191600.0
1494,2021-10-17 02:18:04,102300.0,12900.0,190100.0
1495,2021-10-17 02:18:01,102300.0,7100.0,177200.0
1496,2021-10-17 02:17:57,102000.0,100.0,170100.0
1497,2021-10-17 02:17:55,102000.0,1200.0,170000.0
1498,2021-10-17 02:17:53,102000.0,1900.0,168800.0
1499,2021-10-17 02:17:53,102000.0,200.0,166900.0
1500,2021-10-17 02:17:53,102100.0,8800.0,166700.0
1501,2021-10-17 02:17:53,102200.0,200.0,157900.0
1502,2021-10-17 02:17:51,102100.0,100.0,157700.0
1503,2021-10-17 02:17:49,102100.0,1100.0,157600.0
1504,2021-10-17 02:17:47,102100.0,1000.0,156500.0
1505,2021-10-17 02:17:47,102100.0,9000.0,155500.0
1506,2021-10-17 02:17:43,102200.0,100.0,146500.0
1507,2021-10-17 02:17:37,102200.0,200.0,146400.0
1508,2021-10-17 02:17:37,102200.0,800.0,146200.0
1509,2021-10-17 02:17:31,102200.0,2000.0,145400.0
1510,2021-10-17 02:17:31,102200.0,500.0,143400.0
1511,2021-10-17 02:17:29,102200.0,19500.0,142900.0
1512,2021-10-17 02:17:29,102200.0,500.0,123400.0
1513,2021-10-17 02:17:29,102200.0,2000.0,122900.0
1514,2021-10-17 02:17:29,102200.0,4000.0,120900.0
1515,2021-10-17 02:17:29,102300.0,500.0,116900.0
1516,2021-10-17 02:17:29,102300.0,600.0,116400.0
1517,2021-10-17 02:17:29,102300.0,2900.0,115800.0
1518,2021-10-17 02:17:11,102300.0,100.0,112900.0
1519,2021-10-17 02:17:09,102300.0,1600.0,112800.0
1520,2021-10-17 02:17:06,102300.0,1700.0,111200.0
1521,2021-10-17 02:17:06,102300.0,13700.0,109500.0
1522,2021-10-17 02:16:53,102300.0,100.0,95800.0
1523,2021-10-17 02:16:53,102300.0,100.0,95700.0
1524,2021-10-17 02:16:53,102300.0,2000.0,95600.0
1525,2021-10-17 02:16:53,102300.0,100.0,93600.0
1526,2021-10-17 02:16:53,102300.0,4200.0,93500.0
1527,2021-10-17 02:16:53,102400.0,100.0,89300.0
1528,2021-10-17 02:16:53,102400.0,5000.0,89200.0
1529,2021-10-17 02:16:53,102400.0,1000.0,84200.0
1530,2021-10-17 02:16:53,102400.0,2300.0,83200.0
1531,2021-10-17 02:16:53,102400.0,900.0,80900.0
1532,2021-10-17 02:16:39,102400.0,100.0,80000.0
1533,2021-10-17 02:16:38,102400.0,1100.0,79900.0
1534,2021-10-17 02:16:35,102500.0,1000.0,78800.0
1535,2021-10-17 02:16:29,102400.0,400.0,77800.0
1536,2021-10-17 02:16:26,102400.0,200.0,77400.0
1537,2021-10-17 02:15:51,102300.0,200.0,77200.0
1538,2021-10-17 02:15:47,102500.0,600.0,77000.0
1539,2021-10-17 02:15:47,102400.0,5000.0,76400.0
1540,2021-10-17 02:15:47,102400.0,4400.0,71400.0
1541,2021-10-17 02:15:39,102300.0,500.0,67000.0
1542,2021-10-17 02:15:39,102300.0,100.0,66500.0
1543,2021-10-17 02:15:35,102300.0,2200.0,66400.0
1544,2021-10-17 02:15:35,102300.0,500.0,64200.0
1545,2021-10-17 02:15:35,102300.0,2300.0,63700.0
1546,2021-10-17 02:15:35,102200.0,200.0,61400.0
1547,2021-10-17 02:15:33,102200.0,2400.0,61200.0
1548,2021-10-17 02:15:12,102300.0,100.0,58800.0
1549,2021-10-17 02:15:00,102300.0,2600.0,58700.0
1550,2021-10-17 02:15:00,102300.0,100.0,56100.0
1551,2021-10-17 02:15:00,102300.0,12300.0,56000.0
1552,2021-10-17 02:15:00,102300.0,5000.0,43700.0
1553,2021-10-17 02:15:00,102300.0,2700.0,38700.0
1554,2021-10-17 02:15:00,102300.0,200.0,36000.0
1555,2021-10-17 02:15:00,102300.0,100.0,35800.0
1556,2021-10-17 02:15:00,102300.0,100.0,35700.0
1557,2021-10-17 02:15:00,102300.0,900.0,35600.0
1558,2021-10-17 02:15:00,102300.0,1000.0,34700.0
1559,2021-10-17 02:15:00,102300.0,500.0,33700.0
1560,2021-10-17 02:15:00,102300.0,100.0,33200.0
1561,2021-10-17 02:15:00,102300.0,5000.0,33100.0
1562,2021-10-17 02:15:00,102300.0,1000.0,28100.0
1563,2021-10-17 02:15:00,102300.0,4000.0,27100.0
1564,2021-10-17 02:15:00,102300.0,100.0,23100.0
1565,2021-10-17 02:15:00,102300.0,4100.0,23000.0
1566,2021-10-17 02:15:00,102300.0,3100.0,18900.0
1567,2021-10-17 02:15:00,102300.0,900.0,15800.0
1568,2021-10-17 02:15:00,102300.0,1000.0,14900.0
1569,2021-10-17 02:15:00,102300.0,500.0,13900.0
1570,2021-10-17 02:15:00,102300.0,600.0,13400.0
1571,2021-10-17 02:15:00,102300.0,400.0,12800.0
1572,2021-10-17 02:15:00,102300.0,500.0,12400.0
1573,2021-10-17 02:15:00,102300.0,500.0,11900.0
1574,2021-10-17 02:15:00,102300.0,100.0,11400.0
1575,2021-10-17 02:15:00,102300.0,900.0,11300.0
1576,2021-10-17 02:15:00,102300.0,1100.0,10400.0
1577,2021-10-17 02:15:00,102300.0,1900.0,9300.0
1578,2021-10-17 02:15:00,102300.0,100.0,7400.0
1579,2021-10-17 02:15:00,102300.0,600.0,7300.0
1580,2021-10-17 02:15:00,102300.0,1900.0,6700.0
1581,2021-10-17 02:15:00,102300.0,1100.0,4800.0
1582,2021-10-17 02:15:00,102300.0,1000.0,3700.0
1583,2021-10-17 02:15:00,102300.0,200.0,2700.0
1584,2021-10-17 02:15:00,102300.0,2500.0,2500.0
