,Time,Price,Volume_per_trade,Volume
0,2021-10-01 14:45:01,102000.0,15000.0,1756000.0
1,2021-10-01 14:45:01,102000.0,6300.0,1741000.0
2,2021-10-01 14:45:01,102000.0,1000.0,1734700.0
3,2021-10-01 14:45:01,102000.0,100.0,1733700.0
4,2021-10-01 14:45:01,102000.0,500.0,1733600.0
5,2021-10-01 14:45:01,102000.0,1000.0,1733100.0
6,2021-10-01 14:45:01,102000.0,500.0,1732100.0
7,2021-10-01 14:45:01,102000.0,200.0,1731600.0
8,2021-10-01 14:45:01,102000.0,300.0,1731400.0
9,2021-10-01 14:45:01,102000.0,100.0,1731100.0
10,2021-10-01 14:45:01,102000.0,400.0,1731000.0
11,2021-10-01 14:45:01,102000.0,500.0,1730600.0
12,2021-10-01 14:45:01,102000.0,500.0,1730100.0
13,2021-10-01 14:45:01,102000.0,1300.0,1729600.0
14,2021-10-01 14:45:01,102000.0,6300.0,1728300.0
15,2021-10-01 14:45:01,102000.0,5000.0,1722000.0
16,2021-10-01 14:45:01,102000.0,300.0,1717000.0
17,2021-10-01 14:45:01,102000.0,15700.0,1716700.0
18,2021-10-01 14:45:01,102000.0,4300.0,1701000.0
19,2021-10-01 14:45:01,102000.0,5000.0,1696700.0
20,2021-10-01 14:45:01,102000.0,1500.0,1691700.0
21,2021-10-01 14:45:01,102000.0,1500.0,1690200.0
22,2021-10-01 14:45:01,102000.0,1500.0,1688700.0
23,2021-10-01 14:45:01,102000.0,1200.0,1687200.0
24,2021-10-01 14:45:01,102000.0,1300.0,1686000.0
25,2021-10-01 14:45:01,102000.0,5000.0,1684700.0
26,2021-10-01 14:45:01,102000.0,1500.0,1679700.0
27,2021-10-01 14:45:01,102000.0,500.0,1678200.0
28,2021-10-01 14:45:01,102000.0,10000.0,1677700.0
29,2021-10-01 14:45:01,102000.0,1700.0,1667700.0
30,2021-10-01 14:45:01,102000.0,3300.0,1666000.0
31,2021-10-01 14:45:01,102000.0,5000.0,1662700.0
32,2021-10-01 14:45:01,102000.0,100.0,1657700.0
33,2021-10-01 14:45:01,102000.0,1000.0,1657600.0
34,2021-10-01 14:45:01,102000.0,600.0,1656600.0
35,2021-10-01 14:45:01,102000.0,400.0,1656000.0
36,2021-10-01 14:45:01,102000.0,2000.0,1655600.0
37,2021-10-01 14:45:01,102000.0,500.0,1653600.0
38,2021-10-01 14:45:01,102000.0,5800.0,1653100.0
39,2021-10-01 14:45:01,102000.0,200.0,1647300.0
40,2021-10-01 14:45:01,102000.0,2000.0,1647100.0
41,2021-10-01 14:45:01,102000.0,4100.0,1645100.0
42,2021-10-01 14:45:01,102000.0,5900.0,1641000.0
43,2021-10-01 14:45:01,102000.0,4000.0,1635100.0
44,2021-10-01 14:45:01,102000.0,10000.0,1631100.0
45,2021-10-01 14:45:01,102000.0,1000.0,1621100.0
46,2021-10-01 14:45:01,102000.0,4000.0,1620100.0
47,2021-10-01 14:45:01,102000.0,100.0,1616100.0
48,2021-10-01 14:45:01,102000.0,200.0,1616000.0
49,2021-10-01 14:45:01,102000.0,100.0,1615800.0
50,2021-10-01 14:45:01,102000.0,100.0,1615700.0
51,2021-10-01 14:45:01,102000.0,200.0,1615600.0
52,2021-10-01 14:45:01,102000.0,2500.0,1615400.0
53,2021-10-01 14:45:01,102000.0,1300.0,1612900.0
54,2021-10-01 14:45:01,102000.0,1000.0,1611600.0
55,2021-10-01 14:45:01,102000.0,1000.0,1610600.0
56,2021-10-01 14:45:01,102000.0,200.0,1609600.0
57,2021-10-01 14:45:01,102000.0,3000.0,1609400.0
58,2021-10-01 14:45:01,102000.0,100.0,1606400.0
59,2021-10-01 14:45:01,102000.0,300.0,1606300.0
60,2021-10-01 14:45:01,102000.0,1700.0,1606000.0
61,2021-10-01 14:45:01,102000.0,100.0,1604300.0
62,2021-10-01 14:45:01,102000.0,1000.0,1604200.0
63,2021-10-01 14:45:01,102000.0,100.0,1603200.0
64,2021-10-01 14:45:01,102000.0,100.0,1603100.0
65,2021-10-01 14:45:01,102000.0,13400.0,1603000.0
66,2021-10-01 14:45:01,102000.0,200.0,1589600.0
67,2021-10-01 14:45:01,102000.0,5000.0,1589400.0
68,2021-10-01 14:45:01,102000.0,100.0,1584400.0
69,2021-10-01 14:45:01,102000.0,8300.0,1584300.0
70,2021-10-01 14:45:01,102000.0,7900.0,1576000.0
71,2021-10-01 14:45:01,102000.0,2000.0,1568100.0
72,2021-10-01 14:45:01,102000.0,1000.0,1566100.0
73,2021-10-01 14:45:01,102000.0,1000.0,1565100.0
74,2021-10-01 14:45:01,102000.0,200.0,1564100.0
75,2021-10-01 14:45:01,102000.0,300.0,1563900.0
76,2021-10-01 14:45:01,102000.0,5000.0,1563600.0
77,2021-10-01 14:45:01,102000.0,300.0,1558600.0
78,2021-10-01 14:45:01,102000.0,500.0,1558300.0
79,2021-10-01 14:45:01,102000.0,100.0,1557800.0
80,2021-10-01 14:45:01,102000.0,1000.0,1557700.0
81,2021-10-01 14:45:01,102000.0,700.0,1556700.0
82,2021-10-01 14:45:01,102000.0,9300.0,1556000.0
83,2021-10-01 14:45:01,102000.0,4600.0,1546700.0
84,2021-10-01 14:45:01,102000.0,200.0,1542100.0
85,2021-10-01 14:45:01,102000.0,200.0,1541900.0
86,2021-10-01 14:45:01,102000.0,700.0,1541700.0
87,2021-10-01 14:45:01,102000.0,4300.0,1541000.0
88,2021-10-01 14:45:01,102000.0,2000.0,1536700.0
89,2021-10-01 14:45:01,102000.0,1000.0,1534700.0
90,2021-10-01 14:45:01,102000.0,400.0,1533700.0
91,2021-10-01 14:45:01,102000.0,2000.0,1533300.0
92,2021-10-01 14:45:01,102000.0,5000.0,1531300.0
93,2021-10-01 14:45:01,102000.0,300.0,1526300.0
94,2021-10-01 14:45:01,102000.0,5000.0,1526000.0
95,2021-10-01 14:45:01,102000.0,15000.0,1521000.0
96,2021-10-01 14:45:01,102000.0,200.0,1506000.0
97,2021-10-01 14:45:01,102000.0,200.0,1505800.0
98,2021-10-01 14:45:01,102000.0,1500.0,1505600.0
99,2021-10-01 14:45:01,102000.0,100.0,1504100.0
100,2021-10-01 14:45:01,102000.0,200.0,1504000.0
101,2021-10-01 14:45:01,102000.0,1300.0,1503800.0
102,2021-10-01 14:45:01,102000.0,300.0,1502500.0
103,2021-10-01 14:45:01,102000.0,1000.0,1502200.0
104,2021-10-01 14:45:01,102000.0,100.0,1501200.0
105,2021-10-01 14:45:01,102000.0,100.0,1501100.0
106,2021-10-01 14:45:01,102000.0,1000.0,1501000.0
107,2021-10-01 14:45:01,102000.0,500.0,1500000.0
108,2021-10-01 14:45:01,102000.0,10000.0,1499500.0
109,2021-10-01 14:45:01,102000.0,500.0,1489500.0
110,2021-10-01 14:45:01,102000.0,3500.0,1489000.0
111,2021-10-01 14:45:01,102000.0,10000.0,1485500.0
112,2021-10-01 14:45:01,102000.0,1000.0,1475500.0
113,2021-10-01 14:45:01,102000.0,1000.0,1474500.0
114,2021-10-01 14:45:01,102000.0,1000.0,1473500.0
115,2021-10-01 14:45:01,102000.0,1400.0,1472500.0
116,2021-10-01 14:45:01,102000.0,500.0,1471100.0
117,2021-10-01 14:45:01,102000.0,500.0,1470600.0
118,2021-10-01 14:45:01,102000.0,2000.0,1470100.0
119,2021-10-01 14:45:01,102000.0,1800.0,1468100.0
120,2021-10-01 14:45:01,102000.0,2000.0,1466300.0
121,2021-10-01 14:45:01,102000.0,600.0,1464300.0
122,2021-10-01 14:45:01,102000.0,100.0,1463700.0
123,2021-10-01 14:45:01,102000.0,3500.0,1463600.0
124,2021-10-01 14:45:01,102000.0,1000.0,1460100.0
125,2021-10-01 14:45:01,102000.0,100.0,1459100.0
126,2021-10-01 14:45:01,102000.0,200.0,1459000.0
127,2021-10-01 14:45:01,102000.0,400.0,1458800.0
128,2021-10-01 14:45:01,102000.0,7400.0,1458400.0
129,2021-10-01 14:45:01,102000.0,2600.0,1451000.0
130,2021-10-01 14:45:01,102000.0,100.0,1448400.0
131,2021-10-01 14:45:01,102000.0,10000.0,1448300.0
132,2021-10-01 14:45:01,102000.0,100.0,1438300.0
133,2021-10-01 14:45:01,102000.0,1000.0,1438200.0
134,2021-10-01 14:45:01,102000.0,18000.0,1437200.0
135,2021-10-01 14:45:01,102000.0,3300.0,1419200.0
136,2021-10-01 14:45:01,102000.0,600.0,1415900.0
137,2021-10-01 14:45:01,102000.0,7000.0,1415300.0
138,2021-10-01 14:45:01,102000.0,1000.0,1408300.0
139,2021-10-01 14:45:01,102000.0,2000.0,1407300.0
140,2021-10-01 14:45:01,102000.0,2000.0,1405300.0
141,2021-10-01 14:45:01,102000.0,500.0,1403300.0
142,2021-10-01 14:45:01,102000.0,700.0,1402800.0
143,2021-10-01 14:45:01,102000.0,1100.0,1402100.0
144,2021-10-01 14:45:01,102000.0,900.0,1401000.0
145,2021-10-01 14:45:01,102000.0,1100.0,1400100.0
146,2021-10-01 14:45:01,102000.0,500.0,1399000.0
147,2021-10-01 14:45:01,102000.0,300.0,1398500.0
148,2021-10-01 14:45:01,102000.0,600.0,1398200.0
149,2021-10-01 14:45:01,102000.0,900.0,1397600.0
150,2021-10-01 14:29:13,101500.0,100.0,1396700.0
151,2021-10-01 14:28:16,101500.0,200.0,1396600.0
152,2021-10-01 14:27:56,101500.0,400.0,1396400.0
153,2021-10-01 14:27:56,101500.0,500.0,1396000.0
154,2021-10-01 14:27:56,101500.0,2400.0,1395500.0
155,2021-10-01 14:27:56,101500.0,400.0,1393100.0
156,2021-10-01 14:27:56,101500.0,100.0,1392700.0
157,2021-10-01 14:27:56,101500.0,1800.0,1392600.0
158,2021-10-01 14:25:46,101500.0,900.0,1390800.0
159,2021-10-01 14:25:46,101500.0,4900.0,1389900.0
160,2021-10-01 14:25:09,101500.0,800.0,1385000.0
161,2021-10-01 14:24:11,101500.0,4300.0,1384200.0
162,2021-10-01 14:24:11,101500.0,4000.0,1379900.0
163,2021-10-01 14:24:11,101500.0,400.0,1375900.0
164,2021-10-01 14:24:11,101500.0,1000.0,1375500.0
165,2021-10-01 14:24:11,101500.0,100.0,1374500.0
166,2021-10-01 14:24:11,101500.0,200.0,1374400.0
167,2021-10-01 14:22:47,101500.0,500.0,1374200.0
168,2021-10-01 14:21:44,101500.0,100.0,1373700.0
169,2021-10-01 14:19:46,101500.0,100.0,1373600.0
170,2021-10-01 14:19:46,101500.0,100.0,1373500.0
171,2021-10-01 14:19:46,101500.0,100.0,1373400.0
172,2021-10-01 14:17:54,101500.0,100.0,1373300.0
173,2021-10-01 14:17:54,101500.0,200.0,1373200.0
174,2021-10-01 14:17:54,101500.0,200.0,1373000.0
175,2021-10-01 14:17:54,101500.0,100.0,1372800.0
176,2021-10-01 14:17:54,101500.0,400.0,1372700.0
177,2021-10-01 14:17:49,101500.0,600.0,1372300.0
178,2021-10-01 14:17:49,101500.0,100.0,1371700.0
179,2021-10-01 14:17:49,101500.0,700.0,1371600.0
180,2021-10-01 14:17:47,101600.0,300.0,1370900.0
181,2021-10-01 14:17:43,101500.0,1100.0,1370600.0
182,2021-10-01 14:17:43,101500.0,3800.0,1369500.0
183,2021-10-01 14:16:50,101500.0,2000.0,1365700.0
184,2021-10-01 14:16:40,101500.0,100.0,1363700.0
185,2021-10-01 14:14:21,101500.0,1000.0,1363600.0
186,2021-10-01 14:13:52,101500.0,5000.0,1362600.0
187,2021-10-01 14:11:06,101500.0,500.0,1357600.0
188,2021-10-01 14:10:11,101600.0,100.0,1357100.0
189,2021-10-01 14:09:22,101600.0,800.0,1357000.0
190,2021-10-01 14:09:20,101500.0,1800.0,1356200.0
191,2021-10-01 14:09:00,101500.0,500.0,1354400.0
192,2021-10-01 14:07:07,101500.0,1800.0,1353900.0
193,2021-10-01 14:07:01,101500.0,2000.0,1352100.0
194,2021-10-01 14:05:11,101500.0,2000.0,1350100.0
195,2021-10-01 14:03:11,101600.0,900.0,1348100.0
196,2021-10-01 14:02:47,101600.0,900.0,1347200.0
197,2021-10-01 14:00:12,101600.0,500.0,1346300.0
198,2021-10-01 14:00:12,101600.0,1500.0,1345800.0
199,2021-10-01 13:53:41,101500.0,100.0,1344300.0
200,2021-10-01 13:52:29,101500.0,100.0,1344200.0
201,2021-10-01 13:50:24,101500.0,500.0,1344100.0
202,2021-10-01 13:48:14,101500.0,100.0,1343600.0
203,2021-10-01 13:47:08,101800.0,100.0,1343500.0
204,2021-10-01 13:45:48,101500.0,1600.0,1343400.0
205,2021-10-01 13:45:48,101600.0,3400.0,1341800.0
206,2021-10-01 13:44:51,101600.0,10000.0,1338400.0
207,2021-10-01 13:44:40,101600.0,500.0,1328400.0
208,2021-10-01 13:44:34,101600.0,400.0,1327900.0
209,2021-10-01 13:44:34,101700.0,3600.0,1327500.0
210,2021-10-01 13:44:18,101700.0,5000.0,1323900.0
211,2021-10-01 13:44:15,101700.0,100.0,1318900.0
212,2021-10-01 13:44:15,101700.0,10000.0,1318800.0
213,2021-10-01 13:44:15,101700.0,300.0,1308800.0
214,2021-10-01 13:43:37,101600.0,200.0,1308500.0
215,2021-10-01 13:43:37,101600.0,100.0,1308300.0
216,2021-10-01 13:43:04,101500.0,1700.0,1308200.0
217,2021-10-01 13:42:44,101500.0,18300.0,1306500.0
218,2021-10-01 13:42:44,101500.0,6200.0,1288200.0
219,2021-10-01 13:41:57,101500.0,1000.0,1282000.0
220,2021-10-01 13:41:57,101500.0,200.0,1281000.0
221,2021-10-01 13:41:57,101500.0,100.0,1280800.0
222,2021-10-01 13:41:57,101500.0,200.0,1280700.0
223,2021-10-01 13:41:57,101500.0,100.0,1280500.0
224,2021-10-01 13:41:57,101500.0,200.0,1280400.0
225,2021-10-01 13:38:49,101500.0,200.0,1280200.0
226,2021-10-01 13:36:18,101600.0,100.0,1280000.0
227,2021-10-01 13:34:56,101500.0,400.0,1279900.0
228,2021-10-01 13:33:27,101500.0,100.0,1279500.0
229,2021-10-01 13:32:54,101500.0,100.0,1279400.0
230,2021-10-01 13:32:31,101500.0,100.0,1279300.0
231,2021-10-01 13:32:08,101500.0,4000.0,1279200.0
232,2021-10-01 13:31:46,101500.0,1000.0,1275200.0
233,2021-10-01 13:31:36,101500.0,4000.0,1274200.0
234,2021-10-01 13:31:36,101500.0,1000.0,1270200.0
235,2021-10-01 13:31:29,101700.0,14700.0,1269200.0
236,2021-10-01 13:31:29,101700.0,100.0,1254500.0
237,2021-10-01 13:31:29,101700.0,100.0,1254400.0
238,2021-10-01 13:31:29,101700.0,3000.0,1254300.0
239,2021-10-01 13:31:29,101700.0,2100.0,1251300.0
240,2021-10-01 13:30:18,101400.0,1000.0,1249200.0
241,2021-10-01 13:30:18,101500.0,4000.0,1248200.0
242,2021-10-01 13:30:12,101500.0,20000.0,1244200.0
243,2021-10-01 13:30:12,101500.0,2000.0,1224200.0
244,2021-10-01 13:30:09,101500.0,3300.0,1222200.0
245,2021-10-01 13:29:03,101500.0,500.0,1218900.0
246,2021-10-01 13:28:24,101500.0,6000.0,1218400.0
247,2021-10-01 13:28:13,101500.0,11200.0,1212400.0
248,2021-10-01 13:27:41,101400.0,300.0,1201200.0
249,2021-10-01 13:27:41,101500.0,5200.0,1200900.0
250,2021-10-01 13:27:08,101400.0,100.0,1195700.0
251,2021-10-01 13:27:08,101500.0,16500.0,1195600.0
252,2021-10-01 13:26:58,101500.0,5500.0,1179100.0
253,2021-10-01 13:26:52,101500.0,4500.0,1173600.0
254,2021-10-01 13:26:43,101500.0,21000.0,1169100.0
255,2021-10-01 13:26:42,101500.0,100.0,1148100.0
256,2021-10-01 13:26:42,101500.0,800.0,1148000.0
257,2021-10-01 13:26:42,101500.0,1000.0,1147200.0
258,2021-10-01 13:26:42,101500.0,1000.0,1146200.0
259,2021-10-01 13:26:42,101500.0,1000.0,1145200.0
260,2021-10-01 13:26:42,101500.0,500.0,1144200.0
261,2021-10-01 13:26:42,101500.0,4600.0,1143700.0
262,2021-10-01 13:20:59,101500.0,300.0,1139100.0
263,2021-10-01 13:18:30,101500.0,100.0,1138800.0
264,2021-10-01 13:18:30,101500.0,600.0,1138700.0
265,2021-10-01 13:16:53,101500.0,600.0,1138100.0
266,2021-10-01 13:16:53,101500.0,1000.0,1137500.0
267,2021-10-01 13:16:53,101500.0,200.0,1136500.0
268,2021-10-01 13:16:37,101500.0,100.0,1136300.0
269,2021-10-01 13:15:25,101500.0,100.0,1136200.0
270,2021-10-01 13:13:40,101700.0,2900.0,1136100.0
271,2021-10-01 13:12:10,101700.0,1800.0,1133200.0
272,2021-10-01 13:12:02,101700.0,100.0,1131400.0
273,2021-10-01 13:10:11,101700.0,200.0,1131300.0
274,2021-10-01 13:10:01,101500.0,100.0,1131100.0
275,2021-10-01 13:10:01,101500.0,100.0,1131000.0
276,2021-10-01 13:10:01,101500.0,1600.0,1130900.0
277,2021-10-01 13:09:30,101500.0,1800.0,1129300.0
278,2021-10-01 13:09:10,101500.0,1600.0,1127500.0
279,2021-10-01 13:09:10,101600.0,200.0,1125900.0
280,2021-10-01 13:08:38,101600.0,1800.0,1125700.0
281,2021-10-01 13:08:38,101700.0,10000.0,1123900.0
282,2021-10-01 13:08:38,101700.0,3000.0,1113900.0
283,2021-10-01 13:08:16,101600.0,200.0,1110900.0
284,2021-10-01 13:08:16,101600.0,10000.0,1110700.0
285,2021-10-01 13:08:16,101600.0,600.0,1100700.0
286,2021-10-01 13:08:16,101500.0,200.0,1100100.0
287,2021-10-01 13:06:31,101400.0,600.0,1099900.0
288,2021-10-01 13:06:31,101500.0,500.0,1099300.0
289,2021-10-01 13:06:31,101500.0,100.0,1098800.0
290,2021-10-01 13:06:31,101500.0,600.0,1098700.0
291,2021-10-01 13:06:04,101600.0,900.0,1098100.0
292,2021-10-01 13:01:12,101500.0,400.0,1097200.0
293,2021-10-01 13:01:12,101500.0,100.0,1096800.0
294,2021-10-01 13:00:16,101500.0,500.0,1096700.0
295,2021-10-01 13:00:07,101500.0,200.0,1096200.0
296,2021-10-01 13:00:07,101500.0,400.0,1096000.0
297,2021-10-01 13:00:01,101400.0,300.0,1095600.0
298,2021-10-01 11:29:32,101400.0,200.0,1095300.0
299,2021-10-01 11:29:32,101500.0,20000.0,1095100.0
300,2021-10-01 11:29:32,101500.0,100.0,1075100.0
301,2021-10-01 11:29:32,101500.0,100.0,1075000.0
302,2021-10-01 11:29:32,101500.0,200.0,1074900.0
303,2021-10-01 11:29:32,101500.0,100.0,1074700.0
304,2021-10-01 11:29:32,101500.0,10800.0,1074600.0
305,2021-10-01 11:28:54,101500.0,400.0,1063800.0
306,2021-10-01 11:28:54,101600.0,4600.0,1063400.0
307,2021-10-01 11:28:49,101600.0,6600.0,1058800.0
308,2021-10-01 11:28:30,101500.0,100.0,1052200.0
309,2021-10-01 11:28:30,101600.0,7400.0,1052100.0
310,2021-10-01 11:28:24,101600.0,5000.0,1044700.0
311,2021-10-01 11:28:16,101600.0,3000.0,1039700.0
312,2021-10-01 11:24:55,101800.0,100.0,1036700.0
313,2021-10-01 11:22:23,101800.0,2400.0,1036600.0
314,2021-10-01 11:22:00,101500.0,100.0,1034200.0
315,2021-10-01 11:22:00,101600.0,1500.0,1034100.0
316,2021-10-01 11:22:00,101600.0,4500.0,1032600.0
317,2021-10-01 11:22:00,101700.0,3000.0,1028100.0
318,2021-10-01 11:22:00,101700.0,100.0,1025100.0
319,2021-10-01 11:21:10,101600.0,4400.0,1025000.0
320,2021-10-01 11:21:05,101600.0,5600.0,1020600.0
321,2021-10-01 11:21:00,101600.0,4400.0,1015000.0
322,2021-10-01 11:21:00,101700.0,5000.0,1010600.0
323,2021-10-01 11:20:39,101500.0,600.0,1005600.0
324,2021-10-01 11:20:39,101700.0,8900.0,1005000.0
325,2021-10-01 11:20:37,101700.0,500.0,996100.0
326,2021-10-01 11:20:30,101700.0,600.0,995600.0
327,2021-10-01 11:20:23,101700.0,6500.0,995000.0
328,2021-10-01 11:20:15,101700.0,7000.0,988500.0
329,2021-10-01 11:20:08,101800.0,2800.0,981500.0
330,2021-10-01 11:20:08,101800.0,1000.0,978700.0
331,2021-10-01 11:20:08,101800.0,1000.0,977700.0
332,2021-10-01 11:20:08,101800.0,400.0,976700.0
333,2021-10-01 11:20:08,101500.0,5000.0,976300.0
334,2021-10-01 11:19:58,101500.0,100.0,971300.0
335,2021-10-01 11:19:58,101700.0,8000.0,971200.0
336,2021-10-01 11:19:52,101700.0,7100.0,963200.0
337,2021-10-01 11:19:40,101700.0,10000.0,956100.0
338,2021-10-01 11:18:37,101800.0,100.0,946100.0
339,2021-10-01 11:18:37,101700.0,9100.0,946000.0
340,2021-10-01 11:18:01,101700.0,900.0,936900.0
341,2021-10-01 11:18:01,101700.0,100.0,936000.0
342,2021-10-01 11:17:33,101500.0,100.0,935900.0
343,2021-10-01 11:17:33,101600.0,13300.0,935800.0
344,2021-10-01 11:17:25,101600.0,2200.0,922500.0
345,2021-10-01 11:17:25,101700.0,17800.0,920300.0
346,2021-10-01 11:16:25,101700.0,1000.0,902500.0
347,2021-10-01 11:16:09,101700.0,200.0,901500.0
348,2021-10-01 11:16:09,101700.0,1000.0,901300.0
349,2021-10-01 11:09:03,101800.0,1000.0,900300.0
350,2021-10-01 11:09:03,101800.0,200.0,899300.0
351,2021-10-01 11:09:03,101800.0,200.0,899100.0
352,2021-10-01 11:09:03,101800.0,300.0,898900.0
353,2021-10-01 11:09:03,101800.0,100.0,898600.0
354,2021-10-01 11:09:03,101800.0,100.0,898500.0
355,2021-10-01 11:09:03,101800.0,200.0,898400.0
356,2021-10-01 11:09:03,101800.0,1000.0,898200.0
357,2021-10-01 11:09:03,101800.0,500.0,897200.0
358,2021-10-01 11:08:14,101800.0,3500.0,896700.0
359,2021-10-01 11:08:14,101700.0,100.0,893200.0
360,2021-10-01 11:07:50,101800.0,3600.0,893100.0
361,2021-10-01 11:07:09,101800.0,3600.0,889500.0
362,2021-10-01 11:06:14,101800.0,3600.0,885900.0
363,2021-10-01 11:05:36,101800.0,500.0,882300.0
364,2021-10-01 11:05:14,101800.0,3600.0,881800.0
365,2021-10-01 11:05:13,101800.0,500.0,878200.0
366,2021-10-01 11:04:51,101800.0,300.0,877700.0
367,2021-10-01 11:04:42,101500.0,4200.0,877400.0
368,2021-10-01 11:04:40,101500.0,500.0,873200.0
369,2021-10-01 11:04:36,101500.0,6200.0,872700.0
370,2021-10-01 11:04:27,101500.0,600.0,866500.0
371,2021-10-01 11:04:25,101500.0,200.0,865900.0
372,2021-10-01 11:04:25,101500.0,5000.0,865700.0
373,2021-10-01 11:04:25,101500.0,100.0,860700.0
374,2021-10-01 11:04:25,101500.0,3200.0,860600.0
375,2021-10-01 11:04:23,101800.0,3600.0,857400.0
376,2021-10-01 11:04:21,101800.0,1700.0,853800.0
377,2021-10-01 11:04:21,101700.0,3300.0,852100.0
378,2021-10-01 11:04:11,101700.0,500.0,848800.0
379,2021-10-01 11:03:57,101700.0,400.0,848300.0
380,2021-10-01 11:03:42,101700.0,500.0,847900.0
381,2021-10-01 11:03:35,101700.0,400.0,847400.0
382,2021-10-01 11:03:27,101700.0,600.0,847000.0
383,2021-10-01 11:03:24,101500.0,200.0,846400.0
384,2021-10-01 11:03:16,101700.0,400.0,846200.0
385,2021-10-01 11:03:01,101700.0,400.0,845800.0
386,2021-10-01 11:02:49,101700.0,500.0,845400.0
387,2021-10-01 11:02:34,101700.0,500.0,844900.0
388,2021-10-01 11:02:18,101700.0,600.0,844400.0
389,2021-10-01 11:02:07,101700.0,500.0,843800.0
390,2021-10-01 11:01:52,101700.0,500.0,843300.0
391,2021-10-01 11:01:45,101700.0,900.0,842800.0
392,2021-10-01 11:01:45,101700.0,100.0,841900.0
393,2021-10-01 11:01:45,101700.0,200.0,841800.0
394,2021-10-01 11:01:45,101700.0,100.0,841600.0
395,2021-10-01 11:01:45,101700.0,100.0,841500.0
396,2021-10-01 11:01:45,101700.0,400.0,841400.0
397,2021-10-01 11:01:36,101700.0,400.0,841000.0
398,2021-10-01 11:01:32,101500.0,500.0,840600.0
399,2021-10-01 11:01:21,101700.0,500.0,840100.0
400,2021-10-01 11:01:08,101700.0,300.0,839600.0
401,2021-10-01 10:58:41,101700.0,900.0,839300.0
402,2021-10-01 10:58:06,101700.0,900.0,838400.0
403,2021-10-01 10:58:04,101700.0,400.0,837500.0
404,2021-10-01 10:57:43,101700.0,900.0,837100.0
405,2021-10-01 10:55:57,101700.0,500.0,836200.0
406,2021-10-01 10:55:52,101500.0,300.0,835700.0
407,2021-10-01 10:55:41,101700.0,400.0,835400.0
408,2021-10-01 10:55:26,101700.0,900.0,835000.0
409,2021-10-01 10:50:35,101700.0,900.0,834100.0
410,2021-10-01 10:50:24,101700.0,600.0,833200.0
411,2021-10-01 10:50:24,101700.0,100.0,832600.0
412,2021-10-01 10:50:24,101700.0,100.0,832500.0
413,2021-10-01 10:50:24,101700.0,100.0,832400.0
414,2021-10-01 10:50:22,101700.0,100.0,832300.0
415,2021-10-01 10:50:22,101700.0,300.0,832200.0
416,2021-10-01 10:49:48,101700.0,700.0,831900.0
417,2021-10-01 10:49:48,101700.0,200.0,831200.0
418,2021-10-01 10:49:22,101700.0,100.0,831000.0
419,2021-10-01 10:49:22,101700.0,100.0,830900.0
420,2021-10-01 10:49:22,101700.0,100.0,830800.0
421,2021-10-01 10:49:22,101700.0,300.0,830700.0
422,2021-10-01 10:49:22,101700.0,700.0,830400.0
423,2021-10-01 10:49:18,101500.0,200.0,829700.0
424,2021-10-01 10:48:28,101500.0,100.0,829500.0
425,2021-10-01 10:48:00,101500.0,100.0,829400.0
426,2021-10-01 10:47:09,101500.0,100.0,829300.0
427,2021-10-01 10:45:33,101500.0,500.0,829200.0
428,2021-10-01 10:45:28,101700.0,300.0,828700.0
429,2021-10-01 10:45:28,101700.0,1200.0,828400.0
430,2021-10-01 10:45:28,101700.0,300.0,827200.0
431,2021-10-01 10:44:35,101500.0,1500.0,826900.0
432,2021-10-01 10:44:25,101500.0,5000.0,825400.0
433,2021-10-01 10:44:18,101500.0,600.0,820400.0
434,2021-10-01 10:44:05,101500.0,100.0,819800.0
435,2021-10-01 10:44:05,101500.0,3000.0,819700.0
436,2021-10-01 10:44:05,101500.0,3300.0,816700.0
437,2021-10-01 10:43:59,101700.0,300.0,813400.0
438,2021-10-01 10:43:44,101700.0,600.0,813100.0
439,2021-10-01 10:43:29,101700.0,400.0,812500.0
440,2021-10-01 10:43:16,101700.0,500.0,812100.0
441,2021-10-01 10:42:59,101700.0,600.0,811600.0
442,2021-10-01 10:42:48,101700.0,500.0,811000.0
443,2021-10-01 10:42:09,101700.0,500.0,810500.0
444,2021-10-01 10:42:03,101700.0,1800.0,810000.0
445,2021-10-01 10:42:01,101700.0,400.0,808200.0
446,2021-10-01 10:41:38,101700.0,400.0,807800.0
447,2021-10-01 10:38:49,101700.0,2300.0,807400.0
448,2021-10-01 10:30:29,101700.0,1400.0,805100.0
449,2021-10-01 10:30:29,101600.0,600.0,803700.0
450,2021-10-01 10:27:41,101500.0,100.0,803100.0
451,2021-10-01 10:25:47,101500.0,1600.0,803000.0
452,2021-10-01 10:25:35,101400.0,1000.0,801400.0
453,2021-10-01 10:25:06,101500.0,400.0,800400.0
454,2021-10-01 10:24:12,101500.0,1600.0,800000.0
455,2021-10-01 10:24:12,101500.0,100.0,798400.0
456,2021-10-01 10:24:12,101500.0,2000.0,798300.0
457,2021-10-01 10:24:12,101500.0,300.0,796300.0
458,2021-10-01 10:21:37,101700.0,1000.0,796000.0
459,2021-10-01 10:21:37,101700.0,500.0,795000.0
460,2021-10-01 10:21:37,101700.0,500.0,794500.0
461,2021-10-01 10:21:37,101700.0,500.0,794000.0
462,2021-10-01 10:19:58,101700.0,200.0,793500.0
463,2021-10-01 10:19:53,101700.0,200.0,793300.0
464,2021-10-01 10:19:51,101700.0,100.0,793100.0
465,2021-10-01 10:19:51,101700.0,100.0,793000.0
466,2021-10-01 10:19:49,101700.0,200.0,792900.0
467,2021-10-01 10:19:46,101700.0,200.0,792700.0
468,2021-10-01 10:19:44,101700.0,200.0,792500.0
469,2021-10-01 10:19:40,101700.0,200.0,792300.0
470,2021-10-01 10:19:36,101700.0,200.0,792100.0
471,2021-10-01 10:19:32,101700.0,200.0,791900.0
472,2021-10-01 10:16:08,101500.0,100.0,791700.0
473,2021-10-01 10:15:34,101500.0,700.0,791600.0
474,2021-10-01 10:15:30,101700.0,1600.0,790900.0
475,2021-10-01 10:13:38,101500.0,1000.0,789300.0
476,2021-10-01 10:11:37,101500.0,1000.0,788300.0
477,2021-10-01 10:10:15,101500.0,100.0,787300.0
478,2021-10-01 10:09:22,101700.0,100.0,787200.0
479,2021-10-01 10:09:18,101700.0,300.0,787100.0
480,2021-10-01 10:09:15,101700.0,300.0,786800.0
481,2021-10-01 10:09:11,101700.0,300.0,786500.0
482,2021-10-01 10:09:07,101700.0,300.0,786200.0
483,2021-10-01 10:09:04,101700.0,300.0,785900.0
484,2021-10-01 10:08:59,101700.0,200.0,785600.0
485,2021-10-01 10:07:53,101700.0,100.0,785400.0
486,2021-10-01 10:06:11,101700.0,200.0,785300.0
487,2021-10-01 10:06:08,101700.0,200.0,785100.0
488,2021-10-01 10:06:05,101700.0,200.0,784900.0
489,2021-10-01 10:06:02,101700.0,200.0,784700.0
490,2021-10-01 10:05:59,101700.0,200.0,784500.0
491,2021-10-01 10:05:57,101700.0,200.0,784300.0
492,2021-10-01 10:05:53,101700.0,200.0,784100.0
493,2021-10-01 10:05:49,101700.0,200.0,783900.0
494,2021-10-01 10:05:45,101700.0,100.0,783700.0
495,2021-10-01 10:05:45,101700.0,100.0,783600.0
496,2021-10-01 10:05:36,101500.0,100.0,783500.0
497,2021-10-01 10:05:16,101500.0,11700.0,783400.0
498,2021-10-01 10:05:08,101500.0,3000.0,771700.0
499,2021-10-01 10:04:22,101500.0,100.0,768700.0
500,2021-10-01 10:04:22,101500.0,5000.0,768600.0
501,2021-10-01 10:04:22,101500.0,200.0,763600.0
502,2021-10-01 10:04:18,101500.0,100.0,763400.0
503,2021-10-01 10:03:42,101500.0,500.0,763300.0
504,2021-10-01 10:03:32,101500.0,200.0,762800.0
505,2021-10-01 10:02:45,101500.0,200.0,762600.0
506,2021-10-01 10:02:45,101500.0,100.0,762400.0
507,2021-10-01 10:00:36,101800.0,900.0,762300.0
508,2021-10-01 09:59:55,101800.0,2000.0,761400.0
509,2021-10-01 09:59:14,101800.0,100.0,759400.0
510,2021-10-01 09:58:20,101800.0,100.0,759300.0
511,2021-10-01 09:57:55,101800.0,900.0,759200.0
512,2021-10-01 09:57:36,101800.0,100.0,758300.0
513,2021-10-01 09:57:36,101700.0,600.0,758200.0
514,2021-10-01 09:57:36,101700.0,200.0,757600.0
515,2021-10-01 09:57:22,101700.0,100.0,757400.0
516,2021-10-01 09:57:22,101700.0,200.0,757300.0
517,2021-10-01 09:57:22,101700.0,100.0,757100.0
518,2021-10-01 09:57:22,101700.0,500.0,757000.0
519,2021-10-01 09:57:16,101700.0,1300.0,756500.0
520,2021-10-01 09:57:16,101500.0,8700.0,755200.0
521,2021-10-01 09:57:09,101500.0,900.0,746500.0
522,2021-10-01 09:57:07,101500.0,3800.0,745600.0
523,2021-10-01 09:57:01,101500.0,200.0,741800.0
524,2021-10-01 09:56:57,101500.0,200.0,741600.0
525,2021-10-01 09:56:53,101500.0,200.0,741400.0
526,2021-10-01 09:56:52,101500.0,100.0,741200.0
527,2021-10-01 09:56:52,101500.0,100.0,741100.0
528,2021-10-01 09:56:52,101500.0,3800.0,741000.0
529,2021-10-01 09:56:49,101700.0,200.0,737200.0
530,2021-10-01 09:56:46,101700.0,200.0,737000.0
531,2021-10-01 09:56:41,101700.0,900.0,736800.0
532,2021-10-01 09:56:41,101700.0,200.0,735900.0
533,2021-10-01 09:56:38,101700.0,200.0,735700.0
534,2021-10-01 09:56:34,101700.0,200.0,735500.0
535,2021-10-01 09:56:34,101700.0,900.0,735300.0
536,2021-10-01 09:56:30,101700.0,200.0,734400.0
537,2021-10-01 09:56:22,101700.0,700.0,734200.0
538,2021-10-01 09:56:22,101700.0,200.0,733500.0
539,2021-10-01 09:56:19,101700.0,400.0,733300.0
540,2021-10-01 09:56:14,101700.0,900.0,732900.0
541,2021-10-01 09:56:09,101700.0,200.0,732000.0
542,2021-10-01 09:56:06,101700.0,200.0,731800.0
543,2021-10-01 09:56:03,101700.0,100.0,731600.0
544,2021-10-01 09:56:03,101700.0,100.0,731500.0
545,2021-10-01 09:55:59,101700.0,100.0,731400.0
546,2021-10-01 09:55:59,101700.0,100.0,731300.0
547,2021-10-01 09:55:56,101700.0,200.0,731200.0
548,2021-10-01 09:55:53,101700.0,900.0,731000.0
549,2021-10-01 09:55:53,101700.0,200.0,730100.0
550,2021-10-01 09:55:49,101700.0,200.0,729900.0
551,2021-10-01 09:55:42,101700.0,200.0,729700.0
552,2021-10-01 09:55:40,101700.0,900.0,729500.0
553,2021-10-01 09:55:38,101700.0,200.0,728600.0
554,2021-10-01 09:55:35,101700.0,500.0,728400.0
555,2021-10-01 09:55:27,101700.0,400.0,727900.0
556,2021-10-01 09:55:27,101600.0,500.0,727500.0
557,2021-10-01 09:55:09,101700.0,900.0,727000.0
558,2021-10-01 09:54:48,101700.0,800.0,726100.0
559,2021-10-01 09:54:48,101600.0,100.0,725300.0
560,2021-10-01 09:54:07,101500.0,100.0,725200.0
561,2021-10-01 09:54:07,101500.0,2000.0,725100.0
562,2021-10-01 09:50:22,101500.0,200.0,723100.0
563,2021-10-01 09:49:17,101500.0,100.0,722900.0
564,2021-10-01 09:49:15,101500.0,200.0,722800.0
565,2021-10-01 09:48:55,101500.0,100.0,722600.0
566,2021-10-01 09:47:52,101500.0,100.0,722500.0
567,2021-10-01 09:47:34,101500.0,1700.0,722400.0
568,2021-10-01 09:47:26,101500.0,300.0,720700.0
569,2021-10-01 09:47:16,101500.0,2000.0,720400.0
570,2021-10-01 09:47:07,101500.0,1500.0,718400.0
571,2021-10-01 09:47:00,101500.0,200.0,716900.0
572,2021-10-01 09:46:59,101500.0,500.0,716700.0
573,2021-10-01 09:46:36,101400.0,200.0,716200.0
574,2021-10-01 09:46:36,101500.0,3000.0,716000.0
575,2021-10-01 09:46:36,101500.0,3000.0,713000.0
576,2021-10-01 09:46:36,101500.0,15800.0,710000.0
577,2021-10-01 09:45:58,101500.0,4200.0,694200.0
578,2021-10-01 09:45:56,101500.0,5800.0,690000.0
579,2021-10-01 09:45:44,101500.0,1000.0,684200.0
580,2021-10-01 09:45:41,101500.0,8300.0,683200.0
581,2021-10-01 09:45:38,101500.0,10000.0,674900.0
582,2021-10-01 09:45:38,101500.0,2700.0,664900.0
583,2021-10-01 09:45:21,101700.0,300.0,662200.0
584,2021-10-01 09:45:14,101500.0,200.0,661900.0
585,2021-10-01 09:45:14,101500.0,7100.0,661700.0
586,2021-10-01 09:45:06,101500.0,4900.0,654600.0
587,2021-10-01 09:45:06,101400.0,1000.0,649700.0
588,2021-10-01 09:44:47,101400.0,500.0,648700.0
589,2021-10-01 09:41:21,101400.0,600.0,648200.0
590,2021-10-01 09:39:51,101400.0,100.0,647600.0
591,2021-10-01 09:39:49,101700.0,900.0,647500.0
592,2021-10-01 09:39:07,101400.0,200.0,646600.0
593,2021-10-01 09:39:03,101400.0,200.0,646400.0
594,2021-10-01 09:39:00,101700.0,900.0,646200.0
595,2021-10-01 09:38:43,101400.0,200.0,645300.0
596,2021-10-01 09:38:40,101700.0,1700.0,645100.0
597,2021-10-01 09:38:40,101500.0,300.0,643400.0
598,2021-10-01 09:38:37,101500.0,1500.0,643100.0
599,2021-10-01 09:38:37,101500.0,200.0,641600.0
600,2021-10-01 09:38:33,101500.0,300.0,641400.0
601,2021-10-01 09:38:33,101500.0,100.0,641100.0
602,2021-10-01 09:38:29,101700.0,900.0,641000.0
603,2021-10-01 09:38:25,101500.0,200.0,640100.0
604,2021-10-01 09:37:45,101500.0,100.0,639900.0
605,2021-10-01 09:37:42,101700.0,900.0,639800.0
606,2021-10-01 09:37:23,101500.0,300.0,638900.0
607,2021-10-01 09:37:23,101700.0,400.0,638600.0
608,2021-10-01 09:37:18,101700.0,200.0,638200.0
609,2021-10-01 09:37:17,101500.0,100.0,638000.0
610,2021-10-01 09:37:14,101700.0,900.0,637900.0
611,2021-10-01 09:37:13,101700.0,200.0,637000.0
612,2021-10-01 09:37:10,101700.0,200.0,636800.0
613,2021-10-01 09:37:06,101700.0,200.0,636600.0
614,2021-10-01 09:37:06,101500.0,200.0,636400.0
615,2021-10-01 09:37:03,101700.0,200.0,636200.0
616,2021-10-01 09:37:02,101700.0,900.0,636000.0
617,2021-10-01 09:36:59,101700.0,200.0,635100.0
618,2021-10-01 09:36:57,101500.0,2000.0,634900.0
619,2021-10-01 09:36:55,101700.0,200.0,632900.0
620,2021-10-01 09:36:45,101700.0,900.0,632700.0
621,2021-10-01 09:36:32,101800.0,900.0,631800.0
622,2021-10-01 09:36:32,101500.0,200.0,630900.0
623,2021-10-01 09:36:16,101900.0,900.0,630700.0
624,2021-10-01 09:36:00,101900.0,900.0,629800.0
625,2021-10-01 09:35:58,101500.0,1000.0,628900.0
626,2021-10-01 09:35:55,101900.0,1600.0,627900.0
627,2021-10-01 09:35:42,101900.0,200.0,626300.0
628,2021-10-01 09:35:38,101900.0,200.0,626100.0
629,2021-10-01 09:35:34,101900.0,200.0,625900.0
630,2021-10-01 09:35:30,101900.0,200.0,625700.0
631,2021-10-01 09:35:29,101500.0,100.0,625500.0
632,2021-10-01 09:35:27,101900.0,200.0,625400.0
633,2021-10-01 09:35:24,101900.0,200.0,625200.0
634,2021-10-01 09:35:23,101900.0,800.0,625000.0
635,2021-10-01 09:35:23,101800.0,100.0,624200.0
636,2021-10-01 09:35:20,101800.0,200.0,624100.0
637,2021-10-01 09:35:15,101800.0,200.0,623900.0
638,2021-10-01 09:35:12,101800.0,200.0,623700.0
639,2021-10-01 09:34:51,101800.0,400.0,623500.0
640,2021-10-01 09:34:48,101800.0,1100.0,623100.0
641,2021-10-01 09:34:46,101800.0,200.0,622000.0
642,2021-10-01 09:34:44,101800.0,200.0,621800.0
643,2021-10-01 09:34:39,101800.0,200.0,621600.0
644,2021-10-01 09:34:35,101800.0,200.0,621400.0
645,2021-10-01 09:34:32,101900.0,200.0,621200.0
646,2021-10-01 09:34:29,101900.0,200.0,621000.0
647,2021-10-01 09:34:26,101900.0,200.0,620800.0
648,2021-10-01 09:34:21,101900.0,600.0,620600.0
649,2021-10-01 09:34:21,101900.0,300.0,620000.0
650,2021-10-01 09:34:16,101900.0,1500.0,619700.0
651,2021-10-01 09:34:12,101900.0,200.0,618200.0
652,2021-10-01 09:34:09,101900.0,200.0,618000.0
653,2021-10-01 09:34:04,101900.0,200.0,617800.0
654,2021-10-01 09:34:02,101900.0,200.0,617600.0
655,2021-10-01 09:34:00,101900.0,900.0,617400.0
656,2021-10-01 09:33:59,101900.0,200.0,616500.0
657,2021-10-01 09:33:57,101900.0,1500.0,616300.0
658,2021-10-01 09:33:56,101600.0,200.0,614800.0
659,2021-10-01 09:33:55,101500.0,100.0,614600.0
660,2021-10-01 09:33:54,101900.0,200.0,614500.0
661,2021-10-01 09:33:50,101500.0,200.0,614300.0
662,2021-10-01 09:33:50,101900.0,200.0,614100.0
663,2021-10-01 09:33:46,101900.0,200.0,613900.0
664,2021-10-01 09:33:44,101900.0,100.0,613700.0
665,2021-10-01 09:33:44,101800.0,800.0,613600.0
666,2021-10-01 09:33:27,101400.0,6500.0,612800.0
667,2021-10-01 09:33:27,101500.0,3500.0,606300.0
668,2021-10-01 09:33:26,101800.0,400.0,602800.0
669,2021-10-01 09:33:26,101600.0,500.0,602400.0
670,2021-10-01 09:33:17,101600.0,1400.0,601900.0
671,2021-10-01 09:33:08,101600.0,600.0,600500.0
672,2021-10-01 09:33:08,101600.0,300.0,599900.0
673,2021-10-01 09:33:07,101600.0,1000.0,599600.0
674,2021-10-01 09:33:07,101500.0,200.0,598600.0
675,2021-10-01 09:32:55,101600.0,900.0,598400.0
676,2021-10-01 09:32:51,101600.0,900.0,597500.0
677,2021-10-01 09:32:51,101600.0,200.0,596600.0
678,2021-10-01 09:32:47,101600.0,200.0,596400.0
679,2021-10-01 09:32:44,101600.0,200.0,596200.0
680,2021-10-01 09:32:42,101600.0,200.0,596000.0
681,2021-10-01 09:32:39,101600.0,200.0,595800.0
682,2021-10-01 09:32:39,101600.0,1700.0,595600.0
683,2021-10-01 09:32:37,101600.0,200.0,593900.0
684,2021-10-01 09:32:35,101600.0,900.0,593700.0
685,2021-10-01 09:32:33,101600.0,200.0,592800.0
686,2021-10-01 09:32:30,101600.0,200.0,592600.0
687,2021-10-01 09:32:27,101600.0,200.0,592400.0
688,2021-10-01 09:32:24,101600.0,1100.0,592200.0
689,2021-10-01 09:32:12,101600.0,200.0,591100.0
690,2021-10-01 09:32:06,101600.0,200.0,590900.0
691,2021-10-01 09:32:03,101200.0,200.0,590700.0
692,2021-10-01 09:32:03,101200.0,200.0,590500.0
693,2021-10-01 09:32:03,101300.0,5500.0,590300.0
694,2021-10-01 09:32:03,101600.0,200.0,584800.0
695,2021-10-01 09:32:01,101600.0,200.0,584600.0
696,2021-10-01 09:31:58,101300.0,2500.0,584400.0
697,2021-10-01 09:31:58,101300.0,5000.0,581900.0
698,2021-10-01 09:31:58,101400.0,4000.0,576900.0
699,2021-10-01 09:31:57,101600.0,200.0,572900.0
700,2021-10-01 09:31:53,101600.0,200.0,572700.0
701,2021-10-01 09:31:50,101600.0,200.0,572500.0
702,2021-10-01 09:31:48,101800.0,200.0,572300.0
703,2021-10-01 09:31:45,101800.0,200.0,572100.0
704,2021-10-01 09:31:43,101800.0,3900.0,571900.0
705,2021-10-01 09:31:43,101700.0,5000.0,568000.0
706,2021-10-01 09:31:43,101700.0,1100.0,563000.0
707,2021-10-01 09:31:43,101700.0,300.0,561900.0
708,2021-10-01 09:31:43,101600.0,100.0,561600.0
709,2021-10-01 09:31:43,101600.0,100.0,561500.0
710,2021-10-01 09:31:43,101600.0,400.0,561400.0
711,2021-10-01 09:31:27,101600.0,200.0,561000.0
712,2021-10-01 09:31:24,101600.0,200.0,560800.0
713,2021-10-01 09:31:21,101200.0,200.0,560600.0
714,2021-10-01 09:31:21,101300.0,8600.0,560400.0
715,2021-10-01 09:31:20,101600.0,200.0,551800.0
716,2021-10-01 09:31:16,101600.0,200.0,551600.0
717,2021-10-01 09:31:14,101600.0,900.0,551400.0
718,2021-10-01 09:31:13,101600.0,200.0,550500.0
719,2021-10-01 09:31:12,101300.0,11400.0,550300.0
720,2021-10-01 09:31:10,101300.0,1000.0,538900.0
721,2021-10-01 09:31:09,101600.0,200.0,537900.0
722,2021-10-01 09:31:05,101600.0,200.0,537700.0
723,2021-10-01 09:30:57,101600.0,200.0,537500.0
724,2021-10-01 09:30:55,101300.0,14200.0,537300.0
725,2021-10-01 09:30:53,101600.0,200.0,523100.0
726,2021-10-01 09:30:48,101600.0,900.0,522900.0
727,2021-10-01 09:30:40,101200.0,300.0,522000.0
728,2021-10-01 09:30:40,101300.0,11500.0,521700.0
729,2021-10-01 09:30:40,101300.0,200.0,510200.0
730,2021-10-01 09:30:36,101600.0,900.0,510000.0
731,2021-10-01 09:30:35,101300.0,300.0,509100.0
732,2021-10-01 09:30:35,101300.0,100.0,508800.0
733,2021-10-01 09:30:35,101300.0,10000.0,508700.0
734,2021-10-01 09:30:35,101400.0,10600.0,498700.0
735,2021-10-01 09:30:06,101600.0,900.0,488100.0
736,2021-10-01 09:29:52,101600.0,200.0,487200.0
737,2021-10-01 09:29:49,101600.0,200.0,487000.0
738,2021-10-01 09:29:45,101600.0,200.0,486800.0
739,2021-10-01 09:29:43,101600.0,200.0,486600.0
740,2021-10-01 09:29:39,101600.0,200.0,486400.0
741,2021-10-01 09:29:35,101600.0,200.0,486200.0
742,2021-10-01 09:29:35,101400.0,100.0,486000.0
743,2021-10-01 09:29:32,101600.0,200.0,485900.0
744,2021-10-01 09:29:30,101600.0,900.0,485700.0
745,2021-10-01 09:29:29,101600.0,200.0,484800.0
746,2021-10-01 09:29:25,101500.0,200.0,484600.0
747,2021-10-01 09:29:17,101600.0,400.0,484400.0
748,2021-10-01 09:29:17,101500.0,1000.0,484000.0
749,2021-10-01 09:29:17,101500.0,100.0,483000.0
750,2021-10-01 09:29:05,101500.0,100.0,482900.0
751,2021-10-01 09:29:00,101500.0,200.0,482800.0
752,2021-10-01 09:29:00,101500.0,100.0,482600.0
753,2021-10-01 09:28:55,101500.0,300.0,482500.0
754,2021-10-01 09:28:52,101500.0,300.0,482200.0
755,2021-10-01 09:28:48,101500.0,200.0,481900.0
756,2021-10-01 09:28:44,101500.0,100.0,481700.0
757,2021-10-01 09:28:44,101500.0,100.0,481600.0
758,2021-10-01 09:28:41,101500.0,200.0,481500.0
759,2021-10-01 09:28:39,101500.0,700.0,481300.0
760,2021-10-01 09:28:39,101500.0,200.0,480600.0
761,2021-10-01 09:28:39,101500.0,400.0,480400.0
762,2021-10-01 09:28:38,101500.0,200.0,480000.0
763,2021-10-01 09:28:04,101500.0,1800.0,479800.0
764,2021-10-01 09:26:21,101400.0,200.0,478000.0
765,2021-10-01 09:26:18,101400.0,300.0,477800.0
766,2021-10-01 09:26:15,101500.0,100.0,477500.0
767,2021-10-01 09:26:02,101500.0,1200.0,477400.0
768,2021-10-01 09:25:51,101500.0,200.0,476200.0
769,2021-10-01 09:25:51,101500.0,200.0,476000.0
770,2021-10-01 09:25:48,101500.0,2000.0,475800.0
771,2021-10-01 09:25:40,101500.0,100.0,473800.0
772,2021-10-01 09:25:20,101500.0,900.0,473700.0
773,2021-10-01 09:25:02,101500.0,1000.0,472800.0
774,2021-10-01 09:25:02,101500.0,100.0,471800.0
775,2021-10-01 09:25:02,101500.0,700.0,471700.0
776,2021-10-01 09:24:03,101500.0,300.0,471000.0
777,2021-10-01 09:23:58,101200.0,100.0,470700.0
778,2021-10-01 09:23:58,101200.0,15500.0,470600.0
779,2021-10-01 09:23:47,101200.0,100.0,455100.0
780,2021-10-01 09:23:43,101200.0,500.0,455000.0
781,2021-10-01 09:23:43,101300.0,7500.0,454500.0
782,2021-10-01 09:23:34,101300.0,7900.0,447000.0
783,2021-10-01 09:23:34,101300.0,2100.0,439100.0
784,2021-10-01 09:23:29,101300.0,7500.0,437000.0
785,2021-10-01 09:23:12,101300.0,1500.0,429500.0
786,2021-10-01 09:23:11,101300.0,15000.0,428000.0
787,2021-10-01 09:23:11,101300.0,1000.0,413000.0
788,2021-10-01 09:22:54,101300.0,9100.0,412000.0
789,2021-10-01 09:22:54,101400.0,9800.0,402900.0
790,2021-10-01 09:22:50,101400.0,200.0,393100.0
791,2021-10-01 09:22:25,101300.0,5700.0,392900.0
792,2021-10-01 09:22:25,101300.0,14300.0,387200.0
793,2021-10-01 09:22:16,101700.0,2000.0,372900.0
794,2021-10-01 09:22:08,101300.0,6700.0,370900.0
795,2021-10-01 09:22:08,101300.0,3300.0,364200.0
796,2021-10-01 09:21:48,101300.0,16700.0,360900.0
797,2021-10-01 09:21:48,101300.0,3100.0,344200.0
798,2021-10-01 09:21:31,101200.0,3900.0,341100.0
799,2021-10-01 09:21:31,101200.0,2000.0,337200.0
800,2021-10-01 09:21:31,101200.0,4300.0,335200.0
801,2021-10-01 09:21:31,101300.0,15000.0,330900.0
802,2021-10-01 09:21:21,101700.0,1600.0,315900.0
803,2021-10-01 09:21:21,101700.0,100.0,314300.0
804,2021-10-01 09:21:21,101700.0,100.0,314200.0
805,2021-10-01 09:21:03,101200.0,10000.0,314100.0
806,2021-10-01 09:21:03,101300.0,12000.0,304100.0
807,2021-10-01 09:20:38,101200.0,1500.0,292100.0
808,2021-10-01 09:20:26,101200.0,12600.0,290600.0
809,2021-10-01 09:20:15,101200.0,5600.0,278000.0
810,2021-10-01 09:20:15,101300.0,9000.0,272400.0
811,2021-10-01 09:20:15,101300.0,400.0,263400.0
812,2021-10-01 09:20:00,101200.0,1800.0,263000.0
813,2021-10-01 09:20:00,101200.0,3700.0,261200.0
814,2021-10-01 09:20:00,101300.0,9000.0,257500.0
815,2021-10-01 09:19:13,101200.0,6300.0,248500.0
816,2021-10-01 09:19:13,101200.0,19600.0,242200.0
817,2021-10-01 09:19:02,101200.0,400.0,222600.0
818,2021-10-01 09:19:02,101300.0,3700.0,222200.0
819,2021-10-01 09:19:02,101300.0,2000.0,218500.0
820,2021-10-01 09:19:02,101300.0,12900.0,216500.0
821,2021-10-01 09:18:30,101300.0,2200.0,203600.0
822,2021-10-01 09:18:28,101300.0,100.0,201400.0
823,2021-10-01 09:18:28,101300.0,15000.0,201300.0
824,2021-10-01 09:18:28,101300.0,3900.0,186300.0
825,2021-10-01 09:17:45,101300.0,11100.0,182400.0
826,2021-10-01 09:17:42,101300.0,8900.0,171300.0
827,2021-10-01 09:17:21,101300.0,8600.0,162400.0
828,2021-10-01 09:17:21,101300.0,10400.0,153800.0
829,2021-10-01 09:17:06,101300.0,1600.0,143400.0
830,2021-10-01 09:17:05,101300.0,18400.0,141800.0
831,2021-10-01 09:16:52,101600.0,100.0,123400.0
832,2021-10-01 09:16:52,101300.0,1600.0,123300.0
833,2021-10-01 09:16:52,101300.0,100.0,121700.0
834,2021-10-01 09:16:52,101300.0,5000.0,121600.0
835,2021-10-01 09:16:52,101400.0,1000.0,116600.0
836,2021-10-01 09:16:47,101400.0,9000.0,115600.0
837,2021-10-01 09:16:26,101300.0,15700.0,106600.0
838,2021-10-01 09:16:13,101300.0,14300.0,90900.0
839,2021-10-01 09:16:13,101400.0,5700.0,76600.0
840,2021-10-01 09:15:53,101400.0,11000.0,70900.0
841,2021-10-01 09:15:47,101400.0,3300.0,59900.0
842,2021-10-01 09:15:47,101400.0,11700.0,56600.0
843,2021-10-01 09:15:47,101500.0,500.0,44900.0
844,2021-10-01 09:15:31,101500.0,10000.0,44400.0
845,2021-10-01 09:15:13,101400.0,10000.0,34400.0
846,2021-10-01 09:15:01,101400.0,3300.0,24400.0
847,2021-10-01 09:15:01,101400.0,3000.0,21100.0
848,2021-10-01 09:15:01,101400.0,1000.0,18100.0
849,2021-10-01 09:15:01,101400.0,100.0,17100.0
850,2021-10-01 09:15:01,101400.0,300.0,17000.0
851,2021-10-01 09:15:01,101400.0,1500.0,16700.0
852,2021-10-01 09:15:01,101400.0,500.0,15200.0
853,2021-10-01 09:15:01,101400.0,300.0,14700.0
854,2021-10-01 09:15:01,101400.0,2000.0,14400.0
855,2021-10-01 09:15:01,101400.0,500.0,12400.0
856,2021-10-01 09:15:01,101400.0,7200.0,11900.0
857,2021-10-01 09:15:01,101400.0,2000.0,4700.0
858,2021-10-01 09:15:01,101400.0,300.0,2700.0
859,2021-10-01 09:15:01,101400.0,500.0,2400.0
860,2021-10-01 09:15:01,101400.0,500.0,1900.0
861,2021-10-01 09:15:01,101400.0,500.0,1400.0
862,2021-10-01 09:15:01,101400.0,200.0,900.0
863,2021-10-01 09:15:01,101400.0,200.0,700.0
864,2021-10-01 09:15:01,101400.0,300.0,500.0
865,2021-10-01 09:15:01,101400.0,200.0,200.0
