,Time,Price,Volume_per_trade,Volume
0,2021-10-01 14:45:01,15500.0,700.0,80400.0
1,2021-10-01 14:45:01,15500.0,100.0,79700.0
2,2021-10-01 14:45:01,15500.0,200.0,79600.0
3,2021-10-01 14:28:30,15500.0,8000.0,79400.0
4,2021-10-01 14:27:17,15500.0,500.0,71400.0
5,2021-10-01 14:17:13,15500.0,200.0,70900.0
6,2021-10-01 14:17:13,15500.0,200.0,70700.0
7,2021-10-01 14:15:45,15500.0,300.0,70500.0
8,2021-10-01 14:15:45,15500.0,200.0,70200.0
9,2021-10-01 14:15:45,15500.0,500.0,70000.0
10,2021-10-01 14:13:43,15500.0,1000.0,69500.0
11,2021-10-01 14:13:23,15500.0,500.0,68500.0
12,2021-10-01 14:09:55,15500.0,200.0,68000.0
13,2021-10-01 14:09:55,15500.0,100.0,67800.0
14,2021-10-01 14:07:52,15500.0,600.0,67700.0
15,2021-10-01 14:07:52,15500.0,100.0,67100.0
16,2021-10-01 14:07:29,15500.0,2000.0,67000.0
17,2021-10-01 14:02:41,15500.0,900.0,65000.0
18,2021-10-01 13:48:46,15500.0,100.0,64100.0
19,2021-10-01 13:45:30,15450.0,1900.0,64000.0
20,2021-10-01 13:45:20,15500.0,2000.0,62100.0
21,2021-10-01 13:45:20,15500.0,200.0,60100.0
22,2021-10-01 13:43:25,15450.0,100.0,59900.0
23,2021-10-01 13:40:26,15400.0,600.0,59800.0
24,2021-10-01 13:40:26,15400.0,700.0,59200.0
25,2021-10-01 13:40:01,15400.0,100.0,58500.0
26,2021-10-01 13:39:47,15400.0,200.0,58400.0
27,2021-10-01 13:38:12,15300.0,1000.0,58200.0
28,2021-10-01 13:37:55,15300.0,500.0,57200.0
29,2021-10-01 13:37:55,15300.0,1000.0,56700.0
30,2021-10-01 13:37:55,15300.0,300.0,55700.0
31,2021-10-01 13:37:55,15300.0,200.0,55400.0
32,2021-10-01 13:35:57,15300.0,3000.0,55200.0
33,2021-10-01 13:33:03,15300.0,1000.0,52200.0
34,2021-10-01 13:31:05,15300.0,2000.0,51200.0
35,2021-10-01 13:31:05,15300.0,1000.0,49200.0
36,2021-10-01 13:28:28,15300.0,100.0,48200.0
37,2021-10-01 13:27:44,15300.0,1000.0,48100.0
38,2021-10-01 13:22:59,15300.0,200.0,47100.0
39,2021-10-01 13:22:18,15300.0,4000.0,46900.0
40,2021-10-01 13:21:37,15300.0,1200.0,42900.0
41,2021-10-01 13:20:32,15300.0,1000.0,41700.0
42,2021-10-01 13:18:39,15300.0,300.0,40700.0
43,2021-10-01 13:18:08,15300.0,1200.0,40400.0
44,2021-10-01 13:18:08,15300.0,500.0,39200.0
45,2021-10-01 13:18:08,15300.0,300.0,38700.0
46,2021-10-01 13:16:39,15300.0,100.0,38400.0
47,2021-10-01 13:15:18,15200.0,500.0,38300.0
48,2021-10-01 13:14:58,15250.0,1500.0,37800.0
49,2021-10-01 13:14:58,15250.0,300.0,36300.0
50,2021-10-01 13:14:50,15250.0,200.0,36000.0
51,2021-10-01 13:02:31,15200.0,800.0,35800.0
52,2021-10-01 13:02:20,15200.0,2000.0,35000.0
53,2021-10-01 13:02:11,15200.0,500.0,33000.0
54,2021-10-01 13:02:11,15200.0,200.0,32500.0
55,2021-10-01 11:28:37,15250.0,100.0,32300.0
56,2021-10-01 11:26:58,15250.0,100.0,32200.0
57,2021-10-01 11:25:06,15250.0,100.0,32100.0
58,2021-10-01 11:22:45,15250.0,1000.0,32000.0
59,2021-10-01 11:18:54,15250.0,100.0,31000.0
60,2021-10-01 11:13:32,15250.0,200.0,30900.0
61,2021-10-01 11:11:51,15250.0,200.0,30700.0
62,2021-10-01 11:11:28,15250.0,200.0,30500.0
63,2021-10-01 11:09:45,15200.0,600.0,30300.0
64,2021-10-01 11:05:09,15200.0,1400.0,29700.0
65,2021-10-01 11:05:09,15200.0,2000.0,28300.0
66,2021-10-01 11:05:09,15200.0,600.0,26300.0
67,2021-10-01 10:47:37,15200.0,2000.0,25700.0
68,2021-10-01 10:47:00,15150.0,100.0,23700.0
69,2021-10-01 10:39:28,15200.0,200.0,23600.0
70,2021-10-01 10:39:28,15200.0,200.0,23400.0
71,2021-10-01 10:39:28,15200.0,300.0,23200.0
72,2021-10-01 10:39:28,15200.0,200.0,22900.0
73,2021-10-01 10:39:28,15200.0,2100.0,22700.0
74,2021-10-01 10:27:44,15150.0,200.0,20600.0
75,2021-10-01 10:24:51,15150.0,300.0,20400.0
76,2021-10-01 10:24:51,15150.0,100.0,20100.0
77,2021-10-01 10:20:16,15150.0,200.0,20000.0
78,2021-10-01 10:20:16,15150.0,200.0,19800.0
79,2021-10-01 10:19:57,15100.0,500.0,19600.0
80,2021-10-01 10:18:16,15150.0,1000.0,19100.0
81,2021-10-01 10:18:16,15150.0,1000.0,18100.0
82,2021-10-01 10:06:56,15150.0,300.0,17100.0
83,2021-10-01 10:06:56,15150.0,1700.0,16800.0
84,2021-10-01 10:00:25,15150.0,200.0,15100.0
85,2021-10-01 09:58:18,15150.0,100.0,14900.0
86,2021-10-01 09:57:18,15150.0,100.0,14800.0
87,2021-10-01 09:53:17,15150.0,500.0,14700.0
88,2021-10-01 09:52:36,15150.0,200.0,14200.0
89,2021-10-01 09:47:20,15200.0,100.0,14000.0
90,2021-10-01 09:44:17,15200.0,100.0,13900.0
91,2021-10-01 09:43:10,15200.0,900.0,13800.0
92,2021-10-01 09:42:26,15200.0,300.0,12900.0
93,2021-10-01 09:38:12,15150.0,300.0,12600.0
94,2021-10-01 09:37:33,15150.0,1000.0,12300.0
95,2021-10-01 09:36:54,15150.0,1000.0,11300.0
96,2021-10-01 09:33:07,15150.0,1000.0,10300.0
97,2021-10-01 09:33:07,15150.0,1200.0,9300.0
98,2021-10-01 09:32:46,15150.0,100.0,8100.0
99,2021-10-01 09:30:37,15150.0,700.0,8000.0
100,2021-10-01 09:26:45,15150.0,200.0,7300.0
101,2021-10-01 09:26:34,15200.0,1000.0,7100.0
102,2021-10-01 09:25:50,15150.0,100.0,6100.0
103,2021-10-01 09:23:16,15200.0,500.0,6000.0
104,2021-10-01 09:23:16,15200.0,1000.0,5500.0
105,2021-10-01 09:21:50,15300.0,900.0,4500.0
106,2021-10-01 09:19:24,15300.0,100.0,3600.0
107,2021-10-01 09:19:24,15300.0,100.0,3500.0
108,2021-10-01 09:18:41,15300.0,400.0,3400.0
109,2021-10-01 09:18:41,15300.0,500.0,3000.0
110,2021-10-01 09:18:30,15300.0,400.0,2500.0
111,2021-10-01 09:18:30,15300.0,600.0,2100.0
112,2021-10-01 09:15:00,15300.0,400.0,1500.0
113,2021-10-01 09:15:00,15300.0,900.0,1100.0
114,2021-10-01 09:15:00,15300.0,100.0,200.0
115,2021-10-01 09:15:00,15300.0,100.0,100.0
