,Time,Price,Volume_per_trade,Volume
0,2021-10-21 07:45:02,8290.0,1100.0,1583000.0
1,2021-10-21 07:45:02,8290.0,900.0,1581900.0
2,2021-10-21 07:45:02,8290.0,1100.0,1581000.0
3,2021-10-21 07:45:02,8290.0,14300.0,1579900.0
4,2021-10-21 07:45:02,8290.0,16400.0,1565600.0
5,2021-10-21 07:45:02,8290.0,1000.0,1549200.0
6,2021-10-21 07:45:02,8290.0,2300.0,1548200.0
7,2021-10-21 07:45:02,8290.0,1000.0,1545900.0
8,2021-10-21 07:45:02,8290.0,13900.0,1544900.0
9,2021-10-21 07:45:02,8290.0,3000.0,1531000.0
10,2021-10-21 07:45:02,8290.0,200.0,1528000.0
11,2021-10-21 07:45:02,8290.0,2500.0,1527800.0
12,2021-10-21 07:45:02,8290.0,100.0,1525300.0
13,2021-10-21 07:45:02,8290.0,5000.0,1525200.0
14,2021-10-21 07:45:02,8290.0,1000.0,1520200.0
15,2021-10-21 07:45:02,8290.0,300.0,1519200.0
16,2021-10-21 07:29:36,8280.0,100.0,1518900.0
17,2021-10-21 07:29:17,8280.0,100.0,1518800.0
18,2021-10-21 07:28:44,8280.0,2900.0,1518700.0
19,2021-10-21 07:28:42,8220.0,7700.0,1515800.0
20,2021-10-21 07:28:42,8220.0,500.0,1508100.0
21,2021-10-21 07:27:30,8250.0,1000.0,1507600.0
22,2021-10-21 07:27:30,8250.0,3900.0,1506600.0
23,2021-10-21 07:25:30,8250.0,200.0,1502700.0
24,2021-10-21 07:25:30,8260.0,600.0,1502500.0
25,2021-10-21 07:25:30,8270.0,300.0,1501900.0
26,2021-10-21 07:24:54,8250.0,800.0,1501600.0
27,2021-10-21 07:24:47,8250.0,200.0,1500800.0
28,2021-10-21 07:24:47,8250.0,200.0,1500600.0
29,2021-10-21 07:24:45,8200.0,3000.0,1500400.0
30,2021-10-21 07:24:38,8250.0,1000.0,1497400.0
31,2021-10-21 07:24:30,8250.0,3000.0,1496400.0
32,2021-10-21 07:24:24,8280.0,100.0,1493400.0
33,2021-10-21 07:24:23,8200.0,2000.0,1493300.0
34,2021-10-21 07:24:23,8200.0,100.0,1491300.0
35,2021-10-21 07:24:23,8200.0,3000.0,1491200.0
36,2021-10-21 07:24:23,8200.0,2000.0,1488200.0
37,2021-10-21 07:24:23,8200.0,200.0,1486200.0
38,2021-10-21 07:24:16,8200.0,4800.0,1486000.0
39,2021-10-21 07:24:16,8200.0,400.0,1481200.0
40,2021-10-21 07:24:16,8200.0,1000.0,1480800.0
41,2021-10-21 07:24:16,8200.0,200.0,1479800.0
42,2021-10-21 07:24:16,8200.0,400.0,1479600.0
43,2021-10-21 07:24:16,8200.0,200.0,1479200.0
44,2021-10-21 07:24:16,8200.0,200.0,1479000.0
45,2021-10-21 07:24:16,8200.0,2700.0,1478800.0
46,2021-10-21 07:24:16,8250.0,100.0,1476100.0
47,2021-10-21 07:23:52,8260.0,400.0,1476000.0
48,2021-10-21 07:23:27,8280.0,800.0,1475600.0
49,2021-10-21 07:23:27,8280.0,200.0,1474800.0
50,2021-10-21 07:22:53,8280.0,700.0,1474600.0
51,2021-10-21 07:22:36,8280.0,300.0,1473900.0
52,2021-10-21 07:22:32,8200.0,7300.0,1473600.0
53,2021-10-21 07:22:32,8200.0,100.0,1466300.0
54,2021-10-21 07:22:32,8200.0,2200.0,1466200.0
55,2021-10-21 07:22:32,8250.0,100.0,1464000.0
56,2021-10-21 07:22:07,8200.0,2800.0,1463900.0
57,2021-10-21 07:22:07,8200.0,1100.0,1461100.0
58,2021-10-21 07:22:07,8200.0,100.0,1460000.0
59,2021-10-21 07:22:02,8280.0,300.0,1459900.0
60,2021-10-21 07:22:00,8200.0,200.0,1459600.0
61,2021-10-21 07:22:00,8200.0,900.0,1459400.0
62,2021-10-21 07:22:00,8210.0,200.0,1458500.0
63,2021-10-21 07:22:00,8220.0,1700.0,1458300.0
64,2021-10-21 07:21:54,8220.0,2100.0,1456600.0
65,2021-10-21 07:21:54,8230.0,100.0,1454500.0
66,2021-10-21 07:21:41,8290.0,500.0,1454400.0
67,2021-10-21 07:21:40,8230.0,200.0,1453900.0
68,2021-10-21 07:21:34,8220.0,4400.0,1453700.0
69,2021-10-21 07:21:29,8290.0,400.0,1449300.0
70,2021-10-21 07:21:29,8220.0,3300.0,1448900.0
71,2021-10-21 07:21:25,8290.0,100.0,1445600.0
72,2021-10-21 07:21:21,8290.0,100.0,1445500.0
73,2021-10-21 07:21:20,8220.0,2500.0,1445400.0
74,2021-10-21 07:21:20,8220.0,200.0,1442900.0
75,2021-10-21 07:21:20,8220.0,2300.0,1442700.0
76,2021-10-21 07:21:14,8240.0,200.0,1440400.0
77,2021-10-21 07:21:11,8240.0,1500.0,1440200.0
78,2021-10-21 07:21:11,8240.0,5000.0,1438700.0
79,2021-10-21 07:21:11,8240.0,300.0,1433700.0
80,2021-10-21 07:21:11,8240.0,1200.0,1433400.0
81,2021-10-21 07:21:10,8250.0,200.0,1432200.0
82,2021-10-21 07:21:04,8250.0,200.0,1432000.0
83,2021-10-21 07:21:04,8250.0,600.0,1431800.0
84,2021-10-21 07:18:24,8290.0,200.0,1431200.0
85,2021-10-21 07:16:12,8300.0,1000.0,1431000.0
86,2021-10-21 07:14:30,8300.0,1000.0,1430000.0
87,2021-10-21 07:13:43,8300.0,1000.0,1429000.0
88,2021-10-21 07:12:21,8290.0,800.0,1428000.0
89,2021-10-21 07:12:21,8290.0,100.0,1427200.0
90,2021-10-21 07:11:09,8300.0,1000.0,1427100.0
91,2021-10-21 07:11:04,8290.0,900.0,1426100.0
92,2021-10-21 07:09:55,8290.0,200.0,1425200.0
93,2021-10-21 07:09:51,8200.0,600.0,1425000.0
94,2021-10-21 07:09:51,8200.0,100.0,1424400.0
95,2021-10-21 07:09:51,8200.0,100.0,1424300.0
96,2021-10-21 07:09:51,8200.0,1100.0,1424200.0
97,2021-10-21 07:09:51,8200.0,100.0,1423100.0
98,2021-10-21 07:09:51,8200.0,500.0,1423000.0
99,2021-10-21 07:09:46,8200.0,2500.0,1422500.0
100,2021-10-21 07:09:46,8200.0,100.0,1420000.0
101,2021-10-21 07:09:46,8200.0,100.0,1419900.0
102,2021-10-21 07:09:46,8200.0,200.0,1419800.0
103,2021-10-21 07:09:46,8200.0,1000.0,1419600.0
104,2021-10-21 07:09:46,8200.0,1000.0,1418600.0
105,2021-10-21 07:09:46,8200.0,100.0,1417600.0
106,2021-10-21 07:09:46,8200.0,300.0,1417500.0
107,2021-10-21 07:09:46,8200.0,2200.0,1417200.0
108,2021-10-21 07:09:46,8200.0,2500.0,1415000.0
109,2021-10-21 07:09:40,8210.0,600.0,1412500.0
110,2021-10-21 07:09:31,8210.0,4400.0,1411900.0
111,2021-10-21 07:09:31,8250.0,600.0,1407500.0
112,2021-10-21 07:09:26,8250.0,2900.0,1406900.0
113,2021-10-21 07:09:26,8250.0,100.0,1404000.0
114,2021-10-21 07:08:59,8250.0,1600.0,1403900.0
115,2021-10-21 07:07:08,8300.0,400.0,1402300.0
116,2021-10-21 07:07:08,8300.0,600.0,1401900.0
117,2021-10-21 07:06:24,8200.0,300.0,1401300.0
118,2021-10-21 07:06:14,8200.0,4000.0,1401000.0
119,2021-10-21 07:06:14,8200.0,1000.0,1397000.0
120,2021-10-21 07:06:08,8200.0,2300.0,1396000.0
121,2021-10-21 07:06:08,8220.0,200.0,1393700.0
122,2021-10-21 07:06:08,8240.0,500.0,1393500.0
123,2021-10-21 07:06:08,8240.0,500.0,1393000.0
124,2021-10-21 07:06:02,8200.0,1700.0,1392500.0
125,2021-10-21 07:06:02,8200.0,3000.0,1390800.0
126,2021-10-21 07:06:02,8200.0,1000.0,1387800.0
127,2021-10-21 07:06:02,8200.0,300.0,1386800.0
128,2021-10-21 07:06:02,8200.0,3000.0,1386500.0
129,2021-10-21 07:06:02,8220.0,1000.0,1383500.0
130,2021-10-21 07:06:01,8240.0,100.0,1382500.0
131,2021-10-21 07:05:47,8240.0,200.0,1382400.0
132,2021-10-21 07:05:39,8240.0,1000.0,1382200.0
133,2021-10-21 07:05:28,8250.0,100.0,1381200.0
134,2021-10-21 07:05:28,8250.0,900.0,1381100.0
135,2021-10-21 07:05:09,8300.0,400.0,1380200.0
136,2021-10-21 07:05:09,8290.0,600.0,1379800.0
137,2021-10-21 07:05:04,8250.0,100.0,1379200.0
138,2021-10-21 07:05:04,8250.0,200.0,1379100.0
139,2021-10-21 07:05:04,8250.0,700.0,1378900.0
140,2021-10-21 07:04:59,8290.0,300.0,1378200.0
141,2021-10-21 07:04:57,8250.0,5000.0,1377900.0
142,2021-10-21 07:04:52,8250.0,1800.0,1372900.0
143,2021-10-21 07:04:50,8290.0,100.0,1371100.0
144,2021-10-21 07:04:47,8250.0,2500.0,1371000.0
145,2021-10-21 07:04:47,8250.0,1000.0,1368500.0
146,2021-10-21 07:04:40,8250.0,100.0,1367500.0
147,2021-10-21 07:04:40,8260.0,100.0,1367400.0
148,2021-10-21 07:04:40,8270.0,200.0,1367300.0
149,2021-10-21 07:04:40,8270.0,500.0,1367100.0
150,2021-10-21 07:04:40,8280.0,100.0,1366600.0
151,2021-10-21 07:04:30,8280.0,100.0,1366500.0
152,2021-10-21 07:04:30,8280.0,900.0,1366400.0
153,2021-10-21 07:04:00,8290.0,800.0,1365500.0
154,2021-10-21 07:03:54,8290.0,1000.0,1364700.0
155,2021-10-21 07:03:54,8290.0,200.0,1363700.0
156,2021-10-21 07:03:37,8290.0,200.0,1363500.0
157,2021-10-21 07:03:15,8290.0,100.0,1363300.0
158,2021-10-21 07:02:24,8280.0,500.0,1363200.0
159,2021-10-21 07:01:31,8300.0,400.0,1362700.0
160,2021-10-21 07:01:28,8300.0,200.0,1362300.0
161,2021-10-21 07:01:28,8300.0,100.0,1362100.0
162,2021-10-21 07:01:28,8310.0,300.0,1362000.0
163,2021-10-21 07:01:26,8310.0,700.0,1361700.0
164,2021-10-21 07:00:30,8300.0,100.0,1361000.0
165,2021-10-21 07:00:13,8270.0,600.0,1360900.0
166,2021-10-21 07:00:12,8270.0,200.0,1360300.0
167,2021-10-21 07:00:11,8270.0,900.0,1360100.0
168,2021-10-21 07:00:11,8280.0,300.0,1359200.0
169,2021-10-21 06:59:58,8270.0,100.0,1358900.0
170,2021-10-21 06:59:58,8270.0,500.0,1358800.0
171,2021-10-21 06:59:58,8270.0,900.0,1358300.0
172,2021-10-21 06:59:58,8270.0,200.0,1357400.0
173,2021-10-21 06:59:58,8270.0,3600.0,1357200.0
174,2021-10-21 06:59:58,8280.0,100.0,1353600.0
175,2021-10-21 06:59:50,8280.0,400.0,1353500.0
176,2021-10-21 06:59:50,8280.0,600.0,1353100.0
177,2021-10-21 06:58:39,8280.0,2000.0,1352500.0
178,2021-10-21 06:58:23,8310.0,300.0,1350500.0
179,2021-10-21 06:58:00,8320.0,300.0,1350200.0
180,2021-10-21 06:57:37,8320.0,400.0,1349900.0
181,2021-10-21 06:57:31,8320.0,1300.0,1349500.0
182,2021-10-21 06:57:06,8320.0,700.0,1348200.0
183,2021-10-21 06:56:11,8310.0,300.0,1347500.0
184,2021-10-21 06:56:10,8270.0,4000.0,1347200.0
185,2021-10-21 06:56:04,8310.0,100.0,1343200.0
186,2021-10-21 06:56:02,8270.0,6000.0,1343100.0
187,2021-10-21 06:55:53,8290.0,200.0,1337100.0
188,2021-10-21 06:55:52,8270.0,6500.0,1336900.0
189,2021-10-21 06:55:43,8270.0,3500.0,1330400.0
190,2021-10-21 06:55:42,8290.0,200.0,1326900.0
191,2021-10-21 06:55:36,8270.0,1400.0,1326700.0
192,2021-10-21 06:55:36,8270.0,300.0,1325300.0
193,2021-10-21 06:55:36,8270.0,500.0,1325000.0
194,2021-10-21 06:55:36,8270.0,200.0,1324500.0
195,2021-10-21 06:55:36,8270.0,500.0,1324300.0
196,2021-10-21 06:55:36,8270.0,500.0,1323800.0
197,2021-10-21 06:55:36,8270.0,1500.0,1323300.0
198,2021-10-21 06:55:36,8280.0,100.0,1321800.0
199,2021-10-21 06:55:30,8290.0,2600.0,1321700.0
200,2021-10-21 06:55:23,8290.0,2000.0,1319100.0
201,2021-10-21 06:55:07,8310.0,600.0,1317100.0
202,2021-10-21 06:54:23,8320.0,100.0,1316500.0
203,2021-10-21 06:54:14,8320.0,300.0,1316400.0
204,2021-10-21 06:54:04,8320.0,100.0,1316100.0
205,2021-10-21 06:53:23,8330.0,100.0,1316000.0
206,2021-10-21 06:53:19,8330.0,100.0,1315900.0
207,2021-10-21 06:53:10,8330.0,1300.0,1315800.0
208,2021-10-21 06:53:10,8330.0,700.0,1314500.0
209,2021-10-21 06:52:48,8330.0,500.0,1313800.0
210,2021-10-21 06:52:18,8330.0,800.0,1313300.0
211,2021-10-21 06:52:14,8300.0,900.0,1312500.0
212,2021-10-21 06:51:07,8300.0,500.0,1311600.0
213,2021-10-21 06:50:28,8300.0,500.0,1311100.0
214,2021-10-21 06:50:28,8300.0,300.0,1310600.0
215,2021-10-21 06:49:34,8340.0,700.0,1310300.0
216,2021-10-21 06:48:31,8350.0,1200.0,1309600.0
217,2021-10-21 06:48:31,8350.0,3100.0,1308400.0
218,2021-10-21 06:48:09,8350.0,1000.0,1305300.0
219,2021-10-21 06:47:50,8350.0,900.0,1304300.0
220,2021-10-21 06:47:50,8350.0,500.0,1303400.0
221,2021-10-21 06:47:50,8350.0,100.0,1302900.0
222,2021-10-21 06:47:21,8340.0,2200.0,1302800.0
223,2021-10-21 06:47:21,8340.0,300.0,1300600.0
224,2021-10-21 06:47:21,8340.0,1500.0,1300300.0
225,2021-10-21 06:47:21,8340.0,400.0,1298800.0
226,2021-10-21 06:47:21,8300.0,600.0,1298400.0
227,2021-10-21 06:47:21,8300.0,2000.0,1297800.0
228,2021-10-21 06:47:21,8300.0,2300.0,1295800.0
229,2021-10-21 06:45:40,8270.0,500.0,1293500.0
230,2021-10-21 06:43:59,8300.0,500.0,1293000.0
231,2021-10-21 06:43:25,8300.0,300.0,1292500.0
232,2021-10-21 06:43:25,8310.0,1100.0,1292200.0
233,2021-10-21 06:43:25,8320.0,600.0,1291100.0
234,2021-10-21 06:43:25,8330.0,200.0,1290500.0
235,2021-10-21 06:43:07,8330.0,1000.0,1290300.0
236,2021-10-21 06:43:07,8330.0,900.0,1289300.0
237,2021-10-21 06:43:07,8320.0,800.0,1288400.0
238,2021-10-21 06:43:07,8310.0,1100.0,1287600.0
239,2021-10-21 06:41:31,8300.0,700.0,1286500.0
240,2021-10-21 06:41:13,8300.0,300.0,1285800.0
241,2021-10-21 06:41:13,8300.0,100.0,1285500.0
242,2021-10-21 06:41:13,8300.0,1600.0,1285400.0
243,2021-10-21 06:39:52,8300.0,2000.0,1283800.0
244,2021-10-21 06:39:03,8300.0,400.0,1281800.0
245,2021-10-21 06:38:50,8300.0,800.0,1281400.0
246,2021-10-21 06:38:50,8300.0,100.0,1280600.0
247,2021-10-21 06:38:50,8300.0,1300.0,1280500.0
248,2021-10-21 06:38:50,8300.0,700.0,1279200.0
249,2021-10-21 06:38:50,8300.0,300.0,1278500.0
250,2021-10-21 06:38:43,8300.0,700.0,1278200.0
251,2021-10-21 06:38:43,8300.0,2000.0,1277500.0
252,2021-10-21 06:38:43,8300.0,2800.0,1275500.0
253,2021-10-21 06:38:36,8310.0,400.0,1272700.0
254,2021-10-21 06:38:29,8320.0,1200.0,1272300.0
255,2021-10-21 06:38:26,8330.0,100.0,1271100.0
256,2021-10-21 06:38:02,8330.0,1500.0,1271000.0
257,2021-10-21 06:38:02,8330.0,500.0,1269500.0
258,2021-10-21 06:37:56,8340.0,2000.0,1269000.0
259,2021-10-21 06:36:41,8340.0,500.0,1267000.0
260,2021-10-21 06:36:21,8340.0,500.0,1266500.0
261,2021-10-21 06:36:15,8320.0,400.0,1266000.0
262,2021-10-21 06:36:15,8330.0,600.0,1265600.0
263,2021-10-21 06:36:14,8330.0,1000.0,1265000.0
264,2021-10-21 06:36:14,8330.0,200.0,1264000.0
265,2021-10-21 06:36:14,8330.0,300.0,1263800.0
266,2021-10-21 06:36:05,8320.0,400.0,1263500.0
267,2021-10-21 06:36:05,8320.0,3000.0,1263100.0
268,2021-10-21 06:34:20,8310.0,100.0,1260100.0
269,2021-10-21 06:34:20,8310.0,500.0,1260000.0
270,2021-10-21 06:34:15,8310.0,100.0,1259500.0
271,2021-10-21 06:34:15,8310.0,100.0,1259400.0
272,2021-10-21 06:34:15,8310.0,1500.0,1259300.0
273,2021-10-21 06:34:15,8310.0,500.0,1257800.0
274,2021-10-21 06:34:15,8300.0,500.0,1257300.0
275,2021-10-21 06:34:15,8300.0,200.0,1256800.0
276,2021-10-21 06:34:15,8300.0,100.0,1256600.0
277,2021-10-21 06:33:51,8300.0,200.0,1256500.0
278,2021-10-21 06:33:36,8300.0,2000.0,1256300.0
279,2021-10-21 06:33:36,8300.0,1000.0,1254300.0
280,2021-10-21 06:30:42,8300.0,500.0,1253300.0
281,2021-10-21 06:30:39,8300.0,300.0,1252800.0
282,2021-10-21 06:30:39,8300.0,200.0,1252500.0
283,2021-10-21 06:30:24,8300.0,100.0,1252300.0
284,2021-10-21 06:30:14,8300.0,700.0,1252200.0
285,2021-10-21 06:30:14,8300.0,1000.0,1251500.0
286,2021-10-21 06:30:14,8300.0,800.0,1250500.0
287,2021-10-21 06:30:04,8300.0,1800.0,1249700.0
288,2021-10-21 06:29:58,8300.0,2000.0,1247900.0
289,2021-10-21 06:29:47,8300.0,1000.0,1245900.0
290,2021-10-21 06:29:47,8300.0,1000.0,1244900.0
291,2021-10-21 06:29:47,8300.0,3400.0,1243900.0
292,2021-10-21 06:28:41,8300.0,500.0,1240500.0
293,2021-10-21 06:27:55,8300.0,1000.0,1240000.0
294,2021-10-21 06:24:34,8300.0,100.0,1239000.0
295,2021-10-21 06:24:34,8300.0,500.0,1238900.0
296,2021-10-21 06:24:34,8300.0,100.0,1238400.0
297,2021-10-21 06:24:34,8300.0,1500.0,1238300.0
298,2021-10-21 06:24:34,8300.0,2000.0,1236800.0
299,2021-10-21 06:24:34,8300.0,600.0,1234800.0
300,2021-10-21 06:24:08,8300.0,1000.0,1234200.0
301,2021-10-21 06:24:00,8270.0,3000.0,1233200.0
302,2021-10-21 06:23:53,8250.0,100.0,1230200.0
303,2021-10-21 06:23:53,8250.0,10000.0,1230100.0
304,2021-10-21 06:23:49,8170.0,3500.0,1220100.0
305,2021-10-21 06:23:49,8170.0,1200.0,1216600.0
306,2021-10-21 06:23:49,8170.0,100.0,1215400.0
307,2021-10-21 06:23:49,8170.0,200.0,1215300.0
308,2021-10-21 06:23:44,8170.0,2800.0,1215100.0
309,2021-10-21 06:23:37,8170.0,2000.0,1212300.0
310,2021-10-21 06:23:37,8170.0,1200.0,1210300.0
311,2021-10-21 06:23:31,8170.0,5000.0,1209100.0
312,2021-10-21 06:23:24,8170.0,3800.0,1204100.0
313,2021-10-21 06:23:24,8170.0,500.0,1200300.0
314,2021-10-21 06:23:24,8170.0,1000.0,1199800.0
315,2021-10-21 06:23:24,8170.0,100.0,1198800.0
316,2021-10-21 06:23:24,8170.0,200.0,1198700.0
317,2021-10-21 06:23:14,8170.0,1000.0,1198500.0
318,2021-10-21 06:23:14,8170.0,300.0,1197500.0
319,2021-10-21 06:23:09,8170.0,4500.0,1197200.0
320,2021-10-21 06:22:56,8170.0,1200.0,1192700.0
321,2021-10-21 06:22:56,8170.0,1000.0,1191500.0
322,2021-10-21 06:22:56,8170.0,800.0,1190500.0
323,2021-10-21 06:22:18,8170.0,200.0,1189700.0
324,2021-10-21 06:22:18,8170.0,1800.0,1189500.0
325,2021-10-21 06:22:13,8170.0,100.0,1187700.0
326,2021-10-21 06:22:10,8200.0,500.0,1187600.0
327,2021-10-21 06:22:09,8170.0,100.0,1187100.0
328,2021-10-21 06:22:05,8170.0,1900.0,1187000.0
329,2021-10-21 06:21:57,8170.0,3600.0,1185100.0
330,2021-10-21 06:21:35,8170.0,400.0,1181500.0
331,2021-10-21 06:21:26,8170.0,400.0,1181100.0
332,2021-10-21 06:20:28,8170.0,300.0,1180700.0
333,2021-10-21 06:20:17,8170.0,300.0,1180400.0
334,2021-10-21 06:20:17,8170.0,500.0,1180100.0
335,2021-10-21 06:20:17,8170.0,400.0,1179600.0
336,2021-10-21 06:20:17,8170.0,500.0,1179200.0
337,2021-10-21 06:20:17,8170.0,300.0,1178700.0
338,2021-10-21 06:20:04,8170.0,200.0,1178400.0
339,2021-10-21 06:20:04,8170.0,300.0,1178200.0
340,2021-10-21 06:20:04,8170.0,100.0,1177900.0
341,2021-10-21 06:20:04,8170.0,1000.0,1177800.0
342,2021-10-21 06:20:04,8170.0,500.0,1176800.0
343,2021-10-21 06:20:04,8170.0,500.0,1176300.0
344,2021-10-21 06:20:04,8170.0,300.0,1175800.0
345,2021-10-21 06:20:04,8180.0,100.0,1175500.0
346,2021-10-21 06:18:58,8170.0,200.0,1175400.0
347,2021-10-21 06:18:58,8170.0,500.0,1175200.0
348,2021-10-21 06:18:58,8170.0,1400.0,1174700.0
349,2021-10-21 06:18:49,8170.0,1600.0,1173300.0
350,2021-10-21 06:18:49,8170.0,300.0,1171700.0
351,2021-10-21 06:18:40,8170.0,1700.0,1171400.0
352,2021-10-21 06:18:40,8170.0,2000.0,1169700.0
353,2021-10-21 06:18:22,8170.0,1000.0,1167700.0
354,2021-10-21 06:18:22,8180.0,1000.0,1166700.0
355,2021-10-21 06:18:15,8170.0,3200.0,1165700.0
356,2021-10-21 06:17:48,8170.0,100.0,1162500.0
357,2021-10-21 06:15:36,8170.0,100.0,1162400.0
358,2021-10-21 06:14:45,8170.0,100.0,1162300.0
359,2021-10-21 06:13:34,8150.0,4200.0,1162200.0
360,2021-10-21 06:13:34,8150.0,400.0,1158000.0
361,2021-10-21 06:13:34,8150.0,800.0,1157600.0
362,2021-10-21 06:13:34,8150.0,300.0,1156800.0
363,2021-10-21 06:13:34,8150.0,300.0,1156500.0
364,2021-10-21 06:12:50,8150.0,600.0,1156200.0
365,2021-10-21 06:12:50,8150.0,2000.0,1155600.0
366,2021-10-21 06:12:50,8150.0,2000.0,1153600.0
367,2021-10-21 06:12:50,8150.0,100.0,1151600.0
368,2021-10-21 06:12:50,8150.0,300.0,1151500.0
369,2021-10-21 06:12:50,8150.0,1100.0,1151200.0
370,2021-10-21 06:12:50,8180.0,100.0,1150100.0
371,2021-10-21 06:12:50,8180.0,500.0,1150000.0
372,2021-10-21 06:12:50,8190.0,3000.0,1149500.0
373,2021-10-21 06:12:50,8190.0,1000.0,1146500.0
374,2021-10-21 06:12:50,8190.0,1000.0,1145500.0
375,2021-10-21 06:12:50,8190.0,100.0,1144500.0
376,2021-10-21 06:12:50,8190.0,2000.0,1144400.0
377,2021-10-21 06:12:50,8200.0,500.0,1142400.0
378,2021-10-21 06:12:50,8200.0,700.0,1141900.0
379,2021-10-21 06:12:48,8200.0,500.0,1141200.0
380,2021-10-21 06:12:40,8200.0,3000.0,1140700.0
381,2021-10-21 06:12:25,8200.0,200.0,1137700.0
382,2021-10-21 06:12:25,8200.0,600.0,1137500.0
383,2021-10-21 06:12:14,8200.0,3000.0,1136900.0
384,2021-10-21 06:12:11,8200.0,900.0,1133900.0
385,2021-10-21 06:11:55,8200.0,500.0,1133000.0
386,2021-10-21 06:11:55,8200.0,500.0,1132500.0
387,2021-10-21 06:10:49,8200.0,100.0,1132000.0
388,2021-10-21 06:09:17,8200.0,500.0,1131900.0
389,2021-10-21 06:09:14,8200.0,100.0,1131400.0
390,2021-10-21 06:08:50,8200.0,200.0,1131300.0
391,2021-10-21 06:08:46,8200.0,100.0,1131100.0
392,2021-10-21 06:08:33,8200.0,500.0,1131000.0
393,2021-10-21 06:08:18,8200.0,500.0,1130500.0
394,2021-10-21 06:08:14,8200.0,400.0,1130000.0
395,2021-10-21 06:08:14,8200.0,1000.0,1129600.0
396,2021-10-21 06:08:14,8200.0,1100.0,1128600.0
397,2021-10-21 06:08:09,8200.0,900.0,1127500.0
398,2021-10-21 06:08:09,8200.0,400.0,1126600.0
399,2021-10-21 06:08:09,8200.0,400.0,1126200.0
400,2021-10-21 06:08:09,8200.0,500.0,1125800.0
401,2021-10-21 06:08:09,8200.0,300.0,1125300.0
402,2021-10-21 06:08:09,8200.0,500.0,1125000.0
403,2021-10-21 06:08:09,8200.0,100.0,1124500.0
404,2021-10-21 06:07:55,8200.0,1000.0,1124400.0
405,2021-10-21 06:07:55,8200.0,200.0,1123400.0
406,2021-10-21 06:07:55,8200.0,200.0,1123200.0
407,2021-10-21 06:07:55,8200.0,1000.0,1123000.0
408,2021-10-21 06:07:55,8200.0,900.0,1122000.0
409,2021-10-21 06:07:48,8200.0,2100.0,1121100.0
410,2021-10-21 06:07:48,8200.0,1700.0,1119000.0
411,2021-10-21 06:07:41,8200.0,1500.0,1117300.0
412,2021-10-21 06:07:41,8210.0,1000.0,1115800.0
413,2021-10-21 06:07:41,8210.0,200.0,1114800.0
414,2021-10-21 06:07:41,8230.0,1200.0,1114600.0
415,2021-10-21 06:05:41,8250.0,500.0,1113400.0
416,2021-10-21 06:05:09,8200.0,1800.0,1112900.0
417,2021-10-21 06:05:09,8200.0,100.0,1111100.0
418,2021-10-21 06:05:09,8200.0,200.0,1111000.0
419,2021-10-21 06:05:09,8200.0,1100.0,1110800.0
420,2021-10-21 06:05:02,8200.0,5000.0,1109700.0
421,2021-10-21 06:04:51,8200.0,2900.0,1104700.0
422,2021-10-21 06:04:50,8250.0,3000.0,1101800.0
423,2021-10-21 06:04:43,8200.0,1000.0,1098800.0
424,2021-10-21 06:04:43,8200.0,2000.0,1097800.0
425,2021-10-21 06:04:43,8200.0,800.0,1095800.0
426,2021-10-21 06:04:34,8200.0,200.0,1095000.0
427,2021-10-21 06:04:34,8200.0,500.0,1094800.0
428,2021-10-21 06:04:34,8200.0,100.0,1094300.0
429,2021-10-21 06:04:34,8200.0,2000.0,1094200.0
430,2021-10-21 06:04:34,8200.0,900.0,1092200.0
431,2021-10-21 06:04:34,8200.0,100.0,1091300.0
432,2021-10-21 06:04:24,8200.0,600.0,1091200.0
433,2021-10-21 06:04:24,8200.0,1000.0,1090600.0
434,2021-10-21 06:04:24,8200.0,2000.0,1089600.0
435,2021-10-21 06:04:24,8200.0,1000.0,1087600.0
436,2021-10-21 06:04:24,8200.0,1400.0,1086600.0
437,2021-10-21 06:04:08,8200.0,300.0,1085200.0
438,2021-10-21 06:04:08,8200.0,3000.0,1084900.0
439,2021-10-21 06:04:08,8200.0,200.0,1081900.0
440,2021-10-21 06:04:08,8200.0,300.0,1081700.0
441,2021-10-21 06:03:57,8200.0,200.0,1081400.0
442,2021-10-21 06:03:57,8200.0,2800.0,1081200.0
443,2021-10-21 06:03:52,8200.0,5900.0,1078400.0
444,2021-10-21 06:03:46,8200.0,4300.0,1072500.0
445,2021-10-21 06:03:46,8200.0,500.0,1068200.0
446,2021-10-21 06:03:46,8200.0,2000.0,1067700.0
447,2021-10-21 06:03:36,8200.0,100.0,1065700.0
448,2021-10-21 06:03:36,8210.0,100.0,1065600.0
449,2021-10-21 06:03:36,8210.0,600.0,1065500.0
450,2021-10-21 06:03:36,8210.0,200.0,1064900.0
451,2021-10-21 06:03:36,8220.0,1400.0,1064700.0
452,2021-10-21 06:03:31,8250.0,1000.0,1063300.0
453,2021-10-21 06:03:31,8250.0,100.0,1062300.0
454,2021-10-21 06:03:31,8250.0,5000.0,1062200.0
455,2021-10-21 06:03:31,8250.0,2000.0,1057200.0
456,2021-10-21 06:03:31,8250.0,8400.0,1055200.0
457,2021-10-21 06:03:28,8250.0,3900.0,1046800.0
458,2021-10-21 06:03:27,8250.0,900.0,1042900.0
459,2021-10-21 06:03:22,8250.0,3500.0,1042000.0
460,2021-10-21 06:03:15,8250.0,3100.0,1038500.0
461,2021-10-21 06:03:07,8250.0,2800.0,1035400.0
462,2021-10-21 06:03:00,8250.0,3600.0,1032600.0
463,2021-10-21 06:02:51,8250.0,1500.0,1029000.0
464,2021-10-21 06:02:51,8250.0,500.0,1027500.0
465,2021-10-21 06:02:51,8250.0,1000.0,1027000.0
466,2021-10-21 06:02:51,8250.0,700.0,1026000.0
467,2021-10-21 06:02:39,8250.0,300.0,1025300.0
468,2021-10-21 06:02:39,8250.0,100.0,1025000.0
469,2021-10-21 06:02:39,8250.0,200.0,1024900.0
470,2021-10-21 06:02:39,8250.0,1600.0,1024700.0
471,2021-10-21 06:02:39,8260.0,200.0,1023100.0
472,2021-10-21 06:02:39,8260.0,400.0,1022900.0
473,2021-10-21 06:02:39,8260.0,100.0,1022500.0
474,2021-10-21 06:02:32,8260.0,1800.0,1022400.0
475,2021-10-21 06:02:32,8270.0,2000.0,1020600.0
476,2021-10-21 06:02:26,8260.0,700.0,1018600.0
477,2021-10-21 06:02:26,8270.0,1000.0,1017900.0
478,2021-10-21 06:02:26,8270.0,300.0,1016900.0
479,2021-10-21 06:02:26,8270.0,2000.0,1016600.0
480,2021-10-21 06:00:11,8260.0,1400.0,1014600.0
481,2021-10-21 06:00:11,8260.0,5600.0,1013200.0
482,2021-10-21 06:00:11,8260.0,1000.0,1007600.0
483,2021-10-21 06:00:11,8260.0,100.0,1006600.0
484,2021-10-21 06:00:11,8260.0,200.0,1006500.0
485,2021-10-21 06:00:11,8260.0,5000.0,1006300.0
486,2021-10-21 06:00:11,8260.0,200.0,1001300.0
487,2021-10-21 06:00:11,8270.0,700.0,1001100.0
488,2021-10-21 06:00:11,8270.0,5500.0,1000400.0
489,2021-10-21 06:00:11,8270.0,400.0,994900.0
490,2021-10-21 06:00:11,8270.0,1000.0,994500.0
491,2021-10-21 06:00:11,8270.0,4800.0,993500.0
492,2021-10-21 06:00:07,8300.0,400.0,988700.0
493,2021-10-21 04:29:40,8270.0,200.0,988300.0
494,2021-10-21 04:29:40,8270.0,2000.0,988100.0
495,2021-10-21 04:29:40,8280.0,2000.0,986100.0
496,2021-10-21 04:27:45,8300.0,1000.0,984100.0
497,2021-10-21 04:27:43,8270.0,2000.0,983100.0
498,2021-10-21 04:27:43,8270.0,900.0,981100.0
499,2021-10-21 04:27:43,8270.0,500.0,980200.0
500,2021-10-21 04:27:43,8270.0,200.0,979700.0
501,2021-10-21 04:27:43,8270.0,1000.0,979500.0
502,2021-10-21 04:27:43,8270.0,1000.0,978500.0
503,2021-10-21 04:27:43,8270.0,700.0,977500.0
504,2021-10-21 04:27:43,8280.0,2100.0,976800.0
505,2021-10-21 04:27:43,8290.0,1600.0,974700.0
506,2021-10-21 04:27:38,8290.0,2000.0,973100.0
507,2021-10-21 04:27:38,8290.0,1100.0,971100.0
508,2021-10-21 04:27:38,8290.0,300.0,970000.0
509,2021-10-21 04:27:14,8280.0,100.0,969700.0
510,2021-10-21 04:25:58,8280.0,900.0,969600.0
511,2021-10-21 04:25:37,8280.0,100.0,968700.0
512,2021-10-21 04:24:17,8280.0,1700.0,968600.0
513,2021-10-21 04:23:37,8280.0,300.0,966900.0
514,2021-10-21 04:23:27,8280.0,700.0,966600.0
515,2021-10-21 04:23:27,8280.0,200.0,965900.0
516,2021-10-21 04:23:27,8280.0,800.0,965700.0
517,2021-10-21 04:22:30,8280.0,4700.0,964900.0
518,2021-10-21 04:22:30,8280.0,300.0,960200.0
519,2021-10-21 04:15:46,8290.0,100.0,959900.0
520,2021-10-21 04:14:45,8290.0,100.0,959800.0
521,2021-10-21 04:12:32,8300.0,100.0,959700.0
522,2021-10-21 04:10:31,8270.0,2000.0,959600.0
523,2021-10-21 04:08:33,8300.0,1900.0,957600.0
524,2021-10-21 04:08:33,8280.0,100.0,955700.0
525,2021-10-21 04:08:12,8270.0,2300.0,955600.0
526,2021-10-21 04:07:56,8270.0,1000.0,953300.0
527,2021-10-21 04:06:12,8270.0,1000.0,952300.0
528,2021-10-21 04:05:45,8270.0,1100.0,951300.0
529,2021-10-21 04:05:45,8270.0,2000.0,950200.0
530,2021-10-21 04:05:45,8270.0,1000.0,948200.0
531,2021-10-21 04:05:45,8270.0,1000.0,947200.0
532,2021-10-21 04:05:45,8270.0,300.0,946200.0
533,2021-10-21 04:05:45,8270.0,300.0,945900.0
534,2021-10-21 04:02:55,8270.0,200.0,945600.0
535,2021-10-21 04:02:55,8270.0,200.0,945400.0
536,2021-10-21 04:02:55,8270.0,2000.0,945200.0
537,2021-10-21 04:02:55,8270.0,2300.0,943200.0
538,2021-10-21 04:02:16,8280.0,1000.0,940900.0
539,2021-10-21 04:01:41,8280.0,300.0,939900.0
540,2021-10-21 04:01:29,8280.0,2500.0,939600.0
541,2021-10-21 04:01:29,8280.0,3500.0,937100.0
542,2021-10-21 04:01:28,8280.0,6500.0,933600.0
543,2021-10-21 04:01:28,8280.0,1000.0,927100.0
544,2021-10-21 04:01:28,8280.0,1000.0,926100.0
545,2021-10-21 04:01:28,8280.0,300.0,925100.0
546,2021-10-21 04:01:28,8280.0,100.0,924800.0
547,2021-10-21 04:01:28,8280.0,100.0,924700.0
548,2021-10-21 04:01:28,8280.0,1000.0,924600.0
549,2021-10-21 04:00:36,8290.0,400.0,923600.0
550,2021-10-21 04:00:36,8290.0,500.0,923200.0
551,2021-10-21 04:00:36,8290.0,1000.0,922700.0
552,2021-10-21 04:00:36,8290.0,300.0,921700.0
553,2021-10-21 04:00:36,8290.0,100.0,921400.0
554,2021-10-21 04:00:36,8290.0,700.0,921300.0
555,2021-10-21 03:58:45,8290.0,300.0,920600.0
556,2021-10-21 03:58:45,8290.0,100.0,920300.0
557,2021-10-21 03:58:45,8290.0,600.0,920200.0
558,2021-10-21 03:57:33,8300.0,1000.0,919600.0
559,2021-10-21 03:57:33,8290.0,400.0,918600.0
560,2021-10-21 03:57:33,8290.0,200.0,918200.0
561,2021-10-21 03:56:18,8300.0,2300.0,918000.0
562,2021-10-21 03:56:18,8300.0,700.0,915700.0
563,2021-10-21 03:53:14,8300.0,2300.0,915000.0
564,2021-10-21 03:52:50,8300.0,600.0,912700.0
565,2021-10-21 03:52:24,8300.0,500.0,912100.0
566,2021-10-21 03:52:24,8300.0,700.0,911600.0
567,2021-10-21 03:52:24,8300.0,1200.0,910900.0
568,2021-10-21 03:51:51,8300.0,1700.0,909700.0
569,2021-10-21 03:49:42,8300.0,100.0,908000.0
570,2021-10-21 03:48:32,8300.0,100.0,907900.0
571,2021-10-21 03:48:32,8300.0,1000.0,907800.0
572,2021-10-21 03:48:32,8300.0,900.0,906800.0
573,2021-10-21 03:46:33,8300.0,500.0,905900.0
574,2021-10-21 03:46:19,8300.0,400.0,905400.0
575,2021-10-21 03:46:19,8300.0,100.0,905000.0
576,2021-10-21 03:46:04,8300.0,100.0,904900.0
577,2021-10-21 03:45:07,8300.0,2500.0,904800.0
578,2021-10-21 03:44:54,8300.0,1000.0,902300.0
579,2021-10-21 03:44:49,8300.0,400.0,901300.0
580,2021-10-21 03:43:48,8300.0,100.0,900900.0
581,2021-10-21 03:43:48,8300.0,5000.0,900800.0
582,2021-10-21 03:43:48,8300.0,100.0,895800.0
583,2021-10-21 03:42:08,8300.0,900.0,895700.0
584,2021-10-21 03:42:08,8300.0,500.0,894800.0
585,2021-10-21 03:42:08,8300.0,300.0,894300.0
586,2021-10-21 03:42:08,8300.0,100.0,894000.0
587,2021-10-21 03:42:08,8300.0,200.0,893900.0
588,2021-10-21 03:42:08,8300.0,600.0,893700.0
589,2021-10-21 03:42:08,8300.0,3200.0,893100.0
590,2021-10-21 03:42:08,8300.0,500.0,889900.0
591,2021-10-21 03:42:08,8300.0,2000.0,889400.0
592,2021-10-21 03:42:08,8300.0,1000.0,887400.0
593,2021-10-21 03:42:08,8300.0,1500.0,886400.0
594,2021-10-21 03:42:08,8300.0,3000.0,884900.0
595,2021-10-21 03:42:08,8300.0,100.0,881900.0
596,2021-10-21 03:42:08,8300.0,1100.0,881800.0
597,2021-10-21 03:40:34,8310.0,500.0,880700.0
598,2021-10-21 03:40:11,8310.0,700.0,880200.0
599,2021-10-21 03:39:31,8310.0,100.0,879500.0
600,2021-10-21 03:39:29,8310.0,2000.0,879400.0
601,2021-10-21 03:39:29,8310.0,100.0,877400.0
602,2021-10-21 03:39:00,8310.0,100.0,877300.0
603,2021-10-21 03:39:00,8310.0,100.0,877200.0
604,2021-10-21 03:36:12,8310.0,500.0,877100.0
605,2021-10-21 03:36:11,8310.0,100.0,876600.0
606,2021-10-21 03:36:11,8310.0,100.0,876500.0
607,2021-10-21 03:35:20,8330.0,4700.0,876400.0
608,2021-10-21 03:35:20,8330.0,400.0,871700.0
609,2021-10-21 03:32:52,8330.0,1900.0,871300.0
610,2021-10-21 03:32:52,8330.0,100.0,869400.0
611,2021-10-21 03:32:52,8330.0,100.0,869300.0
612,2021-10-21 03:32:52,8330.0,2000.0,869200.0
613,2021-10-21 03:32:52,8330.0,1000.0,867200.0
614,2021-10-21 03:32:52,8330.0,1000.0,866200.0
615,2021-10-21 03:30:57,8330.0,300.0,865200.0
616,2021-10-21 03:30:49,8330.0,1000.0,864900.0
617,2021-10-21 03:30:46,8330.0,700.0,863900.0
618,2021-10-21 03:30:27,8330.0,2000.0,863200.0
619,2021-10-21 03:30:12,8330.0,11500.0,861200.0
620,2021-10-21 03:29:11,8330.0,300.0,849700.0
621,2021-10-21 03:27:19,8330.0,5000.0,849400.0
622,2021-10-21 03:27:19,8340.0,500.0,844400.0
623,2021-10-21 03:27:13,8340.0,4100.0,843900.0
624,2021-10-21 03:27:13,8340.0,3000.0,839800.0
625,2021-10-21 03:27:13,8340.0,200.0,836800.0
626,2021-10-21 03:27:13,8340.0,300.0,836600.0
627,2021-10-21 03:27:13,8340.0,500.0,836300.0
628,2021-10-21 03:27:13,8340.0,700.0,835800.0
629,2021-10-21 03:27:13,8340.0,700.0,835100.0
630,2021-10-21 03:26:34,8340.0,700.0,834400.0
631,2021-10-21 03:26:34,8340.0,300.0,833700.0
632,2021-10-21 03:25:28,8330.0,20000.0,833400.0
633,2021-10-21 03:25:28,8330.0,7000.0,813400.0
634,2021-10-21 03:25:28,8330.0,20000.0,806400.0
635,2021-10-21 03:25:28,8330.0,2900.0,786400.0
636,2021-10-21 03:25:28,8320.0,2900.0,783500.0
637,2021-10-21 03:24:34,8320.0,1000.0,780600.0
638,2021-10-21 03:23:51,8320.0,4100.0,779600.0
639,2021-10-21 03:23:51,8320.0,2000.0,775500.0
640,2021-10-21 03:23:12,8300.0,400.0,773500.0
641,2021-10-21 03:22:39,8300.0,500.0,773100.0
642,2021-10-21 03:22:23,8300.0,100.0,772600.0
643,2021-10-21 03:21:17,8300.0,4400.0,772500.0
644,2021-10-21 03:21:17,8300.0,200.0,768100.0
645,2021-10-21 03:21:17,8300.0,400.0,767900.0
646,2021-10-21 03:21:13,8300.0,200.0,767500.0
647,2021-10-21 03:20:07,8300.0,200.0,767300.0
648,2021-10-21 03:18:54,8290.0,300.0,767100.0
649,2021-10-21 03:18:37,8290.0,500.0,766800.0
650,2021-10-21 03:18:28,8280.0,300.0,766300.0
651,2021-10-21 03:17:40,8280.0,200.0,766000.0
652,2021-10-21 03:17:29,8280.0,500.0,765800.0
653,2021-10-21 03:17:29,8280.0,1000.0,765300.0
654,2021-10-21 03:17:17,8280.0,100.0,764300.0
655,2021-10-21 03:17:04,8280.0,100.0,764200.0
656,2021-10-21 03:16:39,8280.0,300.0,764100.0
657,2021-10-21 03:16:30,8280.0,300.0,763800.0
658,2021-10-21 03:16:22,8280.0,100.0,763500.0
659,2021-10-21 03:15:44,8280.0,500.0,763400.0
660,2021-10-21 03:15:44,8280.0,900.0,762900.0
661,2021-10-21 03:15:44,8280.0,100.0,762000.0
662,2021-10-21 03:15:44,8280.0,200.0,761900.0
663,2021-10-21 03:15:44,8280.0,100.0,761700.0
664,2021-10-21 03:15:44,8280.0,2000.0,761600.0
665,2021-10-21 03:15:44,8280.0,1600.0,759600.0
666,2021-10-21 03:15:29,8280.0,400.0,758000.0
667,2021-10-21 03:15:29,8280.0,600.0,757600.0
668,2021-10-21 03:15:15,8280.0,1000.0,757000.0
669,2021-10-21 03:14:56,8280.0,400.0,756000.0
670,2021-10-21 03:14:50,8290.0,100.0,755600.0
671,2021-10-21 03:14:46,8290.0,100.0,755500.0
672,2021-10-21 03:14:46,8290.0,100.0,755400.0
673,2021-10-21 03:14:24,8290.0,500.0,755300.0
674,2021-10-21 03:13:24,8290.0,200.0,754800.0
675,2021-10-21 03:13:12,8290.0,1000.0,754600.0
676,2021-10-21 03:13:08,8290.0,100.0,753600.0
677,2021-10-21 03:12:58,8290.0,300.0,753500.0
678,2021-10-21 03:12:48,8290.0,500.0,753200.0
679,2021-10-21 03:12:45,8290.0,1000.0,752700.0
680,2021-10-21 03:12:40,8290.0,900.0,751700.0
681,2021-10-21 03:12:37,8290.0,100.0,750800.0
682,2021-10-21 03:12:19,8290.0,300.0,750700.0
683,2021-10-21 03:12:19,8290.0,9700.0,750400.0
684,2021-10-21 03:11:50,8290.0,1100.0,740700.0
685,2021-10-21 03:11:41,8290.0,1000.0,739600.0
686,2021-10-21 03:11:05,8290.0,100.0,738600.0
687,2021-10-21 03:10:49,8290.0,500.0,738500.0
688,2021-10-21 03:10:49,8290.0,200.0,738000.0
689,2021-10-21 03:10:49,8290.0,1000.0,737800.0
690,2021-10-21 03:10:49,8290.0,200.0,736800.0
691,2021-10-21 03:10:49,8290.0,10000.0,736600.0
692,2021-10-21 03:10:49,8290.0,9000.0,726600.0
693,2021-10-21 03:10:49,8290.0,600.0,717600.0
694,2021-10-21 03:10:49,8290.0,100.0,717000.0
695,2021-10-21 03:10:49,8290.0,700.0,716900.0
696,2021-10-21 03:10:49,8290.0,100.0,716200.0
697,2021-10-21 03:10:49,8290.0,30000.0,716100.0
698,2021-10-21 03:10:49,8290.0,500.0,686100.0
699,2021-10-21 03:10:49,8290.0,400.0,685600.0
700,2021-10-21 03:10:49,8290.0,100.0,685200.0
701,2021-10-21 03:10:49,8290.0,2700.0,685100.0
702,2021-10-21 03:10:49,8300.0,300.0,682400.0
703,2021-10-21 03:10:31,8300.0,100.0,682100.0
704,2021-10-21 03:10:24,8300.0,500.0,682000.0
705,2021-10-21 03:10:24,8300.0,500.0,681500.0
706,2021-10-21 03:10:24,8300.0,500.0,681000.0
707,2021-10-21 03:10:24,8300.0,200.0,680500.0
708,2021-10-21 03:10:24,8300.0,100.0,680300.0
709,2021-10-21 03:10:24,8300.0,500.0,680200.0
710,2021-10-21 03:10:24,8300.0,500.0,679700.0
711,2021-10-21 03:10:24,8300.0,2000.0,679200.0
712,2021-10-21 03:10:24,8300.0,300.0,677200.0
713,2021-10-21 03:10:24,8300.0,200.0,676900.0
714,2021-10-21 03:10:24,8300.0,1000.0,676700.0
715,2021-10-21 03:10:24,8300.0,700.0,675700.0
716,2021-10-21 03:10:24,8300.0,500.0,675000.0
717,2021-10-21 03:10:24,8300.0,500.0,674500.0
718,2021-10-21 03:10:24,8300.0,1000.0,674000.0
719,2021-10-21 03:10:24,8300.0,5000.0,673000.0
720,2021-10-21 03:10:24,8300.0,4800.0,668000.0
721,2021-10-21 03:10:11,8300.0,600.0,663200.0
722,2021-10-21 03:10:07,8300.0,4400.0,662600.0
723,2021-10-21 03:10:05,8300.0,10200.0,658200.0
724,2021-10-21 03:10:05,8300.0,2800.0,648000.0
725,2021-10-21 03:09:24,8300.0,7200.0,645200.0
726,2021-10-21 03:09:24,8300.0,400.0,638000.0
727,2021-10-21 03:09:24,8300.0,1000.0,637600.0
728,2021-10-21 03:09:24,8300.0,2000.0,636600.0
729,2021-10-21 03:09:24,8300.0,3700.0,634600.0
730,2021-10-21 03:09:24,8300.0,1000.0,630900.0
731,2021-10-21 03:09:24,8300.0,400.0,629900.0
732,2021-10-21 03:09:24,8300.0,300.0,629500.0
733,2021-10-21 03:09:24,8300.0,100.0,629200.0
734,2021-10-21 03:09:24,8300.0,1500.0,629100.0
735,2021-10-21 03:09:24,8300.0,1000.0,627600.0
736,2021-10-21 03:09:24,8300.0,100.0,626600.0
737,2021-10-21 03:09:24,8300.0,1000.0,626500.0
738,2021-10-21 03:09:24,8300.0,500.0,625500.0
739,2021-10-21 03:09:24,8300.0,1000.0,625000.0
740,2021-10-21 03:09:24,8300.0,1000.0,624000.0
741,2021-10-21 03:09:24,8300.0,100.0,623000.0
742,2021-10-21 03:09:24,8300.0,1000.0,622900.0
743,2021-10-21 03:09:24,8300.0,300.0,621900.0
744,2021-10-21 03:09:24,8300.0,12100.0,621600.0
745,2021-10-21 03:09:24,8300.0,300.0,609500.0
746,2021-10-21 03:09:24,8300.0,500.0,609200.0
747,2021-10-21 03:09:24,8300.0,2000.0,608700.0
748,2021-10-21 03:09:24,8300.0,1000.0,606700.0
749,2021-10-21 03:09:24,8300.0,3000.0,605700.0
750,2021-10-21 03:09:24,8300.0,100.0,602700.0
751,2021-10-21 03:09:24,8300.0,100.0,602600.0
752,2021-10-21 03:09:24,8300.0,7300.0,602500.0
753,2021-10-21 03:09:19,8310.0,9000.0,595200.0
754,2021-10-21 03:08:52,8310.0,100.0,586200.0
755,2021-10-21 03:08:41,8300.0,4700.0,586100.0
756,2021-10-21 03:08:41,8300.0,2000.0,581400.0
757,2021-10-21 03:08:41,8300.0,1000.0,579400.0
758,2021-10-21 03:08:41,8300.0,1000.0,578400.0
759,2021-10-21 03:08:41,8300.0,100.0,577400.0
760,2021-10-21 03:08:41,8300.0,200.0,577300.0
761,2021-10-21 03:08:41,8300.0,1400.0,577100.0
762,2021-10-21 03:08:41,8300.0,100.0,575700.0
763,2021-10-21 03:08:41,8300.0,3800.0,575600.0
764,2021-10-21 03:08:41,8300.0,200.0,571800.0
765,2021-10-21 03:08:41,8300.0,400.0,571600.0
766,2021-10-21 03:08:41,8300.0,1000.0,571200.0
767,2021-10-21 03:08:41,8300.0,3000.0,570200.0
768,2021-10-21 03:08:41,8300.0,100.0,567200.0
769,2021-10-21 03:08:31,8310.0,300.0,567100.0
770,2021-10-21 03:08:31,8310.0,600.0,566800.0
771,2021-10-21 03:08:03,8310.0,3400.0,566200.0
772,2021-10-21 03:08:03,8310.0,1000.0,562800.0
773,2021-10-21 03:08:03,8310.0,400.0,561800.0
774,2021-10-21 03:08:03,8310.0,200.0,561400.0
775,2021-10-21 03:07:36,8310.0,4800.0,561200.0
776,2021-10-21 03:07:36,8310.0,1000.0,556400.0
777,2021-10-21 03:07:36,8310.0,300.0,555400.0
778,2021-10-21 03:07:36,8310.0,5000.0,555100.0
779,2021-10-21 03:07:36,8310.0,200.0,550100.0
780,2021-10-21 03:07:36,8310.0,3700.0,549900.0
781,2021-10-21 03:07:00,8310.0,100.0,546200.0
782,2021-10-21 03:06:39,8320.0,600.0,546100.0
783,2021-10-21 03:06:04,8320.0,300.0,545500.0
784,2021-10-21 03:05:40,8320.0,100.0,545200.0
785,2021-10-21 03:05:30,8320.0,1000.0,545100.0
786,2021-10-21 03:05:24,8330.0,100.0,544100.0
787,2021-10-21 03:05:24,8330.0,200.0,544000.0
788,2021-10-21 03:05:17,8330.0,500.0,543800.0
789,2021-10-21 03:05:04,8330.0,1300.0,543300.0
790,2021-10-21 03:05:04,8330.0,1400.0,542000.0
791,2021-10-21 03:05:04,8330.0,1300.0,540600.0
792,2021-10-21 03:05:04,8320.0,1000.0,539300.0
793,2021-10-21 03:04:12,8310.0,1200.0,538300.0
794,2021-10-21 03:04:12,8310.0,28800.0,537100.0
795,2021-10-21 03:03:40,8310.0,1200.0,508300.0
796,2021-10-21 03:03:40,8310.0,1000.0,507100.0
797,2021-10-21 03:03:40,8310.0,5000.0,506100.0
798,2021-10-21 03:03:40,8310.0,300.0,501100.0
799,2021-10-21 03:03:40,8310.0,500.0,500800.0
800,2021-10-21 03:03:40,8320.0,5000.0,500300.0
801,2021-10-21 03:03:40,8330.0,8800.0,495300.0
802,2021-10-21 03:03:28,8330.0,2000.0,486500.0
803,2021-10-21 03:03:28,8330.0,2700.0,484500.0
804,2021-10-21 03:03:15,8330.0,1500.0,481800.0
805,2021-10-21 03:03:06,8310.0,500.0,480300.0
806,2021-10-21 03:03:06,8310.0,200.0,479800.0
807,2021-10-21 03:03:06,8310.0,2000.0,479600.0
808,2021-10-21 03:03:06,8310.0,1700.0,477600.0
809,2021-10-21 03:03:06,8310.0,300.0,475900.0
810,2021-10-21 03:03:06,8310.0,500.0,475600.0
811,2021-10-21 03:03:06,8310.0,600.0,475100.0
812,2021-10-21 03:03:03,8320.0,3000.0,474500.0
813,2021-10-21 03:02:49,8310.0,1900.0,471500.0
814,2021-10-21 03:02:49,8310.0,100.0,469600.0
815,2021-10-21 03:02:30,8320.0,400.0,469500.0
816,2021-10-21 03:02:30,8320.0,500.0,469100.0
817,2021-10-21 03:02:30,8320.0,500.0,468600.0
818,2021-10-21 03:02:30,8320.0,1800.0,468100.0
819,2021-10-21 03:02:27,8320.0,1000.0,466300.0
820,2021-10-21 03:01:56,8320.0,100.0,465300.0
821,2021-10-21 03:01:45,8330.0,1000.0,465200.0
822,2021-10-21 03:01:45,8330.0,1000.0,464200.0
823,2021-10-21 03:00:51,8330.0,1000.0,463200.0
824,2021-10-21 03:00:44,8320.0,100.0,462200.0
825,2021-10-21 03:00:15,8310.0,900.0,462100.0
826,2021-10-21 03:00:15,8310.0,2000.0,461200.0
827,2021-10-21 03:00:15,8310.0,900.0,459200.0
828,2021-10-21 03:00:15,8310.0,200.0,458300.0
829,2021-10-21 03:00:15,8310.0,100.0,458100.0
830,2021-10-21 03:00:15,8310.0,200.0,458000.0
831,2021-10-21 03:00:15,8310.0,100.0,457800.0
832,2021-10-21 03:00:15,8310.0,1200.0,457700.0
833,2021-10-21 02:59:53,8310.0,22200.0,456500.0
834,2021-10-21 02:59:53,8320.0,500.0,434300.0
835,2021-10-21 02:59:53,8320.0,5000.0,433800.0
836,2021-10-21 02:59:27,8330.0,100.0,428800.0
837,2021-10-21 02:58:51,8330.0,2000.0,428700.0
838,2021-10-21 02:58:51,8330.0,1000.0,426700.0
839,2021-10-21 02:58:42,8340.0,1200.0,425700.0
840,2021-10-21 02:58:42,8340.0,100.0,424500.0
841,2021-10-21 02:58:42,8340.0,700.0,424400.0
842,2021-10-21 02:58:28,8340.0,100.0,423700.0
843,2021-10-21 02:58:07,8340.0,1000.0,423600.0
844,2021-10-21 02:57:56,8340.0,200.0,422600.0
845,2021-10-21 02:57:30,8330.0,20000.0,422400.0
846,2021-10-21 02:57:28,8310.0,16400.0,402400.0
847,2021-10-21 02:57:28,8320.0,14300.0,386000.0
848,2021-10-21 02:57:28,8320.0,200.0,371700.0
849,2021-10-21 02:56:36,8310.0,1900.0,371500.0
850,2021-10-21 02:56:33,8330.0,100.0,369600.0
851,2021-10-21 02:56:11,8330.0,500.0,369500.0
852,2021-10-21 02:56:11,8330.0,3000.0,369000.0
853,2021-10-21 02:56:11,8330.0,100.0,366000.0
854,2021-10-21 02:54:44,8340.0,2400.0,365900.0
855,2021-10-21 02:52:36,8340.0,100.0,363500.0
856,2021-10-21 02:52:34,8340.0,700.0,363400.0
857,2021-10-21 02:51:53,8340.0,600.0,362700.0
858,2021-10-21 02:51:53,8340.0,1400.0,362100.0
859,2021-10-21 02:51:45,8310.0,3100.0,360700.0
860,2021-10-21 02:51:45,8320.0,300.0,357600.0
861,2021-10-21 02:51:45,8320.0,1000.0,357300.0
862,2021-10-21 02:51:45,8320.0,100.0,356300.0
863,2021-10-21 02:51:45,8330.0,2500.0,356200.0
864,2021-10-21 02:51:45,8330.0,1000.0,353700.0
865,2021-10-21 02:51:45,8330.0,1000.0,352700.0
866,2021-10-21 02:51:45,8330.0,1000.0,351700.0
867,2021-10-21 02:50:35,8340.0,300.0,350700.0
868,2021-10-21 02:50:29,8340.0,2000.0,350400.0
869,2021-10-21 02:50:03,8340.0,100.0,348400.0
870,2021-10-21 02:49:54,8340.0,1600.0,348300.0
871,2021-10-21 02:49:44,8350.0,1000.0,346700.0
872,2021-10-21 02:49:39,8350.0,500.0,345700.0
873,2021-10-21 02:49:09,8350.0,200.0,345200.0
874,2021-10-21 02:49:01,8350.0,200.0,345000.0
875,2021-10-21 02:48:57,8350.0,500.0,344800.0
876,2021-10-21 02:48:37,8350.0,2600.0,344300.0
877,2021-10-21 02:48:37,8350.0,3000.0,341700.0
878,2021-10-21 02:48:28,8350.0,1500.0,338700.0
879,2021-10-21 02:47:55,8350.0,300.0,337200.0
880,2021-10-21 02:47:49,8350.0,200.0,336900.0
881,2021-10-21 02:47:34,8340.0,1400.0,336700.0
882,2021-10-21 02:47:34,8330.0,2000.0,335300.0
883,2021-10-21 02:43:56,8310.0,5200.0,333300.0
884,2021-10-21 02:43:56,8310.0,100.0,328100.0
885,2021-10-21 02:43:56,8310.0,300.0,328000.0
886,2021-10-21 02:43:44,8310.0,1700.0,327700.0
887,2021-10-21 02:43:44,8310.0,300.0,326000.0
888,2021-10-21 02:43:19,8310.0,200.0,325700.0
889,2021-10-21 02:43:19,8310.0,1100.0,325500.0
890,2021-10-21 02:43:15,8320.0,4400.0,324400.0
891,2021-10-21 02:43:15,8320.0,600.0,320000.0
892,2021-10-21 02:43:09,8320.0,500.0,319400.0
893,2021-10-21 02:42:49,8320.0,300.0,318900.0
894,2021-10-21 02:42:49,8320.0,600.0,318600.0
895,2021-10-21 02:42:45,8320.0,400.0,318000.0
896,2021-10-21 02:42:45,8320.0,1000.0,317600.0
897,2021-10-21 02:42:45,8320.0,600.0,316600.0
898,2021-10-21 02:42:32,8320.0,300.0,316000.0
899,2021-10-21 02:42:32,8320.0,2700.0,315700.0
900,2021-10-21 02:41:29,8320.0,300.0,313000.0
901,2021-10-21 02:40:36,8320.0,2000.0,312700.0
902,2021-10-21 02:39:45,8320.0,1000.0,310700.0
903,2021-10-21 02:39:43,8320.0,3000.0,309700.0
904,2021-10-21 02:39:43,8320.0,300.0,306700.0
905,2021-10-21 02:39:43,8320.0,500.0,306400.0
906,2021-10-21 02:39:43,8320.0,100.0,305900.0
907,2021-10-21 02:39:43,8330.0,500.0,305800.0
908,2021-10-21 02:39:43,8330.0,500.0,305300.0
909,2021-10-21 02:38:31,8320.0,2100.0,304800.0
910,2021-10-21 02:37:54,8320.0,1000.0,302700.0
911,2021-10-21 02:37:54,8320.0,1000.0,301700.0
912,2021-10-21 02:37:54,8320.0,300.0,300700.0
913,2021-10-21 02:37:54,8320.0,1000.0,300400.0
914,2021-10-21 02:37:54,8320.0,2000.0,299400.0
915,2021-10-21 02:37:54,8320.0,2000.0,297400.0
916,2021-10-21 02:37:54,8320.0,100.0,295400.0
917,2021-10-21 02:37:54,8320.0,100.0,295300.0
918,2021-10-21 02:37:54,8320.0,100.0,295200.0
919,2021-10-21 02:37:54,8320.0,200.0,295100.0
920,2021-10-21 02:37:54,8320.0,100.0,294900.0
921,2021-10-21 02:36:50,8320.0,100.0,294800.0
922,2021-10-21 02:36:50,8320.0,100.0,294700.0
923,2021-10-21 02:36:06,8320.0,400.0,294600.0
924,2021-10-21 02:36:06,8330.0,1200.0,294200.0
925,2021-10-21 02:36:06,8370.0,600.0,293000.0
926,2021-10-21 02:35:00,8380.0,100.0,292400.0
927,2021-10-21 02:35:00,8380.0,1500.0,292300.0
928,2021-10-21 02:35:00,8380.0,1000.0,290800.0
929,2021-10-21 02:35:00,8380.0,400.0,289800.0
930,2021-10-21 02:34:45,8370.0,400.0,289400.0
931,2021-10-21 02:34:37,8370.0,100.0,289000.0
932,2021-10-21 02:34:15,8370.0,4500.0,288900.0
933,2021-10-21 02:34:15,8370.0,1000.0,284400.0
934,2021-10-21 02:34:15,8310.0,500.0,283400.0
935,2021-10-21 02:33:22,8310.0,400.0,282900.0
936,2021-10-21 02:33:22,8310.0,200.0,282500.0
937,2021-10-21 02:33:22,8310.0,100.0,282300.0
938,2021-10-21 02:33:22,8310.0,1000.0,282200.0
939,2021-10-21 02:33:22,8320.0,200.0,281200.0
940,2021-10-21 02:33:22,8320.0,1000.0,281000.0
941,2021-10-21 02:33:22,8320.0,100.0,280000.0
942,2021-10-21 02:33:22,8330.0,300.0,279900.0
943,2021-10-21 02:33:22,8330.0,500.0,279600.0
944,2021-10-21 02:33:22,8330.0,2000.0,279100.0
945,2021-10-21 02:33:22,8360.0,800.0,277100.0
946,2021-10-21 02:33:19,8360.0,3000.0,276300.0
947,2021-10-21 02:33:19,8350.0,500.0,273300.0
948,2021-10-21 02:33:19,8350.0,600.0,272800.0
949,2021-10-21 02:33:19,8340.0,100.0,272200.0
950,2021-10-21 02:33:14,8340.0,200.0,272100.0
951,2021-10-21 02:32:57,8340.0,100.0,271900.0
952,2021-10-21 02:32:54,8340.0,200.0,271800.0
953,2021-10-21 02:32:43,8340.0,500.0,271600.0
954,2021-10-21 02:32:43,8340.0,100.0,271100.0
955,2021-10-21 02:32:43,8340.0,1200.0,271000.0
956,2021-10-21 02:32:43,8340.0,1000.0,269800.0
957,2021-10-21 02:32:43,8340.0,500.0,268800.0
958,2021-10-21 02:32:43,8340.0,1100.0,268300.0
959,2021-10-21 02:32:39,8350.0,2000.0,267200.0
960,2021-10-21 02:32:38,8350.0,1000.0,265200.0
961,2021-10-21 02:32:33,8350.0,400.0,264200.0
962,2021-10-21 02:32:23,8350.0,500.0,263800.0
963,2021-10-21 02:32:20,8350.0,500.0,263300.0
964,2021-10-21 02:31:51,8350.0,300.0,262800.0
965,2021-10-21 02:31:42,8350.0,1000.0,262500.0
966,2021-10-21 02:31:42,8350.0,300.0,261500.0
967,2021-10-21 02:31:42,8350.0,10000.0,261200.0
968,2021-10-21 02:31:42,8350.0,100.0,251200.0
969,2021-10-21 02:31:42,8350.0,1000.0,251100.0
970,2021-10-21 02:31:42,8350.0,200.0,250100.0
971,2021-10-21 02:31:42,8350.0,300.0,249900.0
972,2021-10-21 02:31:06,8350.0,2700.0,249600.0
973,2021-10-21 02:31:06,8350.0,500.0,246900.0
974,2021-10-21 02:31:06,8350.0,500.0,246400.0
975,2021-10-21 02:31:06,8360.0,300.0,245900.0
976,2021-10-21 02:30:57,8360.0,2200.0,245600.0
977,2021-10-21 02:30:48,8360.0,1000.0,243400.0
978,2021-10-21 02:30:45,8360.0,1800.0,242400.0
979,2021-10-21 02:30:45,8350.0,3000.0,240600.0
980,2021-10-21 02:30:45,8350.0,1000.0,237600.0
981,2021-10-21 02:30:35,8360.0,200.0,236600.0
982,2021-10-21 02:30:17,8360.0,100.0,236400.0
983,2021-10-21 02:30:17,8360.0,200.0,236300.0
984,2021-10-21 02:29:51,8380.0,100.0,236100.0
985,2021-10-21 02:29:38,8380.0,300.0,236000.0
986,2021-10-21 02:29:38,8380.0,500.0,235700.0
987,2021-10-21 02:29:38,8380.0,500.0,235200.0
988,2021-10-21 02:29:38,8380.0,1200.0,234700.0
989,2021-10-21 02:29:31,8380.0,1800.0,233500.0
990,2021-10-21 02:29:26,8390.0,200.0,231700.0
991,2021-10-21 02:29:10,8380.0,200.0,231500.0
992,2021-10-21 02:28:58,8380.0,300.0,231300.0
993,2021-10-21 02:28:48,8380.0,700.0,231000.0
994,2021-10-21 02:28:48,8380.0,100.0,230300.0
995,2021-10-21 02:28:48,8380.0,200.0,230200.0
996,2021-10-21 02:27:57,8380.0,600.0,230000.0
997,2021-10-21 02:27:55,8380.0,100.0,229400.0
998,2021-10-21 02:27:55,8380.0,1300.0,229300.0
999,2021-10-21 02:27:50,8380.0,300.0,228000.0
1000,2021-10-21 02:27:41,8380.0,400.0,227700.0
1001,2021-10-21 02:27:28,8380.0,500.0,227300.0
1002,2021-10-21 02:27:09,8380.0,100.0,226800.0
1003,2021-10-21 02:26:27,8380.0,1000.0,226700.0
1004,2021-10-21 02:26:27,8380.0,1000.0,225700.0
1005,2021-10-21 02:26:23,8400.0,400.0,224700.0
1006,2021-10-21 02:26:20,8400.0,1000.0,224300.0
1007,2021-10-21 02:26:15,8400.0,1100.0,223300.0
1008,2021-10-21 02:26:15,8400.0,3900.0,222200.0
1009,2021-10-21 02:25:50,8400.0,500.0,218300.0
1010,2021-10-21 02:25:43,8400.0,200.0,217800.0
1011,2021-10-21 02:25:43,8400.0,1000.0,217600.0
1012,2021-10-21 02:25:42,8400.0,200.0,216600.0
1013,2021-10-21 02:25:42,8400.0,8000.0,216400.0
1014,2021-10-21 02:25:42,8400.0,400.0,208400.0
1015,2021-10-21 02:25:42,8400.0,1000.0,208000.0
1016,2021-10-21 02:25:42,8400.0,1000.0,207000.0
1017,2021-10-21 02:25:42,8400.0,3000.0,206000.0
1018,2021-10-21 02:25:42,8400.0,2000.0,203000.0
1019,2021-10-21 02:25:42,8400.0,300.0,201000.0
1020,2021-10-21 02:25:42,8410.0,2000.0,200700.0
1021,2021-10-21 02:25:42,8410.0,5000.0,198700.0
1022,2021-10-21 02:25:42,8410.0,1500.0,193700.0
1023,2021-10-21 02:25:33,8410.0,6000.0,192200.0
1024,2021-10-21 02:25:33,8410.0,2000.0,186200.0
1025,2021-10-21 02:25:33,8410.0,500.0,184200.0
1026,2021-10-21 02:25:20,8410.0,200.0,183700.0
1027,2021-10-21 02:24:59,8410.0,1000.0,183500.0
1028,2021-10-21 02:24:57,8410.0,300.0,182500.0
1029,2021-10-21 02:24:55,8410.0,200.0,182200.0
1030,2021-10-21 02:24:55,8410.0,800.0,182000.0
1031,2021-10-21 02:24:31,8410.0,500.0,181200.0
1032,2021-10-21 02:24:31,8410.0,700.0,180700.0
1033,2021-10-21 02:24:31,8410.0,1200.0,180000.0
1034,2021-10-21 02:24:10,8420.0,300.0,178800.0
1035,2021-10-21 02:24:10,8420.0,200.0,178500.0
1036,2021-10-21 02:24:07,8420.0,1500.0,178300.0
1037,2021-10-21 02:24:07,8410.0,500.0,176800.0
1038,2021-10-21 02:23:56,8400.0,700.0,176300.0
1039,2021-10-21 02:23:56,8400.0,1000.0,175600.0
1040,2021-10-21 02:23:56,8400.0,1000.0,174600.0
1041,2021-10-21 02:23:56,8400.0,3000.0,173600.0
1042,2021-10-21 02:23:56,8400.0,500.0,170600.0
1043,2021-10-21 02:23:56,8410.0,1000.0,170100.0
1044,2021-10-21 02:23:56,8410.0,2200.0,169100.0
1045,2021-10-21 02:23:49,8410.0,2000.0,166900.0
1046,2021-10-21 02:23:48,8410.0,800.0,164900.0
1047,2021-10-21 02:23:46,8410.0,200.0,164100.0
1048,2021-10-21 02:23:42,8410.0,500.0,163900.0
1049,2021-10-21 02:23:30,8420.0,500.0,163400.0
1050,2021-10-21 02:23:30,8410.0,500.0,162900.0
1051,2021-10-21 02:23:28,8410.0,400.0,162400.0
1052,2021-10-21 02:23:26,8410.0,3800.0,162000.0
1053,2021-10-21 02:23:21,8410.0,200.0,158200.0
1054,2021-10-21 02:23:21,8420.0,1500.0,158000.0
1055,2021-10-21 02:23:16,8420.0,500.0,156500.0
1056,2021-10-21 02:23:08,8410.0,800.0,156000.0
1057,2021-10-21 02:23:08,8410.0,500.0,155200.0
1058,2021-10-21 02:23:05,8420.0,500.0,154700.0
1059,2021-10-21 02:22:53,8400.0,900.0,154200.0
1060,2021-10-21 02:22:53,8420.0,4400.0,153300.0
1061,2021-10-21 02:22:48,8420.0,1500.0,148900.0
1062,2021-10-21 02:22:48,8410.0,1000.0,147400.0
1063,2021-10-21 02:22:47,8410.0,300.0,146400.0
1064,2021-10-21 02:22:44,8410.0,500.0,146100.0
1065,2021-10-21 02:22:41,8420.0,1000.0,145600.0
1066,2021-10-21 02:22:32,8420.0,500.0,144600.0
1067,2021-10-21 02:22:32,8420.0,500.0,144100.0
1068,2021-10-21 02:22:32,8420.0,300.0,143600.0
1069,2021-10-21 02:22:32,8420.0,1000.0,143300.0
1070,2021-10-21 02:22:32,8420.0,200.0,142300.0
1071,2021-10-21 02:22:19,8420.0,2000.0,142100.0
1072,2021-10-21 02:22:16,8450.0,600.0,140100.0
1073,2021-10-21 02:22:12,8420.0,800.0,139500.0
1074,2021-10-21 02:22:12,8420.0,200.0,138700.0
1075,2021-10-21 02:22:12,8420.0,100.0,138500.0
1076,2021-10-21 02:22:12,8420.0,1000.0,138400.0
1077,2021-10-21 02:22:12,8420.0,100.0,137400.0
1078,2021-10-21 02:22:12,8420.0,300.0,137300.0
1079,2021-10-21 02:22:10,8420.0,2000.0,137000.0
1080,2021-10-21 02:22:09,8450.0,100.0,135000.0
1081,2021-10-21 02:22:09,8440.0,900.0,134900.0
1082,2021-10-21 02:22:06,8420.0,4000.0,134000.0
1083,2021-10-21 02:22:06,8430.0,2000.0,130000.0
1084,2021-10-21 02:22:04,8440.0,100.0,128000.0
1085,2021-10-21 02:21:55,8450.0,100.0,127900.0
1086,2021-10-21 02:21:55,8440.0,900.0,127800.0
1087,2021-10-21 02:21:54,8440.0,100.0,126900.0
1088,2021-10-21 02:21:54,8440.0,600.0,126800.0
1089,2021-10-21 02:21:46,8440.0,4400.0,126200.0
1090,2021-10-21 02:21:46,8440.0,100.0,121800.0
1091,2021-10-21 02:21:46,8440.0,1000.0,121700.0
1092,2021-10-21 02:21:38,8440.0,200.0,120700.0
1093,2021-10-21 02:21:15,8420.0,700.0,120500.0
1094,2021-10-21 02:21:07,8420.0,900.0,119800.0
1095,2021-10-21 02:20:48,8410.0,400.0,118900.0
1096,2021-10-21 02:20:48,8410.0,100.0,118500.0
1097,2021-10-21 02:20:45,8410.0,1000.0,118400.0
1098,2021-10-21 02:20:35,8410.0,2400.0,117400.0
1099,2021-10-21 02:20:26,8450.0,4000.0,115000.0
1100,2021-10-21 02:20:20,8450.0,23800.0,111000.0
1101,2021-10-21 02:20:20,8430.0,7000.0,87200.0
1102,2021-10-21 02:20:20,8420.0,2000.0,80200.0
1103,2021-10-21 02:20:20,8410.0,1000.0,78200.0
1104,2021-10-21 02:20:20,8400.0,500.0,77200.0
1105,2021-10-21 02:20:20,8400.0,700.0,76700.0
1106,2021-10-21 02:20:20,8400.0,10000.0,76000.0
1107,2021-10-21 02:20:20,8400.0,3500.0,66000.0
1108,2021-10-21 02:20:20,8390.0,1500.0,62500.0
1109,2021-10-21 02:20:16,8400.0,1200.0,61000.0
1110,2021-10-21 02:20:11,8380.0,400.0,59800.0
1111,2021-10-21 02:20:09,8380.0,1000.0,59400.0
1112,2021-10-21 02:20:04,8360.0,100.0,58400.0
1113,2021-10-21 02:20:03,8400.0,300.0,58300.0
1114,2021-10-21 02:20:03,8400.0,500.0,58000.0
1115,2021-10-21 02:20:03,8400.0,200.0,57500.0
1116,2021-10-21 02:20:03,8400.0,1000.0,57300.0
1117,2021-10-21 02:20:03,8400.0,500.0,56300.0
1118,2021-10-21 02:20:03,8400.0,200.0,55800.0
1119,2021-10-21 02:20:03,8400.0,100.0,55600.0
1120,2021-10-21 02:20:03,8390.0,100.0,55500.0
1121,2021-10-21 02:20:03,8390.0,2600.0,55400.0
1122,2021-10-21 02:20:03,8380.0,2500.0,52800.0
1123,2021-10-21 02:20:03,8360.0,2000.0,50300.0
1124,2021-10-21 02:20:03,8350.0,100.0,48300.0
1125,2021-10-21 02:19:58,8350.0,100.0,48200.0
1126,2021-10-21 02:19:58,8350.0,400.0,48100.0
1127,2021-10-21 02:19:55,8350.0,200.0,47700.0
1128,2021-10-21 02:19:55,8350.0,800.0,47500.0
1129,2021-10-21 02:19:43,8340.0,600.0,46700.0
1130,2021-10-21 02:19:39,8340.0,400.0,46100.0
1131,2021-10-21 02:19:39,8340.0,1000.0,45700.0
1132,2021-10-21 02:19:31,8330.0,400.0,44700.0
1133,2021-10-21 02:19:27,8330.0,900.0,44300.0
1134,2021-10-21 02:19:26,8330.0,300.0,43400.0
1135,2021-10-21 02:19:26,8330.0,700.0,43100.0
1136,2021-10-21 02:19:24,8330.0,500.0,42400.0
1137,2021-10-21 02:19:22,8330.0,100.0,41900.0
1138,2021-10-21 02:19:19,8330.0,300.0,41800.0
1139,2021-10-21 02:19:17,8320.0,1000.0,41500.0
1140,2021-10-21 02:19:11,8320.0,1100.0,40500.0
1141,2021-10-21 02:19:08,8320.0,900.0,39400.0
1142,2021-10-21 02:19:08,8320.0,100.0,38500.0
1143,2021-10-21 02:18:57,8310.0,400.0,38400.0
1144,2021-10-21 02:18:57,8310.0,200.0,38000.0
1145,2021-10-21 02:18:57,8310.0,400.0,37800.0
1146,2021-10-21 02:18:56,8320.0,600.0,37400.0
1147,2021-10-21 02:18:52,8310.0,400.0,36800.0
1148,2021-10-21 02:18:52,8310.0,200.0,36400.0
1149,2021-10-21 02:18:48,8310.0,500.0,36200.0
1150,2021-10-21 02:18:40,8310.0,200.0,35700.0
1151,2021-10-21 02:18:13,8300.0,800.0,35500.0
1152,2021-10-21 02:18:13,8300.0,2200.0,34700.0
1153,2021-10-21 02:18:07,8300.0,800.0,32500.0
1154,2021-10-21 02:18:07,8300.0,200.0,31700.0
1155,2021-10-21 02:18:01,8300.0,800.0,31500.0
1156,2021-10-21 02:17:54,8300.0,200.0,30700.0
1157,2021-10-21 02:17:53,8290.0,3000.0,30500.0
1158,2021-10-21 02:17:45,8290.0,100.0,27500.0
1159,2021-10-21 02:17:35,8290.0,1800.0,27400.0
1160,2021-10-21 02:17:19,8290.0,200.0,25600.0
1161,2021-10-21 02:16:44,8290.0,900.0,25400.0
1162,2021-10-21 02:16:26,8300.0,100.0,24500.0
1163,2021-10-21 02:15:58,8300.0,600.0,24400.0
1164,2021-10-21 02:15:49,8300.0,1000.0,23800.0
1165,2021-10-21 02:15:41,8300.0,1400.0,22800.0
1166,2021-10-21 02:15:41,8300.0,100.0,21400.0
1167,2021-10-21 02:15:41,8300.0,600.0,21300.0
1168,2021-10-21 02:15:41,8300.0,200.0,20700.0
1169,2021-10-21 02:15:17,8300.0,1000.0,20500.0
1170,2021-10-21 02:15:17,8300.0,1000.0,19500.0
1171,2021-10-21 02:15:07,8320.0,300.0,18500.0
1172,2021-10-21 02:15:00,8350.0,300.0,18200.0
1173,2021-10-21 02:15:00,8350.0,100.0,17900.0
1174,2021-10-21 02:15:00,8350.0,1800.0,17800.0
1175,2021-10-21 02:15:00,8350.0,4600.0,16000.0
1176,2021-10-21 02:15:00,8350.0,1600.0,11400.0
1177,2021-10-21 02:15:00,8350.0,1400.0,9800.0
1178,2021-10-21 02:15:00,8350.0,600.0,8400.0
1179,2021-10-21 02:15:00,8350.0,200.0,7800.0
1180,2021-10-21 02:15:00,8350.0,200.0,7600.0
1181,2021-10-21 02:15:00,8350.0,100.0,7400.0
1182,2021-10-21 02:15:00,8350.0,700.0,7300.0
1183,2021-10-21 02:15:00,8350.0,100.0,6600.0
1184,2021-10-21 02:15:00,8350.0,1200.0,6500.0
1185,2021-10-21 02:15:00,8350.0,1800.0,5300.0
1186,2021-10-21 02:15:00,8350.0,3000.0,3500.0
1187,2021-10-21 02:15:00,8350.0,200.0,500.0
1188,2021-10-21 02:15:00,8350.0,300.0,300.0
