,Time,Price,Volume_per_trade,Volume
0,2021-10-18 07:45:01,24650.0,1000.0,4202200.0
1,2021-10-18 07:45:01,24650.0,500.0,4201200.0
2,2021-10-18 07:45:01,24650.0,7000.0,4200700.0
3,2021-10-18 07:45:01,24650.0,100.0,4193700.0
4,2021-10-18 07:45:01,24650.0,200.0,4193600.0
5,2021-10-18 07:45:01,24650.0,600.0,4193400.0
6,2021-10-18 07:45:01,24650.0,200.0,4192800.0
7,2021-10-18 07:45:01,24650.0,300.0,4192600.0
8,2021-10-18 07:45:01,24650.0,500.0,4192300.0
9,2021-10-18 07:45:01,24650.0,8000.0,4191800.0
10,2021-10-18 07:45:01,24650.0,2200.0,4183800.0
11,2021-10-18 07:45:01,24650.0,600.0,4181600.0
12,2021-10-18 07:45:01,24650.0,600.0,4181000.0
13,2021-10-18 07:45:01,24650.0,700.0,4180400.0
14,2021-10-18 07:45:01,24650.0,500.0,4179700.0
15,2021-10-18 07:45:01,24650.0,4100.0,4179200.0
16,2021-10-18 07:45:01,24650.0,100.0,4175100.0
17,2021-10-18 07:45:01,24650.0,700.0,4175000.0
18,2021-10-18 07:45:01,24650.0,200.0,4174300.0
19,2021-10-18 07:45:01,24650.0,1000.0,4174100.0
20,2021-10-18 07:45:01,24650.0,6000.0,4173100.0
21,2021-10-18 07:45:01,24650.0,300.0,4167100.0
22,2021-10-18 07:45:01,24650.0,100.0,4166800.0
23,2021-10-18 07:45:01,24650.0,100.0,4166700.0
24,2021-10-18 07:45:01,24650.0,2000.0,4166600.0
25,2021-10-18 07:45:01,24650.0,7000.0,4164600.0
26,2021-10-18 07:45:01,24650.0,1000.0,4157600.0
27,2021-10-18 07:45:01,24650.0,300.0,4156600.0
28,2021-10-18 07:45:01,24650.0,100.0,4156300.0
29,2021-10-18 07:45:01,24650.0,30000.0,4156200.0
30,2021-10-18 07:45:01,24650.0,1000.0,4126200.0
31,2021-10-18 07:45:01,24650.0,1000.0,4125200.0
32,2021-10-18 07:45:01,24650.0,5000.0,4124200.0
33,2021-10-18 07:45:01,24650.0,4800.0,4119200.0
34,2021-10-18 07:45:01,24650.0,13800.0,4114400.0
35,2021-10-18 07:45:01,24650.0,10000.0,4100600.0
36,2021-10-18 07:45:01,24650.0,44000.0,4090600.0
37,2021-10-18 07:45:01,24650.0,9200.0,4046600.0
38,2021-10-18 07:45:01,24650.0,6500.0,4037400.0
39,2021-10-18 07:45:01,24650.0,200.0,4030900.0
40,2021-10-18 07:45:01,24650.0,500.0,4030700.0
41,2021-10-18 07:45:01,24650.0,700.0,4030200.0
42,2021-10-18 07:45:01,24650.0,3000.0,4029500.0
43,2021-10-18 07:45:01,24650.0,1000.0,4026500.0
44,2021-10-18 07:45:01,24650.0,1000.0,4025500.0
45,2021-10-18 07:45:01,24650.0,5000.0,4024500.0
46,2021-10-18 07:45:01,24650.0,200.0,4019500.0
47,2021-10-18 07:45:01,24650.0,200.0,4019300.0
48,2021-10-18 07:45:01,24650.0,5000.0,4019100.0
49,2021-10-18 07:45:01,24650.0,3000.0,4014100.0
50,2021-10-18 07:45:01,24650.0,6000.0,4011100.0
51,2021-10-18 07:45:01,24650.0,1000.0,4005100.0
52,2021-10-18 07:45:01,24650.0,5700.0,4004100.0
53,2021-10-18 07:45:01,24650.0,1300.0,3998400.0
54,2021-10-18 07:45:01,24650.0,200.0,3997100.0
55,2021-10-18 07:45:01,24650.0,200.0,3996900.0
56,2021-10-18 07:45:01,24650.0,3600.0,3996700.0
57,2021-10-18 07:45:01,24650.0,1400.0,3993100.0
58,2021-10-18 07:45:01,24650.0,5000.0,3991700.0
59,2021-10-18 07:45:01,24650.0,1000.0,3986700.0
60,2021-10-18 07:45:01,24650.0,200.0,3985700.0
61,2021-10-18 07:45:01,24650.0,500.0,3985500.0
62,2021-10-18 07:45:01,24650.0,400.0,3985000.0
63,2021-10-18 07:45:01,24650.0,10000.0,3984600.0
64,2021-10-18 07:45:01,24650.0,2000.0,3974600.0
65,2021-10-18 07:45:01,24650.0,400.0,3972600.0
66,2021-10-18 07:45:01,24650.0,600.0,3972200.0
67,2021-10-18 07:45:01,24650.0,4000.0,3971600.0
68,2021-10-18 07:45:01,24650.0,2000.0,3967600.0
69,2021-10-18 07:45:01,24650.0,500.0,3965600.0
70,2021-10-18 07:45:01,24650.0,2900.0,3965100.0
71,2021-10-18 07:45:01,24650.0,2000.0,3962200.0
72,2021-10-18 07:45:01,24650.0,6300.0,3960200.0
73,2021-10-18 07:45:01,24650.0,500.0,3953900.0
74,2021-10-18 07:45:01,24650.0,10000.0,3953400.0
75,2021-10-18 07:45:01,24650.0,100.0,3943400.0
76,2021-10-18 07:45:01,24650.0,200.0,3943300.0
77,2021-10-18 07:45:01,24650.0,8000.0,3943100.0
78,2021-10-18 07:45:01,24650.0,2000.0,3935100.0
79,2021-10-18 07:45:01,24650.0,1200.0,3933100.0
80,2021-10-18 07:45:01,24650.0,1000.0,3931900.0
81,2021-10-18 07:45:01,24650.0,200.0,3930900.0
82,2021-10-18 07:45:01,24650.0,300.0,3930700.0
83,2021-10-18 07:45:01,24650.0,200.0,3930400.0
84,2021-10-18 07:45:01,24650.0,300.0,3930200.0
85,2021-10-18 07:45:01,24650.0,700.0,3929900.0
86,2021-10-18 07:45:01,24650.0,200.0,3929200.0
87,2021-10-18 07:45:01,24650.0,700.0,3929000.0
88,2021-10-18 07:45:01,24650.0,100.0,3928300.0
89,2021-10-18 07:45:01,24650.0,4200.0,3928200.0
90,2021-10-18 07:45:01,24650.0,1500.0,3924000.0
91,2021-10-18 07:45:01,24650.0,3000.0,3922500.0
92,2021-10-18 07:45:01,24650.0,1000.0,3919500.0
93,2021-10-18 07:45:01,24650.0,100.0,3918500.0
94,2021-10-18 07:45:01,24650.0,100.0,3918400.0
95,2021-10-18 07:45:01,24650.0,200.0,3918300.0
96,2021-10-18 07:45:01,24650.0,100.0,3918100.0
97,2021-10-18 07:45:01,24650.0,200.0,3918000.0
98,2021-10-18 07:45:01,24650.0,9600.0,3917800.0
99,2021-10-18 07:45:01,24650.0,400.0,3908200.0
100,2021-10-18 07:45:01,24650.0,100.0,3907800.0
101,2021-10-18 07:45:01,24650.0,200.0,3907700.0
102,2021-10-18 07:45:01,24650.0,300.0,3907500.0
103,2021-10-18 07:45:01,24650.0,100.0,3907200.0
104,2021-10-18 07:45:01,24650.0,1000.0,3907100.0
105,2021-10-18 07:45:01,24650.0,200.0,3906100.0
106,2021-10-18 07:45:01,24650.0,2000.0,3905900.0
107,2021-10-18 07:45:01,24650.0,200.0,3903900.0
108,2021-10-18 07:45:01,24650.0,100.0,3903700.0
109,2021-10-18 07:45:01,24650.0,400.0,3903600.0
110,2021-10-18 07:45:01,24650.0,100.0,3903200.0
111,2021-10-18 07:45:01,24650.0,100.0,3903100.0
112,2021-10-18 07:45:01,24650.0,4000.0,3903000.0
113,2021-10-18 07:45:01,24650.0,1500.0,3899000.0
114,2021-10-18 07:45:01,24650.0,9300.0,3897500.0
115,2021-10-18 07:45:01,24650.0,600.0,3888200.0
116,2021-10-18 07:45:01,24650.0,100.0,3887600.0
117,2021-10-18 07:45:01,24650.0,100.0,3887500.0
118,2021-10-18 07:45:01,24650.0,100.0,3887400.0
119,2021-10-18 07:29:55,24550.0,500.0,3887300.0
120,2021-10-18 07:29:54,24600.0,100.0,3886800.0
121,2021-10-18 07:29:49,24600.0,300.0,3886700.0
122,2021-10-18 07:29:48,24600.0,400.0,3886400.0
123,2021-10-18 07:29:46,24550.0,400.0,3886000.0
124,2021-10-18 07:29:46,24550.0,200.0,3885600.0
125,2021-10-18 07:29:46,24550.0,100.0,3885400.0
126,2021-10-18 07:29:46,24550.0,2000.0,3885300.0
127,2021-10-18 07:29:46,24550.0,100.0,3883300.0
128,2021-10-18 07:29:46,24550.0,500.0,3883200.0
129,2021-10-18 07:29:46,24550.0,500.0,3882700.0
130,2021-10-18 07:29:46,24550.0,100.0,3882200.0
131,2021-10-18 07:29:46,24550.0,100.0,3882100.0
132,2021-10-18 07:29:46,24550.0,300.0,3882000.0
133,2021-10-18 07:29:46,24550.0,100.0,3881700.0
134,2021-10-18 07:29:46,24550.0,100.0,3881600.0
135,2021-10-18 07:29:44,24600.0,100.0,3881500.0
136,2021-10-18 07:29:44,24600.0,200.0,3881400.0
137,2021-10-18 07:29:43,24600.0,500.0,3881200.0
138,2021-10-18 07:29:43,24600.0,300.0,3880700.0
139,2021-10-18 07:29:42,24600.0,1000.0,3880400.0
140,2021-10-18 07:29:40,24600.0,1000.0,3879400.0
141,2021-10-18 07:29:40,24600.0,20000.0,3878400.0
142,2021-10-18 07:29:40,24600.0,100.0,3858400.0
143,2021-10-18 07:29:40,24600.0,100.0,3858300.0
144,2021-10-18 07:29:40,24600.0,200.0,3858200.0
145,2021-10-18 07:29:40,24600.0,100.0,3858000.0
146,2021-10-18 07:29:40,24600.0,300.0,3857900.0
147,2021-10-18 07:29:40,24600.0,200.0,3857600.0
148,2021-10-18 07:29:40,24600.0,100.0,3857400.0
149,2021-10-18 07:29:40,24600.0,2000.0,3857300.0
150,2021-10-18 07:29:40,24600.0,500.0,3855300.0
151,2021-10-18 07:29:40,24600.0,1000.0,3854800.0
152,2021-10-18 07:29:40,24600.0,10000.0,3853800.0
153,2021-10-18 07:29:40,24600.0,200.0,3843800.0
154,2021-10-18 07:29:40,24600.0,2000.0,3843600.0
155,2021-10-18 07:29:40,24600.0,200.0,3841600.0
156,2021-10-18 07:29:40,24600.0,100.0,3841400.0
157,2021-10-18 07:29:40,24600.0,100.0,3841300.0
158,2021-10-18 07:29:40,24600.0,200.0,3841200.0
159,2021-10-18 07:29:40,24600.0,500.0,3841000.0
160,2021-10-18 07:29:40,24600.0,100.0,3840500.0
161,2021-10-18 07:29:40,24600.0,100.0,3840400.0
162,2021-10-18 07:29:40,24600.0,900.0,3840300.0
163,2021-10-18 07:29:40,24600.0,1000.0,3839400.0
164,2021-10-18 07:29:40,24600.0,1000.0,3838400.0
165,2021-10-18 07:29:40,24600.0,100.0,3837400.0
166,2021-10-18 07:29:40,24600.0,1000.0,3837300.0
167,2021-10-18 07:29:40,24600.0,100.0,3836300.0
168,2021-10-18 07:29:40,24600.0,200.0,3836200.0
169,2021-10-18 07:29:36,24650.0,200.0,3836000.0
170,2021-10-18 07:29:35,24600.0,200.0,3835800.0
171,2021-10-18 07:29:35,24650.0,500.0,3835600.0
172,2021-10-18 07:29:32,24650.0,1000.0,3835100.0
173,2021-10-18 07:29:31,24650.0,1000.0,3834100.0
174,2021-10-18 07:29:31,24600.0,100.0,3833100.0
175,2021-10-18 07:29:31,24600.0,500.0,3833000.0
176,2021-10-18 07:29:31,24600.0,1000.0,3832500.0
177,2021-10-18 07:29:31,24600.0,1000.0,3831500.0
178,2021-10-18 07:29:31,24600.0,1000.0,3830500.0
179,2021-10-18 07:29:31,24600.0,1400.0,3829500.0
180,2021-10-18 07:29:28,24600.0,200.0,3828100.0
181,2021-10-18 07:29:28,24650.0,100.0,3827900.0
182,2021-10-18 07:29:20,24650.0,1000.0,3827800.0
183,2021-10-18 07:29:16,24600.0,400.0,3826800.0
184,2021-10-18 07:29:16,24600.0,100.0,3826400.0
185,2021-10-18 07:29:16,24600.0,300.0,3826300.0
186,2021-10-18 07:29:16,24600.0,200.0,3826000.0
187,2021-10-18 07:29:16,24600.0,200.0,3825800.0
188,2021-10-18 07:29:16,24600.0,300.0,3825600.0
189,2021-10-18 07:29:16,24600.0,200.0,3825300.0
190,2021-10-18 07:29:16,24600.0,200.0,3825100.0
191,2021-10-18 07:29:16,24600.0,1000.0,3824900.0
192,2021-10-18 07:29:16,24600.0,100.0,3823900.0
193,2021-10-18 07:29:16,24600.0,100.0,3823800.0
194,2021-10-18 07:29:16,24600.0,500.0,3823700.0
195,2021-10-18 07:29:16,24600.0,400.0,3823200.0
196,2021-10-18 07:29:12,24600.0,1600.0,3822800.0
197,2021-10-18 07:29:12,24600.0,400.0,3821200.0
198,2021-10-18 07:29:12,24600.0,600.0,3820800.0
199,2021-10-18 07:29:12,24600.0,500.0,3820200.0
200,2021-10-18 07:29:12,24600.0,100.0,3819700.0
201,2021-10-18 07:29:12,24600.0,100.0,3819600.0
202,2021-10-18 07:29:12,24600.0,100.0,3819500.0
203,2021-10-18 07:29:12,24600.0,1000.0,3819400.0
204,2021-10-18 07:29:12,24600.0,100.0,3818400.0
205,2021-10-18 07:29:12,24600.0,100.0,3818300.0
206,2021-10-18 07:29:12,24600.0,100.0,3818200.0
207,2021-10-18 07:29:12,24600.0,800.0,3818100.0
208,2021-10-18 07:29:12,24600.0,200.0,3817300.0
209,2021-10-18 07:29:12,24600.0,100.0,3817100.0
210,2021-10-18 07:29:12,24600.0,500.0,3817000.0
211,2021-10-18 07:29:12,24600.0,200.0,3816500.0
212,2021-10-18 07:29:12,24600.0,1400.0,3816300.0
213,2021-10-18 07:29:12,24600.0,1000.0,3814900.0
214,2021-10-18 07:29:12,24600.0,1000.0,3813900.0
215,2021-10-18 07:29:12,24600.0,300.0,3812900.0
216,2021-10-18 07:29:12,24600.0,200.0,3812600.0
217,2021-10-18 07:29:12,24600.0,100.0,3812400.0
218,2021-10-18 07:29:12,24600.0,30000.0,3812300.0
219,2021-10-18 07:29:12,24600.0,3000.0,3782300.0
220,2021-10-18 07:29:12,24600.0,100.0,3779300.0
221,2021-10-18 07:29:12,24600.0,100.0,3779200.0
222,2021-10-18 07:29:12,24600.0,500.0,3779100.0
223,2021-10-18 07:29:12,24600.0,100.0,3778600.0
224,2021-10-18 07:29:12,24600.0,500.0,3778500.0
225,2021-10-18 07:29:12,24600.0,10000.0,3778000.0
226,2021-10-18 07:29:12,24600.0,500.0,3768000.0
227,2021-10-18 07:29:12,24600.0,1000.0,3767500.0
228,2021-10-18 07:29:12,24600.0,200.0,3766500.0
229,2021-10-18 07:29:12,24600.0,700.0,3766300.0
230,2021-10-18 07:29:12,24600.0,1400.0,3765600.0
231,2021-10-18 07:29:12,24600.0,1000.0,3764200.0
232,2021-10-18 07:29:12,24600.0,1000.0,3763200.0
233,2021-10-18 07:29:12,24600.0,100.0,3762200.0
234,2021-10-18 07:29:12,24600.0,500.0,3762100.0
235,2021-10-18 07:29:12,24600.0,500.0,3761600.0
236,2021-10-18 07:29:12,24600.0,500.0,3761100.0
237,2021-10-18 07:29:12,24600.0,100.0,3760600.0
238,2021-10-18 07:29:12,24600.0,200.0,3760500.0
239,2021-10-18 07:29:12,24600.0,100.0,3760300.0
240,2021-10-18 07:29:12,24600.0,1000.0,3760200.0
241,2021-10-18 07:29:12,24600.0,200.0,3759200.0
242,2021-10-18 07:29:12,24600.0,500.0,3759000.0
243,2021-10-18 07:29:12,24600.0,100.0,3758500.0
244,2021-10-18 07:29:12,24600.0,2600.0,3758400.0
245,2021-10-18 07:29:12,24600.0,100.0,3755800.0
246,2021-10-18 07:29:12,24600.0,500.0,3755700.0
247,2021-10-18 07:29:12,24600.0,100.0,3755200.0
248,2021-10-18 07:29:12,24600.0,1100.0,3755100.0
249,2021-10-18 07:29:11,24650.0,2000.0,3754000.0
250,2021-10-18 07:29:07,24600.0,1900.0,3752000.0
251,2021-10-18 07:29:07,24600.0,100.0,3750100.0
252,2021-10-18 07:29:07,24600.0,300.0,3750000.0
253,2021-10-18 07:29:07,24600.0,1000.0,3749700.0
254,2021-10-18 07:29:07,24600.0,500.0,3748700.0
255,2021-10-18 07:29:07,24600.0,600.0,3748200.0
256,2021-10-18 07:29:07,24600.0,200.0,3747600.0
257,2021-10-18 07:29:07,24600.0,400.0,3747400.0
258,2021-10-18 07:29:03,24650.0,15000.0,3747000.0
259,2021-10-18 07:29:02,24600.0,100.0,3732000.0
260,2021-10-18 07:29:02,24600.0,500.0,3731900.0
261,2021-10-18 07:29:02,24600.0,1000.0,3731400.0
262,2021-10-18 07:29:02,24600.0,300.0,3730400.0
263,2021-10-18 07:29:02,24600.0,100.0,3730100.0
264,2021-10-18 07:29:02,24600.0,300.0,3730000.0
265,2021-10-18 07:29:00,24650.0,100.0,3729700.0
266,2021-10-18 07:28:55,24650.0,500.0,3729600.0
267,2021-10-18 07:28:51,24650.0,1000.0,3729100.0
268,2021-10-18 07:28:48,24600.0,300.0,3728100.0
269,2021-10-18 07:28:48,24600.0,300.0,3727800.0
270,2021-10-18 07:28:48,24600.0,100.0,3727500.0
271,2021-10-18 07:28:48,24600.0,500.0,3727400.0
272,2021-10-18 07:28:48,24600.0,200.0,3726900.0
273,2021-10-18 07:28:48,24600.0,500.0,3726700.0
274,2021-10-18 07:28:48,24600.0,100.0,3726200.0
275,2021-10-18 07:28:44,24650.0,6100.0,3726100.0
276,2021-10-18 07:28:44,24650.0,2000.0,3720000.0
277,2021-10-18 07:28:44,24650.0,1900.0,3718000.0
278,2021-10-18 07:28:42,24650.0,200.0,3716100.0
279,2021-10-18 07:28:39,24650.0,1000.0,3715900.0
280,2021-10-18 07:28:39,24650.0,100.0,3714900.0
281,2021-10-18 07:28:36,24650.0,100.0,3714800.0
282,2021-10-18 07:28:35,24650.0,200.0,3714700.0
283,2021-10-18 07:28:31,24650.0,500.0,3714500.0
284,2021-10-18 07:28:30,24600.0,100.0,3714000.0
285,2021-10-18 07:28:30,24600.0,500.0,3713900.0
286,2021-10-18 07:28:30,24600.0,2000.0,3713400.0
287,2021-10-18 07:28:30,24600.0,100.0,3711400.0
288,2021-10-18 07:28:30,24600.0,100.0,3711300.0
289,2021-10-18 07:28:30,24600.0,1000.0,3711200.0
290,2021-10-18 07:28:30,24600.0,100.0,3710200.0
291,2021-10-18 07:28:30,24600.0,2000.0,3710100.0
292,2021-10-18 07:28:30,24600.0,100.0,3708100.0
293,2021-10-18 07:28:30,24600.0,1000.0,3708000.0
294,2021-10-18 07:28:30,24600.0,1000.0,3707000.0
295,2021-10-18 07:28:30,24650.0,15000.0,3706000.0
296,2021-10-18 07:28:30,24650.0,1000.0,3691000.0
297,2021-10-18 07:28:30,24650.0,100.0,3690000.0
298,2021-10-18 07:28:30,24650.0,200.0,3689900.0
299,2021-10-18 07:28:30,24650.0,100.0,3689700.0
300,2021-10-18 07:28:30,24650.0,200.0,3689600.0
301,2021-10-18 07:28:30,24650.0,3000.0,3689400.0
302,2021-10-18 07:28:30,24650.0,100.0,3686400.0
303,2021-10-18 07:28:30,24650.0,200.0,3686300.0
304,2021-10-18 07:28:30,24650.0,3000.0,3686100.0
305,2021-10-18 07:28:30,24650.0,500.0,3683100.0
306,2021-10-18 07:28:30,24650.0,800.0,3682600.0
307,2021-10-18 07:28:30,24650.0,300.0,3681800.0
308,2021-10-18 07:28:30,24650.0,2000.0,3681500.0
309,2021-10-18 07:28:30,24650.0,400.0,3679500.0
310,2021-10-18 07:28:30,24650.0,100.0,3679100.0
311,2021-10-18 07:28:18,24650.0,2500.0,3679000.0
312,2021-10-18 07:28:17,24650.0,400.0,3676500.0
313,2021-10-18 07:28:17,24650.0,1000.0,3676100.0
314,2021-10-18 07:28:17,24650.0,1100.0,3675100.0
315,2021-10-18 07:28:14,24650.0,100.0,3674000.0
316,2021-10-18 07:28:11,24650.0,2000.0,3673900.0
317,2021-10-18 07:28:06,24650.0,1000.0,3671900.0
318,2021-10-18 07:28:02,24650.0,100.0,3670900.0
319,2021-10-18 07:28:00,24700.0,1000.0,3670800.0
320,2021-10-18 07:27:58,24650.0,2000.0,3669800.0
321,2021-10-18 07:27:54,24650.0,2000.0,3667800.0
322,2021-10-18 07:27:40,24650.0,3300.0,3665800.0
323,2021-10-18 07:27:40,24650.0,19000.0,3662500.0
324,2021-10-18 07:27:40,24650.0,100.0,3643500.0
325,2021-10-18 07:27:40,24650.0,100.0,3643400.0
326,2021-10-18 07:27:40,24650.0,500.0,3643300.0
327,2021-10-18 07:27:40,24650.0,2000.0,3642800.0
328,2021-10-18 07:27:40,24650.0,1000.0,3640800.0
329,2021-10-18 07:27:40,24650.0,200.0,3639800.0
330,2021-10-18 07:27:40,24650.0,1300.0,3639600.0
331,2021-10-18 07:27:40,24650.0,2000.0,3638300.0
332,2021-10-18 07:27:40,24650.0,100.0,3636300.0
333,2021-10-18 07:27:40,24650.0,500.0,3636200.0
334,2021-10-18 07:27:40,24650.0,100.0,3635700.0
335,2021-10-18 07:27:40,24650.0,200.0,3635600.0
336,2021-10-18 07:27:40,24650.0,300.0,3635400.0
337,2021-10-18 07:27:40,24650.0,100.0,3635100.0
338,2021-10-18 07:27:40,24650.0,500.0,3635000.0
339,2021-10-18 07:27:40,24650.0,200.0,3634500.0
340,2021-10-18 07:27:40,24650.0,200.0,3634300.0
341,2021-10-18 07:27:40,24650.0,500.0,3634100.0
342,2021-10-18 07:27:40,24650.0,500.0,3633600.0
343,2021-10-18 07:27:40,24650.0,300.0,3633100.0
344,2021-10-18 07:27:40,24650.0,1000.0,3632800.0
345,2021-10-18 07:27:40,24650.0,1000.0,3631800.0
346,2021-10-18 07:27:40,24650.0,200.0,3630800.0
347,2021-10-18 07:27:40,24650.0,100.0,3630600.0
348,2021-10-18 07:27:40,24650.0,2000.0,3630500.0
349,2021-10-18 07:27:40,24650.0,1100.0,3628500.0
350,2021-10-18 07:27:32,24700.0,300.0,3627400.0
351,2021-10-18 07:27:32,24700.0,300.0,3627100.0
352,2021-10-18 07:27:27,24650.0,700.0,3626800.0
353,2021-10-18 07:27:21,24650.0,300.0,3626100.0
354,2021-10-18 07:27:21,24650.0,500.0,3625800.0
355,2021-10-18 07:27:21,24650.0,200.0,3625300.0
356,2021-10-18 07:27:21,24650.0,100.0,3625100.0
357,2021-10-18 07:27:21,24650.0,900.0,3625000.0
358,2021-10-18 07:27:21,24650.0,200.0,3624100.0
359,2021-10-18 07:27:21,24650.0,5000.0,3623900.0
360,2021-10-18 07:27:21,24650.0,100.0,3618900.0
361,2021-10-18 07:27:21,24650.0,2200.0,3618800.0
362,2021-10-18 07:27:18,24700.0,2000.0,3616600.0
363,2021-10-18 07:27:01,24650.0,200.0,3614600.0
364,2021-10-18 07:26:57,24650.0,100.0,3614400.0
365,2021-10-18 07:26:57,24650.0,100.0,3614300.0
366,2021-10-18 07:26:57,24650.0,300.0,3614200.0
367,2021-10-18 07:26:51,24700.0,200.0,3613900.0
368,2021-10-18 07:26:51,24650.0,200.0,3613700.0
369,2021-10-18 07:26:51,24650.0,2000.0,3613500.0
370,2021-10-18 07:26:51,24650.0,200.0,3611500.0
371,2021-10-18 07:26:51,24650.0,100.0,3611300.0
372,2021-10-18 07:26:34,24700.0,500.0,3611200.0
373,2021-10-18 07:26:31,24650.0,10000.0,3610700.0
374,2021-10-18 07:26:14,24700.0,700.0,3600700.0
375,2021-10-18 07:26:14,24700.0,100.0,3600000.0
376,2021-10-18 07:26:14,24700.0,100.0,3599900.0
377,2021-10-18 07:26:14,24700.0,2000.0,3599800.0
378,2021-10-18 07:26:14,24700.0,200.0,3597800.0
379,2021-10-18 07:26:14,24700.0,400.0,3597600.0
380,2021-10-18 07:26:14,24700.0,100.0,3597200.0
381,2021-10-18 07:26:14,24700.0,500.0,3597100.0
382,2021-10-18 07:26:14,24700.0,200.0,3596600.0
383,2021-10-18 07:26:14,24700.0,1000.0,3596400.0
384,2021-10-18 07:26:14,24700.0,2000.0,3595400.0
385,2021-10-18 07:26:10,24700.0,3000.0,3593400.0
386,2021-10-18 07:26:10,24700.0,100.0,3590400.0
387,2021-10-18 07:26:10,24700.0,200.0,3590300.0
388,2021-10-18 07:26:10,24700.0,5000.0,3590100.0
389,2021-10-18 07:26:10,24700.0,1000.0,3585100.0
390,2021-10-18 07:26:10,24700.0,100.0,3584100.0
391,2021-10-18 07:26:10,24700.0,2000.0,3584000.0
392,2021-10-18 07:26:10,24700.0,400.0,3582000.0
393,2021-10-18 07:26:10,24700.0,200.0,3581600.0
394,2021-10-18 07:26:10,24700.0,17500.0,3581400.0
395,2021-10-18 07:26:10,24700.0,100.0,3563900.0
396,2021-10-18 07:26:10,24700.0,1000.0,3563800.0
397,2021-10-18 07:26:10,24700.0,100.0,3562800.0
398,2021-10-18 07:26:10,24700.0,2000.0,3562700.0
399,2021-10-18 07:26:10,24700.0,3000.0,3560700.0
400,2021-10-18 07:26:10,24700.0,200.0,3557700.0
401,2021-10-18 07:26:10,24700.0,100.0,3557500.0
402,2021-10-18 07:26:10,24700.0,200.0,3557400.0
403,2021-10-18 07:26:10,24700.0,1200.0,3557200.0
404,2021-10-18 07:26:10,24700.0,500.0,3556000.0
405,2021-10-18 07:26:10,24700.0,1000.0,3555500.0
406,2021-10-18 07:26:10,24700.0,400.0,3554500.0
407,2021-10-18 07:26:10,24700.0,1000.0,3554100.0
408,2021-10-18 07:26:10,24700.0,1000.0,3553100.0
409,2021-10-18 07:26:10,24700.0,1000.0,3552100.0
410,2021-10-18 07:26:10,24700.0,500.0,3551100.0
411,2021-10-18 07:26:10,24700.0,5000.0,3550600.0
412,2021-10-18 07:26:10,24700.0,500.0,3545600.0
413,2021-10-18 07:26:10,24700.0,100.0,3545100.0
414,2021-10-18 07:26:10,24700.0,500.0,3545000.0
415,2021-10-18 07:26:10,24700.0,1100.0,3544500.0
416,2021-10-18 07:26:06,24700.0,200.0,3543400.0
417,2021-10-18 07:25:58,24700.0,2000.0,3543200.0
418,2021-10-18 07:25:55,24700.0,600.0,3541200.0
419,2021-10-18 07:25:29,24700.0,200.0,3540600.0
420,2021-10-18 07:25:26,24700.0,100.0,3540400.0
421,2021-10-18 07:25:20,24700.0,800.0,3540300.0
422,2021-10-18 07:25:20,24700.0,200.0,3539500.0
423,2021-10-18 07:25:10,24700.0,400.0,3539300.0
424,2021-10-18 07:25:10,24700.0,100.0,3538900.0
425,2021-10-18 07:25:09,24750.0,1000.0,3538800.0
426,2021-10-18 07:25:08,24700.0,100.0,3537800.0
427,2021-10-18 07:25:08,24700.0,500.0,3537700.0
428,2021-10-18 07:25:08,24700.0,100.0,3537200.0
429,2021-10-18 07:25:08,24700.0,1300.0,3537100.0
430,2021-10-18 07:25:05,24700.0,100.0,3535800.0
431,2021-10-18 07:25:02,24700.0,600.0,3535700.0
432,2021-10-18 07:25:02,24700.0,5000.0,3535100.0
433,2021-10-18 07:25:02,24700.0,500.0,3530100.0
434,2021-10-18 07:25:02,24700.0,500.0,3529600.0
435,2021-10-18 07:25:02,24700.0,400.0,3529100.0
436,2021-10-18 07:24:55,24700.0,1000.0,3528700.0
437,2021-10-18 07:24:54,24750.0,100.0,3527700.0
438,2021-10-18 07:24:51,24700.0,1400.0,3527600.0
439,2021-10-18 07:24:47,24750.0,700.0,3526200.0
440,2021-10-18 07:24:45,24750.0,1000.0,3525500.0
441,2021-10-18 07:24:43,24750.0,600.0,3524500.0
442,2021-10-18 07:24:43,24750.0,200.0,3523900.0
443,2021-10-18 07:24:43,24750.0,100.0,3523700.0
444,2021-10-18 07:24:43,24750.0,100.0,3523600.0
445,2021-10-18 07:24:40,24700.0,1400.0,3523500.0
446,2021-10-18 07:24:29,24750.0,100.0,3522100.0
447,2021-10-18 07:24:29,24750.0,900.0,3522000.0
448,2021-10-18 07:24:27,24700.0,200.0,3521100.0
449,2021-10-18 07:24:18,24700.0,600.0,3520900.0
450,2021-10-18 07:24:18,24700.0,100.0,3520300.0
451,2021-10-18 07:24:18,24700.0,300.0,3520200.0
452,2021-10-18 07:24:15,24700.0,500.0,3519900.0
453,2021-10-18 07:24:15,24700.0,100.0,3519400.0
454,2021-10-18 07:24:15,24700.0,400.0,3519300.0
455,2021-10-18 07:24:09,24700.0,600.0,3518900.0
456,2021-10-18 07:24:09,24700.0,200.0,3518300.0
457,2021-10-18 07:24:06,24700.0,800.0,3518100.0
458,2021-10-18 07:24:06,24700.0,100.0,3517300.0
459,2021-10-18 07:24:06,24700.0,100.0,3517200.0
460,2021-10-18 07:24:02,24700.0,100.0,3517100.0
461,2021-10-18 07:24:02,24700.0,100.0,3517000.0
462,2021-10-18 07:24:02,24700.0,100.0,3516900.0
463,2021-10-18 07:24:02,24700.0,200.0,3516800.0
464,2021-10-18 07:24:02,24700.0,100.0,3516600.0
465,2021-10-18 07:24:02,24700.0,1000.0,3516500.0
466,2021-10-18 07:24:02,24700.0,300.0,3515500.0
467,2021-10-18 07:24:02,24700.0,200.0,3515200.0
468,2021-10-18 07:24:02,24700.0,100.0,3515000.0
469,2021-10-18 07:24:02,24700.0,5100.0,3514900.0
470,2021-10-18 07:23:57,24750.0,100.0,3509800.0
471,2021-10-18 07:23:51,24700.0,4900.0,3509700.0
472,2021-10-18 07:23:51,24700.0,100.0,3504800.0
473,2021-10-18 07:23:51,24700.0,300.0,3504700.0
474,2021-10-18 07:23:51,24700.0,200.0,3504400.0
475,2021-10-18 07:23:51,24700.0,1000.0,3504200.0
476,2021-10-18 07:23:51,24700.0,1000.0,3503200.0
477,2021-10-18 07:23:51,24700.0,2000.0,3502200.0
478,2021-10-18 07:23:51,24700.0,100.0,3500200.0
479,2021-10-18 07:23:51,24700.0,400.0,3500100.0
480,2021-10-18 07:23:40,24750.0,100.0,3499700.0
481,2021-10-18 07:23:40,24750.0,1900.0,3499600.0
482,2021-10-18 07:23:39,24700.0,100.0,3497700.0
483,2021-10-18 07:23:39,24700.0,500.0,3497600.0
484,2021-10-18 07:23:39,24700.0,200.0,3497100.0
485,2021-10-18 07:23:39,24700.0,200.0,3496900.0
486,2021-10-18 07:23:27,24700.0,800.0,3496700.0
487,2021-10-18 07:23:27,24700.0,100.0,3495900.0
488,2021-10-18 07:23:27,24700.0,100.0,3495800.0
489,2021-10-18 07:23:27,24700.0,100.0,3495700.0
490,2021-10-18 07:23:27,24700.0,600.0,3495600.0
491,2021-10-18 07:23:27,24700.0,2000.0,3495000.0
492,2021-10-18 07:23:27,24700.0,100.0,3493000.0
493,2021-10-18 07:23:27,24700.0,500.0,3492900.0
494,2021-10-18 07:23:27,24700.0,500.0,3492400.0
495,2021-10-18 07:23:27,24700.0,100.0,3491900.0
496,2021-10-18 07:23:27,24700.0,400.0,3491800.0
497,2021-10-18 07:23:27,24700.0,500.0,3491400.0
498,2021-10-18 07:23:27,24700.0,200.0,3490900.0
499,2021-10-18 07:23:27,24700.0,400.0,3490700.0
500,2021-10-18 07:23:27,24700.0,500.0,3490300.0
501,2021-10-18 07:23:27,24700.0,1500.0,3489800.0
502,2021-10-18 07:23:27,24700.0,500.0,3488300.0
503,2021-10-18 07:23:27,24700.0,100.0,3487800.0
504,2021-10-18 07:23:27,24700.0,1000.0,3487700.0
505,2021-10-18 07:23:26,24750.0,200.0,3486700.0
506,2021-10-18 07:23:11,24700.0,200.0,3486500.0
507,2021-10-18 07:23:05,24700.0,300.0,3486300.0
508,2021-10-18 07:23:04,24700.0,900.0,3486000.0
509,2021-10-18 07:22:42,24700.0,1000.0,3485100.0
510,2021-10-18 07:22:27,24700.0,1600.0,3484100.0
511,2021-10-18 07:22:27,24700.0,100.0,3482500.0
512,2021-10-18 07:22:27,24700.0,200.0,3482400.0
513,2021-10-18 07:22:27,24700.0,100.0,3482200.0
514,2021-10-18 07:22:27,24700.0,100.0,3482100.0
515,2021-10-18 07:22:27,24700.0,1500.0,3482000.0
516,2021-10-18 07:22:27,24700.0,200.0,3480500.0
517,2021-10-18 07:22:27,24700.0,300.0,3480300.0
518,2021-10-18 07:22:27,24700.0,100.0,3480000.0
519,2021-10-18 07:22:27,24700.0,100.0,3479900.0
520,2021-10-18 07:22:27,24700.0,500.0,3479800.0
521,2021-10-18 07:22:27,24700.0,100.0,3479300.0
522,2021-10-18 07:22:27,24700.0,100.0,3479200.0
523,2021-10-18 07:22:27,24700.0,100.0,3479100.0
524,2021-10-18 07:22:27,24700.0,4900.0,3479000.0
525,2021-10-18 07:22:25,24700.0,100.0,3474100.0
526,2021-10-18 07:22:25,24700.0,300.0,3474000.0
527,2021-10-18 07:22:25,24750.0,5000.0,3473700.0
528,2021-10-18 07:22:08,24700.0,100.0,3468700.0
529,2021-10-18 07:21:54,24700.0,100.0,3468600.0
530,2021-10-18 07:21:54,24700.0,3000.0,3468500.0
531,2021-10-18 07:21:54,24700.0,1000.0,3465500.0
532,2021-10-18 07:21:54,24700.0,500.0,3464500.0
533,2021-10-18 07:21:54,24700.0,1000.0,3464000.0
534,2021-10-18 07:21:54,24700.0,800.0,3463000.0
535,2021-10-18 07:21:54,24700.0,100.0,3462200.0
536,2021-10-18 07:21:54,24700.0,2600.0,3462100.0
537,2021-10-18 07:21:54,24700.0,1000.0,3459500.0
538,2021-10-18 07:21:54,24700.0,2000.0,3458500.0
539,2021-10-18 07:21:54,24700.0,100.0,3456500.0
540,2021-10-18 07:21:54,24700.0,500.0,3456400.0
541,2021-10-18 07:21:54,24700.0,2000.0,3455900.0
542,2021-10-18 07:21:54,24700.0,1000.0,3453900.0
543,2021-10-18 07:21:54,24700.0,100.0,3452900.0
544,2021-10-18 07:21:54,24700.0,100.0,3452800.0
545,2021-10-18 07:21:54,24700.0,500.0,3452700.0
546,2021-10-18 07:21:54,24700.0,500.0,3452200.0
547,2021-10-18 07:21:54,24700.0,100.0,3451700.0
548,2021-10-18 07:21:54,24700.0,200.0,3451600.0
549,2021-10-18 07:21:54,24700.0,500.0,3451400.0
550,2021-10-18 07:21:54,24700.0,300.0,3450900.0
551,2021-10-18 07:21:54,24700.0,1000.0,3450600.0
552,2021-10-18 07:21:54,24700.0,300.0,3449600.0
553,2021-10-18 07:21:54,24700.0,100.0,3449300.0
554,2021-10-18 07:21:54,24700.0,100.0,3449200.0
555,2021-10-18 07:21:54,24700.0,10000.0,3449100.0
556,2021-10-18 07:21:54,24700.0,10000.0,3439100.0
557,2021-10-18 07:21:54,24700.0,500.0,3429100.0
558,2021-10-18 07:21:42,24750.0,100.0,3428600.0
559,2021-10-18 07:21:39,24750.0,300.0,3428500.0
560,2021-10-18 07:21:30,24750.0,200.0,3428200.0
561,2021-10-18 07:21:30,24750.0,200.0,3428000.0
562,2021-10-18 07:21:30,24750.0,1700.0,3427800.0
563,2021-10-18 07:21:21,24750.0,300.0,3426100.0
564,2021-10-18 07:21:21,24750.0,700.0,3425800.0
565,2021-10-18 07:21:18,24750.0,400.0,3425100.0
566,2021-10-18 07:21:16,24750.0,2000.0,3424700.0
567,2021-10-18 07:20:57,24750.0,300.0,3422700.0
568,2021-10-18 07:20:20,24800.0,300.0,3422400.0
569,2021-10-18 07:20:19,24750.0,1600.0,3422100.0
570,2021-10-18 07:20:19,24750.0,400.0,3420500.0
571,2021-10-18 07:20:17,24750.0,100.0,3420100.0
572,2021-10-18 07:20:06,24750.0,300.0,3420000.0
573,2021-10-18 07:20:03,24750.0,200.0,3419700.0
574,2021-10-18 07:20:03,24750.0,100.0,3419500.0
575,2021-10-18 07:19:51,24750.0,300.0,3419400.0
576,2021-10-18 07:19:51,24750.0,100.0,3419100.0
577,2021-10-18 07:19:40,24750.0,100.0,3419000.0
578,2021-10-18 07:19:36,24750.0,200.0,3418900.0
579,2021-10-18 07:19:36,24750.0,100.0,3418700.0
580,2021-10-18 07:19:28,24700.0,2000.0,3418600.0
581,2021-10-18 07:19:20,24750.0,100.0,3416600.0
582,2021-10-18 07:19:19,24700.0,400.0,3416500.0
583,2021-10-18 07:19:16,24700.0,200.0,3416100.0
584,2021-10-18 07:19:08,24700.0,4900.0,3415900.0
585,2021-10-18 07:19:08,24750.0,300.0,3411000.0
586,2021-10-18 07:19:08,24750.0,200.0,3410700.0
587,2021-10-18 07:19:08,24750.0,1000.0,3410500.0
588,2021-10-18 07:19:08,24750.0,200.0,3409500.0
589,2021-10-18 07:19:08,24750.0,1000.0,3409300.0
590,2021-10-18 07:19:08,24750.0,500.0,3408300.0
591,2021-10-18 07:19:08,24750.0,600.0,3407800.0
592,2021-10-18 07:19:08,24750.0,100.0,3407200.0
593,2021-10-18 07:19:08,24750.0,100.0,3407100.0
594,2021-10-18 07:19:08,24750.0,100.0,3407000.0
595,2021-10-18 07:19:01,24750.0,400.0,3406900.0
596,2021-10-18 07:19:01,24750.0,200.0,3406500.0
597,2021-10-18 07:19:01,24750.0,300.0,3406300.0
598,2021-10-18 07:19:01,24750.0,9100.0,3406000.0
599,2021-10-18 07:18:50,24750.0,1000.0,3396900.0
600,2021-10-18 07:18:49,24750.0,3000.0,3395900.0
601,2021-10-18 07:18:43,24750.0,600.0,3392900.0
602,2021-10-18 07:18:37,24750.0,5000.0,3392300.0
603,2021-10-18 07:18:22,24800.0,4400.0,3387300.0
604,2021-10-18 07:18:13,24750.0,1300.0,3382900.0
605,2021-10-18 07:18:13,24750.0,3800.0,3381600.0
606,2021-10-18 07:18:01,24800.0,2800.0,3377800.0
607,2021-10-18 07:18:01,24800.0,2000.0,3375000.0
608,2021-10-18 07:18:01,24800.0,300.0,3373000.0
609,2021-10-18 07:18:01,24800.0,6000.0,3372700.0
610,2021-10-18 07:18:01,24800.0,8900.0,3366700.0
611,2021-10-18 07:17:55,24750.0,300.0,3357800.0
612,2021-10-18 07:17:52,24800.0,500.0,3357500.0
613,2021-10-18 07:17:28,24800.0,600.0,3357000.0
614,2021-10-18 07:17:28,24800.0,500.0,3356400.0
615,2021-10-18 07:17:28,24800.0,500.0,3355900.0
616,2021-10-18 07:17:28,24800.0,100.0,3355400.0
617,2021-10-18 07:17:28,24800.0,300.0,3355300.0
618,2021-10-18 07:17:25,24750.0,1000.0,3355000.0
619,2021-10-18 07:17:21,24750.0,100.0,3354000.0
620,2021-10-18 07:17:16,24750.0,200.0,3353900.0
621,2021-10-18 07:17:14,24750.0,500.0,3353700.0
622,2021-10-18 07:17:02,24750.0,300.0,3353200.0
623,2021-10-18 07:16:59,24750.0,3800.0,3352900.0
624,2021-10-18 07:16:59,24750.0,100.0,3349100.0
625,2021-10-18 07:16:59,24750.0,400.0,3349000.0
626,2021-10-18 07:16:59,24750.0,700.0,3348600.0
627,2021-10-18 07:16:58,24750.0,500.0,3347900.0
628,2021-10-18 07:16:58,24750.0,300.0,3347400.0
629,2021-10-18 07:16:39,24750.0,200.0,3347100.0
630,2021-10-18 07:16:39,24750.0,800.0,3346900.0
631,2021-10-18 07:16:26,24750.0,200.0,3346100.0
632,2021-10-18 07:16:23,24750.0,5000.0,3345900.0
633,2021-10-18 07:16:20,24800.0,100.0,3340900.0
634,2021-10-18 07:16:04,24750.0,500.0,3340800.0
635,2021-10-18 07:16:03,24750.0,100.0,3340300.0
636,2021-10-18 07:15:57,24750.0,100.0,3340200.0
637,2021-10-18 07:15:57,24750.0,2000.0,3340100.0
638,2021-10-18 07:15:57,24750.0,400.0,3338100.0
639,2021-10-18 07:15:57,24750.0,100.0,3337700.0
640,2021-10-18 07:15:57,24750.0,2300.0,3337600.0
641,2021-10-18 07:15:57,24750.0,2000.0,3335300.0
642,2021-10-18 07:15:57,24750.0,300.0,3333300.0
643,2021-10-18 07:15:57,24750.0,500.0,3333000.0
644,2021-10-18 07:15:57,24750.0,3000.0,3332500.0
645,2021-10-18 07:15:57,24750.0,300.0,3329500.0
646,2021-10-18 07:15:57,24750.0,100.0,3329200.0
647,2021-10-18 07:15:57,24750.0,200.0,3329100.0
648,2021-10-18 07:15:57,24750.0,500.0,3328900.0
649,2021-10-18 07:15:57,24750.0,1000.0,3328400.0
650,2021-10-18 07:15:57,24750.0,600.0,3327400.0
651,2021-10-18 07:15:41,24750.0,300.0,3326800.0
652,2021-10-18 07:15:39,24700.0,2000.0,3326500.0
653,2021-10-18 07:15:39,24700.0,100.0,3324500.0
654,2021-10-18 07:15:39,24700.0,1400.0,3324400.0
655,2021-10-18 07:15:18,24700.0,500.0,3323000.0
656,2021-10-18 07:15:18,24750.0,100.0,3322500.0
657,2021-10-18 07:15:18,24750.0,100.0,3322400.0
658,2021-10-18 07:15:18,24750.0,1100.0,3322300.0
659,2021-10-18 07:15:18,24750.0,500.0,3321200.0
660,2021-10-18 07:15:18,24750.0,200.0,3320700.0
661,2021-10-18 07:15:13,24750.0,17500.0,3320500.0
662,2021-10-18 07:15:02,24750.0,500.0,3303000.0
663,2021-10-18 07:14:47,24700.0,2000.0,3302500.0
664,2021-10-18 07:14:38,24700.0,100.0,3300500.0
665,2021-10-18 07:14:37,24700.0,1300.0,3300400.0
666,2021-10-18 07:14:33,24750.0,1000.0,3299100.0
667,2021-10-18 07:14:15,24700.0,3000.0,3298100.0
668,2021-10-18 07:14:12,24750.0,400.0,3295100.0
669,2021-10-18 07:14:11,24750.0,1000.0,3294700.0
670,2021-10-18 07:14:10,24750.0,100.0,3293700.0
671,2021-10-18 07:14:01,24750.0,100.0,3293600.0
672,2021-10-18 07:13:57,24750.0,1000.0,3293500.0
673,2021-10-18 07:13:56,24700.0,200.0,3292500.0
674,2021-10-18 07:13:54,24750.0,800.0,3292300.0
675,2021-10-18 07:13:43,24750.0,3800.0,3291500.0
676,2021-10-18 07:13:29,24750.0,1500.0,3287700.0
677,2021-10-18 07:13:20,24750.0,100.0,3286200.0
678,2021-10-18 07:13:19,24750.0,500.0,3286100.0
679,2021-10-18 07:13:16,24700.0,1000.0,3285600.0
680,2021-10-18 07:13:15,24700.0,500.0,3284600.0
681,2021-10-18 07:13:15,24700.0,7900.0,3284100.0
682,2021-10-18 07:12:53,24750.0,1000.0,3276200.0
683,2021-10-18 07:12:43,24750.0,500.0,3275200.0
684,2021-10-18 07:12:43,24750.0,500.0,3274700.0
685,2021-10-18 07:12:39,24750.0,200.0,3274200.0
686,2021-10-18 07:12:37,24700.0,200.0,3274000.0
687,2021-10-18 07:12:34,24700.0,1900.0,3273800.0
688,2021-10-18 07:12:34,24700.0,2100.0,3271900.0
689,2021-10-18 07:12:24,24700.0,500.0,3269800.0
690,2021-10-18 07:12:20,24700.0,100.0,3269300.0
691,2021-10-18 07:12:04,24700.0,2000.0,3269200.0
692,2021-10-18 07:11:53,24750.0,300.0,3267200.0
693,2021-10-18 07:11:50,24750.0,100.0,3266900.0
694,2021-10-18 07:11:39,24750.0,300.0,3266800.0
695,2021-10-18 07:11:39,24750.0,700.0,3266500.0
696,2021-10-18 07:11:28,24700.0,5300.0,3265800.0
697,2021-10-18 07:11:28,24700.0,1000.0,3260500.0
698,2021-10-18 07:11:28,24700.0,100.0,3259500.0
699,2021-10-18 07:11:28,24700.0,2400.0,3259400.0
700,2021-10-18 07:11:23,24700.0,2000.0,3257000.0
701,2021-10-18 07:11:21,24750.0,500.0,3255000.0
702,2021-10-18 07:11:13,24700.0,400.0,3254500.0
703,2021-10-18 07:11:10,24750.0,500.0,3254100.0
704,2021-10-18 07:11:03,24700.0,200.0,3253600.0
705,2021-10-18 07:11:00,24750.0,100.0,3253400.0
706,2021-10-18 07:10:57,24750.0,1800.0,3253300.0
707,2021-10-18 07:10:50,24750.0,200.0,3251500.0
708,2021-10-18 07:10:50,24750.0,100.0,3251300.0
709,2021-10-18 07:10:50,24750.0,700.0,3251200.0
710,2021-10-18 07:10:42,24750.0,1000.0,3250500.0
711,2021-10-18 07:10:18,24750.0,300.0,3249500.0
712,2021-10-18 07:10:13,24750.0,200.0,3249200.0
713,2021-10-18 07:09:57,24750.0,1600.0,3249000.0
714,2021-10-18 07:09:53,24750.0,7200.0,3247400.0
715,2021-10-18 07:09:48,24750.0,300.0,3240200.0
716,2021-10-18 07:09:47,24750.0,1000.0,3239900.0
717,2021-10-18 07:09:38,24750.0,900.0,3238900.0
718,2021-10-18 07:09:38,24750.0,500.0,3238000.0
719,2021-10-18 07:09:38,24750.0,200.0,3237500.0
720,2021-10-18 07:09:38,24750.0,900.0,3237300.0
721,2021-10-18 07:09:38,24750.0,100.0,3236400.0
722,2021-10-18 07:09:38,24750.0,300.0,3236300.0
723,2021-10-18 07:09:38,24750.0,100.0,3236000.0
724,2021-10-18 07:09:38,24750.0,1200.0,3235900.0
725,2021-10-18 07:09:38,24750.0,200.0,3234700.0
726,2021-10-18 07:09:38,24750.0,900.0,3234500.0
727,2021-10-18 07:09:38,24750.0,400.0,3233600.0
728,2021-10-18 07:09:38,24750.0,1000.0,3233200.0
729,2021-10-18 07:09:38,24750.0,500.0,3232200.0
730,2021-10-18 07:09:38,24750.0,100.0,3231700.0
731,2021-10-18 07:09:38,24750.0,3500.0,3231600.0
732,2021-10-18 07:09:28,24750.0,100.0,3228100.0
733,2021-10-18 07:09:26,24750.0,400.0,3228000.0
734,2021-10-18 07:09:26,24750.0,9600.0,3227600.0
735,2021-10-18 07:09:24,24750.0,5300.0,3218000.0
736,2021-10-18 07:09:22,24750.0,2300.0,3212700.0
737,2021-10-18 07:09:21,24750.0,900.0,3210400.0
738,2021-10-18 07:09:19,24750.0,3500.0,3209500.0
739,2021-10-18 07:09:15,24750.0,2400.0,3206000.0
740,2021-10-18 07:09:15,24750.0,100.0,3203600.0
741,2021-10-18 07:09:15,24750.0,500.0,3203500.0
742,2021-10-18 07:09:15,24750.0,1000.0,3203000.0
743,2021-10-18 07:09:15,24750.0,1000.0,3202000.0
744,2021-10-18 07:09:15,24750.0,100.0,3201000.0
745,2021-10-18 07:09:15,24750.0,300.0,3200900.0
746,2021-10-18 07:09:15,24750.0,100.0,3200600.0
747,2021-10-18 07:09:15,24750.0,2000.0,3200500.0
748,2021-10-18 07:09:15,24750.0,500.0,3198500.0
749,2021-10-18 07:09:13,24750.0,500.0,3198000.0
750,2021-10-18 07:09:13,24750.0,1000.0,3197500.0
751,2021-10-18 07:09:13,24750.0,3800.0,3196500.0
752,2021-10-18 07:09:07,24750.0,6200.0,3192700.0
753,2021-10-18 07:09:07,24750.0,3800.0,3186500.0
754,2021-10-18 07:09:07,24750.0,1000.0,3182700.0
755,2021-10-18 07:08:58,24750.0,5200.0,3181700.0
756,2021-10-18 07:08:58,24750.0,100.0,3176500.0
757,2021-10-18 07:08:58,24750.0,1200.0,3176400.0
758,2021-10-18 07:08:57,24750.0,8800.0,3175200.0
759,2021-10-18 07:08:57,24750.0,10000.0,3166400.0
760,2021-10-18 07:08:57,24750.0,100.0,3156400.0
761,2021-10-18 07:08:57,24750.0,100.0,3156300.0
762,2021-10-18 07:08:57,24750.0,100.0,3156200.0
763,2021-10-18 07:08:57,24750.0,500.0,3156100.0
764,2021-10-18 07:08:57,24750.0,1000.0,3155600.0
765,2021-10-18 07:08:57,24750.0,100.0,3154600.0
766,2021-10-18 07:08:57,24750.0,1000.0,3154500.0
767,2021-10-18 07:08:57,24750.0,100.0,3153500.0
768,2021-10-18 07:08:57,24750.0,6200.0,3153400.0
769,2021-10-18 07:08:57,24750.0,100.0,3147200.0
770,2021-10-18 07:08:57,24750.0,1200.0,3147100.0
771,2021-10-18 07:08:57,24750.0,500.0,3145900.0
772,2021-10-18 07:08:57,24750.0,10000.0,3145400.0
773,2021-10-18 07:08:57,24750.0,10000.0,3135400.0
774,2021-10-18 07:08:57,24750.0,200.0,3125400.0
775,2021-10-18 07:08:49,24750.0,2400.0,3125200.0
776,2021-10-18 07:08:40,24750.0,200.0,3122800.0
777,2021-10-18 07:08:17,24750.0,1000.0,3122600.0
778,2021-10-18 07:08:00,24800.0,1000.0,3121600.0
779,2021-10-18 07:08:00,24750.0,600.0,3120600.0
780,2021-10-18 07:07:53,24750.0,1000.0,3120000.0
781,2021-10-18 07:07:45,24750.0,3000.0,3119000.0
782,2021-10-18 07:07:36,24800.0,500.0,3116000.0
783,2021-10-18 07:07:36,24750.0,1600.0,3115500.0
784,2021-10-18 07:07:36,24750.0,700.0,3113900.0
785,2021-10-18 07:07:08,24800.0,500.0,3113200.0
786,2021-10-18 07:07:01,24750.0,2000.0,3112700.0
787,2021-10-18 07:07:00,24750.0,2000.0,3110700.0
788,2021-10-18 07:07:00,24750.0,2000.0,3108700.0
789,2021-10-18 07:06:58,24800.0,1000.0,3106700.0
790,2021-10-18 07:06:56,24750.0,700.0,3105700.0
791,2021-10-18 07:06:35,24750.0,2300.0,3105000.0
792,2021-10-18 07:06:31,24800.0,3600.0,3102700.0
793,2021-10-18 07:06:31,24800.0,4100.0,3099100.0
794,2021-10-18 07:06:24,24750.0,300.0,3095000.0
795,2021-10-18 07:06:24,24750.0,100.0,3094700.0
796,2021-10-18 07:06:24,24750.0,1000.0,3094600.0
797,2021-10-18 07:06:24,24750.0,200.0,3093600.0
798,2021-10-18 07:06:24,24800.0,500.0,3093400.0
799,2021-10-18 07:06:17,24750.0,100.0,3092900.0
800,2021-10-18 07:06:12,24750.0,200.0,3092800.0
801,2021-10-18 07:06:12,24750.0,2000.0,3092600.0
802,2021-10-18 07:06:12,24750.0,200.0,3090600.0
803,2021-10-18 07:06:12,24750.0,1000.0,3090400.0
804,2021-10-18 07:06:12,24750.0,1600.0,3089400.0
805,2021-10-18 07:06:10,24800.0,1500.0,3087800.0
806,2021-10-18 07:06:03,24800.0,400.0,3086300.0
807,2021-10-18 07:05:59,24800.0,100.0,3085900.0
808,2021-10-18 07:05:52,24800.0,4000.0,3085800.0
809,2021-10-18 07:05:50,24800.0,200.0,3081800.0
810,2021-10-18 07:05:49,24800.0,500.0,3081600.0
811,2021-10-18 07:05:46,24800.0,100.0,3081100.0
812,2021-10-18 07:05:46,24800.0,200.0,3081000.0
813,2021-10-18 07:05:44,24800.0,800.0,3080800.0
814,2021-10-18 07:05:44,24800.0,200.0,3080000.0
815,2021-10-18 07:05:44,24800.0,2000.0,3079800.0
816,2021-10-18 07:05:44,24800.0,1000.0,3077800.0
817,2021-10-18 07:05:44,24800.0,100.0,3076800.0
818,2021-10-18 07:05:44,24800.0,500.0,3076700.0
819,2021-10-18 07:05:44,24800.0,200.0,3076200.0
820,2021-10-18 07:05:44,24800.0,5200.0,3076000.0
821,2021-10-18 07:05:43,24800.0,800.0,3070800.0
822,2021-10-18 07:05:43,24800.0,1200.0,3070000.0
823,2021-10-18 07:05:20,24800.0,500.0,3068800.0
824,2021-10-18 07:04:45,24800.0,8300.0,3068300.0
825,2021-10-18 07:04:45,24800.0,1000.0,3060000.0
826,2021-10-18 07:04:45,24800.0,200.0,3059000.0
827,2021-10-18 07:04:45,24800.0,500.0,3058800.0
828,2021-10-18 07:04:44,24850.0,400.0,3058300.0
829,2021-10-18 07:04:37,24850.0,100.0,3057900.0
830,2021-10-18 07:04:37,24850.0,600.0,3057800.0
831,2021-10-18 07:04:37,24850.0,100.0,3057200.0
832,2021-10-18 07:04:37,24850.0,2000.0,3057100.0
833,2021-10-18 07:04:37,24850.0,400.0,3055100.0
834,2021-10-18 07:04:37,24850.0,1000.0,3054700.0
835,2021-10-18 07:04:37,24850.0,800.0,3053700.0
836,2021-10-18 07:04:30,24800.0,100.0,3052900.0
837,2021-10-18 07:04:30,24800.0,400.0,3052800.0
838,2021-10-18 07:04:16,24800.0,600.0,3052400.0
839,2021-10-18 07:04:16,24800.0,200.0,3051800.0
840,2021-10-18 07:04:16,24800.0,100.0,3051600.0
841,2021-10-18 07:04:16,24800.0,300.0,3051500.0
842,2021-10-18 07:04:16,24800.0,800.0,3051200.0
843,2021-10-18 07:04:13,24800.0,400.0,3050400.0
844,2021-10-18 07:04:13,24800.0,1000.0,3050000.0
845,2021-10-18 07:04:13,24800.0,400.0,3049000.0
846,2021-10-18 07:04:13,24800.0,200.0,3048600.0
847,2021-10-18 07:03:58,24800.0,100.0,3048400.0
848,2021-10-18 07:03:46,24800.0,1700.0,3048300.0
849,2021-10-18 07:03:46,24800.0,200.0,3046600.0
850,2021-10-18 07:03:46,24800.0,200.0,3046400.0
851,2021-10-18 07:03:46,24800.0,500.0,3046200.0
852,2021-10-18 07:03:46,24800.0,1000.0,3045700.0
853,2021-10-18 07:03:46,24800.0,100.0,3044700.0
854,2021-10-18 07:03:46,24800.0,500.0,3044600.0
855,2021-10-18 07:03:46,24800.0,4300.0,3044100.0
856,2021-10-18 07:03:17,24800.0,700.0,3039800.0
857,2021-10-18 07:03:17,24800.0,4300.0,3039100.0
858,2021-10-18 07:02:58,24800.0,500.0,3034800.0
859,2021-10-18 07:02:52,24800.0,2000.0,3034300.0
860,2021-10-18 07:02:47,24800.0,2700.0,3032300.0
861,2021-10-18 07:02:47,24800.0,2000.0,3029600.0
862,2021-10-18 07:02:47,24800.0,300.0,3027600.0
863,2021-10-18 07:02:46,24850.0,400.0,3027300.0
864,2021-10-18 07:02:46,24850.0,500.0,3026900.0
865,2021-10-18 07:02:46,24850.0,100.0,3026400.0
866,2021-10-18 07:02:16,24850.0,300.0,3026300.0
867,2021-10-18 07:02:16,24850.0,300.0,3026000.0
868,2021-10-18 07:02:16,24850.0,100.0,3025700.0
869,2021-10-18 07:02:16,24850.0,100.0,3025600.0
870,2021-10-18 07:02:16,24850.0,400.0,3025500.0
871,2021-10-18 07:02:16,24850.0,1000.0,3025100.0
872,2021-10-18 07:02:16,24850.0,200.0,3024100.0
873,2021-10-18 07:02:16,24850.0,200.0,3023900.0
874,2021-10-18 07:02:16,24850.0,1100.0,3023700.0
875,2021-10-18 07:02:16,24850.0,300.0,3022600.0
876,2021-10-18 07:01:37,24850.0,300.0,3022300.0
877,2021-10-18 07:01:11,24800.0,200.0,3022000.0
878,2021-10-18 07:01:11,24800.0,1100.0,3021800.0
879,2021-10-18 07:01:04,24800.0,1000.0,3020700.0
880,2021-10-18 07:00:22,24800.0,100.0,3019700.0
881,2021-10-18 07:00:20,24850.0,100.0,3019600.0
882,2021-10-18 07:00:20,24850.0,1100.0,3019500.0
883,2021-10-18 07:00:20,24850.0,100.0,3018400.0
884,2021-10-18 07:00:20,24850.0,900.0,3018300.0
885,2021-10-18 07:00:20,24850.0,200.0,3017400.0
886,2021-10-18 07:00:20,24850.0,700.0,3017200.0
887,2021-10-18 07:00:09,24850.0,300.0,3016500.0
888,2021-10-18 07:00:09,24850.0,1700.0,3016200.0
889,2021-10-18 06:59:57,24850.0,900.0,3014500.0
890,2021-10-18 06:59:53,24800.0,200.0,3013600.0
891,2021-10-18 06:59:52,24850.0,700.0,3013400.0
892,2021-10-18 06:59:52,24850.0,500.0,3012700.0
893,2021-10-18 06:59:52,24850.0,1800.0,3012200.0
894,2021-10-18 06:59:35,24800.0,800.0,3010400.0
895,2021-10-18 06:59:04,24800.0,2200.0,3009600.0
896,2021-10-18 06:59:04,24800.0,100.0,3007400.0
897,2021-10-18 06:59:04,24800.0,400.0,3007300.0
898,2021-10-18 06:59:04,24800.0,600.0,3006900.0
899,2021-10-18 06:59:04,24800.0,500.0,3006300.0
900,2021-10-18 06:59:04,24800.0,100.0,3005800.0
901,2021-10-18 06:59:04,24800.0,600.0,3005700.0
902,2021-10-18 06:59:04,24800.0,300.0,3005100.0
903,2021-10-18 06:59:04,24800.0,200.0,3004800.0
904,2021-10-18 06:58:55,24800.0,200.0,3004600.0
905,2021-10-18 06:58:52,24800.0,100.0,3004400.0
906,2021-10-18 06:58:52,24800.0,200.0,3004300.0
907,2021-10-18 06:58:52,24800.0,2700.0,3004100.0
908,2021-10-18 06:58:52,24800.0,500.0,3001400.0
909,2021-10-18 06:58:40,24800.0,100.0,3000900.0
910,2021-10-18 06:58:30,24800.0,400.0,3000800.0
911,2021-10-18 06:58:20,24800.0,1000.0,3000400.0
912,2021-10-18 06:57:57,24800.0,1000.0,2999400.0
913,2021-10-18 06:57:51,24800.0,500.0,2998400.0
914,2021-10-18 06:57:49,24800.0,5000.0,2997900.0
915,2021-10-18 06:57:42,24800.0,5000.0,2992900.0
916,2021-10-18 06:57:34,24800.0,3000.0,2987900.0
917,2021-10-18 06:57:31,24800.0,800.0,2984900.0
918,2021-10-18 06:57:31,24800.0,500.0,2984100.0
919,2021-10-18 06:57:31,24800.0,100.0,2983600.0
920,2021-10-18 06:57:31,24800.0,200.0,2983500.0
921,2021-10-18 06:57:31,24800.0,1000.0,2983300.0
922,2021-10-18 06:57:31,24800.0,400.0,2982300.0
923,2021-10-18 06:57:31,24850.0,1000.0,2981900.0
924,2021-10-18 06:57:31,24800.0,500.0,2980900.0
925,2021-10-18 06:57:29,24800.0,100.0,2980400.0
926,2021-10-18 06:57:29,24800.0,100.0,2980300.0
927,2021-10-18 06:57:23,24800.0,400.0,2980200.0
928,2021-10-18 06:57:23,24800.0,600.0,2979800.0
929,2021-10-18 06:57:11,24800.0,200.0,2979200.0
930,2021-10-18 06:57:08,24800.0,100.0,2979000.0
931,2021-10-18 06:56:32,24800.0,5600.0,2978900.0
932,2021-10-18 06:56:32,24800.0,400.0,2973300.0
933,2021-10-18 06:56:32,24800.0,100.0,2972900.0
934,2021-10-18 06:56:32,24800.0,700.0,2972800.0
935,2021-10-18 06:56:32,24800.0,100.0,2972100.0
936,2021-10-18 06:56:32,24800.0,2000.0,2972000.0
937,2021-10-18 06:56:32,24800.0,100.0,2970000.0
938,2021-10-18 06:56:32,24800.0,1000.0,2969900.0
939,2021-10-18 06:56:18,24800.0,3000.0,2968900.0
940,2021-10-18 06:56:06,24800.0,100.0,2965900.0
941,2021-10-18 06:55:55,24800.0,1400.0,2965800.0
942,2021-10-18 06:55:49,24800.0,59300.0,2964400.0
943,2021-10-18 06:55:33,24800.0,100.0,2905100.0
944,2021-10-18 06:55:31,24800.0,10100.0,2905000.0
945,2021-10-18 06:55:31,24800.0,500.0,2894900.0
946,2021-10-18 06:55:31,24800.0,7000.0,2894400.0
947,2021-10-18 06:55:31,24800.0,5000.0,2887400.0
948,2021-10-18 06:55:31,24800.0,1000.0,2882400.0
949,2021-10-18 06:55:31,24800.0,5300.0,2881400.0
950,2021-10-18 06:55:31,24800.0,100.0,2876100.0
951,2021-10-18 06:55:31,24800.0,700.0,2876000.0
952,2021-10-18 06:55:31,24800.0,500.0,2875300.0
953,2021-10-18 06:55:29,24800.0,1000.0,2874800.0
954,2021-10-18 06:55:27,24800.0,500.0,2873800.0
955,2021-10-18 06:55:27,24800.0,3000.0,2873300.0
956,2021-10-18 06:55:27,24800.0,300.0,2870300.0
957,2021-10-18 06:55:27,24800.0,1200.0,2870000.0
958,2021-10-18 06:55:15,24800.0,700.0,2868800.0
959,2021-10-18 06:55:01,24850.0,1000.0,2868100.0
960,2021-10-18 06:54:26,24850.0,200.0,2867100.0
961,2021-10-18 06:54:01,24850.0,4000.0,2866900.0
962,2021-10-18 06:52:30,24850.0,1700.0,2862900.0
963,2021-10-18 06:52:30,24850.0,200.0,2861200.0
964,2021-10-18 06:52:30,24850.0,1400.0,2861000.0
965,2021-10-18 06:52:18,24850.0,500.0,2859600.0
966,2021-10-18 06:52:18,24850.0,100.0,2859100.0
967,2021-10-18 06:52:08,24850.0,400.0,2859000.0
968,2021-10-18 06:52:06,24850.0,500.0,2858600.0
969,2021-10-18 06:52:05,24850.0,1000.0,2858100.0
970,2021-10-18 06:51:56,24850.0,2000.0,2857100.0
971,2021-10-18 06:51:47,24850.0,2000.0,2855100.0
972,2021-10-18 06:51:45,24900.0,200.0,2853100.0
973,2021-10-18 06:51:31,24850.0,100.0,2852900.0
974,2021-10-18 06:51:31,24850.0,1000.0,2852800.0
975,2021-10-18 06:51:12,24850.0,2000.0,2851800.0
976,2021-10-18 06:51:12,24850.0,200.0,2849800.0
977,2021-10-18 06:51:10,24850.0,100.0,2849600.0
978,2021-10-18 06:51:07,24850.0,2700.0,2849500.0
979,2021-10-18 06:51:07,24850.0,1000.0,2846800.0
980,2021-10-18 06:51:07,24850.0,1500.0,2845800.0
981,2021-10-18 06:51:07,24850.0,200.0,2844300.0
982,2021-10-18 06:51:07,24850.0,300.0,2844100.0
983,2021-10-18 06:51:07,24850.0,1000.0,2843800.0
984,2021-10-18 06:51:07,24850.0,3300.0,2842800.0
985,2021-10-18 06:50:24,24850.0,1100.0,2839500.0
986,2021-10-18 06:50:16,24800.0,3100.0,2838400.0
987,2021-10-18 06:50:16,24800.0,1100.0,2835300.0
988,2021-10-18 06:50:16,24800.0,800.0,2834200.0
989,2021-10-18 06:50:02,24800.0,100.0,2833400.0
990,2021-10-18 06:50:02,24800.0,100.0,2833300.0
991,2021-10-18 06:50:02,24800.0,500.0,2833200.0
992,2021-10-18 06:50:02,24800.0,200.0,2832700.0
993,2021-10-18 06:50:02,24800.0,100.0,2832500.0
994,2021-10-18 06:49:53,24850.0,700.0,2832400.0
995,2021-10-18 06:49:24,24850.0,3000.0,2831700.0
996,2021-10-18 06:49:17,24850.0,1000.0,2828700.0
997,2021-10-18 06:49:11,24800.0,500.0,2827700.0
998,2021-10-18 06:49:11,24800.0,1700.0,2827200.0
999,2021-10-18 06:49:11,24800.0,1000.0,2825500.0
1000,2021-10-18 06:49:11,24800.0,300.0,2824500.0
1001,2021-10-18 06:49:11,24800.0,500.0,2824200.0
1002,2021-10-18 06:49:11,24800.0,100.0,2823700.0
1003,2021-10-18 06:49:11,24800.0,200.0,2823600.0
1004,2021-10-18 06:49:11,24800.0,100.0,2823400.0
1005,2021-10-18 06:49:11,24800.0,500.0,2823300.0
1006,2021-10-18 06:49:11,24800.0,500.0,2822800.0
1007,2021-10-18 06:49:11,24800.0,200.0,2822300.0
1008,2021-10-18 06:49:11,24800.0,300.0,2822100.0
1009,2021-10-18 06:49:11,24800.0,100.0,2821800.0
1010,2021-10-18 06:49:11,24800.0,1000.0,2821700.0
1011,2021-10-18 06:49:11,24800.0,3000.0,2820700.0
1012,2021-10-18 06:48:56,24850.0,400.0,2817700.0
1013,2021-10-18 06:48:51,24800.0,2000.0,2817300.0
1014,2021-10-18 06:48:50,24800.0,1000.0,2815300.0
1015,2021-10-18 06:48:44,24800.0,600.0,2814300.0
1016,2021-10-18 06:48:44,24800.0,200.0,2813700.0
1017,2021-10-18 06:48:44,24800.0,2100.0,2813500.0
1018,2021-10-18 06:48:44,24800.0,100.0,2811400.0
1019,2021-10-18 06:48:44,24800.0,2000.0,2811300.0
1020,2021-10-18 06:48:43,24800.0,100.0,2809300.0
1021,2021-10-18 06:48:42,24800.0,900.0,2809200.0
1022,2021-10-18 06:48:34,24800.0,300.0,2808300.0
1023,2021-10-18 06:48:29,24800.0,200.0,2808000.0
1024,2021-10-18 06:48:28,24800.0,5000.0,2807800.0
1025,2021-10-18 06:48:22,24800.0,1500.0,2802800.0
1026,2021-10-18 06:48:22,24800.0,1800.0,2801300.0
1027,2021-10-18 06:48:22,24800.0,500.0,2799500.0
1028,2021-10-18 06:48:22,24800.0,200.0,2799000.0
1029,2021-10-18 06:48:10,24800.0,800.0,2798800.0
1030,2021-10-18 06:48:10,24800.0,500.0,2798000.0
1031,2021-10-18 06:48:10,24800.0,7700.0,2797500.0
1032,2021-10-18 06:48:08,24800.0,700.0,2789800.0
1033,2021-10-18 06:47:59,24800.0,1600.0,2789100.0
1034,2021-10-18 06:47:59,24800.0,1400.0,2787500.0
1035,2021-10-18 06:47:59,24800.0,300.0,2786100.0
1036,2021-10-18 06:47:59,24800.0,100.0,2785800.0
1037,2021-10-18 06:47:59,24800.0,200.0,2785700.0
1038,2021-10-18 06:47:59,24800.0,200.0,2785500.0
1039,2021-10-18 06:47:59,24800.0,1500.0,2785300.0
1040,2021-10-18 06:47:59,24800.0,4700.0,2783800.0
1041,2021-10-18 06:47:59,24800.0,100.0,2779100.0
1042,2021-10-18 06:47:28,24800.0,300.0,2779000.0
1043,2021-10-18 06:47:26,24850.0,200.0,2778700.0
1044,2021-10-18 06:47:19,24850.0,2200.0,2778500.0
1045,2021-10-18 06:47:19,24850.0,100.0,2776300.0
1046,2021-10-18 06:47:19,24850.0,200.0,2776200.0
1047,2021-10-18 06:47:19,24850.0,1000.0,2776000.0
1048,2021-10-18 06:47:13,24800.0,2000.0,2775000.0
1049,2021-10-18 06:47:12,24850.0,1000.0,2773000.0
1050,2021-10-18 06:46:49,24850.0,100.0,2772000.0
1051,2021-10-18 06:46:49,24850.0,500.0,2771900.0
1052,2021-10-18 06:46:18,24850.0,200.0,2771400.0
1053,2021-10-18 06:46:08,24800.0,2900.0,2771200.0
1054,2021-10-18 06:46:08,24800.0,300.0,2768300.0
1055,2021-10-18 06:46:08,24800.0,200.0,2768000.0
1056,2021-10-18 06:46:08,24800.0,1000.0,2767800.0
1057,2021-10-18 06:46:08,24800.0,100.0,2766800.0
1058,2021-10-18 06:46:08,24800.0,2000.0,2766700.0
1059,2021-10-18 06:46:08,24800.0,500.0,2764700.0
1060,2021-10-18 06:46:08,24800.0,500.0,2764200.0
1061,2021-10-18 06:46:08,24800.0,500.0,2763700.0
1062,2021-10-18 06:46:08,24800.0,100.0,2763200.0
1063,2021-10-18 06:46:08,24800.0,1900.0,2763100.0
1064,2021-10-18 06:46:03,24800.0,100.0,2761200.0
1065,2021-10-18 06:46:03,24800.0,900.0,2761100.0
1066,2021-10-18 06:46:01,24800.0,300.0,2760200.0
1067,2021-10-18 06:45:57,24800.0,1300.0,2759900.0
1068,2021-10-18 06:45:57,24800.0,100.0,2758600.0
1069,2021-10-18 06:45:57,24800.0,100.0,2758500.0
1070,2021-10-18 06:45:57,24800.0,100.0,2758400.0
1071,2021-10-18 06:45:57,24800.0,2000.0,2758300.0
1072,2021-10-18 06:45:57,24800.0,1000.0,2756300.0
1073,2021-10-18 06:45:57,24800.0,300.0,2755300.0
1074,2021-10-18 06:45:57,24800.0,800.0,2755000.0
1075,2021-10-18 06:45:57,24800.0,400.0,2754200.0
1076,2021-10-18 06:45:57,24800.0,300.0,2753800.0
1077,2021-10-18 06:45:57,24800.0,200.0,2753500.0
1078,2021-10-18 06:45:57,24800.0,200.0,2753300.0
1079,2021-10-18 06:45:57,24800.0,200.0,2753100.0
1080,2021-10-18 06:45:50,24800.0,1500.0,2752900.0
1081,2021-10-18 06:45:48,24800.0,300.0,2751400.0
1082,2021-10-18 06:45:48,24800.0,500.0,2751100.0
1083,2021-10-18 06:45:48,24800.0,1000.0,2750600.0
1084,2021-10-18 06:45:48,24800.0,1000.0,2749600.0
1085,2021-10-18 06:45:48,24800.0,2200.0,2748600.0
1086,2021-10-18 06:45:34,24850.0,1000.0,2746400.0
1087,2021-10-18 06:45:25,24800.0,200.0,2745400.0
1088,2021-10-18 06:45:24,24800.0,2600.0,2745200.0
1089,2021-10-18 06:45:24,24800.0,100.0,2742600.0
1090,2021-10-18 06:45:24,24800.0,1000.0,2742500.0
1091,2021-10-18 06:45:24,24800.0,100.0,2741500.0
1092,2021-10-18 06:45:24,24800.0,200.0,2741400.0
1093,2021-10-18 06:45:24,24800.0,16000.0,2741200.0
1094,2021-10-18 06:45:10,24800.0,2000.0,2725200.0
1095,2021-10-18 06:45:02,24800.0,300.0,2723200.0
1096,2021-10-18 06:44:59,24800.0,1700.0,2722900.0
1097,2021-10-18 06:44:59,24800.0,1000.0,2721200.0
1098,2021-10-18 06:44:59,24800.0,800.0,2720200.0
1099,2021-10-18 06:44:59,24800.0,100.0,2719400.0
1100,2021-10-18 06:44:59,24800.0,4400.0,2719300.0
1101,2021-10-18 06:44:55,24800.0,200.0,2714900.0
1102,2021-10-18 06:44:54,24850.0,2000.0,2714700.0
1103,2021-10-18 06:44:51,24850.0,2000.0,2712700.0
1104,2021-10-18 06:44:45,24850.0,5000.0,2710700.0
1105,2021-10-18 06:44:36,24850.0,500.0,2705700.0
1106,2021-10-18 06:44:23,24850.0,1700.0,2705200.0
1107,2021-10-18 06:44:23,24850.0,300.0,2703500.0
1108,2021-10-18 06:44:17,24850.0,500.0,2703200.0
1109,2021-10-18 06:44:13,24850.0,200.0,2702700.0
1110,2021-10-18 06:44:13,24850.0,500.0,2702500.0
1111,2021-10-18 06:43:58,24850.0,2000.0,2702000.0
1112,2021-10-18 06:43:42,24800.0,1000.0,2700000.0
1113,2021-10-18 06:43:28,24800.0,1000.0,2699000.0
1114,2021-10-18 06:43:24,24800.0,200.0,2698000.0
1115,2021-10-18 06:43:21,24800.0,1000.0,2697800.0
1116,2021-10-18 06:43:19,24800.0,200.0,2696800.0
1117,2021-10-18 06:43:19,24800.0,500.0,2696600.0
1118,2021-10-18 06:43:19,24800.0,100.0,2696100.0
1119,2021-10-18 06:43:19,24800.0,100.0,2696000.0
1120,2021-10-18 06:43:19,24800.0,1100.0,2695900.0
1121,2021-10-18 06:43:16,24800.0,200.0,2694800.0
1122,2021-10-18 06:42:53,24800.0,18000.0,2694600.0
1123,2021-10-18 06:42:49,24850.0,500.0,2676600.0
1124,2021-10-18 06:42:49,24800.0,200.0,2676100.0
1125,2021-10-18 06:42:34,24800.0,500.0,2675900.0
1126,2021-10-18 06:42:34,24800.0,500.0,2675400.0
1127,2021-10-18 06:42:02,24800.0,100.0,2674900.0
1128,2021-10-18 06:42:02,24800.0,200.0,2674800.0
1129,2021-10-18 06:42:02,24800.0,300.0,2674600.0
1130,2021-10-18 06:41:54,24800.0,300.0,2674300.0
1131,2021-10-18 06:41:34,24800.0,600.0,2674000.0
1132,2021-10-18 06:41:26,24800.0,100.0,2673400.0
1133,2021-10-18 06:41:04,24800.0,600.0,2673300.0
1134,2021-10-18 06:41:04,24850.0,100.0,2672700.0
1135,2021-10-18 06:41:04,24850.0,200.0,2672600.0
1136,2021-10-18 06:41:04,24850.0,1000.0,2672400.0
1137,2021-10-18 06:41:04,24850.0,200.0,2671400.0
1138,2021-10-18 06:41:04,24850.0,1000.0,2671200.0
1139,2021-10-18 06:41:04,24850.0,2000.0,2670200.0
1140,2021-10-18 06:41:04,24850.0,300.0,2668200.0
1141,2021-10-18 06:41:04,24850.0,4600.0,2667900.0
1142,2021-10-18 06:40:58,24850.0,400.0,2663300.0
1143,2021-10-18 06:40:58,24850.0,200.0,2662900.0
1144,2021-10-18 06:40:58,24850.0,400.0,2662700.0
1145,2021-10-18 06:40:34,24850.0,600.0,2662300.0
1146,2021-10-18 06:40:34,24850.0,300.0,2661700.0
1147,2021-10-18 06:40:33,24850.0,15800.0,2661400.0
1148,2021-10-18 06:40:30,24850.0,100.0,2645600.0
1149,2021-10-18 06:39:41,24850.0,3800.0,2645500.0
1150,2021-10-18 06:39:41,24850.0,41200.0,2641700.0
1151,2021-10-18 06:39:30,24850.0,21000.0,2600500.0
1152,2021-10-18 06:39:12,24850.0,1000.0,2579500.0
1153,2021-10-18 06:38:52,24850.0,200.0,2578500.0
1154,2021-10-18 06:38:46,24850.0,2700.0,2578300.0
1155,2021-10-18 06:38:43,24850.0,1500.0,2575600.0
1156,2021-10-18 06:38:12,24850.0,2000.0,2574100.0
1157,2021-10-18 06:37:42,24850.0,400.0,2572100.0
1158,2021-10-18 06:37:42,24850.0,3000.0,2571700.0
1159,2021-10-18 06:37:42,24850.0,500.0,2568700.0
1160,2021-10-18 06:37:42,24850.0,16100.0,2568200.0
1161,2021-10-18 06:37:32,24900.0,100.0,2552100.0
1162,2021-10-18 06:37:16,24900.0,100.0,2552000.0
1163,2021-10-18 06:37:14,24900.0,100.0,2551900.0
1164,2021-10-18 06:37:02,24900.0,400.0,2551800.0
1165,2021-10-18 06:37:02,24900.0,200.0,2551400.0
1166,2021-10-18 06:37:02,24900.0,100.0,2551200.0
1167,2021-10-18 06:36:36,24900.0,200.0,2551100.0
1168,2021-10-18 06:36:19,24900.0,300.0,2550900.0
1169,2021-10-18 06:36:19,24900.0,700.0,2550600.0
1170,2021-10-18 06:36:11,24900.0,300.0,2549900.0
1171,2021-10-18 06:36:11,24900.0,100.0,2549600.0
1172,2021-10-18 06:36:11,24900.0,500.0,2549500.0
1173,2021-10-18 06:36:11,24900.0,300.0,2549000.0
1174,2021-10-18 06:36:11,24900.0,100.0,2548700.0
1175,2021-10-18 06:36:08,24900.0,900.0,2548600.0
1176,2021-10-18 06:36:05,24900.0,400.0,2547700.0
1177,2021-10-18 06:35:39,24900.0,3500.0,2547300.0
1178,2021-10-18 06:35:38,24950.0,300.0,2543800.0
1179,2021-10-18 06:35:15,24900.0,100.0,2543500.0
1180,2021-10-18 06:35:01,24900.0,300.0,2543400.0
1181,2021-10-18 06:35:00,24900.0,100.0,2543100.0
1182,2021-10-18 06:34:47,24900.0,1000.0,2543000.0
1183,2021-10-18 06:34:45,24900.0,1000.0,2542000.0
1184,2021-10-18 06:34:33,24900.0,10000.0,2541000.0
1185,2021-10-18 06:34:32,24900.0,400.0,2531000.0
1186,2021-10-18 06:34:25,24900.0,100.0,2530600.0
1187,2021-10-18 06:34:25,24900.0,3000.0,2530500.0
1188,2021-10-18 06:34:25,24900.0,900.0,2527500.0
1189,2021-10-18 06:34:25,24900.0,1000.0,2526600.0
1190,2021-10-18 06:34:25,24900.0,100.0,2525600.0
1191,2021-10-18 06:34:25,24900.0,2000.0,2525500.0
1192,2021-10-18 06:34:18,24900.0,1600.0,2523500.0
1193,2021-10-18 06:34:18,24900.0,3400.0,2521900.0
1194,2021-10-18 06:34:14,24900.0,2000.0,2518500.0
1195,2021-10-18 06:33:43,24900.0,1100.0,2516500.0
1196,2021-10-18 06:33:27,24900.0,4700.0,2515400.0
1197,2021-10-18 06:33:27,24900.0,300.0,2510700.0
1198,2021-10-18 06:33:24,24850.0,1000.0,2510400.0
1199,2021-10-18 06:33:23,24850.0,1900.0,2509400.0
1200,2021-10-18 06:33:18,24850.0,1000.0,2507500.0
1201,2021-10-18 06:33:14,24850.0,300.0,2506500.0
1202,2021-10-18 06:33:11,24850.0,1000.0,2506200.0
1203,2021-10-18 06:33:11,24850.0,1500.0,2505200.0
1204,2021-10-18 06:32:59,24850.0,500.0,2503700.0
1205,2021-10-18 06:32:59,24850.0,100.0,2503200.0
1206,2021-10-18 06:32:59,24850.0,1400.0,2503100.0
1207,2021-10-18 06:32:57,24850.0,1200.0,2501700.0
1208,2021-10-18 06:32:57,24850.0,100.0,2500500.0
1209,2021-10-18 06:32:57,24850.0,700.0,2500400.0
1210,2021-10-18 06:32:52,24850.0,300.0,2499700.0
1211,2021-10-18 06:32:52,24850.0,700.0,2499400.0
1212,2021-10-18 06:32:18,24850.0,2000.0,2498700.0
1213,2021-10-18 06:32:08,24850.0,10000.0,2496700.0
1214,2021-10-18 06:32:04,24850.0,5000.0,2486700.0
1215,2021-10-18 06:32:04,24850.0,500.0,2481700.0
1216,2021-10-18 06:32:04,24850.0,1800.0,2481200.0
1217,2021-10-18 06:31:59,24800.0,1000.0,2479400.0
1218,2021-10-18 06:31:55,24800.0,4600.0,2478400.0
1219,2021-10-18 06:31:47,24800.0,100.0,2473800.0
1220,2021-10-18 06:31:47,24800.0,100.0,2473700.0
1221,2021-10-18 06:31:47,24800.0,2300.0,2473600.0
1222,2021-10-18 06:31:44,24800.0,100.0,2471300.0
1223,2021-10-18 06:31:42,24800.0,200.0,2471200.0
1224,2021-10-18 06:31:41,24800.0,100.0,2471000.0
1225,2021-10-18 06:31:38,24800.0,400.0,2470900.0
1226,2021-10-18 06:31:35,24800.0,500.0,2470500.0
1227,2021-10-18 06:31:27,24800.0,300.0,2470000.0
1228,2021-10-18 06:31:27,24800.0,1000.0,2469700.0
1229,2021-10-18 06:31:23,24800.0,300.0,2468700.0
1230,2021-10-18 06:31:20,24800.0,10000.0,2468400.0
1231,2021-10-18 06:31:19,24800.0,100.0,2458400.0
1232,2021-10-18 06:31:19,24800.0,500.0,2458300.0
1233,2021-10-18 06:31:19,24800.0,100.0,2457800.0
1234,2021-10-18 06:31:19,24800.0,100.0,2457700.0
1235,2021-10-18 06:31:19,24800.0,2000.0,2457600.0
1236,2021-10-18 06:31:19,24800.0,500.0,2455600.0
1237,2021-10-18 06:31:19,24800.0,300.0,2455100.0
1238,2021-10-18 06:31:19,24800.0,200.0,2454800.0
1239,2021-10-18 06:31:19,24800.0,5000.0,2454600.0
1240,2021-10-18 06:31:19,24800.0,2000.0,2449600.0
1241,2021-10-18 06:31:19,24800.0,200.0,2447600.0
1242,2021-10-18 06:31:19,24800.0,100.0,2447400.0
1243,2021-10-18 06:31:19,24800.0,400.0,2447300.0
1244,2021-10-18 06:31:19,24800.0,100.0,2446900.0
1245,2021-10-18 06:31:19,24800.0,3000.0,2446800.0
1246,2021-10-18 06:31:19,24800.0,200.0,2443800.0
1247,2021-10-18 06:31:09,24800.0,1200.0,2443600.0
1248,2021-10-18 06:31:09,24800.0,10000.0,2442400.0
1249,2021-10-18 06:31:09,24800.0,300.0,2432400.0
1250,2021-10-18 06:31:09,24800.0,100.0,2432100.0
1251,2021-10-18 06:31:09,24800.0,200.0,2432000.0
1252,2021-10-18 06:31:09,24800.0,1000.0,2431800.0
1253,2021-10-18 06:31:09,24800.0,100.0,2430800.0
1254,2021-10-18 06:31:09,24800.0,100.0,2430700.0
1255,2021-10-18 06:31:09,24800.0,200.0,2430600.0
1256,2021-10-18 06:31:09,24800.0,500.0,2430400.0
1257,2021-10-18 06:31:09,24800.0,1000.0,2429900.0
1258,2021-10-18 06:31:09,24800.0,100.0,2428900.0
1259,2021-10-18 06:31:09,24800.0,1000.0,2428800.0
1260,2021-10-18 06:31:09,24800.0,1000.0,2427800.0
1261,2021-10-18 06:31:09,24800.0,1000.0,2426800.0
1262,2021-10-18 06:31:09,24800.0,100.0,2425800.0
1263,2021-10-18 06:31:09,24800.0,500.0,2425700.0
1264,2021-10-18 06:31:09,24800.0,200.0,2425200.0
1265,2021-10-18 06:31:09,24800.0,500.0,2425000.0
1266,2021-10-18 06:31:09,24800.0,100.0,2424500.0
1267,2021-10-18 06:31:09,24800.0,600.0,2424400.0
1268,2021-10-18 06:31:09,24800.0,100.0,2423800.0
1269,2021-10-18 06:31:09,24800.0,100.0,2423700.0
1270,2021-10-18 06:31:09,24800.0,1000.0,2423600.0
1271,2021-10-18 06:31:09,24800.0,100.0,2422600.0
1272,2021-10-18 06:31:09,24800.0,1000.0,2422500.0
1273,2021-10-18 06:31:09,24800.0,1000.0,2421500.0
1274,2021-10-18 06:31:09,24800.0,1000.0,2420500.0
1275,2021-10-18 06:31:09,24800.0,3000.0,2419500.0
1276,2021-10-18 06:31:09,24800.0,10000.0,2416500.0
1277,2021-10-18 06:31:09,24800.0,500.0,2406500.0
1278,2021-10-18 06:31:09,24800.0,100.0,2406000.0
1279,2021-10-18 06:31:09,24800.0,400.0,2405900.0
1280,2021-10-18 06:30:58,24850.0,100.0,2405500.0
1281,2021-10-18 06:30:52,24850.0,100.0,2405400.0
1282,2021-10-18 06:30:51,24800.0,600.0,2405300.0
1283,2021-10-18 06:30:51,24800.0,200.0,2404700.0
1284,2021-10-18 06:30:51,24800.0,20000.0,2404500.0
1285,2021-10-18 06:30:51,24800.0,100.0,2384500.0
1286,2021-10-18 06:30:51,24800.0,500.0,2384400.0
1287,2021-10-18 06:30:51,24800.0,100.0,2383900.0
1288,2021-10-18 06:30:51,24800.0,4000.0,2383800.0
1289,2021-10-18 06:30:51,24800.0,100.0,2379800.0
1290,2021-10-18 06:30:51,24800.0,200.0,2379700.0
1291,2021-10-18 06:30:51,24800.0,100.0,2379500.0
1292,2021-10-18 06:30:51,24800.0,100.0,2379400.0
1293,2021-10-18 06:30:51,24800.0,200.0,2379300.0
1294,2021-10-18 06:30:51,24800.0,1000.0,2379100.0
1295,2021-10-18 06:30:51,24800.0,500.0,2378100.0
1296,2021-10-18 06:30:51,24800.0,2000.0,2377600.0
1297,2021-10-18 06:30:51,24800.0,5000.0,2375600.0
1298,2021-10-18 06:30:51,24800.0,200.0,2370600.0
1299,2021-10-18 06:30:51,24800.0,500.0,2370400.0
1300,2021-10-18 06:30:51,24800.0,100.0,2369900.0
1301,2021-10-18 06:30:51,24800.0,300.0,2369800.0
1302,2021-10-18 06:30:51,24800.0,300.0,2369500.0
1303,2021-10-18 06:30:51,24800.0,100.0,2369200.0
1304,2021-10-18 06:30:51,24800.0,3800.0,2369100.0
1305,2021-10-18 06:30:43,24850.0,100.0,2365300.0
1306,2021-10-18 06:30:43,24850.0,3000.0,2365200.0
1307,2021-10-18 06:30:43,24850.0,200.0,2362200.0
1308,2021-10-18 06:30:38,24900.0,400.0,2362000.0
1309,2021-10-18 06:30:36,24900.0,1300.0,2361600.0
1310,2021-10-18 06:30:36,24900.0,1000.0,2360300.0
1311,2021-10-18 06:30:36,24900.0,100.0,2359300.0
1312,2021-10-18 06:30:36,24900.0,100.0,2359200.0
1313,2021-10-18 06:30:32,24900.0,200.0,2359100.0
1314,2021-10-18 06:30:04,24900.0,200.0,2358900.0
1315,2021-10-18 06:29:33,24900.0,100.0,2358700.0
1316,2021-10-18 06:29:25,24900.0,400.0,2358600.0
1317,2021-10-18 06:29:24,24850.0,1000.0,2358200.0
1318,2021-10-18 06:29:24,24850.0,1500.0,2357200.0
1319,2021-10-18 06:29:18,24850.0,100.0,2355700.0
1320,2021-10-18 06:29:18,24850.0,300.0,2355600.0
1321,2021-10-18 06:29:07,24850.0,200.0,2355300.0
1322,2021-10-18 06:29:07,24850.0,300.0,2355100.0
1323,2021-10-18 06:29:07,24850.0,900.0,2354800.0
1324,2021-10-18 06:29:07,24850.0,700.0,2353900.0
1325,2021-10-18 06:29:07,24850.0,1200.0,2353200.0
1326,2021-10-18 06:29:07,24850.0,500.0,2352000.0
1327,2021-10-18 06:29:07,24850.0,100.0,2351500.0
1328,2021-10-18 06:29:07,24850.0,100.0,2351400.0
1329,2021-10-18 06:29:07,24850.0,5000.0,2351300.0
1330,2021-10-18 06:29:07,24850.0,400.0,2346300.0
1331,2021-10-18 06:29:07,24850.0,400.0,2345900.0
1332,2021-10-18 06:29:07,24850.0,100.0,2345500.0
1333,2021-10-18 06:29:07,24850.0,100.0,2345400.0
1334,2021-10-18 06:29:05,24850.0,100.0,2345300.0
1335,2021-10-18 06:29:05,24850.0,700.0,2345200.0
1336,2021-10-18 06:28:46,24850.0,4300.0,2344500.0
1337,2021-10-18 06:28:46,24850.0,700.0,2340200.0
1338,2021-10-18 06:28:39,24850.0,200.0,2339500.0
1339,2021-10-18 06:28:26,24850.0,100.0,2339300.0
1340,2021-10-18 06:28:26,24850.0,200.0,2339200.0
1341,2021-10-18 06:28:26,24850.0,200.0,2339000.0
1342,2021-10-18 06:28:14,24850.0,300.0,2338800.0
1343,2021-10-18 06:28:14,24850.0,600.0,2338500.0
1344,2021-10-18 06:28:14,24850.0,200.0,2337900.0
1345,2021-10-18 06:28:14,24850.0,100.0,2337700.0
1346,2021-10-18 06:28:14,24850.0,300.0,2337600.0
1347,2021-10-18 06:28:14,24850.0,30000.0,2337300.0
1348,2021-10-18 06:28:14,24850.0,500.0,2307300.0
1349,2021-10-18 06:28:14,24850.0,100.0,2306800.0
1350,2021-10-18 06:28:14,24850.0,300.0,2306700.0
1351,2021-10-18 06:28:14,24850.0,100.0,2306400.0
1352,2021-10-18 06:28:14,24850.0,20000.0,2306300.0
1353,2021-10-18 06:28:14,24850.0,500.0,2286300.0
1354,2021-10-18 06:28:14,24850.0,100.0,2285800.0
1355,2021-10-18 06:28:14,24850.0,2000.0,2285700.0
1356,2021-10-18 06:28:14,24850.0,20000.0,2283700.0
1357,2021-10-18 06:28:14,24850.0,100.0,2263700.0
1358,2021-10-18 06:28:14,24850.0,200.0,2263600.0
1359,2021-10-18 06:28:14,24850.0,100.0,2263400.0
1360,2021-10-18 06:28:14,24900.0,100.0,2263300.0
1361,2021-10-18 06:28:14,24900.0,100.0,2263200.0
1362,2021-10-18 06:28:14,24900.0,100.0,2263100.0
1363,2021-10-18 06:28:14,24900.0,300.0,2263000.0
1364,2021-10-18 06:28:14,24900.0,200.0,2262700.0
1365,2021-10-18 06:28:14,24900.0,200.0,2262500.0
1366,2021-10-18 06:28:14,24900.0,300.0,2262300.0
1367,2021-10-18 06:28:14,24900.0,100.0,2262000.0
1368,2021-10-18 06:28:14,24900.0,400.0,2261900.0
1369,2021-10-18 06:28:14,24900.0,100.0,2261500.0
1370,2021-10-18 06:28:14,24900.0,3700.0,2261400.0
1371,2021-10-18 06:28:14,24900.0,100.0,2257700.0
1372,2021-10-18 06:28:14,24900.0,200.0,2257600.0
1373,2021-10-18 06:28:14,24900.0,200.0,2257400.0
1374,2021-10-18 06:28:14,24900.0,2100.0,2257200.0
1375,2021-10-18 06:28:14,24900.0,500.0,2255100.0
1376,2021-10-18 06:28:14,24900.0,1000.0,2254600.0
1377,2021-10-18 06:28:14,24900.0,1000.0,2253600.0
1378,2021-10-18 06:28:14,24900.0,1000.0,2252600.0
1379,2021-10-18 06:28:14,24900.0,100.0,2251600.0
1380,2021-10-18 06:28:14,24900.0,300.0,2251500.0
1381,2021-10-18 06:28:14,24900.0,100.0,2251200.0
1382,2021-10-18 06:28:14,24900.0,500.0,2251100.0
1383,2021-10-18 06:28:14,24900.0,1500.0,2250600.0
1384,2021-10-18 06:28:14,24900.0,1000.0,2249100.0
1385,2021-10-18 06:28:14,24900.0,1000.0,2248100.0
1386,2021-10-18 06:28:14,24900.0,900.0,2247100.0
1387,2021-10-18 06:28:14,24900.0,1000.0,2246200.0
1388,2021-10-18 06:28:14,24900.0,500.0,2245200.0
1389,2021-10-18 06:28:14,24900.0,300.0,2244700.0
1390,2021-10-18 06:28:14,24900.0,500.0,2244400.0
1391,2021-10-18 06:28:14,24900.0,100.0,2243900.0
1392,2021-10-18 06:28:14,24900.0,100.0,2243800.0
1393,2021-10-18 06:28:14,24900.0,2000.0,2243700.0
1394,2021-10-18 06:28:14,24900.0,1000.0,2241700.0
1395,2021-10-18 06:28:14,24900.0,3000.0,2240700.0
1396,2021-10-18 06:28:14,24900.0,2000.0,2237700.0
1397,2021-10-18 06:28:14,24900.0,23600.0,2235700.0
1398,2021-10-18 06:27:49,24900.0,6400.0,2212100.0
1399,2021-10-18 06:27:49,24900.0,200.0,2205700.0
1400,2021-10-18 06:27:49,24900.0,200.0,2205500.0
1401,2021-10-18 06:27:49,24900.0,100.0,2205300.0
1402,2021-10-18 06:27:49,24900.0,300.0,2205200.0
1403,2021-10-18 06:27:49,24900.0,2000.0,2204900.0
1404,2021-10-18 06:27:49,24900.0,100.0,2202900.0
1405,2021-10-18 06:27:49,24900.0,100.0,2202800.0
1406,2021-10-18 06:27:49,24900.0,100.0,2202700.0
1407,2021-10-18 06:27:49,24900.0,100.0,2202600.0
1408,2021-10-18 06:27:49,24900.0,100.0,2202500.0
1409,2021-10-18 06:27:49,24900.0,200.0,2202400.0
1410,2021-10-18 06:27:49,24900.0,200.0,2202200.0
1411,2021-10-18 06:27:46,24900.0,300.0,2202000.0
1412,2021-10-18 06:27:46,24900.0,100.0,2201700.0
1413,2021-10-18 06:27:46,24900.0,100.0,2201600.0
1414,2021-10-18 06:27:03,24900.0,200.0,2201500.0
1415,2021-10-18 06:27:03,24950.0,1000.0,2201300.0
1416,2021-10-18 06:26:46,24900.0,600.0,2200300.0
1417,2021-10-18 06:26:40,24950.0,100.0,2199700.0
1418,2021-10-18 06:26:40,24950.0,600.0,2199600.0
1419,2021-10-18 06:26:40,24950.0,100.0,2199000.0
1420,2021-10-18 06:26:33,24900.0,3100.0,2198900.0
1421,2021-10-18 06:26:33,24900.0,1900.0,2195800.0
1422,2021-10-18 06:25:52,24900.0,200.0,2193900.0
1423,2021-10-18 06:25:45,24900.0,100.0,2193700.0
1424,2021-10-18 06:25:44,24900.0,1100.0,2193600.0
1425,2021-10-18 06:25:43,24950.0,100.0,2192500.0
1426,2021-10-18 06:25:26,24900.0,600.0,2192400.0
1427,2021-10-18 06:24:47,24950.0,1000.0,2191800.0
1428,2021-10-18 06:24:40,24900.0,500.0,2190800.0
1429,2021-10-18 06:24:38,24950.0,100.0,2190300.0
1430,2021-10-18 06:24:34,24950.0,100.0,2190200.0
1431,2021-10-18 06:24:29,24950.0,1000.0,2190100.0
1432,2021-10-18 06:24:24,24950.0,300.0,2189100.0
1433,2021-10-18 06:24:19,24950.0,200.0,2188800.0
1434,2021-10-18 06:24:16,24950.0,1000.0,2188600.0
1435,2021-10-18 06:24:15,24950.0,1000.0,2187600.0
1436,2021-10-18 06:24:04,24950.0,100.0,2186600.0
1437,2021-10-18 06:24:04,24950.0,1000.0,2186500.0
1438,2021-10-18 06:23:27,24950.0,800.0,2185500.0
1439,2021-10-18 06:23:26,24950.0,4200.0,2184700.0
1440,2021-10-18 06:23:26,24950.0,100.0,2180500.0
1441,2021-10-18 06:23:26,24950.0,100.0,2180400.0
1442,2021-10-18 06:23:26,24950.0,100.0,2180300.0
1443,2021-10-18 06:23:26,24950.0,100.0,2180200.0
1444,2021-10-18 06:23:26,24950.0,1500.0,2180100.0
1445,2021-10-18 06:23:26,24950.0,1500.0,2178600.0
1446,2021-10-18 06:23:26,24950.0,2400.0,2177100.0
1447,2021-10-18 06:22:38,24950.0,2000.0,2174700.0
1448,2021-10-18 06:22:17,24950.0,600.0,2172700.0
1449,2021-10-18 06:22:08,24950.0,200.0,2172100.0
1450,2021-10-18 06:21:59,25000.0,1000.0,2171900.0
1451,2021-10-18 06:20:17,24950.0,1800.0,2170900.0
1452,2021-10-18 06:20:17,24950.0,100.0,2169100.0
1453,2021-10-18 06:19:37,24950.0,1000.0,2169000.0
1454,2021-10-18 06:19:35,24950.0,1000.0,2168000.0
1455,2021-10-18 06:19:35,24950.0,200.0,2167000.0
1456,2021-10-18 06:19:35,24950.0,100.0,2166800.0
1457,2021-10-18 06:19:35,24950.0,100.0,2166700.0
1458,2021-10-18 06:19:35,24950.0,2000.0,2166600.0
1459,2021-10-18 06:19:35,24950.0,5600.0,2164600.0
1460,2021-10-18 06:19:21,24950.0,1000.0,2159000.0
1461,2021-10-18 06:19:06,24950.0,1000.0,2158000.0
1462,2021-10-18 06:19:06,24950.0,1000.0,2157000.0
1463,2021-10-18 06:18:50,24900.0,600.0,2156000.0
1464,2021-10-18 06:18:50,24900.0,400.0,2155400.0
1465,2021-10-18 06:18:28,24950.0,1000.0,2155000.0
1466,2021-10-18 06:18:25,24950.0,400.0,2154000.0
1467,2021-10-18 06:18:25,24950.0,2100.0,2153600.0
1468,2021-10-18 06:18:20,24950.0,200.0,2151500.0
1469,2021-10-18 06:18:20,24950.0,400.0,2151300.0
1470,2021-10-18 06:17:59,24950.0,100.0,2150900.0
1471,2021-10-18 06:17:52,24950.0,1000.0,2150800.0
1472,2021-10-18 06:17:41,24950.0,200.0,2149800.0
1473,2021-10-18 06:17:41,24950.0,300.0,2149600.0
1474,2021-10-18 06:17:41,24950.0,1000.0,2149300.0
1475,2021-10-18 06:17:36,24900.0,1600.0,2148300.0
1476,2021-10-18 06:17:36,24900.0,1000.0,2146700.0
1477,2021-10-18 06:17:36,24900.0,1300.0,2145700.0
1478,2021-10-18 06:17:36,24950.0,500.0,2144400.0
1479,2021-10-18 06:17:36,24950.0,100.0,2143900.0
1480,2021-10-18 06:17:36,24950.0,500.0,2143800.0
1481,2021-10-18 06:17:22,24950.0,500.0,2143300.0
1482,2021-10-18 06:17:20,25000.0,200.0,2142800.0
1483,2021-10-18 06:17:05,24950.0,500.0,2142600.0
1484,2021-10-18 06:16:57,24950.0,9300.0,2142100.0
1485,2021-10-18 06:16:57,24950.0,500.0,2132800.0
1486,2021-10-18 06:16:57,24950.0,4000.0,2132300.0
1487,2021-10-18 06:16:57,24950.0,100.0,2128300.0
1488,2021-10-18 06:16:57,24950.0,300.0,2128200.0
1489,2021-10-18 06:16:57,24950.0,500.0,2127900.0
1490,2021-10-18 06:16:57,24950.0,500.0,2127400.0
1491,2021-10-18 06:16:57,24950.0,100.0,2126900.0
1492,2021-10-18 06:16:57,24950.0,100.0,2126800.0
1493,2021-10-18 06:16:57,24950.0,100.0,2126700.0
1494,2021-10-18 06:16:57,24950.0,10000.0,2126600.0
1495,2021-10-18 06:16:57,24950.0,500.0,2116600.0
1496,2021-10-18 06:16:57,24950.0,2000.0,2116100.0
1497,2021-10-18 06:16:57,24950.0,2000.0,2114100.0
1498,2021-10-18 06:16:22,24950.0,1200.0,2112100.0
1499,2021-10-18 06:16:20,25000.0,100.0,2110900.0
1500,2021-10-18 06:16:20,25000.0,10000.0,2110800.0
1501,2021-10-18 06:15:36,25000.0,100.0,2100800.0
1502,2021-10-18 06:15:36,25000.0,1500.0,2100700.0
1503,2021-10-18 06:15:36,25000.0,600.0,2099200.0
1504,2021-10-18 06:15:36,25000.0,1000.0,2098600.0
1505,2021-10-18 06:15:36,25000.0,1000.0,2097600.0
1506,2021-10-18 06:15:36,25000.0,500.0,2096600.0
1507,2021-10-18 06:15:36,25000.0,1000.0,2096100.0
1508,2021-10-18 06:15:36,25000.0,100.0,2095100.0
1509,2021-10-18 06:15:36,25000.0,200.0,2095000.0
1510,2021-10-18 06:15:36,25000.0,1000.0,2094800.0
1511,2021-10-18 06:15:36,25000.0,21000.0,2093800.0
1512,2021-10-18 06:15:36,25000.0,200.0,2072800.0
1513,2021-10-18 06:15:36,25000.0,10000.0,2072600.0
1514,2021-10-18 06:15:36,25000.0,200.0,2062600.0
1515,2021-10-18 06:15:36,25000.0,1000.0,2062400.0
1516,2021-10-18 06:15:36,25000.0,900.0,2061400.0
1517,2021-10-18 06:15:36,25000.0,1000.0,2060500.0
1518,2021-10-18 06:15:36,25000.0,500.0,2059500.0
1519,2021-10-18 06:15:36,25000.0,10000.0,2059000.0
1520,2021-10-18 06:15:36,25000.0,200.0,2049000.0
1521,2021-10-18 06:15:36,25000.0,4000.0,2048800.0
1522,2021-10-18 06:15:36,25000.0,500.0,2044800.0
1523,2021-10-18 06:15:36,25000.0,1200.0,2044300.0
1524,2021-10-18 06:15:36,25050.0,6800.0,2043100.0
1525,2021-10-18 06:15:36,25050.0,100.0,2036300.0
1526,2021-10-18 06:15:36,25050.0,600.0,2036200.0
1527,2021-10-18 06:15:36,25050.0,500.0,2035600.0
1528,2021-10-18 06:15:36,25050.0,400.0,2035100.0
1529,2021-10-18 06:15:36,25050.0,2000.0,2034700.0
1530,2021-10-18 06:15:36,25050.0,100.0,2032700.0
1531,2021-10-18 06:15:36,25050.0,1000.0,2032600.0
1532,2021-10-18 06:15:36,25050.0,100.0,2031600.0
1533,2021-10-18 06:15:36,25050.0,8000.0,2031500.0
1534,2021-10-18 06:15:36,25050.0,500.0,2023500.0
1535,2021-10-18 06:15:36,25050.0,32300.0,2023000.0
1536,2021-10-18 06:15:32,25050.0,500.0,1990700.0
1537,2021-10-18 06:15:30,25050.0,100.0,1990200.0
1538,2021-10-18 06:15:17,25050.0,4000.0,1990100.0
1539,2021-10-18 06:14:56,25050.0,100.0,1986100.0
1540,2021-10-18 06:14:16,25100.0,100.0,1986000.0
1541,2021-10-18 06:14:02,25100.0,2900.0,1985900.0
1542,2021-10-18 06:14:02,25100.0,5000.0,1983000.0
1543,2021-10-18 06:14:02,25100.0,200.0,1978000.0
1544,2021-10-18 06:14:02,25100.0,1900.0,1977800.0
1545,2021-10-18 06:13:32,25100.0,800.0,1975900.0
1546,2021-10-18 06:13:24,25100.0,100.0,1975100.0
1547,2021-10-18 06:13:11,25100.0,6000.0,1975000.0
1548,2021-10-18 06:12:11,25100.0,100.0,1969000.0
1549,2021-10-18 06:11:58,25100.0,20000.0,1968900.0
1550,2021-10-18 06:11:58,25100.0,1000.0,1948900.0
1551,2021-10-18 06:11:58,25100.0,100.0,1947900.0
1552,2021-10-18 06:11:57,25150.0,300.0,1947800.0
1553,2021-10-18 06:11:51,25100.0,2500.0,1947500.0
1554,2021-10-18 06:11:24,25100.0,400.0,1945000.0
1555,2021-10-18 06:11:24,25100.0,1000.0,1944600.0
1556,2021-10-18 06:11:24,25100.0,500.0,1943600.0
1557,2021-10-18 06:10:18,25100.0,500.0,1943100.0
1558,2021-10-18 06:09:58,25150.0,100.0,1942600.0
1559,2021-10-18 06:09:58,25150.0,100.0,1942500.0
1560,2021-10-18 06:09:58,25150.0,200.0,1942400.0
1561,2021-10-18 06:09:58,25150.0,200.0,1942200.0
1562,2021-10-18 06:09:58,25150.0,1000.0,1942000.0
1563,2021-10-18 06:09:58,25150.0,100.0,1941000.0
1564,2021-10-18 06:09:58,25150.0,800.0,1940900.0
1565,2021-10-18 06:09:58,25150.0,500.0,1940100.0
1566,2021-10-18 06:09:58,25100.0,100.0,1939600.0
1567,2021-10-18 06:09:58,25100.0,200.0,1939500.0
1568,2021-10-18 06:09:58,25100.0,1600.0,1939300.0
1569,2021-10-18 06:09:50,25100.0,1000.0,1937700.0
1570,2021-10-18 06:09:47,25100.0,2900.0,1936700.0
1571,2021-10-18 06:09:38,25100.0,1200.0,1933800.0
1572,2021-10-18 06:09:38,25100.0,5000.0,1932600.0
1573,2021-10-18 06:09:38,25100.0,300.0,1927600.0
1574,2021-10-18 06:09:31,25100.0,1500.0,1927300.0
1575,2021-10-18 06:09:31,25100.0,1000.0,1925800.0
1576,2021-10-18 06:09:31,25100.0,400.0,1924800.0
1577,2021-10-18 06:09:31,25100.0,600.0,1924400.0
1578,2021-10-18 06:09:31,25100.0,200.0,1923800.0
1579,2021-10-18 06:09:31,25100.0,100.0,1923600.0
1580,2021-10-18 06:09:31,25100.0,100.0,1923500.0
1581,2021-10-18 06:09:27,25100.0,100.0,1923400.0
1582,2021-10-18 06:09:27,25100.0,300.0,1923300.0
1583,2021-10-18 06:09:27,25100.0,200.0,1923000.0
1584,2021-10-18 06:09:27,25100.0,400.0,1922800.0
1585,2021-10-18 06:09:19,25100.0,5100.0,1922400.0
1586,2021-10-18 06:09:19,25100.0,300.0,1917300.0
1587,2021-10-18 06:09:19,25100.0,200.0,1917000.0
1588,2021-10-18 06:09:19,25100.0,400.0,1916800.0
1589,2021-10-18 06:09:19,25100.0,100.0,1916400.0
1590,2021-10-18 06:09:19,25100.0,200.0,1916300.0
1591,2021-10-18 06:09:19,25100.0,1300.0,1916100.0
1592,2021-10-18 06:09:19,25100.0,400.0,1914800.0
1593,2021-10-18 06:09:19,25100.0,5000.0,1914400.0
1594,2021-10-18 06:09:19,25100.0,3000.0,1909400.0
1595,2021-10-18 06:09:19,25100.0,100.0,1906400.0
1596,2021-10-18 06:09:19,25100.0,100.0,1906300.0
1597,2021-10-18 06:09:19,25100.0,200.0,1906200.0
1598,2021-10-18 06:09:19,25100.0,500.0,1906000.0
1599,2021-10-18 06:09:19,25100.0,100.0,1905500.0
1600,2021-10-18 06:09:19,25100.0,3000.0,1905400.0
1601,2021-10-18 06:08:58,25050.0,500.0,1902400.0
1602,2021-10-18 06:08:56,25050.0,5000.0,1901900.0
1603,2021-10-18 06:08:52,25100.0,400.0,1896900.0
1604,2021-10-18 06:08:49,25050.0,1000.0,1896500.0
1605,2021-10-18 06:08:36,25050.0,100.0,1895500.0
1606,2021-10-18 06:08:25,25100.0,1000.0,1895400.0
1607,2021-10-18 06:08:17,25100.0,600.0,1894400.0
1608,2021-10-18 06:08:17,25100.0,100.0,1893800.0
1609,2021-10-18 06:08:17,25100.0,100.0,1893700.0
1610,2021-10-18 06:08:17,25100.0,2400.0,1893600.0
1611,2021-10-18 06:08:17,25100.0,500.0,1891200.0
1612,2021-10-18 06:08:17,25100.0,1000.0,1890700.0
1613,2021-10-18 06:08:17,25100.0,100.0,1889700.0
1614,2021-10-18 06:08:17,25100.0,1500.0,1889600.0
1615,2021-10-18 06:08:17,25100.0,3000.0,1888100.0
1616,2021-10-18 06:08:17,25100.0,700.0,1885100.0
1617,2021-10-18 06:08:09,25100.0,300.0,1884400.0
1618,2021-10-18 06:08:09,25100.0,100.0,1884100.0
1619,2021-10-18 06:08:09,25100.0,1100.0,1884000.0
1620,2021-10-18 06:08:08,25100.0,3400.0,1882900.0
1621,2021-10-18 06:08:00,25100.0,500.0,1879500.0
1622,2021-10-18 06:08:00,25100.0,500.0,1879000.0
1623,2021-10-18 06:07:58,25100.0,200.0,1878500.0
1624,2021-10-18 06:07:55,25050.0,1000.0,1878300.0
1625,2021-10-18 06:07:54,25100.0,400.0,1877300.0
1626,2021-10-18 06:07:47,25100.0,1700.0,1876900.0
1627,2021-10-18 06:07:47,25100.0,500.0,1875200.0
1628,2021-10-18 06:07:47,25100.0,2500.0,1874700.0
1629,2021-10-18 06:07:47,25100.0,1000.0,1872200.0
1630,2021-10-18 06:07:47,25100.0,300.0,1871200.0
1631,2021-10-18 06:07:47,25100.0,200.0,1870900.0
1632,2021-10-18 06:07:47,25100.0,300.0,1870700.0
1633,2021-10-18 06:07:47,25100.0,1000.0,1870400.0
1634,2021-10-18 06:07:46,25050.0,1000.0,1869400.0
1635,2021-10-18 06:07:35,25100.0,300.0,1868400.0
1636,2021-10-18 06:07:31,25100.0,700.0,1868100.0
1637,2021-10-18 06:07:31,25100.0,300.0,1867400.0
1638,2021-10-18 06:07:27,25100.0,300.0,1867100.0
1639,2021-10-18 06:07:27,25100.0,700.0,1866800.0
1640,2021-10-18 06:07:06,25100.0,800.0,1866100.0
1641,2021-10-18 06:07:06,25100.0,1500.0,1865300.0
1642,2021-10-18 06:07:06,25100.0,1000.0,1863800.0
1643,2021-10-18 06:07:06,25100.0,200.0,1862800.0
1644,2021-10-18 06:06:14,25050.0,1000.0,1862600.0
1645,2021-10-18 06:05:16,25050.0,2000.0,1861600.0
1646,2021-10-18 06:04:20,25050.0,1000.0,1859600.0
1647,2021-10-18 06:03:52,25050.0,100.0,1858600.0
1648,2021-10-18 06:03:52,25050.0,300.0,1858500.0
1649,2021-10-18 06:03:35,25050.0,100.0,1858200.0
1650,2021-10-18 06:03:35,25050.0,1300.0,1858100.0
1651,2021-10-18 06:03:22,25050.0,1000.0,1856800.0
1652,2021-10-18 06:03:22,25050.0,100.0,1855800.0
1653,2021-10-18 06:03:22,25050.0,2600.0,1855700.0
1654,2021-10-18 06:02:55,25050.0,100.0,1853100.0
1655,2021-10-18 06:02:55,25050.0,1000.0,1853000.0
1656,2021-10-18 06:02:47,25050.0,3300.0,1852000.0
1657,2021-10-18 06:02:47,25050.0,200.0,1848700.0
1658,2021-10-18 06:02:30,25050.0,300.0,1848500.0
1659,2021-10-18 06:02:27,25050.0,200.0,1848200.0
1660,2021-10-18 06:02:27,25050.0,1000.0,1848000.0
1661,2021-10-18 06:02:26,25000.0,300.0,1847000.0
1662,2021-10-18 06:02:26,25000.0,5000.0,1846700.0
1663,2021-10-18 06:02:26,25000.0,7800.0,1841700.0
1664,2021-10-18 06:02:20,25050.0,400.0,1833900.0
1665,2021-10-18 06:02:20,25050.0,100.0,1833500.0
1666,2021-10-18 06:02:12,25050.0,4900.0,1833400.0
1667,2021-10-18 06:02:12,25050.0,100.0,1828500.0
1668,2021-10-18 06:01:48,25000.0,400.0,1828400.0
1669,2021-10-18 06:01:48,25000.0,200.0,1828000.0
1670,2021-10-18 06:01:48,25000.0,5000.0,1827800.0
1671,2021-10-18 06:01:48,25000.0,1000.0,1822800.0
1672,2021-10-18 06:01:48,25000.0,100.0,1821800.0
1673,2021-10-18 06:01:48,25000.0,1000.0,1821700.0
1674,2021-10-18 06:01:48,25000.0,300.0,1820700.0
1675,2021-10-18 06:01:30,25000.0,100.0,1820400.0
1676,2021-10-18 06:01:30,25000.0,1900.0,1820300.0
1677,2021-10-18 06:01:25,25000.0,10000.0,1818400.0
1678,2021-10-18 06:01:16,25000.0,600.0,1808400.0
1679,2021-10-18 06:00:51,25000.0,500.0,1807800.0
1680,2021-10-18 06:00:49,25000.0,400.0,1807300.0
1681,2021-10-18 06:00:40,25000.0,1100.0,1806900.0
1682,2021-10-18 06:00:34,25000.0,500.0,1805800.0
1683,2021-10-18 06:00:29,25000.0,1300.0,1805300.0
1684,2021-10-18 06:00:27,25000.0,100.0,1804000.0
1685,2021-10-18 06:00:27,24950.0,300.0,1803900.0
1686,2021-10-18 06:00:27,25000.0,400.0,1803600.0
1687,2021-10-18 06:00:26,24950.0,400.0,1803200.0
1688,2021-10-18 06:00:25,24950.0,200.0,1802800.0
1689,2021-10-18 06:00:25,24950.0,100.0,1802600.0
1690,2021-10-18 06:00:21,25000.0,100.0,1802500.0
1691,2021-10-18 06:00:21,25000.0,300.0,1802400.0
1692,2021-10-18 06:00:21,25000.0,1100.0,1802100.0
1693,2021-10-18 06:00:19,25000.0,800.0,1801000.0
1694,2021-10-18 06:00:13,25000.0,400.0,1800200.0
1695,2021-10-18 06:00:13,25000.0,100.0,1799800.0
1696,2021-10-18 06:00:13,25000.0,100.0,1799700.0
1697,2021-10-18 06:00:12,24950.0,5000.0,1799600.0
1698,2021-10-18 06:00:10,25000.0,500.0,1794600.0
1699,2021-10-18 06:00:10,25000.0,100.0,1794100.0
1700,2021-10-18 06:00:07,25000.0,100.0,1794000.0
1701,2021-10-18 06:00:07,24950.0,800.0,1793900.0
1702,2021-10-18 06:00:07,24950.0,200.0,1793100.0
1703,2021-10-18 06:00:06,25000.0,200.0,1792900.0
1704,2021-10-18 06:00:03,25000.0,1000.0,1792700.0
1705,2021-10-18 06:00:01,25000.0,100.0,1791700.0
1706,2021-10-18 06:00:01,25000.0,500.0,1791600.0
1707,2021-10-18 06:00:01,25000.0,200.0,1791100.0
1708,2021-10-18 06:00:01,25000.0,100.0,1790900.0
1709,2021-10-18 06:00:01,25000.0,100.0,1790800.0
1710,2021-10-18 06:00:01,25000.0,2000.0,1790700.0
1711,2021-10-18 06:00:01,25000.0,1300.0,1788700.0
1712,2021-10-18 06:00:01,25000.0,2000.0,1787400.0
1713,2021-10-18 06:00:01,25000.0,1000.0,1785400.0
1714,2021-10-18 06:00:01,25000.0,1000.0,1784400.0
1715,2021-10-18 06:00:01,25000.0,200.0,1783400.0
1716,2021-10-18 06:00:01,25000.0,100.0,1783200.0
1717,2021-10-18 06:00:01,25000.0,200.0,1783100.0
1718,2021-10-18 06:00:01,25000.0,100.0,1782900.0
1719,2021-10-18 06:00:01,25000.0,100.0,1782800.0
1720,2021-10-18 06:00:01,25000.0,200.0,1782700.0
1721,2021-10-18 06:00:01,25000.0,100.0,1782500.0
1722,2021-10-18 06:00:01,25000.0,1000.0,1782400.0
1723,2021-10-18 06:00:01,25000.0,1300.0,1781400.0
1724,2021-10-18 06:00:01,25000.0,1000.0,1780100.0
1725,2021-10-18 06:00:01,25000.0,5000.0,1779100.0
1726,2021-10-18 06:00:01,25000.0,500.0,1774100.0
1727,2021-10-18 06:00:01,25000.0,1000.0,1773600.0
1728,2021-10-18 06:00:01,25000.0,2000.0,1772600.0
1729,2021-10-18 06:00:01,25000.0,1000.0,1770600.0
1730,2021-10-18 06:00:01,25000.0,100.0,1769600.0
1731,2021-10-18 06:00:01,25000.0,500.0,1769500.0
1732,2021-10-18 06:00:01,25000.0,100.0,1769000.0
1733,2021-10-18 06:00:01,25000.0,200.0,1768900.0
1734,2021-10-18 06:00:01,25000.0,5000.0,1768700.0
1735,2021-10-18 06:00:01,25000.0,500.0,1763700.0
1736,2021-10-18 06:00:01,25000.0,1000.0,1763200.0
1737,2021-10-18 06:00:01,25000.0,1500.0,1762200.0
1738,2021-10-18 06:00:01,25000.0,300.0,1760700.0
1739,2021-10-18 06:00:01,25000.0,900.0,1760400.0
1740,2021-10-18 06:00:00,25000.0,300.0,1759500.0
1741,2021-10-18 06:00:00,25000.0,300.0,1759200.0
1742,2021-10-18 04:29:46,25000.0,300.0,1758900.0
1743,2021-10-18 04:29:42,24950.0,100.0,1758600.0
1744,2021-10-18 04:29:42,24950.0,100.0,1758500.0
1745,2021-10-18 04:29:42,24950.0,100.0,1758400.0
1746,2021-10-18 04:29:42,24950.0,4700.0,1758300.0
1747,2021-10-18 04:29:39,25000.0,400.0,1753600.0
1748,2021-10-18 04:29:06,25000.0,500.0,1753200.0
1749,2021-10-18 04:28:05,24950.0,300.0,1752700.0
1750,2021-10-18 04:28:05,24950.0,100.0,1752400.0
1751,2021-10-18 04:28:05,24950.0,100.0,1752300.0
1752,2021-10-18 04:27:58,24950.0,700.0,1752200.0
1753,2021-10-18 04:27:39,24950.0,1000.0,1751500.0
1754,2021-10-18 04:27:10,24950.0,400.0,1750500.0
1755,2021-10-18 04:26:26,24950.0,3000.0,1750100.0
1756,2021-10-18 04:26:25,24950.0,2600.0,1747100.0
1757,2021-10-18 04:26:11,24950.0,200.0,1744500.0
1758,2021-10-18 04:25:32,24950.0,500.0,1744300.0
1759,2021-10-18 04:24:46,24950.0,100.0,1743800.0
1760,2021-10-18 04:24:12,24950.0,200.0,1743700.0
1761,2021-10-18 04:23:01,25000.0,400.0,1743500.0
1762,2021-10-18 04:22:59,25000.0,100.0,1743100.0
1763,2021-10-18 04:22:42,25000.0,10000.0,1743000.0
1764,2021-10-18 04:22:23,24950.0,1200.0,1733000.0
1765,2021-10-18 04:22:23,24950.0,100.0,1731800.0
1766,2021-10-18 04:20:31,24950.0,300.0,1731700.0
1767,2021-10-18 04:20:31,24950.0,100.0,1731400.0
1768,2021-10-18 04:20:31,24950.0,100.0,1731300.0
1769,2021-10-18 04:20:31,24950.0,200.0,1731200.0
1770,2021-10-18 04:20:31,24950.0,200.0,1731000.0
1771,2021-10-18 04:20:31,24950.0,500.0,1730800.0
1772,2021-10-18 04:20:31,24950.0,700.0,1730300.0
1773,2021-10-18 04:20:31,24950.0,1000.0,1729600.0
1774,2021-10-18 04:20:31,24950.0,100.0,1728600.0
1775,2021-10-18 04:20:16,25000.0,1000.0,1728500.0
1776,2021-10-18 04:20:15,24950.0,200.0,1727500.0
1777,2021-10-18 04:20:15,24950.0,1000.0,1727300.0
1778,2021-10-18 04:20:15,24950.0,1700.0,1726300.0
1779,2021-10-18 04:20:06,25000.0,900.0,1724600.0
1780,2021-10-18 04:19:49,25000.0,1000.0,1723700.0
1781,2021-10-18 04:19:29,25000.0,1100.0,1722700.0
1782,2021-10-18 04:18:13,25000.0,200.0,1721600.0
1783,2021-10-18 04:17:17,25000.0,1000.0,1721400.0
1784,2021-10-18 04:16:32,24950.0,100.0,1720400.0
1785,2021-10-18 04:16:24,24950.0,1300.0,1720300.0
1786,2021-10-18 04:16:23,25000.0,800.0,1719000.0
1787,2021-10-18 04:16:23,25000.0,400.0,1718200.0
1788,2021-10-18 04:16:13,25000.0,100.0,1717800.0
1789,2021-10-18 04:16:07,25000.0,100.0,1717700.0
1790,2021-10-18 04:16:07,25000.0,300.0,1717600.0
1791,2021-10-18 04:16:07,25000.0,700.0,1717300.0
1792,2021-10-18 04:16:03,24950.0,300.0,1716600.0
1793,2021-10-18 04:16:03,24950.0,500.0,1716300.0
1794,2021-10-18 04:16:03,24950.0,3500.0,1715800.0
1795,2021-10-18 04:15:53,24950.0,1500.0,1712300.0
1796,2021-10-18 04:15:53,24950.0,200.0,1710800.0
1797,2021-10-18 04:15:53,24950.0,8300.0,1710600.0
1798,2021-10-18 04:15:45,25000.0,1000.0,1702300.0
1799,2021-10-18 04:14:54,25000.0,300.0,1701300.0
1800,2021-10-18 04:14:54,25000.0,100.0,1701000.0
1801,2021-10-18 04:14:54,25000.0,500.0,1700900.0
1802,2021-10-18 04:14:54,25000.0,1000.0,1700400.0
1803,2021-10-18 04:14:54,25000.0,200.0,1699400.0
1804,2021-10-18 04:14:54,25000.0,2000.0,1699200.0
1805,2021-10-18 04:14:54,25000.0,900.0,1697200.0
1806,2021-10-18 04:14:44,25000.0,100.0,1696300.0
1807,2021-10-18 04:14:44,25000.0,100.0,1696200.0
1808,2021-10-18 04:14:15,25000.0,1900.0,1696100.0
1809,2021-10-18 04:14:15,25000.0,100.0,1694200.0
1810,2021-10-18 04:14:13,24950.0,500.0,1694100.0
1811,2021-10-18 04:13:57,24950.0,1000.0,1693600.0
1812,2021-10-18 04:12:35,24950.0,200.0,1692600.0
1813,2021-10-18 04:11:20,24950.0,200.0,1692400.0
1814,2021-10-18 04:11:20,24950.0,1600.0,1692200.0
1815,2021-10-18 04:10:33,24950.0,1000.0,1690600.0
1816,2021-10-18 04:10:30,24950.0,1400.0,1689600.0
1817,2021-10-18 04:10:28,24950.0,1000.0,1688200.0
1818,2021-10-18 04:09:25,24950.0,3000.0,1687200.0
1819,2021-10-18 04:09:25,24950.0,200.0,1684200.0
1820,2021-10-18 04:09:25,24950.0,1800.0,1684000.0
1821,2021-10-18 04:09:02,24950.0,1000.0,1682200.0
1822,2021-10-18 04:08:54,24950.0,100.0,1681200.0
1823,2021-10-18 04:07:49,24950.0,2100.0,1681100.0
1824,2021-10-18 04:07:49,24950.0,500.0,1679000.0
1825,2021-10-18 04:07:49,24950.0,1000.0,1678500.0
1826,2021-10-18 04:07:49,24950.0,700.0,1677500.0
1827,2021-10-18 04:06:51,24950.0,300.0,1676800.0
1828,2021-10-18 04:06:51,24950.0,1500.0,1676500.0
1829,2021-10-18 04:06:51,24950.0,400.0,1675000.0
1830,2021-10-18 04:06:51,24950.0,200.0,1674600.0
1831,2021-10-18 04:06:35,24950.0,100.0,1674400.0
1832,2021-10-18 04:06:31,24950.0,700.0,1674300.0
1833,2021-10-18 04:06:31,24950.0,4300.0,1673600.0
1834,2021-10-18 04:05:31,24950.0,100.0,1669300.0
1835,2021-10-18 04:05:28,24900.0,1700.0,1669200.0
1836,2021-10-18 04:05:28,24900.0,1400.0,1667500.0
1837,2021-10-18 04:05:28,24900.0,300.0,1666100.0
1838,2021-10-18 04:05:28,24900.0,200.0,1665800.0
1839,2021-10-18 04:05:28,24900.0,1400.0,1665600.0
1840,2021-10-18 04:05:20,24950.0,5000.0,1664200.0
1841,2021-10-18 04:05:18,24950.0,10000.0,1659200.0
1842,2021-10-18 04:05:01,24900.0,1000.0,1649200.0
1843,2021-10-18 04:05:00,24900.0,1800.0,1648200.0
1844,2021-10-18 04:04:13,24900.0,2000.0,1646400.0
1845,2021-10-18 04:04:03,24900.0,1000.0,1644400.0
1846,2021-10-18 04:03:12,24900.0,100.0,1643400.0
1847,2021-10-18 04:03:04,24900.0,5000.0,1643300.0
1848,2021-10-18 04:02:56,24900.0,3000.0,1638300.0
1849,2021-10-18 04:02:36,24900.0,800.0,1635300.0
1850,2021-10-18 04:01:23,24900.0,3900.0,1634500.0
1851,2021-10-18 04:01:23,24900.0,1100.0,1630600.0
1852,2021-10-18 04:01:20,24950.0,100.0,1629500.0
1853,2021-10-18 04:01:17,24950.0,500.0,1629400.0
1854,2021-10-18 04:01:17,24950.0,300.0,1628900.0
1855,2021-10-18 04:01:17,24950.0,200.0,1628600.0
1856,2021-10-18 04:00:49,24950.0,1600.0,1628400.0
1857,2021-10-18 04:00:44,24900.0,300.0,1626800.0
1858,2021-10-18 03:59:42,24900.0,600.0,1626500.0
1859,2021-10-18 03:59:42,24900.0,100.0,1625900.0
1860,2021-10-18 03:59:42,24900.0,200.0,1625800.0
1861,2021-10-18 03:59:42,24900.0,100.0,1625600.0
1862,2021-10-18 03:59:27,24900.0,200.0,1625500.0
1863,2021-10-18 03:59:27,24900.0,100.0,1625300.0
1864,2021-10-18 03:59:20,24950.0,200.0,1625200.0
1865,2021-10-18 03:58:16,24950.0,100.0,1625000.0
1866,2021-10-18 03:58:02,24950.0,100.0,1624900.0
1867,2021-10-18 03:57:48,24950.0,100.0,1624800.0
1868,2021-10-18 03:57:23,24950.0,1000.0,1624700.0
1869,2021-10-18 03:56:59,24950.0,100.0,1623700.0
1870,2021-10-18 03:55:29,24950.0,700.0,1623600.0
1871,2021-10-18 03:55:29,24950.0,900.0,1622900.0
1872,2021-10-18 03:55:29,24950.0,800.0,1622000.0
1873,2021-10-18 03:54:52,24950.0,100.0,1621200.0
1874,2021-10-18 03:54:31,24950.0,2000.0,1621100.0
1875,2021-10-18 03:54:22,24950.0,100.0,1619100.0
1876,2021-10-18 03:54:22,24950.0,9900.0,1619000.0
1877,2021-10-18 03:53:50,24950.0,100.0,1609100.0
1878,2021-10-18 03:53:31,24950.0,400.0,1609000.0
1879,2021-10-18 03:53:04,24950.0,100.0,1608600.0
1880,2021-10-18 03:53:03,24900.0,100.0,1608500.0
1881,2021-10-18 03:53:03,24900.0,100.0,1608400.0
1882,2021-10-18 03:52:41,24950.0,200.0,1608300.0
1883,2021-10-18 03:52:17,24950.0,200.0,1608100.0
1884,2021-10-18 03:51:37,24900.0,1000.0,1607900.0
1885,2021-10-18 03:51:37,24900.0,200.0,1606900.0
1886,2021-10-18 03:51:37,24900.0,100.0,1606700.0
1887,2021-10-18 03:51:37,24900.0,300.0,1606600.0
1888,2021-10-18 03:51:37,24900.0,2000.0,1606300.0
1889,2021-10-18 03:51:37,24900.0,1000.0,1604300.0
1890,2021-10-18 03:51:37,24900.0,400.0,1603300.0
1891,2021-10-18 03:51:20,24950.0,1100.0,1602900.0
1892,2021-10-18 03:51:20,24950.0,1000.0,1601800.0
1893,2021-10-18 03:51:20,24950.0,900.0,1600800.0
1894,2021-10-18 03:51:19,24950.0,100.0,1599900.0
1895,2021-10-18 03:51:19,24950.0,100.0,1599800.0
1896,2021-10-18 03:51:07,24950.0,500.0,1599700.0
1897,2021-10-18 03:50:53,24950.0,1500.0,1599200.0
1898,2021-10-18 03:50:49,24950.0,300.0,1597700.0
1899,2021-10-18 03:50:41,24900.0,600.0,1597400.0
1900,2021-10-18 03:50:41,24900.0,200.0,1596800.0
1901,2021-10-18 03:50:41,24900.0,1000.0,1596600.0
1902,2021-10-18 03:50:41,24900.0,200.0,1595600.0
1903,2021-10-18 03:50:29,24950.0,2000.0,1595400.0
1904,2021-10-18 03:49:17,24950.0,500.0,1593400.0
1905,2021-10-18 03:49:16,24950.0,600.0,1592900.0
1906,2021-10-18 03:49:16,24950.0,500.0,1592300.0
1907,2021-10-18 03:49:16,24950.0,200.0,1591800.0
1908,2021-10-18 03:49:16,24950.0,3000.0,1591600.0
1909,2021-10-18 03:49:16,24950.0,800.0,1588600.0
1910,2021-10-18 03:49:07,24950.0,200.0,1587800.0
1911,2021-10-18 03:49:07,24950.0,300.0,1587600.0
1912,2021-10-18 03:48:35,24950.0,300.0,1587300.0
1913,2021-10-18 03:48:35,24950.0,1000.0,1587000.0
1914,2021-10-18 03:48:31,24950.0,100.0,1586000.0
1915,2021-10-18 03:48:31,24950.0,300.0,1585900.0
1916,2021-10-18 03:48:17,24950.0,200.0,1585600.0
1917,2021-10-18 03:48:17,24950.0,1800.0,1585400.0
1918,2021-10-18 03:47:52,24950.0,1000.0,1583600.0
1919,2021-10-18 03:46:56,24950.0,200.0,1582600.0
1920,2021-10-18 03:46:56,24950.0,200.0,1582400.0
1921,2021-10-18 03:46:56,24950.0,1000.0,1582200.0
1922,2021-10-18 03:46:56,24950.0,800.0,1581200.0
1923,2021-10-18 03:46:48,24950.0,1500.0,1580400.0
1924,2021-10-18 03:46:35,24950.0,100.0,1578900.0
1925,2021-10-18 03:46:06,24950.0,100.0,1578800.0
1926,2021-10-18 03:45:36,24950.0,600.0,1578700.0
1927,2021-10-18 03:45:36,24950.0,200.0,1578100.0
1928,2021-10-18 03:45:36,24950.0,500.0,1577900.0
1929,2021-10-18 03:45:36,24950.0,1200.0,1577400.0
1930,2021-10-18 03:45:13,24950.0,3000.0,1576200.0
1931,2021-10-18 03:45:02,24950.0,800.0,1573200.0
1932,2021-10-18 03:45:02,24950.0,2200.0,1572400.0
1933,2021-10-18 03:45:00,24950.0,1000.0,1570200.0
1934,2021-10-18 03:44:32,24950.0,700.0,1569200.0
1935,2021-10-18 03:44:19,24950.0,100.0,1568500.0
1936,2021-10-18 03:44:19,24950.0,600.0,1568400.0
1937,2021-10-18 03:43:53,24950.0,400.0,1567800.0
1938,2021-10-18 03:43:53,24950.0,100.0,1567400.0
1939,2021-10-18 03:43:53,24950.0,100.0,1567300.0
1940,2021-10-18 03:43:53,24950.0,7300.0,1567200.0
1941,2021-10-18 03:43:52,24950.0,500.0,1559900.0
1942,2021-10-18 03:43:07,24950.0,2600.0,1559400.0
1943,2021-10-18 03:43:04,24950.0,1000.0,1556800.0
1944,2021-10-18 03:43:01,24950.0,1000.0,1555800.0
1945,2021-10-18 03:42:56,24950.0,2000.0,1554800.0
1946,2021-10-18 03:42:54,24950.0,2000.0,1552800.0
1947,2021-10-18 03:42:30,24950.0,400.0,1550800.0
1948,2021-10-18 03:42:12,24950.0,3000.0,1550400.0
1949,2021-10-18 03:41:34,25000.0,200.0,1547400.0
1950,2021-10-18 03:41:32,24950.0,2000.0,1547200.0
1951,2021-10-18 03:41:26,25000.0,2100.0,1545200.0
1952,2021-10-18 03:41:26,25000.0,900.0,1543100.0
1953,2021-10-18 03:41:22,25000.0,100.0,1542200.0
1954,2021-10-18 03:41:10,24950.0,8200.0,1542100.0
1955,2021-10-18 03:41:10,24950.0,400.0,1533900.0
1956,2021-10-18 03:41:10,24950.0,300.0,1533500.0
1957,2021-10-18 03:41:10,24950.0,100.0,1533200.0
1958,2021-10-18 03:41:10,24950.0,4000.0,1533100.0
1959,2021-10-18 03:41:10,25000.0,300.0,1529100.0
1960,2021-10-18 03:41:10,25000.0,200.0,1528800.0
1961,2021-10-18 03:41:10,25000.0,200.0,1528600.0
1962,2021-10-18 03:41:10,25000.0,500.0,1528400.0
1963,2021-10-18 03:41:10,25000.0,800.0,1527900.0
1964,2021-10-18 03:40:56,25000.0,200.0,1527100.0
1965,2021-10-18 03:40:56,25000.0,1100.0,1526900.0
1966,2021-10-18 03:40:38,25000.0,200.0,1525800.0
1967,2021-10-18 03:40:17,25000.0,2200.0,1525600.0
1968,2021-10-18 03:40:15,25000.0,800.0,1523400.0
1969,2021-10-18 03:40:10,25000.0,1000.0,1522600.0
1970,2021-10-18 03:40:07,25000.0,6100.0,1521600.0
1971,2021-10-18 03:39:58,25000.0,5000.0,1515500.0
1972,2021-10-18 03:39:37,25000.0,500.0,1510500.0
1973,2021-10-18 03:39:23,25000.0,1700.0,1510000.0
1974,2021-10-18 03:39:15,25000.0,500.0,1508300.0
1975,2021-10-18 03:39:01,25000.0,400.0,1507800.0
1976,2021-10-18 03:38:58,25000.0,500.0,1507400.0
1977,2021-10-18 03:38:53,25050.0,200.0,1506900.0
1978,2021-10-18 03:38:46,25000.0,2300.0,1506700.0
1979,2021-10-18 03:38:42,25000.0,300.0,1504400.0
1980,2021-10-18 03:38:40,25000.0,400.0,1504100.0
1981,2021-10-18 03:38:40,25000.0,100.0,1503700.0
1982,2021-10-18 03:38:40,25000.0,400.0,1503600.0
1983,2021-10-18 03:38:40,25000.0,300.0,1503200.0
1984,2021-10-18 03:38:40,25000.0,400.0,1502900.0
1985,2021-10-18 03:38:36,25000.0,600.0,1502500.0
1986,2021-10-18 03:38:36,25000.0,300.0,1501900.0
1987,2021-10-18 03:38:36,25000.0,300.0,1501600.0
1988,2021-10-18 03:38:36,25000.0,200.0,1501300.0
1989,2021-10-18 03:38:36,25000.0,100.0,1501100.0
1990,2021-10-18 03:38:36,25000.0,100.0,1501000.0
1991,2021-10-18 03:38:36,25000.0,500.0,1500900.0
1992,2021-10-18 03:38:36,25000.0,300.0,1500400.0
1993,2021-10-18 03:38:36,25000.0,500.0,1500100.0
1994,2021-10-18 03:38:36,25000.0,100.0,1499600.0
1995,2021-10-18 03:38:32,25000.0,4000.0,1499500.0
1996,2021-10-18 03:38:32,25000.0,100.0,1495500.0
1997,2021-10-18 03:38:32,25000.0,1000.0,1495400.0
1998,2021-10-18 03:38:32,25000.0,2000.0,1494400.0
1999,2021-10-18 03:38:32,25000.0,300.0,1492400.0
2000,2021-10-18 03:38:32,25000.0,1300.0,1492100.0
2001,2021-10-18 03:38:31,25000.0,200.0,1490800.0
2002,2021-10-18 03:38:30,25000.0,1000.0,1490600.0
2003,2021-10-18 03:38:27,25000.0,500.0,1489600.0
2004,2021-10-18 03:38:25,25000.0,2800.0,1489100.0
2005,2021-10-18 03:38:23,25000.0,8100.0,1486300.0
2006,2021-10-18 03:38:21,25000.0,6100.0,1478200.0
2007,2021-10-18 03:38:21,25000.0,2000.0,1472100.0
2008,2021-10-18 03:38:21,25000.0,100.0,1470100.0
2009,2021-10-18 03:38:21,25000.0,100.0,1470000.0
2010,2021-10-18 03:38:21,25000.0,200.0,1469900.0
2011,2021-10-18 03:38:21,25000.0,100.0,1469700.0
2012,2021-10-18 03:38:21,25000.0,100.0,1469600.0
2013,2021-10-18 03:38:21,25000.0,100.0,1469500.0
2014,2021-10-18 03:38:21,25000.0,500.0,1469400.0
2015,2021-10-18 03:38:21,25000.0,2000.0,1468900.0
2016,2021-10-18 03:38:21,25000.0,500.0,1466900.0
2017,2021-10-18 03:38:21,25000.0,500.0,1466400.0
2018,2021-10-18 03:38:21,25000.0,700.0,1465900.0
2019,2021-10-18 03:38:21,25000.0,500.0,1465200.0
2020,2021-10-18 03:38:21,25000.0,100.0,1464700.0
2021,2021-10-18 03:38:21,25000.0,1000.0,1464600.0
2022,2021-10-18 03:38:21,25000.0,5000.0,1463600.0
2023,2021-10-18 03:38:21,25000.0,400.0,1458600.0
2024,2021-10-18 03:38:21,25000.0,1500.0,1458200.0
2025,2021-10-18 03:38:17,25000.0,1500.0,1456700.0
2026,2021-10-18 03:38:06,25000.0,5000.0,1455200.0
2027,2021-10-18 03:38:05,25000.0,2700.0,1450200.0
2028,2021-10-18 03:38:04,25000.0,2000.0,1447500.0
2029,2021-10-18 03:37:57,25000.0,10000.0,1445500.0
2030,2021-10-18 03:37:53,25000.0,800.0,1435500.0
2031,2021-10-18 03:37:47,25000.0,5000.0,1434700.0
2032,2021-10-18 03:37:45,25000.0,3700.0,1429700.0
2033,2021-10-18 03:37:39,25000.0,3100.0,1426000.0
2034,2021-10-18 03:37:36,25000.0,2000.0,1422900.0
2035,2021-10-18 03:37:32,25000.0,500.0,1420900.0
2036,2021-10-18 03:37:31,25000.0,3000.0,1420400.0
2037,2021-10-18 03:37:10,25000.0,3500.0,1417400.0
2038,2021-10-18 03:36:41,25050.0,300.0,1413900.0
2039,2021-10-18 03:36:41,25050.0,800.0,1413600.0
2040,2021-10-18 03:36:31,25000.0,1000.0,1412800.0
2041,2021-10-18 03:36:27,25050.0,100.0,1411800.0
2042,2021-10-18 03:36:05,25050.0,200.0,1411700.0
2043,2021-10-18 03:35:48,25050.0,200.0,1411500.0
2044,2021-10-18 03:35:44,25050.0,2600.0,1411300.0
2045,2021-10-18 03:35:44,25050.0,300.0,1408700.0
