,Time,Price,Volume_per_trade,Volume
0,2021-10-12 07:45:00,24800.0,100.0,3555500.0
1,2021-10-12 07:45:00,24800.0,5000.0,3555400.0
2,2021-10-12 07:45:00,24800.0,10000.0,3550400.0
3,2021-10-12 07:45:00,24800.0,10000.0,3540400.0
4,2021-10-12 07:45:00,24800.0,1000.0,3530400.0
5,2021-10-12 07:45:00,24800.0,10000.0,3529400.0
6,2021-10-12 07:45:00,24800.0,2000.0,3519400.0
7,2021-10-12 07:45:00,24800.0,1000.0,3517400.0
8,2021-10-12 07:45:00,24800.0,2000.0,3516400.0
9,2021-10-12 07:45:00,24800.0,3300.0,3514400.0
10,2021-10-12 07:45:00,24800.0,1500.0,3511100.0
11,2021-10-12 07:45:00,24800.0,2000.0,3509600.0
12,2021-10-12 07:45:00,24800.0,200.0,3507600.0
13,2021-10-12 07:45:00,24800.0,200.0,3507400.0
14,2021-10-12 07:45:00,24800.0,1000.0,3507200.0
15,2021-10-12 07:45:00,24800.0,500.0,3506200.0
16,2021-10-12 07:45:00,24800.0,100.0,3505700.0
17,2021-10-12 07:45:00,24800.0,1000.0,3505600.0
18,2021-10-12 07:45:00,24800.0,200.0,3504600.0
19,2021-10-12 07:45:00,24800.0,1000.0,3504400.0
20,2021-10-12 07:45:00,24800.0,900.0,3503400.0
21,2021-10-12 07:45:00,24800.0,300.0,3502500.0
22,2021-10-12 07:45:00,24800.0,500.0,3502200.0
23,2021-10-12 07:45:00,24800.0,200.0,3501700.0
24,2021-10-12 07:45:00,24800.0,1000.0,3501500.0
25,2021-10-12 07:45:00,24800.0,500.0,3500500.0
26,2021-10-12 07:45:00,24800.0,1900.0,3500000.0
27,2021-10-12 07:45:00,24800.0,100.0,3498100.0
28,2021-10-12 07:45:00,24800.0,7500.0,3498000.0
29,2021-10-12 07:45:00,24800.0,100.0,3490500.0
30,2021-10-12 07:45:00,24800.0,300.0,3490400.0
31,2021-10-12 07:45:00,24800.0,200.0,3490100.0
32,2021-10-12 07:45:00,24800.0,100.0,3489900.0
33,2021-10-12 07:45:00,24800.0,200.0,3489800.0
34,2021-10-12 07:45:00,24800.0,100.0,3489600.0
35,2021-10-12 07:45:00,24800.0,500.0,3489500.0
36,2021-10-12 07:45:00,24800.0,100.0,3489000.0
37,2021-10-12 07:45:00,24800.0,100.0,3488900.0
38,2021-10-12 07:45:00,24800.0,1100.0,3488800.0
39,2021-10-12 07:45:00,24800.0,3000.0,3487700.0
40,2021-10-12 07:45:00,24800.0,800.0,3484700.0
41,2021-10-12 07:45:00,24800.0,500.0,3483900.0
42,2021-10-12 07:45:00,24800.0,500.0,3483400.0
43,2021-10-12 07:45:00,24800.0,500.0,3482900.0
44,2021-10-12 07:45:00,24800.0,2000.0,3482400.0
45,2021-10-12 07:45:00,24800.0,100.0,3480400.0
46,2021-10-12 07:45:00,24800.0,700.0,3480300.0
47,2021-10-12 07:45:00,24800.0,200.0,3479600.0
48,2021-10-12 07:45:00,24800.0,100.0,3479400.0
49,2021-10-12 07:45:00,24800.0,700.0,3479300.0
50,2021-10-12 07:45:00,24800.0,37000.0,3478600.0
51,2021-10-12 07:45:00,24800.0,400.0,3441600.0
52,2021-10-12 07:45:00,24800.0,3500.0,3441200.0
53,2021-10-12 07:45:00,24800.0,100.0,3437700.0
54,2021-10-12 07:45:00,24800.0,2300.0,3437600.0
55,2021-10-12 07:45:00,24800.0,1000.0,3435300.0
56,2021-10-12 07:45:00,24800.0,500.0,3434300.0
57,2021-10-12 07:45:00,24800.0,1000.0,3433800.0
58,2021-10-12 07:45:00,24800.0,17000.0,3432800.0
59,2021-10-12 07:45:00,24800.0,2000.0,3415800.0
60,2021-10-12 07:45:00,24800.0,500.0,3413800.0
61,2021-10-12 07:45:00,24800.0,500.0,3413300.0
62,2021-10-12 07:45:00,24800.0,500.0,3412800.0
63,2021-10-12 07:45:00,24800.0,100.0,3412300.0
64,2021-10-12 07:29:43,24800.0,2500.0,3412200.0
65,2021-10-12 07:29:43,24800.0,500.0,3409700.0
66,2021-10-12 07:29:38,24800.0,500.0,3409200.0
67,2021-10-12 07:29:16,24800.0,400.0,3408700.0
68,2021-10-12 07:29:16,24800.0,500.0,3408300.0
69,2021-10-12 07:29:16,24800.0,100.0,3407800.0
70,2021-10-12 07:29:16,24800.0,2000.0,3407700.0
71,2021-10-12 07:29:16,24800.0,100.0,3405700.0
72,2021-10-12 07:29:16,24800.0,500.0,3405600.0
73,2021-10-12 07:29:16,24800.0,1000.0,3405100.0
74,2021-10-12 07:29:16,24800.0,800.0,3404100.0
75,2021-10-12 07:29:16,24800.0,500.0,3403300.0
76,2021-10-12 07:29:16,24800.0,3000.0,3402800.0
77,2021-10-12 07:28:49,24850.0,3000.0,3399800.0
78,2021-10-12 07:28:15,24850.0,2800.0,3396800.0
79,2021-10-12 07:28:01,24800.0,100.0,3394000.0
80,2021-10-12 07:27:52,24800.0,500.0,3393900.0
81,2021-10-12 07:27:38,24800.0,300.0,3393400.0
82,2021-10-12 07:27:23,24800.0,500.0,3393100.0
83,2021-10-12 07:27:09,24800.0,800.0,3392600.0
84,2021-10-12 07:27:02,24800.0,3000.0,3391800.0
85,2021-10-12 07:26:53,24800.0,500.0,3388800.0
86,2021-10-12 07:26:52,24800.0,5200.0,3388300.0
87,2021-10-12 07:26:37,24800.0,300.0,3383100.0
88,2021-10-12 07:26:37,24800.0,100.0,3382800.0
89,2021-10-12 07:26:29,24800.0,200.0,3382700.0
90,2021-10-12 07:26:29,24800.0,1000.0,3382500.0
91,2021-10-12 07:26:29,24800.0,800.0,3381500.0
92,2021-10-12 07:26:02,24800.0,200.0,3380700.0
93,2021-10-12 07:26:02,24800.0,100.0,3380500.0
94,2021-10-12 07:25:41,24800.0,900.0,3380400.0
95,2021-10-12 07:25:41,24800.0,400.0,3379500.0
96,2021-10-12 07:25:41,24800.0,2200.0,3379100.0
97,2021-10-12 07:25:41,24800.0,300.0,3376900.0
98,2021-10-12 07:25:41,24800.0,100.0,3376600.0
99,2021-10-12 07:25:41,24800.0,200.0,3376500.0
100,2021-10-12 07:25:41,24800.0,200.0,3376300.0
101,2021-10-12 07:25:41,24800.0,5700.0,3376100.0
102,2021-10-12 07:25:21,24800.0,1300.0,3370400.0
103,2021-10-12 07:25:21,24800.0,600.0,3369100.0
104,2021-10-12 07:25:21,24800.0,1000.0,3368500.0
105,2021-10-12 07:25:21,24800.0,2100.0,3367500.0
106,2021-10-12 07:25:14,24800.0,400.0,3365400.0
107,2021-10-12 07:25:14,24800.0,500.0,3365000.0
108,2021-10-12 07:25:14,24800.0,400.0,3364500.0
109,2021-10-12 07:25:14,24800.0,2000.0,3364100.0
110,2021-10-12 07:25:14,24800.0,100.0,3362100.0
111,2021-10-12 07:25:14,24800.0,1600.0,3362000.0
112,2021-10-12 07:25:03,24800.0,200.0,3360400.0
113,2021-10-12 07:24:38,24800.0,3000.0,3360200.0
114,2021-10-12 07:24:04,24800.0,200.0,3357200.0
115,2021-10-12 07:23:44,24800.0,500.0,3357000.0
116,2021-10-12 07:23:28,24800.0,100.0,3356500.0
117,2021-10-12 07:23:12,24800.0,900.0,3356400.0
118,2021-10-12 07:23:12,24800.0,100.0,3355500.0
119,2021-10-12 07:22:59,24800.0,100.0,3355400.0
120,2021-10-12 07:22:59,24800.0,100.0,3355300.0
121,2021-10-12 07:22:45,24800.0,100.0,3355200.0
122,2021-10-12 07:22:43,24850.0,200.0,3355100.0
123,2021-10-12 07:22:42,24800.0,200.0,3354900.0
124,2021-10-12 07:22:27,24850.0,1200.0,3354700.0
125,2021-10-12 07:22:23,24800.0,7400.0,3353500.0
126,2021-10-12 07:22:23,24800.0,1000.0,3346100.0
127,2021-10-12 07:22:23,24800.0,3000.0,3345100.0
128,2021-10-12 07:22:23,24800.0,1000.0,3342100.0
129,2021-10-12 07:22:23,24800.0,2400.0,3341100.0
130,2021-10-12 07:21:47,24800.0,1000.0,3338700.0
131,2021-10-12 07:21:11,24800.0,100.0,3337700.0
132,2021-10-12 07:21:11,24850.0,2500.0,3337600.0
133,2021-10-12 07:21:00,24800.0,1700.0,3335100.0
134,2021-10-12 07:20:26,24800.0,1200.0,3333400.0
135,2021-10-12 07:20:14,24800.0,400.0,3332200.0
136,2021-10-12 07:19:45,24800.0,1000.0,3331800.0
137,2021-10-12 07:19:44,24800.0,1000.0,3330800.0
138,2021-10-12 07:19:08,24800.0,1200.0,3329800.0
139,2021-10-12 07:19:08,24800.0,1000.0,3328600.0
140,2021-10-12 07:19:08,24800.0,200.0,3327600.0
141,2021-10-12 07:18:44,24800.0,300.0,3327400.0
142,2021-10-12 07:18:40,24800.0,900.0,3327100.0
143,2021-10-12 07:18:40,24800.0,100.0,3326200.0
144,2021-10-12 07:18:37,24800.0,400.0,3326100.0
145,2021-10-12 07:18:35,24800.0,1000.0,3325700.0
146,2021-10-12 07:18:35,24800.0,1000.0,3324700.0
147,2021-10-12 07:18:35,24800.0,1000.0,3323700.0
148,2021-10-12 07:18:35,24800.0,300.0,3322700.0
149,2021-10-12 07:18:35,24800.0,700.0,3322400.0
150,2021-10-12 07:18:34,24800.0,300.0,3321700.0
151,2021-10-12 07:18:34,24800.0,500.0,3321400.0
152,2021-10-12 07:18:33,24800.0,3500.0,3320900.0
153,2021-10-12 07:18:33,24800.0,100.0,3317400.0
154,2021-10-12 07:18:33,24800.0,400.0,3317300.0
155,2021-10-12 07:18:33,24800.0,100.0,3316900.0
156,2021-10-12 07:18:33,24800.0,2500.0,3316800.0
157,2021-10-12 07:18:19,24800.0,500.0,3314300.0
158,2021-10-12 07:18:14,24800.0,500.0,3313800.0
159,2021-10-12 07:17:48,24800.0,6500.0,3313300.0
160,2021-10-12 07:17:48,24800.0,800.0,3306800.0
161,2021-10-12 07:17:48,24800.0,1000.0,3306000.0
162,2021-10-12 07:17:48,24800.0,500.0,3305000.0
163,2021-10-12 07:17:48,24800.0,1000.0,3304500.0
164,2021-10-12 07:17:48,24800.0,200.0,3303500.0
165,2021-10-12 07:17:47,24800.0,800.0,3303300.0
166,2021-10-12 07:17:47,24800.0,100.0,3302500.0
167,2021-10-12 07:17:40,24800.0,200.0,3302400.0
168,2021-10-12 07:17:40,24800.0,1000.0,3302200.0
169,2021-10-12 07:17:40,24800.0,500.0,3301200.0
170,2021-10-12 07:17:40,24800.0,3000.0,3300700.0
171,2021-10-12 07:17:40,24800.0,5300.0,3297700.0
172,2021-10-12 07:17:18,24850.0,100.0,3292400.0
173,2021-10-12 07:15:29,24850.0,100.0,3292300.0
174,2021-10-12 07:15:08,24850.0,100.0,3292200.0
175,2021-10-12 07:14:12,24850.0,100.0,3292100.0
176,2021-10-12 07:14:10,24800.0,10900.0,3292000.0
177,2021-10-12 07:14:10,24800.0,1000.0,3281100.0
178,2021-10-12 07:14:10,24800.0,500.0,3280100.0
179,2021-10-12 07:14:10,24800.0,7600.0,3279600.0
180,2021-10-12 07:14:00,24850.0,100.0,3272000.0
181,2021-10-12 07:13:55,24800.0,100.0,3271900.0
182,2021-10-12 07:13:16,24850.0,1400.0,3271800.0
183,2021-10-12 07:13:16,24850.0,1000.0,3270400.0
184,2021-10-12 07:13:16,24850.0,100.0,3269400.0
185,2021-10-12 07:13:16,24850.0,100.0,3269300.0
186,2021-10-12 07:13:16,24850.0,100.0,3269200.0
187,2021-10-12 07:13:16,24850.0,400.0,3269100.0
188,2021-10-12 07:13:16,24850.0,100.0,3268700.0
189,2021-10-12 07:13:16,24850.0,1900.0,3268600.0
190,2021-10-12 07:13:16,24850.0,6000.0,3266700.0
191,2021-10-12 07:13:16,24850.0,500.0,3260700.0
192,2021-10-12 07:13:16,24850.0,200.0,3260200.0
193,2021-10-12 07:13:16,24850.0,500.0,3260000.0
194,2021-10-12 07:13:16,24850.0,100.0,3259500.0
195,2021-10-12 07:13:16,24850.0,5000.0,3259400.0
196,2021-10-12 07:13:16,24850.0,1000.0,3254400.0
197,2021-10-12 07:13:16,24850.0,500.0,3253400.0
198,2021-10-12 07:13:16,24850.0,1000.0,3252900.0
199,2021-10-12 07:13:16,24850.0,500.0,3251900.0
200,2021-10-12 07:13:16,24850.0,500.0,3251400.0
201,2021-10-12 07:13:16,24850.0,500.0,3250900.0
202,2021-10-12 07:13:16,24850.0,1200.0,3250400.0
203,2021-10-12 07:13:16,24850.0,400.0,3249200.0
204,2021-10-12 07:11:32,24850.0,1000.0,3248800.0
205,2021-10-12 07:11:32,24850.0,1000.0,3247800.0
206,2021-10-12 07:11:22,24800.0,1800.0,3246800.0
207,2021-10-12 07:11:22,24800.0,600.0,3245000.0
208,2021-10-12 07:11:22,24800.0,500.0,3244400.0
209,2021-10-12 07:11:22,24800.0,2000.0,3243900.0
210,2021-10-12 07:11:22,24800.0,1000.0,3241900.0
211,2021-10-12 07:11:22,24800.0,500.0,3240900.0
212,2021-10-12 07:11:22,24800.0,600.0,3240400.0
213,2021-10-12 07:11:17,24800.0,200.0,3239800.0
214,2021-10-12 07:11:08,24800.0,300.0,3239600.0
215,2021-10-12 07:10:32,24800.0,300.0,3239300.0
216,2021-10-12 07:10:32,24800.0,200.0,3239000.0
217,2021-10-12 07:10:30,24850.0,1000.0,3238800.0
218,2021-10-12 07:10:30,24850.0,1000.0,3237800.0
219,2021-10-12 07:10:01,24850.0,2000.0,3236800.0
220,2021-10-12 07:10:01,24850.0,1000.0,3234800.0
221,2021-10-12 07:09:20,24800.0,1900.0,3233800.0
222,2021-10-12 07:09:20,24800.0,300.0,3231900.0
223,2021-10-12 07:09:20,24800.0,100.0,3231600.0
224,2021-10-12 07:09:20,24800.0,2600.0,3231500.0
225,2021-10-12 07:09:20,24800.0,4900.0,3228900.0
226,2021-10-12 07:09:07,24800.0,100.0,3224000.0
227,2021-10-12 07:09:05,24800.0,2000.0,3223900.0
228,2021-10-12 07:08:59,24800.0,3000.0,3221900.0
229,2021-10-12 07:08:59,24800.0,1000.0,3218900.0
230,2021-10-12 07:08:59,24800.0,1000.0,3217900.0
231,2021-10-12 07:08:48,24800.0,900.0,3216900.0
232,2021-10-12 07:08:41,24800.0,100.0,3216000.0
233,2021-10-12 07:08:36,24800.0,1400.0,3215900.0
234,2021-10-12 07:08:36,24800.0,200.0,3214500.0
235,2021-10-12 07:08:36,24800.0,400.0,3214300.0
236,2021-10-12 07:08:18,24800.0,600.0,3213900.0
237,2021-10-12 07:08:14,24800.0,1000.0,3213300.0
238,2021-10-12 07:08:11,24750.0,300.0,3212300.0
239,2021-10-12 07:08:03,24800.0,500.0,3212000.0
240,2021-10-12 07:07:50,24800.0,1600.0,3211500.0
241,2021-10-12 07:07:28,24800.0,1000.0,3209900.0
242,2021-10-12 07:07:17,24800.0,500.0,3208900.0
243,2021-10-12 07:07:17,24800.0,100.0,3208400.0
244,2021-10-12 07:07:17,24800.0,500.0,3208300.0
245,2021-10-12 07:07:17,24800.0,100.0,3207800.0
246,2021-10-12 07:07:17,24800.0,100.0,3207700.0
247,2021-10-12 07:07:17,24800.0,1000.0,3207600.0
248,2021-10-12 07:07:17,24800.0,500.0,3206600.0
249,2021-10-12 07:07:17,24800.0,1000.0,3206100.0
250,2021-10-12 07:07:17,24800.0,100.0,3205100.0
251,2021-10-12 07:07:14,24800.0,1900.0,3205000.0
252,2021-10-12 07:07:11,24800.0,900.0,3203100.0
253,2021-10-12 07:07:08,24800.0,200.0,3202200.0
254,2021-10-12 07:07:08,24800.0,300.0,3202000.0
255,2021-10-12 07:06:59,24800.0,200.0,3201700.0
256,2021-10-12 07:06:56,24800.0,500.0,3201500.0
257,2021-10-12 07:06:47,24800.0,900.0,3201000.0
258,2021-10-12 07:06:47,24800.0,500.0,3200100.0
259,2021-10-12 07:05:57,24850.0,1000.0,3199600.0
260,2021-10-12 07:05:57,24850.0,800.0,3198600.0
261,2021-10-12 07:05:55,24800.0,300.0,3197800.0
262,2021-10-12 07:05:55,24800.0,500.0,3197500.0
263,2021-10-12 07:05:55,24800.0,200.0,3197000.0
264,2021-10-12 07:05:55,24800.0,1000.0,3196800.0
265,2021-10-12 07:05:55,24800.0,200.0,3195800.0
266,2021-10-12 07:05:55,24800.0,100.0,3195600.0
267,2021-10-12 07:05:55,24800.0,500.0,3195500.0
268,2021-10-12 07:05:55,24800.0,200.0,3195000.0
269,2021-10-12 07:05:55,24800.0,200.0,3194800.0
270,2021-10-12 07:05:55,24800.0,1500.0,3194600.0
271,2021-10-12 07:05:55,24800.0,1500.0,3193100.0
272,2021-10-12 07:05:55,24800.0,1500.0,3191600.0
273,2021-10-12 07:05:55,24800.0,200.0,3190100.0
274,2021-10-12 07:05:55,24800.0,500.0,3189900.0
275,2021-10-12 07:05:55,24800.0,100.0,3189400.0
276,2021-10-12 07:05:55,24800.0,500.0,3189300.0
277,2021-10-12 07:05:55,24800.0,43400.0,3188800.0
278,2021-10-12 07:05:45,24800.0,4000.0,3145400.0
279,2021-10-12 07:05:30,24850.0,200.0,3141400.0
280,2021-10-12 07:05:30,24850.0,100.0,3141200.0
281,2021-10-12 07:05:29,24800.0,500.0,3141100.0
282,2021-10-12 07:05:13,24800.0,7000.0,3140600.0
283,2021-10-12 07:04:53,24800.0,1000.0,3133600.0
284,2021-10-12 07:04:52,24800.0,300.0,3132600.0
285,2021-10-12 07:04:41,24800.0,1000.0,3132300.0
286,2021-10-12 07:04:32,24800.0,1500.0,3131300.0
287,2021-10-12 07:04:30,24800.0,300.0,3129800.0
288,2021-10-12 07:04:22,24850.0,300.0,3129500.0
289,2021-10-12 07:04:08,24800.0,22000.0,3129200.0
290,2021-10-12 07:04:08,24800.0,100.0,3107200.0
291,2021-10-12 07:04:08,24800.0,300.0,3107100.0
292,2021-10-12 07:04:08,24800.0,6000.0,3106800.0
293,2021-10-12 07:04:08,24800.0,1600.0,3100800.0
294,2021-10-12 07:04:02,24800.0,97400.0,3099200.0
295,2021-10-12 07:04:02,24800.0,100.0,3001800.0
296,2021-10-12 07:04:02,24800.0,1000.0,3001700.0
297,2021-10-12 07:04:02,24800.0,500.0,3000700.0
298,2021-10-12 07:04:02,24800.0,1000.0,3000200.0
299,2021-10-12 07:03:45,24800.0,1000.0,2999200.0
300,2021-10-12 07:03:45,24800.0,100.0,2998200.0
301,2021-10-12 07:03:45,24800.0,900.0,2998100.0
302,2021-10-12 07:03:27,24800.0,100.0,2997200.0
303,2021-10-12 07:03:27,24800.0,4900.0,2997100.0
304,2021-10-12 07:03:20,24850.0,1400.0,2992200.0
305,2021-10-12 07:03:08,24800.0,1000.0,2990800.0
306,2021-10-12 07:02:38,24800.0,2000.0,2989800.0
307,2021-10-12 07:02:25,24850.0,200.0,2987800.0
308,2021-10-12 07:02:25,24850.0,100.0,2987600.0
309,2021-10-12 07:02:25,24850.0,100.0,2987500.0
310,2021-10-12 07:02:25,24850.0,1500.0,2987400.0
311,2021-10-12 07:02:25,24850.0,100.0,2985900.0
312,2021-10-12 07:02:15,24800.0,500.0,2985800.0
313,2021-10-12 07:01:41,24800.0,500.0,2985300.0
314,2021-10-12 07:01:34,24800.0,100.0,2984800.0
315,2021-10-12 07:01:32,24800.0,500.0,2984700.0
316,2021-10-12 07:00:56,24800.0,500.0,2984200.0
317,2021-10-12 07:00:56,24800.0,200.0,2983700.0
318,2021-10-12 07:00:56,24800.0,300.0,2983500.0
319,2021-10-12 07:00:30,24800.0,1900.0,2983200.0
320,2021-10-12 07:00:25,24800.0,1000.0,2981300.0
321,2021-10-12 07:00:24,24800.0,100.0,2980300.0
322,2021-10-12 07:00:24,24800.0,200.0,2980200.0
323,2021-10-12 07:00:24,24800.0,1000.0,2980000.0
324,2021-10-12 07:00:16,24800.0,12000.0,2979000.0
325,2021-10-12 07:00:06,24800.0,100.0,2967000.0
326,2021-10-12 06:59:55,24800.0,300.0,2966900.0
327,2021-10-12 06:59:47,24800.0,1000.0,2966600.0
328,2021-10-12 06:59:32,24800.0,200.0,2965600.0
329,2021-10-12 06:58:54,24800.0,700.0,2965400.0
330,2021-10-12 06:58:53,24800.0,1000.0,2964700.0
331,2021-10-12 06:58:50,24800.0,2400.0,2963700.0
332,2021-10-12 06:58:49,24850.0,300.0,2961300.0
333,2021-10-12 06:58:47,24850.0,1000.0,2961000.0
334,2021-10-12 06:58:47,24850.0,1000.0,2960000.0
335,2021-10-12 06:58:47,24800.0,4500.0,2959000.0
336,2021-10-12 06:58:42,24800.0,5000.0,2954500.0
337,2021-10-12 06:58:26,24850.0,500.0,2949500.0
338,2021-10-12 06:58:26,24850.0,1000.0,2949000.0
339,2021-10-12 06:58:26,24850.0,1500.0,2948000.0
340,2021-10-12 06:56:31,24850.0,200.0,2946500.0
341,2021-10-12 06:56:22,24850.0,2000.0,2946300.0
342,2021-10-12 06:56:07,24850.0,300.0,2944300.0
343,2021-10-12 06:54:59,24850.0,800.0,2944000.0
344,2021-10-12 06:54:58,24800.0,100.0,2943200.0
345,2021-10-12 06:54:45,24800.0,200.0,2943100.0
346,2021-10-12 06:54:31,24800.0,100.0,2942900.0
347,2021-10-12 06:54:25,24800.0,700.0,2942800.0
348,2021-10-12 06:53:50,24800.0,1200.0,2942100.0
349,2021-10-12 06:53:50,24800.0,600.0,2940900.0
350,2021-10-12 06:53:50,24850.0,3200.0,2940300.0
351,2021-10-12 06:53:50,24850.0,500.0,2937100.0
352,2021-10-12 06:53:44,24850.0,300.0,2936600.0
353,2021-10-12 06:53:44,24850.0,300.0,2936300.0
354,2021-10-12 06:53:12,24850.0,1000.0,2936000.0
355,2021-10-12 06:53:12,24850.0,200.0,2935000.0
356,2021-10-12 06:53:12,24850.0,400.0,2934800.0
357,2021-10-12 06:53:07,24850.0,100.0,2934400.0
358,2021-10-12 06:53:07,24850.0,900.0,2934300.0
359,2021-10-12 06:53:01,24850.0,600.0,2933400.0
360,2021-10-12 06:53:01,24850.0,100.0,2932800.0
361,2021-10-12 06:53:01,24850.0,4100.0,2932700.0
362,2021-10-12 06:52:37,24850.0,100.0,2928600.0
363,2021-10-12 06:52:37,24850.0,600.0,2928500.0
364,2021-10-12 06:52:37,24850.0,1700.0,2927900.0
365,2021-10-12 06:52:37,24850.0,3500.0,2926200.0
366,2021-10-12 06:52:13,24850.0,100.0,2922700.0
367,2021-10-12 06:52:11,24850.0,100.0,2922600.0
368,2021-10-12 06:52:10,24900.0,1300.0,2922500.0
369,2021-10-12 06:52:08,24850.0,400.0,2921200.0
370,2021-10-12 06:52:05,24850.0,500.0,2920800.0
371,2021-10-12 06:52:01,24850.0,3000.0,2920300.0
372,2021-10-12 06:52:00,24850.0,1000.0,2917300.0
373,2021-10-12 06:51:43,24850.0,1400.0,2916300.0
374,2021-10-12 06:51:43,24850.0,1400.0,2914900.0
375,2021-10-12 06:51:43,24850.0,200.0,2913500.0
376,2021-10-12 06:51:43,24850.0,100.0,2913300.0
377,2021-10-12 06:51:36,24850.0,4700.0,2913200.0
378,2021-10-12 06:51:36,24850.0,300.0,2908500.0
379,2021-10-12 06:51:35,24900.0,700.0,2908200.0
380,2021-10-12 06:51:35,24900.0,500.0,2907500.0
381,2021-10-12 06:51:35,24900.0,500.0,2907000.0
382,2021-10-12 06:51:35,24900.0,300.0,2906500.0
383,2021-10-12 06:51:35,24900.0,1000.0,2906200.0
384,2021-10-12 06:51:35,24900.0,1000.0,2905200.0
385,2021-10-12 06:51:32,24850.0,700.0,2904200.0
386,2021-10-12 06:51:32,24850.0,100.0,2903500.0
387,2021-10-12 06:51:32,24850.0,100.0,2903400.0
388,2021-10-12 06:51:32,24850.0,3000.0,2903300.0
389,2021-10-12 06:51:32,24850.0,1600.0,2900300.0
390,2021-10-12 06:51:32,24850.0,200.0,2898700.0
391,2021-10-12 06:51:32,24850.0,2300.0,2898500.0
392,2021-10-12 06:51:27,24850.0,200.0,2896200.0
393,2021-10-12 06:51:18,24850.0,300.0,2896000.0
394,2021-10-12 06:51:16,24900.0,300.0,2895700.0
395,2021-10-12 06:49:58,24900.0,3700.0,2895400.0
396,2021-10-12 06:49:40,24900.0,100.0,2891700.0
397,2021-10-12 06:49:20,24900.0,400.0,2891600.0
398,2021-10-12 06:49:08,24900.0,500.0,2891200.0
399,2021-10-12 06:49:08,24900.0,1000.0,2890700.0
400,2021-10-12 06:49:08,24900.0,1800.0,2889700.0
401,2021-10-12 06:48:51,24900.0,500.0,2887900.0
402,2021-10-12 06:48:39,24900.0,200.0,2887400.0
403,2021-10-12 06:48:38,24900.0,200.0,2887200.0
404,2021-10-12 06:46:49,24900.0,500.0,2887000.0
405,2021-10-12 06:46:49,24900.0,500.0,2886500.0
406,2021-10-12 06:46:45,24850.0,1000.0,2886000.0
407,2021-10-12 06:46:42,24900.0,400.0,2885000.0
408,2021-10-12 06:46:41,24850.0,500.0,2884600.0
409,2021-10-12 06:46:31,24900.0,600.0,2884100.0
410,2021-10-12 06:46:31,24900.0,500.0,2883500.0
411,2021-10-12 06:46:31,24900.0,200.0,2883000.0
412,2021-10-12 06:46:31,24900.0,200.0,2882800.0
413,2021-10-12 06:46:31,24900.0,1000.0,2882600.0
414,2021-10-12 06:46:31,24900.0,500.0,2881600.0
415,2021-10-12 06:46:31,24900.0,2000.0,2881100.0
416,2021-10-12 06:46:19,24850.0,700.0,2879100.0
417,2021-10-12 06:46:19,24850.0,1300.0,2878400.0
418,2021-10-12 06:46:19,24850.0,1000.0,2877100.0
419,2021-10-12 06:46:00,24850.0,400.0,2876100.0
420,2021-10-12 06:45:50,24850.0,100.0,2875700.0
421,2021-10-12 06:45:43,24850.0,600.0,2875600.0
422,2021-10-12 06:45:43,24850.0,1100.0,2875000.0
423,2021-10-12 06:45:43,24850.0,1500.0,2873900.0
424,2021-10-12 06:45:29,24800.0,500.0,2872400.0
425,2021-10-12 06:45:28,24850.0,8500.0,2871900.0
426,2021-10-12 06:45:28,24850.0,1000.0,2863400.0
427,2021-10-12 06:45:28,24850.0,200.0,2862400.0
428,2021-10-12 06:45:28,24850.0,500.0,2862200.0
429,2021-10-12 06:45:28,24850.0,500.0,2861700.0
430,2021-10-12 06:45:28,24850.0,100.0,2861200.0
431,2021-10-12 06:45:28,24850.0,500.0,2861100.0
432,2021-10-12 06:45:28,24850.0,100.0,2860600.0
433,2021-10-12 06:45:28,24850.0,2000.0,2860500.0
434,2021-10-12 06:45:28,24850.0,300.0,2858500.0
435,2021-10-12 06:45:28,24850.0,300.0,2858200.0
436,2021-10-12 06:45:28,24850.0,500.0,2857900.0
437,2021-10-12 06:45:28,24850.0,100.0,2857400.0
438,2021-10-12 06:45:28,24850.0,2000.0,2857300.0
439,2021-10-12 06:45:28,24850.0,300.0,2855300.0
440,2021-10-12 06:45:28,24850.0,100.0,2855000.0
441,2021-10-12 06:45:28,24850.0,3000.0,2854900.0
442,2021-10-12 06:44:52,24800.0,900.0,2851900.0
443,2021-10-12 06:44:52,24800.0,100.0,2851000.0
444,2021-10-12 06:44:09,24800.0,1300.0,2850900.0
445,2021-10-12 06:44:09,24800.0,3700.0,2849600.0
446,2021-10-12 06:44:09,24800.0,1000.0,2845900.0
447,2021-10-12 06:44:09,24800.0,500.0,2844900.0
448,2021-10-12 06:44:09,24800.0,400.0,2844400.0
449,2021-10-12 06:44:09,24800.0,200.0,2844000.0
450,2021-10-12 06:44:09,24800.0,500.0,2843800.0
451,2021-10-12 06:44:09,24800.0,100.0,2843300.0
452,2021-10-12 06:44:09,24800.0,300.0,2843200.0
453,2021-10-12 06:44:07,24800.0,300.0,2842900.0
454,2021-10-12 06:43:57,24800.0,300.0,2842600.0
455,2021-10-12 06:43:49,24800.0,100.0,2842300.0
456,2021-10-12 06:43:49,24800.0,500.0,2842200.0
457,2021-10-12 06:43:49,24800.0,200.0,2841700.0
458,2021-10-12 06:43:49,24800.0,100.0,2841500.0
459,2021-10-12 06:43:49,24800.0,1000.0,2841400.0
460,2021-10-12 06:43:49,24800.0,500.0,2840400.0
461,2021-10-12 06:43:49,24800.0,600.0,2839900.0
462,2021-10-12 06:43:05,24850.0,1000.0,2839300.0
463,2021-10-12 06:41:49,24850.0,300.0,2838300.0
464,2021-10-12 06:41:30,24850.0,700.0,2838000.0
465,2021-10-12 06:41:30,24850.0,200.0,2837300.0
466,2021-10-12 06:41:30,24850.0,1100.0,2837100.0
467,2021-10-12 06:41:06,24850.0,500.0,2836000.0
468,2021-10-12 06:40:50,24800.0,400.0,2835500.0
469,2021-10-12 06:40:19,24800.0,500.0,2835100.0
470,2021-10-12 06:40:08,24850.0,600.0,2834600.0
471,2021-10-12 06:40:02,24850.0,800.0,2834000.0
472,2021-10-12 06:40:02,24850.0,100.0,2833200.0
473,2021-10-12 06:40:02,24850.0,300.0,2833100.0
474,2021-10-12 06:40:02,24850.0,100.0,2832800.0
475,2021-10-12 06:40:02,24850.0,200.0,2832700.0
476,2021-10-12 06:39:47,24850.0,1800.0,2832500.0
477,2021-10-12 06:39:47,24850.0,200.0,2830700.0
478,2021-10-12 06:39:37,24800.0,100.0,2830500.0
479,2021-10-12 06:39:14,24800.0,400.0,2830400.0
480,2021-10-12 06:39:14,24800.0,500.0,2830000.0
481,2021-10-12 06:39:14,24800.0,100.0,2829500.0
482,2021-10-12 06:37:50,24800.0,200.0,2829400.0
483,2021-10-12 06:37:35,24800.0,700.0,2829200.0
484,2021-10-12 06:37:35,24800.0,300.0,2828500.0
485,2021-10-12 06:37:10,24800.0,200.0,2828200.0
486,2021-10-12 06:37:10,24800.0,400.0,2828000.0
487,2021-10-12 06:37:10,24800.0,100.0,2827600.0
488,2021-10-12 06:37:09,24800.0,200.0,2827500.0
489,2021-10-12 06:37:05,24800.0,600.0,2827300.0
490,2021-10-12 06:37:05,24800.0,700.0,2826700.0
491,2021-10-12 06:37:05,24800.0,800.0,2826000.0
492,2021-10-12 06:37:05,24800.0,1000.0,2825200.0
493,2021-10-12 06:37:05,24800.0,3000.0,2824200.0
494,2021-10-12 06:37:05,24800.0,1900.0,2821200.0
495,2021-10-12 06:37:02,24800.0,1000.0,2819300.0
496,2021-10-12 06:37:00,24800.0,300.0,2818300.0
497,2021-10-12 06:36:43,24800.0,100.0,2818000.0
498,2021-10-12 06:36:25,24800.0,900.0,2817900.0
499,2021-10-12 06:36:00,24800.0,1900.0,2817000.0
500,2021-10-12 06:36:00,24800.0,100.0,2815100.0
501,2021-10-12 06:35:49,24800.0,500.0,2815000.0
502,2021-10-12 06:35:49,24800.0,100.0,2814500.0
503,2021-10-12 06:35:49,24800.0,400.0,2814400.0
504,2021-10-12 06:35:45,24750.0,700.0,2814000.0
505,2021-10-12 06:35:45,24750.0,200.0,2813300.0
506,2021-10-12 06:35:45,24750.0,1000.0,2813100.0
507,2021-10-12 06:35:45,24750.0,1000.0,2812100.0
508,2021-10-12 06:35:45,24750.0,100.0,2811100.0
509,2021-10-12 06:35:42,24800.0,100.0,2811000.0
510,2021-10-12 06:35:42,24800.0,1500.0,2810900.0
511,2021-10-12 06:35:42,24800.0,500.0,2809400.0
512,2021-10-12 06:35:42,24800.0,900.0,2808900.0
513,2021-10-12 06:35:40,24800.0,500.0,2808000.0
514,2021-10-12 06:35:40,24800.0,100.0,2807500.0
515,2021-10-12 06:35:30,24800.0,500.0,2807400.0
516,2021-10-12 06:35:30,24800.0,100.0,2806900.0
517,2021-10-12 06:35:30,24800.0,300.0,2806800.0
518,2021-10-12 06:35:30,24800.0,300.0,2806500.0
519,2021-10-12 06:35:16,24800.0,800.0,2806200.0
520,2021-10-12 06:35:16,24800.0,200.0,2805400.0
521,2021-10-12 06:35:03,24800.0,800.0,2805200.0
522,2021-10-12 06:35:03,24800.0,100.0,2804400.0
523,2021-10-12 06:35:03,24800.0,15000.0,2804300.0
524,2021-10-12 06:35:03,24800.0,2000.0,2789300.0
525,2021-10-12 06:35:03,24800.0,500.0,2787300.0
526,2021-10-12 06:35:03,24800.0,500.0,2786800.0
527,2021-10-12 06:35:03,24800.0,200.0,2786300.0
528,2021-10-12 06:35:03,24800.0,1000.0,2786100.0
529,2021-10-12 06:35:03,24800.0,1000.0,2785100.0
530,2021-10-12 06:35:03,24800.0,200.0,2784100.0
531,2021-10-12 06:35:03,24800.0,1000.0,2783900.0
532,2021-10-12 06:35:03,24800.0,27300.0,2782900.0
533,2021-10-12 06:34:38,24750.0,200.0,2755600.0
534,2021-10-12 06:33:18,24750.0,100.0,2755400.0
535,2021-10-12 06:33:11,24750.0,100.0,2755300.0
536,2021-10-12 06:33:03,24750.0,100.0,2755200.0
537,2021-10-12 06:32:18,24750.0,300.0,2755100.0
538,2021-10-12 06:32:14,24750.0,500.0,2754800.0
539,2021-10-12 06:32:11,24750.0,600.0,2754300.0
540,2021-10-12 06:32:02,24700.0,100.0,2753700.0
541,2021-10-12 06:32:02,24750.0,100.0,2753600.0
542,2021-10-12 06:32:00,24750.0,1000.0,2753500.0
543,2021-10-12 06:31:56,24750.0,3900.0,2752500.0
544,2021-10-12 06:31:51,24750.0,100.0,2748600.0
545,2021-10-12 06:31:44,24800.0,800.0,2748500.0
546,2021-10-12 06:31:40,24800.0,1000.0,2747700.0
547,2021-10-12 06:31:17,24800.0,48400.0,2746700.0
548,2021-10-12 06:31:17,24750.0,500.0,2698300.0
549,2021-10-12 06:31:17,24750.0,100.0,2697800.0
550,2021-10-12 06:31:17,24750.0,500.0,2697700.0
551,2021-10-12 06:31:17,24750.0,600.0,2697200.0
552,2021-10-12 06:31:17,24750.0,3300.0,2696600.0
553,2021-10-12 06:31:17,24750.0,100.0,2693300.0
554,2021-10-12 06:31:17,24750.0,100.0,2693200.0
555,2021-10-12 06:31:17,24750.0,4700.0,2693100.0
556,2021-10-12 06:31:17,24750.0,200.0,2688400.0
557,2021-10-12 06:31:17,24750.0,6500.0,2688200.0
558,2021-10-12 06:31:17,24750.0,1000.0,2681700.0
559,2021-10-12 06:31:11,24750.0,500.0,2680700.0
560,2021-10-12 06:31:04,24700.0,300.0,2680200.0
561,2021-10-12 06:30:53,24700.0,1800.0,2679900.0
562,2021-10-12 06:30:53,24700.0,1200.0,2678100.0
563,2021-10-12 06:30:25,24750.0,100.0,2676900.0
564,2021-10-12 06:30:03,24700.0,600.0,2676800.0
565,2021-10-12 06:30:03,24700.0,700.0,2676200.0
566,2021-10-12 06:30:03,24700.0,1200.0,2675500.0
567,2021-10-12 06:30:00,24700.0,200.0,2674300.0
568,2021-10-12 06:29:59,24700.0,600.0,2674100.0
569,2021-10-12 06:29:59,24700.0,300.0,2673500.0
570,2021-10-12 06:29:57,24700.0,700.0,2673200.0
571,2021-10-12 06:29:57,24700.0,100.0,2672500.0
572,2021-10-12 06:29:57,24700.0,500.0,2672400.0
573,2021-10-12 06:29:57,24700.0,100.0,2671900.0
574,2021-10-12 06:29:57,24700.0,200.0,2671800.0
575,2021-10-12 06:29:57,24700.0,200.0,2671600.0
576,2021-10-12 06:29:57,24700.0,1000.0,2671400.0
577,2021-10-12 06:29:57,24700.0,200.0,2670400.0
578,2021-10-12 06:29:57,24700.0,700.0,2670200.0
579,2021-10-12 06:29:57,24700.0,1500.0,2669500.0
580,2021-10-12 06:29:57,24700.0,500.0,2668000.0
581,2021-10-12 06:29:57,24700.0,1000.0,2667500.0
582,2021-10-12 06:29:57,24700.0,2500.0,2666500.0
583,2021-10-12 06:29:55,24700.0,500.0,2664000.0
584,2021-10-12 06:29:49,24700.0,1000.0,2663500.0
585,2021-10-12 06:29:47,24700.0,500.0,2662500.0
586,2021-10-12 06:29:45,24700.0,500.0,2662000.0
587,2021-10-12 06:29:45,24700.0,400.0,2661500.0
588,2021-10-12 06:29:42,24700.0,200.0,2661100.0
589,2021-10-12 06:29:42,24700.0,200.0,2660900.0
590,2021-10-12 06:29:42,24700.0,1000.0,2660700.0
591,2021-10-12 06:29:39,24700.0,1500.0,2659700.0
592,2021-10-12 06:29:38,24700.0,100.0,2658200.0
593,2021-10-12 06:29:34,24700.0,500.0,2658100.0
594,2021-10-12 06:29:33,24700.0,900.0,2657600.0
595,2021-10-12 06:29:32,24700.0,200.0,2656700.0
596,2021-10-12 06:29:32,24700.0,800.0,2656500.0
597,2021-10-12 06:29:29,24700.0,400.0,2655700.0
598,2021-10-12 06:29:25,24700.0,300.0,2655300.0
599,2021-10-12 06:29:21,24700.0,100.0,2655000.0
600,2021-10-12 06:29:15,24700.0,300.0,2654900.0
601,2021-10-12 06:29:11,24700.0,1600.0,2654600.0
602,2021-10-12 06:28:53,24700.0,4200.0,2653000.0
603,2021-10-12 06:28:34,24700.0,1700.0,2648800.0
604,2021-10-12 06:28:25,24650.0,900.0,2647100.0
605,2021-10-12 06:28:25,24650.0,300.0,2646200.0
606,2021-10-12 06:28:25,24650.0,500.0,2645900.0
607,2021-10-12 06:28:25,24650.0,300.0,2645400.0
608,2021-10-12 06:28:25,24650.0,500.0,2645100.0
609,2021-10-12 06:28:25,24650.0,900.0,2644600.0
610,2021-10-12 06:28:25,24650.0,3000.0,2643700.0
611,2021-10-12 06:28:25,24650.0,200.0,2640700.0
612,2021-10-12 06:28:25,24650.0,500.0,2640500.0
613,2021-10-12 06:28:25,24650.0,1000.0,2640000.0
614,2021-10-12 06:28:25,24650.0,1000.0,2639000.0
615,2021-10-12 06:28:25,24650.0,100.0,2638000.0
616,2021-10-12 06:28:25,24650.0,200.0,2637900.0
617,2021-10-12 06:28:25,24650.0,600.0,2637700.0
618,2021-10-12 06:28:23,24700.0,700.0,2637100.0
619,2021-10-12 06:28:18,24700.0,5700.0,2636400.0
620,2021-10-12 06:28:18,24700.0,4000.0,2630700.0
621,2021-10-12 06:28:18,24700.0,100.0,2626700.0
622,2021-10-12 06:28:01,24700.0,900.0,2626600.0
623,2021-10-12 06:28:01,24700.0,100.0,2625700.0
624,2021-10-12 06:27:59,24700.0,2000.0,2625600.0
625,2021-10-12 06:27:53,24700.0,200.0,2623600.0
626,2021-10-12 06:27:43,24700.0,500.0,2623400.0
627,2021-10-12 06:27:42,24650.0,100.0,2622900.0
628,2021-10-12 06:27:24,24650.0,100.0,2622800.0
629,2021-10-12 06:27:09,24650.0,500.0,2622700.0
630,2021-10-12 06:26:44,24650.0,200.0,2622200.0
631,2021-10-12 06:26:34,24650.0,100.0,2622000.0
632,2021-10-12 06:26:34,24650.0,300.0,2621900.0
633,2021-10-12 06:26:33,24650.0,200.0,2621600.0
634,2021-10-12 06:26:33,24650.0,400.0,2621400.0
635,2021-10-12 06:25:54,24650.0,200.0,2621000.0
636,2021-10-12 06:25:43,24650.0,500.0,2620800.0
637,2021-10-12 06:25:26,24650.0,2000.0,2620300.0
638,2021-10-12 06:25:14,24650.0,10000.0,2618300.0
639,2021-10-12 06:25:01,24650.0,500.0,2608300.0
640,2021-10-12 06:24:55,24650.0,500.0,2607800.0
641,2021-10-12 06:24:50,24650.0,2000.0,2607300.0
642,2021-10-12 06:24:50,24650.0,3900.0,2605300.0
643,2021-10-12 06:24:47,24650.0,100.0,2601400.0
644,2021-10-12 06:24:47,24650.0,300.0,2601300.0
645,2021-10-12 06:24:42,24650.0,700.0,2601000.0
646,2021-10-12 06:24:42,24650.0,1200.0,2600300.0
647,2021-10-12 06:24:42,24650.0,500.0,2599100.0
648,2021-10-12 06:24:42,24650.0,400.0,2598600.0
649,2021-10-12 06:24:41,24650.0,100.0,2598200.0
650,2021-10-12 06:24:41,24650.0,900.0,2598100.0
651,2021-10-12 06:24:40,24650.0,100.0,2597200.0
652,2021-10-12 06:24:40,24650.0,200.0,2597100.0
653,2021-10-12 06:24:33,24650.0,200.0,2596900.0
654,2021-10-12 06:24:29,24650.0,100.0,2596700.0
655,2021-10-12 06:24:27,24650.0,1500.0,2596600.0
656,2021-10-12 06:24:27,24650.0,18500.0,2595100.0
657,2021-10-12 06:24:13,24650.0,200.0,2576600.0
658,2021-10-12 06:24:10,24650.0,3900.0,2576400.0
659,2021-10-12 06:24:09,24650.0,300.0,2572500.0
660,2021-10-12 06:24:02,24650.0,100.0,2572200.0
661,2021-10-12 06:24:02,24650.0,1000.0,2572100.0
662,2021-10-12 06:23:58,24650.0,2000.0,2571100.0
663,2021-10-12 06:23:42,24650.0,300.0,2569100.0
664,2021-10-12 06:23:27,24650.0,500.0,2568800.0
665,2021-10-12 06:23:12,24650.0,500.0,2568300.0
666,2021-10-12 06:23:09,24650.0,500.0,2567800.0
667,2021-10-12 06:23:06,24650.0,100.0,2567300.0
668,2021-10-12 06:23:03,24650.0,100.0,2567200.0
669,2021-10-12 06:22:51,24650.0,200.0,2567100.0
670,2021-10-12 06:22:50,24600.0,300.0,2566900.0
671,2021-10-12 06:22:34,24600.0,100.0,2566600.0
672,2021-10-12 06:22:34,24600.0,200.0,2566500.0
673,2021-10-12 06:22:03,24600.0,100.0,2566300.0
674,2021-10-12 06:21:57,24650.0,100.0,2566200.0
675,2021-10-12 06:21:54,24650.0,100.0,2566100.0
676,2021-10-12 06:21:31,24650.0,100.0,2566000.0
677,2021-10-12 06:21:23,24650.0,400.0,2565900.0
678,2021-10-12 06:21:23,24650.0,100.0,2565500.0
679,2021-10-12 06:21:20,24600.0,2000.0,2565400.0
680,2021-10-12 06:21:14,24650.0,100.0,2563400.0
681,2021-10-12 06:21:05,24650.0,100.0,2563300.0
682,2021-10-12 06:21:05,24650.0,500.0,2563200.0
683,2021-10-12 06:21:05,24650.0,100.0,2562700.0
684,2021-10-12 06:21:05,24650.0,1200.0,2562600.0
685,2021-10-12 06:21:05,24650.0,300.0,2561400.0
686,2021-10-12 06:21:05,24650.0,100.0,2561100.0
687,2021-10-12 06:21:05,24650.0,900.0,2561000.0
688,2021-10-12 06:21:05,24650.0,100.0,2560100.0
689,2021-10-12 06:21:05,24650.0,200.0,2560000.0
690,2021-10-12 06:21:05,24650.0,100.0,2559800.0
691,2021-10-12 06:21:05,24650.0,200.0,2559700.0
692,2021-10-12 06:21:05,24650.0,500.0,2559500.0
693,2021-10-12 06:21:05,24650.0,100.0,2559000.0
694,2021-10-12 06:21:05,24650.0,3300.0,2558900.0
695,2021-10-12 06:20:25,24700.0,200.0,2555600.0
696,2021-10-12 06:20:25,24700.0,500.0,2555400.0
697,2021-10-12 06:20:25,24700.0,1300.0,2554900.0
698,2021-10-12 06:20:14,24650.0,6700.0,2553600.0
699,2021-10-12 06:20:14,24650.0,300.0,2546900.0
700,2021-10-12 06:20:14,24650.0,3000.0,2546600.0
701,2021-10-12 06:20:14,24700.0,100.0,2543600.0
702,2021-10-12 06:20:02,24700.0,3000.0,2543500.0
703,2021-10-12 06:19:54,24700.0,600.0,2540500.0
704,2021-10-12 06:19:54,24700.0,400.0,2539900.0
705,2021-10-12 06:19:50,24700.0,100.0,2539500.0
706,2021-10-12 06:19:48,24700.0,200.0,2539400.0
707,2021-10-12 06:19:41,24700.0,100.0,2539200.0
708,2021-10-12 06:19:36,24700.0,400.0,2539100.0
709,2021-10-12 06:19:36,24700.0,600.0,2538700.0
710,2021-10-12 06:19:36,24700.0,4000.0,2538100.0
711,2021-10-12 06:19:32,24700.0,200.0,2534100.0
712,2021-10-12 06:19:27,24650.0,1000.0,2533900.0
713,2021-10-12 06:19:27,24700.0,400.0,2532900.0
714,2021-10-12 06:19:23,24650.0,1400.0,2532500.0
715,2021-10-12 06:19:23,24650.0,100.0,2531100.0
716,2021-10-12 06:19:23,24650.0,2000.0,2531000.0
717,2021-10-12 06:19:23,24650.0,1500.0,2529000.0
718,2021-10-12 06:19:19,24700.0,100.0,2527500.0
719,2021-10-12 06:18:57,24700.0,100.0,2527400.0
720,2021-10-12 06:18:55,24650.0,200.0,2527300.0
721,2021-10-12 06:18:55,24650.0,200.0,2527100.0
722,2021-10-12 06:18:55,24650.0,300.0,2526900.0
723,2021-10-12 06:18:55,24650.0,500.0,2526600.0
724,2021-10-12 06:18:55,24650.0,100.0,2526100.0
725,2021-10-12 06:18:55,24650.0,500.0,2526000.0
726,2021-10-12 06:18:55,24650.0,500.0,2525500.0
727,2021-10-12 06:18:55,24650.0,100.0,2525000.0
728,2021-10-12 06:18:55,24650.0,1600.0,2524900.0
729,2021-10-12 06:18:54,24700.0,200.0,2523300.0
730,2021-10-12 06:18:50,24650.0,400.0,2523100.0
731,2021-10-12 06:18:50,24650.0,100.0,2522700.0
732,2021-10-12 06:18:50,24650.0,100.0,2522600.0
733,2021-10-12 06:18:50,24650.0,1000.0,2522500.0
734,2021-10-12 06:18:50,24650.0,100.0,2521500.0
735,2021-10-12 06:18:50,24650.0,100.0,2521400.0
736,2021-10-12 06:18:50,24650.0,100.0,2521300.0
737,2021-10-12 06:18:50,24650.0,500.0,2521200.0
738,2021-10-12 06:18:50,24650.0,200.0,2520700.0
739,2021-10-12 06:18:50,24650.0,2000.0,2520500.0
740,2021-10-12 06:18:50,24650.0,1200.0,2518500.0
741,2021-10-12 06:18:50,24650.0,200.0,2517300.0
742,2021-10-12 06:18:50,24650.0,200.0,2517100.0
743,2021-10-12 06:18:50,24650.0,100.0,2516900.0
744,2021-10-12 06:18:50,24650.0,100.0,2516800.0
745,2021-10-12 06:18:50,24650.0,600.0,2516700.0
746,2021-10-12 06:18:50,24650.0,200.0,2516100.0
747,2021-10-12 06:18:50,24650.0,100.0,2515900.0
748,2021-10-12 06:18:50,24650.0,1000.0,2515800.0
749,2021-10-12 06:18:50,24650.0,700.0,2514800.0
750,2021-10-12 06:18:49,24700.0,800.0,2514100.0
751,2021-10-12 06:18:39,24650.0,3300.0,2513300.0
752,2021-10-12 06:18:39,24650.0,4700.0,2510000.0
753,2021-10-12 06:18:36,24650.0,300.0,2505300.0
754,2021-10-12 06:18:31,24650.0,100.0,2505000.0
755,2021-10-12 06:18:31,24650.0,100.0,2504900.0
756,2021-10-12 06:18:31,24650.0,500.0,2504800.0
757,2021-10-12 06:18:31,24650.0,100.0,2504300.0
758,2021-10-12 06:18:31,24650.0,200.0,2504200.0
759,2021-10-12 06:18:30,24700.0,100.0,2504000.0
760,2021-10-12 06:18:29,24700.0,1000.0,2503900.0
761,2021-10-12 06:18:21,24650.0,300.0,2502900.0
762,2021-10-12 06:18:13,24700.0,300.0,2502600.0
763,2021-10-12 06:18:06,24700.0,800.0,2502300.0
764,2021-10-12 06:18:05,24700.0,1000.0,2501500.0
765,2021-10-12 06:18:02,24700.0,100.0,2500500.0
766,2021-10-12 06:18:02,24700.0,1500.0,2500400.0
767,2021-10-12 06:18:02,24700.0,1400.0,2498900.0
768,2021-10-12 06:18:02,24700.0,300.0,2497500.0
769,2021-10-12 06:18:02,24700.0,2000.0,2497200.0
770,2021-10-12 06:18:02,24700.0,1000.0,2495200.0
771,2021-10-12 06:18:02,24700.0,300.0,2494200.0
772,2021-10-12 06:18:02,24700.0,200.0,2493900.0
773,2021-10-12 06:18:01,24700.0,1500.0,2493700.0
774,2021-10-12 06:18:00,24700.0,300.0,2492200.0
775,2021-10-12 06:18:00,24700.0,200.0,2491900.0
776,2021-10-12 06:18:00,24700.0,100.0,2491700.0
777,2021-10-12 06:18:00,24700.0,200.0,2491600.0
778,2021-10-12 06:18:00,24700.0,300.0,2491400.0
779,2021-10-12 06:18:00,24700.0,200.0,2491100.0
780,2021-10-12 06:18:00,24700.0,200.0,2490900.0
781,2021-10-12 06:18:00,24700.0,2000.0,2490700.0
782,2021-10-12 06:18:00,24700.0,1000.0,2488700.0
783,2021-10-12 06:18:00,24700.0,700.0,2487700.0
784,2021-10-12 06:18:00,24700.0,200.0,2487000.0
785,2021-10-12 06:18:00,24700.0,100.0,2486800.0
786,2021-10-12 06:18:00,24700.0,3500.0,2486700.0
787,2021-10-12 06:18:00,24700.0,7000.0,2483200.0
788,2021-10-12 06:18:00,24700.0,2000.0,2476200.0
789,2021-10-12 06:18:00,24700.0,500.0,2474200.0
790,2021-10-12 06:18:00,24700.0,1300.0,2473700.0
791,2021-10-12 06:18:00,24700.0,200.0,2472400.0
792,2021-10-12 06:18:00,24700.0,3700.0,2472200.0
793,2021-10-12 06:18:00,24700.0,1400.0,2468500.0
794,2021-10-12 06:18:00,24700.0,200.0,2467100.0
795,2021-10-12 06:18:00,24700.0,500.0,2466900.0
796,2021-10-12 06:18:00,24700.0,500.0,2466400.0
797,2021-10-12 06:18:00,24700.0,200.0,2465900.0
798,2021-10-12 06:18:00,24700.0,100.0,2465700.0
799,2021-10-12 06:18:00,24700.0,1000.0,2465600.0
800,2021-10-12 06:18:00,24700.0,100.0,2464600.0
801,2021-10-12 06:18:00,24700.0,1400.0,2464500.0
802,2021-10-12 06:17:44,24700.0,2000.0,2463100.0
803,2021-10-12 06:17:42,24700.0,1600.0,2461100.0
804,2021-10-12 06:17:42,24700.0,300.0,2459500.0
805,2021-10-12 06:17:40,24700.0,700.0,2459200.0
806,2021-10-12 06:17:40,24700.0,300.0,2458500.0
807,2021-10-12 06:17:40,24700.0,300.0,2458200.0
808,2021-10-12 06:17:40,24700.0,300.0,2457900.0
809,2021-10-12 06:17:40,24700.0,100.0,2457600.0
810,2021-10-12 06:17:40,24700.0,200.0,2457500.0
811,2021-10-12 06:17:40,24700.0,1000.0,2457300.0
812,2021-10-12 06:17:40,24700.0,1000.0,2456300.0
813,2021-10-12 06:17:40,24700.0,200.0,2455300.0
814,2021-10-12 06:17:40,24700.0,200.0,2455100.0
815,2021-10-12 06:17:40,24700.0,100.0,2454900.0
816,2021-10-12 06:17:40,24700.0,100.0,2454800.0
817,2021-10-12 06:17:40,24700.0,300.0,2454700.0
818,2021-10-12 06:17:40,24700.0,500.0,2454400.0
819,2021-10-12 06:17:40,24700.0,400.0,2453900.0
820,2021-10-12 06:17:40,24700.0,100.0,2453500.0
821,2021-10-12 06:17:40,24700.0,1000.0,2453400.0
822,2021-10-12 06:17:40,24700.0,100.0,2452400.0
823,2021-10-12 06:17:40,24700.0,1000.0,2452300.0
824,2021-10-12 06:17:40,24700.0,100.0,2451300.0
825,2021-10-12 06:17:40,24700.0,200.0,2451200.0
826,2021-10-12 06:17:40,24700.0,500.0,2451000.0
827,2021-10-12 06:17:40,24700.0,200.0,2450500.0
828,2021-10-12 06:17:40,24700.0,200.0,2450300.0
829,2021-10-12 06:17:40,24700.0,100.0,2450100.0
830,2021-10-12 06:17:40,24700.0,300.0,2450000.0
831,2021-10-12 06:17:40,24700.0,100.0,2449700.0
832,2021-10-12 06:17:40,24700.0,200.0,2449600.0
833,2021-10-12 06:17:40,24700.0,100.0,2449400.0
834,2021-10-12 06:17:40,24700.0,200.0,2449300.0
835,2021-10-12 06:17:40,24700.0,100.0,2449100.0
836,2021-10-12 06:17:40,24700.0,400.0,2449000.0
837,2021-10-12 06:17:40,24700.0,1000.0,2448600.0
838,2021-10-12 06:17:40,24700.0,1000.0,2447600.0
839,2021-10-12 06:17:40,24700.0,3000.0,2446600.0
840,2021-10-12 06:17:40,24700.0,2000.0,2443600.0
841,2021-10-12 06:17:40,24700.0,500.0,2441600.0
842,2021-10-12 06:17:40,24700.0,500.0,2441100.0
843,2021-10-12 06:17:40,24700.0,400.0,2440600.0
844,2021-10-12 06:17:34,24700.0,100.0,2440200.0
845,2021-10-12 06:17:34,24700.0,500.0,2440100.0
846,2021-10-12 06:17:34,24700.0,2000.0,2439600.0
847,2021-10-12 06:17:34,24700.0,200.0,2437600.0
848,2021-10-12 06:17:34,24700.0,200.0,2437400.0
849,2021-10-12 06:17:34,24700.0,1000.0,2437200.0
850,2021-10-12 06:17:27,24700.0,2700.0,2436200.0
851,2021-10-12 06:17:25,24700.0,2300.0,2433500.0
852,2021-10-12 06:17:25,24700.0,500.0,2431200.0
853,2021-10-12 06:17:25,24700.0,200.0,2430700.0
854,2021-10-12 06:17:25,24700.0,300.0,2430500.0
855,2021-10-12 06:17:25,24700.0,1000.0,2430200.0
856,2021-10-12 06:17:25,24700.0,10000.0,2429200.0
857,2021-10-12 06:17:25,24700.0,4700.0,2419200.0
858,2021-10-12 06:17:25,24700.0,1000.0,2414500.0
859,2021-10-12 06:17:18,24700.0,600.0,2413500.0
860,2021-10-12 06:17:11,24700.0,1000.0,2412900.0
861,2021-10-12 06:17:04,24700.0,2700.0,2411900.0
862,2021-10-12 06:17:04,24700.0,300.0,2409200.0
863,2021-10-12 06:17:02,24700.0,200.0,2408900.0
864,2021-10-12 06:17:02,24700.0,1500.0,2408700.0
865,2021-10-12 06:16:52,24750.0,200.0,2407200.0
866,2021-10-12 06:16:52,24700.0,1500.0,2407000.0
867,2021-10-12 06:16:52,24700.0,500.0,2405500.0
868,2021-10-12 06:16:45,24750.0,500.0,2405000.0
869,2021-10-12 06:16:44,24700.0,800.0,2404500.0
870,2021-10-12 06:16:44,24700.0,200.0,2403700.0
871,2021-10-12 06:16:43,24700.0,200.0,2403500.0
872,2021-10-12 06:16:36,24700.0,100.0,2403300.0
873,2021-10-12 06:16:36,24700.0,400.0,2403200.0
874,2021-10-12 06:16:36,24700.0,100.0,2402800.0
875,2021-10-12 06:16:31,24700.0,300.0,2402700.0
876,2021-10-12 06:16:31,24700.0,5000.0,2402400.0
877,2021-10-12 06:16:31,24700.0,2000.0,2397400.0
878,2021-10-12 06:16:31,24700.0,100.0,2395400.0
879,2021-10-12 06:16:31,24700.0,2000.0,2395300.0
880,2021-10-12 06:16:31,24700.0,100.0,2393300.0
881,2021-10-12 06:16:31,24700.0,200.0,2393200.0
882,2021-10-12 06:16:31,24700.0,500.0,2393000.0
883,2021-10-12 06:16:31,24700.0,8800.0,2392500.0
884,2021-10-12 06:16:17,24700.0,1100.0,2383700.0
885,2021-10-12 06:16:04,24750.0,200.0,2382600.0
886,2021-10-12 06:16:00,24750.0,10000.0,2382400.0
887,2021-10-12 06:15:47,24750.0,1300.0,2372400.0
888,2021-10-12 06:15:47,24750.0,400.0,2371100.0
889,2021-10-12 06:15:47,24750.0,400.0,2370700.0
890,2021-10-12 06:15:42,24750.0,100.0,2370300.0
891,2021-10-12 06:15:24,24750.0,200.0,2370200.0
892,2021-10-12 06:15:21,24750.0,4800.0,2370000.0
893,2021-10-12 06:15:12,24700.0,100.0,2365200.0
894,2021-10-12 06:14:35,24700.0,500.0,2365100.0
895,2021-10-12 06:14:35,24700.0,1000.0,2364600.0
896,2021-10-12 06:14:35,24700.0,1000.0,2363600.0
897,2021-10-12 06:14:35,24700.0,500.0,2362600.0
898,2021-10-12 06:14:35,24700.0,300.0,2362100.0
899,2021-10-12 06:14:35,24700.0,100.0,2361800.0
900,2021-10-12 06:14:35,24700.0,2000.0,2361700.0
901,2021-10-12 06:14:35,24700.0,500.0,2359700.0
902,2021-10-12 06:14:35,24700.0,3000.0,2359200.0
903,2021-10-12 06:14:35,24700.0,800.0,2356200.0
904,2021-10-12 06:14:35,24700.0,300.0,2355400.0
905,2021-10-12 06:14:35,24700.0,1000.0,2355100.0
906,2021-10-12 06:14:35,24700.0,100.0,2354100.0
907,2021-10-12 06:14:35,24700.0,100.0,2354000.0
908,2021-10-12 06:14:35,24700.0,200.0,2353900.0
909,2021-10-12 06:14:35,24700.0,500.0,2353700.0
910,2021-10-12 06:14:35,24700.0,200.0,2353200.0
911,2021-10-12 06:14:35,24700.0,200.0,2353000.0
912,2021-10-12 06:14:35,24700.0,100.0,2352800.0
913,2021-10-12 06:14:35,24700.0,300.0,2352700.0
914,2021-10-12 06:14:35,24700.0,200.0,2352400.0
915,2021-10-12 06:14:35,24700.0,2000.0,2352200.0
916,2021-10-12 06:14:35,24700.0,2000.0,2350200.0
917,2021-10-12 06:14:35,24700.0,2000.0,2348200.0
918,2021-10-12 06:14:35,24700.0,100.0,2346200.0
919,2021-10-12 06:14:22,24700.0,1900.0,2346100.0
920,2021-10-12 06:14:22,24700.0,2000.0,2344200.0
921,2021-10-12 06:14:22,24700.0,2000.0,2342200.0
922,2021-10-12 06:14:22,24700.0,2000.0,2340200.0
923,2021-10-12 06:14:22,24700.0,2000.0,2338200.0
924,2021-10-12 06:14:22,24700.0,2000.0,2336200.0
925,2021-10-12 06:14:22,24700.0,100.0,2334200.0
926,2021-10-12 06:14:17,24700.0,500.0,2334100.0
927,2021-10-12 06:14:17,24700.0,1000.0,2333600.0
928,2021-10-12 06:13:58,24750.0,500.0,2332600.0
929,2021-10-12 06:13:28,24750.0,500.0,2332100.0
930,2021-10-12 06:13:26,24700.0,400.0,2331600.0
931,2021-10-12 06:13:26,24700.0,100.0,2331200.0
932,2021-10-12 06:13:18,24750.0,3900.0,2331100.0
933,2021-10-12 06:13:11,24750.0,3700.0,2327200.0
934,2021-10-12 06:13:11,24750.0,400.0,2323500.0
935,2021-10-12 06:13:11,24750.0,1000.0,2323100.0
936,2021-10-12 06:13:07,24750.0,2000.0,2322100.0
937,2021-10-12 06:13:04,24750.0,200.0,2320100.0
938,2021-10-12 06:12:32,24700.0,1900.0,2319900.0
939,2021-10-12 06:12:32,24700.0,1100.0,2318000.0
940,2021-10-12 06:12:25,24750.0,200.0,2316900.0
941,2021-10-12 06:12:24,24750.0,1000.0,2316700.0
942,2021-10-12 06:12:21,24750.0,100.0,2315700.0
943,2021-10-12 06:12:17,24750.0,100.0,2315600.0
944,2021-10-12 06:12:16,24750.0,500.0,2315500.0
945,2021-10-12 06:12:12,24750.0,600.0,2315000.0
946,2021-10-12 06:12:10,24750.0,2000.0,2314400.0
947,2021-10-12 06:12:04,24750.0,100.0,2312400.0
948,2021-10-12 06:12:02,24750.0,1600.0,2312300.0
949,2021-10-12 06:11:53,24750.0,100.0,2310700.0
950,2021-10-12 06:11:44,24750.0,300.0,2310600.0
951,2021-10-12 06:11:36,24750.0,300.0,2310300.0
952,2021-10-12 06:11:36,24750.0,1000.0,2310000.0
953,2021-10-12 06:11:21,24750.0,2000.0,2309000.0
954,2021-10-12 06:11:10,24750.0,6300.0,2307000.0
955,2021-10-12 06:11:03,24750.0,500.0,2300700.0
956,2021-10-12 06:10:48,24750.0,100.0,2300200.0
957,2021-10-12 06:10:06,24700.0,500.0,2300100.0
958,2021-10-12 06:09:22,24750.0,1000.0,2299600.0
959,2021-10-12 06:08:18,24700.0,1400.0,2298600.0
960,2021-10-12 06:08:18,24700.0,1400.0,2297200.0
961,2021-10-12 06:08:18,24750.0,200.0,2295800.0
962,2021-10-12 06:07:50,24700.0,600.0,2295600.0
963,2021-10-12 06:07:50,24700.0,5000.0,2295000.0
964,2021-10-12 06:07:50,24750.0,400.0,2290000.0
965,2021-10-12 06:07:50,24750.0,600.0,2289600.0
966,2021-10-12 06:07:50,24750.0,500.0,2289000.0
967,2021-10-12 06:07:50,24750.0,1000.0,2288500.0
968,2021-10-12 06:07:50,24750.0,600.0,2287500.0
969,2021-10-12 06:07:50,24750.0,2000.0,2286900.0
970,2021-10-12 06:07:50,24750.0,100.0,2284900.0
971,2021-10-12 06:07:50,24750.0,500.0,2284800.0
972,2021-10-12 06:07:50,24750.0,6000.0,2284300.0
973,2021-10-12 06:07:50,24750.0,200.0,2278300.0
974,2021-10-12 06:07:50,24750.0,1000.0,2278100.0
975,2021-10-12 06:07:50,24750.0,100.0,2277100.0
976,2021-10-12 06:07:50,24750.0,400.0,2277000.0
977,2021-10-12 06:07:50,24750.0,100.0,2276600.0
978,2021-10-12 06:07:50,24750.0,100.0,2276500.0
979,2021-10-12 06:07:50,24750.0,100.0,2276400.0
980,2021-10-12 06:07:50,24750.0,1000.0,2276300.0
981,2021-10-12 06:07:50,24750.0,500.0,2275300.0
982,2021-10-12 06:07:50,24750.0,300.0,2274800.0
983,2021-10-12 06:07:50,24750.0,5000.0,2274500.0
984,2021-10-12 06:07:50,24750.0,1800.0,2269500.0
985,2021-10-12 06:07:50,24750.0,1000.0,2267700.0
986,2021-10-12 06:07:50,24750.0,100.0,2266700.0
987,2021-10-12 06:07:50,24750.0,200.0,2266600.0
988,2021-10-12 06:07:50,24750.0,100.0,2266400.0
989,2021-10-12 06:07:50,24750.0,100.0,2266300.0
990,2021-10-12 06:07:50,24750.0,200.0,2266200.0
991,2021-10-12 06:07:50,24750.0,400.0,2266000.0
992,2021-10-12 06:07:45,24750.0,1600.0,2265600.0
993,2021-10-12 06:07:45,24750.0,500.0,2264000.0
994,2021-10-12 06:07:45,24750.0,5000.0,2263500.0
995,2021-10-12 06:07:45,24750.0,200.0,2258500.0
996,2021-10-12 06:07:45,24750.0,2700.0,2258300.0
997,2021-10-12 06:07:45,24800.0,200.0,2255600.0
998,2021-10-12 06:07:25,24800.0,500.0,2255400.0
999,2021-10-12 06:07:23,24800.0,1000.0,2254900.0
1000,2021-10-12 06:07:16,24750.0,1800.0,2253900.0
1001,2021-10-12 06:07:16,24750.0,4200.0,2252100.0
1002,2021-10-12 06:07:11,24800.0,300.0,2247900.0
1003,2021-10-12 06:06:53,24800.0,100.0,2247600.0
1004,2021-10-12 06:06:21,24750.0,300.0,2247500.0
1005,2021-10-12 06:06:21,24750.0,100.0,2247200.0
1006,2021-10-12 06:06:21,24750.0,600.0,2247100.0
1007,2021-10-12 06:05:35,24800.0,400.0,2246500.0
1008,2021-10-12 06:05:35,24800.0,300.0,2246100.0
1009,2021-10-12 06:05:35,24800.0,300.0,2245800.0
1010,2021-10-12 06:05:27,24800.0,500.0,2245500.0
1011,2021-10-12 06:05:20,24800.0,1000.0,2245000.0
1012,2021-10-12 06:04:53,24800.0,400.0,2244000.0
1013,2021-10-12 06:04:47,24800.0,500.0,2243600.0
1014,2021-10-12 06:04:35,24800.0,1000.0,2243100.0
1015,2021-10-12 06:04:15,24800.0,1400.0,2242100.0
1016,2021-10-12 06:04:06,24750.0,800.0,2240700.0
1017,2021-10-12 06:01:48,24750.0,600.0,2239900.0
1018,2021-10-12 06:01:48,24750.0,100.0,2239300.0
1019,2021-10-12 06:01:36,24750.0,100.0,2239200.0
1020,2021-10-12 06:00:57,24750.0,100.0,2239100.0
1021,2021-10-12 06:00:57,24750.0,200.0,2239000.0
1022,2021-10-12 06:00:31,24800.0,100.0,2238800.0
1023,2021-10-12 06:00:29,24800.0,200.0,2238700.0
1024,2021-10-12 06:00:23,24800.0,100.0,2238500.0
1025,2021-10-12 06:00:23,24800.0,100.0,2238400.0
1026,2021-10-12 06:00:13,24800.0,3000.0,2238300.0
1027,2021-10-12 06:00:13,24750.0,200.0,2235300.0
1028,2021-10-12 06:00:10,24750.0,1000.0,2235100.0
1029,2021-10-12 06:00:10,24800.0,1500.0,2234100.0
1030,2021-10-12 06:00:09,24800.0,200.0,2232600.0
1031,2021-10-12 06:00:05,24800.0,200.0,2232400.0
1032,2021-10-12 06:00:01,24750.0,200.0,2232200.0
1033,2021-10-12 06:00:01,24750.0,2000.0,2232000.0
1034,2021-10-12 06:00:01,24750.0,600.0,2230000.0
1035,2021-10-12 06:00:01,24750.0,100.0,2229400.0
1036,2021-10-12 06:00:01,24750.0,100.0,2229300.0
1037,2021-10-12 06:00:01,24750.0,100.0,2229200.0
1038,2021-10-12 06:00:01,24750.0,500.0,2229100.0
1039,2021-10-12 06:00:01,24750.0,1400.0,2228600.0
1040,2021-10-12 06:00:01,24800.0,500.0,2227200.0
1041,2021-10-12 06:00:01,24800.0,100.0,2226700.0
1042,2021-10-12 06:00:01,24800.0,800.0,2226600.0
1043,2021-10-12 06:00:00,24800.0,100.0,2225800.0
1044,2021-10-12 04:29:39,24800.0,500.0,2225700.0
1045,2021-10-12 04:29:20,24800.0,500.0,2225200.0
1046,2021-10-12 04:29:18,24800.0,100.0,2224700.0
1047,2021-10-12 04:28:53,24800.0,400.0,2224600.0
1048,2021-10-12 04:28:27,24800.0,1400.0,2224200.0
1049,2021-10-12 04:28:19,24800.0,100.0,2222800.0
1050,2021-10-12 04:28:17,24800.0,500.0,2222700.0
1051,2021-10-12 04:28:07,24750.0,200.0,2222200.0
1052,2021-10-12 04:28:07,24750.0,800.0,2222000.0
1053,2021-10-12 04:28:01,24750.0,200.0,2221200.0
1054,2021-10-12 04:28:01,24750.0,100.0,2221000.0
1055,2021-10-12 04:27:57,24800.0,1000.0,2220900.0
1056,2021-10-12 04:27:57,24800.0,1000.0,2219900.0
1057,2021-10-12 04:27:57,24800.0,200.0,2218900.0
1058,2021-10-12 04:27:57,24800.0,500.0,2218700.0
1059,2021-10-12 04:27:57,24800.0,100.0,2218200.0
1060,2021-10-12 04:27:57,24800.0,1000.0,2218100.0
1061,2021-10-12 04:27:57,24800.0,200.0,2217100.0
1062,2021-10-12 04:27:57,24800.0,800.0,2216900.0
1063,2021-10-12 04:27:54,24800.0,500.0,2216100.0
1064,2021-10-12 04:27:26,24800.0,1500.0,2215600.0
1065,2021-10-12 04:27:05,24800.0,100.0,2214100.0
1066,2021-10-12 04:26:40,24850.0,800.0,2214000.0
1067,2021-10-12 04:26:40,24850.0,200.0,2213200.0
1068,2021-10-12 04:26:17,24800.0,300.0,2213000.0
1069,2021-10-12 04:26:07,24800.0,1800.0,2212700.0
1070,2021-10-12 04:26:07,24800.0,100.0,2210900.0
1071,2021-10-12 04:25:56,24800.0,200.0,2210800.0
1072,2021-10-12 04:25:55,24800.0,100.0,2210600.0
1073,2021-10-12 04:25:17,24800.0,600.0,2210500.0
1074,2021-10-12 04:25:17,24800.0,400.0,2209900.0
1075,2021-10-12 04:24:52,24750.0,1400.0,2209500.0
1076,2021-10-12 04:24:50,24850.0,4900.0,2208100.0
1077,2021-10-12 04:24:50,24850.0,300.0,2203200.0
1078,2021-10-12 04:24:50,24850.0,500.0,2202900.0
1079,2021-10-12 04:24:50,24850.0,500.0,2202400.0
1080,2021-10-12 04:24:50,24850.0,400.0,2201900.0
1081,2021-10-12 04:24:13,24700.0,3000.0,2201500.0
1082,2021-10-12 04:23:29,24700.0,2000.0,2198500.0
1083,2021-10-12 04:23:29,24700.0,2000.0,2196500.0
1084,2021-10-12 04:23:29,24700.0,100.0,2194500.0
1085,2021-10-12 04:23:29,24700.0,2000.0,2194400.0
1086,2021-10-12 04:23:29,24700.0,300.0,2192400.0
1087,2021-10-12 04:23:29,24700.0,900.0,2192100.0
1088,2021-10-12 04:23:27,24700.0,100.0,2191200.0
1089,2021-10-12 04:23:23,24700.0,100.0,2191100.0
1090,2021-10-12 04:23:23,24750.0,100.0,2191000.0
1091,2021-10-12 04:22:18,24700.0,900.0,2190900.0
1092,2021-10-12 04:22:18,24700.0,500.0,2190000.0
1093,2021-10-12 04:22:18,24700.0,2000.0,2189500.0
1094,2021-10-12 04:22:18,24700.0,2000.0,2187500.0
1095,2021-10-12 04:22:18,24700.0,500.0,2185500.0
1096,2021-10-12 04:22:18,24700.0,2000.0,2185000.0
1097,2021-10-12 04:22:18,24700.0,100.0,2183000.0
1098,2021-10-12 04:22:18,24700.0,2000.0,2182900.0
1099,2021-10-12 04:22:18,24700.0,100.0,2180900.0
1100,2021-10-12 04:22:18,24700.0,100.0,2180800.0
1101,2021-10-12 04:22:18,24700.0,500.0,2180700.0
1102,2021-10-12 04:22:18,24700.0,100.0,2180200.0
1103,2021-10-12 04:22:18,24700.0,200.0,2180100.0
1104,2021-10-12 04:22:18,24700.0,2000.0,2179900.0
1105,2021-10-12 04:22:18,24700.0,2000.0,2177900.0
1106,2021-10-12 04:22:18,24700.0,1000.0,2175900.0
1107,2021-10-12 04:22:18,24700.0,400.0,2174900.0
1108,2021-10-12 04:22:18,24750.0,200.0,2174500.0
1109,2021-10-12 04:22:18,24750.0,100.0,2174300.0
1110,2021-10-12 04:22:18,24750.0,200.0,2174200.0
1111,2021-10-12 04:22:18,24750.0,500.0,2174000.0
1112,2021-10-12 04:22:18,24750.0,100.0,2173500.0
1113,2021-10-12 04:22:18,24750.0,500.0,2173400.0
1114,2021-10-12 04:22:18,24750.0,200.0,2172900.0
1115,2021-10-12 04:22:18,24750.0,1400.0,2172700.0
1116,2021-10-12 04:22:18,24750.0,6000.0,2171300.0
1117,2021-10-12 04:22:18,24750.0,500.0,2165300.0
1118,2021-10-12 04:22:18,24750.0,200.0,2164800.0
1119,2021-10-12 04:22:18,24750.0,1000.0,2164600.0
1120,2021-10-12 04:22:18,24750.0,200.0,2163600.0
1121,2021-10-12 04:22:18,24750.0,300.0,2163400.0
1122,2021-10-12 04:22:18,24750.0,1400.0,2163100.0
1123,2021-10-12 04:22:18,24750.0,500.0,2161700.0
1124,2021-10-12 04:22:18,24750.0,500.0,2161200.0
1125,2021-10-12 04:22:18,24750.0,500.0,2160700.0
1126,2021-10-12 04:22:18,24750.0,1200.0,2160200.0
1127,2021-10-12 04:22:18,24750.0,500.0,2159000.0
1128,2021-10-12 04:22:18,24750.0,1000.0,2158500.0
1129,2021-10-12 04:22:18,24750.0,4300.0,2157500.0
1130,2021-10-12 04:22:18,24800.0,300.0,2153200.0
1131,2021-10-12 04:22:18,24800.0,2000.0,2152900.0
1132,2021-10-12 04:22:18,24800.0,1400.0,2150900.0
1133,2021-10-12 04:22:18,24800.0,1000.0,2149500.0
1134,2021-10-12 04:22:18,24800.0,1000.0,2148500.0
1135,2021-10-12 04:22:18,24800.0,3600.0,2147500.0
1136,2021-10-12 04:22:18,24800.0,1000.0,2143900.0
1137,2021-10-12 04:22:18,24800.0,500.0,2142900.0
1138,2021-10-12 04:22:18,24800.0,300.0,2142400.0
1139,2021-10-12 04:22:18,24800.0,100.0,2142100.0
1140,2021-10-12 04:22:18,24800.0,1000.0,2142000.0
1141,2021-10-12 04:22:18,24800.0,100.0,2141000.0
1142,2021-10-12 04:22:11,24800.0,200.0,2140900.0
1143,2021-10-12 04:22:11,24800.0,100.0,2140700.0
1144,2021-10-12 04:22:09,24800.0,4600.0,2140600.0
1145,2021-10-12 04:21:46,24800.0,5000.0,2136000.0
1146,2021-10-12 04:21:34,24800.0,300.0,2131000.0
1147,2021-10-12 04:21:34,24800.0,200.0,2130700.0
1148,2021-10-12 04:21:34,24800.0,2000.0,2130500.0
1149,2021-10-12 04:21:34,24800.0,2000.0,2128500.0
1150,2021-10-12 04:21:34,24800.0,400.0,2126500.0
1151,2021-10-12 04:21:34,24800.0,5000.0,2126100.0
1152,2021-10-12 04:21:34,24800.0,100.0,2121100.0
1153,2021-10-12 04:20:45,24800.0,100.0,2121000.0
1154,2021-10-12 04:20:41,24800.0,2000.0,2120900.0
1155,2021-10-12 04:20:35,24850.0,2200.0,2118900.0
1156,2021-10-12 04:20:34,24850.0,100.0,2116700.0
1157,2021-10-12 04:20:34,24850.0,500.0,2116600.0
1158,2021-10-12 04:20:34,24850.0,600.0,2116100.0
1159,2021-10-12 04:20:34,24850.0,200.0,2115500.0
1160,2021-10-12 04:20:34,24850.0,500.0,2115300.0
1161,2021-10-12 04:20:34,24850.0,1000.0,2114800.0
1162,2021-10-12 04:20:34,24850.0,400.0,2113800.0
1163,2021-10-12 04:20:34,24850.0,800.0,2113400.0
1164,2021-10-12 04:20:34,24850.0,1200.0,2112600.0
1165,2021-10-12 04:20:24,24850.0,100.0,2111400.0
1166,2021-10-12 04:20:09,24850.0,200.0,2111300.0
1167,2021-10-12 04:20:07,24850.0,200.0,2111100.0
1168,2021-10-12 04:19:57,24850.0,800.0,2110900.0
1169,2021-10-12 04:19:57,24850.0,1000.0,2110100.0
1170,2021-10-12 04:19:34,24800.0,2800.0,2109100.0
1171,2021-10-12 04:19:34,24800.0,200.0,2106300.0
1172,2021-10-12 04:19:10,24850.0,100.0,2106100.0
1173,2021-10-12 04:19:02,24850.0,100.0,2106000.0
1174,2021-10-12 04:18:14,24850.0,100.0,2105900.0
1175,2021-10-12 04:17:53,24850.0,8700.0,2105800.0
1176,2021-10-12 04:17:43,24850.0,1300.0,2097100.0
1177,2021-10-12 04:17:43,24850.0,200.0,2095800.0
1178,2021-10-12 04:17:42,24850.0,100.0,2095600.0
1179,2021-10-12 04:17:42,24850.0,100.0,2095500.0
1180,2021-10-12 04:17:42,24850.0,500.0,2095400.0
1181,2021-10-12 04:17:42,24850.0,1300.0,2094900.0
1182,2021-10-12 04:17:22,24850.0,700.0,2093600.0
1183,2021-10-12 04:17:22,24850.0,200.0,2092900.0
1184,2021-10-12 04:17:22,24850.0,5100.0,2092700.0
1185,2021-10-12 04:17:14,24850.0,2000.0,2087600.0
1186,2021-10-12 04:17:12,24850.0,2900.0,2085600.0
1187,2021-10-12 04:17:12,24850.0,200.0,2082700.0
1188,2021-10-12 04:17:12,24850.0,200.0,2082500.0
1189,2021-10-12 04:17:12,24850.0,300.0,2082300.0
1190,2021-10-12 04:17:12,24850.0,1000.0,2082000.0
1191,2021-10-12 04:17:12,24850.0,400.0,2081000.0
1192,2021-10-12 04:17:12,24850.0,500.0,2080600.0
1193,2021-10-12 04:17:12,24850.0,100.0,2080100.0
1194,2021-10-12 04:17:12,24850.0,300.0,2080000.0
1195,2021-10-12 04:17:12,24850.0,3000.0,2079700.0
1196,2021-10-12 04:17:12,24850.0,100.0,2076700.0
1197,2021-10-12 04:17:10,24850.0,500.0,2076600.0
1198,2021-10-12 04:16:49,24850.0,1000.0,2076100.0
1199,2021-10-12 04:16:19,24850.0,100.0,2075100.0
1200,2021-10-12 04:15:21,24900.0,100.0,2075000.0
1201,2021-10-12 04:15:05,24900.0,500.0,2074900.0
1202,2021-10-12 04:14:38,24900.0,5000.0,2074400.0
1203,2021-10-12 04:14:35,24900.0,100.0,2069400.0
1204,2021-10-12 04:14:17,24900.0,200.0,2069300.0
1205,2021-10-12 04:14:01,24900.0,200.0,2069100.0
1206,2021-10-12 04:14:01,24900.0,300.0,2068900.0
1207,2021-10-12 04:13:59,24900.0,100.0,2068600.0
1208,2021-10-12 04:13:26,24900.0,1400.0,2068500.0
1209,2021-10-12 04:12:37,24900.0,100.0,2067100.0
1210,2021-10-12 04:12:37,24900.0,200.0,2067000.0
1211,2021-10-12 04:12:37,24900.0,500.0,2066800.0
1212,2021-10-12 04:12:37,24900.0,100.0,2066300.0
1213,2021-10-12 04:12:37,24900.0,800.0,2066200.0
1214,2021-10-12 04:12:37,24900.0,600.0,2065400.0
1215,2021-10-12 04:12:37,24900.0,2200.0,2064800.0
1216,2021-10-12 04:12:23,24850.0,1000.0,2062600.0
1217,2021-10-12 04:12:23,24900.0,100.0,2061600.0
1218,2021-10-12 04:11:57,24900.0,100.0,2061500.0
1219,2021-10-12 04:11:51,24850.0,400.0,2061400.0
1220,2021-10-12 04:11:48,24900.0,600.0,2061000.0
1221,2021-10-12 04:11:48,24900.0,700.0,2060400.0
1222,2021-10-12 04:11:10,24900.0,300.0,2059700.0
1223,2021-10-12 04:11:10,24900.0,500.0,2059400.0
1224,2021-10-12 04:11:10,24900.0,500.0,2058900.0
1225,2021-10-12 04:11:10,24900.0,3400.0,2058400.0
1226,2021-10-12 04:11:10,24900.0,300.0,2055000.0
1227,2021-10-12 04:10:50,24900.0,100.0,2054700.0
1228,2021-10-12 04:10:48,24900.0,100.0,2054600.0
1229,2021-10-12 04:10:48,24900.0,200.0,2054500.0
1230,2021-10-12 04:10:28,24900.0,300.0,2054300.0
1231,2021-10-12 04:09:51,24900.0,100.0,2054000.0
1232,2021-10-12 04:09:21,24900.0,600.0,2053900.0
1233,2021-10-12 04:09:21,24900.0,200.0,2053300.0
1234,2021-10-12 04:09:09,24900.0,100.0,2053100.0
1235,2021-10-12 04:09:09,24900.0,200.0,2053000.0
1236,2021-10-12 04:09:09,24900.0,200.0,2052800.0
1237,2021-10-12 04:09:09,24900.0,100.0,2052600.0
1238,2021-10-12 04:09:09,24900.0,200.0,2052500.0
1239,2021-10-12 04:09:08,24900.0,200.0,2052300.0
1240,2021-10-12 04:08:46,24950.0,100.0,2052100.0
1241,2021-10-12 04:08:39,24900.0,500.0,2052000.0
1242,2021-10-12 04:08:36,24900.0,500.0,2051500.0
1243,2021-10-12 04:08:34,24900.0,1000.0,2051000.0
1244,2021-10-12 04:08:25,24900.0,1200.0,2050000.0
1245,2021-10-12 04:08:25,24900.0,800.0,2048800.0
1246,2021-10-12 04:08:25,24900.0,1100.0,2048000.0
1247,2021-10-12 04:08:25,24900.0,5000.0,2046900.0
1248,2021-10-12 04:08:25,24900.0,400.0,2041900.0
1249,2021-10-12 04:08:25,24900.0,500.0,2041500.0
1250,2021-10-12 04:08:25,24900.0,300.0,2041000.0
1251,2021-10-12 04:08:25,24900.0,1000.0,2040700.0
1252,2021-10-12 04:08:25,24900.0,200.0,2039700.0
1253,2021-10-12 04:08:25,24900.0,3000.0,2039500.0
1254,2021-10-12 04:08:25,24900.0,2000.0,2036500.0
1255,2021-10-12 04:08:25,24900.0,300.0,2034500.0
1256,2021-10-12 04:08:25,24900.0,1200.0,2034200.0
1257,2021-10-12 04:08:25,24900.0,6000.0,2033000.0
1258,2021-10-12 04:08:25,24900.0,300.0,2027000.0
1259,2021-10-12 04:08:25,24900.0,300.0,2026700.0
1260,2021-10-12 04:08:25,24900.0,2600.0,2026400.0
1261,2021-10-12 04:08:03,24900.0,6900.0,2023800.0
1262,2021-10-12 04:07:59,24900.0,500.0,2016900.0
1263,2021-10-12 04:07:45,24950.0,100.0,2016400.0
1264,2021-10-12 04:07:42,24950.0,100.0,2016300.0
1265,2021-10-12 04:07:42,24950.0,700.0,2016200.0
1266,2021-10-12 04:07:42,24950.0,500.0,2015500.0
1267,2021-10-12 04:07:42,24950.0,1000.0,2015000.0
1268,2021-10-12 04:07:02,24950.0,500.0,2014000.0
1269,2021-10-12 04:06:48,24950.0,900.0,2013500.0
1270,2021-10-12 04:06:48,24950.0,300.0,2012600.0
1271,2021-10-12 04:06:48,24950.0,1000.0,2012300.0
1272,2021-10-12 04:06:48,24950.0,300.0,2011300.0
1273,2021-10-12 04:06:48,24950.0,300.0,2011000.0
1274,2021-10-12 04:06:48,24950.0,200.0,2010700.0
1275,2021-10-12 04:06:48,24950.0,100.0,2010500.0
1276,2021-10-12 04:06:48,24950.0,1000.0,2010400.0
1277,2021-10-12 04:06:48,24950.0,200.0,2009400.0
1278,2021-10-12 04:06:48,24950.0,500.0,2009200.0
1279,2021-10-12 04:06:48,24950.0,2000.0,2008700.0
1280,2021-10-12 04:06:48,24950.0,600.0,2006700.0
1281,2021-10-12 04:06:48,24950.0,100.0,2006100.0
1282,2021-10-12 04:06:48,24950.0,700.0,2006000.0
1283,2021-10-12 04:06:48,24950.0,8800.0,2005300.0
1284,2021-10-12 04:06:34,25000.0,3400.0,1996500.0
1285,2021-10-12 04:06:32,24950.0,3000.0,1993100.0
1286,2021-10-12 04:06:30,25000.0,200.0,1990100.0
1287,2021-10-12 04:06:27,24950.0,100.0,1989900.0
1288,2021-10-12 04:06:22,25000.0,2000.0,1989800.0
1289,2021-10-12 04:06:22,25000.0,100.0,1987800.0
1290,2021-10-12 04:06:15,24950.0,100.0,1987700.0
1291,2021-10-12 04:05:53,24950.0,200.0,1987600.0
1292,2021-10-12 04:05:50,25000.0,300.0,1987400.0
1293,2021-10-12 04:05:38,25000.0,2000.0,1987100.0
1294,2021-10-12 04:05:21,25000.0,5000.0,1985100.0
1295,2021-10-12 04:05:14,25000.0,1000.0,1980100.0
1296,2021-10-12 04:05:02,25000.0,300.0,1979100.0
1297,2021-10-12 04:04:35,25000.0,1200.0,1978800.0
1298,2021-10-12 04:04:20,24950.0,100.0,1977600.0
1299,2021-10-12 04:04:18,25000.0,50000.0,1977500.0
1300,2021-10-12 04:04:10,24950.0,100.0,1927500.0
1301,2021-10-12 04:04:03,24950.0,1600.0,1927400.0
1302,2021-10-12 04:04:03,24950.0,1000.0,1925800.0
1303,2021-10-12 04:04:03,24950.0,500.0,1924800.0
1304,2021-10-12 04:04:03,24950.0,500.0,1924300.0
1305,2021-10-12 04:04:03,24950.0,100.0,1923800.0
1306,2021-10-12 04:04:03,24950.0,1300.0,1923700.0
1307,2021-10-12 04:03:58,24950.0,500.0,1922400.0
1308,2021-10-12 04:03:38,25000.0,200.0,1921900.0
1309,2021-10-12 04:03:38,25000.0,1000.0,1921700.0
1310,2021-10-12 04:03:38,25000.0,200.0,1920700.0
1311,2021-10-12 04:03:38,25000.0,500.0,1920500.0
1312,2021-10-12 04:03:38,25000.0,2000.0,1920000.0
1313,2021-10-12 04:03:38,25000.0,100.0,1918000.0
1314,2021-10-12 04:03:37,24950.0,200.0,1917900.0
1315,2021-10-12 04:03:37,24950.0,300.0,1917700.0
1316,2021-10-12 04:03:37,24950.0,200.0,1917400.0
1317,2021-10-12 04:03:37,24950.0,500.0,1917200.0
1318,2021-10-12 04:03:37,24950.0,1000.0,1916700.0
1319,2021-10-12 04:03:37,24950.0,2000.0,1915700.0
1320,2021-10-12 04:03:29,25000.0,100.0,1913700.0
1321,2021-10-12 04:03:27,24950.0,18000.0,1913600.0
1322,2021-10-12 04:03:27,24950.0,200.0,1895600.0
1323,2021-10-12 04:03:27,24950.0,1000.0,1895400.0
1324,2021-10-12 04:03:27,24950.0,100.0,1894400.0
1325,2021-10-12 04:03:27,24950.0,700.0,1894300.0
1326,2021-10-12 04:03:21,25000.0,200.0,1893600.0
1327,2021-10-12 04:03:17,25000.0,100.0,1893400.0
1328,2021-10-12 04:03:15,25000.0,500.0,1893300.0
1329,2021-10-12 04:03:13,25000.0,100.0,1892800.0
1330,2021-10-12 04:03:13,25000.0,100.0,1892700.0
1331,2021-10-12 04:03:01,25000.0,100.0,1892600.0
1332,2021-10-12 04:03:01,25000.0,400.0,1892500.0
1333,2021-10-12 04:02:27,24950.0,400.0,1892100.0
1334,2021-10-12 04:02:18,24950.0,700.0,1891700.0
1335,2021-10-12 04:02:10,24950.0,100.0,1891000.0
1336,2021-10-12 04:02:00,24950.0,100.0,1890900.0
1337,2021-10-12 04:01:58,24950.0,1000.0,1890800.0
1338,2021-10-12 04:01:51,24950.0,2000.0,1889800.0
1339,2021-10-12 04:01:51,24950.0,300.0,1887800.0
1340,2021-10-12 04:01:51,24950.0,500.0,1887500.0
1341,2021-10-12 04:01:51,24950.0,200.0,1887000.0
1342,2021-10-12 04:01:43,24950.0,1000.0,1886800.0
1343,2021-10-12 04:01:36,24950.0,500.0,1885800.0
1344,2021-10-12 04:01:07,24950.0,300.0,1885300.0
1345,2021-10-12 04:01:01,24950.0,1000.0,1885000.0
1346,2021-10-12 04:01:01,24950.0,1000.0,1884000.0
1347,2021-10-12 04:00:57,24950.0,1400.0,1883000.0
1348,2021-10-12 04:00:55,24950.0,600.0,1881600.0
1349,2021-10-12 04:00:55,24950.0,500.0,1881000.0
1350,2021-10-12 04:00:55,24950.0,500.0,1880500.0
1351,2021-10-12 04:00:55,24950.0,1000.0,1880000.0
1352,2021-10-12 04:00:55,24950.0,100.0,1879000.0
1353,2021-10-12 04:00:55,24950.0,100.0,1878900.0
1354,2021-10-12 04:00:55,24950.0,100.0,1878800.0
1355,2021-10-12 04:00:52,24950.0,600.0,1878700.0
1356,2021-10-12 04:00:50,24950.0,200.0,1878100.0
1357,2021-10-12 04:00:48,24950.0,500.0,1877900.0
1358,2021-10-12 04:00:48,24950.0,5000.0,1877400.0
1359,2021-10-12 04:00:47,24950.0,1000.0,1872400.0
1360,2021-10-12 04:00:47,24950.0,2000.0,1871400.0
1361,2021-10-12 04:00:46,24950.0,2300.0,1869400.0
1362,2021-10-12 04:00:45,24950.0,7200.0,1867100.0
1363,2021-10-12 04:00:43,24950.0,1000.0,1859900.0
1364,2021-10-12 04:00:42,24950.0,14500.0,1858900.0
1365,2021-10-12 04:00:42,24950.0,200.0,1844400.0
1366,2021-10-12 04:00:39,24950.0,4000.0,1844200.0
1367,2021-10-12 04:00:35,24950.0,900.0,1840200.0
1368,2021-10-12 04:00:35,24950.0,2000.0,1839300.0
1369,2021-10-12 04:00:29,24950.0,200.0,1837300.0
1370,2021-10-12 04:00:29,24950.0,2500.0,1837100.0
1371,2021-10-12 04:00:27,24950.0,300.0,1834600.0
1372,2021-10-12 04:00:22,24950.0,1000.0,1834300.0
1373,2021-10-12 04:00:18,24950.0,100.0,1833300.0
1374,2021-10-12 04:00:17,24950.0,1000.0,1833200.0
1375,2021-10-12 04:00:16,24950.0,1000.0,1832200.0
1376,2021-10-12 04:00:14,24950.0,2000.0,1831200.0
1377,2021-10-12 04:00:11,24950.0,500.0,1829200.0
1378,2021-10-12 04:00:08,24950.0,100.0,1828700.0
1379,2021-10-12 04:00:08,24950.0,100.0,1828600.0
1380,2021-10-12 04:00:08,24950.0,500.0,1828500.0
1381,2021-10-12 04:00:08,24950.0,100.0,1828000.0
1382,2021-10-12 04:00:08,24950.0,100.0,1827900.0
1383,2021-10-12 04:00:08,24950.0,300.0,1827800.0
1384,2021-10-12 04:00:08,24950.0,200.0,1827500.0
1385,2021-10-12 04:00:08,24950.0,1400.0,1827300.0
1386,2021-10-12 04:00:02,24950.0,900.0,1825900.0
1387,2021-10-12 04:00:02,24950.0,1000.0,1825000.0
1388,2021-10-12 04:00:00,24950.0,200.0,1824000.0
1389,2021-10-12 03:59:57,24950.0,100.0,1823800.0
1390,2021-10-12 03:59:55,24950.0,500.0,1823700.0
1391,2021-10-12 03:59:52,24950.0,600.0,1823200.0
1392,2021-10-12 03:59:51,24950.0,5000.0,1822600.0
1393,2021-10-12 03:59:48,24950.0,300.0,1817600.0
1394,2021-10-12 03:59:46,24950.0,1200.0,1817300.0
1395,2021-10-12 03:59:46,24950.0,100.0,1816100.0
1396,2021-10-12 03:59:40,24950.0,400.0,1816000.0
1397,2021-10-12 03:59:38,24950.0,100.0,1815600.0
1398,2021-10-12 03:59:37,24950.0,2300.0,1815500.0
1399,2021-10-12 03:59:30,24950.0,1000.0,1813200.0
1400,2021-10-12 03:59:24,24900.0,1600.0,1812200.0
1401,2021-10-12 03:59:21,24900.0,500.0,1810600.0
1402,2021-10-12 03:59:21,24900.0,100.0,1810100.0
1403,2021-10-12 03:59:21,24900.0,2300.0,1810000.0
1404,2021-10-12 03:59:19,24900.0,3700.0,1807700.0
1405,2021-10-12 03:59:19,24900.0,100.0,1804000.0
1406,2021-10-12 03:59:19,24900.0,100.0,1803900.0
1407,2021-10-12 03:59:19,24900.0,500.0,1803800.0
1408,2021-10-12 03:59:19,24900.0,1000.0,1803300.0
1409,2021-10-12 03:59:19,24900.0,600.0,1802300.0
1410,2021-10-12 03:59:11,24900.0,400.0,1801700.0
1411,2021-10-12 03:59:11,24900.0,500.0,1801300.0
1412,2021-10-12 03:59:11,24900.0,100.0,1800800.0
1413,2021-10-12 03:59:11,24900.0,300.0,1800700.0
1414,2021-10-12 03:59:11,24900.0,200.0,1800400.0
1415,2021-10-12 03:59:11,24900.0,2000.0,1800200.0
1416,2021-10-12 03:59:11,24900.0,6500.0,1798200.0
1417,2021-10-12 03:59:10,24850.0,100.0,1791700.0
1418,2021-10-12 03:59:10,24900.0,6800.0,1791600.0
1419,2021-10-12 03:59:10,24900.0,700.0,1784800.0
1420,2021-10-12 03:59:07,24900.0,1200.0,1784100.0
1421,2021-10-12 03:59:07,24900.0,1400.0,1782900.0
1422,2021-10-12 03:59:04,24900.0,4400.0,1781500.0
1423,2021-10-12 03:59:04,24900.0,300.0,1777100.0
1424,2021-10-12 03:59:04,24900.0,2300.0,1776800.0
1425,2021-10-12 03:59:04,24900.0,200.0,1774500.0
1426,2021-10-12 03:59:04,24900.0,300.0,1774300.0
1427,2021-10-12 03:59:01,24900.0,7200.0,1774000.0
1428,2021-10-12 03:59:01,24900.0,300.0,1766800.0
1429,2021-10-12 03:59:01,24900.0,100.0,1766500.0
1430,2021-10-12 03:59:01,24900.0,100.0,1766400.0
1431,2021-10-12 03:59:01,24900.0,500.0,1766300.0
1432,2021-10-12 03:59:01,24900.0,200.0,1765800.0
1433,2021-10-12 03:59:01,24900.0,100.0,1765600.0
1434,2021-10-12 03:59:01,24900.0,100.0,1765500.0
1435,2021-10-12 03:59:01,24900.0,100.0,1765400.0
1436,2021-10-12 03:59:01,24900.0,500.0,1765300.0
1437,2021-10-12 03:59:01,24900.0,800.0,1764800.0
1438,2021-10-12 03:58:59,24900.0,1200.0,1764000.0
1439,2021-10-12 03:58:59,24900.0,100.0,1762800.0
1440,2021-10-12 03:58:59,24900.0,8700.0,1762700.0
1441,2021-10-12 03:58:57,24900.0,20000.0,1754000.0
1442,2021-10-12 03:58:56,24900.0,4000.0,1734000.0
1443,2021-10-12 03:58:51,24900.0,500.0,1730000.0
1444,2021-10-12 03:58:43,24900.0,10000.0,1729500.0
1445,2021-10-12 03:58:31,24850.0,3900.0,1719500.0
1446,2021-10-12 03:58:31,24850.0,1100.0,1715600.0
1447,2021-10-12 03:58:29,24900.0,6800.0,1714500.0
1448,2021-10-12 03:58:29,24900.0,100.0,1707700.0
1449,2021-10-12 03:58:29,24900.0,100.0,1707600.0
1450,2021-10-12 03:58:16,24850.0,1000.0,1707500.0
1451,2021-10-12 03:58:14,24850.0,100.0,1706500.0
1452,2021-10-12 03:58:14,24850.0,100.0,1706400.0
1453,2021-10-12 03:58:14,24850.0,200.0,1706300.0
1454,2021-10-12 03:58:14,24850.0,500.0,1706100.0
1455,2021-10-12 03:58:11,24850.0,500.0,1705600.0
1456,2021-10-12 03:58:11,24850.0,500.0,1705100.0
1457,2021-10-12 03:57:55,24850.0,200.0,1704600.0
1458,2021-10-12 03:57:53,24850.0,300.0,1704400.0
1459,2021-10-12 03:57:53,24850.0,200.0,1704100.0
1460,2021-10-12 03:57:53,24850.0,100.0,1703900.0
1461,2021-10-12 03:57:53,24850.0,1000.0,1703800.0
1462,2021-10-12 03:57:53,24850.0,100.0,1702800.0
1463,2021-10-12 03:57:53,24850.0,3000.0,1702700.0
1464,2021-10-12 03:57:53,24850.0,1000.0,1699700.0
1465,2021-10-12 03:57:53,24850.0,300.0,1698700.0
1466,2021-10-12 03:57:53,24850.0,900.0,1698400.0
1467,2021-10-12 03:57:53,24850.0,300.0,1697500.0
1468,2021-10-12 03:57:53,24850.0,5000.0,1697200.0
1469,2021-10-12 03:57:53,24850.0,100.0,1692200.0
1470,2021-10-12 03:57:53,24850.0,700.0,1692100.0
1471,2021-10-12 03:57:53,24850.0,300.0,1691400.0
1472,2021-10-12 03:57:53,24850.0,3100.0,1691100.0
1473,2021-10-12 03:57:53,24850.0,300.0,1688000.0
1474,2021-10-12 03:57:53,24850.0,1000.0,1687700.0
1475,2021-10-12 03:57:53,24850.0,1000.0,1686700.0
1476,2021-10-12 03:57:53,24850.0,10000.0,1685700.0
1477,2021-10-12 03:57:53,24850.0,200.0,1675700.0
1478,2021-10-12 03:57:53,24850.0,100.0,1675500.0
1479,2021-10-12 03:57:53,24850.0,1000.0,1675400.0
1480,2021-10-12 03:57:50,24850.0,10000.0,1674400.0
1481,2021-10-12 03:57:39,24850.0,2900.0,1664400.0
1482,2021-10-12 03:57:39,24850.0,9500.0,1661500.0
1483,2021-10-12 03:57:39,24850.0,1000.0,1652000.0
1484,2021-10-12 03:57:39,24850.0,800.0,1651000.0
1485,2021-10-12 03:57:39,24850.0,600.0,1650200.0
1486,2021-10-12 03:57:39,24850.0,200.0,1649600.0
1487,2021-10-12 03:57:39,24850.0,100.0,1649400.0
1488,2021-10-12 03:57:39,24850.0,1000.0,1649300.0
1489,2021-10-12 03:57:39,24850.0,4000.0,1648300.0
1490,2021-10-12 03:57:39,24850.0,3000.0,1644300.0
1491,2021-10-12 03:57:39,24850.0,1000.0,1641300.0
1492,2021-10-12 03:57:39,24850.0,100.0,1640300.0
1493,2021-10-12 03:57:39,24850.0,300.0,1640200.0
1494,2021-10-12 03:57:39,24850.0,2000.0,1639900.0
1495,2021-10-12 03:57:39,24850.0,2300.0,1637900.0
1496,2021-10-12 03:57:39,24800.0,300.0,1635600.0
1497,2021-10-12 03:57:39,24800.0,500.0,1635300.0
1498,2021-10-12 03:57:39,24800.0,300.0,1634800.0
1499,2021-10-12 03:57:39,24800.0,1000.0,1634500.0
1500,2021-10-12 03:57:39,24800.0,3000.0,1633500.0
1501,2021-10-12 03:57:39,24800.0,600.0,1630500.0
1502,2021-10-12 03:57:39,24800.0,200.0,1629900.0
1503,2021-10-12 03:57:39,24800.0,500.0,1629700.0
1504,2021-10-12 03:57:39,24800.0,1000.0,1629200.0
1505,2021-10-12 03:57:39,24800.0,1500.0,1628200.0
1506,2021-10-12 03:57:39,24800.0,200.0,1626700.0
1507,2021-10-12 03:57:39,24800.0,1000.0,1626500.0
1508,2021-10-12 03:57:39,24800.0,200.0,1625500.0
1509,2021-10-12 03:57:39,24800.0,800.0,1625300.0
1510,2021-10-12 03:57:39,24800.0,100.0,1624500.0
1511,2021-10-12 03:57:39,24800.0,400.0,1624400.0
1512,2021-10-12 03:57:39,24800.0,500.0,1624000.0
1513,2021-10-12 03:57:39,24800.0,1000.0,1623500.0
1514,2021-10-12 03:57:39,24800.0,100.0,1622500.0
1515,2021-10-12 03:57:39,24800.0,1000.0,1622400.0
1516,2021-10-12 03:57:39,24800.0,100.0,1621400.0
1517,2021-10-12 03:57:39,24800.0,3300.0,1621300.0
1518,2021-10-12 03:57:39,24800.0,200.0,1618000.0
1519,2021-10-12 03:57:39,24800.0,200.0,1617800.0
1520,2021-10-12 03:57:39,24800.0,500.0,1617600.0
1521,2021-10-12 03:57:39,24800.0,200.0,1617100.0
1522,2021-10-12 03:57:39,24800.0,1800.0,1616900.0
1523,2021-10-12 03:57:39,24800.0,700.0,1615100.0
1524,2021-10-12 03:57:15,24800.0,2300.0,1614400.0
1525,2021-10-12 03:57:15,24800.0,300.0,1612100.0
1526,2021-10-12 03:57:15,24800.0,200.0,1611800.0
1527,2021-10-12 03:57:15,24800.0,500.0,1611600.0
1528,2021-10-12 03:57:15,24800.0,100.0,1611100.0
1529,2021-10-12 03:57:15,24800.0,100.0,1611000.0
1530,2021-10-12 03:57:15,24800.0,1500.0,1610900.0
1531,2021-10-12 03:57:08,24800.0,2000.0,1609400.0
1532,2021-10-12 03:57:04,24800.0,1500.0,1607400.0
1533,2021-10-12 03:57:04,24800.0,1000.0,1605900.0
1534,2021-10-12 03:57:04,24800.0,200.0,1604900.0
1535,2021-10-12 03:57:04,24800.0,100.0,1604700.0
1536,2021-10-12 03:57:04,24800.0,2000.0,1604600.0
1537,2021-10-12 03:57:04,24800.0,200.0,1602600.0
1538,2021-10-12 03:57:02,24800.0,800.0,1602400.0
1539,2021-10-12 03:57:02,24800.0,500.0,1601600.0
1540,2021-10-12 03:57:02,24800.0,100.0,1601100.0
1541,2021-10-12 03:57:02,24800.0,1000.0,1601000.0
1542,2021-10-12 03:56:58,24800.0,100.0,1600000.0
1543,2021-10-12 03:56:55,24800.0,3000.0,1599900.0
1544,2021-10-12 03:56:13,24800.0,500.0,1596900.0
1545,2021-10-12 03:55:35,24750.0,500.0,1596400.0
1546,2021-10-12 03:55:26,24750.0,5200.0,1595900.0
1547,2021-10-12 03:55:26,24750.0,3000.0,1590700.0
1548,2021-10-12 03:55:26,24750.0,300.0,1587700.0
1549,2021-10-12 03:55:26,24750.0,1000.0,1587400.0
1550,2021-10-12 03:55:26,24750.0,500.0,1586400.0
1551,2021-10-12 03:55:19,24800.0,1400.0,1585900.0
1552,2021-10-12 03:55:19,24800.0,500.0,1584500.0
1553,2021-10-12 03:55:19,24800.0,100.0,1584000.0
1554,2021-10-12 03:55:19,24800.0,1000.0,1583900.0
1555,2021-10-12 03:55:19,24800.0,1000.0,1582900.0
1556,2021-10-12 03:55:19,24800.0,1000.0,1581900.0
1557,2021-10-12 03:55:19,24800.0,100.0,1580900.0
1558,2021-10-12 03:55:19,24800.0,100.0,1580800.0
1559,2021-10-12 03:55:19,24800.0,300.0,1580700.0
1560,2021-10-12 03:55:19,24800.0,1500.0,1580400.0
1561,2021-10-12 03:55:15,24800.0,2000.0,1578900.0
1562,2021-10-12 03:55:15,24800.0,1000.0,1576900.0
1563,2021-10-12 03:54:55,24800.0,500.0,1575900.0
1564,2021-10-12 03:54:37,24800.0,2000.0,1575400.0
1565,2021-10-12 03:54:29,24750.0,1200.0,1573400.0
1566,2021-10-12 03:54:29,24750.0,100.0,1572200.0
1567,2021-10-12 03:54:29,24750.0,200.0,1572100.0
1568,2021-10-12 03:54:22,24800.0,1000.0,1571900.0
1569,2021-10-12 03:54:13,24750.0,100.0,1570900.0
1570,2021-10-12 03:54:05,24750.0,200.0,1570800.0
1571,2021-10-12 03:53:12,24750.0,600.0,1570600.0
1572,2021-10-12 03:53:12,24750.0,300.0,1570000.0
1573,2021-10-12 03:53:07,24750.0,100.0,1569700.0
1574,2021-10-12 03:53:01,24750.0,2000.0,1569600.0
1575,2021-10-12 03:53:00,24750.0,2000.0,1567600.0
1576,2021-10-12 03:52:57,24750.0,600.0,1565600.0
1577,2021-10-12 03:52:34,24750.0,400.0,1565000.0
1578,2021-10-12 03:52:21,24750.0,100.0,1564600.0
1579,2021-10-12 03:52:21,24750.0,500.0,1564500.0
1580,2021-10-12 03:52:01,24750.0,1900.0,1564000.0
1581,2021-10-12 03:52:01,24750.0,100.0,1562100.0
1582,2021-10-12 03:51:59,24750.0,200.0,1562000.0
1583,2021-10-12 03:51:56,24750.0,1000.0,1561800.0
1584,2021-10-12 03:51:22,24750.0,1700.0,1560800.0
1585,2021-10-12 03:51:22,24750.0,300.0,1559100.0
1586,2021-10-12 03:51:08,24750.0,100.0,1558800.0
1587,2021-10-12 03:51:01,24750.0,700.0,1558700.0
1588,2021-10-12 03:50:47,24750.0,300.0,1558000.0
1589,2021-10-12 03:50:45,24750.0,100.0,1557700.0
1590,2021-10-12 03:50:37,24750.0,100.0,1557600.0
1591,2021-10-12 03:50:32,24750.0,200.0,1557500.0
1592,2021-10-12 03:50:32,24750.0,100.0,1557300.0
1593,2021-10-12 03:50:26,24750.0,300.0,1557200.0
1594,2021-10-12 03:50:26,24750.0,200.0,1556900.0
1595,2021-10-12 03:50:26,24750.0,5000.0,1556700.0
1596,2021-10-12 03:50:26,24750.0,1000.0,1551700.0
1597,2021-10-12 03:50:26,24750.0,1000.0,1550700.0
1598,2021-10-12 03:50:26,24750.0,1500.0,1549700.0
1599,2021-10-12 03:50:26,24750.0,900.0,1548200.0
1600,2021-10-12 03:50:04,24750.0,600.0,1547300.0
1601,2021-10-12 03:50:02,24750.0,300.0,1546700.0
1602,2021-10-12 03:49:50,24750.0,1200.0,1546400.0
1603,2021-10-12 03:49:50,24750.0,1800.0,1545200.0
1604,2021-10-12 03:49:44,24750.0,200.0,1543400.0
1605,2021-10-12 03:49:42,24750.0,200.0,1543200.0
1606,2021-10-12 03:49:41,24700.0,100.0,1543000.0
1607,2021-10-12 03:49:29,24750.0,5000.0,1542900.0
1608,2021-10-12 03:49:08,24750.0,2000.0,1537900.0
1609,2021-10-12 03:49:05,24750.0,2000.0,1535900.0
1610,2021-10-12 03:49:02,24750.0,1500.0,1533900.0
1611,2021-10-12 03:49:02,24750.0,500.0,1532400.0
1612,2021-10-12 03:48:46,24750.0,1000.0,1531900.0
1613,2021-10-12 03:48:45,24750.0,100.0,1530900.0
1614,2021-10-12 03:48:21,24750.0,100.0,1530800.0
1615,2021-10-12 03:48:18,24700.0,100.0,1530700.0
1616,2021-10-12 03:48:06,24750.0,300.0,1530600.0
1617,2021-10-12 03:47:47,24750.0,100.0,1530300.0
1618,2021-10-12 03:47:38,24750.0,200.0,1530200.0
1619,2021-10-12 03:47:37,24750.0,2000.0,1530000.0
1620,2021-10-12 03:47:37,24750.0,100.0,1528000.0
1621,2021-10-12 03:47:37,24750.0,100.0,1527900.0
1622,2021-10-12 03:47:37,24750.0,5500.0,1527800.0
1623,2021-10-12 03:47:33,24750.0,4500.0,1522300.0
1624,2021-10-12 03:47:33,24750.0,300.0,1517800.0
1625,2021-10-12 03:47:33,24750.0,100.0,1517500.0
1626,2021-10-12 03:47:33,24750.0,1100.0,1517400.0
1627,2021-10-12 03:47:21,24750.0,900.0,1516300.0
1628,2021-10-12 03:47:21,24750.0,100.0,1515400.0
1629,2021-10-12 03:47:01,24750.0,100.0,1515300.0
1630,2021-10-12 03:47:01,24750.0,100.0,1515200.0
1631,2021-10-12 03:46:56,24750.0,900.0,1515100.0
1632,2021-10-12 03:46:56,24750.0,100.0,1514200.0
1633,2021-10-12 03:46:54,24750.0,1000.0,1514100.0
1634,2021-10-12 03:46:39,24750.0,1000.0,1513100.0
1635,2021-10-12 03:46:39,24750.0,3000.0,1512100.0
1636,2021-10-12 03:46:39,24750.0,100.0,1509100.0
1637,2021-10-12 03:46:39,24750.0,900.0,1509000.0
1638,2021-10-12 03:46:38,24750.0,100.0,1508100.0
1639,2021-10-12 03:46:37,24800.0,6000.0,1508000.0
1640,2021-10-12 03:46:26,24750.0,500.0,1502000.0
1641,2021-10-12 03:46:25,24750.0,500.0,1501500.0
1642,2021-10-12 03:46:25,24750.0,100.0,1501000.0
1643,2021-10-12 03:46:25,24750.0,900.0,1500900.0
1644,2021-10-12 03:46:18,24750.0,400.0,1500000.0
1645,2021-10-12 03:46:15,24800.0,500.0,1499600.0
1646,2021-10-12 03:46:05,24750.0,1700.0,1499100.0
1647,2021-10-12 03:46:05,24750.0,500.0,1497400.0
1648,2021-10-12 03:46:05,24750.0,1300.0,1496900.0
1649,2021-10-12 03:46:05,24750.0,500.0,1495600.0
1650,2021-10-12 03:46:03,24750.0,200.0,1495100.0
1651,2021-10-12 03:45:46,24750.0,1500.0,1494900.0
1652,2021-10-12 03:45:46,24750.0,500.0,1493400.0
1653,2021-10-12 03:45:46,24750.0,500.0,1492900.0
1654,2021-10-12 03:45:42,24750.0,500.0,1492400.0
1655,2021-10-12 03:45:37,24750.0,200.0,1491900.0
1656,2021-10-12 03:45:22,24750.0,1000.0,1491700.0
1657,2021-10-12 03:45:22,24750.0,300.0,1490700.0
1658,2021-10-12 03:45:20,24750.0,600.0,1490400.0
1659,2021-10-12 03:45:15,24750.0,100.0,1489800.0
1660,2021-10-12 03:45:09,24750.0,500.0,1489700.0
1661,2021-10-12 03:44:50,24750.0,100.0,1489200.0
1662,2021-10-12 03:44:50,24750.0,300.0,1489100.0
1663,2021-10-12 03:44:47,24750.0,200.0,1488800.0
1664,2021-10-12 03:44:47,24750.0,1800.0,1488600.0
1665,2021-10-12 03:44:45,24750.0,1300.0,1486800.0
1666,2021-10-12 03:44:45,24750.0,200.0,1485500.0
1667,2021-10-12 03:44:45,24750.0,1000.0,1485300.0
1668,2021-10-12 03:44:45,24750.0,100.0,1484300.0
1669,2021-10-12 03:44:45,24750.0,1000.0,1484200.0
1670,2021-10-12 03:44:45,24750.0,400.0,1483200.0
1671,2021-10-12 03:44:39,24750.0,500.0,1482800.0
1672,2021-10-12 03:44:29,24750.0,100.0,1482300.0
1673,2021-10-12 03:44:28,24750.0,100.0,1482200.0
1674,2021-10-12 03:44:25,24750.0,100.0,1482100.0
1675,2021-10-12 03:44:20,24750.0,1000.0,1482000.0
1676,2021-10-12 03:44:20,24750.0,500.0,1481000.0
1677,2021-10-12 03:44:20,24750.0,100.0,1480500.0
1678,2021-10-12 03:44:20,24750.0,500.0,1480400.0
1679,2021-10-12 03:44:20,24750.0,500.0,1479900.0
1680,2021-10-12 03:44:20,24750.0,200.0,1479400.0
1681,2021-10-12 03:44:20,24750.0,200.0,1479200.0
1682,2021-10-12 03:44:17,24750.0,100.0,1479000.0
1683,2021-10-12 03:44:17,24750.0,200.0,1478900.0
1684,2021-10-12 03:44:09,24750.0,1000.0,1478700.0
1685,2021-10-12 03:44:07,24750.0,3000.0,1477700.0
1686,2021-10-12 03:43:59,24750.0,1000.0,1474700.0
1687,2021-10-12 03:43:54,24750.0,100.0,1473700.0
1688,2021-10-12 03:43:50,24750.0,500.0,1473600.0
1689,2021-10-12 03:43:48,24750.0,3000.0,1473100.0
1690,2021-10-12 03:43:47,24750.0,500.0,1470100.0
1691,2021-10-12 03:43:46,24700.0,400.0,1469600.0
1692,2021-10-12 03:43:46,24700.0,100.0,1469200.0
1693,2021-10-12 03:43:36,24750.0,500.0,1469100.0
1694,2021-10-12 03:43:13,24750.0,1400.0,1468600.0
1695,2021-10-12 03:43:13,24750.0,1500.0,1467200.0
1696,2021-10-12 03:43:13,24750.0,300.0,1465700.0
1697,2021-10-12 03:43:13,24750.0,100.0,1465400.0
1698,2021-10-12 03:43:13,24750.0,200.0,1465300.0
1699,2021-10-12 03:43:13,24750.0,100.0,1465100.0
1700,2021-10-12 03:43:13,24750.0,1000.0,1465000.0
1701,2021-10-12 03:43:13,24750.0,400.0,1464000.0
1702,2021-10-12 03:42:52,24750.0,200.0,1463600.0
1703,2021-10-12 03:42:52,24750.0,100.0,1463400.0
1704,2021-10-12 03:42:52,24750.0,200.0,1463300.0
1705,2021-10-12 03:42:34,24700.0,1000.0,1463100.0
1706,2021-10-12 03:42:32,24700.0,900.0,1462100.0
1707,2021-10-12 03:42:32,24700.0,200.0,1461200.0
1708,2021-10-12 03:42:32,24700.0,3000.0,1461000.0
1709,2021-10-12 03:42:32,24700.0,1000.0,1458000.0
1710,2021-10-12 03:42:32,24700.0,900.0,1457000.0
1711,2021-10-12 03:42:20,24700.0,200.0,1456100.0
1712,2021-10-12 03:42:19,24700.0,100.0,1455900.0
1713,2021-10-12 03:42:14,24700.0,500.0,1455800.0
1714,2021-10-12 03:41:55,24700.0,400.0,1455300.0
1715,2021-10-12 03:41:42,24750.0,400.0,1454900.0
1716,2021-10-12 03:41:42,24750.0,100.0,1454500.0
1717,2021-10-12 03:41:42,24750.0,3000.0,1454400.0
1718,2021-10-12 03:41:42,24750.0,500.0,1451400.0
1719,2021-10-12 03:41:38,24700.0,600.0,1450900.0
1720,2021-10-12 03:41:36,24750.0,500.0,1450300.0
1721,2021-10-12 03:41:35,24700.0,200.0,1449800.0
1722,2021-10-12 03:41:35,24700.0,100.0,1449600.0
1723,2021-10-12 03:41:35,24700.0,200.0,1449500.0
1724,2021-10-12 03:41:35,24700.0,500.0,1449300.0
1725,2021-10-12 03:41:35,24700.0,1300.0,1448800.0
1726,2021-10-12 03:41:25,24700.0,100.0,1447500.0
1727,2021-10-12 03:41:21,24700.0,100.0,1447400.0
1728,2021-10-12 03:41:18,24700.0,1000.0,1447300.0
1729,2021-10-12 03:41:16,24700.0,500.0,1446300.0
1730,2021-10-12 03:41:16,24700.0,500.0,1445800.0
1731,2021-10-12 03:41:16,24700.0,2000.0,1445300.0
1732,2021-10-12 03:41:16,24700.0,7000.0,1443300.0
1733,2021-10-12 03:41:14,24700.0,100.0,1436300.0
1734,2021-10-12 03:41:09,24700.0,2000.0,1436200.0
1735,2021-10-12 03:40:30,24700.0,500.0,1434200.0
1736,2021-10-12 03:40:12,24700.0,500.0,1433700.0
1737,2021-10-12 03:40:02,24700.0,300.0,1433200.0
1738,2021-10-12 03:40:01,24700.0,100.0,1432900.0
1739,2021-10-12 03:39:50,24700.0,100.0,1432800.0
1740,2021-10-12 03:39:50,24700.0,9400.0,1432700.0
1741,2021-10-12 03:39:36,24700.0,600.0,1423300.0
1742,2021-10-12 03:39:36,24700.0,100.0,1422700.0
1743,2021-10-12 03:39:36,24700.0,200.0,1422600.0
1744,2021-10-12 03:39:36,24700.0,3000.0,1422400.0
1745,2021-10-12 03:39:36,24700.0,1600.0,1419400.0
1746,2021-10-12 03:39:32,24700.0,1300.0,1417800.0
1747,2021-10-12 03:39:32,24700.0,100.0,1416500.0
1748,2021-10-12 03:39:32,24700.0,500.0,1416400.0
1749,2021-10-12 03:39:32,24700.0,200.0,1415900.0
1750,2021-10-12 03:39:27,24700.0,100.0,1415700.0
1751,2021-10-12 03:39:27,24700.0,200.0,1415600.0
1752,2021-10-12 03:39:27,24700.0,100.0,1415400.0
1753,2021-10-12 03:39:27,24700.0,100.0,1415300.0
1754,2021-10-12 03:39:21,24750.0,200.0,1415200.0
1755,2021-10-12 03:39:17,24700.0,300.0,1415000.0
1756,2021-10-12 03:39:17,24700.0,200.0,1414700.0
1757,2021-10-12 03:39:17,24700.0,100.0,1414500.0
1758,2021-10-12 03:39:17,24700.0,100.0,1414400.0
1759,2021-10-12 03:39:17,24700.0,300.0,1414300.0
1760,2021-10-12 03:38:58,24700.0,1000.0,1414000.0
1761,2021-10-12 03:38:34,24750.0,500.0,1413000.0
1762,2021-10-12 03:38:26,24700.0,200.0,1412500.0
1763,2021-10-12 03:38:26,24700.0,100.0,1412300.0
1764,2021-10-12 03:38:26,24700.0,900.0,1412200.0
1765,2021-10-12 03:38:26,24700.0,3000.0,1411300.0
1766,2021-10-12 03:38:26,24700.0,2000.0,1408300.0
1767,2021-10-12 03:38:26,24700.0,500.0,1406300.0
1768,2021-10-12 03:38:26,24700.0,800.0,1405800.0
1769,2021-10-12 03:38:26,24700.0,2000.0,1405000.0
1770,2021-10-12 03:38:26,24700.0,200.0,1403000.0
1771,2021-10-12 03:38:26,24700.0,400.0,1402800.0
1772,2021-10-12 03:38:26,24700.0,100.0,1402400.0
1773,2021-10-12 03:38:26,24700.0,300.0,1402300.0
1774,2021-10-12 03:38:15,24700.0,700.0,1402000.0
1775,2021-10-12 03:38:15,24700.0,10000.0,1401300.0
1776,2021-10-12 03:38:15,24700.0,2000.0,1391300.0
1777,2021-10-12 03:38:15,24700.0,7300.0,1389300.0
1778,2021-10-12 03:38:04,24750.0,100.0,1382000.0
1779,2021-10-12 03:37:35,24750.0,100.0,1381900.0
1780,2021-10-12 03:37:35,24750.0,100.0,1381800.0
1781,2021-10-12 03:37:30,24750.0,300.0,1381700.0
1782,2021-10-12 03:37:28,24750.0,1000.0,1381400.0
1783,2021-10-12 03:37:12,24750.0,1600.0,1380400.0
1784,2021-10-12 03:37:10,24750.0,400.0,1378800.0
1785,2021-10-12 03:37:10,24750.0,600.0,1378400.0
1786,2021-10-12 03:37:10,24750.0,400.0,1377800.0
1787,2021-10-12 03:37:05,24750.0,1900.0,1377400.0
1788,2021-10-12 03:37:05,24750.0,100.0,1375500.0
1789,2021-10-12 03:37:00,24750.0,900.0,1375400.0
1790,2021-10-12 03:37:00,24750.0,100.0,1374500.0
1791,2021-10-12 03:36:54,24750.0,500.0,1374400.0
1792,2021-10-12 03:36:43,24750.0,100.0,1373900.0
1793,2021-10-12 03:36:40,24750.0,600.0,1373800.0
1794,2021-10-12 03:36:25,24750.0,1000.0,1373200.0
1795,2021-10-12 03:36:21,24750.0,100.0,1372200.0
1796,2021-10-12 03:36:21,24750.0,300.0,1372100.0
1797,2021-10-12 03:36:21,24750.0,3000.0,1371800.0
1798,2021-10-12 03:36:21,24750.0,3500.0,1368800.0
1799,2021-10-12 03:36:21,24750.0,2000.0,1365300.0
1800,2021-10-12 03:36:21,24750.0,1400.0,1363300.0
1801,2021-10-12 03:35:56,24750.0,1600.0,1361900.0
1802,2021-10-12 03:35:56,24750.0,1000.0,1360300.0
1803,2021-10-12 03:35:56,24750.0,2000.0,1359300.0
1804,2021-10-12 03:35:56,24750.0,2600.0,1357300.0
1805,2021-10-12 03:35:53,24750.0,3000.0,1354700.0
1806,2021-10-12 03:35:45,24750.0,100.0,1351700.0
1807,2021-10-12 03:35:39,24750.0,2800.0,1351600.0
1808,2021-10-12 03:35:37,24750.0,500.0,1348800.0
1809,2021-10-12 03:35:29,24750.0,2000.0,1348300.0
1810,2021-10-12 03:35:21,24750.0,100.0,1346300.0
1811,2021-10-12 03:35:10,24750.0,100.0,1346200.0
1812,2021-10-12 03:35:03,24750.0,3000.0,1346100.0
1813,2021-10-12 03:35:01,24750.0,3300.0,1343100.0
1814,2021-10-12 03:35:00,24750.0,100.0,1339800.0
1815,2021-10-12 03:34:59,24750.0,1000.0,1339700.0
1816,2021-10-12 03:34:53,24750.0,1000.0,1338700.0
1817,2021-10-12 03:34:51,24750.0,100.0,1337700.0
1818,2021-10-12 03:34:32,24750.0,200.0,1337600.0
1819,2021-10-12 03:34:28,24750.0,100.0,1337400.0
1820,2021-10-12 03:34:18,24750.0,100.0,1337300.0
1821,2021-10-12 03:34:18,24750.0,500.0,1337200.0
1822,2021-10-12 03:34:18,24750.0,100.0,1336700.0
1823,2021-10-12 03:34:18,24750.0,100.0,1336600.0
1824,2021-10-12 03:34:08,24700.0,800.0,1336500.0
1825,2021-10-12 03:34:06,24700.0,1000.0,1335700.0
1826,2021-10-12 03:34:00,24700.0,10000.0,1334700.0
1827,2021-10-12 03:33:59,24700.0,900.0,1324700.0
1828,2021-10-12 03:33:59,24700.0,100.0,1323800.0
1829,2021-10-12 03:33:57,24750.0,6900.0,1323700.0
1830,2021-10-12 03:33:57,24750.0,300.0,1316800.0
1831,2021-10-12 03:33:57,24750.0,1000.0,1316500.0
1832,2021-10-12 03:33:57,24750.0,200.0,1315500.0
1833,2021-10-12 03:33:57,24750.0,400.0,1315300.0
1834,2021-10-12 03:33:57,24750.0,200.0,1314900.0
1835,2021-10-12 03:33:57,24750.0,1000.0,1314700.0
1836,2021-10-12 03:33:44,24700.0,100.0,1313700.0
1837,2021-10-12 03:33:42,24700.0,200.0,1313600.0
1838,2021-10-12 03:33:38,24700.0,500.0,1313400.0
1839,2021-10-12 03:33:31,24700.0,200.0,1312900.0
1840,2021-10-12 03:33:29,24700.0,900.0,1312700.0
1841,2021-10-12 03:33:29,24700.0,400.0,1311800.0
1842,2021-10-12 03:33:29,24700.0,700.0,1311400.0
1843,2021-10-12 03:33:20,24700.0,1000.0,1310700.0
1844,2021-10-12 03:33:01,24700.0,300.0,1309700.0
1845,2021-10-12 03:33:01,24700.0,2000.0,1309400.0
1846,2021-10-12 03:33:01,24700.0,1000.0,1307400.0
1847,2021-10-12 03:33:01,24700.0,300.0,1306400.0
1848,2021-10-12 03:33:01,24700.0,2000.0,1306100.0
1849,2021-10-12 03:33:01,24700.0,2000.0,1304100.0
1850,2021-10-12 03:33:01,24700.0,2000.0,1302100.0
1851,2021-10-12 03:33:01,24700.0,400.0,1300100.0
1852,2021-10-12 03:32:49,24700.0,100.0,1299700.0
1853,2021-10-12 03:32:47,24700.0,500.0,1299600.0
1854,2021-10-12 03:32:41,24700.0,200.0,1299100.0
1855,2021-10-12 03:32:39,24700.0,800.0,1298900.0
1856,2021-10-12 03:32:39,24700.0,1200.0,1298100.0
1857,2021-10-12 03:32:34,24700.0,500.0,1296900.0
1858,2021-10-12 03:32:32,24700.0,300.0,1296400.0
1859,2021-10-12 03:32:32,24700.0,200.0,1296100.0
1860,2021-10-12 03:32:32,24700.0,100.0,1295900.0
1861,2021-10-12 03:32:32,24700.0,400.0,1295800.0
1862,2021-10-12 03:32:30,24700.0,100.0,1295400.0
1863,2021-10-12 03:32:30,24700.0,2000.0,1295300.0
1864,2021-10-12 03:32:26,24700.0,100.0,1293300.0
1865,2021-10-12 03:32:26,24700.0,2000.0,1293200.0
1866,2021-10-12 03:32:26,24700.0,1000.0,1291200.0
1867,2021-10-12 03:32:26,24700.0,500.0,1290200.0
1868,2021-10-12 03:32:26,24700.0,1000.0,1289700.0
1869,2021-10-12 03:32:26,24700.0,300.0,1288700.0
1870,2021-10-12 03:32:26,24700.0,100.0,1288400.0
1871,2021-10-12 03:32:22,24700.0,300.0,1288300.0
1872,2021-10-12 03:32:22,24700.0,1000.0,1288000.0
1873,2021-10-12 03:32:20,24700.0,200.0,1287000.0
1874,2021-10-12 03:32:20,24700.0,100.0,1286800.0
1875,2021-10-12 03:32:20,24700.0,100.0,1286700.0
1876,2021-10-12 03:32:20,24700.0,600.0,1286600.0
1877,2021-10-12 03:32:12,24700.0,100.0,1286000.0
1878,2021-10-12 03:32:02,24700.0,1000.0,1285900.0
1879,2021-10-12 03:31:58,24700.0,200.0,1284900.0
1880,2021-10-12 03:31:55,24700.0,100.0,1284700.0
1881,2021-10-12 03:31:54,24700.0,1300.0,1284600.0
1882,2021-10-12 03:31:54,24700.0,100.0,1283300.0
1883,2021-10-12 03:31:54,24700.0,1000.0,1283200.0
1884,2021-10-12 03:31:54,24700.0,500.0,1282200.0
1885,2021-10-12 03:31:54,24700.0,400.0,1281700.0
1886,2021-10-12 03:31:54,24700.0,1000.0,1281300.0
1887,2021-10-12 03:31:54,24700.0,1000.0,1280300.0
1888,2021-10-12 03:31:54,24700.0,1000.0,1279300.0
1889,2021-10-12 03:31:54,24700.0,3700.0,1278300.0
1890,2021-10-12 03:31:53,24700.0,100.0,1274600.0
1891,2021-10-12 03:31:49,24700.0,1000.0,1274500.0
1892,2021-10-12 03:31:49,24700.0,200.0,1273500.0
1893,2021-10-12 03:31:45,24700.0,100.0,1273300.0
1894,2021-10-12 03:31:39,24700.0,100.0,1273200.0
1895,2021-10-12 03:31:29,24750.0,100.0,1273100.0
1896,2021-10-12 03:30:58,24750.0,400.0,1273000.0
1897,2021-10-12 03:30:44,24700.0,200.0,1272600.0
1898,2021-10-12 03:30:44,24700.0,200.0,1272400.0
1899,2021-10-12 03:30:43,24700.0,200.0,1272200.0
1900,2021-10-12 03:30:38,24700.0,2900.0,1272000.0
1901,2021-10-12 03:30:33,24700.0,1300.0,1269100.0
1902,2021-10-12 03:30:33,24700.0,1000.0,1267800.0
1903,2021-10-12 03:30:33,24700.0,100.0,1266800.0
1904,2021-10-12 03:30:33,24700.0,600.0,1266700.0
1905,2021-10-12 03:30:29,24700.0,400.0,1266100.0
1906,2021-10-12 03:30:29,24700.0,100.0,1265700.0
1907,2021-10-12 03:30:26,24700.0,400.0,1265600.0
1908,2021-10-12 03:30:26,24700.0,1000.0,1265200.0
1909,2021-10-12 03:30:26,24700.0,1000.0,1264200.0
1910,2021-10-12 03:30:26,24700.0,1000.0,1263200.0
1911,2021-10-12 03:30:26,24700.0,1000.0,1262200.0
1912,2021-10-12 03:30:26,24700.0,100.0,1261200.0
1913,2021-10-12 03:30:26,24700.0,200.0,1261100.0
1914,2021-10-12 03:30:26,24700.0,1000.0,1260900.0
1915,2021-10-12 03:30:26,24700.0,1000.0,1259900.0
1916,2021-10-12 03:30:26,24700.0,1000.0,1258900.0
1917,2021-10-12 03:30:26,24700.0,1000.0,1257900.0
1918,2021-10-12 03:30:26,24700.0,1300.0,1256900.0
1919,2021-10-12 03:30:21,24700.0,100.0,1255600.0
1920,2021-10-12 03:30:14,24700.0,500.0,1255500.0
1921,2021-10-12 03:30:10,24750.0,400.0,1255000.0
1922,2021-10-12 03:30:09,24700.0,1000.0,1254600.0
1923,2021-10-12 03:30:02,24700.0,1000.0,1253600.0
1924,2021-10-12 03:30:01,24700.0,600.0,1252600.0
1925,2021-10-12 03:30:01,24700.0,400.0,1252000.0
1926,2021-10-12 03:30:01,24700.0,100.0,1251600.0
1927,2021-10-12 03:30:01,24700.0,1100.0,1251500.0
1928,2021-10-12 03:30:01,24700.0,1000.0,1250400.0
1929,2021-10-12 03:30:01,24700.0,1000.0,1249400.0
1930,2021-10-12 03:30:01,24700.0,100.0,1248400.0
1931,2021-10-12 03:29:58,24700.0,1300.0,1248300.0
1932,2021-10-12 03:29:58,24700.0,100.0,1247000.0
1933,2021-10-12 03:29:58,24700.0,400.0,1246900.0
1934,2021-10-12 03:29:54,24700.0,100.0,1246500.0
1935,2021-10-12 03:29:40,24750.0,1900.0,1246400.0
1936,2021-10-12 03:29:34,24750.0,1000.0,1244500.0
1937,2021-10-12 03:29:31,24750.0,100.0,1243500.0
1938,2021-10-12 03:29:28,24800.0,100.0,1243400.0
1939,2021-10-12 03:29:26,24800.0,100.0,1243300.0
1940,2021-10-12 03:29:21,24800.0,100.0,1243200.0
1941,2021-10-12 03:29:21,24800.0,200.0,1243100.0
1942,2021-10-12 03:29:21,24800.0,5000.0,1242900.0
1943,2021-10-12 03:29:21,24800.0,1000.0,1237900.0
1944,2021-10-12 03:29:21,24800.0,100.0,1236900.0
1945,2021-10-12 03:29:21,24800.0,5000.0,1236800.0
1946,2021-10-12 03:29:21,24800.0,500.0,1231800.0
1947,2021-10-12 03:29:21,24800.0,3400.0,1231300.0
1948,2021-10-12 03:29:18,24800.0,300.0,1227900.0
1949,2021-10-12 03:29:15,24800.0,700.0,1227600.0
1950,2021-10-12 03:29:09,24800.0,600.0,1226900.0
1951,2021-10-12 03:29:09,24800.0,1400.0,1226300.0
1952,2021-10-12 03:29:04,24800.0,3000.0,1224900.0
1953,2021-10-12 03:28:33,24800.0,100.0,1221900.0
1954,2021-10-12 03:28:25,24800.0,400.0,1221800.0
1955,2021-10-12 03:28:25,24800.0,1600.0,1221400.0
1956,2021-10-12 03:28:24,24800.0,500.0,1219800.0
1957,2021-10-12 03:28:16,24800.0,2900.0,1219300.0
1958,2021-10-12 03:28:16,24800.0,1100.0,1216400.0
1959,2021-10-12 03:28:08,24800.0,500.0,1215300.0
1960,2021-10-12 03:27:42,24800.0,1200.0,1214800.0
1961,2021-10-12 03:27:40,24850.0,300.0,1213600.0
1962,2021-10-12 03:27:40,24850.0,5000.0,1213300.0
1963,2021-10-12 03:27:40,24850.0,3400.0,1208300.0
1964,2021-10-12 03:27:35,24850.0,1500.0,1204900.0
1965,2021-10-12 03:27:34,24850.0,200.0,1203400.0
1966,2021-10-12 03:27:16,24850.0,400.0,1203200.0
1967,2021-10-12 03:27:11,24850.0,400.0,1202800.0
1968,2021-10-12 03:26:55,24850.0,100.0,1202400.0
1969,2021-10-12 03:26:55,24850.0,300.0,1202300.0
1970,2021-10-12 03:26:54,24850.0,2000.0,1202000.0
1971,2021-10-12 03:26:51,24850.0,500.0,1200000.0
1972,2021-10-12 03:26:30,24850.0,1900.0,1199500.0
1973,2021-10-12 03:26:19,24850.0,800.0,1197600.0
1974,2021-10-12 03:26:11,24850.0,3000.0,1196800.0
1975,2021-10-12 03:26:02,24850.0,1000.0,1193800.0
1976,2021-10-12 03:26:00,24850.0,1000.0,1192800.0
1977,2021-10-12 03:26:00,24850.0,500.0,1191800.0
1978,2021-10-12 03:26:00,24850.0,2000.0,1191300.0
1979,2021-10-12 03:26:00,24850.0,200.0,1189300.0
1980,2021-10-12 03:26:00,24850.0,800.0,1189100.0
1981,2021-10-12 03:25:18,24850.0,5200.0,1188300.0
1982,2021-10-12 03:25:18,24850.0,300.0,1183100.0
1983,2021-10-12 03:25:18,24850.0,100.0,1182800.0
1984,2021-10-12 03:25:18,24850.0,100.0,1182700.0
1985,2021-10-12 03:25:18,24850.0,1100.0,1182600.0
1986,2021-10-12 03:25:18,24850.0,2400.0,1181500.0
1987,2021-10-12 03:25:18,24850.0,100.0,1179100.0
1988,2021-10-12 03:25:18,24850.0,100.0,1179000.0
1989,2021-10-12 03:25:18,24850.0,100.0,1178900.0
1990,2021-10-12 03:25:18,24850.0,400.0,1178800.0
1991,2021-10-12 03:25:17,24800.0,5000.0,1178400.0
1992,2021-10-12 03:25:15,24850.0,100.0,1173400.0
1993,2021-10-12 03:24:57,24800.0,2000.0,1173300.0
1994,2021-10-12 03:24:40,24800.0,100.0,1171300.0
1995,2021-10-12 03:24:23,24850.0,100.0,1171200.0
1996,2021-10-12 03:24:23,24850.0,300.0,1171100.0
1997,2021-10-12 03:24:23,24800.0,300.0,1170800.0
1998,2021-10-12 03:24:23,24800.0,500.0,1170500.0
1999,2021-10-12 03:24:14,24800.0,400.0,1170000.0
2000,2021-10-12 03:24:09,24800.0,100.0,1169600.0
2001,2021-10-12 03:24:09,24800.0,100.0,1169500.0
2002,2021-10-12 03:24:09,24800.0,400.0,1169400.0
2003,2021-10-12 03:24:03,24800.0,1000.0,1169000.0
2004,2021-10-12 03:23:56,24800.0,500.0,1168000.0
2005,2021-10-12 03:23:45,24750.0,100.0,1167500.0
2006,2021-10-12 03:23:44,24800.0,100.0,1167400.0
2007,2021-10-12 03:23:44,24800.0,500.0,1167300.0
2008,2021-10-12 03:23:44,24800.0,100.0,1166800.0
2009,2021-10-12 03:23:44,24800.0,100.0,1166700.0
2010,2021-10-12 03:23:44,24800.0,3000.0,1166600.0
2011,2021-10-12 03:23:44,24800.0,3600.0,1163600.0
2012,2021-10-12 03:23:44,24800.0,100.0,1160000.0
2013,2021-10-12 03:23:44,24800.0,12500.0,1159900.0
2014,2021-10-12 03:23:35,24800.0,1000.0,1147400.0
2015,2021-10-12 03:23:33,24800.0,400.0,1146400.0
2016,2021-10-12 03:23:19,24800.0,1100.0,1146000.0
2017,2021-10-12 03:23:19,24800.0,2600.0,1144900.0
2018,2021-10-12 03:23:19,24750.0,400.0,1142300.0
2019,2021-10-12 03:23:19,24750.0,300.0,1141900.0
2020,2021-10-12 03:23:07,24750.0,100.0,1141600.0
2021,2021-10-12 03:22:51,24700.0,200.0,1141500.0
2022,2021-10-12 03:22:47,24700.0,1300.0,1141300.0
2023,2021-10-12 03:22:47,24700.0,700.0,1140000.0
2024,2021-10-12 03:22:45,24700.0,100.0,1139300.0
2025,2021-10-12 03:22:30,24700.0,200.0,1139200.0
2026,2021-10-12 03:22:30,24700.0,800.0,1139000.0
2027,2021-10-12 03:22:28,24700.0,200.0,1138200.0
2028,2021-10-12 03:22:28,24700.0,600.0,1138000.0
2029,2021-10-12 03:22:28,24700.0,1200.0,1137400.0
2030,2021-10-12 03:22:25,24700.0,1600.0,1136200.0
2031,2021-10-12 03:22:16,24700.0,300.0,1134600.0
2032,2021-10-12 03:22:10,24700.0,100.0,1134300.0
2033,2021-10-12 03:22:10,24650.0,500.0,1134200.0
2034,2021-10-12 03:22:10,24650.0,500.0,1133700.0
2035,2021-10-12 03:22:10,24650.0,100.0,1133200.0
2036,2021-10-12 03:22:10,24650.0,300.0,1133100.0
2037,2021-10-12 03:22:04,24700.0,800.0,1132800.0
2038,2021-10-12 03:22:01,24700.0,100.0,1132000.0
2039,2021-10-12 03:22:00,24700.0,1000.0,1131900.0
2040,2021-10-12 03:21:58,24700.0,400.0,1130900.0
2041,2021-10-12 03:21:57,24700.0,2600.0,1130500.0
2042,2021-10-12 03:21:55,24700.0,1000.0,1127900.0
2043,2021-10-12 03:21:53,24700.0,100.0,1126900.0
2044,2021-10-12 03:21:45,24700.0,100.0,1126800.0
2045,2021-10-12 03:21:34,24700.0,700.0,1126700.0
2046,2021-10-12 03:21:34,24700.0,300.0,1126000.0
