,Time,Price,Volume_per_trade,Volume
0,2021-10-08 07:45:00,25000.0,200.0,3488500.0
1,2021-10-08 07:45:00,25000.0,500.0,3488300.0
2,2021-10-08 07:45:00,25000.0,100.0,3487800.0
3,2021-10-08 07:45:00,25000.0,300.0,3487700.0
4,2021-10-08 07:45:00,25000.0,200.0,3487400.0
5,2021-10-08 07:45:00,25000.0,100.0,3487200.0
6,2021-10-08 07:45:00,25000.0,1800.0,3487100.0
7,2021-10-08 07:45:00,25000.0,200.0,3485300.0
8,2021-10-08 07:45:00,25000.0,200.0,3485100.0
9,2021-10-08 07:45:00,25000.0,100.0,3484900.0
10,2021-10-08 07:45:00,25000.0,500.0,3484800.0
11,2021-10-08 07:45:00,25000.0,100.0,3484300.0
12,2021-10-08 07:45:00,25000.0,1200.0,3484200.0
13,2021-10-08 07:45:00,25000.0,1200.0,3483000.0
14,2021-10-08 07:45:00,25000.0,1000.0,3481800.0
15,2021-10-08 07:45:00,25000.0,4100.0,3480800.0
16,2021-10-08 07:45:00,25000.0,1000.0,3476700.0
17,2021-10-08 07:45:00,25000.0,2000.0,3475700.0
18,2021-10-08 07:45:00,25000.0,2500.0,3473700.0
19,2021-10-08 07:45:00,25000.0,1000.0,3471200.0
20,2021-10-08 07:45:00,25000.0,200.0,3470200.0
21,2021-10-08 07:45:00,25000.0,1000.0,3470000.0
22,2021-10-08 07:45:00,25000.0,200.0,3469000.0
23,2021-10-08 07:45:00,25000.0,400.0,3468800.0
24,2021-10-08 07:45:00,25000.0,100.0,3468400.0
25,2021-10-08 07:45:00,25000.0,100.0,3468300.0
26,2021-10-08 07:45:00,25000.0,100.0,3468200.0
27,2021-10-08 07:45:00,25000.0,500.0,3468100.0
28,2021-10-08 07:45:00,25000.0,100.0,3467600.0
29,2021-10-08 07:45:00,25000.0,1200.0,3467500.0
30,2021-10-08 07:45:00,25000.0,3800.0,3466300.0
31,2021-10-08 07:45:00,25000.0,100.0,3462500.0
32,2021-10-08 07:45:00,25000.0,700.0,3462400.0
33,2021-10-08 07:45:00,25000.0,100.0,3461700.0
34,2021-10-08 07:45:00,25000.0,400.0,3461600.0
35,2021-10-08 07:45:00,25000.0,5000.0,3461200.0
36,2021-10-08 07:45:00,25000.0,2000.0,3456200.0
37,2021-10-08 07:45:00,25000.0,5400.0,3454200.0
38,2021-10-08 07:45:00,25000.0,400.0,3448800.0
39,2021-10-08 07:45:00,25000.0,900.0,3448400.0
40,2021-10-08 07:45:00,25000.0,200.0,3447500.0
41,2021-10-08 07:45:00,25000.0,800.0,3447300.0
42,2021-10-08 07:45:00,25000.0,500.0,3446500.0
43,2021-10-08 07:45:00,25000.0,700.0,3446000.0
44,2021-10-08 07:45:00,25000.0,500.0,3445300.0
45,2021-10-08 07:45:00,25000.0,100.0,3444800.0
46,2021-10-08 07:45:00,25000.0,5000.0,3444700.0
47,2021-10-08 07:45:00,25000.0,1500.0,3439700.0
48,2021-10-08 07:45:00,25000.0,2200.0,3438200.0
49,2021-10-08 07:45:00,25000.0,1500.0,3436000.0
50,2021-10-08 07:45:00,25000.0,1500.0,3434500.0
51,2021-10-08 07:45:00,25000.0,1200.0,3433000.0
52,2021-10-08 07:45:00,25000.0,300.0,3431800.0
53,2021-10-08 07:45:00,25000.0,100.0,3431500.0
54,2021-10-08 07:45:00,25000.0,100.0,3431400.0
55,2021-10-08 07:45:00,25000.0,500.0,3431300.0
56,2021-10-08 07:45:00,25000.0,2600.0,3430800.0
57,2021-10-08 07:45:00,25000.0,100.0,3428200.0
58,2021-10-08 07:45:00,25000.0,400.0,3428100.0
59,2021-10-08 07:45:00,25000.0,1200.0,3427700.0
60,2021-10-08 07:45:00,25000.0,1700.0,3426500.0
61,2021-10-08 07:45:00,25000.0,300.0,3424800.0
62,2021-10-08 07:45:00,25000.0,400.0,3424500.0
63,2021-10-08 07:45:00,25000.0,100.0,3424100.0
64,2021-10-08 07:45:00,25000.0,200.0,3424000.0
65,2021-10-08 07:45:00,25000.0,100.0,3423800.0
66,2021-10-08 07:45:00,25000.0,200.0,3423700.0
67,2021-10-08 07:29:48,24950.0,300.0,3423500.0
68,2021-10-08 07:29:48,24950.0,200.0,3423200.0
69,2021-10-08 07:29:48,24950.0,100.0,3423000.0
70,2021-10-08 07:29:44,24950.0,300.0,3422900.0
71,2021-10-08 07:29:37,24950.0,100.0,3422600.0
72,2021-10-08 07:29:34,24950.0,1000.0,3422500.0
73,2021-10-08 07:29:32,24950.0,300.0,3421500.0
74,2021-10-08 07:29:29,24950.0,100.0,3421200.0
75,2021-10-08 07:29:24,24950.0,200.0,3421100.0
76,2021-10-08 07:29:19,24950.0,400.0,3420900.0
77,2021-10-08 07:29:14,24950.0,500.0,3420500.0
78,2021-10-08 07:29:13,24950.0,100.0,3420000.0
79,2021-10-08 07:29:13,24950.0,400.0,3419900.0
80,2021-10-08 07:29:13,24950.0,1000.0,3419500.0
81,2021-10-08 07:29:13,24950.0,500.0,3418500.0
82,2021-10-08 07:29:12,24950.0,100.0,3418000.0
83,2021-10-08 07:28:54,24950.0,100.0,3417900.0
84,2021-10-08 07:28:35,24950.0,2000.0,3417800.0
85,2021-10-08 07:28:33,24950.0,300.0,3415800.0
86,2021-10-08 07:28:33,24950.0,200.0,3415500.0
87,2021-10-08 07:28:33,24950.0,100.0,3415300.0
88,2021-10-08 07:28:33,24950.0,200.0,3415200.0
89,2021-10-08 07:28:20,24950.0,100.0,3415000.0
90,2021-10-08 07:28:20,24950.0,400.0,3414900.0
91,2021-10-08 07:28:20,24950.0,200.0,3414500.0
92,2021-10-08 07:28:20,24950.0,200.0,3414300.0
93,2021-10-08 07:28:20,24950.0,800.0,3414100.0
94,2021-10-08 07:28:20,24950.0,1600.0,3413300.0
95,2021-10-08 07:28:16,24950.0,500.0,3411700.0
96,2021-10-08 07:28:04,24950.0,100.0,3411200.0
97,2021-10-08 07:28:04,24950.0,1900.0,3411100.0
98,2021-10-08 07:28:00,24950.0,1000.0,3409200.0
99,2021-10-08 07:27:57,24950.0,100.0,3408200.0
100,2021-10-08 07:27:53,24950.0,1000.0,3408100.0
101,2021-10-08 07:27:49,24950.0,1000.0,3407100.0
102,2021-10-08 07:27:49,24950.0,1000.0,3406100.0
103,2021-10-08 07:27:49,24950.0,500.0,3405100.0
104,2021-10-08 07:27:49,24950.0,1000.0,3404600.0
105,2021-10-08 07:27:49,24950.0,100.0,3403600.0
106,2021-10-08 07:27:49,24950.0,500.0,3403500.0
107,2021-10-08 07:27:49,24950.0,100.0,3403000.0
108,2021-10-08 07:27:49,24950.0,100.0,3402900.0
109,2021-10-08 07:27:49,24950.0,700.0,3402800.0
110,2021-10-08 07:27:49,24950.0,100.0,3402100.0
111,2021-10-08 07:27:49,24950.0,100.0,3402000.0
112,2021-10-08 07:27:49,24950.0,1000.0,3401900.0
113,2021-10-08 07:27:49,24950.0,300.0,3400900.0
114,2021-10-08 07:27:49,24950.0,300.0,3400600.0
115,2021-10-08 07:27:49,24950.0,1200.0,3400300.0
116,2021-10-08 07:27:34,24950.0,200.0,3399100.0
117,2021-10-08 07:27:14,24950.0,200.0,3398900.0
118,2021-10-08 07:27:09,24950.0,300.0,3398700.0
119,2021-10-08 07:27:07,24950.0,500.0,3398400.0
120,2021-10-08 07:27:04,24950.0,500.0,3397900.0
121,2021-10-08 07:27:04,24950.0,2500.0,3397400.0
122,2021-10-08 07:26:59,24950.0,2000.0,3394900.0
123,2021-10-08 07:26:50,24950.0,1000.0,3392900.0
124,2021-10-08 07:26:37,24950.0,5700.0,3391900.0
125,2021-10-08 07:26:37,25000.0,100.0,3386200.0
126,2021-10-08 07:26:36,24950.0,1000.0,3386100.0
127,2021-10-08 07:26:14,24950.0,300.0,3385100.0
128,2021-10-08 07:26:07,25000.0,100.0,3384800.0
129,2021-10-08 07:25:07,25000.0,1700.0,3384700.0
130,2021-10-08 07:25:07,25000.0,500.0,3383000.0
131,2021-10-08 07:25:07,25000.0,600.0,3382500.0
132,2021-10-08 07:24:59,25000.0,300.0,3381900.0
133,2021-10-08 07:24:53,25000.0,500.0,3381600.0
134,2021-10-08 07:24:39,25000.0,1600.0,3381100.0
135,2021-10-08 07:24:39,25000.0,400.0,3379500.0
136,2021-10-08 07:24:20,24950.0,7500.0,3379100.0
137,2021-10-08 07:24:20,24950.0,1500.0,3371600.0
138,2021-10-08 07:24:03,25000.0,200.0,3370100.0
139,2021-10-08 07:23:41,25000.0,700.0,3369900.0
140,2021-10-08 07:23:35,24950.0,100.0,3369200.0
141,2021-10-08 07:23:25,24950.0,100.0,3369100.0
142,2021-10-08 07:23:07,25000.0,400.0,3369000.0
143,2021-10-08 07:23:02,25000.0,300.0,3368600.0
144,2021-10-08 07:23:01,25000.0,2200.0,3368300.0
145,2021-10-08 07:23:01,25000.0,1000.0,3366100.0
146,2021-10-08 07:23:01,25000.0,1800.0,3365100.0
147,2021-10-08 07:22:55,25000.0,1000.0,3363300.0
148,2021-10-08 07:22:55,25000.0,1000.0,3362300.0
149,2021-10-08 07:22:40,25000.0,1200.0,3361300.0
150,2021-10-08 07:22:35,25000.0,5000.0,3360100.0
151,2021-10-08 07:22:30,25000.0,100.0,3355100.0
152,2021-10-08 07:22:23,25000.0,500.0,3355000.0
153,2021-10-08 07:22:20,25000.0,500.0,3354500.0
154,2021-10-08 07:22:18,25000.0,400.0,3354000.0
155,2021-10-08 07:21:59,25000.0,600.0,3353600.0
156,2021-10-08 07:21:59,25000.0,500.0,3353000.0
157,2021-10-08 07:21:59,25000.0,500.0,3352500.0
158,2021-10-08 07:21:59,25000.0,400.0,3352000.0
159,2021-10-08 07:21:50,25000.0,100.0,3351600.0
160,2021-10-08 07:21:30,25000.0,300.0,3351500.0
161,2021-10-08 07:21:25,25000.0,200.0,3351200.0
162,2021-10-08 07:21:25,25000.0,200.0,3351000.0
163,2021-10-08 07:21:25,25000.0,1000.0,3350800.0
164,2021-10-08 07:21:25,25000.0,1000.0,3349800.0
165,2021-10-08 07:21:25,25000.0,400.0,3348800.0
166,2021-10-08 07:21:25,25000.0,2200.0,3348400.0
167,2021-10-08 07:21:15,25000.0,1000.0,3346200.0
168,2021-10-08 07:21:10,25000.0,500.0,3345200.0
169,2021-10-08 07:21:05,25000.0,300.0,3344700.0
170,2021-10-08 07:21:05,25000.0,1000.0,3344400.0
171,2021-10-08 07:21:05,25000.0,500.0,3343400.0
172,2021-10-08 07:21:05,25000.0,1000.0,3342900.0
173,2021-10-08 07:21:05,25000.0,100.0,3341900.0
174,2021-10-08 07:21:05,25000.0,1000.0,3341800.0
175,2021-10-08 07:21:05,25000.0,100.0,3340800.0
176,2021-10-08 07:21:05,25000.0,2300.0,3340700.0
177,2021-10-08 07:21:03,25000.0,200.0,3338400.0
178,2021-10-08 07:21:02,25000.0,10000.0,3338200.0
179,2021-10-08 07:20:58,25000.0,200.0,3328200.0
180,2021-10-08 07:20:55,25000.0,400.0,3328000.0
181,2021-10-08 07:20:55,25000.0,1000.0,3327600.0
182,2021-10-08 07:20:55,25000.0,100.0,3326600.0
183,2021-10-08 07:20:53,25000.0,400.0,3326500.0
184,2021-10-08 07:20:53,25000.0,900.0,3326100.0
185,2021-10-08 07:20:53,25000.0,1000.0,3325200.0
186,2021-10-08 07:20:53,25000.0,900.0,3324200.0
187,2021-10-08 07:20:43,25000.0,9100.0,3323300.0
188,2021-10-08 07:20:43,25000.0,900.0,3314200.0
189,2021-10-08 07:20:29,25000.0,4100.0,3313300.0
190,2021-10-08 07:20:29,25000.0,200.0,3309200.0
191,2021-10-08 07:20:29,25000.0,200.0,3309000.0
192,2021-10-08 07:20:29,25000.0,4900.0,3308800.0
193,2021-10-08 07:20:29,25000.0,100.0,3303900.0
194,2021-10-08 07:20:29,25000.0,3000.0,3303800.0
195,2021-10-08 07:20:29,25000.0,200.0,3300800.0
196,2021-10-08 07:20:29,25000.0,5400.0,3300600.0
197,2021-10-08 07:20:29,25000.0,1900.0,3295200.0
198,2021-10-08 07:19:43,25000.0,500.0,3293300.0
199,2021-10-08 07:18:56,24950.0,1500.0,3292800.0
200,2021-10-08 07:18:32,24950.0,500.0,3291300.0
201,2021-10-08 07:18:30,25000.0,100.0,3290800.0
202,2021-10-08 07:18:10,25000.0,100.0,3290700.0
203,2021-10-08 07:17:44,25000.0,400.0,3290600.0
204,2021-10-08 07:17:42,25000.0,1500.0,3290200.0
205,2021-10-08 07:17:41,25000.0,100.0,3288700.0
206,2021-10-08 07:17:41,25000.0,2000.0,3288600.0
207,2021-10-08 07:17:41,25000.0,2000.0,3286600.0
208,2021-10-08 07:17:41,25000.0,500.0,3284600.0
209,2021-10-08 07:17:41,25000.0,400.0,3284100.0
210,2021-10-08 07:17:38,25000.0,1000.0,3283700.0
211,2021-10-08 07:17:20,25000.0,100.0,3282700.0
212,2021-10-08 07:17:19,25000.0,200.0,3282600.0
213,2021-10-08 07:17:09,25000.0,500.0,3282400.0
214,2021-10-08 07:17:03,25000.0,1000.0,3281900.0
215,2021-10-08 07:17:02,25000.0,200.0,3280900.0
216,2021-10-08 07:16:55,25000.0,2000.0,3280700.0
217,2021-10-08 07:16:54,25000.0,200.0,3278700.0
218,2021-10-08 07:16:53,25050.0,5000.0,3278500.0
219,2021-10-08 07:16:48,25000.0,2500.0,3273500.0
220,2021-10-08 07:16:46,25000.0,100.0,3271000.0
221,2021-10-08 07:16:43,25000.0,100.0,3270900.0
222,2021-10-08 07:16:38,25000.0,200.0,3270800.0
223,2021-10-08 07:16:28,25000.0,300.0,3270600.0
224,2021-10-08 07:16:15,25000.0,500.0,3270300.0
225,2021-10-08 07:16:15,25000.0,300.0,3269800.0
226,2021-10-08 07:16:15,25000.0,700.0,3269500.0
227,2021-10-08 07:16:15,25000.0,200.0,3268800.0
228,2021-10-08 07:16:15,25000.0,100.0,3268600.0
229,2021-10-08 07:16:15,25000.0,2000.0,3268500.0
230,2021-10-08 07:16:15,25000.0,1500.0,3266500.0
231,2021-10-08 07:16:15,25000.0,300.0,3265000.0
232,2021-10-08 07:16:15,25000.0,100.0,3264700.0
233,2021-10-08 07:16:15,25000.0,5000.0,3264600.0
234,2021-10-08 07:16:15,25000.0,100.0,3259600.0
235,2021-10-08 07:16:15,25000.0,100.0,3259500.0
236,2021-10-08 07:16:15,25000.0,200.0,3259400.0
237,2021-10-08 07:16:15,25000.0,100.0,3259200.0
238,2021-10-08 07:16:00,25000.0,100.0,3259100.0
239,2021-10-08 07:15:19,25000.0,500.0,3259000.0
240,2021-10-08 07:15:15,25000.0,200.0,3258500.0
241,2021-10-08 07:14:46,25000.0,100.0,3258300.0
242,2021-10-08 07:14:46,25000.0,900.0,3258200.0
243,2021-10-08 07:14:43,25000.0,2700.0,3257300.0
244,2021-10-08 07:14:41,25000.0,700.0,3254600.0
245,2021-10-08 07:14:41,25000.0,300.0,3253900.0
246,2021-10-08 07:14:39,25000.0,700.0,3253600.0
247,2021-10-08 07:14:39,25000.0,1000.0,3252900.0
248,2021-10-08 07:14:39,25000.0,300.0,3251900.0
249,2021-10-08 07:14:39,25000.0,1000.0,3251600.0
250,2021-10-08 07:14:39,25000.0,1600.0,3250600.0
251,2021-10-08 07:14:39,25000.0,400.0,3249000.0
252,2021-10-08 07:14:35,25000.0,100.0,3248600.0
253,2021-10-08 07:14:33,25000.0,300.0,3248500.0
254,2021-10-08 07:14:25,25000.0,3000.0,3248200.0
255,2021-10-08 07:14:24,25000.0,100.0,3245200.0
256,2021-10-08 07:14:17,25000.0,10000.0,3245100.0
257,2021-10-08 07:14:15,25000.0,100.0,3235100.0
258,2021-10-08 07:14:13,25000.0,1700.0,3235000.0
259,2021-10-08 07:14:10,25000.0,600.0,3233300.0
260,2021-10-08 07:14:06,25000.0,6000.0,3232700.0
261,2021-10-08 07:14:06,25000.0,1500.0,3226700.0
262,2021-10-08 07:14:02,25000.0,2000.0,3225200.0
263,2021-10-08 07:14:01,25050.0,900.0,3223200.0
264,2021-10-08 07:14:01,25050.0,500.0,3222300.0
265,2021-10-08 07:14:01,25050.0,200.0,3221800.0
266,2021-10-08 07:14:01,25050.0,1200.0,3221600.0
267,2021-10-08 07:13:59,25000.0,400.0,3220400.0
268,2021-10-08 07:13:56,25000.0,600.0,3220000.0
269,2021-10-08 07:13:54,25000.0,1000.0,3219400.0
270,2021-10-08 07:13:42,25000.0,1000.0,3218400.0
271,2021-10-08 07:13:41,25000.0,100.0,3217400.0
272,2021-10-08 07:13:29,25000.0,100.0,3217300.0
273,2021-10-08 07:13:29,25000.0,100.0,3217200.0
274,2021-10-08 07:13:29,25000.0,100.0,3217100.0
275,2021-10-08 07:13:22,25000.0,900.0,3217000.0
276,2021-10-08 07:13:22,25000.0,800.0,3216100.0
277,2021-10-08 07:13:20,25000.0,300.0,3215300.0
278,2021-10-08 07:13:18,25000.0,200.0,3215000.0
279,2021-10-08 07:13:14,25000.0,400.0,3214800.0
280,2021-10-08 07:13:04,25000.0,1800.0,3214400.0
281,2021-10-08 07:13:03,25000.0,100.0,3212600.0
282,2021-10-08 07:12:48,25000.0,1500.0,3212500.0
283,2021-10-08 07:12:46,25000.0,700.0,3211000.0
284,2021-10-08 07:12:46,25000.0,1000.0,3210300.0
285,2021-10-08 07:12:46,25000.0,200.0,3209300.0
286,2021-10-08 07:12:46,25000.0,100.0,3209100.0
287,2021-10-08 07:12:46,25000.0,1000.0,3209000.0
288,2021-10-08 07:12:42,25000.0,100.0,3208000.0
289,2021-10-08 07:12:35,25000.0,5000.0,3207900.0
290,2021-10-08 07:12:33,25000.0,1000.0,3202900.0
291,2021-10-08 07:12:31,25000.0,10000.0,3201900.0
292,2021-10-08 07:12:15,25000.0,100.0,3191900.0
293,2021-10-08 07:12:12,25000.0,5000.0,3191800.0
294,2021-10-08 07:12:09,25000.0,1100.0,3186800.0
295,2021-10-08 07:12:07,25000.0,500.0,3185700.0
296,2021-10-08 07:12:05,25000.0,100.0,3185200.0
297,2021-10-08 07:12:01,25000.0,400.0,3185100.0
298,2021-10-08 07:12:01,25000.0,3900.0,3184700.0
299,2021-10-08 07:11:56,25000.0,2100.0,3180800.0
300,2021-10-08 07:11:46,25000.0,1800.0,3178700.0
301,2021-10-08 07:11:42,25000.0,100.0,3176900.0
302,2021-10-08 07:11:24,25000.0,300.0,3176800.0
303,2021-10-08 07:11:15,25000.0,200.0,3176500.0
304,2021-10-08 07:11:08,25000.0,100.0,3176300.0
305,2021-10-08 07:10:55,25000.0,1000.0,3176200.0
306,2021-10-08 07:10:41,25000.0,500.0,3175200.0
307,2021-10-08 07:10:41,25000.0,4800.0,3174700.0
308,2021-10-08 07:10:36,25000.0,100.0,3169900.0
309,2021-10-08 07:10:31,25000.0,200.0,3169800.0
310,2021-10-08 07:10:27,25000.0,200.0,3169600.0
311,2021-10-08 07:10:13,25000.0,1000.0,3169400.0
312,2021-10-08 07:10:13,25000.0,200.0,3168400.0
313,2021-10-08 07:10:09,25000.0,200.0,3168200.0
314,2021-10-08 07:09:44,25000.0,500.0,3168000.0
315,2021-10-08 07:09:31,25050.0,200.0,3167500.0
316,2021-10-08 07:09:15,25000.0,100.0,3167300.0
317,2021-10-08 07:08:57,25050.0,3600.0,3167200.0
318,2021-10-08 07:08:57,25050.0,400.0,3163600.0
319,2021-10-08 07:08:56,25000.0,500.0,3163200.0
320,2021-10-08 07:08:41,25050.0,800.0,3162700.0
321,2021-10-08 07:08:28,25050.0,1800.0,3161900.0
322,2021-10-08 07:08:28,25050.0,300.0,3160100.0
323,2021-10-08 07:08:08,25000.0,300.0,3159800.0
324,2021-10-08 07:08:08,25000.0,2000.0,3159500.0
325,2021-10-08 07:08:08,25000.0,100.0,3157500.0
326,2021-10-08 07:08:08,25000.0,2000.0,3157400.0
327,2021-10-08 07:08:08,25000.0,100.0,3155400.0
328,2021-10-08 07:08:08,25000.0,200.0,3155300.0
329,2021-10-08 07:08:08,25000.0,7500.0,3155100.0
330,2021-10-08 07:08:05,25000.0,2500.0,3147600.0
331,2021-10-08 07:08:05,25000.0,100.0,3145100.0
332,2021-10-08 07:08:05,25000.0,300.0,3145000.0
333,2021-10-08 07:08:05,25000.0,200.0,3144700.0
334,2021-10-08 07:08:05,25000.0,2000.0,3144500.0
335,2021-10-08 07:08:05,25000.0,2000.0,3142500.0
336,2021-10-08 07:08:05,25000.0,2000.0,3140500.0
337,2021-10-08 07:08:05,25000.0,1000.0,3138500.0
338,2021-10-08 07:08:05,25000.0,100.0,3137500.0
339,2021-10-08 07:08:05,25000.0,500.0,3137400.0
340,2021-10-08 07:08:05,25000.0,300.0,3136900.0
341,2021-10-08 07:08:05,25000.0,4000.0,3136600.0
342,2021-10-08 07:08:05,25000.0,500.0,3132600.0
343,2021-10-08 07:08:05,25000.0,200.0,3132100.0
344,2021-10-08 07:08:05,25000.0,200.0,3131900.0
345,2021-10-08 07:08:05,25000.0,300.0,3131700.0
346,2021-10-08 07:08:05,25000.0,500.0,3131400.0
347,2021-10-08 07:08:05,25000.0,200.0,3130900.0
348,2021-10-08 07:08:05,25000.0,1000.0,3130700.0
349,2021-10-08 07:08:05,25000.0,300.0,3129700.0
350,2021-10-08 07:08:05,25000.0,1300.0,3129400.0
351,2021-10-08 07:08:05,25000.0,500.0,3128100.0
352,2021-10-08 07:08:03,25000.0,400.0,3127600.0
353,2021-10-08 07:08:03,25000.0,200.0,3127200.0
354,2021-10-08 07:08:03,25000.0,300.0,3127000.0
355,2021-10-08 07:08:03,25000.0,100.0,3126700.0
356,2021-10-08 07:08:03,25000.0,100.0,3126600.0
357,2021-10-08 07:08:03,25000.0,500.0,3126500.0
358,2021-10-08 07:08:03,25000.0,1800.0,3126000.0
359,2021-10-08 07:08:03,25000.0,500.0,3124200.0
360,2021-10-08 07:08:03,25000.0,2000.0,3123700.0
361,2021-10-08 07:08:03,25000.0,500.0,3121700.0
362,2021-10-08 07:08:03,25000.0,300.0,3121200.0
363,2021-10-08 07:08:03,25000.0,500.0,3120900.0
364,2021-10-08 07:08:03,25000.0,500.0,3120400.0
365,2021-10-08 07:08:03,25000.0,3000.0,3119900.0
366,2021-10-08 07:08:03,25000.0,200.0,3116900.0
367,2021-10-08 07:08:03,25000.0,1600.0,3116700.0
368,2021-10-08 07:08:03,25000.0,7500.0,3115100.0
369,2021-10-08 07:07:50,25000.0,100.0,3107600.0
370,2021-10-08 07:07:30,25000.0,2400.0,3107500.0
371,2021-10-08 07:07:30,25000.0,7600.0,3105100.0
372,2021-10-08 07:07:17,24950.0,10000.0,3097500.0
373,2021-10-08 07:07:17,24950.0,100.0,3087500.0
374,2021-10-08 07:07:17,24950.0,100.0,3087400.0
375,2021-10-08 07:07:17,24950.0,200.0,3087300.0
376,2021-10-08 07:07:17,24950.0,500.0,3087100.0
377,2021-10-08 07:07:17,24950.0,200.0,3086600.0
378,2021-10-08 07:07:17,24950.0,100.0,3086400.0
379,2021-10-08 07:07:17,24950.0,100.0,3086300.0
380,2021-10-08 07:07:17,24950.0,5000.0,3086200.0
381,2021-10-08 07:07:11,24950.0,100.0,3081200.0
382,2021-10-08 07:07:11,24950.0,100.0,3081100.0
383,2021-10-08 07:06:58,24950.0,6200.0,3081000.0
384,2021-10-08 07:06:58,24950.0,10000.0,3074800.0
385,2021-10-08 07:06:58,24950.0,1000.0,3064800.0
386,2021-10-08 07:06:58,24950.0,2800.0,3063800.0
387,2021-10-08 07:06:49,24900.0,14500.0,3061000.0
388,2021-10-08 07:06:37,24900.0,100.0,3046500.0
389,2021-10-08 07:06:30,24900.0,1000.0,3046400.0
390,2021-10-08 07:06:28,24950.0,100.0,3045400.0
391,2021-10-08 07:06:26,24900.0,1500.0,3045300.0
392,2021-10-08 07:06:25,24900.0,1000.0,3043800.0
393,2021-10-08 07:06:25,24900.0,500.0,3042800.0
394,2021-10-08 07:06:25,24900.0,2000.0,3042300.0
395,2021-10-08 07:06:25,24900.0,2200.0,3040300.0
396,2021-10-08 07:06:25,24900.0,300.0,3038100.0
397,2021-10-08 07:06:25,24900.0,1600.0,3037800.0
398,2021-10-08 07:06:25,24900.0,400.0,3036200.0
399,2021-10-08 07:06:25,24900.0,100.0,3035800.0
400,2021-10-08 07:06:23,24900.0,1600.0,3035700.0
401,2021-10-08 07:06:17,24850.0,300.0,3034100.0
402,2021-10-08 07:06:17,24850.0,1000.0,3033800.0
403,2021-10-08 07:06:17,24850.0,200.0,3032800.0
404,2021-10-08 07:05:19,24900.0,100.0,3032600.0
405,2021-10-08 07:05:05,24900.0,100.0,3032500.0
406,2021-10-08 07:05:05,24900.0,100.0,3032400.0
407,2021-10-08 07:05:05,24900.0,700.0,3032300.0
408,2021-10-08 07:04:53,24900.0,300.0,3031600.0
409,2021-10-08 07:04:53,24900.0,200.0,3031300.0
410,2021-10-08 07:04:53,24900.0,200.0,3031100.0
411,2021-10-08 07:04:53,24900.0,5900.0,3030900.0
412,2021-10-08 07:04:53,24900.0,4000.0,3025000.0
413,2021-10-08 07:04:53,24900.0,200.0,3021000.0
414,2021-10-08 07:04:53,24900.0,100.0,3020800.0
415,2021-10-08 07:04:53,24900.0,19100.0,3020700.0
416,2021-10-08 07:04:51,24900.0,100.0,3001600.0
417,2021-10-08 07:04:45,24900.0,400.0,3001500.0
418,2021-10-08 07:04:36,24900.0,1000.0,3001100.0
419,2021-10-08 07:04:24,24950.0,700.0,3000100.0
420,2021-10-08 07:04:24,24950.0,400.0,2999400.0
421,2021-10-08 07:04:24,24950.0,100.0,2999000.0
422,2021-10-08 07:04:24,24950.0,900.0,2998900.0
423,2021-10-08 07:04:24,24950.0,300.0,2998000.0
424,2021-10-08 07:03:53,24900.0,600.0,2997700.0
425,2021-10-08 07:03:50,24900.0,100.0,2997100.0
426,2021-10-08 07:03:50,24900.0,2000.0,2997000.0
427,2021-10-08 07:03:24,24900.0,500.0,2995000.0
428,2021-10-08 07:03:20,24950.0,100.0,2994500.0
429,2021-10-08 07:03:14,24900.0,1000.0,2994400.0
430,2021-10-08 07:03:03,24900.0,5200.0,2993400.0
431,2021-10-08 07:03:03,24900.0,500.0,2988200.0
432,2021-10-08 07:03:03,24900.0,500.0,2987700.0
433,2021-10-08 07:03:03,24900.0,200.0,2987200.0
434,2021-10-08 07:02:58,24900.0,200.0,2987000.0
435,2021-10-08 07:02:49,24900.0,5000.0,2986800.0
436,2021-10-08 07:02:37,24900.0,3400.0,2981800.0
437,2021-10-08 07:02:37,24900.0,600.0,2978400.0
438,2021-10-08 07:02:32,24900.0,1300.0,2977800.0
439,2021-10-08 07:02:24,24900.0,100.0,2976500.0
440,2021-10-08 07:02:03,24950.0,100.0,2976400.0
441,2021-10-08 07:01:27,24950.0,500.0,2976300.0
442,2021-10-08 07:01:26,24900.0,100.0,2975800.0
443,2021-10-08 07:01:21,24900.0,1000.0,2975700.0
444,2021-10-08 07:01:16,24900.0,1000.0,2974700.0
445,2021-10-08 07:01:16,24900.0,200.0,2973700.0
446,2021-10-08 07:01:16,24900.0,3000.0,2973500.0
447,2021-10-08 07:01:16,24900.0,2000.0,2970500.0
448,2021-10-08 07:01:16,24900.0,400.0,2968500.0
449,2021-10-08 07:01:16,24900.0,300.0,2968100.0
450,2021-10-08 07:01:00,24850.0,2300.0,2967800.0
451,2021-10-08 07:01:00,24850.0,1000.0,2965500.0
452,2021-10-08 07:01:00,24850.0,500.0,2964500.0
453,2021-10-08 07:01:00,24850.0,100.0,2964000.0
454,2021-10-08 07:01:00,24850.0,400.0,2963900.0
455,2021-10-08 07:01:00,24850.0,200.0,2963500.0
456,2021-10-08 07:01:00,24850.0,500.0,2963300.0
457,2021-10-08 07:00:57,24900.0,200.0,2962800.0
458,2021-10-08 07:00:57,24900.0,300.0,2962600.0
459,2021-10-08 07:00:57,24900.0,2000.0,2962300.0
460,2021-10-08 07:00:57,24900.0,100.0,2960300.0
461,2021-10-08 07:00:57,24900.0,7400.0,2960200.0
462,2021-10-08 07:00:47,24900.0,100.0,2952800.0
463,2021-10-08 07:00:41,24900.0,1000.0,2952700.0
464,2021-10-08 07:00:34,24900.0,1000.0,2951700.0
465,2021-10-08 07:00:03,24900.0,500.0,2950700.0
466,2021-10-08 07:00:00,24900.0,2000.0,2950200.0
467,2021-10-08 06:59:58,24900.0,200.0,2948200.0
468,2021-10-08 06:59:35,24900.0,700.0,2948000.0
469,2021-10-08 06:59:21,24850.0,500.0,2947300.0
470,2021-10-08 06:59:21,24850.0,400.0,2946800.0
471,2021-10-08 06:58:57,24850.0,100.0,2946400.0
472,2021-10-08 06:58:35,24850.0,500.0,2946300.0
473,2021-10-08 06:58:27,24850.0,100.0,2945800.0
474,2021-10-08 06:58:15,24850.0,600.0,2945700.0
475,2021-10-08 06:58:12,24850.0,2400.0,2945100.0
476,2021-10-08 06:58:08,24850.0,1500.0,2942700.0
477,2021-10-08 06:57:48,24850.0,500.0,2941200.0
478,2021-10-08 06:57:46,24850.0,100.0,2940700.0
479,2021-10-08 06:57:15,24850.0,1100.0,2940600.0
480,2021-10-08 06:57:12,24850.0,300.0,2939500.0
481,2021-10-08 06:57:08,24900.0,100.0,2939200.0
482,2021-10-08 06:56:54,24850.0,25000.0,2939100.0
483,2021-10-08 06:56:43,24850.0,1000.0,2914100.0
484,2021-10-08 06:56:38,24900.0,7000.0,2913100.0
485,2021-10-08 06:56:38,24900.0,700.0,2906100.0
486,2021-10-08 06:56:38,24900.0,300.0,2905400.0
487,2021-10-08 06:56:38,24900.0,1700.0,2905100.0
488,2021-10-08 06:56:38,24900.0,300.0,2903400.0
489,2021-10-08 06:56:04,24900.0,100.0,2903100.0
490,2021-10-08 06:55:46,24900.0,500.0,2903000.0
491,2021-10-08 06:55:21,24850.0,500.0,2902500.0
492,2021-10-08 06:55:21,24900.0,200.0,2902000.0
493,2021-10-08 06:54:55,24900.0,200.0,2901800.0
494,2021-10-08 06:54:41,24850.0,100.0,2901600.0
495,2021-10-08 06:54:41,24850.0,500.0,2901500.0
496,2021-10-08 06:54:27,24850.0,5000.0,2901000.0
497,2021-10-08 06:53:39,24850.0,100.0,2896000.0
498,2021-10-08 06:53:38,24900.0,1000.0,2895900.0
499,2021-10-08 06:53:38,24900.0,1700.0,2894900.0
500,2021-10-08 06:53:37,24900.0,200.0,2893200.0
501,2021-10-08 06:53:36,24900.0,500.0,2893000.0
502,2021-10-08 06:53:36,24900.0,2000.0,2892500.0
503,2021-10-08 06:53:36,24900.0,2000.0,2890500.0
504,2021-10-08 06:53:36,24900.0,500.0,2888500.0
505,2021-10-08 06:53:35,24900.0,1000.0,2888000.0
506,2021-10-08 06:53:34,24900.0,300.0,2887000.0
507,2021-10-08 06:53:24,24900.0,100.0,2886700.0
508,2021-10-08 06:53:23,24900.0,100.0,2886600.0
509,2021-10-08 06:53:23,24900.0,900.0,2886500.0
510,2021-10-08 06:53:05,24900.0,300.0,2885600.0
511,2021-10-08 06:53:05,24900.0,200.0,2885300.0
512,2021-10-08 06:52:53,24950.0,100.0,2885100.0
513,2021-10-08 06:52:38,24950.0,700.0,2885000.0
514,2021-10-08 06:52:33,25000.0,600.0,2884300.0
515,2021-10-08 06:52:31,24950.0,1300.0,2883700.0
516,2021-10-08 06:52:31,24950.0,100.0,2882400.0
517,2021-10-08 06:52:31,24950.0,700.0,2882300.0
518,2021-10-08 06:52:31,24950.0,400.0,2881600.0
519,2021-10-08 06:52:31,24950.0,300.0,2881200.0
520,2021-10-08 06:52:31,24950.0,1000.0,2880900.0
521,2021-10-08 06:52:31,24950.0,1000.0,2879900.0
522,2021-10-08 06:52:31,24950.0,200.0,2878900.0
523,2021-10-08 06:52:29,25000.0,100.0,2878700.0
524,2021-10-08 06:51:57,25000.0,700.0,2878600.0
525,2021-10-08 06:51:57,25000.0,4000.0,2877900.0
526,2021-10-08 06:51:57,25000.0,1000.0,2873900.0
527,2021-10-08 06:51:57,25000.0,2000.0,2872900.0
528,2021-10-08 06:51:57,25000.0,100.0,2870900.0
529,2021-10-08 06:51:57,25000.0,2000.0,2870800.0
530,2021-10-08 06:51:57,25000.0,500.0,2868800.0
531,2021-10-08 06:51:57,25000.0,2000.0,2868300.0
532,2021-10-08 06:51:57,25000.0,500.0,2866300.0
533,2021-10-08 06:51:57,25000.0,100.0,2865800.0
534,2021-10-08 06:51:57,25000.0,500.0,2865700.0
535,2021-10-08 06:51:57,25000.0,1100.0,2865200.0
536,2021-10-08 06:51:57,25000.0,100.0,2864100.0
537,2021-10-08 06:51:57,25000.0,200.0,2864000.0
538,2021-10-08 06:51:57,25000.0,100.0,2863800.0
539,2021-10-08 06:51:57,25000.0,100.0,2863700.0
540,2021-10-08 06:51:57,25000.0,100.0,2863600.0
541,2021-10-08 06:51:57,25000.0,200.0,2863500.0
542,2021-10-08 06:51:57,25000.0,200.0,2863300.0
543,2021-10-08 06:51:57,25000.0,600.0,2863100.0
544,2021-10-08 06:51:57,25000.0,300.0,2862500.0
545,2021-10-08 06:51:57,25000.0,2000.0,2862200.0
546,2021-10-08 06:51:57,25000.0,100.0,2860200.0
547,2021-10-08 06:51:57,25000.0,500.0,2860100.0
548,2021-10-08 06:51:57,25000.0,300.0,2859600.0
549,2021-10-08 06:51:57,25000.0,400.0,2859300.0
550,2021-10-08 06:51:57,25000.0,200.0,2858900.0
551,2021-10-08 06:51:57,25000.0,1000.0,2858700.0
552,2021-10-08 06:51:57,25000.0,100.0,2857700.0
553,2021-10-08 06:51:57,25000.0,700.0,2857600.0
554,2021-10-08 06:51:50,25000.0,300.0,2856900.0
555,2021-10-08 06:51:50,25000.0,2700.0,2856600.0
556,2021-10-08 06:51:48,25000.0,1000.0,2853900.0
557,2021-10-08 06:51:39,25000.0,400.0,2852900.0
558,2021-10-08 06:51:34,25000.0,300.0,2852500.0
559,2021-10-08 06:51:34,25000.0,300.0,2852200.0
560,2021-10-08 06:51:28,25000.0,500.0,2851900.0
561,2021-10-08 06:51:28,25000.0,1000.0,2851400.0
562,2021-10-08 06:51:23,25000.0,2000.0,2850400.0
563,2021-10-08 06:51:23,25000.0,100.0,2848400.0
564,2021-10-08 06:51:08,25000.0,1000.0,2848300.0
565,2021-10-08 06:51:03,25000.0,300.0,2847300.0
566,2021-10-08 06:50:39,25000.0,500.0,2847000.0
567,2021-10-08 06:50:23,25000.0,100.0,2846500.0
568,2021-10-08 06:50:19,25050.0,1000.0,2846400.0
569,2021-10-08 06:50:14,25000.0,2000.0,2845400.0
570,2021-10-08 06:49:25,25050.0,200.0,2843400.0
571,2021-10-08 06:49:18,25050.0,200.0,2843200.0
572,2021-10-08 06:49:18,25050.0,200.0,2843000.0
573,2021-10-08 06:49:17,25050.0,4800.0,2842800.0
574,2021-10-08 06:49:17,25050.0,200.0,2838000.0
575,2021-10-08 06:49:15,25050.0,500.0,2837800.0
576,2021-10-08 06:49:14,25050.0,300.0,2837300.0
577,2021-10-08 06:49:14,25050.0,100.0,2837000.0
578,2021-10-08 06:49:14,25050.0,500.0,2836900.0
579,2021-10-08 06:49:14,25050.0,100.0,2836400.0
580,2021-10-08 06:48:31,25050.0,2000.0,2836300.0
581,2021-10-08 06:47:54,25050.0,5000.0,2834300.0
582,2021-10-08 06:47:50,25100.0,100.0,2829300.0
583,2021-10-08 06:47:50,25100.0,2000.0,2829200.0
584,2021-10-08 06:47:35,25100.0,3000.0,2827200.0
585,2021-10-08 06:47:16,25050.0,5000.0,2824200.0
586,2021-10-08 06:47:15,25100.0,100.0,2819200.0
587,2021-10-08 06:46:58,25050.0,100.0,2819100.0
588,2021-10-08 06:46:33,25050.0,800.0,2819000.0
589,2021-10-08 06:46:33,25050.0,900.0,2818200.0
590,2021-10-08 06:46:33,25050.0,100.0,2817300.0
591,2021-10-08 06:46:33,25050.0,1000.0,2817200.0
592,2021-10-08 06:46:33,25050.0,10000.0,2816200.0
593,2021-10-08 06:46:30,25100.0,200.0,2806200.0
594,2021-10-08 06:46:30,25100.0,900.0,2806000.0
595,2021-10-08 06:46:30,25100.0,400.0,2805100.0
596,2021-10-08 06:46:30,25100.0,200.0,2804700.0
597,2021-10-08 06:46:30,25100.0,100.0,2804500.0
598,2021-10-08 06:46:30,25100.0,600.0,2804400.0
599,2021-10-08 06:46:28,25100.0,800.0,2803800.0
600,2021-10-08 06:46:27,25100.0,2000.0,2803000.0
601,2021-10-08 06:46:27,25100.0,10000.0,2801000.0
602,2021-10-08 06:46:13,25100.0,5000.0,2791000.0
603,2021-10-08 06:46:11,25100.0,1600.0,2786000.0
604,2021-10-08 06:46:11,25100.0,3400.0,2784400.0
605,2021-10-08 06:46:03,25100.0,500.0,2781000.0
606,2021-10-08 06:45:49,25150.0,500.0,2780500.0
607,2021-10-08 06:45:49,25150.0,500.0,2780000.0
608,2021-10-08 06:45:47,25100.0,100.0,2779500.0
609,2021-10-08 06:45:47,25100.0,3100.0,2779400.0
610,2021-10-08 06:45:21,25150.0,600.0,2776300.0
611,2021-10-08 06:45:21,25150.0,200.0,2775700.0
612,2021-10-08 06:45:21,25150.0,1000.0,2775500.0
613,2021-10-08 06:45:21,25150.0,200.0,2774500.0
614,2021-10-08 06:45:21,25150.0,200.0,2774300.0
615,2021-10-08 06:45:21,25150.0,300.0,2774100.0
616,2021-10-08 06:45:21,25100.0,500.0,2773800.0
617,2021-10-08 06:45:19,25100.0,1400.0,2773300.0
618,2021-10-08 06:45:19,25100.0,100.0,2771900.0
619,2021-10-08 06:45:19,25100.0,500.0,2771800.0
620,2021-10-08 06:45:13,25100.0,500.0,2771300.0
621,2021-10-08 06:45:13,25100.0,200.0,2770800.0
622,2021-10-08 06:45:13,25100.0,300.0,2770600.0
623,2021-10-08 06:44:55,25100.0,100.0,2770300.0
624,2021-10-08 06:44:54,25100.0,300.0,2770200.0
625,2021-10-08 06:44:54,25100.0,400.0,2769900.0
626,2021-10-08 06:44:50,25100.0,400.0,2769500.0
627,2021-10-08 06:44:34,25100.0,2000.0,2769100.0
628,2021-10-08 06:44:25,25100.0,1000.0,2767100.0
629,2021-10-08 06:44:22,25100.0,1000.0,2766100.0
630,2021-10-08 06:44:19,25100.0,200.0,2765100.0
631,2021-10-08 06:44:05,25100.0,200.0,2764900.0
632,2021-10-08 06:44:00,25100.0,400.0,2764700.0
633,2021-10-08 06:44:00,25100.0,600.0,2764300.0
634,2021-10-08 06:43:56,25100.0,1000.0,2763700.0
635,2021-10-08 06:43:54,25150.0,1000.0,2762700.0
636,2021-10-08 06:43:48,25150.0,300.0,2761700.0
637,2021-10-08 06:43:40,25100.0,200.0,2761400.0
638,2021-10-08 06:43:40,25100.0,200.0,2761200.0
639,2021-10-08 06:43:39,25100.0,800.0,2761000.0
640,2021-10-08 06:43:39,25100.0,200.0,2760200.0
641,2021-10-08 06:43:34,25150.0,400.0,2760000.0
642,2021-10-08 06:43:34,25150.0,100.0,2759600.0
643,2021-10-08 06:43:32,25100.0,100.0,2759500.0
644,2021-10-08 06:43:31,25100.0,200.0,2759400.0
645,2021-10-08 06:43:15,25150.0,100.0,2759200.0
646,2021-10-08 06:43:14,25150.0,500.0,2759100.0
647,2021-10-08 06:43:08,25100.0,500.0,2758600.0
648,2021-10-08 06:43:06,25100.0,2000.0,2758100.0
649,2021-10-08 06:42:39,25100.0,10000.0,2756100.0
650,2021-10-08 06:42:37,25150.0,300.0,2746100.0
651,2021-10-08 06:42:37,25150.0,200.0,2745800.0
652,2021-10-08 06:42:37,25150.0,100.0,2745600.0
653,2021-10-08 06:42:37,25150.0,200.0,2745500.0
654,2021-10-08 06:42:37,25150.0,2000.0,2745300.0
655,2021-10-08 06:42:37,25150.0,2200.0,2743300.0
656,2021-10-08 06:42:26,25150.0,1000.0,2741100.0
657,2021-10-08 06:41:50,25100.0,1000.0,2740100.0
658,2021-10-08 06:41:34,25150.0,300.0,2739100.0
659,2021-10-08 06:41:26,25100.0,1500.0,2738800.0
660,2021-10-08 06:41:26,25150.0,400.0,2737300.0
661,2021-10-08 06:41:24,25100.0,100.0,2736900.0
662,2021-10-08 06:40:19,25100.0,300.0,2736800.0
663,2021-10-08 06:40:17,25100.0,8000.0,2736500.0
664,2021-10-08 06:40:15,25150.0,5000.0,2728500.0
665,2021-10-08 06:40:06,25100.0,1000.0,2723500.0
666,2021-10-08 06:40:05,25100.0,500.0,2722500.0
667,2021-10-08 06:40:05,25100.0,2500.0,2722000.0
668,2021-10-08 06:40:05,25100.0,300.0,2719500.0
669,2021-10-08 06:40:05,25100.0,500.0,2719200.0
670,2021-10-08 06:40:05,25100.0,500.0,2718700.0
671,2021-10-08 06:40:05,25100.0,1000.0,2718200.0
672,2021-10-08 06:40:05,25100.0,2000.0,2717200.0
673,2021-10-08 06:40:05,25100.0,10000.0,2715200.0
674,2021-10-08 06:40:05,25100.0,200.0,2705200.0
675,2021-10-08 06:40:05,25100.0,300.0,2705000.0
676,2021-10-08 06:40:05,25100.0,100.0,2704700.0
677,2021-10-08 06:40:05,25100.0,10000.0,2704600.0
678,2021-10-08 06:40:05,25100.0,800.0,2694600.0
679,2021-10-08 06:40:05,25100.0,300.0,2693800.0
680,2021-10-08 06:40:05,25100.0,10000.0,2693500.0
681,2021-10-08 06:40:05,25100.0,100.0,2683500.0
682,2021-10-08 06:40:05,25100.0,100.0,2683400.0
683,2021-10-08 06:40:05,25100.0,200.0,2683300.0
684,2021-10-08 06:40:05,25100.0,300.0,2683100.0
685,2021-10-08 06:40:05,25100.0,300.0,2682800.0
686,2021-10-08 06:40:05,25100.0,200.0,2682500.0
687,2021-10-08 06:40:05,25100.0,300.0,2682300.0
688,2021-10-08 06:40:05,25100.0,5000.0,2682000.0
689,2021-10-08 06:40:05,25100.0,200.0,2677000.0
690,2021-10-08 06:40:05,25100.0,1000.0,2676800.0
691,2021-10-08 06:40:05,25100.0,500.0,2675800.0
692,2021-10-08 06:40:05,25100.0,1000.0,2675300.0
693,2021-10-08 06:40:05,25100.0,5000.0,2674300.0
694,2021-10-08 06:40:05,25100.0,4000.0,2669300.0
695,2021-10-08 06:40:05,25100.0,100.0,2665300.0
696,2021-10-08 06:40:05,25100.0,5000.0,2665200.0
697,2021-10-08 06:40:05,25100.0,500.0,2660200.0
698,2021-10-08 06:40:05,25100.0,5000.0,2659700.0
699,2021-10-08 06:40:05,25100.0,100.0,2654700.0
700,2021-10-08 06:40:05,25100.0,100.0,2654600.0
701,2021-10-08 06:40:05,25100.0,5000.0,2654500.0
702,2021-10-08 06:40:05,25100.0,600.0,2649500.0
703,2021-10-08 06:40:05,25100.0,1500.0,2648900.0
704,2021-10-08 06:39:39,25050.0,100.0,2647400.0
705,2021-10-08 06:39:39,25050.0,200.0,2647300.0
706,2021-10-08 06:39:35,25050.0,100.0,2647100.0
707,2021-10-08 06:39:34,25050.0,800.0,2647000.0
708,2021-10-08 06:39:14,25050.0,500.0,2646200.0
709,2021-10-08 06:39:04,25050.0,400.0,2645700.0
710,2021-10-08 06:39:04,25050.0,1200.0,2645300.0
711,2021-10-08 06:39:04,25050.0,1000.0,2644100.0
712,2021-10-08 06:39:04,25050.0,3000.0,2643100.0
713,2021-10-08 06:39:04,25050.0,300.0,2640100.0
714,2021-10-08 06:39:04,25050.0,2000.0,2639800.0
715,2021-10-08 06:39:04,25050.0,100.0,2637800.0
716,2021-10-08 06:39:04,25050.0,200.0,2637700.0
717,2021-10-08 06:39:04,25050.0,300.0,2637500.0
718,2021-10-08 06:39:04,25050.0,800.0,2637200.0
719,2021-10-08 06:39:04,25050.0,100.0,2636400.0
720,2021-10-08 06:39:04,25050.0,100.0,2636300.0
721,2021-10-08 06:39:04,25050.0,900.0,2636200.0
722,2021-10-08 06:38:58,25050.0,9100.0,2635300.0
723,2021-10-08 06:38:58,25050.0,100.0,2626200.0
724,2021-10-08 06:38:58,25050.0,100.0,2626100.0
725,2021-10-08 06:38:58,25050.0,700.0,2626000.0
726,2021-10-08 06:38:56,25000.0,100.0,2625300.0
727,2021-10-08 06:38:54,25000.0,500.0,2625200.0
728,2021-10-08 06:38:38,25000.0,1000.0,2624700.0
729,2021-10-08 06:38:33,25050.0,3000.0,2623700.0
730,2021-10-08 06:38:06,25050.0,100.0,2620700.0
731,2021-10-08 06:37:26,25050.0,1000.0,2620600.0
732,2021-10-08 06:37:25,25000.0,900.0,2619600.0
733,2021-10-08 06:37:25,25000.0,1600.0,2618700.0
734,2021-10-08 06:37:17,25050.0,200.0,2617100.0
735,2021-10-08 06:36:49,25050.0,900.0,2616900.0
736,2021-10-08 06:36:38,25000.0,2000.0,2616000.0
737,2021-10-08 06:36:32,25050.0,100.0,2614000.0
738,2021-10-08 06:36:32,25050.0,100.0,2613900.0
739,2021-10-08 06:36:20,25000.0,500.0,2613800.0
740,2021-10-08 06:35:52,25050.0,500.0,2613300.0
741,2021-10-08 06:35:45,25050.0,100.0,2612800.0
742,2021-10-08 06:35:24,25050.0,1200.0,2612700.0
743,2021-10-08 06:35:21,25050.0,800.0,2611500.0
744,2021-10-08 06:35:19,25000.0,100.0,2610700.0
745,2021-10-08 06:35:15,25050.0,200.0,2610600.0
746,2021-10-08 06:35:14,25050.0,500.0,2610400.0
747,2021-10-08 06:35:14,25050.0,1600.0,2609900.0
748,2021-10-08 06:35:07,25050.0,3400.0,2608300.0
749,2021-10-08 06:35:07,25050.0,1600.0,2604900.0
750,2021-10-08 06:34:55,25050.0,500.0,2603300.0
751,2021-10-08 06:34:51,25000.0,1500.0,2602800.0
752,2021-10-08 06:34:51,25050.0,1000.0,2601300.0
753,2021-10-08 06:34:51,25050.0,2000.0,2600300.0
754,2021-10-08 06:34:51,25050.0,300.0,2598300.0
755,2021-10-08 06:34:51,25050.0,200.0,2598000.0
756,2021-10-08 06:34:42,25050.0,1000.0,2597800.0
757,2021-10-08 06:34:29,25100.0,1000.0,2596800.0
758,2021-10-08 06:34:23,25100.0,500.0,2595800.0
759,2021-10-08 06:34:07,25100.0,100.0,2595300.0
760,2021-10-08 06:33:35,25100.0,200.0,2595200.0
761,2021-10-08 06:33:30,25050.0,800.0,2595000.0
762,2021-10-08 06:33:30,25050.0,100.0,2594200.0
763,2021-10-08 06:33:30,25050.0,4100.0,2594100.0
764,2021-10-08 06:33:21,25100.0,500.0,2590000.0
765,2021-10-08 06:33:08,25100.0,100.0,2589500.0
766,2021-10-08 06:33:07,25050.0,100.0,2589400.0
767,2021-10-08 06:33:07,25050.0,800.0,2589300.0
768,2021-10-08 06:32:52,25050.0,900.0,2588500.0
769,2021-10-08 06:32:52,25050.0,1000.0,2587600.0
770,2021-10-08 06:32:52,25050.0,500.0,2586600.0
771,2021-10-08 06:32:52,25050.0,100.0,2586100.0
772,2021-10-08 06:32:52,25050.0,500.0,2586000.0
773,2021-10-08 06:32:52,25050.0,200.0,2585500.0
774,2021-10-08 06:32:38,25050.0,100.0,2585300.0
775,2021-10-08 06:32:28,25100.0,500.0,2585200.0
776,2021-10-08 06:32:22,25100.0,2000.0,2584700.0
777,2021-10-08 06:32:19,25100.0,3000.0,2582700.0
778,2021-10-08 06:32:17,25100.0,5000.0,2579700.0
779,2021-10-08 06:32:16,25050.0,1000.0,2574700.0
780,2021-10-08 06:31:59,25050.0,400.0,2573700.0
781,2021-10-08 06:31:59,25050.0,100.0,2573300.0
782,2021-10-08 06:31:50,25100.0,200.0,2573200.0
783,2021-10-08 06:31:35,25100.0,1000.0,2573000.0
784,2021-10-08 06:31:35,25100.0,100.0,2572000.0
785,2021-10-08 06:31:35,25100.0,1000.0,2571900.0
786,2021-10-08 06:31:35,25100.0,9100.0,2570900.0
787,2021-10-08 06:31:34,25150.0,100.0,2561800.0
788,2021-10-08 06:31:29,25150.0,1000.0,2561700.0
789,2021-10-08 06:31:23,25150.0,500.0,2560700.0
790,2021-10-08 06:31:23,25100.0,200.0,2560200.0
791,2021-10-08 06:31:23,25100.0,1000.0,2560000.0
792,2021-10-08 06:31:16,25100.0,500.0,2559000.0
793,2021-10-08 06:31:14,25100.0,10000.0,2558500.0
794,2021-10-08 06:31:10,25100.0,5500.0,2548500.0
795,2021-10-08 06:30:43,25100.0,1700.0,2543000.0
796,2021-10-08 06:30:43,25100.0,300.0,2541300.0
797,2021-10-08 06:30:43,25100.0,1700.0,2541000.0
798,2021-10-08 06:30:35,25200.0,100.0,2539300.0
799,2021-10-08 06:30:35,25200.0,200.0,2539200.0
800,2021-10-08 06:30:35,25200.0,200.0,2539000.0
801,2021-10-08 06:30:35,25200.0,100.0,2538800.0
802,2021-10-08 06:30:35,25200.0,800.0,2538700.0
803,2021-10-08 06:30:35,25150.0,500.0,2537900.0
804,2021-10-08 06:30:35,25150.0,500.0,2537400.0
805,2021-10-08 06:30:35,25150.0,5000.0,2536900.0
806,2021-10-08 06:30:35,25150.0,500.0,2531900.0
807,2021-10-08 06:30:35,25150.0,1000.0,2531400.0
808,2021-10-08 06:30:35,25150.0,300.0,2530400.0
809,2021-10-08 06:30:35,25150.0,5000.0,2530100.0
810,2021-10-08 06:30:35,25150.0,100.0,2525100.0
811,2021-10-08 06:30:35,25150.0,100.0,2525000.0
812,2021-10-08 06:30:35,25150.0,100.0,2524900.0
813,2021-10-08 06:30:35,25150.0,200.0,2524800.0
814,2021-10-08 06:30:35,25150.0,400.0,2524600.0
815,2021-10-08 06:30:35,25100.0,100.0,2524200.0
816,2021-10-08 06:30:35,25100.0,1000.0,2524100.0
817,2021-10-08 06:30:35,25100.0,1000.0,2523100.0
818,2021-10-08 06:30:35,25100.0,100.0,2522100.0
819,2021-10-08 06:30:35,25100.0,1300.0,2522000.0
820,2021-10-08 06:30:35,25100.0,200.0,2520700.0
821,2021-10-08 06:30:35,25100.0,100.0,2520500.0
822,2021-10-08 06:30:35,25100.0,1000.0,2520400.0
823,2021-10-08 06:30:35,25100.0,100.0,2519400.0
824,2021-10-08 06:30:17,25100.0,400.0,2519300.0
825,2021-10-08 06:30:14,25100.0,100.0,2518900.0
826,2021-10-08 06:30:12,25100.0,300.0,2518800.0
827,2021-10-08 06:30:11,25100.0,100.0,2518500.0
828,2021-10-08 06:30:05,25100.0,100.0,2518400.0
829,2021-10-08 06:29:53,25100.0,500.0,2518300.0
830,2021-10-08 06:29:53,25100.0,2000.0,2517800.0
831,2021-10-08 06:29:53,25100.0,1400.0,2515800.0
832,2021-10-08 06:29:48,25150.0,1000.0,2514400.0
833,2021-10-08 06:29:44,25150.0,100.0,2513400.0
834,2021-10-08 06:29:42,25100.0,3200.0,2513300.0
835,2021-10-08 06:29:09,25150.0,200.0,2510100.0
836,2021-10-08 06:29:09,25150.0,300.0,2509900.0
837,2021-10-08 06:29:06,25100.0,1000.0,2509600.0
838,2021-10-08 06:28:52,25150.0,200.0,2508600.0
839,2021-10-08 06:28:51,25100.0,400.0,2508400.0
840,2021-10-08 06:28:41,25150.0,500.0,2508000.0
841,2021-10-08 06:28:41,25150.0,100.0,2507500.0
842,2021-10-08 06:28:41,25150.0,1600.0,2507400.0
843,2021-10-08 06:28:39,25150.0,7000.0,2505800.0
844,2021-10-08 06:28:34,25200.0,1000.0,2498800.0
845,2021-10-08 06:28:29,25150.0,1400.0,2497800.0
846,2021-10-08 06:28:29,25150.0,100.0,2496400.0
847,2021-10-08 06:28:29,25200.0,200.0,2496300.0
848,2021-10-08 06:28:29,25200.0,5000.0,2496100.0
849,2021-10-08 06:28:29,25200.0,700.0,2491100.0
850,2021-10-08 06:28:29,25200.0,1000.0,2490400.0
851,2021-10-08 06:28:29,25200.0,800.0,2489400.0
852,2021-10-08 06:28:29,25200.0,1000.0,2488600.0
853,2021-10-08 06:28:29,25200.0,1000.0,2487600.0
854,2021-10-08 06:28:29,25200.0,300.0,2486600.0
855,2021-10-08 06:28:12,25200.0,500.0,2486300.0
856,2021-10-08 06:28:12,25200.0,600.0,2485800.0
857,2021-10-08 06:28:12,25200.0,3100.0,2485200.0
858,2021-10-08 06:28:12,25200.0,500.0,2482100.0
859,2021-10-08 06:28:12,25250.0,200.0,2481600.0
860,2021-10-08 06:28:04,25200.0,1000.0,2481400.0
861,2021-10-08 06:28:03,25200.0,1000.0,2480400.0
862,2021-10-08 06:27:41,25250.0,500.0,2479400.0
863,2021-10-08 06:27:37,25250.0,100.0,2478900.0
864,2021-10-08 06:27:32,25250.0,100.0,2478800.0
865,2021-10-08 06:27:30,25250.0,4300.0,2478700.0
866,2021-10-08 06:27:29,25300.0,900.0,2474400.0
867,2021-10-08 06:27:29,25300.0,9100.0,2473500.0
868,2021-10-08 06:27:23,25250.0,100.0,2464400.0
869,2021-10-08 06:27:18,25250.0,500.0,2464300.0
870,2021-10-08 06:27:18,25250.0,100.0,2463800.0
871,2021-10-08 06:27:14,25250.0,1500.0,2463700.0
872,2021-10-08 06:27:02,25250.0,8500.0,2462200.0
873,2021-10-08 06:27:02,25250.0,16200.0,2453700.0
874,2021-10-08 06:27:02,25250.0,200.0,2437500.0
875,2021-10-08 06:27:02,25250.0,6100.0,2437300.0
876,2021-10-08 06:27:02,25250.0,17400.0,2431200.0
877,2021-10-08 06:27:01,25300.0,13600.0,2413800.0
878,2021-10-08 06:27:01,25300.0,1300.0,2400200.0
879,2021-10-08 06:26:37,25300.0,900.0,2398900.0
880,2021-10-08 06:26:07,25300.0,600.0,2398000.0
881,2021-10-08 06:26:07,25300.0,400.0,2397400.0
882,2021-10-08 06:26:06,25300.0,100.0,2397000.0
883,2021-10-08 06:26:06,25300.0,900.0,2396900.0
884,2021-10-08 06:25:59,25300.0,500.0,2396000.0
885,2021-10-08 06:25:59,25300.0,1000.0,2395500.0
886,2021-10-08 06:25:59,25300.0,300.0,2394500.0
887,2021-10-08 06:25:59,25300.0,200.0,2394200.0
888,2021-10-08 06:25:56,25300.0,4800.0,2394000.0
889,2021-10-08 06:25:56,25300.0,500.0,2389200.0
890,2021-10-08 06:25:56,25300.0,500.0,2388700.0
891,2021-10-08 06:25:56,25300.0,500.0,2388200.0
892,2021-10-08 06:25:56,25300.0,1000.0,2387700.0
893,2021-10-08 06:25:56,25300.0,500.0,2386700.0
894,2021-10-08 06:25:56,25300.0,200.0,2386200.0
895,2021-10-08 06:25:56,25300.0,100.0,2386000.0
896,2021-10-08 06:25:48,25300.0,500.0,2385900.0
897,2021-10-08 06:25:45,25300.0,2000.0,2385400.0
898,2021-10-08 06:25:33,25250.0,500.0,2383400.0
899,2021-10-08 06:25:28,25250.0,3100.0,2382900.0
900,2021-10-08 06:25:27,25250.0,900.0,2379800.0
901,2021-10-08 06:25:07,25300.0,2500.0,2378900.0
902,2021-10-08 06:25:07,25250.0,100.0,2376400.0
903,2021-10-08 06:25:07,25250.0,200.0,2376300.0
904,2021-10-08 06:25:07,25250.0,300.0,2376100.0
905,2021-10-08 06:25:07,25250.0,100.0,2375800.0
906,2021-10-08 06:25:07,25250.0,100.0,2375700.0
907,2021-10-08 06:25:07,25250.0,1000.0,2375600.0
908,2021-10-08 06:25:07,25250.0,400.0,2374600.0
909,2021-10-08 06:25:07,25200.0,300.0,2374200.0
910,2021-10-08 06:25:03,25200.0,200.0,2373900.0
911,2021-10-08 06:24:59,25250.0,600.0,2373700.0
912,2021-10-08 06:24:59,25250.0,100.0,2373100.0
913,2021-10-08 06:24:59,25250.0,500.0,2373000.0
914,2021-10-08 06:24:59,25250.0,500.0,2372500.0
915,2021-10-08 06:24:59,25250.0,200.0,2372000.0
916,2021-10-08 06:24:59,25250.0,300.0,2371800.0
917,2021-10-08 06:24:59,25200.0,500.0,2371500.0
918,2021-10-08 06:24:59,25200.0,100.0,2371000.0
919,2021-10-08 06:24:59,25200.0,400.0,2370900.0
920,2021-10-08 06:24:59,25200.0,500.0,2370500.0
921,2021-10-08 06:24:59,25200.0,100.0,2370000.0
922,2021-10-08 06:24:59,25200.0,500.0,2369900.0
923,2021-10-08 06:24:59,25200.0,200.0,2369400.0
924,2021-10-08 06:24:59,25200.0,100.0,2369200.0
925,2021-10-08 06:24:59,25200.0,100.0,2369100.0
926,2021-10-08 06:24:59,25200.0,200.0,2369000.0
927,2021-10-08 06:24:59,25200.0,100.0,2368800.0
928,2021-10-08 06:24:51,25150.0,200.0,2368700.0
929,2021-10-08 06:24:49,25200.0,1000.0,2368500.0
930,2021-10-08 06:24:48,25200.0,1700.0,2367500.0
931,2021-10-08 06:24:48,25200.0,100.0,2365800.0
932,2021-10-08 06:24:46,25200.0,200.0,2365700.0
933,2021-10-08 06:24:46,25200.0,200.0,2365500.0
934,2021-10-08 06:24:46,25200.0,100.0,2365300.0
935,2021-10-08 06:24:46,25200.0,100.0,2365200.0
936,2021-10-08 06:24:46,25200.0,100.0,2365100.0
937,2021-10-08 06:24:45,25150.0,200.0,2365000.0
938,2021-10-08 06:24:44,25200.0,200.0,2364800.0
939,2021-10-08 06:24:44,25200.0,100.0,2364600.0
940,2021-10-08 06:24:44,25200.0,200.0,2364500.0
941,2021-10-08 06:24:44,25200.0,300.0,2364300.0
942,2021-10-08 06:24:44,25200.0,3000.0,2364000.0
943,2021-10-08 06:24:44,25200.0,500.0,2361000.0
944,2021-10-08 06:24:44,25200.0,100.0,2360500.0
945,2021-10-08 06:24:44,25200.0,100.0,2360400.0
946,2021-10-08 06:24:44,25200.0,500.0,2360300.0
947,2021-10-08 06:24:42,25150.0,1000.0,2359800.0
948,2021-10-08 06:24:37,25150.0,300.0,2358800.0
949,2021-10-08 06:24:36,25150.0,4000.0,2358500.0
950,2021-10-08 06:24:32,25150.0,100.0,2354500.0
951,2021-10-08 06:24:32,25150.0,400.0,2354400.0
952,2021-10-08 06:24:32,25150.0,500.0,2354000.0
953,2021-10-08 06:24:29,25200.0,2000.0,2353500.0
954,2021-10-08 06:24:29,25200.0,1000.0,2351500.0
955,2021-10-08 06:24:29,25200.0,1000.0,2350500.0
956,2021-10-08 06:24:29,25200.0,200.0,2349500.0
957,2021-10-08 06:24:29,25200.0,200.0,2349300.0
958,2021-10-08 06:24:29,25200.0,1000.0,2349100.0
959,2021-10-08 06:24:29,25200.0,600.0,2348100.0
960,2021-10-08 06:24:25,25150.0,3400.0,2347500.0
961,2021-10-08 06:24:23,25200.0,1900.0,2344100.0
962,2021-10-08 06:24:19,25150.0,1100.0,2342200.0
963,2021-10-08 06:24:15,25150.0,100.0,2341100.0
964,2021-10-08 06:24:14,25150.0,1400.0,2341000.0
965,2021-10-08 06:24:14,25150.0,2000.0,2339600.0
966,2021-10-08 06:24:14,25150.0,6600.0,2337600.0
967,2021-10-08 06:23:57,25150.0,2000.0,2331000.0
968,2021-10-08 06:23:56,25200.0,100.0,2329000.0
969,2021-10-08 06:23:55,25200.0,400.0,2328900.0
970,2021-10-08 06:23:55,25200.0,1000.0,2328500.0
971,2021-10-08 06:23:55,25200.0,100.0,2327500.0
972,2021-10-08 06:23:43,25200.0,1000.0,2327400.0
973,2021-10-08 06:23:37,25200.0,10000.0,2326400.0
974,2021-10-08 06:23:23,25150.0,900.0,2316400.0
975,2021-10-08 06:23:23,25150.0,100.0,2315500.0
976,2021-10-08 06:23:22,25150.0,5000.0,2315400.0
977,2021-10-08 06:23:22,25150.0,400.0,2310400.0
978,2021-10-08 06:23:17,25150.0,4300.0,2310000.0
979,2021-10-08 06:23:14,25150.0,1300.0,2305700.0
980,2021-10-08 06:23:09,25150.0,1000.0,2304400.0
981,2021-10-08 06:23:03,25150.0,500.0,2303400.0
982,2021-10-08 06:22:56,25200.0,2900.0,2302900.0
983,2021-10-08 06:22:56,25200.0,1000.0,2300000.0
984,2021-10-08 06:22:56,25200.0,100.0,2299000.0
985,2021-10-08 06:22:56,25150.0,200.0,2298900.0
986,2021-10-08 06:22:56,25150.0,100.0,2298700.0
987,2021-10-08 06:22:56,25150.0,500.0,2298600.0
988,2021-10-08 06:22:56,25150.0,200.0,2298100.0
989,2021-10-08 06:22:35,25100.0,100.0,2297900.0
990,2021-10-08 06:22:31,25100.0,100.0,2297800.0
991,2021-10-08 06:22:27,25100.0,100.0,2297700.0
992,2021-10-08 06:22:27,25100.0,100.0,2297600.0
993,2021-10-08 06:22:22,25100.0,900.0,2297500.0
994,2021-10-08 06:22:21,25100.0,300.0,2296600.0
995,2021-10-08 06:22:21,25100.0,200.0,2296300.0
996,2021-10-08 06:22:21,25100.0,300.0,2296100.0
997,2021-10-08 06:22:21,25100.0,200.0,2295800.0
998,2021-10-08 06:22:19,25100.0,500.0,2295600.0
999,2021-10-08 06:22:19,25050.0,500.0,2295100.0
1000,2021-10-08 06:22:18,25000.0,500.0,2294600.0
1001,2021-10-08 06:22:17,25100.0,6100.0,2294100.0
1002,2021-10-08 06:22:17,25100.0,200.0,2288000.0
1003,2021-10-08 06:22:17,25100.0,9700.0,2287800.0
1004,2021-10-08 06:22:17,25100.0,3000.0,2278100.0
1005,2021-10-08 06:22:17,25100.0,100.0,2275100.0
1006,2021-10-08 06:22:17,25100.0,500.0,2275000.0
1007,2021-10-08 06:22:17,25100.0,100.0,2274500.0
1008,2021-10-08 06:22:17,25100.0,200.0,2274400.0
1009,2021-10-08 06:22:17,25100.0,100.0,2274200.0
1010,2021-10-08 06:22:16,25100.0,2900.0,2274100.0
1011,2021-10-08 06:22:16,25100.0,100.0,2271200.0
1012,2021-10-08 06:22:16,25100.0,7000.0,2271100.0
1013,2021-10-08 06:22:15,25000.0,100.0,2264100.0
1014,2021-10-08 06:22:11,25100.0,1000.0,2264000.0
1015,2021-10-08 06:22:11,25100.0,100.0,2263000.0
1016,2021-10-08 06:22:11,25100.0,100.0,2262900.0
1017,2021-10-08 06:22:11,25100.0,500.0,2262800.0
1018,2021-10-08 06:22:11,25100.0,200.0,2262300.0
1019,2021-10-08 06:22:11,25100.0,100.0,2262100.0
1020,2021-10-08 06:22:07,25000.0,5000.0,2262000.0
1021,2021-10-08 06:22:02,25000.0,400.0,2257000.0
1022,2021-10-08 06:22:02,25050.0,600.0,2256600.0
1023,2021-10-08 06:22:02,25050.0,1000.0,2256000.0
1024,2021-10-08 06:22:02,25050.0,100.0,2255000.0
1025,2021-10-08 06:22:02,25050.0,200.0,2254900.0
1026,2021-10-08 06:22:02,25050.0,100.0,2254700.0
1027,2021-10-08 06:21:57,25000.0,400.0,2254600.0
1028,2021-10-08 06:21:57,25000.0,1000.0,2254200.0
1029,2021-10-08 06:21:57,25000.0,2000.0,2253200.0
1030,2021-10-08 06:21:57,25000.0,100.0,2251200.0
1031,2021-10-08 06:21:57,25000.0,100.0,2251100.0
1032,2021-10-08 06:21:57,25000.0,2000.0,2251000.0
1033,2021-10-08 06:21:57,25000.0,100.0,2249000.0
1034,2021-10-08 06:21:57,25000.0,10000.0,2248900.0
1035,2021-10-08 06:21:57,25000.0,200.0,2238900.0
1036,2021-10-08 06:21:57,25000.0,100.0,2238700.0
1037,2021-10-08 06:21:57,25000.0,400.0,2238600.0
1038,2021-10-08 06:21:57,25000.0,100.0,2238200.0
1039,2021-10-08 06:21:57,25000.0,100.0,2238100.0
1040,2021-10-08 06:21:57,25000.0,200.0,2238000.0
1041,2021-10-08 06:21:57,25000.0,100.0,2237800.0
1042,2021-10-08 06:21:57,25000.0,2000.0,2237700.0
1043,2021-10-08 06:21:57,25000.0,1000.0,2235700.0
1044,2021-10-08 06:21:57,25000.0,300.0,2234700.0
1045,2021-10-08 06:21:57,25000.0,1000.0,2234400.0
1046,2021-10-08 06:21:57,25000.0,200.0,2233400.0
1047,2021-10-08 06:21:57,25000.0,500.0,2233200.0
1048,2021-10-08 06:21:57,25000.0,200.0,2232700.0
1049,2021-10-08 06:21:57,25000.0,100.0,2232500.0
1050,2021-10-08 06:21:57,25000.0,500.0,2232400.0
1051,2021-10-08 06:21:57,25000.0,1000.0,2231900.0
1052,2021-10-08 06:21:57,25000.0,100.0,2230900.0
1053,2021-10-08 06:21:57,25000.0,400.0,2230800.0
1054,2021-10-08 06:21:57,25000.0,14100.0,2230400.0
1055,2021-10-08 06:21:56,25000.0,15900.0,2216300.0
1056,2021-10-08 06:21:56,25000.0,400.0,2200400.0
1057,2021-10-08 06:21:56,25000.0,3700.0,2200000.0
1058,2021-10-08 06:21:56,25000.0,1300.0,2196300.0
1059,2021-10-08 06:21:55,25000.0,100.0,2195000.0
1060,2021-10-08 06:21:55,25000.0,100.0,2194900.0
1061,2021-10-08 06:21:55,25000.0,500.0,2194800.0
1062,2021-10-08 06:21:55,25000.0,300.0,2194300.0
1063,2021-10-08 06:21:55,25000.0,300.0,2194000.0
1064,2021-10-08 06:21:55,25000.0,200.0,2193700.0
1065,2021-10-08 06:21:55,25000.0,200.0,2193500.0
1066,2021-10-08 06:21:55,25000.0,2600.0,2193300.0
1067,2021-10-08 06:21:55,25000.0,2200.0,2190700.0
1068,2021-10-08 06:21:55,25000.0,1000.0,2188500.0
1069,2021-10-08 06:21:55,25000.0,2500.0,2187500.0
1070,2021-10-08 06:21:55,25000.0,500.0,2185000.0
1071,2021-10-08 06:21:55,25000.0,500.0,2184500.0
1072,2021-10-08 06:21:53,25000.0,200.0,2184000.0
1073,2021-10-08 06:21:53,25000.0,1900.0,2183800.0
1074,2021-10-08 06:21:52,25000.0,100.0,2181900.0
1075,2021-10-08 06:21:52,25000.0,3000.0,2181800.0
1076,2021-10-08 06:21:52,25000.0,1000.0,2178800.0
1077,2021-10-08 06:21:52,25000.0,500.0,2177800.0
1078,2021-10-08 06:21:52,25000.0,300.0,2177300.0
1079,2021-10-08 06:21:52,25000.0,200.0,2177000.0
1080,2021-10-08 06:21:52,25000.0,2000.0,2176800.0
1081,2021-10-08 06:21:52,25000.0,1000.0,2174800.0
1082,2021-10-08 06:21:52,25000.0,1000.0,2173800.0
1083,2021-10-08 06:21:52,25000.0,900.0,2172800.0
1084,2021-10-08 06:21:50,25000.0,100.0,2171900.0
1085,2021-10-08 06:21:50,25000.0,100.0,2171800.0
1086,2021-10-08 06:21:50,25000.0,500.0,2171700.0
1087,2021-10-08 06:21:50,25000.0,3000.0,2171200.0
1088,2021-10-08 06:21:50,25000.0,600.0,2168200.0
1089,2021-10-08 06:21:50,25000.0,400.0,2167600.0
1090,2021-10-08 06:21:50,25000.0,100.0,2167200.0
1091,2021-10-08 06:21:50,25000.0,300.0,2167100.0
1092,2021-10-08 06:21:50,25000.0,1000.0,2166800.0
1093,2021-10-08 06:21:50,25000.0,200.0,2165800.0
1094,2021-10-08 06:21:50,25000.0,700.0,2165600.0
1095,2021-10-08 06:21:46,25000.0,300.0,2164900.0
1096,2021-10-08 06:21:46,25000.0,100.0,2164600.0
1097,2021-10-08 06:21:46,25000.0,1100.0,2164500.0
1098,2021-10-08 06:21:43,25000.0,900.0,2163400.0
1099,2021-10-08 06:21:43,25000.0,100.0,2162500.0
1100,2021-10-08 06:21:43,25000.0,100.0,2162400.0
1101,2021-10-08 06:21:43,25000.0,100.0,2162300.0
1102,2021-10-08 06:21:43,25000.0,100.0,2162200.0
1103,2021-10-08 06:21:43,25000.0,200.0,2162100.0
1104,2021-10-08 06:21:43,25000.0,500.0,2161900.0
1105,2021-10-08 06:21:43,25000.0,600.0,2161400.0
1106,2021-10-08 06:21:43,25000.0,900.0,2160800.0
1107,2021-10-08 06:21:43,25000.0,900.0,2159900.0
1108,2021-10-08 06:21:43,25000.0,100.0,2159000.0
1109,2021-10-08 06:21:43,25000.0,1000.0,2158900.0
1110,2021-10-08 06:21:43,25000.0,500.0,2157900.0
1111,2021-10-08 06:21:43,25000.0,4000.0,2157400.0
1112,2021-10-08 06:21:40,24950.0,2000.0,2153400.0
1113,2021-10-08 06:21:37,25000.0,5000.0,2151400.0
1114,2021-10-08 06:21:33,25000.0,1000.0,2146400.0
1115,2021-10-08 06:21:33,25000.0,1000.0,2145400.0
1116,2021-10-08 06:21:26,25000.0,100.0,2144400.0
1117,2021-10-08 06:21:26,25000.0,300.0,2144300.0
1118,2021-10-08 06:21:26,25000.0,600.0,2144000.0
1119,2021-10-08 06:21:24,25000.0,100.0,2143400.0
1120,2021-10-08 06:21:16,25000.0,300.0,2143300.0
1121,2021-10-08 06:21:16,25000.0,200.0,2143000.0
1122,2021-10-08 06:21:16,25000.0,200.0,2142800.0
1123,2021-10-08 06:21:16,25000.0,300.0,2142600.0
1124,2021-10-08 06:21:09,25000.0,200.0,2142300.0
1125,2021-10-08 06:21:00,25000.0,500.0,2142100.0
1126,2021-10-08 06:21:00,25000.0,200.0,2141600.0
1127,2021-10-08 06:21:00,25000.0,1600.0,2141400.0
1128,2021-10-08 06:21:00,25000.0,200.0,2139800.0
1129,2021-10-08 06:21:00,25000.0,100.0,2139600.0
1130,2021-10-08 06:21:00,25000.0,100.0,2139500.0
1131,2021-10-08 06:21:00,25000.0,1300.0,2139400.0
1132,2021-10-08 06:21:00,25000.0,100.0,2138100.0
1133,2021-10-08 06:21:00,25000.0,500.0,2138000.0
1134,2021-10-08 06:21:00,25000.0,400.0,2137500.0
1135,2021-10-08 06:20:56,24950.0,3000.0,2137100.0
1136,2021-10-08 06:20:53,24950.0,1500.0,2134100.0
1137,2021-10-08 06:20:29,24900.0,500.0,2132600.0
1138,2021-10-08 06:20:27,25000.0,100.0,2132100.0
1139,2021-10-08 06:20:27,25000.0,200.0,2132000.0
1140,2021-10-08 06:20:27,24950.0,100.0,2131800.0
1141,2021-10-08 06:20:27,24900.0,100.0,2131700.0
1142,2021-10-08 06:20:13,25000.0,200.0,2131600.0
1143,2021-10-08 06:20:13,25000.0,200.0,2131400.0
1144,2021-10-08 06:20:13,25000.0,200.0,2131200.0
1145,2021-10-08 06:20:13,25000.0,1900.0,2131000.0
1146,2021-10-08 06:20:13,25000.0,100.0,2129100.0
1147,2021-10-08 06:20:13,25000.0,100.0,2129000.0
1148,2021-10-08 06:20:13,25000.0,500.0,2128900.0
1149,2021-10-08 06:20:13,25000.0,300.0,2128400.0
1150,2021-10-08 06:20:13,25000.0,500.0,2128100.0
1151,2021-10-08 06:20:13,25000.0,100.0,2127600.0
1152,2021-10-08 06:20:13,25000.0,200.0,2127500.0
1153,2021-10-08 06:20:13,25000.0,100.0,2127300.0
1154,2021-10-08 06:20:13,25000.0,200.0,2127200.0
1155,2021-10-08 06:20:13,25000.0,500.0,2127000.0
1156,2021-10-08 06:20:13,24950.0,100.0,2126500.0
1157,2021-10-08 06:20:13,24950.0,200.0,2126400.0
1158,2021-10-08 06:20:13,24950.0,200.0,2126200.0
1159,2021-10-08 06:20:13,24950.0,100.0,2126000.0
1160,2021-10-08 06:20:13,24950.0,1500.0,2125900.0
1161,2021-10-08 06:20:13,24950.0,200.0,2124400.0
1162,2021-10-08 06:20:13,24950.0,2600.0,2124200.0
1163,2021-10-08 06:20:02,24950.0,1400.0,2121600.0
1164,2021-10-08 06:20:02,24950.0,300.0,2120200.0
1165,2021-10-08 06:20:02,24950.0,1000.0,2119900.0
1166,2021-10-08 06:20:02,24950.0,1000.0,2118900.0
1167,2021-10-08 06:20:02,24950.0,100.0,2117900.0
1168,2021-10-08 06:20:02,24950.0,100.0,2117800.0
1169,2021-10-08 06:20:02,24950.0,300.0,2117700.0
1170,2021-10-08 06:20:02,24950.0,500.0,2117400.0
1171,2021-10-08 06:20:02,24950.0,200.0,2116900.0
1172,2021-10-08 06:20:02,24900.0,100.0,2116700.0
1173,2021-10-08 06:19:48,24900.0,300.0,2116600.0
1174,2021-10-08 06:19:48,24900.0,400.0,2116300.0
1175,2021-10-08 06:19:48,24900.0,100.0,2115900.0
1176,2021-10-08 06:19:48,24900.0,100.0,2115800.0
1177,2021-10-08 06:19:48,24900.0,100.0,2115700.0
1178,2021-10-08 06:19:48,24900.0,400.0,2115600.0
1179,2021-10-08 06:19:48,24900.0,1000.0,2115200.0
1180,2021-10-08 06:19:48,24900.0,300.0,2114200.0
1181,2021-10-08 06:19:48,24900.0,400.0,2113900.0
1182,2021-10-08 06:19:48,24900.0,300.0,2113500.0
1183,2021-10-08 06:19:48,24900.0,100.0,2113200.0
1184,2021-10-08 06:19:48,24900.0,200.0,2113100.0
1185,2021-10-08 06:19:48,24900.0,100.0,2112900.0
1186,2021-10-08 06:19:48,24900.0,1000.0,2112800.0
1187,2021-10-08 06:19:48,24900.0,400.0,2111800.0
1188,2021-10-08 06:19:44,24900.0,200.0,2111400.0
1189,2021-10-08 06:19:44,24900.0,5000.0,2111200.0
1190,2021-10-08 06:19:44,24900.0,3400.0,2106200.0
1191,2021-10-08 06:19:35,24900.0,1600.0,2102800.0
1192,2021-10-08 06:19:35,24900.0,400.0,2101200.0
1193,2021-10-08 06:19:35,24900.0,700.0,2100800.0
1194,2021-10-08 06:19:27,24900.0,200.0,2100100.0
1195,2021-10-08 06:19:24,24850.0,2000.0,2099900.0
1196,2021-10-08 06:19:22,24900.0,1000.0,2097900.0
1197,2021-10-08 06:19:22,24900.0,200.0,2096900.0
1198,2021-10-08 06:19:22,24900.0,300.0,2096700.0
1199,2021-10-08 06:19:22,24900.0,100.0,2096400.0
1200,2021-10-08 06:19:22,24900.0,4700.0,2096300.0
1201,2021-10-08 06:19:22,24900.0,2500.0,2091600.0
1202,2021-10-08 06:19:22,24900.0,100.0,2089100.0
1203,2021-10-08 06:19:22,24900.0,500.0,2089000.0
1204,2021-10-08 06:19:22,24900.0,400.0,2088500.0
1205,2021-10-08 06:19:22,24900.0,100.0,2088100.0
1206,2021-10-08 06:19:22,24900.0,100.0,2088000.0
1207,2021-10-08 06:19:20,24900.0,500.0,2087900.0
1208,2021-10-08 06:19:20,24900.0,400.0,2087400.0
1209,2021-10-08 06:19:20,24900.0,500.0,2087000.0
1210,2021-10-08 06:19:20,24900.0,400.0,2086500.0
1211,2021-10-08 06:19:18,24850.0,300.0,2086100.0
1212,2021-10-08 06:19:14,24900.0,100.0,2085800.0
1213,2021-10-08 06:18:53,24900.0,1000.0,2085700.0
1214,2021-10-08 06:18:47,24850.0,100.0,2084700.0
1215,2021-10-08 06:18:30,24850.0,700.0,2084600.0
1216,2021-10-08 06:18:23,24850.0,500.0,2083900.0
1217,2021-10-08 06:18:23,24850.0,1000.0,2083400.0
1218,2021-10-08 06:18:23,24850.0,1500.0,2082400.0
1219,2021-10-08 06:18:23,24850.0,1000.0,2080900.0
1220,2021-10-08 06:18:23,24850.0,200.0,2079900.0
1221,2021-10-08 06:18:23,24850.0,100.0,2079700.0
1222,2021-10-08 06:18:23,24850.0,200.0,2079600.0
1223,2021-10-08 06:18:23,24850.0,200.0,2079400.0
1224,2021-10-08 06:18:23,24850.0,500.0,2079200.0
1225,2021-10-08 06:18:23,24850.0,400.0,2078700.0
1226,2021-10-08 06:18:23,24850.0,800.0,2078300.0
1227,2021-10-08 06:18:23,24850.0,500.0,2077500.0
1228,2021-10-08 06:18:23,24850.0,200.0,2077000.0
1229,2021-10-08 06:18:22,24800.0,200.0,2076800.0
1230,2021-10-08 06:18:12,24800.0,1000.0,2076600.0
1231,2021-10-08 06:18:12,24850.0,800.0,2075600.0
1232,2021-10-08 06:18:12,24850.0,100.0,2074800.0
1233,2021-10-08 06:18:12,24850.0,100.0,2074700.0
1234,2021-10-08 06:18:10,24850.0,100.0,2074600.0
1235,2021-10-08 06:18:10,24850.0,100.0,2074500.0
1236,2021-10-08 06:18:09,24800.0,500.0,2074400.0
1237,2021-10-08 06:18:06,24800.0,100.0,2073900.0
1238,2021-10-08 06:18:06,24800.0,1000.0,2073800.0
1239,2021-10-08 06:17:54,24800.0,300.0,2072800.0
1240,2021-10-08 06:17:50,24800.0,6000.0,2072500.0
1241,2021-10-08 06:17:46,24800.0,200.0,2066500.0
1242,2021-10-08 06:17:46,24800.0,200.0,2066300.0
1243,2021-10-08 06:17:46,24800.0,200.0,2066100.0
1244,2021-10-08 06:17:46,24800.0,500.0,2065900.0
1245,2021-10-08 06:17:46,24800.0,100.0,2065400.0
1246,2021-10-08 06:17:46,24800.0,600.0,2065300.0
1247,2021-10-08 06:17:46,24800.0,2000.0,2064700.0
1248,2021-10-08 06:17:46,24800.0,1500.0,2062700.0
1249,2021-10-08 06:17:46,24800.0,1000.0,2061200.0
1250,2021-10-08 06:17:46,24800.0,300.0,2060200.0
1251,2021-10-08 06:17:46,24800.0,1000.0,2059900.0
1252,2021-10-08 06:17:46,24800.0,500.0,2058900.0
1253,2021-10-08 06:17:46,24800.0,200.0,2058400.0
1254,2021-10-08 06:17:46,24800.0,1000.0,2058200.0
1255,2021-10-08 06:17:46,24800.0,300.0,2057200.0
1256,2021-10-08 06:17:46,24800.0,9300.0,2056900.0
1257,2021-10-08 06:17:30,24800.0,20700.0,2047600.0
1258,2021-10-08 06:17:30,24800.0,500.0,2026900.0
1259,2021-10-08 06:17:30,24800.0,300.0,2026400.0
1260,2021-10-08 06:17:30,24800.0,1000.0,2026100.0
1261,2021-10-08 06:17:30,24800.0,300.0,2025100.0
1262,2021-10-08 06:17:30,24800.0,100.0,2024800.0
1263,2021-10-08 06:17:30,24800.0,2000.0,2024700.0
1264,2021-10-08 06:17:30,24800.0,5000.0,2022700.0
1265,2021-10-08 06:17:30,24800.0,100.0,2017700.0
1266,2021-10-08 06:17:30,24800.0,100.0,2017600.0
1267,2021-10-08 06:17:30,24800.0,1000.0,2017500.0
1268,2021-10-08 06:17:30,24800.0,5600.0,2016500.0
1269,2021-10-08 06:17:30,24800.0,200.0,2010900.0
1270,2021-10-08 06:17:30,24800.0,100.0,2010700.0
1271,2021-10-08 06:17:30,24800.0,600.0,2010600.0
1272,2021-10-08 06:17:30,24800.0,2700.0,2010000.0
1273,2021-10-08 06:17:30,24800.0,500.0,2007300.0
1274,2021-10-08 06:17:30,24800.0,1000.0,2006800.0
1275,2021-10-08 06:17:30,24800.0,100.0,2005800.0
1276,2021-10-08 06:17:30,24800.0,500.0,2005700.0
1277,2021-10-08 06:17:30,24800.0,800.0,2005200.0
1278,2021-10-08 06:17:30,24800.0,200.0,2004400.0
1279,2021-10-08 06:17:30,24800.0,100.0,2004200.0
1280,2021-10-08 06:17:30,24800.0,200.0,2004100.0
1281,2021-10-08 06:17:30,24800.0,100.0,2003900.0
1282,2021-10-08 06:17:30,24800.0,100.0,2003800.0
1283,2021-10-08 06:17:30,24800.0,100.0,2003700.0
1284,2021-10-08 06:17:30,24800.0,300.0,2003600.0
1285,2021-10-08 06:17:30,24800.0,1000.0,2003300.0
1286,2021-10-08 06:17:30,24800.0,400.0,2002300.0
1287,2021-10-08 06:17:30,24800.0,2000.0,2001900.0
1288,2021-10-08 06:17:30,24800.0,1100.0,1999900.0
1289,2021-10-08 06:17:30,24800.0,200.0,1998800.0
1290,2021-10-08 06:17:30,24800.0,1000.0,1998600.0
1291,2021-10-08 06:17:25,24800.0,400.0,1997600.0
1292,2021-10-08 06:17:25,24800.0,200.0,1997200.0
1293,2021-10-08 06:17:25,24800.0,200.0,1997000.0
1294,2021-10-08 06:17:25,24800.0,500.0,1996800.0
1295,2021-10-08 06:17:25,24800.0,100.0,1996300.0
1296,2021-10-08 06:17:25,24800.0,200.0,1996200.0
1297,2021-10-08 06:17:25,24800.0,300.0,1996000.0
1298,2021-10-08 06:17:25,24800.0,600.0,1995700.0
1299,2021-10-08 06:16:58,24800.0,400.0,1995100.0
1300,2021-10-08 06:16:58,24800.0,100.0,1994700.0
1301,2021-10-08 06:16:58,24800.0,100.0,1994600.0
1302,2021-10-08 06:16:58,24800.0,800.0,1994500.0
1303,2021-10-08 06:16:56,24750.0,3000.0,1993700.0
1304,2021-10-08 06:16:51,24750.0,100.0,1990700.0
1305,2021-10-08 06:16:30,24750.0,1000.0,1990600.0
1306,2021-10-08 06:15:36,24750.0,300.0,1989600.0
1307,2021-10-08 06:14:25,24750.0,1500.0,1989300.0
1308,2021-10-08 06:14:18,24750.0,500.0,1987800.0
1309,2021-10-08 06:14:18,24750.0,100.0,1987300.0
1310,2021-10-08 06:14:18,24750.0,400.0,1987200.0
1311,2021-10-08 06:14:13,24750.0,1000.0,1986800.0
1312,2021-10-08 06:13:36,24750.0,600.0,1985800.0
1313,2021-10-08 06:13:36,24750.0,500.0,1985200.0
1314,2021-10-08 06:13:36,24750.0,1000.0,1984700.0
1315,2021-10-08 06:13:36,24750.0,2900.0,1983700.0
1316,2021-10-08 06:13:28,24750.0,100.0,1980800.0
1317,2021-10-08 06:13:23,24750.0,3000.0,1980700.0
1318,2021-10-08 06:12:45,24750.0,300.0,1977700.0
1319,2021-10-08 06:12:32,24750.0,100.0,1977400.0
1320,2021-10-08 06:12:32,24750.0,2000.0,1977300.0
1321,2021-10-08 06:12:32,24750.0,100.0,1975300.0
1322,2021-10-08 06:12:32,24750.0,600.0,1975200.0
1323,2021-10-08 06:12:32,24750.0,300.0,1974600.0
1324,2021-10-08 06:12:32,24750.0,1000.0,1974300.0
1325,2021-10-08 06:12:32,24750.0,500.0,1973300.0
1326,2021-10-08 06:12:32,24750.0,100.0,1972800.0
1327,2021-10-08 06:12:32,24750.0,100.0,1972700.0
1328,2021-10-08 06:12:32,24750.0,100.0,1972600.0
1329,2021-10-08 06:12:32,24750.0,1000.0,1972500.0
1330,2021-10-08 06:12:32,24750.0,5700.0,1971500.0
1331,2021-10-08 06:12:32,24750.0,1000.0,1965800.0
1332,2021-10-08 06:12:32,24750.0,1100.0,1964800.0
1333,2021-10-08 06:12:23,24700.0,500.0,1963700.0
1334,2021-10-08 06:12:22,24750.0,300.0,1963200.0
1335,2021-10-08 06:11:37,24750.0,100.0,1962900.0
1336,2021-10-08 06:10:50,24750.0,800.0,1962800.0
1337,2021-10-08 06:10:09,24750.0,1100.0,1962000.0
1338,2021-10-08 06:09:44,24750.0,3600.0,1960900.0
1339,2021-10-08 06:09:44,24750.0,1000.0,1957300.0
1340,2021-10-08 06:09:44,24750.0,400.0,1956300.0
1341,2021-10-08 06:09:43,24700.0,9000.0,1955900.0
1342,2021-10-08 06:09:39,24750.0,100.0,1946900.0
1343,2021-10-08 06:09:39,24750.0,100.0,1946800.0
1344,2021-10-08 06:09:39,24750.0,300.0,1946700.0
1345,2021-10-08 06:09:39,24750.0,2500.0,1946400.0
1346,2021-10-08 06:09:27,24750.0,2500.0,1943900.0
1347,2021-10-08 06:09:27,24750.0,100.0,1941400.0
1348,2021-10-08 06:09:27,24750.0,400.0,1941300.0
1349,2021-10-08 06:09:18,24700.0,100.0,1940900.0
1350,2021-10-08 06:09:06,24750.0,100.0,1940800.0
1351,2021-10-08 06:09:06,24750.0,100.0,1940700.0
1352,2021-10-08 06:09:03,24750.0,300.0,1940600.0
1353,2021-10-08 06:08:59,24750.0,4600.0,1940300.0
1354,2021-10-08 06:08:59,24750.0,400.0,1935700.0
1355,2021-10-08 06:08:54,24700.0,1400.0,1935300.0
1356,2021-10-08 06:08:54,24700.0,100.0,1933900.0
1357,2021-10-08 06:08:54,24700.0,500.0,1933800.0
1358,2021-10-08 06:08:36,24700.0,5000.0,1933300.0
1359,2021-10-08 06:08:32,24700.0,100.0,1928300.0
1360,2021-10-08 06:08:29,24750.0,100.0,1928200.0
1361,2021-10-08 06:08:22,24700.0,2000.0,1928100.0
1362,2021-10-08 06:08:11,24700.0,100.0,1926100.0
1363,2021-10-08 06:08:11,24700.0,100.0,1926000.0
1364,2021-10-08 06:08:11,24700.0,1000.0,1925900.0
1365,2021-10-08 06:08:11,24700.0,1100.0,1924900.0
1366,2021-10-08 06:08:11,24700.0,2000.0,1923800.0
1367,2021-10-08 06:08:11,24700.0,200.0,1921800.0
1368,2021-10-08 06:08:11,24700.0,800.0,1921600.0
1369,2021-10-08 06:08:11,24700.0,500.0,1920800.0
1370,2021-10-08 06:08:11,24700.0,1400.0,1920300.0
1371,2021-10-08 06:08:11,24700.0,2000.0,1918900.0
1372,2021-10-08 06:08:11,24700.0,1900.0,1916900.0
1373,2021-10-08 06:08:11,24700.0,1300.0,1915000.0
1374,2021-10-08 06:08:09,24650.0,500.0,1913700.0
1375,2021-10-08 06:08:07,24650.0,400.0,1913200.0
1376,2021-10-08 06:07:26,24650.0,1100.0,1912800.0
1377,2021-10-08 06:06:02,24700.0,100.0,1911700.0
1378,2021-10-08 06:05:39,24700.0,100.0,1911600.0
1379,2021-10-08 06:05:30,24700.0,100.0,1911500.0
1380,2021-10-08 06:05:26,24700.0,100.0,1911400.0
1381,2021-10-08 06:05:26,24700.0,100.0,1911300.0
1382,2021-10-08 06:05:26,24700.0,200.0,1911200.0
1383,2021-10-08 06:05:26,24700.0,500.0,1911000.0
1384,2021-10-08 06:05:26,24700.0,100.0,1910500.0
1385,2021-10-08 06:04:37,24700.0,200.0,1910400.0
1386,2021-10-08 06:04:36,24700.0,3700.0,1910200.0
1387,2021-10-08 06:04:36,24700.0,1300.0,1906500.0
1388,2021-10-08 06:04:29,24700.0,100.0,1905200.0
1389,2021-10-08 06:04:22,24700.0,500.0,1905100.0
1390,2021-10-08 06:02:12,24700.0,400.0,1904600.0
1391,2021-10-08 06:01:27,24700.0,1500.0,1904200.0
1392,2021-10-08 06:00:20,24700.0,1100.0,1902700.0
1393,2021-10-08 06:00:20,24700.0,100.0,1901600.0
1394,2021-10-08 06:00:18,24700.0,100.0,1901500.0
1395,2021-10-08 06:00:17,24700.0,100.0,1901400.0
1396,2021-10-08 06:00:17,24700.0,100.0,1901300.0
1397,2021-10-08 06:00:17,24700.0,200.0,1901200.0
1398,2021-10-08 06:00:14,24700.0,500.0,1901000.0
1399,2021-10-08 06:00:13,24700.0,100.0,1900500.0
1400,2021-10-08 06:00:12,24700.0,100.0,1900400.0
1401,2021-10-08 06:00:10,24650.0,2000.0,1900300.0
1402,2021-10-08 06:00:06,24700.0,400.0,1898300.0
1403,2021-10-08 06:00:06,24700.0,200.0,1897900.0
1404,2021-10-08 06:00:06,24700.0,200.0,1897700.0
1405,2021-10-08 06:00:06,24700.0,1200.0,1897500.0
1406,2021-10-08 06:00:03,24700.0,100.0,1896300.0
1407,2021-10-08 06:00:01,24700.0,1200.0,1896200.0
1408,2021-10-08 06:00:01,24700.0,200.0,1895000.0
1409,2021-10-08 06:00:01,24700.0,3000.0,1894800.0
1410,2021-10-08 06:00:01,24700.0,200.0,1891800.0
1411,2021-10-08 06:00:01,24700.0,400.0,1891600.0
1412,2021-10-08 06:00:00,24650.0,400.0,1891200.0
1413,2021-10-08 04:29:56,24700.0,500.0,1890800.0
1414,2021-10-08 04:29:50,24700.0,500.0,1890300.0
1415,2021-10-08 04:29:40,24700.0,1000.0,1889800.0
1416,2021-10-08 04:29:40,24700.0,19000.0,1888800.0
1417,2021-10-08 04:29:38,24700.0,1000.0,1869800.0
1418,2021-10-08 04:29:22,24700.0,1000.0,1868800.0
1419,2021-10-08 04:29:20,24700.0,1800.0,1867800.0
1420,2021-10-08 04:28:59,24700.0,500.0,1866000.0
1421,2021-10-08 04:28:46,24700.0,100.0,1865500.0
1422,2021-10-08 04:28:35,24700.0,100.0,1865400.0
1423,2021-10-08 04:28:23,24700.0,700.0,1865300.0
1424,2021-10-08 04:28:21,24700.0,16400.0,1864600.0
1425,2021-10-08 04:27:40,24700.0,200.0,1848200.0
1426,2021-10-08 04:26:52,24700.0,300.0,1848000.0
1427,2021-10-08 04:26:24,24700.0,200.0,1847700.0
1428,2021-10-08 04:26:13,24700.0,100.0,1847500.0
1429,2021-10-08 04:26:13,24700.0,700.0,1847400.0
1430,2021-10-08 04:25:52,24700.0,100.0,1846700.0
1431,2021-10-08 04:25:52,24700.0,900.0,1846600.0
1432,2021-10-08 04:25:48,24700.0,100.0,1845700.0
1433,2021-10-08 04:25:45,24700.0,100.0,1845600.0
1434,2021-10-08 04:25:45,24700.0,2300.0,1845500.0
1435,2021-10-08 04:25:16,24700.0,16600.0,1843200.0
1436,2021-10-08 04:25:16,24700.0,2000.0,1826600.0
1437,2021-10-08 04:25:16,24700.0,1400.0,1824600.0
1438,2021-10-08 04:25:00,24750.0,1000.0,1823200.0
1439,2021-10-08 04:24:35,24750.0,300.0,1822200.0
1440,2021-10-08 04:24:27,24750.0,800.0,1821900.0
1441,2021-10-08 04:24:24,24750.0,2000.0,1821100.0
1442,2021-10-08 04:24:06,24750.0,800.0,1819100.0
1443,2021-10-08 04:24:06,24750.0,100.0,1818300.0
1444,2021-10-08 04:24:06,24750.0,5300.0,1818200.0
1445,2021-10-08 04:24:03,24750.0,500.0,1812900.0
1446,2021-10-08 04:23:37,24800.0,200.0,1812400.0
1447,2021-10-08 04:23:37,24800.0,400.0,1812200.0
1448,2021-10-08 04:23:37,24800.0,200.0,1811800.0
1449,2021-10-08 04:23:37,24800.0,200.0,1811600.0
1450,2021-10-08 04:23:28,24800.0,100.0,1811400.0
1451,2021-10-08 04:23:10,24750.0,7000.0,1811300.0
1452,2021-10-08 04:23:10,24750.0,3000.0,1804300.0
1453,2021-10-08 04:23:10,24750.0,300.0,1801300.0
1454,2021-10-08 04:23:10,24750.0,100.0,1801000.0
1455,2021-10-08 04:23:10,24750.0,300.0,1800900.0
1456,2021-10-08 04:23:10,24750.0,1000.0,1800600.0
1457,2021-10-08 04:23:10,24750.0,500.0,1799600.0
1458,2021-10-08 04:23:10,24750.0,1700.0,1799100.0
1459,2021-10-08 04:23:10,24750.0,100.0,1797400.0
1460,2021-10-08 04:23:10,24750.0,100.0,1797300.0
1461,2021-10-08 04:23:10,24750.0,100.0,1797200.0
1462,2021-10-08 04:23:07,24750.0,100.0,1797100.0
1463,2021-10-08 04:23:07,24750.0,200.0,1797000.0
1464,2021-10-08 04:23:07,24750.0,600.0,1796800.0
1465,2021-10-08 04:23:06,24750.0,100.0,1796200.0
1466,2021-10-08 04:23:06,24750.0,200.0,1796100.0
1467,2021-10-08 04:23:06,24750.0,300.0,1795900.0
1468,2021-10-08 04:23:06,24750.0,400.0,1795600.0
1469,2021-10-08 04:22:59,24750.0,200.0,1795200.0
1470,2021-10-08 04:22:59,24750.0,800.0,1795000.0
1471,2021-10-08 04:22:08,24750.0,500.0,1794200.0
1472,2021-10-08 04:22:08,24750.0,600.0,1793700.0
1473,2021-10-08 04:22:05,24700.0,1400.0,1793100.0
1474,2021-10-08 04:22:05,24700.0,1600.0,1791700.0
1475,2021-10-08 04:21:48,24750.0,100.0,1790100.0
1476,2021-10-08 04:21:48,24750.0,500.0,1790000.0
1477,2021-10-08 04:21:07,24750.0,100.0,1789500.0
1478,2021-10-08 04:20:57,24750.0,2000.0,1789400.0
1479,2021-10-08 04:20:50,24700.0,300.0,1787400.0
1480,2021-10-08 04:20:44,24700.0,100.0,1787100.0
1481,2021-10-08 04:20:44,24700.0,5000.0,1787000.0
1482,2021-10-08 04:20:44,24700.0,100.0,1782000.0
1483,2021-10-08 04:20:44,24700.0,3000.0,1781900.0
1484,2021-10-08 04:20:44,24700.0,100.0,1778900.0
1485,2021-10-08 04:20:44,24700.0,100.0,1778800.0
1486,2021-10-08 04:20:44,24700.0,2100.0,1778700.0
1487,2021-10-08 04:20:44,24700.0,500.0,1776600.0
1488,2021-10-08 04:20:44,24700.0,1500.0,1776100.0
1489,2021-10-08 04:20:44,24700.0,300.0,1774600.0
1490,2021-10-08 04:20:44,24700.0,100.0,1774300.0
1491,2021-10-08 04:20:44,24700.0,200.0,1774200.0
1492,2021-10-08 04:20:44,24700.0,5000.0,1774000.0
1493,2021-10-08 04:20:41,24700.0,12000.0,1769000.0
1494,2021-10-08 04:20:41,24700.0,400.0,1757000.0
1495,2021-10-08 04:20:41,24700.0,300.0,1756600.0
1496,2021-10-08 04:20:41,24700.0,200.0,1756300.0
1497,2021-10-08 04:20:41,24700.0,500.0,1756100.0
1498,2021-10-08 04:20:41,24700.0,300.0,1755600.0
1499,2021-10-08 04:20:41,24700.0,5000.0,1755300.0
1500,2021-10-08 04:20:41,24700.0,1300.0,1750300.0
1501,2021-10-08 04:20:23,24650.0,100.0,1749000.0
1502,2021-10-08 04:20:23,24650.0,5000.0,1748900.0
1503,2021-10-08 04:20:23,24650.0,100.0,1743900.0
1504,2021-10-08 04:20:23,24650.0,100.0,1743800.0
1505,2021-10-08 04:20:23,24650.0,2500.0,1743700.0
1506,2021-10-08 04:20:23,24650.0,100.0,1741200.0
1507,2021-10-08 04:20:23,24650.0,300.0,1741100.0
1508,2021-10-08 04:20:23,24650.0,500.0,1740800.0
1509,2021-10-08 04:20:23,24650.0,100.0,1740300.0
1510,2021-10-08 04:20:23,24650.0,100.0,1740200.0
1511,2021-10-08 04:20:18,24650.0,900.0,1740100.0
1512,2021-10-08 04:20:18,24650.0,700.0,1739200.0
1513,2021-10-08 04:20:01,24600.0,1000.0,1738500.0
1514,2021-10-08 04:19:53,24650.0,100.0,1737500.0
1515,2021-10-08 04:19:43,24600.0,100.0,1737400.0
1516,2021-10-08 04:19:21,24600.0,300.0,1737300.0
1517,2021-10-08 04:19:21,24600.0,100.0,1737000.0
1518,2021-10-08 04:18:48,24600.0,200.0,1736900.0
1519,2021-10-08 04:18:35,24600.0,100.0,1736700.0
1520,2021-10-08 04:18:35,24600.0,2500.0,1736600.0
1521,2021-10-08 04:18:35,24600.0,500.0,1734100.0
1522,2021-10-08 04:18:35,24600.0,500.0,1733600.0
1523,2021-10-08 04:18:35,24600.0,1300.0,1733100.0
1524,2021-10-08 04:18:32,24600.0,700.0,1731800.0
1525,2021-10-08 04:18:32,24600.0,2000.0,1731100.0
1526,2021-10-08 04:18:32,24600.0,5600.0,1729100.0
1527,2021-10-08 04:18:32,24600.0,2000.0,1723500.0
1528,2021-10-08 04:18:32,24600.0,3400.0,1721500.0
1529,2021-10-08 04:18:32,24600.0,400.0,1718100.0
1530,2021-10-08 04:18:32,24600.0,2000.0,1717700.0
1531,2021-10-08 04:18:32,24600.0,100.0,1715700.0
1532,2021-10-08 04:18:32,24600.0,400.0,1715600.0
1533,2021-10-08 04:18:32,24600.0,100.0,1715200.0
1534,2021-10-08 04:18:32,24600.0,100.0,1715100.0
1535,2021-10-08 04:18:32,24600.0,2000.0,1715000.0
1536,2021-10-08 04:18:32,24600.0,1200.0,1713000.0
1537,2021-10-08 04:18:23,24600.0,400.0,1711800.0
1538,2021-10-08 04:18:13,24600.0,100.0,1711400.0
1539,2021-10-08 04:17:25,24550.0,8800.0,1711300.0
1540,2021-10-08 04:17:25,24550.0,100.0,1702500.0
1541,2021-10-08 04:17:25,24550.0,100.0,1702400.0
1542,2021-10-08 04:17:25,24550.0,1000.0,1702300.0
1543,2021-10-08 04:17:19,24550.0,100.0,1701300.0
1544,2021-10-08 04:16:57,24550.0,500.0,1701200.0
1545,2021-10-08 04:16:20,24550.0,200.0,1700700.0
1546,2021-10-08 04:15:08,24550.0,1000.0,1700500.0
1547,2021-10-08 04:15:07,24550.0,800.0,1699500.0
1548,2021-10-08 04:14:43,24550.0,100.0,1698700.0
1549,2021-10-08 04:14:23,24550.0,1000.0,1698600.0
1550,2021-10-08 04:14:19,24550.0,1000.0,1697600.0
1551,2021-10-08 04:14:19,24550.0,4300.0,1696600.0
1552,2021-10-08 04:14:19,24550.0,200.0,1692300.0
1553,2021-10-08 04:14:19,24550.0,100.0,1692100.0
1554,2021-10-08 04:14:19,24550.0,400.0,1692000.0
1555,2021-10-08 04:13:51,24550.0,200.0,1691600.0
1556,2021-10-08 04:13:43,24550.0,100.0,1691400.0
1557,2021-10-08 04:13:42,24550.0,1300.0,1691300.0
1558,2021-10-08 04:13:42,24550.0,600.0,1690000.0
1559,2021-10-08 04:13:21,24550.0,500.0,1689400.0
1560,2021-10-08 04:13:02,24550.0,100.0,1688900.0
1561,2021-10-08 04:12:44,24550.0,1000.0,1688800.0
1562,2021-10-08 04:12:44,24550.0,2100.0,1687800.0
1563,2021-10-08 04:12:44,24550.0,200.0,1685700.0
1564,2021-10-08 04:12:44,24550.0,500.0,1685500.0
1565,2021-10-08 04:12:44,24550.0,2000.0,1685000.0
1566,2021-10-08 04:12:44,24550.0,200.0,1683000.0
1567,2021-10-08 04:12:44,24550.0,1000.0,1682800.0
1568,2021-10-08 04:12:44,24550.0,2700.0,1681800.0
1569,2021-10-08 04:12:14,24550.0,2300.0,1679100.0
1570,2021-10-08 04:12:14,24550.0,7700.0,1676800.0
1571,2021-10-08 04:12:07,24550.0,7400.0,1669100.0
1572,2021-10-08 04:12:07,24550.0,1500.0,1661700.0
1573,2021-10-08 04:12:07,24550.0,1000.0,1660200.0
1574,2021-10-08 04:12:07,24550.0,100.0,1659200.0
1575,2021-10-08 04:11:31,24550.0,100.0,1659100.0
1576,2021-10-08 04:11:02,24550.0,300.0,1659000.0
1577,2021-10-08 04:11:02,24550.0,200.0,1658700.0
1578,2021-10-08 04:10:22,24550.0,1000.0,1658500.0
1579,2021-10-08 04:10:16,24550.0,1000.0,1657500.0
1580,2021-10-08 04:10:12,24550.0,7800.0,1656500.0
1581,2021-10-08 04:10:12,24550.0,2000.0,1648700.0
1582,2021-10-08 04:10:12,24550.0,200.0,1646700.0
1583,2021-10-08 04:10:11,24550.0,100.0,1646500.0
1584,2021-10-08 04:10:11,24550.0,100.0,1646400.0
1585,2021-10-08 04:09:38,24550.0,500.0,1646300.0
1586,2021-10-08 04:09:26,24550.0,400.0,1645800.0
1587,2021-10-08 04:09:26,24550.0,200.0,1645400.0
1588,2021-10-08 04:09:05,24550.0,1000.0,1645200.0
1589,2021-10-08 04:09:00,24550.0,500.0,1644200.0
1590,2021-10-08 04:08:54,24550.0,1100.0,1643700.0
1591,2021-10-08 04:08:53,24550.0,7200.0,1642600.0
1592,2021-10-08 04:08:50,24550.0,7400.0,1635400.0
1593,2021-10-08 04:08:50,24550.0,2600.0,1628000.0
1594,2021-10-08 04:08:42,24550.0,100.0,1625400.0
1595,2021-10-08 04:08:28,24550.0,1600.0,1625300.0
1596,2021-10-08 04:08:26,24550.0,1000.0,1623700.0
1597,2021-10-08 04:07:57,24550.0,1000.0,1622700.0
1598,2021-10-08 04:07:48,24550.0,5000.0,1621700.0
1599,2021-10-08 04:07:48,24550.0,1400.0,1616700.0
1600,2021-10-08 04:07:38,24550.0,1300.0,1615300.0
1601,2021-10-08 04:07:38,24550.0,200.0,1614000.0
1602,2021-10-08 04:07:38,24550.0,8500.0,1613800.0
1603,2021-10-08 04:07:30,24550.0,10000.0,1605300.0
1604,2021-10-08 04:07:21,24550.0,100.0,1595300.0
1605,2021-10-08 04:07:04,24550.0,1000.0,1595200.0
1606,2021-10-08 04:07:04,24550.0,200.0,1594200.0
1607,2021-10-08 04:07:04,24550.0,1000.0,1594000.0
1608,2021-10-08 04:07:04,24550.0,9200.0,1593000.0
1609,2021-10-08 04:06:59,24550.0,16800.0,1583800.0
1610,2021-10-08 04:06:59,24550.0,100.0,1567000.0
1611,2021-10-08 04:06:59,24550.0,1200.0,1566900.0
1612,2021-10-08 04:06:57,24550.0,5000.0,1565700.0
1613,2021-10-08 04:06:53,24550.0,700.0,1560700.0
1614,2021-10-08 04:06:53,24550.0,200.0,1560000.0
1615,2021-10-08 04:06:53,24550.0,100.0,1559800.0
1616,2021-10-08 04:06:53,24550.0,2000.0,1559700.0
1617,2021-10-08 04:06:53,24550.0,1500.0,1557700.0
1618,2021-10-08 04:06:53,24550.0,100.0,1556200.0
1619,2021-10-08 04:06:53,24550.0,400.0,1556100.0
1620,2021-10-08 04:06:44,24550.0,600.0,1555700.0
1621,2021-10-08 04:06:44,24550.0,2400.0,1555100.0
1622,2021-10-08 04:06:38,24550.0,1000.0,1552700.0
1623,2021-10-08 04:05:56,24550.0,400.0,1551700.0
1624,2021-10-08 04:05:52,24550.0,500.0,1551300.0
1625,2021-10-08 04:05:50,24550.0,900.0,1550800.0
1626,2021-10-08 04:05:50,24550.0,100.0,1549900.0
1627,2021-10-08 04:05:39,24550.0,2000.0,1549800.0
1628,2021-10-08 04:05:26,24550.0,400.0,1547800.0
1629,2021-10-08 04:05:16,24600.0,300.0,1547400.0
1630,2021-10-08 04:05:16,24600.0,100.0,1547100.0
1631,2021-10-08 04:05:16,24600.0,100.0,1547000.0
1632,2021-10-08 04:05:11,24600.0,100.0,1546900.0
1633,2021-10-08 04:05:11,24600.0,400.0,1546800.0
1634,2021-10-08 04:05:02,24600.0,100.0,1546400.0
1635,2021-10-08 04:04:45,24550.0,500.0,1546300.0
1636,2021-10-08 04:04:34,24550.0,100.0,1545800.0
1637,2021-10-08 04:04:27,24550.0,200.0,1545700.0
1638,2021-10-08 04:04:27,24550.0,3000.0,1545500.0
1639,2021-10-08 04:04:25,24550.0,2000.0,1542500.0
1640,2021-10-08 04:04:16,24550.0,300.0,1540500.0
1641,2021-10-08 04:04:08,24550.0,400.0,1540200.0
1642,2021-10-08 04:03:51,24550.0,100.0,1539800.0
1643,2021-10-08 04:03:20,24600.0,500.0,1539700.0
1644,2021-10-08 04:03:16,24550.0,5700.0,1539200.0
1645,2021-10-08 04:03:16,24550.0,100.0,1533500.0
1646,2021-10-08 04:03:16,24550.0,1200.0,1533400.0
1647,2021-10-08 04:03:11,24550.0,100.0,1532200.0
1648,2021-10-08 04:03:04,24550.0,200.0,1532100.0
1649,2021-10-08 04:03:04,24550.0,100.0,1531900.0
1650,2021-10-08 04:03:04,24550.0,100.0,1531800.0
1651,2021-10-08 04:03:04,24550.0,300.0,1531700.0
1652,2021-10-08 04:02:53,24550.0,1000.0,1531400.0
1653,2021-10-08 04:02:47,24550.0,1000.0,1530400.0
1654,2021-10-08 04:02:44,24550.0,100.0,1529400.0
1655,2021-10-08 04:02:33,24550.0,1100.0,1529300.0
1656,2021-10-08 04:02:19,24550.0,5000.0,1528200.0
1657,2021-10-08 04:02:10,24550.0,200.0,1523200.0
1658,2021-10-08 04:02:09,24550.0,100.0,1523000.0
1659,2021-10-08 04:02:09,24550.0,1000.0,1522900.0
1660,2021-10-08 04:02:09,24550.0,2000.0,1521900.0
1661,2021-10-08 04:02:09,24550.0,500.0,1519900.0
1662,2021-10-08 04:02:09,24550.0,1000.0,1519400.0
1663,2021-10-08 04:02:09,24550.0,2100.0,1518400.0
1664,2021-10-08 04:02:09,24550.0,4500.0,1516300.0
1665,2021-10-08 04:01:59,24500.0,700.0,1511800.0
1666,2021-10-08 04:01:59,24500.0,300.0,1511100.0
1667,2021-10-08 04:01:59,24500.0,2000.0,1510800.0
1668,2021-10-08 04:01:59,24500.0,200.0,1508800.0
1669,2021-10-08 04:01:59,24500.0,300.0,1508600.0
1670,2021-10-08 04:01:59,24500.0,1000.0,1508300.0
1671,2021-10-08 04:01:59,24500.0,500.0,1507300.0
1672,2021-10-08 04:01:58,24500.0,100.0,1506800.0
1673,2021-10-08 04:01:58,24500.0,400.0,1506700.0
1674,2021-10-08 04:01:58,24500.0,100.0,1506300.0
1675,2021-10-08 04:01:58,24500.0,100.0,1506200.0
1676,2021-10-08 04:01:58,24500.0,200.0,1506100.0
1677,2021-10-08 04:01:58,24500.0,100.0,1505900.0
1678,2021-10-08 04:01:58,24500.0,300.0,1505800.0
1679,2021-10-08 04:01:58,24500.0,100.0,1505500.0
1680,2021-10-08 04:01:58,24500.0,100.0,1505400.0
1681,2021-10-08 04:01:58,24500.0,400.0,1505300.0
1682,2021-10-08 04:01:58,24500.0,200.0,1504900.0
1683,2021-10-08 04:01:58,24500.0,800.0,1504700.0
1684,2021-10-08 04:01:58,24500.0,100.0,1503900.0
1685,2021-10-08 04:01:58,24500.0,100.0,1503800.0
1686,2021-10-08 04:01:54,24500.0,100.0,1503700.0
1687,2021-10-08 04:01:54,24500.0,100.0,1503600.0
1688,2021-10-08 04:01:54,24500.0,1000.0,1503500.0
1689,2021-10-08 04:01:54,24500.0,200.0,1502500.0
1690,2021-10-08 04:01:54,24500.0,1000.0,1502300.0
1691,2021-10-08 04:01:54,24500.0,500.0,1501300.0
1692,2021-10-08 04:01:54,24500.0,1000.0,1500800.0
1693,2021-10-08 04:01:54,24500.0,100.0,1499800.0
1694,2021-10-08 04:01:54,24500.0,100.0,1499700.0
1695,2021-10-08 04:01:54,24500.0,400.0,1499600.0
1696,2021-10-08 04:01:54,24500.0,200.0,1499200.0
1697,2021-10-08 04:01:54,24500.0,500.0,1499000.0
1698,2021-10-08 04:01:54,24500.0,500.0,1498500.0
1699,2021-10-08 04:01:54,24500.0,500.0,1498000.0
1700,2021-10-08 04:01:54,24500.0,5000.0,1497500.0
1701,2021-10-08 04:01:54,24500.0,100.0,1492500.0
1702,2021-10-08 04:01:54,24500.0,100.0,1492400.0
1703,2021-10-08 04:01:54,24500.0,4000.0,1492300.0
1704,2021-10-08 04:01:54,24500.0,1000.0,1488300.0
1705,2021-10-08 04:01:54,24500.0,500.0,1487300.0
1706,2021-10-08 04:01:54,24500.0,100.0,1486800.0
1707,2021-10-08 04:01:54,24500.0,100.0,1486700.0
1708,2021-10-08 04:01:54,24500.0,3000.0,1486600.0
1709,2021-10-08 04:01:54,24500.0,200.0,1483600.0
1710,2021-10-08 04:01:54,24500.0,300.0,1483400.0
1711,2021-10-08 04:01:54,24500.0,100.0,1483100.0
1712,2021-10-08 04:01:54,24500.0,300.0,1483000.0
1713,2021-10-08 04:01:54,24500.0,200.0,1482700.0
1714,2021-10-08 04:01:54,24500.0,500.0,1482500.0
1715,2021-10-08 04:01:54,24500.0,5000.0,1482000.0
1716,2021-10-08 04:01:54,24500.0,100.0,1477000.0
1717,2021-10-08 04:01:54,24500.0,100.0,1476900.0
1718,2021-10-08 04:01:54,24500.0,2000.0,1476800.0
1719,2021-10-08 04:01:54,24500.0,100.0,1474800.0
1720,2021-10-08 04:01:54,24500.0,200.0,1474700.0
1721,2021-10-08 04:01:54,24500.0,100.0,1474500.0
1722,2021-10-08 04:01:54,24500.0,100.0,1474400.0
1723,2021-10-08 04:01:54,24500.0,300.0,1474300.0
1724,2021-10-08 04:01:54,24500.0,1000.0,1474000.0
1725,2021-10-08 04:01:54,24500.0,500.0,1473000.0
1726,2021-10-08 04:01:54,24500.0,100.0,1472500.0
1727,2021-10-08 04:01:54,24500.0,2000.0,1472400.0
1728,2021-10-08 04:01:54,24500.0,1000.0,1470400.0
1729,2021-10-08 04:01:54,24500.0,3000.0,1469400.0
1730,2021-10-08 04:01:54,24500.0,100.0,1466400.0
1731,2021-10-08 04:01:54,24500.0,200.0,1466300.0
1732,2021-10-08 04:01:54,24500.0,100.0,1466100.0
1733,2021-10-08 04:01:54,24500.0,5000.0,1466000.0
1734,2021-10-08 04:01:54,24500.0,200.0,1461000.0
1735,2021-10-08 04:01:54,24500.0,500.0,1460800.0
1736,2021-10-08 04:01:54,24500.0,1000.0,1460300.0
1737,2021-10-08 04:01:54,24500.0,1000.0,1459300.0
1738,2021-10-08 04:01:54,24500.0,200.0,1458300.0
1739,2021-10-08 04:01:54,24500.0,400.0,1458100.0
1740,2021-10-08 04:01:54,24500.0,2000.0,1457700.0
1741,2021-10-08 04:01:54,24500.0,2000.0,1455700.0
1742,2021-10-08 04:01:54,24500.0,300.0,1453700.0
1743,2021-10-08 04:01:54,24500.0,2000.0,1453400.0
1744,2021-10-08 04:01:51,24500.0,100.0,1451400.0
1745,2021-10-08 04:01:50,24500.0,100.0,1451300.0
1746,2021-10-08 04:01:50,24500.0,3800.0,1451200.0
1747,2021-10-08 04:01:46,24500.0,3000.0,1447400.0
1748,2021-10-08 04:01:38,24500.0,300.0,1444400.0
1749,2021-10-08 04:01:38,24550.0,100.0,1444100.0
1750,2021-10-08 04:01:35,24550.0,100.0,1444000.0
1751,2021-10-08 04:01:26,24550.0,100.0,1443900.0
1752,2021-10-08 04:01:24,24500.0,200.0,1443800.0
1753,2021-10-08 04:01:13,24500.0,700.0,1443600.0
1754,2021-10-08 04:01:11,24500.0,5000.0,1442900.0
1755,2021-10-08 04:01:07,24500.0,500.0,1437900.0
1756,2021-10-08 04:01:07,24500.0,200.0,1437400.0
1757,2021-10-08 04:00:58,24500.0,500.0,1437200.0
1758,2021-10-08 04:00:57,24500.0,200.0,1436700.0
1759,2021-10-08 04:00:56,24500.0,3400.0,1436500.0
1760,2021-10-08 04:00:56,24500.0,100.0,1433100.0
1761,2021-10-08 04:00:56,24500.0,1000.0,1433000.0
1762,2021-10-08 04:00:56,24500.0,500.0,1432000.0
1763,2021-10-08 04:00:56,24550.0,100.0,1431500.0
1764,2021-10-08 04:00:45,24550.0,100.0,1431400.0
1765,2021-10-08 04:00:43,24550.0,900.0,1431300.0
1766,2021-10-08 04:00:43,24550.0,100.0,1430400.0
1767,2021-10-08 04:00:37,24550.0,300.0,1430300.0
1768,2021-10-08 04:00:36,24550.0,600.0,1430000.0
1769,2021-10-08 04:00:36,24550.0,2000.0,1429400.0
1770,2021-10-08 04:00:36,24550.0,1000.0,1427400.0
1771,2021-10-08 04:00:36,24550.0,500.0,1426400.0
1772,2021-10-08 04:00:36,24550.0,1000.0,1425900.0
1773,2021-10-08 04:00:36,24550.0,100.0,1424900.0
1774,2021-10-08 04:00:36,24550.0,100.0,1424800.0
1775,2021-10-08 04:00:36,24550.0,700.0,1424700.0
1776,2021-10-08 04:00:29,24550.0,300.0,1424000.0
1777,2021-10-08 04:00:29,24550.0,100.0,1423700.0
1778,2021-10-08 04:00:29,24550.0,500.0,1423600.0
1779,2021-10-08 04:00:25,24550.0,2000.0,1423100.0
1780,2021-10-08 04:00:21,24550.0,2000.0,1421100.0
1781,2021-10-08 04:00:21,24550.0,100.0,1419100.0
1782,2021-10-08 03:59:58,24550.0,300.0,1419000.0
1783,2021-10-08 03:59:56,24550.0,100.0,1418700.0
1784,2021-10-08 03:59:56,24550.0,200.0,1418600.0
1785,2021-10-08 03:59:35,24550.0,100.0,1418400.0
1786,2021-10-08 03:59:12,24550.0,1000.0,1418300.0
1787,2021-10-08 03:59:01,24550.0,1000.0,1417300.0
1788,2021-10-08 03:59:01,24550.0,1300.0,1416300.0
1789,2021-10-08 03:58:46,24550.0,500.0,1415000.0
1790,2021-10-08 03:58:46,24550.0,200.0,1414500.0
1791,2021-10-08 03:58:46,24550.0,100.0,1414300.0
1792,2021-10-08 03:58:46,24550.0,500.0,1414200.0
1793,2021-10-08 03:58:46,24550.0,2000.0,1413700.0
1794,2021-10-08 03:58:46,24550.0,400.0,1411700.0
1795,2021-10-08 03:58:27,24550.0,1600.0,1411300.0
1796,2021-10-08 03:58:27,24550.0,100.0,1409700.0
1797,2021-10-08 03:58:27,24550.0,100.0,1409600.0
1798,2021-10-08 03:58:27,24550.0,100.0,1409500.0
1799,2021-10-08 03:58:27,24550.0,100.0,1409400.0
1800,2021-10-08 03:58:27,24550.0,500.0,1409300.0
1801,2021-10-08 03:58:27,24550.0,1000.0,1408800.0
1802,2021-10-08 03:58:27,24550.0,1000.0,1407800.0
1803,2021-10-08 03:58:27,24550.0,200.0,1406800.0
1804,2021-10-08 03:58:27,24550.0,200.0,1406600.0
1805,2021-10-08 03:58:27,24550.0,100.0,1406400.0
1806,2021-10-08 03:58:27,24550.0,100.0,1406300.0
1807,2021-10-08 03:58:27,24550.0,1800.0,1406200.0
1808,2021-10-08 03:58:13,24550.0,200.0,1404400.0
1809,2021-10-08 03:58:13,24550.0,100.0,1404200.0
1810,2021-10-08 03:58:13,24550.0,1000.0,1404100.0
1811,2021-10-08 03:58:13,24550.0,500.0,1403100.0
1812,2021-10-08 03:58:13,24550.0,300.0,1402600.0
1813,2021-10-08 03:57:54,24600.0,100.0,1402300.0
1814,2021-10-08 03:57:43,24600.0,200.0,1402200.0
1815,2021-10-08 03:57:13,24550.0,700.0,1402000.0
1816,2021-10-08 03:57:13,24550.0,2000.0,1401300.0
1817,2021-10-08 03:57:13,24550.0,1000.0,1399300.0
1818,2021-10-08 03:57:13,24550.0,500.0,1398300.0
1819,2021-10-08 03:57:13,24550.0,100.0,1397800.0
1820,2021-10-08 03:57:13,24550.0,1000.0,1397700.0
1821,2021-10-08 03:57:13,24550.0,400.0,1396700.0
1822,2021-10-08 03:57:13,24550.0,200.0,1396300.0
1823,2021-10-08 03:57:13,24550.0,300.0,1396100.0
1824,2021-10-08 03:57:13,24550.0,200.0,1395800.0
1825,2021-10-08 03:57:13,24550.0,100.0,1395600.0
1826,2021-10-08 03:57:13,24600.0,900.0,1395500.0
1827,2021-10-08 03:57:13,24600.0,200.0,1394600.0
1828,2021-10-08 03:57:13,24600.0,100.0,1394400.0
1829,2021-10-08 03:57:13,24600.0,200.0,1394300.0
1830,2021-10-08 03:57:13,24600.0,2000.0,1394100.0
1831,2021-10-08 03:57:13,24600.0,100.0,1392100.0
1832,2021-10-08 03:56:50,24600.0,2400.0,1392000.0
1833,2021-10-08 03:56:50,24600.0,100.0,1389600.0
1834,2021-10-08 03:56:50,24600.0,100.0,1389500.0
1835,2021-10-08 03:56:50,24600.0,300.0,1389400.0
1836,2021-10-08 03:56:50,24600.0,1000.0,1389100.0
1837,2021-10-08 03:56:50,24600.0,500.0,1388100.0
1838,2021-10-08 03:56:50,24600.0,200.0,1387600.0
1839,2021-10-08 03:56:50,24600.0,500.0,1387400.0
1840,2021-10-08 03:56:50,24600.0,2500.0,1386900.0
1841,2021-10-08 03:56:50,24600.0,5900.0,1384400.0
1842,2021-10-08 03:56:50,24600.0,1500.0,1378500.0
1843,2021-10-08 03:55:55,24650.0,900.0,1377000.0
1844,2021-10-08 03:55:55,24650.0,1100.0,1376100.0
1845,2021-10-08 03:55:43,24650.0,500.0,1375000.0
1846,2021-10-08 03:55:41,24650.0,600.0,1374500.0
1847,2021-10-08 03:55:09,24650.0,1000.0,1373900.0
1848,2021-10-08 03:55:09,24650.0,300.0,1372900.0
1849,2021-10-08 03:55:09,24650.0,12000.0,1372600.0
1850,2021-10-08 03:55:09,24650.0,400.0,1360600.0
1851,2021-10-08 03:55:09,24650.0,100.0,1360200.0
1852,2021-10-08 03:55:09,24650.0,1000.0,1360100.0
1853,2021-10-08 03:55:09,24650.0,4600.0,1359100.0
1854,2021-10-08 03:54:53,24600.0,100.0,1354500.0
1855,2021-10-08 03:54:52,24600.0,400.0,1354400.0
1856,2021-10-08 03:54:52,24600.0,200.0,1354000.0
1857,2021-10-08 03:54:47,24600.0,400.0,1353800.0
1858,2021-10-08 03:54:39,24600.0,100.0,1353400.0
1859,2021-10-08 03:54:39,24600.0,300.0,1353300.0
1860,2021-10-08 03:54:35,24600.0,500.0,1353000.0
1861,2021-10-08 03:54:22,24600.0,200.0,1352500.0
1862,2021-10-08 03:54:22,24600.0,600.0,1352300.0
1863,2021-10-08 03:54:22,24600.0,100.0,1351700.0
1864,2021-10-08 03:54:22,24600.0,100.0,1351600.0
1865,2021-10-08 03:54:22,24600.0,500.0,1351500.0
1866,2021-10-08 03:54:22,24600.0,500.0,1351000.0
1867,2021-10-08 03:54:22,24600.0,5000.0,1350500.0
1868,2021-10-08 03:54:22,24600.0,3000.0,1345500.0
1869,2021-10-08 03:54:14,24600.0,400.0,1342500.0
1870,2021-10-08 03:54:14,24600.0,200.0,1342100.0
1871,2021-10-08 03:54:14,24600.0,100.0,1341900.0
1872,2021-10-08 03:54:14,24600.0,200.0,1341800.0
1873,2021-10-08 03:54:14,24600.0,100.0,1341600.0
1874,2021-10-08 03:54:14,24600.0,100.0,1341500.0
1875,2021-10-08 03:54:14,24600.0,200.0,1341400.0
1876,2021-10-08 03:54:14,24600.0,300.0,1341200.0
1877,2021-10-08 03:54:14,24600.0,200.0,1340900.0
1878,2021-10-08 03:54:14,24600.0,200.0,1340700.0
1879,2021-10-08 03:53:39,24600.0,500.0,1340500.0
1880,2021-10-08 03:53:37,24650.0,1000.0,1340000.0
1881,2021-10-08 03:53:24,24600.0,300.0,1339000.0
1882,2021-10-08 03:53:24,24600.0,200.0,1338700.0
1883,2021-10-08 03:52:57,24600.0,800.0,1338500.0
1884,2021-10-08 03:52:57,24600.0,3000.0,1337700.0
1885,2021-10-08 03:52:57,24600.0,100.0,1334700.0
1886,2021-10-08 03:52:57,24600.0,2000.0,1334600.0
1887,2021-10-08 03:52:57,24600.0,100.0,1332600.0
1888,2021-10-08 03:52:57,24600.0,1000.0,1332500.0
1889,2021-10-08 03:52:57,24600.0,1000.0,1331500.0
1890,2021-10-08 03:52:57,24600.0,200.0,1330500.0
1891,2021-10-08 03:52:57,24600.0,400.0,1330300.0
1892,2021-10-08 03:52:57,24600.0,100.0,1329900.0
1893,2021-10-08 03:52:57,24600.0,1300.0,1329800.0
1894,2021-10-08 03:52:56,24650.0,100.0,1328500.0
1895,2021-10-08 03:52:52,24650.0,1000.0,1328400.0
1896,2021-10-08 03:52:49,24650.0,500.0,1327400.0
1897,2021-10-08 03:52:44,24650.0,400.0,1326900.0
1898,2021-10-08 03:52:07,24650.0,1000.0,1326500.0
1899,2021-10-08 03:52:07,24650.0,100.0,1325500.0
1900,2021-10-08 03:52:07,24650.0,1300.0,1325400.0
1901,2021-10-08 03:52:04,24650.0,700.0,1324100.0
1902,2021-10-08 03:52:04,24650.0,900.0,1323400.0
1903,2021-10-08 03:51:57,24650.0,800.0,1322500.0
1904,2021-10-08 03:51:57,24650.0,1000.0,1321700.0
1905,2021-10-08 03:51:57,24650.0,100.0,1320700.0
1906,2021-10-08 03:51:57,24650.0,600.0,1320600.0
1907,2021-10-08 03:51:56,24650.0,300.0,1320000.0
1908,2021-10-08 03:51:54,24650.0,100.0,1319700.0
1909,2021-10-08 03:51:50,24650.0,200.0,1319600.0
1910,2021-10-08 03:51:50,24650.0,200.0,1319400.0
1911,2021-10-08 03:51:50,24650.0,800.0,1319200.0
1912,2021-10-08 03:51:27,24650.0,200.0,1318400.0
1913,2021-10-08 03:51:27,24650.0,9800.0,1318200.0
1914,2021-10-08 03:51:20,24650.0,500.0,1308400.0
1915,2021-10-08 03:51:17,24650.0,200.0,1307900.0
1916,2021-10-08 03:51:12,24650.0,100.0,1307700.0
1917,2021-10-08 03:50:49,24650.0,200.0,1307600.0
1918,2021-10-08 03:50:46,24650.0,2500.0,1307400.0
1919,2021-10-08 03:50:34,24650.0,200.0,1304900.0
1920,2021-10-08 03:50:24,24650.0,200.0,1304700.0
1921,2021-10-08 03:50:22,24650.0,400.0,1304500.0
1922,2021-10-08 03:50:04,24650.0,500.0,1304100.0
1923,2021-10-08 03:49:40,24700.0,100.0,1303600.0
1924,2021-10-08 03:49:28,24650.0,100.0,1303500.0
1925,2021-10-08 03:49:16,24650.0,200.0,1303400.0
1926,2021-10-08 03:49:16,24650.0,400.0,1303200.0
1927,2021-10-08 03:49:08,24650.0,1000.0,1302800.0
1928,2021-10-08 03:49:07,24650.0,100.0,1301800.0
1929,2021-10-08 03:49:07,24650.0,1200.0,1301700.0
1930,2021-10-08 03:49:07,24650.0,1000.0,1300500.0
1931,2021-10-08 03:49:07,24650.0,200.0,1299500.0
1932,2021-10-08 03:49:07,24650.0,800.0,1299300.0
1933,2021-10-08 03:49:07,24650.0,400.0,1298500.0
1934,2021-10-08 03:49:07,24600.0,1000.0,1298100.0
1935,2021-10-08 03:49:04,24600.0,200.0,1297100.0
1936,2021-10-08 03:49:04,24600.0,900.0,1296900.0
1937,2021-10-08 03:48:42,24600.0,200.0,1296000.0
1938,2021-10-08 03:48:41,24600.0,1000.0,1295800.0
1939,2021-10-08 03:48:23,24600.0,200.0,1294800.0
1940,2021-10-08 03:48:12,24650.0,500.0,1294600.0
1941,2021-10-08 03:48:01,24650.0,1100.0,1294100.0
1942,2021-10-08 03:48:01,24650.0,200.0,1293000.0
1943,2021-10-08 03:48:01,24650.0,1700.0,1292800.0
1944,2021-10-08 03:47:54,24600.0,200.0,1291100.0
1945,2021-10-08 03:47:54,24600.0,100.0,1290900.0
1946,2021-10-08 03:47:54,24600.0,300.0,1290800.0
1947,2021-10-08 03:47:37,24650.0,100.0,1290500.0
1948,2021-10-08 03:46:58,24650.0,1000.0,1290400.0
1949,2021-10-08 03:46:47,24600.0,100.0,1289400.0
1950,2021-10-08 03:46:33,24650.0,100.0,1289300.0
1951,2021-10-08 03:46:28,24650.0,100.0,1289200.0
1952,2021-10-08 03:46:28,24600.0,2600.0,1289100.0
1953,2021-10-08 03:46:28,24600.0,100.0,1286500.0
1954,2021-10-08 03:46:28,24600.0,1000.0,1286400.0
1955,2021-10-08 03:46:28,24600.0,1300.0,1285400.0
1956,2021-10-08 03:46:26,24600.0,500.0,1284100.0
1957,2021-10-08 03:46:19,24600.0,200.0,1283600.0
1958,2021-10-08 03:46:19,24600.0,200.0,1283400.0
1959,2021-10-08 03:46:19,24600.0,600.0,1283200.0
1960,2021-10-08 03:46:12,24600.0,400.0,1282600.0
1961,2021-10-08 03:46:12,24600.0,100.0,1282200.0
1962,2021-10-08 03:46:12,24600.0,100.0,1282100.0
1963,2021-10-08 03:46:05,24600.0,300.0,1282000.0
1964,2021-10-08 03:46:05,24600.0,1200.0,1281700.0
1965,2021-10-08 03:45:57,24650.0,1000.0,1280500.0
1966,2021-10-08 03:45:57,24650.0,500.0,1279500.0
1967,2021-10-08 03:45:57,24650.0,1000.0,1279000.0
1968,2021-10-08 03:45:57,24650.0,2500.0,1278000.0
1969,2021-10-08 03:45:46,24650.0,900.0,1275500.0
1970,2021-10-08 03:45:46,24650.0,1500.0,1274600.0
1971,2021-10-08 03:45:34,24650.0,500.0,1273100.0
1972,2021-10-08 03:45:34,24650.0,100.0,1272600.0
1973,2021-10-08 03:45:34,24650.0,100.0,1272500.0
1974,2021-10-08 03:45:34,24650.0,500.0,1272400.0
1975,2021-10-08 03:45:34,24650.0,200.0,1271900.0
1976,2021-10-08 03:45:34,24650.0,100.0,1271700.0
1977,2021-10-08 03:45:34,24650.0,300.0,1271600.0
1978,2021-10-08 03:45:34,24650.0,1000.0,1271300.0
1979,2021-10-08 03:45:34,24650.0,3200.0,1270300.0
1980,2021-10-08 03:45:33,24650.0,2500.0,1267100.0
1981,2021-10-08 03:45:31,24650.0,100.0,1264600.0
1982,2021-10-08 03:45:26,24650.0,600.0,1264500.0
1983,2021-10-08 03:45:22,24650.0,500.0,1263900.0
1984,2021-10-08 03:44:49,24650.0,200.0,1263400.0
1985,2021-10-08 03:44:14,24650.0,100.0,1263200.0
1986,2021-10-08 03:44:13,24650.0,300.0,1263100.0
1987,2021-10-08 03:44:11,24650.0,100.0,1262800.0
1988,2021-10-08 03:44:11,24650.0,600.0,1262700.0
1989,2021-10-08 03:44:11,24650.0,1800.0,1262100.0
1990,2021-10-08 03:44:02,24650.0,1000.0,1260300.0
1991,2021-10-08 03:43:57,24650.0,600.0,1259300.0
1992,2021-10-08 03:43:54,24600.0,3000.0,1258700.0
1993,2021-10-08 03:43:46,24650.0,100.0,1255700.0
1994,2021-10-08 03:43:44,24600.0,100.0,1255600.0
1995,2021-10-08 03:43:31,24650.0,200.0,1255500.0
1996,2021-10-08 03:43:30,24650.0,100.0,1255300.0
1997,2021-10-08 03:43:19,24600.0,100.0,1255200.0
1998,2021-10-08 03:43:19,24650.0,200.0,1255100.0
1999,2021-10-08 03:43:18,24650.0,1000.0,1254900.0
2000,2021-10-08 03:43:05,24600.0,1800.0,1253900.0
2001,2021-10-08 03:43:05,24650.0,200.0,1252100.0
2002,2021-10-08 03:42:17,24600.0,100.0,1251900.0
2003,2021-10-08 03:42:13,24750.0,8600.0,1251800.0
2004,2021-10-08 03:42:13,24750.0,1000.0,1243200.0
2005,2021-10-08 03:42:13,24750.0,3000.0,1242200.0
2006,2021-10-08 03:42:13,24750.0,5900.0,1239200.0
2007,2021-10-08 03:42:13,24700.0,400.0,1233300.0
2008,2021-10-08 03:42:13,24700.0,500.0,1232900.0
2009,2021-10-08 03:42:13,24700.0,500.0,1232400.0
2010,2021-10-08 03:42:13,24700.0,100.0,1231900.0
2011,2021-10-08 03:42:13,24700.0,1200.0,1231800.0
2012,2021-10-08 03:42:13,24700.0,100.0,1230600.0
2013,2021-10-08 03:42:13,24700.0,500.0,1230500.0
2014,2021-10-08 03:42:13,24700.0,3000.0,1230000.0
2015,2021-10-08 03:42:13,24700.0,9500.0,1227000.0
2016,2021-10-08 03:42:13,24700.0,500.0,1217500.0
2017,2021-10-08 03:42:13,24700.0,100.0,1217000.0
2018,2021-10-08 03:42:13,24650.0,10000.0,1216900.0
2019,2021-10-08 03:42:13,24650.0,3800.0,1206900.0
2020,2021-10-08 03:42:13,24650.0,1300.0,1203100.0
2021,2021-10-08 03:42:08,24600.0,1500.0,1201800.0
2022,2021-10-08 03:41:55,24600.0,100.0,1200300.0
2023,2021-10-08 03:41:55,24600.0,100.0,1200200.0
2024,2021-10-08 03:41:55,24600.0,400.0,1200100.0
2025,2021-10-08 03:41:55,24600.0,100.0,1199700.0
2026,2021-10-08 03:41:55,24600.0,200.0,1199600.0
2027,2021-10-08 03:41:55,24600.0,100.0,1199400.0
2028,2021-10-08 03:41:44,24600.0,100.0,1199300.0
2029,2021-10-08 03:41:44,24600.0,500.0,1199200.0
2030,2021-10-08 03:41:44,24600.0,100.0,1198700.0
2031,2021-10-08 03:41:44,24600.0,1300.0,1198600.0
2032,2021-10-08 03:41:43,24600.0,100.0,1197300.0
2033,2021-10-08 03:41:41,24650.0,100.0,1197200.0
2034,2021-10-08 03:41:34,24650.0,100.0,1197100.0
2035,2021-10-08 03:41:34,24650.0,500.0,1197000.0
2036,2021-10-08 03:41:20,24650.0,200.0,1196500.0
2037,2021-10-08 03:41:20,24650.0,100.0,1196300.0
2038,2021-10-08 03:41:20,24650.0,200.0,1196200.0
2039,2021-10-08 03:40:49,24600.0,1000.0,1196000.0
2040,2021-10-08 03:40:34,24600.0,100.0,1195000.0
2041,2021-10-08 03:40:28,24650.0,100.0,1194900.0
2042,2021-10-08 03:40:14,24600.0,200.0,1194800.0
2043,2021-10-08 03:40:14,24600.0,1000.0,1194600.0
2044,2021-10-08 03:40:14,24600.0,1300.0,1193600.0
2045,2021-10-08 03:40:10,24600.0,4400.0,1192300.0
2046,2021-10-08 03:40:10,24600.0,600.0,1187900.0
2047,2021-10-08 03:39:55,24600.0,400.0,1187300.0
