,Time,Price,Volume_per_trade,Volume
0,2021-10-22 07:45:01,28350.0,500.0,1345100.0
1,2021-10-22 07:45:01,28350.0,1000.0,1344600.0
2,2021-10-22 07:45:01,28350.0,2500.0,1343600.0
3,2021-10-22 07:45:01,28350.0,2000.0,1341100.0
4,2021-10-22 07:45:01,28350.0,300.0,1339100.0
5,2021-10-22 07:45:01,28350.0,2000.0,1338800.0
6,2021-10-22 07:45:01,28350.0,2000.0,1336800.0
7,2021-10-22 07:45:01,28350.0,200.0,1334800.0
8,2021-10-22 07:45:01,28350.0,300.0,1334600.0
9,2021-10-22 07:45:01,28350.0,1000.0,1334300.0
10,2021-10-22 07:45:01,28350.0,200.0,1333300.0
11,2021-10-22 07:45:01,28350.0,1300.0,1333100.0
12,2021-10-22 07:45:01,28350.0,100.0,1331800.0
13,2021-10-22 07:45:01,28350.0,200.0,1331700.0
14,2021-10-22 07:45:01,28350.0,2300.0,1331500.0
15,2021-10-22 07:45:01,28350.0,3000.0,1329200.0
16,2021-10-22 07:45:01,28350.0,1000.0,1326200.0
17,2021-10-22 07:45:01,28350.0,1000.0,1325200.0
18,2021-10-22 07:45:01,28350.0,200.0,1324200.0
19,2021-10-22 07:45:01,28350.0,100.0,1324000.0
20,2021-10-22 07:45:01,28350.0,3000.0,1323900.0
21,2021-10-22 07:45:01,28350.0,1500.0,1320900.0
22,2021-10-22 07:45:01,28350.0,8300.0,1319400.0
23,2021-10-22 07:45:01,28350.0,300.0,1311100.0
24,2021-10-22 07:45:01,28350.0,1900.0,1310800.0
25,2021-10-22 07:45:01,28350.0,200.0,1308900.0
26,2021-10-22 07:45:01,28350.0,1000.0,1308700.0
27,2021-10-22 07:45:01,28350.0,1600.0,1307700.0
28,2021-10-22 07:45:01,28350.0,3500.0,1306100.0
29,2021-10-22 07:45:01,28350.0,3000.0,1302600.0
30,2021-10-22 07:45:01,28350.0,700.0,1299600.0
31,2021-10-22 07:45:01,28350.0,100.0,1298900.0
32,2021-10-22 07:45:01,28350.0,2000.0,1298800.0
33,2021-10-22 07:45:01,28350.0,2000.0,1296800.0
34,2021-10-22 07:45:01,28350.0,5000.0,1294800.0
35,2021-10-22 07:29:59,28350.0,200.0,1289800.0
36,2021-10-22 07:29:50,28400.0,200.0,1289600.0
37,2021-10-22 07:29:38,28350.0,1700.0,1289400.0
38,2021-10-22 07:29:24,28350.0,5000.0,1287700.0
39,2021-10-22 07:29:08,28400.0,300.0,1282700.0
40,2021-10-22 07:28:48,28350.0,600.0,1282400.0
41,2021-10-22 07:28:48,28350.0,100.0,1281800.0
42,2021-10-22 07:28:48,28350.0,4300.0,1281700.0
43,2021-10-22 07:28:39,28400.0,100.0,1277400.0
44,2021-10-22 07:28:32,28400.0,300.0,1277300.0
45,2021-10-22 07:28:24,28400.0,1000.0,1277000.0
46,2021-10-22 07:28:05,28400.0,600.0,1276000.0
47,2021-10-22 07:26:57,28400.0,500.0,1275400.0
48,2021-10-22 07:26:28,28400.0,300.0,1274900.0
49,2021-10-22 07:25:57,28400.0,100.0,1274600.0
50,2021-10-22 07:25:40,28400.0,1000.0,1274500.0
51,2021-10-22 07:25:08,28400.0,300.0,1273500.0
52,2021-10-22 07:25:06,28350.0,200.0,1273200.0
53,2021-10-22 07:24:55,28400.0,200.0,1273000.0
54,2021-10-22 07:24:09,28350.0,500.0,1272800.0
55,2021-10-22 07:23:36,28350.0,100.0,1272300.0
56,2021-10-22 07:23:36,28350.0,300.0,1272200.0
57,2021-10-22 07:23:20,28400.0,1200.0,1271900.0
58,2021-10-22 07:22:57,28350.0,100.0,1270700.0
59,2021-10-22 07:22:39,28350.0,10000.0,1270600.0
60,2021-10-22 07:22:39,28350.0,5600.0,1260600.0
61,2021-10-22 07:22:39,28350.0,100.0,1255000.0
62,2021-10-22 07:22:23,28350.0,200.0,1254900.0
63,2021-10-22 07:22:21,28350.0,100.0,1254700.0
64,2021-10-22 07:21:54,28350.0,300.0,1254600.0
65,2021-10-22 07:21:51,28350.0,200.0,1254300.0
66,2021-10-22 07:21:50,28350.0,1000.0,1254100.0
67,2021-10-22 07:21:50,28350.0,300.0,1253100.0
68,2021-10-22 07:21:50,28350.0,300.0,1252800.0
69,2021-10-22 07:21:50,28350.0,1000.0,1252500.0
70,2021-10-22 07:21:50,28350.0,200.0,1251500.0
71,2021-10-22 07:21:50,28350.0,500.0,1251300.0
72,2021-10-22 07:21:50,28350.0,100.0,1250800.0
73,2021-10-22 07:21:50,28350.0,100.0,1250700.0
74,2021-10-22 07:21:39,28350.0,1000.0,1250600.0
75,2021-10-22 07:20:59,28350.0,1000.0,1249600.0
76,2021-10-22 07:20:51,28350.0,1000.0,1248600.0
77,2021-10-22 07:20:01,28350.0,500.0,1247600.0
78,2021-10-22 07:18:45,28350.0,1000.0,1247100.0
79,2021-10-22 07:18:38,28350.0,5000.0,1246100.0
80,2021-10-22 07:18:32,28400.0,300.0,1241100.0
81,2021-10-22 07:18:21,28350.0,700.0,1240800.0
82,2021-10-22 07:18:00,28350.0,3000.0,1240100.0
83,2021-10-22 07:17:53,28350.0,1000.0,1237100.0
84,2021-10-22 07:15:30,28350.0,12100.0,1236100.0
85,2021-10-22 07:14:47,28400.0,100.0,1224000.0
86,2021-10-22 07:14:31,28400.0,900.0,1223900.0
87,2021-10-22 07:14:14,28400.0,200.0,1223000.0
88,2021-10-22 07:13:52,28400.0,100.0,1222800.0
89,2021-10-22 07:13:52,28400.0,2100.0,1222700.0
90,2021-10-22 07:13:05,28400.0,100.0,1220600.0
91,2021-10-22 07:11:31,28500.0,100.0,1220500.0
92,2021-10-22 07:11:05,28500.0,900.0,1220400.0
93,2021-10-22 07:11:04,28500.0,2000.0,1219500.0
94,2021-10-22 07:10:34,28500.0,100.0,1217500.0
95,2021-10-22 07:10:34,28500.0,100.0,1217400.0
96,2021-10-22 07:10:34,28500.0,2000.0,1217300.0
97,2021-10-22 07:10:34,28500.0,200.0,1215300.0
98,2021-10-22 07:10:34,28450.0,2000.0,1215100.0
99,2021-10-22 07:10:34,28450.0,7700.0,1213100.0
100,2021-10-22 07:10:17,28400.0,2000.0,1205400.0
101,2021-10-22 07:09:54,28400.0,300.0,1203400.0
102,2021-10-22 07:09:54,28400.0,4900.0,1203100.0
103,2021-10-22 07:09:41,28400.0,2000.0,1198200.0
104,2021-10-22 07:09:40,28400.0,1000.0,1196200.0
105,2021-10-22 07:09:32,28000.0,100.0,1195200.0
106,2021-10-22 07:09:23,28000.0,100.0,1195100.0
107,2021-10-22 07:09:23,28000.0,300.0,1195000.0
108,2021-10-22 07:09:23,28000.0,1000.0,1194700.0
109,2021-10-22 07:09:23,28000.0,200.0,1193700.0
110,2021-10-22 07:09:23,28000.0,200.0,1193500.0
111,2021-10-22 07:09:23,28000.0,1000.0,1193300.0
112,2021-10-22 07:09:23,28000.0,100.0,1192300.0
113,2021-10-22 07:09:23,28000.0,4000.0,1192200.0
114,2021-10-22 07:09:23,28000.0,2000.0,1188200.0
115,2021-10-22 07:09:23,28000.0,300.0,1186200.0
116,2021-10-22 07:09:23,28000.0,500.0,1185900.0
117,2021-10-22 07:09:23,28000.0,100.0,1185400.0
118,2021-10-22 07:09:23,28000.0,300.0,1185300.0
119,2021-10-22 07:09:23,28000.0,300.0,1185000.0
120,2021-10-22 07:09:23,28000.0,100.0,1184700.0
121,2021-10-22 07:09:23,28000.0,3000.0,1184600.0
122,2021-10-22 07:09:23,28000.0,3000.0,1181600.0
123,2021-10-22 07:09:23,28000.0,300.0,1178600.0
124,2021-10-22 07:09:23,28000.0,500.0,1178300.0
125,2021-10-22 07:09:23,28000.0,200.0,1177800.0
126,2021-10-22 07:09:23,28000.0,2000.0,1177600.0
127,2021-10-22 07:09:23,28000.0,1000.0,1175600.0
128,2021-10-22 07:09:23,28000.0,3000.0,1174600.0
129,2021-10-22 07:09:23,28000.0,1000.0,1171600.0
130,2021-10-22 07:09:23,28000.0,500.0,1170600.0
131,2021-10-22 07:09:23,28000.0,200.0,1170100.0
132,2021-10-22 07:09:23,28000.0,200.0,1169900.0
133,2021-10-22 07:09:23,28000.0,500.0,1169700.0
134,2021-10-22 07:09:23,28000.0,100.0,1169200.0
135,2021-10-22 07:09:23,28000.0,2500.0,1169100.0
136,2021-10-22 07:09:23,28000.0,100.0,1166600.0
137,2021-10-22 07:09:23,28000.0,700.0,1166500.0
138,2021-10-22 07:09:23,28000.0,8000.0,1165800.0
139,2021-10-22 07:09:23,28000.0,500.0,1157800.0
140,2021-10-22 07:09:23,28000.0,500.0,1157300.0
141,2021-10-22 07:09:23,28000.0,100.0,1156800.0
142,2021-10-22 07:09:23,28000.0,600.0,1156700.0
143,2021-10-22 07:09:23,28050.0,100.0,1156100.0
144,2021-10-22 07:09:23,28050.0,2500.0,1156000.0
145,2021-10-22 07:09:23,28100.0,5000.0,1153500.0
146,2021-10-22 07:09:23,28100.0,100.0,1148500.0
147,2021-10-22 07:09:23,28100.0,100.0,1148400.0
148,2021-10-22 07:09:23,28100.0,100.0,1148300.0
149,2021-10-22 07:09:23,28150.0,300.0,1148200.0
150,2021-10-22 07:09:23,28200.0,1100.0,1147900.0
151,2021-10-22 07:09:23,28200.0,700.0,1146800.0
152,2021-10-22 07:09:23,28200.0,200.0,1146100.0
153,2021-10-22 07:09:23,28200.0,200.0,1145900.0
154,2021-10-22 07:09:23,28200.0,100.0,1145700.0
155,2021-10-22 07:09:23,28250.0,100.0,1145600.0
156,2021-10-22 07:09:23,28250.0,100.0,1145500.0
157,2021-10-22 07:09:23,28300.0,500.0,1145400.0
158,2021-10-22 07:09:23,28300.0,1000.0,1144900.0
159,2021-10-22 07:09:23,28300.0,100.0,1143900.0
160,2021-10-22 07:09:23,28300.0,500.0,1143800.0
161,2021-10-22 07:09:23,28300.0,100.0,1143300.0
162,2021-10-22 07:09:23,28300.0,200.0,1143200.0
163,2021-10-22 07:09:23,28300.0,100.0,1143000.0
164,2021-10-22 07:09:23,28300.0,100.0,1142900.0
165,2021-10-22 07:09:23,28300.0,500.0,1142800.0
166,2021-10-22 07:09:23,28300.0,300.0,1142300.0
167,2021-10-22 07:09:23,28350.0,500.0,1142000.0
168,2021-10-22 07:09:23,28350.0,100.0,1141500.0
169,2021-10-22 07:09:23,28350.0,500.0,1141400.0
170,2021-10-22 07:09:23,28400.0,500.0,1140900.0
171,2021-10-22 07:09:23,28400.0,100.0,1140400.0
172,2021-10-22 07:09:23,28400.0,900.0,1140300.0
173,2021-10-22 07:09:23,28400.0,100.0,1139400.0
174,2021-10-22 07:09:23,28400.0,100.0,1139300.0
175,2021-10-22 07:09:23,28400.0,5900.0,1139200.0
176,2021-10-22 07:08:55,28400.0,300.0,1133300.0
177,2021-10-22 07:08:48,28450.0,300.0,1133000.0
178,2021-10-22 07:08:29,28450.0,1000.0,1132700.0
179,2021-10-22 07:08:17,28450.0,1000.0,1131700.0
180,2021-10-22 07:08:04,28450.0,200.0,1130700.0
181,2021-10-22 07:07:54,28450.0,1000.0,1130500.0
182,2021-10-22 07:07:23,28450.0,200.0,1129500.0
183,2021-10-22 07:07:23,28450.0,200.0,1129300.0
184,2021-10-22 07:07:23,28450.0,1600.0,1129100.0
185,2021-10-22 07:06:34,28450.0,400.0,1127500.0
186,2021-10-22 07:06:07,28450.0,100.0,1127100.0
187,2021-10-22 07:05:30,28450.0,500.0,1127000.0
188,2021-10-22 07:03:44,28450.0,100.0,1126500.0
189,2021-10-22 07:03:26,28450.0,300.0,1126400.0
190,2021-10-22 07:03:16,28450.0,100.0,1126100.0
191,2021-10-22 07:02:12,28400.0,1000.0,1126000.0
192,2021-10-22 07:02:01,28400.0,4000.0,1125000.0
193,2021-10-22 07:01:51,28400.0,100.0,1121000.0
194,2021-10-22 07:00:46,28400.0,300.0,1120900.0
195,2021-10-22 07:00:26,28400.0,200.0,1120600.0
196,2021-10-22 06:58:47,28400.0,700.0,1120400.0
197,2021-10-22 06:57:50,28400.0,300.0,1119700.0
198,2021-10-22 06:54:42,28500.0,2000.0,1119400.0
199,2021-10-22 06:54:38,28500.0,300.0,1117400.0
200,2021-10-22 06:54:38,28500.0,200.0,1117100.0
201,2021-10-22 06:54:26,28500.0,200.0,1116900.0
202,2021-10-22 06:50:44,28500.0,200.0,1116700.0
203,2021-10-22 06:49:15,28500.0,800.0,1116500.0
204,2021-10-22 06:49:15,28500.0,200.0,1115700.0
205,2021-10-22 06:47:04,28500.0,5000.0,1115500.0
206,2021-10-22 06:47:04,28500.0,100.0,1110500.0
207,2021-10-22 06:47:04,28500.0,300.0,1110400.0
208,2021-10-22 06:47:04,28500.0,200.0,1110100.0
209,2021-10-22 06:47:04,28500.0,100.0,1109900.0
210,2021-10-22 06:47:04,28500.0,1000.0,1109800.0
211,2021-10-22 06:47:04,28500.0,8000.0,1108800.0
212,2021-10-22 06:47:04,28450.0,100.0,1100800.0
213,2021-10-22 06:47:03,28450.0,1500.0,1100700.0
214,2021-10-22 06:47:02,28450.0,100.0,1099200.0
215,2021-10-22 06:46:40,28450.0,3900.0,1099100.0
216,2021-10-22 06:46:16,28400.0,1900.0,1095200.0
217,2021-10-22 06:46:16,28350.0,2000.0,1093300.0
218,2021-10-22 06:46:11,28350.0,4000.0,1091300.0
219,2021-10-22 06:46:05,28400.0,1000.0,1087300.0
220,2021-10-22 06:46:02,28000.0,400.0,1086300.0
221,2021-10-22 06:45:59,28000.0,200.0,1085900.0
222,2021-10-22 06:45:59,28000.0,300.0,1085700.0
223,2021-10-22 06:45:59,28000.0,200.0,1085400.0
224,2021-10-22 06:45:59,28000.0,100.0,1085200.0
225,2021-10-22 06:45:59,28000.0,1000.0,1085100.0
226,2021-10-22 06:45:59,28000.0,1000.0,1084100.0
227,2021-10-22 06:45:59,28000.0,100.0,1083100.0
228,2021-10-22 06:45:59,28000.0,2000.0,1083000.0
229,2021-10-22 06:45:59,28000.0,200.0,1081000.0
230,2021-10-22 06:45:59,28000.0,1000.0,1080800.0
231,2021-10-22 06:45:59,28000.0,1200.0,1079800.0
232,2021-10-22 06:45:59,28000.0,100.0,1078600.0
233,2021-10-22 06:45:59,28000.0,100.0,1078500.0
234,2021-10-22 06:45:59,28000.0,500.0,1078400.0
235,2021-10-22 06:45:59,28000.0,1000.0,1077900.0
236,2021-10-22 06:45:59,28000.0,500.0,1076900.0
237,2021-10-22 06:45:59,28000.0,4500.0,1076400.0
238,2021-10-22 06:45:59,28000.0,500.0,1071900.0
239,2021-10-22 06:45:59,28000.0,100.0,1071400.0
240,2021-10-22 06:45:59,28000.0,100.0,1071300.0
241,2021-10-22 06:45:59,28000.0,100.0,1071200.0
242,2021-10-22 06:45:59,28000.0,12000.0,1071100.0
243,2021-10-22 06:45:59,28000.0,200.0,1059100.0
244,2021-10-22 06:45:59,28000.0,100.0,1058900.0
245,2021-10-22 06:45:59,28000.0,200.0,1058800.0
246,2021-10-22 06:45:59,28000.0,100.0,1058600.0
247,2021-10-22 06:45:59,28000.0,100.0,1058500.0
248,2021-10-22 06:45:59,28000.0,200.0,1058400.0
249,2021-10-22 06:45:59,28000.0,1000.0,1058200.0
250,2021-10-22 06:45:59,28000.0,1000.0,1057200.0
251,2021-10-22 06:45:59,28000.0,100.0,1056200.0
252,2021-10-22 06:45:59,28000.0,500.0,1056100.0
253,2021-10-22 06:45:59,28000.0,4300.0,1055600.0
254,2021-10-22 06:45:49,28000.0,5700.0,1051300.0
255,2021-10-22 06:45:49,28000.0,100.0,1045600.0
256,2021-10-22 06:45:49,28000.0,200.0,1045500.0
257,2021-10-22 06:45:49,28000.0,3000.0,1045300.0
258,2021-10-22 06:45:49,28000.0,500.0,1042300.0
259,2021-10-22 06:45:49,28000.0,500.0,1041800.0
260,2021-10-22 06:45:49,28000.0,200.0,1041300.0
261,2021-10-22 06:45:49,28000.0,200.0,1041100.0
262,2021-10-22 06:45:49,28000.0,200.0,1040900.0
263,2021-10-22 06:45:49,28000.0,100.0,1040700.0
264,2021-10-22 06:45:49,28000.0,400.0,1040600.0
265,2021-10-22 06:45:49,28000.0,200.0,1040200.0
266,2021-10-22 06:45:49,28000.0,500.0,1040000.0
267,2021-10-22 06:45:49,28000.0,100.0,1039500.0
268,2021-10-22 06:45:49,28000.0,500.0,1039400.0
269,2021-10-22 06:45:49,28000.0,300.0,1038900.0
270,2021-10-22 06:45:49,28000.0,200.0,1038600.0
271,2021-10-22 06:45:49,28000.0,700.0,1038400.0
272,2021-10-22 06:45:49,28000.0,14700.0,1037700.0
273,2021-10-22 06:45:49,28050.0,400.0,1023000.0
274,2021-10-22 06:45:49,28050.0,100.0,1022600.0
275,2021-10-22 06:45:49,28050.0,1000.0,1022500.0
276,2021-10-22 06:45:49,28050.0,500.0,1021500.0
277,2021-10-22 06:45:49,28100.0,5000.0,1021000.0
278,2021-10-22 06:45:49,28100.0,100.0,1016000.0
279,2021-10-22 06:45:49,28100.0,200.0,1015900.0
280,2021-10-22 06:45:49,28100.0,100.0,1015700.0
281,2021-10-22 06:45:49,28100.0,100.0,1015600.0
282,2021-10-22 06:45:49,28100.0,100.0,1015500.0
283,2021-10-22 06:45:49,28100.0,1000.0,1015400.0
284,2021-10-22 06:45:49,28100.0,4000.0,1014400.0
285,2021-10-22 06:45:49,28100.0,20000.0,1010400.0
286,2021-10-22 06:45:49,28150.0,700.0,990400.0
287,2021-10-22 06:45:49,28200.0,300.0,989700.0
288,2021-10-22 06:45:49,28200.0,20000.0,989400.0
289,2021-10-22 06:45:49,28200.0,100.0,969400.0
290,2021-10-22 06:45:49,28200.0,1000.0,969300.0
291,2021-10-22 06:45:49,28200.0,100.0,968300.0
292,2021-10-22 06:45:49,28200.0,1000.0,968200.0
293,2021-10-22 06:45:49,28300.0,100.0,967200.0
294,2021-10-22 06:45:49,28300.0,100.0,967100.0
295,2021-10-22 06:45:49,28300.0,100.0,967000.0
296,2021-10-22 06:45:49,28300.0,100.0,966900.0
297,2021-10-22 06:45:49,28300.0,5400.0,966800.0
298,2021-10-22 06:45:49,28350.0,1000.0,961400.0
299,2021-10-22 06:45:49,28350.0,1000.0,960400.0
300,2021-10-22 06:45:49,28350.0,500.0,959400.0
301,2021-10-22 06:45:49,28400.0,300.0,958900.0
302,2021-10-22 06:45:49,28400.0,2000.0,958600.0
303,2021-10-22 06:45:49,28400.0,1000.0,956600.0
304,2021-10-22 06:45:49,28400.0,400.0,955600.0
305,2021-10-22 06:45:49,28400.0,400.0,955200.0
306,2021-10-22 06:45:49,28400.0,2000.0,954800.0
307,2021-10-22 06:45:49,28400.0,1200.0,952800.0
308,2021-10-22 06:45:49,28400.0,300.0,951600.0
309,2021-10-22 06:44:44,28400.0,700.0,951300.0
310,2021-10-22 06:44:43,28450.0,300.0,950600.0
311,2021-10-22 06:44:43,28450.0,100.0,950300.0
312,2021-10-22 06:44:43,28450.0,600.0,950200.0
313,2021-10-22 06:44:35,28450.0,300.0,949600.0
314,2021-10-22 06:44:24,28450.0,1100.0,949300.0
315,2021-10-22 06:44:24,28450.0,900.0,948200.0
316,2021-10-22 06:44:19,28450.0,100.0,947300.0
317,2021-10-22 06:44:19,28450.0,100.0,947200.0
318,2021-10-22 06:43:42,28450.0,500.0,947100.0
319,2021-10-22 06:43:42,28450.0,300.0,946600.0
320,2021-10-22 06:43:42,28450.0,200.0,946300.0
321,2021-10-22 06:43:35,28450.0,400.0,946100.0
322,2021-10-22 06:42:48,28450.0,300.0,945700.0
323,2021-10-22 06:42:27,28450.0,1000.0,945400.0
324,2021-10-22 06:42:18,28450.0,1000.0,944400.0
325,2021-10-22 06:41:52,28450.0,200.0,943400.0
326,2021-10-22 06:41:42,28450.0,1000.0,943200.0
327,2021-10-22 06:40:39,28450.0,300.0,942200.0
328,2021-10-22 06:40:19,28450.0,600.0,941900.0
329,2021-10-22 06:40:19,28450.0,1400.0,941300.0
330,2021-10-22 06:39:56,28450.0,100.0,939900.0
331,2021-10-22 06:39:22,28450.0,3400.0,939800.0
332,2021-10-22 06:38:27,28450.0,100.0,936400.0
333,2021-10-22 06:38:27,28450.0,100.0,936300.0
334,2021-10-22 06:38:27,28450.0,5500.0,936200.0
335,2021-10-22 06:37:34,28450.0,1000.0,930700.0
336,2021-10-22 06:36:50,28450.0,1200.0,929700.0
337,2021-10-22 06:36:50,28450.0,3800.0,928500.0
338,2021-10-22 06:36:43,28450.0,1000.0,924700.0
339,2021-10-22 06:35:13,28450.0,1000.0,923700.0
340,2021-10-22 06:34:02,28450.0,300.0,922700.0
341,2021-10-22 06:33:24,28450.0,400.0,922400.0
342,2021-10-22 06:30:53,28500.0,1000.0,922000.0
343,2021-10-22 06:28:34,28550.0,4100.0,921000.0
344,2021-10-22 06:28:34,28550.0,3400.0,916900.0
345,2021-10-22 06:28:34,28500.0,7000.0,913500.0
346,2021-10-22 06:28:34,28500.0,5000.0,906500.0
347,2021-10-22 06:28:31,28400.0,1000.0,901500.0
348,2021-10-22 06:28:07,28400.0,3000.0,900500.0
349,2021-10-22 06:27:36,28400.0,400.0,897500.0
350,2021-10-22 06:27:36,28500.0,6400.0,897100.0
351,2021-10-22 06:27:19,28550.0,200.0,890700.0
352,2021-10-22 06:26:49,28500.0,100.0,890500.0
353,2021-10-22 06:26:13,28000.0,300.0,890400.0
354,2021-10-22 06:26:07,28550.0,1400.0,890100.0
355,2021-10-22 06:26:07,28550.0,1000.0,888700.0
356,2021-10-22 06:26:07,28000.0,600.0,887700.0
357,2021-10-22 06:26:07,28000.0,1000.0,887100.0
358,2021-10-22 06:26:06,28000.0,500.0,886100.0
359,2021-10-22 06:26:02,28000.0,100.0,885600.0
360,2021-10-22 06:26:02,28000.0,300.0,885500.0
361,2021-10-22 06:26:02,28000.0,1700.0,885200.0
362,2021-10-22 06:26:02,28000.0,3400.0,883500.0
363,2021-10-22 06:26:02,28000.0,100.0,880100.0
364,2021-10-22 06:26:02,28000.0,100.0,880000.0
365,2021-10-22 06:26:02,28000.0,2000.0,879900.0
366,2021-10-22 06:26:02,28000.0,14300.0,877900.0
367,2021-10-22 06:26:02,28000.0,100.0,863600.0
368,2021-10-22 06:26:02,28000.0,100.0,863500.0
369,2021-10-22 06:26:02,28000.0,2000.0,863400.0
370,2021-10-22 06:26:02,28000.0,1100.0,861400.0
371,2021-10-22 06:26:02,28000.0,2000.0,860300.0
372,2021-10-22 06:26:02,28000.0,1000.0,858300.0
373,2021-10-22 06:26:02,28000.0,200.0,857300.0
374,2021-10-22 06:26:02,28000.0,1000.0,857100.0
375,2021-10-22 06:26:02,28000.0,2000.0,856100.0
376,2021-10-22 06:26:02,28000.0,16400.0,854100.0
377,2021-10-22 06:25:50,28000.0,18600.0,837700.0
378,2021-10-22 06:25:50,28000.0,200.0,819100.0
379,2021-10-22 06:25:50,28000.0,7000.0,818900.0
380,2021-10-22 06:25:50,28000.0,1500.0,811900.0
381,2021-10-22 06:25:50,28000.0,500.0,810400.0
382,2021-10-22 06:25:50,28000.0,100.0,809900.0
383,2021-10-22 06:25:50,28000.0,200.0,809800.0
384,2021-10-22 06:25:50,28000.0,4000.0,809600.0
385,2021-10-22 06:25:50,28000.0,100.0,805600.0
386,2021-10-22 06:25:50,28000.0,100.0,805500.0
387,2021-10-22 06:25:50,28000.0,1600.0,805400.0
388,2021-10-22 06:25:50,28000.0,500.0,803800.0
389,2021-10-22 06:25:50,28000.0,500.0,803300.0
390,2021-10-22 06:25:50,28000.0,3000.0,802800.0
391,2021-10-22 06:25:50,28000.0,3300.0,799800.0
392,2021-10-22 06:25:50,28000.0,1000.0,796500.0
393,2021-10-22 06:25:50,28000.0,1000.0,795500.0
394,2021-10-22 06:25:50,28000.0,1000.0,794500.0
395,2021-10-22 06:25:50,28000.0,5000.0,793500.0
396,2021-10-22 06:25:50,28000.0,200.0,788500.0
397,2021-10-22 06:25:50,28000.0,5000.0,788300.0
398,2021-10-22 06:25:50,28000.0,500.0,783300.0
399,2021-10-22 06:25:50,28000.0,1600.0,782800.0
400,2021-10-22 06:25:50,28000.0,8000.0,781200.0
401,2021-10-22 06:25:50,28000.0,10500.0,773200.0
402,2021-10-22 06:25:50,28000.0,500.0,762700.0
403,2021-10-22 06:25:50,28000.0,100.0,762200.0
404,2021-10-22 06:25:50,28000.0,300.0,762100.0
405,2021-10-22 06:25:50,28000.0,1000.0,761800.0
406,2021-10-22 06:25:50,28000.0,200.0,760800.0
407,2021-10-22 06:25:50,28000.0,3000.0,760600.0
408,2021-10-22 06:25:50,28000.0,100.0,757600.0
409,2021-10-22 06:25:50,28000.0,100.0,757500.0
410,2021-10-22 06:25:50,28000.0,3000.0,757400.0
411,2021-10-22 06:25:50,28000.0,1000.0,754400.0
412,2021-10-22 06:25:50,28000.0,100.0,753400.0
413,2021-10-22 06:25:50,28000.0,2000.0,753300.0
414,2021-10-22 06:25:50,28000.0,100.0,751300.0
415,2021-10-22 06:25:50,28000.0,200.0,751200.0
416,2021-10-22 06:25:50,28000.0,1000.0,751000.0
417,2021-10-22 06:25:50,28000.0,1000.0,750000.0
418,2021-10-22 06:25:50,28000.0,2000.0,749000.0
419,2021-10-22 06:25:50,28000.0,500.0,747000.0
420,2021-10-22 06:25:50,28000.0,100.0,746500.0
421,2021-10-22 06:25:50,28000.0,1000.0,746400.0
422,2021-10-22 06:25:50,28000.0,500.0,745400.0
423,2021-10-22 06:25:50,28000.0,100.0,744900.0
424,2021-10-22 06:25:50,28000.0,100.0,744800.0
425,2021-10-22 06:25:50,28000.0,1000.0,744700.0
426,2021-10-22 06:25:50,28000.0,500.0,743700.0
427,2021-10-22 06:25:50,28000.0,5500.0,743200.0
428,2021-10-22 06:25:45,28000.0,300.0,737700.0
429,2021-10-22 06:25:45,28000.0,5000.0,737400.0
430,2021-10-22 06:25:45,28000.0,100.0,732400.0
431,2021-10-22 06:25:45,28000.0,200.0,732300.0
432,2021-10-22 06:25:45,28000.0,200.0,732100.0
433,2021-10-22 06:25:45,28000.0,100.0,731900.0
434,2021-10-22 06:25:45,28000.0,100.0,731800.0
435,2021-10-22 06:25:45,28000.0,1000.0,731700.0
436,2021-10-22 06:25:45,28000.0,8300.0,730700.0
437,2021-10-22 06:25:45,28000.0,5000.0,722400.0
438,2021-10-22 06:25:45,28000.0,200.0,717400.0
439,2021-10-22 06:25:45,28000.0,1000.0,717200.0
440,2021-10-22 06:25:45,28000.0,300.0,716200.0
441,2021-10-22 06:25:45,28000.0,200.0,715900.0
442,2021-10-22 06:25:45,28000.0,500.0,715700.0
443,2021-10-22 06:25:45,28000.0,100.0,715200.0
444,2021-10-22 06:25:45,28000.0,1000.0,715100.0
445,2021-10-22 06:25:45,28000.0,500.0,714100.0
446,2021-10-22 06:25:45,28000.0,500.0,713600.0
447,2021-10-22 06:25:45,28000.0,1000.0,713100.0
448,2021-10-22 06:25:45,28000.0,200.0,712100.0
449,2021-10-22 06:25:45,28000.0,1000.0,711900.0
450,2021-10-22 06:25:45,28050.0,100.0,710900.0
451,2021-10-22 06:25:45,28050.0,2000.0,710800.0
452,2021-10-22 06:25:45,28050.0,26000.0,708800.0
453,2021-10-22 06:25:45,28100.0,5000.0,682800.0
454,2021-10-22 06:25:45,28100.0,3000.0,677800.0
455,2021-10-22 06:25:45,28100.0,3000.0,674800.0
456,2021-10-22 06:25:45,28100.0,500.0,671800.0
457,2021-10-22 06:25:45,28100.0,300.0,671300.0
458,2021-10-22 06:25:45,28100.0,500.0,671000.0
459,2021-10-22 06:25:45,28100.0,1000.0,670500.0
460,2021-10-22 06:25:45,28100.0,200.0,669500.0
461,2021-10-22 06:25:45,28100.0,100.0,669300.0
462,2021-10-22 06:25:45,28100.0,5000.0,669200.0
463,2021-10-22 06:25:45,28150.0,100.0,664200.0
464,2021-10-22 06:25:45,28200.0,2000.0,664100.0
465,2021-10-22 06:25:45,28200.0,500.0,662100.0
466,2021-10-22 06:25:45,28200.0,200.0,661600.0
467,2021-10-22 06:25:45,28200.0,1000.0,661400.0
468,2021-10-22 06:25:45,28200.0,200.0,660400.0
469,2021-10-22 06:25:45,28200.0,100.0,660200.0
470,2021-10-22 06:25:45,28200.0,1000.0,660100.0
471,2021-10-22 06:25:45,28200.0,200.0,659100.0
472,2021-10-22 06:25:45,28200.0,200.0,658900.0
473,2021-10-22 06:25:45,28200.0,1000.0,658700.0
474,2021-10-22 06:25:45,28200.0,2000.0,657700.0
475,2021-10-22 06:25:45,28200.0,1300.0,655700.0
476,2021-10-22 06:25:45,28200.0,1000.0,654400.0
477,2021-10-22 06:25:45,28250.0,200.0,653400.0
478,2021-10-22 06:25:45,28250.0,100.0,653200.0
479,2021-10-22 06:25:45,28250.0,6500.0,653100.0
480,2021-10-22 06:25:45,28300.0,100.0,646600.0
481,2021-10-22 06:25:45,28300.0,600.0,646500.0
482,2021-10-22 06:25:45,28300.0,300.0,645900.0
483,2021-10-22 06:25:45,28300.0,600.0,645600.0
484,2021-10-22 06:25:45,28300.0,300.0,645000.0
485,2021-10-22 06:25:45,28300.0,600.0,644700.0
486,2021-10-22 06:25:45,28300.0,100.0,644100.0
487,2021-10-22 06:25:45,28300.0,100.0,644000.0
488,2021-10-22 06:25:45,28300.0,100.0,643900.0
489,2021-10-22 06:25:45,28300.0,500.0,643800.0
490,2021-10-22 06:25:45,28300.0,5000.0,643300.0
491,2021-10-22 06:25:45,28300.0,100.0,638300.0
492,2021-10-22 06:25:45,28300.0,1000.0,638200.0
493,2021-10-22 06:25:45,28300.0,8700.0,637200.0
494,2021-10-22 06:25:45,28300.0,200.0,628500.0
495,2021-10-22 06:25:45,28300.0,100.0,628300.0
496,2021-10-22 06:25:45,28350.0,500.0,628200.0
497,2021-10-22 06:25:45,28350.0,15500.0,627700.0
498,2021-10-22 06:25:45,28350.0,500.0,612200.0
499,2021-10-22 06:25:45,28350.0,500.0,611700.0
500,2021-10-22 06:25:45,28350.0,200.0,611200.0
501,2021-10-22 06:25:45,28350.0,300.0,611000.0
502,2021-10-22 06:25:45,28350.0,100.0,610700.0
503,2021-10-22 06:25:45,28400.0,100.0,610600.0
504,2021-10-22 06:25:45,28400.0,1000.0,610500.0
505,2021-10-22 06:25:45,28400.0,1000.0,609500.0
506,2021-10-22 06:25:45,28400.0,100.0,608500.0
507,2021-10-22 06:25:45,28400.0,200.0,608400.0
508,2021-10-22 06:25:45,28400.0,1000.0,608200.0
509,2021-10-22 06:25:45,28400.0,3300.0,607200.0
510,2021-10-22 06:25:45,28400.0,100.0,603900.0
511,2021-10-22 06:25:45,28400.0,2500.0,603800.0
512,2021-10-22 06:25:45,28400.0,100.0,601300.0
513,2021-10-22 06:25:45,28400.0,2000.0,601200.0
514,2021-10-22 06:25:45,28400.0,100.0,599200.0
515,2021-10-22 06:25:45,28400.0,100.0,599100.0
516,2021-10-22 06:25:45,28400.0,400.0,599000.0
517,2021-10-22 06:25:45,28400.0,1800.0,598600.0
518,2021-10-22 06:25:45,28400.0,200.0,596800.0
519,2021-10-22 06:25:45,28400.0,200.0,596600.0
520,2021-10-22 06:25:45,28400.0,500.0,596400.0
521,2021-10-22 06:25:45,28400.0,1000.0,595900.0
522,2021-10-22 06:25:45,28400.0,500.0,594900.0
523,2021-10-22 06:25:45,28400.0,1000.0,594400.0
524,2021-10-22 06:25:45,28400.0,200.0,593400.0
525,2021-10-22 06:25:45,28400.0,100.0,593200.0
526,2021-10-22 06:25:45,28400.0,100.0,593100.0
527,2021-10-22 06:25:45,28400.0,200.0,593000.0
528,2021-10-22 06:25:45,28400.0,500.0,592800.0
529,2021-10-22 06:25:45,28400.0,2500.0,592300.0
530,2021-10-22 06:25:45,28400.0,700.0,589800.0
531,2021-10-22 06:25:45,28400.0,2600.0,589100.0
532,2021-10-22 06:25:45,28450.0,2000.0,586500.0
533,2021-10-22 06:25:45,28450.0,2000.0,584500.0
534,2021-10-22 06:25:45,28450.0,500.0,582500.0
535,2021-10-22 06:25:45,28450.0,100.0,582000.0
536,2021-10-22 06:25:45,28450.0,300.0,581900.0
537,2021-10-22 06:25:45,28450.0,1000.0,581600.0
538,2021-10-22 06:25:45,28450.0,100.0,580600.0
539,2021-10-22 06:25:45,28450.0,100.0,580500.0
540,2021-10-22 06:25:45,28450.0,300.0,580400.0
541,2021-10-22 06:25:45,28500.0,500.0,580100.0
542,2021-10-22 06:25:45,28500.0,100.0,579600.0
543,2021-10-22 06:25:45,28500.0,300.0,579500.0
544,2021-10-22 06:25:45,28500.0,1000.0,579200.0
545,2021-10-22 06:25:45,28500.0,500.0,578200.0
546,2021-10-22 06:25:02,28500.0,900.0,577700.0
547,2021-10-22 06:25:02,28500.0,100.0,576800.0
548,2021-10-22 06:24:47,28550.0,200.0,576700.0
549,2021-10-22 06:23:23,28550.0,200.0,576500.0
550,2021-10-22 06:20:33,28550.0,500.0,576300.0
551,2021-10-22 06:19:00,28550.0,200.0,575800.0
552,2021-10-22 06:18:55,28550.0,200.0,575600.0
553,2021-10-22 06:18:15,28550.0,500.0,575400.0
554,2021-10-22 06:17:31,28550.0,5500.0,574900.0
555,2021-10-22 06:17:15,28550.0,1800.0,569400.0
556,2021-10-22 06:17:15,28500.0,3700.0,567600.0
557,2021-10-22 06:17:03,28500.0,5300.0,563900.0
558,2021-10-22 06:17:03,28500.0,200.0,558600.0
559,2021-10-22 06:16:57,28500.0,300.0,558400.0
560,2021-10-22 06:16:40,28500.0,1000.0,558100.0
561,2021-10-22 06:15:49,28500.0,2000.0,557100.0
562,2021-10-22 06:15:26,28450.0,2200.0,555100.0
563,2021-10-22 06:15:26,28450.0,200.0,552900.0
564,2021-10-22 06:15:26,28450.0,100.0,552700.0
565,2021-10-22 06:15:26,28450.0,200.0,552600.0
566,2021-10-22 06:15:26,28450.0,200.0,552400.0
567,2021-10-22 06:15:26,28450.0,300.0,552200.0
568,2021-10-22 06:15:26,28450.0,500.0,551900.0
569,2021-10-22 06:15:26,28450.0,300.0,551400.0
570,2021-10-22 06:15:19,28500.0,200.0,551100.0
571,2021-10-22 06:15:15,28500.0,500.0,550900.0
572,2021-10-22 06:14:49,28500.0,100.0,550400.0
573,2021-10-22 06:14:49,28500.0,100.0,550300.0
574,2021-10-22 06:14:49,28500.0,500.0,550200.0
575,2021-10-22 06:14:49,28500.0,100.0,549700.0
576,2021-10-22 06:14:33,28500.0,100.0,549600.0
577,2021-10-22 06:12:07,28600.0,2300.0,549500.0
578,2021-10-22 06:12:07,28600.0,300.0,547200.0
579,2021-10-22 06:12:07,28550.0,700.0,546900.0
580,2021-10-22 06:12:07,28550.0,1700.0,546200.0
581,2021-10-22 06:11:50,28550.0,5500.0,544500.0
582,2021-10-22 06:11:24,28550.0,4500.0,539000.0
583,2021-10-22 06:11:24,28500.0,10100.0,534500.0
584,2021-10-22 06:11:24,28500.0,1400.0,524400.0
585,2021-10-22 06:11:24,28500.0,4000.0,523000.0
586,2021-10-22 06:11:00,28450.0,600.0,519000.0
587,2021-10-22 06:10:30,28500.0,5000.0,518400.0
588,2021-10-22 06:10:11,28500.0,100.0,513400.0
589,2021-10-22 06:09:53,28550.0,200.0,513300.0
590,2021-10-22 06:09:37,28550.0,3100.0,513100.0
591,2021-10-22 06:09:37,28550.0,1000.0,510000.0
592,2021-10-22 06:09:37,28500.0,3000.0,509000.0
593,2021-10-22 06:09:37,28500.0,7900.0,506000.0
594,2021-10-22 06:09:24,28500.0,12200.0,498100.0
595,2021-10-22 06:09:24,28500.0,2800.0,485900.0
596,2021-10-22 06:09:05,28500.0,1000.0,483100.0
597,2021-10-22 06:08:32,28500.0,200.0,482100.0
598,2021-10-22 06:07:28,28500.0,1700.0,481900.0
599,2021-10-22 06:07:28,28500.0,200.0,480200.0
600,2021-10-22 06:07:28,28500.0,400.0,480000.0
601,2021-10-22 06:07:28,28550.0,10000.0,479600.0
602,2021-10-22 06:07:28,28550.0,1100.0,469600.0
603,2021-10-22 06:07:28,28550.0,100.0,468500.0
604,2021-10-22 06:07:28,28550.0,2500.0,468400.0
605,2021-10-22 06:06:37,28550.0,200.0,465900.0
606,2021-10-22 06:06:22,28550.0,100.0,465700.0
607,2021-10-22 06:06:22,28550.0,2000.0,465600.0
608,2021-10-22 06:06:22,28550.0,2700.0,463600.0
609,2021-10-22 06:05:25,28500.0,300.0,460900.0
610,2021-10-22 06:02:41,28500.0,300.0,460600.0
611,2021-10-22 06:01:50,28450.0,300.0,460300.0
612,2021-10-22 06:00:30,28450.0,800.0,460000.0
613,2021-10-22 06:00:30,28450.0,100.0,459200.0
614,2021-10-22 06:00:30,28450.0,100.0,459100.0
615,2021-10-22 06:00:30,28450.0,200.0,459000.0
616,2021-10-22 06:00:13,28450.0,200.0,458800.0
617,2021-10-22 06:00:03,28450.0,100.0,458600.0
618,2021-10-22 04:29:04,28450.0,100.0,458500.0
619,2021-10-22 04:29:04,28450.0,100.0,458400.0
620,2021-10-22 04:26:29,28450.0,500.0,458300.0
621,2021-10-22 04:25:53,28550.0,900.0,457800.0
622,2021-10-22 04:25:53,28550.0,300.0,456900.0
623,2021-10-22 04:24:51,28450.0,400.0,456600.0
624,2021-10-22 04:24:51,28450.0,100.0,456200.0
625,2021-10-22 04:24:51,28450.0,500.0,456100.0
626,2021-10-22 04:24:51,28450.0,500.0,455600.0
627,2021-10-22 04:24:51,28450.0,3000.0,455100.0
628,2021-10-22 04:24:51,28500.0,100.0,452100.0
629,2021-10-22 04:24:51,28500.0,500.0,452000.0
630,2021-10-22 04:24:51,28500.0,100.0,451500.0
631,2021-10-22 04:24:51,28500.0,100.0,451400.0
632,2021-10-22 04:24:51,28500.0,500.0,451300.0
633,2021-10-22 04:24:51,28500.0,100.0,450800.0
634,2021-10-22 04:24:51,28500.0,100.0,450700.0
635,2021-10-22 04:23:50,28500.0,5000.0,450600.0
636,2021-10-22 04:23:47,28500.0,4900.0,445600.0
637,2021-10-22 04:23:47,28500.0,100.0,440700.0
638,2021-10-22 04:20:34,28550.0,200.0,440600.0
639,2021-10-22 04:19:40,28550.0,100.0,440400.0
640,2021-10-22 04:19:18,28550.0,200.0,440300.0
641,2021-10-22 04:18:21,28500.0,800.0,440100.0
642,2021-10-22 04:17:58,28550.0,400.0,439300.0
643,2021-10-22 04:17:58,28550.0,100.0,438900.0
644,2021-10-22 04:17:17,28550.0,100.0,438800.0
645,2021-10-22 04:16:40,28500.0,100.0,438700.0
646,2021-10-22 04:16:40,28500.0,100.0,438600.0
647,2021-10-22 04:14:46,28500.0,100.0,438500.0
648,2021-10-22 04:14:01,28500.0,100.0,438400.0
649,2021-10-22 04:14:01,28500.0,300.0,438300.0
650,2021-10-22 04:14:01,28500.0,100.0,438000.0
651,2021-10-22 04:14:01,28500.0,100.0,437900.0
652,2021-10-22 04:14:01,28500.0,700.0,437800.0
653,2021-10-22 04:14:01,28500.0,1000.0,437100.0
654,2021-10-22 04:14:01,28500.0,1400.0,436100.0
655,2021-10-22 04:14:01,28500.0,100.0,434700.0
656,2021-10-22 04:14:01,28500.0,200.0,434600.0
657,2021-10-22 04:14:01,28500.0,500.0,434400.0
658,2021-10-22 04:14:01,28500.0,500.0,433900.0
659,2021-10-22 04:13:42,28500.0,400.0,433400.0
660,2021-10-22 04:13:42,28500.0,100.0,433000.0
661,2021-10-22 04:10:04,28550.0,100.0,432900.0
662,2021-10-22 04:09:37,28550.0,500.0,432800.0
663,2021-10-22 04:09:10,28550.0,500.0,432300.0
664,2021-10-22 04:09:04,28550.0,100.0,431800.0
665,2021-10-22 04:08:48,28550.0,100.0,431700.0
666,2021-10-22 04:08:05,28550.0,2500.0,431600.0
667,2021-10-22 04:08:00,28550.0,1000.0,429100.0
668,2021-10-22 04:08:00,28550.0,100.0,428100.0
669,2021-10-22 04:07:28,28500.0,1000.0,428000.0
670,2021-10-22 04:06:17,28550.0,200.0,427000.0
671,2021-10-22 04:06:17,28550.0,100.0,426800.0
672,2021-10-22 04:05:54,28550.0,100.0,426700.0
673,2021-10-22 04:01:03,28550.0,100.0,426600.0
674,2021-10-22 03:54:36,28500.0,500.0,426500.0
675,2021-10-22 03:53:01,28500.0,200.0,426000.0
676,2021-10-22 03:51:41,28500.0,700.0,425800.0
677,2021-10-22 03:51:12,28500.0,100.0,425100.0
678,2021-10-22 03:51:12,28500.0,500.0,425000.0
679,2021-10-22 03:51:12,28500.0,1000.0,424500.0
680,2021-10-22 03:51:12,28500.0,100.0,423500.0
681,2021-10-22 03:51:12,28500.0,500.0,423400.0
682,2021-10-22 03:51:12,28500.0,100.0,422900.0
683,2021-10-22 03:51:12,28500.0,1000.0,422800.0
684,2021-10-22 03:50:01,28500.0,1500.0,421800.0
685,2021-10-22 03:50:01,28500.0,200.0,420300.0
686,2021-10-22 03:50:01,28500.0,200.0,420100.0
687,2021-10-22 03:49:32,28550.0,100.0,419900.0
688,2021-10-22 03:47:05,28600.0,200.0,419800.0
689,2021-10-22 03:45:48,28500.0,300.0,419600.0
690,2021-10-22 03:44:45,28500.0,100.0,419300.0
691,2021-10-22 03:44:45,28500.0,200.0,419200.0
692,2021-10-22 03:44:45,28500.0,700.0,419000.0
693,2021-10-22 03:38:54,28500.0,300.0,418300.0
694,2021-10-22 03:38:54,28500.0,2500.0,418000.0
695,2021-10-22 03:38:54,28500.0,1000.0,415500.0
696,2021-10-22 03:38:54,28500.0,100.0,414500.0
697,2021-10-22 03:38:41,28550.0,100.0,414400.0
698,2021-10-22 03:38:41,28550.0,1000.0,414300.0
699,2021-10-22 03:33:40,28550.0,900.0,413300.0
700,2021-10-22 03:33:40,28550.0,1100.0,412400.0
701,2021-10-22 03:33:29,28500.0,100.0,411300.0
702,2021-10-22 03:33:15,28500.0,200.0,411200.0
703,2021-10-22 03:32:29,28550.0,1000.0,411000.0
704,2021-10-22 03:31:30,28500.0,100.0,410000.0
705,2021-10-22 03:30:46,28500.0,100.0,409900.0
706,2021-10-22 03:28:58,28500.0,4600.0,409800.0
707,2021-10-22 03:28:58,28500.0,400.0,405200.0
708,2021-10-22 03:27:06,28550.0,300.0,404800.0
709,2021-10-22 03:26:46,28550.0,1000.0,404500.0
710,2021-10-22 03:26:44,28550.0,2000.0,403500.0
711,2021-10-22 03:26:29,28550.0,200.0,401500.0
712,2021-10-22 03:25:55,28550.0,300.0,401300.0
713,2021-10-22 03:25:39,28550.0,500.0,401000.0
714,2021-10-22 03:25:35,28500.0,100.0,400500.0
715,2021-10-22 03:25:18,28500.0,1000.0,400400.0
716,2021-10-22 03:24:19,28550.0,500.0,399400.0
717,2021-10-22 03:22:25,28400.0,200.0,398900.0
718,2021-10-22 03:21:54,28400.0,100.0,398700.0
719,2021-10-22 03:21:37,28400.0,400.0,398600.0
720,2021-10-22 03:21:35,28400.0,300.0,398200.0
721,2021-10-22 03:21:35,28400.0,3100.0,397900.0
722,2021-10-22 03:20:54,28400.0,300.0,394800.0
723,2021-10-22 03:20:21,28400.0,600.0,394500.0
724,2021-10-22 03:20:14,28400.0,200.0,393900.0
725,2021-10-22 03:20:14,28400.0,3000.0,393700.0
726,2021-10-22 03:20:14,28400.0,300.0,390700.0
727,2021-10-22 03:20:14,28400.0,100.0,390400.0
728,2021-10-22 03:20:14,28400.0,1000.0,390300.0
729,2021-10-22 03:20:14,28400.0,100.0,389300.0
730,2021-10-22 03:20:14,28400.0,200.0,389200.0
731,2021-10-22 03:20:14,28400.0,300.0,389000.0
732,2021-10-22 03:20:14,28400.0,100.0,388700.0
733,2021-10-22 03:20:14,28400.0,300.0,388600.0
734,2021-10-22 03:20:14,28400.0,39800.0,388300.0
735,2021-10-22 03:20:01,28400.0,60200.0,348500.0
736,2021-10-22 03:20:01,28400.0,100000.0,288300.0
737,2021-10-22 03:20:01,28400.0,200.0,188300.0
738,2021-10-22 03:20:01,28450.0,500.0,188100.0
739,2021-10-22 03:20:01,28450.0,1000.0,187600.0
740,2021-10-22 03:20:01,28450.0,100.0,186600.0
741,2021-10-22 03:20:01,28450.0,100.0,186500.0
742,2021-10-22 03:20:01,28450.0,300.0,186400.0
743,2021-10-22 03:20:01,28450.0,300.0,186100.0
744,2021-10-22 03:20:01,28450.0,100.0,185800.0
745,2021-10-22 03:20:01,28450.0,100.0,185700.0
746,2021-10-22 03:20:01,28450.0,100.0,185600.0
747,2021-10-22 03:20:01,28450.0,1800.0,185500.0
748,2021-10-22 03:20:01,28450.0,2000.0,183700.0
749,2021-10-22 03:20:01,28500.0,600.0,181700.0
750,2021-10-22 03:20:01,28500.0,100.0,181100.0
751,2021-10-22 03:20:01,28500.0,500.0,181000.0
752,2021-10-22 03:20:01,28500.0,200.0,180500.0
753,2021-10-22 03:20:01,28500.0,100.0,180300.0
754,2021-10-22 03:20:01,28500.0,200.0,180200.0
755,2021-10-22 03:20:01,28500.0,100.0,180000.0
756,2021-10-22 03:20:01,28500.0,100.0,179900.0
757,2021-10-22 03:20:01,28500.0,300.0,179800.0
758,2021-10-22 03:20:01,28500.0,100.0,179500.0
759,2021-10-22 03:20:01,28500.0,5000.0,179400.0
760,2021-10-22 03:20:01,28500.0,100.0,174400.0
761,2021-10-22 03:20:01,28500.0,1000.0,174300.0
762,2021-10-22 03:20:01,28500.0,300.0,173300.0
763,2021-10-22 03:20:01,28500.0,100.0,173000.0
764,2021-10-22 03:20:01,28500.0,300.0,172900.0
765,2021-10-22 03:20:01,28500.0,2500.0,172600.0
766,2021-10-22 03:20:01,28500.0,1000.0,170100.0
767,2021-10-22 03:20:01,28500.0,3000.0,169100.0
768,2021-10-22 03:20:01,28500.0,100.0,166100.0
769,2021-10-22 03:20:01,28500.0,1100.0,166000.0
770,2021-10-22 03:20:01,28500.0,100.0,164900.0
771,2021-10-22 03:20:01,28500.0,1000.0,164800.0
772,2021-10-22 03:20:01,28500.0,200.0,163800.0
773,2021-10-22 03:20:01,28500.0,200.0,163600.0
774,2021-10-22 03:20:01,28500.0,100.0,163400.0
775,2021-10-22 03:20:01,28500.0,2000.0,163300.0
776,2021-10-22 03:20:01,28500.0,100.0,161300.0
777,2021-10-22 03:20:01,28500.0,200.0,161200.0
778,2021-10-22 03:20:01,28500.0,300.0,161000.0
779,2021-10-22 03:20:01,28500.0,300.0,160700.0
780,2021-10-22 03:20:01,28500.0,500.0,160400.0
781,2021-10-22 03:20:01,28500.0,100.0,159900.0
782,2021-10-22 03:20:01,28500.0,1200.0,159800.0
783,2021-10-22 03:20:01,28500.0,1000.0,158600.0
784,2021-10-22 03:20:01,28500.0,1100.0,157600.0
785,2021-10-22 03:19:49,28550.0,500.0,156500.0
786,2021-10-22 03:19:49,28550.0,1500.0,156000.0
787,2021-10-22 03:19:36,28550.0,1500.0,154500.0
788,2021-10-22 03:19:36,28550.0,100.0,153000.0
789,2021-10-22 03:19:36,28550.0,100.0,152900.0
790,2021-10-22 03:19:36,28550.0,500.0,152800.0
791,2021-10-22 03:19:36,28550.0,200.0,152300.0
792,2021-10-22 03:19:36,28550.0,100.0,152100.0
793,2021-10-22 03:18:16,28550.0,100.0,152000.0
794,2021-10-22 03:18:16,28550.0,200.0,151900.0
795,2021-10-22 03:17:06,28550.0,3000.0,151700.0
796,2021-10-22 03:16:57,28600.0,100.0,148700.0
797,2021-10-22 03:16:55,28600.0,400.0,148600.0
798,2021-10-22 03:16:55,28600.0,500.0,148200.0
799,2021-10-22 03:14:29,28600.0,300.0,147700.0
800,2021-10-22 03:13:11,28600.0,200.0,147400.0
801,2021-10-22 03:12:14,28550.0,300.0,147200.0
802,2021-10-22 03:12:02,28550.0,1000.0,146900.0
803,2021-10-22 03:08:21,28500.0,5300.0,145900.0
804,2021-10-22 03:08:13,28500.0,1500.0,140600.0
805,2021-10-22 03:07:49,28500.0,2000.0,139100.0
806,2021-10-22 03:07:09,28500.0,100.0,137100.0
807,2021-10-22 03:07:09,28500.0,200.0,137000.0
808,2021-10-22 03:07:09,28550.0,300.0,136800.0
809,2021-10-22 03:06:40,28600.0,100.0,136500.0
810,2021-10-22 03:06:35,28550.0,2300.0,136400.0
811,2021-10-22 03:05:27,28550.0,2400.0,134100.0
812,2021-10-22 03:05:27,28550.0,300.0,131700.0
813,2021-10-22 03:05:27,28550.0,300.0,131400.0
814,2021-10-22 03:05:21,28600.0,5000.0,131100.0
815,2021-10-22 03:05:16,28600.0,200.0,126100.0
816,2021-10-22 03:04:48,28550.0,1000.0,125900.0
817,2021-10-22 03:04:48,28550.0,500.0,124900.0
818,2021-10-22 03:04:28,28600.0,2000.0,124400.0
819,2021-10-22 03:04:18,28600.0,200.0,122400.0
820,2021-10-22 03:04:07,28600.0,300.0,122200.0
821,2021-10-22 03:02:54,28600.0,1000.0,121900.0
822,2021-10-22 03:02:54,28550.0,1000.0,120900.0
823,2021-10-22 03:02:53,28600.0,200.0,119900.0
824,2021-10-22 03:02:03,28600.0,1000.0,119700.0
825,2021-10-22 03:01:23,28550.0,500.0,118700.0
826,2021-10-22 03:00:48,28650.0,300.0,118200.0
827,2021-10-22 03:00:11,28650.0,300.0,117900.0
828,2021-10-22 03:00:11,28600.0,200.0,117600.0
829,2021-10-22 02:59:04,28600.0,1000.0,117400.0
830,2021-10-22 02:59:00,28600.0,900.0,116400.0
831,2021-10-22 02:59:00,28600.0,2000.0,115500.0
832,2021-10-22 02:59:00,28600.0,600.0,113500.0
833,2021-10-22 02:59:00,28600.0,100.0,112900.0
834,2021-10-22 02:59:00,28600.0,200.0,112800.0
835,2021-10-22 02:58:12,28600.0,100.0,112600.0
836,2021-10-22 02:57:56,28600.0,200.0,112500.0
837,2021-10-22 02:57:45,28650.0,200.0,112300.0
838,2021-10-22 02:57:42,28650.0,200.0,112100.0
839,2021-10-22 02:57:38,28650.0,100.0,111900.0
840,2021-10-22 02:57:38,28650.0,300.0,111800.0
841,2021-10-22 02:56:33,28700.0,100.0,111500.0
842,2021-10-22 02:55:18,28700.0,100.0,111400.0
843,2021-10-22 02:55:05,28700.0,100.0,111300.0
844,2021-10-22 02:54:09,28700.0,100.0,111200.0
845,2021-10-22 02:53:38,28700.0,200.0,111100.0
846,2021-10-22 02:53:38,28700.0,1000.0,110900.0
847,2021-10-22 02:53:38,28700.0,4500.0,109900.0
848,2021-10-22 02:53:31,28700.0,500.0,105400.0
849,2021-10-22 02:53:31,28700.0,300.0,104900.0
850,2021-10-22 02:53:31,28700.0,100.0,104600.0
851,2021-10-22 02:53:23,28700.0,400.0,104500.0
852,2021-10-22 02:53:23,28700.0,300.0,104100.0
853,2021-10-22 02:53:23,28700.0,300.0,103800.0
854,2021-10-22 02:53:23,28700.0,900.0,103500.0
855,2021-10-22 02:53:23,28700.0,3100.0,102600.0
856,2021-10-22 02:53:19,28700.0,200.0,99500.0
857,2021-10-22 02:53:08,28700.0,100.0,99300.0
858,2021-10-22 02:53:08,28700.0,100.0,99200.0
859,2021-10-22 02:53:08,28700.0,100.0,99100.0
860,2021-10-22 02:52:50,28700.0,100.0,99000.0
861,2021-10-22 02:52:49,28750.0,5000.0,98900.0
862,2021-10-22 02:52:11,28750.0,100.0,93900.0
863,2021-10-22 02:52:11,28750.0,600.0,93800.0
864,2021-10-22 02:52:11,28750.0,1000.0,93200.0
865,2021-10-22 02:52:05,28750.0,100.0,92200.0
866,2021-10-22 02:51:56,28750.0,300.0,92100.0
867,2021-10-22 02:51:52,28750.0,500.0,91800.0
868,2021-10-22 02:51:03,28750.0,500.0,91300.0
869,2021-10-22 02:51:03,28750.0,100.0,90800.0
870,2021-10-22 02:50:48,28750.0,200.0,90700.0
871,2021-10-22 02:50:42,28750.0,400.0,90500.0
872,2021-10-22 02:50:34,28750.0,300.0,90100.0
873,2021-10-22 02:50:34,28750.0,200.0,89800.0
874,2021-10-22 02:49:48,28750.0,300.0,89600.0
875,2021-10-22 02:49:48,28750.0,700.0,89300.0
876,2021-10-22 02:48:38,28800.0,100.0,88600.0
877,2021-10-22 02:48:38,28800.0,100.0,88500.0
878,2021-10-22 02:47:10,28800.0,100.0,88400.0
879,2021-10-22 02:47:10,28800.0,200.0,88300.0
880,2021-10-22 02:47:10,28800.0,500.0,88100.0
881,2021-10-22 02:47:10,28800.0,100.0,87600.0
882,2021-10-22 02:46:52,28800.0,200.0,87500.0
883,2021-10-22 02:46:32,28750.0,1000.0,87300.0
884,2021-10-22 02:46:09,28750.0,100.0,86300.0
885,2021-10-22 02:46:08,28750.0,1000.0,86200.0
886,2021-10-22 02:45:54,28750.0,1500.0,85200.0
887,2021-10-22 02:44:43,28750.0,700.0,83700.0
888,2021-10-22 02:44:43,28750.0,500.0,83000.0
889,2021-10-22 02:44:43,28750.0,1800.0,82500.0
890,2021-10-22 02:43:23,28800.0,300.0,80700.0
891,2021-10-22 02:43:23,28800.0,500.0,80400.0
892,2021-10-22 02:43:09,28750.0,100.0,79900.0
893,2021-10-22 02:43:05,28750.0,1400.0,79800.0
894,2021-10-22 02:41:56,28750.0,500.0,78400.0
895,2021-10-22 02:41:37,28750.0,100.0,77900.0
896,2021-10-22 02:41:09,28750.0,600.0,77800.0
897,2021-10-22 02:41:09,28750.0,300.0,77200.0
898,2021-10-22 02:40:10,28800.0,100.0,76900.0
899,2021-10-22 02:39:47,28800.0,500.0,76800.0
900,2021-10-22 02:39:47,28800.0,500.0,76300.0
901,2021-10-22 02:38:54,28800.0,400.0,75800.0
902,2021-10-22 02:38:07,28800.0,100.0,75400.0
903,2021-10-22 02:38:07,28800.0,1100.0,75300.0
904,2021-10-22 02:37:52,28800.0,1000.0,74200.0
905,2021-10-22 02:37:31,28800.0,100.0,73200.0
906,2021-10-22 02:36:46,28900.0,100.0,73100.0
907,2021-10-22 02:36:30,28900.0,400.0,73000.0
908,2021-10-22 02:36:30,28900.0,100.0,72600.0
909,2021-10-22 02:34:04,28900.0,900.0,72500.0
910,2021-10-22 02:33:55,28900.0,100.0,71600.0
911,2021-10-22 02:33:30,28900.0,5000.0,71500.0
912,2021-10-22 02:31:58,29000.0,1000.0,66500.0
913,2021-10-22 02:31:37,29000.0,200.0,65500.0
914,2021-10-22 02:30:21,29000.0,200.0,65300.0
915,2021-10-22 02:30:08,29000.0,200.0,65100.0
916,2021-10-22 02:29:54,28900.0,1500.0,64900.0
917,2021-10-22 02:29:06,29000.0,100.0,63400.0
918,2021-10-22 02:29:01,29000.0,500.0,63300.0
919,2021-10-22 02:29:01,29000.0,200.0,62800.0
920,2021-10-22 02:28:51,29000.0,1000.0,62600.0
921,2021-10-22 02:28:50,29000.0,1000.0,61600.0
922,2021-10-22 02:28:41,29000.0,700.0,60600.0
923,2021-10-22 02:28:33,29000.0,2000.0,59900.0
924,2021-10-22 02:28:33,29000.0,200.0,57900.0
925,2021-10-22 02:28:33,29000.0,400.0,57700.0
926,2021-10-22 02:28:12,29000.0,1000.0,57300.0
927,2021-10-22 02:26:17,29100.0,200.0,56300.0
928,2021-10-22 02:24:40,29100.0,1000.0,56100.0
929,2021-10-22 02:24:40,29100.0,900.0,55100.0
930,2021-10-22 02:24:40,29100.0,500.0,54200.0
931,2021-10-22 02:24:40,29100.0,600.0,53700.0
932,2021-10-22 02:24:23,29100.0,1000.0,53100.0
933,2021-10-22 02:24:20,29100.0,2000.0,52100.0
934,2021-10-22 02:23:54,29100.0,4000.0,50100.0
935,2021-10-22 02:23:54,29100.0,1000.0,46100.0
936,2021-10-22 02:22:47,29150.0,200.0,45100.0
937,2021-10-22 02:20:38,29150.0,4500.0,44900.0
938,2021-10-22 02:20:19,29150.0,3500.0,40400.0
939,2021-10-22 02:20:02,29150.0,2000.0,36900.0
940,2021-10-22 02:19:54,29150.0,500.0,34900.0
941,2021-10-22 02:19:54,29150.0,2000.0,34400.0
942,2021-10-22 02:19:12,29150.0,300.0,32400.0
943,2021-10-22 02:19:08,29200.0,200.0,32100.0
944,2021-10-22 02:18:58,29150.0,500.0,31900.0
945,2021-10-22 02:18:58,29150.0,1000.0,31400.0
946,2021-10-22 02:18:58,29150.0,200.0,30400.0
947,2021-10-22 02:18:52,29150.0,200.0,30200.0
948,2021-10-22 02:17:35,29150.0,1600.0,30000.0
949,2021-10-22 02:17:30,29150.0,8400.0,28400.0
950,2021-10-22 02:17:30,29150.0,1600.0,20000.0
951,2021-10-22 02:17:25,29150.0,300.0,18400.0
952,2021-10-22 02:16:49,29150.0,200.0,18100.0
953,2021-10-22 02:16:29,29150.0,1000.0,17900.0
954,2021-10-22 02:16:21,29150.0,300.0,16900.0
955,2021-10-22 02:15:46,29200.0,300.0,16600.0
956,2021-10-22 02:15:46,29150.0,1700.0,16300.0
957,2021-10-22 02:15:39,29150.0,4300.0,14600.0
958,2021-10-22 02:15:27,29200.0,600.0,10300.0
959,2021-10-22 02:15:27,29200.0,200.0,9700.0
960,2021-10-22 02:15:27,29200.0,200.0,9500.0
961,2021-10-22 02:15:19,29100.0,1300.0,9300.0
962,2021-10-22 02:15:16,29200.0,400.0,8000.0
963,2021-10-22 02:15:12,29200.0,400.0,7600.0
964,2021-10-22 02:15:12,29200.0,100.0,7200.0
965,2021-10-22 02:15:07,29200.0,200.0,7100.0
966,2021-10-22 02:15:00,29100.0,1200.0,6900.0
967,2021-10-22 02:15:00,29100.0,200.0,5700.0
968,2021-10-22 02:15:00,29100.0,200.0,5500.0
969,2021-10-22 02:15:00,29100.0,700.0,5300.0
970,2021-10-22 02:15:00,29100.0,300.0,4600.0
971,2021-10-22 02:15:00,29100.0,100.0,4300.0
972,2021-10-22 02:15:00,29100.0,100.0,4200.0
973,2021-10-22 02:15:00,29100.0,200.0,4100.0
974,2021-10-22 02:15:00,29100.0,500.0,3900.0
975,2021-10-22 02:15:00,29100.0,200.0,3400.0
976,2021-10-22 02:15:00,29100.0,1800.0,3200.0
977,2021-10-22 02:15:00,29100.0,200.0,1400.0
978,2021-10-22 02:15:00,29100.0,200.0,1200.0
979,2021-10-22 02:15:00,29100.0,800.0,1000.0
980,2021-10-22 02:15:00,29100.0,200.0,200.0
