,Time,Price,Volume_per_trade,Volume
0,2021-10-22 07:45:01,18050.0,12300.0,3762000.0
1,2021-10-22 07:45:01,18050.0,10000.0,3749700.0
2,2021-10-22 07:45:01,18050.0,7700.0,3739700.0
3,2021-10-22 07:45:01,18050.0,1000.0,3732000.0
4,2021-10-22 07:45:01,18050.0,500.0,3731000.0
5,2021-10-22 07:45:01,18050.0,1800.0,3730500.0
6,2021-10-22 07:45:01,18050.0,200.0,3728700.0
7,2021-10-22 07:45:01,18050.0,100.0,3728500.0
8,2021-10-22 07:45:01,18050.0,100.0,3728400.0
9,2021-10-22 07:45:01,18050.0,100.0,3728300.0
10,2021-10-22 07:45:01,18050.0,100.0,3728200.0
11,2021-10-22 07:29:29,18050.0,1000.0,3728100.0
12,2021-10-22 07:28:48,18050.0,400.0,3727100.0
13,2021-10-22 07:28:48,18050.0,100.0,3726700.0
14,2021-10-22 07:28:08,18050.0,900.0,3726600.0
15,2021-10-22 07:28:08,18050.0,900.0,3725700.0
16,2021-10-22 07:27:09,18050.0,300.0,3724800.0
17,2021-10-22 07:26:53,18050.0,4000.0,3724500.0
18,2021-10-22 07:24:43,18050.0,700.0,3720500.0
19,2021-10-22 07:24:13,18050.0,200.0,3719800.0
20,2021-10-22 07:22:26,18050.0,100.0,3719600.0
21,2021-10-22 07:22:06,18050.0,200.0,3719500.0
22,2021-10-22 07:22:05,18050.0,1200.0,3719300.0
23,2021-10-22 07:22:05,18050.0,200.0,3718100.0
24,2021-10-22 07:22:05,18050.0,700.0,3717900.0
25,2021-10-22 07:22:05,18050.0,1500.0,3717200.0
26,2021-10-22 07:21:58,18050.0,300.0,3715700.0
27,2021-10-22 07:21:56,18050.0,3200.0,3715400.0
28,2021-10-22 07:21:56,18050.0,500.0,3712200.0
29,2021-10-22 07:21:56,18050.0,700.0,3711700.0
30,2021-10-22 07:21:56,18050.0,1700.0,3711000.0
31,2021-10-22 07:21:45,18050.0,300.0,3709300.0
32,2021-10-22 07:21:45,18050.0,4700.0,3709000.0
33,2021-10-22 07:21:39,18050.0,4400.0,3704300.0
34,2021-10-22 07:21:38,18050.0,2000.0,3699900.0
35,2021-10-22 07:21:34,18050.0,900.0,3697900.0
36,2021-10-22 07:21:34,18050.0,100.0,3697000.0
37,2021-10-22 07:21:34,18050.0,100.0,3696900.0
38,2021-10-22 07:21:34,18050.0,1600.0,3696800.0
39,2021-10-22 07:21:13,18050.0,400.0,3695200.0
40,2021-10-22 07:20:37,18000.0,2600.0,3694800.0
41,2021-10-22 07:20:33,18000.0,500.0,3692200.0
42,2021-10-22 07:20:33,18000.0,500.0,3691700.0
43,2021-10-22 07:20:33,18000.0,300.0,3691200.0
44,2021-10-22 07:20:33,18000.0,500.0,3690900.0
45,2021-10-22 07:20:33,18000.0,1000.0,3690400.0
46,2021-10-22 07:20:33,18000.0,200.0,3689400.0
47,2021-10-22 07:20:33,18000.0,1000.0,3689200.0
48,2021-10-22 07:20:33,18000.0,100.0,3688200.0
49,2021-10-22 07:20:33,18000.0,900.0,3688100.0
50,2021-10-22 07:20:28,18000.0,700.0,3687200.0
51,2021-10-22 07:19:58,18000.0,1400.0,3686500.0
52,2021-10-22 07:19:58,18000.0,900.0,3685100.0
53,2021-10-22 07:19:58,18000.0,700.0,3684200.0
54,2021-10-22 07:19:55,18050.0,1900.0,3683500.0
55,2021-10-22 07:19:51,18050.0,700.0,3681600.0
56,2021-10-22 07:19:20,18050.0,1000.0,3680900.0
57,2021-10-22 07:19:12,18050.0,800.0,3679900.0
58,2021-10-22 07:19:08,18050.0,400.0,3679100.0
59,2021-10-22 07:19:04,18050.0,500.0,3678700.0
60,2021-10-22 07:19:01,18050.0,300.0,3678200.0
61,2021-10-22 07:18:47,18050.0,2400.0,3677900.0
62,2021-10-22 07:18:40,18050.0,4900.0,3675500.0
63,2021-10-22 07:18:36,18050.0,1300.0,3670600.0
64,2021-10-22 07:18:36,18050.0,700.0,3669300.0
65,2021-10-22 07:18:09,18050.0,500.0,3668600.0
66,2021-10-22 07:18:09,18050.0,500.0,3668100.0
67,2021-10-22 07:18:09,18050.0,300.0,3667600.0
68,2021-10-22 07:18:03,18050.0,200.0,3667300.0
69,2021-10-22 07:17:59,18050.0,200.0,3667100.0
70,2021-10-22 07:17:59,18050.0,1600.0,3666900.0
71,2021-10-22 07:17:57,18050.0,400.0,3665300.0
72,2021-10-22 07:17:57,18050.0,100.0,3664900.0
73,2021-10-22 07:17:41,18050.0,2100.0,3664800.0
74,2021-10-22 07:17:41,18050.0,500.0,3662700.0
75,2021-10-22 07:17:41,18050.0,500.0,3662200.0
76,2021-10-22 07:17:41,18050.0,100.0,3661700.0
77,2021-10-22 07:17:41,18050.0,500.0,3661600.0
78,2021-10-22 07:17:41,18050.0,1000.0,3661100.0
79,2021-10-22 07:17:41,18050.0,300.0,3660100.0
80,2021-10-22 07:17:41,18050.0,200.0,3659800.0
81,2021-10-22 07:17:41,18050.0,100.0,3659600.0
82,2021-10-22 07:17:41,18050.0,2000.0,3659500.0
83,2021-10-22 07:17:41,18050.0,1800.0,3657500.0
84,2021-10-22 07:17:41,18050.0,700.0,3655700.0
85,2021-10-22 07:17:41,18050.0,10000.0,3655000.0
86,2021-10-22 07:17:41,18050.0,1000.0,3645000.0
87,2021-10-22 07:17:41,18050.0,100.0,3644000.0
88,2021-10-22 07:17:41,18050.0,100.0,3643900.0
89,2021-10-22 07:17:41,18050.0,1500.0,3643800.0
90,2021-10-22 07:17:41,18050.0,500.0,3642300.0
91,2021-10-22 07:17:41,18050.0,3000.0,3641800.0
92,2021-10-22 07:17:41,18050.0,3000.0,3638800.0
93,2021-10-22 07:17:41,18050.0,1000.0,3635800.0
94,2021-10-22 07:17:41,18050.0,100.0,3634800.0
95,2021-10-22 07:17:41,18050.0,1700.0,3634700.0
96,2021-10-22 07:17:36,18050.0,1300.0,3633000.0
97,2021-10-22 07:17:36,18050.0,200.0,3631700.0
98,2021-10-22 07:17:17,18050.0,200.0,3631500.0
99,2021-10-22 07:17:11,18050.0,800.0,3631300.0
100,2021-10-22 07:17:11,18050.0,200.0,3630500.0
101,2021-10-22 07:17:11,18050.0,500.0,3630300.0
102,2021-10-22 07:17:11,18050.0,500.0,3629800.0
103,2021-10-22 07:17:02,18050.0,200.0,3629300.0
104,2021-10-22 07:16:53,18050.0,1300.0,3629100.0
105,2021-10-22 07:16:53,18050.0,4000.0,3627800.0
106,2021-10-22 07:16:53,18050.0,1800.0,3623800.0
107,2021-10-22 07:16:53,18050.0,1000.0,3622000.0
108,2021-10-22 07:16:53,18050.0,300.0,3621000.0
109,2021-10-22 07:16:53,18050.0,100.0,3620700.0
110,2021-10-22 07:16:43,18050.0,900.0,3620600.0
111,2021-10-22 07:16:43,18050.0,100.0,3619700.0
112,2021-10-22 07:16:38,18050.0,400.0,3619600.0
113,2021-10-22 07:16:38,18050.0,1000.0,3619200.0
114,2021-10-22 07:16:38,18050.0,100.0,3618200.0
115,2021-10-22 07:16:38,18050.0,1500.0,3618100.0
116,2021-10-22 07:16:38,18050.0,1000.0,3616600.0
117,2021-10-22 07:16:38,18050.0,600.0,3615600.0
118,2021-10-22 07:16:38,18050.0,200.0,3615000.0
119,2021-10-22 07:16:38,18050.0,5200.0,3614800.0
120,2021-10-22 07:16:29,18050.0,4800.0,3609600.0
121,2021-10-22 07:16:29,18050.0,2000.0,3604800.0
122,2021-10-22 07:16:29,18050.0,1000.0,3602800.0
123,2021-10-22 07:16:29,18050.0,600.0,3601800.0
124,2021-10-22 07:16:17,18050.0,2400.0,3601200.0
125,2021-10-22 07:16:17,18050.0,600.0,3598800.0
126,2021-10-22 07:16:14,18050.0,2400.0,3598200.0
127,2021-10-22 07:16:14,18050.0,500.0,3595800.0
128,2021-10-22 07:16:14,18050.0,100.0,3595300.0
129,2021-10-22 07:16:14,18050.0,300.0,3595200.0
130,2021-10-22 07:16:14,18050.0,1700.0,3594900.0
131,2021-10-22 07:16:01,18050.0,300.0,3593200.0
132,2021-10-22 07:16:01,18050.0,200.0,3592900.0
133,2021-10-22 07:15:54,18050.0,800.0,3592700.0
134,2021-10-22 07:15:54,18050.0,200.0,3591900.0
135,2021-10-22 07:15:54,18050.0,13200.0,3591700.0
136,2021-10-22 07:15:02,18050.0,10000.0,3578500.0
137,2021-10-22 07:14:33,18050.0,3000.0,3568500.0
138,2021-10-22 07:13:28,18050.0,3800.0,3565500.0
139,2021-10-22 07:13:28,18050.0,800.0,3561700.0
140,2021-10-22 07:13:28,18050.0,400.0,3560900.0
141,2021-10-22 07:13:28,18050.0,1000.0,3560500.0
142,2021-10-22 07:13:28,18050.0,100.0,3559500.0
143,2021-10-22 07:13:28,18050.0,100.0,3559400.0
144,2021-10-22 07:13:28,18050.0,3800.0,3559300.0
145,2021-10-22 07:13:18,18050.0,46400.0,3555500.0
146,2021-10-22 07:12:36,18050.0,5000.0,3509100.0
147,2021-10-22 07:11:52,18050.0,16200.0,3504100.0
148,2021-10-22 07:09:44,18050.0,1000.0,3487900.0
149,2021-10-22 07:09:39,18050.0,5000.0,3486900.0
150,2021-10-22 07:09:10,18050.0,1000.0,3481900.0
151,2021-10-22 07:09:01,18050.0,500.0,3480900.0
152,2021-10-22 07:09:01,18050.0,1000.0,3480400.0
153,2021-10-22 07:07:49,18050.0,100.0,3479400.0
154,2021-10-22 07:07:49,18050.0,9900.0,3479300.0
155,2021-10-22 07:04:40,18050.0,4000.0,3469400.0
156,2021-10-22 07:04:38,18050.0,300.0,3465400.0
157,2021-10-22 07:04:22,18050.0,5000.0,3465100.0
158,2021-10-22 07:00:05,18050.0,5000.0,3460100.0
159,2021-10-22 06:58:37,18050.0,100.0,3455100.0
160,2021-10-22 06:58:19,18050.0,500.0,3455000.0
161,2021-10-22 06:58:05,18050.0,200.0,3454500.0
162,2021-10-22 06:58:05,18050.0,4800.0,3454300.0
163,2021-10-22 06:56:59,18050.0,5000.0,3449500.0
164,2021-10-22 06:55:49,18050.0,2000.0,3444500.0
165,2021-10-22 06:54:40,18050.0,100.0,3442500.0
166,2021-10-22 06:54:22,18050.0,500.0,3442400.0
167,2021-10-22 06:54:22,18050.0,1500.0,3441900.0
168,2021-10-22 06:54:11,18050.0,5000.0,3440400.0
169,2021-10-22 06:54:05,18050.0,1100.0,3435400.0
170,2021-10-22 06:54:05,18050.0,1400.0,3434300.0
171,2021-10-22 06:53:33,18050.0,100.0,3432900.0
172,2021-10-22 06:53:18,18050.0,100.0,3432800.0
173,2021-10-22 06:52:59,18050.0,500.0,3432700.0
174,2021-10-22 06:52:54,18050.0,200.0,3432200.0
175,2021-10-22 06:52:52,18050.0,900.0,3432000.0
176,2021-10-22 06:52:52,18050.0,100.0,3431100.0
177,2021-10-22 06:52:52,18050.0,1000.0,3431000.0
178,2021-10-22 06:52:52,18050.0,5000.0,3430000.0
179,2021-10-22 06:52:52,18050.0,700.0,3425000.0
180,2021-10-22 06:52:27,18050.0,1600.0,3424300.0
181,2021-10-22 06:52:20,18050.0,400.0,3422700.0
182,2021-10-22 06:52:12,18050.0,7300.0,3422300.0
183,2021-10-22 06:52:12,18050.0,10000.0,3415000.0
184,2021-10-22 06:52:12,18050.0,2700.0,3405000.0
185,2021-10-22 06:52:01,18050.0,600.0,3402300.0
186,2021-10-22 06:51:19,18000.0,1100.0,3401700.0
187,2021-10-22 06:51:19,18000.0,100.0,3400600.0
188,2021-10-22 06:51:19,18050.0,3700.0,3400500.0
189,2021-10-22 06:51:19,18050.0,100.0,3396800.0
190,2021-10-22 06:51:19,18050.0,1000.0,3396700.0
191,2021-10-22 06:51:19,18050.0,2200.0,3395700.0
192,2021-10-22 06:51:19,18050.0,1000.0,3393500.0
193,2021-10-22 06:51:19,18050.0,300.0,3392500.0
194,2021-10-22 06:51:19,18050.0,500.0,3392200.0
195,2021-10-22 06:51:17,18050.0,200.0,3391700.0
196,2021-10-22 06:51:16,18050.0,2000.0,3391500.0
197,2021-10-22 06:51:15,18050.0,300.0,3389500.0
198,2021-10-22 06:51:15,18050.0,1000.0,3389200.0
199,2021-10-22 06:51:15,18050.0,15000.0,3388200.0
200,2021-10-22 06:51:15,18050.0,500.0,3373200.0
201,2021-10-22 06:50:44,18050.0,5000.0,3372700.0
202,2021-10-22 06:50:44,18050.0,1000.0,3367700.0
203,2021-10-22 06:50:44,18050.0,800.0,3366700.0
204,2021-10-22 06:50:44,18050.0,400.0,3365900.0
205,2021-10-22 06:50:44,18050.0,300.0,3365500.0
206,2021-10-22 06:50:44,18050.0,3000.0,3365200.0
207,2021-10-22 06:50:44,18050.0,1000.0,3362200.0
208,2021-10-22 06:50:44,18050.0,8500.0,3361200.0
209,2021-10-22 06:49:37,18050.0,1500.0,3352700.0
210,2021-10-22 06:49:37,18050.0,100.0,3351200.0
211,2021-10-22 06:49:37,18050.0,500.0,3351100.0
212,2021-10-22 06:49:37,18050.0,2000.0,3350600.0
213,2021-10-22 06:49:37,18050.0,5000.0,3348600.0
214,2021-10-22 06:49:37,18050.0,3800.0,3343600.0
215,2021-10-22 06:49:37,18050.0,500.0,3339800.0
216,2021-10-22 06:49:37,18050.0,2600.0,3339300.0
217,2021-10-22 06:49:37,18050.0,500.0,3336700.0
218,2021-10-22 06:49:37,18050.0,1000.0,3336200.0
219,2021-10-22 06:49:37,18050.0,500.0,3335200.0
220,2021-10-22 06:49:37,18050.0,500.0,3334700.0
221,2021-10-22 06:49:37,18050.0,1000.0,3334200.0
222,2021-10-22 06:49:37,18050.0,400.0,3333200.0
223,2021-10-22 06:49:37,18050.0,3000.0,3332800.0
224,2021-10-22 06:49:37,18050.0,300.0,3329800.0
225,2021-10-22 06:49:37,18050.0,500.0,3329500.0
226,2021-10-22 06:49:37,18050.0,1300.0,3329000.0
227,2021-10-22 06:49:37,18050.0,300.0,3327700.0
228,2021-10-22 06:49:37,18050.0,1000.0,3327400.0
229,2021-10-22 06:49:37,18050.0,2000.0,3326400.0
230,2021-10-22 06:49:37,18050.0,1000.0,3324400.0
231,2021-10-22 06:49:37,18050.0,500.0,3323400.0
232,2021-10-22 06:49:37,18050.0,300.0,3322900.0
233,2021-10-22 06:49:37,18050.0,1000.0,3322600.0
234,2021-10-22 06:49:37,18050.0,2000.0,3321600.0
235,2021-10-22 06:49:37,18050.0,400.0,3319600.0
236,2021-10-22 06:49:37,18050.0,100.0,3319200.0
237,2021-10-22 06:49:37,18050.0,100.0,3319100.0
238,2021-10-22 06:49:37,18050.0,500.0,3319000.0
239,2021-10-22 06:49:37,18050.0,500.0,3318500.0
240,2021-10-22 06:49:37,18050.0,1500.0,3318000.0
241,2021-10-22 06:49:37,18050.0,500.0,3316500.0
242,2021-10-22 06:49:37,18050.0,500.0,3316000.0
243,2021-10-22 06:49:37,18050.0,300.0,3315500.0
244,2021-10-22 06:49:37,18050.0,12500.0,3315200.0
245,2021-10-22 06:48:29,18050.0,800.0,3302700.0
246,2021-10-22 06:48:18,18050.0,100.0,3301900.0
247,2021-10-22 06:48:03,18050.0,500.0,3301800.0
248,2021-10-22 06:47:26,18050.0,200.0,3301300.0
249,2021-10-22 06:46:55,18050.0,200.0,3301100.0
250,2021-10-22 06:45:44,18050.0,500.0,3300900.0
251,2021-10-22 06:45:06,18050.0,2000.0,3300400.0
252,2021-10-22 06:45:01,18050.0,6800.0,3298400.0
253,2021-10-22 06:44:56,18050.0,1000.0,3291600.0
254,2021-10-22 06:44:35,18050.0,5400.0,3290600.0
255,2021-10-22 06:44:35,18050.0,300.0,3285200.0
256,2021-10-22 06:44:35,18050.0,300.0,3284900.0
257,2021-10-22 06:44:09,18050.0,200.0,3284600.0
258,2021-10-22 06:44:09,18050.0,2000.0,3284400.0
259,2021-10-22 06:44:09,18050.0,2000.0,3282400.0
260,2021-10-22 06:44:09,18050.0,1200.0,3280400.0
261,2021-10-22 06:44:09,18050.0,600.0,3279200.0
262,2021-10-22 06:43:45,18050.0,200.0,3278600.0
263,2021-10-22 06:43:45,18050.0,100.0,3278400.0
264,2021-10-22 06:43:45,18050.0,2400.0,3278300.0
265,2021-10-22 06:43:45,18050.0,500.0,3275900.0
266,2021-10-22 06:43:45,18050.0,200.0,3275400.0
267,2021-10-22 06:43:45,18050.0,1000.0,3275200.0
268,2021-10-22 06:43:45,18050.0,300.0,3274200.0
269,2021-10-22 06:43:35,18050.0,100.0,3273900.0
270,2021-10-22 06:43:31,18050.0,4600.0,3273800.0
271,2021-10-22 06:43:31,18050.0,400.0,3269200.0
272,2021-10-22 06:42:33,18050.0,100.0,3268800.0
273,2021-10-22 06:42:18,18050.0,500.0,3268700.0
274,2021-10-22 06:42:18,18050.0,2000.0,3268200.0
275,2021-10-22 06:42:18,18050.0,1300.0,3266200.0
276,2021-10-22 06:42:18,18050.0,300.0,3264900.0
277,2021-10-22 06:42:18,18050.0,200.0,3264600.0
278,2021-10-22 06:42:18,18050.0,700.0,3264400.0
279,2021-10-22 06:40:16,18050.0,100.0,3263700.0
280,2021-10-22 06:40:10,18050.0,2000.0,3263600.0
281,2021-10-22 06:39:16,18050.0,1600.0,3261600.0
282,2021-10-22 06:38:42,18050.0,600.0,3260000.0
283,2021-10-22 06:38:42,18050.0,4400.0,3259400.0
284,2021-10-22 06:38:00,18050.0,5000.0,3255000.0
285,2021-10-22 06:37:49,18050.0,100.0,3250000.0
286,2021-10-22 06:36:43,18050.0,5000.0,3249900.0
287,2021-10-22 06:36:08,18050.0,300.0,3244900.0
288,2021-10-22 06:34:44,18050.0,200.0,3244600.0
289,2021-10-22 06:34:44,18050.0,700.0,3244400.0
290,2021-10-22 06:34:44,18050.0,4100.0,3243700.0
291,2021-10-22 06:33:46,18050.0,500.0,3239600.0
292,2021-10-22 06:33:15,18050.0,10000.0,3239100.0
293,2021-10-22 06:32:54,18050.0,200.0,3229100.0
294,2021-10-22 06:32:32,18050.0,1000.0,3228900.0
295,2021-10-22 06:31:51,18050.0,100.0,3227900.0
296,2021-10-22 06:31:47,18050.0,4100.0,3227800.0
297,2021-10-22 06:31:47,18050.0,100.0,3223700.0
298,2021-10-22 06:31:47,18050.0,1000.0,3223600.0
299,2021-10-22 06:31:47,18050.0,1500.0,3222600.0
300,2021-10-22 06:31:47,18050.0,1000.0,3221100.0
301,2021-10-22 06:31:47,18050.0,500.0,3220100.0
302,2021-10-22 06:31:47,18050.0,3000.0,3219600.0
303,2021-10-22 06:31:47,18050.0,700.0,3216600.0
304,2021-10-22 06:31:47,18050.0,1500.0,3215900.0
305,2021-10-22 06:31:47,18050.0,1500.0,3214400.0
306,2021-10-22 06:31:47,18050.0,500.0,3212900.0
307,2021-10-22 06:31:47,18050.0,2000.0,3212400.0
308,2021-10-22 06:31:47,18050.0,100.0,3210400.0
309,2021-10-22 06:31:47,18050.0,2500.0,3210300.0
310,2021-10-22 06:31:43,18050.0,500.0,3207800.0
311,2021-10-22 06:31:24,18050.0,500.0,3207300.0
312,2021-10-22 06:31:16,18050.0,1000.0,3206800.0
313,2021-10-22 06:30:00,18050.0,200.0,3205800.0
314,2021-10-22 06:29:39,18050.0,300.0,3205600.0
315,2021-10-22 06:29:39,18050.0,5000.0,3205300.0
316,2021-10-22 06:29:39,18050.0,500.0,3200300.0
317,2021-10-22 06:29:39,18050.0,7400.0,3199800.0
318,2021-10-22 06:29:30,18050.0,2600.0,3192400.0
319,2021-10-22 06:29:30,18050.0,1000.0,3189800.0
320,2021-10-22 06:29:30,18050.0,500.0,3188800.0
321,2021-10-22 06:29:30,18050.0,1000.0,3188300.0
322,2021-10-22 06:29:30,18050.0,400.0,3187300.0
323,2021-10-22 06:29:30,18050.0,600.0,3186900.0
324,2021-10-22 06:29:30,18050.0,100.0,3186300.0
325,2021-10-22 06:29:30,18050.0,900.0,3186200.0
326,2021-10-22 06:29:30,18050.0,1900.0,3185300.0
327,2021-10-22 06:29:30,18050.0,1000.0,3183400.0
328,2021-10-22 06:28:50,18050.0,800.0,3182400.0
329,2021-10-22 06:28:50,18050.0,300.0,3181600.0
330,2021-10-22 06:28:50,18050.0,3900.0,3181300.0
331,2021-10-22 06:28:19,18050.0,1000.0,3177400.0
332,2021-10-22 06:27:29,18050.0,100.0,3176400.0
333,2021-10-22 06:27:29,18050.0,900.0,3176300.0
334,2021-10-22 06:27:26,18050.0,9100.0,3175400.0
335,2021-10-22 06:27:26,18050.0,3000.0,3166300.0
336,2021-10-22 06:27:26,18050.0,100.0,3163300.0
337,2021-10-22 06:27:26,18050.0,1000.0,3163200.0
338,2021-10-22 06:27:26,18050.0,100.0,3162200.0
339,2021-10-22 06:27:24,18050.0,500.0,3162100.0
340,2021-10-22 06:27:24,18050.0,1000.0,3161600.0
341,2021-10-22 06:26:28,18050.0,200.0,3160600.0
342,2021-10-22 06:26:28,18050.0,100.0,3160400.0
343,2021-10-22 06:26:28,18050.0,4700.0,3160300.0
344,2021-10-22 06:25:07,18050.0,300.0,3155600.0
345,2021-10-22 06:25:07,18050.0,700.0,3155300.0
346,2021-10-22 06:24:47,18050.0,800.0,3154600.0
347,2021-10-22 06:24:47,18050.0,1500.0,3153800.0
348,2021-10-22 06:24:47,18050.0,500.0,3152300.0
349,2021-10-22 06:24:47,18050.0,2000.0,3151800.0
350,2021-10-22 06:24:47,18050.0,200.0,3149800.0
351,2021-10-22 06:24:47,18050.0,1000.0,3149600.0
352,2021-10-22 06:24:47,18050.0,1000.0,3148600.0
353,2021-10-22 06:24:47,18050.0,400.0,3147600.0
354,2021-10-22 06:24:47,18050.0,300.0,3147200.0
355,2021-10-22 06:24:47,18050.0,2300.0,3146900.0
356,2021-10-22 06:23:39,18050.0,1700.0,3144600.0
357,2021-10-22 06:23:39,18050.0,500.0,3142900.0
358,2021-10-22 06:23:39,18050.0,800.0,3142400.0
359,2021-10-22 06:23:16,18050.0,2000.0,3141600.0
360,2021-10-22 06:21:52,18050.0,200.0,3139600.0
361,2021-10-22 06:21:47,18050.0,300.0,3139400.0
362,2021-10-22 06:21:07,18050.0,500.0,3139100.0
363,2021-10-22 06:20:33,18050.0,100.0,3138600.0
364,2021-10-22 06:20:23,18050.0,300.0,3138500.0
365,2021-10-22 06:20:23,18050.0,300.0,3138200.0
366,2021-10-22 06:20:10,18050.0,100.0,3137900.0
367,2021-10-22 06:18:51,18050.0,500.0,3137800.0
368,2021-10-22 06:14:53,18050.0,100.0,3137300.0
369,2021-10-22 06:14:53,18050.0,200.0,3137200.0
370,2021-10-22 06:14:53,18050.0,12000.0,3137000.0
371,2021-10-22 06:14:53,18050.0,1000.0,3125000.0
372,2021-10-22 06:14:53,18050.0,1000.0,3124000.0
373,2021-10-22 06:14:53,18050.0,3500.0,3123000.0
374,2021-10-22 06:14:53,18050.0,100.0,3119500.0
375,2021-10-22 06:14:53,18050.0,2000.0,3119400.0
376,2021-10-22 06:14:53,18050.0,100.0,3117400.0
377,2021-10-22 06:14:53,18050.0,1000.0,3117300.0
378,2021-10-22 06:14:53,18050.0,200.0,3116300.0
379,2021-10-22 06:14:53,18050.0,1000.0,3116100.0
380,2021-10-22 06:14:53,18050.0,2000.0,3115100.0
381,2021-10-22 06:14:53,18050.0,200.0,3113100.0
382,2021-10-22 06:14:53,18050.0,100.0,3112900.0
383,2021-10-22 06:14:53,18050.0,1000.0,3112800.0
384,2021-10-22 06:14:53,18050.0,100.0,3111800.0
385,2021-10-22 06:14:53,18050.0,200.0,3111700.0
386,2021-10-22 06:14:53,18050.0,5000.0,3111500.0
387,2021-10-22 06:14:53,18050.0,14200.0,3106500.0
388,2021-10-22 06:13:57,18050.0,500.0,3092300.0
389,2021-10-22 06:13:16,18050.0,100.0,3091800.0
390,2021-10-22 06:11:27,18050.0,3800.0,3091700.0
391,2021-10-22 06:10:50,18050.0,100.0,3087900.0
392,2021-10-22 06:10:16,18050.0,200.0,3087800.0
393,2021-10-22 06:10:05,18050.0,1000.0,3087600.0
394,2021-10-22 06:09:35,18050.0,100.0,3086600.0
395,2021-10-22 06:08:59,18050.0,3300.0,3086500.0
396,2021-10-22 06:08:59,18050.0,200.0,3083200.0
397,2021-10-22 06:08:59,18050.0,600.0,3083000.0
398,2021-10-22 06:08:59,18050.0,900.0,3082400.0
399,2021-10-22 06:07:26,18050.0,1000.0,3081500.0
400,2021-10-22 06:06:51,18050.0,2000.0,3080500.0
401,2021-10-22 06:06:51,18050.0,3000.0,3078500.0
402,2021-10-22 06:06:04,18050.0,100.0,3075500.0
403,2021-10-22 06:05:48,18050.0,300.0,3075400.0
404,2021-10-22 06:05:44,18050.0,100.0,3075100.0
405,2021-10-22 06:05:29,18050.0,500.0,3075000.0
406,2021-10-22 06:05:29,18050.0,1000.0,3074500.0
407,2021-10-22 06:05:29,18050.0,1500.0,3073500.0
408,2021-10-22 06:05:25,18050.0,500.0,3072000.0
409,2021-10-22 06:04:01,18050.0,300.0,3071500.0
410,2021-10-22 06:03:53,18050.0,1000.0,3071200.0
411,2021-10-22 06:03:45,18050.0,100.0,3070200.0
412,2021-10-22 06:02:27,18050.0,300.0,3070100.0
413,2021-10-22 06:02:26,18050.0,3900.0,3069800.0
414,2021-10-22 06:02:23,18050.0,500.0,3065900.0
415,2021-10-22 06:01:40,18050.0,100.0,3065400.0
416,2021-10-22 06:01:11,18050.0,5000.0,3065300.0
417,2021-10-22 06:01:07,18050.0,500.0,3060300.0
418,2021-10-22 06:00:41,18050.0,1000.0,3059800.0
419,2021-10-22 06:00:39,18050.0,200.0,3058800.0
420,2021-10-22 06:00:30,18050.0,500.0,3058600.0
421,2021-10-22 06:00:27,18050.0,200.0,3058100.0
422,2021-10-22 06:00:27,18050.0,100.0,3057900.0
423,2021-10-22 06:00:23,18050.0,300.0,3057800.0
424,2021-10-22 06:00:21,18050.0,200.0,3057500.0
425,2021-10-22 06:00:19,18050.0,300.0,3057300.0
426,2021-10-22 06:00:17,18050.0,100.0,3057000.0
427,2021-10-22 06:00:16,18050.0,3000.0,3056900.0
428,2021-10-22 06:00:10,18050.0,200.0,3053900.0
429,2021-10-22 06:00:05,18050.0,200.0,3053700.0
430,2021-10-22 06:00:05,18050.0,1400.0,3053500.0
431,2021-10-22 06:00:05,18050.0,4900.0,3052100.0
432,2021-10-22 06:00:04,18050.0,100.0,3047200.0
433,2021-10-22 06:00:04,18050.0,700.0,3047100.0
434,2021-10-22 06:00:04,18050.0,200.0,3046400.0
435,2021-10-22 06:00:04,18050.0,100.0,3046200.0
436,2021-10-22 06:00:03,18050.0,1000.0,3046100.0
437,2021-10-22 06:00:02,18050.0,100.0,3045100.0
438,2021-10-22 06:00:02,18050.0,2000.0,3045000.0
439,2021-10-22 06:00:02,18050.0,1100.0,3043000.0
440,2021-10-22 06:00:02,18050.0,400.0,3041900.0
441,2021-10-22 06:00:01,18050.0,300.0,3041500.0
442,2021-10-22 06:00:01,18050.0,200.0,3041200.0
443,2021-10-22 06:00:01,18050.0,800.0,3041000.0
444,2021-10-22 06:00:01,18050.0,3900.0,3040200.0
445,2021-10-22 06:00:01,18050.0,1300.0,3036300.0
446,2021-10-22 06:00:01,18050.0,700.0,3035000.0
447,2021-10-22 04:29:50,18050.0,100.0,3034300.0
448,2021-10-22 04:29:22,18050.0,200.0,3034200.0
449,2021-10-22 04:29:22,18050.0,400.0,3034000.0
450,2021-10-22 04:29:05,18050.0,1600.0,3033600.0
451,2021-10-22 04:29:05,18050.0,100.0,3032000.0
452,2021-10-22 04:29:05,18050.0,100.0,3031900.0
453,2021-10-22 04:29:05,18050.0,200.0,3031800.0
454,2021-10-22 04:28:39,18050.0,300.0,3031600.0
455,2021-10-22 04:28:39,18050.0,100.0,3031300.0
456,2021-10-22 04:28:39,18050.0,600.0,3031200.0
457,2021-10-22 04:28:37,18050.0,2400.0,3030600.0
458,2021-10-22 04:28:37,18050.0,4000.0,3028200.0
459,2021-10-22 04:28:37,18050.0,3600.0,3024200.0
460,2021-10-22 04:27:59,18050.0,200.0,3020600.0
461,2021-10-22 04:27:21,18050.0,100.0,3020400.0
462,2021-10-22 04:27:21,18050.0,200.0,3020300.0
463,2021-10-22 04:25:29,18050.0,200.0,3020100.0
464,2021-10-22 04:25:27,18050.0,200.0,3019900.0
465,2021-10-22 04:25:26,18050.0,5000.0,3019700.0
466,2021-10-22 04:25:08,18050.0,5000.0,3014700.0
467,2021-10-22 04:24:36,18050.0,400.0,3009700.0
468,2021-10-22 04:23:58,18050.0,500.0,3009300.0
469,2021-10-22 04:23:47,18050.0,100.0,3008800.0
470,2021-10-22 04:23:47,18050.0,100.0,3008700.0
471,2021-10-22 04:23:47,18050.0,1000.0,3008600.0
472,2021-10-22 04:23:47,18050.0,500.0,3007600.0
473,2021-10-22 04:23:47,18050.0,1000.0,3007100.0
474,2021-10-22 04:23:47,18050.0,500.0,3006100.0
475,2021-10-22 04:23:47,18050.0,100.0,3005600.0
476,2021-10-22 04:23:47,18050.0,1000.0,3005500.0
477,2021-10-22 04:23:47,18050.0,1000.0,3004500.0
478,2021-10-22 04:23:47,18050.0,100.0,3003500.0
479,2021-10-22 04:23:47,18050.0,1000.0,3003400.0
480,2021-10-22 04:23:47,18050.0,12100.0,3002400.0
481,2021-10-22 04:23:47,18050.0,1000.0,2990300.0
482,2021-10-22 04:23:47,18050.0,3000.0,2989300.0
483,2021-10-22 04:23:47,18050.0,2000.0,2986300.0
484,2021-10-22 04:23:47,18050.0,1000.0,2984300.0
485,2021-10-22 04:23:47,18050.0,3500.0,2983300.0
486,2021-10-22 04:23:47,18050.0,5500.0,2979800.0
487,2021-10-22 04:23:47,18050.0,1500.0,2974300.0
488,2021-10-22 04:23:47,18050.0,500.0,2972800.0
489,2021-10-22 04:23:47,18050.0,2000.0,2972300.0
490,2021-10-22 04:23:47,18050.0,5000.0,2970300.0
491,2021-10-22 04:23:47,18050.0,100.0,2965300.0
492,2021-10-22 04:23:47,18050.0,1000.0,2965200.0
493,2021-10-22 04:23:47,18050.0,500.0,2964200.0
494,2021-10-22 04:23:47,18050.0,100.0,2963700.0
495,2021-10-22 04:23:47,18050.0,3000.0,2963600.0
496,2021-10-22 04:23:47,18050.0,200.0,2960600.0
497,2021-10-22 04:23:47,18050.0,2000.0,2960400.0
498,2021-10-22 04:23:47,18050.0,500.0,2958400.0
499,2021-10-22 04:23:47,18050.0,1000.0,2957900.0
500,2021-10-22 04:23:47,18050.0,5000.0,2956900.0
501,2021-10-22 04:23:47,18050.0,100.0,2951900.0
502,2021-10-22 04:23:47,18050.0,200.0,2951800.0
503,2021-10-22 04:23:47,18050.0,200.0,2951600.0
504,2021-10-22 04:23:47,18050.0,100.0,2951400.0
505,2021-10-22 04:23:47,18050.0,1600.0,2951300.0
506,2021-10-22 04:23:47,18050.0,100.0,2949700.0
507,2021-10-22 04:23:47,18050.0,200.0,2949600.0
508,2021-10-22 04:23:47,18050.0,1000.0,2949400.0
509,2021-10-22 04:23:47,18050.0,100.0,2948400.0
510,2021-10-22 04:23:47,18050.0,100.0,2948300.0
511,2021-10-22 04:23:47,18050.0,900.0,2948200.0
512,2021-10-22 04:23:47,18050.0,200.0,2947300.0
513,2021-10-22 04:23:47,18050.0,1000.0,2947100.0
514,2021-10-22 04:23:47,18050.0,700.0,2946100.0
515,2021-10-22 04:23:47,18050.0,1000.0,2945400.0
516,2021-10-22 04:23:47,18050.0,300.0,2944400.0
517,2021-10-22 04:23:47,18050.0,1000.0,2944100.0
518,2021-10-22 04:23:47,18050.0,11000.0,2943100.0
519,2021-10-22 04:23:47,18050.0,15000.0,2932100.0
520,2021-10-22 04:23:47,18050.0,1000.0,2917100.0
521,2021-10-22 04:23:47,18050.0,900.0,2916100.0
522,2021-10-22 04:23:47,18050.0,2200.0,2915200.0
523,2021-10-22 04:23:47,18050.0,7000.0,2913000.0
524,2021-10-22 04:23:47,18050.0,700.0,2906000.0
525,2021-10-22 04:23:47,18050.0,100.0,2905300.0
526,2021-10-22 04:23:47,18050.0,500.0,2905200.0
527,2021-10-22 04:23:37,18000.0,100.0,2904700.0
528,2021-10-22 04:23:31,18000.0,700.0,2904600.0
529,2021-10-22 04:23:28,18000.0,3000.0,2903900.0
530,2021-10-22 04:23:25,18050.0,500.0,2900900.0
531,2021-10-22 04:23:24,18000.0,200.0,2900400.0
532,2021-10-22 04:23:24,18000.0,600.0,2900200.0
533,2021-10-22 04:23:24,18000.0,200.0,2899600.0
534,2021-10-22 04:23:12,18000.0,1800.0,2899400.0
535,2021-10-22 04:23:12,18000.0,200.0,2897600.0
536,2021-10-22 04:22:43,18000.0,100.0,2897400.0
537,2021-10-22 04:22:43,18000.0,900.0,2897300.0
538,2021-10-22 04:22:35,18000.0,1100.0,2896400.0
539,2021-10-22 04:22:35,18000.0,3900.0,2895300.0
540,2021-10-22 04:22:23,18050.0,800.0,2891400.0
541,2021-10-22 04:22:12,18050.0,200.0,2890600.0
542,2021-10-22 04:20:48,18050.0,1000.0,2890400.0
543,2021-10-22 04:20:48,18050.0,500.0,2889400.0
544,2021-10-22 04:20:48,18050.0,500.0,2888900.0
545,2021-10-22 04:20:48,18050.0,6000.0,2888400.0
546,2021-10-22 04:20:27,18050.0,2000.0,2882400.0
547,2021-10-22 04:20:19,18000.0,1100.0,2880400.0
548,2021-10-22 04:20:19,18000.0,1000.0,2879300.0
549,2021-10-22 04:20:19,18000.0,200.0,2878300.0
550,2021-10-22 04:20:19,18000.0,1800.0,2878100.0
551,2021-10-22 04:20:19,18000.0,400.0,2876300.0
552,2021-10-22 04:20:19,18000.0,500.0,2875900.0
553,2021-10-22 04:20:06,18000.0,100.0,2875400.0
554,2021-10-22 04:20:01,18050.0,1500.0,2875300.0
555,2021-10-22 04:19:46,18000.0,200.0,2873800.0
556,2021-10-22 04:19:27,18050.0,1400.0,2873600.0
557,2021-10-22 04:18:43,18050.0,500.0,2872200.0
558,2021-10-22 04:18:36,18050.0,1000.0,2871700.0
559,2021-10-22 04:18:20,18050.0,100.0,2870700.0
560,2021-10-22 04:18:04,18050.0,100.0,2870600.0
561,2021-10-22 04:18:00,18050.0,1000.0,2870500.0
562,2021-10-22 04:17:31,18050.0,9000.0,2869500.0
563,2021-10-22 04:16:49,18050.0,400.0,2860500.0
564,2021-10-22 04:16:49,18050.0,5600.0,2860100.0
565,2021-10-22 04:16:43,18000.0,3300.0,2854500.0
566,2021-10-22 04:16:19,18000.0,6400.0,2851200.0
567,2021-10-22 04:16:19,18000.0,3000.0,2844800.0
568,2021-10-22 04:16:19,18000.0,500.0,2841800.0
569,2021-10-22 04:16:19,18000.0,300.0,2841300.0
570,2021-10-22 04:16:03,18050.0,3000.0,2841000.0
571,2021-10-22 04:15:29,18000.0,700.0,2838000.0
572,2021-10-22 04:15:29,18000.0,300.0,2837300.0
573,2021-10-22 04:15:19,18000.0,700.0,2837000.0
574,2021-10-22 04:15:19,18000.0,300.0,2836300.0
575,2021-10-22 04:14:10,18050.0,1300.0,2836000.0
576,2021-10-22 04:14:05,18050.0,3000.0,2834700.0
577,2021-10-22 04:13:58,18050.0,400.0,2831700.0
578,2021-10-22 04:13:55,18000.0,100.0,2831300.0
579,2021-10-22 04:13:36,18000.0,100.0,2831200.0
580,2021-10-22 04:13:33,18000.0,100.0,2831100.0
581,2021-10-22 04:13:33,18000.0,200.0,2831000.0
582,2021-10-22 04:13:33,18000.0,200.0,2830800.0
583,2021-10-22 04:13:31,18000.0,1000.0,2830600.0
584,2021-10-22 04:13:28,18000.0,100.0,2829600.0
585,2021-10-22 04:13:13,18000.0,100.0,2829500.0
586,2021-10-22 04:13:13,18000.0,300.0,2829400.0
587,2021-10-22 04:13:08,18000.0,1000.0,2829100.0
588,2021-10-22 04:13:02,18000.0,5300.0,2828100.0
589,2021-10-22 04:13:02,18000.0,10000.0,2822800.0
590,2021-10-22 04:13:02,18000.0,400.0,2812800.0
591,2021-10-22 04:13:02,18000.0,1000.0,2812400.0
592,2021-10-22 04:13:02,18000.0,200.0,2811400.0
593,2021-10-22 04:13:02,18000.0,3000.0,2811200.0
594,2021-10-22 04:13:02,18000.0,100.0,2808200.0
595,2021-10-22 04:12:53,18000.0,9900.0,2808100.0
596,2021-10-22 04:12:53,18000.0,100.0,2798200.0
597,2021-10-22 04:12:49,17950.0,1000.0,2798100.0
598,2021-10-22 04:12:47,18000.0,500.0,2797100.0
599,2021-10-22 04:12:39,18000.0,1000.0,2796600.0
600,2021-10-22 04:12:24,18000.0,400.0,2795600.0
601,2021-10-22 04:11:57,18000.0,500.0,2795200.0
602,2021-10-22 04:11:44,18000.0,200.0,2794700.0
603,2021-10-22 04:11:29,18000.0,300.0,2794500.0
604,2021-10-22 04:11:10,18000.0,1500.0,2794200.0
605,2021-10-22 04:11:07,18000.0,2000.0,2792700.0
606,2021-10-22 04:10:59,18000.0,100.0,2790700.0
607,2021-10-22 04:10:55,18000.0,200.0,2790600.0
608,2021-10-22 04:10:11,18000.0,1500.0,2790400.0
609,2021-10-22 04:10:11,18000.0,200.0,2788900.0
610,2021-10-22 04:09:58,18000.0,300.0,2788700.0
611,2021-10-22 04:09:58,18000.0,700.0,2788400.0
612,2021-10-22 04:09:51,18000.0,300.0,2787700.0
613,2021-10-22 04:09:46,18000.0,4000.0,2787400.0
614,2021-10-22 04:09:46,18000.0,1000.0,2783400.0
615,2021-10-22 04:09:46,18000.0,200.0,2782400.0
616,2021-10-22 04:09:46,18000.0,1000.0,2782200.0
617,2021-10-22 04:09:46,18000.0,10000.0,2781200.0
618,2021-10-22 04:09:46,18000.0,1900.0,2771200.0
619,2021-10-22 04:09:46,18000.0,200.0,2769300.0
620,2021-10-22 04:09:46,18000.0,1700.0,2769100.0
621,2021-10-22 04:09:35,18000.0,300.0,2767400.0
622,2021-10-22 04:09:25,18000.0,1000.0,2767100.0
623,2021-10-22 04:09:23,18000.0,600.0,2766100.0
624,2021-10-22 04:09:20,18000.0,9800.0,2765500.0
625,2021-10-22 04:09:20,18000.0,200.0,2755700.0
626,2021-10-22 04:09:17,18050.0,1500.0,2755500.0
627,2021-10-22 04:09:07,18050.0,3000.0,2754000.0
628,2021-10-22 04:08:46,18050.0,300.0,2751000.0
629,2021-10-22 04:08:46,18050.0,900.0,2750700.0
630,2021-10-22 04:08:46,18050.0,1000.0,2749800.0
631,2021-10-22 04:08:45,18050.0,1200.0,2748800.0
632,2021-10-22 04:08:42,18050.0,100.0,2747600.0
633,2021-10-22 04:08:42,18050.0,200.0,2747500.0
634,2021-10-22 04:08:41,18050.0,500.0,2747300.0
635,2021-10-22 04:08:31,18050.0,200.0,2746800.0
636,2021-10-22 04:08:21,18050.0,100.0,2746600.0
637,2021-10-22 04:08:21,18050.0,100.0,2746500.0
638,2021-10-22 04:08:21,18050.0,100.0,2746400.0
639,2021-10-22 04:08:14,18050.0,100.0,2746300.0
640,2021-10-22 04:08:09,18050.0,800.0,2746200.0
641,2021-10-22 04:08:09,18050.0,1000.0,2745400.0
642,2021-10-22 04:08:09,18050.0,1000.0,2744400.0
643,2021-10-22 04:08:09,18050.0,500.0,2743400.0
644,2021-10-22 04:08:09,18050.0,500.0,2742900.0
645,2021-10-22 04:08:09,18050.0,500.0,2742400.0
646,2021-10-22 04:08:09,18050.0,1400.0,2741900.0
647,2021-10-22 04:08:09,18050.0,500.0,2740500.0
648,2021-10-22 04:08:09,18050.0,4800.0,2740000.0
649,2021-10-22 04:08:06,18050.0,400.0,2735200.0
650,2021-10-22 04:08:05,18050.0,2000.0,2734800.0
651,2021-10-22 04:07:54,18050.0,600.0,2732800.0
652,2021-10-22 04:07:53,18050.0,2200.0,2732200.0
653,2021-10-22 04:07:53,18050.0,100.0,2730000.0
654,2021-10-22 04:07:53,18050.0,3000.0,2729900.0
655,2021-10-22 04:07:53,18050.0,500.0,2726900.0
656,2021-10-22 04:07:53,18050.0,4200.0,2726400.0
657,2021-10-22 04:07:46,18050.0,1000.0,2722200.0
658,2021-10-22 04:07:38,18050.0,600.0,2721200.0
659,2021-10-22 04:07:35,18050.0,500.0,2720600.0
660,2021-10-22 04:07:27,18050.0,10000.0,2720100.0
661,2021-10-22 04:07:26,18050.0,400.0,2710100.0
662,2021-10-22 04:07:24,18050.0,5000.0,2709700.0
663,2021-10-22 04:07:10,18050.0,600.0,2704700.0
664,2021-10-22 04:07:09,18050.0,200.0,2704100.0
665,2021-10-22 04:07:08,18050.0,200.0,2703900.0
666,2021-10-22 04:07:06,18050.0,10000.0,2703700.0
667,2021-10-22 04:06:55,18050.0,1000.0,2693700.0
668,2021-10-22 04:06:39,18050.0,1200.0,2692700.0
669,2021-10-22 04:06:34,18050.0,4100.0,2691500.0
670,2021-10-22 04:06:29,18050.0,5000.0,2687400.0
671,2021-10-22 04:06:25,18050.0,600.0,2682400.0
672,2021-10-22 04:06:11,18050.0,600.0,2681800.0
673,2021-10-22 04:06:09,18050.0,4800.0,2681200.0
674,2021-10-22 04:06:09,18050.0,100.0,2676400.0
675,2021-10-22 04:06:09,18050.0,200.0,2676300.0
676,2021-10-22 04:06:09,18050.0,500.0,2676100.0
677,2021-10-22 04:06:09,18050.0,2000.0,2675600.0
678,2021-10-22 04:06:09,18050.0,500.0,2673600.0
679,2021-10-22 04:06:09,18050.0,400.0,2673100.0
680,2021-10-22 04:06:09,18050.0,6200.0,2672700.0
681,2021-10-22 04:05:56,18050.0,400.0,2666500.0
682,2021-10-22 04:05:42,18050.0,500.0,2666100.0
683,2021-10-22 04:05:38,18050.0,600.0,2665600.0
684,2021-10-22 04:05:38,18050.0,100.0,2665000.0
685,2021-10-22 04:05:35,18050.0,2000.0,2664900.0
686,2021-10-22 04:05:26,18050.0,200.0,2662900.0
687,2021-10-22 04:05:26,18050.0,500.0,2662700.0
688,2021-10-22 04:05:26,18050.0,100.0,2662200.0
689,2021-10-22 04:05:16,18050.0,1900.0,2662100.0
690,2021-10-22 04:05:16,18050.0,5000.0,2660200.0
691,2021-10-22 04:05:16,18050.0,200.0,2655200.0
692,2021-10-22 04:05:16,18050.0,2900.0,2655000.0
693,2021-10-22 04:05:15,18050.0,200.0,2652100.0
694,2021-10-22 04:05:10,18050.0,1200.0,2651900.0
695,2021-10-22 04:04:58,18050.0,100.0,2650700.0
696,2021-10-22 04:04:56,18050.0,500.0,2650600.0
697,2021-10-22 04:04:53,18050.0,100.0,2650100.0
698,2021-10-22 04:04:53,18050.0,1100.0,2650000.0
699,2021-10-22 04:04:48,18050.0,400.0,2648900.0
700,2021-10-22 04:04:42,18050.0,800.0,2648500.0
701,2021-10-22 04:04:22,18050.0,1200.0,2647700.0
702,2021-10-22 04:04:14,18050.0,1500.0,2646500.0
703,2021-10-22 04:04:14,18050.0,1000.0,2645000.0
704,2021-10-22 04:04:14,18050.0,400.0,2644000.0
705,2021-10-22 04:04:14,18050.0,600.0,2643600.0
706,2021-10-22 04:04:14,18050.0,400.0,2643000.0
707,2021-10-22 04:04:13,18050.0,2000.0,2642600.0
708,2021-10-22 04:04:13,18050.0,100.0,2640600.0
709,2021-10-22 04:04:13,18050.0,100.0,2640500.0
710,2021-10-22 04:04:13,18050.0,100.0,2640400.0
711,2021-10-22 04:04:13,18050.0,100.0,2640300.0
712,2021-10-22 04:04:13,18050.0,1000.0,2640200.0
713,2021-10-22 04:04:13,18050.0,100.0,2639200.0
714,2021-10-22 04:04:13,18050.0,1000.0,2639100.0
715,2021-10-22 04:04:13,18050.0,1000.0,2638100.0
716,2021-10-22 04:04:13,18050.0,100.0,2637100.0
717,2021-10-22 04:04:13,18050.0,100.0,2637000.0
718,2021-10-22 04:04:13,18050.0,800.0,2636900.0
719,2021-10-22 04:04:13,18050.0,100.0,2636100.0
720,2021-10-22 04:04:13,18050.0,500.0,2636000.0
721,2021-10-22 04:04:13,18050.0,100.0,2635500.0
722,2021-10-22 04:04:13,18050.0,100.0,2635400.0
723,2021-10-22 04:04:13,18050.0,2700.0,2635300.0
724,2021-10-22 04:04:00,18050.0,1000.0,2632600.0
725,2021-10-22 04:03:37,18050.0,1000.0,2631600.0
726,2021-10-22 04:03:27,18050.0,1000.0,2630600.0
727,2021-10-22 04:03:20,18050.0,1000.0,2629600.0
728,2021-10-22 04:03:18,18050.0,3300.0,2628600.0
729,2021-10-22 04:03:18,18050.0,1000.0,2625300.0
730,2021-10-22 04:03:18,18050.0,5700.0,2624300.0
731,2021-10-22 04:03:11,18050.0,5000.0,2618600.0
732,2021-10-22 04:03:08,18050.0,1300.0,2613600.0
733,2021-10-22 04:03:08,18050.0,2000.0,2612300.0
734,2021-10-22 04:03:08,18050.0,1100.0,2610300.0
735,2021-10-22 04:03:08,18050.0,600.0,2609200.0
736,2021-10-22 04:02:59,18050.0,2000.0,2608600.0
737,2021-10-22 04:02:52,18050.0,400.0,2606600.0
738,2021-10-22 04:02:52,18050.0,600.0,2606200.0
739,2021-10-22 04:02:45,18050.0,1000.0,2605600.0
740,2021-10-22 04:02:38,18050.0,100.0,2604600.0
741,2021-10-22 04:02:30,18050.0,1200.0,2604500.0
742,2021-10-22 04:02:27,18050.0,1000.0,2603300.0
743,2021-10-22 04:02:14,18050.0,500.0,2602300.0
744,2021-10-22 04:02:03,18050.0,5500.0,2601800.0
745,2021-10-22 04:01:51,18050.0,100.0,2596300.0
746,2021-10-22 04:01:51,18050.0,1000.0,2596200.0
747,2021-10-22 04:01:51,18050.0,400.0,2595200.0
748,2021-10-22 04:01:51,18050.0,5000.0,2594800.0
749,2021-10-22 04:01:50,18050.0,1000.0,2589800.0
750,2021-10-22 04:01:45,18050.0,1100.0,2588800.0
751,2021-10-22 04:01:39,18050.0,200.0,2587700.0
752,2021-10-22 04:01:35,18050.0,800.0,2587500.0
753,2021-10-22 04:01:34,18050.0,100.0,2586700.0
754,2021-10-22 04:01:34,18050.0,400.0,2586600.0
755,2021-10-22 04:01:34,18050.0,400.0,2586200.0
756,2021-10-22 04:01:34,18050.0,6600.0,2585800.0
757,2021-10-22 04:01:32,18000.0,3200.0,2579200.0
758,2021-10-22 04:01:32,18000.0,200.0,2576000.0
759,2021-10-22 04:01:32,18000.0,2000.0,2575800.0
760,2021-10-22 04:01:32,18000.0,2000.0,2573800.0
761,2021-10-22 04:01:32,18000.0,200.0,2571800.0
762,2021-10-22 04:01:32,18000.0,500.0,2571600.0
763,2021-10-22 04:01:32,18000.0,500.0,2571100.0
764,2021-10-22 04:01:32,18000.0,100.0,2570600.0
765,2021-10-22 04:01:32,18000.0,1300.0,2570500.0
766,2021-10-22 04:01:32,18050.0,3400.0,2569200.0
767,2021-10-22 04:01:32,18050.0,100.0,2565800.0
768,2021-10-22 04:01:32,18050.0,200.0,2565700.0
769,2021-10-22 04:01:32,18050.0,500.0,2565500.0
770,2021-10-22 04:01:32,18050.0,100.0,2565000.0
771,2021-10-22 04:01:32,18050.0,1400.0,2564900.0
772,2021-10-22 04:01:32,18050.0,4300.0,2563500.0
773,2021-10-22 04:01:31,18050.0,500.0,2559200.0
774,2021-10-22 04:01:26,18050.0,200.0,2558700.0
775,2021-10-22 04:01:26,18050.0,100.0,2558500.0
776,2021-10-22 04:01:26,18050.0,700.0,2558400.0
777,2021-10-22 04:01:24,18050.0,1300.0,2557700.0
778,2021-10-22 04:01:24,18050.0,200.0,2556400.0
779,2021-10-22 04:01:24,18050.0,200.0,2556200.0
780,2021-10-22 04:01:24,18050.0,200.0,2556000.0
781,2021-10-22 04:01:24,18050.0,500.0,2555800.0
782,2021-10-22 04:01:24,18050.0,600.0,2555300.0
783,2021-10-22 04:01:24,18050.0,7000.0,2554700.0
784,2021-10-22 04:01:24,18050.0,10000.0,2547700.0
785,2021-10-22 04:01:23,18050.0,100.0,2537700.0
786,2021-10-22 04:01:20,18050.0,1000.0,2537600.0
787,2021-10-22 04:01:14,18050.0,1000.0,2536600.0
788,2021-10-22 04:01:11,18050.0,1700.0,2535600.0
789,2021-10-22 04:01:06,18050.0,300.0,2533900.0
790,2021-10-22 04:01:06,18050.0,5000.0,2533600.0
791,2021-10-22 04:01:06,18000.0,700.0,2528600.0
792,2021-10-22 04:01:06,18000.0,100.0,2527900.0
793,2021-10-22 04:01:06,18000.0,1000.0,2527800.0
794,2021-10-22 04:01:06,18000.0,200.0,2526800.0
795,2021-10-22 04:01:06,18000.0,200.0,2526600.0
796,2021-10-22 04:01:06,18000.0,7800.0,2526400.0
797,2021-10-22 04:01:03,18050.0,2000.0,2518600.0
798,2021-10-22 04:00:56,18050.0,2000.0,2516600.0
799,2021-10-22 04:00:50,18050.0,400.0,2514600.0
800,2021-10-22 04:00:49,18050.0,1100.0,2514200.0
801,2021-10-22 04:00:40,18050.0,1300.0,2513100.0
802,2021-10-22 04:00:39,18050.0,500.0,2511800.0
803,2021-10-22 04:00:30,18050.0,2000.0,2511300.0
804,2021-10-22 04:00:27,18050.0,1700.0,2509300.0
805,2021-10-22 04:00:27,18050.0,100.0,2507600.0
806,2021-10-22 04:00:27,18050.0,200.0,2507500.0
807,2021-10-22 04:00:27,18050.0,100.0,2507300.0
808,2021-10-22 04:00:27,18050.0,600.0,2507200.0
809,2021-10-22 04:00:27,18050.0,300.0,2506600.0
810,2021-10-22 04:00:27,18050.0,100.0,2506300.0
811,2021-10-22 04:00:26,18050.0,600.0,2506200.0
812,2021-10-22 04:00:26,18050.0,400.0,2505600.0
813,2021-10-22 04:00:26,18050.0,100.0,2505200.0
814,2021-10-22 04:00:26,18050.0,500.0,2505100.0
815,2021-10-22 04:00:26,18050.0,1500.0,2504600.0
816,2021-10-22 04:00:13,18050.0,100.0,2503100.0
817,2021-10-22 04:00:13,18050.0,8400.0,2503000.0
818,2021-10-22 04:00:13,18050.0,2000.0,2494600.0
819,2021-10-22 04:00:13,18050.0,300.0,2492600.0
820,2021-10-22 04:00:13,18050.0,1000.0,2492300.0
821,2021-10-22 04:00:13,18050.0,100.0,2491300.0
822,2021-10-22 04:00:13,18050.0,1500.0,2491200.0
823,2021-10-22 04:00:13,18050.0,2000.0,2489700.0
824,2021-10-22 04:00:13,18050.0,12000.0,2487700.0
825,2021-10-22 04:00:13,18050.0,300.0,2475700.0
826,2021-10-22 04:00:13,18050.0,500.0,2475400.0
827,2021-10-22 04:00:13,18050.0,300.0,2474900.0
828,2021-10-22 04:00:13,18050.0,100.0,2474600.0
829,2021-10-22 04:00:13,18050.0,2000.0,2474500.0
830,2021-10-22 04:00:13,18050.0,1000.0,2472500.0
831,2021-10-22 04:00:13,18050.0,100.0,2471500.0
832,2021-10-22 04:00:13,18050.0,400.0,2471400.0
833,2021-10-22 04:00:13,18000.0,2200.0,2471000.0
834,2021-10-22 04:00:13,18000.0,100.0,2468800.0
835,2021-10-22 04:00:13,18000.0,2700.0,2468700.0
836,2021-10-22 04:00:03,18050.0,100.0,2466000.0
837,2021-10-22 04:00:02,18000.0,2300.0,2465900.0
838,2021-10-22 04:00:02,18000.0,500.0,2463600.0
839,2021-10-22 04:00:02,18000.0,200.0,2463100.0
840,2021-10-22 04:00:02,18000.0,3000.0,2462900.0
841,2021-10-22 03:59:57,18000.0,5000.0,2459900.0
842,2021-10-22 03:59:52,18050.0,200.0,2454900.0
843,2021-10-22 03:59:50,18050.0,700.0,2454700.0
844,2021-10-22 03:59:42,18050.0,600.0,2454000.0
845,2021-10-22 03:59:42,18050.0,500.0,2453400.0
846,2021-10-22 03:59:42,18050.0,100.0,2452900.0
847,2021-10-22 03:59:42,18050.0,800.0,2452800.0
848,2021-10-22 03:59:35,18000.0,1000.0,2452000.0
849,2021-10-22 03:59:35,18050.0,200.0,2451000.0
850,2021-10-22 03:59:31,18050.0,15000.0,2450800.0
851,2021-10-22 03:59:09,18050.0,2000.0,2435800.0
852,2021-10-22 03:59:05,18050.0,100.0,2433800.0
853,2021-10-22 03:59:01,18050.0,100.0,2433700.0
854,2021-10-22 03:59:01,18000.0,100.0,2433600.0
855,2021-10-22 03:59:00,18050.0,900.0,2433500.0
856,2021-10-22 03:58:59,18050.0,1000.0,2432600.0
857,2021-10-22 03:58:49,18050.0,1600.0,2431600.0
858,2021-10-22 03:58:48,18050.0,1000.0,2430000.0
859,2021-10-22 03:58:45,18050.0,100.0,2429000.0
860,2021-10-22 03:58:39,18050.0,100.0,2428900.0
861,2021-10-22 03:58:39,18050.0,100.0,2428800.0
862,2021-10-22 03:58:38,18050.0,200.0,2428700.0
863,2021-10-22 03:58:36,18050.0,1000.0,2428500.0
864,2021-10-22 03:58:34,18050.0,800.0,2427500.0
865,2021-10-22 03:58:34,18050.0,200.0,2426700.0
866,2021-10-22 03:58:30,18050.0,500.0,2426500.0
867,2021-10-22 03:58:29,18050.0,100.0,2426000.0
868,2021-10-22 03:58:29,18050.0,1200.0,2425900.0
869,2021-10-22 03:58:28,18050.0,800.0,2424700.0
870,2021-10-22 03:58:28,18050.0,2000.0,2423900.0
871,2021-10-22 03:58:28,18050.0,4000.0,2421900.0
872,2021-10-22 03:58:28,18050.0,1000.0,2417900.0
873,2021-10-22 03:58:28,18050.0,2000.0,2416900.0
874,2021-10-22 03:58:28,18050.0,100.0,2414900.0
875,2021-10-22 03:58:28,18050.0,2900.0,2414800.0
876,2021-10-22 03:58:28,18050.0,1000.0,2411900.0
877,2021-10-22 03:58:28,18050.0,400.0,2410900.0
878,2021-10-22 03:58:28,18050.0,900.0,2410500.0
879,2021-10-22 03:58:28,18050.0,100.0,2409600.0
880,2021-10-22 03:58:28,18050.0,4800.0,2409500.0
881,2021-10-22 03:58:24,18050.0,200.0,2404700.0
882,2021-10-22 03:58:24,18050.0,100.0,2404500.0
883,2021-10-22 03:58:22,18050.0,100.0,2404400.0
884,2021-10-22 03:58:18,18050.0,800.0,2404300.0
885,2021-10-22 03:58:18,18050.0,2000.0,2403500.0
886,2021-10-22 03:58:18,18050.0,700.0,2401500.0
887,2021-10-22 03:58:17,18050.0,500.0,2400800.0
888,2021-10-22 03:58:17,18050.0,100.0,2400300.0
889,2021-10-22 03:58:12,18050.0,100.0,2400200.0
890,2021-10-22 03:58:07,18050.0,100.0,2400100.0
891,2021-10-22 03:58:05,18050.0,500.0,2400000.0
892,2021-10-22 03:58:03,18050.0,200.0,2399500.0
893,2021-10-22 03:58:02,18050.0,500.0,2399300.0
894,2021-10-22 03:58:02,18050.0,100.0,2398800.0
895,2021-10-22 03:57:57,18050.0,100.0,2398700.0
896,2021-10-22 03:57:56,18050.0,100.0,2398600.0
897,2021-10-22 03:57:52,18050.0,300.0,2398500.0
898,2021-10-22 03:57:52,18050.0,500.0,2398200.0
899,2021-10-22 03:57:52,18050.0,200.0,2397700.0
900,2021-10-22 03:57:52,18050.0,100.0,2397500.0
901,2021-10-22 03:57:51,18050.0,2100.0,2397400.0
902,2021-10-22 03:57:40,18050.0,300.0,2395300.0
903,2021-10-22 03:57:39,18050.0,2000.0,2395000.0
904,2021-10-22 03:57:35,18050.0,200.0,2393000.0
905,2021-10-22 03:57:34,18050.0,2500.0,2392800.0
906,2021-10-22 03:57:34,18050.0,400.0,2390300.0
907,2021-10-22 03:57:34,18050.0,400.0,2389900.0
908,2021-10-22 03:57:32,18050.0,200.0,2389500.0
909,2021-10-22 03:57:30,18050.0,1700.0,2389300.0
910,2021-10-22 03:57:30,18050.0,500.0,2387600.0
911,2021-10-22 03:57:26,18050.0,1000.0,2387100.0
912,2021-10-22 03:57:25,18050.0,1000.0,2386100.0
913,2021-10-22 03:57:25,18050.0,600.0,2385100.0
914,2021-10-22 03:57:25,18050.0,19600.0,2384500.0
915,2021-10-22 03:57:25,18050.0,10000.0,2364900.0
916,2021-10-22 03:57:22,18050.0,500.0,2354900.0
917,2021-10-22 03:57:22,18050.0,5000.0,2354400.0
918,2021-10-22 03:57:15,18050.0,2000.0,2349400.0
919,2021-10-22 03:57:14,18050.0,200.0,2347400.0
920,2021-10-22 03:57:14,18050.0,400.0,2347200.0
921,2021-10-22 03:57:14,18050.0,2300.0,2346800.0
922,2021-10-22 03:57:11,18050.0,300.0,2344500.0
923,2021-10-22 03:57:11,18050.0,200.0,2344200.0
924,2021-10-22 03:57:07,18050.0,700.0,2344000.0
925,2021-10-22 03:57:07,18050.0,21500.0,2343300.0
926,2021-10-22 03:57:04,18050.0,2000.0,2321800.0
927,2021-10-22 03:57:03,18050.0,2000.0,2319800.0
928,2021-10-22 03:56:59,18050.0,500.0,2317800.0
929,2021-10-22 03:56:58,18050.0,1500.0,2317300.0
930,2021-10-22 03:56:58,18050.0,5000.0,2315800.0
931,2021-10-22 03:56:57,18050.0,600.0,2310800.0
932,2021-10-22 03:56:57,18050.0,2000.0,2310200.0
933,2021-10-22 03:56:57,18050.0,1800.0,2308200.0
934,2021-10-22 03:56:57,18050.0,5000.0,2306400.0
935,2021-10-22 03:56:57,18050.0,2500.0,2301400.0
936,2021-10-22 03:56:57,18050.0,500.0,2298900.0
937,2021-10-22 03:56:57,18050.0,5100.0,2298400.0
938,2021-10-22 03:56:49,18050.0,3000.0,2293300.0
939,2021-10-22 03:56:44,18000.0,2900.0,2290300.0
940,2021-10-22 03:56:43,18050.0,300.0,2287400.0
941,2021-10-22 03:56:43,18050.0,200.0,2287100.0
942,2021-10-22 03:56:43,18050.0,1000.0,2286900.0
943,2021-10-22 03:56:43,18050.0,500.0,2285900.0
944,2021-10-22 03:56:43,18050.0,4900.0,2285400.0
945,2021-10-22 03:56:42,18050.0,15000.0,2280500.0
946,2021-10-22 03:56:40,18050.0,100.0,2265500.0
947,2021-10-22 03:56:40,18050.0,2900.0,2265400.0
948,2021-10-22 03:56:39,18050.0,2000.0,2262500.0
949,2021-10-22 03:56:33,18050.0,800.0,2260500.0
950,2021-10-22 03:56:28,18050.0,1000.0,2259700.0
951,2021-10-22 03:56:28,18050.0,200.0,2258700.0
952,2021-10-22 03:56:28,18050.0,10000.0,2258500.0
953,2021-10-22 03:56:28,18050.0,1000.0,2248500.0
954,2021-10-22 03:56:28,18050.0,500.0,2247500.0
955,2021-10-22 03:56:28,18050.0,300.0,2247000.0
956,2021-10-22 03:56:28,18050.0,3000.0,2246700.0
957,2021-10-22 03:56:28,18050.0,3500.0,2243700.0
958,2021-10-22 03:56:28,18050.0,10800.0,2240200.0
959,2021-10-22 03:56:28,18050.0,1200.0,2229400.0
960,2021-10-22 03:56:28,18050.0,500.0,2228200.0
961,2021-10-22 03:56:28,18050.0,300.0,2227700.0
962,2021-10-22 03:56:24,18050.0,100.0,2227400.0
963,2021-10-22 03:56:22,18050.0,100.0,2227300.0
964,2021-10-22 03:56:13,18050.0,500.0,2227200.0
965,2021-10-22 03:56:13,18050.0,400.0,2226700.0
966,2021-10-22 03:56:11,18050.0,500.0,2226300.0
967,2021-10-22 03:56:09,18050.0,1000.0,2225800.0
968,2021-10-22 03:56:02,18050.0,1000.0,2224800.0
969,2021-10-22 03:56:01,18050.0,200.0,2223800.0
970,2021-10-22 03:55:59,18050.0,500.0,2223600.0
971,2021-10-22 03:55:59,18050.0,100.0,2223100.0
972,2021-10-22 03:55:59,18050.0,800.0,2223000.0
973,2021-10-22 03:55:59,18050.0,200.0,2222200.0
974,2021-10-22 03:55:59,18050.0,500.0,2222000.0
975,2021-10-22 03:55:59,18050.0,200.0,2221500.0
976,2021-10-22 03:55:59,18050.0,7600.0,2221300.0
977,2021-10-22 03:55:57,18050.0,1000.0,2213700.0
978,2021-10-22 03:55:55,18050.0,200.0,2212700.0
979,2021-10-22 03:55:45,18050.0,100.0,2212500.0
980,2021-10-22 03:55:45,18050.0,1000.0,2212400.0
981,2021-10-22 03:55:43,18050.0,100.0,2211400.0
982,2021-10-22 03:55:43,18050.0,200.0,2211300.0
983,2021-10-22 03:55:40,18050.0,300.0,2211100.0
984,2021-10-22 03:55:40,18050.0,300.0,2210800.0
985,2021-10-22 03:55:40,18050.0,1600.0,2210500.0
986,2021-10-22 03:55:40,18050.0,1500.0,2208900.0
987,2021-10-22 03:55:40,18050.0,600.0,2207400.0
988,2021-10-22 03:55:36,18050.0,1000.0,2206800.0
989,2021-10-22 03:55:35,18050.0,5000.0,2205800.0
990,2021-10-22 03:55:34,18050.0,100.0,2200800.0
991,2021-10-22 03:55:27,18050.0,3300.0,2200700.0
992,2021-10-22 03:55:27,18050.0,1700.0,2197400.0
993,2021-10-22 03:55:27,18050.0,300.0,2195700.0
994,2021-10-22 03:55:27,18050.0,200.0,2195400.0
995,2021-10-22 03:55:27,18050.0,200.0,2195200.0
996,2021-10-22 03:55:27,18050.0,100.0,2195000.0
997,2021-10-22 03:55:27,18050.0,1200.0,2194900.0
998,2021-10-22 03:55:25,18050.0,10000.0,2193700.0
999,2021-10-22 03:55:21,18050.0,5000.0,2183700.0
1000,2021-10-22 03:55:17,18050.0,500.0,2178700.0
1001,2021-10-22 03:55:11,18050.0,5000.0,2178200.0
1002,2021-10-22 03:55:10,18050.0,1300.0,2173200.0
1003,2021-10-22 03:55:10,18050.0,500.0,2171900.0
1004,2021-10-22 03:55:09,18050.0,1000.0,2171400.0
1005,2021-10-22 03:55:06,18050.0,100.0,2170400.0
1006,2021-10-22 03:55:04,18050.0,2000.0,2170300.0
1007,2021-10-22 03:55:02,18050.0,500.0,2168300.0
1008,2021-10-22 03:54:58,18050.0,10000.0,2167800.0
1009,2021-10-22 03:54:55,18050.0,1400.0,2157800.0
1010,2021-10-22 03:54:54,18050.0,700.0,2156400.0
1011,2021-10-22 03:54:51,18050.0,300.0,2155700.0
1012,2021-10-22 03:54:50,18050.0,100.0,2155400.0
1013,2021-10-22 03:54:42,18050.0,3000.0,2155300.0
1014,2021-10-22 03:54:39,18050.0,100.0,2152300.0
1015,2021-10-22 03:54:39,18050.0,100.0,2152200.0
1016,2021-10-22 03:54:39,18050.0,300.0,2152100.0
1017,2021-10-22 03:54:39,18050.0,2000.0,2151800.0
1018,2021-10-22 03:54:39,18050.0,100.0,2149800.0
1019,2021-10-22 03:54:39,18050.0,1000.0,2149700.0
1020,2021-10-22 03:54:39,18050.0,200.0,2148700.0
1021,2021-10-22 03:54:39,18050.0,300.0,2148500.0
1022,2021-10-22 03:54:39,18050.0,100.0,2148200.0
1023,2021-10-22 03:54:39,18050.0,15000.0,2148100.0
1024,2021-10-22 03:54:39,18050.0,1000.0,2133100.0
1025,2021-10-22 03:54:39,18050.0,1000.0,2132100.0
1026,2021-10-22 03:54:39,18050.0,300.0,2131100.0
1027,2021-10-22 03:54:39,18050.0,3200.0,2130800.0
1028,2021-10-22 03:54:39,18050.0,1500.0,2127600.0
1029,2021-10-22 03:54:39,18050.0,100.0,2126100.0
1030,2021-10-22 03:54:39,18050.0,100.0,2126000.0
1031,2021-10-22 03:54:39,18050.0,2000.0,2125900.0
1032,2021-10-22 03:54:39,18050.0,300.0,2123900.0
1033,2021-10-22 03:54:39,18050.0,500.0,2123600.0
1034,2021-10-22 03:54:39,18050.0,3000.0,2123100.0
1035,2021-10-22 03:54:39,18050.0,100.0,2120100.0
1036,2021-10-22 03:54:39,18050.0,100.0,2120000.0
1037,2021-10-22 03:54:39,18050.0,3000.0,2119900.0
1038,2021-10-22 03:54:39,18050.0,5000.0,2116900.0
1039,2021-10-22 03:54:39,18050.0,2600.0,2111900.0
1040,2021-10-22 03:54:39,18050.0,1000.0,2109300.0
1041,2021-10-22 03:54:39,18050.0,1600.0,2108300.0
1042,2021-10-22 03:54:39,18050.0,1000.0,2106700.0
1043,2021-10-22 03:54:39,18050.0,100.0,2105700.0
1044,2021-10-22 03:54:39,18050.0,5000.0,2105600.0
1045,2021-10-22 03:54:39,18050.0,1000.0,2100600.0
1046,2021-10-22 03:54:39,18050.0,100.0,2099600.0
1047,2021-10-22 03:54:39,18050.0,100.0,2099500.0
1048,2021-10-22 03:54:39,18050.0,100.0,2099400.0
1049,2021-10-22 03:54:39,18050.0,600.0,2099300.0
1050,2021-10-22 03:54:39,18050.0,5000.0,2098700.0
1051,2021-10-22 03:54:39,18050.0,300.0,2093700.0
1052,2021-10-22 03:54:39,18050.0,100.0,2093400.0
1053,2021-10-22 03:54:39,18050.0,100.0,2093300.0
1054,2021-10-22 03:54:39,18050.0,3500.0,2093200.0
1055,2021-10-22 03:54:39,18050.0,700.0,2089700.0
1056,2021-10-22 03:54:39,18050.0,300.0,2089000.0
1057,2021-10-22 03:54:39,18050.0,100.0,2088700.0
1058,2021-10-22 03:54:39,18050.0,1000.0,2088600.0
1059,2021-10-22 03:54:39,18050.0,1200.0,2087600.0
1060,2021-10-22 03:54:39,18050.0,100.0,2086400.0
1061,2021-10-22 03:54:39,18050.0,2000.0,2086300.0
1062,2021-10-22 03:54:39,18050.0,100.0,2084300.0
1063,2021-10-22 03:54:39,18050.0,500.0,2084200.0
1064,2021-10-22 03:54:39,18050.0,6000.0,2083700.0
1065,2021-10-22 03:54:39,18050.0,200.0,2077700.0
1066,2021-10-22 03:54:39,18050.0,100.0,2077500.0
1067,2021-10-22 03:54:39,18050.0,1000.0,2077400.0
1068,2021-10-22 03:54:39,18050.0,500.0,2076400.0
1069,2021-10-22 03:54:39,18050.0,2000.0,2075900.0
1070,2021-10-22 03:54:39,18050.0,500.0,2073900.0
1071,2021-10-22 03:54:39,18050.0,100.0,2073400.0
1072,2021-10-22 03:54:39,18050.0,25000.0,2073300.0
1073,2021-10-22 03:54:39,18050.0,3000.0,2048300.0
1074,2021-10-22 03:54:39,18050.0,1000.0,2045300.0
1075,2021-10-22 03:54:39,18050.0,2000.0,2044300.0
1076,2021-10-22 03:54:39,18050.0,1100.0,2042300.0
1077,2021-10-22 03:54:39,18050.0,100.0,2041200.0
1078,2021-10-22 03:54:39,18050.0,5000.0,2041100.0
1079,2021-10-22 03:54:39,18050.0,11600.0,2036100.0
1080,2021-10-22 03:54:39,18050.0,4000.0,2024500.0
1081,2021-10-22 03:54:39,18050.0,1000.0,2020500.0
1082,2021-10-22 03:54:39,18000.0,100.0,2019500.0
1083,2021-10-22 03:54:39,18000.0,5000.0,2019400.0
1084,2021-10-22 03:54:39,18000.0,100.0,2014400.0
1085,2021-10-22 03:54:39,18000.0,100.0,2014300.0
1086,2021-10-22 03:54:39,18000.0,100.0,2014200.0
1087,2021-10-22 03:54:39,18000.0,500.0,2014100.0
1088,2021-10-22 03:54:39,18000.0,500.0,2013600.0
1089,2021-10-22 03:54:39,18000.0,100.0,2013100.0
1090,2021-10-22 03:54:39,18000.0,200.0,2013000.0
1091,2021-10-22 03:54:39,18000.0,200.0,2012800.0
1092,2021-10-22 03:54:39,18000.0,300.0,2012600.0
1093,2021-10-22 03:54:39,18000.0,200.0,2012300.0
1094,2021-10-22 03:54:39,18000.0,100.0,2012100.0
1095,2021-10-22 03:54:39,18000.0,1000.0,2012000.0
1096,2021-10-22 03:54:39,18000.0,1000.0,2011000.0
1097,2021-10-22 03:54:39,18000.0,100.0,2010000.0
1098,2021-10-22 03:54:39,18000.0,500.0,2009900.0
1099,2021-10-22 03:54:39,18000.0,2500.0,2009400.0
1100,2021-10-22 03:54:39,18000.0,4000.0,2006900.0
1101,2021-10-22 03:54:39,18000.0,500.0,2002900.0
1102,2021-10-22 03:54:39,18000.0,6000.0,2002400.0
1103,2021-10-22 03:54:39,18000.0,3000.0,1996400.0
1104,2021-10-22 03:54:39,18000.0,1000.0,1993400.0
1105,2021-10-22 03:54:39,18000.0,300.0,1992400.0
1106,2021-10-22 03:54:39,18000.0,300.0,1992100.0
1107,2021-10-22 03:54:39,18000.0,1000.0,1991800.0
1108,2021-10-22 03:54:39,18000.0,200.0,1990800.0
1109,2021-10-22 03:54:39,18000.0,9300.0,1990600.0
1110,2021-10-22 03:54:39,18000.0,2000.0,1981300.0
1111,2021-10-22 03:54:39,18000.0,1000.0,1979300.0
1112,2021-10-22 03:54:39,18000.0,400.0,1978300.0
1113,2021-10-22 03:54:39,18000.0,300.0,1977900.0
1114,2021-10-22 03:54:39,18000.0,2800.0,1977600.0
1115,2021-10-22 03:54:39,18000.0,100.0,1974800.0
1116,2021-10-22 03:54:39,18000.0,100.0,1974700.0
1117,2021-10-22 03:54:39,18000.0,200.0,1974600.0
1118,2021-10-22 03:54:39,18000.0,500.0,1974400.0
1119,2021-10-22 03:54:39,18000.0,1000.0,1973900.0
1120,2021-10-22 03:54:39,18000.0,2500.0,1972900.0
1121,2021-10-22 03:54:39,18000.0,200.0,1970400.0
1122,2021-10-22 03:54:39,18000.0,100.0,1970200.0
1123,2021-10-22 03:54:39,18000.0,100.0,1970100.0
1124,2021-10-22 03:54:39,18000.0,2000.0,1970000.0
1125,2021-10-22 03:54:39,18000.0,100.0,1968000.0
1126,2021-10-22 03:54:39,18000.0,2000.0,1967900.0
1127,2021-10-22 03:54:39,18000.0,200.0,1965900.0
1128,2021-10-22 03:54:39,18000.0,1000.0,1965700.0
1129,2021-10-22 03:54:39,18000.0,200.0,1964700.0
1130,2021-10-22 03:54:39,18000.0,1000.0,1964500.0
1131,2021-10-22 03:54:39,18000.0,20000.0,1963500.0
1132,2021-10-22 03:54:39,18000.0,1000.0,1943500.0
1133,2021-10-22 03:54:39,18000.0,100.0,1942500.0
1134,2021-10-22 03:54:39,18000.0,40000.0,1942400.0
1135,2021-10-22 03:54:39,18000.0,500.0,1902400.0
1136,2021-10-22 03:54:39,18000.0,2200.0,1901900.0
1137,2021-10-22 03:54:39,18000.0,1000.0,1899700.0
1138,2021-10-22 03:54:39,18000.0,300.0,1898700.0
1139,2021-10-22 03:54:39,18000.0,1600.0,1898400.0
1140,2021-10-22 03:54:39,18000.0,1900.0,1896800.0
1141,2021-10-22 03:54:39,18000.0,5000.0,1894900.0
1142,2021-10-22 03:54:36,18000.0,3100.0,1889900.0
1143,2021-10-22 03:54:36,18000.0,100.0,1886800.0
1144,2021-10-22 03:54:36,18000.0,1000.0,1886700.0
1145,2021-10-22 03:54:36,18000.0,700.0,1885700.0
1146,2021-10-22 03:54:36,18000.0,100.0,1885000.0
1147,2021-10-22 03:54:36,18000.0,500.0,1884900.0
1148,2021-10-22 03:54:36,18000.0,800.0,1884400.0
1149,2021-10-22 03:54:36,18000.0,6800.0,1883600.0
1150,2021-10-22 03:54:36,18000.0,100.0,1876800.0
1151,2021-10-22 03:54:36,18000.0,200.0,1876700.0
1152,2021-10-22 03:54:36,18000.0,2000.0,1876500.0
1153,2021-10-22 03:54:36,18000.0,12000.0,1874500.0
1154,2021-10-22 03:54:36,18000.0,5000.0,1862500.0
1155,2021-10-22 03:54:36,18000.0,1000.0,1857500.0
1156,2021-10-22 03:54:36,18000.0,1000.0,1856500.0
1157,2021-10-22 03:54:36,18000.0,800.0,1855500.0
1158,2021-10-22 03:54:36,17950.0,4800.0,1854700.0
1159,2021-10-22 03:54:35,17950.0,100.0,1849900.0
1160,2021-10-22 03:54:35,17950.0,1900.0,1849800.0
1161,2021-10-22 03:54:35,17950.0,3000.0,1847900.0
1162,2021-10-22 03:54:35,17950.0,8200.0,1844900.0
1163,2021-10-22 03:54:34,18000.0,200.0,1836700.0
1164,2021-10-22 03:54:34,18000.0,300.0,1836500.0
1165,2021-10-22 03:54:20,17950.0,5000.0,1836200.0
1166,2021-10-22 03:54:20,17950.0,1000.0,1831200.0
1167,2021-10-22 03:54:20,17950.0,10000.0,1830200.0
1168,2021-10-22 03:54:20,17950.0,1000.0,1820200.0
1169,2021-10-22 03:54:20,17950.0,800.0,1819200.0
1170,2021-10-22 03:54:20,17950.0,500.0,1818400.0
1171,2021-10-22 03:54:20,17950.0,10000.0,1817900.0
1172,2021-10-22 03:54:20,17950.0,500.0,1807900.0
1173,2021-10-22 03:54:20,17950.0,200.0,1807400.0
1174,2021-10-22 03:54:18,17950.0,800.0,1807200.0
1175,2021-10-22 03:54:18,17950.0,200.0,1806400.0
1176,2021-10-22 03:54:15,17950.0,100.0,1806200.0
1177,2021-10-22 03:54:14,17950.0,200.0,1806100.0
1178,2021-10-22 03:54:14,17950.0,400.0,1805900.0
1179,2021-10-22 03:54:12,17950.0,100.0,1805500.0
1180,2021-10-22 03:54:08,17950.0,1000.0,1805400.0
1181,2021-10-22 03:54:06,17950.0,300.0,1804400.0
1182,2021-10-22 03:54:04,17950.0,1200.0,1804100.0
1183,2021-10-22 03:54:04,17950.0,1800.0,1802900.0
1184,2021-10-22 03:54:02,17950.0,1500.0,1801100.0
1185,2021-10-22 03:54:01,17950.0,300.0,1799600.0
1186,2021-10-22 03:54:00,17950.0,500.0,1799300.0
1187,2021-10-22 03:54:00,17950.0,10000.0,1798800.0
1188,2021-10-22 03:53:58,17950.0,100.0,1788800.0
1189,2021-10-22 03:53:58,17950.0,3000.0,1788700.0
1190,2021-10-22 03:53:54,17950.0,2000.0,1785700.0
1191,2021-10-22 03:53:48,17950.0,200.0,1783700.0
1192,2021-10-22 03:53:30,17900.0,1700.0,1783500.0
1193,2021-10-22 03:53:30,17900.0,300.0,1781800.0
1194,2021-10-22 03:53:30,17900.0,2000.0,1781500.0
1195,2021-10-22 03:53:30,17900.0,100.0,1779500.0
1196,2021-10-22 03:53:30,17900.0,5900.0,1779400.0
1197,2021-10-22 03:53:18,17900.0,200.0,1773500.0
1198,2021-10-22 03:53:14,17950.0,600.0,1773300.0
1199,2021-10-22 03:53:14,17950.0,400.0,1772700.0
1200,2021-10-22 03:53:14,17950.0,1000.0,1772300.0
1201,2021-10-22 03:53:06,17900.0,100.0,1771300.0
1202,2021-10-22 03:52:58,17900.0,2800.0,1771200.0
1203,2021-10-22 03:52:58,17900.0,1000.0,1768400.0
1204,2021-10-22 03:52:53,17900.0,300.0,1767400.0
1205,2021-10-22 03:52:53,17900.0,100.0,1767100.0
1206,2021-10-22 03:52:53,17900.0,500.0,1767000.0
1207,2021-10-22 03:52:53,17900.0,3500.0,1766500.0
1208,2021-10-22 03:52:53,17900.0,300.0,1763000.0
1209,2021-10-22 03:52:53,17900.0,1000.0,1762700.0
1210,2021-10-22 03:52:53,17900.0,500.0,1761700.0
1211,2021-10-22 03:52:53,17900.0,100.0,1761200.0
1212,2021-10-22 03:52:53,17900.0,5000.0,1761100.0
1213,2021-10-22 03:52:53,17900.0,1000.0,1756100.0
1214,2021-10-22 03:52:53,17900.0,500.0,1755100.0
1215,2021-10-22 03:52:53,17900.0,1000.0,1754600.0
1216,2021-10-22 03:52:53,17900.0,1500.0,1753600.0
1217,2021-10-22 03:52:53,17900.0,3400.0,1752100.0
1218,2021-10-22 03:52:53,17900.0,1300.0,1748700.0
1219,2021-10-22 03:52:49,17900.0,1500.0,1747400.0
1220,2021-10-22 03:52:45,17900.0,1000.0,1745900.0
1221,2021-10-22 03:52:44,17900.0,500.0,1744900.0
1222,2021-10-22 03:52:42,17900.0,5700.0,1744400.0
1223,2021-10-22 03:52:42,17900.0,4000.0,1738700.0
1224,2021-10-22 03:52:42,17900.0,500.0,1734700.0
1225,2021-10-22 03:52:42,17900.0,100.0,1734200.0
1226,2021-10-22 03:52:42,17900.0,700.0,1734100.0
1227,2021-10-22 03:52:38,17850.0,900.0,1733400.0
1228,2021-10-22 03:52:33,17900.0,4300.0,1732500.0
1229,2021-10-22 03:52:33,17900.0,700.0,1728200.0
1230,2021-10-22 03:52:20,17900.0,400.0,1727500.0
1231,2021-10-22 03:52:18,17850.0,300.0,1727100.0
1232,2021-10-22 03:52:16,17900.0,700.0,1726800.0
1233,2021-10-22 03:52:16,17900.0,200.0,1726100.0
1234,2021-10-22 03:52:15,17900.0,100.0,1725900.0
1235,2021-10-22 03:52:14,17850.0,200.0,1725800.0
1236,2021-10-22 03:52:14,17850.0,300.0,1725600.0
1237,2021-10-22 03:52:12,17900.0,300.0,1725300.0
1238,2021-10-22 03:51:51,17900.0,100.0,1725000.0
1239,2021-10-22 03:51:50,17900.0,500.0,1724900.0
1240,2021-10-22 03:51:50,17900.0,100.0,1724400.0
1241,2021-10-22 03:51:50,17900.0,400.0,1724300.0
1242,2021-10-22 03:51:40,17850.0,200.0,1723900.0
1243,2021-10-22 03:51:40,17850.0,600.0,1723700.0
1244,2021-10-22 03:51:30,17850.0,500.0,1723100.0
1245,2021-10-22 03:51:25,17900.0,300.0,1722600.0
1246,2021-10-22 03:51:17,17900.0,400.0,1722300.0
1247,2021-10-22 03:51:17,17900.0,300.0,1721900.0
1248,2021-10-22 03:51:07,17900.0,400.0,1721600.0
1249,2021-10-22 03:51:02,17900.0,2700.0,1721200.0
1250,2021-10-22 03:50:56,17850.0,100.0,1718500.0
1251,2021-10-22 03:50:56,17850.0,3300.0,1718400.0
1252,2021-10-22 03:50:56,17850.0,500.0,1715100.0
1253,2021-10-22 03:50:50,17850.0,2000.0,1714600.0
1254,2021-10-22 03:50:48,17850.0,700.0,1712600.0
1255,2021-10-22 03:50:48,17850.0,1000.0,1711900.0
1256,2021-10-22 03:50:48,17850.0,100.0,1710900.0
1257,2021-10-22 03:50:43,17850.0,500.0,1710800.0
1258,2021-10-22 03:50:33,17850.0,100.0,1710300.0
1259,2021-10-22 03:50:32,17850.0,500.0,1710200.0
1260,2021-10-22 03:50:28,17850.0,100.0,1709700.0
1261,2021-10-22 03:50:28,17850.0,2000.0,1709600.0
1262,2021-10-22 03:50:28,17850.0,500.0,1707600.0
1263,2021-10-22 03:50:28,17850.0,1200.0,1707100.0
1264,2021-10-22 03:50:22,17900.0,3600.0,1705900.0
1265,2021-10-22 03:50:22,17900.0,200.0,1702300.0
1266,2021-10-22 03:50:22,17900.0,5000.0,1702100.0
1267,2021-10-22 03:50:22,17900.0,15000.0,1697100.0
1268,2021-10-22 03:50:22,17900.0,1200.0,1682100.0
1269,2021-10-22 03:50:21,17850.0,500.0,1680900.0
1270,2021-10-22 03:50:12,17900.0,700.0,1680400.0
1271,2021-10-22 03:50:10,17850.0,300.0,1679700.0
1272,2021-10-22 03:50:05,17850.0,100.0,1679400.0
1273,2021-10-22 03:50:05,17850.0,500.0,1679300.0
1274,2021-10-22 03:50:05,17850.0,2100.0,1678800.0
1275,2021-10-22 03:50:00,17900.0,5000.0,1676700.0
1276,2021-10-22 03:49:57,17850.0,2900.0,1671700.0
1277,2021-10-22 03:49:56,17850.0,2000.0,1668800.0
1278,2021-10-22 03:49:56,17850.0,100.0,1666800.0
1279,2021-10-22 03:49:54,17850.0,200.0,1666700.0
1280,2021-10-22 03:49:54,17850.0,100.0,1666500.0
1281,2021-10-22 03:49:54,17850.0,100.0,1666400.0
1282,2021-10-22 03:49:54,17850.0,100.0,1666300.0
1283,2021-10-22 03:49:53,17900.0,1000.0,1666200.0
1284,2021-10-22 03:49:53,17900.0,4200.0,1665200.0
1285,2021-10-22 03:49:42,17900.0,1500.0,1661000.0
1286,2021-10-22 03:49:36,17900.0,500.0,1659500.0
1287,2021-10-22 03:49:36,17900.0,500.0,1659000.0
1288,2021-10-22 03:49:36,17900.0,100.0,1658500.0
1289,2021-10-22 03:49:36,17900.0,500.0,1658400.0
1290,2021-10-22 03:49:36,17900.0,1000.0,1657900.0
1291,2021-10-22 03:49:36,17900.0,400.0,1656900.0
1292,2021-10-22 03:49:29,17900.0,600.0,1656500.0
1293,2021-10-22 03:49:00,17850.0,100.0,1655900.0
1294,2021-10-22 03:48:54,17850.0,2900.0,1655800.0
1295,2021-10-22 03:48:54,17850.0,900.0,1652900.0
1296,2021-10-22 03:48:54,17850.0,5000.0,1652000.0
1297,2021-10-22 03:48:54,17850.0,500.0,1647000.0
1298,2021-10-22 03:48:54,17800.0,5100.0,1646500.0
1299,2021-10-22 03:48:52,17800.0,2900.0,1641400.0
1300,2021-10-22 03:48:52,17800.0,2100.0,1638500.0
1301,2021-10-22 03:48:49,17800.0,4900.0,1636400.0
1302,2021-10-22 03:48:49,17800.0,100.0,1631500.0
1303,2021-10-22 03:48:48,17800.0,100.0,1631400.0
1304,2021-10-22 03:48:48,17800.0,400.0,1631300.0
1305,2021-10-22 03:48:47,17800.0,1000.0,1630900.0
1306,2021-10-22 03:48:45,17800.0,600.0,1629900.0
1307,2021-10-22 03:48:45,17800.0,400.0,1629300.0
1308,2021-10-22 03:48:44,17800.0,100.0,1628900.0
1309,2021-10-22 03:48:44,17800.0,700.0,1628800.0
1310,2021-10-22 03:48:44,17800.0,1200.0,1628100.0
1311,2021-10-22 03:48:43,17800.0,1000.0,1626900.0
1312,2021-10-22 03:48:43,17800.0,100.0,1625900.0
1313,2021-10-22 03:48:40,17800.0,7100.0,1625800.0
1314,2021-10-22 03:48:31,17800.0,600.0,1618700.0
1315,2021-10-22 03:48:31,17800.0,300.0,1618100.0
1316,2021-10-22 03:48:31,17800.0,500.0,1617800.0
1317,2021-10-22 03:48:31,17800.0,100.0,1617300.0
1318,2021-10-22 03:48:31,17800.0,5500.0,1617200.0
1319,2021-10-22 03:48:31,17800.0,100.0,1611700.0
1320,2021-10-22 03:48:31,17800.0,300.0,1611600.0
1321,2021-10-22 03:48:31,17800.0,600.0,1611300.0
1322,2021-10-22 03:48:31,17800.0,2000.0,1610700.0
1323,2021-10-22 03:48:31,17800.0,1000.0,1608700.0
1324,2021-10-22 03:48:31,17800.0,200.0,1607700.0
1325,2021-10-22 03:48:31,17800.0,1000.0,1607500.0
1326,2021-10-22 03:48:31,17800.0,100.0,1606500.0
1327,2021-10-22 03:48:31,17800.0,300.0,1606400.0
1328,2021-10-22 03:48:31,17800.0,100.0,1606100.0
1329,2021-10-22 03:48:31,17800.0,200.0,1606000.0
1330,2021-10-22 03:48:31,17800.0,500.0,1605800.0
1331,2021-10-22 03:48:31,17800.0,1000.0,1605300.0
1332,2021-10-22 03:48:31,17800.0,5000.0,1604300.0
1333,2021-10-22 03:48:31,17800.0,200.0,1599300.0
1334,2021-10-22 03:48:31,17800.0,15400.0,1599100.0
1335,2021-10-22 03:48:25,17800.0,3000.0,1583700.0
1336,2021-10-22 03:48:22,17800.0,4700.0,1580700.0
1337,2021-10-22 03:48:22,17750.0,300.0,1576000.0
1338,2021-10-22 03:48:22,17750.0,1000.0,1575700.0
1339,2021-10-22 03:48:19,17750.0,200.0,1574700.0
1340,2021-10-22 03:48:18,17750.0,1000.0,1574500.0
1341,2021-10-22 03:48:18,17750.0,500.0,1573500.0
1342,2021-10-22 03:48:18,17750.0,200.0,1573000.0
1343,2021-10-22 03:48:18,17750.0,1800.0,1572800.0
1344,2021-10-22 03:48:14,17800.0,1000.0,1571000.0
1345,2021-10-22 03:48:04,17800.0,900.0,1570000.0
1346,2021-10-22 03:48:04,17800.0,100.0,1569100.0
1347,2021-10-22 03:48:04,17800.0,3000.0,1569000.0
1348,2021-10-22 03:48:04,17800.0,1000.0,1566000.0
1349,2021-10-22 03:47:57,17800.0,1000.0,1565000.0
1350,2021-10-22 03:47:55,17750.0,500.0,1564000.0
1351,2021-10-22 03:47:55,17750.0,600.0,1563500.0
1352,2021-10-22 03:47:55,17750.0,300.0,1562900.0
1353,2021-10-22 03:47:55,17750.0,500.0,1562600.0
1354,2021-10-22 03:47:55,17750.0,1000.0,1562100.0
1355,2021-10-22 03:47:55,17750.0,100.0,1561100.0
1356,2021-10-22 03:47:51,17750.0,900.0,1561000.0
1357,2021-10-22 03:47:47,17750.0,2300.0,1560100.0
1358,2021-10-22 03:47:40,17750.0,1000.0,1557800.0
1359,2021-10-22 03:47:38,17750.0,100.0,1556800.0
1360,2021-10-22 03:47:31,17750.0,700.0,1556700.0
1361,2021-10-22 03:47:31,17750.0,1300.0,1556000.0
1362,2021-10-22 03:47:29,17750.0,3000.0,1554700.0
1363,2021-10-22 03:47:28,17750.0,100.0,1551700.0
1364,2021-10-22 03:47:27,17750.0,600.0,1551600.0
1365,2021-10-22 03:47:27,17750.0,200.0,1551000.0
1366,2021-10-22 03:47:27,17750.0,100.0,1550800.0
1367,2021-10-22 03:47:27,17750.0,500.0,1550700.0
1368,2021-10-22 03:47:27,17750.0,500.0,1550200.0
1369,2021-10-22 03:47:27,17750.0,3000.0,1549700.0
1370,2021-10-22 03:47:20,17700.0,100.0,1546700.0
1371,2021-10-22 03:47:15,17700.0,1000.0,1546600.0
1372,2021-10-22 03:47:14,17700.0,500.0,1545600.0
1373,2021-10-22 03:47:14,17700.0,500.0,1545100.0
1374,2021-10-22 03:47:14,17700.0,2000.0,1544600.0
1375,2021-10-22 03:47:14,17700.0,100.0,1542600.0
1376,2021-10-22 03:47:14,17700.0,100.0,1542500.0
1377,2021-10-22 03:47:14,17700.0,300.0,1542400.0
1378,2021-10-22 03:47:14,17700.0,8000.0,1542100.0
1379,2021-10-22 03:47:14,17700.0,1000.0,1534100.0
1380,2021-10-22 03:47:14,17700.0,300.0,1533100.0
1381,2021-10-22 03:47:14,17700.0,1000.0,1532800.0
1382,2021-10-22 03:47:14,17700.0,1700.0,1531800.0
1383,2021-10-22 03:47:14,17700.0,1000.0,1530100.0
1384,2021-10-22 03:47:14,17700.0,100.0,1529100.0
1385,2021-10-22 03:47:14,17700.0,100.0,1529000.0
1386,2021-10-22 03:47:14,17700.0,1000.0,1528900.0
1387,2021-10-22 03:47:14,17700.0,200.0,1527900.0
1388,2021-10-22 03:47:14,17700.0,200.0,1527700.0
1389,2021-10-22 03:47:14,17700.0,200.0,1527500.0
1390,2021-10-22 03:47:14,17700.0,100.0,1527300.0
1391,2021-10-22 03:47:14,17700.0,1300.0,1527200.0
1392,2021-10-22 03:47:14,17700.0,200.0,1525900.0
1393,2021-10-22 03:47:14,17700.0,100.0,1525700.0
1394,2021-10-22 03:47:14,17700.0,2000.0,1525600.0
1395,2021-10-22 03:47:14,17700.0,400.0,1523600.0
1396,2021-10-22 03:47:14,17700.0,500.0,1523200.0
1397,2021-10-22 03:47:14,17700.0,100.0,1522700.0
1398,2021-10-22 03:47:14,17700.0,1000.0,1522600.0
1399,2021-10-22 03:47:14,17700.0,1000.0,1521600.0
1400,2021-10-22 03:47:14,17700.0,100.0,1520600.0
1401,2021-10-22 03:47:14,17700.0,200.0,1520500.0
1402,2021-10-22 03:47:14,17700.0,500.0,1520300.0
1403,2021-10-22 03:47:14,17700.0,2000.0,1519800.0
1404,2021-10-22 03:47:14,17700.0,500.0,1517800.0
1405,2021-10-22 03:47:14,17700.0,6200.0,1517300.0
1406,2021-10-22 03:47:13,17650.0,1500.0,1511100.0
1407,2021-10-22 03:47:13,17650.0,500.0,1509600.0
1408,2021-10-22 03:47:13,17650.0,1000.0,1509100.0
1409,2021-10-22 03:46:53,17700.0,1100.0,1508100.0
1410,2021-10-22 03:46:48,17700.0,1300.0,1507000.0
1411,2021-10-22 03:46:39,17700.0,1400.0,1505700.0
1412,2021-10-22 03:46:39,17700.0,100.0,1504300.0
1413,2021-10-22 03:46:39,17700.0,2000.0,1504200.0
1414,2021-10-22 03:46:35,17700.0,200.0,1502200.0
1415,2021-10-22 03:46:35,17700.0,200.0,1502000.0
1416,2021-10-22 03:46:35,17700.0,600.0,1501800.0
1417,2021-10-22 03:46:33,17700.0,400.0,1501200.0
1418,2021-10-22 03:46:33,17700.0,100.0,1500800.0
1419,2021-10-22 03:46:33,17700.0,500.0,1500700.0
1420,2021-10-22 03:46:31,17700.0,500.0,1500200.0
1421,2021-10-22 03:46:28,17700.0,2000.0,1499700.0
1422,2021-10-22 03:46:28,17700.0,1000.0,1497700.0
1423,2021-10-22 03:46:10,17700.0,1000.0,1496700.0
1424,2021-10-22 03:46:10,17700.0,1000.0,1495700.0
1425,2021-10-22 03:46:09,17650.0,500.0,1494700.0
1426,2021-10-22 03:46:09,17650.0,1500.0,1494200.0
1427,2021-10-22 03:46:02,17650.0,3500.0,1492700.0
1428,2021-10-22 03:46:02,17650.0,100.0,1489200.0
1429,2021-10-22 03:46:02,17650.0,100.0,1489100.0
1430,2021-10-22 03:46:02,17650.0,100.0,1489000.0
1431,2021-10-22 03:46:02,17650.0,100.0,1488900.0
1432,2021-10-22 03:46:02,17650.0,100.0,1488800.0
1433,2021-10-22 03:46:02,17650.0,200.0,1488700.0
1434,2021-10-22 03:46:02,17650.0,200.0,1488500.0
1435,2021-10-22 03:46:02,17650.0,100.0,1488300.0
1436,2021-10-22 03:46:02,17650.0,200.0,1488200.0
1437,2021-10-22 03:46:02,17650.0,100.0,1488000.0
1438,2021-10-22 03:46:02,17650.0,200.0,1487900.0
1439,2021-10-22 03:45:54,17600.0,200.0,1487700.0
1440,2021-10-22 03:45:37,17600.0,5000.0,1487500.0
1441,2021-10-22 03:45:37,17600.0,1000.0,1482500.0
1442,2021-10-22 03:45:37,17600.0,1000.0,1481500.0
1443,2021-10-22 03:45:37,17600.0,500.0,1480500.0
1444,2021-10-22 03:45:35,17600.0,600.0,1480000.0
1445,2021-10-22 03:45:35,17600.0,100.0,1479400.0
1446,2021-10-22 03:45:35,17600.0,300.0,1479300.0
1447,2021-10-22 03:45:24,17600.0,1000.0,1479000.0
1448,2021-10-22 03:45:20,17600.0,2000.0,1478000.0
1449,2021-10-22 03:45:20,17600.0,5000.0,1476000.0
1450,2021-10-22 03:45:00,17600.0,1500.0,1471000.0
1451,2021-10-22 03:45:00,17600.0,200.0,1469500.0
1452,2021-10-22 03:45:00,17600.0,300.0,1469300.0
1453,2021-10-22 03:45:00,17600.0,800.0,1469000.0
1454,2021-10-22 03:44:56,17600.0,500.0,1468200.0
1455,2021-10-22 03:44:53,17600.0,1700.0,1467700.0
1456,2021-10-22 03:44:53,17600.0,1000.0,1466000.0
1457,2021-10-22 03:44:53,17600.0,2300.0,1465000.0
1458,2021-10-22 03:44:49,17600.0,500.0,1462700.0
1459,2021-10-22 03:44:45,17600.0,200.0,1462200.0
1460,2021-10-22 03:44:41,17600.0,200.0,1462000.0
1461,2021-10-22 03:44:41,17600.0,300.0,1461800.0
1462,2021-10-22 03:44:41,17600.0,1000.0,1461500.0
1463,2021-10-22 03:44:41,17600.0,800.0,1460500.0
1464,2021-10-22 03:44:08,17600.0,200.0,1459700.0
1465,2021-10-22 03:44:08,17600.0,400.0,1459500.0
1466,2021-10-22 03:44:08,17600.0,1000.0,1459100.0
1467,2021-10-22 03:44:08,17600.0,4500.0,1458100.0
1468,2021-10-22 03:44:08,17600.0,500.0,1453600.0
1469,2021-10-22 03:44:08,17600.0,500.0,1453100.0
1470,2021-10-22 03:44:08,17600.0,200.0,1452600.0
1471,2021-10-22 03:44:08,17600.0,200.0,1452400.0
1472,2021-10-22 03:44:08,17600.0,100.0,1452200.0
1473,2021-10-22 03:44:08,17600.0,100.0,1452100.0
1474,2021-10-22 03:44:08,17600.0,100.0,1452000.0
1475,2021-10-22 03:44:08,17600.0,100.0,1451900.0
1476,2021-10-22 03:44:08,17600.0,200.0,1451800.0
1477,2021-10-22 03:44:08,17600.0,200.0,1451600.0
1478,2021-10-22 03:44:08,17600.0,2000.0,1451400.0
1479,2021-10-22 03:44:08,17600.0,500.0,1449400.0
1480,2021-10-22 03:44:08,17600.0,500.0,1448900.0
1481,2021-10-22 03:44:08,17600.0,600.0,1448400.0
1482,2021-10-22 03:44:08,17600.0,200.0,1447800.0
1483,2021-10-22 03:44:08,17600.0,900.0,1447600.0
1484,2021-10-22 03:44:08,17600.0,1300.0,1446700.0
1485,2021-10-22 03:44:08,17600.0,200.0,1445400.0
1486,2021-10-22 03:44:08,17600.0,100.0,1445200.0
1487,2021-10-22 03:44:08,17600.0,200.0,1445100.0
1488,2021-10-22 03:44:08,17600.0,500.0,1444900.0
1489,2021-10-22 03:44:08,17600.0,200.0,1444400.0
1490,2021-10-22 03:44:08,17600.0,1200.0,1444200.0
1491,2021-10-22 03:44:08,17600.0,100.0,1443000.0
1492,2021-10-22 03:44:08,17600.0,1000.0,1442900.0
1493,2021-10-22 03:44:08,17600.0,300.0,1441900.0
1494,2021-10-22 03:44:08,17600.0,1200.0,1441600.0
1495,2021-10-22 03:44:08,17600.0,700.0,1440400.0
1496,2021-10-22 03:44:08,17600.0,500.0,1439700.0
1497,2021-10-22 03:44:08,17600.0,300.0,1439200.0
1498,2021-10-22 03:44:08,17600.0,3000.0,1438900.0
1499,2021-10-22 03:44:08,17600.0,2000.0,1435900.0
1500,2021-10-22 03:44:08,17600.0,500.0,1433900.0
1501,2021-10-22 03:44:08,17600.0,500.0,1433400.0
1502,2021-10-22 03:44:08,17600.0,200.0,1432900.0
1503,2021-10-22 03:44:08,17600.0,100.0,1432700.0
1504,2021-10-22 03:44:08,17600.0,100.0,1432600.0
1505,2021-10-22 03:44:08,17600.0,100.0,1432500.0
1506,2021-10-22 03:44:08,17600.0,500.0,1432400.0
1507,2021-10-22 03:44:08,17600.0,1200.0,1431900.0
1508,2021-10-22 03:44:07,17600.0,800.0,1430700.0
1509,2021-10-22 03:44:07,17600.0,1000.0,1429900.0
1510,2021-10-22 03:44:07,17600.0,500.0,1428900.0
1511,2021-10-22 03:44:07,17600.0,100.0,1428400.0
1512,2021-10-22 03:44:07,17600.0,100.0,1428300.0
1513,2021-10-22 03:44:07,17600.0,5000.0,1428200.0
1514,2021-10-22 03:44:07,17600.0,1000.0,1423200.0
1515,2021-10-22 03:44:07,17600.0,1500.0,1422200.0
1516,2021-10-22 03:43:56,17600.0,100.0,1420700.0
1517,2021-10-22 03:43:56,17600.0,200.0,1420600.0
1518,2021-10-22 03:43:36,17600.0,800.0,1420400.0
1519,2021-10-22 03:43:25,17600.0,100.0,1419600.0
1520,2021-10-22 03:43:04,17600.0,700.0,1419500.0
1521,2021-10-22 03:42:57,17550.0,100.0,1418800.0
1522,2021-10-22 03:42:51,17600.0,100.0,1418700.0
1523,2021-10-22 03:42:25,17550.0,100.0,1418600.0
1524,2021-10-22 03:42:25,17550.0,500.0,1418500.0
1525,2021-10-22 03:42:25,17550.0,200.0,1418000.0
1526,2021-10-22 03:42:16,17550.0,700.0,1417800.0
1527,2021-10-22 03:42:16,17550.0,500.0,1417100.0
1528,2021-10-22 03:42:16,17550.0,800.0,1416600.0
1529,2021-10-22 03:42:14,17550.0,1000.0,1415800.0
1530,2021-10-22 03:42:11,17550.0,3200.0,1414800.0
1531,2021-10-22 03:42:11,17550.0,1800.0,1411600.0
1532,2021-10-22 03:42:06,17550.0,200.0,1409800.0
1533,2021-10-22 03:41:55,17550.0,500.0,1409600.0
1534,2021-10-22 03:41:55,17550.0,500.0,1409100.0
1535,2021-10-22 03:41:52,17550.0,500.0,1408600.0
1536,2021-10-22 03:41:52,17550.0,5000.0,1408100.0
1537,2021-10-22 03:41:52,17550.0,2000.0,1403100.0
1538,2021-10-22 03:41:52,17550.0,500.0,1401100.0
1539,2021-10-22 03:41:45,17550.0,1600.0,1400600.0
1540,2021-10-22 03:41:37,17550.0,900.0,1399000.0
1541,2021-10-22 03:41:37,17550.0,100.0,1398100.0
1542,2021-10-22 03:41:08,17550.0,400.0,1398000.0
1543,2021-10-22 03:41:08,17550.0,100.0,1397600.0
1544,2021-10-22 03:39:47,17500.0,200.0,1397500.0
1545,2021-10-22 03:39:32,17550.0,300.0,1397300.0
1546,2021-10-22 03:39:32,17550.0,1000.0,1397000.0
1547,2021-10-22 03:39:32,17550.0,300.0,1396000.0
1548,2021-10-22 03:39:32,17550.0,400.0,1395700.0
1549,2021-10-22 03:39:10,17500.0,900.0,1395300.0
1550,2021-10-22 03:39:08,17500.0,2000.0,1394400.0
1551,2021-10-22 03:39:08,17500.0,700.0,1392400.0
1552,2021-10-22 03:39:08,17500.0,200.0,1391700.0
1553,2021-10-22 03:38:50,17550.0,200.0,1391500.0
1554,2021-10-22 03:38:50,17550.0,5000.0,1391300.0
1555,2021-10-22 03:38:50,17550.0,1800.0,1386300.0
1556,2021-10-22 03:38:50,17500.0,3000.0,1384500.0
1557,2021-10-22 03:38:50,17500.0,700.0,1381500.0
1558,2021-10-22 03:38:50,17500.0,100.0,1380800.0
1559,2021-10-22 03:38:50,17500.0,100.0,1380700.0
1560,2021-10-22 03:38:46,17500.0,200.0,1380600.0
1561,2021-10-22 03:38:46,17500.0,300.0,1380400.0
1562,2021-10-22 03:38:18,17500.0,1700.0,1380100.0
1563,2021-10-22 03:38:18,17500.0,400.0,1378400.0
1564,2021-10-22 03:38:18,17500.0,800.0,1378000.0
1565,2021-10-22 03:38:18,17500.0,2100.0,1377200.0
1566,2021-10-22 03:38:13,17500.0,500.0,1375100.0
1567,2021-10-22 03:38:01,17500.0,400.0,1374600.0
1568,2021-10-22 03:38:01,17500.0,200.0,1374200.0
1569,2021-10-22 03:38:01,17500.0,400.0,1374000.0
1570,2021-10-22 03:37:37,17500.0,100.0,1373600.0
1571,2021-10-22 03:37:32,17500.0,2000.0,1373500.0
1572,2021-10-22 03:37:28,17500.0,900.0,1371500.0
1573,2021-10-22 03:37:28,17500.0,100.0,1370600.0
1574,2021-10-22 03:37:28,17500.0,200.0,1370500.0
1575,2021-10-22 03:37:28,17500.0,1500.0,1370300.0
1576,2021-10-22 03:37:28,17500.0,300.0,1368800.0
1577,2021-10-22 03:37:28,17500.0,700.0,1368500.0
1578,2021-10-22 03:37:28,17500.0,300.0,1367800.0
1579,2021-10-22 03:37:22,17500.0,200.0,1367500.0
1580,2021-10-22 03:37:22,17500.0,300.0,1367300.0
1581,2021-10-22 03:37:17,17500.0,700.0,1367000.0
1582,2021-10-22 03:37:17,17500.0,300.0,1366300.0
1583,2021-10-22 03:37:16,17500.0,800.0,1366000.0
1584,2021-10-22 03:37:16,17500.0,200.0,1365200.0
1585,2021-10-22 03:37:16,17500.0,800.0,1365000.0
1586,2021-10-22 03:37:16,17500.0,200.0,1364200.0
1587,2021-10-22 03:37:08,17500.0,1000.0,1364000.0
1588,2021-10-22 03:37:04,17500.0,500.0,1363000.0
1589,2021-10-22 03:36:49,17500.0,300.0,1362500.0
1590,2021-10-22 03:36:30,17500.0,1000.0,1362200.0
1591,2021-10-22 03:36:30,17500.0,700.0,1361200.0
1592,2021-10-22 03:36:26,17450.0,200.0,1360500.0
1593,2021-10-22 03:36:26,17450.0,800.0,1360300.0
1594,2021-10-22 03:36:20,17500.0,1500.0,1359500.0
1595,2021-10-22 03:36:16,17500.0,16000.0,1358000.0
1596,2021-10-22 03:36:01,17500.0,1000.0,1342000.0
1597,2021-10-22 03:35:49,17500.0,300.0,1341000.0
1598,2021-10-22 03:35:36,17500.0,600.0,1340700.0
1599,2021-10-22 03:35:27,17500.0,10000.0,1340100.0
1600,2021-10-22 03:35:18,17500.0,200.0,1330100.0
1601,2021-10-22 03:35:07,17500.0,100.0,1329900.0
1602,2021-10-22 03:34:41,17500.0,500.0,1329800.0
1603,2021-10-22 03:34:32,17500.0,10000.0,1329300.0
1604,2021-10-22 03:34:23,17500.0,1000.0,1319300.0
1605,2021-10-22 03:34:02,17450.0,1000.0,1318300.0
1606,2021-10-22 03:34:02,17450.0,2000.0,1317300.0
1607,2021-10-22 03:34:02,17450.0,2000.0,1315300.0
1608,2021-10-22 03:34:02,17450.0,3000.0,1313300.0
1609,2021-10-22 03:34:02,17450.0,3000.0,1310300.0
1610,2021-10-22 03:33:17,17500.0,8100.0,1307300.0
1611,2021-10-22 03:33:17,17500.0,5000.0,1299200.0
1612,2021-10-22 03:33:17,17500.0,6000.0,1294200.0
1613,2021-10-22 03:33:17,17500.0,900.0,1288200.0
1614,2021-10-22 03:33:10,17450.0,2000.0,1287300.0
1615,2021-10-22 03:33:10,17450.0,3000.0,1285300.0
1616,2021-10-22 03:33:06,17500.0,100.0,1282300.0
1617,2021-10-22 03:32:41,17450.0,2000.0,1282200.0
1618,2021-10-22 03:32:34,17500.0,1000.0,1280200.0
1619,2021-10-22 03:32:15,17500.0,500.0,1279200.0
1620,2021-10-22 03:32:02,17500.0,300.0,1278700.0
1621,2021-10-22 03:31:59,17500.0,100.0,1278400.0
1622,2021-10-22 03:31:55,17500.0,200.0,1278300.0
1623,2021-10-22 03:31:51,17500.0,1000.0,1278100.0
1624,2021-10-22 03:31:48,17500.0,3900.0,1277100.0
1625,2021-10-22 03:31:33,17500.0,5000.0,1273200.0
1626,2021-10-22 03:31:28,17500.0,100.0,1268200.0
1627,2021-10-22 03:31:19,17500.0,1800.0,1268100.0
1628,2021-10-22 03:30:59,17500.0,1100.0,1266300.0
1629,2021-10-22 03:30:57,17450.0,5000.0,1265200.0
1630,2021-10-22 03:30:43,17500.0,1000.0,1260200.0
1631,2021-10-22 03:30:43,17500.0,1800.0,1259200.0
1632,2021-10-22 03:30:03,17500.0,2200.0,1257400.0
1633,2021-10-22 03:30:03,17500.0,1000.0,1255200.0
1634,2021-10-22 03:30:03,17500.0,5000.0,1254200.0
1635,2021-10-22 03:30:03,17500.0,500.0,1249200.0
1636,2021-10-22 03:30:03,17500.0,500.0,1248700.0
1637,2021-10-22 03:30:03,17500.0,2000.0,1248200.0
1638,2021-10-22 03:30:03,17500.0,800.0,1246200.0
1639,2021-10-22 03:29:23,17500.0,5000.0,1245400.0
1640,2021-10-22 03:29:08,17500.0,400.0,1240400.0
1641,2021-10-22 03:28:57,17500.0,300.0,1240000.0
1642,2021-10-22 03:28:37,17500.0,100.0,1239700.0
1643,2021-10-22 03:28:33,17500.0,3400.0,1239600.0
1644,2021-10-22 03:28:32,17500.0,400.0,1236200.0
1645,2021-10-22 03:28:32,17500.0,300.0,1235800.0
1646,2021-10-22 03:28:32,17500.0,2800.0,1235500.0
1647,2021-10-22 03:28:24,17500.0,100.0,1232700.0
1648,2021-10-22 03:28:24,17500.0,100.0,1232600.0
1649,2021-10-22 03:28:16,17500.0,100.0,1232500.0
1650,2021-10-22 03:28:04,17500.0,3000.0,1232400.0
1651,2021-10-22 03:27:50,17500.0,3000.0,1229400.0
1652,2021-10-22 03:27:47,17500.0,1000.0,1226400.0
1653,2021-10-22 03:27:29,17500.0,200.0,1225400.0
1654,2021-10-22 03:27:29,17500.0,2900.0,1225200.0
1655,2021-10-22 03:27:26,17500.0,1500.0,1222300.0
1656,2021-10-22 03:27:20,17500.0,100.0,1220800.0
1657,2021-10-22 03:27:19,17500.0,200.0,1220700.0
1658,2021-10-22 03:27:19,17500.0,6100.0,1220500.0
1659,2021-10-22 03:27:17,17550.0,8200.0,1214400.0
1660,2021-10-22 03:27:17,17550.0,1000.0,1206200.0
1661,2021-10-22 03:27:17,17550.0,500.0,1205200.0
1662,2021-10-22 03:27:17,17550.0,100.0,1204700.0
1663,2021-10-22 03:27:17,17550.0,1000.0,1204600.0
1664,2021-10-22 03:27:17,17550.0,2000.0,1203600.0
1665,2021-10-22 03:27:17,17550.0,10000.0,1201600.0
1666,2021-10-22 03:27:17,17550.0,5000.0,1191600.0
1667,2021-10-22 03:27:17,17550.0,100.0,1186600.0
1668,2021-10-22 03:27:17,17550.0,400.0,1186500.0
1669,2021-10-22 03:27:17,17550.0,100.0,1186100.0
1670,2021-10-22 03:27:17,17550.0,200.0,1186000.0
1671,2021-10-22 03:27:17,17550.0,1200.0,1185800.0
1672,2021-10-22 03:27:15,17500.0,2000.0,1184600.0
1673,2021-10-22 03:27:11,17500.0,1900.0,1182600.0
1674,2021-10-22 03:27:09,17500.0,200.0,1180700.0
1675,2021-10-22 03:27:08,17500.0,100.0,1180500.0
1676,2021-10-22 03:27:08,17500.0,200.0,1180400.0
1677,2021-10-22 03:27:08,17500.0,2000.0,1180200.0
1678,2021-10-22 03:27:08,17500.0,600.0,1178200.0
1679,2021-10-22 03:26:28,17500.0,3400.0,1177600.0
1680,2021-10-22 03:26:28,17500.0,9000.0,1174200.0
1681,2021-10-22 03:26:28,17500.0,400.0,1165200.0
1682,2021-10-22 03:26:28,17500.0,5000.0,1164800.0
1683,2021-10-22 03:26:28,17500.0,2200.0,1159800.0
1684,2021-10-22 03:26:13,17550.0,1800.0,1157600.0
1685,2021-10-22 03:26:13,17550.0,1200.0,1155800.0
1686,2021-10-22 03:25:34,17550.0,2000.0,1154600.0
1687,2021-10-22 03:25:28,17500.0,500.0,1152600.0
1688,2021-10-22 03:25:28,17500.0,4000.0,1152100.0
1689,2021-10-22 03:25:28,17500.0,2300.0,1148100.0
1690,2021-10-22 03:25:27,17500.0,100.0,1145800.0
1691,2021-10-22 03:25:27,17500.0,8700.0,1145700.0
1692,2021-10-22 03:25:19,17500.0,2000.0,1137000.0
1693,2021-10-22 03:25:11,17500.0,100.0,1135000.0
1694,2021-10-22 03:25:08,17500.0,5000.0,1134900.0
1695,2021-10-22 03:25:04,17500.0,2000.0,1129900.0
1696,2021-10-22 03:24:55,17500.0,2200.0,1127900.0
1697,2021-10-22 03:24:50,17500.0,2000.0,1125700.0
1698,2021-10-22 03:24:50,17500.0,1800.0,1123700.0
1699,2021-10-22 03:24:41,17500.0,500.0,1121900.0
1700,2021-10-22 03:24:33,17500.0,500.0,1121400.0
1701,2021-10-22 03:24:30,17500.0,3200.0,1120900.0
1702,2021-10-22 03:24:24,17500.0,500.0,1117700.0
1703,2021-10-22 03:24:19,17500.0,500.0,1117200.0
1704,2021-10-22 03:24:06,17500.0,500.0,1116700.0
1705,2021-10-22 03:24:06,17550.0,100.0,1116200.0
1706,2021-10-22 03:23:58,17500.0,200.0,1116100.0
1707,2021-10-22 03:23:58,17500.0,100.0,1115900.0
1708,2021-10-22 03:23:58,17500.0,700.0,1115800.0
1709,2021-10-22 03:23:58,17500.0,14500.0,1115100.0
1710,2021-10-22 03:23:56,17450.0,1000.0,1100600.0
1711,2021-10-22 03:23:51,17500.0,1500.0,1099600.0
1712,2021-10-22 03:23:38,17500.0,200.0,1098100.0
1713,2021-10-22 03:23:11,17500.0,2000.0,1097900.0
1714,2021-10-22 03:23:11,17500.0,100.0,1095900.0
1715,2021-10-22 03:23:11,17500.0,500.0,1095800.0
1716,2021-10-22 03:23:11,17500.0,6200.0,1095300.0
1717,2021-10-22 03:23:08,17550.0,100.0,1089100.0
1718,2021-10-22 03:23:07,17550.0,100.0,1089000.0
1719,2021-10-22 03:22:56,17500.0,200.0,1088900.0
1720,2021-10-22 03:22:53,17500.0,300.0,1088700.0
1721,2021-10-22 03:22:51,17500.0,700.0,1088400.0
1722,2021-10-22 03:22:51,17500.0,100.0,1087700.0
1723,2021-10-22 03:22:51,17500.0,100.0,1087600.0
1724,2021-10-22 03:22:51,17500.0,1000.0,1087500.0
1725,2021-10-22 03:22:51,17500.0,1000.0,1086500.0
1726,2021-10-22 03:22:51,17500.0,400.0,1085500.0
1727,2021-10-22 03:22:41,17500.0,100.0,1085100.0
1728,2021-10-22 03:22:41,17500.0,100.0,1085000.0
1729,2021-10-22 03:22:41,17500.0,600.0,1084900.0
1730,2021-10-22 03:22:41,17500.0,100.0,1084300.0
1731,2021-10-22 03:22:41,17500.0,1500.0,1084200.0
1732,2021-10-22 03:22:41,17500.0,2600.0,1082700.0
1733,2021-10-22 03:22:39,17450.0,100.0,1080100.0
1734,2021-10-22 03:22:39,17450.0,900.0,1080000.0
1735,2021-10-22 03:22:28,17500.0,400.0,1079100.0
1736,2021-10-22 03:22:27,17500.0,500.0,1078700.0
1737,2021-10-22 03:22:21,17500.0,300.0,1078200.0
1738,2021-10-22 03:22:14,17500.0,3000.0,1077900.0
1739,2021-10-22 03:21:56,17500.0,7300.0,1074900.0
1740,2021-10-22 03:21:56,17500.0,2000.0,1067600.0
1741,2021-10-22 03:21:56,17500.0,5700.0,1065600.0
1742,2021-10-22 03:21:33,17500.0,1000.0,1059900.0
1743,2021-10-22 03:20:43,17500.0,500.0,1058900.0
1744,2021-10-22 03:20:43,17500.0,100.0,1058400.0
1745,2021-10-22 03:20:40,17500.0,500.0,1058300.0
1746,2021-10-22 03:20:40,17500.0,100.0,1057800.0
1747,2021-10-22 03:20:40,17500.0,500.0,1057700.0
1748,2021-10-22 03:20:40,17500.0,500.0,1057200.0
1749,2021-10-22 03:20:40,17500.0,1000.0,1056700.0
1750,2021-10-22 03:20:40,17500.0,100.0,1055700.0
1751,2021-10-22 03:20:38,17500.0,500.0,1055600.0
1752,2021-10-22 03:20:36,17500.0,4500.0,1055100.0
1753,2021-10-22 03:20:36,17500.0,1500.0,1050600.0
1754,2021-10-22 03:20:33,17500.0,2000.0,1049100.0
1755,2021-10-22 03:20:19,17500.0,2200.0,1047100.0
1756,2021-10-22 03:20:19,17500.0,4300.0,1044900.0
1757,2021-10-22 03:20:19,17500.0,1000.0,1040600.0
1758,2021-10-22 03:20:19,17500.0,400.0,1039600.0
1759,2021-10-22 03:20:19,17500.0,12100.0,1039200.0
1760,2021-10-22 03:20:14,17500.0,200.0,1027100.0
1761,2021-10-22 03:19:55,17500.0,100.0,1026900.0
1762,2021-10-22 03:19:54,17550.0,1000.0,1026800.0
1763,2021-10-22 03:19:36,17500.0,1500.0,1025800.0
1764,2021-10-22 03:19:30,17500.0,200.0,1024300.0
1765,2021-10-22 03:19:27,17500.0,2000.0,1024100.0
1766,2021-10-22 03:19:24,17550.0,500.0,1022100.0
1767,2021-10-22 03:19:24,17550.0,2100.0,1021600.0
1768,2021-10-22 03:19:24,17550.0,1000.0,1019500.0
1769,2021-10-22 03:19:16,17500.0,3900.0,1018500.0
1770,2021-10-22 03:19:16,17500.0,2000.0,1014600.0
1771,2021-10-22 03:19:16,17500.0,1200.0,1012600.0
1772,2021-10-22 03:19:16,17500.0,500.0,1011400.0
1773,2021-10-22 03:19:16,17500.0,500.0,1010900.0
1774,2021-10-22 03:19:16,17500.0,1300.0,1010400.0
1775,2021-10-22 03:19:16,17500.0,3000.0,1009100.0
1776,2021-10-22 03:19:16,17500.0,1000.0,1006100.0
1777,2021-10-22 03:19:16,17500.0,3200.0,1005100.0
1778,2021-10-22 03:19:16,17500.0,2000.0,1001900.0
1779,2021-10-22 03:19:16,17500.0,1000.0,999900.0
1780,2021-10-22 03:19:16,17500.0,5000.0,998900.0
1781,2021-10-22 03:19:16,17500.0,500.0,993900.0
1782,2021-10-22 03:19:16,17500.0,100.0,993400.0
1783,2021-10-22 03:19:16,17500.0,1200.0,993300.0
1784,2021-10-22 03:19:05,17550.0,2900.0,992100.0
1785,2021-10-22 03:19:05,17550.0,2100.0,989200.0
1786,2021-10-22 03:19:03,17550.0,200.0,987100.0
1787,2021-10-22 03:19:03,17550.0,700.0,986900.0
1788,2021-10-22 03:19:03,17550.0,300.0,986200.0
1789,2021-10-22 03:19:01,17550.0,800.0,985900.0
1790,2021-10-22 03:19:01,17550.0,700.0,985100.0
1791,2021-10-22 03:19:00,17550.0,1300.0,984400.0
1792,2021-10-22 03:19:00,17550.0,100.0,983100.0
1793,2021-10-22 03:19:00,17550.0,400.0,983000.0
1794,2021-10-22 03:19:00,17550.0,200.0,982600.0
1795,2021-10-22 03:18:54,17550.0,500.0,982400.0
1796,2021-10-22 03:18:48,17550.0,1500.0,981900.0
1797,2021-10-22 03:18:48,17550.0,1000.0,980400.0
1798,2021-10-22 03:18:48,17550.0,2000.0,979400.0
1799,2021-10-22 03:18:46,17550.0,1900.0,977400.0
1800,2021-10-22 03:18:38,17500.0,100.0,975500.0
1801,2021-10-22 03:18:38,17500.0,1400.0,975400.0
1802,2021-10-22 03:18:19,17500.0,1600.0,974000.0
1803,2021-10-22 03:18:19,17500.0,200.0,972400.0
1804,2021-10-22 03:18:19,17500.0,800.0,972200.0
1805,2021-10-22 03:18:19,17500.0,1000.0,971400.0
1806,2021-10-22 03:18:16,17550.0,3100.0,970400.0
1807,2021-10-22 03:18:16,17550.0,100.0,967300.0
1808,2021-10-22 03:18:16,17550.0,2000.0,967200.0
1809,2021-10-22 03:18:16,17550.0,1600.0,965200.0
1810,2021-10-22 03:17:56,17550.0,400.0,963600.0
1811,2021-10-22 03:17:56,17550.0,200.0,963200.0
1812,2021-10-22 03:17:55,17500.0,2000.0,963000.0
1813,2021-10-22 03:17:37,17550.0,200.0,961000.0
1814,2021-10-22 03:17:34,17500.0,100.0,960800.0
1815,2021-10-22 03:17:27,17550.0,1900.0,960700.0
1816,2021-10-22 03:17:06,17500.0,100.0,958800.0
1817,2021-10-22 03:16:49,17550.0,700.0,958700.0
1818,2021-10-22 03:16:49,17550.0,1000.0,958000.0
1819,2021-10-22 03:16:49,17550.0,200.0,957000.0
1820,2021-10-22 03:16:49,17550.0,1300.0,956800.0
1821,2021-10-22 03:16:46,17500.0,200.0,955500.0
1822,2021-10-22 03:16:37,17550.0,2800.0,955300.0
1823,2021-10-22 03:16:20,17500.0,200.0,952500.0
1824,2021-10-22 03:16:20,17500.0,300.0,952300.0
1825,2021-10-22 03:16:20,17500.0,2000.0,952000.0
1826,2021-10-22 03:16:20,17500.0,500.0,950000.0
1827,2021-10-22 03:16:20,17500.0,500.0,949500.0
1828,2021-10-22 03:16:20,17500.0,500.0,949000.0
1829,2021-10-22 03:16:04,17500.0,200.0,948500.0
1830,2021-10-22 03:15:49,17500.0,500.0,948300.0
1831,2021-10-22 03:15:37,17500.0,20000.0,947800.0
1832,2021-10-22 03:15:36,17500.0,2000.0,927800.0
1833,2021-10-22 03:15:35,17500.0,2000.0,925800.0
1834,2021-10-22 03:15:27,17550.0,100.0,923800.0
1835,2021-10-22 03:15:27,17550.0,1900.0,923700.0
1836,2021-10-22 03:15:03,17550.0,1600.0,921800.0
1837,2021-10-22 03:15:03,17550.0,400.0,920200.0
1838,2021-10-22 03:14:55,17550.0,200.0,919800.0
1839,2021-10-22 03:14:55,17550.0,1200.0,919600.0
1840,2021-10-22 03:14:55,17550.0,1600.0,918400.0
1841,2021-10-22 03:14:37,17550.0,1000.0,916800.0
1842,2021-10-22 03:14:20,17550.0,1000.0,915800.0
1843,2021-10-22 03:14:18,17550.0,1000.0,914800.0
1844,2021-10-22 03:14:17,17550.0,200.0,913800.0
1845,2021-10-22 03:14:15,17550.0,9800.0,913600.0
1846,2021-10-22 03:14:15,17550.0,200.0,903800.0
1847,2021-10-22 03:14:06,17550.0,300.0,903600.0
1848,2021-10-22 03:14:06,17550.0,100.0,903300.0
1849,2021-10-22 03:14:06,17550.0,600.0,903200.0
1850,2021-10-22 03:14:04,17550.0,100.0,902600.0
1851,2021-10-22 03:14:01,17550.0,300.0,902500.0
1852,2021-10-22 03:14:01,17550.0,600.0,902200.0
1853,2021-10-22 03:14:01,17550.0,100.0,901600.0
1854,2021-10-22 03:14:01,17550.0,500.0,901500.0
1855,2021-10-22 03:14:01,17550.0,300.0,901000.0
1856,2021-10-22 03:14:01,17550.0,200.0,900700.0
1857,2021-10-22 03:13:41,17550.0,200.0,900500.0
1858,2021-10-22 03:13:41,17550.0,300.0,900300.0
1859,2021-10-22 03:13:41,17550.0,100.0,900000.0
1860,2021-10-22 03:13:40,17550.0,1000.0,899900.0
1861,2021-10-22 03:13:38,17500.0,5000.0,898900.0
1862,2021-10-22 03:13:37,17550.0,900.0,893900.0
1863,2021-10-22 03:13:37,17550.0,200.0,893000.0
1864,2021-10-22 03:13:37,17550.0,1900.0,892800.0
1865,2021-10-22 03:13:32,17550.0,1000.0,890900.0
1866,2021-10-22 03:13:23,17550.0,100.0,889900.0
1867,2021-10-22 03:13:23,17550.0,100.0,889800.0
1868,2021-10-22 03:13:23,17550.0,1100.0,889700.0
1869,2021-10-22 03:13:20,17550.0,1900.0,888600.0
1870,2021-10-22 03:13:20,17550.0,300.0,886700.0
1871,2021-10-22 03:13:20,17550.0,3800.0,886400.0
1872,2021-10-22 03:13:20,17550.0,500.0,882600.0
1873,2021-10-22 03:13:20,17550.0,500.0,882100.0
1874,2021-10-22 03:13:20,17550.0,1000.0,881600.0
1875,2021-10-22 03:13:20,17550.0,2000.0,880600.0
1876,2021-10-22 03:13:16,17550.0,11200.0,878600.0
1877,2021-10-22 03:13:14,17550.0,1400.0,867400.0
1878,2021-10-22 03:13:10,17500.0,300.0,866000.0
1879,2021-10-22 03:13:10,17500.0,200.0,865700.0
1880,2021-10-22 03:13:10,17500.0,1000.0,865500.0
1881,2021-10-22 03:13:10,17500.0,3500.0,864500.0
1882,2021-10-22 03:13:00,17500.0,2500.0,861000.0
1883,2021-10-22 03:13:00,17500.0,2000.0,858500.0
1884,2021-10-22 03:12:56,17500.0,2000.0,856500.0
1885,2021-10-22 03:12:47,17550.0,1000.0,854500.0
1886,2021-10-22 03:12:47,17500.0,1400.0,853500.0
1887,2021-10-22 03:12:47,17500.0,600.0,852100.0
1888,2021-10-22 03:12:44,17500.0,2000.0,851500.0
1889,2021-10-22 03:12:40,17450.0,1000.0,849500.0
1890,2021-10-22 03:12:37,17500.0,200.0,848500.0
1891,2021-10-22 03:12:36,17500.0,100.0,848300.0
1892,2021-10-22 03:12:34,17500.0,2100.0,848200.0
1893,2021-10-22 03:12:33,17500.0,100.0,846100.0
1894,2021-10-22 03:12:33,17500.0,2800.0,846000.0
1895,2021-10-22 03:12:29,17500.0,3000.0,843200.0
1896,2021-10-22 03:12:25,17500.0,1000.0,840200.0
1897,2021-10-22 03:12:20,17500.0,3200.0,839200.0
1898,2021-10-22 03:12:20,17500.0,200.0,836000.0
1899,2021-10-22 03:12:20,17500.0,300.0,835800.0
1900,2021-10-22 03:12:20,17500.0,100.0,835500.0
1901,2021-10-22 03:12:20,17500.0,100.0,835400.0
1902,2021-10-22 03:12:20,17500.0,100.0,835300.0
1903,2021-10-22 03:12:20,17500.0,100.0,835200.0
1904,2021-10-22 03:12:20,17500.0,100.0,835100.0
1905,2021-10-22 03:12:20,17500.0,100.0,835000.0
1906,2021-10-22 03:12:20,17500.0,200.0,834900.0
1907,2021-10-22 03:12:20,17500.0,100.0,834700.0
1908,2021-10-22 03:12:20,17500.0,100.0,834600.0
1909,2021-10-22 03:12:20,17500.0,300.0,834500.0
1910,2021-10-22 03:12:17,17500.0,2000.0,834200.0
1911,2021-10-22 03:12:13,17500.0,700.0,832200.0
1912,2021-10-22 03:12:13,17500.0,300.0,831500.0
1913,2021-10-22 03:12:13,17500.0,100.0,831200.0
1914,2021-10-22 03:12:13,17500.0,600.0,831100.0
1915,2021-10-22 03:12:13,17500.0,400.0,830500.0
1916,2021-10-22 03:12:13,17500.0,500.0,830100.0
1917,2021-10-22 03:12:13,17500.0,300.0,829600.0
1918,2021-10-22 03:12:13,17500.0,400.0,829300.0
1919,2021-10-22 03:12:13,17500.0,200.0,828900.0
1920,2021-10-22 03:12:13,17500.0,100.0,828700.0
1921,2021-10-22 03:12:13,17500.0,1000.0,828600.0
1922,2021-10-22 03:12:13,17500.0,1000.0,827600.0
1923,2021-10-22 03:12:13,17500.0,1700.0,826600.0
1924,2021-10-22 03:12:13,17500.0,8100.0,824900.0
1925,2021-10-22 03:12:13,17500.0,200.0,816800.0
1926,2021-10-22 03:12:13,17500.0,500.0,816600.0
1927,2021-10-22 03:12:13,17500.0,500.0,816100.0
1928,2021-10-22 03:12:13,17500.0,1500.0,815600.0
1929,2021-10-22 03:12:13,17500.0,100.0,814100.0
1930,2021-10-22 03:12:13,17500.0,500.0,814000.0
1931,2021-10-22 03:12:13,17500.0,800.0,813500.0
1932,2021-10-22 03:12:13,17500.0,3000.0,812700.0
1933,2021-10-22 03:12:13,17500.0,2000.0,809700.0
1934,2021-10-22 03:12:13,17500.0,500.0,807700.0
1935,2021-10-22 03:12:08,17500.0,300.0,807200.0
1936,2021-10-22 03:12:07,17450.0,500.0,806900.0
1937,2021-10-22 03:11:53,17500.0,2000.0,806400.0
1938,2021-10-22 03:11:10,17450.0,100.0,804400.0
1939,2021-10-22 03:11:10,17450.0,900.0,804300.0
1940,2021-10-22 03:11:04,17450.0,100.0,803400.0
1941,2021-10-22 03:11:04,17450.0,400.0,803300.0
1942,2021-10-22 03:11:02,17450.0,1000.0,802900.0
1943,2021-10-22 03:11:01,17450.0,200.0,801900.0
1944,2021-10-22 03:11:00,17450.0,400.0,801700.0
1945,2021-10-22 03:11:00,17450.0,300.0,801300.0
1946,2021-10-22 03:10:48,17450.0,200.0,801000.0
1947,2021-10-22 03:10:19,17450.0,1000.0,800800.0
1948,2021-10-22 03:10:19,17450.0,2000.0,799800.0
1949,2021-10-22 03:10:19,17450.0,500.0,797800.0
1950,2021-10-22 03:10:19,17450.0,1500.0,797300.0
1951,2021-10-22 03:10:11,17450.0,500.0,795800.0
1952,2021-10-22 03:09:57,17450.0,100.0,795300.0
1953,2021-10-22 03:09:46,17450.0,1000.0,795200.0
1954,2021-10-22 03:09:46,17450.0,1000.0,794200.0
1955,2021-10-22 03:09:30,17450.0,900.0,793200.0
1956,2021-10-22 03:09:21,17450.0,5000.0,792300.0
1957,2021-10-22 03:09:19,17450.0,1000.0,787300.0
1958,2021-10-22 03:09:17,17450.0,500.0,786300.0
1959,2021-10-22 03:09:00,17450.0,2600.0,785800.0
1960,2021-10-22 03:09:00,17450.0,500.0,783200.0
1961,2021-10-22 03:09:00,17450.0,100.0,782700.0
1962,2021-10-22 03:09:00,17450.0,1800.0,782600.0
1963,2021-10-22 03:08:58,17450.0,100.0,780800.0
1964,2021-10-22 03:08:55,17450.0,100.0,780700.0
1965,2021-10-22 03:08:51,17400.0,4400.0,780600.0
1966,2021-10-22 03:08:51,17400.0,600.0,776200.0
1967,2021-10-22 03:08:48,17450.0,100.0,775600.0
1968,2021-10-22 03:08:45,17450.0,1000.0,775500.0
1969,2021-10-22 03:08:44,17450.0,1900.0,774500.0
1970,2021-10-22 03:08:44,17450.0,100.0,772600.0
1971,2021-10-22 03:08:44,17450.0,1000.0,772500.0
1972,2021-10-22 03:08:44,17450.0,100.0,771500.0
1973,2021-10-22 03:08:44,17450.0,600.0,771400.0
1974,2021-10-22 03:08:44,17450.0,100.0,770800.0
1975,2021-10-22 03:08:44,17450.0,700.0,770700.0
1976,2021-10-22 03:08:44,17450.0,200.0,770000.0
1977,2021-10-22 03:08:32,17450.0,100.0,769800.0
1978,2021-10-22 03:08:32,17450.0,100.0,769700.0
1979,2021-10-22 03:08:21,17450.0,1000.0,769600.0
1980,2021-10-22 03:08:19,17450.0,400.0,768600.0
1981,2021-10-22 03:08:13,17450.0,5000.0,768200.0
1982,2021-10-22 03:08:13,17450.0,10000.0,763200.0
1983,2021-10-22 03:08:07,17450.0,200.0,753200.0
1984,2021-10-22 03:08:04,17450.0,400.0,753000.0
1985,2021-10-22 03:08:00,17450.0,2900.0,752600.0
1986,2021-10-22 03:08:00,17450.0,6700.0,749700.0
1987,2021-10-22 03:08:00,17450.0,400.0,743000.0
1988,2021-10-22 03:07:56,17400.0,2400.0,742600.0
1989,2021-10-22 03:07:56,17400.0,500.0,740200.0
1990,2021-10-22 03:07:56,17400.0,2100.0,739700.0
1991,2021-10-22 03:07:45,17450.0,1000.0,737600.0
1992,2021-10-22 03:07:42,17450.0,1000.0,736600.0
1993,2021-10-22 03:07:42,17400.0,500.0,735600.0
1994,2021-10-22 03:07:42,17400.0,1000.0,735100.0
1995,2021-10-22 03:07:42,17400.0,500.0,734100.0
1996,2021-10-22 03:07:42,17400.0,500.0,733600.0
1997,2021-10-22 03:07:42,17400.0,300.0,733100.0
1998,2021-10-22 03:07:42,17400.0,100.0,732800.0
1999,2021-10-22 03:07:40,17400.0,100.0,732700.0
2000,2021-10-22 03:07:39,17400.0,500.0,732600.0
2001,2021-10-22 03:07:38,17400.0,200.0,732100.0
2002,2021-10-22 03:07:38,17400.0,200.0,731900.0
2003,2021-10-22 03:07:37,17400.0,1800.0,731700.0
2004,2021-10-22 03:07:34,17400.0,100.0,729900.0
2005,2021-10-22 03:07:34,17400.0,100.0,729800.0
2006,2021-10-22 03:07:29,17400.0,900.0,729700.0
2007,2021-10-22 03:07:29,17400.0,100.0,728800.0
2008,2021-10-22 03:07:23,17400.0,100.0,728700.0
2009,2021-10-22 03:07:23,17400.0,1300.0,728600.0
2010,2021-10-22 03:07:23,17400.0,2000.0,727300.0
2011,2021-10-22 03:07:23,17400.0,9000.0,725300.0
2012,2021-10-22 03:07:23,17400.0,4200.0,716300.0
2013,2021-10-22 03:07:23,17400.0,1900.0,712100.0
2014,2021-10-22 03:07:23,17400.0,1600.0,710200.0
2015,2021-10-22 03:07:23,17400.0,200.0,708600.0
2016,2021-10-22 03:07:23,17400.0,100.0,708400.0
2017,2021-10-22 03:07:23,17400.0,7600.0,708300.0
2018,2021-10-22 03:07:17,17400.0,3000.0,700700.0
2019,2021-10-22 03:07:01,17350.0,5000.0,697700.0
2020,2021-10-22 03:07:01,17350.0,100.0,692700.0
2021,2021-10-22 03:07:01,17350.0,100.0,692600.0
2022,2021-10-22 03:07:01,17350.0,3000.0,692500.0
2023,2021-10-22 03:07:01,17350.0,5000.0,689500.0
2024,2021-10-22 03:07:01,17350.0,400.0,684500.0
2025,2021-10-22 03:07:01,17350.0,4000.0,684100.0
2026,2021-10-22 03:07:01,17350.0,2400.0,680100.0
2027,2021-10-22 03:06:18,17350.0,300.0,677700.0
2028,2021-10-22 03:06:12,17350.0,300.0,677400.0
2029,2021-10-22 03:06:12,17350.0,1000.0,677100.0
2030,2021-10-22 03:06:12,17350.0,200.0,676100.0
2031,2021-10-22 03:06:12,17350.0,500.0,675900.0
2032,2021-10-22 03:05:59,17350.0,100.0,675400.0
2033,2021-10-22 03:05:44,17350.0,700.0,675300.0
2034,2021-10-22 03:05:28,17350.0,100.0,674600.0
2035,2021-10-22 03:05:06,17350.0,200.0,674500.0
2036,2021-10-22 03:05:06,17350.0,400.0,674300.0
2037,2021-10-22 03:05:03,17350.0,4600.0,673900.0
2038,2021-10-22 03:05:03,17350.0,400.0,669300.0
2039,2021-10-22 03:05:03,17350.0,100.0,668900.0
2040,2021-10-22 03:05:00,17350.0,500.0,668800.0
2041,2021-10-22 03:04:59,17350.0,500.0,668300.0
2042,2021-10-22 03:04:57,17350.0,1500.0,667800.0
2043,2021-10-22 03:04:57,17350.0,300.0,666300.0
2044,2021-10-22 03:04:50,17350.0,500.0,666000.0
2045,2021-10-22 03:04:40,17350.0,1000.0,665500.0
2046,2021-10-22 03:04:33,17350.0,100.0,664500.0
2047,2021-10-22 03:04:33,17350.0,100.0,664400.0
2048,2021-10-22 03:04:17,17350.0,300.0,664300.0
