,Time,Price,Volume_per_trade,Volume
0,2021-10-11 07:45:01,16500.0,200.0,998500.0
1,2021-10-11 07:45:01,16500.0,100.0,998300.0
2,2021-10-11 07:45:01,16500.0,400.0,998200.0
3,2021-10-11 07:45:01,16500.0,200.0,997800.0
4,2021-10-11 07:45:01,16500.0,100.0,997600.0
5,2021-10-11 07:45:01,16500.0,200.0,997500.0
6,2021-10-11 07:45:01,16500.0,100.0,997300.0
7,2021-10-11 07:45:01,16500.0,500.0,997200.0
8,2021-10-11 07:45:01,16500.0,200.0,996700.0
9,2021-10-11 07:45:01,16500.0,500.0,996500.0
10,2021-10-11 07:45:01,16500.0,500.0,996000.0
11,2021-10-11 07:45:01,16500.0,100.0,995500.0
12,2021-10-11 07:45:01,16500.0,300.0,995400.0
13,2021-10-11 07:45:01,16500.0,100.0,995100.0
14,2021-10-11 07:45:01,16500.0,200.0,995000.0
15,2021-10-11 07:45:01,16500.0,300.0,994800.0
16,2021-10-11 07:45:01,16500.0,600.0,994500.0
17,2021-10-11 07:45:01,16500.0,400.0,993900.0
18,2021-10-11 07:45:01,16500.0,500.0,993500.0
19,2021-10-11 07:45:01,16500.0,100.0,993000.0
20,2021-10-11 07:45:01,16500.0,100.0,992900.0
21,2021-10-11 07:45:01,16500.0,1100.0,992800.0
22,2021-10-11 07:45:01,16500.0,300.0,991700.0
23,2021-10-11 07:45:01,16500.0,100.0,991400.0
24,2021-10-11 07:45:01,16500.0,100.0,991300.0
25,2021-10-11 07:45:01,16500.0,300.0,991200.0
26,2021-10-11 07:45:01,16500.0,10000.0,990900.0
27,2021-10-11 07:45:01,16500.0,200.0,980900.0
28,2021-10-11 07:45:01,16500.0,100.0,980700.0
29,2021-10-11 07:45:01,16500.0,100.0,980600.0
30,2021-10-11 07:45:01,16500.0,300.0,980500.0
31,2021-10-11 07:45:01,16500.0,100.0,980200.0
32,2021-10-11 07:45:01,16500.0,500.0,980100.0
33,2021-10-11 07:45:01,16500.0,200.0,979600.0
34,2021-10-11 07:45:01,16500.0,500.0,979400.0
35,2021-10-11 07:45:01,16500.0,200.0,978900.0
36,2021-10-11 07:45:01,16500.0,100.0,978700.0
37,2021-10-11 07:45:01,16500.0,500.0,978600.0
38,2021-10-11 07:45:01,16500.0,1000.0,978100.0
39,2021-10-11 07:45:01,16500.0,1300.0,977100.0
40,2021-10-11 07:45:01,16500.0,2000.0,975800.0
41,2021-10-11 07:45:01,16500.0,2000.0,973800.0
42,2021-10-11 07:45:01,16500.0,5000.0,971800.0
43,2021-10-11 07:45:01,16500.0,500.0,966800.0
44,2021-10-11 07:45:01,16500.0,200.0,966300.0
45,2021-10-11 07:45:01,16500.0,500.0,966100.0
46,2021-10-11 07:45:01,16500.0,200.0,965600.0
47,2021-10-11 07:45:01,16500.0,3000.0,965400.0
48,2021-10-11 07:45:01,16500.0,300.0,962400.0
49,2021-10-11 07:45:01,16500.0,100.0,962100.0
50,2021-10-11 07:45:01,16500.0,500.0,962000.0
51,2021-10-11 07:45:01,16500.0,3000.0,961500.0
52,2021-10-11 07:45:01,16500.0,600.0,958500.0
53,2021-10-11 07:29:51,16500.0,700.0,957900.0
54,2021-10-11 07:29:51,16500.0,500.0,957200.0
55,2021-10-11 07:29:51,16500.0,800.0,956700.0
56,2021-10-11 07:28:31,16550.0,100.0,955900.0
57,2021-10-11 07:28:10,16550.0,1000.0,955800.0
58,2021-10-11 07:26:54,16550.0,1000.0,954800.0
59,2021-10-11 07:26:40,16500.0,3200.0,953800.0
60,2021-10-11 07:26:40,16500.0,1800.0,950600.0
61,2021-10-11 07:26:15,16550.0,500.0,948800.0
62,2021-10-11 07:24:31,16550.0,300.0,948300.0
63,2021-10-11 07:24:12,16500.0,1200.0,948000.0
64,2021-10-11 07:24:12,16500.0,3000.0,946800.0
65,2021-10-11 07:24:12,16500.0,500.0,943800.0
66,2021-10-11 07:24:12,16500.0,500.0,943300.0
67,2021-10-11 07:24:12,16500.0,1000.0,942800.0
68,2021-10-11 07:24:12,16500.0,100.0,941800.0
69,2021-10-11 07:24:12,16500.0,700.0,941700.0
70,2021-10-11 07:24:00,16550.0,2000.0,941000.0
71,2021-10-11 07:23:04,16550.0,200.0,939000.0
72,2021-10-11 07:23:04,16550.0,200.0,938800.0
73,2021-10-11 07:23:04,16550.0,700.0,938600.0
74,2021-10-11 07:23:04,16550.0,500.0,937900.0
75,2021-10-11 07:23:04,16550.0,100.0,937400.0
76,2021-10-11 07:23:04,16550.0,100.0,937300.0
77,2021-10-11 07:23:04,16550.0,1200.0,937200.0
78,2021-10-11 07:22:48,16550.0,100.0,936000.0
79,2021-10-11 07:21:50,16550.0,1000.0,935900.0
80,2021-10-11 07:20:12,16550.0,100.0,934900.0
81,2021-10-11 07:19:38,16550.0,400.0,934800.0
82,2021-10-11 07:19:21,16550.0,200.0,934400.0
83,2021-10-11 07:17:57,16550.0,2000.0,934200.0
84,2021-10-11 07:17:57,16550.0,1000.0,932200.0
85,2021-10-11 07:17:57,16550.0,1000.0,931200.0
86,2021-10-11 07:17:57,16550.0,100.0,930200.0
87,2021-10-11 07:17:57,16550.0,1000.0,930100.0
88,2021-10-11 07:17:57,16550.0,400.0,929100.0
89,2021-10-11 07:17:44,16600.0,500.0,928700.0
90,2021-10-11 07:17:44,16600.0,100.0,928200.0
91,2021-10-11 07:17:44,16600.0,4000.0,928100.0
92,2021-10-11 07:17:44,16600.0,200.0,924100.0
93,2021-10-11 07:17:44,16600.0,200.0,923900.0
94,2021-10-11 07:17:44,16600.0,1100.0,923700.0
95,2021-10-11 07:17:43,16550.0,500.0,922600.0
96,2021-10-11 07:17:43,16550.0,500.0,922100.0
97,2021-10-11 07:16:47,16550.0,200.0,921600.0
98,2021-10-11 07:15:37,16550.0,300.0,921400.0
99,2021-10-11 07:15:37,16550.0,100.0,921100.0
100,2021-10-11 07:14:53,16550.0,300.0,921000.0
101,2021-10-11 07:14:53,16550.0,200.0,920700.0
102,2021-10-11 07:14:53,16550.0,100.0,920500.0
103,2021-10-11 07:14:40,16550.0,500.0,920400.0
104,2021-10-11 07:14:40,16550.0,500.0,919900.0
105,2021-10-11 07:14:40,16550.0,300.0,919400.0
106,2021-10-11 07:14:38,16550.0,200.0,919100.0
107,2021-10-11 07:13:59,16550.0,300.0,918900.0
108,2021-10-11 07:13:51,16550.0,1700.0,918600.0
109,2021-10-11 07:13:51,16550.0,1000.0,916900.0
110,2021-10-11 07:13:51,16550.0,300.0,915900.0
111,2021-10-11 07:13:51,16550.0,100.0,915600.0
112,2021-10-11 07:13:51,16550.0,1000.0,915500.0
113,2021-10-11 07:13:51,16550.0,500.0,914500.0
114,2021-10-11 07:13:51,16550.0,400.0,914000.0
115,2021-10-11 07:13:17,16550.0,500.0,913600.0
116,2021-10-11 07:12:41,16550.0,700.0,913100.0
117,2021-10-11 07:10:48,16550.0,400.0,912400.0
118,2021-10-11 07:10:48,16550.0,1600.0,912000.0
119,2021-10-11 07:10:05,16600.0,100.0,910400.0
120,2021-10-11 07:09:51,16600.0,200.0,910300.0
121,2021-10-11 07:08:14,16600.0,2000.0,910100.0
122,2021-10-11 07:07:21,16550.0,400.0,908100.0
123,2021-10-11 07:07:21,16550.0,2300.0,907700.0
124,2021-10-11 07:07:20,16600.0,500.0,905400.0
125,2021-10-11 07:07:06,16600.0,800.0,904900.0
126,2021-10-11 07:07:06,16600.0,700.0,904100.0
127,2021-10-11 07:07:06,16600.0,500.0,903400.0
128,2021-10-11 07:07:06,16600.0,700.0,902900.0
129,2021-10-11 07:07:06,16600.0,1300.0,902200.0
130,2021-10-11 07:07:06,16600.0,3000.0,900900.0
131,2021-10-11 07:07:06,16600.0,3000.0,897900.0
132,2021-10-11 07:05:36,16600.0,200.0,894900.0
133,2021-10-11 07:05:14,16600.0,100.0,894700.0
134,2021-10-11 07:05:14,16600.0,100.0,894600.0
135,2021-10-11 07:03:15,16550.0,100.0,894500.0
136,2021-10-11 07:01:50,16550.0,700.0,894400.0
137,2021-10-11 07:01:12,16550.0,700.0,893700.0
138,2021-10-11 06:59:32,16550.0,100.0,893000.0
139,2021-10-11 06:58:48,16550.0,1100.0,892900.0
140,2021-10-11 06:58:48,16550.0,2000.0,891800.0
141,2021-10-11 06:58:48,16550.0,400.0,889800.0
142,2021-10-11 06:55:33,16550.0,600.0,889400.0
143,2021-10-11 06:54:56,16550.0,500.0,888800.0
144,2021-10-11 06:54:09,16550.0,400.0,888300.0
145,2021-10-11 06:53:50,16550.0,100.0,887900.0
146,2021-10-11 06:53:50,16550.0,1900.0,887800.0
147,2021-10-11 06:53:44,16550.0,100.0,885900.0
148,2021-10-11 06:53:17,16500.0,800.0,885800.0
149,2021-10-11 06:53:17,16550.0,200.0,885000.0
150,2021-10-11 06:52:55,16550.0,300.0,884800.0
151,2021-10-11 06:52:55,16550.0,400.0,884500.0
152,2021-10-11 06:52:55,16550.0,200.0,884100.0
153,2021-10-11 06:52:55,16550.0,1100.0,883900.0
154,2021-10-11 06:52:53,16550.0,1000.0,882800.0
155,2021-10-11 06:51:35,16550.0,500.0,881800.0
156,2021-10-11 06:50:30,16550.0,200.0,881300.0
157,2021-10-11 06:49:33,16550.0,300.0,881100.0
158,2021-10-11 06:49:33,16550.0,200.0,880800.0
159,2021-10-11 06:49:06,16550.0,300.0,880600.0
160,2021-10-11 06:48:55,16550.0,2000.0,880300.0
161,2021-10-11 06:48:54,16550.0,100.0,878300.0
162,2021-10-11 06:48:50,16550.0,500.0,878200.0
163,2021-10-11 06:48:20,16550.0,1100.0,877700.0
164,2021-10-11 06:48:20,16550.0,2500.0,876600.0
165,2021-10-11 06:48:20,16550.0,400.0,874100.0
166,2021-10-11 06:47:20,16550.0,2000.0,873700.0
167,2021-10-11 06:47:11,16550.0,300.0,871700.0
168,2021-10-11 06:47:11,16550.0,500.0,871400.0
169,2021-10-11 06:46:24,16550.0,1000.0,870900.0
170,2021-10-11 06:46:23,16550.0,600.0,869900.0
171,2021-10-11 06:46:10,16550.0,400.0,869300.0
172,2021-10-11 06:45:54,16550.0,100.0,868900.0
173,2021-10-11 06:45:44,16550.0,100.0,868800.0
174,2021-10-11 06:45:44,16550.0,3800.0,868700.0
175,2021-10-11 06:45:44,16550.0,800.0,864900.0
176,2021-10-11 06:44:46,16550.0,1000.0,864100.0
177,2021-10-11 06:44:19,16550.0,300.0,863100.0
178,2021-10-11 06:44:15,16550.0,300.0,862800.0
179,2021-10-11 06:44:15,16550.0,100.0,862500.0
180,2021-10-11 06:44:15,16550.0,100.0,862400.0
181,2021-10-11 06:44:15,16550.0,2200.0,862300.0
182,2021-10-11 06:42:32,16550.0,1100.0,860100.0
183,2021-10-11 06:42:32,16550.0,1000.0,859000.0
184,2021-10-11 06:42:32,16550.0,700.0,858000.0
185,2021-10-11 06:42:11,16550.0,300.0,857300.0
186,2021-10-11 06:42:11,16550.0,100.0,857000.0
187,2021-10-11 06:42:05,16500.0,500.0,856900.0
188,2021-10-11 06:41:47,16550.0,1400.0,856400.0
189,2021-10-11 06:40:34,16550.0,500.0,855000.0
190,2021-10-11 06:40:34,16550.0,500.0,854500.0
191,2021-10-11 06:40:10,16550.0,2000.0,854000.0
192,2021-10-11 06:39:59,16550.0,500.0,852000.0
193,2021-10-11 06:39:59,16550.0,3000.0,851500.0
194,2021-10-11 06:39:59,16550.0,300.0,848500.0
195,2021-10-11 06:39:28,16550.0,1500.0,848200.0
196,2021-10-11 06:39:15,16500.0,1000.0,846700.0
197,2021-10-11 06:39:03,16550.0,1000.0,845700.0
198,2021-10-11 06:38:50,16550.0,100.0,844700.0
199,2021-10-11 06:38:50,16550.0,100.0,844600.0
200,2021-10-11 06:38:50,16550.0,100.0,844500.0
201,2021-10-11 06:38:50,16550.0,1000.0,844400.0
202,2021-10-11 06:38:50,16550.0,500.0,843400.0
203,2021-10-11 06:38:50,16550.0,1000.0,842900.0
204,2021-10-11 06:38:50,16550.0,500.0,841900.0
205,2021-10-11 06:38:50,16550.0,100.0,841400.0
206,2021-10-11 06:38:50,16550.0,500.0,841300.0
207,2021-10-11 06:38:50,16550.0,2000.0,840800.0
208,2021-10-11 06:38:50,16550.0,300.0,838800.0
209,2021-10-11 06:38:50,16550.0,400.0,838500.0
210,2021-10-11 06:38:50,16550.0,500.0,838100.0
211,2021-10-11 06:38:03,16550.0,500.0,837600.0
212,2021-10-11 06:38:03,16550.0,500.0,837100.0
213,2021-10-11 06:36:20,16550.0,100.0,836600.0
214,2021-10-11 06:36:20,16550.0,3000.0,836500.0
215,2021-10-11 06:36:20,16550.0,500.0,833500.0
216,2021-10-11 06:35:57,16550.0,500.0,833000.0
217,2021-10-11 06:35:57,16550.0,500.0,832500.0
218,2021-10-11 06:34:31,16550.0,500.0,832000.0
219,2021-10-11 06:34:31,16550.0,100.0,831500.0
220,2021-10-11 06:34:31,16550.0,100.0,831400.0
221,2021-10-11 06:34:31,16550.0,300.0,831300.0
222,2021-10-11 06:34:31,16550.0,500.0,831000.0
223,2021-10-11 06:34:28,16550.0,300.0,830500.0
224,2021-10-11 06:34:28,16550.0,600.0,830200.0
225,2021-10-11 06:34:28,16550.0,1600.0,829600.0
226,2021-10-11 06:34:28,16550.0,100.0,828000.0
227,2021-10-11 06:34:28,16550.0,100.0,827900.0
228,2021-10-11 06:33:37,16550.0,100.0,827800.0
229,2021-10-11 06:33:15,16600.0,900.0,827700.0
230,2021-10-11 06:33:12,16600.0,400.0,826800.0
231,2021-10-11 06:32:52,16600.0,5800.0,826400.0
232,2021-10-11 06:32:47,16600.0,200.0,820600.0
233,2021-10-11 06:32:47,16600.0,200.0,820400.0
234,2021-10-11 06:32:47,16600.0,2000.0,820200.0
235,2021-10-11 06:32:41,16600.0,600.0,818200.0
236,2021-10-11 06:32:36,16600.0,400.0,817600.0
237,2021-10-11 06:32:36,16600.0,100.0,817200.0
238,2021-10-11 06:32:36,16600.0,2000.0,817100.0
239,2021-10-11 06:32:36,16600.0,2000.0,815100.0
240,2021-10-11 06:32:36,16600.0,100.0,813100.0
241,2021-10-11 06:32:36,16600.0,600.0,813000.0
242,2021-10-11 06:32:36,16600.0,500.0,812400.0
243,2021-10-11 06:32:36,16600.0,400.0,811900.0
244,2021-10-11 06:32:36,16600.0,100.0,811500.0
245,2021-10-11 06:32:36,16600.0,1000.0,811400.0
246,2021-10-11 06:32:36,16600.0,1000.0,810400.0
247,2021-10-11 06:32:36,16600.0,700.0,809400.0
248,2021-10-11 06:32:36,16600.0,100.0,808700.0
249,2021-10-11 06:32:36,16600.0,1000.0,808600.0
250,2021-10-11 06:32:26,16600.0,100.0,807600.0
251,2021-10-11 06:31:21,16600.0,900.0,807500.0
252,2021-10-11 06:31:21,16600.0,600.0,806600.0
253,2021-10-11 06:29:54,16600.0,1000.0,806000.0
254,2021-10-11 06:29:51,16600.0,3000.0,805000.0
255,2021-10-11 06:29:36,16600.0,200.0,802000.0
256,2021-10-11 06:28:11,16600.0,500.0,801800.0
257,2021-10-11 06:28:03,16600.0,1000.0,801300.0
258,2021-10-11 06:27:56,16600.0,500.0,800300.0
259,2021-10-11 06:27:08,16600.0,1000.0,799800.0
260,2021-10-11 06:24:30,16650.0,400.0,798800.0
261,2021-10-11 06:24:01,16650.0,1900.0,798400.0
262,2021-10-11 06:24:01,16650.0,300.0,796500.0
263,2021-10-11 06:24:01,16650.0,1000.0,796200.0
264,2021-10-11 06:24:01,16650.0,100.0,795200.0
265,2021-10-11 06:24:01,16650.0,1000.0,795100.0
266,2021-10-11 06:24:01,16650.0,5000.0,794100.0
267,2021-10-11 06:24:01,16650.0,100.0,789100.0
268,2021-10-11 06:24:01,16650.0,600.0,789000.0
269,2021-10-11 06:21:55,16650.0,900.0,788400.0
270,2021-10-11 06:21:55,16650.0,300.0,787500.0
271,2021-10-11 06:21:53,16600.0,400.0,787200.0
272,2021-10-11 06:21:19,16600.0,1800.0,786800.0
273,2021-10-11 06:21:19,16600.0,1000.0,785000.0
274,2021-10-11 06:20:49,16650.0,1600.0,784000.0
275,2021-10-11 06:20:18,16650.0,1000.0,782400.0
276,2021-10-11 06:17:48,16650.0,1000.0,781400.0
277,2021-10-11 06:15:49,16650.0,1400.0,780400.0
278,2021-10-11 06:15:49,16650.0,100.0,779000.0
279,2021-10-11 06:15:49,16650.0,2000.0,778900.0
280,2021-10-11 06:15:49,16650.0,100.0,776900.0
281,2021-10-11 06:15:49,16650.0,100.0,776800.0
282,2021-10-11 06:15:49,16650.0,200.0,776700.0
283,2021-10-11 06:15:49,16650.0,100.0,776500.0
284,2021-10-11 06:15:49,16650.0,2000.0,776400.0
285,2021-10-11 06:15:49,16650.0,100.0,774400.0
286,2021-10-11 06:15:46,16650.0,5000.0,774300.0
287,2021-10-11 06:15:21,16650.0,1000.0,769300.0
288,2021-10-11 06:15:09,16650.0,700.0,768300.0
289,2021-10-11 06:13:07,16650.0,300.0,767600.0
290,2021-10-11 06:12:39,16650.0,100.0,767300.0
291,2021-10-11 06:11:47,16700.0,1500.0,767200.0
292,2021-10-11 06:11:47,16700.0,500.0,765700.0
293,2021-10-11 06:11:47,16700.0,500.0,765200.0
294,2021-10-11 06:11:47,16700.0,500.0,764700.0
295,2021-10-11 06:08:27,16700.0,500.0,764200.0
296,2021-10-11 06:07:06,16700.0,600.0,763700.0
297,2021-10-11 06:07:06,16700.0,1500.0,763100.0
298,2021-10-11 06:07:06,16700.0,1000.0,761600.0
299,2021-10-11 06:07:06,16700.0,2000.0,760600.0
300,2021-10-11 06:07:06,16700.0,800.0,758600.0
301,2021-10-11 06:07:06,16700.0,100.0,757800.0
302,2021-10-11 06:06:33,16650.0,2800.0,757700.0
303,2021-10-11 06:06:33,16650.0,200.0,754900.0
304,2021-10-11 06:04:28,16700.0,100.0,754700.0
305,2021-10-11 06:04:28,16700.0,200.0,754600.0
306,2021-10-11 06:04:28,16700.0,100.0,754400.0
307,2021-10-11 06:04:28,16700.0,100.0,754300.0
308,2021-10-11 06:04:12,16700.0,100.0,754200.0
309,2021-10-11 06:04:12,16700.0,200.0,754100.0
310,2021-10-11 06:03:59,16700.0,400.0,753900.0
311,2021-10-11 06:03:38,16700.0,1400.0,753500.0
312,2021-10-11 06:03:38,16700.0,1200.0,752100.0
313,2021-10-11 06:03:25,16700.0,300.0,750900.0
314,2021-10-11 06:03:23,16700.0,100.0,750600.0
315,2021-10-11 06:03:22,16700.0,400.0,750500.0
316,2021-10-11 06:01:57,16700.0,500.0,750100.0
317,2021-10-11 06:01:24,16700.0,100.0,749600.0
318,2021-10-11 06:00:35,16700.0,600.0,749500.0
319,2021-10-11 06:00:35,16700.0,800.0,748900.0
320,2021-10-11 06:00:27,16700.0,200.0,748100.0
321,2021-10-11 06:00:15,16700.0,800.0,747900.0
322,2021-10-11 06:00:13,16700.0,2000.0,747100.0
323,2021-10-11 06:00:07,16700.0,100.0,745100.0
324,2021-10-11 06:00:05,16700.0,300.0,745000.0
325,2021-10-11 06:00:05,16700.0,100.0,744700.0
326,2021-10-11 06:00:05,16700.0,100.0,744600.0
327,2021-10-11 06:00:05,16700.0,500.0,744500.0
328,2021-10-11 06:00:05,16700.0,500.0,744000.0
329,2021-10-11 06:00:02,16700.0,100.0,743500.0
330,2021-10-11 06:00:02,16700.0,100.0,743400.0
331,2021-10-11 06:00:02,16700.0,100.0,743300.0
332,2021-10-11 06:00:01,16700.0,100.0,743200.0
333,2021-10-11 06:00:01,16700.0,100.0,743100.0
334,2021-10-11 04:29:41,16700.0,100.0,743000.0
335,2021-10-11 04:28:46,16700.0,800.0,742900.0
336,2021-10-11 04:28:46,16700.0,100.0,742100.0
337,2021-10-11 04:26:21,16700.0,200.0,742000.0
338,2021-10-11 04:26:21,16700.0,200.0,741800.0
339,2021-10-11 04:26:21,16700.0,500.0,741600.0
340,2021-10-11 04:26:21,16700.0,100.0,741100.0
341,2021-10-11 04:21:26,16700.0,300.0,741000.0
342,2021-10-11 04:21:26,16700.0,700.0,740700.0
343,2021-10-11 04:21:20,16700.0,800.0,740000.0
344,2021-10-11 04:21:20,16700.0,100.0,739200.0
345,2021-10-11 04:21:07,16700.0,100.0,739100.0
346,2021-10-11 04:20:58,16700.0,1000.0,739000.0
347,2021-10-11 04:19:48,16700.0,700.0,738000.0
348,2021-10-11 04:19:48,16700.0,100.0,737300.0
349,2021-10-11 04:19:48,16700.0,1000.0,737200.0
350,2021-10-11 04:19:48,16700.0,700.0,736200.0
351,2021-10-11 04:18:41,16700.0,500.0,735500.0
352,2021-10-11 04:17:09,16650.0,3000.0,735000.0
353,2021-10-11 04:16:52,16700.0,800.0,732000.0
354,2021-10-11 04:16:52,16700.0,100.0,731200.0
355,2021-10-11 04:16:52,16700.0,300.0,731100.0
356,2021-10-11 04:16:52,16700.0,1700.0,730800.0
357,2021-10-11 04:13:48,16650.0,2000.0,729100.0
358,2021-10-11 04:13:27,16650.0,1000.0,727100.0
359,2021-10-11 04:13:27,16650.0,1000.0,726100.0
360,2021-10-11 04:13:23,16650.0,2000.0,725100.0
361,2021-10-11 04:13:08,16650.0,700.0,723100.0
362,2021-10-11 04:10:44,16650.0,100.0,722400.0
363,2021-10-11 04:10:44,16650.0,500.0,722300.0
364,2021-10-11 04:07:30,16650.0,500.0,721800.0
365,2021-10-11 04:07:20,16650.0,700.0,721300.0
366,2021-10-11 04:06:56,16650.0,1100.0,720600.0
367,2021-10-11 04:06:41,16650.0,1500.0,719500.0
368,2021-10-11 04:06:32,16650.0,800.0,718000.0
369,2021-10-11 04:06:24,16650.0,600.0,717200.0
370,2021-10-11 04:06:20,16650.0,300.0,716600.0
371,2021-10-11 04:06:20,16650.0,1000.0,716300.0
372,2021-10-11 04:06:20,16650.0,400.0,715300.0
373,2021-10-11 04:06:20,16650.0,1000.0,714900.0
374,2021-10-11 04:06:20,16650.0,300.0,713900.0
375,2021-10-11 04:05:26,16600.0,1000.0,713600.0
376,2021-10-11 04:05:12,16600.0,600.0,712600.0
377,2021-10-11 04:05:07,16600.0,100.0,712000.0
378,2021-10-11 04:05:03,16600.0,800.0,711900.0
379,2021-10-11 04:05:03,16600.0,1000.0,711100.0
380,2021-10-11 04:05:03,16600.0,200.0,710100.0
381,2021-10-11 04:05:03,16600.0,400.0,709900.0
382,2021-10-11 04:05:03,16600.0,600.0,709500.0
383,2021-10-11 04:04:41,16550.0,200.0,708900.0
384,2021-10-11 04:04:41,16550.0,1800.0,708700.0
385,2021-10-11 04:03:29,16550.0,3200.0,706900.0
386,2021-10-11 04:03:29,16550.0,100.0,703700.0
387,2021-10-11 04:03:29,16550.0,500.0,703600.0
388,2021-10-11 04:03:29,16550.0,1000.0,703100.0
389,2021-10-11 04:03:29,16550.0,100.0,702100.0
390,2021-10-11 04:03:29,16550.0,100.0,702000.0
391,2021-10-11 04:02:03,16600.0,200.0,701900.0
392,2021-10-11 04:01:10,16600.0,300.0,701700.0
393,2021-10-11 03:59:22,16550.0,400.0,701400.0
394,2021-10-11 03:59:22,16550.0,600.0,701000.0
395,2021-10-11 03:56:06,16550.0,200.0,700400.0
396,2021-10-11 03:56:06,16550.0,200.0,700200.0
397,2021-10-11 03:55:55,16550.0,800.0,700000.0
398,2021-10-11 03:55:55,16550.0,1000.0,699200.0
399,2021-10-11 03:55:55,16550.0,1000.0,698200.0
400,2021-10-11 03:55:55,16550.0,3000.0,697200.0
401,2021-10-11 03:55:55,16550.0,700.0,694200.0
402,2021-10-11 03:55:40,16600.0,500.0,693500.0
403,2021-10-11 03:55:31,16600.0,400.0,693000.0
404,2021-10-11 03:55:23,16600.0,900.0,692600.0
405,2021-10-11 03:55:16,16600.0,100.0,691700.0
406,2021-10-11 03:55:16,16600.0,200.0,691600.0
407,2021-10-11 03:55:09,16600.0,300.0,691400.0
408,2021-10-11 03:55:09,16600.0,200.0,691100.0
409,2021-10-11 03:55:02,16600.0,300.0,690900.0
410,2021-10-11 03:54:29,16600.0,1500.0,690600.0
411,2021-10-11 03:54:29,16600.0,3500.0,689100.0
412,2021-10-11 03:54:09,16600.0,1000.0,685600.0
413,2021-10-11 03:53:33,16550.0,200.0,684600.0
414,2021-10-11 03:53:02,16550.0,600.0,684400.0
415,2021-10-11 03:53:02,16550.0,400.0,683800.0
416,2021-10-11 03:50:57,16600.0,700.0,683400.0
417,2021-10-11 03:50:16,16600.0,2000.0,682700.0
418,2021-10-11 03:50:10,16600.0,1000.0,680700.0
419,2021-10-11 03:49:22,16600.0,200.0,679700.0
420,2021-10-11 03:49:22,16600.0,300.0,679500.0
421,2021-10-11 03:47:55,16600.0,400.0,679200.0
422,2021-10-11 03:47:13,16600.0,200.0,678800.0
423,2021-10-11 03:46:58,16600.0,500.0,678600.0
424,2021-10-11 03:46:35,16600.0,100.0,678100.0
425,2021-10-11 03:41:49,16600.0,100.0,678000.0
426,2021-10-11 03:41:49,16600.0,100.0,677900.0
427,2021-10-11 03:41:49,16600.0,700.0,677800.0
428,2021-10-11 03:41:33,16650.0,100.0,677100.0
429,2021-10-11 03:40:13,16600.0,300.0,677000.0
430,2021-10-11 03:40:13,16600.0,700.0,676700.0
431,2021-10-11 03:39:54,16600.0,1300.0,676000.0
432,2021-10-11 03:39:54,16600.0,700.0,674700.0
433,2021-10-11 03:39:14,16650.0,1000.0,674000.0
434,2021-10-11 03:34:54,16650.0,200.0,673000.0
435,2021-10-11 03:34:54,16650.0,400.0,672800.0
436,2021-10-11 03:34:20,16650.0,100.0,672400.0
437,2021-10-11 03:33:56,16650.0,500.0,672300.0
438,2021-10-11 03:33:56,16650.0,1500.0,671800.0
439,2021-10-11 03:31:11,16650.0,100.0,670300.0
440,2021-10-11 03:31:11,16650.0,200.0,670200.0
441,2021-10-11 03:31:11,16650.0,1000.0,670000.0
442,2021-10-11 03:31:11,16650.0,400.0,669000.0
443,2021-10-11 03:31:11,16650.0,300.0,668600.0
444,2021-10-11 03:31:11,16650.0,200.0,668300.0
445,2021-10-11 03:31:11,16650.0,200.0,668100.0
446,2021-10-11 03:31:11,16650.0,2000.0,667900.0
447,2021-10-11 03:31:11,16650.0,300.0,665900.0
448,2021-10-11 03:31:11,16650.0,400.0,665600.0
449,2021-10-11 03:31:11,16650.0,1000.0,665200.0
450,2021-10-11 03:31:11,16650.0,400.0,664200.0
451,2021-10-11 03:31:11,16650.0,200.0,663800.0
452,2021-10-11 03:31:11,16650.0,500.0,663600.0
453,2021-10-11 03:31:11,16650.0,1000.0,663100.0
454,2021-10-11 03:31:11,16650.0,300.0,662100.0
455,2021-10-11 03:29:31,16650.0,500.0,661800.0
456,2021-10-11 03:29:28,16600.0,100.0,661300.0
457,2021-10-11 03:29:21,16600.0,200.0,661200.0
458,2021-10-11 03:29:21,16600.0,1000.0,661000.0
459,2021-10-11 03:29:21,16600.0,2200.0,660000.0
460,2021-10-11 03:29:21,16600.0,1000.0,657800.0
461,2021-10-11 03:29:21,16600.0,300.0,656800.0
462,2021-10-11 03:29:20,16650.0,800.0,656500.0
463,2021-10-11 03:28:41,16650.0,200.0,655700.0
464,2021-10-11 03:28:02,16650.0,1500.0,655500.0
465,2021-10-11 03:26:41,16650.0,1700.0,654000.0
466,2021-10-11 03:26:41,16650.0,300.0,652300.0
467,2021-10-11 03:25:57,16600.0,100.0,652000.0
468,2021-10-11 03:25:19,16600.0,900.0,651900.0
469,2021-10-11 03:25:15,16600.0,3700.0,651000.0
470,2021-10-11 03:24:39,16600.0,1000.0,647300.0
471,2021-10-11 03:23:59,16600.0,400.0,646300.0
472,2021-10-11 03:23:59,16600.0,600.0,645900.0
473,2021-10-11 03:23:37,16650.0,2000.0,645300.0
474,2021-10-11 03:23:25,16600.0,2000.0,643300.0
475,2021-10-11 03:23:25,16600.0,1000.0,641300.0
476,2021-10-11 03:23:10,16650.0,1000.0,640300.0
477,2021-10-11 03:22:42,16650.0,700.0,639300.0
478,2021-10-11 03:22:42,16600.0,300.0,638600.0
479,2021-10-11 03:22:33,16600.0,3300.0,638300.0
480,2021-10-11 03:22:33,16600.0,154700.0,635000.0
481,2021-10-11 03:18:29,16650.0,400.0,480300.0
482,2021-10-11 03:17:16,16550.0,200.0,479900.0
483,2021-10-11 03:16:49,16600.0,3600.0,479700.0
484,2021-10-11 03:16:38,16600.0,154400.0,476100.0
485,2021-10-11 03:16:38,16600.0,100.0,321700.0
486,2021-10-11 03:16:38,16600.0,200.0,321600.0
487,2021-10-11 03:15:29,16550.0,1000.0,321400.0
488,2021-10-11 03:15:19,16550.0,2000.0,320400.0
489,2021-10-11 03:15:15,16550.0,1400.0,318400.0
490,2021-10-11 03:15:15,16550.0,100.0,317000.0
491,2021-10-11 03:15:15,16550.0,500.0,316900.0
492,2021-10-11 03:15:15,16550.0,300.0,316400.0
493,2021-10-11 03:15:15,16550.0,5000.0,316100.0
494,2021-10-11 03:15:15,16550.0,2700.0,311100.0
495,2021-10-11 03:15:12,16550.0,300.0,308400.0
496,2021-10-11 03:14:40,16550.0,10000.0,308100.0
497,2021-10-11 03:13:57,16550.0,2100.0,298100.0
498,2021-10-11 03:13:54,16550.0,900.0,296000.0
499,2021-10-11 03:13:20,16550.0,4000.0,295100.0
500,2021-10-11 03:13:20,16550.0,3500.0,291100.0
501,2021-10-11 03:11:50,16550.0,4500.0,287600.0
502,2021-10-11 03:11:50,16550.0,1000.0,283100.0
503,2021-10-11 03:11:50,16550.0,1000.0,282100.0
504,2021-10-11 03:11:50,16550.0,500.0,281100.0
505,2021-10-11 03:11:50,16550.0,600.0,280600.0
506,2021-10-11 03:11:50,16550.0,400.0,280000.0
507,2021-10-11 03:10:06,16600.0,100.0,279600.0
508,2021-10-11 03:09:55,16600.0,200.0,279500.0
509,2021-10-11 03:09:36,16600.0,2700.0,279300.0
510,2021-10-11 03:09:36,16600.0,300.0,276600.0
511,2021-10-11 03:07:51,16600.0,200.0,276300.0
512,2021-10-11 03:07:51,16600.0,200.0,276100.0
513,2021-10-11 03:07:51,16600.0,1200.0,275900.0
514,2021-10-11 03:07:51,16600.0,400.0,274700.0
515,2021-10-11 03:04:08,16600.0,600.0,274300.0
516,2021-10-11 03:04:08,16600.0,1000.0,273700.0
517,2021-10-11 03:04:08,16600.0,2500.0,272700.0
518,2021-10-11 03:04:08,16600.0,1000.0,270200.0
519,2021-10-11 03:03:42,16650.0,1000.0,269200.0
520,2021-10-11 03:00:16,16650.0,100.0,268200.0
521,2021-10-11 02:59:07,16650.0,1500.0,268100.0
522,2021-10-11 02:59:07,16650.0,200.0,266600.0
523,2021-10-11 02:58:29,16550.0,2300.0,266400.0
524,2021-10-11 02:58:29,16550.0,2000.0,264100.0
525,2021-10-11 02:58:29,16550.0,1700.0,262100.0
526,2021-10-11 02:58:29,16600.0,1000.0,260400.0
527,2021-10-11 02:58:14,16600.0,1000.0,259400.0
528,2021-10-11 02:58:14,16600.0,100.0,258400.0
529,2021-10-11 02:58:14,16600.0,1500.0,258300.0
530,2021-10-11 02:58:14,16600.0,500.0,256800.0
531,2021-10-11 02:58:14,16600.0,100.0,256300.0
532,2021-10-11 02:58:14,16600.0,100.0,256200.0
533,2021-10-11 02:57:40,16600.0,2900.0,256100.0
534,2021-10-11 02:57:40,16600.0,1000.0,253200.0
535,2021-10-11 02:57:40,16600.0,300.0,252200.0
536,2021-10-11 02:57:40,16600.0,500.0,251900.0
537,2021-10-11 02:57:38,16550.0,2700.0,251400.0
538,2021-10-11 02:56:51,16550.0,100.0,248700.0
539,2021-10-11 02:55:43,16550.0,200.0,248600.0
540,2021-10-11 02:55:38,16600.0,3000.0,248400.0
541,2021-10-11 02:55:37,16600.0,200.0,245400.0
542,2021-10-11 02:55:35,16550.0,1000.0,245200.0
543,2021-10-11 02:54:24,16600.0,300.0,244200.0
544,2021-10-11 02:54:24,16600.0,500.0,243900.0
545,2021-10-11 02:53:48,16550.0,100.0,243400.0
546,2021-10-11 02:52:47,16550.0,300.0,243300.0
547,2021-10-11 02:52:36,16550.0,800.0,243000.0
548,2021-10-11 02:50:33,16600.0,500.0,242200.0
549,2021-10-11 02:50:33,16600.0,9500.0,241700.0
550,2021-10-11 02:49:56,16600.0,500.0,232200.0
551,2021-10-11 02:49:56,16600.0,1500.0,231700.0
552,2021-10-11 02:49:10,16550.0,5000.0,230200.0
553,2021-10-11 02:48:18,16550.0,3000.0,225200.0
554,2021-10-11 02:48:18,16550.0,3300.0,222200.0
555,2021-10-11 02:48:18,16550.0,1000.0,218900.0
556,2021-10-11 02:48:18,16550.0,800.0,217900.0
557,2021-10-11 02:46:18,16550.0,200.0,217100.0
558,2021-10-11 02:45:33,16550.0,300.0,216900.0
559,2021-10-11 02:45:30,16500.0,200.0,216600.0
560,2021-10-11 02:44:54,16500.0,2000.0,216400.0
561,2021-10-11 02:44:40,16500.0,1700.0,214400.0
562,2021-10-11 02:44:31,16500.0,200.0,212700.0
563,2021-10-11 02:44:06,16500.0,2900.0,212500.0
564,2021-10-11 02:44:06,16500.0,100.0,209600.0
565,2021-10-11 02:44:00,16500.0,500.0,209500.0
566,2021-10-11 02:43:44,16500.0,400.0,209000.0
567,2021-10-11 02:43:42,16500.0,2500.0,208600.0
568,2021-10-11 02:43:40,16500.0,1000.0,206100.0
569,2021-10-11 02:43:40,16500.0,100.0,205100.0
570,2021-10-11 02:43:18,16500.0,300.0,205000.0
571,2021-10-11 02:43:18,16500.0,200.0,204700.0
572,2021-10-11 02:43:18,16500.0,200.0,204500.0
573,2021-10-11 02:43:02,16500.0,1900.0,204300.0
574,2021-10-11 02:43:02,16500.0,500.0,202400.0
575,2021-10-11 02:43:02,16500.0,1000.0,201900.0
576,2021-10-11 02:43:02,16500.0,1000.0,200900.0
577,2021-10-11 02:42:36,16550.0,3000.0,199900.0
578,2021-10-11 02:42:36,16550.0,2000.0,196900.0
579,2021-10-11 02:42:36,16550.0,500.0,194900.0
580,2021-10-11 02:42:36,16550.0,1100.0,194400.0
581,2021-10-11 02:42:36,16550.0,100.0,193300.0
582,2021-10-11 02:42:31,16600.0,1000.0,193200.0
583,2021-10-11 02:42:14,16600.0,200.0,192200.0
584,2021-10-11 02:41:42,16600.0,100.0,192000.0
585,2021-10-11 02:41:35,16700.0,2300.0,191900.0
586,2021-10-11 02:41:26,16700.0,1200.0,189600.0
587,2021-10-11 02:41:16,16700.0,500.0,188400.0
588,2021-10-11 02:41:09,16700.0,2000.0,187900.0
589,2021-10-11 02:40:49,16600.0,200.0,185900.0
590,2021-10-11 02:39:45,16600.0,500.0,185700.0
591,2021-10-11 02:39:17,16600.0,500.0,185200.0
592,2021-10-11 02:39:17,16600.0,200.0,184700.0
593,2021-10-11 02:39:17,16600.0,800.0,184500.0
594,2021-10-11 02:38:20,16600.0,100.0,183700.0
595,2021-10-11 02:38:02,16600.0,300.0,183600.0
596,2021-10-11 02:38:02,16600.0,500.0,183300.0
597,2021-10-11 02:38:02,16600.0,300.0,182800.0
598,2021-10-11 02:37:55,16700.0,12300.0,182500.0
599,2021-10-11 02:37:55,16700.0,100.0,170200.0
600,2021-10-11 02:37:55,16700.0,5000.0,170100.0
601,2021-10-11 02:37:55,16700.0,2500.0,165100.0
602,2021-10-11 02:37:55,16700.0,500.0,162600.0
603,2021-10-11 02:37:55,16700.0,10000.0,162100.0
604,2021-10-11 02:37:55,16700.0,700.0,152100.0
605,2021-10-11 02:37:55,16650.0,1000.0,151400.0
606,2021-10-11 02:37:55,16650.0,5000.0,150400.0
607,2021-10-11 02:37:55,16650.0,100.0,145400.0
608,2021-10-11 02:37:55,16650.0,100.0,145300.0
609,2021-10-11 02:37:30,16600.0,500.0,145200.0
610,2021-10-11 02:37:30,16600.0,200.0,144700.0
611,2021-10-11 02:37:30,16600.0,500.0,144500.0
612,2021-10-11 02:37:30,16600.0,400.0,144000.0
613,2021-10-11 02:37:24,16600.0,3000.0,143600.0
614,2021-10-11 02:37:07,16650.0,100.0,140600.0
615,2021-10-11 02:36:09,16650.0,300.0,140500.0
616,2021-10-11 02:36:09,16650.0,8700.0,140200.0
617,2021-10-11 02:35:38,16600.0,1600.0,131500.0
618,2021-10-11 02:35:38,16600.0,1200.0,129900.0
619,2021-10-11 02:35:38,16600.0,300.0,128700.0
620,2021-10-11 02:32:34,16550.0,200.0,128400.0
621,2021-10-11 02:32:08,16500.0,600.0,128200.0
622,2021-10-11 02:31:57,16500.0,200.0,127600.0
623,2021-10-11 02:31:53,16500.0,300.0,127400.0
624,2021-10-11 02:31:32,16500.0,3000.0,127100.0
625,2021-10-11 02:31:32,16500.0,10000.0,124100.0
626,2021-10-11 02:31:32,16500.0,100.0,114100.0
627,2021-10-11 02:31:32,16500.0,500.0,114000.0
628,2021-10-11 02:31:32,16500.0,5000.0,113500.0
629,2021-10-11 02:31:32,16500.0,1000.0,108500.0
630,2021-10-11 02:31:32,16500.0,300.0,107500.0
631,2021-10-11 02:31:32,16500.0,200.0,107200.0
632,2021-10-11 02:31:32,16500.0,300.0,107000.0
633,2021-10-11 02:31:32,16500.0,300.0,106700.0
634,2021-10-11 02:31:32,16500.0,5000.0,106400.0
635,2021-10-11 02:31:32,16500.0,7900.0,101400.0
636,2021-10-11 02:31:20,16450.0,800.0,93500.0
637,2021-10-11 02:30:54,16500.0,2500.0,92700.0
638,2021-10-11 02:30:27,16500.0,200.0,90200.0
639,2021-10-11 02:30:20,16500.0,500.0,90000.0
640,2021-10-11 02:29:55,16500.0,1500.0,89500.0
641,2021-10-11 02:28:53,16500.0,500.0,88000.0
642,2021-10-11 02:28:20,16400.0,100.0,87500.0
643,2021-10-11 02:28:01,16400.0,100.0,87400.0
644,2021-10-11 02:28:00,16450.0,100.0,87300.0
645,2021-10-11 02:27:30,16400.0,4800.0,87200.0
646,2021-10-11 02:27:30,16400.0,600.0,82400.0
647,2021-10-11 02:27:30,16450.0,500.0,81800.0
648,2021-10-11 02:27:30,16450.0,100.0,81300.0
649,2021-10-11 02:26:55,16500.0,100.0,81200.0
650,2021-10-11 02:26:52,16450.0,700.0,81100.0
651,2021-10-11 02:26:52,16450.0,100.0,80400.0
652,2021-10-11 02:26:25,16450.0,900.0,80300.0
653,2021-10-11 02:26:25,16450.0,100.0,79400.0
654,2021-10-11 02:26:08,16500.0,1600.0,79300.0
655,2021-10-11 02:25:38,16450.0,400.0,77700.0
656,2021-10-11 02:25:38,16450.0,500.0,77300.0
657,2021-10-11 02:25:38,16450.0,1000.0,76800.0
658,2021-10-11 02:25:38,16450.0,100.0,75800.0
659,2021-10-11 02:25:36,16500.0,1000.0,75700.0
660,2021-10-11 02:25:22,16450.0,300.0,74700.0
661,2021-10-11 02:25:22,16450.0,100.0,74400.0
662,2021-10-11 02:25:22,16450.0,200.0,74300.0
663,2021-10-11 02:25:22,16500.0,100.0,74100.0
664,2021-10-11 02:24:40,16500.0,2400.0,74000.0
665,2021-10-11 02:24:39,16500.0,200.0,71600.0
666,2021-10-11 02:24:39,16500.0,100.0,71400.0
667,2021-10-11 02:24:39,16500.0,300.0,71300.0
668,2021-10-11 02:24:39,16500.0,100.0,71000.0
669,2021-10-11 02:24:39,16500.0,1000.0,70900.0
670,2021-10-11 02:24:39,16500.0,400.0,69900.0
671,2021-10-11 02:23:36,16500.0,600.0,69500.0
672,2021-10-11 02:23:36,16500.0,500.0,68900.0
673,2021-10-11 02:23:36,16500.0,200.0,68400.0
674,2021-10-11 02:23:36,16500.0,100.0,68200.0
675,2021-10-11 02:23:36,16500.0,3600.0,68100.0
676,2021-10-11 02:23:21,16500.0,1500.0,64500.0
677,2021-10-11 02:23:16,16500.0,400.0,63000.0
678,2021-10-11 02:23:15,16500.0,500.0,62600.0
679,2021-10-11 02:22:58,16500.0,2500.0,62100.0
680,2021-10-11 02:22:58,16500.0,400.0,59600.0
681,2021-10-11 02:22:58,16500.0,400.0,59200.0
682,2021-10-11 02:22:35,16500.0,700.0,58800.0
683,2021-10-11 02:22:35,16500.0,300.0,58100.0
684,2021-10-11 02:22:13,16550.0,4600.0,57800.0
685,2021-10-11 02:22:04,16550.0,5000.0,53200.0
686,2021-10-11 02:22:01,16550.0,5000.0,48200.0
687,2021-10-11 02:22:01,16550.0,5000.0,43200.0
688,2021-10-11 02:21:31,16550.0,200.0,38200.0
689,2021-10-11 02:20:44,16550.0,1800.0,38000.0
690,2021-10-11 02:20:44,16550.0,1000.0,36200.0
691,2021-10-11 02:20:44,16550.0,500.0,35200.0
692,2021-10-11 02:20:44,16550.0,400.0,34700.0
693,2021-10-11 02:20:44,16550.0,100.0,34300.0
694,2021-10-11 02:20:06,16550.0,1100.0,34200.0
695,2021-10-11 02:20:06,16550.0,100.0,33100.0
696,2021-10-11 02:20:06,16550.0,100.0,33000.0
697,2021-10-11 02:20:06,16550.0,200.0,32900.0
698,2021-10-11 02:20:06,16550.0,100.0,32700.0
699,2021-10-11 02:20:06,16600.0,200.0,32600.0
700,2021-10-11 02:20:06,16600.0,200.0,32400.0
701,2021-10-11 02:19:57,16600.0,3800.0,32200.0
702,2021-10-11 02:19:57,16600.0,500.0,28400.0
703,2021-10-11 02:19:57,16600.0,500.0,27900.0
704,2021-10-11 02:19:46,16700.0,2000.0,27400.0
705,2021-10-11 02:19:46,16700.0,300.0,25400.0
706,2021-10-11 02:19:46,16700.0,500.0,25100.0
707,2021-10-11 02:19:33,16700.0,100.0,24600.0
708,2021-10-11 02:19:14,16700.0,300.0,24500.0
709,2021-10-11 02:19:09,16700.0,500.0,24200.0
710,2021-10-11 02:19:07,16700.0,1300.0,23700.0
711,2021-10-11 02:19:07,16700.0,3700.0,22400.0
712,2021-10-11 02:19:03,16700.0,1400.0,18700.0
713,2021-10-11 02:18:25,16700.0,3000.0,17300.0
714,2021-10-11 02:18:21,16700.0,1900.0,14300.0
715,2021-10-11 02:18:21,16700.0,3000.0,12400.0
716,2021-10-11 02:18:21,16700.0,100.0,9400.0
717,2021-10-11 02:17:28,16700.0,100.0,9300.0
718,2021-10-11 02:17:28,16700.0,300.0,9200.0
719,2021-10-11 02:17:25,16700.0,1500.0,8900.0
720,2021-10-11 02:17:12,16700.0,800.0,7400.0
721,2021-10-11 02:16:54,16600.0,100.0,6600.0
722,2021-10-11 02:16:54,16600.0,400.0,6500.0
723,2021-10-11 02:16:54,16650.0,500.0,6100.0
724,2021-10-11 02:16:45,16700.0,100.0,5600.0
725,2021-10-11 02:15:45,16700.0,1000.0,5500.0
726,2021-10-11 02:15:32,16700.0,1000.0,4500.0
727,2021-10-11 02:15:32,16700.0,300.0,3500.0
728,2021-10-11 02:15:00,16700.0,200.0,3200.0
729,2021-10-11 02:15:00,16700.0,100.0,3000.0
730,2021-10-11 02:15:00,16700.0,900.0,2900.0
731,2021-10-11 02:15:00,16700.0,100.0,2000.0
732,2021-10-11 02:15:00,16700.0,100.0,1900.0
733,2021-10-11 02:15:00,16700.0,200.0,1800.0
734,2021-10-11 02:15:00,16700.0,300.0,1600.0
735,2021-10-11 02:15:00,16700.0,100.0,1300.0
736,2021-10-11 02:15:00,16700.0,100.0,1200.0
737,2021-10-11 02:15:00,16700.0,400.0,1100.0
738,2021-10-11 02:15:00,16700.0,500.0,700.0
739,2021-10-11 02:15:00,16700.0,100.0,200.0
740,2021-10-11 02:15:00,16700.0,100.0,100.0
