,Time,Price,Volume_per_trade,Volume
0,2021-10-05 07:45:00,6930.0,55000.0,2416300.0
1,2021-10-05 07:45:00,6930.0,2500.0,2361300.0
2,2021-10-05 07:45:00,6930.0,1000.0,2358800.0
3,2021-10-05 07:45:00,6930.0,1000.0,2357800.0
4,2021-10-05 07:45:00,6930.0,1700.0,2356800.0
5,2021-10-05 07:45:00,6930.0,10000.0,2355100.0
6,2021-10-05 07:45:00,6930.0,1000.0,2345100.0
7,2021-10-05 07:45:00,6930.0,1000.0,2344100.0
8,2021-10-05 07:45:00,6930.0,1000.0,2343100.0
9,2021-10-05 07:45:00,6930.0,1400.0,2342100.0
10,2021-10-05 07:45:00,6930.0,4500.0,2340700.0
11,2021-10-05 07:45:00,6930.0,500.0,2336200.0
12,2021-10-05 07:45:00,6930.0,100000.0,2335700.0
13,2021-10-05 07:45:00,6930.0,46500.0,2235700.0
14,2021-10-05 07:45:00,6930.0,800.0,2189200.0
15,2021-10-05 07:45:00,6930.0,3000.0,2188400.0
16,2021-10-05 07:45:00,6930.0,100.0,2185400.0
17,2021-10-05 07:45:00,6930.0,100.0,2185300.0
18,2021-10-05 07:45:00,6930.0,5000.0,2185200.0
19,2021-10-05 07:45:00,6930.0,300.0,2180200.0
20,2021-10-05 07:45:00,6930.0,5000.0,2179900.0
21,2021-10-05 07:45:00,6930.0,100.0,2174900.0
22,2021-10-05 07:45:00,6930.0,200.0,2174800.0
23,2021-10-05 07:45:00,6930.0,5000.0,2174600.0
24,2021-10-05 07:45:00,6930.0,5400.0,2169600.0
25,2021-10-05 07:45:00,6930.0,2000.0,2164200.0
26,2021-10-05 07:45:00,6930.0,5000.0,2162200.0
27,2021-10-05 07:45:00,6930.0,13000.0,2157200.0
28,2021-10-05 07:45:00,6930.0,400.0,2144200.0
29,2021-10-05 07:45:00,6930.0,2700.0,2143800.0
30,2021-10-05 07:45:00,6930.0,1000.0,2141100.0
31,2021-10-05 07:45:00,6930.0,1000.0,2140100.0
32,2021-10-05 07:45:00,6930.0,200.0,2139100.0
33,2021-10-05 07:45:00,6930.0,1000.0,2138900.0
34,2021-10-05 07:45:00,6930.0,400.0,2137900.0
35,2021-10-05 07:45:00,6930.0,500.0,2137500.0
36,2021-10-05 07:45:00,6930.0,300.0,2137000.0
37,2021-10-05 07:45:00,6930.0,1000.0,2136700.0
38,2021-10-05 07:29:47,6940.0,1000.0,2135700.0
39,2021-10-05 07:29:47,6940.0,1000.0,2134700.0
40,2021-10-05 07:29:47,6940.0,5300.0,2133700.0
41,2021-10-05 07:29:32,6940.0,3000.0,2128400.0
42,2021-10-05 07:29:31,6940.0,500.0,2125400.0
43,2021-10-05 07:28:37,6940.0,200.0,2124900.0
44,2021-10-05 07:28:37,6940.0,5000.0,2124700.0
45,2021-10-05 07:28:37,6940.0,100.0,2119700.0
46,2021-10-05 07:28:37,6940.0,1300.0,2119600.0
47,2021-10-05 07:28:06,6940.0,1600.0,2118300.0
48,2021-10-05 07:27:53,6940.0,7100.0,2116700.0
49,2021-10-05 07:27:53,6940.0,100.0,2109600.0
50,2021-10-05 07:27:53,6940.0,200.0,2109500.0
51,2021-10-05 07:27:53,6940.0,100.0,2109300.0
52,2021-10-05 07:27:53,6940.0,100.0,2109200.0
53,2021-10-05 07:27:53,6940.0,500.0,2109100.0
54,2021-10-05 07:27:53,6940.0,200.0,2108600.0
55,2021-10-05 07:27:53,6940.0,3000.0,2108400.0
56,2021-10-05 07:27:53,6940.0,2700.0,2105400.0
57,2021-10-05 07:27:49,6940.0,100.0,2102700.0
58,2021-10-05 07:27:49,6940.0,500.0,2102600.0
59,2021-10-05 07:27:49,6940.0,100.0,2102100.0
60,2021-10-05 07:27:49,6940.0,300.0,2102000.0
61,2021-10-05 07:27:49,6940.0,100.0,2101700.0
62,2021-10-05 07:27:49,6940.0,300.0,2101600.0
63,2021-10-05 07:27:49,6940.0,100.0,2101300.0
64,2021-10-05 07:27:49,6940.0,500.0,2101200.0
65,2021-10-05 07:27:36,6950.0,100.0,2100700.0
66,2021-10-05 07:27:34,6940.0,2000.0,2100600.0
67,2021-10-05 07:26:59,6950.0,3500.0,2098600.0
68,2021-10-05 07:26:39,6950.0,1900.0,2095100.0
69,2021-10-05 07:25:20,6950.0,400.0,2093200.0
70,2021-10-05 07:24:26,6950.0,1600.0,2092800.0
71,2021-10-05 07:23:32,6950.0,10000.0,2091200.0
72,2021-10-05 07:22:01,6950.0,2500.0,2081200.0
73,2021-10-05 07:22:01,6950.0,700.0,2078700.0
74,2021-10-05 07:22:01,6950.0,5000.0,2078000.0
75,2021-10-05 07:22:01,6950.0,200.0,2073000.0
76,2021-10-05 07:22:01,6950.0,11600.0,2072800.0
77,2021-10-05 07:20:29,6940.0,500.0,2061200.0
78,2021-10-05 07:20:29,6940.0,1200.0,2060700.0
79,2021-10-05 07:20:29,6940.0,1300.0,2059500.0
80,2021-10-05 07:19:45,6940.0,3700.0,2058200.0
81,2021-10-05 07:18:43,6950.0,200.0,2054500.0
82,2021-10-05 07:18:14,6950.0,5000.0,2054300.0
83,2021-10-05 07:18:02,6950.0,1000.0,2049300.0
84,2021-10-05 07:16:46,6950.0,500.0,2048300.0
85,2021-10-05 07:16:18,6950.0,4600.0,2047800.0
86,2021-10-05 07:15:58,6940.0,2000.0,2043200.0
87,2021-10-05 07:15:55,6940.0,2000.0,2041200.0
88,2021-10-05 07:15:01,6940.0,1000.0,2039200.0
89,2021-10-05 07:14:15,6950.0,500.0,2038200.0
90,2021-10-05 07:14:02,6950.0,200.0,2037700.0
91,2021-10-05 07:14:02,6950.0,100.0,2037500.0
92,2021-10-05 07:14:02,6950.0,500.0,2037400.0
93,2021-10-05 07:14:02,6950.0,100.0,2036900.0
94,2021-10-05 07:14:02,6950.0,100.0,2036800.0
95,2021-10-05 07:14:02,6950.0,3000.0,2036700.0
96,2021-10-05 07:14:02,6950.0,1000.0,2033700.0
97,2021-10-05 07:14:02,6950.0,600.0,2032700.0
98,2021-10-05 07:13:17,6950.0,100.0,2032100.0
99,2021-10-05 07:12:19,6950.0,800.0,2032000.0
100,2021-10-05 07:12:19,6950.0,200.0,2031200.0
101,2021-10-05 07:11:56,6950.0,200.0,2031000.0
102,2021-10-05 07:11:56,6950.0,500.0,2030800.0
103,2021-10-05 07:11:41,6950.0,1800.0,2030300.0
104,2021-10-05 07:10:46,6950.0,700.0,2028500.0
105,2021-10-05 07:09:18,6960.0,400.0,2027800.0
106,2021-10-05 07:08:20,6960.0,200.0,2027400.0
107,2021-10-05 07:07:39,6960.0,900.0,2027200.0
108,2021-10-05 07:07:09,6960.0,1000.0,2026300.0
109,2021-10-05 07:07:09,6960.0,500.0,2025300.0
110,2021-10-05 07:07:09,6960.0,600.0,2024800.0
111,2021-10-05 07:05:21,6960.0,100.0,2024200.0
112,2021-10-05 07:05:17,6960.0,300.0,2024100.0
113,2021-10-05 07:05:17,6960.0,700.0,2023800.0
114,2021-10-05 07:04:43,6960.0,1500.0,2023100.0
115,2021-10-05 07:04:42,6960.0,1000.0,2021600.0
116,2021-10-05 07:04:02,6960.0,400.0,2020600.0
117,2021-10-05 07:03:47,6960.0,1000.0,2020200.0
118,2021-10-05 07:03:45,6960.0,400.0,2019200.0
119,2021-10-05 07:03:45,6960.0,3300.0,2018800.0
120,2021-10-05 07:02:00,6960.0,700.0,2015500.0
121,2021-10-05 07:02:00,6960.0,100.0,2014800.0
122,2021-10-05 07:00:04,6970.0,200.0,2014700.0
123,2021-10-05 06:58:54,6970.0,100.0,2014500.0
124,2021-10-05 06:58:38,6980.0,9300.0,2014400.0
125,2021-10-05 06:58:38,6980.0,200.0,2005100.0
126,2021-10-05 06:58:38,6980.0,200.0,2004900.0
127,2021-10-05 06:58:38,6980.0,500.0,2004700.0
128,2021-10-05 06:58:38,6980.0,500.0,2004200.0
129,2021-10-05 06:58:38,6980.0,200.0,2003700.0
130,2021-10-05 06:58:38,6980.0,1000.0,2003500.0
131,2021-10-05 06:58:38,6980.0,8100.0,2002500.0
132,2021-10-05 06:58:29,6970.0,100.0,1994400.0
133,2021-10-05 06:58:20,6970.0,100.0,1994300.0
134,2021-10-05 06:58:02,6970.0,700.0,1994200.0
135,2021-10-05 06:56:41,6960.0,100.0,1993500.0
136,2021-10-05 06:56:41,6960.0,100.0,1993400.0
137,2021-10-05 06:56:40,6960.0,700.0,1993300.0
138,2021-10-05 06:56:26,6960.0,200.0,1992600.0
139,2021-10-05 06:56:26,6960.0,800.0,1992400.0
140,2021-10-05 06:56:25,6960.0,2000.0,1991600.0
141,2021-10-05 06:56:17,6950.0,100.0,1989600.0
142,2021-10-05 06:55:33,6960.0,3000.0,1989500.0
143,2021-10-05 06:55:23,6950.0,1000.0,1986500.0
144,2021-10-05 06:55:11,6960.0,1000.0,1985500.0
145,2021-10-05 06:54:43,6960.0,3200.0,1984500.0
146,2021-10-05 06:53:36,6950.0,200.0,1981300.0
147,2021-10-05 06:53:36,6950.0,300.0,1981100.0
148,2021-10-05 06:53:24,6950.0,1000.0,1980800.0
149,2021-10-05 06:53:24,6950.0,700.0,1979800.0
150,2021-10-05 06:53:24,6950.0,500.0,1979100.0
151,2021-10-05 06:53:24,6950.0,500.0,1978600.0
152,2021-10-05 06:53:20,6950.0,100.0,1978100.0
153,2021-10-05 06:53:04,6950.0,300.0,1978000.0
154,2021-10-05 06:52:54,6950.0,2000.0,1977700.0
155,2021-10-05 06:52:40,6950.0,3000.0,1975700.0
156,2021-10-05 06:51:49,6950.0,100.0,1972700.0
157,2021-10-05 06:51:06,6950.0,500.0,1972600.0
158,2021-10-05 06:50:49,6950.0,3700.0,1972100.0
159,2021-10-05 06:50:49,6950.0,300.0,1968400.0
160,2021-10-05 06:50:40,6940.0,100.0,1968100.0
161,2021-10-05 06:49:39,6940.0,600.0,1968000.0
162,2021-10-05 06:49:39,6940.0,1000.0,1967400.0
163,2021-10-05 06:49:39,6940.0,500.0,1966400.0
164,2021-10-05 06:49:36,6940.0,200.0,1965900.0
165,2021-10-05 06:49:36,6940.0,3000.0,1965700.0
166,2021-10-05 06:49:27,6940.0,100.0,1962700.0
167,2021-10-05 06:49:14,6930.0,600.0,1962600.0
168,2021-10-05 06:49:14,6930.0,200.0,1962000.0
169,2021-10-05 06:49:13,6940.0,900.0,1961800.0
170,2021-10-05 06:49:11,6940.0,1000.0,1960900.0
171,2021-10-05 06:49:11,6940.0,2000.0,1959900.0
172,2021-10-05 06:49:11,6940.0,500.0,1957900.0
173,2021-10-05 06:49:11,6940.0,4300.0,1957400.0
174,2021-10-05 06:48:59,6940.0,700.0,1953100.0
175,2021-10-05 06:48:59,6940.0,100.0,1952400.0
176,2021-10-05 06:48:59,6940.0,200.0,1952300.0
177,2021-10-05 06:48:59,6940.0,2000.0,1952100.0
178,2021-10-05 06:48:50,6940.0,100.0,1950100.0
179,2021-10-05 06:48:07,6940.0,3900.0,1950000.0
180,2021-10-05 06:48:07,6940.0,100.0,1946100.0
181,2021-10-05 06:47:44,6940.0,500.0,1946000.0
182,2021-10-05 06:47:44,6940.0,1400.0,1945500.0
183,2021-10-05 06:47:34,6940.0,800.0,1944100.0
184,2021-10-05 06:47:31,6940.0,800.0,1943300.0
185,2021-10-05 06:47:31,6940.0,1000.0,1942500.0
186,2021-10-05 06:47:31,6940.0,1000.0,1941500.0
187,2021-10-05 06:47:31,6940.0,1000.0,1940500.0
188,2021-10-05 06:47:31,6940.0,900.0,1939500.0
189,2021-10-05 06:47:31,6940.0,30000.0,1938600.0
190,2021-10-05 06:47:31,6940.0,2000.0,1908600.0
191,2021-10-05 06:47:31,6940.0,3000.0,1906600.0
192,2021-10-05 06:47:31,6940.0,400.0,1903600.0
193,2021-10-05 06:47:31,6940.0,4900.0,1903200.0
194,2021-10-05 06:47:20,6940.0,100.0,1898300.0
195,2021-10-05 06:47:20,6940.0,1000.0,1898200.0
196,2021-10-05 06:47:20,6940.0,900.0,1897200.0
197,2021-10-05 06:46:33,6950.0,600.0,1896300.0
198,2021-10-05 06:46:26,6950.0,1000.0,1895700.0
199,2021-10-05 06:45:48,6950.0,200.0,1894700.0
200,2021-10-05 06:45:25,6950.0,5000.0,1894500.0
201,2021-10-05 06:45:25,6950.0,5000.0,1889500.0
202,2021-10-05 06:45:25,6940.0,100.0,1884500.0
203,2021-10-05 06:45:09,6950.0,1800.0,1884400.0
204,2021-10-05 06:45:02,6950.0,200.0,1882600.0
205,2021-10-05 06:45:02,6950.0,500.0,1882400.0
206,2021-10-05 06:45:02,6950.0,200.0,1881900.0
207,2021-10-05 06:45:02,6950.0,1000.0,1881700.0
208,2021-10-05 06:45:02,6950.0,400.0,1880700.0
209,2021-10-05 06:44:55,6950.0,3400.0,1880300.0
210,2021-10-05 06:44:52,6950.0,500.0,1876900.0
211,2021-10-05 06:44:47,6950.0,1700.0,1876400.0
212,2021-10-05 06:44:47,6950.0,200.0,1874700.0
213,2021-10-05 06:44:47,6950.0,300.0,1874500.0
214,2021-10-05 06:44:47,6950.0,1000.0,1874200.0
215,2021-10-05 06:44:47,6950.0,200.0,1873200.0
216,2021-10-05 06:44:47,6950.0,500.0,1873000.0
217,2021-10-05 06:44:47,6950.0,1700.0,1872500.0
218,2021-10-05 06:44:27,6950.0,15700.0,1870800.0
219,2021-10-05 06:44:27,6950.0,500.0,1855100.0
220,2021-10-05 06:44:27,6950.0,2800.0,1854600.0
221,2021-10-05 06:44:10,6950.0,3500.0,1851800.0
222,2021-10-05 06:43:31,6950.0,42700.0,1848300.0
223,2021-10-05 06:43:31,6950.0,100.0,1805600.0
224,2021-10-05 06:43:31,6950.0,2000.0,1805500.0
225,2021-10-05 06:43:31,6950.0,1100.0,1803500.0
226,2021-10-05 06:43:31,6950.0,1000.0,1802400.0
227,2021-10-05 06:43:31,6950.0,500.0,1801400.0
228,2021-10-05 06:43:31,6950.0,500.0,1800900.0
229,2021-10-05 06:43:31,6950.0,500.0,1800400.0
230,2021-10-05 06:43:31,6950.0,100.0,1799900.0
231,2021-10-05 06:43:31,6950.0,600.0,1799800.0
232,2021-10-05 06:43:31,6960.0,200.0,1799200.0
233,2021-10-05 06:43:31,6960.0,1000.0,1799000.0
234,2021-10-05 06:43:31,6960.0,9700.0,1798000.0
235,2021-10-05 06:40:58,6960.0,300.0,1788300.0
236,2021-10-05 06:40:58,6960.0,2000.0,1788000.0
237,2021-10-05 06:40:58,6960.0,2700.0,1786000.0
238,2021-10-05 06:40:42,6960.0,300.0,1783300.0
239,2021-10-05 06:40:42,6960.0,300.0,1783000.0
240,2021-10-05 06:40:04,6960.0,100.0,1782700.0
241,2021-10-05 06:40:04,6960.0,1000.0,1782600.0
242,2021-10-05 06:40:04,6960.0,3900.0,1781600.0
243,2021-10-05 06:40:04,6960.0,1000.0,1777700.0
244,2021-10-05 06:40:04,6960.0,100.0,1776700.0
245,2021-10-05 06:40:04,6960.0,100.0,1776600.0
246,2021-10-05 06:40:04,6960.0,8800.0,1776500.0
247,2021-10-05 06:39:22,6960.0,1200.0,1767700.0
248,2021-10-05 06:39:22,6960.0,1200.0,1766500.0
249,2021-10-05 06:39:22,6970.0,2000.0,1765300.0
250,2021-10-05 06:39:22,6970.0,5600.0,1763300.0
251,2021-10-05 06:38:18,6980.0,100.0,1757700.0
252,2021-10-05 06:36:25,6980.0,6700.0,1757600.0
253,2021-10-05 06:34:15,6980.0,5100.0,1750900.0
254,2021-10-05 06:34:15,6980.0,4000.0,1745800.0
255,2021-10-05 06:34:15,6980.0,100.0,1741800.0
256,2021-10-05 06:34:15,6980.0,100.0,1741700.0
257,2021-10-05 06:34:15,6980.0,500.0,1741600.0
258,2021-10-05 06:34:15,6980.0,200.0,1741100.0
259,2021-10-05 06:32:50,6970.0,400.0,1740900.0
260,2021-10-05 06:32:40,6980.0,200.0,1740500.0
261,2021-10-05 06:28:38,6980.0,200.0,1740300.0
262,2021-10-05 06:27:44,6970.0,6000.0,1740100.0
263,2021-10-05 06:27:34,6960.0,800.0,1734100.0
264,2021-10-05 06:27:34,6960.0,500.0,1733300.0
265,2021-10-05 06:26:42,6970.0,16500.0,1732800.0
266,2021-10-05 06:26:42,6980.0,2200.0,1716300.0
267,2021-10-05 06:26:37,6980.0,100.0,1714100.0
268,2021-10-05 06:26:37,6980.0,1200.0,1714000.0
269,2021-10-05 06:25:40,6980.0,500.0,1712800.0
270,2021-10-05 06:25:40,6980.0,1000.0,1712300.0
271,2021-10-05 06:25:36,6970.0,200.0,1711300.0
272,2021-10-05 06:25:36,6970.0,1400.0,1711100.0
273,2021-10-05 06:25:36,6970.0,1900.0,1709700.0
274,2021-10-05 06:25:29,6970.0,12000.0,1707800.0
275,2021-10-05 06:25:29,6960.0,100.0,1695800.0
276,2021-10-05 06:25:29,6960.0,200.0,1695700.0
277,2021-10-05 06:25:09,6960.0,2900.0,1695500.0
278,2021-10-05 06:25:02,6960.0,1100.0,1692600.0
279,2021-10-05 06:24:34,6970.0,1000.0,1691500.0
280,2021-10-05 06:24:18,6970.0,200.0,1690500.0
281,2021-10-05 06:24:06,6960.0,1000.0,1690300.0
282,2021-10-05 06:24:06,6960.0,1500.0,1689300.0
283,2021-10-05 06:23:49,6960.0,300.0,1687800.0
284,2021-10-05 06:23:31,6960.0,3000.0,1687500.0
285,2021-10-05 06:23:31,6960.0,1000.0,1684500.0
286,2021-10-05 06:23:31,6960.0,1000.0,1683500.0
287,2021-10-05 06:23:31,6960.0,1000.0,1682500.0
288,2021-10-05 06:23:14,6960.0,2600.0,1681500.0
289,2021-10-05 06:23:10,6960.0,2400.0,1678900.0
290,2021-10-05 06:22:56,6970.0,500.0,1676500.0
291,2021-10-05 06:22:56,6970.0,30000.0,1676000.0
292,2021-10-05 06:22:56,6970.0,5000.0,1646000.0
293,2021-10-05 06:22:56,6970.0,6800.0,1641000.0
294,2021-10-05 06:22:43,6970.0,200.0,1634200.0
295,2021-10-05 06:22:34,6970.0,700.0,1634000.0
296,2021-10-05 06:22:31,6970.0,2300.0,1633300.0
297,2021-10-05 06:22:31,6970.0,1000.0,1631000.0
298,2021-10-05 06:22:06,6980.0,3000.0,1630000.0
299,2021-10-05 06:21:50,6980.0,1600.0,1627000.0
300,2021-10-05 06:21:17,6980.0,400.0,1625400.0
301,2021-10-05 06:21:17,6980.0,500.0,1625000.0
302,2021-10-05 06:21:17,6980.0,1500.0,1624500.0
303,2021-10-05 06:21:17,6980.0,2000.0,1623000.0
304,2021-10-05 06:21:17,6980.0,1700.0,1621000.0
305,2021-10-05 06:20:25,6990.0,1000.0,1619300.0
306,2021-10-05 06:19:01,6990.0,2000.0,1618300.0
307,2021-10-05 06:18:16,7000.0,5500.0,1616300.0
308,2021-10-05 06:18:16,6990.0,4500.0,1610800.0
309,2021-10-05 06:18:12,6990.0,500.0,1606300.0
310,2021-10-05 06:17:33,6980.0,300.0,1605800.0
311,2021-10-05 06:17:11,7000.0,1000.0,1605500.0
312,2021-10-05 06:15:54,7000.0,200.0,1604500.0
313,2021-10-05 06:15:49,7000.0,3000.0,1604300.0
314,2021-10-05 06:15:24,7000.0,8000.0,1601300.0
315,2021-10-05 06:15:24,7000.0,25000.0,1593300.0
316,2021-10-05 06:15:09,7000.0,1000.0,1568300.0
317,2021-10-05 06:15:09,7000.0,300.0,1567300.0
318,2021-10-05 06:15:09,7000.0,3700.0,1567000.0
319,2021-10-05 06:15:03,7000.0,500.0,1563300.0
320,2021-10-05 06:14:29,7000.0,100.0,1562800.0
321,2021-10-05 06:14:06,7000.0,200.0,1562700.0
322,2021-10-05 06:13:55,7000.0,5000.0,1562500.0
323,2021-10-05 06:13:28,7000.0,10000.0,1557500.0
324,2021-10-05 06:13:28,7000.0,100.0,1547500.0
325,2021-10-05 06:13:28,7000.0,700.0,1547400.0
326,2021-10-05 06:13:28,7000.0,500.0,1546700.0
327,2021-10-05 06:13:28,7000.0,5100.0,1546200.0
328,2021-10-05 06:13:28,6990.0,9100.0,1541100.0
329,2021-10-05 06:12:50,6990.0,900.0,1532000.0
330,2021-10-05 06:12:50,6990.0,3100.0,1531100.0
331,2021-10-05 06:12:14,6990.0,500.0,1528000.0
332,2021-10-05 06:12:06,6990.0,4000.0,1527500.0
333,2021-10-05 06:11:56,7000.0,4900.0,1523500.0
334,2021-10-05 06:11:56,7000.0,1500.0,1518600.0
335,2021-10-05 06:11:56,7000.0,10000.0,1517100.0
336,2021-10-05 06:11:56,7000.0,100.0,1507100.0
337,2021-10-05 06:11:56,7000.0,500.0,1507000.0
338,2021-10-05 06:11:56,7000.0,100.0,1506500.0
339,2021-10-05 06:11:56,7000.0,400.0,1506400.0
340,2021-10-05 06:11:56,7000.0,1000.0,1506000.0
341,2021-10-05 06:11:56,7000.0,500.0,1505000.0
342,2021-10-05 06:11:56,7000.0,500.0,1504500.0
343,2021-10-05 06:11:56,7000.0,200.0,1504000.0
344,2021-10-05 06:11:56,7000.0,5000.0,1503800.0
345,2021-10-05 06:11:56,7000.0,500.0,1498800.0
346,2021-10-05 06:11:56,7000.0,500.0,1498300.0
347,2021-10-05 06:11:56,7000.0,500.0,1497800.0
348,2021-10-05 06:11:56,7000.0,400.0,1497300.0
349,2021-10-05 06:11:56,7000.0,200.0,1496900.0
350,2021-10-05 06:11:56,7000.0,5000.0,1496700.0
351,2021-10-05 06:11:56,7000.0,500.0,1491700.0
352,2021-10-05 06:11:56,7000.0,500.0,1491200.0
353,2021-10-05 06:11:56,7000.0,10000.0,1490700.0
354,2021-10-05 06:11:56,7000.0,100.0,1480700.0
355,2021-10-05 06:11:56,7000.0,1000.0,1480600.0
356,2021-10-05 06:11:56,7000.0,100.0,1479600.0
357,2021-10-05 06:11:56,7000.0,5000.0,1479500.0
358,2021-10-05 06:11:56,7000.0,1000.0,1474500.0
359,2021-10-05 06:10:36,6990.0,900.0,1473500.0
360,2021-10-05 06:10:16,6990.0,4200.0,1472600.0
361,2021-10-05 06:10:01,6990.0,1000.0,1468400.0
362,2021-10-05 06:10:01,6990.0,600.0,1467400.0
363,2021-10-05 06:10:01,6990.0,500.0,1466800.0
364,2021-10-05 06:10:01,6980.0,800.0,1466300.0
365,2021-10-05 06:10:00,6980.0,100.0,1465500.0
366,2021-10-05 06:10:00,6980.0,3500.0,1465400.0
367,2021-10-05 06:08:36,6980.0,1000.0,1461900.0
368,2021-10-05 06:08:36,6980.0,500.0,1460900.0
369,2021-10-05 06:05:10,6950.0,100.0,1460400.0
370,2021-10-05 06:05:10,6950.0,2300.0,1460300.0
371,2021-10-05 06:05:10,6950.0,600.0,1458000.0
372,2021-10-05 06:05:10,6950.0,100.0,1457400.0
373,2021-10-05 06:05:10,6950.0,300.0,1457300.0
374,2021-10-05 06:05:10,6950.0,500.0,1457000.0
375,2021-10-05 06:05:10,6950.0,400.0,1456500.0
376,2021-10-05 06:05:10,6950.0,1700.0,1456100.0
377,2021-10-05 06:05:10,6950.0,12000.0,1454400.0
378,2021-10-05 06:05:10,6950.0,100.0,1442400.0
379,2021-10-05 06:05:10,6950.0,1000.0,1442300.0
380,2021-10-05 06:05:10,6950.0,2000.0,1441300.0
381,2021-10-05 06:05:10,6950.0,2000.0,1439300.0
382,2021-10-05 06:05:10,6950.0,1000.0,1437300.0
383,2021-10-05 06:05:10,6950.0,5000.0,1436300.0
384,2021-10-05 06:05:10,6950.0,100.0,1431300.0
385,2021-10-05 06:05:10,6950.0,100.0,1431200.0
386,2021-10-05 06:05:10,6950.0,1900.0,1431100.0
387,2021-10-05 06:05:10,6950.0,400.0,1429200.0
388,2021-10-05 06:05:10,6960.0,3000.0,1428800.0
389,2021-10-05 06:05:10,6960.0,10000.0,1425800.0
390,2021-10-05 06:05:10,6960.0,500.0,1415800.0
391,2021-10-05 06:05:10,6960.0,3000.0,1415300.0
392,2021-10-05 06:05:10,6960.0,100.0,1412300.0
393,2021-10-05 06:05:10,6960.0,2000.0,1412200.0
394,2021-10-05 06:05:10,6960.0,100.0,1410200.0
395,2021-10-05 06:05:10,6960.0,700.0,1410100.0
396,2021-10-05 06:04:14,7000.0,4700.0,1409400.0
397,2021-10-05 06:04:14,6990.0,100.0,1404700.0
398,2021-10-05 06:04:14,6990.0,1000.0,1404600.0
399,2021-10-05 06:04:14,6990.0,200.0,1403600.0
400,2021-10-05 06:02:03,6960.0,800.0,1403400.0
401,2021-10-05 06:02:01,6960.0,700.0,1402600.0
402,2021-10-05 06:01:50,6960.0,300.0,1401900.0
403,2021-10-05 06:01:49,6960.0,10000.0,1401600.0
404,2021-10-05 06:01:33,6960.0,500.0,1391600.0
405,2021-10-05 06:01:33,6960.0,1500.0,1391100.0
406,2021-10-05 06:01:33,6960.0,4000.0,1389600.0
407,2021-10-05 06:01:33,6960.0,1000.0,1385600.0
408,2021-10-05 06:01:33,6960.0,500.0,1384600.0
409,2021-10-05 06:01:33,6960.0,100.0,1384100.0
410,2021-10-05 06:01:33,6960.0,20000.0,1384000.0
411,2021-10-05 06:01:33,6960.0,1000.0,1364000.0
412,2021-10-05 06:01:33,6960.0,3000.0,1363000.0
413,2021-10-05 06:01:33,6960.0,100.0,1360000.0
414,2021-10-05 06:01:33,6960.0,300.0,1359900.0
415,2021-10-05 06:01:33,6960.0,200.0,1359600.0
416,2021-10-05 06:01:33,6960.0,100.0,1359400.0
417,2021-10-05 06:01:33,6960.0,400.0,1359300.0
418,2021-10-05 06:01:33,6960.0,10000.0,1358900.0
419,2021-10-05 06:01:33,6960.0,500.0,1348900.0
420,2021-10-05 06:01:33,6960.0,100.0,1348400.0
421,2021-10-05 06:01:33,6960.0,2000.0,1348300.0
422,2021-10-05 06:01:33,6960.0,100.0,1346300.0
423,2021-10-05 06:01:33,6960.0,500.0,1346200.0
424,2021-10-05 06:01:33,6960.0,1000.0,1345700.0
425,2021-10-05 06:01:33,6960.0,900.0,1344700.0
426,2021-10-05 06:01:33,6970.0,100.0,1343800.0
427,2021-10-05 06:01:33,6970.0,100.0,1343700.0
428,2021-10-05 06:01:33,6970.0,3000.0,1343600.0
429,2021-10-05 06:01:33,6970.0,18000.0,1340600.0
430,2021-10-05 06:01:33,6970.0,10000.0,1322600.0
431,2021-10-05 06:01:33,6970.0,100.0,1312600.0
432,2021-10-05 06:01:33,6970.0,100.0,1312500.0
433,2021-10-05 06:01:33,6970.0,1000.0,1312400.0
434,2021-10-05 06:01:33,6970.0,100.0,1311400.0
435,2021-10-05 06:01:33,6970.0,25200.0,1311300.0
436,2021-10-05 06:01:33,6980.0,1000.0,1286100.0
437,2021-10-05 06:01:33,6980.0,100.0,1285100.0
438,2021-10-05 06:01:33,6980.0,5000.0,1285000.0
439,2021-10-05 06:01:33,6980.0,700.0,1280000.0
440,2021-10-05 06:01:33,6980.0,1500.0,1279300.0
441,2021-10-05 06:01:33,6980.0,1700.0,1277800.0
442,2021-10-05 06:01:33,6980.0,1000.0,1276100.0
443,2021-10-05 06:01:33,6980.0,1700.0,1275100.0
444,2021-10-05 06:00:46,6980.0,200.0,1273400.0
445,2021-10-05 06:00:33,6990.0,100.0,1273200.0
446,2021-10-05 06:00:26,6990.0,100.0,1273100.0
447,2021-10-05 06:00:11,6990.0,2600.0,1273000.0
448,2021-10-05 06:00:11,6990.0,1400.0,1270400.0
449,2021-10-05 06:00:07,6990.0,200.0,1269000.0
450,2021-10-05 06:00:06,6990.0,3000.0,1268800.0
451,2021-10-05 06:00:04,6990.0,400.0,1265800.0
452,2021-10-05 06:00:04,6990.0,100.0,1265400.0
453,2021-10-05 06:00:01,6990.0,1900.0,1265300.0
454,2021-10-05 06:00:01,6990.0,1000.0,1263400.0
455,2021-10-05 06:00:01,6990.0,1300.0,1262400.0
456,2021-10-05 06:00:01,6990.0,10000.0,1261100.0
457,2021-10-05 06:00:01,6990.0,1800.0,1251100.0
458,2021-10-05 06:00:01,6990.0,500.0,1249300.0
459,2021-10-05 04:29:23,6990.0,1500.0,1248800.0
460,2021-10-05 04:25:15,6980.0,100.0,1247300.0
461,2021-10-05 04:25:03,6980.0,1900.0,1247200.0
462,2021-10-05 04:25:03,6980.0,100.0,1245300.0
463,2021-10-05 04:24:42,6970.0,2500.0,1245200.0
464,2021-10-05 04:24:14,6970.0,100.0,1242700.0
465,2021-10-05 04:23:23,6970.0,2000.0,1242600.0
466,2021-10-05 04:21:46,6970.0,200.0,1240600.0
467,2021-10-05 04:21:46,6970.0,1700.0,1240400.0
468,2021-10-05 04:21:06,6980.0,400.0,1238700.0
469,2021-10-05 04:21:06,6980.0,1500.0,1238300.0
470,2021-10-05 04:21:06,6980.0,500.0,1236800.0
471,2021-10-05 04:21:06,6980.0,200.0,1236300.0
472,2021-10-05 04:21:06,6980.0,400.0,1236100.0
473,2021-10-05 04:20:32,6980.0,500.0,1235700.0
474,2021-10-05 04:20:32,6980.0,500.0,1235200.0
475,2021-10-05 04:19:47,6980.0,2500.0,1234700.0
476,2021-10-05 04:18:46,6980.0,2000.0,1232200.0
477,2021-10-05 04:18:07,6980.0,500.0,1230200.0
478,2021-10-05 04:18:07,6980.0,1000.0,1229700.0
479,2021-10-05 04:17:59,6980.0,1000.0,1228700.0
480,2021-10-05 04:17:35,6980.0,1000.0,1227700.0
481,2021-10-05 04:17:02,6980.0,100.0,1226700.0
482,2021-10-05 04:15:37,6980.0,1900.0,1226600.0
483,2021-10-05 04:15:37,6980.0,100.0,1224700.0
484,2021-10-05 04:15:37,6980.0,9000.0,1224600.0
485,2021-10-05 04:15:37,6980.0,5000.0,1215600.0
486,2021-10-05 04:15:37,6980.0,4000.0,1210600.0
487,2021-10-05 04:13:24,6990.0,200.0,1206600.0
488,2021-10-05 04:13:24,6990.0,800.0,1206400.0
489,2021-10-05 04:12:28,6980.0,500.0,1205600.0
490,2021-10-05 04:10:55,6980.0,1000.0,1205100.0
491,2021-10-05 04:10:55,6980.0,600.0,1204100.0
492,2021-10-05 04:10:55,6980.0,200.0,1203500.0
493,2021-10-05 04:10:55,6980.0,1000.0,1203300.0
494,2021-10-05 04:10:55,6980.0,3000.0,1202300.0
495,2021-10-05 04:10:55,6980.0,3800.0,1199300.0
496,2021-10-05 04:10:55,6980.0,5000.0,1195500.0
497,2021-10-05 04:10:55,6980.0,900.0,1190500.0
498,2021-10-05 04:10:36,6980.0,3500.0,1189600.0
499,2021-10-05 04:09:09,6970.0,1400.0,1186100.0
500,2021-10-05 04:08:28,6970.0,1900.0,1184700.0
501,2021-10-05 04:08:28,6970.0,1900.0,1182800.0
502,2021-10-05 04:07:53,6970.0,3000.0,1180900.0
503,2021-10-05 04:06:18,6980.0,1000.0,1177900.0
504,2021-10-05 04:06:07,6980.0,1500.0,1176900.0
505,2021-10-05 04:05:47,6970.0,20000.0,1175400.0
506,2021-10-05 04:05:47,6970.0,1100.0,1155400.0
507,2021-10-05 04:05:14,6970.0,200.0,1154300.0
508,2021-10-05 04:04:48,6970.0,3100.0,1154100.0
509,2021-10-05 04:04:48,6970.0,100.0,1151000.0
510,2021-10-05 04:04:48,6970.0,1000.0,1150900.0
511,2021-10-05 04:04:48,6970.0,800.0,1149900.0
512,2021-10-05 04:04:36,6970.0,200.0,1149100.0
513,2021-10-05 04:03:20,6970.0,200.0,1148900.0
514,2021-10-05 04:03:02,6970.0,2300.0,1148700.0
515,2021-10-05 04:03:02,6970.0,300.0,1146400.0
516,2021-10-05 04:01:40,6970.0,700.0,1146100.0
517,2021-10-05 04:01:19,6970.0,100.0,1145400.0
518,2021-10-05 04:01:19,6970.0,1000.0,1145300.0
519,2021-10-05 04:01:19,6970.0,1900.0,1144300.0
520,2021-10-05 04:01:15,6970.0,7000.0,1142400.0
521,2021-10-05 03:56:36,6980.0,300.0,1135400.0
522,2021-10-05 03:56:22,6980.0,1000.0,1135100.0
523,2021-10-05 03:55:57,6980.0,3800.0,1134100.0
524,2021-10-05 03:54:14,6980.0,100.0,1130300.0
525,2021-10-05 03:53:14,6980.0,7900.0,1130200.0
526,2021-10-05 03:53:14,6980.0,10000.0,1122300.0
527,2021-10-05 03:53:14,6980.0,2100.0,1112300.0
528,2021-10-05 03:52:53,6970.0,600.0,1110200.0
529,2021-10-05 03:48:39,6970.0,500.0,1109600.0
530,2021-10-05 03:48:39,6970.0,900.0,1109100.0
531,2021-10-05 03:48:39,6970.0,100.0,1108200.0
532,2021-10-05 03:47:26,6970.0,400.0,1108100.0
533,2021-10-05 03:47:26,6970.0,600.0,1107700.0
534,2021-10-05 03:44:46,6980.0,500.0,1107100.0
535,2021-10-05 03:44:25,6970.0,1400.0,1106600.0
536,2021-10-05 03:44:25,6970.0,10800.0,1105200.0
537,2021-10-05 03:43:45,6970.0,300.0,1094400.0
538,2021-10-05 03:43:40,6970.0,400.0,1094100.0
539,2021-10-05 03:43:40,6970.0,100.0,1093700.0
540,2021-10-05 03:43:19,6970.0,200.0,1093600.0
541,2021-10-05 03:41:09,6970.0,1000.0,1093400.0
542,2021-10-05 03:39:56,6960.0,1000.0,1092400.0
543,2021-10-05 03:38:48,6960.0,400.0,1091400.0
544,2021-10-05 03:38:48,6970.0,100.0,1091000.0
545,2021-10-05 03:35:37,6960.0,1300.0,1090900.0
546,2021-10-05 03:35:37,6960.0,3000.0,1089600.0
547,2021-10-05 03:35:37,6960.0,5000.0,1086600.0
548,2021-10-05 03:35:37,6960.0,5000.0,1081600.0
549,2021-10-05 03:35:37,6970.0,100.0,1076600.0
550,2021-10-05 03:35:37,6970.0,200.0,1076500.0
551,2021-10-05 03:35:37,6970.0,100.0,1076300.0
552,2021-10-05 03:35:37,6970.0,5000.0,1076200.0
553,2021-10-05 03:35:37,6970.0,100.0,1071200.0
554,2021-10-05 03:35:37,6970.0,1000.0,1071100.0
555,2021-10-05 03:35:37,6980.0,100.0,1070100.0
556,2021-10-05 03:35:37,6980.0,500.0,1070000.0
557,2021-10-05 03:35:37,6980.0,200.0,1069500.0
558,2021-10-05 03:35:37,6980.0,10000.0,1069300.0
559,2021-10-05 03:35:37,6980.0,3900.0,1059300.0
560,2021-10-05 03:32:40,6980.0,6000.0,1055400.0
561,2021-10-05 03:32:04,6980.0,100.0,1049400.0
562,2021-10-05 03:32:04,6990.0,400.0,1049300.0
563,2021-10-05 03:31:51,6990.0,500.0,1048900.0
564,2021-10-05 03:31:30,6990.0,1000.0,1048400.0
565,2021-10-05 03:31:18,6980.0,100.0,1047400.0
566,2021-10-05 03:30:47,6980.0,200.0,1047300.0
567,2021-10-05 03:30:45,6980.0,100.0,1047100.0
568,2021-10-05 03:30:34,6980.0,600.0,1047000.0
569,2021-10-05 03:30:01,6980.0,1000.0,1046400.0
570,2021-10-05 03:29:27,6980.0,1800.0,1045400.0
571,2021-10-05 03:29:12,6980.0,100.0,1043600.0
572,2021-10-05 03:29:04,6980.0,1000.0,1043500.0
573,2021-10-05 03:29:04,6980.0,5000.0,1042500.0
574,2021-10-05 03:29:04,6980.0,500.0,1037500.0
575,2021-10-05 03:29:04,6980.0,100.0,1037000.0
576,2021-10-05 03:29:04,6990.0,2000.0,1036900.0
577,2021-10-05 03:29:04,6990.0,100.0,1034900.0
578,2021-10-05 03:28:52,6990.0,400.0,1034800.0
579,2021-10-05 03:28:52,6990.0,1000.0,1034400.0
580,2021-10-05 03:28:52,6990.0,400.0,1033400.0
581,2021-10-05 03:28:40,6990.0,300.0,1033000.0
582,2021-10-05 03:27:51,7000.0,500.0,1032700.0
583,2021-10-05 03:27:10,7000.0,900.0,1032200.0
584,2021-10-05 03:27:09,7000.0,1100.0,1031300.0
585,2021-10-05 03:27:09,7000.0,700.0,1030200.0
586,2021-10-05 03:27:09,7000.0,400.0,1029500.0
587,2021-10-05 03:26:57,7000.0,10600.0,1029100.0
588,2021-10-05 03:26:50,7000.0,5000.0,1018500.0
589,2021-10-05 03:26:45,7000.0,500.0,1013500.0
590,2021-10-05 03:26:43,7000.0,3600.0,1013000.0
591,2021-10-05 03:26:38,7000.0,4000.0,1009400.0
592,2021-10-05 03:26:35,7000.0,2000.0,1005400.0
593,2021-10-05 03:26:23,7000.0,2000.0,1003400.0
594,2021-10-05 03:26:15,7000.0,1600.0,1001400.0
595,2021-10-05 03:24:45,7010.0,100.0,999800.0
596,2021-10-05 03:24:45,7010.0,100.0,999700.0
597,2021-10-05 03:24:32,7010.0,200.0,999600.0
598,2021-10-05 03:24:30,7010.0,200.0,999400.0
599,2021-10-05 03:24:30,7010.0,1000.0,999200.0
600,2021-10-05 03:24:30,7010.0,500.0,998200.0
601,2021-10-05 03:24:30,7010.0,2000.0,997700.0
602,2021-10-05 03:24:30,7010.0,300.0,995700.0
603,2021-10-05 03:24:30,7010.0,2000.0,995400.0
604,2021-10-05 03:24:30,7010.0,4400.0,993400.0
605,2021-10-05 03:24:13,7010.0,200.0,989000.0
606,2021-10-05 03:23:55,7000.0,200.0,988800.0
607,2021-10-05 03:23:33,7000.0,400.0,988600.0
608,2021-10-05 03:23:33,7000.0,400.0,988200.0
609,2021-10-05 03:23:33,7000.0,500.0,987800.0
610,2021-10-05 03:23:33,7000.0,1000.0,987300.0
611,2021-10-05 03:23:33,7000.0,500.0,986300.0
612,2021-10-05 03:23:33,7000.0,5000.0,985800.0
613,2021-10-05 03:23:33,7000.0,1000.0,980800.0
614,2021-10-05 03:23:33,7000.0,2000.0,979800.0
615,2021-10-05 03:23:33,7000.0,4000.0,977800.0
616,2021-10-05 03:23:33,7000.0,2200.0,973800.0
617,2021-10-05 03:23:33,7000.0,300.0,971600.0
618,2021-10-05 03:23:33,7000.0,12000.0,971300.0
619,2021-10-05 03:23:25,6990.0,200.0,959300.0
620,2021-10-05 03:23:16,6990.0,500.0,959100.0
621,2021-10-05 03:23:16,6990.0,400.0,958600.0
622,2021-10-05 03:23:16,6990.0,1200.0,958200.0
623,2021-10-05 03:22:47,6990.0,300.0,957000.0
624,2021-10-05 03:22:34,6990.0,100.0,956700.0
625,2021-10-05 03:22:03,6990.0,3500.0,956600.0
626,2021-10-05 03:21:13,6990.0,4900.0,953100.0
627,2021-10-05 03:21:05,6990.0,100.0,948200.0
628,2021-10-05 03:20:33,6990.0,900.0,948100.0
629,2021-10-05 03:20:33,6990.0,100.0,947200.0
630,2021-10-05 03:19:53,6990.0,100.0,947100.0
631,2021-10-05 03:19:53,6990.0,300.0,947000.0
632,2021-10-05 03:19:34,6990.0,500.0,946700.0
633,2021-10-05 03:19:15,6990.0,200.0,946200.0
634,2021-10-05 03:19:06,6990.0,500.0,946000.0
635,2021-10-05 03:19:06,6990.0,3500.0,945500.0
636,2021-10-05 03:18:45,6990.0,200.0,942000.0
637,2021-10-05 03:18:42,6990.0,200.0,941800.0
638,2021-10-05 03:18:42,6990.0,1100.0,941600.0
639,2021-10-05 03:18:36,6990.0,1000.0,940500.0
640,2021-10-05 03:18:20,6990.0,500.0,939500.0
641,2021-10-05 03:18:14,7000.0,100.0,939000.0
642,2021-10-05 03:16:53,6990.0,2400.0,938900.0
643,2021-10-05 03:16:53,6990.0,500.0,936500.0
644,2021-10-05 03:16:53,6990.0,1000.0,936000.0
645,2021-10-05 03:16:53,6990.0,100.0,935000.0
646,2021-10-05 03:16:20,7000.0,500.0,934900.0
647,2021-10-05 03:16:17,7000.0,300.0,934400.0
648,2021-10-05 03:16:16,7000.0,1000.0,934100.0
649,2021-10-05 03:16:06,7000.0,1000.0,933100.0
650,2021-10-05 03:16:04,7000.0,5000.0,932100.0
651,2021-10-05 03:16:04,7000.0,1000.0,927100.0
652,2021-10-05 03:16:04,7000.0,9100.0,926100.0
653,2021-10-05 03:15:59,7000.0,1000.0,917000.0
654,2021-10-05 03:15:41,7000.0,10000.0,916000.0
655,2021-10-05 03:15:41,7010.0,1000.0,906000.0
656,2021-10-05 03:15:41,7010.0,1000.0,905000.0
657,2021-10-05 03:15:41,7010.0,5000.0,904000.0
658,2021-10-05 03:15:41,7010.0,1000.0,899000.0
659,2021-10-05 03:15:31,7000.0,1000.0,898000.0
660,2021-10-05 03:15:16,7000.0,400.0,897000.0
661,2021-10-05 03:14:42,7000.0,7600.0,896600.0
662,2021-10-05 03:14:39,7010.0,1000.0,889000.0
663,2021-10-05 03:13:42,7000.0,1000.0,888000.0
664,2021-10-05 03:13:38,7000.0,2100.0,887000.0
665,2021-10-05 03:13:38,7000.0,500.0,884900.0
666,2021-10-05 03:13:38,7000.0,5000.0,884400.0
667,2021-10-05 03:13:38,7000.0,1000.0,879400.0
668,2021-10-05 03:13:38,7000.0,1000.0,878400.0
669,2021-10-05 03:13:38,7000.0,2800.0,877400.0
670,2021-10-05 03:13:38,7000.0,500.0,874600.0
671,2021-10-05 03:13:38,7000.0,7000.0,874100.0
672,2021-10-05 03:12:40,7000.0,100.0,867100.0
673,2021-10-05 03:12:06,7000.0,10000.0,867000.0
674,2021-10-05 03:11:57,7000.0,5000.0,857000.0
675,2021-10-05 03:11:54,7000.0,200.0,852000.0
676,2021-10-05 03:10:50,7000.0,7700.0,851800.0
677,2021-10-05 03:10:50,7000.0,300.0,844100.0
678,2021-10-05 03:09:59,7000.0,1200.0,843800.0
679,2021-10-05 03:09:59,7000.0,1000.0,842600.0
680,2021-10-05 03:09:59,7000.0,200.0,841600.0
681,2021-10-05 03:09:56,6990.0,400.0,841400.0
682,2021-10-05 03:09:29,7000.0,800.0,841000.0
683,2021-10-05 03:09:15,7000.0,2000.0,840200.0
684,2021-10-05 03:09:11,7000.0,1700.0,838200.0
685,2021-10-05 03:09:11,7000.0,100.0,836500.0
686,2021-10-05 03:09:11,7000.0,2000.0,836400.0
687,2021-10-05 03:09:11,7000.0,1200.0,834400.0
688,2021-10-05 03:08:14,7010.0,600.0,833200.0
689,2021-10-05 03:06:59,7010.0,2400.0,832600.0
690,2021-10-05 03:06:59,7010.0,500.0,830200.0
691,2021-10-05 03:06:59,7010.0,1000.0,829700.0
692,2021-10-05 03:06:59,7010.0,600.0,828700.0
693,2021-10-05 03:06:59,7010.0,2500.0,828100.0
694,2021-10-05 03:06:54,7000.0,100.0,825600.0
695,2021-10-05 03:06:51,7000.0,1000.0,825500.0
696,2021-10-05 03:06:37,7000.0,700.0,824500.0
697,2021-10-05 03:06:37,7000.0,2000.0,823800.0
698,2021-10-05 03:06:37,7000.0,500.0,821800.0
699,2021-10-05 03:06:37,7000.0,200.0,821300.0
700,2021-10-05 03:06:37,7000.0,400.0,821100.0
701,2021-10-05 03:06:37,7000.0,6200.0,820700.0
702,2021-10-05 03:06:18,7000.0,100.0,814500.0
703,2021-10-05 03:06:03,7000.0,1000.0,814400.0
704,2021-10-05 03:03:35,7010.0,100.0,813400.0
705,2021-10-05 03:02:02,7010.0,2400.0,813300.0
706,2021-10-05 03:01:52,7010.0,2000.0,810900.0
707,2021-10-05 03:01:43,7010.0,500.0,808900.0
708,2021-10-05 03:01:43,7010.0,100.0,808400.0
709,2021-10-05 03:01:11,7000.0,1000.0,808300.0
710,2021-10-05 03:00:58,7000.0,100.0,807300.0
711,2021-10-05 03:00:30,7000.0,700.0,807200.0
712,2021-10-05 03:00:19,7000.0,100.0,806500.0
713,2021-10-05 02:59:32,7000.0,3000.0,806400.0
714,2021-10-05 02:59:32,7000.0,2000.0,803400.0
715,2021-10-05 02:59:32,7000.0,200.0,801400.0
716,2021-10-05 02:59:32,7000.0,1000.0,801200.0
717,2021-10-05 02:59:32,7000.0,10000.0,800200.0
718,2021-10-05 02:59:32,7000.0,1000.0,790200.0
719,2021-10-05 02:59:32,7000.0,3500.0,789200.0
720,2021-10-05 02:59:32,7000.0,3500.0,785700.0
721,2021-10-05 02:59:32,7000.0,100.0,782200.0
722,2021-10-05 02:59:32,7000.0,800.0,782100.0
723,2021-10-05 02:59:32,7000.0,500.0,781300.0
724,2021-10-05 02:59:32,7000.0,400.0,780800.0
725,2021-10-05 02:59:32,7000.0,100.0,780400.0
726,2021-10-05 02:59:32,7000.0,3000.0,780300.0
727,2021-10-05 02:59:32,7000.0,1000.0,777300.0
728,2021-10-05 02:59:32,7000.0,200.0,776300.0
729,2021-10-05 02:59:32,7000.0,500.0,776100.0
730,2021-10-05 02:59:32,7000.0,3500.0,775600.0
731,2021-10-05 02:59:32,7000.0,2000.0,772100.0
732,2021-10-05 02:59:32,7000.0,300.0,770100.0
733,2021-10-05 02:59:32,7000.0,2000.0,769800.0
734,2021-10-05 02:59:32,6990.0,200.0,767800.0
735,2021-10-05 02:59:32,6990.0,1000.0,767600.0
736,2021-10-05 02:59:32,6990.0,1000.0,766600.0
737,2021-10-05 02:59:25,6980.0,20000.0,765600.0
738,2021-10-05 02:59:25,6980.0,500.0,745600.0
739,2021-10-05 02:59:25,6980.0,100.0,745100.0
740,2021-10-05 02:59:25,6980.0,5000.0,745000.0
741,2021-10-05 02:59:25,6980.0,7400.0,740000.0
742,2021-10-05 02:59:25,6970.0,1000.0,732600.0
743,2021-10-05 02:59:25,6970.0,4400.0,731600.0
744,2021-10-05 02:59:25,6970.0,100.0,727200.0
745,2021-10-05 02:59:25,6970.0,1000.0,727100.0
746,2021-10-05 02:59:25,6970.0,1300.0,726100.0
747,2021-10-05 02:59:20,6970.0,500.0,724800.0
748,2021-10-05 02:59:20,6970.0,1000.0,724300.0
749,2021-10-05 02:59:20,6970.0,100.0,723300.0
750,2021-10-05 02:59:20,6970.0,500.0,723200.0
751,2021-10-05 02:58:52,6970.0,500.0,722700.0
752,2021-10-05 02:58:52,6970.0,100.0,722200.0
753,2021-10-05 02:57:59,6970.0,400.0,722100.0
754,2021-10-05 02:57:59,6970.0,200.0,721700.0
755,2021-10-05 02:56:46,6970.0,100.0,721500.0
756,2021-10-05 02:56:44,6960.0,5000.0,721400.0
757,2021-10-05 02:55:37,6970.0,3000.0,716400.0
758,2021-10-05 02:54:22,6970.0,100.0,713400.0
759,2021-10-05 02:54:00,6970.0,300.0,713300.0
760,2021-10-05 02:52:50,6970.0,200.0,713000.0
761,2021-10-05 02:52:50,6970.0,100.0,712800.0
762,2021-10-05 02:52:39,6970.0,1500.0,712700.0
763,2021-10-05 02:51:54,6970.0,2000.0,711200.0
764,2021-10-05 02:51:52,6970.0,500.0,709200.0
765,2021-10-05 02:50:33,6970.0,4200.0,708700.0
766,2021-10-05 02:50:10,6970.0,100.0,704500.0
767,2021-10-05 02:50:04,6970.0,200.0,704400.0
768,2021-10-05 02:49:52,6970.0,500.0,704200.0
769,2021-10-05 02:49:43,6970.0,500.0,703700.0
770,2021-10-05 02:48:47,6980.0,1000.0,703200.0
771,2021-10-05 02:48:08,6980.0,2000.0,702200.0
772,2021-10-05 02:47:53,6980.0,700.0,700200.0
773,2021-10-05 02:47:00,6980.0,5000.0,699500.0
774,2021-10-05 02:46:38,6980.0,200.0,694500.0
775,2021-10-05 02:46:26,6980.0,100.0,694300.0
776,2021-10-05 02:46:21,6950.0,600.0,694200.0
777,2021-10-05 02:46:21,6950.0,500.0,693600.0
778,2021-10-05 02:46:21,6950.0,200.0,693100.0
779,2021-10-05 02:46:21,6960.0,200.0,692900.0
780,2021-10-05 02:46:21,6960.0,100.0,692700.0
781,2021-10-05 02:46:21,6960.0,1000.0,692600.0
782,2021-10-05 02:46:21,6960.0,100.0,691600.0
783,2021-10-05 02:46:21,6960.0,200.0,691500.0
784,2021-10-05 02:46:21,6960.0,5000.0,691300.0
785,2021-10-05 02:46:21,6960.0,100.0,686300.0
786,2021-10-05 02:46:21,6970.0,1000.0,686200.0
787,2021-10-05 02:46:21,6970.0,100.0,685200.0
788,2021-10-05 02:46:21,6970.0,900.0,685100.0
789,2021-10-05 02:46:15,6980.0,300.0,684200.0
790,2021-10-05 02:45:49,6980.0,7500.0,683900.0
791,2021-10-05 02:45:34,6980.0,1000.0,676400.0
792,2021-10-05 02:45:08,6980.0,4800.0,675400.0
793,2021-10-05 02:45:08,6980.0,1000.0,670600.0
794,2021-10-05 02:45:08,6980.0,400.0,669600.0
795,2021-10-05 02:45:08,6980.0,500.0,669200.0
796,2021-10-05 02:45:08,6980.0,400.0,668700.0
797,2021-10-05 02:44:58,6980.0,100.0,668300.0
798,2021-10-05 02:44:16,6980.0,500.0,668200.0
799,2021-10-05 02:44:16,6980.0,500.0,667700.0
800,2021-10-05 02:43:01,6970.0,100.0,667200.0
801,2021-10-05 02:43:01,6970.0,1300.0,667100.0
802,2021-10-05 02:43:01,6970.0,1000.0,665800.0
803,2021-10-05 02:41:19,6970.0,100.0,664800.0
804,2021-10-05 02:41:05,6970.0,600.0,664700.0
805,2021-10-05 02:41:05,6970.0,8300.0,664100.0
806,2021-10-05 02:41:02,6970.0,10000.0,655800.0
807,2021-10-05 02:40:45,6960.0,100.0,645800.0
808,2021-10-05 02:40:40,6960.0,500.0,645700.0
809,2021-10-05 02:39:39,6960.0,200.0,645200.0
810,2021-10-05 02:39:39,6960.0,100.0,645000.0
811,2021-10-05 02:39:33,6960.0,300.0,644900.0
812,2021-10-05 02:39:31,6960.0,600.0,644600.0
813,2021-10-05 02:39:31,6960.0,9400.0,644000.0
814,2021-10-05 02:39:16,6960.0,100.0,634600.0
815,2021-10-05 02:39:16,6960.0,4500.0,634500.0
816,2021-10-05 02:38:38,6960.0,6000.0,630000.0
817,2021-10-05 02:38:36,6960.0,10000.0,624000.0
818,2021-10-05 02:38:22,6950.0,300.0,614000.0
819,2021-10-05 02:38:22,6950.0,1000.0,613700.0
820,2021-10-05 02:38:22,6950.0,1000.0,612700.0
821,2021-10-05 02:38:22,6950.0,300.0,611700.0
822,2021-10-05 02:38:22,6950.0,500.0,611400.0
823,2021-10-05 02:38:22,6950.0,1000.0,610900.0
824,2021-10-05 02:38:22,6950.0,23100.0,609900.0
825,2021-10-05 02:38:15,6960.0,6800.0,586800.0
826,2021-10-05 02:38:15,6960.0,2400.0,580000.0
827,2021-10-05 02:38:06,6950.0,5000.0,577600.0
828,2021-10-05 02:38:03,6960.0,200.0,572600.0
829,2021-10-05 02:37:54,6960.0,3000.0,572400.0
830,2021-10-05 02:37:18,6950.0,1000.0,569400.0
831,2021-10-05 02:36:23,6950.0,700.0,568400.0
832,2021-10-05 02:36:05,6960.0,400.0,567700.0
833,2021-10-05 02:35:39,6960.0,3200.0,567300.0
834,2021-10-05 02:35:39,6960.0,800.0,564100.0
835,2021-10-05 02:35:30,6960.0,1000.0,563300.0
836,2021-10-05 02:35:30,6960.0,1000.0,562300.0
837,2021-10-05 02:35:30,6960.0,2200.0,561300.0
838,2021-10-05 02:35:29,6960.0,2000.0,559100.0
839,2021-10-05 02:35:15,6960.0,2000.0,557100.0
840,2021-10-05 02:35:05,6950.0,200.0,555100.0
841,2021-10-05 02:35:05,6950.0,800.0,554900.0
842,2021-10-05 02:34:31,6950.0,200.0,554100.0
843,2021-10-05 02:34:31,6950.0,100.0,553900.0
844,2021-10-05 02:34:31,6950.0,300.0,553800.0
845,2021-10-05 02:34:00,6950.0,1000.0,553500.0
846,2021-10-05 02:33:56,6950.0,600.0,552500.0
847,2021-10-05 02:33:44,6960.0,12000.0,551900.0
848,2021-10-05 02:33:17,6960.0,1000.0,539900.0
849,2021-10-05 02:33:17,6960.0,3000.0,538900.0
850,2021-10-05 02:33:17,6960.0,1000.0,535900.0
851,2021-10-05 02:33:17,6960.0,5000.0,534900.0
852,2021-10-05 02:33:17,6960.0,500.0,529900.0
853,2021-10-05 02:33:17,6960.0,1300.0,529400.0
854,2021-10-05 02:32:55,6970.0,1000.0,528100.0
855,2021-10-05 02:32:40,6970.0,5000.0,527100.0
856,2021-10-05 02:32:28,6970.0,2000.0,522100.0
857,2021-10-05 02:32:20,6970.0,3600.0,520100.0
858,2021-10-05 02:32:20,6970.0,1000.0,516500.0
859,2021-10-05 02:32:20,6970.0,400.0,515500.0
860,2021-10-05 02:32:02,6970.0,100.0,515100.0
861,2021-10-05 02:31:39,6970.0,900.0,515000.0
862,2021-10-05 02:31:39,6970.0,100.0,514100.0
863,2021-10-05 02:31:16,6980.0,2000.0,514000.0
864,2021-10-05 02:30:59,6980.0,600.0,512000.0
865,2021-10-05 02:30:53,6980.0,5000.0,511400.0
866,2021-10-05 02:30:50,6980.0,100.0,506400.0
867,2021-10-05 02:30:50,6980.0,1000.0,506300.0
868,2021-10-05 02:30:50,6980.0,100.0,505300.0
869,2021-10-05 02:30:50,6980.0,2200.0,505200.0
870,2021-10-05 02:30:46,6980.0,4000.0,503000.0
871,2021-10-05 02:30:41,6980.0,1000.0,499000.0
872,2021-10-05 02:30:05,6980.0,19700.0,498000.0
873,2021-10-05 02:30:05,6970.0,100.0,478300.0
874,2021-10-05 02:29:52,6970.0,300.0,478200.0
875,2021-10-05 02:29:52,6970.0,100.0,477900.0
876,2021-10-05 02:29:52,6970.0,500.0,477800.0
877,2021-10-05 02:29:52,6970.0,7000.0,477300.0
878,2021-10-05 02:29:52,6970.0,3200.0,470300.0
879,2021-10-05 02:29:41,6980.0,100.0,467100.0
880,2021-10-05 02:29:41,6980.0,200.0,467000.0
881,2021-10-05 02:29:37,6990.0,100.0,466800.0
882,2021-10-05 02:28:28,6990.0,6900.0,466700.0
883,2021-10-05 02:28:28,6980.0,2000.0,459800.0
884,2021-10-05 02:28:28,6980.0,6100.0,457800.0
885,2021-10-05 02:28:22,6980.0,200.0,451700.0
886,2021-10-05 02:28:22,6980.0,6700.0,451500.0
887,2021-10-05 02:28:11,6980.0,3300.0,444800.0
888,2021-10-05 02:28:11,6980.0,100.0,441500.0
889,2021-10-05 02:28:11,6980.0,100.0,441400.0
890,2021-10-05 02:28:11,6980.0,1500.0,441300.0
891,2021-10-05 02:27:59,6980.0,500.0,439800.0
892,2021-10-05 02:27:34,6990.0,100.0,439300.0
893,2021-10-05 02:27:00,7000.0,1000.0,439200.0
894,2021-10-05 02:26:45,7000.0,1000.0,438200.0
895,2021-10-05 02:26:39,7000.0,100.0,437200.0
896,2021-10-05 02:26:39,7000.0,900.0,437100.0
897,2021-10-05 02:26:26,7000.0,200.0,436200.0
898,2021-10-05 02:26:06,7000.0,3900.0,436000.0
899,2021-10-05 02:26:06,7000.0,400.0,432100.0
900,2021-10-05 02:26:06,7000.0,1000.0,431700.0
901,2021-10-05 02:26:06,7000.0,200.0,430700.0
902,2021-10-05 02:26:06,7000.0,2000.0,430500.0
903,2021-10-05 02:26:06,7000.0,5000.0,428500.0
904,2021-10-05 02:26:06,7000.0,1000.0,423500.0
905,2021-10-05 02:26:06,7000.0,1500.0,422500.0
906,2021-10-05 02:25:46,6980.0,1000.0,421000.0
907,2021-10-05 02:25:25,7000.0,500.0,420000.0
908,2021-10-05 02:25:08,7000.0,1000.0,419500.0
909,2021-10-05 02:24:59,7000.0,1500.0,418500.0
910,2021-10-05 02:24:59,7000.0,4600.0,417000.0
911,2021-10-05 02:24:59,7000.0,1700.0,412400.0
912,2021-10-05 02:24:59,7000.0,2200.0,410700.0
913,2021-10-05 02:24:57,7010.0,200.0,408500.0
914,2021-10-05 02:24:54,7000.0,800.0,408300.0
915,2021-10-05 02:24:54,7000.0,200.0,407500.0
916,2021-10-05 02:24:53,7000.0,500.0,407300.0
917,2021-10-05 02:24:48,7000.0,1000.0,406800.0
918,2021-10-05 02:24:25,7000.0,5000.0,405800.0
919,2021-10-05 02:24:25,7000.0,1300.0,400800.0
920,2021-10-05 02:24:13,7000.0,2000.0,399500.0
921,2021-10-05 02:24:13,7000.0,2000.0,397500.0
922,2021-10-05 02:24:13,6990.0,8000.0,395500.0
923,2021-10-05 02:23:59,6990.0,5000.0,387500.0
924,2021-10-05 02:23:59,6990.0,1000.0,382500.0
925,2021-10-05 02:23:59,6990.0,200.0,381500.0
926,2021-10-05 02:23:59,6990.0,35800.0,381300.0
927,2021-10-05 02:23:57,7000.0,7000.0,345500.0
928,2021-10-05 02:23:49,7000.0,1000.0,338500.0
929,2021-10-05 02:23:23,6990.0,14200.0,337500.0
930,2021-10-05 02:23:23,6990.0,10000.0,323300.0
931,2021-10-05 02:23:23,7000.0,200.0,313300.0
932,2021-10-05 02:23:23,7000.0,1500.0,313100.0
933,2021-10-05 02:23:23,7000.0,700.0,311600.0
934,2021-10-05 02:23:23,7000.0,500.0,310900.0
935,2021-10-05 02:23:23,7000.0,1800.0,310400.0
936,2021-10-05 02:23:23,7000.0,200.0,308600.0
937,2021-10-05 02:23:23,7000.0,900.0,308400.0
938,2021-10-05 02:23:12,7010.0,3000.0,307500.0
939,2021-10-05 02:22:56,7000.0,9000.0,304500.0
940,2021-10-05 02:22:56,7010.0,1000.0,295500.0
941,2021-10-05 02:22:48,7010.0,1000.0,294500.0
942,2021-10-05 02:22:20,7020.0,6500.0,293500.0
943,2021-10-05 02:22:18,7020.0,6700.0,287000.0
944,2021-10-05 02:22:17,7020.0,300.0,280300.0
945,2021-10-05 02:22:17,7020.0,200.0,280000.0
946,2021-10-05 02:22:17,7020.0,100.0,279800.0
947,2021-10-05 02:22:17,7020.0,2700.0,279700.0
948,2021-10-05 02:21:35,7020.0,2000.0,277000.0
949,2021-10-05 02:21:34,7000.0,100.0,275000.0
950,2021-10-05 02:21:19,7020.0,300.0,274900.0
951,2021-10-05 02:20:29,7020.0,100.0,274600.0
952,2021-10-05 02:20:29,7020.0,2000.0,274500.0
953,2021-10-05 02:20:29,7020.0,500.0,272500.0
954,2021-10-05 02:20:29,7020.0,12400.0,272000.0
955,2021-10-05 02:19:44,7020.0,1000.0,259600.0
956,2021-10-05 02:19:35,7020.0,400.0,258600.0
957,2021-10-05 02:19:34,7020.0,100.0,258200.0
958,2021-10-05 02:19:31,7000.0,6100.0,258100.0
959,2021-10-05 02:19:30,7000.0,600.0,252000.0
960,2021-10-05 02:19:30,7000.0,10000.0,251400.0
961,2021-10-05 02:19:30,7000.0,100.0,241400.0
962,2021-10-05 02:19:30,7000.0,1500.0,241300.0
963,2021-10-05 02:19:30,7000.0,2000.0,239800.0
964,2021-10-05 02:19:30,7000.0,100.0,237800.0
965,2021-10-05 02:19:30,7000.0,2000.0,237700.0
966,2021-10-05 02:19:30,7000.0,1000.0,235700.0
967,2021-10-05 02:19:30,7000.0,200.0,234700.0
968,2021-10-05 02:19:30,7000.0,1000.0,234500.0
969,2021-10-05 02:19:30,7000.0,2000.0,233500.0
970,2021-10-05 02:19:30,7000.0,100.0,231500.0
971,2021-10-05 02:19:30,7010.0,1700.0,231400.0
972,2021-10-05 02:19:30,7010.0,1000.0,229700.0
973,2021-10-05 02:19:30,7010.0,100.0,228700.0
974,2021-10-05 02:19:30,7020.0,500.0,228600.0
975,2021-10-05 02:19:18,7020.0,200.0,228100.0
976,2021-10-05 02:19:15,7010.0,4000.0,227900.0
977,2021-10-05 02:19:08,7020.0,600.0,223900.0
978,2021-10-05 02:18:57,7010.0,900.0,223300.0
979,2021-10-05 02:18:55,7020.0,200.0,222400.0
980,2021-10-05 02:18:44,7060.0,3000.0,222200.0
981,2021-10-05 02:18:16,7060.0,19600.0,219200.0
982,2021-10-05 02:18:16,7060.0,500.0,199600.0
983,2021-10-05 02:18:16,7050.0,100.0,199100.0
984,2021-10-05 02:18:16,7050.0,9800.0,199000.0
985,2021-10-05 02:17:55,7050.0,100.0,189200.0
986,2021-10-05 02:17:54,7050.0,100.0,189100.0
987,2021-10-05 02:17:52,7050.0,5000.0,189000.0
988,2021-10-05 02:17:50,7060.0,500.0,184000.0
989,2021-10-05 02:17:43,7050.0,10000.0,183500.0
990,2021-10-05 02:17:31,7050.0,2500.0,173500.0
991,2021-10-05 02:17:23,7050.0,200.0,171000.0
992,2021-10-05 02:17:23,7050.0,3900.0,170800.0
993,2021-10-05 02:17:23,7050.0,100.0,166900.0
994,2021-10-05 02:17:23,7050.0,200.0,166800.0
995,2021-10-05 02:17:23,7050.0,100.0,166600.0
996,2021-10-05 02:17:23,7050.0,5000.0,166500.0
997,2021-10-05 02:17:23,7050.0,30000.0,161500.0
998,2021-10-05 02:17:23,7050.0,2400.0,131500.0
999,2021-10-05 02:17:23,7040.0,9500.0,129100.0
1000,2021-10-05 02:17:00,7040.0,500.0,119600.0
1001,2021-10-05 02:16:33,7050.0,2000.0,119100.0
1002,2021-10-05 02:16:22,7050.0,600.0,117100.0
1003,2021-10-05 02:16:02,7050.0,5000.0,116500.0
1004,2021-10-05 02:15:44,7060.0,1300.0,111500.0
1005,2021-10-05 02:15:17,7060.0,1000.0,110200.0
1006,2021-10-05 02:15:12,7000.0,900.0,109200.0
1007,2021-10-05 02:15:12,7000.0,2000.0,108300.0
1008,2021-10-05 02:15:12,7000.0,3000.0,106300.0
1009,2021-10-05 02:15:12,7050.0,100.0,103300.0
1010,2021-10-05 02:15:00,7050.0,100.0,103200.0
1011,2021-10-05 02:15:00,7050.0,1900.0,103100.0
1012,2021-10-05 02:15:00,7050.0,5000.0,101200.0
1013,2021-10-05 02:15:00,7050.0,6000.0,96200.0
1014,2021-10-05 02:15:00,7050.0,12100.0,90200.0
1015,2021-10-05 02:15:00,7050.0,7900.0,78100.0
1016,2021-10-05 02:15:00,7050.0,17100.0,70200.0
1017,2021-10-05 02:15:00,7050.0,500.0,53100.0
1018,2021-10-05 02:15:00,7050.0,1400.0,52600.0
1019,2021-10-05 02:15:00,7050.0,1000.0,51200.0
1020,2021-10-05 02:15:00,7050.0,2000.0,50200.0
1021,2021-10-05 02:15:00,7050.0,500.0,48200.0
1022,2021-10-05 02:15:00,7050.0,100.0,47700.0
1023,2021-10-05 02:15:00,7050.0,3800.0,47600.0
1024,2021-10-05 02:15:00,7050.0,1200.0,43800.0
1025,2021-10-05 02:15:00,7050.0,800.0,42600.0
1026,2021-10-05 02:15:00,7050.0,500.0,41800.0
1027,2021-10-05 02:15:00,7050.0,100.0,41300.0
1028,2021-10-05 02:15:00,7050.0,100.0,41200.0
1029,2021-10-05 02:15:00,7050.0,500.0,41100.0
1030,2021-10-05 02:15:00,7050.0,800.0,40600.0
1031,2021-10-05 02:15:00,7050.0,2000.0,39800.0
1032,2021-10-05 02:15:00,7050.0,100.0,37800.0
1033,2021-10-05 02:15:00,7050.0,100.0,37700.0
1034,2021-10-05 02:15:00,7050.0,500.0,37600.0
1035,2021-10-05 02:15:00,7050.0,600.0,37100.0
1036,2021-10-05 02:15:00,7050.0,500.0,36500.0
1037,2021-10-05 02:15:00,7050.0,100.0,36000.0
1038,2021-10-05 02:15:00,7050.0,300.0,35900.0
1039,2021-10-05 02:15:00,7050.0,300.0,35600.0
1040,2021-10-05 02:15:00,7050.0,1000.0,35300.0
1041,2021-10-05 02:15:00,7050.0,100.0,34300.0
1042,2021-10-05 02:15:00,7050.0,1000.0,34200.0
1043,2021-10-05 02:15:00,7050.0,10000.0,33200.0
1044,2021-10-05 02:15:00,7050.0,3000.0,23200.0
1045,2021-10-05 02:15:00,7050.0,1000.0,20200.0
1046,2021-10-05 02:15:00,7050.0,100.0,19200.0
1047,2021-10-05 02:15:00,7050.0,3200.0,19100.0
1048,2021-10-05 02:15:00,7050.0,1000.0,15900.0
1049,2021-10-05 02:15:00,7050.0,200.0,14900.0
1050,2021-10-05 02:15:00,7050.0,14000.0,14700.0
1051,2021-10-05 02:15:00,7050.0,300.0,700.0
1052,2021-10-05 02:15:00,7050.0,300.0,400.0
1053,2021-10-05 02:15:00,7050.0,100.0,100.0
