,Time,Price,Volume_per_trade,Volume
0,2021-10-22 07:45:01,7650.0,7100.0,5094900.0
1,2021-10-22 07:45:01,7650.0,5200.0,5087800.0
2,2021-10-22 07:45:01,7650.0,10000.0,5082600.0
3,2021-10-22 07:45:01,7650.0,20000.0,5072600.0
4,2021-10-22 07:45:01,7650.0,1500.0,5052600.0
5,2021-10-22 07:45:01,7650.0,5000.0,5051100.0
6,2021-10-22 07:45:01,7650.0,1500.0,5046100.0
7,2021-10-22 07:45:01,7650.0,6300.0,5044600.0
8,2021-10-22 07:45:01,7650.0,10000.0,5038300.0
9,2021-10-22 07:45:01,7650.0,4800.0,5028300.0
10,2021-10-22 07:45:01,7650.0,2000.0,5023500.0
11,2021-10-22 07:45:01,7650.0,13000.0,5021500.0
12,2021-10-22 07:45:01,7650.0,5000.0,5008500.0
13,2021-10-22 07:45:01,7650.0,4000.0,5003500.0
14,2021-10-22 07:45:01,7650.0,200.0,4999500.0
15,2021-10-22 07:45:01,7650.0,4400.0,4999300.0
16,2021-10-22 07:45:01,7650.0,500.0,4994900.0
17,2021-10-22 07:45:01,7650.0,100.0,4994400.0
18,2021-10-22 07:45:01,7650.0,3000.0,4994300.0
19,2021-10-22 07:45:01,7650.0,100.0,4991300.0
20,2021-10-22 07:45:01,7650.0,1900.0,4991200.0
21,2021-10-22 07:45:01,7650.0,100.0,4989300.0
22,2021-10-22 07:45:01,7650.0,15000.0,4989200.0
23,2021-10-22 07:45:01,7650.0,2000.0,4974200.0
24,2021-10-22 07:45:01,7650.0,4000.0,4972200.0
25,2021-10-22 07:45:01,7650.0,2000.0,4968200.0
26,2021-10-22 07:45:01,7650.0,4000.0,4966200.0
27,2021-10-22 07:45:01,7650.0,2000.0,4962200.0
28,2021-10-22 07:45:01,7650.0,100.0,4960200.0
29,2021-10-22 07:45:01,7650.0,5600.0,4960100.0
30,2021-10-22 07:45:01,7650.0,25300.0,4954500.0
31,2021-10-22 07:45:01,7650.0,100.0,4929200.0
32,2021-10-22 07:45:01,7650.0,100.0,4929100.0
33,2021-10-22 07:45:01,7650.0,500.0,4929000.0
34,2021-10-22 07:45:01,7650.0,500.0,4928500.0
35,2021-10-22 07:45:01,7650.0,1000.0,4928000.0
36,2021-10-22 07:45:01,7650.0,200.0,4927000.0
37,2021-10-22 07:45:01,7650.0,100.0,4926800.0
38,2021-10-22 07:45:01,7650.0,6000.0,4926700.0
39,2021-10-22 07:45:01,7650.0,1500.0,4920700.0
40,2021-10-22 07:45:01,7650.0,8000.0,4919200.0
41,2021-10-22 07:45:01,7650.0,1000.0,4911200.0
42,2021-10-22 07:45:01,7650.0,500.0,4910200.0
43,2021-10-22 07:45:01,7650.0,2000.0,4909700.0
44,2021-10-22 07:45:01,7650.0,3000.0,4907700.0
45,2021-10-22 07:45:01,7650.0,500.0,4904700.0
46,2021-10-22 07:45:01,7650.0,500.0,4904200.0
47,2021-10-22 07:45:01,7650.0,200.0,4903700.0
48,2021-10-22 07:45:01,7650.0,50000.0,4903500.0
49,2021-10-22 07:45:01,7650.0,2000.0,4853500.0
50,2021-10-22 07:45:01,7650.0,1000.0,4851500.0
51,2021-10-22 07:45:01,7650.0,300.0,4850500.0
52,2021-10-22 07:45:01,7650.0,1000.0,4850200.0
53,2021-10-22 07:45:01,7650.0,3000.0,4849200.0
54,2021-10-22 07:45:01,7650.0,9600.0,4846200.0
55,2021-10-22 07:45:01,7650.0,600.0,4836600.0
56,2021-10-22 07:45:01,7650.0,300.0,4836000.0
57,2021-10-22 07:45:01,7650.0,100.0,4835700.0
58,2021-10-22 07:45:01,7650.0,1000.0,4835600.0
59,2021-10-22 07:45:01,7650.0,1800.0,4834600.0
60,2021-10-22 07:45:01,7650.0,1000.0,4832800.0
61,2021-10-22 07:45:01,7650.0,400.0,4831800.0
62,2021-10-22 07:45:01,7650.0,50000.0,4831400.0
63,2021-10-22 07:29:50,7640.0,2000.0,4781400.0
64,2021-10-22 07:29:50,7640.0,100.0,4779400.0
65,2021-10-22 07:29:50,7640.0,900.0,4779300.0
66,2021-10-22 07:28:54,7640.0,1000.0,4778400.0
67,2021-10-22 07:28:23,7640.0,100.0,4777400.0
68,2021-10-22 07:28:23,7640.0,600.0,4777300.0
69,2021-10-22 07:28:23,7640.0,300.0,4776700.0
70,2021-10-22 07:28:23,7640.0,5000.0,4776400.0
71,2021-10-22 07:28:23,7640.0,10000.0,4771400.0
72,2021-10-22 07:28:23,7640.0,10000.0,4761400.0
73,2021-10-22 07:28:23,7640.0,6100.0,4751400.0
74,2021-10-22 07:28:10,7640.0,24000.0,4745300.0
75,2021-10-22 07:28:10,7630.0,500.0,4721300.0
76,2021-10-22 07:28:10,7630.0,4000.0,4720800.0
77,2021-10-22 07:28:10,7630.0,1000.0,4716800.0
78,2021-10-22 07:28:10,7630.0,800.0,4715800.0
79,2021-10-22 07:28:07,7630.0,500.0,4715000.0
80,2021-10-22 07:27:58,7630.0,200.0,4714500.0
81,2021-10-22 07:27:57,7630.0,3500.0,4714300.0
82,2021-10-22 07:27:57,7630.0,14400.0,4710800.0
83,2021-10-22 07:27:45,7630.0,1000.0,4696400.0
84,2021-10-22 07:27:38,7630.0,3000.0,4695400.0
85,2021-10-22 07:27:01,7630.0,1000.0,4692400.0
86,2021-10-22 07:27:01,7630.0,600.0,4691400.0
87,2021-10-22 07:25:56,7640.0,1700.0,4690800.0
88,2021-10-22 07:25:56,7630.0,300.0,4689100.0
89,2021-10-22 07:25:48,7630.0,400.0,4688800.0
90,2021-10-22 07:25:48,7630.0,9300.0,4688400.0
91,2021-10-22 07:25:18,7630.0,700.0,4679100.0
92,2021-10-22 07:25:14,7620.0,5000.0,4678400.0
93,2021-10-22 07:25:01,7630.0,800.0,4673400.0
94,2021-10-22 07:25:01,7630.0,100.0,4672600.0
95,2021-10-22 07:25:01,7630.0,100.0,4672500.0
96,2021-10-22 07:24:38,7630.0,2400.0,4672400.0
97,2021-10-22 07:24:38,7630.0,4600.0,4670000.0
98,2021-10-22 07:24:19,7630.0,100.0,4665400.0
99,2021-10-22 07:23:59,7630.0,200.0,4665300.0
100,2021-10-22 07:23:57,7630.0,5100.0,4665100.0
101,2021-10-22 07:23:57,7630.0,9500.0,4660000.0
102,2021-10-22 07:23:57,7630.0,500.0,4650500.0
103,2021-10-22 07:23:57,7630.0,1000.0,4650000.0
104,2021-10-22 07:23:57,7630.0,100.0,4649000.0
105,2021-10-22 07:23:57,7630.0,3800.0,4648900.0
106,2021-10-22 07:22:51,7630.0,200.0,4645100.0
107,2021-10-22 07:22:51,7630.0,600.0,4644900.0
108,2021-10-22 07:22:48,7630.0,400.0,4644300.0
109,2021-10-22 07:22:48,7630.0,1600.0,4643900.0
110,2021-10-22 07:22:36,7600.0,1000.0,4642300.0
111,2021-10-22 07:22:05,7630.0,900.0,4641300.0
112,2021-10-22 07:22:05,7630.0,3100.0,4640400.0
113,2021-10-22 07:22:05,7620.0,1000.0,4637300.0
114,2021-10-22 07:21:44,7630.0,600.0,4636300.0
115,2021-10-22 07:20:00,7630.0,1000.0,4635700.0
116,2021-10-22 07:18:59,7600.0,1000.0,4634700.0
117,2021-10-22 07:18:44,7600.0,200.0,4633700.0
118,2021-10-22 07:18:23,7600.0,200.0,4633500.0
119,2021-10-22 07:18:19,7600.0,400.0,4633300.0
120,2021-10-22 07:17:57,7600.0,300.0,4632900.0
121,2021-10-22 07:17:57,7600.0,46600.0,4632600.0
122,2021-10-22 07:17:43,7590.0,500.0,4586000.0
123,2021-10-22 07:17:34,7600.0,300.0,4585500.0
124,2021-10-22 07:17:32,7590.0,1000.0,4585200.0
125,2021-10-22 07:17:26,7590.0,5000.0,4584200.0
126,2021-10-22 07:17:23,7600.0,200.0,4579200.0
127,2021-10-22 07:17:01,7600.0,500.0,4579000.0
128,2021-10-22 07:16:42,7600.0,1000.0,4578500.0
129,2021-10-22 07:16:42,7600.0,7000.0,4577500.0
130,2021-10-22 07:16:42,7600.0,500.0,4570500.0
131,2021-10-22 07:16:42,7600.0,200.0,4570000.0
132,2021-10-22 07:16:42,7600.0,3000.0,4569800.0
133,2021-10-22 07:16:42,7600.0,400.0,4566800.0
134,2021-10-22 07:16:42,7600.0,1000.0,4566400.0
135,2021-10-22 07:16:42,7600.0,1500.0,4565400.0
136,2021-10-22 07:16:42,7600.0,1000.0,4563900.0
137,2021-10-22 07:16:42,7600.0,2000.0,4562900.0
138,2021-10-22 07:16:42,7600.0,200.0,4560900.0
139,2021-10-22 07:16:42,7600.0,400.0,4560700.0
140,2021-10-22 07:16:42,7600.0,5000.0,4560300.0
141,2021-10-22 07:16:42,7600.0,2400.0,4555300.0
142,2021-10-22 07:16:42,7600.0,5000.0,4552900.0
143,2021-10-22 07:16:42,7600.0,10000.0,4547900.0
144,2021-10-22 07:16:42,7600.0,600.0,4537900.0
145,2021-10-22 07:16:42,7600.0,500.0,4537300.0
146,2021-10-22 07:16:42,7600.0,20000.0,4536800.0
147,2021-10-22 07:16:42,7600.0,5200.0,4516800.0
148,2021-10-22 07:16:42,7600.0,1000.0,4511600.0
149,2021-10-22 07:16:42,7600.0,1000.0,4510600.0
150,2021-10-22 07:16:42,7600.0,2900.0,4509600.0
151,2021-10-22 07:16:42,7600.0,2500.0,4506700.0
152,2021-10-22 07:16:42,7600.0,10000.0,4504200.0
153,2021-10-22 07:16:42,7600.0,3600.0,4494200.0
154,2021-10-22 07:16:42,7600.0,200.0,4490600.0
155,2021-10-22 07:16:42,7600.0,100.0,4490400.0
156,2021-10-22 07:16:42,7600.0,1000.0,4490300.0
157,2021-10-22 07:16:42,7600.0,1000.0,4489300.0
158,2021-10-22 07:16:42,7600.0,4100.0,4488300.0
159,2021-10-22 07:16:42,7610.0,3000.0,4484200.0
160,2021-10-22 07:16:42,7610.0,1700.0,4481200.0
161,2021-10-22 07:16:42,7610.0,100.0,4479500.0
162,2021-10-22 07:16:42,7620.0,500.0,4479400.0
163,2021-10-22 07:16:42,7620.0,1800.0,4478900.0
164,2021-10-22 07:15:19,7630.0,1100.0,4477100.0
165,2021-10-22 07:14:35,7620.0,200.0,4476000.0
166,2021-10-22 07:14:35,7620.0,1000.0,4475800.0
167,2021-10-22 07:14:35,7620.0,100.0,4474800.0
168,2021-10-22 07:14:35,7620.0,200.0,4474700.0
169,2021-10-22 07:14:35,7620.0,500.0,4474500.0
170,2021-10-22 07:14:34,7620.0,1000.0,4474000.0
171,2021-10-22 07:14:31,7620.0,3100.0,4473000.0
172,2021-10-22 07:14:26,7620.0,5400.0,4469900.0
173,2021-10-22 07:14:26,7620.0,5000.0,4464500.0
174,2021-10-22 07:14:26,7620.0,4600.0,4459500.0
175,2021-10-22 07:14:11,7630.0,200.0,4454900.0
176,2021-10-22 07:13:53,7630.0,800.0,4454700.0
177,2021-10-22 07:13:43,7620.0,400.0,4453900.0
178,2021-10-22 07:13:43,7620.0,100.0,4453500.0
179,2021-10-22 07:13:43,7620.0,5000.0,4453400.0
180,2021-10-22 07:13:43,7620.0,1600.0,4448400.0
181,2021-10-22 07:13:25,7630.0,1000.0,4446800.0
182,2021-10-22 07:12:42,7630.0,2200.0,4445800.0
183,2021-10-22 07:12:42,7630.0,200.0,4443600.0
184,2021-10-22 07:12:39,7630.0,500.0,4443400.0
185,2021-10-22 07:12:14,7630.0,800.0,4442900.0
186,2021-10-22 07:12:07,7620.0,500.0,4442100.0
187,2021-10-22 07:12:06,7620.0,2900.0,4441600.0
188,2021-10-22 07:12:06,7620.0,2100.0,4438700.0
189,2021-10-22 07:11:56,7630.0,300.0,4436600.0
190,2021-10-22 07:11:51,7630.0,2000.0,4436300.0
191,2021-10-22 07:11:51,7630.0,2000.0,4434300.0
192,2021-10-22 07:11:51,7630.0,200.0,4432300.0
193,2021-10-22 07:11:51,7630.0,500.0,4432100.0
194,2021-10-22 07:11:51,7630.0,200.0,4431600.0
195,2021-10-22 07:11:51,7630.0,1000.0,4431400.0
196,2021-10-22 07:11:51,7630.0,2000.0,4430400.0
197,2021-10-22 07:11:51,7630.0,2000.0,4428400.0
198,2021-10-22 07:11:51,7630.0,74900.0,4426400.0
199,2021-10-22 07:11:34,7630.0,300.0,4351500.0
200,2021-10-22 07:11:29,7630.0,24800.0,4351200.0
201,2021-10-22 07:11:29,7630.0,5000.0,4326400.0
202,2021-10-22 07:11:29,7630.0,200.0,4321400.0
203,2021-10-22 07:11:11,7640.0,100.0,4321200.0
204,2021-10-22 07:10:50,7640.0,1000.0,4321100.0
205,2021-10-22 07:10:50,7640.0,6000.0,4320100.0
206,2021-10-22 07:10:50,7640.0,700.0,4314100.0
207,2021-10-22 07:10:50,7640.0,200.0,4313400.0
208,2021-10-22 07:10:50,7640.0,1000.0,4313200.0
209,2021-10-22 07:10:50,7640.0,6500.0,4312200.0
210,2021-10-22 07:10:50,7640.0,2700.0,4305700.0
211,2021-10-22 07:10:45,7640.0,500.0,4303000.0
212,2021-10-22 07:10:32,7650.0,500.0,4302500.0
213,2021-10-22 07:10:02,7640.0,5800.0,4302000.0
214,2021-10-22 07:09:55,7640.0,1000.0,4296200.0
215,2021-10-22 07:09:46,7640.0,5000.0,4295200.0
216,2021-10-22 07:09:46,7640.0,18000.0,4290200.0
217,2021-10-22 07:09:43,7640.0,1000.0,4272200.0
218,2021-10-22 07:09:38,7640.0,400.0,4271200.0
219,2021-10-22 07:09:32,7640.0,10000.0,4270800.0
220,2021-10-22 07:09:26,7640.0,1000.0,4260800.0
221,2021-10-22 07:09:20,7640.0,2400.0,4259800.0
222,2021-10-22 07:09:10,7640.0,2000.0,4257400.0
223,2021-10-22 07:08:40,7640.0,900.0,4255400.0
224,2021-10-22 07:08:35,7640.0,1000.0,4254500.0
225,2021-10-22 07:08:35,7640.0,10000.0,4253500.0
226,2021-10-22 07:08:35,7640.0,100.0,4243500.0
227,2021-10-22 07:08:35,7640.0,100.0,4243400.0
228,2021-10-22 07:08:35,7640.0,3100.0,4243300.0
229,2021-10-22 07:08:29,7650.0,2000.0,4240200.0
230,2021-10-22 07:08:01,7650.0,1200.0,4238200.0
231,2021-10-22 07:08:01,7650.0,1800.0,4237000.0
232,2021-10-22 07:07:51,7650.0,18900.0,4235200.0
233,2021-10-22 07:07:40,7650.0,100.0,4216300.0
234,2021-10-22 07:07:31,7650.0,100.0,4216200.0
235,2021-10-22 07:07:06,7650.0,200.0,4216100.0
236,2021-10-22 07:06:48,7640.0,1900.0,4215900.0
237,2021-10-22 07:06:48,7640.0,2500.0,4214000.0
238,2021-10-22 07:06:48,7640.0,500.0,4211500.0
239,2021-10-22 07:06:48,7640.0,100.0,4211000.0
240,2021-10-22 07:06:36,7650.0,1000.0,4210900.0
241,2021-10-22 07:06:08,7650.0,300.0,4209900.0
242,2021-10-22 07:06:08,7650.0,1000.0,4209600.0
243,2021-10-22 07:06:08,7650.0,1000.0,4208600.0
244,2021-10-22 07:06:08,7650.0,1000.0,4207600.0
245,2021-10-22 07:06:08,7650.0,100.0,4206600.0
246,2021-10-22 07:06:08,7650.0,1000.0,4206500.0
247,2021-10-22 07:06:08,7650.0,200.0,4205500.0
248,2021-10-22 07:06:08,7650.0,3300.0,4205300.0
249,2021-10-22 07:05:43,7650.0,7700.0,4202000.0
250,2021-10-22 07:05:40,7650.0,2000.0,4194300.0
251,2021-10-22 07:04:13,7660.0,200.0,4192300.0
252,2021-10-22 07:04:13,7660.0,1200.0,4192100.0
253,2021-10-22 07:04:13,7660.0,3600.0,4190900.0
254,2021-10-22 07:03:46,7660.0,5000.0,4187300.0
255,2021-10-22 07:03:25,7650.0,7000.0,4182300.0
256,2021-10-22 07:03:25,7650.0,5000.0,4175300.0
257,2021-10-22 07:03:25,7650.0,500.0,4170300.0
258,2021-10-22 07:03:25,7650.0,300.0,4169800.0
259,2021-10-22 07:03:25,7650.0,500.0,4169500.0
260,2021-10-22 07:03:25,7650.0,1000.0,4169000.0
261,2021-10-22 07:03:25,7650.0,200.0,4168000.0
262,2021-10-22 07:03:25,7650.0,500.0,4167800.0
263,2021-10-22 07:03:25,7650.0,100.0,4167300.0
264,2021-10-22 07:03:25,7650.0,100.0,4167200.0
265,2021-10-22 07:03:25,7650.0,4800.0,4167100.0
266,2021-10-22 07:03:12,7660.0,100.0,4162300.0
267,2021-10-22 07:02:46,7650.0,5200.0,4162200.0
268,2021-10-22 07:02:46,7650.0,500.0,4157000.0
269,2021-10-22 07:02:46,7650.0,4300.0,4156500.0
270,2021-10-22 07:01:11,7660.0,500.0,4152200.0
271,2021-10-22 07:01:10,7660.0,600.0,4151700.0
272,2021-10-22 07:01:02,7660.0,200.0,4151100.0
273,2021-10-22 07:00:53,7660.0,4800.0,4150900.0
274,2021-10-22 07:00:50,7660.0,200.0,4146100.0
275,2021-10-22 07:00:26,7660.0,300.0,4145900.0
276,2021-10-22 07:00:26,7660.0,200.0,4145600.0
277,2021-10-22 07:00:12,7660.0,800.0,4145400.0
278,2021-10-22 07:00:12,7660.0,4200.0,4144600.0
279,2021-10-22 07:00:08,7660.0,800.0,4140400.0
280,2021-10-22 07:00:00,7660.0,300.0,4139600.0
281,2021-10-22 07:00:00,7660.0,900.0,4139300.0
282,2021-10-22 06:59:38,7660.0,500.0,4138400.0
283,2021-10-22 06:59:38,7660.0,500.0,4137900.0
284,2021-10-22 06:59:38,7660.0,100.0,4137400.0
285,2021-10-22 06:59:33,7660.0,500.0,4137300.0
286,2021-10-22 06:59:27,7650.0,700.0,4136800.0
287,2021-10-22 06:59:27,7650.0,400.0,4136100.0
288,2021-10-22 06:59:27,7650.0,2000.0,4135700.0
289,2021-10-22 06:59:27,7650.0,500.0,4133700.0
290,2021-10-22 06:59:14,7660.0,300.0,4133200.0
291,2021-10-22 06:58:59,7660.0,100.0,4132900.0
292,2021-10-22 06:58:53,7660.0,100.0,4132800.0
293,2021-10-22 06:58:52,7660.0,200.0,4132700.0
294,2021-10-22 06:58:34,7660.0,100.0,4132500.0
295,2021-10-22 06:58:34,7660.0,5000.0,4132400.0
296,2021-10-22 06:58:34,7660.0,3600.0,4127400.0
297,2021-10-22 06:58:29,7660.0,400.0,4123800.0
298,2021-10-22 06:57:52,7670.0,2000.0,4123400.0
299,2021-10-22 06:57:47,7670.0,2000.0,4121400.0
300,2021-10-22 06:57:44,7660.0,700.0,4119400.0
301,2021-10-22 06:57:43,7670.0,800.0,4118700.0
302,2021-10-22 06:57:43,7670.0,500.0,4117900.0
303,2021-10-22 06:57:43,7670.0,500.0,4117400.0
304,2021-10-22 06:57:38,7670.0,100.0,4116900.0
305,2021-10-22 06:57:26,7670.0,1000.0,4116800.0
306,2021-10-22 06:57:26,7670.0,1000.0,4115800.0
307,2021-10-22 06:57:26,7670.0,600.0,4114800.0
308,2021-10-22 06:57:26,7670.0,200.0,4114200.0
309,2021-10-22 06:57:26,7670.0,6600.0,4114000.0
310,2021-10-22 06:57:24,7660.0,300.0,4107400.0
311,2021-10-22 06:57:24,7660.0,100.0,4107100.0
312,2021-10-22 06:57:24,7660.0,100.0,4107000.0
313,2021-10-22 06:57:13,7660.0,400.0,4106900.0
314,2021-10-22 06:57:13,7660.0,22000.0,4106500.0
315,2021-10-22 06:57:13,7660.0,8800.0,4084500.0
316,2021-10-22 06:56:33,7670.0,1400.0,4075700.0
317,2021-10-22 06:56:33,7670.0,100.0,4074300.0
318,2021-10-22 06:56:33,7670.0,500.0,4074200.0
319,2021-10-22 06:56:23,7660.0,1200.0,4073700.0
320,2021-10-22 06:56:23,7660.0,5000.0,4072500.0
321,2021-10-22 06:55:51,7670.0,500.0,4067500.0
322,2021-10-22 06:55:51,7670.0,400.0,4067000.0
323,2021-10-22 06:55:51,7670.0,1500.0,4066600.0
324,2021-10-22 06:55:51,7660.0,600.0,4065100.0
325,2021-10-22 06:55:36,7660.0,1000.0,4064500.0
326,2021-10-22 06:55:36,7660.0,200.0,4063500.0
327,2021-10-22 06:55:13,7660.0,1000.0,4063300.0
328,2021-10-22 06:55:13,7660.0,1600.0,4062300.0
329,2021-10-22 06:55:13,7660.0,500.0,4060700.0
330,2021-10-22 06:55:13,7660.0,600.0,4060200.0
331,2021-10-22 06:55:13,7660.0,4500.0,4059600.0
332,2021-10-22 06:54:51,7660.0,100.0,4055100.0
333,2021-10-22 06:54:47,7660.0,5400.0,4055000.0
334,2021-10-22 06:54:47,7660.0,100.0,4049600.0
335,2021-10-22 06:54:47,7660.0,100.0,4049500.0
336,2021-10-22 06:54:47,7660.0,1000.0,4049400.0
337,2021-10-22 06:54:47,7660.0,100.0,4048400.0
338,2021-10-22 06:54:47,7660.0,1300.0,4048300.0
339,2021-10-22 06:54:47,7660.0,100.0,4047000.0
340,2021-10-22 06:54:47,7660.0,100.0,4046900.0
341,2021-10-22 06:54:47,7660.0,200.0,4046800.0
342,2021-10-22 06:54:47,7660.0,1600.0,4046600.0
343,2021-10-22 06:54:36,7670.0,500.0,4045000.0
344,2021-10-22 06:54:07,7670.0,3000.0,4044500.0
345,2021-10-22 06:54:04,7660.0,500.0,4041500.0
346,2021-10-22 06:54:02,7660.0,500.0,4041000.0
347,2021-10-22 06:53:42,7660.0,400.0,4040500.0
348,2021-10-22 06:53:42,7660.0,1600.0,4040100.0
349,2021-10-22 06:52:58,7670.0,2000.0,4038500.0
350,2021-10-22 06:52:57,7670.0,1000.0,4036500.0
351,2021-10-22 06:52:23,7680.0,7900.0,4035500.0
352,2021-10-22 06:52:23,7680.0,500.0,4027600.0
353,2021-10-22 06:52:23,7680.0,5000.0,4027100.0
354,2021-10-22 06:52:23,7680.0,3000.0,4022100.0
355,2021-10-22 06:52:23,7680.0,500.0,4019100.0
356,2021-10-22 06:52:23,7680.0,2000.0,4018600.0
357,2021-10-22 06:52:23,7680.0,33000.0,4016600.0
358,2021-10-22 06:52:23,7680.0,13100.0,3983600.0
359,2021-10-22 06:52:23,7670.0,100.0,3970500.0
360,2021-10-22 06:52:23,7670.0,4900.0,3970400.0
361,2021-10-22 06:52:16,7670.0,100.0,3965500.0
362,2021-10-22 06:51:41,7680.0,200.0,3965400.0
363,2021-10-22 06:51:41,7670.0,1800.0,3965200.0
364,2021-10-22 06:51:24,7670.0,700.0,3963400.0
365,2021-10-22 06:51:23,7670.0,900.0,3962700.0
366,2021-10-22 06:51:23,7670.0,100.0,3961800.0
367,2021-10-22 06:51:20,7670.0,1000.0,3961700.0
368,2021-10-22 06:50:49,7670.0,1000.0,3960700.0
369,2021-10-22 06:50:49,7670.0,5000.0,3959700.0
370,2021-10-22 06:50:49,7670.0,500.0,3954700.0
371,2021-10-22 06:50:49,7670.0,5000.0,3954200.0
372,2021-10-22 06:50:49,7670.0,2000.0,3949200.0
373,2021-10-22 06:50:49,7670.0,500.0,3947200.0
374,2021-10-22 06:50:49,7670.0,5000.0,3946700.0
375,2021-10-22 06:50:49,7670.0,5000.0,3941700.0
376,2021-10-22 06:50:49,7670.0,4900.0,3936700.0
377,2021-10-22 06:50:47,7660.0,100.0,3931800.0
378,2021-10-22 06:50:37,7660.0,1000.0,3931700.0
379,2021-10-22 06:50:32,7670.0,100.0,3930700.0
380,2021-10-22 06:50:32,7670.0,900.0,3930600.0
381,2021-10-22 06:50:22,7660.0,2300.0,3929700.0
382,2021-10-22 06:50:22,7660.0,700.0,3927400.0
383,2021-10-22 06:49:54,7660.0,1000.0,3926700.0
384,2021-10-22 06:49:54,7670.0,2000.0,3925700.0
385,2021-10-22 06:49:13,7670.0,1000.0,3923700.0
386,2021-10-22 06:49:09,7670.0,2600.0,3922700.0
387,2021-10-22 06:49:09,7670.0,100.0,3920100.0
388,2021-10-22 06:49:09,7670.0,300.0,3920000.0
389,2021-10-22 06:48:43,7670.0,100.0,3919700.0
390,2021-10-22 06:48:37,7670.0,300.0,3919600.0
391,2021-10-22 06:48:11,7670.0,1300.0,3919300.0
392,2021-10-22 06:48:11,7670.0,700.0,3918000.0
393,2021-10-22 06:47:45,7670.0,1000.0,3917300.0
394,2021-10-22 06:47:26,7670.0,1300.0,3916300.0
395,2021-10-22 06:47:26,7670.0,700.0,3915000.0
396,2021-10-22 06:47:15,7670.0,9300.0,3914300.0
397,2021-10-22 06:47:03,7670.0,700.0,3905000.0
398,2021-10-22 06:47:03,7670.0,1000.0,3904300.0
399,2021-10-22 06:47:03,7670.0,100.0,3903300.0
400,2021-10-22 06:47:03,7670.0,800.0,3903200.0
401,2021-10-22 06:47:03,7670.0,100.0,3902400.0
402,2021-10-22 06:47:03,7670.0,300.0,3902300.0
403,2021-10-22 06:46:50,7680.0,700.0,3902000.0
404,2021-10-22 06:46:38,7670.0,100.0,3901300.0
405,2021-10-22 06:46:26,7670.0,100.0,3901200.0
406,2021-10-22 06:46:25,7670.0,500.0,3901100.0
407,2021-10-22 06:46:20,7670.0,200.0,3900600.0
408,2021-10-22 06:45:54,7670.0,800.0,3900400.0
409,2021-10-22 06:45:54,7670.0,9200.0,3899600.0
410,2021-10-22 06:45:52,7680.0,1200.0,3890400.0
411,2021-10-22 06:45:51,7670.0,5000.0,3889200.0
412,2021-10-22 06:44:43,7670.0,800.0,3884200.0
413,2021-10-22 06:44:43,7670.0,200.0,3883400.0
414,2021-10-22 06:43:56,7670.0,300.0,3883200.0
415,2021-10-22 06:43:56,7670.0,200.0,3882900.0
416,2021-10-22 06:43:46,7670.0,300.0,3882700.0
417,2021-10-22 06:43:46,7660.0,300.0,3882400.0
418,2021-10-22 06:43:27,7670.0,500.0,3882100.0
419,2021-10-22 06:43:26,7670.0,5000.0,3881600.0
420,2021-10-22 06:43:09,7670.0,100.0,3876600.0
421,2021-10-22 06:43:09,7670.0,1400.0,3876500.0
422,2021-10-22 06:43:08,7670.0,500.0,3875100.0
423,2021-10-22 06:43:01,7670.0,1000.0,3874600.0
424,2021-10-22 06:43:01,7670.0,20000.0,3873600.0
425,2021-10-22 06:43:01,7670.0,5000.0,3853600.0
426,2021-10-22 06:43:01,7670.0,100.0,3848600.0
427,2021-10-22 06:42:54,7680.0,4000.0,3848500.0
428,2021-10-22 06:42:54,7680.0,300.0,3844500.0
429,2021-10-22 06:42:54,7680.0,11600.0,3844200.0
430,2021-10-22 06:42:54,7680.0,1000.0,3832600.0
431,2021-10-22 06:42:54,7680.0,500.0,3831600.0
432,2021-10-22 06:42:54,7680.0,3900.0,3831100.0
433,2021-10-22 06:42:54,7680.0,13500.0,3827200.0
434,2021-10-22 06:42:48,7680.0,100.0,3813700.0
435,2021-10-22 06:42:46,7680.0,8000.0,3813600.0
436,2021-10-22 06:42:44,7680.0,300.0,3805600.0
437,2021-10-22 06:42:38,7680.0,10000.0,3805300.0
438,2021-10-22 06:42:01,7690.0,3800.0,3795300.0
439,2021-10-22 06:41:42,7680.0,2000.0,3791500.0
440,2021-10-22 06:41:31,7680.0,100.0,3789500.0
441,2021-10-22 06:40:56,7680.0,1000.0,3789400.0
442,2021-10-22 06:40:32,7680.0,10000.0,3788400.0
443,2021-10-22 06:40:25,7680.0,3000.0,3778400.0
444,2021-10-22 06:40:00,7670.0,900.0,3775400.0
445,2021-10-22 06:40:00,7670.0,300.0,3774500.0
446,2021-10-22 06:40:00,7670.0,300.0,3774200.0
447,2021-10-22 06:40:00,7670.0,1000.0,3773900.0
448,2021-10-22 06:40:00,7680.0,2500.0,3772900.0
449,2021-10-22 06:39:42,7700.0,1400.0,3770400.0
450,2021-10-22 06:39:42,7700.0,1000.0,3769000.0
451,2021-10-22 06:39:42,7700.0,2000.0,3768000.0
452,2021-10-22 06:39:42,7700.0,1400.0,3766000.0
453,2021-10-22 06:39:42,7700.0,3000.0,3764600.0
454,2021-10-22 06:39:42,7700.0,10000.0,3761600.0
455,2021-10-22 06:39:42,7700.0,500.0,3751600.0
456,2021-10-22 06:39:42,7700.0,1000.0,3751100.0
457,2021-10-22 06:39:42,7700.0,4700.0,3750100.0
458,2021-10-22 06:38:42,7700.0,10300.0,3745400.0
459,2021-10-22 06:38:42,7690.0,500.0,3735100.0
460,2021-10-22 06:38:42,7690.0,2000.0,3734600.0
461,2021-10-22 06:38:42,7680.0,4800.0,3732600.0
462,2021-10-22 06:38:23,7680.0,1000.0,3727800.0
463,2021-10-22 06:38:23,7680.0,5000.0,3726800.0
464,2021-10-22 06:38:23,7680.0,2300.0,3721800.0
465,2021-10-22 06:38:23,7680.0,1300.0,3719500.0
466,2021-10-22 06:38:23,7690.0,300.0,3718200.0
467,2021-10-22 06:38:23,7690.0,500.0,3717900.0
468,2021-10-22 06:38:23,7690.0,2800.0,3717400.0
469,2021-10-22 06:38:14,7690.0,1000.0,3714600.0
470,2021-10-22 06:38:06,7700.0,8000.0,3713600.0
471,2021-10-22 06:38:06,7700.0,20000.0,3705600.0
472,2021-10-22 06:38:06,7700.0,2000.0,3685600.0
473,2021-10-22 06:38:06,7700.0,1000.0,3683600.0
474,2021-10-22 06:38:06,7700.0,1000.0,3682600.0
475,2021-10-22 06:38:06,7700.0,300.0,3681600.0
476,2021-10-22 06:38:06,7700.0,300.0,3681300.0
477,2021-10-22 06:38:06,7700.0,700.0,3681000.0
478,2021-10-22 06:38:06,7700.0,100.0,3680300.0
479,2021-10-22 06:38:06,7690.0,1000.0,3680200.0
480,2021-10-22 06:38:06,7690.0,5000.0,3679200.0
481,2021-10-22 06:38:06,7690.0,1000.0,3674200.0
482,2021-10-22 06:38:06,7690.0,600.0,3673200.0
483,2021-10-22 06:38:06,7690.0,2000.0,3672600.0
484,2021-10-22 06:38:06,7690.0,500.0,3670600.0
485,2021-10-22 06:38:06,7690.0,100.0,3670100.0
486,2021-10-22 06:38:06,7690.0,200.0,3670000.0
487,2021-10-22 06:38:06,7690.0,1000.0,3669800.0
488,2021-10-22 06:38:06,7690.0,200.0,3668800.0
489,2021-10-22 06:38:06,7690.0,5000.0,3668600.0
490,2021-10-22 06:37:54,7690.0,700.0,3663600.0
491,2021-10-22 06:36:51,7690.0,4300.0,3662900.0
492,2021-10-22 06:36:51,7690.0,2000.0,3658600.0
493,2021-10-22 06:36:51,7690.0,1000.0,3656600.0
494,2021-10-22 06:36:51,7690.0,200.0,3655600.0
495,2021-10-22 06:36:51,7690.0,12000.0,3655400.0
496,2021-10-22 06:36:51,7680.0,9500.0,3643400.0
497,2021-10-22 06:36:51,7680.0,500.0,3633900.0
498,2021-10-22 06:36:51,7680.0,700.0,3633400.0
499,2021-10-22 06:36:50,7680.0,200.0,3632700.0
500,2021-10-22 06:36:36,7680.0,800.0,3632500.0
501,2021-10-22 06:36:36,7680.0,1100.0,3631700.0
502,2021-10-22 06:36:34,7670.0,1000.0,3630600.0
503,2021-10-22 06:36:34,7670.0,900.0,3629600.0
504,2021-10-22 06:36:31,7680.0,1500.0,3628700.0
505,2021-10-22 06:36:29,7680.0,3000.0,3627200.0
506,2021-10-22 06:36:24,7680.0,1300.0,3624200.0
507,2021-10-22 06:36:23,7670.0,100.0,3622900.0
508,2021-10-22 06:36:23,7670.0,900.0,3622800.0
509,2021-10-22 06:36:06,7680.0,20100.0,3621900.0
510,2021-10-22 06:35:56,7690.0,6000.0,3601800.0
511,2021-10-22 06:35:56,7690.0,3000.0,3595800.0
512,2021-10-22 06:35:56,7690.0,1000.0,3592800.0
513,2021-10-22 06:35:26,7680.0,2000.0,3591800.0
514,2021-10-22 06:35:26,7680.0,2000.0,3589800.0
515,2021-10-22 06:35:26,7680.0,1000.0,3587800.0
516,2021-10-22 06:35:26,7680.0,200.0,3586800.0
517,2021-10-22 06:35:26,7680.0,200.0,3586600.0
518,2021-10-22 06:35:26,7680.0,2000.0,3586400.0
519,2021-10-22 06:35:26,7680.0,1000.0,3584400.0
520,2021-10-22 06:35:26,7680.0,1000.0,3583400.0
521,2021-10-22 06:35:26,7680.0,400.0,3582400.0
522,2021-10-22 06:35:26,7680.0,1000.0,3582000.0
523,2021-10-22 06:35:26,7680.0,300.0,3581000.0
524,2021-10-22 06:35:26,7680.0,100.0,3580700.0
525,2021-10-22 06:35:26,7680.0,100.0,3580600.0
526,2021-10-22 06:35:26,7680.0,500.0,3580500.0
527,2021-10-22 06:35:26,7680.0,10000.0,3580000.0
528,2021-10-22 06:35:26,7680.0,1100.0,3570000.0
529,2021-10-22 06:35:26,7680.0,1000.0,3568900.0
530,2021-10-22 06:35:26,7680.0,100.0,3567900.0
531,2021-10-22 06:35:26,7680.0,200.0,3567800.0
532,2021-10-22 06:35:26,7680.0,5000.0,3567600.0
533,2021-10-22 06:35:26,7680.0,1700.0,3562600.0
534,2021-10-22 06:35:16,7680.0,2500.0,3560900.0
535,2021-10-22 06:34:57,7680.0,5800.0,3558400.0
536,2021-10-22 06:34:57,7680.0,500.0,3552600.0
537,2021-10-22 06:34:57,7680.0,5000.0,3552100.0
538,2021-10-22 06:34:57,7680.0,700.0,3547100.0
539,2021-10-22 06:34:57,7680.0,3000.0,3546400.0
540,2021-10-22 06:34:55,7670.0,100.0,3543400.0
541,2021-10-22 06:34:55,7670.0,900.0,3543300.0
542,2021-10-22 06:34:50,7680.0,4900.0,3542400.0
543,2021-10-22 06:34:49,7670.0,1000.0,3537500.0
544,2021-10-22 06:34:43,7680.0,2000.0,3536500.0
545,2021-10-22 06:34:40,7680.0,100.0,3534500.0
546,2021-10-22 06:34:21,7670.0,200.0,3534400.0
547,2021-10-22 06:34:01,7670.0,1000.0,3534200.0
548,2021-10-22 06:34:01,7670.0,200.0,3533200.0
549,2021-10-22 06:34:01,7670.0,3000.0,3533000.0
550,2021-10-22 06:34:01,7670.0,8700.0,3530000.0
551,2021-10-22 06:33:56,7670.0,30000.0,3521300.0
552,2021-10-22 06:33:47,7670.0,1300.0,3491300.0
553,2021-10-22 06:33:47,7670.0,2000.0,3490000.0
554,2021-10-22 06:33:47,7670.0,4700.0,3488000.0
555,2021-10-22 06:33:39,7670.0,300.0,3483300.0
556,2021-10-22 06:33:39,7670.0,300.0,3483000.0
557,2021-10-22 06:33:39,7670.0,9400.0,3482700.0
558,2021-10-22 06:33:39,7670.0,600.0,3473300.0
559,2021-10-22 06:33:39,7670.0,2800.0,3472700.0
560,2021-10-22 06:33:39,7670.0,1000.0,3469900.0
561,2021-10-22 06:33:39,7670.0,1000.0,3468900.0
562,2021-10-22 06:33:39,7670.0,10100.0,3467900.0
563,2021-10-22 06:33:38,7670.0,900.0,3457800.0
564,2021-10-22 06:33:38,7670.0,100.0,3456900.0
565,2021-10-22 06:33:28,7670.0,200.0,3456800.0
566,2021-10-22 06:33:22,7670.0,100.0,3456600.0
567,2021-10-22 06:33:15,7670.0,100.0,3456500.0
568,2021-10-22 06:33:14,7670.0,500.0,3456400.0
569,2021-10-22 06:33:14,7670.0,1000.0,3455900.0
570,2021-10-22 06:33:14,7670.0,300.0,3454900.0
571,2021-10-22 06:33:14,7670.0,100.0,3454600.0
572,2021-10-22 06:33:14,7670.0,200.0,3454500.0
573,2021-10-22 06:33:14,7670.0,1000.0,3454300.0
574,2021-10-22 06:33:14,7670.0,300.0,3453300.0
575,2021-10-22 06:33:14,7670.0,100.0,3453000.0
576,2021-10-22 06:33:14,7670.0,500.0,3452900.0
577,2021-10-22 06:33:14,7670.0,10000.0,3452400.0
578,2021-10-22 06:33:14,7670.0,100.0,3442400.0
579,2021-10-22 06:33:14,7670.0,3900.0,3442300.0
580,2021-10-22 06:33:11,7670.0,1100.0,3438400.0
581,2021-10-22 06:33:11,7670.0,200.0,3437300.0
582,2021-10-22 06:33:09,7660.0,2000.0,3437100.0
583,2021-10-22 06:33:09,7660.0,1000.0,3435100.0
584,2021-10-22 06:33:03,7660.0,1000.0,3434100.0
585,2021-10-22 06:32:49,7650.0,200.0,3433100.0
586,2021-10-22 06:32:49,7660.0,800.0,3432900.0
587,2021-10-22 06:32:41,7660.0,1000.0,3432100.0
588,2021-10-22 06:32:41,7660.0,200.0,3431100.0
589,2021-10-22 06:32:41,7660.0,100.0,3430900.0
590,2021-10-22 06:32:41,7660.0,300.0,3430800.0
591,2021-10-22 06:32:41,7660.0,10000.0,3430500.0
592,2021-10-22 06:32:41,7660.0,2000.0,3420500.0
593,2021-10-22 06:32:41,7660.0,1300.0,3418500.0
594,2021-10-22 06:32:41,7660.0,5000.0,3417200.0
595,2021-10-22 06:32:41,7660.0,5000.0,3412200.0
596,2021-10-22 06:32:41,7660.0,100.0,3407200.0
597,2021-10-22 06:32:41,7660.0,10000.0,3407100.0
598,2021-10-22 06:32:41,7660.0,3200.0,3397100.0
599,2021-10-22 06:32:40,7650.0,1200.0,3393900.0
600,2021-10-22 06:32:40,7650.0,3000.0,3392700.0
601,2021-10-22 06:32:40,7650.0,800.0,3389700.0
602,2021-10-22 06:32:37,7660.0,1800.0,3388900.0
603,2021-10-22 06:32:37,7660.0,15000.0,3387100.0
604,2021-10-22 06:32:37,7660.0,100.0,3372100.0
605,2021-10-22 06:32:37,7660.0,200.0,3372000.0
606,2021-10-22 06:32:37,7660.0,900.0,3371800.0
607,2021-10-22 06:32:36,7650.0,100.0,3370900.0
608,2021-10-22 06:32:26,7650.0,1000.0,3370800.0
609,2021-10-22 06:32:26,7650.0,200.0,3369800.0
610,2021-10-22 06:32:26,7650.0,300.0,3369600.0
611,2021-10-22 06:32:26,7650.0,1000.0,3369300.0
612,2021-10-22 06:32:26,7650.0,800.0,3368300.0
613,2021-10-22 06:32:26,7650.0,3000.0,3367500.0
614,2021-10-22 06:32:26,7650.0,500.0,3364500.0
615,2021-10-22 06:32:23,7650.0,100.0,3364000.0
616,2021-10-22 06:32:07,7650.0,34400.0,3363900.0
617,2021-10-22 06:32:07,7650.0,2000.0,3329500.0
618,2021-10-22 06:32:07,7650.0,300.0,3327500.0
619,2021-10-22 06:32:07,7650.0,200.0,3327200.0
620,2021-10-22 06:32:07,7650.0,500.0,3327000.0
621,2021-10-22 06:32:07,7650.0,100.0,3326500.0
622,2021-10-22 06:32:07,7650.0,2000.0,3326400.0
623,2021-10-22 06:32:07,7650.0,1500.0,3324400.0
624,2021-10-22 06:31:55,7650.0,1500.0,3322900.0
625,2021-10-22 06:31:55,7650.0,1000.0,3321400.0
626,2021-10-22 06:31:55,7650.0,200.0,3320400.0
627,2021-10-22 06:31:52,7650.0,100.0,3320200.0
628,2021-10-22 06:31:52,7650.0,200.0,3320100.0
629,2021-10-22 06:31:43,7650.0,300.0,3319900.0
630,2021-10-22 06:31:43,7650.0,500.0,3319600.0
631,2021-10-22 06:31:43,7650.0,200.0,3319100.0
632,2021-10-22 06:31:43,7650.0,1000.0,3318900.0
633,2021-10-22 06:31:43,7650.0,1000.0,3317900.0
634,2021-10-22 06:31:43,7650.0,1500.0,3316900.0
635,2021-10-22 06:31:43,7650.0,1000.0,3315400.0
636,2021-10-22 06:31:43,7650.0,200.0,3314400.0
637,2021-10-22 06:31:43,7650.0,5000.0,3314200.0
638,2021-10-22 06:31:43,7650.0,1000.0,3309200.0
639,2021-10-22 06:31:43,7650.0,10000.0,3308200.0
640,2021-10-22 06:31:43,7650.0,1000.0,3298200.0
641,2021-10-22 06:31:43,7650.0,100.0,3297200.0
642,2021-10-22 06:31:43,7650.0,100.0,3297100.0
643,2021-10-22 06:31:43,7650.0,800.0,3297000.0
644,2021-10-22 06:31:43,7650.0,5000.0,3296200.0
645,2021-10-22 06:31:43,7650.0,1000.0,3291200.0
646,2021-10-22 06:31:43,7650.0,500.0,3290200.0
647,2021-10-22 06:31:43,7650.0,3000.0,3289700.0
648,2021-10-22 06:31:43,7650.0,5000.0,3286700.0
649,2021-10-22 06:31:43,7650.0,10000.0,3281700.0
650,2021-10-22 06:31:43,7650.0,15000.0,3271700.0
651,2021-10-22 06:31:43,7650.0,10000.0,3256700.0
652,2021-10-22 06:31:43,7650.0,6800.0,3246700.0
653,2021-10-22 06:31:27,7650.0,5000.0,3239900.0
654,2021-10-22 06:31:15,7640.0,3000.0,3234900.0
655,2021-10-22 06:30:47,7640.0,500.0,3231900.0
656,2021-10-22 06:30:22,7640.0,5000.0,3231400.0
657,2021-10-22 06:30:22,7640.0,100.0,3226400.0
658,2021-10-22 06:30:22,7640.0,10000.0,3226300.0
659,2021-10-22 06:30:22,7640.0,3000.0,3216300.0
660,2021-10-22 06:30:22,7640.0,2000.0,3213300.0
661,2021-10-22 06:30:22,7640.0,100.0,3211300.0
662,2021-10-22 06:30:22,7640.0,300.0,3211200.0
663,2021-10-22 06:30:22,7640.0,100.0,3210900.0
664,2021-10-22 06:30:22,7640.0,1000.0,3210800.0
665,2021-10-22 06:30:22,7640.0,41700.0,3209800.0
666,2021-10-22 06:30:22,7640.0,2000.0,3168100.0
667,2021-10-22 06:30:22,7640.0,500.0,3166100.0
668,2021-10-22 06:30:22,7640.0,1000.0,3165600.0
669,2021-10-22 06:30:22,7640.0,500.0,3164600.0
670,2021-10-22 06:30:22,7640.0,13000.0,3164100.0
671,2021-10-22 06:30:22,7640.0,800.0,3151100.0
672,2021-10-22 06:29:51,7640.0,5000.0,3150300.0
673,2021-10-22 06:29:45,7640.0,4200.0,3145300.0
674,2021-10-22 06:29:45,7640.0,100.0,3141100.0
675,2021-10-22 06:29:45,7640.0,1700.0,3141000.0
676,2021-10-22 06:29:34,7630.0,100.0,3139300.0
677,2021-10-22 06:29:30,7640.0,300.0,3139200.0
678,2021-10-22 06:29:30,7640.0,1000.0,3138900.0
679,2021-10-22 06:29:30,7640.0,3500.0,3137900.0
680,2021-10-22 06:29:25,7640.0,700.0,3134400.0
681,2021-10-22 06:29:03,7630.0,5000.0,3133700.0
682,2021-10-22 06:29:03,7630.0,800.0,3128700.0
683,2021-10-22 06:29:03,7630.0,12900.0,3127900.0
684,2021-10-22 06:29:01,7630.0,5000.0,3115000.0
685,2021-10-22 06:28:52,7630.0,51000.0,3110000.0
686,2021-10-22 06:28:52,7630.0,2000.0,3059000.0
687,2021-10-22 06:28:52,7630.0,200.0,3057000.0
688,2021-10-22 06:28:52,7630.0,3000.0,3056800.0
689,2021-10-22 06:28:52,7630.0,2000.0,3053800.0
690,2021-10-22 06:28:52,7630.0,5000.0,3051800.0
691,2021-10-22 06:28:52,7630.0,300.0,3046800.0
692,2021-10-22 06:28:52,7630.0,500.0,3046500.0
693,2021-10-22 06:28:52,7630.0,200.0,3046000.0
694,2021-10-22 06:28:52,7630.0,100.0,3045800.0
695,2021-10-22 06:28:52,7630.0,3000.0,3045700.0
696,2021-10-22 06:28:52,7630.0,2000.0,3042700.0
697,2021-10-22 06:28:52,7630.0,30700.0,3040700.0
698,2021-10-22 06:28:30,7630.0,19300.0,3010000.0
699,2021-10-22 06:28:30,7630.0,1000.0,2990700.0
700,2021-10-22 06:28:30,7630.0,100.0,2989700.0
701,2021-10-22 06:28:30,7630.0,2600.0,2989600.0
702,2021-10-22 06:28:25,7620.0,1200.0,2987000.0
703,2021-10-22 06:27:51,7620.0,300.0,2985800.0
704,2021-10-22 06:27:50,7630.0,4300.0,2985500.0
705,2021-10-22 06:27:50,7630.0,1500.0,2981200.0
706,2021-10-22 06:27:50,7630.0,200.0,2979700.0
707,2021-10-22 06:27:49,7620.0,1000.0,2979500.0
708,2021-10-22 06:27:49,7630.0,1000.0,2978500.0
709,2021-10-22 06:27:27,7620.0,100.0,2977500.0
710,2021-10-22 06:27:26,7620.0,200.0,2977400.0
711,2021-10-22 06:27:22,7630.0,100.0,2977200.0
712,2021-10-22 06:26:55,7620.0,100.0,2977100.0
713,2021-10-22 06:26:55,7620.0,100.0,2977000.0
714,2021-10-22 06:26:43,7620.0,400.0,2976900.0
715,2021-10-22 06:26:43,7620.0,1600.0,2976500.0
716,2021-10-22 06:25:55,7630.0,700.0,2974900.0
717,2021-10-22 06:25:55,7630.0,600.0,2974200.0
718,2021-10-22 06:25:53,7630.0,400.0,2973600.0
719,2021-10-22 06:25:53,7630.0,100.0,2973200.0
720,2021-10-22 06:25:53,7630.0,500.0,2973100.0
721,2021-10-22 06:25:31,7630.0,5000.0,2972600.0
722,2021-10-22 06:25:17,7630.0,200.0,2967600.0
723,2021-10-22 06:24:35,7630.0,8000.0,2967400.0
724,2021-10-22 06:24:24,7630.0,10000.0,2959400.0
725,2021-10-22 06:24:09,7630.0,300.0,2949400.0
726,2021-10-22 06:23:51,7630.0,200.0,2949100.0
727,2021-10-22 06:23:49,7620.0,200.0,2948900.0
728,2021-10-22 06:23:42,7620.0,200.0,2948700.0
729,2021-10-22 06:23:42,7620.0,2000.0,2948500.0
730,2021-10-22 06:23:42,7620.0,1600.0,2946500.0
731,2021-10-22 06:23:42,7620.0,1000.0,2944900.0
732,2021-10-22 06:23:42,7620.0,200.0,2943900.0
733,2021-10-22 06:23:42,7620.0,3000.0,2943700.0
734,2021-10-22 06:23:42,7620.0,2000.0,2940700.0
735,2021-10-22 06:23:38,7620.0,1000.0,2938700.0
736,2021-10-22 06:23:37,7630.0,1000.0,2937700.0
737,2021-10-22 06:23:17,7620.0,400.0,2936700.0
738,2021-10-22 06:21:55,7620.0,100.0,2936300.0
739,2021-10-22 06:21:48,7620.0,1000.0,2936200.0
740,2021-10-22 06:21:19,7620.0,4000.0,2935200.0
741,2021-10-22 06:21:18,7620.0,1500.0,2931200.0
742,2021-10-22 06:21:18,7620.0,500.0,2929700.0
743,2021-10-22 06:21:09,7620.0,200.0,2929200.0
744,2021-10-22 06:21:09,7620.0,300.0,2929000.0
745,2021-10-22 06:20:49,7620.0,400.0,2928700.0
746,2021-10-22 06:20:49,7620.0,200.0,2928300.0
747,2021-10-22 06:20:49,7620.0,100.0,2928100.0
748,2021-10-22 06:20:46,7620.0,100.0,2928000.0
749,2021-10-22 06:20:40,7620.0,300.0,2927900.0
750,2021-10-22 06:20:40,7620.0,700.0,2927600.0
751,2021-10-22 06:20:16,7620.0,1000.0,2926900.0
752,2021-10-22 06:19:47,7620.0,300.0,2925900.0
753,2021-10-22 06:19:47,7620.0,1000.0,2925600.0
754,2021-10-22 06:19:36,7620.0,1000.0,2924600.0
755,2021-10-22 06:19:36,7620.0,1000.0,2923600.0
756,2021-10-22 06:19:36,7620.0,1500.0,2922600.0
757,2021-10-22 06:19:36,7620.0,5500.0,2921100.0
758,2021-10-22 06:19:33,7620.0,200.0,2915600.0
759,2021-10-22 06:19:33,7620.0,3800.0,2915400.0
760,2021-10-22 06:19:27,7620.0,100.0,2911600.0
761,2021-10-22 06:19:26,7610.0,1000.0,2911500.0
762,2021-10-22 06:19:22,7620.0,1100.0,2910500.0
763,2021-10-22 06:19:16,7610.0,500.0,2909400.0
764,2021-10-22 06:19:08,7610.0,1100.0,2908900.0
765,2021-10-22 06:19:06,7610.0,500.0,2907800.0
766,2021-10-22 06:18:48,7610.0,2900.0,2907300.0
767,2021-10-22 06:18:48,7610.0,100.0,2904400.0
768,2021-10-22 06:17:39,7620.0,600.0,2904300.0
769,2021-10-22 06:17:39,7620.0,1000.0,2903700.0
770,2021-10-22 06:17:39,7620.0,1000.0,2902700.0
771,2021-10-22 06:17:39,7620.0,100.0,2901700.0
772,2021-10-22 06:17:39,7620.0,10800.0,2901600.0
773,2021-10-22 06:17:39,7620.0,10000.0,2890800.0
774,2021-10-22 06:17:39,7620.0,100.0,2880800.0
775,2021-10-22 06:17:39,7620.0,2300.0,2880700.0
776,2021-10-22 06:17:39,7620.0,200.0,2878400.0
777,2021-10-22 06:17:39,7620.0,6000.0,2878200.0
778,2021-10-22 06:17:39,7620.0,1000.0,2872200.0
779,2021-10-22 06:17:39,7620.0,1000.0,2871200.0
780,2021-10-22 06:17:39,7620.0,900.0,2870200.0
781,2021-10-22 06:17:24,7620.0,100.0,2869300.0
782,2021-10-22 06:17:08,7610.0,400.0,2869200.0
783,2021-10-22 06:17:08,7610.0,500.0,2868800.0
784,2021-10-22 06:17:08,7610.0,400.0,2868300.0
785,2021-10-22 06:15:50,7610.0,100.0,2867900.0
786,2021-10-22 06:15:39,7610.0,100.0,2867800.0
787,2021-10-22 06:15:36,7610.0,100.0,2867700.0
788,2021-10-22 06:15:34,7610.0,400.0,2867600.0
789,2021-10-22 06:14:51,7610.0,500.0,2867200.0
790,2021-10-22 06:14:51,7610.0,100.0,2866700.0
791,2021-10-22 06:14:36,7610.0,100.0,2866600.0
792,2021-10-22 06:14:21,7610.0,5800.0,2866500.0
793,2021-10-22 06:14:21,7610.0,14200.0,2860700.0
794,2021-10-22 06:14:18,7610.0,2400.0,2846500.0
795,2021-10-22 06:14:18,7610.0,1000.0,2844100.0
796,2021-10-22 06:14:18,7610.0,1500.0,2843100.0
797,2021-10-22 06:14:18,7610.0,100.0,2841600.0
798,2021-10-22 06:13:53,7610.0,4900.0,2841500.0
799,2021-10-22 06:13:53,7610.0,100.0,2836600.0
800,2021-10-22 06:13:50,7610.0,300.0,2836500.0
801,2021-10-22 06:13:50,7610.0,4700.0,2836200.0
802,2021-10-22 06:13:11,7610.0,100.0,2831500.0
803,2021-10-22 06:12:50,7610.0,100.0,2831400.0
804,2021-10-22 06:12:48,7610.0,300.0,2831300.0
805,2021-10-22 06:12:16,7610.0,100.0,2831000.0
806,2021-10-22 06:11:07,7610.0,1000.0,2830900.0
807,2021-10-22 06:11:05,7610.0,1300.0,2829900.0
808,2021-10-22 06:11:05,7610.0,3700.0,2828600.0
809,2021-10-22 06:10:33,7610.0,1200.0,2824900.0
810,2021-10-22 06:10:32,7600.0,900.0,2823700.0
811,2021-10-22 06:10:32,7600.0,9100.0,2822800.0
812,2021-10-22 06:08:44,7610.0,1500.0,2813700.0
813,2021-10-22 06:08:33,7610.0,1400.0,2812200.0
814,2021-10-22 06:08:16,7610.0,1700.0,2810800.0
815,2021-10-22 06:07:56,7610.0,2000.0,2809100.0
816,2021-10-22 06:07:56,7610.0,3500.0,2807100.0
817,2021-10-22 06:07:16,7610.0,2100.0,2803600.0
818,2021-10-22 06:06:40,7610.0,2000.0,2801500.0
819,2021-10-22 06:06:40,7610.0,4100.0,2799500.0
820,2021-10-22 06:06:40,7610.0,800.0,2795400.0
821,2021-10-22 06:06:33,7610.0,100.0,2794600.0
822,2021-10-22 06:06:33,7610.0,900.0,2794500.0
823,2021-10-22 06:06:30,7620.0,5000.0,2793600.0
824,2021-10-22 06:05:24,7610.0,4100.0,2788600.0
825,2021-10-22 06:04:12,7620.0,100.0,2784500.0
826,2021-10-22 06:03:32,7620.0,14900.0,2784400.0
827,2021-10-22 06:03:32,7620.0,2000.0,2769500.0
828,2021-10-22 06:03:32,7620.0,500.0,2767500.0
829,2021-10-22 06:03:32,7620.0,800.0,2767000.0
830,2021-10-22 06:03:32,7620.0,5000.0,2766200.0
831,2021-10-22 06:03:32,7620.0,1400.0,2761200.0
832,2021-10-22 06:03:32,7620.0,2000.0,2759800.0
833,2021-10-22 06:03:32,7620.0,200.0,2757800.0
834,2021-10-22 06:03:32,7610.0,2000.0,2757600.0
835,2021-10-22 06:03:32,7610.0,10000.0,2755600.0
836,2021-10-22 06:03:32,7610.0,200.0,2745600.0
837,2021-10-22 06:03:32,7610.0,300.0,2745400.0
838,2021-10-22 06:03:18,7600.0,900.0,2745100.0
839,2021-10-22 06:03:18,7600.0,100.0,2744200.0
840,2021-10-22 06:02:32,7600.0,10000.0,2744100.0
841,2021-10-22 06:02:00,7600.0,500.0,2734100.0
842,2021-10-22 06:02:00,7600.0,6500.0,2733600.0
843,2021-10-22 06:00:27,7590.0,500.0,2727100.0
844,2021-10-22 06:00:27,7590.0,1500.0,2726600.0
845,2021-10-22 06:00:26,7590.0,1000.0,2725100.0
846,2021-10-22 06:00:25,7590.0,500.0,2724100.0
847,2021-10-22 06:00:25,7590.0,500.0,2723600.0
848,2021-10-22 06:00:25,7590.0,500.0,2723100.0
849,2021-10-22 06:00:24,7590.0,500.0,2722600.0
850,2021-10-22 06:00:24,7590.0,500.0,2722100.0
851,2021-10-22 06:00:24,7600.0,300.0,2721600.0
852,2021-10-22 06:00:24,7590.0,1000.0,2721300.0
853,2021-10-22 06:00:24,7590.0,300.0,2720300.0
854,2021-10-22 06:00:24,7590.0,500.0,2720000.0
855,2021-10-22 06:00:23,7590.0,1000.0,2719500.0
856,2021-10-22 06:00:22,7590.0,500.0,2718500.0
857,2021-10-22 06:00:22,7590.0,500.0,2718000.0
858,2021-10-22 06:00:22,7590.0,500.0,2717500.0
859,2021-10-22 06:00:22,7590.0,2000.0,2717000.0
860,2021-10-22 06:00:20,7590.0,1000.0,2715000.0
861,2021-10-22 06:00:19,7590.0,2000.0,2714000.0
862,2021-10-22 06:00:19,7590.0,500.0,2712000.0
863,2021-10-22 06:00:18,7590.0,500.0,2711500.0
864,2021-10-22 06:00:16,7600.0,11200.0,2711000.0
865,2021-10-22 06:00:16,7600.0,200.0,2699800.0
866,2021-10-22 06:00:16,7600.0,100.0,2699600.0
867,2021-10-22 06:00:16,7600.0,100.0,2699500.0
868,2021-10-22 06:00:16,7600.0,8400.0,2699400.0
869,2021-10-22 06:00:06,7590.0,600.0,2691000.0
870,2021-10-22 06:00:06,7590.0,200.0,2690400.0
871,2021-10-22 06:00:05,7600.0,500.0,2690200.0
872,2021-10-22 06:00:04,7590.0,10000.0,2689700.0
873,2021-10-22 06:00:03,7600.0,5000.0,2679700.0
874,2021-10-22 06:00:03,7600.0,5400.0,2674700.0
875,2021-10-22 06:00:02,7600.0,200.0,2669300.0
876,2021-10-22 06:00:01,7590.0,100.0,2669100.0
877,2021-10-22 06:00:01,7600.0,100.0,2669000.0
878,2021-10-22 04:29:25,7590.0,500.0,2668900.0
879,2021-10-22 04:28:01,7600.0,1000.0,2668400.0
880,2021-10-22 04:27:58,7600.0,10000.0,2667400.0
881,2021-10-22 04:27:58,7600.0,1000.0,2657400.0
882,2021-10-22 04:27:56,7600.0,500.0,2656400.0
883,2021-10-22 04:26:59,7600.0,200.0,2655900.0
884,2021-10-22 04:26:44,7600.0,200.0,2655700.0
885,2021-10-22 04:26:20,7600.0,200.0,2655500.0
886,2021-10-22 04:25:59,7600.0,2700.0,2655300.0
887,2021-10-22 04:25:46,7590.0,1000.0,2652600.0
888,2021-10-22 04:25:41,7600.0,700.0,2651600.0
889,2021-10-22 04:25:04,7600.0,2000.0,2650900.0
890,2021-10-22 04:25:04,7600.0,500.0,2648900.0
891,2021-10-22 04:25:04,7600.0,100.0,2648400.0
892,2021-10-22 04:25:04,7600.0,200.0,2648300.0
893,2021-10-22 04:25:04,7600.0,5400.0,2648100.0
894,2021-10-22 04:25:04,7600.0,5500.0,2642700.0
895,2021-10-22 04:25:04,7600.0,200.0,2637200.0
896,2021-10-22 04:24:41,7600.0,6900.0,2637000.0
897,2021-10-22 04:24:41,7600.0,7100.0,2630100.0
898,2021-10-22 04:24:27,7610.0,100.0,2623000.0
899,2021-10-22 04:23:59,7610.0,500.0,2622900.0
900,2021-10-22 04:23:27,7610.0,100.0,2622400.0
901,2021-10-22 04:23:15,7610.0,100.0,2622300.0
902,2021-10-22 04:23:15,7610.0,300.0,2622200.0
903,2021-10-22 04:22:10,7610.0,200.0,2621900.0
904,2021-10-22 04:21:44,7610.0,1000.0,2621700.0
905,2021-10-22 04:21:44,7610.0,100.0,2620700.0
906,2021-10-22 04:21:44,7610.0,1000.0,2620600.0
907,2021-10-22 04:20:50,7600.0,100.0,2619600.0
908,2021-10-22 04:20:25,7600.0,100.0,2619500.0
909,2021-10-22 04:20:07,7600.0,7700.0,2619400.0
910,2021-10-22 04:19:53,7600.0,2300.0,2611700.0
911,2021-10-22 04:19:33,7600.0,700.0,2609400.0
912,2021-10-22 04:19:05,7600.0,2300.0,2608700.0
913,2021-10-22 04:18:47,7600.0,700.0,2606400.0
914,2021-10-22 04:18:47,7600.0,500.0,2605700.0
915,2021-10-22 04:18:47,7600.0,3800.0,2605200.0
916,2021-10-22 04:18:37,7610.0,600.0,2601400.0
917,2021-10-22 04:18:25,7610.0,1400.0,2600800.0
918,2021-10-22 04:18:17,7620.0,200.0,2599400.0
919,2021-10-22 04:18:17,7610.0,100800.0,2599200.0
920,2021-10-22 04:17:01,7610.0,1300.0,2498400.0
921,2021-10-22 04:17:01,7610.0,700.0,2497100.0
922,2021-10-22 04:17:01,7610.0,1000.0,2496400.0
923,2021-10-22 04:15:21,7610.0,500.0,2495400.0
924,2021-10-22 04:15:06,7610.0,100.0,2494900.0
925,2021-10-22 04:14:55,7610.0,1000.0,2494800.0
926,2021-10-22 04:14:37,7610.0,3000.0,2493800.0
927,2021-10-22 04:14:37,7610.0,400.0,2490800.0
928,2021-10-22 04:13:17,7610.0,800.0,2490400.0
929,2021-10-22 04:13:17,7610.0,6700.0,2489600.0
930,2021-10-22 04:13:03,7610.0,3700.0,2482900.0
931,2021-10-22 04:13:03,7610.0,6300.0,2479200.0
932,2021-10-22 04:10:12,7620.0,9500.0,2472900.0
933,2021-10-22 04:10:12,7620.0,100.0,2463400.0
934,2021-10-22 04:08:02,7630.0,400.0,2463300.0
935,2021-10-22 04:04:18,7630.0,14400.0,2462900.0
936,2021-10-22 04:04:18,7630.0,600.0,2448500.0
937,2021-10-22 04:04:07,7600.0,9100.0,2447900.0
938,2021-10-22 04:04:07,7600.0,13000.0,2438800.0
939,2021-10-22 04:04:07,7600.0,2000.0,2425800.0
940,2021-10-22 04:04:07,7600.0,500.0,2423800.0
941,2021-10-22 04:04:07,7610.0,1000.0,2423300.0
942,2021-10-22 04:04:07,7610.0,1000.0,2422300.0
943,2021-10-22 04:04:07,7610.0,5000.0,2421300.0
944,2021-10-22 04:04:07,7610.0,23900.0,2416300.0
945,2021-10-22 04:04:07,7620.0,26600.0,2392400.0
946,2021-10-22 04:03:42,7620.0,2000.0,2365800.0
947,2021-10-22 04:03:04,7620.0,100.0,2363800.0
948,2021-10-22 04:03:04,7620.0,2000.0,2363700.0
949,2021-10-22 04:02:09,7620.0,300.0,2361700.0
950,2021-10-22 04:01:58,7620.0,1000.0,2361400.0
951,2021-10-22 04:01:58,7620.0,500.0,2360400.0
952,2021-10-22 04:01:58,7620.0,200.0,2359900.0
953,2021-10-22 04:01:50,7620.0,1000.0,2359700.0
954,2021-10-22 04:00:26,7620.0,2000.0,2358700.0
955,2021-10-22 04:00:16,7620.0,100.0,2356700.0
956,2021-10-22 03:59:11,7620.0,600.0,2356600.0
957,2021-10-22 03:59:11,7620.0,1000.0,2356000.0
958,2021-10-22 03:59:11,7620.0,1000.0,2355000.0
959,2021-10-22 03:59:11,7620.0,500.0,2354000.0
960,2021-10-22 03:59:11,7620.0,1800.0,2353500.0
961,2021-10-22 03:57:26,7620.0,3200.0,2351700.0
962,2021-10-22 03:57:26,7620.0,1000.0,2348500.0
963,2021-10-22 03:57:26,7620.0,4900.0,2347500.0
964,2021-10-22 03:57:26,7610.0,900.0,2342600.0
965,2021-10-22 03:57:25,7610.0,100.0,2341700.0
966,2021-10-22 03:56:03,7620.0,100.0,2341600.0
967,2021-10-22 03:54:45,7620.0,200.0,2341500.0
968,2021-10-22 03:54:45,7620.0,100.0,2341300.0
969,2021-10-22 03:54:45,7620.0,100.0,2341200.0
970,2021-10-22 03:54:21,7620.0,100.0,2341100.0
971,2021-10-22 03:54:21,7620.0,100.0,2341000.0
972,2021-10-22 03:54:21,7620.0,800.0,2340900.0
973,2021-10-22 03:53:52,7620.0,900.0,2340100.0
974,2021-10-22 03:53:52,7620.0,600.0,2339200.0
975,2021-10-22 03:53:52,7620.0,2000.0,2338600.0
976,2021-10-22 03:53:52,7620.0,1000.0,2336600.0
977,2021-10-22 03:53:52,7620.0,200.0,2335600.0
978,2021-10-22 03:53:52,7620.0,2000.0,2335400.0
979,2021-10-22 03:53:52,7620.0,300.0,2333400.0
980,2021-10-22 03:53:52,7620.0,1000.0,2333100.0
981,2021-10-22 03:53:52,7620.0,1100.0,2332100.0
982,2021-10-22 03:53:44,7630.0,5200.0,2331000.0
983,2021-10-22 03:53:41,7620.0,10000.0,2325800.0
984,2021-10-22 03:53:39,7620.0,3900.0,2315800.0
985,2021-10-22 03:53:26,7630.0,100.0,2311900.0
986,2021-10-22 03:53:18,7620.0,20000.0,2311800.0
987,2021-10-22 03:52:04,7640.0,600.0,2291800.0
988,2021-10-22 03:51:59,7640.0,5200.0,2291200.0
989,2021-10-22 03:51:59,7640.0,4800.0,2286000.0
990,2021-10-22 03:51:44,7640.0,200.0,2281200.0
991,2021-10-22 03:51:34,7620.0,59900.0,2281000.0
992,2021-10-22 03:51:34,7630.0,100.0,2221100.0
993,2021-10-22 03:51:16,7630.0,1000.0,2221000.0
994,2021-10-22 03:51:15,7630.0,900.0,2220000.0
995,2021-10-22 03:51:02,7630.0,100.0,2219100.0
996,2021-10-22 03:51:02,7630.0,300.0,2219000.0
997,2021-10-22 03:50:58,7630.0,700.0,2218700.0
998,2021-10-22 03:50:58,7630.0,200.0,2218000.0
999,2021-10-22 03:50:58,7630.0,900.0,2217800.0
1000,2021-10-22 03:50:43,7630.0,100.0,2216900.0
1001,2021-10-22 03:50:43,7630.0,400.0,2216800.0
1002,2021-10-22 03:50:17,7630.0,100.0,2216400.0
1003,2021-10-22 03:48:51,7630.0,500.0,2216300.0
1004,2021-10-22 03:48:51,7630.0,1000.0,2215800.0
1005,2021-10-22 03:48:51,7630.0,1500.0,2214800.0
1006,2021-10-22 03:48:24,7640.0,300.0,2213300.0
1007,2021-10-22 03:46:58,7640.0,2500.0,2213000.0
1008,2021-10-22 03:46:50,7630.0,500.0,2210500.0
1009,2021-10-22 03:46:44,7630.0,1000.0,2210000.0
1010,2021-10-22 03:46:44,7630.0,500.0,2209000.0
1011,2021-10-22 03:46:44,7630.0,1000.0,2208500.0
1012,2021-10-22 03:46:44,7630.0,2000.0,2207500.0
1013,2021-10-22 03:45:40,7640.0,2200.0,2205500.0
1014,2021-10-22 03:45:40,7640.0,100.0,2203300.0
1015,2021-10-22 03:45:40,7640.0,300.0,2203200.0
1016,2021-10-22 03:45:03,7640.0,6500.0,2202900.0
1017,2021-10-22 03:45:03,7640.0,300.0,2196400.0
1018,2021-10-22 03:45:03,7640.0,6800.0,2196100.0
1019,2021-10-22 03:45:03,7640.0,6100.0,2189300.0
1020,2021-10-22 03:43:53,7640.0,3000.0,2183200.0
1021,2021-10-22 03:43:49,7640.0,300.0,2180200.0
1022,2021-10-22 03:43:49,7640.0,200.0,2179900.0
1023,2021-10-22 03:43:46,7650.0,200.0,2179700.0
1024,2021-10-22 03:43:45,7640.0,3000.0,2179500.0
1025,2021-10-22 03:43:27,7640.0,200.0,2176500.0
1026,2021-10-22 03:43:16,7640.0,100.0,2176300.0
1027,2021-10-22 03:43:01,7640.0,100.0,2176200.0
1028,2021-10-22 03:42:51,7640.0,1000.0,2176100.0
1029,2021-10-22 03:42:42,7650.0,6100.0,2175100.0
1030,2021-10-22 03:42:42,7640.0,1800.0,2169000.0
1031,2021-10-22 03:42:29,7640.0,1100.0,2167200.0
1032,2021-10-22 03:42:16,7640.0,1000.0,2166100.0
1033,2021-10-22 03:42:08,7640.0,1000.0,2165100.0
1034,2021-10-22 03:42:06,7650.0,1000.0,2164100.0
1035,2021-10-22 03:41:53,7640.0,100.0,2163100.0
1036,2021-10-22 03:41:44,7640.0,3400.0,2163000.0
1037,2021-10-22 03:41:32,7640.0,2100.0,2159600.0
1038,2021-10-22 03:41:09,7640.0,2000.0,2157500.0
1039,2021-10-22 03:40:45,7640.0,500.0,2155500.0
1040,2021-10-22 03:39:56,7640.0,2000.0,2155000.0
1041,2021-10-22 03:39:45,7640.0,1000.0,2153000.0
1042,2021-10-22 03:39:36,7640.0,1000.0,2152000.0
1043,2021-10-22 03:39:25,7640.0,200.0,2151000.0
1044,2021-10-22 03:39:25,7640.0,600.0,2150800.0
1045,2021-10-22 03:39:25,7640.0,100.0,2150200.0
1046,2021-10-22 03:39:25,7640.0,100.0,2150100.0
1047,2021-10-22 03:39:18,7640.0,100.0,2150000.0
1048,2021-10-22 03:39:01,7640.0,800.0,2149900.0
1049,2021-10-22 03:39:01,7640.0,2200.0,2149100.0
1050,2021-10-22 03:38:43,7640.0,500.0,2146900.0
1051,2021-10-22 03:38:39,7640.0,5000.0,2146400.0
1052,2021-10-22 03:38:30,7640.0,1500.0,2141400.0
1053,2021-10-22 03:38:20,7640.0,200.0,2139900.0
1054,2021-10-22 03:38:08,7630.0,200.0,2139700.0
1055,2021-10-22 03:38:08,7630.0,100.0,2139500.0
1056,2021-10-22 03:38:08,7630.0,300.0,2139400.0
1057,2021-10-22 03:38:07,7620.0,5000.0,2139100.0
1058,2021-10-22 03:37:58,7630.0,300.0,2134100.0
1059,2021-10-22 03:37:32,7630.0,300.0,2133800.0
1060,2021-10-22 03:37:06,7630.0,700.0,2133500.0
1061,2021-10-22 03:37:04,7630.0,1000.0,2132800.0
1062,2021-10-22 03:37:00,7630.0,1000.0,2131800.0
1063,2021-10-22 03:36:56,7630.0,100.0,2130800.0
1064,2021-10-22 03:36:56,7630.0,100.0,2130700.0
1065,2021-10-22 03:36:52,7630.0,1000.0,2130600.0
1066,2021-10-22 03:36:49,7620.0,100.0,2129600.0
1067,2021-10-22 03:36:32,7630.0,1200.0,2129500.0
1068,2021-10-22 03:36:32,7630.0,1500.0,2128300.0
1069,2021-10-22 03:36:32,7630.0,1000.0,2126800.0
1070,2021-10-22 03:36:32,7630.0,300.0,2125800.0
1071,2021-10-22 03:36:32,7630.0,500.0,2125500.0
1072,2021-10-22 03:36:32,7630.0,14500.0,2125000.0
1073,2021-10-22 03:36:27,7630.0,10000.0,2110500.0
1074,2021-10-22 03:35:53,7630.0,25500.0,2100500.0
1075,2021-10-22 03:35:53,7630.0,6000.0,2075000.0
1076,2021-10-22 03:35:53,7640.0,500.0,2069000.0
1077,2021-10-22 03:35:33,7650.0,900.0,2068500.0
1078,2021-10-22 03:35:33,7650.0,2100.0,2067600.0
1079,2021-10-22 03:35:17,7650.0,100.0,2065500.0
1080,2021-10-22 03:35:17,7650.0,7800.0,2065400.0
1081,2021-10-22 03:35:17,7650.0,1500.0,2057600.0
1082,2021-10-22 03:35:17,7650.0,1500.0,2056100.0
1083,2021-10-22 03:35:14,7650.0,500.0,2054600.0
1084,2021-10-22 03:34:53,7650.0,4400.0,2054100.0
1085,2021-10-22 03:34:48,7650.0,5000.0,2049700.0
1086,2021-10-22 03:34:25,7660.0,2100.0,2044700.0
1087,2021-10-22 03:34:25,7660.0,1500.0,2042600.0
1088,2021-10-22 03:34:25,7660.0,6400.0,2041100.0
1089,2021-10-22 03:34:13,7650.0,20000.0,2034700.0
1090,2021-10-22 03:34:13,7650.0,100.0,2014700.0
1091,2021-10-22 03:34:13,7650.0,500.0,2014600.0
1092,2021-10-22 03:33:57,7650.0,15000.0,2014100.0
1093,2021-10-22 03:33:57,7650.0,4000.0,1999100.0
1094,2021-10-22 03:33:09,7650.0,1000.0,1995100.0
1095,2021-10-22 03:33:03,7650.0,3900.0,1994100.0
1096,2021-10-22 03:32:59,7650.0,400.0,1990200.0
1097,2021-10-22 03:32:39,7650.0,300.0,1989800.0
1098,2021-10-22 03:32:37,7650.0,3700.0,1989500.0
1099,2021-10-22 03:32:33,7650.0,500.0,1985800.0
1100,2021-10-22 03:32:33,7650.0,200.0,1985300.0
1101,2021-10-22 03:32:32,7660.0,3600.0,1985100.0
1102,2021-10-22 03:32:31,7660.0,1000.0,1981500.0
1103,2021-10-22 03:32:31,7660.0,100.0,1980500.0
1104,2021-10-22 03:32:31,7660.0,500.0,1980400.0
1105,2021-10-22 03:32:31,7660.0,4000.0,1979900.0
1106,2021-10-22 03:32:31,7660.0,800.0,1975900.0
1107,2021-10-22 03:32:20,7660.0,200.0,1975100.0
1108,2021-10-22 03:32:20,7660.0,800.0,1974900.0
1109,2021-10-22 03:32:17,7650.0,500.0,1974100.0
1110,2021-10-22 03:32:17,7650.0,11000.0,1973600.0
1111,2021-10-22 03:32:17,7650.0,5000.0,1962600.0
1112,2021-10-22 03:32:17,7650.0,1800.0,1957600.0
1113,2021-10-22 03:32:16,7660.0,200.0,1955800.0
1114,2021-10-22 03:32:16,7660.0,200.0,1955600.0
1115,2021-10-22 03:32:16,7660.0,600.0,1955400.0
1116,2021-10-22 03:32:15,7650.0,10000.0,1954800.0
1117,2021-10-22 03:32:07,7660.0,9400.0,1944800.0
1118,2021-10-22 03:32:07,7660.0,600.0,1935400.0
1119,2021-10-22 03:32:06,7650.0,1000.0,1934800.0
1120,2021-10-22 03:32:02,7650.0,1000.0,1933800.0
1121,2021-10-22 03:31:55,7650.0,10000.0,1932800.0
1122,2021-10-22 03:31:39,7660.0,1400.0,1922800.0
1123,2021-10-22 03:31:36,7660.0,1000.0,1921400.0
1124,2021-10-22 03:31:20,7660.0,300.0,1920400.0
1125,2021-10-22 03:31:20,7660.0,1000.0,1920100.0
1126,2021-10-22 03:31:20,7660.0,1300.0,1919100.0
1127,2021-10-22 03:31:15,7660.0,100.0,1917800.0
1128,2021-10-22 03:31:12,7660.0,400.0,1917700.0
1129,2021-10-22 03:31:12,7660.0,1000.0,1917300.0
1130,2021-10-22 03:31:12,7660.0,4000.0,1916300.0
1131,2021-10-22 03:31:12,7660.0,3200.0,1912300.0
1132,2021-10-22 03:31:11,7660.0,500.0,1909100.0
1133,2021-10-22 03:30:49,7660.0,200.0,1908600.0
1134,2021-10-22 03:30:45,7660.0,100.0,1908400.0
1135,2021-10-22 03:30:45,7660.0,300.0,1908300.0
1136,2021-10-22 03:30:45,7660.0,500.0,1908000.0
1137,2021-10-22 03:30:45,7660.0,1100.0,1907500.0
1138,2021-10-22 03:30:18,7660.0,8900.0,1906400.0
1139,2021-10-22 03:30:18,7660.0,1100.0,1897500.0
1140,2021-10-22 03:30:15,7670.0,2000.0,1896400.0
1141,2021-10-22 03:30:13,7660.0,100.0,1894400.0
1142,2021-10-22 03:30:01,7660.0,1500.0,1894300.0
1143,2021-10-22 03:30:01,7660.0,3500.0,1892800.0
1144,2021-10-22 03:30:01,7670.0,4100.0,1889300.0
1145,2021-10-22 03:30:00,7660.0,3400.0,1885200.0
1146,2021-10-22 03:30:00,7660.0,1600.0,1881800.0
1147,2021-10-22 03:29:57,7660.0,100.0,1880200.0
1148,2021-10-22 03:29:53,7660.0,300.0,1880100.0
1149,2021-10-22 03:29:53,7660.0,700.0,1879800.0
1150,2021-10-22 03:29:50,7660.0,300.0,1879100.0
1151,2021-10-22 03:29:50,7660.0,200.0,1878800.0
1152,2021-10-22 03:29:50,7660.0,500.0,1878600.0
1153,2021-10-22 03:29:39,7660.0,9000.0,1878100.0
1154,2021-10-22 03:29:37,7670.0,1000.0,1869100.0
1155,2021-10-22 03:29:37,7670.0,1300.0,1868100.0
1156,2021-10-22 03:29:36,7670.0,500.0,1866800.0
1157,2021-10-22 03:29:36,7670.0,1000.0,1866300.0
1158,2021-10-22 03:29:36,7670.0,500.0,1865300.0
1159,2021-10-22 03:29:36,7670.0,7500.0,1864800.0
1160,2021-10-22 03:29:13,7660.0,500.0,1857300.0
1161,2021-10-22 03:29:10,7670.0,2500.0,1856800.0
1162,2021-10-22 03:29:10,7670.0,300.0,1854300.0
1163,2021-10-22 03:29:10,7660.0,200.0,1854000.0
1164,2021-10-22 03:29:06,7660.0,1800.0,1853800.0
1165,2021-10-22 03:29:06,7660.0,900.0,1852000.0
1166,2021-10-22 03:29:06,7660.0,2300.0,1851100.0
1167,2021-10-22 03:29:03,7660.0,1500.0,1848800.0
1168,2021-10-22 03:29:02,7660.0,1200.0,1847300.0
1169,2021-10-22 03:28:57,7660.0,100.0,1846100.0
1170,2021-10-22 03:28:55,7660.0,500.0,1846000.0
1171,2021-10-22 03:28:52,7660.0,3200.0,1845500.0
1172,2021-10-22 03:28:52,7660.0,1800.0,1842300.0
1173,2021-10-22 03:28:51,7670.0,200.0,1840500.0
1174,2021-10-22 03:28:48,7660.0,500.0,1840300.0
1175,2021-10-22 03:28:40,7660.0,2000.0,1839800.0
1176,2021-10-22 03:28:38,7660.0,100.0,1837800.0
1177,2021-10-22 03:28:38,7660.0,600.0,1837700.0
1178,2021-10-22 03:28:37,7660.0,100.0,1837100.0
1179,2021-10-22 03:28:35,7650.0,1000.0,1837000.0
1180,2021-10-22 03:28:34,7660.0,2000.0,1836000.0
1181,2021-10-22 03:28:31,7660.0,200.0,1834000.0
1182,2021-10-22 03:28:30,7660.0,100.0,1833800.0
1183,2021-10-22 03:28:27,7660.0,2000.0,1833700.0
1184,2021-10-22 03:28:26,7660.0,5000.0,1831700.0
1185,2021-10-22 03:28:26,7660.0,5000.0,1826700.0
1186,2021-10-22 03:28:17,7660.0,5000.0,1821700.0
1187,2021-10-22 03:28:12,7650.0,1000.0,1816700.0
1188,2021-10-22 03:28:11,7650.0,500.0,1815700.0
1189,2021-10-22 03:28:04,7650.0,600.0,1815200.0
1190,2021-10-22 03:28:04,7650.0,1000.0,1814600.0
1191,2021-10-22 03:28:04,7650.0,100.0,1813600.0
1192,2021-10-22 03:28:04,7650.0,1000.0,1813500.0
1193,2021-10-22 03:28:04,7650.0,2000.0,1812500.0
1194,2021-10-22 03:28:04,7650.0,100.0,1810500.0
1195,2021-10-22 03:28:04,7650.0,500.0,1810400.0
1196,2021-10-22 03:28:04,7650.0,4000.0,1809900.0
1197,2021-10-22 03:28:04,7650.0,1300.0,1805900.0
1198,2021-10-22 03:28:04,7650.0,1000.0,1804600.0
1199,2021-10-22 03:28:04,7650.0,5000.0,1803600.0
1200,2021-10-22 03:28:04,7650.0,500.0,1798600.0
1201,2021-10-22 03:28:04,7650.0,100.0,1798100.0
1202,2021-10-22 03:28:04,7650.0,200.0,1798000.0
1203,2021-10-22 03:28:04,7650.0,100.0,1797800.0
1204,2021-10-22 03:28:04,7650.0,3000.0,1797700.0
1205,2021-10-22 03:28:04,7650.0,500.0,1794700.0
1206,2021-10-22 03:28:04,7650.0,1000.0,1794200.0
1207,2021-10-22 03:28:04,7650.0,500.0,1793200.0
1208,2021-10-22 03:28:04,7650.0,1000.0,1792700.0
1209,2021-10-22 03:28:04,7650.0,500.0,1791700.0
1210,2021-10-22 03:28:04,7650.0,600.0,1791200.0
1211,2021-10-22 03:28:04,7650.0,5000.0,1790600.0
1212,2021-10-22 03:28:04,7650.0,400.0,1785600.0
1213,2021-10-22 03:28:04,7650.0,1100.0,1785200.0
1214,2021-10-22 03:28:04,7650.0,1000.0,1784100.0
1215,2021-10-22 03:28:04,7650.0,1600.0,1783100.0
1216,2021-10-22 03:28:03,7650.0,1400.0,1781500.0
1217,2021-10-22 03:28:03,7650.0,800.0,1780100.0
1218,2021-10-22 03:28:03,7650.0,3000.0,1779300.0
1219,2021-10-22 03:28:03,7650.0,4800.0,1776300.0
1220,2021-10-22 03:28:00,7650.0,1700.0,1771500.0
1221,2021-10-22 03:28:00,7640.0,300.0,1769800.0
1222,2021-10-22 03:27:56,7650.0,3100.0,1769500.0
1223,2021-10-22 03:27:56,7640.0,1900.0,1766400.0
1224,2021-10-22 03:27:46,7640.0,100.0,1764500.0
1225,2021-10-22 03:27:45,7640.0,8000.0,1764400.0
1226,2021-10-22 03:27:43,7650.0,2900.0,1756400.0
1227,2021-10-22 03:27:41,7650.0,7500.0,1753500.0
1228,2021-10-22 03:27:41,7650.0,7500.0,1746000.0
1229,2021-10-22 03:27:38,7650.0,20000.0,1738500.0
1230,2021-10-22 03:27:24,7650.0,2500.0,1718500.0
1231,2021-10-22 03:27:24,7650.0,4000.0,1716000.0
1232,2021-10-22 03:27:24,7650.0,10000.0,1712000.0
1233,2021-10-22 03:27:24,7650.0,500.0,1702000.0
1234,2021-10-22 03:27:24,7650.0,3500.0,1701500.0
1235,2021-10-22 03:27:24,7650.0,200.0,1698000.0
1236,2021-10-22 03:27:24,7650.0,3000.0,1697800.0
1237,2021-10-22 03:27:24,7650.0,600.0,1694800.0
1238,2021-10-22 03:27:24,7650.0,300.0,1694200.0
1239,2021-10-22 03:27:24,7640.0,300.0,1693900.0
1240,2021-10-22 03:27:24,7640.0,15000.0,1693600.0
1241,2021-10-22 03:27:24,7640.0,10000.0,1678600.0
1242,2021-10-22 03:27:24,7640.0,100.0,1668600.0
1243,2021-10-22 03:27:12,7630.0,1000.0,1668500.0
1244,2021-10-22 03:27:12,7630.0,500.0,1667500.0
1245,2021-10-22 03:27:12,7630.0,300.0,1667000.0
1246,2021-10-22 03:27:12,7630.0,2000.0,1666700.0
1247,2021-10-22 03:27:12,7630.0,200.0,1664700.0
1248,2021-10-22 03:27:12,7630.0,5000.0,1664500.0
1249,2021-10-22 03:27:12,7630.0,5000.0,1659500.0
1250,2021-10-22 03:27:11,7630.0,25000.0,1654500.0
1251,2021-10-22 03:27:04,7630.0,10000.0,1629500.0
1252,2021-10-22 03:26:53,7620.0,200.0,1619500.0
1253,2021-10-22 03:26:53,7620.0,1000.0,1619300.0
1254,2021-10-22 03:26:53,7620.0,5000.0,1618300.0
1255,2021-10-22 03:26:53,7620.0,200.0,1613300.0
1256,2021-10-22 03:26:53,7620.0,100.0,1613100.0
1257,2021-10-22 03:26:53,7620.0,3100.0,1613000.0
1258,2021-10-22 03:26:53,7620.0,4500.0,1609900.0
1259,2021-10-22 03:26:53,7620.0,5600.0,1605400.0
1260,2021-10-22 03:26:53,7620.0,5600.0,1599800.0
1261,2021-10-22 03:26:53,7620.0,24000.0,1594200.0
1262,2021-10-22 03:26:53,7620.0,10000.0,1570200.0
1263,2021-10-22 03:26:53,7620.0,500.0,1560200.0
1264,2021-10-22 03:26:53,7620.0,2000.0,1559700.0
1265,2021-10-22 03:26:53,7620.0,500.0,1557700.0
1266,2021-10-22 03:26:53,7620.0,2000.0,1557200.0
1267,2021-10-22 03:26:53,7620.0,5000.0,1555200.0
1268,2021-10-22 03:26:53,7620.0,21000.0,1550200.0
1269,2021-10-22 03:26:53,7620.0,30000.0,1529200.0
1270,2021-10-22 03:26:53,7620.0,4900.0,1499200.0
1271,2021-10-22 03:26:53,7620.0,7000.0,1494300.0
1272,2021-10-22 03:26:53,7620.0,13000.0,1487300.0
1273,2021-10-22 03:26:53,7620.0,14500.0,1474300.0
1274,2021-10-22 03:26:53,7620.0,6000.0,1459800.0
1275,2021-10-22 03:26:53,7620.0,200.0,1453800.0
1276,2021-10-22 03:26:51,7620.0,6000.0,1453600.0
1277,2021-10-22 03:26:43,7620.0,1800.0,1447600.0
1278,2021-10-22 03:26:43,7620.0,200.0,1445800.0
1279,2021-10-22 03:26:37,7610.0,1000.0,1445600.0
1280,2021-10-22 03:26:17,7610.0,2000.0,1444600.0
1281,2021-10-22 03:25:48,7610.0,300.0,1442600.0
1282,2021-10-22 03:25:48,7610.0,10000.0,1442300.0
1283,2021-10-22 03:25:48,7610.0,1000.0,1432300.0
1284,2021-10-22 03:25:48,7610.0,100.0,1431300.0
1285,2021-10-22 03:25:48,7610.0,700.0,1431200.0
1286,2021-10-22 03:25:48,7610.0,100.0,1430500.0
1287,2021-10-22 03:25:48,7610.0,100.0,1430400.0
1288,2021-10-22 03:25:48,7610.0,100.0,1430300.0
1289,2021-10-22 03:25:48,7610.0,4000.0,1430200.0
1290,2021-10-22 03:25:48,7610.0,5000.0,1426200.0
1291,2021-10-22 03:25:48,7610.0,300.0,1421200.0
1292,2021-10-22 03:25:48,7610.0,500.0,1420900.0
1293,2021-10-22 03:25:48,7610.0,5000.0,1420400.0
1294,2021-10-22 03:25:48,7610.0,900.0,1415400.0
1295,2021-10-22 03:25:48,7610.0,200.0,1414500.0
1296,2021-10-22 03:25:48,7610.0,3400.0,1414300.0
1297,2021-10-22 03:25:48,7610.0,1000.0,1410900.0
1298,2021-10-22 03:25:48,7610.0,5000.0,1409900.0
1299,2021-10-22 03:25:48,7610.0,1000.0,1404900.0
1300,2021-10-22 03:25:48,7610.0,6000.0,1403900.0
1301,2021-10-22 03:25:48,7610.0,4400.0,1397900.0
1302,2021-10-22 03:25:39,7610.0,600.0,1393500.0
1303,2021-10-22 03:25:39,7610.0,9400.0,1392900.0
1304,2021-10-22 03:25:08,7600.0,1000.0,1383500.0
1305,2021-10-22 03:25:06,7610.0,600.0,1382500.0
1306,2021-10-22 03:25:06,7610.0,700.0,1381900.0
1307,2021-10-22 03:25:06,7610.0,1000.0,1381200.0
1308,2021-10-22 03:25:06,7610.0,2700.0,1380200.0
1309,2021-10-22 03:25:06,7610.0,5000.0,1377500.0
1310,2021-10-22 03:24:46,7600.0,1000.0,1372500.0
1311,2021-10-22 03:24:45,7600.0,2000.0,1371500.0
1312,2021-10-22 03:24:33,7600.0,2500.0,1369500.0
1313,2021-10-22 03:24:21,7600.0,2000.0,1367000.0
1314,2021-10-22 03:24:19,7600.0,1000.0,1365000.0
1315,2021-10-22 03:24:19,7600.0,1000.0,1364000.0
1316,2021-10-22 03:24:19,7600.0,2000.0,1363000.0
1317,2021-10-22 03:24:18,7600.0,3000.0,1361000.0
1318,2021-10-22 03:24:18,7600.0,1000.0,1358000.0
1319,2021-10-22 03:24:18,7600.0,400.0,1357000.0
1320,2021-10-22 03:24:18,7600.0,2000.0,1356600.0
1321,2021-10-22 03:24:18,7600.0,3600.0,1354600.0
1322,2021-10-22 03:24:12,7600.0,700.0,1351000.0
1323,2021-10-22 03:24:08,7600.0,700.0,1350300.0
1324,2021-10-22 03:24:08,7600.0,300.0,1349600.0
1325,2021-10-22 03:24:07,7590.0,400.0,1349300.0
1326,2021-10-22 03:24:03,7600.0,700.0,1348900.0
1327,2021-10-22 03:24:03,7600.0,500.0,1348200.0
1328,2021-10-22 03:24:03,7600.0,6000.0,1347700.0
1329,2021-10-22 03:24:03,7600.0,1000.0,1341700.0
1330,2021-10-22 03:24:03,7600.0,500.0,1340700.0
1331,2021-10-22 03:24:03,7600.0,2500.0,1340200.0
1332,2021-10-22 03:24:03,7600.0,500.0,1337700.0
1333,2021-10-22 03:24:03,7600.0,200.0,1337200.0
1334,2021-10-22 03:24:03,7600.0,1500.0,1337000.0
1335,2021-10-22 03:24:03,7600.0,500.0,1335500.0
1336,2021-10-22 03:24:03,7600.0,10000.0,1335000.0
1337,2021-10-22 03:24:03,7600.0,100.0,1325000.0
1338,2021-10-22 03:24:03,7600.0,5500.0,1324900.0
1339,2021-10-22 03:24:00,7600.0,2000.0,1319400.0
1340,2021-10-22 03:24:00,7600.0,200.0,1317400.0
1341,2021-10-22 03:24:00,7600.0,1000.0,1317200.0
1342,2021-10-22 03:24:00,7600.0,100.0,1316200.0
1343,2021-10-22 03:24:00,7600.0,500.0,1316100.0
1344,2021-10-22 03:24:00,7600.0,1000.0,1315600.0
1345,2021-10-22 03:24:00,7600.0,100.0,1314600.0
1346,2021-10-22 03:24:00,7600.0,2200.0,1314500.0
1347,2021-10-22 03:24:00,7600.0,1000.0,1312300.0
1348,2021-10-22 03:24:00,7600.0,200.0,1311300.0
1349,2021-10-22 03:24:00,7600.0,300.0,1311100.0
1350,2021-10-22 03:24:00,7600.0,1000.0,1310800.0
1351,2021-10-22 03:24:00,7600.0,2000.0,1309800.0
1352,2021-10-22 03:24:00,7600.0,100.0,1307800.0
1353,2021-10-22 03:24:00,7600.0,1500.0,1307700.0
1354,2021-10-22 03:24:00,7600.0,200.0,1306200.0
1355,2021-10-22 03:24:00,7600.0,1100.0,1306000.0
1356,2021-10-22 03:24:00,7600.0,100.0,1304900.0
1357,2021-10-22 03:24:00,7600.0,500.0,1304800.0
1358,2021-10-22 03:24:00,7600.0,500.0,1304300.0
1359,2021-10-22 03:24:00,7600.0,500.0,1303800.0
1360,2021-10-22 03:24:00,7600.0,100.0,1303300.0
1361,2021-10-22 03:24:00,7600.0,5000.0,1303200.0
1362,2021-10-22 03:24:00,7600.0,2000.0,1298200.0
1363,2021-10-22 03:24:00,7600.0,2000.0,1296200.0
1364,2021-10-22 03:24:00,7600.0,500.0,1294200.0
1365,2021-10-22 03:24:00,7600.0,10000.0,1293700.0
1366,2021-10-22 03:24:00,7600.0,500.0,1283700.0
1367,2021-10-22 03:24:00,7600.0,100.0,1283200.0
1368,2021-10-22 03:24:00,7600.0,100.0,1283100.0
1369,2021-10-22 03:24:00,7600.0,2000.0,1283000.0
1370,2021-10-22 03:24:00,7600.0,1000.0,1281000.0
1371,2021-10-22 03:24:00,7600.0,600.0,1280000.0
1372,2021-10-22 03:24:00,7600.0,100.0,1279400.0
1373,2021-10-22 03:24:00,7600.0,500.0,1279300.0
1374,2021-10-22 03:24:00,7600.0,100.0,1278800.0
1375,2021-10-22 03:24:00,7600.0,600.0,1278700.0
1376,2021-10-22 03:24:00,7600.0,500.0,1278100.0
1377,2021-10-22 03:24:00,7600.0,7000.0,1277600.0
1378,2021-10-22 03:24:00,7600.0,2000.0,1270600.0
1379,2021-10-22 03:24:00,7600.0,500.0,1268600.0
1380,2021-10-22 03:24:00,7600.0,4100.0,1268100.0
1381,2021-10-22 03:22:51,7590.0,1000.0,1264000.0
1382,2021-10-22 03:22:47,7590.0,1900.0,1263000.0
1383,2021-10-22 03:22:47,7590.0,3000.0,1261100.0
1384,2021-10-22 03:22:47,7590.0,100.0,1258100.0
1385,2021-10-22 03:22:22,7590.0,100.0,1258000.0
1386,2021-10-22 03:22:00,7590.0,200.0,1257900.0
1387,2021-10-22 03:21:36,7590.0,100.0,1257700.0
1388,2021-10-22 03:21:36,7590.0,5000.0,1257600.0
1389,2021-10-22 03:21:36,7590.0,10000.0,1252600.0
1390,2021-10-22 03:21:36,7590.0,5000.0,1242600.0
1391,2021-10-22 03:21:36,7590.0,400.0,1237600.0
1392,2021-10-22 03:21:36,7590.0,5000.0,1237200.0
1393,2021-10-22 03:21:36,7590.0,2800.0,1232200.0
1394,2021-10-22 03:21:36,7590.0,400.0,1229400.0
1395,2021-10-22 03:21:36,7590.0,1000.0,1229000.0
1396,2021-10-22 03:21:36,7590.0,10000.0,1228000.0
1397,2021-10-22 03:21:36,7590.0,100.0,1218000.0
1398,2021-10-22 03:21:36,7590.0,5000.0,1217900.0
1399,2021-10-22 03:21:36,7590.0,4800.0,1212900.0
1400,2021-10-22 03:21:08,7580.0,1200.0,1208100.0
1401,2021-10-22 03:21:08,7580.0,8000.0,1206900.0
1402,2021-10-22 03:21:08,7580.0,1000.0,1198900.0
1403,2021-10-22 03:21:08,7580.0,200.0,1197900.0
1404,2021-10-22 03:21:08,7580.0,5000.0,1197700.0
1405,2021-10-22 03:21:08,7580.0,500.0,1192700.0
1406,2021-10-22 03:21:08,7580.0,100.0,1192200.0
1407,2021-10-22 03:21:08,7580.0,100.0,1192100.0
1408,2021-10-22 03:21:08,7580.0,500.0,1192000.0
1409,2021-10-22 03:21:08,7580.0,5000.0,1191500.0
1410,2021-10-22 03:21:08,7580.0,500.0,1186500.0
1411,2021-10-22 03:21:08,7580.0,1300.0,1186000.0
1412,2021-10-22 03:20:56,7570.0,200.0,1184700.0
1413,2021-10-22 03:20:52,7570.0,1000.0,1184500.0
1414,2021-10-22 03:20:52,7570.0,500.0,1183500.0
1415,2021-10-22 03:20:52,7570.0,2900.0,1183000.0
1416,2021-10-22 03:20:51,7570.0,2500.0,1180100.0
1417,2021-10-22 03:20:21,7560.0,4700.0,1177600.0
1418,2021-10-22 03:20:19,7570.0,2800.0,1172900.0
1419,2021-10-22 03:19:59,7560.0,1000.0,1170100.0
1420,2021-10-22 03:18:50,7560.0,1000.0,1169100.0
1421,2021-10-22 03:17:53,7560.0,500.0,1168100.0
1422,2021-10-22 03:17:49,7570.0,1800.0,1167600.0
1423,2021-10-22 03:17:49,7570.0,2000.0,1165800.0
1424,2021-10-22 03:17:49,7570.0,2000.0,1163800.0
1425,2021-10-22 03:17:49,7570.0,500.0,1161800.0
1426,2021-10-22 03:17:49,7570.0,100.0,1161300.0
1427,2021-10-22 03:17:49,7570.0,4500.0,1161200.0
1428,2021-10-22 03:17:12,7560.0,2000.0,1156700.0
1429,2021-10-22 03:16:32,7560.0,500.0,1154700.0
1430,2021-10-22 03:16:07,7560.0,10800.0,1154200.0
1431,2021-10-22 03:15:43,7560.0,200.0,1143400.0
1432,2021-10-22 03:15:26,7570.0,500.0,1143200.0
1433,2021-10-22 03:15:22,7570.0,1500.0,1142700.0
1434,2021-10-22 03:15:22,7570.0,13500.0,1141200.0
1435,2021-10-22 03:15:00,7570.0,10000.0,1127700.0
1436,2021-10-22 03:15:00,7570.0,50000.0,1117700.0
1437,2021-10-22 03:15:00,7570.0,17700.0,1067700.0
1438,2021-10-22 03:15:00,7560.0,2400.0,1050000.0
1439,2021-10-22 03:15:00,7560.0,6400.0,1047600.0
1440,2021-10-22 03:14:50,7560.0,500.0,1041200.0
1441,2021-10-22 03:14:15,7560.0,8000.0,1040700.0
1442,2021-10-22 03:14:15,7560.0,7000.0,1032700.0
1443,2021-10-22 03:14:15,7560.0,400.0,1025700.0
1444,2021-10-22 03:14:15,7560.0,100.0,1025300.0
1445,2021-10-22 03:14:15,7560.0,27600.0,1025200.0
1446,2021-10-22 03:14:05,7560.0,7000.0,997600.0
1447,2021-10-22 03:13:45,7560.0,1000.0,990600.0
1448,2021-10-22 03:13:33,7570.0,1000.0,989600.0
1449,2021-10-22 03:13:32,7570.0,7000.0,988600.0
1450,2021-10-22 03:13:32,7570.0,200.0,981600.0
1451,2021-10-22 03:13:32,7570.0,1000.0,981400.0
1452,2021-10-22 03:13:32,7570.0,100.0,980400.0
1453,2021-10-22 03:13:32,7570.0,23000.0,980300.0
1454,2021-10-22 03:11:54,7570.0,3000.0,957300.0
1455,2021-10-22 03:11:54,7570.0,4000.0,954300.0
1456,2021-10-22 03:11:52,7570.0,300.0,950300.0
1457,2021-10-22 03:11:48,7570.0,200.0,950000.0
1458,2021-10-22 03:11:48,7570.0,300.0,949800.0
1459,2021-10-22 03:11:48,7570.0,3500.0,949500.0
1460,2021-10-22 03:11:06,7560.0,100.0,946000.0
1461,2021-10-22 03:10:29,7570.0,2400.0,945900.0
1462,2021-10-22 03:10:29,7570.0,100.0,943500.0
1463,2021-10-22 03:10:29,7570.0,1500.0,943400.0
1464,2021-10-22 03:08:35,7570.0,3500.0,941900.0
1465,2021-10-22 03:08:35,7570.0,1000.0,938400.0
1466,2021-10-22 03:08:35,7570.0,100.0,937400.0
1467,2021-10-22 03:08:31,7570.0,200.0,937300.0
1468,2021-10-22 03:08:23,7570.0,1500.0,937100.0
1469,2021-10-22 03:08:22,7560.0,10000.0,935600.0
1470,2021-10-22 03:08:06,7570.0,2000.0,925600.0
1471,2021-10-22 03:08:00,7570.0,1200.0,923600.0
1472,2021-10-22 03:08:00,7570.0,300.0,922400.0
1473,2021-10-22 03:08:00,7570.0,500.0,922100.0
1474,2021-10-22 03:08:00,7570.0,500.0,921600.0
1475,2021-10-22 03:08:00,7570.0,500.0,921100.0
1476,2021-10-22 03:07:49,7560.0,400.0,920600.0
1477,2021-10-22 03:07:49,7560.0,500.0,920200.0
1478,2021-10-22 03:07:49,7560.0,100.0,919700.0
1479,2021-10-22 03:07:49,7560.0,300.0,919600.0
1480,2021-10-22 03:07:49,7560.0,5000.0,919300.0
1481,2021-10-22 03:07:49,7560.0,6000.0,914300.0
1482,2021-10-22 03:07:49,7560.0,300.0,908300.0
1483,2021-10-22 03:07:49,7560.0,4000.0,908000.0
1484,2021-10-22 03:07:48,7550.0,300.0,904000.0
1485,2021-10-22 03:07:45,7560.0,1000.0,903700.0
1486,2021-10-22 03:07:34,7550.0,100.0,902700.0
1487,2021-10-22 03:07:30,7550.0,5000.0,902600.0
1488,2021-10-22 03:07:18,7550.0,500.0,897600.0
1489,2021-10-22 03:07:12,7550.0,700.0,897100.0
1490,2021-10-22 03:06:53,7550.0,25000.0,896400.0
1491,2021-10-22 03:06:53,7550.0,2000.0,871400.0
1492,2021-10-22 03:06:53,7550.0,300.0,869400.0
1493,2021-10-22 03:06:53,7550.0,15800.0,869100.0
1494,2021-10-22 03:06:47,7540.0,600.0,853300.0
1495,2021-10-22 03:06:14,7550.0,1600.0,852700.0
1496,2021-10-22 03:05:18,7550.0,100.0,851100.0
1497,2021-10-22 03:05:14,7550.0,5000.0,851000.0
1498,2021-10-22 03:05:06,7550.0,2000.0,846000.0
1499,2021-10-22 03:04:56,7550.0,300.0,844000.0
1500,2021-10-22 03:04:50,7550.0,100.0,843700.0
1501,2021-10-22 03:04:48,7550.0,100.0,843600.0
1502,2021-10-22 03:04:28,7540.0,3000.0,843500.0
1503,2021-10-22 03:02:23,7540.0,500.0,840500.0
1504,2021-10-22 03:02:23,7540.0,3700.0,840000.0
1505,2021-10-22 03:02:06,7540.0,5000.0,836300.0
1506,2021-10-22 03:01:47,7540.0,400.0,831300.0
1507,2021-10-22 03:01:38,7540.0,1000.0,830900.0
1508,2021-10-22 03:01:38,7540.0,9600.0,829900.0
1509,2021-10-22 03:01:38,7540.0,500.0,820300.0
1510,2021-10-22 03:01:38,7540.0,100.0,819800.0
1511,2021-10-22 03:01:38,7540.0,100.0,819700.0
1512,2021-10-22 03:01:38,7540.0,500.0,819600.0
1513,2021-10-22 03:01:38,7540.0,10000.0,819100.0
1514,2021-10-22 03:01:38,7540.0,500.0,809100.0
1515,2021-10-22 03:01:38,7540.0,1000.0,808600.0
1516,2021-10-22 03:01:38,7540.0,300.0,807600.0
1517,2021-10-22 03:01:38,7540.0,3000.0,807300.0
1518,2021-10-22 03:01:38,7540.0,10000.0,804300.0
1519,2021-10-22 03:01:38,7540.0,1000.0,794300.0
1520,2021-10-22 03:01:38,7540.0,2000.0,793300.0
1521,2021-10-22 03:01:38,7540.0,500.0,791300.0
1522,2021-10-22 03:01:38,7550.0,800.0,790800.0
1523,2021-10-22 03:01:34,7550.0,900.0,790000.0
1524,2021-10-22 03:01:33,7550.0,3300.0,789100.0
1525,2021-10-22 03:01:32,7550.0,300.0,785800.0
1526,2021-10-22 03:01:13,7550.0,100.0,785500.0
1527,2021-10-22 03:00:51,7550.0,100.0,785400.0
1528,2021-10-22 03:00:28,7550.0,1200.0,785300.0
1529,2021-10-22 03:00:20,7550.0,1800.0,784100.0
1530,2021-10-22 03:00:14,7550.0,3000.0,782300.0
1531,2021-10-22 03:00:06,7550.0,100.0,779300.0
1532,2021-10-22 02:59:58,7550.0,100.0,779200.0
1533,2021-10-22 02:59:52,7550.0,500.0,779100.0
1534,2021-10-22 02:59:52,7550.0,300.0,778600.0
1535,2021-10-22 02:59:52,7550.0,100.0,778300.0
1536,2021-10-22 02:59:52,7550.0,100.0,778200.0
1537,2021-10-22 02:59:52,7550.0,1000.0,778100.0
1538,2021-10-22 02:59:52,7550.0,1000.0,777100.0
1539,2021-10-22 02:59:52,7550.0,300.0,776100.0
1540,2021-10-22 02:59:52,7550.0,1500.0,775800.0
1541,2021-10-22 02:59:01,7540.0,2500.0,774300.0
1542,2021-10-22 02:58:48,7540.0,1300.0,771800.0
1543,2021-10-22 02:58:17,7540.0,2000.0,770500.0
1544,2021-10-22 02:57:57,7540.0,1200.0,768500.0
1545,2021-10-22 02:57:57,7540.0,300.0,767300.0
1546,2021-10-22 02:57:57,7540.0,200.0,767000.0
1547,2021-10-22 02:57:49,7540.0,2000.0,766800.0
1548,2021-10-22 02:57:45,7540.0,1500.0,764800.0
1549,2021-10-22 02:57:45,7540.0,8500.0,763300.0
1550,2021-10-22 02:57:29,7540.0,1000.0,754800.0
1551,2021-10-22 02:57:17,7540.0,500.0,753800.0
1552,2021-10-22 02:57:17,7540.0,500.0,753300.0
1553,2021-10-22 02:57:07,7540.0,200.0,752800.0
1554,2021-10-22 02:57:07,7540.0,400.0,752600.0
1555,2021-10-22 02:56:34,7540.0,1500.0,752200.0
1556,2021-10-22 02:56:21,7530.0,1800.0,750700.0
1557,2021-10-22 02:56:01,7530.0,8700.0,748900.0
1558,2021-10-22 02:56:01,7530.0,100.0,740200.0
1559,2021-10-22 02:56:01,7530.0,1000.0,740100.0
1560,2021-10-22 02:56:01,7530.0,200.0,739100.0
1561,2021-10-22 02:54:06,7540.0,200.0,738900.0
1562,2021-10-22 02:53:51,7540.0,300.0,738700.0
1563,2021-10-22 02:53:51,7540.0,1200.0,738400.0
1564,2021-10-22 02:53:45,7540.0,200.0,737200.0
1565,2021-10-22 02:53:42,7540.0,1000.0,737000.0
1566,2021-10-22 02:53:23,7530.0,1000.0,736000.0
1567,2021-10-22 02:52:54,7530.0,800.0,735000.0
1568,2021-10-22 02:52:54,7530.0,1000.0,734200.0
1569,2021-10-22 02:52:54,7530.0,200.0,733200.0
1570,2021-10-22 02:52:39,7530.0,2000.0,733000.0
1571,2021-10-22 02:52:30,7530.0,2000.0,731000.0
1572,2021-10-22 02:52:29,7550.0,2100.0,729000.0
1573,2021-10-22 02:52:29,7540.0,100.0,726900.0
1574,2021-10-22 02:52:29,7540.0,2800.0,726800.0
1575,2021-10-22 02:52:29,7540.0,5500.0,724000.0
1576,2021-10-22 02:52:26,7540.0,1000.0,718500.0
1577,2021-10-22 02:52:22,7540.0,1000.0,717500.0
1578,2021-10-22 02:52:05,7540.0,100.0,716500.0
1579,2021-10-22 02:52:05,7540.0,200.0,716400.0
1580,2021-10-22 02:52:05,7540.0,100.0,716200.0
1581,2021-10-22 02:52:05,7540.0,9300.0,716100.0
1582,2021-10-22 02:52:04,7540.0,3000.0,706800.0
1583,2021-10-22 02:52:02,7540.0,1000.0,703800.0
1584,2021-10-22 02:51:29,7540.0,1200.0,702800.0
1585,2021-10-22 02:51:29,7540.0,1000.0,701600.0
1586,2021-10-22 02:51:17,7540.0,9000.0,700600.0
1587,2021-10-22 02:51:17,7540.0,1000.0,691600.0
1588,2021-10-22 02:51:15,7550.0,100.0,690600.0
1589,2021-10-22 02:51:14,7540.0,3000.0,690500.0
1590,2021-10-22 02:51:10,7540.0,1000.0,687500.0
1591,2021-10-22 02:51:10,7540.0,1000.0,686500.0
1592,2021-10-22 02:50:47,7540.0,5000.0,685500.0
1593,2021-10-22 02:50:30,7540.0,1000.0,680500.0
1594,2021-10-22 02:50:03,7550.0,1300.0,679500.0
1595,2021-10-22 02:50:03,7540.0,3000.0,678200.0
1596,2021-10-22 02:50:01,7540.0,1000.0,675200.0
1597,2021-10-22 02:49:30,7550.0,200.0,674200.0
1598,2021-10-22 02:49:30,7550.0,2000.0,674000.0
1599,2021-10-22 02:49:30,7550.0,300.0,672000.0
1600,2021-10-22 02:49:30,7550.0,2000.0,671700.0
1601,2021-10-22 02:49:30,7550.0,200.0,669700.0
1602,2021-10-22 02:49:30,7550.0,500.0,669500.0
1603,2021-10-22 02:49:30,7550.0,100.0,669000.0
1604,2021-10-22 02:49:30,7550.0,400.0,668900.0
1605,2021-10-22 02:49:30,7550.0,400.0,668500.0
1606,2021-10-22 02:49:10,7550.0,3600.0,668100.0
1607,2021-10-22 02:49:10,7550.0,300.0,664500.0
1608,2021-10-22 02:49:10,7550.0,500.0,664200.0
1609,2021-10-22 02:49:10,7550.0,200.0,663700.0
1610,2021-10-22 02:49:10,7550.0,200.0,663500.0
1611,2021-10-22 02:49:10,7550.0,200.0,663300.0
1612,2021-10-22 02:49:07,7550.0,100.0,663100.0
1613,2021-10-22 02:48:57,7550.0,5700.0,663000.0
1614,2021-10-22 02:48:57,7550.0,12300.0,657300.0
1615,2021-10-22 02:48:57,7550.0,2000.0,645000.0
1616,2021-10-22 02:48:32,7550.0,1000.0,643000.0
1617,2021-10-22 02:48:07,7560.0,200.0,642000.0
1618,2021-10-22 02:48:06,7560.0,100.0,641800.0
1619,2021-10-22 02:48:04,7560.0,100.0,641700.0
1620,2021-10-22 02:48:04,7560.0,1500.0,641600.0
1621,2021-10-22 02:47:48,7560.0,1000.0,640100.0
1622,2021-10-22 02:47:48,7560.0,1000.0,639100.0
1623,2021-10-22 02:47:42,7560.0,1000.0,638100.0
1624,2021-10-22 02:47:11,7550.0,1000.0,637100.0
1625,2021-10-22 02:47:01,7550.0,3000.0,636100.0
1626,2021-10-22 02:46:43,7560.0,6000.0,633100.0
1627,2021-10-22 02:46:05,7550.0,300.0,627100.0
1628,2021-10-22 02:45:41,7550.0,1000.0,626800.0
1629,2021-10-22 02:45:18,7570.0,1500.0,625800.0
1630,2021-10-22 02:45:18,7570.0,500.0,624300.0
1631,2021-10-22 02:45:18,7570.0,100.0,623800.0
1632,2021-10-22 02:45:18,7560.0,400.0,623700.0
1633,2021-10-22 02:45:18,7560.0,2500.0,623300.0
1634,2021-10-22 02:45:17,7560.0,4000.0,620800.0
1635,2021-10-22 02:45:05,7550.0,700.0,616800.0
1636,2021-10-22 02:45:00,7550.0,1000.0,616100.0
1637,2021-10-22 02:44:59,7560.0,500.0,615100.0
1638,2021-10-22 02:44:45,7560.0,600.0,614600.0
1639,2021-10-22 02:44:33,7560.0,300.0,614000.0
1640,2021-10-22 02:44:33,7560.0,3000.0,613700.0
1641,2021-10-22 02:44:33,7560.0,1000.0,610700.0
1642,2021-10-22 02:44:33,7560.0,1000.0,609700.0
1643,2021-10-22 02:44:33,7560.0,7100.0,608700.0
1644,2021-10-22 02:44:12,7570.0,200.0,601600.0
1645,2021-10-22 02:43:42,7560.0,2000.0,601400.0
1646,2021-10-22 02:43:16,7570.0,300.0,599400.0
1647,2021-10-22 02:42:56,7570.0,400.0,599100.0
1648,2021-10-22 02:42:47,7580.0,900.0,598700.0
1649,2021-10-22 02:42:47,7580.0,11400.0,597800.0
1650,2021-10-22 02:42:47,7570.0,2700.0,586400.0
1651,2021-10-22 02:42:42,7570.0,200.0,583700.0
1652,2021-10-22 02:42:42,7570.0,100.0,583500.0
1653,2021-10-22 02:42:13,7580.0,6900.0,583400.0
1654,2021-10-22 02:42:13,7580.0,1000.0,576500.0
1655,2021-10-22 02:42:13,7580.0,100.0,575500.0
1656,2021-10-22 02:42:13,7580.0,600.0,575400.0
1657,2021-10-22 02:42:12,7580.0,1400.0,574800.0
1658,2021-10-22 02:42:12,7580.0,1600.0,573400.0
1659,2021-10-22 02:42:03,7580.0,2000.0,571800.0
1660,2021-10-22 02:42:03,7580.0,2500.0,569800.0
1661,2021-10-22 02:42:00,7580.0,1000.0,567300.0
1662,2021-10-22 02:41:56,7580.0,300.0,566300.0
1663,2021-10-22 02:41:52,7580.0,20000.0,566000.0
1664,2021-10-22 02:41:51,7580.0,2000.0,546000.0
1665,2021-10-22 02:41:42,7580.0,600.0,544000.0
1666,2021-10-22 02:41:42,7580.0,2000.0,543400.0
1667,2021-10-22 02:41:42,7580.0,300.0,541400.0
1668,2021-10-22 02:41:42,7580.0,100.0,541100.0
1669,2021-10-22 02:41:26,7590.0,200.0,541000.0
1670,2021-10-22 02:40:26,7590.0,2500.0,540800.0
1671,2021-10-22 02:40:13,7580.0,1900.0,538300.0
1672,2021-10-22 02:40:13,7580.0,100.0,536400.0
1673,2021-10-22 02:40:13,7580.0,3000.0,536300.0
1674,2021-10-22 02:40:12,7580.0,500.0,533300.0
1675,2021-10-22 02:40:02,7590.0,32500.0,532800.0
1676,2021-10-22 02:39:56,7590.0,500.0,500300.0
1677,2021-10-22 02:39:56,7590.0,100.0,499800.0
1678,2021-10-22 02:39:56,7590.0,200.0,499700.0
1679,2021-10-22 02:39:56,7590.0,16700.0,499500.0
1680,2021-10-22 02:39:36,7590.0,16000.0,482800.0
1681,2021-10-22 02:39:30,7580.0,2000.0,466800.0
1682,2021-10-22 02:39:02,7580.0,1000.0,464800.0
1683,2021-10-22 02:38:59,7580.0,500.0,463800.0
1684,2021-10-22 02:38:53,7580.0,3000.0,463300.0
1685,2021-10-22 02:38:40,7580.0,7000.0,460300.0
1686,2021-10-22 02:38:40,7580.0,3000.0,453300.0
1687,2021-10-22 02:38:23,7580.0,1000.0,450300.0
1688,2021-10-22 02:38:11,7590.0,100.0,449300.0
1689,2021-10-22 02:38:06,7590.0,800.0,449200.0
1690,2021-10-22 02:37:59,7590.0,2000.0,448400.0
1691,2021-10-22 02:37:59,7590.0,4400.0,446400.0
1692,2021-10-22 02:37:58,7590.0,1000.0,442000.0
1693,2021-10-22 02:37:05,7600.0,900.0,441000.0
1694,2021-10-22 02:37:05,7600.0,100.0,440100.0
1695,2021-10-22 02:37:04,7590.0,1000.0,440000.0
1696,2021-10-22 02:36:47,7590.0,100.0,439000.0
1697,2021-10-22 02:36:31,7590.0,1000.0,438900.0
1698,2021-10-22 02:36:31,7590.0,1000.0,437900.0
1699,2021-10-22 02:36:31,7590.0,100.0,436900.0
1700,2021-10-22 02:36:31,7590.0,1000.0,436800.0
1701,2021-10-22 02:36:31,7590.0,1900.0,435800.0
1702,2021-10-22 02:36:13,7590.0,100.0,433900.0
1703,2021-10-22 02:36:07,7580.0,2000.0,433800.0
1704,2021-10-22 02:36:01,7580.0,1000.0,431800.0
1705,2021-10-22 02:34:27,7580.0,5000.0,430800.0
1706,2021-10-22 02:34:27,7580.0,200.0,425800.0
1707,2021-10-22 02:34:27,7580.0,1000.0,425600.0
1708,2021-10-22 02:34:27,7580.0,1300.0,424600.0
1709,2021-10-22 02:34:02,7580.0,500.0,423300.0
1710,2021-10-22 02:34:00,7580.0,500.0,422800.0
1711,2021-10-22 02:33:57,7580.0,500.0,422300.0
1712,2021-10-22 02:33:30,7560.0,900.0,421800.0
1713,2021-10-22 02:33:30,7570.0,100.0,420900.0
1714,2021-10-22 02:33:09,7580.0,500.0,420800.0
1715,2021-10-22 02:33:09,7580.0,500.0,420300.0
1716,2021-10-22 02:33:09,7580.0,1200.0,419800.0
1717,2021-10-22 02:32:53,7590.0,1000.0,418600.0
1718,2021-10-22 02:32:42,7600.0,200.0,417600.0
1719,2021-10-22 02:32:41,7600.0,6700.0,417400.0
1720,2021-10-22 02:32:38,7600.0,7400.0,410700.0
1721,2021-10-22 02:32:38,7600.0,1300.0,403300.0
1722,2021-10-22 02:32:38,7600.0,1300.0,402000.0
1723,2021-10-22 02:32:36,7600.0,900.0,400700.0
1724,2021-10-22 02:32:28,7600.0,5000.0,399800.0
1725,2021-10-22 02:32:15,7600.0,2000.0,394800.0
1726,2021-10-22 02:32:11,7600.0,2500.0,392800.0
1727,2021-10-22 02:32:05,7600.0,5500.0,390300.0
1728,2021-10-22 02:32:05,7600.0,2000.0,384800.0
1729,2021-10-22 02:32:05,7600.0,500.0,382800.0
1730,2021-10-22 02:32:05,7600.0,300.0,382300.0
1731,2021-10-22 02:32:05,7600.0,5000.0,382000.0
1732,2021-10-22 02:31:47,7600.0,1000.0,377000.0
1733,2021-10-22 02:31:35,7600.0,1000.0,376000.0
1734,2021-10-22 02:31:26,7600.0,1000.0,375000.0
1735,2021-10-22 02:31:26,7600.0,700.0,374000.0
1736,2021-10-22 02:31:13,7600.0,1000.0,373300.0
1737,2021-10-22 02:31:07,7600.0,3300.0,372300.0
1738,2021-10-22 02:31:07,7600.0,5000.0,369000.0
1739,2021-10-22 02:31:07,7600.0,700.0,364000.0
1740,2021-10-22 02:31:06,7600.0,1000.0,363300.0
1741,2021-10-22 02:31:02,7610.0,10000.0,362300.0
1742,2021-10-22 02:31:02,7610.0,900.0,352300.0
1743,2021-10-22 02:31:02,7610.0,2300.0,351400.0
1744,2021-10-22 02:30:39,7600.0,300.0,349100.0
1745,2021-10-22 02:30:39,7600.0,2700.0,348800.0
1746,2021-10-22 02:30:33,7610.0,5100.0,346100.0
1747,2021-10-22 02:30:28,7610.0,1000.0,341000.0
1748,2021-10-22 02:30:25,7600.0,100.0,340000.0
1749,2021-10-22 02:30:15,7610.0,1600.0,339900.0
1750,2021-10-22 02:30:14,7610.0,5000.0,338300.0
1751,2021-10-22 02:30:14,7610.0,3400.0,333300.0
1752,2021-10-22 02:29:57,7600.0,1000.0,329900.0
1753,2021-10-22 02:29:56,7610.0,26600.0,328900.0
1754,2021-10-22 02:29:56,7610.0,100.0,302300.0
1755,2021-10-22 02:29:46,7600.0,8900.0,302200.0
1756,2021-10-22 02:29:45,7600.0,200.0,293300.0
1757,2021-10-22 02:29:44,7600.0,1000.0,293100.0
1758,2021-10-22 02:29:44,7600.0,300.0,292100.0
1759,2021-10-22 02:29:44,7600.0,200.0,291800.0
1760,2021-10-22 02:29:44,7600.0,2300.0,291600.0
1761,2021-10-22 02:29:44,7600.0,1000.0,289300.0
1762,2021-10-22 02:29:44,7600.0,2000.0,288300.0
1763,2021-10-22 02:29:44,7600.0,500.0,286300.0
1764,2021-10-22 02:29:44,7600.0,5000.0,285800.0
1765,2021-10-22 02:29:44,7600.0,1000.0,280800.0
1766,2021-10-22 02:29:44,7600.0,2000.0,279800.0
1767,2021-10-22 02:29:44,7600.0,300.0,277800.0
1768,2021-10-22 02:29:44,7600.0,6100.0,277500.0
1769,2021-10-22 02:29:44,7600.0,300.0,271400.0
1770,2021-10-22 02:29:44,7600.0,100.0,271100.0
1771,2021-10-22 02:29:44,7600.0,3000.0,271000.0
1772,2021-10-22 02:29:44,7600.0,30000.0,268000.0
1773,2021-10-22 02:29:44,7600.0,300.0,238000.0
1774,2021-10-22 02:29:44,7600.0,2000.0,237700.0
1775,2021-10-22 02:29:44,7600.0,10000.0,235700.0
1776,2021-10-22 02:29:44,7600.0,300.0,225700.0
1777,2021-10-22 02:29:44,7600.0,2000.0,225400.0
1778,2021-10-22 02:29:44,7600.0,1600.0,223400.0
1779,2021-10-22 02:29:44,7600.0,10000.0,221800.0
1780,2021-10-22 02:29:44,7600.0,100.0,211800.0
1781,2021-10-22 02:29:44,7600.0,5000.0,211700.0
1782,2021-10-22 02:29:44,7600.0,200.0,206700.0
1783,2021-10-22 02:29:44,7600.0,500.0,206500.0
1784,2021-10-22 02:29:43,7580.0,200.0,206000.0
1785,2021-10-22 02:29:39,7590.0,200.0,205800.0
1786,2021-10-22 02:29:39,7590.0,3000.0,205600.0
1787,2021-10-22 02:29:39,7590.0,500.0,202600.0
1788,2021-10-22 02:29:39,7590.0,3000.0,202100.0
1789,2021-10-22 02:29:39,7590.0,1000.0,199100.0
1790,2021-10-22 02:29:39,7590.0,10000.0,198100.0
1791,2021-10-22 02:29:39,7590.0,2000.0,188100.0
1792,2021-10-22 02:29:39,7590.0,2000.0,186100.0
1793,2021-10-22 02:29:39,7590.0,500.0,184100.0
1794,2021-10-22 02:29:39,7590.0,1000.0,183600.0
1795,2021-10-22 02:29:39,7590.0,2000.0,182600.0
1796,2021-10-22 02:29:39,7590.0,500.0,180600.0
1797,2021-10-22 02:29:39,7590.0,100.0,180100.0
1798,2021-10-22 02:29:39,7590.0,900.0,180000.0
1799,2021-10-22 02:29:27,7580.0,500.0,179100.0
1800,2021-10-22 02:29:24,7580.0,100.0,178600.0
1801,2021-10-22 02:29:24,7580.0,500.0,178500.0
1802,2021-10-22 02:29:24,7580.0,7500.0,178000.0
1803,2021-10-22 02:29:17,7580.0,3000.0,170500.0
1804,2021-10-22 02:29:03,7580.0,3000.0,167500.0
1805,2021-10-22 02:28:44,7580.0,800.0,164500.0
1806,2021-10-22 02:28:44,7580.0,100.0,163700.0
1807,2021-10-22 02:28:41,7580.0,200.0,163600.0
1808,2021-10-22 02:28:41,7580.0,1000.0,163400.0
1809,2021-10-22 02:28:41,7580.0,400.0,162400.0
1810,2021-10-22 02:28:41,7580.0,3400.0,162000.0
1811,2021-10-22 02:28:34,7570.0,1000.0,158600.0
1812,2021-10-22 02:27:53,7570.0,200.0,157600.0
1813,2021-10-22 02:27:43,7570.0,1000.0,157400.0
1814,2021-10-22 02:27:30,7580.0,2100.0,156400.0
1815,2021-10-22 02:27:30,7580.0,2000.0,154300.0
1816,2021-10-22 02:27:30,7580.0,100.0,152300.0
1817,2021-10-22 02:27:23,7570.0,700.0,152200.0
1818,2021-10-22 02:27:23,7570.0,1300.0,151500.0
1819,2021-10-22 02:27:19,7570.0,500.0,150200.0
1820,2021-10-22 02:27:11,7570.0,200.0,149700.0
1821,2021-10-22 02:27:01,7570.0,400.0,149500.0
1822,2021-10-22 02:27:01,7570.0,7600.0,149100.0
1823,2021-10-22 02:26:43,7570.0,2400.0,141500.0
1824,2021-10-22 02:26:43,7570.0,1600.0,139100.0
1825,2021-10-22 02:26:43,7560.0,1000.0,137500.0
1826,2021-10-22 02:25:58,7560.0,200.0,136500.0
1827,2021-10-22 02:25:58,7560.0,13900.0,136300.0
1828,2021-10-22 02:25:00,7560.0,1100.0,122400.0
1829,2021-10-22 02:24:30,7560.0,900.0,121300.0
1830,2021-10-22 02:24:30,7560.0,1100.0,120400.0
1831,2021-10-22 02:24:16,7570.0,1900.0,119300.0
1832,2021-10-22 02:24:13,7570.0,200.0,117400.0
1833,2021-10-22 02:23:59,7570.0,500.0,117200.0
1834,2021-10-22 02:23:57,7570.0,1000.0,116700.0
1835,2021-10-22 02:23:57,7570.0,5000.0,115700.0
1836,2021-10-22 02:23:57,7570.0,500.0,110700.0
1837,2021-10-22 02:23:57,7570.0,900.0,110200.0
1838,2021-10-22 02:23:53,7560.0,3000.0,109300.0
1839,2021-10-22 02:23:47,7560.0,300.0,106300.0
1840,2021-10-22 02:23:46,7560.0,4800.0,106000.0
1841,2021-10-22 02:23:43,7560.0,800.0,101200.0
1842,2021-10-22 02:23:43,7560.0,300.0,100400.0
1843,2021-10-22 02:23:43,7560.0,200.0,100100.0
1844,2021-10-22 02:23:43,7560.0,100.0,99900.0
1845,2021-10-22 02:23:43,7560.0,2200.0,99800.0
1846,2021-10-22 02:23:39,7560.0,2800.0,97600.0
1847,2021-10-22 02:23:21,7570.0,100.0,94800.0
1848,2021-10-22 02:23:09,7560.0,1000.0,94700.0
1849,2021-10-22 02:22:58,7560.0,500.0,93700.0
1850,2021-10-22 02:22:56,7560.0,500.0,93200.0
1851,2021-10-22 02:22:21,7560.0,6000.0,92700.0
1852,2021-10-22 02:21:08,7560.0,2000.0,86700.0
1853,2021-10-22 02:20:28,7560.0,1000.0,84700.0
1854,2021-10-22 02:20:05,7560.0,200.0,83700.0
1855,2021-10-22 02:20:05,7560.0,100.0,83500.0
1856,2021-10-22 02:19:50,7550.0,100.0,83400.0
1857,2021-10-22 02:19:33,7530.0,2000.0,83300.0
1858,2021-10-22 02:18:58,7550.0,600.0,81300.0
1859,2021-10-22 02:18:49,7550.0,4300.0,80700.0
1860,2021-10-22 02:18:49,7550.0,700.0,76400.0
1861,2021-10-22 02:18:49,7550.0,5000.0,75700.0
1862,2021-10-22 02:18:49,7530.0,1800.0,70700.0
1863,2021-10-22 02:18:49,7530.0,700.0,68900.0
1864,2021-10-22 02:18:46,7530.0,4000.0,68200.0
1865,2021-10-22 02:18:46,7530.0,200.0,64200.0
1866,2021-10-22 02:18:46,7540.0,800.0,64000.0
1867,2021-10-22 02:17:49,7530.0,800.0,63200.0
1868,2021-10-22 02:17:49,7530.0,100.0,62400.0
1869,2021-10-22 02:17:49,7530.0,100.0,62300.0
1870,2021-10-22 02:17:49,7530.0,500.0,62200.0
1871,2021-10-22 02:17:49,7550.0,3300.0,61700.0
1872,2021-10-22 02:17:46,7550.0,1000.0,58400.0
1873,2021-10-22 02:17:46,7550.0,1000.0,57400.0
1874,2021-10-22 02:17:46,7550.0,1000.0,56400.0
1875,2021-10-22 02:17:46,7550.0,2000.0,55400.0
1876,2021-10-22 02:17:46,7550.0,500.0,53400.0
1877,2021-10-22 02:17:46,7550.0,1000.0,52900.0
1878,2021-10-22 02:17:46,7550.0,100.0,51900.0
1879,2021-10-22 02:17:46,7540.0,100.0,51800.0
1880,2021-10-22 02:17:16,7530.0,500.0,51700.0
1881,2021-10-22 02:17:02,7520.0,6200.0,51200.0
1882,2021-10-22 02:17:02,7520.0,1000.0,45000.0
1883,2021-10-22 02:17:02,7520.0,500.0,44000.0
1884,2021-10-22 02:17:02,7520.0,1000.0,43500.0
1885,2021-10-22 02:17:02,7520.0,200.0,42500.0
1886,2021-10-22 02:17:02,7520.0,1000.0,42300.0
1887,2021-10-22 02:17:02,7520.0,100.0,41300.0
1888,2021-10-22 02:16:37,7530.0,5000.0,41200.0
1889,2021-10-22 02:16:37,7520.0,1000.0,36200.0
1890,2021-10-22 02:16:37,7520.0,3400.0,35200.0
1891,2021-10-22 02:16:37,7520.0,600.0,31800.0
1892,2021-10-22 02:16:17,7530.0,400.0,31200.0
1893,2021-10-22 02:16:17,7530.0,4100.0,30800.0
1894,2021-10-22 02:15:44,7530.0,3800.0,26700.0
1895,2021-10-22 02:15:30,7530.0,6200.0,22900.0
1896,2021-10-22 02:15:30,7530.0,1000.0,16700.0
1897,2021-10-22 02:15:00,7530.0,2200.0,15700.0
1898,2021-10-22 02:15:00,7530.0,2900.0,13500.0
1899,2021-10-22 02:15:00,7530.0,200.0,10600.0
1900,2021-10-22 02:15:00,7530.0,4100.0,10400.0
1901,2021-10-22 02:15:00,7530.0,1500.0,6300.0
1902,2021-10-22 02:15:00,7530.0,200.0,4800.0
1903,2021-10-22 02:15:00,7530.0,100.0,4600.0
1904,2021-10-22 02:15:00,7530.0,1000.0,4500.0
1905,2021-10-22 02:15:00,7530.0,200.0,3500.0
1906,2021-10-22 02:15:00,7530.0,800.0,3300.0
1907,2021-10-22 02:15:00,7530.0,200.0,2500.0
1908,2021-10-22 02:15:00,7530.0,1500.0,2300.0
1909,2021-10-22 02:15:00,7530.0,100.0,800.0
1910,2021-10-22 02:15:00,7530.0,500.0,700.0
1911,2021-10-22 02:15:00,7530.0,200.0,200.0
