,Time,Price,Volume_per_trade,Volume
0,2021-10-21 07:45:02,7520.0,500.0,3612900.0
1,2021-10-21 07:45:02,7520.0,1000.0,3612400.0
2,2021-10-21 07:45:02,7520.0,300.0,3611400.0
3,2021-10-21 07:45:02,7520.0,100.0,3611100.0
4,2021-10-21 07:45:02,7520.0,100.0,3611000.0
5,2021-10-21 07:45:02,7520.0,1000.0,3610900.0
6,2021-10-21 07:45:02,7520.0,1000.0,3609900.0
7,2021-10-21 07:45:02,7520.0,4700.0,3608900.0
8,2021-10-21 07:45:02,7520.0,100.0,3604200.0
9,2021-10-21 07:45:02,7520.0,200.0,3604100.0
10,2021-10-21 07:45:02,7520.0,1000.0,3603900.0
11,2021-10-21 07:45:02,7520.0,700.0,3602900.0
12,2021-10-21 07:45:02,7520.0,500.0,3602200.0
13,2021-10-21 07:45:02,7520.0,2000.0,3601700.0
14,2021-10-21 07:45:02,7520.0,2000.0,3599700.0
15,2021-10-21 07:45:02,7520.0,600.0,3597700.0
16,2021-10-21 07:45:02,7520.0,1000.0,3597100.0
17,2021-10-21 07:45:02,7520.0,2000.0,3596100.0
18,2021-10-21 07:45:02,7520.0,21400.0,3594100.0
19,2021-10-21 07:45:02,7520.0,3000.0,3572700.0
20,2021-10-21 07:45:02,7520.0,5000.0,3569700.0
21,2021-10-21 07:45:02,7520.0,30000.0,3564700.0
22,2021-10-21 07:45:02,7520.0,300.0,3534700.0
23,2021-10-21 07:45:02,7520.0,200.0,3534400.0
24,2021-10-21 07:45:02,7520.0,100.0,3534200.0
25,2021-10-21 07:45:02,7520.0,10000.0,3534100.0
26,2021-10-21 07:45:02,7520.0,3000.0,3524100.0
27,2021-10-21 07:45:02,7520.0,200.0,3521100.0
28,2021-10-21 07:45:02,7520.0,1000.0,3520900.0
29,2021-10-21 07:45:02,7520.0,100.0,3519900.0
30,2021-10-21 07:45:02,7520.0,500.0,3519800.0
31,2021-10-21 07:45:02,7520.0,4000.0,3519300.0
32,2021-10-21 07:45:02,7520.0,100.0,3515300.0
33,2021-10-21 07:45:02,7520.0,300.0,3515200.0
34,2021-10-21 07:45:02,7520.0,100.0,3514900.0
35,2021-10-21 07:45:02,7520.0,100.0,3514800.0
36,2021-10-21 07:45:02,7520.0,2000.0,3514700.0
37,2021-10-21 07:45:02,7520.0,3000.0,3512700.0
38,2021-10-21 07:45:02,7520.0,300.0,3509700.0
39,2021-10-21 07:45:02,7520.0,1000.0,3509400.0
40,2021-10-21 07:45:02,7520.0,500.0,3508400.0
41,2021-10-21 07:45:02,7520.0,100.0,3507900.0
42,2021-10-21 07:45:02,7520.0,200.0,3507800.0
43,2021-10-21 07:45:02,7520.0,3000.0,3507600.0
44,2021-10-21 07:45:02,7520.0,5000.0,3504600.0
45,2021-10-21 07:45:02,7520.0,300.0,3499600.0
46,2021-10-21 07:45:02,7520.0,2000.0,3499300.0
47,2021-10-21 07:45:02,7520.0,1000.0,3497300.0
48,2021-10-21 07:45:02,7520.0,500.0,3496300.0
49,2021-10-21 07:45:02,7520.0,700.0,3495800.0
50,2021-10-21 07:45:02,7520.0,1000.0,3495100.0
51,2021-10-21 07:29:55,7540.0,100.0,3494100.0
52,2021-10-21 07:28:34,7520.0,18600.0,3494000.0
53,2021-10-21 07:28:34,7530.0,600.0,3475400.0
54,2021-10-21 07:28:34,7530.0,100.0,3474800.0
55,2021-10-21 07:28:34,7530.0,700.0,3474700.0
56,2021-10-21 07:28:19,7530.0,300.0,3474000.0
57,2021-10-21 07:28:19,7530.0,700.0,3473700.0
58,2021-10-21 07:27:39,7530.0,100.0,3473000.0
59,2021-10-21 07:27:27,7530.0,2000.0,3472900.0
60,2021-10-21 07:27:09,7530.0,37400.0,3470900.0
61,2021-10-21 07:27:09,7530.0,1000.0,3433500.0
62,2021-10-21 07:27:09,7530.0,1100.0,3432500.0
63,2021-10-21 07:27:09,7530.0,30000.0,3431400.0
64,2021-10-21 07:27:09,7530.0,2000.0,3401400.0
65,2021-10-21 07:27:09,7540.0,2000.0,3399400.0
66,2021-10-21 07:27:09,7540.0,200.0,3397400.0
67,2021-10-21 07:27:09,7540.0,100.0,3397200.0
68,2021-10-21 07:27:09,7540.0,900.0,3397100.0
69,2021-10-21 07:27:09,7540.0,5900.0,3396200.0
70,2021-10-21 07:27:09,7540.0,600.0,3390300.0
71,2021-10-21 07:27:09,7540.0,18800.0,3389700.0
72,2021-10-21 07:26:52,7550.0,700.0,3370900.0
73,2021-10-21 07:26:40,7550.0,3500.0,3370200.0
74,2021-10-21 07:26:22,7550.0,200.0,3366700.0
75,2021-10-21 07:25:47,7550.0,200.0,3366500.0
76,2021-10-21 07:25:47,7550.0,100.0,3366300.0
77,2021-10-21 07:25:47,7550.0,1500.0,3366200.0
78,2021-10-21 07:25:47,7550.0,500.0,3364700.0
79,2021-10-21 07:25:47,7550.0,2000.0,3364200.0
80,2021-10-21 07:25:04,7560.0,8000.0,3362200.0
81,2021-10-21 07:24:47,7550.0,1000.0,3354200.0
82,2021-10-21 07:24:47,7550.0,1000.0,3353200.0
83,2021-10-21 07:24:47,7550.0,2900.0,3352200.0
84,2021-10-21 07:24:47,7560.0,3000.0,3349300.0
85,2021-10-21 07:24:47,7560.0,1100.0,3346300.0
86,2021-10-21 07:24:35,7560.0,500.0,3345200.0
87,2021-10-21 07:24:35,7560.0,7000.0,3344700.0
88,2021-10-21 07:24:35,7560.0,100.0,3337700.0
89,2021-10-21 07:24:35,7560.0,700.0,3337600.0
90,2021-10-21 07:24:35,7560.0,500.0,3336900.0
91,2021-10-21 07:24:35,7560.0,100.0,3336400.0
92,2021-10-21 07:23:28,7560.0,500.0,3336300.0
93,2021-10-21 07:23:12,7560.0,100.0,3335800.0
94,2021-10-21 07:23:11,7560.0,900.0,3335700.0
95,2021-10-21 07:22:42,7560.0,2000.0,3334800.0
96,2021-10-21 07:22:20,7550.0,2100.0,3332800.0
97,2021-10-21 07:22:20,7550.0,300.0,3330700.0
98,2021-10-21 07:22:20,7550.0,100.0,3330400.0
99,2021-10-21 07:22:20,7550.0,1700.0,3330300.0
100,2021-10-21 07:22:20,7550.0,9600.0,3328600.0
101,2021-10-21 07:22:20,7560.0,4200.0,3319000.0
102,2021-10-21 07:22:13,7560.0,2000.0,3314800.0
103,2021-10-21 07:22:13,7560.0,500.0,3312800.0
104,2021-10-21 07:22:13,7560.0,3300.0,3312300.0
105,2021-10-21 07:21:41,7560.0,6700.0,3309000.0
106,2021-10-21 07:21:41,7560.0,200.0,3302300.0
107,2021-10-21 07:21:41,7560.0,100.0,3302100.0
108,2021-10-21 07:21:21,7560.0,3000.0,3302000.0
109,2021-10-21 07:21:00,7550.0,400.0,3299000.0
110,2021-10-21 07:21:00,7550.0,100.0,3298600.0
111,2021-10-21 07:20:02,7560.0,5900.0,3298500.0
112,2021-10-21 07:19:55,7560.0,4100.0,3292600.0
113,2021-10-21 07:19:55,7560.0,100.0,3288500.0
114,2021-10-21 07:19:55,7560.0,800.0,3288400.0
115,2021-10-21 07:19:55,7560.0,2000.0,3287600.0
116,2021-10-21 07:18:01,7560.0,1000.0,3285600.0
117,2021-10-21 07:17:55,7560.0,300.0,3284600.0
118,2021-10-21 07:17:31,7550.0,100.0,3284300.0
119,2021-10-21 07:17:19,7550.0,1000.0,3284200.0
120,2021-10-21 07:17:07,7550.0,3500.0,3283200.0
121,2021-10-21 07:17:07,7550.0,2500.0,3279700.0
122,2021-10-21 07:17:07,7550.0,900.0,3277200.0
123,2021-10-21 07:17:07,7550.0,13000.0,3276300.0
124,2021-10-21 07:16:53,7550.0,2000.0,3263300.0
125,2021-10-21 07:16:29,7550.0,2000.0,3261300.0
126,2021-10-21 07:16:29,7550.0,5000.0,3259300.0
127,2021-10-21 07:16:29,7550.0,700.0,3254300.0
128,2021-10-21 07:16:29,7550.0,10000.0,3253600.0
129,2021-10-21 07:16:29,7550.0,2000.0,3243600.0
130,2021-10-21 07:16:29,7550.0,300.0,3241600.0
131,2021-10-21 07:16:21,7540.0,1000.0,3241300.0
132,2021-10-21 07:16:15,7540.0,200.0,3240300.0
133,2021-10-21 07:16:15,7540.0,200.0,3240100.0
134,2021-10-21 07:16:15,7540.0,3400.0,3239900.0
135,2021-10-21 07:15:13,7540.0,9600.0,3236500.0
136,2021-10-21 07:15:13,7540.0,500.0,3226900.0
137,2021-10-21 07:15:13,7540.0,6500.0,3226400.0
138,2021-10-21 07:15:10,7540.0,3000.0,3219900.0
139,2021-10-21 07:14:56,7540.0,3000.0,3216900.0
140,2021-10-21 07:14:56,7540.0,1000.0,3213900.0
141,2021-10-21 07:14:56,7540.0,200.0,3212900.0
142,2021-10-21 07:14:52,7540.0,3400.0,3212700.0
143,2021-10-21 07:14:39,7540.0,1000.0,3209300.0
144,2021-10-21 07:14:32,7540.0,5900.0,3208300.0
145,2021-10-21 07:14:17,7540.0,5000.0,3202400.0
146,2021-10-21 07:14:17,7540.0,100.0,3197400.0
147,2021-10-21 07:13:55,7540.0,200.0,3197300.0
148,2021-10-21 07:13:43,7540.0,700.0,3197100.0
149,2021-10-21 07:13:43,7540.0,100.0,3196400.0
150,2021-10-21 07:13:43,7540.0,200.0,3196300.0
151,2021-10-21 07:13:03,7540.0,1000.0,3196100.0
152,2021-10-21 07:12:59,7540.0,3800.0,3195100.0
153,2021-10-21 07:12:59,7540.0,100.0,3191300.0
154,2021-10-21 07:12:59,7540.0,200.0,3191200.0
155,2021-10-21 07:12:59,7540.0,900.0,3191000.0
156,2021-10-21 07:12:37,7540.0,100.0,3190100.0
157,2021-10-21 07:12:35,7530.0,4800.0,3190000.0
158,2021-10-21 07:12:26,7530.0,10000.0,3185200.0
159,2021-10-21 07:12:24,7530.0,100.0,3175200.0
160,2021-10-21 07:12:04,7520.0,8900.0,3175100.0
161,2021-10-21 07:12:04,7520.0,100.0,3166200.0
162,2021-10-21 07:12:04,7520.0,1000.0,3166100.0
163,2021-10-21 07:11:55,7530.0,100.0,3165100.0
164,2021-10-21 07:11:30,7530.0,1500.0,3165000.0
165,2021-10-21 07:11:30,7530.0,400.0,3163500.0
166,2021-10-21 07:09:33,7530.0,7600.0,3163100.0
167,2021-10-21 07:09:16,7530.0,100.0,3155500.0
168,2021-10-21 07:09:16,7530.0,500.0,3155400.0
169,2021-10-21 07:08:53,7530.0,500.0,3154900.0
170,2021-10-21 07:08:17,7530.0,500.0,3154400.0
171,2021-10-21 07:08:17,7530.0,100.0,3153900.0
172,2021-10-21 07:05:33,7510.0,4400.0,3153800.0
173,2021-10-21 07:05:33,7510.0,2400.0,3149400.0
174,2021-10-21 07:05:33,7520.0,200.0,3147000.0
175,2021-10-21 07:05:27,7520.0,4800.0,3146800.0
176,2021-10-21 07:05:20,7520.0,500.0,3142000.0
177,2021-10-21 07:04:52,7520.0,4700.0,3141500.0
178,2021-10-21 07:04:47,7520.0,5000.0,3136800.0
179,2021-10-21 07:04:47,7520.0,300.0,3131800.0
180,2021-10-21 07:04:45,7520.0,200.0,3131500.0
181,2021-10-21 07:04:33,7520.0,100.0,3131300.0
182,2021-10-21 07:04:33,7520.0,900.0,3131200.0
183,2021-10-21 07:04:31,7510.0,3600.0,3130300.0
184,2021-10-21 07:04:31,7510.0,10000.0,3126700.0
185,2021-10-21 07:04:31,7510.0,800.0,3116700.0
186,2021-10-21 07:04:31,7510.0,600.0,3115900.0
187,2021-10-21 07:04:25,7520.0,1900.0,3115300.0
188,2021-10-21 07:03:36,7520.0,700.0,3113400.0
189,2021-10-21 07:03:34,7520.0,5000.0,3112700.0
190,2021-10-21 07:02:37,7520.0,100.0,3107700.0
191,2021-10-21 07:02:36,7520.0,300.0,3107600.0
192,2021-10-21 07:02:15,7520.0,1000.0,3107300.0
193,2021-10-21 07:01:35,7520.0,100.0,3106300.0
194,2021-10-21 07:01:11,7510.0,400.0,3106200.0
195,2021-10-21 07:01:11,7510.0,100.0,3105800.0
196,2021-10-21 06:59:58,7510.0,1600.0,3105700.0
197,2021-10-21 06:59:56,7510.0,200.0,3104100.0
198,2021-10-21 06:59:40,7500.0,1000.0,3103900.0
199,2021-10-21 06:59:06,7510.0,100.0,3102900.0
200,2021-10-21 06:58:57,7510.0,500.0,3102800.0
201,2021-10-21 06:58:38,7510.0,700.0,3102300.0
202,2021-10-21 06:58:23,7510.0,8000.0,3101600.0
203,2021-10-21 06:57:37,7510.0,1000.0,3093600.0
204,2021-10-21 06:57:37,7510.0,1000.0,3092600.0
205,2021-10-21 06:57:37,7510.0,100.0,3091600.0
206,2021-10-21 06:57:37,7510.0,1000.0,3091500.0
207,2021-10-21 06:57:37,7510.0,10000.0,3090500.0
208,2021-10-21 06:57:37,7510.0,2400.0,3080500.0
209,2021-10-21 06:57:37,7510.0,5000.0,3078100.0
210,2021-10-21 06:57:37,7510.0,500.0,3073100.0
211,2021-10-21 06:57:37,7510.0,2300.0,3072600.0
212,2021-10-21 06:57:37,7520.0,10000.0,3070300.0
213,2021-10-21 06:57:37,7520.0,500.0,3060300.0
214,2021-10-21 06:57:37,7520.0,1000.0,3059800.0
215,2021-10-21 06:57:37,7520.0,500.0,3058800.0
216,2021-10-21 06:57:37,7520.0,3600.0,3058300.0
217,2021-10-21 06:55:27,7520.0,2500.0,3054700.0
218,2021-10-21 06:52:06,7510.0,2700.0,3052200.0
219,2021-10-21 06:52:01,7510.0,3000.0,3049500.0
220,2021-10-21 06:51:38,7510.0,500.0,3046500.0
221,2021-10-21 06:51:14,7510.0,8900.0,3046000.0
222,2021-10-21 06:51:13,7510.0,4000.0,3037100.0
223,2021-10-21 06:51:13,7510.0,100.0,3033100.0
224,2021-10-21 06:51:13,7510.0,5000.0,3033000.0
225,2021-10-21 06:51:13,7520.0,10000.0,3028000.0
226,2021-10-21 06:51:13,7520.0,800.0,3018000.0
227,2021-10-21 06:51:04,7520.0,100.0,3017200.0
228,2021-10-21 06:51:04,7520.0,400.0,3017100.0
229,2021-10-21 06:51:04,7520.0,500.0,3016700.0
230,2021-10-21 06:51:04,7520.0,2400.0,3016200.0
231,2021-10-21 06:51:04,7520.0,100.0,3013800.0
232,2021-10-21 06:51:04,7530.0,600.0,3013700.0
233,2021-10-21 06:51:04,7530.0,6000.0,3013100.0
234,2021-10-21 06:50:33,7530.0,2000.0,3007100.0
235,2021-10-21 06:50:16,7530.0,2000.0,3005100.0
236,2021-10-21 06:49:51,7530.0,600.0,3003100.0
237,2021-10-21 06:49:11,7530.0,3600.0,3002500.0
238,2021-10-21 06:49:02,7530.0,1200.0,2998900.0
239,2021-10-21 06:49:02,7530.0,600.0,2997700.0
240,2021-10-21 06:49:02,7530.0,2000.0,2997100.0
241,2021-10-21 06:49:00,7540.0,1900.0,2995100.0
242,2021-10-21 06:47:10,7530.0,1600.0,2993200.0
243,2021-10-21 06:46:26,7530.0,300.0,2991600.0
244,2021-10-21 06:46:26,7530.0,100.0,2991300.0
245,2021-10-21 06:44:46,7530.0,1000.0,2991200.0
246,2021-10-21 06:43:31,7540.0,3000.0,2990200.0
247,2021-10-21 06:43:31,7540.0,1000.0,2987200.0
248,2021-10-21 06:43:31,7540.0,1000.0,2986200.0
249,2021-10-21 06:39:15,7540.0,700.0,2985200.0
250,2021-10-21 06:39:15,7540.0,4700.0,2984500.0
251,2021-10-21 06:38:26,7540.0,100.0,2979800.0
252,2021-10-21 06:38:26,7540.0,100.0,2979700.0
253,2021-10-21 06:38:24,7510.0,10000.0,2979600.0
254,2021-10-21 06:38:14,7510.0,3900.0,2969600.0
255,2021-10-21 06:38:14,7510.0,1000.0,2965700.0
256,2021-10-21 06:38:14,7510.0,400.0,2964700.0
257,2021-10-21 06:38:14,7520.0,4700.0,2964300.0
258,2021-10-21 06:38:08,7520.0,300.0,2959600.0
259,2021-10-21 06:38:08,7520.0,10000.0,2959300.0
260,2021-10-21 06:38:08,7520.0,1800.0,2949300.0
261,2021-10-21 06:38:08,7520.0,200.0,2947500.0
262,2021-10-21 06:38:08,7520.0,1000.0,2947300.0
263,2021-10-21 06:38:08,7520.0,100.0,2946300.0
264,2021-10-21 06:38:08,7520.0,1000.0,2946200.0
265,2021-10-21 06:38:08,7530.0,200.0,2945200.0
266,2021-10-21 06:38:08,7530.0,400.0,2945000.0
267,2021-10-21 06:38:02,7530.0,100.0,2944600.0
268,2021-10-21 06:38:02,7530.0,200.0,2944500.0
269,2021-10-21 06:38:02,7530.0,3000.0,2944300.0
270,2021-10-21 06:38:02,7530.0,4100.0,2941300.0
271,2021-10-21 06:37:57,7540.0,100.0,2937200.0
272,2021-10-21 06:37:50,7540.0,1000.0,2937100.0
273,2021-10-21 06:37:50,7540.0,300.0,2936100.0
274,2021-10-21 06:37:50,7540.0,4000.0,2935800.0
275,2021-10-21 06:37:38,7540.0,300.0,2931800.0
276,2021-10-21 06:37:38,7540.0,200.0,2931500.0
277,2021-10-21 06:37:38,7540.0,900.0,2931300.0
278,2021-10-21 06:37:24,7540.0,600.0,2930400.0
279,2021-10-21 06:37:10,7540.0,200.0,2929800.0
280,2021-10-21 06:36:44,7540.0,800.0,2929600.0
281,2021-10-21 06:36:08,7540.0,1000.0,2928800.0
282,2021-10-21 06:35:53,7550.0,700.0,2927800.0
283,2021-10-21 06:35:35,7540.0,300.0,2927100.0
284,2021-10-21 06:34:46,7550.0,6900.0,2926800.0
285,2021-10-21 06:34:46,7550.0,100.0,2919900.0
286,2021-10-21 06:34:46,7550.0,3000.0,2919800.0
287,2021-10-21 06:34:22,7550.0,5000.0,2916800.0
288,2021-10-21 06:33:59,7540.0,200.0,2911800.0
289,2021-10-21 06:33:37,7550.0,5000.0,2911600.0
290,2021-10-21 06:33:37,7550.0,800.0,2906600.0
291,2021-10-21 06:33:17,7550.0,200.0,2905800.0
292,2021-10-21 06:32:44,7540.0,600.0,2905600.0
293,2021-10-21 06:32:44,7540.0,400.0,2905000.0
294,2021-10-21 06:32:39,7540.0,100.0,2904600.0
295,2021-10-21 06:32:06,7540.0,1000.0,2904500.0
296,2021-10-21 06:31:58,7540.0,1000.0,2903500.0
297,2021-10-21 06:31:52,7540.0,500.0,2902500.0
298,2021-10-21 06:31:52,7540.0,200.0,2902000.0
299,2021-10-21 06:31:52,7540.0,1300.0,2901800.0
300,2021-10-21 06:31:52,7540.0,300.0,2900500.0
301,2021-10-21 06:31:52,7540.0,200.0,2900200.0
302,2021-10-21 06:30:39,7550.0,3300.0,2900000.0
303,2021-10-21 06:29:40,7540.0,400.0,2896700.0
304,2021-10-21 06:29:15,7540.0,300.0,2896300.0
305,2021-10-21 06:29:15,7540.0,200.0,2896000.0
306,2021-10-21 06:28:52,7550.0,2000.0,2895800.0
307,2021-10-21 06:28:38,7550.0,1900.0,2893800.0
308,2021-10-21 06:27:11,7550.0,1000.0,2891900.0
309,2021-10-21 06:27:11,7550.0,6000.0,2890900.0
310,2021-10-21 06:27:11,7550.0,30000.0,2884900.0
311,2021-10-21 06:27:11,7550.0,4100.0,2854900.0
312,2021-10-21 06:27:11,7570.0,200.0,2850800.0
313,2021-10-21 06:27:11,7570.0,500.0,2850600.0
314,2021-10-21 06:26:59,7570.0,100.0,2850100.0
315,2021-10-21 06:26:43,7570.0,200.0,2850000.0
316,2021-10-21 06:26:19,7570.0,100.0,2849800.0
317,2021-10-21 06:25:46,7570.0,100.0,2849700.0
318,2021-10-21 06:24:58,7580.0,6300.0,2849600.0
319,2021-10-21 06:24:58,7580.0,2000.0,2843300.0
320,2021-10-21 06:24:58,7570.0,400.0,2841300.0
321,2021-10-21 06:24:58,7570.0,100.0,2840900.0
322,2021-10-21 06:24:58,7570.0,400.0,2840800.0
323,2021-10-21 06:24:58,7570.0,800.0,2840400.0
324,2021-10-21 06:24:37,7570.0,6400.0,2839600.0
325,2021-10-21 06:24:37,7570.0,1000.0,2833200.0
326,2021-10-21 06:24:37,7570.0,10000.0,2832200.0
327,2021-10-21 06:24:37,7570.0,5000.0,2822200.0
328,2021-10-21 06:24:37,7570.0,2200.0,2817200.0
329,2021-10-21 06:24:37,7560.0,5400.0,2815000.0
330,2021-10-21 06:24:28,7560.0,200.0,2809600.0
331,2021-10-21 06:24:28,7560.0,5000.0,2809400.0
332,2021-10-21 06:24:28,7560.0,200.0,2804400.0
333,2021-10-21 06:24:28,7560.0,400.0,2804200.0
334,2021-10-21 06:24:28,7560.0,4200.0,2803800.0
335,2021-10-21 06:24:27,7560.0,1000.0,2799600.0
336,2021-10-21 06:24:11,7550.0,5000.0,2798600.0
337,2021-10-21 06:23:28,7560.0,1900.0,2793600.0
338,2021-10-21 06:22:58,7540.0,100.0,2791700.0
339,2021-10-21 06:22:56,7540.0,200.0,2791600.0
340,2021-10-21 06:22:56,7550.0,200.0,2791400.0
341,2021-10-21 06:22:46,7560.0,200.0,2791200.0
342,2021-10-21 06:22:09,7560.0,1700.0,2791000.0
343,2021-10-21 06:21:54,7550.0,200.0,2789300.0
344,2021-10-21 06:21:54,7550.0,200.0,2789100.0
345,2021-10-21 06:21:54,7550.0,100.0,2788900.0
346,2021-10-21 06:21:50,7550.0,100.0,2788800.0
347,2021-10-21 06:21:50,7550.0,1000.0,2788700.0
348,2021-10-21 06:21:50,7550.0,100.0,2787700.0
349,2021-10-21 06:21:50,7550.0,500.0,2787600.0
350,2021-10-21 06:21:50,7550.0,4500.0,2787100.0
351,2021-10-21 06:21:34,7550.0,500.0,2782600.0
352,2021-10-21 06:21:34,7550.0,200.0,2782100.0
353,2021-10-21 06:21:34,7550.0,1000.0,2781900.0
354,2021-10-21 06:21:34,7550.0,1000.0,2780900.0
355,2021-10-21 06:21:34,7550.0,1500.0,2779900.0
356,2021-10-21 06:21:34,7550.0,100.0,2778400.0
357,2021-10-21 06:21:34,7550.0,200.0,2778300.0
358,2021-10-21 06:21:34,7550.0,500.0,2778100.0
359,2021-10-21 06:21:17,7550.0,300.0,2777600.0
360,2021-10-21 06:21:07,7540.0,200.0,2777300.0
361,2021-10-21 06:21:07,7540.0,300.0,2777100.0
362,2021-10-21 06:21:07,7540.0,1000.0,2776800.0
363,2021-10-21 06:20:51,7530.0,100.0,2775800.0
364,2021-10-21 06:20:51,7530.0,100.0,2775700.0
365,2021-10-21 06:20:51,7530.0,700.0,2775600.0
366,2021-10-21 06:19:32,7520.0,100.0,2774900.0
367,2021-10-21 06:19:32,7520.0,900.0,2774800.0
368,2021-10-21 06:18:34,7520.0,100.0,2773900.0
369,2021-10-21 06:18:34,7520.0,400.0,2773800.0
370,2021-10-21 06:18:15,7530.0,300.0,2773400.0
371,2021-10-21 06:17:09,7530.0,200.0,2773100.0
372,2021-10-21 06:15:22,7550.0,800.0,2772900.0
373,2021-10-21 06:15:05,7530.0,500.0,2772100.0
374,2021-10-21 06:15:05,7530.0,500.0,2771600.0
375,2021-10-21 06:14:39,7520.0,100.0,2771100.0
376,2021-10-21 06:14:34,7530.0,200.0,2771000.0
377,2021-10-21 06:13:31,7520.0,200.0,2770800.0
378,2021-10-21 06:13:18,7530.0,300.0,2770600.0
379,2021-10-21 06:13:00,7520.0,500.0,2770300.0
380,2021-10-21 06:12:59,7520.0,1800.0,2769800.0
381,2021-10-21 06:12:06,7510.0,2500.0,2768000.0
382,2021-10-21 06:11:31,7520.0,200.0,2765500.0
383,2021-10-21 06:11:22,7520.0,500.0,2765300.0
384,2021-10-21 06:11:00,7510.0,300.0,2764800.0
385,2021-10-21 06:10:43,7510.0,3000.0,2764500.0
386,2021-10-21 06:10:42,7510.0,2000.0,2761500.0
387,2021-10-21 06:10:42,7510.0,600.0,2759500.0
388,2021-10-21 06:09:51,7500.0,800.0,2758900.0
389,2021-10-21 06:09:51,7500.0,6500.0,2758100.0
390,2021-10-21 06:09:16,7500.0,100.0,2751600.0
391,2021-10-21 06:09:16,7510.0,600.0,2751500.0
392,2021-10-21 06:09:07,7510.0,200.0,2750900.0
393,2021-10-21 06:09:07,7510.0,14700.0,2750700.0
394,2021-10-21 06:09:07,7510.0,2000.0,2736000.0
395,2021-10-21 06:09:07,7510.0,12500.0,2734000.0
396,2021-10-21 06:09:05,7500.0,6400.0,2721500.0
397,2021-10-21 06:09:05,7500.0,2000.0,2715100.0
398,2021-10-21 06:09:05,7500.0,500.0,2713100.0
399,2021-10-21 06:09:05,7500.0,500.0,2712600.0
400,2021-10-21 06:09:05,7500.0,600.0,2712100.0
401,2021-10-21 06:09:02,7500.0,900.0,2711500.0
402,2021-10-21 06:09:02,7500.0,2000.0,2710600.0
403,2021-10-21 06:09:02,7500.0,100.0,2708600.0
404,2021-10-21 06:09:02,7500.0,5000.0,2708500.0
405,2021-10-21 06:09:02,7500.0,100.0,2703500.0
406,2021-10-21 06:08:58,7500.0,1000.0,2703400.0
407,2021-10-21 06:08:53,7500.0,1900.0,2702400.0
408,2021-10-21 06:08:53,7500.0,1000.0,2700500.0
409,2021-10-21 06:08:53,7500.0,300.0,2699500.0
410,2021-10-21 06:08:53,7500.0,4500.0,2699200.0
411,2021-10-21 06:08:52,7500.0,4500.0,2694700.0
412,2021-10-21 06:08:45,7500.0,1000.0,2690200.0
413,2021-10-21 06:08:38,7500.0,2000.0,2689200.0
414,2021-10-21 06:08:38,7500.0,600.0,2687200.0
415,2021-10-21 06:08:23,7500.0,200.0,2686600.0
416,2021-10-21 06:08:23,7500.0,100.0,2686400.0
417,2021-10-21 06:08:14,7500.0,200.0,2686300.0
418,2021-10-21 06:07:34,7510.0,3900.0,2686100.0
419,2021-10-21 06:07:34,7510.0,3600.0,2682200.0
420,2021-10-21 06:07:30,7510.0,3300.0,2678600.0
421,2021-10-21 06:07:17,7510.0,4100.0,2675300.0
422,2021-10-21 06:07:07,7510.0,1200.0,2671200.0
423,2021-10-21 06:07:01,7510.0,6600.0,2670000.0
424,2021-10-21 06:06:52,7510.0,1200.0,2663400.0
425,2021-10-21 06:06:26,7520.0,1000.0,2662200.0
426,2021-10-21 06:06:26,7520.0,1800.0,2661200.0
427,2021-10-21 06:06:26,7520.0,100.0,2659400.0
428,2021-10-21 06:06:26,7520.0,500.0,2659300.0
429,2021-10-21 06:06:26,7520.0,5800.0,2658800.0
430,2021-10-21 06:05:53,7530.0,2600.0,2653000.0
431,2021-10-21 06:05:52,7530.0,5000.0,2650400.0
432,2021-10-21 06:04:50,7530.0,2000.0,2645400.0
433,2021-10-21 06:04:50,7530.0,200.0,2643400.0
434,2021-10-21 06:04:50,7530.0,200.0,2643200.0
435,2021-10-21 06:03:33,7520.0,1000.0,2643000.0
436,2021-10-21 06:03:07,7530.0,100.0,2642000.0
437,2021-10-21 06:02:40,7520.0,200.0,2641900.0
438,2021-10-21 06:02:24,7530.0,1500.0,2641700.0
439,2021-10-21 06:02:24,7530.0,1500.0,2640200.0
440,2021-10-21 06:02:23,7520.0,3000.0,2638700.0
441,2021-10-21 06:01:21,7530.0,1000.0,2635700.0
442,2021-10-21 06:01:21,7530.0,500.0,2634700.0
443,2021-10-21 06:01:21,7530.0,2000.0,2634200.0
444,2021-10-21 06:01:03,7530.0,500.0,2632200.0
445,2021-10-21 06:00:39,7540.0,1200.0,2631700.0
446,2021-10-21 06:00:35,7540.0,100.0,2630500.0
447,2021-10-21 06:00:29,7540.0,500.0,2630400.0
448,2021-10-21 06:00:26,7540.0,3700.0,2629900.0
449,2021-10-21 06:00:26,7540.0,5000.0,2626200.0
450,2021-10-21 06:00:26,7540.0,1300.0,2621200.0
451,2021-10-21 06:00:26,7540.0,600.0,2619900.0
452,2021-10-21 06:00:26,7540.0,1000.0,2619300.0
453,2021-10-21 06:00:26,7540.0,1000.0,2618300.0
454,2021-10-21 06:00:26,7540.0,1000.0,2617300.0
455,2021-10-21 06:00:26,7540.0,1000.0,2616300.0
456,2021-10-21 06:00:24,7530.0,2000.0,2615300.0
457,2021-10-21 06:00:23,7530.0,3000.0,2613300.0
458,2021-10-21 06:00:22,7530.0,2000.0,2610300.0
459,2021-10-21 06:00:20,7530.0,500.0,2608300.0
460,2021-10-21 06:00:20,7530.0,1000.0,2607800.0
461,2021-10-21 06:00:17,7540.0,200.0,2606800.0
462,2021-10-21 06:00:17,7540.0,400.0,2606600.0
463,2021-10-21 06:00:17,7540.0,400.0,2606200.0
464,2021-10-21 06:00:13,7540.0,100.0,2605800.0
465,2021-10-21 06:00:10,7540.0,500.0,2605700.0
466,2021-10-21 06:00:10,7540.0,1000.0,2605200.0
467,2021-10-21 06:00:10,7540.0,100.0,2604200.0
468,2021-10-21 06:00:10,7540.0,400.0,2604100.0
469,2021-10-21 06:00:02,7540.0,600.0,2603700.0
470,2021-10-21 06:00:02,7540.0,4400.0,2603100.0
471,2021-10-21 06:00:01,7550.0,600.0,2598700.0
472,2021-10-21 04:29:59,7540.0,600.0,2598100.0
473,2021-10-21 04:29:54,7540.0,7300.0,2597500.0
474,2021-10-21 04:29:35,7540.0,2700.0,2590200.0
475,2021-10-21 04:29:35,7540.0,200.0,2587500.0
476,2021-10-21 04:29:35,7540.0,2100.0,2587300.0
477,2021-10-21 04:27:04,7520.0,100.0,2585200.0
478,2021-10-21 04:27:04,7520.0,300.0,2585100.0
479,2021-10-21 04:27:01,7520.0,500.0,2584800.0
480,2021-10-21 04:26:56,7510.0,1100.0,2584300.0
481,2021-10-21 04:26:36,7510.0,100.0,2583200.0
482,2021-10-21 04:26:08,7500.0,300.0,2583100.0
483,2021-10-21 04:26:08,7500.0,1000.0,2582800.0
484,2021-10-21 04:26:08,7500.0,500.0,2581800.0
485,2021-10-21 04:26:08,7500.0,2000.0,2581300.0
486,2021-10-21 04:26:08,7500.0,400.0,2579300.0
487,2021-10-21 04:26:08,7500.0,500.0,2578900.0
488,2021-10-21 04:26:08,7500.0,10000.0,2578400.0
489,2021-10-21 04:26:08,7500.0,5000.0,2568400.0
490,2021-10-21 04:25:49,7490.0,400.0,2563400.0
491,2021-10-21 04:25:33,7480.0,4700.0,2563000.0
492,2021-10-21 04:25:09,7480.0,100.0,2558300.0
493,2021-10-21 04:25:09,7480.0,200.0,2558200.0
494,2021-10-21 04:25:09,7480.0,10100.0,2558000.0
495,2021-10-21 04:25:03,7480.0,5000.0,2547900.0
496,2021-10-21 04:24:57,7480.0,100.0,2542900.0
497,2021-10-21 04:24:40,7470.0,200.0,2542800.0
498,2021-10-21 04:24:29,7470.0,300.0,2542600.0
499,2021-10-21 04:24:29,7470.0,200.0,2542300.0
500,2021-10-21 04:24:16,7470.0,100.0,2542100.0
501,2021-10-21 04:24:11,7470.0,200.0,2542000.0
502,2021-10-21 04:24:11,7470.0,800.0,2541800.0
503,2021-10-21 04:24:04,7470.0,300.0,2541000.0
504,2021-10-21 04:23:59,7470.0,500.0,2540700.0
505,2021-10-21 04:23:59,7470.0,100.0,2540200.0
506,2021-10-21 04:23:29,7470.0,300.0,2540100.0
507,2021-10-21 04:23:23,7470.0,100.0,2539800.0
508,2021-10-21 04:23:20,7470.0,1000.0,2539700.0
509,2021-10-21 04:23:20,7470.0,2500.0,2538700.0
510,2021-10-21 04:22:54,7470.0,6100.0,2536200.0
511,2021-10-21 04:22:49,7470.0,1400.0,2530100.0
512,2021-10-21 04:22:43,7470.0,3000.0,2528700.0
513,2021-10-21 04:22:43,7470.0,1100.0,2525700.0
514,2021-10-21 04:22:37,7470.0,300.0,2524600.0
515,2021-10-21 04:22:37,7470.0,200.0,2524300.0
516,2021-10-21 04:22:35,7470.0,800.0,2524100.0
517,2021-10-21 04:22:34,7460.0,3900.0,2523300.0
518,2021-10-21 04:22:34,7460.0,100.0,2519400.0
519,2021-10-21 04:22:34,7460.0,2000.0,2519300.0
520,2021-10-21 04:22:26,7470.0,500.0,2517300.0
521,2021-10-21 04:22:22,7480.0,300.0,2516800.0
522,2021-10-21 04:22:08,7480.0,4500.0,2516500.0
523,2021-10-21 04:22:08,7480.0,100.0,2512000.0
524,2021-10-21 04:22:08,7480.0,400.0,2511900.0
525,2021-10-21 04:22:01,7480.0,100.0,2511500.0
526,2021-10-21 04:22:01,7480.0,200.0,2511400.0
527,2021-10-21 04:22:01,7480.0,1600.0,2511200.0
528,2021-10-21 04:21:57,7480.0,200.0,2509600.0
529,2021-10-21 04:21:55,7480.0,100.0,2509400.0
530,2021-10-21 04:21:39,7480.0,1000.0,2509300.0
531,2021-10-21 04:21:25,7450.0,1200.0,2508300.0
532,2021-10-21 04:21:25,7450.0,1000.0,2507100.0
533,2021-10-21 04:21:25,7450.0,1000.0,2506100.0
534,2021-10-21 04:21:25,7460.0,400.0,2505100.0
535,2021-10-21 04:21:25,7460.0,500.0,2504700.0
536,2021-10-21 04:21:25,7460.0,100.0,2504200.0
537,2021-10-21 04:21:25,7460.0,200.0,2504100.0
538,2021-10-21 04:21:25,7460.0,100.0,2503900.0
539,2021-10-21 04:20:56,7480.0,500.0,2503800.0
540,2021-10-21 04:20:43,7460.0,1100.0,2503300.0
541,2021-10-21 04:20:42,7480.0,4600.0,2502200.0
542,2021-10-21 04:20:42,7480.0,400.0,2497600.0
543,2021-10-21 04:20:30,7460.0,1800.0,2497200.0
544,2021-10-21 04:20:30,7460.0,1000.0,2495400.0
545,2021-10-21 04:20:30,7470.0,100.0,2494400.0
546,2021-10-21 04:20:30,7470.0,100.0,2494300.0
547,2021-10-21 04:20:00,7470.0,900.0,2494200.0
548,2021-10-21 04:20:00,7480.0,300.0,2493300.0
549,2021-10-21 04:20:00,7480.0,200.0,2493000.0
550,2021-10-21 04:19:34,7490.0,600.0,2492800.0
551,2021-10-21 04:18:24,7500.0,600.0,2492200.0
552,2021-10-21 04:18:24,7500.0,400.0,2491600.0
553,2021-10-21 04:18:20,7500.0,600.0,2491200.0
554,2021-10-21 04:18:20,7500.0,200.0,2490600.0
555,2021-10-21 04:18:20,7500.0,300.0,2490400.0
556,2021-10-21 04:18:20,7500.0,200.0,2490100.0
557,2021-10-21 04:18:20,7500.0,1300.0,2489900.0
558,2021-10-21 04:18:20,7500.0,5000.0,2488600.0
559,2021-10-21 04:18:20,7500.0,800.0,2483600.0
560,2021-10-21 04:18:20,7500.0,200.0,2482800.0
561,2021-10-21 04:18:20,7500.0,2000.0,2482600.0
562,2021-10-21 04:18:20,7500.0,1000.0,2480600.0
563,2021-10-21 04:18:20,7500.0,2700.0,2479600.0
564,2021-10-21 04:18:20,7500.0,3000.0,2476900.0
565,2021-10-21 04:18:20,7500.0,5000.0,2473900.0
566,2021-10-21 04:18:20,7500.0,300.0,2468900.0
567,2021-10-21 04:18:20,7500.0,500.0,2468600.0
568,2021-10-21 04:18:20,7500.0,200.0,2468100.0
569,2021-10-21 04:18:20,7500.0,1000.0,2467900.0
570,2021-10-21 04:18:20,7500.0,2000.0,2466900.0
571,2021-10-21 04:18:20,7500.0,2000.0,2464900.0
572,2021-10-21 04:18:20,7500.0,1000.0,2462900.0
573,2021-10-21 04:18:20,7500.0,2000.0,2461900.0
574,2021-10-21 04:18:20,7500.0,2000.0,2459900.0
575,2021-10-21 04:18:20,7500.0,2000.0,2457900.0
576,2021-10-21 04:18:20,7500.0,100.0,2455900.0
577,2021-10-21 04:18:20,7500.0,2000.0,2455800.0
578,2021-10-21 04:18:20,7500.0,100.0,2453800.0
579,2021-10-21 04:18:20,7500.0,900.0,2453700.0
580,2021-10-21 04:18:20,7500.0,100.0,2452800.0
581,2021-10-21 04:18:20,7500.0,500.0,2452700.0
582,2021-10-21 04:18:20,7500.0,300.0,2452200.0
583,2021-10-21 04:18:20,7500.0,300.0,2451900.0
584,2021-10-21 04:18:20,7500.0,200.0,2451600.0
585,2021-10-21 04:18:20,7500.0,200.0,2451400.0
586,2021-10-21 04:18:19,7500.0,5000.0,2451200.0
587,2021-10-21 04:18:03,7500.0,3000.0,2446200.0
588,2021-10-21 04:18:03,7500.0,3000.0,2443200.0
589,2021-10-21 04:18:03,7500.0,100.0,2440200.0
590,2021-10-21 04:18:03,7500.0,5000.0,2440100.0
591,2021-10-21 04:18:03,7500.0,500.0,2435100.0
592,2021-10-21 04:18:03,7500.0,500.0,2434600.0
593,2021-10-21 04:18:03,7500.0,200.0,2434100.0
594,2021-10-21 04:18:03,7500.0,3000.0,2433900.0
595,2021-10-21 04:18:03,7500.0,100.0,2430900.0
596,2021-10-21 04:18:03,7500.0,1000.0,2430800.0
597,2021-10-21 04:18:03,7500.0,1000.0,2429800.0
598,2021-10-21 04:18:03,7500.0,12600.0,2428800.0
599,2021-10-21 04:17:30,7510.0,1000.0,2416200.0
600,2021-10-21 04:17:28,7510.0,5000.0,2415200.0
601,2021-10-21 04:17:28,7510.0,3500.0,2410200.0
602,2021-10-21 04:17:21,7510.0,4500.0,2406700.0
603,2021-10-21 04:17:19,7520.0,100.0,2402200.0
604,2021-10-21 04:16:57,7510.0,2000.0,2402100.0
605,2021-10-21 04:16:57,7510.0,300.0,2400100.0
606,2021-10-21 04:16:57,7510.0,100.0,2399800.0
607,2021-10-21 04:16:57,7510.0,100.0,2399700.0
608,2021-10-21 04:16:57,7510.0,100.0,2399600.0
609,2021-10-21 04:16:57,7510.0,200.0,2399500.0
610,2021-10-21 04:16:57,7510.0,1000.0,2399300.0
611,2021-10-21 04:16:57,7510.0,200.0,2398300.0
612,2021-10-21 04:16:57,7510.0,1000.0,2398100.0
613,2021-10-21 04:16:51,7520.0,300.0,2397100.0
614,2021-10-21 04:16:51,7520.0,200.0,2396800.0
615,2021-10-21 04:16:51,7520.0,100.0,2396600.0
616,2021-10-21 04:16:51,7520.0,500.0,2396500.0
617,2021-10-21 04:16:26,7520.0,500.0,2396000.0
618,2021-10-21 04:16:26,7520.0,100.0,2395500.0
619,2021-10-21 04:16:26,7520.0,1000.0,2395400.0
620,2021-10-21 04:16:26,7520.0,300.0,2394400.0
621,2021-10-21 04:16:26,7520.0,3100.0,2394100.0
622,2021-10-21 04:16:14,7520.0,200.0,2391000.0
623,2021-10-21 04:16:00,7520.0,3000.0,2390800.0
624,2021-10-21 04:15:35,7520.0,3700.0,2387800.0
625,2021-10-21 04:15:35,7520.0,300.0,2384100.0
626,2021-10-21 04:15:35,7520.0,200.0,2383800.0
627,2021-10-21 04:15:35,7520.0,100.0,2383600.0
628,2021-10-21 04:15:35,7520.0,100.0,2383500.0
629,2021-10-21 04:15:35,7520.0,300.0,2383400.0
630,2021-10-21 04:15:35,7520.0,1000.0,2383100.0
631,2021-10-21 04:15:35,7520.0,100.0,2382100.0
632,2021-10-21 04:15:35,7530.0,200.0,2382000.0
633,2021-10-21 04:15:12,7530.0,300.0,2381800.0
634,2021-10-21 04:15:12,7530.0,200.0,2381500.0
635,2021-10-21 04:15:12,7530.0,800.0,2381300.0
636,2021-10-21 04:15:10,7530.0,200.0,2380500.0
637,2021-10-21 04:15:10,7530.0,3800.0,2380300.0
638,2021-10-21 04:15:04,7530.0,600.0,2376500.0
639,2021-10-21 04:14:58,7530.0,1400.0,2375900.0
640,2021-10-21 04:14:52,7530.0,500.0,2374500.0
641,2021-10-21 04:14:43,7530.0,200.0,2374000.0
642,2021-10-21 04:14:18,7530.0,3500.0,2373800.0
643,2021-10-21 04:14:18,7530.0,100.0,2370300.0
644,2021-10-21 04:14:18,7530.0,100.0,2370200.0
645,2021-10-21 04:14:18,7530.0,500.0,2370100.0
646,2021-10-21 04:14:18,7530.0,300.0,2369600.0
647,2021-10-21 04:14:18,7530.0,100.0,2369300.0
648,2021-10-21 04:14:18,7530.0,400.0,2369200.0
649,2021-10-21 04:13:50,7540.0,100.0,2368800.0
650,2021-10-21 04:13:50,7540.0,4400.0,2368700.0
651,2021-10-21 04:13:41,7540.0,600.0,2364300.0
652,2021-10-21 04:13:41,7540.0,1000.0,2363700.0
653,2021-10-21 04:13:41,7540.0,100.0,2362700.0
654,2021-10-21 04:13:41,7540.0,100.0,2362600.0
655,2021-10-21 04:13:41,7540.0,200.0,2362500.0
656,2021-10-21 04:13:15,7550.0,1000.0,2362300.0
657,2021-10-21 04:13:03,7550.0,300.0,2361300.0
658,2021-10-21 04:12:52,7550.0,4000.0,2361000.0
659,2021-10-21 04:12:24,7550.0,3000.0,2357000.0
660,2021-10-21 04:12:10,7550.0,2000.0,2354000.0
661,2021-10-21 04:12:08,7560.0,1900.0,2352000.0
662,2021-10-21 04:12:08,7560.0,3100.0,2350100.0
663,2021-10-21 04:11:36,7550.0,4000.0,2347000.0
664,2021-10-21 04:11:36,7550.0,200.0,2343000.0
665,2021-10-21 04:11:27,7550.0,400.0,2342800.0
666,2021-10-21 04:11:27,7550.0,500.0,2342400.0
667,2021-10-21 04:11:27,7550.0,400.0,2341900.0
668,2021-10-21 04:10:34,7550.0,500.0,2341500.0
669,2021-10-21 04:10:34,7550.0,3000.0,2341000.0
670,2021-10-21 04:09:53,7550.0,5600.0,2338000.0
671,2021-10-21 04:08:42,7550.0,2400.0,2332400.0
672,2021-10-21 04:08:42,7550.0,700.0,2330000.0
673,2021-10-21 04:07:46,7550.0,100.0,2329300.0
674,2021-10-21 04:07:46,7550.0,500.0,2329200.0
675,2021-10-21 04:05:58,7560.0,100.0,2328700.0
676,2021-10-21 04:05:58,7540.0,800.0,2328600.0
677,2021-10-21 04:05:58,7550.0,3000.0,2327800.0
678,2021-10-21 04:05:58,7550.0,100.0,2324800.0
679,2021-10-21 04:05:58,7550.0,1000.0,2324700.0
680,2021-10-21 04:05:58,7550.0,500.0,2323700.0
681,2021-10-21 04:05:58,7550.0,1000.0,2323200.0
682,2021-10-21 04:05:58,7550.0,2000.0,2322200.0
683,2021-10-21 04:05:58,7550.0,1000.0,2320200.0
684,2021-10-21 04:05:58,7550.0,600.0,2319200.0
685,2021-10-21 04:05:54,7550.0,100.0,2318600.0
686,2021-10-21 04:05:48,7560.0,400.0,2318500.0
687,2021-10-21 04:05:46,7560.0,1400.0,2318100.0
688,2021-10-21 04:05:46,7560.0,200.0,2316700.0
689,2021-10-21 04:05:46,7560.0,1000.0,2316500.0
690,2021-10-21 04:04:13,7560.0,100.0,2315500.0
691,2021-10-21 04:03:51,7550.0,100.0,2315400.0
692,2021-10-21 04:03:40,7550.0,100.0,2315300.0
693,2021-10-21 04:02:13,7550.0,100.0,2315200.0
694,2021-10-21 04:02:13,7550.0,100.0,2315100.0
695,2021-10-21 04:01:34,7560.0,4000.0,2315000.0
696,2021-10-21 04:01:30,7560.0,1000.0,2311000.0
697,2021-10-21 04:01:15,7560.0,1300.0,2310000.0
698,2021-10-21 04:01:15,7560.0,500.0,2308700.0
699,2021-10-21 04:01:15,7560.0,1700.0,2308200.0
700,2021-10-21 04:00:10,7560.0,3300.0,2306500.0
701,2021-10-21 04:00:10,7560.0,500.0,2303200.0
702,2021-10-21 04:00:10,7560.0,100.0,2302700.0
703,2021-10-21 04:00:10,7560.0,800.0,2302600.0
704,2021-10-21 03:59:42,7560.0,100.0,2301800.0
705,2021-10-21 03:59:42,7560.0,100.0,2301700.0
706,2021-10-21 03:58:53,7570.0,3000.0,2301600.0
707,2021-10-21 03:58:42,7570.0,1000.0,2298600.0
708,2021-10-21 03:56:27,7570.0,500.0,2297600.0
709,2021-10-21 03:56:00,7570.0,100.0,2297100.0
710,2021-10-21 03:56:00,7570.0,1800.0,2297000.0
711,2021-10-21 03:55:52,7570.0,2900.0,2295200.0
712,2021-10-21 03:55:52,7570.0,300.0,2292300.0
713,2021-10-21 03:55:33,7570.0,400.0,2292000.0
714,2021-10-21 03:55:24,7570.0,300.0,2291600.0
715,2021-10-21 03:55:01,7570.0,1000.0,2291300.0
716,2021-10-21 03:54:38,7570.0,700.0,2290300.0
717,2021-10-21 03:54:21,7570.0,200.0,2289600.0
718,2021-10-21 03:53:53,7570.0,200.0,2289400.0
719,2021-10-21 03:53:53,7570.0,1900.0,2289200.0
720,2021-10-21 03:53:41,7580.0,2500.0,2287300.0
721,2021-10-21 03:53:32,7580.0,600.0,2284800.0
722,2021-10-21 03:53:32,7580.0,1900.0,2284200.0
723,2021-10-21 03:53:25,7570.0,1100.0,2282300.0
724,2021-10-21 03:53:25,7570.0,900.0,2281200.0
725,2021-10-21 03:52:56,7580.0,100.0,2280300.0
726,2021-10-21 03:52:17,7580.0,300.0,2280200.0
727,2021-10-21 03:52:11,7580.0,600.0,2279900.0
728,2021-10-21 03:52:09,7580.0,2100.0,2279300.0
729,2021-10-21 03:52:09,7580.0,100.0,2277200.0
730,2021-10-21 03:51:50,7580.0,300.0,2277100.0
731,2021-10-21 03:51:42,7580.0,2000.0,2276800.0
732,2021-10-21 03:50:59,7580.0,1000.0,2274800.0
733,2021-10-21 03:50:47,7580.0,1600.0,2273800.0
734,2021-10-21 03:50:47,7580.0,500.0,2272200.0
735,2021-10-21 03:50:47,7580.0,1000.0,2271700.0
736,2021-10-21 03:50:47,7580.0,1000.0,2270700.0
737,2021-10-21 03:50:47,7580.0,900.0,2269700.0
738,2021-10-21 03:49:48,7580.0,100.0,2268800.0
739,2021-10-21 03:49:48,7580.0,19900.0,2268700.0
740,2021-10-21 03:49:43,7580.0,100.0,2248800.0
741,2021-10-21 03:49:43,7580.0,4900.0,2248700.0
742,2021-10-21 03:49:35,7580.0,100.0,2243800.0
743,2021-10-21 03:48:15,7590.0,3100.0,2243700.0
744,2021-10-21 03:48:10,7590.0,5000.0,2240600.0
745,2021-10-21 03:47:14,7600.0,1700.0,2235600.0
746,2021-10-21 03:47:14,7600.0,1300.0,2233900.0
747,2021-10-21 03:46:08,7600.0,600.0,2232600.0
748,2021-10-21 03:45:35,7600.0,3100.0,2232000.0
749,2021-10-21 03:45:35,7600.0,100.0,2228900.0
750,2021-10-21 03:45:35,7600.0,1000.0,2228800.0
751,2021-10-21 03:45:35,7600.0,2000.0,2227800.0
752,2021-10-21 03:45:35,7600.0,100.0,2225800.0
753,2021-10-21 03:45:35,7600.0,1500.0,2225700.0
754,2021-10-21 03:45:35,7600.0,500.0,2224200.0
755,2021-10-21 03:45:35,7600.0,100.0,2223700.0
756,2021-10-21 03:45:35,7600.0,500.0,2223600.0
757,2021-10-21 03:45:35,7600.0,1000.0,2223100.0
758,2021-10-21 03:45:35,7600.0,100.0,2222100.0
759,2021-10-21 03:45:34,7590.0,2400.0,2222000.0
760,2021-10-21 03:45:34,7590.0,1000.0,2219600.0
761,2021-10-21 03:45:34,7590.0,500.0,2218600.0
762,2021-10-21 03:45:34,7590.0,400.0,2218100.0
763,2021-10-21 03:45:34,7590.0,1000.0,2217700.0
764,2021-10-21 03:45:34,7590.0,500.0,2216700.0
765,2021-10-21 03:45:34,7590.0,100.0,2216200.0
766,2021-10-21 03:45:34,7590.0,2000.0,2216100.0
767,2021-10-21 03:45:34,7590.0,2100.0,2214100.0
768,2021-10-21 03:45:29,7590.0,7900.0,2212000.0
769,2021-10-21 03:45:29,7590.0,300.0,2204100.0
770,2021-10-21 03:43:55,7600.0,4900.0,2203800.0
771,2021-10-21 03:43:55,7600.0,1500.0,2198900.0
772,2021-10-21 03:43:55,7600.0,1600.0,2197400.0
773,2021-10-21 03:43:35,7590.0,5000.0,2195800.0
774,2021-10-21 03:43:19,7600.0,1400.0,2190800.0
775,2021-10-21 03:43:12,7590.0,100.0,2189400.0
776,2021-10-21 03:42:17,7600.0,200.0,2189300.0
777,2021-10-21 03:41:07,7600.0,1600.0,2189100.0
778,2021-10-21 03:41:01,7600.0,500.0,2187500.0
779,2021-10-21 03:41:01,7600.0,1000.0,2187000.0
780,2021-10-21 03:41:01,7600.0,5000.0,2186000.0
781,2021-10-21 03:41:01,7600.0,100.0,2181000.0
782,2021-10-21 03:41:01,7600.0,1800.0,2180900.0
783,2021-10-21 03:40:44,7600.0,100.0,2179100.0
784,2021-10-21 03:40:03,7600.0,100.0,2179000.0
785,2021-10-21 03:40:03,7600.0,100.0,2178900.0
786,2021-10-21 03:39:41,7600.0,200.0,2178800.0
787,2021-10-21 03:39:41,7600.0,100.0,2178600.0
788,2021-10-21 03:39:41,7600.0,500.0,2178500.0
789,2021-10-21 03:39:41,7600.0,2100.0,2178000.0
790,2021-10-21 03:39:34,7600.0,1000.0,2175900.0
791,2021-10-21 03:39:32,7600.0,1000.0,2174900.0
792,2021-10-21 03:39:27,7600.0,5900.0,2173900.0
793,2021-10-21 03:39:27,7600.0,1100.0,2168000.0
794,2021-10-21 03:39:19,7600.0,10000.0,2166900.0
795,2021-10-21 03:39:18,7600.0,13900.0,2156900.0
796,2021-10-21 03:39:18,7600.0,100.0,2143000.0
797,2021-10-21 03:39:18,7600.0,6000.0,2142900.0
798,2021-10-21 03:39:18,7600.0,800.0,2136900.0
799,2021-10-21 03:39:09,7600.0,4400.0,2136100.0
800,2021-10-21 03:39:01,7600.0,600.0,2131700.0
801,2021-10-21 03:38:51,7600.0,1000.0,2131100.0
802,2021-10-21 03:38:15,7600.0,1300.0,2130100.0
803,2021-10-21 03:38:05,7600.0,1500.0,2128800.0
804,2021-10-21 03:38:00,7600.0,2000.0,2127300.0
805,2021-10-21 03:37:52,7600.0,1000.0,2125300.0
806,2021-10-21 03:37:42,7600.0,1000.0,2124300.0
807,2021-10-21 03:37:38,7610.0,1000.0,2123300.0
808,2021-10-21 03:37:36,7600.0,800.0,2122300.0
809,2021-10-21 03:37:10,7600.0,1000.0,2121500.0
810,2021-10-21 03:37:00,7610.0,3000.0,2120500.0
811,2021-10-21 03:36:57,7610.0,300.0,2117500.0
812,2021-10-21 03:36:57,7610.0,200.0,2117200.0
813,2021-10-21 03:36:57,7610.0,3000.0,2117000.0
814,2021-10-21 03:36:57,7610.0,2500.0,2114000.0
815,2021-10-21 03:36:40,7600.0,200.0,2111500.0
816,2021-10-21 03:36:37,7610.0,3000.0,2111300.0
817,2021-10-21 03:36:23,7610.0,1000.0,2108300.0
818,2021-10-21 03:36:13,7610.0,400.0,2107300.0
819,2021-10-21 03:35:18,7610.0,3100.0,2106900.0
820,2021-10-21 03:35:18,7610.0,5000.0,2103800.0
821,2021-10-21 03:35:18,7610.0,500.0,2098800.0
822,2021-10-21 03:35:18,7610.0,4000.0,2098300.0
823,2021-10-21 03:35:18,7610.0,300.0,2094300.0
824,2021-10-21 03:35:18,7610.0,1000.0,2094000.0
825,2021-10-21 03:35:18,7610.0,7000.0,2093000.0
826,2021-10-21 03:35:18,7610.0,100.0,2086000.0
827,2021-10-21 03:35:18,7610.0,4000.0,2085900.0
828,2021-10-21 03:34:35,7610.0,4000.0,2081900.0
829,2021-10-21 03:34:12,7610.0,2000.0,2077900.0
830,2021-10-21 03:34:12,7610.0,1000.0,2075900.0
831,2021-10-21 03:34:12,7610.0,500.0,2074900.0
832,2021-10-21 03:34:11,7600.0,500.0,2074400.0
833,2021-10-21 03:33:39,7600.0,2000.0,2073900.0
834,2021-10-21 03:33:07,7600.0,500.0,2071900.0
835,2021-10-21 03:32:58,7600.0,1000.0,2071400.0
836,2021-10-21 03:32:48,7600.0,1000.0,2070400.0
837,2021-10-21 03:32:42,7600.0,1200.0,2069400.0
838,2021-10-21 03:32:40,7600.0,1500.0,2068200.0
839,2021-10-21 03:32:03,7600.0,10000.0,2066700.0
840,2021-10-21 03:32:03,7600.0,500.0,2056700.0
841,2021-10-21 03:32:03,7600.0,100.0,2056200.0
842,2021-10-21 03:32:03,7600.0,5000.0,2056100.0
843,2021-10-21 03:32:03,7600.0,300.0,2051100.0
844,2021-10-21 03:32:03,7600.0,4800.0,2050800.0
845,2021-10-21 03:31:44,7600.0,1000.0,2046000.0
846,2021-10-21 03:31:36,7600.0,1200.0,2045000.0
847,2021-10-21 03:31:36,7600.0,1000.0,2043800.0
848,2021-10-21 03:31:36,7600.0,7800.0,2042800.0
849,2021-10-21 03:31:30,7600.0,2600.0,2035000.0
850,2021-10-21 03:31:30,7600.0,4300.0,2032400.0
851,2021-10-21 03:31:27,7600.0,500.0,2028100.0
852,2021-10-21 03:31:12,7600.0,100.0,2027600.0
853,2021-10-21 03:30:37,7600.0,9300.0,2027500.0
854,2021-10-21 03:30:37,7600.0,500.0,2018200.0
855,2021-10-21 03:30:37,7600.0,7900.0,2017700.0
856,2021-10-21 03:30:17,7600.0,100.0,2009800.0
857,2021-10-21 03:30:15,7600.0,500.0,2009700.0
858,2021-10-21 03:30:12,7600.0,500.0,2009200.0
859,2021-10-21 03:30:05,7600.0,2200.0,2008700.0
860,2021-10-21 03:30:05,7600.0,1000.0,2006500.0
861,2021-10-21 03:30:05,7600.0,4300.0,2005500.0
862,2021-10-21 03:30:05,7600.0,100.0,2001200.0
863,2021-10-21 03:30:05,7600.0,400.0,2001100.0
864,2021-10-21 03:30:00,7600.0,300.0,2000700.0
865,2021-10-21 03:29:39,7590.0,2000.0,2000400.0
866,2021-10-21 03:29:25,7600.0,500.0,1998400.0
867,2021-10-21 03:29:22,7600.0,900.0,1997900.0
868,2021-10-21 03:29:15,7600.0,6500.0,1997000.0
869,2021-10-21 03:29:15,7600.0,300.0,1990500.0
870,2021-10-21 03:29:15,7600.0,100.0,1990200.0
871,2021-10-21 03:29:15,7600.0,2000.0,1990100.0
872,2021-10-21 03:29:15,7600.0,500.0,1988100.0
873,2021-10-21 03:29:15,7600.0,600.0,1987600.0
874,2021-10-21 03:28:57,7600.0,700.0,1987000.0
875,2021-10-21 03:28:57,7600.0,100.0,1986300.0
876,2021-10-21 03:28:57,7600.0,2000.0,1986200.0
877,2021-10-21 03:28:57,7600.0,300.0,1984200.0
878,2021-10-21 03:28:57,7600.0,300.0,1983900.0
879,2021-10-21 03:28:57,7600.0,100.0,1983600.0
880,2021-10-21 03:28:57,7600.0,400.0,1983500.0
881,2021-10-21 03:28:57,7600.0,2000.0,1983100.0
882,2021-10-21 03:28:57,7600.0,500.0,1981100.0
883,2021-10-21 03:28:57,7600.0,2000.0,1980600.0
884,2021-10-21 03:28:57,7600.0,1600.0,1978600.0
885,2021-10-21 03:28:07,7590.0,1000.0,1977000.0
886,2021-10-21 03:27:59,7590.0,1000.0,1976000.0
887,2021-10-21 03:27:59,7590.0,1000.0,1975000.0
888,2021-10-21 03:27:55,7600.0,300.0,1974000.0
889,2021-10-21 03:27:41,7600.0,100.0,1973700.0
890,2021-10-21 03:27:41,7600.0,8000.0,1973600.0
891,2021-10-21 03:27:41,7600.0,2900.0,1965600.0
892,2021-10-21 03:27:27,7600.0,100.0,1962700.0
893,2021-10-21 03:27:27,7600.0,2000.0,1962600.0
894,2021-10-21 03:27:27,7600.0,500.0,1960600.0
895,2021-10-21 03:27:27,7600.0,4000.0,1960100.0
896,2021-10-21 03:27:27,7600.0,500.0,1956100.0
897,2021-10-21 03:27:27,7600.0,500.0,1955600.0
898,2021-10-21 03:27:27,7600.0,1500.0,1955100.0
899,2021-10-21 03:27:27,7600.0,900.0,1953600.0
900,2021-10-21 03:27:20,7600.0,1100.0,1952700.0
901,2021-10-21 03:27:20,7600.0,1000.0,1951600.0
902,2021-10-21 03:27:20,7600.0,5000.0,1950600.0
903,2021-10-21 03:27:20,7600.0,200.0,1945600.0
904,2021-10-21 03:27:20,7600.0,5000.0,1945400.0
905,2021-10-21 03:27:20,7600.0,2700.0,1940400.0
906,2021-10-21 03:27:16,7600.0,10000.0,1937700.0
907,2021-10-21 03:26:42,7590.0,100.0,1927700.0
908,2021-10-21 03:26:42,7590.0,19500.0,1927600.0
909,2021-10-21 03:26:30,7590.0,5000.0,1908100.0
910,2021-10-21 03:26:24,7590.0,2000.0,1903100.0
911,2021-10-21 03:26:06,7590.0,3800.0,1901100.0
912,2021-10-21 03:26:06,7590.0,9200.0,1897300.0
913,2021-10-21 03:26:00,7580.0,700.0,1888100.0
914,2021-10-21 03:26:00,7580.0,100.0,1887400.0
915,2021-10-21 03:26:00,7580.0,100.0,1887300.0
916,2021-10-21 03:26:00,7580.0,800.0,1887200.0
917,2021-10-21 03:24:41,7580.0,300.0,1886400.0
918,2021-10-21 03:23:54,7580.0,100.0,1886100.0
919,2021-10-21 03:23:54,7580.0,5000.0,1886000.0
920,2021-10-21 03:23:54,7580.0,5000.0,1881000.0
921,2021-10-21 03:23:54,7580.0,3000.0,1876000.0
922,2021-10-21 03:23:54,7580.0,1000.0,1873000.0
923,2021-10-21 03:23:54,7580.0,2200.0,1872000.0
924,2021-10-21 03:23:41,7580.0,100.0,1869800.0
925,2021-10-21 03:23:35,7570.0,1000.0,1869700.0
926,2021-10-21 03:22:56,7570.0,7000.0,1868700.0
927,2021-10-21 03:22:56,7570.0,1000.0,1861700.0
928,2021-10-21 03:22:56,7570.0,2000.0,1860700.0
929,2021-10-21 03:22:41,7570.0,500.0,1858700.0
930,2021-10-21 03:22:39,7580.0,1000.0,1858200.0
931,2021-10-21 03:22:35,7570.0,200.0,1857200.0
932,2021-10-21 03:22:23,7570.0,1600.0,1857000.0
933,2021-10-21 03:20:56,7570.0,5000.0,1855400.0
934,2021-10-21 03:20:50,7570.0,5000.0,1850400.0
935,2021-10-21 03:20:50,7570.0,100.0,1845400.0
936,2021-10-21 03:20:50,7570.0,15600.0,1845300.0
937,2021-10-21 03:20:27,7570.0,1200.0,1829700.0
938,2021-10-21 03:20:27,7570.0,200.0,1828500.0
939,2021-10-21 03:20:27,7560.0,2600.0,1828300.0
940,2021-10-21 03:20:23,7550.0,1700.0,1825700.0
941,2021-10-21 03:20:20,7550.0,4500.0,1824000.0
942,2021-10-21 03:20:20,7550.0,100.0,1819500.0
943,2021-10-21 03:20:20,7550.0,5000.0,1819400.0
944,2021-10-21 03:20:20,7550.0,300.0,1814400.0
945,2021-10-21 03:20:20,7550.0,100.0,1814100.0
946,2021-10-21 03:18:59,7560.0,700.0,1814000.0
947,2021-10-21 03:18:58,7560.0,600.0,1813300.0
948,2021-10-21 03:18:58,7560.0,400.0,1812700.0
949,2021-10-21 03:18:52,7560.0,300.0,1812300.0
950,2021-10-21 03:18:43,7560.0,1900.0,1812000.0
951,2021-10-21 03:18:25,7560.0,100.0,1810100.0
952,2021-10-21 03:18:25,7560.0,200.0,1810000.0
953,2021-10-21 03:18:25,7560.0,100.0,1809800.0
954,2021-10-21 03:18:25,7560.0,700.0,1809700.0
955,2021-10-21 03:18:14,7560.0,100.0,1809000.0
956,2021-10-21 03:17:23,7560.0,200.0,1808900.0
957,2021-10-21 03:16:22,7560.0,1300.0,1808700.0
958,2021-10-21 03:16:10,7560.0,5200.0,1807400.0
959,2021-10-21 03:15:00,7570.0,200.0,1802200.0
960,2021-10-21 03:15:00,7570.0,100.0,1802000.0
961,2021-10-21 03:14:41,7570.0,2000.0,1801900.0
962,2021-10-21 03:14:34,7550.0,400.0,1799900.0
963,2021-10-21 03:14:28,7550.0,100.0,1799500.0
964,2021-10-21 03:13:37,7540.0,1100.0,1799400.0
965,2021-10-21 03:13:37,7540.0,200.0,1798300.0
966,2021-10-21 03:13:37,7540.0,2000.0,1798100.0
967,2021-10-21 03:13:37,7550.0,100.0,1796100.0
968,2021-10-21 03:13:37,7550.0,1600.0,1796000.0
969,2021-10-21 03:13:23,7550.0,1000.0,1794400.0
970,2021-10-21 03:13:23,7550.0,200.0,1793400.0
971,2021-10-21 03:13:23,7550.0,7200.0,1793200.0
972,2021-10-21 03:12:57,7550.0,500.0,1786000.0
973,2021-10-21 03:12:42,7550.0,6300.0,1785500.0
974,2021-10-21 03:11:23,7540.0,500.0,1779200.0
975,2021-10-21 03:11:12,7540.0,400.0,1778700.0
976,2021-10-21 03:11:01,7540.0,500.0,1778300.0
977,2021-10-21 03:11:01,7540.0,100.0,1777800.0
978,2021-10-21 03:10:56,7550.0,200.0,1777700.0
979,2021-10-21 03:10:31,7550.0,500.0,1777500.0
980,2021-10-21 03:10:31,7550.0,3000.0,1777000.0
981,2021-10-21 03:10:31,7550.0,100.0,1774000.0
982,2021-10-21 03:10:31,7550.0,2200.0,1773900.0
983,2021-10-21 03:10:30,7550.0,5000.0,1771700.0
984,2021-10-21 03:10:29,7560.0,100.0,1766700.0
985,2021-10-21 03:10:19,7550.0,2800.0,1766600.0
986,2021-10-21 03:10:19,7550.0,1000.0,1763800.0
987,2021-10-21 03:10:19,7550.0,5000.0,1762800.0
988,2021-10-21 03:10:19,7550.0,200.0,1757800.0
989,2021-10-21 03:10:19,7550.0,1000.0,1757600.0
990,2021-10-21 03:10:14,7560.0,300.0,1756600.0
991,2021-10-21 03:10:14,7560.0,2600.0,1756300.0
992,2021-10-21 03:09:34,7560.0,400.0,1753700.0
993,2021-10-21 03:09:34,7560.0,1000.0,1753300.0
994,2021-10-21 03:09:34,7560.0,500.0,1752300.0
995,2021-10-21 03:09:34,7560.0,500.0,1751800.0
996,2021-10-21 03:09:34,7560.0,100.0,1751300.0
997,2021-10-21 03:09:34,7560.0,3000.0,1751200.0
998,2021-10-21 03:09:34,7560.0,1100.0,1748200.0
999,2021-10-21 03:09:34,7560.0,8400.0,1747100.0
1000,2021-10-21 03:09:12,7570.0,1000.0,1738700.0
1001,2021-10-21 03:09:12,7570.0,3000.0,1737700.0
1002,2021-10-21 03:08:53,7570.0,2000.0,1734700.0
1003,2021-10-21 03:08:22,7570.0,1000.0,1732700.0
1004,2021-10-21 03:08:22,7570.0,1000.0,1731700.0
1005,2021-10-21 03:08:22,7570.0,8000.0,1730700.0
1006,2021-10-21 03:07:47,7580.0,100.0,1722700.0
1007,2021-10-21 03:07:36,7580.0,3100.0,1722600.0
1008,2021-10-21 03:07:36,7580.0,1800.0,1719500.0
1009,2021-10-21 03:07:24,7580.0,200.0,1717700.0
1010,2021-10-21 03:07:24,7580.0,1100.0,1717500.0
1011,2021-10-21 03:07:24,7580.0,3700.0,1716400.0
1012,2021-10-21 03:07:10,7580.0,300.0,1712700.0
1013,2021-10-21 03:07:10,7580.0,3500.0,1712400.0
1014,2021-10-21 03:07:10,7580.0,4500.0,1708900.0
1015,2021-10-21 03:07:10,7580.0,1000.0,1704400.0
1016,2021-10-21 03:07:10,7580.0,100.0,1703400.0
1017,2021-10-21 03:07:10,7580.0,1000.0,1703300.0
1018,2021-10-21 03:07:10,7580.0,200.0,1702300.0
1019,2021-10-21 03:07:10,7580.0,4400.0,1702100.0
1020,2021-10-21 03:06:57,7590.0,800.0,1697700.0
1021,2021-10-21 03:06:57,7590.0,300.0,1696900.0
1022,2021-10-21 03:06:23,7580.0,500.0,1696600.0
1023,2021-10-21 03:03:27,7580.0,200.0,1696100.0
1024,2021-10-21 03:02:17,7580.0,1400.0,1695900.0
1025,2021-10-21 03:02:17,7580.0,1300.0,1694500.0
1026,2021-10-21 03:01:51,7580.0,600.0,1693200.0
1027,2021-10-21 03:01:33,7580.0,500.0,1692600.0
1028,2021-10-21 03:01:06,7580.0,2000.0,1692100.0
1029,2021-10-21 03:01:06,7580.0,5600.0,1690100.0
1030,2021-10-21 03:00:32,7570.0,300.0,1684500.0
1031,2021-10-21 03:00:32,7570.0,200.0,1684200.0
1032,2021-10-21 03:00:15,7570.0,1500.0,1684000.0
1033,2021-10-21 03:00:15,7570.0,100.0,1682500.0
1034,2021-10-21 03:00:15,7570.0,100.0,1682400.0
1035,2021-10-21 03:00:15,7570.0,1300.0,1682300.0
1036,2021-10-21 02:59:42,7580.0,100.0,1681000.0
1037,2021-10-21 02:59:40,7580.0,100.0,1680900.0
1038,2021-10-21 02:59:38,7580.0,300.0,1680800.0
1039,2021-10-21 02:59:21,7580.0,3900.0,1680500.0
1040,2021-10-21 02:59:16,7600.0,200.0,1676600.0
1041,2021-10-21 02:59:04,7580.0,1100.0,1676400.0
1042,2021-10-21 02:59:04,7580.0,900.0,1675300.0
1043,2021-10-21 02:58:37,7580.0,900.0,1674400.0
1044,2021-10-21 02:58:37,7580.0,1100.0,1673500.0
1045,2021-10-21 02:58:31,7600.0,17100.0,1672400.0
1046,2021-10-21 02:58:31,7600.0,1000.0,1655300.0
1047,2021-10-21 02:58:31,7600.0,100.0,1654300.0
1048,2021-10-21 02:58:31,7600.0,5400.0,1654200.0
1049,2021-10-21 02:58:31,7600.0,4600.0,1648800.0
1050,2021-10-21 02:58:31,7600.0,200.0,1644200.0
1051,2021-10-21 02:58:31,7600.0,500.0,1644000.0
1052,2021-10-21 02:58:31,7600.0,500.0,1643500.0
1053,2021-10-21 02:58:31,7600.0,100.0,1643000.0
1054,2021-10-21 02:58:31,7600.0,5000.0,1642900.0
1055,2021-10-21 02:58:31,7600.0,5000.0,1637900.0
1056,2021-10-21 02:58:31,7600.0,20000.0,1632900.0
1057,2021-10-21 02:58:31,7600.0,5000.0,1612900.0
1058,2021-10-21 02:58:31,7600.0,700.0,1607900.0
1059,2021-10-21 02:57:49,7580.0,200.0,1607200.0
1060,2021-10-21 02:57:29,7580.0,3400.0,1607000.0
1061,2021-10-21 02:57:29,7580.0,300.0,1603600.0
1062,2021-10-21 02:56:50,7570.0,700.0,1603300.0
1063,2021-10-21 02:56:33,7580.0,5200.0,1602600.0
1064,2021-10-21 02:56:31,7580.0,4500.0,1597400.0
1065,2021-10-21 02:56:31,7580.0,1900.0,1592900.0
1066,2021-10-21 02:56:19,7580.0,10000.0,1591000.0
1067,2021-10-21 02:55:51,7580.0,14000.0,1581000.0
1068,2021-10-21 02:55:06,7580.0,200.0,1567000.0
1069,2021-10-21 02:55:06,7580.0,2000.0,1566800.0
1070,2021-10-21 02:55:06,7580.0,2000.0,1564800.0
1071,2021-10-21 02:55:06,7580.0,3000.0,1562800.0
1072,2021-10-21 02:55:06,7580.0,1000.0,1559800.0
1073,2021-10-21 02:55:06,7580.0,1000.0,1558800.0
1074,2021-10-21 02:55:06,7580.0,100.0,1557800.0
1075,2021-10-21 02:55:06,7580.0,20000.0,1557700.0
1076,2021-10-21 02:55:06,7580.0,1000.0,1537700.0
1077,2021-10-21 02:55:06,7580.0,43800.0,1536700.0
1078,2021-10-21 02:54:47,7600.0,200.0,1492900.0
1079,2021-10-21 02:54:38,7600.0,2000.0,1492700.0
1080,2021-10-21 02:53:31,7580.0,100.0,1490700.0
1081,2021-10-21 02:53:11,7580.0,10000.0,1490600.0
1082,2021-10-21 02:52:34,7600.0,200.0,1480600.0
1083,2021-10-21 02:52:08,7580.0,200.0,1480400.0
1084,2021-10-21 02:51:53,7580.0,18000.0,1480200.0
1085,2021-10-21 02:51:53,7590.0,6000.0,1462200.0
1086,2021-10-21 02:51:53,7590.0,700.0,1456200.0
1087,2021-10-21 02:51:53,7590.0,200.0,1455500.0
1088,2021-10-21 02:51:53,7590.0,5000.0,1455300.0
1089,2021-10-21 02:51:53,7590.0,100.0,1450300.0
1090,2021-10-21 02:51:39,7600.0,200.0,1450200.0
1091,2021-10-21 02:51:39,7600.0,1000.0,1450000.0
1092,2021-10-21 02:51:39,7600.0,1700.0,1449000.0
1093,2021-10-21 02:51:27,7600.0,2300.0,1447300.0
1094,2021-10-21 02:51:27,7600.0,1700.0,1445000.0
1095,2021-10-21 02:51:18,7600.0,300.0,1443300.0
1096,2021-10-21 02:51:18,7600.0,600.0,1443000.0
1097,2021-10-21 02:51:16,7600.0,100.0,1442400.0
1098,2021-10-21 02:51:16,7600.0,600.0,1442300.0
1099,2021-10-21 02:51:16,7600.0,200.0,1441700.0
1100,2021-10-21 02:51:10,7600.0,200.0,1441500.0
1101,2021-10-21 02:51:10,7600.0,300.0,1441300.0
1102,2021-10-21 02:51:10,7600.0,19500.0,1441000.0
1103,2021-10-21 02:50:55,7600.0,300.0,1421500.0
1104,2021-10-21 02:50:43,7600.0,9200.0,1421200.0
1105,2021-10-21 02:50:43,7600.0,800.0,1412000.0
1106,2021-10-21 02:50:28,7600.0,2000.0,1411200.0
1107,2021-10-21 02:50:26,7610.0,2000.0,1409200.0
1108,2021-10-21 02:50:19,7600.0,200.0,1407200.0
1109,2021-10-21 02:50:19,7600.0,3000.0,1407000.0
1110,2021-10-21 02:50:19,7600.0,2000.0,1404000.0
1111,2021-10-21 02:50:19,7600.0,20000.0,1402000.0
1112,2021-10-21 02:50:19,7600.0,2700.0,1382000.0
1113,2021-10-21 02:49:50,7610.0,2500.0,1379300.0
1114,2021-10-21 02:49:50,7610.0,500.0,1376800.0
1115,2021-10-21 02:49:50,7610.0,100.0,1376300.0
1116,2021-10-21 02:49:50,7610.0,3000.0,1376200.0
1117,2021-10-21 02:49:50,7610.0,300.0,1373200.0
1118,2021-10-21 02:49:12,7600.0,2100.0,1372900.0
1119,2021-10-21 02:49:11,7600.0,2100.0,1370800.0
1120,2021-10-21 02:48:45,7600.0,400.0,1368700.0
1121,2021-10-21 02:48:38,7600.0,3000.0,1368300.0
1122,2021-10-21 02:48:14,7600.0,3000.0,1365300.0
1123,2021-10-21 02:47:55,7600.0,2000.0,1362300.0
1124,2021-10-21 02:47:37,7600.0,1400.0,1360300.0
1125,2021-10-21 02:47:29,7610.0,700.0,1358900.0
1126,2021-10-21 02:47:29,7610.0,200.0,1358200.0
1127,2021-10-21 02:47:19,7610.0,9100.0,1358000.0
1128,2021-10-21 02:47:19,7610.0,500.0,1348900.0
1129,2021-10-21 02:47:19,7610.0,18200.0,1348400.0
1130,2021-10-21 02:47:16,7620.0,3300.0,1330200.0
1131,2021-10-21 02:47:16,7620.0,700.0,1326900.0
1132,2021-10-21 02:47:16,7610.0,1000.0,1326200.0
1133,2021-10-21 02:47:13,7610.0,1000.0,1325200.0
1134,2021-10-21 02:46:49,7620.0,100.0,1324200.0
1135,2021-10-21 02:46:47,7620.0,1500.0,1324100.0
1136,2021-10-21 02:46:34,7610.0,100.0,1322600.0
1137,2021-10-21 02:46:03,7620.0,1700.0,1322500.0
1138,2021-10-21 02:46:03,7620.0,1700.0,1320800.0
1139,2021-10-21 02:46:03,7620.0,1000.0,1319100.0
1140,2021-10-21 02:46:03,7620.0,10000.0,1318100.0
1141,2021-10-21 02:46:03,7620.0,10000.0,1308100.0
1142,2021-10-21 02:46:03,7620.0,5000.0,1298100.0
1143,2021-10-21 02:46:03,7620.0,600.0,1293100.0
1144,2021-10-21 02:45:58,7620.0,400.0,1292500.0
1145,2021-10-21 02:45:58,7620.0,3600.0,1292100.0
1146,2021-10-21 02:45:55,7610.0,5000.0,1288500.0
1147,2021-10-21 02:45:34,7620.0,6400.0,1283500.0
1148,2021-10-21 02:45:33,7620.0,100.0,1277100.0
1149,2021-10-21 02:45:14,7620.0,10000.0,1277000.0
1150,2021-10-21 02:45:02,7620.0,8500.0,1267000.0
1151,2021-10-21 02:45:02,7620.0,1500.0,1258500.0
1152,2021-10-21 02:45:01,7620.0,1000.0,1257000.0
1153,2021-10-21 02:44:54,7620.0,5000.0,1256000.0
1154,2021-10-21 02:44:39,7620.0,2500.0,1251000.0
1155,2021-10-21 02:44:39,7620.0,1500.0,1248500.0
1156,2021-10-21 02:44:38,7620.0,200.0,1247000.0
1157,2021-10-21 02:44:24,7620.0,4600.0,1246800.0
1158,2021-10-21 02:44:18,7630.0,400.0,1242200.0
1159,2021-10-21 02:44:18,7630.0,400.0,1241800.0
1160,2021-10-21 02:44:18,7630.0,200.0,1241400.0
1161,2021-10-21 02:44:03,7620.0,100.0,1241200.0
1162,2021-10-21 02:43:56,7620.0,1300.0,1241100.0
1163,2021-10-21 02:43:55,7620.0,1000.0,1239800.0
1164,2021-10-21 02:43:37,7620.0,1000.0,1238800.0
1165,2021-10-21 02:43:28,7620.0,1000.0,1237800.0
1166,2021-10-21 02:43:19,7620.0,200.0,1236800.0
1167,2021-10-21 02:43:19,7620.0,1100.0,1236600.0
1168,2021-10-21 02:43:03,7620.0,400.0,1235500.0
1169,2021-10-21 02:42:49,7620.0,1600.0,1235100.0
1170,2021-10-21 02:42:45,7620.0,400.0,1233500.0
1171,2021-10-21 02:42:45,7620.0,300.0,1233100.0
1172,2021-10-21 02:42:45,7620.0,900.0,1232800.0
1173,2021-10-21 02:42:45,7620.0,8400.0,1231900.0
1174,2021-10-21 02:42:42,7620.0,1600.0,1223500.0
1175,2021-10-21 02:42:42,7620.0,500.0,1221900.0
1176,2021-10-21 02:42:42,7620.0,1500.0,1221400.0
1177,2021-10-21 02:42:42,7620.0,5000.0,1219900.0
1178,2021-10-21 02:42:42,7620.0,5000.0,1214900.0
1179,2021-10-21 02:42:42,7620.0,1400.0,1209900.0
1180,2021-10-21 02:42:24,7620.0,200.0,1208500.0
1181,2021-10-21 02:42:20,7610.0,4700.0,1208300.0
1182,2021-10-21 02:42:20,7610.0,300.0,1203600.0
1183,2021-10-21 02:42:16,7620.0,3100.0,1203300.0
1184,2021-10-21 02:42:16,7620.0,1000.0,1200200.0
1185,2021-10-21 02:42:16,7620.0,5000.0,1199200.0
1186,2021-10-21 02:42:16,7620.0,300.0,1194200.0
1187,2021-10-21 02:42:16,7620.0,100.0,1193900.0
1188,2021-10-21 02:42:16,7620.0,500.0,1193800.0
1189,2021-10-21 02:42:13,7610.0,100.0,1193300.0
1190,2021-10-21 02:41:44,7600.0,800.0,1193200.0
1191,2021-10-21 02:41:44,7610.0,1200.0,1192400.0
1192,2021-10-21 02:41:44,7610.0,2000.0,1191200.0
1193,2021-10-21 02:41:44,7610.0,500.0,1189200.0
1194,2021-10-21 02:41:44,7610.0,5000.0,1188700.0
1195,2021-10-21 02:41:41,7610.0,500.0,1183700.0
1196,2021-10-21 02:41:40,7610.0,5000.0,1183200.0
1197,2021-10-21 02:41:25,7610.0,200.0,1178200.0
1198,2021-10-21 02:41:21,7610.0,9300.0,1178000.0
1199,2021-10-21 02:41:21,7610.0,100.0,1168700.0
1200,2021-10-21 02:41:21,7610.0,500.0,1168600.0
1201,2021-10-21 02:41:21,7610.0,100.0,1168100.0
1202,2021-10-21 02:41:19,7600.0,1600.0,1168000.0
1203,2021-10-21 02:40:59,7600.0,20000.0,1166400.0
1204,2021-10-21 02:40:59,7600.0,13000.0,1146400.0
1205,2021-10-21 02:40:59,7600.0,1000.0,1133400.0
1206,2021-10-21 02:40:59,7600.0,100.0,1132400.0
1207,2021-10-21 02:40:59,7600.0,1000.0,1132300.0
1208,2021-10-21 02:40:59,7600.0,3000.0,1131300.0
1209,2021-10-21 02:40:59,7600.0,4000.0,1128300.0
1210,2021-10-21 02:40:59,7600.0,1500.0,1124300.0
1211,2021-10-21 02:40:59,7600.0,1000.0,1122800.0
1212,2021-10-21 02:40:59,7600.0,100.0,1121800.0
1213,2021-10-21 02:40:59,7600.0,100.0,1121700.0
1214,2021-10-21 02:40:59,7600.0,300.0,1121600.0
1215,2021-10-21 02:40:59,7600.0,500.0,1121300.0
1216,2021-10-21 02:40:59,7600.0,300.0,1120800.0
1217,2021-10-21 02:40:59,7600.0,4000.0,1120500.0
1218,2021-10-21 02:40:59,7600.0,200.0,1116500.0
1219,2021-10-21 02:40:59,7600.0,500.0,1116300.0
1220,2021-10-21 02:40:59,7600.0,700.0,1115800.0
1221,2021-10-21 02:40:59,7600.0,1000.0,1115100.0
1222,2021-10-21 02:40:59,7600.0,600.0,1114100.0
1223,2021-10-21 02:40:59,7600.0,23100.0,1113500.0
1224,2021-10-21 02:40:59,7600.0,45000.0,1090400.0
1225,2021-10-21 02:40:59,7600.0,10000.0,1045400.0
1226,2021-10-21 02:40:59,7600.0,4400.0,1035400.0
1227,2021-10-21 02:40:59,7590.0,8900.0,1031000.0
1228,2021-10-21 02:40:59,7590.0,20500.0,1022100.0
1229,2021-10-21 02:40:59,7590.0,1000.0,1001600.0
1230,2021-10-21 02:40:59,7590.0,10000.0,1000600.0
1231,2021-10-21 02:40:59,7590.0,100.0,990600.0
1232,2021-10-21 02:40:59,7590.0,2500.0,990500.0
1233,2021-10-21 02:40:59,7590.0,2000.0,988000.0
1234,2021-10-21 02:40:59,7590.0,500.0,986000.0
1235,2021-10-21 02:40:51,7580.0,1000.0,985500.0
1236,2021-10-21 02:40:50,7580.0,100.0,984500.0
1237,2021-10-21 02:40:41,7580.0,500.0,984400.0
1238,2021-10-21 02:40:35,7580.0,10000.0,983900.0
1239,2021-10-21 02:40:35,7580.0,5000.0,973900.0
1240,2021-10-21 02:40:35,7580.0,400.0,968900.0
1241,2021-10-21 02:40:35,7580.0,2000.0,968500.0
1242,2021-10-21 02:40:35,7580.0,100.0,966500.0
1243,2021-10-21 02:40:35,7580.0,500.0,966400.0
1244,2021-10-21 02:40:35,7580.0,2000.0,965900.0
1245,2021-10-21 02:40:35,7580.0,500.0,963900.0
1246,2021-10-21 02:40:35,7580.0,700.0,963400.0
1247,2021-10-21 02:40:35,7570.0,2200.0,962700.0
1248,2021-10-21 02:40:35,7570.0,2900.0,960500.0
1249,2021-10-21 02:40:24,7570.0,100.0,957600.0
1250,2021-10-21 02:40:11,7560.0,1600.0,957500.0
1251,2021-10-21 02:40:10,7560.0,300.0,955900.0
1252,2021-10-21 02:40:05,7550.0,500.0,955600.0
1253,2021-10-21 02:39:57,7570.0,8100.0,955100.0
1254,2021-10-21 02:39:50,7570.0,1200.0,947000.0
1255,2021-10-21 02:39:47,7570.0,2000.0,945800.0
1256,2021-10-21 02:39:47,7570.0,100.0,943800.0
1257,2021-10-21 02:39:47,7570.0,8000.0,943700.0
1258,2021-10-21 02:39:47,7570.0,1600.0,935700.0
1259,2021-10-21 02:39:47,7560.0,2200.0,934100.0
1260,2021-10-21 02:39:47,7560.0,500.0,931900.0
1261,2021-10-21 02:39:47,7560.0,1200.0,931400.0
1262,2021-10-21 02:39:47,7560.0,2000.0,930200.0
1263,2021-10-21 02:39:47,7560.0,1000.0,928200.0
1264,2021-10-21 02:39:47,7560.0,2100.0,927200.0
1265,2021-10-21 02:39:39,7550.0,1000.0,925100.0
1266,2021-10-21 02:39:39,7550.0,10000.0,924100.0
1267,2021-10-21 02:39:39,7550.0,5000.0,914100.0
1268,2021-10-21 02:39:39,7550.0,1000.0,909100.0
1269,2021-10-21 02:39:39,7550.0,10000.0,908100.0
1270,2021-10-21 02:39:39,7550.0,500.0,898100.0
1271,2021-10-21 02:39:39,7550.0,6800.0,897600.0
1272,2021-10-21 02:39:23,7540.0,4000.0,890800.0
1273,2021-10-21 02:39:19,7550.0,200.0,886800.0
1274,2021-10-21 02:38:45,7520.0,8900.0,886600.0
1275,2021-10-21 02:38:45,7530.0,600.0,877700.0
1276,2021-10-21 02:38:45,7530.0,100.0,877100.0
1277,2021-10-21 02:38:45,7530.0,10000.0,877000.0
1278,2021-10-21 02:38:45,7530.0,10000.0,867000.0
1279,2021-10-21 02:38:45,7540.0,100.0,857000.0
1280,2021-10-21 02:38:45,7540.0,200.0,856900.0
1281,2021-10-21 02:38:45,7540.0,100.0,856700.0
1282,2021-10-21 02:38:35,7540.0,100.0,856600.0
1283,2021-10-21 02:38:35,7540.0,100.0,856500.0
1284,2021-10-21 02:38:35,7540.0,800.0,856400.0
1285,2021-10-21 02:38:26,7540.0,300.0,855600.0
1286,2021-10-21 02:38:24,7540.0,900.0,855300.0
1287,2021-10-21 02:38:24,7540.0,2000.0,854400.0
1288,2021-10-21 02:38:24,7540.0,100.0,852400.0
1289,2021-10-21 02:38:24,7540.0,100.0,852300.0
1290,2021-10-21 02:38:24,7540.0,800.0,852200.0
1291,2021-10-21 02:38:09,7540.0,800.0,851400.0
1292,2021-10-21 02:37:53,7540.0,700.0,850600.0
1293,2021-10-21 02:37:51,7550.0,2000.0,849900.0
1294,2021-10-21 02:37:33,7540.0,1000.0,847900.0
1295,2021-10-21 02:37:03,7540.0,1500.0,846900.0
1296,2021-10-21 02:36:41,7540.0,2000.0,845400.0
1297,2021-10-21 02:36:41,7540.0,100.0,843400.0
1298,2021-10-21 02:36:41,7540.0,1000.0,843300.0
1299,2021-10-21 02:36:41,7540.0,2100.0,842300.0
1300,2021-10-21 02:36:34,7540.0,200.0,840200.0
1301,2021-10-21 02:36:31,7540.0,2700.0,840000.0
1302,2021-10-21 02:36:31,7540.0,3000.0,837300.0
1303,2021-10-21 02:36:31,7540.0,1000.0,834300.0
1304,2021-10-21 02:36:31,7540.0,1000.0,833300.0
1305,2021-10-21 02:36:31,7540.0,2300.0,832300.0
1306,2021-10-21 02:36:21,7540.0,1000.0,830000.0
1307,2021-10-21 02:36:12,7540.0,100.0,829000.0
1308,2021-10-21 02:35:34,7540.0,800.0,828900.0
1309,2021-10-21 02:35:29,7540.0,200.0,828100.0
1310,2021-10-21 02:35:21,7540.0,1000.0,827900.0
1311,2021-10-21 02:35:21,7540.0,100.0,826900.0
1312,2021-10-21 02:35:21,7540.0,300.0,826800.0
1313,2021-10-21 02:35:21,7540.0,200.0,826500.0
1314,2021-10-21 02:35:21,7540.0,4000.0,826300.0
1315,2021-10-21 02:35:17,7540.0,5000.0,822300.0
1316,2021-10-21 02:35:07,7550.0,1000.0,817300.0
1317,2021-10-21 02:34:51,7540.0,1000.0,816300.0
1318,2021-10-21 02:34:22,7540.0,700.0,815300.0
1319,2021-10-21 02:34:22,7540.0,500.0,814600.0
1320,2021-10-21 02:34:17,7550.0,100.0,814100.0
1321,2021-10-21 02:34:14,7550.0,2000.0,814000.0
1322,2021-10-21 02:34:02,7550.0,1000.0,812000.0
1323,2021-10-21 02:34:02,7550.0,200.0,811000.0
1324,2021-10-21 02:33:59,7550.0,1000.0,810800.0
1325,2021-10-21 02:33:40,7550.0,3800.0,809800.0
1326,2021-10-21 02:33:38,7550.0,1000.0,806000.0
1327,2021-10-21 02:33:38,7550.0,200.0,805000.0
1328,2021-10-21 02:33:38,7550.0,300.0,804800.0
1329,2021-10-21 02:33:38,7550.0,1000.0,804500.0
1330,2021-10-21 02:33:38,7550.0,1000.0,803500.0
1331,2021-10-21 02:33:33,7560.0,4500.0,802500.0
1332,2021-10-21 02:33:33,7560.0,500.0,798000.0
1333,2021-10-21 02:33:11,7550.0,4000.0,797500.0
1334,2021-10-21 02:33:02,7550.0,100.0,793500.0
1335,2021-10-21 02:32:59,7550.0,4900.0,793400.0
1336,2021-10-21 02:32:59,7550.0,100.0,788500.0
1337,2021-10-21 02:32:49,7550.0,400.0,788400.0
1338,2021-10-21 02:32:49,7550.0,200.0,788000.0
1339,2021-10-21 02:32:49,7550.0,400.0,787800.0
1340,2021-10-21 02:32:42,7560.0,100.0,787400.0
1341,2021-10-21 02:32:34,7550.0,1000.0,787300.0
1342,2021-10-21 02:32:05,7550.0,3600.0,786300.0
1343,2021-10-21 02:32:05,7550.0,200.0,782700.0
1344,2021-10-21 02:32:05,7550.0,10000.0,782500.0
1345,2021-10-21 02:32:05,7550.0,1000.0,772500.0
1346,2021-10-21 02:32:05,7550.0,1000.0,771500.0
1347,2021-10-21 02:32:05,7550.0,2000.0,770500.0
1348,2021-10-21 02:32:05,7550.0,1000.0,768500.0
1349,2021-10-21 02:32:05,7550.0,200.0,767500.0
1350,2021-10-21 02:32:05,7550.0,1000.0,767300.0
1351,2021-10-21 02:32:04,7560.0,200.0,766300.0
1352,2021-10-21 02:32:04,7560.0,200.0,766100.0
1353,2021-10-21 02:32:03,7570.0,400.0,765900.0
1354,2021-10-21 02:32:03,7570.0,100.0,765500.0
1355,2021-10-21 02:31:50,7560.0,400.0,765400.0
1356,2021-10-21 02:31:32,7560.0,300.0,765000.0
1357,2021-10-21 02:31:32,7560.0,500.0,764700.0
1358,2021-10-21 02:31:32,7560.0,100.0,764200.0
1359,2021-10-21 02:31:19,7570.0,900.0,764100.0
1360,2021-10-21 02:31:19,7570.0,100.0,763200.0
1361,2021-10-21 02:31:18,7560.0,100.0,763100.0
1362,2021-10-21 02:31:14,7570.0,2900.0,763000.0
1363,2021-10-21 02:31:14,7570.0,800.0,760100.0
1364,2021-10-21 02:31:14,7570.0,1300.0,759300.0
1365,2021-10-21 02:31:08,7570.0,100.0,758000.0
1366,2021-10-21 02:30:59,7570.0,16200.0,757900.0
1367,2021-10-21 02:30:59,7560.0,2000.0,741700.0
1368,2021-10-21 02:30:59,7560.0,1800.0,739700.0
1369,2021-10-21 02:30:54,7560.0,3200.0,737900.0
1370,2021-10-21 02:30:54,7560.0,1800.0,734700.0
1371,2021-10-21 02:30:49,7560.0,1000.0,732900.0
1372,2021-10-21 02:30:44,7560.0,100.0,731900.0
1373,2021-10-21 02:30:44,7560.0,2000.0,731800.0
1374,2021-10-21 02:30:44,7560.0,1000.0,729800.0
1375,2021-10-21 02:30:44,7560.0,600.0,728800.0
1376,2021-10-21 02:30:33,7560.0,400.0,728200.0
1377,2021-10-21 02:30:33,7560.0,100.0,727800.0
1378,2021-10-21 02:30:26,7570.0,100.0,727700.0
1379,2021-10-21 02:30:23,7570.0,1000.0,727600.0
1380,2021-10-21 02:30:20,7570.0,1000.0,726600.0
1381,2021-10-21 02:30:20,7570.0,300.0,725600.0
1382,2021-10-21 02:30:19,7570.0,700.0,725300.0
1383,2021-10-21 02:30:19,7570.0,300.0,724600.0
1384,2021-10-21 02:29:58,7570.0,10000.0,724300.0
1385,2021-10-21 02:29:32,7580.0,100.0,714300.0
1386,2021-10-21 02:29:19,7580.0,100.0,714200.0
1387,2021-10-21 02:29:06,7580.0,100.0,714100.0
1388,2021-10-21 02:29:06,7580.0,500.0,714000.0
1389,2021-10-21 02:29:06,7580.0,100.0,713500.0
1390,2021-10-21 02:29:06,7580.0,300.0,713400.0
1391,2021-10-21 02:29:03,7580.0,1700.0,713100.0
1392,2021-10-21 02:29:02,7590.0,300.0,711400.0
1393,2021-10-21 02:29:02,7590.0,700.0,711100.0
1394,2021-10-21 02:28:59,7590.0,700.0,710400.0
1395,2021-10-21 02:28:56,7590.0,2000.0,709700.0
1396,2021-10-21 02:28:23,7590.0,500.0,707700.0
1397,2021-10-21 02:28:23,7590.0,500.0,707200.0
1398,2021-10-21 02:28:23,7590.0,600.0,706700.0
1399,2021-10-21 02:28:15,7600.0,600.0,706100.0
1400,2021-10-21 02:28:15,7600.0,900.0,705500.0
1401,2021-10-21 02:28:10,7590.0,5000.0,704600.0
1402,2021-10-21 02:27:49,7590.0,1000.0,699600.0
1403,2021-10-21 02:27:49,7590.0,100.0,698600.0
1404,2021-10-21 02:27:49,7590.0,600.0,698500.0
1405,2021-10-21 02:27:49,7590.0,5000.0,697900.0
1406,2021-10-21 02:27:49,7590.0,200.0,692900.0
1407,2021-10-21 02:27:49,7590.0,300.0,692700.0
1408,2021-10-21 02:27:36,7580.0,3000.0,692400.0
1409,2021-10-21 02:27:03,7590.0,1000.0,689400.0
1410,2021-10-21 02:26:58,7590.0,100.0,688400.0
1411,2021-10-21 02:26:58,7590.0,3600.0,688300.0
1412,2021-10-21 02:26:52,7590.0,500.0,684700.0
1413,2021-10-21 02:26:51,7600.0,20500.0,684200.0
1414,2021-10-21 02:26:51,7600.0,500.0,663700.0
1415,2021-10-21 02:26:51,7600.0,1400.0,663200.0
1416,2021-10-21 02:26:38,7590.0,2900.0,661800.0
1417,2021-10-21 02:26:38,7590.0,100.0,658900.0
1418,2021-10-21 02:26:35,7600.0,1000.0,658800.0
1419,2021-10-21 02:26:30,7600.0,100.0,657800.0
1420,2021-10-21 02:26:24,7600.0,1000.0,657700.0
1421,2021-10-21 02:26:24,7600.0,10000.0,656700.0
1422,2021-10-21 02:26:15,7600.0,500.0,646700.0
1423,2021-10-21 02:26:06,7600.0,1000.0,646200.0
1424,2021-10-21 02:26:04,7600.0,200.0,645200.0
1425,2021-10-21 02:26:02,7600.0,300.0,645000.0
1426,2021-10-21 02:26:02,7600.0,500.0,644700.0
1427,2021-10-21 02:26:02,7610.0,2000.0,644200.0
1428,2021-10-21 02:25:58,7610.0,900.0,642200.0
1429,2021-10-21 02:25:56,7600.0,19500.0,641300.0
1430,2021-10-21 02:25:56,7600.0,3000.0,621800.0
1431,2021-10-21 02:25:56,7600.0,2500.0,618800.0
1432,2021-10-21 02:25:56,7600.0,2000.0,616300.0
1433,2021-10-21 02:25:56,7600.0,500.0,614300.0
1434,2021-10-21 02:25:56,7600.0,100.0,613800.0
1435,2021-10-21 02:25:56,7600.0,1000.0,613700.0
1436,2021-10-21 02:25:56,7600.0,1000.0,612700.0
1437,2021-10-21 02:25:56,7600.0,20400.0,611700.0
1438,2021-10-21 02:25:54,7600.0,200.0,591300.0
1439,2021-10-21 02:25:46,7600.0,2600.0,591100.0
1440,2021-10-21 02:25:46,7600.0,2000.0,588500.0
1441,2021-10-21 02:25:46,7600.0,5000.0,586500.0
1442,2021-10-21 02:25:46,7600.0,1500.0,581500.0
1443,2021-10-21 02:25:46,7600.0,200.0,580000.0
1444,2021-10-21 02:25:46,7600.0,9000.0,579800.0
1445,2021-10-21 02:25:46,7600.0,3800.0,570800.0
1446,2021-10-21 02:25:46,7600.0,3000.0,567000.0
1447,2021-10-21 02:25:46,7600.0,100.0,564000.0
1448,2021-10-21 02:25:46,7600.0,2800.0,563900.0
1449,2021-10-21 02:25:43,7600.0,4200.0,561100.0
1450,2021-10-21 02:25:43,7600.0,300.0,556900.0
1451,2021-10-21 02:25:43,7600.0,3500.0,556600.0
1452,2021-10-21 02:25:38,7600.0,1500.0,553100.0
1453,2021-10-21 02:25:38,7600.0,1000.0,551600.0
1454,2021-10-21 02:25:38,7600.0,20000.0,550600.0
1455,2021-10-21 02:25:38,7600.0,500.0,530600.0
1456,2021-10-21 02:25:38,7600.0,1000.0,530100.0
1457,2021-10-21 02:25:38,7600.0,26000.0,529100.0
1458,2021-10-21 02:25:37,7610.0,3000.0,503100.0
1459,2021-10-21 02:25:27,7610.0,100.0,500100.0
1460,2021-10-21 02:25:25,7610.0,1000.0,500000.0
1461,2021-10-21 02:25:22,7600.0,1900.0,499000.0
1462,2021-10-21 02:25:22,7610.0,1000.0,497100.0
1463,2021-10-21 02:25:22,7610.0,100.0,496100.0
1464,2021-10-21 02:25:22,7610.0,700.0,496000.0
1465,2021-10-21 02:25:22,7610.0,3300.0,495300.0
1466,2021-10-21 02:25:21,7610.0,100.0,492000.0
1467,2021-10-21 02:25:19,7610.0,1000.0,491900.0
1468,2021-10-21 02:25:14,7610.0,700.0,490900.0
1469,2021-10-21 02:25:14,7610.0,3000.0,490200.0
1470,2021-10-21 02:25:06,7610.0,100.0,487200.0
1471,2021-10-21 02:24:42,7610.0,1800.0,487100.0
1472,2021-10-21 02:24:42,7610.0,100.0,485300.0
1473,2021-10-21 02:24:42,7610.0,600.0,485200.0
1474,2021-10-21 02:24:40,7610.0,400.0,484600.0
1475,2021-10-21 02:24:40,7610.0,100.0,484200.0
1476,2021-10-21 02:24:11,7610.0,400.0,484100.0
1477,2021-10-21 02:24:11,7610.0,3000.0,483700.0
1478,2021-10-21 02:24:11,7610.0,200.0,480700.0
1479,2021-10-21 02:24:11,7610.0,8100.0,480500.0
1480,2021-10-21 02:24:11,7620.0,5000.0,472400.0
1481,2021-10-21 02:24:11,7620.0,300.0,467400.0
1482,2021-10-21 02:24:11,7620.0,100.0,467100.0
1483,2021-10-21 02:24:11,7620.0,1500.0,467000.0
1484,2021-10-21 02:24:11,7620.0,500.0,465500.0
1485,2021-10-21 02:24:11,7620.0,900.0,465000.0
1486,2021-10-21 02:24:10,7620.0,100.0,464100.0
1487,2021-10-21 02:24:04,7620.0,1200.0,464000.0
1488,2021-10-21 02:24:04,7620.0,100.0,462800.0
1489,2021-10-21 02:24:04,7620.0,2700.0,462700.0
1490,2021-10-21 02:24:04,7630.0,16000.0,460000.0
1491,2021-10-21 02:24:03,7630.0,1000.0,444000.0
1492,2021-10-21 02:24:03,7630.0,1000.0,443000.0
1493,2021-10-21 02:24:03,7630.0,10000.0,442000.0
1494,2021-10-21 02:24:03,7630.0,1000.0,432000.0
1495,2021-10-21 02:24:03,7630.0,1000.0,431000.0
1496,2021-10-21 02:23:57,7620.0,800.0,430000.0
1497,2021-10-21 02:23:57,7620.0,200.0,429200.0
1498,2021-10-21 02:23:35,7630.0,200.0,429000.0
1499,2021-10-21 02:23:29,7630.0,800.0,428800.0
1500,2021-10-21 02:23:29,7630.0,200.0,428000.0
1501,2021-10-21 02:23:16,7620.0,300.0,427800.0
1502,2021-10-21 02:23:16,7620.0,100.0,427500.0
1503,2021-10-21 02:23:16,7620.0,2000.0,427400.0
1504,2021-10-21 02:23:16,7620.0,100.0,425400.0
1505,2021-10-21 02:23:16,7620.0,2500.0,425300.0
1506,2021-10-21 02:23:04,7620.0,1000.0,422800.0
1507,2021-10-21 02:22:49,7620.0,5000.0,421800.0
1508,2021-10-21 02:22:48,7630.0,200.0,416800.0
1509,2021-10-21 02:22:40,7630.0,900.0,416600.0
1510,2021-10-21 02:22:37,7630.0,300.0,415700.0
1511,2021-10-21 02:22:33,7630.0,500.0,415400.0
1512,2021-10-21 02:22:27,7630.0,500.0,414900.0
1513,2021-10-21 02:22:05,7640.0,6300.0,414400.0
1514,2021-10-21 02:22:05,7640.0,34300.0,408100.0
1515,2021-10-21 02:22:05,7630.0,1000.0,373800.0
1516,2021-10-21 02:22:05,7630.0,1000.0,372800.0
1517,2021-10-21 02:22:05,7630.0,4400.0,371800.0
1518,2021-10-21 02:22:00,7630.0,1600.0,367400.0
1519,2021-10-21 02:21:58,7630.0,100.0,365800.0
1520,2021-10-21 02:21:58,7630.0,3900.0,365700.0
1521,2021-10-21 02:21:56,7630.0,100.0,361800.0
1522,2021-10-21 02:21:56,7630.0,500.0,361700.0
1523,2021-10-21 02:21:56,7630.0,300.0,361200.0
1524,2021-10-21 02:21:56,7630.0,1100.0,360900.0
1525,2021-10-21 02:21:42,7630.0,3900.0,359800.0
1526,2021-10-21 02:21:42,7630.0,5000.0,355900.0
1527,2021-10-21 02:21:42,7630.0,1100.0,350900.0
1528,2021-10-21 02:21:38,7630.0,1000.0,349800.0
1529,2021-10-21 02:21:28,7630.0,100.0,348800.0
1530,2021-10-21 02:21:26,7640.0,400.0,348700.0
1531,2021-10-21 02:21:25,7640.0,1000.0,348300.0
1532,2021-10-21 02:21:24,7630.0,2800.0,347300.0
1533,2021-10-21 02:21:24,7630.0,200.0,344500.0
1534,2021-10-21 02:21:17,7630.0,1000.0,344300.0
1535,2021-10-21 02:21:13,7640.0,2300.0,343300.0
1536,2021-10-21 02:21:13,7640.0,900.0,341000.0
1537,2021-10-21 02:21:13,7640.0,100.0,340100.0
1538,2021-10-21 02:21:13,7640.0,300.0,340000.0
1539,2021-10-21 02:21:13,7640.0,100.0,339700.0
1540,2021-10-21 02:21:13,7640.0,300.0,339600.0
1541,2021-10-21 02:21:05,7630.0,100.0,339300.0
1542,2021-10-21 02:21:04,7630.0,1000.0,339200.0
1543,2021-10-21 02:20:54,7630.0,100.0,338200.0
1544,2021-10-21 02:20:50,7630.0,4000.0,338100.0
1545,2021-10-21 02:20:50,7630.0,100.0,334100.0
1546,2021-10-21 02:20:50,7630.0,3000.0,334000.0
1547,2021-10-21 02:20:50,7630.0,1000.0,331000.0
1548,2021-10-21 02:20:50,7630.0,4500.0,330000.0
1549,2021-10-21 02:20:40,7620.0,1000.0,325500.0
1550,2021-10-21 02:20:18,7620.0,2500.0,324500.0
1551,2021-10-21 02:20:14,7630.0,5500.0,322000.0
1552,2021-10-21 02:20:14,7630.0,2000.0,316500.0
1553,2021-10-21 02:20:14,7630.0,5000.0,314500.0
1554,2021-10-21 02:20:14,7620.0,7500.0,309500.0
1555,2021-10-21 02:20:09,7620.0,500.0,302000.0
1556,2021-10-21 02:20:09,7620.0,200.0,301500.0
1557,2021-10-21 02:20:09,7610.0,500.0,301300.0
1558,2021-10-21 02:19:56,7610.0,5000.0,300800.0
1559,2021-10-21 02:19:46,7610.0,1000.0,295800.0
1560,2021-10-21 02:19:41,7620.0,800.0,294800.0
1561,2021-10-21 02:19:41,7620.0,200.0,294000.0
1562,2021-10-21 02:19:40,7620.0,500.0,293800.0
1563,2021-10-21 02:19:20,7610.0,4000.0,293300.0
1564,2021-10-21 02:19:19,7640.0,700.0,289300.0
1565,2021-10-21 02:19:19,7640.0,500.0,288600.0
1566,2021-10-21 02:19:19,7630.0,4000.0,288100.0
1567,2021-10-21 02:19:19,7630.0,2000.0,284100.0
1568,2021-10-21 02:19:19,7620.0,400.0,282100.0
1569,2021-10-21 02:19:19,7620.0,400.0,281700.0
1570,2021-10-21 02:19:04,7610.0,1400.0,281300.0
1571,2021-10-21 02:19:04,7610.0,600.0,279900.0
1572,2021-10-21 02:19:04,7620.0,300.0,279300.0
1573,2021-10-21 02:19:01,7620.0,5000.0,279000.0
1574,2021-10-21 02:19:01,7620.0,2000.0,274000.0
1575,2021-10-21 02:19:01,7620.0,200.0,272000.0
1576,2021-10-21 02:19:01,7630.0,3000.0,271800.0
1577,2021-10-21 02:19:01,7630.0,400.0,268800.0
1578,2021-10-21 02:19:01,7630.0,1700.0,268400.0
1579,2021-10-21 02:18:55,7640.0,2000.0,266700.0
1580,2021-10-21 02:18:28,7630.0,200.0,264700.0
1581,2021-10-21 02:18:27,7640.0,2000.0,264500.0
1582,2021-10-21 02:18:24,7640.0,500.0,262500.0
1583,2021-10-21 02:18:24,7640.0,500.0,262000.0
1584,2021-10-21 02:18:21,7630.0,100.0,261500.0
1585,2021-10-21 02:18:19,7630.0,1000.0,261400.0
1586,2021-10-21 02:18:13,7630.0,2000.0,260400.0
1587,2021-10-21 02:18:13,7630.0,1100.0,258400.0
1588,2021-10-21 02:18:13,7630.0,6900.0,257300.0
1589,2021-10-21 02:18:10,7650.0,200.0,250400.0
1590,2021-10-21 02:18:10,7650.0,500.0,250200.0
1591,2021-10-21 02:18:10,7640.0,300.0,249700.0
1592,2021-10-21 02:18:08,7640.0,200.0,249400.0
1593,2021-10-21 02:18:00,7630.0,5500.0,249200.0
1594,2021-10-21 02:18:00,7640.0,4500.0,243700.0
1595,2021-10-21 02:17:59,7640.0,1000.0,239200.0
1596,2021-10-21 02:17:50,7640.0,10000.0,238200.0
1597,2021-10-21 02:17:50,7640.0,200.0,228200.0
1598,2021-10-21 02:17:50,7640.0,6000.0,228000.0
1599,2021-10-21 02:17:50,7640.0,6000.0,222000.0
1600,2021-10-21 02:17:50,7640.0,1000.0,216000.0
1601,2021-10-21 02:17:50,7640.0,1300.0,215000.0
1602,2021-10-21 02:17:49,7640.0,2000.0,213700.0
1603,2021-10-21 02:17:48,7640.0,1700.0,211700.0
1604,2021-10-21 02:17:48,7640.0,200.0,210000.0
1605,2021-10-21 02:17:48,7640.0,100.0,209800.0
1606,2021-10-21 02:17:48,7630.0,1000.0,209700.0
1607,2021-10-21 02:17:45,7630.0,500.0,208700.0
1608,2021-10-21 02:17:44,7630.0,1000.0,208200.0
1609,2021-10-21 02:17:41,7630.0,500.0,207200.0
1610,2021-10-21 02:17:38,7630.0,200.0,206700.0
1611,2021-10-21 02:17:38,7630.0,1000.0,206500.0
1612,2021-10-21 02:17:38,7630.0,300.0,205500.0
1613,2021-10-21 02:17:38,7630.0,200.0,205200.0
1614,2021-10-21 02:17:38,7630.0,100.0,205000.0
1615,2021-10-21 02:17:38,7630.0,1000.0,204900.0
1616,2021-10-21 02:17:38,7630.0,6800.0,203900.0
1617,2021-10-21 02:17:36,7630.0,100.0,197100.0
1618,2021-10-21 02:17:07,7630.0,3100.0,197000.0
1619,2021-10-21 02:17:07,7630.0,1000.0,193900.0
1620,2021-10-21 02:17:07,7630.0,900.0,192900.0
1621,2021-10-21 02:17:07,7630.0,100.0,192000.0
1622,2021-10-21 02:17:07,7630.0,600.0,191900.0
1623,2021-10-21 02:17:07,7620.0,5000.0,191300.0
1624,2021-10-21 02:17:07,7620.0,2000.0,186300.0
1625,2021-10-21 02:17:07,7620.0,2000.0,184300.0
1626,2021-10-21 02:17:07,7610.0,300.0,182300.0
1627,2021-10-21 02:17:03,7610.0,200.0,182000.0
1628,2021-10-21 02:17:03,7610.0,200.0,181800.0
1629,2021-10-21 02:17:03,7610.0,500.0,181600.0
1630,2021-10-21 02:17:03,7610.0,500.0,181100.0
1631,2021-10-21 02:17:03,7610.0,6600.0,180600.0
1632,2021-10-21 02:16:56,7610.0,5000.0,174000.0
1633,2021-10-21 02:16:55,7600.0,1000.0,169000.0
1634,2021-10-21 02:16:55,7610.0,5000.0,168000.0
1635,2021-10-21 02:16:49,7600.0,200.0,163000.0
1636,2021-10-21 02:16:31,7610.0,2000.0,162800.0
1637,2021-10-21 02:16:30,7610.0,1100.0,160800.0
1638,2021-10-21 02:16:30,7620.0,300.0,159700.0
1639,2021-10-21 02:16:27,7620.0,200.0,159400.0
1640,2021-10-21 02:16:26,7620.0,300.0,159200.0
1641,2021-10-21 02:16:23,7620.0,500.0,158900.0
1642,2021-10-21 02:16:16,7620.0,500.0,158400.0
1643,2021-10-21 02:16:12,7610.0,900.0,157900.0
1644,2021-10-21 02:16:03,7610.0,500.0,157000.0
1645,2021-10-21 02:16:01,7620.0,100.0,156500.0
1646,2021-10-21 02:16:01,7620.0,1500.0,156400.0
1647,2021-10-21 02:15:55,7630.0,100.0,154900.0
1648,2021-10-21 02:15:55,7620.0,200.0,154800.0
1649,2021-10-21 02:15:51,7620.0,300.0,154600.0
1650,2021-10-21 02:15:44,7630.0,9300.0,154300.0
1651,2021-10-21 02:15:44,7620.0,700.0,145000.0
1652,2021-10-21 02:15:35,7620.0,1300.0,144300.0
1653,2021-10-21 02:15:35,7620.0,1700.0,143000.0
1654,2021-10-21 02:15:32,7620.0,1000.0,141300.0
1655,2021-10-21 02:15:24,7620.0,6300.0,140300.0
1656,2021-10-21 02:15:24,7620.0,7000.0,134000.0
1657,2021-10-21 02:15:24,7610.0,1700.0,127000.0
1658,2021-10-21 02:15:22,7610.0,300.0,125300.0
1659,2021-10-21 02:15:15,7610.0,1000.0,125000.0
1660,2021-10-21 02:15:11,7600.0,900.0,124000.0
1661,2021-10-21 02:15:11,7600.0,100.0,123100.0
1662,2021-10-21 02:15:00,7610.0,1100.0,123000.0
1663,2021-10-21 02:15:00,7610.0,400.0,121900.0
1664,2021-10-21 02:15:00,7610.0,900.0,121500.0
1665,2021-10-21 02:15:00,7610.0,600.0,120600.0
1666,2021-10-21 02:15:00,7610.0,100.0,120000.0
1667,2021-10-21 02:15:00,7610.0,100.0,119900.0
1668,2021-10-21 02:15:00,7610.0,800.0,119800.0
1669,2021-10-21 02:15:00,7610.0,7100.0,119000.0
1670,2021-10-21 02:15:00,7610.0,2800.0,111900.0
1671,2021-10-21 02:15:00,7610.0,500.0,109100.0
1672,2021-10-21 02:15:00,7610.0,9600.0,108600.0
1673,2021-10-21 02:15:00,7610.0,400.0,99000.0
1674,2021-10-21 02:15:00,7610.0,200.0,98600.0
1675,2021-10-21 02:15:00,7610.0,400.0,98400.0
1676,2021-10-21 02:15:00,7610.0,5000.0,98000.0
1677,2021-10-21 02:15:00,7610.0,4600.0,93000.0
1678,2021-10-21 02:15:00,7610.0,5000.0,88400.0
1679,2021-10-21 02:15:00,7610.0,400.0,83400.0
1680,2021-10-21 02:15:00,7610.0,600.0,83000.0
1681,2021-10-21 02:15:00,7610.0,500.0,82400.0
1682,2021-10-21 02:15:00,7610.0,300.0,81900.0
1683,2021-10-21 02:15:00,7610.0,500.0,81600.0
1684,2021-10-21 02:15:00,7610.0,400.0,81100.0
1685,2021-10-21 02:15:00,7610.0,100.0,80700.0
1686,2021-10-21 02:15:00,7610.0,300.0,80600.0
1687,2021-10-21 02:15:00,7610.0,2300.0,80300.0
1688,2021-10-21 02:15:00,7610.0,1300.0,78000.0
1689,2021-10-21 02:15:00,7610.0,200.0,76700.0
1690,2021-10-21 02:15:00,7610.0,100.0,76500.0
1691,2021-10-21 02:15:00,7610.0,300.0,76400.0
1692,2021-10-21 02:15:00,7610.0,7000.0,76100.0
1693,2021-10-21 02:15:00,7610.0,1000.0,69100.0
1694,2021-10-21 02:15:00,7610.0,1000.0,68100.0
1695,2021-10-21 02:15:00,7610.0,1000.0,67100.0
1696,2021-10-21 02:15:00,7610.0,500.0,66100.0
1697,2021-10-21 02:15:00,7610.0,500.0,65600.0
1698,2021-10-21 02:15:00,7610.0,700.0,65100.0
1699,2021-10-21 02:15:00,7610.0,300.0,64400.0
1700,2021-10-21 02:15:00,7610.0,600.0,64100.0
1701,2021-10-21 02:15:00,7610.0,1700.0,63500.0
1702,2021-10-21 02:15:00,7610.0,300.0,61800.0
1703,2021-10-21 02:15:00,7610.0,200.0,61500.0
1704,2021-10-21 02:15:00,7610.0,300.0,61300.0
1705,2021-10-21 02:15:00,7610.0,1200.0,61000.0
1706,2021-10-21 02:15:00,7610.0,5000.0,59800.0
1707,2021-10-21 02:15:00,7610.0,100.0,54800.0
1708,2021-10-21 02:15:00,7610.0,1000.0,54700.0
1709,2021-10-21 02:15:00,7610.0,100.0,53700.0
1710,2021-10-21 02:15:00,7610.0,5000.0,53600.0
1711,2021-10-21 02:15:00,7610.0,5000.0,48600.0
1712,2021-10-21 02:15:00,7610.0,2600.0,43600.0
1713,2021-10-21 02:15:00,7610.0,1500.0,41000.0
1714,2021-10-21 02:15:00,7610.0,1000.0,39500.0
1715,2021-10-21 02:15:00,7610.0,4900.0,38500.0
1716,2021-10-21 02:15:00,7610.0,200.0,33600.0
1717,2021-10-21 02:15:00,7610.0,1000.0,33400.0
1718,2021-10-21 02:15:00,7610.0,200.0,32400.0
1719,2021-10-21 02:15:00,7610.0,200.0,32200.0
1720,2021-10-21 02:15:00,7610.0,100.0,32000.0
1721,2021-10-21 02:15:00,7610.0,100.0,31900.0
1722,2021-10-21 02:15:00,7610.0,3300.0,31800.0
1723,2021-10-21 02:15:00,7610.0,1000.0,28500.0
1724,2021-10-21 02:15:00,7610.0,4000.0,27500.0
1725,2021-10-21 02:15:00,7610.0,700.0,23500.0
1726,2021-10-21 02:15:00,7610.0,400.0,22800.0
1727,2021-10-21 02:15:00,7610.0,1000.0,22400.0
1728,2021-10-21 02:15:00,7610.0,400.0,21400.0
1729,2021-10-21 02:15:00,7610.0,300.0,21000.0
1730,2021-10-21 02:15:00,7610.0,400.0,20700.0
1731,2021-10-21 02:15:00,7610.0,100.0,20300.0
1732,2021-10-21 02:15:00,7610.0,200.0,20200.0
1733,2021-10-21 02:15:00,7610.0,300.0,20000.0
1734,2021-10-21 02:15:00,7610.0,5000.0,19700.0
1735,2021-10-21 02:15:00,7610.0,400.0,14700.0
1736,2021-10-21 02:15:00,7610.0,100.0,14300.0
1737,2021-10-21 02:15:00,7610.0,100.0,14200.0
1738,2021-10-21 02:15:00,7610.0,600.0,14100.0
1739,2021-10-21 02:15:00,7610.0,3000.0,13500.0
1740,2021-10-21 02:15:00,7610.0,3000.0,10500.0
1741,2021-10-21 02:15:00,7610.0,500.0,7500.0
1742,2021-10-21 02:15:00,7610.0,1000.0,7000.0
1743,2021-10-21 02:15:00,7610.0,1500.0,6000.0
1744,2021-10-21 02:15:00,7610.0,200.0,4500.0
1745,2021-10-21 02:15:00,7610.0,300.0,4300.0
1746,2021-10-21 02:15:00,7610.0,500.0,4000.0
1747,2021-10-21 02:15:00,7610.0,100.0,3500.0
1748,2021-10-21 02:15:00,7610.0,100.0,3400.0
1749,2021-10-21 02:15:00,7610.0,1200.0,3300.0
1750,2021-10-21 02:15:00,7610.0,100.0,2100.0
1751,2021-10-21 02:15:00,7610.0,100.0,2000.0
1752,2021-10-21 02:15:00,7610.0,100.0,1900.0
1753,2021-10-21 02:15:00,7610.0,300.0,1800.0
1754,2021-10-21 02:15:00,7610.0,1000.0,1500.0
1755,2021-10-21 02:15:00,7610.0,200.0,500.0
1756,2021-10-21 02:15:00,7610.0,200.0,300.0
1757,2021-10-21 02:15:00,7610.0,100.0,100.0
