,Time,Price,Volume_per_trade,Volume
0,2021-10-18 07:45:01,7180.0,500.0,2501900.0
1,2021-10-18 07:45:01,7180.0,100.0,2501400.0
2,2021-10-18 07:45:01,7180.0,100.0,2501300.0
3,2021-10-18 07:45:01,7180.0,2000.0,2501200.0
4,2021-10-18 07:45:01,7180.0,1000.0,2499200.0
5,2021-10-18 07:45:01,7180.0,100.0,2498200.0
6,2021-10-18 07:45:01,7180.0,1000.0,2498100.0
7,2021-10-18 07:45:01,7180.0,100.0,2497100.0
8,2021-10-18 07:45:01,7180.0,7500.0,2497000.0
9,2021-10-18 07:45:01,7180.0,500.0,2489500.0
10,2021-10-18 07:45:01,7180.0,900.0,2489000.0
11,2021-10-18 07:45:01,7180.0,100.0,2488100.0
12,2021-10-18 07:45:01,7180.0,1000.0,2488000.0
13,2021-10-18 07:45:01,7180.0,200.0,2487000.0
14,2021-10-18 07:45:01,7180.0,500.0,2486800.0
15,2021-10-18 07:45:01,7180.0,1300.0,2486300.0
16,2021-10-18 07:45:01,7180.0,200.0,2485000.0
17,2021-10-18 07:45:01,7180.0,200.0,2484800.0
18,2021-10-18 07:45:01,7180.0,500.0,2484600.0
19,2021-10-18 07:45:01,7180.0,800.0,2484100.0
20,2021-10-18 07:45:01,7180.0,1000.0,2483300.0
21,2021-10-18 07:45:01,7180.0,200.0,2482300.0
22,2021-10-18 07:45:01,7180.0,300.0,2482100.0
23,2021-10-18 07:45:01,7180.0,200.0,2481800.0
24,2021-10-18 07:45:01,7180.0,500.0,2481600.0
25,2021-10-18 07:45:01,7180.0,300.0,2481100.0
26,2021-10-18 07:45:01,7180.0,500.0,2480800.0
27,2021-10-18 07:45:01,7180.0,9900.0,2480300.0
28,2021-10-18 07:45:01,7180.0,100.0,2470400.0
29,2021-10-18 07:29:53,7170.0,100.0,2470300.0
30,2021-10-18 07:29:29,7170.0,100.0,2470200.0
31,2021-10-18 07:29:11,7170.0,1000.0,2470100.0
32,2021-10-18 07:28:23,7160.0,2300.0,2469100.0
33,2021-10-18 07:28:23,7160.0,500.0,2466800.0
34,2021-10-18 07:28:23,7160.0,10000.0,2466300.0
35,2021-10-18 07:28:23,7160.0,100.0,2456300.0
36,2021-10-18 07:28:23,7160.0,100.0,2456200.0
37,2021-10-18 07:28:23,7160.0,100.0,2456100.0
38,2021-10-18 07:28:23,7160.0,500.0,2456000.0
39,2021-10-18 07:28:23,7160.0,1000.0,2455500.0
40,2021-10-18 07:28:23,7160.0,3400.0,2454500.0
41,2021-10-18 07:27:31,7170.0,1000.0,2451100.0
42,2021-10-18 07:27:26,7160.0,1600.0,2450100.0
43,2021-10-18 07:27:26,7160.0,300.0,2448500.0
44,2021-10-18 07:27:26,7160.0,100.0,2448200.0
45,2021-10-18 07:27:26,7160.0,900.0,2448100.0
46,2021-10-18 07:27:06,7170.0,500.0,2447200.0
47,2021-10-18 07:27:06,7170.0,3000.0,2446700.0
48,2021-10-18 07:27:06,7170.0,3600.0,2443700.0
49,2021-10-18 07:27:05,7180.0,2400.0,2440100.0
50,2021-10-18 07:27:05,7180.0,1000.0,2437700.0
51,2021-10-18 07:27:05,7180.0,400.0,2436700.0
52,2021-10-18 07:26:54,7170.0,1000.0,2436300.0
53,2021-10-18 07:26:38,7180.0,100.0,2435300.0
54,2021-10-18 07:26:24,7180.0,500.0,2435200.0
55,2021-10-18 07:26:24,7180.0,1000.0,2434700.0
56,2021-10-18 07:24:36,7190.0,10000.0,2433700.0
57,2021-10-18 07:24:13,7190.0,100.0,2423700.0
58,2021-10-18 07:23:55,7190.0,1000.0,2423600.0
59,2021-10-18 07:23:48,7190.0,5700.0,2422600.0
60,2021-10-18 07:23:48,7190.0,12900.0,2416900.0
61,2021-10-18 07:23:35,7180.0,1400.0,2404000.0
62,2021-10-18 07:23:27,7180.0,100.0,2402600.0
63,2021-10-18 07:23:08,7170.0,400.0,2402500.0
64,2021-10-18 07:23:00,7160.0,1100.0,2402100.0
65,2021-10-18 07:23:00,7160.0,100.0,2401000.0
66,2021-10-18 07:23:00,7160.0,300.0,2400900.0
67,2021-10-18 07:23:00,7160.0,3500.0,2400600.0
68,2021-10-18 07:22:47,7170.0,100.0,2397100.0
69,2021-10-18 07:22:41,7160.0,4000.0,2397000.0
70,2021-10-18 07:22:00,7160.0,500.0,2393000.0
71,2021-10-18 07:21:50,7150.0,3200.0,2392500.0
72,2021-10-18 07:21:50,7150.0,500.0,2389300.0
73,2021-10-18 07:21:50,7150.0,200.0,2388800.0
74,2021-10-18 07:21:50,7150.0,500.0,2388600.0
75,2021-10-18 07:21:50,7150.0,2600.0,2388100.0
76,2021-10-18 07:21:43,7160.0,4000.0,2385500.0
77,2021-10-18 07:21:40,7150.0,1300.0,2381500.0
78,2021-10-18 07:21:34,7150.0,6100.0,2380200.0
79,2021-10-18 07:21:34,7150.0,200.0,2374100.0
80,2021-10-18 07:21:34,7150.0,3700.0,2373900.0
81,2021-10-18 07:21:30,7150.0,6300.0,2370200.0
82,2021-10-18 07:21:30,7150.0,100.0,2363900.0
83,2021-10-18 07:21:30,7150.0,100.0,2363800.0
84,2021-10-18 07:21:30,7150.0,200.0,2363700.0
85,2021-10-18 07:21:30,7150.0,100.0,2363500.0
86,2021-10-18 07:21:30,7150.0,3000.0,2363400.0
87,2021-10-18 07:21:30,7150.0,3000.0,2360400.0
88,2021-10-18 07:21:30,7150.0,200.0,2357400.0
89,2021-10-18 07:21:30,7150.0,300.0,2357200.0
90,2021-10-18 07:21:30,7150.0,1000.0,2356900.0
91,2021-10-18 07:21:30,7150.0,600.0,2355900.0
92,2021-10-18 07:21:30,7150.0,2000.0,2355300.0
93,2021-10-18 07:21:30,7150.0,3000.0,2353300.0
94,2021-10-18 07:21:30,7150.0,100.0,2350300.0
95,2021-10-18 07:21:29,7160.0,100.0,2350200.0
96,2021-10-18 07:21:26,7160.0,200.0,2350100.0
97,2021-10-18 07:21:23,7160.0,1000.0,2349900.0
98,2021-10-18 07:21:17,7160.0,1000.0,2348900.0
99,2021-10-18 07:21:10,7160.0,1000.0,2347900.0
100,2021-10-18 07:20:49,7160.0,100.0,2346900.0
101,2021-10-18 07:20:49,7160.0,900.0,2346800.0
102,2021-10-18 07:20:47,7160.0,100.0,2345900.0
103,2021-10-18 07:20:47,7160.0,1000.0,2345800.0
104,2021-10-18 07:20:41,7160.0,100.0,2344800.0
105,2021-10-18 07:20:41,7160.0,18500.0,2344700.0
106,2021-10-18 07:20:41,7160.0,2000.0,2326200.0
107,2021-10-18 07:20:41,7160.0,500.0,2324200.0
108,2021-10-18 07:20:41,7160.0,1900.0,2323700.0
109,2021-10-18 07:20:41,7160.0,1000.0,2321800.0
110,2021-10-18 07:20:41,7160.0,1000.0,2320800.0
111,2021-10-18 07:20:41,7160.0,2000.0,2319800.0
112,2021-10-18 07:20:41,7160.0,3000.0,2317800.0
113,2021-10-18 07:20:25,7170.0,400.0,2314800.0
114,2021-10-18 07:20:08,7170.0,100.0,2314400.0
115,2021-10-18 07:19:55,7170.0,800.0,2314300.0
116,2021-10-18 07:19:51,7170.0,3000.0,2313500.0
117,2021-10-18 07:19:51,7170.0,2000.0,2310500.0
118,2021-10-18 07:19:51,7170.0,500.0,2308500.0
119,2021-10-18 07:19:51,7170.0,2700.0,2308000.0
120,2021-10-18 07:19:17,7180.0,500.0,2305300.0
121,2021-10-18 07:19:02,7170.0,2300.0,2304800.0
122,2021-10-18 07:19:02,7170.0,500.0,2302500.0
123,2021-10-18 07:19:02,7170.0,400.0,2302000.0
124,2021-10-18 07:19:02,7170.0,500.0,2301600.0
125,2021-10-18 07:19:02,7170.0,1000.0,2301100.0
126,2021-10-18 07:19:02,7170.0,300.0,2300100.0
127,2021-10-18 07:19:02,7170.0,3000.0,2299800.0
128,2021-10-18 07:19:02,7170.0,200.0,2296800.0
129,2021-10-18 07:19:02,7170.0,1000.0,2296600.0
130,2021-10-18 07:19:02,7170.0,1000.0,2295600.0
131,2021-10-18 07:19:02,7170.0,1000.0,2294600.0
132,2021-10-18 07:19:02,7170.0,5000.0,2293600.0
133,2021-10-18 07:19:02,7170.0,100.0,2288600.0
134,2021-10-18 07:19:02,7180.0,100.0,2288500.0
135,2021-10-18 07:19:02,7180.0,2000.0,2288400.0
136,2021-10-18 07:19:02,7180.0,200.0,2286400.0
137,2021-10-18 07:19:02,7180.0,1400.0,2286200.0
138,2021-10-18 07:18:26,7190.0,100.0,2284800.0
139,2021-10-18 07:18:14,7190.0,7000.0,2284700.0
140,2021-10-18 07:18:14,7190.0,1000.0,2277700.0
141,2021-10-18 07:17:59,7180.0,100.0,2276700.0
142,2021-10-18 07:16:56,7180.0,500.0,2276600.0
143,2021-10-18 07:16:51,7180.0,1000.0,2276100.0
144,2021-10-18 07:16:51,7180.0,1000.0,2275100.0
145,2021-10-18 07:16:27,7180.0,3000.0,2274100.0
146,2021-10-18 07:16:20,7180.0,1000.0,2271100.0
147,2021-10-18 07:16:20,7180.0,3400.0,2270100.0
148,2021-10-18 07:16:18,7180.0,1600.0,2266700.0
149,2021-10-18 07:16:18,7180.0,200.0,2265100.0
150,2021-10-18 07:16:18,7180.0,200.0,2264900.0
151,2021-10-18 07:16:18,7180.0,100.0,2264700.0
152,2021-10-18 07:16:18,7180.0,2900.0,2264600.0
153,2021-10-18 07:16:16,7180.0,2000.0,2261700.0
154,2021-10-18 07:16:13,7180.0,100.0,2259700.0
155,2021-10-18 07:16:13,7180.0,100.0,2259600.0
156,2021-10-18 07:16:13,7180.0,500.0,2259500.0
157,2021-10-18 07:15:36,7180.0,1500.0,2259000.0
158,2021-10-18 07:15:36,7180.0,500.0,2257500.0
159,2021-10-18 07:15:36,7180.0,100.0,2257000.0
160,2021-10-18 07:15:36,7180.0,500.0,2256900.0
161,2021-10-18 07:15:36,7180.0,100.0,2256400.0
162,2021-10-18 07:15:36,7180.0,500.0,2256300.0
163,2021-10-18 07:15:36,7180.0,1300.0,2255800.0
164,2021-10-18 07:15:12,7190.0,3000.0,2254500.0
165,2021-10-18 07:15:12,7190.0,2000.0,2251500.0
166,2021-10-18 07:14:28,7180.0,700.0,2249500.0
167,2021-10-18 07:14:28,7180.0,200.0,2248800.0
168,2021-10-18 07:14:28,7180.0,500.0,2248600.0
169,2021-10-18 07:14:28,7180.0,600.0,2248100.0
170,2021-10-18 07:14:01,7180.0,100.0,2247500.0
171,2021-10-18 07:14:01,7180.0,100.0,2247400.0
172,2021-10-18 07:14:01,7180.0,800.0,2247300.0
173,2021-10-18 07:13:59,7180.0,1200.0,2246500.0
174,2021-10-18 07:13:38,7190.0,2800.0,2245300.0
175,2021-10-18 07:13:38,7190.0,2200.0,2242500.0
176,2021-10-18 07:13:37,7180.0,1000.0,2240300.0
177,2021-10-18 07:13:37,7180.0,2000.0,2239300.0
178,2021-10-18 07:13:17,7190.0,1000.0,2237300.0
179,2021-10-18 07:13:17,7190.0,800.0,2236300.0
180,2021-10-18 07:13:13,7190.0,9200.0,2235500.0
181,2021-10-18 07:13:13,7190.0,100.0,2226300.0
182,2021-10-18 07:13:13,7190.0,100.0,2226200.0
183,2021-10-18 07:13:13,7190.0,600.0,2226100.0
184,2021-10-18 07:12:54,7190.0,500.0,2225500.0
185,2021-10-18 07:12:51,7190.0,3900.0,2225000.0
186,2021-10-18 07:12:51,7190.0,100.0,2221100.0
187,2021-10-18 07:12:51,7190.0,200.0,2221000.0
188,2021-10-18 07:12:51,7190.0,1000.0,2220800.0
189,2021-10-18 07:12:51,7190.0,19800.0,2219800.0
190,2021-10-18 07:12:44,7190.0,9000.0,2200000.0
191,2021-10-18 07:12:44,7190.0,200.0,2191000.0
192,2021-10-18 07:12:44,7190.0,500.0,2190800.0
193,2021-10-18 07:12:44,7190.0,300.0,2190300.0
194,2021-10-18 07:12:15,7190.0,700.0,2190000.0
195,2021-10-18 07:12:15,7190.0,1300.0,2189300.0
196,2021-10-18 07:11:57,7190.0,200.0,2188000.0
197,2021-10-18 07:11:57,7190.0,200.0,2187800.0
198,2021-10-18 07:11:57,7190.0,2600.0,2187600.0
199,2021-10-18 07:11:51,7190.0,200.0,2185000.0
200,2021-10-18 07:11:38,7190.0,2200.0,2184800.0
201,2021-10-18 07:11:38,7190.0,2000.0,2182600.0
202,2021-10-18 07:11:38,7190.0,100.0,2180600.0
203,2021-10-18 07:11:38,7190.0,500.0,2180500.0
204,2021-10-18 07:11:38,7190.0,1200.0,2180000.0
205,2021-10-18 07:11:33,7190.0,100.0,2178800.0
206,2021-10-18 07:11:02,7190.0,200.0,2178700.0
207,2021-10-18 07:11:02,7190.0,100.0,2178500.0
208,2021-10-18 07:11:02,7190.0,500.0,2178400.0
209,2021-10-18 07:11:02,7190.0,500.0,2177900.0
210,2021-10-18 07:11:02,7190.0,100.0,2177400.0
211,2021-10-18 07:11:02,7190.0,5000.0,2177300.0
212,2021-10-18 07:11:02,7190.0,1000.0,2172300.0
213,2021-10-18 07:11:02,7190.0,2000.0,2171300.0
214,2021-10-18 07:11:02,7190.0,100.0,2169300.0
215,2021-10-18 07:11:02,7190.0,200.0,2169200.0
216,2021-10-18 07:11:02,7190.0,1000.0,2169000.0
217,2021-10-18 07:11:02,7190.0,800.0,2168000.0
218,2021-10-18 07:11:02,7190.0,2500.0,2167200.0
219,2021-10-18 07:11:02,7190.0,300.0,2164700.0
220,2021-10-18 07:11:02,7190.0,5700.0,2164400.0
221,2021-10-18 07:10:44,7190.0,4300.0,2158700.0
222,2021-10-18 07:10:44,7190.0,400.0,2154400.0
223,2021-10-18 07:10:44,7190.0,300.0,2154000.0
224,2021-10-18 07:10:33,7200.0,2500.0,2153700.0
225,2021-10-18 07:10:17,7190.0,700.0,2151200.0
226,2021-10-18 07:10:17,7190.0,800.0,2150500.0
227,2021-10-18 07:09:46,7200.0,1000.0,2149700.0
228,2021-10-18 07:09:32,7200.0,100.0,2148700.0
229,2021-10-18 07:09:32,7200.0,100.0,2148600.0
230,2021-10-18 07:09:32,7200.0,1000.0,2148500.0
231,2021-10-18 07:09:32,7200.0,1100.0,2147500.0
232,2021-10-18 07:09:32,7200.0,1000.0,2146400.0
233,2021-10-18 07:09:32,7200.0,500.0,2145400.0
234,2021-10-18 07:09:32,7200.0,10000.0,2144900.0
235,2021-10-18 07:09:32,7200.0,200.0,2134900.0
236,2021-10-18 07:09:32,7200.0,2000.0,2134700.0
237,2021-10-18 07:09:32,7200.0,100.0,2132700.0
238,2021-10-18 07:09:32,7200.0,20000.0,2132600.0
239,2021-10-18 07:09:32,7200.0,100.0,2112600.0
240,2021-10-18 07:09:32,7200.0,1000.0,2112500.0
241,2021-10-18 07:09:32,7200.0,300.0,2111500.0
242,2021-10-18 07:09:32,7200.0,10000.0,2111200.0
243,2021-10-18 07:09:32,7200.0,200.0,2101200.0
244,2021-10-18 07:09:32,7200.0,100.0,2101000.0
245,2021-10-18 07:09:32,7200.0,1000.0,2100900.0
246,2021-10-18 07:09:32,7200.0,500.0,2099900.0
247,2021-10-18 07:09:32,7200.0,200.0,2099400.0
248,2021-10-18 07:09:32,7200.0,15200.0,2099200.0
249,2021-10-18 07:09:32,7200.0,13700.0,2084000.0
250,2021-10-18 07:09:32,7200.0,2000.0,2070300.0
251,2021-10-18 07:09:32,7200.0,100.0,2068300.0
252,2021-10-18 07:09:32,7200.0,5600.0,2068200.0
253,2021-10-18 07:09:20,7200.0,14400.0,2062600.0
254,2021-10-18 07:09:20,7200.0,5600.0,2048200.0
255,2021-10-18 07:09:06,7200.0,3700.0,2042600.0
256,2021-10-18 07:08:42,7210.0,200.0,2038900.0
257,2021-10-18 07:08:32,7210.0,1000.0,2038700.0
258,2021-10-18 07:07:39,7210.0,500.0,2037700.0
259,2021-10-18 07:07:39,7210.0,100.0,2037200.0
260,2021-10-18 07:07:36,7210.0,2700.0,2037100.0
261,2021-10-18 07:07:30,7210.0,1400.0,2034400.0
262,2021-10-18 07:07:20,7210.0,800.0,2033000.0
263,2021-10-18 07:07:20,7210.0,800.0,2032200.0
264,2021-10-18 07:07:09,7210.0,1000.0,2031400.0
265,2021-10-18 07:07:01,7210.0,200.0,2030400.0
266,2021-10-18 07:07:01,7210.0,500.0,2030200.0
267,2021-10-18 07:07:01,7210.0,200.0,2029700.0
268,2021-10-18 07:06:37,7210.0,400.0,2029500.0
269,2021-10-18 07:06:22,7210.0,400.0,2029100.0
270,2021-10-18 07:06:22,7210.0,100.0,2028700.0
271,2021-10-18 07:06:10,7210.0,5000.0,2028600.0
272,2021-10-18 07:05:49,7210.0,5000.0,2023600.0
273,2021-10-18 07:05:34,7220.0,5000.0,2018600.0
274,2021-10-18 07:05:34,7220.0,200.0,2013600.0
275,2021-10-18 07:05:34,7220.0,100.0,2013400.0
276,2021-10-18 07:05:34,7220.0,2000.0,2013300.0
277,2021-10-18 07:05:34,7220.0,700.0,2011300.0
278,2021-10-18 07:03:07,7220.0,1000.0,2010600.0
279,2021-10-18 07:02:45,7220.0,400.0,2009600.0
280,2021-10-18 07:02:09,7220.0,100.0,2009200.0
281,2021-10-18 07:01:55,7220.0,500.0,2009100.0
282,2021-10-18 07:01:55,7220.0,14000.0,2008600.0
283,2021-10-18 07:01:55,7220.0,1000.0,1994600.0
284,2021-10-18 07:01:55,7220.0,1000.0,1993600.0
285,2021-10-18 07:01:55,7220.0,1000.0,1992600.0
286,2021-10-18 07:01:55,7220.0,300.0,1991600.0
287,2021-10-18 07:01:38,7220.0,4700.0,1991300.0
288,2021-10-18 07:01:38,7220.0,300.0,1986600.0
289,2021-10-18 07:00:55,7220.0,100.0,1986300.0
290,2021-10-18 06:59:38,7210.0,2000.0,1986200.0
291,2021-10-18 06:58:43,7200.0,700.0,1984200.0
292,2021-10-18 06:58:43,7200.0,300.0,1983500.0
293,2021-10-18 06:58:12,7210.0,100.0,1983200.0
294,2021-10-18 06:58:12,7210.0,500.0,1983100.0
295,2021-10-18 06:58:12,7210.0,2000.0,1982600.0
296,2021-10-18 06:58:12,7210.0,500.0,1980600.0
297,2021-10-18 06:58:12,7210.0,300.0,1980100.0
298,2021-10-18 06:57:40,7210.0,700.0,1979800.0
299,2021-10-18 06:57:40,7210.0,500.0,1979100.0
300,2021-10-18 06:57:40,7210.0,900.0,1978600.0
301,2021-10-18 06:56:46,7210.0,4500.0,1977700.0
302,2021-10-18 06:56:46,7210.0,500.0,1973200.0
303,2021-10-18 06:55:29,7210.0,100.0,1972700.0
304,2021-10-18 06:54:55,7210.0,9400.0,1972600.0
305,2021-10-18 06:54:55,7210.0,1000.0,1963200.0
306,2021-10-18 06:54:55,7210.0,5000.0,1962200.0
307,2021-10-18 06:54:55,7210.0,14900.0,1957200.0
308,2021-10-18 06:54:02,7220.0,500.0,1942300.0
309,2021-10-18 06:53:06,7210.0,500.0,1941800.0
310,2021-10-18 06:52:41,7210.0,200.0,1941300.0
311,2021-10-18 06:52:41,7210.0,8000.0,1941100.0
312,2021-10-18 06:52:41,7210.0,1800.0,1933100.0
313,2021-10-18 06:52:35,7220.0,200.0,1931300.0
314,2021-10-18 06:52:01,7220.0,900.0,1931100.0
315,2021-10-18 06:51:37,7220.0,100.0,1930200.0
316,2021-10-18 06:51:37,7220.0,1000.0,1930100.0
317,2021-10-18 06:51:26,7220.0,100.0,1929100.0
318,2021-10-18 06:50:21,7220.0,1000.0,1929000.0
319,2021-10-18 06:50:18,7220.0,500.0,1928000.0
320,2021-10-18 06:49:55,7220.0,400.0,1927500.0
321,2021-10-18 06:49:55,7220.0,3000.0,1927100.0
322,2021-10-18 06:49:55,7220.0,2500.0,1924100.0
323,2021-10-18 06:49:55,7220.0,500.0,1921600.0
324,2021-10-18 06:49:55,7220.0,200.0,1921100.0
325,2021-10-18 06:49:55,7220.0,1000.0,1920900.0
326,2021-10-18 06:49:55,7220.0,1000.0,1919900.0
327,2021-10-18 06:49:55,7220.0,1400.0,1918900.0
328,2021-10-18 06:49:07,7210.0,2000.0,1917500.0
329,2021-10-18 06:49:07,7210.0,200.0,1915500.0
330,2021-10-18 06:49:07,7210.0,6000.0,1915300.0
331,2021-10-18 06:48:44,7210.0,14000.0,1909300.0
332,2021-10-18 06:48:41,7210.0,1000.0,1895300.0
333,2021-10-18 06:48:40,7210.0,100.0,1894300.0
334,2021-10-18 06:47:09,7210.0,4000.0,1894200.0
335,2021-10-18 06:47:08,7200.0,700.0,1890200.0
336,2021-10-18 06:47:01,7200.0,200.0,1889500.0
337,2021-10-18 06:46:16,7200.0,500.0,1889300.0
338,2021-10-18 06:46:16,7200.0,19500.0,1888800.0
339,2021-10-18 06:46:01,7200.0,200.0,1869300.0
340,2021-10-18 06:46:01,7200.0,1000.0,1869100.0
341,2021-10-18 06:45:56,7200.0,100.0,1868100.0
342,2021-10-18 06:45:37,7200.0,200.0,1868000.0
343,2021-10-18 06:45:37,7200.0,2000.0,1867800.0
344,2021-10-18 06:45:37,7200.0,7000.0,1865800.0
345,2021-10-18 06:45:14,7200.0,1000.0,1858800.0
346,2021-10-18 06:45:04,7200.0,500.0,1857800.0
347,2021-10-18 06:45:00,7200.0,5500.0,1857300.0
348,2021-10-18 06:44:39,7200.0,1000.0,1851800.0
349,2021-10-18 06:44:06,7200.0,5000.0,1850800.0
350,2021-10-18 06:44:06,7200.0,3000.0,1845800.0
351,2021-10-18 06:43:41,7190.0,900.0,1842800.0
352,2021-10-18 06:43:41,7200.0,1100.0,1841900.0
353,2021-10-18 06:43:38,7200.0,4900.0,1840800.0
354,2021-10-18 06:43:20,7200.0,7100.0,1835900.0
355,2021-10-18 06:43:20,7200.0,1000.0,1828800.0
356,2021-10-18 06:43:20,7200.0,1900.0,1827800.0
357,2021-10-18 06:43:11,7200.0,2000.0,1825900.0
358,2021-10-18 06:43:09,7200.0,600.0,1823900.0
359,2021-10-18 06:42:51,7200.0,1500.0,1823300.0
360,2021-10-18 06:42:39,7200.0,10000.0,1821800.0
361,2021-10-18 06:42:36,7200.0,500.0,1811800.0
362,2021-10-18 06:42:32,7200.0,100.0,1811300.0
363,2021-10-18 06:42:24,7200.0,100.0,1811200.0
364,2021-10-18 06:42:06,7200.0,3300.0,1811100.0
365,2021-10-18 06:42:03,7200.0,1000.0,1807800.0
366,2021-10-18 06:42:03,7200.0,1000.0,1806800.0
367,2021-10-18 06:42:03,7200.0,200.0,1805800.0
368,2021-10-18 06:42:03,7200.0,900.0,1805600.0
369,2021-10-18 06:42:03,7200.0,7500.0,1804700.0
370,2021-10-18 06:42:03,7200.0,1100.0,1797200.0
371,2021-10-18 06:42:03,7200.0,5000.0,1796100.0
372,2021-10-18 06:41:59,7200.0,1000.0,1791100.0
373,2021-10-18 06:41:50,7190.0,4400.0,1790100.0
374,2021-10-18 06:41:25,7200.0,500.0,1785700.0
375,2021-10-18 06:41:03,7200.0,100.0,1785200.0
376,2021-10-18 06:39:24,7200.0,100.0,1785100.0
377,2021-10-18 06:39:14,7200.0,200.0,1785000.0
378,2021-10-18 06:39:00,7200.0,100.0,1784800.0
379,2021-10-18 06:38:47,7190.0,200.0,1784700.0
380,2021-10-18 06:38:33,7200.0,100.0,1784500.0
381,2021-10-18 06:38:33,7200.0,500.0,1784400.0
382,2021-10-18 06:38:33,7200.0,1000.0,1783900.0
383,2021-10-18 06:38:33,7200.0,1000.0,1782900.0
384,2021-10-18 06:38:33,7200.0,100.0,1781900.0
385,2021-10-18 06:38:33,7200.0,200.0,1781800.0
386,2021-10-18 06:38:33,7200.0,10000.0,1781600.0
387,2021-10-18 06:38:33,7200.0,600.0,1771600.0
388,2021-10-18 06:38:33,7200.0,10000.0,1771000.0
389,2021-10-18 06:38:33,7200.0,2000.0,1761000.0
390,2021-10-18 06:38:33,7200.0,10500.0,1759000.0
391,2021-10-18 06:38:25,7200.0,500.0,1748500.0
392,2021-10-18 06:38:14,7210.0,400.0,1748000.0
393,2021-10-18 06:38:14,7210.0,4500.0,1747600.0
394,2021-10-18 06:36:55,7220.0,600.0,1743100.0
395,2021-10-18 06:36:55,7220.0,1400.0,1742500.0
396,2021-10-18 06:36:28,7210.0,300.0,1741100.0
397,2021-10-18 06:36:14,7210.0,5200.0,1740800.0
398,2021-10-18 06:36:14,7210.0,1000.0,1735600.0
399,2021-10-18 06:36:14,7210.0,400.0,1734600.0
400,2021-10-18 06:36:14,7210.0,1400.0,1734200.0
401,2021-10-18 06:35:58,7220.0,900.0,1732800.0
402,2021-10-18 06:35:16,7220.0,3000.0,1731900.0
403,2021-10-18 06:34:52,7220.0,700.0,1728900.0
404,2021-10-18 06:34:52,7220.0,1000.0,1728200.0
405,2021-10-18 06:34:52,7220.0,1100.0,1727200.0
406,2021-10-18 06:34:37,7220.0,400.0,1726100.0
407,2021-10-18 06:34:37,7220.0,9600.0,1725700.0
408,2021-10-18 06:34:10,7210.0,3600.0,1716100.0
409,2021-10-18 06:34:00,7210.0,6900.0,1712500.0
410,2021-10-18 06:34:00,7210.0,1000.0,1705600.0
411,2021-10-18 06:34:00,7210.0,2000.0,1704600.0
412,2021-10-18 06:34:00,7210.0,100.0,1702600.0
413,2021-10-18 06:33:55,7200.0,3500.0,1702500.0
414,2021-10-18 06:33:52,7200.0,100.0,1699000.0
415,2021-10-18 06:33:51,7200.0,300.0,1698900.0
416,2021-10-18 06:33:45,7200.0,1000.0,1698600.0
417,2021-10-18 06:33:40,7200.0,7000.0,1697600.0
418,2021-10-18 06:33:40,7200.0,1000.0,1690600.0
419,2021-10-18 06:33:40,7200.0,1000.0,1689600.0
420,2021-10-18 06:33:40,7200.0,2000.0,1688600.0
421,2021-10-18 06:33:40,7200.0,200.0,1686600.0
422,2021-10-18 06:33:40,7200.0,700.0,1686400.0
423,2021-10-18 06:33:40,7200.0,2000.0,1685700.0
424,2021-10-18 06:33:40,7200.0,2000.0,1683700.0
425,2021-10-18 06:33:40,7200.0,500.0,1681700.0
426,2021-10-18 06:33:40,7200.0,2700.0,1681200.0
427,2021-10-18 06:33:39,7200.0,2000.0,1678500.0
428,2021-10-18 06:33:38,7200.0,10000.0,1676500.0
429,2021-10-18 06:33:34,7200.0,3000.0,1666500.0
430,2021-10-18 06:33:28,7200.0,800.0,1663500.0
431,2021-10-18 06:33:27,7190.0,3000.0,1662700.0
432,2021-10-18 06:33:21,7200.0,3000.0,1659700.0
433,2021-10-18 06:33:20,7200.0,2000.0,1656700.0
434,2021-10-18 06:33:14,7200.0,1000.0,1654700.0
435,2021-10-18 06:33:06,7200.0,10000.0,1653700.0
436,2021-10-18 06:32:45,7200.0,7100.0,1643700.0
437,2021-10-18 06:32:45,7200.0,100.0,1636600.0
438,2021-10-18 06:32:45,7200.0,7800.0,1636500.0
439,2021-10-18 06:32:42,7190.0,700.0,1628700.0
440,2021-10-18 06:32:42,7190.0,200.0,1628000.0
441,2021-10-18 06:32:42,7190.0,1100.0,1627800.0
442,2021-10-18 06:32:39,7190.0,1600.0,1626700.0
443,2021-10-18 06:32:39,7200.0,2200.0,1625100.0
444,2021-10-18 06:32:39,7200.0,2800.0,1622900.0
445,2021-10-18 06:32:31,7190.0,700.0,1620100.0
446,2021-10-18 06:32:19,7190.0,300.0,1619400.0
447,2021-10-18 06:32:14,7190.0,1000.0,1619100.0
448,2021-10-18 06:32:12,7190.0,300.0,1618100.0
449,2021-10-18 06:32:12,7190.0,200.0,1617800.0
450,2021-10-18 06:31:45,7190.0,4800.0,1617600.0
451,2021-10-18 06:31:45,7190.0,300.0,1612800.0
452,2021-10-18 06:31:43,7200.0,1200.0,1612500.0
453,2021-10-18 06:29:39,7200.0,600.0,1611300.0
454,2021-10-18 06:29:26,7190.0,700.0,1610700.0
455,2021-10-18 06:29:26,7190.0,500.0,1610000.0
456,2021-10-18 06:29:26,7190.0,500.0,1609500.0
457,2021-10-18 06:29:26,7190.0,500.0,1609000.0
458,2021-10-18 06:29:26,7190.0,200.0,1608500.0
459,2021-10-18 06:29:26,7190.0,2000.0,1608300.0
460,2021-10-18 06:29:26,7190.0,100.0,1606300.0
461,2021-10-18 06:29:26,7190.0,2000.0,1606200.0
462,2021-10-18 06:28:24,7200.0,2000.0,1604200.0
463,2021-10-18 06:28:19,7200.0,100.0,1602200.0
464,2021-10-18 06:28:10,7200.0,1000.0,1602100.0
465,2021-10-18 06:27:51,7200.0,500.0,1601100.0
466,2021-10-18 06:27:51,7200.0,100.0,1600600.0
467,2021-10-18 06:27:35,7200.0,10000.0,1600500.0
468,2021-10-18 06:27:22,7200.0,200.0,1590500.0
469,2021-10-18 06:27:00,7200.0,2000.0,1590300.0
470,2021-10-18 06:26:57,7200.0,3000.0,1588300.0
471,2021-10-18 06:26:57,7200.0,3000.0,1585300.0
472,2021-10-18 06:26:57,7200.0,200.0,1582300.0
473,2021-10-18 06:26:57,7200.0,1000.0,1582100.0
474,2021-10-18 06:26:57,7200.0,100.0,1581100.0
475,2021-10-18 06:26:57,7200.0,100.0,1581000.0
476,2021-10-18 06:26:57,7200.0,100.0,1580900.0
477,2021-10-18 06:26:41,7200.0,900.0,1580800.0
478,2021-10-18 06:26:41,7200.0,1000.0,1579900.0
479,2021-10-18 06:26:41,7200.0,1500.0,1578900.0
480,2021-10-18 06:26:41,7200.0,100.0,1577400.0
481,2021-10-18 06:26:41,7200.0,2000.0,1577300.0
482,2021-10-18 06:26:41,7200.0,300.0,1575300.0
483,2021-10-18 06:26:41,7200.0,5000.0,1575000.0
484,2021-10-18 06:26:41,7200.0,2000.0,1570000.0
485,2021-10-18 06:26:41,7200.0,2000.0,1568000.0
486,2021-10-18 06:26:41,7200.0,5200.0,1566000.0
487,2021-10-18 06:26:41,7200.0,2500.0,1560800.0
488,2021-10-18 06:26:35,7200.0,2300.0,1558300.0
489,2021-10-18 06:26:35,7200.0,200.0,1556000.0
490,2021-10-18 06:26:35,7200.0,300.0,1555800.0
491,2021-10-18 06:26:35,7200.0,200.0,1555500.0
492,2021-10-18 06:26:35,7200.0,1500.0,1555300.0
493,2021-10-18 06:26:35,7200.0,200.0,1553800.0
494,2021-10-18 06:26:35,7200.0,2000.0,1553600.0
495,2021-10-18 06:26:35,7200.0,5000.0,1551600.0
496,2021-10-18 06:26:35,7200.0,200.0,1546600.0
497,2021-10-18 06:26:35,7200.0,1000.0,1546400.0
498,2021-10-18 06:26:35,7200.0,1000.0,1545400.0
499,2021-10-18 06:26:35,7200.0,3000.0,1544400.0
500,2021-10-18 06:26:35,7200.0,1000.0,1541400.0
501,2021-10-18 06:26:35,7200.0,500.0,1540400.0
502,2021-10-18 06:26:35,7200.0,3000.0,1539900.0
503,2021-10-18 06:26:35,7200.0,500.0,1536900.0
504,2021-10-18 06:26:35,7200.0,500.0,1536400.0
505,2021-10-18 06:26:35,7200.0,900.0,1535900.0
506,2021-10-18 06:26:35,7200.0,3000.0,1535000.0
507,2021-10-18 06:26:35,7200.0,1400.0,1532000.0
508,2021-10-18 06:26:35,7200.0,500.0,1530600.0
509,2021-10-18 06:26:35,7200.0,100.0,1530100.0
510,2021-10-18 06:26:35,7200.0,1000.0,1530000.0
511,2021-10-18 06:26:35,7200.0,100.0,1529000.0
512,2021-10-18 06:26:35,7200.0,600.0,1528900.0
513,2021-10-18 06:25:54,7200.0,400.0,1528300.0
514,2021-10-18 06:25:54,7200.0,600.0,1527900.0
515,2021-10-18 06:25:35,7210.0,300.0,1527300.0
516,2021-10-18 06:25:35,7210.0,100.0,1527000.0
517,2021-10-18 06:25:35,7210.0,1600.0,1526900.0
518,2021-10-18 06:25:18,7210.0,700.0,1525300.0
519,2021-10-18 06:25:18,7210.0,100.0,1524600.0
520,2021-10-18 06:25:18,7210.0,500.0,1524500.0
521,2021-10-18 06:25:18,7210.0,500.0,1524000.0
522,2021-10-18 06:25:18,7210.0,900.0,1523500.0
523,2021-10-18 06:25:18,7210.0,4200.0,1522600.0
524,2021-10-18 06:25:18,7210.0,5800.0,1518400.0
525,2021-10-18 06:25:18,7210.0,10000.0,1512600.0
526,2021-10-18 06:25:18,7210.0,4200.0,1502600.0
527,2021-10-18 06:24:57,7210.0,800.0,1498400.0
528,2021-10-18 06:24:57,7210.0,2200.0,1497600.0
529,2021-10-18 06:24:45,7220.0,100.0,1495400.0
530,2021-10-18 06:24:45,7220.0,100.0,1495300.0
531,2021-10-18 06:24:45,7220.0,200.0,1495200.0
532,2021-10-18 06:24:15,7220.0,300.0,1495000.0
533,2021-10-18 06:24:15,7220.0,700.0,1494700.0
534,2021-10-18 06:23:55,7220.0,300.0,1494000.0
535,2021-10-18 06:23:43,7230.0,3000.0,1493700.0
536,2021-10-18 06:23:34,7230.0,200.0,1490700.0
537,2021-10-18 06:23:34,7230.0,5000.0,1490500.0
538,2021-10-18 06:23:34,7230.0,200.0,1485500.0
539,2021-10-18 06:23:33,7230.0,300.0,1485300.0
540,2021-10-18 06:23:33,7230.0,200.0,1485000.0
541,2021-10-18 06:22:35,7230.0,400.0,1484800.0
542,2021-10-18 06:22:34,7230.0,200.0,1484400.0
543,2021-10-18 06:22:27,7230.0,200.0,1484200.0
544,2021-10-18 06:21:41,7230.0,100.0,1484000.0
545,2021-10-18 06:21:23,7230.0,500.0,1483900.0
546,2021-10-18 06:20:59,7240.0,600.0,1483400.0
547,2021-10-18 06:20:59,7240.0,5000.0,1482800.0
548,2021-10-18 06:19:49,7240.0,500.0,1477800.0
549,2021-10-18 06:17:47,7240.0,300.0,1477300.0
550,2021-10-18 06:17:01,7240.0,100.0,1477000.0
551,2021-10-18 06:16:06,7240.0,100.0,1476900.0
552,2021-10-18 06:16:06,7240.0,1500.0,1476800.0
553,2021-10-18 06:15:09,7240.0,500.0,1475300.0
554,2021-10-18 06:15:09,7240.0,100.0,1474800.0
555,2021-10-18 06:15:09,7240.0,3400.0,1474700.0
556,2021-10-18 06:14:23,7240.0,7000.0,1471300.0
557,2021-10-18 06:13:32,7240.0,3000.0,1464300.0
558,2021-10-18 06:13:29,7240.0,200.0,1461300.0
559,2021-10-18 06:13:14,7240.0,5000.0,1461100.0
560,2021-10-18 06:12:56,7240.0,500.0,1456100.0
561,2021-10-18 06:12:43,7240.0,100.0,1455600.0
562,2021-10-18 06:12:16,7240.0,2000.0,1455500.0
563,2021-10-18 06:12:16,7240.0,2700.0,1453500.0
564,2021-10-18 06:12:16,7240.0,4000.0,1450800.0
565,2021-10-18 06:12:16,7240.0,2100.0,1446800.0
566,2021-10-18 06:12:14,7230.0,2600.0,1444700.0
567,2021-10-18 06:11:47,7230.0,3000.0,1442100.0
568,2021-10-18 06:11:23,7230.0,2800.0,1439100.0
569,2021-10-18 06:11:07,7230.0,200.0,1436300.0
570,2021-10-18 06:11:05,7240.0,10000.0,1436100.0
571,2021-10-18 06:11:00,7240.0,800.0,1426100.0
572,2021-10-18 06:11:00,7240.0,4200.0,1425300.0
573,2021-10-18 06:10:26,7240.0,4800.0,1421100.0
574,2021-10-18 06:10:10,7240.0,100.0,1416300.0
575,2021-10-18 06:10:10,7240.0,5100.0,1416200.0
576,2021-10-18 06:09:06,7250.0,1000.0,1411100.0
577,2021-10-18 06:08:20,7250.0,100.0,1410100.0
578,2021-10-18 06:08:20,7250.0,500.0,1410000.0
579,2021-10-18 06:08:20,7250.0,100.0,1409500.0
580,2021-10-18 06:08:20,7250.0,1000.0,1409400.0
581,2021-10-18 06:08:20,7250.0,7500.0,1408400.0
582,2021-10-18 06:07:20,7250.0,3000.0,1400900.0
583,2021-10-18 06:06:22,7250.0,100.0,1397900.0
584,2021-10-18 06:06:11,7250.0,800.0,1397800.0
585,2021-10-18 06:04:38,7250.0,100.0,1397000.0
586,2021-10-18 06:04:33,7250.0,400.0,1396900.0
587,2021-10-18 06:04:21,7250.0,400.0,1396500.0
588,2021-10-18 06:04:00,7250.0,500.0,1396100.0
589,2021-10-18 06:03:59,7260.0,800.0,1395600.0
590,2021-10-18 06:03:06,7250.0,100.0,1394800.0
591,2021-10-18 06:02:51,7250.0,100.0,1394700.0
592,2021-10-18 06:02:16,7250.0,800.0,1394600.0
593,2021-10-18 06:01:55,7250.0,100.0,1393800.0
594,2021-10-18 06:01:55,7250.0,3000.0,1393700.0
595,2021-10-18 06:01:55,7250.0,100.0,1390700.0
596,2021-10-18 06:01:55,7250.0,200.0,1390600.0
597,2021-10-18 06:01:55,7250.0,2500.0,1390400.0
598,2021-10-18 06:01:55,7250.0,5000.0,1387900.0
599,2021-10-18 06:01:55,7250.0,5000.0,1382900.0
600,2021-10-18 06:01:55,7250.0,500.0,1377900.0
601,2021-10-18 06:01:55,7250.0,200.0,1377400.0
602,2021-10-18 06:01:55,7250.0,200.0,1377200.0
603,2021-10-18 06:01:55,7250.0,200.0,1377000.0
604,2021-10-18 06:01:55,7250.0,500.0,1376800.0
605,2021-10-18 06:01:55,7250.0,18000.0,1376300.0
606,2021-10-18 06:01:55,7250.0,1000.0,1358300.0
607,2021-10-18 06:01:55,7250.0,5000.0,1357300.0
608,2021-10-18 06:01:55,7250.0,900.0,1352300.0
609,2021-10-18 06:01:55,7250.0,100.0,1351400.0
610,2021-10-18 06:01:55,7250.0,2000.0,1351300.0
611,2021-10-18 06:01:55,7250.0,1000.0,1349300.0
612,2021-10-18 06:01:55,7250.0,2000.0,1348300.0
613,2021-10-18 06:01:55,7250.0,400.0,1346300.0
614,2021-10-18 06:01:55,7240.0,20000.0,1345900.0
615,2021-10-18 06:01:55,7240.0,500.0,1325900.0
616,2021-10-18 06:01:55,7240.0,5000.0,1325400.0
617,2021-10-18 06:01:55,7230.0,400.0,1320400.0
618,2021-10-18 06:01:55,7230.0,500.0,1320000.0
619,2021-10-18 06:01:55,7230.0,500.0,1319500.0
620,2021-10-18 06:01:55,7230.0,3000.0,1319000.0
621,2021-10-18 06:01:55,7230.0,400.0,1316000.0
622,2021-10-18 06:01:55,7230.0,8000.0,1315600.0
623,2021-10-18 06:01:24,7220.0,500.0,1307600.0
624,2021-10-18 06:00:57,7220.0,500.0,1307100.0
625,2021-10-18 06:00:05,7210.0,7800.0,1306600.0
626,2021-10-18 06:00:05,7210.0,100.0,1298800.0
627,2021-10-18 06:00:05,7210.0,10000.0,1298700.0
628,2021-10-18 06:00:05,7210.0,2200.0,1288700.0
629,2021-10-18 06:00:05,7210.0,600.0,1286500.0
630,2021-10-18 06:00:05,7210.0,3000.0,1285900.0
631,2021-10-18 06:00:05,7210.0,2000.0,1282900.0
632,2021-10-18 06:00:05,7210.0,1000.0,1280900.0
633,2021-10-18 06:00:05,7210.0,10000.0,1279900.0
634,2021-10-18 06:00:05,7210.0,1200.0,1269900.0
635,2021-10-18 06:00:05,7220.0,100.0,1268700.0
636,2021-10-18 06:00:05,7220.0,2000.0,1268600.0
637,2021-10-18 06:00:04,7220.0,1400.0,1266600.0
638,2021-10-18 06:00:04,7220.0,500.0,1265200.0
639,2021-10-18 06:00:01,7220.0,400.0,1264700.0
640,2021-10-18 06:00:01,7220.0,9100.0,1264300.0
641,2021-10-18 06:00:01,7220.0,900.0,1255200.0
642,2021-10-18 06:00:01,7220.0,3900.0,1254300.0
643,2021-10-18 06:00:01,7210.0,300.0,1250400.0
644,2021-10-18 06:00:00,7210.0,100.0,1250100.0
645,2021-10-18 04:29:43,7210.0,800.0,1250000.0
646,2021-10-18 04:29:43,7210.0,200.0,1249200.0
647,2021-10-18 04:28:51,7210.0,1000.0,1249000.0
648,2021-10-18 04:28:10,7210.0,1000.0,1248000.0
649,2021-10-18 04:26:33,7220.0,1000.0,1247000.0
650,2021-10-18 04:26:33,7220.0,2000.0,1246000.0
651,2021-10-18 04:26:33,7220.0,2000.0,1244000.0
652,2021-10-18 04:26:33,7220.0,500.0,1242000.0
653,2021-10-18 04:25:11,7220.0,1500.0,1241500.0
654,2021-10-18 04:24:18,7220.0,500.0,1240000.0
655,2021-10-18 04:24:03,7220.0,1000.0,1239500.0
656,2021-10-18 04:24:02,7220.0,4500.0,1238500.0
657,2021-10-18 04:23:01,7220.0,500.0,1234000.0
658,2021-10-18 04:23:01,7220.0,900.0,1233500.0
659,2021-10-18 04:23:01,7220.0,7000.0,1232600.0
660,2021-10-18 04:23:01,7220.0,2100.0,1225600.0
661,2021-10-18 04:22:32,7210.0,300.0,1223500.0
662,2021-10-18 04:20:59,7220.0,200.0,1223200.0
663,2021-10-18 04:20:57,7210.0,500.0,1223000.0
664,2021-10-18 04:20:57,7210.0,300.0,1222500.0
665,2021-10-18 04:20:04,7210.0,200.0,1222200.0
666,2021-10-18 04:19:05,7210.0,300.0,1222000.0
667,2021-10-18 04:19:04,7210.0,200.0,1221700.0
668,2021-10-18 04:19:04,7210.0,1000.0,1221500.0
669,2021-10-18 04:19:04,7210.0,800.0,1220500.0
670,2021-10-18 04:18:34,7210.0,200.0,1219700.0
671,2021-10-18 04:18:34,7210.0,300.0,1219500.0
672,2021-10-18 04:18:34,7210.0,1000.0,1219200.0
673,2021-10-18 04:18:34,7210.0,1500.0,1218200.0
674,2021-10-18 04:18:34,7210.0,900.0,1216700.0
675,2021-10-18 04:18:34,7210.0,5000.0,1215800.0
676,2021-10-18 04:18:34,7210.0,400.0,1210800.0
677,2021-10-18 04:18:34,7210.0,700.0,1210400.0
678,2021-10-18 04:16:44,7210.0,3000.0,1209700.0
679,2021-10-18 04:14:54,7220.0,300.0,1206700.0
680,2021-10-18 04:14:54,7220.0,700.0,1206400.0
681,2021-10-18 04:14:54,7220.0,600.0,1205700.0
682,2021-10-18 04:14:54,7220.0,800.0,1205100.0
683,2021-10-18 04:14:53,7210.0,1300.0,1204300.0
684,2021-10-18 04:14:53,7210.0,200.0,1203000.0
685,2021-10-18 04:14:36,7210.0,900.0,1202800.0
686,2021-10-18 04:14:26,7210.0,300.0,1201900.0
687,2021-10-18 04:13:39,7210.0,600.0,1201600.0
688,2021-10-18 04:12:07,7220.0,600.0,1201000.0
689,2021-10-18 04:09:00,7210.0,2000.0,1200400.0
690,2021-10-18 04:09:00,7210.0,1000.0,1198400.0
691,2021-10-18 04:08:03,7210.0,100.0,1197400.0
692,2021-10-18 04:07:35,7210.0,100.0,1197300.0
693,2021-10-18 04:07:20,7210.0,1000.0,1197200.0
694,2021-10-18 04:06:49,7210.0,500.0,1196200.0
695,2021-10-18 04:06:45,7210.0,200.0,1195700.0
696,2021-10-18 04:06:01,7210.0,200.0,1195500.0
697,2021-10-18 04:06:01,7210.0,200.0,1195300.0
698,2021-10-18 04:06:01,7210.0,700.0,1195100.0
699,2021-10-18 04:05:48,7210.0,300.0,1194400.0
700,2021-10-18 04:05:48,7210.0,19700.0,1194100.0
701,2021-10-18 04:03:55,7210.0,300.0,1174400.0
702,2021-10-18 04:03:55,7210.0,500.0,1174100.0
703,2021-10-18 04:03:55,7210.0,2000.0,1173600.0
704,2021-10-18 04:03:55,7210.0,200.0,1171600.0
705,2021-10-18 04:03:35,7210.0,500.0,1171400.0
706,2021-10-18 04:02:42,7210.0,300.0,1170900.0
707,2021-10-18 04:02:42,7210.0,200.0,1170600.0
708,2021-10-18 04:02:22,7210.0,500.0,1170400.0
709,2021-10-18 04:02:22,7210.0,1500.0,1169900.0
710,2021-10-18 04:02:22,7210.0,2800.0,1168400.0
711,2021-10-18 04:02:11,7210.0,2000.0,1165600.0
712,2021-10-18 04:02:04,7210.0,1000.0,1163600.0
713,2021-10-18 04:01:53,7200.0,100.0,1162600.0
714,2021-10-18 04:01:51,7210.0,1800.0,1162500.0
715,2021-10-18 04:01:51,7210.0,700.0,1160700.0
716,2021-10-18 04:01:40,7200.0,300.0,1160000.0
717,2021-10-18 04:01:40,7200.0,100.0,1159700.0
718,2021-10-18 04:01:40,7200.0,5000.0,1159600.0
719,2021-10-18 04:01:40,7200.0,500.0,1154600.0
720,2021-10-18 04:01:40,7200.0,1700.0,1154100.0
721,2021-10-18 04:01:40,7210.0,2000.0,1152400.0
722,2021-10-18 04:01:40,7210.0,200.0,1150400.0
723,2021-10-18 04:01:40,7210.0,100.0,1150200.0
724,2021-10-18 04:01:40,7210.0,100.0,1150100.0
725,2021-10-18 04:01:40,7220.0,500.0,1150000.0
726,2021-10-18 04:01:29,7210.0,400.0,1149500.0
727,2021-10-18 04:01:29,7210.0,300.0,1149100.0
728,2021-10-18 04:01:29,7210.0,300.0,1148800.0
729,2021-10-18 04:01:15,7210.0,3000.0,1148500.0
730,2021-10-18 04:01:05,7210.0,2000.0,1145500.0
731,2021-10-18 04:00:57,7220.0,2000.0,1143500.0
732,2021-10-18 04:00:57,7220.0,200.0,1141500.0
733,2021-10-18 04:00:54,7220.0,300.0,1141300.0
734,2021-10-18 04:00:41,7220.0,2500.0,1141000.0
735,2021-10-18 04:00:41,7220.0,400.0,1138500.0
736,2021-10-18 04:00:41,7220.0,2000.0,1138100.0
737,2021-10-18 04:00:41,7220.0,100.0,1136100.0
738,2021-10-18 04:00:41,7220.0,20000.0,1136000.0
739,2021-10-18 04:00:41,7220.0,100.0,1116000.0
740,2021-10-18 04:00:41,7220.0,4000.0,1115900.0
741,2021-10-18 04:00:41,7220.0,10000.0,1111900.0
742,2021-10-18 04:00:41,7220.0,100.0,1101900.0
743,2021-10-18 04:00:41,7220.0,3000.0,1101800.0
744,2021-10-18 04:00:41,7220.0,20000.0,1098800.0
745,2021-10-18 04:00:41,7220.0,1800.0,1078800.0
746,2021-10-18 03:59:23,7230.0,500.0,1077000.0
747,2021-10-18 03:58:13,7230.0,5000.0,1076500.0
748,2021-10-18 03:58:06,7230.0,900.0,1071500.0
749,2021-10-18 03:58:06,7230.0,500.0,1070600.0
750,2021-10-18 03:58:06,7230.0,100.0,1070100.0
751,2021-10-18 03:57:14,7230.0,4900.0,1070000.0
752,2021-10-18 03:57:14,7230.0,81800.0,1065100.0
753,2021-10-18 03:57:10,7230.0,500.0,983300.0
754,2021-10-18 03:56:57,7230.0,300.0,982800.0
755,2021-10-18 03:56:57,7230.0,700.0,982500.0
756,2021-10-18 03:56:49,7230.0,200.0,981800.0
757,2021-10-18 03:56:47,7230.0,2500.0,981600.0
758,2021-10-18 03:56:41,7230.0,1000.0,979100.0
759,2021-10-18 03:56:19,7230.0,1000.0,978100.0
760,2021-10-18 03:56:06,7230.0,1600.0,977100.0
761,2021-10-18 03:56:06,7230.0,1000.0,975500.0
762,2021-10-18 03:56:06,7230.0,200.0,974500.0
763,2021-10-18 03:56:06,7230.0,1000.0,974300.0
764,2021-10-18 03:56:06,7230.0,1000.0,973300.0
765,2021-10-18 03:56:06,7230.0,200.0,972300.0
766,2021-10-18 03:56:03,7230.0,1000.0,972100.0
767,2021-10-18 03:55:51,7230.0,800.0,971100.0
768,2021-10-18 03:55:51,7230.0,200.0,970300.0
769,2021-10-18 03:55:43,7230.0,5600.0,970100.0
770,2021-10-18 03:55:34,7230.0,3500.0,964500.0
771,2021-10-18 03:55:09,7240.0,500.0,961000.0
772,2021-10-18 03:54:10,7240.0,4000.0,960500.0
773,2021-10-18 03:54:01,7240.0,3000.0,956500.0
774,2021-10-18 03:53:48,7240.0,1500.0,953500.0
775,2021-10-18 03:53:48,7240.0,400.0,952000.0
776,2021-10-18 03:53:48,7240.0,100.0,951600.0
777,2021-10-18 03:53:48,7240.0,1000.0,951500.0
778,2021-10-18 03:51:02,7240.0,7400.0,950500.0
779,2021-10-18 03:51:02,7240.0,2100.0,943100.0
780,2021-10-18 03:51:02,7240.0,500.0,941000.0
781,2021-10-18 03:48:12,7240.0,500.0,940500.0
782,2021-10-18 03:47:45,7240.0,500.0,940000.0
783,2021-10-18 03:47:35,7240.0,1600.0,939500.0
784,2021-10-18 03:47:35,7240.0,400.0,937900.0
785,2021-10-18 03:45:44,7240.0,600.0,937500.0
786,2021-10-18 03:45:44,7240.0,400.0,936900.0
787,2021-10-18 03:45:44,7240.0,200.0,936500.0
788,2021-10-18 03:45:43,7240.0,200.0,936300.0
789,2021-10-18 03:45:43,7240.0,200.0,936100.0
790,2021-10-18 03:45:43,7240.0,100.0,935900.0
791,2021-10-18 03:45:43,7240.0,500.0,935800.0
792,2021-10-18 03:45:36,7240.0,1600.0,935300.0
793,2021-10-18 03:45:27,7240.0,10000.0,933700.0
794,2021-10-18 03:45:11,7240.0,300.0,923700.0
795,2021-10-18 03:45:06,7240.0,100.0,923400.0
796,2021-10-18 03:45:00,7240.0,1000.0,923300.0
797,2021-10-18 03:44:57,7240.0,400.0,922300.0
798,2021-10-18 03:44:43,7240.0,1000.0,921900.0
799,2021-10-18 03:44:41,7240.0,1000.0,920900.0
800,2021-10-18 03:44:39,7240.0,1000.0,919900.0
801,2021-10-18 03:44:35,7240.0,1000.0,918900.0
802,2021-10-18 03:44:32,7240.0,1000.0,917900.0
803,2021-10-18 03:44:22,7240.0,1000.0,916900.0
804,2021-10-18 03:40:36,7240.0,100.0,915900.0
805,2021-10-18 03:40:30,7230.0,700.0,915800.0
806,2021-10-18 03:40:30,7230.0,2000.0,915100.0
807,2021-10-18 03:40:30,7230.0,500.0,913100.0
808,2021-10-18 03:39:13,7230.0,2000.0,912600.0
809,2021-10-18 03:39:13,7230.0,8000.0,910600.0
810,2021-10-18 03:39:05,7250.0,600.0,902600.0
811,2021-10-18 03:39:05,7250.0,600.0,902000.0
812,2021-10-18 03:39:05,7250.0,300.0,901400.0
813,2021-10-18 03:39:05,7250.0,12900.0,901100.0
814,2021-10-18 03:39:05,7240.0,200.0,888200.0
815,2021-10-18 03:39:05,7240.0,5400.0,888000.0
816,2021-10-18 03:38:52,7230.0,300.0,882600.0
817,2021-10-18 03:38:11,7230.0,500.0,882300.0
818,2021-10-18 03:36:24,7230.0,200.0,881800.0
819,2021-10-18 03:36:18,7230.0,1000.0,881600.0
820,2021-10-18 03:36:18,7230.0,400.0,880600.0
821,2021-10-18 03:36:18,7230.0,100.0,880200.0
822,2021-10-18 03:36:18,7230.0,500.0,880100.0
823,2021-10-18 03:36:18,7230.0,100.0,879600.0
824,2021-10-18 03:36:18,7230.0,200.0,879500.0
825,2021-10-18 03:36:18,7230.0,200.0,879300.0
826,2021-10-18 03:36:18,7230.0,500.0,879100.0
827,2021-10-18 03:35:51,7230.0,4500.0,878600.0
828,2021-10-18 03:35:51,7230.0,2000.0,874100.0
829,2021-10-18 03:35:51,7230.0,1000.0,872100.0
830,2021-10-18 03:35:51,7230.0,3500.0,871100.0
831,2021-10-18 03:35:38,7230.0,6500.0,867600.0
832,2021-10-18 03:35:38,7230.0,3000.0,861100.0
833,2021-10-18 03:35:38,7230.0,500.0,858100.0
834,2021-10-18 03:35:08,7240.0,200.0,857600.0
835,2021-10-18 03:35:08,7240.0,2000.0,857400.0
836,2021-10-18 03:35:08,7240.0,2400.0,855400.0
837,2021-10-18 03:34:05,7240.0,1000.0,853000.0
838,2021-10-18 03:33:53,7240.0,10000.0,852000.0
839,2021-10-18 03:33:41,7240.0,200.0,842000.0
840,2021-10-18 03:33:36,7240.0,2700.0,841800.0
841,2021-10-18 03:33:32,7240.0,600.0,839100.0
842,2021-10-18 03:33:32,7240.0,3100.0,838500.0
843,2021-10-18 03:33:26,7240.0,500.0,835400.0
844,2021-10-18 03:33:07,7240.0,500.0,834900.0
845,2021-10-18 03:33:07,7240.0,500.0,834400.0
846,2021-10-18 03:33:07,7240.0,5400.0,833900.0
847,2021-10-18 03:33:01,7240.0,700.0,828500.0
848,2021-10-18 03:32:39,7250.0,1000.0,827800.0
849,2021-10-18 03:32:36,7240.0,3900.0,826800.0
850,2021-10-18 03:32:36,7240.0,5100.0,822900.0
851,2021-10-18 03:31:39,7240.0,4900.0,817800.0
852,2021-10-18 03:31:39,7240.0,1000.0,812900.0
853,2021-10-18 03:31:39,7240.0,500.0,811900.0
854,2021-10-18 03:31:39,7240.0,3600.0,811400.0
855,2021-10-18 03:31:37,7250.0,500.0,807800.0
856,2021-10-18 03:30:49,7250.0,500.0,807300.0
857,2021-10-18 03:30:47,7250.0,1500.0,806800.0
858,2021-10-18 03:30:36,7250.0,10000.0,805300.0
859,2021-10-18 03:30:23,7250.0,2000.0,795300.0
860,2021-10-18 03:29:48,7250.0,1300.0,793300.0
861,2021-10-18 03:29:40,7250.0,500.0,792000.0
862,2021-10-18 03:29:20,7250.0,5000.0,791500.0
863,2021-10-18 03:29:14,7250.0,1000.0,786500.0
864,2021-10-18 03:29:01,7240.0,1000.0,785500.0
865,2021-10-18 03:28:22,7250.0,300.0,784500.0
866,2021-10-18 03:27:29,7240.0,200.0,784200.0
867,2021-10-18 03:27:09,7250.0,1500.0,784000.0
868,2021-10-18 03:26:48,7240.0,200.0,782500.0
869,2021-10-18 03:26:48,7240.0,100.0,782300.0
870,2021-10-18 03:26:48,7240.0,1000.0,782200.0
871,2021-10-18 03:26:48,7240.0,1000.0,781200.0
872,2021-10-18 03:26:48,7240.0,600.0,780200.0
873,2021-10-18 03:26:48,7240.0,2000.0,779600.0
874,2021-10-18 03:26:48,7240.0,1900.0,777600.0
875,2021-10-18 03:25:23,7250.0,7000.0,775700.0
876,2021-10-18 03:25:08,7250.0,100.0,768700.0
877,2021-10-18 03:25:05,7250.0,2000.0,768600.0
878,2021-10-18 03:24:54,7250.0,1000.0,766600.0
879,2021-10-18 03:23:24,7250.0,300.0,765600.0
880,2021-10-18 03:23:00,7240.0,300.0,765300.0
881,2021-10-18 03:22:32,7250.0,5000.0,765000.0
882,2021-10-18 03:22:18,7240.0,800.0,760000.0
883,2021-10-18 03:22:15,7250.0,100.0,759200.0
884,2021-10-18 03:21:39,7250.0,100.0,759100.0
885,2021-10-18 03:21:39,7250.0,500.0,759000.0
886,2021-10-18 03:21:39,7250.0,1000.0,758500.0
887,2021-10-18 03:21:39,7250.0,1600.0,757500.0
888,2021-10-18 03:21:39,7250.0,2300.0,755900.0
889,2021-10-18 03:21:39,7250.0,5000.0,753600.0
890,2021-10-18 03:21:39,7250.0,3000.0,748600.0
891,2021-10-18 03:21:39,7250.0,10000.0,745600.0
892,2021-10-18 03:21:39,7250.0,1400.0,735600.0
893,2021-10-18 03:21:39,7250.0,10000.0,734200.0
894,2021-10-18 03:21:39,7250.0,500.0,724200.0
895,2021-10-18 03:21:39,7250.0,2000.0,723700.0
896,2021-10-18 03:21:39,7250.0,200.0,721700.0
897,2021-10-18 03:21:39,7250.0,500.0,721500.0
898,2021-10-18 03:21:39,7250.0,8400.0,721000.0
899,2021-10-18 03:20:45,7260.0,200.0,712600.0
900,2021-10-18 03:19:18,7260.0,3000.0,712400.0
901,2021-10-18 03:19:18,7260.0,4000.0,709400.0
902,2021-10-18 03:19:18,7260.0,100.0,705400.0
903,2021-10-18 03:18:00,7260.0,2000.0,705300.0
904,2021-10-18 03:17:25,7270.0,400.0,703300.0
905,2021-10-18 03:16:17,7260.0,900.0,702900.0
906,2021-10-18 03:16:17,7260.0,100.0,702000.0
907,2021-10-18 03:15:39,7260.0,1000.0,701900.0
908,2021-10-18 03:15:08,7260.0,100.0,700900.0
909,2021-10-18 03:15:08,7260.0,900.0,700800.0
910,2021-10-18 03:14:55,7260.0,2100.0,699900.0
911,2021-10-18 03:14:21,7260.0,300.0,697800.0
912,2021-10-18 03:14:21,7260.0,700.0,697500.0
913,2021-10-18 03:14:03,7260.0,3900.0,696800.0
914,2021-10-18 03:12:42,7270.0,1900.0,692900.0
915,2021-10-18 03:12:42,7270.0,2000.0,691000.0
916,2021-10-18 03:12:42,7270.0,1100.0,689000.0
917,2021-10-18 03:12:16,7270.0,3000.0,687900.0
918,2021-10-18 03:11:59,7260.0,2000.0,684900.0
919,2021-10-18 03:11:35,7260.0,100.0,682900.0
920,2021-10-18 03:10:01,7260.0,6400.0,682800.0
921,2021-10-18 03:09:59,7260.0,3100.0,676400.0
922,2021-10-18 03:09:23,7260.0,10500.0,673300.0
923,2021-10-18 03:09:05,7260.0,3500.0,662800.0
924,2021-10-18 03:09:05,7260.0,5000.0,659300.0
925,2021-10-18 03:09:05,7260.0,200.0,654300.0
926,2021-10-18 03:09:05,7260.0,400.0,654100.0
927,2021-10-18 03:09:05,7260.0,400.0,653700.0
928,2021-10-18 03:09:05,7260.0,2000.0,653300.0
929,2021-10-18 03:08:37,7260.0,400.0,651300.0
930,2021-10-18 03:08:06,7260.0,800.0,650900.0
931,2021-10-18 03:07:34,7260.0,1100.0,650100.0
932,2021-10-18 03:07:31,7260.0,300.0,649000.0
933,2021-10-18 03:07:31,7260.0,700.0,648700.0
934,2021-10-18 03:06:47,7260.0,4300.0,648000.0
935,2021-10-18 03:06:45,7260.0,4900.0,643700.0
936,2021-10-18 03:06:45,7260.0,800.0,638800.0
937,2021-10-18 03:06:27,7260.0,200.0,638000.0
938,2021-10-18 03:06:27,7260.0,300.0,637800.0
939,2021-10-18 03:06:25,7260.0,700.0,637500.0
940,2021-10-18 03:06:25,7260.0,500.0,636800.0
941,2021-10-18 03:06:25,7260.0,200.0,636300.0
942,2021-10-18 03:06:25,7260.0,1600.0,636100.0
943,2021-10-18 03:06:04,7260.0,200.0,634500.0
944,2021-10-18 03:05:42,7260.0,200.0,634300.0
945,2021-10-18 03:05:42,7260.0,500.0,634100.0
946,2021-10-18 03:05:42,7260.0,1300.0,633600.0
947,2021-10-18 03:05:18,7260.0,200.0,632300.0
948,2021-10-18 03:05:03,7260.0,500.0,632100.0
949,2021-10-18 03:04:38,7260.0,500.0,631600.0
950,2021-10-18 03:03:56,7260.0,500.0,631100.0
951,2021-10-18 03:03:56,7260.0,500.0,630600.0
952,2021-10-18 03:03:07,7260.0,200.0,630100.0
953,2021-10-18 03:03:07,7260.0,500.0,629900.0
954,2021-10-18 03:02:55,7260.0,1000.0,629400.0
955,2021-10-18 03:02:52,7260.0,1000.0,628400.0
956,2021-10-18 03:02:49,7260.0,7500.0,627400.0
957,2021-10-18 03:02:49,7260.0,100.0,619900.0
958,2021-10-18 03:02:49,7260.0,1000.0,619800.0
959,2021-10-18 03:02:49,7260.0,1500.0,618800.0
960,2021-10-18 03:02:49,7260.0,1800.0,617300.0
961,2021-10-18 03:02:00,7260.0,300.0,615500.0
962,2021-10-18 03:01:39,7260.0,1000.0,615200.0
963,2021-10-18 03:01:29,7260.0,3700.0,614200.0
964,2021-10-18 03:01:06,7260.0,1600.0,610500.0
965,2021-10-18 03:00:54,7260.0,1000.0,608900.0
966,2021-10-18 03:00:41,7260.0,200.0,607900.0
967,2021-10-18 03:00:41,7260.0,2000.0,607700.0
968,2021-10-18 03:00:41,7260.0,1000.0,605700.0
969,2021-10-18 03:00:41,7260.0,8000.0,604700.0
970,2021-10-18 03:00:41,7260.0,2400.0,596700.0
971,2021-10-18 03:00:41,7260.0,10100.0,594300.0
972,2021-10-18 03:00:31,7270.0,100.0,584200.0
973,2021-10-18 03:00:31,7270.0,2000.0,584100.0
974,2021-10-18 03:00:31,7270.0,100.0,582100.0
975,2021-10-18 03:00:31,7270.0,3700.0,582000.0
976,2021-10-18 03:00:27,7270.0,1300.0,578300.0
977,2021-10-18 03:00:27,7270.0,100.0,577000.0
978,2021-10-18 03:00:27,7270.0,1000.0,576900.0
979,2021-10-18 03:00:27,7270.0,1000.0,575900.0
980,2021-10-18 03:00:27,7270.0,4200.0,574900.0
981,2021-10-18 03:00:27,7270.0,2000.0,570700.0
982,2021-10-18 03:00:27,7270.0,1000.0,568700.0
983,2021-10-18 03:00:27,7270.0,300.0,567700.0
984,2021-10-18 03:00:27,7270.0,5100.0,567400.0
985,2021-10-18 03:00:17,7270.0,1000.0,562300.0
986,2021-10-18 03:00:14,7280.0,500.0,561300.0
987,2021-10-18 03:00:14,7270.0,1000.0,560800.0
988,2021-10-18 03:00:13,7270.0,1500.0,559800.0
989,2021-10-18 02:59:54,7270.0,4000.0,558300.0
990,2021-10-18 02:59:16,7270.0,1000.0,554300.0
991,2021-10-18 02:59:15,7270.0,3000.0,553300.0
992,2021-10-18 02:58:09,7270.0,1000.0,550300.0
993,2021-10-18 02:57:53,7270.0,1000.0,549300.0
994,2021-10-18 02:57:01,7270.0,1400.0,548300.0
995,2021-10-18 02:55:56,7280.0,1000.0,546900.0
996,2021-10-18 02:55:48,7280.0,1200.0,545900.0
997,2021-10-18 02:55:26,7280.0,1800.0,544700.0
998,2021-10-18 02:55:26,7280.0,900.0,542900.0
999,2021-10-18 02:55:26,7280.0,7300.0,542000.0
1000,2021-10-18 02:55:22,7280.0,400.0,534700.0
1001,2021-10-18 02:54:15,7280.0,4300.0,534300.0
1002,2021-10-18 02:54:12,7280.0,5000.0,530000.0
1003,2021-10-18 02:54:08,7280.0,700.0,525000.0
1004,2021-10-18 02:54:08,7280.0,300.0,524300.0
1005,2021-10-18 02:54:01,7280.0,1000.0,524000.0
1006,2021-10-18 02:53:36,7280.0,200.0,523000.0
1007,2021-10-18 02:53:36,7280.0,500.0,522800.0
1008,2021-10-18 02:53:06,7280.0,500.0,522300.0
1009,2021-10-18 02:52:54,7280.0,3000.0,521800.0
1010,2021-10-18 02:52:39,7280.0,1000.0,518800.0
1011,2021-10-18 02:52:38,7280.0,1000.0,517800.0
1012,2021-10-18 02:52:38,7280.0,2500.0,516800.0
1013,2021-10-18 02:52:38,7280.0,1500.0,514300.0
1014,2021-10-18 02:52:38,7280.0,4000.0,512800.0
1015,2021-10-18 02:52:34,7280.0,1000.0,508800.0
1016,2021-10-18 02:52:34,7280.0,1000.0,507800.0
1017,2021-10-18 02:52:34,7280.0,8000.0,506800.0
1018,2021-10-18 02:52:00,7280.0,400.0,498800.0
1019,2021-10-18 02:51:14,7280.0,200.0,498400.0
1020,2021-10-18 02:50:19,7280.0,1400.0,498200.0
1021,2021-10-18 02:50:19,7280.0,200.0,496800.0
1022,2021-10-18 02:50:19,7280.0,2000.0,496600.0
1023,2021-10-18 02:50:19,7280.0,400.0,494600.0
1024,2021-10-18 02:49:44,7280.0,200.0,494200.0
1025,2021-10-18 02:49:44,7280.0,800.0,494000.0
1026,2021-10-18 02:49:29,7280.0,2000.0,493200.0
1027,2021-10-18 02:49:24,7280.0,2000.0,491200.0
1028,2021-10-18 02:49:02,7280.0,200.0,489200.0
1029,2021-10-18 02:48:24,7280.0,100.0,489000.0
1030,2021-10-18 02:48:20,7280.0,10000.0,488900.0
1031,2021-10-18 02:48:18,7280.0,2000.0,478900.0
1032,2021-10-18 02:48:18,7280.0,4000.0,476900.0
1033,2021-10-18 02:48:18,7280.0,200.0,472900.0
1034,2021-10-18 02:48:18,7280.0,500.0,472700.0
1035,2021-10-18 02:48:18,7280.0,500.0,472200.0
1036,2021-10-18 02:48:18,7280.0,500.0,471700.0
1037,2021-10-18 02:48:18,7280.0,2000.0,471200.0
1038,2021-10-18 02:48:18,7280.0,1000.0,469200.0
1039,2021-10-18 02:48:18,7280.0,500.0,468200.0
1040,2021-10-18 02:48:18,7280.0,1500.0,467700.0
1041,2021-10-18 02:48:18,7280.0,100.0,466200.0
1042,2021-10-18 02:48:18,7280.0,200.0,466100.0
1043,2021-10-18 02:48:18,7280.0,2200.0,465900.0
1044,2021-10-18 02:48:00,7270.0,1000.0,463700.0
1045,2021-10-18 02:47:56,7270.0,2000.0,462700.0
1046,2021-10-18 02:47:44,7270.0,1500.0,460700.0
1047,2021-10-18 02:47:43,7260.0,3000.0,459200.0
1048,2021-10-18 02:47:31,7270.0,1500.0,456200.0
1049,2021-10-18 02:47:31,7270.0,8500.0,454700.0
1050,2021-10-18 02:47:24,7260.0,1000.0,446200.0
1051,2021-10-18 02:47:20,7270.0,100.0,445200.0
1052,2021-10-18 02:47:20,7270.0,1400.0,445100.0
1053,2021-10-18 02:46:38,7270.0,8600.0,443700.0
1054,2021-10-18 02:46:36,7270.0,1400.0,435100.0
1055,2021-10-18 02:46:28,7270.0,700.0,433700.0
1056,2021-10-18 02:45:59,7270.0,2000.0,433000.0
1057,2021-10-18 02:45:51,7270.0,300.0,431000.0
1058,2021-10-18 02:45:47,7270.0,200.0,430700.0
1059,2021-10-18 02:45:21,7270.0,5000.0,430500.0
1060,2021-10-18 02:44:55,7270.0,5000.0,425500.0
1061,2021-10-18 02:44:42,7280.0,2800.0,420500.0
1062,2021-10-18 02:44:42,7280.0,100.0,417700.0
1063,2021-10-18 02:44:42,7280.0,100.0,417600.0
1064,2021-10-18 02:44:39,7270.0,3600.0,417500.0
1065,2021-10-18 02:44:30,7270.0,5000.0,413900.0
1066,2021-10-18 02:44:19,7270.0,100.0,408900.0
1067,2021-10-18 02:44:18,7270.0,500.0,408800.0
1068,2021-10-18 02:44:02,7270.0,300.0,408300.0
1069,2021-10-18 02:43:40,7260.0,3700.0,408000.0
1070,2021-10-18 02:43:40,7270.0,4500.0,404300.0
1071,2021-10-18 02:43:23,7270.0,1000.0,399800.0
1072,2021-10-18 02:43:23,7270.0,1000.0,398800.0
1073,2021-10-18 02:43:23,7270.0,1000.0,397800.0
1074,2021-10-18 02:43:23,7270.0,2000.0,396800.0
1075,2021-10-18 02:43:23,7270.0,10000.0,394800.0
1076,2021-10-18 02:43:23,7270.0,500.0,384800.0
1077,2021-10-18 02:42:33,7260.0,300.0,384300.0
1078,2021-10-18 02:42:27,7260.0,14000.0,384000.0
1079,2021-10-18 02:41:57,7260.0,500.0,370000.0
1080,2021-10-18 02:41:51,7260.0,5000.0,369500.0
1081,2021-10-18 02:41:41,7260.0,200.0,364500.0
1082,2021-10-18 02:41:41,7260.0,100.0,364300.0
1083,2021-10-18 02:41:41,7260.0,600.0,364200.0
1084,2021-10-18 02:41:41,7260.0,100.0,363600.0
1085,2021-10-18 02:41:41,7260.0,1000.0,363500.0
1086,2021-10-18 02:41:41,7260.0,5000.0,362500.0
1087,2021-10-18 02:41:41,7260.0,5400.0,357500.0
1088,2021-10-18 02:40:36,7250.0,1000.0,352100.0
1089,2021-10-18 02:39:52,7260.0,100.0,351100.0
1090,2021-10-18 02:39:52,7260.0,1000.0,351000.0
1091,2021-10-18 02:39:52,7260.0,1900.0,350000.0
1092,2021-10-18 02:39:33,7260.0,1000.0,348100.0
1093,2021-10-18 02:38:45,7270.0,500.0,347100.0
1094,2021-10-18 02:38:45,7270.0,500.0,346600.0
1095,2021-10-18 02:38:36,7260.0,100.0,346100.0
1096,2021-10-18 02:38:27,7250.0,600.0,346000.0
1097,2021-10-18 02:38:27,7250.0,2000.0,345400.0
1098,2021-10-18 02:38:27,7250.0,500.0,343400.0
1099,2021-10-18 02:38:27,7250.0,46900.0,342900.0
1100,2021-10-18 02:38:21,7260.0,5000.0,296000.0
1101,2021-10-18 02:38:00,7260.0,4900.0,291000.0
1102,2021-10-18 02:38:00,7260.0,100.0,286100.0
1103,2021-10-18 02:37:25,7260.0,700.0,286000.0
1104,2021-10-18 02:37:25,7260.0,2000.0,285300.0
1105,2021-10-18 02:37:25,7260.0,200.0,283300.0
1106,2021-10-18 02:36:38,7260.0,9800.0,283100.0
1107,2021-10-18 02:36:12,7260.0,200.0,273300.0
1108,2021-10-18 02:36:00,7260.0,3700.0,273100.0
1109,2021-10-18 02:36:00,7270.0,1700.0,269400.0
1110,2021-10-18 02:35:56,7270.0,200.0,267700.0
1111,2021-10-18 02:35:56,7270.0,100.0,267500.0
1112,2021-10-18 02:35:56,7270.0,5000.0,267400.0
1113,2021-10-18 02:35:56,7270.0,200.0,262400.0
1114,2021-10-18 02:35:56,7270.0,2600.0,262200.0
1115,2021-10-18 02:35:56,7270.0,100.0,259600.0
1116,2021-10-18 02:35:56,7260.0,100.0,259500.0
1117,2021-10-18 02:35:39,7260.0,100.0,259400.0
1118,2021-10-18 02:35:39,7260.0,5000.0,259300.0
1119,2021-10-18 02:35:03,7260.0,1000.0,254300.0
1120,2021-10-18 02:34:21,7260.0,100.0,253300.0
1121,2021-10-18 02:32:59,7260.0,100.0,253200.0
1122,2021-10-18 02:32:19,7260.0,2900.0,253100.0
1123,2021-10-18 02:32:19,7260.0,1000.0,250200.0
1124,2021-10-18 02:32:19,7260.0,700.0,249200.0
1125,2021-10-18 02:32:19,7270.0,2000.0,248500.0
1126,2021-10-18 02:32:19,7270.0,300.0,246500.0
1127,2021-10-18 02:32:19,7270.0,1000.0,246200.0
1128,2021-10-18 02:32:19,7270.0,100.0,245200.0
1129,2021-10-18 02:32:11,7270.0,100.0,245100.0
1130,2021-10-18 02:32:06,7280.0,500.0,245000.0
1131,2021-10-18 02:31:49,7270.0,200.0,244500.0
1132,2021-10-18 02:31:41,7280.0,500.0,244300.0
1133,2021-10-18 02:31:35,7280.0,2000.0,243800.0
1134,2021-10-18 02:31:17,7280.0,100.0,241800.0
1135,2021-10-18 02:31:15,7270.0,200.0,241700.0
1136,2021-10-18 02:31:10,7270.0,600.0,241500.0
1137,2021-10-18 02:30:42,7270.0,1000.0,240900.0
1138,2021-10-18 02:30:42,7270.0,300.0,239900.0
1139,2021-10-18 02:30:42,7270.0,200.0,239600.0
1140,2021-10-18 02:30:42,7270.0,300.0,239400.0
1141,2021-10-18 02:29:22,7260.0,500.0,239100.0
1142,2021-10-18 02:29:21,7260.0,200.0,238600.0
1143,2021-10-18 02:29:02,7260.0,100.0,238400.0
1144,2021-10-18 02:28:40,7260.0,1000.0,238300.0
1145,2021-10-18 02:28:06,7260.0,400.0,237300.0
1146,2021-10-18 02:28:06,7260.0,100.0,236900.0
1147,2021-10-18 02:27:38,7250.0,1000.0,236800.0
1148,2021-10-18 02:27:28,7250.0,100.0,235800.0
1149,2021-10-18 02:27:28,7250.0,2000.0,235700.0
1150,2021-10-18 02:27:11,7250.0,2600.0,233700.0
1151,2021-10-18 02:27:11,7250.0,1000.0,231100.0
1152,2021-10-18 02:27:11,7250.0,400.0,230100.0
1153,2021-10-18 02:27:08,7240.0,100.0,229700.0
1154,2021-10-18 02:25:42,7230.0,12000.0,229600.0
1155,2021-10-18 02:25:41,7230.0,1000.0,217600.0
1156,2021-10-18 02:25:20,7230.0,30000.0,216600.0
1157,2021-10-18 02:24:46,7220.0,200.0,186600.0
1158,2021-10-18 02:23:54,7220.0,1000.0,186400.0
1159,2021-10-18 02:22:13,7220.0,3000.0,185400.0
1160,2021-10-18 02:21:24,7220.0,2000.0,182400.0
1161,2021-10-18 02:21:24,7230.0,200.0,180400.0
1162,2021-10-18 02:21:24,7250.0,1400.0,180200.0
1163,2021-10-18 02:21:24,7250.0,1400.0,178800.0
1164,2021-10-18 02:21:12,7250.0,700.0,177400.0
1165,2021-10-18 02:21:12,7250.0,300.0,176700.0
1166,2021-10-18 02:20:12,7280.0,100.0,176400.0
1167,2021-10-18 02:20:05,7290.0,100.0,176300.0
1168,2021-10-18 02:19:47,7290.0,200.0,176200.0
1169,2021-10-18 02:19:47,7290.0,9100.0,176000.0
1170,2021-10-18 02:19:41,7290.0,100.0,166900.0
1171,2021-10-18 02:19:40,7290.0,2000.0,166800.0
1172,2021-10-18 02:19:35,7290.0,100.0,164800.0
1173,2021-10-18 02:19:29,7290.0,3000.0,164700.0
1174,2021-10-18 02:19:27,7290.0,1000.0,161700.0
1175,2021-10-18 02:19:17,7290.0,1000.0,160700.0
1176,2021-10-18 02:19:15,7290.0,2000.0,159700.0
1177,2021-10-18 02:19:11,7290.0,10000.0,157700.0
1178,2021-10-18 02:18:23,7300.0,1000.0,147700.0
1179,2021-10-18 02:18:23,7300.0,1000.0,146700.0
1180,2021-10-18 02:18:21,7290.0,600.0,145700.0
1181,2021-10-18 02:18:21,7290.0,4000.0,145100.0
1182,2021-10-18 02:18:21,7290.0,100.0,141100.0
1183,2021-10-18 02:18:04,7290.0,900.0,141000.0
1184,2021-10-18 02:17:55,7290.0,100.0,140100.0
1185,2021-10-18 02:17:53,7290.0,2000.0,140000.0
1186,2021-10-18 02:17:27,7290.0,1000.0,138000.0
1187,2021-10-18 02:17:27,7290.0,300.0,137000.0
1188,2021-10-18 02:17:27,7290.0,100.0,136700.0
1189,2021-10-18 02:17:27,7290.0,1400.0,136600.0
1190,2021-10-18 02:17:23,7290.0,700.0,135200.0
1191,2021-10-18 02:16:35,7290.0,7900.0,134500.0
1192,2021-10-18 02:16:35,7290.0,200.0,126600.0
1193,2021-10-18 02:16:35,7290.0,200.0,126400.0
1194,2021-10-18 02:16:35,7280.0,1600.0,126200.0
1195,2021-10-18 02:16:35,7270.0,100.0,124600.0
1196,2021-10-18 02:16:30,7250.0,300.0,124500.0
1197,2021-10-18 02:16:23,7250.0,900.0,124200.0
1198,2021-10-18 02:16:23,7240.0,100.0,123300.0
1199,2021-10-18 02:16:15,7230.0,100.0,123200.0
1200,2021-10-18 02:15:59,7220.0,100.0,123100.0
1201,2021-10-18 02:15:59,7220.0,200.0,123000.0
1202,2021-10-18 02:15:52,7200.0,300.0,122800.0
1203,2021-10-18 02:15:44,7200.0,200.0,122500.0
1204,2021-10-18 02:15:44,7200.0,500.0,122300.0
1205,2021-10-18 02:15:44,7200.0,1000.0,121800.0
1206,2021-10-18 02:15:44,7200.0,1000.0,120800.0
1207,2021-10-18 02:15:44,7200.0,100.0,119800.0
1208,2021-10-18 02:15:44,7200.0,2800.0,119700.0
1209,2021-10-18 02:15:44,7200.0,1000.0,116900.0
1210,2021-10-18 02:15:44,7200.0,200.0,115900.0
1211,2021-10-18 02:15:44,7200.0,5000.0,115700.0
1212,2021-10-18 02:15:44,7200.0,13000.0,110700.0
1213,2021-10-18 02:15:44,7200.0,1000.0,97700.0
1214,2021-10-18 02:15:44,7200.0,300.0,96700.0
1215,2021-10-18 02:15:44,7200.0,200.0,96400.0
1216,2021-10-18 02:15:44,7200.0,100.0,96200.0
1217,2021-10-18 02:15:44,7200.0,1000.0,96100.0
1218,2021-10-18 02:15:44,7200.0,2200.0,95100.0
1219,2021-10-18 02:15:44,7210.0,100.0,92900.0
1220,2021-10-18 02:15:41,7210.0,300.0,92800.0
1221,2021-10-18 02:15:30,7210.0,100.0,92500.0
1222,2021-10-18 02:15:01,7200.0,200.0,92400.0
1223,2021-10-18 02:15:01,7200.0,200.0,92200.0
1224,2021-10-18 02:15:01,7200.0,300.0,92000.0
1225,2021-10-18 02:15:01,7200.0,1100.0,91700.0
1226,2021-10-18 02:15:01,7200.0,200.0,90600.0
1227,2021-10-18 02:15:01,7200.0,14800.0,90400.0
1228,2021-10-18 02:15:01,7200.0,4000.0,75600.0
1229,2021-10-18 02:15:01,7200.0,200.0,71600.0
1230,2021-10-18 02:15:01,7200.0,1000.0,71400.0
1231,2021-10-18 02:15:01,7200.0,10000.0,70400.0
1232,2021-10-18 02:15:01,7200.0,200.0,60400.0
1233,2021-10-18 02:15:01,7200.0,4800.0,60200.0
1234,2021-10-18 02:15:01,7200.0,100.0,55400.0
1235,2021-10-18 02:15:01,7200.0,100.0,55300.0
1236,2021-10-18 02:15:01,7200.0,200.0,55200.0
1237,2021-10-18 02:15:01,7200.0,2800.0,55000.0
1238,2021-10-18 02:15:01,7200.0,3000.0,52200.0
1239,2021-10-18 02:15:01,7200.0,100.0,49200.0
1240,2021-10-18 02:15:01,7200.0,100.0,49100.0
1241,2021-10-18 02:15:01,7200.0,100.0,49000.0
1242,2021-10-18 02:15:01,7200.0,100.0,48900.0
1243,2021-10-18 02:15:01,7200.0,43800.0,48800.0
1244,2021-10-18 02:15:01,7200.0,300.0,5000.0
1245,2021-10-18 02:15:01,7200.0,2000.0,4700.0
1246,2021-10-18 02:15:01,7200.0,400.0,2700.0
1247,2021-10-18 02:15:01,7200.0,300.0,2300.0
1248,2021-10-18 02:15:01,7200.0,1000.0,2000.0
1249,2021-10-18 02:15:01,7200.0,1000.0,1000.0
