,Time,Price,Volume_per_trade,Volume
0,2021-10-12 07:45:01,17750.0,200.0,551000.0
1,2021-10-12 07:45:01,17750.0,200.0,550800.0
2,2021-10-12 07:45:01,17750.0,800.0,550600.0
3,2021-10-12 07:45:01,17750.0,1000.0,549800.0
4,2021-10-12 07:45:01,17750.0,200.0,548800.0
5,2021-10-12 07:45:01,17750.0,500.0,548600.0
6,2021-10-12 07:45:01,17750.0,400.0,548100.0
7,2021-10-12 07:45:01,17750.0,400.0,547700.0
8,2021-10-12 07:45:01,17750.0,800.0,547300.0
9,2021-10-12 07:45:01,17750.0,200.0,546500.0
10,2021-10-12 07:45:01,17750.0,800.0,546300.0
11,2021-10-12 07:45:01,17750.0,100.0,545500.0
12,2021-10-12 07:45:01,17750.0,200.0,545400.0
13,2021-10-12 07:45:01,17750.0,500.0,545200.0
14,2021-10-12 07:45:01,17750.0,100.0,544700.0
15,2021-10-12 07:29:54,17700.0,100.0,544600.0
16,2021-10-12 07:29:51,17700.0,1000.0,544500.0
17,2021-10-12 07:29:18,17700.0,500.0,543500.0
18,2021-10-12 07:29:11,17700.0,1600.0,543000.0
19,2021-10-12 07:29:11,17700.0,400.0,541400.0
20,2021-10-12 07:29:01,17700.0,100.0,541000.0
21,2021-10-12 07:28:34,17700.0,1000.0,540900.0
22,2021-10-12 07:28:23,17700.0,100.0,539900.0
23,2021-10-12 07:27:54,17700.0,100.0,539800.0
24,2021-10-12 07:27:54,17700.0,300.0,539700.0
25,2021-10-12 07:27:54,17700.0,1100.0,539400.0
26,2021-10-12 07:27:54,17700.0,1000.0,538300.0
27,2021-10-12 07:27:54,17700.0,1000.0,537300.0
28,2021-10-12 07:27:54,17700.0,1300.0,536300.0
29,2021-10-12 07:27:54,17700.0,3600.0,535000.0
30,2021-10-12 07:27:39,17750.0,300.0,531400.0
31,2021-10-12 07:27:39,17750.0,100.0,531100.0
32,2021-10-12 07:27:39,17750.0,1100.0,531000.0
33,2021-10-12 07:27:11,17750.0,1900.0,529900.0
34,2021-10-12 07:27:11,17750.0,1100.0,528000.0
35,2021-10-12 07:27:04,17750.0,800.0,526900.0
36,2021-10-12 07:24:34,17750.0,100.0,526100.0
37,2021-10-12 07:24:34,17750.0,1500.0,526000.0
38,2021-10-12 07:23:20,17750.0,400.0,524500.0
39,2021-10-12 07:22:10,17750.0,100.0,524100.0
40,2021-10-12 07:18:06,17700.0,400.0,524000.0
41,2021-10-12 07:16:54,17700.0,300.0,523600.0
42,2021-10-12 07:16:08,17700.0,100.0,523300.0
43,2021-10-12 07:16:08,17700.0,100.0,523200.0
44,2021-10-12 07:16:08,17700.0,100.0,523100.0
45,2021-10-12 07:16:08,17700.0,100.0,523000.0
46,2021-10-12 07:16:08,17700.0,200.0,522900.0
47,2021-10-12 07:16:08,17700.0,1000.0,522700.0
48,2021-10-12 07:16:08,17700.0,100.0,521700.0
49,2021-10-12 07:16:08,17700.0,4000.0,521600.0
50,2021-10-12 07:15:01,17700.0,600.0,517600.0
51,2021-10-12 07:15:01,17700.0,200.0,517000.0
52,2021-10-12 07:15:01,17700.0,200.0,516800.0
53,2021-10-12 07:14:37,17650.0,100.0,516600.0
54,2021-10-12 07:12:26,17650.0,400.0,516500.0
55,2021-10-12 07:12:14,17650.0,200.0,516100.0
56,2021-10-12 07:12:11,17650.0,2000.0,515900.0
57,2021-10-12 07:12:11,17650.0,700.0,513900.0
58,2021-10-12 07:12:11,17650.0,300.0,513200.0
59,2021-10-12 07:12:11,17650.0,400.0,512900.0
60,2021-10-12 07:12:11,17650.0,300.0,512500.0
61,2021-10-12 07:12:11,17650.0,500.0,512200.0
62,2021-10-12 07:12:11,17650.0,200.0,511700.0
63,2021-10-12 07:09:04,17650.0,1000.0,511500.0
64,2021-10-12 07:07:37,17650.0,500.0,510500.0
65,2021-10-12 07:07:37,17650.0,1000.0,510000.0
66,2021-10-12 07:07:37,17650.0,600.0,509000.0
67,2021-10-12 07:07:37,17650.0,1700.0,508400.0
68,2021-10-12 07:07:29,17650.0,1000.0,506700.0
69,2021-10-12 07:06:08,17600.0,1300.0,505700.0
70,2021-10-12 07:04:06,17600.0,2400.0,504400.0
71,2021-10-12 07:03:59,17600.0,800.0,502000.0
72,2021-10-12 07:02:44,17600.0,100.0,501200.0
73,2021-10-12 07:02:33,17600.0,1000.0,501100.0
74,2021-10-12 07:02:25,17600.0,100.0,500100.0
75,2021-10-12 07:02:25,17600.0,200.0,500000.0
76,2021-10-12 07:02:25,17600.0,1600.0,499800.0
77,2021-10-12 07:02:11,17600.0,100.0,498200.0
78,2021-10-12 07:02:11,17600.0,100.0,498100.0
79,2021-10-12 07:00:44,17600.0,400.0,498000.0
80,2021-10-12 07:00:44,17600.0,200.0,497600.0
81,2021-10-12 07:00:43,17600.0,200.0,497400.0
82,2021-10-12 07:00:43,17600.0,100.0,497200.0
83,2021-10-12 07:00:43,17600.0,1000.0,497100.0
84,2021-10-12 07:00:43,17600.0,100.0,496100.0
85,2021-10-12 06:59:13,17600.0,200.0,496000.0
86,2021-10-12 06:59:13,17600.0,1000.0,495800.0
87,2021-10-12 06:59:13,17600.0,100.0,494800.0
88,2021-10-12 06:59:13,17600.0,1000.0,494700.0
89,2021-10-12 06:59:13,17600.0,2000.0,493700.0
90,2021-10-12 06:59:13,17600.0,200.0,491700.0
91,2021-10-12 06:59:13,17600.0,100.0,491500.0
92,2021-10-12 06:59:13,17600.0,200.0,491400.0
93,2021-10-12 06:59:13,17600.0,100.0,491200.0
94,2021-10-12 06:59:13,17600.0,500.0,491100.0
95,2021-10-12 06:59:13,17600.0,2000.0,490600.0
96,2021-10-12 06:59:13,17600.0,1000.0,488600.0
97,2021-10-12 06:59:13,17600.0,100.0,487600.0
98,2021-10-12 06:59:13,17600.0,500.0,487500.0
99,2021-10-12 06:56:55,17600.0,100.0,487000.0
100,2021-10-12 06:55:51,17650.0,400.0,486900.0
101,2021-10-12 06:55:51,17650.0,100.0,486500.0
102,2021-10-12 06:55:13,17650.0,100.0,486400.0
103,2021-10-12 06:53:30,17650.0,200.0,486300.0
104,2021-10-12 06:53:12,17650.0,500.0,486100.0
105,2021-10-12 06:52:56,17650.0,500.0,485600.0
106,2021-10-12 06:52:00,17600.0,100.0,485100.0
107,2021-10-12 06:49:41,17650.0,3000.0,485000.0
108,2021-10-12 06:49:35,17600.0,100.0,482000.0
109,2021-10-12 06:49:35,17600.0,100.0,481900.0
110,2021-10-12 06:49:35,17600.0,100.0,481800.0
111,2021-10-12 06:49:35,17600.0,100.0,481700.0
112,2021-10-12 06:49:35,17600.0,300.0,481600.0
113,2021-10-12 06:49:35,17600.0,1000.0,481300.0
114,2021-10-12 06:49:35,17600.0,100.0,480300.0
115,2021-10-12 06:49:35,17600.0,1000.0,480200.0
116,2021-10-12 06:49:35,17600.0,300.0,479200.0
117,2021-10-12 06:49:35,17600.0,5900.0,478900.0
118,2021-10-12 06:49:15,17650.0,300.0,473000.0
119,2021-10-12 06:48:51,17650.0,200.0,472700.0
120,2021-10-12 06:48:51,17650.0,100.0,472500.0
121,2021-10-12 06:48:51,17650.0,1000.0,472400.0
122,2021-10-12 06:48:51,17650.0,200.0,471400.0
123,2021-10-12 06:48:51,17650.0,100.0,471200.0
124,2021-10-12 06:48:51,17650.0,1000.0,471100.0
125,2021-10-12 06:48:51,17650.0,1000.0,470100.0
126,2021-10-12 06:48:51,17650.0,200.0,469100.0
127,2021-10-12 06:48:51,17650.0,3000.0,468900.0
128,2021-10-12 06:48:51,17650.0,2000.0,465900.0
129,2021-10-12 06:48:51,17650.0,200.0,463900.0
130,2021-10-12 06:48:51,17650.0,1500.0,463700.0
131,2021-10-12 06:48:51,17650.0,1200.0,462200.0
132,2021-10-12 06:47:56,17700.0,100.0,461000.0
133,2021-10-12 06:47:32,17700.0,100.0,460900.0
134,2021-10-12 06:47:24,17700.0,700.0,460800.0
135,2021-10-12 06:46:54,17700.0,100.0,460100.0
136,2021-10-12 06:46:08,17700.0,200.0,460000.0
137,2021-10-12 06:45:33,17700.0,400.0,459800.0
138,2021-10-12 06:44:49,17700.0,100.0,459400.0
139,2021-10-12 06:44:44,17700.0,500.0,459300.0
140,2021-10-12 06:41:07,17700.0,500.0,458800.0
141,2021-10-12 06:40:30,17700.0,900.0,458300.0
142,2021-10-12 06:40:30,17700.0,1100.0,457400.0
143,2021-10-12 06:40:19,17650.0,600.0,456300.0
144,2021-10-12 06:40:14,17650.0,2000.0,455700.0
145,2021-10-12 06:37:33,17650.0,100.0,453700.0
146,2021-10-12 06:36:29,17650.0,1000.0,453600.0
147,2021-10-12 06:33:32,17650.0,100.0,452600.0
148,2021-10-12 06:33:32,17650.0,500.0,452500.0
149,2021-10-12 06:33:29,17650.0,500.0,452000.0
150,2021-10-12 06:33:29,17650.0,400.0,451500.0
151,2021-10-12 06:33:03,17650.0,100.0,451100.0
152,2021-10-12 06:31:39,17700.0,400.0,451000.0
153,2021-10-12 06:31:39,17700.0,100.0,450600.0
154,2021-10-12 06:31:39,17700.0,300.0,450500.0
155,2021-10-12 06:31:39,17700.0,700.0,450200.0
156,2021-10-12 06:28:11,17700.0,100.0,449500.0
157,2021-10-12 06:27:29,17700.0,500.0,449400.0
158,2021-10-12 06:26:18,17650.0,500.0,448900.0
159,2021-10-12 06:26:18,17650.0,300.0,448400.0
160,2021-10-12 06:26:18,17650.0,100.0,448100.0
161,2021-10-12 06:26:18,17650.0,1000.0,448000.0
162,2021-10-12 06:26:18,17650.0,5100.0,447000.0
163,2021-10-12 06:23:46,17650.0,500.0,441900.0
164,2021-10-12 06:22:54,17650.0,100.0,441400.0
165,2021-10-12 06:22:13,17650.0,200.0,441300.0
166,2021-10-12 06:22:13,17650.0,2000.0,441100.0
167,2021-10-12 06:22:13,17650.0,500.0,439100.0
168,2021-10-12 06:22:13,17650.0,800.0,438600.0
169,2021-10-12 06:21:20,17650.0,100.0,437800.0
170,2021-10-12 06:18:20,17650.0,100.0,437700.0
171,2021-10-12 06:18:20,17650.0,100.0,437600.0
172,2021-10-12 06:18:20,17650.0,200.0,437500.0
173,2021-10-12 06:18:20,17650.0,100.0,437300.0
174,2021-10-12 06:18:20,17650.0,100.0,437200.0
175,2021-10-12 06:18:20,17650.0,500.0,437100.0
176,2021-10-12 06:18:20,17650.0,100.0,436600.0
177,2021-10-12 06:18:20,17650.0,500.0,436500.0
178,2021-10-12 06:16:10,17700.0,700.0,436000.0
179,2021-10-12 06:15:32,17700.0,300.0,435300.0
180,2021-10-12 06:15:18,17700.0,100.0,435000.0
181,2021-10-12 06:15:17,17700.0,100.0,434900.0
182,2021-10-12 06:14:11,17700.0,300.0,434800.0
183,2021-10-12 06:12:27,17700.0,1000.0,434500.0
184,2021-10-12 06:09:21,17650.0,100.0,433500.0
185,2021-10-12 06:09:21,17650.0,100.0,433400.0
186,2021-10-12 06:09:21,17700.0,200.0,433300.0
187,2021-10-12 06:07:26,17700.0,100.0,433100.0
188,2021-10-12 06:06:53,17700.0,200.0,433000.0
189,2021-10-12 06:06:42,17700.0,100.0,432800.0
190,2021-10-12 06:06:29,17700.0,700.0,432700.0
191,2021-10-12 06:06:29,17700.0,100.0,432000.0
192,2021-10-12 06:06:29,17700.0,500.0,431900.0
193,2021-10-12 06:06:29,17700.0,200.0,431400.0
194,2021-10-12 06:06:29,17700.0,2300.0,431200.0
195,2021-10-12 06:06:29,17700.0,800.0,428900.0
196,2021-10-12 06:03:23,17700.0,200.0,428100.0
197,2021-10-12 06:03:23,17700.0,800.0,427900.0
198,2021-10-12 06:00:14,17700.0,200.0,427100.0
199,2021-10-12 06:00:10,17700.0,100.0,426900.0
200,2021-10-12 06:00:10,17700.0,100.0,426800.0
201,2021-10-12 06:00:10,17700.0,100.0,426700.0
202,2021-10-12 06:00:10,17700.0,200.0,426600.0
203,2021-10-12 06:00:10,17700.0,1500.0,426400.0
204,2021-10-12 06:00:06,17750.0,500.0,424900.0
205,2021-10-12 06:00:00,17700.0,500.0,424400.0
206,2021-10-12 04:29:10,17700.0,3000.0,423900.0
207,2021-10-12 04:28:08,17650.0,100.0,420900.0
208,2021-10-12 04:28:08,17650.0,500.0,420800.0
209,2021-10-12 04:28:08,17650.0,100.0,420300.0
210,2021-10-12 04:28:08,17650.0,400.0,420200.0
211,2021-10-12 04:28:08,17650.0,100.0,419800.0
212,2021-10-12 04:28:08,17650.0,400.0,419700.0
213,2021-10-12 04:28:08,17650.0,200.0,419300.0
214,2021-10-12 04:27:14,17700.0,100.0,419100.0
215,2021-10-12 04:26:24,17700.0,1900.0,419000.0
216,2021-10-12 04:26:04,17700.0,100.0,417100.0
217,2021-10-12 04:21:33,17650.0,4800.0,417000.0
218,2021-10-12 04:21:33,17650.0,4100.0,412200.0
219,2021-10-12 04:21:33,17650.0,1900.0,408100.0
220,2021-10-12 04:21:33,17700.0,200.0,406200.0
221,2021-10-12 04:21:33,17700.0,300.0,406000.0
222,2021-10-12 04:21:33,17700.0,100.0,405700.0
223,2021-10-12 04:21:33,17700.0,600.0,405600.0
224,2021-10-12 04:21:33,17700.0,2000.0,405000.0
225,2021-10-12 04:21:33,17700.0,1400.0,403000.0
226,2021-10-12 04:21:33,17700.0,400.0,401600.0
227,2021-10-12 04:21:33,17700.0,2000.0,401200.0
228,2021-10-12 04:21:33,17700.0,2200.0,399200.0
229,2021-10-12 04:20:42,17750.0,400.0,397000.0
230,2021-10-12 04:20:42,17750.0,100.0,396600.0
231,2021-10-12 04:19:44,17750.0,100.0,396500.0
232,2021-10-12 04:19:29,17750.0,500.0,396400.0
233,2021-10-12 04:19:29,17750.0,1000.0,395900.0
234,2021-10-12 04:19:21,17750.0,700.0,394900.0
235,2021-10-12 04:16:55,17750.0,100.0,394200.0
236,2021-10-12 04:16:04,17750.0,500.0,394100.0
237,2021-10-12 04:15:28,17750.0,200.0,393600.0
238,2021-10-12 04:13:32,17750.0,500.0,393400.0
239,2021-10-12 04:13:26,17750.0,3900.0,392900.0
240,2021-10-12 04:13:24,17700.0,500.0,389000.0
241,2021-10-12 04:13:03,17700.0,200.0,388500.0
242,2021-10-12 04:12:39,17750.0,300.0,388300.0
243,2021-10-12 04:12:27,17750.0,500.0,388000.0
244,2021-10-12 04:10:51,17750.0,300.0,387500.0
245,2021-10-12 04:10:51,17750.0,300.0,387200.0
246,2021-10-12 04:10:39,17750.0,200.0,386900.0
247,2021-10-12 04:10:39,17750.0,700.0,386700.0
248,2021-10-12 04:10:18,17750.0,300.0,386000.0
249,2021-10-12 04:09:04,17750.0,500.0,385700.0
250,2021-10-12 04:09:04,17750.0,500.0,385200.0
251,2021-10-12 04:08:26,17750.0,500.0,384700.0
252,2021-10-12 04:04:44,17800.0,200.0,384200.0
253,2021-10-12 04:04:34,17750.0,200.0,384000.0
254,2021-10-12 04:03:35,17750.0,500.0,383800.0
255,2021-10-12 04:03:35,17750.0,200.0,383300.0
256,2021-10-12 04:03:35,17750.0,100.0,383100.0
257,2021-10-12 04:03:32,17700.0,300.0,383000.0
258,2021-10-12 04:03:32,17700.0,500.0,382700.0
259,2021-10-12 04:03:32,17700.0,500.0,382200.0
260,2021-10-12 04:03:32,17700.0,800.0,381700.0
261,2021-10-12 04:03:25,17700.0,100.0,380900.0
262,2021-10-12 04:02:51,17700.0,2000.0,380800.0
263,2021-10-12 04:02:51,17700.0,5000.0,378800.0
264,2021-10-12 04:02:32,17700.0,2100.0,373800.0
265,2021-10-12 04:02:32,17700.0,600.0,371700.0
266,2021-10-12 04:02:32,17700.0,300.0,371100.0
267,2021-10-12 04:00:59,17700.0,2000.0,370800.0
268,2021-10-12 04:00:59,17650.0,1000.0,368800.0
269,2021-10-12 04:00:41,17650.0,300.0,367800.0
270,2021-10-12 04:00:41,17650.0,2600.0,367500.0
271,2021-10-12 03:59:32,17650.0,1000.0,364900.0
272,2021-10-12 03:59:31,17650.0,900.0,363900.0
273,2021-10-12 03:58:55,17650.0,400.0,363000.0
274,2021-10-12 03:58:34,17650.0,100.0,362600.0
275,2021-10-12 03:58:34,17650.0,500.0,362500.0
276,2021-10-12 03:56:50,17650.0,500.0,362000.0
277,2021-10-12 03:55:26,17600.0,4100.0,361500.0
278,2021-10-12 03:55:17,17600.0,2000.0,357400.0
279,2021-10-12 03:55:00,17600.0,3900.0,355400.0
280,2021-10-12 03:55:00,17600.0,6100.0,351500.0
281,2021-10-12 03:54:54,17550.0,100.0,345400.0
282,2021-10-12 03:54:54,17550.0,200.0,345300.0
283,2021-10-12 03:54:32,17600.0,1000.0,345100.0
284,2021-10-12 03:53:14,17600.0,100.0,344100.0
285,2021-10-12 03:51:16,17600.0,1000.0,344000.0
286,2021-10-12 03:51:16,17600.0,200.0,343000.0
287,2021-10-12 03:50:51,17600.0,100.0,342800.0
288,2021-10-12 03:50:45,17600.0,100.0,342700.0
289,2021-10-12 03:49:56,17600.0,100.0,342600.0
290,2021-10-12 03:49:56,17600.0,500.0,342500.0
291,2021-10-12 03:49:56,17600.0,200.0,342000.0
292,2021-10-12 03:49:56,17600.0,300.0,341800.0
293,2021-10-12 03:49:56,17600.0,200.0,341500.0
294,2021-10-12 03:49:56,17600.0,200.0,341300.0
295,2021-10-12 03:49:56,17600.0,500.0,341100.0
296,2021-10-12 03:49:56,17600.0,2000.0,340600.0
297,2021-10-12 03:49:56,17600.0,1100.0,338600.0
298,2021-10-12 03:49:56,17600.0,200.0,337500.0
299,2021-10-12 03:49:56,17600.0,100.0,337300.0
300,2021-10-12 03:49:56,17600.0,100.0,337200.0
301,2021-10-12 03:49:56,17650.0,900.0,337100.0
302,2021-10-12 03:49:33,17600.0,300.0,336200.0
303,2021-10-12 03:48:58,17650.0,100.0,335900.0
304,2021-10-12 03:48:58,17650.0,100.0,335800.0
305,2021-10-12 03:48:58,17650.0,100.0,335700.0
306,2021-10-12 03:48:58,17650.0,100.0,335600.0
307,2021-10-12 03:48:48,17650.0,100.0,335500.0
308,2021-10-12 03:47:41,17650.0,100.0,335400.0
309,2021-10-12 03:47:39,17700.0,100.0,335300.0
310,2021-10-12 03:46:51,17700.0,100.0,335200.0
311,2021-10-12 03:46:50,17700.0,500.0,335100.0
312,2021-10-12 03:46:50,17700.0,500.0,334600.0
313,2021-10-12 03:46:50,17700.0,3000.0,334100.0
314,2021-10-12 03:46:50,17700.0,100.0,331100.0
315,2021-10-12 03:46:50,17700.0,1000.0,331000.0
316,2021-10-12 03:46:50,17700.0,200.0,330000.0
317,2021-10-12 03:46:50,17700.0,2000.0,329800.0
318,2021-10-12 03:46:46,17750.0,100.0,327800.0
319,2021-10-12 03:46:43,17750.0,100.0,327700.0
320,2021-10-12 03:46:37,17750.0,100.0,327600.0
321,2021-10-12 03:46:29,17700.0,200.0,327500.0
322,2021-10-12 03:45:01,17700.0,300.0,327300.0
323,2021-10-12 03:45:01,17700.0,100.0,327000.0
324,2021-10-12 03:45:01,17700.0,200.0,326900.0
325,2021-10-12 03:45:01,17700.0,3900.0,326700.0
326,2021-10-12 03:44:56,17700.0,1100.0,322800.0
327,2021-10-12 03:44:56,17700.0,400.0,321700.0
328,2021-10-12 03:44:56,17700.0,500.0,321300.0
329,2021-10-12 03:43:18,17700.0,500.0,320800.0
330,2021-10-12 03:43:18,17700.0,500.0,320300.0
331,2021-10-12 03:43:18,17700.0,200.0,319800.0
332,2021-10-12 03:43:18,17700.0,2000.0,319600.0
333,2021-10-12 03:43:18,17700.0,1800.0,317600.0
334,2021-10-12 03:42:54,17750.0,1000.0,315800.0
335,2021-10-12 03:42:54,17750.0,2000.0,314800.0
336,2021-10-12 03:42:54,17750.0,100.0,312800.0
337,2021-10-12 03:42:54,17750.0,300.0,312700.0
338,2021-10-12 03:42:54,17750.0,100.0,312400.0
339,2021-10-12 03:42:54,17750.0,1100.0,312300.0
340,2021-10-12 03:41:09,17750.0,1000.0,311200.0
341,2021-10-12 03:41:01,17750.0,100.0,310200.0
342,2021-10-12 03:40:00,17750.0,800.0,310100.0
343,2021-10-12 03:40:00,17750.0,1200.0,309300.0
344,2021-10-12 03:39:40,17750.0,3800.0,308100.0
345,2021-10-12 03:39:40,17750.0,1300.0,304300.0
346,2021-10-12 03:39:13,17750.0,700.0,303000.0
347,2021-10-12 03:39:13,17750.0,100.0,302300.0
348,2021-10-12 03:37:45,17800.0,200.0,302200.0
349,2021-10-12 03:37:45,17800.0,800.0,302000.0
350,2021-10-12 03:36:40,17800.0,100.0,301200.0
351,2021-10-12 03:36:06,17800.0,300.0,301100.0
352,2021-10-12 03:35:42,17800.0,300.0,300800.0
353,2021-10-12 03:35:14,17800.0,500.0,300500.0
354,2021-10-12 03:35:01,17800.0,200.0,300000.0
355,2021-10-12 03:35:01,17800.0,1800.0,299800.0
356,2021-10-12 03:34:26,17800.0,100.0,298000.0
357,2021-10-12 03:33:12,17800.0,200.0,297900.0
358,2021-10-12 03:33:12,17800.0,200.0,297700.0
359,2021-10-12 03:33:12,17800.0,100.0,297500.0
360,2021-10-12 03:33:12,17800.0,200.0,297400.0
361,2021-10-12 03:33:12,17800.0,300.0,297200.0
362,2021-10-12 03:33:12,17800.0,1000.0,296900.0
363,2021-10-12 03:32:29,17750.0,100.0,295900.0
364,2021-10-12 03:32:29,17750.0,100.0,295800.0
365,2021-10-12 03:31:32,17750.0,4900.0,295700.0
366,2021-10-12 03:31:32,17750.0,100.0,290800.0
367,2021-10-12 03:30:58,17750.0,100.0,290700.0
368,2021-10-12 03:30:54,17750.0,100.0,290600.0
369,2021-10-12 03:30:33,17750.0,100.0,290500.0
370,2021-10-12 03:30:07,17750.0,100.0,290400.0
371,2021-10-12 03:29:50,17750.0,100.0,290300.0
372,2021-10-12 03:29:43,17750.0,100.0,290200.0
373,2021-10-12 03:29:04,17800.0,2000.0,290100.0
374,2021-10-12 03:27:15,17750.0,200.0,288100.0
375,2021-10-12 03:27:15,17750.0,200.0,287900.0
376,2021-10-12 03:27:15,17750.0,4500.0,287700.0
377,2021-10-12 03:25:57,17700.0,100.0,283200.0
378,2021-10-12 03:25:14,17700.0,500.0,283100.0
379,2021-10-12 03:25:14,17700.0,100.0,282600.0
380,2021-10-12 03:25:14,17700.0,400.0,282500.0
381,2021-10-12 03:25:14,17700.0,100.0,282100.0
382,2021-10-12 03:25:14,17700.0,200.0,282000.0
383,2021-10-12 03:25:14,17700.0,1800.0,281800.0
384,2021-10-12 03:23:51,17700.0,100.0,280000.0
385,2021-10-12 03:23:43,17700.0,100.0,279900.0
386,2021-10-12 03:23:25,17700.0,200.0,279800.0
387,2021-10-12 03:23:17,17700.0,100.0,279600.0
388,2021-10-12 03:23:11,17700.0,200.0,279500.0
389,2021-10-12 03:23:11,17700.0,300.0,279300.0
390,2021-10-12 03:23:00,17700.0,500.0,279000.0
391,2021-10-12 03:22:36,17700.0,3000.0,278500.0
392,2021-10-12 03:22:06,17600.0,100.0,275500.0
393,2021-10-12 03:22:06,17600.0,200.0,275400.0
394,2021-10-12 03:22:06,17600.0,200.0,275200.0
395,2021-10-12 03:22:06,17600.0,100.0,275000.0
396,2021-10-12 03:22:06,17600.0,200.0,274900.0
397,2021-10-12 03:22:05,17600.0,1000.0,274700.0
398,2021-10-12 03:22:02,17600.0,200.0,273700.0
399,2021-10-12 03:21:54,17600.0,5000.0,273500.0
400,2021-10-12 03:21:52,17600.0,5000.0,268500.0
401,2021-10-12 03:21:49,17550.0,100.0,263500.0
402,2021-10-12 03:21:32,17550.0,200.0,263400.0
403,2021-10-12 03:21:32,17550.0,100.0,263200.0
404,2021-10-12 03:21:31,17600.0,500.0,263100.0
405,2021-10-12 03:20:41,17500.0,500.0,262600.0
406,2021-10-12 03:20:41,17500.0,500.0,262100.0
407,2021-10-12 03:20:21,17500.0,500.0,261600.0
408,2021-10-12 03:20:21,17500.0,100.0,261100.0
409,2021-10-12 03:20:21,17500.0,1000.0,261000.0
410,2021-10-12 03:20:21,17500.0,100.0,260000.0
411,2021-10-12 03:20:21,17500.0,2500.0,259900.0
412,2021-10-12 03:20:21,17500.0,200.0,257400.0
413,2021-10-12 03:20:21,17500.0,600.0,257200.0
414,2021-10-12 03:20:13,17500.0,100.0,256600.0
415,2021-10-12 03:20:04,17500.0,100.0,256500.0
416,2021-10-12 03:19:28,17500.0,1000.0,256400.0
417,2021-10-12 03:19:21,17500.0,500.0,255400.0
418,2021-10-12 03:19:19,17500.0,700.0,254900.0
419,2021-10-12 03:19:19,17500.0,400.0,254200.0
420,2021-10-12 03:19:17,17500.0,600.0,253800.0
421,2021-10-12 03:19:17,17500.0,100.0,253200.0
422,2021-10-12 03:19:17,17500.0,100.0,253100.0
423,2021-10-12 03:19:17,17500.0,1700.0,253000.0
424,2021-10-12 03:18:40,17500.0,300.0,251300.0
425,2021-10-12 03:18:40,17500.0,200.0,251000.0
426,2021-10-12 03:18:40,17500.0,200.0,250800.0
427,2021-10-12 03:18:40,17550.0,200.0,250600.0
428,2021-10-12 03:18:21,17500.0,300.0,250400.0
429,2021-10-12 03:18:21,17500.0,500.0,250100.0
430,2021-10-12 03:18:21,17500.0,1000.0,249600.0
431,2021-10-12 03:18:21,17500.0,100.0,248600.0
432,2021-10-12 03:18:21,17500.0,1100.0,248500.0
433,2021-10-12 03:18:19,17500.0,400.0,247400.0
434,2021-10-12 03:18:19,17500.0,100.0,247000.0
435,2021-10-12 03:18:19,17500.0,3400.0,246900.0
436,2021-10-12 03:18:18,17500.0,6600.0,243500.0
437,2021-10-12 03:18:18,17500.0,500.0,236900.0
438,2021-10-12 03:18:18,17500.0,1000.0,236400.0
439,2021-10-12 03:18:18,17550.0,600.0,235400.0
440,2021-10-12 03:18:09,17550.0,400.0,234800.0
441,2021-10-12 03:17:57,17550.0,500.0,234400.0
442,2021-10-12 03:17:57,17550.0,2500.0,233900.0
443,2021-10-12 03:17:45,17550.0,500.0,231400.0
444,2021-10-12 03:17:40,17550.0,1600.0,230900.0
445,2021-10-12 03:17:24,17550.0,400.0,229300.0
446,2021-10-12 03:17:14,17550.0,1000.0,228900.0
447,2021-10-12 03:17:10,17550.0,500.0,227900.0
448,2021-10-12 03:17:05,17550.0,500.0,227400.0
449,2021-10-12 03:17:05,17550.0,500.0,226900.0
450,2021-10-12 03:16:53,17550.0,700.0,226400.0
451,2021-10-12 03:16:48,17550.0,2000.0,225700.0
452,2021-10-12 03:16:47,17550.0,3800.0,223700.0
453,2021-10-12 03:16:47,17550.0,1000.0,219900.0
454,2021-10-12 03:16:47,17550.0,200.0,218900.0
455,2021-10-12 03:16:34,17600.0,500.0,218700.0
456,2021-10-12 03:15:05,17600.0,200.0,218200.0
457,2021-10-12 03:14:44,17600.0,100.0,218000.0
458,2021-10-12 03:14:44,17600.0,1000.0,217900.0
459,2021-10-12 03:14:44,17600.0,200.0,216900.0
460,2021-10-12 03:14:44,17600.0,300.0,216700.0
461,2021-10-12 03:14:44,17600.0,500.0,216400.0
462,2021-10-12 03:14:44,17600.0,200.0,215900.0
463,2021-10-12 03:14:44,17600.0,800.0,215700.0
464,2021-10-12 03:14:44,17600.0,5000.0,214900.0
465,2021-10-12 03:14:44,17600.0,400.0,209900.0
466,2021-10-12 03:14:44,17600.0,500.0,209500.0
467,2021-10-12 03:14:44,17600.0,1000.0,209000.0
468,2021-10-12 03:14:44,17600.0,200.0,208000.0
469,2021-10-12 03:14:44,17600.0,200.0,207800.0
470,2021-10-12 03:14:44,17600.0,100.0,207600.0
471,2021-10-12 03:14:44,17600.0,200.0,207500.0
472,2021-10-12 03:14:44,17600.0,3000.0,207300.0
473,2021-10-12 03:14:44,17600.0,500.0,204300.0
474,2021-10-12 03:14:44,17600.0,100.0,203800.0
475,2021-10-12 03:14:44,17600.0,14600.0,203700.0
476,2021-10-12 03:14:41,17600.0,5400.0,189100.0
477,2021-10-12 03:14:41,17600.0,1000.0,183700.0
478,2021-10-12 03:14:41,17600.0,2000.0,182700.0
479,2021-10-12 03:14:41,17650.0,2000.0,180700.0
480,2021-10-12 03:14:41,17650.0,5000.0,178700.0
481,2021-10-12 03:14:41,17650.0,300.0,173700.0
482,2021-10-12 03:14:41,17650.0,2000.0,173400.0
483,2021-10-12 03:14:41,17650.0,100.0,171400.0
484,2021-10-12 03:14:41,17650.0,200.0,171300.0
485,2021-10-12 03:13:14,17700.0,1200.0,171100.0
486,2021-10-12 03:13:14,17700.0,800.0,169900.0
487,2021-10-12 03:13:05,17650.0,800.0,169100.0
488,2021-10-12 03:11:26,17700.0,100.0,168300.0
489,2021-10-12 03:10:04,17700.0,100.0,168200.0
490,2021-10-12 03:10:04,17700.0,200.0,168100.0
491,2021-10-12 03:10:04,17700.0,100.0,167900.0
492,2021-10-12 03:10:04,17700.0,1000.0,167800.0
493,2021-10-12 03:10:04,17700.0,1500.0,166800.0
494,2021-10-12 03:10:04,17700.0,1200.0,165300.0
495,2021-10-12 03:09:10,17700.0,800.0,164100.0
496,2021-10-12 03:09:10,17700.0,500.0,163300.0
497,2021-10-12 03:09:10,17700.0,1000.0,162800.0
498,2021-10-12 03:09:10,17700.0,500.0,161800.0
499,2021-10-12 03:09:10,17700.0,500.0,161300.0
500,2021-10-12 03:09:10,17700.0,700.0,160800.0
501,2021-10-12 03:06:51,17750.0,3500.0,160100.0
502,2021-10-12 03:06:04,17750.0,300.0,156600.0
503,2021-10-12 03:05:43,17700.0,1300.0,156300.0
504,2021-10-12 03:05:43,17700.0,3000.0,155000.0
505,2021-10-12 03:05:43,17700.0,1000.0,152000.0
506,2021-10-12 03:05:43,17700.0,100.0,151000.0
507,2021-10-12 03:05:43,17700.0,1000.0,150900.0
508,2021-10-12 03:05:43,17700.0,1000.0,149900.0
509,2021-10-12 03:05:43,17700.0,300.0,148900.0
510,2021-10-12 03:05:43,17700.0,100.0,148600.0
511,2021-10-12 03:05:41,17750.0,200.0,148500.0
512,2021-10-12 03:05:30,17750.0,100.0,148300.0
513,2021-10-12 03:05:30,17750.0,100.0,148200.0
514,2021-10-12 03:05:30,17750.0,800.0,148100.0
515,2021-10-12 03:05:20,17750.0,4200.0,147300.0
516,2021-10-12 03:05:20,17750.0,800.0,143100.0
517,2021-10-12 03:05:11,17750.0,500.0,142300.0
518,2021-10-12 03:04:55,17750.0,200.0,141800.0
519,2021-10-12 03:04:54,17750.0,200.0,141600.0
520,2021-10-12 03:04:50,17750.0,100.0,141400.0
521,2021-10-12 03:04:35,17750.0,400.0,141300.0
522,2021-10-12 03:04:18,17700.0,400.0,140900.0
523,2021-10-12 03:04:08,17700.0,200.0,140500.0
524,2021-10-12 03:01:58,17700.0,1300.0,140300.0
525,2021-10-12 03:01:58,17700.0,2000.0,139000.0
526,2021-10-12 03:01:58,17700.0,200.0,137000.0
527,2021-10-12 03:01:58,17700.0,500.0,136800.0
528,2021-10-12 03:01:58,17700.0,1000.0,136300.0
529,2021-10-12 03:01:56,17750.0,1300.0,135300.0
530,2021-10-12 03:01:32,17750.0,300.0,134000.0
531,2021-10-12 03:00:57,17800.0,500.0,133700.0
532,2021-10-12 03:00:46,17700.0,100.0,133200.0
533,2021-10-12 03:00:46,17700.0,500.0,133100.0
534,2021-10-12 03:00:46,17700.0,200.0,132600.0
535,2021-10-12 03:00:46,17700.0,500.0,132400.0
536,2021-10-12 03:00:46,17700.0,600.0,131900.0
537,2021-10-12 03:00:46,17700.0,1000.0,131300.0
538,2021-10-12 03:00:46,17750.0,100.0,130300.0
539,2021-10-12 03:00:46,17750.0,100.0,130200.0
540,2021-10-12 03:00:46,17750.0,100.0,130100.0
541,2021-10-12 03:00:46,17750.0,800.0,130000.0
542,2021-10-12 03:00:34,17750.0,100.0,129200.0
543,2021-10-12 03:00:12,17750.0,100.0,129100.0
544,2021-10-12 03:00:12,17750.0,2000.0,129000.0
545,2021-10-12 03:00:12,17750.0,100.0,127000.0
546,2021-10-12 03:00:12,17750.0,1000.0,126900.0
547,2021-10-12 03:00:12,17750.0,200.0,125900.0
548,2021-10-12 03:00:12,17750.0,500.0,125700.0
549,2021-10-12 03:00:12,17750.0,1000.0,125200.0
550,2021-10-12 03:00:12,17750.0,100.0,124200.0
551,2021-10-12 02:59:26,17800.0,100.0,124100.0
552,2021-10-12 02:59:25,17750.0,400.0,124000.0
553,2021-10-12 02:59:25,17750.0,100.0,123600.0
554,2021-10-12 02:59:25,17750.0,500.0,123500.0
555,2021-10-12 02:58:19,17750.0,200.0,123000.0
556,2021-10-12 02:57:08,17750.0,100.0,122800.0
557,2021-10-12 02:56:59,17750.0,100.0,122700.0
558,2021-10-12 02:56:35,17800.0,200.0,122600.0
559,2021-10-12 02:56:35,17800.0,1900.0,122400.0
560,2021-10-12 02:56:35,17800.0,1000.0,120500.0
561,2021-10-12 02:56:35,17800.0,500.0,119500.0
562,2021-10-12 02:56:33,17800.0,500.0,119000.0
563,2021-10-12 02:56:33,17800.0,100.0,118500.0
564,2021-10-12 02:56:33,17800.0,200.0,118400.0
565,2021-10-12 02:56:33,17800.0,200.0,118200.0
566,2021-10-12 02:56:30,17800.0,100.0,118000.0
567,2021-10-12 02:56:30,17800.0,1900.0,117900.0
568,2021-10-12 02:56:18,17800.0,100.0,116000.0
569,2021-10-12 02:56:18,17800.0,1000.0,115900.0
570,2021-10-12 02:56:18,17800.0,400.0,114900.0
571,2021-10-12 02:56:18,17800.0,100.0,114500.0
572,2021-10-12 02:56:18,17800.0,300.0,114400.0
573,2021-10-12 02:56:18,17800.0,900.0,114100.0
574,2021-10-12 02:56:18,17800.0,100.0,113200.0
575,2021-10-12 02:56:18,17800.0,100.0,113100.0
576,2021-10-12 02:56:18,17800.0,500.0,113000.0
577,2021-10-12 02:56:18,17800.0,3500.0,112500.0
578,2021-10-12 02:55:55,17850.0,100.0,109000.0
579,2021-10-12 02:55:44,17850.0,3000.0,108900.0
580,2021-10-12 02:55:44,17850.0,4300.0,105900.0
581,2021-10-12 02:54:36,17850.0,700.0,101600.0
582,2021-10-12 02:54:36,17850.0,100.0,100900.0
583,2021-10-12 02:54:36,17850.0,500.0,100800.0
584,2021-10-12 02:54:36,17850.0,500.0,100300.0
585,2021-10-12 02:54:36,17850.0,1000.0,99800.0
586,2021-10-12 02:54:36,17850.0,100.0,98800.0
587,2021-10-12 02:54:36,17850.0,100.0,98700.0
588,2021-10-12 02:54:36,17850.0,100.0,98600.0
589,2021-10-12 02:54:36,17850.0,100.0,98500.0
590,2021-10-12 02:54:33,17850.0,200.0,98400.0
591,2021-10-12 02:54:12,17850.0,1000.0,98200.0
592,2021-10-12 02:54:12,17850.0,500.0,97200.0
593,2021-10-12 02:53:22,17850.0,200.0,96700.0
594,2021-10-12 02:51:06,17900.0,500.0,96500.0
595,2021-10-12 02:49:03,17900.0,1000.0,96000.0
596,2021-10-12 02:49:03,17900.0,500.0,95000.0
597,2021-10-12 02:49:03,17900.0,200.0,94500.0
598,2021-10-12 02:49:03,17900.0,400.0,94300.0
599,2021-10-12 02:49:03,17900.0,200.0,93900.0
600,2021-10-12 02:49:03,17900.0,500.0,93700.0
601,2021-10-12 02:49:03,17900.0,500.0,93200.0
602,2021-10-12 02:49:03,17900.0,200.0,92700.0
603,2021-10-12 02:48:25,17900.0,100.0,92500.0
604,2021-10-12 02:48:24,17900.0,700.0,92400.0
605,2021-10-12 02:48:24,17900.0,300.0,91700.0
606,2021-10-12 02:47:11,17900.0,100.0,91400.0
607,2021-10-12 02:46:47,17900.0,200.0,91300.0
608,2021-10-12 02:46:47,17900.0,200.0,91100.0
609,2021-10-12 02:43:24,17950.0,500.0,90900.0
610,2021-10-12 02:42:44,17900.0,500.0,90400.0
611,2021-10-12 02:42:38,17900.0,500.0,89900.0
612,2021-10-12 02:41:16,17900.0,500.0,89400.0
613,2021-10-12 02:40:51,17900.0,500.0,88900.0
614,2021-10-12 02:40:51,17900.0,300.0,88400.0
615,2021-10-12 02:40:50,17900.0,500.0,88100.0
616,2021-10-12 02:40:27,17900.0,300.0,87600.0
617,2021-10-12 02:40:14,17900.0,200.0,87300.0
618,2021-10-12 02:40:01,17900.0,100.0,87100.0
619,2021-10-12 02:40:01,17900.0,100.0,87000.0
620,2021-10-12 02:40:01,17900.0,400.0,86900.0
621,2021-10-12 02:39:53,17900.0,600.0,86500.0
622,2021-10-12 02:39:53,17900.0,100.0,85900.0
623,2021-10-12 02:39:53,17900.0,1000.0,85800.0
624,2021-10-12 02:39:53,17900.0,200.0,84800.0
625,2021-10-12 02:39:53,17900.0,100.0,84600.0
626,2021-10-12 02:39:53,17900.0,100.0,84500.0
627,2021-10-12 02:39:53,17900.0,200.0,84400.0
628,2021-10-12 02:39:53,17900.0,2700.0,84200.0
629,2021-10-12 02:39:51,17900.0,200.0,81500.0
630,2021-10-12 02:39:47,17900.0,100.0,81300.0
631,2021-10-12 02:39:47,17900.0,100.0,81200.0
632,2021-10-12 02:39:47,17900.0,500.0,81100.0
633,2021-10-12 02:39:47,17900.0,300.0,80600.0
634,2021-10-12 02:39:31,17900.0,200.0,80300.0
635,2021-10-12 02:39:31,17900.0,500.0,80100.0
636,2021-10-12 02:39:31,17900.0,4000.0,79600.0
637,2021-10-12 02:39:31,17900.0,100.0,75600.0
638,2021-10-12 02:39:31,17900.0,200.0,75500.0
639,2021-10-12 02:38:19,17900.0,300.0,75300.0
640,2021-10-12 02:38:19,17900.0,100.0,75000.0
641,2021-10-12 02:38:19,17900.0,100.0,74900.0
642,2021-10-12 02:37:44,17900.0,9900.0,74800.0
643,2021-10-12 02:37:44,17900.0,100.0,64900.0
644,2021-10-12 02:36:48,17900.0,100.0,64800.0
645,2021-10-12 02:36:19,17900.0,100.0,64700.0
646,2021-10-12 02:35:19,17900.0,300.0,64600.0
647,2021-10-12 02:34:37,17950.0,100.0,64300.0
648,2021-10-12 02:34:37,17950.0,300.0,64200.0
649,2021-10-12 02:34:37,17950.0,100.0,63900.0
650,2021-10-12 02:34:37,17950.0,1000.0,63800.0
651,2021-10-12 02:34:37,17950.0,200.0,62800.0
652,2021-10-12 02:34:06,17950.0,100.0,62600.0
653,2021-10-12 02:34:06,17950.0,900.0,62500.0
654,2021-10-12 02:33:41,18000.0,4000.0,61600.0
655,2021-10-12 02:31:08,17950.0,100.0,57600.0
656,2021-10-12 02:31:08,17950.0,200.0,57500.0
657,2021-10-12 02:31:08,17950.0,200.0,57300.0
658,2021-10-12 02:30:43,17950.0,100.0,57100.0
659,2021-10-12 02:30:43,17950.0,2900.0,57000.0
660,2021-10-12 02:29:27,17950.0,500.0,54100.0
661,2021-10-12 02:29:19,17950.0,1600.0,53600.0
662,2021-10-12 02:28:46,17950.0,5000.0,52000.0
663,2021-10-12 02:28:25,18000.0,300.0,47000.0
664,2021-10-12 02:27:35,18000.0,100.0,46700.0
665,2021-10-12 02:27:35,18000.0,100.0,46600.0
666,2021-10-12 02:27:35,18000.0,100.0,46500.0
667,2021-10-12 02:27:35,18000.0,100.0,46400.0
668,2021-10-12 02:27:13,18000.0,100.0,46300.0
669,2021-10-12 02:26:53,18000.0,800.0,46200.0
670,2021-10-12 02:26:33,18000.0,200.0,45400.0
671,2021-10-12 02:26:33,18000.0,100.0,45200.0
672,2021-10-12 02:25:14,18000.0,200.0,45100.0
673,2021-10-12 02:23:26,18100.0,1200.0,44900.0
674,2021-10-12 02:23:26,18100.0,400.0,43700.0
675,2021-10-12 02:23:26,18050.0,200.0,43300.0
676,2021-10-12 02:23:26,18050.0,500.0,43100.0
677,2021-10-12 02:23:26,18050.0,1100.0,42600.0
678,2021-10-12 02:23:26,18050.0,100.0,41500.0
679,2021-10-12 02:23:26,18050.0,800.0,41400.0
680,2021-10-12 02:23:26,18050.0,400.0,40600.0
681,2021-10-12 02:23:26,18000.0,300.0,40200.0
682,2021-10-12 02:23:24,17900.0,500.0,39900.0
683,2021-10-12 02:23:24,17900.0,1000.0,39400.0
684,2021-10-12 02:23:24,17900.0,500.0,38400.0
685,2021-10-12 02:23:24,17900.0,200.0,37900.0
686,2021-10-12 02:23:24,17900.0,100.0,37700.0
687,2021-10-12 02:23:24,17950.0,1100.0,37600.0
688,2021-10-12 02:23:24,17950.0,100.0,36500.0
689,2021-10-12 02:23:24,17950.0,500.0,36400.0
690,2021-10-12 02:23:19,18000.0,500.0,35900.0
691,2021-10-12 02:23:03,18000.0,200.0,35400.0
692,2021-10-12 02:23:03,18000.0,1000.0,35200.0
693,2021-10-12 02:23:03,18000.0,100.0,34200.0
694,2021-10-12 02:23:03,18000.0,900.0,34100.0
695,2021-10-12 02:22:50,18000.0,400.0,33200.0
696,2021-10-12 02:22:47,18000.0,200.0,32800.0
697,2021-10-12 02:22:32,18000.0,200.0,32600.0
698,2021-10-12 02:21:58,18000.0,300.0,32400.0
699,2021-10-12 02:21:58,18000.0,4000.0,32100.0
700,2021-10-12 02:21:58,18000.0,200.0,28100.0
701,2021-10-12 02:21:58,18000.0,2500.0,27900.0
702,2021-10-12 02:21:57,18000.0,200.0,25400.0
703,2021-10-12 02:21:48,18000.0,300.0,25200.0
704,2021-10-12 02:21:48,18000.0,100.0,24900.0
705,2021-10-12 02:21:48,18000.0,300.0,24800.0
706,2021-10-12 02:21:45,18000.0,100.0,24500.0
707,2021-10-12 02:21:38,18000.0,1400.0,24400.0
708,2021-10-12 02:21:28,18000.0,600.0,23000.0
709,2021-10-12 02:21:19,18000.0,500.0,22400.0
710,2021-10-12 02:21:04,18000.0,500.0,21900.0
711,2021-10-12 02:20:55,18000.0,100.0,21400.0
712,2021-10-12 02:20:55,18000.0,500.0,21300.0
713,2021-10-12 02:20:55,18000.0,200.0,20800.0
714,2021-10-12 02:20:55,18000.0,1100.0,20600.0
715,2021-10-12 02:20:55,18000.0,100.0,19500.0
716,2021-10-12 02:19:34,18050.0,100.0,19400.0
717,2021-10-12 02:19:21,18050.0,300.0,19300.0
718,2021-10-12 02:18:33,18050.0,1000.0,19000.0
719,2021-10-12 02:18:28,18050.0,1200.0,18000.0
720,2021-10-12 02:17:46,18050.0,100.0,16800.0
721,2021-10-12 02:17:38,18050.0,200.0,16700.0
722,2021-10-12 02:16:59,18050.0,1300.0,16500.0
723,2021-10-12 02:16:59,18050.0,200.0,15200.0
724,2021-10-12 02:16:59,18050.0,400.0,15000.0
725,2021-10-12 02:16:34,18050.0,500.0,14600.0
726,2021-10-12 02:16:33,18050.0,200.0,14100.0
727,2021-10-12 02:16:33,18050.0,900.0,13900.0
728,2021-10-12 02:16:33,18050.0,200.0,13000.0
729,2021-10-12 02:16:33,18050.0,2000.0,12800.0
730,2021-10-12 02:16:33,18050.0,100.0,10800.0
731,2021-10-12 02:16:33,18050.0,100.0,10700.0
732,2021-10-12 02:16:33,18050.0,100.0,10600.0
733,2021-10-12 02:15:00,18100.0,1200.0,10500.0
734,2021-10-12 02:15:00,18100.0,800.0,9300.0
735,2021-10-12 02:15:00,18100.0,2200.0,8500.0
736,2021-10-12 02:15:00,18100.0,200.0,6300.0
737,2021-10-12 02:15:00,18100.0,100.0,6100.0
738,2021-10-12 02:15:00,18100.0,2400.0,6000.0
739,2021-10-12 02:15:00,18100.0,2500.0,3600.0
740,2021-10-12 02:15:00,18100.0,100.0,1100.0
741,2021-10-12 02:15:00,18100.0,100.0,1000.0
742,2021-10-12 02:15:00,18100.0,100.0,900.0
743,2021-10-12 02:15:00,18100.0,200.0,800.0
744,2021-10-12 02:15:00,18100.0,300.0,600.0
745,2021-10-12 02:15:00,18100.0,200.0,300.0
746,2021-10-12 02:15:00,18100.0,100.0,100.0
