,Time,Price,Volume_per_trade,Volume
0,2021-10-08 14:45:02,40200.0,5400.0,229535.0
1,2021-10-08 14:19:36,39700.0,2000.0,224135.0
2,2021-10-08 14:18:47,39800.0,1200.0,222135.0
3,2021-10-08 14:18:40,39800.0,300.0,220935.0
4,2021-10-08 14:13:36,39800.0,3300.0,220635.0
5,2021-10-08 14:12:15,40000.0,1100.0,217335.0
6,2021-10-08 14:11:33,40000.0,1100.0,216235.0
7,2021-10-08 14:10:51,40000.0,200.0,215135.0
8,2021-10-08 14:06:07,40000.0,800.0,214935.0
9,2021-10-08 14:05:42,40000.0,1300.0,214135.0
10,2021-10-08 14:03:58,40000.0,1700.0,212835.0
11,2021-10-08 14:02:38,40000.0,200.0,211135.0
12,2021-10-08 13:56:37,40200.0,2500.0,210935.0
13,2021-10-08 13:55:09,40000.0,200.0,208435.0
14,2021-10-08 13:52:31,40200.0,2000.0,208235.0
15,2021-10-08 13:50:16,40200.0,500.0,206235.0
16,2021-10-08 13:50:04,40200.0,3000.0,205735.0
17,2021-10-08 13:49:48,40200.0,5000.0,202735.0
18,2021-10-08 13:49:30,40000.0,500.0,197735.0
19,2021-10-08 13:49:27,40000.0,100.0,197235.0
20,2021-10-08 13:47:32,40000.0,2100.0,197135.0
21,2021-10-08 13:45:11,40100.0,200.0,195035.0
22,2021-10-08 13:41:41,40200.0,1500.0,194835.0
23,2021-10-08 13:41:29,40200.0,2000.0,193335.0
24,2021-10-08 13:41:21,40200.0,2000.0,191335.0
25,2021-10-08 13:40:32,40000.0,1000.0,189335.0
26,2021-10-08 13:40:08,40000.0,900.0,188335.0
27,2021-10-08 13:40:05,40000.0,100.0,187435.0
28,2021-10-08 13:37:36,40000.0,5700.0,187335.0
29,2021-10-08 13:33:22,40300.0,1200.0,181635.0
30,2021-10-08 13:32:58,40300.0,1000.0,180435.0
31,2021-10-08 13:32:38,40300.0,1000.0,179435.0
32,2021-10-08 13:32:15,40400.0,700.0,178435.0
33,2021-10-08 13:28:54,40400.0,200.0,177735.0
34,2021-10-08 13:27:59,40400.0,100.0,177535.0
35,2021-10-08 13:27:38,40400.0,100.0,177435.0
36,2021-10-08 13:26:42,40400.0,100.0,177335.0
37,2021-10-08 13:25:10,40400.0,100.0,177235.0
38,2021-10-08 13:23:50,40400.0,1000.0,177135.0
39,2021-10-08 13:21:50,40400.0,400.0,176135.0
40,2021-10-08 13:19:49,40400.0,100.0,175735.0
41,2021-10-08 13:19:19,40400.0,400.0,175635.0
42,2021-10-08 13:17:52,40400.0,900.0,175235.0
43,2021-10-08 13:16:15,40400.0,100.0,174335.0
44,2021-10-08 13:08:34,40400.0,300.0,174235.0
45,2021-10-08 13:08:20,40400.0,400.0,173935.0
46,2021-10-08 13:05:34,40400.0,100.0,173535.0
47,2021-10-08 13:00:13,40400.0,4200.0,173435.0
48,2021-10-08 13:00:06,40300.0,400.0,169235.0
49,2021-10-08 11:27:31,40300.0,1500.0,168835.0
50,2021-10-08 11:27:14,40300.0,300.0,167335.0
51,2021-10-08 11:27:07,40300.0,2200.0,167035.0
52,2021-10-08 11:26:46,40300.0,300.0,164835.0
53,2021-10-08 11:23:57,40300.0,1200.0,164535.0
54,2021-10-08 11:20:07,40300.0,500.0,163335.0
55,2021-10-08 11:19:35,40300.0,500.0,162835.0
56,2021-10-08 11:18:27,40300.0,1000.0,162335.0
57,2021-10-08 11:18:22,40100.0,300.0,161335.0
58,2021-10-08 11:15:59,40100.0,100.0,161035.0
59,2021-10-08 11:14:51,40100.0,2000.0,160935.0
60,2021-10-08 11:13:08,40100.0,100.0,158935.0
61,2021-10-08 11:12:10,40300.0,3300.0,158835.0
62,2021-10-08 11:08:33,40400.0,100.0,155535.0
63,2021-10-08 11:06:21,40400.0,1000.0,155435.0
64,2021-10-08 10:59:11,40400.0,100.0,154435.0
65,2021-10-08 10:57:26,40400.0,100.0,154335.0
66,2021-10-08 10:57:16,40400.0,1000.0,154235.0
67,2021-10-08 10:55:10,40400.0,600.0,153235.0
68,2021-10-08 10:53:27,40400.0,100.0,152635.0
69,2021-10-08 10:53:04,40400.0,2600.0,152535.0
70,2021-10-08 10:46:29,40500.0,100.0,149935.0
71,2021-10-08 10:45:51,40500.0,1000.0,149835.0
72,2021-10-08 10:45:42,40500.0,2000.0,148835.0
73,2021-10-08 10:44:44,40400.0,200.0,146835.0
74,2021-10-08 10:44:16,40400.0,300.0,146635.0
75,2021-10-08 10:29:45,40300.0,1000.0,146335.0
76,2021-10-08 10:29:25,40300.0,2000.0,145335.0
77,2021-10-08 10:28:36,40500.0,7800.0,143335.0
78,2021-10-08 10:28:09,40500.0,1000.0,135535.0
79,2021-10-08 10:28:03,40700.0,100.0,134535.0
80,2021-10-08 10:22:37,40700.0,1000.0,134435.0
81,2021-10-08 10:21:24,40500.0,5000.0,133435.0
82,2021-10-08 10:18:33,40700.0,100.0,128435.0
83,2021-10-08 10:17:44,40700.0,100.0,128335.0
84,2021-10-08 10:16:58,40800.0,200.0,128235.0
85,2021-10-08 10:15:06,40800.0,500.0,128035.0
86,2021-10-08 10:14:44,40800.0,200.0,127535.0
87,2021-10-08 10:13:46,40900.0,10000.0,127335.0
88,2021-10-08 10:13:44,40500.0,3000.0,117335.0
89,2021-10-08 10:13:25,40500.0,100.0,114335.0
90,2021-10-08 10:12:35,40800.0,2000.0,114235.0
91,2021-10-08 10:10:16,40800.0,6000.0,112235.0
92,2021-10-08 10:09:54,40600.0,100.0,106235.0
93,2021-10-08 10:09:38,40600.0,100.0,106135.0
94,2021-10-08 10:08:25,40700.0,300.0,106035.0
95,2021-10-08 10:08:19,40700.0,1000.0,105735.0
96,2021-10-08 10:07:58,40700.0,200.0,104735.0
97,2021-10-08 10:07:41,40700.0,6000.0,104535.0
98,2021-10-08 10:07:15,40500.0,3000.0,98535.0
99,2021-10-08 10:07:14,40500.0,200.0,95535.0
100,2021-10-08 10:06:45,40500.0,300.0,95335.0
101,2021-10-08 10:06:41,40500.0,100.0,95035.0
102,2021-10-08 10:05:32,40500.0,100.0,94935.0
103,2021-10-08 10:05:20,40500.0,5900.0,94835.0
104,2021-10-08 10:05:09,40500.0,1000.0,88935.0
105,2021-10-08 10:04:50,40500.0,1.0,87935.0
106,2021-10-08 10:04:39,40500.0,4000.0,87934.0
107,2021-10-08 10:04:35,40300.0,200.0,83934.0
108,2021-10-08 10:04:32,40300.0,100.0,83734.0
109,2021-10-08 10:04:08,40300.0,200.0,83634.0
110,2021-10-08 10:03:42,40500.0,100.0,83434.0
111,2021-10-08 10:03:41,40300.0,500.0,83334.0
112,2021-10-08 10:03:14,40500.0,100.0,82834.0
113,2021-10-08 10:02:22,40500.0,300.0,82734.0
114,2021-10-08 10:02:04,40600.0,200.0,82434.0
115,2021-10-08 10:00:47,40700.0,1000.0,82234.0
116,2021-10-08 10:00:37,40700.0,100.0,81234.0
117,2021-10-08 09:59:46,40700.0,1000.0,81134.0
118,2021-10-08 09:59:34,40500.0,3500.0,80134.0
119,2021-10-08 09:59:19,40900.0,500.0,76634.0
120,2021-10-08 09:58:56,40500.0,100.0,76134.0
121,2021-10-08 09:58:55,40800.0,100.0,76034.0
122,2021-10-08 09:56:35,41000.0,60.0,75934.0
123,2021-10-08 09:56:10,41000.0,1800.0,75874.0
124,2021-10-08 09:55:26,41000.0,39.0,74074.0
125,2021-10-08 09:55:25,41000.0,100.0,74035.0
126,2021-10-08 09:55:21,40500.0,100.0,73935.0
127,2021-10-08 09:55:02,41000.0,800.0,73835.0
128,2021-10-08 09:55:00,40500.0,2600.0,73035.0
129,2021-10-08 09:54:54,39800.0,200.0,70435.0
130,2021-10-08 09:54:45,39800.0,500.0,70235.0
131,2021-10-08 09:54:43,39800.0,100.0,69735.0
132,2021-10-08 09:54:32,39800.0,500.0,69635.0
133,2021-10-08 09:54:26,39800.0,3000.0,69135.0
134,2021-10-08 09:54:17,39800.0,2000.0,66135.0
135,2021-10-08 09:54:06,39800.0,3000.0,64135.0
136,2021-10-08 09:52:43,39600.0,100.0,61135.0
137,2021-10-08 09:52:38,39600.0,100.0,61035.0
138,2021-10-08 09:52:26,39600.0,200.0,60935.0
139,2021-10-08 09:52:15,39800.0,500.0,60735.0
140,2021-10-08 09:52:14,39800.0,900.0,60235.0
141,2021-10-08 09:52:13,39800.0,2500.0,59335.0
142,2021-10-08 09:52:02,39800.0,3000.0,56835.0
143,2021-10-08 09:50:34,39500.0,1600.0,53835.0
144,2021-10-08 09:50:24,39300.0,300.0,52235.0
145,2021-10-08 09:49:32,39000.0,34.0,51935.0
146,2021-10-08 09:49:18,39000.0,7400.0,51901.0
147,2021-10-08 09:48:34,39000.0,1000.0,44501.0
148,2021-10-08 09:48:18,38900.0,400.0,43501.0
149,2021-10-08 09:48:09,38900.0,100.0,43101.0
150,2021-10-08 09:48:05,38900.0,100.0,43001.0
151,2021-10-08 09:46:27,38700.0,1000.0,42901.0
152,2021-10-08 09:43:31,38700.0,20000.0,41901.0
153,2021-10-08 09:43:08,38600.0,1400.0,21901.0
154,2021-10-08 09:42:25,38500.0,5000.0,20501.0
155,2021-10-08 09:40:05,38500.0,200.0,15501.0
156,2021-10-08 09:39:09,38200.0,300.0,15301.0
157,2021-10-08 09:35:02,38200.0,300.0,15001.0
158,2021-10-08 09:34:45,38200.0,100.0,14701.0
159,2021-10-08 09:28:47,38100.0,500.0,14601.0
160,2021-10-08 09:24:19,38500.0,500.0,14101.0
161,2021-10-08 09:19:52,38500.0,100.0,13601.0
162,2021-10-08 09:14:16,38500.0,100.0,13501.0
163,2021-10-08 09:10:56,38500.0,1.0,13401.0
164,2021-10-08 09:10:01,38500.0,500.0,13400.0
165,2021-10-08 09:09:48,38500.0,10000.0,12900.0
166,2021-10-08 09:05:11,38500.0,200.0,2900.0
167,2021-10-08 09:00:52,38500.0,200.0,2700.0
168,2021-10-08 09:00:42,38500.0,2300.0,2500.0
169,2021-10-08 09:00:14,38500.0,200.0,200.0
