,Time,Price,Volume_per_trade,Volume
0,2021-10-19 07:45:01,13150.0,600.0,8155600.0
1,2021-10-19 07:45:01,13150.0,200.0,8155000.0
2,2021-10-19 07:45:01,13150.0,900.0,8154800.0
3,2021-10-19 07:45:01,13150.0,1000.0,8153900.0
4,2021-10-19 07:45:01,13150.0,1000.0,8152900.0
5,2021-10-19 07:45:01,13150.0,100.0,8151900.0
6,2021-10-19 07:45:01,13150.0,1000.0,8151800.0
7,2021-10-19 07:45:01,13150.0,5000.0,8150800.0
8,2021-10-19 07:45:01,13150.0,200.0,8145800.0
9,2021-10-19 07:45:01,13150.0,500.0,8145600.0
10,2021-10-19 07:45:01,13150.0,4000.0,8145100.0
11,2021-10-19 07:45:01,13150.0,100.0,8141100.0
12,2021-10-19 07:45:01,13150.0,300.0,8141000.0
13,2021-10-19 07:45:01,13150.0,2000.0,8140700.0
14,2021-10-19 07:45:01,13150.0,5000.0,8138700.0
15,2021-10-19 07:45:01,13150.0,1000.0,8133700.0
16,2021-10-19 07:45:01,13150.0,3000.0,8132700.0
17,2021-10-19 07:45:01,13150.0,24100.0,8129700.0
18,2021-10-19 07:45:01,13150.0,100.0,8105600.0
19,2021-10-19 07:45:01,13150.0,100.0,8105500.0
20,2021-10-19 07:45:01,13150.0,5700.0,8105400.0
21,2021-10-19 07:45:01,13150.0,500.0,8099700.0
22,2021-10-19 07:45:01,13150.0,1000.0,8099200.0
23,2021-10-19 07:45:01,13150.0,300.0,8098200.0
24,2021-10-19 07:45:01,13150.0,500.0,8097900.0
25,2021-10-19 07:45:01,13150.0,500.0,8097400.0
26,2021-10-19 07:45:01,13150.0,200.0,8096900.0
27,2021-10-19 07:45:01,13150.0,2000.0,8096700.0
28,2021-10-19 07:45:01,13150.0,300.0,8094700.0
29,2021-10-19 07:45:01,13150.0,2000.0,8094400.0
30,2021-10-19 07:45:01,13150.0,1000.0,8092400.0
31,2021-10-19 07:45:01,13150.0,5000.0,8091400.0
32,2021-10-19 07:45:01,13150.0,1000.0,8086400.0
33,2021-10-19 07:45:01,13150.0,300.0,8085400.0
34,2021-10-19 07:45:01,13150.0,200.0,8085100.0
35,2021-10-19 07:45:01,13150.0,3000.0,8084900.0
36,2021-10-19 07:45:01,13150.0,2000.0,8081900.0
37,2021-10-19 07:45:01,13150.0,400.0,8079900.0
38,2021-10-19 07:45:01,13150.0,100.0,8079500.0
39,2021-10-19 07:45:01,13150.0,100.0,8079400.0
40,2021-10-19 07:45:01,13150.0,1000.0,8079300.0
41,2021-10-19 07:45:01,13150.0,200.0,8078300.0
42,2021-10-19 07:45:01,13150.0,1000.0,8078100.0
43,2021-10-19 07:45:01,13150.0,100.0,8077100.0
44,2021-10-19 07:45:01,13150.0,500.0,8077000.0
45,2021-10-19 07:45:01,13150.0,500.0,8076500.0
46,2021-10-19 07:45:01,13150.0,200.0,8076000.0
47,2021-10-19 07:45:01,13150.0,1000.0,8075800.0
48,2021-10-19 07:45:01,13150.0,1000.0,8074800.0
49,2021-10-19 07:45:01,13150.0,1000.0,8073800.0
50,2021-10-19 07:45:01,13150.0,4500.0,8072800.0
51,2021-10-19 07:45:01,13150.0,800.0,8068300.0
52,2021-10-19 07:45:01,13150.0,100.0,8067500.0
53,2021-10-19 07:45:01,13150.0,8000.0,8067400.0
54,2021-10-19 07:45:01,13150.0,500.0,8059400.0
55,2021-10-19 07:45:01,13150.0,3500.0,8058900.0
56,2021-10-19 07:45:01,13150.0,10000.0,8055400.0
57,2021-10-19 07:45:01,13150.0,6500.0,8045400.0
58,2021-10-19 07:45:01,13150.0,3500.0,8038900.0
59,2021-10-19 07:45:01,13150.0,6500.0,8035400.0
60,2021-10-19 07:45:01,13150.0,200.0,8028900.0
61,2021-10-19 07:45:01,13150.0,500.0,8028700.0
62,2021-10-19 07:45:01,13150.0,2800.0,8028200.0
63,2021-10-19 07:45:01,13150.0,2000.0,8025400.0
64,2021-10-19 07:45:01,13150.0,200.0,8023400.0
65,2021-10-19 07:45:01,13150.0,100.0,8023200.0
66,2021-10-19 07:45:01,13150.0,300.0,8023100.0
67,2021-10-19 07:45:01,13150.0,2000.0,8022800.0
68,2021-10-19 07:45:01,13150.0,300.0,8020800.0
69,2021-10-19 07:45:01,13150.0,500.0,8020500.0
70,2021-10-19 07:45:01,13150.0,1600.0,8020000.0
71,2021-10-19 07:45:01,13150.0,100.0,8018400.0
72,2021-10-19 07:45:01,13150.0,300.0,8018300.0
73,2021-10-19 07:45:01,13150.0,300.0,8018000.0
74,2021-10-19 07:45:01,13150.0,1000.0,8017700.0
75,2021-10-19 07:45:01,13150.0,300.0,8016700.0
76,2021-10-19 07:45:01,13150.0,500.0,8016400.0
77,2021-10-19 07:45:01,13150.0,1000.0,8015900.0
78,2021-10-19 07:45:01,13150.0,200.0,8014900.0
79,2021-10-19 07:45:01,13150.0,300.0,8014700.0
80,2021-10-19 07:45:01,13150.0,200.0,8014400.0
81,2021-10-19 07:45:01,13150.0,300.0,8014200.0
82,2021-10-19 07:45:01,13150.0,400.0,8013900.0
83,2021-10-19 07:45:01,13150.0,100.0,8013500.0
84,2021-10-19 07:45:01,13150.0,2000.0,8013400.0
85,2021-10-19 07:45:01,13150.0,21000.0,8011400.0
86,2021-10-19 07:45:01,13150.0,1000.0,7990400.0
87,2021-10-19 07:45:01,13150.0,100.0,7989400.0
88,2021-10-19 07:45:01,13150.0,5000.0,7989300.0
89,2021-10-19 07:45:01,13150.0,800.0,7984300.0
90,2021-10-19 07:45:01,13150.0,500.0,7983500.0
91,2021-10-19 07:45:01,13150.0,300.0,7983000.0
92,2021-10-19 07:45:01,13150.0,100.0,7982700.0
93,2021-10-19 07:45:01,13150.0,500.0,7982600.0
94,2021-10-19 07:45:01,13150.0,7800.0,7982100.0
95,2021-10-19 07:45:01,13150.0,1700.0,7974300.0
96,2021-10-19 07:45:01,13150.0,500.0,7972600.0
97,2021-10-19 07:45:01,13150.0,100.0,7972100.0
98,2021-10-19 07:45:01,13150.0,200.0,7972000.0
99,2021-10-19 07:45:01,13150.0,200.0,7971800.0
100,2021-10-19 07:45:01,13150.0,1500.0,7971600.0
101,2021-10-19 07:45:01,13150.0,100.0,7970100.0
102,2021-10-19 07:45:01,13150.0,1500.0,7970000.0
103,2021-10-19 07:45:01,13150.0,500.0,7968500.0
104,2021-10-19 07:45:01,13150.0,5000.0,7968000.0
105,2021-10-19 07:45:01,13150.0,2400.0,7963000.0
106,2021-10-19 07:45:01,13150.0,200.0,7960600.0
107,2021-10-19 07:45:01,13150.0,200.0,7960400.0
108,2021-10-19 07:45:01,13150.0,500.0,7960200.0
109,2021-10-19 07:45:01,13150.0,6700.0,7959700.0
110,2021-10-19 07:45:01,13150.0,13300.0,7953000.0
111,2021-10-19 07:45:01,13150.0,1300.0,7939700.0
112,2021-10-19 07:45:01,13150.0,15400.0,7938400.0
113,2021-10-19 07:45:01,13150.0,300.0,7923000.0
114,2021-10-19 07:45:01,13150.0,1100.0,7922700.0
115,2021-10-19 07:45:01,13150.0,500.0,7921600.0
116,2021-10-19 07:45:01,13150.0,4500.0,7921100.0
117,2021-10-19 07:45:01,13150.0,1000.0,7916600.0
118,2021-10-19 07:45:01,13150.0,100.0,7915600.0
119,2021-10-19 07:45:01,13150.0,100.0,7915500.0
120,2021-10-19 07:45:01,13150.0,5000.0,7915400.0
121,2021-10-19 07:45:01,13150.0,3000.0,7910400.0
122,2021-10-19 07:45:01,13150.0,300.0,7907400.0
123,2021-10-19 07:45:01,13150.0,1200.0,7907100.0
124,2021-10-19 07:45:01,13150.0,300.0,7905900.0
125,2021-10-19 07:45:01,13150.0,500.0,7905600.0
126,2021-10-19 07:45:01,13150.0,100.0,7905100.0
127,2021-10-19 07:45:01,13150.0,1000.0,7905000.0
128,2021-10-19 07:45:01,13150.0,3000.0,7904000.0
129,2021-10-19 07:45:01,13150.0,200.0,7901000.0
130,2021-10-19 07:45:01,13150.0,100.0,7900800.0
131,2021-10-19 07:45:01,13150.0,30000.0,7900700.0
132,2021-10-19 07:45:01,13150.0,1000.0,7870700.0
133,2021-10-19 07:45:01,13150.0,400.0,7869700.0
134,2021-10-19 07:45:01,13150.0,100.0,7869300.0
135,2021-10-19 07:45:01,13150.0,2000.0,7869200.0
136,2021-10-19 07:45:01,13150.0,1000.0,7867200.0
137,2021-10-19 07:45:01,13150.0,100.0,7866200.0
138,2021-10-19 07:45:01,13150.0,200.0,7866100.0
139,2021-10-19 07:45:01,13150.0,2500.0,7865900.0
140,2021-10-19 07:45:01,13150.0,1000.0,7863400.0
141,2021-10-19 07:45:01,13150.0,100.0,7862400.0
142,2021-10-19 07:45:01,13150.0,1000.0,7862300.0
143,2021-10-19 07:45:01,13150.0,20000.0,7861300.0
144,2021-10-19 07:45:01,13150.0,500.0,7841300.0
145,2021-10-19 07:45:01,13150.0,200.0,7840800.0
146,2021-10-19 07:45:01,13150.0,2000.0,7840600.0
147,2021-10-19 07:45:01,13150.0,10000.0,7838600.0
148,2021-10-19 07:45:01,13150.0,200.0,7828600.0
149,2021-10-19 07:45:01,13150.0,1000.0,7828400.0
150,2021-10-19 07:45:01,13150.0,100.0,7827400.0
151,2021-10-19 07:45:01,13150.0,3400.0,7827300.0
152,2021-10-19 07:45:01,13150.0,10000.0,7823900.0
153,2021-10-19 07:45:01,13150.0,500.0,7813900.0
154,2021-10-19 07:45:01,13150.0,500.0,7813400.0
155,2021-10-19 07:45:01,13150.0,10000.0,7812900.0
156,2021-10-19 07:45:01,13150.0,1000.0,7802900.0
157,2021-10-19 07:45:01,13150.0,1000.0,7801900.0
158,2021-10-19 07:45:01,13150.0,500.0,7800900.0
159,2021-10-19 07:45:01,13150.0,2000.0,7800400.0
160,2021-10-19 07:45:01,13150.0,10000.0,7798400.0
161,2021-10-19 07:45:01,13150.0,100.0,7788400.0
162,2021-10-19 07:45:01,13150.0,1000.0,7788300.0
163,2021-10-19 07:45:01,13150.0,500.0,7787300.0
164,2021-10-19 07:45:01,13150.0,1000.0,7786800.0
165,2021-10-19 07:45:01,13150.0,3000.0,7785800.0
166,2021-10-19 07:45:01,13150.0,100.0,7782800.0
167,2021-10-19 07:45:01,13150.0,200.0,7782700.0
168,2021-10-19 07:45:01,13150.0,400.0,7782500.0
169,2021-10-19 07:45:01,13150.0,200.0,7782100.0
170,2021-10-19 07:45:01,13150.0,4000.0,7781900.0
171,2021-10-19 07:45:01,13150.0,500.0,7777900.0
172,2021-10-19 07:45:01,13150.0,100.0,7777400.0
173,2021-10-19 07:45:01,13150.0,100.0,7777300.0
174,2021-10-19 07:45:01,13150.0,8800.0,7777200.0
175,2021-10-19 07:45:01,13150.0,500.0,7768400.0
176,2021-10-19 07:29:55,13200.0,3000.0,7767900.0
177,2021-10-19 07:29:55,13200.0,1000.0,7764900.0
178,2021-10-19 07:29:55,13200.0,100.0,7763900.0
179,2021-10-19 07:29:54,13200.0,1000.0,7763800.0
180,2021-10-19 07:29:51,13200.0,500.0,7762800.0
181,2021-10-19 07:29:51,13200.0,2000.0,7762300.0
182,2021-10-19 07:29:50,13200.0,5000.0,7760300.0
183,2021-10-19 07:29:47,13200.0,200.0,7755300.0
184,2021-10-19 07:29:39,13200.0,200.0,7755100.0
185,2021-10-19 07:29:32,13200.0,500.0,7754900.0
186,2021-10-19 07:29:27,13200.0,200.0,7754400.0
187,2021-10-19 07:29:25,13200.0,2000.0,7754200.0
188,2021-10-19 07:29:25,13200.0,300.0,7752200.0
189,2021-10-19 07:29:23,13200.0,8200.0,7751900.0
190,2021-10-19 07:29:20,13200.0,300.0,7743700.0
191,2021-10-19 07:29:20,13200.0,500.0,7743400.0
192,2021-10-19 07:29:20,13200.0,1000.0,7742900.0
193,2021-10-19 07:29:09,13200.0,19000.0,7741900.0
194,2021-10-19 07:29:09,13200.0,5000.0,7722900.0
195,2021-10-19 07:29:07,13200.0,10000.0,7717900.0
196,2021-10-19 07:29:06,13200.0,300.0,7707900.0
197,2021-10-19 07:29:01,13200.0,800.0,7707600.0
198,2021-10-19 07:29:00,13200.0,1000.0,7706800.0
199,2021-10-19 07:28:59,13200.0,500.0,7705800.0
200,2021-10-19 07:28:48,13200.0,100.0,7705300.0
201,2021-10-19 07:28:48,13200.0,200.0,7705200.0
202,2021-10-19 07:28:46,13200.0,1000.0,7705000.0
203,2021-10-19 07:28:46,13200.0,1000.0,7704000.0
204,2021-10-19 07:28:46,13200.0,1100.0,7703000.0
205,2021-10-19 07:28:44,13200.0,1000.0,7701900.0
206,2021-10-19 07:28:38,13200.0,3400.0,7700900.0
207,2021-10-19 07:28:38,13200.0,12000.0,7697500.0
208,2021-10-19 07:28:38,13200.0,1000.0,7685500.0
209,2021-10-19 07:28:38,13200.0,4100.0,7684500.0
210,2021-10-19 07:28:38,13200.0,100.0,7680400.0
211,2021-10-19 07:28:38,13200.0,200.0,7680300.0
212,2021-10-19 07:28:38,13200.0,1500.0,7680100.0
213,2021-10-19 07:28:38,13200.0,20600.0,7678600.0
214,2021-10-19 07:28:34,13200.0,300.0,7658000.0
215,2021-10-19 07:28:33,13200.0,3000.0,7657700.0
216,2021-10-19 07:28:33,13200.0,1000.0,7654700.0
217,2021-10-19 07:28:22,13200.0,20000.0,7653700.0
218,2021-10-19 07:28:21,13200.0,100.0,7633700.0
219,2021-10-19 07:28:18,13200.0,300.0,7633600.0
220,2021-10-19 07:28:18,13200.0,1500.0,7633300.0
221,2021-10-19 07:28:15,13200.0,100000.0,7631800.0
222,2021-10-19 07:28:13,13200.0,5000.0,7531800.0
223,2021-10-19 07:27:49,13200.0,1000.0,7526800.0
224,2021-10-19 07:27:37,13150.0,100.0,7525800.0
225,2021-10-19 07:27:37,13150.0,2600.0,7525700.0
226,2021-10-19 07:27:37,13150.0,200.0,7523100.0
227,2021-10-19 07:27:37,13150.0,8100.0,7522900.0
228,2021-10-19 07:27:23,13200.0,300.0,7514800.0
229,2021-10-19 07:27:19,13200.0,100.0,7514500.0
230,2021-10-19 07:27:19,13200.0,1000.0,7514400.0
231,2021-10-19 07:27:12,13200.0,1000.0,7513400.0
232,2021-10-19 07:27:04,13200.0,500.0,7512400.0
233,2021-10-19 07:27:03,13200.0,4000.0,7511900.0
234,2021-10-19 07:26:58,13200.0,1000.0,7507900.0
235,2021-10-19 07:26:53,13200.0,1000.0,7506900.0
236,2021-10-19 07:26:43,13200.0,400.0,7505900.0
237,2021-10-19 07:26:33,13200.0,100.0,7505500.0
238,2021-10-19 07:26:30,13200.0,20000.0,7505400.0
239,2021-10-19 07:26:24,13200.0,500.0,7485400.0
240,2021-10-19 07:26:14,13200.0,1000.0,7484900.0
241,2021-10-19 07:26:10,13200.0,200.0,7483900.0
242,2021-10-19 07:26:03,13200.0,5000.0,7483700.0
243,2021-10-19 07:26:02,13200.0,100.0,7478700.0
244,2021-10-19 07:25:56,13200.0,500.0,7478600.0
245,2021-10-19 07:25:52,13200.0,200.0,7478100.0
246,2021-10-19 07:25:43,13200.0,1000.0,7477900.0
247,2021-10-19 07:25:42,13200.0,1000.0,7476900.0
248,2021-10-19 07:25:33,13200.0,600.0,7475900.0
249,2021-10-19 07:25:31,13200.0,100.0,7475300.0
250,2021-10-19 07:25:31,13200.0,500.0,7475200.0
251,2021-10-19 07:25:31,13200.0,400.0,7474700.0
252,2021-10-19 07:25:31,13200.0,3000.0,7474300.0
253,2021-10-19 07:25:31,13200.0,1200.0,7471300.0
254,2021-10-19 07:25:31,13200.0,300.0,7470100.0
255,2021-10-19 07:25:31,13200.0,2000.0,7469800.0
256,2021-10-19 07:25:31,13200.0,200.0,7467800.0
257,2021-10-19 07:25:29,13200.0,20000.0,7467600.0
258,2021-10-19 07:25:18,13200.0,100.0,7447600.0
259,2021-10-19 07:25:13,13200.0,2000.0,7447500.0
260,2021-10-19 07:24:51,13200.0,1000.0,7445500.0
261,2021-10-19 07:24:51,13200.0,5000.0,7444500.0
262,2021-10-19 07:24:51,13200.0,6300.0,7439500.0
263,2021-10-19 07:24:51,13200.0,100000.0,7433200.0
264,2021-10-19 07:24:51,13200.0,20000.0,7333200.0
265,2021-10-19 07:24:51,13200.0,500.0,7313200.0
266,2021-10-19 07:24:51,13200.0,1000.0,7312700.0
267,2021-10-19 07:24:51,13200.0,15000.0,7311700.0
268,2021-10-19 07:24:51,13200.0,200.0,7296700.0
269,2021-10-19 07:24:51,13200.0,2000.0,7296500.0
270,2021-10-19 07:24:51,13200.0,1500.0,7294500.0
271,2021-10-19 07:24:51,13200.0,200.0,7293000.0
272,2021-10-19 07:24:51,13200.0,100.0,7292800.0
273,2021-10-19 07:24:51,13200.0,200.0,7292700.0
274,2021-10-19 07:24:51,13200.0,500.0,7292500.0
275,2021-10-19 07:24:51,13200.0,8500.0,7292000.0
276,2021-10-19 07:24:51,13200.0,8800.0,7283500.0
277,2021-10-19 07:24:51,13200.0,6900.0,7274700.0
278,2021-10-19 07:24:40,13150.0,1000.0,7267800.0
279,2021-10-19 07:24:35,13150.0,500.0,7266800.0
280,2021-10-19 07:24:21,13150.0,200.0,7266300.0
281,2021-10-19 07:24:21,13200.0,2800.0,7266100.0
282,2021-10-19 07:24:21,13200.0,1000.0,7263300.0
283,2021-10-19 07:24:21,13200.0,200.0,7262300.0
284,2021-10-19 07:24:03,13150.0,2000.0,7262100.0
285,2021-10-19 07:24:00,13150.0,200.0,7260100.0
286,2021-10-19 07:24:00,13150.0,400.0,7259900.0
287,2021-10-19 07:23:44,13150.0,500.0,7259500.0
288,2021-10-19 07:23:37,13150.0,100.0,7259000.0
289,2021-10-19 07:23:11,13150.0,1000.0,7258900.0
290,2021-10-19 07:22:46,13150.0,6000.0,7257900.0
291,2021-10-19 07:22:46,13150.0,200.0,7251900.0
292,2021-10-19 07:22:46,13150.0,100.0,7251700.0
293,2021-10-19 07:22:46,13150.0,200.0,7251600.0
294,2021-10-19 07:22:46,13150.0,500.0,7251400.0
295,2021-10-19 07:22:46,13150.0,10000.0,7250900.0
296,2021-10-19 07:22:46,13150.0,1000.0,7240900.0
297,2021-10-19 07:22:46,13150.0,1000.0,7239900.0
298,2021-10-19 07:22:46,13150.0,300.0,7238900.0
299,2021-10-19 07:22:46,13150.0,700.0,7238600.0
300,2021-10-19 07:22:19,13150.0,100.0,7237900.0
301,2021-10-19 07:21:34,13150.0,100.0,7237800.0
302,2021-10-19 07:21:34,13150.0,200.0,7237700.0
303,2021-10-19 07:21:34,13150.0,200.0,7237500.0
304,2021-10-19 07:21:34,13150.0,1500.0,7237300.0
305,2021-10-19 07:21:24,13150.0,500.0,7235800.0
306,2021-10-19 07:21:24,13150.0,100.0,7235300.0
307,2021-10-19 07:21:24,13150.0,1300.0,7235200.0
308,2021-10-19 07:21:24,13150.0,1000.0,7233900.0
309,2021-10-19 07:21:24,13150.0,2100.0,7232900.0
310,2021-10-19 07:21:19,13150.0,900.0,7230800.0
311,2021-10-19 07:21:19,13150.0,1100.0,7229900.0
312,2021-10-19 07:21:17,13150.0,40000.0,7228800.0
313,2021-10-19 07:20:52,13150.0,78900.0,7188800.0
314,2021-10-19 07:20:52,13150.0,1100.0,7109900.0
315,2021-10-19 07:20:13,13150.0,2000.0,7108800.0
316,2021-10-19 07:20:10,13200.0,3000.0,7106800.0
317,2021-10-19 07:20:05,13200.0,500.0,7103800.0
318,2021-10-19 07:19:56,13150.0,1900.0,7103300.0
319,2021-10-19 07:19:56,13150.0,200.0,7101400.0
320,2021-10-19 07:19:56,13150.0,500.0,7101200.0
321,2021-10-19 07:19:56,13150.0,800.0,7100700.0
322,2021-10-19 07:19:52,13150.0,2000.0,7099900.0
323,2021-10-19 07:19:49,13200.0,500.0,7097900.0
324,2021-10-19 07:19:47,13200.0,500.0,7097400.0
325,2021-10-19 07:19:37,13200.0,800.0,7096900.0
326,2021-10-19 07:19:24,13200.0,100.0,7096100.0
327,2021-10-19 07:19:23,13200.0,500.0,7096000.0
328,2021-10-19 07:19:18,13200.0,2100.0,7095500.0
329,2021-10-19 07:19:18,13200.0,2000.0,7093400.0
330,2021-10-19 07:19:18,13200.0,4900.0,7091400.0
331,2021-10-19 07:19:16,13200.0,500.0,7086500.0
332,2021-10-19 07:19:15,13200.0,5000.0,7086000.0
333,2021-10-19 07:19:12,13200.0,2200.0,7081000.0
334,2021-10-19 07:19:12,13200.0,2800.0,7078800.0
335,2021-10-19 07:19:08,13200.0,100.0,7076000.0
336,2021-10-19 07:18:56,13200.0,100.0,7075900.0
337,2021-10-19 07:18:44,13200.0,500.0,7075800.0
338,2021-10-19 07:18:42,13200.0,5000.0,7075300.0
339,2021-10-19 07:18:42,13200.0,1000.0,7070300.0
340,2021-10-19 07:18:37,13200.0,100.0,7069300.0
341,2021-10-19 07:18:37,13200.0,1000.0,7069200.0
342,2021-10-19 07:18:37,13200.0,19400.0,7068200.0
343,2021-10-19 07:18:35,13200.0,2000.0,7048800.0
344,2021-10-19 07:18:25,13200.0,100.0,7046800.0
345,2021-10-19 07:18:25,13200.0,100.0,7046700.0
346,2021-10-19 07:18:25,13200.0,178400.0,7046600.0
347,2021-10-19 07:17:59,13150.0,2000.0,6868200.0
348,2021-10-19 07:17:57,13200.0,2000.0,6866200.0
349,2021-10-19 07:17:47,13200.0,200.0,6864200.0
350,2021-10-19 07:17:29,13200.0,200.0,6864000.0
351,2021-10-19 07:17:29,13200.0,1000.0,6863800.0
352,2021-10-19 07:17:29,13200.0,100.0,6862800.0
353,2021-10-19 07:17:29,13200.0,800.0,6862700.0
354,2021-10-19 07:17:29,13200.0,600.0,6861900.0
355,2021-10-19 07:17:29,13200.0,500.0,6861300.0
356,2021-10-19 07:17:29,13200.0,1000.0,6860800.0
357,2021-10-19 07:17:29,13200.0,10000.0,6859800.0
358,2021-10-19 07:17:29,13200.0,400.0,6849800.0
359,2021-10-19 07:17:29,13200.0,200.0,6849400.0
360,2021-10-19 07:17:29,13200.0,100.0,6849200.0
361,2021-10-19 07:17:29,13200.0,1000.0,6849100.0
362,2021-10-19 07:17:29,13200.0,1000.0,6848100.0
363,2021-10-19 07:17:29,13200.0,2500.0,6847100.0
364,2021-10-19 07:17:29,13200.0,200.0,6844600.0
365,2021-10-19 07:17:25,13200.0,100.0,6844400.0
366,2021-10-19 07:17:11,13200.0,13000.0,6844300.0
367,2021-10-19 07:16:32,13200.0,100.0,6831300.0
368,2021-10-19 07:16:29,13200.0,100.0,6831200.0
369,2021-10-19 07:16:28,13200.0,2700.0,6831100.0
370,2021-10-19 07:16:22,13200.0,5000.0,6828400.0
371,2021-10-19 07:16:16,13200.0,400.0,6823400.0
372,2021-10-19 07:16:14,13200.0,100.0,6823000.0
373,2021-10-19 07:16:03,13200.0,200.0,6822900.0
374,2021-10-19 07:15:49,13200.0,800.0,6822700.0
375,2021-10-19 07:15:43,13200.0,5000.0,6821900.0
376,2021-10-19 07:15:38,13200.0,200.0,6816900.0
377,2021-10-19 07:15:33,13200.0,1000.0,6816700.0
378,2021-10-19 07:15:31,13200.0,5000.0,6815700.0
379,2021-10-19 07:15:25,13200.0,2600.0,6810700.0
380,2021-10-19 07:15:17,13200.0,16000.0,6808100.0
381,2021-10-19 07:15:17,13200.0,2000.0,6792100.0
382,2021-10-19 07:15:17,13200.0,7200.0,6790100.0
383,2021-10-19 07:15:17,13200.0,1000.0,6782900.0
384,2021-10-19 07:15:17,13200.0,7600.0,6781900.0
385,2021-10-19 07:15:17,13200.0,500.0,6774300.0
386,2021-10-19 07:15:17,13200.0,1000.0,6773800.0
387,2021-10-19 07:15:17,13200.0,5000.0,6772800.0
388,2021-10-19 07:15:17,13200.0,1000.0,6767800.0
389,2021-10-19 07:15:17,13200.0,11000.0,6766800.0
390,2021-10-19 07:15:17,13200.0,200.0,6755800.0
391,2021-10-19 07:15:17,13200.0,5000.0,6755600.0
392,2021-10-19 07:15:17,13200.0,1900.0,6750600.0
393,2021-10-19 07:15:17,13200.0,200.0,6748700.0
394,2021-10-19 07:15:17,13200.0,1000.0,6748500.0
395,2021-10-19 07:15:17,13200.0,400.0,6747500.0
396,2021-10-19 07:14:50,13200.0,500.0,6747100.0
397,2021-10-19 07:14:40,13200.0,100.0,6746600.0
398,2021-10-19 07:14:33,13200.0,500.0,6746500.0
399,2021-10-19 07:14:22,13200.0,5000.0,6746000.0
400,2021-10-19 07:14:10,13200.0,100.0,6741000.0
401,2021-10-19 07:14:01,13150.0,200.0,6740900.0
402,2021-10-19 07:14:00,13200.0,100.0,6740700.0
403,2021-10-19 07:13:56,13200.0,500.0,6740600.0
404,2021-10-19 07:13:56,13200.0,1500.0,6740100.0
405,2021-10-19 07:13:50,13200.0,400.0,6738600.0
406,2021-10-19 07:13:42,13200.0,2000.0,6738200.0
407,2021-10-19 07:13:38,13200.0,2000.0,6736200.0
408,2021-10-19 07:13:29,13200.0,200.0,6734200.0
409,2021-10-19 07:13:26,13200.0,100.0,6734000.0
410,2021-10-19 07:13:26,13200.0,1000.0,6733900.0
411,2021-10-19 07:13:26,13200.0,1000.0,6732900.0
412,2021-10-19 07:13:26,13200.0,2000.0,6731900.0
413,2021-10-19 07:13:26,13200.0,5000.0,6729900.0
414,2021-10-19 07:13:26,13200.0,100.0,6724900.0
415,2021-10-19 07:13:26,13200.0,5000.0,6724800.0
416,2021-10-19 07:13:26,13200.0,100.0,6719800.0
417,2021-10-19 07:13:26,13200.0,10000.0,6719700.0
418,2021-10-19 07:13:26,13200.0,2000.0,6709700.0
419,2021-10-19 07:13:26,13200.0,100.0,6707700.0
420,2021-10-19 07:13:26,13200.0,400.0,6707600.0
421,2021-10-19 07:13:26,13200.0,100.0,6707200.0
422,2021-10-19 07:13:26,13200.0,100.0,6707100.0
423,2021-10-19 07:13:26,13200.0,2000.0,6707000.0
424,2021-10-19 07:13:26,13200.0,1900.0,6705000.0
425,2021-10-19 07:13:26,13200.0,13000.0,6703100.0
426,2021-10-19 07:13:12,13200.0,7000.0,6690100.0
427,2021-10-19 07:13:12,13200.0,900.0,6683100.0
428,2021-10-19 07:13:12,13200.0,100.0,6682200.0
429,2021-10-19 07:13:12,13200.0,300.0,6682100.0
430,2021-10-19 07:13:12,13200.0,5000.0,6681800.0
431,2021-10-19 07:13:12,13200.0,100.0,6676800.0
432,2021-10-19 07:13:12,13200.0,100.0,6676700.0
433,2021-10-19 07:13:12,13200.0,500.0,6676600.0
434,2021-10-19 07:13:12,13200.0,2000.0,6676100.0
435,2021-10-19 07:13:12,13200.0,5000.0,6674100.0
436,2021-10-19 07:13:12,13200.0,100.0,6669100.0
437,2021-10-19 07:13:12,13200.0,8900.0,6669000.0
438,2021-10-19 07:13:07,13200.0,1100.0,6660100.0
439,2021-10-19 07:13:07,13200.0,500.0,6659000.0
440,2021-10-19 07:13:07,13200.0,1500.0,6658500.0
441,2021-10-19 07:13:07,13200.0,500.0,6657000.0
442,2021-10-19 07:13:07,13200.0,500.0,6656500.0
443,2021-10-19 07:13:07,13200.0,1000.0,6656000.0
444,2021-10-19 07:13:07,13200.0,2000.0,6655000.0
445,2021-10-19 07:13:07,13200.0,3800.0,6653000.0
446,2021-10-19 07:13:07,13200.0,200.0,6649200.0
447,2021-10-19 07:13:07,13200.0,100.0,6649000.0
448,2021-10-19 07:13:07,13200.0,10000.0,6648900.0
449,2021-10-19 07:13:07,13200.0,500.0,6638900.0
450,2021-10-19 07:13:07,13200.0,800.0,6638400.0
451,2021-10-19 07:13:07,13200.0,2000.0,6637600.0
452,2021-10-19 07:13:07,13200.0,6000.0,6635600.0
453,2021-10-19 07:13:07,13200.0,1900.0,6629600.0
454,2021-10-19 07:13:07,13200.0,2000.0,6627700.0
455,2021-10-19 07:13:07,13200.0,26300.0,6625700.0
456,2021-10-19 07:13:07,13200.0,7000.0,6599400.0
457,2021-10-19 07:13:07,13200.0,500.0,6592400.0
458,2021-10-19 07:13:07,13200.0,20000.0,6591900.0
459,2021-10-19 07:13:07,13200.0,1500.0,6571900.0
460,2021-10-19 07:13:07,13200.0,800.0,6570400.0
461,2021-10-19 07:13:07,13200.0,500.0,6569600.0
462,2021-10-19 07:12:41,13200.0,100.0,6569100.0
463,2021-10-19 07:12:19,13250.0,200.0,6569000.0
464,2021-10-19 07:12:05,13250.0,400.0,6568800.0
465,2021-10-19 07:11:51,13200.0,400.0,6568400.0
466,2021-10-19 07:11:51,13200.0,200.0,6568000.0
467,2021-10-19 07:11:51,13200.0,200.0,6567800.0
468,2021-10-19 07:11:51,13200.0,700.0,6567600.0
469,2021-10-19 07:11:46,13200.0,1800.0,6566900.0
470,2021-10-19 07:11:33,13200.0,800.0,6565100.0
471,2021-10-19 07:11:28,13200.0,800.0,6564300.0
472,2021-10-19 07:11:21,13200.0,900.0,6563500.0
473,2021-10-19 07:11:21,13200.0,100.0,6562600.0
474,2021-10-19 07:11:21,13200.0,300.0,6562500.0
475,2021-10-19 07:11:21,13200.0,200.0,6562200.0
476,2021-10-19 07:11:21,13200.0,2000.0,6562000.0
477,2021-10-19 07:11:21,13200.0,100.0,6560000.0
478,2021-10-19 07:11:21,13200.0,100.0,6559900.0
479,2021-10-19 07:11:21,13200.0,500.0,6559800.0
480,2021-10-19 07:11:21,13200.0,800.0,6559300.0
481,2021-10-19 07:11:12,13200.0,200.0,6558500.0
482,2021-10-19 07:11:12,13200.0,1000.0,6558300.0
483,2021-10-19 07:11:12,13200.0,2800.0,6557300.0
484,2021-10-19 07:10:58,13200.0,7200.0,6554500.0
485,2021-10-19 07:10:58,13200.0,1000.0,6547300.0
486,2021-10-19 07:10:58,13200.0,200.0,6546300.0
487,2021-10-19 07:10:58,13200.0,200.0,6546100.0
488,2021-10-19 07:10:58,13200.0,500.0,6545900.0
489,2021-10-19 07:10:58,13200.0,10000.0,6545400.0
490,2021-10-19 07:10:58,13200.0,100.0,6535400.0
491,2021-10-19 07:10:58,13200.0,500.0,6535300.0
492,2021-10-19 07:10:58,13200.0,200.0,6534800.0
493,2021-10-19 07:10:58,13200.0,200.0,6534600.0
494,2021-10-19 07:10:58,13200.0,500.0,6534400.0
495,2021-10-19 07:10:58,13200.0,500.0,6533900.0
496,2021-10-19 07:10:58,13200.0,3500.0,6533400.0
497,2021-10-19 07:10:58,13200.0,400.0,6529900.0
498,2021-10-19 07:10:52,13250.0,3100.0,6529500.0
499,2021-10-19 07:10:46,13200.0,200.0,6526400.0
500,2021-10-19 07:10:46,13200.0,2000.0,6526200.0
501,2021-10-19 07:10:46,13200.0,200.0,6524200.0
502,2021-10-19 07:10:46,13200.0,500.0,6524000.0
503,2021-10-19 07:10:46,13200.0,800.0,6523500.0
504,2021-10-19 07:10:46,13200.0,100.0,6522700.0
505,2021-10-19 07:10:46,13200.0,1000.0,6522600.0
506,2021-10-19 07:10:46,13200.0,100.0,6521600.0
507,2021-10-19 07:10:46,13200.0,100.0,6521500.0
508,2021-10-19 07:10:46,13200.0,1900.0,6521400.0
509,2021-10-19 07:10:46,13200.0,2500.0,6519500.0
510,2021-10-19 07:10:46,13200.0,1000.0,6517000.0
511,2021-10-19 07:10:46,13200.0,1000.0,6516000.0
512,2021-10-19 07:10:46,13200.0,500.0,6515000.0
513,2021-10-19 07:10:46,13200.0,2000.0,6514500.0
514,2021-10-19 07:10:46,13200.0,5000.0,6512500.0
515,2021-10-19 07:10:46,13200.0,500.0,6507500.0
516,2021-10-19 07:10:46,13200.0,3100.0,6507000.0
517,2021-10-19 07:10:46,13200.0,1600.0,6503900.0
518,2021-10-19 07:10:46,13200.0,200.0,6502300.0
519,2021-10-19 07:10:46,13200.0,200.0,6502100.0
520,2021-10-19 07:10:46,13200.0,100.0,6501900.0
521,2021-10-19 07:10:46,13200.0,20000.0,6501800.0
522,2021-10-19 07:10:46,13200.0,200.0,6481800.0
523,2021-10-19 07:10:46,13200.0,3000.0,6481600.0
524,2021-10-19 07:10:46,13200.0,100.0,6478600.0
525,2021-10-19 07:10:46,13200.0,200.0,6478500.0
526,2021-10-19 07:10:46,13200.0,1000.0,6478300.0
527,2021-10-19 07:10:46,13200.0,200.0,6477300.0
528,2021-10-19 07:10:46,13200.0,5700.0,6477100.0
529,2021-10-19 07:10:28,13200.0,1000.0,6471400.0
530,2021-10-19 07:10:09,13200.0,10000.0,6470400.0
531,2021-10-19 07:10:06,13200.0,5000.0,6460400.0
532,2021-10-19 07:09:57,13250.0,100.0,6455400.0
533,2021-10-19 07:09:49,13200.0,10000.0,6455300.0
534,2021-10-19 07:09:38,13200.0,5000.0,6445300.0
535,2021-10-19 07:09:28,13250.0,3000.0,6440300.0
536,2021-10-19 07:09:07,13250.0,2000.0,6437300.0
537,2021-10-19 07:08:58,13250.0,10000.0,6435300.0
538,2021-10-19 07:08:32,13250.0,200.0,6425300.0
539,2021-10-19 07:08:27,13250.0,300.0,6425100.0
540,2021-10-19 07:07:56,13250.0,100.0,6424800.0
541,2021-10-19 07:07:47,13250.0,3100.0,6424700.0
542,2021-10-19 07:07:35,13250.0,200.0,6421600.0
543,2021-10-19 07:06:52,13250.0,300.0,6421400.0
544,2021-10-19 07:06:31,13250.0,100.0,6421100.0
545,2021-10-19 07:05:50,13250.0,100.0,6421000.0
546,2021-10-19 07:05:29,13250.0,100.0,6420900.0
547,2021-10-19 07:05:20,13200.0,500.0,6420800.0
548,2021-10-19 07:05:05,13200.0,1000.0,6420300.0
549,2021-10-19 07:04:48,13200.0,30000.0,6419300.0
550,2021-10-19 07:04:24,13250.0,2000.0,6389300.0
551,2021-10-19 07:04:18,13250.0,1200.0,6387300.0
552,2021-10-19 07:04:15,13250.0,1000.0,6386100.0
553,2021-10-19 07:04:15,13250.0,8300.0,6385100.0
554,2021-10-19 07:04:15,13250.0,1700.0,6376800.0
555,2021-10-19 07:03:55,13250.0,200.0,6375100.0
556,2021-10-19 07:03:54,13250.0,200.0,6374900.0
557,2021-10-19 07:03:54,13250.0,1000.0,6374700.0
558,2021-10-19 07:03:38,13250.0,3000.0,6373700.0
559,2021-10-19 07:03:24,13250.0,200.0,6370700.0
560,2021-10-19 07:03:06,13250.0,10000.0,6370500.0
561,2021-10-19 07:02:42,13200.0,1000.0,6360500.0
562,2021-10-19 07:02:39,13200.0,1900.0,6359500.0
563,2021-10-19 07:02:10,13200.0,1300.0,6357600.0
564,2021-10-19 07:01:51,13200.0,800.0,6356300.0
565,2021-10-19 07:01:42,13200.0,5000.0,6355500.0
566,2021-10-19 07:01:14,13200.0,300.0,6350500.0
567,2021-10-19 07:00:42,13200.0,1700.0,6350200.0
568,2021-10-19 07:00:23,13250.0,3700.0,6348500.0
569,2021-10-19 07:00:23,13250.0,100.0,6344800.0
570,2021-10-19 07:00:23,13250.0,5000.0,6344700.0
571,2021-10-19 07:00:23,13250.0,1000.0,6339700.0
572,2021-10-19 07:00:23,13250.0,200.0,6338700.0
573,2021-10-19 07:00:21,13250.0,1000.0,6338500.0
574,2021-10-19 07:00:21,13250.0,1000.0,6337500.0
575,2021-10-19 07:00:06,13200.0,300.0,6336500.0
576,2021-10-19 07:00:03,13250.0,5000.0,6336200.0
577,2021-10-19 06:58:49,13250.0,3800.0,6331200.0
578,2021-10-19 06:58:49,13250.0,1000.0,6327400.0
579,2021-10-19 06:58:49,13250.0,200.0,6326400.0
580,2021-10-19 06:58:18,13250.0,100.0,6326200.0
581,2021-10-19 06:58:18,13250.0,1900.0,6326100.0
582,2021-10-19 06:57:32,13200.0,200.0,6324200.0
583,2021-10-19 06:57:26,13200.0,600.0,6324000.0
584,2021-10-19 06:57:15,13200.0,2000.0,6323400.0
585,2021-10-19 06:57:10,13200.0,10000.0,6321400.0
586,2021-10-19 06:56:55,13200.0,1500.0,6311400.0
587,2021-10-19 06:56:38,13200.0,5200.0,6309900.0
588,2021-10-19 06:56:38,13200.0,4800.0,6304700.0
589,2021-10-19 06:56:31,13200.0,2000.0,6299900.0
590,2021-10-19 06:56:22,13200.0,3200.0,6297900.0
591,2021-10-19 06:56:22,13200.0,2000.0,6294700.0
592,2021-10-19 06:56:22,13200.0,100.0,6292700.0
593,2021-10-19 06:56:22,13200.0,100.0,6292600.0
594,2021-10-19 06:56:22,13200.0,8200.0,6292500.0
595,2021-10-19 06:55:10,13200.0,300.0,6284300.0
596,2021-10-19 06:55:03,13250.0,500.0,6284000.0
597,2021-10-19 06:54:52,13200.0,100.0,6283500.0
598,2021-10-19 06:54:30,13200.0,1400.0,6283400.0
599,2021-10-19 06:54:30,13200.0,200.0,6282000.0
600,2021-10-19 06:53:57,13200.0,300.0,6281800.0
601,2021-10-19 06:53:51,13200.0,900.0,6281500.0
602,2021-10-19 06:53:51,13200.0,800.0,6280600.0
603,2021-10-19 06:53:51,13200.0,300.0,6279800.0
604,2021-10-19 06:53:51,13200.0,11600.0,6279500.0
605,2021-10-19 06:53:47,13200.0,2000.0,6267900.0
606,2021-10-19 06:53:45,13200.0,100.0,6265900.0
607,2021-10-19 06:53:44,13200.0,1000.0,6265800.0
608,2021-10-19 06:53:42,13200.0,3500.0,6264800.0
609,2021-10-19 06:53:41,13200.0,500.0,6261300.0
610,2021-10-19 06:53:32,13200.0,1300.0,6260800.0
611,2021-10-19 06:53:32,13200.0,1000.0,6259500.0
612,2021-10-19 06:53:32,13200.0,500.0,6258500.0
613,2021-10-19 06:53:32,13200.0,1000.0,6258000.0
614,2021-10-19 06:53:32,13200.0,1000.0,6257000.0
615,2021-10-19 06:53:32,13200.0,20200.0,6256000.0
616,2021-10-19 06:53:15,13200.0,10000.0,6235800.0
617,2021-10-19 06:53:07,13200.0,10000.0,6225800.0
618,2021-10-19 06:52:50,13200.0,4800.0,6215800.0
619,2021-10-19 06:52:50,13200.0,100.0,6211000.0
620,2021-10-19 06:52:50,13200.0,1000.0,6210900.0
621,2021-10-19 06:52:50,13200.0,100.0,6209900.0
622,2021-10-19 06:52:50,13200.0,600.0,6209800.0
623,2021-10-19 06:52:50,13200.0,3400.0,6209200.0
624,2021-10-19 06:52:46,13200.0,100.0,6205800.0
625,2021-10-19 06:52:40,13200.0,1000.0,6205700.0
626,2021-10-19 06:52:29,13200.0,300.0,6204700.0
627,2021-10-19 06:52:29,13200.0,200.0,6204400.0
628,2021-10-19 06:52:23,13200.0,10000.0,6204200.0
629,2021-10-19 06:52:23,13200.0,5000.0,6194200.0
630,2021-10-19 06:52:23,13200.0,1000.0,6189200.0
631,2021-10-19 06:52:23,13200.0,400.0,6188200.0
632,2021-10-19 06:52:23,13200.0,3600.0,6187800.0
633,2021-10-19 06:52:17,13200.0,300.0,6184200.0
634,2021-10-19 06:52:17,13200.0,1700.0,6183900.0
635,2021-10-19 06:52:17,13200.0,500.0,6182200.0
636,2021-10-19 06:52:12,13200.0,500.0,6181700.0
637,2021-10-19 06:52:04,13200.0,100.0,6181200.0
638,2021-10-19 06:51:59,13200.0,2200.0,6181100.0
639,2021-10-19 06:51:59,13200.0,1000.0,6178900.0
640,2021-10-19 06:51:59,13200.0,800.0,6177900.0
641,2021-10-19 06:51:53,13200.0,1200.0,6177100.0
642,2021-10-19 06:51:53,13200.0,1000.0,6175900.0
643,2021-10-19 06:51:53,13200.0,2800.0,6174900.0
644,2021-10-19 06:51:42,13200.0,5000.0,6172100.0
645,2021-10-19 06:51:35,13200.0,5000.0,6167100.0
646,2021-10-19 06:51:28,13200.0,100.0,6162100.0
647,2021-10-19 06:51:25,13200.0,500.0,6162000.0
648,2021-10-19 06:51:12,13200.0,100.0,6161500.0
649,2021-10-19 06:51:10,13200.0,5000.0,6161400.0
650,2021-10-19 06:51:06,13200.0,1600.0,6156400.0
651,2021-10-19 06:51:04,13200.0,1000.0,6154800.0
652,2021-10-19 06:51:04,13200.0,10000.0,6153800.0
653,2021-10-19 06:51:04,13200.0,2000.0,6143800.0
654,2021-10-19 06:51:04,13200.0,1300.0,6141800.0
655,2021-10-19 06:51:04,13200.0,500.0,6140500.0
656,2021-10-19 06:51:04,13200.0,500.0,6140000.0
657,2021-10-19 06:51:04,13200.0,500.0,6139500.0
658,2021-10-19 06:51:04,13200.0,200.0,6139000.0
659,2021-10-19 06:51:04,13200.0,20000.0,6138800.0
660,2021-10-19 06:51:04,13200.0,200.0,6118800.0
661,2021-10-19 06:51:04,13200.0,2400.0,6118600.0
662,2021-10-19 06:51:04,13200.0,3000.0,6116200.0
663,2021-10-19 06:51:04,13200.0,1000.0,6113200.0
664,2021-10-19 06:51:04,13200.0,700.0,6112200.0
665,2021-10-19 06:51:04,13200.0,5000.0,6111500.0
666,2021-10-19 06:51:04,13200.0,1600.0,6106500.0
667,2021-10-19 06:51:04,13200.0,400.0,6104900.0
668,2021-10-19 06:51:04,13200.0,1000.0,6104500.0
669,2021-10-19 06:51:04,13200.0,1600.0,6103500.0
670,2021-10-19 06:51:02,13200.0,400.0,6101900.0
671,2021-10-19 06:50:49,13200.0,100.0,6101500.0
672,2021-10-19 06:50:48,13200.0,10000.0,6101400.0
673,2021-10-19 06:50:41,13200.0,8000.0,6091400.0
674,2021-10-19 06:50:39,13200.0,4500.0,6083400.0
675,2021-10-19 06:50:38,13200.0,5000.0,6078900.0
676,2021-10-19 06:50:38,13200.0,1000.0,6073900.0
677,2021-10-19 06:50:26,13200.0,600.0,6072900.0
678,2021-10-19 06:50:17,13200.0,2600.0,6072300.0
679,2021-10-19 06:50:17,13200.0,400.0,6069700.0
680,2021-10-19 06:50:17,13200.0,800.0,6069300.0
681,2021-10-19 06:50:17,13200.0,500.0,6068500.0
682,2021-10-19 06:50:17,13200.0,100.0,6068000.0
683,2021-10-19 06:50:17,13200.0,1500.0,6067900.0
684,2021-10-19 06:50:17,13200.0,500.0,6066400.0
685,2021-10-19 06:50:17,13200.0,100.0,6065900.0
686,2021-10-19 06:50:17,13200.0,500.0,6065800.0
687,2021-10-19 06:50:17,13200.0,600.0,6065300.0
688,2021-10-19 06:50:17,13200.0,900.0,6064700.0
689,2021-10-19 06:50:17,13200.0,1000.0,6063800.0
690,2021-10-19 06:50:17,13200.0,500.0,6062800.0
691,2021-10-19 06:50:17,13200.0,500.0,6062300.0
692,2021-10-19 06:50:17,13200.0,300.0,6061800.0
693,2021-10-19 06:50:17,13200.0,300.0,6061500.0
694,2021-10-19 06:50:17,13200.0,1000.0,6061200.0
695,2021-10-19 06:50:17,13200.0,1000.0,6060200.0
696,2021-10-19 06:50:17,13200.0,1100.0,6059200.0
697,2021-10-19 06:50:17,13200.0,1000.0,6058100.0
698,2021-10-19 06:50:17,13200.0,3000.0,6057100.0
699,2021-10-19 06:50:17,13200.0,100.0,6054100.0
700,2021-10-19 06:50:17,13200.0,1000.0,6054000.0
701,2021-10-19 06:50:17,13200.0,1000.0,6053000.0
702,2021-10-19 06:50:17,13200.0,100.0,6052000.0
703,2021-10-19 06:50:17,13200.0,3000.0,6051900.0
704,2021-10-19 06:50:17,13200.0,100.0,6048900.0
705,2021-10-19 06:50:17,13200.0,500.0,6048800.0
706,2021-10-19 06:50:17,13200.0,1000.0,6048300.0
707,2021-10-19 06:50:17,13200.0,300.0,6047300.0
708,2021-10-19 06:50:17,13200.0,500.0,6047000.0
709,2021-10-19 06:50:17,13200.0,400.0,6046500.0
710,2021-10-19 06:50:17,13200.0,300.0,6046100.0
711,2021-10-19 06:50:17,13200.0,3500.0,6045800.0
712,2021-10-19 06:50:14,13200.0,300.0,6042300.0
713,2021-10-19 06:50:10,13200.0,3200.0,6042000.0
714,2021-10-19 06:50:10,13200.0,100.0,6038800.0
715,2021-10-19 06:50:10,13200.0,5000.0,6038700.0
716,2021-10-19 06:50:10,13200.0,500.0,6033700.0
717,2021-10-19 06:50:10,13200.0,300.0,6033200.0
718,2021-10-19 06:50:10,13200.0,2000.0,6032900.0
719,2021-10-19 06:50:10,13200.0,600.0,6030900.0
720,2021-10-19 06:50:10,13200.0,200.0,6030300.0
721,2021-10-19 06:50:10,13200.0,1000.0,6030100.0
722,2021-10-19 06:50:10,13200.0,20000.0,6029100.0
723,2021-10-19 06:50:10,13200.0,100.0,6009100.0
724,2021-10-19 06:50:10,13200.0,3300.0,6009000.0
725,2021-10-19 06:50:10,13200.0,300.0,6005700.0
726,2021-10-19 06:50:10,13200.0,100.0,6005400.0
727,2021-10-19 06:50:10,13200.0,500.0,6005300.0
728,2021-10-19 06:50:10,13200.0,1800.0,6004800.0
729,2021-10-19 06:50:10,13200.0,300.0,6003000.0
730,2021-10-19 06:50:10,13200.0,100.0,6002700.0
731,2021-10-19 06:50:10,13200.0,100.0,6002600.0
732,2021-10-19 06:50:10,13200.0,300.0,6002500.0
733,2021-10-19 06:50:10,13200.0,200.0,6002200.0
734,2021-10-19 06:50:10,13200.0,2000.0,6002000.0
735,2021-10-19 06:50:10,13200.0,400.0,6000000.0
736,2021-10-19 06:50:10,13200.0,200.0,5999600.0
737,2021-10-19 06:50:10,13200.0,100.0,5999400.0
738,2021-10-19 06:50:10,13200.0,2000.0,5999300.0
739,2021-10-19 06:50:10,13200.0,300.0,5997300.0
740,2021-10-19 06:50:10,13200.0,100.0,5997000.0
741,2021-10-19 06:50:10,13200.0,300.0,5996900.0
742,2021-10-19 06:50:10,13200.0,100.0,5996600.0
743,2021-10-19 06:50:10,13200.0,1000.0,5996500.0
744,2021-10-19 06:50:10,13200.0,200.0,5995500.0
745,2021-10-19 06:50:10,13200.0,1000.0,5995300.0
746,2021-10-19 06:50:10,13200.0,2000.0,5994300.0
747,2021-10-19 06:50:10,13200.0,300.0,5992300.0
748,2021-10-19 06:50:06,13250.0,600.0,5992000.0
749,2021-10-19 06:50:03,13200.0,500.0,5991400.0
750,2021-10-19 06:50:00,13200.0,2200.0,5990900.0
751,2021-10-19 06:50:00,13200.0,700.0,5988700.0
752,2021-10-19 06:50:00,13200.0,200.0,5988000.0
753,2021-10-19 06:50:00,13200.0,1000.0,5987800.0
754,2021-10-19 06:50:00,13200.0,1300.0,5986800.0
755,2021-10-19 06:50:00,13200.0,1600.0,5985500.0
756,2021-10-19 06:49:59,13200.0,2000.0,5983900.0
757,2021-10-19 06:49:47,13200.0,4100.0,5981900.0
758,2021-10-19 06:49:43,13200.0,6500.0,5977800.0
759,2021-10-19 06:49:43,13200.0,500.0,5971300.0
760,2021-10-19 06:49:43,13200.0,300.0,5970800.0
761,2021-10-19 06:49:43,13200.0,200.0,5970500.0
762,2021-10-19 06:49:43,13200.0,300.0,5970300.0
763,2021-10-19 06:49:43,13200.0,100000.0,5970000.0
764,2021-10-19 06:49:43,13200.0,800.0,5870000.0
765,2021-10-19 06:49:43,13200.0,200.0,5869200.0
766,2021-10-19 06:49:43,13200.0,300.0,5869000.0
767,2021-10-19 06:49:43,13200.0,400.0,5868700.0
768,2021-10-19 06:49:43,13200.0,200.0,5868300.0
769,2021-10-19 06:49:43,13200.0,2000.0,5868100.0
770,2021-10-19 06:49:43,13200.0,500.0,5866100.0
771,2021-10-19 06:49:43,13200.0,200.0,5865600.0
772,2021-10-19 06:49:43,13200.0,500.0,5865400.0
773,2021-10-19 06:49:43,13200.0,200.0,5864900.0
774,2021-10-19 06:49:43,13200.0,3000.0,5864700.0
775,2021-10-19 06:49:43,13200.0,1000.0,5861700.0
776,2021-10-19 06:49:43,13200.0,400.0,5860700.0
777,2021-10-19 06:49:43,13200.0,200.0,5860300.0
778,2021-10-19 06:49:43,13200.0,400.0,5860100.0
779,2021-10-19 06:49:43,13200.0,500.0,5859700.0
780,2021-10-19 06:49:43,13200.0,2000.0,5859200.0
781,2021-10-19 06:49:43,13200.0,100.0,5857200.0
782,2021-10-19 06:49:43,13200.0,300.0,5857100.0
783,2021-10-19 06:49:43,13200.0,500.0,5856800.0
784,2021-10-19 06:49:43,13200.0,2000.0,5856300.0
785,2021-10-19 06:49:43,13200.0,3000.0,5854300.0
786,2021-10-19 06:49:43,13200.0,200.0,5851300.0
787,2021-10-19 06:49:43,13200.0,1000.0,5851100.0
788,2021-10-19 06:49:43,13200.0,500.0,5850100.0
789,2021-10-19 06:49:43,13200.0,200.0,5849600.0
790,2021-10-19 06:49:43,13200.0,200.0,5849400.0
791,2021-10-19 06:49:43,13200.0,1000.0,5849200.0
792,2021-10-19 06:49:43,13200.0,200.0,5848200.0
793,2021-10-19 06:49:43,13200.0,2000.0,5848000.0
794,2021-10-19 06:49:43,13200.0,2300.0,5846000.0
795,2021-10-19 06:49:43,13200.0,100.0,5843700.0
796,2021-10-19 06:49:43,13200.0,1800.0,5843600.0
797,2021-10-19 06:49:43,13200.0,500.0,5841800.0
798,2021-10-19 06:49:43,13200.0,30000.0,5841300.0
799,2021-10-19 06:49:43,13200.0,200.0,5811300.0
800,2021-10-19 06:49:43,13200.0,500.0,5811100.0
801,2021-10-19 06:49:43,13200.0,100.0,5810600.0
802,2021-10-19 06:49:43,13200.0,200.0,5810500.0
803,2021-10-19 06:49:43,13200.0,400.0,5810300.0
804,2021-10-19 06:49:43,13200.0,5000.0,5809900.0
805,2021-10-19 06:49:43,13200.0,200.0,5804900.0
806,2021-10-19 06:49:43,13200.0,1000.0,5804700.0
807,2021-10-19 06:49:43,13200.0,2000.0,5803700.0
808,2021-10-19 06:49:43,13200.0,4800.0,5801700.0
809,2021-10-19 06:49:43,13200.0,400.0,5796900.0
810,2021-10-19 06:49:43,13200.0,2000.0,5796500.0
811,2021-10-19 06:49:43,13200.0,500.0,5794500.0
812,2021-10-19 06:49:43,13200.0,100.0,5794000.0
813,2021-10-19 06:49:43,13200.0,200.0,5793900.0
814,2021-10-19 06:49:43,13200.0,500.0,5793700.0
815,2021-10-19 06:49:43,13200.0,400.0,5793200.0
816,2021-10-19 06:49:43,13200.0,1500.0,5792800.0
817,2021-10-19 06:49:43,13200.0,200.0,5791300.0
818,2021-10-19 06:49:43,13200.0,1000.0,5791100.0
819,2021-10-19 06:49:43,13200.0,2000.0,5790100.0
820,2021-10-19 06:49:43,13200.0,100.0,5788100.0
821,2021-10-19 06:49:43,13200.0,1000.0,5788000.0
822,2021-10-19 06:49:43,13200.0,500.0,5787000.0
823,2021-10-19 06:49:43,13200.0,2000.0,5786500.0
824,2021-10-19 06:49:43,13200.0,2000.0,5784500.0
825,2021-10-19 06:49:43,13200.0,800.0,5782500.0
826,2021-10-19 06:49:43,13200.0,3900.0,5781700.0
827,2021-10-19 06:49:42,13200.0,1900.0,5777800.0
828,2021-10-19 06:49:38,13200.0,500.0,5775900.0
829,2021-10-19 06:49:31,13200.0,500.0,5775400.0
830,2021-10-19 06:49:31,13200.0,4000.0,5774900.0
831,2021-10-19 06:49:18,13200.0,500.0,5770900.0
832,2021-10-19 06:49:17,13200.0,100.0,5770400.0
833,2021-10-19 06:49:15,13200.0,10600.0,5770300.0
834,2021-10-19 06:49:15,13200.0,1000.0,5759700.0
835,2021-10-19 06:49:15,13200.0,2000.0,5758700.0
836,2021-10-19 06:49:15,13200.0,1000.0,5756700.0
837,2021-10-19 06:49:15,13200.0,3000.0,5755700.0
838,2021-10-19 06:49:15,13200.0,100.0,5752700.0
839,2021-10-19 06:49:15,13200.0,1000.0,5752600.0
840,2021-10-19 06:49:15,13200.0,100.0,5751600.0
841,2021-10-19 06:49:15,13200.0,3000.0,5751500.0
842,2021-10-19 06:49:15,13200.0,60000.0,5748500.0
843,2021-10-19 06:49:15,13200.0,300.0,5688500.0
844,2021-10-19 06:49:15,13200.0,3000.0,5688200.0
845,2021-10-19 06:49:15,13200.0,1300.0,5685200.0
846,2021-10-19 06:49:15,13200.0,5600.0,5683900.0
847,2021-10-19 06:49:15,13200.0,100.0,5678300.0
848,2021-10-19 06:49:15,13200.0,4000.0,5678200.0
849,2021-10-19 06:49:15,13200.0,100.0,5674200.0
850,2021-10-19 06:49:15,13200.0,300.0,5674100.0
851,2021-10-19 06:49:15,13200.0,1000.0,5673800.0
852,2021-10-19 06:49:15,13200.0,1000.0,5672800.0
853,2021-10-19 06:49:15,13200.0,1500.0,5671800.0
854,2021-10-19 06:49:09,13200.0,6000.0,5670300.0
855,2021-10-19 06:48:40,13250.0,100.0,5664300.0
856,2021-10-19 06:48:29,13250.0,100.0,5664200.0
857,2021-10-19 06:47:55,13250.0,100.0,5664100.0
858,2021-10-19 06:47:54,13200.0,5000.0,5664000.0
859,2021-10-19 06:47:39,13250.0,2000.0,5659000.0
860,2021-10-19 06:47:34,13250.0,3000.0,5657000.0
861,2021-10-19 06:47:34,13250.0,1000.0,5654000.0
862,2021-10-19 06:47:34,13250.0,12600.0,5653000.0
863,2021-10-19 06:47:16,13250.0,1000.0,5640400.0
864,2021-10-19 06:47:15,13250.0,500.0,5639400.0
865,2021-10-19 06:47:09,13250.0,5900.0,5638900.0
866,2021-10-19 06:47:07,13250.0,300.0,5633000.0
867,2021-10-19 06:47:07,13250.0,3800.0,5632700.0
868,2021-10-19 06:46:55,13250.0,200.0,5628900.0
869,2021-10-19 06:46:45,13250.0,6000.0,5628700.0
870,2021-10-19 06:46:37,13250.0,200.0,5622700.0
871,2021-10-19 06:46:35,13250.0,300.0,5622500.0
872,2021-10-19 06:46:34,13250.0,200.0,5622200.0
873,2021-10-19 06:46:30,13250.0,100.0,5622000.0
874,2021-10-19 06:46:21,13250.0,1000.0,5621900.0
875,2021-10-19 06:46:18,13250.0,400.0,5620900.0
876,2021-10-19 06:46:14,13300.0,400.0,5620500.0
877,2021-10-19 06:46:12,13250.0,500.0,5620100.0
878,2021-10-19 06:46:04,13250.0,200.0,5619600.0
879,2021-10-19 06:46:04,13250.0,1000.0,5619400.0
880,2021-10-19 06:46:04,13250.0,4900.0,5618400.0
881,2021-10-19 06:45:57,13250.0,100.0,5613500.0
882,2021-10-19 06:45:49,13250.0,300.0,5613400.0
883,2021-10-19 06:45:49,13250.0,2000.0,5613100.0
884,2021-10-19 06:45:49,13250.0,500.0,5611100.0
885,2021-10-19 06:45:49,13250.0,100.0,5610600.0
886,2021-10-19 06:45:49,13250.0,200.0,5610500.0
887,2021-10-19 06:45:49,13250.0,1000.0,5610300.0
888,2021-10-19 06:45:49,13250.0,500.0,5609300.0
889,2021-10-19 06:45:49,13250.0,500.0,5608800.0
890,2021-10-19 06:45:49,13250.0,1000.0,5608300.0
891,2021-10-19 06:45:49,13250.0,1000.0,5607300.0
892,2021-10-19 06:45:49,13250.0,500.0,5606300.0
893,2021-10-19 06:45:49,13250.0,200.0,5605800.0
894,2021-10-19 06:45:49,13250.0,2200.0,5605600.0
895,2021-10-19 06:45:47,13250.0,1000.0,5603400.0
896,2021-10-19 06:45:44,13250.0,1000.0,5602400.0
897,2021-10-19 06:45:37,13250.0,2800.0,5601400.0
898,2021-10-19 06:45:24,13250.0,3000.0,5598600.0
899,2021-10-19 06:45:17,13250.0,1700.0,5595600.0
900,2021-10-19 06:45:16,13250.0,8300.0,5593900.0
901,2021-10-19 06:45:16,13250.0,100.0,5585600.0
902,2021-10-19 06:45:16,13250.0,800.0,5585500.0
903,2021-10-19 06:45:16,13250.0,300.0,5584700.0
904,2021-10-19 06:45:16,13250.0,300.0,5584400.0
905,2021-10-19 06:45:16,13250.0,200.0,5584100.0
906,2021-10-19 06:45:11,13300.0,500.0,5583900.0
907,2021-10-19 06:44:57,13250.0,1500.0,5583400.0
908,2021-10-19 06:44:32,13250.0,1000.0,5581900.0
909,2021-10-19 06:44:21,13250.0,1200.0,5580900.0
910,2021-10-19 06:43:34,13250.0,1100.0,5579700.0
911,2021-10-19 06:43:34,13250.0,1100.0,5578600.0
912,2021-10-19 06:43:34,13250.0,800.0,5577500.0
913,2021-10-19 06:43:32,13250.0,700.0,5576700.0
914,2021-10-19 06:43:32,13250.0,300.0,5576000.0
915,2021-10-19 06:43:11,13300.0,100.0,5575700.0
916,2021-10-19 06:43:06,13250.0,400.0,5575600.0
917,2021-10-19 06:42:49,13250.0,300.0,5575200.0
918,2021-10-19 06:42:15,13300.0,800.0,5574900.0
919,2021-10-19 06:42:09,13300.0,8100.0,5574100.0
920,2021-10-19 06:42:09,13250.0,300.0,5566000.0
921,2021-10-19 06:42:09,13250.0,3000.0,5565700.0
922,2021-10-19 06:42:09,13250.0,200.0,5562700.0
923,2021-10-19 06:42:09,13250.0,1000.0,5562500.0
924,2021-10-19 06:42:09,13250.0,7400.0,5561500.0
925,2021-10-19 06:42:01,13250.0,300.0,5554100.0
926,2021-10-19 06:41:56,13250.0,1000.0,5553800.0
927,2021-10-19 06:41:53,13250.0,600.0,5552800.0
928,2021-10-19 06:41:48,13250.0,200.0,5552200.0
929,2021-10-19 06:41:42,13250.0,300.0,5552000.0
930,2021-10-19 06:41:25,13250.0,300.0,5551700.0
931,2021-10-19 06:41:21,13250.0,600.0,5551400.0
932,2021-10-19 06:40:58,13250.0,1000.0,5550800.0
933,2021-10-19 06:40:58,13250.0,2000.0,5549800.0
934,2021-10-19 06:40:21,13200.0,300.0,5547800.0
935,2021-10-19 06:40:16,13250.0,100.0,5547500.0
936,2021-10-19 06:40:09,13250.0,2000.0,5547400.0
937,2021-10-19 06:40:09,13250.0,14200.0,5545400.0
938,2021-10-19 06:39:58,13250.0,5000.0,5531200.0
939,2021-10-19 06:39:58,13250.0,1000.0,5526200.0
940,2021-10-19 06:39:58,13250.0,200.0,5525200.0
941,2021-10-19 06:39:58,13250.0,1000.0,5525000.0
942,2021-10-19 06:39:58,13250.0,600.0,5524000.0
943,2021-10-19 06:39:30,13250.0,500.0,5523400.0
944,2021-10-19 06:39:23,13200.0,300.0,5522900.0
945,2021-10-19 06:39:07,13250.0,100.0,5522600.0
946,2021-10-19 06:38:34,13200.0,500.0,5522500.0
947,2021-10-19 06:38:33,13200.0,200.0,5522000.0
948,2021-10-19 06:37:55,13250.0,500.0,5521800.0
949,2021-10-19 06:37:43,13250.0,100.0,5521300.0
950,2021-10-19 06:37:43,13250.0,1000.0,5521200.0
951,2021-10-19 06:37:43,13250.0,100.0,5520200.0
952,2021-10-19 06:37:43,13250.0,100.0,5520100.0
953,2021-10-19 06:37:43,13250.0,1000.0,5520000.0
954,2021-10-19 06:37:43,13250.0,600.0,5519000.0
955,2021-10-19 06:37:09,13250.0,500.0,5518400.0
956,2021-10-19 06:37:03,13250.0,100.0,5517900.0
957,2021-10-19 06:36:54,13250.0,4300.0,5517800.0
958,2021-10-19 06:36:49,13250.0,2500.0,5513500.0
959,2021-10-19 06:36:49,13250.0,500.0,5511000.0
960,2021-10-19 06:36:49,13250.0,1000.0,5510500.0
961,2021-10-19 06:36:49,13250.0,500.0,5509500.0
962,2021-10-19 06:36:49,13250.0,1000.0,5509000.0
963,2021-10-19 06:36:48,13250.0,100.0,5508000.0
964,2021-10-19 06:36:42,13250.0,100.0,5507900.0
965,2021-10-19 06:36:29,13250.0,100.0,5507800.0
966,2021-10-19 06:36:25,13250.0,500.0,5507700.0
967,2021-10-19 06:36:23,13250.0,200.0,5507200.0
968,2021-10-19 06:36:23,13250.0,500.0,5507000.0
969,2021-10-19 06:36:23,13250.0,100.0,5506500.0
970,2021-10-19 06:36:23,13250.0,100.0,5506400.0
971,2021-10-19 06:36:23,13250.0,200.0,5506300.0
972,2021-10-19 06:36:23,13250.0,3000.0,5506100.0
973,2021-10-19 06:36:23,13250.0,900.0,5503100.0
974,2021-10-19 06:36:19,13250.0,500.0,5502200.0
975,2021-10-19 06:36:08,13250.0,600.0,5501700.0
976,2021-10-19 06:36:08,13250.0,800.0,5501100.0
977,2021-10-19 06:36:08,13250.0,600.0,5500300.0
978,2021-10-19 06:35:50,13250.0,2400.0,5499700.0
979,2021-10-19 06:35:50,13250.0,300.0,5497300.0
980,2021-10-19 06:35:50,13250.0,100.0,5497000.0
981,2021-10-19 06:35:50,13250.0,100.0,5496900.0
982,2021-10-19 06:35:50,13250.0,200.0,5496800.0
983,2021-10-19 06:35:50,13250.0,500.0,5496600.0
984,2021-10-19 06:35:50,13250.0,500.0,5496100.0
985,2021-10-19 06:35:50,13250.0,500.0,5495600.0
986,2021-10-19 06:35:50,13250.0,2600.0,5495100.0
987,2021-10-19 06:35:50,13250.0,500.0,5492500.0
988,2021-10-19 06:35:50,13250.0,100.0,5492000.0
989,2021-10-19 06:35:50,13250.0,500.0,5491900.0
990,2021-10-19 06:35:50,13250.0,300.0,5491400.0
991,2021-10-19 06:35:50,13250.0,3000.0,5491100.0
992,2021-10-19 06:35:50,13250.0,1400.0,5488100.0
993,2021-10-19 06:35:50,13250.0,2000.0,5486700.0
994,2021-10-19 06:35:50,13250.0,200.0,5484700.0
995,2021-10-19 06:35:50,13250.0,500.0,5484500.0
996,2021-10-19 06:35:50,13250.0,800.0,5484000.0
997,2021-10-19 06:35:50,13250.0,500.0,5483200.0
998,2021-10-19 06:35:50,13250.0,100.0,5482700.0
999,2021-10-19 06:35:50,13250.0,300.0,5482600.0
1000,2021-10-19 06:35:50,13250.0,600.0,5482300.0
1001,2021-10-19 06:35:50,13250.0,1000.0,5481700.0
1002,2021-10-19 06:35:50,13250.0,1000.0,5480700.0
1003,2021-10-19 06:35:50,13250.0,3000.0,5479700.0
1004,2021-10-19 06:35:50,13250.0,3000.0,5476700.0
1005,2021-10-19 06:35:50,13250.0,300.0,5473700.0
1006,2021-10-19 06:35:50,13250.0,100.0,5473400.0
1007,2021-10-19 06:35:50,13250.0,500.0,5473300.0
1008,2021-10-19 06:35:50,13250.0,100.0,5472800.0
1009,2021-10-19 06:35:50,13250.0,1000.0,5472700.0
1010,2021-10-19 06:35:50,13250.0,300.0,5471700.0
1011,2021-10-19 06:35:50,13250.0,1000.0,5471400.0
1012,2021-10-19 06:35:50,13250.0,1000.0,5470400.0
1013,2021-10-19 06:35:50,13250.0,300.0,5469400.0
1014,2021-10-19 06:35:50,13250.0,2500.0,5469100.0
1015,2021-10-19 06:35:50,13250.0,1000.0,5466600.0
1016,2021-10-19 06:35:50,13250.0,200.0,5465600.0
1017,2021-10-19 06:35:50,13250.0,100.0,5465400.0
1018,2021-10-19 06:35:50,13250.0,2000.0,5465300.0
1019,2021-10-19 06:35:50,13250.0,100.0,5463300.0
1020,2021-10-19 06:35:50,13250.0,1000.0,5463200.0
1021,2021-10-19 06:35:50,13250.0,100.0,5462200.0
1022,2021-10-19 06:35:50,13250.0,100.0,5462100.0
1023,2021-10-19 06:35:50,13250.0,100.0,5462000.0
1024,2021-10-19 06:35:50,13250.0,10000.0,5461900.0
1025,2021-10-19 06:35:50,13250.0,2200.0,5451900.0
1026,2021-10-19 06:35:40,13250.0,800.0,5449700.0
1027,2021-10-19 06:35:40,13250.0,5000.0,5448900.0
1028,2021-10-19 06:35:40,13250.0,700.0,5443900.0
1029,2021-10-19 06:35:40,13250.0,500.0,5443200.0
1030,2021-10-19 06:35:40,13250.0,3000.0,5442700.0
1031,2021-10-19 06:35:32,13250.0,9600.0,5439700.0
1032,2021-10-19 06:35:22,13300.0,2000.0,5430100.0
1033,2021-10-19 06:35:22,13250.0,10000.0,5428100.0
1034,2021-10-19 06:35:08,13300.0,1100.0,5418100.0
1035,2021-10-19 06:34:37,13250.0,500.0,5417000.0
1036,2021-10-19 06:34:09,13250.0,12000.0,5416500.0
1037,2021-10-19 06:34:08,13250.0,10000.0,5404500.0
1038,2021-10-19 06:34:03,13250.0,200.0,5394500.0
1039,2021-10-19 06:34:01,13300.0,500.0,5394300.0
1040,2021-10-19 06:33:53,13300.0,10000.0,5393800.0
1041,2021-10-19 06:33:47,13250.0,500.0,5383800.0
1042,2021-10-19 06:33:44,13300.0,10000.0,5383300.0
1043,2021-10-19 06:33:16,13300.0,2000.0,5373300.0
1044,2021-10-19 06:33:12,13300.0,800.0,5371300.0
1045,2021-10-19 06:33:12,13300.0,2000.0,5370500.0
1046,2021-10-19 06:33:12,13300.0,2200.0,5368500.0
1047,2021-10-19 06:32:57,13300.0,500.0,5366300.0
1048,2021-10-19 06:32:17,13300.0,100.0,5365800.0
1049,2021-10-19 06:31:50,13300.0,3200.0,5365700.0
1050,2021-10-19 06:31:50,13300.0,500.0,5362500.0
1051,2021-10-19 06:31:50,13300.0,1100.0,5362000.0
1052,2021-10-19 06:31:24,13250.0,4200.0,5360900.0
1053,2021-10-19 06:31:24,13250.0,1000.0,5356700.0
1054,2021-10-19 06:31:24,13250.0,300.0,5355700.0
1055,2021-10-19 06:31:24,13250.0,3000.0,5355400.0
1056,2021-10-19 06:31:24,13250.0,1000.0,5352400.0
1057,2021-10-19 06:31:24,13250.0,500.0,5351400.0
1058,2021-10-19 06:31:13,13250.0,100.0,5350900.0
1059,2021-10-19 06:31:13,13250.0,4500.0,5350800.0
1060,2021-10-19 06:31:04,13250.0,5000.0,5346300.0
1061,2021-10-19 06:30:40,13250.0,3000.0,5341300.0
1062,2021-10-19 06:30:32,13250.0,3800.0,5338300.0
1063,2021-10-19 06:30:05,13250.0,700.0,5334500.0
1064,2021-10-19 06:28:28,13300.0,1000.0,5333800.0
1065,2021-10-19 06:28:07,13300.0,600.0,5332800.0
1066,2021-10-19 06:27:52,13300.0,2000.0,5332200.0
1067,2021-10-19 06:27:46,13300.0,2000.0,5330200.0
1068,2021-10-19 06:27:45,13300.0,500.0,5328200.0
1069,2021-10-19 06:27:44,13300.0,2100.0,5327700.0
1070,2021-10-19 06:27:22,13300.0,400.0,5325600.0
1071,2021-10-19 06:27:22,13300.0,300.0,5325200.0
1072,2021-10-19 06:27:22,13300.0,1000.0,5324900.0
1073,2021-10-19 06:27:22,13300.0,5000.0,5323900.0
1074,2021-10-19 06:27:22,13300.0,34000.0,5318900.0
1075,2021-10-19 06:27:15,13300.0,1000.0,5284900.0
1076,2021-10-19 06:27:14,13300.0,1500.0,5283900.0
1077,2021-10-19 06:27:04,13300.0,400.0,5282400.0
1078,2021-10-19 06:27:03,13300.0,7800.0,5282000.0
1079,2021-10-19 06:26:57,13300.0,100.0,5274200.0
1080,2021-10-19 06:26:43,13300.0,1000.0,5274100.0
1081,2021-10-19 06:26:42,13300.0,200.0,5273100.0
1082,2021-10-19 06:26:42,13300.0,2000.0,5272900.0
1083,2021-10-19 06:26:42,13300.0,500.0,5270900.0
1084,2021-10-19 06:26:42,13300.0,300.0,5270400.0
1085,2021-10-19 06:26:42,13300.0,1000.0,5270100.0
1086,2021-10-19 06:26:42,13300.0,300.0,5269100.0
1087,2021-10-19 06:26:42,13300.0,100.0,5268800.0
1088,2021-10-19 06:26:42,13300.0,1000.0,5268700.0
1089,2021-10-19 06:26:42,13300.0,100.0,5267700.0
1090,2021-10-19 06:26:42,13300.0,500.0,5267600.0
1091,2021-10-19 06:26:42,13300.0,10000.0,5267100.0
1092,2021-10-19 06:26:42,13300.0,200.0,5257100.0
1093,2021-10-19 06:26:42,13300.0,2600.0,5256900.0
1094,2021-10-19 06:26:42,13300.0,3000.0,5254300.0
1095,2021-10-19 06:26:42,13300.0,5000.0,5251300.0
1096,2021-10-19 06:26:42,13300.0,2000.0,5246300.0
1097,2021-10-19 06:26:42,13300.0,100.0,5244300.0
1098,2021-10-19 06:26:42,13300.0,100.0,5244200.0
1099,2021-10-19 06:26:42,13300.0,1000.0,5244100.0
1100,2021-10-19 06:26:42,13300.0,10000.0,5243100.0
1101,2021-10-19 06:26:42,13300.0,300.0,5233100.0
1102,2021-10-19 06:26:42,13300.0,500.0,5232800.0
1103,2021-10-19 06:26:42,13300.0,1000.0,5232300.0
1104,2021-10-19 06:26:42,13300.0,3000.0,5231300.0
1105,2021-10-19 06:26:42,13300.0,200.0,5228300.0
1106,2021-10-19 06:26:42,13300.0,2000.0,5228100.0
1107,2021-10-19 06:26:42,13300.0,1000.0,5226100.0
1108,2021-10-19 06:26:42,13300.0,1000.0,5225100.0
1109,2021-10-19 06:26:42,13300.0,18300.0,5224100.0
1110,2021-10-19 06:26:42,13300.0,300.0,5205800.0
1111,2021-10-19 06:26:42,13300.0,50000.0,5205500.0
1112,2021-10-19 06:26:42,13300.0,200.0,5155500.0
1113,2021-10-19 06:26:42,13300.0,2200.0,5155300.0
1114,2021-10-19 06:26:42,13300.0,700.0,5153100.0
1115,2021-10-19 06:26:42,13300.0,1300.0,5152400.0
1116,2021-10-19 06:26:42,13300.0,3000.0,5151100.0
1117,2021-10-19 06:26:42,13300.0,3000.0,5148100.0
1118,2021-10-19 06:26:42,13300.0,2000.0,5145100.0
1119,2021-10-19 06:26:42,13300.0,1000.0,5143100.0
1120,2021-10-19 06:26:42,13300.0,2000.0,5142100.0
1121,2021-10-19 06:26:42,13300.0,1000.0,5140100.0
1122,2021-10-19 06:26:42,13300.0,300.0,5139100.0
1123,2021-10-19 06:26:42,13300.0,1000.0,5138800.0
1124,2021-10-19 06:26:42,13300.0,2000.0,5137800.0
1125,2021-10-19 06:26:42,13300.0,500.0,5135800.0
1126,2021-10-19 06:26:42,13300.0,3000.0,5135300.0
1127,2021-10-19 06:26:42,13300.0,2000.0,5132300.0
1128,2021-10-19 06:26:42,13300.0,500.0,5130300.0
1129,2021-10-19 06:26:42,13300.0,2500.0,5129800.0
1130,2021-10-19 06:26:42,13300.0,4000.0,5127300.0
1131,2021-10-19 06:26:42,13300.0,1000.0,5123300.0
1132,2021-10-19 06:26:42,13300.0,3400.0,5122300.0
1133,2021-10-19 06:26:24,13300.0,100.0,5118900.0
1134,2021-10-19 06:26:03,13300.0,1300.0,5118800.0
1135,2021-10-19 06:25:53,13250.0,700.0,5117500.0
1136,2021-10-19 06:25:35,13250.0,1700.0,5116800.0
1137,2021-10-19 06:25:35,13250.0,300.0,5115100.0
1138,2021-10-19 06:25:31,13250.0,2000.0,5114800.0
1139,2021-10-19 06:25:29,13250.0,700.0,5112800.0
1140,2021-10-19 06:25:29,13250.0,100.0,5112100.0
1141,2021-10-19 06:25:29,13250.0,100.0,5112000.0
1142,2021-10-19 06:25:29,13250.0,100.0,5111900.0
1143,2021-10-19 06:25:29,13250.0,200.0,5111800.0
1144,2021-10-19 06:25:29,13250.0,300.0,5111600.0
1145,2021-10-19 06:25:29,13250.0,5000.0,5111300.0
1146,2021-10-19 06:25:29,13250.0,3500.0,5106300.0
1147,2021-10-19 06:24:33,13250.0,300.0,5102800.0
1148,2021-10-19 06:23:57,13250.0,900.0,5102500.0
1149,2021-10-19 06:23:49,13250.0,300.0,5101600.0
1150,2021-10-19 06:23:49,13250.0,400.0,5101300.0
1151,2021-10-19 06:23:46,13300.0,200.0,5100900.0
1152,2021-10-19 06:22:50,13250.0,100.0,5100700.0
1153,2021-10-19 06:22:50,13250.0,500.0,5100600.0
1154,2021-10-19 06:22:50,13250.0,200.0,5100100.0
1155,2021-10-19 06:22:50,13250.0,300.0,5099900.0
1156,2021-10-19 06:22:50,13250.0,400.0,5099600.0
1157,2021-10-19 06:22:50,13250.0,500.0,5099200.0
1158,2021-10-19 06:22:50,13250.0,12700.0,5098700.0
1159,2021-10-19 06:21:58,13300.0,1000.0,5086000.0
1160,2021-10-19 06:21:54,13250.0,1300.0,5085000.0
1161,2021-10-19 06:21:54,13250.0,300.0,5083700.0
1162,2021-10-19 06:21:54,13250.0,200.0,5083400.0
1163,2021-10-19 06:21:54,13250.0,200.0,5083200.0
1164,2021-10-19 06:21:54,13300.0,200.0,5083000.0
1165,2021-10-19 06:21:51,13250.0,600.0,5082800.0
1166,2021-10-19 06:21:51,13250.0,100.0,5082200.0
1167,2021-10-19 06:21:51,13250.0,6600.0,5082100.0
1168,2021-10-19 06:21:51,13250.0,200.0,5075500.0
1169,2021-10-19 06:21:51,13250.0,500.0,5075300.0
1170,2021-10-19 06:21:51,13250.0,1000.0,5074800.0
1171,2021-10-19 06:21:51,13250.0,300.0,5073800.0
1172,2021-10-19 06:21:51,13250.0,700.0,5073500.0
1173,2021-10-19 06:21:46,13250.0,300.0,5072800.0
1174,2021-10-19 06:21:46,13250.0,900.0,5072500.0
1175,2021-10-19 06:21:46,13250.0,100.0,5071600.0
1176,2021-10-19 06:21:46,13250.0,700.0,5071500.0
1177,2021-10-19 06:21:37,13250.0,300.0,5070800.0
1178,2021-10-19 06:21:37,13250.0,200.0,5070500.0
1179,2021-10-19 06:21:32,13250.0,500.0,5070300.0
1180,2021-10-19 06:21:18,13300.0,3000.0,5069800.0
1181,2021-10-19 06:21:16,13250.0,300.0,5066800.0
1182,2021-10-19 06:21:03,13250.0,100.0,5066500.0
1183,2021-10-19 06:21:03,13250.0,900.0,5066400.0
1184,2021-10-19 06:20:56,13300.0,200.0,5065500.0
1185,2021-10-19 06:20:45,13250.0,1100.0,5065300.0
1186,2021-10-19 06:20:45,13250.0,100.0,5064200.0
1187,2021-10-19 06:20:45,13250.0,100.0,5064100.0
1188,2021-10-19 06:20:45,13250.0,300.0,5064000.0
1189,2021-10-19 06:20:36,13250.0,700.0,5063700.0
1190,2021-10-19 06:20:36,13250.0,500.0,5063000.0
1191,2021-10-19 06:20:36,13250.0,200.0,5062500.0
1192,2021-10-19 06:20:36,13250.0,400.0,5062300.0
1193,2021-10-19 06:20:36,13250.0,100.0,5061900.0
1194,2021-10-19 06:20:36,13250.0,100.0,5061800.0
1195,2021-10-19 06:20:00,13250.0,500.0,5061700.0
1196,2021-10-19 06:20:00,13300.0,500.0,5061200.0
1197,2021-10-19 06:19:49,13250.0,400.0,5060700.0
1198,2021-10-19 06:19:49,13250.0,100.0,5060300.0
1199,2021-10-19 06:19:48,13300.0,3000.0,5060200.0
1200,2021-10-19 06:19:12,13300.0,10000.0,5057200.0
1201,2021-10-19 06:19:02,13250.0,400.0,5047200.0
1202,2021-10-19 06:19:02,13250.0,300.0,5046800.0
1203,2021-10-19 06:19:02,13250.0,900.0,5046500.0
1204,2021-10-19 06:18:47,13250.0,100.0,5045600.0
1205,2021-10-19 06:18:47,13250.0,400.0,5045500.0
1206,2021-10-19 06:18:32,13250.0,300.0,5045100.0
1207,2021-10-19 06:18:32,13250.0,200.0,5044800.0
1208,2021-10-19 06:18:26,13250.0,100.0,5044600.0
1209,2021-10-19 06:18:26,13250.0,600.0,5044500.0
1210,2021-10-19 06:18:20,13250.0,100.0,5043900.0
1211,2021-10-19 06:18:19,13250.0,4300.0,5043800.0
1212,2021-10-19 06:18:19,13250.0,400.0,5039500.0
1213,2021-10-19 06:18:19,13250.0,2000.0,5039100.0
1214,2021-10-19 06:18:19,13250.0,200.0,5037100.0
1215,2021-10-19 06:18:19,13250.0,4100.0,5036900.0
1216,2021-10-19 06:18:19,13250.0,1000.0,5032800.0
1217,2021-10-19 06:18:19,13250.0,200.0,5031800.0
1218,2021-10-19 06:18:19,13250.0,7800.0,5031600.0
1219,2021-10-19 06:18:12,13250.0,2000.0,5023800.0
1220,2021-10-19 06:18:06,13250.0,200.0,5021800.0
1221,2021-10-19 06:18:06,13250.0,300.0,5021600.0
1222,2021-10-19 06:18:04,13300.0,500.0,5021300.0
1223,2021-10-19 06:18:02,13250.0,700.0,5020800.0
1224,2021-10-19 06:18:01,13250.0,2000.0,5020100.0
1225,2021-10-19 06:17:41,13250.0,2000.0,5018100.0
1226,2021-10-19 06:17:39,13250.0,500.0,5016100.0
1227,2021-10-19 06:17:28,13250.0,500.0,5015600.0
1228,2021-10-19 06:17:19,13300.0,300.0,5015100.0
1229,2021-10-19 06:17:08,13250.0,2000.0,5014800.0
1230,2021-10-19 06:17:05,13250.0,1000.0,5012800.0
1231,2021-10-19 06:16:34,13250.0,4000.0,5011800.0
1232,2021-10-19 06:16:23,13250.0,10000.0,5007800.0
1233,2021-10-19 06:15:54,13300.0,100.0,4997800.0
1234,2021-10-19 06:15:31,13300.0,1100.0,4997700.0
1235,2021-10-19 06:15:30,13300.0,800.0,4996600.0
1236,2021-10-19 06:15:24,13250.0,100.0,4995800.0
1237,2021-10-19 06:15:14,13300.0,500.0,4995700.0
1238,2021-10-19 06:15:14,13300.0,3800.0,4995200.0
1239,2021-10-19 06:15:05,13300.0,200.0,4991400.0
1240,2021-10-19 06:15:04,13300.0,100.0,4991200.0
1241,2021-10-19 06:15:02,13300.0,200.0,4991100.0
1242,2021-10-19 06:14:52,13300.0,3400.0,4990900.0
1243,2021-10-19 06:14:52,13300.0,10000.0,4987500.0
1244,2021-10-19 06:14:52,13300.0,2000.0,4977500.0
1245,2021-10-19 06:14:32,13300.0,300.0,4975500.0
1246,2021-10-19 06:14:15,13300.0,500.0,4975200.0
1247,2021-10-19 06:14:07,13300.0,2200.0,4974700.0
1248,2021-10-19 06:14:07,13300.0,800.0,4972500.0
1249,2021-10-19 06:13:58,13300.0,3000.0,4971700.0
1250,2021-10-19 06:13:54,13300.0,700.0,4968700.0
1251,2021-10-19 06:13:52,13300.0,300.0,4968000.0
1252,2021-10-19 06:13:52,13300.0,400.0,4967700.0
1253,2021-10-19 06:13:52,13300.0,100.0,4967300.0
1254,2021-10-19 06:13:52,13300.0,500.0,4967200.0
1255,2021-10-19 06:13:52,13300.0,500.0,4966700.0
1256,2021-10-19 06:13:52,13300.0,200.0,4966200.0
1257,2021-10-19 06:13:48,13300.0,1300.0,4966000.0
1258,2021-10-19 06:13:48,13300.0,700.0,4964700.0
1259,2021-10-19 06:13:48,13300.0,1200.0,4964000.0
1260,2021-10-19 06:13:48,13300.0,1000.0,4962800.0
1261,2021-10-19 06:13:48,13300.0,2000.0,4961800.0
1262,2021-10-19 06:13:48,13300.0,1000.0,4959800.0
1263,2021-10-19 06:13:48,13300.0,500.0,4958800.0
1264,2021-10-19 06:13:48,13300.0,200.0,4958300.0
1265,2021-10-19 06:13:48,13300.0,600.0,4958100.0
1266,2021-10-19 06:13:48,13300.0,300.0,4957500.0
1267,2021-10-19 06:13:48,13300.0,1200.0,4957200.0
1268,2021-10-19 06:13:39,13300.0,1000.0,4956000.0
1269,2021-10-19 06:13:29,13300.0,100.0,4955000.0
1270,2021-10-19 06:12:16,13300.0,2000.0,4954900.0
1271,2021-10-19 06:11:48,13300.0,300.0,4952900.0
1272,2021-10-19 06:11:48,13300.0,500.0,4952600.0
1273,2021-10-19 06:11:48,13300.0,2000.0,4952100.0
1274,2021-10-19 06:11:48,13300.0,100.0,4950100.0
1275,2021-10-19 06:11:48,13300.0,100.0,4950000.0
1276,2021-10-19 06:11:48,13350.0,700.0,4949900.0
1277,2021-10-19 06:11:48,13350.0,300.0,4949200.0
1278,2021-10-19 06:11:44,13300.0,800.0,4948900.0
1279,2021-10-19 06:11:44,13300.0,100.0,4948100.0
1280,2021-10-19 06:11:44,13300.0,7100.0,4948000.0
1281,2021-10-19 06:11:38,13300.0,200.0,4940900.0
1282,2021-10-19 06:11:26,13300.0,400.0,4940700.0
1283,2021-10-19 06:11:17,13350.0,100.0,4940300.0
1284,2021-10-19 06:10:47,13350.0,2000.0,4940200.0
1285,2021-10-19 06:10:21,13300.0,2300.0,4938200.0
1286,2021-10-19 06:10:21,13300.0,1100.0,4935900.0
1287,2021-10-19 06:10:21,13300.0,100.0,4934800.0
1288,2021-10-19 06:10:21,13300.0,400.0,4934700.0
1289,2021-10-19 06:10:21,13300.0,1000.0,4934300.0
1290,2021-10-19 06:10:21,13300.0,1000.0,4933300.0
1291,2021-10-19 06:10:21,13300.0,2000.0,4932300.0
1292,2021-10-19 06:10:21,13300.0,5000.0,4930300.0
1293,2021-10-19 06:10:21,13300.0,100.0,4925300.0
1294,2021-10-19 06:10:21,13300.0,10000.0,4925200.0
1295,2021-10-19 06:10:21,13300.0,18400.0,4915200.0
1296,2021-10-19 06:10:21,13300.0,3000.0,4896800.0
1297,2021-10-19 06:10:21,13300.0,1000.0,4893800.0
1298,2021-10-19 06:10:21,13300.0,2000.0,4892800.0
1299,2021-10-19 06:10:21,13300.0,1000.0,4890800.0
1300,2021-10-19 06:10:21,13300.0,400.0,4889800.0
1301,2021-10-19 06:10:21,13300.0,1200.0,4889400.0
1302,2021-10-19 06:10:03,13300.0,500.0,4888200.0
1303,2021-10-19 06:09:42,13300.0,3000.0,4887700.0
1304,2021-10-19 06:08:31,13300.0,300.0,4884700.0
1305,2021-10-19 06:08:04,13300.0,500.0,4884400.0
1306,2021-10-19 06:07:42,13300.0,500.0,4883900.0
1307,2021-10-19 06:07:42,13300.0,500.0,4883400.0
1308,2021-10-19 06:07:38,13300.0,200.0,4882900.0
1309,2021-10-19 06:07:25,13300.0,2000.0,4882700.0
1310,2021-10-19 06:07:21,13300.0,100.0,4880700.0
1311,2021-10-19 06:05:54,13300.0,900.0,4880600.0
1312,2021-10-19 06:05:54,13300.0,100.0,4879700.0
1313,2021-10-19 06:05:49,13300.0,300.0,4879600.0
1314,2021-10-19 06:05:03,13300.0,600.0,4879300.0
1315,2021-10-19 06:05:03,13300.0,1400.0,4878700.0
1316,2021-10-19 06:04:59,13300.0,3000.0,4877300.0
1317,2021-10-19 06:04:54,13300.0,200.0,4874300.0
1318,2021-10-19 06:04:54,13300.0,1000.0,4874100.0
1319,2021-10-19 06:04:54,13300.0,100.0,4873100.0
1320,2021-10-19 06:04:54,13300.0,100.0,4873000.0
1321,2021-10-19 06:04:54,13300.0,4200.0,4872900.0
1322,2021-10-19 06:04:47,13300.0,1000.0,4868700.0
1323,2021-10-19 06:04:43,13300.0,3000.0,4867700.0
1324,2021-10-19 06:04:41,13300.0,1500.0,4864700.0
1325,2021-10-19 06:04:39,13300.0,3000.0,4863200.0
1326,2021-10-19 06:04:16,13300.0,300.0,4860200.0
1327,2021-10-19 06:04:15,13300.0,2000.0,4859900.0
1328,2021-10-19 06:04:11,13300.0,2000.0,4857900.0
1329,2021-10-19 06:04:02,13300.0,600.0,4855900.0
1330,2021-10-19 06:03:49,13300.0,1000.0,4855300.0
1331,2021-10-19 06:03:44,13300.0,10000.0,4854300.0
1332,2021-10-19 06:03:44,13300.0,1500.0,4844300.0
1333,2021-10-19 06:03:38,13300.0,300.0,4842800.0
1334,2021-10-19 06:03:37,13300.0,3400.0,4842500.0
1335,2021-10-19 06:03:34,13300.0,1000.0,4839100.0
1336,2021-10-19 06:03:26,13300.0,100.0,4838100.0
1337,2021-10-19 06:03:20,13300.0,3000.0,4838000.0
1338,2021-10-19 06:03:10,13300.0,5000.0,4835000.0
1339,2021-10-19 06:03:08,13300.0,300.0,4830000.0
1340,2021-10-19 06:03:03,13300.0,1000.0,4829700.0
1341,2021-10-19 06:03:00,13300.0,1000.0,4828700.0
1342,2021-10-19 06:02:57,13300.0,2000.0,4827700.0
1343,2021-10-19 06:02:53,13300.0,200.0,4825700.0
1344,2021-10-19 06:02:52,13300.0,2000.0,4825500.0
1345,2021-10-19 06:02:45,13300.0,600.0,4823500.0
1346,2021-10-19 06:02:39,13300.0,200.0,4822900.0
1347,2021-10-19 06:02:32,13300.0,200.0,4822700.0
1348,2021-10-19 06:02:31,13300.0,5000.0,4822500.0
1349,2021-10-19 06:02:31,13300.0,22100.0,4817500.0
1350,2021-10-19 06:02:27,13300.0,1000.0,4795400.0
1351,2021-10-19 06:02:11,13300.0,500.0,4794400.0
1352,2021-10-19 06:02:06,13300.0,20000.0,4793900.0
1353,2021-10-19 06:02:00,13300.0,200.0,4773900.0
1354,2021-10-19 06:01:33,13300.0,3200.0,4773700.0
1355,2021-10-19 06:01:31,13300.0,3000.0,4770500.0
1356,2021-10-19 06:01:14,13300.0,300.0,4767500.0
1357,2021-10-19 06:01:14,13300.0,500.0,4767200.0
1358,2021-10-19 06:01:14,13300.0,100.0,4766700.0
1359,2021-10-19 06:01:14,13300.0,2100.0,4766600.0
1360,2021-10-19 06:00:54,13300.0,1500.0,4764500.0
1361,2021-10-19 06:00:46,13300.0,2000.0,4763000.0
1362,2021-10-19 06:00:31,13300.0,100.0,4761000.0
1363,2021-10-19 06:00:30,13300.0,100.0,4760900.0
1364,2021-10-19 06:00:24,13300.0,200.0,4760800.0
1365,2021-10-19 06:00:19,13300.0,1000.0,4760600.0
1366,2021-10-19 06:00:18,13300.0,500.0,4759600.0
1367,2021-10-19 06:00:14,13300.0,100.0,4759100.0
1368,2021-10-19 06:00:13,13300.0,800.0,4759000.0
1369,2021-10-19 06:00:13,13300.0,1100.0,4758200.0
1370,2021-10-19 06:00:13,13300.0,2700.0,4757100.0
1371,2021-10-19 06:00:12,13300.0,3000.0,4754400.0
1372,2021-10-19 06:00:11,13300.0,300.0,4751400.0
1373,2021-10-19 06:00:09,13300.0,7500.0,4751100.0
1374,2021-10-19 06:00:08,13300.0,100.0,4743600.0
1375,2021-10-19 06:00:08,13300.0,100.0,4743500.0
1376,2021-10-19 06:00:08,13300.0,500.0,4743400.0
1377,2021-10-19 06:00:08,13300.0,600.0,4742900.0
1378,2021-10-19 06:00:08,13300.0,2000.0,4742300.0
1379,2021-10-19 06:00:08,13300.0,3000.0,4740300.0
1380,2021-10-19 06:00:08,13300.0,4200.0,4737300.0
1381,2021-10-19 06:00:08,13300.0,1000.0,4733100.0
1382,2021-10-19 06:00:07,13300.0,500.0,4732100.0
1383,2021-10-19 06:00:07,13300.0,500.0,4731600.0
1384,2021-10-19 06:00:06,13300.0,1000.0,4731100.0
1385,2021-10-19 06:00:05,13300.0,200.0,4730100.0
1386,2021-10-19 06:00:05,13300.0,600.0,4729900.0
1387,2021-10-19 06:00:05,13300.0,100.0,4729300.0
1388,2021-10-19 06:00:05,13300.0,500.0,4729200.0
1389,2021-10-19 06:00:04,13300.0,1000.0,4728700.0
1390,2021-10-19 06:00:04,13300.0,400.0,4727700.0
1391,2021-10-19 06:00:04,13300.0,600.0,4727300.0
1392,2021-10-19 06:00:03,13300.0,300.0,4726700.0
1393,2021-10-19 06:00:02,13300.0,100.0,4726400.0
1394,2021-10-19 06:00:02,13300.0,900.0,4726300.0
1395,2021-10-19 06:00:01,13300.0,100.0,4725400.0
1396,2021-10-19 06:00:01,13300.0,100.0,4725300.0
1397,2021-10-19 06:00:01,13300.0,300.0,4725200.0
1398,2021-10-19 06:00:01,13300.0,3000.0,4724900.0
1399,2021-10-19 06:00:01,13300.0,100.0,4721900.0
1400,2021-10-19 06:00:00,13300.0,100.0,4721800.0
1401,2021-10-19 06:00:00,13300.0,200.0,4721700.0
1402,2021-10-19 06:00:00,13300.0,100.0,4721500.0
1403,2021-10-19 06:00:00,13300.0,500.0,4721400.0
1404,2021-10-19 04:29:59,13300.0,800.0,4720900.0
1405,2021-10-19 04:29:47,13300.0,2000.0,4720100.0
1406,2021-10-19 04:29:44,13300.0,1000.0,4718100.0
1407,2021-10-19 04:29:35,13300.0,500.0,4717100.0
1408,2021-10-19 04:29:32,13300.0,500.0,4716600.0
1409,2021-10-19 04:29:28,13300.0,500.0,4716100.0
1410,2021-10-19 04:29:27,13300.0,10000.0,4715600.0
1411,2021-10-19 04:29:16,13300.0,200.0,4705600.0
1412,2021-10-19 04:29:13,13300.0,1500.0,4705400.0
1413,2021-10-19 04:29:04,13300.0,200.0,4703900.0
1414,2021-10-19 04:28:59,13300.0,1900.0,4703700.0
1415,2021-10-19 04:28:55,13300.0,1000.0,4701800.0
1416,2021-10-19 04:28:29,13300.0,1000.0,4700800.0
1417,2021-10-19 04:28:28,13250.0,1000.0,4699800.0
1418,2021-10-19 04:28:09,13300.0,5000.0,4698800.0
1419,2021-10-19 04:28:06,13300.0,200.0,4693800.0
1420,2021-10-19 04:28:02,13250.0,700.0,4693600.0
1421,2021-10-19 04:28:02,13300.0,400.0,4692900.0
1422,2021-10-19 04:27:53,13250.0,400.0,4692500.0
1423,2021-10-19 04:27:45,13300.0,400.0,4692100.0
1424,2021-10-19 04:27:39,13300.0,100.0,4691700.0
1425,2021-10-19 04:26:58,13300.0,1000.0,4691600.0
1426,2021-10-19 04:26:47,13300.0,3000.0,4690600.0
1427,2021-10-19 04:26:41,13300.0,500.0,4687600.0
1428,2021-10-19 04:26:32,13300.0,1000.0,4687100.0
1429,2021-10-19 04:26:30,13300.0,1400.0,4686100.0
1430,2021-10-19 04:26:21,13300.0,100.0,4684700.0
1431,2021-10-19 04:26:04,13300.0,500.0,4684600.0
1432,2021-10-19 04:26:01,13300.0,1000.0,4684100.0
1433,2021-10-19 04:25:33,13300.0,100.0,4683100.0
1434,2021-10-19 04:25:21,13300.0,4000.0,4683000.0
1435,2021-10-19 04:25:17,13300.0,2000.0,4679000.0
1436,2021-10-19 04:25:12,13300.0,600.0,4677000.0
1437,2021-10-19 04:25:08,13300.0,500.0,4676400.0
1438,2021-10-19 04:25:00,13300.0,100.0,4675900.0
1439,2021-10-19 04:24:54,13300.0,100.0,4675800.0
1440,2021-10-19 04:24:54,13300.0,300.0,4675700.0
1441,2021-10-19 04:24:54,13300.0,1700.0,4675400.0
1442,2021-10-19 04:24:54,13300.0,12500.0,4673700.0
1443,2021-10-19 04:24:54,13300.0,1800.0,4661200.0
1444,2021-10-19 04:24:41,13300.0,400.0,4659400.0
1445,2021-10-19 04:24:27,13300.0,100.0,4659000.0
1446,2021-10-19 04:24:19,13300.0,3000.0,4658900.0
1447,2021-10-19 04:24:16,13300.0,200.0,4655900.0
1448,2021-10-19 04:24:14,13300.0,200.0,4655700.0
1449,2021-10-19 04:24:14,13300.0,1500.0,4655500.0
1450,2021-10-19 04:24:14,13300.0,5000.0,4654000.0
1451,2021-10-19 04:23:45,13300.0,1100.0,4649000.0
1452,2021-10-19 04:23:45,13300.0,700.0,4647900.0
1453,2021-10-19 04:23:25,13300.0,600.0,4647200.0
1454,2021-10-19 04:23:22,13300.0,1000.0,4646600.0
1455,2021-10-19 04:23:22,13300.0,700.0,4645600.0
1456,2021-10-19 04:23:22,13300.0,1000.0,4644900.0
1457,2021-10-19 04:23:22,13300.0,500.0,4643900.0
1458,2021-10-19 04:23:22,13300.0,500.0,4643400.0
1459,2021-10-19 04:23:04,13300.0,200.0,4642900.0
1460,2021-10-19 04:22:34,13300.0,500.0,4642700.0
1461,2021-10-19 04:22:24,13300.0,800.0,4642200.0
1462,2021-10-19 04:22:24,13300.0,400.0,4641400.0
1463,2021-10-19 04:22:15,13300.0,2600.0,4641000.0
1464,2021-10-19 04:22:15,13300.0,900.0,4638400.0
1465,2021-10-19 04:22:15,13300.0,600.0,4637500.0
1466,2021-10-19 04:22:13,13300.0,100.0,4636900.0
1467,2021-10-19 04:22:12,13300.0,1200.0,4636800.0
1468,2021-10-19 04:21:58,13300.0,1000.0,4635600.0
1469,2021-10-19 04:21:57,13300.0,500.0,4634600.0
1470,2021-10-19 04:21:49,13300.0,100.0,4634100.0
1471,2021-10-19 04:21:44,13300.0,100.0,4634000.0
1472,2021-10-19 04:21:19,13300.0,300.0,4633900.0
1473,2021-10-19 04:21:19,13300.0,400.0,4633600.0
1474,2021-10-19 04:21:19,13300.0,400.0,4633200.0
1475,2021-10-19 04:21:19,13300.0,400.0,4632800.0
1476,2021-10-19 04:21:19,13300.0,19900.0,4632400.0
1477,2021-10-19 04:21:06,13300.0,1600.0,4612500.0
1478,2021-10-19 04:21:06,13300.0,200.0,4610900.0
1479,2021-10-19 04:21:06,13300.0,3000.0,4610700.0
1480,2021-10-19 04:21:06,13300.0,200.0,4607700.0
1481,2021-10-19 04:21:00,13300.0,400.0,4607500.0
1482,2021-10-19 04:20:52,13300.0,500.0,4607100.0
1483,2021-10-19 04:20:50,13300.0,700.0,4606600.0
1484,2021-10-19 04:20:19,13300.0,1000.0,4605900.0
1485,2021-10-19 04:20:17,13300.0,500.0,4604900.0
1486,2021-10-19 04:19:53,13300.0,1000.0,4604400.0
1487,2021-10-19 04:19:32,13300.0,200.0,4603400.0
1488,2021-10-19 04:19:26,13300.0,1000.0,4603200.0
1489,2021-10-19 04:19:23,13300.0,100.0,4602200.0
1490,2021-10-19 04:19:23,13300.0,1300.0,4602100.0
1491,2021-10-19 04:19:23,13300.0,500.0,4600800.0
1492,2021-10-19 04:19:23,13300.0,3100.0,4600300.0
1493,2021-10-19 04:19:21,13300.0,2500.0,4597200.0
1494,2021-10-19 04:19:00,13300.0,5000.0,4594700.0
1495,2021-10-19 04:18:58,13300.0,100.0,4589700.0
1496,2021-10-19 04:18:58,13300.0,100.0,4589600.0
1497,2021-10-19 04:18:58,13300.0,1000.0,4589500.0
1498,2021-10-19 04:18:58,13300.0,5000.0,4588500.0
1499,2021-10-19 04:18:58,13300.0,2300.0,4583500.0
1500,2021-10-19 04:18:58,13300.0,900.0,4581200.0
1501,2021-10-19 04:18:52,13300.0,100.0,4580300.0
1502,2021-10-19 04:18:50,13300.0,100.0,4580200.0
1503,2021-10-19 04:18:50,13300.0,900.0,4580100.0
1504,2021-10-19 04:18:42,13300.0,1000.0,4579200.0
1505,2021-10-19 04:18:32,13300.0,5000.0,4578200.0
1506,2021-10-19 04:18:15,13300.0,500.0,4573200.0
1507,2021-10-19 04:18:01,13300.0,1600.0,4572700.0
1508,2021-10-19 04:17:56,13300.0,1000.0,4571100.0
1509,2021-10-19 04:17:56,13300.0,200.0,4570100.0
1510,2021-10-19 04:17:56,13300.0,800.0,4569900.0
1511,2021-10-19 04:17:52,13300.0,100.0,4569100.0
1512,2021-10-19 04:17:52,13300.0,100.0,4569000.0
1513,2021-10-19 04:17:52,13300.0,300.0,4568900.0
1514,2021-10-19 04:17:52,13300.0,200.0,4568600.0
1515,2021-10-19 04:17:52,13300.0,500.0,4568400.0
1516,2021-10-19 04:17:52,13300.0,200.0,4567900.0
1517,2021-10-19 04:17:52,13300.0,2000.0,4567700.0
1518,2021-10-19 04:17:52,13300.0,500.0,4565700.0
1519,2021-10-19 04:17:52,13300.0,100.0,4565200.0
1520,2021-10-19 04:17:52,13300.0,300.0,4565100.0
1521,2021-10-19 04:17:52,13300.0,1000.0,4564800.0
1522,2021-10-19 04:17:52,13300.0,900.0,4563800.0
1523,2021-10-19 04:17:52,13300.0,200.0,4562900.0
1524,2021-10-19 04:17:52,13300.0,200.0,4562700.0
1525,2021-10-19 04:17:52,13300.0,100.0,4562500.0
1526,2021-10-19 04:17:52,13300.0,500.0,4562400.0
1527,2021-10-19 04:17:52,13300.0,2900.0,4561900.0
1528,2021-10-19 04:17:30,13300.0,800.0,4559000.0
1529,2021-10-19 04:17:20,13300.0,2000.0,4558200.0
1530,2021-10-19 04:17:15,13300.0,20000.0,4556200.0
1531,2021-10-19 04:17:08,13350.0,500.0,4536200.0
1532,2021-10-19 04:16:57,13300.0,3300.0,4535700.0
1533,2021-10-19 04:16:23,13300.0,400.0,4532400.0
1534,2021-10-19 04:16:21,13300.0,100.0,4532000.0
1535,2021-10-19 04:16:13,13300.0,2000.0,4531900.0
1536,2021-10-19 04:16:07,13300.0,1500.0,4529900.0
1537,2021-10-19 04:16:07,13300.0,200.0,4528400.0
1538,2021-10-19 04:16:05,13300.0,2000.0,4528200.0
1539,2021-10-19 04:16:05,13300.0,500.0,4526200.0
1540,2021-10-19 04:16:05,13300.0,500.0,4525700.0
1541,2021-10-19 04:16:05,13300.0,200.0,4525200.0
1542,2021-10-19 04:16:05,13300.0,100.0,4525000.0
1543,2021-10-19 04:16:05,13300.0,1000.0,4524900.0
1544,2021-10-19 04:16:05,13300.0,2000.0,4523900.0
1545,2021-10-19 04:16:05,13300.0,2000.0,4521900.0
1546,2021-10-19 04:16:05,13300.0,300.0,4519900.0
1547,2021-10-19 04:16:05,13300.0,100.0,4519600.0
1548,2021-10-19 04:16:05,13300.0,20000.0,4519500.0
1549,2021-10-19 04:16:05,13300.0,1000.0,4499500.0
1550,2021-10-19 04:16:05,13300.0,3000.0,4498500.0
1551,2021-10-19 04:16:05,13300.0,5000.0,4495500.0
1552,2021-10-19 04:16:05,13300.0,1000.0,4490500.0
1553,2021-10-19 04:16:05,13300.0,1000.0,4489500.0
1554,2021-10-19 04:16:05,13300.0,300.0,4488500.0
1555,2021-10-19 04:15:57,13300.0,1700.0,4488200.0
1556,2021-10-19 04:15:57,13300.0,300.0,4486500.0
1557,2021-10-19 04:15:57,13300.0,400.0,4486200.0
1558,2021-10-19 04:15:57,13300.0,400.0,4485800.0
1559,2021-10-19 04:15:57,13300.0,3800.0,4485400.0
1560,2021-10-19 04:15:57,13300.0,2000.0,4481600.0
1561,2021-10-19 04:15:57,13300.0,3000.0,4479600.0
1562,2021-10-19 04:15:57,13300.0,200.0,4476600.0
1563,2021-10-19 04:15:57,13300.0,100.0,4476400.0
1564,2021-10-19 04:15:57,13300.0,1000.0,4476300.0
1565,2021-10-19 04:15:57,13300.0,500.0,4475300.0
1566,2021-10-19 04:15:57,13300.0,2000.0,4474800.0
1567,2021-10-19 04:15:57,13300.0,200.0,4472800.0
1568,2021-10-19 04:15:57,13300.0,100.0,4472600.0
1569,2021-10-19 04:15:57,13300.0,1200.0,4472500.0
1570,2021-10-19 04:15:57,13300.0,1000.0,4471300.0
1571,2021-10-19 04:15:57,13300.0,500.0,4470300.0
1572,2021-10-19 04:15:57,13300.0,1200.0,4469800.0
1573,2021-10-19 04:15:57,13300.0,10000.0,4468600.0
1574,2021-10-19 04:15:57,13300.0,200.0,4458600.0
1575,2021-10-19 04:15:57,13300.0,400.0,4458400.0
1576,2021-10-19 04:15:57,13300.0,10000.0,4458000.0
1577,2021-10-19 04:15:57,13300.0,1300.0,4448000.0
1578,2021-10-19 04:15:57,13300.0,300.0,4446700.0
1579,2021-10-19 04:15:57,13300.0,1000.0,4446400.0
1580,2021-10-19 04:15:57,13300.0,100.0,4445400.0
1581,2021-10-19 04:15:57,13300.0,1000.0,4445300.0
1582,2021-10-19 04:15:57,13300.0,5000.0,4444300.0
1583,2021-10-19 04:15:57,13300.0,1100.0,4439300.0
1584,2021-10-19 04:15:42,13300.0,200.0,4438200.0
1585,2021-10-19 04:15:13,13300.0,100.0,4438000.0
1586,2021-10-19 04:15:11,13300.0,2400.0,4437900.0
1587,2021-10-19 04:15:03,13300.0,500.0,4435500.0
1588,2021-10-19 04:14:49,13300.0,5700.0,4435000.0
1589,2021-10-19 04:14:49,13300.0,300.0,4429300.0
1590,2021-10-19 04:14:49,13300.0,100.0,4429000.0
1591,2021-10-19 04:14:49,13350.0,2000.0,4428900.0
1592,2021-10-19 04:14:08,13300.0,600.0,4426900.0
1593,2021-10-19 04:14:08,13300.0,2400.0,4426300.0
1594,2021-10-19 04:13:49,13300.0,10000.0,4423900.0
1595,2021-10-19 04:13:04,13300.0,3500.0,4413900.0
1596,2021-10-19 04:12:54,13300.0,2100.0,4410400.0
1597,2021-10-19 04:12:20,13300.0,2000.0,4408300.0
1598,2021-10-19 04:11:40,13350.0,6600.0,4406300.0
1599,2021-10-19 04:11:40,13350.0,2600.0,4399700.0
1600,2021-10-19 04:11:40,13350.0,1500.0,4397100.0
1601,2021-10-19 04:11:40,13350.0,300.0,4395600.0
1602,2021-10-19 04:11:40,13350.0,1000.0,4395300.0
1603,2021-10-19 04:11:40,13350.0,5000.0,4394300.0
1604,2021-10-19 04:11:40,13350.0,200.0,4389300.0
1605,2021-10-19 04:11:40,13350.0,500.0,4389100.0
1606,2021-10-19 04:11:40,13350.0,1300.0,4388600.0
1607,2021-10-19 04:11:24,13350.0,200.0,4387300.0
1608,2021-10-19 04:11:19,13350.0,100.0,4387100.0
1609,2021-10-19 04:11:11,13350.0,100.0,4387000.0
1610,2021-10-19 04:11:07,13350.0,300.0,4386900.0
1611,2021-10-19 04:11:07,13350.0,500.0,4386600.0
1612,2021-10-19 04:11:07,13350.0,200.0,4386100.0
1613,2021-10-19 04:11:07,13350.0,200.0,4385900.0
1614,2021-10-19 04:11:07,13350.0,1000.0,4385700.0
1615,2021-10-19 04:11:07,13350.0,900.0,4384700.0
1616,2021-10-19 04:10:47,13350.0,1100.0,4383800.0
1617,2021-10-19 04:10:47,13350.0,2000.0,4382700.0
1618,2021-10-19 04:10:47,13350.0,1000.0,4380700.0
1619,2021-10-19 04:10:47,13350.0,100.0,4379700.0
1620,2021-10-19 04:10:47,13350.0,800.0,4379600.0
1621,2021-10-19 04:10:29,13350.0,200.0,4378800.0
1622,2021-10-19 04:10:20,13350.0,1000.0,4378600.0
1623,2021-10-19 04:10:10,13350.0,500.0,4377600.0
1624,2021-10-19 04:09:53,13350.0,100.0,4377100.0
1625,2021-10-19 04:09:44,13350.0,400.0,4377000.0
1626,2021-10-19 04:09:44,13350.0,1500.0,4376600.0
1627,2021-10-19 04:09:44,13350.0,1000.0,4375100.0
1628,2021-10-19 04:09:44,13350.0,1000.0,4374100.0
1629,2021-10-19 04:09:44,13350.0,1100.0,4373100.0
1630,2021-10-19 04:09:42,13350.0,500.0,4372000.0
1631,2021-10-19 04:09:42,13350.0,100.0,4371500.0
1632,2021-10-19 04:09:42,13350.0,100.0,4371400.0
1633,2021-10-19 04:09:42,13350.0,600.0,4371300.0
1634,2021-10-19 04:09:42,13350.0,100.0,4370700.0
1635,2021-10-19 04:09:42,13350.0,800.0,4370600.0
1636,2021-10-19 04:09:27,13350.0,1200.0,4369800.0
1637,2021-10-19 04:09:27,13350.0,300.0,4368600.0
1638,2021-10-19 04:09:27,13350.0,1500.0,4368300.0
1639,2021-10-19 04:08:31,13350.0,28500.0,4366800.0
1640,2021-10-19 04:08:31,13350.0,1500.0,4338300.0
1641,2021-10-19 04:08:14,13350.0,500.0,4336800.0
1642,2021-10-19 04:08:14,13350.0,1000.0,4336300.0
1643,2021-10-19 04:08:14,13350.0,3000.0,4335300.0
1644,2021-10-19 04:08:14,13350.0,2500.0,4332300.0
1645,2021-10-19 04:08:14,13350.0,500.0,4329800.0
1646,2021-10-19 04:08:14,13350.0,2000.0,4329300.0
1647,2021-10-19 04:08:14,13350.0,100.0,4327300.0
1648,2021-10-19 04:08:14,13350.0,400.0,4327200.0
1649,2021-10-19 04:07:57,13350.0,1000.0,4326800.0
1650,2021-10-19 04:06:56,13350.0,600.0,4325800.0
1651,2021-10-19 04:06:56,13350.0,600.0,4325200.0
1652,2021-10-19 04:06:56,13350.0,500.0,4324600.0
1653,2021-10-19 04:06:56,13350.0,100.0,4324100.0
1654,2021-10-19 04:06:56,13350.0,100.0,4324000.0
1655,2021-10-19 04:06:56,13350.0,600.0,4323900.0
1656,2021-10-19 04:06:01,13350.0,400.0,4323300.0
1657,2021-10-19 04:06:01,13350.0,4600.0,4322900.0
1658,2021-10-19 04:05:17,13300.0,1000.0,4318300.0
1659,2021-10-19 04:05:16,13350.0,300.0,4317300.0
1660,2021-10-19 04:04:43,13300.0,5400.0,4317000.0
1661,2021-10-19 04:04:09,13350.0,2000.0,4311600.0
1662,2021-10-19 04:03:20,13350.0,200.0,4309600.0
1663,2021-10-19 04:03:03,13350.0,100.0,4309400.0
1664,2021-10-19 04:02:35,13350.0,2000.0,4309300.0
1665,2021-10-19 04:02:31,13350.0,200.0,4307300.0
1666,2021-10-19 04:02:28,13350.0,3000.0,4307100.0
1667,2021-10-19 04:02:14,13350.0,100.0,4304100.0
1668,2021-10-19 04:00:29,13350.0,1200.0,4304000.0
1669,2021-10-19 04:00:27,13300.0,11000.0,4302800.0
1670,2021-10-19 04:00:14,13300.0,2600.0,4291800.0
1671,2021-10-19 04:00:14,13300.0,1400.0,4289200.0
1672,2021-10-19 04:00:14,13300.0,100.0,4287800.0
1673,2021-10-19 04:00:14,13300.0,300.0,4287700.0
1674,2021-10-19 04:00:14,13300.0,200.0,4287400.0
1675,2021-10-19 04:00:14,13300.0,100.0,4287200.0
1676,2021-10-19 04:00:14,13300.0,300.0,4287100.0
1677,2021-10-19 04:00:14,13300.0,500.0,4286800.0
1678,2021-10-19 04:00:14,13300.0,1100.0,4286300.0
1679,2021-10-19 04:00:14,13300.0,700.0,4285200.0
1680,2021-10-19 04:00:14,13300.0,300.0,4284500.0
1681,2021-10-19 04:00:09,13350.0,500.0,4284200.0
1682,2021-10-19 04:00:08,13300.0,5000.0,4283700.0
1683,2021-10-19 03:59:59,13300.0,500.0,4278700.0
1684,2021-10-19 03:59:28,13300.0,1000.0,4278200.0
1685,2021-10-19 03:59:28,13300.0,2200.0,4277200.0
1686,2021-10-19 03:59:28,13300.0,3000.0,4275000.0
1687,2021-10-19 03:59:28,13300.0,10000.0,4272000.0
1688,2021-10-19 03:59:28,13300.0,100.0,4262000.0
1689,2021-10-19 03:59:28,13300.0,400.0,4261900.0
1690,2021-10-19 03:59:28,13300.0,200.0,4261500.0
1691,2021-10-19 03:59:28,13300.0,2000.0,4261300.0
1692,2021-10-19 03:59:28,13300.0,100.0,4259300.0
1693,2021-10-19 03:59:28,13300.0,2000.0,4259200.0
1694,2021-10-19 03:59:28,13300.0,500.0,4257200.0
1695,2021-10-19 03:59:28,13300.0,14000.0,4256700.0
1696,2021-10-19 03:59:25,13350.0,800.0,4242700.0
1697,2021-10-19 03:59:25,13350.0,100.0,4241900.0
1698,2021-10-19 03:59:25,13350.0,1000.0,4241800.0
1699,2021-10-19 03:59:25,13350.0,700.0,4240800.0
1700,2021-10-19 03:59:25,13350.0,1000.0,4240100.0
1701,2021-10-19 03:59:23,13350.0,5000.0,4239100.0
1702,2021-10-19 03:59:06,13350.0,500.0,4234100.0
1703,2021-10-19 03:58:49,13300.0,1000.0,4233600.0
1704,2021-10-19 03:58:46,13300.0,200.0,4232600.0
1705,2021-10-19 03:58:06,13300.0,3000.0,4232400.0
1706,2021-10-19 03:57:55,13350.0,100.0,4229400.0
1707,2021-10-19 03:57:35,13300.0,10000.0,4229300.0
1708,2021-10-19 03:57:19,13300.0,200.0,4219300.0
1709,2021-10-19 03:57:09,13300.0,1000.0,4219100.0
1710,2021-10-19 03:56:53,13300.0,7600.0,4218100.0
1711,2021-10-19 03:56:38,13300.0,10000.0,4210500.0
1712,2021-10-19 03:56:06,13300.0,3000.0,4200500.0
1713,2021-10-19 03:56:04,13350.0,200.0,4197500.0
1714,2021-10-19 03:55:59,13350.0,700.0,4197300.0
1715,2021-10-19 03:55:59,13350.0,100.0,4196600.0
1716,2021-10-19 03:55:59,13350.0,900.0,4196500.0
1717,2021-10-19 03:55:59,13350.0,1000.0,4195600.0
1718,2021-10-19 03:55:59,13350.0,400.0,4194600.0
1719,2021-10-19 03:55:59,13350.0,500.0,4194200.0
1720,2021-10-19 03:55:59,13350.0,100.0,4193700.0
1721,2021-10-19 03:55:59,13350.0,300.0,4193600.0
1722,2021-10-19 03:55:59,13350.0,1000.0,4193300.0
1723,2021-10-19 03:55:55,13300.0,100.0,4192300.0
1724,2021-10-19 03:55:09,13350.0,300.0,4192200.0
1725,2021-10-19 03:55:00,13350.0,1700.0,4191900.0
1726,2021-10-19 03:55:00,13350.0,300.0,4190200.0
1727,2021-10-19 03:54:53,13350.0,1300.0,4189900.0
1728,2021-10-19 03:54:53,13350.0,1000.0,4188600.0
1729,2021-10-19 03:54:53,13350.0,1500.0,4187600.0
1730,2021-10-19 03:54:53,13350.0,1200.0,4186100.0
1731,2021-10-19 03:54:36,13350.0,800.0,4184900.0
1732,2021-10-19 03:54:36,13350.0,400.0,4184100.0
1733,2021-10-19 03:54:36,13350.0,7500.0,4183700.0
1734,2021-10-19 03:54:13,13300.0,100.0,4176200.0
1735,2021-10-19 03:53:55,13350.0,3000.0,4176100.0
1736,2021-10-19 03:53:44,13300.0,100.0,4173100.0
1737,2021-10-19 03:53:31,13350.0,100.0,4173000.0
1738,2021-10-19 03:53:30,13350.0,100.0,4172900.0
1739,2021-10-19 03:53:06,13350.0,100.0,4172800.0
1740,2021-10-19 03:52:58,13350.0,100.0,4172700.0
1741,2021-10-19 03:52:52,13350.0,1000.0,4172600.0
1742,2021-10-19 03:52:51,13300.0,100.0,4171600.0
1743,2021-10-19 03:52:21,13350.0,2000.0,4171500.0
1744,2021-10-19 03:52:19,13350.0,1000.0,4169500.0
1745,2021-10-19 03:52:16,13350.0,200.0,4168500.0
1746,2021-10-19 03:51:53,13350.0,1500.0,4168300.0
1747,2021-10-19 03:51:39,13300.0,600.0,4166800.0
1748,2021-10-19 03:51:39,13300.0,1000.0,4166200.0
1749,2021-10-19 03:51:39,13300.0,100.0,4165200.0
1750,2021-10-19 03:51:39,13300.0,1500.0,4165100.0
1751,2021-10-19 03:51:22,13300.0,7000.0,4163600.0
1752,2021-10-19 03:51:20,13350.0,100.0,4156600.0
1753,2021-10-19 03:51:16,13350.0,500.0,4156500.0
1754,2021-10-19 03:51:09,13350.0,10000.0,4156000.0
1755,2021-10-19 03:51:06,13350.0,5000.0,4146000.0
1756,2021-10-19 03:51:01,13350.0,300.0,4141000.0
1757,2021-10-19 03:50:59,13350.0,200.0,4140700.0
1758,2021-10-19 03:50:56,13350.0,2000.0,4140500.0
1759,2021-10-19 03:50:56,13350.0,800.0,4138500.0
1760,2021-10-19 03:50:56,13350.0,10000.0,4137700.0
1761,2021-10-19 03:50:56,13350.0,1000.0,4127700.0
1762,2021-10-19 03:50:56,13350.0,1400.0,4126700.0
1763,2021-10-19 03:50:56,13350.0,20000.0,4125300.0
1764,2021-10-19 03:50:56,13350.0,3500.0,4105300.0
1765,2021-10-19 03:50:56,13350.0,1000.0,4101800.0
1766,2021-10-19 03:50:56,13350.0,200.0,4100800.0
1767,2021-10-19 03:50:56,13350.0,25000.0,4100600.0
1768,2021-10-19 03:50:56,13350.0,2400.0,4075600.0
1769,2021-10-19 03:50:56,13350.0,1000.0,4073200.0
1770,2021-10-19 03:50:53,13350.0,2600.0,4072200.0
1771,2021-10-19 03:50:53,13350.0,1900.0,4069600.0
1772,2021-10-19 03:50:10,13350.0,100.0,4067700.0
1773,2021-10-19 03:50:10,13350.0,200.0,4067600.0
1774,2021-10-19 03:50:06,13350.0,200.0,4067400.0
1775,2021-10-19 03:49:54,13350.0,1500.0,4067200.0
1776,2021-10-19 03:49:49,13400.0,1100.0,4065700.0
1777,2021-10-19 03:49:49,13350.0,200.0,4064600.0
1778,2021-10-19 03:49:48,13350.0,1200.0,4064400.0
1779,2021-10-19 03:49:48,13350.0,200.0,4063200.0
1780,2021-10-19 03:49:41,13350.0,800.0,4063000.0
1781,2021-10-19 03:49:41,13350.0,200.0,4062200.0
1782,2021-10-19 03:49:39,13400.0,10600.0,4062000.0
1783,2021-10-19 03:49:39,13400.0,200.0,4051400.0
1784,2021-10-19 03:49:39,13400.0,2000.0,4051200.0
1785,2021-10-19 03:49:39,13400.0,7200.0,4049200.0
1786,2021-10-19 03:49:36,13350.0,800.0,4042000.0
1787,2021-10-19 03:49:35,13350.0,3900.0,4041200.0
1788,2021-10-19 03:49:35,13350.0,1100.0,4037300.0
1789,2021-10-19 03:49:33,13350.0,800.0,4036200.0
1790,2021-10-19 03:49:33,13350.0,100.0,4035400.0
1791,2021-10-19 03:49:33,13350.0,1000.0,4035300.0
1792,2021-10-19 03:49:33,13350.0,100.0,4034300.0
1793,2021-10-19 03:49:27,13350.0,4000.0,4034200.0
1794,2021-10-19 03:49:21,13350.0,300.0,4030200.0
1795,2021-10-19 03:49:18,13350.0,15000.0,4029900.0
1796,2021-10-19 03:49:17,13350.0,500.0,4014900.0
1797,2021-10-19 03:49:16,13350.0,2000.0,4014400.0
1798,2021-10-19 03:49:14,13350.0,3100.0,4012400.0
1799,2021-10-19 03:49:14,13350.0,5000.0,4009300.0
1800,2021-10-19 03:49:14,13350.0,5000.0,4004300.0
1801,2021-10-19 03:49:14,13350.0,900.0,3999300.0
1802,2021-10-19 03:49:14,13350.0,5000.0,3998400.0
1803,2021-10-19 03:49:14,13350.0,5000.0,3993400.0
1804,2021-10-19 03:49:14,13350.0,1000.0,3988400.0
1805,2021-10-19 03:49:14,13350.0,5000.0,3987400.0
1806,2021-10-19 03:49:14,13350.0,300.0,3982400.0
1807,2021-10-19 03:49:14,13350.0,5000.0,3982100.0
1808,2021-10-19 03:49:14,13350.0,1000.0,3977100.0
1809,2021-10-19 03:49:14,13350.0,300.0,3976100.0
1810,2021-10-19 03:49:14,13350.0,400.0,3975800.0
1811,2021-10-19 03:49:14,13350.0,100.0,3975400.0
1812,2021-10-19 03:49:14,13350.0,2800.0,3975300.0
1813,2021-10-19 03:49:14,13350.0,2100.0,3972500.0
1814,2021-10-19 03:49:12,13350.0,500.0,3970400.0
1815,2021-10-19 03:49:10,13350.0,500.0,3969900.0
1816,2021-10-19 03:49:09,13350.0,100.0,3969400.0
1817,2021-10-19 03:49:09,13350.0,600.0,3969300.0
1818,2021-10-19 03:49:00,13350.0,1000.0,3968700.0
1819,2021-10-19 03:48:56,13350.0,1000.0,3967700.0
1820,2021-10-19 03:48:56,13350.0,13000.0,3966700.0
1821,2021-10-19 03:48:52,13350.0,20000.0,3953700.0
1822,2021-10-19 03:48:44,13350.0,1000.0,3933700.0
1823,2021-10-19 03:48:41,13350.0,7200.0,3932700.0
1824,2021-10-19 03:48:35,13350.0,300.0,3925500.0
1825,2021-10-19 03:48:35,13350.0,600.0,3925200.0
1826,2021-10-19 03:48:32,13350.0,100.0,3924600.0
1827,2021-10-19 03:48:25,13350.0,2000.0,3924500.0
1828,2021-10-19 03:48:25,13350.0,8000.0,3922500.0
1829,2021-10-19 03:48:22,13350.0,5000.0,3914500.0
1830,2021-10-19 03:48:11,13350.0,1000.0,3909500.0
1831,2021-10-19 03:48:06,13350.0,100.0,3908500.0
1832,2021-10-19 03:48:04,13350.0,500.0,3908400.0
1833,2021-10-19 03:48:03,13350.0,200.0,3907900.0
1834,2021-10-19 03:47:49,13350.0,100.0,3907700.0
1835,2021-10-19 03:47:49,13350.0,100.0,3907600.0
1836,2021-10-19 03:47:49,13350.0,300.0,3907500.0
1837,2021-10-19 03:47:49,13350.0,600.0,3907200.0
1838,2021-10-19 03:47:49,13350.0,1000.0,3906600.0
1839,2021-10-19 03:47:49,13350.0,1000.0,3905600.0
1840,2021-10-19 03:47:44,13350.0,500.0,3904600.0
1841,2021-10-19 03:47:40,13400.0,5000.0,3904100.0
1842,2021-10-19 03:47:16,13400.0,2000.0,3899100.0
1843,2021-10-19 03:47:12,13400.0,3000.0,3897100.0
1844,2021-10-19 03:46:42,13400.0,3300.0,3894100.0
1845,2021-10-19 03:46:41,13400.0,1000.0,3890800.0
1846,2021-10-19 03:46:32,13400.0,700.0,3889800.0
1847,2021-10-19 03:46:19,13400.0,1000.0,3889100.0
1848,2021-10-19 03:46:02,13400.0,5000.0,3888100.0
1849,2021-10-19 03:45:56,13400.0,5000.0,3883100.0
1850,2021-10-19 03:45:56,13400.0,2000.0,3878100.0
1851,2021-10-19 03:45:55,13400.0,5000.0,3876100.0
1852,2021-10-19 03:45:46,13400.0,5000.0,3871100.0
1853,2021-10-19 03:45:44,13400.0,500.0,3866100.0
1854,2021-10-19 03:45:42,13400.0,1000.0,3865600.0
1855,2021-10-19 03:45:41,13400.0,1000.0,3864600.0
1856,2021-10-19 03:45:34,13400.0,300.0,3863600.0
1857,2021-10-19 03:45:31,13400.0,10000.0,3863300.0
1858,2021-10-19 03:45:30,13350.0,1800.0,3853300.0
1859,2021-10-19 03:45:29,13400.0,5000.0,3851500.0
1860,2021-10-19 03:45:28,13400.0,5000.0,3846500.0
1861,2021-10-19 03:45:27,13400.0,800.0,3841500.0
1862,2021-10-19 03:45:23,13400.0,31200.0,3840700.0
1863,2021-10-19 03:45:23,13400.0,200.0,3809500.0
1864,2021-10-19 03:45:23,13400.0,3000.0,3809300.0
1865,2021-10-19 03:45:23,13400.0,10000.0,3806300.0
1866,2021-10-19 03:45:23,13400.0,500.0,3796300.0
1867,2021-10-19 03:45:23,13400.0,100.0,3795800.0
1868,2021-10-19 03:45:23,13400.0,2000.0,3795700.0
1869,2021-10-19 03:45:23,13400.0,2000.0,3793700.0
1870,2021-10-19 03:45:23,13400.0,1000.0,3791700.0
1871,2021-10-19 03:45:23,13400.0,500.0,3790700.0
1872,2021-10-19 03:45:21,13400.0,600.0,3790200.0
1873,2021-10-19 03:45:18,13400.0,2900.0,3789600.0
1874,2021-10-19 03:45:18,13400.0,100.0,3786700.0
1875,2021-10-19 03:45:11,13400.0,100.0,3786600.0
1876,2021-10-19 03:45:00,13350.0,2000.0,3786500.0
1877,2021-10-19 03:44:59,13350.0,500.0,3784500.0
1878,2021-10-19 03:44:57,13400.0,1200.0,3784000.0
1879,2021-10-19 03:44:47,13400.0,3600.0,3782800.0
1880,2021-10-19 03:44:47,13400.0,200.0,3779200.0
1881,2021-10-19 03:44:35,13350.0,4000.0,3779000.0
1882,2021-10-19 03:44:34,13400.0,1000.0,3775000.0
1883,2021-10-19 03:44:27,13400.0,100.0,3774000.0
1884,2021-10-19 03:44:15,13350.0,2700.0,3773900.0
1885,2021-10-19 03:44:09,13400.0,5000.0,3771200.0
1886,2021-10-19 03:44:03,13400.0,100.0,3766200.0
1887,2021-10-19 03:44:03,13400.0,2500.0,3766100.0
1888,2021-10-19 03:43:57,13400.0,1100.0,3763600.0
1889,2021-10-19 03:43:57,13400.0,2900.0,3762500.0
1890,2021-10-19 03:43:31,13400.0,3000.0,3759600.0
1891,2021-10-19 03:43:26,13400.0,3100.0,3756600.0
1892,2021-10-19 03:43:26,13400.0,900.0,3753500.0
1893,2021-10-19 03:43:19,13400.0,1000.0,3752600.0
1894,2021-10-19 03:43:13,13400.0,100.0,3751600.0
1895,2021-10-19 03:43:02,13350.0,5000.0,3751500.0
1896,2021-10-19 03:42:53,13350.0,9000.0,3746500.0
1897,2021-10-19 03:42:52,13350.0,5000.0,3737500.0
1898,2021-10-19 03:42:52,13350.0,2500.0,3732500.0
1899,2021-10-19 03:42:52,13350.0,100.0,3730000.0
1900,2021-10-19 03:42:52,13350.0,10000.0,3729900.0
1901,2021-10-19 03:42:52,13350.0,100.0,3719900.0
1902,2021-10-19 03:42:52,13350.0,3000.0,3719800.0
1903,2021-10-19 03:42:52,13350.0,100.0,3716800.0
1904,2021-10-19 03:42:52,13350.0,5000.0,3716700.0
1905,2021-10-19 03:42:52,13350.0,1000.0,3711700.0
1906,2021-10-19 03:42:52,13350.0,5000.0,3710700.0
1907,2021-10-19 03:42:52,13350.0,1000.0,3705700.0
1908,2021-10-19 03:42:52,13350.0,2000.0,3704700.0
1909,2021-10-19 03:42:52,13350.0,5000.0,3702700.0
1910,2021-10-19 03:42:52,13350.0,3000.0,3697700.0
1911,2021-10-19 03:42:52,13350.0,700.0,3694700.0
1912,2021-10-19 03:42:49,13350.0,300.0,3694000.0
1913,2021-10-19 03:42:49,13350.0,100.0,3693700.0
1914,2021-10-19 03:42:49,13350.0,200.0,3693600.0
1915,2021-10-19 03:42:49,13350.0,500.0,3693400.0
1916,2021-10-19 03:42:49,13350.0,200.0,3692900.0
1917,2021-10-19 03:42:49,13350.0,600.0,3692700.0
1918,2021-10-19 03:42:49,13350.0,300.0,3692100.0
1919,2021-10-19 03:42:49,13350.0,100.0,3691800.0
1920,2021-10-19 03:42:49,13350.0,20000.0,3691700.0
1921,2021-10-19 03:42:49,13350.0,100.0,3671700.0
1922,2021-10-19 03:42:49,13350.0,100.0,3671600.0
1923,2021-10-19 03:42:49,13350.0,300.0,3671500.0
1924,2021-10-19 03:42:49,13350.0,7200.0,3671200.0
1925,2021-10-19 03:42:44,13350.0,200.0,3664000.0
1926,2021-10-19 03:42:43,13350.0,2600.0,3663800.0
1927,2021-10-19 03:42:43,13350.0,500.0,3661200.0
1928,2021-10-19 03:42:43,13350.0,500.0,3660700.0
1929,2021-10-19 03:42:43,13350.0,4000.0,3660200.0
1930,2021-10-19 03:42:43,13350.0,500.0,3656200.0
1931,2021-10-19 03:42:43,13350.0,5000.0,3655700.0
1932,2021-10-19 03:42:43,13350.0,500.0,3650700.0
1933,2021-10-19 03:42:43,13350.0,5000.0,3650200.0
1934,2021-10-19 03:42:43,13350.0,100.0,3645200.0
1935,2021-10-19 03:42:43,13350.0,4700.0,3645100.0
1936,2021-10-19 03:42:39,13350.0,300.0,3640400.0
1937,2021-10-19 03:42:24,13300.0,2000.0,3640100.0
1938,2021-10-19 03:42:22,13300.0,4400.0,3638100.0
1939,2021-10-19 03:42:22,13300.0,600.0,3633700.0
1940,2021-10-19 03:42:08,13300.0,500.0,3633100.0
1941,2021-10-19 03:42:05,13300.0,400.0,3632600.0
1942,2021-10-19 03:41:59,13300.0,2200.0,3632200.0
1943,2021-10-19 03:41:57,13300.0,1000.0,3630000.0
1944,2021-10-19 03:41:37,13300.0,500.0,3629000.0
1945,2021-10-19 03:41:37,13300.0,1000.0,3628500.0
1946,2021-10-19 03:41:37,13300.0,400.0,3627500.0
1947,2021-10-19 03:41:37,13300.0,100.0,3627100.0
1948,2021-10-19 03:41:37,13300.0,600.0,3627000.0
1949,2021-10-19 03:41:37,13300.0,100.0,3626400.0
1950,2021-10-19 03:41:37,13300.0,200.0,3626300.0
1951,2021-10-19 03:41:37,13300.0,100.0,3626100.0
1952,2021-10-19 03:41:37,13300.0,1500.0,3626000.0
1953,2021-10-19 03:41:37,13300.0,100.0,3624500.0
1954,2021-10-19 03:41:37,13300.0,500.0,3624400.0
1955,2021-10-19 03:41:37,13300.0,2400.0,3623900.0
1956,2021-10-19 03:41:37,13300.0,2800.0,3621500.0
1957,2021-10-19 03:41:34,13300.0,200.0,3618700.0
1958,2021-10-19 03:41:30,13300.0,500.0,3618500.0
1959,2021-10-19 03:41:26,13300.0,2000.0,3618000.0
1960,2021-10-19 03:41:25,13300.0,500.0,3616000.0
1961,2021-10-19 03:41:24,13300.0,4800.0,3615500.0
1962,2021-10-19 03:41:24,13300.0,400.0,3610700.0
1963,2021-10-19 03:41:21,13300.0,1000.0,3610300.0
1964,2021-10-19 03:41:13,13300.0,5000.0,3609300.0
1965,2021-10-19 03:41:10,13300.0,10000.0,3604300.0
1966,2021-10-19 03:41:07,13300.0,200.0,3594300.0
1967,2021-10-19 03:41:06,13300.0,800.0,3594100.0
1968,2021-10-19 03:41:05,13300.0,1000.0,3593300.0
1969,2021-10-19 03:41:05,13300.0,1000.0,3592300.0
1970,2021-10-19 03:41:03,13300.0,5000.0,3591300.0
1971,2021-10-19 03:41:02,13300.0,24800.0,3586300.0
1972,2021-10-19 03:41:02,13300.0,500.0,3561500.0
1973,2021-10-19 03:41:02,13300.0,400.0,3561000.0
1974,2021-10-19 03:41:02,13300.0,2000.0,3560600.0
1975,2021-10-19 03:41:02,13300.0,500.0,3558600.0
1976,2021-10-19 03:41:02,13300.0,300.0,3558100.0
1977,2021-10-19 03:41:02,13300.0,100.0,3557800.0
1978,2021-10-19 03:41:02,13300.0,600.0,3557700.0
1979,2021-10-19 03:41:02,13300.0,500.0,3557100.0
1980,2021-10-19 03:41:02,13300.0,1000.0,3556600.0
1981,2021-10-19 03:41:02,13300.0,3000.0,3555600.0
1982,2021-10-19 03:41:02,13300.0,100.0,3552600.0
1983,2021-10-19 03:41:02,13300.0,1000.0,3552500.0
1984,2021-10-19 03:41:02,13300.0,1000.0,3551500.0
1985,2021-10-19 03:41:02,13300.0,400.0,3550500.0
1986,2021-10-19 03:41:02,13300.0,100.0,3550100.0
1987,2021-10-19 03:41:02,13300.0,2500.0,3550000.0
1988,2021-10-19 03:41:02,13300.0,1700.0,3547500.0
1989,2021-10-19 03:41:02,13300.0,100.0,3545800.0
1990,2021-10-19 03:41:02,13300.0,1000.0,3545700.0
1991,2021-10-19 03:41:02,13300.0,100.0,3544700.0
1992,2021-10-19 03:41:02,13300.0,100.0,3544600.0
1993,2021-10-19 03:41:02,13300.0,5000.0,3544500.0
1994,2021-10-19 03:41:02,13300.0,1000.0,3539500.0
1995,2021-10-19 03:41:02,13300.0,500.0,3538500.0
1996,2021-10-19 03:41:02,13300.0,5000.0,3538000.0
1997,2021-10-19 03:41:02,13300.0,1000.0,3533000.0
1998,2021-10-19 03:41:02,13300.0,3000.0,3532000.0
1999,2021-10-19 03:41:02,13300.0,1000.0,3529000.0
2000,2021-10-19 03:41:02,13300.0,1000.0,3528000.0
2001,2021-10-19 03:41:02,13300.0,500.0,3527000.0
2002,2021-10-19 03:41:02,13300.0,300.0,3526500.0
2003,2021-10-19 03:41:02,13300.0,1000.0,3526200.0
2004,2021-10-19 03:41:02,13300.0,100.0,3525200.0
2005,2021-10-19 03:41:02,13300.0,200.0,3525100.0
2006,2021-10-19 03:41:02,13300.0,400.0,3524900.0
2007,2021-10-19 03:41:02,13300.0,100.0,3524500.0
2008,2021-10-19 03:41:02,13300.0,2000.0,3524400.0
2009,2021-10-19 03:41:02,13300.0,400.0,3522400.0
2010,2021-10-19 03:41:02,13300.0,100.0,3522000.0
2011,2021-10-19 03:41:02,13300.0,100.0,3521900.0
2012,2021-10-19 03:41:02,13300.0,100.0,3521800.0
2013,2021-10-19 03:41:02,13300.0,1500.0,3521700.0
2014,2021-10-19 03:41:02,13300.0,1000.0,3520200.0
2015,2021-10-19 03:41:02,13300.0,200.0,3519200.0
2016,2021-10-19 03:41:02,13300.0,10000.0,3519000.0
2017,2021-10-19 03:41:02,13300.0,600.0,3509000.0
2018,2021-10-19 03:41:02,13300.0,300.0,3508400.0
2019,2021-10-19 03:41:02,13300.0,5000.0,3508100.0
2020,2021-10-19 03:41:02,13300.0,1000.0,3503100.0
2021,2021-10-19 03:41:02,13300.0,1000.0,3502100.0
2022,2021-10-19 03:41:02,13300.0,200.0,3501100.0
2023,2021-10-19 03:41:02,13300.0,500.0,3500900.0
2024,2021-10-19 03:41:02,13300.0,1000.0,3500400.0
2025,2021-10-19 03:41:02,13300.0,1000.0,3499400.0
2026,2021-10-19 03:41:02,13300.0,500.0,3498400.0
2027,2021-10-19 03:41:02,13300.0,1000.0,3497900.0
2028,2021-10-19 03:41:02,13300.0,100.0,3496900.0
2029,2021-10-19 03:41:02,13300.0,500.0,3496800.0
2030,2021-10-19 03:41:02,13300.0,500.0,3496300.0
2031,2021-10-19 03:41:02,13300.0,300.0,3495800.0
2032,2021-10-19 03:41:02,13300.0,9200.0,3495500.0
2033,2021-10-19 03:40:52,13300.0,100.0,3486300.0
2034,2021-10-19 03:40:46,13300.0,1000.0,3486200.0
2035,2021-10-19 03:40:45,13300.0,5700.0,3485200.0
2036,2021-10-19 03:40:45,13300.0,1000.0,3479500.0
2037,2021-10-19 03:40:45,13300.0,500.0,3478500.0
2038,2021-10-19 03:40:45,13300.0,200.0,3478000.0
2039,2021-10-19 03:40:45,13300.0,2600.0,3477800.0
