,Time,Price,Volume_per_trade,Volume
0,2021-10-12 07:45:00,12700.0,4000.0,10565200.0
1,2021-10-12 07:45:00,12700.0,800.0,10561200.0
2,2021-10-12 07:45:00,12700.0,400.0,10560400.0
3,2021-10-12 07:45:00,12700.0,500.0,10560000.0
4,2021-10-12 07:45:00,12700.0,3500.0,10559500.0
5,2021-10-12 07:45:00,12700.0,1000.0,10556000.0
6,2021-10-12 07:45:00,12700.0,200.0,10555000.0
7,2021-10-12 07:45:00,12700.0,5000.0,10554800.0
8,2021-10-12 07:45:00,12700.0,10300.0,10549800.0
9,2021-10-12 07:45:00,12700.0,3200.0,10539500.0
10,2021-10-12 07:45:00,12700.0,100.0,10536300.0
11,2021-10-12 07:45:00,12700.0,1400.0,10536200.0
12,2021-10-12 07:45:00,12700.0,3000.0,10534800.0
13,2021-10-12 07:45:00,12700.0,100.0,10531800.0
14,2021-10-12 07:45:00,12700.0,5500.0,10531700.0
15,2021-10-12 07:45:00,12700.0,1900.0,10526200.0
16,2021-10-12 07:45:00,12700.0,1000.0,10524300.0
17,2021-10-12 07:45:00,12700.0,500.0,10523300.0
18,2021-10-12 07:45:00,12700.0,500.0,10522800.0
19,2021-10-12 07:45:00,12700.0,500.0,10522300.0
20,2021-10-12 07:45:00,12700.0,200.0,10521800.0
21,2021-10-12 07:45:00,12700.0,100.0,10521600.0
22,2021-10-12 07:45:00,12700.0,500.0,10521500.0
23,2021-10-12 07:45:00,12700.0,5500.0,10521000.0
24,2021-10-12 07:45:00,12700.0,3800.0,10515500.0
25,2021-10-12 07:45:00,12700.0,5000.0,10511700.0
26,2021-10-12 07:45:00,12700.0,5000.0,10506700.0
27,2021-10-12 07:45:00,12700.0,2800.0,10501700.0
28,2021-10-12 07:45:00,12700.0,100.0,10498900.0
29,2021-10-12 07:45:00,12700.0,4600.0,10498800.0
30,2021-10-12 07:45:00,12700.0,12100.0,10494200.0
31,2021-10-12 07:45:00,12700.0,21300.0,10482100.0
32,2021-10-12 07:45:00,12700.0,200.0,10460800.0
33,2021-10-12 07:45:00,12700.0,100.0,10460600.0
34,2021-10-12 07:45:00,12700.0,100.0,10460500.0
35,2021-10-12 07:45:00,12700.0,100.0,10460400.0
36,2021-10-12 07:45:00,12700.0,100.0,10460300.0
37,2021-10-12 07:45:00,12700.0,20000.0,10460200.0
38,2021-10-12 07:45:00,12700.0,200.0,10440200.0
39,2021-10-12 07:45:00,12700.0,500.0,10440000.0
40,2021-10-12 07:45:00,12700.0,100.0,10439500.0
41,2021-10-12 07:45:00,12700.0,1100.0,10439400.0
42,2021-10-12 07:45:00,12700.0,300.0,10438300.0
43,2021-10-12 07:45:00,12700.0,500.0,10438000.0
44,2021-10-12 07:45:00,12700.0,100.0,10437500.0
45,2021-10-12 07:45:00,12700.0,5000.0,10437400.0
46,2021-10-12 07:45:00,12700.0,500.0,10432400.0
47,2021-10-12 07:45:00,12700.0,500.0,10431900.0
48,2021-10-12 07:45:00,12700.0,3000.0,10431400.0
49,2021-10-12 07:45:00,12700.0,800.0,10428400.0
50,2021-10-12 07:45:00,12700.0,100.0,10427600.0
51,2021-10-12 07:45:00,12700.0,500.0,10427500.0
52,2021-10-12 07:45:00,12700.0,10000.0,10427000.0
53,2021-10-12 07:45:00,12700.0,1000.0,10417000.0
54,2021-10-12 07:45:00,12700.0,8000.0,10416000.0
55,2021-10-12 07:45:00,12700.0,200.0,10408000.0
56,2021-10-12 07:45:00,12700.0,5000.0,10407800.0
57,2021-10-12 07:45:00,12700.0,900.0,10402800.0
58,2021-10-12 07:45:00,12700.0,400.0,10401900.0
59,2021-10-12 07:45:00,12700.0,3000.0,10401500.0
60,2021-10-12 07:45:00,12700.0,300.0,10398500.0
61,2021-10-12 07:45:00,12700.0,100.0,10398200.0
62,2021-10-12 07:45:00,12700.0,2000.0,10398100.0
63,2021-10-12 07:45:00,12700.0,100.0,10396100.0
64,2021-10-12 07:45:00,12700.0,13900.0,10396000.0
65,2021-10-12 07:45:00,12700.0,1100.0,10382100.0
66,2021-10-12 07:45:00,12700.0,500.0,10381000.0
67,2021-10-12 07:45:00,12700.0,500.0,10380500.0
68,2021-10-12 07:45:00,12700.0,5000.0,10380000.0
69,2021-10-12 07:45:00,12700.0,2900.0,10375000.0
70,2021-10-12 07:45:00,12700.0,100.0,10372100.0
71,2021-10-12 07:29:56,12700.0,500.0,10372000.0
72,2021-10-12 07:29:49,12750.0,100.0,10371500.0
73,2021-10-12 07:29:48,12700.0,4500.0,10371400.0
74,2021-10-12 07:29:27,12700.0,10000.0,10366900.0
75,2021-10-12 07:29:20,12700.0,10000.0,10356900.0
76,2021-10-12 07:29:20,12650.0,8400.0,10346900.0
77,2021-10-12 07:29:19,12650.0,100.0,10338500.0
78,2021-10-12 07:29:18,12600.0,800.0,10338400.0
79,2021-10-12 07:29:18,12600.0,200.0,10337600.0
80,2021-10-12 07:29:10,12650.0,3000.0,10337400.0
81,2021-10-12 07:29:09,12650.0,1000.0,10334400.0
82,2021-10-12 07:29:06,12650.0,10000.0,10333400.0
83,2021-10-12 07:29:06,12650.0,400.0,10323400.0
84,2021-10-12 07:29:06,12650.0,1000.0,10323000.0
85,2021-10-12 07:29:06,12650.0,1000.0,10322000.0
86,2021-10-12 07:29:06,12650.0,500.0,10321000.0
87,2021-10-12 07:29:06,12650.0,300.0,10320500.0
88,2021-10-12 07:29:06,12650.0,100.0,10320200.0
89,2021-10-12 07:29:06,12650.0,400.0,10320100.0
90,2021-10-12 07:29:06,12650.0,200.0,10319700.0
91,2021-10-12 07:29:06,12650.0,2000.0,10319500.0
92,2021-10-12 07:29:06,12650.0,800.0,10317500.0
93,2021-10-12 07:29:06,12650.0,300.0,10316700.0
94,2021-10-12 07:29:06,12650.0,100.0,10316400.0
95,2021-10-12 07:29:06,12650.0,300.0,10316300.0
96,2021-10-12 07:29:06,12650.0,1000.0,10316000.0
97,2021-10-12 07:29:06,12650.0,200.0,10315000.0
98,2021-10-12 07:29:06,12650.0,100.0,10314800.0
99,2021-10-12 07:29:06,12650.0,100.0,10314700.0
100,2021-10-12 07:29:06,12650.0,500.0,10314600.0
101,2021-10-12 07:29:06,12650.0,300.0,10314100.0
102,2021-10-12 07:29:06,12650.0,300.0,10313800.0
103,2021-10-12 07:29:06,12650.0,100.0,10313500.0
104,2021-10-12 07:29:06,12650.0,1000.0,10313400.0
105,2021-10-12 07:29:06,12650.0,100.0,10312400.0
106,2021-10-12 07:29:06,12650.0,300.0,10312300.0
107,2021-10-12 07:29:06,12650.0,1000.0,10312000.0
108,2021-10-12 07:29:06,12650.0,400.0,10311000.0
109,2021-10-12 07:29:06,12650.0,5000.0,10310600.0
110,2021-10-12 07:29:06,12650.0,20000.0,10305600.0
111,2021-10-12 07:29:06,12650.0,200.0,10285600.0
112,2021-10-12 07:29:06,12650.0,100.0,10285400.0
113,2021-10-12 07:29:06,12650.0,1000.0,10285300.0
114,2021-10-12 07:29:06,12650.0,200.0,10284300.0
115,2021-10-12 07:29:06,12650.0,400.0,10284100.0
116,2021-10-12 07:29:06,12650.0,500.0,10283700.0
117,2021-10-12 07:29:06,12650.0,3000.0,10283200.0
118,2021-10-12 07:29:06,12650.0,800.0,10280200.0
119,2021-10-12 07:29:06,12650.0,50000.0,10279400.0
120,2021-10-12 07:29:06,12650.0,2000.0,10229400.0
121,2021-10-12 07:29:06,12650.0,200.0,10227400.0
122,2021-10-12 07:29:06,12650.0,1000.0,10227200.0
123,2021-10-12 07:29:06,12650.0,1000.0,10226200.0
124,2021-10-12 07:29:06,12650.0,100.0,10225200.0
125,2021-10-12 07:29:06,12650.0,200.0,10225100.0
126,2021-10-12 07:29:06,12650.0,20000.0,10224900.0
127,2021-10-12 07:29:06,12650.0,1000.0,10204900.0
128,2021-10-12 07:29:06,12650.0,100.0,10203900.0
129,2021-10-12 07:29:06,12650.0,5000.0,10203800.0
130,2021-10-12 07:29:06,12650.0,7000.0,10198800.0
131,2021-10-12 07:29:06,12650.0,200.0,10191800.0
132,2021-10-12 07:29:06,12650.0,200.0,10191600.0
133,2021-10-12 07:29:06,12650.0,300.0,10191400.0
134,2021-10-12 07:29:06,12650.0,3600.0,10191100.0
135,2021-10-12 07:29:06,12700.0,2500.0,10187500.0
136,2021-10-12 07:29:06,12700.0,400.0,10185000.0
137,2021-10-12 07:29:06,12700.0,38700.0,10184600.0
138,2021-10-12 07:29:06,12700.0,100.0,10145900.0
139,2021-10-12 07:28:57,12700.0,1800.0,10145800.0
140,2021-10-12 07:28:57,12700.0,9400.0,10144000.0
141,2021-10-12 07:28:44,12700.0,40600.0,10134600.0
142,2021-10-12 07:28:44,12700.0,9400.0,10094000.0
143,2021-10-12 07:28:33,12700.0,200.0,10084600.0
144,2021-10-12 07:28:29,12700.0,1000.0,10084400.0
145,2021-10-12 07:28:22,12700.0,1800.0,10083400.0
146,2021-10-12 07:28:20,12700.0,600.0,10081600.0
147,2021-10-12 07:28:20,12700.0,500.0,10081000.0
148,2021-10-12 07:28:20,12700.0,200.0,10080500.0
149,2021-10-12 07:28:20,12700.0,500.0,10080300.0
150,2021-10-12 07:28:20,12700.0,500.0,10079800.0
151,2021-10-12 07:28:20,12700.0,300.0,10079300.0
152,2021-10-12 07:28:20,12700.0,4100.0,10079000.0
153,2021-10-12 07:28:20,12700.0,2000.0,10074900.0
154,2021-10-12 07:28:20,12700.0,500.0,10072900.0
155,2021-10-12 07:28:20,12700.0,500.0,10072400.0
156,2021-10-12 07:28:20,12700.0,38700.0,10071900.0
157,2021-10-12 07:27:59,12750.0,20000.0,10033200.0
158,2021-10-12 07:27:59,12750.0,1000.0,10013200.0
159,2021-10-12 07:27:59,12750.0,5000.0,10012200.0
160,2021-10-12 07:27:59,12750.0,3000.0,10007200.0
161,2021-10-12 07:27:59,12750.0,200.0,10004200.0
162,2021-10-12 07:27:59,12750.0,15000.0,10004000.0
163,2021-10-12 07:27:59,12750.0,200.0,9989000.0
164,2021-10-12 07:27:45,12700.0,16900.0,9988800.0
165,2021-10-12 07:27:45,12700.0,200.0,9971900.0
166,2021-10-12 07:27:45,12700.0,1000.0,9971700.0
167,2021-10-12 07:27:45,12700.0,3000.0,9970700.0
168,2021-10-12 07:27:45,12700.0,20000.0,9967700.0
169,2021-10-12 07:27:45,12700.0,8900.0,9947700.0
170,2021-10-12 07:27:28,12700.0,1100.0,9938800.0
171,2021-10-12 07:27:28,12700.0,2000.0,9937700.0
172,2021-10-12 07:27:28,12700.0,300.0,9935700.0
173,2021-10-12 07:27:28,12700.0,600.0,9935400.0
174,2021-10-12 07:27:16,12700.0,2000.0,9934800.0
175,2021-10-12 07:27:05,12700.0,500.0,9932800.0
176,2021-10-12 07:26:45,12700.0,1800.0,9932300.0
177,2021-10-12 07:26:30,12700.0,100.0,9930500.0
178,2021-10-12 07:26:30,12700.0,400.0,9930400.0
179,2021-10-12 07:26:30,12700.0,1500.0,9930000.0
180,2021-10-12 07:26:14,12750.0,800.0,9928500.0
181,2021-10-12 07:26:14,12750.0,200.0,9927700.0
182,2021-10-12 07:26:07,12750.0,100.0,9927500.0
183,2021-10-12 07:25:55,12750.0,100.0,9927400.0
184,2021-10-12 07:25:55,12750.0,100.0,9927300.0
185,2021-10-12 07:25:30,12750.0,300.0,9927200.0
186,2021-10-12 07:25:14,12750.0,3200.0,9926900.0
187,2021-10-12 07:25:10,12750.0,4000.0,9923700.0
188,2021-10-12 07:25:10,12750.0,30000.0,9919700.0
189,2021-10-12 07:25:10,12750.0,1000.0,9889700.0
190,2021-10-12 07:25:10,12750.0,400.0,9888700.0
191,2021-10-12 07:25:10,12750.0,1300.0,9888300.0
192,2021-10-12 07:25:10,12750.0,800.0,9887000.0
193,2021-10-12 07:25:10,12750.0,500.0,9886200.0
194,2021-10-12 07:25:10,12750.0,1000.0,9885700.0
195,2021-10-12 07:25:10,12750.0,100.0,9884700.0
196,2021-10-12 07:25:10,12750.0,600.0,9884600.0
197,2021-10-12 07:25:10,12750.0,100.0,9884000.0
198,2021-10-12 07:25:10,12750.0,100.0,9883900.0
199,2021-10-12 07:25:10,12750.0,2000.0,9883800.0
200,2021-10-12 07:25:10,12750.0,1000.0,9881800.0
201,2021-10-12 07:25:10,12750.0,400.0,9880800.0
202,2021-10-12 07:25:10,12750.0,2000.0,9880400.0
203,2021-10-12 07:25:10,12750.0,1000.0,9878400.0
204,2021-10-12 07:25:10,12750.0,1200.0,9877400.0
205,2021-10-12 07:25:10,12750.0,500.0,9876200.0
206,2021-10-12 07:25:10,12750.0,1000.0,9875700.0
207,2021-10-12 07:25:10,12750.0,9400.0,9874700.0
208,2021-10-12 07:25:10,12750.0,300.0,9865300.0
209,2021-10-12 07:25:10,12750.0,2000.0,9865000.0
210,2021-10-12 07:25:10,12750.0,1000.0,9863000.0
211,2021-10-12 07:25:10,12750.0,500.0,9862000.0
212,2021-10-12 07:25:10,12750.0,200.0,9861500.0
213,2021-10-12 07:25:10,12750.0,1000.0,9861300.0
214,2021-10-12 07:25:10,12750.0,1500.0,9860300.0
215,2021-10-12 07:25:10,12750.0,2000.0,9858800.0
216,2021-10-12 07:25:10,12750.0,100.0,9856800.0
217,2021-10-12 07:25:10,12750.0,500.0,9856700.0
218,2021-10-12 07:25:10,12750.0,3000.0,9856200.0
219,2021-10-12 07:25:10,12750.0,2100.0,9853200.0
220,2021-10-12 07:25:10,12750.0,50000.0,9851100.0
221,2021-10-12 07:25:10,12750.0,1800.0,9801100.0
222,2021-10-12 07:25:10,12750.0,1000.0,9799300.0
223,2021-10-12 07:25:10,12750.0,5000.0,9798300.0
224,2021-10-12 07:25:10,12750.0,100.0,9793300.0
225,2021-10-12 07:25:10,12750.0,100.0,9793200.0
226,2021-10-12 07:25:10,12750.0,200.0,9793100.0
227,2021-10-12 07:25:10,12750.0,2000.0,9792900.0
228,2021-10-12 07:25:10,12750.0,1000.0,9790900.0
229,2021-10-12 07:25:10,12750.0,200.0,9789900.0
230,2021-10-12 07:25:10,12750.0,100.0,9789700.0
231,2021-10-12 07:25:10,12750.0,2000.0,9789600.0
232,2021-10-12 07:25:10,12750.0,500.0,9787600.0
233,2021-10-12 07:25:10,12750.0,500.0,9787100.0
234,2021-10-12 07:25:10,12750.0,9300.0,9786600.0
235,2021-10-12 07:25:06,12700.0,500.0,9777300.0
236,2021-10-12 07:25:02,12750.0,700.0,9776800.0
237,2021-10-12 07:25:02,12750.0,1900.0,9776100.0
238,2021-10-12 07:24:55,12700.0,300.0,9774200.0
239,2021-10-12 07:24:54,12700.0,400.0,9773900.0
240,2021-10-12 07:24:46,12700.0,15000.0,9773500.0
241,2021-10-12 07:24:42,12700.0,100.0,9758500.0
242,2021-10-12 07:24:20,12700.0,2000.0,9758400.0
243,2021-10-12 07:24:18,12700.0,200.0,9756400.0
244,2021-10-12 07:24:18,12700.0,800.0,9756200.0
245,2021-10-12 07:24:13,12700.0,100.0,9755400.0
246,2021-10-12 07:24:07,12700.0,600.0,9755300.0
247,2021-10-12 07:24:07,12700.0,100.0,9754700.0
248,2021-10-12 07:24:07,12700.0,1500.0,9754600.0
249,2021-10-12 07:24:07,12700.0,1000.0,9753100.0
250,2021-10-12 07:24:07,12700.0,300.0,9752100.0
251,2021-10-12 07:24:07,12700.0,500.0,9751800.0
252,2021-10-12 07:24:07,12700.0,1000.0,9751300.0
253,2021-10-12 07:24:07,12700.0,2000.0,9750300.0
254,2021-10-12 07:24:07,12700.0,100.0,9748300.0
255,2021-10-12 07:24:07,12700.0,100.0,9748200.0
256,2021-10-12 07:24:07,12700.0,100.0,9748100.0
257,2021-10-12 07:24:07,12700.0,1800.0,9748000.0
258,2021-10-12 07:24:07,12700.0,800.0,9746200.0
259,2021-10-12 07:24:07,12700.0,5000.0,9745400.0
260,2021-10-12 07:24:07,12700.0,1000.0,9740400.0
261,2021-10-12 07:24:07,12700.0,600.0,9739400.0
262,2021-10-12 07:24:07,12700.0,200.0,9738800.0
263,2021-10-12 07:24:07,12700.0,500.0,9738600.0
264,2021-10-12 07:24:07,12700.0,700.0,9738100.0
265,2021-10-12 07:24:07,12700.0,9000.0,9737400.0
266,2021-10-12 07:24:07,12700.0,100.0,9728400.0
267,2021-10-12 07:24:07,12700.0,2000.0,9728300.0
268,2021-10-12 07:24:07,12700.0,14700.0,9726300.0
269,2021-10-12 07:23:29,12750.0,100.0,9711600.0
270,2021-10-12 07:23:28,12700.0,300.0,9711500.0
271,2021-10-12 07:23:27,12700.0,2000.0,9711200.0
272,2021-10-12 07:23:26,12700.0,300.0,9709200.0
273,2021-10-12 07:23:23,12700.0,20000.0,9708900.0
274,2021-10-12 07:23:17,12700.0,100.0,9688900.0
275,2021-10-12 07:23:12,12700.0,900.0,9688800.0
276,2021-10-12 07:23:12,12700.0,200.0,9687900.0
277,2021-10-12 07:23:12,12700.0,100.0,9687700.0
278,2021-10-12 07:23:12,12700.0,4000.0,9687600.0
279,2021-10-12 07:23:12,12700.0,17800.0,9683600.0
280,2021-10-12 07:23:07,12700.0,100.0,9665800.0
281,2021-10-12 07:22:51,12750.0,200.0,9665700.0
282,2021-10-12 07:21:50,12750.0,2700.0,9665500.0
283,2021-10-12 07:21:40,12700.0,1000.0,9662800.0
284,2021-10-12 07:21:27,12700.0,1100.0,9661800.0
285,2021-10-12 07:21:27,12700.0,400.0,9660700.0
286,2021-10-12 07:20:58,12700.0,4000.0,9660300.0
287,2021-10-12 07:20:04,12700.0,10000.0,9656300.0
288,2021-10-12 07:19:26,12700.0,500.0,9646300.0
289,2021-10-12 07:19:01,12700.0,7100.0,9645800.0
290,2021-10-12 07:19:01,12700.0,1000.0,9638700.0
291,2021-10-12 07:19:01,12700.0,1900.0,9637700.0
292,2021-10-12 07:18:31,12700.0,8100.0,9635800.0
293,2021-10-12 07:18:31,12700.0,100.0,9627700.0
294,2021-10-12 07:18:31,12700.0,2000.0,9627600.0
295,2021-10-12 07:18:31,12700.0,500.0,9625600.0
296,2021-10-12 07:18:31,12700.0,2000.0,9625100.0
297,2021-10-12 07:18:31,12700.0,500.0,9623100.0
298,2021-10-12 07:18:31,12700.0,1000.0,9622600.0
299,2021-10-12 07:18:31,12700.0,200.0,9621600.0
300,2021-10-12 07:18:31,12700.0,100.0,9621400.0
301,2021-10-12 07:18:31,12700.0,5500.0,9621300.0
302,2021-10-12 07:18:27,12750.0,100.0,9615800.0
303,2021-10-12 07:18:27,12750.0,100.0,9615700.0
304,2021-10-12 07:18:27,12750.0,300.0,9615600.0
305,2021-10-12 07:17:56,12700.0,1000.0,9615300.0
306,2021-10-12 07:17:53,12700.0,1000.0,9614300.0
307,2021-10-12 07:17:49,12700.0,200.0,9613300.0
308,2021-10-12 07:17:37,12700.0,2000.0,9613100.0
309,2021-10-12 07:17:36,12750.0,100.0,9611100.0
310,2021-10-12 07:16:52,12700.0,100.0,9611000.0
311,2021-10-12 07:16:27,12700.0,200.0,9610900.0
312,2021-10-12 07:16:27,12700.0,500.0,9610700.0
313,2021-10-12 07:16:27,12700.0,4300.0,9610200.0
314,2021-10-12 07:16:23,12700.0,1000.0,9605900.0
315,2021-10-12 07:16:19,12750.0,600.0,9604900.0
316,2021-10-12 07:16:19,12750.0,3000.0,9604300.0
317,2021-10-12 07:16:19,12750.0,1400.0,9601300.0
318,2021-10-12 07:16:12,12700.0,2000.0,9599900.0
319,2021-10-12 07:15:43,12700.0,1500.0,9597900.0
320,2021-10-12 07:15:00,12750.0,100.0,9596400.0
321,2021-10-12 07:14:58,12700.0,200.0,9596300.0
322,2021-10-12 07:14:44,12700.0,1000.0,9596100.0
323,2021-10-12 07:14:32,12700.0,100.0,9595100.0
324,2021-10-12 07:14:32,12700.0,900.0,9595000.0
325,2021-10-12 07:14:26,12700.0,100.0,9594100.0
326,2021-10-12 07:14:26,12700.0,1400.0,9594000.0
327,2021-10-12 07:14:13,12700.0,1000.0,9592600.0
328,2021-10-12 07:14:02,12700.0,4800.0,9591600.0
329,2021-10-12 07:14:02,12700.0,200.0,9586800.0
330,2021-10-12 07:14:02,12700.0,100.0,9586600.0
331,2021-10-12 07:14:02,12700.0,14900.0,9586500.0
332,2021-10-12 07:13:51,12700.0,500.0,9571600.0
333,2021-10-12 07:13:40,12700.0,5800.0,9571100.0
334,2021-10-12 07:13:19,12700.0,7500.0,9565300.0
335,2021-10-12 07:12:56,12750.0,200.0,9557800.0
336,2021-10-12 07:12:22,12750.0,100.0,9557600.0
337,2021-10-12 07:11:58,12750.0,600.0,9557500.0
338,2021-10-12 07:11:58,12750.0,1400.0,9556900.0
339,2021-10-12 07:11:53,12750.0,100.0,9555500.0
340,2021-10-12 07:11:28,12750.0,100.0,9555400.0
341,2021-10-12 07:10:52,12750.0,500.0,9555300.0
342,2021-10-12 07:10:34,12750.0,100.0,9554800.0
343,2021-10-12 07:10:23,12750.0,1000.0,9554700.0
344,2021-10-12 07:10:21,12700.0,100.0,9553700.0
345,2021-10-12 07:09:54,12750.0,500.0,9553600.0
346,2021-10-12 07:09:52,12700.0,1000.0,9553100.0
347,2021-10-12 07:09:31,12750.0,300.0,9552100.0
348,2021-10-12 07:09:07,12700.0,2000.0,9551800.0
349,2021-10-12 07:08:51,12700.0,5000.0,9549800.0
350,2021-10-12 07:08:10,12700.0,500.0,9544800.0
351,2021-10-12 07:07:45,12700.0,10000.0,9544300.0
352,2021-10-12 07:07:45,12700.0,2700.0,9534300.0
353,2021-10-12 07:07:38,12700.0,1000.0,9531600.0
354,2021-10-12 07:07:38,12700.0,500.0,9530600.0
355,2021-10-12 07:07:38,12700.0,300.0,9530100.0
356,2021-10-12 07:07:38,12700.0,100.0,9529800.0
357,2021-10-12 07:07:38,12700.0,10000.0,9529700.0
358,2021-10-12 07:07:38,12700.0,5400.0,9519700.0
359,2021-10-12 07:06:55,12700.0,3000.0,9514300.0
360,2021-10-12 07:06:55,12700.0,1600.0,9511300.0
361,2021-10-12 07:06:23,12700.0,1000.0,9509700.0
362,2021-10-12 07:06:22,12700.0,300.0,9508700.0
363,2021-10-12 07:06:21,12700.0,2000.0,9508400.0
364,2021-10-12 07:06:21,12700.0,200.0,9506400.0
365,2021-10-12 07:06:18,12700.0,1200.0,9506200.0
366,2021-10-12 07:06:14,12700.0,8800.0,9505000.0
367,2021-10-12 07:06:14,12700.0,1000.0,9496200.0
368,2021-10-12 07:06:14,12700.0,400.0,9495200.0
369,2021-10-12 07:06:14,12700.0,500.0,9494800.0
370,2021-10-12 07:06:14,12700.0,9300.0,9494300.0
371,2021-10-12 07:05:48,12700.0,700.0,9485000.0
372,2021-10-12 07:05:48,12700.0,1100.0,9484300.0
373,2021-10-12 07:05:27,12700.0,5900.0,9483200.0
374,2021-10-12 07:05:27,12700.0,5000.0,9477300.0
375,2021-10-12 07:05:27,12700.0,1000.0,9472300.0
376,2021-10-12 07:05:27,12700.0,3100.0,9471300.0
377,2021-10-12 07:05:09,12700.0,1000.0,9468200.0
378,2021-10-12 07:05:06,12700.0,2000.0,9467200.0
379,2021-10-12 07:04:56,12700.0,500.0,9465200.0
380,2021-10-12 07:04:49,12700.0,4000.0,9464700.0
381,2021-10-12 07:04:27,12700.0,5000.0,9460700.0
382,2021-10-12 07:04:19,12700.0,400.0,9455700.0
383,2021-10-12 07:04:19,12700.0,500.0,9455300.0
384,2021-10-12 07:04:19,12700.0,100.0,9454800.0
385,2021-10-12 07:04:06,12700.0,500.0,9454700.0
386,2021-10-12 07:03:47,12700.0,300.0,9454200.0
387,2021-10-12 07:03:47,12700.0,100.0,9453900.0
388,2021-10-12 07:03:47,12700.0,1500.0,9453800.0
389,2021-10-12 07:03:47,12700.0,1000.0,9452300.0
390,2021-10-12 07:03:47,12700.0,400.0,9451300.0
391,2021-10-12 07:03:44,12700.0,600.0,9450900.0
392,2021-10-12 07:03:44,12700.0,400.0,9450300.0
393,2021-10-12 07:03:33,12700.0,200.0,9449900.0
394,2021-10-12 07:03:30,12700.0,400.0,9449700.0
395,2021-10-12 07:03:30,12700.0,400.0,9449300.0
396,2021-10-12 07:03:13,12700.0,10000.0,9448900.0
397,2021-10-12 07:03:08,12700.0,35000.0,9438900.0
398,2021-10-12 07:03:07,12700.0,100.0,9403900.0
399,2021-10-12 07:03:05,12700.0,500.0,9403800.0
400,2021-10-12 07:02:58,12700.0,4000.0,9403300.0
401,2021-10-12 07:02:58,12700.0,100.0,9399300.0
402,2021-10-12 07:02:58,12700.0,200.0,9399200.0
403,2021-10-12 07:02:58,12700.0,100.0,9399000.0
404,2021-10-12 07:02:58,12700.0,500.0,9398900.0
405,2021-10-12 07:02:58,12700.0,10100.0,9398400.0
406,2021-10-12 07:02:52,12700.0,1000.0,9388300.0
407,2021-10-12 07:02:35,12700.0,18900.0,9387300.0
408,2021-10-12 07:02:35,12700.0,1600.0,9368400.0
409,2021-10-12 07:02:31,12700.0,2000.0,9366800.0
410,2021-10-12 07:02:27,12700.0,500.0,9364800.0
411,2021-10-12 07:02:12,12700.0,1000.0,9364300.0
412,2021-10-12 07:02:11,12700.0,200.0,9363300.0
413,2021-10-12 07:02:06,12700.0,200.0,9363100.0
414,2021-10-12 07:02:03,12700.0,2000.0,9362900.0
415,2021-10-12 07:01:15,12700.0,1500.0,9360900.0
416,2021-10-12 07:01:04,12700.0,1000.0,9359400.0
417,2021-10-12 07:01:03,12700.0,1000.0,9358400.0
418,2021-10-12 07:00:55,12700.0,10000.0,9357400.0
419,2021-10-12 07:00:52,12700.0,100.0,9347400.0
420,2021-10-12 07:00:46,12700.0,100.0,9347300.0
421,2021-10-12 07:00:29,12700.0,1000.0,9347200.0
422,2021-10-12 07:00:18,12700.0,6000.0,9346200.0
423,2021-10-12 07:00:11,12700.0,100.0,9340200.0
424,2021-10-12 07:00:09,12700.0,5000.0,9340100.0
425,2021-10-12 06:59:59,12700.0,2000.0,9335100.0
426,2021-10-12 06:59:50,12700.0,1000.0,9333100.0
427,2021-10-12 06:59:24,12700.0,10000.0,9332100.0
428,2021-10-12 06:59:24,12700.0,500.0,9322100.0
429,2021-10-12 06:59:16,12750.0,200.0,9321600.0
430,2021-10-12 06:59:03,12700.0,50000.0,9321400.0
431,2021-10-12 06:59:03,12700.0,500.0,9271400.0
432,2021-10-12 06:58:59,12700.0,1500.0,9270900.0
433,2021-10-12 06:58:41,12700.0,100.0,9269400.0
434,2021-10-12 06:58:33,12700.0,1000.0,9269300.0
435,2021-10-12 06:58:03,12700.0,100.0,9268300.0
436,2021-10-12 06:58:03,12700.0,900.0,9268200.0
437,2021-10-12 06:57:57,12700.0,200.0,9267300.0
438,2021-10-12 06:57:57,12700.0,28900.0,9267100.0
439,2021-10-12 06:57:54,12700.0,200.0,9238200.0
440,2021-10-12 06:57:42,12700.0,5000.0,9238000.0
441,2021-10-12 06:57:23,12700.0,200.0,9233000.0
442,2021-10-12 06:57:23,12700.0,32800.0,9232800.0
443,2021-10-12 06:57:23,12700.0,7000.0,9200000.0
444,2021-10-12 06:57:14,12700.0,200.0,9193000.0
445,2021-10-12 06:57:13,12700.0,2200.0,9192800.0
446,2021-10-12 06:57:10,12700.0,1000.0,9190600.0
447,2021-10-12 06:57:00,12700.0,1400.0,9189600.0
448,2021-10-12 06:57:00,12700.0,200.0,9188200.0
449,2021-10-12 06:57:00,12700.0,3000.0,9188000.0
450,2021-10-12 06:57:00,12700.0,500.0,9185000.0
451,2021-10-12 06:57:00,12700.0,4000.0,9184500.0
452,2021-10-12 06:57:00,12700.0,40000.0,9180500.0
453,2021-10-12 06:57:00,12700.0,2000.0,9140500.0
454,2021-10-12 06:57:00,12700.0,600.0,9138500.0
455,2021-10-12 06:57:00,12700.0,100.0,9137900.0
456,2021-10-12 06:57:00,12700.0,5000.0,9137800.0
457,2021-10-12 06:56:36,12650.0,1400.0,9132800.0
458,2021-10-12 06:56:36,12650.0,100.0,9131400.0
459,2021-10-12 06:56:00,12700.0,1000.0,9131300.0
460,2021-10-12 06:55:30,12700.0,1000.0,9130300.0
461,2021-10-12 06:54:36,12700.0,1000.0,9129300.0
462,2021-10-12 06:54:05,12700.0,1000.0,9128300.0
463,2021-10-12 06:54:03,12700.0,100.0,9127300.0
464,2021-10-12 06:54:03,12700.0,200.0,9127200.0
465,2021-10-12 06:54:03,12700.0,1700.0,9127000.0
466,2021-10-12 06:54:00,12700.0,5000.0,9125300.0
467,2021-10-12 06:53:43,12700.0,1000.0,9120300.0
468,2021-10-12 06:53:42,12750.0,100.0,9119300.0
469,2021-10-12 06:53:41,12700.0,20000.0,9119200.0
470,2021-10-12 06:53:41,12700.0,2300.0,9099200.0
471,2021-10-12 06:53:32,12700.0,2700.0,9096900.0
472,2021-10-12 06:53:32,12700.0,2300.0,9094200.0
473,2021-10-12 06:53:21,12700.0,1000.0,9091900.0
474,2021-10-12 06:53:16,12700.0,1000.0,9090900.0
475,2021-10-12 06:53:09,12700.0,20000.0,9089900.0
476,2021-10-12 06:53:08,12700.0,1000.0,9069900.0
477,2021-10-12 06:53:08,12700.0,200.0,9068900.0
478,2021-10-12 06:53:08,12700.0,1300.0,9068700.0
479,2021-10-12 06:53:08,12700.0,20000.0,9067400.0
480,2021-10-12 06:53:08,12700.0,500.0,9047400.0
481,2021-10-12 06:53:08,12700.0,2700.0,9046900.0
482,2021-10-12 06:52:54,12700.0,2300.0,9044200.0
483,2021-10-12 06:52:54,12700.0,2700.0,9041900.0
484,2021-10-12 06:52:45,12750.0,1000.0,9039200.0
485,2021-10-12 06:52:34,12700.0,11000.0,9038200.0
486,2021-10-12 06:52:31,12700.0,4000.0,9027200.0
487,2021-10-12 06:52:30,12700.0,7000.0,9023200.0
488,2021-10-12 06:52:27,12700.0,1000.0,9016200.0
489,2021-10-12 06:52:27,12700.0,1000.0,9015200.0
490,2021-10-12 06:52:18,12700.0,1000.0,9014200.0
491,2021-10-12 06:52:18,12700.0,22300.0,9013200.0
492,2021-10-12 06:52:12,12700.0,200.0,8990900.0
493,2021-10-12 06:52:11,12700.0,7500.0,8990700.0
494,2021-10-12 06:52:11,12700.0,500.0,8983200.0
495,2021-10-12 06:52:11,12700.0,2000.0,8982700.0
496,2021-10-12 06:52:02,12700.0,2000.0,8980700.0
497,2021-10-12 06:51:49,12700.0,100.0,8978700.0
498,2021-10-12 06:51:49,12700.0,100.0,8978600.0
499,2021-10-12 06:51:49,12700.0,200.0,8978500.0
500,2021-10-12 06:51:49,12700.0,100.0,8978300.0
501,2021-10-12 06:51:49,12700.0,100.0,8978200.0
502,2021-10-12 06:51:49,12700.0,1000.0,8978100.0
503,2021-10-12 06:51:49,12700.0,500.0,8977100.0
504,2021-10-12 06:51:49,12700.0,1000.0,8976600.0
505,2021-10-12 06:51:49,12700.0,2700.0,8975600.0
506,2021-10-12 06:51:49,12700.0,1000.0,8972900.0
507,2021-10-12 06:51:49,12700.0,1000.0,8971900.0
508,2021-10-12 06:51:49,12700.0,200.0,8970900.0
509,2021-10-12 06:51:49,12700.0,1000.0,8970700.0
510,2021-10-12 06:51:49,12700.0,1000.0,8969700.0
511,2021-10-12 06:51:49,12700.0,2000.0,8968700.0
512,2021-10-12 06:51:49,12700.0,1000.0,8966700.0
513,2021-10-12 06:51:49,12700.0,300.0,8965700.0
514,2021-10-12 06:51:49,12700.0,47300.0,8965400.0
515,2021-10-12 06:51:45,12750.0,10000.0,8918100.0
516,2021-10-12 06:51:31,12700.0,100.0,8908100.0
517,2021-10-12 06:51:17,12700.0,1900.0,8908000.0
518,2021-10-12 06:51:13,12750.0,1200.0,8906100.0
519,2021-10-12 06:51:02,12700.0,400.0,8904900.0
520,2021-10-12 06:50:59,12700.0,300.0,8904500.0
521,2021-10-12 06:50:59,12700.0,700.0,8904200.0
522,2021-10-12 06:50:30,12700.0,300.0,8903500.0
523,2021-10-12 06:50:30,12700.0,100.0,8903200.0
524,2021-10-12 06:50:30,12700.0,500.0,8903100.0
525,2021-10-12 06:50:30,12700.0,9100.0,8902600.0
526,2021-10-12 06:49:44,12700.0,900.0,8893500.0
527,2021-10-12 06:49:44,12700.0,100.0,8892600.0
528,2021-10-12 06:49:44,12700.0,600.0,8892500.0
529,2021-10-12 06:49:14,12700.0,400.0,8891900.0
530,2021-10-12 06:49:14,12700.0,600.0,8891500.0
531,2021-10-12 06:48:41,12700.0,100.0,8890900.0
532,2021-10-12 06:48:10,12700.0,300.0,8890800.0
533,2021-10-12 06:48:10,12700.0,1500.0,8890500.0
534,2021-10-12 06:48:10,12700.0,100.0,8889000.0
535,2021-10-12 06:48:10,12700.0,200.0,8888900.0
536,2021-10-12 06:48:10,12700.0,100.0,8888700.0
537,2021-10-12 06:48:10,12700.0,2000.0,8888600.0
538,2021-10-12 06:48:10,12700.0,1000.0,8886600.0
539,2021-10-12 06:48:10,12700.0,500.0,8885600.0
540,2021-10-12 06:48:10,12700.0,500.0,8885100.0
541,2021-10-12 06:48:10,12700.0,1000.0,8884600.0
542,2021-10-12 06:48:10,12700.0,500.0,8883600.0
543,2021-10-12 06:48:10,12700.0,300.0,8883100.0
544,2021-10-12 06:48:07,12700.0,4000.0,8882800.0
545,2021-10-12 06:47:49,12700.0,700.0,8878800.0
546,2021-10-12 06:47:49,12700.0,300.0,8878100.0
547,2021-10-12 06:47:48,12700.0,700.0,8877800.0
548,2021-10-12 06:47:48,12700.0,500.0,8877100.0
549,2021-10-12 06:47:48,12700.0,100.0,8876600.0
550,2021-10-12 06:47:48,12700.0,1000.0,8876500.0
551,2021-10-12 06:47:48,12700.0,500.0,8875500.0
552,2021-10-12 06:47:48,12700.0,7200.0,8875000.0
553,2021-10-12 06:47:48,12750.0,100.0,8867800.0
554,2021-10-12 06:47:31,12700.0,10000.0,8867700.0
555,2021-10-12 06:47:19,12700.0,2500.0,8857700.0
556,2021-10-12 06:47:09,12750.0,200.0,8855200.0
557,2021-10-12 06:46:49,12700.0,300.0,8855000.0
558,2021-10-12 06:46:49,12700.0,100.0,8854700.0
559,2021-10-12 06:46:27,12750.0,500.0,8854600.0
560,2021-10-12 06:45:37,12750.0,300.0,8854100.0
561,2021-10-12 06:45:31,12700.0,200.0,8853800.0
562,2021-10-12 06:45:31,12700.0,100.0,8853600.0
563,2021-10-12 06:45:31,12700.0,100.0,8853500.0
564,2021-10-12 06:45:31,12700.0,200.0,8853400.0
565,2021-10-12 06:45:31,12700.0,300.0,8853200.0
566,2021-10-12 06:45:31,12700.0,4100.0,8852900.0
567,2021-10-12 06:44:58,12750.0,500.0,8848800.0
568,2021-10-12 06:43:55,12750.0,100.0,8848300.0
569,2021-10-12 06:43:54,12700.0,900.0,8848200.0
570,2021-10-12 06:43:54,12700.0,200.0,8847300.0
571,2021-10-12 06:43:54,12700.0,100.0,8847100.0
572,2021-10-12 06:43:54,12700.0,300.0,8847000.0
573,2021-10-12 06:43:54,12700.0,10000.0,8846700.0
574,2021-10-12 06:43:54,12700.0,1000.0,8836700.0
575,2021-10-12 06:43:54,12700.0,500.0,8835700.0
576,2021-10-12 06:43:54,12700.0,700.0,8835200.0
577,2021-10-12 06:43:54,12700.0,1000.0,8834500.0
578,2021-10-12 06:43:54,12700.0,2000.0,8833500.0
579,2021-10-12 06:43:54,12700.0,43300.0,8831500.0
580,2021-10-12 06:43:27,12700.0,300.0,8788200.0
581,2021-10-12 06:42:55,12700.0,3000.0,8787900.0
582,2021-10-12 06:42:32,12700.0,100.0,8784900.0
583,2021-10-12 06:42:26,12700.0,1300.0,8784800.0
584,2021-10-12 06:41:53,12700.0,2000.0,8783500.0
585,2021-10-12 06:41:32,12750.0,1000.0,8781500.0
586,2021-10-12 06:41:06,12700.0,200.0,8780500.0
587,2021-10-12 06:40:02,12700.0,3000.0,8780300.0
588,2021-10-12 06:39:54,12750.0,600.0,8777300.0
589,2021-10-12 06:39:49,12700.0,100.0,8776700.0
590,2021-10-12 06:39:41,12700.0,100.0,8776600.0
591,2021-10-12 06:39:40,12750.0,200.0,8776500.0
592,2021-10-12 06:39:30,12750.0,15000.0,8776300.0
593,2021-10-12 06:39:24,12700.0,1000.0,8761300.0
594,2021-10-12 06:39:23,12700.0,300.0,8760300.0
595,2021-10-12 06:39:03,12700.0,2000.0,8760000.0
596,2021-10-12 06:38:45,12750.0,100.0,8758000.0
597,2021-10-12 06:38:01,12700.0,2000.0,8757900.0
598,2021-10-12 06:37:16,12750.0,2000.0,8755900.0
599,2021-10-12 06:37:16,12750.0,200.0,8753900.0
600,2021-10-12 06:37:16,12750.0,400.0,8753700.0
601,2021-10-12 06:36:55,12700.0,100.0,8753300.0
602,2021-10-12 06:36:30,12700.0,18900.0,8753200.0
603,2021-10-12 06:36:30,12750.0,500.0,8734300.0
604,2021-10-12 06:36:30,12750.0,500.0,8733800.0
605,2021-10-12 06:36:30,12750.0,300.0,8733300.0
606,2021-10-12 06:36:30,12750.0,9600.0,8733000.0
607,2021-10-12 06:35:54,12750.0,5000.0,8723400.0
608,2021-10-12 06:35:54,12750.0,200.0,8718400.0
609,2021-10-12 06:35:54,12750.0,300.0,8718200.0
610,2021-10-12 06:35:54,12750.0,3000.0,8717900.0
611,2021-10-12 06:35:54,12750.0,1900.0,8714900.0
612,2021-10-12 06:35:39,12750.0,8100.0,8713000.0
613,2021-10-12 06:35:39,12750.0,1900.0,8704900.0
614,2021-10-12 06:35:17,12750.0,1000.0,8703000.0
615,2021-10-12 06:35:07,12750.0,400.0,8702000.0
616,2021-10-12 06:34:57,12750.0,400.0,8701600.0
617,2021-10-12 06:34:51,12750.0,500.0,8701200.0
618,2021-10-12 06:34:42,12750.0,200.0,8700700.0
619,2021-10-12 06:34:42,12750.0,5600.0,8700500.0
620,2021-10-12 06:34:23,12750.0,4400.0,8694900.0
621,2021-10-12 06:34:17,12750.0,200.0,8690500.0
622,2021-10-12 06:34:14,12750.0,3000.0,8690300.0
623,2021-10-12 06:34:10,12750.0,2200.0,8687300.0
624,2021-10-12 06:33:59,12750.0,100.0,8685100.0
625,2021-10-12 06:33:59,12750.0,200.0,8685000.0
626,2021-10-12 06:33:59,12750.0,100.0,8684800.0
627,2021-10-12 06:33:59,12750.0,2000.0,8684700.0
628,2021-10-12 06:33:59,12750.0,3300.0,8682700.0
629,2021-10-12 06:33:59,12750.0,4500.0,8679400.0
630,2021-10-12 06:33:40,12800.0,2000.0,8674900.0
631,2021-10-12 06:33:13,12800.0,1000.0,8672900.0
632,2021-10-12 06:32:24,12750.0,200.0,8671900.0
633,2021-10-12 06:32:18,12750.0,200.0,8671700.0
634,2021-10-12 06:32:18,12750.0,200.0,8671500.0
635,2021-10-12 06:32:18,12750.0,400.0,8671300.0
636,2021-10-12 06:32:18,12750.0,10000.0,8670900.0
637,2021-10-12 06:32:18,12750.0,100.0,8660900.0
638,2021-10-12 06:32:18,12750.0,2000.0,8660800.0
639,2021-10-12 06:32:18,12750.0,300.0,8658800.0
640,2021-10-12 06:32:18,12750.0,200.0,8658500.0
641,2021-10-12 06:32:18,12750.0,100.0,8658300.0
642,2021-10-12 06:32:18,12750.0,300.0,8658200.0
643,2021-10-12 06:32:18,12750.0,1000.0,8657900.0
644,2021-10-12 06:32:18,12750.0,2000.0,8656900.0
645,2021-10-12 06:32:18,12750.0,3500.0,8654900.0
646,2021-10-12 06:32:18,12750.0,9400.0,8651400.0
647,2021-10-12 06:32:18,12750.0,3000.0,8642000.0
648,2021-10-12 06:32:18,12750.0,100.0,8639000.0
649,2021-10-12 06:32:18,12750.0,10000.0,8638900.0
650,2021-10-12 06:32:18,12750.0,2500.0,8628900.0
651,2021-10-12 06:31:56,12750.0,100.0,8626400.0
652,2021-10-12 06:31:55,12750.0,200.0,8626300.0
653,2021-10-12 06:31:52,12750.0,300.0,8626100.0
654,2021-10-12 06:31:27,12750.0,500.0,8625800.0
655,2021-10-12 06:31:09,12750.0,2000.0,8625300.0
656,2021-10-12 06:31:00,12700.0,10000.0,8623300.0
657,2021-10-12 06:30:55,12700.0,500.0,8613300.0
658,2021-10-12 06:30:55,12700.0,4800.0,8612800.0
659,2021-10-12 06:30:46,12700.0,100.0,8608000.0
660,2021-10-12 06:30:43,12700.0,100.0,8607900.0
661,2021-10-12 06:30:17,12650.0,100.0,8607800.0
662,2021-10-12 06:30:17,12650.0,11900.0,8607700.0
663,2021-10-12 06:30:17,12700.0,8000.0,8595800.0
664,2021-10-12 06:30:10,12700.0,500.0,8587800.0
665,2021-10-12 06:30:10,12700.0,100.0,8587300.0
666,2021-10-12 06:30:10,12700.0,1400.0,8587200.0
667,2021-10-12 06:30:03,12700.0,500.0,8585800.0
668,2021-10-12 06:29:52,12700.0,1100.0,8585300.0
669,2021-10-12 06:29:52,12700.0,1000.0,8584200.0
670,2021-10-12 06:29:52,12700.0,100.0,8583200.0
671,2021-10-12 06:29:46,12650.0,38100.0,8583100.0
672,2021-10-12 06:29:46,12650.0,200.0,8545000.0
673,2021-10-12 06:29:46,12650.0,800.0,8544800.0
674,2021-10-12 06:29:46,12650.0,1500.0,8544000.0
675,2021-10-12 06:29:46,12650.0,1000.0,8542500.0
676,2021-10-12 06:29:46,12650.0,38400.0,8541500.0
677,2021-10-12 06:29:38,12700.0,1500.0,8503100.0
678,2021-10-12 06:29:32,12700.0,5000.0,8501600.0
679,2021-10-12 06:29:21,12700.0,1000.0,8496600.0
680,2021-10-12 06:29:17,12700.0,1300.0,8495600.0
681,2021-10-12 06:29:17,12700.0,1100.0,8494300.0
682,2021-10-12 06:29:07,12700.0,700.0,8493200.0
683,2021-10-12 06:29:01,12700.0,3200.0,8492500.0
684,2021-10-12 06:29:01,12700.0,500.0,8489300.0
685,2021-10-12 06:29:01,12700.0,1300.0,8488800.0
686,2021-10-12 06:28:52,12700.0,1700.0,8487500.0
687,2021-10-12 06:28:52,12700.0,8800.0,8485800.0
688,2021-10-12 06:28:38,12700.0,1200.0,8477000.0
689,2021-10-12 06:28:38,12700.0,5000.0,8475800.0
690,2021-10-12 06:28:38,12700.0,2500.0,8470800.0
691,2021-10-12 06:28:38,12700.0,100.0,8468300.0
692,2021-10-12 06:28:38,12700.0,2200.0,8468200.0
693,2021-10-12 06:28:27,12700.0,1000.0,8466000.0
694,2021-10-12 06:28:04,12700.0,1000.0,8465000.0
695,2021-10-12 06:28:01,12700.0,100.0,8464000.0
696,2021-10-12 06:28:01,12700.0,700.0,8463900.0
697,2021-10-12 06:27:45,12650.0,800.0,8463200.0
698,2021-10-12 06:27:40,12700.0,300.0,8462400.0
699,2021-10-12 06:27:40,12700.0,1000.0,8462100.0
700,2021-10-12 06:27:40,12700.0,300.0,8461100.0
701,2021-10-12 06:27:40,12700.0,500.0,8460800.0
702,2021-10-12 06:27:09,12650.0,1000.0,8460300.0
703,2021-10-12 06:26:57,12650.0,1000.0,8459300.0
704,2021-10-12 06:26:45,12650.0,8800.0,8458300.0
705,2021-10-12 06:26:45,12650.0,10000.0,8449500.0
706,2021-10-12 06:26:45,12650.0,7000.0,8439500.0
707,2021-10-12 06:26:45,12650.0,300.0,8432500.0
708,2021-10-12 06:26:45,12650.0,1200.0,8432200.0
709,2021-10-12 06:26:45,12700.0,1700.0,8431000.0
710,2021-10-12 06:26:45,12700.0,2000.0,8429300.0
711,2021-10-12 06:26:32,12700.0,500.0,8427300.0
712,2021-10-12 06:26:32,12650.0,5000.0,8426800.0
713,2021-10-12 06:26:25,12700.0,500.0,8421800.0
714,2021-10-12 06:26:25,12700.0,500.0,8421300.0
715,2021-10-12 06:26:24,12700.0,100.0,8420800.0
716,2021-10-12 06:26:22,12700.0,400.0,8420700.0
717,2021-10-12 06:26:22,12700.0,600.0,8420300.0
718,2021-10-12 06:25:53,12700.0,1400.0,8419700.0
719,2021-10-12 06:25:53,12700.0,5000.0,8418300.0
720,2021-10-12 06:25:44,12650.0,1000.0,8413300.0
721,2021-10-12 06:25:18,12650.0,2800.0,8412300.0
722,2021-10-12 06:25:18,12650.0,200.0,8409500.0
723,2021-10-12 06:25:14,12650.0,300.0,8409300.0
724,2021-10-12 06:25:10,12600.0,1100.0,8409000.0
725,2021-10-12 06:25:05,12650.0,700.0,8407900.0
726,2021-10-12 06:24:48,12600.0,200.0,8407200.0
727,2021-10-12 06:24:36,12600.0,2000.0,8407000.0
728,2021-10-12 06:24:01,12600.0,3000.0,8405000.0
729,2021-10-12 06:24:00,12650.0,200.0,8402000.0
730,2021-10-12 06:23:25,12650.0,200.0,8401800.0
731,2021-10-12 06:23:21,12650.0,10000.0,8401600.0
732,2021-10-12 06:23:21,12650.0,500.0,8391600.0
733,2021-10-12 06:23:21,12650.0,1000.0,8391100.0
734,2021-10-12 06:23:21,12650.0,100.0,8390100.0
735,2021-10-12 06:23:21,12650.0,600.0,8390000.0
736,2021-10-12 06:23:21,12650.0,800.0,8389400.0
737,2021-10-12 06:23:21,12650.0,100.0,8388600.0
738,2021-10-12 06:23:21,12650.0,300.0,8388500.0
739,2021-10-12 06:23:21,12650.0,500.0,8388200.0
740,2021-10-12 06:23:21,12650.0,200.0,8387700.0
741,2021-10-12 06:23:21,12650.0,100.0,8387500.0
742,2021-10-12 06:23:21,12650.0,500.0,8387400.0
743,2021-10-12 06:23:21,12650.0,1000.0,8386900.0
744,2021-10-12 06:23:21,12650.0,500.0,8385900.0
745,2021-10-12 06:23:21,12650.0,200.0,8385400.0
746,2021-10-12 06:23:21,12650.0,8000.0,8385200.0
747,2021-10-12 06:23:21,12650.0,300.0,8377200.0
748,2021-10-12 06:23:21,12650.0,200.0,8376900.0
749,2021-10-12 06:23:21,12650.0,1000.0,8376700.0
750,2021-10-12 06:23:21,12650.0,300.0,8375700.0
751,2021-10-12 06:23:21,12650.0,1000.0,8375400.0
752,2021-10-12 06:23:21,12650.0,1000.0,8374400.0
753,2021-10-12 06:23:21,12650.0,2000.0,8373400.0
754,2021-10-12 06:23:21,12650.0,200.0,8371400.0
755,2021-10-12 06:23:21,12650.0,200.0,8371200.0
756,2021-10-12 06:23:21,12650.0,100.0,8371000.0
757,2021-10-12 06:23:21,12650.0,500.0,8370900.0
758,2021-10-12 06:23:21,12650.0,400.0,8370400.0
759,2021-10-12 06:23:21,12650.0,7300.0,8370000.0
760,2021-10-12 06:23:20,12650.0,2000.0,8362700.0
761,2021-10-12 06:23:01,12650.0,5000.0,8360700.0
762,2021-10-12 06:22:57,12650.0,300.0,8355700.0
763,2021-10-12 06:22:49,12650.0,5400.0,8355400.0
764,2021-10-12 06:22:49,12650.0,500.0,8350000.0
765,2021-10-12 06:22:49,12650.0,100.0,8349500.0
766,2021-10-12 06:22:49,12650.0,5000.0,8349400.0
767,2021-10-12 06:22:49,12650.0,2000.0,8344400.0
768,2021-10-12 06:22:49,12650.0,3800.0,8342400.0
769,2021-10-12 06:22:39,12650.0,90000.0,8338600.0
770,2021-10-12 06:22:37,12650.0,20000.0,8248600.0
771,2021-10-12 06:22:10,12650.0,5000.0,8228600.0
772,2021-10-12 06:21:51,12650.0,1000.0,8223600.0
773,2021-10-12 06:21:44,12650.0,1000.0,8222600.0
774,2021-10-12 06:21:39,12650.0,79200.0,8221600.0
775,2021-10-12 06:21:39,12650.0,1000.0,8142400.0
776,2021-10-12 06:21:39,12650.0,300.0,8141400.0
777,2021-10-12 06:21:39,12650.0,1000.0,8141100.0
778,2021-10-12 06:21:39,12650.0,200.0,8140100.0
779,2021-10-12 06:21:39,12650.0,200.0,8139900.0
780,2021-10-12 06:21:39,12650.0,18100.0,8139700.0
781,2021-10-12 06:21:29,12650.0,1900.0,8121600.0
782,2021-10-12 06:21:29,12650.0,1000.0,8119700.0
783,2021-10-12 06:21:29,12650.0,2100.0,8118700.0
784,2021-10-12 06:21:07,12650.0,500.0,8116600.0
785,2021-10-12 06:20:59,12650.0,100.0,8116100.0
786,2021-10-12 06:20:58,12700.0,2000.0,8116000.0
787,2021-10-12 06:20:54,12700.0,400.0,8114000.0
788,2021-10-12 06:20:51,12700.0,400.0,8113600.0
789,2021-10-12 06:20:07,12700.0,100.0,8113200.0
790,2021-10-12 06:20:03,12700.0,200.0,8113100.0
791,2021-10-12 06:19:58,12650.0,17300.0,8112900.0
792,2021-10-12 06:19:58,12650.0,200.0,8095600.0
793,2021-10-12 06:19:58,12650.0,300.0,8095400.0
794,2021-10-12 06:19:58,12650.0,2200.0,8095100.0
795,2021-10-12 06:19:14,12700.0,100.0,8092900.0
796,2021-10-12 06:19:14,12700.0,400.0,8092800.0
797,2021-10-12 06:19:05,12700.0,1000.0,8092400.0
798,2021-10-12 06:19:01,12700.0,2000.0,8091400.0
799,2021-10-12 06:18:55,12700.0,300.0,8089400.0
800,2021-10-12 06:18:49,12700.0,100.0,8089100.0
801,2021-10-12 06:18:46,12700.0,1000.0,8089000.0
802,2021-10-12 06:18:40,12700.0,200.0,8088000.0
803,2021-10-12 06:18:40,12700.0,10000.0,8087800.0
804,2021-10-12 06:18:40,12700.0,100.0,8077800.0
805,2021-10-12 06:18:40,12700.0,1000.0,8077700.0
806,2021-10-12 06:18:40,12700.0,100.0,8076700.0
807,2021-10-12 06:18:40,12700.0,2000.0,8076600.0
808,2021-10-12 06:18:40,12700.0,1700.0,8074600.0
809,2021-10-12 06:18:40,12700.0,100.0,8072900.0
810,2021-10-12 06:18:07,12750.0,200.0,8072800.0
811,2021-10-12 06:18:00,12750.0,2500.0,8072600.0
812,2021-10-12 06:17:57,12700.0,1600.0,8070100.0
813,2021-10-12 06:17:57,12700.0,600.0,8068500.0
814,2021-10-12 06:17:57,12700.0,100.0,8067900.0
815,2021-10-12 06:17:57,12700.0,100.0,8067800.0
816,2021-10-12 06:17:57,12700.0,500.0,8067700.0
817,2021-10-12 06:17:57,12700.0,400.0,8067200.0
818,2021-10-12 06:17:57,12700.0,1000.0,8066800.0
819,2021-10-12 06:17:57,12700.0,100.0,8065800.0
820,2021-10-12 06:17:57,12700.0,100.0,8065700.0
821,2021-10-12 06:17:57,12700.0,100.0,8065600.0
822,2021-10-12 06:17:57,12700.0,100.0,8065500.0
823,2021-10-12 06:17:57,12700.0,1000.0,8065400.0
824,2021-10-12 06:17:57,12700.0,1000.0,8064400.0
825,2021-10-12 06:17:57,12700.0,2500.0,8063400.0
826,2021-10-12 06:17:57,12700.0,20000.0,8060900.0
827,2021-10-12 06:17:57,12700.0,1300.0,8040900.0
828,2021-10-12 06:17:57,12700.0,4500.0,8039600.0
829,2021-10-12 06:17:57,12700.0,500.0,8035100.0
830,2021-10-12 06:17:57,12700.0,10000.0,8034600.0
831,2021-10-12 06:17:57,12700.0,200.0,8024600.0
832,2021-10-12 06:17:57,12700.0,30000.0,8024400.0
833,2021-10-12 06:17:57,12700.0,100.0,7994400.0
834,2021-10-12 06:17:57,12700.0,1000.0,7994300.0
835,2021-10-12 06:17:57,12700.0,200.0,7993300.0
836,2021-10-12 06:17:57,12700.0,100.0,7993100.0
837,2021-10-12 06:17:57,12700.0,1000.0,7993000.0
838,2021-10-12 06:17:57,12700.0,500.0,7992000.0
839,2021-10-12 06:17:57,12700.0,1000.0,7991500.0
840,2021-10-12 06:17:57,12700.0,200.0,7990500.0
841,2021-10-12 06:17:57,12700.0,800.0,7990300.0
842,2021-10-12 06:17:57,12700.0,100.0,7989500.0
843,2021-10-12 06:17:57,12700.0,100.0,7989400.0
844,2021-10-12 06:17:57,12700.0,2000.0,7989300.0
845,2021-10-12 06:17:57,12700.0,200.0,7987300.0
846,2021-10-12 06:17:57,12700.0,500.0,7987100.0
847,2021-10-12 06:17:57,12700.0,13200.0,7986600.0
848,2021-10-12 06:17:57,12700.0,700.0,7973400.0
849,2021-10-12 06:17:57,12700.0,100.0,7972700.0
850,2021-10-12 06:17:57,12700.0,30000.0,7972600.0
851,2021-10-12 06:17:57,12700.0,100.0,7942600.0
852,2021-10-12 06:17:57,12700.0,500.0,7942500.0
853,2021-10-12 06:17:57,12700.0,100.0,7942000.0
854,2021-10-12 06:17:57,12700.0,100.0,7941900.0
855,2021-10-12 06:17:57,12700.0,500.0,7941800.0
856,2021-10-12 06:17:57,12700.0,1000.0,7941300.0
857,2021-10-12 06:17:57,12700.0,600.0,7940300.0
858,2021-10-12 06:17:57,12700.0,1000.0,7939700.0
859,2021-10-12 06:17:57,12700.0,2000.0,7938700.0
860,2021-10-12 06:17:57,12700.0,5000.0,7936700.0
861,2021-10-12 06:17:57,12700.0,100.0,7931700.0
862,2021-10-12 06:17:57,12700.0,1000.0,7931600.0
863,2021-10-12 06:17:57,12700.0,1800.0,7930600.0
864,2021-10-12 06:17:57,12700.0,500.0,7928800.0
865,2021-10-12 06:17:57,12700.0,100.0,7928300.0
866,2021-10-12 06:17:57,12700.0,100.0,7928200.0
867,2021-10-12 06:17:57,12700.0,1000.0,7928100.0
868,2021-10-12 06:17:57,12700.0,100.0,7927100.0
869,2021-10-12 06:17:57,12700.0,1000.0,7927000.0
870,2021-10-12 06:17:57,12700.0,100.0,7926000.0
871,2021-10-12 06:17:57,12700.0,5000.0,7925900.0
872,2021-10-12 06:17:57,12700.0,100.0,7920900.0
873,2021-10-12 06:17:57,12700.0,500.0,7920800.0
874,2021-10-12 06:17:57,12700.0,200.0,7920300.0
875,2021-10-12 06:17:46,12750.0,300.0,7920100.0
876,2021-10-12 06:17:09,12750.0,1400.0,7919800.0
877,2021-10-12 06:17:09,12750.0,1000.0,7918400.0
878,2021-10-12 06:17:09,12750.0,2200.0,7917400.0
879,2021-10-12 06:17:09,12750.0,5400.0,7915200.0
880,2021-10-12 06:17:00,12700.0,200.0,7909800.0
881,2021-10-12 06:17:00,12700.0,500.0,7909600.0
882,2021-10-12 06:17:00,12700.0,2300.0,7909100.0
883,2021-10-12 06:16:37,12750.0,1000.0,7906800.0
884,2021-10-12 06:16:37,12750.0,2000.0,7905800.0
885,2021-10-12 06:16:37,12750.0,1600.0,7903800.0
886,2021-10-12 06:16:19,12750.0,1000.0,7902200.0
887,2021-10-12 06:16:17,12750.0,2000.0,7901200.0
888,2021-10-12 06:16:05,12750.0,200.0,7899200.0
889,2021-10-12 06:15:34,12750.0,200.0,7899000.0
890,2021-10-12 06:15:16,12700.0,55500.0,7898800.0
891,2021-10-12 06:15:16,12750.0,300.0,7843300.0
892,2021-10-12 06:15:16,12750.0,1000.0,7843000.0
893,2021-10-12 06:15:16,12750.0,1000.0,7842000.0
894,2021-10-12 06:15:16,12750.0,2000.0,7841000.0
895,2021-10-12 06:15:16,12750.0,200.0,7839000.0
896,2021-10-12 06:14:57,12750.0,200.0,7838800.0
897,2021-10-12 06:14:56,12750.0,100.0,7838600.0
898,2021-10-12 06:14:16,12750.0,3000.0,7838500.0
899,2021-10-12 06:14:16,12750.0,1500.0,7835500.0
900,2021-10-12 06:14:04,12750.0,1000.0,7834000.0
901,2021-10-12 06:13:58,12750.0,2000.0,7833000.0
902,2021-10-12 06:13:47,12750.0,500.0,7831000.0
903,2021-10-12 06:13:45,12750.0,1000.0,7830500.0
904,2021-10-12 06:13:45,12750.0,1500.0,7829500.0
905,2021-10-12 06:13:28,12750.0,500.0,7828000.0
906,2021-10-12 06:13:12,12750.0,500.0,7827500.0
907,2021-10-12 06:13:12,12750.0,9500.0,7827000.0
908,2021-10-12 06:13:09,12750.0,500.0,7817500.0
909,2021-10-12 06:13:08,12700.0,2000.0,7817000.0
910,2021-10-12 06:13:04,12700.0,200.0,7815000.0
911,2021-10-12 06:13:04,12700.0,1000.0,7814800.0
912,2021-10-12 06:13:04,12700.0,100.0,7813800.0
913,2021-10-12 06:13:04,12700.0,1000.0,7813700.0
914,2021-10-12 06:13:04,12700.0,100.0,7812700.0
915,2021-10-12 06:13:04,12700.0,1300.0,7812600.0
916,2021-10-12 06:13:04,12700.0,400.0,7811300.0
917,2021-10-12 06:13:04,12700.0,1000.0,7810900.0
918,2021-10-12 06:13:04,12700.0,300.0,7809900.0
919,2021-10-12 06:13:04,12700.0,500.0,7809600.0
920,2021-10-12 06:13:04,12700.0,3000.0,7809100.0
921,2021-10-12 06:13:04,12700.0,300.0,7806100.0
922,2021-10-12 06:13:04,12700.0,500.0,7805800.0
923,2021-10-12 06:13:04,12700.0,1000.0,7805300.0
924,2021-10-12 06:13:04,12700.0,200.0,7804300.0
925,2021-10-12 06:13:04,12700.0,500.0,7804100.0
926,2021-10-12 06:13:04,12700.0,5000.0,7803600.0
927,2021-10-12 06:13:04,12700.0,1500.0,7798600.0
928,2021-10-12 06:13:04,12700.0,3000.0,7797100.0
929,2021-10-12 06:13:04,12700.0,5000.0,7794100.0
930,2021-10-12 06:13:04,12700.0,3000.0,7789100.0
931,2021-10-12 06:13:04,12700.0,1000.0,7786100.0
932,2021-10-12 06:13:04,12700.0,2000.0,7785100.0
933,2021-10-12 06:13:04,12700.0,500.0,7783100.0
934,2021-10-12 06:13:04,12700.0,200.0,7782600.0
935,2021-10-12 06:13:04,12700.0,100.0,7782400.0
936,2021-10-12 06:13:04,12700.0,500.0,7782300.0
937,2021-10-12 06:13:04,12700.0,1000.0,7781800.0
938,2021-10-12 06:13:04,12700.0,400.0,7780800.0
939,2021-10-12 06:13:04,12700.0,500.0,7780400.0
940,2021-10-12 06:13:04,12700.0,500.0,7779900.0
941,2021-10-12 06:13:04,12700.0,500.0,7779400.0
942,2021-10-12 06:13:04,12700.0,100.0,7778900.0
943,2021-10-12 06:13:04,12750.0,200.0,7778800.0
944,2021-10-12 06:13:04,12750.0,100.0,7778600.0
945,2021-10-12 06:13:04,12750.0,5000.0,7778500.0
946,2021-10-12 06:13:04,12750.0,700.0,7773500.0
947,2021-10-12 06:13:04,12750.0,7800.0,7772800.0
948,2021-10-12 06:12:53,12750.0,2200.0,7765000.0
949,2021-10-12 06:12:53,12750.0,2800.0,7762800.0
950,2021-10-12 06:12:51,12750.0,7200.0,7760000.0
951,2021-10-12 06:12:51,12750.0,400.0,7752800.0
952,2021-10-12 06:12:51,12750.0,300.0,7752400.0
953,2021-10-12 06:12:51,12750.0,200.0,7752100.0
954,2021-10-12 06:12:51,12750.0,900.0,7751900.0
955,2021-10-12 06:12:51,12750.0,100.0,7751000.0
956,2021-10-12 06:12:51,12750.0,100.0,7750900.0
957,2021-10-12 06:12:51,12750.0,800.0,7750800.0
958,2021-10-12 06:12:43,12750.0,1200.0,7750000.0
959,2021-10-12 06:12:43,12750.0,1000.0,7748800.0
960,2021-10-12 06:12:43,12750.0,2000.0,7747800.0
961,2021-10-12 06:12:43,12750.0,200.0,7745800.0
962,2021-10-12 06:12:43,12750.0,500.0,7745600.0
963,2021-10-12 06:12:43,12750.0,100.0,7745100.0
964,2021-10-12 06:12:28,12750.0,200.0,7745000.0
965,2021-10-12 06:12:24,12750.0,1200.0,7744800.0
966,2021-10-12 06:12:24,12750.0,400.0,7743600.0
967,2021-10-12 06:12:24,12750.0,300.0,7743200.0
968,2021-10-12 06:12:24,12750.0,200.0,7742900.0
969,2021-10-12 06:12:24,12750.0,200.0,7742700.0
970,2021-10-12 06:12:24,12750.0,100.0,7742500.0
971,2021-10-12 06:12:24,12750.0,600.0,7742400.0
972,2021-10-12 06:12:24,12750.0,1000.0,7741800.0
973,2021-10-12 06:12:24,12750.0,600.0,7740800.0
974,2021-10-12 06:12:24,12750.0,300.0,7740200.0
975,2021-10-12 06:12:24,12750.0,400.0,7739900.0
976,2021-10-12 06:12:24,12750.0,1000.0,7739500.0
977,2021-10-12 06:12:24,12750.0,1000.0,7738500.0
978,2021-10-12 06:12:24,12750.0,300.0,7737500.0
979,2021-10-12 06:12:24,12750.0,300.0,7737200.0
980,2021-10-12 06:12:24,12750.0,300.0,7736900.0
981,2021-10-12 06:12:24,12750.0,100.0,7736600.0
982,2021-10-12 06:12:24,12750.0,100.0,7736500.0
983,2021-10-12 06:12:24,12750.0,100.0,7736400.0
984,2021-10-12 06:12:24,12750.0,200.0,7736300.0
985,2021-10-12 06:12:24,12750.0,300.0,7736100.0
986,2021-10-12 06:12:24,12750.0,1000.0,7735800.0
987,2021-10-12 06:12:24,12750.0,500.0,7734800.0
988,2021-10-12 06:12:24,12750.0,200.0,7734300.0
989,2021-10-12 06:12:24,12750.0,100.0,7734100.0
990,2021-10-12 06:12:24,12750.0,400.0,7734000.0
991,2021-10-12 06:12:24,12750.0,100.0,7733600.0
992,2021-10-12 06:12:24,12750.0,100.0,7733500.0
993,2021-10-12 06:12:24,12750.0,1100.0,7733400.0
994,2021-10-12 06:12:08,12750.0,3000.0,7732300.0
995,2021-10-12 06:11:56,12750.0,1000.0,7729300.0
996,2021-10-12 06:11:38,12750.0,2900.0,7728300.0
997,2021-10-12 06:11:38,12750.0,1200.0,7725400.0
998,2021-10-12 06:11:38,12750.0,800.0,7724200.0
999,2021-10-12 06:11:38,12750.0,200.0,7723400.0
1000,2021-10-12 06:11:38,12750.0,100.0,7723200.0
1001,2021-10-12 06:11:38,12750.0,100.0,7723100.0
1002,2021-10-12 06:11:38,12750.0,200.0,7723000.0
1003,2021-10-12 06:11:38,12750.0,100.0,7722800.0
1004,2021-10-12 06:11:38,12750.0,200.0,7722700.0
1005,2021-10-12 06:11:38,12750.0,3000.0,7722500.0
1006,2021-10-12 06:11:38,12750.0,1000.0,7719500.0
1007,2021-10-12 06:11:38,12750.0,200.0,7718500.0
1008,2021-10-12 06:11:11,12750.0,500.0,7718300.0
1009,2021-10-12 06:11:11,12750.0,100.0,7717800.0
1010,2021-10-12 06:11:11,12750.0,100.0,7717700.0
1011,2021-10-12 06:11:11,12750.0,300.0,7717600.0
1012,2021-10-12 06:11:11,12750.0,500.0,7717300.0
1013,2021-10-12 06:11:11,12750.0,500.0,7716800.0
1014,2021-10-12 06:11:11,12750.0,1000.0,7716300.0
1015,2021-10-12 06:11:11,12750.0,200.0,7715300.0
1016,2021-10-12 06:11:11,12750.0,200.0,7715100.0
1017,2021-10-12 06:11:11,12750.0,200.0,7714900.0
1018,2021-10-12 06:11:11,12750.0,100.0,7714700.0
1019,2021-10-12 06:11:11,12750.0,200.0,7714600.0
1020,2021-10-12 06:11:11,12750.0,200.0,7714400.0
1021,2021-10-12 06:11:11,12750.0,900.0,7714200.0
1022,2021-10-12 06:11:05,12750.0,1000.0,7713300.0
1023,2021-10-12 06:11:05,12750.0,4000.0,7712300.0
1024,2021-10-12 06:10:57,12750.0,1000.0,7708300.0
1025,2021-10-12 06:10:57,12750.0,4000.0,7707300.0
1026,2021-10-12 06:10:52,12750.0,26000.0,7703300.0
1027,2021-10-12 06:10:52,12750.0,100.0,7677300.0
1028,2021-10-12 06:10:52,12750.0,100.0,7677200.0
1029,2021-10-12 06:10:52,12750.0,200.0,7677100.0
1030,2021-10-12 06:10:52,12750.0,10000.0,7676900.0
1031,2021-10-12 06:10:52,12750.0,2000.0,7666900.0
1032,2021-10-12 06:10:52,12750.0,300.0,7664900.0
1033,2021-10-12 06:10:52,12750.0,5000.0,7664600.0
1034,2021-10-12 06:10:52,12750.0,2000.0,7659600.0
1035,2021-10-12 06:10:52,12750.0,4300.0,7657600.0
1036,2021-10-12 06:10:51,12800.0,10000.0,7653300.0
1037,2021-10-12 06:10:50,12750.0,2000.0,7643300.0
1038,2021-10-12 06:09:40,12750.0,2900.0,7641300.0
1039,2021-10-12 06:09:31,12750.0,800.0,7638400.0
1040,2021-10-12 06:09:31,12750.0,1200.0,7637600.0
1041,2021-10-12 06:09:14,12750.0,3000.0,7636400.0
1042,2021-10-12 06:09:00,12750.0,100.0,7633400.0
1043,2021-10-12 06:08:41,12750.0,200.0,7633300.0
1044,2021-10-12 06:08:18,12750.0,20000.0,7633100.0
1045,2021-10-12 06:08:08,12750.0,500.0,7613100.0
1046,2021-10-12 06:07:52,12800.0,500.0,7612600.0
1047,2021-10-12 06:07:51,12800.0,100.0,7612100.0
1048,2021-10-12 06:07:45,12800.0,100.0,7612000.0
1049,2021-10-12 06:07:40,12750.0,1900.0,7611900.0
1050,2021-10-12 06:07:26,12800.0,100.0,7610000.0
1051,2021-10-12 06:07:14,12800.0,1100.0,7609900.0
1052,2021-10-12 06:07:12,12800.0,1500.0,7608800.0
1053,2021-10-12 06:07:05,12800.0,10900.0,7607300.0
1054,2021-10-12 06:07:05,12800.0,100.0,7596400.0
1055,2021-10-12 06:07:05,12800.0,9000.0,7596300.0
1056,2021-10-12 06:06:35,12800.0,800.0,7587300.0
1057,2021-10-12 06:06:27,12750.0,600.0,7586500.0
1058,2021-10-12 06:06:20,12750.0,700.0,7585900.0
1059,2021-10-12 06:05:41,12750.0,500.0,7585200.0
1060,2021-10-12 06:05:20,12800.0,1000.0,7584700.0
1061,2021-10-12 06:05:09,12800.0,5000.0,7583700.0
1062,2021-10-12 06:05:01,12800.0,700.0,7578700.0
1063,2021-10-12 06:04:56,12800.0,700.0,7578000.0
1064,2021-10-12 06:04:02,12800.0,2000.0,7577300.0
1065,2021-10-12 06:03:34,12800.0,800.0,7575300.0
1066,2021-10-12 06:03:34,12800.0,500.0,7574500.0
1067,2021-10-12 06:03:34,12800.0,1700.0,7574000.0
1068,2021-10-12 06:03:10,12800.0,2000.0,7572300.0
1069,2021-10-12 06:02:54,12800.0,200.0,7570300.0
1070,2021-10-12 06:02:36,12800.0,200.0,7570100.0
1071,2021-10-12 06:02:35,12800.0,200.0,7569900.0
1072,2021-10-12 06:02:25,12800.0,1000.0,7569700.0
1073,2021-10-12 06:01:59,12800.0,100.0,7568700.0
1074,2021-10-12 06:00:28,12750.0,200.0,7568600.0
1075,2021-10-12 06:00:22,12750.0,100.0,7568400.0
1076,2021-10-12 06:00:18,12750.0,400.0,7568300.0
1077,2021-10-12 06:00:16,12750.0,500.0,7567900.0
1078,2021-10-12 06:00:09,12800.0,600.0,7567400.0
1079,2021-10-12 06:00:08,12750.0,200.0,7566800.0
1080,2021-10-12 06:00:08,12800.0,400.0,7566600.0
1081,2021-10-12 06:00:07,12800.0,200.0,7566200.0
1082,2021-10-12 06:00:06,12800.0,1000.0,7566000.0
1083,2021-10-12 06:00:05,12750.0,1100.0,7565000.0
1084,2021-10-12 06:00:03,12800.0,100.0,7563900.0
1085,2021-10-12 06:00:01,12800.0,1900.0,7563800.0
1086,2021-10-12 06:00:01,12750.0,100.0,7561900.0
1087,2021-10-12 06:00:00,12750.0,800.0,7561800.0
1088,2021-10-12 04:29:53,12750.0,200.0,7561000.0
1089,2021-10-12 04:29:36,12800.0,7500.0,7560800.0
1090,2021-10-12 04:29:02,12750.0,100.0,7553300.0
1091,2021-10-12 04:28:59,12800.0,200.0,7553200.0
1092,2021-10-12 04:28:47,12800.0,400.0,7553000.0
1093,2021-10-12 04:28:37,12750.0,1000.0,7552600.0
1094,2021-10-12 04:27:43,12800.0,100.0,7551600.0
1095,2021-10-12 04:27:20,12800.0,100.0,7551500.0
1096,2021-10-12 04:27:11,12800.0,5400.0,7551400.0
1097,2021-10-12 04:27:11,12800.0,200.0,7546000.0
1098,2021-10-12 04:27:11,12800.0,300.0,7545800.0
1099,2021-10-12 04:27:11,12800.0,500.0,7545500.0
1100,2021-10-12 04:27:11,12800.0,2000.0,7545000.0
1101,2021-10-12 04:27:11,12800.0,300.0,7543000.0
1102,2021-10-12 04:27:11,12800.0,13400.0,7542700.0
1103,2021-10-12 04:26:58,12800.0,16500.0,7529300.0
1104,2021-10-12 04:26:18,12800.0,100.0,7512800.0
1105,2021-10-12 04:26:08,12750.0,1300.0,7512700.0
1106,2021-10-12 04:26:08,12800.0,700.0,7511400.0
1107,2021-10-12 04:25:50,12800.0,100.0,7510700.0
1108,2021-10-12 04:25:48,12800.0,500.0,7510600.0
1109,2021-10-12 04:25:48,12800.0,300.0,7510100.0
1110,2021-10-12 04:24:37,12800.0,1000.0,7509800.0
1111,2021-10-12 04:24:37,12800.0,1000.0,7508800.0
1112,2021-10-12 04:24:37,12800.0,500.0,7507800.0
1113,2021-10-12 04:24:37,12800.0,200.0,7507300.0
1114,2021-10-12 04:24:28,12800.0,200.0,7507100.0
1115,2021-10-12 04:24:28,12800.0,1000.0,7506900.0
1116,2021-10-12 04:24:28,12800.0,300.0,7505900.0
1117,2021-10-12 04:24:28,12800.0,1500.0,7505600.0
1118,2021-10-12 04:24:28,12800.0,400.0,7504100.0
1119,2021-10-12 04:24:28,12800.0,100.0,7503700.0
1120,2021-10-12 04:24:28,12800.0,500.0,7503600.0
1121,2021-10-12 04:24:17,12800.0,1000.0,7503100.0
1122,2021-10-12 04:24:17,12800.0,200.0,7502100.0
1123,2021-10-12 04:24:17,12800.0,200.0,7501900.0
1124,2021-10-12 04:24:17,12800.0,400.0,7501700.0
1125,2021-10-12 04:24:17,12800.0,800.0,7501300.0
1126,2021-10-12 04:23:23,12800.0,200.0,7500500.0
1127,2021-10-12 04:23:23,12800.0,1500.0,7500300.0
1128,2021-10-12 04:23:23,12800.0,1000.0,7498800.0
1129,2021-10-12 04:23:23,12800.0,300.0,7497800.0
1130,2021-10-12 04:22:57,12800.0,300.0,7497500.0
1131,2021-10-12 04:22:21,12800.0,2900.0,7497200.0
1132,2021-10-12 04:21:21,12850.0,5000.0,7494300.0
1133,2021-10-12 04:21:17,12800.0,500.0,7489300.0
1134,2021-10-12 04:21:16,12850.0,1300.0,7488800.0
1135,2021-10-12 04:21:16,12850.0,100.0,7487500.0
1136,2021-10-12 04:21:16,12850.0,2000.0,7487400.0
1137,2021-10-12 04:21:16,12850.0,200.0,7485400.0
1138,2021-10-12 04:21:16,12850.0,500.0,7485200.0
1139,2021-10-12 04:21:16,12850.0,100.0,7484700.0
1140,2021-10-12 04:21:16,12850.0,800.0,7484600.0
1141,2021-10-12 04:21:11,12800.0,1000.0,7483800.0
1142,2021-10-12 04:21:11,12800.0,1000.0,7482800.0
1143,2021-10-12 04:21:03,12800.0,4000.0,7481800.0
1144,2021-10-12 04:20:55,12800.0,2700.0,7477800.0
1145,2021-10-12 04:20:55,12800.0,5000.0,7475100.0
1146,2021-10-12 04:20:55,12800.0,1200.0,7470100.0
1147,2021-10-12 04:20:55,12800.0,2100.0,7468900.0
1148,2021-10-12 04:20:42,12800.0,1500.0,7466800.0
1149,2021-10-12 04:20:34,12800.0,1400.0,7465300.0
1150,2021-10-12 04:20:34,12800.0,100.0,7463900.0
1151,2021-10-12 04:20:34,12800.0,3500.0,7463800.0
1152,2021-10-12 04:20:25,12800.0,1500.0,7460300.0
1153,2021-10-12 04:20:25,12800.0,1000.0,7458800.0
1154,2021-10-12 04:20:25,12800.0,2500.0,7457800.0
1155,2021-10-12 04:19:51,12800.0,300.0,7455300.0
1156,2021-10-12 04:19:51,12800.0,1000.0,7455000.0
1157,2021-10-12 04:19:51,12800.0,200.0,7454000.0
1158,2021-10-12 04:19:51,12800.0,1000.0,7453800.0
1159,2021-10-12 04:19:51,12800.0,700.0,7452800.0
1160,2021-10-12 04:19:51,12800.0,1800.0,7452100.0
1161,2021-10-12 04:18:51,12800.0,200.0,7450300.0
1162,2021-10-12 04:18:51,12800.0,100.0,7450100.0
1163,2021-10-12 04:18:47,12800.0,2000.0,7450000.0
1164,2021-10-12 04:18:47,12800.0,2000.0,7448000.0
1165,2021-10-12 04:18:47,12800.0,600.0,7446000.0
1166,2021-10-12 04:18:47,12800.0,2000.0,7445400.0
1167,2021-10-12 04:18:47,12800.0,3400.0,7443400.0
1168,2021-10-12 04:18:34,12800.0,100.0,7440000.0
1169,2021-10-12 04:17:56,12800.0,5000.0,7439900.0
1170,2021-10-12 04:17:52,12800.0,9300.0,7434900.0
1171,2021-10-12 04:17:52,12800.0,200.0,7425600.0
1172,2021-10-12 04:17:52,12800.0,300.0,7425400.0
1173,2021-10-12 04:17:52,12800.0,200.0,7425100.0
1174,2021-10-12 04:17:47,12800.0,300.0,7424900.0
1175,2021-10-12 04:17:47,12800.0,400.0,7424600.0
1176,2021-10-12 04:17:47,12800.0,800.0,7424200.0
1177,2021-10-12 04:17:47,12800.0,2000.0,7423400.0
1178,2021-10-12 04:17:47,12800.0,100.0,7421400.0
1179,2021-10-12 04:17:47,12800.0,400.0,7421300.0
1180,2021-10-12 04:17:14,12850.0,500.0,7420900.0
1181,2021-10-12 04:16:54,12800.0,600.0,7420400.0
1182,2021-10-12 04:16:54,12800.0,500.0,7419800.0
1183,2021-10-12 04:16:54,12800.0,100.0,7419300.0
1184,2021-10-12 04:16:54,12800.0,100.0,7419200.0
1185,2021-10-12 04:16:54,12800.0,1000.0,7419100.0
1186,2021-10-12 04:16:54,12800.0,1200.0,7418100.0
1187,2021-10-12 04:16:54,12800.0,1500.0,7416900.0
1188,2021-10-12 04:16:44,12800.0,1500.0,7415400.0
1189,2021-10-12 04:16:44,12800.0,500.0,7413900.0
1190,2021-10-12 04:16:40,12800.0,400.0,7413400.0
1191,2021-10-12 04:16:40,12800.0,1000.0,7413000.0
1192,2021-10-12 04:16:40,12800.0,100.0,7412000.0
1193,2021-10-12 04:16:40,12800.0,100.0,7411900.0
1194,2021-10-12 04:16:40,12800.0,400.0,7411800.0
1195,2021-10-12 04:16:33,12800.0,100.0,7411400.0
1196,2021-10-12 04:16:24,12800.0,500.0,7411300.0
1197,2021-10-12 04:16:24,12800.0,500.0,7410800.0
1198,2021-10-12 04:16:16,12800.0,1000.0,7410300.0
1199,2021-10-12 04:16:12,12800.0,100.0,7409300.0
1200,2021-10-12 04:16:10,12850.0,900.0,7409200.0
1201,2021-10-12 04:16:02,12800.0,1400.0,7408300.0
1202,2021-10-12 04:16:02,12800.0,2000.0,7406900.0
1203,2021-10-12 04:16:02,12800.0,6600.0,7404900.0
1204,2021-10-12 04:15:48,12800.0,3400.0,7398300.0
1205,2021-10-12 04:15:48,12800.0,200.0,7394900.0
1206,2021-10-12 04:15:48,12800.0,400.0,7394700.0
1207,2021-10-12 04:15:48,12800.0,2000.0,7394300.0
1208,2021-10-12 04:15:48,12800.0,2900.0,7392300.0
1209,2021-10-12 04:15:48,12800.0,1000.0,7389400.0
1210,2021-10-12 04:15:48,12800.0,400.0,7388400.0
1211,2021-10-12 04:15:48,12800.0,1000.0,7388000.0
1212,2021-10-12 04:15:48,12800.0,100.0,7387000.0
1213,2021-10-12 04:15:48,12800.0,1000.0,7386900.0
1214,2021-10-12 04:15:48,12800.0,1800.0,7385900.0
1215,2021-10-12 04:15:36,12800.0,1000.0,7384100.0
1216,2021-10-12 04:15:35,12850.0,200.0,7383100.0
1217,2021-10-12 04:15:33,12800.0,800.0,7382900.0
1218,2021-10-12 04:15:31,12800.0,3000.0,7382100.0
1219,2021-10-12 04:15:11,12800.0,200.0,7379100.0
1220,2021-10-12 04:14:39,12800.0,200.0,7378900.0
1221,2021-10-12 04:14:16,12800.0,300.0,7378700.0
1222,2021-10-12 04:14:12,12800.0,400.0,7378400.0
1223,2021-10-12 04:14:02,12800.0,1000.0,7378000.0
1224,2021-10-12 04:13:46,12800.0,500.0,7377000.0
1225,2021-10-12 04:13:46,12800.0,5800.0,7376500.0
1226,2021-10-12 04:13:46,12800.0,1000.0,7370700.0
1227,2021-10-12 04:13:46,12800.0,700.0,7369700.0
1228,2021-10-12 04:13:26,12800.0,300.0,7369000.0
1229,2021-10-12 04:13:26,12800.0,100.0,7368700.0
1230,2021-10-12 04:13:26,12800.0,1000.0,7368600.0
1231,2021-10-12 04:13:26,12800.0,300.0,7367600.0
1232,2021-10-12 04:13:26,12800.0,100.0,7367300.0
1233,2021-10-12 04:13:26,12800.0,200.0,7367200.0
1234,2021-10-12 04:12:59,12800.0,300.0,7367000.0
1235,2021-10-12 04:12:57,12800.0,1000.0,7366700.0
1236,2021-10-12 04:12:25,12800.0,200.0,7365700.0
1237,2021-10-12 04:12:25,12800.0,500.0,7365500.0
1238,2021-10-12 04:12:25,12800.0,500.0,7365000.0
1239,2021-10-12 04:12:25,12800.0,3800.0,7364500.0
1240,2021-10-12 04:12:13,12800.0,1200.0,7360700.0
1241,2021-10-12 04:12:13,12800.0,200.0,7359500.0
1242,2021-10-12 04:12:13,12800.0,100.0,7359300.0
1243,2021-10-12 04:12:11,12800.0,100.0,7359200.0
1244,2021-10-12 04:12:08,12800.0,500.0,7359100.0
1245,2021-10-12 04:11:49,12800.0,300.0,7358600.0
1246,2021-10-12 04:11:49,12800.0,2000.0,7358300.0
1247,2021-10-12 04:11:49,12800.0,3200.0,7356300.0
1248,2021-10-12 04:11:40,12800.0,1800.0,7353100.0
1249,2021-10-12 04:11:40,12800.0,24000.0,7351300.0
1250,2021-10-12 04:11:40,12800.0,4200.0,7327300.0
1251,2021-10-12 04:11:36,12800.0,800.0,7323100.0
1252,2021-10-12 04:11:36,12800.0,700.0,7322300.0
1253,2021-10-12 04:11:08,12850.0,100.0,7321600.0
1254,2021-10-12 04:11:01,12850.0,600.0,7321500.0
1255,2021-10-12 04:10:58,12800.0,1000.0,7320900.0
1256,2021-10-12 04:10:53,12800.0,300.0,7319900.0
1257,2021-10-12 04:10:53,12800.0,100.0,7319600.0
1258,2021-10-12 04:10:47,12850.0,1000.0,7319500.0
1259,2021-10-12 04:10:25,12800.0,1000.0,7318500.0
1260,2021-10-12 04:10:11,12850.0,2900.0,7317500.0
1261,2021-10-12 04:10:00,12800.0,1000.0,7314600.0
1262,2021-10-12 04:09:57,12800.0,2000.0,7313600.0
1263,2021-10-12 04:09:50,12850.0,1000.0,7311600.0
1264,2021-10-12 04:09:41,12850.0,2000.0,7310600.0
1265,2021-10-12 04:09:37,12850.0,100.0,7308600.0
1266,2021-10-12 04:09:18,12850.0,500.0,7308500.0
1267,2021-10-12 04:09:12,12850.0,500.0,7308000.0
1268,2021-10-12 04:08:59,12850.0,10000.0,7307500.0
1269,2021-10-12 04:08:58,12800.0,1000.0,7297500.0
1270,2021-10-12 04:08:58,12800.0,100.0,7296500.0
1271,2021-10-12 04:08:58,12800.0,1900.0,7296400.0
1272,2021-10-12 04:08:45,12850.0,100.0,7294500.0
1273,2021-10-12 04:08:41,12800.0,100.0,7294400.0
1274,2021-10-12 04:08:41,12800.0,1000.0,7294300.0
1275,2021-10-12 04:08:41,12800.0,900.0,7293300.0
1276,2021-10-12 04:08:34,12800.0,1000.0,7292400.0
1277,2021-10-12 04:08:31,12800.0,100.0,7291400.0
1278,2021-10-12 04:08:31,12800.0,600.0,7291300.0
1279,2021-10-12 04:08:31,12800.0,200.0,7290700.0
1280,2021-10-12 04:08:31,12800.0,100.0,7290500.0
1281,2021-10-12 04:08:14,12800.0,200.0,7290400.0
1282,2021-10-12 04:07:53,12800.0,4700.0,7290200.0
1283,2021-10-12 04:07:53,12800.0,400.0,7285500.0
1284,2021-10-12 04:07:53,12800.0,300.0,7285100.0
1285,2021-10-12 04:07:53,12800.0,200.0,7284800.0
1286,2021-10-12 04:07:53,12800.0,100.0,7284600.0
1287,2021-10-12 04:07:53,12800.0,200.0,7284500.0
1288,2021-10-12 04:07:53,12800.0,1000.0,7284300.0
1289,2021-10-12 04:07:53,12800.0,200.0,7283300.0
1290,2021-10-12 04:07:53,12800.0,2900.0,7283100.0
1291,2021-10-12 04:07:46,12800.0,2000.0,7280200.0
1292,2021-10-12 04:07:46,12850.0,3000.0,7278200.0
1293,2021-10-12 04:07:43,12850.0,1000.0,7275200.0
1294,2021-10-12 04:07:40,12850.0,1000.0,7274200.0
1295,2021-10-12 04:07:36,12850.0,100.0,7273200.0
1296,2021-10-12 04:07:27,12850.0,3000.0,7273100.0
1297,2021-10-12 04:07:24,12850.0,1200.0,7270100.0
1298,2021-10-12 04:07:20,12850.0,6000.0,7268900.0
1299,2021-10-12 04:07:18,12800.0,100.0,7262900.0
1300,2021-10-12 04:07:18,12800.0,1000.0,7262800.0
1301,2021-10-12 04:07:18,12800.0,200.0,7261800.0
1302,2021-10-12 04:07:18,12800.0,1800.0,7261600.0
1303,2021-10-12 04:06:59,12800.0,8200.0,7259800.0
1304,2021-10-12 04:06:59,12800.0,1000.0,7251600.0
1305,2021-10-12 04:06:59,12800.0,800.0,7250600.0
1306,2021-10-12 04:06:58,12850.0,900.0,7249800.0
1307,2021-10-12 04:06:53,12850.0,300.0,7248900.0
1308,2021-10-12 04:06:49,12850.0,13300.0,7248600.0
1309,2021-10-12 04:06:41,12850.0,1700.0,7235300.0
1310,2021-10-12 04:06:34,12850.0,3300.0,7233600.0
1311,2021-10-12 04:06:34,12850.0,6000.0,7230300.0
1312,2021-10-12 04:05:53,12850.0,2000.0,7224300.0
1313,2021-10-12 04:05:47,12800.0,2000.0,7222300.0
1314,2021-10-12 04:05:35,12850.0,200.0,7220300.0
1315,2021-10-12 04:05:35,12850.0,500.0,7220100.0
1316,2021-10-12 04:05:29,12850.0,300.0,7219600.0
1317,2021-10-12 04:04:56,12850.0,10000.0,7219300.0
1318,2021-10-12 04:04:48,12850.0,800.0,7209300.0
1319,2021-10-12 04:04:32,12850.0,2000.0,7208500.0
1320,2021-10-12 04:04:29,12850.0,300.0,7206500.0
1321,2021-10-12 04:04:26,12850.0,100.0,7206200.0
1322,2021-10-12 04:04:26,12850.0,900.0,7206100.0
1323,2021-10-12 04:04:26,12850.0,1000.0,7205200.0
1324,2021-10-12 04:04:26,12850.0,3300.0,7204200.0
1325,2021-10-12 04:04:26,12850.0,24600.0,7200900.0
1326,2021-10-12 04:04:21,12850.0,1000.0,7176300.0
1327,2021-10-12 04:04:02,12850.0,500.0,7175300.0
1328,2021-10-12 04:04:02,12850.0,500.0,7174800.0
1329,2021-10-12 04:04:02,12850.0,5000.0,7174300.0
1330,2021-10-12 04:04:02,12850.0,2000.0,7169300.0
1331,2021-10-12 04:04:02,12850.0,4000.0,7167300.0
1332,2021-10-12 04:04:02,12850.0,1000.0,7163300.0
1333,2021-10-12 04:04:02,12850.0,100.0,7162300.0
1334,2021-10-12 04:04:02,12850.0,10000.0,7162200.0
1335,2021-10-12 04:04:02,12850.0,1300.0,7152200.0
1336,2021-10-12 04:03:56,12850.0,5000.0,7150900.0
1337,2021-10-12 04:03:54,12850.0,300.0,7145900.0
1338,2021-10-12 04:03:52,12850.0,400.0,7145600.0
1339,2021-10-12 04:03:46,12850.0,100.0,7145200.0
1340,2021-10-12 04:03:45,12850.0,100.0,7145100.0
1341,2021-10-12 04:03:32,12850.0,100.0,7145000.0
1342,2021-10-12 04:03:26,12850.0,2700.0,7144900.0
1343,2021-10-12 04:03:26,12850.0,100.0,7142200.0
1344,2021-10-12 04:03:26,12850.0,2000.0,7142100.0
1345,2021-10-12 04:03:26,12850.0,5000.0,7140100.0
1346,2021-10-12 04:03:26,12850.0,200.0,7135100.0
1347,2021-10-12 04:03:25,12850.0,100.0,7134900.0
1348,2021-10-12 04:03:19,12850.0,500.0,7134800.0
1349,2021-10-12 04:03:19,12850.0,1500.0,7134300.0
1350,2021-10-12 04:03:06,12850.0,500.0,7132800.0
1351,2021-10-12 04:03:06,12850.0,3300.0,7132300.0
1352,2021-10-12 04:03:04,12800.0,8900.0,7129000.0
1353,2021-10-12 04:03:04,12800.0,100.0,7120100.0
1354,2021-10-12 04:03:04,12800.0,100.0,7120000.0
1355,2021-10-12 04:03:04,12800.0,7100.0,7119900.0
1356,2021-10-12 04:03:04,12800.0,1000.0,7112800.0
1357,2021-10-12 04:03:04,12800.0,300.0,7111800.0
1358,2021-10-12 04:03:04,12800.0,1000.0,7111500.0
1359,2021-10-12 04:03:04,12800.0,5000.0,7110500.0
1360,2021-10-12 04:03:04,12800.0,500.0,7105500.0
1361,2021-10-12 04:03:04,12800.0,500.0,7105000.0
1362,2021-10-12 04:03:04,12800.0,5000.0,7104500.0
1363,2021-10-12 04:03:04,12800.0,200.0,7099500.0
1364,2021-10-12 04:03:04,12800.0,40000.0,7099300.0
1365,2021-10-12 04:03:04,12800.0,2000.0,7059300.0
1366,2021-10-12 04:03:04,12800.0,200.0,7057300.0
1367,2021-10-12 04:03:04,12800.0,1400.0,7057100.0
1368,2021-10-12 04:03:04,12800.0,3000.0,7055700.0
1369,2021-10-12 04:03:04,12800.0,500.0,7052700.0
1370,2021-10-12 04:03:04,12800.0,1000.0,7052200.0
1371,2021-10-12 04:03:04,12800.0,1000.0,7051200.0
1372,2021-10-12 04:03:04,12800.0,200.0,7050200.0
1373,2021-10-12 04:03:04,12800.0,500.0,7050000.0
1374,2021-10-12 04:03:04,12800.0,200.0,7049500.0
1375,2021-10-12 04:03:04,12800.0,1000.0,7049300.0
1376,2021-10-12 04:03:04,12800.0,500.0,7048300.0
1377,2021-10-12 04:03:04,12800.0,300.0,7047800.0
1378,2021-10-12 04:03:04,12800.0,100.0,7047500.0
1379,2021-10-12 04:03:04,12800.0,2000.0,7047400.0
1380,2021-10-12 04:03:04,12800.0,1000.0,7045400.0
1381,2021-10-12 04:03:04,12800.0,500.0,7044400.0
1382,2021-10-12 04:03:04,12800.0,14900.0,7043900.0
1383,2021-10-12 04:03:01,12800.0,2000.0,7029000.0
1384,2021-10-12 04:02:57,12850.0,4700.0,7027000.0
1385,2021-10-12 04:02:57,12850.0,100.0,7022300.0
1386,2021-10-12 04:02:57,12850.0,10000.0,7022200.0
1387,2021-10-12 04:02:57,12850.0,1000.0,7012200.0
1388,2021-10-12 04:02:57,12850.0,200.0,7011200.0
1389,2021-10-12 04:02:57,12850.0,2000.0,7011000.0
1390,2021-10-12 04:02:45,12850.0,4000.0,7009000.0
1391,2021-10-12 04:02:38,12850.0,3000.0,7005000.0
1392,2021-10-12 04:02:28,12850.0,1000.0,7002000.0
1393,2021-10-12 04:02:28,12850.0,200.0,7001000.0
1394,2021-10-12 04:02:28,12850.0,1000.0,7000800.0
1395,2021-10-12 04:02:28,12850.0,2800.0,6999800.0
1396,2021-10-12 04:02:24,12850.0,100.0,6997000.0
1397,2021-10-12 04:01:57,12850.0,200.0,6996900.0
1398,2021-10-12 04:01:56,12850.0,1000.0,6996700.0
1399,2021-10-12 04:01:51,12800.0,2000.0,6995700.0
1400,2021-10-12 04:01:31,12850.0,300.0,6993700.0
1401,2021-10-12 04:01:26,12800.0,100.0,6993400.0
1402,2021-10-12 04:01:14,12850.0,100.0,6993300.0
1403,2021-10-12 04:01:08,12850.0,800.0,6993200.0
1404,2021-10-12 04:01:00,12800.0,1000.0,6992400.0
1405,2021-10-12 04:01:00,12800.0,2000.0,6991400.0
1406,2021-10-12 04:00:47,12850.0,500.0,6989400.0
1407,2021-10-12 04:00:45,12850.0,100.0,6988900.0
1408,2021-10-12 04:00:45,12850.0,1000.0,6988800.0
1409,2021-10-12 04:00:45,12850.0,500.0,6987800.0
1410,2021-10-12 04:00:45,12850.0,1000.0,6987300.0
1411,2021-10-12 04:00:45,12850.0,1600.0,6986300.0
1412,2021-10-12 04:00:42,12850.0,3400.0,6984700.0
1413,2021-10-12 04:00:42,12850.0,10000.0,6981300.0
1414,2021-10-12 04:00:42,12850.0,2100.0,6971300.0
1415,2021-10-12 04:00:38,12850.0,2400.0,6969200.0
1416,2021-10-12 04:00:34,12900.0,300.0,6966800.0
1417,2021-10-12 04:00:31,12850.0,500.0,6966500.0
1418,2021-10-12 04:00:31,12850.0,1000.0,6966000.0
1419,2021-10-12 04:00:31,12850.0,1500.0,6965000.0
1420,2021-10-12 04:00:31,12850.0,100.0,6963500.0
1421,2021-10-12 04:00:31,12850.0,200.0,6963400.0
1422,2021-10-12 04:00:31,12850.0,300.0,6963200.0
1423,2021-10-12 04:00:31,12850.0,200.0,6962900.0
1424,2021-10-12 04:00:31,12850.0,1200.0,6962700.0
1425,2021-10-12 04:00:25,12900.0,6000.0,6961500.0
1426,2021-10-12 04:00:22,12900.0,500.0,6955500.0
1427,2021-10-12 04:00:17,12900.0,300.0,6955000.0
1428,2021-10-12 04:00:17,12900.0,200.0,6954700.0
1429,2021-10-12 04:00:15,12900.0,200.0,6954500.0
1430,2021-10-12 04:00:11,12900.0,500.0,6954300.0
1431,2021-10-12 04:00:07,12900.0,200.0,6953800.0
1432,2021-10-12 04:00:06,12900.0,900.0,6953600.0
1433,2021-10-12 04:00:06,12900.0,100.0,6952700.0
1434,2021-10-12 04:00:06,12900.0,4000.0,6952600.0
1435,2021-10-12 04:00:05,12900.0,2900.0,6948600.0
1436,2021-10-12 04:00:05,12900.0,1000.0,6945700.0
1437,2021-10-12 03:59:58,12900.0,5000.0,6944700.0
1438,2021-10-12 03:59:55,12900.0,5000.0,6939700.0
1439,2021-10-12 03:59:55,12900.0,4000.0,6934700.0
1440,2021-10-12 03:59:55,12900.0,300.0,6930700.0
1441,2021-10-12 03:59:55,12900.0,1000.0,6930400.0
1442,2021-10-12 03:59:55,12900.0,15000.0,6929400.0
1443,2021-10-12 03:59:55,12900.0,1800.0,6914400.0
1444,2021-10-12 03:59:53,12900.0,2000.0,6912600.0
1445,2021-10-12 03:59:46,12900.0,100.0,6910600.0
1446,2021-10-12 03:59:42,12900.0,200.0,6910500.0
1447,2021-10-12 03:59:41,12900.0,1000.0,6910300.0
1448,2021-10-12 03:59:41,12900.0,200.0,6909300.0
1449,2021-10-12 03:59:40,12900.0,5100.0,6909100.0
1450,2021-10-12 03:59:40,12900.0,200.0,6904000.0
1451,2021-10-12 03:59:40,12900.0,100.0,6903800.0
1452,2021-10-12 03:59:40,12900.0,500.0,6903700.0
1453,2021-10-12 03:59:40,12900.0,1500.0,6903200.0
1454,2021-10-12 03:59:40,12900.0,1000.0,6901700.0
1455,2021-10-12 03:59:40,12900.0,5000.0,6900700.0
1456,2021-10-12 03:59:40,12900.0,200.0,6895700.0
1457,2021-10-12 03:59:39,12900.0,1000.0,6895500.0
1458,2021-10-12 03:59:37,12900.0,2000.0,6894500.0
1459,2021-10-12 03:59:36,12900.0,1000.0,6892500.0
1460,2021-10-12 03:59:31,12900.0,200.0,6891500.0
1461,2021-10-12 03:59:31,12900.0,3600.0,6891300.0
1462,2021-10-12 03:59:31,12900.0,2000.0,6887700.0
1463,2021-10-12 03:59:31,12900.0,1000.0,6885700.0
1464,2021-10-12 03:59:31,12900.0,500.0,6884700.0
1465,2021-10-12 03:59:31,12900.0,2000.0,6884200.0
1466,2021-10-12 03:59:31,12900.0,200.0,6882200.0
1467,2021-10-12 03:59:31,12900.0,3000.0,6882000.0
1468,2021-10-12 03:59:31,12900.0,1000.0,6879000.0
1469,2021-10-12 03:59:31,12900.0,5000.0,6878000.0
1470,2021-10-12 03:59:31,12900.0,2000.0,6873000.0
1471,2021-10-12 03:59:31,12900.0,400.0,6871000.0
1472,2021-10-12 03:59:31,12900.0,200.0,6870600.0
1473,2021-10-12 03:59:31,12900.0,10000.0,6870400.0
1474,2021-10-12 03:59:31,12900.0,100.0,6860400.0
1475,2021-10-12 03:59:31,12900.0,300.0,6860300.0
1476,2021-10-12 03:59:31,12900.0,2000.0,6860000.0
1477,2021-10-12 03:59:31,12900.0,1000.0,6858000.0
1478,2021-10-12 03:59:31,12900.0,15700.0,6857000.0
1479,2021-10-12 03:59:24,12950.0,3700.0,6841300.0
1480,2021-10-12 03:59:24,12950.0,3000.0,6837600.0
1481,2021-10-12 03:59:24,12950.0,5000.0,6834600.0
1482,2021-10-12 03:59:24,12950.0,5000.0,6829600.0
1483,2021-10-12 03:59:24,12950.0,1000.0,6824600.0
1484,2021-10-12 03:59:24,12950.0,200.0,6823600.0
1485,2021-10-12 03:59:24,12950.0,10000.0,6823400.0
1486,2021-10-12 03:59:24,12950.0,100.0,6813400.0
1487,2021-10-12 03:59:22,12900.0,4300.0,6813300.0
1488,2021-10-12 03:59:22,12900.0,1500.0,6809000.0
1489,2021-10-12 03:59:22,12900.0,7200.0,6807500.0
1490,2021-10-12 03:59:20,12900.0,1000.0,6800300.0
1491,2021-10-12 03:59:19,12950.0,200.0,6799300.0
1492,2021-10-12 03:59:19,12950.0,800.0,6799100.0
1493,2021-10-12 03:59:18,12950.0,200.0,6798300.0
1494,2021-10-12 03:59:18,12950.0,500.0,6798100.0
1495,2021-10-12 03:59:18,12950.0,4900.0,6797600.0
1496,2021-10-12 03:59:14,12950.0,100.0,6792700.0
1497,2021-10-12 03:59:14,12950.0,200.0,6792600.0
1498,2021-10-12 03:59:08,12950.0,1000.0,6792400.0
1499,2021-10-12 03:59:05,12950.0,3800.0,6791400.0
1500,2021-10-12 03:59:05,12950.0,300.0,6787600.0
1501,2021-10-12 03:59:05,12950.0,200.0,6787300.0
1502,2021-10-12 03:59:05,12950.0,700.0,6787100.0
1503,2021-10-12 03:59:03,12950.0,4300.0,6786400.0
1504,2021-10-12 03:59:03,12950.0,3400.0,6782100.0
1505,2021-10-12 03:59:03,12950.0,2400.0,6778700.0
1506,2021-10-12 03:59:03,12950.0,200.0,6776300.0
1507,2021-10-12 03:59:03,12950.0,2000.0,6776100.0
1508,2021-10-12 03:59:03,12950.0,100.0,6774100.0
1509,2021-10-12 03:59:03,12950.0,12600.0,6774000.0
1510,2021-10-12 03:58:51,12950.0,1000.0,6761400.0
1511,2021-10-12 03:58:49,12950.0,1000.0,6760400.0
1512,2021-10-12 03:58:45,12950.0,100.0,6759400.0
1513,2021-10-12 03:58:42,12950.0,1000.0,6759300.0
1514,2021-10-12 03:58:41,12950.0,1000.0,6758300.0
1515,2021-10-12 03:58:34,12950.0,500.0,6757300.0
1516,2021-10-12 03:58:34,12950.0,3000.0,6756800.0
1517,2021-10-12 03:58:29,12950.0,300.0,6753800.0
1518,2021-10-12 03:58:27,12900.0,100.0,6753500.0
1519,2021-10-12 03:58:25,12950.0,1200.0,6753400.0
1520,2021-10-12 03:58:23,12950.0,500.0,6752200.0
1521,2021-10-12 03:58:23,12900.0,4000.0,6751700.0
1522,2021-10-12 03:58:18,12950.0,1000.0,6747700.0
1523,2021-10-12 03:58:18,12950.0,1600.0,6746700.0
1524,2021-10-12 03:58:18,12900.0,2000.0,6745100.0
1525,2021-10-12 03:58:17,12950.0,5000.0,6743100.0
1526,2021-10-12 03:58:12,12950.0,200.0,6738100.0
1527,2021-10-12 03:58:12,12950.0,100.0,6737900.0
1528,2021-10-12 03:58:12,12950.0,1700.0,6737800.0
1529,2021-10-12 03:58:01,12950.0,700.0,6736100.0
1530,2021-10-12 03:57:58,12950.0,2600.0,6735400.0
1531,2021-10-12 03:57:58,12950.0,200.0,6732800.0
1532,2021-10-12 03:57:58,12950.0,300.0,6732600.0
1533,2021-10-12 03:57:58,12950.0,200.0,6732300.0
1534,2021-10-12 03:57:58,12950.0,300.0,6732100.0
1535,2021-10-12 03:57:58,12950.0,2700.0,6731800.0
1536,2021-10-12 03:57:58,12950.0,10000.0,6729100.0
1537,2021-10-12 03:57:58,12950.0,12000.0,6719100.0
1538,2021-10-12 03:57:58,12950.0,200.0,6707100.0
1539,2021-10-12 03:57:58,12950.0,1000.0,6706900.0
1540,2021-10-12 03:57:58,12950.0,100.0,6705900.0
1541,2021-10-12 03:57:58,12950.0,30000.0,6705800.0
1542,2021-10-12 03:57:58,12950.0,1000.0,6675800.0
1543,2021-10-12 03:57:58,12950.0,3000.0,6674800.0
1544,2021-10-12 03:57:58,12950.0,900.0,6671800.0
1545,2021-10-12 03:57:58,12950.0,1600.0,6670900.0
1546,2021-10-12 03:57:58,12950.0,1500.0,6669300.0
1547,2021-10-12 03:57:58,12950.0,600.0,6667800.0
1548,2021-10-12 03:57:58,12950.0,5400.0,6667200.0
1549,2021-10-12 03:57:58,12950.0,1100.0,6661800.0
1550,2021-10-12 03:57:58,12950.0,1000.0,6660700.0
1551,2021-10-12 03:57:58,12950.0,8000.0,6659700.0
1552,2021-10-12 03:57:58,12950.0,2000.0,6651700.0
1553,2021-10-12 03:57:58,12950.0,10000.0,6649700.0
1554,2021-10-12 03:57:58,12950.0,4300.0,6639700.0
1555,2021-10-12 03:57:52,12950.0,500.0,6635400.0
1556,2021-10-12 03:57:42,12950.0,1000.0,6634900.0
1557,2021-10-12 03:57:33,12900.0,200.0,6633900.0
1558,2021-10-12 03:57:31,12950.0,500.0,6633700.0
1559,2021-10-12 03:57:29,12950.0,300.0,6633200.0
1560,2021-10-12 03:57:25,12950.0,1500.0,6632900.0
1561,2021-10-12 03:57:24,12900.0,3000.0,6631400.0
1562,2021-10-12 03:57:22,12900.0,200.0,6628400.0
1563,2021-10-12 03:57:14,12950.0,700.0,6628200.0
1564,2021-10-12 03:56:58,12900.0,500.0,6627500.0
1565,2021-10-12 03:56:57,12900.0,200.0,6627000.0
1566,2021-10-12 03:56:57,12900.0,10000.0,6626800.0
1567,2021-10-12 03:56:57,12900.0,4000.0,6616800.0
1568,2021-10-12 03:56:57,12900.0,10000.0,6612800.0
1569,2021-10-12 03:56:57,12900.0,13600.0,6602800.0
1570,2021-10-12 03:56:48,12900.0,200.0,6589200.0
1571,2021-10-12 03:56:46,12900.0,200.0,6589000.0
1572,2021-10-12 03:56:45,12900.0,6000.0,6588800.0
1573,2021-10-12 03:56:45,12900.0,500.0,6582800.0
1574,2021-10-12 03:56:45,12900.0,500.0,6582300.0
1575,2021-10-12 03:56:45,12900.0,10000.0,6581800.0
1576,2021-10-12 03:56:45,12900.0,10000.0,6571800.0
1577,2021-10-12 03:56:44,12900.0,500.0,6561800.0
1578,2021-10-12 03:56:44,12900.0,700.0,6561300.0
1579,2021-10-12 03:56:33,12900.0,200.0,6560600.0
1580,2021-10-12 03:56:32,12900.0,500.0,6560400.0
1581,2021-10-12 03:56:30,12900.0,1000.0,6559900.0
1582,2021-10-12 03:56:29,12900.0,2800.0,6558900.0
1583,2021-10-12 03:56:28,12900.0,5000.0,6556100.0
1584,2021-10-12 03:56:27,12900.0,100.0,6551100.0
1585,2021-10-12 03:56:27,12900.0,9200.0,6551000.0
1586,2021-10-12 03:56:27,12900.0,100.0,6541800.0
1587,2021-10-12 03:56:27,12900.0,700.0,6541700.0
1588,2021-10-12 03:56:24,12900.0,100.0,6541000.0
1589,2021-10-12 03:56:21,12900.0,2000.0,6540900.0
1590,2021-10-12 03:56:21,12900.0,100.0,6538900.0
1591,2021-10-12 03:56:21,12900.0,400.0,6538800.0
1592,2021-10-12 03:56:16,12900.0,500.0,6538400.0
1593,2021-10-12 03:56:14,12900.0,5900.0,6537900.0
1594,2021-10-12 03:56:12,12900.0,300.0,6532000.0
1595,2021-10-12 03:56:10,12900.0,1000.0,6531700.0
1596,2021-10-12 03:56:10,12900.0,1900.0,6530700.0
1597,2021-10-12 03:56:10,12900.0,200.0,6528800.0
1598,2021-10-12 03:56:10,12900.0,100.0,6528600.0
1599,2021-10-12 03:56:10,12900.0,500.0,6528500.0
1600,2021-10-12 03:56:10,12900.0,1300.0,6528000.0
1601,2021-10-12 03:56:10,12900.0,200.0,6526700.0
1602,2021-10-12 03:56:04,12900.0,900.0,6526500.0
1603,2021-10-12 03:56:02,12900.0,200.0,6525600.0
1604,2021-10-12 03:55:58,12900.0,1000.0,6525400.0
1605,2021-10-12 03:55:57,12900.0,3000.0,6524400.0
1606,2021-10-12 03:55:55,12900.0,3400.0,6521400.0
1607,2021-10-12 03:55:55,12900.0,6600.0,6518000.0
1608,2021-10-12 03:55:54,12900.0,600.0,6511400.0
1609,2021-10-12 03:55:53,12900.0,1000.0,6510800.0
1610,2021-10-12 03:55:52,12900.0,1800.0,6509800.0
1611,2021-10-12 03:55:52,12900.0,100.0,6508000.0
1612,2021-10-12 03:55:51,12900.0,200.0,6507900.0
1613,2021-10-12 03:55:50,12900.0,200.0,6507700.0
1614,2021-10-12 03:55:44,12900.0,1600.0,6507500.0
1615,2021-10-12 03:55:44,12900.0,7400.0,6505900.0
1616,2021-10-12 03:55:42,12900.0,300.0,6498500.0
1617,2021-10-12 03:55:42,12900.0,3000.0,6498200.0
1618,2021-10-12 03:55:42,12900.0,1000.0,6495200.0
1619,2021-10-12 03:55:41,12900.0,1500.0,6494200.0
1620,2021-10-12 03:55:41,12900.0,30000.0,6492700.0
1621,2021-10-12 03:55:36,12900.0,300.0,6462700.0
1622,2021-10-12 03:55:36,12900.0,4500.0,6462400.0
1623,2021-10-12 03:55:34,12900.0,500.0,6457900.0
1624,2021-10-12 03:55:32,12900.0,5000.0,6457400.0
1625,2021-10-12 03:55:32,12900.0,100.0,6452400.0
1626,2021-10-12 03:55:32,12900.0,100.0,6452300.0
1627,2021-10-12 03:55:32,12900.0,46300.0,6452200.0
1628,2021-10-12 03:55:30,12900.0,1000.0,6405900.0
1629,2021-10-12 03:55:29,12950.0,800.0,6404900.0
1630,2021-10-12 03:55:21,12950.0,400.0,6404100.0
1631,2021-10-12 03:55:19,12950.0,1000.0,6403700.0
1632,2021-10-12 03:55:17,12900.0,1000.0,6402700.0
1633,2021-10-12 03:55:09,12900.0,1000.0,6401700.0
1634,2021-10-12 03:55:09,12900.0,1000.0,6400700.0
1635,2021-10-12 03:55:09,12900.0,300.0,6399700.0
1636,2021-10-12 03:55:09,12900.0,100.0,6399400.0
1637,2021-10-12 03:55:09,12900.0,2000.0,6399300.0
1638,2021-10-12 03:55:09,12900.0,1000.0,6397300.0
1639,2021-10-12 03:55:09,12900.0,10000.0,6396300.0
1640,2021-10-12 03:55:09,12900.0,14300.0,6386300.0
1641,2021-10-12 03:55:09,12900.0,2500.0,6372000.0
1642,2021-10-12 03:55:09,12900.0,20000.0,6369500.0
1643,2021-10-12 03:55:09,12900.0,800.0,6349500.0
1644,2021-10-12 03:55:09,12900.0,2000.0,6348700.0
1645,2021-10-12 03:55:09,12900.0,200.0,6346700.0
1646,2021-10-12 03:55:09,12900.0,2000.0,6346500.0
1647,2021-10-12 03:55:09,12900.0,1000.0,6344500.0
1648,2021-10-12 03:55:09,12900.0,3000.0,6343500.0
1649,2021-10-12 03:55:09,12900.0,500.0,6340500.0
1650,2021-10-12 03:55:09,12900.0,1000.0,6340000.0
1651,2021-10-12 03:55:09,12900.0,600.0,6339000.0
1652,2021-10-12 03:55:09,12900.0,4500.0,6338400.0
1653,2021-10-12 03:55:09,12900.0,5000.0,6333900.0
1654,2021-10-12 03:55:09,12900.0,5500.0,6328900.0
1655,2021-10-12 03:55:09,12900.0,200.0,6323400.0
1656,2021-10-12 03:55:09,12900.0,3800.0,6323200.0
1657,2021-10-12 03:55:09,12900.0,3000.0,6319400.0
1658,2021-10-12 03:55:09,12900.0,500.0,6316400.0
1659,2021-10-12 03:55:09,12900.0,500.0,6315900.0
1660,2021-10-12 03:55:09,12900.0,20000.0,6315400.0
1661,2021-10-12 03:55:09,12900.0,500.0,6295400.0
1662,2021-10-12 03:55:09,12900.0,300.0,6294900.0
1663,2021-10-12 03:55:09,12900.0,100.0,6294600.0
1664,2021-10-12 03:55:09,12900.0,1000.0,6294500.0
1665,2021-10-12 03:55:09,12900.0,5000.0,6293500.0
1666,2021-10-12 03:55:09,12900.0,500.0,6288500.0
1667,2021-10-12 03:55:09,12900.0,100.0,6288000.0
1668,2021-10-12 03:55:09,12900.0,500.0,6287900.0
1669,2021-10-12 03:55:09,12900.0,1000.0,6287400.0
1670,2021-10-12 03:55:09,12900.0,30000.0,6286400.0
1671,2021-10-12 03:55:09,12900.0,6000.0,6256400.0
1672,2021-10-12 03:55:09,12900.0,85800.0,6250400.0
1673,2021-10-12 03:55:09,12900.0,900.0,6164600.0
1674,2021-10-12 03:55:09,12900.0,2000.0,6163700.0
1675,2021-10-12 03:55:09,12900.0,10000.0,6161700.0
1676,2021-10-12 03:55:09,12900.0,1700.0,6151700.0
1677,2021-10-12 03:55:06,12900.0,3300.0,6150000.0
1678,2021-10-12 03:55:06,12900.0,1000.0,6146700.0
1679,2021-10-12 03:55:06,12900.0,3000.0,6145700.0
1680,2021-10-12 03:55:06,12900.0,2500.0,6142700.0
1681,2021-10-12 03:55:06,12900.0,200.0,6140200.0
1682,2021-10-12 03:55:06,12900.0,10000.0,6140000.0
1683,2021-10-12 03:55:05,12850.0,100.0,6130000.0
1684,2021-10-12 03:55:05,12850.0,300.0,6129900.0
1685,2021-10-12 03:55:05,12850.0,1000.0,6129600.0
1686,2021-10-12 03:55:05,12850.0,2700.0,6128600.0
1687,2021-10-12 03:55:02,12850.0,600.0,6125900.0
1688,2021-10-12 03:55:02,12850.0,500.0,6125300.0
1689,2021-10-12 03:55:02,12850.0,1000.0,6124800.0
1690,2021-10-12 03:55:02,12850.0,7900.0,6123800.0
1691,2021-10-12 03:55:02,12850.0,500.0,6115900.0
1692,2021-10-12 03:55:02,12850.0,3000.0,6115400.0
1693,2021-10-12 03:55:02,12850.0,1000.0,6112400.0
1694,2021-10-12 03:54:59,12850.0,52600.0,6111400.0
1695,2021-10-12 03:54:59,12850.0,5500.0,6058800.0
1696,2021-10-12 03:54:59,12850.0,4500.0,6053300.0
1697,2021-10-12 03:54:59,12850.0,2000.0,6048800.0
1698,2021-10-12 03:54:59,12850.0,200.0,6046800.0
1699,2021-10-12 03:54:59,12850.0,10000.0,6046600.0
1700,2021-10-12 03:54:59,12850.0,200.0,6036600.0
1701,2021-10-12 03:54:57,12850.0,1800.0,6036400.0
1702,2021-10-12 03:54:57,12850.0,300.0,6034600.0
1703,2021-10-12 03:54:51,12850.0,7700.0,6034300.0
1704,2021-10-12 03:54:51,12850.0,2300.0,6026600.0
1705,2021-10-12 03:54:50,12850.0,3200.0,6024300.0
1706,2021-10-12 03:54:50,12850.0,2000.0,6021100.0
1707,2021-10-12 03:54:50,12850.0,100.0,6019100.0
1708,2021-10-12 03:54:50,12850.0,10000.0,6019000.0
1709,2021-10-12 03:54:50,12850.0,4700.0,6009000.0
1710,2021-10-12 03:54:49,12850.0,300.0,6004300.0
1711,2021-10-12 03:54:49,12850.0,9600.0,6004000.0
1712,2021-10-12 03:54:46,12850.0,100.0,5994400.0
1713,2021-10-12 03:54:45,12850.0,500.0,5994300.0
1714,2021-10-12 03:54:44,12850.0,8300.0,5993800.0
1715,2021-10-12 03:54:42,12850.0,1000.0,5985500.0
1716,2021-10-12 03:54:38,12850.0,1000.0,5984500.0
1717,2021-10-12 03:54:35,12850.0,5000.0,5983500.0
1718,2021-10-12 03:54:31,12850.0,4500.0,5978500.0
1719,2021-10-12 03:54:31,12850.0,1000.0,5974000.0
1720,2021-10-12 03:54:31,12850.0,2000.0,5973000.0
1721,2021-10-12 03:54:31,12850.0,500.0,5971000.0
1722,2021-10-12 03:54:31,12850.0,4500.0,5970500.0
1723,2021-10-12 03:54:31,12850.0,100.0,5966000.0
1724,2021-10-12 03:54:20,12850.0,200.0,5965900.0
1725,2021-10-12 03:54:18,12800.0,1000.0,5965700.0
1726,2021-10-12 03:54:18,12800.0,1000.0,5964700.0
1727,2021-10-12 03:54:18,12800.0,5000.0,5963700.0
1728,2021-10-12 03:54:17,12800.0,7400.0,5958700.0
1729,2021-10-12 03:54:16,12800.0,1000.0,5951300.0
1730,2021-10-12 03:54:14,12800.0,100.0,5950300.0
1731,2021-10-12 03:54:14,12800.0,100.0,5950200.0
1732,2021-10-12 03:54:14,12800.0,100.0,5950100.0
1733,2021-10-12 03:54:14,12800.0,900.0,5950000.0
1734,2021-10-12 03:54:14,12800.0,100.0,5949100.0
1735,2021-10-12 03:54:14,12800.0,700.0,5949000.0
1736,2021-10-12 03:54:13,12800.0,300.0,5948300.0
1737,2021-10-12 03:54:13,12800.0,500.0,5948000.0
1738,2021-10-12 03:54:13,12800.0,300.0,5947500.0
1739,2021-10-12 03:54:13,12800.0,200.0,5947200.0
1740,2021-10-12 03:54:13,12800.0,500.0,5947000.0
1741,2021-10-12 03:54:13,12800.0,300.0,5946500.0
1742,2021-10-12 03:54:13,12800.0,500.0,5946200.0
1743,2021-10-12 03:54:13,12800.0,2000.0,5945700.0
1744,2021-10-12 03:54:13,12800.0,200.0,5943700.0
1745,2021-10-12 03:54:13,12800.0,10000.0,5943500.0
1746,2021-10-12 03:54:13,12800.0,1000.0,5933500.0
1747,2021-10-12 03:54:13,12800.0,5000.0,5932500.0
1748,2021-10-12 03:54:13,12800.0,2000.0,5927500.0
1749,2021-10-12 03:54:13,12800.0,200.0,5925500.0
1750,2021-10-12 03:54:13,12800.0,500.0,5925300.0
1751,2021-10-12 03:54:13,12800.0,200.0,5924800.0
1752,2021-10-12 03:54:13,12800.0,6300.0,5924600.0
1753,2021-10-12 03:54:11,12800.0,3700.0,5918300.0
1754,2021-10-12 03:54:11,12800.0,1000.0,5914600.0
1755,2021-10-12 03:54:11,12800.0,100.0,5913600.0
1756,2021-10-12 03:54:11,12800.0,4000.0,5913500.0
1757,2021-10-12 03:54:08,12800.0,6000.0,5909500.0
1758,2021-10-12 03:54:08,12800.0,200.0,5903500.0
1759,2021-10-12 03:54:08,12800.0,100.0,5903300.0
1760,2021-10-12 03:54:08,12800.0,1000.0,5903200.0
1761,2021-10-12 03:54:08,12800.0,2700.0,5902200.0
1762,2021-10-12 03:54:08,12800.0,2300.0,5899500.0
1763,2021-10-12 03:54:08,12800.0,2000.0,5897200.0
1764,2021-10-12 03:54:08,12800.0,200.0,5895200.0
1765,2021-10-12 03:54:08,12800.0,1000.0,5895000.0
1766,2021-10-12 03:54:08,12800.0,100.0,5894000.0
1767,2021-10-12 03:54:08,12800.0,1000.0,5893900.0
1768,2021-10-12 03:54:08,12800.0,3400.0,5892900.0
1769,2021-10-12 03:54:08,12800.0,16600.0,5889500.0
1770,2021-10-12 03:54:08,12800.0,200.0,5872900.0
1771,2021-10-12 03:54:08,12800.0,500.0,5872700.0
1772,2021-10-12 03:54:08,12800.0,300.0,5872200.0
1773,2021-10-12 03:54:08,12800.0,200.0,5871900.0
1774,2021-10-12 03:54:08,12800.0,200.0,5871700.0
1775,2021-10-12 03:54:08,12800.0,500.0,5871500.0
1776,2021-10-12 03:54:08,12800.0,500.0,5871000.0
1777,2021-10-12 03:54:08,12800.0,500.0,5870500.0
1778,2021-10-12 03:54:08,12800.0,100.0,5870000.0
1779,2021-10-12 03:54:08,12800.0,15000.0,5869900.0
1780,2021-10-12 03:54:08,12800.0,100.0,5854900.0
1781,2021-10-12 03:54:08,12800.0,500.0,5854800.0
1782,2021-10-12 03:54:08,12800.0,500.0,5854300.0
1783,2021-10-12 03:54:08,12800.0,300.0,5853800.0
1784,2021-10-12 03:54:08,12800.0,100.0,5853500.0
1785,2021-10-12 03:54:08,12800.0,1000.0,5853400.0
1786,2021-10-12 03:54:08,12800.0,2900.0,5852400.0
1787,2021-10-12 03:54:06,12800.0,2100.0,5849500.0
1788,2021-10-12 03:54:06,12800.0,5000.0,5847400.0
1789,2021-10-12 03:54:06,12800.0,100.0,5842400.0
1790,2021-10-12 03:54:06,12800.0,200.0,5842300.0
1791,2021-10-12 03:54:06,12800.0,500.0,5842100.0
1792,2021-10-12 03:54:06,12800.0,500.0,5841600.0
1793,2021-10-12 03:54:06,12800.0,100.0,5841100.0
1794,2021-10-12 03:54:06,12800.0,30000.0,5841000.0
1795,2021-10-12 03:54:06,12800.0,1500.0,5811000.0
1796,2021-10-12 03:54:04,12750.0,500.0,5809500.0
1797,2021-10-12 03:54:03,12800.0,100.0,5809000.0
1798,2021-10-12 03:53:59,12800.0,100.0,5808900.0
1799,2021-10-12 03:53:56,12800.0,300.0,5808800.0
1800,2021-10-12 03:53:56,12800.0,2000.0,5808500.0
1801,2021-10-12 03:53:56,12800.0,1000.0,5806500.0
1802,2021-10-12 03:53:48,12800.0,500.0,5805500.0
1803,2021-10-12 03:53:36,12750.0,100.0,5805000.0
1804,2021-10-12 03:53:30,12750.0,1200.0,5804900.0
1805,2021-10-12 03:53:24,12750.0,900.0,5803700.0
1806,2021-10-12 03:53:23,12750.0,1000.0,5802800.0
1807,2021-10-12 03:53:19,12800.0,100.0,5801800.0
1808,2021-10-12 03:53:14,12750.0,11600.0,5801700.0
1809,2021-10-12 03:53:10,12750.0,3000.0,5790100.0
1810,2021-10-12 03:53:08,12750.0,2000.0,5787100.0
1811,2021-10-12 03:53:08,12750.0,100.0,5785100.0
1812,2021-10-12 03:53:07,12750.0,200.0,5785000.0
1813,2021-10-12 03:53:06,12750.0,3100.0,5784800.0
1814,2021-10-12 03:53:06,12750.0,1000.0,5781700.0
1815,2021-10-12 03:53:06,12750.0,5900.0,5780700.0
1816,2021-10-12 03:53:06,12750.0,4100.0,5774800.0
1817,2021-10-12 03:53:06,12750.0,900.0,5770700.0
1818,2021-10-12 03:53:06,12750.0,4100.0,5769800.0
1819,2021-10-12 03:53:06,12750.0,5000.0,5765700.0
1820,2021-10-12 03:53:06,12750.0,600.0,5760700.0
1821,2021-10-12 03:53:04,12750.0,3400.0,5760100.0
1822,2021-10-12 03:53:04,12750.0,500.0,5756700.0
1823,2021-10-12 03:53:04,12750.0,200.0,5756200.0
1824,2021-10-12 03:53:04,12750.0,1000.0,5756000.0
1825,2021-10-12 03:53:04,12750.0,3400.0,5755000.0
1826,2021-10-12 03:53:04,12750.0,500.0,5751600.0
1827,2021-10-12 03:53:04,12750.0,1000.0,5751100.0
1828,2021-10-12 03:53:03,12750.0,500.0,5750100.0
1829,2021-10-12 03:53:03,12750.0,200.0,5749600.0
1830,2021-10-12 03:53:03,12750.0,1000.0,5749400.0
1831,2021-10-12 03:53:03,12750.0,1000.0,5748400.0
1832,2021-10-12 03:53:03,12750.0,10000.0,5747400.0
1833,2021-10-12 03:53:03,12750.0,100.0,5737400.0
1834,2021-10-12 03:53:03,12750.0,100.0,5737300.0
1835,2021-10-12 03:53:03,12750.0,2100.0,5737200.0
1836,2021-10-12 03:53:00,12750.0,5000.0,5735100.0
1837,2021-10-12 03:52:57,12750.0,2900.0,5730100.0
1838,2021-10-12 03:52:57,12750.0,500.0,5727200.0
1839,2021-10-12 03:52:57,12750.0,2500.0,5726700.0
1840,2021-10-12 03:52:57,12750.0,100.0,5724200.0
1841,2021-10-12 03:52:57,12750.0,5000.0,5724100.0
1842,2021-10-12 03:52:57,12750.0,300.0,5719100.0
1843,2021-10-12 03:52:57,12750.0,200.0,5718800.0
1844,2021-10-12 03:52:57,12750.0,100.0,5718600.0
1845,2021-10-12 03:52:57,12750.0,100.0,5718500.0
1846,2021-10-12 03:52:57,12750.0,300.0,5718400.0
1847,2021-10-12 03:52:56,12750.0,4700.0,5718100.0
1848,2021-10-12 03:52:56,12750.0,300.0,5713400.0
1849,2021-10-12 03:52:48,12750.0,200.0,5713100.0
1850,2021-10-12 03:52:36,12750.0,1000.0,5712900.0
1851,2021-10-12 03:52:35,12750.0,500.0,5711900.0
1852,2021-10-12 03:52:35,12750.0,1400.0,5711400.0
1853,2021-10-12 03:52:35,12750.0,200.0,5710000.0
1854,2021-10-12 03:52:35,12750.0,200.0,5709800.0
1855,2021-10-12 03:52:35,12750.0,100.0,5709600.0
1856,2021-10-12 03:52:35,12750.0,2000.0,5709500.0
1857,2021-10-12 03:52:35,12750.0,200.0,5707500.0
1858,2021-10-12 03:52:35,12750.0,200.0,5707300.0
1859,2021-10-12 03:52:35,12750.0,300.0,5707100.0
1860,2021-10-12 03:52:35,12750.0,500.0,5706800.0
1861,2021-10-12 03:52:35,12750.0,100.0,5706300.0
1862,2021-10-12 03:52:35,12750.0,100.0,5706200.0
1863,2021-10-12 03:52:35,12750.0,1100.0,5706100.0
1864,2021-10-12 03:52:35,12750.0,1000.0,5705000.0
1865,2021-10-12 03:52:35,12750.0,10000.0,5704000.0
1866,2021-10-12 03:52:35,12750.0,1800.0,5694000.0
1867,2021-10-12 03:52:34,12750.0,3000.0,5692200.0
1868,2021-10-12 03:52:25,12750.0,2000.0,5689200.0
1869,2021-10-12 03:52:23,12750.0,100.0,5687200.0
1870,2021-10-12 03:52:21,12750.0,100.0,5687100.0
1871,2021-10-12 03:52:18,12750.0,2700.0,5687000.0
1872,2021-10-12 03:52:16,12750.0,300.0,5684300.0
1873,2021-10-12 03:52:16,12750.0,100.0,5684000.0
1874,2021-10-12 03:52:16,12750.0,100.0,5683900.0
1875,2021-10-12 03:52:16,12750.0,2500.0,5683800.0
1876,2021-10-12 03:52:16,12750.0,1000.0,5681300.0
1877,2021-10-12 03:52:13,12750.0,500.0,5680300.0
1878,2021-10-12 03:52:09,12750.0,500.0,5679800.0
1879,2021-10-12 03:52:09,12750.0,2900.0,5679300.0
1880,2021-10-12 03:52:05,12750.0,1000.0,5676400.0
1881,2021-10-12 03:52:03,12750.0,1800.0,5675400.0
1882,2021-10-12 03:52:03,12750.0,1000.0,5673600.0
1883,2021-10-12 03:52:03,12750.0,100.0,5672600.0
1884,2021-10-12 03:52:03,12750.0,31100.0,5672500.0
1885,2021-10-12 03:51:51,12750.0,600.0,5641400.0
1886,2021-10-12 03:51:40,12750.0,1400.0,5640800.0
1887,2021-10-12 03:51:36,12750.0,1200.0,5639400.0
1888,2021-10-12 03:51:17,12700.0,1500.0,5638200.0
1889,2021-10-12 03:50:53,12700.0,1000.0,5636700.0
1890,2021-10-12 03:50:53,12700.0,300.0,5635700.0
1891,2021-10-12 03:50:52,12700.0,1700.0,5635400.0
1892,2021-10-12 03:50:52,12700.0,3300.0,5633700.0
1893,2021-10-12 03:50:45,12700.0,1000.0,5630400.0
1894,2021-10-12 03:50:42,12700.0,300.0,5629400.0
1895,2021-10-12 03:50:42,12700.0,500.0,5629100.0
1896,2021-10-12 03:50:42,12700.0,100.0,5628600.0
1897,2021-10-12 03:50:42,12700.0,800.0,5628500.0
1898,2021-10-12 03:50:42,12700.0,4300.0,5627700.0
1899,2021-10-12 03:50:41,12700.0,10000.0,5623400.0
1900,2021-10-12 03:50:40,12700.0,800.0,5613400.0
1901,2021-10-12 03:50:36,12700.0,2000.0,5612600.0
1902,2021-10-12 03:50:36,12700.0,10000.0,5610600.0
1903,2021-10-12 03:50:31,12700.0,2000.0,5600600.0
1904,2021-10-12 03:50:26,12700.0,900.0,5598600.0
1905,2021-10-12 03:50:26,12700.0,1000.0,5597700.0
1906,2021-10-12 03:50:26,12700.0,1000.0,5596700.0
1907,2021-10-12 03:50:26,12700.0,200.0,5595700.0
1908,2021-10-12 03:50:26,12700.0,6900.0,5595500.0
1909,2021-10-12 03:50:14,12700.0,10000.0,5588600.0
1910,2021-10-12 03:50:08,12700.0,3100.0,5578600.0
1911,2021-10-12 03:50:08,12700.0,200.0,5575500.0
1912,2021-10-12 03:50:08,12700.0,500.0,5575300.0
1913,2021-10-12 03:50:08,12700.0,5000.0,5574800.0
1914,2021-10-12 03:50:08,12700.0,300.0,5569800.0
1915,2021-10-12 03:50:08,12700.0,47900.0,5569500.0
1916,2021-10-12 03:49:56,12700.0,800.0,5521600.0
1917,2021-10-12 03:49:47,12650.0,100.0,5520800.0
1918,2021-10-12 03:49:44,12650.0,1000.0,5520700.0
1919,2021-10-12 03:49:40,12700.0,1000.0,5519700.0
1920,2021-10-12 03:49:25,12700.0,5300.0,5518700.0
1921,2021-10-12 03:49:25,12700.0,500.0,5513400.0
1922,2021-10-12 03:49:25,12700.0,4200.0,5512900.0
1923,2021-10-12 03:49:15,12650.0,100.0,5508700.0
1924,2021-10-12 03:49:03,12700.0,5000.0,5508600.0
1925,2021-10-12 03:49:03,12700.0,5000.0,5503600.0
1926,2021-10-12 03:48:49,12700.0,500.0,5498600.0
1927,2021-10-12 03:48:48,12700.0,1500.0,5498100.0
1928,2021-10-12 03:48:23,12700.0,1000.0,5496600.0
1929,2021-10-12 03:48:20,12700.0,100.0,5495600.0
1930,2021-10-12 03:48:13,12700.0,800.0,5495500.0
1931,2021-10-12 03:48:04,12700.0,3000.0,5494700.0
1932,2021-10-12 03:48:04,12700.0,500.0,5491700.0
1933,2021-10-12 03:48:04,12700.0,4000.0,5491200.0
1934,2021-10-12 03:48:04,12700.0,600.0,5487200.0
1935,2021-10-12 03:48:04,12700.0,3800.0,5486600.0
1936,2021-10-12 03:47:58,12700.0,200.0,5482800.0
1937,2021-10-12 03:47:47,12700.0,1000.0,5482600.0
1938,2021-10-12 03:47:43,12700.0,500.0,5481600.0
1939,2021-10-12 03:47:42,12700.0,300.0,5481100.0
1940,2021-10-12 03:47:41,12700.0,100.0,5480800.0
1941,2021-10-12 03:47:41,12700.0,500.0,5480700.0
1942,2021-10-12 03:47:41,12700.0,4000.0,5480200.0
1943,2021-10-12 03:47:25,12700.0,1000.0,5476200.0
1944,2021-10-12 03:47:25,12700.0,6100.0,5475200.0
1945,2021-10-12 03:47:25,12700.0,500.0,5469100.0
1946,2021-10-12 03:47:25,12700.0,2000.0,5468600.0
1947,2021-10-12 03:47:25,12700.0,5000.0,5466600.0
1948,2021-10-12 03:47:25,12700.0,300.0,5461600.0
1949,2021-10-12 03:47:25,12700.0,1000.0,5461300.0
1950,2021-10-12 03:47:25,12700.0,100.0,5460300.0
1951,2021-10-12 03:47:20,12700.0,200.0,5460200.0
1952,2021-10-12 03:47:20,12700.0,1700.0,5460000.0
1953,2021-10-12 03:47:00,12700.0,300.0,5458300.0
1954,2021-10-12 03:46:52,12650.0,200.0,5458000.0
1955,2021-10-12 03:46:26,12650.0,500.0,5457800.0
1956,2021-10-12 03:46:23,12650.0,4900.0,5457300.0
1957,2021-10-12 03:46:23,12650.0,20100.0,5452400.0
1958,2021-10-12 03:46:15,12650.0,1600.0,5432300.0
1959,2021-10-12 03:46:12,12700.0,3000.0,5430700.0
1960,2021-10-12 03:46:12,12700.0,1000.0,5427700.0
1961,2021-10-12 03:46:12,12700.0,400.0,5426700.0
1962,2021-10-12 03:46:12,12700.0,200.0,5426300.0
1963,2021-10-12 03:46:12,12700.0,100.0,5426100.0
1964,2021-10-12 03:46:12,12700.0,3000.0,5426000.0
1965,2021-10-12 03:46:12,12700.0,4800.0,5423000.0
1966,2021-10-12 03:46:12,12700.0,7400.0,5418200.0
1967,2021-10-12 03:46:12,12700.0,5600.0,5410800.0
1968,2021-10-12 03:46:12,12700.0,300.0,5405200.0
1969,2021-10-12 03:46:12,12700.0,300.0,5404900.0
1970,2021-10-12 03:46:12,12700.0,1000.0,5404600.0
1971,2021-10-12 03:46:12,12700.0,10000.0,5403600.0
1972,2021-10-12 03:46:12,12700.0,100.0,5393600.0
1973,2021-10-12 03:46:12,12700.0,400.0,5393500.0
1974,2021-10-12 03:46:12,12700.0,1000.0,5393100.0
1975,2021-10-12 03:46:12,12700.0,200.0,5392100.0
1976,2021-10-12 03:46:12,12700.0,500.0,5391900.0
1977,2021-10-12 03:46:12,12700.0,300.0,5391400.0
1978,2021-10-12 03:46:12,12700.0,50000.0,5391100.0
1979,2021-10-12 03:46:12,12700.0,100.0,5341100.0
1980,2021-10-12 03:46:12,12700.0,1000.0,5341000.0
1981,2021-10-12 03:46:12,12700.0,25000.0,5340000.0
1982,2021-10-12 03:46:12,12700.0,2000.0,5315000.0
1983,2021-10-12 03:46:12,12700.0,100.0,5313000.0
1984,2021-10-12 03:46:12,12700.0,500.0,5312900.0
1985,2021-10-12 03:46:12,12700.0,500.0,5312400.0
1986,2021-10-12 03:46:12,12700.0,100.0,5311900.0
1987,2021-10-12 03:46:12,12700.0,100.0,5311800.0
1988,2021-10-12 03:46:12,12700.0,200.0,5311700.0
1989,2021-10-12 03:46:12,12700.0,500.0,5311500.0
1990,2021-10-12 03:46:12,12700.0,200.0,5311000.0
1991,2021-10-12 03:46:12,12700.0,100.0,5310800.0
1992,2021-10-12 03:46:12,12700.0,1000.0,5310700.0
1993,2021-10-12 03:46:12,12700.0,4500.0,5309700.0
1994,2021-10-12 03:46:12,12700.0,2500.0,5305200.0
1995,2021-10-12 03:46:12,12700.0,5500.0,5302700.0
1996,2021-10-12 03:46:12,12700.0,200.0,5297200.0
1997,2021-10-12 03:46:12,12700.0,200.0,5297000.0
1998,2021-10-12 03:46:12,12700.0,1000.0,5296800.0
1999,2021-10-12 03:46:12,12700.0,1000.0,5295800.0
2000,2021-10-12 03:46:12,12700.0,500.0,5294800.0
2001,2021-10-12 03:46:12,12700.0,1000.0,5294300.0
2002,2021-10-12 03:46:12,12700.0,4000.0,5293300.0
2003,2021-10-12 03:46:12,12700.0,30000.0,5289300.0
2004,2021-10-12 03:46:12,12700.0,300.0,5259300.0
2005,2021-10-12 03:46:12,12700.0,1000.0,5259000.0
2006,2021-10-12 03:46:12,12700.0,100.0,5258000.0
2007,2021-10-12 03:46:12,12700.0,200.0,5257900.0
2008,2021-10-12 03:46:12,12700.0,200.0,5257700.0
2009,2021-10-12 03:46:12,12700.0,30000.0,5257500.0
2010,2021-10-12 03:46:12,12700.0,100.0,5227500.0
2011,2021-10-12 03:46:12,12700.0,3700.0,5227400.0
2012,2021-10-12 03:46:12,12700.0,300.0,5223700.0
2013,2021-10-12 03:46:12,12700.0,4000.0,5223400.0
2014,2021-10-12 03:46:12,12700.0,900.0,5219400.0
2015,2021-10-12 03:46:12,12700.0,100.0,5218500.0
2016,2021-10-12 03:46:12,12700.0,1000.0,5218400.0
2017,2021-10-12 03:46:12,12700.0,3000.0,5217400.0
2018,2021-10-12 03:46:12,12700.0,12400.0,5214400.0
2019,2021-10-12 03:46:12,12700.0,1900.0,5202000.0
2020,2021-10-12 03:46:12,12700.0,3000.0,5200100.0
2021,2021-10-12 03:46:12,12700.0,100.0,5197100.0
2022,2021-10-12 03:46:12,12700.0,5000.0,5197000.0
2023,2021-10-12 03:46:12,12700.0,1000.0,5192000.0
2024,2021-10-12 03:46:12,12700.0,2000.0,5191000.0
2025,2021-10-12 03:46:12,12700.0,900.0,5189000.0
2026,2021-10-12 03:46:12,12700.0,200.0,5188100.0
2027,2021-10-12 03:46:12,12700.0,100.0,5187900.0
2028,2021-10-12 03:46:12,12700.0,5000.0,5187800.0
2029,2021-10-12 03:46:12,12700.0,1000.0,5182800.0
2030,2021-10-12 03:46:12,12700.0,600.0,5181800.0
2031,2021-10-12 03:46:12,12700.0,500.0,5181200.0
2032,2021-10-12 03:45:54,12650.0,5000.0,5180700.0
2033,2021-10-12 03:45:54,12650.0,300.0,5175700.0
2034,2021-10-12 03:45:53,12650.0,10000.0,5175400.0
2035,2021-10-12 03:45:53,12650.0,100.0,5165400.0
