,Time,Price,Volume_per_trade,Volume
0,2021-10-20 07:45:01,13000.0,14000.0,10519300.0
1,2021-10-20 07:45:01,13000.0,500.0,10505300.0
2,2021-10-20 07:45:01,13000.0,100.0,10504800.0
3,2021-10-20 07:45:01,13000.0,100.0,10504700.0
4,2021-10-20 07:45:01,13000.0,10000.0,10504600.0
5,2021-10-20 07:45:01,13000.0,100.0,10494600.0
6,2021-10-20 07:45:01,13000.0,100.0,10494500.0
7,2021-10-20 07:45:01,13000.0,100.0,10494400.0
8,2021-10-20 07:45:01,13000.0,1000.0,10494300.0
9,2021-10-20 07:45:01,13000.0,2000.0,10493300.0
10,2021-10-20 07:45:01,13000.0,1000.0,10491300.0
11,2021-10-20 07:45:01,13000.0,1000.0,10490300.0
12,2021-10-20 07:45:01,13000.0,1000.0,10489300.0
13,2021-10-20 07:45:01,13000.0,20000.0,10488300.0
14,2021-10-20 07:45:01,13000.0,5000.0,10468300.0
15,2021-10-20 07:45:01,13000.0,30000.0,10463300.0
16,2021-10-20 07:45:01,13000.0,1500.0,10433300.0
17,2021-10-20 07:45:01,13000.0,24700.0,10431800.0
18,2021-10-20 07:45:01,13000.0,2000.0,10407100.0
19,2021-10-20 07:45:01,13000.0,100.0,10405100.0
20,2021-10-20 07:45:01,13000.0,1100.0,10405000.0
21,2021-10-20 07:45:01,13000.0,1000.0,10403900.0
22,2021-10-20 07:45:01,13000.0,2500.0,10402900.0
23,2021-10-20 07:45:01,13000.0,900.0,10400400.0
24,2021-10-20 07:45:01,13000.0,500.0,10399500.0
25,2021-10-20 07:45:01,13000.0,1000.0,10399000.0
26,2021-10-20 07:45:01,13000.0,500.0,10398000.0
27,2021-10-20 07:45:01,13000.0,300.0,10397500.0
28,2021-10-20 07:45:01,13000.0,500.0,10397200.0
29,2021-10-20 07:45:01,13000.0,300.0,10396700.0
30,2021-10-20 07:45:01,13000.0,1000.0,10396400.0
31,2021-10-20 07:45:01,13000.0,500.0,10395400.0
32,2021-10-20 07:45:01,13000.0,200.0,10394900.0
33,2021-10-20 07:45:01,13000.0,1000.0,10394700.0
34,2021-10-20 07:45:01,13000.0,500.0,10393700.0
35,2021-10-20 07:45:01,13000.0,1000.0,10393200.0
36,2021-10-20 07:45:01,13000.0,2000.0,10392200.0
37,2021-10-20 07:45:01,13000.0,100.0,10390200.0
38,2021-10-20 07:45:01,13000.0,300.0,10390100.0
39,2021-10-20 07:45:01,13000.0,2000.0,10389800.0
40,2021-10-20 07:45:01,13000.0,1000.0,10387800.0
41,2021-10-20 07:45:01,13000.0,100.0,10386800.0
42,2021-10-20 07:45:01,13000.0,300.0,10386700.0
43,2021-10-20 07:45:01,13000.0,300.0,10386400.0
44,2021-10-20 07:45:01,13000.0,4300.0,10386100.0
45,2021-10-20 07:45:01,13000.0,300.0,10381800.0
46,2021-10-20 07:45:01,13000.0,1600.0,10381500.0
47,2021-10-20 07:45:01,13000.0,1400.0,10379900.0
48,2021-10-20 07:45:01,13000.0,600.0,10378500.0
49,2021-10-20 07:45:01,13000.0,500.0,10377900.0
50,2021-10-20 07:45:01,13000.0,3000.0,10377400.0
51,2021-10-20 07:45:01,13000.0,4000.0,10374400.0
52,2021-10-20 07:45:01,13000.0,500.0,10370400.0
53,2021-10-20 07:45:01,13000.0,500.0,10369900.0
54,2021-10-20 07:45:01,13000.0,100.0,10369400.0
55,2021-10-20 07:45:01,13000.0,100.0,10369300.0
56,2021-10-20 07:45:01,13000.0,5000.0,10369200.0
57,2021-10-20 07:45:01,13000.0,10000.0,10364200.0
58,2021-10-20 07:45:01,13000.0,1600.0,10354200.0
59,2021-10-20 07:45:01,13000.0,500.0,10352600.0
60,2021-10-20 07:45:01,13000.0,100.0,10352100.0
61,2021-10-20 07:45:01,13000.0,1000.0,10352000.0
62,2021-10-20 07:45:01,13000.0,3000.0,10351000.0
63,2021-10-20 07:45:01,13000.0,100.0,10348000.0
64,2021-10-20 07:45:01,13000.0,400.0,10347900.0
65,2021-10-20 07:45:01,13000.0,100.0,10347500.0
66,2021-10-20 07:45:01,13000.0,500.0,10347400.0
67,2021-10-20 07:45:01,13000.0,700.0,10346900.0
68,2021-10-20 07:45:01,13000.0,1000.0,10346200.0
69,2021-10-20 07:45:01,13000.0,1000.0,10345200.0
70,2021-10-20 07:45:01,13000.0,2400.0,10344200.0
71,2021-10-20 07:45:01,13000.0,1000.0,10341800.0
72,2021-10-20 07:45:01,13000.0,200.0,10340800.0
73,2021-10-20 07:45:01,13000.0,1000.0,10340600.0
74,2021-10-20 07:45:01,13000.0,11100.0,10339600.0
75,2021-10-20 07:45:01,13000.0,1000.0,10328500.0
76,2021-10-20 07:45:01,13000.0,15000.0,10327500.0
77,2021-10-20 07:45:01,13000.0,12900.0,10312500.0
78,2021-10-20 07:45:01,13000.0,200.0,10299600.0
79,2021-10-20 07:45:01,13000.0,1000.0,10299400.0
80,2021-10-20 07:45:01,13000.0,3000.0,10298400.0
81,2021-10-20 07:45:01,13000.0,100.0,10295400.0
82,2021-10-20 07:45:01,13000.0,5000.0,10295300.0
83,2021-10-20 07:45:01,13000.0,500.0,10290300.0
84,2021-10-20 07:45:01,13000.0,600.0,10289800.0
85,2021-10-20 07:45:01,13000.0,1000.0,10289200.0
86,2021-10-20 07:45:01,13000.0,100.0,10288200.0
87,2021-10-20 07:45:01,13000.0,1000.0,10288100.0
88,2021-10-20 07:45:01,13000.0,100.0,10287100.0
89,2021-10-20 07:45:01,13000.0,500.0,10287000.0
90,2021-10-20 07:45:01,13000.0,1100.0,10286500.0
91,2021-10-20 07:45:01,13000.0,100.0,10285400.0
92,2021-10-20 07:45:01,13000.0,1000.0,10285300.0
93,2021-10-20 07:45:01,13000.0,200.0,10284300.0
94,2021-10-20 07:45:01,13000.0,100.0,10284100.0
95,2021-10-20 07:45:01,13000.0,500.0,10284000.0
96,2021-10-20 07:45:01,13000.0,3000.0,10283500.0
97,2021-10-20 07:45:01,13000.0,300.0,10280500.0
98,2021-10-20 07:45:01,13000.0,3000.0,10280200.0
99,2021-10-20 07:45:01,13000.0,1000.0,10277200.0
100,2021-10-20 07:45:01,13000.0,200.0,10276200.0
101,2021-10-20 07:45:01,13000.0,200.0,10276000.0
102,2021-10-20 07:45:01,13000.0,100.0,10275800.0
103,2021-10-20 07:45:01,13000.0,400.0,10275700.0
104,2021-10-20 07:45:01,13000.0,200.0,10275300.0
105,2021-10-20 07:45:01,13000.0,200.0,10275100.0
106,2021-10-20 07:45:01,13000.0,100.0,10274900.0
107,2021-10-20 07:45:01,13000.0,1000.0,10274800.0
108,2021-10-20 07:45:01,13000.0,500.0,10273800.0
109,2021-10-20 07:45:01,13000.0,500.0,10273300.0
110,2021-10-20 07:45:01,13000.0,1000.0,10272800.0
111,2021-10-20 07:45:01,13000.0,5000.0,10271800.0
112,2021-10-20 07:45:01,13000.0,2200.0,10266800.0
113,2021-10-20 07:45:01,13000.0,500.0,10264600.0
114,2021-10-20 07:45:01,13000.0,10000.0,10264100.0
115,2021-10-20 07:45:01,13000.0,1000.0,10254100.0
116,2021-10-20 07:45:01,13000.0,200.0,10253100.0
117,2021-10-20 07:45:01,13000.0,200.0,10252900.0
118,2021-10-20 07:45:01,13000.0,1100.0,10252700.0
119,2021-10-20 07:45:01,13000.0,100.0,10251600.0
120,2021-10-20 07:45:01,13000.0,2000.0,10251500.0
121,2021-10-20 07:45:01,13000.0,3000.0,10249500.0
122,2021-10-20 07:45:01,13000.0,2000.0,10246500.0
123,2021-10-20 07:45:01,13000.0,10700.0,10244500.0
124,2021-10-20 07:45:01,13000.0,200.0,10233800.0
125,2021-10-20 07:45:01,13000.0,1000.0,10233600.0
126,2021-10-20 07:45:01,13000.0,1500.0,10232600.0
127,2021-10-20 07:45:01,13000.0,2000.0,10231100.0
128,2021-10-20 07:45:01,13000.0,40000.0,10229100.0
129,2021-10-20 07:45:01,13000.0,20000.0,10189100.0
130,2021-10-20 07:45:01,13000.0,5000.0,10169100.0
131,2021-10-20 07:45:01,13000.0,40000.0,10164100.0
132,2021-10-20 07:45:01,13000.0,1000.0,10124100.0
133,2021-10-20 07:45:01,13000.0,1000.0,10123100.0
134,2021-10-20 07:45:01,13000.0,400.0,10122100.0
135,2021-10-20 07:45:01,13000.0,100.0,10121700.0
136,2021-10-20 07:45:01,13000.0,100.0,10121600.0
137,2021-10-20 07:45:01,13000.0,9000.0,10121500.0
138,2021-10-20 07:45:01,13000.0,5000.0,10112500.0
139,2021-10-20 07:45:01,13000.0,1800.0,10107500.0
140,2021-10-20 07:45:01,13000.0,10000.0,10105700.0
141,2021-10-20 07:45:01,13000.0,1600.0,10095700.0
142,2021-10-20 07:45:01,13000.0,5000.0,10094100.0
143,2021-10-20 07:45:01,13000.0,17600.0,10089100.0
144,2021-10-20 07:45:01,13000.0,1000.0,10071500.0
145,2021-10-20 07:45:01,13000.0,11500.0,10070500.0
146,2021-10-20 07:45:01,13000.0,2000.0,10059000.0
147,2021-10-20 07:45:01,13000.0,700.0,10057000.0
148,2021-10-20 07:45:01,13000.0,200.0,10056300.0
149,2021-10-20 07:45:01,13000.0,7500.0,10056100.0
150,2021-10-20 07:45:01,13000.0,91600.0,10048600.0
151,2021-10-20 07:45:01,13000.0,800.0,9957000.0
152,2021-10-20 07:45:01,13000.0,20000.0,9956200.0
153,2021-10-20 07:45:01,13000.0,20000.0,9936200.0
154,2021-10-20 07:45:01,13000.0,20000.0,9916200.0
155,2021-10-20 07:45:01,13000.0,100.0,9896200.0
156,2021-10-20 07:45:01,13000.0,500.0,9896100.0
157,2021-10-20 07:45:01,13000.0,100.0,9895600.0
158,2021-10-20 07:45:01,13000.0,800.0,9895500.0
159,2021-10-20 07:45:01,13000.0,2000.0,9894700.0
160,2021-10-20 07:45:01,13000.0,10000.0,9892700.0
161,2021-10-20 07:45:01,13000.0,4400.0,9882700.0
162,2021-10-20 07:45:01,13000.0,5600.0,9878300.0
163,2021-10-20 07:45:01,13000.0,2000.0,9872700.0
164,2021-10-20 07:45:01,13000.0,15000.0,9870700.0
165,2021-10-20 07:45:01,13000.0,200.0,9855700.0
166,2021-10-20 07:45:01,13000.0,1000.0,9855500.0
167,2021-10-20 07:45:01,13000.0,7000.0,9854500.0
168,2021-10-20 07:45:01,13000.0,2000.0,9847500.0
169,2021-10-20 07:45:01,13000.0,400.0,9845500.0
170,2021-10-20 07:45:01,13000.0,900.0,9845100.0
171,2021-10-20 07:45:01,13000.0,4000.0,9844200.0
172,2021-10-20 07:45:01,13000.0,3800.0,9840200.0
173,2021-10-20 07:45:01,13000.0,1000.0,9836400.0
174,2021-10-20 07:45:01,13000.0,1000.0,9835400.0
175,2021-10-20 07:45:01,13000.0,200.0,9834400.0
176,2021-10-20 07:45:01,13000.0,10000.0,9834200.0
177,2021-10-20 07:45:01,13000.0,1000.0,9824200.0
178,2021-10-20 07:45:01,13000.0,5500.0,9823200.0
179,2021-10-20 07:45:01,13000.0,1000.0,9817700.0
180,2021-10-20 07:45:01,13000.0,200.0,9816700.0
181,2021-10-20 07:45:01,13000.0,300.0,9816500.0
182,2021-10-20 07:45:01,13000.0,100.0,9816200.0
183,2021-10-20 07:45:01,13000.0,8000.0,9816100.0
184,2021-10-20 07:45:01,13000.0,3000.0,9808100.0
185,2021-10-20 07:45:01,13000.0,1000.0,9805100.0
186,2021-10-20 07:45:01,13000.0,500.0,9804100.0
187,2021-10-20 07:45:01,13000.0,100.0,9803600.0
188,2021-10-20 07:45:01,13000.0,300.0,9803500.0
189,2021-10-20 07:45:01,13000.0,200.0,9803200.0
190,2021-10-20 07:45:01,13000.0,200.0,9803000.0
191,2021-10-20 07:45:01,13000.0,500.0,9802800.0
192,2021-10-20 07:45:01,13000.0,300.0,9802300.0
193,2021-10-20 07:45:01,13000.0,10000.0,9802000.0
194,2021-10-20 07:45:01,13000.0,1000.0,9792000.0
195,2021-10-20 07:45:01,13000.0,200.0,9791000.0
196,2021-10-20 07:45:01,13000.0,2000.0,9790800.0
197,2021-10-20 07:45:01,13000.0,1000.0,9788800.0
198,2021-10-20 07:45:01,13000.0,3000.0,9787800.0
199,2021-10-20 07:45:01,13000.0,200.0,9784800.0
200,2021-10-20 07:45:01,13000.0,200.0,9784600.0
201,2021-10-20 07:45:01,13000.0,8000.0,9784400.0
202,2021-10-20 07:45:01,13000.0,5000.0,9776400.0
203,2021-10-20 07:45:01,13000.0,200.0,9771400.0
204,2021-10-20 07:45:01,13000.0,1100.0,9771200.0
205,2021-10-20 07:45:01,13000.0,1000.0,9770100.0
206,2021-10-20 07:45:01,13000.0,100.0,9769100.0
207,2021-10-20 07:45:01,13000.0,1000.0,9769000.0
208,2021-10-20 07:45:01,13000.0,10000.0,9768000.0
209,2021-10-20 07:45:01,13000.0,100.0,9758000.0
210,2021-10-20 07:45:01,13000.0,2100.0,9757900.0
211,2021-10-20 07:45:01,13000.0,100.0,9755800.0
212,2021-10-20 07:45:01,13000.0,1000.0,9755700.0
213,2021-10-20 07:45:01,13000.0,1000.0,9754700.0
214,2021-10-20 07:45:01,13000.0,2000.0,9753700.0
215,2021-10-20 07:45:01,13000.0,5000.0,9751700.0
216,2021-10-20 07:45:01,13000.0,500.0,9746700.0
217,2021-10-20 07:45:01,13000.0,1000.0,9746200.0
218,2021-10-20 07:45:01,13000.0,4200.0,9745200.0
219,2021-10-20 07:45:01,13000.0,100.0,9741000.0
220,2021-10-20 07:45:01,13000.0,200.0,9740900.0
221,2021-10-20 07:45:01,13000.0,400.0,9740700.0
222,2021-10-20 07:45:01,13000.0,200.0,9740300.0
223,2021-10-20 07:45:01,13000.0,100.0,9740100.0
224,2021-10-20 07:45:01,13000.0,200.0,9740000.0
225,2021-10-20 07:45:01,13000.0,500.0,9739800.0
226,2021-10-20 07:45:01,13000.0,300.0,9739300.0
227,2021-10-20 07:45:01,13000.0,2500.0,9739000.0
228,2021-10-20 07:45:01,13000.0,500.0,9736500.0
229,2021-10-20 07:45:01,13000.0,200.0,9736000.0
230,2021-10-20 07:45:01,13000.0,500.0,9735800.0
231,2021-10-20 07:45:01,13000.0,200.0,9735300.0
232,2021-10-20 07:45:01,13000.0,2000.0,9735100.0
233,2021-10-20 07:45:01,13000.0,500.0,9733100.0
234,2021-10-20 07:45:01,13000.0,200.0,9732600.0
235,2021-10-20 07:45:01,13000.0,300.0,9732400.0
236,2021-10-20 07:45:01,13000.0,600.0,9732100.0
237,2021-10-20 07:45:01,13000.0,500.0,9731500.0
238,2021-10-20 07:45:01,13000.0,2700.0,9731000.0
239,2021-10-20 07:45:01,13000.0,2300.0,9728300.0
240,2021-10-20 07:45:01,13000.0,1200.0,9726000.0
241,2021-10-20 07:45:01,13000.0,1000.0,9724800.0
242,2021-10-20 07:45:01,13000.0,400.0,9723800.0
243,2021-10-20 07:45:01,13000.0,200.0,9723400.0
244,2021-10-20 07:45:01,13000.0,800.0,9723200.0
245,2021-10-20 07:45:01,13000.0,100.0,9722400.0
246,2021-10-20 07:45:01,13000.0,100.0,9722300.0
247,2021-10-20 07:45:01,13000.0,1000.0,9722200.0
248,2021-10-20 07:45:01,13000.0,200.0,9721200.0
249,2021-10-20 07:45:01,13000.0,2500.0,9721000.0
250,2021-10-20 07:45:01,13000.0,200.0,9718500.0
251,2021-10-20 07:29:54,13150.0,500.0,9718300.0
252,2021-10-20 07:29:52,13100.0,1000.0,9717800.0
253,2021-10-20 07:29:51,13100.0,200.0,9716800.0
254,2021-10-20 07:29:51,13100.0,5000.0,9716600.0
255,2021-10-20 07:29:51,13100.0,100.0,9711600.0
256,2021-10-20 07:29:51,13100.0,1000.0,9711500.0
257,2021-10-20 07:29:51,13100.0,3000.0,9710500.0
258,2021-10-20 07:29:51,13100.0,200.0,9707500.0
259,2021-10-20 07:29:51,13100.0,2000.0,9707300.0
260,2021-10-20 07:29:51,13100.0,2000.0,9705300.0
261,2021-10-20 07:29:51,13100.0,1000.0,9703300.0
262,2021-10-20 07:29:49,13100.0,4000.0,9702300.0
263,2021-10-20 07:29:49,13100.0,700.0,9698300.0
264,2021-10-20 07:29:49,13100.0,500.0,9697600.0
265,2021-10-20 07:29:49,13100.0,700.0,9697100.0
266,2021-10-20 07:29:49,13100.0,500.0,9696400.0
267,2021-10-20 07:29:49,13100.0,600.0,9695900.0
268,2021-10-20 07:29:49,13100.0,300.0,9695300.0
269,2021-10-20 07:29:49,13100.0,1700.0,9695000.0
270,2021-10-20 07:29:49,13100.0,900.0,9693300.0
271,2021-10-20 07:29:48,13100.0,100.0,9692400.0
272,2021-10-20 07:29:47,13050.0,900.0,9692300.0
273,2021-10-20 07:29:47,13050.0,1100.0,9691400.0
274,2021-10-20 07:29:46,13100.0,500.0,9690300.0
275,2021-10-20 07:29:45,13100.0,700.0,9689800.0
276,2021-10-20 07:29:43,13100.0,700.0,9689100.0
277,2021-10-20 07:29:41,13100.0,10000.0,9688400.0
278,2021-10-20 07:29:41,13100.0,100.0,9678400.0
279,2021-10-20 07:29:38,13100.0,200.0,9678300.0
280,2021-10-20 07:29:38,13100.0,1000.0,9678100.0
281,2021-10-20 07:29:38,13100.0,1000.0,9677100.0
282,2021-10-20 07:29:37,13100.0,3100.0,9676100.0
283,2021-10-20 07:29:37,13100.0,200.0,9673000.0
284,2021-10-20 07:29:37,13100.0,1700.0,9672800.0
285,2021-10-20 07:29:36,13100.0,1000.0,9671100.0
286,2021-10-20 07:29:36,13100.0,10000.0,9670100.0
287,2021-10-20 07:29:36,13100.0,200.0,9660100.0
288,2021-10-20 07:29:36,13100.0,200.0,9659900.0
289,2021-10-20 07:29:36,13100.0,5000.0,9659700.0
290,2021-10-20 07:29:36,13100.0,3600.0,9654700.0
291,2021-10-20 07:29:29,13100.0,500.0,9651100.0
292,2021-10-20 07:29:29,13100.0,2000.0,9650600.0
293,2021-10-20 07:29:27,13100.0,5000.0,9648600.0
294,2021-10-20 07:29:26,13100.0,45000.0,9643600.0
295,2021-10-20 07:29:24,13100.0,5000.0,9598600.0
296,2021-10-20 07:29:23,13100.0,100.0,9593600.0
297,2021-10-20 07:29:22,13100.0,2000.0,9593500.0
298,2021-10-20 07:29:21,13100.0,15400.0,9591500.0
299,2021-10-20 07:29:19,13100.0,300.0,9576100.0
300,2021-10-20 07:29:17,13100.0,3000.0,9575800.0
301,2021-10-20 07:29:15,13100.0,1000.0,9572800.0
302,2021-10-20 07:29:15,13100.0,5000.0,9571800.0
303,2021-10-20 07:29:09,13100.0,100.0,9566800.0
304,2021-10-20 07:29:08,13100.0,1200.0,9566700.0
305,2021-10-20 07:29:00,13100.0,1000.0,9565500.0
306,2021-10-20 07:29:00,13100.0,500.0,9564500.0
307,2021-10-20 07:28:58,13100.0,10000.0,9564000.0
308,2021-10-20 07:28:50,13100.0,1100.0,9554000.0
309,2021-10-20 07:28:49,13100.0,200.0,9552900.0
310,2021-10-20 07:28:45,13100.0,300.0,9552700.0
311,2021-10-20 07:28:43,13100.0,5000.0,9552400.0
312,2021-10-20 07:28:41,13050.0,1000.0,9547400.0
313,2021-10-20 07:28:41,13100.0,100.0,9546400.0
314,2021-10-20 07:28:37,13050.0,1000.0,9546300.0
315,2021-10-20 07:28:34,13100.0,500.0,9545300.0
316,2021-10-20 07:28:31,13050.0,400.0,9544800.0
317,2021-10-20 07:28:31,13050.0,500.0,9544400.0
318,2021-10-20 07:28:31,13050.0,1000.0,9543900.0
319,2021-10-20 07:28:31,13050.0,100.0,9542900.0
320,2021-10-20 07:28:31,13050.0,200.0,9542800.0
321,2021-10-20 07:28:31,13050.0,500.0,9542600.0
322,2021-10-20 07:28:31,13050.0,200.0,9542100.0
323,2021-10-20 07:28:31,13050.0,10000.0,9541900.0
324,2021-10-20 07:28:31,13050.0,500.0,9531900.0
325,2021-10-20 07:28:31,13050.0,5000.0,9531400.0
326,2021-10-20 07:28:31,13050.0,500.0,9526400.0
327,2021-10-20 07:28:31,13050.0,500.0,9525900.0
328,2021-10-20 07:28:31,13050.0,100.0,9525400.0
329,2021-10-20 07:28:31,13050.0,10500.0,9525300.0
330,2021-10-20 07:28:31,13100.0,200.0,9514800.0
331,2021-10-20 07:28:31,13050.0,100.0,9514600.0
332,2021-10-20 07:28:19,13100.0,100.0,9514500.0
333,2021-10-20 07:28:19,13050.0,1000.0,9514400.0
334,2021-10-20 07:28:19,13100.0,2000.0,9513400.0
335,2021-10-20 07:28:17,13050.0,8400.0,9511400.0
336,2021-10-20 07:28:17,13050.0,2100.0,9503000.0
337,2021-10-20 07:28:17,13050.0,500.0,9500900.0
338,2021-10-20 07:28:17,13050.0,500.0,9500400.0
339,2021-10-20 07:28:17,13050.0,100.0,9499900.0
340,2021-10-20 07:28:17,13050.0,1000.0,9499800.0
341,2021-10-20 07:28:17,13050.0,2600.0,9498800.0
342,2021-10-20 07:28:14,13100.0,1000.0,9496200.0
343,2021-10-20 07:27:55,13100.0,2000.0,9495200.0
344,2021-10-20 07:27:52,13100.0,800.0,9493200.0
345,2021-10-20 07:27:51,13050.0,100.0,9492400.0
346,2021-10-20 07:27:51,13100.0,500.0,9492300.0
347,2021-10-20 07:27:25,13100.0,3000.0,9491800.0
348,2021-10-20 07:27:13,13050.0,300.0,9488800.0
349,2021-10-20 07:27:12,13000.0,100.0,9488500.0
350,2021-10-20 07:27:12,13050.0,4900.0,9488400.0
351,2021-10-20 07:27:12,13050.0,100.0,9483500.0
352,2021-10-20 07:27:12,13050.0,500.0,9483400.0
353,2021-10-20 07:27:12,13050.0,2000.0,9482900.0
354,2021-10-20 07:27:12,13050.0,100.0,9480900.0
355,2021-10-20 07:27:12,13050.0,1000.0,9480800.0
356,2021-10-20 07:27:12,13050.0,100.0,9479800.0
357,2021-10-20 07:27:12,13050.0,300.0,9479700.0
358,2021-10-20 07:27:12,13050.0,900.0,9479400.0
359,2021-10-20 07:27:10,13050.0,100.0,9478500.0
360,2021-10-20 07:27:06,13050.0,1000.0,9478400.0
361,2021-10-20 07:27:06,13050.0,1000.0,9477400.0
362,2021-10-20 07:27:06,13050.0,5000.0,9476400.0
363,2021-10-20 07:27:06,13050.0,2000.0,9471400.0
364,2021-10-20 07:27:06,13050.0,1000.0,9469400.0
365,2021-10-20 07:27:06,13050.0,2000.0,9468400.0
366,2021-10-20 07:27:06,13050.0,200.0,9466400.0
367,2021-10-20 07:27:06,13050.0,1000.0,9466200.0
368,2021-10-20 07:27:06,13050.0,100.0,9465200.0
369,2021-10-20 07:27:06,13050.0,500.0,9465100.0
370,2021-10-20 07:27:06,13050.0,600.0,9464600.0
371,2021-10-20 07:27:06,13050.0,300.0,9464000.0
372,2021-10-20 07:27:06,13050.0,100.0,9463700.0
373,2021-10-20 07:27:06,13050.0,900.0,9463600.0
374,2021-10-20 07:27:06,13050.0,500.0,9462700.0
375,2021-10-20 07:27:06,13050.0,500.0,9462200.0
376,2021-10-20 07:27:06,13050.0,2600.0,9461700.0
377,2021-10-20 07:27:06,13050.0,4600.0,9459100.0
378,2021-10-20 07:27:05,13050.0,100.0,9454500.0
379,2021-10-20 07:26:55,13050.0,100.0,9454400.0
380,2021-10-20 07:26:52,13100.0,10000.0,9454300.0
381,2021-10-20 07:26:50,13100.0,10000.0,9444300.0
382,2021-10-20 07:26:49,13100.0,2000.0,9434300.0
383,2021-10-20 07:26:47,13100.0,1500.0,9432300.0
384,2021-10-20 07:26:45,13050.0,200.0,9430800.0
385,2021-10-20 07:26:45,13050.0,100.0,9430600.0
386,2021-10-20 07:26:45,13050.0,1700.0,9430500.0
387,2021-10-20 07:26:43,13100.0,1000.0,9428800.0
388,2021-10-20 07:26:43,13100.0,2000.0,9427800.0
389,2021-10-20 07:26:42,13100.0,800.0,9425800.0
390,2021-10-20 07:26:40,13100.0,1000.0,9425000.0
391,2021-10-20 07:26:40,13100.0,100.0,9424000.0
392,2021-10-20 07:26:39,13100.0,5000.0,9423900.0
393,2021-10-20 07:26:36,13100.0,500.0,9418900.0
394,2021-10-20 07:26:31,13100.0,5000.0,9418400.0
395,2021-10-20 07:26:30,13100.0,2000.0,9413400.0
396,2021-10-20 07:26:26,13100.0,30200.0,9411400.0
397,2021-10-20 07:26:21,13100.0,100.0,9381200.0
398,2021-10-20 07:26:19,13050.0,300.0,9381100.0
399,2021-10-20 07:26:19,13050.0,100.0,9380800.0
400,2021-10-20 07:26:19,13050.0,700.0,9380700.0
401,2021-10-20 07:26:19,13050.0,7200.0,9380000.0
402,2021-10-20 07:26:19,13050.0,1000.0,9372800.0
403,2021-10-20 07:26:18,13050.0,100.0,9371800.0
404,2021-10-20 07:26:18,13050.0,1000.0,9371700.0
405,2021-10-20 07:26:17,13050.0,200.0,9370700.0
406,2021-10-20 07:26:16,13050.0,200.0,9370500.0
407,2021-10-20 07:26:16,13050.0,2000.0,9370300.0
408,2021-10-20 07:26:15,13050.0,500.0,9368300.0
409,2021-10-20 07:26:13,13050.0,5000.0,9367800.0
410,2021-10-20 07:26:11,13050.0,100.0,9362800.0
411,2021-10-20 07:26:09,13050.0,500.0,9362700.0
412,2021-10-20 07:26:06,13050.0,600.0,9362200.0
413,2021-10-20 07:26:03,13050.0,1000.0,9361600.0
414,2021-10-20 07:26:02,13050.0,10000.0,9360600.0
415,2021-10-20 07:26:01,13050.0,600.0,9350600.0
416,2021-10-20 07:26:01,13050.0,100.0,9350000.0
417,2021-10-20 07:26:01,13050.0,300.0,9349900.0
418,2021-10-20 07:26:01,13050.0,4000.0,9349600.0
419,2021-10-20 07:26:01,13050.0,5000.0,9345600.0
420,2021-10-20 07:26:01,13050.0,200.0,9340600.0
421,2021-10-20 07:26:01,13000.0,2100.0,9340400.0
422,2021-10-20 07:25:58,13050.0,5800.0,9338300.0
423,2021-10-20 07:25:58,13050.0,9000.0,9332500.0
424,2021-10-20 07:25:58,13050.0,5000.0,9323500.0
425,2021-10-20 07:25:58,13050.0,30200.0,9318500.0
426,2021-10-20 07:25:58,13050.0,1000.0,9288300.0
427,2021-10-20 07:25:57,13050.0,1000.0,9287300.0
428,2021-10-20 07:25:57,13050.0,100.0,9286300.0
429,2021-10-20 07:25:56,13050.0,200.0,9286200.0
430,2021-10-20 07:25:49,13050.0,100.0,9286000.0
431,2021-10-20 07:25:45,13050.0,100.0,9285900.0
432,2021-10-20 07:25:45,13000.0,1000.0,9285800.0
433,2021-10-20 07:25:44,13000.0,1000.0,9284800.0
434,2021-10-20 07:25:41,13050.0,200.0,9283800.0
435,2021-10-20 07:25:35,13000.0,1300.0,9283600.0
436,2021-10-20 07:25:35,13050.0,200.0,9282300.0
437,2021-10-20 07:25:34,13050.0,2000.0,9282100.0
438,2021-10-20 07:25:12,13000.0,200.0,9280100.0
439,2021-10-20 07:25:10,13050.0,200.0,9279900.0
440,2021-10-20 07:25:08,13000.0,3100.0,9279700.0
441,2021-10-20 07:25:03,13000.0,11500.0,9276600.0
442,2021-10-20 07:25:03,13050.0,500.0,9265100.0
443,2021-10-20 07:25:00,13000.0,500.0,9264600.0
444,2021-10-20 07:24:55,13000.0,100.0,9264100.0
445,2021-10-20 07:24:48,13000.0,200.0,9264000.0
446,2021-10-20 07:24:46,13000.0,2000.0,9263800.0
447,2021-10-20 07:24:43,13000.0,7000.0,9261800.0
448,2021-10-20 07:24:42,13000.0,1000.0,9254800.0
449,2021-10-20 07:24:40,13050.0,1000.0,9253800.0
450,2021-10-20 07:24:39,13050.0,9500.0,9252800.0
451,2021-10-20 07:24:39,13050.0,20000.0,9243300.0
452,2021-10-20 07:24:35,13000.0,500.0,9223300.0
453,2021-10-20 07:24:31,13000.0,700.0,9222800.0
454,2021-10-20 07:24:30,13000.0,200.0,9222100.0
455,2021-10-20 07:24:25,13000.0,1100.0,9221900.0
456,2021-10-20 07:24:25,13000.0,8000.0,9220800.0
457,2021-10-20 07:24:25,13000.0,200.0,9212800.0
458,2021-10-20 07:24:25,13000.0,3500.0,9212600.0
459,2021-10-20 07:24:25,13000.0,1000.0,9209100.0
460,2021-10-20 07:24:25,13000.0,400.0,9208100.0
461,2021-10-20 07:24:25,13000.0,1400.0,9207700.0
462,2021-10-20 07:24:25,13000.0,3000.0,9206300.0
463,2021-10-20 07:24:25,13000.0,300.0,9203300.0
464,2021-10-20 07:24:25,13000.0,500.0,9203000.0
465,2021-10-20 07:24:25,13000.0,600.0,9202500.0
466,2021-10-20 07:24:25,13000.0,10000.0,9201900.0
467,2021-10-20 07:24:25,13000.0,500.0,9191900.0
468,2021-10-20 07:24:25,13000.0,1000.0,9191400.0
469,2021-10-20 07:24:25,13000.0,1000.0,9190400.0
470,2021-10-20 07:24:25,13000.0,24300.0,9189400.0
471,2021-10-20 07:24:25,13000.0,10000.0,9165100.0
472,2021-10-20 07:24:24,13000.0,200.0,9155100.0
473,2021-10-20 07:24:24,13000.0,700.0,9154900.0
474,2021-10-20 07:24:24,13000.0,100.0,9154200.0
475,2021-10-20 07:24:24,13000.0,100.0,9154100.0
476,2021-10-20 07:24:23,13000.0,2000.0,9154000.0
477,2021-10-20 07:24:21,13000.0,7600.0,9152000.0
478,2021-10-20 07:24:21,13000.0,400.0,9144400.0
479,2021-10-20 07:24:21,13000.0,500.0,9144000.0
480,2021-10-20 07:24:21,13000.0,2000.0,9143500.0
481,2021-10-20 07:24:21,13000.0,2000.0,9141500.0
482,2021-10-20 07:24:21,13000.0,9500.0,9139500.0
483,2021-10-20 07:24:21,13000.0,200.0,9130000.0
484,2021-10-20 07:24:21,13000.0,200.0,9129800.0
485,2021-10-20 07:24:21,13000.0,5000.0,9129600.0
486,2021-10-20 07:24:21,13000.0,8000.0,9124600.0
487,2021-10-20 07:24:21,13000.0,3000.0,9116600.0
488,2021-10-20 07:24:21,13000.0,500.0,9113600.0
489,2021-10-20 07:24:21,13000.0,1100.0,9113100.0
490,2021-10-20 07:24:20,13000.0,200.0,9112000.0
491,2021-10-20 07:24:19,13000.0,1200.0,9111800.0
492,2021-10-20 07:24:19,13000.0,2000.0,9110600.0
493,2021-10-20 07:24:19,13000.0,26800.0,9108600.0
494,2021-10-20 07:24:16,13000.0,2000.0,9081800.0
495,2021-10-20 07:24:15,13000.0,800.0,9079800.0
496,2021-10-20 07:24:14,13000.0,10000.0,9079000.0
497,2021-10-20 07:24:11,13000.0,300.0,9069000.0
498,2021-10-20 07:24:09,13000.0,2000.0,9068700.0
499,2021-10-20 07:24:02,13000.0,5000.0,9066700.0
500,2021-10-20 07:24:01,13000.0,11100.0,9061700.0
501,2021-10-20 07:24:00,13000.0,200.0,9050600.0
502,2021-10-20 07:23:57,13000.0,500.0,9050400.0
503,2021-10-20 07:23:57,13000.0,1000.0,9049900.0
504,2021-10-20 07:23:56,12950.0,500.0,9048900.0
505,2021-10-20 07:23:55,13000.0,3000.0,9048400.0
506,2021-10-20 07:23:55,13000.0,500.0,9045400.0
507,2021-10-20 07:23:54,13000.0,200.0,9044900.0
508,2021-10-20 07:23:43,13000.0,5000.0,9044700.0
509,2021-10-20 07:23:37,12950.0,1600.0,9039700.0
510,2021-10-20 07:23:35,12950.0,700.0,9038100.0
511,2021-10-20 07:23:35,12950.0,100.0,9037400.0
512,2021-10-20 07:23:35,12950.0,2000.0,9037300.0
513,2021-10-20 07:23:35,12950.0,100.0,9035300.0
514,2021-10-20 07:23:35,12950.0,2100.0,9035200.0
515,2021-10-20 07:23:31,13000.0,200.0,9033100.0
516,2021-10-20 07:23:29,12950.0,1500.0,9032900.0
517,2021-10-20 07:23:28,12950.0,5000.0,9031400.0
518,2021-10-20 07:23:18,12950.0,15500.0,9026400.0
519,2021-10-20 07:23:14,12950.0,13500.0,9010900.0
520,2021-10-20 07:23:09,12950.0,100.0,8997400.0
521,2021-10-20 07:23:06,12950.0,200.0,8997300.0
522,2021-10-20 07:23:00,12950.0,1100.0,8997100.0
523,2021-10-20 07:22:59,12950.0,500.0,8996000.0
524,2021-10-20 07:22:56,12950.0,1400.0,8995500.0
525,2021-10-20 07:22:56,12950.0,500.0,8994100.0
526,2021-10-20 07:22:56,12950.0,2000.0,8993600.0
527,2021-10-20 07:22:56,12950.0,1100.0,8991600.0
528,2021-10-20 07:22:55,12950.0,100.0,8990500.0
529,2021-10-20 07:22:54,12950.0,200.0,8990400.0
530,2021-10-20 07:22:51,12950.0,400.0,8990200.0
531,2021-10-20 07:22:51,12950.0,200.0,8989800.0
532,2021-10-20 07:22:51,12950.0,200.0,8989600.0
533,2021-10-20 07:22:51,12950.0,600.0,8989400.0
534,2021-10-20 07:22:49,12950.0,5000.0,8988800.0
535,2021-10-20 07:22:48,12950.0,200.0,8983800.0
536,2021-10-20 07:22:48,12950.0,300.0,8983600.0
537,2021-10-20 07:22:47,12900.0,6000.0,8983300.0
538,2021-10-20 07:22:47,12950.0,2000.0,8977300.0
539,2021-10-20 07:22:41,12950.0,200.0,8975300.0
540,2021-10-20 07:22:41,12950.0,1000.0,8975100.0
541,2021-10-20 07:22:41,12950.0,5000.0,8974100.0
542,2021-10-20 07:22:41,12950.0,500.0,8969100.0
543,2021-10-20 07:22:41,12950.0,4000.0,8968600.0
544,2021-10-20 07:22:41,12950.0,1200.0,8964600.0
545,2021-10-20 07:22:39,12950.0,1000.0,8963400.0
546,2021-10-20 07:22:35,12950.0,1800.0,8962400.0
547,2021-10-20 07:22:35,12950.0,500.0,8960600.0
548,2021-10-20 07:22:33,12950.0,1000.0,8960100.0
549,2021-10-20 07:22:32,12950.0,1400.0,8959100.0
550,2021-10-20 07:22:31,12950.0,3100.0,8957700.0
551,2021-10-20 07:22:31,12950.0,3900.0,8954600.0
552,2021-10-20 07:22:29,12950.0,1100.0,8950700.0
553,2021-10-20 07:22:29,12950.0,1900.0,8949600.0
554,2021-10-20 07:22:21,12950.0,500.0,8947700.0
555,2021-10-20 07:22:18,12950.0,2100.0,8947200.0
556,2021-10-20 07:22:18,12950.0,15500.0,8945100.0
557,2021-10-20 07:22:13,12950.0,200.0,8929600.0
558,2021-10-20 07:22:13,12900.0,100.0,8929400.0
559,2021-10-20 07:22:10,12950.0,2700.0,8929300.0
560,2021-10-20 07:22:08,12900.0,2000.0,8926600.0
561,2021-10-20 07:22:08,12900.0,1000.0,8924600.0
562,2021-10-20 07:22:08,12900.0,2000.0,8923600.0
563,2021-10-20 07:22:05,12900.0,3000.0,8921600.0
564,2021-10-20 07:22:05,12900.0,2000.0,8918600.0
565,2021-10-20 07:22:02,12950.0,1000.0,8916600.0
566,2021-10-20 07:22:00,12950.0,10000.0,8915600.0
567,2021-10-20 07:21:58,12900.0,2000.0,8905600.0
568,2021-10-20 07:21:57,12900.0,500.0,8903600.0
569,2021-10-20 07:21:48,12950.0,5600.0,8903100.0
570,2021-10-20 07:21:48,12950.0,400.0,8897500.0
571,2021-10-20 07:21:48,12950.0,2000.0,8897100.0
572,2021-10-20 07:21:48,12950.0,2000.0,8895100.0
573,2021-10-20 07:21:47,12900.0,500.0,8893100.0
574,2021-10-20 07:21:47,12900.0,100.0,8892600.0
575,2021-10-20 07:21:46,12900.0,900.0,8892500.0
576,2021-10-20 07:21:46,12900.0,100.0,8891600.0
577,2021-10-20 07:21:45,12900.0,19200.0,8891500.0
578,2021-10-20 07:21:41,12900.0,700.0,8872300.0
579,2021-10-20 07:21:41,12900.0,4300.0,8871600.0
580,2021-10-20 07:21:36,12900.0,5000.0,8867300.0
581,2021-10-20 07:21:36,12900.0,600.0,8862300.0
582,2021-10-20 07:21:36,12900.0,200.0,8861700.0
583,2021-10-20 07:21:36,12900.0,2700.0,8861500.0
584,2021-10-20 07:21:36,12900.0,3000.0,8858800.0
585,2021-10-20 07:21:36,12900.0,5000.0,8855800.0
586,2021-10-20 07:21:36,12900.0,3000.0,8850800.0
587,2021-10-20 07:21:36,12900.0,6200.0,8847800.0
588,2021-10-20 07:21:34,12900.0,100.0,8841600.0
589,2021-10-20 07:21:33,12900.0,200.0,8841500.0
590,2021-10-20 07:21:33,12850.0,1000.0,8841300.0
591,2021-10-20 07:21:33,12850.0,100.0,8840300.0
592,2021-10-20 07:21:33,12850.0,100.0,8840200.0
593,2021-10-20 07:21:33,12850.0,800.0,8840100.0
594,2021-10-20 07:21:33,12850.0,5000.0,8839300.0
595,2021-10-20 07:21:31,12900.0,900.0,8834300.0
596,2021-10-20 07:21:30,12900.0,1500.0,8833400.0
597,2021-10-20 07:21:27,12900.0,500.0,8831900.0
598,2021-10-20 07:21:25,12850.0,4000.0,8831400.0
599,2021-10-20 07:21:24,12850.0,100.0,8827400.0
600,2021-10-20 07:21:23,12850.0,400.0,8827300.0
601,2021-10-20 07:21:22,12900.0,600.0,8826900.0
602,2021-10-20 07:21:22,12900.0,400.0,8826300.0
603,2021-10-20 07:21:17,12850.0,200.0,8825900.0
604,2021-10-20 07:21:13,12850.0,400.0,8825700.0
605,2021-10-20 07:21:09,12850.0,100.0,8825300.0
606,2021-10-20 07:21:08,12850.0,1000.0,8825200.0
607,2021-10-20 07:21:08,12850.0,300.0,8824200.0
608,2021-10-20 07:21:04,12850.0,7800.0,8823900.0
609,2021-10-20 07:21:02,12850.0,800.0,8816100.0
610,2021-10-20 07:21:02,12850.0,4200.0,8815300.0
611,2021-10-20 07:21:00,12850.0,500.0,8811100.0
612,2021-10-20 07:20:59,12850.0,2000.0,8810600.0
613,2021-10-20 07:20:54,12850.0,3300.0,8808600.0
614,2021-10-20 07:20:49,12850.0,1000.0,8805300.0
615,2021-10-20 07:20:49,12850.0,700.0,8804300.0
616,2021-10-20 07:20:48,12850.0,1000.0,8803600.0
617,2021-10-20 07:20:48,12850.0,300.0,8802600.0
618,2021-10-20 07:20:48,12850.0,200.0,8802300.0
619,2021-10-20 07:20:48,12850.0,300.0,8802100.0
620,2021-10-20 07:20:48,12850.0,2000.0,8801800.0
621,2021-10-20 07:20:48,12850.0,1000.0,8799800.0
622,2021-10-20 07:20:48,12850.0,1500.0,8798800.0
623,2021-10-20 07:20:47,12800.0,300.0,8797300.0
624,2021-10-20 07:20:46,12850.0,1000.0,8797000.0
625,2021-10-20 07:20:44,12850.0,100.0,8796000.0
626,2021-10-20 07:20:43,12850.0,200.0,8795900.0
627,2021-10-20 07:20:43,12850.0,100.0,8795700.0
628,2021-10-20 07:20:42,12800.0,1200.0,8795600.0
629,2021-10-20 07:20:42,12800.0,1000.0,8794400.0
630,2021-10-20 07:20:42,12800.0,200.0,8793400.0
631,2021-10-20 07:20:42,12800.0,1000.0,8793200.0
632,2021-10-20 07:20:42,12800.0,300.0,8792200.0
633,2021-10-20 07:20:42,12800.0,1000.0,8791900.0
634,2021-10-20 07:20:42,12800.0,200.0,8790900.0
635,2021-10-20 07:20:42,12800.0,1000.0,8790700.0
636,2021-10-20 07:20:42,12800.0,200.0,8789700.0
637,2021-10-20 07:20:42,12800.0,200.0,8789500.0
638,2021-10-20 07:20:42,12800.0,200.0,8789300.0
639,2021-10-20 07:20:42,12800.0,1000.0,8789100.0
640,2021-10-20 07:20:42,12800.0,1300.0,8788100.0
641,2021-10-20 07:20:42,12800.0,200.0,8786800.0
642,2021-10-20 07:20:42,12800.0,700.0,8786600.0
643,2021-10-20 07:20:42,12800.0,300.0,8785900.0
644,2021-10-20 07:20:42,12850.0,1600.0,8785600.0
645,2021-10-20 07:20:42,12850.0,400.0,8784000.0
646,2021-10-20 07:20:42,12850.0,2000.0,8783600.0
647,2021-10-20 07:20:37,12850.0,1000.0,8781600.0
648,2021-10-20 07:20:35,12850.0,1000.0,8780600.0
649,2021-10-20 07:20:34,12850.0,2000.0,8779600.0
650,2021-10-20 07:20:33,12850.0,1400.0,8777600.0
651,2021-10-20 07:20:33,12850.0,10000.0,8776200.0
652,2021-10-20 07:20:31,12850.0,100.0,8766200.0
653,2021-10-20 07:20:31,12850.0,2000.0,8766100.0
654,2021-10-20 07:20:31,12850.0,100.0,8764100.0
655,2021-10-20 07:20:29,12900.0,500.0,8764000.0
656,2021-10-20 07:20:26,12850.0,500.0,8763500.0
657,2021-10-20 07:20:26,12850.0,400.0,8763000.0
658,2021-10-20 07:20:25,12850.0,100.0,8762600.0
659,2021-10-20 07:20:23,12800.0,700.0,8762500.0
660,2021-10-20 07:20:23,12800.0,2000.0,8761800.0
661,2021-10-20 07:20:23,12800.0,300.0,8759800.0
662,2021-10-20 07:20:23,12800.0,1000.0,8759500.0
663,2021-10-20 07:20:23,12800.0,1000.0,8758500.0
664,2021-10-20 07:20:23,12800.0,200.0,8757500.0
665,2021-10-20 07:20:23,12800.0,100.0,8757300.0
666,2021-10-20 07:20:23,12850.0,1000.0,8757200.0
667,2021-10-20 07:20:23,12850.0,300.0,8756200.0
668,2021-10-20 07:20:23,12850.0,1000.0,8755900.0
669,2021-10-20 07:20:23,12850.0,1000.0,8754900.0
670,2021-10-20 07:20:23,12850.0,1400.0,8753900.0
671,2021-10-20 07:20:20,12900.0,10000.0,8752500.0
672,2021-10-20 07:20:20,12900.0,1100.0,8742500.0
673,2021-10-20 07:20:15,12900.0,5000.0,8741400.0
674,2021-10-20 07:20:15,12900.0,1200.0,8736400.0
675,2021-10-20 07:20:14,12900.0,100.0,8735200.0
676,2021-10-20 07:20:13,12900.0,1000.0,8735100.0
677,2021-10-20 07:20:12,12900.0,600.0,8734100.0
678,2021-10-20 07:20:12,12900.0,15000.0,8733500.0
679,2021-10-20 07:20:12,12900.0,5000.0,8718500.0
680,2021-10-20 07:20:12,12900.0,10000.0,8713500.0
681,2021-10-20 07:20:12,12900.0,6000.0,8703500.0
682,2021-10-20 07:20:12,12900.0,5000.0,8697500.0
683,2021-10-20 07:20:09,12900.0,500.0,8692500.0
684,2021-10-20 07:20:09,12850.0,18600.0,8692000.0
685,2021-10-20 07:20:08,12850.0,100.0,8673400.0
686,2021-10-20 07:20:08,12850.0,200.0,8673300.0
687,2021-10-20 07:20:08,12850.0,15000.0,8673100.0
688,2021-10-20 07:20:08,12850.0,1000.0,8658100.0
689,2021-10-20 07:20:08,12850.0,100.0,8657100.0
690,2021-10-20 07:20:08,12850.0,2000.0,8657000.0
691,2021-10-20 07:20:08,12850.0,4000.0,8655000.0
692,2021-10-20 07:20:08,12850.0,1000.0,8651000.0
693,2021-10-20 07:20:08,12850.0,5000.0,8650000.0
694,2021-10-20 07:20:08,12850.0,1000.0,8645000.0
695,2021-10-20 07:20:08,12850.0,700.0,8644000.0
696,2021-10-20 07:20:08,12850.0,200.0,8643300.0
697,2021-10-20 07:20:08,12850.0,10000.0,8643100.0
698,2021-10-20 07:20:08,12850.0,100.0,8633100.0
699,2021-10-20 07:20:08,12850.0,1000.0,8633000.0
700,2021-10-20 07:20:08,12900.0,300.0,8632000.0
701,2021-10-20 07:20:07,12850.0,3000.0,8631700.0
702,2021-10-20 07:20:06,12900.0,200.0,8628700.0
703,2021-10-20 07:20:06,12900.0,500.0,8628500.0
704,2021-10-20 07:20:06,12900.0,500.0,8628000.0
705,2021-10-20 07:20:06,12900.0,8800.0,8627500.0
706,2021-10-20 07:20:04,12900.0,700.0,8618700.0
707,2021-10-20 07:20:03,12850.0,2000.0,8618000.0
708,2021-10-20 07:20:03,12850.0,500.0,8616000.0
709,2021-10-20 07:20:03,12850.0,500.0,8615500.0
710,2021-10-20 07:20:02,12850.0,500.0,8615000.0
711,2021-10-20 07:20:01,12850.0,500.0,8614500.0
712,2021-10-20 07:20:01,12850.0,500.0,8614000.0
713,2021-10-20 07:20:01,12850.0,100.0,8613500.0
714,2021-10-20 07:20:01,12850.0,100.0,8613400.0
715,2021-10-20 07:20:01,12850.0,100.0,8613300.0
716,2021-10-20 07:20:01,12850.0,2100.0,8613200.0
717,2021-10-20 07:19:59,12900.0,17600.0,8611100.0
718,2021-10-20 07:19:59,12900.0,100.0,8593500.0
719,2021-10-20 07:19:59,12900.0,12300.0,8593400.0
720,2021-10-20 07:19:59,12850.0,17900.0,8581100.0
721,2021-10-20 07:19:59,12850.0,100.0,8563200.0
722,2021-10-20 07:19:59,12850.0,1000.0,8563100.0
723,2021-10-20 07:19:59,12850.0,3000.0,8562100.0
724,2021-10-20 07:19:59,12850.0,100.0,8559100.0
725,2021-10-20 07:19:59,12850.0,7500.0,8559000.0
726,2021-10-20 07:19:58,12850.0,500.0,8551500.0
727,2021-10-20 07:19:55,12900.0,2000.0,8551000.0
728,2021-10-20 07:19:55,12900.0,1000.0,8549000.0
729,2021-10-20 07:19:53,12850.0,3000.0,8548000.0
730,2021-10-20 07:19:53,12850.0,11000.0,8545000.0
731,2021-10-20 07:19:53,12850.0,2000.0,8534000.0
732,2021-10-20 07:19:53,12900.0,2000.0,8532000.0
733,2021-10-20 07:19:51,12850.0,500.0,8530000.0
734,2021-10-20 07:19:51,12850.0,2000.0,8529500.0
735,2021-10-20 07:19:49,12850.0,1000.0,8527500.0
736,2021-10-20 07:19:46,12900.0,5000.0,8526500.0
737,2021-10-20 07:19:45,12850.0,500.0,8521500.0
738,2021-10-20 07:19:45,12850.0,200.0,8521000.0
739,2021-10-20 07:19:44,12850.0,400.0,8520800.0
740,2021-10-20 07:19:43,12850.0,2000.0,8520400.0
741,2021-10-20 07:19:43,12850.0,9000.0,8518400.0
742,2021-10-20 07:19:42,12900.0,200.0,8509400.0
743,2021-10-20 07:19:42,12850.0,1300.0,8509200.0
744,2021-10-20 07:19:40,12850.0,100.0,8507900.0
745,2021-10-20 07:19:39,12900.0,2000.0,8507800.0
746,2021-10-20 07:19:38,12900.0,5000.0,8505800.0
747,2021-10-20 07:19:36,12850.0,5000.0,8500800.0
748,2021-10-20 07:19:36,12850.0,100.0,8495800.0
749,2021-10-20 07:19:34,12850.0,2000.0,8495700.0
750,2021-10-20 07:19:32,12850.0,1900.0,8493700.0
751,2021-10-20 07:19:32,12850.0,100.0,8491800.0
752,2021-10-20 07:19:30,12900.0,200.0,8491700.0
753,2021-10-20 07:19:27,12850.0,100.0,8491500.0
754,2021-10-20 07:19:27,12850.0,2000.0,8491400.0
755,2021-10-20 07:19:27,12850.0,1700.0,8489400.0
756,2021-10-20 07:19:26,12850.0,300.0,8487700.0
757,2021-10-20 07:19:26,12850.0,1000.0,8487400.0
758,2021-10-20 07:19:26,12850.0,600.0,8486400.0
759,2021-10-20 07:19:26,12850.0,8100.0,8485800.0
760,2021-10-20 07:19:24,12900.0,6300.0,8477700.0
761,2021-10-20 07:19:24,12900.0,3700.0,8471400.0
762,2021-10-20 07:19:21,12850.0,1000.0,8467700.0
763,2021-10-20 07:19:20,12900.0,200.0,8466700.0
764,2021-10-20 07:19:18,12900.0,1000.0,8466500.0
765,2021-10-20 07:19:14,12900.0,100.0,8465500.0
766,2021-10-20 07:19:13,12900.0,1000.0,8465400.0
767,2021-10-20 07:19:11,12900.0,200.0,8464400.0
768,2021-10-20 07:19:10,12850.0,900.0,8464200.0
769,2021-10-20 07:19:10,12900.0,2000.0,8463300.0
770,2021-10-20 07:19:10,12900.0,100.0,8461300.0
771,2021-10-20 07:19:10,12900.0,200.0,8461200.0
772,2021-10-20 07:19:10,12900.0,100.0,8461000.0
773,2021-10-20 07:19:10,12900.0,1700.0,8460900.0
774,2021-10-20 07:19:09,12900.0,300.0,8459200.0
775,2021-10-20 07:19:09,12900.0,100.0,8458900.0
776,2021-10-20 07:19:09,12900.0,100.0,8458800.0
777,2021-10-20 07:19:09,12900.0,1000.0,8458700.0
778,2021-10-20 07:19:09,12900.0,3000.0,8457700.0
779,2021-10-20 07:19:09,12900.0,400.0,8454700.0
780,2021-10-20 07:19:09,12900.0,1200.0,8454300.0
781,2021-10-20 07:19:09,12900.0,500.0,8453100.0
782,2021-10-20 07:19:09,12900.0,5400.0,8452600.0
783,2021-10-20 07:19:07,12900.0,1000.0,8447200.0
784,2021-10-20 07:19:07,12900.0,3600.0,8446200.0
785,2021-10-20 07:19:07,12900.0,500.0,8442600.0
786,2021-10-20 07:19:07,12900.0,500.0,8442100.0
787,2021-10-20 07:19:07,12900.0,300.0,8441600.0
788,2021-10-20 07:19:07,12900.0,200.0,8441300.0
789,2021-10-20 07:19:07,12900.0,3000.0,8441100.0
790,2021-10-20 07:19:07,12900.0,500.0,8438100.0
791,2021-10-20 07:19:07,12900.0,21400.0,8437600.0
792,2021-10-20 07:19:04,12900.0,5500.0,8416200.0
793,2021-10-20 07:19:03,12900.0,1500.0,8410700.0
794,2021-10-20 07:19:02,12950.0,1000.0,8409200.0
795,2021-10-20 07:19:01,12900.0,2000.0,8408200.0
796,2021-10-20 07:18:59,12900.0,19600.0,8406200.0
797,2021-10-20 07:18:59,12900.0,100.0,8386600.0
798,2021-10-20 07:18:59,12900.0,200.0,8386500.0
799,2021-10-20 07:18:59,12900.0,1000.0,8386300.0
800,2021-10-20 07:18:59,12900.0,500.0,8385300.0
801,2021-10-20 07:18:59,12900.0,1000.0,8384800.0
802,2021-10-20 07:18:59,12900.0,800.0,8383800.0
803,2021-10-20 07:18:59,12900.0,2400.0,8383000.0
804,2021-10-20 07:18:59,12900.0,100.0,8380600.0
805,2021-10-20 07:18:59,12900.0,1000.0,8380500.0
806,2021-10-20 07:18:59,12900.0,300.0,8379500.0
807,2021-10-20 07:18:58,12900.0,2000.0,8379200.0
808,2021-10-20 07:18:58,12900.0,200.0,8377200.0
809,2021-10-20 07:18:58,12900.0,800.0,8377000.0
810,2021-10-20 07:18:58,12900.0,1000.0,8376200.0
811,2021-10-20 07:18:58,12900.0,500.0,8375200.0
812,2021-10-20 07:18:58,12900.0,500.0,8374700.0
813,2021-10-20 07:18:58,12900.0,100.0,8374200.0
814,2021-10-20 07:18:58,12900.0,100.0,8374100.0
815,2021-10-20 07:18:58,12900.0,2000.0,8374000.0
816,2021-10-20 07:18:58,12900.0,2000.0,8372000.0
817,2021-10-20 07:18:58,12900.0,500.0,8370000.0
818,2021-10-20 07:18:58,12900.0,200.0,8369500.0
819,2021-10-20 07:18:58,12900.0,10000.0,8369300.0
820,2021-10-20 07:18:58,12900.0,100.0,8359300.0
821,2021-10-20 07:18:58,12950.0,1000.0,8359200.0
822,2021-10-20 07:18:58,12950.0,1000.0,8358200.0
823,2021-10-20 07:18:49,12900.0,400.0,8357200.0
824,2021-10-20 07:18:45,12900.0,100.0,8356800.0
825,2021-10-20 07:18:44,12950.0,1000.0,8356700.0
826,2021-10-20 07:18:44,12950.0,3000.0,8355700.0
827,2021-10-20 07:18:44,12950.0,3000.0,8352700.0
828,2021-10-20 07:18:44,12950.0,2000.0,8349700.0
829,2021-10-20 07:18:44,12950.0,700.0,8347700.0
830,2021-10-20 07:18:44,12950.0,500.0,8347000.0
831,2021-10-20 07:18:41,12950.0,700.0,8346500.0
832,2021-10-20 07:18:40,12950.0,2700.0,8345800.0
833,2021-10-20 07:18:39,13000.0,1000.0,8343100.0
834,2021-10-20 07:18:38,13000.0,200.0,8342100.0
835,2021-10-20 07:18:37,12950.0,3400.0,8341900.0
836,2021-10-20 07:18:37,12950.0,900.0,8338500.0
837,2021-10-20 07:18:37,12950.0,8000.0,8337600.0
838,2021-10-20 07:18:37,12950.0,5000.0,8329600.0
839,2021-10-20 07:18:37,12950.0,500.0,8324600.0
840,2021-10-20 07:18:37,12950.0,100.0,8324100.0
841,2021-10-20 07:18:37,12950.0,100.0,8324000.0
842,2021-10-20 07:18:37,12950.0,2000.0,8323900.0
843,2021-10-20 07:18:35,12950.0,3000.0,8321900.0
844,2021-10-20 07:18:34,12950.0,1000.0,8318900.0
845,2021-10-20 07:18:33,12950.0,5000.0,8317900.0
846,2021-10-20 07:18:32,12950.0,1900.0,8312900.0
847,2021-10-20 07:18:28,12950.0,19100.0,8311000.0
848,2021-10-20 07:18:28,12950.0,100.0,8291900.0
849,2021-10-20 07:18:28,12950.0,1400.0,8291800.0
850,2021-10-20 07:18:28,13000.0,10000.0,8290400.0
851,2021-10-20 07:18:26,12950.0,3600.0,8280400.0
852,2021-10-20 07:18:26,12950.0,100.0,8276800.0
853,2021-10-20 07:18:26,12950.0,36300.0,8276700.0
854,2021-10-20 07:18:24,13000.0,2000.0,8240400.0
855,2021-10-20 07:18:22,12950.0,300.0,8238400.0
856,2021-10-20 07:18:19,12950.0,500.0,8238100.0
857,2021-10-20 07:18:17,13000.0,1000.0,8237600.0
858,2021-10-20 07:18:16,12950.0,2000.0,8236600.0
859,2021-10-20 07:18:16,13000.0,100.0,8234600.0
860,2021-10-20 07:18:15,12950.0,10900.0,8234500.0
861,2021-10-20 07:18:15,12950.0,1000.0,8223600.0
862,2021-10-20 07:18:15,12950.0,400.0,8222600.0
863,2021-10-20 07:18:15,12950.0,200.0,8222200.0
864,2021-10-20 07:18:15,12950.0,200.0,8222000.0
865,2021-10-20 07:18:15,12950.0,100.0,8221800.0
866,2021-10-20 07:18:15,12950.0,3000.0,8221700.0
867,2021-10-20 07:18:15,12950.0,100.0,8218700.0
868,2021-10-20 07:18:15,12950.0,1500.0,8218600.0
869,2021-10-20 07:18:15,12950.0,1000.0,8217100.0
870,2021-10-20 07:18:15,12950.0,400.0,8216100.0
871,2021-10-20 07:18:15,12950.0,6200.0,8215700.0
872,2021-10-20 07:18:15,12950.0,2000.0,8209500.0
873,2021-10-20 07:18:08,12950.0,1000.0,8207500.0
874,2021-10-20 07:18:07,13000.0,100.0,8206500.0
875,2021-10-20 07:18:05,13000.0,500.0,8206400.0
876,2021-10-20 07:18:05,12950.0,800.0,8205900.0
877,2021-10-20 07:18:05,12950.0,100.0,8205100.0
878,2021-10-20 07:18:03,12950.0,1900.0,8205000.0
879,2021-10-20 07:18:03,12950.0,100.0,8203100.0
880,2021-10-20 07:18:03,13000.0,10000.0,8203000.0
881,2021-10-20 07:18:01,13000.0,100.0,8193000.0
882,2021-10-20 07:17:55,13000.0,200.0,8192900.0
883,2021-10-20 07:17:54,13000.0,6200.0,8192700.0
884,2021-10-20 07:17:54,13000.0,2000.0,8186500.0
885,2021-10-20 07:17:54,13000.0,1800.0,8184500.0
886,2021-10-20 07:17:47,13000.0,20000.0,8182700.0
887,2021-10-20 07:17:46,13000.0,1000.0,8162700.0
888,2021-10-20 07:17:46,13000.0,300.0,8161700.0
889,2021-10-20 07:17:44,13000.0,100.0,8161400.0
890,2021-10-20 07:17:44,13000.0,200.0,8161300.0
891,2021-10-20 07:17:44,13000.0,100.0,8161100.0
892,2021-10-20 07:17:44,13000.0,300.0,8161000.0
893,2021-10-20 07:17:44,13000.0,100.0,8160700.0
894,2021-10-20 07:17:44,13000.0,2000.0,8160600.0
895,2021-10-20 07:17:44,13000.0,2000.0,8158600.0
896,2021-10-20 07:17:44,13000.0,10000.0,8156600.0
897,2021-10-20 07:17:44,13000.0,1300.0,8146600.0
898,2021-10-20 07:17:44,13000.0,100.0,8145300.0
899,2021-10-20 07:17:44,13000.0,2000.0,8145200.0
900,2021-10-20 07:17:44,13000.0,10900.0,8143200.0
901,2021-10-20 07:17:44,13000.0,600.0,8132300.0
902,2021-10-20 07:17:44,13000.0,300.0,8131700.0
903,2021-10-20 07:17:44,13000.0,3000.0,8131400.0
904,2021-10-20 07:17:44,13000.0,100.0,8128400.0
905,2021-10-20 07:17:44,13000.0,400.0,8128300.0
906,2021-10-20 07:17:44,13000.0,300.0,8127900.0
907,2021-10-20 07:17:44,13000.0,20000.0,8127600.0
908,2021-10-20 07:17:44,13000.0,300.0,8107600.0
909,2021-10-20 07:17:44,13000.0,200.0,8107300.0
910,2021-10-20 07:17:44,13000.0,1000.0,8107100.0
911,2021-10-20 07:17:44,13000.0,4000.0,8106100.0
912,2021-10-20 07:17:44,13000.0,1000.0,8102100.0
913,2021-10-20 07:17:44,13000.0,1000.0,8101100.0
914,2021-10-20 07:17:44,13000.0,1000.0,8100100.0
915,2021-10-20 07:17:44,13000.0,200.0,8099100.0
916,2021-10-20 07:17:44,13000.0,500.0,8098900.0
917,2021-10-20 07:17:44,13000.0,100.0,8098400.0
918,2021-10-20 07:17:44,13000.0,300.0,8098300.0
919,2021-10-20 07:17:44,13000.0,150000.0,8098000.0
920,2021-10-20 07:17:44,13000.0,200.0,7948000.0
921,2021-10-20 07:17:44,13000.0,100.0,7947800.0
922,2021-10-20 07:17:44,13000.0,100.0,7947700.0
923,2021-10-20 07:17:44,13000.0,500.0,7947600.0
924,2021-10-20 07:17:44,13000.0,300.0,7947100.0
925,2021-10-20 07:17:44,13000.0,100000.0,7946800.0
926,2021-10-20 07:17:44,13000.0,500.0,7846800.0
927,2021-10-20 07:17:44,13000.0,300.0,7846300.0
928,2021-10-20 07:17:44,13000.0,2000.0,7846000.0
929,2021-10-20 07:17:44,13000.0,200.0,7844000.0
930,2021-10-20 07:17:44,13000.0,200.0,7843800.0
931,2021-10-20 07:17:44,13000.0,30000.0,7843600.0
932,2021-10-20 07:17:44,13000.0,1000.0,7813600.0
933,2021-10-20 07:17:44,13000.0,8000.0,7812600.0
934,2021-10-20 07:17:44,13000.0,200.0,7804600.0
935,2021-10-20 07:17:44,13000.0,400.0,7804400.0
936,2021-10-20 07:17:44,13000.0,400.0,7804000.0
937,2021-10-20 07:17:44,13000.0,400.0,7803600.0
938,2021-10-20 07:17:44,13000.0,1000.0,7803200.0
939,2021-10-20 07:17:44,13000.0,500.0,7802200.0
940,2021-10-20 07:17:44,13000.0,100.0,7801700.0
941,2021-10-20 07:17:44,13000.0,300.0,7801600.0
942,2021-10-20 07:17:44,13000.0,100.0,7801300.0
943,2021-10-20 07:17:44,13000.0,2000.0,7801200.0
944,2021-10-20 07:17:44,13000.0,100.0,7799200.0
945,2021-10-20 07:17:44,13000.0,200.0,7799100.0
946,2021-10-20 07:17:44,13000.0,5000.0,7798900.0
947,2021-10-20 07:17:44,13000.0,200.0,7793900.0
948,2021-10-20 07:17:44,13000.0,2000.0,7793700.0
949,2021-10-20 07:17:44,13000.0,100.0,7791700.0
950,2021-10-20 07:17:44,13000.0,10000.0,7791600.0
951,2021-10-20 07:17:44,13000.0,100.0,7781600.0
952,2021-10-20 07:17:44,13000.0,5000.0,7781500.0
953,2021-10-20 07:17:44,13000.0,200.0,7776500.0
954,2021-10-20 07:17:44,13000.0,1700.0,7776300.0
955,2021-10-20 07:17:44,13000.0,100.0,7774600.0
956,2021-10-20 07:17:44,13000.0,300.0,7774500.0
957,2021-10-20 07:17:44,13000.0,2000.0,7774200.0
958,2021-10-20 07:17:44,13000.0,2000.0,7772200.0
959,2021-10-20 07:17:44,13000.0,100.0,7770200.0
960,2021-10-20 07:17:44,13000.0,1000.0,7770100.0
961,2021-10-20 07:17:44,13000.0,500.0,7769100.0
962,2021-10-20 07:17:44,13000.0,1000.0,7768600.0
963,2021-10-20 07:17:44,13000.0,2600.0,7767600.0
964,2021-10-20 07:17:44,13000.0,900.0,7765000.0
965,2021-10-20 07:17:44,13000.0,300.0,7764100.0
966,2021-10-20 07:17:44,13000.0,1000.0,7763800.0
967,2021-10-20 07:17:44,13000.0,1000.0,7762800.0
968,2021-10-20 07:17:44,13000.0,5000.0,7761800.0
969,2021-10-20 07:17:44,13000.0,100.0,7756800.0
970,2021-10-20 07:17:44,13000.0,500.0,7756700.0
971,2021-10-20 07:17:44,13000.0,1000.0,7756200.0
972,2021-10-20 07:17:44,13000.0,2000.0,7755200.0
973,2021-10-20 07:17:44,13000.0,1000.0,7753200.0
974,2021-10-20 07:17:44,13000.0,500.0,7752200.0
975,2021-10-20 07:17:44,13000.0,10000.0,7751700.0
976,2021-10-20 07:17:44,13000.0,300.0,7741700.0
977,2021-10-20 07:17:44,13000.0,100.0,7741400.0
978,2021-10-20 07:17:44,13000.0,300.0,7741300.0
979,2021-10-20 07:17:44,13000.0,1000.0,7741000.0
980,2021-10-20 07:17:44,13000.0,200.0,7740000.0
981,2021-10-20 07:17:44,13000.0,100.0,7739800.0
982,2021-10-20 07:17:44,13000.0,100.0,7739700.0
983,2021-10-20 07:17:44,13000.0,2000.0,7739600.0
984,2021-10-20 07:17:44,13000.0,5000.0,7737600.0
985,2021-10-20 07:17:44,13000.0,2100.0,7732600.0
986,2021-10-20 07:17:44,13000.0,500.0,7730500.0
987,2021-10-20 07:17:44,13000.0,700.0,7730000.0
988,2021-10-20 07:17:44,13000.0,300.0,7729300.0
989,2021-10-20 07:17:44,13000.0,300.0,7729000.0
990,2021-10-20 07:17:44,13000.0,2000.0,7728700.0
991,2021-10-20 07:17:44,13000.0,1000.0,7726700.0
992,2021-10-20 07:17:44,13000.0,1000.0,7725700.0
993,2021-10-20 07:17:44,13000.0,100.0,7724700.0
994,2021-10-20 07:17:44,13000.0,500.0,7724600.0
995,2021-10-20 07:17:44,13000.0,5000.0,7724100.0
996,2021-10-20 07:17:44,13000.0,4600.0,7719100.0
997,2021-10-20 07:17:44,13000.0,1000.0,7714500.0
998,2021-10-20 07:17:39,13000.0,4400.0,7713500.0
999,2021-10-20 07:17:39,13000.0,100.0,7709100.0
1000,2021-10-20 07:17:39,13000.0,300.0,7709000.0
1001,2021-10-20 07:17:39,13000.0,200.0,7708700.0
1002,2021-10-20 07:17:39,13000.0,3000.0,7708500.0
1003,2021-10-20 07:17:39,13000.0,1000.0,7705500.0
1004,2021-10-20 07:17:38,13000.0,500.0,7704500.0
1005,2021-10-20 07:17:38,13000.0,500.0,7704000.0
1006,2021-10-20 07:17:38,13000.0,4500.0,7703500.0
1007,2021-10-20 07:17:38,13000.0,20500.0,7699000.0
1008,2021-10-20 07:17:38,13000.0,1200.0,7678500.0
1009,2021-10-20 07:17:36,13000.0,3000.0,7677300.0
1010,2021-10-20 07:17:34,13000.0,100.0,7674300.0
1011,2021-10-20 07:17:31,13000.0,5200.0,7674200.0
1012,2021-10-20 07:17:31,13000.0,1000.0,7669000.0
1013,2021-10-20 07:17:31,13000.0,200.0,7668000.0
1014,2021-10-20 07:17:31,13000.0,1000.0,7667800.0
1015,2021-10-20 07:17:31,13000.0,1000.0,7666800.0
1016,2021-10-20 07:17:31,13000.0,16600.0,7665800.0
1017,2021-10-20 07:17:31,13000.0,400.0,7649200.0
1018,2021-10-20 07:17:26,13000.0,600.0,7648800.0
1019,2021-10-20 07:17:21,13000.0,500.0,7648200.0
1020,2021-10-20 07:17:18,13000.0,1900.0,7647700.0
1021,2021-10-20 07:17:18,13000.0,200.0,7645800.0
1022,2021-10-20 07:17:18,13000.0,100.0,7645600.0
1023,2021-10-20 07:17:18,13000.0,300.0,7645500.0
1024,2021-10-20 07:17:18,13000.0,500.0,7645200.0
1025,2021-10-20 07:17:16,13050.0,2000.0,7644700.0
1026,2021-10-20 07:17:14,13000.0,2500.0,7642700.0
1027,2021-10-20 07:17:14,13000.0,500.0,7640200.0
1028,2021-10-20 07:17:13,13000.0,100.0,7639700.0
1029,2021-10-20 07:17:11,13000.0,400.0,7639600.0
1030,2021-10-20 07:17:11,13000.0,100.0,7639200.0
1031,2021-10-20 07:17:11,13000.0,500.0,7639100.0
1032,2021-10-20 07:17:11,13000.0,200.0,7638600.0
1033,2021-10-20 07:17:11,13000.0,6000.0,7638400.0
1034,2021-10-20 07:17:11,13000.0,200.0,7632400.0
1035,2021-10-20 07:17:11,13000.0,1000.0,7632200.0
1036,2021-10-20 07:17:11,13000.0,100.0,7631200.0
1037,2021-10-20 07:17:11,13000.0,300.0,7631100.0
1038,2021-10-20 07:17:11,13000.0,100.0,7630800.0
1039,2021-10-20 07:17:11,13000.0,100000.0,7630700.0
1040,2021-10-20 07:17:11,13000.0,300.0,7530700.0
1041,2021-10-20 07:17:11,13000.0,100.0,7530400.0
1042,2021-10-20 07:17:11,13000.0,100.0,7530300.0
1043,2021-10-20 07:17:11,13000.0,1000.0,7530200.0
1044,2021-10-20 07:17:11,13000.0,200.0,7529200.0
1045,2021-10-20 07:17:11,13000.0,5000.0,7529000.0
1046,2021-10-20 07:17:11,13000.0,200.0,7524000.0
1047,2021-10-20 07:17:11,13000.0,500.0,7523800.0
1048,2021-10-20 07:17:11,13000.0,1000.0,7523300.0
1049,2021-10-20 07:17:11,13000.0,500.0,7522300.0
1050,2021-10-20 07:17:11,13000.0,1000.0,7521800.0
1051,2021-10-20 07:17:11,13000.0,100.0,7520800.0
1052,2021-10-20 07:17:11,13000.0,400.0,7520700.0
1053,2021-10-20 07:17:11,13000.0,2000.0,7520300.0
1054,2021-10-20 07:17:11,13000.0,300.0,7518300.0
1055,2021-10-20 07:17:11,13000.0,500.0,7518000.0
1056,2021-10-20 07:17:11,13000.0,1000.0,7517500.0
1057,2021-10-20 07:17:11,13000.0,500.0,7516500.0
1058,2021-10-20 07:17:11,13000.0,600.0,7516000.0
1059,2021-10-20 07:17:11,13000.0,2200.0,7515400.0
1060,2021-10-20 07:17:11,13000.0,30000.0,7513200.0
1061,2021-10-20 07:17:11,13000.0,200.0,7483200.0
1062,2021-10-20 07:17:11,13000.0,2000.0,7483000.0
1063,2021-10-20 07:17:11,13000.0,1000.0,7481000.0
1064,2021-10-20 07:17:11,13000.0,800.0,7480000.0
1065,2021-10-20 07:17:11,13000.0,500.0,7479200.0
1066,2021-10-20 07:17:11,13000.0,100.0,7478700.0
1067,2021-10-20 07:17:11,13000.0,2000.0,7478600.0
1068,2021-10-20 07:17:11,13000.0,3000.0,7476600.0
1069,2021-10-20 07:17:11,13000.0,1000.0,7473600.0
1070,2021-10-20 07:17:11,13000.0,500.0,7472600.0
1071,2021-10-20 07:17:11,13000.0,300.0,7472100.0
1072,2021-10-20 07:17:11,13000.0,5000.0,7471800.0
1073,2021-10-20 07:17:11,13000.0,200.0,7466800.0
1074,2021-10-20 07:17:11,13000.0,100.0,7466600.0
1075,2021-10-20 07:17:11,13000.0,1000.0,7466500.0
1076,2021-10-20 07:17:11,13000.0,2000.0,7465500.0
1077,2021-10-20 07:17:11,13000.0,1000.0,7463500.0
1078,2021-10-20 07:17:11,13000.0,300.0,7462500.0
1079,2021-10-20 07:17:11,13000.0,10000.0,7462200.0
1080,2021-10-20 07:17:11,13000.0,1000.0,7452200.0
1081,2021-10-20 07:17:11,13000.0,100.0,7451200.0
1082,2021-10-20 07:17:11,13000.0,5000.0,7451100.0
1083,2021-10-20 07:17:11,13000.0,5000.0,7446100.0
1084,2021-10-20 07:17:11,13000.0,1000.0,7441100.0
1085,2021-10-20 07:17:11,13000.0,400.0,7440100.0
1086,2021-10-20 07:17:11,13000.0,100.0,7439700.0
1087,2021-10-20 07:17:04,13050.0,1700.0,7439600.0
1088,2021-10-20 07:17:04,13050.0,3300.0,7437900.0
1089,2021-10-20 07:17:00,13050.0,200.0,7434600.0
1090,2021-10-20 07:16:58,13050.0,200.0,7434400.0
1091,2021-10-20 07:16:58,13050.0,1000.0,7434200.0
1092,2021-10-20 07:16:58,13050.0,300.0,7433200.0
1093,2021-10-20 07:16:58,13050.0,700.0,7432900.0
1094,2021-10-20 07:16:58,13050.0,300.0,7432200.0
1095,2021-10-20 07:16:58,13050.0,2000.0,7431900.0
1096,2021-10-20 07:16:58,13050.0,500.0,7429900.0
1097,2021-10-20 07:16:58,13050.0,1000.0,7429400.0
1098,2021-10-20 07:16:58,13050.0,500.0,7428400.0
1099,2021-10-20 07:16:58,13050.0,1000.0,7427900.0
1100,2021-10-20 07:16:58,13050.0,600.0,7426900.0
1101,2021-10-20 07:16:56,13050.0,2000.0,7426300.0
1102,2021-10-20 07:16:54,13050.0,1700.0,7424300.0
1103,2021-10-20 07:16:53,13050.0,7000.0,7422600.0
1104,2021-10-20 07:16:49,13050.0,5000.0,7415600.0
1105,2021-10-20 07:16:47,13050.0,300.0,7410600.0
1106,2021-10-20 07:16:46,13050.0,2000.0,7410300.0
1107,2021-10-20 07:16:46,13050.0,100.0,7408300.0
1108,2021-10-20 07:16:45,13050.0,100.0,7408200.0
1109,2021-10-20 07:16:44,13050.0,1200.0,7408100.0
1110,2021-10-20 07:16:44,13050.0,100.0,7406900.0
1111,2021-10-20 07:16:44,13050.0,2000.0,7406800.0
1112,2021-10-20 07:16:44,13050.0,200.0,7404800.0
1113,2021-10-20 07:16:44,13050.0,1000.0,7404600.0
1114,2021-10-20 07:16:44,13050.0,5500.0,7403600.0
1115,2021-10-20 07:16:43,13050.0,300.0,7398100.0
1116,2021-10-20 07:16:43,13050.0,100.0,7397800.0
1117,2021-10-20 07:16:43,13050.0,300.0,7397700.0
1118,2021-10-20 07:16:43,13050.0,1000.0,7397400.0
1119,2021-10-20 07:16:43,13050.0,200.0,7396400.0
1120,2021-10-20 07:16:43,13050.0,200.0,7396200.0
1121,2021-10-20 07:16:43,13050.0,900.0,7396000.0
1122,2021-10-20 07:16:42,13050.0,100.0,7395100.0
1123,2021-10-20 07:16:42,13050.0,500.0,7395000.0
1124,2021-10-20 07:16:42,13050.0,100.0,7394500.0
1125,2021-10-20 07:16:42,13050.0,100.0,7394400.0
1126,2021-10-20 07:16:42,13050.0,100.0,7394300.0
1127,2021-10-20 07:16:42,13050.0,100.0,7394200.0
1128,2021-10-20 07:16:42,13050.0,500.0,7394100.0
1129,2021-10-20 07:16:42,13050.0,100.0,7393600.0
1130,2021-10-20 07:16:42,13050.0,3400.0,7393500.0
1131,2021-10-20 07:16:39,13050.0,100.0,7390100.0
1132,2021-10-20 07:16:39,13050.0,1000.0,7390000.0
1133,2021-10-20 07:16:39,13050.0,1000.0,7389000.0
1134,2021-10-20 07:16:39,13050.0,1000.0,7388000.0
1135,2021-10-20 07:16:39,13050.0,400.0,7387000.0
1136,2021-10-20 07:16:39,13050.0,100.0,7386600.0
1137,2021-10-20 07:16:39,13050.0,400.0,7386500.0
1138,2021-10-20 07:16:39,13050.0,600.0,7386100.0
1139,2021-10-20 07:16:39,13050.0,400.0,7385500.0
1140,2021-10-20 07:16:37,13050.0,600.0,7385100.0
1141,2021-10-20 07:16:37,13050.0,300.0,7384500.0
1142,2021-10-20 07:16:37,13050.0,100.0,7384200.0
1143,2021-10-20 07:16:37,13050.0,900.0,7384100.0
1144,2021-10-20 07:16:37,13050.0,1000.0,7383200.0
1145,2021-10-20 07:16:37,13050.0,5000.0,7382200.0
1146,2021-10-20 07:16:37,13050.0,1000.0,7377200.0
1147,2021-10-20 07:16:37,13050.0,100.0,7376200.0
1148,2021-10-20 07:16:37,13050.0,200.0,7376100.0
1149,2021-10-20 07:16:37,13050.0,1000.0,7375900.0
1150,2021-10-20 07:16:37,13050.0,800.0,7374900.0
1151,2021-10-20 07:16:36,13050.0,1000.0,7374100.0
1152,2021-10-20 07:16:36,13050.0,1500.0,7373100.0
1153,2021-10-20 07:16:36,13050.0,6000.0,7371600.0
1154,2021-10-20 07:16:32,13050.0,20700.0,7365600.0
1155,2021-10-20 07:16:32,13050.0,500.0,7344900.0
1156,2021-10-20 07:16:32,13050.0,22800.0,7344400.0
1157,2021-10-20 07:16:28,13050.0,2000.0,7321600.0
1158,2021-10-20 07:16:26,13050.0,1700.0,7319600.0
1159,2021-10-20 07:16:26,13050.0,5000.0,7317900.0
1160,2021-10-20 07:16:26,13050.0,200.0,7312900.0
1161,2021-10-20 07:16:26,13050.0,5000.0,7312700.0
1162,2021-10-20 07:16:25,13050.0,13300.0,7307700.0
1163,2021-10-20 07:16:25,13050.0,100.0,7294400.0
1164,2021-10-20 07:16:25,13050.0,1000.0,7294300.0
1165,2021-10-20 07:16:25,13050.0,500.0,7293300.0
1166,2021-10-20 07:16:25,13050.0,200.0,7292800.0
1167,2021-10-20 07:16:25,13050.0,1000.0,7292600.0
1168,2021-10-20 07:16:25,13050.0,1000.0,7291600.0
1169,2021-10-20 07:16:25,13050.0,5000.0,7290600.0
1170,2021-10-20 07:16:25,13050.0,100.0,7285600.0
1171,2021-10-20 07:16:25,13050.0,1000.0,7285500.0
1172,2021-10-20 07:16:25,13050.0,200.0,7284500.0
1173,2021-10-20 07:16:25,13050.0,100.0,7284300.0
1174,2021-10-20 07:16:25,13050.0,1000.0,7284200.0
1175,2021-10-20 07:16:25,13050.0,700.0,7283200.0
1176,2021-10-20 07:16:25,13050.0,1200.0,7282500.0
1177,2021-10-20 07:16:25,13050.0,100.0,7281300.0
1178,2021-10-20 07:16:25,13050.0,100.0,7281200.0
1179,2021-10-20 07:16:25,13050.0,4000.0,7281100.0
1180,2021-10-20 07:16:25,13050.0,1000.0,7277100.0
1181,2021-10-20 07:16:25,13050.0,200.0,7276100.0
1182,2021-10-20 07:16:25,13050.0,300.0,7275900.0
1183,2021-10-20 07:16:25,13050.0,7900.0,7275600.0
1184,2021-10-20 07:16:24,13050.0,6700.0,7267700.0
1185,2021-10-20 07:16:23,13050.0,200.0,7261000.0
1186,2021-10-20 07:16:22,13050.0,2000.0,7260800.0
1187,2021-10-20 07:16:20,13050.0,500.0,7258800.0
1188,2021-10-20 07:16:19,13050.0,1000.0,7258300.0
1189,2021-10-20 07:16:16,13050.0,50000.0,7257300.0
1190,2021-10-20 07:16:16,13050.0,4000.0,7207300.0
1191,2021-10-20 07:16:14,13050.0,1000.0,7203300.0
1192,2021-10-20 07:16:13,13050.0,1000.0,7202300.0
1193,2021-10-20 07:16:11,13050.0,5000.0,7201300.0
1194,2021-10-20 07:16:08,13050.0,2000.0,7196300.0
1195,2021-10-20 07:16:07,13050.0,5000.0,7194300.0
1196,2021-10-20 07:16:06,13050.0,10000.0,7189300.0
1197,2021-10-20 07:16:04,13050.0,3700.0,7179300.0
1198,2021-10-20 07:16:04,13050.0,46300.0,7175600.0
1199,2021-10-20 07:16:03,13050.0,10000.0,7129300.0
1200,2021-10-20 07:16:02,13050.0,30000.0,7119300.0
1201,2021-10-20 07:16:00,13050.0,1000.0,7089300.0
1202,2021-10-20 07:15:53,13100.0,100.0,7088300.0
1203,2021-10-20 07:15:49,13100.0,1000.0,7088200.0
1204,2021-10-20 07:15:47,13050.0,10000.0,7087200.0
1205,2021-10-20 07:15:41,13100.0,100.0,7077200.0
1206,2021-10-20 07:15:38,13050.0,10000.0,7077100.0
1207,2021-10-20 07:15:33,13050.0,2000.0,7067100.0
1208,2021-10-20 07:15:32,13100.0,8000.0,7065100.0
1209,2021-10-20 07:15:30,13050.0,2000.0,7057100.0
1210,2021-10-20 07:15:29,13050.0,300.0,7055100.0
1211,2021-10-20 07:15:29,13050.0,31000.0,7054800.0
1212,2021-10-20 07:15:28,13050.0,7400.0,7023800.0
1213,2021-10-20 07:15:28,13050.0,1000.0,7016400.0
1214,2021-10-20 07:15:28,13050.0,300.0,7015400.0
1215,2021-10-20 07:15:28,13050.0,1000.0,7015100.0
1216,2021-10-20 07:15:28,13050.0,200.0,7014100.0
1217,2021-10-20 07:15:28,13050.0,300.0,7013900.0
1218,2021-10-20 07:15:28,13050.0,5000.0,7013600.0
1219,2021-10-20 07:15:28,13050.0,200.0,7008600.0
1220,2021-10-20 07:15:28,13050.0,500.0,7008400.0
1221,2021-10-20 07:15:28,13050.0,500.0,7007900.0
1222,2021-10-20 07:15:28,13050.0,2000.0,7007400.0
1223,2021-10-20 07:15:28,13050.0,500.0,7005400.0
1224,2021-10-20 07:15:28,13050.0,3000.0,7004900.0
1225,2021-10-20 07:15:28,13050.0,10000.0,7001900.0
1226,2021-10-20 07:15:28,13050.0,1000.0,6991900.0
1227,2021-10-20 07:15:28,13050.0,2000.0,6990900.0
1228,2021-10-20 07:15:28,13050.0,5100.0,6988900.0
1229,2021-10-20 07:15:24,13100.0,100.0,6983800.0
1230,2021-10-20 07:15:13,13100.0,4500.0,6983700.0
1231,2021-10-20 07:15:12,13050.0,4900.0,6979200.0
1232,2021-10-20 07:15:12,13050.0,100.0,6974300.0
1233,2021-10-20 07:15:09,13100.0,200.0,6974200.0
1234,2021-10-20 07:15:09,13100.0,1000.0,6974000.0
1235,2021-10-20 07:15:09,13100.0,100.0,6973000.0
1236,2021-10-20 07:15:09,13100.0,1000.0,6972900.0
1237,2021-10-20 07:15:09,13100.0,100.0,6971900.0
1238,2021-10-20 07:15:09,13100.0,7900.0,6971800.0
1239,2021-10-20 07:15:09,13100.0,20000.0,6963900.0
1240,2021-10-20 07:15:09,13100.0,1000.0,6943900.0
1241,2021-10-20 07:15:09,13100.0,100.0,6942900.0
1242,2021-10-20 07:15:09,13100.0,2000.0,6942800.0
1243,2021-10-20 07:15:09,13100.0,300.0,6940800.0
1244,2021-10-20 07:15:09,13100.0,500.0,6940500.0
1245,2021-10-20 07:15:09,13100.0,1000.0,6940000.0
1246,2021-10-20 07:15:09,13100.0,1000.0,6939000.0
1247,2021-10-20 07:15:09,13100.0,100.0,6938000.0
1248,2021-10-20 07:15:09,13100.0,100.0,6937900.0
1249,2021-10-20 07:15:09,13100.0,20000.0,6937800.0
1250,2021-10-20 07:15:09,13100.0,500.0,6917800.0
1251,2021-10-20 07:15:09,13100.0,600.0,6917300.0
1252,2021-10-20 07:15:09,13100.0,1000.0,6916700.0
1253,2021-10-20 07:15:09,13100.0,10000.0,6915700.0
1254,2021-10-20 07:15:09,13100.0,3000.0,6905700.0
1255,2021-10-20 07:15:09,13100.0,10000.0,6902700.0
1256,2021-10-20 07:15:09,13100.0,800.0,6892700.0
1257,2021-10-20 07:15:09,13100.0,500.0,6891900.0
1258,2021-10-20 07:15:09,13100.0,300.0,6891400.0
1259,2021-10-20 07:15:09,13100.0,1000.0,6891100.0
1260,2021-10-20 07:15:09,13100.0,300.0,6890100.0
1261,2021-10-20 07:15:09,13100.0,500.0,6889800.0
1262,2021-10-20 07:15:09,13100.0,100.0,6889300.0
1263,2021-10-20 07:15:09,13100.0,300.0,6889200.0
1264,2021-10-20 07:15:09,13100.0,200.0,6888900.0
1265,2021-10-20 07:15:09,13100.0,200.0,6888700.0
1266,2021-10-20 07:15:09,13100.0,200.0,6888500.0
1267,2021-10-20 07:15:09,13100.0,300.0,6888300.0
1268,2021-10-20 07:15:09,13100.0,1000.0,6888000.0
1269,2021-10-20 07:15:09,13100.0,100.0,6887000.0
1270,2021-10-20 07:15:09,13100.0,1000.0,6886900.0
1271,2021-10-20 07:15:09,13100.0,200.0,6885900.0
1272,2021-10-20 07:15:09,13100.0,100.0,6885700.0
1273,2021-10-20 07:15:09,13100.0,100.0,6885600.0
1274,2021-10-20 07:15:09,13100.0,500.0,6885500.0
1275,2021-10-20 07:15:09,13100.0,2000.0,6885000.0
1276,2021-10-20 07:15:09,13100.0,100.0,6883000.0
1277,2021-10-20 07:15:09,13100.0,200.0,6882900.0
1278,2021-10-20 07:15:09,13100.0,100.0,6882700.0
1279,2021-10-20 07:15:09,13100.0,500.0,6882600.0
1280,2021-10-20 07:15:09,13100.0,1000.0,6882100.0
1281,2021-10-20 07:15:09,13100.0,1000.0,6881100.0
1282,2021-10-20 07:15:09,13100.0,500.0,6880100.0
1283,2021-10-20 07:15:09,13100.0,2000.0,6879600.0
1284,2021-10-20 07:15:09,13100.0,200.0,6877600.0
1285,2021-10-20 07:15:09,13100.0,100.0,6877400.0
1286,2021-10-20 07:15:09,13100.0,500.0,6877300.0
1287,2021-10-20 07:15:09,13100.0,100.0,6876800.0
1288,2021-10-20 07:15:09,13100.0,200.0,6876700.0
1289,2021-10-20 07:15:09,13100.0,7000.0,6876500.0
1290,2021-10-20 07:15:09,13100.0,100.0,6869500.0
1291,2021-10-20 07:15:09,13100.0,100.0,6869400.0
1292,2021-10-20 07:15:09,13100.0,2000.0,6869300.0
1293,2021-10-20 07:15:09,13100.0,500.0,6867300.0
1294,2021-10-20 07:15:09,13100.0,500.0,6866800.0
1295,2021-10-20 07:15:09,13100.0,500.0,6866300.0
1296,2021-10-20 07:15:09,13100.0,3000.0,6865800.0
1297,2021-10-20 07:15:09,13100.0,300.0,6862800.0
1298,2021-10-20 07:15:09,13100.0,100.0,6862500.0
1299,2021-10-20 07:15:09,13100.0,2000.0,6862400.0
1300,2021-10-20 07:15:09,13100.0,1000.0,6860400.0
1301,2021-10-20 07:15:09,13100.0,1000.0,6859400.0
1302,2021-10-20 07:15:09,13100.0,100.0,6858400.0
1303,2021-10-20 07:15:09,13100.0,10000.0,6858300.0
1304,2021-10-20 07:15:09,13100.0,4000.0,6848300.0
1305,2021-10-20 07:15:09,13100.0,600.0,6844300.0
1306,2021-10-20 07:15:09,13100.0,1000.0,6843700.0
1307,2021-10-20 07:15:09,13100.0,2100.0,6842700.0
1308,2021-10-20 07:15:09,13100.0,2000.0,6840600.0
1309,2021-10-20 07:15:09,13100.0,100.0,6838600.0
1310,2021-10-20 07:15:09,13100.0,100.0,6838500.0
1311,2021-10-20 07:15:09,13100.0,1000.0,6838400.0
1312,2021-10-20 07:15:09,13100.0,100.0,6837400.0
1313,2021-10-20 07:15:09,13100.0,1000.0,6837300.0
1314,2021-10-20 07:15:09,13100.0,1000.0,6836300.0
1315,2021-10-20 07:15:09,13100.0,1000.0,6835300.0
1316,2021-10-20 07:15:09,13100.0,500.0,6834300.0
1317,2021-10-20 07:15:09,13100.0,100.0,6833800.0
1318,2021-10-20 07:15:09,13100.0,500.0,6833700.0
1319,2021-10-20 07:15:09,13100.0,500.0,6833200.0
1320,2021-10-20 07:15:09,13100.0,800.0,6832700.0
1321,2021-10-20 07:15:09,13100.0,1000.0,6831900.0
1322,2021-10-20 07:15:09,13100.0,500.0,6830900.0
1323,2021-10-20 07:15:09,13100.0,1000.0,6830400.0
1324,2021-10-20 07:15:09,13100.0,100.0,6829400.0
1325,2021-10-20 07:15:09,13100.0,500.0,6829300.0
1326,2021-10-20 07:15:09,13100.0,100.0,6828800.0
1327,2021-10-20 07:15:09,13100.0,200.0,6828700.0
1328,2021-10-20 07:15:09,13100.0,500.0,6828500.0
1329,2021-10-20 07:15:09,13100.0,1000.0,6828000.0
1330,2021-10-20 07:15:09,13100.0,1000.0,6827000.0
1331,2021-10-20 07:15:09,13100.0,100.0,6826000.0
1332,2021-10-20 07:15:09,13100.0,500.0,6825900.0
1333,2021-10-20 07:15:09,13100.0,100.0,6825400.0
1334,2021-10-20 07:15:09,13100.0,500.0,6825300.0
1335,2021-10-20 07:15:09,13100.0,100.0,6824800.0
1336,2021-10-20 07:15:09,13100.0,100.0,6824700.0
1337,2021-10-20 07:15:09,13100.0,100000.0,6824600.0
1338,2021-10-20 07:15:09,13100.0,2000.0,6724600.0
1339,2021-10-20 07:15:09,13100.0,2000.0,6722600.0
1340,2021-10-20 07:15:09,13100.0,200.0,6720600.0
1341,2021-10-20 07:15:09,13100.0,100.0,6720400.0
1342,2021-10-20 07:15:09,13100.0,500.0,6720300.0
1343,2021-10-20 07:15:09,13100.0,200.0,6719800.0
1344,2021-10-20 07:15:09,13100.0,100.0,6719600.0
1345,2021-10-20 07:15:09,13100.0,100.0,6719500.0
1346,2021-10-20 07:15:09,13100.0,800.0,6719400.0
1347,2021-10-20 07:15:09,13100.0,500.0,6718600.0
1348,2021-10-20 07:15:09,13100.0,1000.0,6718100.0
1349,2021-10-20 07:15:09,13100.0,1000.0,6717100.0
1350,2021-10-20 07:15:09,13100.0,100.0,6716100.0
1351,2021-10-20 07:15:09,13100.0,500.0,6716000.0
1352,2021-10-20 07:15:09,13100.0,500.0,6715500.0
1353,2021-10-20 07:15:09,13100.0,800.0,6715000.0
1354,2021-10-20 07:15:09,13100.0,200.0,6714200.0
1355,2021-10-20 07:15:09,13100.0,2000.0,6714000.0
1356,2021-10-20 07:15:09,13100.0,500.0,6712000.0
1357,2021-10-20 07:15:09,13100.0,500.0,6711500.0
1358,2021-10-20 07:15:09,13100.0,2000.0,6711000.0
1359,2021-10-20 07:15:09,13100.0,5800.0,6709000.0
1360,2021-10-20 07:15:09,13100.0,600.0,6703200.0
1361,2021-10-20 07:15:09,13100.0,200.0,6702600.0
1362,2021-10-20 07:15:09,13100.0,200.0,6702400.0
1363,2021-10-20 07:15:09,13100.0,1000.0,6702200.0
1364,2021-10-20 07:15:09,13100.0,1000.0,6701200.0
1365,2021-10-20 07:15:09,13100.0,200.0,6700200.0
1366,2021-10-20 07:15:09,13100.0,10000.0,6700000.0
1367,2021-10-20 07:15:09,13100.0,200.0,6690000.0
1368,2021-10-20 07:15:09,13100.0,500.0,6689800.0
1369,2021-10-20 07:15:09,13100.0,5000.0,6689300.0
1370,2021-10-20 07:15:09,13100.0,400.0,6684300.0
1371,2021-10-20 07:15:09,13100.0,3000.0,6683900.0
1372,2021-10-20 07:15:09,13100.0,2000.0,6680900.0
1373,2021-10-20 07:15:09,13100.0,1000.0,6678900.0
1374,2021-10-20 07:15:09,13100.0,500.0,6677900.0
1375,2021-10-20 07:15:09,13100.0,100.0,6677400.0
1376,2021-10-20 07:15:09,13100.0,600.0,6677300.0
1377,2021-10-20 07:15:08,13100.0,400.0,6676700.0
1378,2021-10-20 07:15:08,13100.0,100.0,6676300.0
1379,2021-10-20 07:15:08,13100.0,100.0,6676200.0
1380,2021-10-20 07:15:08,13100.0,100.0,6676100.0
1381,2021-10-20 07:15:08,13100.0,300.0,6676000.0
1382,2021-10-20 07:15:08,13100.0,200.0,6675700.0
1383,2021-10-20 07:15:08,13100.0,1100.0,6675500.0
1384,2021-10-20 07:15:08,13100.0,500.0,6674400.0
1385,2021-10-20 07:15:08,13100.0,100.0,6673900.0
1386,2021-10-20 07:15:08,13100.0,2000.0,6673800.0
1387,2021-10-20 07:15:08,13100.0,100.0,6671800.0
1388,2021-10-20 07:15:08,13100.0,100.0,6671700.0
1389,2021-10-20 07:15:08,13100.0,100.0,6671600.0
1390,2021-10-20 07:15:08,13100.0,3000.0,6671500.0
1391,2021-10-20 07:15:08,13100.0,5000.0,6668500.0
1392,2021-10-20 07:15:08,13100.0,1000.0,6663500.0
1393,2021-10-20 07:15:08,13100.0,1000.0,6662500.0
1394,2021-10-20 07:15:08,13100.0,1000.0,6661500.0
1395,2021-10-20 07:15:08,13100.0,2000.0,6660500.0
1396,2021-10-20 07:15:08,13100.0,100.0,6658500.0
1397,2021-10-20 07:15:08,13100.0,100.0,6658400.0
1398,2021-10-20 07:15:08,13100.0,1000.0,6658300.0
1399,2021-10-20 07:15:08,13100.0,200.0,6657300.0
1400,2021-10-20 07:15:08,13100.0,1000.0,6657100.0
1401,2021-10-20 07:15:08,13100.0,1000.0,6656100.0
1402,2021-10-20 07:15:08,13100.0,500.0,6655100.0
1403,2021-10-20 07:15:08,13100.0,200.0,6654600.0
1404,2021-10-20 07:15:08,13100.0,500.0,6654400.0
1405,2021-10-20 07:15:08,13100.0,200.0,6653900.0
1406,2021-10-20 07:15:08,13100.0,100.0,6653700.0
1407,2021-10-20 07:15:08,13100.0,600.0,6653600.0
1408,2021-10-20 07:15:08,13100.0,2000.0,6653000.0
1409,2021-10-20 07:15:08,13100.0,5000.0,6651000.0
1410,2021-10-20 07:15:08,13100.0,1200.0,6646000.0
1411,2021-10-20 07:15:08,13100.0,100.0,6644800.0
1412,2021-10-20 07:15:08,13100.0,100.0,6644700.0
1413,2021-10-20 07:15:08,13100.0,500.0,6644600.0
1414,2021-10-20 07:15:08,13100.0,500.0,6644100.0
1415,2021-10-20 07:15:08,13100.0,200.0,6643600.0
1416,2021-10-20 07:15:08,13100.0,11700.0,6643400.0
1417,2021-10-20 07:15:02,13100.0,38300.0,6631700.0
1418,2021-10-20 07:15:02,13100.0,500.0,6593400.0
1419,2021-10-20 07:15:02,13100.0,5200.0,6592900.0
1420,2021-10-20 07:15:01,13150.0,20000.0,6587700.0
1421,2021-10-20 07:14:57,13100.0,1000.0,6567700.0
1422,2021-10-20 07:14:54,13100.0,400.0,6566700.0
1423,2021-10-20 07:14:50,13100.0,2000.0,6566300.0
1424,2021-10-20 07:14:45,13100.0,1400.0,6564300.0
1425,2021-10-20 07:14:45,13100.0,100.0,6562900.0
1426,2021-10-20 07:14:45,13100.0,100.0,6562800.0
1427,2021-10-20 07:14:45,13100.0,1000.0,6562700.0
1428,2021-10-20 07:14:41,13100.0,400.0,6561700.0
1429,2021-10-20 07:14:41,13100.0,100.0,6561300.0
1430,2021-10-20 07:14:41,13100.0,500.0,6561200.0
1431,2021-10-20 07:14:41,13100.0,500.0,6560700.0
1432,2021-10-20 07:14:41,13100.0,3000.0,6560200.0
1433,2021-10-20 07:14:41,13100.0,15000.0,6557200.0
1434,2021-10-20 07:14:41,13100.0,500.0,6542200.0
1435,2021-10-20 07:14:30,13100.0,100.0,6541700.0
1436,2021-10-20 07:14:30,13100.0,100.0,6541600.0
1437,2021-10-20 07:14:30,13100.0,100.0,6541500.0
1438,2021-10-20 07:14:30,13100.0,200.0,6541400.0
1439,2021-10-20 07:14:30,13150.0,500.0,6541200.0
1440,2021-10-20 07:14:28,13100.0,800.0,6540700.0
1441,2021-10-20 07:14:28,13100.0,100.0,6539900.0
1442,2021-10-20 07:14:28,13100.0,100.0,6539800.0
1443,2021-10-20 07:14:14,13150.0,500.0,6539700.0
1444,2021-10-20 07:14:08,13150.0,100.0,6539200.0
1445,2021-10-20 07:14:01,13150.0,1000.0,6539100.0
1446,2021-10-20 07:13:43,13150.0,1400.0,6538100.0
1447,2021-10-20 07:13:42,13150.0,5000.0,6536700.0
1448,2021-10-20 07:13:42,13150.0,500.0,6531700.0
1449,2021-10-20 07:13:42,13150.0,200.0,6531200.0
1450,2021-10-20 07:13:42,13150.0,1000.0,6531000.0
1451,2021-10-20 07:13:42,13150.0,1000.0,6530000.0
1452,2021-10-20 07:13:42,13150.0,200.0,6529000.0
1453,2021-10-20 07:13:42,13150.0,500.0,6528800.0
1454,2021-10-20 07:13:42,13150.0,300.0,6528300.0
1455,2021-10-20 07:13:42,13150.0,500.0,6528000.0
1456,2021-10-20 07:13:42,13150.0,1000.0,6527500.0
1457,2021-10-20 07:13:42,13150.0,48200.0,6526500.0
1458,2021-10-20 07:13:40,13150.0,1800.0,6478300.0
1459,2021-10-20 07:13:40,13150.0,300.0,6476500.0
1460,2021-10-20 07:13:40,13150.0,300.0,6476200.0
1461,2021-10-20 07:13:40,13150.0,500.0,6475900.0
1462,2021-10-20 07:13:40,13150.0,300.0,6475400.0
1463,2021-10-20 07:13:40,13150.0,100.0,6475100.0
1464,2021-10-20 07:13:40,13150.0,1000.0,6475000.0
1465,2021-10-20 07:13:40,13150.0,200.0,6474000.0
1466,2021-10-20 07:13:40,13150.0,10000.0,6473800.0
1467,2021-10-20 07:13:40,13150.0,1000.0,6463800.0
1468,2021-10-20 07:13:40,13150.0,2000.0,6462800.0
1469,2021-10-20 07:13:40,13150.0,500.0,6460800.0
1470,2021-10-20 07:13:40,13150.0,100.0,6460300.0
1471,2021-10-20 07:13:40,13150.0,500.0,6460200.0
1472,2021-10-20 07:13:40,13150.0,500.0,6459700.0
1473,2021-10-20 07:13:40,13150.0,20900.0,6459200.0
1474,2021-10-20 07:13:39,13150.0,2000.0,6438300.0
1475,2021-10-20 07:13:39,13150.0,5000.0,6436300.0
1476,2021-10-20 07:13:36,13150.0,10100.0,6431300.0
1477,2021-10-20 07:13:33,13150.0,12000.0,6421200.0
1478,2021-10-20 07:13:33,13150.0,100.0,6409200.0
1479,2021-10-20 07:13:33,13150.0,500.0,6409100.0
1480,2021-10-20 07:13:33,13150.0,200.0,6408600.0
1481,2021-10-20 07:13:33,13150.0,900.0,6408400.0
1482,2021-10-20 07:13:33,13150.0,200.0,6407500.0
1483,2021-10-20 07:13:33,13150.0,300.0,6407300.0
1484,2021-10-20 07:13:33,13150.0,100.0,6407000.0
1485,2021-10-20 07:13:33,13150.0,100.0,6406900.0
1486,2021-10-20 07:13:33,13150.0,1700.0,6406800.0
1487,2021-10-20 07:13:33,13150.0,500.0,6405100.0
1488,2021-10-20 07:13:33,13150.0,500.0,6404600.0
1489,2021-10-20 07:13:33,13150.0,2000.0,6404100.0
1490,2021-10-20 07:13:33,13150.0,4000.0,6402100.0
1491,2021-10-20 07:13:33,13150.0,100.0,6398100.0
1492,2021-10-20 07:13:33,13150.0,200.0,6398000.0
1493,2021-10-20 07:13:33,13150.0,500.0,6397800.0
1494,2021-10-20 07:13:33,13150.0,6800.0,6397300.0
1495,2021-10-20 07:13:33,13150.0,200.0,6390500.0
1496,2021-10-20 07:13:33,13150.0,500.0,6390300.0
1497,2021-10-20 07:13:33,13150.0,600.0,6389800.0
1498,2021-10-20 07:13:33,13150.0,4000.0,6389200.0
1499,2021-10-20 07:13:33,13150.0,1000.0,6385200.0
1500,2021-10-20 07:13:33,13150.0,1000.0,6384200.0
1501,2021-10-20 07:13:33,13150.0,800.0,6383200.0
1502,2021-10-20 07:13:33,13150.0,300.0,6382400.0
1503,2021-10-20 07:13:33,13150.0,3000.0,6382100.0
1504,2021-10-20 07:13:33,13150.0,200.0,6379100.0
1505,2021-10-20 07:13:33,13150.0,200.0,6378900.0
1506,2021-10-20 07:13:33,13150.0,500.0,6378700.0
1507,2021-10-20 07:13:33,13150.0,1000.0,6378200.0
1508,2021-10-20 07:13:33,13150.0,300.0,6377200.0
1509,2021-10-20 07:13:33,13150.0,500.0,6376900.0
1510,2021-10-20 07:13:33,13150.0,1000.0,6376400.0
1511,2021-10-20 07:13:33,13150.0,1000.0,6375400.0
1512,2021-10-20 07:13:33,13150.0,3000.0,6374400.0
1513,2021-10-20 07:13:33,13150.0,200.0,6371400.0
1514,2021-10-20 07:13:31,13150.0,1800.0,6371200.0
1515,2021-10-20 07:13:31,13150.0,100.0,6369400.0
1516,2021-10-20 07:13:31,13150.0,200.0,6369300.0
1517,2021-10-20 07:13:31,13150.0,1000.0,6369100.0
1518,2021-10-20 07:13:31,13150.0,200.0,6368100.0
1519,2021-10-20 07:13:31,13150.0,5000.0,6367900.0
1520,2021-10-20 07:13:31,13150.0,1500.0,6362900.0
1521,2021-10-20 07:13:31,13150.0,100.0,6361400.0
1522,2021-10-20 07:13:31,13150.0,300.0,6361300.0
1523,2021-10-20 07:13:31,13150.0,2000.0,6361000.0
1524,2021-10-20 07:13:31,13150.0,500.0,6359000.0
1525,2021-10-20 07:13:31,13150.0,100.0,6358500.0
1526,2021-10-20 07:13:31,13150.0,200.0,6358400.0
1527,2021-10-20 07:13:31,13150.0,100.0,6358200.0
1528,2021-10-20 07:13:31,13150.0,2000.0,6358100.0
1529,2021-10-20 07:13:31,13150.0,200.0,6356100.0
1530,2021-10-20 07:13:31,13150.0,900.0,6355900.0
1531,2021-10-20 07:13:31,13150.0,200.0,6355000.0
1532,2021-10-20 07:13:31,13150.0,300.0,6354800.0
1533,2021-10-20 07:13:31,13150.0,200.0,6354500.0
1534,2021-10-20 07:13:31,13150.0,1000.0,6354300.0
1535,2021-10-20 07:13:31,13150.0,100.0,6353300.0
1536,2021-10-20 07:13:31,13150.0,5000.0,6353200.0
1537,2021-10-20 07:13:31,13150.0,10000.0,6348200.0
1538,2021-10-20 07:13:31,13150.0,100.0,6338200.0
1539,2021-10-20 07:13:31,13150.0,200.0,6338100.0
1540,2021-10-20 07:13:31,13150.0,6700.0,6337900.0
1541,2021-10-20 07:13:30,13150.0,300.0,6331200.0
1542,2021-10-20 07:13:30,13150.0,100.0,6330900.0
1543,2021-10-20 07:13:30,13150.0,1300.0,6330800.0
1544,2021-10-20 07:13:30,13150.0,200.0,6329500.0
1545,2021-10-20 07:13:30,13150.0,100.0,6329300.0
1546,2021-10-20 07:13:30,13150.0,100.0,6329200.0
1547,2021-10-20 07:13:30,13150.0,100.0,6329100.0
1548,2021-10-20 07:13:30,13150.0,1000.0,6329000.0
1549,2021-10-20 07:13:30,13150.0,300.0,6328000.0
1550,2021-10-20 07:13:30,13150.0,500.0,6327700.0
1551,2021-10-20 07:13:30,13150.0,200.0,6327200.0
1552,2021-10-20 07:13:30,13150.0,200.0,6327000.0
1553,2021-10-20 07:13:30,13150.0,100.0,6326800.0
1554,2021-10-20 07:13:30,13150.0,1000.0,6326700.0
1555,2021-10-20 07:13:30,13150.0,500.0,6325700.0
1556,2021-10-20 07:13:30,13150.0,1000.0,6325200.0
1557,2021-10-20 07:13:30,13150.0,200.0,6324200.0
1558,2021-10-20 07:13:30,13150.0,200.0,6324000.0
1559,2021-10-20 07:13:30,13150.0,5000.0,6323800.0
1560,2021-10-20 07:13:30,13150.0,300.0,6318800.0
1561,2021-10-20 07:13:30,13150.0,300.0,6318500.0
1562,2021-10-20 07:13:30,13150.0,200.0,6318200.0
1563,2021-10-20 07:13:30,13150.0,3000.0,6318000.0
1564,2021-10-20 07:13:30,13150.0,100.0,6315000.0
1565,2021-10-20 07:13:30,13150.0,700.0,6314900.0
1566,2021-10-20 07:13:30,13150.0,1000.0,6314200.0
1567,2021-10-20 07:13:30,13150.0,5000.0,6313200.0
1568,2021-10-20 07:13:30,13150.0,14700.0,6308200.0
1569,2021-10-20 07:13:30,13150.0,700.0,6293500.0
1570,2021-10-20 07:13:30,13150.0,14200.0,6292800.0
1571,2021-10-20 07:13:30,13150.0,600.0,6278600.0
1572,2021-10-20 07:13:30,13150.0,100.0,6278000.0
1573,2021-10-20 07:13:30,13150.0,200.0,6277900.0
1574,2021-10-20 07:13:30,13150.0,12700.0,6277700.0
1575,2021-10-20 07:13:30,13150.0,600.0,6265000.0
1576,2021-10-20 07:13:30,13150.0,1300.0,6264400.0
1577,2021-10-20 07:13:30,13150.0,800.0,6263100.0
1578,2021-10-20 07:13:30,13150.0,200.0,6262300.0
1579,2021-10-20 07:13:30,13150.0,100.0,6262100.0
1580,2021-10-20 07:13:30,13150.0,200.0,6262000.0
1581,2021-10-20 07:13:30,13150.0,500.0,6261800.0
1582,2021-10-20 07:13:30,13150.0,200.0,6261300.0
1583,2021-10-20 07:13:30,13150.0,1000.0,6261100.0
1584,2021-10-20 07:13:30,13150.0,1000.0,6260100.0
1585,2021-10-20 07:13:30,13150.0,500.0,6259100.0
1586,2021-10-20 07:13:30,13150.0,500.0,6258600.0
1587,2021-10-20 07:13:30,13150.0,1000.0,6258100.0
1588,2021-10-20 07:13:30,13150.0,200.0,6257100.0
1589,2021-10-20 07:13:30,13150.0,100.0,6256900.0
1590,2021-10-20 07:13:30,13150.0,2000.0,6256800.0
1591,2021-10-20 07:13:30,13150.0,1000.0,6254800.0
1592,2021-10-20 07:13:30,13150.0,1000.0,6253800.0
1593,2021-10-20 07:13:30,13150.0,500.0,6252800.0
1594,2021-10-20 07:13:30,13150.0,200.0,6252300.0
1595,2021-10-20 07:13:30,13150.0,200.0,6252100.0
1596,2021-10-20 07:13:30,13150.0,400.0,6251900.0
1597,2021-10-20 07:13:30,13150.0,10000.0,6251500.0
1598,2021-10-20 07:13:30,13150.0,2000.0,6241500.0
1599,2021-10-20 07:13:30,13150.0,100.0,6239500.0
1600,2021-10-20 07:13:30,13150.0,15000.0,6239400.0
1601,2021-10-20 07:13:30,13150.0,500.0,6224400.0
1602,2021-10-20 07:13:30,13150.0,2000.0,6223900.0
1603,2021-10-20 07:13:30,13150.0,4000.0,6221900.0
1604,2021-10-20 07:13:30,13150.0,1000.0,6217900.0
1605,2021-10-20 07:13:30,13150.0,100.0,6216900.0
1606,2021-10-20 07:13:30,13150.0,1000.0,6216800.0
1607,2021-10-20 07:13:30,13150.0,500.0,6215800.0
1608,2021-10-20 07:13:30,13150.0,200.0,6215300.0
1609,2021-10-20 07:13:30,13150.0,200.0,6215100.0
1610,2021-10-20 07:13:30,13150.0,200.0,6214900.0
1611,2021-10-20 07:13:30,13150.0,3000.0,6214700.0
1612,2021-10-20 07:13:30,13150.0,100.0,6211700.0
1613,2021-10-20 07:13:30,13150.0,100.0,6211600.0
1614,2021-10-20 07:13:30,13150.0,5000.0,6211500.0
1615,2021-10-20 07:13:30,13150.0,900.0,6206500.0
1616,2021-10-20 07:13:30,13150.0,300.0,6205600.0
1617,2021-10-20 07:13:30,13150.0,1000.0,6205300.0
1618,2021-10-20 07:13:30,13150.0,200.0,6204300.0
1619,2021-10-20 07:13:30,13150.0,2900.0,6204100.0
1620,2021-10-20 07:13:27,13150.0,2100.0,6201200.0
1621,2021-10-20 07:13:27,13150.0,100.0,6199100.0
1622,2021-10-20 07:13:27,13150.0,200.0,6199000.0
1623,2021-10-20 07:13:27,13150.0,100.0,6198800.0
1624,2021-10-20 07:13:27,13150.0,500.0,6198700.0
1625,2021-10-20 07:13:26,13150.0,1500.0,6198200.0
1626,2021-10-20 07:13:26,13150.0,100.0,6196700.0
1627,2021-10-20 07:13:26,13150.0,600.0,6196600.0
1628,2021-10-20 07:13:26,13150.0,500.0,6196000.0
1629,2021-10-20 07:13:26,13150.0,1000.0,6195500.0
1630,2021-10-20 07:13:26,13150.0,100.0,6194500.0
1631,2021-10-20 07:13:26,13150.0,200.0,6194400.0
1632,2021-10-20 07:13:26,13150.0,500.0,6194200.0
1633,2021-10-20 07:13:26,13150.0,300.0,6193700.0
1634,2021-10-20 07:13:26,13150.0,1000.0,6193400.0
1635,2021-10-20 07:13:26,13150.0,100.0,6192400.0
1636,2021-10-20 07:13:26,13150.0,800.0,6192300.0
1637,2021-10-20 07:13:26,13150.0,100.0,6191500.0
1638,2021-10-20 07:13:26,13150.0,300.0,6191400.0
1639,2021-10-20 07:13:26,13150.0,200.0,6191100.0
1640,2021-10-20 07:13:26,13150.0,100.0,6190900.0
1641,2021-10-20 07:13:26,13150.0,100.0,6190800.0
1642,2021-10-20 07:13:26,13150.0,100.0,6190700.0
1643,2021-10-20 07:13:26,13150.0,400.0,6190600.0
1644,2021-10-20 07:13:21,13150.0,300.0,6190200.0
1645,2021-10-20 07:13:20,13150.0,300.0,6189900.0
1646,2021-10-20 07:13:20,13150.0,300.0,6189600.0
1647,2021-10-20 07:13:20,13150.0,1000.0,6189300.0
1648,2021-10-20 07:13:20,13150.0,1000.0,6188300.0
1649,2021-10-20 07:13:20,13150.0,1000.0,6187300.0
1650,2021-10-20 07:13:20,13150.0,400.0,6186300.0
1651,2021-10-20 07:13:20,13150.0,5000.0,6185900.0
1652,2021-10-20 07:13:20,13150.0,200.0,6180900.0
1653,2021-10-20 07:13:20,13150.0,500.0,6180700.0
1654,2021-10-20 07:13:20,13150.0,5000.0,6180200.0
1655,2021-10-20 07:13:20,13150.0,3000.0,6175200.0
1656,2021-10-20 07:13:20,13150.0,300.0,6172200.0
1657,2021-10-20 07:13:20,13150.0,100.0,6171900.0
1658,2021-10-20 07:13:20,13150.0,1000.0,6171800.0
1659,2021-10-20 07:13:20,13150.0,300.0,6170800.0
1660,2021-10-20 07:13:20,13150.0,9000.0,6170500.0
1661,2021-10-20 07:13:20,13150.0,300.0,6161500.0
1662,2021-10-20 07:13:20,13150.0,100.0,6161200.0
1663,2021-10-20 07:13:20,13150.0,1000.0,6161100.0
1664,2021-10-20 07:13:20,13150.0,100.0,6160100.0
1665,2021-10-20 07:13:20,13150.0,500.0,6160000.0
1666,2021-10-20 07:13:20,13150.0,500.0,6159500.0
1667,2021-10-20 07:13:20,13150.0,500.0,6159000.0
1668,2021-10-20 07:13:20,13150.0,500.0,6158500.0
1669,2021-10-20 07:13:20,13150.0,500.0,6158000.0
1670,2021-10-20 07:13:20,13150.0,500.0,6157500.0
1671,2021-10-20 07:13:20,13150.0,3000.0,6157000.0
1672,2021-10-20 07:13:20,13150.0,1300.0,6154000.0
1673,2021-10-20 07:13:20,13150.0,20000.0,6152700.0
1674,2021-10-20 07:13:20,13150.0,20000.0,6132700.0
1675,2021-10-20 07:13:20,13150.0,100.0,6112700.0
1676,2021-10-20 07:13:20,13150.0,500.0,6112600.0
1677,2021-10-20 07:13:20,13150.0,2000.0,6112100.0
1678,2021-10-20 07:13:20,13150.0,100.0,6110100.0
1679,2021-10-20 07:13:20,13150.0,200.0,6110000.0
1680,2021-10-20 07:13:20,13150.0,300.0,6109800.0
1681,2021-10-20 07:13:20,13150.0,100.0,6109500.0
1682,2021-10-20 07:13:20,13150.0,200.0,6109400.0
1683,2021-10-20 07:13:20,13150.0,1000.0,6109200.0
1684,2021-10-20 07:13:20,13150.0,100.0,6108200.0
1685,2021-10-20 07:13:20,13150.0,5000.0,6108100.0
1686,2021-10-20 07:13:20,13150.0,3400.0,6103100.0
1687,2021-10-20 07:13:20,13150.0,500.0,6099700.0
1688,2021-10-20 07:13:20,13150.0,2000.0,6099200.0
1689,2021-10-20 07:13:20,13150.0,500.0,6097200.0
1690,2021-10-20 07:13:20,13150.0,500.0,6096700.0
1691,2021-10-20 07:13:20,13150.0,100.0,6096200.0
1692,2021-10-20 07:13:20,13150.0,500.0,6096100.0
1693,2021-10-20 07:13:20,13150.0,100.0,6095600.0
1694,2021-10-20 07:13:20,13150.0,100.0,6095500.0
1695,2021-10-20 07:13:20,13150.0,1000.0,6095400.0
1696,2021-10-20 07:13:20,13150.0,3900.0,6094400.0
1697,2021-10-20 07:13:20,13150.0,2000.0,6090500.0
1698,2021-10-20 07:13:20,13150.0,2000.0,6088500.0
1699,2021-10-20 07:13:20,13150.0,3000.0,6086500.0
1700,2021-10-20 07:13:20,13150.0,1100.0,6083500.0
1701,2021-10-20 07:13:20,13150.0,800.0,6082400.0
1702,2021-10-20 07:13:20,13150.0,1000.0,6081600.0
1703,2021-10-20 07:13:20,13150.0,6000.0,6080600.0
1704,2021-10-20 07:13:20,13150.0,200.0,6074600.0
1705,2021-10-20 07:13:20,13150.0,1000.0,6074400.0
1706,2021-10-20 07:13:20,13150.0,300.0,6073400.0
1707,2021-10-20 07:13:20,13150.0,1000.0,6073100.0
1708,2021-10-20 07:13:20,13150.0,300.0,6072100.0
1709,2021-10-20 07:13:20,13150.0,500.0,6071800.0
1710,2021-10-20 07:13:20,13150.0,2000.0,6071300.0
1711,2021-10-20 07:13:20,13150.0,1000.0,6069300.0
1712,2021-10-20 07:13:20,13150.0,100.0,6068300.0
1713,2021-10-20 07:13:20,13150.0,400.0,6068200.0
1714,2021-10-20 07:13:20,13150.0,600.0,6067800.0
1715,2021-10-20 07:13:20,13150.0,1000.0,6067200.0
1716,2021-10-20 07:13:20,13150.0,100.0,6066200.0
1717,2021-10-20 07:13:20,13150.0,100.0,6066100.0
1718,2021-10-20 07:13:20,13150.0,100.0,6066000.0
1719,2021-10-20 07:13:20,13150.0,200.0,6065900.0
1720,2021-10-20 07:13:20,13150.0,600.0,6065700.0
1721,2021-10-20 07:13:20,13150.0,1000.0,6065100.0
1722,2021-10-20 07:13:20,13150.0,7200.0,6064100.0
1723,2021-10-20 07:13:20,13150.0,1000.0,6056900.0
1724,2021-10-20 07:13:20,13150.0,1000.0,6055900.0
1725,2021-10-20 07:13:20,13150.0,1000.0,6054900.0
1726,2021-10-20 07:13:20,13150.0,5000.0,6053900.0
1727,2021-10-20 07:13:20,13150.0,1000.0,6048900.0
1728,2021-10-20 07:13:20,13150.0,300.0,6047900.0
1729,2021-10-20 07:13:20,13150.0,100.0,6047600.0
1730,2021-10-20 07:13:20,13150.0,1500.0,6047500.0
1731,2021-10-20 07:13:20,13150.0,100.0,6046000.0
1732,2021-10-20 07:13:20,13150.0,3000.0,6045900.0
1733,2021-10-20 07:13:20,13150.0,300.0,6042900.0
1734,2021-10-20 07:13:20,13150.0,500.0,6042600.0
1735,2021-10-20 07:13:20,13150.0,100.0,6042100.0
1736,2021-10-20 07:13:20,13150.0,400.0,6042000.0
1737,2021-10-20 07:13:20,13150.0,1000.0,6041600.0
1738,2021-10-20 07:13:20,13150.0,700.0,6040600.0
1739,2021-10-20 07:13:06,13150.0,700.0,6039900.0
1740,2021-10-20 07:13:02,13150.0,1200.0,6039200.0
1741,2021-10-20 07:13:02,13150.0,500.0,6038000.0
1742,2021-10-20 07:13:02,13150.0,500.0,6037500.0
1743,2021-10-20 07:13:02,13150.0,500.0,6037000.0
1744,2021-10-20 07:13:02,13150.0,300.0,6036500.0
1745,2021-10-20 07:13:00,13200.0,100.0,6036200.0
1746,2021-10-20 07:12:42,13150.0,400.0,6036100.0
1747,2021-10-20 07:12:35,13150.0,2000.0,6035700.0
1748,2021-10-20 07:12:17,13150.0,7300.0,6033700.0
1749,2021-10-20 07:12:17,13150.0,100.0,6026400.0
1750,2021-10-20 07:12:17,13150.0,5600.0,6026300.0
1751,2021-10-20 07:12:17,13150.0,100.0,6020700.0
1752,2021-10-20 07:12:17,13150.0,700.0,6020600.0
1753,2021-10-20 07:12:17,13150.0,3000.0,6019900.0
1754,2021-10-20 07:12:17,13150.0,400.0,6016900.0
1755,2021-10-20 07:12:17,13150.0,500.0,6016500.0
1756,2021-10-20 07:12:17,13150.0,1000.0,6016000.0
1757,2021-10-20 07:12:17,13150.0,500.0,6015000.0
1758,2021-10-20 07:12:17,13150.0,100.0,6014500.0
1759,2021-10-20 07:12:17,13150.0,300.0,6014400.0
1760,2021-10-20 07:12:17,13150.0,100.0,6014100.0
1761,2021-10-20 07:12:17,13150.0,300.0,6014000.0
1762,2021-10-20 07:12:17,13150.0,1000.0,6013700.0
1763,2021-10-20 07:12:17,13150.0,100.0,6012700.0
1764,2021-10-20 07:12:17,13150.0,100.0,6012600.0
1765,2021-10-20 07:12:17,13150.0,5000.0,6012500.0
1766,2021-10-20 07:12:17,13150.0,100.0,6007500.0
1767,2021-10-20 07:12:17,13150.0,1000.0,6007400.0
1768,2021-10-20 07:12:17,13150.0,2000.0,6006400.0
1769,2021-10-20 07:12:17,13150.0,200.0,6004400.0
1770,2021-10-20 07:12:17,13150.0,200.0,6004200.0
1771,2021-10-20 07:12:17,13150.0,300.0,6004000.0
1772,2021-10-20 07:12:14,13200.0,100.0,6003700.0
1773,2021-10-20 07:12:07,13200.0,300.0,6003600.0
1774,2021-10-20 07:11:46,13150.0,400.0,6003300.0
1775,2021-10-20 07:11:46,13150.0,2600.0,6002900.0
1776,2021-10-20 07:11:46,13150.0,3000.0,6000300.0
1777,2021-10-20 07:11:38,13150.0,5500.0,5997300.0
1778,2021-10-20 07:11:33,13150.0,200.0,5991800.0
1779,2021-10-20 07:11:30,13150.0,3000.0,5991600.0
1780,2021-10-20 07:11:09,13200.0,200.0,5988600.0
1781,2021-10-20 07:10:58,13150.0,5000.0,5988400.0
1782,2021-10-20 07:10:57,13200.0,200.0,5983400.0
1783,2021-10-20 07:10:42,13200.0,200.0,5983200.0
1784,2021-10-20 07:10:41,13200.0,6000.0,5983000.0
1785,2021-10-20 07:10:36,13150.0,1000.0,5977000.0
1786,2021-10-20 07:10:35,13150.0,2400.0,5976000.0
1787,2021-10-20 07:10:06,13200.0,1200.0,5973600.0
1788,2021-10-20 07:09:45,13150.0,1500.0,5972400.0
1789,2021-10-20 07:09:23,13200.0,10000.0,5970900.0
1790,2021-10-20 07:09:19,13200.0,200.0,5960900.0
1791,2021-10-20 07:09:17,13200.0,500.0,5960700.0
1792,2021-10-20 07:08:54,13200.0,200.0,5960200.0
1793,2021-10-20 07:08:50,13200.0,4400.0,5960000.0
1794,2021-10-20 07:08:43,13150.0,100.0,5955600.0
1795,2021-10-20 07:08:36,13200.0,100.0,5955500.0
1796,2021-10-20 07:08:04,13150.0,25700.0,5955400.0
1797,2021-10-20 07:08:04,13150.0,500.0,5929700.0
1798,2021-10-20 07:08:04,13150.0,200.0,5929200.0
1799,2021-10-20 07:08:04,13150.0,100.0,5929000.0
1800,2021-10-20 07:08:04,13150.0,2000.0,5928900.0
1801,2021-10-20 07:08:04,13150.0,200.0,5926900.0
1802,2021-10-20 07:08:04,13150.0,6300.0,5926700.0
1803,2021-10-20 07:07:38,13200.0,300.0,5920400.0
1804,2021-10-20 07:07:30,13200.0,500.0,5920100.0
1805,2021-10-20 07:07:27,13200.0,5200.0,5919600.0
1806,2021-10-20 07:07:24,13200.0,44800.0,5914400.0
1807,2021-10-20 07:07:24,13200.0,300.0,5869600.0
1808,2021-10-20 07:07:24,13200.0,100.0,5869300.0
1809,2021-10-20 07:07:24,13200.0,4800.0,5869200.0
1810,2021-10-20 07:07:24,13200.0,8200.0,5864400.0
1811,2021-10-20 07:07:24,13200.0,300.0,5856200.0
1812,2021-10-20 07:07:24,13200.0,1500.0,5855900.0
1813,2021-10-20 07:07:24,13200.0,200.0,5854400.0
1814,2021-10-20 07:07:19,13200.0,1500.0,5854200.0
1815,2021-10-20 07:07:18,13200.0,3900.0,5852700.0
1816,2021-10-20 07:07:15,13200.0,800.0,5848800.0
1817,2021-10-20 07:07:10,13200.0,1000.0,5848000.0
1818,2021-10-20 07:07:10,13200.0,1000.0,5847000.0
1819,2021-10-20 07:07:06,13200.0,100.0,5846000.0
1820,2021-10-20 07:07:06,13200.0,400.0,5845900.0
1821,2021-10-20 07:07:02,13200.0,100.0,5845500.0
1822,2021-10-20 07:07:02,13200.0,300.0,5845400.0
1823,2021-10-20 07:07:00,13200.0,3000.0,5845100.0
1824,2021-10-20 07:06:58,13200.0,1000.0,5842100.0
1825,2021-10-20 07:06:57,13200.0,100.0,5841100.0
1826,2021-10-20 07:06:57,13200.0,100.0,5841000.0
1827,2021-10-20 07:06:56,13200.0,2000.0,5840900.0
1828,2021-10-20 07:06:50,13200.0,1000.0,5838900.0
1829,2021-10-20 07:06:50,13200.0,500.0,5837900.0
1830,2021-10-20 07:06:50,13200.0,2000.0,5837400.0
1831,2021-10-20 07:06:50,13200.0,400.0,5835400.0
1832,2021-10-20 07:06:47,13200.0,1000.0,5835000.0
1833,2021-10-20 07:06:46,13200.0,600.0,5834000.0
1834,2021-10-20 07:06:34,13200.0,900.0,5833400.0
1835,2021-10-20 07:06:24,13200.0,1000.0,5832500.0
1836,2021-10-20 07:06:24,13200.0,100.0,5831500.0
1837,2021-10-20 07:06:23,13200.0,3000.0,5831400.0
1838,2021-10-20 07:06:22,13200.0,1000.0,5828400.0
1839,2021-10-20 07:06:21,13200.0,1000.0,5827400.0
1840,2021-10-20 07:06:16,13200.0,10200.0,5826400.0
1841,2021-10-20 07:06:12,13200.0,1500.0,5816200.0
1842,2021-10-20 07:06:12,13200.0,3800.0,5814700.0
1843,2021-10-20 07:06:12,13200.0,1000.0,5810900.0
1844,2021-10-20 07:06:12,13200.0,1000.0,5809900.0
1845,2021-10-20 07:06:12,13200.0,100.0,5808900.0
1846,2021-10-20 07:06:12,13200.0,2000.0,5808800.0
1847,2021-10-20 07:06:12,13200.0,100.0,5806800.0
1848,2021-10-20 07:06:12,13200.0,9000.0,5806700.0
1849,2021-10-20 07:06:12,13200.0,600.0,5797700.0
1850,2021-10-20 07:06:12,13200.0,10000.0,5797100.0
1851,2021-10-20 07:06:12,13200.0,3100.0,5787100.0
1852,2021-10-20 07:06:12,13200.0,2000.0,5784000.0
1853,2021-10-20 07:06:12,13200.0,5600.0,5782000.0
1854,2021-10-20 07:06:07,13200.0,10000.0,5776400.0
1855,2021-10-20 07:06:04,13200.0,6800.0,5766400.0
1856,2021-10-20 07:05:49,13200.0,300.0,5759600.0
1857,2021-10-20 07:05:48,13200.0,900.0,5759300.0
1858,2021-10-20 07:05:40,13200.0,1000.0,5758400.0
1859,2021-10-20 07:05:37,13200.0,500.0,5757400.0
1860,2021-10-20 07:05:34,13200.0,300.0,5756900.0
1861,2021-10-20 07:05:29,13200.0,15100.0,5756600.0
1862,2021-10-20 07:05:24,13200.0,2000.0,5741500.0
1863,2021-10-20 07:05:21,13200.0,7500.0,5739500.0
1864,2021-10-20 07:05:21,13200.0,2500.0,5732000.0
1865,2021-10-20 07:05:20,13200.0,2000.0,5729500.0
1866,2021-10-20 07:05:13,13200.0,200.0,5727500.0
1867,2021-10-20 07:05:13,13200.0,500.0,5727300.0
1868,2021-10-20 07:05:10,13200.0,6000.0,5726800.0
1869,2021-10-20 07:05:01,13200.0,5000.0,5720800.0
1870,2021-10-20 07:05:00,13200.0,1000.0,5715800.0
1871,2021-10-20 07:04:54,13200.0,100.0,5714800.0
1872,2021-10-20 07:04:51,13200.0,1000.0,5714700.0
1873,2021-10-20 07:04:47,13200.0,10000.0,5713700.0
1874,2021-10-20 07:04:44,13200.0,1700.0,5703700.0
1875,2021-10-20 07:04:42,13200.0,6000.0,5702000.0
1876,2021-10-20 07:04:42,13200.0,1300.0,5696000.0
1877,2021-10-20 07:04:42,13200.0,700.0,5694700.0
1878,2021-10-20 07:04:42,13200.0,1800.0,5694000.0
1879,2021-10-20 07:04:42,13200.0,9000.0,5692200.0
1880,2021-10-20 07:04:42,13200.0,1100.0,5683200.0
1881,2021-10-20 07:04:42,13200.0,1000.0,5682100.0
1882,2021-10-20 07:04:42,13200.0,300.0,5681100.0
1883,2021-10-20 07:04:42,13200.0,10000.0,5680800.0
1884,2021-10-20 07:04:42,13200.0,1000.0,5670800.0
1885,2021-10-20 07:04:42,13200.0,1100.0,5669800.0
1886,2021-10-20 07:04:42,13200.0,800.0,5668700.0
1887,2021-10-20 07:04:42,13200.0,500.0,5667900.0
1888,2021-10-20 07:04:42,13200.0,200.0,5667400.0
1889,2021-10-20 07:04:42,13200.0,100.0,5667200.0
1890,2021-10-20 07:04:42,13200.0,100.0,5667100.0
1891,2021-10-20 07:04:42,13200.0,2000.0,5667000.0
1892,2021-10-20 07:04:42,13200.0,2000.0,5665000.0
1893,2021-10-20 07:04:42,13200.0,1000.0,5663000.0
1894,2021-10-20 07:04:42,13200.0,400.0,5662000.0
1895,2021-10-20 07:04:42,13200.0,3000.0,5661600.0
1896,2021-10-20 07:04:42,13200.0,200.0,5658600.0
1897,2021-10-20 07:04:42,13200.0,2000.0,5658400.0
1898,2021-10-20 07:04:42,13200.0,8000.0,5656400.0
1899,2021-10-20 07:04:42,13200.0,1000.0,5648400.0
1900,2021-10-20 07:04:42,13200.0,300.0,5647400.0
1901,2021-10-20 07:04:42,13200.0,100.0,5647100.0
1902,2021-10-20 07:04:42,13200.0,5000.0,5647000.0
1903,2021-10-20 07:04:42,13200.0,6600.0,5642000.0
1904,2021-10-20 07:04:42,13200.0,1000.0,5635400.0
1905,2021-10-20 07:04:42,13200.0,1000.0,5634400.0
1906,2021-10-20 07:04:42,13200.0,100.0,5633400.0
1907,2021-10-20 07:04:42,13200.0,1000.0,5633300.0
1908,2021-10-20 07:04:42,13200.0,700.0,5632300.0
1909,2021-10-20 07:04:42,13200.0,2000.0,5631600.0
1910,2021-10-20 07:04:42,13200.0,100.0,5629600.0
1911,2021-10-20 07:04:42,13200.0,2000.0,5629500.0
1912,2021-10-20 07:04:42,13200.0,10000.0,5627500.0
1913,2021-10-20 07:04:42,13200.0,3000.0,5617500.0
1914,2021-10-20 07:04:42,13200.0,4500.0,5614500.0
1915,2021-10-20 07:04:42,13200.0,200.0,5610000.0
1916,2021-10-20 07:04:42,13200.0,1000.0,5609800.0
1917,2021-10-20 07:04:42,13200.0,2000.0,5608800.0
1918,2021-10-20 07:04:42,13200.0,1000.0,5606800.0
1919,2021-10-20 07:04:42,13200.0,3000.0,5605800.0
1920,2021-10-20 07:04:42,13200.0,100.0,5602800.0
1921,2021-10-20 07:04:42,13200.0,2000.0,5602700.0
1922,2021-10-20 07:04:42,13200.0,2000.0,5600700.0
1923,2021-10-20 07:04:42,13200.0,1000.0,5598700.0
1924,2021-10-20 07:04:42,13200.0,94000.0,5597700.0
1925,2021-10-20 07:04:33,13200.0,1000.0,5503700.0
1926,2021-10-20 07:04:31,13200.0,100.0,5502700.0
1927,2021-10-20 07:04:30,13200.0,700.0,5502600.0
1928,2021-10-20 07:04:22,13200.0,1000.0,5501900.0
1929,2021-10-20 07:04:17,13200.0,300.0,5500900.0
1930,2021-10-20 07:04:12,13200.0,1000.0,5500600.0
1931,2021-10-20 07:04:09,13200.0,1000.0,5499600.0
1932,2021-10-20 07:04:08,13200.0,100.0,5498600.0
1933,2021-10-20 07:03:58,13200.0,5000.0,5498500.0
1934,2021-10-20 07:03:49,13200.0,800.0,5493500.0
1935,2021-10-20 07:03:17,13200.0,100.0,5492700.0
1936,2021-10-20 07:03:17,13200.0,20000.0,5492600.0
1937,2021-10-20 07:02:38,13200.0,200.0,5472600.0
1938,2021-10-20 07:02:32,13200.0,3000.0,5472400.0
1939,2021-10-20 07:02:30,13200.0,700.0,5469400.0
1940,2021-10-20 07:02:14,13200.0,200.0,5468700.0
1941,2021-10-20 07:02:10,13150.0,1000.0,5468500.0
1942,2021-10-20 07:01:47,13200.0,300.0,5467500.0
1943,2021-10-20 07:01:09,13150.0,1000.0,5467200.0
1944,2021-10-20 07:01:08,13150.0,500.0,5466200.0
1945,2021-10-20 07:00:43,13150.0,1200.0,5465700.0
1946,2021-10-20 07:00:43,13150.0,500.0,5464500.0
1947,2021-10-20 07:00:43,13150.0,300.0,5464000.0
1948,2021-10-20 07:00:26,13150.0,100.0,5463700.0
1949,2021-10-20 07:00:24,13200.0,100.0,5463600.0
1950,2021-10-20 07:00:21,13200.0,200.0,5463500.0
1951,2021-10-20 07:00:16,13150.0,100.0,5463300.0
1952,2021-10-20 07:00:16,13150.0,5000.0,5463200.0
1953,2021-10-20 07:00:16,13150.0,300.0,5458200.0
1954,2021-10-20 07:00:16,13150.0,100.0,5457900.0
1955,2021-10-20 07:00:16,13150.0,2900.0,5457800.0
1956,2021-10-20 07:00:16,13150.0,1600.0,5454900.0
1957,2021-10-20 07:00:12,13200.0,50000.0,5453300.0
1958,2021-10-20 07:00:11,13200.0,200.0,5403300.0
1959,2021-10-20 07:00:00,13150.0,400.0,5403100.0
1960,2021-10-20 07:00:00,13150.0,100.0,5402700.0
1961,2021-10-20 06:59:58,13200.0,300.0,5402600.0
1962,2021-10-20 06:59:44,13200.0,1500.0,5402300.0
1963,2021-10-20 06:59:40,13150.0,10000.0,5400800.0
1964,2021-10-20 06:59:38,13200.0,18200.0,5390800.0
1965,2021-10-20 06:59:38,13200.0,200.0,5372600.0
1966,2021-10-20 06:59:38,13200.0,26600.0,5372400.0
1967,2021-10-20 06:59:34,13200.0,200.0,5345800.0
1968,2021-10-20 06:59:32,13150.0,1400.0,5345600.0
1969,2021-10-20 06:59:12,13150.0,1700.0,5344200.0
1970,2021-10-20 06:59:10,13150.0,200.0,5342500.0
1971,2021-10-20 06:59:01,13150.0,1000.0,5342300.0
1972,2021-10-20 06:58:37,13200.0,2000.0,5341300.0
1973,2021-10-20 06:58:26,13150.0,4600.0,5339300.0
1974,2021-10-20 06:58:26,13150.0,200.0,5334700.0
1975,2021-10-20 06:58:26,13150.0,200.0,5334500.0
1976,2021-10-20 06:58:20,13200.0,100.0,5334300.0
1977,2021-10-20 06:58:10,13150.0,300.0,5334200.0
1978,2021-10-20 06:58:10,13150.0,10000.0,5333900.0
1979,2021-10-20 06:58:10,13150.0,30000.0,5323900.0
1980,2021-10-20 06:58:10,13150.0,1500.0,5293900.0
1981,2021-10-20 06:58:10,13150.0,1200.0,5292400.0
1982,2021-10-20 06:58:10,13150.0,7000.0,5291200.0
1983,2021-10-20 06:58:08,13150.0,3000.0,5284200.0
1984,2021-10-20 06:58:08,13150.0,300.0,5281200.0
1985,2021-10-20 06:58:08,13150.0,200.0,5280900.0
1986,2021-10-20 06:58:08,13150.0,1500.0,5280700.0
1987,2021-10-20 06:57:44,13150.0,100.0,5279200.0
1988,2021-10-20 06:57:44,13200.0,5000.0,5279100.0
1989,2021-10-20 06:57:41,13150.0,8400.0,5274100.0
1990,2021-10-20 06:57:41,13150.0,300.0,5265700.0
1991,2021-10-20 06:57:41,13150.0,500.0,5265400.0
1992,2021-10-20 06:57:41,13150.0,4200.0,5264900.0
1993,2021-10-20 06:57:06,13200.0,3100.0,5260700.0
1994,2021-10-20 06:56:53,13200.0,100.0,5257600.0
1995,2021-10-20 06:56:39,13200.0,10000.0,5257500.0
1996,2021-10-20 06:56:14,13200.0,200.0,5247500.0
1997,2021-10-20 06:56:12,13200.0,3500.0,5247300.0
1998,2021-10-20 06:55:51,13200.0,200.0,5243800.0
1999,2021-10-20 06:55:43,13200.0,200.0,5243600.0
2000,2021-10-20 06:55:24,13200.0,3000.0,5243400.0
2001,2021-10-20 06:55:18,13150.0,200.0,5240400.0
2002,2021-10-20 06:55:08,13200.0,200.0,5240200.0
2003,2021-10-20 06:54:32,13200.0,1000.0,5240000.0
2004,2021-10-20 06:54:12,13200.0,1000.0,5239000.0
2005,2021-10-20 06:53:15,13200.0,300.0,5238000.0
2006,2021-10-20 06:53:15,13200.0,4000.0,5237700.0
2007,2021-10-20 06:53:15,13200.0,3000.0,5233700.0
2008,2021-10-20 06:53:12,13200.0,100.0,5230700.0
2009,2021-10-20 06:53:12,13200.0,100.0,5230600.0
2010,2021-10-20 06:53:10,13200.0,300.0,5230500.0
2011,2021-10-20 06:53:10,13200.0,300.0,5230200.0
2012,2021-10-20 06:53:10,13200.0,200.0,5229900.0
2013,2021-10-20 06:53:10,13200.0,900.0,5229700.0
2014,2021-10-20 06:53:10,13200.0,2500.0,5228800.0
2015,2021-10-20 06:53:10,13200.0,800.0,5226300.0
2016,2021-10-20 06:53:01,13200.0,3400.0,5225500.0
2017,2021-10-20 06:52:58,13200.0,100.0,5222100.0
2018,2021-10-20 06:52:40,13200.0,700.0,5222000.0
2019,2021-10-20 06:52:40,13200.0,200.0,5221300.0
2020,2021-10-20 06:52:40,13200.0,1000.0,5221100.0
2021,2021-10-20 06:52:40,13200.0,1000.0,5220100.0
2022,2021-10-20 06:52:40,13200.0,100.0,5219100.0
2023,2021-10-20 06:52:36,13200.0,1000.0,5219000.0
2024,2021-10-20 06:52:32,13200.0,1000.0,5218000.0
2025,2021-10-20 06:52:32,13200.0,3600.0,5217000.0
2026,2021-10-20 06:52:32,13200.0,10400.0,5213400.0
2027,2021-10-20 06:52:21,13200.0,2000.0,5203000.0
2028,2021-10-20 06:52:18,13200.0,700.0,5201000.0
2029,2021-10-20 06:52:07,13200.0,15000.0,5200300.0
2030,2021-10-20 06:51:52,13200.0,1900.0,5185300.0
2031,2021-10-20 06:51:52,13200.0,1000.0,5183400.0
2032,2021-10-20 06:51:52,13200.0,1000.0,5182400.0
2033,2021-10-20 06:51:52,13200.0,300.0,5181400.0
2034,2021-10-20 06:51:52,13200.0,1800.0,5181100.0
2035,2021-10-20 06:51:52,13200.0,2100.0,5179300.0
