,Time,Price,Volume_per_trade,Volume
0,2021-10-17 07:45:01,13150.0,500.0,1317900.0
1,2021-10-17 07:45:01,13150.0,1600.0,1317400.0
2,2021-10-17 07:45:01,13150.0,1700.0,1315800.0
3,2021-10-17 07:45:01,13150.0,100.0,1314100.0
4,2021-10-17 07:45:01,13150.0,3200.0,1314000.0
5,2021-10-17 07:45:01,13150.0,1800.0,1310800.0
6,2021-10-17 07:45:01,13150.0,2000.0,1309000.0
7,2021-10-17 07:45:01,13150.0,1000.0,1307000.0
8,2021-10-17 07:45:01,13150.0,100.0,1306000.0
9,2021-10-17 07:45:01,13150.0,100.0,1305900.0
10,2021-10-17 07:45:01,13150.0,100.0,1305800.0
11,2021-10-17 07:45:01,13150.0,200.0,1305700.0
12,2021-10-17 07:45:01,13150.0,100.0,1305500.0
13,2021-10-17 07:45:01,13150.0,2000.0,1305400.0
14,2021-10-17 07:45:01,13150.0,2000.0,1303400.0
15,2021-10-17 07:45:01,13150.0,200.0,1301400.0
16,2021-10-17 07:45:01,13150.0,200.0,1301200.0
17,2021-10-17 07:45:01,13150.0,100.0,1301000.0
18,2021-10-17 07:45:01,13150.0,100.0,1300900.0
19,2021-10-17 07:45:01,13150.0,400.0,1300800.0
20,2021-10-17 07:45:01,13150.0,1000.0,1300400.0
21,2021-10-17 07:45:01,13150.0,800.0,1299400.0
22,2021-10-17 07:45:01,13150.0,3000.0,1298600.0
23,2021-10-17 07:45:01,13150.0,2000.0,1295600.0
24,2021-10-17 07:45:01,13150.0,5000.0,1293600.0
25,2021-10-17 07:45:01,13150.0,1500.0,1288600.0
26,2021-10-17 07:45:01,13150.0,200.0,1287100.0
27,2021-10-17 07:45:01,13150.0,100.0,1286900.0
28,2021-10-17 07:45:01,13150.0,4000.0,1286800.0
29,2021-10-17 07:45:01,13150.0,100.0,1282800.0
30,2021-10-17 07:45:01,13150.0,3000.0,1282700.0
31,2021-10-17 07:45:01,13150.0,100.0,1279700.0
32,2021-10-17 07:45:01,13150.0,300.0,1279600.0
33,2021-10-17 07:45:01,13150.0,100.0,1279300.0
34,2021-10-17 07:45:01,13150.0,300.0,1279200.0
35,2021-10-17 07:45:01,13150.0,200.0,1278900.0
36,2021-10-17 07:45:01,13150.0,200.0,1278700.0
37,2021-10-17 07:45:01,13150.0,100.0,1278500.0
38,2021-10-17 07:45:01,13150.0,4800.0,1278400.0
39,2021-10-17 07:45:01,13150.0,200.0,1273600.0
40,2021-10-17 07:45:01,13150.0,400.0,1273400.0
41,2021-10-17 07:45:01,13150.0,700.0,1273000.0
42,2021-10-17 07:45:01,13150.0,500.0,1272300.0
43,2021-10-17 07:45:01,13150.0,100.0,1271800.0
44,2021-10-17 07:45:01,13150.0,100.0,1271700.0
45,2021-10-17 07:45:01,13150.0,900.0,1271600.0
46,2021-10-17 07:45:01,13150.0,100.0,1270700.0
47,2021-10-17 07:45:01,13150.0,100.0,1270600.0
48,2021-10-17 07:45:01,13150.0,100.0,1270500.0
49,2021-10-17 07:45:01,13150.0,8800.0,1270400.0
50,2021-10-17 07:45:01,13150.0,1200.0,1261600.0
51,2021-10-17 07:45:01,13150.0,3000.0,1260400.0
52,2021-10-17 07:45:01,13150.0,200.0,1257400.0
53,2021-10-17 07:45:01,13150.0,500.0,1257200.0
54,2021-10-17 07:45:01,13150.0,100.0,1256700.0
55,2021-10-17 07:45:01,13150.0,200.0,1256600.0
56,2021-10-17 07:29:49,13200.0,100.0,1256400.0
57,2021-10-17 07:29:32,13200.0,100.0,1256300.0
58,2021-10-17 07:29:20,13200.0,200.0,1256200.0
59,2021-10-17 07:29:20,13200.0,1500.0,1256000.0
60,2021-10-17 07:29:20,13200.0,300.0,1254500.0
61,2021-10-17 07:28:45,13200.0,1100.0,1254200.0
62,2021-10-17 07:28:45,13200.0,1900.0,1253100.0
63,2021-10-17 07:28:18,13150.0,200.0,1251200.0
64,2021-10-17 07:28:14,13150.0,500.0,1251000.0
65,2021-10-17 07:28:14,13150.0,100.0,1250500.0
66,2021-10-17 07:28:14,13150.0,900.0,1250400.0
67,2021-10-17 07:28:07,13200.0,2100.0,1249500.0
68,2021-10-17 07:28:07,13200.0,300.0,1247400.0
69,2021-10-17 07:28:07,13200.0,1200.0,1247100.0
70,2021-10-17 07:28:07,13200.0,1400.0,1245900.0
71,2021-10-17 07:27:32,13150.0,100.0,1244500.0
72,2021-10-17 07:27:05,13150.0,300.0,1244400.0
73,2021-10-17 07:27:04,13150.0,700.0,1244100.0
74,2021-10-17 07:26:54,13150.0,3000.0,1243400.0
75,2021-10-17 07:26:47,13150.0,100.0,1240400.0
76,2021-10-17 07:26:22,13100.0,1000.0,1240300.0
77,2021-10-17 07:25:48,13100.0,500.0,1239300.0
78,2021-10-17 07:25:48,13100.0,1000.0,1238800.0
79,2021-10-17 07:25:48,13100.0,200.0,1237800.0
80,2021-10-17 07:25:48,13100.0,100.0,1237600.0
81,2021-10-17 07:25:48,13100.0,3500.0,1237500.0
82,2021-10-17 07:25:48,13100.0,9700.0,1234000.0
83,2021-10-17 07:25:33,13200.0,200.0,1224300.0
84,2021-10-17 07:25:31,13200.0,200.0,1224100.0
85,2021-10-17 07:24:54,13200.0,200.0,1223900.0
86,2021-10-17 07:24:41,13200.0,8000.0,1223700.0
87,2021-10-17 07:24:41,13200.0,1000.0,1215700.0
88,2021-10-17 07:24:41,13200.0,1000.0,1214700.0
89,2021-10-17 07:24:28,13100.0,300.0,1213700.0
90,2021-10-17 07:24:28,13100.0,100.0,1213400.0
91,2021-10-17 07:24:28,13100.0,2000.0,1213300.0
92,2021-10-17 07:24:28,13100.0,800.0,1211300.0
93,2021-10-17 07:24:28,13100.0,1800.0,1210500.0
94,2021-10-17 07:24:15,13200.0,200.0,1208700.0
95,2021-10-17 07:24:12,13100.0,1200.0,1208500.0
96,2021-10-17 07:24:12,13100.0,5000.0,1207300.0
97,2021-10-17 07:24:12,13100.0,8800.0,1202300.0
98,2021-10-17 07:24:01,13200.0,2000.0,1193500.0
99,2021-10-17 07:24:01,13100.0,100.0,1191500.0
100,2021-10-17 07:23:32,13100.0,1100.0,1191400.0
101,2021-10-17 07:23:32,13100.0,3700.0,1190300.0
102,2021-10-17 07:23:25,13100.0,1000.0,1186600.0
103,2021-10-17 07:23:19,13100.0,200.0,1185600.0
104,2021-10-17 07:23:15,13100.0,100.0,1185400.0
105,2021-10-17 07:22:47,13050.0,9700.0,1185300.0
106,2021-10-17 07:22:47,13050.0,200.0,1175600.0
107,2021-10-17 07:22:47,13050.0,10000.0,1175400.0
108,2021-10-17 07:22:47,13050.0,100.0,1165400.0
109,2021-10-17 07:22:47,13100.0,200.0,1165300.0
110,2021-10-17 07:22:44,13100.0,100.0,1165100.0
111,2021-10-17 07:22:43,13100.0,100.0,1165000.0
112,2021-10-17 07:22:34,13100.0,500.0,1164900.0
113,2021-10-17 07:22:31,13100.0,100.0,1164400.0
114,2021-10-17 07:22:31,13100.0,1500.0,1164300.0
115,2021-10-17 07:22:31,13100.0,1900.0,1162800.0
116,2021-10-17 07:22:31,13100.0,500.0,1160900.0
117,2021-10-17 07:22:18,13100.0,10000.0,1160400.0
118,2021-10-17 07:22:00,13100.0,100.0,1150400.0
119,2021-10-17 07:21:50,13100.0,1000.0,1150300.0
120,2021-10-17 07:21:38,13000.0,800.0,1149300.0
121,2021-10-17 07:21:38,13050.0,1000.0,1148500.0
122,2021-10-17 07:21:36,13050.0,200.0,1147500.0
123,2021-10-17 07:21:36,13050.0,3800.0,1147300.0
124,2021-10-17 07:21:30,13050.0,1300.0,1143500.0
125,2021-10-17 07:21:30,13050.0,1200.0,1142200.0
126,2021-10-17 07:21:22,13050.0,300.0,1141000.0
127,2021-10-17 07:21:17,13000.0,5000.0,1140700.0
128,2021-10-17 07:21:17,13000.0,100.0,1135700.0
129,2021-10-17 07:21:17,13000.0,200.0,1135600.0
130,2021-10-17 07:21:17,13000.0,100.0,1135400.0
131,2021-10-17 07:21:17,13000.0,200.0,1135300.0
132,2021-10-17 07:21:17,13000.0,1000.0,1135100.0
133,2021-10-17 07:21:17,13000.0,5000.0,1134100.0
134,2021-10-17 07:21:17,13000.0,2000.0,1129100.0
135,2021-10-17 07:21:17,13000.0,1400.0,1127100.0
136,2021-10-17 07:21:17,13000.0,600.0,1125700.0
137,2021-10-17 07:21:17,13000.0,200.0,1125100.0
138,2021-10-17 07:21:16,13050.0,1000.0,1124900.0
139,2021-10-17 07:21:13,13000.0,100.0,1123900.0
140,2021-10-17 07:21:13,13050.0,2000.0,1123800.0
141,2021-10-17 07:21:10,13050.0,100.0,1121800.0
142,2021-10-17 07:21:07,13050.0,200.0,1121700.0
143,2021-10-17 07:21:01,13050.0,1500.0,1121500.0
144,2021-10-17 07:21:01,13050.0,1100.0,1120000.0
145,2021-10-17 07:20:57,13050.0,600.0,1118900.0
146,2021-10-17 07:20:55,13050.0,700.0,1118300.0
147,2021-10-17 07:20:53,13050.0,300.0,1117600.0
148,2021-10-17 07:20:53,13050.0,200.0,1117300.0
149,2021-10-17 07:20:51,13050.0,1000.0,1117100.0
150,2021-10-17 07:20:51,13050.0,200.0,1116100.0
151,2021-10-17 07:20:51,13050.0,400.0,1115900.0
152,2021-10-17 07:20:51,13050.0,300.0,1115500.0
153,2021-10-17 07:20:51,13050.0,100.0,1115200.0
154,2021-10-17 07:20:51,13050.0,500.0,1115100.0
155,2021-10-17 07:20:41,13100.0,100.0,1114600.0
156,2021-10-17 07:20:19,13100.0,200.0,1114500.0
157,2021-10-17 07:20:07,13100.0,1000.0,1114300.0
158,2021-10-17 07:20:07,13100.0,100.0,1113300.0
159,2021-10-17 07:20:07,13100.0,100.0,1113200.0
160,2021-10-17 07:20:07,13100.0,2000.0,1113100.0
161,2021-10-17 07:20:07,13100.0,100.0,1111100.0
162,2021-10-17 07:20:07,13100.0,20000.0,1111000.0
163,2021-10-17 07:20:07,13100.0,100.0,1091000.0
164,2021-10-17 07:20:07,13100.0,1000.0,1090900.0
165,2021-10-17 07:20:07,13100.0,10000.0,1089900.0
166,2021-10-17 07:20:07,13100.0,100.0,1079900.0
167,2021-10-17 07:20:07,13100.0,100.0,1079800.0
168,2021-10-17 07:20:07,13100.0,100.0,1079700.0
169,2021-10-17 07:20:07,13100.0,100.0,1079600.0
170,2021-10-17 07:20:07,13100.0,400.0,1079500.0
171,2021-10-17 07:20:07,13100.0,1000.0,1079100.0
172,2021-10-17 07:20:07,13100.0,300.0,1078100.0
173,2021-10-17 07:20:07,13100.0,100.0,1077800.0
174,2021-10-17 07:20:07,13100.0,300.0,1077700.0
175,2021-10-17 07:20:07,13100.0,2100.0,1077400.0
176,2021-10-17 07:20:04,13100.0,2900.0,1075300.0
177,2021-10-17 07:20:04,13100.0,1000.0,1072400.0
178,2021-10-17 07:20:04,13100.0,300.0,1071400.0
179,2021-10-17 07:20:04,13100.0,400.0,1071100.0
180,2021-10-17 07:20:04,13100.0,100.0,1070700.0
181,2021-10-17 07:20:04,13100.0,200.0,1070600.0
182,2021-10-17 07:20:04,13100.0,100.0,1070400.0
183,2021-10-17 07:20:04,13100.0,1000.0,1070300.0
184,2021-10-17 07:20:04,13100.0,500.0,1069300.0
185,2021-10-17 07:20:04,13100.0,100.0,1068800.0
186,2021-10-17 07:20:04,13100.0,200.0,1068700.0
187,2021-10-17 07:20:04,13100.0,200.0,1068500.0
188,2021-10-17 07:20:04,13100.0,5000.0,1068300.0
189,2021-10-17 07:20:04,13150.0,1500.0,1063300.0
190,2021-10-17 07:20:04,13150.0,100.0,1061800.0
191,2021-10-17 07:20:04,13150.0,700.0,1061700.0
192,2021-10-17 07:19:55,13150.0,100.0,1061000.0
193,2021-10-17 07:19:50,13150.0,4200.0,1060900.0
194,2021-10-17 07:19:50,13150.0,100.0,1056700.0
195,2021-10-17 07:19:50,13150.0,3000.0,1056600.0
196,2021-10-17 07:19:50,13150.0,300.0,1053600.0
197,2021-10-17 07:19:50,13150.0,200.0,1053300.0
198,2021-10-17 07:19:50,13150.0,200.0,1053100.0
199,2021-10-17 07:19:50,13150.0,100.0,1052900.0
200,2021-10-17 07:19:50,13150.0,300.0,1052800.0
201,2021-10-17 07:19:50,13150.0,1600.0,1052500.0
202,2021-10-17 07:19:22,13200.0,800.0,1050900.0
203,2021-10-17 07:19:19,13150.0,100.0,1050100.0
204,2021-10-17 07:19:09,13150.0,4900.0,1050000.0
205,2021-10-17 07:19:01,13150.0,500.0,1045100.0
206,2021-10-17 07:18:47,13150.0,2900.0,1044600.0
207,2021-10-17 07:18:47,13150.0,100.0,1041700.0
208,2021-10-17 07:18:47,13150.0,6000.0,1041600.0
209,2021-10-17 07:18:47,13150.0,500.0,1035600.0
210,2021-10-17 07:18:47,13150.0,500.0,1035100.0
211,2021-10-17 07:18:35,13200.0,1000.0,1034600.0
212,2021-10-17 07:18:14,13200.0,600.0,1033600.0
213,2021-10-17 07:18:14,13200.0,900.0,1033000.0
214,2021-10-17 07:18:14,13200.0,200.0,1032100.0
215,2021-10-17 07:18:14,13200.0,500.0,1031900.0
216,2021-10-17 07:18:14,13200.0,500.0,1031400.0
217,2021-10-17 07:18:14,13200.0,100.0,1030900.0
218,2021-10-17 07:18:14,13200.0,100.0,1030800.0
219,2021-10-17 07:18:14,13200.0,2100.0,1030700.0
220,2021-10-17 07:18:09,13200.0,900.0,1028600.0
221,2021-10-17 07:18:09,13200.0,500.0,1027700.0
222,2021-10-17 07:18:07,13200.0,300.0,1027200.0
223,2021-10-17 07:18:07,13200.0,500.0,1026900.0
224,2021-10-17 07:18:07,13200.0,200.0,1026400.0
225,2021-10-17 07:17:59,13200.0,200.0,1026200.0
226,2021-10-17 07:17:37,13200.0,1000.0,1026000.0
227,2021-10-17 07:17:29,13200.0,200.0,1025000.0
228,2021-10-17 07:16:26,13200.0,1000.0,1024800.0
229,2021-10-17 07:16:06,13200.0,2400.0,1023800.0
230,2021-10-17 07:16:06,13200.0,100.0,1021400.0
231,2021-10-17 07:16:06,13200.0,100.0,1021300.0
232,2021-10-17 07:16:06,13200.0,100.0,1021200.0
233,2021-10-17 07:16:06,13200.0,2000.0,1021100.0
234,2021-10-17 07:16:06,13200.0,300.0,1019100.0
235,2021-10-17 07:15:39,13200.0,200.0,1018800.0
236,2021-10-17 07:15:39,13200.0,200.0,1018600.0
237,2021-10-17 07:15:39,13200.0,1000.0,1018400.0
238,2021-10-17 07:15:39,13200.0,2000.0,1017400.0
239,2021-10-17 07:15:39,13200.0,100.0,1015400.0
240,2021-10-17 07:15:39,13200.0,100.0,1015300.0
241,2021-10-17 07:15:39,13200.0,100.0,1015200.0
242,2021-10-17 07:15:39,13200.0,1300.0,1015100.0
243,2021-10-17 07:15:36,13200.0,3000.0,1013800.0
244,2021-10-17 07:15:20,13200.0,700.0,1010800.0
245,2021-10-17 07:15:20,13200.0,300.0,1010100.0
246,2021-10-17 07:15:20,13200.0,1000.0,1009800.0
247,2021-10-17 07:15:20,13200.0,500.0,1008800.0
248,2021-10-17 07:15:20,13200.0,100.0,1008300.0
249,2021-10-17 07:15:20,13200.0,800.0,1008200.0
250,2021-10-17 07:15:20,13200.0,400.0,1007400.0
251,2021-10-17 07:15:20,13200.0,4000.0,1007000.0
252,2021-10-17 07:15:20,13200.0,200.0,1003000.0
253,2021-10-17 07:15:20,13200.0,500.0,1002800.0
254,2021-10-17 07:15:20,13200.0,500.0,1002300.0
255,2021-10-17 07:15:20,13200.0,200.0,1001800.0
256,2021-10-17 07:15:20,13200.0,1000.0,1001600.0
257,2021-10-17 07:15:20,13200.0,200.0,1000600.0
258,2021-10-17 07:15:20,13200.0,100.0,1000400.0
259,2021-10-17 07:15:20,13200.0,200.0,1000300.0
260,2021-10-17 07:15:20,13200.0,100.0,1000100.0
261,2021-10-17 07:15:20,13200.0,200.0,1000000.0
262,2021-10-17 07:15:20,13200.0,1000.0,999800.0
263,2021-10-17 07:15:20,13200.0,200.0,998800.0
264,2021-10-17 07:15:20,13200.0,2000.0,998600.0
265,2021-10-17 07:15:20,13200.0,400.0,996600.0
266,2021-10-17 07:15:20,13200.0,100.0,996200.0
267,2021-10-17 07:15:20,13200.0,300.0,996100.0
268,2021-10-17 07:15:11,13200.0,200.0,995800.0
269,2021-10-17 07:15:11,13200.0,100.0,995600.0
270,2021-10-17 07:15:11,13200.0,300.0,995500.0
271,2021-10-17 07:15:11,13200.0,300.0,995200.0
272,2021-10-17 07:15:11,13200.0,300.0,994900.0
273,2021-10-17 07:15:11,13200.0,200.0,994600.0
274,2021-10-17 07:15:11,13200.0,300.0,994400.0
275,2021-10-17 07:15:11,13200.0,900.0,994100.0
276,2021-10-17 07:15:11,13200.0,100.0,993200.0
277,2021-10-17 07:15:11,13200.0,300.0,993100.0
278,2021-10-17 07:15:11,13200.0,200.0,992800.0
279,2021-10-17 07:15:11,13200.0,800.0,992600.0
280,2021-10-17 07:15:11,13200.0,200.0,991800.0
281,2021-10-17 07:15:11,13200.0,100.0,991600.0
282,2021-10-17 07:15:11,13200.0,5000.0,991500.0
283,2021-10-17 07:15:11,13200.0,200.0,986500.0
284,2021-10-17 07:15:11,13200.0,200.0,986300.0
285,2021-10-17 07:15:11,13200.0,300.0,986100.0
286,2021-10-17 07:15:11,13200.0,1000.0,985800.0
287,2021-10-17 07:15:11,13200.0,100.0,984800.0
288,2021-10-17 07:15:11,13200.0,700.0,984700.0
289,2021-10-17 07:15:11,13200.0,100.0,984000.0
290,2021-10-17 07:15:11,13200.0,1000.0,983900.0
291,2021-10-17 07:15:11,13200.0,1000.0,982900.0
292,2021-10-17 07:15:11,13200.0,100.0,981900.0
293,2021-10-17 07:15:11,13200.0,900.0,981800.0
294,2021-10-17 07:15:11,13200.0,4100.0,980900.0
295,2021-10-17 07:15:11,13200.0,5900.0,976800.0
296,2021-10-17 07:15:11,13200.0,100.0,970900.0
297,2021-10-17 07:15:11,13200.0,1000.0,970800.0
298,2021-10-17 07:15:11,13200.0,100.0,969800.0
299,2021-10-17 07:14:59,13250.0,200.0,969700.0
300,2021-10-17 07:14:36,13250.0,100.0,969500.0
301,2021-10-17 07:14:15,13250.0,100.0,969400.0
302,2021-10-17 07:14:12,13250.0,300.0,969300.0
303,2021-10-17 07:14:12,13250.0,15100.0,969000.0
304,2021-10-17 07:14:12,13250.0,200.0,953900.0
305,2021-10-17 07:14:12,13250.0,10000.0,953700.0
306,2021-10-17 07:14:12,13250.0,2000.0,943700.0
307,2021-10-17 07:14:12,13250.0,800.0,941700.0
308,2021-10-17 07:14:12,13250.0,100.0,940900.0
309,2021-10-17 07:14:12,13250.0,500.0,940800.0
310,2021-10-17 07:14:12,13250.0,100.0,940300.0
311,2021-10-17 07:14:12,13250.0,100.0,940200.0
312,2021-10-17 07:14:12,13250.0,500.0,940100.0
313,2021-10-17 07:14:12,13250.0,100.0,939600.0
314,2021-10-17 07:14:12,13250.0,1000.0,939500.0
315,2021-10-17 07:14:12,13250.0,2000.0,938500.0
316,2021-10-17 07:14:12,13250.0,5000.0,936500.0
317,2021-10-17 07:14:12,13250.0,7900.0,931500.0
318,2021-10-17 07:13:47,13250.0,600.0,923600.0
319,2021-10-17 07:13:37,13250.0,1000.0,923000.0
320,2021-10-17 07:12:38,13300.0,200.0,922000.0
321,2021-10-17 07:12:37,13300.0,100.0,921800.0
322,2021-10-17 07:12:12,13250.0,400.0,921700.0
323,2021-10-17 07:12:02,13300.0,1000.0,921300.0
324,2021-10-17 07:11:45,13300.0,100.0,920300.0
325,2021-10-17 07:11:44,13250.0,100.0,920200.0
326,2021-10-17 07:11:44,13250.0,1000.0,920100.0
327,2021-10-17 07:11:44,13250.0,100.0,919100.0
328,2021-10-17 07:11:44,13250.0,1000.0,919000.0
329,2021-10-17 07:11:44,13250.0,2000.0,918000.0
330,2021-10-17 07:11:44,13250.0,1000.0,916000.0
331,2021-10-17 07:11:44,13250.0,1000.0,915000.0
332,2021-10-17 07:11:44,13250.0,3000.0,914000.0
333,2021-10-17 07:11:44,13250.0,100.0,911000.0
334,2021-10-17 07:11:44,13250.0,1000.0,910900.0
335,2021-10-17 07:11:44,13250.0,100.0,909900.0
336,2021-10-17 07:11:44,13250.0,200.0,909800.0
337,2021-10-17 07:11:37,13250.0,100.0,909600.0
338,2021-10-17 07:11:19,13250.0,500.0,909500.0
339,2021-10-17 07:11:13,13250.0,200.0,909000.0
340,2021-10-17 07:11:13,13250.0,100.0,908800.0
341,2021-10-17 07:10:05,13250.0,100.0,908700.0
342,2021-10-17 07:09:39,13250.0,100.0,908600.0
343,2021-10-17 07:09:35,13250.0,700.0,908500.0
344,2021-10-17 07:09:35,13250.0,100.0,907800.0
345,2021-10-17 07:09:35,13250.0,500.0,907700.0
346,2021-10-17 07:09:35,13250.0,7600.0,907200.0
347,2021-10-17 07:09:22,13250.0,2400.0,899600.0
348,2021-10-17 07:09:22,13250.0,700.0,897200.0
349,2021-10-17 07:09:22,13250.0,1000.0,896500.0
350,2021-10-17 07:09:22,13250.0,100.0,895500.0
351,2021-10-17 07:09:22,13250.0,200.0,895400.0
352,2021-10-17 07:09:22,13250.0,100.0,895200.0
353,2021-10-17 07:09:22,13250.0,500.0,895100.0
354,2021-10-17 07:09:22,13250.0,5000.0,894600.0
355,2021-10-17 07:08:49,13250.0,100.0,889600.0
356,2021-10-17 07:08:16,13300.0,100.0,889500.0
357,2021-10-17 07:07:38,13300.0,1900.0,889400.0
358,2021-10-17 07:07:38,13300.0,3000.0,887500.0
359,2021-10-17 07:07:38,13300.0,100.0,884500.0
360,2021-10-17 07:07:38,13300.0,1000.0,884400.0
361,2021-10-17 07:07:38,13300.0,3800.0,883400.0
362,2021-10-17 07:07:38,13300.0,200.0,879600.0
363,2021-10-17 07:06:54,13300.0,2200.0,879400.0
364,2021-10-17 07:06:44,13300.0,1000.0,877200.0
365,2021-10-17 07:06:41,13300.0,2000.0,876200.0
366,2021-10-17 07:05:40,13300.0,200.0,874200.0
367,2021-10-17 07:04:58,13300.0,100.0,874000.0
368,2021-10-17 07:04:58,13300.0,1000.0,873900.0
369,2021-10-17 07:04:58,13300.0,300.0,872900.0
370,2021-10-17 07:04:58,13300.0,300.0,872600.0
371,2021-10-17 07:04:58,13300.0,500.0,872300.0
372,2021-10-17 07:04:58,13300.0,500.0,871800.0
373,2021-10-17 07:04:58,13300.0,500.0,871300.0
374,2021-10-17 07:04:58,13300.0,200.0,870800.0
375,2021-10-17 07:04:58,13300.0,200.0,870600.0
376,2021-10-17 07:04:58,13300.0,1000.0,870400.0
377,2021-10-17 07:04:58,13300.0,100.0,869400.0
378,2021-10-17 07:04:58,13300.0,1000.0,869300.0
379,2021-10-17 07:04:58,13300.0,2000.0,868300.0
380,2021-10-17 07:04:58,13300.0,1000.0,866300.0
381,2021-10-17 07:04:58,13300.0,300.0,865300.0
382,2021-10-17 07:04:58,13300.0,1000.0,865000.0
383,2021-10-17 07:04:58,13300.0,3000.0,864000.0
384,2021-10-17 07:04:58,13300.0,4700.0,861000.0
385,2021-10-17 07:04:58,13300.0,1000.0,856300.0
386,2021-10-17 07:04:58,13300.0,200.0,855300.0
387,2021-10-17 07:04:58,13300.0,200.0,855100.0
388,2021-10-17 07:04:58,13300.0,200.0,854900.0
389,2021-10-17 07:04:58,13300.0,2000.0,854700.0
390,2021-10-17 07:04:58,13300.0,200.0,852700.0
391,2021-10-17 07:04:58,13300.0,500.0,852500.0
392,2021-10-17 07:04:58,13300.0,1800.0,852000.0
393,2021-10-17 07:04:58,13300.0,1000.0,850200.0
394,2021-10-17 07:04:58,13300.0,2600.0,849200.0
395,2021-10-17 07:04:58,13300.0,7000.0,846600.0
396,2021-10-17 07:04:38,13300.0,3000.0,839600.0
397,2021-10-17 07:04:38,13300.0,2000.0,836600.0
398,2021-10-17 07:04:38,13300.0,1000.0,834600.0
399,2021-10-17 07:04:38,13300.0,500.0,833600.0
400,2021-10-17 07:04:38,13300.0,200.0,833100.0
401,2021-10-17 07:04:38,13300.0,200.0,832900.0
402,2021-10-17 07:04:38,13300.0,1000.0,832700.0
403,2021-10-17 07:04:38,13300.0,200.0,831700.0
404,2021-10-17 07:04:38,13300.0,1500.0,831500.0
405,2021-10-17 07:04:38,13300.0,100.0,830000.0
406,2021-10-17 07:04:38,13300.0,5000.0,829900.0
407,2021-10-17 07:04:38,13300.0,500.0,824900.0
408,2021-10-17 07:04:38,13300.0,100.0,824400.0
409,2021-10-17 07:04:38,13300.0,2000.0,824300.0
410,2021-10-17 07:04:38,13300.0,100.0,822300.0
411,2021-10-17 07:04:38,13300.0,1000.0,822200.0
412,2021-10-17 07:04:38,13300.0,3000.0,821200.0
413,2021-10-17 07:04:38,13300.0,100.0,818200.0
414,2021-10-17 07:04:38,13300.0,500.0,818100.0
415,2021-10-17 07:04:38,13300.0,400.0,817600.0
416,2021-10-17 07:04:38,13300.0,100.0,817200.0
417,2021-10-17 07:04:38,13300.0,1000.0,817100.0
418,2021-10-17 07:04:38,13300.0,500.0,816100.0
419,2021-10-17 07:04:38,13300.0,500.0,815600.0
420,2021-10-17 07:04:38,13300.0,100.0,815100.0
421,2021-10-17 07:04:38,13300.0,200.0,815000.0
422,2021-10-17 07:04:38,13300.0,200.0,814800.0
423,2021-10-17 07:04:37,13350.0,100.0,814600.0
424,2021-10-17 07:04:37,13350.0,100.0,814500.0
425,2021-10-17 07:04:36,13300.0,200.0,814400.0
426,2021-10-17 07:04:36,13300.0,200.0,814200.0
427,2021-10-17 07:04:18,13350.0,900.0,814000.0
428,2021-10-17 07:04:18,13350.0,1000.0,813100.0
429,2021-10-17 07:04:18,13350.0,5600.0,812100.0
430,2021-10-17 07:03:20,13300.0,300.0,806500.0
431,2021-10-17 07:03:20,13300.0,700.0,806200.0
432,2021-10-17 07:01:49,13350.0,700.0,805500.0
433,2021-10-17 07:01:49,13350.0,100.0,804800.0
434,2021-10-17 07:00:29,13350.0,2000.0,804700.0
435,2021-10-17 07:00:28,13350.0,1000.0,802700.0
436,2021-10-17 06:59:52,13350.0,500.0,801700.0
437,2021-10-17 06:58:18,13350.0,100.0,801200.0
438,2021-10-17 06:58:03,13350.0,1000.0,801100.0
439,2021-10-17 06:57:17,13350.0,400.0,800100.0
440,2021-10-17 06:57:17,13350.0,300.0,799700.0
441,2021-10-17 06:57:17,13350.0,200.0,799400.0
442,2021-10-17 06:57:17,13350.0,100.0,799200.0
443,2021-10-17 06:56:32,13350.0,200.0,799100.0
444,2021-10-17 06:56:32,13350.0,1000.0,798900.0
445,2021-10-17 06:56:32,13350.0,500.0,797900.0
446,2021-10-17 06:56:32,13350.0,500.0,797400.0
447,2021-10-17 06:56:32,13350.0,2300.0,796900.0
448,2021-10-17 06:56:24,13350.0,200.0,794600.0
449,2021-10-17 06:56:22,13350.0,500.0,794400.0
450,2021-10-17 06:55:30,13350.0,1000.0,793900.0
451,2021-10-17 06:55:19,13350.0,100.0,792900.0
452,2021-10-17 06:54:52,13350.0,500.0,792800.0
453,2021-10-17 06:54:30,13350.0,500.0,792300.0
454,2021-10-17 06:53:38,13350.0,200.0,791800.0
455,2021-10-17 06:50:17,13350.0,4500.0,791600.0
456,2021-10-17 06:48:59,13350.0,200.0,787100.0
457,2021-10-17 06:47:27,13350.0,1000.0,786900.0
458,2021-10-17 06:46:48,13350.0,500.0,785900.0
459,2021-10-17 06:46:30,13350.0,3000.0,785400.0
460,2021-10-17 06:46:25,13350.0,1000.0,782400.0
461,2021-10-17 06:46:21,13350.0,1000.0,781400.0
462,2021-10-17 06:46:21,13350.0,100.0,780400.0
463,2021-10-17 06:46:21,13350.0,400.0,780300.0
464,2021-10-17 06:46:17,13350.0,100.0,779900.0
465,2021-10-17 06:46:17,13350.0,7900.0,779800.0
466,2021-10-17 06:46:13,13350.0,100.0,771900.0
467,2021-10-17 06:46:10,13350.0,1400.0,771800.0
468,2021-10-17 06:46:05,13350.0,600.0,770400.0
469,2021-10-17 06:46:05,13350.0,1000.0,769800.0
470,2021-10-17 06:46:05,13350.0,100.0,768800.0
471,2021-10-17 06:46:05,13350.0,500.0,768700.0
472,2021-10-17 06:46:05,13350.0,200.0,768200.0
473,2021-10-17 06:46:05,13350.0,1000.0,768000.0
474,2021-10-17 06:46:05,13350.0,5000.0,767000.0
475,2021-10-17 06:46:05,13350.0,600.0,762000.0
476,2021-10-17 06:45:58,13350.0,700.0,761400.0
477,2021-10-17 06:43:16,13400.0,100.0,760700.0
478,2021-10-17 06:42:14,13400.0,500.0,760600.0
479,2021-10-17 06:41:10,13400.0,100.0,760100.0
480,2021-10-17 06:39:06,13400.0,300.0,760000.0
481,2021-10-17 06:38:59,13350.0,700.0,759700.0
482,2021-10-17 06:38:59,13350.0,100.0,759000.0
483,2021-10-17 06:38:59,13350.0,200.0,758900.0
484,2021-10-17 06:38:57,13400.0,100.0,758700.0
485,2021-10-17 06:38:53,13400.0,100.0,758600.0
486,2021-10-17 06:38:53,13400.0,400.0,758500.0
487,2021-10-17 06:38:53,13400.0,500.0,758100.0
488,2021-10-17 06:38:41,13400.0,500.0,757600.0
489,2021-10-17 06:38:41,13400.0,400.0,757100.0
490,2021-10-17 06:37:45,13350.0,200.0,756700.0
491,2021-10-17 06:36:54,13350.0,1000.0,756500.0
492,2021-10-17 06:36:54,13350.0,2000.0,755500.0
493,2021-10-17 06:36:46,13350.0,100.0,753500.0
494,2021-10-17 06:35:16,13350.0,800.0,753400.0
495,2021-10-17 06:34:56,13400.0,100.0,752600.0
496,2021-10-17 06:34:56,13400.0,200.0,752500.0
497,2021-10-17 06:34:49,13350.0,1100.0,752300.0
498,2021-10-17 06:34:49,13350.0,400.0,751200.0
499,2021-10-17 06:34:49,13350.0,100.0,750800.0
500,2021-10-17 06:34:49,13350.0,100.0,750700.0
501,2021-10-17 06:34:49,13350.0,100.0,750600.0
502,2021-10-17 06:34:49,13350.0,100.0,750500.0
503,2021-10-17 06:34:49,13350.0,300.0,750400.0
504,2021-10-17 06:34:49,13350.0,100.0,750100.0
505,2021-10-17 06:34:49,13350.0,1000.0,750000.0
506,2021-10-17 06:34:49,13350.0,400.0,749000.0
507,2021-10-17 06:34:30,13400.0,1000.0,748600.0
508,2021-10-17 06:34:24,13400.0,200.0,747600.0
509,2021-10-17 06:34:02,13400.0,200.0,747400.0
510,2021-10-17 06:33:49,13400.0,200.0,747200.0
511,2021-10-17 06:33:46,13400.0,4400.0,747000.0
512,2021-10-17 06:33:46,13400.0,600.0,742600.0
513,2021-10-17 06:33:45,13400.0,100.0,742000.0
514,2021-10-17 06:33:45,13400.0,1100.0,741900.0
515,2021-10-17 06:32:50,13400.0,300.0,740800.0
516,2021-10-17 06:31:43,13400.0,1000.0,740500.0
517,2021-10-17 06:29:15,13400.0,100.0,739500.0
518,2021-10-17 06:28:36,13400.0,600.0,739400.0
519,2021-10-17 06:27:09,13350.0,2600.0,738800.0
520,2021-10-17 06:27:09,13350.0,200.0,736200.0
521,2021-10-17 06:27:09,13350.0,100.0,736000.0
522,2021-10-17 06:27:09,13350.0,100.0,735900.0
523,2021-10-17 06:26:28,13350.0,100.0,735800.0
524,2021-10-17 06:26:28,13350.0,400.0,735700.0
525,2021-10-17 06:25:16,13350.0,500.0,735300.0
526,2021-10-17 06:25:03,13400.0,100.0,734800.0
527,2021-10-17 06:23:25,13350.0,1000.0,734700.0
528,2021-10-17 06:21:20,13400.0,300.0,733700.0
529,2021-10-17 06:20:37,13350.0,100.0,733400.0
530,2021-10-17 06:20:37,13350.0,1000.0,733300.0
531,2021-10-17 06:20:37,13350.0,2900.0,732300.0
532,2021-10-17 06:20:09,13350.0,100.0,729400.0
533,2021-10-17 06:19:57,13400.0,300.0,729300.0
534,2021-10-17 06:19:14,13400.0,1000.0,729000.0
535,2021-10-17 06:19:11,13400.0,1000.0,728000.0
536,2021-10-17 06:14:46,13400.0,100.0,727000.0
537,2021-10-17 06:08:55,13300.0,2300.0,726900.0
538,2021-10-17 06:08:55,13300.0,200.0,724600.0
539,2021-10-17 06:08:55,13300.0,200.0,724400.0
540,2021-10-17 06:08:55,13300.0,100.0,724200.0
541,2021-10-17 06:08:55,13300.0,200.0,724100.0
542,2021-10-17 06:08:55,13300.0,10000.0,723900.0
543,2021-10-17 06:08:55,13300.0,1000.0,713900.0
544,2021-10-17 06:08:55,13300.0,1000.0,712900.0
545,2021-10-17 06:08:55,13300.0,1000.0,711900.0
546,2021-10-17 06:08:55,13300.0,7700.0,710900.0
547,2021-10-17 06:08:55,13300.0,900.0,703200.0
548,2021-10-17 06:08:55,13300.0,500.0,702300.0
549,2021-10-17 06:08:55,13300.0,100.0,701800.0
550,2021-10-17 06:08:55,13300.0,100.0,701700.0
551,2021-10-17 06:08:55,13300.0,1000.0,701600.0
552,2021-10-17 06:08:55,13300.0,300.0,700600.0
553,2021-10-17 06:08:55,13300.0,1000.0,700300.0
554,2021-10-17 06:08:55,13300.0,200.0,699300.0
555,2021-10-17 06:08:55,13300.0,20000.0,699100.0
556,2021-10-17 06:08:55,13300.0,100.0,679100.0
557,2021-10-17 06:08:55,13300.0,5000.0,679000.0
558,2021-10-17 06:08:55,13300.0,400.0,674000.0
559,2021-10-17 06:08:55,13300.0,100.0,673600.0
560,2021-10-17 06:08:55,13300.0,500.0,673500.0
561,2021-10-17 06:08:55,13300.0,100.0,673000.0
562,2021-10-17 06:08:55,13300.0,2000.0,672900.0
563,2021-10-17 06:08:55,13300.0,300.0,670900.0
564,2021-10-17 06:08:55,13300.0,500.0,670600.0
565,2021-10-17 06:08:55,13300.0,500.0,670100.0
566,2021-10-17 06:08:55,13300.0,800.0,669600.0
567,2021-10-17 06:08:55,13300.0,20000.0,668800.0
568,2021-10-17 06:08:55,13300.0,100.0,648800.0
569,2021-10-17 06:08:55,13300.0,3000.0,648700.0
570,2021-10-17 06:08:55,13300.0,5000.0,645700.0
571,2021-10-17 06:08:55,13300.0,100.0,640700.0
572,2021-10-17 06:08:55,13300.0,500.0,640600.0
573,2021-10-17 06:08:55,13300.0,100.0,640100.0
574,2021-10-17 06:08:55,13350.0,300.0,640000.0
575,2021-10-17 06:08:55,13350.0,6000.0,639700.0
576,2021-10-17 06:08:55,13350.0,500.0,633700.0
577,2021-10-17 06:08:55,13350.0,1000.0,633200.0
578,2021-10-17 06:08:55,13350.0,1000.0,632200.0
579,2021-10-17 06:08:55,13350.0,2000.0,631200.0
580,2021-10-17 06:08:55,13350.0,1000.0,629200.0
581,2021-10-17 06:08:55,13350.0,200.0,628200.0
582,2021-10-17 06:08:55,13350.0,300.0,628000.0
583,2021-10-17 06:08:55,13350.0,500.0,627700.0
584,2021-10-17 06:08:55,13350.0,300.0,627200.0
585,2021-10-17 06:07:33,13400.0,200.0,626900.0
586,2021-10-17 06:07:33,13400.0,2000.0,626700.0
587,2021-10-17 06:07:33,13400.0,200.0,624700.0
588,2021-10-17 06:07:33,13400.0,800.0,624500.0
589,2021-10-17 06:07:33,13400.0,1200.0,623700.0
590,2021-10-17 06:06:56,13400.0,1000.0,622500.0
591,2021-10-17 06:06:07,13400.0,100.0,621500.0
592,2021-10-17 06:04:26,13400.0,700.0,621400.0
593,2021-10-17 06:03:33,13400.0,100.0,620700.0
594,2021-10-17 06:02:51,13400.0,100.0,620600.0
595,2021-10-17 06:02:51,13400.0,100.0,620500.0
596,2021-10-17 06:01:59,13400.0,400.0,620400.0
597,2021-10-17 06:01:17,13450.0,300.0,620000.0
598,2021-10-17 06:00:32,13500.0,100.0,619700.0
599,2021-10-17 06:00:28,13450.0,100.0,619600.0
600,2021-10-17 06:00:26,13450.0,200.0,619500.0
601,2021-10-17 06:00:15,13450.0,2000.0,619300.0
602,2021-10-17 06:00:06,13450.0,2000.0,617300.0
603,2021-10-17 06:00:06,13400.0,8000.0,615300.0
604,2021-10-17 06:00:04,13400.0,2000.0,607300.0
605,2021-10-17 06:00:02,13350.0,2700.0,605300.0
606,2021-10-17 06:00:02,13350.0,7300.0,602600.0
607,2021-10-17 04:29:04,13450.0,1500.0,595300.0
608,2021-10-17 04:28:37,13450.0,100.0,593800.0
609,2021-10-17 04:28:37,13450.0,1600.0,593700.0
610,2021-10-17 04:28:37,13450.0,300.0,592100.0
611,2021-10-17 04:28:29,13300.0,100.0,591800.0
612,2021-10-17 04:28:29,13300.0,4000.0,591700.0
613,2021-10-17 04:28:29,13300.0,2400.0,587700.0
614,2021-10-17 04:28:29,13300.0,500.0,585300.0
615,2021-10-17 04:28:29,13300.0,1000.0,584800.0
616,2021-10-17 04:28:29,13300.0,100.0,583800.0
617,2021-10-17 04:28:29,13300.0,200.0,583700.0
618,2021-10-17 04:28:29,13300.0,500.0,583500.0
619,2021-10-17 04:28:29,13300.0,300.0,583000.0
620,2021-10-17 04:28:29,13300.0,100.0,582700.0
621,2021-10-17 04:28:29,13300.0,100.0,582600.0
622,2021-10-17 04:28:29,13300.0,500.0,582500.0
623,2021-10-17 04:28:29,13300.0,4000.0,582000.0
624,2021-10-17 04:28:29,13350.0,300.0,578000.0
625,2021-10-17 04:28:29,13350.0,200.0,577700.0
626,2021-10-17 04:28:29,13350.0,2000.0,577500.0
627,2021-10-17 04:28:29,13350.0,300.0,575500.0
628,2021-10-17 04:28:29,13350.0,500.0,575200.0
629,2021-10-17 04:28:29,13350.0,200.0,574700.0
630,2021-10-17 04:28:29,13350.0,100.0,574500.0
631,2021-10-17 04:28:29,13350.0,1000.0,574400.0
632,2021-10-17 04:28:29,13350.0,1000.0,573400.0
633,2021-10-17 04:28:29,13350.0,1000.0,572400.0
634,2021-10-17 04:28:29,13350.0,500.0,571400.0
635,2021-10-17 04:28:29,13350.0,500.0,570900.0
636,2021-10-17 04:28:29,13350.0,1000.0,570400.0
637,2021-10-17 04:28:29,13350.0,500.0,569400.0
638,2021-10-17 04:28:29,13350.0,2000.0,568900.0
639,2021-10-17 04:28:29,13350.0,5000.0,566900.0
640,2021-10-17 04:28:29,13350.0,100.0,561900.0
641,2021-10-17 04:28:29,13350.0,200.0,561800.0
642,2021-10-17 04:28:29,13350.0,200.0,561600.0
643,2021-10-17 04:28:29,13350.0,100.0,561400.0
644,2021-10-17 04:28:29,13350.0,500.0,561300.0
645,2021-10-17 04:28:29,13350.0,200.0,560800.0
646,2021-10-17 04:28:29,13350.0,100.0,560600.0
647,2021-10-17 04:28:29,13350.0,300.0,560500.0
648,2021-10-17 04:28:29,13350.0,400.0,560200.0
649,2021-10-17 04:28:29,13400.0,6000.0,559800.0
650,2021-10-17 04:28:29,13400.0,6000.0,553800.0
651,2021-10-17 04:28:29,13400.0,3000.0,547800.0
652,2021-10-17 04:28:29,13400.0,3000.0,544800.0
653,2021-10-17 04:28:04,13450.0,100.0,541800.0
654,2021-10-17 04:24:05,13350.0,9600.0,541700.0
655,2021-10-17 04:24:05,13350.0,100.0,532100.0
656,2021-10-17 04:24:05,13350.0,300.0,532000.0
657,2021-10-17 04:24:05,13350.0,100.0,531700.0
658,2021-10-17 04:24:05,13350.0,500.0,531600.0
659,2021-10-17 04:24:05,13350.0,500.0,531100.0
660,2021-10-17 04:24:05,13350.0,500.0,530600.0
661,2021-10-17 04:24:05,13350.0,300.0,530100.0
662,2021-10-17 04:24:05,13350.0,5000.0,529800.0
663,2021-10-17 04:24:05,13350.0,500.0,524800.0
664,2021-10-17 04:24:05,13350.0,1000.0,524300.0
665,2021-10-17 04:24:05,13350.0,1000.0,523300.0
666,2021-10-17 04:24:05,13350.0,100.0,522300.0
667,2021-10-17 04:21:04,13450.0,300.0,522200.0
668,2021-10-17 04:20:42,13450.0,500.0,521900.0
669,2021-10-17 04:20:42,13450.0,4800.0,521400.0
670,2021-10-17 04:20:42,13450.0,1000.0,516600.0
671,2021-10-17 04:20:42,13400.0,2300.0,515600.0
672,2021-10-17 04:19:49,13400.0,1000.0,513300.0
673,2021-10-17 04:19:16,13400.0,200.0,512300.0
674,2021-10-17 04:19:16,13400.0,500.0,512100.0
675,2021-10-17 04:17:46,13400.0,700.0,511600.0
676,2021-10-17 04:17:30,13400.0,1000.0,510900.0
677,2021-10-17 04:17:30,13400.0,400.0,509900.0
678,2021-10-17 04:17:12,13400.0,500.0,509500.0
679,2021-10-17 04:16:43,13400.0,300.0,509000.0
680,2021-10-17 04:16:23,13400.0,500.0,508700.0
681,2021-10-17 04:15:13,13350.0,900.0,508200.0
682,2021-10-17 04:15:13,13350.0,100.0,507300.0
683,2021-10-17 04:14:55,13400.0,1000.0,507200.0
684,2021-10-17 04:14:30,13400.0,300.0,506200.0
685,2021-10-17 04:13:57,13400.0,500.0,505900.0
686,2021-10-17 04:13:51,13400.0,100.0,505400.0
687,2021-10-17 04:13:51,13400.0,500.0,505300.0
688,2021-10-17 04:13:51,13400.0,600.0,504800.0
689,2021-10-17 04:13:51,13400.0,300.0,504200.0
690,2021-10-17 04:13:51,13400.0,2000.0,503900.0
691,2021-10-17 04:13:51,13400.0,900.0,501900.0
692,2021-10-17 04:13:51,13400.0,20000.0,501000.0
693,2021-10-17 04:13:51,13400.0,6200.0,481000.0
694,2021-10-17 04:13:51,13400.0,200.0,474800.0
695,2021-10-17 04:13:51,13400.0,1000.0,474600.0
696,2021-10-17 04:13:51,13400.0,200.0,473600.0
697,2021-10-17 04:13:51,13400.0,600.0,473400.0
698,2021-10-17 04:13:51,13400.0,1000.0,472800.0
699,2021-10-17 04:13:51,13400.0,700.0,471800.0
700,2021-10-17 04:13:51,13400.0,100.0,471100.0
701,2021-10-17 04:13:51,13400.0,3600.0,471000.0
702,2021-10-17 04:13:31,13400.0,1400.0,467400.0
703,2021-10-17 04:13:31,13400.0,600.0,466000.0
704,2021-10-17 04:13:02,13400.0,2400.0,465400.0
705,2021-10-17 04:13:02,13400.0,3800.0,463000.0
706,2021-10-17 04:12:59,13400.0,1200.0,459200.0
707,2021-10-17 04:12:59,13400.0,200.0,458000.0
708,2021-10-17 04:12:59,13400.0,100.0,457800.0
709,2021-10-17 04:12:59,13400.0,100.0,457700.0
710,2021-10-17 04:12:59,13400.0,100.0,457600.0
711,2021-10-17 04:12:59,13400.0,200.0,457500.0
712,2021-10-17 04:12:59,13400.0,1000.0,457300.0
713,2021-10-17 04:12:14,13450.0,3000.0,456300.0
714,2021-10-17 04:10:35,13500.0,8000.0,453300.0
715,2021-10-17 04:09:22,13500.0,1000.0,445300.0
716,2021-10-17 04:09:22,13500.0,2000.0,444300.0
717,2021-10-17 04:09:22,13500.0,1000.0,442300.0
718,2021-10-17 04:09:22,13500.0,2000.0,441300.0
719,2021-10-17 04:04:50,13500.0,100.0,439300.0
720,2021-10-17 04:03:08,13400.0,500.0,439200.0
721,2021-10-17 04:02:04,13500.0,200.0,438700.0
722,2021-10-17 04:00:03,13500.0,1000.0,438500.0
723,2021-10-17 04:00:03,13500.0,1000.0,437500.0
724,2021-10-17 04:00:03,13500.0,300.0,436500.0
725,2021-10-17 04:00:03,13500.0,100.0,436200.0
726,2021-10-17 04:00:03,13500.0,2600.0,436100.0
727,2021-10-17 03:58:29,13500.0,600.0,433500.0
728,2021-10-17 03:55:56,13500.0,1000.0,432900.0
729,2021-10-17 03:54:06,13500.0,500.0,431900.0
730,2021-10-17 03:53:17,13500.0,300.0,431400.0
731,2021-10-17 03:53:17,13500.0,100.0,431100.0
732,2021-10-17 03:53:04,13400.0,1000.0,431000.0
733,2021-10-17 03:53:04,13400.0,200.0,430000.0
734,2021-10-17 03:51:49,13500.0,100.0,429800.0
735,2021-10-17 03:51:49,13500.0,500.0,429700.0
736,2021-10-17 03:51:49,13500.0,200.0,429200.0
737,2021-10-17 03:50:28,13500.0,400.0,429000.0
738,2021-10-17 03:50:05,13500.0,2400.0,428600.0
739,2021-10-17 03:50:05,13500.0,300.0,426200.0
740,2021-10-17 03:50:05,13500.0,200.0,425900.0
741,2021-10-17 03:50:05,13500.0,300.0,425700.0
742,2021-10-17 03:50:05,13500.0,4500.0,425400.0
743,2021-10-17 03:46:59,13500.0,500.0,420900.0
744,2021-10-17 03:46:59,13500.0,1000.0,420400.0
745,2021-10-17 03:46:59,13500.0,100.0,419400.0
746,2021-10-17 03:46:59,13450.0,3400.0,419300.0
747,2021-10-17 03:41:25,13400.0,300.0,415900.0
748,2021-10-17 03:41:25,13400.0,1000.0,415600.0
749,2021-10-17 03:41:13,13400.0,1000.0,414600.0
750,2021-10-17 03:41:13,13400.0,900.0,413600.0
751,2021-10-17 03:41:13,13400.0,100.0,412700.0
752,2021-10-17 03:41:11,13400.0,200.0,412600.0
753,2021-10-17 03:41:11,13400.0,4800.0,412400.0
754,2021-10-17 03:41:07,13400.0,1000.0,407600.0
755,2021-10-17 03:41:01,13400.0,1000.0,406600.0
756,2021-10-17 03:40:59,13400.0,100.0,405600.0
757,2021-10-17 03:40:47,13400.0,200.0,405500.0
758,2021-10-17 03:40:39,13400.0,200.0,405300.0
759,2021-10-17 03:40:20,13400.0,1000.0,405100.0
760,2021-10-17 03:39:40,13400.0,1000.0,404100.0
761,2021-10-17 03:39:28,13350.0,200.0,403100.0
762,2021-10-17 03:39:28,13350.0,300.0,402900.0
763,2021-10-17 03:39:28,13350.0,100.0,402600.0
764,2021-10-17 03:38:18,13400.0,100.0,402500.0
765,2021-10-17 03:38:02,13350.0,400.0,402400.0
766,2021-10-17 03:38:02,13350.0,100.0,402000.0
767,2021-10-17 03:37:20,13350.0,1900.0,401900.0
768,2021-10-17 03:37:20,13350.0,100.0,400000.0
769,2021-10-17 03:36:50,13350.0,100.0,399900.0
770,2021-10-17 03:36:50,13350.0,500.0,399800.0
771,2021-10-17 03:36:50,13350.0,500.0,399300.0
772,2021-10-17 03:36:50,13350.0,100.0,398800.0
773,2021-10-17 03:36:50,13350.0,300.0,398700.0
774,2021-10-17 03:36:50,13350.0,1500.0,398400.0
775,2021-10-17 03:36:50,13350.0,500.0,396900.0
776,2021-10-17 03:36:50,13350.0,500.0,396400.0
777,2021-10-17 03:36:50,13350.0,300.0,395900.0
778,2021-10-17 03:36:50,13350.0,1000.0,395600.0
779,2021-10-17 03:36:50,13350.0,100.0,394600.0
780,2021-10-17 03:36:50,13350.0,5000.0,394500.0
781,2021-10-17 03:36:50,13350.0,300.0,389500.0
782,2021-10-17 03:36:50,13350.0,100.0,389200.0
783,2021-10-17 03:36:50,13350.0,100.0,389100.0
784,2021-10-17 03:36:50,13350.0,100.0,389000.0
785,2021-10-17 03:36:44,13400.0,200.0,388900.0
786,2021-10-17 03:36:29,13400.0,5900.0,388700.0
787,2021-10-17 03:36:29,13400.0,1100.0,382800.0
788,2021-10-17 03:35:53,13350.0,200.0,381700.0
789,2021-10-17 03:35:53,13350.0,100.0,381500.0
790,2021-10-17 03:35:53,13350.0,100.0,381400.0
791,2021-10-17 03:35:53,13350.0,100.0,381300.0
792,2021-10-17 03:35:45,13350.0,200.0,381200.0
793,2021-10-17 03:35:45,13350.0,800.0,381000.0
794,2021-10-17 03:33:58,13350.0,100.0,380200.0
795,2021-10-17 03:33:53,13400.0,1000.0,380100.0
796,2021-10-17 03:32:16,13400.0,200.0,379100.0
797,2021-10-17 03:32:11,13400.0,300.0,378900.0
798,2021-10-17 03:32:02,13400.0,800.0,378600.0
799,2021-10-17 03:31:08,13400.0,200.0,377800.0
800,2021-10-17 03:30:25,13400.0,1000.0,377600.0
801,2021-10-17 03:27:39,13350.0,3000.0,376600.0
802,2021-10-17 03:26:18,13350.0,100.0,373600.0
803,2021-10-17 03:25:32,13350.0,800.0,373500.0
804,2021-10-17 03:25:30,13350.0,200.0,372700.0
805,2021-10-17 03:25:28,13400.0,100.0,372500.0
806,2021-10-17 03:25:28,13400.0,100.0,372400.0
807,2021-10-17 03:24:41,13400.0,200.0,372300.0
808,2021-10-17 03:24:36,13400.0,100.0,372100.0
809,2021-10-17 03:24:25,13400.0,200.0,372000.0
810,2021-10-17 03:23:14,13400.0,200.0,371800.0
811,2021-10-17 03:23:14,13400.0,100.0,371600.0
812,2021-10-17 03:23:14,13400.0,500.0,371500.0
813,2021-10-17 03:22:11,13400.0,1000.0,371000.0
814,2021-10-17 03:20:20,13300.0,1000.0,370000.0
815,2021-10-17 03:20:20,13300.0,500.0,369000.0
816,2021-10-17 03:20:20,13300.0,1000.0,368500.0
817,2021-10-17 03:20:20,13300.0,300.0,367500.0
818,2021-10-17 03:20:20,13300.0,5000.0,367200.0
819,2021-10-17 03:20:20,13300.0,100.0,362200.0
820,2021-10-17 03:20:20,13300.0,100.0,362100.0
821,2021-10-17 03:20:20,13300.0,100.0,362000.0
822,2021-10-17 03:20:20,13300.0,2000.0,361900.0
823,2021-10-17 03:20:20,13300.0,100.0,359900.0
824,2021-10-17 03:20:20,13300.0,1000.0,359800.0
825,2021-10-17 03:20:20,13300.0,500.0,358800.0
826,2021-10-17 03:20:20,13300.0,500.0,358300.0
827,2021-10-17 03:20:20,13300.0,100.0,357800.0
828,2021-10-17 03:20:20,13300.0,100.0,357700.0
829,2021-10-17 03:20:20,13300.0,300.0,357600.0
830,2021-10-17 03:20:20,13300.0,100.0,357300.0
831,2021-10-17 03:20:20,13350.0,200.0,357200.0
832,2021-10-17 03:20:20,13350.0,500.0,357000.0
833,2021-10-17 03:20:20,13350.0,100.0,356500.0
834,2021-10-17 03:20:20,13350.0,1500.0,356400.0
835,2021-10-17 03:20:20,13350.0,1000.0,354900.0
836,2021-10-17 03:20:20,13350.0,1000.0,353900.0
837,2021-10-17 03:20:20,13350.0,100.0,352900.0
838,2021-10-17 03:20:20,13350.0,100.0,352800.0
839,2021-10-17 03:20:20,13350.0,5000.0,352700.0
840,2021-10-17 03:20:20,13350.0,5000.0,347700.0
841,2021-10-17 03:20:20,13400.0,1000.0,342700.0
842,2021-10-17 03:20:20,13400.0,500.0,341700.0
843,2021-10-17 03:20:20,13400.0,1000.0,341200.0
844,2021-10-17 03:20:20,13400.0,500.0,340200.0
845,2021-10-17 03:20:20,13400.0,1000.0,339700.0
846,2021-10-17 03:20:20,13400.0,2000.0,338700.0
847,2021-10-17 03:20:20,13400.0,100.0,336700.0
848,2021-10-17 03:20:20,13400.0,100.0,336600.0
849,2021-10-17 03:20:20,13400.0,500.0,336500.0
850,2021-10-17 03:20:20,13400.0,800.0,336000.0
851,2021-10-17 03:20:20,13400.0,100.0,335200.0
852,2021-10-17 03:20:20,13400.0,1000.0,335100.0
853,2021-10-17 03:20:20,13400.0,500.0,334100.0
854,2021-10-17 03:20:20,13400.0,500.0,333600.0
855,2021-10-17 03:20:20,13400.0,100.0,333100.0
856,2021-10-17 03:20:20,13400.0,1400.0,333000.0
857,2021-10-17 03:20:20,13400.0,100.0,331600.0
858,2021-10-17 03:20:20,13400.0,500.0,331500.0
859,2021-10-17 03:20:20,13400.0,200.0,331000.0
860,2021-10-17 03:20:20,13400.0,1000.0,330800.0
861,2021-10-17 03:20:20,13400.0,1000.0,329800.0
862,2021-10-17 03:20:20,13400.0,1000.0,328800.0
863,2021-10-17 03:20:20,13400.0,500.0,327800.0
864,2021-10-17 03:20:20,13400.0,6000.0,327300.0
865,2021-10-17 03:20:20,13400.0,100.0,321300.0
866,2021-10-17 03:20:20,13400.0,1000.0,321200.0
867,2021-10-17 03:20:20,13400.0,200.0,320200.0
868,2021-10-17 03:19:48,13450.0,100.0,320000.0
869,2021-10-17 03:19:48,13450.0,500.0,319900.0
870,2021-10-17 03:19:48,13450.0,3400.0,319400.0
871,2021-10-17 03:19:48,13450.0,2600.0,316000.0
872,2021-10-17 03:18:48,13450.0,2400.0,313400.0
873,2021-10-17 03:18:48,13450.0,100.0,311000.0
874,2021-10-17 03:18:48,13450.0,1300.0,310900.0
875,2021-10-17 03:16:20,13450.0,1000.0,309600.0
876,2021-10-17 03:15:40,13450.0,100.0,308600.0
877,2021-10-17 03:15:40,13450.0,2600.0,308500.0
878,2021-10-17 03:15:17,13400.0,200.0,305900.0
879,2021-10-17 03:15:17,13400.0,800.0,305700.0
880,2021-10-17 03:15:11,13400.0,100.0,304900.0
881,2021-10-17 03:15:08,13450.0,100.0,304800.0
882,2021-10-17 03:14:09,13450.0,300.0,304700.0
883,2021-10-17 03:14:09,13450.0,100.0,304400.0
884,2021-10-17 03:13:47,13450.0,1000.0,304300.0
885,2021-10-17 03:12:42,13450.0,300.0,303300.0
886,2021-10-17 03:12:37,13450.0,1000.0,303000.0
887,2021-10-17 03:11:15,13400.0,100.0,302000.0
888,2021-10-17 03:11:15,13400.0,100.0,301900.0
889,2021-10-17 03:10:28,13400.0,200.0,301800.0
890,2021-10-17 03:10:28,13400.0,1000.0,301600.0
891,2021-10-17 03:10:28,13400.0,100.0,300600.0
892,2021-10-17 03:10:28,13400.0,100.0,300500.0
893,2021-10-17 03:10:28,13400.0,100.0,300400.0
894,2021-10-17 03:10:28,13400.0,500.0,300300.0
895,2021-10-17 03:10:18,13400.0,100.0,299800.0
896,2021-10-17 03:10:15,13450.0,100.0,299700.0
897,2021-10-17 03:09:50,13450.0,300.0,299600.0
898,2021-10-17 03:09:26,13450.0,1000.0,299300.0
899,2021-10-17 03:09:26,13450.0,100.0,298300.0
900,2021-10-17 03:09:26,13450.0,500.0,298200.0
901,2021-10-17 03:09:26,13450.0,3500.0,297700.0
902,2021-10-17 03:09:26,13450.0,2100.0,294200.0
903,2021-10-17 03:08:05,13450.0,2900.0,292100.0
904,2021-10-17 03:08:05,13450.0,2000.0,289200.0
905,2021-10-17 03:08:05,13450.0,1000.0,287200.0
906,2021-10-17 03:08:05,13450.0,200.0,286200.0
907,2021-10-17 03:08:05,13450.0,3900.0,286000.0
908,2021-10-17 03:07:15,13450.0,1500.0,282100.0
909,2021-10-17 03:06:55,13450.0,1500.0,280600.0
910,2021-10-17 03:06:42,13450.0,1100.0,279100.0
911,2021-10-17 03:06:42,13450.0,1000.0,278000.0
912,2021-10-17 03:06:42,13450.0,2800.0,277000.0
913,2021-10-17 03:06:39,13500.0,500.0,274200.0
914,2021-10-17 03:06:34,13500.0,100.0,273700.0
915,2021-10-17 03:06:34,13500.0,300.0,273600.0
916,2021-10-17 03:03:13,13500.0,1000.0,273300.0
917,2021-10-17 03:02:36,13500.0,700.0,272300.0
918,2021-10-17 03:02:36,13500.0,4800.0,271600.0
919,2021-10-17 03:01:42,13450.0,200.0,266800.0
920,2021-10-17 03:01:42,13450.0,300.0,266600.0
921,2021-10-17 03:01:42,13450.0,200.0,266300.0
922,2021-10-17 03:01:42,13450.0,100.0,266100.0
923,2021-10-17 03:01:42,13450.0,500.0,266000.0
924,2021-10-17 02:59:51,13450.0,500.0,265500.0
925,2021-10-17 02:59:51,13450.0,500.0,265000.0
926,2021-10-17 02:59:51,13450.0,100.0,264500.0
927,2021-10-17 02:59:51,13450.0,100.0,264400.0
928,2021-10-17 02:59:51,13450.0,100.0,264300.0
929,2021-10-17 02:59:51,13450.0,500.0,264200.0
930,2021-10-17 02:59:51,13450.0,1200.0,263700.0
931,2021-10-17 02:59:44,13500.0,200.0,262500.0
932,2021-10-17 02:59:44,13500.0,1100.0,262300.0
933,2021-10-17 02:59:26,13500.0,100.0,261200.0
934,2021-10-17 02:58:46,13500.0,500.0,261100.0
935,2021-10-17 02:58:25,13500.0,2000.0,260600.0
936,2021-10-17 02:57:51,13500.0,200.0,258600.0
937,2021-10-17 02:57:05,13500.0,400.0,258400.0
938,2021-10-17 02:56:51,13500.0,500.0,258000.0
939,2021-10-17 02:55:57,13500.0,200.0,257500.0
940,2021-10-17 02:55:57,13500.0,300.0,257300.0
941,2021-10-17 02:55:41,13500.0,100.0,257000.0
942,2021-10-17 02:55:28,13500.0,100.0,256900.0
943,2021-10-17 02:55:28,13500.0,200.0,256800.0
944,2021-10-17 02:55:16,13500.0,100.0,256600.0
945,2021-10-17 02:55:15,13500.0,200.0,256500.0
946,2021-10-17 02:55:09,13500.0,5000.0,256300.0
947,2021-10-17 02:54:03,13500.0,100.0,251300.0
948,2021-10-17 02:54:03,13500.0,100.0,251200.0
949,2021-10-17 02:52:55,13500.0,300.0,251100.0
950,2021-10-17 02:52:19,13500.0,200.0,250800.0
951,2021-10-17 02:52:19,13500.0,500.0,250600.0
952,2021-10-17 02:52:19,13500.0,400.0,250100.0
953,2021-10-17 02:52:00,13550.0,100.0,249700.0
954,2021-10-17 02:52:00,13550.0,900.0,249600.0
955,2021-10-17 02:51:53,13500.0,100.0,248700.0
956,2021-10-17 02:51:14,13550.0,100.0,248600.0
957,2021-10-17 02:51:14,13550.0,100.0,248500.0
958,2021-10-17 02:49:47,13500.0,100.0,248400.0
959,2021-10-17 02:49:28,13500.0,500.0,248300.0
960,2021-10-17 02:49:28,13500.0,2200.0,247800.0
961,2021-10-17 02:49:26,13450.0,100.0,245600.0
962,2021-10-17 02:48:36,13450.0,3700.0,245500.0
963,2021-10-17 02:48:26,13450.0,200.0,241800.0
964,2021-10-17 02:48:26,13450.0,500.0,241600.0
965,2021-10-17 02:48:26,13450.0,8000.0,241100.0
966,2021-10-17 02:48:26,13450.0,1000.0,233100.0
967,2021-10-17 02:48:26,13450.0,1000.0,232100.0
968,2021-10-17 02:48:26,13450.0,200.0,231100.0
969,2021-10-17 02:48:26,13450.0,400.0,230900.0
970,2021-10-17 02:48:26,13450.0,5000.0,230500.0
971,2021-10-17 02:48:06,13500.0,100.0,225500.0
972,2021-10-17 02:47:36,13500.0,100.0,225400.0
973,2021-10-17 02:46:12,13500.0,200.0,225300.0
974,2021-10-17 02:45:50,13500.0,200.0,225100.0
975,2021-10-17 02:45:50,13500.0,500.0,224900.0
976,2021-10-17 02:45:50,13500.0,200.0,224400.0
977,2021-10-17 02:45:50,13500.0,800.0,224200.0
978,2021-10-17 02:45:50,13500.0,700.0,223400.0
979,2021-10-17 02:45:29,13500.0,300.0,222700.0
980,2021-10-17 02:45:29,13500.0,100.0,222400.0
981,2021-10-17 02:45:29,13500.0,200.0,222300.0
982,2021-10-17 02:45:22,13500.0,300.0,222100.0
983,2021-10-17 02:45:02,13500.0,500.0,221800.0
984,2021-10-17 02:45:02,13500.0,500.0,221300.0
985,2021-10-17 02:45:02,13500.0,200.0,220800.0
986,2021-10-17 02:45:02,13500.0,200.0,220600.0
987,2021-10-17 02:45:02,13500.0,3000.0,220400.0
988,2021-10-17 02:45:02,13500.0,400.0,217400.0
989,2021-10-17 02:45:02,13500.0,100.0,217000.0
990,2021-10-17 02:45:02,13500.0,100.0,216900.0
991,2021-10-17 02:44:13,13500.0,200.0,216800.0
992,2021-10-17 02:44:13,13500.0,200.0,216600.0
993,2021-10-17 02:44:13,13500.0,100.0,216400.0
994,2021-10-17 02:43:48,13500.0,1000.0,216300.0
995,2021-10-17 02:43:34,13500.0,900.0,215300.0
996,2021-10-17 02:43:34,13500.0,1000.0,214400.0
997,2021-10-17 02:43:34,13500.0,3000.0,213400.0
998,2021-10-17 02:43:34,13500.0,300.0,210400.0
999,2021-10-17 02:43:34,13500.0,500.0,210100.0
1000,2021-10-17 02:43:34,13500.0,2000.0,209600.0
1001,2021-10-17 02:43:34,13500.0,300.0,207600.0
1002,2021-10-17 02:43:34,13500.0,2000.0,207300.0
1003,2021-10-17 02:42:13,13550.0,500.0,205300.0
1004,2021-10-17 02:42:12,13500.0,200.0,204800.0
1005,2021-10-17 02:42:12,13500.0,3700.0,204600.0
1006,2021-10-17 02:42:12,13500.0,3000.0,200900.0
1007,2021-10-17 02:42:12,13500.0,700.0,197900.0
1008,2021-10-17 02:42:12,13500.0,6800.0,197200.0
1009,2021-10-17 02:42:12,13500.0,100.0,190400.0
1010,2021-10-17 02:42:12,13500.0,500.0,190300.0
1011,2021-10-17 02:40:55,13550.0,5000.0,189800.0
1012,2021-10-17 02:40:40,13550.0,100.0,184800.0
1013,2021-10-17 02:39:21,13550.0,1000.0,184700.0
1014,2021-10-17 02:39:06,13500.0,500.0,183700.0
1015,2021-10-17 02:38:38,13500.0,100.0,183200.0
1016,2021-10-17 02:37:38,13550.0,100.0,183100.0
1017,2021-10-17 02:37:38,13550.0,400.0,183000.0
1018,2021-10-17 02:37:38,13550.0,500.0,182600.0
1019,2021-10-17 02:37:38,13550.0,100.0,182100.0
1020,2021-10-17 02:37:38,13550.0,200.0,182000.0
1021,2021-10-17 02:37:38,13550.0,100.0,181800.0
1022,2021-10-17 02:37:38,13550.0,5000.0,181700.0
1023,2021-10-17 02:37:38,13550.0,200.0,176700.0
1024,2021-10-17 02:37:38,13550.0,300.0,176500.0
1025,2021-10-17 02:37:38,13550.0,500.0,176200.0
1026,2021-10-17 02:37:38,13550.0,300.0,175700.0
1027,2021-10-17 02:37:38,13550.0,100.0,175400.0
1028,2021-10-17 02:37:38,13550.0,5500.0,175300.0
1029,2021-10-17 02:34:55,13550.0,500.0,169800.0
1030,2021-10-17 02:34:55,13550.0,1000.0,169300.0
1031,2021-10-17 02:34:55,13550.0,100.0,168300.0
1032,2021-10-17 02:34:55,13550.0,600.0,168200.0
1033,2021-10-17 02:34:55,13550.0,200.0,167600.0
1034,2021-10-17 02:34:55,13550.0,1000.0,167400.0
1035,2021-10-17 02:34:55,13550.0,100.0,166400.0
1036,2021-10-17 02:34:55,13550.0,1000.0,166300.0
1037,2021-10-17 02:34:55,13550.0,400.0,165300.0
1038,2021-10-17 02:34:55,13550.0,1000.0,164900.0
1039,2021-10-17 02:34:55,13550.0,100.0,163900.0
1040,2021-10-17 02:34:55,13550.0,200.0,163800.0
1041,2021-10-17 02:34:55,13550.0,200.0,163600.0
1042,2021-10-17 02:34:55,13550.0,100.0,163400.0
1043,2021-10-17 02:34:55,13550.0,1300.0,163300.0
1044,2021-10-17 02:34:55,13550.0,200.0,162000.0
1045,2021-10-17 02:34:30,13550.0,200.0,161800.0
1046,2021-10-17 02:34:30,13550.0,300.0,161600.0
1047,2021-10-17 02:34:30,13550.0,400.0,161300.0
1048,2021-10-17 02:34:30,13550.0,700.0,160900.0
1049,2021-10-17 02:34:30,13550.0,700.0,160200.0
1050,2021-10-17 02:34:18,13600.0,400.0,159500.0
1051,2021-10-17 02:34:18,13600.0,3800.0,159100.0
1052,2021-10-17 02:34:18,13600.0,200.0,155300.0
1053,2021-10-17 02:34:18,13600.0,2000.0,155100.0
1054,2021-10-17 02:34:18,13600.0,500.0,153100.0
1055,2021-10-17 02:34:18,13600.0,200.0,152600.0
1056,2021-10-17 02:34:18,13600.0,700.0,152400.0
1057,2021-10-17 02:34:18,13600.0,200.0,151700.0
1058,2021-10-17 02:34:18,13600.0,300.0,151500.0
1059,2021-10-17 02:34:18,13600.0,100.0,151200.0
1060,2021-10-17 02:34:18,13600.0,1200.0,151100.0
1061,2021-10-17 02:34:18,13600.0,200.0,149900.0
1062,2021-10-17 02:34:18,13600.0,6000.0,149700.0
1063,2021-10-17 02:34:18,13600.0,1200.0,143700.0
1064,2021-10-17 02:34:12,13650.0,100.0,142500.0
1065,2021-10-17 02:34:09,13600.0,100.0,142400.0
1066,2021-10-17 02:32:38,13650.0,2600.0,142300.0
1067,2021-10-17 02:32:36,13650.0,600.0,139700.0
1068,2021-10-17 02:32:25,13650.0,200.0,139100.0
1069,2021-10-17 02:31:55,13650.0,300.0,138900.0
1070,2021-10-17 02:31:55,13650.0,500.0,138600.0
1071,2021-10-17 02:31:44,13650.0,500.0,138100.0
1072,2021-10-17 02:31:26,13650.0,1000.0,137600.0
1073,2021-10-17 02:29:44,13600.0,700.0,136600.0
1074,2021-10-17 02:29:44,13600.0,500.0,135900.0
1075,2021-10-17 02:29:44,13600.0,800.0,135400.0
1076,2021-10-17 02:29:16,13600.0,100.0,134600.0
1077,2021-10-17 02:29:02,13600.0,800.0,134500.0
1078,2021-10-17 02:28:58,13600.0,2200.0,133700.0
1079,2021-10-17 02:28:58,13600.0,500.0,131500.0
1080,2021-10-17 02:28:58,13600.0,100.0,131000.0
1081,2021-10-17 02:28:58,13600.0,1100.0,130900.0
1082,2021-10-17 02:28:58,13600.0,300.0,129800.0
1083,2021-10-17 02:28:58,13600.0,200.0,129500.0
1084,2021-10-17 02:28:58,13600.0,1000.0,129300.0
1085,2021-10-17 02:28:58,13600.0,300.0,128300.0
1086,2021-10-17 02:28:58,13600.0,1000.0,128000.0
1087,2021-10-17 02:28:58,13600.0,300.0,127000.0
1088,2021-10-17 02:28:28,13600.0,1200.0,126700.0
1089,2021-10-17 02:28:28,13600.0,100.0,125500.0
1090,2021-10-17 02:28:28,13600.0,500.0,125400.0
1091,2021-10-17 02:28:28,13600.0,500.0,124900.0
1092,2021-10-17 02:26:41,13600.0,1000.0,124400.0
1093,2021-10-17 02:26:35,13700.0,300.0,123400.0
1094,2021-10-17 02:26:35,13700.0,1500.0,123100.0
1095,2021-10-17 02:26:35,13700.0,10000.0,121600.0
1096,2021-10-17 02:26:35,13700.0,500.0,111600.0
1097,2021-10-17 02:26:35,13700.0,500.0,111100.0
1098,2021-10-17 02:26:35,13700.0,1800.0,110600.0
1099,2021-10-17 02:26:35,13700.0,100.0,108800.0
1100,2021-10-17 02:26:35,13650.0,300.0,108700.0
1101,2021-10-17 02:26:19,13650.0,5000.0,108400.0
1102,2021-10-17 02:25:45,13600.0,2300.0,103400.0
1103,2021-10-17 02:25:45,13600.0,100.0,101100.0
1104,2021-10-17 02:25:45,13600.0,600.0,101000.0
1105,2021-10-17 02:25:03,13600.0,400.0,100400.0
1106,2021-10-17 02:25:03,13600.0,300.0,100000.0
1107,2021-10-17 02:25:03,13600.0,1000.0,99700.0
1108,2021-10-17 02:25:03,13600.0,3000.0,98700.0
1109,2021-10-17 02:25:03,13600.0,500.0,95700.0
1110,2021-10-17 02:25:03,13600.0,2000.0,95200.0
1111,2021-10-17 02:25:03,13600.0,500.0,93200.0
1112,2021-10-17 02:25:03,13600.0,100.0,92700.0
1113,2021-10-17 02:25:03,13600.0,200.0,92600.0
1114,2021-10-17 02:25:03,13650.0,4000.0,92400.0
1115,2021-10-17 02:25:03,13650.0,3000.0,88400.0
1116,2021-10-17 02:24:55,13650.0,1000.0,85400.0
1117,2021-10-17 02:24:49,13650.0,5000.0,84400.0
1118,2021-10-17 02:24:43,13650.0,1000.0,79400.0
1119,2021-10-17 02:23:53,13600.0,900.0,78400.0
1120,2021-10-17 02:23:53,13600.0,100.0,77500.0
1121,2021-10-17 02:23:28,13600.0,100.0,77400.0
1122,2021-10-17 02:23:10,13600.0,500.0,77300.0
1123,2021-10-17 02:22:19,13700.0,100.0,76800.0
1124,2021-10-17 02:22:15,13700.0,800.0,76700.0
1125,2021-10-17 02:22:15,13700.0,1000.0,75900.0
1126,2021-10-17 02:22:15,13700.0,1000.0,74900.0
1127,2021-10-17 02:22:15,13700.0,100.0,73900.0
1128,2021-10-17 02:22:15,13700.0,700.0,73800.0
1129,2021-10-17 02:22:15,13700.0,700.0,73100.0
1130,2021-10-17 02:22:15,13700.0,100.0,72400.0
1131,2021-10-17 02:22:15,13700.0,100.0,72300.0
1132,2021-10-17 02:22:15,13700.0,300.0,72200.0
1133,2021-10-17 02:22:15,13700.0,200.0,71900.0
1134,2021-10-17 02:22:15,13700.0,5000.0,71700.0
1135,2021-10-17 02:21:50,13600.0,400.0,66700.0
1136,2021-10-17 02:21:45,13600.0,500.0,66300.0
1137,2021-10-17 02:21:43,13650.0,3300.0,65800.0
1138,2021-10-17 02:21:43,13650.0,800.0,62500.0
1139,2021-10-17 02:21:34,13650.0,3000.0,61700.0
1140,2021-10-17 02:21:34,13650.0,8000.0,58700.0
1141,2021-10-17 02:21:34,13650.0,100.0,50700.0
1142,2021-10-17 02:21:34,13650.0,2000.0,50600.0
1143,2021-10-17 02:21:34,13650.0,5000.0,48600.0
1144,2021-10-17 02:21:34,13650.0,100.0,43600.0
1145,2021-10-17 02:21:34,13600.0,1000.0,43500.0
1146,2021-10-17 02:20:52,13600.0,100.0,42500.0
1147,2021-10-17 02:20:23,13600.0,300.0,42400.0
1148,2021-10-17 02:20:23,13600.0,100.0,42100.0
1149,2021-10-17 02:20:01,13600.0,1900.0,42000.0
1150,2021-10-17 02:20:01,13600.0,1000.0,40100.0
1151,2021-10-17 02:20:01,13600.0,100.0,39100.0
1152,2021-10-17 02:19:57,13600.0,100.0,39000.0
1153,2021-10-17 02:19:45,13600.0,500.0,38900.0
1154,2021-10-17 02:19:42,13600.0,200.0,38400.0
1155,2021-10-17 02:19:36,13600.0,100.0,38200.0
1156,2021-10-17 02:19:36,13600.0,1100.0,38100.0
1157,2021-10-17 02:19:19,13600.0,200.0,37000.0
1158,2021-10-17 02:19:19,13600.0,1000.0,36800.0
1159,2021-10-17 02:19:19,13600.0,1700.0,35800.0
1160,2021-10-17 02:18:58,13600.0,1300.0,34100.0
1161,2021-10-17 02:18:58,13600.0,700.0,32800.0
1162,2021-10-17 02:18:42,13600.0,300.0,32100.0
1163,2021-10-17 02:18:42,13600.0,100.0,31800.0
1164,2021-10-17 02:18:42,13600.0,400.0,31700.0
1165,2021-10-17 02:18:39,13600.0,300.0,31300.0
1166,2021-10-17 02:18:33,13600.0,1000.0,31000.0
1167,2021-10-17 02:18:28,13650.0,400.0,30000.0
1168,2021-10-17 02:18:28,13650.0,500.0,29600.0
1169,2021-10-17 02:18:28,13650.0,100.0,29100.0
1170,2021-10-17 02:18:22,13600.0,300.0,29000.0
1171,2021-10-17 02:18:13,13600.0,1000.0,28700.0
1172,2021-10-17 02:17:47,13600.0,5000.0,27700.0
1173,2021-10-17 02:17:35,13600.0,1000.0,22700.0
1174,2021-10-17 02:17:16,13600.0,700.0,21700.0
1175,2021-10-17 02:17:16,13600.0,5000.0,21000.0
1176,2021-10-17 02:17:16,13600.0,4300.0,16000.0
1177,2021-10-17 02:17:12,13600.0,5000.0,11700.0
1178,2021-10-17 02:16:11,13600.0,500.0,6700.0
1179,2021-10-17 02:15:50,13600.0,200.0,6200.0
1180,2021-10-17 02:15:00,13550.0,300.0,6000.0
1181,2021-10-17 02:15:00,13550.0,1000.0,5700.0
1182,2021-10-17 02:15:00,13550.0,300.0,4700.0
1183,2021-10-17 02:15:00,13550.0,100.0,4400.0
1184,2021-10-17 02:15:00,13550.0,300.0,4300.0
1185,2021-10-17 02:15:00,13550.0,700.0,4000.0
1186,2021-10-17 02:15:00,13550.0,1000.0,3300.0
1187,2021-10-17 02:15:00,13550.0,100.0,2300.0
1188,2021-10-17 02:15:00,13550.0,100.0,2200.0
1189,2021-10-17 02:15:00,13550.0,500.0,2100.0
1190,2021-10-17 02:15:00,13550.0,300.0,1600.0
1191,2021-10-17 02:15:00,13550.0,100.0,1300.0
1192,2021-10-17 02:15:00,13550.0,1000.0,1200.0
1193,2021-10-17 02:15:00,13550.0,100.0,200.0
1194,2021-10-17 02:15:00,13550.0,100.0,100.0
