,Time,Price,Volume_per_trade,Volume
0,2021-10-01 14:45:01,12450.0,200.0,1036200.0
1,2021-10-01 14:45:01,12450.0,9100.0,1036000.0
2,2021-10-01 14:45:01,12450.0,800.0,1026900.0
3,2021-10-01 14:45:01,12450.0,1000.0,1026100.0
4,2021-10-01 14:45:01,12450.0,1000.0,1025100.0
5,2021-10-01 14:45:01,12450.0,16000.0,1024100.0
6,2021-10-01 14:45:01,12450.0,300.0,1008100.0
7,2021-10-01 14:45:01,12450.0,1800.0,1007800.0
8,2021-10-01 14:45:01,12450.0,300.0,1006000.0
9,2021-10-01 14:45:01,12450.0,1000.0,1005700.0
10,2021-10-01 14:45:01,12450.0,300.0,1004700.0
11,2021-10-01 14:45:01,12450.0,100.0,1004400.0
12,2021-10-01 14:45:01,12450.0,3600.0,1004300.0
13,2021-10-01 14:45:01,12450.0,100.0,1000700.0
14,2021-10-01 14:45:01,12450.0,100.0,1000600.0
15,2021-10-01 14:45:01,12450.0,1000.0,1000500.0
16,2021-10-01 14:45:01,12450.0,200.0,999500.0
17,2021-10-01 14:45:01,12450.0,1000.0,999300.0
18,2021-10-01 14:45:01,12450.0,500.0,998300.0
19,2021-10-01 14:45:01,12450.0,700.0,997800.0
20,2021-10-01 14:45:01,12450.0,1000.0,997100.0
21,2021-10-01 14:45:01,12450.0,1000.0,996100.0
22,2021-10-01 14:45:01,12450.0,100.0,995100.0
23,2021-10-01 14:45:01,12450.0,100.0,995000.0
24,2021-10-01 14:45:01,12450.0,100.0,994900.0
25,2021-10-01 14:28:53,12450.0,800.0,994800.0
26,2021-10-01 14:28:53,12450.0,1500.0,994000.0
27,2021-10-01 14:28:53,12450.0,800.0,992500.0
28,2021-10-01 14:28:34,12450.0,600.0,991700.0
29,2021-10-01 14:28:34,12450.0,600.0,991100.0
30,2021-10-01 14:28:34,12450.0,400.0,990500.0
31,2021-10-01 14:28:22,12450.0,200.0,990100.0
32,2021-10-01 14:27:02,12500.0,200.0,989900.0
33,2021-10-01 14:25:12,12450.0,400.0,989700.0
34,2021-10-01 14:25:05,12450.0,800.0,989300.0
35,2021-10-01 14:25:05,12450.0,1200.0,988500.0
36,2021-10-01 14:24:18,12400.0,300.0,987300.0
37,2021-10-01 14:24:11,12400.0,1400.0,987000.0
38,2021-10-01 14:24:11,12400.0,1000.0,985600.0
39,2021-10-01 14:24:11,12400.0,1500.0,984600.0
40,2021-10-01 14:24:11,12400.0,6100.0,983100.0
41,2021-10-01 14:24:08,12400.0,600.0,977000.0
42,2021-10-01 14:22:53,12400.0,800.0,976400.0
43,2021-10-01 14:21:06,12400.0,500.0,975600.0
44,2021-10-01 14:20:41,12400.0,1000.0,975100.0
45,2021-10-01 14:19:10,12400.0,900.0,974100.0
46,2021-10-01 14:18:57,12400.0,100.0,973200.0
47,2021-10-01 14:18:57,12400.0,2000.0,973100.0
48,2021-10-01 14:18:57,12400.0,100.0,971100.0
49,2021-10-01 14:18:57,12400.0,700.0,971000.0
50,2021-10-01 14:18:57,12400.0,200.0,970300.0
51,2021-10-01 14:18:57,12400.0,500.0,970100.0
52,2021-10-01 14:18:57,12400.0,100.0,969600.0
53,2021-10-01 14:18:57,12400.0,1300.0,969500.0
54,2021-10-01 14:18:18,12400.0,700.0,968200.0
55,2021-10-01 14:18:18,12400.0,1000.0,967500.0
56,2021-10-01 14:18:18,12400.0,100.0,966500.0
57,2021-10-01 14:18:18,12400.0,2000.0,966400.0
58,2021-10-01 14:18:18,12400.0,100.0,964400.0
59,2021-10-01 14:18:18,12400.0,1000.0,964300.0
60,2021-10-01 14:18:18,12400.0,5000.0,963300.0
61,2021-10-01 14:18:18,12400.0,100.0,958300.0
62,2021-10-01 14:17:28,12450.0,500.0,958200.0
63,2021-10-01 14:16:33,12450.0,1000.0,957700.0
64,2021-10-01 14:16:33,12450.0,500.0,956700.0
65,2021-10-01 14:16:33,12450.0,2000.0,956200.0
66,2021-10-01 14:16:33,12450.0,1900.0,954200.0
67,2021-10-01 14:16:33,12450.0,700.0,952300.0
68,2021-10-01 14:16:33,12450.0,200.0,951600.0
69,2021-10-01 14:16:33,12450.0,6400.0,951400.0
70,2021-10-01 14:15:59,12500.0,400.0,945000.0
71,2021-10-01 14:15:51,12500.0,100.0,944600.0
72,2021-10-01 14:12:21,12500.0,300.0,944500.0
73,2021-10-01 14:10:29,12450.0,3600.0,944200.0
74,2021-10-01 14:10:29,12450.0,500.0,940600.0
75,2021-10-01 14:10:29,12450.0,100.0,940100.0
76,2021-10-01 14:10:29,12450.0,500.0,940000.0
77,2021-10-01 14:10:29,12450.0,100.0,939500.0
78,2021-10-01 14:09:08,12450.0,900.0,939400.0
79,2021-10-01 14:09:08,12450.0,100.0,938500.0
80,2021-10-01 14:08:54,12450.0,300.0,938400.0
81,2021-10-01 14:08:54,12450.0,700.0,938100.0
82,2021-10-01 14:07:54,12450.0,300.0,937400.0
83,2021-10-01 14:07:54,12450.0,1000.0,937100.0
84,2021-10-01 14:07:54,12450.0,100.0,936100.0
85,2021-10-01 14:07:54,12450.0,400.0,936000.0
86,2021-10-01 14:06:42,12500.0,200.0,935600.0
87,2021-10-01 14:06:17,12500.0,2000.0,935400.0
88,2021-10-01 14:05:56,12500.0,100.0,933400.0
89,2021-10-01 14:04:23,12500.0,300.0,933300.0
90,2021-10-01 14:04:23,12500.0,1200.0,933000.0
91,2021-10-01 14:04:23,12500.0,1000.0,931800.0
92,2021-10-01 14:04:23,12500.0,500.0,930800.0
93,2021-10-01 14:04:23,12500.0,2000.0,930300.0
94,2021-10-01 14:04:23,12500.0,2700.0,928300.0
95,2021-10-01 14:03:43,12500.0,1000.0,925600.0
96,2021-10-01 14:03:31,12500.0,1300.0,924600.0
97,2021-10-01 14:03:31,12500.0,5000.0,923300.0
98,2021-10-01 14:03:31,12500.0,800.0,918300.0
99,2021-10-01 14:03:31,12500.0,3000.0,917500.0
100,2021-10-01 14:03:31,12500.0,400.0,914500.0
101,2021-10-01 14:03:31,12500.0,100.0,914100.0
102,2021-10-01 14:03:31,12500.0,1000.0,914000.0
103,2021-10-01 14:03:31,12500.0,100.0,913000.0
104,2021-10-01 14:03:31,12550.0,200.0,912900.0
105,2021-10-01 14:03:31,12550.0,1000.0,912700.0
106,2021-10-01 14:03:31,12550.0,500.0,911700.0
107,2021-10-01 14:03:31,12550.0,1500.0,911200.0
108,2021-10-01 14:03:31,12550.0,500.0,909700.0
109,2021-10-01 14:03:31,12550.0,500.0,909200.0
110,2021-10-01 14:03:31,12550.0,100.0,908700.0
111,2021-10-01 14:03:31,12550.0,1000.0,908600.0
112,2021-10-01 14:03:31,12550.0,3000.0,907600.0
113,2021-10-01 14:03:07,12600.0,300.0,904600.0
114,2021-10-01 14:02:40,12600.0,100.0,904300.0
115,2021-10-01 14:02:40,12600.0,400.0,904200.0
116,2021-10-01 14:01:38,12600.0,1000.0,903800.0
117,2021-10-01 14:01:15,12600.0,100.0,902800.0
118,2021-10-01 14:01:15,12600.0,100.0,902700.0
119,2021-10-01 14:01:15,12600.0,3000.0,902600.0
120,2021-10-01 14:01:15,12600.0,5000.0,899600.0
121,2021-10-01 14:01:15,12600.0,2000.0,894600.0
122,2021-10-01 14:01:15,12600.0,800.0,892600.0
123,2021-10-01 13:59:40,12650.0,1300.0,891800.0
124,2021-10-01 13:59:40,12650.0,3700.0,890500.0
125,2021-10-01 13:59:37,12600.0,3000.0,886800.0
126,2021-10-01 13:59:11,12600.0,300.0,883800.0
127,2021-10-01 13:58:36,12650.0,1300.0,883500.0
128,2021-10-01 13:58:36,12650.0,100.0,882200.0
129,2021-10-01 13:58:36,12650.0,600.0,882100.0
130,2021-10-01 13:58:24,12600.0,900.0,881500.0
131,2021-10-01 13:58:24,12600.0,100.0,880600.0
132,2021-10-01 13:58:08,12650.0,4400.0,880500.0
133,2021-10-01 13:58:08,12650.0,200.0,876100.0
134,2021-10-01 13:58:08,12650.0,200.0,875900.0
135,2021-10-01 13:58:08,12650.0,200.0,875700.0
136,2021-10-01 13:57:51,12600.0,100.0,875500.0
137,2021-10-01 13:56:44,12600.0,800.0,875400.0
138,2021-10-01 13:56:36,12600.0,500.0,874600.0
139,2021-10-01 13:55:38,12600.0,700.0,874100.0
140,2021-10-01 13:55:38,12600.0,100.0,873400.0
141,2021-10-01 13:55:38,12600.0,700.0,873300.0
142,2021-10-01 13:52:57,12600.0,1000.0,872600.0
143,2021-10-01 13:52:34,12600.0,4000.0,871600.0
144,2021-10-01 13:52:09,12650.0,100.0,867600.0
145,2021-10-01 13:52:09,12650.0,2000.0,867500.0
146,2021-10-01 13:52:09,12650.0,3000.0,865500.0
147,2021-10-01 13:52:09,12650.0,100.0,862500.0
148,2021-10-01 13:52:09,12650.0,1400.0,862400.0
149,2021-10-01 13:52:09,12600.0,300.0,861000.0
150,2021-10-01 13:52:09,12600.0,200.0,860700.0
151,2021-10-01 13:52:09,12600.0,12900.0,860500.0
152,2021-10-01 13:50:51,12600.0,2600.0,847600.0
153,2021-10-01 13:50:39,12600.0,1000.0,845000.0
154,2021-10-01 13:50:09,12600.0,400.0,844000.0
155,2021-10-01 13:50:09,12600.0,500.0,843600.0
156,2021-10-01 13:50:09,12600.0,400.0,843100.0
157,2021-10-01 13:49:50,12600.0,300.0,842700.0
158,2021-10-01 13:49:40,12600.0,2000.0,842400.0
159,2021-10-01 13:49:29,12600.0,1500.0,840400.0
160,2021-10-01 13:47:25,12600.0,800.0,838900.0
161,2021-10-01 13:47:19,12600.0,100.0,838100.0
162,2021-10-01 13:47:19,12600.0,500.0,838000.0
163,2021-10-01 13:46:34,12600.0,1300.0,837500.0
164,2021-10-01 13:46:16,12600.0,2000.0,836200.0
165,2021-10-01 13:46:16,12650.0,2000.0,834200.0
166,2021-10-01 13:46:16,12650.0,4700.0,832200.0
167,2021-10-01 13:45:58,12650.0,300.0,827500.0
168,2021-10-01 13:45:58,12650.0,2600.0,827200.0
169,2021-10-01 13:45:58,12650.0,500.0,824600.0
170,2021-10-01 13:45:58,12650.0,1100.0,824100.0
171,2021-10-01 13:45:58,12650.0,800.0,823000.0
172,2021-10-01 13:45:34,12600.0,2000.0,822200.0
173,2021-10-01 13:45:32,12600.0,500.0,820200.0
174,2021-10-01 13:45:32,12600.0,500.0,819700.0
175,2021-10-01 13:45:10,12600.0,500.0,819200.0
176,2021-10-01 13:45:03,12600.0,700.0,818700.0
177,2021-10-01 13:45:03,12600.0,1300.0,818000.0
178,2021-10-01 13:44:34,12600.0,8700.0,816700.0
179,2021-10-01 13:44:34,12600.0,1300.0,808000.0
180,2021-10-01 13:43:15,12650.0,600.0,806700.0
181,2021-10-01 13:43:08,12650.0,500.0,806100.0
182,2021-10-01 13:43:08,12650.0,400.0,805600.0
183,2021-10-01 13:43:08,12650.0,100.0,805200.0
184,2021-10-01 13:43:08,12650.0,1000.0,805100.0
185,2021-10-01 13:43:08,12650.0,2000.0,804100.0
186,2021-10-01 13:43:08,12600.0,5400.0,802100.0
187,2021-10-01 13:43:00,12600.0,2000.0,796700.0
188,2021-10-01 13:42:36,12600.0,400.0,794700.0
189,2021-10-01 13:42:36,12600.0,1000.0,794300.0
190,2021-10-01 13:42:36,12600.0,1200.0,793300.0
191,2021-10-01 13:42:31,12600.0,100.0,792100.0
192,2021-10-01 13:41:55,12600.0,100.0,792000.0
193,2021-10-01 13:40:59,12600.0,1000.0,791900.0
194,2021-10-01 13:40:59,12600.0,200.0,790900.0
195,2021-10-01 13:40:59,12600.0,200.0,790700.0
196,2021-10-01 13:40:59,12600.0,200.0,790500.0
197,2021-10-01 13:40:59,12600.0,100.0,790300.0
198,2021-10-01 13:40:59,12600.0,100.0,790200.0
199,2021-10-01 13:40:59,12600.0,1000.0,790100.0
200,2021-10-01 13:40:59,12600.0,300.0,789100.0
201,2021-10-01 13:40:59,12600.0,16100.0,788800.0
202,2021-10-01 13:40:59,12600.0,100.0,772700.0
203,2021-10-01 13:40:59,12600.0,3000.0,772600.0
204,2021-10-01 13:40:59,12600.0,100.0,769600.0
205,2021-10-01 13:40:59,12600.0,200.0,769500.0
206,2021-10-01 13:40:59,12600.0,6000.0,769300.0
207,2021-10-01 13:40:39,12600.0,500.0,763300.0
208,2021-10-01 13:40:19,12600.0,200.0,762800.0
209,2021-10-01 13:40:04,12550.0,100.0,762600.0
210,2021-10-01 13:40:02,12600.0,500.0,762500.0
211,2021-10-01 13:39:54,12600.0,500.0,762000.0
212,2021-10-01 13:39:53,12600.0,100.0,761500.0
213,2021-10-01 13:39:33,12550.0,11900.0,761400.0
214,2021-10-01 13:39:26,12550.0,8100.0,749500.0
215,2021-10-01 13:39:26,12550.0,300.0,741400.0
216,2021-10-01 13:39:26,12550.0,300.0,741100.0
217,2021-10-01 13:39:26,12550.0,1000.0,740800.0
218,2021-10-01 13:39:26,12550.0,5000.0,739800.0
219,2021-10-01 13:39:26,12550.0,100.0,734800.0
220,2021-10-01 13:39:26,12550.0,2000.0,734700.0
221,2021-10-01 13:39:26,12550.0,1000.0,732700.0
222,2021-10-01 13:39:26,12550.0,200.0,731700.0
223,2021-10-01 13:39:18,12500.0,1000.0,731500.0
224,2021-10-01 13:39:16,12500.0,2000.0,730500.0
225,2021-10-01 13:38:26,12500.0,500.0,728500.0
226,2021-10-01 13:38:26,12500.0,3800.0,728000.0
227,2021-10-01 13:36:54,12450.0,200.0,724200.0
228,2021-10-01 13:35:41,12500.0,500.0,724000.0
229,2021-10-01 13:35:29,12500.0,1000.0,723500.0
230,2021-10-01 13:35:22,12500.0,1000.0,722500.0
231,2021-10-01 13:35:04,12500.0,1100.0,721500.0
232,2021-10-01 13:34:30,12500.0,1000.0,720400.0
233,2021-10-01 13:34:00,12500.0,200.0,719400.0
234,2021-10-01 13:33:52,12500.0,200.0,719200.0
235,2021-10-01 13:32:16,12500.0,100.0,719000.0
236,2021-10-01 13:32:09,12500.0,100.0,718900.0
237,2021-10-01 13:27:52,12450.0,1000.0,718800.0
238,2021-10-01 13:27:52,12450.0,1200.0,717800.0
239,2021-10-01 13:27:52,12450.0,200.0,716600.0
240,2021-10-01 13:27:32,12450.0,100.0,716400.0
241,2021-10-01 13:24:10,12450.0,100.0,716300.0
242,2021-10-01 13:23:45,12450.0,400.0,716200.0
243,2021-10-01 13:23:45,12450.0,800.0,715800.0
244,2021-10-01 13:20:55,12450.0,100.0,715000.0
245,2021-10-01 13:20:25,12400.0,200.0,714900.0
246,2021-10-01 13:19:59,12400.0,100.0,714700.0
247,2021-10-01 13:19:59,12400.0,100.0,714600.0
248,2021-10-01 13:19:32,12450.0,100.0,714500.0
249,2021-10-01 13:18:28,12400.0,100.0,714400.0
250,2021-10-01 13:18:07,12400.0,100.0,714300.0
251,2021-10-01 13:18:07,12400.0,100.0,714200.0
252,2021-10-01 13:18:07,12400.0,100.0,714100.0
253,2021-10-01 13:18:07,12400.0,500.0,714000.0
254,2021-10-01 13:18:07,12400.0,100.0,713500.0
255,2021-10-01 13:17:23,12500.0,100.0,713400.0
256,2021-10-01 13:15:28,12400.0,400.0,713300.0
257,2021-10-01 13:15:28,12400.0,1000.0,712900.0
258,2021-10-01 13:14:59,12450.0,500.0,711900.0
259,2021-10-01 13:13:19,12450.0,100.0,711400.0
260,2021-10-01 13:13:19,12450.0,100.0,711300.0
261,2021-10-01 13:11:07,12450.0,500.0,711200.0
262,2021-10-01 13:11:07,12450.0,1500.0,710700.0
263,2021-10-01 13:06:29,12450.0,300.0,709200.0
264,2021-10-01 13:04:38,12450.0,1200.0,708900.0
265,2021-10-01 13:04:38,12450.0,1200.0,707700.0
266,2021-10-01 13:04:38,12450.0,5000.0,706500.0
267,2021-10-01 13:04:38,12450.0,800.0,701500.0
268,2021-10-01 13:03:36,12450.0,1100.0,700700.0
269,2021-10-01 13:03:36,12450.0,200.0,699600.0
270,2021-10-01 13:03:36,12450.0,700.0,699400.0
271,2021-10-01 13:00:07,12450.0,300.0,698700.0
272,2021-10-01 11:28:05,12450.0,1000.0,698400.0
273,2021-10-01 11:27:57,12450.0,100.0,697400.0
274,2021-10-01 11:27:41,12450.0,500.0,697300.0
275,2021-10-01 11:27:06,12400.0,800.0,696800.0
276,2021-10-01 11:26:45,12350.0,200.0,696000.0
277,2021-10-01 11:26:36,12400.0,500.0,695800.0
278,2021-10-01 11:26:17,12400.0,1000.0,695300.0
279,2021-10-01 11:26:04,12400.0,1000.0,694300.0
280,2021-10-01 11:26:04,12400.0,100.0,693300.0
281,2021-10-01 11:26:04,12400.0,100.0,693200.0
282,2021-10-01 11:26:04,12400.0,200.0,693100.0
283,2021-10-01 11:26:04,12400.0,500.0,692900.0
284,2021-10-01 11:26:04,12400.0,100.0,692400.0
285,2021-10-01 11:26:04,12400.0,200.0,692300.0
286,2021-10-01 11:26:04,12400.0,500.0,692100.0
287,2021-10-01 11:26:04,12400.0,200.0,691600.0
288,2021-10-01 11:26:04,12400.0,100.0,691400.0
289,2021-10-01 11:26:04,12400.0,1000.0,691300.0
290,2021-10-01 11:26:04,12400.0,1000.0,690300.0
291,2021-10-01 11:26:04,12400.0,1000.0,689300.0
292,2021-10-01 11:26:04,12400.0,15000.0,688300.0
293,2021-10-01 11:26:04,12400.0,2000.0,673300.0
294,2021-10-01 11:26:04,12400.0,200.0,671300.0
295,2021-10-01 11:26:04,12400.0,1000.0,671100.0
296,2021-10-01 11:26:04,12400.0,1000.0,670100.0
297,2021-10-01 11:26:04,12400.0,1000.0,669100.0
298,2021-10-01 11:26:04,12400.0,200.0,668100.0
299,2021-10-01 11:26:04,12400.0,300.0,667900.0
300,2021-10-01 11:26:04,12400.0,1000.0,667600.0
301,2021-10-01 11:25:41,12450.0,1000.0,666600.0
302,2021-10-01 11:24:49,12450.0,200.0,665600.0
303,2021-10-01 11:24:01,12450.0,300.0,665400.0
304,2021-10-01 11:23:56,12450.0,1000.0,665100.0
305,2021-10-01 11:23:56,12450.0,500.0,664100.0
306,2021-10-01 11:23:56,12450.0,500.0,663600.0
307,2021-10-01 11:23:56,12450.0,400.0,663100.0
308,2021-10-01 11:23:56,12450.0,300.0,662700.0
309,2021-10-01 11:23:56,12450.0,1000.0,662400.0
310,2021-10-01 11:23:56,12450.0,200.0,661400.0
311,2021-10-01 11:22:21,12450.0,300.0,661200.0
312,2021-10-01 11:22:21,12450.0,1700.0,660900.0
313,2021-10-01 11:20:55,12500.0,100.0,659200.0
314,2021-10-01 11:20:40,12500.0,100.0,659100.0
315,2021-10-01 11:19:45,12500.0,600.0,659000.0
316,2021-10-01 11:18:47,12500.0,100.0,658400.0
317,2021-10-01 11:17:46,12450.0,300.0,658300.0
318,2021-10-01 11:17:46,12450.0,100.0,658000.0
319,2021-10-01 11:17:46,12450.0,3800.0,657900.0
320,2021-10-01 11:16:19,12500.0,600.0,654100.0
321,2021-10-01 11:15:59,12500.0,600.0,653500.0
322,2021-10-01 11:15:59,12500.0,100.0,652900.0
323,2021-10-01 11:15:59,12500.0,500.0,652800.0
324,2021-10-01 11:15:59,12500.0,3200.0,652300.0
325,2021-10-01 11:15:02,12500.0,500.0,649100.0
326,2021-10-01 11:14:55,12500.0,1700.0,648600.0
327,2021-10-01 11:14:50,12500.0,300.0,646900.0
328,2021-10-01 11:14:40,12500.0,100.0,646600.0
329,2021-10-01 11:14:40,12500.0,400.0,646500.0
330,2021-10-01 11:14:40,12500.0,200.0,646100.0
331,2021-10-01 11:14:07,12500.0,200.0,645900.0
332,2021-10-01 11:13:49,12500.0,1600.0,645700.0
333,2021-10-01 11:13:49,12500.0,200.0,644100.0
334,2021-10-01 11:13:49,12500.0,1000.0,643900.0
335,2021-10-01 11:13:49,12500.0,100.0,642900.0
336,2021-10-01 11:13:49,12500.0,100.0,642800.0
337,2021-10-01 11:11:05,12500.0,100.0,642700.0
338,2021-10-01 11:09:44,12500.0,100.0,642600.0
339,2021-10-01 11:05:42,12500.0,700.0,642500.0
340,2021-10-01 11:05:27,12500.0,100.0,641800.0
341,2021-10-01 11:05:19,12500.0,500.0,641700.0
342,2021-10-01 11:05:08,12500.0,100.0,641200.0
343,2021-10-01 11:05:00,12500.0,500.0,641100.0
344,2021-10-01 11:05:00,12500.0,100.0,640600.0
345,2021-10-01 11:05:00,12500.0,400.0,640500.0
346,2021-10-01 11:04:41,12500.0,2600.0,640100.0
347,2021-10-01 11:04:32,12500.0,400.0,637500.0
348,2021-10-01 11:04:28,12500.0,1000.0,637100.0
349,2021-10-01 11:04:27,12500.0,500.0,636100.0
350,2021-10-01 11:04:17,12500.0,100.0,635600.0
351,2021-10-01 11:04:01,12500.0,5000.0,635500.0
352,2021-10-01 11:03:06,12450.0,200.0,630500.0
353,2021-10-01 11:02:33,12450.0,200.0,630300.0
354,2021-10-01 11:00:41,12450.0,800.0,630100.0
355,2021-10-01 11:00:41,12450.0,1000.0,629300.0
356,2021-10-01 11:00:41,12450.0,100.0,628300.0
357,2021-10-01 10:54:39,12500.0,100.0,628200.0
358,2021-10-01 10:54:39,12500.0,300.0,628100.0
359,2021-10-01 10:54:01,12500.0,200.0,627800.0
360,2021-10-01 10:54:01,12500.0,200.0,627600.0
361,2021-10-01 10:54:01,12500.0,300.0,627400.0
362,2021-10-01 10:53:23,12500.0,100.0,627100.0
363,2021-10-01 10:53:23,12500.0,2300.0,627000.0
364,2021-10-01 10:52:36,12500.0,500.0,624700.0
365,2021-10-01 10:52:04,12500.0,1000.0,624200.0
366,2021-10-01 10:51:31,12500.0,100.0,623200.0
367,2021-10-01 10:51:04,12500.0,100.0,623100.0
368,2021-10-01 10:51:04,12500.0,200.0,623000.0
369,2021-10-01 10:50:56,12500.0,300.0,622800.0
370,2021-10-01 10:50:55,12500.0,1700.0,622500.0
371,2021-10-01 10:50:42,12500.0,600.0,620800.0
372,2021-10-01 10:50:23,12500.0,100.0,620200.0
373,2021-10-01 10:50:12,12500.0,100.0,620100.0
374,2021-10-01 10:49:48,12500.0,500.0,620000.0
375,2021-10-01 10:49:31,12500.0,1300.0,619500.0
376,2021-10-01 10:49:31,12500.0,400.0,618200.0
377,2021-10-01 10:48:31,12500.0,400.0,617800.0
378,2021-10-01 10:48:07,12500.0,100.0,617400.0
379,2021-10-01 10:48:07,12500.0,400.0,617300.0
380,2021-10-01 10:48:05,12500.0,200.0,616900.0
381,2021-10-01 10:47:58,12500.0,1500.0,616700.0
382,2021-10-01 10:47:58,12500.0,300.0,615200.0
383,2021-10-01 10:47:09,12500.0,100.0,614900.0
384,2021-10-01 10:47:09,12500.0,100.0,614800.0
385,2021-10-01 10:47:05,12500.0,900.0,614700.0
386,2021-10-01 10:47:05,12500.0,1000.0,613800.0
387,2021-10-01 10:47:05,12500.0,100.0,612800.0
388,2021-10-01 10:47:05,12500.0,1000.0,612700.0
389,2021-10-01 10:47:05,12500.0,300.0,611700.0
390,2021-10-01 10:47:05,12500.0,600.0,611400.0
391,2021-10-01 10:47:05,12500.0,1100.0,610800.0
392,2021-10-01 10:46:51,12500.0,900.0,609700.0
393,2021-10-01 10:46:51,12500.0,4800.0,608800.0
394,2021-10-01 10:46:51,12500.0,100.0,604000.0
395,2021-10-01 10:46:51,12500.0,200.0,603900.0
396,2021-10-01 10:46:51,12500.0,10000.0,603700.0
397,2021-10-01 10:46:51,12500.0,2000.0,593700.0
398,2021-10-01 10:46:51,12500.0,100.0,591700.0
399,2021-10-01 10:46:51,12500.0,1000.0,591600.0
400,2021-10-01 10:46:51,12500.0,200.0,590600.0
401,2021-10-01 10:46:51,12500.0,200.0,590400.0
402,2021-10-01 10:46:51,12500.0,500.0,590200.0
403,2021-10-01 10:45:40,12550.0,600.0,589700.0
404,2021-10-01 10:45:17,12550.0,1000.0,589100.0
405,2021-10-01 10:45:17,12550.0,2000.0,588100.0
406,2021-10-01 10:41:44,12600.0,2000.0,586100.0
407,2021-10-01 10:41:12,12600.0,1000.0,584100.0
408,2021-10-01 10:38:37,12600.0,100.0,583100.0
409,2021-10-01 10:36:50,12600.0,1000.0,583000.0
410,2021-10-01 10:32:53,12600.0,100.0,582000.0
411,2021-10-01 10:29:07,12600.0,100.0,581900.0
412,2021-10-01 10:27:26,12500.0,400.0,581800.0
413,2021-10-01 10:27:26,12500.0,600.0,581400.0
414,2021-10-01 10:27:22,12600.0,1500.0,580800.0
415,2021-10-01 10:27:07,12500.0,100.0,579300.0
416,2021-10-01 10:25:18,12600.0,1400.0,579200.0
417,2021-10-01 10:25:18,12600.0,600.0,577800.0
418,2021-10-01 10:25:07,12600.0,1000.0,577200.0
419,2021-10-01 10:24:53,12600.0,500.0,576200.0
420,2021-10-01 10:24:17,12600.0,500.0,575700.0
421,2021-10-01 10:24:08,12600.0,200.0,575200.0
422,2021-10-01 10:24:05,12600.0,100.0,575000.0
423,2021-10-01 10:23:49,12600.0,200.0,574900.0
424,2021-10-01 10:22:42,12600.0,1000.0,574700.0
425,2021-10-01 10:22:16,12500.0,1300.0,573700.0
426,2021-10-01 10:22:16,12500.0,200.0,572400.0
427,2021-10-01 10:22:16,12500.0,2000.0,572200.0
428,2021-10-01 10:22:16,12500.0,1500.0,570200.0
429,2021-10-01 10:20:45,12500.0,200.0,568700.0
430,2021-10-01 10:19:13,12500.0,300.0,568500.0
431,2021-10-01 10:17:41,12500.0,100.0,568200.0
432,2021-10-01 10:17:41,12500.0,500.0,568100.0
433,2021-10-01 10:17:41,12500.0,100.0,567600.0
434,2021-10-01 10:17:41,12500.0,1000.0,567500.0
435,2021-10-01 10:16:45,12500.0,100.0,566500.0
436,2021-10-01 10:15:30,12500.0,100.0,566400.0
437,2021-10-01 10:15:30,12500.0,1000.0,566300.0
438,2021-10-01 10:15:30,12500.0,3400.0,565300.0
439,2021-10-01 10:15:30,12500.0,1000.0,561900.0
440,2021-10-01 10:15:30,12500.0,300.0,560900.0
441,2021-10-01 10:15:30,12500.0,1000.0,560600.0
442,2021-10-01 10:15:30,12500.0,1000.0,559600.0
443,2021-10-01 10:15:30,12500.0,800.0,558600.0
444,2021-10-01 10:15:30,12500.0,1000.0,557800.0
445,2021-10-01 10:15:30,12550.0,400.0,556800.0
446,2021-10-01 10:14:10,12600.0,200.0,556400.0
447,2021-10-01 10:14:10,12600.0,300.0,556200.0
448,2021-10-01 10:14:10,12600.0,100.0,555900.0
449,2021-10-01 10:14:10,12600.0,100.0,555800.0
450,2021-10-01 10:14:10,12600.0,1000.0,555700.0
451,2021-10-01 10:14:10,12600.0,100.0,554700.0
452,2021-10-01 10:14:10,12600.0,5000.0,554600.0
453,2021-10-01 10:14:10,12600.0,2000.0,549600.0
454,2021-10-01 10:14:10,12650.0,400.0,547600.0
455,2021-10-01 10:14:10,12650.0,1200.0,547200.0
456,2021-10-01 10:14:10,12650.0,1000.0,546000.0
457,2021-10-01 10:14:10,12650.0,10000.0,545000.0
458,2021-10-01 10:14:10,12650.0,1000.0,535000.0
459,2021-10-01 10:12:31,12700.0,100.0,534000.0
460,2021-10-01 10:12:30,12650.0,400.0,533900.0
461,2021-10-01 10:12:30,12700.0,200.0,533500.0
462,2021-10-01 10:10:54,12700.0,500.0,533300.0
463,2021-10-01 10:10:14,12700.0,800.0,532800.0
464,2021-10-01 10:09:59,12700.0,300.0,532000.0
465,2021-10-01 10:09:50,12700.0,2000.0,531700.0
466,2021-10-01 10:09:50,12700.0,1000.0,529700.0
467,2021-10-01 10:09:50,12700.0,300.0,528700.0
468,2021-10-01 10:09:50,12700.0,1000.0,528400.0
469,2021-10-01 10:09:50,12700.0,300.0,527400.0
470,2021-10-01 10:09:50,12700.0,300.0,527100.0
471,2021-10-01 10:09:50,12700.0,600.0,526800.0
472,2021-10-01 10:09:50,12700.0,4000.0,526200.0
473,2021-10-01 10:09:50,12700.0,500.0,522200.0
474,2021-10-01 10:09:50,12700.0,1000.0,521700.0
475,2021-10-01 10:09:50,12700.0,10000.0,520700.0
476,2021-10-01 10:09:50,12700.0,1400.0,510700.0
477,2021-10-01 10:09:50,12700.0,1000.0,509300.0
478,2021-10-01 10:09:50,12700.0,4200.0,508300.0
479,2021-10-01 10:09:12,12750.0,100.0,504100.0
480,2021-10-01 10:08:17,12750.0,2000.0,504000.0
481,2021-10-01 10:08:15,12750.0,1000.0,502000.0
482,2021-10-01 10:07:43,12750.0,2000.0,501000.0
483,2021-10-01 10:07:32,12750.0,700.0,499000.0
484,2021-10-01 10:07:03,12750.0,100.0,498300.0
485,2021-10-01 10:06:55,12750.0,100.0,498200.0
486,2021-10-01 10:06:40,12700.0,500.0,498100.0
487,2021-10-01 10:06:40,12750.0,1200.0,497600.0
488,2021-10-01 10:06:23,12750.0,500.0,496400.0
489,2021-10-01 10:06:23,12750.0,100.0,495900.0
490,2021-10-01 10:06:23,12750.0,200.0,495800.0
491,2021-10-01 10:06:19,12750.0,500.0,495600.0
492,2021-10-01 10:06:18,12750.0,200.0,495100.0
493,2021-10-01 10:05:58,12750.0,1000.0,494900.0
494,2021-10-01 10:05:54,12750.0,100.0,493900.0
495,2021-10-01 10:05:29,12800.0,100.0,493800.0
496,2021-10-01 10:05:22,12750.0,1000.0,493700.0
497,2021-10-01 10:05:17,12800.0,300.0,492700.0
498,2021-10-01 10:04:54,12800.0,600.0,492400.0
499,2021-10-01 10:04:54,12800.0,900.0,491800.0
500,2021-10-01 10:04:49,12800.0,200.0,490900.0
501,2021-10-01 10:04:34,12800.0,3900.0,490700.0
502,2021-10-01 10:04:34,12800.0,100.0,486800.0
503,2021-10-01 10:04:34,12800.0,1000.0,486700.0
504,2021-10-01 10:04:34,12800.0,200.0,485700.0
505,2021-10-01 10:04:34,12800.0,2000.0,485500.0
506,2021-10-01 10:04:34,12800.0,1000.0,483500.0
507,2021-10-01 10:04:34,12800.0,3000.0,482500.0
508,2021-10-01 10:04:34,12800.0,200.0,479500.0
509,2021-10-01 10:04:34,12800.0,1900.0,479300.0
510,2021-10-01 10:04:34,12750.0,1000.0,477400.0
511,2021-10-01 10:04:34,12750.0,700.0,476400.0
512,2021-10-01 10:04:27,12750.0,1000.0,475700.0
513,2021-10-01 10:04:10,12750.0,300.0,474700.0
514,2021-10-01 10:04:10,12750.0,100.0,474400.0
515,2021-10-01 10:04:10,12750.0,100.0,474300.0
516,2021-10-01 10:04:02,12750.0,100.0,474200.0
517,2021-10-01 10:03:53,12750.0,100.0,474100.0
518,2021-10-01 10:03:44,12750.0,100.0,474000.0
519,2021-10-01 10:03:12,12800.0,900.0,473900.0
520,2021-10-01 10:03:07,12800.0,200.0,473000.0
521,2021-10-01 10:03:03,12800.0,500.0,472800.0
522,2021-10-01 10:03:01,12800.0,100.0,472300.0
523,2021-10-01 10:02:40,12800.0,100.0,472200.0
524,2021-10-01 10:02:37,12800.0,3800.0,472100.0
525,2021-10-01 10:02:18,12800.0,2500.0,468300.0
526,2021-10-01 10:02:18,12800.0,400.0,465800.0
527,2021-10-01 10:02:18,12800.0,1000.0,465400.0
528,2021-10-01 10:02:18,12800.0,1800.0,464400.0
529,2021-10-01 10:02:18,12750.0,400.0,462600.0
530,2021-10-01 10:02:18,12750.0,500.0,462200.0
531,2021-10-01 10:02:18,12750.0,400.0,461700.0
532,2021-10-01 10:02:18,12700.0,100.0,461300.0
533,2021-10-01 10:01:58,12700.0,100.0,461200.0
534,2021-10-01 10:01:30,12700.0,100.0,461100.0
535,2021-10-01 10:01:11,12700.0,2000.0,461000.0
536,2021-10-01 10:01:11,12700.0,1000.0,459000.0
537,2021-10-01 10:01:10,12750.0,100.0,458000.0
538,2021-10-01 10:01:06,12800.0,200.0,457900.0
539,2021-10-01 10:01:02,12800.0,300.0,457700.0
540,2021-10-01 10:01:01,12800.0,100.0,457400.0
541,2021-10-01 10:00:45,12800.0,500.0,457300.0
542,2021-10-01 10:00:45,12800.0,600.0,456800.0
543,2021-10-01 10:00:45,12800.0,500.0,456200.0
544,2021-10-01 10:00:45,12800.0,300.0,455700.0
545,2021-10-01 10:00:45,12800.0,9000.0,455400.0
546,2021-10-01 10:00:45,12800.0,3300.0,446400.0
547,2021-10-01 10:00:45,12800.0,700.0,443100.0
548,2021-10-01 10:00:45,12800.0,500.0,442400.0
549,2021-10-01 10:00:45,12800.0,500.0,441900.0
550,2021-10-01 10:00:45,12800.0,1600.0,441400.0
551,2021-10-01 10:00:45,12800.0,3000.0,439800.0
552,2021-10-01 10:00:34,12750.0,200.0,436800.0
553,2021-10-01 10:00:30,12750.0,200.0,436600.0
554,2021-10-01 10:00:30,12750.0,100.0,436400.0
555,2021-10-01 10:00:30,12750.0,500.0,436300.0
556,2021-10-01 10:00:06,12700.0,100.0,435800.0
557,2021-10-01 09:59:54,12700.0,100.0,435700.0
558,2021-10-01 09:59:52,12700.0,5100.0,435600.0
559,2021-10-01 09:59:50,12700.0,200.0,430500.0
560,2021-10-01 09:59:50,12700.0,4000.0,430300.0
561,2021-10-01 09:59:50,12700.0,2000.0,426300.0
562,2021-10-01 09:59:50,12700.0,2000.0,424300.0
563,2021-10-01 09:59:50,12700.0,1000.0,422300.0
564,2021-10-01 09:59:50,12700.0,500.0,421300.0
565,2021-10-01 09:59:50,12700.0,200.0,420800.0
566,2021-10-01 09:59:50,12700.0,100.0,420600.0
567,2021-10-01 09:59:44,12650.0,6000.0,420500.0
568,2021-10-01 09:59:44,12650.0,200.0,414500.0
569,2021-10-01 09:59:44,12650.0,2400.0,414300.0
570,2021-10-01 09:59:38,12600.0,300.0,411900.0
571,2021-10-01 09:59:34,12650.0,1000.0,411600.0
572,2021-10-01 09:59:27,12600.0,300.0,410600.0
573,2021-10-01 09:59:25,12600.0,200.0,410300.0
574,2021-10-01 09:59:23,12600.0,100.0,410100.0
575,2021-10-01 09:59:23,12600.0,100.0,410000.0
576,2021-10-01 09:59:23,12600.0,100.0,409900.0
577,2021-10-01 09:59:23,12600.0,3000.0,409800.0
578,2021-10-01 09:59:23,12600.0,100.0,406800.0
579,2021-10-01 09:59:23,12600.0,1400.0,406700.0
580,2021-10-01 09:59:15,12600.0,2000.0,405300.0
581,2021-10-01 09:59:07,12600.0,1000.0,403300.0
582,2021-10-01 09:59:04,12600.0,2000.0,402300.0
583,2021-10-01 09:58:58,12600.0,500.0,400300.0
584,2021-10-01 09:58:52,12600.0,2000.0,399800.0
585,2021-10-01 09:58:47,12600.0,1100.0,397800.0
586,2021-10-01 09:58:43,12600.0,100.0,396700.0
587,2021-10-01 09:58:30,12600.0,100.0,396600.0
588,2021-10-01 09:58:24,12500.0,100.0,396500.0
589,2021-10-01 09:58:16,12600.0,9800.0,396400.0
590,2021-10-01 09:58:16,12550.0,200.0,386600.0
591,2021-10-01 09:57:53,12500.0,200.0,386400.0
592,2021-10-01 09:57:53,12500.0,1000.0,386200.0
593,2021-10-01 09:57:53,12500.0,6300.0,385200.0
594,2021-10-01 09:57:45,12500.0,100.0,378900.0
595,2021-10-01 09:57:40,12500.0,1000.0,378800.0
596,2021-10-01 09:57:33,12500.0,5000.0,377800.0
597,2021-10-01 09:57:25,12500.0,100.0,372800.0
598,2021-10-01 09:57:17,12500.0,2000.0,372700.0
599,2021-10-01 09:57:08,12500.0,500.0,370700.0
600,2021-10-01 09:57:08,12500.0,500.0,370200.0
601,2021-10-01 09:56:51,12450.0,100.0,369700.0
602,2021-10-01 09:56:51,12450.0,100.0,369600.0
603,2021-10-01 09:56:51,12450.0,4600.0,369500.0
604,2021-10-01 09:56:12,12450.0,500.0,364900.0
605,2021-10-01 09:55:40,12450.0,200.0,364400.0
606,2021-10-01 09:55:10,12400.0,1200.0,364200.0
607,2021-10-01 09:55:03,12400.0,600.0,363000.0
608,2021-10-01 09:55:03,12400.0,2000.0,362400.0
609,2021-10-01 09:55:03,12400.0,2000.0,360400.0
610,2021-10-01 09:55:03,12400.0,10400.0,358400.0
611,2021-10-01 09:54:54,12400.0,500.0,348000.0
612,2021-10-01 09:54:43,12400.0,100.0,347500.0
613,2021-10-01 09:54:40,12400.0,1400.0,347400.0
614,2021-10-01 09:54:33,12400.0,100.0,346000.0
615,2021-10-01 09:54:09,12400.0,32000.0,345900.0
616,2021-10-01 09:53:50,12400.0,20000.0,313900.0
617,2021-10-01 09:53:37,12350.0,3500.0,293900.0
618,2021-10-01 09:53:37,12350.0,500.0,290400.0
619,2021-10-01 09:53:37,12350.0,2200.0,289900.0
620,2021-10-01 09:52:59,12300.0,1000.0,287700.0
621,2021-10-01 09:52:44,12300.0,100.0,286700.0
622,2021-10-01 09:52:44,12300.0,1000.0,286600.0
623,2021-10-01 09:52:44,12300.0,1000.0,285600.0
624,2021-10-01 09:52:44,12300.0,200.0,284600.0
625,2021-10-01 09:52:44,12300.0,200.0,284400.0
626,2021-10-01 09:52:44,12300.0,200.0,284200.0
627,2021-10-01 09:52:44,12300.0,500.0,284000.0
628,2021-10-01 09:52:44,12300.0,100.0,283500.0
629,2021-10-01 09:51:59,12350.0,200.0,283400.0
630,2021-10-01 09:51:22,12350.0,600.0,283200.0
631,2021-10-01 09:50:27,12350.0,100.0,282600.0
632,2021-10-01 09:50:06,12350.0,300.0,282500.0
633,2021-10-01 09:50:01,12350.0,1000.0,282200.0
634,2021-10-01 09:49:25,12400.0,200.0,281200.0
635,2021-10-01 09:47:15,12450.0,200.0,281000.0
636,2021-10-01 09:47:02,12300.0,900.0,280800.0
637,2021-10-01 09:46:45,12250.0,2900.0,279900.0
638,2021-10-01 09:46:45,12250.0,1000.0,277000.0
639,2021-10-01 09:46:45,12250.0,100.0,276000.0
640,2021-10-01 09:45:56,12300.0,500.0,275900.0
641,2021-10-01 09:45:43,12300.0,2100.0,275400.0
642,2021-10-01 09:45:36,12300.0,2000.0,273300.0
643,2021-10-01 09:45:36,12300.0,200.0,271300.0
644,2021-10-01 09:45:36,12300.0,800.0,271100.0
645,2021-10-01 09:45:36,12300.0,1000.0,270300.0
646,2021-10-01 09:45:36,12300.0,400.0,269300.0
647,2021-10-01 09:45:36,12300.0,1000.0,268900.0
648,2021-10-01 09:45:36,12350.0,300.0,267900.0
649,2021-10-01 09:45:36,12350.0,200.0,267600.0
650,2021-10-01 09:43:26,12350.0,1000.0,267400.0
651,2021-10-01 09:43:24,12350.0,100.0,266400.0
652,2021-10-01 09:43:09,12350.0,100.0,266300.0
653,2021-10-01 09:42:07,12350.0,600.0,266200.0
654,2021-10-01 09:42:07,12350.0,1600.0,265600.0
655,2021-10-01 09:40:32,12350.0,400.0,264000.0
656,2021-10-01 09:40:32,12350.0,3200.0,263600.0
657,2021-10-01 09:40:15,12300.0,2200.0,260400.0
658,2021-10-01 09:40:15,12300.0,800.0,258200.0
659,2021-10-01 09:39:35,12350.0,100.0,257400.0
660,2021-10-01 09:39:30,12350.0,100.0,257300.0
661,2021-10-01 09:39:14,12350.0,5000.0,257200.0
662,2021-10-01 09:39:03,12350.0,30000.0,252200.0
663,2021-10-01 09:38:33,12300.0,1200.0,222200.0
664,2021-10-01 09:38:11,12250.0,5000.0,221000.0
665,2021-10-01 09:37:31,12350.0,21600.0,216000.0
666,2021-10-01 09:37:31,12350.0,500.0,194400.0
667,2021-10-01 09:37:31,12350.0,3900.0,193900.0
668,2021-10-01 09:37:31,12300.0,5000.0,190000.0
669,2021-10-01 09:37:31,12250.0,19000.0,185000.0
670,2021-10-01 09:37:12,12250.0,1000.0,166000.0
671,2021-10-01 09:37:12,12250.0,200.0,165000.0
672,2021-10-01 09:36:53,12250.0,900.0,164800.0
673,2021-10-01 09:36:53,12250.0,4100.0,163900.0
674,2021-10-01 09:36:40,12250.0,10000.0,159800.0
675,2021-10-01 09:35:53,12250.0,500.0,149800.0
676,2021-10-01 09:35:46,12250.0,5400.0,149300.0
677,2021-10-01 09:35:10,12250.0,15900.0,143900.0
678,2021-10-01 09:34:47,12250.0,2000.0,128000.0
679,2021-10-01 09:34:37,12200.0,1000.0,126000.0
680,2021-10-01 09:34:02,12200.0,2000.0,125000.0
681,2021-10-01 09:34:01,12200.0,1000.0,123000.0
682,2021-10-01 09:33:54,12200.0,100.0,122000.0
683,2021-10-01 09:33:53,12200.0,1000.0,121900.0
684,2021-10-01 09:33:52,12200.0,100.0,120900.0
685,2021-10-01 09:33:41,12200.0,1000.0,120800.0
686,2021-10-01 09:33:36,12200.0,1000.0,119800.0
687,2021-10-01 09:33:26,12200.0,200.0,118800.0
688,2021-10-01 09:33:25,12200.0,500.0,118600.0
689,2021-10-01 09:33:25,12200.0,1100.0,118100.0
690,2021-10-01 09:33:25,12200.0,200.0,117000.0
691,2021-10-01 09:33:25,12200.0,2400.0,116800.0
692,2021-10-01 09:33:25,12200.0,1000.0,114400.0
693,2021-10-01 09:33:25,12200.0,200.0,113400.0
694,2021-10-01 09:33:25,12200.0,100.0,113200.0
695,2021-10-01 09:33:25,12200.0,400.0,113100.0
696,2021-10-01 09:33:25,12250.0,400.0,112700.0
697,2021-10-01 09:33:16,12200.0,100.0,112300.0
698,2021-10-01 09:33:16,12200.0,2000.0,112200.0
699,2021-10-01 09:33:16,12200.0,1000.0,110200.0
700,2021-10-01 09:33:16,12200.0,200.0,109200.0
701,2021-10-01 09:33:16,12200.0,1000.0,109000.0
702,2021-10-01 09:33:16,12200.0,100.0,108000.0
703,2021-10-01 09:33:16,12200.0,500.0,107900.0
704,2021-10-01 09:33:16,12200.0,800.0,107400.0
705,2021-10-01 09:33:16,12200.0,100.0,106600.0
706,2021-10-01 09:33:16,12200.0,100.0,106500.0
707,2021-10-01 09:33:16,12200.0,2000.0,106400.0
708,2021-10-01 09:33:16,12200.0,300.0,104400.0
709,2021-10-01 09:33:16,12200.0,10000.0,104100.0
710,2021-10-01 09:33:16,12200.0,100.0,94100.0
711,2021-10-01 09:33:16,12250.0,1500.0,94000.0
712,2021-10-01 09:33:16,12250.0,200.0,92500.0
713,2021-10-01 09:33:16,12250.0,100.0,92300.0
714,2021-10-01 09:33:16,12250.0,500.0,92200.0
715,2021-10-01 09:32:43,12250.0,4500.0,91700.0
716,2021-10-01 09:32:43,12250.0,5000.0,87200.0
717,2021-10-01 09:32:43,12250.0,400.0,82200.0
718,2021-10-01 09:32:43,12250.0,500.0,81800.0
719,2021-10-01 09:32:43,12250.0,100.0,81300.0
720,2021-10-01 09:32:43,12250.0,100.0,81200.0
721,2021-10-01 09:32:43,12250.0,400.0,81100.0
722,2021-10-01 09:32:33,12250.0,1600.0,80700.0
723,2021-10-01 09:31:09,12300.0,6000.0,79100.0
724,2021-10-01 09:29:42,12300.0,1000.0,73100.0
725,2021-10-01 09:27:35,12250.0,500.0,72100.0
726,2021-10-01 09:27:00,12250.0,500.0,71600.0
727,2021-10-01 09:27:00,12250.0,500.0,71100.0
728,2021-10-01 09:26:44,12300.0,100.0,70600.0
729,2021-10-01 09:26:29,12300.0,200.0,70500.0
730,2021-10-01 09:25:54,12250.0,1300.0,70300.0
731,2021-10-01 09:25:48,12250.0,500.0,69000.0
732,2021-10-01 09:25:37,12250.0,10000.0,68500.0
733,2021-10-01 09:25:24,12250.0,500.0,58500.0
734,2021-10-01 09:25:18,12250.0,200.0,58000.0
735,2021-10-01 09:24:58,12200.0,100.0,57800.0
736,2021-10-01 09:24:58,12200.0,800.0,57700.0
737,2021-10-01 09:24:58,12200.0,1000.0,56900.0
738,2021-10-01 09:24:57,12200.0,1000.0,55900.0
739,2021-10-01 09:24:57,12200.0,200.0,54900.0
740,2021-10-01 09:24:51,12200.0,400.0,54700.0
741,2021-10-01 09:24:44,12200.0,500.0,54300.0
742,2021-10-01 09:24:29,12200.0,200.0,53800.0
743,2021-10-01 09:24:20,12200.0,1000.0,53600.0
744,2021-10-01 09:24:16,12200.0,2000.0,52600.0
745,2021-10-01 09:24:09,12200.0,2500.0,50600.0
746,2021-10-01 09:24:07,12200.0,300.0,48100.0
747,2021-10-01 09:24:07,12200.0,200.0,47800.0
748,2021-10-01 09:24:05,12150.0,600.0,47600.0
749,2021-10-01 09:24:05,12150.0,500.0,47000.0
750,2021-10-01 09:23:55,12200.0,100.0,46500.0
751,2021-10-01 09:23:33,12200.0,200.0,46400.0
752,2021-10-01 09:23:25,12200.0,2000.0,46200.0
753,2021-10-01 09:23:24,12200.0,2000.0,44200.0
754,2021-10-01 09:23:24,12200.0,100.0,42200.0
755,2021-10-01 09:23:24,12200.0,2000.0,42100.0
756,2021-10-01 09:23:24,12200.0,1000.0,40100.0
757,2021-10-01 09:23:24,12200.0,2000.0,39100.0
758,2021-10-01 09:23:24,12200.0,100.0,37100.0
759,2021-10-01 09:23:24,12200.0,100.0,37000.0
760,2021-10-01 09:23:24,12200.0,100.0,36900.0
761,2021-10-01 09:23:24,12200.0,100.0,36800.0
762,2021-10-01 09:23:24,12200.0,100.0,36700.0
763,2021-10-01 09:23:12,12250.0,100.0,36600.0
764,2021-10-01 09:23:03,12250.0,200.0,36500.0
765,2021-10-01 09:22:50,12250.0,100.0,36300.0
766,2021-10-01 09:21:08,12250.0,500.0,36200.0
767,2021-10-01 09:20:02,12250.0,300.0,35700.0
768,2021-10-01 09:20:02,12200.0,700.0,35400.0
769,2021-10-01 09:19:55,12200.0,100.0,34700.0
770,2021-10-01 09:19:50,12200.0,1000.0,34600.0
771,2021-10-01 09:19:45,12200.0,200.0,33600.0
772,2021-10-01 09:19:33,12200.0,100.0,33400.0
773,2021-10-01 09:19:17,12200.0,100.0,33300.0
774,2021-10-01 09:19:17,12200.0,2800.0,33200.0
775,2021-10-01 09:19:10,12200.0,2200.0,30400.0
776,2021-10-01 09:19:10,12200.0,500.0,28200.0
777,2021-10-01 09:19:10,12200.0,600.0,27700.0
778,2021-10-01 09:19:10,12200.0,300.0,27100.0
779,2021-10-01 09:19:10,12200.0,300.0,26800.0
780,2021-10-01 09:19:10,12200.0,3000.0,26500.0
781,2021-10-01 09:19:10,12200.0,500.0,23500.0
782,2021-10-01 09:19:10,12200.0,500.0,23000.0
783,2021-10-01 09:19:10,12200.0,500.0,22500.0
784,2021-10-01 09:19:10,12200.0,500.0,22000.0
785,2021-10-01 09:19:10,12200.0,1000.0,21500.0
786,2021-10-01 09:19:10,12200.0,100.0,20500.0
787,2021-10-01 09:19:01,12200.0,600.0,20400.0
788,2021-10-01 09:19:01,12200.0,100.0,19800.0
789,2021-10-01 09:19:01,12200.0,200.0,19700.0
790,2021-10-01 09:18:24,12250.0,6200.0,19500.0
791,2021-10-01 09:18:24,12250.0,100.0,13300.0
792,2021-10-01 09:18:14,12300.0,500.0,13200.0
793,2021-10-01 09:16:44,12350.0,100.0,12700.0
794,2021-10-01 09:16:44,12350.0,500.0,12600.0
795,2021-10-01 09:16:44,12350.0,500.0,12100.0
796,2021-10-01 09:15:46,12400.0,100.0,11600.0
797,2021-10-01 09:15:20,12400.0,100.0,11500.0
798,2021-10-01 09:15:01,12400.0,200.0,11400.0
799,2021-10-01 09:15:01,12400.0,1000.0,11200.0
800,2021-10-01 09:15:01,12400.0,3600.0,10200.0
801,2021-10-01 09:15:01,12400.0,400.0,6600.0
802,2021-10-01 09:15:01,12400.0,100.0,6200.0
803,2021-10-01 09:15:01,12400.0,200.0,6100.0
804,2021-10-01 09:15:01,12400.0,100.0,5900.0
805,2021-10-01 09:15:01,12400.0,900.0,5800.0
806,2021-10-01 09:15:01,12400.0,100.0,4900.0
807,2021-10-01 09:15:01,12400.0,500.0,4800.0
808,2021-10-01 09:15:01,12400.0,100.0,4300.0
809,2021-10-01 09:15:01,12400.0,100.0,4200.0
810,2021-10-01 09:15:01,12400.0,2000.0,4100.0
811,2021-10-01 09:15:01,12400.0,500.0,2100.0
812,2021-10-01 09:15:01,12400.0,800.0,1600.0
813,2021-10-01 09:15:01,12400.0,700.0,800.0
814,2021-10-01 09:15:01,12400.0,100.0,100.0
