,Time,Price,Volume_per_trade,Volume
0,2021-10-22 07:45:01,14300.0,100.0,2458800.0
1,2021-10-22 07:45:01,14300.0,1000.0,2458700.0
2,2021-10-22 07:45:01,14300.0,400.0,2457700.0
3,2021-10-22 07:45:01,14300.0,400.0,2457300.0
4,2021-10-22 07:45:01,14300.0,800.0,2456900.0
5,2021-10-22 07:45:01,14300.0,500.0,2456100.0
6,2021-10-22 07:45:01,14300.0,100.0,2455600.0
7,2021-10-22 07:45:01,14300.0,1200.0,2455500.0
8,2021-10-22 07:45:01,14300.0,3800.0,2454300.0
9,2021-10-22 07:45:01,14300.0,400.0,2450500.0
10,2021-10-22 07:45:01,14300.0,1300.0,2450100.0
11,2021-10-22 07:45:01,14300.0,300.0,2448800.0
12,2021-10-22 07:45:01,14300.0,500.0,2448500.0
13,2021-10-22 07:45:01,14300.0,2500.0,2448000.0
14,2021-10-22 07:45:01,14300.0,100.0,2445500.0
15,2021-10-22 07:45:01,14300.0,400.0,2445400.0
16,2021-10-22 07:45:01,14300.0,200.0,2445000.0
17,2021-10-22 07:45:01,14300.0,200.0,2444800.0
18,2021-10-22 07:45:01,14300.0,900.0,2444600.0
19,2021-10-22 07:45:01,14300.0,8300.0,2443700.0
20,2021-10-22 07:45:01,14300.0,1700.0,2435400.0
21,2021-10-22 07:45:01,14300.0,1300.0,2433700.0
22,2021-10-22 07:45:01,14300.0,100.0,2432400.0
23,2021-10-22 07:45:01,14300.0,1000.0,2432300.0
24,2021-10-22 07:45:01,14300.0,2600.0,2431300.0
25,2021-10-22 07:45:01,14300.0,300.0,2428700.0
26,2021-10-22 07:45:01,14300.0,500.0,2428400.0
27,2021-10-22 07:45:01,14300.0,200.0,2427900.0
28,2021-10-22 07:45:01,14300.0,500.0,2427700.0
29,2021-10-22 07:45:01,14300.0,5900.0,2427200.0
30,2021-10-22 07:45:01,14300.0,100.0,2421300.0
31,2021-10-22 07:45:01,14300.0,4000.0,2421200.0
32,2021-10-22 07:29:57,14200.0,1700.0,2417200.0
33,2021-10-22 07:29:54,14200.0,800.0,2415500.0
34,2021-10-22 07:29:52,14200.0,100.0,2414700.0
35,2021-10-22 07:29:48,14200.0,200.0,2414600.0
36,2021-10-22 07:29:21,14200.0,4000.0,2414400.0
37,2021-10-22 07:28:53,14200.0,500.0,2410400.0
38,2021-10-22 07:28:50,14200.0,900.0,2409900.0
39,2021-10-22 07:28:50,14200.0,2100.0,2409000.0
40,2021-10-22 07:28:50,14200.0,1900.0,2406900.0
41,2021-10-22 07:28:33,14200.0,1000.0,2405000.0
42,2021-10-22 07:28:18,14200.0,1000.0,2404000.0
43,2021-10-22 07:27:58,14300.0,700.0,2403000.0
44,2021-10-22 07:27:58,14200.0,2300.0,2402300.0
45,2021-10-22 07:27:56,14200.0,1000.0,2400000.0
46,2021-10-22 07:27:37,14000.0,200.0,2399000.0
47,2021-10-22 07:27:37,14000.0,5000.0,2398800.0
48,2021-10-22 07:27:37,14000.0,1000.0,2393800.0
49,2021-10-22 07:27:37,14050.0,100.0,2392800.0
50,2021-10-22 07:27:37,14050.0,1000.0,2392700.0
51,2021-10-22 07:27:37,14100.0,1000.0,2391700.0
52,2021-10-22 07:27:37,14100.0,2000.0,2390700.0
53,2021-10-22 07:27:37,14100.0,100.0,2388700.0
54,2021-10-22 07:27:37,14150.0,5000.0,2388600.0
55,2021-10-22 07:27:37,14200.0,2200.0,2383600.0
56,2021-10-22 07:27:37,14200.0,1000.0,2381400.0
57,2021-10-22 07:27:37,14200.0,2000.0,2380400.0
58,2021-10-22 07:27:37,14200.0,500.0,2378400.0
59,2021-10-22 07:27:37,14200.0,500.0,2377900.0
60,2021-10-22 07:27:37,14200.0,500.0,2377400.0
61,2021-10-22 07:27:37,14200.0,100.0,2376900.0
62,2021-10-22 07:26:54,14200.0,900.0,2376800.0
63,2021-10-22 07:26:54,14200.0,900.0,2375900.0
64,2021-10-22 07:26:54,14200.0,1000.0,2375000.0
65,2021-10-22 07:26:54,14200.0,100.0,2374000.0
66,2021-10-22 07:26:54,14200.0,100.0,2373900.0
67,2021-10-22 07:26:54,14250.0,300.0,2373800.0
68,2021-10-22 07:26:54,14250.0,100.0,2373500.0
69,2021-10-22 07:26:54,14250.0,1600.0,2373400.0
70,2021-10-22 07:26:51,14250.0,5100.0,2371800.0
71,2021-10-22 07:26:51,14250.0,11000.0,2366700.0
72,2021-10-22 07:26:51,14250.0,1400.0,2355700.0
73,2021-10-22 07:26:51,14250.0,300.0,2354300.0
74,2021-10-22 07:26:51,14250.0,500.0,2354000.0
75,2021-10-22 07:26:51,14250.0,500.0,2353500.0
76,2021-10-22 07:26:51,14250.0,200.0,2353000.0
77,2021-10-22 07:26:51,14250.0,1000.0,2352800.0
78,2021-10-22 07:26:46,14300.0,500.0,2351800.0
79,2021-10-22 07:26:41,14300.0,300.0,2351300.0
80,2021-10-22 07:26:38,14300.0,400.0,2351000.0
81,2021-10-22 07:26:30,14300.0,1200.0,2350600.0
82,2021-10-22 07:26:19,14300.0,300.0,2349400.0
83,2021-10-22 07:26:08,14300.0,800.0,2349100.0
84,2021-10-22 07:26:08,14300.0,4200.0,2348300.0
85,2021-10-22 07:25:43,14300.0,200.0,2344100.0
86,2021-10-22 07:25:34,14300.0,600.0,2343900.0
87,2021-10-22 07:25:34,14300.0,1000.0,2343300.0
88,2021-10-22 07:25:34,14300.0,1200.0,2342300.0
89,2021-10-22 07:25:25,14300.0,300.0,2341100.0
90,2021-10-22 07:25:18,14300.0,100.0,2340800.0
91,2021-10-22 07:25:15,14300.0,1000.0,2340700.0
92,2021-10-22 07:25:01,14300.0,500.0,2339700.0
93,2021-10-22 07:24:59,14300.0,800.0,2339200.0
94,2021-10-22 07:24:23,14300.0,300.0,2338400.0
95,2021-10-22 07:24:21,14300.0,1000.0,2338100.0
96,2021-10-22 07:24:21,14300.0,1100.0,2337100.0
97,2021-10-22 07:24:21,14300.0,1000.0,2336000.0
98,2021-10-22 07:24:21,14300.0,1000.0,2335000.0
99,2021-10-22 07:24:21,14300.0,1700.0,2334000.0
100,2021-10-22 07:24:17,14300.0,500.0,2332300.0
101,2021-10-22 07:23:50,14300.0,7800.0,2331800.0
102,2021-10-22 07:23:50,14300.0,2000.0,2324000.0
103,2021-10-22 07:23:50,14300.0,100.0,2322000.0
104,2021-10-22 07:23:50,14300.0,100.0,2321900.0
105,2021-10-22 07:23:33,14300.0,500.0,2321800.0
106,2021-10-22 07:23:26,14300.0,100.0,2321300.0
107,2021-10-22 07:23:21,14300.0,100.0,2321200.0
108,2021-10-22 07:23:21,14300.0,200.0,2321100.0
109,2021-10-22 07:23:18,14300.0,300.0,2320900.0
110,2021-10-22 07:22:58,14300.0,4700.0,2320600.0
111,2021-10-22 07:22:58,14300.0,100.0,2315900.0
112,2021-10-22 07:22:58,14300.0,100.0,2315800.0
113,2021-10-22 07:22:58,14300.0,200.0,2315700.0
114,2021-10-22 07:22:58,14300.0,1000.0,2315500.0
115,2021-10-22 07:22:58,14300.0,100.0,2314500.0
116,2021-10-22 07:22:58,14300.0,500.0,2314400.0
117,2021-10-22 07:22:58,14300.0,300.0,2313900.0
118,2021-10-22 07:22:57,14300.0,1000.0,2313600.0
119,2021-10-22 07:22:57,14300.0,100.0,2312600.0
120,2021-10-22 07:22:57,14300.0,1500.0,2312500.0
121,2021-10-22 07:22:57,14300.0,400.0,2311000.0
122,2021-10-22 07:22:50,14300.0,800.0,2310600.0
123,2021-10-22 07:22:34,14300.0,800.0,2309800.0
124,2021-10-22 07:22:34,14300.0,100.0,2309000.0
125,2021-10-22 07:22:34,14300.0,100.0,2308900.0
126,2021-10-22 07:21:57,14300.0,700.0,2308800.0
127,2021-10-22 07:21:57,14300.0,300.0,2308100.0
128,2021-10-22 07:21:46,14300.0,200.0,2307800.0
129,2021-10-22 07:21:41,14300.0,100.0,2307600.0
130,2021-10-22 07:21:41,14300.0,200.0,2307500.0
131,2021-10-22 07:21:16,14300.0,200.0,2307300.0
132,2021-10-22 07:20:59,14300.0,1100.0,2307100.0
133,2021-10-22 07:20:42,14300.0,2000.0,2306000.0
134,2021-10-22 07:20:13,14300.0,100.0,2304000.0
135,2021-10-22 07:20:02,14300.0,200.0,2303900.0
136,2021-10-22 07:18:36,14300.0,200.0,2303700.0
137,2021-10-22 07:18:34,14250.0,1000.0,2303500.0
138,2021-10-22 07:18:33,14250.0,1000.0,2302500.0
139,2021-10-22 07:18:18,14250.0,1000.0,2301500.0
140,2021-10-22 07:18:06,14300.0,100.0,2300500.0
141,2021-10-22 07:18:00,14300.0,300.0,2300400.0
142,2021-10-22 07:18:00,14300.0,600.0,2300100.0
143,2021-10-22 07:17:55,14300.0,300.0,2299500.0
144,2021-10-22 07:17:55,14300.0,200.0,2299200.0
145,2021-10-22 07:17:53,14300.0,200.0,2299000.0
146,2021-10-22 07:17:47,14300.0,600.0,2298800.0
147,2021-10-22 07:17:47,14300.0,100.0,2298200.0
148,2021-10-22 07:17:47,14300.0,300.0,2298100.0
149,2021-10-22 07:17:47,14300.0,1400.0,2297800.0
150,2021-10-22 07:17:47,14300.0,100.0,2296400.0
151,2021-10-22 07:17:47,14300.0,100.0,2296300.0
152,2021-10-22 07:17:47,14300.0,300.0,2296200.0
153,2021-10-22 07:17:47,14300.0,500.0,2295900.0
154,2021-10-22 07:17:47,14300.0,600.0,2295400.0
155,2021-10-22 07:17:16,14300.0,400.0,2294800.0
156,2021-10-22 07:17:16,14300.0,500.0,2294400.0
157,2021-10-22 07:17:16,14300.0,200.0,2293900.0
158,2021-10-22 07:17:16,14300.0,100.0,2293700.0
159,2021-10-22 07:17:16,14300.0,600.0,2293600.0
160,2021-10-22 07:17:16,14300.0,2000.0,2293000.0
161,2021-10-22 07:17:16,14300.0,1400.0,2291000.0
162,2021-10-22 07:17:16,14300.0,100.0,2289600.0
163,2021-10-22 07:17:16,14300.0,1000.0,2289500.0
164,2021-10-22 07:17:16,14300.0,2000.0,2288500.0
165,2021-10-22 07:17:16,14300.0,1400.0,2286500.0
166,2021-10-22 07:17:06,14350.0,300.0,2285100.0
167,2021-10-22 07:17:06,14350.0,100.0,2284800.0
168,2021-10-22 07:16:55,14350.0,200.0,2284700.0
169,2021-10-22 07:16:50,14300.0,600.0,2284500.0
170,2021-10-22 07:16:50,14300.0,400.0,2283900.0
171,2021-10-22 07:16:49,14350.0,1700.0,2283500.0
172,2021-10-22 07:16:40,14350.0,100.0,2281800.0
173,2021-10-22 07:16:33,14300.0,600.0,2281700.0
174,2021-10-22 07:16:27,14350.0,100.0,2281100.0
175,2021-10-22 07:15:36,14350.0,200.0,2281000.0
176,2021-10-22 07:15:36,14350.0,200.0,2280800.0
177,2021-10-22 07:15:36,14350.0,100.0,2280600.0
178,2021-10-22 07:15:36,14350.0,200.0,2280500.0
179,2021-10-22 07:15:36,14350.0,500.0,2280300.0
180,2021-10-22 07:15:36,14350.0,500.0,2279800.0
181,2021-10-22 07:15:36,14350.0,500.0,2279300.0
182,2021-10-22 07:15:36,14350.0,500.0,2278800.0
183,2021-10-22 07:15:36,14350.0,100.0,2278300.0
184,2021-10-22 07:15:36,14350.0,300.0,2278200.0
185,2021-10-22 07:15:36,14350.0,100.0,2277900.0
186,2021-10-22 07:15:36,14350.0,1100.0,2277800.0
187,2021-10-22 07:15:12,14350.0,200.0,2276700.0
188,2021-10-22 07:14:54,14400.0,1900.0,2276500.0
189,2021-10-22 07:14:54,14400.0,300.0,2274600.0
190,2021-10-22 07:14:54,14400.0,200.0,2274300.0
191,2021-10-22 07:14:54,14400.0,900.0,2274100.0
192,2021-10-22 07:14:54,14400.0,500.0,2273200.0
193,2021-10-22 07:14:54,14400.0,300.0,2272700.0
194,2021-10-22 07:14:54,14400.0,300.0,2272400.0
195,2021-10-22 07:14:30,14400.0,200.0,2272100.0
196,2021-10-22 07:14:22,14400.0,1000.0,2271900.0
197,2021-10-22 07:14:18,14400.0,600.0,2270900.0
198,2021-10-22 07:14:02,14400.0,200.0,2270300.0
199,2021-10-22 07:13:55,14350.0,200.0,2270100.0
200,2021-10-22 07:13:43,14400.0,100.0,2269900.0
201,2021-10-22 07:12:47,14400.0,6800.0,2269800.0
202,2021-10-22 07:12:47,14400.0,800.0,2263000.0
203,2021-10-22 07:12:39,14400.0,1200.0,2262200.0
204,2021-10-22 07:12:39,14400.0,800.0,2261000.0
205,2021-10-22 07:12:23,14400.0,1200.0,2260200.0
206,2021-10-22 07:12:23,14400.0,100.0,2259000.0
207,2021-10-22 07:12:23,14400.0,1000.0,2258900.0
208,2021-10-22 07:12:23,14400.0,200.0,2257900.0
209,2021-10-22 07:12:15,14400.0,1300.0,2257700.0
210,2021-10-22 07:12:15,14400.0,500.0,2256400.0
211,2021-10-22 07:12:15,14400.0,400.0,2255900.0
212,2021-10-22 07:12:15,14400.0,200.0,2255500.0
213,2021-10-22 07:12:15,14400.0,3000.0,2255300.0
214,2021-10-22 07:12:15,14400.0,700.0,2252300.0
215,2021-10-22 07:12:04,14400.0,500.0,2251600.0
216,2021-10-22 07:11:50,14400.0,1000.0,2251100.0
217,2021-10-22 07:11:50,14400.0,1000.0,2250100.0
218,2021-10-22 07:11:50,14400.0,300.0,2249100.0
219,2021-10-22 07:11:50,14400.0,200.0,2248800.0
220,2021-10-22 07:11:50,14400.0,100.0,2248600.0
221,2021-10-22 07:11:50,14400.0,200.0,2248500.0
222,2021-10-22 07:11:50,14400.0,100.0,2248300.0
223,2021-10-22 07:11:50,14400.0,500.0,2248200.0
224,2021-10-22 07:11:50,14400.0,2600.0,2247700.0
225,2021-10-22 07:11:27,14400.0,3000.0,2245100.0
226,2021-10-22 07:11:21,14400.0,1000.0,2242100.0
227,2021-10-22 07:11:17,14450.0,1000.0,2241100.0
228,2021-10-22 07:11:01,14450.0,100.0,2240100.0
229,2021-10-22 07:10:48,14450.0,400.0,2240000.0
230,2021-10-22 07:10:41,14450.0,100.0,2239600.0
231,2021-10-22 07:10:41,14450.0,400.0,2239500.0
232,2021-10-22 07:10:41,14450.0,8300.0,2239100.0
233,2021-10-22 07:10:32,14450.0,200.0,2230800.0
234,2021-10-22 07:10:30,14450.0,1000.0,2230600.0
235,2021-10-22 07:10:15,14450.0,100.0,2229600.0
236,2021-10-22 07:10:15,14450.0,1300.0,2229500.0
237,2021-10-22 07:10:15,14450.0,1500.0,2228200.0
238,2021-10-22 07:10:15,14450.0,2100.0,2226700.0
239,2021-10-22 07:09:53,14450.0,300.0,2224600.0
240,2021-10-22 07:09:41,14450.0,1000.0,2224300.0
241,2021-10-22 07:09:10,14450.0,600.0,2223300.0
242,2021-10-22 07:09:10,14450.0,200.0,2222700.0
243,2021-10-22 07:09:10,14450.0,3100.0,2222500.0
244,2021-10-22 07:09:10,14450.0,100.0,2219400.0
245,2021-10-22 07:08:35,14400.0,2300.0,2219300.0
246,2021-10-22 07:08:35,14400.0,100.0,2217000.0
247,2021-10-22 07:08:35,14400.0,2000.0,2216900.0
248,2021-10-22 07:08:35,14400.0,2000.0,2214900.0
249,2021-10-22 07:08:35,14400.0,10000.0,2212900.0
250,2021-10-22 07:08:35,14400.0,200.0,2202900.0
251,2021-10-22 07:08:35,14400.0,200.0,2202700.0
252,2021-10-22 07:08:35,14400.0,300.0,2202500.0
253,2021-10-22 07:08:35,14400.0,300.0,2202200.0
254,2021-10-22 07:08:35,14400.0,500.0,2201900.0
255,2021-10-22 07:08:35,14400.0,100.0,2201400.0
256,2021-10-22 07:08:35,14400.0,500.0,2201300.0
257,2021-10-22 07:08:35,14400.0,5000.0,2200800.0
258,2021-10-22 07:08:35,14400.0,1900.0,2195800.0
259,2021-10-22 07:08:35,14400.0,4400.0,2193900.0
260,2021-10-22 07:08:35,14450.0,200.0,2189500.0
261,2021-10-22 07:08:32,14500.0,600.0,2189300.0
262,2021-10-22 07:08:32,14500.0,100.0,2188700.0
263,2021-10-22 07:08:32,14500.0,2000.0,2188600.0
264,2021-10-22 07:08:32,14500.0,1000.0,2186600.0
265,2021-10-22 07:08:32,14500.0,500.0,2185600.0
266,2021-10-22 07:08:32,14500.0,2300.0,2185100.0
267,2021-10-22 07:08:31,14450.0,2400.0,2182800.0
268,2021-10-22 07:08:31,14450.0,500.0,2180400.0
269,2021-10-22 07:08:31,14450.0,1400.0,2179900.0
270,2021-10-22 07:08:31,14450.0,1000.0,2178500.0
271,2021-10-22 07:08:31,14450.0,300.0,2177500.0
272,2021-10-22 07:08:31,14450.0,3000.0,2177200.0
273,2021-10-22 07:08:20,14450.0,500.0,2174200.0
274,2021-10-22 07:08:13,14450.0,200.0,2173700.0
275,2021-10-22 07:08:09,14400.0,2900.0,2173500.0
276,2021-10-22 07:07:57,14450.0,1500.0,2170600.0
277,2021-10-22 07:07:57,14450.0,3700.0,2169100.0
278,2021-10-22 07:07:18,14450.0,200.0,2165400.0
279,2021-10-22 07:06:54,14450.0,300.0,2165200.0
280,2021-10-22 07:06:54,14450.0,600.0,2164900.0
281,2021-10-22 07:06:22,14450.0,400.0,2164300.0
282,2021-10-22 07:06:22,14450.0,1600.0,2163900.0
283,2021-10-22 07:05:51,14450.0,1400.0,2162300.0
284,2021-10-22 07:05:37,14450.0,5000.0,2160900.0
285,2021-10-22 07:05:26,14450.0,7000.0,2155900.0
286,2021-10-22 07:05:21,14450.0,700.0,2148900.0
287,2021-10-22 07:05:16,14450.0,100.0,2148200.0
288,2021-10-22 07:05:16,14450.0,1000.0,2148100.0
289,2021-10-22 07:05:16,14450.0,2300.0,2147100.0
290,2021-10-22 07:05:16,14450.0,900.0,2144800.0
291,2021-10-22 07:05:08,14500.0,700.0,2143900.0
292,2021-10-22 07:05:08,14500.0,300.0,2143200.0
293,2021-10-22 07:04:57,14500.0,700.0,2142900.0
294,2021-10-22 07:04:57,14500.0,100.0,2142200.0
295,2021-10-22 07:04:57,14500.0,1000.0,2142100.0
296,2021-10-22 07:04:57,14500.0,500.0,2141100.0
297,2021-10-22 07:04:57,14500.0,1600.0,2140600.0
298,2021-10-22 07:04:57,14500.0,3000.0,2139000.0
299,2021-10-22 07:04:57,14500.0,2000.0,2136000.0
300,2021-10-22 07:04:57,14500.0,2000.0,2134000.0
301,2021-10-22 07:04:57,14500.0,200.0,2132000.0
302,2021-10-22 07:04:57,14500.0,500.0,2131800.0
303,2021-10-22 07:04:57,14500.0,1200.0,2131300.0
304,2021-10-22 07:04:57,14500.0,2200.0,2130100.0
305,2021-10-22 07:04:00,14450.0,1100.0,2127900.0
306,2021-10-22 07:04:00,14450.0,1000.0,2126800.0
307,2021-10-22 07:03:55,14400.0,1000.0,2125800.0
308,2021-10-22 07:03:49,14450.0,300.0,2124800.0
309,2021-10-22 07:03:31,14450.0,200.0,2124500.0
310,2021-10-22 07:03:30,14450.0,1100.0,2124300.0
311,2021-10-22 07:02:56,14450.0,1900.0,2123200.0
312,2021-10-22 07:02:55,14450.0,1000.0,2121300.0
313,2021-10-22 07:02:55,14450.0,2000.0,2120300.0
314,2021-10-22 07:02:55,14450.0,100.0,2118300.0
315,2021-10-22 07:02:31,14500.0,100.0,2118200.0
316,2021-10-22 07:02:19,14500.0,2400.0,2118100.0
317,2021-10-22 07:02:07,14450.0,300.0,2115700.0
318,2021-10-22 07:02:00,14450.0,500.0,2115400.0
319,2021-10-22 07:01:37,14450.0,1000.0,2114900.0
320,2021-10-22 07:01:30,14450.0,2500.0,2113900.0
321,2021-10-22 07:01:30,14450.0,500.0,2111400.0
322,2021-10-22 07:01:30,14450.0,1000.0,2110900.0
323,2021-10-22 07:01:30,14450.0,4100.0,2109900.0
324,2021-10-22 07:01:30,14400.0,1500.0,2105800.0
325,2021-10-22 07:01:24,14450.0,2000.0,2104300.0
326,2021-10-22 07:01:06,14450.0,1300.0,2102300.0
327,2021-10-22 07:00:41,14450.0,2000.0,2101000.0
328,2021-10-22 06:59:57,14450.0,500.0,2099000.0
329,2021-10-22 06:59:57,14450.0,100.0,2098500.0
330,2021-10-22 06:59:45,14450.0,400.0,2098400.0
331,2021-10-22 06:59:28,14450.0,200.0,2098000.0
332,2021-10-22 06:59:23,14500.0,300.0,2097800.0
333,2021-10-22 06:59:23,14500.0,500.0,2097500.0
334,2021-10-22 06:59:23,14500.0,500.0,2097000.0
335,2021-10-22 06:59:23,14500.0,1000.0,2096500.0
336,2021-10-22 06:59:23,14500.0,100.0,2095500.0
337,2021-10-22 06:59:23,14500.0,1000.0,2095400.0
338,2021-10-22 06:59:23,14500.0,500.0,2094400.0
339,2021-10-22 06:59:23,14500.0,1000.0,2093900.0
340,2021-10-22 06:59:23,14500.0,100.0,2092900.0
341,2021-10-22 06:59:11,14450.0,200.0,2092800.0
342,2021-10-22 06:59:11,14450.0,200.0,2092600.0
343,2021-10-22 06:59:10,14400.0,200.0,2092400.0
344,2021-10-22 06:59:10,14400.0,200.0,2092200.0
345,2021-10-22 06:59:10,14400.0,200.0,2092000.0
346,2021-10-22 06:59:10,14400.0,200.0,2091800.0
347,2021-10-22 06:59:10,14400.0,100.0,2091600.0
348,2021-10-22 06:59:10,14400.0,100.0,2091500.0
349,2021-10-22 06:59:10,14400.0,500.0,2091400.0
350,2021-10-22 06:59:10,14400.0,200.0,2090900.0
351,2021-10-22 06:59:10,14400.0,300.0,2090700.0
352,2021-10-22 06:59:02,14450.0,300.0,2090400.0
353,2021-10-22 06:58:55,14450.0,200.0,2090100.0
354,2021-10-22 06:58:55,14450.0,300.0,2089900.0
355,2021-10-22 06:58:39,14450.0,1200.0,2089600.0
356,2021-10-22 06:58:39,14450.0,1000.0,2088400.0
357,2021-10-22 06:58:39,14450.0,7300.0,2087400.0
358,2021-10-22 06:58:25,14450.0,200.0,2080100.0
359,2021-10-22 06:58:21,14450.0,1000.0,2079900.0
360,2021-10-22 06:58:17,14450.0,200.0,2078900.0
361,2021-10-22 06:58:17,14450.0,1000.0,2078700.0
362,2021-10-22 06:58:17,14450.0,200.0,2077700.0
363,2021-10-22 06:58:17,14450.0,500.0,2077500.0
364,2021-10-22 06:58:17,14450.0,4300.0,2077000.0
365,2021-10-22 06:57:37,14450.0,2000.0,2072700.0
366,2021-10-22 06:57:28,14450.0,2000.0,2070700.0
367,2021-10-22 06:57:18,14450.0,1300.0,2068700.0
368,2021-10-22 06:57:17,14450.0,400.0,2067400.0
369,2021-10-22 06:57:17,14450.0,600.0,2067000.0
370,2021-10-22 06:57:16,14450.0,500.0,2066400.0
371,2021-10-22 06:57:02,14450.0,100.0,2065900.0
372,2021-10-22 06:56:57,14450.0,800.0,2065800.0
373,2021-10-22 06:56:57,14450.0,500.0,2065000.0
374,2021-10-22 06:56:57,14450.0,100.0,2064500.0
375,2021-10-22 06:56:57,14450.0,1000.0,2064400.0
376,2021-10-22 06:56:57,14450.0,200.0,2063400.0
377,2021-10-22 06:56:57,14450.0,100.0,2063200.0
378,2021-10-22 06:56:57,14450.0,200.0,2063100.0
379,2021-10-22 06:56:57,14450.0,300.0,2062900.0
380,2021-10-22 06:56:57,14450.0,1000.0,2062600.0
381,2021-10-22 06:56:57,14450.0,2800.0,2061600.0
382,2021-10-22 06:56:54,14450.0,400.0,2058800.0
383,2021-10-22 06:56:54,14450.0,500.0,2058400.0
384,2021-10-22 06:56:54,14450.0,500.0,2057900.0
385,2021-10-22 06:56:54,14450.0,100.0,2057400.0
386,2021-10-22 06:56:47,14450.0,300.0,2057300.0
387,2021-10-22 06:56:08,14450.0,500.0,2057000.0
388,2021-10-22 06:55:58,14450.0,400.0,2056500.0
389,2021-10-22 06:55:47,14500.0,2500.0,2056100.0
390,2021-10-22 06:55:06,14450.0,1700.0,2053600.0
391,2021-10-22 06:55:06,14450.0,300.0,2051900.0
392,2021-10-22 06:55:06,14450.0,1000.0,2051600.0
393,2021-10-22 06:55:06,14450.0,2000.0,2050600.0
394,2021-10-22 06:54:51,14500.0,1000.0,2048600.0
395,2021-10-22 06:54:28,14500.0,1000.0,2047600.0
396,2021-10-22 06:54:11,14500.0,100.0,2046600.0
397,2021-10-22 06:54:05,14500.0,600.0,2046500.0
398,2021-10-22 06:54:05,14500.0,1000.0,2045900.0
399,2021-10-22 06:54:05,14500.0,300.0,2044900.0
400,2021-10-22 06:54:05,14500.0,1300.0,2044600.0
401,2021-10-22 06:54:04,14500.0,100.0,2043300.0
402,2021-10-22 06:53:45,14500.0,100.0,2043200.0
403,2021-10-22 06:53:45,14500.0,100.0,2043100.0
404,2021-10-22 06:53:45,14500.0,100.0,2043000.0
405,2021-10-22 06:53:45,14500.0,100.0,2042900.0
406,2021-10-22 06:53:37,14500.0,900.0,2042800.0
407,2021-10-22 06:53:37,14500.0,100.0,2041900.0
408,2021-10-22 06:53:28,14500.0,100.0,2041800.0
409,2021-10-22 06:53:28,14500.0,400.0,2041700.0
410,2021-10-22 06:53:24,14500.0,600.0,2041300.0
411,2021-10-22 06:53:24,14500.0,400.0,2040700.0
412,2021-10-22 06:53:13,14500.0,100.0,2040300.0
413,2021-10-22 06:53:11,14550.0,1000.0,2040200.0
414,2021-10-22 06:53:06,14550.0,500.0,2039200.0
415,2021-10-22 06:52:52,14550.0,1000.0,2038700.0
416,2021-10-22 06:52:36,14500.0,2500.0,2037700.0
417,2021-10-22 06:52:36,14500.0,1000.0,2035200.0
418,2021-10-22 06:52:36,14500.0,500.0,2034200.0
419,2021-10-22 06:52:36,14500.0,1000.0,2033700.0
420,2021-10-22 06:52:36,14550.0,100.0,2032700.0
421,2021-10-22 06:52:36,14550.0,900.0,2032600.0
422,2021-10-22 06:52:34,14550.0,600.0,2031700.0
423,2021-10-22 06:52:34,14550.0,1000.0,2031100.0
424,2021-10-22 06:52:34,14550.0,400.0,2030100.0
425,2021-10-22 06:52:28,14550.0,600.0,2029700.0
426,2021-10-22 06:52:28,14550.0,400.0,2029100.0
427,2021-10-22 06:52:28,14600.0,200.0,2028700.0
428,2021-10-22 06:52:18,14550.0,600.0,2028500.0
429,2021-10-22 06:52:18,14600.0,1000.0,2027900.0
430,2021-10-22 06:51:51,14550.0,100.0,2026900.0
431,2021-10-22 06:51:26,14550.0,400.0,2026800.0
432,2021-10-22 06:51:26,14550.0,600.0,2026400.0
433,2021-10-22 06:51:22,14550.0,1400.0,2025800.0
434,2021-10-22 06:51:22,14550.0,600.0,2024400.0
435,2021-10-22 06:51:03,14550.0,8100.0,2023800.0
436,2021-10-22 06:51:03,14550.0,200.0,2015700.0
437,2021-10-22 06:51:03,14550.0,11700.0,2015500.0
438,2021-10-22 06:50:56,14600.0,1000.0,2003800.0
439,2021-10-22 06:50:37,14550.0,1000.0,2002800.0
440,2021-10-22 06:50:33,14550.0,2000.0,2001800.0
441,2021-10-22 06:50:26,14550.0,600.0,1999800.0
442,2021-10-22 06:50:25,14550.0,1000.0,1999200.0
443,2021-10-22 06:50:19,14550.0,3300.0,1998200.0
444,2021-10-22 06:50:10,14550.0,400.0,1994900.0
445,2021-10-22 06:50:10,14550.0,6300.0,1994500.0
446,2021-10-22 06:49:59,14550.0,7000.0,1988200.0
447,2021-10-22 06:49:44,14550.0,1300.0,1981200.0
448,2021-10-22 06:49:44,14550.0,1200.0,1979900.0
449,2021-10-22 06:49:29,14550.0,800.0,1978700.0
450,2021-10-22 06:49:28,14550.0,100.0,1977900.0
451,2021-10-22 06:49:28,14550.0,900.0,1977800.0
452,2021-10-22 06:49:28,14550.0,200.0,1976900.0
453,2021-10-22 06:49:28,14550.0,200.0,1976700.0
454,2021-10-22 06:49:28,14550.0,500.0,1976500.0
455,2021-10-22 06:49:28,14550.0,200.0,1976000.0
456,2021-10-22 06:49:28,14550.0,900.0,1975800.0
457,2021-10-22 06:49:28,14550.0,1200.0,1974900.0
458,2021-10-22 06:49:26,14550.0,100.0,1973700.0
459,2021-10-22 06:49:26,14600.0,300.0,1973600.0
460,2021-10-22 06:49:08,14600.0,2200.0,1973300.0
461,2021-10-22 06:49:04,14550.0,1000.0,1971100.0
462,2021-10-22 06:49:00,14550.0,2100.0,1970100.0
463,2021-10-22 06:48:58,14600.0,200.0,1968000.0
464,2021-10-22 06:48:58,14550.0,100.0,1967800.0
465,2021-10-22 06:48:49,14550.0,500.0,1967700.0
466,2021-10-22 06:48:49,14550.0,1500.0,1967200.0
467,2021-10-22 06:48:25,14550.0,18500.0,1965700.0
468,2021-10-22 06:48:25,14550.0,500.0,1947200.0
469,2021-10-22 06:48:25,14550.0,500.0,1946700.0
470,2021-10-22 06:48:25,14550.0,500.0,1946200.0
471,2021-10-22 06:48:12,14600.0,700.0,1945700.0
472,2021-10-22 06:48:06,14600.0,100.0,1945000.0
473,2021-10-22 06:48:02,14600.0,5000.0,1944900.0
474,2021-10-22 06:47:54,14600.0,100.0,1939900.0
475,2021-10-22 06:47:46,14600.0,800.0,1939800.0
476,2021-10-22 06:47:37,14600.0,2000.0,1939000.0
477,2021-10-22 06:47:37,14600.0,600.0,1937000.0
478,2021-10-22 06:47:34,14600.0,100.0,1936400.0
479,2021-10-22 06:47:28,14600.0,4900.0,1936300.0
480,2021-10-22 06:47:28,14600.0,100.0,1931400.0
481,2021-10-22 06:46:50,14600.0,900.0,1931300.0
482,2021-10-22 06:46:50,14600.0,1000.0,1930400.0
483,2021-10-22 06:46:50,14600.0,100.0,1929400.0
484,2021-10-22 06:46:50,14600.0,800.0,1929300.0
485,2021-10-22 06:46:50,14600.0,100.0,1928500.0
486,2021-10-22 06:46:50,14600.0,2100.0,1928400.0
487,2021-10-22 06:46:37,14550.0,1000.0,1926300.0
488,2021-10-22 06:46:31,14550.0,100.0,1925300.0
489,2021-10-22 06:46:21,14550.0,300.0,1925200.0
490,2021-10-22 06:46:10,14550.0,100.0,1924900.0
491,2021-10-22 06:46:03,14550.0,2000.0,1924800.0
492,2021-10-22 06:46:03,14550.0,500.0,1922800.0
493,2021-10-22 06:46:03,14550.0,1500.0,1922300.0
494,2021-10-22 06:46:03,14550.0,1500.0,1920800.0
495,2021-10-22 06:45:49,14550.0,1600.0,1919300.0
496,2021-10-22 06:45:49,14550.0,1000.0,1917700.0
497,2021-10-22 06:45:49,14550.0,4300.0,1916700.0
498,2021-10-22 06:45:49,14550.0,100.0,1912400.0
499,2021-10-22 06:45:49,14550.0,1000.0,1912300.0
500,2021-10-22 06:45:49,14550.0,2000.0,1911300.0
501,2021-10-22 06:45:49,14550.0,1000.0,1909300.0
502,2021-10-22 06:45:49,14550.0,100.0,1908300.0
503,2021-10-22 06:45:49,14550.0,1000.0,1908200.0
504,2021-10-22 06:45:49,14550.0,5000.0,1907200.0
505,2021-10-22 06:45:49,14550.0,200.0,1902200.0
506,2021-10-22 06:45:49,14550.0,1200.0,1902000.0
507,2021-10-22 06:45:49,14500.0,100.0,1900800.0
508,2021-10-22 06:45:49,14500.0,1400.0,1900700.0
509,2021-10-22 06:45:45,14500.0,1000.0,1899300.0
510,2021-10-22 06:45:44,14500.0,500.0,1898300.0
511,2021-10-22 06:45:44,14500.0,100.0,1897800.0
512,2021-10-22 06:45:23,14500.0,100.0,1897700.0
513,2021-10-22 06:45:23,14500.0,800.0,1897600.0
514,2021-10-22 06:45:08,14500.0,500.0,1896800.0
515,2021-10-22 06:45:08,14500.0,200.0,1896300.0
516,2021-10-22 06:45:08,14500.0,1000.0,1896100.0
517,2021-10-22 06:45:02,14500.0,3800.0,1895100.0
518,2021-10-22 06:45:02,14500.0,1200.0,1891300.0
519,2021-10-22 06:45:01,14500.0,200.0,1890100.0
520,2021-10-22 06:45:01,14500.0,100.0,1889900.0
521,2021-10-22 06:44:40,14500.0,1500.0,1889800.0
522,2021-10-22 06:44:40,14500.0,500.0,1888300.0
523,2021-10-22 06:44:36,14500.0,1000.0,1887800.0
524,2021-10-22 06:44:36,14500.0,2000.0,1886800.0
525,2021-10-22 06:44:34,14500.0,100.0,1884800.0
526,2021-10-22 06:44:16,14500.0,1000.0,1884700.0
527,2021-10-22 06:44:10,14550.0,800.0,1883700.0
528,2021-10-22 06:44:10,14550.0,1200.0,1882900.0
529,2021-10-22 06:44:10,14550.0,1000.0,1881700.0
530,2021-10-22 06:44:10,14550.0,500.0,1880700.0
531,2021-10-22 06:44:10,14550.0,100.0,1880200.0
532,2021-10-22 06:44:10,14550.0,300.0,1880100.0
533,2021-10-22 06:44:10,14550.0,200.0,1879800.0
534,2021-10-22 06:44:10,14550.0,900.0,1879600.0
535,2021-10-22 06:44:08,14550.0,100.0,1878700.0
536,2021-10-22 06:44:08,14550.0,100.0,1878600.0
537,2021-10-22 06:43:53,14500.0,1000.0,1878500.0
538,2021-10-22 06:43:47,14500.0,500.0,1877500.0
539,2021-10-22 06:43:47,14500.0,300.0,1877000.0
540,2021-10-22 06:43:47,14500.0,100.0,1876700.0
541,2021-10-22 06:43:25,14450.0,200.0,1876600.0
542,2021-10-22 06:43:25,14450.0,200.0,1876400.0
543,2021-10-22 06:43:18,14450.0,300.0,1876200.0
544,2021-10-22 06:43:06,14450.0,500.0,1875900.0
545,2021-10-22 06:43:00,14450.0,2000.0,1875400.0
546,2021-10-22 06:42:55,14550.0,9900.0,1873400.0
547,2021-10-22 06:42:55,14550.0,3000.0,1863500.0
548,2021-10-22 06:42:55,14550.0,100.0,1860500.0
549,2021-10-22 06:42:55,14550.0,1000.0,1860400.0
550,2021-10-22 06:42:55,14550.0,1000.0,1859400.0
551,2021-10-22 06:42:55,14550.0,100.0,1858400.0
552,2021-10-22 06:42:55,14500.0,300.0,1858300.0
553,2021-10-22 06:42:55,14500.0,3500.0,1858000.0
554,2021-10-22 06:42:55,14500.0,500.0,1854500.0
555,2021-10-22 06:42:55,14500.0,500.0,1854000.0
556,2021-10-22 06:42:55,14500.0,300.0,1853500.0
557,2021-10-22 06:42:55,14500.0,5000.0,1853200.0
558,2021-10-22 06:42:55,14500.0,100.0,1848200.0
559,2021-10-22 06:42:55,14500.0,1000.0,1848100.0
560,2021-10-22 06:42:55,14500.0,2000.0,1847100.0
561,2021-10-22 06:42:55,14500.0,200.0,1845100.0
562,2021-10-22 06:42:55,14500.0,1000.0,1844900.0
563,2021-10-22 06:42:55,14500.0,100.0,1843900.0
564,2021-10-22 06:42:55,14500.0,1000.0,1843800.0
565,2021-10-22 06:42:55,14500.0,2000.0,1842800.0
566,2021-10-22 06:42:55,14500.0,1500.0,1840800.0
567,2021-10-22 06:42:55,14500.0,200.0,1839300.0
568,2021-10-22 06:42:55,14500.0,900.0,1839100.0
569,2021-10-22 06:42:55,14500.0,2000.0,1838200.0
570,2021-10-22 06:42:55,14500.0,100.0,1836200.0
571,2021-10-22 06:42:55,14500.0,200.0,1836100.0
572,2021-10-22 06:42:55,14500.0,1000.0,1835900.0
573,2021-10-22 06:42:55,14500.0,2000.0,1834900.0
574,2021-10-22 06:42:55,14500.0,1000.0,1832900.0
575,2021-10-22 06:42:55,14500.0,1100.0,1831900.0
576,2021-10-22 06:42:55,14500.0,500.0,1830800.0
577,2021-10-22 06:42:55,14500.0,200.0,1830300.0
578,2021-10-22 06:42:55,14500.0,2000.0,1830100.0
579,2021-10-22 06:42:55,14500.0,200.0,1828100.0
580,2021-10-22 06:42:55,14500.0,3000.0,1827900.0
581,2021-10-22 06:42:55,14500.0,100.0,1824900.0
582,2021-10-22 06:42:55,14500.0,1000.0,1824800.0
583,2021-10-22 06:42:55,14500.0,200.0,1823800.0
584,2021-10-22 06:42:55,14500.0,100.0,1823600.0
585,2021-10-22 06:42:55,14500.0,3700.0,1823500.0
586,2021-10-22 06:42:55,14450.0,100.0,1819800.0
587,2021-10-22 06:42:55,14450.0,100.0,1819700.0
588,2021-10-22 06:42:45,14450.0,100.0,1819600.0
589,2021-10-22 06:42:40,14400.0,700.0,1819500.0
590,2021-10-22 06:42:40,14400.0,2000.0,1818800.0
591,2021-10-22 06:42:40,14400.0,5000.0,1816800.0
592,2021-10-22 06:42:40,14400.0,500.0,1811800.0
593,2021-10-22 06:42:40,14400.0,800.0,1811300.0
594,2021-10-22 06:42:40,14400.0,100.0,1810500.0
595,2021-10-22 06:42:40,14400.0,300.0,1810400.0
596,2021-10-22 06:42:40,14450.0,400.0,1810100.0
597,2021-10-22 06:42:35,14450.0,1000.0,1809700.0
598,2021-10-22 06:42:35,14450.0,100.0,1808700.0
599,2021-10-22 06:42:33,14450.0,1000.0,1808600.0
600,2021-10-22 06:42:31,14450.0,100.0,1807600.0
601,2021-10-22 06:42:31,14450.0,700.0,1807500.0
602,2021-10-22 06:42:31,14450.0,3200.0,1806800.0
603,2021-10-22 06:42:23,14450.0,1800.0,1803600.0
604,2021-10-22 06:42:23,14450.0,600.0,1801800.0
605,2021-10-22 06:42:20,14450.0,300.0,1801200.0
606,2021-10-22 06:42:15,14450.0,1000.0,1800900.0
607,2021-10-22 06:42:02,14450.0,1000.0,1799900.0
608,2021-10-22 06:41:49,14450.0,1000.0,1798900.0
609,2021-10-22 06:41:45,14450.0,100.0,1797900.0
610,2021-10-22 06:41:42,14450.0,1000.0,1797800.0
611,2021-10-22 06:41:42,14450.0,1000.0,1796800.0
612,2021-10-22 06:41:30,14500.0,200.0,1795800.0
613,2021-10-22 06:41:10,14500.0,5000.0,1795600.0
614,2021-10-22 06:40:57,14450.0,300.0,1790600.0
615,2021-10-22 06:40:55,14450.0,400.0,1790300.0
616,2021-10-22 06:40:47,14450.0,300.0,1789900.0
617,2021-10-22 06:40:40,14450.0,100.0,1789600.0
618,2021-10-22 06:40:36,14500.0,300.0,1789500.0
619,2021-10-22 06:40:27,14500.0,800.0,1789200.0
620,2021-10-22 06:40:27,14500.0,1200.0,1788400.0
621,2021-10-22 06:40:20,14450.0,200.0,1787200.0
622,2021-10-22 06:40:20,14450.0,100.0,1787000.0
623,2021-10-22 06:40:10,14450.0,2200.0,1786900.0
624,2021-10-22 06:40:07,14450.0,100.0,1784700.0
625,2021-10-22 06:40:06,14450.0,700.0,1784600.0
626,2021-10-22 06:40:06,14450.0,100.0,1783900.0
627,2021-10-22 06:40:06,14450.0,200.0,1783800.0
628,2021-10-22 06:40:06,14500.0,100.0,1783600.0
629,2021-10-22 06:39:57,14450.0,1000.0,1783500.0
630,2021-10-22 06:39:56,14450.0,200.0,1782500.0
631,2021-10-22 06:39:50,14450.0,100.0,1782300.0
632,2021-10-22 06:39:50,14450.0,100.0,1782200.0
633,2021-10-22 06:39:50,14450.0,100.0,1782100.0
634,2021-10-22 06:39:50,14450.0,2000.0,1782000.0
635,2021-10-22 06:39:50,14450.0,200.0,1780000.0
636,2021-10-22 06:39:50,14450.0,5000.0,1779800.0
637,2021-10-22 06:39:50,14450.0,1000.0,1774800.0
638,2021-10-22 06:39:50,14450.0,1400.0,1773800.0
639,2021-10-22 06:39:50,14450.0,1000.0,1772400.0
640,2021-10-22 06:39:50,14450.0,300.0,1771400.0
641,2021-10-22 06:39:50,14450.0,1000.0,1771100.0
642,2021-10-22 06:39:42,14400.0,700.0,1770100.0
643,2021-10-22 06:39:42,14400.0,300.0,1769400.0
644,2021-10-22 06:39:36,14400.0,500.0,1769100.0
645,2021-10-22 06:39:36,14400.0,200.0,1768600.0
646,2021-10-22 06:39:36,14400.0,2000.0,1768400.0
647,2021-10-22 06:39:36,14400.0,1300.0,1766400.0
648,2021-10-22 06:39:30,14400.0,200.0,1765100.0
649,2021-10-22 06:39:18,14400.0,500.0,1764900.0
650,2021-10-22 06:39:18,14400.0,1000.0,1764400.0
651,2021-10-22 06:39:13,14400.0,300.0,1763400.0
652,2021-10-22 06:39:10,14400.0,10000.0,1763100.0
653,2021-10-22 06:39:07,14400.0,3500.0,1753100.0
654,2021-10-22 06:38:51,14400.0,800.0,1749600.0
655,2021-10-22 06:38:41,14400.0,400.0,1748800.0
656,2021-10-22 06:38:34,14450.0,2000.0,1748400.0
657,2021-10-22 06:38:31,14400.0,1000.0,1746400.0
658,2021-10-22 06:38:27,14400.0,700.0,1745400.0
659,2021-10-22 06:38:27,14450.0,200.0,1744700.0
660,2021-10-22 06:38:26,14450.0,500.0,1744500.0
661,2021-10-22 06:38:14,14450.0,300.0,1744000.0
662,2021-10-22 06:38:14,14450.0,700.0,1743700.0
663,2021-10-22 06:38:11,14450.0,500.0,1743000.0
664,2021-10-22 06:37:59,14450.0,100.0,1742500.0
665,2021-10-22 06:37:59,14450.0,8700.0,1742400.0
666,2021-10-22 06:37:56,14450.0,100.0,1733700.0
667,2021-10-22 06:37:45,14450.0,400.0,1733600.0
668,2021-10-22 06:37:43,14450.0,3300.0,1733200.0
669,2021-10-22 06:37:43,14450.0,1700.0,1729900.0
670,2021-10-22 06:37:42,14450.0,200.0,1728200.0
671,2021-10-22 06:37:42,14450.0,100.0,1728000.0
672,2021-10-22 06:37:42,14450.0,1300.0,1727900.0
673,2021-10-22 06:37:39,14450.0,700.0,1726600.0
674,2021-10-22 06:37:39,14450.0,300.0,1725900.0
675,2021-10-22 06:37:34,14450.0,100.0,1725600.0
676,2021-10-22 06:37:34,14450.0,500.0,1725500.0
677,2021-10-22 06:37:27,14450.0,100.0,1725000.0
678,2021-10-22 06:37:23,14450.0,200.0,1724900.0
679,2021-10-22 06:37:23,14450.0,1500.0,1724700.0
680,2021-10-22 06:37:23,14450.0,500.0,1723200.0
681,2021-10-22 06:37:23,14450.0,200.0,1722700.0
682,2021-10-22 06:37:23,14450.0,100.0,1722500.0
683,2021-10-22 06:37:23,14450.0,600.0,1722400.0
684,2021-10-22 06:37:11,14500.0,300.0,1721800.0
685,2021-10-22 06:37:11,14500.0,100.0,1721500.0
686,2021-10-22 06:37:11,14500.0,300.0,1721400.0
687,2021-10-22 06:37:11,14500.0,100.0,1721100.0
688,2021-10-22 06:37:11,14500.0,100.0,1721000.0
689,2021-10-22 06:37:11,14500.0,1500.0,1720900.0
690,2021-10-22 06:37:11,14500.0,100.0,1719400.0
691,2021-10-22 06:37:11,14500.0,100.0,1719300.0
692,2021-10-22 06:37:11,14500.0,200.0,1719200.0
693,2021-10-22 06:37:11,14500.0,100.0,1719000.0
694,2021-10-22 06:37:10,14500.0,100.0,1718900.0
695,2021-10-22 06:37:10,14500.0,500.0,1718800.0
696,2021-10-22 06:37:10,14500.0,200.0,1718300.0
697,2021-10-22 06:37:10,14500.0,200.0,1718100.0
698,2021-10-22 06:37:10,14500.0,800.0,1717900.0
699,2021-10-22 06:37:10,14500.0,100.0,1717100.0
700,2021-10-22 06:37:10,14500.0,100.0,1717000.0
701,2021-10-22 06:37:10,14500.0,400.0,1716900.0
702,2021-10-22 06:37:10,14500.0,200.0,1716500.0
703,2021-10-22 06:37:10,14500.0,1000.0,1716300.0
704,2021-10-22 06:37:10,14500.0,100.0,1715300.0
705,2021-10-22 06:37:10,14500.0,200.0,1715200.0
706,2021-10-22 06:37:10,14500.0,200.0,1715000.0
707,2021-10-22 06:37:05,14500.0,200.0,1714800.0
708,2021-10-22 06:36:51,14500.0,100.0,1714600.0
709,2021-10-22 06:36:50,14500.0,2000.0,1714500.0
710,2021-10-22 06:36:43,14550.0,2000.0,1712500.0
711,2021-10-22 06:36:41,14550.0,100.0,1710500.0
712,2021-10-22 06:36:39,14550.0,1600.0,1710400.0
713,2021-10-22 06:36:23,14550.0,100.0,1708800.0
714,2021-10-22 06:36:22,14500.0,400.0,1708700.0
715,2021-10-22 06:36:22,14500.0,200.0,1708300.0
716,2021-10-22 06:36:22,14500.0,300.0,1708100.0
717,2021-10-22 06:36:22,14500.0,100.0,1707800.0
718,2021-10-22 06:36:18,14500.0,1600.0,1707700.0
719,2021-10-22 06:36:18,14500.0,100.0,1706100.0
720,2021-10-22 06:36:18,14500.0,100.0,1706000.0
721,2021-10-22 06:36:12,14550.0,3700.0,1705900.0
722,2021-10-22 06:36:12,14550.0,600.0,1702200.0
723,2021-10-22 06:36:12,14550.0,1000.0,1701600.0
724,2021-10-22 06:36:12,14550.0,200.0,1700600.0
725,2021-10-22 06:36:12,14550.0,4500.0,1700400.0
726,2021-10-22 06:36:11,14500.0,200.0,1695900.0
727,2021-10-22 06:36:11,14500.0,200.0,1695700.0
728,2021-10-22 06:36:11,14500.0,200.0,1695500.0
729,2021-10-22 06:36:11,14500.0,400.0,1695300.0
730,2021-10-22 06:35:53,14500.0,100.0,1694900.0
731,2021-10-22 06:35:53,14500.0,400.0,1694800.0
732,2021-10-22 06:35:53,14500.0,1500.0,1694400.0
733,2021-10-22 06:35:48,14550.0,3000.0,1692900.0
734,2021-10-22 06:35:48,14550.0,2500.0,1689900.0
735,2021-10-22 06:35:47,14600.0,300.0,1687400.0
736,2021-10-22 06:35:37,14600.0,2600.0,1687100.0
737,2021-10-22 06:35:37,14600.0,800.0,1684500.0
738,2021-10-22 06:35:37,14600.0,100.0,1683700.0
739,2021-10-22 06:35:37,14600.0,9000.0,1683600.0
740,2021-10-22 06:35:37,14600.0,300.0,1674600.0
741,2021-10-22 06:35:37,14600.0,2000.0,1674300.0
742,2021-10-22 06:35:37,14600.0,1700.0,1672300.0
743,2021-10-22 06:35:37,14600.0,800.0,1670600.0
744,2021-10-22 06:35:37,14600.0,1500.0,1669800.0
745,2021-10-22 06:35:37,14600.0,500.0,1668300.0
746,2021-10-22 06:35:37,14600.0,300.0,1667800.0
747,2021-10-22 06:35:37,14550.0,200.0,1667500.0
748,2021-10-22 06:35:37,14550.0,1200.0,1667300.0
749,2021-10-22 06:35:37,14550.0,2000.0,1666100.0
750,2021-10-22 06:35:37,14550.0,800.0,1664100.0
751,2021-10-22 06:35:37,14550.0,5000.0,1663300.0
752,2021-10-22 06:35:37,14550.0,2300.0,1658300.0
753,2021-10-22 06:35:36,14500.0,6000.0,1656000.0
754,2021-10-22 06:35:31,14550.0,500.0,1650000.0
755,2021-10-22 06:35:31,14550.0,200.0,1649500.0
756,2021-10-22 06:35:28,14550.0,100.0,1649300.0
757,2021-10-22 06:35:27,14550.0,200.0,1649200.0
758,2021-10-22 06:35:26,14550.0,1200.0,1649000.0
759,2021-10-22 06:35:26,14550.0,800.0,1647800.0
760,2021-10-22 06:35:19,14550.0,100.0,1647000.0
761,2021-10-22 06:35:18,14600.0,200.0,1646900.0
762,2021-10-22 06:35:18,14600.0,200.0,1646700.0
763,2021-10-22 06:35:18,14600.0,200.0,1646500.0
764,2021-10-22 06:35:18,14600.0,300.0,1646300.0
765,2021-10-22 06:35:18,14600.0,200.0,1646000.0
766,2021-10-22 06:35:18,14600.0,1000.0,1645800.0
767,2021-10-22 06:35:18,14600.0,600.0,1644800.0
768,2021-10-22 06:35:18,14550.0,1000.0,1644200.0
769,2021-10-22 06:35:18,14550.0,1000.0,1643200.0
770,2021-10-22 06:35:18,14550.0,9000.0,1642200.0
771,2021-10-22 06:35:16,14550.0,1000.0,1633200.0
772,2021-10-22 06:35:14,14550.0,2000.0,1632200.0
773,2021-10-22 06:35:13,14550.0,200.0,1630200.0
774,2021-10-22 06:35:13,14550.0,1000.0,1630000.0
775,2021-10-22 06:35:13,14550.0,100.0,1629000.0
776,2021-10-22 06:35:13,14550.0,1700.0,1628900.0
777,2021-10-22 06:35:11,14550.0,1000.0,1627200.0
778,2021-10-22 06:35:09,14550.0,500.0,1626200.0
779,2021-10-22 06:35:08,14550.0,300.0,1625700.0
780,2021-10-22 06:35:08,14550.0,1700.0,1625400.0
781,2021-10-22 06:35:08,14550.0,100.0,1623700.0
782,2021-10-22 06:35:03,14550.0,100.0,1623600.0
783,2021-10-22 06:35:03,14600.0,200.0,1623500.0
784,2021-10-22 06:35:02,14550.0,100.0,1623300.0
785,2021-10-22 06:35:02,14550.0,400.0,1623200.0
786,2021-10-22 06:35:00,14550.0,1000.0,1622800.0
787,2021-10-22 06:34:58,14550.0,1000.0,1621800.0
788,2021-10-22 06:34:50,14600.0,1200.0,1620800.0
789,2021-10-22 06:34:50,14600.0,500.0,1619600.0
790,2021-10-22 06:34:50,14600.0,2000.0,1619100.0
791,2021-10-22 06:34:50,14600.0,2000.0,1617100.0
792,2021-10-22 06:34:50,14600.0,1000.0,1615100.0
793,2021-10-22 06:34:50,14600.0,3000.0,1614100.0
794,2021-10-22 06:34:50,14600.0,1000.0,1611100.0
795,2021-10-22 06:34:50,14600.0,1000.0,1610100.0
796,2021-10-22 06:34:50,14600.0,5000.0,1609100.0
797,2021-10-22 06:34:50,14600.0,100.0,1604100.0
798,2021-10-22 06:34:50,14600.0,300.0,1604000.0
799,2021-10-22 06:34:50,14600.0,800.0,1603700.0
800,2021-10-22 06:34:50,14600.0,3000.0,1602900.0
801,2021-10-22 06:34:50,14600.0,100.0,1599900.0
802,2021-10-22 06:34:50,14600.0,1000.0,1599800.0
803,2021-10-22 06:34:50,14600.0,300.0,1598800.0
804,2021-10-22 06:34:50,14600.0,1000.0,1598500.0
805,2021-10-22 06:34:50,14600.0,300.0,1597500.0
806,2021-10-22 06:34:50,14600.0,3000.0,1597200.0
807,2021-10-22 06:34:50,14600.0,1000.0,1594200.0
808,2021-10-22 06:34:50,14600.0,5000.0,1593200.0
809,2021-10-22 06:34:50,14600.0,100.0,1588200.0
810,2021-10-22 06:34:50,14600.0,2000.0,1588100.0
811,2021-10-22 06:34:50,14600.0,1000.0,1586100.0
812,2021-10-22 06:34:50,14600.0,1000.0,1585100.0
813,2021-10-22 06:34:50,14600.0,100.0,1584100.0
814,2021-10-22 06:34:50,14600.0,1700.0,1584000.0
815,2021-10-22 06:34:48,14550.0,300.0,1582300.0
816,2021-10-22 06:34:47,14550.0,200.0,1582000.0
817,2021-10-22 06:34:44,14550.0,8100.0,1581800.0
818,2021-10-22 06:34:41,14550.0,500.0,1573700.0
819,2021-10-22 06:34:38,14550.0,2100.0,1573200.0
820,2021-10-22 06:34:38,14550.0,2000.0,1571100.0
821,2021-10-22 06:34:38,14550.0,100.0,1569100.0
822,2021-10-22 06:34:38,14550.0,1500.0,1569000.0
823,2021-10-22 06:34:38,14550.0,4100.0,1567500.0
824,2021-10-22 06:34:38,14550.0,400.0,1563400.0
825,2021-10-22 06:34:37,14550.0,500.0,1563000.0
826,2021-10-22 06:34:37,14550.0,3700.0,1562500.0
827,2021-10-22 06:34:37,14550.0,800.0,1558800.0
828,2021-10-22 06:34:37,14550.0,2000.0,1558000.0
829,2021-10-22 06:34:37,14550.0,200.0,1556000.0
830,2021-10-22 06:34:37,14550.0,300.0,1555800.0
831,2021-10-22 06:34:37,14550.0,2000.0,1555500.0
832,2021-10-22 06:34:37,14550.0,1000.0,1553500.0
833,2021-10-22 06:34:35,14550.0,400.0,1552500.0
834,2021-10-22 06:34:34,14550.0,100.0,1552100.0
835,2021-10-22 06:34:34,14550.0,100.0,1552000.0
836,2021-10-22 06:34:34,14550.0,100.0,1551900.0
837,2021-10-22 06:34:28,14550.0,1300.0,1551800.0
838,2021-10-22 06:34:28,14550.0,200.0,1550500.0
839,2021-10-22 06:34:27,14550.0,3600.0,1550300.0
840,2021-10-22 06:34:26,14550.0,200.0,1546700.0
841,2021-10-22 06:34:23,14550.0,2000.0,1546500.0
842,2021-10-22 06:34:17,14550.0,500.0,1544500.0
843,2021-10-22 06:34:16,14600.0,500.0,1544000.0
844,2021-10-22 06:34:15,14600.0,1000.0,1543500.0
845,2021-10-22 06:34:11,14550.0,5000.0,1542500.0
846,2021-10-22 06:34:08,14600.0,200.0,1537500.0
847,2021-10-22 06:34:07,14550.0,2000.0,1537300.0
848,2021-10-22 06:34:06,14600.0,1600.0,1535300.0
849,2021-10-22 06:34:06,14600.0,1000.0,1533700.0
850,2021-10-22 06:34:06,14600.0,100.0,1532700.0
851,2021-10-22 06:34:06,14600.0,6700.0,1532600.0
852,2021-10-22 06:34:02,14550.0,1000.0,1525900.0
853,2021-10-22 06:33:55,14600.0,500.0,1524900.0
854,2021-10-22 06:33:47,14600.0,800.0,1524400.0
855,2021-10-22 06:33:47,14600.0,100.0,1523600.0
856,2021-10-22 06:33:47,14600.0,1100.0,1523500.0
857,2021-10-22 06:33:44,14600.0,1000.0,1522400.0
858,2021-10-22 06:33:41,14550.0,1300.0,1521400.0
859,2021-10-22 06:33:41,14600.0,5000.0,1520100.0
860,2021-10-22 06:33:37,14600.0,800.0,1515100.0
861,2021-10-22 06:33:34,14600.0,100.0,1514300.0
862,2021-10-22 06:33:31,14600.0,200.0,1514200.0
863,2021-10-22 06:33:28,14600.0,1800.0,1514000.0
864,2021-10-22 06:33:28,14600.0,100.0,1512200.0
865,2021-10-22 06:33:28,14600.0,100.0,1512100.0
866,2021-10-22 06:33:05,14600.0,100.0,1512000.0
867,2021-10-22 06:32:59,14600.0,300.0,1511900.0
868,2021-10-22 06:32:57,14600.0,1000.0,1511600.0
869,2021-10-22 06:32:56,14550.0,4000.0,1510600.0
870,2021-10-22 06:32:43,14600.0,1000.0,1506600.0
871,2021-10-22 06:32:39,14600.0,500.0,1505600.0
872,2021-10-22 06:32:39,14600.0,500.0,1505100.0
873,2021-10-22 06:32:28,14600.0,300.0,1504600.0
874,2021-10-22 06:32:27,14600.0,1200.0,1504300.0
875,2021-10-22 06:32:27,14600.0,800.0,1503100.0
876,2021-10-22 06:32:25,14600.0,100.0,1502300.0
877,2021-10-22 06:32:23,14600.0,100.0,1502200.0
878,2021-10-22 06:32:20,14600.0,200.0,1502100.0
879,2021-10-22 06:32:20,14600.0,800.0,1501900.0
880,2021-10-22 06:32:17,14600.0,400.0,1501100.0
881,2021-10-22 06:32:17,14600.0,2000.0,1500700.0
882,2021-10-22 06:32:17,14600.0,500.0,1498700.0
883,2021-10-22 06:32:17,14600.0,900.0,1498200.0
884,2021-10-22 06:32:17,14600.0,300.0,1497300.0
885,2021-10-22 06:32:17,14600.0,5000.0,1497000.0
886,2021-10-22 06:32:17,14600.0,100.0,1492000.0
887,2021-10-22 06:32:17,14600.0,800.0,1491900.0
888,2021-10-22 06:32:12,14600.0,200.0,1491100.0
889,2021-10-22 06:32:12,14600.0,100.0,1490900.0
890,2021-10-22 06:32:08,14600.0,400.0,1490800.0
891,2021-10-22 06:31:56,14600.0,400.0,1490400.0
892,2021-10-22 06:31:56,14600.0,1100.0,1490000.0
893,2021-10-22 06:31:56,14600.0,400.0,1488900.0
894,2021-10-22 06:31:56,14600.0,2000.0,1488500.0
895,2021-10-22 06:31:56,14600.0,600.0,1486500.0
896,2021-10-22 06:31:56,14600.0,5000.0,1485900.0
897,2021-10-22 06:31:56,14600.0,500.0,1480900.0
898,2021-10-22 06:31:49,14600.0,200.0,1480400.0
899,2021-10-22 06:31:44,14600.0,10000.0,1480200.0
900,2021-10-22 06:31:36,14600.0,100.0,1470200.0
901,2021-10-22 06:31:35,14600.0,100.0,1470100.0
902,2021-10-22 06:31:31,14600.0,9100.0,1470000.0
903,2021-10-22 06:31:31,14600.0,700.0,1460900.0
904,2021-10-22 06:31:31,14600.0,200.0,1460200.0
905,2021-10-22 06:31:28,14600.0,500.0,1460000.0
906,2021-10-22 06:31:19,14600.0,500.0,1459500.0
907,2021-10-22 06:31:15,14550.0,1000.0,1459000.0
908,2021-10-22 06:31:14,14550.0,1000.0,1458000.0
909,2021-10-22 06:31:01,14550.0,300.0,1457000.0
910,2021-10-22 06:30:56,14550.0,1000.0,1456700.0
911,2021-10-22 06:30:53,14550.0,1000.0,1455700.0
912,2021-10-22 06:30:49,14550.0,1000.0,1454700.0
913,2021-10-22 06:30:48,14550.0,500.0,1453700.0
914,2021-10-22 06:30:48,14550.0,100.0,1453200.0
915,2021-10-22 06:30:48,14550.0,1500.0,1453100.0
916,2021-10-22 06:30:48,14550.0,500.0,1451600.0
917,2021-10-22 06:30:48,14550.0,100.0,1451100.0
918,2021-10-22 06:30:48,14550.0,2000.0,1451000.0
919,2021-10-22 06:30:48,14550.0,400.0,1449000.0
920,2021-10-22 06:30:47,14500.0,1300.0,1448600.0
921,2021-10-22 06:30:46,14500.0,100.0,1447300.0
922,2021-10-22 06:30:42,14500.0,300.0,1447200.0
923,2021-10-22 06:30:34,14500.0,800.0,1446900.0
924,2021-10-22 06:30:34,14500.0,200.0,1446100.0
925,2021-10-22 06:30:34,14500.0,200.0,1445900.0
926,2021-10-22 06:30:32,14500.0,300.0,1445700.0
927,2021-10-22 06:30:25,14500.0,300.0,1445400.0
928,2021-10-22 06:30:25,14500.0,100.0,1445100.0
929,2021-10-22 06:30:25,14500.0,600.0,1445000.0
930,2021-10-22 06:30:18,14500.0,400.0,1444400.0
931,2021-10-22 06:30:08,14500.0,1000.0,1444000.0
932,2021-10-22 06:30:05,14500.0,100.0,1443000.0
933,2021-10-22 06:30:05,14500.0,900.0,1442900.0
934,2021-10-22 06:30:01,14500.0,2000.0,1442000.0
935,2021-10-22 06:30:00,14500.0,3100.0,1440000.0
936,2021-10-22 06:30:00,14500.0,4900.0,1436900.0
937,2021-10-22 06:29:57,14500.0,100.0,1432000.0
938,2021-10-22 06:29:57,14500.0,900.0,1431900.0
939,2021-10-22 06:29:57,14500.0,100.0,1431000.0
940,2021-10-22 06:29:44,14600.0,2300.0,1430900.0
941,2021-10-22 06:29:44,14600.0,400.0,1428600.0
942,2021-10-22 06:29:44,14600.0,500.0,1428200.0
943,2021-10-22 06:29:44,14600.0,13000.0,1427700.0
944,2021-10-22 06:29:44,14550.0,5000.0,1414700.0
945,2021-10-22 06:29:44,14550.0,100.0,1409700.0
946,2021-10-22 06:29:44,14550.0,1900.0,1409600.0
947,2021-10-22 06:29:44,14550.0,500.0,1407700.0
948,2021-10-22 06:29:44,14550.0,100.0,1407200.0
949,2021-10-22 06:29:44,14550.0,100.0,1407100.0
950,2021-10-22 06:29:44,14550.0,200.0,1407000.0
951,2021-10-22 06:29:44,14550.0,400.0,1406800.0
952,2021-10-22 06:29:44,14550.0,100.0,1406400.0
953,2021-10-22 06:29:44,14550.0,2000.0,1406300.0
954,2021-10-22 06:29:44,14550.0,1000.0,1404300.0
955,2021-10-22 06:29:44,14550.0,1000.0,1403300.0
956,2021-10-22 06:29:44,14550.0,1500.0,1402300.0
957,2021-10-22 06:29:44,14500.0,1000.0,1400800.0
958,2021-10-22 06:29:44,14500.0,200.0,1399800.0
959,2021-10-22 06:29:44,14500.0,100.0,1399600.0
960,2021-10-22 06:29:44,14500.0,300.0,1399500.0
961,2021-10-22 06:29:44,14500.0,300.0,1399200.0
962,2021-10-22 06:29:44,14500.0,12000.0,1398900.0
963,2021-10-22 06:29:44,14500.0,300.0,1386900.0
964,2021-10-22 06:29:44,14500.0,500.0,1386600.0
965,2021-10-22 06:29:44,14500.0,900.0,1386100.0
966,2021-10-22 06:29:44,14500.0,400.0,1385200.0
967,2021-10-22 06:29:44,14500.0,1000.0,1384800.0
968,2021-10-22 06:29:44,14500.0,200.0,1383800.0
969,2021-10-22 06:29:44,14500.0,100.0,1383600.0
970,2021-10-22 06:29:44,14500.0,400.0,1383500.0
971,2021-10-22 06:29:44,14500.0,1000.0,1383100.0
972,2021-10-22 06:29:44,14500.0,100.0,1382100.0
973,2021-10-22 06:29:44,14500.0,1600.0,1382000.0
974,2021-10-22 06:29:44,14500.0,1200.0,1380400.0
975,2021-10-22 06:29:44,14500.0,5000.0,1379200.0
976,2021-10-22 06:29:44,14500.0,800.0,1374200.0
977,2021-10-22 06:29:44,14500.0,700.0,1373400.0
978,2021-10-22 06:29:44,14500.0,300.0,1372700.0
979,2021-10-22 06:29:44,14500.0,100.0,1372400.0
980,2021-10-22 06:29:44,14500.0,200.0,1372300.0
981,2021-10-22 06:29:44,14500.0,700.0,1372100.0
982,2021-10-22 06:29:44,14500.0,10000.0,1371400.0
983,2021-10-22 06:29:44,14500.0,200.0,1361400.0
984,2021-10-22 06:29:44,14500.0,300.0,1361200.0
985,2021-10-22 06:29:44,14500.0,400.0,1360900.0
986,2021-10-22 06:29:44,14500.0,600.0,1360500.0
987,2021-10-22 06:29:44,14500.0,100.0,1359900.0
988,2021-10-22 06:29:44,14500.0,100.0,1359800.0
989,2021-10-22 06:29:44,14500.0,200.0,1359700.0
990,2021-10-22 06:29:44,14500.0,100.0,1359500.0
991,2021-10-22 06:29:44,14500.0,100.0,1359400.0
992,2021-10-22 06:29:44,14500.0,500.0,1359300.0
993,2021-10-22 06:29:36,14450.0,100.0,1358800.0
994,2021-10-22 06:29:36,14450.0,2300.0,1358700.0
995,2021-10-22 06:29:33,14450.0,400.0,1356400.0
996,2021-10-22 06:29:30,14450.0,100.0,1356000.0
997,2021-10-22 06:29:30,14450.0,400.0,1355900.0
998,2021-10-22 06:29:27,14450.0,1700.0,1355500.0
999,2021-10-22 06:29:24,14450.0,100.0,1353800.0
1000,2021-10-22 06:29:24,14450.0,900.0,1353700.0
1001,2021-10-22 06:29:16,14450.0,700.0,1352800.0
1002,2021-10-22 06:29:14,14450.0,300.0,1352100.0
1003,2021-10-22 06:29:14,14450.0,100.0,1351800.0
1004,2021-10-22 06:29:14,14450.0,500.0,1351700.0
1005,2021-10-22 06:29:14,14450.0,1000.0,1351200.0
1006,2021-10-22 06:29:14,14450.0,1000.0,1350200.0
1007,2021-10-22 06:29:14,14450.0,3000.0,1349200.0
1008,2021-10-22 06:29:14,14450.0,1000.0,1346200.0
1009,2021-10-22 06:29:14,14450.0,100.0,1345200.0
1010,2021-10-22 06:29:14,14450.0,300.0,1345100.0
1011,2021-10-22 06:29:12,14400.0,700.0,1344800.0
1012,2021-10-22 06:29:12,14400.0,300.0,1344100.0
1013,2021-10-22 06:29:09,14450.0,700.0,1343800.0
1014,2021-10-22 06:29:05,14400.0,3000.0,1343100.0
1015,2021-10-22 06:29:02,14400.0,500.0,1340100.0
1016,2021-10-22 06:29:02,14400.0,500.0,1339600.0
1017,2021-10-22 06:28:54,14400.0,4500.0,1339100.0
1018,2021-10-22 06:28:54,14400.0,100.0,1334600.0
1019,2021-10-22 06:28:54,14400.0,400.0,1334500.0
1020,2021-10-22 06:28:52,14400.0,600.0,1334100.0
1021,2021-10-22 06:28:52,14400.0,400.0,1333500.0
1022,2021-10-22 06:28:46,14400.0,600.0,1333100.0
1023,2021-10-22 06:28:46,14400.0,100.0,1332500.0
1024,2021-10-22 06:28:44,14400.0,200.0,1332400.0
1025,2021-10-22 06:28:43,14400.0,200.0,1332200.0
1026,2021-10-22 06:28:40,14400.0,1800.0,1332000.0
1027,2021-10-22 06:28:40,14400.0,200.0,1330200.0
1028,2021-10-22 06:28:39,14400.0,100.0,1330000.0
1029,2021-10-22 06:28:36,14400.0,1000.0,1329900.0
1030,2021-10-22 06:28:36,14400.0,800.0,1328900.0
1031,2021-10-22 06:28:35,14350.0,500.0,1328100.0
1032,2021-10-22 06:28:34,14350.0,500.0,1327600.0
1033,2021-10-22 06:28:33,14350.0,400.0,1327100.0
1034,2021-10-22 06:28:33,14350.0,1000.0,1326700.0
1035,2021-10-22 06:28:33,14350.0,300.0,1325700.0
1036,2021-10-22 06:28:33,14350.0,300.0,1325400.0
1037,2021-10-22 06:28:27,14400.0,200.0,1325100.0
1038,2021-10-22 06:28:27,14400.0,100.0,1324900.0
1039,2021-10-22 06:28:27,14400.0,700.0,1324800.0
1040,2021-10-22 06:28:27,14400.0,200.0,1324100.0
1041,2021-10-22 06:28:25,14350.0,100.0,1323900.0
1042,2021-10-22 06:28:24,14350.0,600.0,1323800.0
1043,2021-10-22 06:28:24,14350.0,400.0,1323200.0
1044,2021-10-22 06:28:18,14400.0,100.0,1322800.0
1045,2021-10-22 06:28:07,14350.0,500.0,1322700.0
1046,2021-10-22 06:28:07,14350.0,2000.0,1322200.0
1047,2021-10-22 06:28:07,14350.0,2100.0,1320200.0
1048,2021-10-22 06:28:05,14350.0,2900.0,1318100.0
1049,2021-10-22 06:28:05,14350.0,2000.0,1315200.0
1050,2021-10-22 06:28:05,14350.0,100.0,1313200.0
1051,2021-10-22 06:28:00,14350.0,900.0,1313100.0
1052,2021-10-22 06:28:00,14350.0,100.0,1312200.0
1053,2021-10-22 06:27:59,14300.0,1000.0,1312100.0
1054,2021-10-22 06:27:53,14300.0,500.0,1311100.0
1055,2021-10-22 06:27:52,14300.0,500.0,1310600.0
1056,2021-10-22 06:27:52,14300.0,1000.0,1310100.0
1057,2021-10-22 06:27:52,14300.0,500.0,1309100.0
1058,2021-10-22 06:27:46,14300.0,500.0,1308600.0
1059,2021-10-22 06:27:44,14300.0,1000.0,1308100.0
1060,2021-10-22 06:27:43,14300.0,100.0,1307100.0
1061,2021-10-22 06:27:36,14300.0,200.0,1307000.0
1062,2021-10-22 06:27:26,14300.0,300.0,1306800.0
1063,2021-10-22 06:27:21,14300.0,200.0,1306500.0
1064,2021-10-22 06:27:21,14300.0,100.0,1306300.0
1065,2021-10-22 06:27:21,14300.0,100.0,1306200.0
1066,2021-10-22 06:27:21,14300.0,5000.0,1306100.0
1067,2021-10-22 06:27:20,14300.0,2000.0,1301100.0
1068,2021-10-22 06:27:18,14300.0,5000.0,1299100.0
1069,2021-10-22 06:27:16,14300.0,3000.0,1294100.0
1070,2021-10-22 06:27:12,14300.0,200.0,1291100.0
1071,2021-10-22 06:27:12,14300.0,200.0,1290900.0
1072,2021-10-22 06:27:12,14300.0,1500.0,1290700.0
1073,2021-10-22 06:27:12,14300.0,1300.0,1289200.0
1074,2021-10-22 06:27:05,14300.0,1000.0,1287900.0
1075,2021-10-22 06:27:05,14550.0,2500.0,1286900.0
1076,2021-10-22 06:27:05,14500.0,500.0,1284400.0
1077,2021-10-22 06:27:05,14500.0,100.0,1283900.0
1078,2021-10-22 06:27:05,14500.0,2000.0,1283800.0
1079,2021-10-22 06:27:05,14500.0,1000.0,1281800.0
1080,2021-10-22 06:27:05,14500.0,500.0,1280800.0
1081,2021-10-22 06:27:05,14500.0,1000.0,1280300.0
1082,2021-10-22 06:27:05,14500.0,700.0,1279300.0
1083,2021-10-22 06:27:05,14500.0,500.0,1278600.0
1084,2021-10-22 06:27:05,14500.0,1000.0,1278100.0
1085,2021-10-22 06:27:05,14500.0,500.0,1277100.0
1086,2021-10-22 06:27:05,14500.0,1000.0,1276600.0
1087,2021-10-22 06:27:05,14500.0,100.0,1275600.0
1088,2021-10-22 06:27:05,14500.0,800.0,1275500.0
1089,2021-10-22 06:27:05,14500.0,2000.0,1274700.0
1090,2021-10-22 06:27:05,14500.0,700.0,1272700.0
1091,2021-10-22 06:27:05,14500.0,100.0,1272000.0
1092,2021-10-22 06:27:05,14500.0,500.0,1271900.0
1093,2021-10-22 06:27:05,14500.0,900.0,1271400.0
1094,2021-10-22 06:27:05,14500.0,100.0,1270500.0
1095,2021-10-22 06:27:05,14500.0,100.0,1270400.0
1096,2021-10-22 06:27:05,14500.0,100.0,1270300.0
1097,2021-10-22 06:27:05,14500.0,3000.0,1270200.0
1098,2021-10-22 06:27:05,14500.0,3000.0,1267200.0
1099,2021-10-22 06:27:05,14500.0,100.0,1264200.0
1100,2021-10-22 06:27:05,14500.0,1500.0,1264100.0
1101,2021-10-22 06:27:05,14500.0,300.0,1262600.0
1102,2021-10-22 06:27:05,14500.0,1000.0,1262300.0
1103,2021-10-22 06:27:05,14450.0,1000.0,1261300.0
1104,2021-10-22 06:27:05,14450.0,1000.0,1260300.0
1105,2021-10-22 06:27:05,14400.0,5000.0,1259300.0
1106,2021-10-22 06:27:05,14400.0,3000.0,1254300.0
1107,2021-10-22 06:27:05,14400.0,100.0,1251300.0
1108,2021-10-22 06:27:05,14400.0,1000.0,1251200.0
1109,2021-10-22 06:27:05,14400.0,500.0,1250200.0
1110,2021-10-22 06:27:05,14400.0,100.0,1249700.0
1111,2021-10-22 06:27:05,14400.0,1000.0,1249600.0
1112,2021-10-22 06:27:05,14400.0,5000.0,1248600.0
1113,2021-10-22 06:27:05,14400.0,500.0,1243600.0
1114,2021-10-22 06:27:05,14400.0,2000.0,1243100.0
1115,2021-10-22 06:27:05,14400.0,400.0,1241100.0
1116,2021-10-22 06:27:05,14350.0,1000.0,1240700.0
1117,2021-10-22 06:27:05,14350.0,300.0,1239700.0
1118,2021-10-22 06:27:05,14350.0,1000.0,1239400.0
1119,2021-10-22 06:27:03,14300.0,700.0,1238400.0
1120,2021-10-22 06:27:02,14300.0,100.0,1237700.0
1121,2021-10-22 06:27:01,14300.0,1000.0,1237600.0
1122,2021-10-22 06:26:59,14300.0,200.0,1236600.0
1123,2021-10-22 06:26:54,14300.0,1300.0,1236400.0
1124,2021-10-22 06:26:54,14250.0,200.0,1235100.0
1125,2021-10-22 06:26:51,14300.0,5000.0,1234900.0
1126,2021-10-22 06:26:50,14300.0,3200.0,1229900.0
1127,2021-10-22 06:26:47,14300.0,1800.0,1226700.0
1128,2021-10-22 06:26:47,14300.0,800.0,1224900.0
1129,2021-10-22 06:26:47,14300.0,100.0,1224100.0
1130,2021-10-22 06:26:47,14300.0,300.0,1224000.0
1131,2021-10-22 06:26:45,14300.0,700.0,1223700.0
1132,2021-10-22 06:26:45,14300.0,1000.0,1223000.0
1133,2021-10-22 06:26:45,14300.0,600.0,1222000.0
1134,2021-10-22 06:26:44,14250.0,400.0,1221400.0
1135,2021-10-22 06:26:36,14300.0,100.0,1221000.0
1136,2021-10-22 06:26:33,14300.0,100.0,1220900.0
1137,2021-10-22 06:26:33,14300.0,800.0,1220800.0
1138,2021-10-22 06:26:33,14300.0,100.0,1220000.0
1139,2021-10-22 06:26:33,14300.0,100.0,1219900.0
1140,2021-10-22 06:26:31,14300.0,100.0,1219800.0
1141,2021-10-22 06:26:30,14300.0,1000.0,1219700.0
1142,2021-10-22 06:26:30,14300.0,2000.0,1218700.0
1143,2021-10-22 06:26:28,14250.0,200.0,1216700.0
1144,2021-10-22 06:26:26,14300.0,3000.0,1216500.0
1145,2021-10-22 06:26:09,14250.0,100.0,1213500.0
1146,2021-10-22 06:26:09,14250.0,900.0,1213400.0
1147,2021-10-22 06:26:06,14250.0,1000.0,1212500.0
1148,2021-10-22 06:26:02,14250.0,8100.0,1211500.0
1149,2021-10-22 06:26:02,14250.0,1900.0,1203400.0
1150,2021-10-22 06:25:59,14200.0,300.0,1201500.0
1151,2021-10-22 06:25:59,14200.0,3000.0,1201200.0
1152,2021-10-22 06:25:56,14200.0,100.0,1198200.0
1153,2021-10-22 06:25:55,14250.0,500.0,1198100.0
1154,2021-10-22 06:25:53,14200.0,1000.0,1197600.0
1155,2021-10-22 06:25:49,14200.0,1000.0,1196600.0
1156,2021-10-22 06:25:48,14200.0,3000.0,1195600.0
1157,2021-10-22 06:25:48,14200.0,1000.0,1192600.0
1158,2021-10-22 06:25:48,14200.0,3000.0,1191600.0
1159,2021-10-22 06:25:48,14200.0,1900.0,1188600.0
1160,2021-10-22 06:25:48,14200.0,1000.0,1186700.0
1161,2021-10-22 06:25:48,14200.0,1000.0,1185700.0
1162,2021-10-22 06:25:48,14200.0,100.0,1184700.0
1163,2021-10-22 06:25:48,14200.0,300.0,1184600.0
1164,2021-10-22 06:25:48,14200.0,1000.0,1184300.0
1165,2021-10-22 06:25:48,14200.0,700.0,1183300.0
1166,2021-10-22 06:25:48,14200.0,1500.0,1182600.0
1167,2021-10-22 06:25:48,14200.0,10000.0,1181100.0
1168,2021-10-22 06:25:48,14200.0,400.0,1171100.0
1169,2021-10-22 06:25:48,14200.0,2000.0,1170700.0
1170,2021-10-22 06:25:48,14200.0,5800.0,1168700.0
1171,2021-10-22 06:25:48,14200.0,200.0,1162900.0
1172,2021-10-22 06:25:48,14150.0,1000.0,1162700.0
1173,2021-10-22 06:25:48,14150.0,600.0,1161700.0
1174,2021-10-22 06:25:48,14150.0,100.0,1161100.0
1175,2021-10-22 06:25:48,14100.0,14000.0,1161000.0
1176,2021-10-22 06:25:48,14100.0,3000.0,1147000.0
1177,2021-10-22 06:25:48,14100.0,2000.0,1144000.0
1178,2021-10-22 06:25:48,14100.0,11200.0,1142000.0
1179,2021-10-22 06:25:48,14100.0,300.0,1130800.0
1180,2021-10-22 06:25:48,14100.0,200.0,1130500.0
1181,2021-10-22 06:25:48,14100.0,700.0,1130300.0
1182,2021-10-22 06:25:48,14000.0,200.0,1129600.0
1183,2021-10-22 06:25:48,14000.0,300.0,1129400.0
1184,2021-10-22 06:25:43,14000.0,4000.0,1129100.0
1185,2021-10-22 06:25:40,14100.0,300.0,1125100.0
1186,2021-10-22 06:25:40,14100.0,500.0,1124800.0
1187,2021-10-22 06:25:40,14100.0,100.0,1124300.0
1188,2021-10-22 06:25:40,14000.0,200.0,1124200.0
1189,2021-10-22 06:25:40,14000.0,500.0,1124000.0
1190,2021-10-22 06:25:40,14000.0,100.0,1123500.0
1191,2021-10-22 06:25:40,14000.0,1000.0,1123400.0
1192,2021-10-22 06:25:40,14000.0,2000.0,1122400.0
1193,2021-10-22 06:25:40,14000.0,2000.0,1120400.0
1194,2021-10-22 06:25:40,14000.0,1000.0,1118400.0
1195,2021-10-22 06:25:40,14000.0,200.0,1117400.0
1196,2021-10-22 06:25:40,14000.0,200.0,1117200.0
1197,2021-10-22 06:25:40,14000.0,500.0,1117000.0
1198,2021-10-22 06:25:40,14000.0,400.0,1116500.0
1199,2021-10-22 06:25:40,14000.0,1000.0,1116100.0
1200,2021-10-22 06:25:39,14000.0,3000.0,1115100.0
1201,2021-10-22 06:25:39,14000.0,100.0,1112100.0
1202,2021-10-22 06:25:39,14000.0,500.0,1112000.0
1203,2021-10-22 06:25:39,14000.0,1400.0,1111500.0
1204,2021-10-22 06:25:39,14000.0,300.0,1110100.0
1205,2021-10-22 06:25:39,14000.0,1700.0,1109800.0
1206,2021-10-22 06:25:35,13900.0,300.0,1108100.0
1207,2021-10-22 06:25:32,14000.0,300.0,1107800.0
1208,2021-10-22 06:25:32,14000.0,1000.0,1107500.0
1209,2021-10-22 06:25:32,14000.0,1000.0,1106500.0
1210,2021-10-22 06:25:32,14000.0,700.0,1105500.0
1211,2021-10-22 06:25:32,13950.0,4800.0,1104800.0
1212,2021-10-22 06:25:28,13950.0,200.0,1100000.0
1213,2021-10-22 06:25:27,14000.0,1300.0,1099800.0
1214,2021-10-22 06:25:27,14000.0,1500.0,1098500.0
1215,2021-10-22 06:25:27,14000.0,1200.0,1097000.0
1216,2021-10-22 06:25:27,14000.0,1500.0,1095800.0
1217,2021-10-22 06:25:27,14000.0,4000.0,1094300.0
1218,2021-10-22 06:25:27,14000.0,3200.0,1090300.0
1219,2021-10-22 06:25:27,14000.0,1000.0,1087100.0
1220,2021-10-22 06:25:27,14000.0,2000.0,1086100.0
1221,2021-10-22 06:25:27,14000.0,200.0,1084100.0
1222,2021-10-22 06:25:27,14000.0,8200.0,1083900.0
1223,2021-10-22 06:25:27,14000.0,500.0,1075700.0
1224,2021-10-22 06:25:27,14000.0,500.0,1075200.0
1225,2021-10-22 06:25:27,14000.0,500.0,1074700.0
1226,2021-10-22 06:25:27,14000.0,1000.0,1074200.0
1227,2021-10-22 06:25:27,14000.0,500.0,1073200.0
1228,2021-10-22 06:25:27,14000.0,1700.0,1072700.0
1229,2021-10-22 06:25:27,14000.0,1000.0,1071000.0
1230,2021-10-22 06:25:27,14000.0,300.0,1070000.0
1231,2021-10-22 06:25:27,14000.0,1100.0,1069700.0
1232,2021-10-22 06:25:27,14000.0,1000.0,1068600.0
1233,2021-10-22 06:25:27,14000.0,1000.0,1067600.0
1234,2021-10-22 06:25:27,14000.0,200.0,1066600.0
1235,2021-10-22 06:25:27,14000.0,200.0,1066400.0
1236,2021-10-22 06:25:27,14000.0,1000.0,1066200.0
1237,2021-10-22 06:25:27,14000.0,1000.0,1065200.0
1238,2021-10-22 06:25:27,14000.0,2000.0,1064200.0
1239,2021-10-22 06:25:27,14000.0,3000.0,1062200.0
1240,2021-10-22 06:25:27,14000.0,300.0,1059200.0
1241,2021-10-22 06:25:27,14000.0,200.0,1058900.0
1242,2021-10-22 06:25:27,14000.0,600.0,1058700.0
1243,2021-10-22 06:25:27,14000.0,1000.0,1058100.0
1244,2021-10-22 06:25:27,14000.0,100.0,1057100.0
1245,2021-10-22 06:25:27,14000.0,100.0,1057000.0
1246,2021-10-22 06:25:27,14000.0,500.0,1056900.0
1247,2021-10-22 06:25:27,14000.0,1000.0,1056400.0
1248,2021-10-22 06:25:27,14000.0,1000.0,1055400.0
1249,2021-10-22 06:25:27,14000.0,500.0,1054400.0
1250,2021-10-22 06:25:27,14000.0,100.0,1053900.0
1251,2021-10-22 06:25:27,14000.0,200.0,1053800.0
1252,2021-10-22 06:25:27,14000.0,500.0,1053600.0
1253,2021-10-22 06:25:27,14000.0,3000.0,1053100.0
1254,2021-10-22 06:25:27,14000.0,2000.0,1050100.0
1255,2021-10-22 06:25:27,14000.0,200.0,1048100.0
1256,2021-10-22 06:25:27,14000.0,300.0,1047900.0
1257,2021-10-22 06:25:27,14000.0,500.0,1047600.0
1258,2021-10-22 06:25:27,14000.0,1000.0,1047100.0
1259,2021-10-22 06:25:27,14000.0,100.0,1046100.0
1260,2021-10-22 06:25:27,14000.0,1000.0,1046000.0
1261,2021-10-22 06:25:27,14000.0,200.0,1045000.0
1262,2021-10-22 06:25:18,14000.0,2800.0,1044800.0
1263,2021-10-22 06:25:18,14000.0,500.0,1042000.0
1264,2021-10-22 06:25:18,14000.0,200.0,1041500.0
1265,2021-10-22 06:25:18,13950.0,100.0,1041300.0
1266,2021-10-22 06:25:18,13950.0,5000.0,1041200.0
1267,2021-10-22 06:25:18,13950.0,400.0,1036200.0
1268,2021-10-22 06:25:18,13950.0,1000.0,1035800.0
1269,2021-10-22 06:25:10,13900.0,1000.0,1034800.0
1270,2021-10-22 06:25:09,13900.0,100.0,1033800.0
1271,2021-10-22 06:25:09,13900.0,3000.0,1033700.0
1272,2021-10-22 06:25:09,13900.0,800.0,1030700.0
1273,2021-10-22 06:25:09,13900.0,200.0,1029900.0
1274,2021-10-22 06:25:09,13900.0,200.0,1029700.0
1275,2021-10-22 06:25:09,13900.0,300.0,1029500.0
1276,2021-10-22 06:25:09,13900.0,300.0,1029200.0
1277,2021-10-22 06:25:09,13900.0,300.0,1028900.0
1278,2021-10-22 06:25:09,13900.0,1000.0,1028600.0
1279,2021-10-22 06:25:09,13900.0,100.0,1027600.0
1280,2021-10-22 06:25:09,13900.0,100.0,1027500.0
1281,2021-10-22 06:25:09,13900.0,1000.0,1027400.0
1282,2021-10-22 06:25:09,13900.0,1000.0,1026400.0
1283,2021-10-22 06:25:09,13900.0,7000.0,1025400.0
1284,2021-10-22 06:25:09,13900.0,1000.0,1018400.0
1285,2021-10-22 06:25:09,13900.0,1000.0,1017400.0
1286,2021-10-22 06:25:09,13900.0,1000.0,1016400.0
1287,2021-10-22 06:25:09,13900.0,1100.0,1015400.0
1288,2021-10-22 06:25:09,13900.0,100.0,1014300.0
1289,2021-10-22 06:25:09,13900.0,200.0,1014200.0
1290,2021-10-22 06:25:08,13900.0,300.0,1014000.0
1291,2021-10-22 06:25:08,13900.0,600.0,1013700.0
1292,2021-10-22 06:25:08,13900.0,1000.0,1013100.0
1293,2021-10-22 06:25:08,13900.0,5000.0,1012100.0
1294,2021-10-22 06:25:08,13900.0,1000.0,1007100.0
1295,2021-10-22 06:25:08,13900.0,3000.0,1006100.0
1296,2021-10-22 06:25:04,13900.0,300.0,1003100.0
1297,2021-10-22 06:25:04,13900.0,500.0,1002800.0
1298,2021-10-22 06:24:59,13900.0,6200.0,1002300.0
1299,2021-10-22 06:24:59,13900.0,100.0,996100.0
1300,2021-10-22 06:24:59,13900.0,1000.0,996000.0
1301,2021-10-22 06:24:47,13850.0,500.0,995000.0
1302,2021-10-22 06:24:47,13850.0,100.0,994500.0
1303,2021-10-22 06:24:47,13850.0,1000.0,994400.0
1304,2021-10-22 06:24:47,13850.0,1300.0,993400.0
1305,2021-10-22 06:24:47,13850.0,100.0,992100.0
1306,2021-10-22 06:24:47,13850.0,100.0,992000.0
1307,2021-10-22 06:24:47,13850.0,1000.0,991900.0
1308,2021-10-22 06:24:47,13850.0,2000.0,990900.0
1309,2021-10-22 06:24:47,13850.0,100.0,988900.0
1310,2021-10-22 06:24:47,13850.0,500.0,988800.0
1311,2021-10-22 06:24:47,13850.0,500.0,988300.0
1312,2021-10-22 06:24:47,13850.0,500.0,987800.0
1313,2021-10-22 06:24:47,13850.0,1000.0,987300.0
1314,2021-10-22 06:24:47,13850.0,1000.0,986300.0
1315,2021-10-22 06:24:47,13850.0,1000.0,985300.0
1316,2021-10-22 06:24:47,13850.0,200.0,984300.0
1317,2021-10-22 06:24:47,13850.0,100.0,984100.0
1318,2021-10-22 06:24:47,13850.0,100.0,984000.0
1319,2021-10-22 06:24:47,13850.0,5000.0,983900.0
1320,2021-10-22 06:24:47,13850.0,100.0,978900.0
1321,2021-10-22 06:24:47,13850.0,2000.0,978800.0
1322,2021-10-22 06:24:47,13850.0,900.0,976800.0
1323,2021-10-22 06:24:47,13800.0,200.0,975900.0
1324,2021-10-22 06:24:47,13800.0,500.0,975700.0
1325,2021-10-22 06:24:47,13800.0,100.0,975200.0
1326,2021-10-22 06:24:47,13800.0,200.0,975100.0
1327,2021-10-22 06:24:47,13800.0,500.0,974900.0
1328,2021-10-22 06:24:47,13800.0,100.0,974400.0
1329,2021-10-22 06:24:47,13800.0,1000.0,974300.0
1330,2021-10-22 06:24:47,13800.0,100.0,973300.0
1331,2021-10-22 06:24:47,13800.0,100.0,973200.0
1332,2021-10-22 06:24:47,13800.0,1000.0,973100.0
1333,2021-10-22 06:24:47,13800.0,500.0,972100.0
1334,2021-10-22 06:24:47,13800.0,4000.0,971600.0
1335,2021-10-22 06:24:47,13800.0,100.0,967600.0
1336,2021-10-22 06:24:47,13800.0,400.0,967500.0
1337,2021-10-22 06:24:47,13800.0,2000.0,967100.0
1338,2021-10-22 06:24:47,13800.0,700.0,965100.0
1339,2021-10-22 06:24:47,13800.0,1500.0,964400.0
1340,2021-10-22 06:24:47,13800.0,1000.0,962900.0
1341,2021-10-22 06:24:47,13800.0,100.0,961900.0
1342,2021-10-22 06:24:47,13800.0,100.0,961800.0
1343,2021-10-22 06:24:47,13800.0,200.0,961700.0
1344,2021-10-22 06:24:47,13800.0,5200.0,961500.0
1345,2021-10-22 06:24:47,13800.0,400.0,956300.0
1346,2021-10-22 06:24:47,13800.0,1000.0,955900.0
1347,2021-10-22 06:24:47,13800.0,5000.0,954900.0
1348,2021-10-22 06:24:47,13800.0,5000.0,949900.0
1349,2021-10-22 06:24:47,13800.0,1000.0,944900.0
1350,2021-10-22 06:24:47,13800.0,300.0,943900.0
1351,2021-10-22 06:24:47,13800.0,100.0,943600.0
1352,2021-10-22 06:24:47,13800.0,100.0,943500.0
1353,2021-10-22 06:24:47,13800.0,100.0,943400.0
1354,2021-10-22 06:24:47,13800.0,1000.0,943300.0
1355,2021-10-22 06:24:47,13800.0,10000.0,942300.0
1356,2021-10-22 06:24:47,13800.0,1000.0,932300.0
1357,2021-10-22 06:24:47,13800.0,500.0,931300.0
1358,2021-10-22 06:24:47,13800.0,100.0,930800.0
1359,2021-10-22 06:24:47,13800.0,3900.0,930700.0
1360,2021-10-22 06:24:47,13800.0,200.0,926800.0
1361,2021-10-22 06:24:47,13800.0,200.0,926600.0
1362,2021-10-22 06:24:47,13800.0,200.0,926400.0
1363,2021-10-22 06:24:47,13800.0,200.0,926200.0
1364,2021-10-22 06:24:47,13800.0,100.0,926000.0
1365,2021-10-22 06:24:47,13800.0,5000.0,925900.0
1366,2021-10-22 06:24:47,13800.0,200.0,920900.0
1367,2021-10-22 06:24:47,13800.0,100.0,920700.0
1368,2021-10-22 06:24:47,13800.0,100.0,920600.0
1369,2021-10-22 06:24:47,13800.0,500.0,920500.0
1370,2021-10-22 06:24:47,13800.0,700.0,920000.0
1371,2021-10-22 06:24:47,13800.0,500.0,919300.0
1372,2021-10-22 06:24:47,13800.0,200.0,918800.0
1373,2021-10-22 06:24:47,13800.0,300.0,918600.0
1374,2021-10-22 06:24:47,13800.0,5000.0,918300.0
1375,2021-10-22 06:24:47,13800.0,1000.0,913300.0
1376,2021-10-22 06:24:47,13800.0,1000.0,912300.0
1377,2021-10-22 06:24:47,13800.0,200.0,911300.0
1378,2021-10-22 06:24:47,13800.0,1000.0,911100.0
1379,2021-10-22 06:24:47,13800.0,1000.0,910100.0
1380,2021-10-22 06:24:47,13800.0,400.0,909100.0
1381,2021-10-22 06:24:46,13800.0,1600.0,908700.0
1382,2021-10-22 06:24:46,13800.0,1000.0,907100.0
1383,2021-10-22 06:24:46,13800.0,1500.0,906100.0
1384,2021-10-22 06:24:46,13800.0,300.0,904600.0
1385,2021-10-22 06:24:46,13800.0,5000.0,904300.0
1386,2021-10-22 06:24:46,13800.0,100.0,899300.0
1387,2021-10-22 06:24:46,13800.0,100.0,899200.0
1388,2021-10-22 06:24:46,13800.0,4000.0,899100.0
1389,2021-10-22 06:24:46,13800.0,1300.0,895100.0
1390,2021-10-22 06:24:46,13800.0,100.0,893800.0
1391,2021-10-22 06:24:43,13800.0,1900.0,893700.0
1392,2021-10-22 06:24:40,13800.0,1400.0,891800.0
1393,2021-10-22 06:24:36,13800.0,1000.0,890400.0
1394,2021-10-22 06:24:26,13800.0,1900.0,889400.0
1395,2021-10-22 06:24:26,13800.0,300.0,887500.0
1396,2021-10-22 06:24:26,13800.0,2000.0,887200.0
1397,2021-10-22 06:24:26,13800.0,300.0,885200.0
1398,2021-10-22 06:24:26,13800.0,200.0,884900.0
1399,2021-10-22 06:24:26,13800.0,100.0,884700.0
1400,2021-10-22 06:24:26,13800.0,100.0,884600.0
1401,2021-10-22 06:24:26,13800.0,1000.0,884500.0
1402,2021-10-22 06:24:26,13800.0,200.0,883500.0
1403,2021-10-22 06:24:26,13800.0,300.0,883300.0
1404,2021-10-22 06:24:26,13800.0,3600.0,883000.0
1405,2021-10-22 06:24:04,13750.0,500.0,879400.0
1406,2021-10-22 06:24:02,13750.0,3500.0,878900.0
1407,2021-10-22 06:23:52,13750.0,500.0,875400.0
1408,2021-10-22 06:23:52,13750.0,500.0,874900.0
1409,2021-10-22 06:23:52,13750.0,1000.0,874400.0
1410,2021-10-22 06:23:52,13750.0,100.0,873400.0
1411,2021-10-22 06:23:52,13750.0,1000.0,873300.0
1412,2021-10-22 06:23:52,13750.0,100.0,872300.0
1413,2021-10-22 06:23:52,13750.0,200.0,872200.0
1414,2021-10-22 06:23:52,13750.0,500.0,872000.0
1415,2021-10-22 06:23:52,13750.0,1000.0,871500.0
1416,2021-10-22 06:23:52,13750.0,600.0,870500.0
1417,2021-10-22 06:23:52,13750.0,1100.0,869900.0
1418,2021-10-22 06:23:49,13750.0,1000.0,868800.0
1419,2021-10-22 06:23:45,13750.0,2300.0,867800.0
1420,2021-10-22 06:23:45,13750.0,300.0,865500.0
1421,2021-10-22 06:23:45,13750.0,2400.0,865200.0
1422,2021-10-22 06:23:33,13750.0,2600.0,862800.0
1423,2021-10-22 06:23:33,13750.0,1000.0,860200.0
1424,2021-10-22 06:23:33,13750.0,500.0,859200.0
1425,2021-10-22 06:23:33,13750.0,100.0,858700.0
1426,2021-10-22 06:23:33,13750.0,600.0,858600.0
1427,2021-10-22 06:23:33,13750.0,5000.0,858000.0
1428,2021-10-22 06:23:33,13750.0,200.0,853000.0
1429,2021-10-22 06:23:29,13750.0,100.0,852800.0
1430,2021-10-22 06:23:29,13750.0,900.0,852700.0
1431,2021-10-22 06:23:26,13750.0,100.0,851800.0
1432,2021-10-22 06:23:26,13750.0,100.0,851700.0
1433,2021-10-22 06:23:26,13750.0,100.0,851600.0
1434,2021-10-22 06:23:26,13750.0,100.0,851500.0
1435,2021-10-22 06:23:26,13750.0,100.0,851400.0
1436,2021-10-22 06:23:19,13750.0,100.0,851300.0
1437,2021-10-22 06:23:12,13750.0,300.0,851200.0
1438,2021-10-22 06:23:12,13750.0,1200.0,850900.0
1439,2021-10-22 06:23:02,13750.0,800.0,849700.0
1440,2021-10-22 06:23:02,13750.0,100.0,848900.0
1441,2021-10-22 06:23:02,13750.0,3000.0,848800.0
1442,2021-10-22 06:23:02,13750.0,400.0,845800.0
1443,2021-10-22 06:23:02,13750.0,100.0,845400.0
1444,2021-10-22 06:23:02,13750.0,100.0,845300.0
1445,2021-10-22 06:23:02,13750.0,900.0,845200.0
1446,2021-10-22 06:23:02,13750.0,1100.0,844300.0
1447,2021-10-22 06:23:02,13750.0,1500.0,843200.0
1448,2021-10-22 06:23:00,13750.0,300.0,841700.0
1449,2021-10-22 06:22:09,13750.0,200.0,841400.0
1450,2021-10-22 06:22:09,13750.0,1000.0,841200.0
1451,2021-10-22 06:22:09,13750.0,500.0,840200.0
1452,2021-10-22 06:22:09,13750.0,300.0,839700.0
1453,2021-10-22 06:21:54,13700.0,500.0,839400.0
1454,2021-10-22 06:20:49,13700.0,300.0,838900.0
1455,2021-10-22 06:20:49,13700.0,100.0,838600.0
1456,2021-10-22 06:20:47,13700.0,300.0,838500.0
1457,2021-10-22 06:20:47,13700.0,100.0,838200.0
1458,2021-10-22 06:20:47,13700.0,2000.0,838100.0
1459,2021-10-22 06:20:47,13700.0,500.0,836100.0
1460,2021-10-22 06:20:47,13700.0,200.0,835600.0
1461,2021-10-22 06:20:47,13700.0,300.0,835400.0
1462,2021-10-22 06:20:47,13700.0,100.0,835100.0
1463,2021-10-22 06:20:47,13700.0,5000.0,835000.0
1464,2021-10-22 06:20:47,13700.0,500.0,830000.0
1465,2021-10-22 06:20:47,13700.0,300.0,829500.0
1466,2021-10-22 06:20:47,13700.0,1000.0,829200.0
1467,2021-10-22 06:20:47,13700.0,700.0,828200.0
1468,2021-10-22 06:20:47,13700.0,3000.0,827500.0
1469,2021-10-22 06:20:47,13700.0,200.0,824500.0
1470,2021-10-22 06:20:47,13700.0,100.0,824300.0
1471,2021-10-22 06:20:47,13700.0,600.0,824200.0
1472,2021-10-22 06:20:44,13700.0,400.0,823600.0
1473,2021-10-22 06:20:44,13700.0,100.0,823200.0
1474,2021-10-22 06:20:44,13700.0,900.0,823100.0
1475,2021-10-22 06:20:40,13700.0,100.0,822200.0
1476,2021-10-22 06:20:40,13700.0,200.0,822100.0
1477,2021-10-22 06:20:38,13700.0,6800.0,821900.0
1478,2021-10-22 06:20:38,13700.0,900.0,815100.0
1479,2021-10-22 06:20:38,13700.0,100.0,814200.0
1480,2021-10-22 06:20:38,13700.0,500.0,814100.0
1481,2021-10-22 06:20:38,13700.0,200.0,813600.0
1482,2021-10-22 06:20:38,13700.0,8100.0,813400.0
1483,2021-10-22 06:20:38,13700.0,300.0,805300.0
1484,2021-10-22 06:20:38,13700.0,9000.0,805000.0
1485,2021-10-22 06:20:38,13700.0,300.0,796000.0
1486,2021-10-22 06:20:38,13700.0,10000.0,795700.0
1487,2021-10-22 06:20:38,13700.0,1000.0,785700.0
1488,2021-10-22 06:20:38,13700.0,100.0,784700.0
1489,2021-10-22 06:20:38,13700.0,1000.0,784600.0
1490,2021-10-22 06:20:38,13700.0,200.0,783600.0
1491,2021-10-22 06:20:38,13700.0,1000.0,783400.0
1492,2021-10-22 06:20:38,13700.0,500.0,782400.0
1493,2021-10-22 06:20:15,13700.0,200.0,781900.0
1494,2021-10-22 06:19:50,13700.0,4300.0,781700.0
1495,2021-10-22 06:19:50,13700.0,1700.0,777400.0
1496,2021-10-22 06:19:13,13700.0,1300.0,775700.0
1497,2021-10-22 06:19:13,13700.0,2300.0,774400.0
1498,2021-10-22 06:19:10,13700.0,500.0,772100.0
1499,2021-10-22 06:18:46,13700.0,200.0,771600.0
1500,2021-10-22 06:18:46,13700.0,2000.0,771400.0
1501,2021-10-22 06:18:46,13700.0,1000.0,769400.0
1502,2021-10-22 06:18:46,13700.0,100.0,768400.0
1503,2021-10-22 06:18:46,13700.0,200.0,768300.0
1504,2021-10-22 06:18:46,13700.0,1000.0,768100.0
1505,2021-10-22 06:18:46,13700.0,500.0,767100.0
1506,2021-10-22 06:18:46,13700.0,5000.0,766600.0
1507,2021-10-22 06:18:07,13650.0,200.0,761600.0
1508,2021-10-22 06:17:13,13650.0,300.0,761400.0
1509,2021-10-22 06:16:36,13650.0,300.0,761100.0
1510,2021-10-22 06:16:16,13650.0,2000.0,760800.0
1511,2021-10-22 06:16:16,13650.0,1800.0,758800.0
1512,2021-10-22 06:16:04,13650.0,300.0,757000.0
1513,2021-10-22 06:15:57,13650.0,100.0,756700.0
1514,2021-10-22 06:15:46,13650.0,100.0,756600.0
1515,2021-10-22 06:15:41,13650.0,500.0,756500.0
1516,2021-10-22 06:15:41,13650.0,2200.0,756000.0
1517,2021-10-22 06:15:37,13650.0,800.0,753800.0
1518,2021-10-22 06:14:34,13650.0,200.0,753000.0
1519,2021-10-22 06:14:34,13650.0,1500.0,752800.0
1520,2021-10-22 06:14:34,13650.0,1000.0,751300.0
1521,2021-10-22 06:14:34,13650.0,100.0,750300.0
1522,2021-10-22 06:14:34,13650.0,300.0,750200.0
1523,2021-10-22 06:14:34,13650.0,700.0,749900.0
1524,2021-10-22 06:14:18,13650.0,2000.0,749200.0
1525,2021-10-22 06:14:15,13650.0,2300.0,747200.0
1526,2021-10-22 06:14:15,13650.0,500.0,744900.0
1527,2021-10-22 06:14:15,13650.0,7200.0,744400.0
1528,2021-10-22 06:13:47,13650.0,900.0,737200.0
1529,2021-10-22 06:13:45,13650.0,100.0,736300.0
1530,2021-10-22 06:13:32,13650.0,100.0,736200.0
1531,2021-10-22 06:13:25,13650.0,500.0,736100.0
1532,2021-10-22 06:12:55,13650.0,200.0,735600.0
1533,2021-10-22 06:11:41,13650.0,100.0,735400.0
1534,2021-10-22 06:10:55,13650.0,400.0,735300.0
1535,2021-10-22 06:10:36,13600.0,100.0,734900.0
1536,2021-10-22 06:10:07,13600.0,100.0,734800.0
1537,2021-10-22 06:10:07,13650.0,100.0,734700.0
1538,2021-10-22 06:09:02,13650.0,100.0,734600.0
1539,2021-10-22 06:07:25,13650.0,100.0,734500.0
1540,2021-10-22 06:06:44,13650.0,200.0,734400.0
1541,2021-10-22 06:06:44,13650.0,100.0,734200.0
1542,2021-10-22 06:06:36,13600.0,100.0,734100.0
1543,2021-10-22 06:06:36,13600.0,700.0,734000.0
1544,2021-10-22 06:06:09,13650.0,900.0,733300.0
1545,2021-10-22 06:06:08,13650.0,500.0,732400.0
1546,2021-10-22 06:05:53,13650.0,1000.0,731900.0
1547,2021-10-22 06:05:48,13600.0,500.0,730900.0
1548,2021-10-22 06:05:36,13650.0,100.0,730400.0
1549,2021-10-22 06:03:28,13600.0,1600.0,730300.0
1550,2021-10-22 06:00:37,13600.0,1500.0,728700.0
1551,2021-10-22 06:00:35,13600.0,3000.0,727200.0
1552,2021-10-22 06:00:05,13600.0,200.0,724200.0
1553,2021-10-22 06:00:04,13600.0,200.0,724000.0
1554,2021-10-22 06:00:04,13600.0,200.0,723800.0
1555,2021-10-22 06:00:03,13600.0,600.0,723600.0
1556,2021-10-22 06:00:03,13600.0,400.0,723000.0
1557,2021-10-22 06:00:02,13650.0,100.0,722600.0
1558,2021-10-22 04:27:28,13600.0,100.0,722500.0
1559,2021-10-22 04:27:17,13600.0,4900.0,722400.0
1560,2021-10-22 04:27:17,13600.0,300.0,717500.0
1561,2021-10-22 04:27:17,13600.0,500.0,717200.0
1562,2021-10-22 04:27:17,13600.0,500.0,716700.0
1563,2021-10-22 04:27:17,13600.0,200.0,716200.0
1564,2021-10-22 04:27:17,13600.0,1500.0,716000.0
1565,2021-10-22 04:27:17,13600.0,11800.0,714500.0
1566,2021-10-22 04:26:31,13550.0,300.0,702700.0
1567,2021-10-22 04:25:29,13600.0,100.0,702400.0
1568,2021-10-22 04:25:28,13600.0,1000.0,702300.0
1569,2021-10-22 04:25:25,13600.0,1000.0,701300.0
1570,2021-10-22 04:23:15,13600.0,5000.0,700300.0
1571,2021-10-22 04:21:51,13550.0,300.0,695300.0
1572,2021-10-22 04:21:38,13550.0,1000.0,695000.0
1573,2021-10-22 04:20:42,13550.0,100.0,694000.0
1574,2021-10-22 04:20:42,13550.0,100.0,693900.0
1575,2021-10-22 04:20:42,13550.0,1000.0,693800.0
1576,2021-10-22 04:20:42,13550.0,100.0,692800.0
1577,2021-10-22 04:20:42,13550.0,300.0,692700.0
1578,2021-10-22 04:20:42,13550.0,200.0,692400.0
1579,2021-10-22 04:20:26,13600.0,1100.0,692200.0
1580,2021-10-22 04:20:26,13600.0,6200.0,691100.0
1581,2021-10-22 04:20:26,13600.0,700.0,684900.0
1582,2021-10-22 04:19:18,13550.0,200.0,684200.0
1583,2021-10-22 04:19:18,13550.0,100.0,684000.0
1584,2021-10-22 04:17:36,13550.0,200.0,683900.0
1585,2021-10-22 04:17:36,13550.0,100.0,683700.0
1586,2021-10-22 04:17:36,13550.0,100.0,683600.0
1587,2021-10-22 04:17:36,13550.0,100.0,683500.0
1588,2021-10-22 04:15:21,13550.0,100.0,683400.0
1589,2021-10-22 04:15:21,13550.0,100.0,683300.0
1590,2021-10-22 04:15:21,13550.0,300.0,683200.0
1591,2021-10-22 04:13:21,13550.0,700.0,682900.0
1592,2021-10-22 04:13:21,13550.0,100.0,682200.0
1593,2021-10-22 04:13:21,13550.0,700.0,682100.0
1594,2021-10-22 04:12:46,13550.0,1300.0,681400.0
1595,2021-10-22 04:12:21,13550.0,100.0,680100.0
1596,2021-10-22 04:12:21,13550.0,200.0,680000.0
1597,2021-10-22 04:12:21,13550.0,200.0,679800.0
1598,2021-10-22 04:12:21,13550.0,3000.0,679600.0
1599,2021-10-22 04:12:21,13550.0,300.0,676600.0
1600,2021-10-22 04:12:21,13550.0,300.0,676300.0
1601,2021-10-22 04:12:21,13550.0,1000.0,676000.0
1602,2021-10-22 04:12:21,13550.0,400.0,675000.0
1603,2021-10-22 04:12:21,13550.0,100.0,674600.0
1604,2021-10-22 04:12:21,13550.0,300.0,674500.0
1605,2021-10-22 04:12:21,13550.0,500.0,674200.0
1606,2021-10-22 04:12:21,13550.0,2000.0,673700.0
1607,2021-10-22 04:12:21,13550.0,400.0,671700.0
1608,2021-10-22 04:09:27,13600.0,200.0,671300.0
1609,2021-10-22 04:07:22,13600.0,2000.0,671100.0
1610,2021-10-22 04:07:20,13600.0,800.0,669100.0
1611,2021-10-22 04:07:20,13600.0,300.0,668300.0
1612,2021-10-22 04:07:20,13600.0,500.0,668000.0
1613,2021-10-22 04:07:20,13600.0,1000.0,667500.0
1614,2021-10-22 04:07:20,13600.0,100.0,666500.0
1615,2021-10-22 04:07:20,13600.0,1200.0,666400.0
1616,2021-10-22 04:06:56,13600.0,800.0,665200.0
1617,2021-10-22 04:06:56,13600.0,1000.0,664400.0
1618,2021-10-22 04:06:56,13600.0,1000.0,663400.0
1619,2021-10-22 04:06:56,13600.0,200.0,662400.0
1620,2021-10-22 04:06:56,13600.0,1000.0,662200.0
1621,2021-10-22 04:06:56,13600.0,300.0,661200.0
1622,2021-10-22 04:06:56,13600.0,1000.0,660900.0
1623,2021-10-22 04:06:56,13600.0,100.0,659900.0
1624,2021-10-22 04:06:56,13600.0,500.0,659800.0
1625,2021-10-22 04:06:56,13600.0,100.0,659300.0
1626,2021-10-22 04:06:56,13600.0,200.0,659200.0
1627,2021-10-22 04:06:56,13600.0,2000.0,659000.0
1628,2021-10-22 04:06:56,13600.0,500.0,657000.0
1629,2021-10-22 04:06:56,13600.0,100.0,656500.0
1630,2021-10-22 04:06:56,13600.0,300.0,656400.0
1631,2021-10-22 04:06:56,13600.0,300.0,656100.0
1632,2021-10-22 04:06:56,13600.0,100.0,655800.0
1633,2021-10-22 04:06:56,13600.0,400.0,655700.0
1634,2021-10-22 04:06:31,13600.0,1000.0,655300.0
1635,2021-10-22 04:06:19,13650.0,1000.0,654300.0
1636,2021-10-22 04:05:19,13650.0,300.0,653300.0
1637,2021-10-22 04:04:26,13650.0,1000.0,653000.0
1638,2021-10-22 04:04:20,13650.0,6500.0,652000.0
1639,2021-10-22 04:04:03,13650.0,500.0,645500.0
1640,2021-10-22 04:03:45,13650.0,3000.0,645000.0
1641,2021-10-22 04:03:12,13650.0,300.0,642000.0
1642,2021-10-22 04:02:07,13650.0,300.0,641700.0
1643,2021-10-22 04:02:07,13650.0,1000.0,641400.0
1644,2021-10-22 04:02:07,13650.0,400.0,640400.0
1645,2021-10-22 04:00:17,13650.0,100.0,640000.0
1646,2021-10-22 04:00:17,13650.0,200.0,639900.0
1647,2021-10-22 04:00:17,13650.0,1000.0,639700.0
1648,2021-10-22 04:00:17,13650.0,300.0,638700.0
1649,2021-10-22 03:59:53,13650.0,900.0,638400.0
1650,2021-10-22 03:59:53,13650.0,1000.0,637500.0
1651,2021-10-22 03:59:53,13650.0,100.0,636500.0
1652,2021-10-22 03:58:35,13600.0,1200.0,636400.0
1653,2021-10-22 03:58:35,13600.0,800.0,635200.0
1654,2021-10-22 03:56:31,13600.0,200.0,634400.0
1655,2021-10-22 03:56:03,13600.0,100.0,634200.0
1656,2021-10-22 03:56:03,13600.0,1000.0,634100.0
1657,2021-10-22 03:56:03,13600.0,1500.0,633100.0
1658,2021-10-22 03:56:03,13600.0,400.0,631600.0
1659,2021-10-22 03:56:03,13600.0,1000.0,631200.0
1660,2021-10-22 03:56:03,13600.0,100.0,630200.0
1661,2021-10-22 03:56:03,13600.0,900.0,630100.0
1662,2021-10-22 03:55:42,13600.0,100.0,629200.0
1663,2021-10-22 03:55:34,13600.0,500.0,629100.0
1664,2021-10-22 03:54:30,13600.0,400.0,628600.0
1665,2021-10-22 03:53:08,13600.0,3600.0,628200.0
1666,2021-10-22 03:53:08,13600.0,500.0,624600.0
1667,2021-10-22 03:53:08,13600.0,300.0,624100.0
1668,2021-10-22 03:53:08,13600.0,1000.0,623800.0
1669,2021-10-22 03:53:08,13600.0,2300.0,622800.0
1670,2021-10-22 03:51:20,13600.0,400.0,620500.0
1671,2021-10-22 03:49:43,13600.0,1000.0,620100.0
1672,2021-10-22 03:49:36,13600.0,700.0,619100.0
1673,2021-10-22 03:49:23,13600.0,100.0,618400.0
1674,2021-10-22 03:49:21,13650.0,1000.0,618300.0
1675,2021-10-22 03:49:13,13650.0,11000.0,617300.0
1676,2021-10-22 03:47:48,13600.0,1000.0,606300.0
1677,2021-10-22 03:47:44,13650.0,100.0,605300.0
1678,2021-10-22 03:46:28,13650.0,200.0,605200.0
1679,2021-10-22 03:46:02,13650.0,100.0,605000.0
1680,2021-10-22 03:46:02,13650.0,1200.0,604900.0
1681,2021-10-22 03:46:02,13650.0,1000.0,603700.0
1682,2021-10-22 03:46:02,13650.0,1000.0,602700.0
1683,2021-10-22 03:46:02,13650.0,300.0,601700.0
1684,2021-10-22 03:46:02,13650.0,1000.0,601400.0
1685,2021-10-22 03:46:02,13650.0,700.0,600400.0
1686,2021-10-22 03:46:02,13650.0,1000.0,599700.0
1687,2021-10-22 03:46:02,13650.0,100.0,598700.0
1688,2021-10-22 03:46:02,13650.0,1000.0,598600.0
1689,2021-10-22 03:46:02,13650.0,200.0,597600.0
1690,2021-10-22 03:46:02,13650.0,1000.0,597400.0
1691,2021-10-22 03:46:02,13650.0,10900.0,596400.0
1692,2021-10-22 03:45:18,13700.0,2400.0,585500.0
1693,2021-10-22 03:45:18,13700.0,4000.0,583100.0
1694,2021-10-22 03:45:18,13700.0,2000.0,579100.0
1695,2021-10-22 03:45:18,13700.0,1000.0,577100.0
1696,2021-10-22 03:45:18,13700.0,300.0,576100.0
1697,2021-10-22 03:45:18,13700.0,100.0,575800.0
1698,2021-10-22 03:45:18,13700.0,200.0,575700.0
1699,2021-10-22 03:45:14,13650.0,100.0,575500.0
1700,2021-10-22 03:45:14,13650.0,300.0,575400.0
1701,2021-10-22 03:45:14,13650.0,1000.0,575100.0
1702,2021-10-22 03:45:14,13650.0,600.0,574100.0
1703,2021-10-22 03:44:00,13700.0,600.0,573500.0
1704,2021-10-22 03:44:00,13700.0,400.0,572900.0
1705,2021-10-22 03:43:06,13700.0,100.0,572500.0
1706,2021-10-22 03:42:49,13700.0,100.0,572400.0
1707,2021-10-22 03:42:49,13700.0,100.0,572300.0
1708,2021-10-22 03:42:47,13700.0,300.0,572200.0
1709,2021-10-22 03:42:30,13700.0,600.0,571900.0
1710,2021-10-22 03:42:30,13700.0,400.0,571300.0
1711,2021-10-22 03:42:26,13700.0,100.0,570900.0
1712,2021-10-22 03:42:22,13700.0,500.0,570800.0
1713,2021-10-22 03:42:22,13700.0,1000.0,570300.0
1714,2021-10-22 03:42:22,13700.0,1200.0,569300.0
1715,2021-10-22 03:42:21,13700.0,1000.0,568100.0
1716,2021-10-22 03:42:12,13700.0,500.0,567100.0
1717,2021-10-22 03:41:24,13700.0,1000.0,566600.0
1718,2021-10-22 03:39:39,13650.0,100.0,565600.0
1719,2021-10-22 03:38:36,13650.0,1000.0,565500.0
1720,2021-10-22 03:38:22,13700.0,500.0,564500.0
1721,2021-10-22 03:38:12,13700.0,200.0,564000.0
1722,2021-10-22 03:38:12,13700.0,1200.0,563800.0
1723,2021-10-22 03:37:55,13700.0,100.0,562600.0
1724,2021-10-22 03:37:53,13650.0,100.0,562500.0
1725,2021-10-22 03:37:09,13700.0,2500.0,562400.0
1726,2021-10-22 03:35:00,13700.0,800.0,559900.0
1727,2021-10-22 03:33:30,13700.0,200.0,559100.0
1728,2021-10-22 03:33:12,13700.0,200.0,558900.0
1729,2021-10-22 03:33:12,13700.0,200.0,558700.0
1730,2021-10-22 03:33:12,13700.0,500.0,558500.0
1731,2021-10-22 03:33:12,13700.0,100.0,558000.0
1732,2021-10-22 03:33:12,13700.0,200.0,557900.0
1733,2021-10-22 03:33:12,13700.0,300.0,557700.0
1734,2021-10-22 03:32:17,13700.0,100.0,557400.0
1735,2021-10-22 03:29:08,13700.0,700.0,557300.0
1736,2021-10-22 03:27:41,13700.0,100.0,556600.0
1737,2021-10-22 03:26:43,13700.0,1800.0,556500.0
1738,2021-10-22 03:26:43,13700.0,200.0,554700.0
1739,2021-10-22 03:26:05,13700.0,1000.0,554500.0
1740,2021-10-22 03:25:52,13700.0,2000.0,553500.0
1741,2021-10-22 03:25:02,13650.0,200.0,551500.0
1742,2021-10-22 03:24:58,13650.0,3000.0,551300.0
1743,2021-10-22 03:24:51,13650.0,200.0,548300.0
1744,2021-10-22 03:23:28,13600.0,300.0,548100.0
1745,2021-10-22 03:23:03,13650.0,500.0,547800.0
1746,2021-10-22 03:22:49,13650.0,1000.0,547300.0
1747,2021-10-22 03:22:49,13650.0,1000.0,546300.0
1748,2021-10-22 03:22:49,13650.0,100.0,545300.0
1749,2021-10-22 03:22:49,13650.0,100.0,545200.0
1750,2021-10-22 03:22:49,13650.0,1000.0,545100.0
1751,2021-10-22 03:22:49,13650.0,3000.0,544100.0
1752,2021-10-22 03:22:49,13650.0,100.0,541100.0
1753,2021-10-22 03:22:23,13650.0,500.0,541000.0
1754,2021-10-22 03:21:53,13700.0,400.0,540500.0
1755,2021-10-22 03:20:29,13700.0,1000.0,540100.0
1756,2021-10-22 03:20:03,13700.0,10000.0,539100.0
1757,2021-10-22 03:20:00,13700.0,1000.0,529100.0
1758,2021-10-22 03:20:00,13700.0,5000.0,528100.0
1759,2021-10-22 03:20:00,13700.0,10000.0,523100.0
1760,2021-10-22 03:20:00,13700.0,600.0,513100.0
1761,2021-10-22 03:20:00,13700.0,100.0,512500.0
1762,2021-10-22 03:20:00,13700.0,1000.0,512400.0
1763,2021-10-22 03:20:00,13700.0,3000.0,511400.0
1764,2021-10-22 03:20:00,13700.0,400.0,508400.0
1765,2021-10-22 03:20:00,13700.0,500.0,508000.0
1766,2021-10-22 03:20:00,13700.0,2000.0,507500.0
1767,2021-10-22 03:20:00,13700.0,200.0,505500.0
1768,2021-10-22 03:20:00,13700.0,200.0,505300.0
1769,2021-10-22 03:20:00,13700.0,200.0,505100.0
1770,2021-10-22 03:20:00,13700.0,3000.0,504900.0
1771,2021-10-22 03:20:00,13700.0,1000.0,501900.0
1772,2021-10-22 03:20:00,13700.0,200.0,500900.0
1773,2021-10-22 03:20:00,13700.0,1000.0,500700.0
1774,2021-10-22 03:20:00,13700.0,500.0,499700.0
1775,2021-10-22 03:20:00,13700.0,300.0,499200.0
1776,2021-10-22 03:20:00,13700.0,200.0,498900.0
1777,2021-10-22 03:19:56,13700.0,300.0,498700.0
1778,2021-10-22 03:19:56,13700.0,700.0,498400.0
1779,2021-10-22 03:19:56,13700.0,500.0,497700.0
1780,2021-10-22 03:19:56,13700.0,2500.0,497200.0
1781,2021-10-22 03:19:42,13700.0,300.0,494700.0
1782,2021-10-22 03:19:35,13700.0,1000.0,494400.0
1783,2021-10-22 03:19:30,13700.0,600.0,493400.0
1784,2021-10-22 03:19:14,13700.0,600.0,492800.0
1785,2021-10-22 03:18:55,13700.0,500.0,492200.0
1786,2021-10-22 03:18:34,13700.0,2300.0,491700.0
1787,2021-10-22 03:18:22,13700.0,100.0,489400.0
1788,2021-10-22 03:17:53,13700.0,100.0,489300.0
1789,2021-10-22 03:17:33,13700.0,2000.0,489200.0
1790,2021-10-22 03:17:06,13700.0,2200.0,487200.0
1791,2021-10-22 03:16:55,13700.0,300.0,485000.0
1792,2021-10-22 03:16:51,13700.0,4000.0,484700.0
1793,2021-10-22 03:16:38,13700.0,200.0,480700.0
1794,2021-10-22 03:16:06,13700.0,100.0,480500.0
1795,2021-10-22 03:15:24,13700.0,100.0,480400.0
1796,2021-10-22 03:15:16,13700.0,3500.0,480300.0
1797,2021-10-22 03:14:57,13700.0,400.0,476800.0
1798,2021-10-22 03:14:48,13700.0,100.0,476400.0
1799,2021-10-22 03:14:33,13700.0,100.0,476300.0
1800,2021-10-22 03:14:24,13700.0,400.0,476200.0
1801,2021-10-22 03:14:22,13700.0,1000.0,475800.0
1802,2021-10-22 03:14:13,13700.0,500.0,474800.0
1803,2021-10-22 03:13:54,13700.0,500.0,474300.0
1804,2021-10-22 03:13:51,13700.0,1000.0,473800.0
1805,2021-10-22 03:13:34,13700.0,5000.0,472800.0
1806,2021-10-22 03:13:26,13700.0,2000.0,467800.0
1807,2021-10-22 03:13:09,13700.0,1100.0,465800.0
1808,2021-10-22 03:11:18,13750.0,200.0,464700.0
1809,2021-10-22 03:11:18,13750.0,100.0,464500.0
1810,2021-10-22 03:11:12,13750.0,900.0,464400.0
1811,2021-10-22 03:11:12,13750.0,1100.0,463500.0
1812,2021-10-22 03:08:42,13750.0,1000.0,462400.0
1813,2021-10-22 03:08:36,13700.0,900.0,461400.0
1814,2021-10-22 03:08:06,13750.0,1000.0,460500.0
1815,2021-10-22 03:07:42,13700.0,500.0,459500.0
1816,2021-10-22 03:07:01,13750.0,100.0,459000.0
1817,2021-10-22 03:06:38,13750.0,200.0,458900.0
1818,2021-10-22 03:05:57,13750.0,200.0,458700.0
1819,2021-10-22 03:05:22,13750.0,100.0,458500.0
1820,2021-10-22 03:04:48,13700.0,2000.0,458400.0
1821,2021-10-22 03:04:46,13700.0,100.0,456400.0
1822,2021-10-22 03:04:33,13700.0,400.0,456300.0
1823,2021-10-22 03:04:33,13750.0,300.0,455900.0
1824,2021-10-22 03:03:53,13700.0,600.0,455600.0
1825,2021-10-22 03:03:33,13700.0,600.0,455000.0
1826,2021-10-22 03:03:04,13700.0,1000.0,454400.0
1827,2021-10-22 03:02:44,13700.0,500.0,453400.0
1828,2021-10-22 03:02:17,13700.0,500.0,452900.0
1829,2021-10-22 03:02:08,13750.0,1000.0,452400.0
1830,2021-10-22 03:02:08,13750.0,200.0,451400.0
1831,2021-10-22 03:02:08,13750.0,300.0,451200.0
1832,2021-10-22 03:01:41,13750.0,200.0,450900.0
1833,2021-10-22 03:01:41,13750.0,1000.0,450700.0
1834,2021-10-22 03:01:41,13750.0,1000.0,449700.0
1835,2021-10-22 03:01:41,13750.0,1000.0,448700.0
1836,2021-10-22 03:01:41,13750.0,100.0,447700.0
1837,2021-10-22 03:01:41,13750.0,3000.0,447600.0
1838,2021-10-22 03:01:41,13750.0,700.0,444600.0
1839,2021-10-22 03:01:33,13750.0,400.0,443900.0
1840,2021-10-22 03:01:33,13750.0,600.0,443500.0
1841,2021-10-22 03:01:04,13750.0,200.0,442900.0
1842,2021-10-22 03:01:04,13750.0,4800.0,442700.0
1843,2021-10-22 03:00:50,13700.0,4000.0,437900.0
1844,2021-10-22 03:00:38,13750.0,1000.0,433900.0
1845,2021-10-22 03:00:17,13750.0,2000.0,432900.0
1846,2021-10-22 02:59:57,13750.0,200.0,430900.0
1847,2021-10-22 02:59:07,13700.0,1200.0,430700.0
1848,2021-10-22 02:59:03,13700.0,100.0,429500.0
1849,2021-10-22 02:59:03,13700.0,900.0,429400.0
1850,2021-10-22 02:59:03,13700.0,1000.0,428500.0
1851,2021-10-22 02:59:03,13700.0,10000.0,427500.0
1852,2021-10-22 02:59:03,13700.0,1000.0,417500.0
1853,2021-10-22 02:59:03,13700.0,1000.0,416500.0
1854,2021-10-22 02:59:03,13700.0,300.0,415500.0
1855,2021-10-22 02:59:03,13700.0,200.0,415200.0
1856,2021-10-22 02:59:03,13700.0,1000.0,415000.0
1857,2021-10-22 02:59:03,13700.0,9900.0,414000.0
1858,2021-10-22 02:59:03,13700.0,100.0,404100.0
1859,2021-10-22 02:59:03,13700.0,200.0,404000.0
1860,2021-10-22 02:59:03,13700.0,800.0,403800.0
1861,2021-10-22 02:59:03,13700.0,100.0,403000.0
1862,2021-10-22 02:59:03,13700.0,6000.0,402900.0
1863,2021-10-22 02:59:03,13700.0,2000.0,396900.0
1864,2021-10-22 02:59:03,13700.0,1000.0,394900.0
1865,2021-10-22 02:59:03,13700.0,400.0,393900.0
1866,2021-10-22 02:59:03,13700.0,100.0,393500.0
1867,2021-10-22 02:59:03,13700.0,400.0,393400.0
1868,2021-10-22 02:59:03,13700.0,1000.0,393000.0
1869,2021-10-22 02:59:03,13700.0,200.0,392000.0
1870,2021-10-22 02:59:03,13700.0,4400.0,391800.0
1871,2021-10-22 02:59:03,13650.0,10000.0,387400.0
1872,2021-10-22 02:59:03,13650.0,1500.0,377400.0
1873,2021-10-22 02:59:03,13650.0,800.0,375900.0
1874,2021-10-22 02:59:03,13650.0,800.0,375100.0
1875,2021-10-22 02:59:02,13600.0,600.0,374300.0
1876,2021-10-22 02:59:00,13650.0,1200.0,373700.0
1877,2021-10-22 02:59:00,13650.0,100.0,372500.0
1878,2021-10-22 02:59:00,13650.0,400.0,372400.0
1879,2021-10-22 02:58:35,13600.0,100.0,372000.0
1880,2021-10-22 02:58:02,13600.0,100.0,371900.0
1881,2021-10-22 02:57:37,13600.0,400.0,371800.0
1882,2021-10-22 02:57:37,13600.0,100.0,371400.0
1883,2021-10-22 02:57:37,13600.0,200.0,371300.0
1884,2021-10-22 02:57:24,13650.0,500.0,371100.0
1885,2021-10-22 02:57:16,13600.0,200.0,370600.0
1886,2021-10-22 02:55:11,13600.0,4200.0,370400.0
1887,2021-10-22 02:54:59,13600.0,300.0,366200.0
1888,2021-10-22 02:54:23,13600.0,100.0,365900.0
1889,2021-10-22 02:54:04,13650.0,500.0,365800.0
1890,2021-10-22 02:54:04,13650.0,100.0,365300.0
1891,2021-10-22 02:54:04,13650.0,2500.0,365200.0
1892,2021-10-22 02:53:53,13650.0,5000.0,362700.0
1893,2021-10-22 02:53:42,13650.0,1000.0,357700.0
1894,2021-10-22 02:53:28,13650.0,1500.0,356700.0
1895,2021-10-22 02:53:28,13650.0,500.0,355200.0
1896,2021-10-22 02:53:04,13650.0,400.0,354700.0
1897,2021-10-22 02:53:04,13650.0,500.0,354300.0
1898,2021-10-22 02:53:04,13650.0,200.0,353800.0
1899,2021-10-22 02:53:04,13650.0,3900.0,353600.0
1900,2021-10-22 02:52:28,13650.0,500.0,349700.0
1901,2021-10-22 02:51:51,13650.0,500.0,349200.0
1902,2021-10-22 02:51:33,13650.0,2000.0,348700.0
1903,2021-10-22 02:50:37,13650.0,72000.0,346700.0
1904,2021-10-22 02:50:32,13650.0,2800.0,274700.0
1905,2021-10-22 02:50:26,13650.0,14500.0,271900.0
1906,2021-10-22 02:50:22,13650.0,100.0,257400.0
1907,2021-10-22 02:50:06,13650.0,1000.0,257300.0
1908,2021-10-22 02:49:44,13650.0,500.0,256300.0
1909,2021-10-22 02:49:35,13650.0,1000.0,255800.0
1910,2021-10-22 02:49:24,13650.0,1000.0,254800.0
1911,2021-10-22 02:48:43,13650.0,200.0,253800.0
1912,2021-10-22 02:48:43,13650.0,10000.0,253600.0
1913,2021-10-22 02:48:43,13650.0,700.0,243600.0
1914,2021-10-22 02:48:42,13700.0,600.0,242900.0
1915,2021-10-22 02:48:42,13700.0,100.0,242300.0
1916,2021-10-22 02:48:42,13700.0,500.0,242200.0
1917,2021-10-22 02:48:42,13700.0,500.0,241700.0
1918,2021-10-22 02:48:42,13700.0,100.0,241200.0
1919,2021-10-22 02:48:42,13700.0,200.0,241100.0
1920,2021-10-22 02:48:31,13650.0,800.0,240900.0
1921,2021-10-22 02:48:31,13650.0,300.0,240100.0
1922,2021-10-22 02:48:31,13650.0,900.0,239800.0
1923,2021-10-22 02:48:30,13650.0,1000.0,238900.0
1924,2021-10-22 02:48:12,13650.0,1000.0,237900.0
1925,2021-10-22 02:47:53,13650.0,2000.0,236900.0
1926,2021-10-22 02:47:44,13650.0,1000.0,234900.0
1927,2021-10-22 02:46:41,13650.0,1000.0,233900.0
1928,2021-10-22 02:46:31,13650.0,10000.0,232900.0
1929,2021-10-22 02:46:10,13650.0,10000.0,222900.0
1930,2021-10-22 02:45:54,13650.0,10800.0,212900.0
1931,2021-10-22 02:45:27,13650.0,300.0,202100.0
1932,2021-10-22 02:44:26,13650.0,2000.0,201800.0
1933,2021-10-22 02:44:18,13650.0,100.0,199800.0
1934,2021-10-22 02:44:18,13650.0,900.0,199700.0
1935,2021-10-22 02:44:15,13650.0,200.0,198800.0
1936,2021-10-22 02:44:01,13650.0,3900.0,198600.0
1937,2021-10-22 02:44:01,13650.0,200.0,194700.0
1938,2021-10-22 02:44:01,13650.0,200.0,194500.0
1939,2021-10-22 02:44:01,13650.0,200.0,194300.0
1940,2021-10-22 02:44:01,13650.0,500.0,194100.0
1941,2021-10-22 02:43:56,13650.0,400.0,193600.0
1942,2021-10-22 02:43:56,13650.0,200.0,193200.0
1943,2021-10-22 02:43:56,13650.0,400.0,193000.0
1944,2021-10-22 02:43:38,13700.0,100.0,192600.0
1945,2021-10-22 02:43:31,13650.0,300.0,192500.0
1946,2021-10-22 02:43:30,13650.0,200.0,192200.0
1947,2021-10-22 02:42:27,13650.0,100.0,192000.0
1948,2021-10-22 02:42:27,13650.0,4900.0,191900.0
1949,2021-10-22 02:42:20,13650.0,200.0,187000.0
1950,2021-10-22 02:42:16,13650.0,300.0,186800.0
1951,2021-10-22 02:41:34,13650.0,500.0,186500.0
1952,2021-10-22 02:41:03,13650.0,1700.0,186000.0
1953,2021-10-22 02:40:47,13650.0,500.0,184300.0
1954,2021-10-22 02:40:43,13650.0,1800.0,183800.0
1955,2021-10-22 02:40:22,13650.0,100.0,182000.0
1956,2021-10-22 02:40:22,13650.0,400.0,181900.0
1957,2021-10-22 02:40:18,13650.0,100.0,181500.0
1958,2021-10-22 02:40:18,13650.0,100.0,181400.0
1959,2021-10-22 02:39:52,13650.0,200.0,181300.0
1960,2021-10-22 02:39:30,13650.0,100.0,181100.0
1961,2021-10-22 02:38:41,13650.0,100.0,181000.0
1962,2021-10-22 02:38:34,13650.0,1000.0,180900.0
1963,2021-10-22 02:37:38,13650.0,1000.0,179900.0
1964,2021-10-22 02:34:09,13700.0,100.0,178900.0
1965,2021-10-22 02:33:19,13700.0,1000.0,178800.0
1966,2021-10-22 02:33:14,13700.0,100.0,177800.0
1967,2021-10-22 02:33:06,13650.0,100.0,177700.0
1968,2021-10-22 02:32:37,13700.0,700.0,177600.0
1969,2021-10-22 02:32:37,13700.0,300.0,176900.0
1970,2021-10-22 02:32:25,13700.0,100.0,176600.0
1971,2021-10-22 02:32:21,13650.0,300.0,176500.0
1972,2021-10-22 02:31:34,13650.0,2100.0,176200.0
1973,2021-10-22 02:31:34,13650.0,100.0,174100.0
1974,2021-10-22 02:31:34,13650.0,2000.0,174000.0
1975,2021-10-22 02:31:34,13650.0,2600.0,172000.0
1976,2021-10-22 02:31:23,13700.0,100.0,169400.0
1977,2021-10-22 02:31:03,13700.0,100.0,169300.0
1978,2021-10-22 02:31:03,13700.0,200.0,169200.0
1979,2021-10-22 02:31:01,13700.0,100.0,169000.0
1980,2021-10-22 02:30:32,13700.0,500.0,168900.0
1981,2021-10-22 02:30:22,13700.0,1000.0,168400.0
1982,2021-10-22 02:30:21,13700.0,1000.0,167400.0
1983,2021-10-22 02:30:20,13700.0,200.0,166400.0
1984,2021-10-22 02:30:03,13700.0,400.0,166200.0
1985,2021-10-22 02:30:03,13700.0,900.0,165800.0
1986,2021-10-22 02:30:03,13700.0,500.0,164900.0
1987,2021-10-22 02:30:03,13700.0,200.0,164400.0
1988,2021-10-22 02:30:01,13700.0,100.0,164200.0
1989,2021-10-22 02:30:01,13700.0,100.0,164100.0
1990,2021-10-22 02:30:01,13700.0,400.0,164000.0
1991,2021-10-22 02:30:01,13700.0,100.0,163600.0
1992,2021-10-22 02:30:01,13700.0,1000.0,163500.0
1993,2021-10-22 02:30:01,13700.0,100.0,162500.0
1994,2021-10-22 02:30:01,13700.0,3000.0,162400.0
1995,2021-10-22 02:30:01,13700.0,500.0,159400.0
1996,2021-10-22 02:30:01,13700.0,2700.0,158900.0
1997,2021-10-22 02:29:45,13750.0,2700.0,156200.0
1998,2021-10-22 02:28:57,13750.0,700.0,153500.0
1999,2021-10-22 02:28:40,13700.0,100.0,152800.0
2000,2021-10-22 02:28:32,13700.0,200.0,152700.0
2001,2021-10-22 02:28:32,13700.0,200.0,152500.0
2002,2021-10-22 02:28:32,13700.0,300.0,152300.0
2003,2021-10-22 02:28:32,13700.0,1800.0,152000.0
2004,2021-10-22 02:28:23,13700.0,1000.0,150200.0
2005,2021-10-22 02:27:51,13700.0,100.0,149200.0
2006,2021-10-22 02:27:27,13700.0,4500.0,149100.0
2007,2021-10-22 02:27:17,13700.0,100.0,144600.0
2008,2021-10-22 02:27:07,13700.0,2000.0,144500.0
2009,2021-10-22 02:27:05,13750.0,2000.0,142500.0
2010,2021-10-22 02:26:41,13700.0,100.0,140500.0
2011,2021-10-22 02:26:24,13700.0,5400.0,140400.0
2012,2021-10-22 02:26:24,13700.0,1000.0,135000.0
2013,2021-10-22 02:26:24,13700.0,1000.0,134000.0
2014,2021-10-22 02:26:24,13700.0,500.0,133000.0
2015,2021-10-22 02:26:24,13750.0,1800.0,132500.0
2016,2021-10-22 02:26:21,13750.0,100.0,130700.0
2017,2021-10-22 02:26:05,13750.0,400.0,130600.0
2018,2021-10-22 02:25:49,13750.0,500.0,130200.0
2019,2021-10-22 02:25:49,13750.0,1500.0,129700.0
2020,2021-10-22 02:25:35,13750.0,400.0,128200.0
2021,2021-10-22 02:25:35,13750.0,1000.0,127800.0
2022,2021-10-22 02:25:35,13750.0,1000.0,126800.0
2023,2021-10-22 02:25:35,13750.0,1000.0,125800.0
2024,2021-10-22 02:25:35,13750.0,100.0,124800.0
2025,2021-10-22 02:25:35,13750.0,1700.0,124700.0
2026,2021-10-22 02:25:35,13750.0,500.0,123000.0
2027,2021-10-22 02:25:35,13750.0,500.0,122500.0
2028,2021-10-22 02:25:35,13750.0,300.0,122000.0
2029,2021-10-22 02:25:35,13750.0,1700.0,121700.0
2030,2021-10-22 02:25:17,13750.0,1300.0,120000.0
2031,2021-10-22 02:25:02,13800.0,1400.0,118700.0
2032,2021-10-22 02:25:02,13800.0,400.0,117300.0
2033,2021-10-22 02:25:02,13800.0,1600.0,116900.0
2034,2021-10-22 02:24:51,13800.0,400.0,115300.0
2035,2021-10-22 02:24:51,13800.0,100.0,114900.0
2036,2021-10-22 02:24:31,13800.0,100.0,114800.0
2037,2021-10-22 02:24:25,13800.0,800.0,114700.0
2038,2021-10-22 02:24:25,13800.0,100.0,113900.0
2039,2021-10-22 02:24:25,13800.0,100.0,113800.0
2040,2021-10-22 02:24:18,13800.0,2900.0,113700.0
2041,2021-10-22 02:24:18,13800.0,100.0,110800.0
2042,2021-10-22 02:23:48,13800.0,900.0,110700.0
2043,2021-10-22 02:23:48,13800.0,1000.0,109800.0
2044,2021-10-22 02:23:48,13800.0,500.0,108800.0
2045,2021-10-22 02:23:48,13800.0,100.0,108300.0
2046,2021-10-22 02:23:48,13800.0,100.0,108200.0
2047,2021-10-22 02:23:48,13800.0,500.0,108100.0
2048,2021-10-22 02:23:48,13800.0,200.0,107600.0
2049,2021-10-22 02:23:48,13800.0,1000.0,107400.0
2050,2021-10-22 02:23:48,13800.0,700.0,106400.0
2051,2021-10-22 02:23:45,13800.0,1300.0,105700.0
2052,2021-10-22 02:23:45,13800.0,500.0,104400.0
2053,2021-10-22 02:23:45,13800.0,1000.0,103900.0
2054,2021-10-22 02:23:45,13800.0,200.0,102900.0
2055,2021-10-22 02:23:39,13800.0,200.0,102700.0
2056,2021-10-22 02:23:36,13800.0,500.0,102500.0
2057,2021-10-22 02:22:47,13800.0,800.0,102000.0
2058,2021-10-22 02:22:41,13800.0,3300.0,101200.0
2059,2021-10-22 02:22:41,13800.0,1000.0,97900.0
2060,2021-10-22 02:22:41,13800.0,100.0,96900.0
