,Time,Price,Volume_per_trade,Volume
0,2021-10-19 07:45:01,53600.0,100.0,6570500.0
1,2021-10-19 07:45:01,53600.0,100.0,6570400.0
2,2021-10-19 07:45:01,53600.0,400.0,6570300.0
3,2021-10-19 07:45:01,53600.0,100.0,6569900.0
4,2021-10-19 07:45:01,53600.0,800.0,6569800.0
5,2021-10-19 07:45:01,53600.0,1400.0,6569000.0
6,2021-10-19 07:45:01,53600.0,1000.0,6567600.0
7,2021-10-19 07:45:01,53600.0,100.0,6566600.0
8,2021-10-19 07:45:01,53600.0,200.0,6566500.0
9,2021-10-19 07:45:01,53600.0,1000.0,6566300.0
10,2021-10-19 07:45:01,53600.0,1300.0,6565300.0
11,2021-10-19 07:45:01,53600.0,200.0,6564000.0
12,2021-10-19 07:45:01,53600.0,400.0,6563800.0
13,2021-10-19 07:45:01,53600.0,5800.0,6563400.0
14,2021-10-19 07:45:01,53600.0,1000.0,6557600.0
15,2021-10-19 07:45:01,53600.0,100.0,6556600.0
16,2021-10-19 07:45:01,53600.0,500.0,6556500.0
17,2021-10-19 07:45:01,53600.0,100.0,6556000.0
18,2021-10-19 07:45:01,53600.0,100.0,6555900.0
19,2021-10-19 07:45:01,53600.0,500.0,6555800.0
20,2021-10-19 07:45:01,53600.0,100.0,6555300.0
21,2021-10-19 07:45:01,53600.0,200.0,6555200.0
22,2021-10-19 07:45:01,53600.0,500.0,6555000.0
23,2021-10-19 07:45:01,53600.0,1000.0,6554500.0
24,2021-10-19 07:45:01,53600.0,100.0,6553500.0
25,2021-10-19 07:45:01,53600.0,100.0,6553400.0
26,2021-10-19 07:45:01,53600.0,5000.0,6553300.0
27,2021-10-19 07:45:01,53600.0,1000.0,6548300.0
28,2021-10-19 07:45:01,53600.0,1000.0,6547300.0
29,2021-10-19 07:45:01,53600.0,100.0,6546300.0
30,2021-10-19 07:45:01,53600.0,100.0,6546200.0
31,2021-10-19 07:45:01,53600.0,1000.0,6546100.0
32,2021-10-19 07:45:01,53600.0,2000.0,6545100.0
33,2021-10-19 07:45:01,53600.0,200.0,6543100.0
34,2021-10-19 07:45:01,53600.0,300.0,6542900.0
35,2021-10-19 07:45:01,53600.0,300.0,6542600.0
36,2021-10-19 07:45:01,53600.0,700.0,6542300.0
37,2021-10-19 07:45:01,53600.0,3200.0,6541600.0
38,2021-10-19 07:45:01,53600.0,500.0,6538400.0
39,2021-10-19 07:45:01,53600.0,1800.0,6537900.0
40,2021-10-19 07:45:01,53600.0,100.0,6536100.0
41,2021-10-19 07:45:01,53600.0,100.0,6536000.0
42,2021-10-19 07:45:01,53600.0,500.0,6535900.0
43,2021-10-19 07:45:01,53600.0,2000.0,6535400.0
44,2021-10-19 07:45:01,53600.0,300.0,6533400.0
45,2021-10-19 07:45:01,53600.0,300.0,6533100.0
46,2021-10-19 07:45:01,53600.0,1200.0,6532800.0
47,2021-10-19 07:45:01,53600.0,2000.0,6531600.0
48,2021-10-19 07:45:01,53600.0,1600.0,6529600.0
49,2021-10-19 07:45:01,53600.0,100.0,6528000.0
50,2021-10-19 07:45:01,53600.0,200.0,6527900.0
51,2021-10-19 07:45:01,53600.0,1900.0,6527700.0
52,2021-10-19 07:45:01,53600.0,100.0,6525800.0
53,2021-10-19 07:45:01,53600.0,100.0,6525700.0
54,2021-10-19 07:45:01,53600.0,1800.0,6525600.0
55,2021-10-19 07:45:01,53600.0,2600.0,6523800.0
56,2021-10-19 07:45:01,53600.0,100.0,6521200.0
57,2021-10-19 07:45:01,53600.0,700.0,6521100.0
58,2021-10-19 07:45:01,53600.0,500.0,6520400.0
59,2021-10-19 07:45:01,53600.0,7300.0,6519900.0
60,2021-10-19 07:45:01,53600.0,2700.0,6512600.0
61,2021-10-19 07:45:01,53600.0,1200.0,6509900.0
62,2021-10-19 07:45:01,53600.0,100.0,6508700.0
63,2021-10-19 07:45:01,53600.0,100.0,6508600.0
64,2021-10-19 07:45:01,53600.0,100.0,6508500.0
65,2021-10-19 07:45:01,53600.0,800.0,6508400.0
66,2021-10-19 07:45:01,53600.0,200.0,6507600.0
67,2021-10-19 07:45:01,53600.0,100.0,6507400.0
68,2021-10-19 07:45:01,53600.0,200.0,6507300.0
69,2021-10-19 07:45:01,53600.0,700.0,6507100.0
70,2021-10-19 07:45:01,53600.0,200.0,6506400.0
71,2021-10-19 07:45:01,53600.0,1000.0,6506200.0
72,2021-10-19 07:45:01,53600.0,1800.0,6505200.0
73,2021-10-19 07:45:01,53600.0,200.0,6503400.0
74,2021-10-19 07:45:01,53600.0,800.0,6503200.0
75,2021-10-19 07:45:01,53600.0,200.0,6502400.0
76,2021-10-19 07:29:58,53500.0,300.0,6502200.0
77,2021-10-19 07:29:58,53500.0,200.0,6501900.0
78,2021-10-19 07:29:54,53500.0,300.0,6501700.0
79,2021-10-19 07:29:54,53500.0,100.0,6501400.0
80,2021-10-19 07:29:54,53500.0,200.0,6501300.0
81,2021-10-19 07:29:54,53500.0,600.0,6501100.0
82,2021-10-19 07:29:54,53500.0,1000.0,6500500.0
83,2021-10-19 07:29:54,53500.0,500.0,6499500.0
84,2021-10-19 07:29:54,53500.0,400.0,6499000.0
85,2021-10-19 07:29:54,53500.0,500.0,6498600.0
86,2021-10-19 07:29:54,53500.0,1400.0,6498100.0
87,2021-10-19 07:29:53,53500.0,100.0,6496700.0
88,2021-10-19 07:29:50,53500.0,500.0,6496600.0
89,2021-10-19 07:29:50,53500.0,100.0,6496100.0
90,2021-10-19 07:29:50,53500.0,2800.0,6496000.0
91,2021-10-19 07:29:50,53500.0,100.0,6493200.0
92,2021-10-19 07:29:50,53500.0,500.0,6493100.0
93,2021-10-19 07:29:50,53500.0,1000.0,6492600.0
94,2021-10-19 07:29:50,53500.0,100.0,6491600.0
95,2021-10-19 07:29:50,53500.0,500.0,6491500.0
96,2021-10-19 07:29:50,53500.0,300.0,6491000.0
97,2021-10-19 07:29:50,53500.0,100.0,6490700.0
98,2021-10-19 07:29:50,53500.0,100.0,6490600.0
99,2021-10-19 07:29:50,53500.0,100.0,6490500.0
100,2021-10-19 07:29:50,53500.0,1800.0,6490400.0
101,2021-10-19 07:29:50,53500.0,500.0,6488600.0
102,2021-10-19 07:29:50,53500.0,200.0,6488100.0
103,2021-10-19 07:29:50,53500.0,1000.0,6487900.0
104,2021-10-19 07:29:50,53500.0,500.0,6486900.0
105,2021-10-19 07:29:50,53500.0,400.0,6486400.0
106,2021-10-19 07:29:50,53500.0,200.0,6486000.0
107,2021-10-19 07:29:50,53500.0,200.0,6485800.0
108,2021-10-19 07:29:50,53500.0,300.0,6485600.0
109,2021-10-19 07:29:50,53500.0,1500.0,6485300.0
110,2021-10-19 07:29:50,53500.0,100.0,6483800.0
111,2021-10-19 07:29:50,53500.0,100.0,6483700.0
112,2021-10-19 07:29:50,53500.0,500.0,6483600.0
113,2021-10-19 07:29:50,53500.0,2300.0,6483100.0
114,2021-10-19 07:29:50,53500.0,100.0,6480800.0
115,2021-10-19 07:29:50,53500.0,200.0,6480700.0
116,2021-10-19 07:29:50,53500.0,100.0,6480500.0
117,2021-10-19 07:29:50,53500.0,3800.0,6480400.0
118,2021-10-19 07:29:49,53500.0,100.0,6476600.0
119,2021-10-19 07:29:36,53600.0,1000.0,6476500.0
120,2021-10-19 07:29:32,53500.0,100.0,6475500.0
121,2021-10-19 07:29:08,53500.0,100.0,6475400.0
122,2021-10-19 07:29:04,53600.0,1000.0,6475300.0
123,2021-10-19 07:29:04,53600.0,2000.0,6474300.0
124,2021-10-19 07:28:59,53600.0,1000.0,6472300.0
125,2021-10-19 07:28:49,53600.0,200.0,6471300.0
126,2021-10-19 07:28:45,53600.0,300.0,6471100.0
127,2021-10-19 07:28:45,53500.0,100.0,6470800.0
128,2021-10-19 07:28:44,53500.0,800.0,6470700.0
129,2021-10-19 07:28:44,53500.0,200.0,6469900.0
130,2021-10-19 07:28:44,53500.0,100.0,6469700.0
131,2021-10-19 07:28:44,53500.0,500.0,6469600.0
132,2021-10-19 07:28:44,53500.0,300.0,6469100.0
133,2021-10-19 07:28:44,53500.0,5000.0,6468800.0
134,2021-10-19 07:28:44,53500.0,100.0,6463800.0
135,2021-10-19 07:28:44,53500.0,3000.0,6463700.0
136,2021-10-19 07:28:42,53600.0,1000.0,6460700.0
137,2021-10-19 07:28:40,53500.0,100.0,6459700.0
138,2021-10-19 07:28:35,53500.0,1000.0,6459600.0
139,2021-10-19 07:28:34,53500.0,700.0,6458600.0
140,2021-10-19 07:28:34,53500.0,300.0,6457900.0
141,2021-10-19 07:28:20,53500.0,1000.0,6457600.0
142,2021-10-19 07:28:19,53500.0,1000.0,6456600.0
143,2021-10-19 07:28:16,53500.0,900.0,6455600.0
144,2021-10-19 07:28:16,53500.0,100.0,6454700.0
145,2021-10-19 07:28:14,53600.0,100.0,6454600.0
146,2021-10-19 07:28:14,53600.0,500.0,6454500.0
147,2021-10-19 07:28:13,53600.0,500.0,6454000.0
148,2021-10-19 07:28:13,53600.0,1000.0,6453500.0
149,2021-10-19 07:28:12,53600.0,1500.0,6452500.0
150,2021-10-19 07:28:11,53600.0,2100.0,6451000.0
151,2021-10-19 07:28:10,53600.0,100.0,6448900.0
152,2021-10-19 07:28:09,53500.0,200.0,6448800.0
153,2021-10-19 07:28:09,53500.0,500.0,6448600.0
154,2021-10-19 07:28:09,53500.0,300.0,6448100.0
155,2021-10-19 07:28:08,53500.0,700.0,6447800.0
156,2021-10-19 07:28:08,53500.0,100.0,6447100.0
157,2021-10-19 07:28:08,53500.0,1000.0,6447000.0
158,2021-10-19 07:28:08,53500.0,1000.0,6446000.0
159,2021-10-19 07:28:08,53500.0,500.0,6445000.0
160,2021-10-19 07:28:08,53500.0,300.0,6444500.0
161,2021-10-19 07:28:08,53500.0,100.0,6444200.0
162,2021-10-19 07:28:08,53500.0,100.0,6444100.0
163,2021-10-19 07:28:08,53500.0,100.0,6444000.0
164,2021-10-19 07:28:08,53500.0,100.0,6443900.0
165,2021-10-19 07:28:08,53500.0,300.0,6443800.0
166,2021-10-19 07:28:08,53500.0,400.0,6443500.0
167,2021-10-19 07:28:08,53500.0,200.0,6443100.0
168,2021-10-19 07:28:08,53500.0,100.0,6442900.0
169,2021-10-19 07:28:04,53600.0,100.0,6442800.0
170,2021-10-19 07:27:49,53600.0,1800.0,6442700.0
171,2021-10-19 07:27:49,53600.0,3200.0,6440900.0
172,2021-10-19 07:27:45,53500.0,400.0,6437700.0
173,2021-10-19 07:27:45,53500.0,3600.0,6437300.0
174,2021-10-19 07:27:41,53600.0,200.0,6433700.0
175,2021-10-19 07:27:35,53500.0,100.0,6433500.0
176,2021-10-19 07:27:26,53600.0,200.0,6433400.0
177,2021-10-19 07:27:25,53500.0,100.0,6433200.0
178,2021-10-19 07:27:18,53600.0,2000.0,6433100.0
179,2021-10-19 07:27:15,53500.0,1000.0,6431100.0
180,2021-10-19 07:27:06,53600.0,2000.0,6430100.0
181,2021-10-19 07:27:06,53500.0,10000.0,6428100.0
182,2021-10-19 07:26:38,53500.0,1000.0,6418100.0
183,2021-10-19 07:26:36,53600.0,500.0,6417100.0
184,2021-10-19 07:26:35,53500.0,10900.0,6416600.0
185,2021-10-19 07:26:30,53500.0,100.0,6405700.0
186,2021-10-19 07:26:27,53500.0,1000.0,6405600.0
187,2021-10-19 07:25:57,53500.0,100.0,6404600.0
188,2021-10-19 07:25:55,53500.0,200.0,6404500.0
189,2021-10-19 07:25:55,53500.0,500.0,6404300.0
190,2021-10-19 07:25:46,53500.0,1000.0,6403800.0
191,2021-10-19 07:25:41,53500.0,1100.0,6402800.0
192,2021-10-19 07:25:33,53500.0,100.0,6401700.0
193,2021-10-19 07:25:23,53500.0,2500.0,6401600.0
194,2021-10-19 07:25:01,53500.0,400.0,6399100.0
195,2021-10-19 07:25:00,53600.0,100.0,6398700.0
196,2021-10-19 07:24:58,53500.0,1000.0,6398600.0
197,2021-10-19 07:24:57,53500.0,100.0,6397600.0
198,2021-10-19 07:24:42,53500.0,400.0,6397500.0
199,2021-10-19 07:24:42,53500.0,400.0,6397100.0
200,2021-10-19 07:24:37,53500.0,4400.0,6396700.0
201,2021-10-19 07:24:37,53500.0,1400.0,6392300.0
202,2021-10-19 07:24:32,53500.0,1100.0,6390900.0
203,2021-10-19 07:24:21,53500.0,2500.0,6389800.0
204,2021-10-19 07:23:56,53500.0,100.0,6387300.0
205,2021-10-19 07:23:52,53500.0,500.0,6387200.0
206,2021-10-19 07:23:38,53500.0,1400.0,6386700.0
207,2021-10-19 07:23:38,53500.0,100.0,6385300.0
208,2021-10-19 07:23:38,53500.0,100.0,6385200.0
209,2021-10-19 07:23:38,53500.0,300.0,6385100.0
210,2021-10-19 07:23:38,53500.0,500.0,6384800.0
211,2021-10-19 07:23:38,53500.0,200.0,6384300.0
212,2021-10-19 07:23:38,53500.0,200.0,6384100.0
213,2021-10-19 07:23:38,53500.0,5800.0,6383900.0
214,2021-10-19 07:23:38,53500.0,1400.0,6378100.0
215,2021-10-19 07:23:31,53500.0,100.0,6376700.0
216,2021-10-19 07:23:31,53500.0,100.0,6376600.0
217,2021-10-19 07:23:19,53500.0,200.0,6376500.0
218,2021-10-19 07:23:19,53500.0,300.0,6376300.0
219,2021-10-19 07:23:19,53600.0,800.0,6376000.0
220,2021-10-19 07:23:18,53600.0,5000.0,6375200.0
221,2021-10-19 07:23:00,53600.0,300.0,6370200.0
222,2021-10-19 07:23:00,53600.0,5000.0,6369900.0
223,2021-10-19 07:22:55,53600.0,400.0,6364900.0
224,2021-10-19 07:22:55,53500.0,200.0,6364500.0
225,2021-10-19 07:22:55,53500.0,100.0,6364300.0
226,2021-10-19 07:22:55,53500.0,500.0,6364200.0
227,2021-10-19 07:22:55,53500.0,100.0,6363700.0
228,2021-10-19 07:22:55,53500.0,400.0,6363600.0
229,2021-10-19 07:22:55,53500.0,6700.0,6363200.0
230,2021-10-19 07:22:49,53500.0,100.0,6356500.0
231,2021-10-19 07:22:47,53500.0,300.0,6356400.0
232,2021-10-19 07:22:14,53600.0,500.0,6356100.0
233,2021-10-19 07:22:09,53600.0,100.0,6355600.0
234,2021-10-19 07:22:03,53600.0,200.0,6355500.0
235,2021-10-19 07:22:00,53500.0,100.0,6355300.0
236,2021-10-19 07:21:58,53500.0,2800.0,6355200.0
237,2021-10-19 07:21:50,53500.0,500.0,6352400.0
238,2021-10-19 07:21:50,53500.0,500.0,6351900.0
239,2021-10-19 07:21:50,53500.0,500.0,6351400.0
240,2021-10-19 07:21:49,53600.0,5000.0,6350900.0
241,2021-10-19 07:21:40,53500.0,500.0,6345900.0
242,2021-10-19 07:21:40,53500.0,100.0,6345400.0
243,2021-10-19 07:21:40,53500.0,200.0,6345300.0
244,2021-10-19 07:21:40,53500.0,100.0,6345100.0
245,2021-10-19 07:21:40,53500.0,500.0,6345000.0
246,2021-10-19 07:21:40,53500.0,1000.0,6344500.0
247,2021-10-19 07:21:40,53500.0,1100.0,6343500.0
248,2021-10-19 07:21:36,53600.0,200.0,6342400.0
249,2021-10-19 07:21:22,53500.0,3900.0,6342200.0
250,2021-10-19 07:21:16,53600.0,1000.0,6338300.0
251,2021-10-19 07:21:11,53600.0,3000.0,6337300.0
252,2021-10-19 07:21:11,53600.0,2000.0,6334300.0
253,2021-10-19 07:21:11,53600.0,100.0,6332300.0
254,2021-10-19 07:21:11,53600.0,2000.0,6332200.0
255,2021-10-19 07:21:11,53600.0,200.0,6330200.0
256,2021-10-19 07:21:11,53600.0,100.0,6330000.0
257,2021-10-19 07:21:11,53600.0,4900.0,6329900.0
258,2021-10-19 07:21:11,53600.0,200.0,6325000.0
259,2021-10-19 07:21:11,53600.0,100.0,6324800.0
260,2021-10-19 07:21:11,53600.0,100.0,6324700.0
261,2021-10-19 07:21:11,53600.0,100.0,6324600.0
262,2021-10-19 07:21:11,53600.0,1000.0,6324500.0
263,2021-10-19 07:21:11,53600.0,300.0,6323500.0
264,2021-10-19 07:21:11,53600.0,2900.0,6323200.0
265,2021-10-19 07:21:11,53600.0,700.0,6320300.0
266,2021-10-19 07:21:11,53600.0,1000.0,6319600.0
267,2021-10-19 07:21:11,53600.0,200.0,6318600.0
268,2021-10-19 07:21:11,53600.0,5000.0,6318400.0
269,2021-10-19 07:21:11,53600.0,500.0,6313400.0
270,2021-10-19 07:21:09,53600.0,500.0,6312900.0
271,2021-10-19 07:21:03,53600.0,1000.0,6312400.0
272,2021-10-19 07:21:03,53600.0,200.0,6311400.0
273,2021-10-19 07:21:00,53600.0,200.0,6311200.0
274,2021-10-19 07:21:00,53600.0,100.0,6311000.0
275,2021-10-19 07:20:59,53700.0,7000.0,6310900.0
276,2021-10-19 07:20:56,53600.0,500.0,6303900.0
277,2021-10-19 07:20:55,53600.0,2000.0,6303400.0
278,2021-10-19 07:20:54,53600.0,3000.0,6301400.0
279,2021-10-19 07:20:53,53600.0,200.0,6298400.0
280,2021-10-19 07:20:50,53600.0,4200.0,6298200.0
281,2021-10-19 07:20:50,53600.0,1500.0,6294000.0
282,2021-10-19 07:20:50,53600.0,100.0,6292500.0
283,2021-10-19 07:20:50,53600.0,300.0,6292400.0
284,2021-10-19 07:20:36,53600.0,100.0,6292100.0
285,2021-10-19 07:20:36,53600.0,200.0,6292000.0
286,2021-10-19 07:20:24,53700.0,200.0,6291800.0
287,2021-10-19 07:20:15,53600.0,100.0,6291600.0
288,2021-10-19 07:20:15,53600.0,100.0,6291500.0
289,2021-10-19 07:20:15,53600.0,800.0,6291400.0
290,2021-10-19 07:20:04,53700.0,6200.0,6290600.0
291,2021-10-19 07:20:04,53700.0,300.0,6284400.0
292,2021-10-19 07:20:04,53700.0,3500.0,6284100.0
293,2021-10-19 07:20:04,53600.0,200.0,6280600.0
294,2021-10-19 07:20:03,53600.0,200.0,6280400.0
295,2021-10-19 07:19:57,53600.0,800.0,6280200.0
296,2021-10-19 07:19:57,53600.0,100.0,6279400.0
297,2021-10-19 07:19:57,53600.0,200.0,6279300.0
298,2021-10-19 07:19:57,53600.0,900.0,6279100.0
299,2021-10-19 07:19:54,53700.0,200.0,6278200.0
300,2021-10-19 07:19:52,53600.0,300.0,6278000.0
301,2021-10-19 07:19:42,53700.0,5000.0,6277700.0
302,2021-10-19 07:19:35,53600.0,100.0,6272700.0
303,2021-10-19 07:18:44,53700.0,5000.0,6272600.0
304,2021-10-19 07:18:44,53600.0,700.0,6267600.0
305,2021-10-19 07:18:44,53600.0,1300.0,6266900.0
306,2021-10-19 07:18:28,53600.0,700.0,6265600.0
307,2021-10-19 07:18:28,53600.0,2300.0,6264900.0
308,2021-10-19 07:18:25,53600.0,100.0,6262600.0
309,2021-10-19 07:18:24,53600.0,400.0,6262500.0
310,2021-10-19 07:18:17,53700.0,100.0,6262100.0
311,2021-10-19 07:18:08,53600.0,1000.0,6262000.0
312,2021-10-19 07:18:07,53600.0,2000.0,6261000.0
313,2021-10-19 07:17:45,53600.0,4000.0,6259000.0
314,2021-10-19 07:17:32,53600.0,200.0,6255000.0
315,2021-10-19 07:17:14,53600.0,1000.0,6254800.0
316,2021-10-19 07:17:12,53600.0,1000.0,6253800.0
317,2021-10-19 07:17:09,53600.0,100.0,6252800.0
318,2021-10-19 07:17:08,53600.0,2000.0,6252700.0
319,2021-10-19 07:16:44,53600.0,900.0,6250700.0
320,2021-10-19 07:16:38,53600.0,100.0,6249800.0
321,2021-10-19 07:16:32,53600.0,2900.0,6249700.0
322,2021-10-19 07:16:32,53600.0,100.0,6246800.0
323,2021-10-19 07:16:32,53600.0,300.0,6246700.0
324,2021-10-19 07:16:32,53600.0,200.0,6246400.0
325,2021-10-19 07:16:32,53600.0,600.0,6246200.0
326,2021-10-19 07:16:32,53600.0,200.0,6245600.0
327,2021-10-19 07:16:32,53600.0,100.0,6245400.0
328,2021-10-19 07:16:32,53600.0,100.0,6245300.0
329,2021-10-19 07:16:32,53600.0,100.0,6245200.0
330,2021-10-19 07:16:32,53600.0,300.0,6245100.0
331,2021-10-19 07:16:32,53600.0,2000.0,6244800.0
332,2021-10-19 07:16:32,53600.0,100.0,6242800.0
333,2021-10-19 07:16:32,53600.0,600.0,6242700.0
334,2021-10-19 07:16:15,53600.0,300.0,6242100.0
335,2021-10-19 07:16:10,53600.0,300.0,6241800.0
336,2021-10-19 07:15:18,53700.0,100.0,6241500.0
337,2021-10-19 07:15:13,53700.0,300.0,6241400.0
338,2021-10-19 07:15:07,53700.0,300.0,6241100.0
339,2021-10-19 07:15:04,53600.0,1000.0,6240800.0
340,2021-10-19 07:14:52,53700.0,10000.0,6239800.0
341,2021-10-19 07:14:32,53600.0,100.0,6229800.0
342,2021-10-19 07:14:24,53600.0,100.0,6229700.0
343,2021-10-19 07:14:24,53600.0,100.0,6229600.0
344,2021-10-19 07:14:24,53600.0,100.0,6229500.0
345,2021-10-19 07:14:24,53600.0,100.0,6229400.0
346,2021-10-19 07:14:24,53600.0,600.0,6229300.0
347,2021-10-19 07:14:07,53600.0,700.0,6228700.0
348,2021-10-19 07:13:59,53600.0,200.0,6228000.0
349,2021-10-19 07:13:59,53600.0,300.0,6227800.0
350,2021-10-19 07:13:57,53600.0,400.0,6227500.0
351,2021-10-19 07:13:43,53600.0,100.0,6227100.0
352,2021-10-19 07:13:43,53600.0,500.0,6227000.0
353,2021-10-19 07:13:39,53600.0,2000.0,6226500.0
354,2021-10-19 07:13:33,53600.0,1200.0,6224500.0
355,2021-10-19 07:13:26,53600.0,500.0,6223300.0
356,2021-10-19 07:13:26,53600.0,2000.0,6222800.0
357,2021-10-19 07:13:24,53600.0,3800.0,6220800.0
358,2021-10-19 07:13:24,53600.0,200.0,6217000.0
359,2021-10-19 07:13:24,53600.0,500.0,6216800.0
360,2021-10-19 07:13:24,53600.0,200.0,6216300.0
361,2021-10-19 07:13:24,53600.0,100.0,6216100.0
362,2021-10-19 07:13:24,53600.0,200.0,6216000.0
363,2021-10-19 07:13:19,53600.0,200.0,6215800.0
364,2021-10-19 07:13:16,53600.0,100.0,6215600.0
365,2021-10-19 07:13:12,53600.0,2000.0,6215500.0
366,2021-10-19 07:13:04,53600.0,500.0,6213500.0
367,2021-10-19 07:13:04,53600.0,100.0,6213000.0
368,2021-10-19 07:13:04,53600.0,100.0,6212900.0
369,2021-10-19 07:13:04,53600.0,400.0,6212800.0
370,2021-10-19 07:13:04,53600.0,18900.0,6212400.0
371,2021-10-19 07:12:48,53600.0,1100.0,6193500.0
372,2021-10-19 07:12:48,53600.0,100.0,6192400.0
373,2021-10-19 07:12:48,53600.0,200.0,6192300.0
374,2021-10-19 07:12:48,53600.0,100.0,6192100.0
375,2021-10-19 07:12:48,53600.0,100.0,6192000.0
376,2021-10-19 07:12:48,53600.0,100.0,6191900.0
377,2021-10-19 07:12:48,53600.0,1300.0,6191800.0
378,2021-10-19 07:12:46,53600.0,200.0,6190500.0
379,2021-10-19 07:12:45,53600.0,200.0,6190300.0
380,2021-10-19 07:12:40,53600.0,5000.0,6190100.0
381,2021-10-19 07:12:28,53600.0,2000.0,6185100.0
382,2021-10-19 07:12:12,53600.0,800.0,6183100.0
383,2021-10-19 07:11:54,53600.0,500.0,6182300.0
384,2021-10-19 07:11:54,53600.0,1000.0,6181800.0
385,2021-10-19 07:11:54,53600.0,300.0,6180800.0
386,2021-10-19 07:11:54,53600.0,100.0,6180500.0
387,2021-10-19 07:11:54,53600.0,1000.0,6180400.0
388,2021-10-19 07:11:54,53600.0,1000.0,6179400.0
389,2021-10-19 07:11:54,53600.0,1700.0,6178400.0
390,2021-10-19 07:11:54,53600.0,400.0,6176700.0
391,2021-10-19 07:11:54,53600.0,100.0,6176300.0
392,2021-10-19 07:11:54,53600.0,100.0,6176200.0
393,2021-10-19 07:11:54,53600.0,2000.0,6176100.0
394,2021-10-19 07:11:54,53600.0,300.0,6174100.0
395,2021-10-19 07:11:54,53600.0,3900.0,6173800.0
396,2021-10-19 07:11:54,53600.0,1000.0,6169900.0
397,2021-10-19 07:11:54,53600.0,300.0,6168900.0
398,2021-10-19 07:11:54,53600.0,3000.0,6168600.0
399,2021-10-19 07:11:54,53600.0,1000.0,6165600.0
400,2021-10-19 07:11:54,53600.0,100.0,6164600.0
401,2021-10-19 07:11:54,53600.0,500.0,6164500.0
402,2021-10-19 07:11:54,53600.0,1000.0,6164000.0
403,2021-10-19 07:11:54,53600.0,200.0,6163000.0
404,2021-10-19 07:11:54,53600.0,800.0,6162800.0
405,2021-10-19 07:11:54,53600.0,100.0,6162000.0
406,2021-10-19 07:11:54,53600.0,1200.0,6161900.0
407,2021-10-19 07:11:54,53600.0,2000.0,6160700.0
408,2021-10-19 07:11:54,53600.0,2000.0,6158700.0
409,2021-10-19 07:11:54,53600.0,100.0,6156700.0
410,2021-10-19 07:11:54,53600.0,1300.0,6156600.0
411,2021-10-19 07:11:54,53600.0,100.0,6155300.0
412,2021-10-19 07:11:54,53600.0,1000.0,6155200.0
413,2021-10-19 07:11:54,53600.0,1900.0,6154200.0
414,2021-10-19 07:11:46,53600.0,300.0,6152300.0
415,2021-10-19 07:11:25,53700.0,600.0,6152000.0
416,2021-10-19 07:11:25,53700.0,300.0,6151400.0
417,2021-10-19 07:10:53,53600.0,100.0,6151100.0
418,2021-10-19 07:10:08,53600.0,7700.0,6151000.0
419,2021-10-19 07:10:08,53600.0,1300.0,6143300.0
420,2021-10-19 07:09:59,53600.0,100.0,6142000.0
421,2021-10-19 07:09:56,53600.0,200.0,6141900.0
422,2021-10-19 07:09:32,53600.0,400.0,6141700.0
423,2021-10-19 07:09:12,53700.0,3000.0,6141300.0
424,2021-10-19 07:09:12,53700.0,3000.0,6138300.0
425,2021-10-19 07:09:12,53700.0,9800.0,6135300.0
426,2021-10-19 07:09:12,53700.0,20000.0,6125500.0
427,2021-10-19 07:09:12,53700.0,100.0,6105500.0
428,2021-10-19 07:09:12,53700.0,100.0,6105400.0
429,2021-10-19 07:09:12,53700.0,100.0,6105300.0
430,2021-10-19 07:09:12,53700.0,400.0,6105200.0
431,2021-10-19 07:09:12,53700.0,7400.0,6104800.0
432,2021-10-19 07:08:48,53700.0,500.0,6097400.0
433,2021-10-19 07:08:41,53700.0,500.0,6096900.0
434,2021-10-19 07:08:29,53700.0,1600.0,6096400.0
435,2021-10-19 07:08:29,53700.0,400.0,6094800.0
436,2021-10-19 07:08:19,53700.0,100.0,6094400.0
437,2021-10-19 07:08:12,53700.0,100.0,6094300.0
438,2021-10-19 07:08:01,53700.0,1000.0,6094200.0
439,2021-10-19 07:08:00,53700.0,400.0,6093200.0
440,2021-10-19 07:08:00,53700.0,100.0,6092800.0
441,2021-10-19 07:07:58,53700.0,1900.0,6092700.0
442,2021-10-19 07:07:58,53700.0,300.0,6090800.0
443,2021-10-19 07:07:58,53700.0,800.0,6090500.0
444,2021-10-19 07:07:58,53700.0,500.0,6089700.0
445,2021-10-19 07:07:58,53700.0,300.0,6089200.0
446,2021-10-19 07:07:58,53700.0,1200.0,6088900.0
447,2021-10-19 07:07:31,53700.0,100.0,6087700.0
448,2021-10-19 07:07:19,53700.0,700.0,6087600.0
449,2021-10-19 07:07:19,53700.0,400.0,6086900.0
450,2021-10-19 07:07:19,53700.0,100.0,6086500.0
451,2021-10-19 07:07:19,53700.0,1000.0,6086400.0
452,2021-10-19 07:07:19,53700.0,100.0,6085400.0
453,2021-10-19 07:07:19,53700.0,1000.0,6085300.0
454,2021-10-19 07:07:19,53700.0,400.0,6084300.0
455,2021-10-19 07:07:19,53700.0,200.0,6083900.0
456,2021-10-19 07:07:19,53700.0,1000.0,6083700.0
457,2021-10-19 07:07:19,53700.0,100.0,6082700.0
458,2021-10-19 07:07:19,53700.0,300.0,6082600.0
459,2021-10-19 07:06:58,53700.0,600.0,6082300.0
460,2021-10-19 07:06:58,53700.0,500.0,6081700.0
461,2021-10-19 07:06:58,53700.0,2900.0,6081200.0
462,2021-10-19 07:06:28,53700.0,1000.0,6078300.0
463,2021-10-19 07:06:27,53700.0,1500.0,6077300.0
464,2021-10-19 07:06:23,53700.0,1000.0,6075800.0
465,2021-10-19 07:06:21,53700.0,3600.0,6074800.0
466,2021-10-19 07:06:21,53700.0,100.0,6071200.0
467,2021-10-19 07:06:21,53700.0,100.0,6071100.0
468,2021-10-19 07:06:21,53700.0,1000.0,6071000.0
469,2021-10-19 07:06:21,53700.0,100.0,6070000.0
470,2021-10-19 07:06:21,53700.0,2000.0,6069900.0
471,2021-10-19 07:06:21,53700.0,700.0,6067900.0
472,2021-10-19 07:06:21,53700.0,3100.0,6067200.0
473,2021-10-19 07:06:17,53700.0,100.0,6064100.0
474,2021-10-19 07:06:16,53700.0,500.0,6064000.0
475,2021-10-19 07:06:16,53700.0,100.0,6063500.0
476,2021-10-19 07:06:12,53700.0,1500.0,6063400.0
477,2021-10-19 07:06:06,53700.0,200.0,6061900.0
478,2021-10-19 07:06:05,53700.0,300.0,6061700.0
479,2021-10-19 07:05:57,53700.0,400.0,6061400.0
480,2021-10-19 07:05:33,53700.0,100.0,6061000.0
481,2021-10-19 07:05:06,53700.0,400.0,6060900.0
482,2021-10-19 07:05:05,53700.0,500.0,6060500.0
483,2021-10-19 07:04:57,53700.0,1000.0,6060000.0
484,2021-10-19 07:04:16,53800.0,100.0,6059000.0
485,2021-10-19 07:04:15,53800.0,200.0,6058900.0
486,2021-10-19 07:03:58,53800.0,100.0,6058700.0
487,2021-10-19 07:03:56,53700.0,1500.0,6058600.0
488,2021-10-19 07:03:38,53800.0,100.0,6057100.0
489,2021-10-19 07:03:03,53800.0,1000.0,6057000.0
490,2021-10-19 07:02:54,53700.0,300.0,6056000.0
491,2021-10-19 07:02:52,53700.0,100.0,6055700.0
492,2021-10-19 07:02:20,53800.0,1000.0,6055600.0
493,2021-10-19 07:02:12,53800.0,100.0,6054600.0
494,2021-10-19 07:01:52,53800.0,500.0,6054500.0
495,2021-10-19 07:01:44,53800.0,1000.0,6054000.0
496,2021-10-19 07:01:40,53800.0,100.0,6053000.0
497,2021-10-19 07:01:40,53800.0,200.0,6052900.0
498,2021-10-19 07:01:40,53800.0,400.0,6052700.0
499,2021-10-19 07:01:40,53800.0,1000.0,6052300.0
500,2021-10-19 07:01:40,53800.0,200.0,6051300.0
501,2021-10-19 07:01:40,53800.0,200.0,6051100.0
502,2021-10-19 07:01:40,53800.0,100.0,6050900.0
503,2021-10-19 07:01:40,53800.0,500.0,6050800.0
504,2021-10-19 07:01:40,53800.0,300.0,6050300.0
505,2021-10-19 07:01:18,53800.0,700.0,6050000.0
506,2021-10-19 07:01:18,53800.0,400.0,6049300.0
507,2021-10-19 07:01:16,53700.0,200.0,6048900.0
508,2021-10-19 07:01:10,53700.0,200.0,6048700.0
509,2021-10-19 07:01:10,53700.0,300.0,6048500.0
510,2021-10-19 07:01:03,53700.0,100.0,6048200.0
511,2021-10-19 07:00:58,53700.0,500.0,6048100.0
512,2021-10-19 07:00:41,53600.0,100.0,6047600.0
513,2021-10-19 07:00:41,53700.0,300.0,6047500.0
514,2021-10-19 07:00:38,53800.0,600.0,6047200.0
515,2021-10-19 07:00:38,53800.0,100.0,6046600.0
516,2021-10-19 07:00:38,53800.0,2200.0,6046500.0
517,2021-10-19 07:00:38,53700.0,100.0,6044300.0
518,2021-10-19 07:00:35,53700.0,300.0,6044200.0
519,2021-10-19 07:00:30,53700.0,100.0,6043900.0
520,2021-10-19 07:00:18,53700.0,100.0,6043800.0
521,2021-10-19 07:00:10,53700.0,1000.0,6043700.0
522,2021-10-19 07:00:06,53700.0,3800.0,6042700.0
523,2021-10-19 07:00:06,53700.0,200.0,6038900.0
524,2021-10-19 07:00:04,53700.0,100.0,6038700.0
525,2021-10-19 07:00:03,53700.0,100.0,6038600.0
526,2021-10-19 06:59:58,53700.0,1000.0,6038500.0
527,2021-10-19 06:59:53,53700.0,1000.0,6037500.0
528,2021-10-19 06:59:53,53700.0,500.0,6036500.0
529,2021-10-19 06:59:53,53700.0,200.0,6036000.0
530,2021-10-19 06:59:53,53700.0,1000.0,6035800.0
531,2021-10-19 06:59:53,53700.0,10000.0,6034800.0
532,2021-10-19 06:59:53,53700.0,300.0,6024800.0
533,2021-10-19 06:59:53,53700.0,2000.0,6024500.0
534,2021-10-19 06:59:53,53700.0,800.0,6022500.0
535,2021-10-19 06:59:53,53700.0,100.0,6021700.0
536,2021-10-19 06:59:53,53700.0,500.0,6021600.0
537,2021-10-19 06:59:53,53700.0,3500.0,6021100.0
538,2021-10-19 06:59:38,53800.0,300.0,6017600.0
539,2021-10-19 06:59:36,53700.0,100.0,6017300.0
540,2021-10-19 06:59:10,53800.0,400.0,6017200.0
541,2021-10-19 06:59:10,53800.0,2000.0,6016800.0
542,2021-10-19 06:59:10,53800.0,400.0,6014800.0
543,2021-10-19 06:59:10,53800.0,100.0,6014400.0
544,2021-10-19 06:59:10,53800.0,900.0,6014300.0
545,2021-10-19 06:59:04,53700.0,1200.0,6013400.0
546,2021-10-19 06:58:59,53800.0,100.0,6012200.0
547,2021-10-19 06:58:59,53800.0,100.0,6012100.0
548,2021-10-19 06:58:51,53700.0,300.0,6012000.0
549,2021-10-19 06:58:43,53800.0,800.0,6011700.0
550,2021-10-19 06:58:39,53700.0,300.0,6010900.0
551,2021-10-19 06:58:31,53800.0,200.0,6010600.0
552,2021-10-19 06:58:31,53800.0,100.0,6010400.0
553,2021-10-19 06:58:31,53800.0,100.0,6010300.0
554,2021-10-19 06:58:31,53800.0,100.0,6010200.0
555,2021-10-19 06:58:31,53800.0,200.0,6010100.0
556,2021-10-19 06:58:31,53800.0,1000.0,6009900.0
557,2021-10-19 06:58:31,53800.0,300.0,6008900.0
558,2021-10-19 06:58:22,53700.0,1600.0,6008600.0
559,2021-10-19 06:58:16,53700.0,500.0,6007000.0
560,2021-10-19 06:58:15,53700.0,400.0,6006500.0
561,2021-10-19 06:58:11,53700.0,100.0,6006100.0
562,2021-10-19 06:57:54,53700.0,500.0,6006000.0
563,2021-10-19 06:57:43,53700.0,100.0,6005500.0
564,2021-10-19 06:57:33,53700.0,1400.0,6005400.0
565,2021-10-19 06:57:33,53700.0,1900.0,6004000.0
566,2021-10-19 06:57:33,53700.0,700.0,6002100.0
567,2021-10-19 06:57:06,53700.0,300.0,6001400.0
568,2021-10-19 06:57:06,53700.0,100.0,6001100.0
569,2021-10-19 06:57:06,53700.0,100.0,6001000.0
570,2021-10-19 06:56:46,53700.0,200.0,6000900.0
571,2021-10-19 06:56:45,53700.0,100.0,6000700.0
572,2021-10-19 06:56:16,53700.0,400.0,6000600.0
573,2021-10-19 06:56:15,53700.0,1000.0,6000200.0
574,2021-10-19 06:55:42,53700.0,1200.0,5999200.0
575,2021-10-19 06:55:42,53700.0,800.0,5998000.0
576,2021-10-19 06:55:36,53700.0,200.0,5997200.0
577,2021-10-19 06:55:31,53600.0,500.0,5997000.0
578,2021-10-19 06:55:30,53700.0,100.0,5996500.0
579,2021-10-19 06:55:27,53700.0,100.0,5996400.0
580,2021-10-19 06:55:17,53700.0,200.0,5996300.0
581,2021-10-19 06:55:17,53700.0,300.0,5996100.0
582,2021-10-19 06:55:14,53700.0,200.0,5995800.0
583,2021-10-19 06:55:14,53700.0,100.0,5995600.0
584,2021-10-19 06:55:14,53700.0,100.0,5995500.0
585,2021-10-19 06:55:14,53700.0,600.0,5995400.0
586,2021-10-19 06:55:14,53600.0,100.0,5994800.0
587,2021-10-19 06:55:10,53700.0,100.0,5994700.0
588,2021-10-19 06:54:49,53700.0,100.0,5994600.0
589,2021-10-19 06:54:39,53700.0,200.0,5994500.0
590,2021-10-19 06:54:37,53700.0,200.0,5994300.0
591,2021-10-19 06:54:23,53700.0,9500.0,5994100.0
592,2021-10-19 06:54:23,53700.0,400.0,5984600.0
593,2021-10-19 06:54:23,53700.0,300.0,5984200.0
594,2021-10-19 06:54:23,53700.0,2000.0,5983900.0
595,2021-10-19 06:54:23,53700.0,500.0,5981900.0
596,2021-10-19 06:54:23,53700.0,7300.0,5981400.0
597,2021-10-19 06:54:15,53700.0,100.0,5974100.0
598,2021-10-19 06:54:03,53700.0,300.0,5974000.0
599,2021-10-19 06:53:59,53700.0,1000.0,5973700.0
600,2021-10-19 06:53:59,53700.0,100.0,5972700.0
601,2021-10-19 06:53:52,53700.0,500.0,5972600.0
602,2021-10-19 06:53:52,53700.0,3500.0,5972100.0
603,2021-10-19 06:53:52,53700.0,200.0,5968600.0
604,2021-10-19 06:53:52,53700.0,700.0,5968400.0
605,2021-10-19 06:53:52,53700.0,1000.0,5967700.0
606,2021-10-19 06:53:52,53700.0,3000.0,5966700.0
607,2021-10-19 06:53:52,53700.0,1000.0,5963700.0
608,2021-10-19 06:53:52,53700.0,100.0,5962700.0
609,2021-10-19 06:53:49,53700.0,900.0,5962600.0
610,2021-10-19 06:53:45,53700.0,300.0,5961700.0
611,2021-10-19 06:53:44,53700.0,100.0,5961400.0
612,2021-10-19 06:53:26,53700.0,900.0,5961300.0
613,2021-10-19 06:53:11,53700.0,500.0,5960400.0
614,2021-10-19 06:53:08,53700.0,200.0,5959900.0
615,2021-10-19 06:53:08,53700.0,800.0,5959700.0
616,2021-10-19 06:52:58,53700.0,100.0,5958900.0
617,2021-10-19 06:52:51,53600.0,300.0,5958800.0
618,2021-10-19 06:52:49,53600.0,1500.0,5958500.0
619,2021-10-19 06:52:49,53500.0,200.0,5957000.0
620,2021-10-19 06:52:49,53500.0,300.0,5956800.0
621,2021-10-19 06:52:46,53500.0,400.0,5956500.0
622,2021-10-19 06:52:46,53600.0,400.0,5956100.0
623,2021-10-19 06:52:45,53600.0,100.0,5955700.0
624,2021-10-19 06:52:44,53500.0,300.0,5955600.0
625,2021-10-19 06:52:42,53500.0,100.0,5955300.0
626,2021-10-19 06:52:35,53500.0,400.0,5955200.0
627,2021-10-19 06:52:33,53600.0,500.0,5954800.0
628,2021-10-19 06:52:33,53600.0,19500.0,5954300.0
629,2021-10-19 06:52:33,53600.0,500.0,5934800.0
630,2021-10-19 06:52:30,53500.0,300.0,5934300.0
631,2021-10-19 06:52:27,53500.0,400.0,5934000.0
632,2021-10-19 06:52:08,53600.0,400.0,5933600.0
633,2021-10-19 06:52:07,53600.0,500.0,5933200.0
634,2021-10-19 06:52:04,53600.0,1000.0,5932700.0
635,2021-10-19 06:52:04,53600.0,200.0,5931700.0
636,2021-10-19 06:52:04,53600.0,200.0,5931500.0
637,2021-10-19 06:52:04,53600.0,600.0,5931300.0
638,2021-10-19 06:52:04,53600.0,100.0,5930700.0
639,2021-10-19 06:52:04,53600.0,100.0,5930600.0
640,2021-10-19 06:52:04,53600.0,500.0,5930500.0
641,2021-10-19 06:52:04,53600.0,500.0,5930000.0
642,2021-10-19 06:52:04,53600.0,100.0,5929500.0
643,2021-10-19 06:52:04,53600.0,3000.0,5929400.0
644,2021-10-19 06:52:04,53600.0,100.0,5926400.0
645,2021-10-19 06:52:04,53600.0,400.0,5926300.0
646,2021-10-19 06:52:04,53600.0,2000.0,5925900.0
647,2021-10-19 06:51:53,53500.0,100.0,5923900.0
648,2021-10-19 06:51:53,53500.0,1000.0,5923800.0
649,2021-10-19 06:51:53,53500.0,100.0,5922800.0
650,2021-10-19 06:51:53,53500.0,500.0,5922700.0
651,2021-10-19 06:51:53,53500.0,100.0,5922200.0
652,2021-10-19 06:51:53,53500.0,1000.0,5922100.0
653,2021-10-19 06:51:52,53500.0,100.0,5921100.0
654,2021-10-19 06:51:52,53500.0,100.0,5921000.0
655,2021-10-19 06:51:52,53500.0,4400.0,5920900.0
656,2021-10-19 06:51:52,53500.0,200.0,5916500.0
657,2021-10-19 06:51:52,53500.0,1000.0,5916300.0
658,2021-10-19 06:51:52,53500.0,200.0,5915300.0
659,2021-10-19 06:51:52,53500.0,500.0,5915100.0
660,2021-10-19 06:51:52,53500.0,1000.0,5914600.0
661,2021-10-19 06:51:52,53500.0,300.0,5913600.0
662,2021-10-19 06:51:52,53500.0,5000.0,5913300.0
663,2021-10-19 06:51:52,53500.0,600.0,5908300.0
664,2021-10-19 06:51:52,53500.0,200.0,5907700.0
665,2021-10-19 06:51:52,53500.0,200.0,5907500.0
666,2021-10-19 06:51:52,53500.0,400.0,5907300.0
667,2021-10-19 06:51:52,53500.0,6000.0,5906900.0
668,2021-10-19 06:51:49,53500.0,3000.0,5900900.0
669,2021-10-19 06:51:49,53500.0,2000.0,5897900.0
670,2021-10-19 06:51:46,53500.0,3500.0,5895900.0
671,2021-10-19 06:51:42,53500.0,1000.0,5892400.0
672,2021-10-19 06:51:39,53400.0,800.0,5891400.0
673,2021-10-19 06:51:39,53400.0,400.0,5890600.0
674,2021-10-19 06:51:30,53500.0,5000.0,5890200.0
675,2021-10-19 06:51:29,53500.0,100.0,5885200.0
676,2021-10-19 06:51:25,53500.0,1000.0,5885100.0
677,2021-10-19 06:51:21,53500.0,100.0,5884100.0
678,2021-10-19 06:51:20,53500.0,500.0,5884000.0
679,2021-10-19 06:51:19,53500.0,100.0,5883500.0
680,2021-10-19 06:51:19,53500.0,300.0,5883400.0
681,2021-10-19 06:51:18,53500.0,700.0,5883100.0
682,2021-10-19 06:51:15,53500.0,1000.0,5882400.0
683,2021-10-19 06:50:55,53500.0,500.0,5881400.0
684,2021-10-19 06:50:52,53500.0,5000.0,5880900.0
685,2021-10-19 06:50:51,53500.0,500.0,5875900.0
686,2021-10-19 06:50:51,53500.0,100.0,5875400.0
687,2021-10-19 06:50:51,53500.0,100.0,5875300.0
688,2021-10-19 06:50:49,53500.0,100.0,5875200.0
689,2021-10-19 06:50:44,53500.0,100.0,5875100.0
690,2021-10-19 06:50:40,53500.0,100.0,5875000.0
691,2021-10-19 06:50:27,53500.0,200.0,5874900.0
692,2021-10-19 06:50:24,53500.0,100.0,5874700.0
693,2021-10-19 06:50:23,53500.0,10000.0,5874600.0
694,2021-10-19 06:50:21,53500.0,100.0,5864600.0
695,2021-10-19 06:50:20,53500.0,8800.0,5864500.0
696,2021-10-19 06:50:14,53500.0,1000.0,5855700.0
697,2021-10-19 06:50:14,53500.0,200.0,5854700.0
698,2021-10-19 06:50:10,53500.0,100.0,5854500.0
699,2021-10-19 06:50:05,53500.0,100.0,5854400.0
700,2021-10-19 06:50:03,53600.0,100.0,5854300.0
701,2021-10-19 06:50:03,53500.0,200.0,5854200.0
702,2021-10-19 06:50:03,53500.0,200.0,5854000.0
703,2021-10-19 06:50:03,53500.0,200.0,5853800.0
704,2021-10-19 06:49:59,53500.0,200.0,5853600.0
705,2021-10-19 06:49:51,53500.0,100.0,5853400.0
706,2021-10-19 06:49:51,53500.0,200.0,5853300.0
707,2021-10-19 06:49:51,53500.0,600.0,5853100.0
708,2021-10-19 06:49:49,53500.0,5000.0,5852500.0
709,2021-10-19 06:49:47,53500.0,4400.0,5847500.0
710,2021-10-19 06:49:47,53500.0,500.0,5843100.0
711,2021-10-19 06:49:47,53500.0,200.0,5842600.0
712,2021-10-19 06:49:47,53500.0,500.0,5842400.0
713,2021-10-19 06:49:47,53500.0,100.0,5841900.0
714,2021-10-19 06:49:47,53500.0,400.0,5841800.0
715,2021-10-19 06:49:47,53500.0,2000.0,5841400.0
716,2021-10-19 06:49:47,53500.0,100.0,5839400.0
717,2021-10-19 06:49:47,53500.0,300.0,5839300.0
718,2021-10-19 06:49:47,53500.0,500.0,5839000.0
719,2021-10-19 06:49:47,53500.0,400.0,5838500.0
720,2021-10-19 06:49:47,53500.0,500.0,5838100.0
721,2021-10-19 06:49:47,53500.0,500.0,5837600.0
722,2021-10-19 06:49:47,53500.0,200.0,5837100.0
723,2021-10-19 06:49:47,53500.0,600.0,5836900.0
724,2021-10-19 06:49:47,53500.0,500.0,5836300.0
725,2021-10-19 06:49:47,53500.0,200.0,5835800.0
726,2021-10-19 06:49:47,53500.0,3000.0,5835600.0
727,2021-10-19 06:49:47,53500.0,600.0,5832600.0
728,2021-10-19 06:49:47,53500.0,1000.0,5832000.0
729,2021-10-19 06:49:47,53500.0,500.0,5831000.0
730,2021-10-19 06:49:47,53500.0,300.0,5830500.0
731,2021-10-19 06:49:47,53500.0,100.0,5830200.0
732,2021-10-19 06:49:47,53500.0,100.0,5830100.0
733,2021-10-19 06:49:47,53500.0,100.0,5830000.0
734,2021-10-19 06:49:47,53500.0,200.0,5829900.0
735,2021-10-19 06:49:47,53500.0,1000.0,5829700.0
736,2021-10-19 06:49:47,53500.0,1200.0,5828700.0
737,2021-10-19 06:49:46,53500.0,400.0,5827500.0
738,2021-10-19 06:49:46,53500.0,100.0,5827100.0
739,2021-10-19 06:49:46,53500.0,2000.0,5827000.0
740,2021-10-19 06:49:46,53500.0,2000.0,5825000.0
741,2021-10-19 06:49:46,53500.0,2000.0,5823000.0
742,2021-10-19 06:49:46,53500.0,200.0,5821000.0
743,2021-10-19 06:49:46,53500.0,20000.0,5820800.0
744,2021-10-19 06:49:46,53500.0,200.0,5800800.0
745,2021-10-19 06:49:46,53500.0,800.0,5800600.0
746,2021-10-19 06:49:46,53500.0,200.0,5799800.0
747,2021-10-19 06:49:46,53500.0,400.0,5799600.0
748,2021-10-19 06:49:46,53500.0,1700.0,5799200.0
749,2021-10-19 06:49:28,53600.0,100.0,5797500.0
750,2021-10-19 06:49:27,53500.0,5000.0,5797400.0
751,2021-10-19 06:49:24,53500.0,3300.0,5792400.0
752,2021-10-19 06:49:24,53500.0,500.0,5789100.0
753,2021-10-19 06:49:24,53500.0,1000.0,5788600.0
754,2021-10-19 06:49:24,53500.0,100.0,5787600.0
755,2021-10-19 06:49:24,53500.0,1000.0,5787500.0
756,2021-10-19 06:49:24,53500.0,500.0,5786500.0
757,2021-10-19 06:49:24,53500.0,500.0,5786000.0
758,2021-10-19 06:49:24,53500.0,4000.0,5785500.0
759,2021-10-19 06:49:24,53500.0,100.0,5781500.0
760,2021-10-19 06:49:24,53500.0,30000.0,5781400.0
761,2021-10-19 06:49:24,53500.0,4000.0,5751400.0
762,2021-10-19 06:49:24,53500.0,200.0,5747400.0
763,2021-10-19 06:49:24,53500.0,100.0,5747200.0
764,2021-10-19 06:49:24,53500.0,200.0,5747100.0
765,2021-10-19 06:49:24,53500.0,5000.0,5746900.0
766,2021-10-19 06:49:24,53500.0,100.0,5741900.0
767,2021-10-19 06:49:24,53500.0,100.0,5741800.0
768,2021-10-19 06:49:24,53500.0,200.0,5741700.0
769,2021-10-19 06:49:23,53500.0,200.0,5741500.0
770,2021-10-19 06:49:23,53500.0,1000.0,5741300.0
771,2021-10-19 06:49:23,53500.0,2000.0,5740300.0
772,2021-10-19 06:49:23,53500.0,1000.0,5738300.0
773,2021-10-19 06:49:23,53500.0,1000.0,5737300.0
774,2021-10-19 06:49:23,53500.0,100.0,5736300.0
775,2021-10-19 06:49:23,53500.0,18800.0,5736200.0
776,2021-10-19 06:49:15,53500.0,200.0,5717400.0
777,2021-10-19 06:49:13,53600.0,500.0,5717200.0
778,2021-10-19 06:48:54,53600.0,200.0,5716700.0
779,2021-10-19 06:48:54,53600.0,100.0,5716500.0
780,2021-10-19 06:48:51,53600.0,100.0,5716400.0
781,2021-10-19 06:48:50,53600.0,100.0,5716300.0
782,2021-10-19 06:48:49,53600.0,200.0,5716200.0
783,2021-10-19 06:48:49,53600.0,1000.0,5716000.0
784,2021-10-19 06:48:49,53600.0,500.0,5715000.0
785,2021-10-19 06:48:49,53600.0,100.0,5714500.0
786,2021-10-19 06:48:49,53600.0,200.0,5714400.0
787,2021-10-19 06:48:49,53600.0,300.0,5714200.0
788,2021-10-19 06:48:49,53600.0,500.0,5713900.0
789,2021-10-19 06:48:49,53600.0,800.0,5713400.0
790,2021-10-19 06:48:47,53600.0,1200.0,5712600.0
791,2021-10-19 06:48:47,53600.0,500.0,5711400.0
792,2021-10-19 06:48:47,53600.0,500.0,5710900.0
793,2021-10-19 06:48:47,53600.0,200.0,5710400.0
794,2021-10-19 06:48:46,53600.0,800.0,5710200.0
795,2021-10-19 06:48:46,53600.0,100.0,5709400.0
796,2021-10-19 06:48:46,53600.0,100.0,5709300.0
797,2021-10-19 06:48:45,53600.0,200.0,5709200.0
798,2021-10-19 06:48:45,53600.0,800.0,5709000.0
799,2021-10-19 06:48:45,53600.0,500.0,5708200.0
800,2021-10-19 06:48:43,53600.0,1000.0,5707700.0
801,2021-10-19 06:48:41,53600.0,700.0,5706700.0
802,2021-10-19 06:48:41,53600.0,1000.0,5706000.0
803,2021-10-19 06:48:41,53600.0,300.0,5705000.0
804,2021-10-19 06:48:41,53700.0,1000.0,5704700.0
805,2021-10-19 06:48:41,53600.0,100.0,5703700.0
806,2021-10-19 06:48:40,53600.0,2600.0,5703600.0
807,2021-10-19 06:48:40,53600.0,1000.0,5701000.0
808,2021-10-19 06:48:40,53600.0,500.0,5700000.0
809,2021-10-19 06:48:40,53600.0,100.0,5699500.0
810,2021-10-19 06:48:40,53600.0,100.0,5699400.0
811,2021-10-19 06:48:40,53600.0,100.0,5699300.0
812,2021-10-19 06:48:40,53600.0,100.0,5699200.0
813,2021-10-19 06:48:40,53600.0,100.0,5699100.0
814,2021-10-19 06:48:40,53600.0,200.0,5699000.0
815,2021-10-19 06:48:38,53600.0,800.0,5698800.0
816,2021-10-19 06:48:37,53600.0,800.0,5698000.0
817,2021-10-19 06:48:34,53600.0,2000.0,5697200.0
818,2021-10-19 06:48:33,53600.0,500.0,5695200.0
819,2021-10-19 06:48:33,53600.0,500.0,5694700.0
820,2021-10-19 06:48:31,53600.0,5000.0,5694200.0
821,2021-10-19 06:48:29,53600.0,10200.0,5689200.0
822,2021-10-19 06:48:29,53600.0,100.0,5679000.0
823,2021-10-19 06:48:29,53600.0,5000.0,5678900.0
824,2021-10-19 06:48:29,53600.0,4900.0,5673900.0
825,2021-10-19 06:48:27,53600.0,100.0,5669000.0
826,2021-10-19 06:48:27,53600.0,400.0,5668900.0
827,2021-10-19 06:48:21,53600.0,100.0,5668500.0
828,2021-10-19 06:48:17,53600.0,200.0,5668400.0
829,2021-10-19 06:48:17,53600.0,300.0,5668200.0
830,2021-10-19 06:48:15,53600.0,700.0,5667900.0
831,2021-10-19 06:48:15,53600.0,300.0,5667200.0
832,2021-10-19 06:48:05,53600.0,700.0,5666900.0
833,2021-10-19 06:48:05,53600.0,200.0,5666200.0
834,2021-10-19 06:48:05,53600.0,100.0,5666000.0
835,2021-10-19 06:48:02,53600.0,100.0,5665900.0
836,2021-10-19 06:47:57,53700.0,2000.0,5665800.0
837,2021-10-19 06:47:53,53700.0,1000.0,5663800.0
838,2021-10-19 06:47:52,53700.0,100.0,5662800.0
839,2021-10-19 06:47:52,53700.0,1000.0,5662700.0
840,2021-10-19 06:47:52,53700.0,1000.0,5661700.0
841,2021-10-19 06:47:52,53700.0,300.0,5660700.0
842,2021-10-19 06:47:52,53700.0,300.0,5660400.0
843,2021-10-19 06:47:52,53700.0,500.0,5660100.0
844,2021-10-19 06:47:48,53700.0,500.0,5659600.0
845,2021-10-19 06:47:48,53700.0,2000.0,5659100.0
846,2021-10-19 06:47:48,53700.0,10000.0,5657100.0
847,2021-10-19 06:47:48,53700.0,500.0,5647100.0
848,2021-10-19 06:47:48,53700.0,300.0,5646600.0
849,2021-10-19 06:47:48,53700.0,10000.0,5646300.0
850,2021-10-19 06:47:48,53700.0,300.0,5636300.0
851,2021-10-19 06:47:48,53700.0,200.0,5636000.0
852,2021-10-19 06:47:48,53700.0,800.0,5635800.0
853,2021-10-19 06:47:48,53700.0,900.0,5635000.0
854,2021-10-19 06:47:48,53700.0,200.0,5634100.0
855,2021-10-19 06:47:48,53700.0,100.0,5633900.0
856,2021-10-19 06:47:48,53700.0,100.0,5633800.0
857,2021-10-19 06:47:48,53700.0,1000.0,5633700.0
858,2021-10-19 06:47:48,53700.0,500.0,5632700.0
859,2021-10-19 06:47:48,53700.0,800.0,5632200.0
860,2021-10-19 06:47:48,53700.0,1000.0,5631400.0
861,2021-10-19 06:47:48,53700.0,2000.0,5630400.0
862,2021-10-19 06:47:48,53700.0,200.0,5628400.0
863,2021-10-19 06:47:48,53700.0,200.0,5628200.0
864,2021-10-19 06:47:48,53700.0,500.0,5628000.0
865,2021-10-19 06:47:48,53700.0,1000.0,5627500.0
866,2021-10-19 06:47:48,53700.0,1000.0,5626500.0
867,2021-10-19 06:47:48,53700.0,200.0,5625500.0
868,2021-10-19 06:47:48,53700.0,2000.0,5625300.0
869,2021-10-19 06:47:48,53700.0,100.0,5623300.0
870,2021-10-19 06:47:48,53700.0,200.0,5623200.0
871,2021-10-19 06:47:48,53700.0,100.0,5623000.0
872,2021-10-19 06:47:48,53700.0,200.0,5622900.0
873,2021-10-19 06:47:48,53700.0,400.0,5622700.0
874,2021-10-19 06:47:48,53700.0,300.0,5622300.0
875,2021-10-19 06:47:48,53700.0,100.0,5622000.0
876,2021-10-19 06:47:48,53700.0,300.0,5621900.0
877,2021-10-19 06:47:48,53700.0,300.0,5621600.0
878,2021-10-19 06:47:48,53700.0,2000.0,5621300.0
879,2021-10-19 06:47:48,53700.0,200.0,5619300.0
880,2021-10-19 06:47:48,53700.0,300.0,5619100.0
881,2021-10-19 06:47:48,53700.0,600.0,5618800.0
882,2021-10-19 06:47:48,53700.0,2000.0,5618200.0
883,2021-10-19 06:47:48,53700.0,100.0,5616200.0
884,2021-10-19 06:47:48,53700.0,100.0,5616100.0
885,2021-10-19 06:47:48,53700.0,200.0,5616000.0
886,2021-10-19 06:47:48,53700.0,300.0,5615800.0
887,2021-10-19 06:47:48,53700.0,1900.0,5615500.0
888,2021-10-19 06:47:48,53700.0,400.0,5613600.0
889,2021-10-19 06:47:48,53700.0,500.0,5613200.0
890,2021-10-19 06:47:48,53700.0,1000.0,5612700.0
891,2021-10-19 06:47:48,53700.0,100.0,5611700.0
892,2021-10-19 06:47:48,53700.0,2000.0,5611600.0
893,2021-10-19 06:47:48,53700.0,200.0,5609600.0
894,2021-10-19 06:47:48,53700.0,300.0,5609400.0
895,2021-10-19 06:47:48,53700.0,3500.0,5609100.0
896,2021-10-19 06:47:42,53700.0,100.0,5605600.0
897,2021-10-19 06:47:37,53800.0,200.0,5605500.0
898,2021-10-19 06:47:29,53700.0,2000.0,5605300.0
899,2021-10-19 06:47:23,53700.0,100.0,5603300.0
900,2021-10-19 06:47:19,53700.0,1500.0,5603200.0
901,2021-10-19 06:47:12,53700.0,100.0,5601700.0
902,2021-10-19 06:46:48,53800.0,100.0,5601600.0
903,2021-10-19 06:46:47,53700.0,5000.0,5601500.0
904,2021-10-19 06:46:46,53700.0,300.0,5596500.0
905,2021-10-19 06:46:42,53700.0,3600.0,5596200.0
906,2021-10-19 06:46:42,53700.0,2000.0,5592600.0
907,2021-10-19 06:46:41,53700.0,1000.0,5590600.0
908,2021-10-19 06:46:40,53700.0,1000.0,5589600.0
909,2021-10-19 06:46:40,53700.0,1000.0,5588600.0
910,2021-10-19 06:46:38,53700.0,6800.0,5587600.0
911,2021-10-19 06:46:18,53700.0,100.0,5580800.0
912,2021-10-19 06:46:10,53700.0,1000.0,5580700.0
913,2021-10-19 06:45:48,53700.0,3000.0,5579700.0
914,2021-10-19 06:45:45,53700.0,100.0,5576700.0
915,2021-10-19 06:45:32,53700.0,50000.0,5576600.0
916,2021-10-19 06:45:29,53700.0,100.0,5526600.0
917,2021-10-19 06:45:28,53700.0,10000.0,5526500.0
918,2021-10-19 06:45:25,53700.0,7700.0,5516500.0
919,2021-10-19 06:45:25,53700.0,300.0,5508800.0
920,2021-10-19 06:45:25,53700.0,1000.0,5508500.0
921,2021-10-19 06:45:25,53700.0,200.0,5507500.0
922,2021-10-19 06:45:25,53700.0,200.0,5507300.0
923,2021-10-19 06:45:25,53700.0,200.0,5507100.0
924,2021-10-19 06:45:25,53700.0,1000.0,5506900.0
925,2021-10-19 06:45:25,53700.0,200.0,5505900.0
926,2021-10-19 06:45:25,53700.0,300.0,5505700.0
927,2021-10-19 06:45:25,53700.0,900.0,5505400.0
928,2021-10-19 06:45:23,53700.0,600.0,5504500.0
929,2021-10-19 06:45:16,53700.0,100.0,5503900.0
930,2021-10-19 06:44:54,53700.0,400.0,5503800.0
931,2021-10-19 06:44:54,53700.0,500.0,5503400.0
932,2021-10-19 06:44:54,53700.0,4100.0,5502900.0
933,2021-10-19 06:44:46,53700.0,500.0,5498800.0
934,2021-10-19 06:44:46,53800.0,1000.0,5498300.0
935,2021-10-19 06:44:23,53800.0,3100.0,5497300.0
936,2021-10-19 06:43:38,53800.0,10000.0,5494200.0
937,2021-10-19 06:43:34,53700.0,300.0,5484200.0
938,2021-10-19 06:43:31,53700.0,400.0,5483900.0
939,2021-10-19 06:43:27,53700.0,8300.0,5483500.0
940,2021-10-19 06:43:09,53800.0,1000.0,5475200.0
941,2021-10-19 06:43:01,53800.0,1300.0,5474200.0
942,2021-10-19 06:42:56,53700.0,300.0,5472900.0
943,2021-10-19 06:42:48,53700.0,100.0,5472600.0
944,2021-10-19 06:42:38,53800.0,100.0,5472500.0
945,2021-10-19 06:42:19,53700.0,5000.0,5472400.0
946,2021-10-19 06:42:02,53800.0,200.0,5467400.0
947,2021-10-19 06:41:57,53800.0,200.0,5467200.0
948,2021-10-19 06:41:53,53700.0,1000.0,5467000.0
949,2021-10-19 06:41:25,53700.0,200.0,5466000.0
950,2021-10-19 06:41:21,53700.0,1000.0,5465800.0
951,2021-10-19 06:41:21,53800.0,500.0,5464800.0
952,2021-10-19 06:41:21,53800.0,200.0,5464300.0
953,2021-10-19 06:41:18,53800.0,100.0,5464100.0
954,2021-10-19 06:41:09,53800.0,200.0,5464000.0
955,2021-10-19 06:40:58,53800.0,800.0,5463800.0
956,2021-10-19 06:40:56,53700.0,3000.0,5463000.0
957,2021-10-19 06:40:51,53800.0,300.0,5460000.0
958,2021-10-19 06:40:43,53800.0,500.0,5459700.0
959,2021-10-19 06:40:35,53800.0,1000.0,5459200.0
960,2021-10-19 06:40:21,53700.0,100.0,5458200.0
961,2021-10-19 06:40:20,53800.0,2000.0,5458100.0
962,2021-10-19 06:40:18,53800.0,600.0,5456100.0
963,2021-10-19 06:39:56,53800.0,500.0,5455500.0
964,2021-10-19 06:39:32,53800.0,2100.0,5455000.0
965,2021-10-19 06:39:13,53700.0,100.0,5452900.0
966,2021-10-19 06:39:11,53700.0,800.0,5452800.0
967,2021-10-19 06:39:11,53700.0,2000.0,5452000.0
968,2021-10-19 06:39:11,53700.0,4300.0,5450000.0
969,2021-10-19 06:39:08,53800.0,1000.0,5445700.0
970,2021-10-19 06:39:05,53800.0,10000.0,5444700.0
971,2021-10-19 06:38:37,53700.0,800.0,5434700.0
972,2021-10-19 06:38:27,53700.0,300.0,5433900.0
973,2021-10-19 06:38:04,53700.0,1000.0,5433600.0
974,2021-10-19 06:37:55,53700.0,100.0,5432600.0
975,2021-10-19 06:37:50,53800.0,1000.0,5432500.0
976,2021-10-19 06:37:34,53700.0,300.0,5431500.0
977,2021-10-19 06:37:24,53700.0,100.0,5431200.0
978,2021-10-19 06:37:12,53800.0,1000.0,5431100.0
979,2021-10-19 06:36:47,53700.0,100.0,5430100.0
980,2021-10-19 06:36:27,53700.0,400.0,5430000.0
981,2021-10-19 06:36:14,53700.0,10000.0,5429600.0
982,2021-10-19 06:36:01,53700.0,100.0,5419600.0
983,2021-10-19 06:35:54,53700.0,200.0,5419500.0
984,2021-10-19 06:35:41,53700.0,1500.0,5419300.0
985,2021-10-19 06:35:34,53700.0,900.0,5417800.0
986,2021-10-19 06:35:32,53700.0,100.0,5416900.0
987,2021-10-19 06:35:25,53800.0,100.0,5416800.0
988,2021-10-19 06:35:23,53800.0,400.0,5416700.0
989,2021-10-19 06:35:22,53700.0,100.0,5416300.0
990,2021-10-19 06:35:15,53700.0,2000.0,5416200.0
991,2021-10-19 06:35:14,53700.0,200.0,5414200.0
992,2021-10-19 06:35:14,53700.0,1700.0,5414000.0
993,2021-10-19 06:35:12,53700.0,800.0,5412300.0
994,2021-10-19 06:35:12,53700.0,200.0,5411500.0
995,2021-10-19 06:35:12,53800.0,10000.0,5411300.0
996,2021-10-19 06:34:54,53800.0,300.0,5401300.0
997,2021-10-19 06:34:43,53800.0,200.0,5401000.0
998,2021-10-19 06:34:43,53800.0,100.0,5400800.0
999,2021-10-19 06:34:43,53800.0,300.0,5400700.0
1000,2021-10-19 06:34:43,53800.0,300.0,5400400.0
1001,2021-10-19 06:34:43,53800.0,300.0,5400100.0
1002,2021-10-19 06:34:43,53800.0,200.0,5399800.0
1003,2021-10-19 06:34:43,53800.0,10000.0,5399600.0
1004,2021-10-19 06:34:43,53800.0,10000.0,5389600.0
1005,2021-10-19 06:34:43,53800.0,100.0,5379600.0
1006,2021-10-19 06:34:43,53800.0,300.0,5379500.0
1007,2021-10-19 06:34:43,53800.0,200.0,5379200.0
1008,2021-10-19 06:34:43,53800.0,100.0,5379000.0
1009,2021-10-19 06:34:43,53800.0,1000.0,5378900.0
1010,2021-10-19 06:34:43,53800.0,100.0,5377900.0
1011,2021-10-19 06:34:43,53800.0,10000.0,5377800.0
1012,2021-10-19 06:34:43,53800.0,100.0,5367800.0
1013,2021-10-19 06:34:43,53800.0,200.0,5367700.0
1014,2021-10-19 06:34:43,53800.0,2000.0,5367500.0
1015,2021-10-19 06:34:43,53800.0,100.0,5365500.0
1016,2021-10-19 06:34:43,53800.0,200.0,5365400.0
1017,2021-10-19 06:34:43,53800.0,100.0,5365200.0
1018,2021-10-19 06:34:43,53800.0,2000.0,5365100.0
1019,2021-10-19 06:34:43,53800.0,1200.0,5363100.0
1020,2021-10-19 06:34:43,53800.0,100.0,5361900.0
1021,2021-10-19 06:34:43,53800.0,100.0,5361800.0
1022,2021-10-19 06:34:43,53800.0,1000.0,5361700.0
1023,2021-10-19 06:34:43,53800.0,300.0,5360700.0
1024,2021-10-19 06:34:43,53800.0,100.0,5360400.0
1025,2021-10-19 06:34:43,53800.0,200.0,5360300.0
1026,2021-10-19 06:34:43,53800.0,1000.0,5360100.0
1027,2021-10-19 06:34:43,53800.0,3000.0,5359100.0
1028,2021-10-19 06:34:43,53800.0,1000.0,5356100.0
1029,2021-10-19 06:34:43,53800.0,10000.0,5355100.0
1030,2021-10-19 06:34:43,53800.0,200.0,5345100.0
1031,2021-10-19 06:34:43,53800.0,100.0,5344900.0
1032,2021-10-19 06:34:43,53800.0,600.0,5344800.0
1033,2021-10-19 06:34:43,53800.0,200.0,5344200.0
1034,2021-10-19 06:34:43,53800.0,5000.0,5344000.0
1035,2021-10-19 06:34:43,53800.0,700.0,5339000.0
1036,2021-10-19 06:34:43,53800.0,400.0,5338300.0
1037,2021-10-19 06:34:43,53800.0,1000.0,5337900.0
1038,2021-10-19 06:34:43,53800.0,1000.0,5336900.0
1039,2021-10-19 06:34:43,53800.0,100.0,5335900.0
1040,2021-10-19 06:34:43,53800.0,500.0,5335800.0
1041,2021-10-19 06:34:43,53800.0,500.0,5335300.0
1042,2021-10-19 06:34:43,53800.0,5000.0,5334800.0
1043,2021-10-19 06:34:43,53800.0,100.0,5329800.0
1044,2021-10-19 06:34:43,53800.0,100.0,5329700.0
1045,2021-10-19 06:34:43,53800.0,2000.0,5329600.0
1046,2021-10-19 06:34:43,53800.0,100.0,5327600.0
1047,2021-10-19 06:34:43,53800.0,500.0,5327500.0
1048,2021-10-19 06:34:43,53800.0,100.0,5327000.0
1049,2021-10-19 06:34:43,53800.0,500.0,5326900.0
1050,2021-10-19 06:34:43,53800.0,200.0,5326400.0
1051,2021-10-19 06:34:43,53800.0,800.0,5326200.0
1052,2021-10-19 06:34:43,53800.0,100.0,5325400.0
1053,2021-10-19 06:34:43,53800.0,10000.0,5325300.0
1054,2021-10-19 06:34:43,53800.0,100.0,5315300.0
1055,2021-10-19 06:34:43,53800.0,500.0,5315200.0
1056,2021-10-19 06:34:43,53800.0,1000.0,5314700.0
1057,2021-10-19 06:34:43,53800.0,10000.0,5313700.0
1058,2021-10-19 06:34:43,53800.0,1000.0,5303700.0
1059,2021-10-19 06:34:43,53800.0,1000.0,5302700.0
1060,2021-10-19 06:34:43,53800.0,300.0,5301700.0
1061,2021-10-19 06:34:43,53800.0,100.0,5301400.0
1062,2021-10-19 06:34:43,53800.0,100.0,5301300.0
1063,2021-10-19 06:34:43,53800.0,100.0,5301200.0
1064,2021-10-19 06:34:43,53800.0,300.0,5301100.0
1065,2021-10-19 06:34:43,53800.0,900.0,5300800.0
1066,2021-10-19 06:34:43,53800.0,600.0,5299900.0
1067,2021-10-19 06:34:43,53800.0,1100.0,5299300.0
1068,2021-10-19 06:34:43,53800.0,200.0,5298200.0
1069,2021-10-19 06:34:43,53800.0,1000.0,5298000.0
1070,2021-10-19 06:34:43,53800.0,300.0,5297000.0
1071,2021-10-19 06:34:43,53800.0,500.0,5296700.0
1072,2021-10-19 06:34:43,53800.0,200.0,5296200.0
1073,2021-10-19 06:34:43,53800.0,400.0,5296000.0
1074,2021-10-19 06:34:43,53800.0,1000.0,5295600.0
1075,2021-10-19 06:34:43,53800.0,100.0,5294600.0
1076,2021-10-19 06:34:43,53800.0,100.0,5294500.0
1077,2021-10-19 06:34:43,53800.0,10000.0,5294400.0
1078,2021-10-19 06:34:43,53800.0,100.0,5284400.0
1079,2021-10-19 06:34:43,53800.0,2000.0,5284300.0
1080,2021-10-19 06:34:43,53800.0,200.0,5282300.0
1081,2021-10-19 06:34:43,53800.0,100.0,5282100.0
1082,2021-10-19 06:34:43,53800.0,1000.0,5282000.0
1083,2021-10-19 06:34:43,53800.0,3000.0,5281000.0
1084,2021-10-19 06:34:43,53800.0,6000.0,5278000.0
1085,2021-10-19 06:34:43,53800.0,1000.0,5272000.0
1086,2021-10-19 06:34:38,53800.0,1000.0,5271000.0
1087,2021-10-19 06:34:21,53900.0,400.0,5270000.0
1088,2021-10-19 06:34:08,53800.0,400.0,5269600.0
1089,2021-10-19 06:33:50,53800.0,300.0,5269200.0
1090,2021-10-19 06:33:32,53900.0,800.0,5268900.0
1091,2021-10-19 06:33:11,53800.0,100.0,5268100.0
1092,2021-10-19 06:33:04,53900.0,900.0,5268000.0
1093,2021-10-19 06:33:04,53900.0,1000.0,5267100.0
1094,2021-10-19 06:32:53,53900.0,2000.0,5266100.0
1095,2021-10-19 06:32:51,53900.0,100.0,5264100.0
1096,2021-10-19 06:32:04,53800.0,1700.0,5264000.0
1097,2021-10-19 06:31:57,53900.0,100.0,5262300.0
1098,2021-10-19 06:31:57,53900.0,500.0,5262200.0
1099,2021-10-19 06:31:57,53900.0,1300.0,5261700.0
1100,2021-10-19 06:31:53,53900.0,200.0,5260400.0
1101,2021-10-19 06:31:49,53900.0,200.0,5260200.0
1102,2021-10-19 06:31:47,53900.0,500.0,5260000.0
1103,2021-10-19 06:31:40,53900.0,1500.0,5259500.0
1104,2021-10-19 06:31:37,53900.0,800.0,5258000.0
1105,2021-10-19 06:31:37,53900.0,500.0,5257200.0
1106,2021-10-19 06:31:01,53800.0,1500.0,5256700.0
1107,2021-10-19 06:31:01,53800.0,200.0,5255200.0
1108,2021-10-19 06:31:01,53900.0,100.0,5255000.0
1109,2021-10-19 06:31:01,53900.0,4000.0,5254900.0
1110,2021-10-19 06:31:00,53900.0,2000.0,5250900.0
1111,2021-10-19 06:30:55,53900.0,4000.0,5248900.0
1112,2021-10-19 06:30:55,53900.0,3000.0,5244900.0
1113,2021-10-19 06:30:55,53900.0,100.0,5241900.0
1114,2021-10-19 06:30:55,53900.0,10000.0,5241800.0
1115,2021-10-19 06:30:55,53900.0,2900.0,5231800.0
1116,2021-10-19 06:30:54,53900.0,1000.0,5228900.0
1117,2021-10-19 06:30:49,53900.0,6100.0,5227900.0
1118,2021-10-19 06:30:49,53900.0,2000.0,5221800.0
1119,2021-10-19 06:30:49,53900.0,3900.0,5219800.0
1120,2021-10-19 06:30:47,53900.0,100.0,5215900.0
1121,2021-10-19 06:30:38,53900.0,100.0,5215800.0
1122,2021-10-19 06:30:38,53900.0,300.0,5215700.0
1123,2021-10-19 06:30:26,53900.0,700.0,5215400.0
1124,2021-10-19 06:30:15,53900.0,1000.0,5214700.0
1125,2021-10-19 06:30:12,53900.0,3900.0,5213700.0
1126,2021-10-19 06:30:06,53900.0,600.0,5209800.0
1127,2021-10-19 06:30:06,53900.0,1000.0,5209200.0
1128,2021-10-19 06:30:06,53900.0,8400.0,5208200.0
1129,2021-10-19 06:29:54,53900.0,100.0,5199800.0
1130,2021-10-19 06:29:54,53900.0,100.0,5199700.0
1131,2021-10-19 06:29:54,53900.0,10000.0,5199600.0
1132,2021-10-19 06:29:54,53900.0,200.0,5189600.0
1133,2021-10-19 06:29:54,53900.0,1200.0,5189400.0
1134,2021-10-19 06:29:50,53900.0,200.0,5188200.0
1135,2021-10-19 06:29:43,53900.0,400.0,5188000.0
1136,2021-10-19 06:29:38,53900.0,100.0,5187600.0
1137,2021-10-19 06:29:38,53900.0,1300.0,5187500.0
1138,2021-10-19 06:29:34,53900.0,2000.0,5186200.0
1139,2021-10-19 06:29:32,53900.0,2000.0,5184200.0
1140,2021-10-19 06:29:16,53900.0,1000.0,5182200.0
1141,2021-10-19 06:29:15,53900.0,300.0,5181200.0
1142,2021-10-19 06:29:13,53900.0,400.0,5180900.0
1143,2021-10-19 06:29:09,53900.0,100.0,5180500.0
1144,2021-10-19 06:29:09,53900.0,500.0,5180400.0
1145,2021-10-19 06:29:09,53900.0,2000.0,5179900.0
1146,2021-10-19 06:29:09,53900.0,700.0,5177900.0
1147,2021-10-19 06:29:09,53900.0,2800.0,5177200.0
1148,2021-10-19 06:29:09,53900.0,1000.0,5174400.0
1149,2021-10-19 06:29:09,53900.0,4000.0,5173400.0
1150,2021-10-19 06:28:48,53900.0,200.0,5169400.0
1151,2021-10-19 06:28:45,53900.0,500.0,5169200.0
1152,2021-10-19 06:28:37,53900.0,600.0,5168700.0
1153,2021-10-19 06:28:37,53900.0,1500.0,5168100.0
1154,2021-10-19 06:28:35,53900.0,400.0,5166600.0
1155,2021-10-19 06:28:34,53900.0,400.0,5166200.0
1156,2021-10-19 06:28:29,53900.0,5000.0,5165800.0
1157,2021-10-19 06:28:27,53900.0,400.0,5160800.0
1158,2021-10-19 06:28:27,53900.0,4400.0,5160400.0
1159,2021-10-19 06:28:24,53900.0,100.0,5156000.0
1160,2021-10-19 06:28:23,53900.0,500.0,5155900.0
1161,2021-10-19 06:28:23,53900.0,6000.0,5155400.0
1162,2021-10-19 06:28:20,53900.0,300.0,5149400.0
1163,2021-10-19 06:28:20,53900.0,100.0,5149100.0
1164,2021-10-19 06:28:19,54000.0,100.0,5149000.0
1165,2021-10-19 06:28:19,54000.0,500.0,5148900.0
1166,2021-10-19 06:28:19,54000.0,200.0,5148400.0
1167,2021-10-19 06:28:19,54000.0,100.0,5148200.0
1168,2021-10-19 06:28:18,53900.0,900.0,5148100.0
1169,2021-10-19 06:28:18,53900.0,8000.0,5147200.0
1170,2021-10-19 06:28:18,53900.0,300.0,5139200.0
1171,2021-10-19 06:28:18,53900.0,500.0,5138900.0
1172,2021-10-19 06:28:18,53900.0,300.0,5138400.0
1173,2021-10-19 06:28:17,53900.0,2700.0,5138100.0
1174,2021-10-19 06:28:17,53900.0,300.0,5135400.0
1175,2021-10-19 06:28:11,53900.0,500.0,5135100.0
1176,2021-10-19 06:28:08,53900.0,500.0,5134600.0
1177,2021-10-19 06:28:07,53900.0,700.0,5134100.0
1178,2021-10-19 06:28:07,53900.0,500.0,5133400.0
1179,2021-10-19 06:28:07,53900.0,1000.0,5132900.0
1180,2021-10-19 06:28:07,53900.0,100.0,5131900.0
1181,2021-10-19 06:28:07,53900.0,500.0,5131800.0
1182,2021-10-19 06:28:07,53900.0,300.0,5131300.0
1183,2021-10-19 06:28:07,53900.0,200.0,5131000.0
1184,2021-10-19 06:28:07,53900.0,400.0,5130800.0
1185,2021-10-19 06:28:07,53900.0,1400.0,5130400.0
1186,2021-10-19 06:28:07,53900.0,3000.0,5129000.0
1187,2021-10-19 06:28:04,53900.0,3000.0,5126000.0
1188,2021-10-19 06:28:03,53900.0,2600.0,5123000.0
1189,2021-10-19 06:28:03,53900.0,400.0,5120400.0
1190,2021-10-19 06:28:00,53900.0,1000.0,5120000.0
1191,2021-10-19 06:27:59,53900.0,1000.0,5119000.0
1192,2021-10-19 06:27:58,53900.0,1600.0,5118000.0
1193,2021-10-19 06:27:58,53900.0,10000.0,5116400.0
1194,2021-10-19 06:27:58,53900.0,300.0,5106400.0
1195,2021-10-19 06:27:58,53900.0,10000.0,5106100.0
1196,2021-10-19 06:27:58,53900.0,300.0,5096100.0
1197,2021-10-19 06:27:58,53900.0,400.0,5095800.0
1198,2021-10-19 06:27:58,53900.0,500.0,5095400.0
1199,2021-10-19 06:27:58,53900.0,400.0,5094900.0
1200,2021-10-19 06:27:58,53900.0,2000.0,5094500.0
1201,2021-10-19 06:27:58,53900.0,100.0,5092500.0
1202,2021-10-19 06:27:58,53900.0,4400.0,5092400.0
1203,2021-10-19 06:27:56,53900.0,100.0,5088000.0
1204,2021-10-19 06:27:53,53900.0,1000.0,5087900.0
1205,2021-10-19 06:27:52,53900.0,500.0,5086900.0
1206,2021-10-19 06:27:51,53900.0,1000.0,5086400.0
1207,2021-10-19 06:27:47,53900.0,2300.0,5085400.0
1208,2021-10-19 06:27:41,53900.0,100.0,5083100.0
1209,2021-10-19 06:27:36,53900.0,600.0,5083000.0
1210,2021-10-19 06:27:36,53900.0,500.0,5082400.0
1211,2021-10-19 06:27:36,53900.0,8900.0,5081900.0
1212,2021-10-19 06:27:34,53900.0,1000.0,5073000.0
1213,2021-10-19 06:27:24,53900.0,100.0,5072000.0
1214,2021-10-19 06:27:24,53900.0,200.0,5071900.0
1215,2021-10-19 06:27:24,53900.0,100.0,5071700.0
1216,2021-10-19 06:27:17,53900.0,100.0,5071600.0
1217,2021-10-19 06:27:17,53900.0,300.0,5071500.0
1218,2021-10-19 06:27:08,53900.0,200.0,5071200.0
1219,2021-10-19 06:27:08,53900.0,100.0,5071000.0
1220,2021-10-19 06:27:08,53900.0,100.0,5070900.0
1221,2021-10-19 06:27:08,53900.0,100.0,5070800.0
1222,2021-10-19 06:27:05,53900.0,300.0,5070700.0
1223,2021-10-19 06:27:04,53900.0,200.0,5070400.0
1224,2021-10-19 06:26:57,53900.0,100.0,5070200.0
1225,2021-10-19 06:26:57,53900.0,500.0,5070100.0
1226,2021-10-19 06:26:57,53900.0,1700.0,5069600.0
1227,2021-10-19 06:26:54,53900.0,300.0,5067900.0
1228,2021-10-19 06:26:54,53900.0,1000.0,5067600.0
1229,2021-10-19 06:26:54,53900.0,200.0,5066600.0
1230,2021-10-19 06:26:54,53900.0,100.0,5066400.0
1231,2021-10-19 06:26:54,53900.0,400.0,5066300.0
1232,2021-10-19 06:26:50,54000.0,400.0,5065900.0
1233,2021-10-19 06:26:50,54000.0,100.0,5065500.0
1234,2021-10-19 06:26:36,53900.0,100.0,5065400.0
1235,2021-10-19 06:26:31,53900.0,1500.0,5065300.0
1236,2021-10-19 06:26:31,53900.0,200.0,5063800.0
1237,2021-10-19 06:26:31,53900.0,3300.0,5063600.0
1238,2021-10-19 06:26:27,53900.0,100.0,5060300.0
1239,2021-10-19 06:26:25,53900.0,1500.0,5060200.0
1240,2021-10-19 06:26:25,53900.0,200.0,5058700.0
1241,2021-10-19 06:26:25,53900.0,3300.0,5058500.0
1242,2021-10-19 06:26:17,53900.0,900.0,5055200.0
1243,2021-10-19 06:26:15,53900.0,5800.0,5054300.0
1244,2021-10-19 06:26:15,53900.0,100.0,5048500.0
1245,2021-10-19 06:26:15,53900.0,1000.0,5048400.0
1246,2021-10-19 06:26:15,53900.0,500.0,5047400.0
1247,2021-10-19 06:26:15,53900.0,3000.0,5046900.0
1248,2021-10-19 06:26:15,53900.0,200.0,5043900.0
1249,2021-10-19 06:26:15,53900.0,100.0,5043700.0
1250,2021-10-19 06:26:15,53900.0,9300.0,5043600.0
1251,2021-10-19 06:26:14,53900.0,100.0,5034300.0
1252,2021-10-19 06:26:05,53900.0,600.0,5034200.0
1253,2021-10-19 06:26:05,53900.0,1000.0,5033600.0
1254,2021-10-19 06:26:05,53900.0,200.0,5032600.0
1255,2021-10-19 06:26:05,53900.0,100.0,5032400.0
1256,2021-10-19 06:26:05,53900.0,100.0,5032300.0
1257,2021-10-19 06:26:04,53900.0,200.0,5032200.0
1258,2021-10-19 06:26:02,53900.0,100.0,5032000.0
1259,2021-10-19 06:26:01,53900.0,100.0,5031900.0
1260,2021-10-19 06:26:01,53900.0,400.0,5031800.0
1261,2021-10-19 06:26:01,53900.0,2500.0,5031400.0
1262,2021-10-19 06:25:56,53900.0,100.0,5028900.0
1263,2021-10-19 06:25:56,53900.0,100.0,5028800.0
1264,2021-10-19 06:25:56,53900.0,100.0,5028700.0
1265,2021-10-19 06:25:56,53900.0,100.0,5028600.0
1266,2021-10-19 06:25:56,53900.0,100.0,5028500.0
1267,2021-10-19 06:25:53,53900.0,100.0,5028400.0
1268,2021-10-19 06:25:45,53900.0,400.0,5028300.0
1269,2021-10-19 06:25:45,53900.0,500.0,5027900.0
1270,2021-10-19 06:25:42,53900.0,1500.0,5027400.0
1271,2021-10-19 06:25:42,53900.0,200.0,5025900.0
1272,2021-10-19 06:25:42,53900.0,700.0,5025700.0
1273,2021-10-19 06:25:42,53900.0,400.0,5025000.0
1274,2021-10-19 06:25:42,53900.0,100.0,5024600.0
1275,2021-10-19 06:25:42,53900.0,100.0,5024500.0
1276,2021-10-19 06:25:37,53900.0,200.0,5024400.0
1277,2021-10-19 06:25:37,53900.0,200.0,5024200.0
1278,2021-10-19 06:25:37,53900.0,500.0,5024000.0
1279,2021-10-19 06:25:37,53900.0,1300.0,5023500.0
1280,2021-10-19 06:25:13,53900.0,200.0,5022200.0
1281,2021-10-19 06:25:11,53900.0,1500.0,5022000.0
1282,2021-10-19 06:25:11,53900.0,500.0,5020500.0
1283,2021-10-19 06:25:11,53900.0,500.0,5020000.0
1284,2021-10-19 06:25:11,53900.0,2000.0,5019500.0
1285,2021-10-19 06:25:11,53900.0,100.0,5017500.0
1286,2021-10-19 06:25:11,53900.0,100.0,5017400.0
1287,2021-10-19 06:25:11,53900.0,100.0,5017300.0
1288,2021-10-19 06:25:11,53900.0,100.0,5017200.0
1289,2021-10-19 06:25:11,53900.0,19100.0,5017100.0
1290,2021-10-19 06:24:46,54000.0,400.0,4998000.0
1291,2021-10-19 06:24:46,54000.0,1900.0,4997600.0
1292,2021-10-19 06:24:40,53900.0,1000.0,4995700.0
1293,2021-10-19 06:24:37,53900.0,600.0,4994700.0
1294,2021-10-19 06:24:32,53900.0,100.0,4994100.0
1295,2021-10-19 06:24:31,53900.0,1000.0,4994000.0
1296,2021-10-19 06:24:23,53900.0,600.0,4993000.0
1297,2021-10-19 06:24:17,53900.0,200.0,4992400.0
1298,2021-10-19 06:23:55,53900.0,100.0,4992200.0
1299,2021-10-19 06:23:52,53900.0,100.0,4992100.0
1300,2021-10-19 06:23:42,53900.0,100.0,4992000.0
1301,2021-10-19 06:23:42,54000.0,600.0,4991900.0
1302,2021-10-19 06:23:30,53900.0,1000.0,4991300.0
1303,2021-10-19 06:23:25,53900.0,300.0,4990300.0
1304,2021-10-19 06:23:22,53900.0,700.0,4990000.0
1305,2021-10-19 06:23:22,53900.0,200.0,4989300.0
1306,2021-10-19 06:23:19,53900.0,400.0,4989100.0
1307,2021-10-19 06:23:17,53900.0,300.0,4988700.0
1308,2021-10-19 06:23:16,53900.0,500.0,4988400.0
1309,2021-10-19 06:22:54,54000.0,100.0,4987900.0
1310,2021-10-19 06:22:25,53900.0,1700.0,4987800.0
1311,2021-10-19 06:22:25,53900.0,100.0,4986100.0
1312,2021-10-19 06:22:25,53900.0,300.0,4986000.0
1313,2021-10-19 06:22:25,53900.0,2000.0,4985700.0
1314,2021-10-19 06:22:25,53900.0,200.0,4983700.0
1315,2021-10-19 06:22:25,53900.0,1000.0,4983500.0
1316,2021-10-19 06:22:25,53900.0,1000.0,4982500.0
1317,2021-10-19 06:22:25,53900.0,200.0,4981500.0
1318,2021-10-19 06:22:25,53900.0,2000.0,4981300.0
1319,2021-10-19 06:22:25,53900.0,2000.0,4979300.0
1320,2021-10-19 06:22:25,53900.0,5000.0,4977300.0
1321,2021-10-19 06:22:25,53900.0,10000.0,4972300.0
1322,2021-10-19 06:22:25,53900.0,300.0,4962300.0
1323,2021-10-19 06:22:25,53900.0,500.0,4962000.0
1324,2021-10-19 06:22:25,53900.0,400.0,4961500.0
1325,2021-10-19 06:22:25,53900.0,100.0,4961100.0
1326,2021-10-19 06:22:25,53900.0,400.0,4961000.0
1327,2021-10-19 06:22:25,53900.0,300.0,4960600.0
1328,2021-10-19 06:22:25,53900.0,800.0,4960300.0
1329,2021-10-19 06:22:25,53900.0,400.0,4959500.0
1330,2021-10-19 06:22:25,53900.0,1000.0,4959100.0
1331,2021-10-19 06:22:25,53900.0,300.0,4958100.0
1332,2021-10-19 06:22:07,54000.0,500.0,4957800.0
1333,2021-10-19 06:21:38,53900.0,500.0,4957300.0
1334,2021-10-19 06:21:23,53900.0,100.0,4956800.0
1335,2021-10-19 06:21:18,54000.0,400.0,4956700.0
1336,2021-10-19 06:20:52,54000.0,1000.0,4956300.0
1337,2021-10-19 06:20:27,54000.0,1000.0,4955300.0
1338,2021-10-19 06:20:12,53900.0,900.0,4954300.0
1339,2021-10-19 06:20:06,54000.0,500.0,4953400.0
1340,2021-10-19 06:19:54,53900.0,1000.0,4952900.0
1341,2021-10-19 06:19:34,53900.0,900.0,4951900.0
1342,2021-10-19 06:19:34,53900.0,100.0,4951000.0
1343,2021-10-19 06:19:17,53900.0,900.0,4950900.0
1344,2021-10-19 06:19:17,53900.0,100.0,4950000.0
1345,2021-10-19 06:19:05,53900.0,100.0,4949900.0
1346,2021-10-19 06:18:58,53900.0,100.0,4949800.0
1347,2021-10-19 06:18:56,54000.0,5000.0,4949700.0
1348,2021-10-19 06:18:43,54000.0,900.0,4944700.0
1349,2021-10-19 06:18:26,54000.0,100.0,4943800.0
1350,2021-10-19 06:18:23,53900.0,700.0,4943700.0
1351,2021-10-19 06:18:23,53900.0,400.0,4943000.0
1352,2021-10-19 06:18:23,53900.0,400.0,4942600.0
1353,2021-10-19 06:18:23,53900.0,500.0,4942200.0
1354,2021-10-19 06:18:23,53900.0,100.0,4941700.0
1355,2021-10-19 06:18:23,53900.0,100.0,4941600.0
1356,2021-10-19 06:18:23,53900.0,800.0,4941500.0
1357,2021-10-19 06:18:21,53900.0,500.0,4940700.0
1358,2021-10-19 06:17:53,54000.0,1500.0,4940200.0
1359,2021-10-19 06:17:35,54000.0,5300.0,4938700.0
1360,2021-10-19 06:17:29,54000.0,500.0,4933400.0
1361,2021-10-19 06:17:07,53900.0,8700.0,4932900.0
1362,2021-10-19 06:17:07,53900.0,100.0,4924200.0
1363,2021-10-19 06:17:07,53900.0,2000.0,4924100.0
1364,2021-10-19 06:17:07,53900.0,300.0,4922100.0
1365,2021-10-19 06:17:07,53900.0,500.0,4921800.0
1366,2021-10-19 06:17:07,53900.0,200.0,4921300.0
1367,2021-10-19 06:17:07,53900.0,400.0,4921100.0
1368,2021-10-19 06:17:05,53900.0,9500.0,4920700.0
1369,2021-10-19 06:17:00,53900.0,100.0,4911200.0
1370,2021-10-19 06:17:00,53900.0,900.0,4911100.0
1371,2021-10-19 06:16:45,53900.0,100.0,4910200.0
1372,2021-10-19 06:16:26,53900.0,400.0,4910100.0
1373,2021-10-19 06:16:02,53900.0,600.0,4909700.0
1374,2021-10-19 06:16:02,53900.0,400.0,4909100.0
1375,2021-10-19 06:15:46,53900.0,100.0,4908700.0
1376,2021-10-19 06:15:46,53900.0,300.0,4908600.0
1377,2021-10-19 06:15:44,54000.0,200.0,4908300.0
1378,2021-10-19 06:15:34,53900.0,800.0,4908100.0
1379,2021-10-19 06:15:29,53900.0,900.0,4907300.0
1380,2021-10-19 06:15:29,53900.0,4100.0,4906400.0
1381,2021-10-19 06:15:26,53900.0,1000.0,4902300.0
1382,2021-10-19 06:15:22,54000.0,500.0,4901300.0
1383,2021-10-19 06:15:15,53900.0,200.0,4900800.0
1384,2021-10-19 06:14:42,53900.0,100.0,4900600.0
1385,2021-10-19 06:14:40,54000.0,800.0,4900500.0
1386,2021-10-19 06:14:40,54000.0,500.0,4899700.0
1387,2021-10-19 06:14:40,54000.0,200.0,4899200.0
1388,2021-10-19 06:14:40,54000.0,500.0,4899000.0
1389,2021-10-19 06:14:26,53900.0,100.0,4898500.0
1390,2021-10-19 06:14:20,54000.0,300.0,4898400.0
1391,2021-10-19 06:14:14,53900.0,300.0,4898100.0
1392,2021-10-19 06:14:13,54000.0,100.0,4897800.0
1393,2021-10-19 06:14:13,54000.0,300.0,4897700.0
1394,2021-10-19 06:14:13,54000.0,500.0,4897400.0
1395,2021-10-19 06:14:13,54000.0,100.0,4896900.0
1396,2021-10-19 06:14:13,54000.0,1000.0,4896800.0
1397,2021-10-19 06:14:13,54000.0,300.0,4895800.0
1398,2021-10-19 06:14:13,54000.0,500.0,4895500.0
1399,2021-10-19 06:14:13,54000.0,1200.0,4895000.0
1400,2021-10-19 06:14:09,54000.0,500.0,4893800.0
1401,2021-10-19 06:13:37,54000.0,3000.0,4893300.0
1402,2021-10-19 06:13:37,54000.0,100.0,4890300.0
1403,2021-10-19 06:13:37,54000.0,100.0,4890200.0
1404,2021-10-19 06:13:37,54000.0,1000.0,4890100.0
1405,2021-10-19 06:13:37,54000.0,700.0,4889100.0
1406,2021-10-19 06:13:37,54000.0,100.0,4888400.0
1407,2021-10-19 06:13:37,54000.0,400.0,4888300.0
1408,2021-10-19 06:13:37,54000.0,5000.0,4887900.0
1409,2021-10-19 06:13:37,54000.0,400.0,4882900.0
1410,2021-10-19 06:13:37,54000.0,300.0,4882500.0
1411,2021-10-19 06:13:37,54000.0,2000.0,4882200.0
1412,2021-10-19 06:13:37,54000.0,900.0,4880200.0
1413,2021-10-19 06:13:36,54000.0,100.0,4879300.0
1414,2021-10-19 06:13:36,54000.0,100.0,4879200.0
1415,2021-10-19 06:13:28,54000.0,400.0,4879100.0
1416,2021-10-19 06:13:28,54000.0,200.0,4878700.0
1417,2021-10-19 06:13:28,54000.0,100.0,4878500.0
1418,2021-10-19 06:13:28,54000.0,600.0,4878400.0
1419,2021-10-19 06:13:28,54000.0,100.0,4877800.0
1420,2021-10-19 06:13:28,54000.0,600.0,4877700.0
1421,2021-10-19 06:13:22,54000.0,400.0,4877100.0
1422,2021-10-19 06:13:22,54000.0,100.0,4876700.0
1423,2021-10-19 06:13:13,54000.0,300.0,4876600.0
1424,2021-10-19 06:13:13,54000.0,700.0,4876300.0
1425,2021-10-19 06:13:07,54000.0,300.0,4875600.0
1426,2021-10-19 06:12:49,54000.0,500.0,4875300.0
1427,2021-10-19 06:12:35,54100.0,200.0,4874800.0
1428,2021-10-19 06:12:32,54000.0,100.0,4874600.0
1429,2021-10-19 06:12:32,54000.0,200.0,4874500.0
1430,2021-10-19 06:12:22,54000.0,100.0,4874300.0
1431,2021-10-19 06:12:10,54000.0,100.0,4874200.0
1432,2021-10-19 06:12:10,54000.0,100.0,4874100.0
1433,2021-10-19 06:12:08,54000.0,200.0,4874000.0
1434,2021-10-19 06:12:08,54000.0,100.0,4873800.0
1435,2021-10-19 06:12:08,54000.0,100.0,4873700.0
1436,2021-10-19 06:12:08,54000.0,100.0,4873600.0
1437,2021-10-19 06:12:06,54000.0,100.0,4873500.0
1438,2021-10-19 06:12:04,54100.0,400.0,4873400.0
1439,2021-10-19 06:12:00,54000.0,400.0,4873000.0
1440,2021-10-19 06:11:52,54000.0,1400.0,4872600.0
1441,2021-10-19 06:11:52,54000.0,1600.0,4871200.0
1442,2021-10-19 06:11:48,54000.0,300.0,4869600.0
1443,2021-10-19 06:11:43,54000.0,100.0,4869300.0
1444,2021-10-19 06:11:12,54000.0,100.0,4869200.0
1445,2021-10-19 06:10:50,54000.0,100.0,4869100.0
1446,2021-10-19 06:10:26,54000.0,2000.0,4869000.0
1447,2021-10-19 06:10:19,54000.0,300.0,4867000.0
1448,2021-10-19 06:10:19,54000.0,500.0,4866700.0
1449,2021-10-19 06:10:19,54000.0,200.0,4866200.0
1450,2021-10-19 06:10:19,54000.0,300.0,4866000.0
1451,2021-10-19 06:09:50,54000.0,100.0,4865700.0
1452,2021-10-19 06:09:48,54000.0,300.0,4865600.0
1453,2021-10-19 06:09:38,54100.0,1000.0,4865300.0
1454,2021-10-19 06:08:54,54100.0,600.0,4864300.0
1455,2021-10-19 06:08:32,54100.0,900.0,4863700.0
1456,2021-10-19 06:08:19,54000.0,200.0,4862800.0
1457,2021-10-19 06:08:15,54000.0,100.0,4862600.0
1458,2021-10-19 06:08:10,54000.0,900.0,4862500.0
1459,2021-10-19 06:08:10,54000.0,2100.0,4861600.0
1460,2021-10-19 06:07:37,54000.0,700.0,4859500.0
1461,2021-10-19 06:07:37,54000.0,100.0,4858800.0
1462,2021-10-19 06:07:37,54000.0,100.0,4858700.0
1463,2021-10-19 06:07:37,54000.0,100.0,4858600.0
1464,2021-10-19 06:07:37,54000.0,2000.0,4858500.0
1465,2021-10-19 06:07:37,54000.0,100.0,4856500.0
1466,2021-10-19 06:07:37,54000.0,1900.0,4856400.0
1467,2021-10-19 06:07:36,54000.0,100.0,4854500.0
1468,2021-10-19 06:07:36,54000.0,300.0,4854400.0
1469,2021-10-19 06:07:34,54000.0,100.0,4854100.0
1470,2021-10-19 06:07:19,54000.0,100.0,4854000.0
1471,2021-10-19 06:07:19,54000.0,400.0,4853900.0
1472,2021-10-19 06:07:02,54000.0,100.0,4853500.0
1473,2021-10-19 06:07:02,54000.0,900.0,4853400.0
1474,2021-10-19 06:06:51,54100.0,5000.0,4852500.0
1475,2021-10-19 06:06:50,54000.0,100.0,4847500.0
1476,2021-10-19 06:06:50,54000.0,200.0,4847400.0
1477,2021-10-19 06:06:43,54000.0,300.0,4847200.0
1478,2021-10-19 06:06:35,54000.0,100.0,4846900.0
1479,2021-10-19 06:06:35,54000.0,100.0,4846800.0
1480,2021-10-19 06:06:20,54000.0,100.0,4846700.0
1481,2021-10-19 06:06:15,54000.0,300.0,4846600.0
1482,2021-10-19 06:05:23,54000.0,300.0,4846300.0
1483,2021-10-19 06:05:18,54000.0,100.0,4846000.0
1484,2021-10-19 06:05:15,54000.0,100.0,4845900.0
1485,2021-10-19 06:05:15,54000.0,100.0,4845800.0
1486,2021-10-19 06:05:15,54000.0,300.0,4845700.0
1487,2021-10-19 06:04:58,54000.0,100.0,4845400.0
1488,2021-10-19 06:04:58,54000.0,700.0,4845300.0
1489,2021-10-19 06:04:58,54000.0,100.0,4844600.0
1490,2021-10-19 06:04:58,54000.0,1000.0,4844500.0
1491,2021-10-19 06:04:58,54000.0,100.0,4843500.0
1492,2021-10-19 06:04:47,54000.0,200.0,4843400.0
1493,2021-10-19 06:04:42,54100.0,2100.0,4843200.0
1494,2021-10-19 06:04:42,54100.0,100.0,4841100.0
1495,2021-10-19 06:04:42,54100.0,200.0,4841000.0
1496,2021-10-19 06:04:42,54100.0,100.0,4840800.0
1497,2021-10-19 06:04:42,54100.0,1000.0,4840700.0
1498,2021-10-19 06:04:42,54100.0,300.0,4839700.0
1499,2021-10-19 06:04:42,54100.0,1000.0,4839400.0
1500,2021-10-19 06:04:42,54100.0,600.0,4838400.0
1501,2021-10-19 06:04:42,54100.0,100.0,4837800.0
1502,2021-10-19 06:04:42,54100.0,400.0,4837700.0
1503,2021-10-19 06:04:42,54100.0,100.0,4837300.0
1504,2021-10-19 06:04:42,54100.0,100.0,4837200.0
1505,2021-10-19 06:04:42,54100.0,900.0,4837100.0
1506,2021-10-19 06:04:35,54000.0,300.0,4836200.0
1507,2021-10-19 06:04:35,54000.0,400.0,4835900.0
1508,2021-10-19 06:04:35,54000.0,1100.0,4835500.0
1509,2021-10-19 06:04:35,54000.0,200.0,4834400.0
1510,2021-10-19 06:04:26,54100.0,100.0,4834200.0
1511,2021-10-19 06:04:26,54100.0,100.0,4834100.0
1512,2021-10-19 06:04:26,54100.0,200.0,4834000.0
1513,2021-10-19 06:04:23,54000.0,300.0,4833800.0
1514,2021-10-19 06:04:23,54000.0,200.0,4833500.0
1515,2021-10-19 06:04:23,54000.0,500.0,4833300.0
1516,2021-10-19 06:04:04,54000.0,300.0,4832800.0
1517,2021-10-19 06:03:38,54000.0,2200.0,4832500.0
1518,2021-10-19 06:03:38,54000.0,1000.0,4830300.0
1519,2021-10-19 06:03:38,54000.0,4500.0,4829300.0
1520,2021-10-19 06:03:38,54000.0,1700.0,4824800.0
1521,2021-10-19 06:03:38,54000.0,200.0,4823100.0
1522,2021-10-19 06:03:38,54000.0,500.0,4822900.0
1523,2021-10-19 06:03:38,54000.0,200.0,4822400.0
1524,2021-10-19 06:03:38,54000.0,600.0,4822200.0
1525,2021-10-19 06:03:38,54000.0,100.0,4821600.0
1526,2021-10-19 06:03:38,54000.0,1000.0,4821500.0
1527,2021-10-19 06:03:38,54000.0,500.0,4820500.0
1528,2021-10-19 06:03:38,54000.0,100.0,4820000.0
1529,2021-10-19 06:03:38,54000.0,400.0,4819900.0
1530,2021-10-19 06:03:09,54000.0,100.0,4819500.0
1531,2021-10-19 06:03:09,54000.0,200.0,4819400.0
1532,2021-10-19 06:03:09,54000.0,100.0,4819200.0
1533,2021-10-19 06:03:04,54000.0,100.0,4819100.0
1534,2021-10-19 06:03:04,54000.0,100.0,4819000.0
1535,2021-10-19 06:03:04,54000.0,700.0,4818900.0
1536,2021-10-19 06:03:04,54000.0,1000.0,4818200.0
1537,2021-10-19 06:03:04,54000.0,500.0,4817200.0
1538,2021-10-19 06:03:04,54000.0,700.0,4816700.0
1539,2021-10-19 06:03:04,54000.0,1000.0,4816000.0
1540,2021-10-19 06:03:04,54000.0,600.0,4815000.0
1541,2021-10-19 06:03:04,54000.0,1000.0,4814400.0
1542,2021-10-19 06:03:04,54000.0,1000.0,4813400.0
1543,2021-10-19 06:03:04,54000.0,100.0,4812400.0
1544,2021-10-19 06:03:04,54000.0,3000.0,4812300.0
1545,2021-10-19 06:03:04,54000.0,2000.0,4809300.0
1546,2021-10-19 06:03:04,54000.0,300.0,4807300.0
1547,2021-10-19 06:03:04,54000.0,100.0,4807000.0
1548,2021-10-19 06:03:04,54000.0,400.0,4806900.0
1549,2021-10-19 06:03:04,54000.0,900.0,4806500.0
1550,2021-10-19 06:03:04,54000.0,100.0,4805600.0
1551,2021-10-19 06:03:04,54000.0,2000.0,4805500.0
1552,2021-10-19 06:03:04,54000.0,4000.0,4803500.0
1553,2021-10-19 06:03:04,54000.0,100.0,4799500.0
1554,2021-10-19 06:03:04,54000.0,1600.0,4799400.0
1555,2021-10-19 06:03:04,54000.0,500.0,4797800.0
1556,2021-10-19 06:03:04,54000.0,2000.0,4797300.0
1557,2021-10-19 06:03:04,54000.0,300.0,4795300.0
1558,2021-10-19 06:03:04,54000.0,1000.0,4795000.0
1559,2021-10-19 06:03:04,54000.0,400.0,4794000.0
1560,2021-10-19 06:03:04,54000.0,2400.0,4793600.0
1561,2021-10-19 06:03:04,54000.0,500.0,4791200.0
1562,2021-10-19 06:03:04,54000.0,1000.0,4790700.0
1563,2021-10-19 06:03:04,54000.0,700.0,4789700.0
1564,2021-10-19 06:02:53,54100.0,100.0,4789000.0
1565,2021-10-19 06:02:46,54100.0,200.0,4788900.0
1566,2021-10-19 06:02:12,54100.0,800.0,4788700.0
1567,2021-10-19 06:02:12,54100.0,100.0,4787900.0
1568,2021-10-19 06:02:12,54100.0,100.0,4787800.0
1569,2021-10-19 06:02:05,54100.0,100.0,4787700.0
1570,2021-10-19 06:02:05,54100.0,300.0,4787600.0
1571,2021-10-19 06:02:01,54100.0,500.0,4787300.0
1572,2021-10-19 06:02:00,54100.0,1800.0,4786800.0
1573,2021-10-19 06:01:48,54100.0,400.0,4785000.0
1574,2021-10-19 06:01:48,54100.0,300.0,4784600.0
1575,2021-10-19 06:01:48,54100.0,100.0,4784300.0
1576,2021-10-19 06:01:48,54100.0,100.0,4784200.0
1577,2021-10-19 06:01:48,54100.0,500.0,4784100.0
1578,2021-10-19 06:01:48,54100.0,500.0,4783600.0
1579,2021-10-19 06:01:48,54100.0,200.0,4783100.0
1580,2021-10-19 06:01:48,54100.0,300.0,4782900.0
1581,2021-10-19 06:01:48,54100.0,300.0,4782600.0
1582,2021-10-19 06:01:48,54100.0,100.0,4782300.0
1583,2021-10-19 06:01:48,54100.0,500.0,4782200.0
1584,2021-10-19 06:01:48,54100.0,100.0,4781700.0
1585,2021-10-19 06:01:48,54100.0,100.0,4781600.0
1586,2021-10-19 06:01:48,54100.0,100.0,4781500.0
1587,2021-10-19 06:01:48,54100.0,100.0,4781400.0
1588,2021-10-19 06:01:48,54100.0,100.0,4781300.0
1589,2021-10-19 06:01:48,54100.0,200.0,4781200.0
1590,2021-10-19 06:01:48,54100.0,300.0,4781000.0
1591,2021-10-19 06:01:48,54100.0,1000.0,4780700.0
1592,2021-10-19 06:01:48,54100.0,400.0,4779700.0
1593,2021-10-19 06:01:48,54100.0,2000.0,4779300.0
1594,2021-10-19 06:01:48,54100.0,100.0,4777300.0
1595,2021-10-19 06:01:48,54100.0,500.0,4777200.0
1596,2021-10-19 06:01:48,54100.0,200.0,4776700.0
1597,2021-10-19 06:01:48,54100.0,200.0,4776500.0
1598,2021-10-19 06:01:48,54100.0,1000.0,4776300.0
1599,2021-10-19 06:01:48,54100.0,300.0,4775300.0
1600,2021-10-19 06:01:37,54000.0,100.0,4775000.0
1601,2021-10-19 06:01:33,54100.0,300.0,4774900.0
1602,2021-10-19 06:01:22,54100.0,100.0,4774600.0
1603,2021-10-19 06:01:17,54000.0,200.0,4774500.0
1604,2021-10-19 06:01:17,54000.0,100.0,4774300.0
1605,2021-10-19 06:00:57,54000.0,300.0,4774200.0
1606,2021-10-19 06:00:49,54000.0,100.0,4773900.0
1607,2021-10-19 06:00:33,54000.0,100.0,4773800.0
1608,2021-10-19 06:00:28,54000.0,100.0,4773700.0
1609,2021-10-19 06:00:27,54000.0,300.0,4773600.0
1610,2021-10-19 06:00:27,54000.0,700.0,4773300.0
1611,2021-10-19 06:00:27,54000.0,700.0,4772600.0
1612,2021-10-19 06:00:27,54000.0,500.0,4771900.0
1613,2021-10-19 06:00:27,54000.0,500.0,4771400.0
1614,2021-10-19 06:00:27,54100.0,300.0,4770900.0
1615,2021-10-19 06:00:27,54100.0,200.0,4770600.0
1616,2021-10-19 06:00:27,54100.0,100.0,4770400.0
1617,2021-10-19 06:00:27,54100.0,200.0,4770300.0
1618,2021-10-19 06:00:27,54100.0,700.0,4770100.0
1619,2021-10-19 06:00:26,54000.0,500.0,4769400.0
1620,2021-10-19 06:00:22,54000.0,5000.0,4768900.0
1621,2021-10-19 06:00:22,54100.0,200.0,4763900.0
1622,2021-10-19 06:00:19,54000.0,1200.0,4763700.0
1623,2021-10-19 06:00:18,54000.0,500.0,4762500.0
1624,2021-10-19 06:00:16,54000.0,100.0,4762000.0
1625,2021-10-19 06:00:14,54000.0,100.0,4761900.0
1626,2021-10-19 06:00:08,54000.0,100.0,4761800.0
1627,2021-10-19 06:00:08,54000.0,500.0,4761700.0
1628,2021-10-19 06:00:08,54100.0,400.0,4761200.0
1629,2021-10-19 06:00:08,54100.0,100.0,4760800.0
1630,2021-10-19 06:00:08,54100.0,1500.0,4760700.0
1631,2021-10-19 06:00:06,54100.0,500.0,4759200.0
1632,2021-10-19 06:00:03,54100.0,100.0,4758700.0
1633,2021-10-19 06:00:02,54100.0,400.0,4758600.0
1634,2021-10-19 06:00:02,54100.0,100.0,4758200.0
1635,2021-10-19 06:00:01,54100.0,100.0,4758100.0
1636,2021-10-19 06:00:01,54100.0,800.0,4758000.0
1637,2021-10-19 06:00:01,54100.0,200.0,4757200.0
1638,2021-10-19 06:00:00,54100.0,2000.0,4757000.0
1639,2021-10-19 06:00:00,54100.0,500.0,4755000.0
1640,2021-10-19 06:00:00,54100.0,200.0,4754500.0
1641,2021-10-19 04:29:57,54000.0,500.0,4754300.0
1642,2021-10-19 04:28:50,54100.0,100.0,4753800.0
1643,2021-10-19 04:28:45,54000.0,400.0,4753700.0
1644,2021-10-19 04:27:50,54100.0,200.0,4753300.0
1645,2021-10-19 04:27:50,54100.0,600.0,4753100.0
1646,2021-10-19 04:27:49,54000.0,100.0,4752500.0
1647,2021-10-19 04:27:29,54000.0,200.0,4752400.0
1648,2021-10-19 04:27:27,54000.0,1100.0,4752200.0
1649,2021-10-19 04:27:20,54000.0,500.0,4751100.0
1650,2021-10-19 04:27:17,54100.0,500.0,4750600.0
1651,2021-10-19 04:26:44,54100.0,1000.0,4750100.0
1652,2021-10-19 04:26:33,54000.0,1000.0,4749100.0
1653,2021-10-19 04:26:32,54000.0,300.0,4748100.0
1654,2021-10-19 04:26:13,54000.0,100.0,4747800.0
1655,2021-10-19 04:26:13,54100.0,100.0,4747700.0
1656,2021-10-19 04:26:08,54000.0,300.0,4747600.0
1657,2021-10-19 04:26:06,54000.0,500.0,4747300.0
1658,2021-10-19 04:25:50,54000.0,100.0,4746800.0
1659,2021-10-19 04:25:32,54000.0,300.0,4746700.0
1660,2021-10-19 04:25:22,54000.0,100.0,4746400.0
1661,2021-10-19 04:25:22,54000.0,500.0,4746300.0
1662,2021-10-19 04:25:22,54000.0,200.0,4745800.0
1663,2021-10-19 04:25:22,54000.0,200.0,4745600.0
1664,2021-10-19 04:25:18,54000.0,400.0,4745400.0
1665,2021-10-19 04:25:18,54000.0,500.0,4745000.0
1666,2021-10-19 04:25:18,54000.0,100.0,4744500.0
1667,2021-10-19 04:25:08,54000.0,900.0,4744400.0
1668,2021-10-19 04:25:08,54000.0,2000.0,4743500.0
1669,2021-10-19 04:25:08,54000.0,1500.0,4741500.0
1670,2021-10-19 04:25:08,54000.0,1800.0,4740000.0
1671,2021-10-19 04:25:08,54000.0,200.0,4738200.0
1672,2021-10-19 04:25:08,54000.0,2000.0,4738000.0
1673,2021-10-19 04:25:08,54000.0,100.0,4736000.0
1674,2021-10-19 04:25:08,54000.0,200.0,4735900.0
1675,2021-10-19 04:25:08,54000.0,1000.0,4735700.0
1676,2021-10-19 04:25:08,54000.0,100.0,4734700.0
1677,2021-10-19 04:25:08,54000.0,500.0,4734600.0
1678,2021-10-19 04:25:08,54000.0,400.0,4734100.0
1679,2021-10-19 04:25:08,54000.0,500.0,4733700.0
1680,2021-10-19 04:25:08,54000.0,500.0,4733200.0
1681,2021-10-19 04:25:08,54000.0,300.0,4732700.0
1682,2021-10-19 04:25:08,54000.0,200.0,4732400.0
1683,2021-10-19 04:25:08,54000.0,5100.0,4732200.0
1684,2021-10-19 04:25:08,54000.0,2000.0,4727100.0
1685,2021-10-19 04:25:08,54000.0,500.0,4725100.0
1686,2021-10-19 04:25:08,54000.0,200.0,4724600.0
1687,2021-10-19 04:24:54,54100.0,500.0,4724400.0
1688,2021-10-19 04:24:47,54000.0,800.0,4723900.0
1689,2021-10-19 04:24:47,54000.0,100.0,4723100.0
1690,2021-10-19 04:24:47,54000.0,100.0,4723000.0
1691,2021-10-19 04:24:41,54100.0,2000.0,4722900.0
1692,2021-10-19 04:24:33,54100.0,1900.0,4720900.0
1693,2021-10-19 04:24:18,54000.0,400.0,4719000.0
1694,2021-10-19 04:24:09,54000.0,1000.0,4718600.0
1695,2021-10-19 04:23:49,54100.0,3000.0,4717600.0
1696,2021-10-19 04:23:43,54100.0,100.0,4714600.0
1697,2021-10-19 04:23:23,54100.0,400.0,4714500.0
1698,2021-10-19 04:23:22,54100.0,100.0,4714100.0
1699,2021-10-19 04:22:36,54100.0,600.0,4714000.0
1700,2021-10-19 04:22:27,54000.0,1000.0,4713400.0
1701,2021-10-19 04:22:27,54000.0,1000.0,4712400.0
1702,2021-10-19 04:22:11,54000.0,100.0,4711400.0
1703,2021-10-19 04:22:05,54000.0,300.0,4711300.0
1704,2021-10-19 04:21:50,54100.0,300.0,4711000.0
1705,2021-10-19 04:21:24,54100.0,2000.0,4710700.0
1706,2021-10-19 04:21:18,54100.0,2000.0,4708700.0
1707,2021-10-19 04:20:40,54100.0,5000.0,4706700.0
1708,2021-10-19 04:20:35,54000.0,300.0,4701700.0
1709,2021-10-19 04:20:24,54000.0,3000.0,4701400.0
1710,2021-10-19 04:20:24,54000.0,100.0,4698400.0
1711,2021-10-19 04:20:23,54000.0,100.0,4698300.0
1712,2021-10-19 04:20:20,54000.0,500.0,4698200.0
1713,2021-10-19 04:20:15,54100.0,5000.0,4697700.0
1714,2021-10-19 04:20:12,54000.0,100.0,4692700.0
1715,2021-10-19 04:19:55,54000.0,400.0,4692600.0
1716,2021-10-19 04:19:52,54000.0,100.0,4692200.0
1717,2021-10-19 04:19:41,54000.0,100.0,4692100.0
1718,2021-10-19 04:19:36,54000.0,3000.0,4692000.0
1719,2021-10-19 04:19:19,54000.0,900.0,4689000.0
1720,2021-10-19 04:19:19,54000.0,100.0,4688100.0
1721,2021-10-19 04:19:19,54000.0,200.0,4688000.0
1722,2021-10-19 04:19:05,54000.0,300.0,4687800.0
1723,2021-10-19 04:19:05,54000.0,300.0,4687500.0
1724,2021-10-19 04:19:05,54000.0,900.0,4687200.0
1725,2021-10-19 04:18:51,54000.0,100.0,4686300.0
1726,2021-10-19 04:18:51,54000.0,200.0,4686200.0
1727,2021-10-19 04:18:51,54000.0,1000.0,4686000.0
1728,2021-10-19 04:18:51,54000.0,200.0,4685000.0
1729,2021-10-19 04:18:51,54000.0,1500.0,4684800.0
1730,2021-10-19 04:18:42,54000.0,100.0,4683300.0
1731,2021-10-19 04:18:36,54000.0,2700.0,4683200.0
1732,2021-10-19 04:18:33,54000.0,500.0,4680500.0
1733,2021-10-19 04:18:32,54000.0,200.0,4680000.0
1734,2021-10-19 04:18:32,54000.0,300.0,4679800.0
1735,2021-10-19 04:18:32,54000.0,1500.0,4679500.0
1736,2021-10-19 04:18:31,54100.0,1700.0,4678000.0
1737,2021-10-19 04:18:31,54100.0,200.0,4676300.0
1738,2021-10-19 04:18:31,54100.0,400.0,4676100.0
1739,2021-10-19 04:18:31,54100.0,700.0,4675700.0
1740,2021-10-19 04:18:31,54100.0,100.0,4675000.0
1741,2021-10-19 04:18:31,54100.0,500.0,4674900.0
1742,2021-10-19 04:18:31,54100.0,1500.0,4674400.0
1743,2021-10-19 04:18:31,54100.0,1000.0,4672900.0
1744,2021-10-19 04:18:31,54100.0,1000.0,4671900.0
1745,2021-10-19 04:18:31,54100.0,200.0,4670900.0
1746,2021-10-19 04:18:31,54100.0,100.0,4670700.0
1747,2021-10-19 04:18:31,54100.0,200.0,4670600.0
1748,2021-10-19 04:18:31,54100.0,100.0,4670400.0
1749,2021-10-19 04:18:31,54100.0,200.0,4670300.0
1750,2021-10-19 04:18:31,54100.0,1000.0,4670100.0
1751,2021-10-19 04:18:31,54100.0,1000.0,4669100.0
1752,2021-10-19 04:18:31,54100.0,2100.0,4668100.0
1753,2021-10-19 04:18:28,54000.0,500.0,4666000.0
1754,2021-10-19 04:18:14,54000.0,500.0,4665500.0
1755,2021-10-19 04:18:14,54000.0,1500.0,4665000.0
1756,2021-10-19 04:18:04,54000.0,200.0,4663500.0
1757,2021-10-19 04:18:02,54000.0,700.0,4663300.0
1758,2021-10-19 04:18:02,54000.0,300.0,4662600.0
1759,2021-10-19 04:17:41,54000.0,300.0,4662300.0
1760,2021-10-19 04:17:30,54000.0,200.0,4662000.0
1761,2021-10-19 04:17:30,54000.0,100.0,4661800.0
1762,2021-10-19 04:17:21,54100.0,600.0,4661700.0
1763,2021-10-19 04:16:43,54100.0,1800.0,4661100.0
1764,2021-10-19 04:16:40,54100.0,1000.0,4659300.0
1765,2021-10-19 04:16:17,54100.0,9000.0,4658300.0
1766,2021-10-19 04:16:17,54100.0,100.0,4649300.0
1767,2021-10-19 04:16:17,54100.0,500.0,4649200.0
1768,2021-10-19 04:16:17,54100.0,100.0,4648700.0
1769,2021-10-19 04:16:17,54100.0,5300.0,4648600.0
1770,2021-10-19 04:16:07,54000.0,500.0,4643300.0
1771,2021-10-19 04:15:53,54000.0,100.0,4642800.0
1772,2021-10-19 04:15:53,54000.0,1200.0,4642700.0
1773,2021-10-19 04:15:53,54000.0,2800.0,4641500.0
1774,2021-10-19 04:15:48,54000.0,200.0,4638700.0
1775,2021-10-19 04:15:36,54000.0,200.0,4638500.0
1776,2021-10-19 04:15:36,54000.0,200.0,4638300.0
1777,2021-10-19 04:15:36,54000.0,500.0,4638100.0
1778,2021-10-19 04:15:36,54000.0,100.0,4637600.0
1779,2021-10-19 04:15:27,54000.0,400.0,4637500.0
1780,2021-10-19 04:15:09,54000.0,500.0,4637100.0
1781,2021-10-19 04:15:03,54000.0,500.0,4636600.0
1782,2021-10-19 04:14:41,54000.0,500.0,4636100.0
1783,2021-10-19 04:13:37,54100.0,200.0,4635600.0
1784,2021-10-19 04:13:16,54000.0,300.0,4635400.0
1785,2021-10-19 04:13:12,54100.0,400.0,4635100.0
1786,2021-10-19 04:13:10,54000.0,200.0,4634700.0
1787,2021-10-19 04:13:07,54000.0,100.0,4634500.0
1788,2021-10-19 04:12:49,54000.0,100.0,4634400.0
1789,2021-10-19 04:12:32,54100.0,1100.0,4634300.0
1790,2021-10-19 04:12:32,54100.0,200.0,4633200.0
1791,2021-10-19 04:12:32,54100.0,100.0,4633000.0
1792,2021-10-19 04:12:32,54100.0,100.0,4632900.0
1793,2021-10-19 04:12:32,54100.0,100.0,4632800.0
1794,2021-10-19 04:12:32,54100.0,100.0,4632700.0
1795,2021-10-19 04:12:32,54100.0,500.0,4632600.0
1796,2021-10-19 04:12:32,54100.0,500.0,4632100.0
1797,2021-10-19 04:12:32,54100.0,400.0,4631600.0
1798,2021-10-19 04:12:32,54100.0,1000.0,4631200.0
1799,2021-10-19 04:12:32,54100.0,500.0,4630200.0
1800,2021-10-19 04:12:32,54100.0,500.0,4629700.0
1801,2021-10-19 04:12:32,54100.0,2000.0,4629200.0
1802,2021-10-19 04:12:32,54100.0,300.0,4627200.0
1803,2021-10-19 04:12:32,54100.0,1000.0,4626900.0
1804,2021-10-19 04:12:32,54100.0,1000.0,4625900.0
1805,2021-10-19 04:12:32,54100.0,200.0,4624900.0
1806,2021-10-19 04:12:16,54000.0,1000.0,4624700.0
1807,2021-10-19 04:12:07,54100.0,600.0,4623700.0
1808,2021-10-19 04:11:57,54100.0,200.0,4623100.0
1809,2021-10-19 04:11:57,54100.0,11000.0,4622900.0
1810,2021-10-19 04:11:57,54100.0,2000.0,4611900.0
1811,2021-10-19 04:11:57,54100.0,2600.0,4609900.0
1812,2021-10-19 04:11:57,54100.0,800.0,4607300.0
1813,2021-10-19 04:11:57,54100.0,400.0,4606500.0
1814,2021-10-19 04:11:57,54100.0,100.0,4606100.0
1815,2021-10-19 04:11:57,54100.0,2900.0,4606000.0
1816,2021-10-19 04:11:51,54000.0,4000.0,4603100.0
1817,2021-10-19 04:11:34,54100.0,1100.0,4599100.0
1818,2021-10-19 04:11:34,54100.0,1000.0,4598000.0
1819,2021-10-19 04:11:34,54100.0,3000.0,4597000.0
1820,2021-10-19 04:11:34,54100.0,200.0,4594000.0
1821,2021-10-19 04:11:34,54100.0,100.0,4593800.0
1822,2021-10-19 04:11:34,54100.0,200.0,4593700.0
1823,2021-10-19 04:11:34,54100.0,100.0,4593500.0
1824,2021-10-19 04:11:34,54100.0,200.0,4593400.0
1825,2021-10-19 04:11:34,54100.0,500.0,4593200.0
1826,2021-10-19 04:11:34,54100.0,200.0,4592700.0
1827,2021-10-19 04:11:34,54100.0,500.0,4592500.0
1828,2021-10-19 04:11:34,54100.0,100.0,4592000.0
1829,2021-10-19 04:11:34,54100.0,1000.0,4591900.0
1830,2021-10-19 04:11:34,54100.0,500.0,4590900.0
1831,2021-10-19 04:11:34,54100.0,700.0,4590400.0
1832,2021-10-19 04:11:34,54100.0,300.0,4589700.0
1833,2021-10-19 04:11:34,54100.0,100.0,4589400.0
1834,2021-10-19 04:11:34,54100.0,300.0,4589300.0
1835,2021-10-19 04:11:34,54100.0,9900.0,4589000.0
1836,2021-10-19 04:11:21,54000.0,1000.0,4579100.0
1837,2021-10-19 04:11:20,54000.0,500.0,4578100.0
1838,2021-10-19 04:11:17,54000.0,5000.0,4577600.0
1839,2021-10-19 04:11:02,54000.0,400.0,4572600.0
1840,2021-10-19 04:10:43,54000.0,200.0,4572200.0
1841,2021-10-19 04:10:36,54000.0,3000.0,4572000.0
1842,2021-10-19 04:10:34,54000.0,200.0,4569000.0
1843,2021-10-19 04:10:30,54000.0,100.0,4568800.0
1844,2021-10-19 04:10:05,54000.0,100.0,4568700.0
1845,2021-10-19 04:09:55,54000.0,100.0,4568600.0
1846,2021-10-19 04:09:54,54000.0,500.0,4568500.0
1847,2021-10-19 04:09:40,54000.0,200.0,4568000.0
1848,2021-10-19 04:09:34,54000.0,800.0,4567800.0
1849,2021-10-19 04:09:34,54000.0,200.0,4567000.0
1850,2021-10-19 04:09:34,54000.0,1000.0,4566800.0
1851,2021-10-19 04:09:34,54000.0,2000.0,4565800.0
1852,2021-10-19 04:09:34,54000.0,1000.0,4563800.0
1853,2021-10-19 04:09:34,54000.0,100.0,4562800.0
1854,2021-10-19 04:09:34,54000.0,200.0,4562700.0
1855,2021-10-19 04:09:34,54000.0,300.0,4562500.0
1856,2021-10-19 04:09:34,54000.0,1000.0,4562200.0
1857,2021-10-19 04:09:34,54000.0,100.0,4561200.0
1858,2021-10-19 04:09:21,54000.0,400.0,4561100.0
1859,2021-10-19 04:09:21,54000.0,100.0,4560700.0
1860,2021-10-19 04:09:21,54000.0,1000.0,4560600.0
1861,2021-10-19 04:09:20,54000.0,900.0,4559600.0
1862,2021-10-19 04:09:20,54000.0,100.0,4558700.0
1863,2021-10-19 04:09:20,54000.0,2000.0,4558600.0
1864,2021-10-19 04:09:20,54000.0,100.0,4556600.0
1865,2021-10-19 04:09:20,54000.0,1000.0,4556500.0
1866,2021-10-19 04:09:20,54000.0,200.0,4555500.0
1867,2021-10-19 04:09:20,54000.0,700.0,4555300.0
1868,2021-10-19 04:09:11,54000.0,1000.0,4554600.0
1869,2021-10-19 04:09:05,54000.0,600.0,4553600.0
1870,2021-10-19 04:09:04,54000.0,100.0,4553000.0
1871,2021-10-19 04:08:57,54000.0,300.0,4552900.0
1872,2021-10-19 04:08:57,54000.0,300.0,4552600.0
1873,2021-10-19 04:08:57,54000.0,300.0,4552300.0
1874,2021-10-19 04:08:57,54000.0,100.0,4552000.0
1875,2021-10-19 04:08:57,54000.0,100.0,4551900.0
1876,2021-10-19 04:08:57,54000.0,100.0,4551800.0
1877,2021-10-19 04:08:57,54000.0,100.0,4551700.0
1878,2021-10-19 04:08:51,54000.0,200.0,4551600.0
1879,2021-10-19 04:08:50,53900.0,300.0,4551400.0
1880,2021-10-19 04:08:42,54000.0,1500.0,4551100.0
1881,2021-10-19 04:08:19,54000.0,200.0,4549600.0
1882,2021-10-19 04:08:19,54000.0,2000.0,4549400.0
1883,2021-10-19 04:08:19,54000.0,100.0,4547400.0
1884,2021-10-19 04:08:19,54000.0,1000.0,4547300.0
1885,2021-10-19 04:08:19,54000.0,2000.0,4546300.0
1886,2021-10-19 04:08:19,54000.0,3000.0,4544300.0
1887,2021-10-19 04:08:19,54000.0,400.0,4541300.0
1888,2021-10-19 04:08:19,54000.0,100.0,4540900.0
1889,2021-10-19 04:08:19,54000.0,100.0,4540800.0
1890,2021-10-19 04:08:19,54000.0,500.0,4540700.0
1891,2021-10-19 04:08:19,54000.0,100.0,4540200.0
1892,2021-10-19 04:08:19,54000.0,500.0,4540100.0
1893,2021-10-19 04:08:14,54000.0,500.0,4539600.0
1894,2021-10-19 04:08:14,54000.0,100.0,4539100.0
1895,2021-10-19 04:08:14,54000.0,1400.0,4539000.0
1896,2021-10-19 04:08:14,54000.0,1000.0,4537600.0
1897,2021-10-19 04:08:10,53900.0,100.0,4536600.0
1898,2021-10-19 04:07:48,54000.0,2600.0,4536500.0
1899,2021-10-19 04:07:48,54000.0,100.0,4533900.0
1900,2021-10-19 04:07:48,54000.0,100.0,4533800.0
1901,2021-10-19 04:07:48,54000.0,1000.0,4533700.0
1902,2021-10-19 04:07:48,54000.0,1000.0,4532700.0
1903,2021-10-19 04:07:48,54000.0,200.0,4531700.0
1904,2021-10-19 04:07:34,54000.0,100.0,4531500.0
1905,2021-10-19 04:07:25,54000.0,200.0,4531400.0
1906,2021-10-19 04:07:25,54000.0,300.0,4531200.0
1907,2021-10-19 04:07:25,54000.0,1000.0,4530900.0
1908,2021-10-19 04:07:25,54000.0,300.0,4529900.0
1909,2021-10-19 04:07:25,54000.0,100.0,4529600.0
1910,2021-10-19 04:07:25,54000.0,600.0,4529500.0
1911,2021-10-19 04:07:20,54000.0,300.0,4528900.0
1912,2021-10-19 04:06:53,54000.0,100.0,4528600.0
1913,2021-10-19 04:06:53,54000.0,300.0,4528500.0
1914,2021-10-19 04:06:53,54000.0,200.0,4528200.0
1915,2021-10-19 04:06:42,54000.0,500.0,4528000.0
1916,2021-10-19 04:06:37,53900.0,400.0,4527500.0
1917,2021-10-19 04:06:33,54000.0,100.0,4527100.0
1918,2021-10-19 04:06:33,54000.0,100.0,4527000.0
1919,2021-10-19 04:06:33,54000.0,400.0,4526900.0
1920,2021-10-19 04:06:33,54000.0,100.0,4526500.0
1921,2021-10-19 04:06:33,54000.0,9500.0,4526400.0
1922,2021-10-19 04:06:14,54000.0,200.0,4516900.0
1923,2021-10-19 04:06:04,54000.0,100.0,4516700.0
1924,2021-10-19 04:05:32,54000.0,200.0,4516600.0
1925,2021-10-19 04:05:32,54000.0,100.0,4516400.0
1926,2021-10-19 04:05:27,54000.0,400.0,4516300.0
1927,2021-10-19 04:05:27,54000.0,200.0,4515900.0
1928,2021-10-19 04:05:27,54000.0,600.0,4515700.0
1929,2021-10-19 04:05:27,54000.0,100.0,4515100.0
1930,2021-10-19 04:05:27,54000.0,200.0,4515000.0
1931,2021-10-19 04:05:27,54000.0,300.0,4514800.0
1932,2021-10-19 04:05:27,54000.0,500.0,4514500.0
1933,2021-10-19 04:05:27,54000.0,500.0,4514000.0
1934,2021-10-19 04:05:27,54000.0,800.0,4513500.0
1935,2021-10-19 04:05:27,54000.0,600.0,4512700.0
1936,2021-10-19 04:05:27,54000.0,300.0,4512100.0
1937,2021-10-19 04:05:27,54000.0,300.0,4511800.0
1938,2021-10-19 04:05:27,54000.0,500.0,4511500.0
1939,2021-10-19 04:05:27,54000.0,700.0,4511000.0
1940,2021-10-19 04:05:25,54000.0,300.0,4510300.0
1941,2021-10-19 04:05:23,54000.0,100.0,4510000.0
1942,2021-10-19 04:05:23,54000.0,300.0,4509900.0
1943,2021-10-19 04:05:16,54000.0,1700.0,4509600.0
1944,2021-10-19 04:05:16,54000.0,100.0,4507900.0
1945,2021-10-19 04:05:16,54000.0,500.0,4507800.0
1946,2021-10-19 04:05:16,54000.0,600.0,4507300.0
1947,2021-10-19 04:05:16,54000.0,100.0,4506700.0
1948,2021-10-19 04:05:16,54000.0,200.0,4506600.0
1949,2021-10-19 04:05:16,54000.0,500.0,4506400.0
1950,2021-10-19 04:05:16,54000.0,200.0,4505900.0
1951,2021-10-19 04:05:16,54000.0,500.0,4505700.0
1952,2021-10-19 04:05:16,54000.0,600.0,4505200.0
1953,2021-10-19 04:05:09,54000.0,700.0,4504600.0
1954,2021-10-19 04:04:31,54000.0,700.0,4503900.0
1955,2021-10-19 04:04:31,54000.0,1000.0,4503200.0
1956,2021-10-19 04:04:31,54000.0,300.0,4502200.0
1957,2021-10-19 04:04:25,53900.0,300.0,4501900.0
1958,2021-10-19 04:04:17,53900.0,2000.0,4501600.0
1959,2021-10-19 04:04:04,54000.0,2200.0,4499600.0
1960,2021-10-19 04:04:04,54000.0,100.0,4497400.0
1961,2021-10-19 04:04:04,54000.0,300.0,4497300.0
1962,2021-10-19 04:04:04,54000.0,1400.0,4497000.0
1963,2021-10-19 04:03:54,53900.0,800.0,4495600.0
1964,2021-10-19 04:03:54,54000.0,1000.0,4494800.0
1965,2021-10-19 04:03:40,54000.0,500.0,4493800.0
1966,2021-10-19 04:03:31,53900.0,100.0,4493300.0
1967,2021-10-19 04:03:13,54000.0,500.0,4493200.0
1968,2021-10-19 04:03:08,54000.0,100.0,4492700.0
1969,2021-10-19 04:03:03,54000.0,1000.0,4492600.0
1970,2021-10-19 04:02:56,54000.0,100.0,4491600.0
1971,2021-10-19 04:02:48,53900.0,200.0,4491500.0
1972,2021-10-19 04:02:48,53900.0,1800.0,4491300.0
1973,2021-10-19 04:02:25,53900.0,300.0,4489500.0
1974,2021-10-19 04:02:25,54000.0,9000.0,4489200.0
1975,2021-10-19 04:02:12,53900.0,400.0,4480200.0
1976,2021-10-19 04:02:08,54000.0,300.0,4479800.0
1977,2021-10-19 04:01:39,53900.0,900.0,4479500.0
1978,2021-10-19 04:01:38,54000.0,500.0,4478600.0
1979,2021-10-19 04:01:23,53900.0,5000.0,4478100.0
1980,2021-10-19 04:00:57,54000.0,400.0,4473100.0
1981,2021-10-19 04:00:57,53900.0,100.0,4472700.0
1982,2021-10-19 03:59:58,53900.0,300.0,4472600.0
1983,2021-10-19 03:59:54,54000.0,400.0,4472300.0
1984,2021-10-19 03:59:41,54000.0,400.0,4471900.0
1985,2021-10-19 03:59:36,53900.0,2000.0,4471500.0
1986,2021-10-19 03:59:23,54000.0,100.0,4469500.0
1987,2021-10-19 03:58:53,53900.0,100.0,4469400.0
1988,2021-10-19 03:58:33,54000.0,14300.0,4469300.0
1989,2021-10-19 03:58:33,54000.0,200.0,4455000.0
1990,2021-10-19 03:58:33,54000.0,500.0,4454800.0
1991,2021-10-19 03:58:25,53900.0,400.0,4454300.0
1992,2021-10-19 03:57:55,53900.0,1000.0,4453900.0
1993,2021-10-19 03:57:54,54000.0,2000.0,4452900.0
1994,2021-10-19 03:57:54,54000.0,200.0,4450900.0
1995,2021-10-19 03:57:54,54000.0,700.0,4450700.0
1996,2021-10-19 03:57:54,54000.0,100.0,4450000.0
1997,2021-10-19 03:57:54,54000.0,500.0,4449900.0
1998,2021-10-19 03:57:54,54000.0,1500.0,4449400.0
1999,2021-10-19 03:57:46,53900.0,400.0,4447900.0
2000,2021-10-19 03:57:35,54000.0,500.0,4447500.0
2001,2021-10-19 03:57:35,54000.0,500.0,4447000.0
2002,2021-10-19 03:57:21,54000.0,500.0,4446500.0
2003,2021-10-19 03:57:21,54000.0,300.0,4446000.0
2004,2021-10-19 03:57:21,54000.0,200.0,4445700.0
2005,2021-10-19 03:57:18,53900.0,100.0,4445500.0
2006,2021-10-19 03:57:05,53900.0,4300.0,4445400.0
2007,2021-10-19 03:57:01,54000.0,300.0,4441100.0
2008,2021-10-19 03:57:00,53900.0,500.0,4440800.0
2009,2021-10-19 03:56:58,54000.0,300.0,4440300.0
2010,2021-10-19 03:56:55,54000.0,3000.0,4440000.0
2011,2021-10-19 03:56:32,54000.0,500.0,4437000.0
2012,2021-10-19 03:56:24,54000.0,500.0,4436500.0
2013,2021-10-19 03:56:23,54000.0,5000.0,4436000.0
2014,2021-10-19 03:56:23,54000.0,500.0,4431000.0
2015,2021-10-19 03:56:23,54000.0,400.0,4430500.0
2016,2021-10-19 03:56:23,54000.0,100.0,4430100.0
2017,2021-10-19 03:56:23,54000.0,5000.0,4430000.0
2018,2021-10-19 03:56:23,54000.0,400.0,4425000.0
2019,2021-10-19 03:56:22,54000.0,200.0,4424600.0
2020,2021-10-19 03:56:21,54100.0,100.0,4424400.0
2021,2021-10-19 03:56:21,54100.0,900.0,4424300.0
2022,2021-10-19 03:56:09,54000.0,200.0,4423400.0
2023,2021-10-19 03:56:07,54000.0,500.0,4423200.0
2024,2021-10-19 03:56:06,54000.0,200.0,4422700.0
2025,2021-10-19 03:56:00,54000.0,100.0,4422500.0
2026,2021-10-19 03:55:50,54000.0,100.0,4422400.0
2027,2021-10-19 03:55:49,54000.0,100.0,4422300.0
2028,2021-10-19 03:55:48,54000.0,100.0,4422200.0
2029,2021-10-19 03:55:44,54000.0,100.0,4422100.0
2030,2021-10-19 03:55:44,54000.0,200.0,4422000.0
2031,2021-10-19 03:55:42,54000.0,500.0,4421800.0
2032,2021-10-19 03:55:34,53900.0,100.0,4421300.0
2033,2021-10-19 03:55:34,54000.0,200.0,4421200.0
2034,2021-10-19 03:55:32,54000.0,200.0,4421000.0
2035,2021-10-19 03:55:32,54000.0,2300.0,4420800.0
2036,2021-10-19 03:55:32,54000.0,400.0,4418500.0
2037,2021-10-19 03:55:27,54000.0,100.0,4418100.0
2038,2021-10-19 03:55:26,54000.0,1000.0,4418000.0
2039,2021-10-19 03:55:22,54000.0,500.0,4417000.0
2040,2021-10-19 03:55:14,54000.0,500.0,4416500.0
2041,2021-10-19 03:55:13,54000.0,4000.0,4416000.0
2042,2021-10-19 03:55:08,54000.0,1200.0,4412000.0
2043,2021-10-19 03:55:08,54000.0,300.0,4410800.0
2044,2021-10-19 03:55:08,54000.0,300.0,4410500.0
2045,2021-10-19 03:55:08,54000.0,200.0,4410200.0
2046,2021-10-19 03:55:07,54000.0,100.0,4410000.0
2047,2021-10-19 03:55:07,54000.0,200.0,4409900.0
2048,2021-10-19 03:55:07,54000.0,2300.0,4409700.0
2049,2021-10-19 03:55:01,54000.0,1000.0,4407400.0
