,Time,Price,Volume_per_trade,Volume
0,2021-10-06 14:56:32,32500.0,900.0,811174.0
1,2021-10-06 14:45:04,32500.0,18300.0,810274.0
2,2021-10-06 14:29:50,32500.0,3000.0,791974.0
3,2021-10-06 14:29:15,32500.0,1000.0,788974.0
4,2021-10-06 14:29:13,32500.0,300.0,787974.0
5,2021-10-06 14:29:07,32500.0,2000.0,787674.0
6,2021-10-06 14:29:02,32500.0,10000.0,785674.0
7,2021-10-06 14:29:01,32600.0,100.0,775674.0
8,2021-10-06 14:28:40,32600.0,100.0,775574.0
9,2021-10-06 14:28:37,32600.0,200.0,775474.0
10,2021-10-06 14:28:27,32500.0,500.0,775274.0
11,2021-10-06 14:28:14,32500.0,2000.0,774774.0
12,2021-10-06 14:28:00,32600.0,300.0,772774.0
13,2021-10-06 14:27:56,32500.0,200.0,772474.0
14,2021-10-06 14:27:48,32500.0,3000.0,772274.0
15,2021-10-06 14:27:28,32600.0,200.0,769274.0
16,2021-10-06 14:27:21,32600.0,1000.0,769074.0
17,2021-10-06 14:27:06,32600.0,1000.0,768074.0
18,2021-10-06 14:27:03,32500.0,2000.0,767074.0
19,2021-10-06 14:26:55,32600.0,400.0,765074.0
20,2021-10-06 14:26:51,32600.0,300.0,764674.0
21,2021-10-06 14:26:44,32600.0,300.0,764374.0
22,2021-10-06 14:26:32,32600.0,400.0,764074.0
23,2021-10-06 14:26:18,32600.0,200.0,763674.0
24,2021-10-06 14:26:08,32600.0,35.0,763474.0
25,2021-10-06 14:26:03,32600.0,200.0,763439.0
26,2021-10-06 14:25:24,32600.0,200.0,763239.0
27,2021-10-06 14:25:03,32600.0,100.0,763039.0
28,2021-10-06 14:24:09,32600.0,500.0,762939.0
29,2021-10-06 14:24:08,32500.0,30.0,762439.0
30,2021-10-06 14:23:51,32500.0,500.0,762409.0
31,2021-10-06 14:23:35,32500.0,7800.0,761909.0
32,2021-10-06 14:23:19,32600.0,500.0,754109.0
33,2021-10-06 14:23:10,32500.0,100.0,753609.0
34,2021-10-06 14:22:30,32500.0,100.0,753509.0
35,2021-10-06 14:22:10,32500.0,200.0,753409.0
36,2021-10-06 14:21:56,32500.0,100.0,753209.0
37,2021-10-06 14:21:30,32500.0,300.0,753109.0
38,2021-10-06 14:20:55,32500.0,1000.0,752809.0
39,2021-10-06 14:20:21,32500.0,100.0,751809.0
40,2021-10-06 14:18:59,32500.0,300.0,751709.0
41,2021-10-06 14:18:55,32500.0,800.0,751409.0
42,2021-10-06 14:18:50,32500.0,400.0,750609.0
43,2021-10-06 14:18:29,32500.0,2000.0,750209.0
44,2021-10-06 14:18:19,32500.0,100.0,748209.0
45,2021-10-06 14:17:40,32500.0,100.0,748109.0
46,2021-10-06 14:17:36,32600.0,500.0,748009.0
47,2021-10-06 14:17:14,32500.0,2000.0,747509.0
48,2021-10-06 14:16:26,32500.0,300.0,745509.0
49,2021-10-06 14:16:25,32500.0,90.0,745209.0
50,2021-10-06 14:16:07,32500.0,100.0,745119.0
51,2021-10-06 14:15:46,32500.0,3.0,745019.0
52,2021-10-06 14:15:10,32500.0,4100.0,745016.0
53,2021-10-06 14:15:05,32500.0,1000.0,740916.0
54,2021-10-06 14:14:41,32500.0,200.0,739916.0
55,2021-10-06 14:14:35,32500.0,200.0,739716.0
56,2021-10-06 14:14:09,32500.0,100.0,739516.0
57,2021-10-06 14:14:01,32500.0,19400.0,739416.0
58,2021-10-06 14:13:54,32600.0,200.0,720016.0
59,2021-10-06 14:13:38,32600.0,100.0,719816.0
60,2021-10-06 14:13:09,32500.0,2600.0,719716.0
61,2021-10-06 14:12:36,32500.0,2500.0,717116.0
62,2021-10-06 14:12:32,32500.0,200.0,714616.0
63,2021-10-06 14:12:13,32500.0,200.0,714416.0
64,2021-10-06 14:11:30,32600.0,200.0,714216.0
65,2021-10-06 14:11:04,32500.0,5000.0,714016.0
66,2021-10-06 14:09:55,32500.0,200.0,709016.0
67,2021-10-06 14:09:44,32500.0,300.0,708816.0
68,2021-10-06 14:09:35,32500.0,800.0,708516.0
69,2021-10-06 14:09:15,32500.0,400.0,707716.0
70,2021-10-06 14:08:25,32500.0,300.0,707316.0
71,2021-10-06 14:08:01,32500.0,1000.0,707016.0
72,2021-10-06 14:07:01,32500.0,1000.0,706016.0
73,2021-10-06 14:05:51,32600.0,1.0,705016.0
74,2021-10-06 14:05:16,32600.0,400.0,705015.0
75,2021-10-06 14:05:15,32500.0,100.0,704615.0
76,2021-10-06 14:05:03,32500.0,100.0,704515.0
77,2021-10-06 14:04:46,32500.0,100.0,704415.0
78,2021-10-06 14:03:47,32500.0,1000.0,704315.0
79,2021-10-06 14:03:16,32500.0,1600.0,703315.0
80,2021-10-06 14:03:02,32600.0,500.0,701715.0
81,2021-10-06 14:02:04,32600.0,500.0,701215.0
82,2021-10-06 14:02:01,32600.0,500.0,700715.0
83,2021-10-06 14:01:59,32500.0,800.0,700215.0
84,2021-10-06 14:01:42,32600.0,100.0,699415.0
85,2021-10-06 13:58:50,32600.0,15.0,699315.0
86,2021-10-06 13:58:40,32600.0,400.0,699300.0
87,2021-10-06 13:58:32,32600.0,700.0,698900.0
88,2021-10-06 13:57:02,32600.0,300.0,698200.0
89,2021-10-06 13:56:39,32500.0,500.0,697900.0
90,2021-10-06 13:56:28,32500.0,25.0,697400.0
91,2021-10-06 13:55:33,32500.0,500.0,697375.0
92,2021-10-06 13:54:46,32500.0,1700.0,696875.0
93,2021-10-06 13:54:45,32500.0,100.0,695175.0
94,2021-10-06 13:54:40,32500.0,1000.0,695075.0
95,2021-10-06 13:54:26,32500.0,200.0,694075.0
96,2021-10-06 13:54:20,32500.0,100.0,693875.0
97,2021-10-06 13:54:04,32500.0,100.0,693775.0
98,2021-10-06 13:53:59,32500.0,200.0,693675.0
99,2021-10-06 13:53:27,32500.0,2000.0,693475.0
100,2021-10-06 13:53:19,32500.0,500.0,691475.0
101,2021-10-06 13:53:10,32500.0,2000.0,690975.0
102,2021-10-06 13:53:02,32500.0,400.0,688975.0
103,2021-10-06 13:52:08,32500.0,1100.0,688575.0
104,2021-10-06 13:51:49,32500.0,200.0,687475.0
105,2021-10-06 13:51:45,32500.0,200.0,687275.0
106,2021-10-06 13:51:38,32500.0,2000.0,687075.0
107,2021-10-06 13:51:29,32500.0,3.0,685075.0
108,2021-10-06 13:51:15,32500.0,500.0,685072.0
109,2021-10-06 13:50:58,32500.0,300.0,684572.0
110,2021-10-06 13:50:54,32500.0,200.0,684272.0
111,2021-10-06 13:50:50,32500.0,200.0,684072.0
112,2021-10-06 13:50:49,32500.0,1.0,683872.0
113,2021-10-06 13:50:08,32500.0,400.0,683871.0
114,2021-10-06 13:49:29,32500.0,500.0,683471.0
115,2021-10-06 13:48:59,32500.0,300.0,682971.0
116,2021-10-06 13:48:57,32500.0,100.0,682671.0
117,2021-10-06 13:48:46,32500.0,30.0,682571.0
118,2021-10-06 13:48:30,32500.0,100.0,682541.0
119,2021-10-06 13:47:19,32500.0,500.0,682441.0
120,2021-10-06 13:46:35,32500.0,1000.0,681941.0
121,2021-10-06 13:46:33,32500.0,1600.0,680941.0
122,2021-10-06 13:45:33,32500.0,300.0,679341.0
123,2021-10-06 13:45:30,32500.0,23.0,679041.0
124,2021-10-06 13:45:08,32500.0,500.0,679018.0
125,2021-10-06 13:44:33,32500.0,200.0,678518.0
126,2021-10-06 13:44:31,32500.0,500.0,678318.0
127,2021-10-06 13:43:40,32500.0,1600.0,677818.0
128,2021-10-06 13:41:52,32600.0,200.0,676218.0
129,2021-10-06 13:40:09,32600.0,100.0,676018.0
130,2021-10-06 13:39:18,32600.0,100.0,675918.0
131,2021-10-06 13:37:54,32500.0,400.0,675818.0
132,2021-10-06 13:37:37,32500.0,3000.0,675418.0
133,2021-10-06 13:37:07,32500.0,200.0,672418.0
134,2021-10-06 13:35:44,32600.0,1000.0,672218.0
135,2021-10-06 13:35:36,32500.0,200.0,671218.0
136,2021-10-06 13:34:13,32500.0,500.0,671018.0
137,2021-10-06 13:33:55,32500.0,200.0,670518.0
138,2021-10-06 13:33:41,32500.0,100.0,670318.0
139,2021-10-06 13:33:26,32500.0,1000.0,670218.0
140,2021-10-06 13:33:18,32500.0,400.0,669218.0
141,2021-10-06 13:33:07,32500.0,500.0,668818.0
142,2021-10-06 13:32:58,32500.0,400.0,668318.0
143,2021-10-06 13:31:56,32500.0,100.0,667918.0
144,2021-10-06 13:31:50,32500.0,4600.0,667818.0
145,2021-10-06 13:31:30,32500.0,12.0,663218.0
146,2021-10-06 13:30:35,32500.0,1800.0,663206.0
147,2021-10-06 13:30:26,32400.0,100.0,661406.0
148,2021-10-06 13:30:16,32400.0,520.0,661306.0
149,2021-10-06 13:29:56,32400.0,400.0,660786.0
150,2021-10-06 13:29:55,32400.0,700.0,660386.0
151,2021-10-06 13:29:40,32400.0,600.0,659686.0
152,2021-10-06 13:29:38,32400.0,1300.0,659086.0
153,2021-10-06 13:28:52,32400.0,300.0,657786.0
154,2021-10-06 13:28:50,32400.0,200.0,657486.0
155,2021-10-06 13:28:16,32400.0,50.0,657286.0
156,2021-10-06 13:28:00,32400.0,500.0,657236.0
157,2021-10-06 13:27:55,32400.0,1000.0,656736.0
158,2021-10-06 13:27:49,32400.0,300.0,655736.0
159,2021-10-06 13:27:41,32500.0,4300.0,655436.0
160,2021-10-06 13:27:06,32500.0,100.0,651136.0
161,2021-10-06 13:27:00,32500.0,100.0,651036.0
162,2021-10-06 13:26:18,32500.0,300.0,650936.0
163,2021-10-06 13:25:40,32500.0,100.0,650636.0
164,2021-10-06 13:24:33,32400.0,200.0,650536.0
165,2021-10-06 13:24:30,32500.0,2000.0,650336.0
166,2021-10-06 13:24:26,32400.0,2000.0,648336.0
167,2021-10-06 13:24:16,32400.0,1000.0,646336.0
168,2021-10-06 13:23:57,32400.0,700.0,645336.0
169,2021-10-06 13:23:50,32400.0,500.0,644636.0
170,2021-10-06 13:23:44,32400.0,1000.0,644136.0
171,2021-10-06 13:22:59,32400.0,100.0,643136.0
172,2021-10-06 13:22:30,32400.0,100.0,643036.0
173,2021-10-06 13:22:01,32400.0,200.0,642936.0
174,2021-10-06 13:21:09,32400.0,9400.0,642736.0
175,2021-10-06 13:21:06,32400.0,3000.0,633336.0
176,2021-10-06 13:20:52,32400.0,1000.0,630336.0
177,2021-10-06 13:20:07,32400.0,100.0,629336.0
178,2021-10-06 13:20:04,32400.0,300.0,629236.0
179,2021-10-06 13:19:46,32400.0,100.0,628936.0
180,2021-10-06 13:19:37,32300.0,1000.0,628836.0
181,2021-10-06 13:19:31,32400.0,3300.0,627836.0
182,2021-10-06 13:18:38,32300.0,1000.0,624536.0
183,2021-10-06 13:16:27,32400.0,500.0,623536.0
184,2021-10-06 13:16:05,32300.0,10000.0,623036.0
185,2021-10-06 13:16:02,32400.0,9400.0,613036.0
186,2021-10-06 13:15:08,32400.0,1000.0,603636.0
187,2021-10-06 13:15:01,32400.0,1000.0,602636.0
188,2021-10-06 13:14:59,32500.0,3400.0,601636.0
189,2021-10-06 13:14:44,32500.0,600.0,598236.0
190,2021-10-06 13:14:33,32400.0,6000.0,597636.0
191,2021-10-06 13:14:29,32400.0,500.0,591636.0
192,2021-10-06 13:14:26,32500.0,100.0,591136.0
193,2021-10-06 13:14:18,32500.0,5000.0,591036.0
194,2021-10-06 13:13:40,32500.0,1000.0,586036.0
195,2021-10-06 13:13:30,32500.0,200.0,585036.0
196,2021-10-06 13:13:29,32500.0,100.0,584836.0
197,2021-10-06 13:13:15,32500.0,200.0,584736.0
198,2021-10-06 13:12:49,32500.0,200.0,584536.0
199,2021-10-06 13:12:31,32500.0,2000.0,584336.0
200,2021-10-06 13:12:12,32500.0,200.0,582336.0
201,2021-10-06 13:11:26,32500.0,200.0,582136.0
202,2021-10-06 13:08:47,32500.0,200.0,581936.0
203,2021-10-06 13:07:57,32500.0,400.0,581736.0
204,2021-10-06 13:07:50,32400.0,1000.0,581336.0
205,2021-10-06 13:07:27,32400.0,700.0,580336.0
206,2021-10-06 13:07:05,32400.0,100.0,579636.0
207,2021-10-06 13:06:55,32400.0,1000.0,579536.0
208,2021-10-06 13:06:15,32400.0,500.0,578536.0
209,2021-10-06 13:01:50,32400.0,100.0,578036.0
210,2021-10-06 13:01:44,32400.0,500.0,577936.0
211,2021-10-06 13:00:21,32400.0,200.0,577436.0
212,2021-10-06 13:00:09,32400.0,700.0,577236.0
213,2021-10-06 13:00:07,32400.0,300.0,576536.0
214,2021-10-06 13:00:03,32400.0,15.0,576236.0
215,2021-10-06 13:00:02,32400.0,600.0,576221.0
216,2021-10-06 13:00:01,32400.0,500.0,575621.0
217,2021-10-06 11:28:48,32400.0,200.0,575121.0
218,2021-10-06 11:27:54,32400.0,3000.0,574921.0
219,2021-10-06 11:27:33,32400.0,36.0,571921.0
220,2021-10-06 11:26:30,32400.0,4000.0,571885.0
221,2021-10-06 11:23:31,32400.0,100.0,567885.0
222,2021-10-06 11:23:30,32400.0,5000.0,567785.0
223,2021-10-06 11:21:58,32400.0,28.0,562785.0
224,2021-10-06 11:20:50,32400.0,2000.0,562757.0
225,2021-10-06 11:20:48,32400.0,100.0,560757.0
226,2021-10-06 11:20:45,32400.0,1000.0,560657.0
227,2021-10-06 11:20:44,32400.0,200.0,559657.0
228,2021-10-06 11:20:39,32400.0,5000.0,559457.0
229,2021-10-06 11:20:29,32400.0,1000.0,554457.0
230,2021-10-06 11:20:19,32400.0,100.0,553457.0
231,2021-10-06 11:19:38,32400.0,100.0,553357.0
232,2021-10-06 11:19:03,32400.0,100.0,553257.0
233,2021-10-06 11:18:31,32300.0,1200.0,553157.0
234,2021-10-06 11:17:15,32300.0,1000.0,551957.0
235,2021-10-06 11:15:16,32300.0,500.0,550957.0
236,2021-10-06 11:14:46,32400.0,300.0,550457.0
237,2021-10-06 11:13:53,32300.0,600.0,550157.0
238,2021-10-06 11:13:45,32300.0,300.0,549557.0
239,2021-10-06 11:13:39,32300.0,100.0,549257.0
240,2021-10-06 11:13:37,32300.0,100.0,549157.0
241,2021-10-06 11:13:00,32300.0,700.0,549057.0
242,2021-10-06 11:12:24,32300.0,57.0,548357.0
243,2021-10-06 11:11:30,32300.0,900.0,548300.0
244,2021-10-06 11:11:23,32400.0,100.0,547400.0
245,2021-10-06 11:11:15,32300.0,600.0,547300.0
246,2021-10-06 11:10:17,32300.0,500.0,546700.0
247,2021-10-06 11:09:57,32300.0,5000.0,546200.0
248,2021-10-06 11:09:38,32400.0,1000.0,541200.0
249,2021-10-06 11:09:34,32400.0,1800.0,540200.0
250,2021-10-06 11:09:29,32400.0,100.0,538400.0
251,2021-10-06 11:09:17,32400.0,500.0,538300.0
252,2021-10-06 11:09:14,32400.0,5000.0,537800.0
253,2021-10-06 11:09:06,32500.0,2000.0,532800.0
254,2021-10-06 11:09:00,32400.0,700.0,530800.0
255,2021-10-06 11:08:51,32400.0,200.0,530100.0
256,2021-10-06 11:08:26,32400.0,10.0,529900.0
257,2021-10-06 11:08:24,32400.0,1000.0,529890.0
258,2021-10-06 11:08:15,32400.0,100.0,528890.0
259,2021-10-06 11:08:06,32400.0,500.0,528790.0
260,2021-10-06 11:07:57,32400.0,2000.0,528290.0
261,2021-10-06 11:07:47,32400.0,600.0,526290.0
262,2021-10-06 11:07:37,32400.0,1000.0,525690.0
263,2021-10-06 11:07:01,32400.0,3000.0,524690.0
264,2021-10-06 11:04:45,32400.0,1000.0,521690.0
265,2021-10-06 11:04:41,32500.0,600.0,520690.0
266,2021-10-06 11:04:33,32400.0,100.0,520090.0
267,2021-10-06 11:03:31,32400.0,2000.0,519990.0
268,2021-10-06 11:03:23,32400.0,200.0,517990.0
269,2021-10-06 11:03:06,32400.0,200.0,517790.0
270,2021-10-06 11:03:03,32400.0,200.0,517590.0
271,2021-10-06 11:00:42,32400.0,2000.0,517390.0
272,2021-10-06 10:59:53,32400.0,100.0,515390.0
273,2021-10-06 10:59:12,32400.0,75.0,515290.0
274,2021-10-06 10:58:28,32400.0,1400.0,515215.0
275,2021-10-06 10:57:27,32500.0,200.0,513815.0
276,2021-10-06 10:57:00,32500.0,500.0,513615.0
277,2021-10-06 10:56:15,32500.0,1000.0,513115.0
278,2021-10-06 10:56:01,32500.0,100.0,512115.0
279,2021-10-06 10:55:49,32500.0,400.0,512015.0
280,2021-10-06 10:55:28,32500.0,900.0,511615.0
281,2021-10-06 10:55:12,32500.0,400.0,510715.0
282,2021-10-06 10:53:34,32500.0,500.0,510315.0
283,2021-10-06 10:53:04,32500.0,200.0,509815.0
284,2021-10-06 10:52:34,32500.0,300.0,509615.0
285,2021-10-06 10:52:28,32500.0,1700.0,509315.0
286,2021-10-06 10:52:08,32500.0,500.0,507615.0
287,2021-10-06 10:51:28,32500.0,3900.0,507115.0
288,2021-10-06 10:50:36,32500.0,100.0,503215.0
289,2021-10-06 10:49:50,32500.0,300.0,503115.0
290,2021-10-06 10:49:43,32400.0,300.0,502815.0
291,2021-10-06 10:49:33,32400.0,85.0,502515.0
292,2021-10-06 10:49:28,32400.0,200.0,502430.0
293,2021-10-06 10:48:36,32500.0,100.0,502230.0
294,2021-10-06 10:48:27,32500.0,500.0,502130.0
295,2021-10-06 10:48:21,32500.0,100.0,501630.0
296,2021-10-06 10:48:01,32500.0,2000.0,501530.0
297,2021-10-06 10:47:04,32500.0,11500.0,499530.0
298,2021-10-06 10:46:52,32500.0,50.0,488030.0
299,2021-10-06 10:46:17,32500.0,400.0,487980.0
300,2021-10-06 10:46:03,32500.0,300.0,487580.0
301,2021-10-06 10:46:01,32500.0,200.0,487280.0
302,2021-10-06 10:45:27,32500.0,500.0,487080.0
303,2021-10-06 10:43:50,32500.0,100.0,486580.0
304,2021-10-06 10:43:02,32600.0,500.0,486480.0
305,2021-10-06 10:42:14,32600.0,20.0,485980.0
306,2021-10-06 10:42:11,32600.0,500.0,485960.0
307,2021-10-06 10:41:30,32500.0,100.0,485460.0
308,2021-10-06 10:41:13,32500.0,1000.0,485360.0
309,2021-10-06 10:41:01,32500.0,2000.0,484360.0
310,2021-10-06 10:40:56,32500.0,300.0,482360.0
311,2021-10-06 10:40:55,32500.0,2000.0,482060.0
312,2021-10-06 10:40:45,32500.0,3000.0,480060.0
313,2021-10-06 10:40:20,32500.0,100.0,477060.0
314,2021-10-06 10:39:59,32500.0,100.0,476960.0
315,2021-10-06 10:39:31,32500.0,100.0,476860.0
316,2021-10-06 10:37:48,32500.0,1000.0,476760.0
317,2021-10-06 10:35:10,32600.0,100.0,475760.0
318,2021-10-06 10:34:24,32600.0,500.0,475660.0
319,2021-10-06 10:33:16,32500.0,6000.0,475160.0
320,2021-10-06 10:33:03,32600.0,500.0,469160.0
321,2021-10-06 10:32:42,32600.0,7.0,468660.0
322,2021-10-06 10:32:27,32600.0,100.0,468653.0
323,2021-10-06 10:32:00,32600.0,7.0,468553.0
324,2021-10-06 10:31:50,32600.0,100.0,468546.0
325,2021-10-06 10:31:47,32600.0,300.0,468446.0
326,2021-10-06 10:31:32,32600.0,100.0,468146.0
327,2021-10-06 10:31:23,32600.0,100.0,468046.0
328,2021-10-06 10:31:13,32600.0,100.0,467946.0
329,2021-10-06 10:31:04,32600.0,100.0,467846.0
330,2021-10-06 10:30:33,32600.0,100.0,467746.0
331,2021-10-06 10:30:27,32600.0,800.0,467646.0
332,2021-10-06 10:30:21,32600.0,5.0,466846.0
333,2021-10-06 10:29:38,32600.0,2000.0,466841.0
334,2021-10-06 10:27:48,32600.0,200.0,464841.0
335,2021-10-06 10:27:02,32500.0,1400.0,464641.0
336,2021-10-06 10:26:04,32500.0,3900.0,463241.0
337,2021-10-06 10:25:39,32600.0,50.0,459341.0
338,2021-10-06 10:25:23,32600.0,500.0,459291.0
339,2021-10-06 10:25:14,32600.0,2000.0,458791.0
340,2021-10-06 10:24:29,32600.0,100.0,456791.0
341,2021-10-06 10:24:22,32600.0,300.0,456691.0
342,2021-10-06 10:24:19,32600.0,100.0,456391.0
343,2021-10-06 10:23:57,32600.0,1000.0,456291.0
344,2021-10-06 10:23:39,32600.0,1013.0,455291.0
345,2021-10-06 10:23:38,32600.0,500.0,454278.0
346,2021-10-06 10:23:26,32600.0,2500.0,453778.0
347,2021-10-06 10:23:20,32600.0,500.0,451278.0
348,2021-10-06 10:23:18,32600.0,100.0,450778.0
349,2021-10-06 10:23:13,32600.0,3000.0,450678.0
350,2021-10-06 10:23:04,32600.0,100.0,447678.0
351,2021-10-06 10:23:02,32600.0,100.0,447578.0
352,2021-10-06 10:22:32,32600.0,1900.0,447478.0
353,2021-10-06 10:22:09,32600.0,4300.0,445578.0
354,2021-10-06 10:22:07,32600.0,500.0,441278.0
355,2021-10-06 10:22:01,32600.0,50.0,440778.0
356,2021-10-06 10:21:31,32600.0,300.0,440728.0
357,2021-10-06 10:21:19,32600.0,100.0,440428.0
358,2021-10-06 10:20:50,32500.0,200.0,440328.0
359,2021-10-06 10:20:40,32500.0,1000.0,440128.0
360,2021-10-06 10:20:33,32600.0,500.0,439128.0
361,2021-10-06 10:20:31,32600.0,100.0,438628.0
362,2021-10-06 10:19:43,32600.0,11000.0,438528.0
363,2021-10-06 10:19:03,32500.0,500.0,427528.0
364,2021-10-06 10:18:30,32500.0,100.0,427028.0
365,2021-10-06 10:18:24,32500.0,1000.0,426928.0
366,2021-10-06 10:18:13,32500.0,50.0,425928.0
367,2021-10-06 10:18:02,32500.0,10.0,425878.0
368,2021-10-06 10:18:00,32500.0,5000.0,425868.0
369,2021-10-06 10:17:59,32500.0,300.0,420868.0
370,2021-10-06 10:17:54,32500.0,500.0,420568.0
371,2021-10-06 10:17:37,32500.0,1000.0,420068.0
372,2021-10-06 10:16:25,32500.0,100.0,419068.0
373,2021-10-06 10:16:16,32500.0,5.0,418968.0
374,2021-10-06 10:16:09,32500.0,4000.0,418963.0
375,2021-10-06 10:16:04,32500.0,500.0,414963.0
376,2021-10-06 10:15:55,32500.0,5000.0,414463.0
377,2021-10-06 10:15:48,32500.0,10000.0,409463.0
378,2021-10-06 10:15:44,32500.0,100.0,399463.0
379,2021-10-06 10:15:36,32500.0,100.0,399363.0
380,2021-10-06 10:15:26,32500.0,100.0,399263.0
381,2021-10-06 10:15:08,32500.0,100.0,399163.0
382,2021-10-06 10:14:29,32600.0,200.0,399063.0
383,2021-10-06 10:13:54,32600.0,100.0,398863.0
384,2021-10-06 10:13:52,32600.0,200.0,398763.0
385,2021-10-06 10:13:47,32600.0,500.0,398563.0
386,2021-10-06 10:13:02,32600.0,100.0,398063.0
387,2021-10-06 10:12:56,32600.0,1000.0,397963.0
388,2021-10-06 10:12:06,32600.0,1100.0,396963.0
389,2021-10-06 10:11:55,32600.0,10.0,395863.0
390,2021-10-06 10:11:46,32600.0,7.0,395853.0
391,2021-10-06 10:11:24,32600.0,1500.0,395846.0
392,2021-10-06 10:11:09,32600.0,1000.0,394346.0
393,2021-10-06 10:11:03,32600.0,200.0,393346.0
394,2021-10-06 10:10:46,32600.0,300.0,393146.0
395,2021-10-06 10:10:37,32600.0,200.0,392846.0
396,2021-10-06 10:10:07,32600.0,400.0,392646.0
397,2021-10-06 10:09:49,32600.0,100.0,392246.0
398,2021-10-06 10:09:42,32600.0,1900.0,392146.0
399,2021-10-06 10:09:33,32600.0,2000.0,390246.0
400,2021-10-06 10:09:23,32600.0,10.0,388246.0
401,2021-10-06 10:09:20,32600.0,300.0,388236.0
402,2021-10-06 10:09:14,32600.0,1000.0,387936.0
403,2021-10-06 10:08:52,32600.0,200.0,386936.0
404,2021-10-06 10:08:48,32600.0,400.0,386736.0
405,2021-10-06 10:08:47,32600.0,100.0,386336.0
406,2021-10-06 10:08:37,32600.0,200.0,386236.0
407,2021-10-06 10:08:34,32600.0,200.0,386036.0
408,2021-10-06 10:08:25,32600.0,2000.0,385836.0
409,2021-10-06 10:08:20,32500.0,200.0,383836.0
410,2021-10-06 10:07:37,32600.0,78.0,383636.0
411,2021-10-06 10:07:23,32600.0,200.0,383558.0
412,2021-10-06 10:07:17,32600.0,100.0,383358.0
413,2021-10-06 10:07:01,32600.0,300.0,383258.0
414,2021-10-06 10:06:57,32600.0,1700.0,382958.0
415,2021-10-06 10:06:48,32600.0,300.0,381258.0
416,2021-10-06 10:06:41,32500.0,10000.0,380958.0
417,2021-10-06 10:06:31,32600.0,14300.0,370958.0
418,2021-10-06 10:05:37,32700.0,35700.0,356658.0
419,2021-10-06 10:05:33,32800.0,900.0,320958.0
420,2021-10-06 10:05:32,32800.0,100.0,320058.0
421,2021-10-06 10:04:51,32800.0,1000.0,319958.0
422,2021-10-06 10:04:42,32800.0,100.0,318958.0
423,2021-10-06 10:03:06,32800.0,500.0,318858.0
424,2021-10-06 10:02:35,32900.0,1100.0,318358.0
425,2021-10-06 10:02:27,32900.0,1000.0,317258.0
426,2021-10-06 10:02:17,32800.0,200.0,316258.0
427,2021-10-06 10:02:03,32800.0,400.0,316058.0
428,2021-10-06 10:01:53,32800.0,2000.0,315658.0
429,2021-10-06 10:01:41,32800.0,300.0,313658.0
430,2021-10-06 10:01:25,32800.0,10.0,313358.0
431,2021-10-06 10:01:02,32800.0,3000.0,313348.0
432,2021-10-06 10:01:01,32900.0,20000.0,310348.0
433,2021-10-06 10:00:52,32800.0,1000.0,290348.0
434,2021-10-06 09:59:41,32800.0,600.0,289348.0
435,2021-10-06 09:59:04,32800.0,200.0,288748.0
436,2021-10-06 09:57:52,32800.0,1000.0,288548.0
437,2021-10-06 09:57:03,32800.0,100.0,287548.0
438,2021-10-06 09:56:32,32800.0,200.0,287448.0
439,2021-10-06 09:56:24,32800.0,1000.0,287248.0
440,2021-10-06 09:55:38,32800.0,4100.0,286248.0
441,2021-10-06 09:55:00,32800.0,300.0,282148.0
442,2021-10-06 09:53:58,32800.0,1000.0,281848.0
443,2021-10-06 09:53:53,32800.0,100.0,280848.0
444,2021-10-06 09:53:37,32800.0,200.0,280748.0
445,2021-10-06 09:51:58,32800.0,100.0,280548.0
446,2021-10-06 09:51:26,32800.0,1000.0,280448.0
447,2021-10-06 09:50:48,32800.0,100.0,279448.0
448,2021-10-06 09:50:40,32800.0,100.0,279348.0
449,2021-10-06 09:48:59,32800.0,200.0,279248.0
450,2021-10-06 09:48:54,32800.0,500.0,279048.0
451,2021-10-06 09:48:29,32800.0,400.0,278548.0
452,2021-10-06 09:48:22,32800.0,500.0,278148.0
453,2021-10-06 09:48:09,32800.0,100.0,277648.0
454,2021-10-06 09:48:01,32800.0,11.0,277548.0
455,2021-10-06 09:46:50,32800.0,300.0,277537.0
456,2021-10-06 09:46:49,32900.0,3000.0,277237.0
457,2021-10-06 09:46:13,32900.0,100.0,274237.0
458,2021-10-06 09:46:04,32800.0,1000.0,274137.0
459,2021-10-06 09:45:58,32800.0,1000.0,273137.0
460,2021-10-06 09:45:45,32800.0,4000.0,272137.0
461,2021-10-06 09:45:37,32800.0,1000.0,268137.0
462,2021-10-06 09:45:27,32800.0,5000.0,267137.0
463,2021-10-06 09:44:56,32800.0,200.0,262137.0
464,2021-10-06 09:44:52,32800.0,5200.0,261937.0
465,2021-10-06 09:44:34,32800.0,300.0,256737.0
466,2021-10-06 09:43:44,32800.0,1000.0,256437.0
467,2021-10-06 09:43:33,32800.0,100.0,255437.0
468,2021-10-06 09:43:27,32800.0,500.0,255337.0
469,2021-10-06 09:43:15,32800.0,200.0,254837.0
470,2021-10-06 09:43:00,32800.0,200.0,254637.0
471,2021-10-06 09:42:50,32800.0,100.0,254437.0
472,2021-10-06 09:42:31,32800.0,1000.0,254337.0
473,2021-10-06 09:42:19,32900.0,100.0,253337.0
474,2021-10-06 09:42:11,32900.0,5100.0,253237.0
475,2021-10-06 09:42:02,32900.0,200.0,248137.0
476,2021-10-06 09:41:31,32900.0,500.0,247937.0
477,2021-10-06 09:41:23,32800.0,1000.0,247437.0
478,2021-10-06 09:41:10,32800.0,100.0,246437.0
479,2021-10-06 09:40:43,32800.0,1300.0,246337.0
480,2021-10-06 09:40:37,32800.0,500.0,245037.0
481,2021-10-06 09:39:37,32800.0,400.0,244537.0
482,2021-10-06 09:39:22,32800.0,100.0,244137.0
483,2021-10-06 09:39:20,32800.0,300.0,244037.0
484,2021-10-06 09:39:12,32800.0,1000.0,243737.0
485,2021-10-06 09:39:08,32800.0,1000.0,242737.0
486,2021-10-06 09:38:46,32800.0,1200.0,241737.0
487,2021-10-06 09:37:41,32800.0,100.0,240537.0
488,2021-10-06 09:37:17,32800.0,200.0,240437.0
489,2021-10-06 09:36:58,32800.0,200.0,240237.0
490,2021-10-06 09:36:40,32800.0,46.0,240037.0
491,2021-10-06 09:36:35,32800.0,400.0,239991.0
492,2021-10-06 09:36:30,32800.0,300.0,239591.0
493,2021-10-06 09:36:17,32800.0,100.0,239291.0
494,2021-10-06 09:36:11,32900.0,1000.0,239191.0
495,2021-10-06 09:35:49,32900.0,2300.0,238191.0
496,2021-10-06 09:35:40,32800.0,100.0,235891.0
497,2021-10-06 09:35:09,32800.0,2000.0,235791.0
498,2021-10-06 09:34:41,32900.0,100.0,233791.0
499,2021-10-06 09:34:34,32800.0,200.0,233691.0
500,2021-10-06 09:34:21,32800.0,100.0,233491.0
501,2021-10-06 09:34:06,32800.0,100.0,233391.0
502,2021-10-06 09:34:05,32800.0,500.0,233291.0
503,2021-10-06 09:34:04,32800.0,200.0,232791.0
504,2021-10-06 09:33:59,32800.0,300.0,232591.0
505,2021-10-06 09:33:58,32800.0,200.0,232291.0
506,2021-10-06 09:33:57,32800.0,100.0,232091.0
507,2021-10-06 09:33:56,32800.0,300.0,231991.0
508,2021-10-06 09:33:34,32800.0,1000.0,231691.0
509,2021-10-06 09:32:25,32900.0,700.0,230691.0
510,2021-10-06 09:32:19,32900.0,1600.0,229991.0
511,2021-10-06 09:32:10,32900.0,1800.0,228391.0
512,2021-10-06 09:32:08,32900.0,300.0,226591.0
513,2021-10-06 09:32:05,32900.0,1900.0,226291.0
514,2021-10-06 09:32:04,32900.0,2000.0,224391.0
515,2021-10-06 09:32:00,32900.0,200.0,222391.0
516,2021-10-06 09:31:58,32900.0,500.0,222191.0
517,2021-10-06 09:31:55,32900.0,5600.0,221691.0
518,2021-10-06 09:31:50,32900.0,600.0,216091.0
519,2021-10-06 09:31:46,32900.0,100.0,215491.0
520,2021-10-06 09:31:45,32900.0,300.0,215391.0
521,2021-10-06 09:31:00,32900.0,1000.0,215091.0
522,2021-10-06 09:30:40,32900.0,100.0,214091.0
523,2021-10-06 09:30:38,32900.0,14.0,213991.0
524,2021-10-06 09:30:26,32900.0,1000.0,213977.0
525,2021-10-06 09:30:24,32900.0,100.0,212977.0
526,2021-10-06 09:30:10,33000.0,1000.0,212877.0
527,2021-10-06 09:29:43,33000.0,600.0,211877.0
528,2021-10-06 09:29:41,33000.0,1400.0,211277.0
529,2021-10-06 09:29:28,33000.0,10100.0,209877.0
530,2021-10-06 09:29:27,33000.0,500.0,199777.0
531,2021-10-06 09:29:23,33000.0,5000.0,199277.0
532,2021-10-06 09:29:16,33000.0,1000.0,194277.0
533,2021-10-06 09:29:09,33000.0,100.0,193277.0
534,2021-10-06 09:29:06,33000.0,900.0,193177.0
535,2021-10-06 09:29:04,33000.0,1000.0,192277.0
536,2021-10-06 09:28:46,33000.0,2000.0,191277.0
537,2021-10-06 09:28:45,33100.0,200.0,189277.0
538,2021-10-06 09:28:37,33000.0,200.0,189077.0
539,2021-10-06 09:28:36,33000.0,100.0,188877.0
540,2021-10-06 09:28:31,33000.0,1100.0,188777.0
541,2021-10-06 09:28:22,33000.0,500.0,187677.0
542,2021-10-06 09:28:12,33000.0,5000.0,187177.0
543,2021-10-06 09:27:54,33000.0,100.0,182177.0
544,2021-10-06 09:27:33,33000.0,500.0,182077.0
545,2021-10-06 09:27:31,33100.0,3000.0,181577.0
546,2021-10-06 09:27:15,33000.0,2400.0,178577.0
547,2021-10-06 09:26:55,33000.0,500.0,176177.0
548,2021-10-06 09:26:36,33100.0,5000.0,175677.0
549,2021-10-06 09:26:33,33100.0,6000.0,170677.0
550,2021-10-06 09:26:28,33000.0,500.0,164677.0
551,2021-10-06 09:26:23,33000.0,500.0,164177.0
552,2021-10-06 09:26:16,33000.0,200.0,163677.0
553,2021-10-06 09:26:14,33000.0,1000.0,163477.0
554,2021-10-06 09:26:11,33000.0,500.0,162477.0
555,2021-10-06 09:26:06,33000.0,3000.0,161977.0
556,2021-10-06 09:25:41,33000.0,200.0,158977.0
557,2021-10-06 09:25:32,33100.0,2000.0,158777.0
558,2021-10-06 09:25:31,33000.0,500.0,156777.0
559,2021-10-06 09:25:28,33000.0,400.0,156277.0
560,2021-10-06 09:25:27,33000.0,100.0,155877.0
561,2021-10-06 09:25:21,33000.0,2000.0,155777.0
562,2021-10-06 09:25:14,33000.0,500.0,153777.0
563,2021-10-06 09:24:59,33000.0,500.0,153277.0
564,2021-10-06 09:24:47,33000.0,500.0,152777.0
565,2021-10-06 09:23:40,33100.0,3300.0,152277.0
566,2021-10-06 09:23:38,33100.0,2000.0,148977.0
567,2021-10-06 09:23:32,33100.0,300.0,146977.0
568,2021-10-06 09:23:24,33100.0,300.0,146677.0
569,2021-10-06 09:23:22,33100.0,200.0,146377.0
570,2021-10-06 09:23:17,33100.0,3000.0,146177.0
571,2021-10-06 09:23:11,33100.0,3000.0,143177.0
572,2021-10-06 09:23:08,33100.0,700.0,140177.0
573,2021-10-06 09:23:00,33100.0,800.0,139477.0
574,2021-10-06 09:22:45,33100.0,100.0,138677.0
575,2021-10-06 09:22:29,33200.0,100.0,138577.0
576,2021-10-06 09:22:22,33100.0,200.0,138477.0
577,2021-10-06 09:22:12,33200.0,100.0,138277.0
578,2021-10-06 09:22:01,33100.0,1000.0,138177.0
579,2021-10-06 09:21:57,33100.0,800.0,137177.0
580,2021-10-06 09:21:43,33100.0,100.0,136377.0
581,2021-10-06 09:21:19,33200.0,13.0,136277.0
582,2021-10-06 09:21:14,33200.0,5000.0,136264.0
583,2021-10-06 09:21:13,33200.0,1000.0,131264.0
584,2021-10-06 09:21:03,33200.0,2200.0,130264.0
585,2021-10-06 09:21:00,33200.0,2000.0,128064.0
586,2021-10-06 09:20:58,33200.0,10000.0,126064.0
587,2021-10-06 09:20:56,33200.0,1000.0,116064.0
588,2021-10-06 09:20:30,33200.0,100.0,115064.0
589,2021-10-06 09:20:25,33200.0,1000.0,114964.0
590,2021-10-06 09:20:05,33200.0,600.0,113964.0
591,2021-10-06 09:20:03,33200.0,1000.0,113364.0
592,2021-10-06 09:20:00,33200.0,200.0,112364.0
593,2021-10-06 09:19:49,33200.0,600.0,112164.0
594,2021-10-06 09:19:40,33200.0,300.0,111564.0
595,2021-10-06 09:19:31,33200.0,100.0,111264.0
596,2021-10-06 09:19:24,33300.0,100.0,111164.0
597,2021-10-06 09:19:11,33200.0,1.0,111064.0
598,2021-10-06 09:19:07,33200.0,100.0,111063.0
599,2021-10-06 09:18:15,33200.0,39.0,110963.0
600,2021-10-06 09:18:14,33200.0,300.0,110924.0
601,2021-10-06 09:18:13,33200.0,5.0,110624.0
602,2021-10-06 09:18:09,33200.0,1000.0,110619.0
603,2021-10-06 09:18:02,33200.0,1000.0,109619.0
604,2021-10-06 09:18:00,33200.0,1500.0,108619.0
605,2021-10-06 09:17:59,33200.0,100.0,107119.0
606,2021-10-06 09:17:49,33200.0,30.0,107019.0
607,2021-10-06 09:17:46,33200.0,200.0,106989.0
608,2021-10-06 09:17:45,33200.0,2000.0,106789.0
609,2021-10-06 09:17:02,33200.0,1000.0,104789.0
610,2021-10-06 09:16:52,33200.0,600.0,103789.0
611,2021-10-06 09:16:50,33200.0,100.0,103189.0
612,2021-10-06 09:16:43,33200.0,1000.0,103089.0
613,2021-10-06 09:16:29,33200.0,5000.0,102089.0
614,2021-10-06 09:15:36,33100.0,100.0,97089.0
615,2021-10-06 09:15:21,33100.0,100.0,96989.0
616,2021-10-06 09:15:02,33100.0,1400.0,96889.0
617,2021-10-06 09:14:45,33100.0,1000.0,95489.0
618,2021-10-06 09:14:44,33100.0,300.0,94489.0
619,2021-10-06 09:14:32,33100.0,200.0,94189.0
620,2021-10-06 09:14:28,33100.0,100.0,93989.0
621,2021-10-06 09:13:10,33100.0,3000.0,93889.0
622,2021-10-06 09:12:45,33000.0,400.0,90889.0
623,2021-10-06 09:12:40,33100.0,1000.0,90489.0
624,2021-10-06 09:12:24,33000.0,21.0,89489.0
625,2021-10-06 09:12:18,33000.0,2400.0,89468.0
626,2021-10-06 09:12:00,33000.0,100.0,87068.0
627,2021-10-06 09:11:48,33100.0,1900.0,86968.0
628,2021-10-06 09:11:44,33100.0,1000.0,85068.0
629,2021-10-06 09:11:40,33100.0,200.0,84068.0
630,2021-10-06 09:11:10,33100.0,5000.0,83868.0
631,2021-10-06 09:10:35,33100.0,900.0,78868.0
632,2021-10-06 09:10:34,33200.0,2000.0,77968.0
633,2021-10-06 09:10:24,33100.0,1.0,75968.0
634,2021-10-06 09:10:10,33100.0,2000.0,75967.0
635,2021-10-06 09:10:07,33100.0,500.0,73967.0
636,2021-10-06 09:09:44,33200.0,800.0,73467.0
637,2021-10-06 09:09:40,33100.0,400.0,72667.0
638,2021-10-06 09:09:36,33100.0,200.0,72267.0
639,2021-10-06 09:09:32,33100.0,500.0,72067.0
640,2021-10-06 09:09:29,33100.0,100.0,71567.0
641,2021-10-06 09:09:28,33100.0,400.0,71467.0
642,2021-10-06 09:09:16,33200.0,100.0,71067.0
643,2021-10-06 09:09:00,33200.0,52.0,70967.0
644,2021-10-06 09:08:52,33200.0,100.0,70915.0
645,2021-10-06 09:08:49,33200.0,2700.0,70815.0
646,2021-10-06 09:08:24,33300.0,100.0,68115.0
647,2021-10-06 09:08:10,33300.0,1000.0,68015.0
648,2021-10-06 09:08:07,33300.0,500.0,67015.0
649,2021-10-06 09:08:02,33200.0,100.0,66515.0
650,2021-10-06 09:07:54,33300.0,300.0,66415.0
651,2021-10-06 09:07:52,33200.0,500.0,66115.0
652,2021-10-06 09:07:42,33300.0,800.0,65615.0
653,2021-10-06 09:07:40,33300.0,200.0,64815.0
654,2021-10-06 09:07:37,33300.0,1000.0,64615.0
655,2021-10-06 09:07:29,33300.0,5000.0,63615.0
656,2021-10-06 09:07:21,33400.0,400.0,58615.0
657,2021-10-06 09:07:19,33300.0,1000.0,58215.0
658,2021-10-06 09:07:15,33300.0,100.0,57215.0
659,2021-10-06 09:07:13,33300.0,11800.0,57115.0
660,2021-10-06 09:07:11,33300.0,100.0,45315.0
661,2021-10-06 09:07:07,33300.0,100.0,45215.0
662,2021-10-06 09:07:06,33300.0,500.0,45115.0
663,2021-10-06 09:07:02,33300.0,100.0,44615.0
664,2021-10-06 09:07:00,33300.0,100.0,44515.0
665,2021-10-06 09:06:57,33300.0,900.0,44415.0
666,2021-10-06 09:06:53,33200.0,100.0,43515.0
667,2021-10-06 09:06:51,33300.0,100.0,43415.0
668,2021-10-06 09:06:45,33200.0,100.0,43315.0
669,2021-10-06 09:06:44,33300.0,100.0,43215.0
670,2021-10-06 09:06:38,33200.0,42.0,43115.0
671,2021-10-06 09:06:27,33200.0,3200.0,43073.0
672,2021-10-06 09:06:07,33100.0,300.0,39873.0
673,2021-10-06 09:05:58,33100.0,600.0,39573.0
674,2021-10-06 09:05:32,33000.0,1000.0,38973.0
675,2021-10-06 09:05:15,33000.0,600.0,37973.0
676,2021-10-06 09:05:12,33000.0,200.0,37373.0
677,2021-10-06 09:05:11,33000.0,500.0,37173.0
678,2021-10-06 09:05:08,33000.0,1000.0,36673.0
679,2021-10-06 09:05:03,33000.0,100.0,35673.0
680,2021-10-06 09:05:02,33000.0,3200.0,35573.0
681,2021-10-06 09:04:56,33000.0,4000.0,32373.0
682,2021-10-06 09:04:37,33000.0,500.0,28373.0
683,2021-10-06 09:04:35,33000.0,3000.0,27873.0
684,2021-10-06 09:04:21,33000.0,400.0,24873.0
685,2021-10-06 09:04:16,33000.0,100.0,24473.0
686,2021-10-06 09:04:09,33000.0,100.0,24373.0
687,2021-10-06 09:04:01,33000.0,100.0,24273.0
688,2021-10-06 09:03:53,33000.0,100.0,24173.0
689,2021-10-06 09:03:48,33000.0,15000.0,24073.0
690,2021-10-06 09:03:46,33000.0,200.0,9073.0
691,2021-10-06 09:03:39,33000.0,100.0,8873.0
692,2021-10-06 09:03:38,33000.0,3900.0,8773.0
693,2021-10-06 09:03:27,33000.0,1000.0,4873.0
694,2021-10-06 09:03:25,33000.0,200.0,3873.0
695,2021-10-06 09:03:01,33000.0,100.0,3673.0
696,2021-10-06 09:02:50,32900.0,100.0,3573.0
697,2021-10-06 09:02:23,32900.0,100.0,3473.0
698,2021-10-06 09:01:50,32900.0,100.0,3373.0
699,2021-10-06 09:01:25,32900.0,200.0,3273.0
700,2021-10-06 09:00:58,32900.0,1300.0,3073.0
701,2021-10-06 09:00:30,32900.0,73.0,1773.0
702,2021-10-06 09:00:10,32900.0,600.0,1700.0
703,2021-10-06 09:00:05,33000.0,1000.0,1100.0
704,2021-10-06 09:00:04,32800.0,100.0,100.0
