,Time,Price,Volume_per_trade,Volume
0,2021-10-08 07:45:00,38650.0,100.0,527700.0
1,2021-10-08 07:45:00,38650.0,3000.0,527600.0
2,2021-10-08 07:45:00,38650.0,700.0,524600.0
3,2021-10-08 07:45:00,38650.0,200.0,523900.0
4,2021-10-08 07:45:00,38650.0,200.0,523700.0
5,2021-10-08 07:45:00,38650.0,1000.0,523500.0
6,2021-10-08 07:45:00,38650.0,500.0,522500.0
7,2021-10-08 07:45:00,38650.0,100.0,522000.0
8,2021-10-08 07:45:00,38650.0,1000.0,521900.0
9,2021-10-08 07:45:00,38650.0,100.0,520900.0
10,2021-10-08 07:45:00,38650.0,500.0,520800.0
11,2021-10-08 07:45:00,38650.0,200.0,520300.0
12,2021-10-08 07:45:00,38650.0,500.0,520100.0
13,2021-10-08 07:45:00,38650.0,100.0,519600.0
14,2021-10-08 07:45:00,38650.0,100.0,519500.0
15,2021-10-08 07:45:00,38650.0,2000.0,519400.0
16,2021-10-08 07:45:00,38650.0,300.0,517400.0
17,2021-10-08 07:45:00,38650.0,100.0,517100.0
18,2021-10-08 07:45:00,38650.0,200.0,517000.0
19,2021-10-08 07:45:00,38650.0,200.0,516800.0
20,2021-10-08 07:45:00,38650.0,200.0,516600.0
21,2021-10-08 07:45:00,38650.0,300.0,516400.0
22,2021-10-08 07:45:00,38650.0,400.0,516100.0
23,2021-10-08 07:45:00,38650.0,200.0,515700.0
24,2021-10-08 07:45:00,38650.0,100.0,515500.0
25,2021-10-08 07:45:00,38650.0,100.0,515400.0
26,2021-10-08 07:45:00,38650.0,800.0,515300.0
27,2021-10-08 07:45:00,38650.0,1000.0,514500.0
28,2021-10-08 07:45:00,38650.0,1600.0,513500.0
29,2021-10-08 07:45:00,38650.0,400.0,511900.0
30,2021-10-08 07:29:47,38800.0,1500.0,511500.0
31,2021-10-08 07:28:48,38900.0,100.0,510000.0
32,2021-10-08 07:28:26,38900.0,300.0,509900.0
33,2021-10-08 07:28:21,38900.0,1300.0,509600.0
34,2021-10-08 07:28:21,38900.0,1800.0,508300.0
35,2021-10-08 07:28:16,39000.0,100.0,506500.0
36,2021-10-08 07:25:39,39000.0,300.0,506400.0
37,2021-10-08 07:25:39,39000.0,400.0,506100.0
38,2021-10-08 07:25:12,39000.0,500.0,505700.0
39,2021-10-08 07:25:05,39000.0,1000.0,505200.0
40,2021-10-08 07:25:04,39050.0,300.0,504200.0
41,2021-10-08 07:24:51,39000.0,500.0,503900.0
42,2021-10-08 07:24:08,39050.0,100.0,503400.0
43,2021-10-08 07:24:04,39000.0,500.0,503300.0
44,2021-10-08 07:24:04,39000.0,2100.0,502800.0
45,2021-10-08 07:23:50,38800.0,800.0,500700.0
46,2021-10-08 07:23:50,38800.0,200.0,499900.0
47,2021-10-08 07:18:33,38650.0,900.0,499700.0
48,2021-10-08 07:18:33,38800.0,1600.0,498800.0
49,2021-10-08 07:18:33,39000.0,600.0,497200.0
50,2021-10-08 07:18:32,39000.0,100.0,496600.0
51,2021-10-08 07:18:32,39000.0,500.0,496500.0
52,2021-10-08 07:18:32,39000.0,2500.0,496000.0
53,2021-10-08 07:18:32,39000.0,900.0,493500.0
54,2021-10-08 07:18:32,39000.0,1000.0,492600.0
55,2021-10-08 07:18:32,39000.0,100.0,491600.0
56,2021-10-08 07:18:32,39000.0,100.0,491500.0
57,2021-10-08 07:18:32,39000.0,300.0,491400.0
58,2021-10-08 07:18:32,39000.0,1000.0,491100.0
59,2021-10-08 07:18:32,39000.0,200.0,490100.0
60,2021-10-08 07:18:32,39000.0,1700.0,489900.0
61,2021-10-08 07:18:19,39000.0,200.0,488200.0
62,2021-10-08 07:18:19,38900.0,200.0,488000.0
63,2021-10-08 07:17:58,38900.0,100.0,487800.0
64,2021-10-08 07:17:58,38900.0,300.0,487700.0
65,2021-10-08 07:17:36,38800.0,400.0,487400.0
66,2021-10-08 07:17:34,38800.0,100.0,487000.0
67,2021-10-08 07:17:34,38800.0,100.0,486900.0
68,2021-10-08 07:17:00,38800.0,100.0,486800.0
69,2021-10-08 07:17:00,38800.0,200.0,486700.0
70,2021-10-08 07:17:00,38800.0,100.0,486500.0
71,2021-10-08 07:16:42,38800.0,400.0,486400.0
72,2021-10-08 07:16:34,38800.0,100.0,486000.0
73,2021-10-08 07:16:32,38800.0,200.0,485900.0
74,2021-10-08 07:16:30,38800.0,500.0,485700.0
75,2021-10-08 07:16:30,38700.0,500.0,485200.0
76,2021-10-08 07:16:15,38800.0,1000.0,484700.0
77,2021-10-08 07:16:00,38800.0,4000.0,483700.0
78,2021-10-08 07:15:54,38600.0,1000.0,479700.0
79,2021-10-08 07:15:23,38800.0,200.0,478700.0
80,2021-10-08 07:09:08,38600.0,300.0,478500.0
81,2021-10-08 07:09:08,38600.0,100.0,478200.0
82,2021-10-08 07:08:34,38600.0,1000.0,478100.0
83,2021-10-08 07:08:09,38600.0,200.0,477100.0
84,2021-10-08 07:06:26,38900.0,100.0,476900.0
85,2021-10-08 07:06:19,38900.0,100.0,476800.0
86,2021-10-08 07:05:16,38900.0,400.0,476700.0
87,2021-10-08 07:04:23,38900.0,100.0,476300.0
88,2021-10-08 07:04:04,38600.0,500.0,476200.0
89,2021-10-08 07:04:04,38600.0,200.0,475700.0
90,2021-10-08 07:04:04,38600.0,500.0,475500.0
91,2021-10-08 07:04:04,38600.0,100.0,475000.0
92,2021-10-08 07:04:04,38600.0,400.0,474900.0
93,2021-10-08 07:04:04,38650.0,100.0,474500.0
94,2021-10-08 07:04:04,38650.0,100.0,474400.0
95,2021-10-08 07:03:39,38650.0,100.0,474300.0
96,2021-10-08 07:02:06,38650.0,300.0,474200.0
97,2021-10-08 07:02:06,38650.0,200.0,473900.0
98,2021-10-08 07:01:10,38650.0,300.0,473700.0
99,2021-10-08 06:55:26,38600.0,1400.0,473400.0
100,2021-10-08 06:54:31,38600.0,200.0,472000.0
101,2021-10-08 06:54:31,38600.0,100.0,471800.0
102,2021-10-08 06:54:31,38600.0,100.0,471700.0
103,2021-10-08 06:54:31,38600.0,800.0,471600.0
104,2021-10-08 06:54:31,38650.0,1000.0,470800.0
105,2021-10-08 06:54:12,38700.0,200.0,469800.0
106,2021-10-08 06:54:12,38800.0,1000.0,469600.0
107,2021-10-08 06:54:12,38800.0,200.0,468600.0
108,2021-10-08 06:54:12,38900.0,1400.0,468400.0
109,2021-10-08 06:49:24,39000.0,100.0,467000.0
110,2021-10-08 06:48:29,38800.0,100.0,466900.0
111,2021-10-08 06:48:29,38800.0,100.0,466800.0
112,2021-10-08 06:48:16,38800.0,900.0,466700.0
113,2021-10-08 06:48:16,38800.0,100.0,465800.0
114,2021-10-08 06:47:51,38800.0,400.0,465700.0
115,2021-10-08 06:47:51,38900.0,300.0,465300.0
116,2021-10-08 06:47:51,39000.0,2900.0,465000.0
117,2021-10-08 06:47:51,39000.0,300.0,462100.0
118,2021-10-08 06:47:51,39000.0,1000.0,461800.0
119,2021-10-08 06:47:51,39000.0,600.0,460800.0
120,2021-10-08 06:47:51,39000.0,100.0,460200.0
121,2021-10-08 06:47:51,39000.0,1700.0,460100.0
122,2021-10-08 06:47:39,39000.0,1000.0,458400.0
123,2021-10-08 06:46:43,39000.0,3000.0,457400.0
124,2021-10-08 06:45:46,39000.0,1300.0,454400.0
125,2021-10-08 06:44:50,39050.0,200.0,453100.0
126,2021-10-08 06:44:50,39050.0,500.0,452900.0
127,2021-10-08 06:44:50,39050.0,500.0,452400.0
128,2021-10-08 06:44:50,39050.0,500.0,451900.0
129,2021-10-08 06:44:50,39050.0,200.0,451400.0
130,2021-10-08 06:44:50,39100.0,100.0,451200.0
131,2021-10-08 06:44:41,39150.0,100.0,451100.0
132,2021-10-08 06:44:24,39100.0,200.0,451000.0
133,2021-10-08 06:44:24,39100.0,300.0,450800.0
134,2021-10-08 06:44:09,39150.0,100.0,450500.0
135,2021-10-08 06:43:12,39150.0,200.0,450400.0
136,2021-10-08 06:43:00,39150.0,100.0,450200.0
137,2021-10-08 06:42:28,39150.0,700.0,450100.0
138,2021-10-08 06:41:21,39150.0,300.0,449400.0
139,2021-10-08 06:41:20,39150.0,500.0,449100.0
140,2021-10-08 06:41:20,39150.0,500.0,448600.0
141,2021-10-08 06:41:20,39150.0,1000.0,448100.0
142,2021-10-08 06:39:11,39150.0,100.0,447100.0
143,2021-10-08 06:39:11,39150.0,3000.0,447000.0
144,2021-10-08 06:39:11,39150.0,2400.0,444000.0
145,2021-10-08 06:38:53,39200.0,500.0,441600.0
146,2021-10-08 06:38:53,39200.0,100.0,441100.0
147,2021-10-08 06:38:46,39150.0,600.0,441000.0
148,2021-10-08 06:38:46,39150.0,100.0,440400.0
149,2021-10-08 06:38:46,39150.0,300.0,440300.0
150,2021-10-08 06:38:40,39150.0,300.0,440000.0
151,2021-10-08 06:38:29,39200.0,200.0,439700.0
152,2021-10-08 06:38:18,39150.0,100.0,439500.0
153,2021-10-08 06:37:03,39150.0,100.0,439400.0
154,2021-10-08 06:35:57,39200.0,500.0,439300.0
155,2021-10-08 06:35:52,39200.0,200.0,438800.0
156,2021-10-08 06:35:52,39200.0,800.0,438600.0
157,2021-10-08 06:35:11,39200.0,200.0,437800.0
158,2021-10-08 06:34:58,39150.0,1000.0,437600.0
159,2021-10-08 06:34:48,39150.0,500.0,436600.0
160,2021-10-08 06:34:32,39150.0,1000.0,436100.0
161,2021-10-08 06:34:13,39150.0,500.0,435100.0
162,2021-10-08 06:31:52,39050.0,2000.0,434600.0
163,2021-10-08 06:31:47,39200.0,500.0,432600.0
164,2021-10-08 06:31:38,39200.0,500.0,432100.0
165,2021-10-08 06:31:12,39050.0,100.0,431600.0
166,2021-10-08 06:31:03,39050.0,500.0,431500.0
167,2021-10-08 06:30:03,39050.0,300.0,431000.0
168,2021-10-08 06:30:03,39050.0,1700.0,430700.0
169,2021-10-08 06:29:57,39050.0,300.0,429000.0
170,2021-10-08 06:29:23,39050.0,200.0,428700.0
171,2021-10-08 06:29:13,39050.0,300.0,428500.0
172,2021-10-08 06:29:04,39100.0,200.0,428200.0
173,2021-10-08 06:28:55,39150.0,1600.0,428000.0
174,2021-10-08 06:28:55,39150.0,200.0,426400.0
175,2021-10-08 06:27:46,39150.0,1000.0,426200.0
176,2021-10-08 06:26:10,39150.0,500.0,425200.0
177,2021-10-08 06:25:45,39450.0,1000.0,424700.0
178,2021-10-08 06:25:25,39450.0,1000.0,423700.0
179,2021-10-08 06:25:13,39450.0,100.0,422700.0
180,2021-10-08 06:24:42,39450.0,1800.0,422600.0
181,2021-10-08 06:24:32,39500.0,1000.0,420800.0
182,2021-10-08 06:24:11,39500.0,800.0,419800.0
183,2021-10-08 06:24:11,39450.0,200.0,419000.0
184,2021-10-08 06:24:01,39500.0,300.0,418800.0
185,2021-10-08 06:24:01,39500.0,300.0,418500.0
186,2021-10-08 06:24:01,39500.0,3000.0,418200.0
187,2021-10-08 06:24:01,39500.0,500.0,415200.0
188,2021-10-08 06:24:01,39500.0,700.0,414700.0
189,2021-10-08 06:24:01,39450.0,200.0,414000.0
190,2021-10-08 06:23:48,39500.0,200.0,413800.0
191,2021-10-08 06:23:48,39500.0,800.0,413600.0
192,2021-10-08 06:23:48,39450.0,200.0,412800.0
193,2021-10-08 06:23:38,39500.0,1000.0,412600.0
194,2021-10-08 06:23:25,39500.0,300.0,411600.0
195,2021-10-08 06:23:11,39500.0,900.0,411300.0
196,2021-10-08 06:23:11,39500.0,100.0,410400.0
197,2021-10-08 06:22:56,39500.0,1000.0,410300.0
198,2021-10-08 06:22:56,39500.0,1600.0,409300.0
199,2021-10-08 06:22:53,39500.0,100.0,407700.0
200,2021-10-08 06:22:39,39500.0,300.0,407600.0
201,2021-10-08 06:22:39,39500.0,100.0,407300.0
202,2021-10-08 06:22:39,39500.0,500.0,407200.0
203,2021-10-08 06:22:39,39500.0,800.0,406700.0
204,2021-10-08 06:22:39,39500.0,300.0,405900.0
205,2021-10-08 06:22:34,39500.0,700.0,405600.0
206,2021-10-08 06:22:34,39500.0,1500.0,404900.0
207,2021-10-08 06:22:29,39500.0,100.0,403400.0
208,2021-10-08 06:22:29,39500.0,1000.0,403300.0
209,2021-10-08 06:22:29,39500.0,700.0,402300.0
210,2021-10-08 06:22:24,39400.0,200.0,401600.0
211,2021-10-08 06:22:15,39400.0,1900.0,401400.0
212,2021-10-08 06:22:15,39450.0,100.0,399500.0
213,2021-10-08 06:22:15,39450.0,400.0,399400.0
214,2021-10-08 06:22:07,39400.0,1200.0,399000.0
215,2021-10-08 06:22:04,39400.0,1800.0,397800.0
216,2021-10-08 06:21:51,39500.0,300.0,396000.0
217,2021-10-08 06:21:51,39500.0,2000.0,395700.0
218,2021-10-08 06:21:39,39300.0,300.0,393700.0
219,2021-10-08 06:21:18,39300.0,1000.0,393400.0
220,2021-10-08 06:21:18,39300.0,700.0,392400.0
221,2021-10-08 06:21:14,39300.0,1300.0,391700.0
222,2021-10-08 06:21:14,39300.0,900.0,390400.0
223,2021-10-08 06:21:14,39400.0,800.0,389500.0
224,2021-10-08 06:21:11,39400.0,100.0,388700.0
225,2021-10-08 06:21:11,39400.0,100.0,388600.0
226,2021-10-08 06:21:11,39400.0,1000.0,388500.0
227,2021-10-08 06:21:08,39300.0,10000.0,387500.0
228,2021-10-08 06:21:03,39300.0,300.0,377500.0
229,2021-10-08 06:21:00,39300.0,500.0,377200.0
230,2021-10-08 06:21:00,39300.0,200.0,376700.0
231,2021-10-08 06:20:48,39300.0,5000.0,376500.0
232,2021-10-08 06:20:48,39200.0,200.0,371500.0
233,2021-10-08 06:20:46,39200.0,100.0,371300.0
234,2021-10-08 06:20:46,39200.0,100.0,371200.0
235,2021-10-08 06:20:30,39100.0,300.0,371100.0
236,2021-10-08 06:20:28,39100.0,300.0,370800.0
237,2021-10-08 06:20:28,39100.0,100.0,370500.0
238,2021-10-08 06:20:28,39100.0,100.0,370400.0
239,2021-10-08 06:20:18,39100.0,100.0,370300.0
240,2021-10-08 06:20:15,39100.0,100.0,370200.0
241,2021-10-08 06:20:09,39000.0,2100.0,370100.0
242,2021-10-08 06:20:09,39000.0,300.0,368000.0
243,2021-10-08 06:20:09,39000.0,700.0,367700.0
244,2021-10-08 06:20:09,39000.0,3500.0,367000.0
245,2021-10-08 06:20:09,39000.0,1000.0,363500.0
246,2021-10-08 06:20:09,39000.0,300.0,362500.0
247,2021-10-08 06:20:09,39000.0,3300.0,362200.0
248,2021-10-08 06:20:09,39000.0,500.0,358900.0
249,2021-10-08 06:20:09,39000.0,2000.0,358400.0
250,2021-10-08 06:20:09,39000.0,1000.0,356400.0
251,2021-10-08 06:20:09,39000.0,200.0,355400.0
252,2021-10-08 06:20:08,39000.0,300.0,355200.0
253,2021-10-08 06:20:02,38900.0,800.0,354900.0
254,2021-10-08 06:19:59,38900.0,500.0,354100.0
255,2021-10-08 06:19:54,38900.0,200.0,353600.0
256,2021-10-08 06:19:54,38900.0,100.0,353400.0
257,2021-10-08 06:19:46,38800.0,1000.0,353300.0
258,2021-10-08 06:19:46,38800.0,100.0,352300.0
259,2021-10-08 06:19:46,38800.0,900.0,352200.0
260,2021-10-08 06:19:44,38800.0,8000.0,351300.0
261,2021-10-08 06:19:37,38800.0,1000.0,343300.0
262,2021-10-08 06:19:34,38800.0,1300.0,342300.0
263,2021-10-08 06:19:34,38800.0,500.0,341000.0
264,2021-10-08 06:19:23,38700.0,100.0,340500.0
265,2021-10-08 06:19:23,38700.0,200.0,340400.0
266,2021-10-08 06:19:23,38700.0,100.0,340200.0
267,2021-10-08 06:19:23,38700.0,100.0,340100.0
268,2021-10-08 06:19:21,38700.0,500.0,340000.0
269,2021-10-08 06:19:21,38700.0,100.0,339500.0
270,2021-10-08 06:19:13,38700.0,900.0,339400.0
271,2021-10-08 06:19:13,38700.0,100.0,338500.0
272,2021-10-08 06:18:53,38600.0,300.0,338400.0
273,2021-10-08 06:18:53,38600.0,100.0,338100.0
274,2021-10-08 06:18:53,38600.0,400.0,338000.0
275,2021-10-08 06:18:53,38600.0,500.0,337600.0
276,2021-10-08 06:18:53,38600.0,100.0,337100.0
277,2021-10-08 06:18:53,38600.0,300.0,337000.0
278,2021-10-08 06:18:52,38600.0,1000.0,336700.0
279,2021-10-08 06:18:41,38600.0,700.0,335700.0
280,2021-10-08 06:18:35,38600.0,400.0,335000.0
281,2021-10-08 06:18:33,38600.0,100.0,334600.0
282,2021-10-08 06:18:32,38600.0,2500.0,334500.0
283,2021-10-08 06:18:22,38600.0,400.0,332000.0
284,2021-10-08 06:18:22,38600.0,100.0,331600.0
285,2021-10-08 06:18:17,38550.0,100.0,331500.0
286,2021-10-08 06:18:17,38550.0,100.0,331400.0
287,2021-10-08 06:18:17,38550.0,5800.0,331300.0
288,2021-10-08 06:18:15,38550.0,300.0,325500.0
289,2021-10-08 06:18:12,38550.0,200.0,325200.0
290,2021-10-08 06:17:47,38550.0,200.0,325000.0
291,2021-10-08 06:17:27,38500.0,5000.0,324800.0
292,2021-10-08 06:17:27,38500.0,100.0,319800.0
293,2021-10-08 06:17:27,38500.0,1300.0,319700.0
294,2021-10-08 06:17:26,38500.0,500.0,318400.0
295,2021-10-08 06:17:23,38500.0,4400.0,317900.0
296,2021-10-08 06:17:23,38500.0,500.0,313500.0
297,2021-10-08 06:17:23,38500.0,100.0,313000.0
298,2021-10-08 06:17:21,38500.0,900.0,312900.0
299,2021-10-08 06:17:21,38500.0,1100.0,312000.0
300,2021-10-08 06:17:10,38500.0,1900.0,310900.0
301,2021-10-08 06:17:10,38500.0,100.0,309000.0
302,2021-10-08 06:17:10,38500.0,1000.0,308900.0
303,2021-10-08 06:17:07,38500.0,100.0,307900.0
304,2021-10-08 06:17:07,38500.0,800.0,307800.0
305,2021-10-08 06:17:05,38500.0,2200.0,307000.0
306,2021-10-08 06:17:05,38500.0,400.0,304800.0
307,2021-10-08 06:17:00,38500.0,100.0,304400.0
308,2021-10-08 06:17:00,38500.0,4900.0,304300.0
309,2021-10-08 06:16:55,38500.0,300.0,299400.0
310,2021-10-08 06:16:46,38500.0,300.0,299100.0
311,2021-10-08 06:16:40,38500.0,6100.0,298800.0
312,2021-10-08 06:16:40,38500.0,500.0,292700.0
313,2021-10-08 06:16:40,38500.0,500.0,292200.0
314,2021-10-08 06:16:40,38500.0,100.0,291700.0
315,2021-10-08 06:16:40,38500.0,500.0,291600.0
316,2021-10-08 06:16:40,38500.0,500.0,291100.0
317,2021-10-08 06:16:40,38450.0,1800.0,290600.0
318,2021-10-08 06:16:39,38400.0,300.0,288800.0
319,2021-10-08 06:16:37,38450.0,200.0,288500.0
320,2021-10-08 06:16:20,38400.0,500.0,288300.0
321,2021-10-08 06:16:14,38400.0,400.0,287800.0
322,2021-10-08 06:16:08,38400.0,100.0,287400.0
323,2021-10-08 06:15:43,38350.0,500.0,287300.0
324,2021-10-08 06:15:25,38300.0,1000.0,286800.0
325,2021-10-08 06:15:25,38300.0,200.0,285800.0
326,2021-10-08 06:15:25,38300.0,700.0,285600.0
327,2021-10-08 06:15:02,38300.0,100.0,284900.0
328,2021-10-08 06:14:56,38300.0,100.0,284800.0
329,2021-10-08 06:14:47,38200.0,3600.0,284700.0
330,2021-10-08 06:14:47,38200.0,1200.0,281100.0
331,2021-10-08 06:14:47,38200.0,200.0,279900.0
332,2021-10-08 06:14:47,38200.0,200.0,279700.0
333,2021-10-08 06:12:59,38150.0,300.0,279500.0
334,2021-10-08 06:11:59,38150.0,300.0,279200.0
335,2021-10-08 06:11:43,38150.0,2100.0,278900.0
336,2021-10-08 06:11:42,38150.0,200.0,276800.0
337,2021-10-08 06:11:42,38150.0,500.0,276600.0
338,2021-10-08 06:10:40,38150.0,800.0,276100.0
339,2021-10-08 06:09:21,38150.0,200.0,275300.0
340,2021-10-08 06:08:23,38000.0,100.0,275100.0
341,2021-10-08 06:08:23,38000.0,900.0,275000.0
342,2021-10-08 06:08:12,38000.0,100.0,274100.0
343,2021-10-08 06:08:12,38000.0,100.0,274000.0
344,2021-10-08 06:05:24,38000.0,700.0,273900.0
345,2021-10-08 06:05:06,38000.0,200.0,273200.0
346,2021-10-08 06:00:33,38000.0,100.0,273000.0
347,2021-10-08 06:00:14,38000.0,100.0,272900.0
348,2021-10-08 06:00:14,38000.0,200.0,272800.0
349,2021-10-08 06:00:14,38000.0,200.0,272600.0
350,2021-10-08 06:00:14,38000.0,100.0,272400.0
351,2021-10-08 06:00:14,38000.0,1000.0,272300.0
352,2021-10-08 06:00:14,38000.0,700.0,271300.0
353,2021-10-08 06:00:14,38100.0,400.0,270600.0
354,2021-10-08 06:00:14,38100.0,1300.0,270200.0
355,2021-10-08 06:00:13,38100.0,2000.0,268900.0
356,2021-10-08 06:00:05,38100.0,100.0,266900.0
357,2021-10-08 04:28:32,38100.0,100.0,266800.0
358,2021-10-08 04:28:32,38100.0,500.0,266700.0
359,2021-10-08 04:25:37,38100.0,3000.0,266200.0
360,2021-10-08 04:24:53,38000.0,200.0,263200.0
361,2021-10-08 04:24:28,38000.0,100.0,263000.0
362,2021-10-08 04:24:28,38000.0,100.0,262900.0
363,2021-10-08 04:24:28,38000.0,100.0,262800.0
364,2021-10-08 04:24:18,38000.0,900.0,262700.0
365,2021-10-08 04:24:18,38000.0,100.0,261800.0
366,2021-10-08 04:23:41,38000.0,900.0,261700.0
367,2021-10-08 04:21:33,38100.0,100.0,260800.0
368,2021-10-08 04:20:56,38200.0,700.0,260700.0
369,2021-10-08 04:20:49,38100.0,300.0,260000.0
370,2021-10-08 04:15:38,38100.0,4000.0,259700.0
371,2021-10-08 04:15:38,38100.0,100.0,255700.0
372,2021-10-08 04:15:38,38200.0,300.0,255600.0
373,2021-10-08 04:15:38,38200.0,600.0,255300.0
374,2021-10-08 04:15:28,38200.0,500.0,254700.0
375,2021-10-08 04:13:25,38200.0,100.0,254200.0
376,2021-10-08 04:12:31,38200.0,400.0,254100.0
377,2021-10-08 04:12:01,38200.0,100.0,253700.0
378,2021-10-08 04:09:41,38200.0,1000.0,253600.0
379,2021-10-08 04:09:04,38200.0,100.0,252600.0
380,2021-10-08 04:09:04,38200.0,500.0,252500.0
381,2021-10-08 04:09:04,38200.0,3000.0,252000.0
382,2021-10-08 04:09:04,38200.0,200.0,249000.0
383,2021-10-08 04:09:04,38200.0,100.0,248800.0
384,2021-10-08 04:08:48,38200.0,200.0,248700.0
385,2021-10-08 04:08:13,38200.0,100.0,248500.0
386,2021-10-08 04:05:17,38000.0,800.0,248400.0
387,2021-10-08 04:05:17,38000.0,200.0,247600.0
388,2021-10-08 04:03:11,38000.0,300.0,247400.0
389,2021-10-08 04:03:11,38000.0,100.0,247100.0
390,2021-10-08 04:03:11,38000.0,600.0,247000.0
391,2021-10-08 04:02:46,38000.0,1000.0,246400.0
392,2021-10-08 04:02:29,38000.0,200.0,245400.0
393,2021-10-08 04:01:26,38000.0,200.0,245200.0
394,2021-10-08 04:01:26,38000.0,200.0,245000.0
395,2021-10-08 04:01:00,38000.0,300.0,244800.0
396,2021-10-08 04:00:32,38050.0,2000.0,244500.0
397,2021-10-08 03:58:55,38100.0,2000.0,242500.0
398,2021-10-08 03:51:50,38200.0,400.0,240500.0
399,2021-10-08 03:51:50,38200.0,500.0,240100.0
400,2021-10-08 03:51:50,38200.0,1200.0,239600.0
401,2021-10-08 03:51:50,38200.0,2000.0,238400.0
402,2021-10-08 03:51:50,38100.0,200.0,236400.0
403,2021-10-08 03:51:45,38100.0,300.0,236200.0
404,2021-10-08 03:50:47,38100.0,200.0,235900.0
405,2021-10-08 03:50:47,38100.0,100.0,235700.0
406,2021-10-08 03:44:26,38200.0,100.0,235600.0
407,2021-10-08 03:44:16,38200.0,200.0,235500.0
408,2021-10-08 03:44:16,38200.0,300.0,235300.0
409,2021-10-08 03:43:43,38200.0,1400.0,235000.0
410,2021-10-08 03:43:26,38200.0,100.0,233600.0
411,2021-10-08 03:43:11,38200.0,100.0,233500.0
412,2021-10-08 03:41:49,38200.0,400.0,233400.0
413,2021-10-08 03:41:49,38200.0,1500.0,233000.0
414,2021-10-08 03:41:49,38200.0,2700.0,231500.0
415,2021-10-08 03:41:17,38200.0,200.0,228800.0
416,2021-10-08 03:41:15,38000.0,100.0,228600.0
417,2021-10-08 03:41:15,38000.0,3900.0,228500.0
418,2021-10-08 03:40:43,38000.0,100.0,224600.0
419,2021-10-08 03:40:10,38000.0,200.0,224500.0
420,2021-10-08 03:39:19,37900.0,100.0,224300.0
421,2021-10-08 03:39:19,37900.0,300.0,224200.0
422,2021-10-08 03:39:19,37900.0,100.0,223900.0
423,2021-10-08 03:39:19,37900.0,500.0,223800.0
424,2021-10-08 03:39:19,37900.0,200.0,223300.0
425,2021-10-08 03:38:44,37900.0,300.0,223100.0
426,2021-10-08 03:38:44,37900.0,100.0,222800.0
427,2021-10-08 03:38:44,37900.0,100.0,222700.0
428,2021-10-08 03:38:44,37900.0,1000.0,222600.0
429,2021-10-08 03:38:44,37900.0,500.0,221600.0
430,2021-10-08 03:38:01,37900.0,200.0,221100.0
431,2021-10-08 03:38:00,37900.0,100.0,220900.0
432,2021-10-08 03:38:00,37900.0,100.0,220800.0
433,2021-10-08 03:38:00,37950.0,100.0,220700.0
434,2021-10-08 03:37:45,37950.0,300.0,220600.0
435,2021-10-08 03:37:37,37950.0,600.0,220300.0
436,2021-10-08 03:37:29,37950.0,2000.0,219700.0
437,2021-10-08 03:37:27,37950.0,100.0,217700.0
438,2021-10-08 03:37:27,37950.0,1000.0,217600.0
439,2021-10-08 03:37:27,37950.0,200.0,216600.0
440,2021-10-08 03:37:27,38000.0,100.0,216400.0
441,2021-10-08 03:37:27,38000.0,500.0,216300.0
442,2021-10-08 03:37:27,38000.0,500.0,215800.0
443,2021-10-08 03:35:44,38000.0,100.0,215300.0
444,2021-10-08 03:35:44,38000.0,1800.0,215200.0
445,2021-10-08 03:35:17,38000.0,500.0,213400.0
446,2021-10-08 03:35:17,38000.0,2000.0,212900.0
447,2021-10-08 03:35:17,38000.0,400.0,210900.0
448,2021-10-08 03:35:17,38000.0,1000.0,210500.0
449,2021-10-08 03:35:17,38000.0,100.0,209500.0
450,2021-10-08 03:35:17,38000.0,200.0,209400.0
451,2021-10-08 03:35:17,38000.0,200.0,209200.0
452,2021-10-08 03:35:17,38000.0,2000.0,209000.0
453,2021-10-08 03:35:17,38000.0,300.0,207000.0
454,2021-10-08 03:35:17,38000.0,100.0,206700.0
455,2021-10-08 03:35:17,38000.0,200.0,206600.0
456,2021-10-08 03:35:16,38050.0,200.0,206400.0
457,2021-10-08 03:34:45,38200.0,2100.0,206200.0
458,2021-10-08 03:34:45,38200.0,1900.0,204100.0
459,2021-10-08 03:34:29,38200.0,100.0,202200.0
460,2021-10-08 03:34:09,38200.0,300.0,202100.0
461,2021-10-08 03:34:09,38200.0,800.0,201800.0
462,2021-10-08 03:34:04,38050.0,800.0,201000.0
463,2021-10-08 03:34:04,38050.0,100.0,200200.0
464,2021-10-08 03:34:04,38100.0,300.0,200100.0
465,2021-10-08 03:34:04,38100.0,1000.0,199800.0
466,2021-10-08 03:34:04,38100.0,500.0,198800.0
467,2021-10-08 03:34:04,38100.0,300.0,198300.0
468,2021-10-08 03:33:01,38200.0,500.0,198000.0
469,2021-10-08 03:31:10,38200.0,200.0,197500.0
470,2021-10-08 03:30:48,38200.0,200.0,197300.0
471,2021-10-08 03:30:48,38200.0,600.0,197100.0
472,2021-10-08 03:30:07,38200.0,300.0,196500.0
473,2021-10-08 03:29:24,38200.0,300.0,196200.0
474,2021-10-08 03:29:19,38200.0,100.0,195900.0
475,2021-10-08 03:29:19,38200.0,400.0,195800.0
476,2021-10-08 03:29:19,38200.0,300.0,195400.0
477,2021-10-08 03:29:09,38200.0,1900.0,195100.0
478,2021-10-08 03:29:09,38200.0,3100.0,193200.0
479,2021-10-08 03:28:01,38200.0,3000.0,190100.0
480,2021-10-08 03:26:45,38200.0,1300.0,187100.0
481,2021-10-08 03:26:15,38200.0,100.0,185800.0
482,2021-10-08 03:26:15,38200.0,100.0,185700.0
483,2021-10-08 03:26:15,38200.0,100.0,185600.0
484,2021-10-08 03:25:04,38250.0,500.0,185500.0
485,2021-10-08 03:24:41,38300.0,100.0,185000.0
486,2021-10-08 03:20:04,38200.0,100.0,184900.0
487,2021-10-08 03:19:07,38100.0,200.0,184800.0
488,2021-10-08 03:18:58,38100.0,500.0,184600.0
489,2021-10-08 03:18:55,38050.0,600.0,184100.0
490,2021-10-08 03:18:55,38050.0,100.0,183500.0
491,2021-10-08 03:18:55,38050.0,100.0,183400.0
492,2021-10-08 03:16:54,38100.0,100.0,183300.0
493,2021-10-08 03:16:54,38100.0,5000.0,183200.0
494,2021-10-08 03:16:54,38100.0,100.0,178200.0
495,2021-10-08 03:16:54,38100.0,600.0,178100.0
496,2021-10-08 03:16:54,38100.0,2000.0,177500.0
497,2021-10-08 03:16:54,38150.0,500.0,175500.0
498,2021-10-08 03:16:54,38150.0,1000.0,175000.0
499,2021-10-08 03:16:50,38200.0,200.0,174000.0
500,2021-10-08 03:16:43,38200.0,100.0,173800.0
501,2021-10-08 03:16:43,38200.0,600.0,173700.0
502,2021-10-08 03:15:21,38200.0,400.0,173100.0
503,2021-10-08 03:15:21,38200.0,100.0,172700.0
504,2021-10-08 03:15:21,38200.0,100.0,172600.0
505,2021-10-08 03:15:21,38200.0,200.0,172500.0
506,2021-10-08 03:13:16,38200.0,100.0,172300.0
507,2021-10-08 03:13:16,38200.0,100.0,172200.0
508,2021-10-08 03:13:16,38200.0,300.0,172100.0
509,2021-10-08 03:13:16,38200.0,200.0,171800.0
510,2021-10-08 03:13:16,38200.0,100.0,171600.0
511,2021-10-08 03:12:54,38400.0,100.0,171500.0
512,2021-10-08 03:11:49,38400.0,500.0,171400.0
513,2021-10-08 03:10:55,38400.0,500.0,170900.0
514,2021-10-08 03:10:27,38400.0,500.0,170400.0
515,2021-10-08 03:10:10,38400.0,300.0,169900.0
516,2021-10-08 03:10:10,38400.0,500.0,169600.0
517,2021-10-08 03:09:42,38400.0,1000.0,169100.0
518,2021-10-08 03:09:41,38200.0,300.0,168100.0
519,2021-10-08 03:09:41,38200.0,1200.0,167800.0
520,2021-10-08 03:09:04,38200.0,2500.0,166600.0
521,2021-10-08 03:07:12,38200.0,1300.0,164100.0
522,2021-10-08 03:06:23,38400.0,200.0,162800.0
523,2021-10-08 03:04:56,38400.0,200.0,162600.0
524,2021-10-08 03:04:16,38400.0,100.0,162400.0
525,2021-10-08 03:04:16,38400.0,100.0,162300.0
526,2021-10-08 03:03:11,38400.0,200.0,162200.0
527,2021-10-08 03:03:11,38400.0,1000.0,162000.0
528,2021-10-08 03:02:57,38400.0,300.0,161000.0
529,2021-10-08 03:02:56,38450.0,500.0,160700.0
530,2021-10-08 03:01:48,38450.0,1000.0,160200.0
531,2021-10-08 03:01:18,38500.0,100.0,159200.0
532,2021-10-08 03:00:07,38500.0,200.0,159100.0
533,2021-10-08 02:59:52,38500.0,500.0,158900.0
534,2021-10-08 02:59:20,38500.0,500.0,158400.0
535,2021-10-08 02:58:52,38500.0,500.0,157900.0
536,2021-10-08 02:58:49,38400.0,200.0,157400.0
537,2021-10-08 02:58:49,38400.0,500.0,157200.0
538,2021-10-08 02:58:41,38400.0,800.0,156700.0
539,2021-10-08 02:55:21,38400.0,100.0,155900.0
540,2021-10-08 02:55:21,38400.0,600.0,155800.0
541,2021-10-08 02:55:21,38450.0,200.0,155200.0
542,2021-10-08 02:55:21,38450.0,1800.0,155000.0
543,2021-10-08 02:54:51,38500.0,100.0,153200.0
544,2021-10-08 02:54:51,38500.0,100.0,153100.0
545,2021-10-08 02:54:42,38500.0,200.0,153000.0
546,2021-10-08 02:54:42,38500.0,200.0,152800.0
547,2021-10-08 02:54:30,38500.0,100.0,152600.0
548,2021-10-08 02:54:30,38500.0,100.0,152500.0
549,2021-10-08 02:54:11,38550.0,300.0,152400.0
550,2021-10-08 02:53:59,38550.0,200.0,152100.0
551,2021-10-08 02:53:42,38500.0,200.0,151900.0
552,2021-10-08 02:53:07,38550.0,1000.0,151700.0
553,2021-10-08 02:52:58,38550.0,2000.0,150700.0
554,2021-10-08 02:52:58,38550.0,100.0,148700.0
555,2021-10-08 02:52:54,38500.0,100.0,148600.0
556,2021-10-08 02:52:47,38500.0,1000.0,148500.0
557,2021-10-08 02:52:47,38500.0,400.0,147500.0
558,2021-10-08 02:52:47,38450.0,200.0,147100.0
559,2021-10-08 02:52:45,38450.0,500.0,146900.0
560,2021-10-08 02:52:44,38450.0,100.0,146400.0
561,2021-10-08 02:52:44,38450.0,500.0,146300.0
562,2021-10-08 02:52:38,38500.0,700.0,145800.0
563,2021-10-08 02:52:38,38500.0,900.0,145100.0
564,2021-10-08 02:52:38,38500.0,100.0,144200.0
565,2021-10-08 02:52:38,38500.0,100.0,144100.0
566,2021-10-08 02:52:33,38500.0,900.0,144000.0
567,2021-10-08 02:52:33,38500.0,600.0,143100.0
568,2021-10-08 02:52:32,38500.0,600.0,142500.0
569,2021-10-08 02:52:32,38500.0,200.0,141900.0
570,2021-10-08 02:52:32,38500.0,300.0,141700.0
571,2021-10-08 02:52:32,38500.0,500.0,141400.0
572,2021-10-08 02:52:32,38500.0,400.0,140900.0
573,2021-10-08 02:52:29,38500.0,700.0,140500.0
574,2021-10-08 02:52:29,38500.0,1000.0,139800.0
575,2021-10-08 02:52:29,38500.0,100.0,138800.0
576,2021-10-08 02:52:29,38500.0,100.0,138700.0
577,2021-10-08 02:52:29,38500.0,100.0,138600.0
578,2021-10-08 02:52:19,38450.0,600.0,138500.0
579,2021-10-08 02:52:19,38450.0,400.0,137900.0
580,2021-10-08 02:52:05,38450.0,300.0,137500.0
581,2021-10-08 02:51:56,38400.0,100.0,137200.0
582,2021-10-08 02:51:55,38400.0,300.0,137100.0
583,2021-10-08 02:51:55,38400.0,100.0,136800.0
584,2021-10-08 02:51:55,38400.0,300.0,136700.0
585,2021-10-08 02:51:55,38400.0,800.0,136400.0
586,2021-10-08 02:51:46,38400.0,700.0,135600.0
587,2021-10-08 02:51:41,38350.0,100.0,134900.0
588,2021-10-08 02:50:53,38350.0,200.0,134800.0
589,2021-10-08 02:50:53,38350.0,200.0,134600.0
590,2021-10-08 02:50:53,38300.0,100.0,134400.0
591,2021-10-08 02:50:53,38300.0,900.0,134300.0
592,2021-10-08 02:50:04,38100.0,200.0,133400.0
593,2021-10-08 02:48:46,38000.0,2300.0,133200.0
594,2021-10-08 02:48:40,38000.0,500.0,130900.0
595,2021-10-08 02:48:40,38000.0,100.0,130400.0
596,2021-10-08 02:48:40,38000.0,1500.0,130300.0
597,2021-10-08 02:48:40,38100.0,500.0,128800.0
598,2021-10-08 02:48:40,38100.0,200.0,128300.0
599,2021-10-08 02:48:40,38200.0,900.0,128100.0
600,2021-10-08 02:48:40,38200.0,500.0,127200.0
601,2021-10-08 02:48:18,38200.0,500.0,126700.0
602,2021-10-08 02:48:15,38200.0,1000.0,126200.0
603,2021-10-08 02:46:31,38000.0,200.0,125200.0
604,2021-10-08 02:46:13,38000.0,200.0,125000.0
605,2021-10-08 02:46:13,38000.0,100.0,124800.0
606,2021-10-08 02:46:01,38000.0,300.0,124700.0
607,2021-10-08 02:46:01,38000.0,100.0,124400.0
608,2021-10-08 02:45:22,38000.0,500.0,124300.0
609,2021-10-08 02:45:22,38000.0,100.0,123800.0
610,2021-10-08 02:45:16,38000.0,400.0,123700.0
611,2021-10-08 02:45:16,38000.0,100.0,123300.0
612,2021-10-08 02:45:09,38000.0,400.0,123200.0
613,2021-10-08 02:44:58,38000.0,100.0,122800.0
614,2021-10-08 02:44:49,38000.0,500.0,122700.0
615,2021-10-08 02:44:49,38000.0,900.0,122200.0
616,2021-10-08 02:44:49,38000.0,100.0,121300.0
617,2021-10-08 02:44:32,37900.0,1000.0,121200.0
618,2021-10-08 02:44:14,37800.0,400.0,120200.0
619,2021-10-08 02:44:10,38000.0,900.0,119800.0
620,2021-10-08 02:44:10,38000.0,200.0,118900.0
621,2021-10-08 02:44:09,37900.0,300.0,118700.0
622,2021-10-08 02:43:07,37800.0,500.0,118400.0
623,2021-10-08 02:43:07,37800.0,3700.0,117900.0
624,2021-10-08 02:42:59,37800.0,100.0,114200.0
625,2021-10-08 02:42:50,37800.0,1000.0,114100.0
626,2021-10-08 02:42:38,37700.0,200.0,113100.0
627,2021-10-08 02:42:36,37700.0,1000.0,112900.0
628,2021-10-08 02:42:25,37550.0,100.0,111900.0
629,2021-10-08 02:42:25,37550.0,100.0,111800.0
630,2021-10-08 02:42:08,37550.0,400.0,111700.0
631,2021-10-08 02:42:06,37550.0,1000.0,111300.0
632,2021-10-08 02:42:03,37550.0,500.0,110300.0
633,2021-10-08 02:41:56,37550.0,2000.0,109800.0
634,2021-10-08 02:41:56,37550.0,100.0,107800.0
635,2021-10-08 02:41:56,37550.0,200.0,107700.0
636,2021-10-08 02:41:45,37550.0,700.0,107500.0
637,2021-10-08 02:41:45,37550.0,300.0,106800.0
638,2021-10-08 02:41:18,37550.0,900.0,106500.0
639,2021-10-08 02:41:17,37500.0,1000.0,105600.0
640,2021-10-08 02:41:08,37550.0,100.0,104600.0
641,2021-10-08 02:41:08,37550.0,1000.0,104500.0
642,2021-10-08 02:40:31,37500.0,200.0,103500.0
643,2021-10-08 02:40:31,37500.0,1000.0,103300.0
644,2021-10-08 02:40:31,37500.0,600.0,102300.0
645,2021-10-08 02:40:31,37700.0,200.0,101700.0
646,2021-10-08 02:40:18,37500.0,3000.0,101500.0
647,2021-10-08 02:40:18,37500.0,1000.0,98500.0
648,2021-10-08 02:40:18,37500.0,1000.0,97500.0
649,2021-10-08 02:40:18,37500.0,200.0,96500.0
650,2021-10-08 02:40:18,37500.0,100.0,96300.0
651,2021-10-08 02:40:18,37500.0,1000.0,96200.0
652,2021-10-08 02:40:18,37550.0,500.0,95200.0
653,2021-10-08 02:40:18,37550.0,200.0,94700.0
654,2021-10-08 02:40:14,37800.0,100.0,94500.0
655,2021-10-08 02:40:14,37700.0,1100.0,94400.0
656,2021-10-08 02:40:09,37700.0,100.0,93300.0
657,2021-10-08 02:39:50,37700.0,300.0,93200.0
658,2021-10-08 02:39:49,37700.0,700.0,92900.0
659,2021-10-08 02:39:49,37700.0,300.0,92200.0
660,2021-10-08 02:39:39,37700.0,700.0,91900.0
661,2021-10-08 02:39:39,37700.0,300.0,91200.0
662,2021-10-08 02:39:37,37800.0,100.0,90900.0
663,2021-10-08 02:39:34,37900.0,1000.0,90800.0
664,2021-10-08 02:39:29,37900.0,500.0,89800.0
665,2021-10-08 02:39:20,37900.0,1000.0,89300.0
666,2021-10-08 02:39:20,37900.0,100.0,88300.0
667,2021-10-08 02:39:20,37900.0,300.0,88200.0
668,2021-10-08 02:39:18,38000.0,100.0,87900.0
669,2021-10-08 02:39:11,38000.0,100.0,87800.0
670,2021-10-08 02:38:58,38000.0,100.0,87700.0
671,2021-10-08 02:38:43,38000.0,100.0,87600.0
672,2021-10-08 02:38:43,38000.0,100.0,87500.0
673,2021-10-08 02:38:26,38000.0,900.0,87400.0
674,2021-10-08 02:38:26,38000.0,100.0,86500.0
675,2021-10-08 02:38:26,38000.0,2000.0,86400.0
676,2021-10-08 02:38:26,38000.0,3000.0,84400.0
677,2021-10-08 02:38:26,38000.0,200.0,81400.0
678,2021-10-08 02:38:26,38000.0,1000.0,81200.0
679,2021-10-08 02:38:26,38000.0,1000.0,80200.0
680,2021-10-08 02:38:26,38050.0,100.0,79200.0
681,2021-10-08 02:38:26,38050.0,100.0,79100.0
682,2021-10-08 02:38:26,38050.0,100.0,79000.0
683,2021-10-08 02:38:26,38050.0,1000.0,78900.0
684,2021-10-08 02:38:26,38050.0,500.0,77900.0
685,2021-10-08 02:38:16,38100.0,400.0,77400.0
686,2021-10-08 02:38:16,38100.0,100.0,77000.0
687,2021-10-08 02:38:16,38100.0,200.0,76900.0
688,2021-10-08 02:38:16,38100.0,100.0,76700.0
689,2021-10-08 02:38:16,38100.0,400.0,76600.0
690,2021-10-08 02:38:10,38300.0,100.0,76200.0
691,2021-10-08 02:38:10,38300.0,500.0,76100.0
692,2021-10-08 02:37:58,38100.0,100.0,75600.0
693,2021-10-08 02:37:57,38100.0,2400.0,75500.0
694,2021-10-08 02:37:52,38100.0,100.0,73100.0
695,2021-10-08 02:37:52,38100.0,100.0,73000.0
696,2021-10-08 02:37:06,38100.0,1000.0,72900.0
697,2021-10-08 02:37:06,38100.0,100.0,71900.0
698,2021-10-08 02:36:32,38100.0,100.0,71800.0
699,2021-10-08 02:36:21,38100.0,100.0,71700.0
700,2021-10-08 02:36:12,38100.0,100.0,71600.0
701,2021-10-08 02:36:12,38100.0,100.0,71500.0
702,2021-10-08 02:36:12,38100.0,800.0,71400.0
703,2021-10-08 02:35:33,38100.0,100.0,70600.0
704,2021-10-08 02:35:33,38100.0,2800.0,70500.0
705,2021-10-08 02:35:14,38100.0,200.0,67700.0
706,2021-10-08 02:35:14,38100.0,100.0,67500.0
707,2021-10-08 02:35:14,38100.0,300.0,67400.0
708,2021-10-08 02:35:14,38100.0,400.0,67100.0
709,2021-10-08 02:34:54,38100.0,1000.0,66700.0
710,2021-10-08 02:34:40,38100.0,900.0,65700.0
711,2021-10-08 02:34:40,38100.0,100.0,64800.0
712,2021-10-08 02:34:40,38150.0,1500.0,64700.0
713,2021-10-08 02:34:40,38150.0,400.0,63200.0
714,2021-10-08 02:34:40,38250.0,100.0,62800.0
715,2021-10-08 02:34:11,38300.0,100.0,62700.0
716,2021-10-08 02:33:55,38300.0,100.0,62600.0
717,2021-10-08 02:32:59,38400.0,300.0,62500.0
718,2021-10-08 02:32:59,38400.0,300.0,62200.0
719,2021-10-08 02:32:59,38400.0,100.0,61900.0
720,2021-10-08 02:32:59,38400.0,200.0,61800.0
721,2021-10-08 02:32:59,38400.0,4500.0,61600.0
722,2021-10-08 02:32:39,38400.0,3100.0,57100.0
723,2021-10-08 02:32:35,38450.0,100.0,54000.0
724,2021-10-08 02:32:35,38450.0,1100.0,53900.0
725,2021-10-08 02:32:22,38450.0,500.0,52800.0
726,2021-10-08 02:32:17,38450.0,2000.0,52300.0
727,2021-10-08 02:32:01,38450.0,400.0,50300.0
728,2021-10-08 02:31:47,38450.0,1100.0,49900.0
729,2021-10-08 02:31:25,38450.0,1500.0,48800.0
730,2021-10-08 02:28:22,38500.0,200.0,47300.0
731,2021-10-08 02:28:17,38500.0,3000.0,47100.0
732,2021-10-08 02:28:17,38500.0,200.0,44100.0
733,2021-10-08 02:28:17,38500.0,200.0,43900.0
734,2021-10-08 02:28:17,38500.0,500.0,43700.0
735,2021-10-08 02:28:17,38500.0,100.0,43200.0
736,2021-10-08 02:27:46,38500.0,100.0,43100.0
737,2021-10-08 02:27:28,38500.0,2200.0,43000.0
738,2021-10-08 02:27:28,38500.0,2500.0,40800.0
739,2021-10-08 02:27:28,38500.0,300.0,38300.0
740,2021-10-08 02:26:02,38500.0,500.0,38000.0
741,2021-10-08 02:24:22,38500.0,1000.0,37500.0
742,2021-10-08 02:24:16,38500.0,500.0,36500.0
743,2021-10-08 02:24:16,38500.0,600.0,36000.0
744,2021-10-08 02:23:32,38500.0,400.0,35400.0
745,2021-10-08 02:23:32,38500.0,100.0,35000.0
746,2021-10-08 02:23:26,38500.0,200.0,34900.0
747,2021-10-08 02:23:26,38500.0,300.0,34700.0
748,2021-10-08 02:23:11,38500.0,1500.0,34400.0
749,2021-10-08 02:23:08,38500.0,200.0,32900.0
750,2021-10-08 02:22:59,38500.0,1000.0,32700.0
751,2021-10-08 02:22:36,38500.0,800.0,31700.0
752,2021-10-08 02:22:36,38500.0,200.0,30900.0
753,2021-10-08 02:22:31,38500.0,800.0,30700.0
754,2021-10-08 02:22:31,38500.0,500.0,29900.0
755,2021-10-08 02:22:31,38500.0,200.0,29400.0
756,2021-10-08 02:22:21,38500.0,800.0,29200.0
757,2021-10-08 02:22:12,38500.0,100.0,28400.0
758,2021-10-08 02:22:12,38500.0,300.0,28300.0
759,2021-10-08 02:21:42,38500.0,100.0,28000.0
760,2021-10-08 02:21:41,38500.0,700.0,27900.0
761,2021-10-08 02:21:41,38500.0,600.0,27200.0
762,2021-10-08 02:21:22,38500.0,500.0,26600.0
763,2021-10-08 02:21:10,38600.0,200.0,26100.0
764,2021-10-08 02:21:10,38600.0,200.0,25900.0
765,2021-10-08 02:21:10,38600.0,100.0,25700.0
766,2021-10-08 02:21:09,38500.0,2400.0,25600.0
767,2021-10-08 02:20:59,38500.0,1000.0,23200.0
768,2021-10-08 02:20:47,38600.0,200.0,22200.0
769,2021-10-08 02:20:47,38600.0,300.0,22000.0
770,2021-10-08 02:20:39,38500.0,500.0,21700.0
771,2021-10-08 02:20:19,38500.0,100.0,21200.0
772,2021-10-08 02:20:13,38600.0,200.0,21100.0
773,2021-10-08 02:20:13,38700.0,1000.0,20900.0
774,2021-10-08 02:19:15,38600.0,100.0,19900.0
775,2021-10-08 02:18:42,38600.0,500.0,19800.0
776,2021-10-08 02:18:01,38600.0,100.0,19300.0
777,2021-10-08 02:17:58,38600.0,100.0,19200.0
778,2021-10-08 02:17:13,38600.0,200.0,19100.0
779,2021-10-08 02:17:11,38600.0,100.0,18900.0
780,2021-10-08 02:16:52,38600.0,200.0,18800.0
781,2021-10-08 02:16:52,38600.0,300.0,18600.0
782,2021-10-08 02:16:26,38500.0,100.0,18300.0
783,2021-10-08 02:16:22,38600.0,200.0,18200.0
784,2021-10-08 02:16:22,38600.0,300.0,18000.0
785,2021-10-08 02:16:22,38600.0,2200.0,17700.0
786,2021-10-08 02:16:22,38600.0,800.0,15500.0
787,2021-10-08 02:16:02,38500.0,300.0,14700.0
788,2021-10-08 02:15:48,38500.0,100.0,14400.0
789,2021-10-08 02:15:43,38600.0,200.0,14300.0
790,2021-10-08 02:15:43,38600.0,500.0,14100.0
791,2021-10-08 02:15:36,38400.0,200.0,13600.0
792,2021-10-08 02:15:36,38500.0,200.0,13400.0
793,2021-10-08 02:15:35,38500.0,100.0,13200.0
794,2021-10-08 02:15:35,38500.0,200.0,13100.0
795,2021-10-08 02:15:35,38500.0,200.0,12900.0
796,2021-10-08 02:15:35,38500.0,100.0,12700.0
797,2021-10-08 02:15:35,38500.0,300.0,12600.0
798,2021-10-08 02:15:35,38500.0,100.0,12300.0
799,2021-10-08 02:15:00,38400.0,100.0,12200.0
800,2021-10-08 02:15:00,38400.0,1500.0,12100.0
801,2021-10-08 02:15:00,38400.0,600.0,10600.0
802,2021-10-08 02:15:00,38400.0,500.0,10000.0
803,2021-10-08 02:15:00,38400.0,900.0,9500.0
804,2021-10-08 02:15:00,38400.0,100.0,8600.0
805,2021-10-08 02:15:00,38400.0,1000.0,8500.0
806,2021-10-08 02:15:00,38400.0,900.0,7500.0
807,2021-10-08 02:15:00,38400.0,4900.0,6600.0
808,2021-10-08 02:15:00,38400.0,100.0,1700.0
809,2021-10-08 02:15:00,38400.0,400.0,1600.0
810,2021-10-08 02:15:00,38400.0,200.0,1200.0
811,2021-10-08 02:15:00,38400.0,100.0,1000.0
812,2021-10-08 02:15:00,38400.0,200.0,900.0
813,2021-10-08 02:15:00,38400.0,300.0,700.0
814,2021-10-08 02:15:00,38400.0,100.0,400.0
815,2021-10-08 02:15:00,38400.0,300.0,300.0
