,Time,Price,Volume_per_trade,Volume
0,2021-10-18 07:45:00,38500.0,400.0,1046900.0
1,2021-10-18 07:45:00,38500.0,400.0,1046500.0
2,2021-10-18 07:45:00,38500.0,200.0,1046100.0
3,2021-10-18 07:45:00,38500.0,100.0,1045900.0
4,2021-10-18 07:45:00,38500.0,200.0,1045800.0
5,2021-10-18 07:45:00,38500.0,200.0,1045600.0
6,2021-10-18 07:45:00,38500.0,1000.0,1045400.0
7,2021-10-18 07:45:00,38500.0,4000.0,1044400.0
8,2021-10-18 07:45:00,38500.0,200.0,1040400.0
9,2021-10-18 07:45:00,38500.0,1000.0,1040200.0
10,2021-10-18 07:45:00,38500.0,100.0,1039200.0
11,2021-10-18 07:45:00,38500.0,200.0,1039100.0
12,2021-10-18 07:45:00,38500.0,500.0,1038900.0
13,2021-10-18 07:45:00,38500.0,1000.0,1038400.0
14,2021-10-18 07:45:00,38500.0,100.0,1037400.0
15,2021-10-18 07:45:00,38500.0,600.0,1037300.0
16,2021-10-18 07:45:00,38500.0,600.0,1036700.0
17,2021-10-18 07:45:00,38500.0,100.0,1036100.0
18,2021-10-18 07:45:00,38500.0,800.0,1036000.0
19,2021-10-18 07:29:40,38600.0,200.0,1035200.0
20,2021-10-18 07:29:40,38600.0,800.0,1035000.0
21,2021-10-18 07:29:11,38550.0,1000.0,1034200.0
22,2021-10-18 07:28:55,38550.0,600.0,1033200.0
23,2021-10-18 07:28:35,38550.0,100.0,1032600.0
24,2021-10-18 07:28:35,38550.0,200.0,1032500.0
25,2021-10-18 07:28:35,38550.0,100.0,1032300.0
26,2021-10-18 07:27:37,38550.0,200.0,1032200.0
27,2021-10-18 07:26:57,38600.0,1200.0,1032000.0
28,2021-10-18 07:25:32,38600.0,100.0,1030800.0
29,2021-10-18 07:25:19,38550.0,200.0,1030700.0
30,2021-10-18 07:25:15,38600.0,400.0,1030500.0
31,2021-10-18 07:25:15,38600.0,100.0,1030100.0
32,2021-10-18 07:23:32,38550.0,300.0,1030000.0
33,2021-10-18 07:23:32,38550.0,1700.0,1029700.0
34,2021-10-18 07:23:30,38550.0,900.0,1028000.0
35,2021-10-18 07:22:52,38550.0,100.0,1027100.0
36,2021-10-18 07:22:44,38550.0,400.0,1027000.0
37,2021-10-18 07:22:44,38550.0,1000.0,1026600.0
38,2021-10-18 07:22:44,38550.0,900.0,1025600.0
39,2021-10-18 07:21:51,38550.0,2000.0,1024700.0
40,2021-10-18 07:21:03,38550.0,100.0,1022700.0
41,2021-10-18 07:21:03,38550.0,200.0,1022600.0
42,2021-10-18 07:20:44,38550.0,500.0,1022400.0
43,2021-10-18 07:19:21,38550.0,300.0,1021900.0
44,2021-10-18 07:19:10,38550.0,200.0,1021600.0
45,2021-10-18 07:19:00,38550.0,500.0,1021400.0
46,2021-10-18 07:18:03,38400.0,400.0,1020900.0
47,2021-10-18 07:17:32,38400.0,700.0,1020500.0
48,2021-10-18 07:17:32,38400.0,100.0,1019800.0
49,2021-10-18 07:17:32,38400.0,200.0,1019700.0
50,2021-10-18 07:17:32,38400.0,500.0,1019500.0
51,2021-10-18 07:17:32,38400.0,500.0,1019000.0
52,2021-10-18 07:17:32,38400.0,100.0,1018500.0
53,2021-10-18 07:17:32,38400.0,500.0,1018400.0
54,2021-10-18 07:17:32,38400.0,500.0,1017900.0
55,2021-10-18 07:17:32,38400.0,500.0,1017400.0
56,2021-10-18 07:17:32,38400.0,1300.0,1016900.0
57,2021-10-18 07:17:32,38400.0,300.0,1015600.0
58,2021-10-18 07:17:32,38450.0,200.0,1015300.0
59,2021-10-18 07:17:32,38450.0,4600.0,1015100.0
60,2021-10-18 07:17:17,38500.0,300.0,1010500.0
61,2021-10-18 07:17:17,38500.0,1500.0,1010200.0
62,2021-10-18 07:16:56,38500.0,500.0,1008700.0
63,2021-10-18 07:16:38,38500.0,1000.0,1008200.0
64,2021-10-18 07:15:50,38400.0,200.0,1007200.0
65,2021-10-18 07:15:19,38400.0,900.0,1007000.0
66,2021-10-18 07:15:18,38500.0,1900.0,1006100.0
67,2021-10-18 07:15:18,38450.0,100.0,1004200.0
68,2021-10-18 07:15:07,38450.0,200.0,1004100.0
69,2021-10-18 07:13:47,38450.0,800.0,1003900.0
70,2021-10-18 07:13:47,38450.0,500.0,1003100.0
71,2021-10-18 07:13:29,38450.0,100.0,1002600.0
72,2021-10-18 07:12:48,38450.0,100.0,1002500.0
73,2021-10-18 07:11:53,38450.0,300.0,1002400.0
74,2021-10-18 07:11:36,38500.0,100.0,1002100.0
75,2021-10-18 07:10:36,38500.0,2000.0,1002000.0
76,2021-10-18 07:10:29,38500.0,600.0,1000000.0
77,2021-10-18 07:10:29,38500.0,400.0,999400.0
78,2021-10-18 07:10:06,38500.0,100.0,999000.0
79,2021-10-18 07:10:06,38500.0,500.0,998900.0
80,2021-10-18 07:10:02,38500.0,100.0,998400.0
81,2021-10-18 07:08:17,38500.0,100.0,998300.0
82,2021-10-18 07:08:12,38500.0,700.0,998200.0
83,2021-10-18 07:08:12,38500.0,300.0,997500.0
84,2021-10-18 07:08:12,38500.0,900.0,997200.0
85,2021-10-18 07:08:12,38500.0,18800.0,996300.0
86,2021-10-18 07:08:12,38500.0,600.0,977500.0
87,2021-10-18 07:08:12,38500.0,500.0,976900.0
88,2021-10-18 07:08:12,38500.0,300.0,976400.0
89,2021-10-18 07:08:12,38500.0,600.0,976100.0
90,2021-10-18 07:07:01,38500.0,400.0,975500.0
91,2021-10-18 07:07:01,38500.0,400.0,975100.0
92,2021-10-18 07:07:01,38500.0,500.0,974700.0
93,2021-10-18 07:07:01,38500.0,500.0,974200.0
94,2021-10-18 07:07:01,38500.0,1000.0,973700.0
95,2021-10-18 07:07:01,38500.0,200.0,972700.0
96,2021-10-18 07:06:26,38500.0,300.0,972500.0
97,2021-10-18 07:06:26,38500.0,1000.0,972200.0
98,2021-10-18 07:06:26,38500.0,1000.0,971200.0
99,2021-10-18 07:06:26,38500.0,100.0,970200.0
100,2021-10-18 07:06:26,38500.0,100.0,970100.0
101,2021-10-18 07:06:26,38500.0,300.0,970000.0
102,2021-10-18 07:06:26,38500.0,500.0,969700.0
103,2021-10-18 07:06:26,38500.0,800.0,969200.0
104,2021-10-18 07:05:50,38500.0,200.0,968400.0
105,2021-10-18 07:05:29,38700.0,200.0,968200.0
106,2021-10-18 07:05:21,38700.0,400.0,968000.0
107,2021-10-18 07:05:21,38700.0,6000.0,967600.0
108,2021-10-18 07:05:21,38700.0,4000.0,961600.0
109,2021-10-18 07:05:21,38700.0,9100.0,957600.0
110,2021-10-18 07:03:59,38750.0,1000.0,948500.0
111,2021-10-18 07:03:59,38750.0,900.0,947500.0
112,2021-10-18 07:03:59,38750.0,2000.0,946600.0
113,2021-10-18 07:03:59,38750.0,1600.0,944600.0
114,2021-10-18 07:03:47,38750.0,100.0,943000.0
115,2021-10-18 07:03:18,38750.0,3300.0,942900.0
116,2021-10-18 07:00:25,38800.0,200.0,939600.0
117,2021-10-18 06:59:36,38800.0,900.0,939400.0
118,2021-10-18 06:59:32,38800.0,100.0,938500.0
119,2021-10-18 06:57:24,38750.0,5000.0,938400.0
120,2021-10-18 06:57:05,38700.0,200.0,933400.0
121,2021-10-18 06:56:49,38700.0,700.0,933200.0
122,2021-10-18 06:56:42,38700.0,300.0,932500.0
123,2021-10-18 06:56:41,38700.0,4700.0,932200.0
124,2021-10-18 06:54:10,38700.0,200.0,927500.0
125,2021-10-18 06:53:44,38700.0,300.0,927300.0
126,2021-10-18 06:51:57,38700.0,1000.0,927000.0
127,2021-10-18 06:51:55,38700.0,300.0,926000.0
128,2021-10-18 06:51:18,38700.0,200.0,925700.0
129,2021-10-18 06:51:03,38600.0,200.0,925500.0
130,2021-10-18 06:49:53,38600.0,100.0,925300.0
131,2021-10-18 06:49:34,38600.0,2000.0,925200.0
132,2021-10-18 06:49:10,38500.0,100.0,923200.0
133,2021-10-18 06:49:10,38500.0,2600.0,923100.0
134,2021-10-18 06:49:03,38400.0,600.0,920500.0
135,2021-10-18 06:49:03,38400.0,300.0,919900.0
136,2021-10-18 06:49:03,38450.0,100.0,919600.0
137,2021-10-18 06:49:03,38450.0,2000.0,919500.0
138,2021-10-18 06:48:14,38500.0,1000.0,917500.0
139,2021-10-18 06:48:14,38500.0,100.0,916500.0
140,2021-10-18 06:48:14,38500.0,100.0,916400.0
141,2021-10-18 06:48:14,38500.0,200.0,916300.0
142,2021-10-18 06:48:14,38500.0,1000.0,916100.0
143,2021-10-18 06:48:14,38500.0,1000.0,915100.0
144,2021-10-18 06:48:14,38500.0,200.0,914100.0
145,2021-10-18 06:48:14,38500.0,100.0,913900.0
146,2021-10-18 06:48:14,38500.0,100.0,913800.0
147,2021-10-18 06:48:14,38500.0,400.0,913700.0
148,2021-10-18 06:48:14,38500.0,100.0,913300.0
149,2021-10-18 06:48:14,38500.0,500.0,913200.0
150,2021-10-18 06:48:14,38500.0,100.0,912700.0
151,2021-10-18 06:48:14,38500.0,200.0,912600.0
152,2021-10-18 06:48:14,38500.0,400.0,912400.0
153,2021-10-18 06:48:14,38500.0,1000.0,912000.0
154,2021-10-18 06:48:14,38500.0,100.0,911000.0
155,2021-10-18 06:48:14,38500.0,200.0,910900.0
156,2021-10-18 06:48:14,38500.0,1000.0,910700.0
157,2021-10-18 06:48:14,38500.0,5000.0,909700.0
158,2021-10-18 06:48:14,38500.0,2500.0,904700.0
159,2021-10-18 06:48:14,38500.0,1300.0,902200.0
160,2021-10-18 06:48:14,38500.0,100.0,900900.0
161,2021-10-18 06:48:14,38500.0,400.0,900800.0
162,2021-10-18 06:48:14,38500.0,200.0,900400.0
163,2021-10-18 06:48:14,38500.0,2000.0,900200.0
164,2021-10-18 06:48:14,38500.0,300.0,898200.0
165,2021-10-18 06:48:14,38500.0,100.0,897900.0
166,2021-10-18 06:48:14,38550.0,300.0,897800.0
167,2021-10-18 06:48:14,38550.0,1000.0,897500.0
168,2021-10-18 06:48:14,38550.0,100.0,896500.0
169,2021-10-18 06:48:14,38550.0,500.0,896400.0
170,2021-10-18 06:48:14,38550.0,100.0,895900.0
171,2021-10-18 06:48:14,38550.0,400.0,895800.0
172,2021-10-18 06:48:14,38550.0,100.0,895400.0
173,2021-10-18 06:48:14,38550.0,100.0,895300.0
174,2021-10-18 06:48:14,38550.0,500.0,895200.0
175,2021-10-18 06:48:14,38550.0,100.0,894700.0
176,2021-10-18 06:48:14,38550.0,100.0,894600.0
177,2021-10-18 06:48:14,38600.0,100.0,894500.0
178,2021-10-18 06:48:14,38600.0,1200.0,894400.0
179,2021-10-18 06:48:14,38600.0,100.0,893200.0
180,2021-10-18 06:48:14,38600.0,100.0,893100.0
181,2021-10-18 06:48:14,38600.0,2000.0,893000.0
182,2021-10-18 06:48:14,38600.0,400.0,891000.0
183,2021-10-18 06:48:14,38600.0,300.0,890600.0
184,2021-10-18 06:48:14,38600.0,200.0,890300.0
185,2021-10-18 06:48:07,38700.0,200.0,890100.0
186,2021-10-18 06:46:41,38600.0,200.0,889900.0
187,2021-10-18 06:42:21,38600.0,100.0,889700.0
188,2021-10-18 06:41:43,38600.0,1000.0,889600.0
189,2021-10-18 06:41:36,38600.0,100.0,888600.0
190,2021-10-18 06:41:16,38600.0,100.0,888500.0
191,2021-10-18 06:41:16,38600.0,500.0,888400.0
192,2021-10-18 06:41:16,38600.0,1800.0,887900.0
193,2021-10-18 06:40:59,38700.0,1000.0,886100.0
194,2021-10-18 06:40:59,38700.0,2000.0,885100.0
195,2021-10-18 06:40:59,38700.0,100.0,883100.0
196,2021-10-18 06:39:26,38750.0,5000.0,883000.0
197,2021-10-18 06:38:43,38750.0,2000.0,878000.0
198,2021-10-18 06:37:29,38700.0,900.0,876000.0
199,2021-10-18 06:37:11,38700.0,5000.0,875100.0
200,2021-10-18 06:37:11,38600.0,1200.0,870100.0
201,2021-10-18 06:37:11,38600.0,7000.0,868900.0
202,2021-10-18 06:37:11,38600.0,1500.0,861900.0
203,2021-10-18 06:37:11,38600.0,100.0,860400.0
204,2021-10-18 06:37:11,38600.0,100.0,860300.0
205,2021-10-18 06:37:11,38600.0,100.0,860200.0
206,2021-10-18 06:37:09,38700.0,5000.0,860100.0
207,2021-10-18 06:36:43,38700.0,1000.0,855100.0
208,2021-10-18 06:36:15,38700.0,5000.0,854100.0
209,2021-10-18 06:35:52,38700.0,3000.0,849100.0
210,2021-10-18 06:35:51,38700.0,2100.0,846100.0
211,2021-10-18 06:35:51,38700.0,100.0,844000.0
212,2021-10-18 06:35:39,38700.0,5000.0,843900.0
213,2021-10-18 06:35:23,38700.0,100.0,838900.0
214,2021-10-18 06:34:57,38700.0,100.0,838800.0
215,2021-10-18 06:34:52,38700.0,100.0,838700.0
216,2021-10-18 06:34:38,38700.0,500.0,838600.0
217,2021-10-18 06:34:21,38700.0,100.0,838100.0
218,2021-10-18 06:34:02,38700.0,500.0,838000.0
219,2021-10-18 06:33:47,38550.0,100.0,837500.0
220,2021-10-18 06:33:05,38550.0,1700.0,837400.0
221,2021-10-18 06:33:05,38550.0,300.0,835700.0
222,2021-10-18 06:32:23,38550.0,2000.0,835400.0
223,2021-10-18 06:30:00,38550.0,500.0,833400.0
224,2021-10-18 06:27:52,38500.0,100.0,832900.0
225,2021-10-18 06:27:45,38500.0,2000.0,832800.0
226,2021-10-18 06:27:44,38500.0,300.0,830800.0
227,2021-10-18 06:27:40,38500.0,100.0,830500.0
228,2021-10-18 06:27:40,38500.0,1000.0,830400.0
229,2021-10-18 06:27:40,38500.0,100.0,829400.0
230,2021-10-18 06:27:40,38500.0,100.0,829300.0
231,2021-10-18 06:27:40,38500.0,3000.0,829200.0
232,2021-10-18 06:27:40,38500.0,1000.0,826200.0
233,2021-10-18 06:27:40,38500.0,300.0,825200.0
234,2021-10-18 06:27:40,38500.0,1000.0,824900.0
235,2021-10-18 06:27:40,38500.0,500.0,823900.0
236,2021-10-18 06:27:40,38500.0,200.0,823400.0
237,2021-10-18 06:27:40,38500.0,500.0,823200.0
238,2021-10-18 06:27:40,38500.0,100.0,822700.0
239,2021-10-18 06:27:40,38500.0,1000.0,822600.0
240,2021-10-18 06:27:40,38500.0,1000.0,821600.0
241,2021-10-18 06:27:40,38500.0,5400.0,820600.0
242,2021-10-18 06:27:40,38500.0,500.0,815200.0
243,2021-10-18 06:27:40,38500.0,1000.0,814700.0
244,2021-10-18 06:27:40,38500.0,3200.0,813700.0
245,2021-10-18 06:27:40,38550.0,800.0,810500.0
246,2021-10-18 06:27:40,38600.0,200.0,809700.0
247,2021-10-18 06:27:40,38600.0,100.0,809500.0
248,2021-10-18 06:27:40,38600.0,5900.0,809400.0
249,2021-10-18 06:27:40,38600.0,2000.0,803500.0
250,2021-10-18 06:27:40,38600.0,4200.0,801500.0
251,2021-10-18 06:27:40,38600.0,1900.0,797300.0
252,2021-10-18 06:27:40,38650.0,1100.0,795400.0
253,2021-10-18 06:27:40,38650.0,100.0,794300.0
254,2021-10-18 06:27:40,38650.0,500.0,794200.0
255,2021-10-18 06:27:40,38650.0,800.0,793700.0
256,2021-10-18 06:27:26,38600.0,100.0,792900.0
257,2021-10-18 06:27:19,38650.0,100.0,792800.0
258,2021-10-18 06:27:16,38650.0,300.0,792700.0
259,2021-10-18 06:27:13,38650.0,100.0,792400.0
260,2021-10-18 06:26:51,38650.0,500.0,792300.0
261,2021-10-18 06:26:11,38700.0,100.0,791800.0
262,2021-10-18 06:24:57,38700.0,1000.0,791700.0
263,2021-10-18 06:24:56,38700.0,500.0,790700.0
264,2021-10-18 06:24:56,38700.0,500.0,790200.0
265,2021-10-18 06:24:56,38700.0,4000.0,789700.0
266,2021-10-18 06:24:56,38700.0,500.0,785700.0
267,2021-10-18 06:24:56,38700.0,400.0,785200.0
268,2021-10-18 06:24:56,38700.0,1000.0,784800.0
269,2021-10-18 06:24:56,38700.0,500.0,783800.0
270,2021-10-18 06:24:54,38800.0,100.0,783300.0
271,2021-10-18 06:23:49,38800.0,5000.0,783200.0
272,2021-10-18 06:23:45,38800.0,1000.0,778200.0
273,2021-10-18 06:23:45,38800.0,200.0,777200.0
274,2021-10-18 06:23:45,38800.0,100.0,777000.0
275,2021-10-18 06:22:10,38800.0,2600.0,776900.0
276,2021-10-18 06:22:10,38800.0,1000.0,774300.0
277,2021-10-18 06:22:10,38800.0,2200.0,773300.0
278,2021-10-18 06:22:00,38800.0,1000.0,771100.0
279,2021-10-18 06:21:51,38800.0,100.0,770100.0
280,2021-10-18 06:20:58,38800.0,700.0,770000.0
281,2021-10-18 06:20:58,38800.0,100.0,769300.0
282,2021-10-18 06:20:58,38800.0,1000.0,769200.0
283,2021-10-18 06:20:58,38800.0,100.0,768200.0
284,2021-10-18 06:20:58,38800.0,500.0,768100.0
285,2021-10-18 06:20:58,38800.0,1000.0,767600.0
286,2021-10-18 06:20:58,38800.0,500.0,766600.0
287,2021-10-18 06:20:58,38800.0,1000.0,766100.0
288,2021-10-18 06:20:58,38800.0,200.0,765100.0
289,2021-10-18 06:20:58,38900.0,1500.0,764900.0
290,2021-10-18 06:20:58,38900.0,500.0,763400.0
291,2021-10-18 06:20:58,38900.0,100.0,762900.0
292,2021-10-18 06:20:58,38900.0,300.0,762800.0
293,2021-10-18 06:20:58,38900.0,400.0,762500.0
294,2021-10-18 06:20:58,38900.0,300.0,762100.0
295,2021-10-18 06:20:38,39000.0,200.0,761800.0
296,2021-10-18 06:19:59,39000.0,300.0,761600.0
297,2021-10-18 06:19:54,39000.0,300.0,761300.0
298,2021-10-18 06:19:54,39000.0,5100.0,761000.0
299,2021-10-18 06:19:54,39000.0,100.0,755900.0
300,2021-10-18 06:19:54,39000.0,300.0,755800.0
301,2021-10-18 06:19:54,39000.0,2000.0,755500.0
302,2021-10-18 06:19:54,39000.0,500.0,753500.0
303,2021-10-18 06:19:54,39000.0,300.0,753000.0
304,2021-10-18 06:19:54,39000.0,500.0,752700.0
305,2021-10-18 06:19:54,39000.0,200.0,752200.0
306,2021-10-18 06:19:54,39000.0,1000.0,752000.0
307,2021-10-18 06:19:54,39000.0,700.0,751000.0
308,2021-10-18 06:19:54,39000.0,500.0,750300.0
309,2021-10-18 06:19:54,39000.0,500.0,749800.0
310,2021-10-18 06:19:54,39000.0,500.0,749300.0
311,2021-10-18 06:19:54,39000.0,1000.0,748800.0
312,2021-10-18 06:19:54,39000.0,100.0,747800.0
313,2021-10-18 06:19:54,39000.0,1000.0,747700.0
314,2021-10-18 06:19:54,39000.0,200.0,746700.0
315,2021-10-18 06:19:54,39000.0,300.0,746500.0
316,2021-10-18 06:19:54,39000.0,1000.0,746200.0
317,2021-10-18 06:19:54,39000.0,300.0,745200.0
318,2021-10-18 06:19:54,39000.0,1000.0,744900.0
319,2021-10-18 06:19:54,39000.0,5000.0,743900.0
320,2021-10-18 06:19:54,39050.0,2600.0,738900.0
321,2021-10-18 06:19:54,39050.0,1000.0,736300.0
322,2021-10-18 06:19:52,39050.0,5000.0,735300.0
323,2021-10-18 06:19:23,39100.0,200.0,730300.0
324,2021-10-18 06:19:14,39100.0,300.0,730100.0
325,2021-10-18 06:19:14,39100.0,100.0,729800.0
326,2021-10-18 06:19:14,39100.0,900.0,729700.0
327,2021-10-18 06:19:14,39100.0,400.0,728800.0
328,2021-10-18 06:19:14,39100.0,100.0,728400.0
329,2021-10-18 06:19:14,39100.0,10000.0,728300.0
330,2021-10-18 06:19:14,39100.0,500.0,718300.0
331,2021-10-18 06:19:14,39100.0,2000.0,717800.0
332,2021-10-18 06:19:14,39100.0,100.0,715800.0
333,2021-10-18 06:19:14,39100.0,300.0,715700.0
334,2021-10-18 06:19:14,39150.0,200.0,715400.0
335,2021-10-18 06:19:14,39150.0,1000.0,715200.0
336,2021-10-18 06:19:14,39150.0,1000.0,714200.0
337,2021-10-18 06:18:22,39200.0,400.0,713200.0
338,2021-10-18 06:18:22,39200.0,100.0,712800.0
339,2021-10-18 06:18:22,39200.0,100.0,712700.0
340,2021-10-18 06:18:22,39200.0,1200.0,712600.0
341,2021-10-18 06:17:02,39200.0,300.0,711400.0
342,2021-10-18 06:15:09,39200.0,100.0,711100.0
343,2021-10-18 06:15:09,39200.0,300.0,711000.0
344,2021-10-18 06:15:09,39200.0,100.0,710700.0
345,2021-10-18 06:14:22,39200.0,9800.0,710600.0
346,2021-10-18 06:14:22,39200.0,200.0,700800.0
347,2021-10-18 06:13:31,39200.0,300.0,700600.0
348,2021-10-18 06:12:49,39250.0,700.0,700300.0
349,2021-10-18 06:12:22,39250.0,2000.0,699600.0
350,2021-10-18 06:12:22,39250.0,500.0,697600.0
351,2021-10-18 06:12:22,39250.0,2500.0,697100.0
352,2021-10-18 06:11:10,39300.0,800.0,694600.0
353,2021-10-18 06:11:04,39300.0,200.0,693800.0
354,2021-10-18 06:11:04,39300.0,800.0,693600.0
355,2021-10-18 06:11:04,39300.0,1100.0,692800.0
356,2021-10-18 06:11:04,39300.0,100.0,691700.0
357,2021-10-18 06:11:04,39300.0,400.0,691600.0
358,2021-10-18 06:11:04,39300.0,2400.0,691200.0
359,2021-10-18 06:09:58,39300.0,2100.0,688800.0
360,2021-10-18 06:09:27,39400.0,200.0,686700.0
361,2021-10-18 06:09:27,39400.0,100.0,686500.0
362,2021-10-18 06:09:27,39400.0,100.0,686400.0
363,2021-10-18 06:09:27,39400.0,1000.0,686300.0
364,2021-10-18 06:09:27,39400.0,5000.0,685300.0
365,2021-10-18 06:09:27,39400.0,100.0,680300.0
366,2021-10-18 06:09:27,39400.0,1400.0,680200.0
367,2021-10-18 06:07:51,39400.0,400.0,678800.0
368,2021-10-18 06:06:13,39400.0,2700.0,678400.0
369,2021-10-18 06:05:48,39350.0,1000.0,675700.0
370,2021-10-18 06:05:39,39350.0,500.0,674700.0
371,2021-10-18 06:05:39,39350.0,100.0,674200.0
372,2021-10-18 06:05:39,39350.0,1200.0,674100.0
373,2021-10-18 06:04:35,39350.0,300.0,672900.0
374,2021-10-18 06:03:39,39300.0,500.0,672600.0
375,2021-10-18 06:03:36,39250.0,500.0,672100.0
376,2021-10-18 06:02:54,39250.0,600.0,671600.0
377,2021-10-18 06:02:49,39200.0,1500.0,671000.0
378,2021-10-18 06:02:49,39200.0,1000.0,669500.0
379,2021-10-18 06:02:49,39200.0,2500.0,668500.0
380,2021-10-18 06:02:19,39250.0,100.0,666000.0
381,2021-10-18 06:02:19,39250.0,200.0,665900.0
382,2021-10-18 06:02:19,39250.0,1000.0,665700.0
383,2021-10-18 06:02:19,39250.0,1100.0,664700.0
384,2021-10-18 06:01:53,39250.0,1000.0,663600.0
385,2021-10-18 06:00:29,39250.0,900.0,662600.0
386,2021-10-18 06:00:29,39300.0,100.0,661700.0
387,2021-10-18 06:00:29,39300.0,300.0,661600.0
388,2021-10-18 06:00:10,39300.0,200.0,661300.0
389,2021-10-18 06:00:01,39300.0,500.0,661100.0
390,2021-10-18 06:00:01,39300.0,1200.0,660600.0
391,2021-10-18 04:29:44,39300.0,1000.0,659400.0
392,2021-10-18 04:29:23,39300.0,100.0,658400.0
393,2021-10-18 04:28:42,39300.0,1000.0,658300.0
394,2021-10-18 04:28:11,39300.0,100.0,657300.0
395,2021-10-18 04:27:22,39200.0,300.0,657200.0
396,2021-10-18 04:27:22,39250.0,300.0,656900.0
397,2021-10-18 04:27:19,39250.0,2000.0,656600.0
398,2021-10-18 04:25:47,39250.0,100.0,654600.0
399,2021-10-18 04:25:22,39250.0,100.0,654500.0
400,2021-10-18 04:25:21,39250.0,700.0,654400.0
401,2021-10-18 04:25:21,39250.0,1800.0,653700.0
402,2021-10-18 04:25:21,39250.0,300.0,651900.0
403,2021-10-18 04:25:17,39250.0,1700.0,651600.0
404,2021-10-18 04:25:17,39250.0,300.0,649900.0
405,2021-10-18 04:25:15,39300.0,200.0,649600.0
406,2021-10-18 04:25:07,39300.0,900.0,649400.0
407,2021-10-18 04:21:46,39350.0,300.0,648500.0
408,2021-10-18 04:21:39,39250.0,200.0,648200.0
409,2021-10-18 04:21:39,39250.0,800.0,648000.0
410,2021-10-18 04:16:35,39350.0,900.0,647200.0
411,2021-10-18 04:16:35,39350.0,100.0,646300.0
412,2021-10-18 04:14:31,39350.0,100.0,646200.0
413,2021-10-18 04:11:18,39350.0,200.0,646100.0
414,2021-10-18 04:11:18,39350.0,100.0,645900.0
415,2021-10-18 04:11:11,39350.0,500.0,645800.0
416,2021-10-18 04:11:01,39350.0,200.0,645300.0
417,2021-10-18 04:10:52,39350.0,100.0,645100.0
418,2021-10-18 04:10:46,39350.0,500.0,645000.0
419,2021-10-18 04:10:46,39300.0,500.0,644500.0
420,2021-10-18 04:10:46,39300.0,400.0,644000.0
421,2021-10-18 04:10:43,39350.0,300.0,643600.0
422,2021-10-18 04:10:33,39350.0,400.0,643300.0
423,2021-10-18 04:10:30,39350.0,300.0,642900.0
424,2021-10-18 04:09:11,39350.0,200.0,642600.0
425,2021-10-18 04:09:08,39350.0,200.0,642400.0
426,2021-10-18 04:07:26,39350.0,100.0,642200.0
427,2021-10-18 04:07:25,39350.0,2100.0,642100.0
428,2021-10-18 04:07:25,39350.0,500.0,640000.0
429,2021-10-18 04:07:25,39350.0,3800.0,639500.0
430,2021-10-18 04:07:24,39350.0,1200.0,635700.0
431,2021-10-18 04:06:31,39300.0,3600.0,634500.0
432,2021-10-18 04:06:08,39300.0,1400.0,630900.0
433,2021-10-18 04:06:08,39300.0,600.0,629500.0
434,2021-10-18 04:05:35,39300.0,900.0,628900.0
435,2021-10-18 04:05:35,39300.0,100.0,628000.0
436,2021-10-18 04:04:27,39300.0,1000.0,627900.0
437,2021-10-18 04:03:58,39300.0,1500.0,626900.0
438,2021-10-18 04:03:47,39300.0,3000.0,625400.0
439,2021-10-18 04:03:19,39200.0,3000.0,622400.0
440,2021-10-18 04:02:47,39200.0,3000.0,619400.0
441,2021-10-18 04:02:39,39200.0,1200.0,616400.0
442,2021-10-18 04:02:39,39200.0,300.0,615200.0
443,2021-10-18 04:02:39,39200.0,500.0,614900.0
444,2021-10-18 04:01:55,39300.0,700.0,614400.0
445,2021-10-18 04:01:55,39300.0,100.0,613700.0
446,2021-10-18 04:01:55,39300.0,1000.0,613600.0
447,2021-10-18 04:01:55,39300.0,200.0,612600.0
448,2021-10-18 04:01:55,39300.0,800.0,612400.0
449,2021-10-18 04:01:55,39300.0,1000.0,611600.0
450,2021-10-18 04:01:55,39300.0,300.0,610600.0
451,2021-10-18 04:01:55,39300.0,300.0,610300.0
452,2021-10-18 04:00:04,39350.0,1000.0,610000.0
453,2021-10-18 04:00:03,39400.0,500.0,609000.0
454,2021-10-18 04:00:03,39400.0,1700.0,608500.0
455,2021-10-18 03:57:18,39400.0,600.0,606800.0
456,2021-10-18 03:57:18,39400.0,500.0,606200.0
457,2021-10-18 03:57:18,39400.0,100.0,605700.0
458,2021-10-18 03:57:18,39400.0,1700.0,605600.0
459,2021-10-18 03:57:18,39400.0,400.0,603900.0
460,2021-10-18 03:54:03,39400.0,100.0,603500.0
461,2021-10-18 03:54:03,39400.0,500.0,603400.0
462,2021-10-18 03:53:22,39300.0,100.0,602900.0
463,2021-10-18 03:53:22,39300.0,600.0,602800.0
464,2021-10-18 03:53:09,39300.0,1800.0,602200.0
465,2021-10-18 03:53:01,39300.0,3000.0,600400.0
466,2021-10-18 03:52:27,39300.0,200.0,597400.0
467,2021-10-18 03:52:27,39300.0,800.0,597200.0
468,2021-10-18 03:52:27,39300.0,300.0,596400.0
469,2021-10-18 03:52:23,39300.0,100.0,596100.0
470,2021-10-18 03:51:36,39300.0,1000.0,596000.0
471,2021-10-18 03:51:36,39300.0,600.0,595000.0
472,2021-10-18 03:51:11,39200.0,100.0,594400.0
473,2021-10-18 03:51:07,39200.0,200.0,594300.0
474,2021-10-18 03:50:56,39200.0,2000.0,594100.0
475,2021-10-18 03:49:56,39100.0,100.0,592100.0
476,2021-10-18 03:49:34,39200.0,3000.0,592000.0
477,2021-10-18 03:49:29,39100.0,600.0,589000.0
478,2021-10-18 03:49:29,39100.0,300.0,588400.0
479,2021-10-18 03:49:29,39100.0,100.0,588100.0
480,2021-10-18 03:48:54,39200.0,100.0,588000.0
481,2021-10-18 03:48:54,39200.0,200.0,587900.0
482,2021-10-18 03:48:54,39200.0,1000.0,587700.0
483,2021-10-18 03:48:54,39200.0,300.0,586700.0
484,2021-10-18 03:48:54,39250.0,1000.0,586400.0
485,2021-10-18 03:48:54,39250.0,2000.0,585400.0
486,2021-10-18 03:48:54,39250.0,100.0,583400.0
487,2021-10-18 03:48:43,39300.0,1900.0,583300.0
488,2021-10-18 03:48:43,39300.0,2600.0,581400.0
489,2021-10-18 03:48:31,39250.0,900.0,578800.0
490,2021-10-18 03:47:41,39300.0,500.0,577900.0
491,2021-10-18 03:47:27,39300.0,500.0,577400.0
492,2021-10-18 03:47:27,39300.0,100.0,576900.0
493,2021-10-18 03:47:27,39300.0,3000.0,576800.0
494,2021-10-18 03:47:27,39300.0,300.0,573800.0
495,2021-10-18 03:47:27,39300.0,100.0,573500.0
496,2021-10-18 03:47:27,39300.0,800.0,573400.0
497,2021-10-18 03:47:27,39300.0,1000.0,572600.0
498,2021-10-18 03:47:27,39300.0,1100.0,571600.0
499,2021-10-18 03:44:34,39500.0,100.0,570500.0
500,2021-10-18 03:44:06,39300.0,400.0,570400.0
501,2021-10-18 03:42:41,39300.0,500.0,570000.0
502,2021-10-18 03:42:41,39300.0,700.0,569500.0
503,2021-10-18 03:41:56,39300.0,2300.0,568800.0
504,2021-10-18 03:41:56,39350.0,1000.0,566500.0
505,2021-10-18 03:41:56,39500.0,1700.0,565500.0
506,2021-10-18 03:41:48,39500.0,3300.0,563800.0
507,2021-10-18 03:41:27,39500.0,300.0,560500.0
508,2021-10-18 03:41:13,39500.0,500.0,560200.0
509,2021-10-18 03:41:13,39500.0,900.0,559700.0
510,2021-10-18 03:41:09,39500.0,100.0,558800.0
511,2021-10-18 03:41:09,39500.0,400.0,558700.0
512,2021-10-18 03:41:00,39500.0,100.0,558300.0
513,2021-10-18 03:41:00,39500.0,100.0,558200.0
514,2021-10-18 03:40:45,39500.0,200.0,558100.0
515,2021-10-18 03:40:45,39500.0,100.0,557900.0
516,2021-10-18 03:40:41,39500.0,500.0,557800.0
517,2021-10-18 03:40:41,39500.0,500.0,557300.0
518,2021-10-18 03:40:29,39500.0,1000.0,556800.0
519,2021-10-18 03:40:23,39550.0,2100.0,555800.0
520,2021-10-18 03:39:43,39550.0,100.0,553700.0
521,2021-10-18 03:39:40,39550.0,400.0,553600.0
522,2021-10-18 03:39:40,39550.0,600.0,553200.0
523,2021-10-18 03:39:32,39600.0,3000.0,552600.0
524,2021-10-18 03:39:10,39600.0,500.0,549600.0
525,2021-10-18 03:39:10,39600.0,100.0,549100.0
526,2021-10-18 03:39:10,39600.0,1000.0,549000.0
527,2021-10-18 03:39:10,39650.0,200.0,548000.0
528,2021-10-18 03:38:56,39700.0,1300.0,547800.0
529,2021-10-18 03:38:56,39700.0,300.0,546500.0
530,2021-10-18 03:38:56,39700.0,100.0,546200.0
531,2021-10-18 03:38:39,39800.0,600.0,546100.0
532,2021-10-18 03:38:37,39700.0,200.0,545500.0
533,2021-10-18 03:38:04,39800.0,1000.0,545300.0
534,2021-10-18 03:37:56,39800.0,500.0,544300.0
535,2021-10-18 03:37:27,39800.0,100.0,543800.0
536,2021-10-18 03:37:11,39800.0,4800.0,543700.0
537,2021-10-18 03:36:57,39800.0,100.0,538900.0
538,2021-10-18 03:36:35,39800.0,1000.0,538800.0
539,2021-10-18 03:36:34,39800.0,900.0,537800.0
540,2021-10-18 03:36:14,39800.0,600.0,536900.0
541,2021-10-18 03:36:11,39800.0,3000.0,536300.0
542,2021-10-18 03:36:11,39800.0,500.0,533300.0
543,2021-10-18 03:36:11,39800.0,200.0,532800.0
544,2021-10-18 03:36:11,39800.0,3900.0,532600.0
545,2021-10-18 03:36:05,39800.0,1000.0,528700.0
546,2021-10-18 03:36:05,39750.0,500.0,527700.0
547,2021-10-18 03:36:03,39750.0,500.0,527200.0
548,2021-10-18 03:35:55,39750.0,1100.0,526700.0
549,2021-10-18 03:35:53,39750.0,1000.0,525600.0
550,2021-10-18 03:35:34,39750.0,2400.0,524600.0
551,2021-10-18 03:35:31,39750.0,600.0,522200.0
552,2021-10-18 03:35:31,39750.0,1000.0,521600.0
553,2021-10-18 03:35:29,39750.0,200.0,520600.0
554,2021-10-18 03:35:22,39750.0,1000.0,520400.0
555,2021-10-18 03:34:53,39750.0,800.0,519400.0
556,2021-10-18 03:34:53,39750.0,200.0,518600.0
557,2021-10-18 03:34:53,39750.0,200.0,518400.0
558,2021-10-18 03:34:53,39750.0,100.0,518200.0
559,2021-10-18 03:34:26,39750.0,1000.0,518100.0
560,2021-10-18 03:34:16,39750.0,1000.0,517100.0
561,2021-10-18 03:33:50,39750.0,500.0,516100.0
562,2021-10-18 03:33:48,39800.0,600.0,515600.0
563,2021-10-18 03:33:21,39750.0,500.0,515000.0
564,2021-10-18 03:33:21,39750.0,2000.0,514500.0
565,2021-10-18 03:32:27,39750.0,1000.0,512500.0
566,2021-10-18 03:31:14,39800.0,800.0,511500.0
567,2021-10-18 03:31:14,39800.0,3200.0,510700.0
568,2021-10-18 03:31:14,39750.0,1000.0,507500.0
569,2021-10-18 03:29:35,39950.0,200.0,506500.0
570,2021-10-18 03:29:35,39950.0,400.0,506300.0
571,2021-10-18 03:29:35,39950.0,700.0,505900.0
572,2021-10-18 03:29:35,39900.0,100.0,505200.0
573,2021-10-18 03:29:35,39800.0,1000.0,505100.0
574,2021-10-18 03:29:32,39500.0,500.0,504100.0
575,2021-10-18 03:29:32,39500.0,3000.0,503600.0
576,2021-10-18 03:29:32,39500.0,2000.0,500600.0
577,2021-10-18 03:29:32,39500.0,5000.0,498600.0
578,2021-10-18 03:29:32,39500.0,1400.0,493600.0
579,2021-10-18 03:29:32,39700.0,4100.0,492200.0
580,2021-10-18 03:29:28,39700.0,500.0,488100.0
581,2021-10-18 03:29:28,39700.0,100.0,487600.0
582,2021-10-18 03:29:28,39650.0,100.0,487500.0
583,2021-10-18 03:29:28,39650.0,200.0,487400.0
584,2021-10-18 03:29:22,39500.0,2900.0,487200.0
585,2021-10-18 03:29:22,39600.0,100.0,484300.0
586,2021-10-18 03:29:10,39600.0,700.0,484200.0
587,2021-10-18 03:28:59,39500.0,100.0,483500.0
588,2021-10-18 03:28:51,39600.0,300.0,483400.0
589,2021-10-18 03:28:23,39600.0,100.0,483100.0
590,2021-10-18 03:28:14,39600.0,1500.0,483000.0
591,2021-10-18 03:28:11,39600.0,2200.0,481500.0
592,2021-10-18 03:28:09,39600.0,2000.0,479300.0
593,2021-10-18 03:28:09,39600.0,600.0,477300.0
594,2021-10-18 03:28:02,39600.0,5000.0,476700.0
595,2021-10-18 03:28:02,39600.0,1000.0,471700.0
596,2021-10-18 03:28:02,39600.0,1700.0,470700.0
597,2021-10-18 03:28:02,39650.0,2600.0,469000.0
598,2021-10-18 03:27:58,39650.0,400.0,466400.0
599,2021-10-18 03:27:45,39600.0,700.0,466000.0
600,2021-10-18 03:27:32,39650.0,100.0,465300.0
601,2021-10-18 03:27:32,39650.0,100.0,465200.0
602,2021-10-18 03:27:32,39650.0,100.0,465100.0
603,2021-10-18 03:27:19,39950.0,300.0,465000.0
604,2021-10-18 03:27:19,39950.0,200.0,464700.0
605,2021-10-18 03:27:19,39800.0,100.0,464500.0
606,2021-10-18 03:27:19,39700.0,500.0,464400.0
607,2021-10-18 03:27:19,39700.0,900.0,463900.0
608,2021-10-18 03:27:17,39700.0,100.0,463000.0
609,2021-10-18 03:27:06,39700.0,700.0,462900.0
610,2021-10-18 03:27:04,39700.0,300.0,462200.0
611,2021-10-18 03:27:02,39700.0,100.0,461900.0
612,2021-10-18 03:27:00,39700.0,400.0,461800.0
613,2021-10-18 03:27:00,39700.0,1200.0,461400.0
614,2021-10-18 03:26:40,39700.0,800.0,460200.0
615,2021-10-18 03:26:40,39700.0,200.0,459400.0
616,2021-10-18 03:25:58,39950.0,500.0,459200.0
617,2021-10-18 03:25:58,39950.0,300.0,458700.0
618,2021-10-18 03:25:58,39950.0,1000.0,458400.0
619,2021-10-18 03:25:54,39950.0,1000.0,457400.0
620,2021-10-18 03:25:47,39950.0,500.0,456400.0
621,2021-10-18 03:25:33,39950.0,100.0,455900.0
622,2021-10-18 03:25:33,39950.0,500.0,455800.0
623,2021-10-18 03:25:33,39950.0,600.0,455300.0
624,2021-10-18 03:25:20,39950.0,400.0,454700.0
625,2021-10-18 03:24:54,39950.0,1000.0,454300.0
626,2021-10-18 03:24:45,40000.0,500.0,453300.0
627,2021-10-18 03:24:32,40000.0,900.0,452800.0
628,2021-10-18 03:24:32,40000.0,2400.0,451900.0
629,2021-10-18 03:24:24,40000.0,1700.0,449500.0
630,2021-10-18 03:24:24,40050.0,200.0,447800.0
631,2021-10-18 03:24:22,40050.0,100.0,447600.0
632,2021-10-18 03:24:17,40000.0,4100.0,447500.0
633,2021-10-18 03:24:17,40000.0,900.0,443400.0
634,2021-10-18 03:24:14,40000.0,600.0,442500.0
635,2021-10-18 03:24:11,40000.0,2000.0,441900.0
636,2021-10-18 03:24:11,40000.0,100.0,439900.0
637,2021-10-18 03:24:11,40000.0,2500.0,439800.0
638,2021-10-18 03:24:11,40000.0,100.0,437300.0
639,2021-10-18 03:24:11,40000.0,200.0,437200.0
640,2021-10-18 03:24:11,40000.0,1000.0,437000.0
641,2021-10-18 03:24:11,40000.0,500.0,436000.0
642,2021-10-18 03:24:11,40000.0,600.0,435500.0
643,2021-10-18 03:24:11,40000.0,500.0,434900.0
644,2021-10-18 03:24:11,40000.0,1800.0,434400.0
645,2021-10-18 03:24:11,40000.0,200.0,432600.0
646,2021-10-18 03:24:11,40000.0,1000.0,432400.0
647,2021-10-18 03:24:11,40000.0,100.0,431400.0
648,2021-10-18 03:24:11,39950.0,5100.0,431300.0
649,2021-10-18 03:24:11,39950.0,100.0,426200.0
650,2021-10-18 03:24:11,39900.0,300.0,426100.0
651,2021-10-18 03:24:11,39900.0,2100.0,425800.0
652,2021-10-18 03:24:11,39900.0,500.0,423700.0
653,2021-10-18 03:24:05,39900.0,200.0,423200.0
654,2021-10-18 03:23:49,39900.0,200.0,423000.0
655,2021-10-18 03:23:49,39900.0,100.0,422800.0
656,2021-10-18 03:23:49,39900.0,500.0,422700.0
657,2021-10-18 03:23:49,39850.0,300.0,422200.0
658,2021-10-18 03:23:49,39800.0,200.0,421900.0
659,2021-10-18 03:23:49,39700.0,500.0,421700.0
660,2021-10-18 03:23:49,39700.0,100.0,421200.0
661,2021-10-18 03:23:49,39700.0,100.0,421100.0
662,2021-10-18 03:23:49,39700.0,1000.0,421000.0
663,2021-10-18 03:23:41,39600.0,100.0,420000.0
664,2021-10-18 03:23:35,39600.0,3000.0,419900.0
665,2021-10-18 03:23:34,39550.0,300.0,416900.0
666,2021-10-18 03:23:29,39500.0,1000.0,416600.0
667,2021-10-18 03:23:24,39500.0,100.0,415600.0
668,2021-10-18 03:23:16,39500.0,100.0,415500.0
669,2021-10-18 03:23:16,39500.0,200.0,415400.0
670,2021-10-18 03:23:16,39500.0,1400.0,415200.0
671,2021-10-18 03:23:16,39400.0,4800.0,413800.0
672,2021-10-18 03:23:16,39400.0,1000.0,409000.0
673,2021-10-18 03:23:12,39400.0,4800.0,408000.0
674,2021-10-18 03:23:08,39500.0,1600.0,403200.0
675,2021-10-18 03:23:08,39500.0,600.0,401600.0
676,2021-10-18 03:23:08,39500.0,100.0,401000.0
677,2021-10-18 03:23:08,39500.0,1000.0,400900.0
678,2021-10-18 03:23:08,39500.0,300.0,399900.0
679,2021-10-18 03:23:08,39500.0,1000.0,399600.0
680,2021-10-18 03:23:08,39500.0,1200.0,398600.0
681,2021-10-18 03:23:08,39500.0,200.0,397400.0
682,2021-10-18 03:23:08,39500.0,400.0,397200.0
683,2021-10-18 03:23:08,39500.0,100.0,396800.0
684,2021-10-18 03:23:08,39500.0,3500.0,396700.0
685,2021-10-18 03:23:05,39500.0,500.0,393200.0
686,2021-10-18 03:23:04,39400.0,15500.0,392700.0
687,2021-10-18 03:22:31,39300.0,1000.0,377200.0
688,2021-10-18 03:22:26,39300.0,500.0,376200.0
689,2021-10-18 03:22:26,39300.0,200.0,375700.0
690,2021-10-18 03:22:26,39300.0,3200.0,375500.0
691,2021-10-18 03:22:25,39300.0,100.0,372300.0
692,2021-10-18 03:22:23,39300.0,100.0,372200.0
693,2021-10-18 03:22:21,39300.0,400.0,372100.0
694,2021-10-18 03:22:15,39300.0,100.0,371700.0
695,2021-10-18 03:22:11,39300.0,1000.0,371600.0
696,2021-10-18 03:22:11,39300.0,5900.0,370600.0
697,2021-10-18 03:21:58,39300.0,1000.0,364700.0
698,2021-10-18 03:21:58,39300.0,5900.0,363700.0
699,2021-10-18 03:21:57,39400.0,1000.0,357800.0
700,2021-10-18 03:21:52,39300.0,500.0,356800.0
701,2021-10-18 03:21:47,39250.0,400.0,356300.0
702,2021-10-18 03:21:46,39150.0,1000.0,355900.0
703,2021-10-18 03:21:46,39150.0,500.0,354900.0
704,2021-10-18 03:21:34,39450.0,700.0,354400.0
705,2021-10-18 03:21:34,39400.0,200.0,353700.0
706,2021-10-18 03:21:34,39400.0,1000.0,353500.0
707,2021-10-18 03:21:34,39400.0,100.0,352500.0
708,2021-10-18 03:21:34,39400.0,100.0,352400.0
709,2021-10-18 03:21:34,39400.0,1000.0,352300.0
710,2021-10-18 03:21:34,39300.0,200.0,351300.0
711,2021-10-18 03:21:34,39300.0,200.0,351100.0
712,2021-10-18 03:21:34,39300.0,300.0,350900.0
713,2021-10-18 03:21:34,39300.0,1100.0,350600.0
714,2021-10-18 03:21:34,39300.0,500.0,349500.0
715,2021-10-18 03:21:29,39300.0,1500.0,349000.0
716,2021-10-18 03:21:29,39200.0,600.0,347500.0
717,2021-10-18 03:21:29,39250.0,400.0,346900.0
718,2021-10-18 03:21:18,39250.0,1000.0,346500.0
719,2021-10-18 03:21:12,39300.0,100.0,345500.0
720,2021-10-18 03:21:12,39200.0,300.0,345400.0
721,2021-10-18 03:21:10,39200.0,500.0,345100.0
722,2021-10-18 03:21:10,39200.0,200.0,344600.0
723,2021-10-18 03:20:58,39200.0,200.0,344400.0
724,2021-10-18 03:20:58,39200.0,600.0,344200.0
725,2021-10-18 03:20:54,39200.0,400.0,343600.0
726,2021-10-18 03:20:43,39200.0,200.0,343200.0
727,2021-10-18 03:20:43,39200.0,100.0,343000.0
728,2021-10-18 03:20:41,39200.0,200.0,342900.0
729,2021-10-18 03:20:37,39200.0,500.0,342700.0
730,2021-10-18 03:20:19,39200.0,1300.0,342200.0
731,2021-10-18 03:20:07,39100.0,2500.0,340900.0
732,2021-10-18 03:19:54,39100.0,500.0,338400.0
733,2021-10-18 03:19:46,39100.0,500.0,337900.0
734,2021-10-18 03:19:31,39000.0,4300.0,337400.0
735,2021-10-18 03:19:31,39100.0,2000.0,333100.0
736,2021-10-18 03:19:31,39100.0,900.0,331100.0
737,2021-10-18 03:19:31,39200.0,1700.0,330200.0
738,2021-10-18 03:19:22,39200.0,200.0,328500.0
739,2021-10-18 03:19:22,39200.0,1000.0,328300.0
740,2021-10-18 03:19:22,39200.0,100.0,327300.0
741,2021-10-18 03:19:22,39200.0,900.0,327200.0
742,2021-10-18 03:19:22,39200.0,1100.0,326300.0
743,2021-10-18 03:19:09,39200.0,500.0,325200.0
744,2021-10-18 03:19:08,39100.0,1000.0,324700.0
745,2021-10-18 03:18:59,39100.0,1000.0,323700.0
746,2021-10-18 03:18:58,39100.0,600.0,322700.0
747,2021-10-18 03:18:45,39000.0,500.0,322100.0
748,2021-10-18 03:18:45,39000.0,2000.0,321600.0
749,2021-10-18 03:18:45,39000.0,500.0,319600.0
750,2021-10-18 03:18:31,39000.0,200.0,319100.0
751,2021-10-18 03:18:23,39000.0,1000.0,318900.0
752,2021-10-18 03:18:23,39000.0,500.0,317900.0
753,2021-10-18 03:18:12,39000.0,100.0,317400.0
754,2021-10-18 03:18:12,39000.0,200.0,317300.0
755,2021-10-18 03:18:11,39000.0,700.0,317100.0
756,2021-10-18 03:18:11,39000.0,1200.0,316400.0
757,2021-10-18 03:18:09,39200.0,400.0,315200.0
758,2021-10-18 03:18:09,39150.0,1500.0,314800.0
759,2021-10-18 03:18:09,39150.0,2000.0,313300.0
760,2021-10-18 03:18:09,39150.0,100.0,311300.0
761,2021-10-18 03:18:09,39100.0,500.0,311200.0
762,2021-10-18 03:18:09,39100.0,100.0,310700.0
763,2021-10-18 03:18:09,39100.0,300.0,310600.0
764,2021-10-18 03:18:09,39100.0,100.0,310300.0
765,2021-10-18 03:18:06,39000.0,1000.0,310200.0
766,2021-10-18 03:18:02,39000.0,500.0,309200.0
767,2021-10-18 03:17:55,39000.0,1000.0,308700.0
768,2021-10-18 03:17:55,39000.0,600.0,307700.0
769,2021-10-18 03:17:55,39000.0,700.0,307100.0
770,2021-10-18 03:17:48,39000.0,300.0,306400.0
771,2021-10-18 03:17:48,39000.0,900.0,306100.0
772,2021-10-18 03:17:45,39000.0,1000.0,305200.0
773,2021-10-18 03:17:40,38700.0,3300.0,304200.0
774,2021-10-18 03:17:40,38700.0,400.0,300900.0
775,2021-10-18 03:17:40,38700.0,2000.0,300500.0
776,2021-10-18 03:17:40,38700.0,100.0,298500.0
777,2021-10-18 03:17:40,38900.0,100.0,298400.0
778,2021-10-18 03:17:40,38900.0,200.0,298300.0
779,2021-10-18 03:17:40,38900.0,200.0,298100.0
780,2021-10-18 03:17:40,38900.0,1000.0,297900.0
781,2021-10-18 03:17:40,38900.0,200.0,296900.0
782,2021-10-18 03:17:37,39000.0,900.0,296700.0
783,2021-10-18 03:17:26,38900.0,100.0,295800.0
784,2021-10-18 03:17:19,38900.0,100.0,295700.0
785,2021-10-18 03:17:13,39000.0,1500.0,295600.0
786,2021-10-18 03:17:13,39000.0,500.0,294100.0
787,2021-10-18 03:17:13,39000.0,100.0,293600.0
788,2021-10-18 03:17:13,39000.0,4000.0,293500.0
789,2021-10-18 03:17:13,39000.0,1000.0,289500.0
790,2021-10-18 03:17:13,39000.0,100.0,288500.0
791,2021-10-18 03:17:13,39000.0,100.0,288400.0
792,2021-10-18 03:17:13,39000.0,100.0,288300.0
793,2021-10-18 03:17:13,39000.0,2000.0,288200.0
794,2021-10-18 03:17:13,39000.0,500.0,286200.0
795,2021-10-18 03:17:13,38900.0,100.0,285700.0
796,2021-10-18 03:16:53,39000.0,1500.0,285600.0
797,2021-10-18 03:16:53,39000.0,200.0,284100.0
798,2021-10-18 03:16:53,39000.0,200.0,283900.0
799,2021-10-18 03:16:53,39000.0,300.0,283700.0
800,2021-10-18 03:16:53,39000.0,500.0,283400.0
801,2021-10-18 03:16:53,39000.0,500.0,282900.0
802,2021-10-18 03:16:53,39000.0,1000.0,282400.0
803,2021-10-18 03:16:53,39000.0,200.0,281400.0
804,2021-10-18 03:16:53,39000.0,2000.0,281200.0
805,2021-10-18 03:16:53,39000.0,1000.0,279200.0
806,2021-10-18 03:16:53,39000.0,300.0,278200.0
807,2021-10-18 03:16:53,39000.0,600.0,277900.0
808,2021-10-18 03:16:53,39000.0,700.0,277300.0
809,2021-10-18 03:16:53,39000.0,1000.0,276600.0
810,2021-10-18 03:16:53,39000.0,500.0,275600.0
811,2021-10-18 03:16:53,39000.0,1300.0,275100.0
812,2021-10-18 03:16:53,38950.0,500.0,273800.0
813,2021-10-18 03:16:53,38900.0,1500.0,273300.0
814,2021-10-18 03:16:53,38900.0,500.0,271800.0
815,2021-10-18 03:16:53,38800.0,1000.0,271300.0
816,2021-10-18 03:16:53,38800.0,700.0,270300.0
817,2021-10-18 03:16:26,38800.0,300.0,269600.0
818,2021-10-18 03:16:26,38800.0,500.0,269300.0
819,2021-10-18 03:16:17,38800.0,100.0,268800.0
820,2021-10-18 03:16:11,38800.0,500.0,268700.0
821,2021-10-18 03:16:10,38800.0,1800.0,268200.0
822,2021-10-18 03:16:01,38800.0,200.0,266400.0
823,2021-10-18 03:16:01,38800.0,500.0,266200.0
824,2021-10-18 03:16:01,38800.0,400.0,265700.0
825,2021-10-18 03:15:31,38900.0,100.0,265300.0
826,2021-10-18 03:15:22,38800.0,100.0,265200.0
827,2021-10-18 03:15:17,38800.0,500.0,265100.0
828,2021-10-18 03:15:05,38800.0,700.0,264600.0
829,2021-10-18 03:15:00,39000.0,1500.0,263900.0
830,2021-10-18 03:15:00,39000.0,200.0,262400.0
831,2021-10-18 03:15:00,39000.0,100.0,262200.0
832,2021-10-18 03:15:00,38900.0,200.0,262100.0
833,2021-10-18 03:15:00,38900.0,2000.0,261900.0
834,2021-10-18 03:15:00,38900.0,500.0,259900.0
835,2021-10-18 03:15:00,38900.0,100.0,259400.0
836,2021-10-18 03:15:00,38900.0,100.0,259300.0
837,2021-10-18 03:15:00,38900.0,100.0,259200.0
838,2021-10-18 03:15:00,38850.0,200.0,259100.0
839,2021-10-18 03:14:58,38800.0,100.0,258900.0
840,2021-10-18 03:14:58,38800.0,200.0,258800.0
841,2021-10-18 03:14:54,38800.0,700.0,258600.0
842,2021-10-18 03:14:54,38800.0,100.0,257900.0
843,2021-10-18 03:14:54,38800.0,1000.0,257800.0
844,2021-10-18 03:14:54,38800.0,1700.0,256800.0
845,2021-10-18 03:14:30,38800.0,2500.0,255100.0
846,2021-10-18 03:14:23,38800.0,900.0,252600.0
847,2021-10-18 03:14:23,38800.0,900.0,251700.0
848,2021-10-18 03:14:23,38800.0,200.0,250800.0
849,2021-10-18 03:14:23,38800.0,1000.0,250600.0
850,2021-10-18 03:14:23,38800.0,1800.0,249600.0
851,2021-10-18 03:14:23,38700.0,200.0,247800.0
852,2021-10-18 03:14:10,38600.0,5000.0,247600.0
853,2021-10-18 03:14:08,38700.0,100.0,242600.0
854,2021-10-18 03:13:53,38700.0,200.0,242500.0
855,2021-10-18 03:13:20,38550.0,200.0,242300.0
856,2021-10-18 03:13:20,38550.0,700.0,242100.0
857,2021-10-18 03:13:06,38550.0,300.0,241400.0
858,2021-10-18 03:12:46,38550.0,1000.0,241100.0
859,2021-10-18 03:12:46,38550.0,100.0,240100.0
860,2021-10-18 03:12:46,38550.0,2600.0,240000.0
861,2021-10-18 03:12:46,38550.0,300.0,237400.0
862,2021-10-18 03:11:36,38550.0,700.0,237100.0
863,2021-10-18 03:11:31,38500.0,500.0,236400.0
864,2021-10-18 03:10:52,38550.0,500.0,235900.0
865,2021-10-18 03:10:19,38550.0,700.0,235400.0
866,2021-10-18 03:10:04,38500.0,6000.0,234700.0
867,2021-10-18 03:10:04,38500.0,300.0,228700.0
868,2021-10-18 03:09:42,38450.0,400.0,228400.0
869,2021-10-18 03:09:42,38450.0,1000.0,228000.0
870,2021-10-18 03:09:34,38450.0,500.0,227000.0
871,2021-10-18 03:09:16,38450.0,600.0,226500.0
872,2021-10-18 03:09:09,38450.0,1000.0,225900.0
873,2021-10-18 03:09:04,38400.0,500.0,224900.0
874,2021-10-18 03:08:42,38400.0,200.0,224400.0
875,2021-10-18 03:08:42,38400.0,300.0,224200.0
876,2021-10-18 03:08:22,38450.0,200.0,223900.0
877,2021-10-18 03:08:22,38450.0,300.0,223700.0
878,2021-10-18 03:08:22,38450.0,1000.0,223400.0
879,2021-10-18 03:08:22,38450.0,200.0,222400.0
880,2021-10-18 03:08:22,38450.0,800.0,222200.0
881,2021-10-18 03:08:13,38500.0,200.0,221400.0
882,2021-10-18 03:08:11,38500.0,1500.0,221200.0
883,2021-10-18 03:08:09,38500.0,1800.0,219700.0
884,2021-10-18 03:07:48,38500.0,200.0,217900.0
885,2021-10-18 03:07:09,38500.0,300.0,217700.0
886,2021-10-18 03:07:09,38500.0,3000.0,217400.0
887,2021-10-18 03:07:09,38500.0,400.0,214400.0
888,2021-10-18 03:07:09,38500.0,2000.0,214000.0
889,2021-10-18 03:07:09,38500.0,100.0,212000.0
890,2021-10-18 03:07:09,38500.0,200.0,211900.0
891,2021-10-18 03:06:58,38500.0,800.0,211700.0
892,2021-10-18 03:06:58,38500.0,1000.0,210900.0
893,2021-10-18 03:06:58,38500.0,2200.0,209900.0
894,2021-10-18 03:06:42,38550.0,200.0,207700.0
895,2021-10-18 03:06:42,38550.0,300.0,207500.0
896,2021-10-18 03:06:42,38550.0,1000.0,207200.0
897,2021-10-18 03:06:42,38550.0,200.0,206200.0
898,2021-10-18 03:06:42,38550.0,700.0,206000.0
899,2021-10-18 03:06:42,38550.0,1000.0,205300.0
900,2021-10-18 03:06:06,38550.0,200.0,204300.0
901,2021-10-18 03:05:07,38550.0,900.0,204100.0
902,2021-10-18 03:05:07,38550.0,100.0,203200.0
903,2021-10-18 03:04:54,38800.0,2200.0,203100.0
904,2021-10-18 03:04:54,38800.0,800.0,200900.0
905,2021-10-18 03:04:47,38800.0,200.0,200100.0
906,2021-10-18 03:04:47,38800.0,100.0,199900.0
907,2021-10-18 03:04:32,38800.0,7400.0,199800.0
908,2021-10-18 03:04:32,38800.0,800.0,192400.0
909,2021-10-18 03:04:30,38800.0,200.0,191600.0
910,2021-10-18 03:04:16,38500.0,300.0,191400.0
911,2021-10-18 03:04:16,38600.0,200.0,191100.0
912,2021-10-18 03:04:16,38600.0,100.0,190900.0
913,2021-10-18 03:04:16,38600.0,100.0,190800.0
914,2021-10-18 03:04:16,38600.0,500.0,190700.0
915,2021-10-18 03:03:52,38500.0,2000.0,190200.0
916,2021-10-18 03:03:44,38500.0,500.0,188200.0
917,2021-10-18 03:03:23,38500.0,1500.0,187700.0
918,2021-10-18 03:03:23,38500.0,500.0,186200.0
919,2021-10-18 03:03:04,38450.0,200.0,185700.0
920,2021-10-18 03:02:57,38450.0,300.0,185500.0
921,2021-10-18 03:02:57,38500.0,500.0,185200.0
922,2021-10-18 03:02:57,38500.0,100.0,184700.0
923,2021-10-18 03:02:57,38500.0,100.0,184600.0
924,2021-10-18 03:02:57,38500.0,100.0,184500.0
925,2021-10-18 03:02:57,38500.0,400.0,184400.0
926,2021-10-18 03:02:57,38500.0,900.0,184000.0
927,2021-10-18 03:02:54,38450.0,700.0,183100.0
928,2021-10-18 03:02:19,38400.0,500.0,182400.0
929,2021-10-18 03:02:15,38500.0,100.0,181900.0
930,2021-10-18 03:02:10,38500.0,100.0,181800.0
931,2021-10-18 03:02:10,38500.0,200.0,181700.0
932,2021-10-18 03:02:10,38500.0,200.0,181500.0
933,2021-10-18 03:02:00,38500.0,100.0,181300.0
934,2021-10-18 03:02:00,38450.0,100.0,181200.0
935,2021-10-18 03:01:58,38400.0,500.0,181100.0
936,2021-10-18 03:01:53,38400.0,100.0,180600.0
937,2021-10-18 03:01:36,38400.0,500.0,180500.0
938,2021-10-18 03:01:03,38400.0,100.0,180000.0
939,2021-10-18 03:01:01,38450.0,1900.0,179900.0
940,2021-10-18 03:01:01,38450.0,500.0,178000.0
941,2021-10-18 03:01:01,38450.0,100.0,177500.0
942,2021-10-18 03:00:49,38400.0,500.0,177400.0
943,2021-10-18 03:00:28,38400.0,500.0,176900.0
944,2021-10-18 03:00:28,38400.0,500.0,176400.0
945,2021-10-18 03:00:05,38300.0,200.0,175900.0
946,2021-10-18 03:00:05,38350.0,300.0,175700.0
947,2021-10-18 03:00:01,38300.0,500.0,175400.0
948,2021-10-18 02:59:49,38350.0,200.0,174900.0
949,2021-10-18 02:59:39,38350.0,1000.0,174700.0
950,2021-10-18 02:59:33,38300.0,100.0,173700.0
951,2021-10-18 02:59:33,38300.0,2900.0,173600.0
952,2021-10-18 02:59:21,38350.0,600.0,170700.0
953,2021-10-18 02:59:19,38350.0,300.0,170100.0
954,2021-10-18 02:59:09,38300.0,2000.0,169800.0
955,2021-10-18 02:59:09,38350.0,1000.0,167800.0
956,2021-10-18 02:58:54,38350.0,1900.0,166800.0
957,2021-10-18 02:58:54,38350.0,2000.0,164900.0
958,2021-10-18 02:58:54,38350.0,100.0,162900.0
959,2021-10-18 02:58:24,38300.0,100.0,162800.0
960,2021-10-18 02:58:24,38300.0,200.0,162700.0
961,2021-10-18 02:58:06,38300.0,1800.0,162500.0
962,2021-10-18 02:57:56,38300.0,2000.0,160700.0
963,2021-10-18 02:57:41,38300.0,800.0,158700.0
964,2021-10-18 02:57:41,38300.0,400.0,157900.0
965,2021-10-18 02:57:15,38300.0,3000.0,157500.0
966,2021-10-18 02:57:15,38300.0,1600.0,154500.0
967,2021-10-18 02:57:06,38200.0,200.0,152900.0
968,2021-10-18 02:56:54,38200.0,200.0,152700.0
969,2021-10-18 02:56:41,38200.0,1200.0,152500.0
970,2021-10-18 02:56:41,38200.0,400.0,151300.0
971,2021-10-18 02:56:30,38200.0,100.0,150900.0
972,2021-10-18 02:56:30,38200.0,100.0,150800.0
973,2021-10-18 02:55:54,38200.0,700.0,150700.0
974,2021-10-18 02:55:51,38300.0,400.0,150000.0
975,2021-10-18 02:54:55,38200.0,200.0,149600.0
976,2021-10-18 02:54:55,38200.0,200.0,149400.0
977,2021-10-18 02:54:44,38200.0,500.0,149200.0
978,2021-10-18 02:54:36,38200.0,500.0,148700.0
979,2021-10-18 02:54:36,38200.0,200.0,148200.0
980,2021-10-18 02:54:36,38200.0,300.0,148000.0
981,2021-10-18 02:54:32,38200.0,700.0,147700.0
982,2021-10-18 02:54:32,38200.0,300.0,147000.0
983,2021-10-18 02:53:13,38200.0,200.0,146700.0
984,2021-10-18 02:53:04,38100.0,100.0,146500.0
985,2021-10-18 02:53:04,38100.0,100.0,146400.0
986,2021-10-18 02:52:56,38100.0,100.0,146300.0
987,2021-10-18 02:52:56,38100.0,100.0,146200.0
988,2021-10-18 02:52:56,38100.0,100.0,146100.0
989,2021-10-18 02:52:56,38100.0,200.0,146000.0
990,2021-10-18 02:52:01,38200.0,500.0,145800.0
991,2021-10-18 02:52:00,38200.0,1000.0,145300.0
992,2021-10-18 02:51:29,38200.0,1300.0,144300.0
993,2021-10-18 02:51:29,38200.0,16000.0,143000.0
994,2021-10-18 02:51:17,38300.0,10000.0,127000.0
995,2021-10-18 02:51:17,38300.0,400.0,117000.0
996,2021-10-18 02:50:07,38300.0,100.0,116600.0
997,2021-10-18 02:49:57,38300.0,100.0,116500.0
998,2021-10-18 02:49:51,38300.0,1300.0,116400.0
999,2021-10-18 02:49:39,38300.0,500.0,115100.0
1000,2021-10-18 02:49:37,38300.0,400.0,114600.0
1001,2021-10-18 02:49:13,38300.0,600.0,114200.0
1002,2021-10-18 02:49:13,38300.0,300.0,113600.0
1003,2021-10-18 02:49:13,38300.0,300.0,113300.0
1004,2021-10-18 02:48:34,38200.0,200.0,113000.0
1005,2021-10-18 02:48:34,38200.0,100.0,112800.0
1006,2021-10-18 02:48:34,38200.0,2000.0,112700.0
1007,2021-10-18 02:48:34,38200.0,1400.0,110700.0
1008,2021-10-18 02:48:34,38200.0,100.0,109300.0
1009,2021-10-18 02:48:34,38200.0,200.0,109200.0
1010,2021-10-18 02:48:25,38100.0,300.0,109000.0
1011,2021-10-18 02:48:12,38100.0,1000.0,108700.0
1012,2021-10-18 02:47:52,38100.0,200.0,107700.0
1013,2021-10-18 02:47:47,38000.0,1000.0,107500.0
1014,2021-10-18 02:47:47,38000.0,2500.0,106500.0
1015,2021-10-18 02:47:14,38000.0,800.0,104000.0
1016,2021-10-18 02:47:07,38000.0,1000.0,103200.0
1017,2021-10-18 02:47:07,38000.0,1200.0,102200.0
1018,2021-10-18 02:46:49,38000.0,400.0,101000.0
1019,2021-10-18 02:46:36,38000.0,100.0,100600.0
1020,2021-10-18 02:46:36,38000.0,900.0,100500.0
1021,2021-10-18 02:45:19,37900.0,100.0,99600.0
1022,2021-10-18 02:45:19,37900.0,400.0,99500.0
1023,2021-10-18 02:45:17,38000.0,100.0,99100.0
1024,2021-10-18 02:44:47,38000.0,100.0,99000.0
1025,2021-10-18 02:44:24,38000.0,300.0,98900.0
1026,2021-10-18 02:44:10,38000.0,400.0,98600.0
1027,2021-10-18 02:43:47,38000.0,500.0,98200.0
1028,2021-10-18 02:43:47,38000.0,100.0,97700.0
1029,2021-10-18 02:43:44,38000.0,600.0,97600.0
1030,2021-10-18 02:43:19,38000.0,300.0,97000.0
1031,2021-10-18 02:43:19,38000.0,500.0,96700.0
1032,2021-10-18 02:43:04,38000.0,500.0,96200.0
1033,2021-10-18 02:42:16,38000.0,1000.0,95700.0
1034,2021-10-18 02:42:16,38000.0,900.0,94700.0
1035,2021-10-18 02:42:16,38000.0,100.0,93800.0
1036,2021-10-18 02:41:41,37900.0,600.0,93700.0
1037,2021-10-18 02:41:41,37900.0,900.0,93100.0
1038,2021-10-18 02:41:22,38000.0,800.0,92200.0
1039,2021-10-18 02:40:49,38000.0,100.0,91400.0
1040,2021-10-18 02:40:49,38000.0,400.0,91300.0
1041,2021-10-18 02:40:26,38000.0,100.0,90900.0
1042,2021-10-18 02:40:08,38000.0,1300.0,90800.0
1043,2021-10-18 02:39:51,38000.0,100.0,89500.0
1044,2021-10-18 02:39:51,38000.0,300.0,89400.0
1045,2021-10-18 02:39:51,38000.0,300.0,89100.0
1046,2021-10-18 02:39:51,38000.0,200.0,88800.0
1047,2021-10-18 02:39:51,38000.0,300.0,88600.0
1048,2021-10-18 02:38:50,38000.0,200.0,88300.0
1049,2021-10-18 02:38:46,37900.0,200.0,88100.0
1050,2021-10-18 02:38:44,38000.0,100.0,87900.0
1051,2021-10-18 02:38:36,38000.0,200.0,87800.0
1052,2021-10-18 02:38:21,38000.0,500.0,87600.0
1053,2021-10-18 02:38:10,38000.0,100.0,87100.0
1054,2021-10-18 02:38:05,38000.0,100.0,87000.0
1055,2021-10-18 02:37:47,38000.0,4800.0,86900.0
1056,2021-10-18 02:37:47,37950.0,200.0,82100.0
1057,2021-10-18 02:37:29,37950.0,600.0,81900.0
1058,2021-10-18 02:37:15,37950.0,300.0,81300.0
1059,2021-10-18 02:37:05,37950.0,100.0,81000.0
1060,2021-10-18 02:34:44,37800.0,1600.0,80900.0
1061,2021-10-18 02:34:36,37800.0,200.0,79300.0
1062,2021-10-18 02:34:35,37800.0,100.0,79100.0
1063,2021-10-18 02:34:16,37800.0,100.0,79000.0
1064,2021-10-18 02:34:15,37800.0,300.0,78900.0
1065,2021-10-18 02:34:14,37800.0,100.0,78600.0
1066,2021-10-18 02:34:10,37800.0,300.0,78500.0
1067,2021-10-18 02:34:10,37800.0,100.0,78200.0
1068,2021-10-18 02:34:10,37800.0,1000.0,78100.0
1069,2021-10-18 02:34:03,37900.0,400.0,77100.0
1070,2021-10-18 02:34:03,37900.0,300.0,76700.0
1071,2021-10-18 02:33:49,37900.0,200.0,76400.0
1072,2021-10-18 02:33:41,37900.0,1000.0,76200.0
1073,2021-10-18 02:33:35,37900.0,1000.0,75200.0
1074,2021-10-18 02:33:28,37800.0,100.0,74200.0
1075,2021-10-18 02:33:15,37900.0,100.0,74100.0
1076,2021-10-18 02:33:06,37900.0,500.0,74000.0
1077,2021-10-18 02:32:46,37900.0,1800.0,73500.0
1078,2021-10-18 02:32:37,37900.0,1000.0,71700.0
1079,2021-10-18 02:32:14,37900.0,3000.0,70700.0
1080,2021-10-18 02:31:38,38000.0,300.0,67700.0
1081,2021-10-18 02:31:38,38000.0,3000.0,67400.0
1082,2021-10-18 02:31:38,38000.0,1700.0,64400.0
1083,2021-10-18 02:30:55,38000.0,4000.0,62700.0
1084,2021-10-18 02:30:22,38000.0,100.0,58700.0
1085,2021-10-18 02:30:22,38000.0,2000.0,58600.0
1086,2021-10-18 02:30:22,38000.0,1400.0,56600.0
1087,2021-10-18 02:30:22,38000.0,2300.0,55200.0
1088,2021-10-18 02:30:22,38050.0,200.0,52900.0
1089,2021-10-18 02:27:35,38000.0,400.0,52700.0
1090,2021-10-18 02:27:35,38000.0,300.0,52300.0
1091,2021-10-18 02:27:28,38000.0,200.0,52000.0
1092,2021-10-18 02:27:20,38000.0,1400.0,51800.0
1093,2021-10-18 02:26:18,38000.0,700.0,50400.0
1094,2021-10-18 02:26:18,38000.0,2200.0,49700.0
1095,2021-10-18 02:25:51,38000.0,200.0,47500.0
1096,2021-10-18 02:25:51,38000.0,100.0,47300.0
1097,2021-10-18 02:25:51,38000.0,1000.0,47200.0
1098,2021-10-18 02:25:51,38000.0,100.0,46200.0
1099,2021-10-18 02:25:17,37750.0,1400.0,46100.0
1100,2021-10-18 02:25:08,37750.0,500.0,44700.0
1101,2021-10-18 02:24:57,37750.0,100.0,44200.0
1102,2021-10-18 02:24:57,37750.0,400.0,44100.0
1103,2021-10-18 02:24:17,37700.0,1400.0,43700.0
1104,2021-10-18 02:24:08,37700.0,500.0,42300.0
1105,2021-10-18 02:23:36,37600.0,2100.0,41800.0
1106,2021-10-18 02:21:45,37500.0,100.0,39700.0
1107,2021-10-18 02:21:45,37500.0,100.0,39600.0
1108,2021-10-18 02:21:45,37500.0,100.0,39500.0
1109,2021-10-18 02:21:45,37500.0,200.0,39400.0
1110,2021-10-18 02:21:45,37650.0,500.0,39200.0
1111,2021-10-18 02:21:31,37700.0,100.0,38700.0
1112,2021-10-18 02:20:47,37700.0,100.0,38600.0
1113,2021-10-18 02:20:35,37700.0,1900.0,38500.0
1114,2021-10-18 02:20:24,37700.0,100.0,36600.0
1115,2021-10-18 02:20:24,37700.0,200.0,36500.0
1116,2021-10-18 02:20:24,37700.0,9100.0,36300.0
1117,2021-10-18 02:20:02,37750.0,100.0,27200.0
1118,2021-10-18 02:19:54,37750.0,100.0,27100.0
1119,2021-10-18 02:19:54,37750.0,700.0,27000.0
1120,2021-10-18 02:19:37,37750.0,800.0,26300.0
1121,2021-10-18 02:19:29,37750.0,2100.0,25500.0
1122,2021-10-18 02:19:11,37750.0,1000.0,23400.0
1123,2021-10-18 02:19:11,37750.0,100.0,22400.0
1124,2021-10-18 02:19:11,37750.0,300.0,22300.0
1125,2021-10-18 02:19:11,38000.0,700.0,22000.0
1126,2021-10-18 02:18:50,38000.0,500.0,21300.0
1127,2021-10-18 02:18:50,38000.0,100.0,20800.0
1128,2021-10-18 02:18:50,38000.0,400.0,20700.0
1129,2021-10-18 02:18:50,38000.0,100.0,20300.0
1130,2021-10-18 02:18:50,38000.0,2000.0,20200.0
1131,2021-10-18 02:18:50,38000.0,1000.0,18200.0
1132,2021-10-18 02:18:50,38000.0,200.0,17200.0
1133,2021-10-18 02:18:04,37750.0,700.0,17000.0
1134,2021-10-18 02:17:57,37750.0,300.0,16300.0
1135,2021-10-18 02:17:49,38000.0,300.0,16000.0
1136,2021-10-18 02:17:49,37750.0,200.0,15700.0
1137,2021-10-18 02:17:47,37750.0,2800.0,15500.0
1138,2021-10-18 02:17:36,37750.0,2800.0,12700.0
1139,2021-10-18 02:17:36,37750.0,200.0,9900.0
1140,2021-10-18 02:17:27,37750.0,4000.0,9700.0
1141,2021-10-18 02:17:26,38000.0,500.0,5700.0
1142,2021-10-18 02:17:25,37750.0,100.0,5200.0
1143,2021-10-18 02:16:52,37750.0,600.0,5100.0
1144,2021-10-18 02:16:50,37750.0,100.0,4500.0
1145,2021-10-18 02:16:23,37750.0,200.0,4400.0
1146,2021-10-18 02:15:00,37700.0,300.0,4200.0
1147,2021-10-18 02:15:00,37700.0,600.0,3900.0
1148,2021-10-18 02:15:00,37700.0,300.0,3300.0
1149,2021-10-18 02:15:00,37700.0,100.0,3000.0
1150,2021-10-18 02:15:00,37700.0,100.0,2900.0
1151,2021-10-18 02:15:00,37700.0,100.0,2800.0
1152,2021-10-18 02:15:00,37700.0,300.0,2700.0
1153,2021-10-18 02:15:00,37700.0,100.0,2400.0
1154,2021-10-18 02:15:00,37700.0,100.0,2300.0
1155,2021-10-18 02:15:00,37700.0,200.0,2200.0
1156,2021-10-18 02:15:00,37700.0,1200.0,2000.0
1157,2021-10-18 02:15:00,37700.0,500.0,800.0
1158,2021-10-18 02:15:00,37700.0,200.0,300.0
1159,2021-10-18 02:15:00,37700.0,100.0,100.0
