,Time,Price,Volume_per_trade,Volume
0,2021-10-19 14:45:03,10700.0,5200.0,530043.0
1,2021-10-19 14:29:06,10600.0,3000.0,524843.0
2,2021-10-19 14:28:50,10600.0,100.0,521843.0
3,2021-10-19 14:26:55,10600.0,4500.0,521743.0
4,2021-10-19 14:26:32,10600.0,300.0,517243.0
5,2021-10-19 14:23:54,10600.0,2100.0,516943.0
6,2021-10-19 14:23:45,10600.0,8000.0,514843.0
7,2021-10-19 14:23:19,10600.0,4200.0,506843.0
8,2021-10-19 14:22:13,10700.0,2000.0,502643.0
9,2021-10-19 14:20:43,10700.0,1.0,500643.0
10,2021-10-19 14:18:50,10700.0,1000.0,500642.0
11,2021-10-19 14:18:03,10700.0,2000.0,499642.0
12,2021-10-19 14:17:07,10700.0,2000.0,497642.0
13,2021-10-19 14:15:58,10600.0,1000.0,495642.0
14,2021-10-19 14:15:24,10600.0,3500.0,494642.0
15,2021-10-19 14:11:57,10700.0,200.0,491142.0
16,2021-10-19 14:09:59,10600.0,100.0,490942.0
17,2021-10-19 14:08:54,10600.0,7900.0,490842.0
18,2021-10-19 14:08:06,10600.0,1000.0,482942.0
19,2021-10-19 14:06:30,10600.0,2000.0,481942.0
20,2021-10-19 14:03:02,10600.0,2000.0,479942.0
21,2021-10-19 13:58:28,10600.0,100.0,477942.0
22,2021-10-19 13:52:52,10600.0,1000.0,477842.0
23,2021-10-19 13:52:08,10700.0,900.0,476842.0
24,2021-10-19 13:50:34,10600.0,100.0,475942.0
25,2021-10-19 13:50:05,10700.0,1400.0,475842.0
26,2021-10-19 13:47:38,10700.0,100.0,474442.0
27,2021-10-19 13:46:45,10700.0,500.0,474342.0
28,2021-10-19 13:46:14,10700.0,1.0,473842.0
29,2021-10-19 13:43:37,10700.0,1000.0,473841.0
30,2021-10-19 13:43:17,10700.0,2200.0,472841.0
31,2021-10-19 13:43:02,10700.0,100.0,470641.0
32,2021-10-19 13:38:46,10700.0,2000.0,470541.0
33,2021-10-19 13:26:47,10600.0,200.0,468541.0
34,2021-10-19 13:24:52,10700.0,5000.0,468341.0
35,2021-10-19 13:23:06,10700.0,5000.0,463341.0
36,2021-10-19 13:21:50,10700.0,6500.0,458341.0
37,2021-10-19 13:21:47,10700.0,200.0,451841.0
38,2021-10-19 13:21:04,10700.0,100.0,451641.0
39,2021-10-19 13:20:57,10700.0,3200.0,451541.0
40,2021-10-19 13:19:56,10700.0,1200.0,448341.0
41,2021-10-19 13:19:11,10700.0,300.0,447141.0
42,2021-10-19 13:19:09,10700.0,300.0,446841.0
43,2021-10-19 13:18:12,10700.0,600.0,446541.0
44,2021-10-19 13:14:41,10700.0,3600.0,445941.0
45,2021-10-19 13:14:06,10700.0,100.0,442341.0
46,2021-10-19 13:10:29,10800.0,1500.0,442241.0
47,2021-10-19 13:08:08,10800.0,500.0,440741.0
48,2021-10-19 13:06:26,10800.0,700.0,440241.0
49,2021-10-19 13:05:30,10800.0,300.0,439541.0
50,2021-10-19 13:03:21,10800.0,200.0,439241.0
51,2021-10-19 13:02:27,10800.0,200.0,439041.0
52,2021-10-19 13:01:11,10800.0,500.0,438841.0
53,2021-10-19 13:00:52,10800.0,900.0,438341.0
54,2021-10-19 13:00:03,10800.0,301.0,437441.0
55,2021-10-19 11:28:32,10700.0,100.0,437140.0
56,2021-10-19 11:27:43,10700.0,100.0,437040.0
57,2021-10-19 11:26:14,10700.0,1200.0,436940.0
58,2021-10-19 11:22:50,10700.0,200.0,435740.0
59,2021-10-19 11:20:28,10700.0,200.0,435540.0
60,2021-10-19 11:19:18,10600.0,400.0,435340.0
61,2021-10-19 11:18:45,10700.0,2300.0,434940.0
62,2021-10-19 11:18:07,10700.0,1000.0,432640.0
63,2021-10-19 11:17:25,10700.0,3500.0,431640.0
64,2021-10-19 11:15:31,10700.0,500.0,428140.0
65,2021-10-19 11:15:25,10700.0,2000.0,427640.0
66,2021-10-19 11:14:44,10700.0,7500.0,425640.0
67,2021-10-19 11:14:13,10700.0,200.0,418140.0
68,2021-10-19 11:13:48,10700.0,1200.0,417940.0
69,2021-10-19 11:13:36,10700.0,500.0,416740.0
70,2021-10-19 11:13:03,10700.0,500.0,416240.0
71,2021-10-19 11:12:56,10700.0,6500.0,415740.0
72,2021-10-19 11:11:51,10700.0,1000.0,409240.0
73,2021-10-19 11:10:51,10700.0,15000.0,408240.0
74,2021-10-19 11:05:46,10600.0,100.0,393240.0
75,2021-10-19 11:05:30,10600.0,50.0,393140.0
76,2021-10-19 11:05:19,10600.0,600.0,393090.0
77,2021-10-19 11:05:17,10600.0,200.0,392490.0
78,2021-10-19 11:04:53,10600.0,1800.0,392290.0
79,2021-10-19 11:04:49,10600.0,400.0,390490.0
80,2021-10-19 11:04:13,10600.0,27000.0,390090.0
81,2021-10-19 11:03:58,10700.0,600.0,363090.0
82,2021-10-19 11:03:56,10700.0,200.0,362490.0
83,2021-10-19 11:02:44,10700.0,17700.0,362290.0
84,2021-10-19 11:01:57,10700.0,4000.0,344590.0
85,2021-10-19 11:01:33,10700.0,300.0,340590.0
86,2021-10-19 11:01:05,10800.0,100.0,340290.0
87,2021-10-19 11:00:50,10700.0,100.0,340190.0
88,2021-10-19 11:00:40,10800.0,100.0,340090.0
89,2021-10-19 10:59:37,10800.0,300.0,339990.0
90,2021-10-19 10:58:34,10800.0,5000.0,339690.0
91,2021-10-19 10:57:44,10800.0,10000.0,334690.0
92,2021-10-19 10:56:50,10800.0,400.0,324690.0
93,2021-10-19 10:56:07,10800.0,200.0,324290.0
94,2021-10-19 10:56:03,10800.0,2000.0,324090.0
95,2021-10-19 10:55:37,10800.0,500.0,322090.0
96,2021-10-19 10:55:34,10800.0,1200.0,321590.0
97,2021-10-19 10:53:02,10800.0,51.0,320390.0
98,2021-10-19 10:51:46,10800.0,700.0,320339.0
99,2021-10-19 10:51:34,10800.0,1000.0,319639.0
100,2021-10-19 10:51:22,10800.0,200.0,318639.0
101,2021-10-19 10:51:19,10800.0,500.0,318439.0
102,2021-10-19 10:50:38,10800.0,1000.0,317939.0
103,2021-10-19 10:50:35,10800.0,2000.0,316939.0
104,2021-10-19 10:50:27,10800.0,2000.0,314939.0
105,2021-10-19 10:49:23,10700.0,6000.0,312939.0
106,2021-10-19 10:48:56,10700.0,200.0,306939.0
107,2021-10-19 10:48:19,10700.0,1000.0,306739.0
108,2021-10-19 10:46:41,10700.0,700.0,305739.0
109,2021-10-19 10:46:34,10700.0,10000.0,305039.0
110,2021-10-19 10:46:17,10700.0,300.0,295039.0
111,2021-10-19 10:46:07,10700.0,29000.0,294739.0
112,2021-10-19 10:45:54,10800.0,800.0,265739.0
113,2021-10-19 10:45:23,10800.0,1100.0,264939.0
114,2021-10-19 10:45:22,10800.0,200.0,263839.0
115,2021-10-19 10:44:02,10700.0,3000.0,263639.0
116,2021-10-19 10:44:00,10800.0,1800.0,260639.0
117,2021-10-19 10:43:58,10700.0,1700.0,258839.0
118,2021-10-19 10:43:24,10800.0,300.0,257139.0
119,2021-10-19 10:42:53,10800.0,700.0,256839.0
120,2021-10-19 10:41:42,10800.0,200.0,256139.0
121,2021-10-19 10:41:40,10800.0,100.0,255939.0
122,2021-10-19 10:41:08,10800.0,200.0,255839.0
123,2021-10-19 10:40:51,10800.0,3000.0,255639.0
124,2021-10-19 10:40:39,10700.0,200.0,252639.0
125,2021-10-19 10:40:09,10700.0,5900.0,252439.0
126,2021-10-19 10:36:08,10700.0,1000.0,246539.0
127,2021-10-19 10:35:40,10700.0,200.0,245539.0
128,2021-10-19 10:34:27,10700.0,3800.0,245339.0
129,2021-10-19 10:34:19,10700.0,15000.0,241539.0
130,2021-10-19 10:33:42,10600.0,1000.0,226539.0
131,2021-10-19 10:31:30,10600.0,200.0,225539.0
132,2021-10-19 10:26:45,10500.0,4900.0,225339.0
133,2021-10-19 10:26:38,10500.0,1000.0,220439.0
134,2021-10-19 10:26:15,10500.0,1000.0,219439.0
135,2021-10-19 10:26:14,10500.0,31500.0,218439.0
136,2021-10-19 10:25:03,10600.0,1000.0,186939.0
137,2021-10-19 10:23:48,10600.0,2000.0,185939.0
138,2021-10-19 10:23:12,10600.0,300.0,183939.0
139,2021-10-19 10:23:10,10600.0,100.0,183639.0
140,2021-10-19 10:22:47,10600.0,1000.0,183539.0
141,2021-10-19 10:20:51,10600.0,1000.0,182539.0
142,2021-10-19 10:19:57,10600.0,400.0,181539.0
143,2021-10-19 10:17:53,10600.0,200.0,181139.0
144,2021-10-19 10:16:40,10600.0,300.0,180939.0
145,2021-10-19 10:15:30,10600.0,100.0,180639.0
146,2021-10-19 10:15:03,10600.0,1000.0,180539.0
147,2021-10-19 10:14:03,10600.0,1000.0,179539.0
148,2021-10-19 10:08:40,10500.0,300.0,178539.0
149,2021-10-19 10:08:38,10500.0,400.0,178239.0
150,2021-10-19 10:07:25,10500.0,500.0,177839.0
151,2021-10-19 10:06:58,10500.0,2000.0,177339.0
152,2021-10-19 10:06:45,10500.0,200.0,175339.0
153,2021-10-19 10:06:03,10400.0,500.0,175139.0
154,2021-10-19 10:05:48,10500.0,200.0,174639.0
155,2021-10-19 10:05:45,10500.0,5000.0,174439.0
156,2021-10-19 10:05:27,10500.0,1000.0,169439.0
157,2021-10-19 10:04:19,10500.0,500.0,168439.0
158,2021-10-19 10:03:51,10500.0,600.0,167939.0
159,2021-10-19 10:03:27,10500.0,1000.0,167339.0
160,2021-10-19 10:03:11,10500.0,300.0,166339.0
161,2021-10-19 10:02:15,10500.0,100.0,166039.0
162,2021-10-19 10:00:47,10500.0,7.0,165939.0
163,2021-10-19 09:59:59,10500.0,1000.0,165932.0
164,2021-10-19 09:59:32,10400.0,400.0,164932.0
165,2021-10-19 09:58:26,10500.0,100.0,164532.0
166,2021-10-19 09:57:44,10500.0,2000.0,164432.0
167,2021-10-19 09:57:25,10500.0,100.0,162432.0
168,2021-10-19 09:56:58,10500.0,5000.0,162332.0
169,2021-10-19 09:56:33,10500.0,100.0,157332.0
170,2021-10-19 09:56:10,10500.0,300.0,157232.0
171,2021-10-19 09:54:56,10500.0,100.0,156932.0
172,2021-10-19 09:54:52,10500.0,1000.0,156832.0
173,2021-10-19 09:54:17,10500.0,800.0,155832.0
174,2021-10-19 09:54:12,10500.0,100.0,155032.0
175,2021-10-19 09:54:11,10500.0,5200.0,154932.0
176,2021-10-19 09:53:49,10600.0,1.0,149732.0
177,2021-10-19 09:53:25,10600.0,500.0,149731.0
178,2021-10-19 09:53:18,10600.0,7200.0,149231.0
179,2021-10-19 09:53:04,10600.0,100.0,142031.0
180,2021-10-19 09:52:57,10700.0,4400.0,141931.0
181,2021-10-19 09:52:48,10700.0,1.0,137531.0
182,2021-10-19 09:51:54,10700.0,500.0,137530.0
183,2021-10-19 09:51:49,10700.0,100.0,137030.0
184,2021-10-19 09:51:18,10700.0,1.0,136930.0
185,2021-10-19 09:50:37,10700.0,9000.0,136929.0
186,2021-10-19 09:50:27,10700.0,1000.0,127929.0
187,2021-10-19 09:49:35,10800.0,1000.0,126929.0
188,2021-10-19 09:49:21,10800.0,500.0,125929.0
189,2021-10-19 09:49:04,10800.0,5000.0,125429.0
190,2021-10-19 09:48:45,10800.0,500.0,120429.0
191,2021-10-19 09:48:39,10800.0,500.0,119929.0
192,2021-10-19 09:48:23,10800.0,900.0,119429.0
193,2021-10-19 09:47:52,10800.0,200.0,118529.0
194,2021-10-19 09:47:45,10800.0,300.0,118329.0
195,2021-10-19 09:47:08,10800.0,500.0,118029.0
196,2021-10-19 09:47:06,10700.0,2000.0,117529.0
197,2021-10-19 09:46:50,10800.0,800.0,115529.0
198,2021-10-19 09:46:32,10700.0,1200.0,114729.0
199,2021-10-19 09:46:29,10700.0,300.0,113529.0
200,2021-10-19 09:46:26,10700.0,3000.0,113229.0
201,2021-10-19 09:45:51,10600.0,5900.0,110229.0
202,2021-10-19 09:45:37,10600.0,2500.0,104329.0
203,2021-10-19 09:45:30,10600.0,1000.0,101829.0
204,2021-10-19 09:44:59,10600.0,10000.0,100829.0
205,2021-10-19 09:44:57,10600.0,1000.0,90829.0
206,2021-10-19 09:44:14,10500.0,300.0,89829.0
207,2021-10-19 09:43:57,10500.0,1300.0,89529.0
208,2021-10-19 09:43:49,10500.0,3000.0,88229.0
209,2021-10-19 09:43:46,10500.0,1000.0,85229.0
210,2021-10-19 09:43:41,10500.0,1000.0,84229.0
211,2021-10-19 09:42:13,10400.0,8000.0,83229.0
212,2021-10-19 09:41:38,10400.0,10000.0,75229.0
213,2021-10-19 09:41:29,10300.0,1000.0,65229.0
214,2021-10-19 09:40:59,10400.0,1.0,64229.0
215,2021-10-19 09:40:46,10400.0,40.0,64228.0
216,2021-10-19 09:40:01,10400.0,500.0,64188.0
217,2021-10-19 09:39:40,10400.0,800.0,63688.0
218,2021-10-19 09:39:20,10400.0,400.0,62888.0
219,2021-10-19 09:39:15,10400.0,63.0,62488.0
220,2021-10-19 09:38:04,10400.0,500.0,62425.0
221,2021-10-19 09:33:57,10400.0,2000.0,61925.0
222,2021-10-19 09:33:46,10400.0,100.0,59925.0
223,2021-10-19 09:33:02,10400.0,500.0,59825.0
224,2021-10-19 09:32:46,10400.0,900.0,59325.0
225,2021-10-19 09:32:30,10400.0,1000.0,58425.0
226,2021-10-19 09:31:18,10400.0,500.0,57425.0
227,2021-10-19 09:31:15,10300.0,500.0,56925.0
228,2021-10-19 09:29:29,10300.0,10.0,56425.0
229,2021-10-19 09:29:08,10300.0,5700.0,56415.0
230,2021-10-19 09:27:50,10300.0,2300.0,50715.0
231,2021-10-19 09:25:51,10200.0,200.0,48415.0
232,2021-10-19 09:24:35,10200.0,500.0,48215.0
233,2021-10-19 09:23:34,10200.0,2100.0,47715.0
234,2021-10-19 09:23:15,10300.0,6500.0,45615.0
235,2021-10-19 09:23:13,10300.0,100.0,39115.0
236,2021-10-19 09:23:08,10300.0,1000.0,39015.0
237,2021-10-19 09:22:58,10300.0,1000.0,38015.0
238,2021-10-19 09:22:51,10300.0,1000.0,37015.0
239,2021-10-19 09:22:43,10300.0,1000.0,36015.0
240,2021-10-19 09:22:40,10300.0,200.0,35015.0
241,2021-10-19 09:22:26,10300.0,700.0,34815.0
242,2021-10-19 09:22:19,10300.0,15.0,34115.0
243,2021-10-19 09:22:11,10300.0,600.0,34100.0
244,2021-10-19 09:22:01,10300.0,600.0,33500.0
245,2021-10-19 09:21:37,10300.0,10000.0,32900.0
246,2021-10-19 09:20:31,10300.0,100.0,22900.0
247,2021-10-19 09:20:27,10300.0,200.0,22800.0
248,2021-10-19 09:18:26,10400.0,5000.0,22600.0
249,2021-10-19 09:17:55,10300.0,3000.0,17600.0
250,2021-10-19 09:17:53,10400.0,200.0,14600.0
251,2021-10-19 09:17:26,10400.0,1000.0,14400.0
252,2021-10-19 09:17:10,10400.0,300.0,13400.0
253,2021-10-19 09:17:03,10400.0,100.0,13100.0
254,2021-10-19 09:16:28,10400.0,5000.0,13000.0
255,2021-10-19 09:13:33,10400.0,1000.0,8000.0
256,2021-10-19 09:08:21,10400.0,200.0,7000.0
257,2021-10-19 09:08:14,10400.0,3000.0,6800.0
258,2021-10-19 09:06:12,10400.0,1000.0,3800.0
259,2021-10-19 09:05:34,10400.0,1000.0,2800.0
260,2021-10-19 09:00:15,10400.0,300.0,1800.0
261,2021-10-19 09:00:12,10400.0,1000.0,1500.0
262,2021-10-19 09:00:11,10400.0,500.0,500.0
