,Time,Price,Volume_per_trade,Volume
0,2021-10-22 14:45:02,20400.0,193600.0,2438612.0
1,2021-10-22 14:29:55,20200.0,2000.0,2245012.0
2,2021-10-22 14:29:40,20200.0,300.0,2243012.0
3,2021-10-22 14:29:38,20200.0,200.0,2242712.0
4,2021-10-22 14:29:23,20200.0,400.0,2242512.0
5,2021-10-22 14:29:12,20200.0,100.0,2242112.0
6,2021-10-22 14:29:10,20200.0,2000.0,2242012.0
7,2021-10-22 14:29:06,20300.0,6300.0,2240012.0
8,2021-10-22 14:29:04,20200.0,2400.0,2233712.0
9,2021-10-22 14:29:02,20200.0,2000.0,2231312.0
10,2021-10-22 14:29:00,20200.0,3000.0,2229312.0
11,2021-10-22 14:28:57,20200.0,500.0,2226312.0
12,2021-10-22 14:28:40,20200.0,800.0,2225812.0
13,2021-10-22 14:28:38,20200.0,1200.0,2225012.0
14,2021-10-22 14:28:26,20200.0,4000.0,2223812.0
15,2021-10-22 14:28:22,20300.0,2900.0,2219812.0
16,2021-10-22 14:28:18,20200.0,2000.0,2216912.0
17,2021-10-22 14:28:16,20200.0,2000.0,2214912.0
18,2021-10-22 14:28:09,20200.0,300.0,2212912.0
19,2021-10-22 14:28:00,20200.0,500.0,2212612.0
20,2021-10-22 14:27:54,20200.0,1000.0,2212112.0
21,2021-10-22 14:27:48,20200.0,7400.0,2211112.0
22,2021-10-22 14:27:44,20200.0,1000.0,2203712.0
23,2021-10-22 14:27:41,20200.0,1000.0,2202712.0
24,2021-10-22 14:27:30,20200.0,100.0,2201712.0
25,2021-10-22 14:27:14,20200.0,2000.0,2201612.0
26,2021-10-22 14:27:12,20200.0,3400.0,2199612.0
27,2021-10-22 14:27:09,20200.0,2000.0,2196212.0
28,2021-10-22 14:26:56,20200.0,2000.0,2194212.0
29,2021-10-22 14:26:53,20200.0,200.0,2192212.0
30,2021-10-22 14:26:45,20200.0,200.0,2192012.0
31,2021-10-22 14:26:33,20200.0,4000.0,2191812.0
32,2021-10-22 14:26:20,20200.0,3000.0,2187812.0
33,2021-10-22 14:26:14,20300.0,5000.0,2184812.0
34,2021-10-22 14:26:02,20200.0,300.0,2179812.0
35,2021-10-22 14:25:50,20200.0,2000.0,2179512.0
36,2021-10-22 14:25:45,20200.0,800.0,2177512.0
37,2021-10-22 14:25:40,20200.0,600.0,2176712.0
38,2021-10-22 14:25:33,20200.0,1500.0,2176112.0
39,2021-10-22 14:25:29,20200.0,5000.0,2174612.0
40,2021-10-22 14:25:25,20200.0,600.0,2169612.0
41,2021-10-22 14:25:24,20200.0,100.0,2169012.0
42,2021-10-22 14:25:08,20200.0,3000.0,2168912.0
43,2021-10-22 14:24:55,20100.0,500.0,2165912.0
44,2021-10-22 14:24:32,20100.0,2200.0,2165412.0
45,2021-10-22 14:24:24,20300.0,100000.0,2163212.0
46,2021-10-22 14:24:19,20200.0,10000.0,2063212.0
47,2021-10-22 14:24:11,20100.0,1000.0,2053212.0
48,2021-10-22 14:24:09,20100.0,1000.0,2052212.0
49,2021-10-22 14:24:04,20100.0,500.0,2051212.0
50,2021-10-22 14:23:49,20100.0,1000.0,2050712.0
51,2021-10-22 14:23:39,20100.0,40.0,2049712.0
52,2021-10-22 14:23:31,20100.0,500.0,2049672.0
53,2021-10-22 14:23:04,20100.0,500.0,2049172.0
54,2021-10-22 14:22:50,20100.0,500.0,2048672.0
55,2021-10-22 14:22:47,20100.0,2000.0,2048172.0
56,2021-10-22 14:22:35,20100.0,100.0,2046172.0
57,2021-10-22 14:22:33,20100.0,700.0,2046072.0
58,2021-10-22 14:22:32,20100.0,2400.0,2045372.0
59,2021-10-22 14:22:28,20100.0,5000.0,2042972.0
60,2021-10-22 14:22:25,20100.0,100.0,2037972.0
61,2021-10-22 14:22:22,20100.0,1000.0,2037872.0
62,2021-10-22 14:22:06,20100.0,100.0,2036872.0
63,2021-10-22 14:21:56,20100.0,1000.0,2036772.0
64,2021-10-22 14:21:49,20100.0,100.0,2035772.0
65,2021-10-22 14:21:48,20200.0,200.0,2035672.0
66,2021-10-22 14:21:46,20200.0,1000.0,2035472.0
67,2021-10-22 14:21:43,20100.0,100.0,2034472.0
68,2021-10-22 14:21:42,20200.0,3000.0,2034372.0
69,2021-10-22 14:21:31,20200.0,1010.0,2031372.0
70,2021-10-22 14:21:28,20200.0,100.0,2030362.0
71,2021-10-22 14:21:24,20200.0,1600.0,2030262.0
72,2021-10-22 14:21:23,20200.0,2000.0,2028662.0
73,2021-10-22 14:21:22,20200.0,600.0,2026662.0
74,2021-10-22 14:21:16,20200.0,2000.0,2026062.0
75,2021-10-22 14:21:13,20200.0,5100.0,2024062.0
76,2021-10-22 14:21:08,20200.0,500.0,2018962.0
77,2021-10-22 14:21:06,20300.0,200.0,2018462.0
78,2021-10-22 14:21:04,20200.0,5000.0,2018262.0
79,2021-10-22 14:21:03,20200.0,2000.0,2013262.0
80,2021-10-22 14:21:02,20200.0,2000.0,2011262.0
81,2021-10-22 14:21:01,20200.0,400.0,2009262.0
82,2021-10-22 14:20:56,20200.0,1000.0,2008862.0
83,2021-10-22 14:20:54,20200.0,2000.0,2007862.0
84,2021-10-22 14:20:53,20200.0,1000.0,2005862.0
85,2021-10-22 14:20:46,20300.0,5000.0,2004862.0
86,2021-10-22 14:20:45,20200.0,50000.0,1999862.0
87,2021-10-22 14:20:38,20200.0,100.0,1949862.0
88,2021-10-22 14:20:25,20300.0,2000.0,1949762.0
89,2021-10-22 14:20:17,20300.0,100.0,1947762.0
90,2021-10-22 14:20:13,20300.0,8100.0,1947662.0
91,2021-10-22 14:20:11,20300.0,100.0,1939562.0
92,2021-10-22 14:20:09,20300.0,100.0,1939462.0
93,2021-10-22 14:19:48,20300.0,1500.0,1939362.0
94,2021-10-22 14:19:43,20300.0,300.0,1937862.0
95,2021-10-22 14:19:32,20200.0,2000.0,1937562.0
96,2021-10-22 14:19:31,20300.0,300.0,1935562.0
97,2021-10-22 14:19:23,20200.0,6000.0,1935262.0
98,2021-10-22 14:19:22,20300.0,2000.0,1929262.0
99,2021-10-22 14:19:16,20200.0,1000.0,1927262.0
100,2021-10-22 14:19:07,20200.0,3000.0,1926262.0
101,2021-10-22 14:19:03,20300.0,100.0,1923262.0
102,2021-10-22 14:18:55,20200.0,1400.0,1923162.0
103,2021-10-22 14:18:51,20300.0,500.0,1921762.0
104,2021-10-22 14:18:50,20300.0,100.0,1921262.0
105,2021-10-22 14:18:47,20300.0,10000.0,1921162.0
106,2021-10-22 14:18:45,20300.0,1000.0,1911162.0
107,2021-10-22 14:18:44,20300.0,500.0,1910162.0
108,2021-10-22 14:18:28,20300.0,1000.0,1909662.0
109,2021-10-22 14:18:22,20300.0,2000.0,1908662.0
110,2021-10-22 14:18:19,20300.0,5000.0,1906662.0
111,2021-10-22 14:18:16,20300.0,5200.0,1901662.0
112,2021-10-22 14:18:08,20300.0,500.0,1896462.0
113,2021-10-22 14:18:06,20300.0,900.0,1895962.0
114,2021-10-22 14:18:00,20300.0,3000.0,1895062.0
115,2021-10-22 14:17:59,20300.0,1900.0,1892062.0
116,2021-10-22 14:17:54,20400.0,500.0,1890162.0
117,2021-10-22 14:17:52,20300.0,3000.0,1889662.0
118,2021-10-22 14:17:51,20400.0,1500.0,1886662.0
119,2021-10-22 14:17:47,20300.0,200.0,1885162.0
120,2021-10-22 14:17:46,20400.0,1000.0,1884962.0
121,2021-10-22 14:17:45,20300.0,2000.0,1883962.0
122,2021-10-22 14:17:44,20300.0,1000.0,1881962.0
123,2021-10-22 14:17:40,20400.0,10300.0,1880962.0
124,2021-10-22 14:17:37,20300.0,1000.0,1870662.0
125,2021-10-22 14:17:32,20300.0,10000.0,1869662.0
126,2021-10-22 14:17:30,20300.0,500.0,1859662.0
127,2021-10-22 14:17:27,20300.0,200.0,1859162.0
128,2021-10-22 14:17:24,20300.0,5000.0,1858962.0
129,2021-10-22 14:17:19,20300.0,300.0,1853962.0
130,2021-10-22 14:17:17,20300.0,400.0,1853662.0
131,2021-10-22 14:17:16,20400.0,25000.0,1853262.0
132,2021-10-22 14:17:14,20300.0,500.0,1828262.0
133,2021-10-22 14:17:13,20300.0,100.0,1827762.0
134,2021-10-22 14:17:07,20300.0,200.0,1827662.0
135,2021-10-22 14:16:44,20300.0,2000.0,1827462.0
136,2021-10-22 14:16:42,20400.0,22000.0,1825462.0
137,2021-10-22 14:16:41,20300.0,500.0,1803462.0
138,2021-10-22 14:16:40,20300.0,2000.0,1802962.0
139,2021-10-22 14:16:38,20300.0,100.0,1800962.0
140,2021-10-22 14:16:37,20300.0,1000.0,1800862.0
141,2021-10-22 14:16:35,20300.0,10700.0,1799862.0
142,2021-10-22 14:16:33,20300.0,2900.0,1789162.0
143,2021-10-22 14:16:32,20300.0,3800.0,1786262.0
144,2021-10-22 14:16:31,20300.0,6200.0,1782462.0
145,2021-10-22 14:16:26,20300.0,10000.0,1776262.0
146,2021-10-22 14:16:20,20300.0,3000.0,1766262.0
147,2021-10-22 14:16:17,20300.0,5000.0,1763262.0
148,2021-10-22 14:16:14,20300.0,200.0,1758262.0
149,2021-10-22 14:16:12,20300.0,2000.0,1758062.0
150,2021-10-22 14:16:06,20300.0,1000.0,1756062.0
151,2021-10-22 14:16:05,20300.0,1000.0,1755062.0
152,2021-10-22 14:16:02,20300.0,5100.0,1754062.0
153,2021-10-22 14:15:59,20300.0,19600.0,1748962.0
154,2021-10-22 14:15:58,20300.0,2000.0,1729362.0
155,2021-10-22 14:15:53,20300.0,2600.0,1727362.0
156,2021-10-22 14:15:49,20300.0,1000.0,1724762.0
157,2021-10-22 14:15:48,20200.0,1000.0,1723762.0
158,2021-10-22 14:15:44,20300.0,3000.0,1722762.0
159,2021-10-22 14:15:42,20300.0,500.0,1719762.0
160,2021-10-22 14:15:36,20200.0,100.0,1719262.0
161,2021-10-22 14:15:35,20200.0,4000.0,1719162.0
162,2021-10-22 14:15:33,20200.0,500.0,1715162.0
163,2021-10-22 14:15:27,20200.0,1000.0,1714662.0
164,2021-10-22 14:15:25,20200.0,200.0,1713662.0
165,2021-10-22 14:15:24,20200.0,500.0,1713462.0
166,2021-10-22 14:15:21,20200.0,1000.0,1712962.0
167,2021-10-22 14:15:17,20200.0,2000.0,1711962.0
168,2021-10-22 14:15:15,20200.0,2200.0,1709962.0
169,2021-10-22 14:15:14,20200.0,15500.0,1707762.0
170,2021-10-22 14:15:08,20200.0,100.0,1692262.0
171,2021-10-22 14:15:07,20200.0,10000.0,1692162.0
172,2021-10-22 14:15:05,20200.0,1200.0,1682162.0
173,2021-10-22 14:15:03,20200.0,25300.0,1680962.0
174,2021-10-22 14:14:55,20200.0,10000.0,1655662.0
175,2021-10-22 14:14:47,20200.0,500.0,1645662.0
176,2021-10-22 14:14:46,20200.0,1000.0,1645162.0
177,2021-10-22 14:14:44,20100.0,400.0,1644162.0
178,2021-10-22 14:14:43,20200.0,4500.0,1643762.0
179,2021-10-22 14:14:35,20100.0,1000.0,1639262.0
180,2021-10-22 14:14:32,20200.0,500.0,1638262.0
181,2021-10-22 14:14:31,20100.0,31.0,1637762.0
182,2021-10-22 14:14:29,20100.0,4000.0,1637731.0
183,2021-10-22 14:14:27,20100.0,23000.0,1633731.0
184,2021-10-22 14:14:12,20100.0,5000.0,1610731.0
185,2021-10-22 14:14:00,20100.0,2300.0,1605731.0
186,2021-10-22 14:13:44,20000.0,100.0,1603431.0
187,2021-10-22 14:13:42,20000.0,20900.0,1603331.0
188,2021-10-22 14:13:40,20000.0,500.0,1582431.0
189,2021-10-22 14:13:36,20000.0,2500.0,1581931.0
190,2021-10-22 14:13:34,20000.0,500.0,1579431.0
191,2021-10-22 14:13:30,20000.0,1200.0,1578931.0
192,2021-10-22 14:13:27,20000.0,10.0,1577731.0
193,2021-10-22 14:13:25,20000.0,1000.0,1577721.0
194,2021-10-22 14:13:24,20000.0,1000.0,1576721.0
195,2021-10-22 14:13:22,20000.0,500.0,1575721.0
196,2021-10-22 14:13:20,20000.0,5000.0,1575221.0
197,2021-10-22 14:13:19,20000.0,1200.0,1570221.0
198,2021-10-22 14:13:17,20000.0,7000.0,1569021.0
199,2021-10-22 14:13:14,19900.0,5000.0,1562021.0
200,2021-10-22 14:13:10,20000.0,200.0,1557021.0
201,2021-10-22 14:13:09,20000.0,70000.0,1556821.0
202,2021-10-22 14:13:05,20000.0,500.0,1486821.0
203,2021-10-22 14:13:00,20000.0,500.0,1486321.0
204,2021-10-22 14:12:54,20000.0,5000.0,1485821.0
205,2021-10-22 14:12:48,20000.0,3000.0,1480821.0
206,2021-10-22 14:12:42,20000.0,24000.0,1477821.0
207,2021-10-22 14:12:23,20000.0,600.0,1453821.0
208,2021-10-22 14:12:22,20000.0,200.0,1453221.0
209,2021-10-22 14:12:18,20000.0,2000.0,1453021.0
210,2021-10-22 14:12:15,20000.0,5000.0,1451021.0
211,2021-10-22 14:12:12,20000.0,4000.0,1446021.0
212,2021-10-22 14:12:01,20000.0,5000.0,1442021.0
213,2021-10-22 14:11:50,19900.0,100.0,1437021.0
214,2021-10-22 14:11:35,19900.0,1200.0,1436921.0
215,2021-10-22 14:11:23,19900.0,1300.0,1435721.0
216,2021-10-22 14:11:10,19900.0,2700.0,1434421.0
217,2021-10-22 14:10:10,19900.0,500.0,1431721.0
218,2021-10-22 14:09:56,19900.0,4100.0,1431221.0
219,2021-10-22 14:09:47,19900.0,500.0,1427121.0
220,2021-10-22 14:09:34,19900.0,2000.0,1426621.0
221,2021-10-22 14:09:24,19900.0,600.0,1424621.0
222,2021-10-22 14:09:15,19900.0,500.0,1424021.0
223,2021-10-22 14:09:14,19900.0,500.0,1423521.0
224,2021-10-22 14:08:52,19900.0,9700.0,1423021.0
225,2021-10-22 14:08:44,19900.0,2000.0,1413321.0
226,2021-10-22 14:08:29,19900.0,4000.0,1411321.0
227,2021-10-22 14:08:11,20000.0,4000.0,1407321.0
228,2021-10-22 14:07:58,20000.0,100.0,1403321.0
229,2021-10-22 14:07:38,19900.0,17100.0,1403221.0
230,2021-10-22 14:07:25,19900.0,100.0,1386121.0
231,2021-10-22 14:07:19,19800.0,1000.0,1386021.0
232,2021-10-22 14:07:15,19900.0,50000.0,1385021.0
233,2021-10-22 14:06:59,19800.0,300.0,1335021.0
234,2021-10-22 14:06:46,19900.0,1000.0,1334721.0
235,2021-10-22 14:05:56,19900.0,100.0,1333721.0
236,2021-10-22 14:05:55,19900.0,3000.0,1333621.0
237,2021-10-22 14:05:44,19800.0,100.0,1330621.0
238,2021-10-22 14:05:27,19900.0,100.0,1330521.0
239,2021-10-22 14:05:18,19800.0,1200.0,1330421.0
240,2021-10-22 14:05:16,19800.0,100.0,1329221.0
241,2021-10-22 14:05:15,19800.0,200.0,1329121.0
242,2021-10-22 14:05:05,19800.0,100.0,1328921.0
243,2021-10-22 14:04:58,19800.0,700.0,1328821.0
244,2021-10-22 14:04:12,19800.0,1000.0,1328121.0
245,2021-10-22 14:03:59,19800.0,2000.0,1327121.0
246,2021-10-22 14:03:57,19800.0,200.0,1325121.0
247,2021-10-22 14:03:50,19800.0,200.0,1324921.0
248,2021-10-22 14:03:26,19800.0,500.0,1324721.0
249,2021-10-22 14:03:12,19800.0,2000.0,1324221.0
250,2021-10-22 14:02:46,19800.0,100.0,1322221.0
251,2021-10-22 14:02:43,19800.0,400.0,1322121.0
252,2021-10-22 14:02:22,19800.0,3000.0,1321721.0
253,2021-10-22 14:02:21,19800.0,2000.0,1318721.0
254,2021-10-22 14:02:12,19800.0,100.0,1316721.0
255,2021-10-22 14:01:51,19800.0,200.0,1316621.0
256,2021-10-22 14:01:45,19800.0,3000.0,1316421.0
257,2021-10-22 14:01:17,19800.0,2300.0,1313421.0
258,2021-10-22 14:01:10,19800.0,138500.0,1311121.0
259,2021-10-22 14:00:00,19700.0,6000.0,1172621.0
260,2021-10-22 13:59:57,19600.0,1000.0,1166621.0
261,2021-10-22 13:59:26,19700.0,500.0,1165621.0
262,2021-10-22 13:58:42,19700.0,100.0,1165121.0
263,2021-10-22 13:58:39,19700.0,5600.0,1165021.0
264,2021-10-22 13:58:20,19700.0,3000.0,1159421.0
265,2021-10-22 13:57:59,19700.0,400.0,1156421.0
266,2021-10-22 13:57:58,19700.0,2000.0,1156021.0
267,2021-10-22 13:57:53,19700.0,500.0,1154021.0
268,2021-10-22 13:57:51,19700.0,800.0,1153521.0
269,2021-10-22 13:57:45,19700.0,500.0,1152721.0
270,2021-10-22 13:57:37,19700.0,4500.0,1152221.0
271,2021-10-22 13:57:27,19700.0,100.0,1147721.0
272,2021-10-22 13:57:25,19700.0,500.0,1147621.0
273,2021-10-22 13:57:24,19800.0,100.0,1147121.0
274,2021-10-22 13:57:21,19700.0,1000.0,1147021.0
275,2021-10-22 13:57:19,19700.0,5000.0,1146021.0
276,2021-10-22 13:57:11,19700.0,700.0,1141021.0
277,2021-10-22 13:57:06,19700.0,10000.0,1140321.0
278,2021-10-22 13:56:34,19700.0,200.0,1130321.0
279,2021-10-22 13:56:19,19700.0,2000.0,1130121.0
280,2021-10-22 13:56:13,19700.0,500.0,1128121.0
281,2021-10-22 13:56:12,19700.0,5000.0,1127621.0
282,2021-10-22 13:55:47,19700.0,3700.0,1122621.0
283,2021-10-22 13:55:25,19700.0,1000.0,1118921.0
284,2021-10-22 13:55:13,19700.0,2000.0,1117921.0
285,2021-10-22 13:55:01,19700.0,1000.0,1115921.0
286,2021-10-22 13:54:02,19700.0,400.0,1114921.0
287,2021-10-22 13:53:11,19700.0,500.0,1114521.0
288,2021-10-22 13:52:57,19700.0,1000.0,1114021.0
289,2021-10-22 13:52:46,19700.0,1000.0,1113021.0
290,2021-10-22 13:51:56,19700.0,1000.0,1112021.0
291,2021-10-22 13:51:05,19800.0,300.0,1111021.0
292,2021-10-22 13:50:37,19700.0,32300.0,1110721.0
293,2021-10-22 13:50:30,19700.0,100.0,1078421.0
294,2021-10-22 13:50:02,19700.0,2000.0,1078321.0
295,2021-10-22 13:49:54,19700.0,900.0,1076321.0
296,2021-10-22 13:49:43,19700.0,300.0,1075421.0
297,2021-10-22 13:49:29,19700.0,200.0,1075121.0
298,2021-10-22 13:49:19,19700.0,1000.0,1074921.0
299,2021-10-22 13:49:16,19700.0,500.0,1073921.0
300,2021-10-22 13:48:53,19700.0,500.0,1073421.0
301,2021-10-22 13:48:48,19700.0,100.0,1072921.0
302,2021-10-22 13:48:31,19700.0,1000.0,1072821.0
303,2021-10-22 13:48:01,19700.0,800.0,1071821.0
304,2021-10-22 13:46:58,19700.0,100.0,1071021.0
305,2021-10-22 13:46:38,19700.0,100.0,1070921.0
306,2021-10-22 13:46:24,19700.0,500.0,1070821.0
307,2021-10-22 13:45:09,19700.0,2000.0,1070321.0
308,2021-10-22 13:44:59,19700.0,500.0,1068321.0
309,2021-10-22 13:44:11,19700.0,2500.0,1067821.0
310,2021-10-22 13:43:51,19700.0,2300.0,1065321.0
311,2021-10-22 13:43:29,19700.0,600.0,1063021.0
312,2021-10-22 13:43:28,19700.0,10000.0,1062421.0
313,2021-10-22 13:43:02,19700.0,5400.0,1052421.0
314,2021-10-22 13:42:29,19700.0,10000.0,1047021.0
315,2021-10-22 13:42:10,19700.0,900.0,1037021.0
316,2021-10-22 13:41:48,19700.0,2000.0,1036121.0
317,2021-10-22 13:41:37,19700.0,2000.0,1034121.0
318,2021-10-22 13:40:56,19700.0,5800.0,1032121.0
319,2021-10-22 13:39:56,19700.0,500.0,1026321.0
320,2021-10-22 13:39:55,19700.0,3000.0,1025821.0
321,2021-10-22 13:39:53,19700.0,500.0,1022821.0
322,2021-10-22 13:39:33,19700.0,200.0,1022321.0
323,2021-10-22 13:39:19,19700.0,4000.0,1022121.0
324,2021-10-22 13:39:14,19700.0,8000.0,1018121.0
325,2021-10-22 13:38:43,19700.0,1000.0,1010121.0
326,2021-10-22 13:38:03,19700.0,7200.0,1009121.0
327,2021-10-22 13:38:00,19700.0,300.0,1001921.0
328,2021-10-22 13:37:58,19700.0,10000.0,1001621.0
329,2021-10-22 13:37:43,19700.0,100.0,991621.0
330,2021-10-22 13:37:39,19700.0,2000.0,991521.0
331,2021-10-22 13:37:38,19700.0,10000.0,989521.0
332,2021-10-22 13:37:33,19700.0,3400.0,979521.0
333,2021-10-22 13:37:23,19700.0,52300.0,976121.0
334,2021-10-22 13:37:17,19700.0,3000.0,923821.0
335,2021-10-22 13:37:10,19700.0,100.0,920821.0
336,2021-10-22 13:36:01,19700.0,900.0,920721.0
337,2021-10-22 13:36:00,19700.0,15000.0,919821.0
338,2021-10-22 13:35:16,19700.0,100.0,904821.0
339,2021-10-22 13:34:47,19700.0,100.0,904721.0
340,2021-10-22 13:33:44,19800.0,500.0,904621.0
341,2021-10-22 13:33:43,19800.0,100.0,904121.0
342,2021-10-22 13:33:39,19800.0,110.0,904021.0
343,2021-10-22 13:33:10,19800.0,10000.0,903911.0
344,2021-10-22 13:32:38,19700.0,2800.0,893911.0
345,2021-10-22 13:30:18,19700.0,500.0,891111.0
346,2021-10-22 13:30:09,19700.0,5000.0,890611.0
347,2021-10-22 13:29:58,19700.0,500.0,885611.0
348,2021-10-22 13:29:45,19800.0,100.0,885111.0
349,2021-10-22 13:29:26,19700.0,800.0,885011.0
350,2021-10-22 13:28:59,19700.0,2000.0,884211.0
351,2021-10-22 13:28:08,19700.0,1000.0,882211.0
352,2021-10-22 13:28:02,19700.0,2000.0,881211.0
353,2021-10-22 13:27:50,19700.0,500.0,879211.0
354,2021-10-22 13:27:20,19700.0,1000.0,878711.0
355,2021-10-22 13:27:08,19700.0,1000.0,877711.0
356,2021-10-22 13:27:05,19700.0,1100.0,876711.0
357,2021-10-22 13:26:55,19700.0,1000.0,875611.0
358,2021-10-22 13:26:38,19700.0,7000.0,874611.0
359,2021-10-22 13:26:03,19700.0,1000.0,867611.0
360,2021-10-22 13:25:50,19700.0,300.0,866611.0
361,2021-10-22 13:23:29,19800.0,8700.0,866311.0
362,2021-10-22 13:22:50,19800.0,900.0,857611.0
363,2021-10-22 13:22:02,19700.0,500.0,856711.0
364,2021-10-22 13:21:23,19800.0,200.0,856211.0
365,2021-10-22 13:21:22,19700.0,100.0,856011.0
366,2021-10-22 13:21:02,19800.0,100.0,855911.0
367,2021-10-22 13:20:45,19700.0,100.0,855811.0
368,2021-10-22 13:20:20,19800.0,200.0,855711.0
369,2021-10-22 13:20:08,19700.0,5000.0,855511.0
370,2021-10-22 13:20:02,19800.0,200.0,850511.0
371,2021-10-22 13:19:46,19800.0,300.0,850311.0
372,2021-10-22 13:19:33,19800.0,200.0,850011.0
373,2021-10-22 13:19:22,19800.0,1000.0,849811.0
374,2021-10-22 13:19:06,19800.0,3000.0,848811.0
375,2021-10-22 13:19:01,19800.0,400.0,845811.0
376,2021-10-22 13:18:59,19700.0,3000.0,845411.0
377,2021-10-22 13:18:43,19800.0,1000.0,842411.0
378,2021-10-22 13:18:10,19800.0,100.0,841411.0
379,2021-10-22 13:17:58,19700.0,5000.0,841311.0
380,2021-10-22 13:17:57,19800.0,200.0,836311.0
381,2021-10-22 13:17:55,19700.0,2000.0,836111.0
382,2021-10-22 13:17:44,19700.0,1000.0,834111.0
383,2021-10-22 13:17:24,19800.0,200.0,833111.0
384,2021-10-22 13:16:40,19700.0,500.0,832911.0
385,2021-10-22 13:16:39,19800.0,500.0,832411.0
386,2021-10-22 13:16:36,19700.0,4.0,831911.0
387,2021-10-22 13:15:26,19700.0,100.0,831907.0
388,2021-10-22 13:15:10,19700.0,100.0,831807.0
389,2021-10-22 13:14:41,19700.0,2300.0,831707.0
390,2021-10-22 13:13:58,19700.0,1000.0,829407.0
391,2021-10-22 13:13:51,19700.0,1000.0,828407.0
392,2021-10-22 13:13:26,19700.0,1000.0,827407.0
393,2021-10-22 13:13:23,19700.0,200.0,826407.0
394,2021-10-22 13:13:21,19700.0,3100.0,826207.0
395,2021-10-22 13:12:57,19700.0,100.0,823107.0
396,2021-10-22 13:12:32,19700.0,1000.0,823007.0
397,2021-10-22 13:11:35,19700.0,1000.0,822007.0
398,2021-10-22 13:11:27,19700.0,2000.0,821007.0
399,2021-10-22 13:11:14,19700.0,200.0,819007.0
400,2021-10-22 13:11:01,19700.0,100.0,818807.0
401,2021-10-22 13:10:50,19700.0,300.0,818707.0
402,2021-10-22 13:10:12,19700.0,1000.0,818407.0
403,2021-10-22 13:10:07,19700.0,1000.0,817407.0
404,2021-10-22 13:09:57,19700.0,2000.0,816407.0
405,2021-10-22 13:08:56,19700.0,100.0,814407.0
406,2021-10-22 13:08:45,19700.0,7100.0,814307.0
407,2021-10-22 13:07:53,19700.0,300.0,807207.0
408,2021-10-22 13:05:45,19600.0,100.0,806907.0
409,2021-10-22 13:04:55,19600.0,800.0,806807.0
410,2021-10-22 13:03:56,19600.0,2000.0,806007.0
411,2021-10-22 13:02:02,19700.0,2000.0,804007.0
412,2021-10-22 13:00:18,19700.0,13200.0,802007.0
413,2021-10-22 13:00:10,19700.0,100.0,788807.0
414,2021-10-22 13:00:09,19700.0,300.0,788707.0
415,2021-10-22 13:00:08,19700.0,100.0,788407.0
416,2021-10-22 11:29:40,19700.0,900.0,788307.0
417,2021-10-22 11:27:33,19700.0,100.0,787407.0
418,2021-10-22 11:27:24,19700.0,300.0,787307.0
419,2021-10-22 11:25:11,19700.0,100.0,787007.0
420,2021-10-22 11:24:46,19700.0,9200.0,786907.0
421,2021-10-22 11:24:14,19700.0,1500.0,777707.0
422,2021-10-22 11:23:17,19700.0,300.0,776207.0
423,2021-10-22 11:23:07,19700.0,100.0,775907.0
424,2021-10-22 11:22:55,19700.0,500.0,775807.0
425,2021-10-22 11:22:03,19700.0,2000.0,775307.0
426,2021-10-22 11:21:24,19700.0,100.0,773307.0
427,2021-10-22 11:20:47,19700.0,100.0,773207.0
428,2021-10-22 11:20:17,19700.0,500.0,773107.0
429,2021-10-22 11:20:11,19700.0,1300.0,772607.0
430,2021-10-22 11:20:10,19700.0,3000.0,771307.0
431,2021-10-22 11:19:37,19700.0,2600.0,768307.0
432,2021-10-22 11:19:27,19700.0,400.0,765707.0
433,2021-10-22 11:19:26,19700.0,500.0,765307.0
434,2021-10-22 11:19:23,19700.0,200.0,764807.0
435,2021-10-22 11:19:17,19700.0,100.0,764607.0
436,2021-10-22 11:19:08,19700.0,200.0,764507.0
437,2021-10-22 11:18:50,19700.0,100.0,764307.0
438,2021-10-22 11:18:48,19700.0,5000.0,764207.0
439,2021-10-22 11:18:29,19700.0,400.0,759207.0
440,2021-10-22 11:18:20,19700.0,6500.0,758807.0
441,2021-10-22 11:18:05,19700.0,10000.0,752307.0
442,2021-10-22 11:16:45,19700.0,10300.0,742307.0
443,2021-10-22 11:16:39,19700.0,1000.0,732007.0
444,2021-10-22 11:16:31,19700.0,5000.0,731007.0
445,2021-10-22 11:16:15,19700.0,5000.0,726007.0
446,2021-10-22 11:15:56,19700.0,5000.0,721007.0
447,2021-10-22 11:15:18,19700.0,5000.0,716007.0
448,2021-10-22 11:14:34,19700.0,1000.0,711007.0
449,2021-10-22 11:14:20,19800.0,100.0,710007.0
450,2021-10-22 11:14:16,19800.0,900.0,709907.0
451,2021-10-22 11:13:51,19800.0,500.0,709007.0
452,2021-10-22 11:12:25,19800.0,1000.0,708507.0
453,2021-10-22 11:10:59,19800.0,100.0,707507.0
454,2021-10-22 11:08:13,19800.0,2000.0,707407.0
455,2021-10-22 11:07:37,19800.0,500.0,705407.0
456,2021-10-22 11:07:21,19800.0,100.0,704907.0
457,2021-10-22 11:05:42,19800.0,100.0,704807.0
458,2021-10-22 11:04:41,19800.0,80.0,704707.0
459,2021-10-22 11:04:39,19800.0,200.0,704627.0
460,2021-10-22 11:04:26,19700.0,1000.0,704427.0
461,2021-10-22 11:04:20,19700.0,500.0,703427.0
462,2021-10-22 11:03:43,19700.0,2000.0,702927.0
463,2021-10-22 11:03:32,19700.0,100.0,700927.0
464,2021-10-22 11:03:21,19700.0,1000.0,700827.0
465,2021-10-22 10:59:51,19700.0,100.0,699827.0
466,2021-10-22 10:59:36,19700.0,500.0,699727.0
467,2021-10-22 10:58:44,19700.0,500.0,699227.0
468,2021-10-22 10:58:26,19700.0,5000.0,698727.0
469,2021-10-22 10:57:48,19700.0,1000.0,693727.0
470,2021-10-22 10:57:26,19700.0,2000.0,692727.0
471,2021-10-22 10:57:14,19700.0,400.0,690727.0
472,2021-10-22 10:56:25,19700.0,1500.0,690327.0
473,2021-10-22 10:56:23,19700.0,1000.0,688827.0
474,2021-10-22 10:56:19,19700.0,200.0,687827.0
475,2021-10-22 10:55:32,19700.0,300.0,687627.0
476,2021-10-22 10:54:32,19800.0,3.0,687327.0
477,2021-10-22 10:53:12,19800.0,1000.0,687324.0
478,2021-10-22 10:52:52,19800.0,2000.0,686324.0
479,2021-10-22 10:52:48,19700.0,3500.0,684324.0
480,2021-10-22 10:51:23,19800.0,800.0,680824.0
481,2021-10-22 10:51:20,19800.0,600.0,680024.0
482,2021-10-22 10:51:11,19800.0,200.0,679424.0
483,2021-10-22 10:49:35,19800.0,11000.0,679224.0
484,2021-10-22 10:48:33,19800.0,12.0,668224.0
485,2021-10-22 10:48:23,19800.0,3000.0,668212.0
486,2021-10-22 10:48:00,19800.0,2800.0,665212.0
487,2021-10-22 10:47:04,19800.0,2000.0,662412.0
488,2021-10-22 10:46:46,19800.0,100.0,660412.0
489,2021-10-22 10:45:58,19700.0,500.0,660312.0
490,2021-10-22 10:45:43,19700.0,100.0,659812.0
491,2021-10-22 10:45:29,19700.0,500.0,659712.0
492,2021-10-22 10:44:20,19700.0,500.0,659212.0
493,2021-10-22 10:44:15,19700.0,1500.0,658712.0
494,2021-10-22 10:43:56,19700.0,100.0,657212.0
495,2021-10-22 10:43:39,19700.0,100.0,657112.0
496,2021-10-22 10:43:25,19700.0,1000.0,657012.0
497,2021-10-22 10:42:42,19700.0,1000.0,656012.0
498,2021-10-22 10:42:01,19700.0,210.0,655012.0
499,2021-10-22 10:41:25,19700.0,1000.0,654802.0
500,2021-10-22 10:41:23,19800.0,500.0,653802.0
501,2021-10-22 10:40:02,19700.0,1000.0,653302.0
502,2021-10-22 10:38:33,19700.0,5800.0,652302.0
503,2021-10-22 10:38:00,19700.0,10000.0,646502.0
504,2021-10-22 10:36:59,19700.0,1200.0,636502.0
505,2021-10-22 10:36:58,19700.0,100.0,635302.0
506,2021-10-22 10:36:32,19700.0,200.0,635202.0
507,2021-10-22 10:35:37,19600.0,100.0,635002.0
508,2021-10-22 10:34:12,19600.0,500.0,634902.0
509,2021-10-22 10:33:50,19600.0,800.0,634402.0
510,2021-10-22 10:33:46,19600.0,100.0,633602.0
511,2021-10-22 10:31:36,19600.0,5000.0,633502.0
512,2021-10-22 10:31:15,19600.0,2000.0,628502.0
513,2021-10-22 10:31:03,19600.0,2000.0,626502.0
514,2021-10-22 10:30:59,19600.0,1000.0,624502.0
515,2021-10-22 10:29:48,19600.0,800.0,623502.0
516,2021-10-22 10:29:16,19600.0,100.0,622702.0
517,2021-10-22 10:28:57,19600.0,5000.0,622602.0
518,2021-10-22 10:28:51,19600.0,8700.0,617602.0
519,2021-10-22 10:28:50,19600.0,100.0,608902.0
520,2021-10-22 10:28:43,19600.0,100.0,608802.0
521,2021-10-22 10:28:35,19600.0,1000.0,608702.0
522,2021-10-22 10:28:32,19600.0,1000.0,607702.0
523,2021-10-22 10:28:21,19600.0,15100.0,606702.0
524,2021-10-22 10:27:15,19600.0,5000.0,591602.0
525,2021-10-22 10:25:51,19600.0,100.0,586602.0
526,2021-10-22 10:25:50,19600.0,2000.0,586502.0
527,2021-10-22 10:25:08,19500.0,1000.0,584502.0
528,2021-10-22 10:25:01,19600.0,2000.0,583502.0
529,2021-10-22 10:23:31,19600.0,1000.0,581502.0
530,2021-10-22 10:22:54,19600.0,3300.0,580502.0
531,2021-10-22 10:21:47,19600.0,100.0,577202.0
532,2021-10-22 10:21:45,19600.0,3500.0,577102.0
533,2021-10-22 10:21:21,19600.0,1000.0,573602.0
534,2021-10-22 10:20:28,19600.0,800.0,572602.0
535,2021-10-22 10:20:07,19600.0,1000.0,571802.0
536,2021-10-22 10:19:59,19600.0,200.0,570802.0
537,2021-10-22 10:19:09,19600.0,2200.0,570602.0
538,2021-10-22 10:18:46,19600.0,1000.0,568402.0
539,2021-10-22 10:17:13,19600.0,300.0,567402.0
540,2021-10-22 10:16:47,19600.0,1200.0,567102.0
541,2021-10-22 10:16:30,19700.0,200.0,565902.0
542,2021-10-22 10:14:10,19700.0,2200.0,565702.0
543,2021-10-22 10:14:09,19600.0,1000.0,563502.0
544,2021-10-22 10:14:06,19600.0,100.0,562502.0
545,2021-10-22 10:13:38,19700.0,23400.0,562402.0
546,2021-10-22 10:12:06,19600.0,1000.0,539002.0
547,2021-10-22 10:10:11,19700.0,3900.0,538002.0
548,2021-10-22 10:09:58,19600.0,500.0,534102.0
549,2021-10-22 10:09:48,19600.0,300.0,533602.0
550,2021-10-22 10:09:12,19600.0,1100.0,533302.0
551,2021-10-22 10:08:33,19700.0,14900.0,532202.0
552,2021-10-22 10:08:13,19600.0,1000.0,517302.0
553,2021-10-22 10:07:58,19600.0,300.0,516302.0
554,2021-10-22 10:07:47,19600.0,500.0,516002.0
555,2021-10-22 10:05:55,19600.0,200.0,515502.0
556,2021-10-22 10:05:32,19500.0,3000.0,515302.0
557,2021-10-22 10:05:29,19600.0,2.0,512302.0
558,2021-10-22 10:05:12,19600.0,3900.0,512300.0
559,2021-10-22 10:04:54,19600.0,500.0,508400.0
560,2021-10-22 10:04:31,19600.0,200.0,507900.0
561,2021-10-22 10:03:07,19600.0,15700.0,507700.0
562,2021-10-22 10:03:04,19600.0,500.0,492000.0
563,2021-10-22 10:02:14,19700.0,3000.0,491500.0
564,2021-10-22 10:01:56,19600.0,1200.0,488500.0
565,2021-10-22 10:01:40,19600.0,600.0,487300.0
566,2021-10-22 10:01:09,19600.0,2000.0,486700.0
567,2021-10-22 10:00:38,19600.0,2000.0,484700.0
568,2021-10-22 10:00:25,19600.0,100.0,482700.0
569,2021-10-22 10:00:18,19600.0,500.0,482600.0
570,2021-10-22 10:00:03,19600.0,800.0,482100.0
571,2021-10-22 09:59:50,19600.0,100.0,481300.0
572,2021-10-22 09:58:23,19600.0,100.0,481200.0
573,2021-10-22 09:57:59,19600.0,2000.0,481100.0
574,2021-10-22 09:57:48,19700.0,1500.0,479100.0
575,2021-10-22 09:56:59,19600.0,14100.0,477600.0
576,2021-10-22 09:56:14,19600.0,9100.0,463500.0
577,2021-10-22 09:55:37,19600.0,5000.0,454400.0
578,2021-10-22 09:55:23,19600.0,100.0,449400.0
579,2021-10-22 09:55:12,19600.0,100.0,449300.0
580,2021-10-22 09:54:48,19600.0,100.0,449200.0
581,2021-10-22 09:54:11,19600.0,1000.0,449100.0
582,2021-10-22 09:54:04,19600.0,10000.0,448100.0
583,2021-10-22 09:53:56,19600.0,600.0,438100.0
584,2021-10-22 09:53:19,19600.0,400.0,437500.0
585,2021-10-22 09:52:45,19600.0,100.0,437100.0
586,2021-10-22 09:52:26,19600.0,800.0,437000.0
587,2021-10-22 09:52:06,19600.0,1900.0,436200.0
588,2021-10-22 09:50:39,19600.0,6600.0,434300.0
589,2021-10-22 09:49:57,19600.0,500.0,427700.0
590,2021-10-22 09:49:21,19600.0,1000.0,427200.0
591,2021-10-22 09:48:54,19600.0,100.0,426200.0
592,2021-10-22 09:48:38,19700.0,10000.0,426100.0
593,2021-10-22 09:48:28,19700.0,3000.0,416100.0
594,2021-10-22 09:48:09,19700.0,3500.0,413100.0
595,2021-10-22 09:47:36,19700.0,1000.0,409600.0
596,2021-10-22 09:47:16,19600.0,100.0,408600.0
597,2021-10-22 09:46:17,19600.0,10000.0,408500.0
598,2021-10-22 09:45:58,19600.0,300.0,398500.0
599,2021-10-22 09:45:27,19600.0,500.0,398200.0
600,2021-10-22 09:45:10,19600.0,300.0,397700.0
601,2021-10-22 09:44:57,19600.0,100.0,397400.0
602,2021-10-22 09:44:45,19600.0,1000.0,397300.0
603,2021-10-22 09:44:32,19600.0,500.0,396300.0
604,2021-10-22 09:44:12,19600.0,400.0,395800.0
605,2021-10-22 09:44:02,19700.0,100.0,395400.0
606,2021-10-22 09:43:43,19700.0,100.0,395300.0
607,2021-10-22 09:43:40,19600.0,1000.0,395200.0
608,2021-10-22 09:43:15,19700.0,400.0,394200.0
609,2021-10-22 09:43:05,19700.0,500.0,393800.0
610,2021-10-22 09:42:57,19700.0,100.0,393300.0
611,2021-10-22 09:42:29,19700.0,100.0,393200.0
612,2021-10-22 09:42:28,19700.0,1000.0,393100.0
613,2021-10-22 09:42:27,19700.0,300.0,392100.0
614,2021-10-22 09:42:19,19700.0,200.0,391800.0
615,2021-10-22 09:42:02,19700.0,1000.0,391600.0
616,2021-10-22 09:41:59,19700.0,100.0,390600.0
617,2021-10-22 09:41:56,19700.0,400.0,390500.0
618,2021-10-22 09:41:42,19700.0,300.0,390100.0
619,2021-10-22 09:41:38,19700.0,300.0,389800.0
620,2021-10-22 09:41:32,19700.0,200.0,389500.0
621,2021-10-22 09:41:25,19700.0,10000.0,389300.0
622,2021-10-22 09:40:38,19700.0,56700.0,379300.0
623,2021-10-22 09:40:15,19800.0,1000.0,322600.0
624,2021-10-22 09:39:35,19800.0,2000.0,321600.0
625,2021-10-22 09:39:18,19800.0,1600.0,319600.0
626,2021-10-22 09:39:15,19800.0,500.0,318000.0
627,2021-10-22 09:39:03,19800.0,1000.0,317500.0
628,2021-10-22 09:38:47,19800.0,400.0,316500.0
629,2021-10-22 09:38:32,19800.0,200.0,316100.0
630,2021-10-22 09:38:30,19800.0,1000.0,315900.0
631,2021-10-22 09:38:21,19800.0,18400.0,314900.0
632,2021-10-22 09:38:20,19900.0,5000.0,296500.0
633,2021-10-22 09:38:17,19800.0,400.0,291500.0
634,2021-10-22 09:38:15,19800.0,400.0,291100.0
635,2021-10-22 09:37:58,19900.0,500.0,290700.0
636,2021-10-22 09:37:43,19800.0,1200.0,290200.0
637,2021-10-22 09:37:40,19800.0,100.0,289000.0
638,2021-10-22 09:37:13,19800.0,1000.0,288900.0
639,2021-10-22 09:37:11,19900.0,5000.0,287900.0
640,2021-10-22 09:36:58,19800.0,1200.0,282900.0
641,2021-10-22 09:36:52,19800.0,1600.0,281700.0
642,2021-10-22 09:36:23,19800.0,1000.0,280100.0
643,2021-10-22 09:34:44,19800.0,500.0,279100.0
644,2021-10-22 09:34:29,19900.0,100.0,278600.0
645,2021-10-22 09:34:13,19800.0,1300.0,278500.0
646,2021-10-22 09:33:50,19800.0,11100.0,277200.0
647,2021-10-22 09:33:47,19800.0,500.0,266100.0
648,2021-10-22 09:33:36,19800.0,500.0,265600.0
649,2021-10-22 09:33:35,19800.0,500.0,265100.0
650,2021-10-22 09:33:31,19800.0,400.0,264600.0
651,2021-10-22 09:33:26,19800.0,500.0,264200.0
652,2021-10-22 09:33:25,19800.0,100.0,263700.0
653,2021-10-22 09:33:19,19800.0,5700.0,263600.0
654,2021-10-22 09:32:57,19800.0,2000.0,257900.0
655,2021-10-22 09:32:14,19800.0,300.0,255900.0
656,2021-10-22 09:32:11,19800.0,300.0,255600.0
657,2021-10-22 09:31:32,19800.0,20000.0,255300.0
658,2021-10-22 09:30:55,19700.0,500.0,235300.0
659,2021-10-22 09:30:26,19700.0,2800.0,234800.0
660,2021-10-22 09:30:25,19700.0,4800.0,232000.0
661,2021-10-22 09:29:48,19700.0,100.0,227200.0
662,2021-10-22 09:29:42,19700.0,4900.0,227100.0
663,2021-10-22 09:29:39,19700.0,500.0,222200.0
664,2021-10-22 09:29:22,19700.0,4000.0,221700.0
665,2021-10-22 09:29:15,19700.0,2000.0,217700.0
666,2021-10-22 09:29:01,19700.0,800.0,215700.0
667,2021-10-22 09:28:58,19700.0,100.0,214900.0
668,2021-10-22 09:28:54,19700.0,4100.0,214800.0
669,2021-10-22 09:28:12,19700.0,400.0,210700.0
670,2021-10-22 09:27:38,19700.0,500.0,210300.0
671,2021-10-22 09:27:35,19700.0,500.0,209800.0
672,2021-10-22 09:27:28,19700.0,200.0,209300.0
673,2021-10-22 09:27:25,19700.0,3000.0,209100.0
674,2021-10-22 09:27:04,19700.0,1700.0,206100.0
675,2021-10-22 09:26:53,19700.0,10000.0,204400.0
676,2021-10-22 09:26:24,19600.0,100.0,194400.0
677,2021-10-22 09:25:46,19600.0,1000.0,194300.0
678,2021-10-22 09:25:44,19600.0,100.0,193300.0
679,2021-10-22 09:25:40,19600.0,3500.0,193200.0
680,2021-10-22 09:25:26,19600.0,100.0,189700.0
681,2021-10-22 09:25:22,19600.0,100.0,189600.0
682,2021-10-22 09:25:14,19600.0,3000.0,189500.0
683,2021-10-22 09:25:05,19600.0,100.0,186500.0
684,2021-10-22 09:24:44,19600.0,100.0,186400.0
685,2021-10-22 09:24:37,19600.0,100.0,186300.0
686,2021-10-22 09:24:34,19600.0,500.0,186200.0
687,2021-10-22 09:24:21,19600.0,300.0,185700.0
688,2021-10-22 09:24:18,19600.0,300.0,185400.0
689,2021-10-22 09:23:44,19600.0,4700.0,185100.0
690,2021-10-22 09:23:30,19600.0,2000.0,180400.0
691,2021-10-22 09:23:29,19600.0,2000.0,178400.0
692,2021-10-22 09:23:13,19600.0,100.0,176400.0
693,2021-10-22 09:23:06,19600.0,200.0,176300.0
694,2021-10-22 09:23:05,19600.0,100.0,176100.0
695,2021-10-22 09:22:38,19600.0,7700.0,176000.0
696,2021-10-22 09:22:25,19700.0,200.0,168300.0
697,2021-10-22 09:21:45,19700.0,100.0,168100.0
698,2021-10-22 09:21:41,19700.0,200.0,168000.0
699,2021-10-22 09:21:28,19700.0,1000.0,167800.0
700,2021-10-22 09:21:21,19700.0,4300.0,166800.0
701,2021-10-22 09:21:03,19600.0,500.0,162500.0
702,2021-10-22 09:20:56,19600.0,200.0,162000.0
703,2021-10-22 09:20:52,19600.0,100.0,161800.0
704,2021-10-22 09:20:45,19600.0,1000.0,161700.0
705,2021-10-22 09:20:37,19600.0,1000.0,160700.0
706,2021-10-22 09:20:35,19500.0,200.0,159700.0
707,2021-10-22 09:20:30,19600.0,3000.0,159500.0
708,2021-10-22 09:20:03,19600.0,200.0,156500.0
709,2021-10-22 09:19:54,19600.0,1000.0,156300.0
710,2021-10-22 09:19:46,19600.0,1000.0,155300.0
711,2021-10-22 09:19:39,19600.0,500.0,154300.0
712,2021-10-22 09:19:33,19600.0,9000.0,153800.0
713,2021-10-22 09:19:08,19600.0,200.0,144800.0
714,2021-10-22 09:19:01,19600.0,1000.0,144600.0
715,2021-10-22 09:18:58,19600.0,200.0,143600.0
716,2021-10-22 09:18:53,19600.0,100.0,143400.0
717,2021-10-22 09:18:49,19600.0,1600.0,143300.0
718,2021-10-22 09:18:41,19600.0,3000.0,141700.0
719,2021-10-22 09:18:38,19600.0,10000.0,138700.0
720,2021-10-22 09:18:36,19600.0,100.0,128700.0
721,2021-10-22 09:18:31,19600.0,20000.0,128600.0
722,2021-10-22 09:18:24,19500.0,1000.0,108600.0
723,2021-10-22 09:18:15,19600.0,100.0,107600.0
724,2021-10-22 09:18:11,19600.0,24200.0,107500.0
725,2021-10-22 09:18:08,19600.0,1000.0,83300.0
726,2021-10-22 09:17:58,19600.0,2500.0,82300.0
727,2021-10-22 09:17:13,19600.0,2600.0,79800.0
728,2021-10-22 09:17:07,19600.0,100.0,77200.0
729,2021-10-22 09:14:59,19700.0,1000.0,77100.0
730,2021-10-22 09:14:44,19600.0,1000.0,76100.0
731,2021-10-22 09:14:43,19600.0,1500.0,75100.0
732,2021-10-22 09:14:17,19600.0,600.0,73600.0
733,2021-10-22 09:14:15,19700.0,1000.0,73000.0
734,2021-10-22 09:14:05,19700.0,2000.0,72000.0
735,2021-10-22 09:13:09,19700.0,100.0,70000.0
736,2021-10-22 09:12:11,19700.0,9400.0,69900.0
737,2021-10-22 09:11:48,19700.0,200.0,60500.0
738,2021-10-22 09:11:27,19700.0,1000.0,60300.0
739,2021-10-22 09:10:55,19700.0,2000.0,59300.0
740,2021-10-22 09:10:47,19700.0,1000.0,57300.0
741,2021-10-22 09:10:43,19700.0,1300.0,56300.0
742,2021-10-22 09:07:26,19700.0,100.0,55000.0
743,2021-10-22 09:07:23,19700.0,2100.0,54900.0
744,2021-10-22 09:06:59,19700.0,400.0,52800.0
745,2021-10-22 09:06:35,19700.0,3100.0,52400.0
746,2021-10-22 09:06:30,19700.0,3500.0,49300.0
747,2021-10-22 09:05:25,19700.0,5600.0,45800.0
748,2021-10-22 09:05:15,19700.0,4400.0,40200.0
749,2021-10-22 09:05:10,19500.0,5400.0,35800.0
750,2021-10-22 09:04:16,19500.0,1000.0,30400.0
751,2021-10-22 09:03:48,19700.0,10000.0,29400.0
752,2021-10-22 09:03:16,19600.0,100.0,19400.0
753,2021-10-22 09:03:09,19600.0,6900.0,19300.0
754,2021-10-22 09:03:06,19600.0,5000.0,12400.0
755,2021-10-22 09:02:39,19600.0,100.0,7400.0
756,2021-10-22 09:02:04,19600.0,1800.0,7300.0
757,2021-10-22 09:02:02,19700.0,400.0,5500.0
758,2021-10-22 09:01:34,19700.0,300.0,5100.0
759,2021-10-22 09:00:49,19800.0,100.0,4800.0
760,2021-10-22 09:00:44,19800.0,2400.0,4700.0
761,2021-10-22 09:00:38,19800.0,2000.0,2300.0
762,2021-10-22 09:00:19,19800.0,300.0,300.0
