,Time,Price,Volume_per_trade,Volume
0,2021-10-21 07:45:02,127000.0,17100.0,1471700.0
1,2021-10-21 07:45:02,127000.0,300.0,1454600.0
2,2021-10-21 07:45:02,127000.0,100.0,1454300.0
3,2021-10-21 07:45:02,127000.0,100.0,1454200.0
4,2021-10-21 07:45:02,127000.0,100.0,1454100.0
5,2021-10-21 07:45:02,127000.0,1000.0,1454000.0
6,2021-10-21 07:45:02,127000.0,100.0,1453000.0
7,2021-10-21 07:45:02,127000.0,100.0,1452900.0
8,2021-10-21 07:45:02,127000.0,100.0,1452800.0
9,2021-10-21 07:45:02,127000.0,1000.0,1452700.0
10,2021-10-21 07:45:02,127000.0,100.0,1451700.0
11,2021-10-21 07:45:02,127000.0,800.0,1451600.0
12,2021-10-21 07:45:02,127000.0,1000.0,1450800.0
13,2021-10-21 07:45:02,127000.0,3000.0,1449800.0
14,2021-10-21 07:45:02,127000.0,5200.0,1446800.0
15,2021-10-21 07:45:02,127000.0,400.0,1441600.0
16,2021-10-21 07:45:02,127000.0,100.0,1441200.0
17,2021-10-21 07:45:02,127000.0,5000.0,1441100.0
18,2021-10-21 07:45:02,127000.0,100.0,1436100.0
19,2021-10-21 07:45:02,127000.0,600.0,1436000.0
20,2021-10-21 07:45:02,127000.0,200.0,1435400.0
21,2021-10-21 07:45:02,127000.0,200.0,1435200.0
22,2021-10-21 07:45:02,127000.0,200.0,1435000.0
23,2021-10-21 07:45:02,127000.0,100.0,1434800.0
24,2021-10-21 07:45:02,127000.0,1000.0,1434700.0
25,2021-10-21 07:45:02,127000.0,100.0,1433700.0
26,2021-10-21 07:45:02,127000.0,100.0,1433600.0
27,2021-10-21 07:45:02,127000.0,200.0,1433500.0
28,2021-10-21 07:45:02,127000.0,100.0,1433300.0
29,2021-10-21 07:45:02,127000.0,1000.0,1433200.0
30,2021-10-21 07:45:02,127000.0,3400.0,1432200.0
31,2021-10-21 07:45:02,127000.0,1800.0,1428800.0
32,2021-10-21 07:45:02,127000.0,200.0,1427000.0
33,2021-10-21 07:45:02,127000.0,700.0,1426800.0
34,2021-10-21 07:45:02,127000.0,100.0,1426100.0
35,2021-10-21 07:45:02,127000.0,500.0,1426000.0
36,2021-10-21 07:45:02,127000.0,100.0,1425500.0
37,2021-10-21 07:45:02,127000.0,100.0,1425400.0
38,2021-10-21 07:45:02,127000.0,100.0,1425300.0
39,2021-10-21 07:45:02,127000.0,200.0,1425200.0
40,2021-10-21 07:45:02,127000.0,100.0,1425000.0
41,2021-10-21 07:45:02,127000.0,100.0,1424900.0
42,2021-10-21 07:45:02,127000.0,500.0,1424800.0
43,2021-10-21 07:45:02,127000.0,400.0,1424300.0
44,2021-10-21 07:45:02,127000.0,100.0,1423900.0
45,2021-10-21 07:45:02,127000.0,100.0,1423800.0
46,2021-10-21 07:45:02,127000.0,300.0,1423700.0
47,2021-10-21 07:45:02,127000.0,100.0,1423400.0
48,2021-10-21 07:45:02,127000.0,100.0,1423300.0
49,2021-10-21 07:45:02,127000.0,700.0,1423200.0
50,2021-10-21 07:45:02,127000.0,20000.0,1422500.0
51,2021-10-21 07:45:02,127000.0,100.0,1402500.0
52,2021-10-21 07:45:02,127000.0,100.0,1402400.0
53,2021-10-21 07:45:02,127000.0,3000.0,1402300.0
54,2021-10-21 07:45:02,127000.0,900.0,1399300.0
55,2021-10-21 07:45:02,127000.0,2000.0,1398400.0
56,2021-10-21 07:45:02,127000.0,100.0,1396400.0
57,2021-10-21 07:45:02,127000.0,500.0,1396300.0
58,2021-10-21 07:45:02,127000.0,600.0,1395800.0
59,2021-10-21 07:45:02,127000.0,100.0,1395200.0
60,2021-10-21 07:45:02,127000.0,1000.0,1395100.0
61,2021-10-21 07:45:02,127000.0,1300.0,1394100.0
62,2021-10-21 07:45:02,127000.0,2800.0,1392800.0
63,2021-10-21 07:45:02,127000.0,200.0,1390000.0
64,2021-10-21 07:45:02,127000.0,200.0,1389800.0
65,2021-10-21 07:45:02,127000.0,2000.0,1389600.0
66,2021-10-21 07:45:02,127000.0,1000.0,1387600.0
67,2021-10-21 07:45:02,127000.0,1000.0,1386600.0
68,2021-10-21 07:45:02,127000.0,500.0,1385600.0
69,2021-10-21 07:45:02,127000.0,900.0,1385100.0
70,2021-10-21 07:45:02,127000.0,100.0,1384200.0
71,2021-10-21 07:45:02,127000.0,200.0,1384100.0
72,2021-10-21 07:45:02,127000.0,200.0,1383900.0
73,2021-10-21 07:45:02,127000.0,100.0,1383700.0
74,2021-10-21 07:45:02,127000.0,2000.0,1383600.0
75,2021-10-21 07:45:02,127000.0,200.0,1381600.0
76,2021-10-21 07:45:02,127000.0,500.0,1381400.0
77,2021-10-21 07:45:02,127000.0,1000.0,1380900.0
78,2021-10-21 07:45:02,127000.0,300.0,1379900.0
79,2021-10-21 07:45:02,127000.0,100.0,1379600.0
80,2021-10-21 07:45:02,127000.0,1000.0,1379500.0
81,2021-10-21 07:45:02,127000.0,200.0,1378500.0
82,2021-10-21 07:45:02,127000.0,100.0,1378300.0
83,2021-10-21 07:45:02,127000.0,1000.0,1378200.0
84,2021-10-21 07:45:02,127000.0,100.0,1377200.0
85,2021-10-21 07:45:02,127000.0,100.0,1377100.0
86,2021-10-21 07:45:02,127000.0,100.0,1377000.0
87,2021-10-21 07:45:02,127000.0,100.0,1376900.0
88,2021-10-21 07:45:02,127000.0,100.0,1376800.0
89,2021-10-21 07:45:02,127000.0,1000.0,1376700.0
90,2021-10-21 07:45:02,127000.0,1000.0,1375700.0
91,2021-10-21 07:45:02,127000.0,100.0,1374700.0
92,2021-10-21 07:45:02,127000.0,300.0,1374600.0
93,2021-10-21 07:45:02,127000.0,200.0,1374300.0
94,2021-10-21 07:45:02,127000.0,100.0,1374100.0
95,2021-10-21 07:45:02,127000.0,100.0,1374000.0
96,2021-10-21 07:45:02,127000.0,100.0,1373900.0
97,2021-10-21 07:45:02,127000.0,100.0,1373800.0
98,2021-10-21 07:45:02,127000.0,500.0,1373700.0
99,2021-10-21 07:45:02,127000.0,200.0,1373200.0
100,2021-10-21 07:45:02,127000.0,2100.0,1373000.0
101,2021-10-21 07:45:02,127000.0,1900.0,1370900.0
102,2021-10-21 07:45:02,127000.0,100.0,1369000.0
103,2021-10-21 07:45:02,127000.0,100.0,1368900.0
104,2021-10-21 07:45:02,127000.0,100.0,1368800.0
105,2021-10-21 07:45:02,127000.0,100.0,1368700.0
106,2021-10-21 07:45:02,127000.0,500.0,1368600.0
107,2021-10-21 07:45:02,127000.0,100.0,1368100.0
108,2021-10-21 07:45:02,127000.0,100.0,1368000.0
109,2021-10-21 07:45:02,127000.0,500.0,1367900.0
110,2021-10-21 07:45:02,127000.0,100.0,1367400.0
111,2021-10-21 07:45:02,127000.0,100.0,1367300.0
112,2021-10-21 07:45:02,127000.0,100.0,1367200.0
113,2021-10-21 07:45:02,127000.0,100.0,1367100.0
114,2021-10-21 07:45:02,127000.0,500.0,1367000.0
115,2021-10-21 07:45:02,127000.0,1000.0,1366500.0
116,2021-10-21 07:45:02,127000.0,100.0,1365500.0
117,2021-10-21 07:45:02,127000.0,100.0,1365400.0
118,2021-10-21 07:45:02,127000.0,100.0,1365300.0
119,2021-10-21 07:45:02,127000.0,100.0,1365200.0
120,2021-10-21 07:45:02,127000.0,2400.0,1365100.0
121,2021-10-21 07:45:02,127000.0,9800.0,1362700.0
122,2021-10-21 07:45:02,127000.0,10200.0,1352900.0
123,2021-10-21 07:45:02,127000.0,2900.0,1342700.0
124,2021-10-21 07:45:02,127000.0,3000.0,1339800.0
125,2021-10-21 07:45:02,127000.0,400.0,1336800.0
126,2021-10-21 07:45:02,127000.0,200.0,1336400.0
127,2021-10-21 07:45:02,127000.0,300.0,1336200.0
128,2021-10-21 07:45:02,127000.0,3000.0,1335900.0
129,2021-10-21 07:45:02,127000.0,7000.0,1332900.0
130,2021-10-21 07:45:02,127000.0,100.0,1325900.0
131,2021-10-21 07:45:02,127000.0,100.0,1325800.0
132,2021-10-21 07:45:02,127000.0,200.0,1325700.0
133,2021-10-21 07:45:02,127000.0,100.0,1325500.0
134,2021-10-21 07:45:02,127000.0,100.0,1325400.0
135,2021-10-21 07:45:02,127000.0,500.0,1325300.0
136,2021-10-21 07:45:02,127000.0,7800.0,1324800.0
137,2021-10-21 07:45:02,127000.0,200.0,1317000.0
138,2021-10-21 07:45:02,127000.0,2000.0,1316800.0
139,2021-10-21 07:45:02,127000.0,800.0,1314800.0
140,2021-10-21 07:45:02,127000.0,100.0,1314000.0
141,2021-10-21 07:45:02,127000.0,500.0,1313900.0
142,2021-10-21 07:45:02,127000.0,1000.0,1313400.0
143,2021-10-21 07:45:02,127000.0,400.0,1312400.0
144,2021-10-21 07:45:02,127000.0,300.0,1312000.0
145,2021-10-21 07:45:02,127000.0,500.0,1311700.0
146,2021-10-21 07:45:02,127000.0,1000.0,1311200.0
147,2021-10-21 07:45:02,127000.0,100.0,1310200.0
148,2021-10-21 07:45:02,127000.0,100.0,1310100.0
149,2021-10-21 07:45:02,127000.0,2000.0,1310000.0
150,2021-10-21 07:45:02,127000.0,100.0,1308000.0
151,2021-10-21 07:45:02,127000.0,400.0,1307900.0
152,2021-10-21 07:45:02,127000.0,500.0,1307500.0
153,2021-10-21 07:45:02,127000.0,500.0,1307000.0
154,2021-10-21 07:45:02,127000.0,100.0,1306500.0
155,2021-10-21 07:45:02,127000.0,3500.0,1306400.0
156,2021-10-21 07:45:02,127000.0,500.0,1302900.0
157,2021-10-21 07:45:02,127000.0,300.0,1302400.0
158,2021-10-21 07:45:02,127000.0,100.0,1302100.0
159,2021-10-21 07:45:02,127000.0,100.0,1302000.0
160,2021-10-21 07:45:02,127000.0,100.0,1301900.0
161,2021-10-21 07:45:02,127000.0,500.0,1301800.0
162,2021-10-21 07:45:02,127000.0,300.0,1301300.0
163,2021-10-21 07:45:02,127000.0,3300.0,1301000.0
164,2021-10-21 07:45:02,127000.0,5000.0,1297700.0
165,2021-10-21 07:45:02,127000.0,200.0,1292700.0
166,2021-10-21 07:45:02,127000.0,200.0,1292500.0
167,2021-10-21 07:45:02,127000.0,100.0,1292300.0
168,2021-10-21 07:45:02,127000.0,100.0,1292200.0
169,2021-10-21 07:45:02,127000.0,900.0,1292100.0
170,2021-10-21 07:45:02,127000.0,100.0,1291200.0
171,2021-10-21 07:45:02,127000.0,100.0,1291100.0
172,2021-10-21 07:45:02,127000.0,600.0,1291000.0
173,2021-10-21 07:45:02,127000.0,500.0,1290400.0
174,2021-10-21 07:45:02,127000.0,200.0,1289900.0
175,2021-10-21 07:45:02,127000.0,500.0,1289700.0
176,2021-10-21 07:45:02,127000.0,5000.0,1289200.0
177,2021-10-21 07:45:02,127000.0,100.0,1284200.0
178,2021-10-21 07:45:02,127000.0,500.0,1284100.0
179,2021-10-21 07:45:02,127000.0,100.0,1283600.0
180,2021-10-21 07:45:02,127000.0,15100.0,1283500.0
181,2021-10-21 07:45:02,127000.0,3000.0,1268400.0
182,2021-10-21 07:45:02,127000.0,1900.0,1265400.0
183,2021-10-21 07:45:02,127000.0,1000.0,1263500.0
184,2021-10-21 07:45:02,127000.0,5000.0,1262500.0
185,2021-10-21 07:45:02,127000.0,400.0,1257500.0
186,2021-10-21 07:45:02,127000.0,100.0,1257100.0
187,2021-10-21 07:45:02,127000.0,100.0,1257000.0
188,2021-10-21 07:45:02,127000.0,200.0,1256900.0
189,2021-10-21 07:45:02,127000.0,2000.0,1256700.0
190,2021-10-21 07:45:02,127000.0,400.0,1254700.0
191,2021-10-21 07:45:02,127000.0,200.0,1254300.0
192,2021-10-21 07:45:02,127000.0,300.0,1254100.0
193,2021-10-21 07:45:02,127000.0,200.0,1253800.0
194,2021-10-21 07:45:02,127000.0,100.0,1253600.0
195,2021-10-21 07:45:02,127000.0,100.0,1253500.0
196,2021-10-21 07:45:02,127000.0,100.0,1253400.0
197,2021-10-21 07:45:02,127000.0,100.0,1253300.0
198,2021-10-21 07:45:02,127000.0,100.0,1253200.0
199,2021-10-21 07:45:02,127000.0,100.0,1253100.0
200,2021-10-21 07:45:02,127000.0,300.0,1253000.0
201,2021-10-21 07:45:02,127000.0,100.0,1252700.0
202,2021-10-21 07:45:02,127000.0,1000.0,1252600.0
203,2021-10-21 07:45:02,127000.0,100.0,1251600.0
204,2021-10-21 07:45:02,127000.0,200.0,1251500.0
205,2021-10-21 07:45:02,127000.0,100.0,1251300.0
206,2021-10-21 07:45:02,127000.0,100.0,1251200.0
207,2021-10-21 07:45:02,127000.0,1000.0,1251100.0
208,2021-10-21 07:45:02,127000.0,500.0,1250100.0
209,2021-10-21 07:45:02,127000.0,100.0,1249600.0
210,2021-10-21 07:45:02,127000.0,100.0,1249500.0
211,2021-10-21 07:45:02,127000.0,100.0,1249400.0
212,2021-10-21 07:45:02,127000.0,200.0,1249300.0
213,2021-10-21 07:45:02,127000.0,500.0,1249100.0
214,2021-10-21 07:45:02,127000.0,100.0,1248600.0
215,2021-10-21 07:45:02,127000.0,5000.0,1248500.0
216,2021-10-21 07:45:02,127000.0,100.0,1243500.0
217,2021-10-21 07:45:02,127000.0,500.0,1243400.0
218,2021-10-21 07:45:02,127000.0,100.0,1242900.0
219,2021-10-21 07:45:02,127000.0,1000.0,1242800.0
220,2021-10-21 07:45:02,127000.0,200.0,1241800.0
221,2021-10-21 07:45:02,127000.0,100.0,1241600.0
222,2021-10-21 07:45:02,127000.0,100.0,1241500.0
223,2021-10-21 07:45:02,127000.0,1000.0,1241400.0
224,2021-10-21 07:45:02,127000.0,100.0,1240400.0
225,2021-10-21 07:45:02,127000.0,100.0,1240300.0
226,2021-10-21 07:45:02,127000.0,100.0,1240200.0
227,2021-10-21 07:45:02,127000.0,100.0,1240100.0
228,2021-10-21 07:45:02,127000.0,5000.0,1240000.0
229,2021-10-21 07:45:02,127000.0,800.0,1235000.0
230,2021-10-21 07:45:02,127000.0,5000.0,1234200.0
231,2021-10-21 07:45:02,127000.0,100.0,1229200.0
232,2021-10-21 07:45:02,127000.0,100.0,1229100.0
233,2021-10-21 07:45:02,127000.0,100.0,1229000.0
234,2021-10-21 07:45:02,127000.0,200.0,1228900.0
235,2021-10-21 07:45:02,127000.0,17300.0,1228700.0
236,2021-10-21 07:45:02,127000.0,2700.0,1211400.0
237,2021-10-21 07:45:02,127000.0,200.0,1208700.0
238,2021-10-21 07:45:02,127000.0,1000.0,1208500.0
239,2021-10-21 07:45:02,127000.0,600.0,1207500.0
240,2021-10-21 07:45:02,127000.0,500.0,1206900.0
241,2021-10-21 07:45:02,127000.0,500.0,1206400.0
242,2021-10-21 07:45:02,127000.0,100.0,1205900.0
243,2021-10-21 07:45:02,127000.0,100.0,1205800.0
244,2021-10-21 07:45:02,127000.0,300.0,1205700.0
245,2021-10-21 07:45:02,127000.0,100.0,1205400.0
246,2021-10-21 07:45:02,127000.0,200.0,1205300.0
247,2021-10-21 07:45:02,127000.0,100.0,1205100.0
248,2021-10-21 07:45:02,127000.0,100.0,1205000.0
249,2021-10-21 07:45:02,127000.0,1000.0,1204900.0
250,2021-10-21 07:45:02,127000.0,200.0,1203900.0
251,2021-10-21 07:45:02,127000.0,1000.0,1203700.0
252,2021-10-21 07:45:02,127000.0,100.0,1202700.0
253,2021-10-21 07:45:02,127000.0,100.0,1202600.0
254,2021-10-21 07:45:02,127000.0,1000.0,1202500.0
255,2021-10-21 07:45:02,127000.0,2000.0,1201500.0
256,2021-10-21 07:45:02,127000.0,1000.0,1199500.0
257,2021-10-21 07:45:02,127000.0,1000.0,1198500.0
258,2021-10-21 07:45:02,127000.0,1000.0,1197500.0
259,2021-10-21 07:45:02,127000.0,100.0,1196500.0
260,2021-10-21 07:45:02,127000.0,10000.0,1196400.0
261,2021-10-21 07:45:02,127000.0,200.0,1186400.0
262,2021-10-21 07:45:02,127000.0,100.0,1186200.0
263,2021-10-21 07:45:02,127000.0,100.0,1186100.0
264,2021-10-21 07:45:02,127000.0,100.0,1186000.0
265,2021-10-21 07:45:02,127000.0,200.0,1185900.0
266,2021-10-21 07:45:02,127000.0,100.0,1185700.0
267,2021-10-21 07:45:02,127000.0,500.0,1185600.0
268,2021-10-21 07:45:02,127000.0,2000.0,1185100.0
269,2021-10-21 07:45:02,127000.0,100.0,1183100.0
270,2021-10-21 07:45:02,127000.0,100.0,1183000.0
271,2021-10-21 07:45:02,127000.0,200.0,1182900.0
272,2021-10-21 07:45:02,127000.0,100.0,1182700.0
273,2021-10-21 07:45:02,127000.0,500.0,1182600.0
274,2021-10-21 07:45:02,127000.0,10000.0,1182100.0
275,2021-10-21 07:45:02,127000.0,100.0,1172100.0
276,2021-10-21 07:45:02,127000.0,500.0,1172000.0
277,2021-10-21 07:45:02,127000.0,200.0,1171500.0
278,2021-10-21 07:45:02,127000.0,200.0,1171300.0
279,2021-10-21 07:45:02,127000.0,100.0,1171100.0
280,2021-10-21 07:45:02,127000.0,500.0,1171000.0
281,2021-10-21 07:45:02,127000.0,1000.0,1170500.0
282,2021-10-21 07:45:02,127000.0,200.0,1169500.0
283,2021-10-21 07:45:02,127000.0,100.0,1169300.0
284,2021-10-21 07:45:02,127000.0,300.0,1169200.0
285,2021-10-21 07:45:02,127000.0,200.0,1168900.0
286,2021-10-21 07:45:02,127000.0,100.0,1168700.0
287,2021-10-21 07:45:02,127000.0,400.0,1168600.0
288,2021-10-21 07:45:02,127000.0,1000.0,1168200.0
289,2021-10-21 07:45:02,127000.0,100.0,1167200.0
290,2021-10-21 07:45:02,127000.0,100.0,1167100.0
291,2021-10-21 07:45:02,127000.0,1000.0,1167000.0
292,2021-10-21 07:45:02,127000.0,3800.0,1166000.0
293,2021-10-21 07:45:02,127000.0,200.0,1162200.0
294,2021-10-21 07:45:02,127000.0,200.0,1162000.0
295,2021-10-21 07:45:02,127000.0,900.0,1161800.0
296,2021-10-21 07:45:02,127000.0,100.0,1160900.0
297,2021-10-21 07:45:02,127000.0,1000.0,1160800.0
298,2021-10-21 07:45:02,127000.0,500.0,1159800.0
299,2021-10-21 07:45:02,127000.0,1000.0,1159300.0
300,2021-10-21 07:45:02,127000.0,700.0,1158300.0
301,2021-10-21 07:45:01,127000.0,100.0,1157600.0
302,2021-10-21 07:45:01,127000.0,200.0,1157500.0
303,2021-10-21 07:45:01,127000.0,200.0,1157300.0
304,2021-10-21 07:45:01,127000.0,3600.0,1157100.0
305,2021-10-21 07:45:01,127000.0,100.0,1153500.0
306,2021-10-21 07:45:01,127000.0,100.0,1153400.0
307,2021-10-21 07:45:01,127000.0,300.0,1153300.0
308,2021-10-21 07:45:01,127000.0,100.0,1153000.0
309,2021-10-21 07:45:01,127000.0,300.0,1152900.0
310,2021-10-21 07:45:01,127000.0,500.0,1152600.0
311,2021-10-21 07:45:01,127000.0,1000.0,1152100.0
312,2021-10-21 07:45:01,127000.0,500.0,1151100.0
313,2021-10-21 07:45:01,127000.0,300.0,1150600.0
314,2021-10-21 07:45:01,127000.0,100.0,1150300.0
315,2021-10-21 07:45:01,127000.0,600.0,1150200.0
316,2021-10-21 07:45:01,127000.0,100.0,1149600.0
317,2021-10-21 07:45:01,127000.0,1000.0,1149500.0
318,2021-10-21 07:45:01,127000.0,100.0,1148500.0
319,2021-10-21 07:45:01,127000.0,100.0,1148400.0
320,2021-10-21 07:45:01,127000.0,100.0,1148300.0
321,2021-10-21 07:45:01,127000.0,500.0,1148200.0
322,2021-10-21 07:45:01,127000.0,100.0,1147700.0
323,2021-10-21 07:45:01,127000.0,200.0,1147600.0
324,2021-10-21 07:45:01,127000.0,100.0,1147400.0
325,2021-10-21 07:45:01,127000.0,500.0,1147300.0
326,2021-10-21 07:45:01,127000.0,200.0,1146800.0
327,2021-10-21 07:45:01,127000.0,100.0,1146600.0
328,2021-10-21 07:45:01,127000.0,100.0,1146500.0
329,2021-10-21 07:45:01,127000.0,500.0,1146400.0
330,2021-10-21 07:45:01,127000.0,100.0,1145900.0
331,2021-10-21 07:45:01,127000.0,5000.0,1145800.0
332,2021-10-21 07:45:01,127000.0,2500.0,1140800.0
333,2021-10-21 07:45:01,127000.0,300.0,1138300.0
334,2021-10-21 07:45:01,127000.0,500.0,1138000.0
335,2021-10-21 07:45:01,127000.0,100.0,1137500.0
336,2021-10-21 07:45:01,127000.0,100.0,1137400.0
337,2021-10-21 07:45:01,127000.0,100.0,1137300.0
338,2021-10-21 07:45:01,127000.0,100.0,1137200.0
339,2021-10-21 07:45:01,127000.0,100.0,1137100.0
340,2021-10-21 07:45:01,127000.0,100.0,1137000.0
341,2021-10-21 07:45:01,127000.0,100.0,1136900.0
342,2021-10-21 07:45:01,127000.0,100.0,1136800.0
343,2021-10-21 07:45:01,127000.0,100.0,1136700.0
344,2021-10-21 07:45:01,127000.0,100.0,1136600.0
345,2021-10-21 07:45:01,127000.0,500.0,1136500.0
346,2021-10-21 07:45:01,127000.0,500.0,1136000.0
347,2021-10-21 07:45:01,127000.0,400.0,1135500.0
348,2021-10-21 07:45:01,127000.0,200.0,1135100.0
349,2021-10-21 07:45:01,127000.0,5000.0,1134900.0
350,2021-10-21 07:45:01,127000.0,300.0,1129900.0
351,2021-10-21 07:45:01,127000.0,300.0,1129600.0
352,2021-10-21 07:45:01,127000.0,1500.0,1129300.0
353,2021-10-21 07:45:01,127000.0,7400.0,1127800.0
354,2021-10-21 07:45:01,127000.0,2600.0,1120400.0
355,2021-10-21 07:45:01,127000.0,500.0,1117800.0
356,2021-10-21 07:45:01,127000.0,5000.0,1117300.0
357,2021-10-21 07:45:01,127000.0,200.0,1112300.0
358,2021-10-21 07:45:01,127000.0,10000.0,1112100.0
359,2021-10-21 07:45:01,127000.0,1100.0,1102100.0
360,2021-10-21 07:45:01,127000.0,200.0,1101000.0
361,2021-10-21 07:45:01,127000.0,1000.0,1100800.0
362,2021-10-21 07:45:01,127000.0,2000.0,1099800.0
363,2021-10-21 07:45:01,127000.0,100.0,1097800.0
364,2021-10-21 07:45:01,127000.0,1000.0,1097700.0
365,2021-10-21 07:45:01,127000.0,5000.0,1096700.0
366,2021-10-21 07:45:01,127000.0,500.0,1091700.0
367,2021-10-21 07:45:01,127000.0,200.0,1091200.0
368,2021-10-21 07:45:01,127000.0,2000.0,1091000.0
369,2021-10-21 07:45:01,127000.0,1400.0,1089000.0
370,2021-10-21 07:45:01,127000.0,2300.0,1087600.0
371,2021-10-21 07:45:01,127000.0,100.0,1085300.0
372,2021-10-21 07:45:01,127000.0,100.0,1085200.0
373,2021-10-21 07:45:01,127000.0,10000.0,1085100.0
374,2021-10-21 07:45:01,127000.0,500.0,1075100.0
375,2021-10-21 07:45:01,127000.0,300.0,1074600.0
376,2021-10-21 07:45:01,127000.0,500.0,1074300.0
377,2021-10-21 07:45:01,127000.0,1000.0,1073800.0
378,2021-10-21 07:45:01,127000.0,1000.0,1072800.0
379,2021-10-21 07:45:01,127000.0,1000.0,1071800.0
380,2021-10-21 07:45:01,127000.0,500.0,1070800.0
381,2021-10-21 07:45:01,127000.0,500.0,1070300.0
382,2021-10-21 07:45:01,127000.0,100.0,1069800.0
383,2021-10-21 07:45:01,127000.0,200.0,1069700.0
384,2021-10-21 07:45:01,127000.0,500.0,1069500.0
385,2021-10-21 07:45:01,127000.0,2000.0,1069000.0
386,2021-10-21 07:45:01,127000.0,500.0,1067000.0
387,2021-10-21 07:45:01,127000.0,100.0,1066500.0
388,2021-10-21 07:45:01,127000.0,3000.0,1066400.0
389,2021-10-21 07:45:01,127000.0,1000.0,1063400.0
390,2021-10-21 07:45:01,127000.0,1500.0,1062400.0
391,2021-10-21 07:45:01,127000.0,100.0,1060900.0
392,2021-10-21 07:45:01,127000.0,200.0,1060800.0
393,2021-10-21 07:45:01,127000.0,300.0,1060600.0
394,2021-10-21 07:45:01,127000.0,500.0,1060300.0
395,2021-10-21 07:45:01,127000.0,100.0,1059800.0
396,2021-10-21 07:45:01,127000.0,3000.0,1059700.0
397,2021-10-21 07:45:01,127000.0,100.0,1056700.0
398,2021-10-21 07:45:01,127000.0,1000.0,1056600.0
399,2021-10-21 07:45:01,127000.0,500.0,1055600.0
400,2021-10-21 07:45:01,127000.0,200.0,1055100.0
401,2021-10-21 07:45:01,127000.0,100.0,1054900.0
402,2021-10-21 07:45:01,127000.0,200.0,1054800.0
403,2021-10-21 07:45:01,127000.0,100.0,1054600.0
404,2021-10-21 07:45:01,127000.0,500.0,1054500.0
405,2021-10-21 07:45:01,127000.0,500.0,1054000.0
406,2021-10-21 07:45:01,127000.0,3600.0,1053500.0
407,2021-10-21 07:45:01,127000.0,100.0,1049900.0
408,2021-10-21 07:45:01,127000.0,3500.0,1049800.0
409,2021-10-21 07:45:01,127000.0,1000.0,1046300.0
410,2021-10-21 07:45:01,127000.0,500.0,1045300.0
411,2021-10-21 07:45:01,127000.0,500.0,1044800.0
412,2021-10-21 07:45:01,127000.0,100.0,1044300.0
413,2021-10-21 07:45:01,127000.0,1000.0,1044200.0
414,2021-10-21 07:45:01,127000.0,3000.0,1043200.0
415,2021-10-21 07:45:01,127000.0,500.0,1040200.0
416,2021-10-21 07:45:01,127000.0,300.0,1039700.0
417,2021-10-21 07:45:01,127000.0,300.0,1039400.0
418,2021-10-21 07:45:01,127000.0,100.0,1039100.0
419,2021-10-21 07:45:01,127000.0,100.0,1039000.0
420,2021-10-21 07:45:01,127000.0,2100.0,1038900.0
421,2021-10-21 07:45:01,127000.0,100.0,1036800.0
422,2021-10-21 07:45:01,127000.0,500.0,1036700.0
423,2021-10-21 07:45:01,127000.0,1000.0,1036200.0
424,2021-10-21 07:45:01,127000.0,300.0,1035200.0
425,2021-10-21 07:45:01,127000.0,700.0,1034900.0
426,2021-10-21 07:45:01,127000.0,100.0,1034200.0
427,2021-10-21 07:45:01,127000.0,100.0,1034100.0
428,2021-10-21 07:45:01,127000.0,1000.0,1034000.0
429,2021-10-21 07:45:01,127000.0,1000.0,1033000.0
430,2021-10-21 07:45:01,127000.0,2000.0,1032000.0
431,2021-10-21 07:45:01,127000.0,2000.0,1030000.0
432,2021-10-21 07:45:01,127000.0,500.0,1028000.0
433,2021-10-21 07:45:01,127000.0,100.0,1027500.0
434,2021-10-21 07:45:01,127000.0,500.0,1027400.0
435,2021-10-21 07:45:01,127000.0,13500.0,1026900.0
436,2021-10-21 07:45:01,127000.0,300.0,1013400.0
437,2021-10-21 07:45:01,127000.0,400.0,1013100.0
438,2021-10-21 07:45:01,127000.0,100.0,1012700.0
439,2021-10-21 07:45:01,127000.0,100.0,1012600.0
440,2021-10-21 07:45:01,127000.0,100.0,1012500.0
441,2021-10-21 07:45:01,127000.0,300.0,1012400.0
442,2021-10-21 07:45:01,127000.0,100.0,1012100.0
443,2021-10-21 07:45:01,127000.0,1000.0,1012000.0
444,2021-10-21 07:45:01,127000.0,100.0,1011000.0
445,2021-10-21 07:45:01,127000.0,500.0,1010900.0
446,2021-10-21 07:45:01,127000.0,1200.0,1010400.0
447,2021-10-21 07:45:01,127000.0,500.0,1009200.0
448,2021-10-21 07:45:01,127000.0,200.0,1008700.0
449,2021-10-21 07:45:01,127000.0,100.0,1008500.0
450,2021-10-21 07:45:01,127000.0,1400.0,1008400.0
451,2021-10-21 07:45:01,127000.0,500.0,1007000.0
452,2021-10-21 07:45:01,127000.0,3000.0,1006500.0
453,2021-10-21 07:45:01,127000.0,100.0,1003500.0
454,2021-10-21 07:45:01,127000.0,400.0,1003400.0
455,2021-10-21 07:45:01,127000.0,200.0,1003000.0
456,2021-10-21 07:45:01,127000.0,1000.0,1002800.0
457,2021-10-21 07:45:01,127000.0,700.0,1001800.0
458,2021-10-21 07:45:01,127000.0,100.0,1001100.0
459,2021-10-21 07:45:01,127000.0,100.0,1001000.0
460,2021-10-21 07:45:01,127000.0,100.0,1000900.0
461,2021-10-21 07:45:01,127000.0,600.0,1000800.0
462,2021-10-21 07:45:01,127000.0,100.0,1000200.0
463,2021-10-21 07:45:01,127000.0,100.0,1000100.0
464,2021-10-21 07:45:01,127000.0,900.0,1000000.0
465,2021-10-21 07:45:01,127000.0,100.0,999100.0
466,2021-10-21 07:29:58,128500.0,100.0,999000.0
467,2021-10-21 07:29:51,128500.0,2000.0,998900.0
468,2021-10-21 07:29:50,128500.0,100.0,996900.0
469,2021-10-21 07:29:36,128500.0,100.0,996800.0
470,2021-10-21 07:29:34,128500.0,1000.0,996700.0
471,2021-10-21 07:29:34,128500.0,100.0,995700.0
472,2021-10-21 07:29:14,128500.0,500.0,995600.0
473,2021-10-21 07:29:02,128400.0,100.0,995100.0
474,2021-10-21 07:29:02,128400.0,100.0,995000.0
475,2021-10-21 07:29:01,128400.0,500.0,994900.0
476,2021-10-21 07:29:01,128400.0,100.0,994400.0
477,2021-10-21 07:29:01,128400.0,100.0,994300.0
478,2021-10-21 07:29:01,128400.0,100.0,994200.0
479,2021-10-21 07:29:01,128400.0,200.0,994100.0
480,2021-10-21 07:29:01,128400.0,100.0,993900.0
481,2021-10-21 07:29:01,128400.0,200.0,993800.0
482,2021-10-21 07:29:01,128400.0,100.0,993600.0
483,2021-10-21 07:29:01,128400.0,100.0,993500.0
484,2021-10-21 07:29:01,128400.0,100.0,993400.0
485,2021-10-21 07:29:01,128400.0,100.0,993300.0
486,2021-10-21 07:29:01,128400.0,100.0,993200.0
487,2021-10-21 07:29:01,128400.0,100.0,993100.0
488,2021-10-21 07:29:01,128400.0,100.0,993000.0
489,2021-10-21 07:28:57,128500.0,100.0,992900.0
490,2021-10-21 07:28:54,128400.0,300.0,992800.0
491,2021-10-21 07:28:50,128400.0,1000.0,992500.0
492,2021-10-21 07:28:47,128400.0,300.0,991500.0
493,2021-10-21 07:28:44,128400.0,300.0,991200.0
494,2021-10-21 07:28:44,128400.0,3000.0,990900.0
495,2021-10-21 07:28:44,128400.0,200.0,987900.0
496,2021-10-21 07:28:42,128500.0,100.0,987700.0
497,2021-10-21 07:28:41,128500.0,100.0,987600.0
498,2021-10-21 07:28:34,128500.0,100.0,987500.0
499,2021-10-21 07:28:33,128500.0,300.0,987400.0
500,2021-10-21 07:28:31,128500.0,100.0,987100.0
501,2021-10-21 07:28:20,128500.0,100.0,987000.0
502,2021-10-21 07:28:20,128500.0,200.0,986900.0
503,2021-10-21 07:28:20,128500.0,100.0,986700.0
504,2021-10-21 07:28:20,128500.0,200.0,986600.0
505,2021-10-21 07:28:20,128500.0,100.0,986400.0
506,2021-10-21 07:28:20,128500.0,100.0,986300.0
507,2021-10-21 07:28:20,128500.0,100.0,986200.0
508,2021-10-21 07:28:20,128500.0,200.0,986100.0
509,2021-10-21 07:28:20,128500.0,300.0,985900.0
510,2021-10-21 07:28:20,128500.0,500.0,985600.0
511,2021-10-21 07:28:20,128500.0,100.0,985100.0
512,2021-10-21 07:28:20,128500.0,100.0,985000.0
513,2021-10-21 07:28:20,128500.0,200.0,984900.0
514,2021-10-21 07:28:20,128500.0,5400.0,984700.0
515,2021-10-21 07:28:20,128500.0,500.0,979300.0
516,2021-10-21 07:28:20,128500.0,200.0,978800.0
517,2021-10-21 07:28:20,128500.0,100.0,978600.0
518,2021-10-21 07:28:20,128500.0,100.0,978500.0
519,2021-10-21 07:28:20,128500.0,2000.0,978400.0
520,2021-10-21 07:28:20,128500.0,200.0,976400.0
521,2021-10-21 07:28:20,128500.0,500.0,976200.0
522,2021-10-21 07:28:20,128500.0,500.0,975700.0
523,2021-10-21 07:28:20,128500.0,10000.0,975200.0
524,2021-10-21 07:28:20,128500.0,300.0,965200.0
525,2021-10-21 07:28:20,128500.0,100.0,964900.0
526,2021-10-21 07:28:11,128600.0,200.0,964800.0
527,2021-10-21 07:28:11,128600.0,100.0,964600.0
528,2021-10-21 07:28:11,128600.0,100.0,964500.0
529,2021-10-21 07:28:11,128600.0,500.0,964400.0
530,2021-10-21 07:28:11,128600.0,700.0,963900.0
531,2021-10-21 07:28:11,128600.0,100.0,963200.0
532,2021-10-21 07:27:41,128600.0,100.0,963100.0
533,2021-10-21 07:27:41,128700.0,100.0,963000.0
534,2021-10-21 07:27:19,128700.0,200.0,962900.0
535,2021-10-21 07:27:01,128700.0,800.0,962700.0
536,2021-10-21 07:26:55,128700.0,200.0,961900.0
537,2021-10-21 07:26:51,128600.0,200.0,961700.0
538,2021-10-21 07:26:51,128600.0,600.0,961500.0
539,2021-10-21 07:26:13,128800.0,4500.0,960900.0
540,2021-10-21 07:26:03,128800.0,100.0,956400.0
541,2021-10-21 07:25:51,128800.0,100.0,956300.0
542,2021-10-21 07:25:04,129000.0,1000.0,956200.0
543,2021-10-21 07:25:00,129000.0,200.0,955200.0
544,2021-10-21 07:23:18,129000.0,100.0,955000.0
545,2021-10-21 07:23:18,129000.0,4300.0,954900.0
546,2021-10-21 07:22:58,129100.0,300.0,950600.0
547,2021-10-21 07:22:48,129000.0,5000.0,950300.0
548,2021-10-21 07:22:42,129000.0,100.0,945300.0
549,2021-10-21 07:22:40,129000.0,3000.0,945200.0
550,2021-10-21 07:22:40,129000.0,500.0,942200.0
551,2021-10-21 07:22:40,129000.0,1000.0,941700.0
552,2021-10-21 07:22:40,129000.0,5000.0,940700.0
553,2021-10-21 07:22:40,129000.0,1000.0,935700.0
554,2021-10-21 07:22:40,129000.0,5000.0,934700.0
555,2021-10-21 07:22:40,129000.0,9900.0,929700.0
556,2021-10-21 07:22:40,128900.0,600.0,919800.0
557,2021-10-21 07:22:40,128900.0,4600.0,919200.0
558,2021-10-21 07:21:39,128900.0,400.0,914600.0
559,2021-10-21 07:21:20,128500.0,300.0,914200.0
560,2021-10-21 07:21:12,128500.0,300.0,913900.0
561,2021-10-21 07:20:57,128500.0,300.0,913600.0
562,2021-10-21 07:20:57,128600.0,100.0,913300.0
563,2021-10-21 07:20:43,128600.0,300.0,913200.0
564,2021-10-21 07:19:51,129000.0,100.0,912900.0
565,2021-10-21 07:19:51,129000.0,8000.0,912800.0
566,2021-10-21 07:19:51,129000.0,200.0,904800.0
567,2021-10-21 07:19:51,129000.0,1200.0,904600.0
568,2021-10-21 07:19:51,128900.0,10000.0,903400.0
569,2021-10-21 07:19:51,128900.0,5000.0,893400.0
570,2021-10-21 07:19:51,128800.0,5000.0,888400.0
571,2021-10-21 07:19:51,128800.0,500.0,883400.0
572,2021-10-21 07:19:23,128600.0,700.0,882900.0
573,2021-10-21 07:19:23,128600.0,100.0,882200.0
574,2021-10-21 07:19:23,128600.0,500.0,882100.0
575,2021-10-21 07:19:23,128600.0,500.0,881600.0
576,2021-10-21 07:19:23,128600.0,500.0,881100.0
577,2021-10-21 07:19:23,128600.0,200.0,880600.0
578,2021-10-21 07:18:32,128600.0,300.0,880400.0
579,2021-10-21 07:18:26,128600.0,200.0,880100.0
580,2021-10-21 07:18:26,128600.0,300.0,879900.0
581,2021-10-21 07:18:26,128600.0,100.0,879600.0
582,2021-10-21 07:18:26,128600.0,600.0,879500.0
583,2021-10-21 07:18:26,128700.0,100.0,878900.0
584,2021-10-21 07:17:36,128600.0,100.0,878800.0
585,2021-10-21 07:17:17,128600.0,800.0,878700.0
586,2021-10-21 07:16:21,128600.0,400.0,877900.0
587,2021-10-21 07:15:59,128600.0,1500.0,877500.0
588,2021-10-21 07:15:58,128600.0,100.0,876000.0
589,2021-10-21 07:15:41,128600.0,1000.0,875900.0
590,2021-10-21 07:15:41,128600.0,1900.0,874900.0
591,2021-10-21 07:15:41,128600.0,200.0,873000.0
592,2021-10-21 07:15:41,128600.0,300.0,872800.0
593,2021-10-21 07:14:09,128900.0,100.0,872500.0
594,2021-10-21 07:13:56,128900.0,1000.0,872400.0
595,2021-10-21 07:13:12,128900.0,2600.0,871400.0
596,2021-10-21 07:13:12,128900.0,800.0,868800.0
597,2021-10-21 07:11:24,129000.0,800.0,868000.0
598,2021-10-21 07:11:14,129000.0,300.0,867200.0
599,2021-10-21 07:11:12,129000.0,1000.0,866900.0
600,2021-10-21 07:11:12,129000.0,100.0,865900.0
601,2021-10-21 07:11:12,129000.0,800.0,865800.0
602,2021-10-21 07:10:56,129000.0,4200.0,865000.0
603,2021-10-21 07:10:47,129100.0,100.0,860800.0
604,2021-10-21 07:10:47,129000.0,5000.0,860700.0
605,2021-10-21 07:10:38,129000.0,300.0,855700.0
606,2021-10-21 07:10:38,129000.0,5000.0,855400.0
607,2021-10-21 07:10:31,129000.0,2000.0,850400.0
608,2021-10-21 07:10:11,129000.0,100.0,848400.0
609,2021-10-21 07:10:04,129000.0,5000.0,848300.0
610,2021-10-21 07:10:00,129000.0,200.0,843300.0
611,2021-10-21 07:10:00,129000.0,500.0,843100.0
612,2021-10-21 07:10:00,129000.0,100.0,842600.0
613,2021-10-21 07:10:00,129000.0,300.0,842500.0
614,2021-10-21 07:10:00,129000.0,200.0,842200.0
615,2021-10-21 07:10:00,129000.0,2000.0,842000.0
616,2021-10-21 07:10:00,129000.0,100.0,840000.0
617,2021-10-21 07:10:00,129000.0,5000.0,839900.0
618,2021-10-21 07:08:27,128400.0,100.0,834900.0
619,2021-10-21 07:08:27,128400.0,200.0,834800.0
620,2021-10-21 07:08:27,128400.0,100.0,834600.0
621,2021-10-21 07:08:27,128500.0,100.0,834500.0
622,2021-10-21 07:08:27,128500.0,600.0,834400.0
623,2021-10-21 07:08:22,128500.0,400.0,833800.0
624,2021-10-21 07:08:22,128500.0,200.0,833400.0
625,2021-10-21 07:08:22,128500.0,200.0,833200.0
626,2021-10-21 07:08:22,128500.0,400.0,833000.0
627,2021-10-21 07:08:11,128500.0,100.0,832600.0
628,2021-10-21 07:08:11,128500.0,300.0,832500.0
629,2021-10-21 07:07:48,128500.0,200.0,832200.0
630,2021-10-21 07:07:48,128500.0,4000.0,832000.0
631,2021-10-21 07:07:48,128500.0,100.0,828000.0
632,2021-10-21 07:07:48,128500.0,100.0,827900.0
633,2021-10-21 07:07:48,128500.0,100.0,827800.0
634,2021-10-21 07:07:48,128500.0,300.0,827700.0
635,2021-10-21 07:07:48,128500.0,100.0,827400.0
636,2021-10-21 07:07:48,128500.0,400.0,827300.0
637,2021-10-21 07:07:48,128500.0,3000.0,826900.0
638,2021-10-21 07:07:48,128500.0,1300.0,823900.0
639,2021-10-21 07:07:48,128600.0,200.0,822600.0
640,2021-10-21 07:07:48,128600.0,100.0,822400.0
641,2021-10-21 07:07:48,128600.0,500.0,822300.0
642,2021-10-21 07:07:48,128600.0,1100.0,821800.0
643,2021-10-21 07:07:48,129000.0,200.0,820700.0
644,2021-10-21 07:07:48,129000.0,100.0,820500.0
645,2021-10-21 07:07:48,129000.0,500.0,820400.0
646,2021-10-21 07:07:48,129000.0,12700.0,819900.0
647,2021-10-21 07:07:33,129000.0,1000.0,807200.0
648,2021-10-21 07:07:30,129000.0,100.0,806200.0
649,2021-10-21 07:07:01,129000.0,300.0,806100.0
650,2021-10-21 07:06:47,129000.0,200.0,805800.0
651,2021-10-21 07:06:41,129000.0,5000.0,805600.0
652,2021-10-21 07:06:35,129100.0,1000.0,800600.0
653,2021-10-21 07:06:34,129000.0,700.0,799600.0
654,2021-10-21 07:06:34,129000.0,4300.0,798900.0
655,2021-10-21 07:06:31,129000.0,700.0,794600.0
656,2021-10-21 07:06:22,129000.0,3500.0,793900.0
657,2021-10-21 07:06:12,129000.0,2500.0,790400.0
658,2021-10-21 07:05:58,129000.0,100.0,787900.0
659,2021-10-21 07:05:47,129000.0,5000.0,787800.0
660,2021-10-21 07:05:28,129000.0,2500.0,782800.0
661,2021-10-21 07:05:27,129000.0,5000.0,780300.0
662,2021-10-21 07:05:21,129000.0,5000.0,775300.0
663,2021-10-21 07:05:16,129100.0,300.0,770300.0
664,2021-10-21 07:04:11,129000.0,100.0,770000.0
665,2021-10-21 07:04:05,129000.0,1200.0,769900.0
666,2021-10-21 07:03:57,129000.0,1400.0,768700.0
667,2021-10-21 07:03:46,129000.0,1200.0,767300.0
668,2021-10-21 07:03:27,129000.0,1000.0,766100.0
669,2021-10-21 07:03:27,129100.0,100.0,765100.0
670,2021-10-21 07:03:19,129100.0,1500.0,765000.0
671,2021-10-21 07:03:09,129100.0,100.0,763500.0
672,2021-10-21 07:02:53,129000.0,1000.0,763400.0
673,2021-10-21 07:02:53,129000.0,200.0,762400.0
674,2021-10-21 07:02:53,129000.0,200.0,762200.0
675,2021-10-21 07:02:53,129000.0,5000.0,762000.0
676,2021-10-21 07:02:53,129000.0,4000.0,757000.0
677,2021-10-21 07:02:53,129000.0,200.0,753000.0
678,2021-10-21 07:02:53,129000.0,100.0,752800.0
679,2021-10-21 07:02:53,129000.0,2000.0,752700.0
680,2021-10-21 07:02:53,129000.0,100.0,750700.0
681,2021-10-21 07:02:53,129000.0,200.0,750600.0
682,2021-10-21 07:02:53,129000.0,100.0,750400.0
683,2021-10-21 07:02:53,129000.0,300.0,750300.0
684,2021-10-21 07:02:53,129000.0,600.0,750000.0
685,2021-10-21 07:02:53,128700.0,2500.0,749400.0
686,2021-10-21 07:01:43,128500.0,700.0,746900.0
687,2021-10-21 07:01:43,128500.0,1800.0,746200.0
688,2021-10-21 07:01:34,129000.0,1400.0,744400.0
689,2021-10-21 07:01:34,129000.0,500.0,743000.0
690,2021-10-21 07:01:34,129000.0,100.0,742500.0
691,2021-10-21 07:01:34,129000.0,400.0,742400.0
692,2021-10-21 07:01:34,129000.0,100.0,742000.0
693,2021-10-21 07:01:34,129000.0,700.0,741900.0
694,2021-10-21 07:01:34,129000.0,2000.0,741200.0
695,2021-10-21 07:01:34,129000.0,2000.0,739200.0
696,2021-10-21 07:01:34,129000.0,500.0,737200.0
697,2021-10-21 07:01:34,129000.0,2000.0,736700.0
698,2021-10-21 07:01:34,129000.0,2000.0,734700.0
699,2021-10-21 07:01:34,129000.0,2000.0,732700.0
700,2021-10-21 07:01:34,129000.0,2000.0,730700.0
701,2021-10-21 07:01:34,129000.0,300.0,728700.0
702,2021-10-21 07:01:34,129000.0,2000.0,728400.0
703,2021-10-21 07:01:34,129000.0,2000.0,726400.0
704,2021-10-21 07:01:34,129000.0,800.0,724400.0
705,2021-10-21 07:01:34,128900.0,100.0,723600.0
706,2021-10-21 07:01:34,128900.0,200.0,723500.0
707,2021-10-21 07:01:34,128700.0,100.0,723300.0
708,2021-10-21 07:01:34,128700.0,2000.0,723200.0
709,2021-10-21 07:01:34,128700.0,2500.0,721200.0
710,2021-10-21 07:01:34,128600.0,3000.0,718700.0
711,2021-10-21 07:01:34,128600.0,1300.0,715700.0
712,2021-10-21 07:01:13,128500.0,100.0,714400.0
713,2021-10-21 07:00:51,128500.0,1000.0,714300.0
714,2021-10-21 07:00:25,128500.0,200.0,713300.0
715,2021-10-21 07:00:13,128500.0,1000.0,713100.0
716,2021-10-21 07:00:10,128500.0,500.0,712100.0
717,2021-10-21 07:00:02,128500.0,2000.0,711600.0
718,2021-10-21 06:59:58,128500.0,900.0,709600.0
719,2021-10-21 06:59:40,128500.0,1600.0,708700.0
720,2021-10-21 06:59:36,128500.0,100.0,707100.0
721,2021-10-21 06:59:24,128500.0,500.0,707000.0
722,2021-10-21 06:59:24,128500.0,200.0,706500.0
723,2021-10-21 06:59:24,128500.0,100.0,706300.0
724,2021-10-21 06:59:10,128500.0,300.0,706200.0
725,2021-10-21 06:59:10,128500.0,3000.0,705900.0
726,2021-10-21 06:58:44,128500.0,600.0,702900.0
727,2021-10-21 06:58:38,128500.0,1100.0,702300.0
728,2021-10-21 06:58:31,128500.0,200.0,701200.0
729,2021-10-21 06:58:31,128500.0,100.0,701000.0
730,2021-10-21 06:58:31,128500.0,200.0,700900.0
731,2021-10-21 06:58:31,128500.0,500.0,700700.0
732,2021-10-21 06:58:31,128500.0,600.0,700200.0
733,2021-10-21 06:58:21,128500.0,400.0,699600.0
734,2021-10-21 06:58:21,128500.0,700.0,699200.0
735,2021-10-21 06:58:13,128500.0,1400.0,698500.0
736,2021-10-21 06:58:03,128500.0,1400.0,697100.0
737,2021-10-21 06:58:01,128600.0,2600.0,695700.0
738,2021-10-21 06:57:31,128600.0,100.0,693100.0
739,2021-10-21 06:55:36,128500.0,500.0,693000.0
740,2021-10-21 06:54:46,128500.0,100.0,692500.0
741,2021-10-21 06:54:32,128500.0,7400.0,692400.0
742,2021-10-21 06:54:00,128500.0,100.0,685000.0
743,2021-10-21 06:54:00,128500.0,500.0,684900.0
744,2021-10-21 06:54:00,128500.0,100.0,684400.0
745,2021-10-21 06:54:00,128500.0,200.0,684300.0
746,2021-10-21 06:54:00,128500.0,1700.0,684100.0
747,2021-10-21 06:53:17,128500.0,100.0,682400.0
748,2021-10-21 06:52:21,128500.0,200.0,682300.0
749,2021-10-21 06:52:21,128500.0,100.0,682100.0
750,2021-10-21 06:52:21,128500.0,900.0,682000.0
751,2021-10-21 06:52:17,128200.0,400.0,681100.0
752,2021-10-21 06:52:12,128400.0,100.0,680700.0
753,2021-10-21 06:51:44,128500.0,100.0,680600.0
754,2021-10-21 06:50:45,128500.0,100.0,680500.0
755,2021-10-21 06:50:43,128500.0,100.0,680400.0
756,2021-10-21 06:50:43,128500.0,3000.0,680300.0
757,2021-10-21 06:50:43,128500.0,100.0,677300.0
758,2021-10-21 06:50:43,128500.0,200.0,677200.0
759,2021-10-21 06:50:43,128500.0,100.0,677000.0
760,2021-10-21 06:50:43,128500.0,200.0,676900.0
761,2021-10-21 06:50:43,128500.0,200.0,676700.0
762,2021-10-21 06:50:39,128600.0,100.0,676500.0
763,2021-10-21 06:50:09,128600.0,1000.0,676400.0
764,2021-10-21 06:50:09,128600.0,100.0,675400.0
765,2021-10-21 06:50:09,128600.0,5000.0,675300.0
766,2021-10-21 06:50:09,128600.0,100.0,670300.0
767,2021-10-21 06:50:09,128600.0,100.0,670200.0
768,2021-10-21 06:49:19,128600.0,500.0,670100.0
769,2021-10-21 06:47:49,128600.0,100.0,669600.0
770,2021-10-21 06:47:32,128500.0,100.0,669500.0
771,2021-10-21 06:47:32,128500.0,100.0,669400.0
772,2021-10-21 06:46:31,128500.0,100.0,669300.0
773,2021-10-21 06:46:25,128500.0,100.0,669200.0
774,2021-10-21 06:46:25,128500.0,900.0,669100.0
775,2021-10-21 06:46:21,128500.0,2000.0,668200.0
776,2021-10-21 06:46:20,128100.0,300.0,666200.0
777,2021-10-21 06:46:20,128100.0,1000.0,665900.0
778,2021-10-21 06:46:20,128100.0,500.0,664900.0
779,2021-10-21 06:46:20,128100.0,500.0,664400.0
780,2021-10-21 06:46:20,128100.0,1000.0,663900.0
781,2021-10-21 06:46:20,128100.0,200.0,662900.0
782,2021-10-21 06:46:20,128100.0,100.0,662700.0
783,2021-10-21 06:46:20,128200.0,100.0,662600.0
784,2021-10-21 06:46:20,128200.0,200.0,662500.0
785,2021-10-21 06:46:20,128200.0,500.0,662300.0
786,2021-10-21 06:46:20,128200.0,200.0,661800.0
787,2021-10-21 06:46:20,128200.0,100.0,661600.0
788,2021-10-21 06:46:20,128200.0,200.0,661500.0
789,2021-10-21 06:46:20,128300.0,100.0,661300.0
790,2021-10-21 06:46:20,128300.0,1000.0,661200.0
791,2021-10-21 06:46:20,128300.0,500.0,660200.0
792,2021-10-21 06:46:20,128300.0,100.0,659700.0
793,2021-10-21 06:46:20,128300.0,1000.0,659600.0
794,2021-10-21 06:46:20,128300.0,300.0,658600.0
795,2021-10-21 06:46:20,128400.0,1000.0,658300.0
796,2021-10-21 06:46:20,128400.0,100.0,657300.0
797,2021-10-21 06:46:09,128500.0,100.0,657200.0
798,2021-10-21 06:46:01,128400.0,100.0,657100.0
799,2021-10-21 06:46:01,128400.0,100.0,657000.0
800,2021-10-21 06:45:33,128500.0,100.0,656900.0
801,2021-10-21 06:45:30,128500.0,2000.0,656800.0
802,2021-10-21 06:45:20,128500.0,1000.0,654800.0
803,2021-10-21 06:45:18,128500.0,1000.0,653800.0
804,2021-10-21 06:44:58,128500.0,100.0,652800.0
805,2021-10-21 06:44:45,128500.0,100.0,652700.0
806,2021-10-21 06:44:32,128500.0,1000.0,652600.0
807,2021-10-21 06:44:17,128500.0,1900.0,651600.0
808,2021-10-21 06:44:17,128500.0,1000.0,649700.0
809,2021-10-21 06:44:17,128500.0,100.0,648700.0
810,2021-10-21 06:44:17,128500.0,100.0,648600.0
811,2021-10-21 06:44:17,128500.0,500.0,648500.0
812,2021-10-21 06:44:17,128500.0,100.0,648000.0
813,2021-10-21 06:44:17,128500.0,400.0,647900.0
814,2021-10-21 06:44:17,128500.0,200.0,647500.0
815,2021-10-21 06:44:17,128500.0,1000.0,647300.0
816,2021-10-21 06:44:17,128500.0,200.0,646300.0
817,2021-10-21 06:44:17,128500.0,200.0,646100.0
818,2021-10-21 06:44:17,128500.0,100.0,645900.0
819,2021-10-21 06:44:17,128500.0,100.0,645800.0
820,2021-10-21 06:44:17,128500.0,100.0,645700.0
821,2021-10-21 06:44:17,128500.0,500.0,645600.0
822,2021-10-21 06:44:17,128500.0,100.0,645100.0
823,2021-10-21 06:44:17,128500.0,2000.0,645000.0
824,2021-10-21 06:44:17,128500.0,1000.0,643000.0
825,2021-10-21 06:44:17,128500.0,100.0,642000.0
826,2021-10-21 06:44:17,128500.0,300.0,641900.0
827,2021-10-21 06:44:17,128500.0,200.0,641600.0
828,2021-10-21 06:44:17,128500.0,5000.0,641400.0
829,2021-10-21 06:44:17,128500.0,100.0,636400.0
830,2021-10-21 06:44:17,128500.0,100.0,636300.0
831,2021-10-21 06:44:17,128500.0,2000.0,636200.0
832,2021-10-21 06:44:17,128500.0,300.0,634200.0
833,2021-10-21 06:44:17,128500.0,100.0,633900.0
834,2021-10-21 06:44:17,128500.0,1300.0,633800.0
835,2021-10-21 06:44:17,128500.0,200.0,632500.0
836,2021-10-21 06:44:17,128500.0,100.0,632300.0
837,2021-10-21 06:44:17,128500.0,100.0,632200.0
838,2021-10-21 06:44:17,128500.0,200.0,632100.0
839,2021-10-21 06:44:17,128500.0,100.0,631900.0
840,2021-10-21 06:44:17,128500.0,200.0,631800.0
841,2021-10-21 06:44:17,128500.0,100.0,631600.0
842,2021-10-21 06:44:17,128500.0,200.0,631500.0
843,2021-10-21 06:44:17,128500.0,100.0,631300.0
844,2021-10-21 06:44:17,128500.0,100.0,631200.0
845,2021-10-21 06:44:17,128500.0,300.0,631100.0
846,2021-10-21 06:44:17,128500.0,1000.0,630800.0
847,2021-10-21 06:44:17,128500.0,100.0,629800.0
848,2021-10-21 06:44:17,128500.0,100.0,629700.0
849,2021-10-21 06:44:17,128500.0,1800.0,629600.0
850,2021-10-21 06:44:17,128500.0,2000.0,627800.0
851,2021-10-21 06:44:17,128500.0,100.0,625800.0
852,2021-10-21 06:44:17,128500.0,100.0,625700.0
853,2021-10-21 06:44:17,128500.0,100.0,625600.0
854,2021-10-21 06:44:17,128500.0,500.0,625500.0
855,2021-10-21 06:44:17,128500.0,200.0,625000.0
856,2021-10-21 06:44:17,128500.0,20000.0,624800.0
857,2021-10-21 06:44:17,128500.0,100.0,604800.0
858,2021-10-21 06:44:17,128500.0,300.0,604700.0
859,2021-10-21 06:44:17,128500.0,200.0,604400.0
860,2021-10-21 06:44:17,128500.0,1300.0,604200.0
861,2021-10-21 06:44:17,128500.0,200.0,602900.0
862,2021-10-21 06:44:17,128600.0,100.0,602700.0
863,2021-10-21 06:44:17,128600.0,500.0,602600.0
864,2021-10-21 06:44:17,128600.0,6000.0,602100.0
865,2021-10-21 06:44:17,128600.0,100.0,596100.0
866,2021-10-21 06:44:17,128600.0,200.0,596000.0
867,2021-10-21 06:44:17,128600.0,400.0,595800.0
868,2021-10-21 06:44:17,128600.0,500.0,595400.0
869,2021-10-21 06:44:17,128600.0,500.0,594900.0
870,2021-10-21 06:44:17,128600.0,200.0,594400.0
871,2021-10-21 06:44:17,128600.0,200.0,594200.0
872,2021-10-21 06:44:17,128600.0,100.0,594000.0
873,2021-10-21 06:44:17,128600.0,100.0,593900.0
874,2021-10-21 06:44:17,128600.0,100.0,593800.0
875,2021-10-21 06:44:17,128600.0,1000.0,593700.0
876,2021-10-21 06:44:17,128600.0,1000.0,592700.0
877,2021-10-21 06:44:17,128600.0,5000.0,591700.0
878,2021-10-21 06:44:17,128600.0,200.0,586700.0
879,2021-10-21 06:44:17,128600.0,100.0,586500.0
880,2021-10-21 06:44:17,128600.0,100.0,586400.0
881,2021-10-21 06:44:17,128600.0,1000.0,586300.0
882,2021-10-21 06:44:17,128600.0,100.0,585300.0
883,2021-10-21 06:44:17,128600.0,100.0,585200.0
884,2021-10-21 06:44:17,128600.0,100.0,585100.0
885,2021-10-21 06:44:17,128600.0,100.0,585000.0
886,2021-10-21 06:44:17,128600.0,100.0,584900.0
887,2021-10-21 06:44:17,128700.0,100.0,584800.0
888,2021-10-21 06:44:17,128700.0,1000.0,584700.0
889,2021-10-21 06:44:17,128700.0,1000.0,583700.0
890,2021-10-21 06:44:17,128700.0,1000.0,582700.0
891,2021-10-21 06:44:17,128700.0,1000.0,581700.0
892,2021-10-21 06:44:17,128700.0,100.0,580700.0
893,2021-10-21 06:44:17,128700.0,100.0,580600.0
894,2021-10-21 06:44:17,128700.0,100.0,580500.0
895,2021-10-21 06:44:17,128700.0,100.0,580400.0
896,2021-10-21 06:44:17,128700.0,200.0,580300.0
897,2021-10-21 06:44:17,128700.0,500.0,580100.0
898,2021-10-21 06:44:17,128700.0,200.0,579600.0
899,2021-10-21 06:44:17,128700.0,100.0,579400.0
900,2021-10-21 06:44:17,128700.0,400.0,579300.0
901,2021-10-21 06:44:17,128700.0,100.0,578900.0
902,2021-10-21 06:44:17,128700.0,200.0,578800.0
903,2021-10-21 06:44:17,128700.0,7000.0,578600.0
904,2021-10-21 06:44:17,128700.0,100.0,571600.0
905,2021-10-21 06:44:17,128700.0,500.0,571500.0
906,2021-10-21 06:44:17,128700.0,100.0,571000.0
907,2021-10-21 06:44:17,128700.0,100.0,570900.0
908,2021-10-21 06:44:17,128700.0,20000.0,570800.0
909,2021-10-21 06:44:17,128700.0,1000.0,550800.0
910,2021-10-21 06:44:17,128700.0,100.0,549800.0
911,2021-10-21 06:44:17,128700.0,100.0,549700.0
912,2021-10-21 06:44:17,128700.0,100.0,549600.0
913,2021-10-21 06:44:17,128700.0,200.0,549500.0
914,2021-10-21 06:44:17,128700.0,100.0,549300.0
915,2021-10-21 06:44:17,128700.0,100.0,549200.0
916,2021-10-21 06:44:17,128700.0,500.0,549100.0
917,2021-10-21 06:44:17,128700.0,6300.0,548600.0
918,2021-10-21 06:43:56,128700.0,1400.0,542300.0
919,2021-10-21 06:43:52,128900.0,200.0,540900.0
920,2021-10-21 06:43:50,128700.0,400.0,540700.0
921,2021-10-21 06:43:50,128800.0,100.0,540300.0
922,2021-10-21 06:43:50,128800.0,100.0,540200.0
923,2021-10-21 06:43:50,128800.0,400.0,540100.0
924,2021-10-21 06:43:19,128800.0,600.0,539700.0
925,2021-10-21 06:43:19,128800.0,200.0,539100.0
926,2021-10-21 06:39:30,128700.0,100.0,538900.0
927,2021-10-21 06:39:25,128700.0,1800.0,538800.0
928,2021-10-21 06:39:25,128700.0,200.0,537000.0
929,2021-10-21 06:39:20,128700.0,1400.0,536800.0
930,2021-10-21 06:39:20,128700.0,100.0,535400.0
931,2021-10-21 06:39:20,128700.0,300.0,535300.0
932,2021-10-21 06:39:20,128700.0,200.0,535000.0
933,2021-10-21 06:38:50,128700.0,300.0,534800.0
934,2021-10-21 06:38:50,128700.0,200.0,534500.0
935,2021-10-21 06:38:50,128700.0,200.0,534300.0
936,2021-10-21 06:38:50,128800.0,300.0,534100.0
937,2021-10-21 06:38:32,128700.0,100.0,533800.0
938,2021-10-21 06:38:32,128800.0,400.0,533700.0
939,2021-10-21 06:38:25,128800.0,1300.0,533300.0
940,2021-10-21 06:38:17,128800.0,1500.0,532000.0
941,2021-10-21 06:38:15,128800.0,600.0,530500.0
942,2021-10-21 06:38:05,128800.0,1000.0,529900.0
943,2021-10-21 06:37:56,128800.0,1100.0,528900.0
944,2021-10-21 06:37:48,128800.0,1100.0,527800.0
945,2021-10-21 06:37:39,128700.0,700.0,526700.0
946,2021-10-21 06:37:39,128700.0,100.0,526000.0
947,2021-10-21 06:37:39,128700.0,100.0,525900.0
948,2021-10-21 06:37:39,128700.0,200.0,525800.0
949,2021-10-21 06:37:02,128700.0,200.0,525600.0
950,2021-10-21 06:37:02,128700.0,1100.0,525400.0
951,2021-10-21 06:36:40,128700.0,400.0,524300.0
952,2021-10-21 06:36:40,128800.0,100.0,523900.0
953,2021-10-21 06:36:40,128800.0,700.0,523800.0
954,2021-10-21 06:36:19,128800.0,1300.0,523100.0
955,2021-10-21 06:36:04,128800.0,400.0,521800.0
956,2021-10-21 06:36:00,129000.0,100.0,521400.0
957,2021-10-21 06:35:23,129000.0,100.0,521300.0
958,2021-10-21 06:35:23,129000.0,100.0,521200.0
959,2021-10-21 06:34:18,128900.0,100.0,521100.0
960,2021-10-21 06:32:08,129000.0,200.0,521000.0
961,2021-10-21 06:31:44,129000.0,600.0,520800.0
962,2021-10-21 06:31:37,129000.0,500.0,520200.0
963,2021-10-21 06:28:27,128700.0,1500.0,519700.0
964,2021-10-21 06:28:27,128700.0,500.0,518200.0
965,2021-10-21 06:28:27,128700.0,1000.0,517700.0
966,2021-10-21 06:28:27,128700.0,10000.0,516700.0
967,2021-10-21 06:28:27,128700.0,500.0,506700.0
968,2021-10-21 06:28:27,128700.0,200.0,506200.0
969,2021-10-21 06:28:27,128700.0,100.0,506000.0
970,2021-10-21 06:28:27,128700.0,100.0,505900.0
971,2021-10-21 06:28:27,128700.0,1000.0,505800.0
972,2021-10-21 06:28:27,128700.0,200.0,504800.0
973,2021-10-21 06:28:27,128700.0,100.0,504600.0
974,2021-10-21 06:28:27,128800.0,100.0,504500.0
975,2021-10-21 06:28:27,128800.0,100.0,504400.0
976,2021-10-21 06:28:27,128800.0,100.0,504300.0
977,2021-10-21 06:25:09,128700.0,100.0,504200.0
978,2021-10-21 06:24:51,128700.0,100.0,504100.0
979,2021-10-21 06:24:33,128700.0,1000.0,504000.0
980,2021-10-21 06:24:33,128700.0,100.0,503000.0
981,2021-10-21 06:24:33,128700.0,100.0,502900.0
982,2021-10-21 06:24:33,128700.0,100.0,502800.0
983,2021-10-21 06:24:33,128700.0,100.0,502700.0
984,2021-10-21 06:24:33,128700.0,300.0,502600.0
985,2021-10-21 06:24:33,128700.0,100.0,502300.0
986,2021-10-21 06:24:33,128700.0,100.0,502200.0
987,2021-10-21 06:24:33,128700.0,100.0,502100.0
988,2021-10-21 06:24:33,128700.0,100.0,502000.0
989,2021-10-21 06:24:33,128700.0,200.0,501900.0
990,2021-10-21 06:24:33,128700.0,100.0,501700.0
991,2021-10-21 06:24:33,128700.0,500.0,501600.0
992,2021-10-21 06:23:22,128700.0,500.0,501100.0
993,2021-10-21 06:23:22,128700.0,100.0,500600.0
994,2021-10-21 06:23:22,128700.0,200.0,500500.0
995,2021-10-21 06:23:22,128700.0,200.0,500300.0
996,2021-10-21 06:23:22,128700.0,200.0,500100.0
997,2021-10-21 06:23:22,128700.0,2000.0,499900.0
998,2021-10-21 06:23:22,128700.0,100.0,497900.0
999,2021-10-21 06:23:22,128700.0,300.0,497800.0
1000,2021-10-21 06:23:22,128700.0,5000.0,497500.0
1001,2021-10-21 06:23:22,128700.0,5000.0,492500.0
1002,2021-10-21 06:23:22,128700.0,100.0,487500.0
1003,2021-10-21 06:23:22,128700.0,200.0,487400.0
1004,2021-10-21 06:23:22,128700.0,100.0,487200.0
1005,2021-10-21 06:23:22,128700.0,1000.0,487100.0
1006,2021-10-21 06:23:22,128700.0,300.0,486100.0
1007,2021-10-21 06:23:22,128700.0,100.0,485800.0
1008,2021-10-21 06:23:22,128700.0,200.0,485700.0
1009,2021-10-21 06:23:22,128700.0,200.0,485500.0
1010,2021-10-21 06:23:22,128700.0,2800.0,485300.0
1011,2021-10-21 06:23:22,128800.0,1000.0,482500.0
1012,2021-10-21 06:23:22,128800.0,100.0,481500.0
1013,2021-10-21 06:23:22,128800.0,100.0,481400.0
1014,2021-10-21 06:23:22,128800.0,1000.0,481300.0
1015,2021-10-21 06:23:22,128800.0,200.0,480300.0
1016,2021-10-21 06:23:22,128800.0,100.0,480100.0
1017,2021-10-21 06:23:22,128800.0,1300.0,480000.0
1018,2021-10-21 06:23:22,128800.0,600.0,478700.0
1019,2021-10-21 06:23:22,128800.0,100.0,478100.0
1020,2021-10-21 06:23:22,128800.0,200.0,478000.0
1021,2021-10-21 06:23:22,128800.0,100.0,477800.0
1022,2021-10-21 06:23:22,128800.0,2000.0,477700.0
1023,2021-10-21 06:23:22,128800.0,200.0,475700.0
1024,2021-10-21 06:23:22,128800.0,100.0,475500.0
1025,2021-10-21 06:23:22,128800.0,500.0,475400.0
1026,2021-10-21 06:23:22,128800.0,1000.0,474900.0
1027,2021-10-21 06:23:22,128800.0,10000.0,473900.0
1028,2021-10-21 06:23:22,128800.0,100.0,463900.0
1029,2021-10-21 06:23:22,128800.0,100.0,463800.0
1030,2021-10-21 06:23:22,128800.0,100.0,463700.0
1031,2021-10-21 06:23:22,128800.0,100.0,463600.0
1032,2021-10-21 06:23:22,128800.0,700.0,463500.0
1033,2021-10-21 06:23:22,128900.0,1000.0,462800.0
1034,2021-10-21 06:23:22,128900.0,700.0,461800.0
1035,2021-10-21 06:23:10,128900.0,300.0,461100.0
1036,2021-10-21 06:23:07,129000.0,100.0,460800.0
1037,2021-10-21 06:22:55,129000.0,400.0,460700.0
1038,2021-10-21 06:22:10,129000.0,100.0,460300.0
1039,2021-10-21 06:22:10,129000.0,200.0,460200.0
1040,2021-10-21 06:22:10,129000.0,2000.0,460000.0
1041,2021-10-21 06:22:10,129000.0,200.0,458000.0
1042,2021-10-21 06:21:21,129000.0,100.0,457800.0
1043,2021-10-21 06:21:16,128800.0,400.0,457700.0
1044,2021-10-21 06:20:52,128800.0,200.0,457300.0
1045,2021-10-21 06:19:48,128800.0,200.0,457100.0
1046,2021-10-21 06:19:48,128800.0,100.0,456900.0
1047,2021-10-21 06:19:48,128800.0,600.0,456800.0
1048,2021-10-21 06:18:54,128800.0,400.0,456200.0
1049,2021-10-21 06:18:41,128800.0,2900.0,455800.0
1050,2021-10-21 06:18:18,128800.0,1100.0,452900.0
1051,2021-10-21 06:18:18,128800.0,100.0,451800.0
1052,2021-10-21 06:18:10,128800.0,100.0,451700.0
1053,2021-10-21 06:18:10,128800.0,1000.0,451600.0
1054,2021-10-21 06:18:10,128800.0,300.0,450600.0
1055,2021-10-21 06:18:00,128800.0,1400.0,450300.0
1056,2021-10-21 06:17:49,128800.0,300.0,448900.0
1057,2021-10-21 06:17:49,128800.0,100.0,448600.0
1058,2021-10-21 06:17:49,128900.0,100.0,448500.0
1059,2021-10-21 06:17:49,128900.0,600.0,448400.0
1060,2021-10-21 06:17:45,129000.0,400.0,447800.0
1061,2021-10-21 06:17:45,129000.0,400.0,447400.0
1062,2021-10-21 06:17:45,129000.0,200.0,447000.0
1063,2021-10-21 06:17:45,129000.0,3000.0,446800.0
1064,2021-10-21 06:17:45,129000.0,3000.0,443800.0
1065,2021-10-21 06:17:45,129000.0,500.0,440800.0
1066,2021-10-21 06:17:45,129000.0,200.0,440300.0
1067,2021-10-21 06:17:45,129000.0,200.0,440100.0
1068,2021-10-21 06:17:45,129000.0,500.0,439900.0
1069,2021-10-21 06:17:45,129000.0,1600.0,439400.0
1070,2021-10-21 06:17:40,128900.0,1100.0,437800.0
1071,2021-10-21 06:17:30,128900.0,300.0,436700.0
1072,2021-10-21 06:17:30,128900.0,500.0,436400.0
1073,2021-10-21 06:17:30,128900.0,300.0,435900.0
1074,2021-10-21 06:17:23,128900.0,700.0,435600.0
1075,2021-10-21 06:17:23,128900.0,100.0,434900.0
1076,2021-10-21 06:17:23,128900.0,600.0,434800.0
1077,2021-10-21 06:17:12,128900.0,1200.0,434200.0
1078,2021-10-21 06:16:58,128900.0,200.0,433000.0
1079,2021-10-21 06:16:58,128900.0,400.0,432800.0
1080,2021-10-21 06:16:58,128900.0,600.0,432400.0
1081,2021-10-21 06:16:56,129000.0,400.0,431800.0
1082,2021-10-21 06:16:56,129000.0,100.0,431400.0
1083,2021-10-21 06:16:51,128900.0,1100.0,431300.0
1084,2021-10-21 06:16:23,128900.0,1300.0,430200.0
1085,2021-10-21 06:16:23,128900.0,200.0,428900.0
1086,2021-10-21 06:16:19,129000.0,100.0,428700.0
1087,2021-10-21 06:16:19,129000.0,1900.0,428600.0
1088,2021-10-21 06:16:14,129000.0,100.0,426700.0
1089,2021-10-21 06:16:14,129000.0,1900.0,426600.0
1090,2021-10-21 06:16:01,129000.0,1000.0,424700.0
1091,2021-10-21 06:14:36,129000.0,100.0,423700.0
1092,2021-10-21 06:14:36,129000.0,2000.0,423600.0
1093,2021-10-21 06:14:36,129000.0,1000.0,421600.0
1094,2021-10-21 06:13:46,129000.0,1000.0,420600.0
1095,2021-10-21 06:13:21,129000.0,1000.0,419600.0
1096,2021-10-21 06:11:56,129000.0,1000.0,418600.0
1097,2021-10-21 06:11:56,129000.0,1000.0,417600.0
1098,2021-10-21 06:11:56,129000.0,100.0,416600.0
1099,2021-10-21 06:11:56,129000.0,100.0,416500.0
1100,2021-10-21 06:11:56,129000.0,2200.0,416400.0
1101,2021-10-21 06:11:56,129000.0,2000.0,414200.0
1102,2021-10-21 06:11:56,129000.0,100.0,412200.0
1103,2021-10-21 06:11:56,129000.0,400.0,412100.0
1104,2021-10-21 06:10:12,128900.0,400.0,411700.0
1105,2021-10-21 06:10:12,128900.0,400.0,411300.0
1106,2021-10-21 06:09:52,128900.0,100.0,410900.0
1107,2021-10-21 06:09:34,128900.0,100.0,410800.0
1108,2021-10-21 06:09:12,129000.0,200.0,410700.0
1109,2021-10-21 06:09:03,129000.0,200.0,410500.0
1110,2021-10-21 06:08:52,128900.0,1400.0,410300.0
1111,2021-10-21 06:08:45,128800.0,2000.0,408900.0
1112,2021-10-21 06:08:44,128800.0,1000.0,406900.0
1113,2021-10-21 06:08:41,128900.0,500.0,405900.0
1114,2021-10-21 06:08:34,128800.0,1100.0,405400.0
1115,2021-10-21 06:08:25,128800.0,1300.0,404300.0
1116,2021-10-21 06:08:16,128800.0,1300.0,403000.0
1117,2021-10-21 06:08:06,128800.0,400.0,401700.0
1118,2021-10-21 06:08:06,128800.0,100.0,401300.0
1119,2021-10-21 06:08:06,128900.0,100.0,401200.0
1120,2021-10-21 06:08:06,128900.0,100.0,401100.0
1121,2021-10-21 06:08:06,128900.0,200.0,401000.0
1122,2021-10-21 06:08:06,128900.0,200.0,400800.0
1123,2021-10-21 06:07:30,128900.0,800.0,400600.0
1124,2021-10-21 06:07:30,128900.0,100.0,399800.0
1125,2021-10-21 06:07:30,128900.0,600.0,399700.0
1126,2021-10-21 06:07:21,128900.0,1100.0,399100.0
1127,2021-10-21 06:07:13,128900.0,1300.0,398000.0
1128,2021-10-21 06:06:51,128900.0,1100.0,396700.0
1129,2021-10-21 06:06:39,129000.0,1000.0,395600.0
1130,2021-10-21 06:06:05,128900.0,900.0,394600.0
1131,2021-10-21 06:06:05,128900.0,400.0,393700.0
1132,2021-10-21 06:06:01,128900.0,100.0,393300.0
1133,2021-10-21 06:05:42,128900.0,1100.0,393200.0
1134,2021-10-21 06:05:42,128900.0,600.0,392100.0
1135,2021-10-21 06:05:42,128900.0,700.0,391500.0
1136,2021-10-21 06:05:14,129000.0,1200.0,390800.0
1137,2021-10-21 06:05:14,129000.0,2800.0,389600.0
1138,2021-10-21 06:05:03,129000.0,900.0,386800.0
1139,2021-10-21 06:05:03,129000.0,100.0,385900.0
1140,2021-10-21 06:04:45,129000.0,1100.0,385800.0
1141,2021-10-21 06:04:45,129000.0,3000.0,384700.0
1142,2021-10-21 06:04:45,129000.0,2100.0,381700.0
1143,2021-10-21 06:03:07,129000.0,200.0,379600.0
1144,2021-10-21 06:02:36,129000.0,100.0,379400.0
1145,2021-10-21 06:02:34,129000.0,1000.0,379300.0
1146,2021-10-21 06:01:12,129000.0,100.0,378300.0
1147,2021-10-21 06:00:52,129000.0,300.0,378200.0
1148,2021-10-21 06:00:44,129000.0,100.0,377900.0
1149,2021-10-21 06:00:26,129000.0,100.0,377800.0
1150,2021-10-21 06:00:20,129000.0,200.0,377700.0
1151,2021-10-21 06:00:20,128900.0,100.0,377500.0
1152,2021-10-21 06:00:20,128900.0,100.0,377400.0
1153,2021-10-21 06:00:17,129000.0,100.0,377300.0
1154,2021-10-21 06:00:15,129000.0,300.0,377200.0
1155,2021-10-21 06:00:15,129000.0,400.0,376900.0
1156,2021-10-21 06:00:15,129000.0,100.0,376500.0
1157,2021-10-21 06:00:06,129000.0,100.0,376400.0
1158,2021-10-21 06:00:04,129100.0,100.0,376300.0
1159,2021-10-21 06:00:02,129100.0,100.0,376200.0
1160,2021-10-21 06:00:01,129100.0,2800.0,376100.0
1161,2021-10-21 06:00:01,129100.0,5000.0,373300.0
1162,2021-10-21 06:00:01,129100.0,2000.0,368300.0
1163,2021-10-21 06:00:01,129000.0,200.0,366300.0
1164,2021-10-21 06:00:01,129000.0,100.0,366100.0
1165,2021-10-21 04:29:51,129000.0,200.0,366000.0
1166,2021-10-21 04:29:08,129000.0,100.0,365800.0
1167,2021-10-21 04:28:34,129000.0,100.0,365700.0
1168,2021-10-21 04:28:34,129000.0,400.0,365600.0
1169,2021-10-21 04:28:09,129000.0,100.0,365200.0
1170,2021-10-21 04:27:47,129000.0,1000.0,365100.0
1171,2021-10-21 04:27:47,129000.0,2500.0,364100.0
1172,2021-10-21 04:27:37,129000.0,100.0,361600.0
1173,2021-10-21 04:27:35,129000.0,1200.0,361500.0
1174,2021-10-21 04:26:13,129000.0,100.0,360300.0
1175,2021-10-21 04:25:42,129000.0,100.0,360200.0
1176,2021-10-21 04:25:23,129000.0,100.0,360100.0
1177,2021-10-21 04:25:23,129000.0,900.0,360000.0
1178,2021-10-21 04:25:00,129000.0,500.0,359100.0
1179,2021-10-21 04:24:56,129000.0,100.0,358600.0
1180,2021-10-21 04:24:49,129000.0,200.0,358500.0
1181,2021-10-21 04:24:49,129000.0,100.0,358300.0
1182,2021-10-21 04:24:49,129000.0,100.0,358200.0
1183,2021-10-21 04:23:40,129000.0,2000.0,358100.0
1184,2021-10-21 04:23:40,129000.0,200.0,356100.0
1185,2021-10-21 04:23:40,129000.0,100.0,355900.0
1186,2021-10-21 04:23:40,129000.0,300.0,355800.0
1187,2021-10-21 04:23:40,129000.0,500.0,355500.0
1188,2021-10-21 04:23:40,129000.0,1900.0,355000.0
1189,2021-10-21 04:23:32,128900.0,300.0,353100.0
1190,2021-10-21 04:23:16,129000.0,100.0,352800.0
1191,2021-10-21 04:23:16,129000.0,2000.0,352700.0
1192,2021-10-21 04:23:16,129000.0,3000.0,350700.0
1193,2021-10-21 04:23:04,128900.0,100.0,347700.0
1194,2021-10-21 04:21:26,128900.0,100.0,347600.0
1195,2021-10-21 04:21:26,128900.0,200.0,347500.0
1196,2021-10-21 04:21:26,128900.0,200.0,347300.0
1197,2021-10-21 04:21:26,128900.0,200.0,347100.0
1198,2021-10-21 04:21:26,128900.0,100.0,346900.0
1199,2021-10-21 04:21:26,128900.0,1800.0,346800.0
1200,2021-10-21 04:21:12,128900.0,800.0,345000.0
1201,2021-10-21 04:20:47,128900.0,3100.0,344200.0
1202,2021-10-21 04:20:24,128800.0,900.0,341100.0
1203,2021-10-21 04:19:57,128800.0,100.0,340200.0
1204,2021-10-21 04:19:22,128800.0,1000.0,340100.0
1205,2021-10-21 04:17:19,128800.0,2000.0,339100.0
1206,2021-10-21 04:15:32,128800.0,500.0,337100.0
1207,2021-10-21 04:15:09,128800.0,400.0,336600.0
1208,2021-10-21 04:15:09,128800.0,300.0,336200.0
1209,2021-10-21 04:15:09,128800.0,1000.0,335900.0
1210,2021-10-21 04:15:09,128800.0,100.0,334900.0
1211,2021-10-21 04:15:09,128800.0,100.0,334800.0
1212,2021-10-21 04:15:09,128800.0,100.0,334700.0
1213,2021-10-21 04:15:03,128800.0,200.0,334600.0
1214,2021-10-21 04:15:02,128800.0,100.0,334400.0
1215,2021-10-21 04:15:02,128800.0,100.0,334300.0
1216,2021-10-21 04:15:02,128800.0,100.0,334200.0
1217,2021-10-21 04:15:02,128800.0,100.0,334100.0
1218,2021-10-21 04:14:42,128800.0,500.0,334000.0
1219,2021-10-21 04:14:42,128800.0,500.0,333500.0
1220,2021-10-21 04:14:36,128800.0,1800.0,333000.0
1221,2021-10-21 04:14:32,128800.0,100.0,331200.0
1222,2021-10-21 04:13:51,128800.0,600.0,331100.0
1223,2021-10-21 04:13:32,128800.0,1000.0,330500.0
1224,2021-10-21 04:12:51,128800.0,1000.0,329500.0
1225,2021-10-21 04:12:51,128800.0,100.0,328500.0
1226,2021-10-21 04:12:51,128800.0,300.0,328400.0
1227,2021-10-21 04:12:51,128800.0,100.0,328100.0
1228,2021-10-21 04:12:51,128800.0,7600.0,328000.0
1229,2021-10-21 04:11:58,128900.0,700.0,320400.0
1230,2021-10-21 04:10:17,128800.0,500.0,319700.0
1231,2021-10-21 04:10:06,128800.0,200.0,319200.0
1232,2021-10-21 04:10:02,128800.0,100.0,319000.0
1233,2021-10-21 04:10:02,128800.0,200.0,318900.0
1234,2021-10-21 04:10:02,128800.0,100.0,318700.0
1235,2021-10-21 04:09:54,128800.0,500.0,318600.0
1236,2021-10-21 04:09:53,128900.0,1000.0,318100.0
1237,2021-10-21 04:07:12,128900.0,300.0,317100.0
1238,2021-10-21 04:06:15,128900.0,100.0,316800.0
1239,2021-10-21 04:05:47,128800.0,100.0,316700.0
1240,2021-10-21 04:04:33,128900.0,100.0,316600.0
1241,2021-10-21 04:04:22,128800.0,700.0,316500.0
1242,2021-10-21 04:04:22,128800.0,300.0,315800.0
1243,2021-10-21 04:04:22,128800.0,300.0,315500.0
1244,2021-10-21 04:04:22,128800.0,200.0,315200.0
1245,2021-10-21 04:04:21,128800.0,100.0,315000.0
1246,2021-10-21 04:04:21,128800.0,300.0,314900.0
1247,2021-10-21 04:04:08,128800.0,300.0,314600.0
1248,2021-10-21 04:04:03,128800.0,2000.0,314300.0
1249,2021-10-21 04:03:23,128800.0,1000.0,312300.0
1250,2021-10-21 04:02:54,128900.0,100.0,311300.0
1251,2021-10-21 04:00:53,128900.0,300.0,311200.0
1252,2021-10-21 04:00:45,128900.0,100.0,310900.0
1253,2021-10-21 04:00:39,128900.0,200.0,310800.0
1254,2021-10-21 04:00:33,128900.0,200.0,310600.0
1255,2021-10-21 04:00:26,128900.0,200.0,310400.0
1256,2021-10-21 04:00:26,128900.0,1000.0,310200.0
1257,2021-10-21 04:00:10,129000.0,500.0,309200.0
1258,2021-10-21 03:59:55,129000.0,200.0,308700.0
1259,2021-10-21 03:59:28,129000.0,200.0,308500.0
1260,2021-10-21 03:59:18,128900.0,200.0,308300.0
1261,2021-10-21 03:58:12,128900.0,8800.0,308100.0
1262,2021-10-21 03:58:04,128800.0,200.0,299300.0
1263,2021-10-21 03:57:43,128800.0,200.0,299100.0
1264,2021-10-21 03:56:42,128800.0,600.0,298900.0
1265,2021-10-21 03:56:42,128800.0,100.0,298300.0
1266,2021-10-21 03:56:42,128800.0,100.0,298200.0
1267,2021-10-21 03:56:42,128800.0,200.0,298100.0
1268,2021-10-21 03:56:42,128800.0,100.0,297900.0
1269,2021-10-21 03:56:40,128800.0,100.0,297800.0
1270,2021-10-21 03:56:35,128800.0,5000.0,297700.0
1271,2021-10-21 03:56:34,128700.0,200.0,292700.0
1272,2021-10-21 03:56:34,128700.0,100.0,292500.0
1273,2021-10-21 03:56:34,128700.0,100.0,292400.0
1274,2021-10-21 03:56:34,128700.0,100.0,292300.0
1275,2021-10-21 03:56:34,128700.0,100.0,292200.0
1276,2021-10-21 03:56:16,128800.0,600.0,292100.0
1277,2021-10-21 03:56:07,128800.0,200.0,291500.0
1278,2021-10-21 03:55:57,128800.0,2000.0,291300.0
1279,2021-10-21 03:55:30,128700.0,100.0,289300.0
1280,2021-10-21 03:55:19,128800.0,100.0,289200.0
1281,2021-10-21 03:55:09,128700.0,100.0,289100.0
1282,2021-10-21 03:54:51,128800.0,200.0,289000.0
1283,2021-10-21 03:54:10,128700.0,100.0,288800.0
1284,2021-10-21 03:54:10,128700.0,100.0,288700.0
1285,2021-10-21 03:53:54,128800.0,200.0,288600.0
1286,2021-10-21 03:53:47,128800.0,100.0,288400.0
1287,2021-10-21 03:53:29,128800.0,1000.0,288300.0
1288,2021-10-21 03:53:29,128800.0,100.0,287300.0
1289,2021-10-21 03:53:29,128800.0,100.0,287200.0
1290,2021-10-21 03:53:29,128800.0,100.0,287100.0
1291,2021-10-21 03:53:29,128800.0,300.0,287000.0
1292,2021-10-21 03:53:26,128800.0,100.0,286700.0
1293,2021-10-21 03:53:05,128800.0,200.0,286600.0
1294,2021-10-21 03:52:12,128800.0,900.0,286400.0
1295,2021-10-21 03:52:11,128800.0,100.0,285500.0
1296,2021-10-21 03:51:48,128800.0,200.0,285400.0
1297,2021-10-21 03:51:48,128800.0,100.0,285200.0
1298,2021-10-21 03:51:25,128800.0,100.0,285100.0
1299,2021-10-21 03:51:24,128700.0,200.0,285000.0
1300,2021-10-21 03:51:08,128800.0,100.0,284800.0
1301,2021-10-21 03:51:07,128800.0,100.0,284700.0
1302,2021-10-21 03:51:07,128800.0,100.0,284600.0
1303,2021-10-21 03:50:33,128900.0,200.0,284500.0
1304,2021-10-21 03:50:33,128900.0,500.0,284300.0
1305,2021-10-21 03:50:33,128900.0,2000.0,283800.0
1306,2021-10-21 03:50:33,128900.0,500.0,281800.0
1307,2021-10-21 03:50:03,128900.0,100.0,281300.0
1308,2021-10-21 03:50:03,128900.0,700.0,281200.0
1309,2021-10-21 03:50:02,128900.0,500.0,280500.0
1310,2021-10-21 03:49:35,128900.0,100.0,280000.0
1311,2021-10-21 03:49:31,128900.0,700.0,279900.0
1312,2021-10-21 03:49:28,128800.0,500.0,279200.0
1313,2021-10-21 03:49:28,128800.0,100.0,278700.0
1314,2021-10-21 03:49:28,128800.0,100.0,278600.0
1315,2021-10-21 03:49:28,128800.0,300.0,278500.0
1316,2021-10-21 03:49:19,128800.0,700.0,278200.0
1317,2021-10-21 03:49:19,128800.0,200.0,277500.0
1318,2021-10-21 03:49:19,128800.0,500.0,277300.0
1319,2021-10-21 03:49:19,128800.0,100.0,276800.0
1320,2021-10-21 03:49:19,128800.0,100.0,276700.0
1321,2021-10-21 03:49:14,128900.0,2500.0,276600.0
1322,2021-10-21 03:49:10,128900.0,400.0,274100.0
1323,2021-10-21 03:49:10,128900.0,100.0,273700.0
1324,2021-10-21 03:49:10,128900.0,100.0,273600.0
1325,2021-10-21 03:49:10,128900.0,100.0,273500.0
1326,2021-10-21 03:49:10,128900.0,100.0,273400.0
1327,2021-10-21 03:49:10,128900.0,100.0,273300.0
1328,2021-10-21 03:49:10,128900.0,100.0,273200.0
1329,2021-10-21 03:49:10,128900.0,2600.0,273100.0
1330,2021-10-21 03:49:10,128900.0,200.0,270500.0
1331,2021-10-21 03:49:10,128900.0,900.0,270300.0
1332,2021-10-21 03:49:10,128900.0,500.0,269400.0
1333,2021-10-21 03:49:01,128900.0,3600.0,268900.0
1334,2021-10-21 03:49:01,128900.0,500.0,265300.0
1335,2021-10-21 03:49:01,128900.0,200.0,264800.0
1336,2021-10-21 03:49:01,128900.0,700.0,264600.0
1337,2021-10-21 03:48:53,128900.0,100.0,263900.0
1338,2021-10-21 03:48:36,128900.0,100.0,263800.0
1339,2021-10-21 03:48:36,128900.0,100.0,263700.0
1340,2021-10-21 03:48:36,128900.0,100.0,263600.0
1341,2021-10-21 03:48:36,128900.0,100.0,263500.0
1342,2021-10-21 03:48:33,128900.0,9900.0,263400.0
1343,2021-10-21 03:48:33,128900.0,100.0,253500.0
1344,2021-10-21 03:48:22,129000.0,100.0,253400.0
1345,2021-10-21 03:48:03,129000.0,100.0,253300.0
1346,2021-10-21 03:47:59,129000.0,500.0,253200.0
1347,2021-10-21 03:47:52,129000.0,500.0,252700.0
1348,2021-10-21 03:47:52,129000.0,200.0,252200.0
1349,2021-10-21 03:47:51,129000.0,100.0,252000.0
1350,2021-10-21 03:47:33,129000.0,200.0,251900.0
1351,2021-10-21 03:47:33,129000.0,500.0,251700.0
1352,2021-10-21 03:47:33,129000.0,500.0,251200.0
1353,2021-10-21 03:47:33,129000.0,100.0,250700.0
1354,2021-10-21 03:47:33,129000.0,100.0,250600.0
1355,2021-10-21 03:47:33,129000.0,100.0,250500.0
1356,2021-10-21 03:47:33,129000.0,500.0,250400.0
1357,2021-10-21 03:47:33,129000.0,100.0,249900.0
1358,2021-10-21 03:47:00,129000.0,9900.0,249800.0
1359,2021-10-21 03:47:00,129000.0,100.0,239900.0
1360,2021-10-21 03:46:51,129000.0,100.0,239800.0
1361,2021-10-21 03:46:51,129000.0,100.0,239700.0
1362,2021-10-21 03:46:51,129000.0,100.0,239600.0
1363,2021-10-21 03:46:51,129000.0,100.0,239500.0
1364,2021-10-21 03:46:51,129000.0,100.0,239400.0
1365,2021-10-21 03:46:51,129000.0,200.0,239300.0
1366,2021-10-21 03:46:51,129000.0,100.0,239100.0
1367,2021-10-21 03:46:51,129000.0,500.0,239000.0
1368,2021-10-21 03:46:51,129000.0,1000.0,238500.0
1369,2021-10-21 03:46:51,129000.0,700.0,237500.0
1370,2021-10-21 03:46:51,129000.0,1000.0,236800.0
1371,2021-10-21 03:46:16,129100.0,100.0,235800.0
1372,2021-10-21 03:46:06,129100.0,100.0,235700.0
1373,2021-10-21 03:46:06,129000.0,600.0,235600.0
1374,2021-10-21 03:46:06,129000.0,800.0,235000.0
1375,2021-10-21 03:45:11,129100.0,500.0,234200.0
1376,2021-10-21 03:45:08,129100.0,300.0,233700.0
1377,2021-10-21 03:45:08,129100.0,100.0,233400.0
1378,2021-10-21 03:44:26,129100.0,900.0,233300.0
1379,2021-10-21 03:44:26,129100.0,100.0,232400.0
1380,2021-10-21 03:43:30,129100.0,100.0,232300.0
1381,2021-10-21 03:41:41,129200.0,800.0,232200.0
1382,2021-10-21 03:41:41,129200.0,500.0,231400.0
1383,2021-10-21 03:41:41,129200.0,1000.0,230900.0
1384,2021-10-21 03:41:41,129100.0,200.0,229900.0
1385,2021-10-21 03:41:41,129100.0,300.0,229700.0
1386,2021-10-21 03:41:41,129100.0,200.0,229400.0
1387,2021-10-21 03:40:58,129100.0,100.0,229200.0
1388,2021-10-21 03:40:54,129000.0,200.0,229100.0
1389,2021-10-21 03:40:54,129000.0,800.0,228900.0
1390,2021-10-21 03:40:02,129100.0,100.0,228100.0
1391,2021-10-21 03:39:46,129100.0,200.0,228000.0
1392,2021-10-21 03:39:28,129100.0,100.0,227800.0
1393,2021-10-21 03:39:11,129000.0,200.0,227700.0
1394,2021-10-21 03:39:11,129000.0,300.0,227500.0
1395,2021-10-21 03:39:11,129000.0,100.0,227200.0
1396,2021-10-21 03:39:11,129000.0,2500.0,227100.0
1397,2021-10-21 03:39:07,129000.0,2500.0,224600.0
1398,2021-10-21 03:39:07,129000.0,600.0,222100.0
1399,2021-10-21 03:39:07,129000.0,100.0,221500.0
1400,2021-10-21 03:38:31,129100.0,100.0,221400.0
1401,2021-10-21 03:38:31,129100.0,100.0,221300.0
1402,2021-10-21 03:38:31,129100.0,700.0,221200.0
1403,2021-10-21 03:38:31,129100.0,500.0,220500.0
1404,2021-10-21 03:38:31,129100.0,1300.0,220000.0
1405,2021-10-21 03:38:08,129100.0,200.0,218700.0
1406,2021-10-21 03:36:36,129100.0,1200.0,218500.0
1407,2021-10-21 03:36:36,129100.0,200.0,217300.0
1408,2021-10-21 03:36:36,129100.0,100.0,217100.0
1409,2021-10-21 03:36:36,129100.0,400.0,217000.0
1410,2021-10-21 03:36:36,129100.0,1000.0,216600.0
1411,2021-10-21 03:36:20,129100.0,200.0,215600.0
1412,2021-10-21 03:35:40,129100.0,100.0,215400.0
1413,2021-10-21 03:35:29,129100.0,300.0,215300.0
1414,2021-10-21 03:34:23,129100.0,1600.0,215000.0
1415,2021-10-21 03:34:08,129100.0,100.0,213400.0
1416,2021-10-21 03:33:37,129100.0,500.0,213300.0
1417,2021-10-21 03:33:37,129100.0,100.0,212800.0
1418,2021-10-21 03:33:37,129100.0,100.0,212700.0
1419,2021-10-21 03:33:37,129100.0,100.0,212600.0
1420,2021-10-21 03:33:37,129100.0,500.0,212500.0
1421,2021-10-21 03:33:30,129100.0,200.0,212000.0
1422,2021-10-21 03:33:03,129100.0,200.0,211800.0
1423,2021-10-21 03:32:55,129100.0,1000.0,211600.0
1424,2021-10-21 03:32:25,129100.0,500.0,210600.0
1425,2021-10-21 03:31:45,129200.0,600.0,210100.0
1426,2021-10-21 03:31:42,129200.0,100.0,209500.0
1427,2021-10-21 03:31:29,129200.0,200.0,209400.0
1428,2021-10-21 03:31:28,129100.0,1000.0,209200.0
1429,2021-10-21 03:31:10,129100.0,600.0,208200.0
1430,2021-10-21 03:30:57,129100.0,1000.0,207600.0
1431,2021-10-21 03:30:57,129100.0,100.0,206600.0
1432,2021-10-21 03:30:57,129100.0,200.0,206500.0
1433,2021-10-21 03:30:00,129200.0,900.0,206300.0
1434,2021-10-21 03:30:00,129200.0,100.0,205400.0
1435,2021-10-21 03:29:58,129200.0,100.0,205300.0
1436,2021-10-21 03:29:04,129200.0,1800.0,205200.0
1437,2021-10-21 03:29:04,129200.0,200.0,203400.0
1438,2021-10-21 03:28:45,129200.0,2800.0,203200.0
1439,2021-10-21 03:28:45,129200.0,2200.0,200400.0
1440,2021-10-21 03:28:30,129200.0,200.0,198200.0
1441,2021-10-21 03:28:29,129200.0,200.0,198000.0
1442,2021-10-21 03:27:45,129100.0,1000.0,197800.0
1443,2021-10-21 03:27:15,129100.0,200.0,196800.0
1444,2021-10-21 03:27:15,129100.0,500.0,196600.0
1445,2021-10-21 03:27:11,129100.0,1000.0,196100.0
1446,2021-10-21 03:26:59,129100.0,500.0,195100.0
1447,2021-10-21 03:26:59,129100.0,2000.0,194600.0
1448,2021-10-21 03:26:59,129100.0,3600.0,192600.0
1449,2021-10-21 03:26:47,129100.0,100.0,189000.0
1450,2021-10-21 03:26:09,129100.0,1000.0,188900.0
1451,2021-10-21 03:26:07,129100.0,100.0,187900.0
1452,2021-10-21 03:26:07,129100.0,500.0,187800.0
1453,2021-10-21 03:26:06,129100.0,100.0,187300.0
1454,2021-10-21 03:25:47,129100.0,1000.0,187200.0
1455,2021-10-21 03:25:37,129100.0,500.0,186200.0
1456,2021-10-21 03:25:33,129100.0,2000.0,185700.0
1457,2021-10-21 03:25:32,129000.0,300.0,183700.0
1458,2021-10-21 03:25:25,129100.0,200.0,183400.0
1459,2021-10-21 03:25:04,129000.0,100.0,183200.0
1460,2021-10-21 03:25:04,129000.0,100.0,183100.0
1461,2021-10-21 03:25:02,129000.0,100.0,183000.0
1462,2021-10-21 03:25:02,129000.0,100.0,182900.0
1463,2021-10-21 03:24:51,129000.0,800.0,182800.0
1464,2021-10-21 03:24:48,129000.0,100.0,182000.0
1465,2021-10-21 03:24:19,129000.0,100.0,181900.0
1466,2021-10-21 03:24:19,129000.0,100.0,181800.0
1467,2021-10-21 03:24:19,129000.0,5000.0,181700.0
1468,2021-10-21 03:24:19,129000.0,100.0,176700.0
1469,2021-10-21 03:24:19,129000.0,700.0,176600.0
1470,2021-10-21 03:24:19,129000.0,100.0,175900.0
1471,2021-10-21 03:24:19,129000.0,100.0,175800.0
1472,2021-10-21 03:24:19,129000.0,100.0,175700.0
1473,2021-10-21 03:24:19,129000.0,800.0,175600.0
1474,2021-10-21 03:23:21,129000.0,100.0,174800.0
1475,2021-10-21 03:23:21,129000.0,100.0,174700.0
1476,2021-10-21 03:23:21,129000.0,200.0,174600.0
1477,2021-10-21 03:23:21,129000.0,200.0,174400.0
1478,2021-10-21 03:23:21,129000.0,100.0,174200.0
1479,2021-10-21 03:23:21,129000.0,300.0,174100.0
1480,2021-10-21 03:23:18,129000.0,1700.0,173800.0
1481,2021-10-21 03:23:18,129000.0,1000.0,172100.0
1482,2021-10-21 03:23:18,129000.0,1000.0,171100.0
1483,2021-10-21 03:23:18,129000.0,200.0,170100.0
1484,2021-10-21 03:23:18,129000.0,100.0,169900.0
1485,2021-10-21 03:23:18,129000.0,400.0,169800.0
1486,2021-10-21 03:23:18,129000.0,100.0,169400.0
1487,2021-10-21 03:23:18,129000.0,10000.0,169300.0
1488,2021-10-21 03:23:18,129000.0,300.0,159300.0
1489,2021-10-21 03:23:18,129000.0,500.0,159000.0
1490,2021-10-21 03:23:18,129000.0,200.0,158500.0
1491,2021-10-21 03:23:18,129000.0,400.0,158300.0
1492,2021-10-21 03:23:18,129000.0,100.0,157900.0
1493,2021-10-21 03:23:18,129000.0,100.0,157800.0
1494,2021-10-21 03:23:18,129000.0,100.0,157700.0
1495,2021-10-21 03:23:18,129000.0,300.0,157600.0
1496,2021-10-21 03:23:18,129000.0,1000.0,157300.0
1497,2021-10-21 03:23:18,129000.0,100.0,156300.0
1498,2021-10-21 03:23:18,129000.0,100.0,156200.0
1499,2021-10-21 03:23:18,129000.0,100.0,156100.0
1500,2021-10-21 03:23:18,129000.0,200.0,156000.0
1501,2021-10-21 03:23:18,129000.0,100.0,155800.0
1502,2021-10-21 03:23:18,129000.0,300.0,155700.0
1503,2021-10-21 03:23:18,129000.0,100.0,155400.0
1504,2021-10-21 03:23:18,129000.0,1000.0,155300.0
1505,2021-10-21 03:23:18,129000.0,100.0,154300.0
1506,2021-10-21 03:23:18,129000.0,400.0,154200.0
1507,2021-10-21 03:23:13,129100.0,800.0,153800.0
1508,2021-10-21 03:23:13,129100.0,100.0,153000.0
1509,2021-10-21 03:23:06,129000.0,3100.0,152900.0
1510,2021-10-21 03:23:06,129000.0,100.0,149800.0
1511,2021-10-21 03:23:06,129000.0,300.0,149700.0
1512,2021-10-21 03:23:06,129000.0,1000.0,149400.0
1513,2021-10-21 03:23:06,129000.0,100.0,148400.0
1514,2021-10-21 03:23:06,129000.0,100.0,148300.0
1515,2021-10-21 03:23:06,129100.0,100.0,148200.0
1516,2021-10-21 03:23:06,129100.0,200.0,148100.0
1517,2021-10-21 03:23:06,129100.0,8000.0,147900.0
1518,2021-10-21 03:23:03,129100.0,300.0,139900.0
1519,2021-10-21 03:22:38,129100.0,500.0,139600.0
1520,2021-10-21 03:22:38,129200.0,100.0,139100.0
1521,2021-10-21 03:22:19,129200.0,400.0,139000.0
1522,2021-10-21 03:22:19,129200.0,100.0,138600.0
1523,2021-10-21 03:22:16,129200.0,100.0,138500.0
1524,2021-10-21 03:22:07,129200.0,200.0,138400.0
1525,2021-10-21 03:22:07,129200.0,1800.0,138200.0
1526,2021-10-21 03:22:06,129200.0,200.0,136400.0
1527,2021-10-21 03:22:06,129200.0,100.0,136200.0
1528,2021-10-21 03:22:06,129200.0,700.0,136100.0
1529,2021-10-21 03:21:51,129200.0,100.0,135400.0
1530,2021-10-21 03:21:42,129200.0,4200.0,135300.0
1531,2021-10-21 03:21:42,129200.0,3600.0,131100.0
1532,2021-10-21 03:21:41,129100.0,100.0,127500.0
1533,2021-10-21 03:21:29,129200.0,100.0,127400.0
1534,2021-10-21 03:21:15,129100.0,500.0,127300.0
1535,2021-10-21 03:20:49,129100.0,600.0,126800.0
1536,2021-10-21 03:20:49,129100.0,1000.0,126200.0
1537,2021-10-21 03:20:49,129100.0,100.0,125200.0
1538,2021-10-21 03:20:49,129100.0,100.0,125100.0
1539,2021-10-21 03:20:49,129100.0,100.0,125000.0
1540,2021-10-21 03:20:49,129100.0,200.0,124900.0
1541,2021-10-21 03:20:49,129100.0,100.0,124700.0
1542,2021-10-21 03:20:49,129100.0,100.0,124600.0
1543,2021-10-21 03:20:14,129200.0,4100.0,124500.0
1544,2021-10-21 03:20:11,129200.0,200.0,120400.0
1545,2021-10-21 03:20:02,129200.0,500.0,120200.0
1546,2021-10-21 03:20:01,129100.0,4900.0,119700.0
1547,2021-10-21 03:20:01,129100.0,100.0,114800.0
1548,2021-10-21 03:19:06,129200.0,100.0,114700.0
1549,2021-10-21 03:19:06,129200.0,4400.0,114600.0
1550,2021-10-21 03:18:52,129300.0,100.0,110200.0
1551,2021-10-21 03:18:07,129200.0,300.0,110100.0
1552,2021-10-21 03:16:59,129300.0,700.0,109800.0
1553,2021-10-21 03:16:31,129200.0,1000.0,109100.0
1554,2021-10-21 03:15:24,129200.0,100.0,108100.0
1555,2021-10-21 03:15:24,129200.0,300.0,108000.0
1556,2021-10-21 03:15:15,129200.0,100.0,107700.0
1557,2021-10-21 03:15:15,129200.0,100.0,107600.0
1558,2021-10-21 03:15:15,129200.0,100.0,107500.0
1559,2021-10-21 03:15:15,129200.0,1400.0,107400.0
1560,2021-10-21 03:15:04,129200.0,400.0,106000.0
1561,2021-10-21 03:15:03,129200.0,100.0,105600.0
1562,2021-10-21 03:15:02,129200.0,100.0,105500.0
1563,2021-10-21 03:12:45,129200.0,100.0,105400.0
1564,2021-10-21 03:12:45,129200.0,200.0,105300.0
1565,2021-10-21 03:12:45,129200.0,100.0,105100.0
1566,2021-10-21 03:11:50,129200.0,100.0,105000.0
1567,2021-10-21 03:11:50,129200.0,2000.0,104900.0
1568,2021-10-21 03:11:50,129200.0,200.0,102900.0
1569,2021-10-21 03:11:50,129200.0,700.0,102700.0
1570,2021-10-21 03:11:32,129200.0,300.0,102000.0
1571,2021-10-21 03:11:32,129200.0,100.0,101700.0
1572,2021-10-21 03:11:32,129200.0,100.0,101600.0
1573,2021-10-21 03:11:32,129200.0,300.0,101500.0
1574,2021-10-21 03:11:32,129200.0,2000.0,101200.0
1575,2021-10-21 03:11:32,129200.0,100.0,99200.0
1576,2021-10-21 03:11:32,129200.0,100.0,99100.0
1577,2021-10-21 03:11:32,129200.0,100.0,99000.0
1578,2021-10-21 03:11:32,129200.0,500.0,98900.0
1579,2021-10-21 03:11:32,129200.0,200.0,98400.0
1580,2021-10-21 03:11:32,129200.0,200.0,98200.0
1581,2021-10-21 03:11:32,129200.0,1000.0,98000.0
1582,2021-10-21 03:10:43,129200.0,100.0,97000.0
1583,2021-10-21 03:10:43,129200.0,200.0,96900.0
1584,2021-10-21 03:10:43,129200.0,100.0,96700.0
1585,2021-10-21 03:10:43,129200.0,100.0,96600.0
1586,2021-10-21 03:09:50,129300.0,500.0,96500.0
1587,2021-10-21 03:09:50,129300.0,200.0,96000.0
1588,2021-10-21 03:09:50,129300.0,200.0,95800.0
1589,2021-10-21 03:09:50,129300.0,100.0,95600.0
1590,2021-10-21 03:09:50,129300.0,100.0,95500.0
1591,2021-10-21 03:08:42,129400.0,1700.0,95400.0
1592,2021-10-21 03:08:24,129400.0,100.0,93700.0
1593,2021-10-21 03:07:14,129400.0,400.0,93600.0
1594,2021-10-21 03:07:09,129400.0,100.0,93200.0
1595,2021-10-21 03:06:44,129400.0,100.0,93100.0
1596,2021-10-21 03:05:47,129400.0,800.0,93000.0
1597,2021-10-21 03:05:17,129300.0,1000.0,92200.0
1598,2021-10-21 03:05:15,129300.0,100.0,91200.0
1599,2021-10-21 03:05:13,129300.0,2500.0,91100.0
1600,2021-10-21 03:05:08,129300.0,100.0,88600.0
1601,2021-10-21 03:05:04,129300.0,200.0,88500.0
1602,2021-10-21 03:05:04,129300.0,100.0,88300.0
1603,2021-10-21 03:05:02,129300.0,100.0,88200.0
1604,2021-10-21 03:04:45,129300.0,5000.0,88100.0
1605,2021-10-21 03:04:26,129300.0,100.0,83100.0
1606,2021-10-21 03:03:57,129500.0,200.0,83000.0
1607,2021-10-21 03:03:57,129500.0,200.0,82800.0
1608,2021-10-21 03:03:57,129500.0,300.0,82600.0
1609,2021-10-21 03:03:56,129500.0,100.0,82300.0
1610,2021-10-21 03:03:54,129300.0,800.0,82200.0
1611,2021-10-21 03:03:09,129500.0,100.0,81400.0
1612,2021-10-21 03:03:04,129300.0,100.0,81300.0
1613,2021-10-21 03:02:20,129300.0,100.0,81200.0
1614,2021-10-21 03:02:20,129300.0,200.0,81100.0
1615,2021-10-21 03:02:07,129300.0,100.0,80900.0
1616,2021-10-21 03:01:22,129300.0,200.0,80800.0
1617,2021-10-21 03:01:22,129300.0,500.0,80600.0
1618,2021-10-21 03:01:22,129300.0,100.0,80100.0
1619,2021-10-21 03:01:22,129300.0,200.0,80000.0
1620,2021-10-21 03:00:49,129500.0,1200.0,79800.0
1621,2021-10-21 03:00:04,129300.0,100.0,78600.0
1622,2021-10-21 03:00:03,129300.0,200.0,78500.0
1623,2021-10-21 03:00:03,129300.0,100.0,78300.0
1624,2021-10-21 02:58:15,129300.0,100.0,78200.0
1625,2021-10-21 02:58:15,129300.0,100.0,78100.0
1626,2021-10-21 02:58:15,129300.0,100.0,78000.0
1627,2021-10-21 02:57:45,129300.0,200.0,77900.0
1628,2021-10-21 02:56:32,129300.0,400.0,77700.0
1629,2021-10-21 02:56:32,129300.0,300.0,77300.0
1630,2021-10-21 02:56:32,129300.0,100.0,77000.0
1631,2021-10-21 02:56:32,129300.0,100.0,76900.0
1632,2021-10-21 02:56:32,129300.0,100.0,76800.0
1633,2021-10-21 02:56:32,129300.0,100.0,76700.0
1634,2021-10-21 02:56:32,129300.0,200.0,76600.0
1635,2021-10-21 02:56:32,129300.0,3100.0,76400.0
1636,2021-10-21 02:56:32,129400.0,100.0,73300.0
1637,2021-10-21 02:55:26,129400.0,100.0,73200.0
1638,2021-10-21 02:55:26,129400.0,100.0,73100.0
1639,2021-10-21 02:55:15,129400.0,100.0,73000.0
1640,2021-10-21 02:55:13,129400.0,100.0,72900.0
1641,2021-10-21 02:55:04,129400.0,400.0,72800.0
1642,2021-10-21 02:55:04,129400.0,100.0,72400.0
1643,2021-10-21 02:55:01,129400.0,1000.0,72300.0
1644,2021-10-21 02:55:01,129400.0,100.0,71300.0
1645,2021-10-21 02:54:35,129400.0,100.0,71200.0
1646,2021-10-21 02:54:35,129400.0,100.0,71100.0
1647,2021-10-21 02:54:35,129400.0,100.0,71000.0
1648,2021-10-21 02:54:35,129400.0,200.0,70900.0
1649,2021-10-21 02:54:35,129400.0,500.0,70700.0
1650,2021-10-21 02:54:13,129400.0,200.0,70200.0
1651,2021-10-21 02:54:10,129500.0,100.0,70000.0
1652,2021-10-21 02:53:32,129500.0,300.0,69900.0
1653,2021-10-21 02:51:03,129500.0,500.0,69600.0
1654,2021-10-21 02:50:17,129400.0,300.0,69100.0
1655,2021-10-21 02:49:58,129500.0,400.0,68800.0
1656,2021-10-21 02:49:46,129400.0,200.0,68400.0
1657,2021-10-21 02:49:33,129500.0,1000.0,68200.0
1658,2021-10-21 02:49:07,129500.0,1100.0,67200.0
1659,2021-10-21 02:49:07,129500.0,100.0,66100.0
1660,2021-10-21 02:49:07,129500.0,100.0,66000.0
1661,2021-10-21 02:49:07,129500.0,100.0,65900.0
1662,2021-10-21 02:49:07,129500.0,400.0,65800.0
1663,2021-10-21 02:49:07,129500.0,200.0,65400.0
1664,2021-10-21 02:48:59,129400.0,200.0,65200.0
1665,2021-10-21 02:48:28,129400.0,200.0,65000.0
1666,2021-10-21 02:48:22,129400.0,100.0,64800.0
1667,2021-10-21 02:47:58,129400.0,1200.0,64700.0
1668,2021-10-21 02:47:40,129400.0,200.0,63500.0
1669,2021-10-21 02:47:37,129400.0,1000.0,63300.0
1670,2021-10-21 02:47:31,129400.0,2000.0,62300.0
1671,2021-10-21 02:47:03,129400.0,200.0,60300.0
1672,2021-10-21 02:46:46,129400.0,200.0,60100.0
1673,2021-10-21 02:46:46,129400.0,100.0,59900.0
1674,2021-10-21 02:46:41,129300.0,900.0,59800.0
1675,2021-10-21 02:46:41,129300.0,100.0,58900.0
1676,2021-10-21 02:46:41,129300.0,200.0,58800.0
1677,2021-10-21 02:46:20,129400.0,100.0,58600.0
1678,2021-10-21 02:46:03,129400.0,100.0,58500.0
1679,2021-10-21 02:46:03,129400.0,2000.0,58400.0
1680,2021-10-21 02:46:03,129400.0,500.0,56400.0
1681,2021-10-21 02:46:03,129400.0,200.0,55900.0
1682,2021-10-21 02:45:47,129400.0,200.0,55700.0
1683,2021-10-21 02:45:27,129500.0,100.0,55500.0
1684,2021-10-21 02:45:27,129500.0,100.0,55400.0
1685,2021-10-21 02:44:58,129500.0,100.0,55300.0
1686,2021-10-21 02:44:06,129500.0,300.0,55200.0
1687,2021-10-21 02:44:06,129500.0,100.0,54900.0
1688,2021-10-21 02:44:06,129500.0,100.0,54800.0
1689,2021-10-21 02:44:06,129500.0,500.0,54700.0
1690,2021-10-21 02:43:12,129500.0,2400.0,54200.0
1691,2021-10-21 02:42:57,129400.0,100.0,51800.0
1692,2021-10-21 02:42:10,129400.0,1000.0,51700.0
1693,2021-10-21 02:42:10,129400.0,100.0,50700.0
1694,2021-10-21 02:42:10,129400.0,100.0,50600.0
1695,2021-10-21 02:42:01,129500.0,100.0,50500.0
1696,2021-10-21 02:41:04,129500.0,100.0,50400.0
1697,2021-10-21 02:41:04,129500.0,200.0,50300.0
1698,2021-10-21 02:40:04,129400.0,200.0,50100.0
1699,2021-10-21 02:40:03,129400.0,300.0,49900.0
1700,2021-10-21 02:40:03,129400.0,100.0,49600.0
1701,2021-10-21 02:40:03,129400.0,100.0,49500.0
1702,2021-10-21 02:39:40,129400.0,200.0,49400.0
1703,2021-10-21 02:39:08,129500.0,100.0,49200.0
1704,2021-10-21 02:39:08,129500.0,1000.0,49100.0
1705,2021-10-21 02:39:08,129500.0,900.0,48100.0
1706,2021-10-21 02:38:23,129500.0,100.0,47200.0
1707,2021-10-21 02:38:23,129500.0,500.0,47100.0
1708,2021-10-21 02:38:23,129500.0,100.0,46600.0
1709,2021-10-21 02:38:23,129500.0,500.0,46500.0
1710,2021-10-21 02:38:23,129500.0,300.0,46000.0
1711,2021-10-21 02:38:23,129500.0,100.0,45700.0
1712,2021-10-21 02:38:23,129500.0,800.0,45600.0
1713,2021-10-21 02:37:36,129600.0,500.0,44800.0
1714,2021-10-21 02:37:34,129600.0,100.0,44300.0
1715,2021-10-21 02:36:49,129600.0,500.0,44200.0
1716,2021-10-21 02:35:59,129500.0,200.0,43700.0
1717,2021-10-21 02:35:43,129600.0,200.0,43500.0
1718,2021-10-21 02:35:06,129600.0,500.0,43300.0
1719,2021-10-21 02:34:15,129600.0,100.0,42800.0
1720,2021-10-21 02:33:50,129600.0,100.0,42700.0
1721,2021-10-21 02:33:16,129600.0,600.0,42600.0
1722,2021-10-21 02:32:37,129600.0,100.0,42000.0
1723,2021-10-21 02:32:17,129600.0,100.0,41900.0
1724,2021-10-21 02:32:17,129600.0,100.0,41800.0
1725,2021-10-21 02:31:25,129700.0,2700.0,41700.0
1726,2021-10-21 02:31:25,129700.0,1000.0,39000.0
1727,2021-10-21 02:31:09,129800.0,100.0,38000.0
1728,2021-10-21 02:31:09,129800.0,1400.0,37900.0
1729,2021-10-21 02:31:07,129800.0,300.0,36500.0
1730,2021-10-21 02:30:41,129800.0,200.0,36200.0
1731,2021-10-21 02:30:01,129800.0,100.0,36000.0
1732,2021-10-21 02:30:01,129800.0,100.0,35900.0
1733,2021-10-21 02:30:00,129800.0,100.0,35800.0
1734,2021-10-21 02:29:35,129800.0,200.0,35700.0
1735,2021-10-21 02:27:52,129900.0,1000.0,35500.0
1736,2021-10-21 02:27:00,130000.0,100.0,34500.0
1737,2021-10-21 02:26:52,129800.0,100.0,34400.0
1738,2021-10-21 02:26:40,129900.0,100.0,34300.0
1739,2021-10-21 02:25:59,130000.0,300.0,34200.0
1740,2021-10-21 02:25:54,130000.0,300.0,33900.0
1741,2021-10-21 02:25:29,130000.0,100.0,33600.0
1742,2021-10-21 02:25:29,130000.0,300.0,33500.0
1743,2021-10-21 02:25:12,130000.0,200.0,33200.0
1744,2021-10-21 02:24:44,130000.0,200.0,33000.0
1745,2021-10-21 02:24:14,130000.0,100.0,32800.0
1746,2021-10-21 02:24:12,130000.0,300.0,32700.0
1747,2021-10-21 02:23:45,130000.0,2000.0,32400.0
1748,2021-10-21 02:23:41,130000.0,100.0,30400.0
1749,2021-10-21 02:23:41,130000.0,2000.0,30300.0
1750,2021-10-21 02:23:41,130000.0,400.0,28300.0
1751,2021-10-21 02:23:41,130000.0,1000.0,27900.0
1752,2021-10-21 02:23:41,130000.0,100.0,26900.0
1753,2021-10-21 02:22:34,130000.0,100.0,26800.0
1754,2021-10-21 02:22:30,129900.0,200.0,26700.0
1755,2021-10-21 02:22:08,129900.0,100.0,26500.0
1756,2021-10-21 02:21:59,130000.0,500.0,26400.0
1757,2021-10-21 02:21:34,129900.0,1000.0,25900.0
1758,2021-10-21 02:21:34,129900.0,1900.0,24900.0
1759,2021-10-21 02:21:08,129900.0,100.0,23000.0
1760,2021-10-21 02:21:05,129400.0,400.0,22900.0
1761,2021-10-21 02:21:05,129500.0,100.0,22500.0
1762,2021-10-21 02:20:38,129400.0,1500.0,22400.0
1763,2021-10-21 02:20:36,129400.0,600.0,20900.0
1764,2021-10-21 02:20:33,129400.0,100.0,20300.0
1765,2021-10-21 02:20:11,129400.0,400.0,20200.0
1766,2021-10-21 02:19:32,129300.0,800.0,19800.0
1767,2021-10-21 02:19:32,129300.0,100.0,19000.0
1768,2021-10-21 02:19:32,129300.0,100.0,18900.0
1769,2021-10-21 02:18:19,129300.0,100.0,18800.0
1770,2021-10-21 02:18:05,129200.0,100.0,18700.0
1771,2021-10-21 02:18:05,129200.0,100.0,18600.0
1772,2021-10-21 02:18:05,129200.0,300.0,18500.0
1773,2021-10-21 02:17:46,129200.0,200.0,18200.0
1774,2021-10-21 02:17:46,129200.0,100.0,18000.0
1775,2021-10-21 02:17:46,129200.0,200.0,17900.0
1776,2021-10-21 02:17:42,129200.0,100.0,17700.0
1777,2021-10-21 02:17:07,129200.0,1800.0,17600.0
1778,2021-10-21 02:17:05,129200.0,7200.0,15800.0
1779,2021-10-21 02:17:05,129200.0,500.0,8600.0
1780,2021-10-21 02:17:05,129200.0,900.0,8100.0
1781,2021-10-21 02:17:05,129200.0,1600.0,7200.0
1782,2021-10-21 02:17:05,129200.0,1500.0,5600.0
1783,2021-10-21 02:17:05,129200.0,300.0,4100.0
1784,2021-10-21 02:16:38,129200.0,300.0,3800.0
1785,2021-10-21 02:16:38,129200.0,100.0,3500.0
1786,2021-10-21 02:16:38,129200.0,100.0,3400.0
1787,2021-10-21 02:16:38,129300.0,100.0,3300.0
1788,2021-10-21 02:15:00,129200.0,100.0,3200.0
1789,2021-10-21 02:15:00,129200.0,100.0,3100.0
1790,2021-10-21 02:15:00,129200.0,200.0,3000.0
1791,2021-10-21 02:15:00,129200.0,200.0,2800.0
1792,2021-10-21 02:15:00,129200.0,100.0,2600.0
1793,2021-10-21 02:15:00,129200.0,300.0,2500.0
1794,2021-10-21 02:15:00,129200.0,600.0,2200.0
1795,2021-10-21 02:15:00,129200.0,100.0,1600.0
1796,2021-10-21 02:15:00,129200.0,200.0,1500.0
1797,2021-10-21 02:15:00,129200.0,200.0,1300.0
1798,2021-10-21 02:15:00,129200.0,500.0,1100.0
1799,2021-10-21 02:15:00,129200.0,100.0,600.0
1800,2021-10-21 02:15:00,129200.0,100.0,500.0
1801,2021-10-21 02:15:00,129200.0,100.0,400.0
1802,2021-10-21 02:15:00,129200.0,100.0,300.0
1803,2021-10-21 02:15:00,129200.0,200.0,200.0
