,Time,Price,Volume_per_trade,Volume
0,2021-10-12 07:45:00,132100.0,500.0,2282000.0
1,2021-10-12 07:45:00,132100.0,100.0,2281500.0
2,2021-10-12 07:45:00,132100.0,100.0,2281400.0
3,2021-10-12 07:45:00,132100.0,100.0,2281300.0
4,2021-10-12 07:45:00,132100.0,400.0,2281200.0
5,2021-10-12 07:45:00,132100.0,100.0,2280800.0
6,2021-10-12 07:45:00,132100.0,300.0,2280700.0
7,2021-10-12 07:45:00,132100.0,1100.0,2280400.0
8,2021-10-12 07:45:00,132100.0,1100.0,2279300.0
9,2021-10-12 07:45:00,132100.0,100.0,2278200.0
10,2021-10-12 07:45:00,132100.0,500.0,2278100.0
11,2021-10-12 07:45:00,132100.0,100.0,2277600.0
12,2021-10-12 07:45:00,132100.0,200.0,2277500.0
13,2021-10-12 07:45:00,132100.0,500.0,2277300.0
14,2021-10-12 07:45:00,132100.0,500.0,2276800.0
15,2021-10-12 07:45:00,132100.0,300.0,2276300.0
16,2021-10-12 07:45:00,132100.0,800.0,2276000.0
17,2021-10-12 07:45:00,132100.0,200.0,2275200.0
18,2021-10-12 07:45:00,132100.0,1000.0,2275000.0
19,2021-10-12 07:45:00,132100.0,1400.0,2274000.0
20,2021-10-12 07:45:00,132100.0,400.0,2272600.0
21,2021-10-12 07:45:00,132100.0,2000.0,2272200.0
22,2021-10-12 07:45:00,132100.0,200.0,2270200.0
23,2021-10-12 07:45:00,132100.0,200.0,2270000.0
24,2021-10-12 07:45:00,132100.0,200.0,2269800.0
25,2021-10-12 07:45:00,132100.0,100.0,2269600.0
26,2021-10-12 07:45:00,132100.0,200.0,2269500.0
27,2021-10-12 07:45:00,132100.0,500.0,2269300.0
28,2021-10-12 07:45:00,132100.0,100.0,2268800.0
29,2021-10-12 07:45:00,132100.0,100.0,2268700.0
30,2021-10-12 07:45:00,132100.0,400.0,2268600.0
31,2021-10-12 07:45:00,132100.0,600.0,2268200.0
32,2021-10-12 07:45:00,132100.0,100.0,2267600.0
33,2021-10-12 07:45:00,132100.0,100.0,2267500.0
34,2021-10-12 07:45:00,132100.0,200.0,2267400.0
35,2021-10-12 07:45:00,132100.0,100.0,2267200.0
36,2021-10-12 07:45:00,132100.0,100.0,2267100.0
37,2021-10-12 07:45:00,132100.0,200.0,2267000.0
38,2021-10-12 07:45:00,132100.0,200.0,2266800.0
39,2021-10-12 07:45:00,132100.0,200.0,2266600.0
40,2021-10-12 07:45:00,132100.0,100.0,2266400.0
41,2021-10-12 07:45:00,132100.0,100.0,2266300.0
42,2021-10-12 07:45:00,132100.0,200.0,2266200.0
43,2021-10-12 07:45:00,132100.0,200.0,2266000.0
44,2021-10-12 07:45:00,132100.0,300.0,2265800.0
45,2021-10-12 07:45:00,132100.0,200.0,2265500.0
46,2021-10-12 07:45:00,132100.0,500.0,2265300.0
47,2021-10-12 07:45:00,132100.0,100.0,2264800.0
48,2021-10-12 07:45:00,132100.0,100.0,2264700.0
49,2021-10-12 07:45:00,132100.0,100.0,2264600.0
50,2021-10-12 07:45:00,132100.0,100.0,2264500.0
51,2021-10-12 07:45:00,132100.0,100.0,2264400.0
52,2021-10-12 07:45:00,132100.0,100.0,2264300.0
53,2021-10-12 07:45:00,132100.0,6800.0,2264200.0
54,2021-10-12 07:45:00,132100.0,100.0,2257400.0
55,2021-10-12 07:45:00,132100.0,1500.0,2257300.0
56,2021-10-12 07:45:00,132100.0,100.0,2255800.0
57,2021-10-12 07:45:00,132100.0,400.0,2255700.0
58,2021-10-12 07:45:00,132100.0,500.0,2255300.0
59,2021-10-12 07:45:00,132100.0,1000.0,2254800.0
60,2021-10-12 07:45:00,132100.0,1000.0,2253800.0
61,2021-10-12 07:45:00,132100.0,500.0,2252800.0
62,2021-10-12 07:45:00,132100.0,4000.0,2252300.0
63,2021-10-12 07:45:00,132100.0,700.0,2248300.0
64,2021-10-12 07:45:00,132100.0,200.0,2247600.0
65,2021-10-12 07:45:00,132100.0,100.0,2247400.0
66,2021-10-12 07:45:00,132100.0,1000.0,2247300.0
67,2021-10-12 07:45:00,132100.0,100.0,2246300.0
68,2021-10-12 07:45:00,132100.0,700.0,2246200.0
69,2021-10-12 07:45:00,132100.0,100.0,2245500.0
70,2021-10-12 07:45:00,132100.0,500.0,2245400.0
71,2021-10-12 07:45:00,132100.0,3300.0,2244900.0
72,2021-10-12 07:45:00,132100.0,1000.0,2241600.0
73,2021-10-12 07:45:00,132100.0,300.0,2240600.0
74,2021-10-12 07:45:00,132100.0,100.0,2240300.0
75,2021-10-12 07:45:00,132100.0,100.0,2240200.0
76,2021-10-12 07:45:00,132100.0,1000.0,2240100.0
77,2021-10-12 07:45:00,132100.0,100.0,2239100.0
78,2021-10-12 07:29:46,132000.0,100.0,2239000.0
79,2021-10-12 07:29:44,132000.0,1700.0,2238900.0
80,2021-10-12 07:29:40,131800.0,100.0,2237200.0
81,2021-10-12 07:29:14,132000.0,100.0,2237100.0
82,2021-10-12 07:28:49,132000.0,200.0,2237000.0
83,2021-10-12 07:28:47,132000.0,100.0,2236800.0
84,2021-10-12 07:28:29,132000.0,1000.0,2236700.0
85,2021-10-12 07:28:29,132000.0,500.0,2235700.0
86,2021-10-12 07:28:29,132000.0,5400.0,2235200.0
87,2021-10-12 07:28:29,132000.0,1300.0,2229800.0
88,2021-10-12 07:28:29,132000.0,100.0,2228500.0
89,2021-10-12 07:28:29,132000.0,1000.0,2228400.0
90,2021-10-12 07:28:29,132000.0,500.0,2227400.0
91,2021-10-12 07:28:29,132000.0,100.0,2226900.0
92,2021-10-12 07:28:29,132000.0,100.0,2226800.0
93,2021-10-12 07:28:29,132000.0,300.0,2226700.0
94,2021-10-12 07:28:29,132000.0,400.0,2226400.0
95,2021-10-12 07:28:29,132000.0,2000.0,2226000.0
96,2021-10-12 07:28:29,132000.0,400.0,2224000.0
97,2021-10-12 07:28:29,132000.0,100.0,2223600.0
98,2021-10-12 07:28:29,132000.0,400.0,2223500.0
99,2021-10-12 07:28:29,132000.0,1000.0,2223100.0
100,2021-10-12 07:28:29,132000.0,100.0,2222100.0
101,2021-10-12 07:28:29,132000.0,300.0,2222000.0
102,2021-10-12 07:27:52,132000.0,700.0,2221700.0
103,2021-10-12 07:27:52,132000.0,100.0,2221000.0
104,2021-10-12 07:27:52,132000.0,200.0,2220900.0
105,2021-10-12 07:27:52,132000.0,200.0,2220700.0
106,2021-10-12 07:27:52,132000.0,300.0,2220500.0
107,2021-10-12 07:27:52,132000.0,100.0,2220200.0
108,2021-10-12 07:27:52,132000.0,200.0,2220100.0
109,2021-10-12 07:27:52,132000.0,1000.0,2219900.0
110,2021-10-12 07:27:52,132000.0,500.0,2218900.0
111,2021-10-12 07:27:52,132000.0,100.0,2218400.0
112,2021-10-12 07:27:52,132000.0,100.0,2218300.0
113,2021-10-12 07:27:52,132000.0,10000.0,2218200.0
114,2021-10-12 07:27:52,132000.0,600.0,2208200.0
115,2021-10-12 07:27:52,132000.0,500.0,2207600.0
116,2021-10-12 07:27:52,132000.0,200.0,2207100.0
117,2021-10-12 07:27:52,132000.0,1000.0,2206900.0
118,2021-10-12 07:27:52,132000.0,100.0,2205900.0
119,2021-10-12 07:27:52,132000.0,100.0,2205800.0
120,2021-10-12 07:27:52,132000.0,700.0,2205700.0
121,2021-10-12 07:27:52,132000.0,100.0,2205000.0
122,2021-10-12 07:27:52,132000.0,100.0,2204900.0
123,2021-10-12 07:27:52,132000.0,200.0,2204800.0
124,2021-10-12 07:27:52,132000.0,1800.0,2204600.0
125,2021-10-12 07:27:52,132000.0,100.0,2202800.0
126,2021-10-12 07:27:52,132000.0,1000.0,2202700.0
127,2021-10-12 07:27:52,132000.0,100.0,2201700.0
128,2021-10-12 07:27:52,132000.0,400.0,2201600.0
129,2021-10-12 07:27:52,132000.0,100.0,2201200.0
130,2021-10-12 07:27:52,132000.0,100.0,2201100.0
131,2021-10-12 07:27:52,132000.0,100.0,2201000.0
132,2021-10-12 07:27:52,132000.0,500.0,2200900.0
133,2021-10-12 07:27:52,132000.0,100.0,2200400.0
134,2021-10-12 07:27:52,132000.0,400.0,2200300.0
135,2021-10-12 07:27:52,132000.0,500.0,2199900.0
136,2021-10-12 07:27:52,132000.0,100.0,2199400.0
137,2021-10-12 07:27:52,132000.0,1600.0,2199300.0
138,2021-10-12 07:27:52,131900.0,100.0,2197700.0
139,2021-10-12 07:27:52,131900.0,2000.0,2197600.0
140,2021-10-12 07:27:52,131900.0,1000.0,2195600.0
141,2021-10-12 07:27:52,131900.0,1100.0,2194600.0
142,2021-10-12 07:27:52,131900.0,100.0,2193500.0
143,2021-10-12 07:27:52,131900.0,300.0,2193400.0
144,2021-10-12 07:27:52,131900.0,100.0,2193100.0
145,2021-10-12 07:27:52,131900.0,100.0,2193000.0
146,2021-10-12 07:27:52,131900.0,200.0,2192900.0
147,2021-10-12 07:27:52,131900.0,200.0,2192700.0
148,2021-10-12 07:27:52,131900.0,100.0,2192500.0
149,2021-10-12 07:27:52,131900.0,300.0,2192400.0
150,2021-10-12 07:27:52,131800.0,400.0,2192100.0
151,2021-10-12 07:27:25,131700.0,800.0,2191700.0
152,2021-10-12 07:27:10,131700.0,1000.0,2190900.0
153,2021-10-12 07:27:05,131600.0,7000.0,2189900.0
154,2021-10-12 07:26:55,131600.0,100.0,2182900.0
155,2021-10-12 07:26:32,131600.0,100.0,2182800.0
156,2021-10-12 07:26:32,131600.0,100.0,2182700.0
157,2021-10-12 07:26:32,131600.0,200.0,2182600.0
158,2021-10-12 07:26:32,131600.0,3800.0,2182400.0
159,2021-10-12 07:26:18,131600.0,1000.0,2178600.0
160,2021-10-12 07:25:30,131800.0,200.0,2177600.0
161,2021-10-12 07:25:25,131800.0,100.0,2177400.0
162,2021-10-12 07:25:18,131800.0,2000.0,2177300.0
163,2021-10-12 07:25:18,131700.0,100.0,2175300.0
164,2021-10-12 07:25:18,131700.0,1900.0,2175200.0
165,2021-10-12 07:25:05,131600.0,100.0,2173300.0
166,2021-10-12 07:24:48,131600.0,2000.0,2173200.0
167,2021-10-12 07:24:37,131700.0,200.0,2171200.0
168,2021-10-12 07:24:24,131600.0,3000.0,2171000.0
169,2021-10-12 07:24:21,131700.0,100.0,2168000.0
170,2021-10-12 07:24:11,131600.0,100.0,2167900.0
171,2021-10-12 07:23:04,131700.0,100.0,2167800.0
172,2021-10-12 07:22:43,131700.0,5000.0,2167700.0
173,2021-10-12 07:22:43,131700.0,3200.0,2162700.0
174,2021-10-12 07:22:32,131700.0,100.0,2159500.0
175,2021-10-12 07:22:13,131700.0,1700.0,2159400.0
176,2021-10-12 07:22:05,131700.0,100.0,2157700.0
177,2021-10-12 07:22:05,131700.0,600.0,2157600.0
178,2021-10-12 07:21:54,131700.0,800.0,2157000.0
179,2021-10-12 07:21:47,131700.0,200.0,2156200.0
180,2021-10-12 07:21:37,131700.0,200.0,2156000.0
181,2021-10-12 07:21:37,131700.0,3200.0,2155800.0
182,2021-10-12 07:21:27,131700.0,1000.0,2152600.0
183,2021-10-12 07:21:27,131700.0,100.0,2151600.0
184,2021-10-12 07:21:27,131700.0,1500.0,2151500.0
185,2021-10-12 07:21:27,131700.0,100.0,2150000.0
186,2021-10-12 07:21:27,131700.0,2500.0,2149900.0
187,2021-10-12 07:21:19,131700.0,900.0,2147400.0
188,2021-10-12 07:20:28,131700.0,1000.0,2146500.0
189,2021-10-12 07:20:28,131700.0,500.0,2145500.0
190,2021-10-12 07:20:28,131700.0,100.0,2145000.0
191,2021-10-12 07:20:18,131600.0,500.0,2144900.0
192,2021-10-12 07:20:18,131600.0,100.0,2144400.0
193,2021-10-12 07:20:18,131600.0,800.0,2144300.0
194,2021-10-12 07:20:18,131600.0,4200.0,2143500.0
195,2021-10-12 07:20:05,131700.0,1700.0,2139300.0
196,2021-10-12 07:20:05,131700.0,300.0,2137600.0
197,2021-10-12 07:19:48,131700.0,700.0,2137300.0
198,2021-10-12 07:19:48,131700.0,300.0,2136600.0
199,2021-10-12 07:19:41,131700.0,100.0,2136300.0
200,2021-10-12 07:19:38,131700.0,500.0,2136200.0
201,2021-10-12 07:19:23,131700.0,200.0,2135700.0
202,2021-10-12 07:19:11,131700.0,100.0,2135500.0
203,2021-10-12 07:18:25,131700.0,100.0,2135400.0
204,2021-10-12 07:18:19,131700.0,700.0,2135300.0
205,2021-10-12 07:18:11,131700.0,100.0,2134600.0
206,2021-10-12 07:18:11,131700.0,200.0,2134500.0
207,2021-10-12 07:18:05,131700.0,1800.0,2134300.0
208,2021-10-12 07:18:05,131700.0,200.0,2132500.0
209,2021-10-12 07:17:52,131600.0,2900.0,2132300.0
210,2021-10-12 07:17:38,131700.0,100.0,2129400.0
211,2021-10-12 07:17:38,131700.0,100.0,2129300.0
212,2021-10-12 07:17:38,131700.0,300.0,2129200.0
213,2021-10-12 07:17:32,131600.0,500.0,2128900.0
214,2021-10-12 07:16:22,131700.0,200.0,2128400.0
215,2021-10-12 07:16:22,131700.0,2500.0,2128200.0
216,2021-10-12 07:15:41,131700.0,100.0,2125700.0
217,2021-10-12 07:15:41,131700.0,900.0,2125600.0
218,2021-10-12 07:15:20,131700.0,5000.0,2124700.0
219,2021-10-12 07:15:20,131700.0,100.0,2119700.0
220,2021-10-12 07:15:16,131900.0,100.0,2119600.0
221,2021-10-12 07:15:12,131700.0,400.0,2119500.0
222,2021-10-12 07:15:12,131700.0,700.0,2119100.0
223,2021-10-12 07:15:12,131700.0,300.0,2118400.0
224,2021-10-12 07:15:12,131800.0,400.0,2118100.0
225,2021-10-12 07:15:12,131800.0,200.0,2117700.0
226,2021-10-12 07:14:23,131900.0,500.0,2117500.0
227,2021-10-12 07:13:54,131900.0,100.0,2117000.0
228,2021-10-12 07:13:52,131900.0,100.0,2116900.0
229,2021-10-12 07:13:21,131900.0,900.0,2116800.0
230,2021-10-12 07:13:21,131900.0,100.0,2115900.0
231,2021-10-12 07:12:43,131700.0,200.0,2115800.0
232,2021-10-12 07:12:43,131700.0,100.0,2115600.0
233,2021-10-12 07:12:43,131700.0,300.0,2115500.0
234,2021-10-12 07:12:43,131700.0,400.0,2115200.0
235,2021-10-12 07:12:24,131700.0,400.0,2114800.0
236,2021-10-12 07:12:02,131800.0,400.0,2114400.0
237,2021-10-12 07:12:02,131800.0,200.0,2114000.0
238,2021-10-12 07:11:51,131900.0,800.0,2113800.0
239,2021-10-12 07:11:44,131900.0,100.0,2113000.0
240,2021-10-12 07:10:43,131900.0,100.0,2112900.0
241,2021-10-12 07:10:42,131900.0,100.0,2112800.0
242,2021-10-12 07:10:41,131800.0,5000.0,2112700.0
243,2021-10-12 07:09:58,131900.0,800.0,2107700.0
244,2021-10-12 07:09:47,131900.0,1000.0,2106900.0
245,2021-10-12 07:09:06,131900.0,100.0,2105900.0
246,2021-10-12 07:09:04,131900.0,2500.0,2105800.0
247,2021-10-12 07:08:59,131900.0,600.0,2103300.0
248,2021-10-12 07:08:57,131900.0,100.0,2102700.0
249,2021-10-12 07:08:57,131900.0,600.0,2102600.0
250,2021-10-12 07:08:57,131900.0,300.0,2102000.0
251,2021-10-12 07:08:57,131900.0,4400.0,2101700.0
252,2021-10-12 07:08:57,131900.0,500.0,2097300.0
253,2021-10-12 07:08:57,131900.0,4100.0,2096800.0
254,2021-10-12 07:08:55,131800.0,4800.0,2092700.0
255,2021-10-12 07:08:51,131800.0,600.0,2087900.0
256,2021-10-12 07:08:51,131800.0,600.0,2087300.0
257,2021-10-12 07:08:34,131900.0,200.0,2086700.0
258,2021-10-12 07:08:18,131900.0,3500.0,2086500.0
259,2021-10-12 07:08:18,131800.0,100.0,2083000.0
260,2021-10-12 07:08:17,131800.0,200.0,2082900.0
261,2021-10-12 07:08:14,131800.0,100.0,2082700.0
262,2021-10-12 07:08:14,131800.0,100.0,2082600.0
263,2021-10-12 07:08:14,131800.0,500.0,2082500.0
264,2021-10-12 07:07:55,131800.0,700.0,2082000.0
265,2021-10-12 07:07:44,131800.0,100.0,2081300.0
266,2021-10-12 07:07:19,131800.0,400.0,2081200.0
267,2021-10-12 07:07:07,131800.0,3300.0,2080800.0
268,2021-10-12 07:06:59,131700.0,300.0,2077500.0
269,2021-10-12 07:06:31,131700.0,100.0,2077200.0
270,2021-10-12 07:06:29,131900.0,400.0,2077100.0
271,2021-10-12 07:06:29,131800.0,100.0,2076700.0
272,2021-10-12 07:06:29,131800.0,100.0,2076600.0
273,2021-10-12 07:05:41,131700.0,800.0,2076500.0
274,2021-10-12 07:05:38,131600.0,300.0,2075700.0
275,2021-10-12 07:05:36,131700.0,500.0,2075400.0
276,2021-10-12 07:05:36,131700.0,1000.0,2074900.0
277,2021-10-12 07:05:28,131700.0,1000.0,2073900.0
278,2021-10-12 07:05:26,131700.0,3000.0,2072900.0
279,2021-10-12 07:05:13,131600.0,1000.0,2069900.0
280,2021-10-12 07:05:12,131700.0,3000.0,2068900.0
281,2021-10-12 07:05:01,131700.0,2000.0,2065900.0
282,2021-10-12 07:04:57,131700.0,1000.0,2063900.0
283,2021-10-12 07:04:29,131600.0,200.0,2062900.0
284,2021-10-12 07:04:29,131600.0,100.0,2062700.0
285,2021-10-12 07:04:29,131600.0,800.0,2062600.0
286,2021-10-12 07:03:45,131500.0,100.0,2061800.0
287,2021-10-12 07:03:44,131600.0,200.0,2061700.0
288,2021-10-12 07:03:41,131600.0,500.0,2061500.0
289,2021-10-12 07:03:27,131500.0,1000.0,2061000.0
290,2021-10-12 07:03:25,131500.0,500.0,2060000.0
291,2021-10-12 07:03:10,131500.0,100.0,2059500.0
292,2021-10-12 07:03:06,131600.0,100.0,2059400.0
293,2021-10-12 07:02:42,131500.0,600.0,2059300.0
294,2021-10-12 07:02:36,131500.0,300.0,2058700.0
295,2021-10-12 07:02:36,131500.0,100.0,2058400.0
296,2021-10-12 07:02:36,131500.0,100.0,2058300.0
297,2021-10-12 07:02:24,131500.0,100.0,2058200.0
298,2021-10-12 07:02:15,131500.0,200.0,2058100.0
299,2021-10-12 07:02:09,131500.0,100.0,2057900.0
300,2021-10-12 07:02:09,131500.0,300.0,2057800.0
301,2021-10-12 07:01:55,131500.0,700.0,2057500.0
302,2021-10-12 07:01:55,131500.0,100.0,2056800.0
303,2021-10-12 07:01:55,131500.0,1000.0,2056700.0
304,2021-10-12 07:01:55,131500.0,100.0,2055700.0
305,2021-10-12 07:01:55,131500.0,2000.0,2055600.0
306,2021-10-12 07:01:55,131500.0,1000.0,2053600.0
307,2021-10-12 07:01:55,131500.0,500.0,2052600.0
308,2021-10-12 07:01:55,131500.0,100.0,2052100.0
309,2021-10-12 07:01:55,131500.0,600.0,2052000.0
310,2021-10-12 07:01:55,131500.0,100.0,2051400.0
311,2021-10-12 07:01:55,131500.0,500.0,2051300.0
312,2021-10-12 07:01:55,131500.0,500.0,2050800.0
313,2021-10-12 07:01:55,131500.0,500.0,2050300.0
314,2021-10-12 07:01:55,131500.0,100.0,2049800.0
315,2021-10-12 07:01:55,131500.0,100.0,2049700.0
316,2021-10-12 07:01:55,131500.0,2000.0,2049600.0
317,2021-10-12 07:01:55,131500.0,100.0,2047600.0
318,2021-10-12 07:01:55,131500.0,200.0,2047500.0
319,2021-10-12 07:01:55,131500.0,100.0,2047300.0
320,2021-10-12 07:01:55,131500.0,400.0,2047200.0
321,2021-10-12 07:01:55,131500.0,200.0,2046800.0
322,2021-10-12 07:01:55,131600.0,200.0,2046600.0
323,2021-10-12 07:01:55,131600.0,500.0,2046400.0
324,2021-10-12 07:01:55,131600.0,300.0,2045900.0
325,2021-10-12 07:01:49,131600.0,1000.0,2045600.0
326,2021-10-12 07:01:44,131600.0,100.0,2044600.0
327,2021-10-12 07:01:09,131600.0,100.0,2044500.0
328,2021-10-12 07:01:09,131600.0,300.0,2044400.0
329,2021-10-12 07:00:58,131600.0,1000.0,2044100.0
330,2021-10-12 07:00:34,131600.0,200.0,2043100.0
331,2021-10-12 07:00:34,131600.0,100.0,2042900.0
332,2021-10-12 07:00:34,131600.0,200.0,2042800.0
333,2021-10-12 06:58:28,131600.0,4800.0,2042600.0
334,2021-10-12 06:58:28,131600.0,100.0,2037800.0
335,2021-10-12 06:58:28,131600.0,100.0,2037700.0
336,2021-10-12 06:58:25,131600.0,100.0,2037600.0
337,2021-10-12 06:58:25,131600.0,200.0,2037500.0
338,2021-10-12 06:58:12,131700.0,100.0,2037300.0
339,2021-10-12 06:57:40,131700.0,200.0,2037200.0
340,2021-10-12 06:57:14,131700.0,1400.0,2037000.0
341,2021-10-12 06:57:01,131700.0,100.0,2035600.0
342,2021-10-12 06:56:56,131700.0,500.0,2035500.0
343,2021-10-12 06:56:26,131600.0,100.0,2035000.0
344,2021-10-12 06:56:09,131700.0,4300.0,2034900.0
345,2021-10-12 06:55:48,131600.0,200.0,2030600.0
346,2021-10-12 06:55:45,131600.0,100.0,2030400.0
347,2021-10-12 06:55:44,131600.0,100.0,2030300.0
348,2021-10-12 06:55:44,131600.0,100.0,2030200.0
349,2021-10-12 06:55:38,131600.0,900.0,2030100.0
350,2021-10-12 06:55:38,131600.0,500.0,2029200.0
351,2021-10-12 06:55:38,131600.0,100.0,2028700.0
352,2021-10-12 06:55:38,131600.0,300.0,2028600.0
353,2021-10-12 06:55:35,131600.0,1500.0,2028300.0
354,2021-10-12 06:55:28,131600.0,100.0,2026800.0
355,2021-10-12 06:55:13,131600.0,100.0,2026700.0
356,2021-10-12 06:55:00,131700.0,200.0,2026600.0
357,2021-10-12 06:55:00,131700.0,200.0,2026400.0
358,2021-10-12 06:55:00,131700.0,200.0,2026200.0
359,2021-10-12 06:55:00,131700.0,200.0,2026000.0
360,2021-10-12 06:55:00,131700.0,100.0,2025800.0
361,2021-10-12 06:55:00,131700.0,1500.0,2025700.0
362,2021-10-12 06:55:00,131700.0,5000.0,2024200.0
363,2021-10-12 06:55:00,131700.0,3000.0,2019200.0
364,2021-10-12 06:55:00,131700.0,200.0,2016200.0
365,2021-10-12 06:55:00,131700.0,100.0,2016000.0
366,2021-10-12 06:55:00,131700.0,700.0,2015900.0
367,2021-10-12 06:55:00,131700.0,100.0,2015200.0
368,2021-10-12 06:55:00,131700.0,100.0,2015100.0
369,2021-10-12 06:55:00,131700.0,100.0,2015000.0
370,2021-10-12 06:55:00,131700.0,100.0,2014900.0
371,2021-10-12 06:55:00,131700.0,400.0,2014800.0
372,2021-10-12 06:55:00,131700.0,1000.0,2014400.0
373,2021-10-12 06:55:00,131700.0,400.0,2013400.0
374,2021-10-12 06:55:00,131700.0,100.0,2013000.0
375,2021-10-12 06:55:00,131800.0,100.0,2012900.0
376,2021-10-12 06:55:00,131800.0,100.0,2012800.0
377,2021-10-12 06:55:00,131800.0,200.0,2012700.0
378,2021-10-12 06:55:00,131800.0,10000.0,2012500.0
379,2021-10-12 06:55:00,131800.0,3000.0,2002500.0
380,2021-10-12 06:55:00,131800.0,500.0,1999500.0
381,2021-10-12 06:55:00,131800.0,100.0,1999000.0
382,2021-10-12 06:55:00,131800.0,1200.0,1998900.0
383,2021-10-12 06:55:00,131800.0,200.0,1997700.0
384,2021-10-12 06:55:00,131800.0,100.0,1997500.0
385,2021-10-12 06:55:00,131800.0,2500.0,1997400.0
386,2021-10-12 06:54:53,131800.0,100.0,1994900.0
387,2021-10-12 06:54:46,131900.0,1100.0,1994800.0
388,2021-10-12 06:54:46,131800.0,100.0,1993700.0
389,2021-10-12 06:54:46,131800.0,100.0,1993600.0
390,2021-10-12 06:54:46,131800.0,1300.0,1993500.0
391,2021-10-12 06:54:43,131800.0,100.0,1992200.0
392,2021-10-12 06:54:37,131800.0,1600.0,1992100.0
393,2021-10-12 06:54:37,131800.0,200.0,1990500.0
394,2021-10-12 06:54:37,131800.0,1200.0,1990300.0
395,2021-10-12 06:54:27,131800.0,200.0,1989100.0
396,2021-10-12 06:54:15,131800.0,100.0,1988900.0
397,2021-10-12 06:53:38,131800.0,300.0,1988800.0
398,2021-10-12 06:53:02,131800.0,700.0,1988500.0
399,2021-10-12 06:53:02,131800.0,100.0,1987800.0
400,2021-10-12 06:53:02,131800.0,100.0,1987700.0
401,2021-10-12 06:53:02,131800.0,100.0,1987600.0
402,2021-10-12 06:52:38,131900.0,300.0,1987500.0
403,2021-10-12 06:52:35,131900.0,600.0,1987200.0
404,2021-10-12 06:52:35,131900.0,100.0,1986600.0
405,2021-10-12 06:52:35,131900.0,100.0,1986500.0
406,2021-10-12 06:52:35,131900.0,100.0,1986400.0
407,2021-10-12 06:52:35,131900.0,200.0,1986300.0
408,2021-10-12 06:52:35,131900.0,1000.0,1986100.0
409,2021-10-12 06:52:20,131900.0,200.0,1985100.0
410,2021-10-12 06:52:17,131900.0,1000.0,1984900.0
411,2021-10-12 06:51:57,131900.0,500.0,1983900.0
412,2021-10-12 06:51:56,131900.0,2500.0,1983400.0
413,2021-10-12 06:51:48,131900.0,1900.0,1980900.0
414,2021-10-12 06:51:41,131900.0,600.0,1979000.0
415,2021-10-12 06:51:39,131900.0,100.0,1978400.0
416,2021-10-12 06:51:22,131900.0,500.0,1978300.0
417,2021-10-12 06:51:17,131900.0,200.0,1977800.0
418,2021-10-12 06:51:10,131900.0,1100.0,1977600.0
419,2021-10-12 06:50:53,131900.0,400.0,1976500.0
420,2021-10-12 06:50:53,131900.0,600.0,1976100.0
421,2021-10-12 06:50:49,131900.0,200.0,1975500.0
422,2021-10-12 06:50:49,131900.0,800.0,1975300.0
423,2021-10-12 06:50:45,131900.0,100.0,1974500.0
424,2021-10-12 06:50:31,131900.0,5000.0,1974400.0
425,2021-10-12 06:48:56,131900.0,600.0,1969400.0
426,2021-10-12 06:48:39,131900.0,600.0,1968800.0
427,2021-10-12 06:48:15,131900.0,2600.0,1968200.0
428,2021-10-12 06:47:44,131900.0,100.0,1965600.0
429,2021-10-12 06:47:41,131900.0,200.0,1965500.0
430,2021-10-12 06:47:41,131900.0,100.0,1965300.0
431,2021-10-12 06:47:37,131900.0,100.0,1965200.0
432,2021-10-12 06:47:37,131900.0,100.0,1965100.0
433,2021-10-12 06:47:37,131900.0,100.0,1965000.0
434,2021-10-12 06:47:34,131900.0,100.0,1964900.0
435,2021-10-12 06:47:34,131900.0,200.0,1964800.0
436,2021-10-12 06:47:30,131900.0,300.0,1964600.0
437,2021-10-12 06:47:26,131900.0,300.0,1964300.0
438,2021-10-12 06:47:22,131900.0,300.0,1964000.0
439,2021-10-12 06:47:18,131900.0,300.0,1963700.0
440,2021-10-12 06:47:15,131900.0,300.0,1963400.0
441,2021-10-12 06:47:13,132000.0,6400.0,1963100.0
442,2021-10-12 06:47:13,132000.0,1600.0,1956700.0
443,2021-10-12 06:47:11,131900.0,300.0,1955100.0
444,2021-10-12 06:46:59,132000.0,100.0,1954800.0
445,2021-10-12 06:46:20,132000.0,500.0,1954700.0
446,2021-10-12 06:46:05,131900.0,1000.0,1954200.0
447,2021-10-12 06:45:43,132000.0,4000.0,1953200.0
448,2021-10-12 06:45:30,132000.0,100.0,1949200.0
449,2021-10-12 06:45:16,132000.0,1000.0,1949100.0
450,2021-10-12 06:44:52,132000.0,400.0,1948100.0
451,2021-10-12 06:44:39,132000.0,100.0,1947700.0
452,2021-10-12 06:44:28,131900.0,5000.0,1947600.0
453,2021-10-12 06:44:22,132000.0,2000.0,1942600.0
454,2021-10-12 06:44:20,132000.0,800.0,1940600.0
455,2021-10-12 06:44:20,132000.0,200.0,1939800.0
456,2021-10-12 06:44:20,132000.0,1200.0,1939600.0
457,2021-10-12 06:43:30,132000.0,100.0,1938400.0
458,2021-10-12 06:43:23,132000.0,300.0,1938300.0
459,2021-10-12 06:43:23,132000.0,500.0,1938000.0
460,2021-10-12 06:43:23,132000.0,200.0,1937500.0
461,2021-10-12 06:42:42,132000.0,300.0,1937300.0
462,2021-10-12 06:42:42,132000.0,100.0,1937000.0
463,2021-10-12 06:42:42,132000.0,100.0,1936900.0
464,2021-10-12 06:42:42,132000.0,4000.0,1936800.0
465,2021-10-12 06:42:42,132000.0,500.0,1932800.0
466,2021-10-12 06:42:42,132000.0,200.0,1932300.0
467,2021-10-12 06:42:42,132000.0,100.0,1932100.0
468,2021-10-12 06:42:42,132000.0,100.0,1932000.0
469,2021-10-12 06:42:42,132000.0,2000.0,1931900.0
470,2021-10-12 06:42:42,132000.0,400.0,1929900.0
471,2021-10-12 06:42:28,132000.0,600.0,1929500.0
472,2021-10-12 06:42:28,132000.0,4400.0,1928900.0
473,2021-10-12 06:41:59,131900.0,1000.0,1924500.0
474,2021-10-12 06:41:31,132000.0,100.0,1923500.0
475,2021-10-12 06:41:10,131900.0,200.0,1923400.0
476,2021-10-12 06:41:10,131900.0,800.0,1923200.0
477,2021-10-12 06:39:45,132000.0,500.0,1922400.0
478,2021-10-12 06:39:45,132000.0,500.0,1921900.0
479,2021-10-12 06:38:41,132000.0,500.0,1921400.0
480,2021-10-12 06:38:41,132000.0,100.0,1920900.0
481,2021-10-12 06:38:41,132000.0,200.0,1920800.0
482,2021-10-12 06:38:41,132000.0,100.0,1920600.0
483,2021-10-12 06:38:41,132000.0,300.0,1920500.0
484,2021-10-12 06:38:41,132000.0,500.0,1920200.0
485,2021-10-12 06:38:41,132000.0,300.0,1919700.0
486,2021-10-12 06:38:38,132000.0,700.0,1919400.0
487,2021-10-12 06:38:37,132000.0,200.0,1918700.0
488,2021-10-12 06:37:46,132000.0,500.0,1918500.0
489,2021-10-12 06:37:17,132000.0,2000.0,1918000.0
490,2021-10-12 06:35:39,132000.0,3000.0,1916000.0
491,2021-10-12 06:35:39,132000.0,100.0,1913000.0
492,2021-10-12 06:35:39,132000.0,200.0,1912900.0
493,2021-10-12 06:35:23,132000.0,500.0,1912700.0
494,2021-10-12 06:35:18,132000.0,100.0,1912200.0
495,2021-10-12 06:35:14,132000.0,600.0,1912100.0
496,2021-10-12 06:35:14,132000.0,1300.0,1911500.0
497,2021-10-12 06:34:53,132000.0,100.0,1910200.0
498,2021-10-12 06:34:45,132000.0,100.0,1910100.0
499,2021-10-12 06:34:44,132000.0,500.0,1910000.0
500,2021-10-12 06:34:40,132000.0,100.0,1909500.0
501,2021-10-12 06:34:23,132000.0,500.0,1909400.0
502,2021-10-12 06:34:11,132000.0,100.0,1908900.0
503,2021-10-12 06:33:38,132000.0,1000.0,1908800.0
504,2021-10-12 06:33:38,132000.0,5300.0,1907800.0
505,2021-10-12 06:33:26,131900.0,100.0,1902500.0
506,2021-10-12 06:33:26,131900.0,5000.0,1902400.0
507,2021-10-12 06:33:26,131900.0,8600.0,1897400.0
508,2021-10-12 06:33:00,132000.0,3000.0,1888800.0
509,2021-10-12 06:33:00,132000.0,100.0,1885800.0
510,2021-10-12 06:33:00,132000.0,100.0,1885700.0
511,2021-10-12 06:33:00,132000.0,500.0,1885600.0
512,2021-10-12 06:33:00,132000.0,100.0,1885100.0
513,2021-10-12 06:33:00,132000.0,100.0,1885000.0
514,2021-10-12 06:33:00,132000.0,100.0,1884900.0
515,2021-10-12 06:33:00,132000.0,500.0,1884800.0
516,2021-10-12 06:33:00,132000.0,200.0,1884300.0
517,2021-10-12 06:33:00,132000.0,300.0,1884100.0
518,2021-10-12 06:33:00,132000.0,100.0,1883800.0
519,2021-10-12 06:33:00,132000.0,300.0,1883700.0
520,2021-10-12 06:33:00,132000.0,100.0,1883400.0
521,2021-10-12 06:33:00,132000.0,10000.0,1883300.0
522,2021-10-12 06:33:00,132000.0,10000.0,1873300.0
523,2021-10-12 06:33:00,132000.0,1500.0,1863300.0
524,2021-10-12 06:32:35,132000.0,200.0,1861800.0
525,2021-10-12 06:32:27,132000.0,500.0,1861600.0
526,2021-10-12 06:32:23,132100.0,4000.0,1861100.0
527,2021-10-12 06:32:23,132100.0,800.0,1857100.0
528,2021-10-12 06:32:23,132100.0,200.0,1856300.0
529,2021-10-12 06:32:23,132000.0,200.0,1856100.0
530,2021-10-12 06:32:16,132000.0,100.0,1855900.0
531,2021-10-12 06:32:04,132000.0,1000.0,1855800.0
532,2021-10-12 06:32:00,132000.0,100.0,1854800.0
533,2021-10-12 06:31:45,132000.0,100.0,1854700.0
534,2021-10-12 06:31:44,132000.0,100.0,1854600.0
535,2021-10-12 06:31:28,132000.0,200.0,1854500.0
536,2021-10-12 06:31:14,132000.0,500.0,1854300.0
537,2021-10-12 06:30:41,132000.0,500.0,1853800.0
538,2021-10-12 06:30:27,132000.0,2000.0,1853300.0
539,2021-10-12 06:30:27,132000.0,2000.0,1851300.0
540,2021-10-12 06:30:27,132000.0,1000.0,1849300.0
541,2021-10-12 06:30:19,132000.0,2000.0,1848300.0
542,2021-10-12 06:30:19,132100.0,8000.0,1846300.0
543,2021-10-12 06:30:06,132200.0,100.0,1838300.0
544,2021-10-12 06:30:04,132100.0,100.0,1838200.0
545,2021-10-12 06:29:46,132200.0,100.0,1838100.0
546,2021-10-12 06:29:41,132000.0,700.0,1838000.0
547,2021-10-12 06:29:41,132100.0,300.0,1837300.0
548,2021-10-12 06:29:36,132100.0,1700.0,1837000.0
549,2021-10-12 06:29:14,132000.0,200.0,1835300.0
550,2021-10-12 06:29:14,132000.0,600.0,1835100.0
551,2021-10-12 06:29:02,132000.0,2000.0,1834500.0
552,2021-10-12 06:28:45,132100.0,100.0,1832500.0
553,2021-10-12 06:28:42,132100.0,400.0,1832400.0
554,2021-10-12 06:28:41,132100.0,800.0,1832000.0
555,2021-10-12 06:28:41,132100.0,2000.0,1831200.0
556,2021-10-12 06:28:24,132300.0,1000.0,1829200.0
557,2021-10-12 06:28:03,132300.0,100.0,1828200.0
558,2021-10-12 06:27:24,132300.0,100.0,1828100.0
559,2021-10-12 06:27:24,132300.0,100.0,1828000.0
560,2021-10-12 06:27:24,132300.0,500.0,1827900.0
561,2021-10-12 06:27:24,132300.0,1200.0,1827400.0
562,2021-10-12 06:27:24,132400.0,300.0,1826200.0
563,2021-10-12 06:27:03,132300.0,100.0,1825900.0
564,2021-10-12 06:27:02,132400.0,200.0,1825800.0
565,2021-10-12 06:27:02,132400.0,100.0,1825600.0
566,2021-10-12 06:27:02,132400.0,13100.0,1825500.0
567,2021-10-12 06:27:02,132400.0,1400.0,1812400.0
568,2021-10-12 06:27:02,132400.0,4300.0,1811000.0
569,2021-10-12 06:26:38,132400.0,700.0,1806700.0
570,2021-10-12 06:26:19,132400.0,500.0,1806000.0
571,2021-10-12 06:26:14,132300.0,1700.0,1805500.0
572,2021-10-12 06:26:14,132300.0,1000.0,1803800.0
573,2021-10-12 06:26:14,132400.0,2300.0,1802800.0
574,2021-10-12 06:26:07,132400.0,300.0,1800500.0
575,2021-10-12 06:26:04,132400.0,1000.0,1800200.0
576,2021-10-12 06:25:57,132400.0,10000.0,1799200.0
577,2021-10-12 06:25:56,132500.0,100.0,1789200.0
578,2021-10-12 06:25:46,132500.0,200.0,1789100.0
579,2021-10-12 06:25:45,132400.0,400.0,1788900.0
580,2021-10-12 06:25:42,132400.0,1000.0,1788500.0
581,2021-10-12 06:25:40,132400.0,1600.0,1787500.0
582,2021-10-12 06:25:40,132400.0,1000.0,1785900.0
583,2021-10-12 06:25:40,132400.0,100.0,1784900.0
584,2021-10-12 06:25:40,132400.0,6500.0,1784800.0
585,2021-10-12 06:25:40,132400.0,100.0,1778300.0
586,2021-10-12 06:25:40,132400.0,1000.0,1778200.0
587,2021-10-12 06:25:40,132400.0,500.0,1777200.0
588,2021-10-12 06:25:40,132400.0,100.0,1776700.0
589,2021-10-12 06:25:40,132400.0,100.0,1776600.0
590,2021-10-12 06:25:40,132400.0,1000.0,1776500.0
591,2021-10-12 06:25:40,132400.0,3700.0,1775500.0
592,2021-10-12 06:25:37,132300.0,100.0,1771800.0
593,2021-10-12 06:25:12,132400.0,100.0,1771700.0
594,2021-10-12 06:25:08,132300.0,500.0,1771600.0
595,2021-10-12 06:24:58,132300.0,200.0,1771100.0
596,2021-10-12 06:24:57,132300.0,1000.0,1770900.0
597,2021-10-12 06:24:56,132300.0,500.0,1769900.0
598,2021-10-12 06:24:40,132300.0,100.0,1769400.0
599,2021-10-12 06:24:35,132300.0,400.0,1769300.0
600,2021-10-12 06:24:25,132300.0,100.0,1768900.0
601,2021-10-12 06:24:16,132300.0,1000.0,1768800.0
602,2021-10-12 06:24:12,132300.0,100.0,1767800.0
603,2021-10-12 06:24:09,132300.0,400.0,1767700.0
604,2021-10-12 06:24:09,132300.0,100.0,1767300.0
605,2021-10-12 06:24:09,132300.0,500.0,1767200.0
606,2021-10-12 06:24:09,132300.0,100.0,1766700.0
607,2021-10-12 06:24:09,132300.0,400.0,1766600.0
608,2021-10-12 06:24:09,132300.0,1000.0,1766200.0
609,2021-10-12 06:24:09,132300.0,1000.0,1765200.0
610,2021-10-12 06:24:09,132300.0,100.0,1764200.0
611,2021-10-12 06:24:09,132300.0,100.0,1764100.0
612,2021-10-12 06:24:09,132300.0,100.0,1764000.0
613,2021-10-12 06:24:09,132300.0,2200.0,1763900.0
614,2021-10-12 06:23:54,132300.0,100.0,1761700.0
615,2021-10-12 06:23:50,132300.0,200.0,1761600.0
616,2021-10-12 06:23:46,132300.0,100.0,1761400.0
617,2021-10-12 06:23:45,132300.0,400.0,1761300.0
618,2021-10-12 06:23:45,132300.0,2000.0,1760900.0
619,2021-10-12 06:23:45,132300.0,100.0,1758900.0
620,2021-10-12 06:23:45,132300.0,100.0,1758800.0
621,2021-10-12 06:23:45,132300.0,3800.0,1758700.0
622,2021-10-12 06:23:45,132300.0,500.0,1754900.0
623,2021-10-12 06:23:45,132300.0,2000.0,1754400.0
624,2021-10-12 06:23:45,132300.0,1100.0,1752400.0
625,2021-10-12 06:23:37,132300.0,100.0,1751300.0
626,2021-10-12 06:23:24,132300.0,300.0,1751200.0
627,2021-10-12 06:23:20,132300.0,100.0,1750900.0
628,2021-10-12 06:23:19,132200.0,100.0,1750800.0
629,2021-10-12 06:22:45,132200.0,200.0,1750700.0
630,2021-10-12 06:22:18,132200.0,400.0,1750500.0
631,2021-10-12 06:21:59,132200.0,200.0,1750100.0
632,2021-10-12 06:21:59,132200.0,200.0,1749900.0
633,2021-10-12 06:21:59,132200.0,2200.0,1749700.0
634,2021-10-12 06:21:57,132200.0,200.0,1747500.0
635,2021-10-12 06:21:43,132200.0,100.0,1747300.0
636,2021-10-12 06:21:24,132200.0,1300.0,1747200.0
637,2021-10-12 06:21:14,132200.0,700.0,1745900.0
638,2021-10-12 06:21:14,132200.0,1000.0,1745200.0
639,2021-10-12 06:21:14,132200.0,500.0,1744200.0
640,2021-10-12 06:21:14,132200.0,2800.0,1743700.0
641,2021-10-12 06:21:10,132300.0,200.0,1740900.0
642,2021-10-12 06:21:05,132200.0,100.0,1740700.0
643,2021-10-12 06:20:45,132200.0,100.0,1740600.0
644,2021-10-12 06:20:28,132300.0,3200.0,1740500.0
645,2021-10-12 06:20:28,132300.0,800.0,1737300.0
646,2021-10-12 06:19:57,132300.0,200.0,1736500.0
647,2021-10-12 06:19:56,132200.0,300.0,1736300.0
648,2021-10-12 06:19:50,132300.0,300.0,1736000.0
649,2021-10-12 06:19:50,132300.0,100.0,1735700.0
650,2021-10-12 06:19:50,132300.0,1300.0,1735600.0
651,2021-10-12 06:19:50,132300.0,200.0,1734300.0
652,2021-10-12 06:19:45,132300.0,500.0,1734100.0
653,2021-10-12 06:19:40,132300.0,100.0,1733600.0
654,2021-10-12 06:19:24,132300.0,200.0,1733500.0
655,2021-10-12 06:19:02,132300.0,1700.0,1733300.0
656,2021-10-12 06:19:02,132300.0,300.0,1731600.0
657,2021-10-12 06:18:56,132300.0,400.0,1731300.0
658,2021-10-12 06:18:56,132300.0,100.0,1730900.0
659,2021-10-12 06:18:54,132400.0,1000.0,1730800.0
660,2021-10-12 06:18:50,132400.0,300.0,1729800.0
661,2021-10-12 06:18:36,132300.0,1000.0,1729500.0
662,2021-10-12 06:18:03,132300.0,400.0,1728500.0
663,2021-10-12 06:18:01,132300.0,500.0,1728100.0
664,2021-10-12 06:17:48,132300.0,600.0,1727600.0
665,2021-10-12 06:17:48,132400.0,1400.0,1727000.0
666,2021-10-12 06:17:48,132400.0,400.0,1725600.0
667,2021-10-12 06:17:48,132400.0,100.0,1725200.0
668,2021-10-12 06:17:48,132400.0,200.0,1725100.0
669,2021-10-12 06:17:48,132400.0,5000.0,1724900.0
670,2021-10-12 06:17:48,132400.0,200.0,1719900.0
671,2021-10-12 06:17:48,132400.0,100.0,1719700.0
672,2021-10-12 06:17:48,132400.0,1000.0,1719600.0
673,2021-10-12 06:17:48,132400.0,300.0,1718600.0
674,2021-10-12 06:17:48,132400.0,100.0,1718300.0
675,2021-10-12 06:17:48,132400.0,100.0,1718200.0
676,2021-10-12 06:17:48,132400.0,1100.0,1718100.0
677,2021-10-12 06:17:42,132400.0,100.0,1717000.0
678,2021-10-12 06:17:39,132400.0,700.0,1716900.0
679,2021-10-12 06:17:24,132300.0,4500.0,1716200.0
680,2021-10-12 06:17:19,132300.0,1000.0,1711700.0
681,2021-10-12 06:17:04,132300.0,1500.0,1710700.0
682,2021-10-12 06:17:04,132300.0,1600.0,1709200.0
683,2021-10-12 06:17:02,132300.0,400.0,1707600.0
684,2021-10-12 06:17:02,132300.0,200.0,1707200.0
685,2021-10-12 06:17:02,132300.0,200.0,1707000.0
686,2021-10-12 06:17:02,132300.0,100.0,1706800.0
687,2021-10-12 06:17:02,132300.0,100.0,1706700.0
688,2021-10-12 06:17:02,132300.0,200.0,1706600.0
689,2021-10-12 06:17:02,132300.0,1800.0,1706400.0
690,2021-10-12 06:17:00,132300.0,100.0,1704600.0
691,2021-10-12 06:16:57,132300.0,200.0,1704500.0
692,2021-10-12 06:16:45,132300.0,2000.0,1704300.0
693,2021-10-12 06:16:29,132300.0,100.0,1702300.0
694,2021-10-12 06:16:29,132200.0,1000.0,1702200.0
695,2021-10-12 06:16:07,132200.0,1500.0,1701200.0
696,2021-10-12 06:16:07,132200.0,1000.0,1699700.0
697,2021-10-12 06:16:07,132200.0,500.0,1698700.0
698,2021-10-12 06:16:07,132200.0,100.0,1698200.0
699,2021-10-12 06:16:07,132200.0,400.0,1698100.0
700,2021-10-12 06:15:37,132100.0,200.0,1697700.0
701,2021-10-12 06:15:20,132200.0,4600.0,1697500.0
702,2021-10-12 06:15:20,132200.0,400.0,1692900.0
703,2021-10-12 06:14:54,132200.0,100.0,1692500.0
704,2021-10-12 06:14:54,132200.0,500.0,1692400.0
705,2021-10-12 06:14:54,132200.0,400.0,1691900.0
706,2021-10-12 06:14:40,132200.0,600.0,1691500.0
707,2021-10-12 06:14:40,132200.0,500.0,1690900.0
708,2021-10-12 06:14:40,132200.0,200.0,1690400.0
709,2021-10-12 06:14:40,132200.0,100.0,1690200.0
710,2021-10-12 06:14:40,132200.0,100.0,1690100.0
711,2021-10-12 06:14:40,132100.0,2500.0,1690000.0
712,2021-10-12 06:14:40,132100.0,1000.0,1687500.0
713,2021-10-12 06:14:36,132100.0,500.0,1686500.0
714,2021-10-12 06:14:10,132100.0,100.0,1686000.0
715,2021-10-12 06:13:28,132100.0,600.0,1685900.0
716,2021-10-12 06:13:24,132100.0,100.0,1685300.0
717,2021-10-12 06:13:24,132100.0,200.0,1685200.0
718,2021-10-12 06:13:24,132100.0,100.0,1685000.0
719,2021-10-12 06:13:22,132100.0,100.0,1684900.0
720,2021-10-12 06:13:11,132100.0,200.0,1684800.0
721,2021-10-12 06:13:09,132100.0,600.0,1684600.0
722,2021-10-12 06:13:09,132100.0,100.0,1684000.0
723,2021-10-12 06:12:49,132100.0,300.0,1683900.0
724,2021-10-12 06:12:47,132000.0,800.0,1683600.0
725,2021-10-12 06:12:42,132000.0,100.0,1682800.0
726,2021-10-12 06:12:39,132000.0,100.0,1682700.0
727,2021-10-12 06:12:37,132000.0,100.0,1682600.0
728,2021-10-12 06:12:36,132100.0,1700.0,1682500.0
729,2021-10-12 06:12:36,132100.0,300.0,1680800.0
730,2021-10-12 06:12:35,132000.0,100.0,1680500.0
731,2021-10-12 06:12:33,132000.0,100.0,1680400.0
732,2021-10-12 06:12:29,132000.0,100.0,1680300.0
733,2021-10-12 06:12:26,132000.0,100.0,1680200.0
734,2021-10-12 06:12:23,132000.0,100.0,1680100.0
735,2021-10-12 06:12:20,132000.0,100.0,1680000.0
736,2021-10-12 06:12:17,132000.0,100.0,1679900.0
737,2021-10-12 06:12:14,132000.0,100.0,1679800.0
738,2021-10-12 06:12:11,132000.0,100.0,1679700.0
739,2021-10-12 06:12:06,132000.0,100.0,1679600.0
740,2021-10-12 06:12:06,132100.0,700.0,1679500.0
741,2021-10-12 06:12:06,132100.0,100.0,1678800.0
742,2021-10-12 06:12:06,132100.0,100.0,1678700.0
743,2021-10-12 06:12:06,132100.0,200.0,1678600.0
744,2021-10-12 06:12:06,132100.0,500.0,1678400.0
745,2021-10-12 06:12:06,132100.0,100.0,1677900.0
746,2021-10-12 06:12:06,132100.0,100.0,1677800.0
747,2021-10-12 06:12:06,132100.0,200.0,1677700.0
748,2021-10-12 06:12:02,132000.0,100.0,1677500.0
749,2021-10-12 06:12:02,132100.0,500.0,1677400.0
750,2021-10-12 06:12:02,132100.0,100.0,1676900.0
751,2021-10-12 06:12:02,132100.0,400.0,1676800.0
752,2021-10-12 06:12:01,132000.0,100.0,1676400.0
753,2021-10-12 06:12:00,132000.0,100.0,1676300.0
754,2021-10-12 06:11:56,132000.0,600.0,1676200.0
755,2021-10-12 06:11:56,132000.0,2400.0,1675600.0
756,2021-10-12 06:11:54,132000.0,100.0,1673200.0
757,2021-10-12 06:11:54,132000.0,200.0,1673100.0
758,2021-10-12 06:11:54,132000.0,100.0,1672900.0
759,2021-10-12 06:11:54,132000.0,500.0,1672800.0
760,2021-10-12 06:11:54,132000.0,100.0,1672300.0
761,2021-10-12 06:11:54,132000.0,1000.0,1672200.0
762,2021-10-12 06:11:54,132000.0,1100.0,1671200.0
763,2021-10-12 06:11:53,131900.0,100.0,1670100.0
764,2021-10-12 06:11:53,132000.0,1000.0,1670000.0
765,2021-10-12 06:11:53,132000.0,900.0,1669000.0
766,2021-10-12 06:11:53,132000.0,200.0,1668100.0
767,2021-10-12 06:11:53,132000.0,500.0,1667900.0
768,2021-10-12 06:11:53,132000.0,100.0,1667400.0
769,2021-10-12 06:11:53,132000.0,2000.0,1667300.0
770,2021-10-12 06:11:53,132000.0,100.0,1665300.0
771,2021-10-12 06:11:53,132000.0,100.0,1665200.0
772,2021-10-12 06:11:53,132000.0,100.0,1665100.0
773,2021-10-12 06:11:53,132000.0,3600.0,1665000.0
774,2021-10-12 06:11:53,132000.0,200.0,1661400.0
775,2021-10-12 06:11:53,132000.0,400.0,1661200.0
776,2021-10-12 06:11:53,132000.0,400.0,1660800.0
777,2021-10-12 06:11:53,132000.0,300.0,1660400.0
778,2021-10-12 06:11:53,132000.0,1100.0,1660100.0
779,2021-10-12 06:11:48,131900.0,100.0,1659000.0
780,2021-10-12 06:11:48,132000.0,100.0,1658900.0
781,2021-10-12 06:11:47,132000.0,300.0,1658800.0
782,2021-10-12 06:11:45,131900.0,100.0,1658500.0
783,2021-10-12 06:11:43,132000.0,1000.0,1658400.0
784,2021-10-12 06:11:39,131900.0,100.0,1657400.0
785,2021-10-12 06:11:36,132000.0,8700.0,1657300.0
786,2021-10-12 06:11:36,132000.0,200.0,1648600.0
787,2021-10-12 06:11:36,132000.0,500.0,1648400.0
788,2021-10-12 06:11:36,132000.0,300.0,1647900.0
789,2021-10-12 06:11:36,132000.0,700.0,1647600.0
790,2021-10-12 06:11:36,132000.0,1000.0,1646900.0
791,2021-10-12 06:11:36,132000.0,100.0,1645900.0
792,2021-10-12 06:11:36,132000.0,400.0,1645800.0
793,2021-10-12 06:11:36,132000.0,100.0,1645400.0
794,2021-10-12 06:11:36,132000.0,300.0,1645300.0
795,2021-10-12 06:11:36,132000.0,2000.0,1645000.0
796,2021-10-12 06:11:36,132000.0,1000.0,1643000.0
797,2021-10-12 06:11:36,132000.0,400.0,1642000.0
798,2021-10-12 06:11:36,132000.0,500.0,1641600.0
799,2021-10-12 06:11:36,132000.0,6800.0,1641100.0
800,2021-10-12 06:11:36,132000.0,5000.0,1634300.0
801,2021-10-12 06:11:36,132000.0,4800.0,1629300.0
802,2021-10-12 06:11:36,132000.0,100.0,1624500.0
803,2021-10-12 06:11:36,132000.0,100.0,1624400.0
804,2021-10-12 06:11:36,132000.0,400.0,1624300.0
805,2021-10-12 06:11:36,132000.0,900.0,1623900.0
806,2021-10-12 06:11:36,132000.0,300.0,1623000.0
807,2021-10-12 06:11:36,132000.0,100.0,1622700.0
808,2021-10-12 06:11:36,132000.0,200.0,1622600.0
809,2021-10-12 06:11:36,132000.0,500.0,1622400.0
810,2021-10-12 06:11:36,132000.0,400.0,1621900.0
811,2021-10-12 06:11:36,132000.0,100.0,1621500.0
812,2021-10-12 06:11:36,132000.0,300.0,1621400.0
813,2021-10-12 06:11:36,132000.0,300.0,1621100.0
814,2021-10-12 06:11:36,132000.0,100.0,1620800.0
815,2021-10-12 06:11:36,132000.0,400.0,1620700.0
816,2021-10-12 06:11:36,132000.0,100.0,1620300.0
817,2021-10-12 06:11:36,132000.0,100.0,1620200.0
818,2021-10-12 06:11:36,132000.0,500.0,1620100.0
819,2021-10-12 06:11:36,132000.0,1000.0,1619600.0
820,2021-10-12 06:11:36,132000.0,700.0,1618600.0
821,2021-10-12 06:11:36,132000.0,300.0,1617900.0
822,2021-10-12 06:11:36,132000.0,200.0,1617600.0
823,2021-10-12 06:11:36,132000.0,100.0,1617400.0
824,2021-10-12 06:11:34,131900.0,100.0,1617300.0
825,2021-10-12 06:11:22,132000.0,500.0,1617200.0
826,2021-10-12 06:11:17,132000.0,400.0,1616700.0
827,2021-10-12 06:11:17,132000.0,100.0,1616300.0
828,2021-10-12 06:11:17,132000.0,500.0,1616200.0
829,2021-10-12 06:10:54,132000.0,9900.0,1615700.0
830,2021-10-12 06:09:10,132000.0,1000.0,1605800.0
831,2021-10-12 06:09:02,132000.0,100.0,1604800.0
832,2021-10-12 06:08:43,132000.0,100.0,1604700.0
833,2021-10-12 06:08:30,132000.0,300.0,1604600.0
834,2021-10-12 06:07:55,132000.0,100.0,1604300.0
835,2021-10-12 06:07:06,132000.0,100.0,1604200.0
836,2021-10-12 06:06:16,132000.0,100.0,1604100.0
837,2021-10-12 06:05:55,132000.0,100.0,1604000.0
838,2021-10-12 06:05:22,131900.0,100.0,1603900.0
839,2021-10-12 06:04:17,131900.0,200.0,1603800.0
840,2021-10-12 06:03:43,131900.0,600.0,1603600.0
841,2021-10-12 06:03:43,131900.0,300.0,1603000.0
842,2021-10-12 06:03:43,131900.0,2000.0,1602700.0
843,2021-10-12 06:03:43,131900.0,1100.0,1600700.0
844,2021-10-12 06:03:32,131900.0,300.0,1599600.0
845,2021-10-12 06:02:57,131900.0,500.0,1599300.0
846,2021-10-12 06:01:47,132000.0,100.0,1598800.0
847,2021-10-12 06:00:28,132000.0,100.0,1598700.0
848,2021-10-12 06:00:27,131900.0,500.0,1598600.0
849,2021-10-12 06:00:18,131900.0,400.0,1598100.0
850,2021-10-12 06:00:13,131900.0,200.0,1597700.0
851,2021-10-12 06:00:12,131800.0,100.0,1597500.0
852,2021-10-12 06:00:12,131800.0,500.0,1597400.0
853,2021-10-12 06:00:12,131800.0,100.0,1596900.0
854,2021-10-12 06:00:11,131900.0,100.0,1596800.0
855,2021-10-12 06:00:05,131800.0,1000.0,1596700.0
856,2021-10-12 06:00:01,131900.0,100.0,1595700.0
857,2021-10-12 04:29:43,131800.0,1900.0,1595600.0
858,2021-10-12 04:29:43,131800.0,400.0,1593700.0
859,2021-10-12 04:29:43,131800.0,1500.0,1593300.0
860,2021-10-12 04:29:43,131900.0,800.0,1591800.0
861,2021-10-12 04:28:56,131900.0,400.0,1591000.0
862,2021-10-12 04:28:51,131900.0,400.0,1590600.0
863,2021-10-12 04:28:51,131900.0,100.0,1590200.0
864,2021-10-12 04:28:51,131900.0,300.0,1590100.0
865,2021-10-12 04:27:34,131800.0,300.0,1589800.0
866,2021-10-12 04:26:03,131800.0,200.0,1589500.0
867,2021-10-12 04:26:03,131800.0,100.0,1589300.0
868,2021-10-12 04:26:03,131800.0,700.0,1589200.0
869,2021-10-12 04:25:50,131800.0,100.0,1588500.0
870,2021-10-12 04:25:27,131800.0,100.0,1588400.0
871,2021-10-12 04:24:59,131800.0,700.0,1588300.0
872,2021-10-12 04:24:28,131800.0,100.0,1587600.0
873,2021-10-12 04:24:18,131900.0,200.0,1587500.0
874,2021-10-12 04:23:30,131900.0,300.0,1587300.0
875,2021-10-12 04:23:06,131900.0,100.0,1587000.0
876,2021-10-12 04:22:20,131900.0,200.0,1586900.0
877,2021-10-12 04:22:20,131900.0,200.0,1586700.0
878,2021-10-12 04:22:20,131900.0,100.0,1586500.0
879,2021-10-12 04:20:13,131900.0,200.0,1586400.0
880,2021-10-12 04:19:58,131900.0,400.0,1586200.0
881,2021-10-12 04:19:58,131900.0,100.0,1585800.0
882,2021-10-12 04:19:13,132000.0,200.0,1585700.0
883,2021-10-12 04:19:13,131900.0,300.0,1585500.0
884,2021-10-12 04:19:11,131900.0,1900.0,1585200.0
885,2021-10-12 04:19:06,131900.0,100.0,1583300.0
886,2021-10-12 04:18:57,131900.0,100.0,1583200.0
887,2021-10-12 04:18:42,131900.0,2800.0,1583100.0
888,2021-10-12 04:18:42,131900.0,300.0,1580300.0
889,2021-10-12 04:18:42,131900.0,200.0,1580000.0
890,2021-10-12 04:18:42,131900.0,200.0,1579800.0
891,2021-10-12 04:18:42,131900.0,200.0,1579600.0
892,2021-10-12 04:18:42,131900.0,200.0,1579400.0
893,2021-10-12 04:18:42,131900.0,200.0,1579200.0
894,2021-10-12 04:18:42,131900.0,200.0,1579000.0
895,2021-10-12 04:18:42,131900.0,700.0,1578800.0
896,2021-10-12 04:18:42,131900.0,200.0,1578100.0
897,2021-10-12 04:18:42,131900.0,700.0,1577900.0
898,2021-10-12 04:18:42,131900.0,100.0,1577200.0
899,2021-10-12 04:18:42,131900.0,1000.0,1577100.0
900,2021-10-12 04:17:30,131900.0,200.0,1576100.0
901,2021-10-12 04:16:48,131900.0,1000.0,1575900.0
902,2021-10-12 04:15:29,132000.0,100.0,1574900.0
903,2021-10-12 04:15:29,132000.0,100.0,1574800.0
904,2021-10-12 04:14:48,132000.0,500.0,1574700.0
905,2021-10-12 04:14:06,132000.0,500.0,1574200.0
906,2021-10-12 04:14:03,131900.0,900.0,1573700.0
907,2021-10-12 04:13:47,132000.0,500.0,1572800.0
908,2021-10-12 04:13:12,132000.0,1000.0,1572300.0
909,2021-10-12 04:12:50,132000.0,500.0,1571300.0
910,2021-10-12 04:12:36,132000.0,400.0,1570800.0
911,2021-10-12 04:12:11,132000.0,700.0,1570400.0
912,2021-10-12 04:12:11,132000.0,300.0,1569700.0
913,2021-10-12 04:11:48,132000.0,100.0,1569400.0
914,2021-10-12 04:11:20,131900.0,100.0,1569300.0
915,2021-10-12 04:11:13,132000.0,1000.0,1569200.0
916,2021-10-12 04:11:02,131900.0,500.0,1568200.0
917,2021-10-12 04:09:59,131900.0,500.0,1567700.0
918,2021-10-12 04:09:59,131900.0,700.0,1567200.0
919,2021-10-12 04:09:59,131900.0,400.0,1566500.0
920,2021-10-12 04:09:17,132000.0,100.0,1566100.0
921,2021-10-12 04:09:14,132000.0,500.0,1566000.0
922,2021-10-12 04:09:14,132000.0,500.0,1565500.0
923,2021-10-12 04:09:14,132000.0,1000.0,1565000.0
924,2021-10-12 04:09:14,132000.0,400.0,1564000.0
925,2021-10-12 04:09:13,132000.0,100.0,1563600.0
926,2021-10-12 04:09:13,132000.0,400.0,1563500.0
927,2021-10-12 04:07:48,131900.0,500.0,1563100.0
928,2021-10-12 04:06:37,132000.0,200.0,1562600.0
929,2021-10-12 04:06:37,132000.0,500.0,1562400.0
930,2021-10-12 04:06:37,132000.0,100.0,1561900.0
931,2021-10-12 04:06:37,132000.0,100.0,1561800.0
932,2021-10-12 04:06:37,132000.0,100.0,1561700.0
933,2021-10-12 04:06:36,131900.0,100.0,1561600.0
934,2021-10-12 04:06:35,131900.0,100.0,1561500.0
935,2021-10-12 04:06:11,132000.0,100.0,1561400.0
936,2021-10-12 04:06:11,132000.0,100.0,1561300.0
937,2021-10-12 04:05:52,131900.0,300.0,1561200.0
938,2021-10-12 04:05:26,131900.0,100.0,1560900.0
939,2021-10-12 04:05:26,131900.0,1900.0,1560800.0
940,2021-10-12 04:05:24,131800.0,300.0,1558900.0
941,2021-10-12 04:05:02,131900.0,100.0,1558600.0
942,2021-10-12 04:04:29,131900.0,500.0,1558500.0
943,2021-10-12 04:04:23,131900.0,200.0,1558000.0
944,2021-10-12 04:04:19,131900.0,100.0,1557800.0
945,2021-10-12 04:04:06,131900.0,500.0,1557700.0
946,2021-10-12 04:04:06,131900.0,1000.0,1557200.0
947,2021-10-12 04:04:06,131900.0,500.0,1556200.0
948,2021-10-12 04:04:06,131900.0,1000.0,1555700.0
949,2021-10-12 04:04:06,131900.0,100.0,1554700.0
950,2021-10-12 04:04:06,131900.0,200.0,1554600.0
951,2021-10-12 04:04:06,131900.0,600.0,1554400.0
952,2021-10-12 04:04:06,131900.0,600.0,1553800.0
953,2021-10-12 04:04:06,131900.0,200.0,1553200.0
954,2021-10-12 04:04:06,131900.0,1000.0,1553000.0
955,2021-10-12 04:04:06,131900.0,200.0,1552000.0
956,2021-10-12 04:04:06,131900.0,100.0,1551800.0
957,2021-10-12 04:04:06,131900.0,100.0,1551700.0
958,2021-10-12 04:04:06,131900.0,1100.0,1551600.0
959,2021-10-12 04:02:10,131900.0,100.0,1550500.0
960,2021-10-12 04:00:56,131900.0,800.0,1550400.0
961,2021-10-12 04:00:56,131900.0,200.0,1549600.0
962,2021-10-12 04:00:56,131900.0,100.0,1549400.0
963,2021-10-12 04:00:56,131900.0,200.0,1549300.0
964,2021-10-12 04:00:56,131900.0,700.0,1549100.0
965,2021-10-12 03:59:49,131900.0,100.0,1548400.0
966,2021-10-12 03:59:29,131900.0,100.0,1548300.0
967,2021-10-12 03:59:23,131900.0,100.0,1548200.0
968,2021-10-12 03:58:44,131900.0,100.0,1548100.0
969,2021-10-12 03:58:22,131900.0,1000.0,1548000.0
970,2021-10-12 03:57:40,131900.0,2900.0,1547000.0
971,2021-10-12 03:57:40,131900.0,700.0,1544100.0
972,2021-10-12 03:57:40,131900.0,2000.0,1543400.0
973,2021-10-12 03:57:40,131900.0,600.0,1541400.0
974,2021-10-12 03:57:40,131900.0,2800.0,1540800.0
975,2021-10-12 03:57:01,132000.0,300.0,1538000.0
976,2021-10-12 03:57:01,132000.0,200.0,1537700.0
977,2021-10-12 03:56:22,132000.0,5000.0,1537500.0
978,2021-10-12 03:56:22,132000.0,900.0,1532500.0
979,2021-10-12 03:56:22,132000.0,100.0,1531600.0
980,2021-10-12 03:55:56,131900.0,200.0,1531500.0
981,2021-10-12 03:55:40,132000.0,900.0,1531300.0
982,2021-10-12 03:55:22,132000.0,500.0,1530400.0
983,2021-10-12 03:55:14,132000.0,200.0,1529900.0
984,2021-10-12 03:55:06,132000.0,1000.0,1529700.0
985,2021-10-12 03:55:02,132000.0,300.0,1528700.0
986,2021-10-12 03:55:02,132000.0,100.0,1528400.0
987,2021-10-12 03:55:01,132000.0,100.0,1528300.0
988,2021-10-12 03:54:57,132000.0,100.0,1528200.0
989,2021-10-12 03:54:57,132000.0,200.0,1528100.0
990,2021-10-12 03:54:46,132000.0,100.0,1527900.0
991,2021-10-12 03:54:46,132000.0,900.0,1527800.0
992,2021-10-12 03:54:41,132000.0,600.0,1526900.0
993,2021-10-12 03:54:41,132000.0,100.0,1526300.0
994,2021-10-12 03:54:17,131900.0,100.0,1526200.0
995,2021-10-12 03:54:17,131900.0,100.0,1526100.0
996,2021-10-12 03:54:17,131900.0,100.0,1526000.0
997,2021-10-12 03:54:17,131900.0,700.0,1525900.0
998,2021-10-12 03:54:13,131900.0,200.0,1525200.0
999,2021-10-12 03:54:12,131900.0,1100.0,1525000.0
1000,2021-10-12 03:54:12,131900.0,100.0,1523900.0
1001,2021-10-12 03:54:12,131900.0,200.0,1523800.0
1002,2021-10-12 03:54:12,131900.0,3600.0,1523600.0
1003,2021-10-12 03:54:10,131900.0,600.0,1520000.0
1004,2021-10-12 03:54:10,131900.0,1400.0,1519400.0
1005,2021-10-12 03:54:10,131900.0,300.0,1518000.0
1006,2021-10-12 03:54:10,131900.0,500.0,1517700.0
1007,2021-10-12 03:54:10,131900.0,100.0,1517200.0
1008,2021-10-12 03:54:10,131900.0,100.0,1517100.0
1009,2021-10-12 03:54:05,131900.0,3000.0,1517000.0
1010,2021-10-12 03:53:53,131900.0,700.0,1514000.0
1011,2021-10-12 03:53:46,131800.0,100.0,1513300.0
1012,2021-10-12 03:53:31,131900.0,5000.0,1513200.0
1013,2021-10-12 03:53:19,131900.0,700.0,1508200.0
1014,2021-10-12 03:52:09,131900.0,100.0,1507500.0
1015,2021-10-12 03:52:00,131800.0,100.0,1507400.0
1016,2021-10-12 03:52:00,131800.0,400.0,1507300.0
1017,2021-10-12 03:51:18,131900.0,1100.0,1506900.0
1018,2021-10-12 03:51:17,131800.0,100.0,1505800.0
1019,2021-10-12 03:51:17,131800.0,400.0,1505700.0
1020,2021-10-12 03:51:17,131800.0,900.0,1505300.0
1021,2021-10-12 03:51:08,131900.0,1200.0,1504400.0
1022,2021-10-12 03:51:02,131900.0,200.0,1503200.0
1023,2021-10-12 03:50:24,131800.0,100.0,1503000.0
1024,2021-10-12 03:50:20,131800.0,200.0,1502900.0
1025,2021-10-12 03:50:19,131800.0,800.0,1502700.0
1026,2021-10-12 03:50:19,131800.0,200.0,1501900.0
1027,2021-10-12 03:50:19,131800.0,100.0,1501700.0
1028,2021-10-12 03:48:40,131800.0,100.0,1501600.0
1029,2021-10-12 03:48:34,131900.0,500.0,1501500.0
1030,2021-10-12 03:47:43,131900.0,100.0,1501000.0
1031,2021-10-12 03:47:02,131900.0,100.0,1500900.0
1032,2021-10-12 03:46:38,131900.0,100.0,1500800.0
1033,2021-10-12 03:46:38,131900.0,100.0,1500700.0
1034,2021-10-12 03:46:38,131900.0,300.0,1500600.0
1035,2021-10-12 03:44:59,131800.0,100.0,1500300.0
1036,2021-10-12 03:44:12,131800.0,100.0,1500200.0
1037,2021-10-12 03:44:12,131800.0,900.0,1500100.0
1038,2021-10-12 03:43:52,131800.0,100.0,1499200.0
1039,2021-10-12 03:43:01,131800.0,400.0,1499100.0
1040,2021-10-12 03:43:01,131800.0,600.0,1498700.0
1041,2021-10-12 03:43:01,131800.0,100.0,1498100.0
1042,2021-10-12 03:43:01,131800.0,300.0,1498000.0
1043,2021-10-12 03:43:00,131800.0,500.0,1497700.0
1044,2021-10-12 03:42:58,131900.0,100.0,1497200.0
1045,2021-10-12 03:42:25,131800.0,200.0,1497100.0
1046,2021-10-12 03:40:59,131800.0,400.0,1496900.0
1047,2021-10-12 03:40:54,131800.0,300.0,1496500.0
1048,2021-10-12 03:40:51,131800.0,300.0,1496200.0
1049,2021-10-12 03:40:48,131800.0,300.0,1495900.0
1050,2021-10-12 03:40:43,131800.0,100.0,1495600.0
1051,2021-10-12 03:40:41,131800.0,100.0,1495500.0
1052,2021-10-12 03:40:37,131800.0,100.0,1495400.0
1053,2021-10-12 03:40:34,131800.0,100.0,1495300.0
1054,2021-10-12 03:40:30,131800.0,100.0,1495200.0
1055,2021-10-12 03:40:27,131800.0,100.0,1495100.0
1056,2021-10-12 03:40:24,131800.0,100.0,1495000.0
1057,2021-10-12 03:40:21,131800.0,100.0,1494900.0
1058,2021-10-12 03:40:18,131800.0,100.0,1494800.0
1059,2021-10-12 03:40:15,131800.0,100.0,1494700.0
1060,2021-10-12 03:40:11,131800.0,100.0,1494600.0
1061,2021-10-12 03:40:10,131800.0,1600.0,1494500.0
1062,2021-10-12 03:40:10,131800.0,100.0,1492900.0
1063,2021-10-12 03:40:10,131800.0,1000.0,1492800.0
1064,2021-10-12 03:40:10,131800.0,700.0,1491800.0
1065,2021-10-12 03:40:09,131900.0,100.0,1491100.0
1066,2021-10-12 03:40:08,131900.0,100.0,1491000.0
1067,2021-10-12 03:40:04,131900.0,100.0,1490900.0
1068,2021-10-12 03:40:01,131900.0,100.0,1490800.0
1069,2021-10-12 03:39:58,131900.0,100.0,1490700.0
1070,2021-10-12 03:39:40,131900.0,100.0,1490600.0
1071,2021-10-12 03:39:40,131900.0,100.0,1490500.0
1072,2021-10-12 03:39:20,131900.0,100.0,1490400.0
1073,2021-10-12 03:39:07,131900.0,100.0,1490300.0
1074,2021-10-12 03:39:06,131800.0,100.0,1490200.0
1075,2021-10-12 03:39:03,131900.0,200.0,1490100.0
1076,2021-10-12 03:39:03,131900.0,2400.0,1489900.0
1077,2021-10-12 03:38:51,131900.0,100.0,1487500.0
1078,2021-10-12 03:38:37,131800.0,100.0,1487400.0
1079,2021-10-12 03:38:13,131800.0,100.0,1487300.0
1080,2021-10-12 03:38:12,131900.0,1000.0,1487200.0
1081,2021-10-12 03:37:12,131900.0,700.0,1486200.0
1082,2021-10-12 03:37:08,131900.0,100.0,1485500.0
1083,2021-10-12 03:36:25,131900.0,100.0,1485400.0
1084,2021-10-12 03:36:19,131900.0,300.0,1485300.0
1085,2021-10-12 03:36:19,131900.0,100.0,1485000.0
1086,2021-10-12 03:36:19,131900.0,100.0,1484900.0
1087,2021-10-12 03:36:19,131900.0,500.0,1484800.0
1088,2021-10-12 03:36:19,131900.0,500.0,1484300.0
1089,2021-10-12 03:36:19,131900.0,200.0,1483800.0
1090,2021-10-12 03:36:12,131900.0,1000.0,1483600.0
1091,2021-10-12 03:36:12,131900.0,1300.0,1482600.0
1092,2021-10-12 03:36:06,131900.0,100.0,1481300.0
1093,2021-10-12 03:35:55,131900.0,100.0,1481200.0
1094,2021-10-12 03:35:26,132000.0,100.0,1481100.0
1095,2021-10-12 03:35:03,132000.0,100.0,1481000.0
1096,2021-10-12 03:34:43,132000.0,600.0,1480900.0
1097,2021-10-12 03:34:43,132000.0,100.0,1480300.0
1098,2021-10-12 03:34:43,132000.0,100.0,1480200.0
1099,2021-10-12 03:34:43,132000.0,500.0,1480100.0
1100,2021-10-12 03:34:06,132000.0,300.0,1479600.0
1101,2021-10-12 03:33:03,132000.0,100.0,1479300.0
1102,2021-10-12 03:33:00,132000.0,500.0,1479200.0
1103,2021-10-12 03:32:45,132000.0,100.0,1478700.0
1104,2021-10-12 03:32:44,131900.0,500.0,1478600.0
1105,2021-10-12 03:32:34,132000.0,600.0,1478100.0
1106,2021-10-12 03:32:31,132000.0,100.0,1477500.0
1107,2021-10-12 03:32:23,131900.0,200.0,1477400.0
1108,2021-10-12 03:32:17,131900.0,300.0,1477200.0
1109,2021-10-12 03:30:50,132000.0,200.0,1476900.0
1110,2021-10-12 03:30:48,132000.0,2000.0,1476700.0
1111,2021-10-12 03:30:47,132000.0,2000.0,1474700.0
1112,2021-10-12 03:30:32,132000.0,100.0,1472700.0
1113,2021-10-12 03:30:32,132000.0,700.0,1472600.0
1114,2021-10-12 03:30:32,132000.0,200.0,1471900.0
1115,2021-10-12 03:30:14,132000.0,500.0,1471700.0
1116,2021-10-12 03:30:11,132000.0,100.0,1471200.0
1117,2021-10-12 03:30:08,132000.0,100.0,1471100.0
1118,2021-10-12 03:30:02,132000.0,100.0,1471000.0
1119,2021-10-12 03:30:01,132000.0,100.0,1470900.0
1120,2021-10-12 03:29:52,132000.0,100.0,1470800.0
1121,2021-10-12 03:29:46,132000.0,100.0,1470700.0
1122,2021-10-12 03:29:34,132000.0,1000.0,1470600.0
1123,2021-10-12 03:29:34,132000.0,300.0,1469600.0
1124,2021-10-12 03:29:34,132000.0,100.0,1469300.0
1125,2021-10-12 03:29:34,132000.0,400.0,1469200.0
1126,2021-10-12 03:29:34,132000.0,1200.0,1468800.0
1127,2021-10-12 03:29:34,132000.0,300.0,1467600.0
1128,2021-10-12 03:29:34,132000.0,6200.0,1467300.0
1129,2021-10-12 03:29:29,132000.0,1000.0,1461100.0
1130,2021-10-12 03:29:14,132000.0,300.0,1460100.0
1131,2021-10-12 03:29:10,132000.0,500.0,1459800.0
1132,2021-10-12 03:29:09,132100.0,500.0,1459300.0
1133,2021-10-12 03:28:31,132000.0,10000.0,1458800.0
1134,2021-10-12 03:28:18,132100.0,1900.0,1448800.0
1135,2021-10-12 03:28:18,132100.0,100.0,1446900.0
1136,2021-10-12 03:28:04,132100.0,500.0,1446800.0
1137,2021-10-12 03:28:03,132000.0,200.0,1446300.0
1138,2021-10-12 03:27:31,132000.0,200.0,1446100.0
1139,2021-10-12 03:27:14,132000.0,900.0,1445900.0
1140,2021-10-12 03:27:02,132100.0,3000.0,1445000.0
1141,2021-10-12 03:26:58,132000.0,100.0,1442000.0
1142,2021-10-12 03:26:56,132000.0,200.0,1441900.0
1143,2021-10-12 03:26:31,132000.0,300.0,1441700.0
1144,2021-10-12 03:26:31,132000.0,100.0,1441400.0
1145,2021-10-12 03:26:04,132000.0,300.0,1441300.0
1146,2021-10-12 03:26:04,132000.0,900.0,1441000.0
1147,2021-10-12 03:26:02,131700.0,100.0,1440100.0
1148,2021-10-12 03:26:02,131800.0,200.0,1440000.0
1149,2021-10-12 03:26:00,131800.0,100.0,1439800.0
1150,2021-10-12 03:25:57,131800.0,100.0,1439700.0
1151,2021-10-12 03:25:57,131800.0,100.0,1439600.0
1152,2021-10-12 03:25:57,131800.0,100.0,1439500.0
1153,2021-10-12 03:25:57,131800.0,200.0,1439400.0
1154,2021-10-12 03:25:44,132000.0,100.0,1439200.0
1155,2021-10-12 03:25:44,132000.0,100.0,1439100.0
1156,2021-10-12 03:25:20,132000.0,100.0,1439000.0
1157,2021-10-12 03:25:20,132000.0,900.0,1438900.0
1158,2021-10-12 03:25:15,131800.0,500.0,1438000.0
1159,2021-10-12 03:25:01,132000.0,100.0,1437500.0
1160,2021-10-12 03:25:01,132000.0,100.0,1437400.0
1161,2021-10-12 03:25:01,132000.0,100.0,1437300.0
1162,2021-10-12 03:25:01,132000.0,100.0,1437200.0
1163,2021-10-12 03:25:01,132000.0,5000.0,1437100.0
1164,2021-10-12 03:25:01,132000.0,200.0,1432100.0
1165,2021-10-12 03:25:01,132000.0,100.0,1431900.0
1166,2021-10-12 03:25:01,132000.0,8600.0,1431800.0
1167,2021-10-12 03:25:01,131900.0,700.0,1423200.0
1168,2021-10-12 03:25:01,131900.0,2400.0,1422500.0
1169,2021-10-12 03:25:01,131800.0,2600.0,1420100.0
1170,2021-10-12 03:24:39,131800.0,1000.0,1417500.0
1171,2021-10-12 03:24:35,131600.0,500.0,1416500.0
1172,2021-10-12 03:24:29,131800.0,800.0,1416000.0
1173,2021-10-12 03:24:15,131800.0,200.0,1415200.0
1174,2021-10-12 03:24:06,131800.0,300.0,1415000.0
1175,2021-10-12 03:24:06,131600.0,400.0,1414700.0
1176,2021-10-12 03:24:06,131700.0,100.0,1414300.0
1177,2021-10-12 03:24:06,131700.0,200.0,1414200.0
1178,2021-10-12 03:24:06,131700.0,100.0,1414000.0
1179,2021-10-12 03:23:51,131800.0,700.0,1413900.0
1180,2021-10-12 03:23:51,131800.0,300.0,1413200.0
1181,2021-10-12 03:23:28,131700.0,1000.0,1412900.0
1182,2021-10-12 03:22:54,131900.0,100.0,1411900.0
1183,2021-10-12 03:22:48,131900.0,500.0,1411800.0
1184,2021-10-12 03:22:47,131900.0,200.0,1411300.0
1185,2021-10-12 03:22:45,131600.0,100.0,1411100.0
1186,2021-10-12 03:22:42,131900.0,100.0,1411000.0
1187,2021-10-12 03:22:27,131900.0,100.0,1410900.0
1188,2021-10-12 03:22:25,131900.0,1600.0,1410800.0
1189,2021-10-12 03:22:24,132000.0,2000.0,1409200.0
1190,2021-10-12 03:22:21,131900.0,800.0,1407200.0
1191,2021-10-12 03:22:16,132000.0,200.0,1406400.0
1192,2021-10-12 03:22:14,131900.0,700.0,1406200.0
1193,2021-10-12 03:22:01,132000.0,1500.0,1405500.0
1194,2021-10-12 03:22:01,132000.0,1000.0,1404000.0
1195,2021-10-12 03:22:01,132000.0,1400.0,1403000.0
1196,2021-10-12 03:21:38,132100.0,100.0,1401600.0
1197,2021-10-12 03:21:36,132100.0,1200.0,1401500.0
1198,2021-10-12 03:21:17,132000.0,100.0,1400300.0
1199,2021-10-12 03:21:15,132000.0,500.0,1400200.0
1200,2021-10-12 03:21:14,132000.0,400.0,1399700.0
1201,2021-10-12 03:21:06,132000.0,200.0,1399300.0
1202,2021-10-12 03:21:02,132100.0,200.0,1399100.0
1203,2021-10-12 03:21:00,132000.0,300.0,1398900.0
1204,2021-10-12 03:21:00,132000.0,100.0,1398600.0
1205,2021-10-12 03:20:55,132000.0,500.0,1398500.0
1206,2021-10-12 03:20:55,132000.0,100.0,1398000.0
1207,2021-10-12 03:20:52,132100.0,900.0,1397900.0
1208,2021-10-12 03:20:52,132100.0,100.0,1397000.0
1209,2021-10-12 03:20:52,132000.0,100.0,1396900.0
1210,2021-10-12 03:20:52,132000.0,500.0,1396800.0
1211,2021-10-12 03:20:52,132000.0,500.0,1396300.0
1212,2021-10-12 03:20:52,132000.0,500.0,1395800.0
1213,2021-10-12 03:20:52,132000.0,200.0,1395300.0
1214,2021-10-12 03:20:52,132000.0,200.0,1395100.0
1215,2021-10-12 03:20:52,132000.0,100.0,1394900.0
1216,2021-10-12 03:20:52,132000.0,100.0,1394800.0
1217,2021-10-12 03:20:52,132000.0,500.0,1394700.0
1218,2021-10-12 03:20:52,132000.0,100.0,1394200.0
1219,2021-10-12 03:20:52,132000.0,1200.0,1394100.0
1220,2021-10-12 03:20:48,131900.0,1200.0,1392900.0
1221,2021-10-12 03:20:47,132000.0,100.0,1391700.0
1222,2021-10-12 03:20:47,132000.0,200.0,1391600.0
1223,2021-10-12 03:20:47,132000.0,100.0,1391400.0
1224,2021-10-12 03:20:47,132000.0,600.0,1391300.0
1225,2021-10-12 03:20:46,132000.0,100.0,1390700.0
1226,2021-10-12 03:20:45,132000.0,5000.0,1390600.0
1227,2021-10-12 03:20:44,132000.0,1000.0,1385600.0
1228,2021-10-12 03:20:40,132000.0,8300.0,1384600.0
1229,2021-10-12 03:20:40,132000.0,200.0,1376300.0
1230,2021-10-12 03:20:40,132000.0,500.0,1376100.0
1231,2021-10-12 03:20:38,132000.0,500.0,1375600.0
1232,2021-10-12 03:20:38,132000.0,100.0,1375100.0
1233,2021-10-12 03:20:38,132000.0,100.0,1375000.0
1234,2021-10-12 03:20:38,132000.0,700.0,1374900.0
1235,2021-10-12 03:20:31,132000.0,100.0,1374200.0
1236,2021-10-12 03:20:23,132000.0,1200.0,1374100.0
1237,2021-10-12 03:20:23,132000.0,700.0,1372900.0
1238,2021-10-12 03:20:23,132000.0,100.0,1372200.0
1239,2021-10-12 03:20:19,131900.0,700.0,1372100.0
1240,2021-10-12 03:20:14,132000.0,100.0,1371400.0
1241,2021-10-12 03:20:14,132000.0,400.0,1371300.0
1242,2021-10-12 03:20:02,132000.0,200.0,1370900.0
1243,2021-10-12 03:20:00,131900.0,300.0,1370700.0
1244,2021-10-12 03:19:59,131900.0,500.0,1370400.0
1245,2021-10-12 03:19:56,132000.0,400.0,1369900.0
1246,2021-10-12 03:19:56,132000.0,500.0,1369500.0
1247,2021-10-12 03:19:56,131900.0,100.0,1369000.0
1248,2021-10-12 03:19:49,131900.0,600.0,1368900.0
1249,2021-10-12 03:19:47,131900.0,200.0,1368300.0
1250,2021-10-12 03:19:47,131900.0,300.0,1368100.0
1251,2021-10-12 03:19:45,131900.0,1700.0,1367800.0
1252,2021-10-12 03:19:45,131900.0,1000.0,1366100.0
1253,2021-10-12 03:19:45,131900.0,2000.0,1365100.0
1254,2021-10-12 03:19:29,131900.0,100.0,1363100.0
1255,2021-10-12 03:19:29,131900.0,100.0,1363000.0
1256,2021-10-12 03:19:29,131900.0,300.0,1362900.0
1257,2021-10-12 03:19:15,131600.0,300.0,1362600.0
1258,2021-10-12 03:19:12,131900.0,400.0,1362300.0
1259,2021-10-12 03:19:05,131900.0,300.0,1361900.0
1260,2021-10-12 03:18:46,131900.0,100.0,1361600.0
1261,2021-10-12 03:18:46,131800.0,300.0,1361500.0
1262,2021-10-12 03:18:46,131700.0,100.0,1361200.0
1263,2021-10-12 03:18:27,131500.0,300.0,1361100.0
1264,2021-10-12 03:18:24,131700.0,100.0,1360800.0
1265,2021-10-12 03:18:23,131700.0,100.0,1360700.0
1266,2021-10-12 03:18:19,131500.0,300.0,1360600.0
1267,2021-10-12 03:18:09,131700.0,100.0,1360300.0
1268,2021-10-12 03:18:01,131700.0,500.0,1360200.0
1269,2021-10-12 03:17:56,131500.0,200.0,1359700.0
1270,2021-10-12 03:17:56,131500.0,400.0,1359500.0
1271,2021-10-12 03:17:56,131500.0,200.0,1359100.0
1272,2021-10-12 03:17:56,131500.0,100.0,1358900.0
1273,2021-10-12 03:17:56,131500.0,200.0,1358800.0
1274,2021-10-12 03:17:56,131500.0,600.0,1358600.0
1275,2021-10-12 03:17:47,131500.0,100.0,1358000.0
1276,2021-10-12 03:17:43,131700.0,200.0,1357900.0
1277,2021-10-12 03:17:38,131500.0,800.0,1357700.0
1278,2021-10-12 03:17:35,131500.0,1200.0,1356900.0
1279,2021-10-12 03:17:23,131500.0,100.0,1355700.0
1280,2021-10-12 03:17:05,131500.0,200.0,1355600.0
1281,2021-10-12 03:16:54,131500.0,100.0,1355400.0
1282,2021-10-12 03:16:54,131600.0,100.0,1355300.0
1283,2021-10-12 03:16:52,131700.0,100.0,1355200.0
1284,2021-10-12 03:16:45,131500.0,1900.0,1355100.0
1285,2021-10-12 03:16:45,131500.0,300.0,1353200.0
1286,2021-10-12 03:16:45,131500.0,500.0,1352900.0
1287,2021-10-12 03:16:45,131500.0,100.0,1352400.0
1288,2021-10-12 03:16:45,131500.0,1600.0,1352300.0
1289,2021-10-12 03:16:45,131500.0,100.0,1350700.0
1290,2021-10-12 03:16:45,131500.0,100.0,1350600.0
1291,2021-10-12 03:16:45,131500.0,200.0,1350500.0
1292,2021-10-12 03:16:45,131500.0,200.0,1350300.0
1293,2021-10-12 03:16:36,131500.0,2800.0,1350100.0
1294,2021-10-12 03:16:36,131500.0,1000.0,1347300.0
1295,2021-10-12 03:16:36,131500.0,300.0,1346300.0
1296,2021-10-12 03:16:36,131600.0,100.0,1346000.0
1297,2021-10-12 03:16:36,131600.0,500.0,1345900.0
1298,2021-10-12 03:16:36,131600.0,200.0,1345400.0
1299,2021-10-12 03:16:36,131600.0,100.0,1345200.0
1300,2021-10-12 03:16:17,131700.0,400.0,1345100.0
1301,2021-10-12 03:16:09,131700.0,1000.0,1344700.0
1302,2021-10-12 03:16:09,131700.0,600.0,1343700.0
1303,2021-10-12 03:16:07,131700.0,100.0,1343100.0
1304,2021-10-12 03:16:01,131700.0,500.0,1343000.0
1305,2021-10-12 03:15:54,131700.0,300.0,1342500.0
1306,2021-10-12 03:15:54,131700.0,200.0,1342200.0
1307,2021-10-12 03:15:54,131700.0,3000.0,1342000.0
1308,2021-10-12 03:15:54,131700.0,100.0,1339000.0
1309,2021-10-12 03:15:54,131700.0,500.0,1338900.0
1310,2021-10-12 03:15:54,131700.0,100.0,1338400.0
1311,2021-10-12 03:15:54,131700.0,1000.0,1338300.0
1312,2021-10-12 03:15:54,131700.0,200.0,1337300.0
1313,2021-10-12 03:15:54,132000.0,100.0,1337100.0
1314,2021-10-12 03:15:54,132000.0,3300.0,1337000.0
1315,2021-10-12 03:15:50,132000.0,100.0,1333700.0
1316,2021-10-12 03:15:50,132000.0,200.0,1333600.0
1317,2021-10-12 03:15:50,132000.0,500.0,1333400.0
1318,2021-10-12 03:15:50,132000.0,400.0,1332900.0
1319,2021-10-12 03:15:50,132000.0,400.0,1332500.0
1320,2021-10-12 03:15:50,132000.0,200.0,1332100.0
1321,2021-10-12 03:15:50,132000.0,600.0,1331900.0
1322,2021-10-12 03:15:50,132000.0,3000.0,1331300.0
1323,2021-10-12 03:15:50,132000.0,300.0,1328300.0
1324,2021-10-12 03:15:50,132000.0,1000.0,1328000.0
1325,2021-10-12 03:15:16,131700.0,100.0,1327000.0
1326,2021-10-12 03:15:16,131800.0,200.0,1326900.0
1327,2021-10-12 03:15:16,131800.0,100.0,1326700.0
1328,2021-10-12 03:15:16,131800.0,200.0,1326600.0
1329,2021-10-12 03:15:16,131800.0,500.0,1326400.0
1330,2021-10-12 03:15:16,131800.0,100.0,1325900.0
1331,2021-10-12 03:15:16,131800.0,300.0,1325800.0
1332,2021-10-12 03:15:16,131800.0,500.0,1325500.0
1333,2021-10-12 03:15:16,131900.0,100.0,1325000.0
1334,2021-10-12 03:15:16,131900.0,100.0,1324900.0
1335,2021-10-12 03:15:16,131900.0,200.0,1324800.0
1336,2021-10-12 03:15:16,131900.0,1000.0,1324600.0
1337,2021-10-12 03:15:16,131900.0,1100.0,1323600.0
1338,2021-10-12 03:15:16,132000.0,100.0,1322500.0
1339,2021-10-12 03:15:16,132000.0,100.0,1322400.0
1340,2021-10-12 03:15:16,132000.0,200.0,1322300.0
1341,2021-10-12 03:15:16,132000.0,100.0,1322100.0
1342,2021-10-12 03:15:13,132000.0,100.0,1322000.0
1343,2021-10-12 03:15:13,132000.0,1300.0,1321900.0
1344,2021-10-12 03:15:13,132000.0,500.0,1320600.0
1345,2021-10-12 03:15:13,132000.0,600.0,1320100.0
1346,2021-10-12 03:15:13,132000.0,200.0,1319500.0
1347,2021-10-12 03:15:13,132000.0,300.0,1319300.0
1348,2021-10-12 03:15:13,132000.0,100.0,1319000.0
1349,2021-10-12 03:15:13,132000.0,2600.0,1318900.0
1350,2021-10-12 03:15:09,132000.0,200.0,1316300.0
1351,2021-10-12 03:15:05,132000.0,700.0,1316100.0
1352,2021-10-12 03:15:04,132000.0,3000.0,1315400.0
1353,2021-10-12 03:15:03,132000.0,3500.0,1312400.0
1354,2021-10-12 03:15:03,132000.0,100.0,1308900.0
1355,2021-10-12 03:15:03,132000.0,2000.0,1308800.0
1356,2021-10-12 03:15:03,132000.0,300.0,1306800.0
1357,2021-10-12 03:15:03,132000.0,500.0,1306500.0
1358,2021-10-12 03:15:03,132000.0,200.0,1306000.0
1359,2021-10-12 03:15:03,132000.0,400.0,1305800.0
1360,2021-10-12 03:15:00,132000.0,300.0,1305400.0
1361,2021-10-12 03:14:57,132000.0,100.0,1305100.0
1362,2021-10-12 03:14:55,132000.0,100.0,1305000.0
1363,2021-10-12 03:14:55,132000.0,100.0,1304900.0
1364,2021-10-12 03:14:55,132000.0,100.0,1304800.0
1365,2021-10-12 03:14:53,132000.0,1000.0,1304700.0
1366,2021-10-12 03:14:53,132000.0,2000.0,1303700.0
1367,2021-10-12 03:14:53,132000.0,100.0,1301700.0
1368,2021-10-12 03:14:53,132000.0,1900.0,1301600.0
1369,2021-10-12 03:14:52,132000.0,1000.0,1299700.0
1370,2021-10-12 03:14:49,132000.0,1500.0,1298700.0
1371,2021-10-12 03:14:47,132000.0,1000.0,1297200.0
1372,2021-10-12 03:14:46,132000.0,100.0,1296200.0
1373,2021-10-12 03:14:46,132000.0,400.0,1296100.0
1374,2021-10-12 03:14:45,132000.0,400.0,1295700.0
1375,2021-10-12 03:14:44,132000.0,100.0,1295300.0
1376,2021-10-12 03:14:44,132000.0,1500.0,1295200.0
1377,2021-10-12 03:14:43,132000.0,100.0,1293700.0
1378,2021-10-12 03:14:41,132000.0,1100.0,1293600.0
1379,2021-10-12 03:14:38,132000.0,900.0,1292500.0
1380,2021-10-12 03:14:38,132000.0,500.0,1291600.0
1381,2021-10-12 03:14:38,132000.0,500.0,1291100.0
1382,2021-10-12 03:14:38,132000.0,200.0,1290600.0
1383,2021-10-12 03:14:38,132000.0,900.0,1290400.0
1384,2021-10-12 03:14:38,132000.0,100.0,1289500.0
1385,2021-10-12 03:14:38,132000.0,100.0,1289400.0
1386,2021-10-12 03:14:38,132000.0,100.0,1289300.0
1387,2021-10-12 03:14:38,132000.0,1200.0,1289200.0
1388,2021-10-12 03:14:38,132000.0,200.0,1288000.0
1389,2021-10-12 03:14:36,132000.0,600.0,1287800.0
1390,2021-10-12 03:14:36,132000.0,100.0,1287200.0
1391,2021-10-12 03:14:36,132000.0,100.0,1287100.0
1392,2021-10-12 03:14:36,132000.0,500.0,1287000.0
1393,2021-10-12 03:14:36,132000.0,100.0,1286500.0
1394,2021-10-12 03:14:36,132000.0,100.0,1286400.0
1395,2021-10-12 03:14:34,132000.0,100.0,1286300.0
1396,2021-10-12 03:14:34,132000.0,100.0,1286200.0
1397,2021-10-12 03:14:34,132000.0,500.0,1286100.0
1398,2021-10-12 03:14:30,132000.0,500.0,1285600.0
1399,2021-10-12 03:14:30,132000.0,100.0,1285100.0
1400,2021-10-12 03:14:30,132000.0,100.0,1285000.0
1401,2021-10-12 03:14:27,132000.0,200.0,1284900.0
1402,2021-10-12 03:14:25,132000.0,100.0,1284700.0
1403,2021-10-12 03:14:25,132000.0,200.0,1284600.0
1404,2021-10-12 03:14:25,132000.0,1700.0,1284400.0
1405,2021-10-12 03:14:18,132000.0,300.0,1282700.0
1406,2021-10-12 03:14:18,132000.0,200.0,1282400.0
1407,2021-10-12 03:14:18,132000.0,400.0,1282200.0
1408,2021-10-12 03:14:18,132000.0,100.0,1281800.0
1409,2021-10-12 03:14:18,132000.0,200.0,1281700.0
1410,2021-10-12 03:14:18,132000.0,800.0,1281500.0
1411,2021-10-12 03:14:09,132000.0,100.0,1280700.0
1412,2021-10-12 03:14:07,132000.0,100.0,1280600.0
1413,2021-10-12 03:14:07,132000.0,600.0,1280500.0
1414,2021-10-12 03:14:07,132000.0,100.0,1279900.0
1415,2021-10-12 03:14:07,132000.0,100.0,1279800.0
1416,2021-10-12 03:14:07,132000.0,3100.0,1279700.0
1417,2021-10-12 03:14:01,132000.0,2000.0,1276600.0
1418,2021-10-12 03:13:59,132000.0,100.0,1274600.0
1419,2021-10-12 03:13:53,132000.0,200.0,1274500.0
1420,2021-10-12 03:13:48,132000.0,100.0,1274300.0
1421,2021-10-12 03:13:46,132000.0,4000.0,1274200.0
1422,2021-10-12 03:13:39,132000.0,500.0,1270200.0
1423,2021-10-12 03:13:34,132100.0,500.0,1269700.0
1424,2021-10-12 03:13:29,132000.0,200.0,1269200.0
1425,2021-10-12 03:13:28,132000.0,100.0,1269000.0
1426,2021-10-12 03:13:27,132000.0,3000.0,1268900.0
1427,2021-10-12 03:13:23,132000.0,7200.0,1265900.0
1428,2021-10-12 03:13:23,132100.0,200.0,1258700.0
1429,2021-10-12 03:13:23,132100.0,500.0,1258500.0
1430,2021-10-12 03:13:23,132100.0,100.0,1258000.0
1431,2021-10-12 03:13:23,132100.0,100.0,1257900.0
1432,2021-10-12 03:13:23,132100.0,1900.0,1257800.0
1433,2021-10-12 03:13:08,132100.0,3600.0,1255900.0
1434,2021-10-12 03:13:06,132300.0,1800.0,1252300.0
1435,2021-10-12 03:13:06,132300.0,3500.0,1250500.0
1436,2021-10-12 03:13:06,132300.0,200.0,1247000.0
1437,2021-10-12 03:13:06,132300.0,300.0,1246800.0
1438,2021-10-12 03:13:06,132300.0,100.0,1246500.0
1439,2021-10-12 03:13:06,132300.0,500.0,1246400.0
1440,2021-10-12 03:13:06,132300.0,100.0,1245900.0
1441,2021-10-12 03:13:06,132300.0,100.0,1245800.0
1442,2021-10-12 03:13:06,132300.0,1000.0,1245700.0
1443,2021-10-12 03:13:06,132300.0,100.0,1244700.0
1444,2021-10-12 03:13:06,132300.0,100.0,1244600.0
1445,2021-10-12 03:13:06,132300.0,3800.0,1244500.0
1446,2021-10-12 03:13:06,132200.0,700.0,1240700.0
1447,2021-10-12 03:13:06,132200.0,100.0,1240000.0
1448,2021-10-12 03:13:06,132200.0,1000.0,1239900.0
1449,2021-10-12 03:13:06,132200.0,500.0,1238900.0
1450,2021-10-12 03:13:06,132200.0,200.0,1238400.0
1451,2021-10-12 03:13:06,132200.0,5900.0,1238200.0
1452,2021-10-12 03:13:03,132100.0,4500.0,1232300.0
1453,2021-10-12 03:13:03,132100.0,200.0,1227800.0
1454,2021-10-12 03:13:03,132100.0,100.0,1227600.0
1455,2021-10-12 03:13:03,132100.0,100.0,1227500.0
1456,2021-10-12 03:13:03,132100.0,5000.0,1227400.0
1457,2021-10-12 03:13:03,132100.0,100.0,1222400.0
1458,2021-10-12 03:12:51,132200.0,1000.0,1222300.0
1459,2021-10-12 03:12:43,132200.0,3000.0,1221300.0
1460,2021-10-12 03:12:40,132200.0,100.0,1218300.0
1461,2021-10-12 03:12:40,132200.0,100.0,1218200.0
1462,2021-10-12 03:12:39,132200.0,200.0,1218100.0
1463,2021-10-12 03:12:39,132200.0,800.0,1217900.0
1464,2021-10-12 03:12:39,132300.0,100.0,1217100.0
1465,2021-10-12 03:12:26,132200.0,500.0,1217000.0
1466,2021-10-12 03:12:24,132200.0,100.0,1216500.0
1467,2021-10-12 03:12:22,132200.0,300.0,1216400.0
1468,2021-10-12 03:12:04,132300.0,500.0,1216100.0
1469,2021-10-12 03:12:03,132200.0,400.0,1215600.0
1470,2021-10-12 03:12:03,132200.0,200.0,1215200.0
1471,2021-10-12 03:12:03,132200.0,100.0,1215000.0
1472,2021-10-12 03:12:03,132200.0,100.0,1214900.0
1473,2021-10-12 03:12:03,132200.0,100.0,1214800.0
1474,2021-10-12 03:11:43,132200.0,300.0,1214700.0
1475,2021-10-12 03:11:39,132200.0,100.0,1214400.0
1476,2021-10-12 03:11:39,132200.0,200.0,1214300.0
1477,2021-10-12 03:11:36,132200.0,300.0,1214100.0
1478,2021-10-12 03:11:36,132200.0,2400.0,1213800.0
1479,2021-10-12 03:11:36,132200.0,300.0,1211400.0
1480,2021-10-12 03:11:22,132200.0,100.0,1211100.0
1481,2021-10-12 03:11:14,132300.0,100.0,1211000.0
1482,2021-10-12 03:10:41,132300.0,100.0,1210900.0
1483,2021-10-12 03:10:36,132300.0,100.0,1210800.0
1484,2021-10-12 03:10:33,132300.0,100.0,1210700.0
1485,2021-10-12 03:10:19,132300.0,100.0,1210600.0
1486,2021-10-12 03:10:13,132200.0,100.0,1210500.0
1487,2021-10-12 03:10:01,132200.0,100.0,1210400.0
1488,2021-10-12 03:09:48,132200.0,700.0,1210300.0
1489,2021-10-12 03:09:40,132200.0,100.0,1209600.0
1490,2021-10-12 03:09:40,132200.0,200.0,1209500.0
1491,2021-10-12 03:09:37,132200.0,100.0,1209300.0
1492,2021-10-12 03:09:37,132200.0,700.0,1209200.0
1493,2021-10-12 03:09:37,132200.0,200.0,1208500.0
1494,2021-10-12 03:09:10,132300.0,100.0,1208300.0
1495,2021-10-12 03:09:02,132300.0,100.0,1208200.0
1496,2021-10-12 03:08:54,132300.0,300.0,1208100.0
1497,2021-10-12 03:08:33,132300.0,1900.0,1207800.0
1498,2021-10-12 03:08:32,132300.0,200.0,1205900.0
1499,2021-10-12 03:08:31,132300.0,100.0,1205700.0
1500,2021-10-12 03:08:29,132300.0,200.0,1205600.0
1501,2021-10-12 03:08:21,132300.0,5000.0,1205400.0
1502,2021-10-12 03:08:04,132300.0,200.0,1200400.0
1503,2021-10-12 03:08:04,132300.0,2000.0,1200200.0
1504,2021-10-12 03:08:04,132300.0,2000.0,1198200.0
1505,2021-10-12 03:08:04,132300.0,300.0,1196200.0
1506,2021-10-12 03:07:49,132400.0,100.0,1195900.0
1507,2021-10-12 03:07:49,132400.0,100.0,1195800.0
1508,2021-10-12 03:07:49,132400.0,100.0,1195700.0
1509,2021-10-12 03:07:35,132400.0,100.0,1195600.0
1510,2021-10-12 03:07:11,132400.0,500.0,1195500.0
1511,2021-10-12 03:06:55,132500.0,1000.0,1195000.0
1512,2021-10-12 03:06:42,132500.0,2000.0,1194000.0
1513,2021-10-12 03:06:29,132500.0,4200.0,1192000.0
1514,2021-10-12 03:06:29,132500.0,200.0,1187800.0
1515,2021-10-12 03:06:29,132500.0,500.0,1187600.0
1516,2021-10-12 03:06:29,132500.0,200.0,1187100.0
1517,2021-10-12 03:06:29,132500.0,100.0,1186900.0
1518,2021-10-12 03:06:29,132500.0,1000.0,1186800.0
1519,2021-10-12 03:06:29,132500.0,300.0,1185800.0
1520,2021-10-12 03:06:29,132500.0,200.0,1185500.0
1521,2021-10-12 03:06:29,132500.0,200.0,1185300.0
1522,2021-10-12 03:06:29,132500.0,1000.0,1185100.0
1523,2021-10-12 03:06:29,132500.0,100.0,1184100.0
1524,2021-10-12 03:06:29,132500.0,1000.0,1184000.0
1525,2021-10-12 03:06:29,132500.0,100.0,1183000.0
1526,2021-10-12 03:06:29,132500.0,900.0,1182900.0
1527,2021-10-12 03:06:27,132500.0,100.0,1182000.0
1528,2021-10-12 03:06:04,132300.0,500.0,1181900.0
1529,2021-10-12 03:06:01,132300.0,300.0,1181400.0
1530,2021-10-12 03:05:49,132300.0,100.0,1181100.0
1531,2021-10-12 03:05:48,132200.0,200.0,1181000.0
1532,2021-10-12 03:05:40,132200.0,2500.0,1180800.0
1533,2021-10-12 03:05:33,132200.0,200.0,1178300.0
1534,2021-10-12 03:05:28,132200.0,400.0,1178100.0
1535,2021-10-12 03:05:28,132200.0,400.0,1177700.0
1536,2021-10-12 03:05:28,132100.0,100.0,1177300.0
1537,2021-10-12 03:05:21,132100.0,200.0,1177200.0
1538,2021-10-12 03:05:19,132100.0,100.0,1177000.0
1539,2021-10-12 03:05:18,132100.0,100.0,1176900.0
1540,2021-10-12 03:05:15,132200.0,100.0,1176800.0
1541,2021-10-12 03:05:15,132200.0,300.0,1176700.0
1542,2021-10-12 03:05:12,132200.0,100.0,1176400.0
1543,2021-10-12 03:05:07,132100.0,600.0,1176300.0
1544,2021-10-12 03:05:06,132200.0,300.0,1175700.0
1545,2021-10-12 03:04:54,132100.0,400.0,1175400.0
1546,2021-10-12 03:04:53,132100.0,200.0,1175000.0
1547,2021-10-12 03:04:52,132100.0,200.0,1174800.0
1548,2021-10-12 03:04:52,132100.0,400.0,1174600.0
1549,2021-10-12 03:04:48,132100.0,400.0,1174200.0
1550,2021-10-12 03:04:46,132100.0,400.0,1173800.0
1551,2021-10-12 03:04:43,132100.0,400.0,1173400.0
1552,2021-10-12 03:04:43,132100.0,1000.0,1173000.0
1553,2021-10-12 03:04:42,132100.0,200.0,1172000.0
1554,2021-10-12 03:04:42,132100.0,300.0,1171800.0
1555,2021-10-12 03:04:42,132100.0,11200.0,1171500.0
1556,2021-10-12 03:04:38,132000.0,400.0,1160300.0
1557,2021-10-12 03:04:37,132000.0,300.0,1159900.0
1558,2021-10-12 03:04:35,132000.0,400.0,1159600.0
1559,2021-10-12 03:04:33,132100.0,200.0,1159200.0
1560,2021-10-12 03:04:32,132000.0,100.0,1159000.0
1561,2021-10-12 03:04:28,132100.0,100.0,1158900.0
1562,2021-10-12 03:04:24,132100.0,200.0,1158800.0
1563,2021-10-12 03:04:23,132000.0,400.0,1158600.0
1564,2021-10-12 03:04:21,132100.0,300.0,1158200.0
1565,2021-10-12 03:04:21,132100.0,200.0,1157900.0
1566,2021-10-12 03:04:21,132100.0,300.0,1157700.0
1567,2021-10-12 03:04:21,132100.0,7500.0,1157400.0
1568,2021-10-12 03:04:20,132100.0,400.0,1149900.0
1569,2021-10-12 03:04:17,132100.0,400.0,1149500.0
1570,2021-10-12 03:04:15,132100.0,400.0,1149100.0
1571,2021-10-12 03:04:11,132100.0,400.0,1148700.0
1572,2021-10-12 03:04:08,132100.0,400.0,1148300.0
1573,2021-10-12 03:04:05,132100.0,400.0,1147900.0
1574,2021-10-12 03:03:53,132100.0,100.0,1147500.0
1575,2021-10-12 03:03:53,132100.0,100.0,1147400.0
1576,2021-10-12 03:03:53,132100.0,200.0,1147300.0
1577,2021-10-12 03:03:51,132200.0,300.0,1147100.0
1578,2021-10-12 03:03:50,132100.0,300.0,1146800.0
1579,2021-10-12 03:03:50,132100.0,100.0,1146500.0
1580,2021-10-12 03:03:48,132100.0,100.0,1146400.0
1581,2021-10-12 03:03:48,132100.0,300.0,1146300.0
1582,2021-10-12 03:03:45,132100.0,200.0,1146000.0
1583,2021-10-12 03:03:45,132100.0,200.0,1145800.0
1584,2021-10-12 03:03:44,132200.0,200.0,1145600.0
1585,2021-10-12 03:03:41,132100.0,100.0,1145400.0
1586,2021-10-12 03:03:41,132100.0,300.0,1145300.0
1587,2021-10-12 03:03:38,132200.0,200.0,1145000.0
1588,2021-10-12 03:03:38,132200.0,300.0,1144800.0
1589,2021-10-12 03:03:38,132200.0,300.0,1144500.0
1590,2021-10-12 03:03:37,132200.0,400.0,1144200.0
1591,2021-10-12 03:03:35,132200.0,100.0,1143800.0
1592,2021-10-12 03:03:35,132200.0,100.0,1143700.0
1593,2021-10-12 03:03:35,132200.0,100.0,1143600.0
1594,2021-10-12 03:03:35,132300.0,100.0,1143500.0
1595,2021-10-12 03:03:33,132300.0,300.0,1143400.0
1596,2021-10-12 03:03:17,132200.0,100.0,1143100.0
1597,2021-10-12 03:03:17,132200.0,100.0,1143000.0
1598,2021-10-12 03:03:17,132200.0,100.0,1142900.0
1599,2021-10-12 03:03:14,132200.0,300.0,1142800.0
1600,2021-10-12 03:03:11,132200.0,300.0,1142500.0
1601,2021-10-12 03:03:07,132200.0,100.0,1142200.0
1602,2021-10-12 03:03:07,132200.0,100.0,1142100.0
1603,2021-10-12 03:03:07,132200.0,100.0,1142000.0
1604,2021-10-12 03:03:05,132200.0,300.0,1141900.0
1605,2021-10-12 03:03:02,132200.0,200.0,1141600.0
1606,2021-10-12 03:03:02,132500.0,100.0,1141400.0
1607,2021-10-12 03:02:58,132200.0,300.0,1141300.0
1608,2021-10-12 03:02:57,132800.0,300.0,1141000.0
1609,2021-10-12 03:02:57,132800.0,1000.0,1140700.0
1610,2021-10-12 03:02:57,132800.0,100.0,1139700.0
1611,2021-10-12 03:02:57,132800.0,100.0,1139600.0
1612,2021-10-12 03:02:57,132800.0,100.0,1139500.0
1613,2021-10-12 03:02:57,132800.0,300.0,1139400.0
1614,2021-10-12 03:02:57,132800.0,100.0,1139100.0
1615,2021-10-12 03:02:57,132700.0,100.0,1139000.0
1616,2021-10-12 03:02:57,132700.0,100.0,1138900.0
1617,2021-10-12 03:02:57,132700.0,100.0,1138800.0
1618,2021-10-12 03:02:57,132700.0,300.0,1138700.0
1619,2021-10-12 03:02:57,132700.0,500.0,1138400.0
1620,2021-10-12 03:02:57,132700.0,100.0,1137900.0
1621,2021-10-12 03:02:57,132700.0,100.0,1137800.0
1622,2021-10-12 03:02:57,132700.0,100.0,1137700.0
1623,2021-10-12 03:02:57,132700.0,100.0,1137600.0
1624,2021-10-12 03:02:57,132700.0,100.0,1137500.0
1625,2021-10-12 03:02:57,132600.0,100.0,1137400.0
1626,2021-10-12 03:02:57,132600.0,100.0,1137300.0
1627,2021-10-12 03:02:57,132600.0,300.0,1137200.0
1628,2021-10-12 03:02:57,132600.0,100.0,1136900.0
1629,2021-10-12 03:02:57,132600.0,5000.0,1136800.0
1630,2021-10-12 03:02:57,132600.0,100.0,1131800.0
1631,2021-10-12 03:02:57,132600.0,100.0,1131700.0
1632,2021-10-12 03:02:57,132600.0,100.0,1131600.0
1633,2021-10-12 03:02:57,132600.0,100.0,1131500.0
1634,2021-10-12 03:02:57,132600.0,200.0,1131400.0
1635,2021-10-12 03:02:57,132600.0,100.0,1131200.0
1636,2021-10-12 03:02:57,132600.0,200.0,1131100.0
1637,2021-10-12 03:02:57,132600.0,2800.0,1130900.0
1638,2021-10-12 03:02:57,132500.0,100.0,1128100.0
1639,2021-10-12 03:02:57,132500.0,300.0,1128000.0
1640,2021-10-12 03:02:57,132500.0,300.0,1127700.0
1641,2021-10-12 03:02:57,132500.0,600.0,1127400.0
1642,2021-10-12 03:02:57,132500.0,5000.0,1126800.0
1643,2021-10-12 03:02:57,132500.0,200.0,1121800.0
1644,2021-10-12 03:02:57,132500.0,100.0,1121600.0
1645,2021-10-12 03:02:57,132500.0,500.0,1121500.0
1646,2021-10-12 03:02:57,132500.0,200.0,1121000.0
1647,2021-10-12 03:02:57,132500.0,1000.0,1120800.0
1648,2021-10-12 03:02:57,132500.0,100.0,1119800.0
1649,2021-10-12 03:02:57,132500.0,2000.0,1119700.0
1650,2021-10-12 03:02:57,132500.0,500.0,1117700.0
1651,2021-10-12 03:02:57,132500.0,1200.0,1117200.0
1652,2021-10-12 03:02:54,132200.0,100.0,1116000.0
1653,2021-10-12 03:02:54,132200.0,100.0,1115900.0
1654,2021-10-12 03:02:54,132400.0,100.0,1115800.0
1655,2021-10-12 03:02:51,132400.0,300.0,1115700.0
1656,2021-10-12 03:02:49,132400.0,300.0,1115400.0
1657,2021-10-12 03:02:45,132400.0,100.0,1115100.0
1658,2021-10-12 03:02:44,132500.0,100.0,1115000.0
1659,2021-10-12 03:02:34,132400.0,1200.0,1114900.0
1660,2021-10-12 03:02:34,132400.0,300.0,1113700.0
1661,2021-10-12 03:02:30,132500.0,200.0,1113400.0
1662,2021-10-12 03:02:25,132500.0,700.0,1113200.0
1663,2021-10-12 03:02:22,132500.0,600.0,1112500.0
1664,2021-10-12 03:01:59,132500.0,100.0,1111900.0
1665,2021-10-12 03:01:47,132500.0,100.0,1111800.0
1666,2021-10-12 03:01:45,132400.0,100.0,1111700.0
1667,2021-10-12 03:01:45,132400.0,8900.0,1111600.0
1668,2021-10-12 03:01:36,132400.0,500.0,1102700.0
1669,2021-10-12 03:01:31,132500.0,1000.0,1102200.0
1670,2021-10-12 03:01:23,132400.0,15900.0,1101200.0
1671,2021-10-12 03:01:23,132500.0,100.0,1085300.0
1672,2021-10-12 03:01:22,132500.0,100.0,1085200.0
1673,2021-10-12 03:01:16,132500.0,100.0,1085100.0
1674,2021-10-12 03:01:14,132500.0,100.0,1085000.0
1675,2021-10-12 03:01:14,132500.0,1000.0,1084900.0
1676,2021-10-12 03:01:14,132500.0,100.0,1083900.0
1677,2021-10-12 03:01:14,132500.0,300.0,1083800.0
1678,2021-10-12 03:01:14,132500.0,300.0,1083500.0
1679,2021-10-12 03:01:14,132500.0,200.0,1083200.0
1680,2021-10-12 03:01:14,132600.0,2000.0,1083000.0
1681,2021-10-12 03:01:06,132500.0,300.0,1081000.0
1682,2021-10-12 03:01:06,132600.0,200.0,1080700.0
1683,2021-10-12 03:01:06,132600.0,100.0,1080500.0
1684,2021-10-12 03:01:02,132500.0,100.0,1080400.0
1685,2021-10-12 03:00:33,132500.0,400.0,1080300.0
1686,2021-10-12 03:00:31,132500.0,200.0,1079900.0
1687,2021-10-12 03:00:30,132500.0,100.0,1079700.0
1688,2021-10-12 03:00:29,132500.0,200.0,1079600.0
1689,2021-10-12 03:00:27,132500.0,200.0,1079400.0
1690,2021-10-12 03:00:24,132500.0,100.0,1079200.0
1691,2021-10-12 03:00:24,132500.0,100.0,1079100.0
1692,2021-10-12 03:00:24,132500.0,100.0,1079000.0
1693,2021-10-12 03:00:22,132500.0,200.0,1078900.0
1694,2021-10-12 03:00:22,132500.0,300.0,1078700.0
1695,2021-10-12 03:00:21,132500.0,2400.0,1078400.0
1696,2021-10-12 03:00:21,132500.0,100.0,1076000.0
1697,2021-10-12 03:00:21,132500.0,200.0,1075900.0
1698,2021-10-12 03:00:21,132500.0,100.0,1075700.0
1699,2021-10-12 03:00:21,132500.0,100.0,1075600.0
1700,2021-10-12 03:00:21,132500.0,100.0,1075500.0
1701,2021-10-12 03:00:17,132500.0,200.0,1075400.0
1702,2021-10-12 03:00:17,132500.0,200.0,1075200.0
1703,2021-10-12 03:00:17,132500.0,100.0,1075000.0
1704,2021-10-12 03:00:17,132500.0,100.0,1074900.0
1705,2021-10-12 03:00:17,132500.0,100.0,1074800.0
1706,2021-10-12 03:00:17,132500.0,100.0,1074700.0
1707,2021-10-12 03:00:17,132500.0,100.0,1074600.0
1708,2021-10-12 03:00:17,132500.0,200.0,1074500.0
1709,2021-10-12 03:00:17,132500.0,100.0,1074300.0
1710,2021-10-12 03:00:17,132500.0,100.0,1074200.0
1711,2021-10-12 03:00:17,132500.0,400.0,1074100.0
1712,2021-10-12 03:00:17,132500.0,500.0,1073700.0
1713,2021-10-12 03:00:17,132500.0,100.0,1073200.0
1714,2021-10-12 03:00:17,132500.0,100.0,1073100.0
1715,2021-10-12 03:00:17,132500.0,100.0,1073000.0
1716,2021-10-12 03:00:14,132500.0,600.0,1072900.0
1717,2021-10-12 03:00:14,132500.0,200.0,1072300.0
1718,2021-10-12 03:00:14,132500.0,500.0,1072100.0
1719,2021-10-12 03:00:14,132500.0,100.0,1071600.0
1720,2021-10-12 03:00:14,132500.0,200.0,1071500.0
1721,2021-10-12 03:00:14,132500.0,100.0,1071300.0
1722,2021-10-12 03:00:14,132500.0,300.0,1071200.0
1723,2021-10-12 03:00:09,132500.0,1700.0,1070900.0
1724,2021-10-12 03:00:09,132500.0,200.0,1069200.0
1725,2021-10-12 03:00:09,132500.0,100.0,1069000.0
1726,2021-10-12 03:00:03,132500.0,100.0,1068900.0
1727,2021-10-12 03:00:03,132500.0,200.0,1068800.0
1728,2021-10-12 03:00:02,132500.0,300.0,1068600.0
1729,2021-10-12 03:00:02,132500.0,100.0,1068300.0
1730,2021-10-12 03:00:01,132500.0,200.0,1068200.0
1731,2021-10-12 03:00:01,132500.0,1000.0,1068000.0
1732,2021-10-12 03:00:01,132500.0,300.0,1067000.0
1733,2021-10-12 02:59:54,132400.0,2000.0,1066700.0
1734,2021-10-12 02:59:54,132500.0,100.0,1064700.0
1735,2021-10-12 02:59:54,132500.0,200.0,1064600.0
1736,2021-10-12 02:59:54,132500.0,100.0,1064400.0
1737,2021-10-12 02:59:54,132500.0,500.0,1064300.0
1738,2021-10-12 02:59:54,132500.0,100.0,1063800.0
1739,2021-10-12 02:59:54,132500.0,100.0,1063700.0
1740,2021-10-12 02:59:54,132500.0,1000.0,1063600.0
1741,2021-10-12 02:59:54,132500.0,100.0,1062600.0
1742,2021-10-12 02:59:54,132500.0,100.0,1062500.0
1743,2021-10-12 02:59:54,132500.0,100.0,1062400.0
1744,2021-10-12 02:59:54,132500.0,100.0,1062300.0
1745,2021-10-12 02:59:54,132500.0,5000.0,1062200.0
1746,2021-10-12 02:59:54,132500.0,500.0,1057200.0
1747,2021-10-12 02:59:54,132500.0,100.0,1056700.0
1748,2021-10-12 02:59:54,132500.0,100.0,1056600.0
1749,2021-10-12 02:59:54,132500.0,100.0,1056500.0
1750,2021-10-12 02:59:54,132500.0,1700.0,1056400.0
1751,2021-10-12 02:59:52,132400.0,2300.0,1054700.0
1752,2021-10-12 02:59:51,132400.0,400.0,1052400.0
1753,2021-10-12 02:59:44,132500.0,100.0,1052000.0
1754,2021-10-12 02:59:44,132400.0,200.0,1051900.0
1755,2021-10-12 02:59:29,132400.0,1500.0,1051700.0
1756,2021-10-12 02:59:21,132500.0,900.0,1050200.0
1757,2021-10-12 02:59:07,132500.0,2300.0,1049300.0
1758,2021-10-12 02:59:07,132500.0,100.0,1047000.0
1759,2021-10-12 02:59:07,132500.0,100.0,1046900.0
1760,2021-10-12 02:59:07,132500.0,3200.0,1046800.0
1761,2021-10-12 02:59:07,132400.0,100.0,1043600.0
1762,2021-10-12 02:59:07,132400.0,100.0,1043500.0
1763,2021-10-12 02:59:07,132400.0,1300.0,1043400.0
1764,2021-10-12 02:59:01,132400.0,300.0,1042100.0
1765,2021-10-12 02:58:27,132200.0,200.0,1041800.0
1766,2021-10-12 02:58:27,132400.0,400.0,1041600.0
1767,2021-10-12 02:58:27,132400.0,200.0,1041200.0
1768,2021-10-12 02:58:26,132200.0,100.0,1041000.0
1769,2021-10-12 02:58:10,132200.0,100.0,1040900.0
1770,2021-10-12 02:57:59,132200.0,100.0,1040800.0
1771,2021-10-12 02:57:42,132100.0,100.0,1040700.0
1772,2021-10-12 02:57:24,132100.0,500.0,1040600.0
1773,2021-10-12 02:57:23,132500.0,100.0,1040100.0
1774,2021-10-12 02:57:22,132500.0,700.0,1040000.0
1775,2021-10-12 02:57:22,132500.0,100.0,1039300.0
1776,2021-10-12 02:57:22,132500.0,100.0,1039200.0
1777,2021-10-12 02:57:22,132500.0,200.0,1039100.0
1778,2021-10-12 02:57:22,132500.0,200.0,1038900.0
1779,2021-10-12 02:57:22,132500.0,2000.0,1038700.0
1780,2021-10-12 02:57:22,132500.0,200.0,1036700.0
1781,2021-10-12 02:57:22,132500.0,2000.0,1036500.0
1782,2021-10-12 02:57:22,132500.0,4700.0,1034500.0
1783,2021-10-12 02:57:22,132500.0,3000.0,1029800.0
1784,2021-10-12 02:57:22,132300.0,7000.0,1026800.0
1785,2021-10-12 02:57:20,132300.0,3000.0,1019800.0
1786,2021-10-12 02:57:03,132500.0,500.0,1016800.0
1787,2021-10-12 02:57:03,132400.0,12000.0,1016300.0
1788,2021-10-12 02:57:03,132400.0,100.0,1004300.0
1789,2021-10-12 02:57:03,132400.0,100.0,1004200.0
1790,2021-10-12 02:57:03,132400.0,500.0,1004100.0
1791,2021-10-12 02:57:03,132400.0,100.0,1003600.0
1792,2021-10-12 02:57:03,132400.0,900.0,1003500.0
1793,2021-10-12 02:57:03,132400.0,100.0,1002600.0
1794,2021-10-12 02:57:03,132400.0,200.0,1002500.0
1795,2021-10-12 02:57:03,132400.0,1000.0,1002300.0
1796,2021-10-12 02:57:03,132400.0,1000.0,1001300.0
1797,2021-10-12 02:57:03,132400.0,100.0,1000300.0
1798,2021-10-12 02:57:03,132400.0,1000.0,1000200.0
1799,2021-10-12 02:57:03,132400.0,100.0,999200.0
1800,2021-10-12 02:57:03,132400.0,300.0,999100.0
1801,2021-10-12 02:57:03,132400.0,200.0,998800.0
1802,2021-10-12 02:57:03,132400.0,300.0,998600.0
1803,2021-10-12 02:57:03,132300.0,1000.0,998300.0
1804,2021-10-12 02:57:03,132300.0,500.0,997300.0
1805,2021-10-12 02:56:58,132300.0,100.0,996800.0
1806,2021-10-12 02:56:44,132300.0,300.0,996700.0
1807,2021-10-12 02:56:33,132300.0,100.0,996400.0
1808,2021-10-12 02:56:33,132300.0,100.0,996300.0
1809,2021-10-12 02:56:33,132300.0,4400.0,996200.0
1810,2021-10-12 02:56:33,132200.0,100.0,991800.0
1811,2021-10-12 02:56:33,132200.0,200.0,991700.0
1812,2021-10-12 02:56:33,132200.0,100.0,991500.0
1813,2021-10-12 02:56:22,132300.0,1000.0,991400.0
1814,2021-10-12 02:56:12,132000.0,500.0,990400.0
1815,2021-10-12 02:56:09,132300.0,4500.0,989900.0
1816,2021-10-12 02:56:09,132300.0,300.0,985400.0
1817,2021-10-12 02:56:09,132300.0,100.0,985100.0
1818,2021-10-12 02:56:09,132300.0,100.0,985000.0
1819,2021-10-12 02:56:09,132300.0,200.0,984900.0
1820,2021-10-12 02:56:09,132300.0,100.0,984700.0
1821,2021-10-12 02:56:09,132300.0,1100.0,984600.0
1822,2021-10-12 02:56:09,132300.0,200.0,983500.0
1823,2021-10-12 02:56:09,132300.0,400.0,983300.0
1824,2021-10-12 02:56:09,132300.0,100.0,982900.0
1825,2021-10-12 02:56:09,132300.0,100.0,982800.0
1826,2021-10-12 02:56:09,132300.0,1500.0,982700.0
1827,2021-10-12 02:56:09,132100.0,400.0,981200.0
1828,2021-10-12 02:56:09,132100.0,100.0,980800.0
1829,2021-10-12 02:56:09,132100.0,800.0,980700.0
1830,2021-10-12 02:55:55,132100.0,200.0,979900.0
1831,2021-10-12 02:55:55,132100.0,100.0,979700.0
1832,2021-10-12 02:55:40,132000.0,200.0,979600.0
1833,2021-10-12 02:55:34,132100.0,400.0,979400.0
1834,2021-10-12 02:55:31,132300.0,1500.0,979000.0
1835,2021-10-12 02:55:25,132000.0,300.0,977500.0
1836,2021-10-12 02:55:25,132000.0,100.0,977200.0
1837,2021-10-12 02:55:24,132000.0,100.0,977100.0
1838,2021-10-12 02:55:20,132300.0,3300.0,977000.0
1839,2021-10-12 02:55:20,132200.0,700.0,973700.0
1840,2021-10-12 02:55:20,132200.0,500.0,973000.0
1841,2021-10-12 02:55:20,132200.0,200.0,972500.0
1842,2021-10-12 02:55:20,132200.0,100.0,972300.0
1843,2021-10-12 02:55:20,132200.0,100.0,972200.0
1844,2021-10-12 02:55:20,132200.0,200.0,972100.0
1845,2021-10-12 02:55:20,132100.0,200.0,971900.0
1846,2021-10-12 02:55:20,132100.0,200.0,971700.0
1847,2021-10-12 02:55:20,132100.0,100.0,971500.0
1848,2021-10-12 02:55:20,132100.0,700.0,971400.0
1849,2021-10-12 02:55:20,132100.0,100.0,970700.0
1850,2021-10-12 02:55:20,132100.0,200.0,970600.0
1851,2021-10-12 02:55:20,132100.0,300.0,970400.0
1852,2021-10-12 02:55:20,132100.0,100.0,970100.0
1853,2021-10-12 02:55:20,132100.0,300.0,970000.0
1854,2021-10-12 02:55:20,132100.0,100.0,969700.0
1855,2021-10-12 02:55:20,132100.0,100.0,969600.0
1856,2021-10-12 02:55:20,132100.0,500.0,969500.0
1857,2021-10-12 02:55:20,132100.0,100.0,969000.0
1858,2021-10-12 02:55:20,132100.0,1900.0,968900.0
1859,2021-10-12 02:55:12,132100.0,5000.0,967000.0
1860,2021-10-12 02:55:02,132100.0,500.0,962000.0
1861,2021-10-12 02:54:54,132000.0,800.0,961500.0
1862,2021-10-12 02:54:49,132000.0,100.0,960700.0
1863,2021-10-12 02:54:46,132000.0,1000.0,960600.0
1864,2021-10-12 02:54:29,132000.0,100.0,959600.0
1865,2021-10-12 02:54:26,132100.0,100.0,959500.0
1866,2021-10-12 02:54:26,132100.0,200.0,959400.0
1867,2021-10-12 02:54:25,132000.0,300.0,959200.0
1868,2021-10-12 02:54:22,132000.0,300.0,958900.0
1869,2021-10-12 02:53:55,132000.0,3800.0,958600.0
1870,2021-10-12 02:53:49,132100.0,1000.0,954800.0
1871,2021-10-12 02:53:47,132000.0,100.0,953800.0
1872,2021-10-12 02:53:46,132100.0,100.0,953700.0
1873,2021-10-12 02:53:41,132100.0,200.0,953600.0
1874,2021-10-12 02:53:38,132100.0,2000.0,953400.0
1875,2021-10-12 02:53:34,132100.0,1000.0,951400.0
1876,2021-10-12 02:53:25,132000.0,200.0,950400.0
1877,2021-10-12 02:53:25,132000.0,100.0,950200.0
1878,2021-10-12 02:53:25,132000.0,100.0,950100.0
1879,2021-10-12 02:53:20,132100.0,100.0,950000.0
1880,2021-10-12 02:53:16,132000.0,100.0,949900.0
1881,2021-10-12 02:53:15,132000.0,800.0,949800.0
1882,2021-10-12 02:53:15,132000.0,200.0,949000.0
1883,2021-10-12 02:53:15,132000.0,200.0,948800.0
1884,2021-10-12 02:53:15,132000.0,300.0,948600.0
1885,2021-10-12 02:53:15,132000.0,500.0,948300.0
1886,2021-10-12 02:53:12,132100.0,500.0,947800.0
1887,2021-10-12 02:53:04,132000.0,500.0,947300.0
1888,2021-10-12 02:53:04,132000.0,200.0,946800.0
1889,2021-10-12 02:53:04,132000.0,100.0,946600.0
1890,2021-10-12 02:53:04,132100.0,200.0,946500.0
1891,2021-10-12 02:53:04,132100.0,200.0,946300.0
1892,2021-10-12 02:53:02,132000.0,1300.0,946100.0
1893,2021-10-12 02:53:02,132000.0,1600.0,944800.0
1894,2021-10-12 02:53:01,132100.0,1700.0,943200.0
1895,2021-10-12 02:53:00,132100.0,300.0,941500.0
1896,2021-10-12 02:53:00,132100.0,2000.0,941200.0
1897,2021-10-12 02:52:57,132000.0,100.0,939200.0
1898,2021-10-12 02:52:55,132000.0,300.0,939100.0
1899,2021-10-12 02:52:55,132000.0,100.0,938800.0
1900,2021-10-12 02:52:51,132000.0,400.0,938700.0
1901,2021-10-12 02:52:51,132000.0,100.0,938300.0
1902,2021-10-12 02:52:47,132000.0,1000.0,938200.0
1903,2021-10-12 02:52:47,132000.0,100.0,937200.0
1904,2021-10-12 02:52:47,132000.0,100.0,937100.0
1905,2021-10-12 02:52:47,132000.0,100.0,937000.0
1906,2021-10-12 02:52:47,132000.0,200.0,936900.0
1907,2021-10-12 02:52:47,132000.0,100.0,936700.0
1908,2021-10-12 02:52:47,132000.0,300.0,936600.0
1909,2021-10-12 02:52:47,132000.0,100.0,936300.0
1910,2021-10-12 02:52:47,132000.0,100.0,936200.0
1911,2021-10-12 02:52:47,132000.0,300.0,936100.0
1912,2021-10-12 02:52:47,132000.0,100.0,935800.0
1913,2021-10-12 02:52:47,132000.0,300.0,935700.0
1914,2021-10-12 02:52:47,132000.0,300.0,935400.0
1915,2021-10-12 02:52:47,132000.0,500.0,935100.0
1916,2021-10-12 02:52:40,132000.0,200.0,934600.0
1917,2021-10-12 02:52:40,132000.0,300.0,934400.0
1918,2021-10-12 02:52:40,132000.0,100.0,934100.0
1919,2021-10-12 02:52:40,132000.0,800.0,934000.0
1920,2021-10-12 02:52:40,132000.0,100.0,933200.0
1921,2021-10-12 02:52:40,132000.0,800.0,933100.0
1922,2021-10-12 02:52:30,132100.0,100.0,932300.0
1923,2021-10-12 02:52:27,132100.0,500.0,932200.0
1924,2021-10-12 02:52:26,132100.0,200.0,931700.0
1925,2021-10-12 02:52:18,132000.0,200.0,931500.0
1926,2021-10-12 02:52:17,132000.0,700.0,931300.0
1927,2021-10-12 02:52:16,132100.0,2200.0,930600.0
1928,2021-10-12 02:52:14,132100.0,300.0,928400.0
1929,2021-10-12 02:52:09,132000.0,100.0,928100.0
1930,2021-10-12 02:52:08,132200.0,1200.0,928000.0
1931,2021-10-12 02:52:07,132200.0,100.0,926800.0
1932,2021-10-12 02:52:07,132100.0,100.0,926700.0
1933,2021-10-12 02:52:07,132100.0,100.0,926600.0
1934,2021-10-12 02:52:07,132100.0,100.0,926500.0
1935,2021-10-12 02:52:06,132000.0,100.0,926400.0
1936,2021-10-12 02:52:03,132100.0,100.0,926300.0
1937,2021-10-12 02:52:03,132000.0,100.0,926200.0
1938,2021-10-12 02:51:59,132000.0,400.0,926100.0
1939,2021-10-12 02:51:56,132000.0,1000.0,925700.0
1940,2021-10-12 02:51:55,132000.0,100.0,924700.0
1941,2021-10-12 02:51:54,132000.0,200.0,924600.0
1942,2021-10-12 02:51:46,132000.0,1500.0,924400.0
1943,2021-10-12 02:51:45,132000.0,100.0,922900.0
1944,2021-10-12 02:51:45,132200.0,1700.0,922800.0
1945,2021-10-12 02:51:38,132000.0,1700.0,921100.0
1946,2021-10-12 02:51:38,132100.0,300.0,919400.0
1947,2021-10-12 02:51:38,132100.0,500.0,919100.0
1948,2021-10-12 02:51:38,132100.0,200.0,918600.0
1949,2021-10-12 02:51:38,132100.0,100.0,918400.0
1950,2021-10-12 02:51:38,132100.0,1000.0,918300.0
1951,2021-10-12 02:51:38,132100.0,100.0,917300.0
1952,2021-10-12 02:51:19,132100.0,900.0,917200.0
1953,2021-10-12 02:51:19,132100.0,100.0,916300.0
1954,2021-10-12 02:51:19,132200.0,500.0,916200.0
1955,2021-10-12 02:51:19,132200.0,200.0,915700.0
1956,2021-10-12 02:51:19,132200.0,400.0,915500.0
1957,2021-10-12 02:51:19,132200.0,500.0,915100.0
1958,2021-10-12 02:51:19,132200.0,200.0,914600.0
1959,2021-10-12 02:51:14,132300.0,400.0,914400.0
1960,2021-10-12 02:51:07,132200.0,100.0,914000.0
1961,2021-10-12 02:51:05,132300.0,400.0,913900.0
1962,2021-10-12 02:50:59,132300.0,200.0,913500.0
1963,2021-10-12 02:50:56,132300.0,200.0,913300.0
1964,2021-10-12 02:50:52,132300.0,200.0,913100.0
1965,2021-10-12 02:50:51,132300.0,600.0,912900.0
1966,2021-10-12 02:50:41,132200.0,100.0,912300.0
1967,2021-10-12 02:50:27,132300.0,200.0,912200.0
1968,2021-10-12 02:50:27,132300.0,100.0,912000.0
1969,2021-10-12 02:50:27,132300.0,1500.0,911900.0
1970,2021-10-12 02:50:22,132300.0,300.0,910400.0
1971,2021-10-12 02:50:20,132300.0,100.0,910100.0
1972,2021-10-12 02:50:18,132300.0,500.0,910000.0
1973,2021-10-12 02:50:12,132300.0,200.0,909500.0
1974,2021-10-12 02:50:05,132300.0,400.0,909300.0
1975,2021-10-12 02:50:05,132300.0,100.0,908900.0
1976,2021-10-12 02:50:02,132300.0,1300.0,908800.0
1977,2021-10-12 02:50:02,132300.0,100.0,907500.0
1978,2021-10-12 02:50:02,132300.0,200.0,907400.0
1979,2021-10-12 02:49:57,132300.0,200.0,907200.0
1980,2021-10-12 02:49:57,132200.0,100.0,907000.0
1981,2021-10-12 02:49:55,132300.0,100.0,906900.0
1982,2021-10-12 02:49:37,132300.0,300.0,906800.0
1983,2021-10-12 02:49:37,132300.0,400.0,906500.0
1984,2021-10-12 02:49:37,132300.0,200.0,906100.0
1985,2021-10-12 02:49:37,132300.0,500.0,905900.0
1986,2021-10-12 02:49:22,132400.0,300.0,905400.0
1987,2021-10-12 02:49:21,132400.0,1500.0,905100.0
1988,2021-10-12 02:49:19,132400.0,900.0,903600.0
1989,2021-10-12 02:49:19,132400.0,100.0,902700.0
1990,2021-10-12 02:49:07,132400.0,100.0,902600.0
1991,2021-10-12 02:49:07,132400.0,400.0,902500.0
1992,2021-10-12 02:48:53,132400.0,200.0,902100.0
1993,2021-10-12 02:48:53,132400.0,400.0,901900.0
1994,2021-10-12 02:48:47,132500.0,100.0,901500.0
1995,2021-10-12 02:48:47,132500.0,500.0,901400.0
1996,2021-10-12 02:48:46,132500.0,200.0,900900.0
1997,2021-10-12 02:48:46,132400.0,900.0,900700.0
1998,2021-10-12 02:48:43,132400.0,100.0,899800.0
1999,2021-10-12 02:48:43,132400.0,500.0,899700.0
2000,2021-10-12 02:48:43,132400.0,500.0,899200.0
2001,2021-10-12 02:48:43,132400.0,1400.0,898700.0
2002,2021-10-12 02:48:35,132500.0,300.0,897300.0
2003,2021-10-12 02:48:34,132500.0,200.0,897000.0
2004,2021-10-12 02:48:30,132500.0,500.0,896800.0
2005,2021-10-12 02:48:30,132500.0,2000.0,896300.0
2006,2021-10-12 02:48:30,132500.0,2500.0,894300.0
2007,2021-10-12 02:48:30,132400.0,100.0,891800.0
2008,2021-10-12 02:48:30,132400.0,300.0,891700.0
2009,2021-10-12 02:48:30,132400.0,100.0,891400.0
2010,2021-10-12 02:48:23,132500.0,1000.0,891300.0
2011,2021-10-12 02:48:22,132400.0,100.0,890300.0
2012,2021-10-12 02:48:22,132500.0,300.0,890200.0
2013,2021-10-12 02:48:21,132400.0,300.0,889900.0
2014,2021-10-12 02:48:21,132400.0,200.0,889600.0
2015,2021-10-12 02:48:19,132500.0,1000.0,889400.0
2016,2021-10-12 02:48:15,132500.0,1600.0,888400.0
