,Time,Price,Volume_per_trade,Volume
0,2021-10-06 07:45:01,52700.0,1300.0,304700.0
1,2021-10-06 07:45:01,52700.0,700.0,303400.0
2,2021-10-06 07:45:01,52700.0,100.0,302700.0
3,2021-10-06 07:45:01,52700.0,200.0,302600.0
4,2021-10-06 07:45:01,52700.0,800.0,302400.0
5,2021-10-06 07:45:01,52700.0,200.0,301600.0
6,2021-10-06 07:45:01,52700.0,200.0,301400.0
7,2021-10-06 07:45:01,52700.0,100.0,301200.0
8,2021-10-06 07:45:01,52700.0,100.0,301100.0
9,2021-10-06 07:45:01,52700.0,100.0,301000.0
10,2021-10-06 07:45:01,52700.0,100.0,300900.0
11,2021-10-06 07:45:01,52700.0,600.0,300800.0
12,2021-10-06 07:45:01,52700.0,100.0,300200.0
13,2021-10-06 07:45:01,52700.0,100.0,300100.0
14,2021-10-06 07:45:01,52700.0,200.0,300000.0
15,2021-10-06 07:45:01,52700.0,100.0,299800.0
16,2021-10-06 07:45:01,52700.0,1700.0,299700.0
17,2021-10-06 07:45:01,52700.0,300.0,298000.0
18,2021-10-06 07:45:01,52700.0,200.0,297700.0
19,2021-10-06 07:45:01,52700.0,100.0,297500.0
20,2021-10-06 07:45:01,52700.0,100.0,297400.0
21,2021-10-06 07:45:01,52700.0,100.0,297300.0
22,2021-10-06 07:29:56,52600.0,1000.0,297200.0
23,2021-10-06 07:29:47,52600.0,500.0,296200.0
24,2021-10-06 07:29:21,52600.0,1000.0,295700.0
25,2021-10-06 07:28:50,52600.0,100.0,294700.0
26,2021-10-06 07:28:50,52600.0,100.0,294600.0
27,2021-10-06 07:27:49,52600.0,100.0,294500.0
28,2021-10-06 07:27:07,52600.0,200.0,294400.0
29,2021-10-06 07:26:50,52600.0,1000.0,294200.0
30,2021-10-06 07:26:50,52600.0,100.0,293200.0
31,2021-10-06 07:26:50,52600.0,200.0,293100.0
32,2021-10-06 07:26:50,52600.0,100.0,292900.0
33,2021-10-06 07:26:50,52600.0,2000.0,292800.0
34,2021-10-06 07:26:50,52600.0,100.0,290800.0
35,2021-10-06 07:26:50,52600.0,1000.0,290700.0
36,2021-10-06 07:26:50,52600.0,100.0,289700.0
37,2021-10-06 07:25:48,52700.0,200.0,289600.0
38,2021-10-06 07:25:40,52700.0,300.0,289400.0
39,2021-10-06 07:25:33,52700.0,300.0,289100.0
40,2021-10-06 07:25:33,52700.0,300.0,288800.0
41,2021-10-06 07:25:04,52700.0,200.0,288500.0
42,2021-10-06 07:25:02,52700.0,900.0,288300.0
43,2021-10-06 07:25:02,52700.0,100.0,287400.0
44,2021-10-06 07:25:02,52700.0,4000.0,287300.0
45,2021-10-06 07:24:03,52700.0,100.0,283300.0
46,2021-10-06 07:22:40,52700.0,1000.0,283200.0
47,2021-10-06 07:22:02,52700.0,500.0,282200.0
48,2021-10-06 07:21:57,52700.0,100.0,281700.0
49,2021-10-06 07:21:13,52700.0,100.0,281600.0
50,2021-10-06 07:21:12,52700.0,500.0,281500.0
51,2021-10-06 07:20:45,52700.0,100.0,281000.0
52,2021-10-06 07:20:38,52800.0,100.0,280900.0
53,2021-10-06 07:20:30,52700.0,500.0,280800.0
54,2021-10-06 07:19:59,52700.0,300.0,280300.0
55,2021-10-06 07:19:48,52700.0,200.0,280000.0
56,2021-10-06 07:19:34,52700.0,1500.0,279800.0
57,2021-10-06 07:19:34,52700.0,200.0,278300.0
58,2021-10-06 07:19:34,52700.0,100.0,278100.0
59,2021-10-06 07:19:34,52700.0,600.0,278000.0
60,2021-10-06 07:19:34,52700.0,100.0,277400.0
61,2021-10-06 07:19:34,52700.0,100.0,277300.0
62,2021-10-06 07:19:23,52700.0,400.0,277200.0
63,2021-10-06 07:19:23,52700.0,1000.0,276800.0
64,2021-10-06 07:19:23,52700.0,100.0,275800.0
65,2021-10-06 07:19:23,52700.0,500.0,275700.0
66,2021-10-06 07:19:23,52700.0,100.0,275200.0
67,2021-10-06 07:19:23,52700.0,1000.0,275100.0
68,2021-10-06 07:19:23,52700.0,100.0,274100.0
69,2021-10-06 07:19:23,52700.0,500.0,274000.0
70,2021-10-06 07:19:23,52700.0,3000.0,273500.0
71,2021-10-06 07:19:23,52700.0,2700.0,270500.0
72,2021-10-06 07:19:23,52700.0,500.0,267800.0
73,2021-10-06 07:19:23,52700.0,100.0,267300.0
74,2021-10-06 07:18:41,52700.0,200.0,267200.0
75,2021-10-06 07:18:14,52600.0,300.0,267000.0
76,2021-10-06 07:18:02,52600.0,200.0,266700.0
77,2021-10-06 07:17:34,52600.0,300.0,266500.0
78,2021-10-06 07:17:24,52600.0,100.0,266200.0
79,2021-10-06 07:13:24,52600.0,100.0,266100.0
80,2021-10-06 07:12:39,52600.0,1000.0,266000.0
81,2021-10-06 07:12:12,52600.0,100.0,265000.0
82,2021-10-06 07:12:12,52600.0,1000.0,264900.0
83,2021-10-06 07:12:12,52600.0,300.0,263900.0
84,2021-10-06 07:12:12,52600.0,500.0,263600.0
85,2021-10-06 07:12:12,52600.0,200.0,263100.0
86,2021-10-06 07:11:38,52600.0,200.0,262900.0
87,2021-10-06 07:08:17,52600.0,100.0,262700.0
88,2021-10-06 07:07:53,52600.0,100.0,262600.0
89,2021-10-06 07:07:41,52600.0,100.0,262500.0
90,2021-10-06 07:07:41,52600.0,1000.0,262400.0
91,2021-10-06 07:07:41,52600.0,900.0,261400.0
92,2021-10-06 07:07:30,52600.0,100.0,260500.0
93,2021-10-06 07:06:54,52600.0,100.0,260400.0
94,2021-10-06 07:06:54,52600.0,500.0,260300.0
95,2021-10-06 07:06:54,52600.0,800.0,259800.0
96,2021-10-06 07:02:44,52700.0,100.0,259000.0
97,2021-10-06 06:59:30,52600.0,100.0,258900.0
98,2021-10-06 06:59:08,52600.0,300.0,258800.0
99,2021-10-06 06:59:08,52600.0,800.0,258500.0
100,2021-10-06 06:59:00,52600.0,200.0,257700.0
101,2021-10-06 06:58:57,52600.0,100.0,257500.0
102,2021-10-06 06:58:23,52600.0,7200.0,257400.0
103,2021-10-06 06:58:17,52600.0,300.0,250200.0
104,2021-10-06 06:57:17,52600.0,1000.0,249900.0
105,2021-10-06 06:56:53,52600.0,1000.0,248900.0
106,2021-10-06 06:56:39,52600.0,5000.0,247900.0
107,2021-10-06 06:56:38,52600.0,100.0,242900.0
108,2021-10-06 06:56:38,52600.0,100.0,242800.0
109,2021-10-06 06:56:38,52600.0,100.0,242700.0
110,2021-10-06 06:56:38,52600.0,100.0,242600.0
111,2021-10-06 06:56:38,52600.0,4000.0,242500.0
112,2021-10-06 06:56:11,52700.0,100.0,238500.0
113,2021-10-06 06:54:15,52600.0,300.0,238400.0
114,2021-10-06 06:54:13,52600.0,200.0,238100.0
115,2021-10-06 06:54:10,52600.0,500.0,237900.0
116,2021-10-06 06:54:03,52500.0,100.0,237400.0
117,2021-10-06 06:54:02,52600.0,1900.0,237300.0
118,2021-10-06 06:54:02,52600.0,200.0,235400.0
119,2021-10-06 06:54:02,52600.0,900.0,235200.0
120,2021-10-06 06:52:57,52500.0,100.0,234300.0
121,2021-10-06 06:52:57,52500.0,300.0,234200.0
122,2021-10-06 06:52:57,52500.0,100.0,233900.0
123,2021-10-06 06:52:29,52600.0,100.0,233800.0
124,2021-10-06 06:52:15,52600.0,100.0,233700.0
125,2021-10-06 06:51:48,52500.0,100.0,233600.0
126,2021-10-06 06:51:36,52500.0,100.0,233500.0
127,2021-10-06 06:50:49,52600.0,400.0,233400.0
128,2021-10-06 06:50:49,52600.0,700.0,233000.0
129,2021-10-06 06:50:49,52600.0,500.0,232300.0
130,2021-10-06 06:50:49,52600.0,300.0,231800.0
131,2021-10-06 06:50:49,52600.0,1000.0,231500.0
132,2021-10-06 06:50:49,52600.0,100.0,230500.0
133,2021-10-06 06:50:49,52600.0,100.0,230400.0
134,2021-10-06 06:50:49,52600.0,200.0,230300.0
135,2021-10-06 06:50:32,52600.0,100.0,230100.0
136,2021-10-06 06:49:46,52600.0,100.0,230000.0
137,2021-10-06 06:47:42,52600.0,400.0,229900.0
138,2021-10-06 06:44:12,52600.0,3200.0,229500.0
139,2021-10-06 06:44:12,52600.0,700.0,226300.0
140,2021-10-06 06:44:12,52600.0,400.0,225600.0
141,2021-10-06 06:44:12,52600.0,200.0,225200.0
142,2021-10-06 06:44:12,52600.0,300.0,225000.0
143,2021-10-06 06:44:12,52600.0,300.0,224700.0
144,2021-10-06 06:44:12,52600.0,100.0,224400.0
145,2021-10-06 06:44:12,52600.0,1300.0,224300.0
146,2021-10-06 06:43:35,52600.0,200.0,223000.0
147,2021-10-06 06:43:08,52700.0,2000.0,222800.0
148,2021-10-06 06:42:10,52700.0,600.0,220800.0
149,2021-10-06 06:41:04,52700.0,3500.0,220200.0
150,2021-10-06 06:39:19,52700.0,100.0,216700.0
151,2021-10-06 06:37:36,52700.0,100.0,216600.0
152,2021-10-06 06:36:25,52600.0,2000.0,216500.0
153,2021-10-06 06:36:18,52700.0,100.0,214500.0
154,2021-10-06 06:33:51,52700.0,700.0,214400.0
155,2021-10-06 06:31:54,52700.0,100.0,213700.0
156,2021-10-06 06:31:30,52600.0,100.0,213600.0
157,2021-10-06 06:31:15,52600.0,3500.0,213500.0
158,2021-10-06 06:28:53,52600.0,2800.0,210000.0
159,2021-10-06 06:28:53,52700.0,200.0,207200.0
160,2021-10-06 06:28:48,52700.0,200.0,207000.0
161,2021-10-06 06:28:32,52700.0,100.0,206800.0
162,2021-10-06 06:28:16,52600.0,1600.0,206700.0
163,2021-10-06 06:28:16,52600.0,500.0,205100.0
164,2021-10-06 06:28:16,52600.0,500.0,204600.0
165,2021-10-06 06:28:16,52600.0,500.0,204100.0
166,2021-10-06 06:28:16,52600.0,100.0,203600.0
167,2021-10-06 06:28:16,52600.0,1800.0,203500.0
168,2021-10-06 06:27:13,52600.0,1900.0,201700.0
169,2021-10-06 06:27:13,52700.0,200.0,199800.0
170,2021-10-06 06:27:13,52700.0,300.0,199600.0
171,2021-10-06 06:27:13,52700.0,600.0,199300.0
172,2021-10-06 06:25:47,52700.0,400.0,198700.0
173,2021-10-06 06:25:47,52700.0,200.0,198300.0
174,2021-10-06 06:25:47,52700.0,200.0,198100.0
175,2021-10-06 06:25:47,52700.0,200.0,197900.0
176,2021-10-06 06:25:22,52700.0,200.0,197700.0
177,2021-10-06 06:25:22,52700.0,800.0,197500.0
178,2021-10-06 06:25:07,52700.0,200.0,196700.0
179,2021-10-06 06:25:07,52700.0,300.0,196500.0
180,2021-10-06 06:24:29,52800.0,100.0,196200.0
181,2021-10-06 06:24:24,52800.0,200.0,196100.0
182,2021-10-06 06:24:24,52800.0,500.0,195900.0
183,2021-10-06 06:24:24,52800.0,300.0,195400.0
184,2021-10-06 06:23:23,52800.0,500.0,195100.0
185,2021-10-06 06:23:16,52800.0,200.0,194600.0
186,2021-10-06 06:23:16,52800.0,100.0,194400.0
187,2021-10-06 06:23:08,52800.0,500.0,194300.0
188,2021-10-06 06:22:10,52700.0,700.0,193800.0
189,2021-10-06 06:22:10,52700.0,100.0,193100.0
190,2021-10-06 06:22:10,52700.0,700.0,193000.0
191,2021-10-06 06:20:03,52700.0,1900.0,192300.0
192,2021-10-06 06:20:03,52700.0,100.0,190400.0
193,2021-10-06 06:20:03,52700.0,100.0,190300.0
194,2021-10-06 06:20:03,52700.0,100.0,190200.0
195,2021-10-06 06:20:03,52700.0,1800.0,190100.0
196,2021-10-06 06:16:37,52800.0,100.0,188300.0
197,2021-10-06 06:16:37,52800.0,100.0,188200.0
198,2021-10-06 06:16:37,52800.0,300.0,188100.0
199,2021-10-06 06:15:51,52700.0,200.0,187800.0
200,2021-10-06 06:15:43,52800.0,1000.0,187600.0
201,2021-10-06 06:15:41,52800.0,2000.0,186600.0
202,2021-10-06 06:15:05,52800.0,200.0,184600.0
203,2021-10-06 06:14:38,52800.0,100.0,184400.0
204,2021-10-06 06:13:21,52800.0,400.0,184300.0
205,2021-10-06 06:12:06,52700.0,1000.0,183900.0
206,2021-10-06 06:11:08,52700.0,100.0,182900.0
207,2021-10-06 06:09:19,52700.0,200.0,182800.0
208,2021-10-06 06:09:19,52700.0,300.0,182600.0
209,2021-10-06 06:09:15,52700.0,300.0,182300.0
210,2021-10-06 06:09:15,52700.0,200.0,182000.0
211,2021-10-06 06:09:15,52700.0,500.0,181800.0
212,2021-10-06 06:09:14,52700.0,200.0,181300.0
213,2021-10-06 06:08:46,52700.0,100.0,181100.0
214,2021-10-06 06:06:04,52700.0,100.0,181000.0
215,2021-10-06 06:01:54,52800.0,100.0,180900.0
216,2021-10-06 04:28:25,52800.0,100.0,180800.0
217,2021-10-06 04:26:37,52700.0,100.0,180700.0
218,2021-10-06 04:26:23,52700.0,300.0,180600.0
219,2021-10-06 04:25:57,52700.0,300.0,180300.0
220,2021-10-06 04:25:34,52700.0,100.0,180000.0
221,2021-10-06 04:24:25,52700.0,100.0,179900.0
222,2021-10-06 04:24:25,52700.0,200.0,179800.0
223,2021-10-06 04:24:25,52700.0,200.0,179600.0
224,2021-10-06 04:19:13,52700.0,200.0,179400.0
225,2021-10-06 04:19:13,52700.0,200.0,179200.0
226,2021-10-06 04:19:13,52700.0,200.0,179000.0
227,2021-10-06 04:19:13,52700.0,300.0,178800.0
228,2021-10-06 04:17:44,52700.0,200.0,178500.0
229,2021-10-06 04:17:44,52700.0,300.0,178300.0
230,2021-10-06 04:17:19,52700.0,100.0,178000.0
231,2021-10-06 04:16:54,52700.0,100.0,177900.0
232,2021-10-06 04:16:40,52600.0,100.0,177800.0
233,2021-10-06 04:15:39,52600.0,700.0,177700.0
234,2021-10-06 04:15:39,52600.0,100.0,177000.0
235,2021-10-06 04:15:39,52600.0,200.0,176900.0
236,2021-10-06 04:15:39,52600.0,100.0,176700.0
237,2021-10-06 04:15:39,52600.0,100.0,176600.0
238,2021-10-06 04:13:30,52600.0,800.0,176500.0
239,2021-10-06 04:13:01,52600.0,100.0,175700.0
240,2021-10-06 04:13:00,52600.0,400.0,175600.0
241,2021-10-06 04:13:00,52600.0,500.0,175200.0
242,2021-10-06 04:13:00,52600.0,100.0,174700.0
243,2021-10-06 04:11:58,52600.0,100.0,174600.0
244,2021-10-06 04:08:10,52600.0,300.0,174500.0
245,2021-10-06 04:07:04,52600.0,300.0,174200.0
246,2021-10-06 04:06:25,52600.0,200.0,173900.0
247,2021-10-06 04:05:18,52600.0,200.0,173700.0
248,2021-10-06 04:04:50,52600.0,300.0,173500.0
249,2021-10-06 04:04:50,52600.0,200.0,173200.0
250,2021-10-06 04:03:44,52600.0,500.0,173000.0
251,2021-10-06 04:03:44,52600.0,500.0,172500.0
252,2021-10-06 04:02:33,52600.0,200.0,172000.0
253,2021-10-06 04:01:38,52600.0,500.0,171800.0
254,2021-10-06 04:01:38,52600.0,200.0,171300.0
255,2021-10-06 04:01:38,52600.0,500.0,171100.0
256,2021-10-06 04:01:38,52600.0,1000.0,170600.0
257,2021-10-06 04:01:28,52600.0,200.0,169600.0
258,2021-10-06 04:01:21,52600.0,4000.0,169400.0
259,2021-10-06 04:01:16,52600.0,1200.0,165400.0
260,2021-10-06 04:01:12,52600.0,1000.0,164200.0
261,2021-10-06 03:57:18,52600.0,100.0,163200.0
262,2021-10-06 03:55:52,52600.0,600.0,163100.0
263,2021-10-06 03:53:54,52600.0,300.0,162500.0
264,2021-10-06 03:53:54,52600.0,100.0,162200.0
265,2021-10-06 03:53:54,52600.0,100.0,162100.0
266,2021-10-06 03:53:54,52600.0,200.0,162000.0
267,2021-10-06 03:53:54,52600.0,200.0,161800.0
268,2021-10-06 03:53:54,52600.0,500.0,161600.0
269,2021-10-06 03:53:54,52600.0,400.0,161100.0
270,2021-10-06 03:53:54,52600.0,500.0,160700.0
271,2021-10-06 03:53:54,52600.0,100.0,160200.0
272,2021-10-06 03:53:54,52600.0,1000.0,160100.0
273,2021-10-06 03:53:12,52700.0,100.0,159100.0
274,2021-10-06 03:53:12,52700.0,100.0,159000.0
275,2021-10-06 03:53:12,52700.0,100.0,158900.0
276,2021-10-06 03:53:12,52700.0,100.0,158800.0
277,2021-10-06 03:53:12,52700.0,1000.0,158700.0
278,2021-10-06 03:53:12,52700.0,1600.0,157700.0
279,2021-10-06 03:52:12,52700.0,2000.0,156100.0
280,2021-10-06 03:50:46,52800.0,200.0,154100.0
281,2021-10-06 03:50:46,52800.0,500.0,153900.0
282,2021-10-06 03:50:46,52800.0,100.0,153400.0
283,2021-10-06 03:50:30,52800.0,200.0,153300.0
284,2021-10-06 03:50:21,52800.0,100.0,153100.0
285,2021-10-06 03:50:10,52800.0,100.0,153000.0
286,2021-10-06 03:50:10,52800.0,100.0,152900.0
287,2021-10-06 03:50:10,52800.0,100.0,152800.0
288,2021-10-06 03:50:00,52800.0,800.0,152700.0
289,2021-10-06 03:50:00,52800.0,400.0,151900.0
290,2021-10-06 03:50:00,52800.0,200.0,151500.0
291,2021-10-06 03:50:00,52800.0,100.0,151300.0
292,2021-10-06 03:49:44,52800.0,300.0,151200.0
293,2021-10-06 03:49:21,52900.0,300.0,150900.0
294,2021-10-06 03:48:35,52900.0,200.0,150600.0
295,2021-10-06 03:48:25,52900.0,400.0,150400.0
296,2021-10-06 03:48:11,52800.0,100.0,150000.0
297,2021-10-06 03:48:11,52800.0,100.0,149900.0
298,2021-10-06 03:48:11,52800.0,200.0,149800.0
299,2021-10-06 03:48:11,52800.0,100.0,149600.0
300,2021-10-06 03:48:11,52800.0,500.0,149500.0
301,2021-10-06 03:48:03,52800.0,500.0,149000.0
302,2021-10-06 03:46:26,52800.0,500.0,148500.0
303,2021-10-06 03:46:25,52800.0,400.0,148000.0
304,2021-10-06 03:45:44,52800.0,100.0,147600.0
305,2021-10-06 03:45:44,52800.0,400.0,147500.0
306,2021-10-06 03:44:07,52900.0,1000.0,147100.0
307,2021-10-06 03:44:06,52800.0,200.0,146100.0
308,2021-10-06 03:43:49,52900.0,100.0,145900.0
309,2021-10-06 03:43:35,52900.0,300.0,145800.0
310,2021-10-06 03:43:29,52800.0,200.0,145500.0
311,2021-10-06 03:43:28,52900.0,100.0,145300.0
312,2021-10-06 03:42:45,52900.0,5000.0,145200.0
313,2021-10-06 03:40:12,52900.0,200.0,140200.0
314,2021-10-06 03:40:12,52900.0,100.0,140000.0
315,2021-10-06 03:39:57,52800.0,2200.0,139900.0
316,2021-10-06 03:39:57,52800.0,1000.0,137700.0
317,2021-10-06 03:39:57,52800.0,1800.0,136700.0
318,2021-10-06 03:37:05,52900.0,200.0,134900.0
319,2021-10-06 03:37:05,52900.0,1100.0,134700.0
320,2021-10-06 03:36:37,52800.0,1000.0,133600.0
321,2021-10-06 03:36:20,52900.0,900.0,132600.0
322,2021-10-06 03:35:59,52800.0,200.0,131700.0
323,2021-10-06 03:35:50,52900.0,200.0,131500.0
324,2021-10-06 03:35:41,52900.0,800.0,131300.0
325,2021-10-06 03:35:41,52800.0,1000.0,130500.0
326,2021-10-06 03:35:41,52900.0,1000.0,129500.0
327,2021-10-06 03:35:36,52900.0,500.0,128500.0
328,2021-10-06 03:34:37,52900.0,1300.0,128000.0
329,2021-10-06 03:34:14,52800.0,200.0,126700.0
330,2021-10-06 03:33:11,52900.0,600.0,126500.0
331,2021-10-06 03:31:59,52800.0,100.0,125900.0
332,2021-10-06 03:31:07,52800.0,200.0,125800.0
333,2021-10-06 03:30:13,52800.0,300.0,125600.0
334,2021-10-06 03:29:35,52800.0,200.0,125300.0
335,2021-10-06 03:29:27,52800.0,100.0,125100.0
336,2021-10-06 03:28:19,52800.0,900.0,125000.0
337,2021-10-06 03:28:19,52800.0,100.0,124100.0
338,2021-10-06 03:27:45,52800.0,400.0,124000.0
339,2021-10-06 03:26:49,52800.0,100.0,123600.0
340,2021-10-06 03:26:19,52800.0,100.0,123500.0
341,2021-10-06 03:25:53,52800.0,100.0,123400.0
342,2021-10-06 03:24:17,52800.0,500.0,123300.0
343,2021-10-06 03:24:17,52800.0,400.0,122800.0
344,2021-10-06 03:23:51,52800.0,100.0,122400.0
345,2021-10-06 03:23:51,52800.0,100.0,122300.0
346,2021-10-06 03:23:49,52700.0,100.0,122200.0
347,2021-10-06 03:23:39,52800.0,300.0,122100.0
348,2021-10-06 03:23:39,52800.0,200.0,121800.0
349,2021-10-06 03:22:30,52800.0,200.0,121600.0
350,2021-10-06 03:22:30,52800.0,300.0,121400.0
351,2021-10-06 03:22:24,52800.0,100.0,121100.0
352,2021-10-06 03:22:13,52800.0,2000.0,121000.0
353,2021-10-06 03:21:36,52800.0,100.0,119000.0
354,2021-10-06 03:21:09,52800.0,200.0,118900.0
355,2021-10-06 03:20:57,52800.0,100.0,118700.0
356,2021-10-06 03:20:55,52800.0,200.0,118600.0
357,2021-10-06 03:20:45,52800.0,200.0,118400.0
358,2021-10-06 03:20:37,52800.0,300.0,118200.0
359,2021-10-06 03:20:20,52800.0,100.0,117900.0
360,2021-10-06 03:19:58,52800.0,300.0,117800.0
361,2021-10-06 03:19:05,52900.0,500.0,117500.0
362,2021-10-06 03:18:26,52900.0,100.0,117000.0
363,2021-10-06 03:18:26,52900.0,100.0,116900.0
364,2021-10-06 03:18:26,52900.0,1000.0,116800.0
365,2021-10-06 03:18:26,52900.0,100.0,115800.0
366,2021-10-06 03:18:26,52900.0,100.0,115700.0
367,2021-10-06 03:18:26,52900.0,200.0,115600.0
368,2021-10-06 03:17:56,52900.0,600.0,115400.0
369,2021-10-06 03:17:56,52900.0,300.0,114800.0
370,2021-10-06 03:17:56,52800.0,300.0,114500.0
371,2021-10-06 03:17:56,52800.0,1000.0,114200.0
372,2021-10-06 03:17:56,52800.0,100.0,113200.0
373,2021-10-06 03:17:56,52800.0,1000.0,113100.0
374,2021-10-06 03:17:56,52800.0,400.0,112100.0
375,2021-10-06 03:17:56,52800.0,100.0,111700.0
376,2021-10-06 03:17:56,52800.0,2000.0,111600.0
377,2021-10-06 03:17:56,52800.0,200.0,109600.0
378,2021-10-06 03:17:21,52700.0,500.0,109400.0
379,2021-10-06 03:16:55,52700.0,100.0,108900.0
380,2021-10-06 03:16:55,52700.0,1000.0,108800.0
381,2021-10-06 03:16:55,52700.0,1000.0,107800.0
382,2021-10-06 03:16:55,52700.0,700.0,106800.0
383,2021-10-06 03:15:34,52700.0,100.0,106100.0
384,2021-10-06 03:12:48,52600.0,100.0,106000.0
385,2021-10-06 03:10:12,52600.0,200.0,105900.0
386,2021-10-06 03:09:43,52600.0,500.0,105700.0
387,2021-10-06 03:08:31,52600.0,200.0,105200.0
388,2021-10-06 03:07:13,52600.0,100.0,105000.0
389,2021-10-06 03:07:05,52600.0,100.0,104900.0
390,2021-10-06 03:06:01,52600.0,200.0,104800.0
391,2021-10-06 03:05:57,52800.0,100.0,104600.0
392,2021-10-06 03:05:57,52800.0,800.0,104500.0
393,2021-10-06 03:05:57,52800.0,100.0,103700.0
394,2021-10-06 03:05:57,52800.0,1000.0,103600.0
395,2021-10-06 03:05:57,52800.0,900.0,102600.0
396,2021-10-06 03:05:57,52700.0,100.0,101700.0
397,2021-10-06 03:05:31,52400.0,100.0,101600.0
398,2021-10-06 03:05:31,52400.0,200.0,101500.0
399,2021-10-06 03:05:31,52500.0,500.0,101300.0
400,2021-10-06 03:05:31,52500.0,200.0,100800.0
401,2021-10-06 03:04:59,52700.0,200.0,100600.0
402,2021-10-06 03:04:44,52700.0,300.0,100400.0
403,2021-10-06 03:04:34,52700.0,500.0,100100.0
404,2021-10-06 03:04:07,52600.0,200.0,99600.0
405,2021-10-06 03:03:14,52600.0,900.0,99400.0
406,2021-10-06 03:03:14,52500.0,200.0,98500.0
407,2021-10-06 03:03:14,52400.0,1700.0,98300.0
408,2021-10-06 03:02:31,52400.0,300.0,96600.0
409,2021-10-06 03:02:05,52600.0,100.0,96300.0
410,2021-10-06 03:01:53,52400.0,600.0,96200.0
411,2021-10-06 03:01:53,52400.0,200.0,95600.0
412,2021-10-06 03:01:53,52400.0,100.0,95400.0
413,2021-10-06 03:01:53,52400.0,300.0,95300.0
414,2021-10-06 03:01:53,52400.0,300.0,95000.0
415,2021-10-06 03:01:53,52400.0,500.0,94700.0
416,2021-10-06 03:01:53,52400.0,700.0,94200.0
417,2021-10-06 03:01:53,52500.0,500.0,93500.0
418,2021-10-06 03:01:53,52500.0,300.0,93000.0
419,2021-10-06 03:01:53,52500.0,200.0,92700.0
420,2021-10-06 03:01:53,52500.0,100.0,92500.0
421,2021-10-06 03:01:53,52600.0,200.0,92400.0
422,2021-10-06 03:01:53,52600.0,900.0,92200.0
423,2021-10-06 03:01:53,52600.0,100.0,91300.0
424,2021-10-06 02:59:49,52600.0,300.0,91200.0
425,2021-10-06 02:59:48,52800.0,600.0,90900.0
426,2021-10-06 02:59:48,52800.0,200.0,90300.0
427,2021-10-06 02:59:48,52800.0,100.0,90100.0
428,2021-10-06 02:59:48,52800.0,100.0,90000.0
429,2021-10-06 02:59:48,52800.0,500.0,89900.0
430,2021-10-06 02:59:48,52800.0,300.0,89400.0
431,2021-10-06 02:59:48,52800.0,500.0,89100.0
432,2021-10-06 02:59:48,52800.0,1000.0,88600.0
433,2021-10-06 02:59:48,52800.0,3000.0,87600.0
434,2021-10-06 02:59:48,52800.0,2000.0,84600.0
435,2021-10-06 02:59:48,52800.0,200.0,82600.0
436,2021-10-06 02:59:48,52800.0,200.0,82400.0
437,2021-10-06 02:59:48,52800.0,1000.0,82200.0
438,2021-10-06 02:59:48,52700.0,300.0,81200.0
439,2021-10-06 02:59:21,52700.0,100.0,80900.0
440,2021-10-06 02:59:20,52700.0,400.0,80800.0
441,2021-10-06 02:59:07,52700.0,300.0,80400.0
442,2021-10-06 02:59:00,52700.0,1000.0,80100.0
443,2021-10-06 02:58:54,52700.0,500.0,79100.0
444,2021-10-06 02:58:54,52700.0,500.0,78600.0
445,2021-10-06 02:58:54,52700.0,500.0,78100.0
446,2021-10-06 02:58:00,52700.0,1300.0,77600.0
447,2021-10-06 02:57:50,52700.0,700.0,76300.0
448,2021-10-06 02:57:50,52700.0,500.0,75600.0
449,2021-10-06 02:57:50,52700.0,3300.0,75100.0
450,2021-10-06 02:57:50,52600.0,500.0,71800.0
451,2021-10-06 02:57:34,52600.0,100.0,71300.0
452,2021-10-06 02:57:34,52600.0,100.0,71200.0
453,2021-10-06 02:57:34,52600.0,3800.0,71100.0
454,2021-10-06 02:55:11,52500.0,300.0,67300.0
455,2021-10-06 02:54:56,52500.0,400.0,67000.0
456,2021-10-06 02:54:56,52500.0,100.0,66600.0
457,2021-10-06 02:54:31,52500.0,200.0,66500.0
458,2021-10-06 02:54:07,52600.0,200.0,66300.0
459,2021-10-06 02:54:07,52600.0,700.0,66100.0
460,2021-10-06 02:54:07,52600.0,100.0,65400.0
461,2021-10-06 02:53:57,52500.0,100.0,65300.0
462,2021-10-06 02:53:57,52500.0,900.0,65200.0
463,2021-10-06 02:53:52,52600.0,200.0,64300.0
464,2021-10-06 02:53:52,52600.0,100.0,64100.0
465,2021-10-06 02:53:38,52500.0,1000.0,64000.0
466,2021-10-06 02:52:03,52500.0,100.0,63000.0
467,2021-10-06 02:50:11,52500.0,200.0,62900.0
468,2021-10-06 02:49:58,52500.0,1000.0,62700.0
469,2021-10-06 02:48:27,52500.0,500.0,61700.0
470,2021-10-06 02:46:47,52600.0,100.0,61200.0
471,2021-10-06 02:46:41,52500.0,1300.0,61100.0
472,2021-10-06 02:46:41,52500.0,200.0,59800.0
473,2021-10-06 02:45:44,52600.0,1300.0,59600.0
474,2021-10-06 02:45:31,52600.0,200.0,58300.0
475,2021-10-06 02:45:26,52600.0,500.0,58100.0
476,2021-10-06 02:45:13,52600.0,100.0,57600.0
477,2021-10-06 02:44:44,52600.0,100.0,57500.0
478,2021-10-06 02:44:12,52600.0,200.0,57400.0
479,2021-10-06 02:44:03,52600.0,500.0,57200.0
480,2021-10-06 02:44:03,52600.0,500.0,56700.0
481,2021-10-06 02:43:59,52600.0,100.0,56200.0
482,2021-10-06 02:43:40,52600.0,500.0,56100.0
483,2021-10-06 02:43:40,52600.0,500.0,55600.0
484,2021-10-06 02:43:40,52600.0,300.0,55100.0
485,2021-10-06 02:43:40,52600.0,100.0,54800.0
486,2021-10-06 02:43:06,52600.0,100.0,54700.0
487,2021-10-06 02:42:30,52600.0,2000.0,54600.0
488,2021-10-06 02:41:12,52600.0,200.0,52600.0
489,2021-10-06 02:41:12,52600.0,800.0,52400.0
490,2021-10-06 02:40:36,52600.0,500.0,51600.0
491,2021-10-06 02:40:36,52600.0,500.0,51100.0
492,2021-10-06 02:40:36,52600.0,200.0,50600.0
493,2021-10-06 02:40:35,52500.0,800.0,50400.0
494,2021-10-06 02:40:35,52500.0,200.0,49600.0
495,2021-10-06 02:39:58,52500.0,200.0,49400.0
496,2021-10-06 02:39:20,52500.0,600.0,49200.0
497,2021-10-06 02:39:20,52500.0,200.0,48600.0
498,2021-10-06 02:39:20,52500.0,200.0,48400.0
499,2021-10-06 02:38:55,52500.0,200.0,48200.0
500,2021-10-06 02:38:53,52500.0,500.0,48000.0
501,2021-10-06 02:38:23,52500.0,1900.0,47500.0
502,2021-10-06 02:37:42,52600.0,300.0,45600.0
503,2021-10-06 02:37:36,52600.0,700.0,45300.0
504,2021-10-06 02:37:16,52500.0,1000.0,44600.0
505,2021-10-06 02:36:45,52500.0,400.0,43600.0
506,2021-10-06 02:36:45,52500.0,100.0,43200.0
507,2021-10-06 02:36:21,52500.0,400.0,43100.0
508,2021-10-06 02:35:51,52500.0,100.0,42700.0
509,2021-10-06 02:35:42,52500.0,100.0,42600.0
510,2021-10-06 02:35:36,52600.0,100.0,42500.0
511,2021-10-06 02:35:36,52600.0,200.0,42400.0
512,2021-10-06 02:35:14,52700.0,200.0,42200.0
513,2021-10-06 02:35:14,52700.0,1500.0,42000.0
514,2021-10-06 02:35:14,52700.0,500.0,40500.0
515,2021-10-06 02:35:14,52700.0,100.0,40000.0
516,2021-10-06 02:35:14,52700.0,2000.0,39900.0
517,2021-10-06 02:35:14,52700.0,900.0,37900.0
518,2021-10-06 02:35:09,52700.0,200.0,37000.0
519,2021-10-06 02:35:07,52700.0,200.0,36800.0
520,2021-10-06 02:35:01,52700.0,100.0,36600.0
521,2021-10-06 02:34:23,52700.0,200.0,36500.0
522,2021-10-06 02:33:22,52700.0,100.0,36300.0
523,2021-10-06 02:31:43,52700.0,200.0,36200.0
524,2021-10-06 02:31:27,52700.0,600.0,36000.0
525,2021-10-06 02:31:27,52700.0,1600.0,35400.0
526,2021-10-06 02:31:27,52700.0,700.0,33800.0
527,2021-10-06 02:31:22,52700.0,200.0,33100.0
528,2021-10-06 02:30:18,52700.0,100.0,32900.0
529,2021-10-06 02:30:18,52700.0,100.0,32800.0
530,2021-10-06 02:30:18,52700.0,100.0,32700.0
531,2021-10-06 02:29:38,52600.0,200.0,32600.0
532,2021-10-06 02:29:19,52500.0,200.0,32400.0
533,2021-10-06 02:28:28,52500.0,100.0,32200.0
534,2021-10-06 02:28:08,52700.0,200.0,32100.0
535,2021-10-06 02:27:50,52800.0,200.0,31900.0
536,2021-10-06 02:26:24,52800.0,200.0,31700.0
537,2021-10-06 02:26:00,52500.0,100.0,31500.0
538,2021-10-06 02:25:43,52900.0,200.0,31400.0
539,2021-10-06 02:25:30,52900.0,100.0,31200.0
540,2021-10-06 02:25:30,52900.0,900.0,31100.0
541,2021-10-06 02:24:18,52900.0,100.0,30200.0
542,2021-10-06 02:24:18,52900.0,200.0,30100.0
543,2021-10-06 02:24:18,52900.0,100.0,29900.0
544,2021-10-06 02:24:18,52900.0,500.0,29800.0
545,2021-10-06 02:24:18,52900.0,2100.0,29300.0
546,2021-10-06 02:24:18,52900.0,300.0,27200.0
547,2021-10-06 02:24:18,52900.0,100.0,26900.0
548,2021-10-06 02:24:18,52900.0,200.0,26800.0
549,2021-10-06 02:24:18,52900.0,100.0,26600.0
550,2021-10-06 02:24:18,52900.0,100.0,26500.0
551,2021-10-06 02:24:18,52900.0,1000.0,26400.0
552,2021-10-06 02:24:18,52900.0,100.0,25400.0
553,2021-10-06 02:24:18,52900.0,100.0,25300.0
554,2021-10-06 02:23:59,52400.0,100.0,25200.0
555,2021-10-06 02:21:48,52900.0,1400.0,25100.0
556,2021-10-06 02:21:48,52900.0,1000.0,23700.0
557,2021-10-06 02:21:48,52900.0,500.0,22700.0
558,2021-10-06 02:21:48,52800.0,100.0,22200.0
559,2021-10-06 02:21:48,52800.0,1000.0,22100.0
560,2021-10-06 02:21:48,52800.0,500.0,21100.0
561,2021-10-06 02:21:48,52700.0,500.0,20600.0
562,2021-10-06 02:21:44,52400.0,200.0,20100.0
563,2021-10-06 02:21:38,52700.0,400.0,19900.0
564,2021-10-06 02:21:38,52500.0,200.0,19500.0
565,2021-10-06 02:21:25,52400.0,1000.0,19300.0
566,2021-10-06 02:21:07,52500.0,100.0,18300.0
567,2021-10-06 02:21:00,52500.0,1000.0,18200.0
568,2021-10-06 02:21:00,52500.0,900.0,17200.0
569,2021-10-06 02:20:41,52500.0,300.0,16300.0
570,2021-10-06 02:20:31,52500.0,500.0,16000.0
571,2021-10-06 02:20:11,52500.0,500.0,15500.0
572,2021-10-06 02:20:11,52500.0,200.0,15000.0
573,2021-10-06 02:20:11,52500.0,1000.0,14800.0
574,2021-10-06 02:20:11,52500.0,800.0,13800.0
575,2021-10-06 02:20:11,52500.0,200.0,13000.0
576,2021-10-06 02:20:08,52500.0,1000.0,12800.0
577,2021-10-06 02:20:06,52500.0,2100.0,11800.0
578,2021-10-06 02:20:05,52500.0,100.0,9700.0
579,2021-10-06 02:19:34,52500.0,1500.0,9600.0
580,2021-10-06 02:19:25,52500.0,100.0,8100.0
581,2021-10-06 02:19:19,52700.0,400.0,8000.0
582,2021-10-06 02:19:19,52700.0,100.0,7600.0
583,2021-10-06 02:18:09,52800.0,100.0,7500.0
584,2021-10-06 02:18:09,52800.0,1000.0,7400.0
585,2021-10-06 02:18:09,52800.0,200.0,6400.0
586,2021-10-06 02:18:09,52800.0,200.0,6200.0
587,2021-10-06 02:18:02,52800.0,300.0,6000.0
588,2021-10-06 02:18:02,52800.0,500.0,5700.0
589,2021-10-06 02:18:02,52800.0,200.0,5200.0
590,2021-10-06 02:16:09,52900.0,100.0,5000.0
591,2021-10-06 02:16:09,52900.0,100.0,4900.0
592,2021-10-06 02:15:35,52900.0,900.0,4800.0
593,2021-10-06 02:15:17,52900.0,100.0,3900.0
594,2021-10-06 02:15:01,53000.0,100.0,3800.0
595,2021-10-06 02:15:01,53000.0,300.0,3700.0
596,2021-10-06 02:15:01,53000.0,200.0,3400.0
597,2021-10-06 02:15:01,53000.0,200.0,3200.0
598,2021-10-06 02:15:01,53000.0,100.0,3000.0
599,2021-10-06 02:15:01,53000.0,200.0,2900.0
600,2021-10-06 02:15:01,53000.0,300.0,2700.0
601,2021-10-06 02:15:01,53000.0,200.0,2400.0
602,2021-10-06 02:15:01,53000.0,100.0,2200.0
603,2021-10-06 02:15:01,53000.0,100.0,2100.0
604,2021-10-06 02:15:01,53000.0,100.0,2000.0
605,2021-10-06 02:15:01,53000.0,100.0,1900.0
606,2021-10-06 02:15:01,53000.0,1000.0,1800.0
607,2021-10-06 02:15:01,53000.0,100.0,800.0
608,2021-10-06 02:15:01,53000.0,500.0,700.0
609,2021-10-06 02:15:01,53000.0,100.0,200.0
610,2021-10-06 02:15:01,53000.0,100.0,100.0
