,Time,Price,Volume_per_trade,Volume
0,2021-10-07 07:45:00,20500.0,500.0,11429900.0
1,2021-10-07 07:45:00,20500.0,100.0,11429400.0
2,2021-10-07 07:45:00,20500.0,200.0,11429300.0
3,2021-10-07 07:45:00,20500.0,300.0,11429100.0
4,2021-10-07 07:45:00,20500.0,1000.0,11428800.0
5,2021-10-07 07:45:00,20500.0,100.0,11427800.0
6,2021-10-07 07:45:00,20500.0,500.0,11427700.0
7,2021-10-07 07:45:00,20500.0,100.0,11427200.0
8,2021-10-07 07:45:00,20500.0,500.0,11427100.0
9,2021-10-07 07:45:00,20500.0,1500.0,11426600.0
10,2021-10-07 07:45:00,20500.0,1000.0,11425100.0
11,2021-10-07 07:45:00,20500.0,1200.0,11424100.0
12,2021-10-07 07:45:00,20500.0,800.0,11422900.0
13,2021-10-07 07:45:00,20500.0,1000.0,11422100.0
14,2021-10-07 07:45:00,20500.0,8200.0,11421100.0
15,2021-10-07 07:45:00,20500.0,1800.0,11412900.0
16,2021-10-07 07:45:00,20500.0,200.0,11411100.0
17,2021-10-07 07:45:00,20500.0,100.0,11410900.0
18,2021-10-07 07:45:00,20500.0,100.0,11410800.0
19,2021-10-07 07:45:00,20500.0,200.0,11410700.0
20,2021-10-07 07:45:00,20500.0,900.0,11410500.0
21,2021-10-07 07:45:00,20500.0,100.0,11409600.0
22,2021-10-07 07:45:00,20500.0,100.0,11409500.0
23,2021-10-07 07:45:00,20500.0,1900.0,11409400.0
24,2021-10-07 07:45:00,20500.0,200.0,11407500.0
25,2021-10-07 07:45:00,20500.0,500.0,11407300.0
26,2021-10-07 07:45:00,20500.0,200.0,11406800.0
27,2021-10-07 07:45:00,20500.0,100.0,11406600.0
28,2021-10-07 07:45:00,20500.0,4900.0,11406500.0
29,2021-10-07 07:45:00,20500.0,1100.0,11401600.0
30,2021-10-07 07:45:00,20500.0,500.0,11400500.0
31,2021-10-07 07:45:00,20500.0,500.0,11400000.0
32,2021-10-07 07:45:00,20500.0,400.0,11399500.0
33,2021-10-07 07:45:00,20500.0,900.0,11399100.0
34,2021-10-07 07:45:00,20500.0,200.0,11398200.0
35,2021-10-07 07:45:00,20500.0,2000.0,11398000.0
36,2021-10-07 07:45:00,20500.0,1000.0,11396000.0
37,2021-10-07 07:45:00,20500.0,500.0,11395000.0
38,2021-10-07 07:45:00,20500.0,300.0,11394500.0
39,2021-10-07 07:45:00,20500.0,200.0,11394200.0
40,2021-10-07 07:45:00,20500.0,500.0,11394000.0
41,2021-10-07 07:45:00,20500.0,200.0,11393500.0
42,2021-10-07 07:45:00,20500.0,800.0,11393300.0
43,2021-10-07 07:45:00,20500.0,200.0,11392500.0
44,2021-10-07 07:45:00,20500.0,100.0,11392300.0
45,2021-10-07 07:45:00,20500.0,2000.0,11392200.0
46,2021-10-07 07:45:00,20500.0,100.0,11390200.0
47,2021-10-07 07:45:00,20500.0,100.0,11390100.0
48,2021-10-07 07:45:00,20500.0,500.0,11390000.0
49,2021-10-07 07:45:00,20500.0,300.0,11389500.0
50,2021-10-07 07:45:00,20500.0,5000.0,11389200.0
51,2021-10-07 07:45:00,20500.0,600.0,11384200.0
52,2021-10-07 07:45:00,20500.0,200.0,11383600.0
53,2021-10-07 07:45:00,20500.0,300.0,11383400.0
54,2021-10-07 07:45:00,20500.0,200.0,11383100.0
55,2021-10-07 07:45:00,20500.0,500.0,11382900.0
56,2021-10-07 07:45:00,20500.0,100.0,11382400.0
57,2021-10-07 07:45:00,20500.0,100.0,11382300.0
58,2021-10-07 07:45:00,20500.0,500.0,11382200.0
59,2021-10-07 07:45:00,20500.0,100.0,11381700.0
60,2021-10-07 07:45:00,20500.0,300.0,11381600.0
61,2021-10-07 07:45:00,20500.0,200.0,11381300.0
62,2021-10-07 07:45:00,20500.0,100.0,11381100.0
63,2021-10-07 07:45:00,20500.0,500.0,11381000.0
64,2021-10-07 07:45:00,20500.0,200.0,11380500.0
65,2021-10-07 07:45:00,20500.0,100.0,11380300.0
66,2021-10-07 07:45:00,20500.0,200.0,11380200.0
67,2021-10-07 07:45:00,20500.0,200.0,11380000.0
68,2021-10-07 07:45:00,20500.0,300.0,11379800.0
69,2021-10-07 07:45:00,20500.0,300.0,11379500.0
70,2021-10-07 07:45:00,20500.0,100.0,11379200.0
71,2021-10-07 07:29:52,20500.0,400.0,11379100.0
72,2021-10-07 07:29:52,20500.0,1000.0,11378700.0
73,2021-10-07 07:29:52,20500.0,100.0,11377700.0
74,2021-10-07 07:29:52,20500.0,100.0,11377600.0
75,2021-10-07 07:29:52,20500.0,500.0,11377500.0
76,2021-10-07 07:29:52,20500.0,500.0,11377000.0
77,2021-10-07 07:29:52,20500.0,6500.0,11376500.0
78,2021-10-07 07:29:52,20500.0,900.0,11370000.0
79,2021-10-07 07:29:26,20500.0,2100.0,11369100.0
80,2021-10-07 07:29:26,20500.0,500.0,11367000.0
81,2021-10-07 07:29:26,20500.0,600.0,11366500.0
82,2021-10-07 07:29:26,20500.0,1800.0,11365900.0
83,2021-10-07 07:29:24,20500.0,500.0,11364100.0
84,2021-10-07 07:29:20,20500.0,1700.0,11363600.0
85,2021-10-07 07:29:20,20500.0,300.0,11361900.0
86,2021-10-07 07:29:20,20500.0,400.0,11361600.0
87,2021-10-07 07:29:20,20500.0,100.0,11361200.0
88,2021-10-07 07:29:20,20500.0,300.0,11361100.0
89,2021-10-07 07:29:20,20500.0,200.0,11360800.0
90,2021-10-07 07:29:20,20500.0,2000.0,11360600.0
91,2021-10-07 07:29:20,20500.0,1600.0,11358600.0
92,2021-10-07 07:29:20,20500.0,2000.0,11357000.0
93,2021-10-07 07:29:20,20500.0,3400.0,11355000.0
94,2021-10-07 07:29:16,20500.0,1000.0,11351600.0
95,2021-10-07 07:29:13,20500.0,400.0,11350600.0
96,2021-10-07 07:29:08,20500.0,1000.0,11350200.0
97,2021-10-07 07:29:01,20500.0,1000.0,11349200.0
98,2021-10-07 07:28:53,20500.0,300.0,11348200.0
99,2021-10-07 07:28:33,20500.0,2000.0,11347900.0
100,2021-10-07 07:28:31,20500.0,100.0,11345900.0
101,2021-10-07 07:28:26,20500.0,400.0,11345800.0
102,2021-10-07 07:28:22,20500.0,500.0,11345400.0
103,2021-10-07 07:28:21,20500.0,500.0,11344900.0
104,2021-10-07 07:28:21,20500.0,100.0,11344400.0
105,2021-10-07 07:28:17,20500.0,2000.0,11344300.0
106,2021-10-07 07:28:17,20500.0,1000.0,11342300.0
107,2021-10-07 07:28:17,20500.0,200.0,11341300.0
108,2021-10-07 07:28:17,20500.0,300.0,11341100.0
109,2021-10-07 07:28:17,20500.0,2000.0,11340800.0
110,2021-10-07 07:28:17,20500.0,300.0,11338800.0
111,2021-10-07 07:28:17,20500.0,600.0,11338500.0
112,2021-10-07 07:28:17,20500.0,900.0,11337900.0
113,2021-10-07 07:28:17,20500.0,31700.0,11337000.0
114,2021-10-07 07:28:01,20500.0,2000.0,11305300.0
115,2021-10-07 07:27:47,20450.0,200.0,11303300.0
116,2021-10-07 07:27:47,20450.0,800.0,11303100.0
117,2021-10-07 07:27:42,20500.0,100.0,11302300.0
118,2021-10-07 07:27:42,20500.0,700.0,11302200.0
119,2021-10-07 07:27:40,20500.0,2000.0,11301500.0
120,2021-10-07 07:27:35,20500.0,200.0,11299500.0
121,2021-10-07 07:27:18,20500.0,100.0,11299300.0
122,2021-10-07 07:27:18,20500.0,400.0,11299200.0
123,2021-10-07 07:27:18,20500.0,600.0,11298800.0
124,2021-10-07 07:27:18,20500.0,5000.0,11298200.0
125,2021-10-07 07:27:18,20500.0,200.0,11293200.0
126,2021-10-07 07:27:18,20500.0,5000.0,11293000.0
127,2021-10-07 07:27:16,20500.0,100.0,11288000.0
128,2021-10-07 07:27:15,20500.0,100.0,11287900.0
129,2021-10-07 07:27:15,20500.0,200.0,11287800.0
130,2021-10-07 07:27:15,20500.0,1900.0,11287600.0
131,2021-10-07 07:27:15,20500.0,400.0,11285700.0
132,2021-10-07 07:27:15,20500.0,7400.0,11285300.0
133,2021-10-07 07:26:53,20500.0,500.0,11277900.0
134,2021-10-07 07:26:31,20500.0,100.0,11277400.0
135,2021-10-07 07:26:31,20500.0,100.0,11277300.0
136,2021-10-07 07:26:17,20500.0,200.0,11277200.0
137,2021-10-07 07:26:17,20500.0,500.0,11277000.0
138,2021-10-07 07:26:17,20500.0,100.0,11276500.0
139,2021-10-07 07:26:17,20500.0,500.0,11276400.0
140,2021-10-07 07:26:17,20500.0,100.0,11275900.0
141,2021-10-07 07:26:17,20500.0,100.0,11275800.0
142,2021-10-07 07:26:17,20500.0,100.0,11275700.0
143,2021-10-07 07:26:17,20500.0,1000.0,11275600.0
144,2021-10-07 07:26:17,20500.0,2300.0,11274600.0
145,2021-10-07 07:26:17,20500.0,1500.0,11272300.0
146,2021-10-07 07:26:17,20500.0,15000.0,11270800.0
147,2021-10-07 07:26:17,20500.0,200.0,11255800.0
148,2021-10-07 07:26:17,20500.0,100.0,11255600.0
149,2021-10-07 07:26:17,20500.0,500.0,11255500.0
150,2021-10-07 07:26:17,20500.0,1000.0,11255000.0
151,2021-10-07 07:26:17,20500.0,400.0,11254000.0
152,2021-10-07 07:26:17,20500.0,3000.0,11253600.0
153,2021-10-07 07:26:17,20500.0,1000.0,11250600.0
154,2021-10-07 07:26:17,20500.0,500.0,11249600.0
155,2021-10-07 07:26:17,20500.0,500.0,11249100.0
156,2021-10-07 07:26:17,20500.0,2000.0,11248600.0
157,2021-10-07 07:26:17,20500.0,500.0,11246600.0
158,2021-10-07 07:26:17,20500.0,1000.0,11246100.0
159,2021-10-07 07:26:17,20500.0,1400.0,11245100.0
160,2021-10-07 07:26:17,20500.0,1000.0,11243700.0
161,2021-10-07 07:26:17,20500.0,200.0,11242700.0
162,2021-10-07 07:26:17,20500.0,100.0,11242500.0
163,2021-10-07 07:26:17,20500.0,600.0,11242400.0
164,2021-10-07 07:26:17,20500.0,20000.0,11241800.0
165,2021-10-07 07:26:17,20500.0,2000.0,11221800.0
166,2021-10-07 07:26:17,20500.0,2000.0,11219800.0
167,2021-10-07 07:26:17,20500.0,200.0,11217800.0
168,2021-10-07 07:26:17,20500.0,3000.0,11217600.0
169,2021-10-07 07:26:17,20500.0,2000.0,11214600.0
170,2021-10-07 07:26:17,20500.0,100.0,11212600.0
171,2021-10-07 07:26:17,20500.0,2000.0,11212500.0
172,2021-10-07 07:26:17,20500.0,1000.0,11210500.0
173,2021-10-07 07:26:17,20500.0,300.0,11209500.0
174,2021-10-07 07:26:17,20500.0,500.0,11209200.0
175,2021-10-07 07:26:17,20500.0,500.0,11208700.0
176,2021-10-07 07:26:17,20500.0,1700.0,11208200.0
177,2021-10-07 07:26:17,20500.0,1500.0,11206500.0
178,2021-10-07 07:26:17,20500.0,2000.0,11205000.0
179,2021-10-07 07:26:17,20500.0,100.0,11203000.0
180,2021-10-07 07:26:17,20500.0,500.0,11202900.0
181,2021-10-07 07:26:17,20500.0,300.0,11202400.0
182,2021-10-07 07:26:17,20500.0,1000.0,11202100.0
183,2021-10-07 07:26:17,20500.0,700.0,11201100.0
184,2021-10-07 07:26:17,20500.0,1000.0,11200400.0
185,2021-10-07 07:26:17,20500.0,2000.0,11199400.0
186,2021-10-07 07:26:17,20500.0,6000.0,11197400.0
187,2021-10-07 07:26:17,20500.0,500.0,11191400.0
188,2021-10-07 07:26:17,20500.0,200.0,11190900.0
189,2021-10-07 07:26:17,20500.0,200.0,11190700.0
190,2021-10-07 07:26:17,20500.0,600.0,11190500.0
191,2021-10-07 07:26:17,20500.0,200.0,11189900.0
192,2021-10-07 07:26:17,20500.0,3000.0,11189700.0
193,2021-10-07 07:26:17,20500.0,5000.0,11186700.0
194,2021-10-07 07:26:17,20500.0,700.0,11181700.0
195,2021-10-07 07:26:17,20500.0,300.0,11181000.0
196,2021-10-07 07:26:17,20500.0,1900.0,11180700.0
197,2021-10-07 07:26:17,20500.0,200.0,11178800.0
198,2021-10-07 07:26:17,20500.0,100.0,11178600.0
199,2021-10-07 07:26:17,20500.0,500.0,11178500.0
200,2021-10-07 07:26:17,20500.0,400.0,11178000.0
201,2021-10-07 07:26:17,20500.0,1000.0,11177600.0
202,2021-10-07 07:26:17,20500.0,500.0,11176600.0
203,2021-10-07 07:26:17,20500.0,300.0,11176100.0
204,2021-10-07 07:26:17,20500.0,400.0,11175800.0
205,2021-10-07 07:26:17,20500.0,100.0,11175400.0
206,2021-10-07 07:26:17,20500.0,1900.0,11175300.0
207,2021-10-07 07:26:17,20500.0,1000.0,11173400.0
208,2021-10-07 07:26:17,20500.0,2000.0,11172400.0
209,2021-10-07 07:26:17,20500.0,500.0,11170400.0
210,2021-10-07 07:26:17,20500.0,7500.0,11169900.0
211,2021-10-07 07:26:17,20500.0,200.0,11162400.0
212,2021-10-07 07:26:17,20500.0,200.0,11162200.0
213,2021-10-07 07:26:17,20500.0,100.0,11162000.0
214,2021-10-07 07:26:17,20500.0,200.0,11161900.0
215,2021-10-07 07:26:17,20500.0,2000.0,11161700.0
216,2021-10-07 07:26:17,20500.0,12700.0,11159700.0
217,2021-10-07 07:26:17,20500.0,100.0,11147000.0
218,2021-10-07 07:26:17,20500.0,1500.0,11146900.0
219,2021-10-07 07:26:17,20500.0,700.0,11145400.0
220,2021-10-07 07:26:17,20500.0,200.0,11144700.0
221,2021-10-07 07:26:17,20500.0,20000.0,11144500.0
222,2021-10-07 07:26:17,20500.0,300.0,11124500.0
223,2021-10-07 07:26:17,20500.0,100.0,11124200.0
224,2021-10-07 07:26:17,20500.0,1000.0,11124100.0
225,2021-10-07 07:26:17,20500.0,3400.0,11123100.0
226,2021-10-07 07:26:17,20500.0,300.0,11119700.0
227,2021-10-07 07:26:17,20500.0,100.0,11119400.0
228,2021-10-07 07:26:17,20500.0,5000.0,11119300.0
229,2021-10-07 07:26:17,20500.0,500.0,11114300.0
230,2021-10-07 07:26:17,20500.0,1000.0,11113800.0
231,2021-10-07 07:26:17,20500.0,1000.0,11112800.0
232,2021-10-07 07:26:12,20500.0,300.0,11111800.0
233,2021-10-07 07:26:03,20500.0,300.0,11111500.0
234,2021-10-07 07:25:52,20500.0,1000.0,11111200.0
235,2021-10-07 07:25:39,20500.0,600.0,11110200.0
236,2021-10-07 07:25:33,20500.0,2000.0,11109600.0
237,2021-10-07 07:25:29,20500.0,200.0,11107600.0
238,2021-10-07 07:25:16,20500.0,100.0,11107400.0
239,2021-10-07 07:25:11,20500.0,100.0,11107300.0
240,2021-10-07 07:25:05,20500.0,2800.0,11107200.0
241,2021-10-07 07:24:50,20500.0,1000.0,11104400.0
242,2021-10-07 07:24:49,20500.0,2600.0,11103400.0
243,2021-10-07 07:24:49,20500.0,400.0,11100800.0
244,2021-10-07 07:24:49,20500.0,2000.0,11100400.0
245,2021-10-07 07:24:31,20500.0,200.0,11098400.0
246,2021-10-07 07:24:26,20500.0,5000.0,11098200.0
247,2021-10-07 07:24:15,20500.0,100.0,11093200.0
248,2021-10-07 07:23:21,20500.0,4500.0,11093100.0
249,2021-10-07 07:22:15,20500.0,3600.0,11088600.0
250,2021-10-07 07:22:15,20500.0,8200.0,11085000.0
251,2021-10-07 07:22:15,20500.0,1000.0,11076800.0
252,2021-10-07 07:22:15,20500.0,1000.0,11075800.0
253,2021-10-07 07:22:15,20500.0,500.0,11074800.0
254,2021-10-07 07:22:15,20500.0,400.0,11074300.0
255,2021-10-07 07:22:15,20500.0,100.0,11073900.0
256,2021-10-07 07:22:15,20500.0,100.0,11073800.0
257,2021-10-07 07:22:15,20500.0,200.0,11073700.0
258,2021-10-07 07:22:15,20500.0,1000.0,11073500.0
259,2021-10-07 07:22:15,20500.0,300.0,11072500.0
260,2021-10-07 07:22:15,20500.0,2000.0,11072200.0
261,2021-10-07 07:22:15,20500.0,1600.0,11070200.0
262,2021-10-07 07:21:47,20500.0,100.0,11068600.0
263,2021-10-07 07:21:24,20500.0,1100.0,11068500.0
264,2021-10-07 07:21:14,20500.0,4100.0,11067400.0
265,2021-10-07 07:21:14,20500.0,300.0,11063300.0
266,2021-10-07 07:21:14,20500.0,3600.0,11063000.0
267,2021-10-07 07:21:06,20500.0,300.0,11059400.0
268,2021-10-07 07:20:12,20500.0,700.0,11059100.0
269,2021-10-07 07:19:27,20500.0,200.0,11058400.0
270,2021-10-07 07:19:25,20500.0,1000.0,11058200.0
271,2021-10-07 07:19:13,20500.0,3200.0,11057200.0
272,2021-10-07 07:19:13,20500.0,500.0,11054000.0
273,2021-10-07 07:19:13,20500.0,3300.0,11053500.0
274,2021-10-07 07:18:53,20500.0,200.0,11050200.0
275,2021-10-07 07:18:53,20500.0,700.0,11050000.0
276,2021-10-07 07:18:39,20500.0,200.0,11049300.0
277,2021-10-07 07:18:36,20500.0,100.0,11049100.0
278,2021-10-07 07:17:54,20500.0,100.0,11049000.0
279,2021-10-07 07:17:45,20500.0,200.0,11048900.0
280,2021-10-07 07:17:45,20500.0,100.0,11048700.0
281,2021-10-07 07:17:45,20500.0,100.0,11048600.0
282,2021-10-07 07:17:45,20500.0,100.0,11048500.0
283,2021-10-07 07:17:45,20500.0,100.0,11048400.0
284,2021-10-07 07:17:45,20500.0,200.0,11048300.0
285,2021-10-07 07:17:45,20500.0,500.0,11048100.0
286,2021-10-07 07:17:45,20500.0,10000.0,11047600.0
287,2021-10-07 07:17:45,20500.0,1400.0,11037600.0
288,2021-10-07 07:17:45,20500.0,2300.0,11036200.0
289,2021-10-07 07:17:18,20500.0,200.0,11033900.0
290,2021-10-07 07:17:14,20500.0,600.0,11033700.0
291,2021-10-07 07:17:13,20500.0,100.0,11033100.0
292,2021-10-07 07:17:08,20500.0,1800.0,11033000.0
293,2021-10-07 07:17:08,20500.0,300.0,11031200.0
294,2021-10-07 07:16:08,20500.0,100.0,11030900.0
295,2021-10-07 07:16:08,20500.0,2000.0,11030800.0
296,2021-10-07 07:16:08,20500.0,100.0,11028800.0
297,2021-10-07 07:16:08,20500.0,100.0,11028700.0
298,2021-10-07 07:16:08,20500.0,200.0,11028600.0
299,2021-10-07 07:16:08,20500.0,300.0,11028400.0
300,2021-10-07 07:16:08,20500.0,200.0,11028100.0
301,2021-10-07 07:16:08,20500.0,400.0,11027900.0
302,2021-10-07 07:16:08,20500.0,600.0,11027500.0
303,2021-10-07 07:15:55,20500.0,400.0,11026900.0
304,2021-10-07 07:15:45,20500.0,200.0,11026500.0
305,2021-10-07 07:15:27,20500.0,100.0,11026300.0
306,2021-10-07 07:15:19,20500.0,100.0,11026200.0
307,2021-10-07 07:15:09,20500.0,100.0,11026100.0
308,2021-10-07 07:14:51,20500.0,1100.0,11026000.0
309,2021-10-07 07:14:35,20500.0,2000.0,11024900.0
310,2021-10-07 07:14:08,20500.0,100.0,11022900.0
311,2021-10-07 07:13:47,20500.0,500.0,11022800.0
312,2021-10-07 07:13:23,20500.0,300.0,11022300.0
313,2021-10-07 07:13:19,20500.0,100.0,11022000.0
314,2021-10-07 07:13:16,20500.0,500.0,11021900.0
315,2021-10-07 07:13:12,20500.0,1500.0,11021400.0
316,2021-10-07 07:12:16,20500.0,500.0,11019900.0
317,2021-10-07 07:12:13,20500.0,900.0,11019400.0
318,2021-10-07 07:12:13,20500.0,100.0,11018500.0
319,2021-10-07 07:11:42,20500.0,300.0,11018400.0
320,2021-10-07 07:11:26,20500.0,100.0,11018100.0
321,2021-10-07 07:11:26,20500.0,100.0,11018000.0
322,2021-10-07 07:11:26,20500.0,1000.0,11017900.0
323,2021-10-07 07:11:26,20500.0,1400.0,11016900.0
324,2021-10-07 07:11:26,20500.0,4400.0,11015500.0
325,2021-10-07 07:11:25,20500.0,11000.0,11011100.0
326,2021-10-07 07:11:10,20500.0,100.0,11000100.0
327,2021-10-07 07:10:46,20500.0,300.0,11000000.0
328,2021-10-07 07:10:41,20500.0,100.0,10999700.0
329,2021-10-07 07:10:39,20500.0,1600.0,10999600.0
330,2021-10-07 07:10:37,20500.0,200.0,10998000.0
331,2021-10-07 07:10:37,20500.0,600.0,10997800.0
332,2021-10-07 07:10:37,20500.0,4700.0,10997200.0
333,2021-10-07 07:10:37,20500.0,500.0,10992500.0
334,2021-10-07 07:10:37,20500.0,400.0,10992000.0
335,2021-10-07 07:10:33,20500.0,100.0,10991600.0
336,2021-10-07 07:10:33,20500.0,300.0,10991500.0
337,2021-10-07 07:10:33,20500.0,100.0,10991200.0
338,2021-10-07 07:10:33,20500.0,100.0,10991100.0
339,2021-10-07 07:10:33,20500.0,600.0,10991000.0
340,2021-10-07 07:10:31,20500.0,1000.0,10990400.0
341,2021-10-07 07:10:30,20500.0,100.0,10989400.0
342,2021-10-07 07:10:24,20500.0,5000.0,10989300.0
343,2021-10-07 07:10:24,20500.0,1000.0,10984300.0
344,2021-10-07 07:10:23,20500.0,200.0,10983300.0
345,2021-10-07 07:10:23,20500.0,2000.0,10983100.0
346,2021-10-07 07:10:23,20500.0,2500.0,10981100.0
347,2021-10-07 07:10:23,20500.0,1000.0,10978600.0
348,2021-10-07 07:10:23,20500.0,100.0,10977600.0
349,2021-10-07 07:10:23,20500.0,300.0,10977500.0
350,2021-10-07 07:10:23,20500.0,700.0,10977200.0
351,2021-10-07 07:10:22,20500.0,300.0,10976500.0
352,2021-10-07 07:10:22,20500.0,100.0,10976200.0
353,2021-10-07 07:10:22,20500.0,200.0,10976100.0
354,2021-10-07 07:10:22,20500.0,400.0,10975900.0
355,2021-10-07 07:10:17,20500.0,700.0,10975500.0
356,2021-10-07 07:10:13,20500.0,100.0,10974800.0
357,2021-10-07 07:10:13,20500.0,1000.0,10974700.0
358,2021-10-07 07:10:13,20500.0,2000.0,10973700.0
359,2021-10-07 07:10:12,20450.0,200.0,10971700.0
360,2021-10-07 07:10:12,20450.0,800.0,10971500.0
361,2021-10-07 07:10:12,20500.0,200.0,10970700.0
362,2021-10-07 07:10:08,20500.0,200.0,10970500.0
363,2021-10-07 07:10:02,20500.0,300.0,10970300.0
364,2021-10-07 07:10:01,20500.0,100.0,10970000.0
365,2021-10-07 07:10:01,20500.0,200.0,10969900.0
366,2021-10-07 07:10:01,20500.0,1000.0,10969700.0
367,2021-10-07 07:10:01,20500.0,200.0,10968700.0
368,2021-10-07 07:10:01,20500.0,3000.0,10968500.0
369,2021-10-07 07:10:00,20500.0,500.0,10965500.0
370,2021-10-07 07:09:57,20500.0,1500.0,10965000.0
371,2021-10-07 07:09:57,20500.0,2000.0,10963500.0
372,2021-10-07 07:09:57,20500.0,100.0,10961500.0
373,2021-10-07 07:09:57,20500.0,400.0,10961400.0
374,2021-10-07 07:09:55,20500.0,400.0,10961000.0
375,2021-10-07 07:09:55,20500.0,1000.0,10960600.0
376,2021-10-07 07:09:53,20500.0,400.0,10959600.0
377,2021-10-07 07:09:48,20500.0,1800.0,10959200.0
378,2021-10-07 07:09:48,20500.0,200.0,10957400.0
379,2021-10-07 07:09:44,20500.0,300.0,10957200.0
380,2021-10-07 07:09:44,20500.0,400.0,10956900.0
381,2021-10-07 07:09:44,20500.0,100.0,10956500.0
382,2021-10-07 07:09:44,20500.0,800.0,10956400.0
383,2021-10-07 07:09:44,20500.0,200.0,10955600.0
384,2021-10-07 07:09:44,20500.0,100.0,10955400.0
385,2021-10-07 07:09:44,20500.0,8100.0,10955300.0
386,2021-10-07 07:09:39,20500.0,1600.0,10947200.0
387,2021-10-07 07:09:36,20500.0,100.0,10945600.0
388,2021-10-07 07:09:34,20500.0,200.0,10945500.0
389,2021-10-07 07:09:24,20500.0,2000.0,10945300.0
390,2021-10-07 07:09:11,20500.0,1600.0,10943300.0
391,2021-10-07 07:08:57,20500.0,300.0,10941700.0
392,2021-10-07 07:08:57,20500.0,6100.0,10941400.0
393,2021-10-07 07:08:57,20500.0,500.0,10935300.0
394,2021-10-07 07:08:57,20500.0,100.0,10934800.0
395,2021-10-07 07:08:57,20500.0,2000.0,10934700.0
396,2021-10-07 07:08:57,20500.0,1300.0,10932700.0
397,2021-10-07 07:08:55,20500.0,3500.0,10931400.0
398,2021-10-07 07:08:54,20500.0,5000.0,10927900.0
399,2021-10-07 07:08:51,20500.0,100.0,10922900.0
400,2021-10-07 07:08:47,20500.0,500.0,10922800.0
401,2021-10-07 07:08:44,20500.0,6500.0,10922300.0
402,2021-10-07 07:08:40,20500.0,3100.0,10915800.0
403,2021-10-07 07:08:40,20500.0,3900.0,10912700.0
404,2021-10-07 07:08:39,20500.0,400.0,10908800.0
405,2021-10-07 07:08:27,20500.0,100.0,10908400.0
406,2021-10-07 07:08:26,20450.0,200.0,10908300.0
407,2021-10-07 07:08:26,20450.0,300.0,10908100.0
408,2021-10-07 07:08:25,20500.0,200.0,10907800.0
409,2021-10-07 07:08:16,20500.0,100.0,10907600.0
410,2021-10-07 07:08:11,20500.0,1300.0,10907500.0
411,2021-10-07 07:08:11,20500.0,1500.0,10906200.0
412,2021-10-07 07:08:00,20500.0,1000.0,10904700.0
413,2021-10-07 07:07:58,20500.0,400.0,10903700.0
414,2021-10-07 07:07:58,20500.0,300.0,10903300.0
415,2021-10-07 07:07:45,20500.0,500.0,10903000.0
416,2021-10-07 07:07:45,20500.0,200.0,10902500.0
417,2021-10-07 07:07:42,20500.0,100.0,10902300.0
418,2021-10-07 07:07:33,20500.0,100.0,10902200.0
419,2021-10-07 07:07:22,20500.0,2000.0,10902100.0
420,2021-10-07 07:07:22,20500.0,200.0,10900100.0
421,2021-10-07 07:07:21,20450.0,700.0,10899900.0
422,2021-10-07 07:07:21,20450.0,200.0,10899200.0
423,2021-10-07 07:07:21,20450.0,100.0,10899000.0
424,2021-10-07 07:07:18,20500.0,2000.0,10898900.0
425,2021-10-07 07:07:16,20500.0,2000.0,10896900.0
426,2021-10-07 07:07:15,20500.0,9700.0,10894900.0
427,2021-10-07 07:07:15,20500.0,100.0,10885200.0
428,2021-10-07 07:07:15,20500.0,200.0,10885100.0
429,2021-10-07 07:07:12,20500.0,500.0,10884900.0
430,2021-10-07 07:07:07,20500.0,100.0,10884400.0
431,2021-10-07 07:07:03,20500.0,400.0,10884300.0
432,2021-10-07 07:07:03,20500.0,100.0,10883900.0
433,2021-10-07 07:06:55,20500.0,1300.0,10883800.0
434,2021-10-07 07:06:52,20500.0,1000.0,10882500.0
435,2021-10-07 07:06:42,20500.0,100.0,10881500.0
436,2021-10-07 07:06:22,20500.0,200.0,10881400.0
437,2021-10-07 07:06:11,20500.0,300.0,10881200.0
438,2021-10-07 07:06:11,20500.0,100.0,10880900.0
439,2021-10-07 07:05:48,20500.0,200.0,10880800.0
440,2021-10-07 07:05:14,20500.0,100.0,10880600.0
441,2021-10-07 07:05:14,20500.0,200.0,10880500.0
442,2021-10-07 07:05:14,20500.0,1500.0,10880300.0
443,2021-10-07 07:05:14,20500.0,200.0,10878800.0
444,2021-10-07 07:05:06,20500.0,2800.0,10878600.0
445,2021-10-07 07:05:06,20500.0,200.0,10875800.0
446,2021-10-07 07:05:04,20500.0,600.0,10875600.0
447,2021-10-07 07:05:03,20500.0,100.0,10875000.0
448,2021-10-07 07:04:50,20500.0,1000.0,10874900.0
449,2021-10-07 07:04:30,20500.0,1500.0,10873900.0
450,2021-10-07 07:04:26,20500.0,1300.0,10872400.0
451,2021-10-07 07:04:23,20500.0,5000.0,10871100.0
452,2021-10-07 07:04:21,20500.0,200.0,10866100.0
453,2021-10-07 07:04:07,20500.0,400.0,10865900.0
454,2021-10-07 07:04:06,20500.0,500.0,10865500.0
455,2021-10-07 07:04:02,20500.0,200.0,10865000.0
456,2021-10-07 07:04:00,20500.0,100.0,10864800.0
457,2021-10-07 07:03:58,20500.0,100.0,10864700.0
458,2021-10-07 07:03:50,20500.0,1000.0,10864600.0
459,2021-10-07 07:03:46,20500.0,1500.0,10863600.0
460,2021-10-07 07:03:30,20500.0,2000.0,10862100.0
461,2021-10-07 07:03:26,20500.0,1000.0,10860100.0
462,2021-10-07 07:03:11,20500.0,4300.0,10859100.0
463,2021-10-07 07:03:11,20500.0,300.0,10854800.0
464,2021-10-07 07:03:11,20500.0,400.0,10854500.0
465,2021-10-07 07:03:09,20500.0,2000.0,10854100.0
466,2021-10-07 07:03:05,20500.0,2000.0,10852100.0
467,2021-10-07 07:03:05,20500.0,200.0,10850100.0
468,2021-10-07 07:02:53,20500.0,500.0,10849900.0
469,2021-10-07 07:02:49,20500.0,2000.0,10849400.0
470,2021-10-07 07:02:45,20500.0,500.0,10847400.0
471,2021-10-07 07:02:34,20500.0,2400.0,10846900.0
472,2021-10-07 07:02:34,20500.0,1700.0,10844500.0
473,2021-10-07 07:02:34,20500.0,2000.0,10842800.0
474,2021-10-07 07:02:34,20500.0,100.0,10840800.0
475,2021-10-07 07:02:34,20500.0,500.0,10840700.0
476,2021-10-07 07:02:34,20500.0,500.0,10840200.0
477,2021-10-07 07:02:34,20500.0,100.0,10839700.0
478,2021-10-07 07:02:34,20500.0,500.0,10839600.0
479,2021-10-07 07:02:34,20500.0,2200.0,10839100.0
480,2021-10-07 07:02:20,20500.0,1500.0,10836900.0
481,2021-10-07 07:02:10,20500.0,500.0,10835400.0
482,2021-10-07 07:01:58,20500.0,800.0,10834900.0
483,2021-10-07 07:01:58,20500.0,2000.0,10834100.0
484,2021-10-07 07:01:58,20500.0,100.0,10832100.0
485,2021-10-07 07:01:58,20500.0,5000.0,10832000.0
486,2021-10-07 07:01:58,20500.0,1500.0,10827000.0
487,2021-10-07 07:01:58,20500.0,3000.0,10825500.0
488,2021-10-07 07:01:58,20500.0,10000.0,10822500.0
489,2021-10-07 07:01:58,20500.0,100.0,10812500.0
490,2021-10-07 07:01:58,20500.0,900.0,10812400.0
491,2021-10-07 07:01:58,20500.0,6600.0,10811500.0
492,2021-10-07 07:01:50,20500.0,6400.0,10804900.0
493,2021-10-07 07:01:50,20500.0,200.0,10798500.0
494,2021-10-07 07:01:50,20500.0,6000.0,10798300.0
495,2021-10-07 07:01:50,20500.0,700.0,10792300.0
496,2021-10-07 07:01:50,20500.0,100.0,10791600.0
497,2021-10-07 07:01:50,20500.0,100.0,10791500.0
498,2021-10-07 07:01:50,20500.0,1500.0,10791400.0
499,2021-10-07 07:01:45,20500.0,200.0,10789900.0
500,2021-10-07 07:01:41,20500.0,200.0,10789700.0
501,2021-10-07 07:01:17,20500.0,100.0,10789500.0
502,2021-10-07 07:01:14,20500.0,100.0,10789400.0
503,2021-10-07 07:01:14,20500.0,700.0,10789300.0
504,2021-10-07 07:01:07,20500.0,100.0,10788600.0
505,2021-10-07 07:01:05,20500.0,1900.0,10788500.0
506,2021-10-07 07:00:58,20500.0,500.0,10786600.0
507,2021-10-07 07:00:56,20500.0,3000.0,10786100.0
508,2021-10-07 07:00:55,20500.0,1000.0,10783100.0
509,2021-10-07 07:00:53,20500.0,100.0,10782100.0
510,2021-10-07 07:00:51,20500.0,1900.0,10782000.0
511,2021-10-07 07:00:43,20500.0,100.0,10780100.0
512,2021-10-07 07:00:40,20500.0,100.0,10780000.0
513,2021-10-07 07:00:38,20500.0,1000.0,10779900.0
514,2021-10-07 07:00:33,20500.0,400.0,10778900.0
515,2021-10-07 07:00:18,20500.0,300.0,10778500.0
516,2021-10-07 06:59:42,20500.0,1000.0,10778200.0
517,2021-10-07 06:59:31,20500.0,1100.0,10777200.0
518,2021-10-07 06:59:26,20500.0,9700.0,10776100.0
519,2021-10-07 06:59:24,20500.0,1000.0,10766400.0
520,2021-10-07 06:59:14,20500.0,200.0,10765400.0
521,2021-10-07 06:59:09,20500.0,6000.0,10765200.0
522,2021-10-07 06:58:55,20500.0,1800.0,10759200.0
523,2021-10-07 06:58:53,20500.0,200.0,10757400.0
524,2021-10-07 06:58:41,20500.0,1200.0,10757200.0
525,2021-10-07 06:58:38,20500.0,200.0,10756000.0
526,2021-10-07 06:58:35,20500.0,100.0,10755800.0
527,2021-10-07 06:58:29,20500.0,2000.0,10755700.0
528,2021-10-07 06:58:26,20500.0,1200.0,10753700.0
529,2021-10-07 06:58:24,20500.0,1200.0,10752500.0
530,2021-10-07 06:58:23,20500.0,800.0,10751300.0
531,2021-10-07 06:58:16,20500.0,300.0,10750500.0
532,2021-10-07 06:58:10,20500.0,1000.0,10750200.0
533,2021-10-07 06:58:06,20500.0,300.0,10749200.0
534,2021-10-07 06:57:51,20500.0,1000.0,10748900.0
535,2021-10-07 06:57:50,20500.0,1000.0,10747900.0
536,2021-10-07 06:57:49,20500.0,1500.0,10746900.0
537,2021-10-07 06:57:48,20450.0,400.0,10745400.0
538,2021-10-07 06:57:48,20450.0,900.0,10745000.0
539,2021-10-07 06:57:48,20450.0,100.0,10744100.0
540,2021-10-07 06:57:48,20450.0,500.0,10744000.0
541,2021-10-07 06:57:48,20450.0,100.0,10743500.0
542,2021-10-07 06:57:48,20450.0,300.0,10743400.0
543,2021-10-07 06:57:48,20450.0,500.0,10743100.0
544,2021-10-07 06:57:48,20450.0,100.0,10742600.0
545,2021-10-07 06:57:48,20450.0,500.0,10742500.0
546,2021-10-07 06:57:48,20450.0,1000.0,10742000.0
547,2021-10-07 06:57:48,20450.0,700.0,10741000.0
548,2021-10-07 06:57:48,20450.0,200.0,10740300.0
549,2021-10-07 06:57:48,20450.0,1900.0,10740100.0
550,2021-10-07 06:57:48,20450.0,600.0,10738200.0
551,2021-10-07 06:57:48,20450.0,200.0,10737600.0
552,2021-10-07 06:57:38,20450.0,700.0,10737400.0
553,2021-10-07 06:57:38,20450.0,600.0,10736700.0
554,2021-10-07 06:57:31,20450.0,400.0,10736100.0
555,2021-10-07 06:57:18,20500.0,1000.0,10735700.0
556,2021-10-07 06:57:18,20500.0,400.0,10734700.0
557,2021-10-07 06:57:15,20500.0,100.0,10734300.0
558,2021-10-07 06:57:14,20500.0,100.0,10734200.0
559,2021-10-07 06:57:11,20500.0,300.0,10734100.0
560,2021-10-07 06:57:04,20500.0,300.0,10733800.0
561,2021-10-07 06:57:00,20500.0,1500.0,10733500.0
562,2021-10-07 06:56:59,20500.0,1800.0,10732000.0
563,2021-10-07 06:56:58,20500.0,100.0,10730200.0
564,2021-10-07 06:56:58,20500.0,200.0,10730100.0
565,2021-10-07 06:56:58,20500.0,100.0,10729900.0
566,2021-10-07 06:56:55,20500.0,1000.0,10729800.0
567,2021-10-07 06:56:39,20500.0,4200.0,10728800.0
568,2021-10-07 06:56:33,20500.0,100.0,10724600.0
569,2021-10-07 06:56:23,20450.0,4000.0,10724500.0
570,2021-10-07 06:56:23,20450.0,2100.0,10720500.0
571,2021-10-07 06:56:23,20450.0,2000.0,10718400.0
572,2021-10-07 06:56:23,20450.0,500.0,10716400.0
573,2021-10-07 06:56:23,20450.0,100.0,10715900.0
574,2021-10-07 06:56:23,20450.0,100.0,10715800.0
575,2021-10-07 06:56:23,20450.0,200.0,10715700.0
576,2021-10-07 06:56:18,20500.0,200.0,10715500.0
577,2021-10-07 06:56:11,20500.0,100.0,10715300.0
578,2021-10-07 06:56:01,20450.0,1000.0,10715200.0
579,2021-10-07 06:55:44,20500.0,500.0,10714200.0
580,2021-10-07 06:55:32,20450.0,1800.0,10713700.0
581,2021-10-07 06:55:32,20450.0,100.0,10711900.0
582,2021-10-07 06:55:32,20450.0,100.0,10711800.0
583,2021-10-07 06:55:22,20500.0,1000.0,10711700.0
584,2021-10-07 06:55:16,20500.0,500.0,10710700.0
585,2021-10-07 06:55:15,20500.0,1500.0,10710200.0
586,2021-10-07 06:55:08,20500.0,600.0,10708700.0
587,2021-10-07 06:55:07,20500.0,100.0,10708100.0
588,2021-10-07 06:55:02,20500.0,1900.0,10708000.0
589,2021-10-07 06:55:00,20500.0,300.0,10706100.0
590,2021-10-07 06:54:59,20500.0,200.0,10705800.0
591,2021-10-07 06:54:53,20500.0,400.0,10705600.0
592,2021-10-07 06:54:45,20500.0,5000.0,10705200.0
593,2021-10-07 06:54:30,20500.0,500.0,10700200.0
594,2021-10-07 06:54:29,20500.0,100.0,10699700.0
595,2021-10-07 06:54:26,20500.0,300.0,10699600.0
596,2021-10-07 06:54:23,20500.0,10000.0,10699300.0
597,2021-10-07 06:54:19,20500.0,900.0,10689300.0
598,2021-10-07 06:54:12,20500.0,2000.0,10688400.0
599,2021-10-07 06:54:05,20500.0,10000.0,10686400.0
600,2021-10-07 06:53:56,20500.0,100.0,10676400.0
601,2021-10-07 06:53:55,20500.0,100.0,10676300.0
602,2021-10-07 06:53:52,20500.0,100.0,10676200.0
603,2021-10-07 06:53:45,20500.0,100.0,10676100.0
604,2021-10-07 06:53:44,20500.0,1000.0,10676000.0
605,2021-10-07 06:53:44,20500.0,5000.0,10675000.0
606,2021-10-07 06:53:44,20500.0,2600.0,10670000.0
607,2021-10-07 06:53:41,20500.0,400.0,10667400.0
608,2021-10-07 06:53:41,20500.0,300.0,10667000.0
609,2021-10-07 06:53:41,20500.0,100.0,10666700.0
610,2021-10-07 06:53:41,20500.0,3000.0,10666600.0
611,2021-10-07 06:53:41,20500.0,200.0,10663600.0
612,2021-10-07 06:53:31,20500.0,100.0,10663400.0
613,2021-10-07 06:53:31,20500.0,600.0,10663300.0
614,2021-10-07 06:53:30,20500.0,500.0,10662700.0
615,2021-10-07 06:53:29,20500.0,10000.0,10662200.0
616,2021-10-07 06:53:29,20500.0,100.0,10652200.0
617,2021-10-07 06:53:27,20500.0,100.0,10652100.0
618,2021-10-07 06:53:24,20500.0,15000.0,10652000.0
619,2021-10-07 06:53:17,20500.0,1500.0,10637000.0
620,2021-10-07 06:53:15,20500.0,3900.0,10635500.0
621,2021-10-07 06:53:09,20500.0,100.0,10631600.0
622,2021-10-07 06:53:06,20500.0,1800.0,10631500.0
623,2021-10-07 06:53:03,20500.0,2000.0,10629700.0
624,2021-10-07 06:53:00,20500.0,300.0,10627700.0
625,2021-10-07 06:53:00,20500.0,100.0,10627400.0
626,2021-10-07 06:53:00,20500.0,100.0,10627300.0
627,2021-10-07 06:53:00,20500.0,100.0,10627200.0
628,2021-10-07 06:53:00,20500.0,2000.0,10627100.0
629,2021-10-07 06:53:00,20500.0,1000.0,10625100.0
630,2021-10-07 06:53:00,20500.0,500.0,10624100.0
631,2021-10-07 06:53:00,20500.0,200.0,10623600.0
632,2021-10-07 06:53:00,20500.0,4500.0,10623400.0
633,2021-10-07 06:53:00,20500.0,5600.0,10618900.0
634,2021-10-07 06:52:54,20500.0,1000.0,10613300.0
635,2021-10-07 06:52:54,20500.0,1000.0,10612300.0
636,2021-10-07 06:52:54,20500.0,400.0,10611300.0
637,2021-10-07 06:52:54,20500.0,5000.0,10610900.0
638,2021-10-07 06:52:54,20500.0,400.0,10605900.0
639,2021-10-07 06:52:54,20500.0,1000.0,10605500.0
640,2021-10-07 06:52:54,20500.0,100.0,10604500.0
641,2021-10-07 06:52:54,20500.0,200.0,10604400.0
642,2021-10-07 06:52:54,20500.0,200.0,10604200.0
643,2021-10-07 06:52:54,20500.0,1100.0,10604000.0
644,2021-10-07 06:52:54,20500.0,100.0,10602900.0
645,2021-10-07 06:52:54,20500.0,500.0,10602800.0
646,2021-10-07 06:52:54,20500.0,1000.0,10602300.0
647,2021-10-07 06:52:54,20500.0,800.0,10601300.0
648,2021-10-07 06:52:54,20500.0,700.0,10600500.0
649,2021-10-07 06:52:54,20500.0,300.0,10599800.0
650,2021-10-07 06:52:54,20500.0,35600.0,10599500.0
651,2021-10-07 06:52:54,20500.0,400.0,10563900.0
652,2021-10-07 06:52:54,20500.0,200.0,10563500.0
653,2021-10-07 06:52:17,20500.0,300.0,10563300.0
654,2021-10-07 06:52:11,20500.0,100.0,10563000.0
655,2021-10-07 06:51:57,20500.0,800.0,10562900.0
656,2021-10-07 06:51:57,20500.0,600.0,10562100.0
657,2021-10-07 06:51:48,20500.0,100.0,10561500.0
658,2021-10-07 06:51:44,20500.0,200.0,10561400.0
659,2021-10-07 06:51:38,20500.0,100.0,10561200.0
660,2021-10-07 06:51:38,20500.0,400.0,10561100.0
661,2021-10-07 06:51:37,20500.0,200.0,10560700.0
662,2021-10-07 06:51:28,20500.0,400.0,10560500.0
663,2021-10-07 06:51:28,20500.0,100.0,10560100.0
664,2021-10-07 06:51:26,20500.0,400.0,10560000.0
665,2021-10-07 06:51:26,20500.0,100.0,10559600.0
666,2021-10-07 06:51:16,20500.0,100.0,10559500.0
667,2021-10-07 06:51:13,20500.0,300.0,10559400.0
668,2021-10-07 06:51:11,20500.0,300.0,10559100.0
669,2021-10-07 06:51:11,20500.0,1300.0,10558800.0
670,2021-10-07 06:51:09,20500.0,100.0,10557500.0
671,2021-10-07 06:51:07,20500.0,1100.0,10557400.0
672,2021-10-07 06:51:02,20500.0,1000.0,10556300.0
673,2021-10-07 06:51:02,20500.0,3500.0,10555300.0
674,2021-10-07 06:51:02,20500.0,2000.0,10551800.0
675,2021-10-07 06:51:02,20500.0,100.0,10549800.0
676,2021-10-07 06:51:02,20500.0,500.0,10549700.0
677,2021-10-07 06:51:02,20500.0,1000.0,10549200.0
678,2021-10-07 06:51:02,20500.0,1000.0,10548200.0
679,2021-10-07 06:51:02,20500.0,200.0,10547200.0
680,2021-10-07 06:51:02,20500.0,200.0,10547000.0
681,2021-10-07 06:51:02,20500.0,1400.0,10546800.0
682,2021-10-07 06:51:01,20500.0,100.0,10545400.0
683,2021-10-07 06:51:00,20500.0,500.0,10545300.0
684,2021-10-07 06:50:58,20500.0,500.0,10544800.0
685,2021-10-07 06:50:58,20500.0,400.0,10544300.0
686,2021-10-07 06:50:56,20500.0,100.0,10543900.0
687,2021-10-07 06:50:53,20500.0,2000.0,10543800.0
688,2021-10-07 06:50:52,20500.0,1500.0,10541800.0
689,2021-10-07 06:50:51,20500.0,900.0,10540300.0
690,2021-10-07 06:50:47,20500.0,500.0,10539400.0
691,2021-10-07 06:50:47,20500.0,500.0,10538900.0
692,2021-10-07 06:50:46,20500.0,100.0,10538400.0
693,2021-10-07 06:50:41,20500.0,900.0,10538300.0
694,2021-10-07 06:50:40,20500.0,400.0,10537400.0
695,2021-10-07 06:50:39,20500.0,1000.0,10537000.0
696,2021-10-07 06:50:37,20500.0,500.0,10536000.0
697,2021-10-07 06:50:37,20500.0,200.0,10535500.0
698,2021-10-07 06:50:34,20500.0,1000.0,10535300.0
699,2021-10-07 06:50:28,20500.0,3200.0,10534300.0
700,2021-10-07 06:50:25,20500.0,300.0,10531100.0
701,2021-10-07 06:50:24,20500.0,3000.0,10530800.0
702,2021-10-07 06:50:22,20500.0,200.0,10527800.0
703,2021-10-07 06:50:22,20500.0,300.0,10527600.0
704,2021-10-07 06:50:22,20500.0,300.0,10527300.0
705,2021-10-07 06:50:18,20500.0,3200.0,10527000.0
706,2021-10-07 06:50:10,20500.0,5000.0,10523800.0
707,2021-10-07 06:50:10,20500.0,700.0,10518800.0
708,2021-10-07 06:50:07,20500.0,2800.0,10518100.0
709,2021-10-07 06:50:06,20500.0,100.0,10515300.0
710,2021-10-07 06:50:04,20500.0,2600.0,10515200.0
711,2021-10-07 06:50:04,20500.0,200.0,10512600.0
712,2021-10-07 06:50:04,20500.0,1200.0,10512400.0
713,2021-10-07 06:50:04,20500.0,100.0,10511200.0
714,2021-10-07 06:50:01,20500.0,2400.0,10511100.0
715,2021-10-07 06:49:59,20500.0,300.0,10508700.0
716,2021-10-07 06:49:56,20500.0,2000.0,10508400.0
717,2021-10-07 06:49:53,20500.0,4000.0,10506400.0
718,2021-10-07 06:49:53,20500.0,900.0,10502400.0
719,2021-10-07 06:49:50,20500.0,300.0,10501500.0
720,2021-10-07 06:49:49,20500.0,1000.0,10501200.0
721,2021-10-07 06:49:46,20500.0,7000.0,10500200.0
722,2021-10-07 06:49:45,20500.0,2800.0,10493200.0
723,2021-10-07 06:49:44,20500.0,2000.0,10490400.0
724,2021-10-07 06:49:39,20500.0,200.0,10488400.0
725,2021-10-07 06:49:38,20500.0,1500.0,10488200.0
726,2021-10-07 06:49:38,20500.0,100.0,10486700.0
727,2021-10-07 06:49:35,20500.0,1300.0,10486600.0
728,2021-10-07 06:49:30,20500.0,100.0,10485300.0
729,2021-10-07 06:49:25,20500.0,600.0,10485200.0
730,2021-10-07 06:49:24,20500.0,1500.0,10484600.0
731,2021-10-07 06:49:17,20500.0,500.0,10483100.0
732,2021-10-07 06:49:13,20500.0,1800.0,10482600.0
733,2021-10-07 06:49:09,20500.0,2000.0,10480800.0
734,2021-10-07 06:49:08,20500.0,100.0,10478800.0
735,2021-10-07 06:49:03,20500.0,3000.0,10478700.0
736,2021-10-07 06:49:01,20500.0,500.0,10475700.0
737,2021-10-07 06:48:58,20500.0,100.0,10475200.0
738,2021-10-07 06:48:57,20450.0,100.0,10475100.0
739,2021-10-07 06:48:57,20500.0,1000.0,10475000.0
740,2021-10-07 06:48:54,20500.0,12900.0,10474000.0
741,2021-10-07 06:48:44,20500.0,200.0,10461100.0
742,2021-10-07 06:48:43,20500.0,2100.0,10460900.0
743,2021-10-07 06:48:38,20500.0,500.0,10458800.0
744,2021-10-07 06:48:32,20500.0,3000.0,10458300.0
745,2021-10-07 06:48:28,20500.0,100.0,10455300.0
746,2021-10-07 06:48:23,20500.0,100.0,10455200.0
747,2021-10-07 06:48:21,20500.0,1900.0,10455100.0
748,2021-10-07 06:48:14,20500.0,100.0,10453200.0
749,2021-10-07 06:48:12,20500.0,1300.0,10453100.0
750,2021-10-07 06:48:12,20500.0,10000.0,10451800.0
751,2021-10-07 06:48:11,20500.0,3700.0,10441800.0
752,2021-10-07 06:48:09,20500.0,5400.0,10438100.0
753,2021-10-07 06:48:09,20500.0,100.0,10432700.0
754,2021-10-07 06:48:09,20500.0,200.0,10432600.0
755,2021-10-07 06:48:09,20500.0,200.0,10432400.0
756,2021-10-07 06:48:09,20500.0,2000.0,10432200.0
757,2021-10-07 06:48:09,20500.0,300.0,10430200.0
758,2021-10-07 06:48:09,20500.0,9500.0,10429900.0
759,2021-10-07 06:48:09,20500.0,400.0,10420400.0
760,2021-10-07 06:48:09,20500.0,1900.0,10420000.0
761,2021-10-07 06:48:09,20500.0,1500.0,10418100.0
762,2021-10-07 06:48:09,20500.0,2000.0,10416600.0
763,2021-10-07 06:48:09,20500.0,2000.0,10414600.0
764,2021-10-07 06:48:09,20500.0,200.0,10412600.0
765,2021-10-07 06:48:09,20500.0,3000.0,10412400.0
766,2021-10-07 06:48:09,20500.0,1000.0,10409400.0
767,2021-10-07 06:48:09,20500.0,1000.0,10408400.0
768,2021-10-07 06:48:09,20500.0,300.0,10407400.0
769,2021-10-07 06:48:09,20500.0,10000.0,10407100.0
770,2021-10-07 06:48:09,20500.0,2000.0,10397100.0
771,2021-10-07 06:48:09,20500.0,100.0,10395100.0
772,2021-10-07 06:48:09,20500.0,9900.0,10395000.0
773,2021-10-07 06:48:09,20500.0,200.0,10385100.0
774,2021-10-07 06:48:09,20500.0,700.0,10384900.0
775,2021-10-07 06:48:09,20500.0,1500.0,10384200.0
776,2021-10-07 06:48:09,20500.0,1000.0,10382700.0
777,2021-10-07 06:48:09,20500.0,1000.0,10381700.0
778,2021-10-07 06:48:09,20500.0,7000.0,10380700.0
779,2021-10-07 06:48:09,20500.0,1400.0,10373700.0
780,2021-10-07 06:48:09,20500.0,1000.0,10372300.0
781,2021-10-07 06:48:09,20500.0,100.0,10371300.0
782,2021-10-07 06:48:09,20500.0,1400.0,10371200.0
783,2021-10-07 06:48:09,20500.0,300.0,10369800.0
784,2021-10-07 06:48:09,20500.0,4000.0,10369500.0
785,2021-10-07 06:48:09,20500.0,300.0,10365500.0
786,2021-10-07 06:48:09,20500.0,3000.0,10365200.0
787,2021-10-07 06:48:09,20500.0,1000.0,10362200.0
788,2021-10-07 06:48:09,20500.0,10000.0,10361200.0
789,2021-10-07 06:48:09,20500.0,200.0,10351200.0
790,2021-10-07 06:48:09,20500.0,8000.0,10351000.0
791,2021-10-07 06:48:09,20500.0,2000.0,10343000.0
792,2021-10-07 06:48:09,20500.0,3500.0,10341000.0
793,2021-10-07 06:48:09,20500.0,1400.0,10337500.0
794,2021-10-07 06:48:09,20500.0,2400.0,10336100.0
795,2021-10-07 06:47:47,20500.0,2600.0,10333700.0
796,2021-10-07 06:47:47,20500.0,400.0,10331100.0
797,2021-10-07 06:47:47,20500.0,1000.0,10330700.0
798,2021-10-07 06:47:47,20500.0,4000.0,10329700.0
799,2021-10-07 06:47:37,20500.0,1000.0,10325700.0
800,2021-10-07 06:47:37,20500.0,4400.0,10324700.0
801,2021-10-07 06:47:32,20500.0,400.0,10320300.0
802,2021-10-07 06:47:32,20500.0,1200.0,10319900.0
803,2021-10-07 06:47:32,20500.0,100.0,10318700.0
804,2021-10-07 06:47:27,20500.0,600.0,10318600.0
805,2021-10-07 06:47:27,20500.0,300.0,10318000.0
806,2021-10-07 06:47:27,20500.0,100.0,10317700.0
807,2021-10-07 06:47:27,20500.0,1000.0,10317600.0
808,2021-10-07 06:47:16,20500.0,200.0,10316600.0
809,2021-10-07 06:47:06,20500.0,300.0,10316400.0
810,2021-10-07 06:47:02,20500.0,500.0,10316100.0
811,2021-10-07 06:47:02,20500.0,500.0,10315600.0
812,2021-10-07 06:46:56,20500.0,500.0,10315100.0
813,2021-10-07 06:46:56,20500.0,2500.0,10314600.0
814,2021-10-07 06:46:27,20500.0,1000.0,10312100.0
815,2021-10-07 06:46:17,20500.0,100.0,10311100.0
816,2021-10-07 06:46:07,20500.0,1400.0,10311000.0
817,2021-10-07 06:46:07,20500.0,500.0,10309600.0
818,2021-10-07 06:46:05,20500.0,100.0,10309100.0
819,2021-10-07 06:45:57,20500.0,100.0,10309000.0
820,2021-10-07 06:45:50,20500.0,200.0,10308900.0
821,2021-10-07 06:45:33,20500.0,500.0,10308700.0
822,2021-10-07 06:45:33,20500.0,200.0,10308200.0
823,2021-10-07 06:45:33,20500.0,100.0,10308000.0
824,2021-10-07 06:45:33,20500.0,1300.0,10307900.0
825,2021-10-07 06:45:32,20500.0,200.0,10306600.0
826,2021-10-07 06:45:31,20500.0,1100.0,10306400.0
827,2021-10-07 06:45:30,20500.0,17400.0,10305300.0
828,2021-10-07 06:45:29,20500.0,12800.0,10287900.0
829,2021-10-07 06:45:29,20500.0,100.0,10275100.0
830,2021-10-07 06:45:28,20500.0,200.0,10275000.0
831,2021-10-07 06:45:28,20500.0,100.0,10274800.0
832,2021-10-07 06:45:28,20500.0,300.0,10274700.0
833,2021-10-07 06:45:28,20500.0,1000.0,10274400.0
834,2021-10-07 06:45:28,20500.0,2000.0,10273400.0
835,2021-10-07 06:45:28,20500.0,200.0,10271400.0
836,2021-10-07 06:45:28,20500.0,1000.0,10271200.0
837,2021-10-07 06:45:28,20500.0,100.0,10270200.0
838,2021-10-07 06:45:28,20500.0,100.0,10270100.0
839,2021-10-07 06:45:28,20500.0,200.0,10270000.0
840,2021-10-07 06:45:28,20500.0,1000.0,10269800.0
841,2021-10-07 06:45:28,20500.0,500.0,10268800.0
842,2021-10-07 06:45:28,20500.0,5000.0,10268300.0
843,2021-10-07 06:45:28,20500.0,5000.0,10263300.0
844,2021-10-07 06:45:28,20500.0,300.0,10258300.0
845,2021-10-07 06:45:28,20500.0,7700.0,10258000.0
846,2021-10-07 06:45:27,20500.0,300.0,10250300.0
847,2021-10-07 06:45:25,20500.0,300.0,10250000.0
848,2021-10-07 06:45:23,20500.0,1700.0,10249700.0
849,2021-10-07 06:45:23,20500.0,300.0,10248000.0
850,2021-10-07 06:45:23,20500.0,500.0,10247700.0
851,2021-10-07 06:45:23,20500.0,200.0,10247200.0
852,2021-10-07 06:45:23,20500.0,1000.0,10247000.0
853,2021-10-07 06:45:23,20500.0,1000.0,10246000.0
854,2021-10-07 06:45:23,20500.0,100.0,10245000.0
855,2021-10-07 06:45:23,20500.0,500.0,10244900.0
856,2021-10-07 06:45:23,20500.0,100.0,10244400.0
857,2021-10-07 06:45:23,20500.0,500.0,10244300.0
858,2021-10-07 06:45:23,20500.0,1000.0,10243800.0
859,2021-10-07 06:45:23,20500.0,400.0,10242800.0
860,2021-10-07 06:45:23,20500.0,100.0,10242400.0
861,2021-10-07 06:45:23,20500.0,2000.0,10242300.0
862,2021-10-07 06:45:23,20500.0,100.0,10240300.0
863,2021-10-07 06:45:21,20500.0,100.0,10240200.0
864,2021-10-07 06:45:21,20500.0,100.0,10240100.0
865,2021-10-07 06:45:21,20500.0,100.0,10240000.0
866,2021-10-07 06:45:21,20500.0,3000.0,10239900.0
867,2021-10-07 06:45:21,20500.0,1000.0,10236900.0
868,2021-10-07 06:45:21,20500.0,800.0,10235900.0
869,2021-10-07 06:45:20,20500.0,600.0,10235100.0
870,2021-10-07 06:45:20,20500.0,100.0,10234500.0
871,2021-10-07 06:45:20,20500.0,1100.0,10234400.0
872,2021-10-07 06:45:19,20500.0,100.0,10233300.0
873,2021-10-07 06:45:18,20500.0,100.0,10233200.0
874,2021-10-07 06:45:11,20500.0,200.0,10233100.0
875,2021-10-07 06:45:11,20500.0,100.0,10232900.0
876,2021-10-07 06:45:09,20500.0,300.0,10232800.0
877,2021-10-07 06:45:08,20500.0,100.0,10232500.0
878,2021-10-07 06:45:08,20500.0,100.0,10232400.0
879,2021-10-07 06:45:07,20500.0,900.0,10232300.0
880,2021-10-07 06:45:01,20500.0,500.0,10231400.0
881,2021-10-07 06:45:01,20500.0,3600.0,10230900.0
882,2021-10-07 06:45:01,20500.0,2000.0,10227300.0
883,2021-10-07 06:45:01,20500.0,1000.0,10225300.0
884,2021-10-07 06:45:01,20500.0,500.0,10224300.0
885,2021-10-07 06:45:01,20500.0,300.0,10223800.0
886,2021-10-07 06:45:01,20500.0,1000.0,10223500.0
887,2021-10-07 06:45:01,20500.0,300.0,10222500.0
888,2021-10-07 06:45:01,20500.0,500.0,10222200.0
889,2021-10-07 06:45:01,20500.0,300.0,10221700.0
890,2021-10-07 06:45:00,20500.0,1100.0,10221400.0
891,2021-10-07 06:45:00,20500.0,100.0,10220300.0
892,2021-10-07 06:45:00,20500.0,800.0,10220200.0
893,2021-10-07 06:45:00,20500.0,200.0,10219400.0
894,2021-10-07 06:44:59,20500.0,200.0,10219200.0
895,2021-10-07 06:44:59,20500.0,3000.0,10219000.0
896,2021-10-07 06:44:59,20500.0,100.0,10216000.0
897,2021-10-07 06:44:59,20500.0,1100.0,10215900.0
898,2021-10-07 06:44:58,20500.0,900.0,10214800.0
899,2021-10-07 06:44:58,20500.0,100.0,10213900.0
900,2021-10-07 06:44:58,20500.0,500.0,10213800.0
901,2021-10-07 06:44:58,20500.0,500.0,10213300.0
902,2021-10-07 06:44:57,20500.0,100.0,10212800.0
903,2021-10-07 06:44:57,20500.0,900.0,10212700.0
904,2021-10-07 06:44:56,20500.0,100.0,10211800.0
905,2021-10-07 06:44:54,20500.0,5000.0,10211700.0
906,2021-10-07 06:44:53,20500.0,1000.0,10206700.0
907,2021-10-07 06:44:52,20500.0,4000.0,10205700.0
908,2021-10-07 06:44:52,20500.0,200.0,10201700.0
909,2021-10-07 06:44:52,20500.0,200.0,10201500.0
910,2021-10-07 06:44:52,20500.0,1000.0,10201300.0
911,2021-10-07 06:44:52,20500.0,1000.0,10200300.0
912,2021-10-07 06:44:52,20500.0,600.0,10199300.0
913,2021-10-07 06:44:52,20500.0,300.0,10198700.0
914,2021-10-07 06:44:50,20500.0,200.0,10198400.0
915,2021-10-07 06:44:50,20500.0,400.0,10198200.0
916,2021-10-07 06:44:50,20500.0,700.0,10197800.0
917,2021-10-07 06:44:49,20500.0,300.0,10197100.0
918,2021-10-07 06:44:49,20500.0,500.0,10196800.0
919,2021-10-07 06:44:49,20500.0,200.0,10196300.0
920,2021-10-07 06:44:49,20500.0,1000.0,10196100.0
921,2021-10-07 06:44:49,20500.0,800.0,10195100.0
922,2021-10-07 06:44:49,20500.0,100.0,10194300.0
923,2021-10-07 06:44:49,20500.0,100.0,10194200.0
924,2021-10-07 06:44:49,20500.0,3000.0,10194100.0
925,2021-10-07 06:44:49,20500.0,100.0,10191100.0
926,2021-10-07 06:44:49,20500.0,200.0,10191000.0
927,2021-10-07 06:44:49,20500.0,1000.0,10190800.0
928,2021-10-07 06:44:49,20500.0,500.0,10189800.0
929,2021-10-07 06:44:49,20500.0,500.0,10189300.0
930,2021-10-07 06:44:49,20500.0,2000.0,10188800.0
931,2021-10-07 06:44:49,20500.0,700.0,10186800.0
932,2021-10-07 06:44:49,20500.0,200.0,10186100.0
933,2021-10-07 06:44:49,20500.0,500.0,10185900.0
934,2021-10-07 06:44:49,20500.0,100.0,10185400.0
935,2021-10-07 06:44:49,20500.0,500.0,10185300.0
936,2021-10-07 06:44:49,20500.0,500.0,10184800.0
937,2021-10-07 06:44:49,20500.0,1000.0,10184300.0
938,2021-10-07 06:44:49,20500.0,100.0,10183300.0
939,2021-10-07 06:44:49,20500.0,1000.0,10183200.0
940,2021-10-07 06:44:49,20500.0,100.0,10182200.0
941,2021-10-07 06:44:49,20500.0,1500.0,10182100.0
942,2021-10-07 06:44:49,20500.0,200.0,10180600.0
943,2021-10-07 06:44:49,20500.0,400.0,10180400.0
944,2021-10-07 06:44:49,20500.0,200.0,10180000.0
945,2021-10-07 06:44:49,20500.0,200.0,10179800.0
946,2021-10-07 06:44:49,20500.0,100.0,10179600.0
947,2021-10-07 06:44:49,20500.0,2400.0,10179500.0
948,2021-10-07 06:44:47,20500.0,100.0,10177100.0
949,2021-10-07 06:44:47,20500.0,2000.0,10177000.0
950,2021-10-07 06:44:44,20500.0,200.0,10175000.0
951,2021-10-07 06:44:43,20500.0,500.0,10174800.0
952,2021-10-07 06:44:42,20500.0,200.0,10174300.0
953,2021-10-07 06:44:39,20500.0,100.0,10174100.0
954,2021-10-07 06:44:37,20500.0,1500.0,10174000.0
955,2021-10-07 06:44:37,20500.0,3000.0,10172500.0
956,2021-10-07 06:44:37,20500.0,500.0,10169500.0
957,2021-10-07 06:44:37,20500.0,4000.0,10169000.0
958,2021-10-07 06:44:37,20500.0,300.0,10165000.0
959,2021-10-07 06:44:37,20500.0,600.0,10164700.0
960,2021-10-07 06:44:37,20500.0,1000.0,10164100.0
961,2021-10-07 06:44:37,20500.0,1000.0,10163100.0
962,2021-10-07 06:44:37,20500.0,100.0,10162100.0
963,2021-10-07 06:44:37,20500.0,5000.0,10162000.0
964,2021-10-07 06:44:37,20500.0,200.0,10157000.0
965,2021-10-07 06:44:37,20500.0,200.0,10156800.0
966,2021-10-07 06:44:37,20500.0,3000.0,10156600.0
967,2021-10-07 06:44:37,20500.0,200.0,10153600.0
968,2021-10-07 06:44:37,20500.0,500.0,10153400.0
969,2021-10-07 06:44:37,20500.0,1000.0,10152900.0
970,2021-10-07 06:44:37,20500.0,200.0,10151900.0
971,2021-10-07 06:44:37,20500.0,2000.0,10151700.0
972,2021-10-07 06:44:37,20500.0,1000.0,10149700.0
973,2021-10-07 06:44:37,20500.0,100.0,10148700.0
974,2021-10-07 06:44:37,20500.0,12000.0,10148600.0
975,2021-10-07 06:44:37,20500.0,100.0,10136600.0
976,2021-10-07 06:44:37,20500.0,500.0,10136500.0
977,2021-10-07 06:44:37,20500.0,500.0,10136000.0
978,2021-10-07 06:44:37,20500.0,400.0,10135500.0
979,2021-10-07 06:44:37,20500.0,500.0,10135100.0
980,2021-10-07 06:44:37,20500.0,1000.0,10134600.0
981,2021-10-07 06:44:37,20500.0,1000.0,10133600.0
982,2021-10-07 06:44:37,20500.0,200.0,10132600.0
983,2021-10-07 06:44:37,20500.0,1000.0,10132400.0
984,2021-10-07 06:44:37,20500.0,1000.0,10131400.0
985,2021-10-07 06:44:37,20500.0,200.0,10130400.0
986,2021-10-07 06:44:37,20500.0,200.0,10130200.0
987,2021-10-07 06:44:37,20500.0,100.0,10130000.0
988,2021-10-07 06:44:37,20500.0,100.0,10129900.0
989,2021-10-07 06:44:37,20500.0,100.0,10129800.0
990,2021-10-07 06:44:37,20500.0,1000.0,10129700.0
991,2021-10-07 06:44:37,20500.0,4700.0,10128700.0
992,2021-10-07 06:44:36,20500.0,1000.0,10124000.0
993,2021-10-07 06:44:26,20500.0,100.0,10123000.0
994,2021-10-07 06:44:26,20500.0,800.0,10122900.0
995,2021-10-07 06:44:25,20500.0,3400.0,10122100.0
996,2021-10-07 06:44:25,20500.0,1000.0,10118700.0
997,2021-10-07 06:44:25,20500.0,200.0,10117700.0
998,2021-10-07 06:44:24,20500.0,800.0,10117500.0
999,2021-10-07 06:44:24,20500.0,1000.0,10116700.0
1000,2021-10-07 06:44:24,20500.0,1100.0,10115700.0
1001,2021-10-07 06:44:24,20500.0,100.0,10114600.0
1002,2021-10-07 06:44:24,20500.0,400.0,10114500.0
1003,2021-10-07 06:44:24,20500.0,500.0,10114100.0
1004,2021-10-07 06:44:24,20500.0,300.0,10113600.0
1005,2021-10-07 06:44:24,20500.0,400.0,10113300.0
1006,2021-10-07 06:44:24,20500.0,500.0,10112900.0
1007,2021-10-07 06:44:24,20500.0,1000.0,10112400.0
1008,2021-10-07 06:44:24,20500.0,1000.0,10111400.0
1009,2021-10-07 06:44:24,20500.0,100.0,10110400.0
1010,2021-10-07 06:44:24,20500.0,1000.0,10110300.0
1011,2021-10-07 06:44:24,20500.0,300.0,10109300.0
1012,2021-10-07 06:44:24,20500.0,1000.0,10109000.0
1013,2021-10-07 06:44:24,20500.0,200.0,10108000.0
1014,2021-10-07 06:44:24,20500.0,13100.0,10107800.0
1015,2021-10-07 06:44:23,20500.0,1000.0,10094700.0
1016,2021-10-07 06:44:22,20500.0,1000.0,10093700.0
1017,2021-10-07 06:44:15,20500.0,2300.0,10092700.0
1018,2021-10-07 06:44:13,20500.0,500.0,10090400.0
1019,2021-10-07 06:44:11,20500.0,1000.0,10089900.0
1020,2021-10-07 06:44:09,20500.0,100.0,10088900.0
1021,2021-10-07 06:44:04,20500.0,1000.0,10088800.0
1022,2021-10-07 06:43:59,20450.0,500.0,10087800.0
1023,2021-10-07 06:43:58,20450.0,500.0,10087300.0
1024,2021-10-07 06:43:49,20500.0,1000.0,10086800.0
1025,2021-10-07 06:43:32,20500.0,3000.0,10085800.0
1026,2021-10-07 06:43:29,20500.0,900.0,10082800.0
1027,2021-10-07 06:43:24,20500.0,1900.0,10081900.0
1028,2021-10-07 06:43:23,20500.0,3500.0,10080000.0
1029,2021-10-07 06:43:22,20500.0,10000.0,10076500.0
1030,2021-10-07 06:43:15,20500.0,800.0,10066500.0
1031,2021-10-07 06:43:06,20500.0,100.0,10065700.0
1032,2021-10-07 06:43:04,20500.0,200.0,10065600.0
1033,2021-10-07 06:43:03,20500.0,1000.0,10065400.0
1034,2021-10-07 06:42:59,20500.0,2000.0,10064400.0
1035,2021-10-07 06:42:56,20500.0,100.0,10062400.0
1036,2021-10-07 06:42:54,20500.0,2200.0,10062300.0
1037,2021-10-07 06:42:46,20500.0,400.0,10060100.0
1038,2021-10-07 06:42:30,20500.0,2000.0,10059700.0
1039,2021-10-07 06:42:22,20500.0,900.0,10057700.0
1040,2021-10-07 06:42:22,20500.0,100.0,10056800.0
1041,2021-10-07 06:42:22,20500.0,800.0,10056700.0
1042,2021-10-07 06:42:04,20500.0,500.0,10055900.0
1043,2021-10-07 06:41:55,20500.0,2000.0,10055400.0
1044,2021-10-07 06:41:46,20500.0,100.0,10053400.0
1045,2021-10-07 06:41:44,20500.0,100.0,10053300.0
1046,2021-10-07 06:41:40,20500.0,300.0,10053200.0
1047,2021-10-07 06:41:28,20500.0,1800.0,10052900.0
1048,2021-10-07 06:41:22,20500.0,1400.0,10051100.0
1049,2021-10-07 06:41:22,20500.0,2000.0,10049700.0
1050,2021-10-07 06:41:22,20500.0,100.0,10047700.0
1051,2021-10-07 06:41:19,20450.0,1200.0,10047600.0
1052,2021-10-07 06:41:19,20450.0,800.0,10046400.0
1053,2021-10-07 06:41:16,20500.0,100.0,10045600.0
1054,2021-10-07 06:41:15,20500.0,400.0,10045500.0
1055,2021-10-07 06:41:14,20450.0,100.0,10045100.0
1056,2021-10-07 06:41:10,20500.0,900.0,10045000.0
1057,2021-10-07 06:41:10,20500.0,500.0,10044100.0
1058,2021-10-07 06:41:10,20500.0,600.0,10043600.0
1059,2021-10-07 06:41:06,20450.0,1000.0,10043000.0
1060,2021-10-07 06:40:56,20500.0,600.0,10042000.0
1061,2021-10-07 06:40:56,20450.0,500.0,10041400.0
1062,2021-10-07 06:40:55,20500.0,100.0,10040900.0
1063,2021-10-07 06:40:52,20450.0,200.0,10040800.0
1064,2021-10-07 06:40:50,20450.0,2400.0,10040600.0
1065,2021-10-07 06:40:50,20450.0,100.0,10038200.0
1066,2021-10-07 06:40:50,20450.0,100.0,10038100.0
1067,2021-10-07 06:40:50,20450.0,200.0,10038000.0
1068,2021-10-07 06:40:50,20450.0,500.0,10037800.0
1069,2021-10-07 06:40:50,20450.0,1000.0,10037300.0
1070,2021-10-07 06:40:50,20450.0,100.0,10036300.0
1071,2021-10-07 06:40:50,20450.0,700.0,10036200.0
1072,2021-10-07 06:40:50,20450.0,500.0,10035500.0
1073,2021-10-07 06:40:50,20450.0,1000.0,10035000.0
1074,2021-10-07 06:40:50,20450.0,100.0,10034000.0
1075,2021-10-07 06:40:50,20450.0,3300.0,10033900.0
1076,2021-10-07 06:40:50,20500.0,200.0,10030600.0
1077,2021-10-07 06:40:50,20500.0,800.0,10030400.0
1078,2021-10-07 06:40:45,20500.0,200.0,10029600.0
1079,2021-10-07 06:40:45,20500.0,100.0,10029400.0
1080,2021-10-07 06:40:43,20500.0,200.0,10029300.0
1081,2021-10-07 06:40:43,20500.0,200.0,10029100.0
1082,2021-10-07 06:40:43,20500.0,200.0,10028900.0
1083,2021-10-07 06:40:43,20500.0,1500.0,10028700.0
1084,2021-10-07 06:40:43,20500.0,200.0,10027200.0
1085,2021-10-07 06:40:43,20500.0,700.0,10027000.0
1086,2021-10-07 06:40:37,20500.0,9300.0,10026300.0
1087,2021-10-07 06:40:37,20500.0,100.0,10017000.0
1088,2021-10-07 06:40:37,20500.0,5900.0,10016900.0
1089,2021-10-07 06:40:37,20500.0,4700.0,10011000.0
1090,2021-10-07 06:40:26,20500.0,1000.0,10006300.0
1091,2021-10-07 06:40:10,20500.0,500.0,10005300.0
1092,2021-10-07 06:40:07,20500.0,1000.0,10004800.0
1093,2021-10-07 06:40:03,20500.0,300.0,10003800.0
1094,2021-10-07 06:39:46,20500.0,2600.0,10003500.0
1095,2021-10-07 06:39:46,20500.0,200.0,10000900.0
1096,2021-10-07 06:39:46,20500.0,1000.0,10000700.0
1097,2021-10-07 06:39:46,20500.0,100.0,9999700.0
1098,2021-10-07 06:39:46,20500.0,1100.0,9999600.0
1099,2021-10-07 06:39:45,20500.0,100.0,9998500.0
1100,2021-10-07 06:39:33,20450.0,1000.0,9998400.0
1101,2021-10-07 06:39:31,20450.0,1400.0,9997400.0
1102,2021-10-07 06:39:31,20450.0,200.0,9996000.0
1103,2021-10-07 06:39:31,20450.0,200.0,9995800.0
1104,2021-10-07 06:39:31,20450.0,900.0,9995600.0
1105,2021-10-07 06:39:31,20450.0,100.0,9994700.0
1106,2021-10-07 06:39:31,20450.0,100.0,9994600.0
1107,2021-10-07 06:39:23,20450.0,100.0,9994500.0
1108,2021-10-07 06:39:21,20450.0,600.0,9994400.0
1109,2021-10-07 06:39:06,20450.0,100.0,9993800.0
1110,2021-10-07 06:38:56,20500.0,800.0,9993700.0
1111,2021-10-07 06:38:55,20500.0,100.0,9992900.0
1112,2021-10-07 06:38:44,20500.0,100.0,9992800.0
1113,2021-10-07 06:38:44,20500.0,1000.0,9992700.0
1114,2021-10-07 06:38:44,20500.0,3000.0,9991700.0
1115,2021-10-07 06:38:44,20500.0,1500.0,9988700.0
1116,2021-10-07 06:38:44,20500.0,800.0,9987200.0
1117,2021-10-07 06:38:44,20500.0,1000.0,9986400.0
1118,2021-10-07 06:38:44,20500.0,1000.0,9985400.0
1119,2021-10-07 06:38:44,20500.0,3000.0,9984400.0
1120,2021-10-07 06:38:44,20500.0,4100.0,9981400.0
1121,2021-10-07 06:38:44,20500.0,4500.0,9977300.0
1122,2021-10-07 06:38:43,20450.0,500.0,9972800.0
1123,2021-10-07 06:38:41,20500.0,200.0,9972300.0
1124,2021-10-07 06:38:37,20450.0,500.0,9972100.0
1125,2021-10-07 06:38:34,20500.0,300.0,9971600.0
1126,2021-10-07 06:38:34,20500.0,1700.0,9971300.0
1127,2021-10-07 06:38:28,20500.0,100.0,9969600.0
1128,2021-10-07 06:38:13,20450.0,3100.0,9969500.0
1129,2021-10-07 06:38:13,20450.0,200.0,9966400.0
1130,2021-10-07 06:38:13,20450.0,200.0,9966200.0
1131,2021-10-07 06:38:13,20450.0,100.0,9966000.0
1132,2021-10-07 06:38:13,20450.0,400.0,9965900.0
1133,2021-10-07 06:38:10,20500.0,100.0,9965500.0
1134,2021-10-07 06:37:57,20450.0,2000.0,9965400.0
1135,2021-10-07 06:37:35,20500.0,1800.0,9963400.0
1136,2021-10-07 06:37:32,20500.0,4200.0,9961600.0
1137,2021-10-07 06:37:32,20500.0,200.0,9957400.0
1138,2021-10-07 06:37:32,20500.0,600.0,9957200.0
1139,2021-10-07 06:37:23,20450.0,500.0,9956600.0
1140,2021-10-07 06:37:22,20450.0,400.0,9956100.0
1141,2021-10-07 06:37:17,20500.0,2000.0,9955700.0
1142,2021-10-07 06:37:03,20500.0,5000.0,9953700.0
1143,2021-10-07 06:37:03,20500.0,200.0,9948700.0
1144,2021-10-07 06:37:00,20450.0,1000.0,9948500.0
1145,2021-10-07 06:36:55,20500.0,1800.0,9947500.0
1146,2021-10-07 06:36:51,20450.0,200.0,9945700.0
1147,2021-10-07 06:36:37,20450.0,3000.0,9945500.0
1148,2021-10-07 06:36:08,20500.0,400.0,9942500.0
1149,2021-10-07 06:36:08,20500.0,500.0,9942100.0
1150,2021-10-07 06:36:08,20500.0,100.0,9941600.0
1151,2021-10-07 06:36:08,20450.0,2500.0,9941500.0
1152,2021-10-07 06:36:08,20450.0,500.0,9939000.0
1153,2021-10-07 06:36:08,20450.0,2000.0,9938500.0
1154,2021-10-07 06:35:54,20500.0,200.0,9936500.0
1155,2021-10-07 06:35:49,20500.0,4000.0,9936300.0
1156,2021-10-07 06:35:40,20500.0,500.0,9932300.0
1157,2021-10-07 06:35:38,20500.0,1900.0,9931800.0
1158,2021-10-07 06:35:35,20500.0,200.0,9929900.0
1159,2021-10-07 06:35:30,20450.0,8000.0,9929700.0
1160,2021-10-07 06:35:30,20450.0,200.0,9921700.0
1161,2021-10-07 06:35:30,20450.0,1800.0,9921500.0
1162,2021-10-07 06:35:26,20500.0,4800.0,9919700.0
1163,2021-10-07 06:35:24,20450.0,600.0,9914900.0
1164,2021-10-07 06:35:24,20450.0,700.0,9914300.0
1165,2021-10-07 06:35:24,20450.0,200.0,9913600.0
1166,2021-10-07 06:35:24,20450.0,500.0,9913400.0
1167,2021-10-07 06:35:24,20450.0,1000.0,9912900.0
1168,2021-10-07 06:35:24,20450.0,2000.0,9911900.0
1169,2021-10-07 06:35:24,20450.0,500.0,9909900.0
1170,2021-10-07 06:35:24,20450.0,100.0,9909400.0
1171,2021-10-07 06:35:24,20450.0,200.0,9909300.0
1172,2021-10-07 06:35:24,20450.0,600.0,9909100.0
1173,2021-10-07 06:35:24,20450.0,500.0,9908500.0
1174,2021-10-07 06:35:24,20450.0,100.0,9908000.0
1175,2021-10-07 06:35:24,20450.0,200.0,9907900.0
1176,2021-10-07 06:35:24,20450.0,200.0,9907700.0
1177,2021-10-07 06:35:24,20450.0,7700.0,9907500.0
1178,2021-10-07 06:35:24,20450.0,600.0,9899800.0
1179,2021-10-07 06:35:24,20450.0,4200.0,9899200.0
1180,2021-10-07 06:35:24,20450.0,100.0,9895000.0
1181,2021-10-07 06:35:23,20500.0,100.0,9894900.0
1182,2021-10-07 06:35:22,20500.0,600.0,9894800.0
1183,2021-10-07 06:35:12,20500.0,2400.0,9894200.0
1184,2021-10-07 06:35:05,20500.0,500.0,9891800.0
1185,2021-10-07 06:35:04,20500.0,900.0,9891300.0
1186,2021-10-07 06:35:03,20500.0,1000.0,9890400.0
1187,2021-10-07 06:35:00,20500.0,200.0,9889400.0
1188,2021-10-07 06:34:58,20500.0,100.0,9889200.0
1189,2021-10-07 06:34:50,20500.0,3500.0,9889100.0
1190,2021-10-07 06:34:49,20450.0,500.0,9885600.0
1191,2021-10-07 06:34:41,20500.0,5800.0,9885100.0
1192,2021-10-07 06:34:41,20450.0,500.0,9879300.0
1193,2021-10-07 06:34:41,20450.0,300.0,9878800.0
1194,2021-10-07 06:34:41,20500.0,500.0,9878500.0
1195,2021-10-07 06:34:37,20500.0,500.0,9878000.0
1196,2021-10-07 06:34:35,20500.0,100.0,9877500.0
1197,2021-10-07 06:34:32,20500.0,900.0,9877400.0
1198,2021-10-07 06:34:25,20500.0,100.0,9876500.0
1199,2021-10-07 06:34:18,20450.0,4000.0,9876400.0
1200,2021-10-07 06:34:16,20500.0,700.0,9872400.0
1201,2021-10-07 06:34:15,20500.0,100.0,9871700.0
1202,2021-10-07 06:34:09,20500.0,600.0,9871600.0
1203,2021-10-07 06:34:00,20500.0,200.0,9871000.0
1204,2021-10-07 06:33:55,20500.0,500.0,9870800.0
1205,2021-10-07 06:33:52,20450.0,13000.0,9870300.0
1206,2021-10-07 06:33:52,20500.0,100.0,9857300.0
1207,2021-10-07 06:33:48,20500.0,1000.0,9857200.0
1208,2021-10-07 06:33:43,20500.0,5000.0,9856200.0
1209,2021-10-07 06:33:42,20500.0,1800.0,9851200.0
1210,2021-10-07 06:33:35,20500.0,900.0,9849400.0
1211,2021-10-07 06:33:34,20450.0,200.0,9848500.0
1212,2021-10-07 06:33:24,20450.0,2500.0,9848300.0
1213,2021-10-07 06:33:19,20450.0,5000.0,9845800.0
1214,2021-10-07 06:33:08,20450.0,25000.0,9840800.0
1215,2021-10-07 06:33:05,20450.0,1100.0,9815800.0
1216,2021-10-07 06:33:05,20450.0,1000.0,9814700.0
1217,2021-10-07 06:33:05,20450.0,100.0,9813700.0
1218,2021-10-07 06:33:05,20450.0,200.0,9813600.0
1219,2021-10-07 06:33:05,20450.0,500.0,9813400.0
1220,2021-10-07 06:33:05,20450.0,2600.0,9812900.0
1221,2021-10-07 06:33:05,20450.0,300.0,9810300.0
1222,2021-10-07 06:33:05,20450.0,1500.0,9810000.0
1223,2021-10-07 06:33:05,20450.0,200.0,9808500.0
1224,2021-10-07 06:33:05,20450.0,1000.0,9808300.0
1225,2021-10-07 06:33:05,20450.0,100.0,9807300.0
1226,2021-10-07 06:33:05,20450.0,200.0,9807200.0
1227,2021-10-07 06:33:05,20450.0,100.0,9807000.0
1228,2021-10-07 06:33:05,20450.0,200.0,9806900.0
1229,2021-10-07 06:33:05,20450.0,2000.0,9806700.0
1230,2021-10-07 06:33:05,20450.0,500.0,9804700.0
1231,2021-10-07 06:33:05,20450.0,3000.0,9804200.0
1232,2021-10-07 06:33:05,20450.0,700.0,9801200.0
1233,2021-10-07 06:33:05,20450.0,1000.0,9800500.0
1234,2021-10-07 06:33:05,20450.0,100.0,9799500.0
1235,2021-10-07 06:33:05,20450.0,100.0,9799400.0
1236,2021-10-07 06:33:05,20450.0,1200.0,9799300.0
1237,2021-10-07 06:33:05,20450.0,5600.0,9798100.0
1238,2021-10-07 06:33:05,20450.0,1700.0,9792500.0
1239,2021-10-07 06:33:04,20450.0,800.0,9790800.0
1240,2021-10-07 06:33:04,20450.0,300.0,9790000.0
1241,2021-10-07 06:33:04,20450.0,900.0,9789700.0
1242,2021-10-07 06:32:48,20450.0,300.0,9788800.0
1243,2021-10-07 06:32:43,20500.0,1000.0,9788500.0
1244,2021-10-07 06:32:31,20450.0,500.0,9787500.0
1245,2021-10-07 06:32:31,20450.0,200.0,9787000.0
1246,2021-10-07 06:32:31,20450.0,500.0,9786800.0
1247,2021-10-07 06:32:31,20450.0,200.0,9786300.0
1248,2021-10-07 06:32:31,20450.0,400.0,9786100.0
1249,2021-10-07 06:32:31,20450.0,8200.0,9785700.0
1250,2021-10-07 06:32:27,20450.0,300.0,9777500.0
1251,2021-10-07 06:32:06,20450.0,500.0,9777200.0
1252,2021-10-07 06:32:06,20450.0,500.0,9776700.0
1253,2021-10-07 06:31:59,20450.0,100.0,9776200.0
1254,2021-10-07 06:31:58,20450.0,1400.0,9776100.0
1255,2021-10-07 06:31:58,20450.0,1600.0,9774700.0
1256,2021-10-07 06:31:58,20450.0,700.0,9773100.0
1257,2021-10-07 06:31:58,20450.0,1000.0,9772400.0
1258,2021-10-07 06:31:58,20450.0,100.0,9771400.0
1259,2021-10-07 06:31:58,20450.0,1500.0,9771300.0
1260,2021-10-07 06:31:58,20450.0,1000.0,9769800.0
1261,2021-10-07 06:31:58,20450.0,500.0,9768800.0
1262,2021-10-07 06:31:58,20450.0,300.0,9768300.0
1263,2021-10-07 06:31:58,20450.0,500.0,9768000.0
1264,2021-10-07 06:31:58,20450.0,100.0,9767500.0
1265,2021-10-07 06:31:58,20450.0,2000.0,9767400.0
1266,2021-10-07 06:31:58,20450.0,500.0,9765400.0
1267,2021-10-07 06:31:58,20450.0,100.0,9764900.0
1268,2021-10-07 06:31:58,20450.0,100.0,9764800.0
1269,2021-10-07 06:31:57,20450.0,900.0,9764700.0
1270,2021-10-07 06:31:57,20450.0,100.0,9763800.0
1271,2021-10-07 06:31:54,20450.0,100.0,9763700.0
1272,2021-10-07 06:31:53,20450.0,100.0,9763600.0
1273,2021-10-07 06:31:50,20450.0,100.0,9763500.0
1274,2021-10-07 06:31:50,20450.0,100.0,9763400.0
1275,2021-10-07 06:31:50,20450.0,100.0,9763300.0
1276,2021-10-07 06:31:46,20450.0,1900.0,9763200.0
1277,2021-10-07 06:31:45,20450.0,500.0,9761300.0
1278,2021-10-07 06:31:45,20450.0,300.0,9760800.0
1279,2021-10-07 06:31:44,20450.0,400.0,9760500.0
1280,2021-10-07 06:31:43,20450.0,200.0,9760100.0
1281,2021-10-07 06:31:42,20450.0,1000.0,9759900.0
1282,2021-10-07 06:31:41,20450.0,600.0,9758900.0
1283,2021-10-07 06:31:41,20450.0,400.0,9758300.0
1284,2021-10-07 06:31:39,20450.0,600.0,9757900.0
1285,2021-10-07 06:31:39,20450.0,1000.0,9757300.0
1286,2021-10-07 06:31:39,20450.0,100.0,9756300.0
1287,2021-10-07 06:31:39,20450.0,7300.0,9756200.0
1288,2021-10-07 06:31:32,20450.0,2700.0,9748900.0
1289,2021-10-07 06:31:32,20450.0,2000.0,9746200.0
1290,2021-10-07 06:31:32,20450.0,300.0,9744200.0
1291,2021-10-07 06:31:32,20450.0,700.0,9743900.0
1292,2021-10-07 06:31:32,20450.0,500.0,9743200.0
1293,2021-10-07 06:31:32,20450.0,9000.0,9742700.0
1294,2021-10-07 06:31:32,20450.0,300.0,9733700.0
1295,2021-10-07 06:31:32,20450.0,800.0,9733400.0
1296,2021-10-07 06:31:32,20450.0,3700.0,9732600.0
1297,2021-10-07 06:31:26,20450.0,6300.0,9728900.0
1298,2021-10-07 06:31:26,20450.0,3400.0,9722600.0
1299,2021-10-07 06:31:26,20450.0,300.0,9719200.0
1300,2021-10-07 06:31:24,20450.0,100.0,9718900.0
1301,2021-10-07 06:31:24,20400.0,100.0,9718800.0
1302,2021-10-07 06:31:24,20400.0,100.0,9718700.0
1303,2021-10-07 06:31:24,20400.0,300.0,9718600.0
1304,2021-10-07 06:31:24,20400.0,1000.0,9718300.0
1305,2021-10-07 06:31:24,20400.0,1100.0,9717300.0
1306,2021-10-07 06:31:22,20400.0,900.0,9716200.0
1307,2021-10-07 06:31:22,20400.0,100.0,9715300.0
1308,2021-10-07 06:31:10,20450.0,500.0,9715200.0
1309,2021-10-07 06:31:05,20450.0,1000.0,9714700.0
1310,2021-10-07 06:30:55,20450.0,200.0,9713700.0
1311,2021-10-07 06:30:53,20450.0,2000.0,9713500.0
1312,2021-10-07 06:30:51,20450.0,200.0,9711500.0
1313,2021-10-07 06:30:46,20450.0,300.0,9711300.0
1314,2021-10-07 06:30:45,20450.0,100.0,9711000.0
1315,2021-10-07 06:30:37,20450.0,200.0,9710900.0
1316,2021-10-07 06:30:32,20450.0,100.0,9710700.0
1317,2021-10-07 06:30:32,20450.0,500.0,9710600.0
1318,2021-10-07 06:30:32,20450.0,200.0,9710100.0
1319,2021-10-07 06:30:32,20450.0,1300.0,9709900.0
1320,2021-10-07 06:30:25,20450.0,700.0,9708600.0
1321,2021-10-07 06:30:25,20450.0,1700.0,9707900.0
1322,2021-10-07 06:30:25,20450.0,200.0,9706200.0
1323,2021-10-07 06:30:19,20450.0,100.0,9706000.0
1324,2021-10-07 06:30:10,20450.0,100.0,9705900.0
1325,2021-10-07 06:30:09,20450.0,100.0,9705800.0
1326,2021-10-07 06:30:04,20400.0,500.0,9705700.0
1327,2021-10-07 06:29:52,20450.0,300.0,9705200.0
1328,2021-10-07 06:29:50,20450.0,5000.0,9704900.0
1329,2021-10-07 06:29:49,20450.0,1800.0,9699900.0
1330,2021-10-07 06:29:47,20450.0,100.0,9698100.0
1331,2021-10-07 06:29:42,20450.0,1000.0,9698000.0
1332,2021-10-07 06:29:39,20450.0,100.0,9697000.0
1333,2021-10-07 06:29:36,20450.0,2600.0,9696900.0
1334,2021-10-07 06:29:30,20450.0,1500.0,9694300.0
1335,2021-10-07 06:29:29,20450.0,500.0,9692800.0
1336,2021-10-07 06:29:26,20450.0,200.0,9692300.0
1337,2021-10-07 06:29:23,20450.0,200.0,9692100.0
1338,2021-10-07 06:29:17,20450.0,100.0,9691900.0
1339,2021-10-07 06:29:15,20450.0,100.0,9691800.0
1340,2021-10-07 06:29:10,20450.0,300.0,9691700.0
1341,2021-10-07 06:28:49,20450.0,100.0,9691400.0
1342,2021-10-07 06:28:44,20450.0,500.0,9691300.0
1343,2021-10-07 06:28:41,20450.0,400.0,9690800.0
1344,2021-10-07 06:28:40,20450.0,1000.0,9690400.0
1345,2021-10-07 06:28:36,20450.0,200.0,9689400.0
1346,2021-10-07 06:28:28,20450.0,1000.0,9689200.0
1347,2021-10-07 06:28:28,20450.0,300.0,9688200.0
1348,2021-10-07 06:28:16,20450.0,500.0,9687900.0
1349,2021-10-07 06:28:16,20450.0,1900.0,9687400.0
1350,2021-10-07 06:28:09,20450.0,1000.0,9685500.0
1351,2021-10-07 06:28:03,20450.0,1500.0,9684500.0
1352,2021-10-07 06:28:01,20400.0,400.0,9683000.0
1353,2021-10-07 06:27:56,20450.0,200.0,9682600.0
1354,2021-10-07 06:27:56,20450.0,400.0,9682400.0
1355,2021-10-07 06:27:48,20400.0,1100.0,9682000.0
1356,2021-10-07 06:27:48,20400.0,2000.0,9680900.0
1357,2021-10-07 06:27:48,20400.0,500.0,9678900.0
1358,2021-10-07 06:27:48,20400.0,14200.0,9678400.0
1359,2021-10-07 06:27:48,20450.0,2000.0,9664200.0
1360,2021-10-07 06:27:48,20450.0,200.0,9662200.0
1361,2021-10-07 06:27:46,20450.0,400.0,9662000.0
1362,2021-10-07 06:27:46,20450.0,1400.0,9661600.0
1363,2021-10-07 06:27:45,20450.0,100.0,9660200.0
1364,2021-10-07 06:27:42,20450.0,1000.0,9660100.0
1365,2021-10-07 06:27:41,20450.0,500.0,9659100.0
1366,2021-10-07 06:27:40,20450.0,100.0,9658600.0
1367,2021-10-07 06:27:38,20450.0,200.0,9658500.0
1368,2021-10-07 06:27:35,20450.0,700.0,9658300.0
1369,2021-10-07 06:27:35,20450.0,300.0,9657600.0
1370,2021-10-07 06:27:35,20450.0,100.0,9657300.0
1371,2021-10-07 06:27:34,20450.0,800.0,9657200.0
1372,2021-10-07 06:27:34,20450.0,200.0,9656400.0
1373,2021-10-07 06:27:33,20450.0,800.0,9656200.0
1374,2021-10-07 06:27:33,20450.0,300.0,9655400.0
1375,2021-10-07 06:27:30,20450.0,700.0,9655100.0
1376,2021-10-07 06:27:30,20450.0,3100.0,9654400.0
1377,2021-10-07 06:27:27,20450.0,500.0,9651300.0
1378,2021-10-07 06:27:26,20450.0,1000.0,9650800.0
1379,2021-10-07 06:27:23,20450.0,500.0,9649800.0
1380,2021-10-07 06:27:22,20450.0,500.0,9649300.0
1381,2021-10-07 06:27:19,20450.0,200.0,9648800.0
1382,2021-10-07 06:27:09,20450.0,300.0,9648600.0
1383,2021-10-07 06:27:07,20450.0,300.0,9648300.0
1384,2021-10-07 06:27:04,20450.0,3100.0,9648000.0
1385,2021-10-07 06:27:04,20450.0,1000.0,9644900.0
1386,2021-10-07 06:27:04,20450.0,10900.0,9643900.0
1387,2021-10-07 06:26:54,20450.0,1000.0,9633000.0
1388,2021-10-07 06:26:51,20450.0,500.0,9632000.0
1389,2021-10-07 06:26:45,20400.0,800.0,9631500.0
1390,2021-10-07 06:26:45,20400.0,300.0,9630700.0
1391,2021-10-07 06:26:45,20400.0,600.0,9630400.0
1392,2021-10-07 06:26:45,20400.0,5000.0,9629800.0
1393,2021-10-07 06:26:45,20400.0,500.0,9624800.0
1394,2021-10-07 06:26:45,20400.0,200.0,9624300.0
1395,2021-10-07 06:26:45,20400.0,3000.0,9624100.0
1396,2021-10-07 06:26:45,20400.0,500.0,9621100.0
1397,2021-10-07 06:26:45,20400.0,500.0,9620600.0
1398,2021-10-07 06:26:45,20400.0,1000.0,9620100.0
1399,2021-10-07 06:26:45,20400.0,500.0,9619100.0
1400,2021-10-07 06:26:45,20400.0,100.0,9618600.0
1401,2021-10-07 06:26:45,20400.0,200.0,9618500.0
1402,2021-10-07 06:26:45,20400.0,400.0,9618300.0
1403,2021-10-07 06:26:45,20400.0,1000.0,9617900.0
1404,2021-10-07 06:26:45,20400.0,200.0,9616900.0
1405,2021-10-07 06:26:39,20450.0,100.0,9616700.0
1406,2021-10-07 06:26:33,20450.0,500.0,9616600.0
1407,2021-10-07 06:26:24,20450.0,100.0,9616100.0
1408,2021-10-07 06:26:24,20450.0,100.0,9616000.0
1409,2021-10-07 06:26:24,20450.0,1000.0,9615900.0
1410,2021-10-07 06:26:24,20450.0,100.0,9614900.0
1411,2021-10-07 06:26:24,20450.0,300.0,9614800.0
1412,2021-10-07 06:26:24,20450.0,100.0,9614500.0
1413,2021-10-07 06:26:24,20450.0,500.0,9614400.0
1414,2021-10-07 06:26:24,20450.0,1800.0,9613900.0
1415,2021-10-07 06:26:24,20450.0,800.0,9612100.0
1416,2021-10-07 06:26:20,20450.0,200.0,9611300.0
1417,2021-10-07 06:26:20,20450.0,1400.0,9611100.0
1418,2021-10-07 06:26:20,20450.0,1000.0,9609700.0
1419,2021-10-07 06:26:20,20450.0,300.0,9608700.0
1420,2021-10-07 06:26:20,20450.0,200.0,9608400.0
1421,2021-10-07 06:26:20,20450.0,500.0,9608200.0
1422,2021-10-07 06:26:20,20450.0,1000.0,9607700.0
1423,2021-10-07 06:26:20,20450.0,1900.0,9606700.0
1424,2021-10-07 06:26:20,20450.0,100.0,9604800.0
1425,2021-10-07 06:26:20,20450.0,1300.0,9604700.0
1426,2021-10-07 06:26:20,20450.0,1000.0,9603400.0
1427,2021-10-07 06:26:20,20450.0,900.0,9602400.0
1428,2021-10-07 06:26:20,20450.0,1000.0,9601500.0
1429,2021-10-07 06:26:20,20450.0,100.0,9600500.0
1430,2021-10-07 06:26:20,20450.0,200.0,9600400.0
1431,2021-10-07 06:26:20,20450.0,500.0,9600200.0
1432,2021-10-07 06:26:20,20450.0,100.0,9599700.0
1433,2021-10-07 06:26:20,20450.0,1000.0,9599600.0
1434,2021-10-07 06:26:20,20450.0,300.0,9598600.0
1435,2021-10-07 06:26:20,20450.0,100.0,9598300.0
1436,2021-10-07 06:26:20,20450.0,200.0,9598200.0
1437,2021-10-07 06:26:20,20450.0,200.0,9598000.0
1438,2021-10-07 06:26:20,20450.0,100.0,9597800.0
1439,2021-10-07 06:26:20,20450.0,1000.0,9597700.0
1440,2021-10-07 06:26:20,20450.0,100.0,9596700.0
1441,2021-10-07 06:26:20,20450.0,200.0,9596600.0
1442,2021-10-07 06:26:20,20450.0,300.0,9596400.0
1443,2021-10-07 06:26:20,20450.0,1000.0,9596100.0
1444,2021-10-07 06:26:20,20450.0,200.0,9595100.0
1445,2021-10-07 06:26:20,20450.0,1000.0,9594900.0
1446,2021-10-07 06:26:20,20450.0,5900.0,9593900.0
1447,2021-10-07 06:26:20,20450.0,1300.0,9588000.0
1448,2021-10-07 06:26:20,20450.0,400.0,9586700.0
1449,2021-10-07 06:26:20,20450.0,3000.0,9586300.0
1450,2021-10-07 06:26:16,20450.0,10400.0,9583300.0
1451,2021-10-07 06:26:16,20450.0,100.0,9572900.0
1452,2021-10-07 06:26:16,20450.0,100.0,9572800.0
1453,2021-10-07 06:26:16,20450.0,1000.0,9572700.0
1454,2021-10-07 06:26:16,20450.0,300.0,9571700.0
1455,2021-10-07 06:26:16,20450.0,10000.0,9571400.0
1456,2021-10-07 06:26:16,20450.0,400.0,9561400.0
1457,2021-10-07 06:26:16,20450.0,5000.0,9561000.0
1458,2021-10-07 06:26:16,20450.0,2000.0,9556000.0
1459,2021-10-07 06:26:16,20450.0,500.0,9554000.0
1460,2021-10-07 06:26:16,20450.0,100.0,9553500.0
1461,2021-10-07 06:26:16,20450.0,100.0,9553400.0
1462,2021-10-07 06:26:09,20450.0,500.0,9553300.0
1463,2021-10-07 06:26:01,20450.0,100.0,9552800.0
1464,2021-10-07 06:25:59,20450.0,2000.0,9552700.0
1465,2021-10-07 06:25:50,20450.0,1900.0,9550700.0
1466,2021-10-07 06:25:50,20450.0,100.0,9548800.0
1467,2021-10-07 06:25:48,20500.0,2700.0,9548700.0
1468,2021-10-07 06:25:48,20500.0,300.0,9546000.0
1469,2021-10-07 06:25:47,20450.0,100.0,9545700.0
1470,2021-10-07 06:25:47,20450.0,3200.0,9545600.0
1471,2021-10-07 06:25:47,20450.0,100.0,9542400.0
1472,2021-10-07 06:25:47,20450.0,1000.0,9542300.0
1473,2021-10-07 06:25:47,20450.0,300.0,9541300.0
1474,2021-10-07 06:25:47,20450.0,100.0,9541000.0
1475,2021-10-07 06:25:47,20450.0,200.0,9540900.0
1476,2021-10-07 06:25:47,20500.0,200.0,9540700.0
1477,2021-10-07 06:25:46,20450.0,1800.0,9540500.0
1478,2021-10-07 06:25:46,20450.0,400.0,9538700.0
1479,2021-10-07 06:25:46,20450.0,500.0,9538300.0
1480,2021-10-07 06:25:46,20450.0,300.0,9537800.0
1481,2021-10-07 06:25:45,20500.0,100.0,9537500.0
1482,2021-10-07 06:25:45,20500.0,4400.0,9537400.0
1483,2021-10-07 06:25:45,20500.0,600.0,9533000.0
1484,2021-10-07 06:25:37,20450.0,1000.0,9532400.0
1485,2021-10-07 06:25:37,20450.0,1000.0,9531400.0
1486,2021-10-07 06:25:37,20450.0,200.0,9530400.0
1487,2021-10-07 06:25:37,20450.0,500.0,9530200.0
1488,2021-10-07 06:25:37,20450.0,200.0,9529700.0
1489,2021-10-07 06:25:37,20450.0,7100.0,9529500.0
1490,2021-10-07 06:25:35,20450.0,100.0,9522400.0
1491,2021-10-07 06:25:34,20450.0,10800.0,9522300.0
1492,2021-10-07 06:25:34,20450.0,2000.0,9511500.0
1493,2021-10-07 06:25:34,20450.0,1000.0,9509500.0
1494,2021-10-07 06:25:34,20450.0,1800.0,9508500.0
1495,2021-10-07 06:25:34,20450.0,500.0,9506700.0
1496,2021-10-07 06:25:34,20450.0,200.0,9506200.0
1497,2021-10-07 06:25:34,20450.0,200.0,9506000.0
1498,2021-10-07 06:25:34,20450.0,500.0,9505800.0
1499,2021-10-07 06:25:34,20450.0,100.0,9505300.0
1500,2021-10-07 06:25:34,20450.0,100.0,9505200.0
1501,2021-10-07 06:25:34,20450.0,200.0,9505100.0
1502,2021-10-07 06:25:34,20450.0,100.0,9504900.0
1503,2021-10-07 06:25:34,20450.0,900.0,9504800.0
1504,2021-10-07 06:25:34,20450.0,500.0,9503900.0
1505,2021-10-07 06:25:34,20450.0,500.0,9503400.0
1506,2021-10-07 06:25:34,20450.0,100.0,9502900.0
1507,2021-10-07 06:25:34,20450.0,1000.0,9502800.0
1508,2021-10-07 06:25:34,20450.0,800.0,9501800.0
1509,2021-10-07 06:25:34,20450.0,1000.0,9501000.0
1510,2021-10-07 06:25:34,20450.0,500.0,9500000.0
1511,2021-10-07 06:25:34,20450.0,1000.0,9499500.0
1512,2021-10-07 06:25:34,20450.0,100.0,9498500.0
1513,2021-10-07 06:25:34,20450.0,100.0,9498400.0
1514,2021-10-07 06:25:34,20450.0,1000.0,9498300.0
1515,2021-10-07 06:25:34,20450.0,1000.0,9497300.0
1516,2021-10-07 06:25:34,20450.0,1000.0,9496300.0
1517,2021-10-07 06:25:33,20500.0,700.0,9495300.0
1518,2021-10-07 06:25:31,20500.0,400.0,9494600.0
1519,2021-10-07 06:25:30,20500.0,1000.0,9494200.0
1520,2021-10-07 06:25:27,20500.0,1000.0,9493200.0
1521,2021-10-07 06:25:25,20500.0,900.0,9492200.0
1522,2021-10-07 06:25:24,20500.0,100.0,9491300.0
1523,2021-10-07 06:25:04,20500.0,300.0,9491200.0
1524,2021-10-07 06:25:04,20500.0,600.0,9490900.0
1525,2021-10-07 06:25:04,20500.0,100.0,9490300.0
1526,2021-10-07 06:24:49,20500.0,100.0,9490200.0
1527,2021-10-07 06:24:33,20500.0,200.0,9490100.0
1528,2021-10-07 06:24:33,20500.0,300.0,9489900.0
1529,2021-10-07 06:24:27,20450.0,500.0,9489600.0
1530,2021-10-07 06:24:27,20450.0,300.0,9489100.0
1531,2021-10-07 06:24:27,20450.0,1000.0,9488800.0
1532,2021-10-07 06:24:27,20450.0,500.0,9487800.0
1533,2021-10-07 06:24:27,20450.0,1000.0,9487300.0
1534,2021-10-07 06:24:27,20450.0,500.0,9486300.0
1535,2021-10-07 06:24:27,20450.0,1000.0,9485800.0
1536,2021-10-07 06:24:27,20450.0,200.0,9484800.0
1537,2021-10-07 06:24:19,20450.0,500.0,9484600.0
1538,2021-10-07 06:24:11,20500.0,300.0,9484100.0
1539,2021-10-07 06:24:01,20500.0,1000.0,9483800.0
1540,2021-10-07 06:23:58,20450.0,300.0,9482800.0
1541,2021-10-07 06:23:58,20450.0,400.0,9482500.0
1542,2021-10-07 06:23:53,20500.0,1000.0,9482100.0
1543,2021-10-07 06:23:43,20500.0,400.0,9481100.0
1544,2021-10-07 06:23:43,20500.0,500.0,9480700.0
1545,2021-10-07 06:23:43,20500.0,300.0,9480200.0
1546,2021-10-07 06:23:36,20500.0,100.0,9479900.0
1547,2021-10-07 06:23:36,20500.0,200.0,9479800.0
1548,2021-10-07 06:23:25,20500.0,1700.0,9479600.0
1549,2021-10-07 06:23:25,20500.0,700.0,9477900.0
1550,2021-10-07 06:23:25,20500.0,300.0,9477200.0
1551,2021-10-07 06:23:07,20500.0,1200.0,9476900.0
1552,2021-10-07 06:23:07,20500.0,200.0,9475700.0
1553,2021-10-07 06:23:07,20500.0,200.0,9475500.0
1554,2021-10-07 06:23:07,20500.0,2000.0,9475300.0
1555,2021-10-07 06:23:07,20500.0,1300.0,9473300.0
1556,2021-10-07 06:23:07,20500.0,100.0,9472000.0
1557,2021-10-07 06:23:06,20500.0,300.0,9471900.0
1558,2021-10-07 06:23:03,20500.0,600.0,9471600.0
1559,2021-10-07 06:23:03,20500.0,1900.0,9471000.0
1560,2021-10-07 06:23:03,20500.0,500.0,9469100.0
1561,2021-10-07 06:22:57,20500.0,500.0,9468600.0
1562,2021-10-07 06:22:57,20500.0,500.0,9468100.0
1563,2021-10-07 06:22:57,20500.0,500.0,9467600.0
1564,2021-10-07 06:22:57,20500.0,100.0,9467100.0
1565,2021-10-07 06:22:57,20500.0,300.0,9467000.0
1566,2021-10-07 06:22:57,20500.0,100.0,9466700.0
1567,2021-10-07 06:22:56,20500.0,300.0,9466600.0
1568,2021-10-07 06:22:55,20500.0,400.0,9466300.0
1569,2021-10-07 06:22:52,20500.0,200.0,9465900.0
1570,2021-10-07 06:22:50,20500.0,1000.0,9465700.0
1571,2021-10-07 06:22:47,20500.0,100.0,9464700.0
1572,2021-10-07 06:22:46,20500.0,100.0,9464600.0
1573,2021-10-07 06:22:28,20500.0,1000.0,9464500.0
1574,2021-10-07 06:22:25,20500.0,1000.0,9463500.0
1575,2021-10-07 06:22:22,20500.0,800.0,9462500.0
1576,2021-10-07 06:22:22,20500.0,1000.0,9461700.0
1577,2021-10-07 06:22:22,20500.0,100.0,9460700.0
1578,2021-10-07 06:22:22,20500.0,100.0,9460600.0
1579,2021-10-07 06:22:11,20500.0,200.0,9460500.0
1580,2021-10-07 06:22:08,20500.0,1000.0,9460300.0
1581,2021-10-07 06:22:04,20500.0,1800.0,9459300.0
1582,2021-10-07 06:21:52,20500.0,500.0,9457500.0
1583,2021-10-07 06:21:50,20500.0,100.0,9457000.0
1584,2021-10-07 06:21:48,20500.0,1300.0,9456900.0
1585,2021-10-07 06:21:48,20500.0,1000.0,9455600.0
1586,2021-10-07 06:21:48,20500.0,500.0,9454600.0
1587,2021-10-07 06:21:48,20500.0,1500.0,9454100.0
1588,2021-10-07 06:21:48,20500.0,5700.0,9452600.0
1589,2021-10-07 06:21:46,20500.0,1000.0,9446900.0
1590,2021-10-07 06:21:42,20500.0,400.0,9445900.0
1591,2021-10-07 06:21:33,20500.0,1000.0,9445500.0
1592,2021-10-07 06:21:31,20500.0,200.0,9444500.0
1593,2021-10-07 06:21:31,20500.0,2000.0,9444300.0
1594,2021-10-07 06:21:30,20500.0,300.0,9442300.0
1595,2021-10-07 06:21:28,20500.0,2000.0,9442000.0
1596,2021-10-07 06:21:26,20450.0,100.0,9440000.0
1597,2021-10-07 06:21:25,20500.0,200.0,9439900.0
1598,2021-10-07 06:21:20,20500.0,400.0,9439700.0
1599,2021-10-07 06:21:11,20500.0,800.0,9439300.0
1600,2021-10-07 06:21:11,20500.0,1000.0,9438500.0
1601,2021-10-07 06:21:10,20500.0,1000.0,9437500.0
1602,2021-10-07 06:21:01,20500.0,100.0,9436500.0
1603,2021-10-07 06:20:59,20500.0,100.0,9436400.0
1604,2021-10-07 06:20:58,20500.0,900.0,9436300.0
1605,2021-10-07 06:20:43,20500.0,900.0,9435400.0
1606,2021-10-07 06:20:43,20500.0,500.0,9434500.0
1607,2021-10-07 06:20:43,20500.0,1000.0,9434000.0
1608,2021-10-07 06:20:22,20500.0,200.0,9433000.0
1609,2021-10-07 06:20:18,20500.0,100.0,9432800.0
1610,2021-10-07 06:20:16,20500.0,2000.0,9432700.0
1611,2021-10-07 06:20:15,20500.0,2000.0,9430700.0
1612,2021-10-07 06:20:12,20450.0,100.0,9428700.0
1613,2021-10-07 06:20:11,20500.0,400.0,9428600.0
1614,2021-10-07 06:20:07,20500.0,1900.0,9428200.0
1615,2021-10-07 06:20:07,20500.0,500.0,9426300.0
1616,2021-10-07 06:20:02,20500.0,100.0,9425800.0
1617,2021-10-07 06:19:56,20500.0,100.0,9425700.0
1618,2021-10-07 06:19:53,20500.0,600.0,9425600.0
1619,2021-10-07 06:19:41,20500.0,2000.0,9425000.0
1620,2021-10-07 06:19:39,20500.0,100.0,9423000.0
1621,2021-10-07 06:19:35,20450.0,100.0,9422900.0
1622,2021-10-07 06:19:32,20500.0,5800.0,9422800.0
1623,2021-10-07 06:19:27,20500.0,100.0,9417000.0
1624,2021-10-07 06:19:21,20500.0,100.0,9416900.0
1625,2021-10-07 06:19:12,20450.0,500.0,9416800.0
1626,2021-10-07 06:18:53,20450.0,1000.0,9416300.0
1627,2021-10-07 06:18:48,20500.0,300.0,9415300.0
1628,2021-10-07 06:18:39,20450.0,2300.0,9415000.0
1629,2021-10-07 06:18:39,20450.0,1000.0,9412700.0
1630,2021-10-07 06:18:39,20450.0,100.0,9411700.0
1631,2021-10-07 06:18:39,20450.0,600.0,9411600.0
1632,2021-10-07 06:18:19,20450.0,400.0,9411000.0
1633,2021-10-07 06:18:19,20450.0,3100.0,9410600.0
1634,2021-10-07 06:18:13,20500.0,1200.0,9407500.0
1635,2021-10-07 06:18:11,20500.0,1800.0,9406300.0
1636,2021-10-07 06:18:08,20500.0,2400.0,9404500.0
1637,2021-10-07 06:17:59,20500.0,3000.0,9402100.0
1638,2021-10-07 06:17:59,20500.0,2200.0,9399100.0
1639,2021-10-07 06:17:59,20500.0,300.0,9396900.0
1640,2021-10-07 06:17:59,20500.0,3000.0,9396600.0
1641,2021-10-07 06:17:59,20500.0,300.0,9393600.0
1642,2021-10-07 06:17:57,20500.0,100.0,9393300.0
1643,2021-10-07 06:17:57,20500.0,100.0,9393200.0
1644,2021-10-07 06:17:57,20500.0,1800.0,9393100.0
1645,2021-10-07 06:17:50,20500.0,1200.0,9391300.0
1646,2021-10-07 06:17:50,20500.0,8800.0,9390100.0
1647,2021-10-07 06:17:48,20500.0,2200.0,9381300.0
1648,2021-10-07 06:17:48,20500.0,200.0,9379100.0
1649,2021-10-07 06:17:48,20500.0,2000.0,9378900.0
1650,2021-10-07 06:17:48,20500.0,200.0,9376900.0
1651,2021-10-07 06:17:48,20500.0,500.0,9376700.0
1652,2021-10-07 06:17:48,20500.0,1000.0,9376200.0
1653,2021-10-07 06:17:48,20500.0,3900.0,9375200.0
1654,2021-10-07 06:17:42,20500.0,600.0,9371300.0
1655,2021-10-07 06:17:39,20500.0,1000.0,9370700.0
1656,2021-10-07 06:17:37,20500.0,1000.0,9369700.0
1657,2021-10-07 06:17:32,20500.0,800.0,9368700.0
1658,2021-10-07 06:17:30,20500.0,1000.0,9367900.0
1659,2021-10-07 06:17:25,20500.0,3700.0,9366900.0
1660,2021-10-07 06:17:25,20500.0,1300.0,9363200.0
1661,2021-10-07 06:17:15,20500.0,500.0,9361900.0
1662,2021-10-07 06:17:10,20500.0,200.0,9361400.0
1663,2021-10-07 06:17:10,20500.0,4800.0,9361200.0
1664,2021-10-07 06:17:03,20500.0,10000.0,9356400.0
1665,2021-10-07 06:17:03,20500.0,700.0,9346400.0
1666,2021-10-07 06:17:03,20500.0,700.0,9345700.0
1667,2021-10-07 06:17:03,20500.0,1400.0,9345000.0
1668,2021-10-07 06:17:03,20500.0,1900.0,9343600.0
1669,2021-10-07 06:17:03,20500.0,2000.0,9341700.0
1670,2021-10-07 06:17:03,20500.0,5000.0,9339700.0
1671,2021-10-07 06:17:03,20500.0,1000.0,9334700.0
1672,2021-10-07 06:17:03,20500.0,100.0,9333700.0
1673,2021-10-07 06:17:03,20500.0,200.0,9333600.0
1674,2021-10-07 06:17:03,20500.0,100.0,9333400.0
1675,2021-10-07 06:17:03,20500.0,1000.0,9333300.0
1676,2021-10-07 06:17:03,20500.0,100.0,9332300.0
1677,2021-10-07 06:17:03,20500.0,3000.0,9332200.0
1678,2021-10-07 06:17:03,20500.0,4800.0,9329200.0
1679,2021-10-07 06:17:03,20500.0,100.0,9324400.0
1680,2021-10-07 06:17:03,20500.0,2000.0,9324300.0
1681,2021-10-07 06:17:03,20500.0,200.0,9322300.0
1682,2021-10-07 06:17:03,20500.0,500.0,9322100.0
1683,2021-10-07 06:17:03,20500.0,1600.0,9321600.0
1684,2021-10-07 06:17:03,20500.0,200.0,9320000.0
1685,2021-10-07 06:17:03,20500.0,100.0,9319800.0
1686,2021-10-07 06:17:03,20500.0,2000.0,9319700.0
1687,2021-10-07 06:17:03,20500.0,100.0,9317700.0
1688,2021-10-07 06:17:03,20500.0,3300.0,9317600.0
1689,2021-10-07 06:17:03,20500.0,1000.0,9314300.0
1690,2021-10-07 06:17:03,20500.0,5000.0,9313300.0
1691,2021-10-07 06:17:03,20500.0,1000.0,9308300.0
1692,2021-10-07 06:17:03,20500.0,900.0,9307300.0
1693,2021-10-07 06:16:58,20500.0,100.0,9306400.0
1694,2021-10-07 06:16:58,20500.0,200.0,9306300.0
1695,2021-10-07 06:16:58,20500.0,500.0,9306100.0
1696,2021-10-07 06:16:58,20500.0,100.0,9305600.0
1697,2021-10-07 06:16:58,20500.0,1700.0,9305500.0
1698,2021-10-07 06:16:58,20500.0,700.0,9303800.0
1699,2021-10-07 06:16:58,20500.0,500.0,9303100.0
1700,2021-10-07 06:16:58,20500.0,1600.0,9302600.0
1701,2021-10-07 06:16:58,20500.0,100.0,9301000.0
1702,2021-10-07 06:16:58,20500.0,1500.0,9300900.0
1703,2021-10-07 06:16:58,20500.0,1000.0,9299400.0
1704,2021-10-07 06:16:58,20500.0,1500.0,9298400.0
1705,2021-10-07 06:16:58,20500.0,200.0,9296900.0
1706,2021-10-07 06:16:58,20500.0,200.0,9296700.0
1707,2021-10-07 06:16:58,20500.0,1000.0,9296500.0
1708,2021-10-07 06:16:58,20500.0,1000.0,9295500.0
1709,2021-10-07 06:16:58,20500.0,1100.0,9294500.0
1710,2021-10-07 06:16:58,20500.0,300.0,9293400.0
1711,2021-10-07 06:16:58,20500.0,7600.0,9293100.0
1712,2021-10-07 06:16:35,20500.0,500.0,9285500.0
1713,2021-10-07 06:16:32,20500.0,900.0,9285000.0
1714,2021-10-07 06:16:32,20500.0,100.0,9284100.0
1715,2021-10-07 06:16:32,20500.0,1000.0,9284000.0
1716,2021-10-07 06:16:32,20500.0,1000.0,9283000.0
1717,2021-10-07 06:16:01,20500.0,4000.0,9282000.0
1718,2021-10-07 06:16:01,20500.0,1000.0,9278000.0
1719,2021-10-07 06:16:01,20500.0,1200.0,9277000.0
1720,2021-10-07 06:16:01,20500.0,1000.0,9275800.0
1721,2021-10-07 06:16:01,20500.0,2800.0,9274800.0
1722,2021-10-07 06:15:53,20500.0,100.0,9272000.0
1723,2021-10-07 06:15:48,20500.0,500.0,9271900.0
1724,2021-10-07 06:15:29,20500.0,800.0,9271400.0
1725,2021-10-07 06:15:28,20500.0,1400.0,9270600.0
1726,2021-10-07 06:15:19,20500.0,200.0,9269200.0
1727,2021-10-07 06:15:08,20500.0,1000.0,9269000.0
1728,2021-10-07 06:15:07,20500.0,500.0,9268000.0
1729,2021-10-07 06:15:04,20500.0,200.0,9267500.0
1730,2021-10-07 06:14:51,20500.0,500.0,9267300.0
1731,2021-10-07 06:14:49,20500.0,1500.0,9266800.0
1732,2021-10-07 06:14:28,20500.0,400.0,9265300.0
1733,2021-10-07 06:14:26,20500.0,1900.0,9264900.0
1734,2021-10-07 06:14:25,20500.0,200.0,9263000.0
1735,2021-10-07 06:14:19,20500.0,200.0,9262800.0
1736,2021-10-07 06:14:11,20500.0,1000.0,9262600.0
1737,2021-10-07 06:14:06,20500.0,100.0,9261600.0
1738,2021-10-07 06:14:03,20500.0,1000.0,9261500.0
1739,2021-10-07 06:13:57,20500.0,2000.0,9260500.0
1740,2021-10-07 06:13:56,20500.0,8500.0,9258500.0
1741,2021-10-07 06:13:55,20500.0,2000.0,9250000.0
1742,2021-10-07 06:13:53,20500.0,2000.0,9248000.0
1743,2021-10-07 06:13:53,20500.0,600.0,9246000.0
1744,2021-10-07 06:13:52,20500.0,4000.0,9245400.0
1745,2021-10-07 06:13:46,20500.0,200.0,9241400.0
1746,2021-10-07 06:13:36,20500.0,2000.0,9241200.0
1747,2021-10-07 06:13:34,20500.0,500.0,9239200.0
1748,2021-10-07 06:13:31,20500.0,1500.0,9238700.0
1749,2021-10-07 06:13:31,20500.0,10000.0,9237200.0
1750,2021-10-07 06:13:12,20500.0,2000.0,9227200.0
1751,2021-10-07 06:13:08,20500.0,400.0,9225200.0
1752,2021-10-07 06:13:08,20500.0,100.0,9224800.0
1753,2021-10-07 06:13:05,20500.0,100.0,9224700.0
1754,2021-10-07 06:12:59,20500.0,500.0,9224600.0
1755,2021-10-07 06:12:55,20500.0,300.0,9224100.0
1756,2021-10-07 06:12:51,20500.0,900.0,9223800.0
1757,2021-10-07 06:12:51,20500.0,1000.0,9222900.0
1758,2021-10-07 06:12:51,20500.0,200.0,9221900.0
1759,2021-10-07 06:12:51,20500.0,500.0,9221700.0
1760,2021-10-07 06:12:51,20500.0,100.0,9221200.0
1761,2021-10-07 06:12:51,20500.0,1000.0,9221100.0
1762,2021-10-07 06:12:51,20500.0,1300.0,9220100.0
1763,2021-10-07 06:12:49,20500.0,500.0,9218800.0
1764,2021-10-07 06:12:32,20500.0,2000.0,9218300.0
1765,2021-10-07 06:12:25,20500.0,200.0,9216300.0
1766,2021-10-07 06:12:04,20500.0,2000.0,9216100.0
1767,2021-10-07 06:12:01,20500.0,100.0,9214100.0
1768,2021-10-07 06:12:01,20500.0,2000.0,9214000.0
1769,2021-10-07 06:12:01,20500.0,2500.0,9212000.0
1770,2021-10-07 06:11:41,20500.0,2300.0,9209500.0
1771,2021-10-07 06:11:41,20500.0,500.0,9207200.0
1772,2021-10-07 06:11:41,20500.0,200.0,9206700.0
1773,2021-10-07 06:11:38,20500.0,1000.0,9206500.0
1774,2021-10-07 06:11:25,20500.0,200.0,9205500.0
1775,2021-10-07 06:11:25,20500.0,600.0,9205300.0
1776,2021-10-07 06:11:24,20500.0,200.0,9204700.0
1777,2021-10-07 06:11:22,20500.0,200.0,9204500.0
1778,2021-10-07 06:11:16,20500.0,100.0,9204300.0
1779,2021-10-07 06:11:13,20500.0,1900.0,9204200.0
1780,2021-10-07 06:11:13,20500.0,1000.0,9202300.0
1781,2021-10-07 06:11:13,20500.0,100.0,9201300.0
1782,2021-10-07 06:11:07,20500.0,2000.0,9201200.0
1783,2021-10-07 06:11:07,20500.0,1000.0,9199200.0
1784,2021-10-07 06:11:07,20500.0,200.0,9198200.0
1785,2021-10-07 06:11:07,20500.0,1000.0,9198000.0
1786,2021-10-07 06:11:07,20500.0,100.0,9197000.0
1787,2021-10-07 06:11:07,20500.0,600.0,9196900.0
1788,2021-10-07 06:10:59,20500.0,1400.0,9196300.0
1789,2021-10-07 06:10:59,20500.0,600.0,9194900.0
1790,2021-10-07 06:10:59,20500.0,1200.0,9194300.0
1791,2021-10-07 06:10:59,20500.0,600.0,9193100.0
1792,2021-10-07 06:10:53,20500.0,2000.0,9192500.0
1793,2021-10-07 06:10:50,20500.0,100.0,9190500.0
1794,2021-10-07 06:10:45,20500.0,1300.0,9190400.0
1795,2021-10-07 06:10:45,20500.0,2000.0,9189100.0
1796,2021-10-07 06:10:45,20500.0,800.0,9187100.0
1797,2021-10-07 06:10:45,20500.0,2000.0,9186300.0
1798,2021-10-07 06:10:45,20500.0,200.0,9184300.0
1799,2021-10-07 06:10:45,20500.0,300.0,9184100.0
1800,2021-10-07 06:10:45,20500.0,1000.0,9183800.0
1801,2021-10-07 06:10:45,20500.0,300.0,9182800.0
1802,2021-10-07 06:10:45,20500.0,500.0,9182500.0
1803,2021-10-07 06:10:45,20500.0,1600.0,9182000.0
1804,2021-10-07 06:10:44,20500.0,3400.0,9180400.0
1805,2021-10-07 06:10:44,20500.0,1600.0,9177000.0
1806,2021-10-07 06:10:43,20500.0,100.0,9175400.0
1807,2021-10-07 06:10:39,20500.0,3300.0,9175300.0
1808,2021-10-07 06:10:39,20500.0,300.0,9172000.0
1809,2021-10-07 06:10:39,20500.0,100.0,9171700.0
1810,2021-10-07 06:10:39,20500.0,500.0,9171600.0
1811,2021-10-07 06:10:39,20500.0,800.0,9171100.0
1812,2021-10-07 06:10:35,20500.0,2000.0,9170300.0
1813,2021-10-07 06:10:32,20500.0,200.0,9168300.0
1814,2021-10-07 06:10:32,20500.0,800.0,9168100.0
1815,2021-10-07 06:10:30,20500.0,100.0,9167300.0
1816,2021-10-07 06:10:27,20500.0,4000.0,9167200.0
1817,2021-10-07 06:10:26,20500.0,100.0,9163200.0
1818,2021-10-07 06:10:26,20500.0,300.0,9163100.0
1819,2021-10-07 06:10:26,20500.0,1400.0,9162800.0
1820,2021-10-07 06:10:24,20500.0,200.0,9161400.0
1821,2021-10-07 06:10:23,20500.0,400.0,9161200.0
1822,2021-10-07 06:10:23,20500.0,1900.0,9160800.0
1823,2021-10-07 06:10:15,20500.0,800.0,9158900.0
1824,2021-10-07 06:09:51,20500.0,1000.0,9158100.0
1825,2021-10-07 06:09:45,20500.0,800.0,9157100.0
1826,2021-10-07 06:09:45,20500.0,200.0,9156300.0
1827,2021-10-07 06:09:45,20500.0,500.0,9156100.0
1828,2021-10-07 06:09:45,20500.0,700.0,9155600.0
1829,2021-10-07 06:09:45,20500.0,500.0,9154900.0
1830,2021-10-07 06:09:45,20500.0,200.0,9154400.0
1831,2021-10-07 06:09:45,20500.0,1100.0,9154200.0
1832,2021-10-07 06:09:42,20500.0,100.0,9153100.0
1833,2021-10-07 06:09:36,20500.0,100.0,9153000.0
1834,2021-10-07 06:09:36,20500.0,300.0,9152900.0
1835,2021-10-07 06:09:33,20500.0,300.0,9152600.0
1836,2021-10-07 06:09:28,20500.0,400.0,9152300.0
1837,2021-10-07 06:09:21,20500.0,5000.0,9151900.0
1838,2021-10-07 06:09:16,20500.0,500.0,9146900.0
1839,2021-10-07 06:09:13,20500.0,1000.0,9146400.0
1840,2021-10-07 06:09:09,20500.0,200.0,9145400.0
1841,2021-10-07 06:08:59,20500.0,500.0,9145200.0
1842,2021-10-07 06:08:55,20500.0,100.0,9144700.0
1843,2021-10-07 06:08:53,20500.0,1000.0,9144600.0
1844,2021-10-07 06:08:51,20500.0,200.0,9143600.0
1845,2021-10-07 06:08:50,20500.0,2000.0,9143400.0
1846,2021-10-07 06:08:36,20500.0,100.0,9141400.0
1847,2021-10-07 06:08:31,20500.0,9100.0,9141300.0
1848,2021-10-07 06:08:31,20500.0,700.0,9132200.0
1849,2021-10-07 06:08:31,20500.0,200.0,9131500.0
1850,2021-10-07 06:08:30,20500.0,800.0,9131300.0
1851,2021-10-07 06:08:30,20500.0,200.0,9130500.0
1852,2021-10-07 06:08:30,20500.0,100.0,9130300.0
1853,2021-10-07 06:08:30,20500.0,1900.0,9130200.0
1854,2021-10-07 06:08:29,20500.0,1900.0,9128300.0
1855,2021-10-07 06:08:15,20500.0,200.0,9126400.0
1856,2021-10-07 06:08:13,20500.0,100.0,9126200.0
1857,2021-10-07 06:08:10,20500.0,200.0,9126100.0
1858,2021-10-07 06:08:07,20500.0,200.0,9125900.0
1859,2021-10-07 06:08:06,20500.0,300.0,9125700.0
1860,2021-10-07 06:08:03,20500.0,100.0,9125400.0
1861,2021-10-07 06:08:03,20500.0,500.0,9125300.0
1862,2021-10-07 06:07:59,20500.0,200.0,9124800.0
1863,2021-10-07 06:07:59,20500.0,800.0,9124600.0
1864,2021-10-07 06:07:58,20500.0,100.0,9123800.0
1865,2021-10-07 06:07:53,20500.0,1000.0,9123700.0
1866,2021-10-07 06:07:44,20500.0,100.0,9122700.0
1867,2021-10-07 06:07:44,20500.0,500.0,9122600.0
1868,2021-10-07 06:07:44,20500.0,1400.0,9122100.0
1869,2021-10-07 06:07:44,20500.0,200.0,9120700.0
1870,2021-10-07 06:07:44,20500.0,2000.0,9120500.0
1871,2021-10-07 06:07:44,20500.0,5000.0,9118500.0
1872,2021-10-07 06:07:44,20500.0,300.0,9113500.0
1873,2021-10-07 06:07:44,20500.0,800.0,9113200.0
1874,2021-10-07 06:07:44,20500.0,2500.0,9112400.0
1875,2021-10-07 06:07:44,20500.0,100.0,9109900.0
1876,2021-10-07 06:07:44,20500.0,100.0,9109800.0
1877,2021-10-07 06:07:44,20500.0,100.0,9109700.0
1878,2021-10-07 06:07:05,20500.0,300.0,9109600.0
1879,2021-10-07 06:07:03,20500.0,1000.0,9109300.0
1880,2021-10-07 06:07:00,20500.0,600.0,9108300.0
1881,2021-10-07 06:06:58,20500.0,1000.0,9107700.0
1882,2021-10-07 06:06:55,20500.0,300.0,9106700.0
1883,2021-10-07 06:06:50,20500.0,100.0,9106400.0
1884,2021-10-07 06:06:50,20500.0,200.0,9106300.0
1885,2021-10-07 06:06:50,20500.0,300.0,9106100.0
1886,2021-10-07 06:06:50,20500.0,100.0,9105800.0
1887,2021-10-07 06:06:49,20500.0,200.0,9105700.0
1888,2021-10-07 06:06:44,20500.0,1000.0,9105500.0
1889,2021-10-07 06:06:40,20500.0,1000.0,9104500.0
1890,2021-10-07 06:06:37,20500.0,500.0,9103500.0
1891,2021-10-07 06:06:34,20500.0,200.0,9103000.0
1892,2021-10-07 06:06:32,20500.0,1800.0,9102800.0
1893,2021-10-07 06:06:23,20500.0,1500.0,9101000.0
1894,2021-10-07 06:06:23,20500.0,100.0,9099500.0
1895,2021-10-07 06:06:23,20500.0,400.0,9099400.0
1896,2021-10-07 06:06:16,20500.0,100.0,9099000.0
1897,2021-10-07 06:06:16,20500.0,100.0,9098900.0
1898,2021-10-07 06:06:09,20500.0,500.0,9098800.0
1899,2021-10-07 06:06:05,20500.0,100.0,9098300.0
1900,2021-10-07 06:05:56,20500.0,100.0,9098200.0
1901,2021-10-07 06:05:56,20500.0,200.0,9098100.0
1902,2021-10-07 06:05:56,20500.0,200.0,9097900.0
1903,2021-10-07 06:05:56,20500.0,4600.0,9097700.0
1904,2021-10-07 06:05:56,20500.0,500.0,9093100.0
1905,2021-10-07 06:05:56,20500.0,700.0,9092600.0
1906,2021-10-07 06:05:56,20500.0,300.0,9091900.0
1907,2021-10-07 06:05:56,20500.0,500.0,9091600.0
1908,2021-10-07 06:05:56,20500.0,1000.0,9091100.0
1909,2021-10-07 06:05:56,20500.0,200.0,9090100.0
1910,2021-10-07 06:05:56,20500.0,1000.0,9089900.0
1911,2021-10-07 06:05:38,20500.0,100.0,9088900.0
1912,2021-10-07 06:05:28,20500.0,400.0,9088800.0
1913,2021-10-07 06:05:28,20500.0,1000.0,9088400.0
1914,2021-10-07 06:05:28,20500.0,500.0,9087400.0
1915,2021-10-07 06:05:27,20500.0,100.0,9086900.0
1916,2021-10-07 06:05:17,20500.0,2000.0,9086800.0
1917,2021-10-07 06:05:14,20500.0,2400.0,9084800.0
1918,2021-10-07 06:05:14,20500.0,600.0,9082400.0
1919,2021-10-07 06:05:07,20500.0,400.0,9081800.0
1920,2021-10-07 06:05:07,20500.0,1000.0,9081400.0
1921,2021-10-07 06:05:07,20500.0,500.0,9080400.0
1922,2021-10-07 06:05:07,20500.0,100.0,9079900.0
1923,2021-10-07 06:05:04,20500.0,400.0,9079800.0
1924,2021-10-07 06:05:04,20500.0,400.0,9079400.0
1925,2021-10-07 06:04:59,20500.0,2100.0,9079000.0
1926,2021-10-07 06:04:59,20500.0,500.0,9076900.0
1927,2021-10-07 06:04:59,20500.0,200.0,9076400.0
1928,2021-10-07 06:04:53,20500.0,600.0,9076200.0
1929,2021-10-07 06:04:45,20500.0,200.0,9075600.0
1930,2021-10-07 06:04:43,20500.0,200.0,9075400.0
1931,2021-10-07 06:04:38,20500.0,100.0,9075200.0
1932,2021-10-07 06:04:38,20500.0,400.0,9075100.0
1933,2021-10-07 06:04:38,20500.0,1900.0,9074700.0
1934,2021-10-07 06:04:38,20500.0,1100.0,9072800.0
1935,2021-10-07 06:04:38,20500.0,100.0,9071700.0
1936,2021-10-07 06:04:38,20500.0,300.0,9071600.0
1937,2021-10-07 06:04:38,20500.0,1000.0,9071300.0
1938,2021-10-07 06:04:38,20500.0,500.0,9070300.0
1939,2021-10-07 06:04:35,20500.0,100.0,9069800.0
1940,2021-10-07 06:04:34,20500.0,600.0,9069700.0
1941,2021-10-07 06:04:24,20500.0,1300.0,9069100.0
1942,2021-10-07 06:04:20,20500.0,1000.0,9067800.0
1943,2021-10-07 06:04:15,20500.0,200.0,9066800.0
1944,2021-10-07 06:04:13,20500.0,500.0,9066600.0
1945,2021-10-07 06:04:08,20500.0,100.0,9066100.0
1946,2021-10-07 06:04:04,20500.0,5000.0,9066000.0
1947,2021-10-07 06:04:03,20500.0,16700.0,9061000.0
1948,2021-10-07 06:04:03,20500.0,500.0,9044300.0
1949,2021-10-07 06:04:03,20500.0,1000.0,9043800.0
1950,2021-10-07 06:04:03,20500.0,100.0,9042800.0
1951,2021-10-07 06:04:03,20500.0,500.0,9042700.0
1952,2021-10-07 06:04:03,20500.0,100.0,9042200.0
1953,2021-10-07 06:04:03,20500.0,100.0,9042100.0
1954,2021-10-07 06:04:03,20500.0,100.0,9042000.0
1955,2021-10-07 06:04:03,20500.0,100.0,9041900.0
1956,2021-10-07 06:04:03,20500.0,800.0,9041800.0
1957,2021-10-07 06:03:56,20500.0,1000.0,9041000.0
1958,2021-10-07 06:03:49,20500.0,500.0,9040000.0
1959,2021-10-07 06:03:46,20500.0,5000.0,9039500.0
1960,2021-10-07 06:03:41,20500.0,2700.0,9034500.0
1961,2021-10-07 06:03:41,20500.0,1000.0,9031800.0
1962,2021-10-07 06:03:41,20500.0,300.0,9030800.0
1963,2021-10-07 06:03:41,20500.0,2000.0,9030500.0
1964,2021-10-07 06:03:35,20500.0,100.0,9028500.0
1965,2021-10-07 06:03:30,20500.0,6700.0,9028400.0
1966,2021-10-07 06:03:30,20500.0,100.0,9021700.0
1967,2021-10-07 06:03:30,20500.0,3200.0,9021600.0
1968,2021-10-07 06:03:25,20500.0,1000.0,9018400.0
1969,2021-10-07 06:03:14,20500.0,500.0,9017400.0
1970,2021-10-07 06:03:10,20500.0,1000.0,9016900.0
1971,2021-10-07 06:03:10,20500.0,900.0,9015900.0
1972,2021-10-07 06:03:10,20500.0,100.0,9015000.0
1973,2021-10-07 06:03:10,20500.0,1400.0,9014900.0
1974,2021-10-07 06:03:10,20500.0,200.0,9013500.0
1975,2021-10-07 06:03:10,20500.0,1700.0,9013300.0
1976,2021-10-07 06:03:10,20500.0,200.0,9011600.0
1977,2021-10-07 06:03:08,20500.0,800.0,9011400.0
1978,2021-10-07 06:03:06,20500.0,500.0,9010600.0
1979,2021-10-07 06:03:04,20500.0,200.0,9010100.0
1980,2021-10-07 06:03:02,20500.0,100.0,9009900.0
1981,2021-10-07 06:03:02,20500.0,1000.0,9009800.0
1982,2021-10-07 06:03:02,20500.0,200.0,9008800.0
1983,2021-10-07 06:03:02,20500.0,3400.0,9008600.0
1984,2021-10-07 06:03:02,20500.0,300.0,9005200.0
1985,2021-10-07 06:02:51,20500.0,500.0,9004900.0
1986,2021-10-07 06:02:49,20500.0,200.0,9004400.0
1987,2021-10-07 06:02:49,20500.0,200.0,9004200.0
1988,2021-10-07 06:02:49,20500.0,100.0,9004000.0
1989,2021-10-07 06:02:48,20500.0,400.0,9003900.0
1990,2021-10-07 06:02:44,20500.0,800.0,9003500.0
1991,2021-10-07 06:02:40,20500.0,1800.0,9002700.0
1992,2021-10-07 06:02:39,20500.0,1400.0,9000900.0
1993,2021-10-07 06:02:39,20500.0,600.0,8999500.0
1994,2021-10-07 06:02:38,20500.0,100.0,8998900.0
1995,2021-10-07 06:02:38,20500.0,100.0,8998800.0
1996,2021-10-07 06:02:38,20500.0,100.0,8998700.0
1997,2021-10-07 06:02:38,20500.0,100.0,8998600.0
1998,2021-10-07 06:02:35,20500.0,900.0,8998500.0
1999,2021-10-07 06:02:35,20500.0,9100.0,8997600.0
2000,2021-10-07 06:02:33,20500.0,200.0,8988500.0
2001,2021-10-07 06:02:31,20500.0,700.0,8988300.0
2002,2021-10-07 06:02:31,20500.0,300.0,8987600.0
2003,2021-10-07 06:02:31,20450.0,100.0,8987300.0
2004,2021-10-07 06:02:26,20500.0,300.0,8987200.0
2005,2021-10-07 06:02:21,20500.0,400.0,8986900.0
2006,2021-10-07 06:02:21,20500.0,500.0,8986500.0
2007,2021-10-07 06:02:06,20500.0,2000.0,8986000.0
2008,2021-10-07 06:02:00,20500.0,100.0,8984000.0
2009,2021-10-07 06:02:00,20500.0,200.0,8983900.0
2010,2021-10-07 06:02:00,20500.0,100.0,8983700.0
2011,2021-10-07 06:02:00,20500.0,2000.0,8983600.0
2012,2021-10-07 06:02:00,20500.0,100.0,8981600.0
2013,2021-10-07 06:01:58,20500.0,100.0,8981500.0
2014,2021-10-07 06:01:58,20500.0,2800.0,8981400.0
2015,2021-10-07 06:01:54,20500.0,200.0,8978600.0
2016,2021-10-07 06:01:54,20500.0,1000.0,8978400.0
2017,2021-10-07 06:01:54,20500.0,1000.0,8977400.0
2018,2021-10-07 06:01:54,20500.0,1000.0,8976400.0
2019,2021-10-07 06:01:54,20500.0,1800.0,8975400.0
2020,2021-10-07 06:01:47,20500.0,700.0,8973600.0
2021,2021-10-07 06:01:47,20500.0,300.0,8972900.0
2022,2021-10-07 06:01:47,20500.0,100.0,8972600.0
2023,2021-10-07 06:01:46,20500.0,1000.0,8972500.0
