,Time,Price,Volume_per_trade,Volume
0,2021-09-30 14:45:00,18050.0,400.0,2240400.0
1,2021-09-30 14:45:00,18050.0,1000.0,2240000.0
2,2021-09-30 14:45:00,18050.0,100.0,2239000.0
3,2021-09-30 14:45:00,18050.0,10000.0,2238900.0
4,2021-09-30 14:45:00,18050.0,2000.0,2228900.0
5,2021-09-30 14:45:00,18050.0,1000.0,2226900.0
6,2021-09-30 14:45:00,18050.0,500.0,2225900.0
7,2021-09-30 14:45:00,18050.0,100.0,2225400.0
8,2021-09-30 14:45:00,18050.0,1000.0,2225300.0
9,2021-09-30 14:45:00,18050.0,100.0,2224300.0
10,2021-09-30 14:45:00,18050.0,200.0,2224200.0
11,2021-09-30 14:45:00,18050.0,100.0,2224000.0
12,2021-09-30 14:45:00,18050.0,600.0,2223900.0
13,2021-09-30 14:45:00,18050.0,1000.0,2223300.0
14,2021-09-30 14:45:00,18050.0,10000.0,2222300.0
15,2021-09-30 14:45:00,18050.0,2000.0,2212300.0
16,2021-09-30 14:45:00,18050.0,2000.0,2210300.0
17,2021-09-30 14:45:00,18050.0,100.0,2208300.0
18,2021-09-30 14:45:00,18050.0,1900.0,2208200.0
19,2021-09-30 14:45:00,18050.0,300.0,2206300.0
20,2021-09-30 14:45:00,18050.0,500.0,2206000.0
21,2021-09-30 14:45:00,18050.0,100.0,2205500.0
22,2021-09-30 14:45:00,18050.0,1000.0,2205400.0
23,2021-09-30 14:45:00,18050.0,1000.0,2204400.0
24,2021-09-30 14:45:00,18050.0,1000.0,2203400.0
25,2021-09-30 14:45:00,18050.0,500.0,2202400.0
26,2021-09-30 14:45:00,18050.0,2000.0,2201900.0
27,2021-09-30 14:45:00,18050.0,2000.0,2199900.0
28,2021-09-30 14:45:00,18050.0,500.0,2197900.0
29,2021-09-30 14:45:00,18050.0,1100.0,2197400.0
30,2021-09-30 14:45:00,18050.0,100.0,2196300.0
31,2021-09-30 14:45:00,18050.0,200.0,2196200.0
32,2021-09-30 14:45:00,18050.0,1000.0,2196000.0
33,2021-09-30 14:45:00,18050.0,500.0,2195000.0
34,2021-09-30 14:45:00,18050.0,200.0,2194500.0
35,2021-09-30 14:45:00,18050.0,1000.0,2194300.0
36,2021-09-30 14:45:00,18050.0,100.0,2193300.0
37,2021-09-30 14:45:00,18050.0,2000.0,2193200.0
38,2021-09-30 14:45:00,18050.0,500.0,2191200.0
39,2021-09-30 14:45:00,18050.0,2500.0,2190700.0
40,2021-09-30 14:45:00,18050.0,100.0,2188200.0
41,2021-09-30 14:45:00,18050.0,100.0,2188100.0
42,2021-09-30 14:45:00,18050.0,100.0,2188000.0
43,2021-09-30 14:45:00,18050.0,200.0,2187900.0
44,2021-09-30 14:45:00,18050.0,100.0,2187700.0
45,2021-09-30 14:45:00,18050.0,5000.0,2187600.0
46,2021-09-30 14:45:00,18050.0,100.0,2182600.0
47,2021-09-30 14:45:00,18050.0,500.0,2182500.0
48,2021-09-30 14:45:00,18050.0,6600.0,2182000.0
49,2021-09-30 14:45:00,18050.0,9200.0,2175400.0
50,2021-09-30 14:45:00,18050.0,500.0,2166200.0
51,2021-09-30 14:45:00,18050.0,200.0,2165700.0
52,2021-09-30 14:45:00,18050.0,2000.0,2165500.0
53,2021-09-30 14:45:00,18050.0,2000.0,2163500.0
54,2021-09-30 14:45:00,18050.0,100.0,2161500.0
55,2021-09-30 14:45:00,18050.0,21200.0,2161400.0
56,2021-09-30 14:45:00,18050.0,500.0,2140200.0
57,2021-09-30 14:45:00,18050.0,2000.0,2139700.0
58,2021-09-30 14:45:00,18050.0,2000.0,2137700.0
59,2021-09-30 14:45:00,18050.0,20000.0,2135700.0
60,2021-09-30 14:45:00,18050.0,500.0,2115700.0
61,2021-09-30 14:45:00,18050.0,1800.0,2115200.0
62,2021-09-30 14:45:00,18050.0,100.0,2113400.0
63,2021-09-30 14:45:00,18050.0,100.0,2113300.0
64,2021-09-30 14:45:00,18050.0,100.0,2113200.0
65,2021-09-30 14:45:00,18050.0,900.0,2113100.0
66,2021-09-30 14:45:00,18050.0,2100.0,2112200.0
67,2021-09-30 14:45:00,18050.0,100.0,2110100.0
68,2021-09-30 14:45:00,18050.0,100.0,2110000.0
69,2021-09-30 14:45:00,18050.0,100.0,2109900.0
70,2021-09-30 14:29:25,17950.0,100.0,2109800.0
71,2021-09-30 14:29:17,17950.0,500.0,2109700.0
72,2021-09-30 14:28:56,17950.0,20200.0,2109200.0
73,2021-09-30 14:28:19,17950.0,500.0,2089000.0
74,2021-09-30 14:28:19,17950.0,200.0,2088500.0
75,2021-09-30 14:28:19,17950.0,1500.0,2088300.0
76,2021-09-30 14:28:07,18000.0,100.0,2086800.0
77,2021-09-30 14:28:00,17950.0,2000.0,2086700.0
78,2021-09-30 14:27:53,17950.0,3800.0,2084700.0
79,2021-09-30 14:27:45,17950.0,3000.0,2080900.0
80,2021-09-30 14:27:15,17950.0,600.0,2077900.0
81,2021-09-30 14:26:43,17950.0,200.0,2077300.0
82,2021-09-30 14:26:32,17950.0,1800.0,2077100.0
83,2021-09-30 14:25:41,17950.0,200.0,2075300.0
84,2021-09-30 14:25:32,17950.0,11900.0,2075100.0
85,2021-09-30 14:25:30,17950.0,5000.0,2063200.0
86,2021-09-30 14:25:08,17900.0,6000.0,2058200.0
87,2021-09-30 14:25:08,17950.0,100.0,2052200.0
88,2021-09-30 14:25:08,17950.0,3500.0,2052100.0
89,2021-09-30 14:24:51,17950.0,1500.0,2048600.0
90,2021-09-30 14:24:21,17950.0,2300.0,2047100.0
91,2021-09-30 14:24:21,17950.0,10000.0,2044800.0
92,2021-09-30 14:24:21,17950.0,2700.0,2034800.0
93,2021-09-30 14:24:09,17900.0,1300.0,2032100.0
94,2021-09-30 14:23:18,17900.0,500.0,2030800.0
95,2021-09-30 14:22:52,17900.0,500.0,2030300.0
96,2021-09-30 14:22:36,17950.0,800.0,2029800.0
97,2021-09-30 14:22:17,17950.0,500.0,2029000.0
98,2021-09-30 14:22:17,17950.0,500.0,2028500.0
99,2021-09-30 14:22:01,17950.0,200.0,2028000.0
100,2021-09-30 14:21:43,17950.0,100.0,2027800.0
101,2021-09-30 14:21:43,17950.0,200.0,2027700.0
102,2021-09-30 14:21:43,17950.0,200.0,2027500.0
103,2021-09-30 14:21:34,17900.0,400.0,2027300.0
104,2021-09-30 14:21:26,17900.0,4200.0,2026900.0
105,2021-09-30 14:21:26,17900.0,800.0,2022700.0
106,2021-09-30 14:21:24,17950.0,300.0,2021900.0
107,2021-09-30 14:21:24,17950.0,500.0,2021600.0
108,2021-09-30 14:21:24,17950.0,3000.0,2021100.0
109,2021-09-30 14:21:24,17950.0,800.0,2018100.0
110,2021-09-30 14:21:24,17950.0,400.0,2017300.0
111,2021-09-30 14:21:03,17950.0,1000.0,2016900.0
112,2021-09-30 14:20:21,17900.0,100.0,2015900.0
113,2021-09-30 14:20:21,17900.0,500.0,2015800.0
114,2021-09-30 14:20:21,17900.0,1000.0,2015300.0
115,2021-09-30 14:20:21,17900.0,200.0,2014300.0
116,2021-09-30 14:20:21,17900.0,100.0,2014100.0
117,2021-09-30 14:20:21,17900.0,100.0,2014000.0
118,2021-09-30 14:20:21,17900.0,1500.0,2013900.0
119,2021-09-30 14:20:21,17900.0,5000.0,2012400.0
120,2021-09-30 14:20:21,17900.0,100.0,2007400.0
121,2021-09-30 14:20:21,17900.0,1000.0,2007300.0
122,2021-09-30 14:20:21,17900.0,100.0,2006300.0
123,2021-09-30 14:20:21,17900.0,100.0,2006200.0
124,2021-09-30 14:20:21,17900.0,200.0,2006100.0
125,2021-09-30 14:18:55,17950.0,200.0,2005900.0
126,2021-09-30 14:18:25,17950.0,400.0,2005700.0
127,2021-09-30 14:17:42,17950.0,2000.0,2005300.0
128,2021-09-30 14:17:42,17900.0,300.0,2003300.0
129,2021-09-30 14:17:41,17900.0,400.0,2003000.0
130,2021-09-30 14:17:37,17950.0,600.0,2002600.0
131,2021-09-30 14:17:10,17950.0,100.0,2002000.0
132,2021-09-30 14:16:57,17950.0,2000.0,2001900.0
133,2021-09-30 14:16:57,17950.0,300.0,1999900.0
134,2021-09-30 14:16:46,17950.0,100.0,1999600.0
135,2021-09-30 14:16:46,17950.0,100.0,1999500.0
136,2021-09-30 14:16:46,17950.0,2900.0,1999400.0
137,2021-09-30 14:16:35,17950.0,1100.0,1996500.0
138,2021-09-30 14:16:35,17950.0,3900.0,1995400.0
139,2021-09-30 14:16:25,17950.0,2000.0,1991500.0
140,2021-09-30 14:15:52,17950.0,200.0,1989500.0
141,2021-09-30 14:15:48,17950.0,3000.0,1989300.0
142,2021-09-30 14:15:30,17950.0,900.0,1986300.0
143,2021-09-30 14:15:30,17950.0,100.0,1985400.0
144,2021-09-30 14:15:21,17950.0,100.0,1985300.0
145,2021-09-30 14:15:18,17950.0,100.0,1985200.0
146,2021-09-30 14:15:18,17950.0,1000.0,1985100.0
147,2021-09-30 14:15:18,17950.0,100.0,1984100.0
148,2021-09-30 14:15:18,17950.0,700.0,1984000.0
149,2021-09-30 14:15:17,17950.0,300.0,1983300.0
150,2021-09-30 14:15:17,17950.0,300.0,1983000.0
151,2021-09-30 14:15:17,17950.0,5000.0,1982700.0
152,2021-09-30 14:15:17,17950.0,1100.0,1977700.0
153,2021-09-30 14:15:17,17950.0,1000.0,1976600.0
154,2021-09-30 14:15:17,17950.0,2300.0,1975600.0
155,2021-09-30 14:15:10,17950.0,300.0,1973300.0
156,2021-09-30 14:14:38,17950.0,1500.0,1973000.0
157,2021-09-30 14:14:16,18000.0,1000.0,1971500.0
158,2021-09-30 14:14:14,17950.0,500.0,1970500.0
159,2021-09-30 14:14:13,17950.0,400.0,1970000.0
160,2021-09-30 14:14:13,17950.0,100.0,1969600.0
161,2021-09-30 14:14:13,17950.0,100.0,1969500.0
162,2021-09-30 14:14:13,17950.0,1400.0,1969400.0
163,2021-09-30 14:14:05,18000.0,400.0,1968000.0
164,2021-09-30 14:13:55,18000.0,500.0,1967600.0
165,2021-09-30 14:13:19,17950.0,1600.0,1967100.0
166,2021-09-30 14:13:19,17950.0,100.0,1965500.0
167,2021-09-30 14:13:19,17950.0,300.0,1965400.0
168,2021-09-30 14:13:06,17950.0,800.0,1965100.0
169,2021-09-30 14:13:06,17950.0,200.0,1964300.0
170,2021-09-30 14:13:06,17950.0,400.0,1964100.0
171,2021-09-30 14:13:06,17950.0,2400.0,1963700.0
172,2021-09-30 14:13:06,17950.0,100.0,1961300.0
173,2021-09-30 14:13:06,17950.0,100.0,1961200.0
174,2021-09-30 14:13:06,17950.0,1000.0,1961100.0
175,2021-09-30 14:12:47,17950.0,3000.0,1960100.0
176,2021-09-30 14:12:13,17950.0,1000.0,1957100.0
177,2021-09-30 14:12:04,17950.0,5000.0,1956100.0
178,2021-09-30 14:12:04,17950.0,200.0,1951100.0
179,2021-09-30 14:12:04,17950.0,1000.0,1950900.0
180,2021-09-30 14:12:04,17950.0,500.0,1949900.0
181,2021-09-30 14:12:04,17950.0,100.0,1949400.0
182,2021-09-30 14:12:04,17950.0,100.0,1949300.0
183,2021-09-30 14:12:04,17950.0,500.0,1949200.0
184,2021-09-30 14:12:04,17950.0,300.0,1948700.0
185,2021-09-30 14:12:04,17950.0,100.0,1948400.0
186,2021-09-30 14:12:04,17950.0,100.0,1948300.0
187,2021-09-30 14:12:04,17950.0,1000.0,1948200.0
188,2021-09-30 14:12:04,17950.0,1100.0,1947200.0
189,2021-09-30 14:11:42,17950.0,200.0,1946100.0
190,2021-09-30 14:11:23,17950.0,500.0,1945900.0
191,2021-09-30 14:10:43,17950.0,400.0,1945400.0
192,2021-09-30 14:10:28,17950.0,3000.0,1945000.0
193,2021-09-30 14:09:33,18000.0,100.0,1942000.0
194,2021-09-30 14:08:34,18000.0,700.0,1941900.0
195,2021-09-30 14:08:12,18000.0,100.0,1941200.0
196,2021-09-30 14:07:35,18000.0,500.0,1941100.0
197,2021-09-30 14:07:35,18000.0,100.0,1940600.0
198,2021-09-30 14:07:35,18000.0,2000.0,1940500.0
199,2021-09-30 14:07:35,18000.0,300.0,1938500.0
200,2021-09-30 14:07:35,18000.0,1000.0,1938200.0
201,2021-09-30 14:07:35,18000.0,500.0,1937200.0
202,2021-09-30 14:07:35,18000.0,2000.0,1936700.0
203,2021-09-30 14:07:35,18000.0,300.0,1934700.0
204,2021-09-30 14:07:35,18000.0,400.0,1934400.0
205,2021-09-30 14:07:35,18000.0,500.0,1934000.0
206,2021-09-30 14:07:35,18000.0,2000.0,1933500.0
207,2021-09-30 14:07:35,18000.0,300.0,1931500.0
208,2021-09-30 14:07:35,18000.0,200.0,1931200.0
209,2021-09-30 14:07:35,18000.0,700.0,1931000.0
210,2021-09-30 14:07:35,18000.0,500.0,1930300.0
211,2021-09-30 14:07:35,18000.0,500.0,1929800.0
212,2021-09-30 14:07:35,18000.0,100.0,1929300.0
213,2021-09-30 14:07:35,18000.0,18100.0,1929200.0
214,2021-09-30 14:07:33,18000.0,800.0,1911100.0
215,2021-09-30 14:07:33,18000.0,1100.0,1910300.0
216,2021-09-30 14:07:33,18000.0,100.0,1909200.0
217,2021-09-30 14:07:33,18000.0,800.0,1909100.0
218,2021-09-30 14:06:40,18000.0,200.0,1908300.0
219,2021-09-30 14:06:40,18000.0,800.0,1908100.0
220,2021-09-30 14:06:00,18000.0,200.0,1907300.0
221,2021-09-30 14:06:00,18000.0,800.0,1907100.0
222,2021-09-30 14:05:57,17950.0,1400.0,1906300.0
223,2021-09-30 14:05:33,17950.0,2000.0,1904900.0
224,2021-09-30 14:05:01,17950.0,2000.0,1902900.0
225,2021-09-30 14:04:59,17950.0,500.0,1900900.0
226,2021-09-30 14:04:53,17950.0,1100.0,1900400.0
227,2021-09-30 14:03:41,17950.0,700.0,1899300.0
228,2021-09-30 14:03:41,17950.0,100.0,1898600.0
229,2021-09-30 14:03:41,17950.0,200.0,1898500.0
230,2021-09-30 14:03:29,17950.0,800.0,1898300.0
231,2021-09-30 14:03:29,17950.0,400.0,1897500.0
232,2021-09-30 14:03:29,17950.0,100.0,1897100.0
233,2021-09-30 14:03:29,17950.0,5000.0,1897000.0
234,2021-09-30 14:03:29,17950.0,2000.0,1892000.0
235,2021-09-30 14:03:29,17950.0,100.0,1890000.0
236,2021-09-30 14:03:29,17950.0,400.0,1889900.0
237,2021-09-30 14:03:29,17950.0,500.0,1889500.0
238,2021-09-30 14:03:29,17950.0,1000.0,1889000.0
239,2021-09-30 14:03:29,17950.0,300.0,1888000.0
240,2021-09-30 14:03:29,17950.0,100.0,1887700.0
241,2021-09-30 14:03:29,17950.0,1000.0,1887600.0
242,2021-09-30 14:03:29,17950.0,3000.0,1886600.0
243,2021-09-30 14:03:29,17950.0,100.0,1883600.0
244,2021-09-30 14:03:29,17950.0,500.0,1883500.0
245,2021-09-30 14:03:29,17950.0,3700.0,1883000.0
246,2021-09-30 14:02:31,17950.0,100.0,1879300.0
247,2021-09-30 14:02:27,17950.0,200.0,1879200.0
248,2021-09-30 14:02:01,17950.0,1000.0,1879000.0
249,2021-09-30 14:01:59,17950.0,1000.0,1878000.0
250,2021-09-30 14:01:51,17950.0,1000.0,1877000.0
251,2021-09-30 14:01:47,17950.0,1000.0,1876000.0
252,2021-09-30 14:01:43,17950.0,1000.0,1875000.0
253,2021-09-30 14:01:33,17950.0,900.0,1874000.0
254,2021-09-30 14:00:48,17950.0,1200.0,1873100.0
255,2021-09-30 13:59:02,17950.0,1000.0,1871900.0
256,2021-09-30 13:58:48,18000.0,500.0,1870900.0
257,2021-09-30 13:58:23,17950.0,2500.0,1870400.0
258,2021-09-30 13:58:23,18000.0,200.0,1867900.0
259,2021-09-30 13:58:19,17950.0,1000.0,1867700.0
260,2021-09-30 13:58:16,17950.0,4400.0,1866700.0
261,2021-09-30 13:58:16,17950.0,5600.0,1862300.0
262,2021-09-30 13:58:15,18000.0,1000.0,1856700.0
263,2021-09-30 13:55:45,18000.0,2000.0,1855700.0
264,2021-09-30 13:55:16,17950.0,200.0,1853700.0
265,2021-09-30 13:55:12,18000.0,500.0,1853500.0
266,2021-09-30 13:55:12,18000.0,1500.0,1853000.0
267,2021-09-30 13:54:47,17950.0,2000.0,1851500.0
268,2021-09-30 13:53:56,17950.0,1200.0,1849500.0
269,2021-09-30 13:52:48,17950.0,6000.0,1848300.0
270,2021-09-30 13:52:48,17950.0,1400.0,1842300.0
271,2021-09-30 13:52:48,17950.0,1000.0,1840900.0
272,2021-09-30 13:52:48,17950.0,1600.0,1839900.0
273,2021-09-30 13:51:13,17950.0,1400.0,1838300.0
274,2021-09-30 13:51:13,17950.0,100.0,1836900.0
275,2021-09-30 13:51:13,17950.0,200.0,1836800.0
276,2021-09-30 13:51:13,17950.0,500.0,1836600.0
277,2021-09-30 13:51:13,17950.0,5000.0,1836100.0
278,2021-09-30 13:51:13,17950.0,300.0,1831100.0
279,2021-09-30 13:51:13,17950.0,1000.0,1830800.0
280,2021-09-30 13:51:13,17950.0,2000.0,1829800.0
281,2021-09-30 13:51:13,17950.0,500.0,1827800.0
282,2021-09-30 13:51:13,17950.0,500.0,1827300.0
283,2021-09-30 13:51:13,18000.0,8500.0,1826800.0
284,2021-09-30 13:51:13,18000.0,100.0,1818300.0
285,2021-09-30 13:51:13,18000.0,200.0,1818200.0
286,2021-09-30 13:51:13,18000.0,3900.0,1818000.0
287,2021-09-30 13:50:39,18000.0,100.0,1814100.0
288,2021-09-30 13:50:37,18000.0,100.0,1814000.0
289,2021-09-30 13:50:37,18000.0,900.0,1813900.0
290,2021-09-30 13:50:28,18000.0,100.0,1813000.0
291,2021-09-30 13:50:28,18000.0,200.0,1812900.0
292,2021-09-30 13:50:27,18000.0,200.0,1812700.0
293,2021-09-30 13:50:13,18000.0,4600.0,1812500.0
294,2021-09-30 13:50:13,18000.0,400.0,1807900.0
295,2021-09-30 13:50:10,18000.0,300.0,1807500.0
296,2021-09-30 13:49:00,18000.0,4000.0,1807200.0
297,2021-09-30 13:48:48,18000.0,300.0,1803200.0
298,2021-09-30 13:48:48,18000.0,300.0,1802900.0
299,2021-09-30 13:48:33,18000.0,100.0,1802600.0
300,2021-09-30 13:47:56,18000.0,100.0,1802500.0
301,2021-09-30 13:47:56,18000.0,800.0,1802400.0
302,2021-09-30 13:47:56,18000.0,2500.0,1801600.0
303,2021-09-30 13:47:56,18000.0,100.0,1799100.0
304,2021-09-30 13:47:56,18000.0,1100.0,1799000.0
305,2021-09-30 13:47:00,18000.0,300.0,1797900.0
306,2021-09-30 13:46:47,18000.0,2900.0,1797600.0
307,2021-09-30 13:46:47,18000.0,200.0,1794700.0
308,2021-09-30 13:46:43,18000.0,200.0,1794500.0
309,2021-09-30 13:46:24,18000.0,500.0,1794300.0
310,2021-09-30 13:46:24,18000.0,4500.0,1793800.0
311,2021-09-30 13:45:43,18000.0,200.0,1789300.0
312,2021-09-30 13:45:43,18000.0,500.0,1789100.0
313,2021-09-30 13:45:43,18000.0,600.0,1788600.0
314,2021-09-30 13:45:43,18000.0,200.0,1788000.0
315,2021-09-30 13:45:34,18000.0,4600.0,1787800.0
316,2021-09-30 13:45:32,18000.0,200.0,1783200.0
317,2021-09-30 13:45:32,18000.0,500.0,1783000.0
318,2021-09-30 13:45:32,18000.0,1300.0,1782500.0
319,2021-09-30 13:45:08,18000.0,500.0,1781200.0
320,2021-09-30 13:44:55,18000.0,3200.0,1780700.0
321,2021-09-30 13:44:55,18000.0,100.0,1777500.0
322,2021-09-30 13:44:55,18000.0,500.0,1777400.0
323,2021-09-30 13:44:55,18000.0,100.0,1776900.0
324,2021-09-30 13:44:55,18000.0,1000.0,1776800.0
325,2021-09-30 13:44:55,18000.0,1000.0,1775800.0
326,2021-09-30 13:44:55,18000.0,100.0,1774800.0
327,2021-09-30 13:44:15,18000.0,100.0,1774700.0
328,2021-09-30 13:43:52,18000.0,10000.0,1774600.0
329,2021-09-30 13:43:48,18000.0,700.0,1764600.0
330,2021-09-30 13:43:48,18000.0,3000.0,1763900.0
331,2021-09-30 13:43:48,18000.0,4800.0,1760900.0
332,2021-09-30 13:43:30,18000.0,300.0,1756100.0
333,2021-09-30 13:42:10,18000.0,100.0,1755800.0
334,2021-09-30 13:42:05,18000.0,1000.0,1755700.0
335,2021-09-30 13:42:03,18000.0,100.0,1754700.0
336,2021-09-30 13:42:03,18000.0,3000.0,1754600.0
337,2021-09-30 13:42:03,18000.0,700.0,1751600.0
338,2021-09-30 13:41:48,18000.0,100.0,1750900.0
339,2021-09-30 13:40:35,18000.0,1700.0,1750800.0
340,2021-09-30 13:40:35,18000.0,300.0,1749100.0
341,2021-09-30 13:40:35,18000.0,2000.0,1748800.0
342,2021-09-30 13:40:35,18000.0,1000.0,1746800.0
343,2021-09-30 13:39:23,18050.0,1200.0,1745800.0
344,2021-09-30 13:39:16,18000.0,500.0,1744600.0
345,2021-09-30 13:38:59,18050.0,1400.0,1744100.0
346,2021-09-30 13:38:48,18050.0,1000.0,1742700.0
347,2021-09-30 13:38:15,18000.0,200.0,1741700.0
348,2021-09-30 13:38:15,18000.0,1200.0,1741500.0
349,2021-09-30 13:38:15,18000.0,100.0,1740300.0
350,2021-09-30 13:38:15,18000.0,500.0,1740200.0
351,2021-09-30 13:38:15,18000.0,1400.0,1739700.0
352,2021-09-30 13:38:15,18000.0,300.0,1738300.0
353,2021-09-30 13:38:15,18000.0,200.0,1738000.0
354,2021-09-30 13:38:15,18000.0,700.0,1737800.0
355,2021-09-30 13:37:56,18000.0,300.0,1737100.0
356,2021-09-30 13:37:56,18000.0,1200.0,1736800.0
357,2021-09-30 13:37:56,18000.0,1500.0,1735600.0
358,2021-09-30 13:37:53,18000.0,500.0,1734100.0
359,2021-09-30 13:37:53,18000.0,1000.0,1733600.0
360,2021-09-30 13:37:53,18000.0,1000.0,1732600.0
361,2021-09-30 13:37:53,18000.0,300.0,1731600.0
362,2021-09-30 13:37:53,18000.0,200.0,1731300.0
363,2021-09-30 13:37:29,18000.0,300.0,1731100.0
364,2021-09-30 13:37:29,18000.0,200.0,1730800.0
365,2021-09-30 13:37:04,18000.0,1800.0,1730600.0
366,2021-09-30 13:37:04,18000.0,500.0,1728800.0
367,2021-09-30 13:36:19,18000.0,1000.0,1728300.0
368,2021-09-30 13:35:23,18000.0,1000.0,1727300.0
369,2021-09-30 13:34:54,17950.0,3300.0,1726300.0
370,2021-09-30 13:34:54,17950.0,9300.0,1723000.0
371,2021-09-30 13:34:16,17950.0,700.0,1713700.0
372,2021-09-30 13:34:16,17950.0,900.0,1713000.0
373,2021-09-30 13:34:16,17950.0,1500.0,1712100.0
374,2021-09-30 13:34:16,17950.0,5000.0,1710600.0
375,2021-09-30 13:34:16,17950.0,1900.0,1705600.0
376,2021-09-30 13:34:07,17950.0,500.0,1703700.0
377,2021-09-30 13:33:41,17950.0,2000.0,1703200.0
378,2021-09-30 13:33:02,17950.0,500.0,1701200.0
379,2021-09-30 13:33:02,17950.0,100.0,1700700.0
380,2021-09-30 13:33:02,17950.0,100.0,1700600.0
381,2021-09-30 13:32:52,17950.0,300.0,1700500.0
382,2021-09-30 13:32:46,17950.0,1000.0,1700200.0
383,2021-09-30 13:32:45,17950.0,1000.0,1699200.0
384,2021-09-30 13:32:30,17950.0,1000.0,1698200.0
385,2021-09-30 13:32:27,17950.0,600.0,1697200.0
386,2021-09-30 13:32:22,17950.0,200.0,1696600.0
387,2021-09-30 13:32:10,17950.0,200.0,1696400.0
388,2021-09-30 13:32:03,17950.0,100.0,1696200.0
389,2021-09-30 13:32:02,17950.0,400.0,1696100.0
390,2021-09-30 13:32:02,17950.0,1600.0,1695700.0
391,2021-09-30 13:31:48,17950.0,1000.0,1694100.0
392,2021-09-30 13:31:47,17950.0,3000.0,1693100.0
393,2021-09-30 13:31:42,17950.0,200.0,1690100.0
394,2021-09-30 13:31:19,17950.0,100.0,1689900.0
395,2021-09-30 13:31:09,17950.0,300.0,1689800.0
396,2021-09-30 13:31:09,17950.0,100.0,1689500.0
397,2021-09-30 13:31:09,17950.0,100.0,1689400.0
398,2021-09-30 13:31:09,17950.0,4500.0,1689300.0
399,2021-09-30 13:31:09,17950.0,200.0,1684800.0
400,2021-09-30 13:31:09,17950.0,3900.0,1684600.0
401,2021-09-30 13:31:04,17950.0,6100.0,1680700.0
402,2021-09-30 13:31:04,17950.0,100.0,1674600.0
403,2021-09-30 13:31:04,17950.0,300.0,1674500.0
404,2021-09-30 13:31:04,17950.0,500.0,1674200.0
405,2021-09-30 13:29:46,17950.0,300.0,1673700.0
406,2021-09-30 13:29:26,17950.0,200.0,1673400.0
407,2021-09-30 13:28:33,17950.0,7300.0,1673200.0
408,2021-09-30 13:28:33,17950.0,300.0,1665900.0
409,2021-09-30 13:28:33,17950.0,200.0,1665600.0
410,2021-09-30 13:28:33,17950.0,1000.0,1665400.0
411,2021-09-30 13:28:33,17950.0,4500.0,1664400.0
412,2021-09-30 13:28:33,17950.0,100.0,1659900.0
413,2021-09-30 13:28:33,17950.0,1500.0,1659800.0
414,2021-09-30 13:28:33,17950.0,200.0,1658300.0
415,2021-09-30 13:28:33,17950.0,100.0,1658100.0
416,2021-09-30 13:28:33,17950.0,100.0,1658000.0
417,2021-09-30 13:28:33,17950.0,700.0,1657900.0
418,2021-09-30 13:26:40,17950.0,200.0,1657200.0
419,2021-09-30 13:26:40,17950.0,300.0,1657000.0
420,2021-09-30 13:26:38,17950.0,100.0,1656700.0
421,2021-09-30 13:25:44,17950.0,100.0,1656600.0
422,2021-09-30 13:25:44,17950.0,100.0,1656500.0
423,2021-09-30 13:25:44,17950.0,200.0,1656400.0
424,2021-09-30 13:25:44,17950.0,100.0,1656200.0
425,2021-09-30 13:25:44,17950.0,2000.0,1656100.0
426,2021-09-30 13:25:35,17950.0,100.0,1654100.0
427,2021-09-30 13:24:47,18000.0,2000.0,1654000.0
428,2021-09-30 13:24:21,18000.0,1000.0,1652000.0
429,2021-09-30 13:24:04,18000.0,200.0,1651000.0
430,2021-09-30 13:23:26,18000.0,200.0,1650800.0
431,2021-09-30 13:23:24,18000.0,100.0,1650600.0
432,2021-09-30 13:23:11,18000.0,200.0,1650500.0
433,2021-09-30 13:23:09,17950.0,100.0,1650300.0
434,2021-09-30 13:23:06,18000.0,800.0,1650200.0
435,2021-09-30 13:22:52,17950.0,800.0,1649400.0
436,2021-09-30 13:22:52,17950.0,300.0,1648600.0
437,2021-09-30 13:22:52,17950.0,10500.0,1648300.0
438,2021-09-30 13:22:52,17950.0,2000.0,1637800.0
439,2021-09-30 13:22:52,17950.0,200.0,1635800.0
440,2021-09-30 13:22:52,17950.0,100.0,1635600.0
441,2021-09-30 13:22:52,17950.0,200.0,1635500.0
442,2021-09-30 13:22:52,17950.0,5000.0,1635300.0
443,2021-09-30 13:22:52,17950.0,1200.0,1630300.0
444,2021-09-30 13:22:52,17950.0,200.0,1629100.0
445,2021-09-30 13:22:52,17950.0,200.0,1628900.0
446,2021-09-30 13:22:52,17950.0,600.0,1628700.0
447,2021-09-30 13:22:52,17950.0,1000.0,1628100.0
448,2021-09-30 13:22:52,17950.0,2700.0,1627100.0
449,2021-09-30 13:22:24,18000.0,100.0,1624400.0
450,2021-09-30 13:21:54,17950.0,100.0,1624300.0
451,2021-09-30 13:21:20,17950.0,100.0,1624200.0
452,2021-09-30 13:20:19,17950.0,2000.0,1624100.0
453,2021-09-30 13:19:09,17950.0,100.0,1622100.0
454,2021-09-30 13:19:09,17950.0,2000.0,1622000.0
455,2021-09-30 13:19:09,17950.0,100.0,1620000.0
456,2021-09-30 13:19:09,17950.0,100.0,1619900.0
457,2021-09-30 13:19:09,17950.0,1000.0,1619800.0
458,2021-09-30 13:19:09,17950.0,1000.0,1618800.0
459,2021-09-30 13:18:34,17950.0,100.0,1617800.0
460,2021-09-30 13:18:12,18000.0,3000.0,1617700.0
461,2021-09-30 13:18:10,17950.0,2000.0,1614700.0
462,2021-09-30 13:17:43,17950.0,300.0,1612700.0
463,2021-09-30 13:16:43,17950.0,2000.0,1612400.0
464,2021-09-30 13:16:29,17950.0,300.0,1610400.0
465,2021-09-30 13:16:12,17950.0,300.0,1610100.0
466,2021-09-30 13:16:12,17950.0,100.0,1609800.0
467,2021-09-30 13:15:45,17950.0,100.0,1609700.0
468,2021-09-30 13:15:45,17950.0,200.0,1609600.0
469,2021-09-30 13:15:19,18000.0,2000.0,1609400.0
470,2021-09-30 13:15:19,18000.0,700.0,1607400.0
471,2021-09-30 13:15:14,18000.0,3000.0,1606700.0
472,2021-09-30 13:15:01,18000.0,200.0,1603700.0
473,2021-09-30 13:14:35,18000.0,300.0,1603500.0
474,2021-09-30 13:14:35,18000.0,800.0,1603200.0
475,2021-09-30 13:14:06,18000.0,100.0,1602400.0
476,2021-09-30 13:14:02,18000.0,500.0,1602300.0
477,2021-09-30 13:14:02,18000.0,1200.0,1601800.0
478,2021-09-30 13:14:02,18000.0,500.0,1600600.0
479,2021-09-30 13:14:02,18000.0,500.0,1600100.0
480,2021-09-30 13:14:02,18000.0,4500.0,1599600.0
481,2021-09-30 13:14:02,18000.0,200.0,1595100.0
482,2021-09-30 13:14:02,18000.0,500.0,1594900.0
483,2021-09-30 13:14:02,18000.0,500.0,1594400.0
484,2021-09-30 13:14:02,18000.0,700.0,1593900.0
485,2021-09-30 13:12:01,18050.0,200.0,1593200.0
486,2021-09-30 13:12:01,18050.0,100.0,1593000.0
487,2021-09-30 13:11:29,18050.0,100.0,1592900.0
488,2021-09-30 13:11:20,18050.0,1000.0,1592800.0
489,2021-09-30 13:11:16,18000.0,2000.0,1591800.0
490,2021-09-30 13:09:42,18050.0,100.0,1589800.0
491,2021-09-30 13:09:42,18050.0,100.0,1589700.0
492,2021-09-30 13:07:32,18000.0,6100.0,1589600.0
493,2021-09-30 13:07:32,18000.0,100.0,1583500.0
494,2021-09-30 13:07:32,18000.0,200.0,1583400.0
495,2021-09-30 13:06:00,18000.0,3000.0,1583200.0
496,2021-09-30 13:06:00,18000.0,500.0,1580200.0
497,2021-09-30 13:06:00,18000.0,100.0,1579700.0
498,2021-09-30 13:06:00,18000.0,200.0,1579600.0
499,2021-09-30 13:06:00,18000.0,9600.0,1579400.0
500,2021-09-30 13:06:00,18050.0,5000.0,1569800.0
501,2021-09-30 13:06:00,18050.0,1000.0,1564800.0
502,2021-09-30 13:06:00,18050.0,600.0,1563800.0
503,2021-09-30 13:04:46,18050.0,4000.0,1563200.0
504,2021-09-30 13:04:46,18050.0,500.0,1559200.0
505,2021-09-30 13:04:46,18050.0,500.0,1558700.0
506,2021-09-30 13:02:39,18050.0,500.0,1558200.0
507,2021-09-30 13:01:47,18050.0,10000.0,1557700.0
508,2021-09-30 13:01:43,18050.0,20000.0,1547700.0
509,2021-09-30 13:01:06,18000.0,300.0,1527700.0
510,2021-09-30 13:01:06,18000.0,100.0,1527400.0
511,2021-09-30 13:01:00,17950.0,200.0,1527300.0
512,2021-09-30 13:01:00,17950.0,1000.0,1527100.0
513,2021-09-30 13:01:00,17950.0,200.0,1526100.0
514,2021-09-30 13:01:00,17950.0,1000.0,1525900.0
515,2021-09-30 13:01:00,17950.0,100.0,1524900.0
516,2021-09-30 13:01:00,18000.0,2000.0,1524800.0
517,2021-09-30 13:01:00,18000.0,300.0,1522800.0
518,2021-09-30 13:01:00,18000.0,1000.0,1522500.0
519,2021-09-30 13:01:00,18000.0,1000.0,1521500.0
520,2021-09-30 13:01:00,18000.0,200.0,1520500.0
521,2021-09-30 13:01:00,18000.0,500.0,1520300.0
522,2021-09-30 13:01:00,18000.0,100.0,1519800.0
523,2021-09-30 13:01:00,18000.0,2400.0,1519700.0
524,2021-09-30 13:00:18,18000.0,100.0,1517300.0
525,2021-09-30 13:00:18,18000.0,2000.0,1517200.0
526,2021-09-30 13:00:18,18000.0,2000.0,1515200.0
527,2021-09-30 13:00:18,18000.0,1000.0,1513200.0
528,2021-09-30 13:00:18,18000.0,800.0,1512200.0
529,2021-09-30 13:00:18,18000.0,600.0,1511400.0
530,2021-09-30 13:00:18,18000.0,100.0,1510800.0
531,2021-09-30 13:00:18,18000.0,200.0,1510700.0
532,2021-09-30 13:00:18,18000.0,200.0,1510500.0
533,2021-09-30 13:00:18,18000.0,200.0,1510300.0
534,2021-09-30 13:00:18,18000.0,5000.0,1510100.0
535,2021-09-30 13:00:18,18000.0,200.0,1505100.0
536,2021-09-30 13:00:18,18000.0,300.0,1504900.0
537,2021-09-30 13:00:18,18000.0,200.0,1504600.0
538,2021-09-30 13:00:18,18000.0,200.0,1504400.0
539,2021-09-30 13:00:18,18000.0,100.0,1504200.0
540,2021-09-30 13:00:18,18000.0,100.0,1504100.0
541,2021-09-30 13:00:18,18000.0,500.0,1504000.0
542,2021-09-30 13:00:18,18000.0,100.0,1503500.0
543,2021-09-30 13:00:18,18000.0,1000.0,1503400.0
544,2021-09-30 13:00:18,18000.0,100.0,1502400.0
545,2021-09-30 13:00:18,18000.0,300.0,1502300.0
546,2021-09-30 13:00:18,18000.0,400.0,1502000.0
547,2021-09-30 13:00:18,18000.0,2000.0,1501600.0
548,2021-09-30 13:00:18,18000.0,200.0,1499600.0
549,2021-09-30 13:00:18,18000.0,1000.0,1499400.0
550,2021-09-30 13:00:18,18000.0,500.0,1498400.0
551,2021-09-30 13:00:18,18000.0,200.0,1497900.0
552,2021-09-30 13:00:18,18000.0,700.0,1497700.0
553,2021-09-30 13:00:18,18000.0,100.0,1497000.0
554,2021-09-30 13:00:18,18000.0,2500.0,1496900.0
555,2021-09-30 13:00:18,18050.0,2000.0,1494400.0
556,2021-09-30 13:00:18,18050.0,1000.0,1492400.0
557,2021-09-30 13:00:18,18050.0,1500.0,1491400.0
558,2021-09-30 13:00:18,18050.0,300.0,1489900.0
559,2021-09-30 13:00:18,18050.0,200.0,1489600.0
560,2021-09-30 13:00:18,18050.0,6100.0,1489400.0
561,2021-09-30 13:00:01,18100.0,800.0,1483300.0
562,2021-09-30 11:29:18,18050.0,1200.0,1482500.0
563,2021-09-30 11:29:06,18050.0,2700.0,1481300.0
564,2021-09-30 11:29:06,18050.0,200.0,1478600.0
565,2021-09-30 11:29:06,18050.0,7100.0,1478400.0
566,2021-09-30 11:28:20,18050.0,900.0,1471300.0
567,2021-09-30 11:26:45,18050.0,2000.0,1470400.0
568,2021-09-30 11:26:06,18050.0,1000.0,1468400.0
569,2021-09-30 11:24:59,18050.0,2000.0,1467400.0
570,2021-09-30 11:24:18,18050.0,3000.0,1465400.0
571,2021-09-30 11:24:12,18050.0,1400.0,1462400.0
572,2021-09-30 11:24:12,18050.0,2000.0,1461000.0
573,2021-09-30 11:24:12,18050.0,600.0,1459000.0
574,2021-09-30 11:24:08,18000.0,7500.0,1458400.0
575,2021-09-30 11:24:08,18000.0,200.0,1450900.0
576,2021-09-30 11:24:08,18000.0,5000.0,1450700.0
577,2021-09-30 11:24:08,18000.0,500.0,1445700.0
578,2021-09-30 11:24:08,18000.0,1000.0,1445200.0
579,2021-09-30 11:24:08,18000.0,200.0,1444200.0
580,2021-09-30 11:24:08,18000.0,100.0,1444000.0
581,2021-09-30 11:24:08,18000.0,300.0,1443900.0
582,2021-09-30 11:24:08,18000.0,100.0,1443600.0
583,2021-09-30 11:24:08,18000.0,1000.0,1443500.0
584,2021-09-30 11:24:08,18000.0,100.0,1442500.0
585,2021-09-30 11:24:08,18000.0,1000.0,1442400.0
586,2021-09-30 11:24:08,18000.0,500.0,1441400.0
587,2021-09-30 11:24:08,18000.0,1000.0,1440900.0
588,2021-09-30 11:24:08,18000.0,1000.0,1439900.0
589,2021-09-30 11:24:08,18000.0,1000.0,1438900.0
590,2021-09-30 11:24:08,18000.0,1000.0,1437900.0
591,2021-09-30 11:24:08,18000.0,3500.0,1436900.0
592,2021-09-30 11:23:39,18050.0,300.0,1433400.0
593,2021-09-30 11:23:21,18050.0,100.0,1433100.0
594,2021-09-30 11:23:21,18050.0,200.0,1433000.0
595,2021-09-30 11:23:19,18050.0,300.0,1432800.0
596,2021-09-30 11:23:07,18050.0,100.0,1432500.0
597,2021-09-30 11:23:07,18050.0,1900.0,1432400.0
598,2021-09-30 11:23:03,18050.0,100.0,1430500.0
599,2021-09-30 11:23:01,18050.0,600.0,1430400.0
600,2021-09-30 11:22:24,18050.0,5000.0,1429800.0
601,2021-09-30 11:22:10,18050.0,2400.0,1424800.0
602,2021-09-30 11:21:09,18100.0,800.0,1422400.0
603,2021-09-30 11:21:09,18100.0,100.0,1421600.0
604,2021-09-30 11:21:09,18100.0,800.0,1421500.0
605,2021-09-30 11:18:18,18100.0,8100.0,1420700.0
606,2021-09-30 11:18:18,18050.0,1900.0,1412600.0
607,2021-09-30 11:18:08,18050.0,100.0,1410700.0
608,2021-09-30 11:18:08,18050.0,500.0,1410600.0
609,2021-09-30 11:18:08,18050.0,100.0,1410100.0
610,2021-09-30 11:18:08,18050.0,5000.0,1410000.0
611,2021-09-30 11:18:08,18050.0,10000.0,1405000.0
612,2021-09-30 11:18:08,18050.0,1000.0,1395000.0
613,2021-09-30 11:18:08,18050.0,1000.0,1394000.0
614,2021-09-30 11:18:08,18050.0,1000.0,1393000.0
615,2021-09-30 11:18:08,18050.0,100.0,1392000.0
616,2021-09-30 11:18:08,18050.0,1000.0,1391900.0
617,2021-09-30 11:18:08,18050.0,100.0,1390900.0
618,2021-09-30 11:18:08,18050.0,200.0,1390800.0
619,2021-09-30 11:18:08,18050.0,200.0,1390600.0
620,2021-09-30 11:18:08,18050.0,100.0,1390400.0
621,2021-09-30 11:18:08,18050.0,200.0,1390300.0
622,2021-09-30 11:18:08,18050.0,500.0,1390100.0
623,2021-09-30 11:18:08,18050.0,100.0,1389600.0
624,2021-09-30 11:18:08,18050.0,7200.0,1389500.0
625,2021-09-30 11:17:52,18050.0,800.0,1382300.0
626,2021-09-30 11:17:35,18050.0,1000.0,1381500.0
627,2021-09-30 11:16:24,18050.0,200.0,1380500.0
628,2021-09-30 11:15:41,18100.0,100.0,1380300.0
629,2021-09-30 11:14:06,18100.0,500.0,1380200.0
630,2021-09-30 11:13:30,18050.0,100.0,1379700.0
631,2021-09-30 11:13:27,18100.0,1000.0,1379600.0
632,2021-09-30 11:13:22,18050.0,100.0,1378600.0
633,2021-09-30 11:13:08,18050.0,4000.0,1378500.0
634,2021-09-30 11:12:45,18050.0,100.0,1374500.0
635,2021-09-30 11:12:25,18100.0,2000.0,1374400.0
636,2021-09-30 11:12:22,18100.0,2500.0,1372400.0
637,2021-09-30 11:12:22,18100.0,2000.0,1369900.0
638,2021-09-30 11:12:22,18100.0,1000.0,1367900.0
639,2021-09-30 11:12:22,18100.0,2000.0,1366900.0
640,2021-09-30 11:12:22,18100.0,100.0,1364900.0
641,2021-09-30 11:12:22,18100.0,2400.0,1364800.0
642,2021-09-30 11:11:47,18100.0,200.0,1362400.0
643,2021-09-30 11:08:44,18100.0,200.0,1362200.0
644,2021-09-30 11:08:13,18100.0,10000.0,1362000.0
645,2021-09-30 11:08:01,18050.0,500.0,1352000.0
646,2021-09-30 11:05:36,18050.0,6000.0,1351500.0
647,2021-09-30 11:05:24,18100.0,100.0,1345500.0
648,2021-09-30 11:04:30,18100.0,1000.0,1345400.0
649,2021-09-30 11:04:14,18100.0,10000.0,1344400.0
650,2021-09-30 11:04:14,18100.0,100.0,1334400.0
651,2021-09-30 11:04:14,18100.0,400.0,1334300.0
652,2021-09-30 11:04:14,18100.0,1000.0,1333900.0
653,2021-09-30 11:04:14,18100.0,100.0,1332900.0
654,2021-09-30 11:04:14,18100.0,100.0,1332800.0
655,2021-09-30 11:04:14,18100.0,100.0,1332700.0
656,2021-09-30 11:04:14,18100.0,100.0,1332600.0
657,2021-09-30 11:04:14,18100.0,200.0,1332500.0
658,2021-09-30 11:04:14,18100.0,20000.0,1332300.0
659,2021-09-30 11:04:14,18100.0,1000.0,1312300.0
660,2021-09-30 11:04:14,18100.0,300.0,1311300.0
661,2021-09-30 11:04:14,18100.0,1000.0,1311000.0
662,2021-09-30 11:04:14,18100.0,800.0,1310000.0
663,2021-09-30 11:04:14,18100.0,1000.0,1309200.0
664,2021-09-30 11:04:14,18100.0,1000.0,1308200.0
665,2021-09-30 11:04:14,18100.0,300.0,1307200.0
666,2021-09-30 11:04:14,18100.0,200.0,1306900.0
667,2021-09-30 11:04:14,18100.0,1000.0,1306700.0
668,2021-09-30 11:04:14,18100.0,2000.0,1305700.0
669,2021-09-30 11:04:14,18100.0,3000.0,1303700.0
670,2021-09-30 11:04:14,18100.0,100.0,1300700.0
671,2021-09-30 11:04:14,18100.0,200.0,1300600.0
672,2021-09-30 11:04:14,18100.0,100.0,1300400.0
673,2021-09-30 11:04:14,18100.0,100.0,1300300.0
674,2021-09-30 11:04:14,18100.0,300.0,1300200.0
675,2021-09-30 11:04:14,18100.0,1000.0,1299900.0
676,2021-09-30 11:04:14,18100.0,200.0,1298900.0
677,2021-09-30 11:04:14,18100.0,200.0,1298700.0
678,2021-09-30 11:04:14,18100.0,300.0,1298500.0
679,2021-09-30 11:04:14,18100.0,100.0,1298200.0
680,2021-09-30 11:04:14,18100.0,100.0,1298100.0
681,2021-09-30 11:04:14,18100.0,1000.0,1298000.0
682,2021-09-30 11:04:14,18100.0,1000.0,1297000.0
683,2021-09-30 11:04:14,18100.0,100.0,1296000.0
684,2021-09-30 11:04:14,18100.0,200.0,1295900.0
685,2021-09-30 11:04:14,18100.0,100.0,1295700.0
686,2021-09-30 11:04:14,18100.0,20000.0,1295600.0
687,2021-09-30 11:04:14,18100.0,17300.0,1275600.0
688,2021-09-30 11:01:18,18100.0,400.0,1258300.0
689,2021-09-30 11:01:14,18150.0,1000.0,1257900.0
690,2021-09-30 11:00:57,18150.0,200.0,1256900.0
691,2021-09-30 10:59:57,18150.0,100.0,1256700.0
692,2021-09-30 10:57:45,18150.0,500.0,1256600.0
693,2021-09-30 10:57:23,18150.0,200.0,1256100.0
694,2021-09-30 10:56:40,18150.0,1000.0,1255900.0
695,2021-09-30 10:55:55,18150.0,17000.0,1254900.0
696,2021-09-30 10:55:55,18150.0,100.0,1237900.0
697,2021-09-30 10:55:55,18150.0,3600.0,1237800.0
698,2021-09-30 10:55:36,18150.0,300.0,1234200.0
699,2021-09-30 10:55:12,18150.0,200.0,1233900.0
700,2021-09-30 10:53:25,18100.0,2000.0,1233700.0
701,2021-09-30 10:52:53,18100.0,300.0,1231700.0
702,2021-09-30 10:52:53,18100.0,200.0,1231400.0
703,2021-09-30 10:52:18,18150.0,200.0,1231200.0
704,2021-09-30 10:51:58,18150.0,400.0,1231000.0
705,2021-09-30 10:51:54,18150.0,300.0,1230600.0
706,2021-09-30 10:51:02,18150.0,300.0,1230300.0
707,2021-09-30 10:50:56,18150.0,100.0,1230000.0
708,2021-09-30 10:50:56,18150.0,50000.0,1229900.0
709,2021-09-30 10:48:59,18150.0,100.0,1179900.0
710,2021-09-30 10:48:56,18150.0,2000.0,1179800.0
711,2021-09-30 10:48:34,18150.0,200.0,1177800.0
712,2021-09-30 10:48:34,18150.0,12600.0,1177600.0
713,2021-09-30 10:48:31,18150.0,100.0,1165000.0
714,2021-09-30 10:48:28,18100.0,700.0,1164900.0
715,2021-09-30 10:48:11,18150.0,30000.0,1164200.0
716,2021-09-30 10:48:11,18150.0,1000.0,1134200.0
717,2021-09-30 10:48:11,18150.0,2800.0,1133200.0
718,2021-09-30 10:48:11,18150.0,500.0,1130400.0
719,2021-09-30 10:48:11,18150.0,3000.0,1129900.0
720,2021-09-30 10:47:47,18150.0,7000.0,1126900.0
721,2021-09-30 10:47:47,18150.0,1000.0,1119900.0
722,2021-09-30 10:47:47,18150.0,1000.0,1118900.0
723,2021-09-30 10:47:47,18150.0,1000.0,1117900.0
724,2021-09-30 10:47:45,18150.0,500.0,1116900.0
725,2021-09-30 10:47:45,18150.0,200.0,1116400.0
726,2021-09-30 10:47:39,18150.0,200.0,1116200.0
727,2021-09-30 10:47:22,18200.0,6000.0,1116000.0
728,2021-09-30 10:47:22,18150.0,4000.0,1110000.0
729,2021-09-30 10:46:27,18200.0,100.0,1106000.0
730,2021-09-30 10:46:12,18150.0,1000.0,1105900.0
731,2021-09-30 10:45:27,18150.0,4000.0,1104900.0
732,2021-09-30 10:43:57,18150.0,10600.0,1100900.0
733,2021-09-30 10:43:57,18150.0,8000.0,1090300.0
734,2021-09-30 10:43:57,18150.0,900.0,1082300.0
735,2021-09-30 10:43:57,18150.0,500.0,1081400.0
736,2021-09-30 10:43:56,18200.0,500.0,1080900.0
737,2021-09-30 10:43:43,18200.0,5000.0,1080400.0
738,2021-09-30 10:43:43,18200.0,16000.0,1075400.0
739,2021-09-30 10:43:09,18200.0,100.0,1059400.0
740,2021-09-30 10:42:54,18200.0,300.0,1059300.0
741,2021-09-30 10:42:54,18200.0,1000.0,1059000.0
742,2021-09-30 10:42:54,18200.0,300.0,1058000.0
743,2021-09-30 10:42:54,18200.0,1800.0,1057700.0
744,2021-09-30 10:42:54,18200.0,5000.0,1055900.0
745,2021-09-30 10:42:54,18200.0,2000.0,1050900.0
746,2021-09-30 10:42:54,18200.0,2000.0,1048900.0
747,2021-09-30 10:42:54,18200.0,2000.0,1046900.0
748,2021-09-30 10:42:54,18200.0,900.0,1044900.0
749,2021-09-30 10:42:54,18200.0,1000.0,1044000.0
750,2021-09-30 10:42:54,18200.0,1300.0,1043000.0
751,2021-09-30 10:42:54,18200.0,3000.0,1041700.0
752,2021-09-30 10:42:54,18200.0,1000.0,1038700.0
753,2021-09-30 10:42:54,18200.0,1000.0,1037700.0
754,2021-09-30 10:42:54,18200.0,200.0,1036700.0
755,2021-09-30 10:42:54,18200.0,1000.0,1036500.0
756,2021-09-30 10:42:54,18200.0,2000.0,1035500.0
757,2021-09-30 10:42:54,18200.0,100.0,1033500.0
758,2021-09-30 10:42:54,18200.0,1000.0,1033400.0
759,2021-09-30 10:42:54,18200.0,3000.0,1032400.0
760,2021-09-30 10:42:54,18200.0,200.0,1029400.0
761,2021-09-30 10:42:54,18200.0,5800.0,1029200.0
762,2021-09-30 10:42:54,18200.0,11000.0,1023400.0
763,2021-09-30 10:42:24,18150.0,2000.0,1012400.0
764,2021-09-30 10:42:20,18150.0,200.0,1010400.0
765,2021-09-30 10:42:13,18150.0,2300.0,1010200.0
766,2021-09-30 10:42:13,18150.0,500.0,1007900.0
767,2021-09-30 10:42:13,18150.0,2200.0,1007400.0
768,2021-09-30 10:41:58,18150.0,800.0,1005200.0
769,2021-09-30 10:41:58,18150.0,1000.0,1004400.0
770,2021-09-30 10:41:58,18150.0,400.0,1003400.0
771,2021-09-30 10:41:58,18150.0,800.0,1003000.0
772,2021-09-30 10:41:00,18150.0,200.0,1002200.0
773,2021-09-30 10:41:00,18150.0,2800.0,1002000.0
774,2021-09-30 10:40:37,18150.0,700.0,999200.0
775,2021-09-30 10:40:10,18150.0,1000.0,998500.0
776,2021-09-30 10:39:41,18200.0,4000.0,997500.0
777,2021-09-30 10:39:41,18200.0,1000.0,993500.0
778,2021-09-30 10:37:33,18150.0,7700.0,992500.0
779,2021-09-30 10:37:17,18150.0,5000.0,984800.0
780,2021-09-30 10:37:13,18150.0,1000.0,979800.0
781,2021-09-30 10:35:59,18150.0,200.0,978800.0
782,2021-09-30 10:34:24,18150.0,1000.0,978600.0
783,2021-09-30 10:33:55,18200.0,900.0,977600.0
784,2021-09-30 10:33:55,18200.0,100.0,976700.0
785,2021-09-30 10:33:48,18150.0,600.0,976600.0
786,2021-09-30 10:33:48,18150.0,1000.0,976000.0
787,2021-09-30 10:33:48,18150.0,100.0,975000.0
788,2021-09-30 10:33:48,18150.0,300.0,974900.0
789,2021-09-30 10:33:33,18200.0,500.0,974600.0
790,2021-09-30 10:33:00,18200.0,300.0,974100.0
791,2021-09-30 10:32:57,18200.0,100.0,973800.0
792,2021-09-30 10:32:56,18200.0,1000.0,973700.0
793,2021-09-30 10:31:59,18200.0,18300.0,972700.0
794,2021-09-30 10:31:51,18200.0,20000.0,954400.0
795,2021-09-30 10:31:19,18200.0,8000.0,934400.0
796,2021-09-30 10:29:56,18150.0,100.0,926400.0
797,2021-09-30 10:29:32,18150.0,1000.0,926300.0
798,2021-09-30 10:29:22,18200.0,100.0,925300.0
799,2021-09-30 10:28:56,18150.0,600.0,925200.0
800,2021-09-30 10:28:56,18150.0,1700.0,924600.0
801,2021-09-30 10:28:45,18150.0,1500.0,922900.0
802,2021-09-30 10:28:34,18150.0,600.0,921400.0
803,2021-09-30 10:27:52,18150.0,1200.0,920800.0
804,2021-09-30 10:27:42,18150.0,800.0,919600.0
805,2021-09-30 10:27:42,18150.0,100.0,918800.0
806,2021-09-30 10:27:42,18150.0,1000.0,918700.0
807,2021-09-30 10:27:42,18150.0,100.0,917700.0
808,2021-09-30 10:27:32,18150.0,100.0,917600.0
809,2021-09-30 10:27:32,18150.0,600.0,917500.0
810,2021-09-30 10:27:23,18100.0,500.0,916900.0
811,2021-09-30 10:27:13,18150.0,300.0,916400.0
812,2021-09-30 10:27:13,18150.0,2700.0,916100.0
813,2021-09-30 10:26:16,18150.0,2000.0,913400.0
814,2021-09-30 10:25:29,18150.0,1000.0,911400.0
815,2021-09-30 10:25:29,18150.0,1000.0,910400.0
816,2021-09-30 10:25:29,18150.0,2000.0,909400.0
817,2021-09-30 10:25:29,18150.0,100.0,907400.0
818,2021-09-30 10:25:29,18150.0,600.0,907300.0
819,2021-09-30 10:25:29,18150.0,500.0,906700.0
820,2021-09-30 10:25:29,18150.0,100.0,906200.0
821,2021-09-30 10:25:12,18150.0,200.0,906100.0
822,2021-09-30 10:25:12,18150.0,100.0,905900.0
823,2021-09-30 10:25:10,18150.0,500.0,905800.0
824,2021-09-30 10:25:10,18150.0,200.0,905300.0
825,2021-09-30 10:25:10,18150.0,4300.0,905100.0
826,2021-09-30 10:25:07,18150.0,1000.0,900800.0
827,2021-09-30 10:24:55,18150.0,1000.0,899800.0
828,2021-09-30 10:24:32,18150.0,3800.0,898800.0
829,2021-09-30 10:24:27,18150.0,100.0,895000.0
830,2021-09-30 10:24:25,18150.0,500.0,894900.0
831,2021-09-30 10:24:19,18150.0,1000.0,894400.0
832,2021-09-30 10:24:08,18150.0,3000.0,893400.0
833,2021-09-30 10:24:06,18150.0,2000.0,890400.0
834,2021-09-30 10:23:53,18150.0,200.0,888400.0
835,2021-09-30 10:23:42,18150.0,1000.0,888200.0
836,2021-09-30 10:23:22,18150.0,2000.0,887200.0
837,2021-09-30 10:23:10,18150.0,100.0,885200.0
838,2021-09-30 10:23:10,18150.0,1000.0,885100.0
839,2021-09-30 10:23:10,18150.0,200.0,884100.0
840,2021-09-30 10:22:57,18150.0,100.0,883900.0
841,2021-09-30 10:22:57,18150.0,100.0,883800.0
842,2021-09-30 10:22:57,18150.0,100.0,883700.0
843,2021-09-30 10:22:52,18150.0,500.0,883600.0
844,2021-09-30 10:22:52,18150.0,500.0,883100.0
845,2021-09-30 10:22:41,18150.0,3900.0,882600.0
846,2021-09-30 10:22:29,18150.0,4000.0,878700.0
847,2021-09-30 10:22:23,18150.0,400.0,874700.0
848,2021-09-30 10:22:18,18150.0,500.0,874300.0
849,2021-09-30 10:21:04,18150.0,700.0,873800.0
850,2021-09-30 10:21:04,18150.0,100.0,873100.0
851,2021-09-30 10:20:22,18150.0,2000.0,873000.0
852,2021-09-30 10:18:21,18150.0,2800.0,871000.0
853,2021-09-30 10:18:20,18150.0,2000.0,868200.0
854,2021-09-30 10:18:12,18150.0,100.0,866200.0
855,2021-09-30 10:17:56,18150.0,600.0,866100.0
856,2021-09-30 10:17:44,18150.0,900.0,865500.0
857,2021-09-30 10:17:16,18150.0,1500.0,864600.0
858,2021-09-30 10:17:16,18150.0,500.0,863100.0
859,2021-09-30 10:16:10,18200.0,100.0,862600.0
860,2021-09-30 10:15:49,18200.0,200.0,862500.0
861,2021-09-30 10:15:49,18200.0,1400.0,862300.0
862,2021-09-30 10:15:49,18200.0,400.0,860900.0
863,2021-09-30 10:15:49,18150.0,100.0,860500.0
864,2021-09-30 10:15:49,18150.0,100.0,860400.0
865,2021-09-30 10:14:44,18200.0,1000.0,860300.0
866,2021-09-30 10:14:44,18200.0,600.0,859300.0
867,2021-09-30 10:14:38,18200.0,100.0,858700.0
868,2021-09-30 10:14:38,18200.0,300.0,858600.0
869,2021-09-30 10:14:36,18200.0,2000.0,858300.0
870,2021-09-30 10:14:24,18200.0,600.0,856300.0
871,2021-09-30 10:14:18,18200.0,800.0,855700.0
872,2021-09-30 10:14:17,18200.0,800.0,854900.0
873,2021-09-30 10:14:17,18200.0,1000.0,854100.0
874,2021-09-30 10:14:17,18200.0,1000.0,853100.0
875,2021-09-30 10:14:17,18200.0,200.0,852100.0
876,2021-09-30 10:14:17,18200.0,100.0,851900.0
877,2021-09-30 10:14:17,18200.0,1000.0,851800.0
878,2021-09-30 10:14:17,18200.0,5900.0,850800.0
879,2021-09-30 10:14:15,18250.0,1000.0,844900.0
880,2021-09-30 10:14:15,18250.0,2200.0,843900.0
881,2021-09-30 10:14:15,18250.0,1800.0,841700.0
882,2021-09-30 10:14:08,18200.0,5000.0,839900.0
883,2021-09-30 10:13:51,18200.0,200.0,834900.0
884,2021-09-30 10:13:40,18200.0,300.0,834700.0
885,2021-09-30 10:13:39,18200.0,1500.0,834400.0
886,2021-09-30 10:13:33,18200.0,500.0,832900.0
887,2021-09-30 10:13:14,18200.0,4600.0,832400.0
888,2021-09-30 10:13:14,18200.0,500.0,827800.0
889,2021-09-30 10:13:14,18200.0,100.0,827300.0
890,2021-09-30 10:13:14,18200.0,1500.0,827200.0
891,2021-09-30 10:13:14,18200.0,1000.0,825700.0
892,2021-09-30 10:13:14,18200.0,100.0,824700.0
893,2021-09-30 10:13:14,18200.0,1000.0,824600.0
894,2021-09-30 10:13:14,18200.0,200.0,823600.0
895,2021-09-30 10:13:14,18200.0,200.0,823400.0
896,2021-09-30 10:13:14,18200.0,800.0,823200.0
897,2021-09-30 10:13:05,18200.0,100.0,822400.0
898,2021-09-30 10:13:01,18200.0,100.0,822300.0
899,2021-09-30 10:13:01,18200.0,300.0,822200.0
900,2021-09-30 10:13:01,18200.0,1600.0,821900.0
901,2021-09-30 10:12:07,18250.0,100.0,820300.0
902,2021-09-30 10:12:07,18200.0,1400.0,820200.0
903,2021-09-30 10:12:07,18200.0,100.0,818800.0
904,2021-09-30 10:12:07,18200.0,3500.0,818700.0
905,2021-09-30 10:12:02,18200.0,300.0,815200.0
906,2021-09-30 10:11:41,18200.0,500.0,814900.0
907,2021-09-30 10:11:37,18200.0,1000.0,814400.0
908,2021-09-30 10:11:36,18250.0,300.0,813400.0
909,2021-09-30 10:11:31,18200.0,10000.0,813100.0
910,2021-09-30 10:10:36,18250.0,100.0,803100.0
911,2021-09-30 10:10:34,18250.0,1700.0,803000.0
912,2021-09-30 10:10:34,18250.0,1000.0,801300.0
913,2021-09-30 10:10:33,18250.0,300.0,800300.0
914,2021-09-30 10:10:33,18250.0,1700.0,800000.0
915,2021-09-30 10:10:33,18250.0,5300.0,798300.0
916,2021-09-30 10:10:33,18250.0,700.0,793000.0
917,2021-09-30 10:10:29,18250.0,200.0,792300.0
918,2021-09-30 10:10:17,18250.0,2100.0,792100.0
919,2021-09-30 10:10:17,18250.0,100.0,790000.0
920,2021-09-30 10:10:06,18250.0,8600.0,789900.0
921,2021-09-30 10:10:02,18250.0,1300.0,781300.0
922,2021-09-30 10:10:02,18250.0,100.0,780000.0
923,2021-09-30 10:10:02,18250.0,600.0,779900.0
924,2021-09-30 10:09:33,18250.0,500.0,779300.0
925,2021-09-30 10:09:11,18250.0,2000.0,778800.0
926,2021-09-30 10:09:06,18250.0,300.0,776800.0
927,2021-09-30 10:08:51,18300.0,200.0,776500.0
928,2021-09-30 10:08:39,18250.0,1000.0,776300.0
929,2021-09-30 10:08:16,18250.0,4000.0,775300.0
930,2021-09-30 10:08:04,18250.0,500.0,771300.0
931,2021-09-30 10:07:37,18250.0,100.0,770800.0
932,2021-09-30 10:07:28,18250.0,7000.0,770700.0
933,2021-09-30 10:07:20,18250.0,1000.0,763700.0
934,2021-09-30 10:07:09,18250.0,500.0,762700.0
935,2021-09-30 10:06:34,18250.0,2000.0,762200.0
936,2021-09-30 10:06:04,18250.0,1000.0,760200.0
937,2021-09-30 10:06:00,18250.0,100.0,759200.0
938,2021-09-30 10:05:24,18250.0,10000.0,759100.0
939,2021-09-30 10:04:27,18300.0,500.0,749100.0
940,2021-09-30 10:03:52,18300.0,1300.0,748600.0
941,2021-09-30 10:03:50,18300.0,100.0,747300.0
942,2021-09-30 10:03:50,18300.0,100.0,747200.0
943,2021-09-30 10:03:24,18300.0,300.0,747100.0
944,2021-09-30 10:03:15,18300.0,200.0,746800.0
945,2021-09-30 10:03:03,18300.0,4800.0,746600.0
946,2021-09-30 10:03:01,18300.0,200.0,741800.0
947,2021-09-30 10:02:46,18300.0,100.0,741600.0
948,2021-09-30 10:02:44,18300.0,700.0,741500.0
949,2021-09-30 10:02:44,18300.0,1200.0,740800.0
950,2021-09-30 10:02:41,18300.0,3800.0,739600.0
951,2021-09-30 10:02:41,18300.0,100.0,735800.0
952,2021-09-30 10:02:41,18300.0,3100.0,735700.0
953,2021-09-30 10:02:18,18300.0,1900.0,732600.0
954,2021-09-30 10:02:18,18300.0,100.0,730700.0
955,2021-09-30 10:02:16,18300.0,200.0,730600.0
956,2021-09-30 10:01:56,18300.0,600.0,730400.0
957,2021-09-30 10:01:42,18300.0,500.0,729800.0
958,2021-09-30 10:01:17,18300.0,200.0,729300.0
959,2021-09-30 10:01:09,18350.0,100.0,729100.0
960,2021-09-30 10:01:02,18300.0,100.0,729000.0
961,2021-09-30 10:00:54,18300.0,200.0,728900.0
962,2021-09-30 10:00:23,18300.0,200.0,728700.0
963,2021-09-30 10:00:23,18300.0,2000.0,728500.0
964,2021-09-30 10:00:23,18300.0,100.0,726500.0
965,2021-09-30 10:00:23,18300.0,300.0,726400.0
966,2021-09-30 10:00:23,18300.0,300.0,726100.0
967,2021-09-30 10:00:23,18300.0,200.0,725800.0
968,2021-09-30 10:00:02,18300.0,200.0,725600.0
969,2021-09-30 09:59:58,18300.0,100.0,725400.0
970,2021-09-30 09:59:33,18300.0,400.0,725300.0
971,2021-09-30 09:59:26,18300.0,300.0,724900.0
972,2021-09-30 09:59:26,18300.0,200.0,724600.0
973,2021-09-30 09:59:04,18300.0,3600.0,724400.0
974,2021-09-30 09:58:56,18250.0,100.0,720800.0
975,2021-09-30 09:58:50,18250.0,400.0,720700.0
976,2021-09-30 09:58:50,18250.0,200.0,720300.0
977,2021-09-30 09:58:34,18300.0,1300.0,720100.0
978,2021-09-30 09:58:32,18300.0,1100.0,718800.0
979,2021-09-30 09:58:32,18300.0,100.0,717700.0
980,2021-09-30 09:58:32,18300.0,1000.0,717600.0
981,2021-09-30 09:58:32,18300.0,800.0,716600.0
982,2021-09-30 09:58:32,18300.0,300.0,715800.0
983,2021-09-30 09:58:32,18300.0,1000.0,715500.0
984,2021-09-30 09:58:32,18300.0,100.0,714500.0
985,2021-09-30 09:58:32,18300.0,5600.0,714400.0
986,2021-09-30 09:57:57,18250.0,800.0,708800.0
987,2021-09-30 09:57:57,18250.0,200.0,708000.0
988,2021-09-30 09:57:41,18250.0,900.0,707800.0
989,2021-09-30 09:57:28,18250.0,900.0,706900.0
990,2021-09-30 09:57:26,18250.0,300.0,706000.0
991,2021-09-30 09:57:25,18250.0,100.0,705700.0
992,2021-09-30 09:57:05,18250.0,2000.0,705600.0
993,2021-09-30 09:56:54,18250.0,100.0,703600.0
994,2021-09-30 09:56:15,18250.0,200.0,703500.0
995,2021-09-30 09:55:30,18250.0,300.0,703300.0
996,2021-09-30 09:55:30,18250.0,500.0,703000.0
997,2021-09-30 09:55:30,18250.0,200.0,702500.0
998,2021-09-30 09:55:19,18300.0,4400.0,702300.0
999,2021-09-30 09:55:19,18300.0,500.0,697900.0
1000,2021-09-30 09:55:19,18300.0,100.0,697400.0
1001,2021-09-30 09:55:12,18250.0,300.0,697300.0
1002,2021-09-30 09:55:12,18250.0,400.0,697000.0
1003,2021-09-30 09:55:12,18300.0,100.0,696600.0
1004,2021-09-30 09:55:02,18300.0,100.0,696500.0
1005,2021-09-30 09:54:55,18300.0,500.0,696400.0
1006,2021-09-30 09:54:55,18300.0,200.0,695900.0
1007,2021-09-30 09:54:41,18300.0,700.0,695700.0
1008,2021-09-30 09:54:41,18300.0,1000.0,695000.0
1009,2021-09-30 09:54:41,18300.0,1000.0,694000.0
1010,2021-09-30 09:54:41,18300.0,600.0,693000.0
1011,2021-09-30 09:54:41,18300.0,200.0,692400.0
1012,2021-09-30 09:54:41,18300.0,500.0,692200.0
1013,2021-09-30 09:54:41,18300.0,200.0,691700.0
1014,2021-09-30 09:54:41,18300.0,300.0,691500.0
1015,2021-09-30 09:54:41,18300.0,5000.0,691200.0
1016,2021-09-30 09:54:41,18300.0,100.0,686200.0
1017,2021-09-30 09:54:41,18300.0,5000.0,686100.0
1018,2021-09-30 09:54:41,18300.0,2100.0,681100.0
1019,2021-09-30 09:54:41,18300.0,300.0,679000.0
1020,2021-09-30 09:54:41,18300.0,200.0,678700.0
1021,2021-09-30 09:54:41,18300.0,2100.0,678500.0
1022,2021-09-30 09:54:41,18300.0,300.0,676400.0
1023,2021-09-30 09:54:41,18300.0,400.0,676100.0
1024,2021-09-30 09:54:35,18300.0,100.0,675700.0
1025,2021-09-30 09:54:35,18300.0,5000.0,675600.0
1026,2021-09-30 09:54:35,18300.0,300.0,670600.0
1027,2021-09-30 09:54:35,18300.0,2300.0,670300.0
1028,2021-09-30 09:54:35,18300.0,1000.0,668000.0
1029,2021-09-30 09:54:35,18300.0,2000.0,667000.0
1030,2021-09-30 09:54:35,18300.0,200.0,665000.0
1031,2021-09-30 09:54:35,18300.0,200.0,664800.0
1032,2021-09-30 09:54:35,18300.0,1300.0,664600.0
1033,2021-09-30 09:54:35,18300.0,100.0,663300.0
1034,2021-09-30 09:54:35,18300.0,200.0,663200.0
1035,2021-09-30 09:54:35,18300.0,1000.0,663000.0
1036,2021-09-30 09:54:35,18300.0,500.0,662000.0
1037,2021-09-30 09:54:35,18300.0,300.0,661500.0
1038,2021-09-30 09:54:35,18300.0,100.0,661200.0
1039,2021-09-30 09:54:35,18300.0,2000.0,661100.0
1040,2021-09-30 09:54:35,18300.0,400.0,659100.0
1041,2021-09-30 09:54:35,18300.0,16000.0,658700.0
1042,2021-09-30 09:54:35,18300.0,500.0,642700.0
1043,2021-09-30 09:54:35,18300.0,1000.0,642200.0
1044,2021-09-30 09:54:35,18300.0,200.0,641200.0
1045,2021-09-30 09:54:35,18300.0,200.0,641000.0
1046,2021-09-30 09:54:35,18300.0,2000.0,640800.0
1047,2021-09-30 09:54:35,18300.0,100.0,638800.0
1048,2021-09-30 09:54:35,18300.0,200.0,638700.0
1049,2021-09-30 09:54:35,18300.0,600.0,638500.0
1050,2021-09-30 09:54:35,18300.0,3000.0,637900.0
1051,2021-09-30 09:54:35,18300.0,5000.0,634900.0
1052,2021-09-30 09:54:35,18300.0,5000.0,629900.0
1053,2021-09-30 09:54:35,18300.0,5000.0,624900.0
1054,2021-09-30 09:54:35,18300.0,5000.0,619900.0
1055,2021-09-30 09:54:35,18300.0,4200.0,614900.0
1056,2021-09-30 09:54:00,18300.0,800.0,610700.0
1057,2021-09-30 09:54:00,18300.0,4200.0,609900.0
1058,2021-09-30 09:53:18,18300.0,800.0,605700.0
1059,2021-09-30 09:53:18,18300.0,200.0,604900.0
1060,2021-09-30 09:53:11,18300.0,200.0,604700.0
1061,2021-09-30 09:52:44,18250.0,1100.0,604500.0
1062,2021-09-30 09:52:38,18300.0,100.0,603400.0
1063,2021-09-30 09:52:30,18250.0,200.0,603300.0
1064,2021-09-30 09:52:28,18300.0,100.0,603100.0
1065,2021-09-30 09:52:26,18250.0,500.0,603000.0
1066,2021-09-30 09:52:16,18250.0,100.0,602500.0
1067,2021-09-30 09:52:08,18300.0,100.0,602400.0
1068,2021-09-30 09:51:59,18250.0,1000.0,602300.0
1069,2021-09-30 09:51:57,18250.0,1700.0,601300.0
1070,2021-09-30 09:51:57,18250.0,300.0,599600.0
1071,2021-09-30 09:51:41,18250.0,2700.0,599300.0
1072,2021-09-30 09:51:40,18250.0,900.0,596600.0
1073,2021-09-30 09:51:40,18250.0,100.0,595700.0
1074,2021-09-30 09:51:40,18250.0,300.0,595600.0
1075,2021-09-30 09:51:40,18250.0,2700.0,595300.0
1076,2021-09-30 09:51:35,18200.0,400.0,592600.0
1077,2021-09-30 09:51:31,18250.0,300.0,592200.0
1078,2021-09-30 09:51:31,18250.0,100.0,591900.0
1079,2021-09-30 09:51:31,18250.0,500.0,591800.0
1080,2021-09-30 09:51:31,18250.0,100.0,591300.0
1081,2021-09-30 09:51:31,18250.0,500.0,591200.0
1082,2021-09-30 09:51:31,18250.0,100.0,590700.0
1083,2021-09-30 09:51:31,18250.0,500.0,590600.0
1084,2021-09-30 09:51:31,18250.0,200.0,590100.0
1085,2021-09-30 09:51:31,18250.0,500.0,589900.0
1086,2021-09-30 09:51:31,18250.0,200.0,589400.0
1087,2021-09-30 09:51:31,18250.0,1000.0,589200.0
1088,2021-09-30 09:51:31,18250.0,500.0,588200.0
1089,2021-09-30 09:51:31,18250.0,6500.0,587700.0
1090,2021-09-30 09:51:23,18250.0,3500.0,581200.0
1091,2021-09-30 09:51:23,18250.0,100.0,577700.0
1092,2021-09-30 09:51:23,18250.0,1000.0,577600.0
1093,2021-09-30 09:51:23,18250.0,1000.0,576600.0
1094,2021-09-30 09:51:23,18250.0,1000.0,575600.0
1095,2021-09-30 09:51:23,18250.0,1000.0,574600.0
1096,2021-09-30 09:51:23,18250.0,1000.0,573600.0
1097,2021-09-30 09:51:23,18250.0,1000.0,572600.0
1098,2021-09-30 09:51:23,18250.0,1000.0,571600.0
1099,2021-09-30 09:51:23,18250.0,1000.0,570600.0
1100,2021-09-30 09:51:23,18250.0,1000.0,569600.0
1101,2021-09-30 09:51:23,18250.0,1000.0,568600.0
1102,2021-09-30 09:51:23,18250.0,100.0,567600.0
1103,2021-09-30 09:51:23,18250.0,100.0,567500.0
1104,2021-09-30 09:51:23,18250.0,1000.0,567400.0
1105,2021-09-30 09:51:23,18250.0,5200.0,566400.0
1106,2021-09-30 09:51:20,18250.0,100.0,561200.0
1107,2021-09-30 09:51:15,18250.0,4700.0,561100.0
1108,2021-09-30 09:51:15,18250.0,300.0,556400.0
1109,2021-09-30 09:51:03,18250.0,200.0,556100.0
1110,2021-09-30 09:50:46,18250.0,500.0,555900.0
1111,2021-09-30 09:50:46,18250.0,500.0,555400.0
1112,2021-09-30 09:50:37,18200.0,100.0,554900.0
1113,2021-09-30 09:50:33,18200.0,100.0,554800.0
1114,2021-09-30 09:50:32,18200.0,100.0,554700.0
1115,2021-09-30 09:50:31,18200.0,200.0,554600.0
1116,2021-09-30 09:50:18,18200.0,100.0,554400.0
1117,2021-09-30 09:50:10,18200.0,3000.0,554300.0
1118,2021-09-30 09:50:02,18200.0,100.0,551300.0
1119,2021-09-30 09:49:20,18200.0,100.0,551200.0
1120,2021-09-30 09:49:18,18200.0,2000.0,551100.0
1121,2021-09-30 09:49:18,18200.0,500.0,549100.0
1122,2021-09-30 09:49:18,18200.0,500.0,548600.0
1123,2021-09-30 09:49:18,18200.0,5000.0,548100.0
1124,2021-09-30 09:49:18,18200.0,300.0,543100.0
1125,2021-09-30 09:49:18,18200.0,600.0,542800.0
1126,2021-09-30 09:49:18,18200.0,200.0,542200.0
1127,2021-09-30 09:49:18,18200.0,200.0,542000.0
1128,2021-09-30 09:49:18,18200.0,1000.0,541800.0
1129,2021-09-30 09:49:18,18200.0,500.0,540800.0
1130,2021-09-30 09:49:18,18200.0,300.0,540300.0
1131,2021-09-30 09:49:18,18200.0,100.0,540000.0
1132,2021-09-30 09:49:18,18200.0,4000.0,539900.0
1133,2021-09-30 09:49:18,18200.0,100.0,535900.0
1134,2021-09-30 09:49:18,18200.0,100.0,535800.0
1135,2021-09-30 09:49:18,18200.0,1000.0,535700.0
1136,2021-09-30 09:49:18,18200.0,100.0,534700.0
1137,2021-09-30 09:49:18,18200.0,100000.0,534600.0
1138,2021-09-30 09:49:18,18200.0,2400.0,434600.0
1139,2021-09-30 09:49:18,18200.0,100.0,432200.0
1140,2021-09-30 09:49:18,18200.0,200.0,432100.0
1141,2021-09-30 09:49:18,18200.0,900.0,431900.0
1142,2021-09-30 09:49:18,18200.0,300.0,431000.0
1143,2021-09-30 09:49:18,18200.0,200.0,430700.0
1144,2021-09-30 09:49:18,18200.0,200.0,430500.0
1145,2021-09-30 09:49:18,18200.0,1000.0,430300.0
1146,2021-09-30 09:49:18,18200.0,1000.0,429300.0
1147,2021-09-30 09:49:18,18200.0,500.0,428300.0
1148,2021-09-30 09:49:18,18200.0,1000.0,427800.0
1149,2021-09-30 09:49:18,18200.0,1000.0,426800.0
1150,2021-09-30 09:49:18,18200.0,100.0,425800.0
1151,2021-09-30 09:49:18,18200.0,5000.0,425700.0
1152,2021-09-30 09:49:18,18200.0,100.0,420700.0
1153,2021-09-30 09:49:09,18200.0,4900.0,420600.0
1154,2021-09-30 09:49:09,18200.0,4100.0,415700.0
1155,2021-09-30 09:48:51,18200.0,9900.0,411600.0
1156,2021-09-30 09:48:51,18200.0,2000.0,401700.0
1157,2021-09-30 09:48:51,18200.0,100.0,399700.0
1158,2021-09-30 09:48:51,18200.0,200.0,399600.0
1159,2021-09-30 09:48:51,18200.0,100.0,399400.0
1160,2021-09-30 09:48:51,18200.0,1700.0,399300.0
1161,2021-09-30 09:48:26,18150.0,1000.0,397600.0
1162,2021-09-30 09:48:05,18150.0,100.0,396600.0
1163,2021-09-30 09:47:49,18150.0,400.0,396500.0
1164,2021-09-30 09:47:43,18150.0,300.0,396100.0
1165,2021-09-30 09:47:10,18150.0,600.0,395800.0
1166,2021-09-30 09:47:02,18150.0,1900.0,395200.0
1167,2021-09-30 09:47:02,18150.0,2000.0,393300.0
1168,2021-09-30 09:47:02,18150.0,500.0,391300.0
1169,2021-09-30 09:47:02,18150.0,300.0,390800.0
1170,2021-09-30 09:46:42,18150.0,100.0,390500.0
1171,2021-09-30 09:46:30,18150.0,1900.0,390400.0
1172,2021-09-30 09:46:30,18150.0,200.0,388500.0
1173,2021-09-30 09:46:30,18150.0,6400.0,388300.0
1174,2021-09-30 09:46:29,18150.0,200.0,381900.0
1175,2021-09-30 09:46:20,18150.0,1000.0,381700.0
1176,2021-09-30 09:46:19,18150.0,1400.0,380700.0
1177,2021-09-30 09:46:10,18150.0,1000.0,379300.0
1178,2021-09-30 09:46:10,18150.0,600.0,378300.0
1179,2021-09-30 09:46:08,18150.0,15000.0,377700.0
1180,2021-09-30 09:45:36,18150.0,200.0,362700.0
1181,2021-09-30 09:45:08,18150.0,10000.0,362500.0
1182,2021-09-30 09:44:54,18200.0,100.0,352500.0
1183,2021-09-30 09:44:32,18150.0,1400.0,352400.0
1184,2021-09-30 09:44:08,18150.0,2800.0,351000.0
1185,2021-09-30 09:44:08,18150.0,200.0,348200.0
1186,2021-09-30 09:44:08,18150.0,1000.0,348000.0
1187,2021-09-30 09:43:47,18150.0,300.0,347000.0
1188,2021-09-30 09:43:33,18150.0,200.0,346700.0
1189,2021-09-30 09:42:40,18150.0,8500.0,346500.0
1190,2021-09-30 09:42:40,18150.0,500.0,338000.0
1191,2021-09-30 09:42:40,18150.0,200.0,337500.0
1192,2021-09-30 09:42:40,18150.0,700.0,337300.0
1193,2021-09-30 09:42:40,18150.0,100.0,336600.0
1194,2021-09-30 09:42:13,18150.0,1400.0,336500.0
1195,2021-09-30 09:42:13,18150.0,3800.0,335100.0
1196,2021-09-30 09:42:13,18150.0,1600.0,331300.0
1197,2021-09-30 09:41:03,18150.0,1000.0,329700.0
1198,2021-09-30 09:40:43,18150.0,100.0,328700.0
1199,2021-09-30 09:40:38,18150.0,400.0,328600.0
1200,2021-09-30 09:40:29,18150.0,2000.0,328200.0
1201,2021-09-30 09:40:00,18150.0,1200.0,326200.0
1202,2021-09-30 09:39:50,18150.0,100.0,325000.0
1203,2021-09-30 09:39:35,18150.0,1000.0,324900.0
1204,2021-09-30 09:39:03,18150.0,1200.0,323900.0
1205,2021-09-30 09:38:32,18150.0,300.0,322700.0
1206,2021-09-30 09:38:17,18150.0,1000.0,322400.0
1207,2021-09-30 09:38:16,18150.0,200.0,321400.0
1208,2021-09-30 09:38:09,18150.0,500.0,321200.0
1209,2021-09-30 09:37:44,18200.0,100.0,320700.0
1210,2021-09-30 09:37:33,18150.0,7100.0,320600.0
1211,2021-09-30 09:37:31,18150.0,2300.0,313500.0
1212,2021-09-30 09:37:30,18150.0,400.0,311200.0
1213,2021-09-30 09:37:30,18150.0,100.0,310800.0
1214,2021-09-30 09:37:30,18150.0,500.0,310700.0
1215,2021-09-30 09:37:30,18150.0,1000.0,310200.0
1216,2021-09-30 09:37:30,18150.0,100.0,309200.0
1217,2021-09-30 09:37:30,18150.0,600.0,309100.0
1218,2021-09-30 09:37:30,18150.0,100.0,308500.0
1219,2021-09-30 09:37:28,18150.0,100.0,308400.0
1220,2021-09-30 09:37:24,18150.0,100.0,308300.0
1221,2021-09-30 09:36:48,18150.0,100.0,308200.0
1222,2021-09-30 09:36:46,18150.0,10000.0,308100.0
1223,2021-09-30 09:36:31,18200.0,1000.0,298100.0
1224,2021-09-30 09:36:23,18200.0,100.0,297100.0
1225,2021-09-30 09:36:21,18200.0,500.0,297000.0
1226,2021-09-30 09:35:48,18200.0,5000.0,296500.0
1227,2021-09-30 09:35:46,18150.0,200.0,291500.0
1228,2021-09-30 09:35:00,18150.0,100.0,291300.0
1229,2021-09-30 09:34:49,18150.0,100.0,291200.0
1230,2021-09-30 09:34:49,18150.0,100.0,291100.0
1231,2021-09-30 09:34:49,18150.0,9400.0,291000.0
1232,2021-09-30 09:34:21,18150.0,100.0,281600.0
1233,2021-09-30 09:34:21,18150.0,500.0,281500.0
1234,2021-09-30 09:34:20,18150.0,300.0,281000.0
1235,2021-09-30 09:34:06,18150.0,100.0,280700.0
1236,2021-09-30 09:33:56,18150.0,100.0,280600.0
1237,2021-09-30 09:33:52,18150.0,100.0,280500.0
1238,2021-09-30 09:33:32,18150.0,3900.0,280400.0
1239,2021-09-30 09:33:32,18150.0,100.0,276500.0
1240,2021-09-30 09:33:27,18150.0,400.0,276400.0
1241,2021-09-30 09:33:27,18150.0,4600.0,276000.0
1242,2021-09-30 09:33:13,18150.0,1000.0,271400.0
1243,2021-09-30 09:33:06,18150.0,100.0,270400.0
1244,2021-09-30 09:33:04,18150.0,200.0,270300.0
1245,2021-09-30 09:32:35,18150.0,500.0,270100.0
1246,2021-09-30 09:32:28,18150.0,100.0,269600.0
1247,2021-09-30 09:32:28,18150.0,200.0,269500.0
1248,2021-09-30 09:32:28,18150.0,500.0,269300.0
1249,2021-09-30 09:32:28,18150.0,1000.0,268800.0
1250,2021-09-30 09:32:28,18150.0,8000.0,267800.0
1251,2021-09-30 09:32:28,18150.0,800.0,259800.0
1252,2021-09-30 09:32:28,18100.0,500.0,259000.0
1253,2021-09-30 09:32:23,18100.0,100.0,258500.0
1254,2021-09-30 09:32:23,18100.0,300.0,258400.0
1255,2021-09-30 09:32:23,18100.0,3100.0,258100.0
1256,2021-09-30 09:32:06,18100.0,1900.0,255000.0
1257,2021-09-30 09:32:03,18100.0,1300.0,253100.0
1258,2021-09-30 09:32:01,18100.0,100.0,251800.0
1259,2021-09-30 09:31:37,18100.0,100.0,251700.0
1260,2021-09-30 09:31:37,18100.0,1400.0,251600.0
1261,2021-09-30 09:31:37,18100.0,500.0,250200.0
1262,2021-09-30 09:31:37,18100.0,100.0,249700.0
1263,2021-09-30 09:31:37,18100.0,100.0,249600.0
1264,2021-09-30 09:31:37,18100.0,100.0,249500.0
1265,2021-09-30 09:31:37,18100.0,14400.0,249400.0
1266,2021-09-30 09:31:21,18150.0,200.0,235000.0
1267,2021-09-30 09:31:21,18150.0,800.0,234800.0
1268,2021-09-30 09:30:24,18150.0,100.0,234000.0
1269,2021-09-30 09:30:21,18100.0,500.0,233900.0
1270,2021-09-30 09:30:13,18100.0,100.0,233400.0
1271,2021-09-30 09:30:08,18150.0,100.0,233300.0
1272,2021-09-30 09:30:08,18150.0,1100.0,233200.0
1273,2021-09-30 09:30:08,18150.0,1800.0,232100.0
1274,2021-09-30 09:30:00,18150.0,200.0,230300.0
1275,2021-09-30 09:30:00,18150.0,300.0,230100.0
1276,2021-09-30 09:29:55,18100.0,5000.0,229800.0
1277,2021-09-30 09:29:55,18100.0,3000.0,224800.0
1278,2021-09-30 09:29:34,18150.0,900.0,221800.0
1279,2021-09-30 09:29:34,18150.0,100.0,220900.0
1280,2021-09-30 09:29:34,18150.0,700.0,220800.0
1281,2021-09-30 09:29:32,18150.0,100.0,220100.0
1282,2021-09-30 09:29:24,18150.0,100.0,220000.0
1283,2021-09-30 09:29:21,18150.0,1100.0,219900.0
1284,2021-09-30 09:29:13,18150.0,1000.0,218800.0
1285,2021-09-30 09:29:09,18150.0,2000.0,217800.0
1286,2021-09-30 09:29:05,18150.0,8000.0,215800.0
1287,2021-09-30 09:28:46,18200.0,100.0,207800.0
1288,2021-09-30 09:28:26,18150.0,500.0,207700.0
1289,2021-09-30 09:28:26,18150.0,1000.0,207200.0
1290,2021-09-30 09:28:19,18200.0,100.0,206200.0
1291,2021-09-30 09:28:11,18150.0,100.0,206100.0
1292,2021-09-30 09:28:11,18150.0,300.0,206000.0
1293,2021-09-30 09:28:03,18150.0,300.0,205700.0
1294,2021-09-30 09:27:37,18150.0,1000.0,205400.0
1295,2021-09-30 09:27:20,18150.0,100.0,204400.0
1296,2021-09-30 09:27:06,18150.0,100.0,204300.0
1297,2021-09-30 09:27:03,18150.0,100.0,204200.0
1298,2021-09-30 09:26:48,18150.0,3000.0,204100.0
1299,2021-09-30 09:26:42,18150.0,500.0,201100.0
1300,2021-09-30 09:26:42,18150.0,1500.0,200600.0
1301,2021-09-30 09:26:09,18200.0,10100.0,199100.0
1302,2021-09-30 09:26:09,18200.0,100.0,189000.0
1303,2021-09-30 09:26:09,18200.0,2000.0,188900.0
1304,2021-09-30 09:26:09,18200.0,100.0,186900.0
1305,2021-09-30 09:25:48,18200.0,900.0,186800.0
1306,2021-09-30 09:25:27,18200.0,1700.0,185900.0
1307,2021-09-30 09:25:24,18200.0,1000.0,184200.0
1308,2021-09-30 09:25:21,18200.0,9500.0,183200.0
1309,2021-09-30 09:25:21,18200.0,1000.0,173700.0
1310,2021-09-30 09:25:21,18200.0,300.0,172700.0
1311,2021-09-30 09:25:21,18200.0,2000.0,172400.0
1312,2021-09-30 09:25:21,18200.0,2700.0,170400.0
1313,2021-09-30 09:25:16,18150.0,800.0,167700.0
1314,2021-09-30 09:25:16,18150.0,1000.0,166900.0
1315,2021-09-30 09:25:16,18150.0,8200.0,165900.0
1316,2021-09-30 09:24:36,18150.0,1000.0,157700.0
1317,2021-09-30 09:24:17,18200.0,500.0,156700.0
1318,2021-09-30 09:24:17,18200.0,5000.0,156200.0
1319,2021-09-30 09:24:17,18200.0,5000.0,151200.0
1320,2021-09-30 09:24:17,18200.0,1700.0,146200.0
1321,2021-09-30 09:24:15,18200.0,1000.0,144500.0
1322,2021-09-30 09:24:06,18200.0,2300.0,143500.0
1323,2021-09-30 09:24:06,18200.0,800.0,141200.0
1324,2021-09-30 09:24:06,18200.0,1300.0,140400.0
1325,2021-09-30 09:24:04,18200.0,1000.0,139100.0
1326,2021-09-30 09:23:51,18200.0,700.0,138100.0
1327,2021-09-30 09:23:48,18200.0,500.0,137400.0
1328,2021-09-30 09:23:37,18200.0,100.0,136900.0
1329,2021-09-30 09:23:06,18200.0,900.0,136800.0
1330,2021-09-30 09:23:04,18200.0,300.0,135900.0
1331,2021-09-30 09:23:01,18200.0,200.0,135600.0
1332,2021-09-30 09:23:01,18200.0,100.0,135400.0
1333,2021-09-30 09:23:01,18200.0,200.0,135300.0
1334,2021-09-30 09:22:04,18200.0,1000.0,135100.0
1335,2021-09-30 09:22:04,18200.0,5400.0,134100.0
1336,2021-09-30 09:21:13,18250.0,200.0,128700.0
1337,2021-09-30 09:21:05,18250.0,100.0,128500.0
1338,2021-09-30 09:20:51,18250.0,300.0,128400.0
1339,2021-09-30 09:20:20,18250.0,900.0,128100.0
1340,2021-09-30 09:20:19,18250.0,1100.0,127200.0
1341,2021-09-30 09:20:19,18250.0,900.0,126100.0
1342,2021-09-30 09:20:03,18250.0,1000.0,125200.0
1343,2021-09-30 09:19:52,18250.0,600.0,124200.0
1344,2021-09-30 09:19:50,18250.0,1000.0,123600.0
1345,2021-09-30 09:19:43,18250.0,1000.0,122600.0
1346,2021-09-30 09:19:43,18250.0,1000.0,121600.0
1347,2021-09-30 09:19:43,18250.0,1000.0,120600.0
1348,2021-09-30 09:19:43,18250.0,1000.0,119600.0
1349,2021-09-30 09:19:43,18250.0,1000.0,118600.0
1350,2021-09-30 09:19:43,18250.0,1000.0,117600.0
1351,2021-09-30 09:19:43,18250.0,1000.0,116600.0
1352,2021-09-30 09:19:43,18250.0,1000.0,115600.0
1353,2021-09-30 09:19:43,18250.0,1000.0,114600.0
1354,2021-09-30 09:19:43,18250.0,1000.0,113600.0
1355,2021-09-30 09:19:43,18250.0,1000.0,112600.0
1356,2021-09-30 09:19:43,18250.0,1000.0,111600.0
1357,2021-09-30 09:19:43,18250.0,1000.0,110600.0
1358,2021-09-30 09:19:43,18250.0,1000.0,109600.0
1359,2021-09-30 09:19:43,18250.0,1000.0,108600.0
1360,2021-09-30 09:19:43,18250.0,1000.0,107600.0
1361,2021-09-30 09:19:43,18250.0,1000.0,106600.0
1362,2021-09-30 09:19:43,18250.0,1000.0,105600.0
1363,2021-09-30 09:19:43,18250.0,1000.0,104600.0
1364,2021-09-30 09:19:43,18250.0,1000.0,103600.0
1365,2021-09-30 09:19:43,18250.0,300.0,102600.0
1366,2021-09-30 09:19:43,18250.0,100.0,102300.0
1367,2021-09-30 09:19:43,18250.0,1000.0,102200.0
1368,2021-09-30 09:19:43,18250.0,100.0,101200.0
1369,2021-09-30 09:19:43,18250.0,100.0,101100.0
1370,2021-09-30 09:19:43,18250.0,100.0,101000.0
1371,2021-09-30 09:19:43,18250.0,100.0,100900.0
1372,2021-09-30 09:19:43,18250.0,1200.0,100800.0
1373,2021-09-30 09:19:35,18250.0,700.0,99600.0
1374,2021-09-30 09:19:34,18200.0,500.0,98900.0
1375,2021-09-30 09:19:29,18200.0,100.0,98400.0
1376,2021-09-30 09:19:29,18200.0,500.0,98300.0
1377,2021-09-30 09:19:29,18200.0,2500.0,97800.0
1378,2021-09-30 09:19:29,18200.0,600.0,95300.0
1379,2021-09-30 09:19:29,18200.0,1000.0,94700.0
1380,2021-09-30 09:19:29,18200.0,300.0,93700.0
1381,2021-09-30 09:19:29,18200.0,100.0,93400.0
1382,2021-09-30 09:19:13,18200.0,900.0,93300.0
1383,2021-09-30 09:19:13,18200.0,100.0,92400.0
1384,2021-09-30 09:19:07,18200.0,300.0,92300.0
1385,2021-09-30 09:18:59,18200.0,600.0,92000.0
1386,2021-09-30 09:18:59,18200.0,1500.0,91400.0
1387,2021-09-30 09:18:59,18200.0,2900.0,89900.0
1388,2021-09-30 09:18:33,18200.0,300.0,87000.0
1389,2021-09-30 09:18:30,18200.0,700.0,86700.0
1390,2021-09-30 09:18:14,18150.0,100.0,86000.0
1391,2021-09-30 09:18:13,18200.0,2000.0,85900.0
1392,2021-09-30 09:18:09,18200.0,100.0,83900.0
1393,2021-09-30 09:17:59,18200.0,500.0,83800.0
1394,2021-09-30 09:17:49,18200.0,500.0,83300.0
1395,2021-09-30 09:17:49,18200.0,100.0,82800.0
1396,2021-09-30 09:17:49,18200.0,300.0,82700.0
1397,2021-09-30 09:17:49,18200.0,1100.0,82400.0
1398,2021-09-30 09:17:18,18200.0,300.0,81300.0
1399,2021-09-30 09:17:09,18150.0,100.0,81000.0
1400,2021-09-30 09:17:08,18200.0,200.0,80900.0
1401,2021-09-30 09:17:03,18200.0,400.0,80700.0
1402,2021-09-30 09:17:03,18200.0,200.0,80300.0
1403,2021-09-30 09:17:03,18200.0,300.0,80100.0
1404,2021-09-30 09:17:03,18200.0,100.0,79800.0
1405,2021-09-30 09:17:02,18150.0,600.0,79700.0
1406,2021-09-30 09:16:16,18200.0,100.0,79100.0
1407,2021-09-30 09:16:14,18200.0,100.0,79000.0
1408,2021-09-30 09:16:14,18200.0,100.0,78900.0
1409,2021-09-30 09:15:58,18200.0,200.0,78800.0
1410,2021-09-30 09:15:58,18200.0,800.0,78600.0
1411,2021-09-30 09:15:45,18250.0,1100.0,77800.0
1412,2021-09-30 09:15:45,18250.0,100.0,76700.0
1413,2021-09-30 09:15:38,18200.0,200.0,76600.0
1414,2021-09-30 09:15:38,18200.0,100.0,76400.0
1415,2021-09-30 09:15:33,18200.0,100.0,76300.0
1416,2021-09-30 09:15:00,18200.0,300.0,76200.0
1417,2021-09-30 09:15:00,18200.0,100.0,75900.0
1418,2021-09-30 09:15:00,18200.0,100.0,75800.0
1419,2021-09-30 09:15:00,18200.0,500.0,75700.0
1420,2021-09-30 09:15:00,18200.0,400.0,75200.0
1421,2021-09-30 09:15:00,18200.0,1000.0,74800.0
1422,2021-09-30 09:15:00,18200.0,700.0,73800.0
1423,2021-09-30 09:15:00,18200.0,200.0,73100.0
1424,2021-09-30 09:15:00,18200.0,1000.0,72900.0
1425,2021-09-30 09:15:00,18200.0,200.0,71900.0
1426,2021-09-30 09:15:00,18200.0,100.0,71700.0
1427,2021-09-30 09:15:00,18200.0,200.0,71600.0
1428,2021-09-30 09:15:00,18200.0,3000.0,71400.0
1429,2021-09-30 09:15:00,18200.0,1000.0,68400.0
1430,2021-09-30 09:15:00,18200.0,400.0,67400.0
1431,2021-09-30 09:15:00,18200.0,100.0,67000.0
1432,2021-09-30 09:15:00,18200.0,200.0,66900.0
1433,2021-09-30 09:15:00,18200.0,1900.0,66700.0
1434,2021-09-30 09:15:00,18200.0,1700.0,64800.0
1435,2021-09-30 09:15:00,18200.0,1000.0,63100.0
1436,2021-09-30 09:15:00,18200.0,400.0,62100.0
1437,2021-09-30 09:15:00,18200.0,1000.0,61700.0
1438,2021-09-30 09:15:00,18200.0,2000.0,60700.0
1439,2021-09-30 09:15:00,18200.0,500.0,58700.0
1440,2021-09-30 09:15:00,18200.0,100.0,58200.0
1441,2021-09-30 09:15:00,18200.0,200.0,58100.0
1442,2021-09-30 09:15:00,18200.0,500.0,57900.0
1443,2021-09-30 09:15:00,18200.0,1000.0,57400.0
1444,2021-09-30 09:15:00,18200.0,500.0,56400.0
1445,2021-09-30 09:15:00,18200.0,1000.0,55900.0
1446,2021-09-30 09:15:00,18200.0,100.0,54900.0
1447,2021-09-30 09:15:00,18200.0,200.0,54800.0
1448,2021-09-30 09:15:00,18200.0,300.0,54600.0
1449,2021-09-30 09:15:00,18200.0,23600.0,54300.0
1450,2021-09-30 09:15:00,18200.0,6400.0,30700.0
1451,2021-09-30 09:15:00,18200.0,1000.0,24300.0
1452,2021-09-30 09:15:00,18200.0,12600.0,23300.0
1453,2021-09-30 09:15:00,18200.0,100.0,10700.0
1454,2021-09-30 09:15:00,18200.0,100.0,10600.0
1455,2021-09-30 09:15:00,18200.0,100.0,10500.0
1456,2021-09-30 09:15:00,18200.0,400.0,10400.0
1457,2021-09-30 09:15:00,18200.0,4000.0,10000.0
1458,2021-09-30 09:15:00,18200.0,2700.0,6000.0
1459,2021-09-30 09:15:00,18200.0,100.0,3300.0
1460,2021-09-30 09:15:00,18200.0,1400.0,3200.0
1461,2021-09-30 09:15:00,18200.0,500.0,1800.0
1462,2021-09-30 09:15:00,18200.0,100.0,1300.0
1463,2021-09-30 09:15:00,18200.0,1200.0,1200.0
