,Time,Price,Volume_per_trade,Volume
0,2021-10-22 07:45:01,10600.0,1000.0,778100.0
1,2021-10-22 07:45:01,10600.0,1000.0,777100.0
2,2021-10-22 07:45:01,10600.0,300.0,776100.0
3,2021-10-22 07:45:01,10600.0,600.0,775800.0
4,2021-10-22 07:45:01,10600.0,700.0,775200.0
5,2021-10-22 07:45:01,10600.0,400.0,774500.0
6,2021-10-22 07:45:01,10600.0,3000.0,774100.0
7,2021-10-22 07:45:01,10600.0,1000.0,771100.0
8,2021-10-22 07:45:01,10600.0,600.0,770100.0
9,2021-10-22 07:29:34,10500.0,1600.0,769500.0
10,2021-10-22 07:29:32,10500.0,7700.0,767900.0
11,2021-10-22 07:29:22,10600.0,400.0,760200.0
12,2021-10-22 07:29:22,10600.0,500.0,759800.0
13,2021-10-22 07:29:22,10600.0,100.0,759300.0
14,2021-10-22 07:29:06,10500.0,700.0,759200.0
15,2021-10-22 07:29:06,10500.0,300.0,758500.0
16,2021-10-22 07:29:06,10500.0,30000.0,758200.0
17,2021-10-22 07:29:06,10500.0,2000.0,728200.0
18,2021-10-22 07:29:06,10500.0,2000.0,726200.0
19,2021-10-22 07:28:00,10500.0,1000.0,724200.0
20,2021-10-22 07:28:00,10500.0,10000.0,723200.0
21,2021-10-22 07:28:00,10500.0,10000.0,713200.0
22,2021-10-22 07:28:00,10500.0,2000.0,703200.0
23,2021-10-22 07:27:49,10550.0,3500.0,701200.0
24,2021-10-22 07:25:08,10450.0,100.0,697700.0
25,2021-10-22 07:22:32,10500.0,10000.0,697600.0
26,2021-10-22 07:22:32,10500.0,400.0,687600.0
27,2021-10-22 07:22:32,10500.0,600.0,687200.0
28,2021-10-22 07:20:38,10500.0,100.0,686600.0
29,2021-10-22 07:15:54,10500.0,9300.0,686500.0
30,2021-10-22 07:15:54,10500.0,2000.0,677200.0
31,2021-10-22 07:15:54,10500.0,8700.0,675200.0
32,2021-10-22 07:15:46,10450.0,100.0,666500.0
33,2021-10-22 07:15:46,10450.0,1000.0,666400.0
34,2021-10-22 07:15:46,10450.0,1500.0,665400.0
35,2021-10-22 07:15:46,10450.0,600.0,663900.0
36,2021-10-22 07:11:17,10450.0,300.0,663300.0
37,2021-10-22 07:09:52,10300.0,300.0,663000.0
38,2021-10-22 07:09:52,10300.0,100.0,662700.0
39,2021-10-22 07:09:52,10300.0,1300.0,662600.0
40,2021-10-22 07:09:17,10300.0,700.0,661300.0
41,2021-10-22 07:09:17,10300.0,900.0,660600.0
42,2021-10-22 07:09:17,10400.0,500.0,659700.0
43,2021-10-22 07:09:17,10400.0,500.0,659200.0
44,2021-10-22 07:09:17,10400.0,300.0,658700.0
45,2021-10-22 07:09:17,10400.0,500.0,658400.0
46,2021-10-22 07:09:17,10400.0,200.0,657900.0
47,2021-10-22 07:09:17,10400.0,400.0,657700.0
48,2021-10-22 07:08:57,10400.0,600.0,657300.0
49,2021-10-22 07:08:57,10400.0,100.0,656700.0
50,2021-10-22 07:08:57,10400.0,800.0,656600.0
51,2021-10-22 07:08:37,10400.0,200.0,655800.0
52,2021-10-22 07:08:15,10450.0,100.0,655600.0
53,2021-10-22 07:07:05,10450.0,500.0,655500.0
54,2021-10-22 07:07:05,10450.0,500.0,655000.0
55,2021-10-22 07:05:51,10450.0,500.0,654500.0
56,2021-10-22 07:05:51,10450.0,100.0,654000.0
57,2021-10-22 07:02:32,10500.0,200.0,653900.0
58,2021-10-22 06:57:55,10500.0,100.0,653700.0
59,2021-10-22 06:56:32,10450.0,2100.0,653600.0
60,2021-10-22 06:56:32,10450.0,300.0,651500.0
61,2021-10-22 06:51:18,10450.0,100.0,651200.0
62,2021-10-22 06:51:10,10450.0,100.0,651100.0
63,2021-10-22 06:50:35,10450.0,500.0,651000.0
64,2021-10-22 06:50:35,10500.0,1000.0,650500.0
65,2021-10-22 06:49:56,10500.0,2700.0,649500.0
66,2021-10-22 06:49:56,10500.0,100.0,646800.0
67,2021-10-22 06:49:56,10500.0,500.0,646700.0
68,2021-10-22 06:49:56,10500.0,1000.0,646200.0
69,2021-10-22 06:49:56,10500.0,3500.0,645200.0
70,2021-10-22 06:49:56,10500.0,1300.0,641700.0
71,2021-10-22 06:49:56,10500.0,1000.0,640400.0
72,2021-10-22 06:49:56,10500.0,500.0,639400.0
73,2021-10-22 06:49:56,10500.0,500.0,638900.0
74,2021-10-22 06:49:56,10500.0,900.0,638400.0
75,2021-10-22 06:49:44,10500.0,100.0,637500.0
76,2021-10-22 06:49:36,10500.0,200.0,637400.0
77,2021-10-22 06:49:27,10500.0,300.0,637200.0
78,2021-10-22 06:49:17,10500.0,200.0,636900.0
79,2021-10-22 06:48:32,10550.0,1500.0,636700.0
80,2021-10-22 06:46:58,10550.0,500.0,635200.0
81,2021-10-22 06:45:57,10500.0,6300.0,634700.0
82,2021-10-22 06:45:57,10500.0,100.0,628400.0
83,2021-10-22 06:45:57,10550.0,500.0,628300.0
84,2021-10-22 06:45:57,10550.0,600.0,627800.0
85,2021-10-22 06:45:57,10550.0,500.0,627200.0
86,2021-10-22 06:45:57,10550.0,500.0,626700.0
87,2021-10-22 06:45:57,10550.0,200.0,626200.0
88,2021-10-22 06:45:57,10550.0,10000.0,626000.0
89,2021-10-22 06:45:57,10550.0,1300.0,616000.0
90,2021-10-22 06:44:55,10550.0,1300.0,614700.0
91,2021-10-22 06:44:55,10600.0,300.0,613400.0
92,2021-10-22 06:43:36,10600.0,800.0,613100.0
93,2021-10-22 06:43:36,10600.0,200.0,612300.0
94,2021-10-22 06:42:01,10600.0,100.0,612100.0
95,2021-10-22 06:41:23,10600.0,100.0,612000.0
96,2021-10-22 06:41:14,10600.0,100.0,611900.0
97,2021-10-22 06:40:48,10600.0,1000.0,611800.0
98,2021-10-22 06:40:07,10600.0,100.0,610800.0
99,2021-10-22 06:39:50,10600.0,100.0,610700.0
100,2021-10-22 06:39:43,10600.0,100.0,610600.0
101,2021-10-22 06:39:38,10600.0,2400.0,610500.0
102,2021-10-22 06:39:24,10600.0,100.0,608100.0
103,2021-10-22 06:38:47,10600.0,100.0,608000.0
104,2021-10-22 06:38:32,10600.0,600.0,607900.0
105,2021-10-22 06:38:32,10600.0,400.0,607300.0
106,2021-10-22 06:38:16,10600.0,100.0,606900.0
107,2021-10-22 06:38:16,10600.0,300.0,606800.0
108,2021-10-22 06:29:49,10600.0,700.0,606500.0
109,2021-10-22 06:29:49,10600.0,100.0,605800.0
110,2021-10-22 06:29:49,10600.0,200.0,605700.0
111,2021-10-22 06:27:48,10600.0,1000.0,605500.0
112,2021-10-22 06:25:30,10600.0,100.0,604500.0
113,2021-10-22 06:25:30,10600.0,100.0,604400.0
114,2021-10-22 06:25:01,10600.0,400.0,604300.0
115,2021-10-22 06:25:01,10600.0,600.0,603900.0
116,2021-10-22 06:23:11,10600.0,400.0,603300.0
117,2021-10-22 06:22:56,10600.0,100.0,602900.0
118,2021-10-22 06:20:35,10600.0,500.0,602800.0
119,2021-10-22 06:20:35,10600.0,500.0,602300.0
120,2021-10-22 06:20:05,10600.0,300.0,601800.0
121,2021-10-22 06:20:05,10600.0,1000.0,601500.0
122,2021-10-22 06:20:05,10600.0,500.0,600500.0
123,2021-10-22 06:20:05,10600.0,800.0,600000.0
124,2021-10-22 06:20:05,10600.0,1000.0,599200.0
125,2021-10-22 06:20:05,10600.0,500.0,598200.0
126,2021-10-22 06:20:05,10600.0,500.0,597700.0
127,2021-10-22 06:20:05,10600.0,400.0,597200.0
128,2021-10-22 06:09:45,10650.0,200.0,596800.0
129,2021-10-22 06:07:27,10650.0,1200.0,596600.0
130,2021-10-22 06:07:27,10650.0,200.0,595400.0
131,2021-10-22 06:07:27,10650.0,2800.0,595200.0
132,2021-10-22 06:04:46,10650.0,600.0,592400.0
133,2021-10-22 06:04:46,10650.0,200.0,591800.0
134,2021-10-22 06:04:26,10650.0,800.0,591600.0
135,2021-10-22 06:04:26,10650.0,1200.0,590800.0
136,2021-10-22 06:02:47,10650.0,1000.0,589600.0
137,2021-10-22 06:02:31,10650.0,300.0,588600.0
138,2021-10-22 06:02:31,10650.0,700.0,588300.0
139,2021-10-22 06:00:57,10650.0,200.0,587600.0
140,2021-10-22 06:00:48,10650.0,200.0,587400.0
141,2021-10-22 06:00:32,10650.0,500.0,587200.0
142,2021-10-22 06:00:23,10650.0,200.0,586700.0
143,2021-10-22 06:00:05,10650.0,3000.0,586500.0
144,2021-10-22 06:00:03,10650.0,1000.0,583500.0
145,2021-10-22 04:28:50,10650.0,2500.0,582500.0
146,2021-10-22 04:28:50,10650.0,1500.0,580000.0
147,2021-10-22 04:28:50,10650.0,200.0,578500.0
148,2021-10-22 04:26:53,10650.0,300.0,578300.0
149,2021-10-22 04:26:53,10650.0,9400.0,578000.0
150,2021-10-22 04:26:53,10650.0,300.0,568600.0
151,2021-10-22 04:26:14,10700.0,1000.0,568300.0
152,2021-10-22 04:22:38,10650.0,5400.0,567300.0
153,2021-10-22 04:22:20,10650.0,500.0,561900.0
154,2021-10-22 04:22:20,10650.0,3000.0,561400.0
155,2021-10-22 04:22:20,10650.0,600.0,558400.0
156,2021-10-22 04:22:20,10650.0,500.0,557800.0
157,2021-10-22 04:20:59,10650.0,400.0,557300.0
158,2021-10-22 04:20:59,10650.0,900.0,556900.0
159,2021-10-22 04:20:02,10650.0,10100.0,556000.0
160,2021-10-22 04:20:02,10650.0,400.0,545900.0
161,2021-10-22 04:20:02,10650.0,1500.0,545500.0
162,2021-10-22 04:18:04,10650.0,900.0,544000.0
163,2021-10-22 04:18:04,10650.0,2200.0,543100.0
164,2021-10-22 04:18:04,10650.0,400.0,540900.0
165,2021-10-22 04:17:56,10650.0,9400.0,540500.0
166,2021-10-22 04:17:13,10650.0,200.0,531100.0
167,2021-10-22 04:17:13,10650.0,300.0,530900.0
168,2021-10-22 04:16:35,10650.0,1700.0,530600.0
169,2021-10-22 04:08:39,10600.0,600.0,528900.0
170,2021-10-22 04:05:28,10600.0,4000.0,528300.0
171,2021-10-22 04:05:28,10600.0,500.0,524300.0
172,2021-10-22 04:05:28,10600.0,1000.0,523800.0
173,2021-10-22 04:05:28,10600.0,300.0,522800.0
174,2021-10-22 04:04:59,10550.0,100.0,522500.0
175,2021-10-22 03:56:05,10550.0,300.0,522400.0
176,2021-10-22 03:56:03,10600.0,100.0,522100.0
177,2021-10-22 03:56:03,10600.0,100.0,522000.0
178,2021-10-22 03:54:51,10600.0,500.0,521900.0
179,2021-10-22 03:46:08,10600.0,500.0,521400.0
180,2021-10-22 03:39:40,10600.0,300.0,520900.0
181,2021-10-22 03:38:23,10500.0,100.0,520600.0
182,2021-10-22 03:35:39,10500.0,1000.0,520500.0
183,2021-10-22 03:35:04,10600.0,500.0,519500.0
184,2021-10-22 03:35:04,10600.0,100.0,519000.0
185,2021-10-22 03:33:47,10600.0,1000.0,518900.0
186,2021-10-22 03:33:47,10600.0,200.0,517900.0
187,2021-10-22 03:30:44,10600.0,100.0,517700.0
188,2021-10-22 03:30:43,10600.0,200.0,517600.0
189,2021-10-22 03:30:43,10600.0,400.0,517400.0
190,2021-10-22 03:18:27,10600.0,300.0,517000.0
191,2021-10-22 03:15:41,10600.0,300.0,516700.0
192,2021-10-22 03:15:14,10600.0,200.0,516400.0
193,2021-10-22 03:15:01,10600.0,1000.0,516200.0
194,2021-10-22 03:15:01,10600.0,200.0,515200.0
195,2021-10-22 03:15:01,10600.0,500.0,515000.0
196,2021-10-22 03:15:01,10600.0,200.0,514500.0
197,2021-10-22 03:15:01,10600.0,9000.0,514300.0
198,2021-10-22 03:15:01,10600.0,500.0,505300.0
199,2021-10-22 03:15:01,10600.0,400.0,504800.0
200,2021-10-22 03:09:30,10650.0,300.0,504400.0
201,2021-10-22 03:09:30,10650.0,400.0,504100.0
202,2021-10-22 03:09:30,10650.0,100.0,503700.0
203,2021-10-22 03:09:30,10650.0,400.0,503600.0
204,2021-10-22 03:07:42,10650.0,300.0,503200.0
205,2021-10-22 03:07:42,10650.0,300.0,502900.0
206,2021-10-22 03:07:18,10650.0,700.0,502600.0
207,2021-10-22 03:07:18,10650.0,3300.0,501900.0
208,2021-10-22 03:07:02,10700.0,1800.0,498600.0
209,2021-10-22 03:07:02,10700.0,2000.0,496800.0
210,2021-10-22 03:04:19,10650.0,200.0,494800.0
211,2021-10-22 03:01:44,10600.0,600.0,494600.0
212,2021-10-22 03:01:44,10600.0,500.0,494000.0
213,2021-10-22 03:01:44,10600.0,100.0,493500.0
214,2021-10-22 03:01:44,10600.0,7900.0,493400.0
215,2021-10-22 03:01:44,10600.0,500.0,485500.0
216,2021-10-22 03:01:44,10600.0,400.0,485000.0
217,2021-10-22 03:00:11,10600.0,100.0,484600.0
218,2021-10-22 02:59:58,10650.0,5000.0,484500.0
219,2021-10-22 02:59:58,10650.0,1000.0,479500.0
220,2021-10-22 02:59:58,10650.0,900.0,478500.0
221,2021-10-22 02:59:58,10650.0,300.0,477600.0
222,2021-10-22 02:59:23,10650.0,300.0,477300.0
223,2021-10-22 02:58:03,10650.0,1000.0,477000.0
224,2021-10-22 02:57:59,10650.0,500.0,476000.0
225,2021-10-22 02:57:59,10650.0,6000.0,475500.0
226,2021-10-22 02:57:59,10650.0,2500.0,469500.0
227,2021-10-22 02:57:59,10650.0,400.0,467000.0
228,2021-10-22 02:57:32,10650.0,2100.0,466600.0
229,2021-10-22 02:57:32,10650.0,1100.0,464500.0
230,2021-10-22 02:57:32,10700.0,4000.0,463400.0
231,2021-10-22 02:57:32,10700.0,2000.0,459400.0
232,2021-10-22 02:57:32,10700.0,800.0,457400.0
233,2021-10-22 02:55:45,10700.0,200.0,456600.0
234,2021-10-22 02:55:45,10700.0,800.0,456400.0
235,2021-10-22 02:55:07,10700.0,2000.0,455600.0
236,2021-10-22 02:51:57,10700.0,1000.0,453600.0
237,2021-10-22 02:50:14,10650.0,500.0,452600.0
238,2021-10-22 02:49:34,10800.0,700.0,452100.0
239,2021-10-22 02:49:34,10800.0,300.0,451400.0
240,2021-10-22 02:49:34,10800.0,100.0,451100.0
241,2021-10-22 02:49:34,10800.0,10000.0,451000.0
242,2021-10-22 02:49:34,10800.0,2000.0,441000.0
243,2021-10-22 02:49:34,10800.0,500.0,439000.0
244,2021-10-22 02:49:34,10800.0,500.0,438500.0
245,2021-10-22 02:47:49,10800.0,500.0,438000.0
246,2021-10-22 02:47:44,10850.0,200.0,437500.0
247,2021-10-22 02:45:45,10800.0,3000.0,437300.0
248,2021-10-22 02:45:09,10850.0,6100.0,434300.0
249,2021-10-22 02:44:59,10850.0,100.0,428200.0
250,2021-10-22 02:44:24,10850.0,93800.0,428100.0
251,2021-10-22 02:44:21,10850.0,300.0,334300.0
252,2021-10-22 02:42:27,10900.0,200.0,334000.0
253,2021-10-22 02:40:35,10850.0,500.0,333800.0
254,2021-10-22 02:40:33,10850.0,1000.0,333300.0
255,2021-10-22 02:40:32,10850.0,500.0,332300.0
256,2021-10-22 02:40:31,10850.0,400.0,331800.0
257,2021-10-22 02:40:31,10850.0,3500.0,331400.0
258,2021-10-22 02:40:21,10900.0,500.0,327900.0
259,2021-10-22 02:40:17,10900.0,300.0,327400.0
260,2021-10-22 02:40:17,10900.0,700.0,327100.0
261,2021-10-22 02:40:11,10900.0,300.0,326400.0
262,2021-10-22 02:40:11,10900.0,100.0,326100.0
263,2021-10-22 02:40:05,10900.0,100.0,326000.0
264,2021-10-22 02:38:40,10850.0,300.0,325900.0
265,2021-10-22 02:37:39,10850.0,1000.0,325600.0
266,2021-10-22 02:37:39,10850.0,400.0,324600.0
267,2021-10-22 02:37:02,10800.0,200.0,324200.0
268,2021-10-22 02:36:35,10800.0,800.0,324000.0
269,2021-10-22 02:36:35,10800.0,100.0,323200.0
270,2021-10-22 02:36:35,10800.0,300.0,323100.0
271,2021-10-22 02:36:35,10800.0,500.0,322800.0
272,2021-10-22 02:36:35,10800.0,100.0,322300.0
273,2021-10-22 02:36:35,10800.0,300.0,322200.0
274,2021-10-22 02:36:35,10800.0,900.0,321900.0
275,2021-10-22 02:35:55,10650.0,146500.0,321000.0
276,2021-10-22 02:35:53,10650.0,1000.0,174500.0
277,2021-10-22 02:35:53,10650.0,300.0,173500.0
278,2021-10-22 02:35:53,10650.0,1500.0,173200.0
279,2021-10-22 02:35:53,10650.0,700.0,171700.0
280,2021-10-22 02:35:23,10650.0,100.0,171000.0
281,2021-10-22 02:34:27,10650.0,150000.0,170900.0
282,2021-10-22 02:33:12,10800.0,100.0,20900.0
283,2021-10-22 02:33:12,10800.0,100.0,20800.0
284,2021-10-22 02:30:31,10800.0,100.0,20700.0
285,2021-10-22 02:30:31,10800.0,3200.0,20600.0
286,2021-10-22 02:30:31,10750.0,300.0,17400.0
287,2021-10-22 02:30:31,10700.0,100.0,17100.0
288,2021-10-22 02:30:31,10650.0,300.0,17000.0
289,2021-10-22 02:29:01,10600.0,700.0,16700.0
290,2021-10-22 02:29:01,10600.0,5000.0,16000.0
291,2021-10-22 02:26:48,10600.0,1000.0,11000.0
292,2021-10-22 02:26:48,10600.0,300.0,10000.0
293,2021-10-22 02:25:54,10600.0,200.0,9700.0
294,2021-10-22 02:25:13,10600.0,300.0,9500.0
295,2021-10-22 02:23:37,10600.0,200.0,9200.0
296,2021-10-22 02:23:32,10600.0,100.0,9000.0
297,2021-10-22 02:23:32,10600.0,100.0,8900.0
298,2021-10-22 02:23:32,10600.0,100.0,8800.0
299,2021-10-22 02:23:30,10600.0,200.0,8700.0
300,2021-10-22 02:22:35,10600.0,300.0,8500.0
301,2021-10-22 02:18:17,10800.0,700.0,8200.0
302,2021-10-22 02:17:55,10800.0,200.0,7500.0
303,2021-10-22 02:17:42,10800.0,100.0,7300.0
304,2021-10-22 02:17:41,10800.0,100.0,7200.0
305,2021-10-22 02:17:12,10800.0,200.0,7100.0
306,2021-10-22 02:17:12,10800.0,100.0,6900.0
307,2021-10-22 02:17:11,10800.0,300.0,6800.0
308,2021-10-22 02:17:09,10800.0,1500.0,6500.0
309,2021-10-22 02:15:58,10800.0,1000.0,5000.0
310,2021-10-22 02:15:00,10950.0,300.0,4000.0
311,2021-10-22 02:15:00,10950.0,900.0,3700.0
312,2021-10-22 02:15:00,10950.0,100.0,2800.0
313,2021-10-22 02:15:00,10950.0,100.0,2700.0
314,2021-10-22 02:15:00,10950.0,1000.0,2600.0
315,2021-10-22 02:15:00,10950.0,1000.0,1600.0
316,2021-10-22 02:15:00,10950.0,100.0,600.0
317,2021-10-22 02:15:00,10950.0,100.0,500.0
318,2021-10-22 02:15:00,10950.0,100.0,400.0
319,2021-10-22 02:15:00,10950.0,300.0,300.0
