,Time,Price,Volume_per_trade,Volume
0,2021-10-21 14:47:20,28500.0,500.0,8901732.0
1,2021-10-21 14:45:48,28500.0,100.0,8901232.0
2,2021-10-21 14:45:04,28500.0,165000.0,8901132.0
3,2021-10-21 14:45:03,28500.0,318200.0,8736132.0
4,2021-10-21 14:30:00,28600.0,35.0,8417932.0
5,2021-10-21 14:29:59,28600.0,2000.0,8417897.0
6,2021-10-21 14:29:57,28600.0,100.0,8415897.0
7,2021-10-21 14:29:51,28600.0,500.0,8415797.0
8,2021-10-21 14:29:46,28600.0,12000.0,8415297.0
9,2021-10-21 14:29:43,28500.0,500.0,8403297.0
10,2021-10-21 14:29:41,28600.0,1000.0,8402797.0
11,2021-10-21 14:29:39,28600.0,2000.0,8401797.0
12,2021-10-21 14:29:35,28600.0,500.0,8399797.0
13,2021-10-21 14:29:30,28600.0,3900.0,8399297.0
14,2021-10-21 14:29:29,28600.0,700.0,8395397.0
15,2021-10-21 14:29:28,28600.0,200.0,8394697.0
16,2021-10-21 14:29:26,28600.0,3000.0,8394497.0
17,2021-10-21 14:29:19,28600.0,1000.0,8391497.0
18,2021-10-21 14:29:14,28600.0,2200.0,8390497.0
19,2021-10-21 14:29:10,28600.0,1000.0,8388297.0
20,2021-10-21 14:29:08,28600.0,3000.0,8387297.0
21,2021-10-21 14:29:01,28600.0,2000.0,8384297.0
22,2021-10-21 14:28:59,28600.0,54700.0,8382297.0
23,2021-10-21 14:28:47,28600.0,100.0,8327597.0
24,2021-10-21 14:28:39,28600.0,600.0,8327497.0
25,2021-10-21 14:28:27,28600.0,31800.0,8326897.0
26,2021-10-21 14:28:18,28700.0,100.0,8295097.0
27,2021-10-21 14:28:13,28600.0,200.0,8294997.0
28,2021-10-21 14:27:58,28600.0,400.0,8294797.0
29,2021-10-21 14:27:54,28600.0,1500.0,8294397.0
30,2021-10-21 14:27:16,28600.0,10400.0,8292897.0
31,2021-10-21 14:27:15,28600.0,200.0,8282497.0
32,2021-10-21 14:27:13,28600.0,13200.0,8282297.0
33,2021-10-21 14:27:09,28600.0,14000.0,8269097.0
34,2021-10-21 14:27:08,28600.0,400.0,8255097.0
35,2021-10-21 14:27:00,28500.0,500.0,8254697.0
36,2021-10-21 14:26:59,28600.0,8800.0,8254197.0
37,2021-10-21 14:26:54,28600.0,1200.0,8245397.0
38,2021-10-21 14:26:53,28600.0,500.0,8244197.0
39,2021-10-21 14:26:47,28600.0,300.0,8243697.0
40,2021-10-21 14:26:42,28600.0,4000.0,8243397.0
41,2021-10-21 14:26:40,28600.0,4500.0,8239397.0
42,2021-10-21 14:26:39,28600.0,1000.0,8234897.0
43,2021-10-21 14:26:30,28600.0,200.0,8233897.0
44,2021-10-21 14:26:28,28600.0,100.0,8233697.0
45,2021-10-21 14:26:22,28600.0,3000.0,8233597.0
46,2021-10-21 14:26:20,28600.0,200.0,8230597.0
47,2021-10-21 14:26:19,28600.0,1000.0,8230397.0
48,2021-10-21 14:26:05,28600.0,200.0,8229397.0
49,2021-10-21 14:26:03,28600.0,200.0,8229197.0
50,2021-10-21 14:25:47,28600.0,100.0,8228997.0
51,2021-10-21 14:25:46,28600.0,100.0,8228897.0
52,2021-10-21 14:25:43,28600.0,200.0,8228797.0
53,2021-10-21 14:25:41,28600.0,200.0,8228597.0
54,2021-10-21 14:25:40,28600.0,100.0,8228397.0
55,2021-10-21 14:25:25,28500.0,2000.0,8228297.0
56,2021-10-21 14:25:24,28600.0,2600.0,8226297.0
57,2021-10-21 14:25:20,28600.0,100.0,8223697.0
58,2021-10-21 14:25:19,28600.0,300.0,8223597.0
59,2021-10-21 14:25:10,28500.0,1500.0,8223297.0
60,2021-10-21 14:25:08,28600.0,100.0,8221797.0
61,2021-10-21 14:25:07,28500.0,1000.0,8221697.0
62,2021-10-21 14:24:58,28600.0,4000.0,8220697.0
63,2021-10-21 14:24:53,28500.0,500.0,8216697.0
64,2021-10-21 14:24:49,28600.0,2000.0,8216197.0
65,2021-10-21 14:24:46,28600.0,1000.0,8214197.0
66,2021-10-21 14:24:43,28600.0,200.0,8213197.0
67,2021-10-21 14:24:35,28600.0,200.0,8212997.0
68,2021-10-21 14:24:32,28600.0,1600.0,8212797.0
69,2021-10-21 14:24:28,28600.0,200.0,8211197.0
70,2021-10-21 14:24:22,28600.0,2600.0,8210997.0
71,2021-10-21 14:24:09,28600.0,1000.0,8208397.0
72,2021-10-21 14:24:08,28600.0,2000.0,8207397.0
73,2021-10-21 14:24:07,28600.0,400.0,8205397.0
74,2021-10-21 14:24:03,28600.0,200.0,8204997.0
75,2021-10-21 14:24:01,28600.0,100.0,8204797.0
76,2021-10-21 14:23:54,28600.0,22400.0,8204697.0
77,2021-10-21 14:23:53,28600.0,1200.0,8182297.0
78,2021-10-21 14:23:26,28600.0,1100.0,8181097.0
79,2021-10-21 14:23:25,28600.0,2000.0,8179997.0
80,2021-10-21 14:23:22,28600.0,400.0,8177997.0
81,2021-10-21 14:23:21,28600.0,300.0,8177597.0
82,2021-10-21 14:23:20,28600.0,4500.0,8177297.0
83,2021-10-21 14:23:16,28600.0,600.0,8172797.0
84,2021-10-21 14:23:07,28600.0,100.0,8172197.0
85,2021-10-21 14:23:01,28600.0,100.0,8172097.0
86,2021-10-21 14:22:59,28600.0,300.0,8171997.0
87,2021-10-21 14:22:55,28600.0,2000.0,8171697.0
88,2021-10-21 14:22:52,28600.0,100.0,8169697.0
89,2021-10-21 14:22:44,28600.0,1000.0,8169597.0
90,2021-10-21 14:22:37,28600.0,11600.0,8168597.0
91,2021-10-21 14:22:36,28600.0,4500.0,8156997.0
92,2021-10-21 14:22:31,28600.0,700.0,8152497.0
93,2021-10-21 14:22:25,28600.0,3000.0,8151797.0
94,2021-10-21 14:22:22,28600.0,15000.0,8148797.0
95,2021-10-21 14:21:38,28600.0,2000.0,8133797.0
96,2021-10-21 14:21:37,28600.0,2000.0,8131797.0
97,2021-10-21 14:21:36,28600.0,3100.0,8129797.0
98,2021-10-21 14:21:32,28600.0,2700.0,8126697.0
99,2021-10-21 14:21:30,28600.0,100.0,8123997.0
100,2021-10-21 14:21:27,28600.0,1000.0,8123897.0
101,2021-10-21 14:21:18,28600.0,10500.0,8122897.0
102,2021-10-21 14:21:10,28600.0,1200.0,8112397.0
103,2021-10-21 14:21:07,28600.0,200.0,8111197.0
104,2021-10-21 14:20:59,28600.0,100.0,8110997.0
105,2021-10-21 14:20:56,28600.0,500.0,8110897.0
106,2021-10-21 14:20:55,28600.0,500.0,8110397.0
107,2021-10-21 14:20:50,28600.0,29500.0,8109897.0
108,2021-10-21 14:20:27,28600.0,200.0,8080397.0
109,2021-10-21 14:20:25,28600.0,700.0,8080197.0
110,2021-10-21 14:20:13,28700.0,300.0,8079497.0
111,2021-10-21 14:20:07,28700.0,500.0,8079197.0
112,2021-10-21 14:20:05,28600.0,3000.0,8078697.0
113,2021-10-21 14:19:35,28700.0,200.0,8075697.0
114,2021-10-21 14:19:07,28500.0,150600.0,8075497.0
115,2021-10-21 14:19:06,28500.0,149400.0,7924897.0
116,2021-10-21 14:18:38,28700.0,300.0,7775497.0
117,2021-10-21 14:18:13,28700.0,200.0,7775197.0
118,2021-10-21 14:17:53,28700.0,10000.0,7774997.0
119,2021-10-21 14:17:49,28700.0,3300.0,7764997.0
120,2021-10-21 14:17:48,28700.0,2000.0,7761697.0
121,2021-10-21 14:17:47,28700.0,500.0,7759697.0
122,2021-10-21 14:17:46,28700.0,1000.0,7759197.0
123,2021-10-21 14:17:41,28700.0,1900.0,7758197.0
124,2021-10-21 14:17:37,28700.0,1200.0,7756297.0
125,2021-10-21 14:17:34,28700.0,10000.0,7755097.0
126,2021-10-21 14:17:30,28700.0,10000.0,7745097.0
127,2021-10-21 14:17:22,28700.0,500.0,7735097.0
128,2021-10-21 14:17:19,28700.0,6000.0,7734597.0
129,2021-10-21 14:17:17,28700.0,10000.0,7728597.0
130,2021-10-21 14:17:10,28700.0,10000.0,7718597.0
131,2021-10-21 14:17:01,28600.0,6900.0,7708597.0
132,2021-10-21 14:17:00,28600.0,5000.0,7701697.0
133,2021-10-21 14:16:36,28600.0,400.0,7696697.0
134,2021-10-21 14:16:16,28600.0,100.0,7696297.0
135,2021-10-21 14:16:13,28600.0,200.0,7696197.0
136,2021-10-21 14:16:04,28600.0,20000.0,7695997.0
137,2021-10-21 14:15:59,28600.0,200.0,7675997.0
138,2021-10-21 14:15:45,28600.0,200.0,7675797.0
139,2021-10-21 14:15:38,28600.0,2000.0,7675597.0
140,2021-10-21 14:15:34,28600.0,500.0,7673597.0
141,2021-10-21 14:15:23,28600.0,1000.0,7673097.0
142,2021-10-21 14:15:15,28600.0,1000.0,7672097.0
143,2021-10-21 14:15:10,28600.0,100.0,7671097.0
144,2021-10-21 14:14:40,28600.0,2000.0,7670997.0
145,2021-10-21 14:14:29,28600.0,50.0,7668997.0
146,2021-10-21 14:14:24,28600.0,1900.0,7668947.0
147,2021-10-21 14:14:23,28600.0,20000.0,7667047.0
148,2021-10-21 14:14:22,28600.0,2000.0,7647047.0
149,2021-10-21 14:14:19,28600.0,300.0,7645047.0
150,2021-10-21 14:14:16,28600.0,8800.0,7644747.0
151,2021-10-21 14:14:13,28600.0,1000.0,7635947.0
152,2021-10-21 14:14:06,28600.0,10000.0,7634947.0
153,2021-10-21 14:14:05,28600.0,1800.0,7624947.0
154,2021-10-21 14:14:00,28600.0,10000.0,7623147.0
155,2021-10-21 14:13:53,28500.0,1000.0,7613147.0
156,2021-10-21 14:13:50,28500.0,10500.0,7612147.0
157,2021-10-21 14:13:43,28600.0,11000.0,7601647.0
158,2021-10-21 14:13:41,28600.0,1000.0,7590647.0
159,2021-10-21 14:13:36,28600.0,200.0,7589647.0
160,2021-10-21 14:13:35,28500.0,200.0,7589447.0
161,2021-10-21 14:13:32,28600.0,100.0,7589247.0
162,2021-10-21 14:13:31,28500.0,25000.0,7589147.0
163,2021-10-21 14:13:28,28600.0,300.0,7564147.0
164,2021-10-21 14:13:12,28600.0,1100.0,7563847.0
165,2021-10-21 14:12:58,28600.0,500.0,7562747.0
166,2021-10-21 14:12:56,28600.0,400.0,7562247.0
167,2021-10-21 14:12:48,28500.0,100.0,7561847.0
168,2021-10-21 14:12:46,28600.0,100.0,7561747.0
169,2021-10-21 14:12:43,28600.0,100.0,7561647.0
170,2021-10-21 14:12:41,28600.0,10100.0,7561547.0
171,2021-10-21 14:12:24,28600.0,1000.0,7551447.0
172,2021-10-21 14:12:21,28600.0,200.0,7550447.0
173,2021-10-21 14:12:17,28600.0,22300.0,7550247.0
174,2021-10-21 14:12:13,28600.0,35000.0,7527947.0
175,2021-10-21 14:12:03,28600.0,100.0,7492947.0
176,2021-10-21 14:11:54,28600.0,1600.0,7492847.0
177,2021-10-21 14:11:53,28600.0,6100.0,7491247.0
178,2021-10-21 14:11:23,28600.0,100.0,7485147.0
179,2021-10-21 14:11:02,28600.0,100.0,7485047.0
180,2021-10-21 14:10:51,28700.0,600.0,7484947.0
181,2021-10-21 14:10:25,28700.0,100.0,7484347.0
182,2021-10-21 14:10:10,28700.0,2700.0,7484247.0
183,2021-10-21 14:10:04,28700.0,7300.0,7481547.0
184,2021-10-21 14:10:03,28700.0,600.0,7474247.0
185,2021-10-21 14:09:56,28700.0,200.0,7473647.0
186,2021-10-21 14:09:54,28700.0,8500.0,7473447.0
187,2021-10-21 14:09:38,28700.0,2000.0,7464947.0
188,2021-10-21 14:09:22,28700.0,1000.0,7462947.0
189,2021-10-21 14:09:18,28700.0,100.0,7461947.0
190,2021-10-21 14:09:16,28700.0,200.0,7461847.0
191,2021-10-21 14:09:13,28700.0,100.0,7461647.0
192,2021-10-21 14:09:08,28700.0,10000.0,7461547.0
193,2021-10-21 14:08:50,28700.0,1000.0,7451547.0
194,2021-10-21 14:08:23,28700.0,500.0,7450547.0
195,2021-10-21 14:08:18,28700.0,100.0,7450047.0
196,2021-10-21 14:07:54,28700.0,300.0,7449947.0
197,2021-10-21 14:07:44,28700.0,6500.0,7449647.0
198,2021-10-21 14:07:28,28700.0,500.0,7443147.0
199,2021-10-21 14:07:26,28700.0,300.0,7442647.0
200,2021-10-21 14:07:06,28700.0,100.0,7442347.0
201,2021-10-21 14:06:59,28700.0,1000.0,7442247.0
202,2021-10-21 14:06:57,28700.0,1000.0,7441247.0
203,2021-10-21 14:06:37,28700.0,100.0,7440247.0
204,2021-10-21 14:06:10,28700.0,1000.0,7440147.0
205,2021-10-21 14:06:09,28700.0,13100.0,7439147.0
206,2021-10-21 14:06:08,28700.0,6500.0,7426047.0
207,2021-10-21 14:05:50,28700.0,4200.0,7419547.0
208,2021-10-21 14:05:26,28700.0,20000.0,7415347.0
209,2021-10-21 14:05:12,28700.0,300.0,7395347.0
210,2021-10-21 14:05:06,28700.0,1000.0,7395047.0
211,2021-10-21 14:05:03,28700.0,6000.0,7394047.0
212,2021-10-21 14:05:01,28700.0,500.0,7388047.0
213,2021-10-21 14:04:31,28700.0,100.0,7387547.0
214,2021-10-21 14:03:59,28700.0,100.0,7387447.0
215,2021-10-21 14:03:40,28700.0,11600.0,7387347.0
216,2021-10-21 14:03:18,28700.0,1000.0,7375747.0
217,2021-10-21 14:03:17,28800.0,100.0,7374747.0
218,2021-10-21 14:03:03,28700.0,100.0,7374647.0
219,2021-10-21 14:02:47,28800.0,2000.0,7374547.0
220,2021-10-21 14:02:36,28800.0,100.0,7372547.0
221,2021-10-21 14:02:30,28700.0,100.0,7372447.0
222,2021-10-21 14:02:25,28700.0,2900.0,7372347.0
223,2021-10-21 14:02:16,28700.0,2000.0,7369447.0
224,2021-10-21 14:02:03,28700.0,1000.0,7367447.0
225,2021-10-21 14:01:54,28700.0,1.0,7366447.0
226,2021-10-21 14:01:41,28700.0,1000.0,7366446.0
227,2021-10-21 14:01:40,28800.0,200.0,7365446.0
228,2021-10-21 14:00:53,28800.0,100.0,7365246.0
229,2021-10-21 14:00:50,28800.0,9200.0,7365146.0
230,2021-10-21 14:00:40,28800.0,38500.0,7355946.0
231,2021-10-21 14:00:12,28800.0,1000.0,7317446.0
232,2021-10-21 14:00:11,28800.0,28600.0,7316446.0
233,2021-10-21 14:00:10,28800.0,22700.0,7287846.0
234,2021-10-21 14:00:09,28800.0,200.0,7265146.0
235,2021-10-21 13:59:48,28800.0,300.0,7264946.0
236,2021-10-21 13:59:40,28800.0,100.0,7264646.0
237,2021-10-21 13:59:27,28800.0,1000.0,7264546.0
238,2021-10-21 13:59:24,28800.0,2200.0,7263546.0
239,2021-10-21 13:59:22,28800.0,5000.0,7261346.0
240,2021-10-21 13:59:19,28800.0,1500.0,7256346.0
241,2021-10-21 13:59:15,28800.0,1000.0,7254846.0
242,2021-10-21 13:59:10,28900.0,3000.0,7253846.0
243,2021-10-21 13:59:09,28800.0,20000.0,7250846.0
244,2021-10-21 13:59:04,28800.0,2000.0,7230846.0
245,2021-10-21 13:58:35,28800.0,1200.0,7228846.0
246,2021-10-21 13:58:23,28900.0,1000.0,7227646.0
247,2021-10-21 13:57:58,28800.0,1000.0,7226646.0
248,2021-10-21 13:57:36,28800.0,3400.0,7225646.0
249,2021-10-21 13:57:04,28800.0,8000.0,7222246.0
250,2021-10-21 13:57:01,28800.0,2600.0,7214246.0
251,2021-10-21 13:56:34,28800.0,5200.0,7211646.0
252,2021-10-21 13:56:30,28800.0,18.0,7206446.0
253,2021-10-21 13:56:13,28800.0,2000.0,7206428.0
254,2021-10-21 13:56:08,28800.0,10000.0,7204428.0
255,2021-10-21 13:55:56,28800.0,100.0,7194428.0
256,2021-10-21 13:55:29,28800.0,200.0,7194328.0
257,2021-10-21 13:55:26,28800.0,4500.0,7194128.0
258,2021-10-21 13:55:12,28800.0,100.0,7189628.0
259,2021-10-21 13:55:09,28800.0,300.0,7189528.0
260,2021-10-21 13:55:04,28800.0,100.0,7189228.0
261,2021-10-21 13:55:00,28800.0,400.0,7189128.0
262,2021-10-21 13:54:53,28800.0,5000.0,7188728.0
263,2021-10-21 13:54:37,28800.0,5000.0,7183728.0
264,2021-10-21 13:54:21,28800.0,12700.0,7178728.0
265,2021-10-21 13:54:05,28800.0,1000.0,7166028.0
266,2021-10-21 13:53:41,28800.0,200.0,7165028.0
267,2021-10-21 13:53:39,28800.0,1000.0,7164828.0
268,2021-10-21 13:52:45,28800.0,6000.0,7163828.0
269,2021-10-21 13:52:42,28800.0,2000.0,7157828.0
270,2021-10-21 13:52:41,28800.0,6000.0,7155828.0
271,2021-10-21 13:52:09,28900.0,100.0,7149828.0
272,2021-10-21 13:51:26,28900.0,100.0,7149728.0
273,2021-10-21 13:51:01,28800.0,2000.0,7149628.0
274,2021-10-21 13:50:58,28900.0,1000.0,7147628.0
275,2021-10-21 13:50:53,28900.0,2500.0,7146628.0
276,2021-10-21 13:50:50,28900.0,100.0,7144128.0
277,2021-10-21 13:50:36,28900.0,500.0,7144028.0
278,2021-10-21 13:50:15,28900.0,200.0,7143528.0
279,2021-10-21 13:50:08,28900.0,15000.0,7143328.0
280,2021-10-21 13:50:04,28900.0,100.0,7128328.0
281,2021-10-21 13:50:00,28900.0,1000.0,7128228.0
282,2021-10-21 13:49:21,28900.0,200.0,7127228.0
283,2021-10-21 13:48:57,28900.0,1500.0,7127028.0
284,2021-10-21 13:48:55,28900.0,500.0,7125528.0
285,2021-10-21 13:48:50,28900.0,500.0,7125028.0
286,2021-10-21 13:48:48,28900.0,3600.0,7124528.0
287,2021-10-21 13:48:33,28900.0,2000.0,7120928.0
288,2021-10-21 13:47:58,28900.0,10000.0,7118928.0
289,2021-10-21 13:47:45,28800.0,5000.0,7108928.0
290,2021-10-21 13:47:29,28900.0,100.0,7103928.0
291,2021-10-21 13:46:53,28900.0,100.0,7103828.0
292,2021-10-21 13:46:49,28900.0,3100.0,7103728.0
293,2021-10-21 13:46:42,28900.0,10000.0,7100628.0
294,2021-10-21 13:46:12,28900.0,4300.0,7090628.0
295,2021-10-21 13:45:13,28800.0,100.0,7086328.0
296,2021-10-21 13:44:25,28800.0,4900.0,7086228.0
297,2021-10-21 13:44:06,28800.0,600.0,7081328.0
298,2021-10-21 13:43:59,28800.0,1000.0,7080728.0
299,2021-10-21 13:43:56,28800.0,100.0,7079728.0
300,2021-10-21 13:43:53,28800.0,200.0,7079628.0
301,2021-10-21 13:43:52,28800.0,1000.0,7079428.0
302,2021-10-21 13:43:50,28800.0,100.0,7078428.0
303,2021-10-21 13:43:43,28800.0,1700.0,7078328.0
304,2021-10-21 13:43:41,28800.0,100.0,7076628.0
305,2021-10-21 13:43:35,28800.0,3000.0,7076528.0
306,2021-10-21 13:43:34,28800.0,5000.0,7073528.0
307,2021-10-21 13:43:22,28800.0,600.0,7068528.0
308,2021-10-21 13:42:52,28800.0,1000.0,7067928.0
309,2021-10-21 13:42:51,28800.0,100.0,7066928.0
310,2021-10-21 13:42:39,28800.0,1000.0,7066828.0
311,2021-10-21 13:42:34,28800.0,5000.0,7065828.0
312,2021-10-21 13:42:13,28800.0,10400.0,7060828.0
313,2021-10-21 13:41:32,28800.0,2000.0,7050428.0
314,2021-10-21 13:41:17,28800.0,300.0,7048428.0
315,2021-10-21 13:41:08,28800.0,5000.0,7048128.0
316,2021-10-21 13:40:53,28800.0,100.0,7043128.0
317,2021-10-21 13:40:34,28800.0,200.0,7043028.0
318,2021-10-21 13:40:31,28800.0,100.0,7042828.0
319,2021-10-21 13:40:28,28800.0,5900.0,7042728.0
320,2021-10-21 13:40:06,28800.0,30000.0,7036828.0
321,2021-10-21 13:39:54,28800.0,38000.0,7006828.0
322,2021-10-21 13:39:44,28900.0,5000.0,6968828.0
323,2021-10-21 13:39:34,28900.0,200.0,6963828.0
324,2021-10-21 13:39:32,28900.0,500.0,6963628.0
325,2021-10-21 13:39:19,28900.0,500.0,6963128.0
326,2021-10-21 13:39:12,28900.0,300.0,6962628.0
327,2021-10-21 13:39:08,28900.0,1000.0,6962328.0
328,2021-10-21 13:38:57,28900.0,3700.0,6961328.0
329,2021-10-21 13:38:52,28900.0,5000.0,6957628.0
330,2021-10-21 13:38:44,28900.0,6000.0,6952628.0
331,2021-10-21 13:38:22,28900.0,500.0,6946628.0
332,2021-10-21 13:38:21,28900.0,37100.0,6946128.0
333,2021-10-21 13:37:59,28900.0,3000.0,6909028.0
334,2021-10-21 13:37:52,28900.0,3000.0,6906028.0
335,2021-10-21 13:37:50,28900.0,10000.0,6903028.0
336,2021-10-21 13:37:27,28900.0,6.0,6893028.0
337,2021-10-21 13:37:25,28900.0,400.0,6893022.0
338,2021-10-21 13:36:51,28900.0,6000.0,6892622.0
339,2021-10-21 13:36:44,28900.0,300.0,6886622.0
340,2021-10-21 13:36:30,28900.0,1000.0,6886322.0
341,2021-10-21 13:36:24,28900.0,900.0,6885322.0
342,2021-10-21 13:36:15,28900.0,1000.0,6884422.0
343,2021-10-21 13:36:00,28900.0,200.0,6883422.0
344,2021-10-21 13:35:53,28900.0,59.0,6883222.0
345,2021-10-21 13:35:41,28900.0,500.0,6883163.0
346,2021-10-21 13:35:36,28900.0,200.0,6882663.0
347,2021-10-21 13:35:35,28900.0,500.0,6882463.0
348,2021-10-21 13:35:31,28900.0,8900.0,6881963.0
349,2021-10-21 13:35:21,28900.0,4000.0,6873063.0
350,2021-10-21 13:35:18,28900.0,1000.0,6869063.0
351,2021-10-21 13:35:17,28900.0,400.0,6868063.0
352,2021-10-21 13:34:46,28900.0,10000.0,6867663.0
353,2021-10-21 13:34:29,28900.0,4200.0,6857663.0
354,2021-10-21 13:33:58,28900.0,5500.0,6853463.0
355,2021-10-21 13:33:53,28900.0,300.0,6847963.0
356,2021-10-21 13:33:41,28900.0,500.0,6847663.0
357,2021-10-21 13:33:36,28900.0,500.0,6847163.0
358,2021-10-21 13:33:35,28900.0,23200.0,6846663.0
359,2021-10-21 13:33:29,28900.0,500.0,6823463.0
360,2021-10-21 13:33:20,28900.0,1000.0,6822963.0
361,2021-10-21 13:33:19,28900.0,10000.0,6821963.0
362,2021-10-21 13:33:18,28900.0,15000.0,6811963.0
363,2021-10-21 13:33:08,28900.0,500.0,6796963.0
364,2021-10-21 13:33:07,28900.0,5200.0,6796463.0
365,2021-10-21 13:33:01,29000.0,500.0,6791263.0
366,2021-10-21 13:32:55,28900.0,10000.0,6790763.0
367,2021-10-21 13:32:51,28900.0,4000.0,6780763.0
368,2021-10-21 13:32:50,28900.0,100.0,6776763.0
369,2021-10-21 13:32:31,28900.0,4000.0,6776663.0
370,2021-10-21 13:32:27,29000.0,200.0,6772663.0
371,2021-10-21 13:32:16,28900.0,5000.0,6772463.0
372,2021-10-21 13:32:13,29000.0,1200.0,6767463.0
373,2021-10-21 13:31:46,29000.0,1000.0,6766263.0
374,2021-10-21 13:31:42,29000.0,100.0,6765263.0
375,2021-10-21 13:31:37,29000.0,100.0,6765163.0
376,2021-10-21 13:31:07,29000.0,1000.0,6765063.0
377,2021-10-21 13:30:52,29000.0,500.0,6764063.0
378,2021-10-21 13:30:50,29000.0,1400.0,6763563.0
379,2021-10-21 13:30:44,29000.0,200.0,6762163.0
380,2021-10-21 13:30:40,29000.0,5000.0,6761963.0
381,2021-10-21 13:30:29,29000.0,400.0,6756963.0
382,2021-10-21 13:30:15,28900.0,95500.0,6756563.0
383,2021-10-21 13:30:04,28900.0,2000.0,6661063.0
384,2021-10-21 13:30:02,28900.0,200.0,6659063.0
385,2021-10-21 13:29:50,28900.0,2000.0,6658863.0
386,2021-10-21 13:29:45,28900.0,2500.0,6656863.0
387,2021-10-21 13:29:17,28800.0,200.0,6654363.0
388,2021-10-21 13:29:16,28900.0,300.0,6654163.0
389,2021-10-21 13:27:50,28800.0,1000.0,6653863.0
390,2021-10-21 13:27:44,28900.0,3000.0,6652863.0
391,2021-10-21 13:27:42,28900.0,500.0,6649863.0
392,2021-10-21 13:27:39,28900.0,1000.0,6649363.0
393,2021-10-21 13:27:37,28900.0,600.0,6648363.0
394,2021-10-21 13:27:33,28900.0,2200.0,6647763.0
395,2021-10-21 13:27:29,28900.0,500.0,6645563.0
396,2021-10-21 13:27:27,28900.0,600.0,6645063.0
397,2021-10-21 13:27:26,28900.0,1100.0,6644463.0
398,2021-10-21 13:27:21,28900.0,2500.0,6643363.0
399,2021-10-21 13:27:19,28900.0,40000.0,6640863.0
400,2021-10-21 13:27:09,29000.0,2000.0,6600863.0
401,2021-10-21 13:26:56,29000.0,500.0,6598863.0
402,2021-10-21 13:26:35,29000.0,7000.0,6598363.0
403,2021-10-21 13:26:19,28900.0,3400.0,6591363.0
404,2021-10-21 13:26:18,28900.0,10000.0,6587963.0
405,2021-10-21 13:26:10,28900.0,200.0,6577963.0
406,2021-10-21 13:26:06,28900.0,100.0,6577763.0
407,2021-10-21 13:26:03,28900.0,1000.0,6577663.0
408,2021-10-21 13:26:02,28900.0,516.0,6576663.0
409,2021-10-21 13:26:00,28900.0,2000.0,6576147.0
410,2021-10-21 13:25:59,28900.0,100.0,6574147.0
411,2021-10-21 13:25:52,28900.0,8000.0,6574047.0
412,2021-10-21 13:25:51,28900.0,800.0,6566047.0
413,2021-10-21 13:25:49,28900.0,600.0,6565247.0
414,2021-10-21 13:25:48,28900.0,1000.0,6564647.0
415,2021-10-21 13:25:46,28900.0,200.0,6563647.0
416,2021-10-21 13:25:45,28900.0,2000.0,6563447.0
417,2021-10-21 13:25:41,28900.0,2000.0,6561447.0
418,2021-10-21 13:25:36,28900.0,3000.0,6559447.0
419,2021-10-21 13:25:34,28900.0,5500.0,6556447.0
420,2021-10-21 13:25:31,28900.0,10000.0,6550947.0
421,2021-10-21 13:25:28,28900.0,1500.0,6540947.0
422,2021-10-21 13:25:23,28900.0,100.0,6539447.0
423,2021-10-21 13:25:21,28900.0,2300.0,6539347.0
424,2021-10-21 13:25:17,28900.0,700.0,6537047.0
425,2021-10-21 13:25:12,28900.0,2000.0,6536347.0
426,2021-10-21 13:25:05,28900.0,1400.0,6534347.0
427,2021-10-21 13:25:04,28900.0,1000.0,6532947.0
428,2021-10-21 13:24:59,28900.0,100.0,6531947.0
429,2021-10-21 13:24:56,28900.0,10000.0,6531847.0
430,2021-10-21 13:24:50,28800.0,100.0,6521847.0
431,2021-10-21 13:24:43,28800.0,400.0,6521747.0
432,2021-10-21 13:24:41,28900.0,1000.0,6521347.0
433,2021-10-21 13:24:27,28900.0,5000.0,6520347.0
434,2021-10-21 13:24:26,28900.0,1000.0,6515347.0
435,2021-10-21 13:24:24,28900.0,500.0,6514347.0
436,2021-10-21 13:24:22,28900.0,10000.0,6513847.0
437,2021-10-21 13:24:19,28900.0,1000.0,6503847.0
438,2021-10-21 13:24:12,28900.0,1900.0,6502847.0
439,2021-10-21 13:24:09,28900.0,100.0,6500947.0
440,2021-10-21 13:24:04,28900.0,100.0,6500847.0
441,2021-10-21 13:23:59,28900.0,1000.0,6500747.0
442,2021-10-21 13:23:57,28900.0,4700.0,6499747.0
443,2021-10-21 13:23:53,28900.0,13600.0,6495047.0
444,2021-10-21 13:23:47,29000.0,400.0,6481447.0
445,2021-10-21 13:23:42,28900.0,500.0,6481047.0
446,2021-10-21 13:23:40,28900.0,500.0,6480547.0
447,2021-10-21 13:23:39,28900.0,2000.0,6480047.0
448,2021-10-21 13:23:31,29000.0,8000.0,6478047.0
449,2021-10-21 13:23:27,29000.0,62600.0,6470047.0
450,2021-10-21 13:23:11,29000.0,2100.0,6407447.0
451,2021-10-21 13:23:04,29100.0,4000.0,6405347.0
452,2021-10-21 13:22:54,29100.0,2000.0,6401347.0
453,2021-10-21 13:22:43,29100.0,2400.0,6399347.0
454,2021-10-21 13:22:41,29100.0,1000.0,6396947.0
455,2021-10-21 13:22:39,29100.0,1500.0,6395947.0
456,2021-10-21 13:22:38,29100.0,420.0,6394447.0
457,2021-10-21 13:22:36,29100.0,5000.0,6394027.0
458,2021-10-21 13:22:33,29100.0,3000.0,6389027.0
459,2021-10-21 13:22:18,29100.0,2600.0,6386027.0
460,2021-10-21 13:22:15,29100.0,10000.0,6383427.0
461,2021-10-21 13:22:12,29100.0,5000.0,6373427.0
462,2021-10-21 13:22:11,29100.0,100.0,6368427.0
463,2021-10-21 13:22:10,29100.0,11700.0,6368327.0
464,2021-10-21 13:22:07,29100.0,48500.0,6356627.0
465,2021-10-21 13:22:05,29100.0,600.0,6308127.0
466,2021-10-21 13:22:02,29100.0,2000.0,6307527.0
467,2021-10-21 13:21:57,29100.0,53000.0,6305527.0
468,2021-10-21 13:21:50,29100.0,600.0,6252527.0
469,2021-10-21 13:21:49,29200.0,20000.0,6251927.0
470,2021-10-21 13:21:41,29200.0,3150.0,6231927.0
471,2021-10-21 13:21:36,29100.0,2000.0,6228777.0
472,2021-10-21 13:21:31,29100.0,200.0,6226777.0
473,2021-10-21 13:21:10,29100.0,100.0,6226577.0
474,2021-10-21 13:21:09,29100.0,33000.0,6226477.0
475,2021-10-21 13:21:06,29100.0,10200.0,6193477.0
476,2021-10-21 13:21:05,29100.0,2000.0,6183277.0
477,2021-10-21 13:21:04,29100.0,15200.0,6181277.0
478,2021-10-21 13:21:01,29100.0,9300.0,6166077.0
479,2021-10-21 13:20:58,29100.0,10900.0,6156777.0
480,2021-10-21 13:20:56,29100.0,20000.0,6145877.0
481,2021-10-21 13:20:55,29100.0,2000.0,6125877.0
482,2021-10-21 13:20:53,29100.0,2800.0,6123877.0
483,2021-10-21 13:20:48,29100.0,500.0,6121077.0
484,2021-10-21 13:20:47,29100.0,300.0,6120577.0
485,2021-10-21 13:20:46,29100.0,1000.0,6120277.0
486,2021-10-21 13:20:44,29200.0,21900.0,6119277.0
487,2021-10-21 13:20:43,29000.0,1200.0,6097377.0
488,2021-10-21 13:20:42,29100.0,1300.0,6096177.0
489,2021-10-21 13:20:41,29100.0,2000.0,6094877.0
490,2021-10-21 13:20:40,29100.0,1000.0,6092877.0
491,2021-10-21 13:20:38,29100.0,74100.0,6091877.0
492,2021-10-21 13:20:34,29100.0,35400.0,6017777.0
493,2021-10-21 13:20:33,29100.0,4500.0,5982377.0
494,2021-10-21 13:20:32,29100.0,5000.0,5977877.0
495,2021-10-21 13:20:31,29100.0,20000.0,5972877.0
496,2021-10-21 13:20:28,29100.0,5000.0,5952877.0
497,2021-10-21 13:20:24,29100.0,3100.0,5947877.0
498,2021-10-21 13:20:19,29100.0,2000.0,5944777.0
499,2021-10-21 13:20:17,29100.0,200.0,5942777.0
500,2021-10-21 13:20:15,29100.0,7000.0,5942577.0
501,2021-10-21 13:20:14,29100.0,900.0,5935577.0
502,2021-10-21 13:20:08,29100.0,300.0,5934677.0
503,2021-10-21 13:20:07,29100.0,1000.0,5934377.0
504,2021-10-21 13:20:06,29100.0,10000.0,5933377.0
505,2021-10-21 13:20:05,29100.0,200.0,5923377.0
506,2021-10-21 13:19:54,29100.0,26700.0,5923177.0
507,2021-10-21 13:19:53,29100.0,3000.0,5896477.0
508,2021-10-21 13:19:51,29100.0,10500.0,5893477.0
509,2021-10-21 13:19:47,29200.0,4000.0,5882977.0
510,2021-10-21 13:19:46,29200.0,2100.0,5878977.0
511,2021-10-21 13:19:41,29200.0,10000.0,5876877.0
512,2021-10-21 13:19:40,29200.0,200.0,5866877.0
513,2021-10-21 13:19:37,29200.0,2000.0,5866677.0
514,2021-10-21 13:19:36,29200.0,20018.0,5864677.0
515,2021-10-21 13:19:28,29200.0,54000.0,5844659.0
516,2021-10-21 13:19:25,29100.0,2300.0,5790659.0
517,2021-10-21 13:19:24,29200.0,10000.0,5788359.0
518,2021-10-21 13:19:22,29200.0,200.0,5778359.0
519,2021-10-21 13:19:20,29200.0,4400.0,5778159.0
520,2021-10-21 13:19:19,29200.0,1300.0,5773759.0
521,2021-10-21 13:19:18,29200.0,6000.0,5772459.0
522,2021-10-21 13:19:17,29100.0,100.0,5766459.0
523,2021-10-21 13:19:15,29100.0,5000.0,5766359.0
524,2021-10-21 13:19:02,29100.0,58200.0,5761359.0
525,2021-10-21 13:19:01,29100.0,7000.0,5703159.0
526,2021-10-21 13:19:00,29100.0,200.0,5696159.0
527,2021-10-21 13:18:57,29000.0,500.0,5695959.0
528,2021-10-21 13:18:56,29100.0,5000.0,5695459.0
529,2021-10-21 13:18:53,29000.0,110700.0,5690459.0
530,2021-10-21 13:18:51,29000.0,100000.0,5579759.0
531,2021-10-21 13:18:46,28900.0,600.0,5479759.0
532,2021-10-21 13:18:45,28900.0,200.0,5479159.0
533,2021-10-21 13:18:44,28900.0,2500.0,5478959.0
534,2021-10-21 13:18:42,28900.0,10000.0,5476459.0
535,2021-10-21 13:18:39,28900.0,15000.0,5466459.0
536,2021-10-21 13:18:31,28800.0,200.0,5451459.0
537,2021-10-21 13:18:28,28800.0,70300.0,5451259.0
538,2021-10-21 13:18:24,28700.0,500.0,5380959.0
539,2021-10-21 13:18:16,28700.0,34900.0,5380459.0
540,2021-10-21 13:18:15,28700.0,25000.0,5345559.0
541,2021-10-21 13:18:14,28700.0,1000.0,5320559.0
542,2021-10-21 13:18:11,28700.0,15000.0,5319559.0
543,2021-10-21 13:18:08,28700.0,2000.0,5304559.0
544,2021-10-21 13:18:06,28700.0,2000.0,5302559.0
545,2021-10-21 13:18:05,28700.0,100.0,5300559.0
546,2021-10-21 13:18:00,28700.0,1200.0,5300459.0
547,2021-10-21 13:17:54,28700.0,10000.0,5299259.0
548,2021-10-21 13:17:51,28700.0,1000.0,5289259.0
549,2021-10-21 13:17:49,28700.0,100.0,5288259.0
550,2021-10-21 13:17:47,28700.0,200.0,5288159.0
551,2021-10-21 13:17:37,28700.0,400.0,5287959.0
552,2021-10-21 13:17:11,28600.0,1100.0,5287559.0
553,2021-10-21 13:17:08,28600.0,31000.0,5286459.0
554,2021-10-21 13:16:48,28600.0,2000.0,5255459.0
555,2021-10-21 13:16:39,28500.0,12000.0,5253459.0
556,2021-10-21 13:16:31,28600.0,2000.0,5241459.0
557,2021-10-21 13:16:10,28500.0,1200.0,5239459.0
558,2021-10-21 13:16:04,28500.0,200.0,5238259.0
559,2021-10-21 13:16:03,28500.0,4200.0,5238059.0
560,2021-10-21 13:16:01,28500.0,6100.0,5233859.0
561,2021-10-21 13:16:00,28500.0,100.0,5227759.0
562,2021-10-21 13:15:57,28500.0,5000.0,5227659.0
563,2021-10-21 13:15:54,28500.0,3800.0,5222659.0
564,2021-10-21 13:15:52,28500.0,1000.0,5218859.0
565,2021-10-21 13:15:51,28500.0,1900.0,5217859.0
566,2021-10-21 13:15:49,28500.0,5000.0,5215959.0
567,2021-10-21 13:15:47,28500.0,100.0,5210959.0
568,2021-10-21 13:15:46,28500.0,1200.0,5210859.0
569,2021-10-21 13:15:45,28500.0,500.0,5209659.0
570,2021-10-21 13:15:43,28500.0,10000.0,5209159.0
571,2021-10-21 13:15:42,28500.0,1500.0,5199159.0
572,2021-10-21 13:15:41,28500.0,10000.0,5197659.0
573,2021-10-21 13:15:39,28500.0,100.0,5187659.0
574,2021-10-21 13:15:38,28500.0,100.0,5187559.0
575,2021-10-21 13:15:37,28500.0,10000.0,5187459.0
576,2021-10-21 13:15:26,28500.0,50000.0,5177459.0
577,2021-10-21 13:15:25,28500.0,300.0,5127459.0
578,2021-10-21 13:15:19,28500.0,200.0,5127159.0
579,2021-10-21 13:15:12,28500.0,2400.0,5126959.0
580,2021-10-21 13:14:46,28500.0,5000.0,5124559.0
581,2021-10-21 13:14:45,28400.0,800.0,5119559.0
582,2021-10-21 13:14:18,28400.0,1000.0,5118759.0
583,2021-10-21 13:14:08,28500.0,500.0,5117759.0
584,2021-10-21 13:13:56,28400.0,2000.0,5117259.0
585,2021-10-21 13:13:42,28400.0,400.0,5115259.0
586,2021-10-21 13:13:41,28500.0,200.0,5114859.0
587,2021-10-21 13:13:36,28400.0,100.0,5114659.0
588,2021-10-21 13:13:21,28400.0,4500.0,5114559.0
589,2021-10-21 13:13:08,28400.0,6100.0,5110059.0
590,2021-10-21 13:13:07,28400.0,100.0,5103959.0
591,2021-10-21 13:13:06,28400.0,100.0,5103859.0
592,2021-10-21 13:13:05,28400.0,2800.0,5103759.0
593,2021-10-21 13:13:02,28400.0,800.0,5100959.0
594,2021-10-21 13:12:59,28400.0,100.0,5100159.0
595,2021-10-21 13:12:57,28400.0,2000.0,5100059.0
596,2021-10-21 13:12:56,28300.0,1500.0,5098059.0
597,2021-10-21 13:12:55,28400.0,800.0,5096559.0
598,2021-10-21 13:12:52,28400.0,200.0,5095759.0
599,2021-10-21 13:12:51,28400.0,100.0,5095559.0
600,2021-10-21 13:12:49,28400.0,36800.0,5095459.0
601,2021-10-21 13:12:34,28400.0,62500.0,5058659.0
602,2021-10-21 13:12:29,28400.0,400.0,4996159.0
603,2021-10-21 13:12:20,28400.0,100.0,4995759.0
604,2021-10-21 13:12:19,28500.0,100.0,4995659.0
605,2021-10-21 13:12:03,28400.0,600.0,4995559.0
606,2021-10-21 13:11:59,28400.0,100.0,4994959.0
607,2021-10-21 13:11:17,28400.0,2000.0,4994859.0
608,2021-10-21 13:11:06,28400.0,1000.0,4992859.0
609,2021-10-21 13:11:03,28400.0,300.0,4991859.0
610,2021-10-21 13:10:50,28400.0,100.0,4991559.0
611,2021-10-21 13:10:45,28400.0,100.0,4991459.0
612,2021-10-21 13:10:43,28500.0,1900.0,4991359.0
613,2021-10-21 13:10:35,28400.0,1000.0,4989459.0
614,2021-10-21 13:10:20,28400.0,10100.0,4988459.0
615,2021-10-21 13:10:16,28400.0,100.0,4978359.0
616,2021-10-21 13:10:08,28400.0,30000.0,4978259.0
617,2021-10-21 13:09:59,28400.0,6000.0,4948259.0
618,2021-10-21 13:09:30,28400.0,5100.0,4942259.0
619,2021-10-21 13:09:23,28500.0,600.0,4937159.0
620,2021-10-21 13:09:19,28400.0,100.0,4936559.0
621,2021-10-21 13:09:14,28500.0,200.0,4936459.0
622,2021-10-21 13:08:59,28400.0,2000.0,4936259.0
623,2021-10-21 13:08:58,28500.0,5000.0,4934259.0
624,2021-10-21 13:08:57,28500.0,1000.0,4929259.0
625,2021-10-21 13:08:55,28400.0,300.0,4928259.0
626,2021-10-21 13:08:51,28400.0,7000.0,4927959.0
627,2021-10-21 13:08:17,28500.0,5000.0,4920959.0
628,2021-10-21 13:08:15,28500.0,26000.0,4915959.0
629,2021-10-21 13:08:13,28500.0,11000.0,4889959.0
630,2021-10-21 13:07:57,28500.0,13100.0,4878959.0
631,2021-10-21 13:07:56,28500.0,13900.0,4865859.0
632,2021-10-21 13:07:37,28500.0,5600.0,4851959.0
633,2021-10-21 13:07:36,28600.0,1000.0,4846359.0
634,2021-10-21 13:07:35,28600.0,600.0,4845359.0
635,2021-10-21 13:07:27,28600.0,13600.0,4844759.0
636,2021-10-21 13:07:26,28500.0,20000.0,4831159.0
637,2021-10-21 13:07:18,28600.0,1000.0,4811159.0
638,2021-10-21 13:07:14,28500.0,1000.0,4810159.0
639,2021-10-21 13:07:04,28500.0,3000.0,4809159.0
640,2021-10-21 13:06:50,28500.0,3500.0,4806159.0
641,2021-10-21 13:06:46,28500.0,8.0,4802659.0
642,2021-10-21 13:06:35,28500.0,7000.0,4802651.0
643,2021-10-21 13:06:30,28600.0,2000.0,4795651.0
644,2021-10-21 13:06:23,28500.0,200.0,4793651.0
645,2021-10-21 13:06:14,28500.0,200.0,4793451.0
646,2021-10-21 13:05:58,28600.0,7000.0,4793251.0
647,2021-10-21 13:05:36,28600.0,10000.0,4786251.0
648,2021-10-21 13:05:01,28600.0,300.0,4776251.0
649,2021-10-21 13:04:20,28600.0,1000.0,4775951.0
650,2021-10-21 13:04:14,28600.0,10000.0,4774951.0
651,2021-10-21 13:04:01,28500.0,2800.0,4764951.0
652,2021-10-21 13:03:52,28600.0,200.0,4762151.0
653,2021-10-21 13:03:36,28500.0,50000.0,4761951.0
654,2021-10-21 13:03:11,28600.0,200.0,4711951.0
655,2021-10-21 13:03:04,28600.0,2400.0,4711751.0
656,2021-10-21 13:03:02,28600.0,300.0,4709351.0
657,2021-10-21 13:02:19,28500.0,1000.0,4709051.0
658,2021-10-21 13:01:50,28500.0,100.0,4708051.0
659,2021-10-21 13:01:41,28500.0,200.0,4707951.0
660,2021-10-21 13:01:34,28500.0,50000.0,4707751.0
661,2021-10-21 13:01:05,28500.0,10000.0,4657751.0
662,2021-10-21 13:00:41,28700.0,1900.0,4647751.0
663,2021-10-21 13:00:30,28600.0,26000.0,4645851.0
664,2021-10-21 13:00:08,28600.0,4100.0,4619851.0
665,2021-10-21 13:00:07,28600.0,300.0,4615751.0
666,2021-10-21 13:00:05,28600.0,1900.0,4615451.0
667,2021-10-21 13:00:04,28600.0,2500.0,4613551.0
668,2021-10-21 13:00:03,28600.0,11500.0,4611051.0
669,2021-10-21 13:00:01,28600.0,1300.0,4599551.0
670,2021-10-21 11:29:52,28600.0,100.0,4598251.0
671,2021-10-21 11:29:42,28600.0,1500.0,4598151.0
672,2021-10-21 11:29:26,28600.0,14000.0,4596651.0
673,2021-10-21 11:28:47,28600.0,3000.0,4582651.0
674,2021-10-21 11:28:33,28500.0,500.0,4579651.0
675,2021-10-21 11:28:16,28500.0,200.0,4579151.0
676,2021-10-21 11:27:44,28500.0,500.0,4578951.0
677,2021-10-21 11:27:25,28500.0,1500.0,4578451.0
678,2021-10-21 11:27:10,28600.0,200.0,4576951.0
679,2021-10-21 11:26:38,28500.0,2000.0,4576751.0
680,2021-10-21 11:26:36,28600.0,2000.0,4574751.0
681,2021-10-21 11:26:22,28600.0,500.0,4572751.0
682,2021-10-21 11:26:21,28600.0,3000.0,4572251.0
683,2021-10-21 11:26:13,28600.0,16500.0,4569251.0
684,2021-10-21 11:26:11,28500.0,300.0,4552751.0
685,2021-10-21 11:26:02,28600.0,700.0,4552451.0
686,2021-10-21 11:25:23,28600.0,800.0,4551751.0
687,2021-10-21 11:25:07,28600.0,13800.0,4550951.0
688,2021-10-21 11:25:06,28600.0,2000.0,4537151.0
689,2021-10-21 11:24:45,28600.0,4200.0,4535151.0
690,2021-10-21 11:24:34,28500.0,500.0,4530951.0
691,2021-10-21 11:24:24,28500.0,500.0,4530451.0
692,2021-10-21 11:24:03,28500.0,1500.0,4529951.0
693,2021-10-21 11:23:51,28500.0,200.0,4528451.0
694,2021-10-21 11:23:47,28500.0,800.0,4528251.0
695,2021-10-21 11:23:41,28500.0,47500.0,4527451.0
696,2021-10-21 11:23:40,28600.0,5000.0,4479951.0
697,2021-10-21 11:23:34,28600.0,1000.0,4474951.0
698,2021-10-21 11:22:38,28500.0,1000.0,4473951.0
699,2021-10-21 11:22:36,28500.0,500.0,4472951.0
700,2021-10-21 11:22:33,28500.0,9500.0,4472451.0
701,2021-10-21 11:22:24,28500.0,2000.0,4462951.0
702,2021-10-21 11:22:22,28500.0,2800.0,4460951.0
703,2021-10-21 11:21:54,28400.0,300.0,4458151.0
704,2021-10-21 11:21:27,28400.0,5000.0,4457851.0
705,2021-10-21 11:21:13,28400.0,1500.0,4452851.0
706,2021-10-21 11:21:12,28400.0,5000.0,4451351.0
707,2021-10-21 11:21:06,28400.0,26.0,4446351.0
708,2021-10-21 11:21:05,28400.0,5000.0,4446325.0
709,2021-10-21 11:20:59,28500.0,20000.0,4441325.0
710,2021-10-21 11:20:52,28400.0,1000.0,4421325.0
711,2021-10-21 11:20:49,28400.0,38600.0,4420325.0
712,2021-10-21 11:20:32,28400.0,300.0,4381725.0
713,2021-10-21 11:20:26,28500.0,4600.0,4381425.0
714,2021-10-21 11:20:21,28400.0,300.0,4376825.0
715,2021-10-21 11:20:18,28500.0,300.0,4376525.0
716,2021-10-21 11:20:13,28500.0,200.0,4376225.0
717,2021-10-21 11:20:05,28400.0,1000.0,4376025.0
718,2021-10-21 11:19:52,28500.0,100.0,4375025.0
719,2021-10-21 11:19:41,28400.0,10000.0,4374925.0
720,2021-10-21 11:19:40,28400.0,200.0,4364925.0
721,2021-10-21 11:19:36,28500.0,600.0,4364725.0
722,2021-10-21 11:19:24,28400.0,6000.0,4364125.0
723,2021-10-21 11:19:15,28400.0,1000.0,4358125.0
724,2021-10-21 11:19:08,28300.0,2000.0,4357125.0
725,2021-10-21 11:18:54,28300.0,1000.0,4355125.0
726,2021-10-21 11:18:53,28300.0,1000.0,4354125.0
727,2021-10-21 11:18:52,28400.0,500.0,4353125.0
728,2021-10-21 11:18:49,28400.0,300.0,4352625.0
729,2021-10-21 11:18:47,28400.0,5000.0,4352325.0
730,2021-10-21 11:18:43,28400.0,17100.0,4347325.0
731,2021-10-21 11:18:37,28400.0,100.0,4330225.0
732,2021-10-21 11:18:34,28400.0,400.0,4330125.0
733,2021-10-21 11:18:28,28400.0,100.0,4329725.0
734,2021-10-21 11:18:21,28400.0,20000.0,4329625.0
735,2021-10-21 11:18:06,28400.0,13400.0,4309625.0
736,2021-10-21 11:17:58,28400.0,100.0,4296225.0
737,2021-10-21 11:17:40,28400.0,7000.0,4296125.0
738,2021-10-21 11:17:36,28400.0,100.0,4289125.0
739,2021-10-21 11:17:33,28300.0,500.0,4289025.0
740,2021-10-21 11:17:28,28300.0,1000.0,4288525.0
741,2021-10-21 11:17:22,28400.0,800.0,4287525.0
742,2021-10-21 11:17:18,28400.0,68300.0,4286725.0
743,2021-10-21 11:17:17,28500.0,100.0,4218425.0
744,2021-10-21 11:17:06,28400.0,500.0,4218325.0
745,2021-10-21 11:17:05,28400.0,3000.0,4217825.0
746,2021-10-21 11:17:04,28400.0,16000.0,4214825.0
747,2021-10-21 11:17:02,28400.0,16000.0,4198825.0
748,2021-10-21 11:16:59,28400.0,5000.0,4182825.0
749,2021-10-21 11:16:50,28400.0,20000.0,4177825.0
750,2021-10-21 11:16:48,28400.0,1500.0,4157825.0
751,2021-10-21 11:16:30,28400.0,1300.0,4156325.0
752,2021-10-21 11:16:28,28500.0,5000.0,4155025.0
753,2021-10-21 11:16:24,28500.0,100.0,4150025.0
754,2021-10-21 11:16:03,28400.0,5000.0,4149925.0
755,2021-10-21 11:15:47,28500.0,10500.0,4144925.0
756,2021-10-21 11:15:46,28500.0,100.0,4134425.0
757,2021-10-21 11:15:45,28400.0,15300.0,4134325.0
758,2021-10-21 11:15:18,28500.0,100.0,4119025.0
759,2021-10-21 11:15:17,28500.0,300.0,4118925.0
760,2021-10-21 11:15:14,28400.0,1900.0,4118625.0
761,2021-10-21 11:15:09,28400.0,100.0,4116725.0
762,2021-10-21 11:15:06,28500.0,200.0,4116625.0
763,2021-10-21 11:15:00,28500.0,200.0,4116425.0
764,2021-10-21 11:14:59,28400.0,1500.0,4116225.0
765,2021-10-21 11:14:51,28500.0,13.0,4114725.0
766,2021-10-21 11:14:49,28500.0,500.0,4114712.0
767,2021-10-21 11:14:33,28500.0,1000.0,4114212.0
768,2021-10-21 11:14:07,28500.0,4000.0,4113212.0
769,2021-10-21 11:14:06,28500.0,1000.0,4109212.0
770,2021-10-21 11:13:59,28400.0,5000.0,4108212.0
771,2021-10-21 11:13:46,28500.0,500.0,4103212.0
772,2021-10-21 11:13:36,28500.0,6000.0,4102712.0
773,2021-10-21 11:13:22,28500.0,10000.0,4096712.0
774,2021-10-21 11:12:41,28400.0,100.0,4086712.0
775,2021-10-21 11:12:39,28400.0,2000.0,4086612.0
776,2021-10-21 11:12:35,28500.0,200.0,4084612.0
777,2021-10-21 11:12:29,28500.0,200.0,4084412.0
778,2021-10-21 11:12:28,28500.0,300.0,4084212.0
779,2021-10-21 11:12:24,28500.0,2000.0,4083912.0
780,2021-10-21 11:12:16,28500.0,500.0,4081912.0
781,2021-10-21 11:12:11,28500.0,500.0,4081412.0
782,2021-10-21 11:12:08,28500.0,500.0,4080912.0
783,2021-10-21 11:12:07,28500.0,100.0,4080412.0
784,2021-10-21 11:11:56,28500.0,100.0,4080312.0
785,2021-10-21 11:11:55,28500.0,500.0,4080212.0
786,2021-10-21 11:11:53,28500.0,18700.0,4079712.0
787,2021-10-21 11:11:34,28500.0,100.0,4061012.0
788,2021-10-21 11:11:31,28500.0,13700.0,4060912.0
789,2021-10-21 11:11:20,28500.0,100.0,4047212.0
790,2021-10-21 11:11:15,28500.0,3000.0,4047112.0
791,2021-10-21 11:11:14,28500.0,200.0,4044112.0
792,2021-10-21 11:11:09,28400.0,4000.0,4043912.0
793,2021-10-21 11:11:08,28500.0,200.0,4039912.0
794,2021-10-21 11:11:06,28500.0,5000.0,4039712.0
795,2021-10-21 11:10:55,28500.0,10000.0,4034712.0
796,2021-10-21 11:10:53,28500.0,1000.0,4024712.0
797,2021-10-21 11:10:47,28400.0,200.0,4023712.0
798,2021-10-21 11:10:06,28400.0,200.0,4023512.0
799,2021-10-21 11:09:43,28300.0,400.0,4023312.0
800,2021-10-21 11:09:42,28400.0,100.0,4022912.0
801,2021-10-21 11:09:40,28400.0,4600.0,4022812.0
802,2021-10-21 11:09:39,28400.0,1000.0,4018212.0
803,2021-10-21 11:09:38,28400.0,100.0,4017212.0
804,2021-10-21 11:09:37,28400.0,6000.0,4017112.0
805,2021-10-21 11:09:34,28400.0,2500.0,4011112.0
806,2021-10-21 11:09:33,28400.0,3000.0,4008612.0
807,2021-10-21 11:09:32,28400.0,1000.0,4005612.0
808,2021-10-21 11:09:31,28400.0,2000.0,4004612.0
809,2021-10-21 11:09:30,28400.0,500.0,4002612.0
810,2021-10-21 11:09:27,28400.0,300.0,4002112.0
811,2021-10-21 11:09:26,28400.0,1400.0,4001812.0
812,2021-10-21 11:09:25,28400.0,1100.0,4000412.0
813,2021-10-21 11:09:24,28400.0,600.0,3999312.0
814,2021-10-21 11:09:23,28400.0,20100.0,3998712.0
815,2021-10-21 11:09:18,28400.0,5700.0,3978612.0
816,2021-10-21 11:09:13,28400.0,200.0,3972912.0
817,2021-10-21 11:09:01,28400.0,100.0,3972712.0
818,2021-10-21 11:08:54,28400.0,8000.0,3972612.0
819,2021-10-21 11:08:47,28400.0,300.0,3964612.0
820,2021-10-21 11:08:42,28400.0,1000.0,3964312.0
821,2021-10-21 11:08:41,28400.0,100.0,3963312.0
822,2021-10-21 11:08:36,28400.0,1400.0,3963212.0
823,2021-10-21 11:08:35,28400.0,100.0,3961812.0
824,2021-10-21 11:08:28,28400.0,1000.0,3961712.0
825,2021-10-21 11:08:26,28400.0,600.0,3960712.0
826,2021-10-21 11:08:25,28400.0,300.0,3960112.0
827,2021-10-21 11:08:23,28400.0,5000.0,3959812.0
828,2021-10-21 11:08:21,28400.0,700.0,3954812.0
829,2021-10-21 11:08:09,28400.0,300.0,3954112.0
830,2021-10-21 11:08:08,28400.0,100.0,3953812.0
831,2021-10-21 11:08:06,28400.0,500.0,3953712.0
832,2021-10-21 11:08:04,28400.0,400.0,3953212.0
833,2021-10-21 11:08:03,28400.0,2000.0,3952812.0
834,2021-10-21 11:08:00,28400.0,100.0,3950812.0
835,2021-10-21 11:07:57,28400.0,100.0,3950712.0
836,2021-10-21 11:07:54,28400.0,100.0,3950612.0
837,2021-10-21 11:07:47,28400.0,5400.0,3950512.0
838,2021-10-21 11:07:46,28400.0,3000.0,3945112.0
839,2021-10-21 11:07:36,28300.0,20400.0,3942112.0
840,2021-10-21 11:07:32,28300.0,2000.0,3921712.0
841,2021-10-21 11:07:29,28300.0,11600.0,3919712.0
842,2021-10-21 11:07:28,28300.0,2700.0,3908112.0
843,2021-10-21 11:07:27,28300.0,100.0,3905412.0
844,2021-10-21 11:07:26,28300.0,500.0,3905312.0
845,2021-10-21 11:07:23,28300.0,100.0,3904812.0
846,2021-10-21 11:07:21,28300.0,600.0,3904712.0
847,2021-10-21 11:07:19,28300.0,500.0,3904112.0
848,2021-10-21 11:07:15,28300.0,2100.0,3903612.0
849,2021-10-21 11:07:13,28300.0,2000.0,3901512.0
850,2021-10-21 11:07:08,28300.0,100.0,3899512.0
851,2021-10-21 11:07:07,28300.0,600.0,3899412.0
852,2021-10-21 11:07:04,28300.0,338700.0,3898812.0
853,2021-10-21 11:06:56,28500.0,100.0,3560112.0
854,2021-10-21 11:06:55,28500.0,500.0,3560012.0
855,2021-10-21 11:06:53,28400.0,300.0,3559512.0
856,2021-10-21 11:06:41,28500.0,3800.0,3559212.0
857,2021-10-21 11:06:40,28500.0,1000.0,3555412.0
858,2021-10-21 11:06:33,28500.0,58000.0,3554412.0
859,2021-10-21 11:06:32,28500.0,50000.0,3496412.0
860,2021-10-21 11:06:27,28500.0,50000.0,3446412.0
861,2021-10-21 11:06:24,28600.0,200.0,3396412.0
862,2021-10-21 11:06:14,28600.0,1000.0,3396212.0
863,2021-10-21 11:06:01,28500.0,300.0,3395212.0
864,2021-10-21 11:06:00,28500.0,2000.0,3394912.0
865,2021-10-21 11:05:55,28500.0,18000.0,3392912.0
866,2021-10-21 11:05:38,28500.0,3000.0,3374912.0
867,2021-10-21 11:05:35,28500.0,100.0,3371912.0
868,2021-10-21 11:04:56,28600.0,200.0,3371812.0
869,2021-10-21 11:04:44,28600.0,80200.0,3371612.0
870,2021-10-21 11:04:12,28700.0,200.0,3291412.0
871,2021-10-21 11:03:26,28700.0,1000.0,3291212.0
872,2021-10-21 11:03:16,28700.0,1000.0,3290212.0
873,2021-10-21 11:02:25,28700.0,200.0,3289212.0
874,2021-10-21 11:02:12,28700.0,2000.0,3289012.0
875,2021-10-21 11:02:05,28700.0,500.0,3287012.0
876,2021-10-21 11:01:48,28700.0,300.0,3286512.0
877,2021-10-21 11:01:31,28700.0,100.0,3286212.0
878,2021-10-21 11:01:19,28700.0,2000.0,3286112.0
879,2021-10-21 11:01:12,28700.0,5000.0,3284112.0
880,2021-10-21 11:01:10,28700.0,500.0,3279112.0
881,2021-10-21 11:00:59,28700.0,400.0,3278612.0
882,2021-10-21 11:00:50,28700.0,8000.0,3278212.0
883,2021-10-21 11:00:44,28700.0,10000.0,3270212.0
884,2021-10-21 11:00:14,28700.0,1100.0,3260212.0
885,2021-10-21 10:58:47,28700.0,5000.0,3259112.0
886,2021-10-21 10:58:26,28700.0,1600.0,3254112.0
887,2021-10-21 10:58:15,28700.0,9700.0,3252512.0
888,2021-10-21 10:57:46,28700.0,4000.0,3242812.0
889,2021-10-21 10:57:31,28600.0,7000.0,3238812.0
890,2021-10-21 10:57:14,28700.0,400.0,3231812.0
891,2021-10-21 10:56:58,28700.0,100.0,3231412.0
892,2021-10-21 10:56:57,28700.0,500.0,3231312.0
893,2021-10-21 10:56:53,28700.0,11000.0,3230812.0
894,2021-10-21 10:56:51,28700.0,1000.0,3219812.0
895,2021-10-21 10:56:47,28700.0,2000.0,3218812.0
896,2021-10-21 10:56:32,28700.0,10000.0,3216812.0
897,2021-10-21 10:56:23,28600.0,500.0,3206812.0
898,2021-10-21 10:56:19,28700.0,1000.0,3206312.0
899,2021-10-21 10:56:14,28700.0,600.0,3205312.0
900,2021-10-21 10:55:50,28600.0,2000.0,3204712.0
901,2021-10-21 10:55:29,28600.0,100.0,3202712.0
902,2021-10-21 10:55:20,28600.0,100.0,3202612.0
903,2021-10-21 10:55:17,28700.0,500.0,3202512.0
904,2021-10-21 10:54:09,28600.0,400.0,3202012.0
905,2021-10-21 10:53:47,28600.0,1000.0,3201612.0
906,2021-10-21 10:53:35,28700.0,100.0,3200612.0
907,2021-10-21 10:53:03,28600.0,500.0,3200512.0
908,2021-10-21 10:52:58,28700.0,300.0,3200012.0
909,2021-10-21 10:52:16,28600.0,1000.0,3199712.0
910,2021-10-21 10:52:00,28600.0,500.0,3198712.0
911,2021-10-21 10:51:55,28700.0,1000.0,3198212.0
912,2021-10-21 10:51:54,28600.0,100.0,3197212.0
913,2021-10-21 10:50:01,28700.0,300.0,3197112.0
914,2021-10-21 10:49:49,28700.0,1700.0,3196812.0
915,2021-10-21 10:49:28,28700.0,100.0,3195112.0
916,2021-10-21 10:49:15,28700.0,1000.0,3195012.0
917,2021-10-21 10:48:56,28600.0,1000.0,3194012.0
918,2021-10-21 10:48:16,28600.0,500.0,3193012.0
919,2021-10-21 10:48:15,28600.0,1200.0,3192512.0
920,2021-10-21 10:47:59,28600.0,13300.0,3191312.0
921,2021-10-21 10:47:49,28600.0,5000.0,3178012.0
922,2021-10-21 10:47:48,28600.0,100.0,3173012.0
923,2021-10-21 10:47:46,28600.0,3000.0,3172912.0
924,2021-10-21 10:47:44,28600.0,12000.0,3169912.0
925,2021-10-21 10:47:34,28600.0,5000.0,3157912.0
926,2021-10-21 10:47:32,28600.0,500.0,3152912.0
927,2021-10-21 10:47:30,28600.0,800.0,3152412.0
928,2021-10-21 10:47:27,28600.0,16000.0,3151612.0
929,2021-10-21 10:47:16,28600.0,100.0,3135612.0
930,2021-10-21 10:47:08,28600.0,4000.0,3135512.0
931,2021-10-21 10:47:04,28600.0,2000.0,3131512.0
932,2021-10-21 10:46:53,28600.0,20000.0,3129512.0
933,2021-10-21 10:46:27,28500.0,2000.0,3109512.0
934,2021-10-21 10:46:16,28500.0,2000.0,3107512.0
935,2021-10-21 10:46:14,28500.0,2400.0,3105512.0
936,2021-10-21 10:46:12,28500.0,2000.0,3103112.0
937,2021-10-21 10:46:00,28500.0,2500.0,3101112.0
938,2021-10-21 10:45:54,28500.0,3000.0,3098612.0
939,2021-10-21 10:45:50,28500.0,200.0,3095612.0
940,2021-10-21 10:45:48,28500.0,20000.0,3095412.0
941,2021-10-21 10:45:47,28500.0,200.0,3075412.0
942,2021-10-21 10:45:45,28500.0,500.0,3075212.0
943,2021-10-21 10:45:43,28500.0,1000.0,3074712.0
944,2021-10-21 10:45:35,28500.0,3200.0,3073712.0
945,2021-10-21 10:45:31,28500.0,10600.0,3070512.0
946,2021-10-21 10:45:25,28500.0,50000.0,3059912.0
947,2021-10-21 10:45:07,28500.0,30000.0,3009912.0
948,2021-10-21 10:44:33,28600.0,3000.0,2979912.0
949,2021-10-21 10:44:30,28600.0,300.0,2976912.0
950,2021-10-21 10:44:24,28500.0,7500.0,2976612.0
951,2021-10-21 10:44:17,28600.0,1300.0,2969112.0
952,2021-10-21 10:44:13,28600.0,500.0,2967812.0
953,2021-10-21 10:44:10,28600.0,300.0,2967312.0
954,2021-10-21 10:44:09,28600.0,1000.0,2967012.0
955,2021-10-21 10:44:04,28600.0,100.0,2966012.0
956,2021-10-21 10:43:58,28600.0,500.0,2965912.0
957,2021-10-21 10:43:50,28600.0,100.0,2965412.0
958,2021-10-21 10:43:49,28600.0,600.0,2965312.0
959,2021-10-21 10:43:45,28600.0,1000.0,2964712.0
960,2021-10-21 10:43:44,28600.0,400.0,2963712.0
961,2021-10-21 10:43:41,28600.0,1000.0,2963312.0
962,2021-10-21 10:43:26,28600.0,10000.0,2962312.0
963,2021-10-21 10:43:16,28600.0,100.0,2952312.0
964,2021-10-21 10:43:11,28600.0,2000.0,2952212.0
965,2021-10-21 10:43:09,28600.0,100.0,2950212.0
966,2021-10-21 10:43:06,28600.0,100.0,2950112.0
967,2021-10-21 10:42:57,28600.0,200.0,2950012.0
968,2021-10-21 10:42:49,28600.0,700.0,2949812.0
969,2021-10-21 10:42:47,28600.0,700.0,2949112.0
970,2021-10-21 10:42:37,28600.0,300.0,2948412.0
971,2021-10-21 10:42:36,28600.0,400.0,2948112.0
972,2021-10-21 10:42:23,28600.0,3000.0,2947712.0
973,2021-10-21 10:42:10,28500.0,2000.0,2944712.0
974,2021-10-21 10:42:08,28500.0,11500.0,2942712.0
975,2021-10-21 10:42:07,28500.0,17500.0,2931212.0
976,2021-10-21 10:41:58,28600.0,500.0,2913712.0
977,2021-10-21 10:41:54,28600.0,500.0,2913212.0
978,2021-10-21 10:41:52,28600.0,300.0,2912712.0
979,2021-10-21 10:41:44,28500.0,65600.0,2912412.0
980,2021-10-21 10:41:35,28500.0,3200.0,2846812.0
981,2021-10-21 10:41:25,28500.0,1000.0,2843612.0
982,2021-10-21 10:41:08,28500.0,200.0,2842612.0
983,2021-10-21 10:41:07,28500.0,100.0,2842412.0
984,2021-10-21 10:41:05,28500.0,100.0,2842312.0
985,2021-10-21 10:41:03,28500.0,3000.0,2842212.0
986,2021-10-21 10:40:52,28500.0,5000.0,2839212.0
987,2021-10-21 10:40:51,28600.0,100.0,2834212.0
988,2021-10-21 10:40:43,28500.0,16600.0,2834112.0
989,2021-10-21 10:40:42,28500.0,2500.0,2817512.0
990,2021-10-21 10:40:40,28500.0,2000.0,2815012.0
991,2021-10-21 10:40:38,28500.0,2000.0,2813012.0
992,2021-10-21 10:40:36,28500.0,3600.0,2811012.0
993,2021-10-21 10:40:34,28500.0,10000.0,2807412.0
994,2021-10-21 10:40:26,28500.0,100.0,2797412.0
995,2021-10-21 10:40:24,28500.0,200.0,2797312.0
996,2021-10-21 10:40:22,28500.0,300.0,2797112.0
997,2021-10-21 10:40:21,28500.0,200.0,2796812.0
998,2021-10-21 10:40:20,28500.0,100.0,2796612.0
999,2021-10-21 10:40:18,28500.0,200.0,2796512.0
1000,2021-10-21 10:40:16,28500.0,500.0,2796312.0
1001,2021-10-21 10:40:14,28500.0,1300.0,2795812.0
1002,2021-10-21 10:40:11,28500.0,10100.0,2794512.0
1003,2021-10-21 10:40:06,28500.0,200.0,2784412.0
1004,2021-10-21 10:40:00,28500.0,200.0,2784212.0
1005,2021-10-21 10:39:54,28500.0,253900.0,2784012.0
1006,2021-10-21 10:39:52,28600.0,2300.0,2530112.0
1007,2021-10-21 10:39:51,28500.0,15000.0,2527812.0
1008,2021-10-21 10:39:34,28600.0,117000.0,2512812.0
1009,2021-10-21 10:39:10,28700.0,200.0,2395812.0
1010,2021-10-21 10:39:09,28700.0,200.0,2395612.0
1011,2021-10-21 10:38:56,28700.0,1000.0,2395412.0
1012,2021-10-21 10:38:47,28700.0,500.0,2394412.0
1013,2021-10-21 10:38:40,28700.0,200.0,2393912.0
1014,2021-10-21 10:38:38,28700.0,7100.0,2393712.0
1015,2021-10-21 10:38:36,28700.0,5000.0,2386612.0
1016,2021-10-21 10:38:06,28700.0,1000.0,2381612.0
1017,2021-10-21 10:37:53,28600.0,18000.0,2380612.0
1018,2021-10-21 10:37:46,28700.0,2000.0,2362612.0
1019,2021-10-21 10:37:26,28700.0,1800.0,2360612.0
1020,2021-10-21 10:37:25,28700.0,3200.0,2358812.0
1021,2021-10-21 10:37:14,28700.0,9900.0,2355612.0
1022,2021-10-21 10:37:00,28700.0,1000.0,2345712.0
1023,2021-10-21 10:36:41,28700.0,4300.0,2344712.0
1024,2021-10-21 10:36:39,28700.0,600.0,2340412.0
1025,2021-10-21 10:36:04,28700.0,10000.0,2339812.0
1026,2021-10-21 10:35:54,28700.0,500.0,2329812.0
1027,2021-10-21 10:35:11,28700.0,1600.0,2329312.0
1028,2021-10-21 10:35:04,28700.0,1200.0,2327712.0
1029,2021-10-21 10:34:36,28800.0,100.0,2326512.0
1030,2021-10-21 10:34:22,28800.0,700.0,2326412.0
1031,2021-10-21 10:34:08,28800.0,700.0,2325712.0
1032,2021-10-21 10:33:56,28700.0,6000.0,2325012.0
1033,2021-10-21 10:33:33,28700.0,1000.0,2319012.0
1034,2021-10-21 10:33:31,28700.0,500.0,2318012.0
1035,2021-10-21 10:33:04,28700.0,500.0,2317512.0
1036,2021-10-21 10:33:02,28700.0,1200.0,2317012.0
1037,2021-10-21 10:32:56,28700.0,2500.0,2315812.0
1038,2021-10-21 10:32:54,28700.0,900.0,2313312.0
1039,2021-10-21 10:32:47,28700.0,1000.0,2312412.0
1040,2021-10-21 10:32:44,28700.0,500.0,2311412.0
1041,2021-10-21 10:32:39,28700.0,500.0,2310912.0
1042,2021-10-21 10:32:37,28700.0,300.0,2310412.0
1043,2021-10-21 10:32:29,28700.0,1000.0,2310112.0
1044,2021-10-21 10:32:16,28700.0,3500.0,2309112.0
1045,2021-10-21 10:31:41,28700.0,2300.0,2305612.0
1046,2021-10-21 10:31:39,28700.0,1000.0,2303312.0
1047,2021-10-21 10:31:38,28700.0,100.0,2302312.0
1048,2021-10-21 10:31:31,28700.0,3000.0,2302212.0
1049,2021-10-21 10:31:29,28700.0,100.0,2299212.0
1050,2021-10-21 10:31:28,28700.0,200.0,2299112.0
1051,2021-10-21 10:31:00,28700.0,100.0,2298912.0
1052,2021-10-21 10:30:57,28700.0,100.0,2298812.0
1053,2021-10-21 10:30:50,28700.0,5000.0,2298712.0
1054,2021-10-21 10:30:43,28700.0,1000.0,2293712.0
1055,2021-10-21 10:30:30,28700.0,400.0,2292712.0
1056,2021-10-21 10:30:28,28700.0,100.0,2292312.0
1057,2021-10-21 10:30:25,28700.0,10600.0,2292212.0
1058,2021-10-21 10:30:19,28700.0,200.0,2281612.0
1059,2021-10-21 10:30:00,28700.0,1300.0,2281412.0
1060,2021-10-21 10:29:59,28600.0,2700.0,2280112.0
1061,2021-10-21 10:29:54,28700.0,500.0,2277412.0
1062,2021-10-21 10:29:51,28700.0,200.0,2276912.0
1063,2021-10-21 10:29:49,28700.0,3000.0,2276712.0
1064,2021-10-21 10:29:44,28700.0,3000.0,2273712.0
1065,2021-10-21 10:29:43,28700.0,1000.0,2270712.0
1066,2021-10-21 10:29:41,28700.0,1000.0,2269712.0
1067,2021-10-21 10:29:40,28700.0,1000.0,2268712.0
1068,2021-10-21 10:29:32,28700.0,400.0,2267712.0
1069,2021-10-21 10:29:29,28700.0,500.0,2267312.0
1070,2021-10-21 10:29:28,28700.0,100.0,2266812.0
1071,2021-10-21 10:29:27,28700.0,100.0,2266712.0
1072,2021-10-21 10:29:19,28700.0,87900.0,2266612.0
1073,2021-10-21 10:29:11,28700.0,500.0,2178712.0
1074,2021-10-21 10:28:59,28700.0,10000.0,2178212.0
1075,2021-10-21 10:28:58,28700.0,3400.0,2168212.0
1076,2021-10-21 10:28:57,28700.0,100.0,2164812.0
1077,2021-10-21 10:28:38,28700.0,1100.0,2164712.0
1078,2021-10-21 10:28:37,28800.0,100.0,2163612.0
1079,2021-10-21 10:28:25,28800.0,100.0,2163512.0
1080,2021-10-21 10:28:20,28800.0,6.0,2163412.0
1081,2021-10-21 10:28:18,28800.0,100.0,2163406.0
1082,2021-10-21 10:28:11,28800.0,6000.0,2163306.0
1083,2021-10-21 10:28:09,28800.0,100.0,2157306.0
1084,2021-10-21 10:28:05,28800.0,500.0,2157206.0
1085,2021-10-21 10:27:50,28800.0,500.0,2156706.0
1086,2021-10-21 10:27:46,28800.0,1000.0,2156206.0
1087,2021-10-21 10:27:22,28800.0,100.0,2155206.0
1088,2021-10-21 10:27:20,28800.0,9600.0,2155106.0
1089,2021-10-21 10:27:00,28800.0,5000.0,2145506.0
1090,2021-10-21 10:26:55,28800.0,6000.0,2140506.0
1091,2021-10-21 10:26:51,28800.0,2300.0,2134506.0
1092,2021-10-21 10:26:35,28800.0,1000.0,2132206.0
1093,2021-10-21 10:26:29,28800.0,9000.0,2131206.0
1094,2021-10-21 10:26:27,28800.0,300.0,2122206.0
1095,2021-10-21 10:26:24,28800.0,3000.0,2121906.0
1096,2021-10-21 10:25:31,28800.0,400.0,2118906.0
1097,2021-10-21 10:25:28,28700.0,1000.0,2118506.0
1098,2021-10-21 10:25:07,28800.0,200.0,2117506.0
1099,2021-10-21 10:24:56,28800.0,1700.0,2117306.0
1100,2021-10-21 10:24:54,28800.0,2800.0,2115606.0
1101,2021-10-21 10:24:53,28800.0,1000.0,2112806.0
1102,2021-10-21 10:24:44,28800.0,400.0,2111806.0
1103,2021-10-21 10:24:41,28800.0,700.0,2111406.0
1104,2021-10-21 10:24:33,28800.0,200.0,2110706.0
1105,2021-10-21 10:24:15,28800.0,2200.0,2110506.0
1106,2021-10-21 10:24:10,28800.0,2500.0,2108306.0
1107,2021-10-21 10:23:49,28800.0,100.0,2105806.0
1108,2021-10-21 10:23:47,28800.0,700.0,2105706.0
1109,2021-10-21 10:23:43,28800.0,1000.0,2105006.0
1110,2021-10-21 10:23:32,28800.0,3000.0,2104006.0
1111,2021-10-21 10:23:22,28800.0,300.0,2101006.0
1112,2021-10-21 10:23:20,28800.0,400.0,2100706.0
1113,2021-10-21 10:23:19,28800.0,300.0,2100306.0
1114,2021-10-21 10:22:55,28800.0,300.0,2100006.0
1115,2021-10-21 10:22:49,28800.0,100.0,2099706.0
1116,2021-10-21 10:22:47,28700.0,16500.0,2099606.0
1117,2021-10-21 10:22:44,28800.0,16200.0,2083106.0
1118,2021-10-21 10:22:39,28800.0,4500.0,2066906.0
1119,2021-10-21 10:22:03,28800.0,200.0,2062406.0
1120,2021-10-21 10:21:53,28800.0,500.0,2062206.0
1121,2021-10-21 10:21:48,28800.0,100.0,2061706.0
1122,2021-10-21 10:21:45,28800.0,5600.0,2061606.0
1123,2021-10-21 10:21:32,28800.0,500.0,2056006.0
1124,2021-10-21 10:21:18,28800.0,500.0,2055506.0
1125,2021-10-21 10:21:11,28800.0,500.0,2055006.0
1126,2021-10-21 10:21:05,28800.0,1000.0,2054506.0
1127,2021-10-21 10:21:04,28800.0,400.0,2053506.0
1128,2021-10-21 10:21:02,28800.0,500.0,2053106.0
1129,2021-10-21 10:20:58,28800.0,1300.0,2052606.0
1130,2021-10-21 10:20:42,28800.0,2700.0,2051306.0
1131,2021-10-21 10:20:41,28800.0,100.0,2048606.0
1132,2021-10-21 10:20:36,28800.0,14400.0,2048506.0
1133,2021-10-21 10:20:26,28800.0,1000.0,2034106.0
1134,2021-10-21 10:20:15,28800.0,94.0,2033106.0
1135,2021-10-21 10:20:07,28800.0,4800.0,2033012.0
1136,2021-10-21 10:20:01,28800.0,3000.0,2028212.0
1137,2021-10-21 10:19:56,28700.0,40000.0,2025212.0
1138,2021-10-21 10:19:49,28800.0,3800.0,1985212.0
1139,2021-10-21 10:19:48,28800.0,2100.0,1981412.0
1140,2021-10-21 10:19:29,28800.0,1000.0,1979312.0
1141,2021-10-21 10:19:12,28800.0,2000.0,1978312.0
1142,2021-10-21 10:19:11,28800.0,1000.0,1976312.0
1143,2021-10-21 10:17:23,28800.0,2000.0,1975312.0
1144,2021-10-21 10:17:22,28800.0,1500.0,1973312.0
1145,2021-10-21 10:17:01,28800.0,1500.0,1971812.0
1146,2021-10-21 10:16:55,28800.0,500.0,1970312.0
1147,2021-10-21 10:16:13,28800.0,10000.0,1969812.0
1148,2021-10-21 10:16:05,28700.0,2100.0,1959812.0
1149,2021-10-21 10:15:46,28700.0,100.0,1957712.0
1150,2021-10-21 10:15:27,28700.0,2000.0,1957612.0
1151,2021-10-21 10:15:11,28700.0,3300.0,1955612.0
1152,2021-10-21 10:15:09,28700.0,100.0,1952312.0
1153,2021-10-21 10:14:57,28700.0,400.0,1952212.0
1154,2021-10-21 10:14:54,28700.0,1000.0,1951812.0
1155,2021-10-21 10:14:45,28700.0,5000.0,1950812.0
1156,2021-10-21 10:14:42,28700.0,200.0,1945812.0
1157,2021-10-21 10:14:31,28700.0,200.0,1945612.0
1158,2021-10-21 10:14:30,28700.0,3000.0,1945412.0
1159,2021-10-21 10:14:08,28700.0,1800.0,1942412.0
1160,2021-10-21 10:14:07,28700.0,3000.0,1940612.0
1161,2021-10-21 10:14:03,28700.0,400.0,1937612.0
1162,2021-10-21 10:14:01,28700.0,500.0,1937212.0
1163,2021-10-21 10:13:54,28700.0,300.0,1936712.0
1164,2021-10-21 10:13:50,28700.0,800.0,1936412.0
1165,2021-10-21 10:12:48,28800.0,500.0,1935612.0
1166,2021-10-21 10:12:19,28800.0,5000.0,1935112.0
1167,2021-10-21 10:12:17,28700.0,20000.0,1930112.0
1168,2021-10-21 10:12:13,28700.0,1000.0,1910112.0
1169,2021-10-21 10:12:08,28700.0,100.0,1909112.0
1170,2021-10-21 10:11:13,28600.0,38000.0,1909012.0
1171,2021-10-21 10:11:10,28600.0,3000.0,1871012.0
1172,2021-10-21 10:10:53,28700.0,29700.0,1868012.0
1173,2021-10-21 10:10:52,28700.0,500.0,1838312.0
1174,2021-10-21 10:10:49,28700.0,900.0,1837812.0
1175,2021-10-21 10:10:45,28700.0,1000.0,1836912.0
1176,2021-10-21 10:10:30,28700.0,5000.0,1835912.0
1177,2021-10-21 10:10:27,28700.0,6000.0,1830912.0
1178,2021-10-21 10:10:26,28700.0,10000.0,1824912.0
1179,2021-10-21 10:10:22,28800.0,500.0,1814912.0
1180,2021-10-21 10:10:21,28700.0,300.0,1814412.0
1181,2021-10-21 10:10:17,28700.0,1000.0,1814112.0
1182,2021-10-21 10:10:09,28700.0,5000.0,1813112.0
1183,2021-10-21 10:09:45,28800.0,200.0,1808112.0
1184,2021-10-21 10:09:40,28700.0,2600.0,1807912.0
1185,2021-10-21 10:09:36,28700.0,30800.0,1805312.0
1186,2021-10-21 10:09:34,28700.0,2300.0,1774512.0
1187,2021-10-21 10:08:29,28700.0,500.0,1772212.0
1188,2021-10-21 10:08:25,28700.0,2000.0,1771712.0
1189,2021-10-21 10:08:17,28700.0,1000.0,1769712.0
1190,2021-10-21 10:08:15,28800.0,300.0,1768712.0
1191,2021-10-21 10:08:10,28800.0,200.0,1768412.0
1192,2021-10-21 10:07:59,28800.0,1000.0,1768212.0
1193,2021-10-21 10:07:50,28800.0,100.0,1767212.0
1194,2021-10-21 10:07:46,28800.0,700.0,1767112.0
1195,2021-10-21 10:07:41,28800.0,15000.0,1766412.0
1196,2021-10-21 10:07:24,28800.0,6000.0,1751412.0
1197,2021-10-21 10:07:15,28800.0,8000.0,1745412.0
1198,2021-10-21 10:07:03,28800.0,10000.0,1737412.0
1199,2021-10-21 10:06:59,28800.0,6900.0,1727412.0
1200,2021-10-21 10:06:51,28800.0,200.0,1720512.0
1201,2021-10-21 10:06:47,28800.0,20000.0,1720312.0
1202,2021-10-21 10:06:46,28800.0,25000.0,1700312.0
1203,2021-10-21 10:06:33,28800.0,2900.0,1675312.0
1204,2021-10-21 10:06:31,28800.0,3000.0,1672412.0
1205,2021-10-21 10:06:29,28800.0,1300.0,1669412.0
1206,2021-10-21 10:06:19,28800.0,200.0,1668112.0
1207,2021-10-21 10:06:14,28800.0,3000.0,1667912.0
1208,2021-10-21 10:06:10,28800.0,1000.0,1664912.0
1209,2021-10-21 10:05:57,28800.0,17000.0,1663912.0
1210,2021-10-21 10:05:50,28900.0,10000.0,1646912.0
1211,2021-10-21 10:05:41,28800.0,5000.0,1636912.0
1212,2021-10-21 10:05:36,28900.0,500.0,1631912.0
1213,2021-10-21 10:05:28,28900.0,1000.0,1631412.0
1214,2021-10-21 10:05:26,28900.0,300.0,1630412.0
1215,2021-10-21 10:05:25,28900.0,8.0,1630112.0
1216,2021-10-21 10:05:19,28900.0,100.0,1630104.0
1217,2021-10-21 10:05:15,28800.0,3100.0,1630004.0
1218,2021-10-21 10:05:01,28900.0,1000.0,1626904.0
1219,2021-10-21 10:04:46,28800.0,4000.0,1625904.0
1220,2021-10-21 10:04:40,28800.0,42.0,1621904.0
1221,2021-10-21 10:04:39,28800.0,300.0,1621862.0
1222,2021-10-21 10:04:25,28800.0,400.0,1621562.0
1223,2021-10-21 10:04:09,28800.0,100.0,1621162.0
1224,2021-10-21 10:03:57,28800.0,2500.0,1621062.0
1225,2021-10-21 10:03:51,28800.0,1000.0,1618562.0
1226,2021-10-21 10:02:55,28800.0,100.0,1617562.0
1227,2021-10-21 10:02:37,28800.0,7000.0,1617462.0
1228,2021-10-21 10:02:24,28800.0,500.0,1610462.0
1229,2021-10-21 10:01:17,28800.0,40.0,1609962.0
1230,2021-10-21 10:01:11,28800.0,2000.0,1609922.0
1231,2021-10-21 10:00:54,28800.0,1000.0,1607922.0
1232,2021-10-21 10:00:46,28900.0,500.0,1606922.0
1233,2021-10-21 10:00:23,28900.0,1000.0,1606422.0
1234,2021-10-21 10:00:00,28900.0,500.0,1605422.0
1235,2021-10-21 09:59:49,28900.0,100.0,1604922.0
1236,2021-10-21 09:59:47,28900.0,1000.0,1604822.0
1237,2021-10-21 09:59:34,28900.0,1000.0,1603822.0
1238,2021-10-21 09:59:25,28900.0,2000.0,1602822.0
1239,2021-10-21 09:59:14,28900.0,500.0,1600822.0
1240,2021-10-21 09:58:59,28900.0,100.0,1600322.0
1241,2021-10-21 09:58:52,28900.0,5000.0,1600222.0
1242,2021-10-21 09:58:32,28900.0,3000.0,1595222.0
1243,2021-10-21 09:58:20,28900.0,2000.0,1592222.0
1244,2021-10-21 09:58:12,29000.0,2900.0,1590222.0
1245,2021-10-21 09:58:01,28900.0,1000.0,1587322.0
1246,2021-10-21 09:57:48,28900.0,5000.0,1586322.0
1247,2021-10-21 09:57:36,28900.0,4800.0,1581322.0
1248,2021-10-21 09:57:28,28900.0,700.0,1576522.0
1249,2021-10-21 09:57:25,28900.0,100.0,1575822.0
1250,2021-10-21 09:57:18,28900.0,200.0,1575722.0
1251,2021-10-21 09:57:16,28900.0,2900.0,1575522.0
1252,2021-10-21 09:56:49,28900.0,1000.0,1572622.0
1253,2021-10-21 09:56:45,28900.0,3800.0,1571622.0
1254,2021-10-21 09:56:42,28900.0,300.0,1567822.0
1255,2021-10-21 09:56:41,28900.0,5900.0,1567522.0
1256,2021-10-21 09:56:32,28900.0,4.0,1561622.0
1257,2021-10-21 09:56:26,28900.0,5600.0,1561618.0
1258,2021-10-21 09:56:13,28900.0,30000.0,1556018.0
1259,2021-10-21 09:56:04,28800.0,100.0,1526018.0
1260,2021-10-21 09:55:59,28800.0,6000.0,1525918.0
1261,2021-10-21 09:55:56,28800.0,500.0,1519918.0
1262,2021-10-21 09:55:55,28800.0,6.0,1519418.0
1263,2021-10-21 09:55:23,28800.0,500.0,1519412.0
1264,2021-10-21 09:55:21,28900.0,2000.0,1518912.0
1265,2021-10-21 09:54:55,28900.0,2000.0,1516912.0
1266,2021-10-21 09:54:31,28900.0,600.0,1514912.0
1267,2021-10-21 09:54:17,28900.0,3.0,1514312.0
1268,2021-10-21 09:53:33,28900.0,500.0,1514309.0
1269,2021-10-21 09:53:23,28800.0,5600.0,1513809.0
1270,2021-10-21 09:53:12,28800.0,2000.0,1508209.0
1271,2021-10-21 09:52:49,28800.0,4000.0,1506209.0
1272,2021-10-21 09:52:42,28800.0,5500.0,1502209.0
1273,2021-10-21 09:52:39,28800.0,6000.0,1496709.0
1274,2021-10-21 09:52:33,28800.0,100.0,1490709.0
1275,2021-10-21 09:52:28,28800.0,7000.0,1490609.0
1276,2021-10-21 09:52:08,28800.0,100.0,1483609.0
1277,2021-10-21 09:52:00,28800.0,100.0,1483509.0
1278,2021-10-21 09:51:57,28700.0,100.0,1483409.0
1279,2021-10-21 09:51:55,28800.0,100.0,1483309.0
1280,2021-10-21 09:51:47,28800.0,20.0,1483209.0
1281,2021-10-21 09:51:44,28800.0,4500.0,1483189.0
1282,2021-10-21 09:51:35,28800.0,1500.0,1478689.0
1283,2021-10-21 09:51:30,28800.0,500.0,1477189.0
1284,2021-10-21 09:51:23,28800.0,2000.0,1476689.0
1285,2021-10-21 09:51:20,28800.0,1000.0,1474689.0
1286,2021-10-21 09:51:09,28800.0,1000.0,1473689.0
1287,2021-10-21 09:51:06,28800.0,1000.0,1472689.0
1288,2021-10-21 09:50:39,28800.0,2500.0,1471689.0
1289,2021-10-21 09:50:33,28800.0,6100.0,1469189.0
1290,2021-10-21 09:50:24,28800.0,900.0,1463089.0
1291,2021-10-21 09:50:23,28800.0,10000.0,1462189.0
1292,2021-10-21 09:50:22,28800.0,500.0,1452189.0
1293,2021-10-21 09:49:54,28800.0,100.0,1451689.0
1294,2021-10-21 09:49:38,28800.0,5000.0,1451589.0
1295,2021-10-21 09:49:25,28900.0,500.0,1446589.0
1296,2021-10-21 09:49:02,28900.0,200.0,1446089.0
1297,2021-10-21 09:48:47,28800.0,900.0,1445889.0
1298,2021-10-21 09:48:32,28800.0,2900.0,1444989.0
1299,2021-10-21 09:48:29,28800.0,40000.0,1442089.0
1300,2021-10-21 09:48:26,28900.0,200.0,1402089.0
1301,2021-10-21 09:47:59,28900.0,2000.0,1401889.0
1302,2021-10-21 09:47:54,28900.0,200.0,1399889.0
1303,2021-10-21 09:47:51,28800.0,1000.0,1399689.0
1304,2021-10-21 09:47:43,28900.0,100.0,1398689.0
1305,2021-10-21 09:47:32,28800.0,100000.0,1398589.0
1306,2021-10-21 09:47:31,28900.0,100.0,1298589.0
1307,2021-10-21 09:47:21,28900.0,5700.0,1298489.0
1308,2021-10-21 09:47:13,28900.0,1000.0,1292789.0
1309,2021-10-21 09:46:27,28900.0,100.0,1291789.0
1310,2021-10-21 09:46:21,28900.0,1000.0,1291689.0
1311,2021-10-21 09:45:54,28800.0,700.0,1290689.0
1312,2021-10-21 09:45:51,28800.0,500.0,1289989.0
1313,2021-10-21 09:45:50,28900.0,500.0,1289489.0
1314,2021-10-21 09:45:47,28900.0,200.0,1288989.0
1315,2021-10-21 09:45:19,28900.0,200.0,1288789.0
1316,2021-10-21 09:45:17,28900.0,10000.0,1288589.0
1317,2021-10-21 09:44:45,28900.0,10400.0,1278589.0
1318,2021-10-21 09:44:27,28900.0,600.0,1268189.0
1319,2021-10-21 09:44:22,28900.0,1000.0,1267589.0
1320,2021-10-21 09:44:16,28900.0,500.0,1266589.0
1321,2021-10-21 09:43:57,28900.0,500.0,1266089.0
1322,2021-10-21 09:43:52,28900.0,6500.0,1265589.0
1323,2021-10-21 09:43:37,28900.0,300.0,1259089.0
1324,2021-10-21 09:43:28,28900.0,100.0,1258789.0
1325,2021-10-21 09:43:27,28900.0,400.0,1258689.0
1326,2021-10-21 09:43:25,28900.0,2400.0,1258289.0
1327,2021-10-21 09:43:22,28900.0,10000.0,1255889.0
1328,2021-10-21 09:43:17,28900.0,500.0,1245889.0
1329,2021-10-21 09:43:06,28900.0,20000.0,1245389.0
1330,2021-10-21 09:43:01,28900.0,1000.0,1225389.0
1331,2021-10-21 09:42:56,28900.0,100.0,1224389.0
1332,2021-10-21 09:42:51,28900.0,59500.0,1224289.0
1333,2021-10-21 09:42:41,29000.0,200.0,1164789.0
1334,2021-10-21 09:42:39,28900.0,3000.0,1164589.0
1335,2021-10-21 09:42:38,29000.0,200.0,1161589.0
1336,2021-10-21 09:42:37,28900.0,200.0,1161389.0
1337,2021-10-21 09:42:25,28900.0,1500.0,1161189.0
1338,2021-10-21 09:42:24,28900.0,3817.0,1159689.0
1339,2021-10-21 09:42:12,28900.0,700.0,1155872.0
1340,2021-10-21 09:41:42,28900.0,200.0,1155172.0
1341,2021-10-21 09:41:34,28900.0,100.0,1154972.0
1342,2021-10-21 09:40:59,28900.0,300.0,1154872.0
1343,2021-10-21 09:40:55,28900.0,10000.0,1154572.0
1344,2021-10-21 09:40:54,28900.0,500.0,1144572.0
1345,2021-10-21 09:40:46,28900.0,700.0,1144072.0
1346,2021-10-21 09:40:34,28900.0,2800.0,1143372.0
1347,2021-10-21 09:40:09,28900.0,1000.0,1140572.0
1348,2021-10-21 09:39:53,28900.0,300.0,1139572.0
1349,2021-10-21 09:39:36,28900.0,35.0,1139272.0
1350,2021-10-21 09:39:33,28900.0,100.0,1139237.0
1351,2021-10-21 09:39:28,28900.0,2600.0,1139137.0
1352,2021-10-21 09:39:27,28900.0,100.0,1136537.0
1353,2021-10-21 09:38:51,28900.0,5000.0,1136437.0
1354,2021-10-21 09:38:39,29000.0,1000.0,1131437.0
1355,2021-10-21 09:38:38,29000.0,2000.0,1130437.0
1356,2021-10-21 09:38:30,29000.0,20000.0,1128437.0
1357,2021-10-21 09:38:28,28900.0,3000.0,1108437.0
1358,2021-10-21 09:38:27,28900.0,3000.0,1105437.0
1359,2021-10-21 09:38:17,29000.0,600.0,1102437.0
1360,2021-10-21 09:38:07,28900.0,3000.0,1101837.0
1361,2021-10-21 09:38:01,28900.0,1400.0,1098837.0
1362,2021-10-21 09:37:47,28900.0,4500.0,1097437.0
1363,2021-10-21 09:37:38,28900.0,1000.0,1092937.0
1364,2021-10-21 09:37:22,28900.0,5000.0,1091937.0
1365,2021-10-21 09:37:18,29000.0,200.0,1086937.0
1366,2021-10-21 09:36:52,29000.0,1000.0,1086737.0
1367,2021-10-21 09:36:44,28900.0,200.0,1085737.0
1368,2021-10-21 09:36:42,29000.0,1000.0,1085537.0
1369,2021-10-21 09:36:35,29000.0,23.0,1084537.0
1370,2021-10-21 09:36:17,29000.0,100.0,1084514.0
1371,2021-10-21 09:36:04,29000.0,100.0,1084414.0
1372,2021-10-21 09:35:58,28900.0,300.0,1084314.0
1373,2021-10-21 09:35:55,28900.0,500.0,1084014.0
1374,2021-10-21 09:35:51,28900.0,30000.0,1083514.0
1375,2021-10-21 09:35:45,29000.0,500.0,1053514.0
1376,2021-10-21 09:35:27,28900.0,200.0,1053014.0
1377,2021-10-21 09:35:19,28900.0,1000.0,1052814.0
1378,2021-10-21 09:34:42,29000.0,600.0,1051814.0
1379,2021-10-21 09:34:32,29000.0,4000.0,1051214.0
1380,2021-10-21 09:34:31,28900.0,1600.0,1047214.0
1381,2021-10-21 09:34:20,29000.0,2200.0,1045614.0
1382,2021-10-21 09:33:57,28900.0,1000.0,1043414.0
1383,2021-10-21 09:33:38,29000.0,1500.0,1042414.0
1384,2021-10-21 09:33:36,29000.0,1000.0,1040914.0
1385,2021-10-21 09:33:32,29000.0,40500.0,1039914.0
1386,2021-10-21 09:33:28,29000.0,1000.0,999414.0
1387,2021-10-21 09:33:26,29000.0,15000.0,998414.0
1388,2021-10-21 09:33:25,29000.0,8200.0,983414.0
1389,2021-10-21 09:33:19,29000.0,300.0,975214.0
1390,2021-10-21 09:33:11,29000.0,200.0,974914.0
1391,2021-10-21 09:33:07,29000.0,2600.0,974714.0
1392,2021-10-21 09:33:06,29000.0,500.0,972114.0
1393,2021-10-21 09:33:03,29000.0,5000.0,971614.0
1394,2021-10-21 09:32:45,29000.0,400.0,966614.0
1395,2021-10-21 09:32:27,29000.0,11300.0,966214.0
1396,2021-10-21 09:32:24,29000.0,600.0,954914.0
1397,2021-10-21 09:32:13,29000.0,2000.0,954314.0
1398,2021-10-21 09:31:29,29000.0,500.0,952314.0
1399,2021-10-21 09:31:05,29000.0,200.0,951814.0
1400,2021-10-21 09:31:03,29000.0,8000.0,951614.0
1401,2021-10-21 09:30:56,29000.0,1000.0,943614.0
1402,2021-10-21 09:30:48,29000.0,6000.0,942614.0
1403,2021-10-21 09:30:45,29000.0,800.0,936614.0
1404,2021-10-21 09:30:42,29000.0,600.0,935814.0
1405,2021-10-21 09:30:36,29000.0,4000.0,935214.0
1406,2021-10-21 09:30:19,29000.0,10000.0,931214.0
1407,2021-10-21 09:30:17,29100.0,100.0,921214.0
1408,2021-10-21 09:30:12,29000.0,1000.0,921114.0
1409,2021-10-21 09:30:11,29000.0,1000.0,920114.0
1410,2021-10-21 09:30:04,29000.0,2000.0,919114.0
1411,2021-10-21 09:29:44,29000.0,700.0,917114.0
1412,2021-10-21 09:29:43,29000.0,300.0,916414.0
1413,2021-10-21 09:29:40,29000.0,200.0,916114.0
1414,2021-10-21 09:29:27,29000.0,200.0,915914.0
1415,2021-10-21 09:29:22,29000.0,800.0,915714.0
1416,2021-10-21 09:29:21,29000.0,200.0,914914.0
1417,2021-10-21 09:29:11,29000.0,200.0,914714.0
1418,2021-10-21 09:28:52,29000.0,3000.0,914514.0
1419,2021-10-21 09:28:47,29000.0,100.0,911514.0
1420,2021-10-21 09:28:46,29000.0,1000.0,911414.0
1421,2021-10-21 09:28:33,29000.0,700.0,910414.0
1422,2021-10-21 09:28:30,29000.0,100.0,909714.0
1423,2021-10-21 09:28:05,29000.0,10200.0,909614.0
1424,2021-10-21 09:28:01,28900.0,7500.0,899414.0
1425,2021-10-21 09:27:58,28900.0,3100.0,891914.0
1426,2021-10-21 09:27:57,28900.0,100.0,888814.0
1427,2021-10-21 09:27:51,29000.0,2100.0,888714.0
1428,2021-10-21 09:27:49,29000.0,4000.0,886614.0
1429,2021-10-21 09:27:47,29000.0,400.0,882614.0
1430,2021-10-21 09:27:46,29000.0,2000.0,882214.0
1431,2021-10-21 09:27:41,29000.0,1500.0,880214.0
1432,2021-10-21 09:27:38,29000.0,500.0,878714.0
1433,2021-10-21 09:27:37,29000.0,500.0,878214.0
1434,2021-10-21 09:27:36,29000.0,200.0,877714.0
1435,2021-10-21 09:27:35,29000.0,200.0,877514.0
1436,2021-10-21 09:27:32,29000.0,5000.0,877314.0
1437,2021-10-21 09:27:29,29000.0,13500.0,872314.0
1438,2021-10-21 09:27:15,29000.0,2000.0,858814.0
1439,2021-10-21 09:27:13,29000.0,12000.0,856814.0
1440,2021-10-21 09:27:11,29000.0,3900.0,844814.0
1441,2021-10-21 09:26:55,29000.0,400.0,840914.0
1442,2021-10-21 09:26:47,29000.0,600.0,840514.0
1443,2021-10-21 09:26:33,29000.0,6500.0,839914.0
1444,2021-10-21 09:26:20,29000.0,3000.0,833414.0
1445,2021-10-21 09:26:17,29000.0,2000.0,830414.0
1446,2021-10-21 09:26:06,29000.0,1900.0,828414.0
1447,2021-10-21 09:26:02,29000.0,29100.0,826514.0
1448,2021-10-21 09:25:58,29000.0,2100.0,797414.0
1449,2021-10-21 09:25:45,29100.0,100.0,795314.0
1450,2021-10-21 09:25:41,29100.0,100.0,795214.0
1451,2021-10-21 09:25:34,29000.0,500.0,795114.0
1452,2021-10-21 09:25:31,29000.0,800.0,794614.0
1453,2021-10-21 09:25:21,29000.0,10000.0,793814.0
1454,2021-10-21 09:25:16,29100.0,200.0,783814.0
1455,2021-10-21 09:25:13,29100.0,100.0,783614.0
1456,2021-10-21 09:24:52,29100.0,200.0,783514.0
1457,2021-10-21 09:24:49,29100.0,300.0,783314.0
1458,2021-10-21 09:24:35,29100.0,20000.0,783014.0
1459,2021-10-21 09:24:34,29100.0,5000.0,763014.0
1460,2021-10-21 09:24:33,29200.0,100.0,758014.0
1461,2021-10-21 09:24:32,29100.0,1400.0,757914.0
1462,2021-10-21 09:24:30,29100.0,200.0,756514.0
1463,2021-10-21 09:24:23,29100.0,5000.0,756314.0
1464,2021-10-21 09:24:22,29200.0,5100.0,751314.0
1465,2021-10-21 09:24:21,29100.0,6800.0,746214.0
1466,2021-10-21 09:24:20,29100.0,900.0,739414.0
1467,2021-10-21 09:24:19,29100.0,1000.0,738514.0
1468,2021-10-21 09:24:17,29100.0,2000.0,737514.0
1469,2021-10-21 09:24:08,29100.0,2000.0,735514.0
1470,2021-10-21 09:24:06,29100.0,15000.0,733514.0
1471,2021-10-21 09:24:00,29100.0,1000.0,718514.0
1472,2021-10-21 09:23:43,29200.0,1800.0,717514.0
1473,2021-10-21 09:23:32,29100.0,2000.0,715714.0
1474,2021-10-21 09:23:03,29200.0,5000.0,713714.0
1475,2021-10-21 09:23:01,29100.0,34.0,708714.0
1476,2021-10-21 09:22:52,29100.0,3400.0,708680.0
1477,2021-10-21 09:22:50,29100.0,400.0,705280.0
1478,2021-10-21 09:22:43,29200.0,13.0,704880.0
1479,2021-10-21 09:22:33,29200.0,100.0,704867.0
1480,2021-10-21 09:22:13,29200.0,200.0,704767.0
1481,2021-10-21 09:22:11,29200.0,2000.0,704567.0
1482,2021-10-21 09:22:09,29100.0,8900.0,702567.0
1483,2021-10-21 09:21:52,29200.0,2100.0,693667.0
1484,2021-10-21 09:21:49,29200.0,100.0,691567.0
1485,2021-10-21 09:21:40,29200.0,1000.0,691467.0
1486,2021-10-21 09:21:37,29200.0,400.0,690467.0
1487,2021-10-21 09:21:25,29200.0,800.0,690067.0
1488,2021-10-21 09:21:16,29200.0,10.0,689267.0
1489,2021-10-21 09:21:11,29200.0,400.0,689257.0
1490,2021-10-21 09:21:08,29200.0,300.0,688857.0
1491,2021-10-21 09:21:06,29200.0,5700.0,688557.0
1492,2021-10-21 09:21:04,29200.0,7500.0,682857.0
1493,2021-10-21 09:21:01,29200.0,2000.0,675357.0
1494,2021-10-21 09:20:59,29200.0,1000.0,673357.0
1495,2021-10-21 09:20:57,29200.0,2000.0,672357.0
1496,2021-10-21 09:20:54,29200.0,1000.0,670357.0
1497,2021-10-21 09:20:53,29200.0,200.0,669357.0
1498,2021-10-21 09:20:51,29200.0,500.0,669157.0
1499,2021-10-21 09:20:47,29200.0,10000.0,668657.0
1500,2021-10-21 09:20:32,29200.0,8000.0,658657.0
1501,2021-10-21 09:20:21,29200.0,100.0,650657.0
1502,2021-10-21 09:20:05,29200.0,10000.0,650557.0
1503,2021-10-21 09:19:49,29200.0,100.0,640557.0
1504,2021-10-21 09:19:47,29100.0,100.0,640457.0
1505,2021-10-21 09:19:37,29200.0,3000.0,640357.0
1506,2021-10-21 09:19:13,29200.0,1000.0,637357.0
1507,2021-10-21 09:19:11,29100.0,3000.0,636357.0
1508,2021-10-21 09:19:06,29100.0,100.0,633357.0
1509,2021-10-21 09:19:01,29200.0,1100.0,633257.0
1510,2021-10-21 09:18:47,29200.0,100000.0,632157.0
1511,2021-10-21 09:18:34,29200.0,100.0,532157.0
1512,2021-10-21 09:18:32,29100.0,1100.0,532057.0
1513,2021-10-21 09:18:21,29100.0,600.0,530957.0
1514,2021-10-21 09:18:14,29100.0,14300.0,530357.0
1515,2021-10-21 09:18:06,29100.0,100.0,516057.0
1516,2021-10-21 09:17:53,29100.0,1300.0,515957.0
1517,2021-10-21 09:17:52,29100.0,7300.0,514657.0
1518,2021-10-21 09:17:48,29100.0,10000.0,507357.0
1519,2021-10-21 09:17:47,29100.0,1000.0,497357.0
1520,2021-10-21 09:17:36,29100.0,20000.0,496357.0
1521,2021-10-21 09:17:35,29100.0,200.0,476357.0
1522,2021-10-21 09:17:32,29100.0,2000.0,476157.0
1523,2021-10-21 09:17:31,29100.0,24000.0,474157.0
1524,2021-10-21 09:17:09,29100.0,2700.0,450157.0
1525,2021-10-21 09:17:08,29100.0,15200.0,447457.0
1526,2021-10-21 09:17:01,29000.0,10000.0,432257.0
1527,2021-10-21 09:16:59,29000.0,3000.0,422257.0
1528,2021-10-21 09:16:58,29100.0,9600.0,419257.0
1529,2021-10-21 09:16:53,29100.0,20000.0,409657.0
1530,2021-10-21 09:16:33,29100.0,2000.0,389657.0
1531,2021-10-21 09:16:31,29100.0,10000.0,387657.0
1532,2021-10-21 09:16:21,29000.0,5000.0,377657.0
1533,2021-10-21 09:16:15,29000.0,500.0,372657.0
1534,2021-10-21 09:16:11,29100.0,1000.0,372157.0
1535,2021-10-21 09:16:10,29000.0,4400.0,371157.0
1536,2021-10-21 09:16:09,29000.0,100.0,366757.0
1537,2021-10-21 09:15:53,29000.0,600.0,366657.0
1538,2021-10-21 09:15:51,29100.0,100.0,366057.0
1539,2021-10-21 09:15:38,29100.0,1000.0,365957.0
1540,2021-10-21 09:15:04,29100.0,1000.0,364957.0
1541,2021-10-21 09:14:42,29100.0,800.0,363957.0
1542,2021-10-21 09:14:23,29100.0,3000.0,363157.0
1543,2021-10-21 09:14:12,29100.0,1000.0,360157.0
1544,2021-10-21 09:14:03,29000.0,2000.0,359157.0
1545,2021-10-21 09:13:36,29100.0,1000.0,357157.0
1546,2021-10-21 09:13:01,29000.0,5000.0,356157.0
1547,2021-10-21 09:12:54,29100.0,2000.0,351157.0
1548,2021-10-21 09:12:32,29000.0,200.0,349157.0
1549,2021-10-21 09:12:24,29000.0,3700.0,348957.0
1550,2021-10-21 09:12:20,29000.0,200.0,345257.0
1551,2021-10-21 09:11:47,29000.0,2300.0,345057.0
1552,2021-10-21 09:11:28,29000.0,2000.0,342757.0
1553,2021-10-21 09:11:25,29100.0,600.0,340757.0
1554,2021-10-21 09:11:23,29100.0,3000.0,340157.0
1555,2021-10-21 09:11:15,29100.0,500.0,337157.0
1556,2021-10-21 09:11:10,29100.0,2000.0,336657.0
1557,2021-10-21 09:10:57,29100.0,3000.0,334657.0
1558,2021-10-21 09:10:56,29100.0,700.0,331657.0
1559,2021-10-21 09:10:42,29100.0,50000.0,330957.0
1560,2021-10-21 09:10:25,29100.0,20000.0,280957.0
1561,2021-10-21 09:09:59,29100.0,2000.0,260957.0
1562,2021-10-21 09:09:36,29100.0,900.0,258957.0
1563,2021-10-21 09:09:33,29100.0,200.0,258057.0
1564,2021-10-21 09:09:27,29000.0,100.0,257857.0
1565,2021-10-21 09:09:00,29000.0,1000.0,257757.0
1566,2021-10-21 09:08:52,29100.0,53.0,256757.0
1567,2021-10-21 09:08:39,29100.0,1000.0,256704.0
1568,2021-10-21 09:08:24,29100.0,4.0,255704.0
1569,2021-10-21 09:08:16,29100.0,3000.0,255700.0
1570,2021-10-21 09:08:13,29100.0,2000.0,252700.0
1571,2021-10-21 09:07:54,29100.0,2000.0,250700.0
1572,2021-10-21 09:07:51,29100.0,5000.0,248700.0
1573,2021-10-21 09:07:49,29100.0,100.0,243700.0
1574,2021-10-21 09:07:48,29100.0,300.0,243600.0
1575,2021-10-21 09:07:43,29100.0,700.0,243300.0
1576,2021-10-21 09:07:28,29100.0,3000.0,242600.0
1577,2021-10-21 09:07:18,29100.0,200.0,239600.0
1578,2021-10-21 09:07:13,29100.0,400.0,239400.0
1579,2021-10-21 09:06:52,29100.0,43100.0,239000.0
1580,2021-10-21 09:06:46,29100.0,500.0,195900.0
1581,2021-10-21 09:06:38,29100.0,1000.0,195400.0
1582,2021-10-21 09:06:14,29100.0,300.0,194400.0
1583,2021-10-21 09:06:06,29100.0,1000.0,194100.0
1584,2021-10-21 09:05:41,29100.0,1000.0,193100.0
1585,2021-10-21 09:05:34,29100.0,200.0,192100.0
1586,2021-10-21 09:05:25,29100.0,200.0,191900.0
1587,2021-10-21 09:05:16,29100.0,1000.0,191700.0
1588,2021-10-21 09:05:12,29100.0,10000.0,190700.0
1589,2021-10-21 09:04:54,29100.0,700.0,180700.0
1590,2021-10-21 09:04:22,29100.0,6200.0,180000.0
1591,2021-10-21 09:04:21,29100.0,4000.0,173800.0
1592,2021-10-21 09:04:15,29100.0,2000.0,169800.0
1593,2021-10-21 09:03:58,29100.0,36500.0,167800.0
1594,2021-10-21 09:03:44,29100.0,500.0,131300.0
1595,2021-10-21 09:03:35,29200.0,300.0,130800.0
1596,2021-10-21 09:03:25,29200.0,500.0,130500.0
1597,2021-10-21 09:03:24,29200.0,300.0,130000.0
1598,2021-10-21 09:03:07,29200.0,300.0,129700.0
1599,2021-10-21 09:02:59,29200.0,5000.0,129400.0
1600,2021-10-21 09:02:53,29200.0,2000.0,124400.0
1601,2021-10-21 09:02:18,29200.0,18600.0,122400.0
1602,2021-10-21 09:02:06,29100.0,2000.0,103800.0
1603,2021-10-21 09:02:00,29100.0,100.0,101800.0
1604,2021-10-21 09:01:57,29100.0,3000.0,101700.0
1605,2021-10-21 09:01:49,29100.0,1500.0,98700.0
1606,2021-10-21 09:01:47,29100.0,1200.0,97200.0
1607,2021-10-21 09:01:45,29100.0,300.0,96000.0
1608,2021-10-21 09:01:44,29100.0,5600.0,95700.0
1609,2021-10-21 09:01:43,29200.0,11300.0,90100.0
1610,2021-10-21 09:01:42,29100.0,16000.0,78800.0
1611,2021-10-21 09:01:29,29200.0,5000.0,62800.0
1612,2021-10-21 09:01:27,29200.0,500.0,57800.0
1613,2021-10-21 09:01:24,29100.0,1500.0,57300.0
1614,2021-10-21 09:01:22,29200.0,1000.0,55800.0
1615,2021-10-21 09:01:12,29100.0,100.0,54800.0
1616,2021-10-21 09:00:54,29100.0,100.0,54700.0
1617,2021-10-21 09:00:40,29200.0,50000.0,54600.0
1618,2021-10-21 09:00:39,29100.0,700.0,4600.0
1619,2021-10-21 09:00:23,29000.0,100.0,3900.0
1620,2021-10-21 09:00:17,29000.0,200.0,3800.0
1621,2021-10-21 09:00:15,29000.0,100.0,3600.0
1622,2021-10-21 09:00:14,29000.0,300.0,3500.0
1623,2021-10-21 09:00:10,29000.0,3100.0,3200.0
1624,2021-10-21 09:00:06,29000.0,100.0,100.0
