,Time,Price,Volume_per_trade,Volume
0,2021-10-08 07:45:01,7950.0,100.0,161800.0
1,2021-10-08 07:45:01,7950.0,200.0,161700.0
2,2021-10-08 07:45:01,7950.0,200.0,161500.0
3,2021-10-08 07:45:01,7950.0,500.0,161300.0
4,2021-10-08 07:45:01,7950.0,100.0,160800.0
5,2021-10-08 07:28:44,7950.0,100.0,160700.0
6,2021-10-08 07:28:34,7820.0,100.0,160600.0
7,2021-10-08 07:28:34,7850.0,200.0,160500.0
8,2021-10-08 07:28:34,7850.0,500.0,160300.0
9,2021-10-08 07:28:16,7940.0,100.0,159800.0
10,2021-10-08 07:28:03,7900.0,100.0,159700.0
11,2021-10-08 07:28:03,7900.0,200.0,159600.0
12,2021-10-08 07:21:53,7900.0,2500.0,159400.0
13,2021-10-08 07:20:58,7850.0,600.0,156900.0
14,2021-10-08 07:17:44,7900.0,1000.0,156300.0
15,2021-10-08 07:13:10,7850.0,2700.0,155300.0
16,2021-10-08 07:04:07,7810.0,300.0,152600.0
17,2021-10-08 07:04:07,7850.0,200.0,152300.0
18,2021-10-08 07:04:07,7850.0,500.0,152100.0
19,2021-10-08 06:43:41,7800.0,100.0,151600.0
20,2021-10-08 06:40:40,7800.0,1600.0,151500.0
21,2021-10-08 06:40:40,7810.0,400.0,149900.0
22,2021-10-08 06:39:44,7810.0,100.0,149500.0
23,2021-10-08 06:38:15,7800.0,11300.0,149400.0
24,2021-10-08 06:38:15,7810.0,500.0,138100.0
25,2021-10-08 06:38:15,7810.0,500.0,137600.0
26,2021-10-08 06:38:15,7810.0,1000.0,137100.0
27,2021-10-08 06:38:15,7820.0,9500.0,136100.0
28,2021-10-08 06:38:15,7820.0,200.0,126600.0
29,2021-10-08 06:38:15,7820.0,100.0,126400.0
30,2021-10-08 06:38:15,7820.0,100.0,126300.0
31,2021-10-08 06:38:15,7830.0,100.0,126200.0
32,2021-10-08 06:38:15,7830.0,5000.0,126100.0
33,2021-10-08 06:38:15,7830.0,500.0,121100.0
34,2021-10-08 06:38:15,7830.0,100.0,120600.0
35,2021-10-08 06:38:15,7830.0,100.0,120500.0
36,2021-10-08 06:38:15,7830.0,1000.0,120400.0
37,2021-10-08 06:38:15,7840.0,5000.0,119400.0
38,2021-10-08 06:38:15,7840.0,100.0,114400.0
39,2021-10-08 06:38:15,7840.0,1400.0,114300.0
40,2021-10-08 06:38:15,7840.0,3700.0,112900.0
41,2021-10-08 06:38:15,7850.0,500.0,109200.0
42,2021-10-08 06:38:15,7850.0,10000.0,108700.0
43,2021-10-08 06:38:15,7850.0,300.0,98700.0
44,2021-10-08 06:38:15,7850.0,2000.0,98400.0
45,2021-10-08 06:38:15,7850.0,500.0,96400.0
46,2021-10-08 06:38:15,7850.0,700.0,95900.0
47,2021-10-08 06:38:15,7890.0,100.0,95200.0
48,2021-10-08 06:38:15,7920.0,200.0,95100.0
49,2021-10-08 06:36:09,7920.0,10000.0,94900.0
50,2021-10-08 06:36:09,7910.0,500.0,84900.0
51,2021-10-08 06:36:09,7900.0,1000.0,84400.0
52,2021-10-08 06:36:09,7900.0,300.0,83400.0
53,2021-10-08 06:29:00,7900.0,200.0,83100.0
54,2021-10-08 06:26:12,7900.0,1000.0,82900.0
55,2021-10-08 06:25:29,7900.0,300.0,81900.0
56,2021-10-08 06:22:58,7900.0,100.0,81600.0
57,2021-10-08 06:22:51,7900.0,100.0,81500.0
58,2021-10-08 06:22:42,7900.0,500.0,81400.0
59,2021-10-08 06:19:57,7900.0,500.0,80900.0
60,2021-10-08 06:19:57,7900.0,600.0,80400.0
61,2021-10-08 06:18:47,7900.0,500.0,79800.0
62,2021-10-08 06:18:03,7900.0,200.0,79300.0
63,2021-10-08 06:15:14,7900.0,8700.0,79100.0
64,2021-10-08 06:15:14,7900.0,500.0,70400.0
65,2021-10-08 06:15:14,7900.0,600.0,69900.0
66,2021-10-08 06:15:14,7890.0,10000.0,69300.0
67,2021-10-08 06:15:14,7890.0,10000.0,59300.0
68,2021-10-08 06:15:14,7880.0,100.0,49300.0
69,2021-10-08 06:15:14,7880.0,100.0,49200.0
70,2021-10-08 06:07:05,7850.0,400.0,49100.0
71,2021-10-08 06:00:02,7850.0,100.0,48700.0
72,2021-10-08 06:00:02,7850.0,2500.0,48600.0
73,2021-10-08 06:00:02,7850.0,200.0,46100.0
74,2021-10-08 06:00:02,7850.0,800.0,45900.0
75,2021-10-08 06:00:01,7850.0,200.0,45100.0
76,2021-10-08 04:27:17,7850.0,2500.0,44900.0
77,2021-10-08 04:19:56,7850.0,500.0,42400.0
78,2021-10-08 04:14:02,7890.0,500.0,41900.0
79,2021-10-08 04:10:28,7860.0,200.0,41400.0
80,2021-10-08 04:03:08,7860.0,1000.0,41200.0
81,2021-10-08 04:01:22,7860.0,100.0,40200.0
82,2021-10-08 04:01:22,7860.0,900.0,40100.0
83,2021-10-08 03:54:36,7900.0,1000.0,39200.0
84,2021-10-08 03:46:10,7860.0,100.0,38200.0
85,2021-10-08 03:43:57,7850.0,1000.0,38100.0
86,2021-10-08 03:40:40,7900.0,200.0,37100.0
87,2021-10-08 03:39:44,7900.0,200.0,36900.0
88,2021-10-08 03:39:44,7900.0,4800.0,36700.0
89,2021-10-08 03:38:54,7890.0,300.0,31900.0
90,2021-10-08 03:38:54,7890.0,4000.0,31600.0
91,2021-10-08 03:37:34,7890.0,4600.0,27600.0
92,2021-10-08 03:37:34,7880.0,600.0,23000.0
93,2021-10-08 03:36:59,7850.0,1000.0,22400.0
94,2021-10-08 03:33:20,7850.0,1000.0,21400.0
95,2021-10-08 03:29:42,7890.0,500.0,20400.0
96,2021-10-08 03:26:05,7900.0,200.0,19900.0
97,2021-10-08 03:26:05,7900.0,800.0,19700.0
98,2021-10-08 03:26:02,7850.0,1000.0,18900.0
99,2021-10-08 03:25:44,7850.0,1000.0,17900.0
100,2021-10-08 03:23:57,7850.0,1000.0,16900.0
101,2021-10-08 03:23:06,7900.0,100.0,15900.0
102,2021-10-08 03:18:07,7900.0,100.0,15800.0
103,2021-10-08 03:15:51,7840.0,900.0,15700.0
104,2021-10-08 03:08:45,7840.0,100.0,14800.0
105,2021-10-08 03:08:33,7850.0,1200.0,14700.0
106,2021-10-08 03:08:17,7840.0,300.0,13500.0
107,2021-10-08 03:08:17,7840.0,300.0,13200.0
108,2021-10-08 03:04:36,7850.0,100.0,12900.0
109,2021-10-08 02:59:46,7850.0,700.0,12800.0
110,2021-10-08 02:52:47,7950.0,500.0,12100.0
111,2021-10-08 02:50:14,7850.0,100.0,11600.0
112,2021-10-08 02:34:33,7830.0,800.0,11500.0
113,2021-10-08 02:34:33,7830.0,100.0,10700.0
114,2021-10-08 02:34:33,7830.0,400.0,10600.0
115,2021-10-08 02:34:33,7840.0,500.0,10200.0
116,2021-10-08 02:34:33,7840.0,200.0,9700.0
117,2021-10-08 02:31:22,7840.0,300.0,9500.0
118,2021-10-08 02:31:14,7840.0,500.0,9200.0
119,2021-10-08 02:30:57,7840.0,2000.0,8700.0
120,2021-10-08 02:27:57,7990.0,500.0,6700.0
121,2021-10-08 02:27:57,7990.0,1700.0,6200.0
122,2021-10-08 02:27:48,7990.0,300.0,4500.0
123,2021-10-08 02:27:48,7990.0,2000.0,4200.0
124,2021-10-08 02:26:53,7990.0,1000.0,2200.0
125,2021-10-08 02:23:37,8000.0,100.0,1200.0
126,2021-10-08 02:23:37,7990.0,100.0,1100.0
127,2021-10-08 02:16:58,7830.0,1000.0,1000.0
