,Time,Price,Volume_per_trade,Volume
0,2021-10-12 07:45:00,12950.0,200.0,248200.0
1,2021-10-12 07:45:00,12950.0,1000.0,248000.0
2,2021-10-12 07:45:00,12950.0,1000.0,247000.0
3,2021-10-12 07:45:00,12950.0,100.0,246000.0
4,2021-10-12 07:45:00,12950.0,300.0,245900.0
5,2021-10-12 07:45:00,12950.0,800.0,245600.0
6,2021-10-12 07:45:00,12950.0,100.0,244800.0
7,2021-10-12 07:45:00,12950.0,1700.0,244700.0
8,2021-10-12 07:29:16,12800.0,1600.0,243000.0
9,2021-10-12 07:27:59,12750.0,500.0,241400.0
10,2021-10-12 07:26:19,12750.0,1000.0,240900.0
11,2021-10-12 07:23:18,12750.0,300.0,239900.0
12,2021-10-12 07:21:54,12750.0,100.0,239600.0
13,2021-10-12 07:21:42,12750.0,100.0,239500.0
14,2021-10-12 07:21:42,12750.0,600.0,239400.0
15,2021-10-12 07:19:36,12750.0,500.0,238800.0
16,2021-10-12 07:06:15,12750.0,1900.0,238300.0
17,2021-10-12 07:06:15,12750.0,100.0,236400.0
18,2021-10-12 07:03:36,12800.0,1000.0,236300.0
19,2021-10-12 07:03:26,12800.0,1000.0,235300.0
20,2021-10-12 06:59:45,12800.0,1000.0,234300.0
21,2021-10-12 06:58:32,12800.0,1000.0,233300.0
22,2021-10-12 06:56:39,12800.0,1000.0,232300.0
23,2021-10-12 06:54:19,12850.0,200.0,231300.0
24,2021-10-12 06:54:07,12850.0,1000.0,231100.0
25,2021-10-12 06:53:45,12850.0,1000.0,230100.0
26,2021-10-12 06:50:13,12900.0,500.0,229100.0
27,2021-10-12 06:49:56,12900.0,1000.0,228600.0
28,2021-10-12 06:47:31,12900.0,1000.0,227600.0
29,2021-10-12 06:42:49,12900.0,1000.0,226600.0
30,2021-10-12 06:42:42,12850.0,1000.0,225600.0
31,2021-10-12 06:42:33,12850.0,1000.0,224600.0
32,2021-10-12 06:42:23,12850.0,3000.0,223600.0
33,2021-10-12 06:40:36,12850.0,2000.0,220600.0
34,2021-10-12 06:40:08,12850.0,2000.0,218600.0
35,2021-10-12 06:40:01,12850.0,1000.0,216600.0
36,2021-10-12 06:39:08,12900.0,1000.0,215600.0
37,2021-10-12 06:34:40,12900.0,200.0,214600.0
38,2021-10-12 06:33:36,12900.0,3000.0,214400.0
39,2021-10-12 06:33:36,12900.0,500.0,211400.0
40,2021-10-12 06:33:19,12900.0,1000.0,210900.0
41,2021-10-12 06:30:22,12900.0,500.0,209900.0
42,2021-10-12 06:30:14,12900.0,1000.0,209400.0
43,2021-10-12 06:27:59,12850.0,1400.0,208400.0
44,2021-10-12 06:27:59,12850.0,1900.0,207000.0
45,2021-10-12 06:27:59,12800.0,3000.0,205100.0
46,2021-10-12 06:26:40,12750.0,100.0,202100.0
47,2021-10-12 06:26:40,12750.0,600.0,202000.0
48,2021-10-12 06:26:18,12800.0,1000.0,201400.0
49,2021-10-12 06:25:48,12850.0,2100.0,200400.0
50,2021-10-12 06:25:38,12850.0,2000.0,198300.0
51,2021-10-12 06:25:11,12850.0,1500.0,196300.0
52,2021-10-12 06:25:11,12800.0,100.0,194800.0
53,2021-10-12 06:25:11,12800.0,4300.0,194700.0
54,2021-10-12 06:24:44,12800.0,700.0,190400.0
55,2021-10-12 06:23:12,12800.0,100.0,189700.0
56,2021-10-12 06:23:12,12800.0,1200.0,189600.0
57,2021-10-12 06:22:50,12800.0,400.0,188400.0
58,2021-10-12 06:21:33,12800.0,400.0,188000.0
59,2021-10-12 06:20:06,12800.0,2000.0,187600.0
60,2021-10-12 06:19:59,12800.0,1000.0,185600.0
61,2021-10-12 06:18:54,12750.0,400.0,184600.0
62,2021-10-12 06:16:45,12750.0,1000.0,184200.0
63,2021-10-12 06:16:32,12750.0,100.0,183200.0
64,2021-10-12 06:14:00,12750.0,2000.0,183100.0
65,2021-10-12 06:13:53,12750.0,1000.0,181100.0
66,2021-10-12 06:13:46,12750.0,500.0,180100.0
67,2021-10-12 06:13:26,12850.0,2000.0,179600.0
68,2021-10-12 06:12:01,12850.0,1500.0,177600.0
69,2021-10-12 06:12:01,12850.0,500.0,176100.0
70,2021-10-12 06:11:52,12850.0,500.0,175600.0
71,2021-10-12 06:11:52,12850.0,100.0,175100.0
72,2021-10-12 06:11:52,12850.0,400.0,175000.0
73,2021-10-12 06:08:10,12850.0,2000.0,174600.0
74,2021-10-12 06:07:51,12850.0,1200.0,172600.0
75,2021-10-12 06:07:04,12850.0,1000.0,171400.0
76,2021-10-12 06:06:51,12850.0,400.0,170400.0
77,2021-10-12 06:04:44,12850.0,1600.0,170000.0
78,2021-10-12 06:04:37,12850.0,3000.0,168400.0
79,2021-10-12 06:02:44,12850.0,200.0,165400.0
80,2021-10-12 06:02:44,12850.0,200.0,165200.0
81,2021-10-12 04:29:03,12900.0,200.0,165000.0
82,2021-10-12 04:14:39,12850.0,100.0,164800.0
83,2021-10-12 04:13:47,12900.0,100.0,164700.0
84,2021-10-12 04:00:48,12900.0,1000.0,164600.0
85,2021-10-12 04:00:13,12900.0,1000.0,163600.0
86,2021-10-12 03:48:19,12850.0,200.0,162600.0
87,2021-10-12 03:47:23,12850.0,200.0,162400.0
88,2021-10-12 03:39:37,12500.0,200.0,162200.0
89,2021-10-12 03:37:31,12500.0,300.0,162000.0
90,2021-10-12 03:37:08,12600.0,9600.0,161700.0
91,2021-10-12 03:37:08,12700.0,2000.0,152100.0
92,2021-10-12 03:37:08,12700.0,4000.0,150100.0
93,2021-10-12 03:37:08,12800.0,500.0,146100.0
94,2021-10-12 03:37:08,12800.0,100.0,145600.0
95,2021-10-12 03:37:08,12800.0,500.0,145500.0
96,2021-10-12 03:37:08,12800.0,1000.0,145000.0
97,2021-10-12 03:37:08,12800.0,2000.0,144000.0
98,2021-10-12 03:29:52,12800.0,1000.0,142000.0
99,2021-10-12 03:29:22,12900.0,900.0,141000.0
100,2021-10-12 03:25:25,12900.0,2100.0,140100.0
101,2021-10-12 03:25:17,12900.0,2000.0,138000.0
102,2021-10-12 03:25:07,12900.0,2900.0,136000.0
103,2021-10-12 03:25:07,12900.0,100.0,133100.0
104,2021-10-12 03:21:18,12900.0,3600.0,133000.0
105,2021-10-12 03:12:59,13000.0,100.0,129400.0
106,2021-10-12 03:09:46,13000.0,700.0,129300.0
107,2021-10-12 03:07:56,13050.0,1000.0,128600.0
108,2021-10-12 03:07:40,13050.0,200.0,127600.0
109,2021-10-12 03:07:40,13050.0,800.0,127400.0
110,2021-10-12 03:01:05,13100.0,1000.0,126600.0
111,2021-10-12 02:53:42,13100.0,200.0,125600.0
112,2021-10-12 02:50:35,13100.0,1000.0,125400.0
113,2021-10-12 02:50:22,13100.0,200.0,124400.0
114,2021-10-12 02:50:22,13100.0,200.0,124200.0
115,2021-10-12 02:44:03,13150.0,500.0,124000.0
116,2021-10-12 02:44:03,13150.0,1500.0,123500.0
117,2021-10-12 02:43:56,13150.0,3000.0,122000.0
118,2021-10-12 02:42:21,13150.0,500.0,119000.0
119,2021-10-12 02:42:07,13150.0,3000.0,118500.0
120,2021-10-12 02:41:56,13150.0,2000.0,115500.0
121,2021-10-12 02:41:05,13150.0,4000.0,113500.0
122,2021-10-12 02:40:58,13150.0,3000.0,109500.0
123,2021-10-12 02:40:53,13150.0,3000.0,106500.0
124,2021-10-12 02:40:36,13150.0,5000.0,103500.0
125,2021-10-12 02:37:18,13150.0,5000.0,98500.0
126,2021-10-12 02:36:41,13100.0,10800.0,93500.0
127,2021-10-12 02:36:39,13100.0,100.0,82700.0
128,2021-10-12 02:36:13,13100.0,4000.0,82600.0
129,2021-10-12 02:33:45,13100.0,5000.0,78600.0
130,2021-10-12 02:33:37,13100.0,2000.0,73600.0
131,2021-10-12 02:32:42,13100.0,5000.0,71600.0
132,2021-10-12 02:30:17,13100.0,3000.0,66600.0
133,2021-10-12 02:30:09,13100.0,5000.0,63600.0
134,2021-10-12 02:29:21,13100.0,5000.0,58600.0
135,2021-10-12 02:29:09,13050.0,1200.0,53600.0
136,2021-10-12 02:29:00,13050.0,3000.0,52400.0
137,2021-10-12 02:28:18,13050.0,800.0,49400.0
138,2021-10-12 02:26:15,13100.0,100.0,48600.0
139,2021-10-12 02:26:15,13100.0,1900.0,48500.0
140,2021-10-12 02:26:05,13050.0,1000.0,46600.0
141,2021-10-12 02:26:05,13050.0,3200.0,45600.0
142,2021-10-12 02:26:05,13050.0,4000.0,42400.0
143,2021-10-12 02:25:52,13050.0,3000.0,38400.0
144,2021-10-12 02:25:19,13050.0,5000.0,35400.0
145,2021-10-12 02:24:00,13050.0,3000.0,30400.0
146,2021-10-12 02:23:33,13050.0,5000.0,27400.0
147,2021-10-12 02:20:23,13050.0,3000.0,22400.0
148,2021-10-12 02:20:10,13050.0,2500.0,19400.0
149,2021-10-12 02:20:09,13050.0,2500.0,16900.0
150,2021-10-12 02:20:09,13050.0,2500.0,14400.0
151,2021-10-12 02:20:08,13050.0,2500.0,11900.0
152,2021-10-12 02:20:06,13000.0,100.0,9400.0
153,2021-10-12 02:19:48,13050.0,2000.0,9300.0
154,2021-10-12 02:19:35,13000.0,300.0,7300.0
155,2021-10-12 02:19:34,13050.0,3000.0,7000.0
156,2021-10-12 02:19:23,13000.0,300.0,4000.0
157,2021-10-12 02:19:21,13000.0,1000.0,3700.0
158,2021-10-12 02:19:06,13000.0,600.0,2700.0
159,2021-10-12 02:17:56,13050.0,2000.0,2100.0
160,2021-10-12 02:15:43,13100.0,100.0,100.0
