,Time,Price,Volume_per_trade,Volume
0,2021-10-17 07:45:01,8330.0,2000.0,2036200.0
1,2021-10-17 07:45:01,8330.0,1900.0,2034200.0
2,2021-10-17 07:45:01,8330.0,2000.0,2032300.0
3,2021-10-17 07:45:01,8330.0,100.0,2030300.0
4,2021-10-17 07:45:01,8330.0,5000.0,2030200.0
5,2021-10-17 07:45:01,8330.0,1000.0,2025200.0
6,2021-10-17 07:45:01,8330.0,9700.0,2024200.0
7,2021-10-17 07:45:01,8330.0,300.0,2014500.0
8,2021-10-17 07:45:01,8330.0,6700.0,2014200.0
9,2021-10-17 07:45:01,8330.0,3200.0,2007500.0
10,2021-10-17 07:45:01,8330.0,200.0,2004300.0
11,2021-10-17 07:45:01,8330.0,300.0,2004100.0
12,2021-10-17 07:45:01,8330.0,1000.0,2003800.0
13,2021-10-17 07:45:01,8330.0,3600.0,2002800.0
14,2021-10-17 07:45:01,8330.0,2500.0,1999200.0
15,2021-10-17 07:45:01,8330.0,5000.0,1996700.0
16,2021-10-17 07:45:01,8330.0,900.0,1991700.0
17,2021-10-17 07:45:01,8330.0,100.0,1990800.0
18,2021-10-17 07:45:01,8330.0,1000.0,1990700.0
19,2021-10-17 07:45:01,8330.0,500.0,1989700.0
20,2021-10-17 07:45:01,8330.0,2000.0,1989200.0
21,2021-10-17 07:45:01,8330.0,500.0,1987200.0
22,2021-10-17 07:29:41,8280.0,4000.0,1986700.0
23,2021-10-17 07:29:41,8280.0,2200.0,1982700.0
24,2021-10-17 07:29:35,8270.0,1000.0,1980500.0
25,2021-10-17 07:28:36,8280.0,7800.0,1979500.0
26,2021-10-17 07:28:25,8300.0,100.0,1971700.0
27,2021-10-17 07:28:25,8300.0,300.0,1971600.0
28,2021-10-17 07:26:42,8280.0,100.0,1971300.0
29,2021-10-17 07:26:42,8260.0,4100.0,1971200.0
30,2021-10-17 07:26:32,8250.0,100.0,1967100.0
31,2021-10-17 07:26:32,8250.0,900.0,1967000.0
32,2021-10-17 07:26:28,8260.0,1300.0,1966100.0
33,2021-10-17 07:26:28,8260.0,700.0,1964800.0
34,2021-10-17 07:26:24,8260.0,300.0,1964100.0
35,2021-10-17 07:25:17,8260.0,300.0,1963800.0
36,2021-10-17 07:24:57,8250.0,9100.0,1963500.0
37,2021-10-17 07:24:57,8260.0,100.0,1954400.0
38,2021-10-17 07:24:57,8260.0,500.0,1954300.0
39,2021-10-17 07:24:57,8260.0,300.0,1953800.0
40,2021-10-17 07:24:13,8260.0,700.0,1953500.0
41,2021-10-17 07:24:13,8260.0,5000.0,1952800.0
42,2021-10-17 07:24:13,8260.0,4300.0,1947800.0
43,2021-10-17 07:23:27,8260.0,4000.0,1943500.0
44,2021-10-17 07:22:51,8270.0,500.0,1939500.0
45,2021-10-17 07:22:51,8270.0,2000.0,1939000.0
46,2021-10-17 07:22:51,8280.0,2100.0,1937000.0
47,2021-10-17 07:22:38,8280.0,500.0,1934900.0
48,2021-10-17 07:22:38,8280.0,200.0,1934400.0
49,2021-10-17 07:22:38,8280.0,200.0,1934200.0
50,2021-10-17 07:21:06,8280.0,1000.0,1934000.0
51,2021-10-17 07:21:00,8270.0,3000.0,1933000.0
52,2021-10-17 07:21:00,8270.0,1000.0,1930000.0
53,2021-10-17 07:21:00,8270.0,1000.0,1929000.0
54,2021-10-17 07:20:36,8280.0,600.0,1928000.0
55,2021-10-17 07:20:26,8310.0,1000.0,1927400.0
56,2021-10-17 07:19:27,8320.0,300.0,1926400.0
57,2021-10-17 07:18:44,8320.0,8000.0,1926100.0
58,2021-10-17 07:18:44,8320.0,2000.0,1918100.0
59,2021-10-17 07:18:27,8320.0,1000.0,1916100.0
60,2021-10-17 07:18:24,8320.0,2000.0,1915100.0
61,2021-10-17 07:18:19,8320.0,100.0,1913100.0
62,2021-10-17 07:18:19,8320.0,500.0,1913000.0
63,2021-10-17 07:18:19,8320.0,200.0,1912500.0
64,2021-10-17 07:17:32,8320.0,9800.0,1912300.0
65,2021-10-17 07:17:32,8320.0,200.0,1902500.0
66,2021-10-17 07:17:14,8310.0,100.0,1902300.0
67,2021-10-17 07:17:14,8310.0,300.0,1902200.0
68,2021-10-17 07:17:14,8310.0,100.0,1901900.0
69,2021-10-17 07:17:14,8310.0,100.0,1901800.0
70,2021-10-17 07:17:14,8310.0,100.0,1901700.0
71,2021-10-17 07:17:14,8300.0,300.0,1901600.0
72,2021-10-17 07:17:14,8300.0,2500.0,1901300.0
73,2021-10-17 07:17:14,8300.0,800.0,1898800.0
74,2021-10-17 07:17:14,8300.0,100.0,1898000.0
75,2021-10-17 07:17:14,8300.0,300.0,1897900.0
76,2021-10-17 07:17:14,8300.0,100.0,1897600.0
77,2021-10-17 07:17:14,8300.0,8500.0,1897500.0
78,2021-10-17 07:16:55,8290.0,10000.0,1889000.0
79,2021-10-17 07:16:55,8290.0,100.0,1879000.0
80,2021-10-17 07:16:43,8260.0,7100.0,1878900.0
81,2021-10-17 07:15:53,8270.0,100.0,1871800.0
82,2021-10-17 07:15:49,8270.0,300.0,1871700.0
83,2021-10-17 07:15:42,8270.0,1000.0,1871400.0
84,2021-10-17 07:15:42,8270.0,700.0,1870400.0
85,2021-10-17 07:15:29,8270.0,200.0,1869700.0
86,2021-10-17 07:14:35,8270.0,100.0,1869500.0
87,2021-10-17 07:14:32,8270.0,1900.0,1869400.0
88,2021-10-17 07:14:30,8260.0,4600.0,1867500.0
89,2021-10-17 07:14:30,8260.0,400.0,1862900.0
90,2021-10-17 07:14:30,8260.0,5000.0,1862500.0
91,2021-10-17 07:14:29,8270.0,1000.0,1857500.0
92,2021-10-17 07:14:12,8270.0,5000.0,1856500.0
93,2021-10-17 07:14:12,8270.0,1100.0,1851500.0
94,2021-10-17 07:14:12,8270.0,1000.0,1850400.0
95,2021-10-17 07:12:45,8270.0,1000.0,1849400.0
96,2021-10-17 07:12:23,8270.0,1000.0,1848400.0
97,2021-10-17 07:11:58,8270.0,3000.0,1847400.0
98,2021-10-17 07:11:15,8270.0,1000.0,1844400.0
99,2021-10-17 07:10:54,8270.0,2000.0,1843400.0
100,2021-10-17 07:10:54,8270.0,2000.0,1841400.0
101,2021-10-17 07:08:43,8270.0,1000.0,1839400.0
102,2021-10-17 07:08:21,8270.0,2000.0,1838400.0
103,2021-10-17 07:08:15,8280.0,1000.0,1836400.0
104,2021-10-17 07:07:39,8280.0,1200.0,1835400.0
105,2021-10-17 07:07:38,8280.0,300.0,1834200.0
106,2021-10-17 07:06:45,8300.0,1500.0,1833900.0
107,2021-10-17 07:06:21,8300.0,300.0,1832400.0
108,2021-10-17 07:05:18,8300.0,5000.0,1832100.0
109,2021-10-17 07:05:02,8300.0,2900.0,1827100.0
110,2021-10-17 07:05:02,8300.0,5000.0,1824200.0
111,2021-10-17 07:05:02,8300.0,100.0,1819200.0
112,2021-10-17 07:05:02,8300.0,2000.0,1819100.0
113,2021-10-17 07:04:04,8300.0,10000.0,1817100.0
114,2021-10-17 07:03:42,8300.0,20000.0,1807100.0
115,2021-10-17 07:03:12,8280.0,10000.0,1787100.0
116,2021-10-17 07:02:49,8280.0,10000.0,1777100.0
117,2021-10-17 07:02:49,8280.0,10000.0,1767100.0
118,2021-10-17 07:02:31,8270.0,5700.0,1757100.0
119,2021-10-17 07:02:13,8270.0,4300.0,1751400.0
120,2021-10-17 07:02:13,8270.0,10000.0,1747100.0
121,2021-10-17 07:02:13,8270.0,5700.0,1737100.0
122,2021-10-17 07:01:18,8270.0,300.0,1731400.0
123,2021-10-17 07:01:07,8270.0,4000.0,1731100.0
124,2021-10-17 07:00:33,8260.0,10000.0,1727100.0
125,2021-10-17 07:00:22,8250.0,8200.0,1717100.0
126,2021-10-17 07:00:09,8250.0,1800.0,1708900.0
127,2021-10-17 07:00:08,8250.0,8200.0,1707100.0
128,2021-10-17 07:00:06,8240.0,500.0,1698900.0
129,2021-10-17 07:00:04,8240.0,1000.0,1698400.0
130,2021-10-17 06:59:37,8240.0,10000.0,1697400.0
131,2021-10-17 06:58:39,8250.0,1800.0,1687400.0
132,2021-10-17 06:58:24,8250.0,600.0,1685600.0
133,2021-10-17 06:58:17,8250.0,700.0,1685000.0
134,2021-10-17 06:58:15,8250.0,200.0,1684300.0
135,2021-10-17 06:57:29,8240.0,200.0,1684100.0
136,2021-10-17 06:57:28,8240.0,400.0,1683900.0
137,2021-10-17 06:57:01,8240.0,600.0,1683500.0
138,2021-10-17 06:57:01,8240.0,5000.0,1682900.0
139,2021-10-17 06:57:01,8250.0,200.0,1677900.0
140,2021-10-17 06:57:01,8270.0,3900.0,1677700.0
141,2021-10-17 06:56:32,8250.0,1100.0,1673800.0
142,2021-10-17 06:56:18,8250.0,500.0,1672700.0
143,2021-10-17 06:56:18,8250.0,200.0,1672200.0
144,2021-10-17 06:56:18,8250.0,100.0,1672000.0
145,2021-10-17 06:56:18,8250.0,1300.0,1671900.0
146,2021-10-17 06:56:18,8250.0,400.0,1670600.0
147,2021-10-17 06:56:18,8250.0,5000.0,1670200.0
148,2021-10-17 06:56:18,8260.0,5000.0,1665200.0
149,2021-10-17 06:56:18,8260.0,3000.0,1660200.0
150,2021-10-17 06:56:18,8260.0,200.0,1657200.0
151,2021-10-17 06:56:18,8260.0,500.0,1657000.0
152,2021-10-17 06:56:18,8270.0,1000.0,1656500.0
153,2021-10-17 06:56:18,8270.0,1500.0,1655500.0
154,2021-10-17 06:56:18,8270.0,200.0,1654000.0
155,2021-10-17 06:55:55,8270.0,10000.0,1653800.0
156,2021-10-17 06:55:46,8270.0,10000.0,1643800.0
157,2021-10-17 06:55:34,8280.0,100.0,1633800.0
158,2021-10-17 06:54:37,8280.0,1600.0,1633700.0
159,2021-10-17 06:54:37,8280.0,8400.0,1632100.0
160,2021-10-17 06:54:32,8270.0,9800.0,1623700.0
161,2021-10-17 06:54:32,8270.0,200.0,1613900.0
162,2021-10-17 06:54:24,8270.0,4800.0,1613700.0
163,2021-10-17 06:54:24,8270.0,200.0,1608900.0
164,2021-10-17 06:54:24,8270.0,4000.0,1608700.0
165,2021-10-17 06:54:24,8270.0,1000.0,1604700.0
166,2021-10-17 06:53:48,8270.0,4000.0,1603700.0
167,2021-10-17 06:52:40,8280.0,500.0,1599700.0
168,2021-10-17 06:52:40,8280.0,1100.0,1599200.0
169,2021-10-17 06:52:09,8280.0,200.0,1598100.0
170,2021-10-17 06:51:04,8280.0,2400.0,1597900.0
171,2021-10-17 06:51:04,8280.0,2600.0,1595500.0
172,2021-10-17 06:51:01,8280.0,400.0,1592900.0
173,2021-10-17 06:51:01,8280.0,1000.0,1592500.0
174,2021-10-17 06:51:01,8280.0,100.0,1591500.0
175,2021-10-17 06:51:01,8280.0,2000.0,1591400.0
176,2021-10-17 06:51:01,8280.0,400.0,1589400.0
177,2021-10-17 06:51:01,8280.0,1100.0,1589000.0
178,2021-10-17 06:50:28,8280.0,600.0,1587900.0
179,2021-10-17 06:49:47,8300.0,100.0,1587300.0
180,2021-10-17 06:49:25,8300.0,200.0,1587200.0
181,2021-10-17 06:49:25,8300.0,100.0,1587000.0
182,2021-10-17 06:49:20,8290.0,5000.0,1586900.0
183,2021-10-17 06:48:56,8300.0,2800.0,1581900.0
184,2021-10-17 06:47:33,8300.0,6600.0,1579100.0
185,2021-10-17 06:47:33,8290.0,3400.0,1572500.0
186,2021-10-17 06:47:32,8290.0,500.0,1569100.0
187,2021-10-17 06:47:32,8290.0,26100.0,1568600.0
188,2021-10-17 06:46:54,8300.0,500.0,1542500.0
189,2021-10-17 06:46:53,8300.0,2500.0,1542000.0
190,2021-10-17 06:46:45,8300.0,3800.0,1539500.0
191,2021-10-17 06:46:45,8300.0,1100.0,1535700.0
192,2021-10-17 06:46:45,8300.0,1100.0,1534600.0
193,2021-10-17 06:45:18,8300.0,1400.0,1533500.0
194,2021-10-17 06:45:06,8300.0,1000.0,1532100.0
195,2021-10-17 06:44:28,8300.0,200.0,1531100.0
196,2021-10-17 06:44:18,8300.0,200.0,1530900.0
197,2021-10-17 06:44:06,8300.0,1200.0,1530700.0
198,2021-10-17 06:44:06,8300.0,1000.0,1529500.0
199,2021-10-17 06:44:06,8300.0,800.0,1528500.0
200,2021-10-17 06:43:48,8300.0,400.0,1527700.0
201,2021-10-17 06:43:48,8300.0,100.0,1527300.0
202,2021-10-17 06:43:08,8300.0,600.0,1527200.0
203,2021-10-17 06:42:27,8300.0,400.0,1526600.0
204,2021-10-17 06:41:26,8300.0,200.0,1526200.0
205,2021-10-17 06:41:24,8300.0,400.0,1526000.0
206,2021-10-17 06:39:02,8300.0,300.0,1525600.0
207,2021-10-17 06:39:02,8300.0,1000.0,1525300.0
208,2021-10-17 06:37:33,8300.0,500.0,1524300.0
209,2021-10-17 06:36:55,8300.0,500.0,1523800.0
210,2021-10-17 06:36:03,8300.0,500.0,1523300.0
211,2021-10-17 06:36:03,8300.0,100.0,1522800.0
212,2021-10-17 06:35:06,8300.0,100.0,1522700.0
213,2021-10-17 06:34:45,8300.0,300.0,1522600.0
214,2021-10-17 06:34:45,8300.0,500.0,1522300.0
215,2021-10-17 06:34:12,8280.0,300.0,1521800.0
216,2021-10-17 06:33:36,8300.0,800.0,1521500.0
217,2021-10-17 06:33:17,8300.0,3000.0,1520700.0
218,2021-10-17 06:32:32,8300.0,1000.0,1517700.0
219,2021-10-17 06:31:58,8300.0,1000.0,1516700.0
220,2021-10-17 06:31:53,8300.0,200.0,1515700.0
221,2021-10-17 06:31:24,8300.0,200.0,1515500.0
222,2021-10-17 06:31:20,8300.0,500.0,1515300.0
223,2021-10-17 06:31:20,8300.0,2800.0,1514800.0
224,2021-10-17 06:31:14,8300.0,5000.0,1512000.0
225,2021-10-17 06:30:46,8300.0,200.0,1507000.0
226,2021-10-17 06:30:46,8300.0,600.0,1506800.0
227,2021-10-17 06:30:46,8300.0,200.0,1506200.0
228,2021-10-17 06:29:54,8300.0,3600.0,1506000.0
229,2021-10-17 06:29:50,8300.0,200.0,1502400.0
230,2021-10-17 06:29:32,8300.0,1000.0,1502200.0
231,2021-10-17 06:29:10,8300.0,200.0,1501200.0
232,2021-10-17 06:28:24,8300.0,300.0,1501000.0
233,2021-10-17 06:28:13,8300.0,200.0,1500700.0
234,2021-10-17 06:27:56,8300.0,2000.0,1500500.0
235,2021-10-17 06:27:51,8300.0,2500.0,1498500.0
236,2021-10-17 06:27:51,8300.0,1500.0,1496000.0
237,2021-10-17 06:27:18,8300.0,500.0,1494500.0
238,2021-10-17 06:26:54,8300.0,3000.0,1494000.0
239,2021-10-17 06:23:15,8280.0,3000.0,1491000.0
240,2021-10-17 06:19:46,8260.0,2500.0,1488000.0
241,2021-10-17 06:19:19,8260.0,1400.0,1485500.0
242,2021-10-17 06:19:19,8260.0,20000.0,1484100.0
243,2021-10-17 06:19:19,8270.0,1000.0,1464100.0
244,2021-10-17 06:19:19,8270.0,600.0,1463100.0
245,2021-10-17 06:19:19,8270.0,500.0,1462500.0
246,2021-10-17 06:19:19,8270.0,2000.0,1462000.0
247,2021-10-17 06:19:19,8270.0,20000.0,1460000.0
248,2021-10-17 06:19:19,8270.0,1500.0,1440000.0
249,2021-10-17 06:19:19,8290.0,3000.0,1438500.0
250,2021-10-17 06:18:36,8270.0,300.0,1435500.0
251,2021-10-17 06:18:36,8280.0,500.0,1435200.0
252,2021-10-17 06:18:36,8280.0,600.0,1434700.0
253,2021-10-17 06:18:36,8280.0,10000.0,1434100.0
254,2021-10-17 06:18:36,8280.0,500.0,1424100.0
255,2021-10-17 06:18:36,8280.0,1000.0,1423600.0
256,2021-10-17 06:18:36,8290.0,4700.0,1422600.0
257,2021-10-17 06:18:36,8290.0,30000.0,1417900.0
258,2021-10-17 06:18:36,8290.0,600.0,1387900.0
259,2021-10-17 06:18:36,8290.0,900.0,1387300.0
260,2021-10-17 06:18:36,8290.0,1200.0,1386400.0
261,2021-10-17 06:18:36,8300.0,1000.0,1385200.0
262,2021-10-17 06:18:36,8300.0,600.0,1384200.0
263,2021-10-17 06:18:11,8300.0,3400.0,1383600.0
264,2021-10-17 06:18:05,8300.0,600.0,1380200.0
265,2021-10-17 06:17:56,8300.0,1000.0,1379600.0
266,2021-10-17 06:17:51,8300.0,600.0,1378600.0
267,2021-10-17 06:17:48,8300.0,1800.0,1378000.0
268,2021-10-17 06:17:48,8300.0,100.0,1376200.0
269,2021-10-17 06:17:41,8300.0,2500.0,1376100.0
270,2021-10-17 06:17:37,8300.0,600.0,1373600.0
271,2021-10-17 06:16:55,8300.0,500.0,1373000.0
272,2021-10-17 06:16:38,8300.0,100.0,1372500.0
273,2021-10-17 06:16:38,8300.0,200.0,1372400.0
274,2021-10-17 06:16:34,8300.0,1000.0,1372200.0
275,2021-10-17 06:16:31,8300.0,300.0,1371200.0
276,2021-10-17 06:16:12,8300.0,400.0,1370900.0
277,2021-10-17 06:16:12,8300.0,8200.0,1370500.0
278,2021-10-17 06:16:12,8310.0,1000.0,1362300.0
279,2021-10-17 06:16:12,8310.0,1000.0,1361300.0
280,2021-10-17 06:16:12,8310.0,2000.0,1360300.0
281,2021-10-17 06:16:12,8310.0,1000.0,1358300.0
282,2021-10-17 06:16:12,8310.0,1100.0,1357300.0
283,2021-10-17 06:16:11,8310.0,1000.0,1356200.0
284,2021-10-17 06:15:14,8310.0,200.0,1355200.0
285,2021-10-17 06:14:49,8310.0,700.0,1355000.0
286,2021-10-17 06:14:40,8310.0,1000.0,1354300.0
287,2021-10-17 06:14:37,8310.0,1000.0,1353300.0
288,2021-10-17 06:14:26,8310.0,600.0,1352300.0
289,2021-10-17 06:14:23,8310.0,1700.0,1351700.0
290,2021-10-17 06:14:23,8310.0,3300.0,1350000.0
291,2021-10-17 06:14:15,8310.0,500.0,1346700.0
292,2021-10-17 06:14:05,8310.0,600.0,1346200.0
293,2021-10-17 06:14:03,8310.0,100.0,1345600.0
294,2021-10-17 06:14:03,8310.0,3000.0,1345500.0
295,2021-10-17 06:13:48,8310.0,600.0,1342500.0
296,2021-10-17 06:13:23,8310.0,1900.0,1341900.0
297,2021-10-17 06:13:23,8310.0,100.0,1340000.0
298,2021-10-17 06:13:00,8300.0,100.0,1339900.0
299,2021-10-17 06:12:57,8300.0,1000.0,1339800.0
300,2021-10-17 06:12:57,8300.0,100.0,1338800.0
301,2021-10-17 06:12:57,8300.0,100.0,1338700.0
302,2021-10-17 06:12:57,8300.0,100.0,1338600.0
303,2021-10-17 06:12:57,8300.0,10000.0,1338500.0
304,2021-10-17 06:12:57,8300.0,300.0,1328500.0
305,2021-10-17 06:12:57,8300.0,200.0,1328200.0
306,2021-10-17 06:12:57,8300.0,4000.0,1328000.0
307,2021-10-17 06:12:57,8300.0,5000.0,1324000.0
308,2021-10-17 06:12:57,8300.0,500.0,1319000.0
309,2021-10-17 06:12:57,8300.0,400.0,1318500.0
310,2021-10-17 06:12:42,8300.0,100.0,1318100.0
311,2021-10-17 06:12:22,8300.0,6500.0,1318000.0
312,2021-10-17 06:12:22,8300.0,100.0,1311500.0
313,2021-10-17 06:12:22,8300.0,2000.0,1311400.0
314,2021-10-17 06:12:22,8300.0,5000.0,1309400.0
315,2021-10-17 06:12:22,8300.0,400.0,1304400.0
316,2021-10-17 06:12:08,8300.0,500.0,1304000.0
317,2021-10-17 06:11:41,8290.0,800.0,1303500.0
318,2021-10-17 06:11:40,8290.0,4200.0,1302700.0
319,2021-10-17 06:11:40,8290.0,2100.0,1298500.0
320,2021-10-17 06:11:29,8290.0,500.0,1296400.0
321,2021-10-17 06:11:08,8290.0,100.0,1295900.0
322,2021-10-17 06:11:07,8290.0,100.0,1295800.0
323,2021-10-17 06:10:51,8290.0,100.0,1295700.0
324,2021-10-17 06:10:48,8290.0,300.0,1295600.0
325,2021-10-17 06:10:42,8290.0,1800.0,1295300.0
326,2021-10-17 06:10:42,8290.0,3000.0,1293500.0
327,2021-10-17 06:10:42,8290.0,200.0,1290500.0
328,2021-10-17 06:10:42,8290.0,100.0,1290300.0
329,2021-10-17 06:10:42,8290.0,4900.0,1290200.0
330,2021-10-17 06:10:21,8290.0,200.0,1285300.0
331,2021-10-17 06:10:19,8290.0,500.0,1285100.0
332,2021-10-17 06:08:35,8290.0,1000.0,1284600.0
333,2021-10-17 06:07:42,8290.0,600.0,1283600.0
334,2021-10-17 06:06:58,8290.0,2800.0,1283000.0
335,2021-10-17 06:06:58,8290.0,100.0,1280200.0
336,2021-10-17 06:06:34,8290.0,3000.0,1280100.0
337,2021-10-17 06:05:48,8290.0,400.0,1277100.0
338,2021-10-17 06:05:31,8290.0,900.0,1276700.0
339,2021-10-17 06:04:47,8290.0,100.0,1275800.0
340,2021-10-17 06:04:42,8290.0,1000.0,1275700.0
341,2021-10-17 06:03:04,8290.0,1300.0,1274700.0
342,2021-10-17 06:03:04,8290.0,500.0,1273400.0
343,2021-10-17 06:02:21,8290.0,100.0,1272900.0
344,2021-10-17 06:00:57,8290.0,300.0,1272800.0
345,2021-10-17 06:00:57,8290.0,700.0,1272500.0
346,2021-10-17 06:00:18,8280.0,200.0,1271800.0
347,2021-10-17 06:00:13,8280.0,1000.0,1271600.0
348,2021-10-17 06:00:04,8280.0,5000.0,1270600.0
349,2021-10-17 06:00:04,8280.0,100.0,1265600.0
350,2021-10-17 06:00:04,8280.0,5000.0,1265500.0
351,2021-10-17 06:00:04,8280.0,2700.0,1260500.0
352,2021-10-17 04:29:11,8280.0,700.0,1257800.0
353,2021-10-17 04:27:54,8280.0,1500.0,1257100.0
354,2021-10-17 04:23:49,8280.0,100.0,1255600.0
355,2021-10-17 04:22:30,8280.0,200.0,1255500.0
356,2021-10-17 04:22:30,8280.0,1800.0,1255300.0
357,2021-10-17 04:22:10,8290.0,300.0,1253500.0
358,2021-10-17 04:20:52,8280.0,700.0,1253200.0
359,2021-10-17 04:18:10,8300.0,1100.0,1252500.0
360,2021-10-17 04:18:10,8300.0,1500.0,1251400.0
361,2021-10-17 04:18:10,8300.0,1000.0,1249900.0
362,2021-10-17 04:18:10,8300.0,600.0,1248900.0
363,2021-10-17 04:18:10,8300.0,500.0,1248300.0
364,2021-10-17 04:18:10,8300.0,300.0,1247800.0
365,2021-10-17 04:18:10,8300.0,1600.0,1247500.0
366,2021-10-17 04:18:10,8290.0,10000.0,1245900.0
367,2021-10-17 04:18:10,8270.0,100.0,1235900.0
368,2021-10-17 04:18:10,8270.0,200.0,1235800.0
369,2021-10-17 04:18:10,8270.0,300.0,1235600.0
370,2021-10-17 04:18:10,8270.0,3000.0,1235300.0
371,2021-10-17 04:18:10,8270.0,2500.0,1232300.0
372,2021-10-17 04:18:10,8260.0,200.0,1229800.0
373,2021-10-17 04:18:10,8250.0,500.0,1229600.0
374,2021-10-17 04:18:10,8250.0,200.0,1229100.0
375,2021-10-17 04:18:10,8250.0,1000.0,1228900.0
376,2021-10-17 04:18:10,8250.0,400.0,1227900.0
377,2021-10-17 04:16:08,8250.0,100.0,1227500.0
378,2021-10-17 04:15:41,8250.0,500.0,1227400.0
379,2021-10-17 04:10:29,8250.0,9500.0,1226900.0
380,2021-10-17 04:10:29,8250.0,500.0,1217400.0
381,2021-10-17 04:09:08,8250.0,1500.0,1216900.0
382,2021-10-17 04:08:59,8250.0,500.0,1215400.0
383,2021-10-17 04:08:59,8250.0,2900.0,1214900.0
384,2021-10-17 04:08:56,8250.0,6100.0,1212000.0
385,2021-10-17 04:08:24,8250.0,100.0,1205900.0
386,2021-10-17 04:08:24,8250.0,800.0,1205800.0
387,2021-10-17 04:08:24,8250.0,100.0,1205000.0
388,2021-10-17 04:07:45,8230.0,2900.0,1204900.0
389,2021-10-17 04:04:18,8230.0,100.0,1202000.0
390,2021-10-17 04:03:29,8230.0,400.0,1201900.0
391,2021-10-17 04:01:10,8230.0,400.0,1201500.0
392,2021-10-17 04:00:50,8240.0,1000.0,1201100.0
393,2021-10-17 04:00:40,8240.0,3000.0,1200100.0
394,2021-10-17 03:59:44,8240.0,200.0,1197100.0
395,2021-10-17 03:59:32,8240.0,1000.0,1196900.0
396,2021-10-17 03:59:27,8230.0,100.0,1195900.0
397,2021-10-17 03:59:27,8230.0,100.0,1195800.0
398,2021-10-17 03:59:20,8240.0,1000.0,1195700.0
399,2021-10-17 03:57:21,8230.0,400.0,1194700.0
400,2021-10-17 03:57:21,8230.0,500.0,1194300.0
401,2021-10-17 03:57:21,8230.0,100.0,1193800.0
402,2021-10-17 03:57:21,8230.0,3000.0,1193700.0
403,2021-10-17 03:53:13,8230.0,100.0,1190700.0
404,2021-10-17 03:53:13,8230.0,200.0,1190600.0
405,2021-10-17 03:53:03,8230.0,2000.0,1190400.0
406,2021-10-17 03:50:56,8230.0,100.0,1188400.0
407,2021-10-17 03:49:52,8210.0,10000.0,1188300.0
408,2021-10-17 03:49:20,8210.0,2000.0,1178300.0
409,2021-10-17 03:49:12,8200.0,100.0,1176300.0
410,2021-10-17 03:49:12,8200.0,1900.0,1176200.0
411,2021-10-17 03:49:04,8200.0,500.0,1174300.0
412,2021-10-17 03:48:52,8200.0,1000.0,1173800.0
413,2021-10-17 03:48:43,8200.0,300.0,1172800.0
414,2021-10-17 03:48:32,8200.0,2000.0,1172500.0
415,2021-10-17 03:48:24,8200.0,1000.0,1170500.0
416,2021-10-17 03:48:15,8200.0,1000.0,1169500.0
417,2021-10-17 03:48:15,8200.0,100.0,1168500.0
418,2021-10-17 03:48:15,8200.0,1000.0,1168400.0
419,2021-10-17 03:48:15,8200.0,2900.0,1167400.0
420,2021-10-17 03:47:50,8190.0,100.0,1164500.0
421,2021-10-17 03:47:50,8190.0,900.0,1164400.0
422,2021-10-17 03:47:41,8190.0,1000.0,1163500.0
423,2021-10-17 03:47:07,8190.0,100.0,1162500.0
424,2021-10-17 03:41:32,8190.0,1000.0,1162400.0
425,2021-10-17 03:40:28,8200.0,200.0,1161400.0
426,2021-10-17 03:40:28,8200.0,300.0,1161200.0
427,2021-10-17 03:40:28,8200.0,600.0,1160900.0
428,2021-10-17 03:40:07,8200.0,2400.0,1160300.0
429,2021-10-17 03:40:07,8200.0,3000.0,1157900.0
430,2021-10-17 03:40:07,8200.0,900.0,1154900.0
431,2021-10-17 03:39:05,8200.0,10800.0,1154000.0
432,2021-10-17 03:39:05,8200.0,5000.0,1143200.0
433,2021-10-17 03:39:05,8200.0,200.0,1138200.0
434,2021-10-17 03:39:05,8200.0,3000.0,1138000.0
435,2021-10-17 03:39:05,8200.0,4500.0,1135000.0
436,2021-10-17 03:39:05,8200.0,200.0,1130500.0
437,2021-10-17 03:39:05,8200.0,500.0,1130300.0
438,2021-10-17 03:39:05,8200.0,300.0,1129800.0
439,2021-10-17 03:39:05,8200.0,600.0,1129500.0
440,2021-10-17 03:39:05,8200.0,2000.0,1128900.0
441,2021-10-17 03:39:05,8200.0,200.0,1126900.0
442,2021-10-17 03:39:05,8200.0,2000.0,1126700.0
443,2021-10-17 03:39:05,8200.0,1000.0,1124700.0
444,2021-10-17 03:39:05,8200.0,2300.0,1123700.0
445,2021-10-17 03:39:05,8210.0,3100.0,1121400.0
446,2021-10-17 03:39:05,8210.0,8100.0,1118300.0
447,2021-10-17 03:38:42,8210.0,1000.0,1110200.0
448,2021-10-17 03:38:09,8200.0,700.0,1109200.0
449,2021-10-17 03:38:09,8200.0,4300.0,1108500.0
450,2021-10-17 03:35:46,8200.0,700.0,1104200.0
451,2021-10-17 03:35:46,8210.0,1000.0,1103500.0
452,2021-10-17 03:35:24,8210.0,300.0,1102500.0
453,2021-10-17 03:35:16,8210.0,1800.0,1102200.0
454,2021-10-17 03:35:16,8210.0,100.0,1100400.0
455,2021-10-17 03:35:16,8210.0,1000.0,1100300.0
456,2021-10-17 03:34:56,8210.0,100.0,1099300.0
457,2021-10-17 03:32:42,8210.0,900.0,1099200.0
458,2021-10-17 03:32:03,8210.0,200.0,1098300.0
459,2021-10-17 03:32:03,8210.0,300.0,1098100.0
460,2021-10-17 03:32:03,8210.0,300.0,1097800.0
461,2021-10-17 03:32:03,8210.0,300.0,1097500.0
462,2021-10-17 03:31:44,8220.0,2000.0,1097200.0
463,2021-10-17 03:30:23,8210.0,100.0,1095200.0
464,2021-10-17 03:30:23,8210.0,1100.0,1095100.0
465,2021-10-17 03:30:17,8210.0,500.0,1094000.0
466,2021-10-17 03:29:22,8210.0,4000.0,1093500.0
467,2021-10-17 03:28:59,8210.0,2400.0,1089500.0
468,2021-10-17 03:27:11,8210.0,100.0,1087100.0
469,2021-10-17 03:26:43,8210.0,3000.0,1087000.0
470,2021-10-17 03:24:26,8220.0,1700.0,1084000.0
471,2021-10-17 03:24:22,8220.0,100.0,1082300.0
472,2021-10-17 03:23:42,8220.0,100.0,1082200.0
473,2021-10-17 03:22:54,8220.0,500.0,1082100.0
474,2021-10-17 03:22:45,8220.0,7600.0,1081600.0
475,2021-10-17 03:21:26,8220.0,400.0,1074000.0
476,2021-10-17 03:20:06,8220.0,1100.0,1073600.0
477,2021-10-17 03:19:57,8200.0,8900.0,1072500.0
478,2021-10-17 03:19:57,8200.0,100.0,1063600.0
479,2021-10-17 03:19:57,8200.0,1000.0,1063500.0
480,2021-10-17 03:19:33,8220.0,3000.0,1062500.0
481,2021-10-17 03:19:32,8200.0,4000.0,1059500.0
482,2021-10-17 03:19:32,8200.0,2600.0,1055500.0
483,2021-10-17 03:19:06,8220.0,300.0,1052900.0
484,2021-10-17 03:18:46,8220.0,100.0,1052600.0
485,2021-10-17 03:18:07,8210.0,700.0,1052500.0
486,2021-10-17 03:17:54,8210.0,5300.0,1051800.0
487,2021-10-17 03:17:54,8210.0,6700.0,1046500.0
488,2021-10-17 03:17:53,8200.0,100.0,1039800.0
489,2021-10-17 03:17:48,8200.0,100.0,1039700.0
490,2021-10-17 03:17:32,8200.0,900.0,1039600.0
491,2021-10-17 03:17:29,8200.0,300.0,1038700.0
492,2021-10-17 03:16:43,8200.0,11900.0,1038400.0
493,2021-10-17 03:16:36,8180.0,2300.0,1026500.0
494,2021-10-17 03:16:36,8180.0,700.0,1024200.0
495,2021-10-17 03:16:28,8200.0,20000.0,1023500.0
496,2021-10-17 03:16:22,8200.0,900.0,1003500.0
497,2021-10-17 03:16:22,8200.0,3000.0,1002600.0
498,2021-10-17 03:16:22,8200.0,300.0,999600.0
499,2021-10-17 03:16:22,8200.0,1700.0,999300.0
500,2021-10-17 03:16:22,8200.0,500.0,997600.0
501,2021-10-17 03:16:22,8200.0,1000.0,997100.0
502,2021-10-17 03:16:22,8200.0,700.0,996100.0
503,2021-10-17 03:16:10,8200.0,300.0,995400.0
504,2021-10-17 03:16:10,8200.0,1000.0,995100.0
505,2021-10-17 03:16:10,8200.0,800.0,994100.0
506,2021-10-17 03:16:01,8210.0,100.0,993300.0
507,2021-10-17 03:15:56,8200.0,4400.0,993200.0
508,2021-10-17 03:15:50,8210.0,300.0,988800.0
509,2021-10-17 03:15:50,8210.0,2400.0,988500.0
510,2021-10-17 03:15:50,8210.0,10000.0,986100.0
511,2021-10-17 03:15:50,8210.0,500.0,976100.0
512,2021-10-17 03:15:19,8220.0,500.0,975600.0
513,2021-10-17 03:15:10,8220.0,5000.0,975100.0
514,2021-10-17 03:14:43,8230.0,200.0,970100.0
515,2021-10-17 03:14:09,8230.0,1500.0,969900.0
516,2021-10-17 03:14:03,8230.0,500.0,968400.0
517,2021-10-17 03:13:47,8230.0,5000.0,967900.0
518,2021-10-17 03:13:29,8230.0,1500.0,962900.0
519,2021-10-17 03:13:15,8230.0,1500.0,961400.0
520,2021-10-17 03:13:00,8230.0,100.0,959900.0
521,2021-10-17 03:12:54,8230.0,500.0,959800.0
522,2021-10-17 03:11:50,8230.0,1300.0,959300.0
523,2021-10-17 03:11:00,8230.0,1900.0,958000.0
524,2021-10-17 03:10:51,8230.0,3100.0,956100.0
525,2021-10-17 03:10:51,8230.0,2000.0,953000.0
526,2021-10-17 03:07:48,8200.0,4800.0,951000.0
527,2021-10-17 03:07:48,8200.0,10000.0,946200.0
528,2021-10-17 03:07:48,8200.0,2000.0,936200.0
529,2021-10-17 03:07:48,8200.0,200.0,934200.0
530,2021-10-17 03:07:48,8200.0,2000.0,934000.0
531,2021-10-17 03:07:48,8200.0,2000.0,932000.0
532,2021-10-17 03:07:48,8200.0,300.0,930000.0
533,2021-10-17 03:07:48,8210.0,10000.0,929700.0
534,2021-10-17 03:07:48,8210.0,1000.0,919700.0
535,2021-10-17 03:07:48,8210.0,1500.0,918700.0
536,2021-10-17 03:07:48,8210.0,2000.0,917200.0
537,2021-10-17 03:07:48,8210.0,6500.0,915200.0
538,2021-10-17 03:07:48,8220.0,1800.0,908700.0
539,2021-10-17 03:07:48,8220.0,100.0,906900.0
540,2021-10-17 03:07:48,8220.0,5500.0,906800.0
541,2021-10-17 03:07:48,8250.0,300.0,901300.0
542,2021-10-17 03:07:16,8250.0,100.0,901000.0
543,2021-10-17 03:06:21,8250.0,400.0,900900.0
544,2021-10-17 03:05:34,8220.0,500.0,900500.0
545,2021-10-17 03:05:34,8220.0,1000.0,900000.0
546,2021-10-17 03:05:34,8220.0,12300.0,899000.0
547,2021-10-17 03:05:34,8220.0,600.0,886700.0
548,2021-10-17 03:05:34,8220.0,1100.0,886100.0
549,2021-10-17 03:05:34,8220.0,500.0,885000.0
550,2021-10-17 03:05:34,8230.0,1000.0,884500.0
551,2021-10-17 03:05:34,8230.0,500.0,883500.0
552,2021-10-17 03:05:34,8230.0,3000.0,883000.0
553,2021-10-17 03:05:34,8230.0,9000.0,880000.0
554,2021-10-17 03:05:34,8240.0,1000.0,871000.0
555,2021-10-17 03:05:34,8240.0,1000.0,870000.0
556,2021-10-17 03:05:34,8250.0,300.0,869000.0
557,2021-10-17 03:05:34,8250.0,1200.0,868700.0
558,2021-10-17 03:05:34,8250.0,10000.0,867500.0
559,2021-10-17 03:05:34,8250.0,1000.0,857500.0
560,2021-10-17 03:05:34,8250.0,1000.0,856500.0
561,2021-10-17 03:05:34,8260.0,3000.0,855500.0
562,2021-10-17 03:05:34,8260.0,1000.0,852500.0
563,2021-10-17 03:05:34,8260.0,1000.0,851500.0
564,2021-10-17 03:05:18,8270.0,1000.0,850500.0
565,2021-10-17 03:05:04,8270.0,700.0,849500.0
566,2021-10-17 03:05:04,8270.0,1000.0,848800.0
567,2021-10-17 03:05:04,8270.0,800.0,847800.0
568,2021-10-17 03:04:23,8270.0,100.0,847000.0
569,2021-10-17 03:04:13,8270.0,6100.0,846900.0
570,2021-10-17 03:04:08,8270.0,2000.0,840800.0
571,2021-10-17 03:03:46,8270.0,3000.0,838800.0
572,2021-10-17 03:03:34,8270.0,1000.0,835800.0
573,2021-10-17 03:03:31,8270.0,1000.0,834800.0
574,2021-10-17 03:03:29,8270.0,500.0,833800.0
575,2021-10-17 03:03:25,8270.0,2300.0,833300.0
576,2021-10-17 03:03:10,8270.0,1700.0,831000.0
577,2021-10-17 03:03:10,8270.0,1300.0,829300.0
578,2021-10-17 03:02:46,8270.0,1300.0,828000.0
579,2021-10-17 03:02:30,8270.0,200.0,826700.0
580,2021-10-17 03:02:30,8270.0,1000.0,826500.0
581,2021-10-17 03:02:30,8270.0,100.0,825500.0
582,2021-10-17 03:02:30,8270.0,100.0,825400.0
583,2021-10-17 03:02:30,8270.0,300.0,825300.0
584,2021-10-17 03:02:30,8270.0,600.0,825000.0
585,2021-10-17 03:02:30,8270.0,100.0,824400.0
586,2021-10-17 03:02:29,8280.0,100.0,824300.0
587,2021-10-17 03:01:40,8280.0,1600.0,824200.0
588,2021-10-17 03:01:40,8280.0,100.0,822600.0
589,2021-10-17 03:01:08,8280.0,800.0,822500.0
590,2021-10-17 03:00:53,8280.0,100.0,821700.0
591,2021-10-17 03:00:24,8280.0,500.0,821600.0
592,2021-10-17 03:00:09,8290.0,100.0,821100.0
593,2021-10-17 03:00:09,8290.0,100.0,821000.0
594,2021-10-17 02:59:58,8290.0,300.0,820900.0
595,2021-10-17 02:59:58,8290.0,100.0,820600.0
596,2021-10-17 02:59:58,8290.0,10000.0,820500.0
597,2021-10-17 02:59:58,8290.0,18700.0,810500.0
598,2021-10-17 02:59:58,8280.0,800.0,791800.0
599,2021-10-17 02:59:42,8280.0,1000.0,791000.0
600,2021-10-17 02:59:27,8280.0,200.0,790000.0
601,2021-10-17 02:59:09,8270.0,100.0,789800.0
602,2021-10-17 02:57:58,8270.0,1800.0,789700.0
603,2021-10-17 02:57:58,8270.0,2400.0,787900.0
604,2021-10-17 02:57:42,8270.0,600.0,785500.0
605,2021-10-17 02:57:42,8270.0,12000.0,784900.0
606,2021-10-17 02:57:27,8270.0,3600.0,772900.0
607,2021-10-17 02:57:19,8270.0,1000.0,769300.0
608,2021-10-17 02:57:08,8270.0,2000.0,768300.0
609,2021-10-17 02:57:04,8270.0,100.0,766300.0
610,2021-10-17 02:56:54,8270.0,10000.0,766200.0
611,2021-10-17 02:56:15,8290.0,200.0,756200.0
612,2021-10-17 02:55:34,8290.0,100.0,756000.0
613,2021-10-17 02:55:34,8290.0,3000.0,755900.0
614,2021-10-17 02:55:29,8290.0,9000.0,752900.0
615,2021-10-17 02:55:26,8300.0,100.0,743900.0
616,2021-10-17 02:55:24,8290.0,20000.0,743800.0
617,2021-10-17 02:55:12,8290.0,4200.0,723800.0
618,2021-10-17 02:55:11,8290.0,800.0,719600.0
619,2021-10-17 02:55:11,8290.0,200.0,718800.0
620,2021-10-17 02:54:58,8290.0,1300.0,718600.0
621,2021-10-17 02:54:58,8290.0,200.0,717300.0
622,2021-10-17 02:54:58,8290.0,500.0,717100.0
623,2021-10-17 02:54:58,8290.0,2000.0,716600.0
624,2021-10-17 02:54:58,8290.0,4000.0,714600.0
625,2021-10-17 02:54:58,8280.0,2000.0,710600.0
626,2021-10-17 02:54:14,8250.0,4600.0,708600.0
627,2021-10-17 02:54:14,8250.0,1000.0,704000.0
628,2021-10-17 02:54:14,8250.0,2000.0,703000.0
629,2021-10-17 02:54:14,8250.0,1300.0,701000.0
630,2021-10-17 02:54:05,8250.0,500.0,699700.0
631,2021-10-17 02:53:54,8250.0,1000.0,699200.0
632,2021-10-17 02:53:53,8250.0,3000.0,698200.0
633,2021-10-17 02:53:28,8290.0,100.0,695200.0
634,2021-10-17 02:53:20,8290.0,2800.0,695100.0
635,2021-10-17 02:53:16,8250.0,5000.0,692300.0
636,2021-10-17 02:52:56,8290.0,3100.0,687300.0
637,2021-10-17 02:52:56,8290.0,100.0,684200.0
638,2021-10-17 02:52:56,8290.0,5000.0,684100.0
639,2021-10-17 02:52:56,8290.0,6000.0,679100.0
640,2021-10-17 02:52:56,8290.0,800.0,673100.0
641,2021-10-17 02:52:35,8250.0,1000.0,672300.0
642,2021-10-17 02:52:35,8250.0,200.0,671300.0
643,2021-10-17 02:52:35,8250.0,2000.0,671100.0
644,2021-10-17 02:51:04,8220.0,1000.0,669100.0
645,2021-10-17 02:50:11,8220.0,100.0,668100.0
646,2021-10-17 02:48:08,8210.0,200.0,668000.0
647,2021-10-17 02:47:43,8210.0,700.0,667800.0
648,2021-10-17 02:47:43,8210.0,1100.0,667100.0
649,2021-10-17 02:47:43,8210.0,100.0,666000.0
650,2021-10-17 02:47:43,8210.0,5000.0,665900.0
651,2021-10-17 02:47:43,8210.0,2000.0,660900.0
652,2021-10-17 02:46:59,8290.0,200.0,658900.0
653,2021-10-17 02:46:59,8290.0,200.0,658700.0
654,2021-10-17 02:45:20,8210.0,100.0,658500.0
655,2021-10-17 02:45:19,8210.0,900.0,658400.0
656,2021-10-17 02:45:08,8210.0,700.0,657500.0
657,2021-10-17 02:45:08,8210.0,1000.0,656800.0
658,2021-10-17 02:45:08,8210.0,400.0,655800.0
659,2021-10-17 02:43:52,8210.0,200.0,655400.0
660,2021-10-17 02:43:52,8210.0,400.0,655200.0
661,2021-10-17 02:43:38,8210.0,300.0,654800.0
662,2021-10-17 02:43:32,8210.0,100.0,654500.0
663,2021-10-17 02:43:30,8200.0,2000.0,654400.0
664,2021-10-17 02:43:30,8200.0,300.0,652400.0
665,2021-10-17 02:43:30,8200.0,200.0,652100.0
666,2021-10-17 02:42:59,8210.0,100.0,651900.0
667,2021-10-17 02:42:27,8210.0,2900.0,651800.0
668,2021-10-17 02:42:24,8210.0,100.0,648900.0
669,2021-10-17 02:42:21,8210.0,5000.0,648800.0
670,2021-10-17 02:42:13,8210.0,3000.0,643800.0
671,2021-10-17 02:42:03,8210.0,5100.0,640800.0
672,2021-10-17 02:41:45,8210.0,3000.0,635700.0
673,2021-10-17 02:41:31,8200.0,200.0,632700.0
674,2021-10-17 02:41:08,8200.0,2600.0,632500.0
675,2021-10-17 02:41:03,8200.0,2600.0,629900.0
676,2021-10-17 02:41:01,8200.0,1300.0,627300.0
677,2021-10-17 02:40:57,8200.0,1000.0,626000.0
678,2021-10-17 02:40:57,8200.0,1000.0,625000.0
679,2021-10-17 02:40:57,8200.0,600.0,624000.0
680,2021-10-17 02:40:57,8200.0,400.0,623400.0
681,2021-10-17 02:40:57,8200.0,500.0,623000.0
682,2021-10-17 02:40:57,8200.0,10000.0,622500.0
683,2021-10-17 02:40:57,8200.0,1000.0,612500.0
684,2021-10-17 02:40:57,8200.0,1000.0,611500.0
685,2021-10-17 02:40:57,8200.0,500.0,610500.0
686,2021-10-17 02:40:57,8210.0,5000.0,610000.0
687,2021-10-17 02:40:57,8210.0,500.0,605000.0
688,2021-10-17 02:40:34,8210.0,300.0,604500.0
689,2021-10-17 02:40:34,8210.0,500.0,604200.0
690,2021-10-17 02:40:06,8220.0,2000.0,603700.0
691,2021-10-17 02:38:03,8300.0,100.0,601700.0
692,2021-10-17 02:37:58,8300.0,8200.0,601600.0
693,2021-10-17 02:37:58,8300.0,400.0,593400.0
694,2021-10-17 02:37:58,8300.0,1400.0,593000.0
695,2021-10-17 02:37:46,8300.0,3600.0,591600.0
696,2021-10-17 02:37:46,8300.0,200.0,588000.0
697,2021-10-17 02:37:46,8300.0,100.0,587800.0
698,2021-10-17 02:37:46,8300.0,300.0,587700.0
699,2021-10-17 02:37:46,8260.0,5400.0,587400.0
700,2021-10-17 02:37:46,8260.0,200.0,582000.0
701,2021-10-17 02:37:36,8200.0,600.0,581800.0
702,2021-10-17 02:37:22,8260.0,1800.0,581200.0
703,2021-10-17 02:37:21,8200.0,1100.0,579400.0
704,2021-10-17 02:37:18,8200.0,1000.0,578300.0
705,2021-10-17 02:37:17,8200.0,1000.0,577300.0
706,2021-10-17 02:37:05,8200.0,1000.0,576300.0
707,2021-10-17 02:37:01,8200.0,100.0,575300.0
708,2021-10-17 02:37:01,8200.0,8800.0,575200.0
709,2021-10-17 02:37:01,8200.0,100.0,566400.0
710,2021-10-17 02:37:01,8200.0,1000.0,566300.0
711,2021-10-17 02:37:01,8200.0,5000.0,565300.0
712,2021-10-17 02:37:01,8210.0,900.0,560300.0
713,2021-10-17 02:36:58,8210.0,100.0,559400.0
714,2021-10-17 02:36:27,8200.0,1000.0,559300.0
715,2021-10-17 02:36:27,8200.0,100.0,558300.0
716,2021-10-17 02:36:27,8200.0,300.0,558200.0
717,2021-10-17 02:36:27,8200.0,1200.0,557900.0
718,2021-10-17 02:36:27,8200.0,1000.0,556700.0
719,2021-10-17 02:36:27,8200.0,2000.0,555700.0
720,2021-10-17 02:36:27,8200.0,400.0,553700.0
721,2021-10-17 02:36:27,8200.0,9000.0,553300.0
722,2021-10-17 02:36:20,8200.0,6000.0,544300.0
723,2021-10-17 02:35:47,8190.0,1000.0,538300.0
724,2021-10-17 02:35:46,8190.0,200.0,537300.0
725,2021-10-17 02:35:25,8190.0,2000.0,537100.0
726,2021-10-17 02:35:03,8190.0,10000.0,535100.0
727,2021-10-17 02:35:03,8190.0,1000.0,525100.0
728,2021-10-17 02:35:03,8190.0,5400.0,524100.0
729,2021-10-17 02:35:03,8190.0,1600.0,518700.0
730,2021-10-17 02:35:03,8200.0,5000.0,517100.0
731,2021-10-17 02:34:46,8190.0,2000.0,512100.0
732,2021-10-17 02:34:46,8190.0,2000.0,510100.0
733,2021-10-17 02:34:46,8190.0,500.0,508100.0
734,2021-10-17 02:34:46,8190.0,3900.0,507600.0
735,2021-10-17 02:34:35,8190.0,1000.0,503700.0
736,2021-10-17 02:33:56,8180.0,100.0,502700.0
737,2021-10-17 02:33:56,8180.0,1200.0,502600.0
738,2021-10-17 02:33:48,8180.0,13300.0,501400.0
739,2021-10-17 02:33:47,8180.0,500.0,488100.0
740,2021-10-17 02:33:37,8180.0,600.0,487600.0
741,2021-10-17 02:33:21,8180.0,1000.0,487000.0
742,2021-10-17 02:33:21,8180.0,400.0,486000.0
743,2021-10-17 02:33:17,8180.0,300.0,485600.0
744,2021-10-17 02:32:42,8180.0,200.0,485300.0
745,2021-10-17 02:32:31,8180.0,1500.0,485100.0
746,2021-10-17 02:32:18,8160.0,100.0,483600.0
747,2021-10-17 02:31:32,8160.0,100.0,483500.0
748,2021-10-17 02:31:05,8150.0,400.0,483400.0
749,2021-10-17 02:31:05,8150.0,900.0,483000.0
750,2021-10-17 02:31:05,8160.0,10000.0,482100.0
751,2021-10-17 02:31:05,8160.0,2000.0,472100.0
752,2021-10-17 02:31:05,8160.0,1500.0,470100.0
753,2021-10-17 02:31:05,8160.0,200.0,468600.0
754,2021-10-17 02:30:51,8190.0,100.0,468400.0
755,2021-10-17 02:30:51,8180.0,100.0,468300.0
756,2021-10-17 02:30:50,8180.0,1300.0,468200.0
757,2021-10-17 02:30:27,8160.0,800.0,466900.0
758,2021-10-17 02:30:13,8160.0,500.0,466100.0
759,2021-10-17 02:29:49,8160.0,500.0,465600.0
760,2021-10-17 02:29:38,8180.0,1000.0,465100.0
761,2021-10-17 02:28:42,8180.0,2600.0,464100.0
762,2021-10-17 02:28:42,8180.0,2200.0,461500.0
763,2021-10-17 02:28:42,8170.0,100.0,459300.0
764,2021-10-17 02:28:42,8170.0,100.0,459200.0
765,2021-10-17 02:28:13,8160.0,200.0,459100.0
766,2021-10-17 02:28:13,8160.0,100.0,458900.0
767,2021-10-17 02:27:59,8150.0,100.0,458800.0
768,2021-10-17 02:27:59,8150.0,4000.0,458700.0
769,2021-10-17 02:27:59,8150.0,200.0,454700.0
770,2021-10-17 02:27:59,8150.0,200.0,454500.0
771,2021-10-17 02:27:58,8160.0,800.0,454300.0
772,2021-10-17 02:27:53,8160.0,2000.0,453500.0
773,2021-10-17 02:27:53,8160.0,2000.0,451500.0
774,2021-10-17 02:27:53,8160.0,8000.0,449500.0
775,2021-10-17 02:27:53,8160.0,10000.0,441500.0
776,2021-10-17 02:27:53,8160.0,100.0,431500.0
777,2021-10-17 02:27:53,8160.0,1000.0,431400.0
778,2021-10-17 02:27:53,8160.0,500.0,430400.0
779,2021-10-17 02:27:53,8160.0,500.0,429900.0
780,2021-10-17 02:27:26,8160.0,1000.0,429400.0
781,2021-10-17 02:26:30,8160.0,1000.0,428400.0
782,2021-10-17 02:26:22,8160.0,500.0,427400.0
783,2021-10-17 02:26:00,8160.0,700.0,426900.0
784,2021-10-17 02:26:00,8160.0,4400.0,426200.0
785,2021-10-17 02:25:29,8160.0,100.0,421800.0
786,2021-10-17 02:25:25,8160.0,14300.0,421700.0
787,2021-10-17 02:25:06,8180.0,500.0,407400.0
788,2021-10-17 02:24:58,8180.0,500.0,406900.0
789,2021-10-17 02:24:48,8180.0,6800.0,406400.0
790,2021-10-17 02:24:36,8180.0,1000.0,399600.0
791,2021-10-17 02:24:35,8180.0,2200.0,398600.0
792,2021-10-17 02:24:35,8180.0,4800.0,396400.0
793,2021-10-17 02:24:21,8180.0,200.0,391600.0
794,2021-10-17 02:24:15,8190.0,100.0,391400.0
795,2021-10-17 02:24:08,8190.0,5000.0,391300.0
796,2021-10-17 02:24:08,8190.0,5000.0,386300.0
797,2021-10-17 02:24:08,8190.0,100.0,381300.0
798,2021-10-17 02:24:07,8200.0,200.0,381200.0
799,2021-10-17 02:24:07,8200.0,700.0,381000.0
800,2021-10-17 02:23:48,8200.0,300.0,380300.0
801,2021-10-17 02:23:39,8200.0,200.0,380000.0
802,2021-10-17 02:23:39,8200.0,100.0,379800.0
803,2021-10-17 02:23:39,8200.0,2000.0,379700.0
804,2021-10-17 02:23:39,8200.0,400.0,377700.0
805,2021-10-17 02:23:39,8200.0,1000.0,377300.0
806,2021-10-17 02:23:39,8200.0,5000.0,376300.0
807,2021-10-17 02:23:39,8200.0,2500.0,371300.0
808,2021-10-17 02:23:39,8210.0,10000.0,368800.0
809,2021-10-17 02:23:39,8210.0,1000.0,358800.0
810,2021-10-17 02:23:39,8220.0,7500.0,357800.0
811,2021-10-17 02:23:23,8210.0,2000.0,350300.0
812,2021-10-17 02:23:19,8210.0,5700.0,348300.0
813,2021-10-17 02:23:01,8210.0,5900.0,342600.0
814,2021-10-17 02:22:34,8210.0,2600.0,336700.0
815,2021-10-17 02:21:50,8200.0,200.0,334100.0
816,2021-10-17 02:21:44,8200.0,200.0,333900.0
817,2021-10-17 02:21:32,8200.0,100.0,333700.0
818,2021-10-17 02:21:32,8210.0,1100.0,333600.0
819,2021-10-17 02:21:27,8210.0,4700.0,332500.0
820,2021-10-17 02:21:27,8210.0,300.0,327800.0
821,2021-10-17 02:20:57,8210.0,4700.0,327500.0
822,2021-10-17 02:20:49,8210.0,300.0,322800.0
823,2021-10-17 02:20:24,8200.0,2500.0,322500.0
824,2021-10-17 02:20:13,8200.0,3500.0,320000.0
825,2021-10-17 02:20:13,8200.0,800.0,316500.0
826,2021-10-17 02:20:13,8200.0,1400.0,315700.0
827,2021-10-17 02:20:13,8200.0,1000.0,314300.0
828,2021-10-17 02:20:13,8200.0,5000.0,313300.0
829,2021-10-17 02:20:13,8200.0,500.0,308300.0
830,2021-10-17 02:20:13,8200.0,100.0,307800.0
831,2021-10-17 02:20:13,8200.0,1000.0,307700.0
832,2021-10-17 02:20:13,8200.0,1100.0,306700.0
833,2021-10-17 02:20:13,8200.0,400.0,305600.0
834,2021-10-17 02:20:13,8200.0,7600.0,305200.0
835,2021-10-17 02:20:13,8210.0,1000.0,297600.0
836,2021-10-17 02:20:13,8220.0,4100.0,296600.0
837,2021-10-17 02:20:01,8200.0,6000.0,292500.0
838,2021-10-17 02:20:01,8210.0,4000.0,286500.0
839,2021-10-17 02:19:37,8200.0,1000.0,282500.0
840,2021-10-17 02:19:31,8200.0,2000.0,281500.0
841,2021-10-17 02:19:21,8200.0,8400.0,279500.0
842,2021-10-17 02:19:21,8200.0,5000.0,271100.0
843,2021-10-17 02:19:21,8200.0,3000.0,266100.0
844,2021-10-17 02:19:21,8200.0,200.0,263100.0
845,2021-10-17 02:19:21,8200.0,400.0,262900.0
846,2021-10-17 02:19:20,8250.0,100.0,262500.0
847,2021-10-17 02:19:09,8200.0,500.0,262400.0
848,2021-10-17 02:19:04,8200.0,200.0,261900.0
849,2021-10-17 02:19:02,8200.0,1200.0,261700.0
850,2021-10-17 02:19:02,8200.0,1800.0,260500.0
851,2021-10-17 02:18:44,8200.0,100.0,258700.0
852,2021-10-17 02:18:36,8200.0,1200.0,258600.0
853,2021-10-17 02:18:36,8200.0,300.0,257400.0
854,2021-10-17 02:18:36,8200.0,200.0,257100.0
855,2021-10-17 02:18:36,8200.0,1400.0,256900.0
856,2021-10-17 02:18:35,8200.0,400.0,255500.0
857,2021-10-17 02:18:17,8200.0,7000.0,255100.0
858,2021-10-17 02:18:14,8200.0,100.0,248100.0
859,2021-10-17 02:18:14,8190.0,3900.0,248000.0
860,2021-10-17 02:18:07,8190.0,100.0,244100.0
861,2021-10-17 02:18:07,8190.0,6000.0,244000.0
862,2021-10-17 02:17:53,8190.0,1000.0,238000.0
863,2021-10-17 02:17:40,8190.0,900.0,237000.0
864,2021-10-17 02:17:40,8190.0,1000.0,236100.0
865,2021-10-17 02:17:39,8190.0,1800.0,235100.0
866,2021-10-17 02:17:35,8190.0,200.0,233300.0
867,2021-10-17 02:17:35,8190.0,2000.0,233100.0
868,2021-10-17 02:17:35,8190.0,3100.0,231100.0
869,2021-10-17 02:17:34,8200.0,1900.0,228000.0
870,2021-10-17 02:17:34,8200.0,2000.0,226100.0
871,2021-10-17 02:17:23,8190.0,100.0,224100.0
872,2021-10-17 02:17:14,8190.0,500.0,224000.0
873,2021-10-17 02:17:14,8190.0,300.0,223500.0
874,2021-10-17 02:17:12,8190.0,100.0,223200.0
875,2021-10-17 02:16:46,8120.0,100.0,223100.0
876,2021-10-17 02:16:37,8190.0,200.0,223000.0
877,2021-10-17 02:16:33,8120.0,1000.0,222800.0
878,2021-10-17 02:16:33,8200.0,100.0,221800.0
879,2021-10-17 02:16:12,8200.0,5000.0,221700.0
880,2021-10-17 02:16:00,8200.0,5000.0,216700.0
881,2021-10-17 02:15:46,8200.0,100.0,211700.0
882,2021-10-17 02:15:41,8200.0,10000.0,211600.0
883,2021-10-17 02:15:37,8200.0,2700.0,201600.0
884,2021-10-17 02:15:35,8200.0,100.0,198900.0
885,2021-10-17 02:15:26,8210.0,25000.0,198800.0
886,2021-10-17 02:15:10,8300.0,1000.0,173800.0
887,2021-10-17 02:15:00,8350.0,500.0,172800.0
888,2021-10-17 02:15:00,8350.0,3400.0,172300.0
889,2021-10-17 02:15:00,8350.0,26600.0,168900.0
890,2021-10-17 02:15:00,8350.0,200.0,142300.0
891,2021-10-17 02:15:00,8350.0,100.0,142100.0
892,2021-10-17 02:15:00,8350.0,200.0,142000.0
893,2021-10-17 02:15:00,8350.0,100.0,141800.0
894,2021-10-17 02:15:00,8350.0,100.0,141700.0
895,2021-10-17 02:15:00,8350.0,5600.0,141600.0
896,2021-10-17 02:15:00,8350.0,100.0,136000.0
897,2021-10-17 02:15:00,8350.0,400.0,135900.0
898,2021-10-17 02:15:00,8350.0,5000.0,135500.0
899,2021-10-17 02:15:00,8350.0,10000.0,130500.0
900,2021-10-17 02:15:00,8350.0,1600.0,120500.0
901,2021-10-17 02:15:00,8350.0,3400.0,118900.0
902,2021-10-17 02:15:00,8350.0,5000.0,115500.0
903,2021-10-17 02:15:00,8350.0,1600.0,110500.0
904,2021-10-17 02:15:00,8350.0,1400.0,108900.0
905,2021-10-17 02:15:00,8350.0,900.0,107500.0
906,2021-10-17 02:15:00,8350.0,300.0,106600.0
907,2021-10-17 02:15:00,8350.0,500.0,106300.0
908,2021-10-17 02:15:00,8350.0,2900.0,105800.0
909,2021-10-17 02:15:00,8350.0,1000.0,102900.0
910,2021-10-17 02:15:00,8350.0,1000.0,101900.0
911,2021-10-17 02:15:00,8350.0,1000.0,100900.0
912,2021-10-17 02:15:00,8350.0,7900.0,99900.0
913,2021-10-17 02:15:00,8350.0,1400.0,92000.0
914,2021-10-17 02:15:00,8350.0,800.0,90600.0
915,2021-10-17 02:15:00,8350.0,9200.0,89800.0
916,2021-10-17 02:15:00,8350.0,100.0,80600.0
917,2021-10-17 02:15:00,8350.0,500.0,80500.0
918,2021-10-17 02:15:00,8350.0,2000.0,80000.0
919,2021-10-17 02:15:00,8350.0,1400.0,78000.0
920,2021-10-17 02:15:00,8350.0,1000.0,76600.0
921,2021-10-17 02:15:00,8350.0,10100.0,75600.0
922,2021-10-17 02:15:00,8350.0,5000.0,65500.0
923,2021-10-17 02:15:00,8350.0,7000.0,60500.0
924,2021-10-17 02:15:00,8350.0,4700.0,53500.0
925,2021-10-17 02:15:00,8350.0,100.0,48800.0
926,2021-10-17 02:15:00,8350.0,900.0,48700.0
927,2021-10-17 02:15:00,8350.0,3000.0,47800.0
928,2021-10-17 02:15:00,8350.0,6100.0,44800.0
929,2021-10-17 02:15:00,8350.0,100.0,38700.0
930,2021-10-17 02:15:00,8350.0,10000.0,38600.0
931,2021-10-17 02:15:00,8350.0,500.0,28600.0
932,2021-10-17 02:15:00,8350.0,300.0,28100.0
933,2021-10-17 02:15:00,8350.0,100.0,27800.0
934,2021-10-17 02:15:00,8350.0,500.0,27700.0
935,2021-10-17 02:15:00,8350.0,1000.0,27200.0
936,2021-10-17 02:15:00,8350.0,3000.0,26200.0
937,2021-10-17 02:15:00,8350.0,3000.0,23200.0
938,2021-10-17 02:15:00,8350.0,5400.0,20200.0
939,2021-10-17 02:15:00,8350.0,14600.0,14800.0
940,2021-10-17 02:15:00,8350.0,200.0,200.0
