,Time,Price,Volume_per_trade,Volume
0,2021-10-19 14:45:03,124500.0,4900.0,149520.0
1,2021-10-19 14:30:00,124500.0,500.0,144620.0
2,2021-10-19 14:29:12,124500.0,100.0,144120.0
3,2021-10-19 14:28:58,124700.0,500.0,144020.0
4,2021-10-19 14:28:18,124300.0,100.0,143520.0
5,2021-10-19 14:28:16,124700.0,500.0,143420.0
6,2021-10-19 14:27:22,125000.0,300.0,142920.0
7,2021-10-19 14:27:14,125000.0,100.0,142620.0
8,2021-10-19 14:27:13,124500.0,200.0,142520.0
9,2021-10-19 14:26:35,125000.0,100.0,142320.0
10,2021-10-19 14:26:32,125000.0,500.0,142220.0
11,2021-10-19 14:26:31,125000.0,200.0,141720.0
12,2021-10-19 14:26:30,125000.0,300.0,141520.0
13,2021-10-19 14:26:21,125000.0,4900.0,141220.0
14,2021-10-19 14:26:09,125900.0,100.0,136320.0
15,2021-10-19 14:25:56,125100.0,1000.0,136220.0
16,2021-10-19 14:25:32,125800.0,100.0,135220.0
17,2021-10-19 14:25:31,126000.0,300.0,135120.0
18,2021-10-19 14:24:43,126000.0,2000.0,134820.0
19,2021-10-19 14:24:41,126000.0,1000.0,132820.0
20,2021-10-19 14:24:25,125800.0,400.0,131820.0
21,2021-10-19 14:24:15,125900.0,300.0,131420.0
22,2021-10-19 14:24:01,125900.0,300.0,131120.0
23,2021-10-19 14:23:58,125800.0,500.0,130820.0
24,2021-10-19 14:23:34,125900.0,400.0,130320.0
25,2021-10-19 14:23:16,126000.0,200.0,129920.0
26,2021-10-19 14:23:08,125900.0,90.0,129720.0
27,2021-10-19 14:22:46,125900.0,100.0,129630.0
28,2021-10-19 14:20:39,125900.0,200.0,129530.0
29,2021-10-19 14:18:19,126800.0,300.0,129330.0
30,2021-10-19 14:18:05,126800.0,600.0,129030.0
31,2021-10-19 14:17:39,127000.0,100.0,128430.0
32,2021-10-19 14:15:59,126900.0,900.0,128330.0
33,2021-10-19 14:14:23,126800.0,500.0,127430.0
34,2021-10-19 14:12:36,126800.0,40.0,126930.0
35,2021-10-19 14:11:31,126800.0,600.0,126890.0
36,2021-10-19 14:10:53,126800.0,100.0,126290.0
37,2021-10-19 14:10:28,127000.0,600.0,126190.0
38,2021-10-19 14:08:56,126800.0,50.0,125590.0
39,2021-10-19 14:08:31,126800.0,200.0,125540.0
40,2021-10-19 14:08:20,126800.0,300.0,125340.0
41,2021-10-19 14:08:14,126000.0,800.0,125040.0
42,2021-10-19 14:07:49,126800.0,500.0,124240.0
43,2021-10-19 14:07:28,126800.0,24.0,123740.0
44,2021-10-19 14:06:45,126800.0,1000.0,123716.0
45,2021-10-19 14:05:57,126800.0,100.0,122716.0
46,2021-10-19 14:05:28,126800.0,100.0,122616.0
47,2021-10-19 14:04:46,126800.0,100.0,122516.0
48,2021-10-19 14:03:38,126800.0,100.0,122416.0
49,2021-10-19 14:02:11,126800.0,300.0,122316.0
50,2021-10-19 14:02:06,126800.0,600.0,122016.0
51,2021-10-19 14:01:25,126800.0,200.0,121416.0
52,2021-10-19 14:00:38,126800.0,300.0,121216.0
53,2021-10-19 14:00:08,126800.0,200.0,120916.0
54,2021-10-19 13:59:57,126900.0,100.0,120716.0
55,2021-10-19 13:59:30,126800.0,500.0,120616.0
56,2021-10-19 13:59:16,126800.0,200.0,120116.0
57,2021-10-19 13:58:37,126800.0,300.0,119916.0
58,2021-10-19 13:58:07,126000.0,400.0,119616.0
59,2021-10-19 13:57:49,126000.0,100.0,119216.0
60,2021-10-19 13:57:39,126800.0,100.0,119116.0
61,2021-10-19 13:57:25,126800.0,100.0,119016.0
62,2021-10-19 13:57:10,125700.0,600.0,118916.0
63,2021-10-19 13:57:03,128000.0,100.0,118316.0
64,2021-10-19 13:56:50,128000.0,100.0,118216.0
65,2021-10-19 13:56:35,128000.0,300.0,118116.0
66,2021-10-19 13:56:01,127900.0,5000.0,117816.0
67,2021-10-19 13:54:06,125500.0,100.0,112816.0
68,2021-10-19 13:52:21,125000.0,5.0,112716.0
69,2021-10-19 13:49:32,125000.0,1000.0,112711.0
70,2021-10-19 13:49:08,126000.0,300.0,111711.0
71,2021-10-19 13:48:49,126500.0,500.0,111411.0
72,2021-10-19 13:46:40,128100.0,100.0,110911.0
73,2021-10-19 13:46:20,128000.0,1100.0,110811.0
74,2021-10-19 13:45:53,128100.0,500.0,109711.0
75,2021-10-19 13:44:54,128200.0,300.0,109211.0
76,2021-10-19 13:43:50,128200.0,20.0,108911.0
77,2021-10-19 13:42:08,128200.0,1000.0,108891.0
78,2021-10-19 13:41:09,129100.0,30.0,107891.0
79,2021-10-19 13:39:40,129100.0,17.0,107861.0
80,2021-10-19 13:35:24,129100.0,200.0,107844.0
81,2021-10-19 13:32:02,129100.0,100.0,107644.0
82,2021-10-19 13:31:37,129100.0,33.0,107544.0
83,2021-10-19 13:31:16,129100.0,300.0,107511.0
84,2021-10-19 13:30:43,129900.0,2000.0,107211.0
85,2021-10-19 13:30:08,129000.0,400.0,105211.0
86,2021-10-19 13:29:26,129100.0,200.0,104811.0
87,2021-10-19 13:28:59,129500.0,100.0,104611.0
88,2021-10-19 13:27:15,129100.0,300.0,104511.0
89,2021-10-19 13:26:28,129000.0,1000.0,104211.0
90,2021-10-19 13:26:22,129100.0,300.0,103211.0
91,2021-10-19 13:25:24,129900.0,1000.0,102911.0
92,2021-10-19 13:23:10,129900.0,10.0,101911.0
93,2021-10-19 13:22:01,129900.0,200.0,101901.0
94,2021-10-19 13:21:33,129900.0,500.0,101701.0
95,2021-10-19 13:16:12,129900.0,200.0,101201.0
96,2021-10-19 13:15:08,129900.0,400.0,101001.0
97,2021-10-19 13:14:21,129100.0,200.0,100601.0
98,2021-10-19 13:13:32,129000.0,100.0,100401.0
99,2021-10-19 13:13:12,128200.0,300.0,100301.0
100,2021-10-19 13:12:37,128500.0,100.0,100001.0
101,2021-10-19 13:05:58,128100.0,100.0,99901.0
102,2021-10-19 13:04:15,128100.0,300.0,99801.0
103,2021-10-19 13:01:21,128000.0,200.0,99501.0
104,2021-10-19 13:01:14,128000.0,500.0,99301.0
105,2021-10-19 13:00:50,128000.0,1800.0,98801.0
106,2021-10-19 13:00:03,130000.0,500.0,97001.0
107,2021-10-19 11:29:47,130000.0,200.0,96501.0
108,2021-10-19 11:29:08,130000.0,100.0,96301.0
109,2021-10-19 11:28:55,130000.0,100.0,96201.0
110,2021-10-19 11:28:53,130000.0,300.0,96101.0
111,2021-10-19 11:26:58,130000.0,100.0,95801.0
112,2021-10-19 11:24:15,130000.0,1000.0,95701.0
113,2021-10-19 11:23:48,130000.0,500.0,94701.0
114,2021-10-19 11:23:40,131000.0,100.0,94201.0
115,2021-10-19 11:18:36,131000.0,200.0,94101.0
116,2021-10-19 11:18:12,131000.0,200.0,93901.0
117,2021-10-19 11:18:07,131000.0,300.0,93701.0
118,2021-10-19 11:17:58,131000.0,500.0,93401.0
119,2021-10-19 11:17:36,131000.0,100.0,92901.0
120,2021-10-19 11:17:28,131000.0,200.0,92801.0
121,2021-10-19 11:16:56,130000.0,500.0,92601.0
122,2021-10-19 11:16:38,130000.0,100.0,92101.0
123,2021-10-19 11:16:05,130000.0,200.0,92001.0
124,2021-10-19 11:15:57,130000.0,300.0,91801.0
125,2021-10-19 11:15:19,130000.0,100.0,91501.0
126,2021-10-19 11:14:14,130000.0,100.0,91401.0
127,2021-10-19 11:13:14,130000.0,300.0,91301.0
128,2021-10-19 11:12:02,130000.0,200.0,91001.0
129,2021-10-19 11:10:16,124000.0,500.0,90801.0
130,2021-10-19 11:08:07,132000.0,200.0,90301.0
131,2021-10-19 11:07:52,132000.0,300.0,90101.0
132,2021-10-19 11:07:47,132000.0,300.0,89801.0
133,2021-10-19 11:07:43,132000.0,1200.0,89501.0
134,2021-10-19 11:07:37,123100.0,600.0,88301.0
135,2021-10-19 11:07:27,130000.0,100.0,87701.0
136,2021-10-19 11:06:56,131000.0,200.0,87601.0
137,2021-10-19 11:06:46,131000.0,100.0,87401.0
138,2021-10-19 11:05:58,122500.0,100.0,87301.0
139,2021-10-19 11:05:09,122000.0,100.0,87201.0
140,2021-10-19 11:05:05,121000.0,2000.0,87101.0
141,2021-10-19 11:04:42,122000.0,1200.0,85101.0
142,2021-10-19 11:04:32,122000.0,100.0,83901.0
143,2021-10-19 11:04:05,122000.0,1000.0,83801.0
144,2021-10-19 11:04:02,122000.0,100.0,82801.0
145,2021-10-19 11:04:01,122000.0,400.0,82701.0
146,2021-10-19 11:03:51,121000.0,100.0,82301.0
147,2021-10-19 11:03:47,122000.0,100.0,82201.0
148,2021-10-19 11:03:32,122000.0,100.0,82101.0
149,2021-10-19 11:03:27,122000.0,500.0,82001.0
150,2021-10-19 11:03:26,122000.0,100.0,81501.0
151,2021-10-19 11:03:25,122000.0,200.0,81401.0
152,2021-10-19 11:03:11,125000.0,1900.0,81201.0
153,2021-10-19 11:02:20,130000.0,100.0,79301.0
154,2021-10-19 11:02:19,132000.0,100.0,79201.0
155,2021-10-19 11:02:07,130000.0,200.0,79101.0
156,2021-10-19 11:01:29,132000.0,100.0,78901.0
157,2021-10-19 11:01:20,132000.0,100.0,78801.0
158,2021-10-19 11:01:15,132000.0,1000.0,78701.0
159,2021-10-19 11:00:52,132000.0,200.0,77701.0
160,2021-10-19 11:00:44,132300.0,75.0,77501.0
161,2021-10-19 11:00:30,132300.0,400.0,77426.0
162,2021-10-19 10:58:26,132500.0,400.0,77026.0
163,2021-10-19 10:57:59,132500.0,600.0,76626.0
164,2021-10-19 10:57:48,132500.0,2400.0,76026.0
165,2021-10-19 10:56:29,132500.0,3000.0,73626.0
166,2021-10-19 10:54:39,134000.0,100.0,70626.0
167,2021-10-19 10:53:29,134000.0,200.0,70526.0
168,2021-10-19 10:52:26,134000.0,100.0,70326.0
169,2021-10-19 10:48:37,134000.0,300.0,70226.0
170,2021-10-19 10:47:53,134000.0,900.0,69926.0
171,2021-10-19 10:47:52,133300.0,100.0,69026.0
172,2021-10-19 10:47:01,133000.0,100.0,68926.0
173,2021-10-19 10:46:01,133000.0,100.0,68826.0
174,2021-10-19 10:45:10,133000.0,200.0,68726.0
175,2021-10-19 10:45:00,133000.0,100.0,68526.0
176,2021-10-19 10:44:39,133000.0,500.0,68426.0
177,2021-10-19 10:44:26,133100.0,59.0,67926.0
178,2021-10-19 10:44:15,133100.0,300.0,67867.0
179,2021-10-19 10:44:02,133900.0,100.0,67567.0
180,2021-10-19 10:43:15,133900.0,100.0,67467.0
181,2021-10-19 10:41:29,134000.0,800.0,67367.0
182,2021-10-19 10:41:13,135000.0,700.0,66567.0
183,2021-10-19 10:40:42,134000.0,500.0,65867.0
184,2021-10-19 10:40:16,134300.0,300.0,65367.0
185,2021-10-19 10:38:25,134500.0,700.0,65067.0
186,2021-10-19 10:37:33,134800.0,100.0,64367.0
187,2021-10-19 10:37:18,134500.0,1500.0,64267.0
188,2021-10-19 10:36:57,134800.0,100.0,62767.0
189,2021-10-19 10:31:01,134500.0,500.0,62667.0
190,2021-10-19 10:30:56,134800.0,200.0,62167.0
191,2021-10-19 10:30:44,134500.0,500.0,61967.0
192,2021-10-19 10:29:40,134800.0,100.0,61467.0
193,2021-10-19 10:27:37,135000.0,1000.0,61367.0
194,2021-10-19 10:24:29,135000.0,300.0,60367.0
195,2021-10-19 10:20:53,135500.0,500.0,60067.0
196,2021-10-19 10:20:45,135000.0,500.0,59567.0
197,2021-10-19 10:18:48,135000.0,100.0,59067.0
198,2021-10-19 10:18:08,135000.0,100.0,58967.0
199,2021-10-19 10:17:35,135000.0,1900.0,58867.0
200,2021-10-19 10:14:45,135000.0,100.0,56967.0
201,2021-10-19 10:14:42,135000.0,300.0,56867.0
202,2021-10-19 10:14:25,135000.0,100.0,56567.0
203,2021-10-19 10:14:04,135000.0,500.0,56467.0
204,2021-10-19 10:13:04,135000.0,700.0,55967.0
205,2021-10-19 10:11:12,135500.0,100.0,55267.0
206,2021-10-19 10:10:17,135000.0,500.0,55167.0
207,2021-10-19 10:07:21,135000.0,200.0,54667.0
208,2021-10-19 10:06:43,135000.0,100.0,54467.0
209,2021-10-19 10:04:33,135000.0,100.0,54367.0
210,2021-10-19 10:03:38,135000.0,300.0,54267.0
211,2021-10-19 10:02:52,135000.0,3000.0,53967.0
212,2021-10-19 10:01:12,135200.0,245.0,50967.0
213,2021-10-19 09:52:44,135000.0,2000.0,50722.0
214,2021-10-19 09:51:46,135900.0,500.0,48722.0
215,2021-10-19 09:51:36,135000.0,1400.0,48222.0
216,2021-10-19 09:50:56,136000.0,200.0,46822.0
217,2021-10-19 09:50:09,135900.0,200.0,46622.0
218,2021-10-19 09:49:47,136000.0,100.0,46422.0
219,2021-10-19 09:49:18,136000.0,100.0,46322.0
220,2021-10-19 09:49:12,136000.0,100.0,46222.0
221,2021-10-19 09:48:59,136000.0,1100.0,46122.0
222,2021-10-19 09:48:39,136000.0,2000.0,45022.0
223,2021-10-19 09:47:41,136000.0,300.0,43022.0
224,2021-10-19 09:47:03,136000.0,500.0,42722.0
225,2021-10-19 09:46:06,136000.0,700.0,42222.0
226,2021-10-19 09:45:56,136500.0,100.0,41522.0
227,2021-10-19 09:45:21,136500.0,500.0,41422.0
228,2021-10-19 09:45:16,136000.0,2000.0,40922.0
229,2021-10-19 09:45:05,136300.0,100.0,38922.0
230,2021-10-19 09:43:25,136000.0,39.0,38822.0
231,2021-10-19 09:43:24,136000.0,100.0,38783.0
232,2021-10-19 09:43:22,136000.0,1000.0,38683.0
233,2021-10-19 09:43:16,136000.0,800.0,37683.0
234,2021-10-19 09:43:11,136000.0,1500.0,36883.0
235,2021-10-19 09:42:57,136000.0,500.0,35383.0
236,2021-10-19 09:42:31,136000.0,500.0,34883.0
237,2021-10-19 09:42:21,136000.0,1500.0,34383.0
238,2021-10-19 09:42:04,135900.0,500.0,32883.0
239,2021-10-19 09:41:43,136000.0,500.0,32383.0
240,2021-10-19 09:41:08,135900.0,1.0,31883.0
241,2021-10-19 09:40:40,135900.0,6.0,31882.0
242,2021-10-19 09:40:13,135900.0,48.0,31876.0
243,2021-10-19 09:38:54,135900.0,1.0,31828.0
244,2021-10-19 09:38:44,135900.0,100.0,31827.0
245,2021-10-19 09:38:32,135900.0,100.0,31727.0
246,2021-10-19 09:38:24,135900.0,500.0,31627.0
247,2021-10-19 09:38:08,135900.0,300.0,31127.0
248,2021-10-19 09:37:59,135800.0,200.0,30827.0
249,2021-10-19 09:37:46,135800.0,300.0,30627.0
250,2021-10-19 09:37:35,135800.0,200.0,30327.0
251,2021-10-19 09:36:57,135800.0,100.0,30127.0
252,2021-10-19 09:36:22,135800.0,200.0,30027.0
253,2021-10-19 09:36:03,135800.0,200.0,29827.0
254,2021-10-19 09:35:55,135000.0,1000.0,29627.0
255,2021-10-19 09:35:16,135800.0,100.0,28627.0
256,2021-10-19 09:35:02,135800.0,100.0,28527.0
257,2021-10-19 09:34:20,135800.0,100.0,28427.0
258,2021-10-19 09:34:12,135800.0,19.0,28327.0
259,2021-10-19 09:34:01,135800.0,3.0,28308.0
260,2021-10-19 09:33:12,135800.0,28.0,28305.0
261,2021-10-19 09:33:01,135800.0,400.0,28277.0
262,2021-10-19 09:32:49,135800.0,200.0,27877.0
263,2021-10-19 09:32:31,135800.0,100.0,27677.0
264,2021-10-19 09:32:08,135800.0,100.0,27577.0
265,2021-10-19 09:31:10,135800.0,300.0,27477.0
266,2021-10-19 09:30:50,135800.0,100.0,27177.0
267,2021-10-19 09:30:17,135800.0,15.0,27077.0
268,2021-10-19 09:29:31,135800.0,100.0,27062.0
269,2021-10-19 09:29:19,135000.0,500.0,26962.0
270,2021-10-19 09:27:54,135000.0,100.0,26462.0
271,2021-10-19 09:27:20,135000.0,800.0,26362.0
272,2021-10-19 09:27:18,135000.0,200.0,25562.0
273,2021-10-19 09:25:08,135000.0,400.0,25362.0
274,2021-10-19 09:24:59,135000.0,100.0,24962.0
275,2021-10-19 09:24:58,135000.0,300.0,24862.0
276,2021-10-19 09:24:03,135000.0,400.0,24562.0
277,2021-10-19 09:23:20,135800.0,300.0,24162.0
278,2021-10-19 09:23:18,135800.0,100.0,23862.0
279,2021-10-19 09:23:17,135800.0,100.0,23762.0
280,2021-10-19 09:22:37,135800.0,500.0,23662.0
281,2021-10-19 09:22:29,135000.0,80.0,23162.0
282,2021-10-19 09:22:14,135000.0,300.0,23082.0
283,2021-10-19 09:21:31,135000.0,200.0,22782.0
284,2021-10-19 09:21:22,136000.0,100.0,22582.0
285,2021-10-19 09:20:48,136000.0,4500.0,22482.0
286,2021-10-19 09:20:21,135000.0,200.0,17982.0
287,2021-10-19 09:20:19,135000.0,100.0,17782.0
288,2021-10-19 09:20:18,135000.0,200.0,17682.0
289,2021-10-19 09:19:13,135000.0,100.0,17482.0
290,2021-10-19 09:19:08,136000.0,100.0,17382.0
291,2021-10-19 09:19:07,136000.0,900.0,17282.0
292,2021-10-19 09:18:27,136000.0,200.0,16382.0
293,2021-10-19 09:17:46,135900.0,100.0,16182.0
294,2021-10-19 09:17:41,135900.0,400.0,16082.0
295,2021-10-19 09:17:36,135900.0,300.0,15682.0
296,2021-10-19 09:17:19,135900.0,200.0,15382.0
297,2021-10-19 09:14:54,135900.0,100.0,15182.0
298,2021-10-19 09:14:08,136000.0,300.0,15082.0
299,2021-10-19 09:13:07,136000.0,800.0,14782.0
300,2021-10-19 09:12:26,135900.0,1100.0,13982.0
301,2021-10-19 09:12:09,135700.0,100.0,12882.0
302,2021-10-19 09:12:00,135700.0,100.0,12782.0
303,2021-10-19 09:11:30,135800.0,200.0,12682.0
304,2021-10-19 09:11:27,135800.0,100.0,12482.0
305,2021-10-19 09:11:19,135800.0,200.0,12382.0
306,2021-10-19 09:11:01,135800.0,300.0,12182.0
307,2021-10-19 09:10:36,136000.0,100.0,11882.0
308,2021-10-19 09:09:51,136000.0,2.0,11782.0
309,2021-10-19 09:09:44,136000.0,100.0,11780.0
310,2021-10-19 09:09:42,136000.0,80.0,11680.0
311,2021-10-19 09:09:37,136000.0,200.0,11600.0
312,2021-10-19 09:09:31,136100.0,100.0,11400.0
313,2021-10-19 09:08:34,136000.0,600.0,11300.0
314,2021-10-19 09:08:21,136000.0,500.0,10700.0
315,2021-10-19 09:08:19,135800.0,400.0,10200.0
316,2021-10-19 09:08:18,135900.0,1400.0,9800.0
317,2021-10-19 09:08:14,136000.0,900.0,8400.0
318,2021-10-19 09:07:37,136000.0,100.0,7500.0
319,2021-10-19 09:07:19,136000.0,500.0,7400.0
320,2021-10-19 09:06:23,136000.0,1000.0,6900.0
321,2021-10-19 09:06:21,135900.0,1000.0,5900.0
322,2021-10-19 09:06:20,136000.0,100.0,4900.0
323,2021-10-19 09:06:03,136000.0,100.0,4800.0
324,2021-10-19 09:05:52,136000.0,1000.0,4700.0
325,2021-10-19 09:05:40,136000.0,200.0,3700.0
326,2021-10-19 09:05:23,136000.0,100.0,3500.0
327,2021-10-19 09:04:32,136000.0,1000.0,3400.0
328,2021-10-19 09:04:01,137000.0,100.0,2400.0
329,2021-10-19 09:03:34,137500.0,600.0,2300.0
330,2021-10-19 09:03:16,135400.0,500.0,1700.0
331,2021-10-19 09:03:07,136000.0,1000.0,1200.0
332,2021-10-19 09:01:58,135000.0,100.0,200.0
333,2021-10-19 09:01:57,135900.0,100.0,100.0
