,Time,Price,Volume_per_trade,Volume
0,2021-10-08 14:45:03,37400.0,163700.0,3416747.0
1,2021-10-08 14:29:56,37300.0,5000.0,3253047.0
2,2021-10-08 14:29:47,37300.0,1000.0,3248047.0
3,2021-10-08 14:29:46,37300.0,100.0,3247047.0
4,2021-10-08 14:29:40,37300.0,100.0,3246947.0
5,2021-10-08 14:29:38,37300.0,5000.0,3246847.0
6,2021-10-08 14:29:33,37300.0,600.0,3241847.0
7,2021-10-08 14:29:24,37400.0,80000.0,3241247.0
8,2021-10-08 14:29:17,37300.0,500.0,3161247.0
9,2021-10-08 14:29:13,37300.0,100.0,3160747.0
10,2021-10-08 14:28:56,37300.0,1000.0,3160647.0
11,2021-10-08 14:28:50,37300.0,1000.0,3159647.0
12,2021-10-08 14:28:45,37300.0,200.0,3158647.0
13,2021-10-08 14:28:44,37300.0,1000.0,3158447.0
14,2021-10-08 14:28:33,37300.0,200.0,3157447.0
15,2021-10-08 14:28:26,37300.0,200.0,3157247.0
16,2021-10-08 14:28:25,37300.0,1000.0,3157047.0
17,2021-10-08 14:28:24,37300.0,300.0,3156047.0
18,2021-10-08 14:28:20,37400.0,50000.0,3155747.0
19,2021-10-08 14:28:12,37300.0,2500.0,3105747.0
20,2021-10-08 14:28:08,37300.0,10000.0,3103247.0
21,2021-10-08 14:27:59,37300.0,10000.0,3093247.0
22,2021-10-08 14:27:58,37300.0,100.0,3083247.0
23,2021-10-08 14:27:44,37300.0,1000.0,3083147.0
24,2021-10-08 14:27:39,37300.0,2100.0,3082147.0
25,2021-10-08 14:27:35,37300.0,1400.0,3080047.0
26,2021-10-08 14:27:33,37300.0,8600.0,3078647.0
27,2021-10-08 14:27:32,37400.0,100000.0,3070047.0
28,2021-10-08 14:27:30,37300.0,100.0,2970047.0
29,2021-10-08 14:27:29,37300.0,100.0,2969947.0
30,2021-10-08 14:27:23,37300.0,11200.0,2969847.0
31,2021-10-08 14:27:15,37300.0,35000.0,2958647.0
32,2021-10-08 14:27:03,37300.0,2000.0,2923647.0
33,2021-10-08 14:26:50,37200.0,5000.0,2921647.0
34,2021-10-08 14:26:43,37300.0,40000.0,2916647.0
35,2021-10-08 14:26:33,37200.0,300.0,2876647.0
36,2021-10-08 14:26:28,37300.0,80000.0,2876347.0
37,2021-10-08 14:26:20,37200.0,200.0,2796347.0
38,2021-10-08 14:26:14,37200.0,1500.0,2796147.0
39,2021-10-08 14:26:12,37200.0,5000.0,2794647.0
40,2021-10-08 14:25:57,37200.0,1000.0,2789647.0
41,2021-10-08 14:25:36,37200.0,10000.0,2788647.0
42,2021-10-08 14:25:28,37100.0,1900.0,2778647.0
43,2021-10-08 14:25:23,37100.0,400.0,2776747.0
44,2021-10-08 14:25:17,37200.0,100.0,2776347.0
45,2021-10-08 14:25:10,37200.0,20000.0,2776247.0
46,2021-10-08 14:24:55,37100.0,2100.0,2756247.0
47,2021-10-08 14:24:50,37100.0,4000.0,2754147.0
48,2021-10-08 14:24:43,37200.0,300.0,2750147.0
49,2021-10-08 14:24:41,37200.0,1000.0,2749847.0
50,2021-10-08 14:24:27,37200.0,1000.0,2748847.0
51,2021-10-08 14:24:24,37100.0,900.0,2747847.0
52,2021-10-08 14:23:24,37200.0,15000.0,2746947.0
53,2021-10-08 14:23:20,37200.0,100.0,2731947.0
54,2021-10-08 14:23:12,37200.0,500.0,2731847.0
55,2021-10-08 14:22:41,37200.0,300.0,2731347.0
56,2021-10-08 14:22:39,37100.0,100.0,2731047.0
57,2021-10-08 14:22:34,37100.0,100.0,2730947.0
58,2021-10-08 14:22:30,37100.0,59800.0,2730847.0
59,2021-10-08 14:22:24,37200.0,200.0,2671047.0
60,2021-10-08 14:22:19,37200.0,500.0,2670847.0
61,2021-10-08 14:22:02,37200.0,300.0,2670347.0
62,2021-10-08 14:21:57,37200.0,1300.0,2670047.0
63,2021-10-08 14:21:53,37200.0,100.0,2668747.0
64,2021-10-08 14:21:29,37200.0,1000.0,2668647.0
65,2021-10-08 14:20:48,37200.0,500.0,2667647.0
66,2021-10-08 14:20:26,37200.0,1000.0,2667147.0
67,2021-10-08 14:20:24,37200.0,100.0,2666147.0
68,2021-10-08 14:20:19,37200.0,100.0,2666047.0
69,2021-10-08 14:20:16,37200.0,3300.0,2665947.0
70,2021-10-08 14:20:04,37200.0,100.0,2662647.0
71,2021-10-08 14:20:01,37200.0,1000.0,2662547.0
72,2021-10-08 14:19:50,37200.0,800.0,2661547.0
73,2021-10-08 14:19:46,37200.0,500.0,2660747.0
74,2021-10-08 14:19:04,37200.0,300.0,2660247.0
75,2021-10-08 14:19:00,37200.0,700.0,2659947.0
76,2021-10-08 14:18:29,37300.0,100.0,2659247.0
77,2021-10-08 14:18:28,37100.0,30000.0,2659147.0
78,2021-10-08 14:18:21,37300.0,13400.0,2629147.0
79,2021-10-08 14:18:12,37200.0,100.0,2615747.0
80,2021-10-08 14:18:05,37200.0,700.0,2615647.0
81,2021-10-08 14:17:59,37200.0,500.0,2614947.0
82,2021-10-08 14:17:49,37200.0,300.0,2614447.0
83,2021-10-08 14:17:44,37200.0,400.0,2614147.0
84,2021-10-08 14:17:27,37200.0,9600.0,2613747.0
85,2021-10-08 14:16:32,37100.0,6300.0,2604147.0
86,2021-10-08 14:16:26,37200.0,500.0,2597847.0
87,2021-10-08 14:16:16,37200.0,500.0,2597347.0
88,2021-10-08 14:16:08,37200.0,100.0,2596847.0
89,2021-10-08 14:15:56,37200.0,200.0,2596747.0
90,2021-10-08 14:15:47,37200.0,500.0,2596547.0
91,2021-10-08 14:15:34,37200.0,500.0,2596047.0
92,2021-10-08 14:15:15,37200.0,300.0,2595547.0
93,2021-10-08 14:15:12,37200.0,3000.0,2595247.0
94,2021-10-08 14:15:08,37200.0,5000.0,2592247.0
95,2021-10-08 14:15:02,37200.0,300.0,2587247.0
96,2021-10-08 14:14:44,37200.0,5000.0,2586947.0
97,2021-10-08 14:14:26,37200.0,100.0,2581947.0
98,2021-10-08 14:14:17,37200.0,500.0,2581847.0
99,2021-10-08 14:14:00,37200.0,100.0,2581347.0
100,2021-10-08 14:13:32,37200.0,8000.0,2581247.0
101,2021-10-08 14:13:11,37200.0,500.0,2573247.0
102,2021-10-08 14:12:59,37200.0,600.0,2572747.0
103,2021-10-08 14:12:55,37200.0,10000.0,2572147.0
104,2021-10-08 14:12:29,37200.0,100.0,2562147.0
105,2021-10-08 14:12:28,37200.0,100.0,2562047.0
106,2021-10-08 14:12:25,37200.0,100.0,2561947.0
107,2021-10-08 14:12:22,37200.0,200.0,2561847.0
108,2021-10-08 14:12:18,37300.0,1500.0,2561647.0
109,2021-10-08 14:12:07,37200.0,1.0,2560147.0
110,2021-10-08 14:11:36,37200.0,100.0,2560146.0
111,2021-10-08 14:11:27,37200.0,2000.0,2560046.0
112,2021-10-08 14:11:08,37200.0,8.0,2558046.0
113,2021-10-08 14:10:58,37200.0,1200.0,2558038.0
114,2021-10-08 14:10:32,37200.0,300.0,2556838.0
115,2021-10-08 14:10:25,37200.0,500.0,2556538.0
116,2021-10-08 14:10:13,37200.0,4200.0,2556038.0
117,2021-10-08 14:10:11,37200.0,500.0,2551838.0
118,2021-10-08 14:09:41,37200.0,1000.0,2551338.0
119,2021-10-08 14:09:36,37100.0,7000.0,2550338.0
120,2021-10-08 14:09:21,37200.0,200.0,2543338.0
121,2021-10-08 14:09:20,37200.0,4700.0,2543138.0
122,2021-10-08 14:09:15,37200.0,200.0,2538438.0
123,2021-10-08 14:09:12,37200.0,100.0,2538238.0
124,2021-10-08 14:09:09,37200.0,10000.0,2538138.0
125,2021-10-08 14:08:53,37200.0,100.0,2528138.0
126,2021-10-08 14:08:45,37200.0,400.0,2528038.0
127,2021-10-08 14:08:22,37200.0,200.0,2527638.0
128,2021-10-08 14:08:03,37200.0,1900.0,2527438.0
129,2021-10-08 14:07:41,37200.0,1000.0,2525538.0
130,2021-10-08 14:07:23,37200.0,600.0,2524538.0
131,2021-10-08 14:07:20,37200.0,1300.0,2523938.0
132,2021-10-08 14:07:07,37200.0,3700.0,2522638.0
133,2021-10-08 14:06:53,37200.0,300.0,2518938.0
134,2021-10-08 14:06:50,37200.0,100.0,2518638.0
135,2021-10-08 14:06:45,37200.0,100.0,2518538.0
136,2021-10-08 14:06:33,37200.0,100.0,2518438.0
137,2021-10-08 14:06:27,37200.0,400.0,2518338.0
138,2021-10-08 14:06:26,37200.0,700.0,2517938.0
139,2021-10-08 14:06:11,37200.0,600.0,2517238.0
140,2021-10-08 14:05:50,37200.0,300.0,2516638.0
141,2021-10-08 14:05:49,37200.0,300.0,2516338.0
142,2021-10-08 14:05:08,37200.0,200.0,2516038.0
143,2021-10-08 14:05:05,37200.0,100.0,2515838.0
144,2021-10-08 14:05:04,37200.0,100.0,2515738.0
145,2021-10-08 14:04:49,37200.0,100.0,2515638.0
146,2021-10-08 14:04:38,37200.0,500.0,2515538.0
147,2021-10-08 14:04:25,37200.0,1000.0,2515038.0
148,2021-10-08 14:04:23,37200.0,400.0,2514038.0
149,2021-10-08 14:04:11,37200.0,200.0,2513638.0
150,2021-10-08 14:04:08,37200.0,3600.0,2513438.0
151,2021-10-08 14:04:04,37200.0,1100.0,2509838.0
152,2021-10-08 14:03:59,37200.0,41100.0,2508738.0
153,2021-10-08 14:03:41,37200.0,1000.0,2467638.0
154,2021-10-08 14:03:12,37200.0,200.0,2466638.0
155,2021-10-08 14:03:08,37200.0,8500.0,2466438.0
156,2021-10-08 14:02:51,37200.0,2500.0,2457938.0
157,2021-10-08 14:02:47,37300.0,4000.0,2455438.0
158,2021-10-08 14:02:16,37300.0,100.0,2451438.0
159,2021-10-08 14:02:09,37200.0,100.0,2451338.0
160,2021-10-08 14:02:04,37200.0,1000.0,2451238.0
161,2021-10-08 14:01:59,37300.0,4000.0,2450238.0
162,2021-10-08 14:01:23,37200.0,200.0,2446238.0
163,2021-10-08 14:01:18,37300.0,20000.0,2446038.0
164,2021-10-08 14:00:44,37200.0,1000.0,2426038.0
165,2021-10-08 14:00:38,37200.0,500.0,2425038.0
166,2021-10-08 14:00:13,37200.0,1100.0,2424538.0
167,2021-10-08 14:00:07,37200.0,200.0,2423438.0
168,2021-10-08 14:00:06,37300.0,500.0,2423238.0
169,2021-10-08 13:59:47,37300.0,300.0,2422738.0
170,2021-10-08 13:59:36,37300.0,900.0,2422438.0
171,2021-10-08 13:59:28,37300.0,700.0,2421538.0
172,2021-10-08 13:59:23,37300.0,100.0,2420838.0
173,2021-10-08 13:59:19,37300.0,6300.0,2420738.0
174,2021-10-08 13:58:34,37200.0,100.0,2414438.0
175,2021-10-08 13:58:29,37300.0,5000.0,2414338.0
176,2021-10-08 13:58:00,37300.0,6800.0,2409338.0
177,2021-10-08 13:57:54,37300.0,2200.0,2402538.0
178,2021-10-08 13:57:46,37300.0,4000.0,2400338.0
179,2021-10-08 13:57:23,37300.0,900.0,2396338.0
180,2021-10-08 13:57:20,37300.0,100.0,2395438.0
181,2021-10-08 13:57:10,37300.0,5000.0,2395338.0
182,2021-10-08 13:56:38,37300.0,1100.0,2390338.0
183,2021-10-08 13:56:36,37300.0,1000.0,2389238.0
184,2021-10-08 13:56:32,37400.0,1000.0,2388238.0
185,2021-10-08 13:56:31,37300.0,100.0,2387238.0
186,2021-10-08 13:56:20,37300.0,100.0,2387138.0
187,2021-10-08 13:56:10,37300.0,100.0,2387038.0
188,2021-10-08 13:56:09,37300.0,3000.0,2386938.0
189,2021-10-08 13:56:06,37300.0,2300.0,2383938.0
190,2021-10-08 13:55:57,37300.0,2000.0,2381638.0
191,2021-10-08 13:55:53,37300.0,1000.0,2379638.0
192,2021-10-08 13:55:46,37300.0,1000.0,2378638.0
193,2021-10-08 13:55:35,37300.0,100.0,2377638.0
194,2021-10-08 13:55:20,37300.0,5000.0,2377538.0
195,2021-10-08 13:55:16,37300.0,11400.0,2372538.0
196,2021-10-08 13:55:05,37300.0,100.0,2361138.0
197,2021-10-08 13:55:00,37300.0,1900.0,2361038.0
198,2021-10-08 13:54:53,37300.0,11600.0,2359138.0
199,2021-10-08 13:54:49,37300.0,38400.0,2347538.0
200,2021-10-08 13:54:44,37200.0,1000.0,2309138.0
201,2021-10-08 13:54:43,37200.0,200.0,2308138.0
202,2021-10-08 13:54:33,37200.0,6.0,2307938.0
203,2021-10-08 13:54:17,37200.0,300.0,2307932.0
204,2021-10-08 13:54:16,37300.0,100.0,2307632.0
205,2021-10-08 13:53:59,37300.0,100.0,2307532.0
206,2021-10-08 13:53:55,37300.0,2000.0,2307432.0
207,2021-10-08 13:53:30,37300.0,100.0,2305432.0
208,2021-10-08 13:53:17,37200.0,10000.0,2305332.0
209,2021-10-08 13:53:11,37300.0,26000.0,2295332.0
210,2021-10-08 13:52:59,37200.0,5000.0,2269332.0
211,2021-10-08 13:52:56,37300.0,15000.0,2264332.0
212,2021-10-08 13:52:49,37200.0,600.0,2249332.0
213,2021-10-08 13:52:32,37200.0,600.0,2248732.0
214,2021-10-08 13:52:10,37200.0,100.0,2248132.0
215,2021-10-08 13:52:08,37300.0,5000.0,2248032.0
216,2021-10-08 13:52:05,37200.0,300.0,2243032.0
217,2021-10-08 13:52:00,37200.0,75.0,2242732.0
218,2021-10-08 13:51:58,37200.0,800.0,2242657.0
219,2021-10-08 13:51:56,37200.0,200.0,2241857.0
220,2021-10-08 13:51:44,37200.0,4100.0,2241657.0
221,2021-10-08 13:51:32,37200.0,200.0,2237557.0
222,2021-10-08 13:51:26,37200.0,8700.0,2237357.0
223,2021-10-08 13:51:18,37300.0,15000.0,2228657.0
224,2021-10-08 13:51:01,37200.0,300.0,2213657.0
225,2021-10-08 13:50:57,37200.0,400.0,2213357.0
226,2021-10-08 13:50:43,37200.0,100.0,2212957.0
227,2021-10-08 13:50:14,37300.0,200.0,2212857.0
228,2021-10-08 13:49:52,37300.0,800.0,2212657.0
229,2021-10-08 13:49:36,37300.0,100.0,2211857.0
230,2021-10-08 13:49:35,37200.0,1000.0,2211757.0
231,2021-10-08 13:49:31,37200.0,2000.0,2210757.0
232,2021-10-08 13:49:25,37300.0,1000.0,2208757.0
233,2021-10-08 13:49:23,37200.0,300.0,2207757.0
234,2021-10-08 13:49:20,37200.0,2000.0,2207457.0
235,2021-10-08 13:49:18,37200.0,200.0,2205457.0
236,2021-10-08 13:49:12,37200.0,600.0,2205257.0
237,2021-10-08 13:49:03,37200.0,2600.0,2204657.0
238,2021-10-08 13:48:28,37200.0,37000.0,2202057.0
239,2021-10-08 13:48:04,37100.0,1000.0,2165057.0
240,2021-10-08 13:48:00,37100.0,41800.0,2164057.0
241,2021-10-08 13:47:50,37000.0,1000.0,2122257.0
242,2021-10-08 13:47:49,37100.0,100.0,2121257.0
243,2021-10-08 13:47:47,37000.0,3000.0,2121157.0
244,2021-10-08 13:47:31,37100.0,30000.0,2118157.0
245,2021-10-08 13:47:29,37000.0,200.0,2088157.0
246,2021-10-08 13:46:29,37000.0,1000.0,2087957.0
247,2021-10-08 13:45:38,37100.0,30000.0,2086957.0
248,2021-10-08 13:45:34,37000.0,300.0,2056957.0
249,2021-10-08 13:45:31,37000.0,100.0,2056657.0
250,2021-10-08 13:45:22,37000.0,300.0,2056557.0
251,2021-10-08 13:45:12,37000.0,300.0,2056257.0
252,2021-10-08 13:45:09,37000.0,600.0,2055957.0
253,2021-10-08 13:45:02,37000.0,2000.0,2055357.0
254,2021-10-08 13:44:53,37000.0,100.0,2053357.0
255,2021-10-08 13:44:46,37000.0,2900.0,2053257.0
256,2021-10-08 13:44:43,37100.0,600.0,2050357.0
257,2021-10-08 13:44:39,37100.0,100.0,2049757.0
258,2021-10-08 13:44:32,37000.0,55.0,2049657.0
259,2021-10-08 13:44:31,37000.0,23200.0,2049602.0
260,2021-10-08 13:44:27,37000.0,100.0,2026402.0
261,2021-10-08 13:44:21,37000.0,1000.0,2026302.0
262,2021-10-08 13:44:04,37000.0,800.0,2025302.0
263,2021-10-08 13:43:55,37000.0,100.0,2024502.0
264,2021-10-08 13:43:46,36900.0,200.0,2024402.0
265,2021-10-08 13:43:39,37000.0,500.0,2024202.0
266,2021-10-08 13:43:13,37000.0,200.0,2023702.0
267,2021-10-08 13:43:12,37000.0,17000.0,2023502.0
268,2021-10-08 13:43:11,37000.0,21500.0,2006502.0
269,2021-10-08 13:43:10,37000.0,1000.0,1985002.0
270,2021-10-08 13:43:07,37000.0,20000.0,1984002.0
271,2021-10-08 13:43:02,37000.0,200.0,1964002.0
272,2021-10-08 13:42:56,37000.0,62000.0,1963802.0
273,2021-10-08 13:42:28,37000.0,100.0,1901802.0
274,2021-10-08 13:42:26,37000.0,5000.0,1901702.0
275,2021-10-08 13:42:16,37000.0,600.0,1896702.0
276,2021-10-08 13:42:10,37000.0,200.0,1896102.0
277,2021-10-08 13:42:04,37000.0,200.0,1895902.0
278,2021-10-08 13:41:39,37000.0,3000.0,1895702.0
279,2021-10-08 13:41:38,37100.0,100.0,1892702.0
280,2021-10-08 13:41:28,37000.0,2000.0,1892602.0
281,2021-10-08 13:41:26,37000.0,300.0,1890602.0
282,2021-10-08 13:41:11,37000.0,20000.0,1890302.0
283,2021-10-08 13:41:05,37000.0,50010.0,1870302.0
284,2021-10-08 13:40:58,37000.0,100.0,1820292.0
285,2021-10-08 13:40:57,37000.0,30000.0,1820192.0
286,2021-10-08 13:40:33,37100.0,100.0,1790192.0
287,2021-10-08 13:40:08,37100.0,1000.0,1790092.0
288,2021-10-08 13:39:40,37200.0,28000.0,1789092.0
289,2021-10-08 13:39:34,37100.0,3600.0,1761092.0
290,2021-10-08 13:39:31,37100.0,300.0,1757492.0
291,2021-10-08 13:39:30,37100.0,3100.0,1757192.0
292,2021-10-08 13:39:17,37100.0,300.0,1754092.0
293,2021-10-08 13:39:09,37100.0,32.0,1753792.0
294,2021-10-08 13:39:04,37100.0,30000.0,1753760.0
295,2021-10-08 13:37:09,37200.0,100.0,1723760.0
296,2021-10-08 13:34:30,37200.0,18.0,1723660.0
297,2021-10-08 13:33:42,37200.0,3000.0,1723642.0
298,2021-10-08 13:33:38,37100.0,11000.0,1720642.0
299,2021-10-08 13:33:36,37100.0,2000.0,1709642.0
300,2021-10-08 13:33:21,37100.0,5000.0,1707642.0
301,2021-10-08 13:33:15,37100.0,1000.0,1702642.0
302,2021-10-08 13:33:07,37200.0,100.0,1701642.0
303,2021-10-08 13:32:55,37200.0,100.0,1701542.0
304,2021-10-08 13:31:23,37100.0,1700.0,1701442.0
305,2021-10-08 13:30:16,37100.0,4000.0,1699742.0
306,2021-10-08 13:30:04,37100.0,5000.0,1695742.0
307,2021-10-08 13:29:58,37100.0,5000.0,1690742.0
308,2021-10-08 13:28:44,37100.0,1000.0,1685742.0
309,2021-10-08 13:28:43,37200.0,1000.0,1684742.0
310,2021-10-08 13:28:34,37200.0,300.0,1683742.0
311,2021-10-08 13:28:32,37200.0,4100.0,1683442.0
312,2021-10-08 13:28:29,37200.0,1000.0,1679342.0
313,2021-10-08 13:28:13,37200.0,500.0,1678342.0
314,2021-10-08 13:28:07,37200.0,1000.0,1677842.0
315,2021-10-08 13:28:06,37200.0,200.0,1676842.0
316,2021-10-08 13:27:54,37200.0,300.0,1676642.0
317,2021-10-08 13:27:37,37200.0,18000.0,1676342.0
318,2021-10-08 13:27:15,37100.0,2000.0,1658342.0
319,2021-10-08 13:26:53,37100.0,300.0,1656342.0
320,2021-10-08 13:26:50,37200.0,700.0,1656042.0
321,2021-10-08 13:26:41,37200.0,100.0,1655342.0
322,2021-10-08 13:26:34,37200.0,300.0,1655242.0
323,2021-10-08 13:26:15,37200.0,300.0,1654942.0
324,2021-10-08 13:26:00,37200.0,100.0,1654642.0
325,2021-10-08 13:24:59,37200.0,100.0,1654542.0
326,2021-10-08 13:24:10,37200.0,10000.0,1654442.0
327,2021-10-08 13:23:43,37200.0,15000.0,1644442.0
328,2021-10-08 13:23:35,37200.0,1000.0,1629442.0
329,2021-10-08 13:21:52,37200.0,200.0,1628442.0
330,2021-10-08 13:21:18,37100.0,500.0,1628242.0
331,2021-10-08 13:20:44,37200.0,400.0,1627742.0
332,2021-10-08 13:20:37,37200.0,800.0,1627342.0
333,2021-10-08 13:20:14,37200.0,100.0,1626542.0
334,2021-10-08 13:19:49,37200.0,300.0,1626442.0
335,2021-10-08 13:18:50,37200.0,200.0,1626142.0
336,2021-10-08 13:18:18,37200.0,14500.0,1625942.0
337,2021-10-08 13:17:52,37200.0,100.0,1611442.0
338,2021-10-08 13:17:31,37200.0,12800.0,1611342.0
339,2021-10-08 13:17:28,37200.0,3.0,1598542.0
340,2021-10-08 13:17:14,37200.0,1100.0,1598539.0
341,2021-10-08 13:17:09,37200.0,4100.0,1597439.0
342,2021-10-08 13:16:57,37200.0,500.0,1593339.0
343,2021-10-08 13:16:37,37200.0,100.0,1592839.0
344,2021-10-08 13:16:34,37200.0,3800.0,1592739.0
345,2021-10-08 13:16:16,37200.0,10000.0,1588939.0
346,2021-10-08 13:15:53,37200.0,500.0,1578939.0
347,2021-10-08 13:15:36,37200.0,10000.0,1578439.0
348,2021-10-08 13:15:30,37200.0,1000.0,1568439.0
349,2021-10-08 13:15:12,37200.0,10000.0,1567439.0
350,2021-10-08 13:15:02,37200.0,100.0,1557439.0
351,2021-10-08 13:15:01,37200.0,5000.0,1557339.0
352,2021-10-08 13:14:49,37200.0,10000.0,1552339.0
353,2021-10-08 13:14:47,37200.0,200.0,1542339.0
354,2021-10-08 13:14:37,37200.0,100.0,1542139.0
355,2021-10-08 13:13:57,37200.0,1800.0,1542039.0
356,2021-10-08 13:13:56,37200.0,12200.0,1540239.0
357,2021-10-08 13:13:48,37100.0,600.0,1528039.0
358,2021-10-08 13:11:38,37100.0,100.0,1527439.0
359,2021-10-08 13:11:30,37200.0,1000.0,1527339.0
360,2021-10-08 13:11:09,37200.0,1000.0,1526339.0
361,2021-10-08 13:10:46,37200.0,100.0,1525339.0
362,2021-10-08 13:10:45,37200.0,600.0,1525239.0
363,2021-10-08 13:09:47,37200.0,100.0,1524639.0
364,2021-10-08 13:09:11,37200.0,2400.0,1524539.0
365,2021-10-08 13:09:04,37200.0,200.0,1522139.0
366,2021-10-08 13:08:41,37200.0,1000.0,1521939.0
367,2021-10-08 13:08:40,37100.0,300.0,1520939.0
368,2021-10-08 13:08:20,37200.0,300.0,1520639.0
369,2021-10-08 13:08:17,37100.0,800.0,1520339.0
370,2021-10-08 13:07:55,37200.0,50.0,1519539.0
371,2021-10-08 13:07:33,37200.0,400.0,1519489.0
372,2021-10-08 13:07:16,37200.0,100.0,1519089.0
373,2021-10-08 13:06:13,37200.0,200.0,1518989.0
374,2021-10-08 13:05:35,37200.0,200.0,1518789.0
375,2021-10-08 13:03:55,37100.0,800.0,1518589.0
376,2021-10-08 13:02:54,37100.0,100.0,1517789.0
377,2021-10-08 13:00:31,37100.0,200.0,1517689.0
378,2021-10-08 13:00:09,37200.0,200.0,1517489.0
379,2021-10-08 13:00:06,37100.0,200.0,1517289.0
380,2021-10-08 13:00:05,37200.0,320.0,1517089.0
381,2021-10-08 13:00:04,37100.0,200.0,1516769.0
382,2021-10-08 11:30:01,37100.0,500.0,1516569.0
383,2021-10-08 11:29:56,37100.0,500.0,1516069.0
384,2021-10-08 11:27:49,37100.0,500.0,1515569.0
385,2021-10-08 11:27:33,37100.0,1200.0,1515069.0
386,2021-10-08 11:27:32,37100.0,1100.0,1513869.0
387,2021-10-08 11:27:17,37100.0,400.0,1512769.0
388,2021-10-08 11:27:00,37200.0,2800.0,1512369.0
389,2021-10-08 11:25:25,37200.0,1100.0,1509569.0
390,2021-10-08 11:24:23,37200.0,700.0,1508469.0
391,2021-10-08 11:23:52,37200.0,100.0,1507769.0
392,2021-10-08 11:23:19,37200.0,5000.0,1507669.0
393,2021-10-08 11:22:01,37100.0,100.0,1502669.0
394,2021-10-08 11:21:55,37100.0,100.0,1502569.0
395,2021-10-08 11:20:55,37100.0,500.0,1502469.0
396,2021-10-08 11:20:48,37200.0,1000.0,1501969.0
397,2021-10-08 11:19:34,37200.0,23000.0,1500969.0
398,2021-10-08 11:19:29,37200.0,1000.0,1477969.0
399,2021-10-08 11:18:48,37200.0,10000.0,1476969.0
400,2021-10-08 11:18:39,37200.0,3800.0,1466969.0
401,2021-10-08 11:17:53,37200.0,500.0,1463169.0
402,2021-10-08 11:16:51,37200.0,500.0,1462669.0
403,2021-10-08 11:15:20,37300.0,500.0,1462169.0
404,2021-10-08 11:13:56,37300.0,65.0,1461669.0
405,2021-10-08 11:13:32,37300.0,28000.0,1461604.0
406,2021-10-08 11:13:13,37200.0,2000.0,1433604.0
407,2021-10-08 11:12:12,37300.0,30000.0,1431604.0
408,2021-10-08 11:12:07,37200.0,2000.0,1401604.0
409,2021-10-08 11:11:56,37200.0,1000.0,1399604.0
410,2021-10-08 11:11:51,37200.0,100.0,1398604.0
411,2021-10-08 11:11:50,37200.0,29300.0,1398504.0
412,2021-10-08 11:11:25,37100.0,1000.0,1369204.0
413,2021-10-08 11:11:20,37200.0,60000.0,1368204.0
414,2021-10-08 11:10:38,37200.0,100.0,1308204.0
415,2021-10-08 11:10:17,37200.0,4100.0,1308104.0
416,2021-10-08 11:10:16,37200.0,100.0,1304004.0
417,2021-10-08 11:09:52,37200.0,200.0,1303904.0
418,2021-10-08 11:09:40,37200.0,500.0,1303704.0
419,2021-10-08 11:08:19,37200.0,3000.0,1303204.0
420,2021-10-08 11:08:16,37200.0,100.0,1300204.0
421,2021-10-08 11:08:00,37200.0,9800.0,1300104.0
422,2021-10-08 11:07:42,37200.0,5700.0,1290304.0
423,2021-10-08 11:07:16,37300.0,1500.0,1284604.0
424,2021-10-08 11:07:08,37300.0,100.0,1283104.0
425,2021-10-08 11:06:56,37200.0,2100.0,1283004.0
426,2021-10-08 11:06:28,37300.0,6300.0,1280904.0
427,2021-10-08 11:05:56,37300.0,100.0,1274604.0
428,2021-10-08 11:05:55,37200.0,100.0,1274504.0
429,2021-10-08 11:05:53,37300.0,200.0,1274404.0
430,2021-10-08 11:05:42,37200.0,100.0,1274204.0
431,2021-10-08 11:05:18,37200.0,200.0,1274104.0
432,2021-10-08 11:04:29,37200.0,500.0,1273904.0
433,2021-10-08 11:03:06,37300.0,1000.0,1273404.0
434,2021-10-08 11:03:00,37200.0,3000.0,1272404.0
435,2021-10-08 11:02:47,37200.0,200.0,1269404.0
436,2021-10-08 11:01:44,37200.0,100.0,1269204.0
437,2021-10-08 11:01:30,37200.0,3000.0,1269104.0
438,2021-10-08 11:01:25,37200.0,500.0,1266104.0
439,2021-10-08 11:01:07,37200.0,500.0,1265604.0
440,2021-10-08 11:00:31,37300.0,1000.0,1265104.0
441,2021-10-08 11:00:26,37200.0,4000.0,1264104.0
442,2021-10-08 11:00:17,37300.0,500.0,1260104.0
443,2021-10-08 10:59:41,37300.0,400.0,1259604.0
444,2021-10-08 10:59:37,37200.0,63600.0,1259204.0
445,2021-10-08 10:59:18,37300.0,1000.0,1195604.0
446,2021-10-08 10:58:50,37300.0,200.0,1194604.0
447,2021-10-08 10:58:46,37300.0,900.0,1194404.0
448,2021-10-08 10:58:36,37300.0,100.0,1193504.0
449,2021-10-08 10:58:19,37300.0,500.0,1193404.0
450,2021-10-08 10:57:02,37300.0,200.0,1192904.0
451,2021-10-08 10:56:56,37300.0,500.0,1192704.0
452,2021-10-08 10:56:36,37300.0,2000.0,1192204.0
453,2021-10-08 10:56:10,37300.0,200.0,1190204.0
454,2021-10-08 10:56:00,37300.0,1500.0,1190004.0
455,2021-10-08 10:55:44,37300.0,1000.0,1188504.0
456,2021-10-08 10:55:43,37300.0,500.0,1187504.0
457,2021-10-08 10:55:22,37300.0,200.0,1187004.0
458,2021-10-08 10:55:14,37300.0,100.0,1186804.0
459,2021-10-08 10:54:57,37300.0,300.0,1186704.0
460,2021-10-08 10:54:40,37200.0,5500.0,1186404.0
461,2021-10-08 10:54:38,37300.0,500.0,1180904.0
462,2021-10-08 10:54:04,37300.0,2000.0,1180404.0
463,2021-10-08 10:54:01,37300.0,500.0,1178404.0
464,2021-10-08 10:53:28,37300.0,1000.0,1177904.0
465,2021-10-08 10:53:08,37300.0,900.0,1176904.0
466,2021-10-08 10:52:49,37300.0,10000.0,1176004.0
467,2021-10-08 10:52:43,37300.0,300.0,1166004.0
468,2021-10-08 10:52:37,37300.0,1500.0,1165704.0
469,2021-10-08 10:52:32,37300.0,200.0,1164204.0
470,2021-10-08 10:52:29,37300.0,1200.0,1164004.0
471,2021-10-08 10:52:21,37300.0,300.0,1162804.0
472,2021-10-08 10:52:17,37300.0,200.0,1162504.0
473,2021-10-08 10:52:16,37300.0,5000.0,1162304.0
474,2021-10-08 10:52:05,37300.0,500.0,1157304.0
475,2021-10-08 10:51:01,37300.0,100.0,1156804.0
476,2021-10-08 10:50:57,37300.0,20000.0,1156704.0
477,2021-10-08 10:50:45,37300.0,1000.0,1136704.0
478,2021-10-08 10:50:43,37300.0,100.0,1135704.0
479,2021-10-08 10:50:11,37300.0,100.0,1135604.0
480,2021-10-08 10:50:08,37300.0,2000.0,1135504.0
481,2021-10-08 10:49:51,37300.0,500.0,1133504.0
482,2021-10-08 10:49:24,37300.0,500.0,1133004.0
483,2021-10-08 10:49:18,37300.0,300.0,1132504.0
484,2021-10-08 10:48:59,37300.0,1000.0,1132204.0
485,2021-10-08 10:48:46,37300.0,100.0,1131204.0
486,2021-10-08 10:48:25,37300.0,1500.0,1131104.0
487,2021-10-08 10:48:21,37300.0,100.0,1129604.0
488,2021-10-08 10:48:11,37300.0,2000.0,1129504.0
489,2021-10-08 10:47:23,37300.0,700.0,1127504.0
490,2021-10-08 10:46:32,37300.0,2500.0,1126804.0
491,2021-10-08 10:46:26,37400.0,400.0,1124304.0
492,2021-10-08 10:46:07,37300.0,500.0,1123904.0
493,2021-10-08 10:45:43,37400.0,1800.0,1123404.0
494,2021-10-08 10:44:55,37300.0,200.0,1121604.0
495,2021-10-08 10:44:31,37300.0,500.0,1121404.0
496,2021-10-08 10:44:23,37300.0,1400.0,1120904.0
497,2021-10-08 10:43:41,37300.0,1000.0,1119504.0
498,2021-10-08 10:43:39,37300.0,100.0,1118504.0
499,2021-10-08 10:42:34,37300.0,1000.0,1118404.0
500,2021-10-08 10:42:21,37300.0,600.0,1117404.0
501,2021-10-08 10:42:19,37300.0,200.0,1116804.0
502,2021-10-08 10:41:46,37300.0,5000.0,1116604.0
503,2021-10-08 10:40:48,37300.0,500.0,1111604.0
504,2021-10-08 10:40:08,37300.0,500.0,1111104.0
505,2021-10-08 10:40:04,37300.0,100.0,1110604.0
506,2021-10-08 10:39:59,37300.0,500.0,1110504.0
507,2021-10-08 10:39:45,37300.0,1000.0,1110004.0
508,2021-10-08 10:39:24,37300.0,300.0,1109004.0
509,2021-10-08 10:39:06,37300.0,300.0,1108704.0
510,2021-10-08 10:38:45,37300.0,500.0,1108404.0
511,2021-10-08 10:38:14,37300.0,100.0,1107904.0
512,2021-10-08 10:38:13,37300.0,200.0,1107804.0
513,2021-10-08 10:37:39,37300.0,500.0,1107604.0
514,2021-10-08 10:37:30,37300.0,30000.0,1107104.0
515,2021-10-08 10:36:29,37400.0,100.0,1077104.0
516,2021-10-08 10:36:15,37300.0,200.0,1077004.0
517,2021-10-08 10:36:00,37300.0,200.0,1076804.0
518,2021-10-08 10:35:57,37300.0,1000.0,1076604.0
519,2021-10-08 10:35:52,37300.0,200.0,1075604.0
520,2021-10-08 10:35:47,37300.0,1900.0,1075404.0
521,2021-10-08 10:35:37,37300.0,1500.0,1073504.0
522,2021-10-08 10:35:26,37300.0,800.0,1072004.0
523,2021-10-08 10:35:23,37300.0,300.0,1071204.0
524,2021-10-08 10:35:02,37300.0,1500.0,1070904.0
525,2021-10-08 10:34:25,37300.0,300.0,1069404.0
526,2021-10-08 10:34:18,37300.0,100.0,1069104.0
527,2021-10-08 10:34:02,37300.0,1000.0,1069004.0
528,2021-10-08 10:33:39,37300.0,10000.0,1068004.0
529,2021-10-08 10:33:20,37300.0,100.0,1058004.0
530,2021-10-08 10:32:48,37200.0,1500.0,1057904.0
531,2021-10-08 10:32:29,37200.0,5000.0,1056404.0
532,2021-10-08 10:32:01,37300.0,4600.0,1051404.0
533,2021-10-08 10:31:41,37300.0,1700.0,1046804.0
534,2021-10-08 10:31:38,37300.0,1000.0,1045104.0
535,2021-10-08 10:31:35,37300.0,13300.0,1044104.0
536,2021-10-08 10:31:34,37300.0,100.0,1030804.0
537,2021-10-08 10:31:30,37300.0,200.0,1030704.0
538,2021-10-08 10:30:49,37300.0,2000.0,1030504.0
539,2021-10-08 10:30:34,37300.0,3000.0,1028504.0
540,2021-10-08 10:30:31,37300.0,200.0,1025504.0
541,2021-10-08 10:30:30,37300.0,2300.0,1025304.0
542,2021-10-08 10:30:10,37300.0,300.0,1023004.0
543,2021-10-08 10:30:00,37300.0,1000.0,1022704.0
544,2021-10-08 10:29:59,37300.0,13000.0,1021704.0
545,2021-10-08 10:29:36,37300.0,1000.0,1008704.0
546,2021-10-08 10:29:01,37400.0,100.0,1007704.0
547,2021-10-08 10:29:00,37300.0,100.0,1007604.0
548,2021-10-08 10:28:57,37300.0,200.0,1007504.0
549,2021-10-08 10:28:46,37300.0,2000.0,1007304.0
550,2021-10-08 10:28:23,37300.0,1500.0,1005304.0
551,2021-10-08 10:27:47,37300.0,200.0,1003804.0
552,2021-10-08 10:27:20,37300.0,600.0,1003604.0
553,2021-10-08 10:27:18,37300.0,200.0,1003004.0
554,2021-10-08 10:26:52,37300.0,5000.0,1002804.0
555,2021-10-08 10:26:28,37300.0,3000.0,997804.0
556,2021-10-08 10:26:09,37300.0,100.0,994804.0
557,2021-10-08 10:26:05,37300.0,300.0,994704.0
558,2021-10-08 10:26:02,37300.0,100.0,994404.0
559,2021-10-08 10:26:00,37300.0,500.0,994304.0
560,2021-10-08 10:25:44,37300.0,5500.0,993804.0
561,2021-10-08 10:25:15,37300.0,1000.0,988304.0
562,2021-10-08 10:25:03,37300.0,2000.0,987304.0
563,2021-10-08 10:24:48,37300.0,500.0,985304.0
564,2021-10-08 10:24:18,37400.0,3000.0,984804.0
565,2021-10-08 10:23:55,37300.0,3000.0,981804.0
566,2021-10-08 10:23:50,37300.0,400.0,978804.0
567,2021-10-08 10:23:16,37300.0,1000.0,978404.0
568,2021-10-08 10:22:28,37300.0,200.0,977404.0
569,2021-10-08 10:22:21,37300.0,1000.0,977204.0
570,2021-10-08 10:22:15,37300.0,100.0,976204.0
571,2021-10-08 10:22:01,37300.0,100.0,976104.0
572,2021-10-08 10:21:52,37300.0,300.0,976004.0
573,2021-10-08 10:21:09,37300.0,1000.0,975704.0
574,2021-10-08 10:20:51,37300.0,100.0,974704.0
575,2021-10-08 10:19:40,37300.0,200.0,974604.0
576,2021-10-08 10:19:29,37300.0,500.0,974404.0
577,2021-10-08 10:18:53,37400.0,800.0,973904.0
578,2021-10-08 10:17:48,37400.0,200.0,973104.0
579,2021-10-08 10:17:46,37300.0,1000.0,972904.0
580,2021-10-08 10:17:22,37400.0,200.0,971904.0
581,2021-10-08 10:17:19,37300.0,100.0,971704.0
582,2021-10-08 10:17:04,37300.0,1000.0,971604.0
583,2021-10-08 10:16:55,37300.0,500.0,970604.0
584,2021-10-08 10:16:45,37300.0,2000.0,970104.0
585,2021-10-08 10:16:32,37300.0,1000.0,968104.0
586,2021-10-08 10:16:14,37300.0,10000.0,967104.0
587,2021-10-08 10:15:50,37300.0,100.0,957104.0
588,2021-10-08 10:15:43,37300.0,600.0,957004.0
589,2021-10-08 10:15:40,37400.0,100.0,956404.0
590,2021-10-08 10:15:10,37300.0,300.0,956304.0
591,2021-10-08 10:14:56,37400.0,500.0,956004.0
592,2021-10-08 10:14:49,37400.0,500.0,955504.0
593,2021-10-08 10:14:39,37400.0,100.0,955004.0
594,2021-10-08 10:14:11,37400.0,100.0,954904.0
595,2021-10-08 10:13:24,37400.0,500.0,954804.0
596,2021-10-08 10:11:55,37400.0,50000.0,954304.0
597,2021-10-08 10:11:48,37300.0,200.0,904304.0
598,2021-10-08 10:11:44,37300.0,2000.0,904104.0
599,2021-10-08 10:11:39,37400.0,40000.0,902104.0
600,2021-10-08 10:11:27,37300.0,2000.0,862104.0
601,2021-10-08 10:11:24,37300.0,10000.0,860104.0
602,2021-10-08 10:11:21,37300.0,600.0,850104.0
603,2021-10-08 10:11:16,37300.0,10000.0,849504.0
604,2021-10-08 10:11:11,37300.0,1000.0,839504.0
605,2021-10-08 10:11:08,37300.0,30000.0,838504.0
606,2021-10-08 10:10:37,37300.0,6000.0,808504.0
607,2021-10-08 10:09:39,37400.0,1000.0,802504.0
608,2021-10-08 10:09:16,37400.0,1000.0,801504.0
609,2021-10-08 10:08:33,37300.0,300.0,800504.0
610,2021-10-08 10:08:10,37300.0,3000.0,800204.0
611,2021-10-08 10:07:42,37300.0,300.0,797204.0
612,2021-10-08 10:07:39,37300.0,3000.0,796904.0
613,2021-10-08 10:07:37,37400.0,500.0,793904.0
614,2021-10-08 10:07:12,37300.0,200.0,793404.0
615,2021-10-08 10:07:05,37300.0,100.0,793204.0
616,2021-10-08 10:06:47,37300.0,200.0,793104.0
617,2021-10-08 10:06:24,37300.0,1800.0,792904.0
618,2021-10-08 10:06:20,37300.0,1000.0,791104.0
619,2021-10-08 10:06:11,37300.0,3000.0,790104.0
620,2021-10-08 10:06:10,37300.0,3800.0,787104.0
621,2021-10-08 10:05:52,37300.0,2200.0,783304.0
622,2021-10-08 10:05:49,37400.0,300.0,781104.0
623,2021-10-08 10:05:31,37400.0,300.0,780804.0
624,2021-10-08 10:05:22,37400.0,200.0,780504.0
625,2021-10-08 10:05:20,37400.0,500.0,780304.0
626,2021-10-08 10:05:05,37400.0,1000.0,779804.0
627,2021-10-08 10:05:02,37500.0,1000.0,778804.0
628,2021-10-08 10:04:56,37400.0,200.0,777804.0
629,2021-10-08 10:04:50,37400.0,700.0,777604.0
630,2021-10-08 10:04:44,37500.0,100.0,776904.0
631,2021-10-08 10:04:01,37400.0,500.0,776804.0
632,2021-10-08 10:03:52,37500.0,800.0,776304.0
633,2021-10-08 10:03:47,37400.0,10000.0,775504.0
634,2021-10-08 10:03:35,37500.0,1000.0,765504.0
635,2021-10-08 10:03:23,37400.0,100.0,764504.0
636,2021-10-08 10:03:11,37500.0,1500.0,764404.0
637,2021-10-08 10:03:02,37400.0,500.0,762904.0
638,2021-10-08 10:03:00,37500.0,112.0,762404.0
639,2021-10-08 10:01:46,37500.0,1500.0,762292.0
640,2021-10-08 10:01:39,37500.0,500.0,760792.0
641,2021-10-08 10:01:34,37500.0,100.0,760292.0
642,2021-10-08 10:01:32,37500.0,2500.0,760192.0
643,2021-10-08 10:01:31,37500.0,1000.0,757692.0
644,2021-10-08 10:01:12,37500.0,1000.0,756692.0
645,2021-10-08 10:01:00,37500.0,4500.0,755692.0
646,2021-10-08 10:00:43,37500.0,300.0,751192.0
647,2021-10-08 10:00:27,37500.0,200.0,750892.0
648,2021-10-08 10:00:24,37500.0,700.0,750692.0
649,2021-10-08 10:00:14,37500.0,13000.0,749992.0
650,2021-10-08 10:00:02,37600.0,5000.0,736992.0
651,2021-10-08 09:59:53,37600.0,200.0,731992.0
652,2021-10-08 09:59:28,37600.0,300.0,731792.0
653,2021-10-08 09:59:25,37600.0,20000.0,731492.0
654,2021-10-08 09:59:22,37600.0,10000.0,711492.0
655,2021-10-08 09:59:12,37600.0,2000.0,701492.0
656,2021-10-08 09:59:11,37600.0,400.0,699492.0
657,2021-10-08 09:59:03,37600.0,100.0,699092.0
658,2021-10-08 09:58:09,37600.0,500.0,698992.0
659,2021-10-08 09:57:52,37600.0,5000.0,698492.0
660,2021-10-08 09:57:49,37500.0,100.0,693492.0
661,2021-10-08 09:57:30,37600.0,1400.0,693392.0
662,2021-10-08 09:57:18,37500.0,1700.0,691992.0
663,2021-10-08 09:57:02,37600.0,20.0,690292.0
664,2021-10-08 09:56:41,37600.0,400.0,690272.0
665,2021-10-08 09:56:38,37600.0,100.0,689872.0
666,2021-10-08 09:56:36,37600.0,200.0,689772.0
667,2021-10-08 09:56:22,37600.0,300.0,689572.0
668,2021-10-08 09:56:20,37600.0,100.0,689272.0
669,2021-10-08 09:56:19,37600.0,200.0,689172.0
670,2021-10-08 09:55:59,37600.0,2000.0,688972.0
671,2021-10-08 09:55:43,37600.0,100.0,686972.0
672,2021-10-08 09:55:27,37600.0,500.0,686872.0
673,2021-10-08 09:55:26,37600.0,500.0,686372.0
674,2021-10-08 09:55:18,37600.0,100.0,685872.0
675,2021-10-08 09:55:07,37600.0,1000.0,685772.0
676,2021-10-08 09:54:59,37600.0,12100.0,684772.0
677,2021-10-08 09:54:53,37700.0,20000.0,672672.0
678,2021-10-08 09:54:50,37600.0,3000.0,652672.0
679,2021-10-08 09:54:35,37600.0,20000.0,649672.0
680,2021-10-08 09:54:02,37600.0,400.0,629672.0
681,2021-10-08 09:54:00,37600.0,6200.0,629272.0
682,2021-10-08 09:53:44,37600.0,200.0,623072.0
683,2021-10-08 09:53:42,37600.0,1300.0,622872.0
684,2021-10-08 09:53:36,37700.0,60000.0,621572.0
685,2021-10-08 09:53:32,37600.0,4500.0,561572.0
686,2021-10-08 09:53:30,37600.0,3500.0,557072.0
687,2021-10-08 09:53:29,37600.0,1000.0,553572.0
688,2021-10-08 09:53:26,37600.0,1000.0,552572.0
689,2021-10-08 09:53:24,37600.0,100.0,551572.0
690,2021-10-08 09:53:15,37600.0,100.0,551472.0
691,2021-10-08 09:53:14,37600.0,2.0,551372.0
692,2021-10-08 09:53:12,37600.0,3600.0,551370.0
693,2021-10-08 09:53:10,37600.0,2000.0,547770.0
694,2021-10-08 09:53:07,37600.0,5000.0,545770.0
695,2021-10-08 09:53:01,37600.0,100.0,540770.0
696,2021-10-08 09:52:55,37600.0,5000.0,540670.0
697,2021-10-08 09:52:49,37500.0,100.0,535670.0
698,2021-10-08 09:52:39,37600.0,600.0,535570.0
699,2021-10-08 09:52:18,37500.0,100.0,534970.0
700,2021-10-08 09:52:10,37500.0,200.0,534870.0
701,2021-10-08 09:52:08,37500.0,38600.0,534670.0
702,2021-10-08 09:51:45,37400.0,2700.0,496070.0
703,2021-10-08 09:51:42,37400.0,2000.0,493370.0
704,2021-10-08 09:51:39,37400.0,3000.0,491370.0
705,2021-10-08 09:51:37,37400.0,200.0,488370.0
706,2021-10-08 09:51:33,37400.0,1000.0,488170.0
707,2021-10-08 09:51:32,37400.0,200.0,487170.0
708,2021-10-08 09:51:22,37400.0,3000.0,486970.0
709,2021-10-08 09:51:21,37400.0,1000.0,483970.0
710,2021-10-08 09:51:17,37400.0,3000.0,482970.0
711,2021-10-08 09:51:05,37400.0,2500.0,479970.0
712,2021-10-08 09:50:21,37400.0,2000.0,477470.0
713,2021-10-08 09:50:20,37400.0,100.0,475470.0
714,2021-10-08 09:50:13,37400.0,100.0,475370.0
715,2021-10-08 09:50:11,37400.0,1000.0,475270.0
716,2021-10-08 09:50:09,37400.0,100.0,474270.0
717,2021-10-08 09:50:07,37400.0,400.0,474170.0
718,2021-10-08 09:50:04,37400.0,100.0,473770.0
719,2021-10-08 09:50:03,37400.0,400.0,473670.0
720,2021-10-08 09:49:57,37400.0,5000.0,473270.0
721,2021-10-08 09:49:54,37400.0,1300.0,468270.0
722,2021-10-08 09:49:40,37400.0,5000.0,466970.0
723,2021-10-08 09:49:36,37400.0,100.0,461970.0
724,2021-10-08 09:48:54,37400.0,3100.0,461870.0
725,2021-10-08 09:48:48,37400.0,3000.0,458770.0
726,2021-10-08 09:48:43,37400.0,1000.0,455770.0
727,2021-10-08 09:48:39,37400.0,8300.0,454770.0
728,2021-10-08 09:48:21,37300.0,26100.0,446470.0
729,2021-10-08 09:45:38,37300.0,100.0,420370.0
730,2021-10-08 09:45:04,37300.0,15000.0,420270.0
731,2021-10-08 09:44:42,37200.0,1500.0,405270.0
732,2021-10-08 09:43:54,37200.0,1000.0,403770.0
733,2021-10-08 09:43:38,37200.0,5400.0,402770.0
734,2021-10-08 09:43:22,37200.0,500.0,397370.0
735,2021-10-08 09:43:13,37200.0,1800.0,396870.0
736,2021-10-08 09:43:11,37200.0,100.0,395070.0
737,2021-10-08 09:42:55,37200.0,4800.0,394970.0
738,2021-10-08 09:42:12,37200.0,1000.0,390170.0
739,2021-10-08 09:42:10,37200.0,700.0,389170.0
740,2021-10-08 09:41:35,37200.0,2000.0,388470.0
741,2021-10-08 09:41:10,37200.0,100.0,386470.0
742,2021-10-08 09:41:02,37200.0,100.0,386370.0
743,2021-10-08 09:40:22,37200.0,200.0,386270.0
744,2021-10-08 09:39:31,37200.0,1000.0,386070.0
745,2021-10-08 09:39:06,37200.0,100.0,385070.0
746,2021-10-08 09:39:02,37200.0,400.0,384970.0
747,2021-10-08 09:38:49,37200.0,600.0,384570.0
748,2021-10-08 09:38:45,37200.0,400.0,383970.0
749,2021-10-08 09:38:43,37200.0,4600.0,383570.0
750,2021-10-08 09:38:30,37200.0,300.0,378970.0
751,2021-10-08 09:38:28,37200.0,7000.0,378670.0
752,2021-10-08 09:38:07,37200.0,200.0,371670.0
753,2021-10-08 09:38:05,37200.0,14100.0,371470.0
754,2021-10-08 09:37:43,37200.0,5000.0,357370.0
755,2021-10-08 09:37:34,37300.0,500.0,352370.0
756,2021-10-08 09:37:22,37200.0,500.0,351870.0
757,2021-10-08 09:37:16,37200.0,300.0,351370.0
758,2021-10-08 09:37:12,37200.0,100.0,351070.0
759,2021-10-08 09:36:58,37200.0,500.0,350970.0
760,2021-10-08 09:36:50,37300.0,20000.0,350470.0
761,2021-10-08 09:36:32,37200.0,500.0,330470.0
762,2021-10-08 09:36:27,37200.0,300.0,329970.0
763,2021-10-08 09:36:19,37200.0,100.0,329670.0
764,2021-10-08 09:35:41,37200.0,200.0,329570.0
765,2021-10-08 09:35:12,37300.0,46.0,329370.0
766,2021-10-08 09:34:46,37300.0,100.0,329324.0
767,2021-10-08 09:34:45,37300.0,3700.0,329224.0
768,2021-10-08 09:34:43,37300.0,4300.0,325524.0
769,2021-10-08 09:34:37,37200.0,200.0,321224.0
770,2021-10-08 09:33:46,37200.0,2000.0,321024.0
771,2021-10-08 09:33:24,37200.0,200.0,319024.0
772,2021-10-08 09:33:21,37400.0,35000.0,318824.0
773,2021-10-08 09:33:11,37200.0,100.0,283824.0
774,2021-10-08 09:33:03,37200.0,400.0,283724.0
775,2021-10-08 09:32:42,37200.0,5800.0,283324.0
776,2021-10-08 09:32:41,37200.0,300.0,277524.0
777,2021-10-08 09:32:18,37300.0,30000.0,277224.0
778,2021-10-08 09:32:04,37200.0,1000.0,247224.0
779,2021-10-08 09:31:57,37200.0,100.0,246224.0
780,2021-10-08 09:31:42,37200.0,2500.0,246124.0
781,2021-10-08 09:31:00,37200.0,1000.0,243624.0
782,2021-10-08 09:30:55,37200.0,100.0,242624.0
783,2021-10-08 09:30:47,37200.0,14300.0,242524.0
784,2021-10-08 09:30:33,37200.0,20000.0,228224.0
785,2021-10-08 09:30:20,37100.0,300.0,208224.0
786,2021-10-08 09:29:22,37100.0,700.0,207924.0
787,2021-10-08 09:29:17,37100.0,100.0,207224.0
788,2021-10-08 09:29:05,37100.0,200.0,207124.0
789,2021-10-08 09:28:54,37100.0,50000.0,206924.0
790,2021-10-08 09:28:46,37200.0,7000.0,156924.0
791,2021-10-08 09:28:01,37200.0,600.0,149924.0
792,2021-10-08 09:27:41,37200.0,100.0,149324.0
793,2021-10-08 09:27:40,37200.0,100.0,149224.0
794,2021-10-08 09:27:33,37200.0,600.0,149124.0
795,2021-10-08 09:27:21,37200.0,800.0,148524.0
796,2021-10-08 09:26:30,37100.0,1000.0,147724.0
797,2021-10-08 09:26:00,37100.0,4.0,146724.0
798,2021-10-08 09:25:44,37100.0,100.0,146720.0
799,2021-10-08 09:25:35,37100.0,5000.0,146620.0
800,2021-10-08 09:25:23,37100.0,500.0,141620.0
801,2021-10-08 09:25:12,37100.0,1000.0,141120.0
802,2021-10-08 09:25:08,37100.0,200.0,140120.0
803,2021-10-08 09:24:58,37100.0,100.0,139920.0
804,2021-10-08 09:24:51,37100.0,1100.0,139820.0
805,2021-10-08 09:24:12,37100.0,100.0,138720.0
806,2021-10-08 09:23:48,37100.0,500.0,138620.0
807,2021-10-08 09:23:43,37100.0,200.0,138120.0
808,2021-10-08 09:23:31,37100.0,100.0,137920.0
809,2021-10-08 09:23:05,37100.0,500.0,137820.0
810,2021-10-08 09:22:57,37100.0,3000.0,137320.0
811,2021-10-08 09:22:53,37100.0,2500.0,134320.0
812,2021-10-08 09:22:37,37100.0,2800.0,131820.0
813,2021-10-08 09:22:22,37100.0,300.0,129020.0
814,2021-10-08 09:22:07,37100.0,500.0,128720.0
815,2021-10-08 09:21:32,37100.0,1400.0,128220.0
816,2021-10-08 09:21:19,37100.0,500.0,126820.0
817,2021-10-08 09:21:05,37100.0,500.0,126320.0
818,2021-10-08 09:20:28,37100.0,100.0,125820.0
819,2021-10-08 09:20:19,37100.0,200.0,125720.0
820,2021-10-08 09:20:15,37100.0,300.0,125520.0
821,2021-10-08 09:19:50,37100.0,2000.0,125220.0
822,2021-10-08 09:19:41,37100.0,5000.0,123220.0
823,2021-10-08 09:19:28,37100.0,100.0,118220.0
824,2021-10-08 09:19:19,37100.0,400.0,118120.0
825,2021-10-08 09:19:15,37100.0,400.0,117720.0
826,2021-10-08 09:18:54,37100.0,100.0,117320.0
827,2021-10-08 09:18:53,37100.0,300.0,117220.0
828,2021-10-08 09:18:51,37100.0,100.0,116920.0
829,2021-10-08 09:18:33,37100.0,2600.0,116820.0
830,2021-10-08 09:18:29,37100.0,1000.0,114220.0
831,2021-10-08 09:18:26,37000.0,9000.0,113220.0
832,2021-10-08 09:18:23,37100.0,700.0,104220.0
833,2021-10-08 09:18:06,37000.0,3000.0,103520.0
834,2021-10-08 09:18:03,37100.0,1000.0,100520.0
835,2021-10-08 09:17:54,37100.0,5100.0,99520.0
836,2021-10-08 09:17:51,37100.0,100.0,94420.0
837,2021-10-08 09:17:46,37100.0,200.0,94320.0
838,2021-10-08 09:17:43,37100.0,100.0,94120.0
839,2021-10-08 09:17:20,37100.0,1000.0,94020.0
840,2021-10-08 09:17:19,37100.0,2000.0,93020.0
841,2021-10-08 09:17:13,37100.0,200.0,91020.0
842,2021-10-08 09:17:08,37100.0,2800.0,90820.0
843,2021-10-08 09:16:59,37100.0,5000.0,88020.0
844,2021-10-08 09:16:18,37100.0,800.0,83020.0
845,2021-10-08 09:16:06,37100.0,500.0,82220.0
846,2021-10-08 09:16:03,37100.0,1000.0,81720.0
847,2021-10-08 09:15:53,37100.0,2000.0,80720.0
848,2021-10-08 09:15:30,37100.0,1100.0,78720.0
849,2021-10-08 09:15:20,37100.0,500.0,77620.0
850,2021-10-08 09:14:45,37100.0,800.0,77120.0
851,2021-10-08 09:14:40,37100.0,300.0,76320.0
852,2021-10-08 09:14:21,37100.0,500.0,76020.0
853,2021-10-08 09:13:42,37100.0,1400.0,75520.0
854,2021-10-08 09:13:23,37000.0,500.0,74120.0
855,2021-10-08 09:13:09,37000.0,1000.0,73620.0
856,2021-10-08 09:13:06,37100.0,1000.0,72620.0
857,2021-10-08 09:12:50,37100.0,100.0,71620.0
858,2021-10-08 09:12:45,37100.0,400.0,71520.0
859,2021-10-08 09:12:31,37100.0,600.0,71120.0
860,2021-10-08 09:11:47,37100.0,200.0,70520.0
861,2021-10-08 09:10:35,37100.0,10000.0,70320.0
862,2021-10-08 09:09:30,37200.0,500.0,60320.0
863,2021-10-08 09:09:17,37200.0,700.0,59820.0
864,2021-10-08 09:09:02,37200.0,500.0,59120.0
865,2021-10-08 09:08:32,37200.0,600.0,58620.0
866,2021-10-08 09:08:07,37200.0,1600.0,58020.0
867,2021-10-08 09:06:44,37200.0,900.0,56420.0
868,2021-10-08 09:06:34,37200.0,100.0,55520.0
869,2021-10-08 09:06:13,37000.0,1000.0,55420.0
870,2021-10-08 09:05:39,37000.0,100.0,54420.0
871,2021-10-08 09:05:38,37000.0,38200.0,54320.0
872,2021-10-08 09:05:33,37300.0,100.0,16120.0
873,2021-10-08 09:05:24,37300.0,100.0,16020.0
874,2021-10-08 09:05:18,37300.0,18.0,15920.0
875,2021-10-08 09:05:09,37300.0,800.0,15902.0
876,2021-10-08 09:05:06,37300.0,600.0,15102.0
877,2021-10-08 09:04:43,37300.0,1100.0,14502.0
878,2021-10-08 09:03:55,37300.0,1000.0,13402.0
879,2021-10-08 09:02:48,37300.0,1000.0,12402.0
880,2021-10-08 09:02:29,37300.0,200.0,11402.0
881,2021-10-08 09:01:39,37200.0,1000.0,11202.0
882,2021-10-08 09:01:32,37300.0,200.0,10202.0
883,2021-10-08 09:01:31,37300.0,100.0,10002.0
884,2021-10-08 09:01:26,37400.0,500.0,9902.0
885,2021-10-08 09:01:24,37300.0,1000.0,9402.0
886,2021-10-08 09:01:01,37200.0,1000.0,8402.0
887,2021-10-08 09:00:50,37200.0,5000.0,7402.0
888,2021-10-08 09:00:44,37200.0,500.0,2402.0
889,2021-10-08 09:00:36,37200.0,1100.0,1902.0
890,2021-10-08 09:00:22,37300.0,500.0,802.0
891,2021-10-08 09:00:21,37300.0,200.0,302.0
892,2021-10-08 09:00:16,37300.0,2.0,102.0
893,2021-10-08 09:00:11,37300.0,100.0,100.0
