,Time,Price,Volume_per_trade,Volume
0,2021-10-07 14:45:03,37200.0,90500.0,3466775.0
1,2021-10-07 14:29:52,37000.0,2600.0,3376275.0
2,2021-10-07 14:29:48,37000.0,25700.0,3373675.0
3,2021-10-07 14:29:35,37000.0,4500.0,3347975.0
4,2021-10-07 14:29:25,37000.0,900.0,3343475.0
5,2021-10-07 14:29:14,37000.0,14200.0,3342575.0
6,2021-10-07 14:29:05,37100.0,800.0,3328375.0
7,2021-10-07 14:28:54,37100.0,30300.0,3327575.0
8,2021-10-07 14:28:47,37000.0,500.0,3297275.0
9,2021-10-07 14:28:33,37000.0,1000.0,3296775.0
10,2021-10-07 14:28:21,37000.0,500.0,3295775.0
11,2021-10-07 14:28:20,37000.0,300.0,3295275.0
12,2021-10-07 14:28:17,37000.0,11000.0,3294975.0
13,2021-10-07 14:27:36,37000.0,500.0,3283975.0
14,2021-10-07 14:27:20,37100.0,1000.0,3283475.0
15,2021-10-07 14:27:06,37100.0,4000.0,3282475.0
16,2021-10-07 14:26:59,37000.0,500.0,3278475.0
17,2021-10-07 14:26:41,37100.0,1800.0,3277975.0
18,2021-10-07 14:26:31,37100.0,200.0,3276175.0
19,2021-10-07 14:26:27,37100.0,1000.0,3275975.0
20,2021-10-07 14:26:10,37100.0,1000.0,3274975.0
21,2021-10-07 14:26:07,37100.0,500.0,3273975.0
22,2021-10-07 14:25:44,37100.0,2000.0,3273475.0
23,2021-10-07 14:25:41,37100.0,3000.0,3271475.0
24,2021-10-07 14:25:27,37100.0,500.0,3268475.0
25,2021-10-07 14:24:56,37100.0,100.0,3267975.0
26,2021-10-07 14:24:11,37100.0,100.0,3267875.0
27,2021-10-07 14:23:37,37100.0,200.0,3267775.0
28,2021-10-07 14:23:17,37100.0,1000.0,3267575.0
29,2021-10-07 14:22:59,37100.0,800.0,3266575.0
30,2021-10-07 14:22:54,37100.0,25000.0,3265775.0
31,2021-10-07 14:21:08,37200.0,50.0,3240775.0
32,2021-10-07 14:20:49,37200.0,200.0,3240725.0
33,2021-10-07 14:20:14,37200.0,300.0,3240525.0
34,2021-10-07 14:20:06,37200.0,10000.0,3240225.0
35,2021-10-07 14:19:37,37200.0,5000.0,3230225.0
36,2021-10-07 14:18:22,37200.0,1000.0,3225225.0
37,2021-10-07 14:18:20,37100.0,10000.0,3224225.0
38,2021-10-07 14:18:12,37100.0,1000.0,3214225.0
39,2021-10-07 14:16:53,37100.0,2000.0,3213225.0
40,2021-10-07 14:16:07,37100.0,400.0,3211225.0
41,2021-10-07 14:16:04,37100.0,10000.0,3210825.0
42,2021-10-07 14:15:51,37100.0,500.0,3200825.0
43,2021-10-07 14:15:38,37100.0,100.0,3200325.0
44,2021-10-07 14:15:36,37100.0,1000.0,3200225.0
45,2021-10-07 14:15:35,37100.0,500.0,3199225.0
46,2021-10-07 14:15:21,37100.0,3000.0,3198725.0
47,2021-10-07 14:15:13,37100.0,100.0,3195725.0
48,2021-10-07 14:15:11,37100.0,3500.0,3195625.0
49,2021-10-07 14:14:56,37200.0,30000.0,3192125.0
50,2021-10-07 14:14:52,37200.0,30000.0,3162125.0
51,2021-10-07 14:14:38,37100.0,100.0,3132125.0
52,2021-10-07 14:14:35,37100.0,100.0,3132025.0
53,2021-10-07 14:12:54,37100.0,4000.0,3131925.0
54,2021-10-07 14:11:29,37000.0,6000.0,3127925.0
55,2021-10-07 14:11:13,37200.0,1000.0,3121925.0
56,2021-10-07 14:10:58,37000.0,26000.0,3120925.0
57,2021-10-07 14:09:57,37000.0,10100.0,3094925.0
58,2021-10-07 14:09:39,37100.0,300.0,3084825.0
59,2021-10-07 14:09:22,37100.0,500.0,3084525.0
60,2021-10-07 14:09:18,37100.0,100.0,3084025.0
61,2021-10-07 14:08:56,37000.0,100.0,3083925.0
62,2021-10-07 14:08:31,37000.0,600.0,3083825.0
63,2021-10-07 14:08:30,37100.0,3700.0,3083225.0
64,2021-10-07 14:08:15,37100.0,1900.0,3079525.0
65,2021-10-07 14:07:27,37100.0,500.0,3077625.0
66,2021-10-07 14:07:10,37100.0,6000.0,3077125.0
67,2021-10-07 14:06:59,37200.0,200.0,3071125.0
68,2021-10-07 14:06:30,37200.0,100.0,3070925.0
69,2021-10-07 14:06:26,37100.0,100.0,3070825.0
70,2021-10-07 14:06:16,37100.0,300.0,3070725.0
71,2021-10-07 14:05:48,37100.0,6000.0,3070425.0
72,2021-10-07 14:05:17,37100.0,500.0,3064425.0
73,2021-10-07 14:05:15,37100.0,100.0,3063925.0
74,2021-10-07 14:05:07,37100.0,100.0,3063825.0
75,2021-10-07 14:04:51,37100.0,100.0,3063725.0
76,2021-10-07 14:04:50,37100.0,500.0,3063625.0
77,2021-10-07 14:04:44,37100.0,1300.0,3063125.0
78,2021-10-07 14:04:39,37100.0,100.0,3061825.0
79,2021-10-07 14:04:30,37100.0,100.0,3061725.0
80,2021-10-07 14:04:02,37100.0,500.0,3061625.0
81,2021-10-07 14:03:49,37100.0,300.0,3061125.0
82,2021-10-07 14:03:35,37100.0,2100.0,3060825.0
83,2021-10-07 14:03:16,37100.0,100.0,3058725.0
84,2021-10-07 14:03:04,37100.0,3000.0,3058625.0
85,2021-10-07 14:02:59,37100.0,100.0,3055625.0
86,2021-10-07 14:02:57,37100.0,1000.0,3055525.0
87,2021-10-07 14:02:49,37100.0,400.0,3054525.0
88,2021-10-07 14:02:04,37200.0,20.0,3054125.0
89,2021-10-07 14:01:53,37200.0,500.0,3054105.0
90,2021-10-07 14:01:38,37100.0,100.0,3053605.0
91,2021-10-07 14:01:13,37100.0,1500.0,3053505.0
92,2021-10-07 14:00:07,37100.0,400.0,3052005.0
93,2021-10-07 13:59:58,37100.0,6000.0,3051605.0
94,2021-10-07 13:59:43,37100.0,1000.0,3045605.0
95,2021-10-07 13:59:37,37100.0,700.0,3044605.0
96,2021-10-07 13:59:26,37100.0,100.0,3043905.0
97,2021-10-07 13:59:18,37100.0,2000.0,3043805.0
98,2021-10-07 13:58:46,37100.0,1000.0,3041805.0
99,2021-10-07 13:58:29,37100.0,1000.0,3040805.0
100,2021-10-07 13:58:14,37100.0,10000.0,3039805.0
101,2021-10-07 13:55:44,37100.0,200.0,3029805.0
102,2021-10-07 13:55:43,37100.0,4500.0,3029605.0
103,2021-10-07 13:55:34,37100.0,2000.0,3025105.0
104,2021-10-07 13:55:32,37000.0,4000.0,3023105.0
105,2021-10-07 13:55:30,37000.0,1000.0,3019105.0
106,2021-10-07 13:55:11,37100.0,100.0,3018105.0
107,2021-10-07 13:55:10,37100.0,100.0,3018005.0
108,2021-10-07 13:55:00,37100.0,50.0,3017905.0
109,2021-10-07 13:54:52,37100.0,100.0,3017855.0
110,2021-10-07 13:54:20,37100.0,100.0,3017755.0
111,2021-10-07 13:53:47,37100.0,2000.0,3017655.0
112,2021-10-07 13:53:45,37100.0,600.0,3015655.0
113,2021-10-07 13:53:30,37100.0,100.0,3015055.0
114,2021-10-07 13:53:23,37000.0,20000.0,3014955.0
115,2021-10-07 13:53:16,37100.0,200.0,2994955.0
116,2021-10-07 13:53:04,37100.0,300.0,2994755.0
117,2021-10-07 13:53:03,37100.0,200.0,2994455.0
118,2021-10-07 13:52:26,37100.0,20000.0,2994255.0
119,2021-10-07 13:52:25,37100.0,300.0,2974255.0
120,2021-10-07 13:52:19,37000.0,500.0,2973955.0
121,2021-10-07 13:52:11,37000.0,500.0,2973455.0
122,2021-10-07 13:51:44,37000.0,300.0,2972955.0
123,2021-10-07 13:51:02,37100.0,800.0,2972655.0
124,2021-10-07 13:50:48,37100.0,500.0,2971855.0
125,2021-10-07 13:50:31,37100.0,2900.0,2971355.0
126,2021-10-07 13:50:24,37100.0,100.0,2968455.0
127,2021-10-07 13:50:13,37100.0,10000.0,2968355.0
128,2021-10-07 13:50:04,37100.0,100.0,2958355.0
129,2021-10-07 13:49:42,37100.0,800.0,2958255.0
130,2021-10-07 13:49:36,37100.0,600.0,2957455.0
131,2021-10-07 13:49:16,37100.0,300.0,2956855.0
132,2021-10-07 13:49:13,37100.0,1400.0,2956555.0
133,2021-10-07 13:48:56,37100.0,500.0,2955155.0
134,2021-10-07 13:48:31,37100.0,100.0,2954655.0
135,2021-10-07 13:47:38,37100.0,400.0,2954555.0
136,2021-10-07 13:47:32,37100.0,100.0,2954155.0
137,2021-10-07 13:47:06,37100.0,900.0,2954055.0
138,2021-10-07 13:46:33,37100.0,100.0,2953155.0
139,2021-10-07 13:46:31,37100.0,1000.0,2953055.0
140,2021-10-07 13:46:01,37100.0,500.0,2952055.0
141,2021-10-07 13:45:57,37100.0,2000.0,2951555.0
142,2021-10-07 13:45:49,37100.0,200.0,2949555.0
143,2021-10-07 13:45:41,37100.0,100.0,2949355.0
144,2021-10-07 13:45:28,37100.0,900.0,2949255.0
145,2021-10-07 13:45:23,37100.0,100.0,2948355.0
146,2021-10-07 13:45:04,37100.0,1000.0,2948255.0
147,2021-10-07 13:45:00,37100.0,5000.0,2947255.0
148,2021-10-07 13:44:56,37100.0,100.0,2942255.0
149,2021-10-07 13:44:53,37100.0,1000.0,2942155.0
150,2021-10-07 13:44:47,37100.0,100.0,2941155.0
151,2021-10-07 13:44:08,37100.0,1000.0,2941055.0
152,2021-10-07 13:44:01,37100.0,500.0,2940055.0
153,2021-10-07 13:43:55,37100.0,100.0,2939555.0
154,2021-10-07 13:43:54,37100.0,500.0,2939455.0
155,2021-10-07 13:43:47,37100.0,200.0,2938955.0
156,2021-10-07 13:43:21,37100.0,500.0,2938755.0
157,2021-10-07 13:43:09,37100.0,700.0,2938255.0
158,2021-10-07 13:42:58,37100.0,100.0,2937555.0
159,2021-10-07 13:42:45,37100.0,16900.0,2937455.0
160,2021-10-07 13:42:09,37100.0,500.0,2920555.0
161,2021-10-07 13:41:55,37100.0,3000.0,2920055.0
162,2021-10-07 13:41:23,37100.0,100.0,2917055.0
163,2021-10-07 13:41:15,37100.0,100.0,2916955.0
164,2021-10-07 13:40:57,37100.0,5000.0,2916855.0
165,2021-10-07 13:40:55,37100.0,500.0,2911855.0
166,2021-10-07 13:40:34,37100.0,100.0,2911355.0
167,2021-10-07 13:40:30,37100.0,5000.0,2911255.0
168,2021-10-07 13:40:13,37100.0,500.0,2906255.0
169,2021-10-07 13:39:23,37100.0,1500.0,2905755.0
170,2021-10-07 13:39:14,37100.0,3000.0,2904255.0
171,2021-10-07 13:39:11,37100.0,100.0,2901255.0
172,2021-10-07 13:38:54,37100.0,6000.0,2901155.0
173,2021-10-07 13:38:41,37100.0,1100.0,2895155.0
174,2021-10-07 13:38:38,37100.0,400.0,2894055.0
175,2021-10-07 13:38:32,37100.0,1000.0,2893655.0
176,2021-10-07 13:38:14,37100.0,200.0,2892655.0
177,2021-10-07 13:38:02,37100.0,1100.0,2892455.0
178,2021-10-07 13:37:52,37100.0,5000.0,2891355.0
179,2021-10-07 13:37:30,37100.0,700.0,2886355.0
180,2021-10-07 13:37:21,37100.0,500.0,2885655.0
181,2021-10-07 13:37:20,37100.0,4100.0,2885155.0
182,2021-10-07 13:37:08,37100.0,900.0,2881055.0
183,2021-10-07 13:37:02,37000.0,1000.0,2880155.0
184,2021-10-07 13:36:58,37100.0,2700.0,2879155.0
185,2021-10-07 13:36:47,37100.0,4500.0,2876455.0
186,2021-10-07 13:36:42,37100.0,500.0,2871955.0
187,2021-10-07 13:36:38,37100.0,100.0,2871455.0
188,2021-10-07 13:36:05,37100.0,3000.0,2871355.0
189,2021-10-07 13:36:01,37100.0,500.0,2868355.0
190,2021-10-07 13:35:47,37100.0,500.0,2867855.0
191,2021-10-07 13:35:45,37100.0,2000.0,2867355.0
192,2021-10-07 13:35:35,37100.0,1000.0,2865355.0
193,2021-10-07 13:35:30,37100.0,1000.0,2864355.0
194,2021-10-07 13:35:18,37100.0,100.0,2863355.0
195,2021-10-07 13:35:07,37100.0,5000.0,2863255.0
196,2021-10-07 13:34:57,37100.0,500.0,2858255.0
197,2021-10-07 13:34:51,37100.0,500.0,2857755.0
198,2021-10-07 13:34:40,37100.0,500.0,2857255.0
199,2021-10-07 13:34:07,37200.0,1800.0,2856755.0
200,2021-10-07 13:34:06,37200.0,5000.0,2854955.0
201,2021-10-07 13:34:01,37200.0,5000.0,2849955.0
202,2021-10-07 13:33:46,37200.0,12500.0,2844955.0
203,2021-10-07 13:33:29,37200.0,100.0,2832455.0
204,2021-10-07 13:32:56,37200.0,12200.0,2832355.0
205,2021-10-07 13:32:48,37300.0,200.0,2820155.0
206,2021-10-07 13:32:11,37200.0,2000.0,2819955.0
207,2021-10-07 13:31:56,37300.0,300.0,2817955.0
208,2021-10-07 13:31:15,37200.0,200.0,2817655.0
209,2021-10-07 13:31:14,37300.0,400.0,2817455.0
210,2021-10-07 13:31:12,37300.0,100.0,2817055.0
211,2021-10-07 13:31:06,37300.0,3000.0,2816955.0
212,2021-10-07 13:30:27,37300.0,1600.0,2813955.0
213,2021-10-07 13:30:15,37300.0,6700.0,2812355.0
214,2021-10-07 13:30:11,37300.0,100.0,2805655.0
215,2021-10-07 13:29:57,37300.0,100.0,2805555.0
216,2021-10-07 13:29:53,37300.0,6000.0,2805455.0
217,2021-10-07 13:29:40,37300.0,900.0,2799455.0
218,2021-10-07 13:29:31,37300.0,100.0,2798555.0
219,2021-10-07 13:29:15,37300.0,900.0,2798455.0
220,2021-10-07 13:28:53,37300.0,1700.0,2797555.0
221,2021-10-07 13:28:49,37300.0,500.0,2795855.0
222,2021-10-07 13:28:33,37300.0,1000.0,2795355.0
223,2021-10-07 13:28:32,37300.0,1000.0,2794355.0
224,2021-10-07 13:27:56,37300.0,5500.0,2793355.0
225,2021-10-07 13:27:50,37300.0,1000.0,2787855.0
226,2021-10-07 13:27:43,37300.0,1000.0,2786855.0
227,2021-10-07 13:27:41,37300.0,100.0,2785855.0
228,2021-10-07 13:27:39,37400.0,3000.0,2785755.0
229,2021-10-07 13:27:22,37300.0,30.0,2782755.0
230,2021-10-07 13:27:06,37300.0,100.0,2782725.0
231,2021-10-07 13:26:25,37400.0,1000.0,2782625.0
232,2021-10-07 13:25:47,37400.0,1000.0,2781625.0
233,2021-10-07 13:25:44,37400.0,300.0,2780625.0
234,2021-10-07 13:25:40,37400.0,100.0,2780325.0
235,2021-10-07 13:25:33,37400.0,500.0,2780225.0
236,2021-10-07 13:25:28,37400.0,200.0,2779725.0
237,2021-10-07 13:25:26,37400.0,2000.0,2779525.0
238,2021-10-07 13:25:25,37400.0,200.0,2777525.0
239,2021-10-07 13:25:19,37400.0,100.0,2777325.0
240,2021-10-07 13:25:07,37400.0,3600.0,2777225.0
241,2021-10-07 13:24:38,37400.0,100.0,2773625.0
242,2021-10-07 13:24:35,37400.0,200.0,2773525.0
243,2021-10-07 13:24:30,37400.0,1000.0,2773325.0
244,2021-10-07 13:24:21,37400.0,1200.0,2772325.0
245,2021-10-07 13:24:19,37400.0,100.0,2771125.0
246,2021-10-07 13:24:14,37400.0,500.0,2771025.0
247,2021-10-07 13:24:10,37400.0,500.0,2770525.0
248,2021-10-07 13:24:05,37400.0,100.0,2770025.0
249,2021-10-07 13:24:00,37400.0,500.0,2769925.0
250,2021-10-07 13:23:58,37400.0,300.0,2769425.0
251,2021-10-07 13:23:52,37400.0,500.0,2769125.0
252,2021-10-07 13:23:48,37400.0,3300.0,2768625.0
253,2021-10-07 13:23:42,37400.0,1000.0,2765325.0
254,2021-10-07 13:23:41,37400.0,100.0,2764325.0
255,2021-10-07 13:23:34,37400.0,500.0,2764225.0
256,2021-10-07 13:23:31,37400.0,900.0,2763725.0
257,2021-10-07 13:23:29,37400.0,2000.0,2762825.0
258,2021-10-07 13:23:28,37400.0,400.0,2760825.0
259,2021-10-07 13:23:24,37400.0,100.0,2760425.0
260,2021-10-07 13:23:16,37400.0,39400.0,2760325.0
261,2021-10-07 13:23:08,37300.0,1000.0,2720925.0
262,2021-10-07 13:22:43,37300.0,500.0,2719925.0
263,2021-10-07 13:22:39,37400.0,100.0,2719425.0
264,2021-10-07 13:22:28,37400.0,100.0,2719325.0
265,2021-10-07 13:22:07,37400.0,100.0,2719225.0
266,2021-10-07 13:21:56,37300.0,1000.0,2719125.0
267,2021-10-07 13:21:41,37300.0,100.0,2718125.0
268,2021-10-07 13:21:14,37300.0,500.0,2718025.0
269,2021-10-07 13:20:53,37300.0,100.0,2717525.0
270,2021-10-07 13:20:15,37400.0,1000.0,2717425.0
271,2021-10-07 13:20:00,37400.0,600.0,2716425.0
272,2021-10-07 13:19:52,37400.0,200.0,2715825.0
273,2021-10-07 13:19:32,37400.0,100.0,2715625.0
274,2021-10-07 13:17:44,37300.0,100.0,2715525.0
275,2021-10-07 13:17:26,37300.0,3800.0,2715425.0
276,2021-10-07 13:17:02,37300.0,100.0,2711625.0
277,2021-10-07 13:16:50,37400.0,500.0,2711525.0
278,2021-10-07 13:16:49,37400.0,500.0,2711025.0
279,2021-10-07 13:16:44,37400.0,600.0,2710525.0
280,2021-10-07 13:16:31,37400.0,500.0,2709925.0
281,2021-10-07 13:16:26,37400.0,13900.0,2709425.0
282,2021-10-07 13:16:24,37400.0,2000.0,2695525.0
283,2021-10-07 13:16:12,37400.0,20000.0,2693525.0
284,2021-10-07 13:16:11,37400.0,20000.0,2673525.0
285,2021-10-07 13:16:08,37400.0,20000.0,2653525.0
286,2021-10-07 13:15:52,37300.0,100.0,2633525.0
287,2021-10-07 13:15:31,37400.0,500.0,2633425.0
288,2021-10-07 13:15:16,37400.0,600.0,2632925.0
289,2021-10-07 13:14:52,37300.0,5000.0,2632325.0
290,2021-10-07 13:14:42,37300.0,500.0,2627325.0
291,2021-10-07 13:14:37,37300.0,2800.0,2626825.0
292,2021-10-07 13:14:36,37300.0,100.0,2624025.0
293,2021-10-07 13:14:24,37300.0,2000.0,2623925.0
294,2021-10-07 13:14:21,37200.0,5200.0,2621925.0
295,2021-10-07 13:14:16,37300.0,1000.0,2616725.0
296,2021-10-07 13:14:06,37300.0,100.0,2615725.0
297,2021-10-07 13:13:45,37300.0,2000.0,2615625.0
298,2021-10-07 13:13:39,37300.0,1000.0,2613625.0
299,2021-10-07 13:13:13,37300.0,500.0,2612625.0
300,2021-10-07 13:13:08,37300.0,100.0,2612125.0
301,2021-10-07 13:12:41,37300.0,500.0,2612025.0
302,2021-10-07 13:12:39,37300.0,17500.0,2611525.0
303,2021-10-07 13:12:05,37300.0,200.0,2594025.0
304,2021-10-07 13:11:54,37200.0,100.0,2593825.0
305,2021-10-07 13:11:33,37200.0,2000.0,2593725.0
306,2021-10-07 13:10:53,37200.0,100.0,2591725.0
307,2021-10-07 13:10:45,37300.0,1800.0,2591625.0
308,2021-10-07 13:10:44,37300.0,500.0,2589825.0
309,2021-10-07 13:09:45,37300.0,500.0,2589325.0
310,2021-10-07 13:09:32,37300.0,1700.0,2588825.0
311,2021-10-07 13:09:31,37300.0,3300.0,2587125.0
312,2021-10-07 13:09:26,37300.0,700.0,2583825.0
313,2021-10-07 13:09:23,37300.0,100.0,2583125.0
314,2021-10-07 13:09:19,37300.0,1000.0,2583025.0
315,2021-10-07 13:09:17,37300.0,100.0,2582025.0
316,2021-10-07 13:09:06,37300.0,500.0,2581925.0
317,2021-10-07 13:08:26,37400.0,100.0,2581425.0
318,2021-10-07 13:08:21,37400.0,300.0,2581325.0
319,2021-10-07 13:08:18,37400.0,3000.0,2581025.0
320,2021-10-07 13:08:04,37400.0,500.0,2578025.0
321,2021-10-07 13:07:58,37300.0,13400.0,2577525.0
322,2021-10-07 13:07:23,37400.0,1000.0,2564125.0
323,2021-10-07 13:07:11,37300.0,2800.0,2563125.0
324,2021-10-07 13:06:52,37300.0,200.0,2560325.0
325,2021-10-07 13:06:48,37400.0,500.0,2560125.0
326,2021-10-07 13:06:21,37300.0,1000.0,2559625.0
327,2021-10-07 13:05:50,37400.0,1000.0,2558625.0
328,2021-10-07 13:05:44,37300.0,100.0,2557625.0
329,2021-10-07 13:04:20,37300.0,1000.0,2557525.0
330,2021-10-07 13:04:16,37400.0,100.0,2556525.0
331,2021-10-07 13:03:50,37400.0,300.0,2556425.0
332,2021-10-07 13:03:41,37400.0,30000.0,2556125.0
333,2021-10-07 13:03:40,37300.0,100.0,2526125.0
334,2021-10-07 13:03:37,37300.0,12300.0,2526025.0
335,2021-10-07 13:02:25,37200.0,200.0,2513725.0
336,2021-10-07 13:02:24,37300.0,100.0,2513525.0
337,2021-10-07 13:02:11,37300.0,100.0,2513425.0
338,2021-10-07 13:02:05,37300.0,100.0,2513325.0
339,2021-10-07 13:01:58,37300.0,100.0,2513225.0
340,2021-10-07 13:01:50,37300.0,100.0,2513125.0
341,2021-10-07 13:01:43,37300.0,100.0,2513025.0
342,2021-10-07 13:01:35,37300.0,100.0,2512925.0
343,2021-10-07 13:01:28,37300.0,500.0,2512825.0
344,2021-10-07 13:01:16,37300.0,100.0,2512325.0
345,2021-10-07 13:00:08,37300.0,2000.0,2512225.0
346,2021-10-07 13:00:06,37300.0,1200.0,2510225.0
347,2021-10-07 13:00:05,37200.0,2030.0,2509025.0
348,2021-10-07 13:00:04,37200.0,1000.0,2506995.0
349,2021-10-07 13:00:03,37200.0,600.0,2505995.0
350,2021-10-07 13:00:02,37300.0,2400.0,2505395.0
351,2021-10-07 11:29:30,37200.0,100.0,2502995.0
352,2021-10-07 11:29:19,37200.0,700.0,2502895.0
353,2021-10-07 11:29:18,37200.0,5000.0,2502195.0
354,2021-10-07 11:28:42,37200.0,2000.0,2497195.0
355,2021-10-07 11:28:22,37200.0,200.0,2495195.0
356,2021-10-07 11:27:57,37200.0,700.0,2494995.0
357,2021-10-07 11:27:52,37200.0,1800.0,2494295.0
358,2021-10-07 11:27:51,37200.0,11900.0,2492495.0
359,2021-10-07 11:27:42,37200.0,2000.0,2480595.0
360,2021-10-07 11:27:35,37200.0,100.0,2478595.0
361,2021-10-07 11:27:26,37200.0,2000.0,2478495.0
362,2021-10-07 11:27:09,37300.0,3400.0,2476495.0
363,2021-10-07 11:27:06,37300.0,3700.0,2473095.0
364,2021-10-07 11:27:00,37300.0,5100.0,2469395.0
365,2021-10-07 11:26:19,37300.0,400.0,2464295.0
366,2021-10-07 11:26:17,37300.0,500.0,2463895.0
367,2021-10-07 11:26:13,37300.0,49100.0,2463395.0
368,2021-10-07 11:26:11,37400.0,500.0,2414295.0
369,2021-10-07 11:26:07,37300.0,1000.0,2413795.0
370,2021-10-07 11:25:42,37300.0,4400.0,2412795.0
371,2021-10-07 11:25:37,37300.0,9800.0,2408395.0
372,2021-10-07 11:25:23,37400.0,100.0,2398595.0
373,2021-10-07 11:25:10,37300.0,1100.0,2398495.0
374,2021-10-07 11:24:54,37400.0,2000.0,2397395.0
375,2021-10-07 11:24:50,37400.0,500.0,2395395.0
376,2021-10-07 11:24:47,37300.0,1000.0,2394895.0
377,2021-10-07 11:24:45,37300.0,200.0,2393895.0
378,2021-10-07 11:24:30,37300.0,200.0,2393695.0
379,2021-10-07 11:23:44,37400.0,30.0,2393495.0
380,2021-10-07 11:23:31,37400.0,3000.0,2393465.0
381,2021-10-07 11:23:18,37400.0,600.0,2390465.0
382,2021-10-07 11:23:16,37400.0,2000.0,2389865.0
383,2021-10-07 11:23:07,37400.0,200.0,2387865.0
384,2021-10-07 11:22:57,37400.0,200.0,2387665.0
385,2021-10-07 11:22:53,37400.0,100.0,2387465.0
386,2021-10-07 11:22:38,37400.0,500.0,2387365.0
387,2021-10-07 11:22:24,37400.0,30000.0,2386865.0
388,2021-10-07 11:22:08,37400.0,1300.0,2356865.0
389,2021-10-07 11:22:02,37300.0,500.0,2355565.0
390,2021-10-07 11:21:55,37400.0,300.0,2355065.0
391,2021-10-07 11:21:53,37400.0,2000.0,2354765.0
392,2021-10-07 11:21:52,37400.0,100.0,2352765.0
393,2021-10-07 11:21:26,37400.0,100.0,2352665.0
394,2021-10-07 11:21:10,37400.0,500.0,2352565.0
395,2021-10-07 11:20:42,37400.0,400.0,2352065.0
396,2021-10-07 11:20:26,37400.0,200.0,2351665.0
397,2021-10-07 11:20:18,37400.0,215.0,2351465.0
398,2021-10-07 11:19:47,37400.0,100.0,2351250.0
399,2021-10-07 11:19:43,37400.0,800.0,2351150.0
400,2021-10-07 11:19:34,37400.0,200.0,2350350.0
401,2021-10-07 11:19:29,37400.0,100.0,2350150.0
402,2021-10-07 11:19:20,37400.0,900.0,2350050.0
403,2021-10-07 11:19:19,37400.0,200.0,2349150.0
404,2021-10-07 11:19:03,37400.0,10000.0,2348950.0
405,2021-10-07 11:19:01,37400.0,300.0,2338950.0
406,2021-10-07 11:18:50,37300.0,100.0,2338650.0
407,2021-10-07 11:18:27,37300.0,500.0,2338550.0
408,2021-10-07 11:18:03,37400.0,6000.0,2338050.0
409,2021-10-07 11:17:56,37400.0,200.0,2332050.0
410,2021-10-07 11:17:46,37400.0,100.0,2331850.0
411,2021-10-07 11:17:41,37400.0,2000.0,2331750.0
412,2021-10-07 11:17:39,37400.0,1000.0,2329750.0
413,2021-10-07 11:17:35,37400.0,300.0,2328750.0
414,2021-10-07 11:17:29,37400.0,500.0,2328450.0
415,2021-10-07 11:17:21,37400.0,5000.0,2327950.0
416,2021-10-07 11:17:08,37400.0,1000.0,2322950.0
417,2021-10-07 11:17:05,37400.0,500.0,2321950.0
418,2021-10-07 11:16:59,37400.0,17800.0,2321450.0
419,2021-10-07 11:16:47,37400.0,2800.0,2303650.0
420,2021-10-07 11:16:45,37400.0,1300.0,2300850.0
421,2021-10-07 11:16:28,37400.0,200.0,2299550.0
422,2021-10-07 11:16:19,37400.0,5000.0,2299350.0
423,2021-10-07 11:16:05,37400.0,5000.0,2294350.0
424,2021-10-07 11:16:01,37400.0,5000.0,2289350.0
425,2021-10-07 11:15:45,37400.0,1000.0,2284350.0
426,2021-10-07 11:15:30,37400.0,24700.0,2283350.0
427,2021-10-07 11:15:20,37400.0,400.0,2258650.0
428,2021-10-07 11:15:15,37400.0,3600.0,2258250.0
429,2021-10-07 11:15:11,37400.0,34.0,2254650.0
430,2021-10-07 11:15:07,37400.0,400.0,2254616.0
431,2021-10-07 11:14:59,37400.0,700.0,2254216.0
432,2021-10-07 11:14:55,37400.0,1400.0,2253516.0
433,2021-10-07 11:14:50,37400.0,200.0,2252116.0
434,2021-10-07 11:14:22,37300.0,3000.0,2251916.0
435,2021-10-07 11:14:07,37400.0,100.0,2248916.0
436,2021-10-07 11:13:53,37400.0,1000.0,2248816.0
437,2021-10-07 11:13:41,37400.0,30000.0,2247816.0
438,2021-10-07 11:13:37,37400.0,7600.0,2217816.0
439,2021-10-07 11:13:30,37300.0,5000.0,2210216.0
440,2021-10-07 11:13:22,37300.0,2000.0,2205216.0
441,2021-10-07 11:13:10,37400.0,1600.0,2203216.0
442,2021-10-07 11:12:40,37400.0,1500.0,2201616.0
443,2021-10-07 11:12:29,37400.0,600.0,2200116.0
444,2021-10-07 11:12:28,37400.0,1000.0,2199516.0
445,2021-10-07 11:12:10,37400.0,400.0,2198516.0
446,2021-10-07 11:12:04,37300.0,500.0,2198116.0
447,2021-10-07 11:11:39,37300.0,100.0,2197616.0
448,2021-10-07 11:11:21,37300.0,300.0,2197516.0
449,2021-10-07 11:10:59,37300.0,300.0,2197216.0
450,2021-10-07 11:10:54,37400.0,1400.0,2196916.0
451,2021-10-07 11:10:39,37300.0,5000.0,2195516.0
452,2021-10-07 11:10:38,37300.0,800.0,2190516.0
453,2021-10-07 11:10:32,37300.0,600.0,2189716.0
454,2021-10-07 11:10:27,37300.0,500.0,2189116.0
455,2021-10-07 11:10:22,37300.0,300.0,2188616.0
456,2021-10-07 11:09:57,37300.0,300.0,2188316.0
457,2021-10-07 11:09:56,37300.0,300.0,2188016.0
458,2021-10-07 11:09:47,37300.0,200.0,2187716.0
459,2021-10-07 11:09:24,37300.0,500.0,2187516.0
460,2021-10-07 11:09:23,37300.0,300.0,2187016.0
461,2021-10-07 11:09:10,37300.0,200.0,2186716.0
462,2021-10-07 11:09:07,37300.0,100.0,2186516.0
463,2021-10-07 11:08:38,37300.0,16000.0,2186416.0
464,2021-10-07 11:08:35,37400.0,500.0,2170416.0
465,2021-10-07 11:08:24,37400.0,500.0,2169916.0
466,2021-10-07 11:08:23,37400.0,2500.0,2169416.0
467,2021-10-07 11:08:15,37400.0,1000.0,2166916.0
468,2021-10-07 11:08:00,37400.0,100.0,2165916.0
469,2021-10-07 11:07:55,37400.0,1000.0,2165816.0
470,2021-10-07 11:07:35,37400.0,10000.0,2164816.0
471,2021-10-07 11:07:27,37400.0,100.0,2154816.0
472,2021-10-07 11:07:11,37400.0,15000.0,2154716.0
473,2021-10-07 11:07:02,37300.0,400.0,2139716.0
474,2021-10-07 11:06:56,37300.0,2000.0,2139316.0
475,2021-10-07 11:06:40,37300.0,100.0,2137316.0
476,2021-10-07 11:06:31,37300.0,1000.0,2137216.0
477,2021-10-07 11:06:21,37300.0,500.0,2136216.0
478,2021-10-07 11:06:07,37300.0,15000.0,2135716.0
479,2021-10-07 11:05:59,37300.0,100.0,2120716.0
480,2021-10-07 11:05:53,37300.0,4600.0,2120616.0
481,2021-10-07 11:05:50,37300.0,600.0,2116016.0
482,2021-10-07 11:05:32,37300.0,700.0,2115416.0
483,2021-10-07 11:05:29,37300.0,100.0,2114716.0
484,2021-10-07 11:05:26,37300.0,1100.0,2114616.0
485,2021-10-07 11:05:25,37300.0,200.0,2113516.0
486,2021-10-07 11:05:19,37300.0,1700.0,2113316.0
487,2021-10-07 11:05:16,37200.0,600.0,2111616.0
488,2021-10-07 11:05:06,37300.0,700.0,2111016.0
489,2021-10-07 11:04:58,37300.0,2500.0,2110316.0
490,2021-10-07 11:04:52,37300.0,2800.0,2107816.0
491,2021-10-07 11:04:48,37300.0,2800.0,2105016.0
492,2021-10-07 11:04:36,37300.0,1000.0,2102216.0
493,2021-10-07 11:04:09,37300.0,500.0,2101216.0
494,2021-10-07 11:03:58,37300.0,3000.0,2100716.0
495,2021-10-07 11:03:51,37400.0,500.0,2097716.0
496,2021-10-07 11:03:49,37300.0,3300.0,2097216.0
497,2021-10-07 11:03:48,37400.0,100.0,2093916.0
498,2021-10-07 11:03:45,37400.0,300.0,2093816.0
499,2021-10-07 11:03:41,37400.0,9100.0,2093516.0
500,2021-10-07 11:03:34,37400.0,1000.0,2084416.0
501,2021-10-07 11:03:33,37300.0,1000.0,2083416.0
502,2021-10-07 11:03:26,37300.0,1000.0,2082416.0
503,2021-10-07 11:03:23,37300.0,5000.0,2081416.0
504,2021-10-07 11:03:21,37300.0,100.0,2076416.0
505,2021-10-07 11:03:19,37300.0,500.0,2076316.0
506,2021-10-07 11:03:10,37300.0,30500.0,2075816.0
507,2021-10-07 11:03:01,37300.0,600.0,2045316.0
508,2021-10-07 11:02:54,37300.0,500.0,2044716.0
509,2021-10-07 11:02:49,37300.0,4000.0,2044216.0
510,2021-10-07 11:02:47,37300.0,500.0,2040216.0
511,2021-10-07 11:02:28,37300.0,200.0,2039716.0
512,2021-10-07 11:02:25,37400.0,600.0,2039516.0
513,2021-10-07 11:02:11,37300.0,500.0,2038916.0
514,2021-10-07 11:01:42,37300.0,500.0,2038416.0
515,2021-10-07 11:01:40,37300.0,1000.0,2037916.0
516,2021-10-07 11:01:23,37300.0,10000.0,2036916.0
517,2021-10-07 11:01:19,37400.0,1000.0,2026916.0
518,2021-10-07 11:01:14,37300.0,200.0,2025916.0
519,2021-10-07 11:01:11,37300.0,100.0,2025716.0
520,2021-10-07 11:01:10,37300.0,1000.0,2025616.0
521,2021-10-07 11:01:09,37400.0,5100.0,2024616.0
522,2021-10-07 11:00:44,37300.0,2000.0,2019516.0
523,2021-10-07 11:00:41,37300.0,20000.0,2017516.0
524,2021-10-07 11:00:26,37300.0,1100.0,1997516.0
525,2021-10-07 11:00:21,37300.0,200.0,1996416.0
526,2021-10-07 11:00:17,37300.0,800.0,1996216.0
527,2021-10-07 11:00:15,37300.0,500.0,1995416.0
528,2021-10-07 11:00:02,37300.0,4300.0,1994916.0
529,2021-10-07 10:59:46,37400.0,13600.0,1990616.0
530,2021-10-07 10:59:22,37400.0,100.0,1977016.0
531,2021-10-07 10:59:13,37400.0,2000.0,1976916.0
532,2021-10-07 10:59:10,37400.0,5400.0,1974916.0
533,2021-10-07 10:59:02,37400.0,21900.0,1969516.0
534,2021-10-07 10:59:00,37300.0,1800.0,1947616.0
535,2021-10-07 10:58:58,37400.0,2600.0,1945816.0
536,2021-10-07 10:58:57,37400.0,100.0,1943216.0
537,2021-10-07 10:58:43,37400.0,2200.0,1943116.0
538,2021-10-07 10:58:41,37300.0,2200.0,1940916.0
539,2021-10-07 10:58:33,37300.0,4000.0,1938716.0
540,2021-10-07 10:58:31,37300.0,1000.0,1934716.0
541,2021-10-07 10:58:17,37300.0,5000.0,1933716.0
542,2021-10-07 10:58:16,37200.0,100.0,1928716.0
543,2021-10-07 10:58:13,37300.0,20000.0,1928616.0
544,2021-10-07 10:58:10,37300.0,20000.0,1908616.0
545,2021-10-07 10:58:09,37200.0,100.0,1888616.0
546,2021-10-07 10:58:05,37200.0,400.0,1888516.0
547,2021-10-07 10:58:02,37200.0,500.0,1888116.0
548,2021-10-07 10:57:44,37200.0,300.0,1887616.0
549,2021-10-07 10:57:36,37200.0,100.0,1887316.0
550,2021-10-07 10:57:33,37200.0,100.0,1887216.0
551,2021-10-07 10:57:26,37200.0,100.0,1887116.0
552,2021-10-07 10:57:15,37200.0,100.0,1887016.0
553,2021-10-07 10:57:14,37300.0,2000.0,1886916.0
554,2021-10-07 10:57:11,37300.0,200.0,1884916.0
555,2021-10-07 10:57:10,37300.0,2300.0,1884716.0
556,2021-10-07 10:57:03,37300.0,1000.0,1882416.0
557,2021-10-07 10:57:02,37300.0,2000.0,1881416.0
558,2021-10-07 10:56:59,37300.0,100.0,1879416.0
559,2021-10-07 10:56:57,37300.0,2.0,1879316.0
560,2021-10-07 10:56:41,37300.0,20000.0,1879314.0
561,2021-10-07 10:56:12,37200.0,500.0,1859314.0
562,2021-10-07 10:56:11,37200.0,200.0,1858814.0
563,2021-10-07 10:56:10,37300.0,900.0,1858614.0
564,2021-10-07 10:55:58,37200.0,300.0,1857714.0
565,2021-10-07 10:55:48,37200.0,100.0,1857414.0
566,2021-10-07 10:55:42,37200.0,7000.0,1857314.0
567,2021-10-07 10:55:41,37200.0,200.0,1850314.0
568,2021-10-07 10:55:40,37300.0,10000.0,1850114.0
569,2021-10-07 10:55:39,37200.0,2000.0,1840114.0
570,2021-10-07 10:55:29,37200.0,2000.0,1838114.0
571,2021-10-07 10:55:26,37200.0,100.0,1836114.0
572,2021-10-07 10:55:23,37200.0,2000.0,1836014.0
573,2021-10-07 10:55:20,37200.0,100.0,1834014.0
574,2021-10-07 10:55:12,37200.0,500.0,1833914.0
575,2021-10-07 10:55:09,37200.0,8600.0,1833414.0
576,2021-10-07 10:55:08,37200.0,200.0,1824814.0
577,2021-10-07 10:55:01,37200.0,8900.0,1824614.0
578,2021-10-07 10:54:57,37200.0,11100.0,1815714.0
579,2021-10-07 10:54:54,37200.0,500.0,1804614.0
580,2021-10-07 10:54:50,37300.0,15.0,1804114.0
581,2021-10-07 10:54:48,37300.0,2500.0,1804099.0
582,2021-10-07 10:54:43,37200.0,1500.0,1801599.0
583,2021-10-07 10:54:34,37200.0,11000.0,1800099.0
584,2021-10-07 10:54:30,37200.0,1000.0,1789099.0
585,2021-10-07 10:54:29,37200.0,20100.0,1788099.0
586,2021-10-07 10:54:23,37200.0,100.0,1767999.0
587,2021-10-07 10:54:21,37200.0,2000.0,1767899.0
588,2021-10-07 10:54:18,37200.0,200.0,1765899.0
589,2021-10-07 10:53:47,37200.0,200.0,1765699.0
590,2021-10-07 10:53:38,37200.0,100.0,1765499.0
591,2021-10-07 10:53:36,37200.0,300.0,1765399.0
592,2021-10-07 10:53:23,37200.0,1.0,1765099.0
593,2021-10-07 10:53:19,37200.0,600.0,1765098.0
594,2021-10-07 10:53:00,37200.0,3000.0,1764498.0
595,2021-10-07 10:52:55,37100.0,1000.0,1761498.0
596,2021-10-07 10:52:53,37200.0,100.0,1760498.0
597,2021-10-07 10:52:50,37100.0,100.0,1760398.0
598,2021-10-07 10:52:47,37200.0,2200.0,1760298.0
599,2021-10-07 10:52:46,37100.0,3000.0,1758098.0
600,2021-10-07 10:52:34,37200.0,5000.0,1755098.0
601,2021-10-07 10:52:31,37200.0,1400.0,1750098.0
602,2021-10-07 10:52:25,37200.0,3000.0,1748698.0
603,2021-10-07 10:52:21,37200.0,100.0,1745698.0
604,2021-10-07 10:52:05,37200.0,1500.0,1745598.0
605,2021-10-07 10:52:04,37200.0,400.0,1744098.0
606,2021-10-07 10:52:00,37200.0,1000.0,1743698.0
607,2021-10-07 10:51:59,37200.0,100.0,1742698.0
608,2021-10-07 10:51:58,37200.0,2000.0,1742598.0
609,2021-10-07 10:51:53,37200.0,3000.0,1740598.0
610,2021-10-07 10:51:50,37200.0,300.0,1737598.0
611,2021-10-07 10:51:41,37200.0,200.0,1737298.0
612,2021-10-07 10:51:26,37300.0,7400.0,1737098.0
613,2021-10-07 10:51:25,37300.0,300.0,1729698.0
614,2021-10-07 10:51:18,37300.0,2000.0,1729398.0
615,2021-10-07 10:51:17,37300.0,200.0,1727398.0
616,2021-10-07 10:51:08,37300.0,1400.0,1727198.0
617,2021-10-07 10:51:06,37300.0,500.0,1725798.0
618,2021-10-07 10:51:03,37300.0,400.0,1725298.0
619,2021-10-07 10:51:01,37300.0,100.0,1724898.0
620,2021-10-07 10:51:00,37300.0,100.0,1724798.0
621,2021-10-07 10:50:59,37300.0,1500.0,1724698.0
622,2021-10-07 10:50:58,37300.0,3000.0,1723198.0
623,2021-10-07 10:50:57,37300.0,2000.0,1720198.0
624,2021-10-07 10:50:54,37300.0,200.0,1718198.0
625,2021-10-07 10:50:53,37300.0,200.0,1717998.0
626,2021-10-07 10:50:52,37300.0,5000.0,1717798.0
627,2021-10-07 10:50:50,37300.0,1600.0,1712798.0
628,2021-10-07 10:50:47,37300.0,500.0,1711198.0
629,2021-10-07 10:50:45,37300.0,400.0,1710698.0
630,2021-10-07 10:50:42,37300.0,1300.0,1710298.0
631,2021-10-07 10:50:36,37300.0,1000.0,1708998.0
632,2021-10-07 10:50:35,37300.0,700.0,1707998.0
633,2021-10-07 10:50:33,37300.0,600.0,1707298.0
634,2021-10-07 10:50:32,37300.0,100.0,1706698.0
635,2021-10-07 10:50:30,37300.0,900.0,1706598.0
636,2021-10-07 10:50:27,37300.0,100.0,1705698.0
637,2021-10-07 10:50:25,37300.0,100.0,1705598.0
638,2021-10-07 10:50:21,37400.0,5000.0,1705498.0
639,2021-10-07 10:50:19,37300.0,1000.0,1700498.0
640,2021-10-07 10:50:17,37300.0,2000.0,1699498.0
641,2021-10-07 10:50:12,37300.0,200.0,1697498.0
642,2021-10-07 10:50:10,37300.0,500.0,1697298.0
643,2021-10-07 10:50:09,37300.0,200.0,1696798.0
644,2021-10-07 10:50:07,37300.0,800.0,1696598.0
645,2021-10-07 10:50:05,37300.0,5900.0,1695798.0
646,2021-10-07 10:50:04,37300.0,3000.0,1689898.0
647,2021-10-07 10:50:03,37300.0,500.0,1686898.0
648,2021-10-07 10:50:02,37300.0,200.0,1686398.0
649,2021-10-07 10:50:00,37300.0,700.0,1686198.0
650,2021-10-07 10:49:56,37300.0,100.0,1685498.0
651,2021-10-07 10:49:52,37300.0,1000.0,1685398.0
652,2021-10-07 10:49:48,37300.0,1000.0,1684398.0
653,2021-10-07 10:49:47,37400.0,100.0,1683398.0
654,2021-10-07 10:49:45,37400.0,5500.0,1683298.0
655,2021-10-07 10:49:41,37400.0,200.0,1677798.0
656,2021-10-07 10:49:39,37400.0,6.0,1677598.0
657,2021-10-07 10:49:31,37400.0,100.0,1677592.0
658,2021-10-07 10:49:30,37300.0,7700.0,1677492.0
659,2021-10-07 10:49:29,37300.0,100.0,1669792.0
660,2021-10-07 10:49:28,37300.0,300.0,1669692.0
661,2021-10-07 10:48:50,37400.0,24600.0,1669392.0
662,2021-10-07 10:48:42,37100.0,2000.0,1644792.0
663,2021-10-07 10:48:38,37100.0,100.0,1642792.0
664,2021-10-07 10:48:35,37000.0,49000.0,1642692.0
665,2021-10-07 10:48:33,37100.0,500.0,1593692.0
666,2021-10-07 10:48:27,37100.0,200.0,1593192.0
667,2021-10-07 10:48:18,37000.0,3210.0,1592992.0
668,2021-10-07 10:48:16,37000.0,1000.0,1589782.0
669,2021-10-07 10:48:15,37000.0,1200.0,1588782.0
670,2021-10-07 10:48:14,37000.0,3200.0,1587582.0
671,2021-10-07 10:48:13,37000.0,2000.0,1584382.0
672,2021-10-07 10:48:12,37000.0,3100.0,1582382.0
673,2021-10-07 10:48:11,37000.0,400.0,1579282.0
674,2021-10-07 10:48:08,37000.0,200.0,1578882.0
675,2021-10-07 10:48:06,37000.0,1000.0,1578682.0
676,2021-10-07 10:48:04,37000.0,1000.0,1577682.0
677,2021-10-07 10:48:03,37000.0,5000.0,1576682.0
678,2021-10-07 10:48:00,37000.0,100.0,1571682.0
679,2021-10-07 10:47:59,37000.0,10000.0,1571582.0
680,2021-10-07 10:47:57,37000.0,30000.0,1561582.0
681,2021-10-07 10:47:56,37000.0,5000.0,1531582.0
682,2021-10-07 10:47:55,37000.0,1100.0,1526582.0
683,2021-10-07 10:47:53,37000.0,218.0,1525482.0
684,2021-10-07 10:47:51,37000.0,2300.0,1525264.0
685,2021-10-07 10:47:47,37000.0,2400.0,1522964.0
686,2021-10-07 10:47:46,36900.0,1000.0,1520564.0
687,2021-10-07 10:47:44,37000.0,200.0,1519564.0
688,2021-10-07 10:47:40,37000.0,20000.0,1519364.0
689,2021-10-07 10:47:38,37000.0,3100.0,1499364.0
690,2021-10-07 10:47:36,37000.0,2100.0,1496264.0
691,2021-10-07 10:47:35,37000.0,100.0,1494164.0
692,2021-10-07 10:47:30,37000.0,10000.0,1494064.0
693,2021-10-07 10:47:27,37000.0,1500.0,1484064.0
694,2021-10-07 10:47:24,37000.0,1500.0,1482564.0
695,2021-10-07 10:47:17,36900.0,500.0,1481064.0
696,2021-10-07 10:47:14,37000.0,100.0,1480564.0
697,2021-10-07 10:47:11,37000.0,100.0,1480464.0
698,2021-10-07 10:47:02,37000.0,3000.0,1480364.0
699,2021-10-07 10:47:01,36900.0,30000.0,1477364.0
700,2021-10-07 10:46:58,36900.0,2000.0,1447364.0
701,2021-10-07 10:46:56,36900.0,200.0,1445364.0
702,2021-10-07 10:46:49,36900.0,1500.0,1445164.0
703,2021-10-07 10:46:46,36900.0,1000.0,1443664.0
704,2021-10-07 10:46:44,36900.0,3200.0,1442664.0
705,2021-10-07 10:46:42,36900.0,1000.0,1439464.0
706,2021-10-07 10:46:41,36900.0,8000.0,1438464.0
707,2021-10-07 10:46:40,36900.0,2000.0,1430464.0
708,2021-10-07 10:46:39,36900.0,3500.0,1428464.0
709,2021-10-07 10:46:38,36900.0,3000.0,1424964.0
710,2021-10-07 10:46:36,36900.0,5500.0,1421964.0
711,2021-10-07 10:46:32,36900.0,3000.0,1416464.0
712,2021-10-07 10:46:22,36800.0,400.0,1413464.0
713,2021-10-07 10:46:21,36800.0,200.0,1413064.0
714,2021-10-07 10:46:20,36800.0,3000.0,1412864.0
715,2021-10-07 10:46:19,36800.0,15000.0,1409864.0
716,2021-10-07 10:46:18,36800.0,1000.0,1394864.0
717,2021-10-07 10:46:13,36800.0,50000.0,1393864.0
718,2021-10-07 10:46:05,36700.0,10.0,1343864.0
719,2021-10-07 10:45:52,36700.0,43500.0,1343854.0
720,2021-10-07 10:45:50,36700.0,18.0,1300354.0
721,2021-10-07 10:45:46,36700.0,3000.0,1300336.0
722,2021-10-07 10:45:41,36700.0,1900.0,1297336.0
723,2021-10-07 10:45:37,36700.0,1300.0,1295436.0
724,2021-10-07 10:45:27,36700.0,3000.0,1294136.0
725,2021-10-07 10:45:11,36700.0,100000.0,1291136.0
726,2021-10-07 10:44:56,36600.0,5000.0,1191136.0
727,2021-10-07 10:44:52,36500.0,2600.0,1186136.0
728,2021-10-07 10:44:46,36600.0,10000.0,1183536.0
729,2021-10-07 10:44:26,36500.0,1000.0,1173536.0
730,2021-10-07 10:44:17,36300.0,54000.0,1172536.0
731,2021-10-07 10:44:16,36500.0,500.0,1118536.0
732,2021-10-07 10:44:09,36500.0,2000.0,1118036.0
733,2021-10-07 10:44:08,36300.0,30000.0,1116036.0
734,2021-10-07 10:44:05,36500.0,1400.0,1086036.0
735,2021-10-07 10:44:03,36500.0,500.0,1084636.0
736,2021-10-07 10:44:02,36500.0,100.0,1084136.0
737,2021-10-07 10:43:58,36500.0,200.0,1084036.0
738,2021-10-07 10:43:53,36400.0,30000.0,1083836.0
739,2021-10-07 10:43:47,36500.0,500.0,1053836.0
740,2021-10-07 10:43:46,36500.0,1000.0,1053336.0
741,2021-10-07 10:43:44,36500.0,1000.0,1052336.0
742,2021-10-07 10:43:39,36500.0,100.0,1051336.0
743,2021-10-07 10:43:38,36500.0,1000.0,1051236.0
744,2021-10-07 10:43:25,36500.0,200.0,1050236.0
745,2021-10-07 10:43:11,36500.0,10000.0,1050036.0
746,2021-10-07 10:43:06,36500.0,2000.0,1040036.0
747,2021-10-07 10:43:02,36500.0,300.0,1038036.0
748,2021-10-07 10:43:01,36500.0,200.0,1037736.0
749,2021-10-07 10:42:58,36500.0,2000.0,1037536.0
750,2021-10-07 10:42:52,36500.0,2000.0,1035536.0
751,2021-10-07 10:42:37,36500.0,500.0,1033536.0
752,2021-10-07 10:42:32,36500.0,600.0,1033036.0
753,2021-10-07 10:42:27,36500.0,10000.0,1032436.0
754,2021-10-07 10:42:03,36500.0,400.0,1022436.0
755,2021-10-07 10:41:41,36400.0,1000.0,1022036.0
756,2021-10-07 10:41:14,36400.0,300.0,1021036.0
757,2021-10-07 10:40:57,36400.0,2800.0,1020736.0
758,2021-10-07 10:40:46,36500.0,300.0,1017936.0
759,2021-10-07 10:40:10,36500.0,10000.0,1017636.0
760,2021-10-07 10:38:53,36400.0,500.0,1007636.0
761,2021-10-07 10:38:12,36500.0,100.0,1007136.0
762,2021-10-07 10:38:04,36500.0,1400.0,1007036.0
763,2021-10-07 10:36:20,36400.0,100.0,1005636.0
764,2021-10-07 10:36:07,36400.0,300.0,1005536.0
765,2021-10-07 10:35:41,36400.0,3200.0,1005236.0
766,2021-10-07 10:35:14,36400.0,100.0,1002036.0
767,2021-10-07 10:35:11,36400.0,100.0,1001936.0
768,2021-10-07 10:34:56,36400.0,3000.0,1001836.0
769,2021-10-07 10:34:20,36400.0,100.0,998836.0
770,2021-10-07 10:34:15,36400.0,700.0,998736.0
771,2021-10-07 10:32:49,36400.0,100.0,998036.0
772,2021-10-07 10:32:34,36400.0,200.0,997936.0
773,2021-10-07 10:32:27,36400.0,100.0,997736.0
774,2021-10-07 10:32:22,36400.0,2000.0,997636.0
775,2021-10-07 10:31:49,36400.0,5000.0,995636.0
776,2021-10-07 10:31:09,36400.0,200.0,990636.0
777,2021-10-07 10:30:44,36500.0,10000.0,990436.0
778,2021-10-07 10:30:13,36400.0,200.0,980436.0
779,2021-10-07 10:30:03,36400.0,9200.0,980236.0
780,2021-10-07 10:29:39,36300.0,50.0,971036.0
781,2021-10-07 10:29:17,36300.0,9800.0,970986.0
782,2021-10-07 10:28:45,36300.0,3000.0,961186.0
783,2021-10-07 10:28:43,36300.0,500.0,958186.0
784,2021-10-07 10:28:26,36400.0,200.0,957686.0
785,2021-10-07 10:28:25,36400.0,5000.0,957486.0
786,2021-10-07 10:27:56,36400.0,500.0,952486.0
787,2021-10-07 10:27:44,36400.0,500.0,951986.0
788,2021-10-07 10:27:27,36400.0,200.0,951486.0
789,2021-10-07 10:27:07,36400.0,200.0,951286.0
790,2021-10-07 10:27:00,36400.0,500.0,951086.0
791,2021-10-07 10:26:59,36400.0,500.0,950586.0
792,2021-10-07 10:26:33,36400.0,100.0,950086.0
793,2021-10-07 10:26:06,36400.0,500.0,949986.0
794,2021-10-07 10:25:55,36400.0,300.0,949486.0
795,2021-10-07 10:25:36,36400.0,1000.0,949186.0
796,2021-10-07 10:24:56,36400.0,100.0,948186.0
797,2021-10-07 10:24:00,36300.0,2000.0,948086.0
798,2021-10-07 10:23:14,36400.0,200.0,946086.0
799,2021-10-07 10:22:41,36300.0,1000.0,945886.0
800,2021-10-07 10:21:51,36300.0,1000.0,944886.0
801,2021-10-07 10:21:47,36400.0,1000.0,943886.0
802,2021-10-07 10:21:23,36400.0,100.0,942886.0
803,2021-10-07 10:21:18,36300.0,100.0,942786.0
804,2021-10-07 10:21:13,36400.0,300.0,942686.0
805,2021-10-07 10:21:09,36400.0,500.0,942386.0
806,2021-10-07 10:20:53,36400.0,100.0,941886.0
807,2021-10-07 10:20:05,36500.0,800.0,941786.0
808,2021-10-07 10:20:03,36400.0,1600.0,940986.0
809,2021-10-07 10:19:57,36400.0,1400.0,939386.0
810,2021-10-07 10:19:29,36400.0,400.0,937986.0
811,2021-10-07 10:18:56,36400.0,100.0,937586.0
812,2021-10-07 10:18:35,36500.0,5000.0,937486.0
813,2021-10-07 10:18:18,36400.0,200.0,932486.0
814,2021-10-07 10:18:01,36500.0,100.0,932286.0
815,2021-10-07 10:17:59,36500.0,300.0,932186.0
816,2021-10-07 10:17:38,36500.0,900.0,931886.0
817,2021-10-07 10:17:31,36400.0,800.0,930986.0
818,2021-10-07 10:17:11,36400.0,400.0,930186.0
819,2021-10-07 10:16:48,36400.0,100.0,929786.0
820,2021-10-07 10:16:47,36400.0,1000.0,929686.0
821,2021-10-07 10:16:39,36300.0,900.0,928686.0
822,2021-10-07 10:16:38,36400.0,98500.0,927786.0
823,2021-10-07 10:16:08,36500.0,200.0,829286.0
824,2021-10-07 10:15:53,36500.0,8200.0,829086.0
825,2021-10-07 10:15:46,36500.0,10000.0,820886.0
826,2021-10-07 10:15:31,36500.0,200.0,810886.0
827,2021-10-07 10:15:27,36500.0,1.0,810686.0
828,2021-10-07 10:15:21,36500.0,100.0,810685.0
829,2021-10-07 10:15:19,36500.0,300.0,810585.0
830,2021-10-07 10:14:07,36400.0,200.0,810285.0
831,2021-10-07 10:13:48,36500.0,1000.0,810085.0
832,2021-10-07 10:13:27,36500.0,8600.0,809085.0
833,2021-10-07 10:13:17,36500.0,1200.0,800485.0
834,2021-10-07 10:13:16,36500.0,40000.0,799285.0
835,2021-10-07 10:13:10,36500.0,20000.0,759285.0
836,2021-10-07 10:13:05,36500.0,30000.0,739285.0
837,2021-10-07 10:13:03,36500.0,300.0,709285.0
838,2021-10-07 10:12:30,36500.0,5000.0,708985.0
839,2021-10-07 10:12:20,36500.0,500.0,703985.0
840,2021-10-07 10:11:27,36600.0,100.0,703485.0
841,2021-10-07 10:11:21,36500.0,4000.0,703385.0
842,2021-10-07 10:11:15,36500.0,200.0,699385.0
843,2021-10-07 10:10:57,36500.0,500.0,699185.0
844,2021-10-07 10:10:55,36500.0,20000.0,698685.0
845,2021-10-07 10:10:48,36500.0,500.0,678685.0
846,2021-10-07 10:10:21,36500.0,3000.0,678185.0
847,2021-10-07 10:09:22,36500.0,1000.0,675185.0
848,2021-10-07 10:09:21,36500.0,1500.0,674185.0
849,2021-10-07 10:08:48,36500.0,200.0,672685.0
850,2021-10-07 10:08:44,36500.0,15000.0,672485.0
851,2021-10-07 10:08:37,36500.0,1500.0,657485.0
852,2021-10-07 10:08:31,36600.0,300.0,655985.0
853,2021-10-07 10:07:32,36600.0,100.0,655685.0
854,2021-10-07 10:07:30,36500.0,10000.0,655585.0
855,2021-10-07 10:06:23,36600.0,1000.0,645585.0
856,2021-10-07 10:05:36,36500.0,15000.0,644585.0
857,2021-10-07 10:04:42,36500.0,200.0,629585.0
858,2021-10-07 10:04:21,36500.0,200.0,629385.0
859,2021-10-07 10:04:05,36500.0,1000.0,629185.0
860,2021-10-07 10:03:54,36600.0,100.0,628185.0
861,2021-10-07 10:03:40,36600.0,200.0,628085.0
862,2021-10-07 10:03:29,36500.0,300.0,627885.0
863,2021-10-07 10:03:22,36600.0,4500.0,627585.0
864,2021-10-07 10:03:16,36600.0,2000.0,623085.0
865,2021-10-07 10:03:14,36500.0,5000.0,621085.0
866,2021-10-07 10:02:54,36600.0,100.0,616085.0
867,2021-10-07 10:02:47,36600.0,100.0,615985.0
868,2021-10-07 10:02:36,36600.0,10000.0,615885.0
869,2021-10-07 10:02:28,36600.0,5000.0,605885.0
870,2021-10-07 10:02:21,36600.0,300.0,600885.0
871,2021-10-07 10:02:15,36600.0,2000.0,600585.0
872,2021-10-07 10:02:08,36600.0,500.0,598585.0
873,2021-10-07 10:01:47,36600.0,100.0,598085.0
874,2021-10-07 10:01:42,36500.0,100.0,597985.0
875,2021-10-07 10:01:39,36600.0,2000.0,597885.0
876,2021-10-07 10:00:08,36600.0,5000.0,595885.0
877,2021-10-07 09:59:45,36600.0,400.0,590885.0
878,2021-10-07 09:59:19,36600.0,100.0,590485.0
879,2021-10-07 09:59:17,36600.0,300.0,590385.0
880,2021-10-07 09:59:16,36500.0,1500.0,590085.0
881,2021-10-07 09:59:00,36600.0,17000.0,588585.0
882,2021-10-07 09:58:50,36600.0,500.0,571585.0
883,2021-10-07 09:58:42,36600.0,1000.0,571085.0
884,2021-10-07 09:58:17,36600.0,2000.0,570085.0
885,2021-10-07 09:58:06,36600.0,300.0,568085.0
886,2021-10-07 09:56:48,36600.0,200.0,567785.0
887,2021-10-07 09:55:36,36600.0,200.0,567585.0
888,2021-10-07 09:55:22,36600.0,100.0,567385.0
889,2021-10-07 09:54:52,36600.0,200.0,567285.0
890,2021-10-07 09:54:36,36600.0,1000.0,567085.0
891,2021-10-07 09:54:26,36600.0,300.0,566085.0
892,2021-10-07 09:54:19,36600.0,100.0,565785.0
893,2021-10-07 09:54:09,36600.0,100.0,565685.0
894,2021-10-07 09:54:06,36600.0,1300.0,565585.0
895,2021-10-07 09:53:55,36600.0,6000.0,564285.0
896,2021-10-07 09:53:50,36600.0,100.0,558285.0
897,2021-10-07 09:53:47,36600.0,2000.0,558185.0
898,2021-10-07 09:53:42,36600.0,2000.0,556185.0
899,2021-10-07 09:53:32,36600.0,15000.0,554185.0
900,2021-10-07 09:53:23,36700.0,7800.0,539185.0
901,2021-10-07 09:53:00,36600.0,5200.0,531385.0
902,2021-10-07 09:52:48,36600.0,200.0,526185.0
903,2021-10-07 09:52:46,36600.0,3000.0,525985.0
904,2021-10-07 09:52:36,36600.0,5000.0,522985.0
905,2021-10-07 09:52:34,36600.0,100.0,517985.0
906,2021-10-07 09:52:00,36600.0,500.0,517885.0
907,2021-10-07 09:51:45,36600.0,100.0,517385.0
908,2021-10-07 09:51:39,36600.0,500.0,517285.0
909,2021-10-07 09:51:34,36600.0,200.0,516785.0
910,2021-10-07 09:51:26,36600.0,1000.0,516585.0
911,2021-10-07 09:51:20,36600.0,1000.0,515585.0
912,2021-10-07 09:51:19,36600.0,2000.0,514585.0
913,2021-10-07 09:51:18,36600.0,2000.0,512585.0
914,2021-10-07 09:51:09,36600.0,200.0,510585.0
915,2021-10-07 09:51:07,36600.0,500.0,510385.0
916,2021-10-07 09:51:02,36600.0,100.0,509885.0
917,2021-10-07 09:50:55,36600.0,600.0,509785.0
918,2021-10-07 09:50:54,36600.0,15000.0,509185.0
919,2021-10-07 09:49:56,36600.0,1500.0,494185.0
920,2021-10-07 09:49:45,36600.0,400.0,492685.0
921,2021-10-07 09:49:25,36600.0,300.0,492285.0
922,2021-10-07 09:49:14,36600.0,200.0,491985.0
923,2021-10-07 09:48:59,36600.0,10000.0,491785.0
924,2021-10-07 09:48:52,36600.0,400.0,481785.0
925,2021-10-07 09:48:39,36600.0,10.0,481385.0
926,2021-10-07 09:48:32,36600.0,200.0,481375.0
927,2021-10-07 09:48:26,36600.0,3000.0,481175.0
928,2021-10-07 09:48:22,36600.0,500.0,478175.0
929,2021-10-07 09:48:12,36600.0,900.0,477675.0
930,2021-10-07 09:46:58,36600.0,200.0,476775.0
931,2021-10-07 09:46:52,36600.0,1600.0,476575.0
932,2021-10-07 09:46:51,36500.0,1000.0,474975.0
933,2021-10-07 09:46:47,36600.0,50000.0,473975.0
934,2021-10-07 09:45:56,36500.0,1000.0,423975.0
935,2021-10-07 09:45:49,36500.0,1000.0,422975.0
936,2021-10-07 09:45:09,36500.0,1600.0,421975.0
937,2021-10-07 09:45:02,36500.0,3000.0,420375.0
938,2021-10-07 09:44:37,36500.0,1000.0,417375.0
939,2021-10-07 09:44:27,36500.0,300.0,416375.0
940,2021-10-07 09:44:08,36500.0,200.0,416075.0
941,2021-10-07 09:44:03,36500.0,300.0,415875.0
942,2021-10-07 09:44:01,36500.0,200.0,415575.0
943,2021-10-07 09:43:54,36500.0,300.0,415375.0
944,2021-10-07 09:43:28,36500.0,300.0,415075.0
945,2021-10-07 09:43:22,36600.0,2000.0,414775.0
946,2021-10-07 09:43:03,36500.0,1000.0,412775.0
947,2021-10-07 09:42:43,36600.0,300.0,411775.0
948,2021-10-07 09:42:19,36500.0,700.0,411475.0
949,2021-10-07 09:42:15,36500.0,100.0,410775.0
950,2021-10-07 09:42:03,36500.0,100.0,410675.0
951,2021-10-07 09:42:01,36500.0,600.0,410575.0
952,2021-10-07 09:41:05,36500.0,100.0,409975.0
953,2021-10-07 09:40:49,36500.0,300.0,409875.0
954,2021-10-07 09:40:42,36500.0,100.0,409575.0
955,2021-10-07 09:40:38,36500.0,900.0,409475.0
956,2021-10-07 09:40:31,36500.0,15000.0,408575.0
957,2021-10-07 09:40:11,36500.0,100.0,393575.0
958,2021-10-07 09:40:06,36500.0,100.0,393475.0
959,2021-10-07 09:40:04,36500.0,5800.0,393375.0
960,2021-10-07 09:39:29,36600.0,400.0,387575.0
961,2021-10-07 09:39:23,36500.0,6000.0,387175.0
962,2021-10-07 09:39:01,36500.0,1500.0,381175.0
963,2021-10-07 09:38:59,36500.0,15000.0,379675.0
964,2021-10-07 09:38:45,36500.0,20000.0,364675.0
965,2021-10-07 09:38:44,36500.0,100.0,344675.0
966,2021-10-07 09:38:20,36500.0,500.0,344575.0
967,2021-10-07 09:38:18,36500.0,200.0,344075.0
968,2021-10-07 09:38:11,36500.0,300.0,343875.0
969,2021-10-07 09:38:03,36500.0,3800.0,343575.0
970,2021-10-07 09:37:24,36500.0,1700.0,339775.0
971,2021-10-07 09:37:03,36500.0,100.0,338075.0
972,2021-10-07 09:36:51,36500.0,800.0,337975.0
973,2021-10-07 09:36:42,36500.0,1000.0,337175.0
974,2021-10-07 09:36:36,36500.0,500.0,336175.0
975,2021-10-07 09:36:27,36500.0,6100.0,335675.0
976,2021-10-07 09:36:25,36300.0,16400.0,329575.0
977,2021-10-07 09:36:24,36300.0,5000.0,313175.0
978,2021-10-07 09:36:17,36500.0,300.0,308175.0
979,2021-10-07 09:36:15,36300.0,30000.0,307875.0
980,2021-10-07 09:36:09,36300.0,25000.0,277875.0
981,2021-10-07 09:36:01,36500.0,2000.0,252875.0
982,2021-10-07 09:35:25,36500.0,2000.0,250875.0
983,2021-10-07 09:33:57,36500.0,200.0,248875.0
984,2021-10-07 09:33:56,36500.0,2800.0,248675.0
985,2021-10-07 09:33:38,36400.0,8400.0,245875.0
986,2021-10-07 09:33:35,36500.0,5000.0,237475.0
987,2021-10-07 09:33:29,36500.0,200.0,232475.0
988,2021-10-07 09:33:18,36500.0,500.0,232275.0
989,2021-10-07 09:33:05,36500.0,500.0,231775.0
990,2021-10-07 09:32:40,36500.0,1000.0,231275.0
991,2021-10-07 09:32:31,36500.0,4000.0,230275.0
992,2021-10-07 09:32:20,36400.0,400.0,226275.0
993,2021-10-07 09:32:16,36400.0,900.0,225875.0
994,2021-10-07 09:32:09,36400.0,2200.0,224975.0
995,2021-10-07 09:32:05,36500.0,100.0,222775.0
996,2021-10-07 09:32:03,36400.0,1000.0,222675.0
997,2021-10-07 09:31:21,36400.0,1700.0,221675.0
998,2021-10-07 09:31:18,36400.0,200.0,219975.0
999,2021-10-07 09:31:09,36400.0,500.0,219775.0
1000,2021-10-07 09:31:02,36400.0,100.0,219275.0
1001,2021-10-07 09:30:59,36400.0,1000.0,219175.0
1002,2021-10-07 09:30:50,36400.0,2000.0,218175.0
1003,2021-10-07 09:30:35,36400.0,3500.0,216175.0
1004,2021-10-07 09:30:13,36400.0,1500.0,212675.0
1005,2021-10-07 09:30:09,36400.0,900.0,211175.0
1006,2021-10-07 09:29:56,36400.0,2000.0,210275.0
1007,2021-10-07 09:29:38,36400.0,100.0,208275.0
1008,2021-10-07 09:29:18,36400.0,300.0,208175.0
1009,2021-10-07 09:29:12,36400.0,2000.0,207875.0
1010,2021-10-07 09:29:03,36400.0,100.0,205875.0
1011,2021-10-07 09:28:45,36500.0,500.0,205775.0
1012,2021-10-07 09:28:21,36500.0,500.0,205275.0
1013,2021-10-07 09:28:12,36500.0,1500.0,204775.0
1014,2021-10-07 09:28:05,36500.0,100.0,203275.0
1015,2021-10-07 09:28:04,36500.0,1200.0,203175.0
1016,2021-10-07 09:27:53,36500.0,5000.0,201975.0
1017,2021-10-07 09:27:49,36500.0,300.0,196975.0
1018,2021-10-07 09:27:47,36500.0,10000.0,196675.0
1019,2021-10-07 09:27:42,36500.0,4000.0,186675.0
1020,2021-10-07 09:27:25,36500.0,100.0,182675.0
1021,2021-10-07 09:27:18,36500.0,400.0,182575.0
1022,2021-10-07 09:27:12,36500.0,1000.0,182175.0
1023,2021-10-07 09:27:03,36500.0,4100.0,181175.0
1024,2021-10-07 09:27:00,36500.0,1600.0,177075.0
1025,2021-10-07 09:26:54,36500.0,100.0,175475.0
1026,2021-10-07 09:26:26,36500.0,100.0,175375.0
1027,2021-10-07 09:26:20,36500.0,5000.0,175275.0
1028,2021-10-07 09:26:02,36600.0,1000.0,170275.0
1029,2021-10-07 09:25:48,36600.0,500.0,169275.0
1030,2021-10-07 09:25:32,36600.0,700.0,168775.0
1031,2021-10-07 09:25:30,36600.0,100.0,168075.0
1032,2021-10-07 09:25:26,36600.0,6900.0,167975.0
1033,2021-10-07 09:25:24,36600.0,2000.0,161075.0
1034,2021-10-07 09:25:19,36600.0,4000.0,159075.0
1035,2021-10-07 09:25:15,36600.0,500.0,155075.0
1036,2021-10-07 09:25:02,36700.0,200.0,154575.0
1037,2021-10-07 09:24:38,36600.0,2000.0,154375.0
1038,2021-10-07 09:24:21,36600.0,200.0,152375.0
1039,2021-10-07 09:24:16,36700.0,7000.0,152175.0
1040,2021-10-07 09:24:09,36600.0,300.0,145175.0
1041,2021-10-07 09:23:42,36600.0,1500.0,144875.0
1042,2021-10-07 09:23:41,36600.0,8200.0,143375.0
1043,2021-10-07 09:23:34,36600.0,1400.0,135175.0
1044,2021-10-07 09:23:19,36600.0,100.0,133775.0
1045,2021-10-07 09:22:58,36600.0,1000.0,133675.0
1046,2021-10-07 09:22:34,36600.0,1100.0,132675.0
1047,2021-10-07 09:22:31,36600.0,1000.0,131575.0
1048,2021-10-07 09:22:15,36600.0,3000.0,130575.0
1049,2021-10-07 09:22:13,36600.0,100.0,127575.0
1050,2021-10-07 09:22:06,36600.0,300.0,127475.0
1051,2021-10-07 09:22:04,36600.0,100.0,127175.0
1052,2021-10-07 09:21:48,36600.0,2000.0,127075.0
1053,2021-10-07 09:21:47,36600.0,1600.0,125075.0
1054,2021-10-07 09:21:35,36600.0,2500.0,123475.0
1055,2021-10-07 09:21:34,36600.0,500.0,120975.0
1056,2021-10-07 09:21:21,36600.0,300.0,120475.0
1057,2021-10-07 09:21:07,36600.0,300.0,120175.0
1058,2021-10-07 09:21:00,36600.0,100.0,119875.0
1059,2021-10-07 09:20:59,36600.0,100.0,119775.0
1060,2021-10-07 09:20:55,36600.0,1000.0,119675.0
1061,2021-10-07 09:20:34,36600.0,100.0,118675.0
1062,2021-10-07 09:20:21,36600.0,1000.0,118575.0
1063,2021-10-07 09:20:05,36600.0,600.0,117575.0
1064,2021-10-07 09:19:59,36500.0,100.0,116975.0
1065,2021-10-07 09:19:53,36500.0,300.0,116875.0
1066,2021-10-07 09:19:52,36600.0,200.0,116575.0
1067,2021-10-07 09:19:51,36600.0,200.0,116375.0
1068,2021-10-07 09:19:40,36600.0,1000.0,116175.0
1069,2021-10-07 09:19:36,36600.0,400.0,115175.0
1070,2021-10-07 09:19:30,36600.0,200.0,114775.0
1071,2021-10-07 09:19:14,36600.0,300.0,114575.0
1072,2021-10-07 09:19:06,36600.0,1000.0,114275.0
1073,2021-10-07 09:18:45,36600.0,1600.0,113275.0
1074,2021-10-07 09:18:41,36600.0,500.0,111675.0
1075,2021-10-07 09:18:07,36600.0,200.0,111175.0
1076,2021-10-07 09:17:59,36600.0,500.0,110975.0
1077,2021-10-07 09:17:50,36600.0,500.0,110475.0
1078,2021-10-07 09:17:35,36600.0,500.0,109975.0
1079,2021-10-07 09:17:11,36600.0,1000.0,109475.0
1080,2021-10-07 09:17:10,36500.0,14900.0,108475.0
1081,2021-10-07 09:17:02,36600.0,500.0,93575.0
1082,2021-10-07 09:16:57,36600.0,500.0,93075.0
1083,2021-10-07 09:16:49,36600.0,50.0,92575.0
1084,2021-10-07 09:16:27,36600.0,300.0,92525.0
1085,2021-10-07 09:16:16,36600.0,100.0,92225.0
1086,2021-10-07 09:16:15,36700.0,300.0,92125.0
1087,2021-10-07 09:16:12,36700.0,2000.0,91825.0
1088,2021-10-07 09:15:47,36700.0,1500.0,89825.0
1089,2021-10-07 09:14:11,36700.0,100.0,88325.0
1090,2021-10-07 09:13:58,36700.0,100.0,88225.0
1091,2021-10-07 09:13:40,36600.0,200.0,88125.0
1092,2021-10-07 09:13:38,36600.0,600.0,87925.0
1093,2021-10-07 09:13:35,36600.0,1000.0,87325.0
1094,2021-10-07 09:13:28,36600.0,3000.0,86325.0
1095,2021-10-07 09:13:20,36600.0,1000.0,83325.0
1096,2021-10-07 09:13:11,36600.0,100.0,82325.0
1097,2021-10-07 09:13:03,36600.0,500.0,82225.0
1098,2021-10-07 09:13:02,36600.0,3400.0,81725.0
1099,2021-10-07 09:13:00,36600.0,200.0,78325.0
1100,2021-10-07 09:12:31,36600.0,3700.0,78125.0
1101,2021-10-07 09:12:30,36600.0,100.0,74425.0
1102,2021-10-07 09:12:23,36600.0,2000.0,74325.0
1103,2021-10-07 09:12:22,36600.0,2000.0,72325.0
1104,2021-10-07 09:12:06,36600.0,1000.0,70325.0
1105,2021-10-07 09:11:51,36500.0,600.0,69325.0
1106,2021-10-07 09:11:50,36600.0,300.0,68725.0
1107,2021-10-07 09:11:48,36600.0,100.0,68425.0
1108,2021-10-07 09:11:46,36600.0,1100.0,68325.0
1109,2021-10-07 09:11:45,36600.0,3300.0,67225.0
1110,2021-10-07 09:11:28,36600.0,500.0,63925.0
1111,2021-10-07 09:11:26,36600.0,100.0,63425.0
1112,2021-10-07 09:11:08,36600.0,100.0,63325.0
1113,2021-10-07 09:11:03,36600.0,200.0,63225.0
1114,2021-10-07 09:10:53,36600.0,3000.0,63025.0
1115,2021-10-07 09:10:50,36600.0,2000.0,60025.0
1116,2021-10-07 09:10:24,36600.0,3000.0,58025.0
1117,2021-10-07 09:10:12,36600.0,2800.0,55025.0
1118,2021-10-07 09:09:39,36600.0,500.0,52225.0
1119,2021-10-07 09:09:13,36500.0,1000.0,51725.0
1120,2021-10-07 09:09:06,36500.0,500.0,50725.0
1121,2021-10-07 09:09:05,36500.0,100.0,50225.0
1122,2021-10-07 09:08:45,36500.0,300.0,50125.0
1123,2021-10-07 09:08:18,36500.0,4900.0,49825.0
1124,2021-10-07 09:08:12,36600.0,100.0,44925.0
1125,2021-10-07 09:08:04,36600.0,4000.0,44825.0
1126,2021-10-07 09:07:56,36600.0,100.0,40825.0
1127,2021-10-07 09:07:18,36600.0,25.0,40725.0
1128,2021-10-07 09:06:58,36600.0,2400.0,40700.0
1129,2021-10-07 09:06:28,36500.0,300.0,38300.0
1130,2021-10-07 09:06:16,36500.0,7800.0,38000.0
1131,2021-10-07 09:06:14,36500.0,100.0,30200.0
1132,2021-10-07 09:05:44,36500.0,4000.0,30100.0
1133,2021-10-07 09:04:57,36600.0,800.0,26100.0
1134,2021-10-07 09:04:50,36600.0,300.0,25300.0
1135,2021-10-07 09:04:03,36600.0,2300.0,25000.0
1136,2021-10-07 09:03:49,36500.0,2000.0,22700.0
1137,2021-10-07 09:03:33,36600.0,300.0,20700.0
1138,2021-10-07 09:03:01,36600.0,10000.0,20400.0
1139,2021-10-07 09:02:41,36500.0,2000.0,10400.0
1140,2021-10-07 09:02:29,36500.0,3000.0,8400.0
1141,2021-10-07 09:02:22,36500.0,100.0,5400.0
1142,2021-10-07 09:02:20,36500.0,200.0,5300.0
1143,2021-10-07 09:02:01,36500.0,400.0,5100.0
1144,2021-10-07 09:01:50,36500.0,400.0,4700.0
1145,2021-10-07 09:01:32,36500.0,2000.0,4300.0
1146,2021-10-07 09:00:48,36600.0,800.0,2300.0
1147,2021-10-07 09:00:35,36600.0,500.0,1500.0
1148,2021-10-07 09:00:11,36600.0,800.0,1000.0
1149,2021-10-07 09:00:04,36500.0,200.0,200.0
