,Time,Price,Volume_per_trade,Volume
0,2021-10-21 07:45:02,37550.0,1000.0,8996800.0
1,2021-10-21 07:45:02,37550.0,1700.0,8995800.0
2,2021-10-21 07:45:02,37550.0,100.0,8994100.0
3,2021-10-21 07:45:02,37550.0,10000.0,8994000.0
4,2021-10-21 07:45:02,37550.0,500.0,8984000.0
5,2021-10-21 07:45:02,37550.0,10000.0,8983500.0
6,2021-10-21 07:45:02,37550.0,200.0,8973500.0
7,2021-10-21 07:45:02,37550.0,2000.0,8973300.0
8,2021-10-21 07:45:02,37550.0,200.0,8971300.0
9,2021-10-21 07:45:02,37550.0,10000.0,8971100.0
10,2021-10-21 07:45:02,37550.0,34000.0,8961100.0
11,2021-10-21 07:45:02,37550.0,5000.0,8927100.0
12,2021-10-21 07:45:02,37550.0,500.0,8922100.0
13,2021-10-21 07:45:02,37550.0,1500.0,8921600.0
14,2021-10-21 07:45:02,37550.0,10000.0,8920100.0
15,2021-10-21 07:45:02,37550.0,400.0,8910100.0
16,2021-10-21 07:45:02,37550.0,2000.0,8909700.0
17,2021-10-21 07:45:02,37550.0,1000.0,8907700.0
18,2021-10-21 07:45:02,37550.0,10000.0,8906700.0
19,2021-10-21 07:45:02,37550.0,20000.0,8896700.0
20,2021-10-21 07:45:02,37550.0,100.0,8876700.0
21,2021-10-21 07:45:02,37550.0,1000.0,8876600.0
22,2021-10-21 07:45:02,37550.0,5000.0,8875600.0
23,2021-10-21 07:45:02,37550.0,100.0,8870600.0
24,2021-10-21 07:45:02,37550.0,73100.0,8870500.0
25,2021-10-21 07:45:02,37550.0,5000.0,8797400.0
26,2021-10-21 07:45:02,37550.0,500.0,8792400.0
27,2021-10-21 07:45:02,37550.0,4000.0,8791900.0
28,2021-10-21 07:45:02,37550.0,2000.0,8787900.0
29,2021-10-21 07:45:02,37550.0,6900.0,8785900.0
30,2021-10-21 07:45:02,37550.0,8500.0,8779000.0
31,2021-10-21 07:45:02,37550.0,1000.0,8770500.0
32,2021-10-21 07:45:02,37550.0,10000.0,8769500.0
33,2021-10-21 07:45:02,37550.0,3000.0,8759500.0
34,2021-10-21 07:45:02,37550.0,10000.0,8756500.0
35,2021-10-21 07:45:02,37550.0,1000.0,8746500.0
36,2021-10-21 07:45:02,37550.0,1000.0,8745500.0
37,2021-10-21 07:45:02,37550.0,1000.0,8744500.0
38,2021-10-21 07:45:02,37550.0,20000.0,8743500.0
39,2021-10-21 07:45:02,37550.0,10000.0,8723500.0
40,2021-10-21 07:45:02,37550.0,5000.0,8713500.0
41,2021-10-21 07:45:02,37550.0,100.0,8708500.0
42,2021-10-21 07:45:02,37550.0,10000.0,8708400.0
43,2021-10-21 07:45:02,37550.0,500.0,8698400.0
44,2021-10-21 07:45:02,37550.0,2000.0,8697900.0
45,2021-10-21 07:45:02,37550.0,500.0,8695900.0
46,2021-10-21 07:45:02,37550.0,3000.0,8695400.0
47,2021-10-21 07:45:02,37550.0,3800.0,8692400.0
48,2021-10-21 07:45:02,37550.0,5000.0,8688600.0
49,2021-10-21 07:45:02,37550.0,5000.0,8683600.0
50,2021-10-21 07:45:02,37550.0,100.0,8678600.0
51,2021-10-21 07:45:02,37550.0,7500.0,8678500.0
52,2021-10-21 07:45:02,37550.0,500.0,8671000.0
53,2021-10-21 07:45:02,37550.0,81000.0,8670500.0
54,2021-10-21 07:45:02,37550.0,2000.0,8589500.0
55,2021-10-21 07:45:02,37550.0,9000.0,8587500.0
56,2021-10-21 07:45:02,37550.0,30000.0,8578500.0
57,2021-10-21 07:45:02,37550.0,30000.0,8548500.0
58,2021-10-21 07:45:02,37550.0,1000.0,8518500.0
59,2021-10-21 07:45:02,37550.0,100.0,8517500.0
60,2021-10-21 07:45:02,37550.0,500.0,8517400.0
61,2021-10-21 07:45:02,37550.0,100.0,8516900.0
62,2021-10-21 07:45:02,37550.0,100.0,8516800.0
63,2021-10-21 07:45:02,37550.0,100.0,8516700.0
64,2021-10-21 07:45:02,37550.0,200.0,8516600.0
65,2021-10-21 07:45:02,37550.0,100.0,8516400.0
66,2021-10-21 07:45:02,37550.0,1300.0,8516300.0
67,2021-10-21 07:45:02,37550.0,100.0,8515000.0
68,2021-10-21 07:45:02,37550.0,200.0,8514900.0
69,2021-10-21 07:45:02,37550.0,300.0,8514700.0
70,2021-10-21 07:45:02,37550.0,500.0,8514400.0
71,2021-10-21 07:45:02,37550.0,100.0,8513900.0
72,2021-10-21 07:45:02,37550.0,100.0,8513800.0
73,2021-10-21 07:45:02,37550.0,1000.0,8513700.0
74,2021-10-21 07:45:02,37550.0,3000.0,8512700.0
75,2021-10-21 07:45:02,37550.0,100.0,8509700.0
76,2021-10-21 07:45:02,37550.0,1000.0,8509600.0
77,2021-10-21 07:45:02,37550.0,400.0,8508600.0
78,2021-10-21 07:45:02,37550.0,500.0,8508200.0
79,2021-10-21 07:45:02,37550.0,100.0,8507700.0
80,2021-10-21 07:45:02,37550.0,1000.0,8507600.0
81,2021-10-21 07:45:02,37550.0,1000.0,8506600.0
82,2021-10-21 07:45:02,37550.0,100.0,8505600.0
83,2021-10-21 07:45:02,37550.0,400.0,8505500.0
84,2021-10-21 07:45:02,37550.0,200.0,8505100.0
85,2021-10-21 07:45:02,37550.0,100.0,8504900.0
86,2021-10-21 07:45:02,37550.0,400.0,8504800.0
87,2021-10-21 07:45:02,37550.0,10000.0,8504400.0
88,2021-10-21 07:45:02,37550.0,10000.0,8494400.0
89,2021-10-21 07:45:02,37550.0,1000.0,8484400.0
90,2021-10-21 07:45:02,37550.0,5000.0,8483400.0
91,2021-10-21 07:45:02,37550.0,200.0,8478400.0
92,2021-10-21 07:45:02,37550.0,500.0,8478200.0
93,2021-10-21 07:45:02,37550.0,100.0,8477700.0
94,2021-10-21 07:45:02,37550.0,1000.0,8477600.0
95,2021-10-21 07:45:02,37550.0,500.0,8476600.0
96,2021-10-21 07:45:02,37550.0,100.0,8476100.0
97,2021-10-21 07:45:02,37550.0,1900.0,8476000.0
98,2021-10-21 07:45:02,37550.0,3100.0,8474100.0
99,2021-10-21 07:45:02,37550.0,5000.0,8471000.0
100,2021-10-21 07:45:02,37550.0,1000.0,8466000.0
101,2021-10-21 07:45:02,37550.0,500.0,8465000.0
102,2021-10-21 07:45:02,37550.0,100.0,8464500.0
103,2021-10-21 07:45:02,37550.0,2000.0,8464400.0
104,2021-10-21 07:45:02,37550.0,200.0,8462400.0
105,2021-10-21 07:45:02,37550.0,600.0,8462200.0
106,2021-10-21 07:45:02,37550.0,600.0,8461600.0
107,2021-10-21 07:45:02,37550.0,400.0,8461000.0
108,2021-10-21 07:45:02,37550.0,5000.0,8460600.0
109,2021-10-21 07:45:02,37550.0,500.0,8455600.0
110,2021-10-21 07:45:02,37550.0,500.0,8455100.0
111,2021-10-21 07:45:02,37550.0,100.0,8454600.0
112,2021-10-21 07:45:02,37550.0,2000.0,8454500.0
113,2021-10-21 07:45:02,37550.0,100.0,8452500.0
114,2021-10-21 07:45:02,37550.0,500.0,8452400.0
115,2021-10-21 07:45:02,37550.0,1000.0,8451900.0
116,2021-10-21 07:45:02,37550.0,10000.0,8450900.0
117,2021-10-21 07:45:02,37550.0,300.0,8440900.0
118,2021-10-21 07:45:02,37550.0,300.0,8440600.0
119,2021-10-21 07:45:02,37550.0,500.0,8440300.0
120,2021-10-21 07:45:02,37550.0,200.0,8439800.0
121,2021-10-21 07:45:02,37550.0,100.0,8439600.0
122,2021-10-21 07:45:02,37550.0,200.0,8439500.0
123,2021-10-21 07:45:02,37550.0,100.0,8439300.0
124,2021-10-21 07:45:02,37550.0,2000.0,8439200.0
125,2021-10-21 07:45:02,37550.0,100.0,8437200.0
126,2021-10-21 07:45:02,37550.0,100.0,8437100.0
127,2021-10-21 07:45:02,37550.0,500.0,8437000.0
128,2021-10-21 07:45:02,37550.0,1000.0,8436500.0
129,2021-10-21 07:45:02,37550.0,1000.0,8435500.0
130,2021-10-21 07:45:02,37550.0,5000.0,8434500.0
131,2021-10-21 07:45:02,37550.0,100.0,8429500.0
132,2021-10-21 07:45:02,37550.0,200.0,8429400.0
133,2021-10-21 07:45:02,37550.0,200.0,8429200.0
134,2021-10-21 07:45:02,37550.0,200.0,8429000.0
135,2021-10-21 07:45:02,37550.0,200.0,8428800.0
136,2021-10-21 07:45:02,37550.0,100.0,8428600.0
137,2021-10-21 07:45:02,37550.0,100.0,8428500.0
138,2021-10-21 07:45:02,37550.0,200.0,8428400.0
139,2021-10-21 07:45:02,37550.0,100.0,8428200.0
140,2021-10-21 07:45:02,37550.0,4000.0,8428100.0
141,2021-10-21 07:45:02,37550.0,1000.0,8424100.0
142,2021-10-21 07:45:02,37550.0,2000.0,8423100.0
143,2021-10-21 07:45:02,37550.0,3000.0,8421100.0
144,2021-10-21 07:45:02,37550.0,600.0,8418100.0
145,2021-10-21 07:45:02,37550.0,1000.0,8417500.0
146,2021-10-21 07:45:02,37550.0,300.0,8416500.0
147,2021-10-21 07:45:02,37550.0,100.0,8416200.0
148,2021-10-21 07:45:02,37550.0,15000.0,8416100.0
149,2021-10-21 07:45:02,37550.0,2000.0,8401100.0
150,2021-10-21 07:45:02,37550.0,200.0,8399100.0
151,2021-10-21 07:45:02,37550.0,500.0,8398900.0
152,2021-10-21 07:45:02,37550.0,1500.0,8398400.0
153,2021-10-21 07:45:02,37550.0,1500.0,8396900.0
154,2021-10-21 07:45:02,37550.0,2500.0,8395400.0
155,2021-10-21 07:45:02,37550.0,8000.0,8392900.0
156,2021-10-21 07:45:02,37550.0,18800.0,8384900.0
157,2021-10-21 07:45:02,37550.0,500.0,8366100.0
158,2021-10-21 07:45:02,37550.0,4700.0,8365600.0
159,2021-10-21 07:45:02,37550.0,300.0,8360900.0
160,2021-10-21 07:45:02,37550.0,300.0,8360600.0
161,2021-10-21 07:45:02,37550.0,9400.0,8360300.0
162,2021-10-21 07:45:02,37550.0,50000.0,8350900.0
163,2021-10-21 07:45:02,37550.0,1000.0,8300900.0
164,2021-10-21 07:45:02,37550.0,5000.0,8299900.0
165,2021-10-21 07:45:02,37550.0,50000.0,8294900.0
166,2021-10-21 07:45:02,37550.0,208600.0,8244900.0
167,2021-10-21 07:45:02,37550.0,800.0,8036300.0
168,2021-10-21 07:45:02,37550.0,1000.0,8035500.0
169,2021-10-21 07:45:02,37550.0,89600.0,8034500.0
170,2021-10-21 07:45:02,37550.0,2000.0,7944900.0
171,2021-10-21 07:45:02,37550.0,200.0,7942900.0
172,2021-10-21 07:45:02,37550.0,100.0,7942700.0
173,2021-10-21 07:45:02,37550.0,5000.0,7942600.0
174,2021-10-21 07:45:02,37550.0,200.0,7937600.0
175,2021-10-21 07:45:02,37550.0,500.0,7937400.0
176,2021-10-21 07:45:02,37550.0,1000.0,7936900.0
177,2021-10-21 07:45:02,37550.0,100.0,7935900.0
178,2021-10-21 07:45:02,37550.0,100.0,7935800.0
179,2021-10-21 07:45:02,37550.0,2000.0,7935700.0
180,2021-10-21 07:45:02,37550.0,200.0,7933700.0
181,2021-10-21 07:45:02,37550.0,5000.0,7933500.0
182,2021-10-21 07:45:02,37550.0,100.0,7928500.0
183,2021-10-21 07:45:02,37550.0,200.0,7928400.0
184,2021-10-21 07:45:02,37550.0,200.0,7928200.0
185,2021-10-21 07:45:02,37550.0,100.0,7928000.0
186,2021-10-21 07:45:02,37550.0,10000.0,7927900.0
187,2021-10-21 07:45:02,37550.0,100.0,7917900.0
188,2021-10-21 07:45:02,37550.0,200.0,7917800.0
189,2021-10-21 07:45:02,37550.0,1000.0,7917600.0
190,2021-10-21 07:45:02,37550.0,1600.0,7916600.0
191,2021-10-21 07:45:02,37550.0,400.0,7915000.0
192,2021-10-21 07:45:02,37550.0,100.0,7914600.0
193,2021-10-21 07:45:02,37550.0,1000.0,7914500.0
194,2021-10-21 07:45:02,37550.0,2000.0,7913500.0
195,2021-10-21 07:45:02,37550.0,100.0,7911500.0
196,2021-10-21 07:45:02,37550.0,100.0,7911400.0
197,2021-10-21 07:45:02,37550.0,200.0,7911300.0
198,2021-10-21 07:45:02,37550.0,100.0,7911100.0
199,2021-10-21 07:45:02,37550.0,200.0,7911000.0
200,2021-10-21 07:45:02,37550.0,200.0,7910800.0
201,2021-10-21 07:45:02,37550.0,5000.0,7910600.0
202,2021-10-21 07:45:02,37550.0,200.0,7905600.0
203,2021-10-21 07:45:02,37550.0,100.0,7905400.0
204,2021-10-21 07:45:02,37550.0,5000.0,7905300.0
205,2021-10-21 07:45:02,37550.0,1000.0,7900300.0
206,2021-10-21 07:45:02,37550.0,100.0,7899300.0
207,2021-10-21 07:45:02,37550.0,100.0,7899200.0
208,2021-10-21 07:45:02,37550.0,300.0,7899100.0
209,2021-10-21 07:45:02,37550.0,500.0,7898800.0
210,2021-10-21 07:45:02,37550.0,400.0,7898300.0
211,2021-10-21 07:45:02,37550.0,26000.0,7897900.0
212,2021-10-21 07:45:02,37550.0,5000.0,7871900.0
213,2021-10-21 07:45:02,37550.0,200.0,7866900.0
214,2021-10-21 07:45:02,37550.0,500.0,7866700.0
215,2021-10-21 07:45:02,37550.0,1000.0,7866200.0
216,2021-10-21 07:45:02,37550.0,100.0,7865200.0
217,2021-10-21 07:45:02,37550.0,200.0,7865100.0
218,2021-10-21 07:45:02,37550.0,1600.0,7864900.0
219,2021-10-21 07:45:02,37550.0,1000.0,7863300.0
220,2021-10-21 07:45:02,37550.0,9500.0,7862300.0
221,2021-10-21 07:45:02,37550.0,30000.0,7852800.0
222,2021-10-21 07:45:02,37550.0,2000.0,7822800.0
223,2021-10-21 07:45:02,37550.0,600.0,7820800.0
224,2021-10-21 07:45:02,37550.0,100.0,7820200.0
225,2021-10-21 07:45:02,37550.0,1000.0,7820100.0
226,2021-10-21 07:45:02,37550.0,30000.0,7819100.0
227,2021-10-21 07:45:02,37550.0,24600.0,7789100.0
228,2021-10-21 07:45:02,37550.0,300.0,7764500.0
229,2021-10-21 07:45:02,37550.0,100.0,7764200.0
230,2021-10-21 07:45:02,37550.0,100000.0,7764100.0
231,2021-10-21 07:45:02,37550.0,10000.0,7664100.0
232,2021-10-21 07:45:02,37550.0,2800.0,7654100.0
233,2021-10-21 07:45:02,37550.0,2000.0,7651300.0
234,2021-10-21 07:45:02,37550.0,500.0,7649300.0
235,2021-10-21 07:45:02,37550.0,100.0,7648800.0
236,2021-10-21 07:45:02,37550.0,200.0,7648700.0
237,2021-10-21 07:45:02,37550.0,300.0,7648500.0
238,2021-10-21 07:45:02,37550.0,200.0,7648200.0
239,2021-10-21 07:45:02,37550.0,100.0,7648000.0
240,2021-10-21 07:45:02,37550.0,1500.0,7647900.0
241,2021-10-21 07:45:02,37550.0,100.0,7646400.0
242,2021-10-21 07:45:02,37550.0,100.0,7646300.0
243,2021-10-21 07:45:02,37550.0,1000.0,7646200.0
244,2021-10-21 07:45:02,37550.0,1000.0,7645200.0
245,2021-10-21 07:45:02,37550.0,500.0,7644200.0
246,2021-10-21 07:45:02,37550.0,200.0,7643700.0
247,2021-10-21 07:45:02,37550.0,5000.0,7643500.0
248,2021-10-21 07:45:02,37550.0,300.0,7638500.0
249,2021-10-21 07:45:02,37550.0,100.0,7638200.0
250,2021-10-21 07:45:02,37550.0,300.0,7638100.0
251,2021-10-21 07:45:02,37550.0,1000.0,7637800.0
252,2021-10-21 07:45:02,37550.0,500.0,7636800.0
253,2021-10-21 07:45:02,37550.0,500.0,7636300.0
254,2021-10-21 07:45:02,37550.0,1800.0,7635800.0
255,2021-10-21 07:45:02,37550.0,2000.0,7634000.0
256,2021-10-21 07:45:02,37550.0,500.0,7632000.0
257,2021-10-21 07:45:02,37550.0,100.0,7631500.0
258,2021-10-21 07:45:02,37550.0,300.0,7631400.0
259,2021-10-21 07:45:02,37550.0,1000.0,7631100.0
260,2021-10-21 07:45:02,37550.0,100.0,7630100.0
261,2021-10-21 07:45:02,37550.0,10000.0,7630000.0
262,2021-10-21 07:45:02,37550.0,1500.0,7620000.0
263,2021-10-21 07:45:02,37550.0,1000.0,7618500.0
264,2021-10-21 07:45:02,37550.0,2000.0,7617500.0
265,2021-10-21 07:45:02,37550.0,100.0,7615500.0
266,2021-10-21 07:45:02,37550.0,100.0,7615400.0
267,2021-10-21 07:45:02,37550.0,100.0,7615300.0
268,2021-10-21 07:45:02,37550.0,100.0,7615200.0
269,2021-10-21 07:45:02,37550.0,200.0,7615100.0
270,2021-10-21 07:45:02,37550.0,500.0,7614900.0
271,2021-10-21 07:45:02,37550.0,100.0,7614400.0
272,2021-10-21 07:45:02,37550.0,100.0,7614300.0
273,2021-10-21 07:45:02,37550.0,100.0,7614200.0
274,2021-10-21 07:45:02,37550.0,200.0,7614100.0
275,2021-10-21 07:45:02,37550.0,500.0,7613900.0
276,2021-10-21 07:45:02,37550.0,100.0,7613400.0
277,2021-10-21 07:45:02,37550.0,20000.0,7613300.0
278,2021-10-21 07:45:02,37550.0,1000.0,7593300.0
279,2021-10-21 07:45:02,37550.0,20000.0,7592300.0
280,2021-10-21 07:45:02,37550.0,1000.0,7572300.0
281,2021-10-21 07:45:02,37550.0,100.0,7571300.0
282,2021-10-21 07:45:02,37550.0,100.0,7571200.0
283,2021-10-21 07:45:02,37550.0,100.0,7571100.0
284,2021-10-21 07:45:02,37550.0,100.0,7571000.0
285,2021-10-21 07:45:02,37550.0,200.0,7570900.0
286,2021-10-21 07:45:02,37550.0,100.0,7570700.0
287,2021-10-21 07:45:02,37550.0,300.0,7570600.0
288,2021-10-21 07:45:02,37550.0,1000.0,7570300.0
289,2021-10-21 07:45:02,37550.0,100.0,7569300.0
290,2021-10-21 07:45:02,37550.0,1000.0,7569200.0
291,2021-10-21 07:45:02,37550.0,1500.0,7568200.0
292,2021-10-21 07:45:02,37550.0,2000.0,7566700.0
293,2021-10-21 07:45:02,37550.0,500.0,7564700.0
294,2021-10-21 07:45:02,37550.0,1000.0,7564200.0
295,2021-10-21 07:45:02,37550.0,500.0,7563200.0
296,2021-10-21 07:45:02,37550.0,300.0,7562700.0
297,2021-10-21 07:45:02,37550.0,500.0,7562400.0
298,2021-10-21 07:45:02,37550.0,15000.0,7561900.0
299,2021-10-21 07:45:02,37550.0,5000.0,7546900.0
300,2021-10-21 07:45:02,37550.0,3000.0,7541900.0
301,2021-10-21 07:45:02,37550.0,100.0,7538900.0
302,2021-10-21 07:45:02,37550.0,100.0,7538800.0
303,2021-10-21 07:45:02,37550.0,200.0,7538700.0
304,2021-10-21 07:45:02,37550.0,100.0,7538500.0
305,2021-10-21 07:45:02,37550.0,300.0,7538400.0
306,2021-10-21 07:45:02,37550.0,100.0,7538100.0
307,2021-10-21 07:45:02,37550.0,100.0,7538000.0
308,2021-10-21 07:45:02,37550.0,100.0,7537900.0
309,2021-10-21 07:45:02,37550.0,100.0,7537800.0
310,2021-10-21 07:45:02,37550.0,100.0,7537700.0
311,2021-10-21 07:45:02,37550.0,100.0,7537600.0
312,2021-10-21 07:45:02,37550.0,100.0,7537500.0
313,2021-10-21 07:45:02,37550.0,200.0,7537400.0
314,2021-10-21 07:45:02,37550.0,100.0,7537200.0
315,2021-10-21 07:45:02,37550.0,400.0,7537100.0
316,2021-10-21 07:45:02,37550.0,500.0,7536700.0
317,2021-10-21 07:45:02,37550.0,500.0,7536200.0
318,2021-10-21 07:45:02,37550.0,2000.0,7535700.0
319,2021-10-21 07:45:02,37550.0,100.0,7533700.0
320,2021-10-21 07:45:02,37550.0,2000.0,7533600.0
321,2021-10-21 07:45:02,37550.0,400.0,7531600.0
322,2021-10-21 07:45:02,37550.0,100.0,7531200.0
323,2021-10-21 07:45:02,37550.0,400.0,7531100.0
324,2021-10-21 07:45:02,37550.0,9500.0,7530700.0
325,2021-10-21 07:45:02,37550.0,90500.0,7521200.0
326,2021-10-21 07:45:02,37550.0,5000.0,7430700.0
327,2021-10-21 07:45:02,37550.0,100.0,7425700.0
328,2021-10-21 07:45:02,37550.0,3000.0,7425600.0
329,2021-10-21 07:45:02,37550.0,5000.0,7422600.0
330,2021-10-21 07:45:02,37550.0,5000.0,7417600.0
331,2021-10-21 07:45:02,37550.0,3000.0,7412600.0
332,2021-10-21 07:45:02,37550.0,100.0,7409600.0
333,2021-10-21 07:45:02,37550.0,500.0,7409500.0
334,2021-10-21 07:45:02,37550.0,500.0,7409000.0
335,2021-10-21 07:45:02,37550.0,100.0,7408500.0
336,2021-10-21 07:45:02,37550.0,100.0,7408400.0
337,2021-10-21 07:45:02,37550.0,100.0,7408300.0
338,2021-10-21 07:45:02,37550.0,500.0,7408200.0
339,2021-10-21 07:45:02,37550.0,200.0,7407700.0
340,2021-10-21 07:45:02,37550.0,10000.0,7407500.0
341,2021-10-21 07:45:02,37550.0,200.0,7397500.0
342,2021-10-21 07:45:02,37550.0,1000.0,7397300.0
343,2021-10-21 07:45:02,37550.0,800.0,7396300.0
344,2021-10-21 07:45:02,37550.0,200.0,7395500.0
345,2021-10-21 07:45:02,37550.0,200.0,7395300.0
346,2021-10-21 07:45:02,37550.0,200.0,7395100.0
347,2021-10-21 07:45:02,37550.0,300.0,7394900.0
348,2021-10-21 07:45:02,37550.0,700.0,7394600.0
349,2021-10-21 07:45:02,37550.0,3400.0,7393900.0
350,2021-10-21 07:45:02,37550.0,800.0,7390500.0
351,2021-10-21 07:45:02,37550.0,3500.0,7389700.0
352,2021-10-21 07:45:02,37550.0,300.0,7386200.0
353,2021-10-21 07:45:02,37550.0,100.0,7385900.0
354,2021-10-21 07:45:02,37550.0,100.0,7385800.0
355,2021-10-21 07:45:02,37550.0,2600.0,7385700.0
356,2021-10-21 07:45:02,37550.0,600.0,7383100.0
357,2021-10-21 07:45:02,37550.0,100.0,7382500.0
358,2021-10-21 07:45:02,37550.0,100.0,7382400.0
359,2021-10-21 07:45:02,37550.0,1000.0,7382300.0
360,2021-10-21 07:45:02,37550.0,2000.0,7381300.0
361,2021-10-21 07:45:02,37550.0,400.0,7379300.0
362,2021-10-21 07:45:02,37550.0,100.0,7378900.0
363,2021-10-21 07:45:02,37550.0,10000.0,7378800.0
364,2021-10-21 07:45:02,37550.0,200.0,7368800.0
365,2021-10-21 07:45:02,37550.0,10000.0,7368600.0
366,2021-10-21 07:45:02,37550.0,100.0,7358600.0
367,2021-10-21 07:45:02,37550.0,1100.0,7358500.0
368,2021-10-21 07:45:02,37550.0,1000.0,7357400.0
369,2021-10-21 07:45:02,37550.0,500.0,7356400.0
370,2021-10-21 07:45:02,37550.0,1000.0,7355900.0
371,2021-10-21 07:45:02,37550.0,24000.0,7354900.0
372,2021-10-21 07:45:02,37550.0,100.0,7330900.0
373,2021-10-21 07:45:02,37550.0,100.0,7330800.0
374,2021-10-21 07:45:02,37550.0,700.0,7330700.0
375,2021-10-21 07:45:02,37550.0,200.0,7330000.0
376,2021-10-21 07:45:02,37550.0,5000.0,7329800.0
377,2021-10-21 07:45:02,37550.0,1300.0,7324800.0
378,2021-10-21 07:45:02,37550.0,18700.0,7323500.0
379,2021-10-21 07:45:02,37550.0,3000.0,7304800.0
380,2021-10-21 07:45:02,37550.0,300.0,7301800.0
381,2021-10-21 07:45:02,37550.0,100.0,7301500.0
382,2021-10-21 07:45:02,37550.0,100.0,7301400.0
383,2021-10-21 07:45:02,37550.0,16300.0,7301300.0
384,2021-10-21 07:45:02,37550.0,50000.0,7285000.0
385,2021-10-21 07:45:02,37550.0,10000.0,7235000.0
386,2021-10-21 07:45:02,37550.0,22000.0,7225000.0
387,2021-10-21 07:45:02,37550.0,100.0,7203000.0
388,2021-10-21 07:45:02,37550.0,300.0,7202900.0
389,2021-10-21 07:45:02,37550.0,4000.0,7202600.0
390,2021-10-21 07:45:02,37550.0,19600.0,7198600.0
391,2021-10-21 07:45:02,37550.0,10000.0,7179000.0
392,2021-10-21 07:45:02,37550.0,2900.0,7169000.0
393,2021-10-21 07:45:02,37550.0,100000.0,7166100.0
394,2021-10-21 07:45:02,37550.0,2000.0,7066100.0
395,2021-10-21 07:45:02,37550.0,400.0,7064100.0
396,2021-10-21 07:45:02,37550.0,100.0,7063700.0
397,2021-10-21 07:45:02,37550.0,1000.0,7063600.0
398,2021-10-21 07:45:02,37550.0,5000.0,7062600.0
399,2021-10-21 07:45:02,37550.0,2700.0,7057600.0
400,2021-10-21 07:45:02,37550.0,500.0,7054900.0
401,2021-10-21 07:45:02,37550.0,3000.0,7054400.0
402,2021-10-21 07:45:02,37550.0,900.0,7051400.0
403,2021-10-21 07:45:02,37550.0,1000.0,7050500.0
404,2021-10-21 07:45:02,37550.0,100.0,7049500.0
405,2021-10-21 07:45:02,37550.0,2000.0,7049400.0
406,2021-10-21 07:45:02,37550.0,5800.0,7047400.0
407,2021-10-21 07:45:02,37550.0,1000.0,7041600.0
408,2021-10-21 07:45:02,37550.0,100.0,7040600.0
409,2021-10-21 07:45:02,37550.0,100.0,7040500.0
410,2021-10-21 07:45:02,37550.0,100.0,7040400.0
411,2021-10-21 07:45:02,37550.0,100.0,7040300.0
412,2021-10-21 07:45:02,37550.0,30000.0,7040200.0
413,2021-10-21 07:45:02,37550.0,200.0,7010200.0
414,2021-10-21 07:45:02,37550.0,1000.0,7010000.0
415,2021-10-21 07:45:02,37550.0,3000.0,7009000.0
416,2021-10-21 07:45:02,37550.0,300.0,7006000.0
417,2021-10-21 07:45:02,37550.0,5000.0,7005700.0
418,2021-10-21 07:45:02,37550.0,100.0,7000700.0
419,2021-10-21 07:45:02,37550.0,100000.0,7000600.0
420,2021-10-21 07:45:02,37550.0,500.0,6900600.0
421,2021-10-21 07:45:02,37550.0,1000.0,6900100.0
422,2021-10-21 07:45:02,37550.0,500.0,6899100.0
423,2021-10-21 07:45:02,37550.0,400.0,6898600.0
424,2021-10-21 07:45:02,37550.0,1000.0,6898200.0
425,2021-10-21 07:45:02,37550.0,1000.0,6897200.0
426,2021-10-21 07:45:02,37550.0,1000.0,6896200.0
427,2021-10-21 07:45:02,37550.0,500.0,6895200.0
428,2021-10-21 07:45:02,37550.0,300.0,6894700.0
429,2021-10-21 07:45:02,37550.0,200.0,6894400.0
430,2021-10-21 07:45:02,37550.0,2000.0,6894200.0
431,2021-10-21 07:45:02,37550.0,1000.0,6892200.0
432,2021-10-21 07:45:02,37550.0,10000.0,6891200.0
433,2021-10-21 07:45:02,37550.0,500.0,6881200.0
434,2021-10-21 07:45:02,37550.0,5000.0,6880700.0
435,2021-10-21 07:45:02,37550.0,500.0,6875700.0
436,2021-10-21 07:45:02,37550.0,100.0,6875200.0
437,2021-10-21 07:45:02,37550.0,1000.0,6875100.0
438,2021-10-21 07:45:02,37550.0,2000.0,6874100.0
439,2021-10-21 07:45:02,37550.0,400.0,6872100.0
440,2021-10-21 07:45:02,37550.0,2000.0,6871700.0
441,2021-10-21 07:45:02,37550.0,500.0,6869700.0
442,2021-10-21 07:45:02,37550.0,100.0,6869200.0
443,2021-10-21 07:45:02,37550.0,2000.0,6869100.0
444,2021-10-21 07:45:02,37550.0,100.0,6867100.0
445,2021-10-21 07:45:02,37550.0,1000.0,6867000.0
446,2021-10-21 07:45:02,37550.0,100.0,6866000.0
447,2021-10-21 07:45:02,37550.0,900.0,6865900.0
448,2021-10-21 07:45:02,37550.0,10000.0,6865000.0
449,2021-10-21 07:45:02,37550.0,600.0,6855000.0
450,2021-10-21 07:45:02,37550.0,10000.0,6854400.0
451,2021-10-21 07:45:02,37550.0,100.0,6844400.0
452,2021-10-21 07:45:02,37550.0,10000.0,6844300.0
453,2021-10-21 07:45:02,37550.0,500.0,6834300.0
454,2021-10-21 07:45:02,37550.0,1000.0,6833800.0
455,2021-10-21 07:45:02,37550.0,100.0,6832800.0
456,2021-10-21 07:45:02,37550.0,200.0,6832700.0
457,2021-10-21 07:45:02,37550.0,1000.0,6832500.0
458,2021-10-21 07:45:02,37550.0,300.0,6831500.0
459,2021-10-21 07:45:02,37550.0,200.0,6831200.0
460,2021-10-21 07:45:02,37550.0,200.0,6831000.0
461,2021-10-21 07:45:02,37550.0,5000.0,6830800.0
462,2021-10-21 07:45:02,37550.0,300.0,6825800.0
463,2021-10-21 07:45:02,37550.0,100.0,6825500.0
464,2021-10-21 07:45:02,37550.0,1900.0,6825400.0
465,2021-10-21 07:45:02,37550.0,500.0,6823500.0
466,2021-10-21 07:45:02,37550.0,15000.0,6823000.0
467,2021-10-21 07:45:02,37550.0,32600.0,6808000.0
468,2021-10-21 07:45:02,37550.0,10000.0,6775400.0
469,2021-10-21 07:45:02,37550.0,5000.0,6765400.0
470,2021-10-21 07:45:02,37550.0,2400.0,6760400.0
471,2021-10-21 07:45:02,37550.0,12600.0,6758000.0
472,2021-10-21 07:45:02,37550.0,500.0,6745400.0
473,2021-10-21 07:45:02,37550.0,300.0,6744900.0
474,2021-10-21 07:45:02,37550.0,3000.0,6744600.0
475,2021-10-21 07:45:02,37550.0,5000.0,6741600.0
476,2021-10-21 07:45:02,37550.0,5000.0,6736600.0
477,2021-10-21 07:45:02,37550.0,200.0,6731600.0
478,2021-10-21 07:45:02,37550.0,10000.0,6731400.0
479,2021-10-21 07:45:02,37550.0,200.0,6721400.0
480,2021-10-21 07:45:02,37550.0,200.0,6721200.0
481,2021-10-21 07:45:02,37550.0,10000.0,6721000.0
482,2021-10-21 07:45:02,37550.0,3000.0,6711000.0
483,2021-10-21 07:45:02,37550.0,500.0,6708000.0
484,2021-10-21 07:45:02,37550.0,3800.0,6707500.0
485,2021-10-21 07:45:02,37550.0,2700.0,6703700.0
486,2021-10-21 07:45:02,37550.0,8700.0,6701000.0
487,2021-10-21 07:45:02,37550.0,200.0,6692300.0
488,2021-10-21 07:45:02,37550.0,10000.0,6692100.0
489,2021-10-21 07:45:02,37550.0,900.0,6682100.0
490,2021-10-21 07:45:02,37550.0,100.0,6681200.0
491,2021-10-21 07:45:02,37550.0,500.0,6681100.0
492,2021-10-21 07:45:02,37550.0,100.0,6680600.0
493,2021-10-21 07:29:56,38200.0,700.0,6680500.0
494,2021-10-21 07:29:54,38200.0,100.0,6679800.0
495,2021-10-21 07:29:42,38200.0,100.0,6679700.0
496,2021-10-21 07:29:42,38200.0,1000.0,6679600.0
497,2021-10-21 07:29:42,38200.0,8500.0,6678600.0
498,2021-10-21 07:29:26,38200.0,100.0,6670100.0
499,2021-10-21 07:29:19,38200.0,100.0,6670000.0
500,2021-10-21 07:29:13,38000.0,100.0,6669900.0
501,2021-10-21 07:29:01,38000.0,100.0,6669800.0
502,2021-10-21 07:28:49,38000.0,2000.0,6669700.0
503,2021-10-21 07:28:49,38000.0,5000.0,6667700.0
504,2021-10-21 07:28:49,38000.0,100.0,6662700.0
505,2021-10-21 07:28:49,38000.0,200.0,6662600.0
506,2021-10-21 07:28:49,38000.0,2000.0,6662400.0
507,2021-10-21 07:28:49,38000.0,10400.0,6660400.0
508,2021-10-21 07:28:49,38050.0,300.0,6650000.0
509,2021-10-21 07:28:19,38000.0,100.0,6649700.0
510,2021-10-21 07:28:14,38200.0,300.0,6649600.0
511,2021-10-21 07:27:51,38250.0,14300.0,6649300.0
512,2021-10-21 07:27:51,38250.0,100.0,6635000.0
513,2021-10-21 07:27:51,38200.0,3000.0,6634900.0
514,2021-10-21 07:27:51,38200.0,500.0,6631900.0
515,2021-10-21 07:27:51,38200.0,100.0,6631400.0
516,2021-10-21 07:27:51,38200.0,2000.0,6631300.0
517,2021-10-21 07:27:51,38200.0,5000.0,6629300.0
518,2021-10-21 07:27:51,38200.0,5000.0,6624300.0
519,2021-10-21 07:27:43,38200.0,1500.0,6619300.0
520,2021-10-21 07:27:42,38200.0,16300.0,6617800.0
521,2021-10-21 07:27:42,38150.0,3000.0,6601500.0
522,2021-10-21 07:27:42,38100.0,100.0,6598500.0
523,2021-10-21 07:27:42,38100.0,500.0,6598400.0
524,2021-10-21 07:27:42,38100.0,100.0,6597900.0
525,2021-10-21 07:27:37,38000.0,100.0,6597800.0
526,2021-10-21 07:27:35,38000.0,5000.0,6597700.0
527,2021-10-21 07:27:34,38100.0,400.0,6592700.0
528,2021-10-21 07:27:34,38100.0,4100.0,6592300.0
529,2021-10-21 07:27:15,38000.0,100.0,6588200.0
530,2021-10-21 07:26:55,38000.0,100.0,6588100.0
531,2021-10-21 07:26:43,38000.0,4200.0,6588000.0
532,2021-10-21 07:26:37,37950.0,600.0,6583800.0
533,2021-10-21 07:26:37,38000.0,9400.0,6583200.0
534,2021-10-21 07:26:35,38000.0,10000.0,6573800.0
535,2021-10-21 07:26:35,38000.0,600.0,6563800.0
536,2021-10-21 07:26:15,37950.0,100.0,6563200.0
537,2021-10-21 07:26:09,37950.0,20000.0,6563100.0
538,2021-10-21 07:26:09,37950.0,1800.0,6543100.0
539,2021-10-21 07:26:09,37950.0,100.0,6541300.0
540,2021-10-21 07:25:59,37950.0,1500.0,6541200.0
541,2021-10-21 07:25:58,37950.0,200.0,6539700.0
542,2021-10-21 07:25:40,37950.0,1400.0,6539500.0
543,2021-10-21 07:25:40,37950.0,100.0,6538100.0
544,2021-10-21 07:25:40,37950.0,100.0,6538000.0
545,2021-10-21 07:25:40,37950.0,3400.0,6537900.0
546,2021-10-21 07:25:31,37900.0,100.0,6534500.0
547,2021-10-21 07:25:00,37950.0,200.0,6534400.0
548,2021-10-21 07:24:51,37950.0,100.0,6534200.0
549,2021-10-21 07:24:49,37900.0,100.0,6534100.0
550,2021-10-21 07:24:39,37950.0,1000.0,6534000.0
551,2021-10-21 07:24:27,37900.0,400.0,6533000.0
552,2021-10-21 07:24:27,37900.0,100.0,6532600.0
553,2021-10-21 07:24:27,37900.0,300.0,6532500.0
554,2021-10-21 07:24:27,37900.0,5000.0,6532200.0
555,2021-10-21 07:24:27,37900.0,2000.0,6527200.0
556,2021-10-21 07:24:27,37900.0,100.0,6525200.0
557,2021-10-21 07:24:27,37900.0,1000.0,6525100.0
558,2021-10-21 07:24:27,37900.0,1000.0,6524100.0
559,2021-10-21 07:24:27,37900.0,200.0,6523100.0
560,2021-10-21 07:24:27,37900.0,200.0,6522900.0
561,2021-10-21 07:24:27,37900.0,100.0,6522700.0
562,2021-10-21 07:24:27,37900.0,600.0,6522600.0
563,2021-10-21 07:24:27,37900.0,1000.0,6522000.0
564,2021-10-21 07:24:26,37900.0,2000.0,6521000.0
565,2021-10-21 07:24:26,37900.0,200.0,6519000.0
566,2021-10-21 07:24:26,37900.0,500.0,6518800.0
567,2021-10-21 07:24:26,37900.0,500.0,6518300.0
568,2021-10-21 07:24:26,37900.0,200.0,6517800.0
569,2021-10-21 07:24:26,37900.0,2600.0,6517600.0
570,2021-10-21 07:24:26,37900.0,100.0,6515000.0
571,2021-10-21 07:24:26,37900.0,200.0,6514900.0
572,2021-10-21 07:24:26,37900.0,400.0,6514700.0
573,2021-10-21 07:24:26,37900.0,500.0,6514300.0
574,2021-10-21 07:24:26,37900.0,800.0,6513800.0
575,2021-10-21 07:24:17,37900.0,100.0,6513000.0
576,2021-10-21 07:24:17,37900.0,200.0,6512900.0
577,2021-10-21 07:24:17,37900.0,500.0,6512700.0
578,2021-10-21 07:24:17,37900.0,100.0,6512200.0
579,2021-10-21 07:24:17,37900.0,500.0,6512100.0
580,2021-10-21 07:24:17,37900.0,100.0,6511600.0
581,2021-10-21 07:24:17,37900.0,100.0,6511500.0
582,2021-10-21 07:24:17,37900.0,100.0,6511400.0
583,2021-10-21 07:24:17,37900.0,1000.0,6511300.0
584,2021-10-21 07:24:07,37900.0,100.0,6510300.0
585,2021-10-21 07:24:04,37950.0,200.0,6510200.0
586,2021-10-21 07:24:03,37950.0,100.0,6510000.0
587,2021-10-21 07:23:47,38100.0,100.0,6509900.0
588,2021-10-21 07:23:39,37900.0,8900.0,6509800.0
589,2021-10-21 07:23:39,37900.0,100.0,6500900.0
590,2021-10-21 07:23:39,37900.0,200.0,6500800.0
591,2021-10-21 07:23:39,37900.0,300.0,6500600.0
592,2021-10-21 07:23:39,37900.0,1000.0,6500300.0
593,2021-10-21 07:23:39,37950.0,200.0,6499300.0
594,2021-10-21 07:23:39,38000.0,9300.0,6499100.0
595,2021-10-21 07:23:27,37950.0,100.0,6489800.0
596,2021-10-21 07:23:01,37900.0,200.0,6489700.0
597,2021-10-21 07:23:01,37900.0,100.0,6489500.0
598,2021-10-21 07:23:01,37900.0,1000.0,6489400.0
599,2021-10-21 07:23:01,37900.0,100.0,6488400.0
600,2021-10-21 07:23:01,37900.0,200.0,6488300.0
601,2021-10-21 07:23:01,37900.0,100.0,6488100.0
602,2021-10-21 07:23:01,37900.0,100.0,6488000.0
603,2021-10-21 07:23:01,37900.0,500.0,6487900.0
604,2021-10-21 07:23:01,37900.0,500.0,6487400.0
605,2021-10-21 07:23:01,37900.0,2000.0,6486900.0
606,2021-10-21 07:23:01,37900.0,2700.0,6484900.0
607,2021-10-21 07:23:01,37900.0,2000.0,6482200.0
608,2021-10-21 07:23:01,37900.0,100.0,6480200.0
609,2021-10-21 07:23:01,37900.0,900.0,6480100.0
610,2021-10-21 07:23:01,37900.0,100.0,6479200.0
611,2021-10-21 07:23:01,37900.0,500.0,6479100.0
612,2021-10-21 07:23:01,37900.0,100.0,6478600.0
613,2021-10-21 07:23:01,37900.0,100.0,6478500.0
614,2021-10-21 07:23:01,37900.0,100.0,6478400.0
615,2021-10-21 07:23:01,37900.0,200.0,6478300.0
616,2021-10-21 07:23:01,37900.0,100.0,6478100.0
617,2021-10-21 07:23:01,37900.0,100.0,6478000.0
618,2021-10-21 07:23:01,37900.0,1000.0,6477900.0
619,2021-10-21 07:23:01,37900.0,300.0,6476900.0
620,2021-10-21 07:23:01,37900.0,500.0,6476600.0
621,2021-10-21 07:23:01,37900.0,100.0,6476100.0
622,2021-10-21 07:23:01,37900.0,1000.0,6476000.0
623,2021-10-21 07:23:01,37900.0,300.0,6475000.0
624,2021-10-21 07:23:01,37900.0,200.0,6474700.0
625,2021-10-21 07:23:01,37900.0,1000.0,6474500.0
626,2021-10-21 07:23:01,37900.0,100.0,6473500.0
627,2021-10-21 07:23:01,37900.0,1000.0,6473400.0
628,2021-10-21 07:23:01,37900.0,300.0,6472400.0
629,2021-10-21 07:23:01,37900.0,100.0,6472100.0
630,2021-10-21 07:23:01,37900.0,200.0,6472000.0
631,2021-10-21 07:23:01,37950.0,300.0,6471800.0
632,2021-10-21 07:23:01,37950.0,100.0,6471500.0
633,2021-10-21 07:23:01,37950.0,200.0,6471400.0
634,2021-10-21 07:23:01,37950.0,1500.0,6471200.0
635,2021-10-21 07:23:00,38000.0,100.0,6469700.0
636,2021-10-21 07:22:52,38000.0,100.0,6469600.0
637,2021-10-21 07:22:50,38000.0,100.0,6469500.0
638,2021-10-21 07:22:50,38000.0,200.0,6469400.0
639,2021-10-21 07:22:50,38000.0,500.0,6469200.0
640,2021-10-21 07:22:50,38000.0,500.0,6468700.0
641,2021-10-21 07:22:50,38000.0,1000.0,6468200.0
642,2021-10-21 07:22:50,38000.0,200.0,6467200.0
643,2021-10-21 07:22:50,38000.0,300.0,6467000.0
644,2021-10-21 07:22:50,38000.0,1500.0,6466700.0
645,2021-10-21 07:22:50,38000.0,500.0,6465200.0
646,2021-10-21 07:22:50,38000.0,400.0,6464700.0
647,2021-10-21 07:22:50,38000.0,200.0,6464300.0
648,2021-10-21 07:22:50,38000.0,2000.0,6464100.0
649,2021-10-21 07:22:50,38000.0,200.0,6462100.0
650,2021-10-21 07:22:50,38000.0,100.0,6461900.0
651,2021-10-21 07:22:50,38000.0,200.0,6461800.0
652,2021-10-21 07:22:50,38000.0,3000.0,6461600.0
653,2021-10-21 07:22:50,38000.0,1500.0,6458600.0
654,2021-10-21 07:22:50,38000.0,100.0,6457100.0
655,2021-10-21 07:22:50,38000.0,100.0,6457000.0
656,2021-10-21 07:22:50,38000.0,2700.0,6456900.0
657,2021-10-21 07:22:50,38000.0,1000.0,6454200.0
658,2021-10-21 07:22:50,38000.0,5000.0,6453200.0
659,2021-10-21 07:22:50,38000.0,5800.0,6448200.0
660,2021-10-21 07:22:46,38100.0,1100.0,6442400.0
661,2021-10-21 07:22:44,38000.0,100.0,6441300.0
662,2021-10-21 07:22:25,38000.0,4100.0,6441200.0
663,2021-10-21 07:22:25,38000.0,3000.0,6437100.0
664,2021-10-21 07:22:25,38000.0,2000.0,6434100.0
665,2021-10-21 07:22:25,38000.0,100.0,6432100.0
666,2021-10-21 07:22:25,38000.0,5800.0,6432000.0
667,2021-10-21 07:22:25,38000.0,4900.0,6426200.0
668,2021-10-21 07:22:25,38050.0,100.0,6421300.0
669,2021-10-21 07:22:20,38100.0,400.0,6421200.0
670,2021-10-21 07:22:19,38100.0,200.0,6420800.0
671,2021-10-21 07:22:10,38100.0,200.0,6420600.0
672,2021-10-21 07:22:05,38100.0,200.0,6420400.0
673,2021-10-21 07:22:05,38100.0,700.0,6420200.0
674,2021-10-21 07:22:05,38100.0,300.0,6419500.0
675,2021-10-21 07:22:02,38000.0,100.0,6419200.0
676,2021-10-21 07:21:50,38000.0,1400.0,6419100.0
677,2021-10-21 07:21:50,38000.0,100.0,6417700.0
678,2021-10-21 07:21:50,38000.0,1000.0,6417600.0
679,2021-10-21 07:21:50,38000.0,17500.0,6416600.0
680,2021-10-21 07:21:49,38100.0,200.0,6399100.0
681,2021-10-21 07:21:44,38200.0,200.0,6398900.0
682,2021-10-21 07:21:38,38000.0,20000.0,6398700.0
683,2021-10-21 07:21:28,38000.0,3700.0,6378700.0
684,2021-10-21 07:21:28,38100.0,16300.0,6375000.0
685,2021-10-21 07:21:20,38100.0,100.0,6358700.0
686,2021-10-21 07:21:20,38100.0,2000.0,6358600.0
687,2021-10-21 07:21:20,38100.0,200.0,6356600.0
688,2021-10-21 07:21:13,38100.0,100.0,6356400.0
689,2021-10-21 07:20:55,38000.0,8800.0,6356300.0
690,2021-10-21 07:20:55,38000.0,10000.0,6347500.0
691,2021-10-21 07:20:55,38000.0,1000.0,6337500.0
692,2021-10-21 07:20:55,38000.0,200.0,6336500.0
693,2021-10-21 07:20:55,38050.0,900.0,6336300.0
694,2021-10-21 07:20:55,38200.0,1100.0,6335400.0
695,2021-10-21 07:20:42,38200.0,2200.0,6334300.0
696,2021-10-21 07:20:38,38200.0,100.0,6332100.0
697,2021-10-21 07:20:33,38200.0,100.0,6332000.0
698,2021-10-21 07:20:33,38200.0,3300.0,6331900.0
699,2021-10-21 07:20:29,38050.0,9100.0,6328600.0
700,2021-10-21 07:20:29,38100.0,4000.0,6319500.0
701,2021-10-21 07:20:29,38100.0,1900.0,6315500.0
702,2021-10-21 07:19:56,38100.0,100.0,6313600.0
703,2021-10-21 07:19:52,38150.0,100.0,6313500.0
704,2021-10-21 07:19:52,38150.0,9900.0,6313400.0
705,2021-10-21 07:19:38,38200.0,10000.0,6303500.0
706,2021-10-21 07:19:14,38150.0,100.0,6293500.0
707,2021-10-21 07:19:11,38200.0,500.0,6293400.0
708,2021-10-21 07:19:01,38200.0,6200.0,6292900.0
709,2021-10-21 07:19:00,38300.0,500.0,6286700.0
710,2021-10-21 07:18:53,38200.0,20000.0,6286200.0
711,2021-10-21 07:18:51,38300.0,1000.0,6266200.0
712,2021-10-21 07:18:32,38250.0,100.0,6265200.0
713,2021-10-21 07:18:10,38250.0,15000.0,6265100.0
714,2021-10-21 07:18:05,38300.0,2200.0,6250100.0
715,2021-10-21 07:17:59,38300.0,200.0,6247900.0
716,2021-10-21 07:17:59,38300.0,300.0,6247700.0
717,2021-10-21 07:17:59,38350.0,3000.0,6247400.0
718,2021-10-21 07:17:51,38300.0,100.0,6244400.0
719,2021-10-21 07:17:26,38300.0,100.0,6244300.0
720,2021-10-21 07:17:00,38350.0,300.0,6244200.0
721,2021-10-21 07:16:50,38350.0,4400.0,6243900.0
722,2021-10-21 07:16:43,38350.0,3000.0,6239500.0
723,2021-10-21 07:16:41,38350.0,1000.0,6236500.0
724,2021-10-21 07:16:38,38350.0,100.0,6235500.0
725,2021-10-21 07:16:27,38350.0,2000.0,6235400.0
726,2021-10-21 07:16:23,38350.0,100.0,6233400.0
727,2021-10-21 07:16:23,38350.0,500.0,6233300.0
728,2021-10-21 07:16:23,38350.0,200.0,6232800.0
729,2021-10-21 07:16:23,38350.0,100.0,6232600.0
730,2021-10-21 07:16:23,38350.0,5000.0,6232500.0
731,2021-10-21 07:16:23,38350.0,600.0,6227500.0
732,2021-10-21 07:16:23,38350.0,9000.0,6226900.0
733,2021-10-21 07:16:21,38300.0,900.0,6217900.0
734,2021-10-21 07:16:18,38350.0,100.0,6217000.0
735,2021-10-21 07:16:17,38300.0,1800.0,6216900.0
736,2021-10-21 07:16:01,38350.0,900.0,6215100.0
737,2021-10-21 07:16:01,38350.0,600.0,6214200.0
738,2021-10-21 07:15:46,38300.0,4000.0,6213600.0
739,2021-10-21 07:15:45,38300.0,100.0,6209600.0
740,2021-10-21 07:15:34,38300.0,100.0,6209500.0
741,2021-10-21 07:15:34,38300.0,1600.0,6209400.0
742,2021-10-21 07:15:34,38300.0,5000.0,6207800.0
743,2021-10-21 07:15:34,38300.0,200.0,6202800.0
744,2021-10-21 07:15:34,38300.0,3000.0,6202600.0
745,2021-10-21 07:15:34,38300.0,2000.0,6199600.0
746,2021-10-21 07:15:34,38300.0,1000.0,6197600.0
747,2021-10-21 07:15:34,38300.0,100.0,6196600.0
748,2021-10-21 07:15:34,38300.0,2000.0,6196500.0
749,2021-10-21 07:15:34,38300.0,500.0,6194500.0
750,2021-10-21 07:15:34,38300.0,300.0,6194000.0
751,2021-10-21 07:15:34,38300.0,1000.0,6193700.0
752,2021-10-21 07:15:34,38300.0,2000.0,6192700.0
753,2021-10-21 07:15:34,38300.0,3000.0,6190700.0
754,2021-10-21 07:15:34,38300.0,500.0,6187700.0
755,2021-10-21 07:15:34,38300.0,1200.0,6187200.0
756,2021-10-21 07:15:34,38300.0,1000.0,6186000.0
757,2021-10-21 07:15:34,38300.0,1500.0,6185000.0
758,2021-10-21 07:15:34,38300.0,100.0,6183500.0
759,2021-10-21 07:15:34,38300.0,15000.0,6183400.0
760,2021-10-21 07:15:34,38300.0,1000.0,6168400.0
761,2021-10-21 07:15:34,38300.0,2200.0,6167400.0
762,2021-10-21 07:15:34,38300.0,100.0,6165200.0
763,2021-10-21 07:15:34,38300.0,400.0,6165100.0
764,2021-10-21 07:15:34,38300.0,1000.0,6164700.0
765,2021-10-21 07:15:34,38300.0,1000.0,6163700.0
766,2021-10-21 07:15:34,38300.0,10000.0,6162700.0
767,2021-10-21 07:15:34,38300.0,200.0,6152700.0
768,2021-10-21 07:15:34,38300.0,100.0,6152500.0
769,2021-10-21 07:15:34,38300.0,200.0,6152400.0
770,2021-10-21 07:15:34,38300.0,2000.0,6152200.0
771,2021-10-21 07:15:34,38300.0,3500.0,6150200.0
772,2021-10-21 07:15:34,38250.0,8700.0,6146700.0
773,2021-10-21 07:15:34,38250.0,1200.0,6138000.0
774,2021-10-21 07:15:13,38300.0,500.0,6136800.0
775,2021-10-21 07:15:13,38300.0,500.0,6136300.0
776,2021-10-21 07:15:13,38300.0,1000.0,6135800.0
777,2021-10-21 07:15:13,38300.0,100.0,6134800.0
778,2021-10-21 07:15:13,38300.0,100.0,6134700.0
779,2021-10-21 07:15:13,38300.0,200.0,6134600.0
780,2021-10-21 07:15:13,38300.0,100.0,6134400.0
781,2021-10-21 07:15:13,38300.0,200.0,6134300.0
782,2021-10-21 07:15:13,38300.0,5000.0,6134100.0
783,2021-10-21 07:15:13,38300.0,500.0,6129100.0
784,2021-10-21 07:15:13,38300.0,1000.0,6128600.0
785,2021-10-21 07:15:13,38300.0,3400.0,6127600.0
786,2021-10-21 07:15:13,38200.0,2900.0,6124200.0
787,2021-10-21 07:14:44,38100.0,500.0,6121300.0
788,2021-10-21 07:14:35,38300.0,1600.0,6120800.0
789,2021-10-21 07:14:35,38300.0,400.0,6119200.0
790,2021-10-21 07:14:35,38300.0,200.0,6118800.0
791,2021-10-21 07:14:35,38300.0,2000.0,6118600.0
792,2021-10-21 07:14:35,38300.0,200.0,6116600.0
793,2021-10-21 07:14:35,38300.0,200.0,6116400.0
794,2021-10-21 07:14:35,38300.0,200.0,6116200.0
795,2021-10-21 07:14:35,38300.0,2000.0,6116000.0
796,2021-10-21 07:14:35,38300.0,100.0,6114000.0
797,2021-10-21 07:14:35,38300.0,500.0,6113900.0
798,2021-10-21 07:14:35,38300.0,1000.0,6113400.0
799,2021-10-21 07:14:35,38300.0,1300.0,6112400.0
800,2021-10-21 07:14:35,38250.0,20000.0,6111100.0
801,2021-10-21 07:14:35,38250.0,400.0,6091100.0
802,2021-10-21 07:14:35,38250.0,1600.0,6090700.0
803,2021-10-21 07:14:35,38200.0,200.0,6089100.0
804,2021-10-21 07:14:35,38200.0,1000.0,6088900.0
805,2021-10-21 07:14:35,38200.0,1000.0,6087900.0
806,2021-10-21 07:14:35,38200.0,300.0,6086900.0
807,2021-10-21 07:14:35,38200.0,100.0,6086600.0
808,2021-10-21 07:14:35,38200.0,100.0,6086500.0
809,2021-10-21 07:14:35,38200.0,100.0,6086400.0
810,2021-10-21 07:14:35,38200.0,200.0,6086300.0
811,2021-10-21 07:14:35,38200.0,200.0,6086100.0
812,2021-10-21 07:14:35,38200.0,200.0,6085900.0
813,2021-10-21 07:14:35,38200.0,100.0,6085700.0
814,2021-10-21 07:14:35,38200.0,200.0,6085600.0
815,2021-10-21 07:14:35,38200.0,2600.0,6085400.0
816,2021-10-21 07:14:35,38150.0,1900.0,6082800.0
817,2021-10-21 07:14:35,38150.0,8600.0,6080900.0
818,2021-10-21 07:14:35,38150.0,1500.0,6072300.0
819,2021-10-21 07:14:08,38100.0,2000.0,6070800.0
820,2021-10-21 07:14:04,38100.0,200.0,6068800.0
821,2021-10-21 07:13:51,38100.0,500.0,6068600.0
822,2021-10-21 07:13:42,38100.0,1000.0,6068100.0
823,2021-10-21 07:13:35,38100.0,200.0,6067100.0
824,2021-10-21 07:13:22,38100.0,100.0,6066900.0
825,2021-10-21 07:13:05,38100.0,5000.0,6066800.0
826,2021-10-21 07:13:05,38100.0,4300.0,6061800.0
827,2021-10-21 07:13:05,38100.0,500.0,6057500.0
828,2021-10-21 07:13:05,38100.0,2000.0,6057000.0
829,2021-10-21 07:13:05,38100.0,2000.0,6055000.0
830,2021-10-21 07:13:05,38100.0,200.0,6053000.0
831,2021-10-21 07:13:05,38100.0,100.0,6052800.0
832,2021-10-21 07:13:05,38100.0,1000.0,6052700.0
833,2021-10-21 07:13:05,38100.0,300.0,6051700.0
834,2021-10-21 07:13:05,38100.0,1500.0,6051400.0
835,2021-10-21 07:13:05,38100.0,500.0,6049900.0
836,2021-10-21 07:13:05,38050.0,1000.0,6049400.0
837,2021-10-21 07:13:05,38050.0,1600.0,6048400.0
838,2021-10-21 07:12:43,38000.0,500.0,6046800.0
839,2021-10-21 07:12:22,38000.0,600.0,6046300.0
840,2021-10-21 07:12:10,38000.0,400.0,6045700.0
841,2021-10-21 07:12:10,38000.0,100.0,6045300.0
842,2021-10-21 07:10:52,38000.0,100.0,6045200.0
843,2021-10-21 07:10:52,38000.0,400.0,6045100.0
844,2021-10-21 07:10:52,38000.0,500.0,6044700.0
845,2021-10-21 07:10:52,38000.0,100.0,6044200.0
846,2021-10-21 07:10:52,38000.0,13800.0,6044100.0
847,2021-10-21 07:10:39,38000.0,300.0,6030300.0
848,2021-10-21 07:10:05,38000.0,15900.0,6030000.0
849,2021-10-21 07:10:05,38000.0,900.0,6014100.0
850,2021-10-21 07:09:48,38000.0,100.0,6013200.0
851,2021-10-21 07:09:35,38000.0,900.0,6013100.0
852,2021-10-21 07:09:35,38000.0,1000.0,6012200.0
853,2021-10-21 07:09:35,38000.0,200.0,6011200.0
854,2021-10-21 07:09:26,38000.0,500.0,6011000.0
855,2021-10-21 07:08:28,38000.0,7000.0,6010500.0
856,2021-10-21 07:08:26,38000.0,300.0,6003500.0
857,2021-10-21 07:08:26,38000.0,400.0,6003200.0
858,2021-10-21 07:08:20,37900.0,4500.0,6002800.0
859,2021-10-21 07:08:20,37900.0,2100.0,5998300.0
860,2021-10-21 07:08:20,37950.0,400.0,5996200.0
861,2021-10-21 07:08:12,37950.0,2600.0,5995800.0
862,2021-10-21 07:08:02,38000.0,100.0,5993200.0
863,2021-10-21 07:08:02,38000.0,400.0,5993100.0
864,2021-10-21 07:07:47,38000.0,1200.0,5992700.0
865,2021-10-21 07:07:47,38000.0,800.0,5991500.0
866,2021-10-21 07:07:18,38000.0,200.0,5990700.0
867,2021-10-21 07:07:18,38000.0,800.0,5990500.0
868,2021-10-21 07:07:17,38000.0,100.0,5989700.0
869,2021-10-21 07:06:52,38000.0,100.0,5989600.0
870,2021-10-21 07:06:52,38000.0,400.0,5989500.0
871,2021-10-21 07:06:35,38000.0,300.0,5989100.0
872,2021-10-21 07:06:35,38000.0,1000.0,5988800.0
873,2021-10-21 07:06:35,38000.0,1000.0,5987800.0
874,2021-10-21 07:06:35,38000.0,10000.0,5986800.0
875,2021-10-21 07:06:35,38000.0,500.0,5976800.0
876,2021-10-21 07:06:35,38000.0,7200.0,5976300.0
877,2021-10-21 07:05:59,38000.0,100.0,5969100.0
878,2021-10-21 07:05:55,37900.0,300.0,5969000.0
879,2021-10-21 07:05:55,37900.0,4000.0,5968700.0
880,2021-10-21 07:05:41,38000.0,200.0,5964700.0
881,2021-10-21 07:05:16,37900.0,400.0,5964500.0
882,2021-10-21 07:04:09,37900.0,1700.0,5964100.0
883,2021-10-21 07:04:09,37950.0,5900.0,5962400.0
884,2021-10-21 07:03:59,37950.0,400.0,5956500.0
885,2021-10-21 07:03:57,37950.0,9000.0,5956100.0
886,2021-10-21 07:03:47,37950.0,7000.0,5947100.0
887,2021-10-21 07:03:30,37950.0,500.0,5940100.0
888,2021-10-21 07:03:27,37900.0,6400.0,5939600.0
889,2021-10-21 07:02:35,37950.0,4500.0,5933200.0
890,2021-10-21 07:02:35,37950.0,500.0,5928700.0
891,2021-10-21 07:02:35,37950.0,5000.0,5928200.0
892,2021-10-21 07:02:13,37900.0,2000.0,5923200.0
893,2021-10-21 07:00:18,37950.0,100.0,5921200.0
894,2021-10-21 07:00:18,37950.0,100.0,5921100.0
895,2021-10-21 07:00:18,37950.0,100.0,5921000.0
896,2021-10-21 07:00:18,37950.0,100.0,5920900.0
897,2021-10-21 06:59:25,37950.0,100.0,5920800.0
898,2021-10-21 06:59:20,37900.0,2100.0,5920700.0
899,2021-10-21 06:58:38,37900.0,1400.0,5918600.0
900,2021-10-21 06:58:38,37900.0,1600.0,5917200.0
901,2021-10-21 06:58:38,37900.0,2000.0,5915600.0
902,2021-10-21 06:58:38,38000.0,2000.0,5913600.0
903,2021-10-21 06:58:30,37900.0,3400.0,5911600.0
904,2021-10-21 06:58:30,37950.0,5500.0,5908200.0
905,2021-10-21 06:58:19,37950.0,6400.0,5902700.0
906,2021-10-21 06:58:13,37950.0,1100.0,5896300.0
907,2021-10-21 06:58:13,38000.0,100.0,5895200.0
908,2021-10-21 06:58:13,38000.0,7800.0,5895100.0
909,2021-10-21 06:58:07,38000.0,28800.0,5887300.0
910,2021-10-21 06:58:03,38000.0,8900.0,5858500.0
911,2021-10-21 06:57:59,38000.0,200.0,5849600.0
912,2021-10-21 06:57:52,38000.0,30000.0,5849400.0
913,2021-10-21 06:57:46,38000.0,24300.0,5819400.0
914,2021-10-21 06:57:46,38000.0,1000.0,5795100.0
915,2021-10-21 06:57:46,38000.0,2000.0,5794100.0
916,2021-10-21 06:57:46,38000.0,2700.0,5792100.0
917,2021-10-21 06:57:43,38000.0,20000.0,5789400.0
918,2021-10-21 06:57:36,38050.0,400.0,5769400.0
919,2021-10-21 06:57:36,38050.0,100.0,5769000.0
920,2021-10-21 06:57:25,38000.0,30000.0,5768900.0
921,2021-10-21 06:57:25,38000.0,30000.0,5738900.0
922,2021-10-21 06:57:24,38000.0,400.0,5708900.0
923,2021-10-21 06:57:16,38000.0,16900.0,5708500.0
924,2021-10-21 06:57:16,38000.0,600.0,5691600.0
925,2021-10-21 06:57:16,38000.0,300.0,5691000.0
926,2021-10-21 06:57:16,38000.0,2200.0,5690700.0
927,2021-10-21 06:57:09,38000.0,20000.0,5688500.0
928,2021-10-21 06:56:16,38000.0,1000.0,5668500.0
929,2021-10-21 06:56:16,38000.0,1000.0,5667500.0
930,2021-10-21 06:55:54,38000.0,200.0,5666500.0
931,2021-10-21 06:55:34,38000.0,1600.0,5666300.0
932,2021-10-21 06:55:34,38000.0,100.0,5664700.0
933,2021-10-21 06:55:34,38000.0,600.0,5664600.0
934,2021-10-21 06:55:15,38000.0,400.0,5664000.0
935,2021-10-21 06:55:02,38000.0,1000.0,5663600.0
936,2021-10-21 06:54:38,38000.0,300.0,5662600.0
937,2021-10-21 06:54:07,38000.0,500.0,5662300.0
938,2021-10-21 06:53:55,38000.0,2000.0,5661800.0
939,2021-10-21 06:53:47,38000.0,20000.0,5659800.0
940,2021-10-21 06:53:46,38000.0,50000.0,5639800.0
941,2021-10-21 06:53:39,38000.0,25200.0,5589800.0
942,2021-10-21 06:53:39,38000.0,4800.0,5564600.0
943,2021-10-21 06:53:36,38000.0,500.0,5559800.0
944,2021-10-21 06:53:36,38000.0,4000.0,5559300.0
945,2021-10-21 06:53:05,38000.0,25000.0,5555300.0
946,2021-10-21 06:52:58,38000.0,20000.0,5530300.0
947,2021-10-21 06:52:58,38000.0,45000.0,5510300.0
948,2021-10-21 06:52:55,38000.0,300.0,5465300.0
949,2021-10-21 06:52:52,38000.0,100.0,5465000.0
950,2021-10-21 06:52:52,38000.0,100.0,5464900.0
951,2021-10-21 06:52:52,38000.0,200.0,5464800.0
952,2021-10-21 06:52:43,37900.0,600.0,5464600.0
953,2021-10-21 06:52:33,38000.0,200.0,5464000.0
954,2021-10-21 06:52:03,38000.0,200.0,5463800.0
955,2021-10-21 06:51:16,38000.0,200.0,5463600.0
956,2021-10-21 06:51:16,38000.0,1000.0,5463400.0
957,2021-10-21 06:51:16,38000.0,500.0,5462400.0
958,2021-10-21 06:51:16,38000.0,4300.0,5461900.0
959,2021-10-21 06:51:09,38000.0,500.0,5457600.0
960,2021-10-21 06:50:49,38000.0,1000.0,5457100.0
961,2021-10-21 06:50:49,38000.0,500.0,5456100.0
962,2021-10-21 06:50:23,38000.0,2000.0,5455600.0
963,2021-10-21 06:50:09,38000.0,25000.0,5453600.0
964,2021-10-21 06:50:01,38000.0,20000.0,5428600.0
965,2021-10-21 06:49:55,38000.0,45000.0,5408600.0
966,2021-10-21 06:49:50,38000.0,100.0,5363600.0
967,2021-10-21 06:49:50,38000.0,1600.0,5363500.0
968,2021-10-21 06:49:34,38000.0,18400.0,5361900.0
969,2021-10-21 06:49:27,38000.0,20000.0,5343500.0
970,2021-10-21 06:49:26,38000.0,500.0,5323500.0
971,2021-10-21 06:49:14,38000.0,25000.0,5323000.0
972,2021-10-21 06:49:12,38000.0,20000.0,5298000.0
973,2021-10-21 06:49:08,38000.0,500.0,5278000.0
974,2021-10-21 06:49:04,38000.0,15600.0,5277500.0
975,2021-10-21 06:49:04,38000.0,1000.0,5261900.0
976,2021-10-21 06:49:04,38000.0,3400.0,5260900.0
977,2021-10-21 06:48:08,38000.0,5000.0,5257500.0
978,2021-10-21 06:48:03,38000.0,25000.0,5252500.0
979,2021-10-21 06:47:53,38000.0,20000.0,5227500.0
980,2021-10-21 06:47:53,38000.0,40000.0,5207500.0
981,2021-10-21 06:47:40,38000.0,1000.0,5167500.0
982,2021-10-21 06:47:40,38000.0,5000.0,5166500.0
983,2021-10-21 06:47:40,38000.0,600.0,5161500.0
984,2021-10-21 06:47:32,37900.0,400.0,5160900.0
985,2021-10-21 06:47:27,37900.0,300.0,5160500.0
986,2021-10-21 06:47:25,37900.0,40000.0,5160200.0
987,2021-10-21 06:47:23,37900.0,20000.0,5120200.0
988,2021-10-21 06:47:15,37900.0,20000.0,5100200.0
989,2021-10-21 06:47:10,37900.0,500.0,5080200.0
990,2021-10-21 06:47:10,37900.0,200.0,5079700.0
991,2021-10-21 06:47:10,37900.0,300.0,5079500.0
992,2021-10-21 06:47:10,37900.0,8000.0,5079200.0
993,2021-10-21 06:47:10,37900.0,4300.0,5071200.0
994,2021-10-21 06:46:43,37900.0,400.0,5066900.0
995,2021-10-21 06:46:38,37900.0,200.0,5066500.0
996,2021-10-21 06:45:19,37900.0,100.0,5066300.0
997,2021-10-21 06:45:18,37900.0,500.0,5066200.0
998,2021-10-21 06:45:16,37900.0,1000.0,5065700.0
999,2021-10-21 06:44:59,37900.0,500.0,5064700.0
1000,2021-10-21 06:44:58,37900.0,100.0,5064200.0
1001,2021-10-21 06:44:44,37900.0,3900.0,5064100.0
1002,2021-10-21 06:44:14,37900.0,2000.0,5060200.0
1003,2021-10-21 06:44:14,37900.0,4000.0,5058200.0
1004,2021-10-21 06:44:14,37900.0,46000.0,5054200.0
1005,2021-10-21 06:44:14,37900.0,500.0,5008200.0
1006,2021-10-21 06:43:57,37900.0,3500.0,5007700.0
1007,2021-10-21 06:43:57,37900.0,100.0,5004200.0
1008,2021-10-21 06:43:57,37900.0,100.0,5004100.0
1009,2021-10-21 06:43:57,37900.0,1000.0,5004000.0
1010,2021-10-21 06:43:57,37900.0,200.0,5003000.0
1011,2021-10-21 06:43:57,37900.0,600.0,5002800.0
1012,2021-10-21 06:43:57,37900.0,100.0,5002200.0
1013,2021-10-21 06:43:57,37900.0,500.0,5002100.0
1014,2021-10-21 06:43:57,37900.0,100.0,5001600.0
1015,2021-10-21 06:43:57,37900.0,100.0,5001500.0
1016,2021-10-21 06:43:57,37900.0,100.0,5001400.0
1017,2021-10-21 06:43:57,37900.0,100.0,5001300.0
1018,2021-10-21 06:43:57,37900.0,400.0,5001200.0
1019,2021-10-21 06:43:57,37950.0,1400.0,5000800.0
1020,2021-10-21 06:43:49,37950.0,400.0,4999400.0
1021,2021-10-21 06:43:49,37950.0,200.0,4999000.0
1022,2021-10-21 06:43:49,37950.0,200.0,4998800.0
1023,2021-10-21 06:43:49,37950.0,5000.0,4998600.0
1024,2021-10-21 06:43:49,37950.0,500.0,4993600.0
1025,2021-10-21 06:43:49,37950.0,100.0,4993100.0
1026,2021-10-21 06:43:28,38000.0,300.0,4993000.0
1027,2021-10-21 06:43:26,38000.0,100.0,4992700.0
1028,2021-10-21 06:43:26,38000.0,200.0,4992600.0
1029,2021-10-21 06:43:26,38000.0,200.0,4992400.0
1030,2021-10-21 06:43:11,38000.0,300.0,4992200.0
1031,2021-10-21 06:42:46,38000.0,200.0,4991900.0
1032,2021-10-21 06:42:46,38000.0,200.0,4991700.0
1033,2021-10-21 06:42:46,38000.0,300.0,4991500.0
1034,2021-10-21 06:41:03,38100.0,400.0,4991200.0
1035,2021-10-21 06:41:03,38000.0,400.0,4990800.0
1036,2021-10-21 06:41:03,38000.0,400.0,4990400.0
1037,2021-10-21 06:41:03,38000.0,400.0,4990000.0
1038,2021-10-21 06:41:03,38000.0,600.0,4989600.0
1039,2021-10-21 06:41:03,38000.0,2800.0,4989000.0
1040,2021-10-21 06:40:56,38000.0,5000.0,4986200.0
1041,2021-10-21 06:40:29,38000.0,300.0,4981200.0
1042,2021-10-21 06:39:56,38000.0,1100.0,4980900.0
1043,2021-10-21 06:39:56,38000.0,800.0,4979800.0
1044,2021-10-21 06:39:22,38000.0,300.0,4979000.0
1045,2021-10-21 06:39:12,38000.0,700.0,4978700.0
1046,2021-10-21 06:39:12,37900.0,600.0,4978000.0
1047,2021-10-21 06:39:12,37900.0,500.0,4977400.0
1048,2021-10-21 06:39:12,37900.0,3400.0,4976900.0
1049,2021-10-21 06:39:12,37900.0,1500.0,4973500.0
1050,2021-10-21 06:39:12,37900.0,200.0,4972000.0
1051,2021-10-21 06:39:12,37900.0,300.0,4971800.0
1052,2021-10-21 06:39:12,37900.0,1000.0,4971500.0
1053,2021-10-21 06:39:12,37900.0,100.0,4970500.0
1054,2021-10-21 06:39:12,37900.0,500.0,4970400.0
1055,2021-10-21 06:39:12,37900.0,300.0,4969900.0
1056,2021-10-21 06:39:12,37900.0,20000.0,4969600.0
1057,2021-10-21 06:39:12,37900.0,1000.0,4949600.0
1058,2021-10-21 06:39:12,37900.0,200.0,4948600.0
1059,2021-10-21 06:39:12,37900.0,2100.0,4948400.0
1060,2021-10-21 06:39:12,37900.0,500.0,4946300.0
1061,2021-10-21 06:39:12,37900.0,17700.0,4945800.0
1062,2021-10-21 06:39:12,37950.0,100.0,4928100.0
1063,2021-10-21 06:39:11,38000.0,200.0,4928000.0
1064,2021-10-21 06:38:51,37950.0,100.0,4927800.0
1065,2021-10-21 06:38:51,38000.0,100.0,4927700.0
1066,2021-10-21 06:38:45,38000.0,5000.0,4927600.0
1067,2021-10-21 06:38:25,37900.0,2300.0,4922600.0
1068,2021-10-21 06:38:25,37900.0,200.0,4920300.0
1069,2021-10-21 06:38:25,37900.0,1200.0,4920100.0
1070,2021-10-21 06:38:25,37950.0,500.0,4918900.0
1071,2021-10-21 06:38:25,37950.0,500.0,4918400.0
1072,2021-10-21 06:38:25,37950.0,2000.0,4917900.0
1073,2021-10-21 06:38:25,37950.0,1600.0,4915900.0
1074,2021-10-21 06:38:16,37950.0,8900.0,4914300.0
1075,2021-10-21 06:38:07,37950.0,6400.0,4905400.0
1076,2021-10-21 06:37:59,37950.0,2800.0,4899000.0
1077,2021-10-21 06:37:59,38000.0,100.0,4896200.0
1078,2021-10-21 06:37:59,38000.0,1000.0,4896100.0
1079,2021-10-21 06:37:59,38000.0,200.0,4895100.0
1080,2021-10-21 06:37:59,38000.0,800.0,4894900.0
1081,2021-10-21 06:37:59,38000.0,1500.0,4894100.0
1082,2021-10-21 06:37:59,38000.0,600.0,4892600.0
1083,2021-10-21 06:37:59,38000.0,500.0,4892000.0
1084,2021-10-21 06:37:49,38000.0,7100.0,4891500.0
1085,2021-10-21 06:37:40,38000.0,6700.0,4884400.0
1086,2021-10-21 06:37:40,38000.0,500.0,4877700.0
1087,2021-10-21 06:37:27,38000.0,4600.0,4877200.0
1088,2021-10-21 06:37:27,38000.0,1900.0,4872600.0
1089,2021-10-21 06:37:27,38000.0,800.0,4870700.0
1090,2021-10-21 06:37:27,38050.0,100.0,4869900.0
1091,2021-10-21 06:37:27,38050.0,1000.0,4869800.0
1092,2021-10-21 06:37:27,38050.0,100.0,4868800.0
1093,2021-10-21 06:37:27,38050.0,1500.0,4868700.0
1094,2021-10-21 06:37:23,38050.0,1700.0,4867200.0
1095,2021-10-21 06:37:23,38100.0,8300.0,4865500.0
1096,2021-10-21 06:37:22,38100.0,1200.0,4857200.0
1097,2021-10-21 06:37:22,38100.0,1000.0,4856000.0
1098,2021-10-21 06:37:22,38100.0,1000.0,4855000.0
1099,2021-10-21 06:37:00,38050.0,8300.0,4854000.0
1100,2021-10-21 06:36:39,38050.0,7000.0,4845700.0
1101,2021-10-21 06:36:17,38050.0,1500.0,4838700.0
1102,2021-10-21 06:36:17,38050.0,2000.0,4837200.0
1103,2021-10-21 06:36:17,38100.0,100.0,4835200.0
1104,2021-10-21 06:36:17,38100.0,100.0,4835100.0
1105,2021-10-21 06:36:17,38100.0,800.0,4835000.0
1106,2021-10-21 06:36:17,38100.0,3800.0,4834200.0
1107,2021-10-21 06:35:50,38200.0,200.0,4830400.0
1108,2021-10-21 06:35:50,38200.0,3000.0,4830200.0
1109,2021-10-21 06:35:50,38200.0,14500.0,4827200.0
1110,2021-10-21 06:35:50,38150.0,2000.0,4812700.0
1111,2021-10-21 06:35:50,38150.0,300.0,4810700.0
1112,2021-10-21 06:35:31,38100.0,2000.0,4810400.0
1113,2021-10-21 06:35:27,38150.0,400.0,4808400.0
1114,2021-10-21 06:35:27,38150.0,100.0,4808000.0
1115,2021-10-21 06:35:22,38100.0,1200.0,4807900.0
1116,2021-10-21 06:35:11,38150.0,100.0,4806700.0
1117,2021-10-21 06:35:11,38150.0,300.0,4806600.0
1118,2021-10-21 06:35:10,38150.0,200.0,4806300.0
1119,2021-10-21 06:34:51,38100.0,400.0,4806100.0
1120,2021-10-21 06:34:51,38100.0,200.0,4805700.0
1121,2021-10-21 06:34:51,38100.0,100.0,4805500.0
1122,2021-10-21 06:34:51,38100.0,500.0,4805400.0
1123,2021-10-21 06:34:51,38100.0,100.0,4804900.0
1124,2021-10-21 06:34:51,38100.0,200.0,4804800.0
1125,2021-10-21 06:34:51,38100.0,400.0,4804600.0
1126,2021-10-21 06:34:51,38100.0,3000.0,4804200.0
1127,2021-10-21 06:34:51,38100.0,8100.0,4801200.0
1128,2021-10-21 06:34:22,38050.0,400.0,4793100.0
1129,2021-10-21 06:34:13,38050.0,1000.0,4792700.0
1130,2021-10-21 06:34:13,38050.0,10000.0,4791700.0
1131,2021-10-21 06:34:13,38050.0,300.0,4781700.0
1132,2021-10-21 06:34:13,38050.0,200.0,4781400.0
1133,2021-10-21 06:34:13,38050.0,100.0,4781200.0
1134,2021-10-21 06:34:13,38050.0,100.0,4781100.0
1135,2021-10-21 06:34:03,38000.0,100.0,4781000.0
1136,2021-10-21 06:33:57,38000.0,200.0,4780900.0
1137,2021-10-21 06:33:55,38000.0,100.0,4780700.0
1138,2021-10-21 06:33:52,38000.0,500.0,4780600.0
1139,2021-10-21 06:33:47,38000.0,100.0,4780100.0
1140,2021-10-21 06:33:45,38000.0,100.0,4780000.0
1141,2021-10-21 06:33:45,38000.0,200.0,4779900.0
1142,2021-10-21 06:33:45,38000.0,100.0,4779700.0
1143,2021-10-21 06:33:45,38000.0,500.0,4779600.0
1144,2021-10-21 06:33:23,38000.0,100.0,4779100.0
1145,2021-10-21 06:33:23,38000.0,400.0,4779000.0
1146,2021-10-21 06:33:20,38000.0,400.0,4778600.0
1147,2021-10-21 06:33:09,38000.0,200.0,4778200.0
1148,2021-10-21 06:33:09,38000.0,4800.0,4778000.0
1149,2021-10-21 06:33:05,38000.0,200.0,4773200.0
1150,2021-10-21 06:33:05,38000.0,10000.0,4773000.0
1151,2021-10-21 06:33:05,38000.0,1500.0,4763000.0
1152,2021-10-21 06:33:05,38000.0,1000.0,4761500.0
1153,2021-10-21 06:33:05,38000.0,900.0,4760500.0
1154,2021-10-21 06:33:05,38000.0,500.0,4759600.0
1155,2021-10-21 06:33:05,38000.0,100.0,4759100.0
1156,2021-10-21 06:33:05,38000.0,1000.0,4759000.0
1157,2021-10-21 06:33:05,38000.0,1000.0,4758000.0
1158,2021-10-21 06:33:05,38000.0,300.0,4757000.0
1159,2021-10-21 06:33:05,38000.0,100.0,4756700.0
1160,2021-10-21 06:33:05,38000.0,200.0,4756600.0
1161,2021-10-21 06:33:05,38000.0,500.0,4756400.0
1162,2021-10-21 06:33:05,38000.0,2000.0,4755900.0
1163,2021-10-21 06:33:05,38000.0,400.0,4753900.0
1164,2021-10-21 06:33:05,38000.0,100.0,4753500.0
1165,2021-10-21 06:33:05,38000.0,200.0,4753400.0
1166,2021-10-21 06:33:04,38000.0,500.0,4753200.0
1167,2021-10-21 06:32:53,38000.0,100.0,4752700.0
1168,2021-10-21 06:32:31,38000.0,1400.0,4752600.0
1169,2021-10-21 06:32:31,38000.0,200.0,4751200.0
1170,2021-10-21 06:32:31,38000.0,100.0,4751000.0
1171,2021-10-21 06:32:31,38000.0,4000.0,4750900.0
1172,2021-10-21 06:32:31,38000.0,4000.0,4746900.0
1173,2021-10-21 06:32:31,38000.0,1000.0,4742900.0
1174,2021-10-21 06:32:31,38000.0,1000.0,4741900.0
1175,2021-10-21 06:32:31,38000.0,1400.0,4740900.0
1176,2021-10-21 06:32:31,38000.0,300.0,4739500.0
1177,2021-10-21 06:32:31,38000.0,600.0,4739200.0
1178,2021-10-21 06:32:31,38000.0,800.0,4738600.0
1179,2021-10-21 06:32:31,38000.0,500.0,4737800.0
1180,2021-10-21 06:32:31,38000.0,200.0,4737300.0
1181,2021-10-21 06:32:31,38000.0,200.0,4737100.0
1182,2021-10-21 06:32:31,38000.0,1800.0,4736900.0
1183,2021-10-21 06:32:31,38000.0,400.0,4735100.0
1184,2021-10-21 06:32:31,38000.0,200.0,4734700.0
1185,2021-10-21 06:32:31,38000.0,1900.0,4734500.0
1186,2021-10-21 06:32:16,38000.0,1100.0,4732600.0
1187,2021-10-21 06:32:16,38000.0,500.0,4731500.0
1188,2021-10-21 06:31:58,37950.0,300.0,4731000.0
1189,2021-10-21 06:31:54,38000.0,2700.0,4730700.0
1190,2021-10-21 06:31:54,38000.0,100.0,4728000.0
1191,2021-10-21 06:31:54,38000.0,100.0,4727900.0
1192,2021-10-21 06:31:54,38000.0,2300.0,4727800.0
1193,2021-10-21 06:31:54,38000.0,1000.0,4725500.0
1194,2021-10-21 06:31:54,38000.0,3200.0,4724500.0
1195,2021-10-21 06:31:49,37950.0,200.0,4721300.0
1196,2021-10-21 06:31:25,37950.0,1000.0,4721100.0
1197,2021-10-21 06:31:21,37950.0,500.0,4720100.0
1198,2021-10-21 06:31:21,37950.0,500.0,4719600.0
1199,2021-10-21 06:31:15,37900.0,5000.0,4719100.0
1200,2021-10-21 06:31:13,37950.0,100.0,4714100.0
1201,2021-10-21 06:31:06,37950.0,200.0,4714000.0
1202,2021-10-21 06:31:03,37950.0,1200.0,4713800.0
1203,2021-10-21 06:31:03,37950.0,500.0,4712600.0
1204,2021-10-21 06:31:03,37950.0,1400.0,4712100.0
1205,2021-10-21 06:31:00,37950.0,200.0,4710700.0
1206,2021-10-21 06:30:57,37950.0,1400.0,4710500.0
1207,2021-10-21 06:30:57,37950.0,1600.0,4709100.0
1208,2021-10-21 06:30:46,37950.0,100.0,4707500.0
1209,2021-10-21 06:30:43,37950.0,1000.0,4707400.0
1210,2021-10-21 06:30:43,37950.0,300.0,4706400.0
1211,2021-10-21 06:30:43,37950.0,700.0,4706100.0
1212,2021-10-21 06:30:40,37950.0,300.0,4705400.0
1213,2021-10-21 06:30:40,37950.0,2700.0,4705100.0
1214,2021-10-21 06:30:16,37950.0,3000.0,4702400.0
1215,2021-10-21 06:30:09,37950.0,7100.0,4699400.0
1216,2021-10-21 06:30:09,37950.0,800.0,4692300.0
1217,2021-10-21 06:30:09,37950.0,100.0,4691500.0
1218,2021-10-21 06:30:09,37950.0,5000.0,4691400.0
1219,2021-10-21 06:30:09,37950.0,3000.0,4686400.0
1220,2021-10-21 06:30:03,37900.0,100.0,4683400.0
1221,2021-10-21 06:30:02,37950.0,100.0,4683300.0
1222,2021-10-21 06:29:52,37950.0,2000.0,4683200.0
1223,2021-10-21 06:29:44,37950.0,100.0,4681200.0
1224,2021-10-21 06:29:37,37950.0,300.0,4681100.0
1225,2021-10-21 06:29:32,37900.0,10000.0,4680800.0
1226,2021-10-21 06:29:16,37950.0,1400.0,4670800.0
1227,2021-10-21 06:29:14,37950.0,100.0,4669400.0
1228,2021-10-21 06:28:51,37950.0,1300.0,4669300.0
1229,2021-10-21 06:28:11,37900.0,3000.0,4668000.0
1230,2021-10-21 06:28:11,37900.0,100.0,4665000.0
1231,2021-10-21 06:28:11,37900.0,400.0,4664900.0
1232,2021-10-21 06:28:11,37900.0,200.0,4664500.0
1233,2021-10-21 06:28:10,37900.0,1000.0,4664300.0
1234,2021-10-21 06:28:07,37900.0,1800.0,4663300.0
1235,2021-10-21 06:28:07,37900.0,600.0,4661500.0
1236,2021-10-21 06:28:07,37900.0,7600.0,4660900.0
1237,2021-10-21 06:27:50,37900.0,300.0,4653300.0
1238,2021-10-21 06:27:30,37900.0,100.0,4653000.0
1239,2021-10-21 06:27:17,37900.0,200.0,4652900.0
1240,2021-10-21 06:26:59,37900.0,1800.0,4652700.0
1241,2021-10-21 06:26:59,37900.0,200.0,4650900.0
1242,2021-10-21 06:26:29,37850.0,2000.0,4650700.0
1243,2021-10-21 06:25:40,37850.0,600.0,4648700.0
1244,2021-10-21 06:25:40,37850.0,100.0,4648100.0
1245,2021-10-21 06:25:40,37850.0,100.0,4648000.0
1246,2021-10-21 06:25:40,37850.0,100.0,4647900.0
1247,2021-10-21 06:25:40,37850.0,100.0,4647800.0
1248,2021-10-21 06:25:12,37900.0,100.0,4647700.0
1249,2021-10-21 06:24:46,37900.0,100.0,4647600.0
1250,2021-10-21 06:24:31,37900.0,400.0,4647500.0
1251,2021-10-21 06:24:15,37900.0,500.0,4647100.0
1252,2021-10-21 06:24:15,37900.0,100.0,4646600.0
1253,2021-10-21 06:24:12,37900.0,200.0,4646500.0
1254,2021-10-21 06:23:37,37900.0,300.0,4646300.0
1255,2021-10-21 06:23:28,37900.0,3000.0,4646000.0
1256,2021-10-21 06:23:14,37900.0,1000.0,4643000.0
1257,2021-10-21 06:23:13,37950.0,1000.0,4642000.0
1258,2021-10-21 06:22:52,37950.0,1000.0,4641000.0
1259,2021-10-21 06:22:42,37900.0,1000.0,4640000.0
1260,2021-10-21 06:22:42,37900.0,3000.0,4639000.0
1261,2021-10-21 06:22:11,37900.0,2000.0,4636000.0
1262,2021-10-21 06:22:04,37900.0,1000.0,4634000.0
1263,2021-10-21 06:22:03,37900.0,1000.0,4633000.0
1264,2021-10-21 06:22:03,37900.0,1000.0,4632000.0
1265,2021-10-21 06:22:01,37900.0,500.0,4631000.0
1266,2021-10-21 06:22:01,37900.0,500.0,4630500.0
1267,2021-10-21 06:22:00,37900.0,1000.0,4630000.0
1268,2021-10-21 06:21:59,37900.0,1000.0,4629000.0
1269,2021-10-21 06:21:42,37800.0,700.0,4628000.0
1270,2021-10-21 06:21:41,37800.0,1000.0,4627300.0
1271,2021-10-21 06:21:40,37800.0,1000.0,4626300.0
1272,2021-10-21 06:21:39,37800.0,100.0,4625300.0
1273,2021-10-21 06:21:39,37800.0,1000.0,4625200.0
1274,2021-10-21 06:21:32,37800.0,200.0,4624200.0
1275,2021-10-21 06:21:31,37800.0,1000.0,4624000.0
1276,2021-10-21 06:21:14,37900.0,100.0,4623000.0
1277,2021-10-21 06:21:04,37900.0,5000.0,4622900.0
1278,2021-10-21 06:21:01,37900.0,600.0,4617900.0
1279,2021-10-21 06:20:53,37900.0,100.0,4617300.0
1280,2021-10-21 06:20:52,37900.0,100.0,4617200.0
1281,2021-10-21 06:20:48,37750.0,1100.0,4617100.0
1282,2021-10-21 06:20:48,37750.0,20000.0,4616000.0
1283,2021-10-21 06:20:48,37750.0,100.0,4596000.0
1284,2021-10-21 06:20:48,37750.0,200.0,4595900.0
1285,2021-10-21 06:20:48,37800.0,100.0,4595700.0
1286,2021-10-21 06:20:48,37800.0,100.0,4595600.0
1287,2021-10-21 06:20:48,37800.0,100.0,4595500.0
1288,2021-10-21 06:20:48,37800.0,100.0,4595400.0
1289,2021-10-21 06:20:48,37800.0,900.0,4595300.0
1290,2021-10-21 06:20:48,37800.0,600.0,4594400.0
1291,2021-10-21 06:20:48,37800.0,500.0,4593800.0
1292,2021-10-21 06:20:48,37850.0,100.0,4593300.0
1293,2021-10-21 06:20:48,37850.0,800.0,4593200.0
1294,2021-10-21 06:20:48,37850.0,100.0,4592400.0
1295,2021-10-21 06:20:48,37850.0,200.0,4592300.0
1296,2021-10-21 06:20:48,37900.0,100.0,4592100.0
1297,2021-10-21 06:20:46,37900.0,4000.0,4592000.0
1298,2021-10-21 06:20:46,37900.0,1000.0,4588000.0
1299,2021-10-21 06:20:25,37900.0,1000.0,4587000.0
1300,2021-10-21 06:20:21,37900.0,200.0,4586000.0
1301,2021-10-21 06:20:17,37900.0,200.0,4585800.0
1302,2021-10-21 06:20:06,37900.0,1000.0,4585600.0
1303,2021-10-21 06:20:03,37900.0,1000.0,4584600.0
1304,2021-10-21 06:19:57,37900.0,500.0,4583600.0
1305,2021-10-21 06:19:41,37900.0,100.0,4583100.0
1306,2021-10-21 06:19:38,37900.0,500.0,4583000.0
1307,2021-10-21 06:19:29,37900.0,100.0,4582500.0
1308,2021-10-21 06:19:03,37900.0,200.0,4582400.0
1309,2021-10-21 06:18:53,37900.0,200.0,4582200.0
1310,2021-10-21 06:18:19,37700.0,600.0,4582000.0
1311,2021-10-21 06:18:19,37700.0,200.0,4581400.0
1312,2021-10-21 06:18:19,37700.0,200.0,4581200.0
1313,2021-10-21 06:18:19,37700.0,100.0,4581000.0
1314,2021-10-21 06:18:19,37700.0,300.0,4580900.0
1315,2021-10-21 06:18:19,37700.0,6200.0,4580600.0
1316,2021-10-21 06:18:17,37700.0,400.0,4574400.0
1317,2021-10-21 06:18:10,37700.0,8300.0,4574000.0
1318,2021-10-21 06:18:05,37700.0,20000.0,4565700.0
1319,2021-10-21 06:17:58,37700.0,9000.0,4545700.0
1320,2021-10-21 06:17:55,37700.0,400.0,4536700.0
1321,2021-10-21 06:17:50,37700.0,5700.0,4536300.0
1322,2021-10-21 06:17:50,37700.0,300.0,4530600.0
1323,2021-10-21 06:17:50,37750.0,100.0,4530300.0
1324,2021-10-21 06:17:50,37750.0,200.0,4530200.0
1325,2021-10-21 06:17:50,37750.0,100.0,4530000.0
1326,2021-10-21 06:17:50,37750.0,200.0,4529900.0
1327,2021-10-21 06:17:50,37750.0,300.0,4529700.0
1328,2021-10-21 06:17:50,37800.0,100.0,4529400.0
1329,2021-10-21 06:17:39,37750.0,700.0,4529300.0
1330,2021-10-21 06:17:39,37750.0,1000.0,4528600.0
1331,2021-10-21 06:17:39,37750.0,200.0,4527600.0
1332,2021-10-21 06:17:39,37750.0,100.0,4527400.0
1333,2021-10-21 06:17:39,37800.0,5000.0,4527300.0
1334,2021-10-21 06:17:33,37800.0,100.0,4522300.0
1335,2021-10-21 06:17:33,37800.0,3000.0,4522200.0
1336,2021-10-21 06:17:33,37800.0,100.0,4519200.0
1337,2021-10-21 06:17:33,37800.0,200.0,4519100.0
1338,2021-10-21 06:17:33,37800.0,400.0,4518900.0
1339,2021-10-21 06:17:33,37800.0,100.0,4518500.0
1340,2021-10-21 06:17:33,37800.0,100.0,4518400.0
1341,2021-10-21 06:17:33,37800.0,200.0,4518300.0
1342,2021-10-21 06:17:33,37800.0,900.0,4518100.0
1343,2021-10-21 06:17:33,37850.0,1600.0,4517200.0
1344,2021-10-21 06:17:27,37850.0,100.0,4515600.0
1345,2021-10-21 06:17:23,37800.0,100.0,4515500.0
1346,2021-10-21 06:17:23,37800.0,500.0,4515400.0
1347,2021-10-21 06:17:23,37800.0,200.0,4514900.0
1348,2021-10-21 06:17:23,37800.0,1000.0,4514700.0
1349,2021-10-21 06:17:23,37800.0,5000.0,4513700.0
1350,2021-10-21 06:17:23,37800.0,2200.0,4508700.0
1351,2021-10-21 06:17:15,37800.0,800.0,4506500.0
1352,2021-10-21 06:17:15,37800.0,200.0,4505700.0
1353,2021-10-21 06:17:15,37800.0,100.0,4505500.0
1354,2021-10-21 06:17:15,37800.0,200.0,4505400.0
1355,2021-10-21 06:17:15,37800.0,200.0,4505200.0
1356,2021-10-21 06:17:15,37800.0,100.0,4505000.0
1357,2021-10-21 06:17:15,37800.0,3000.0,4504900.0
1358,2021-10-21 06:17:15,37800.0,2400.0,4501900.0
1359,2021-10-21 06:16:55,37800.0,2600.0,4499500.0
1360,2021-10-21 06:16:55,37800.0,5000.0,4496900.0
1361,2021-10-21 06:16:55,37800.0,100.0,4491900.0
1362,2021-10-21 06:16:53,37800.0,900.0,4491800.0
1363,2021-10-21 06:16:53,37800.0,100.0,4490900.0
1364,2021-10-21 06:16:53,37800.0,1600.0,4490800.0
1365,2021-10-21 06:16:53,37800.0,100.0,4489200.0
1366,2021-10-21 06:16:53,37800.0,100.0,4489100.0
1367,2021-10-21 06:16:53,37800.0,1300.0,4489000.0
1368,2021-10-21 06:16:53,37850.0,1000.0,4487700.0
1369,2021-10-21 06:16:53,37850.0,200.0,4486700.0
1370,2021-10-21 06:16:53,37850.0,1000.0,4486500.0
1371,2021-10-21 06:16:53,37850.0,100.0,4485500.0
1372,2021-10-21 06:16:49,37850.0,200.0,4485400.0
1373,2021-10-21 06:16:49,37850.0,100.0,4485200.0
1374,2021-10-21 06:16:49,37850.0,1000.0,4485100.0
1375,2021-10-21 06:16:49,37850.0,3000.0,4484100.0
1376,2021-10-21 06:16:49,37850.0,2700.0,4481100.0
1377,2021-10-21 06:16:29,37900.0,1000.0,4478400.0
1378,2021-10-21 06:16:29,37900.0,200.0,4477400.0
1379,2021-10-21 06:16:29,37900.0,2400.0,4477200.0
1380,2021-10-21 06:16:23,37900.0,7600.0,4474800.0
1381,2021-10-21 06:16:23,37900.0,100.0,4467200.0
1382,2021-10-21 06:16:23,37900.0,700.0,4467100.0
1383,2021-10-21 06:16:23,37900.0,500.0,4466400.0
1384,2021-10-21 06:16:22,37950.0,200.0,4465900.0
1385,2021-10-21 06:16:21,37950.0,200.0,4465700.0
1386,2021-10-21 06:16:20,37950.0,100.0,4465500.0
1387,2021-10-21 06:15:22,37950.0,100.0,4465400.0
1388,2021-10-21 06:15:02,37950.0,5000.0,4465300.0
1389,2021-10-21 06:15:02,37950.0,14100.0,4460300.0
1390,2021-10-21 06:14:50,37950.0,30000.0,4446200.0
1391,2021-10-21 06:14:38,37950.0,30000.0,4416200.0
1392,2021-10-21 06:14:24,38000.0,200.0,4386200.0
1393,2021-10-21 06:14:21,37900.0,25900.0,4386000.0
1394,2021-10-21 06:14:19,37900.0,500.0,4360100.0
1395,2021-10-21 06:14:19,37900.0,800.0,4359600.0
1396,2021-10-21 06:14:19,37900.0,2000.0,4358800.0
1397,2021-10-21 06:14:19,37900.0,300.0,4356800.0
1398,2021-10-21 06:14:19,37950.0,400.0,4356500.0
1399,2021-10-21 06:14:19,37950.0,100.0,4356100.0
1400,2021-10-21 06:13:58,38000.0,500.0,4356000.0
1401,2021-10-21 06:13:53,37950.0,100.0,4355500.0
1402,2021-10-21 06:13:20,38000.0,1100.0,4355400.0
1403,2021-10-21 06:13:20,38000.0,3900.0,4354300.0
1404,2021-10-21 06:13:05,37900.0,200.0,4350400.0
1405,2021-10-21 06:13:02,37900.0,100.0,4350200.0
1406,2021-10-21 06:12:53,37900.0,300.0,4350100.0
1407,2021-10-21 06:12:48,37900.0,200.0,4349800.0
1408,2021-10-21 06:12:30,38000.0,200.0,4349600.0
1409,2021-10-21 06:12:16,37850.0,100.0,4349400.0
1410,2021-10-21 06:12:16,38000.0,100.0,4349300.0
1411,2021-10-21 06:11:47,37850.0,200.0,4349200.0
1412,2021-10-21 06:11:42,37850.0,100.0,4349000.0
1413,2021-10-21 06:11:42,37850.0,100.0,4348900.0
1414,2021-10-21 06:11:42,37850.0,600.0,4348800.0
1415,2021-10-21 06:11:36,37850.0,400.0,4348200.0
1416,2021-10-21 06:11:36,37850.0,600.0,4347800.0
1417,2021-10-21 06:11:18,37850.0,100.0,4347200.0
1418,2021-10-21 06:10:52,37800.0,5000.0,4347100.0
1419,2021-10-21 06:10:50,37800.0,100.0,4342100.0
1420,2021-10-21 06:10:50,37800.0,3600.0,4342000.0
1421,2021-10-21 06:10:41,37800.0,100.0,4338400.0
1422,2021-10-21 06:10:38,37800.0,100.0,4338300.0
1423,2021-10-21 06:10:36,37800.0,4900.0,4338200.0
1424,2021-10-21 06:10:36,37800.0,2500.0,4333300.0
1425,2021-10-21 06:10:36,37800.0,2400.0,4330800.0
1426,2021-10-21 06:10:36,37800.0,200.0,4328400.0
1427,2021-10-21 06:10:27,37800.0,100.0,4328200.0
1428,2021-10-21 06:10:24,37800.0,500.0,4328100.0
1429,2021-10-21 06:10:24,37800.0,400.0,4327600.0
1430,2021-10-21 06:10:24,37800.0,200.0,4327200.0
1431,2021-10-21 06:10:24,37800.0,900.0,4327000.0
1432,2021-10-21 06:10:22,37800.0,100.0,4326100.0
1433,2021-10-21 06:10:22,37800.0,400.0,4326000.0
1434,2021-10-21 06:10:22,37800.0,600.0,4325600.0
1435,2021-10-21 06:10:18,37800.0,100.0,4325000.0
1436,2021-10-21 06:10:15,37800.0,2900.0,4324900.0
1437,2021-10-21 06:10:15,37800.0,100.0,4322000.0
1438,2021-10-21 06:10:12,37800.0,100.0,4321900.0
1439,2021-10-21 06:09:44,37800.0,100.0,4321800.0
1440,2021-10-21 06:09:43,37600.0,3000.0,4321700.0
1441,2021-10-21 06:09:26,37600.0,5000.0,4318700.0
1442,2021-10-21 06:09:25,37600.0,1000.0,4313700.0
1443,2021-10-21 06:09:19,37600.0,700.0,4312700.0
1444,2021-10-21 06:09:19,37600.0,1000.0,4312000.0
1445,2021-10-21 06:09:19,37600.0,500.0,4311000.0
1446,2021-10-21 06:09:19,37600.0,100.0,4310500.0
1447,2021-10-21 06:09:19,37600.0,1000.0,4310400.0
1448,2021-10-21 06:09:19,37600.0,100.0,4309400.0
1449,2021-10-21 06:09:19,37600.0,200.0,4309300.0
1450,2021-10-21 06:09:19,37600.0,200.0,4309100.0
1451,2021-10-21 06:09:19,37600.0,1000.0,4308900.0
1452,2021-10-21 06:09:19,37650.0,200.0,4307900.0
1453,2021-10-21 06:09:00,37600.0,3000.0,4307700.0
1454,2021-10-21 06:08:53,37600.0,9000.0,4304700.0
1455,2021-10-21 06:08:42,37600.0,6300.0,4295700.0
1456,2021-10-21 06:08:41,37800.0,200.0,4289400.0
1457,2021-10-21 06:08:34,37600.0,7100.0,4289200.0
1458,2021-10-21 06:08:26,37600.0,3600.0,4282100.0
1459,2021-10-21 06:08:26,37600.0,3000.0,4278500.0
1460,2021-10-21 06:08:26,37600.0,100.0,4275500.0
1461,2021-10-21 06:08:26,37600.0,100.0,4275400.0
1462,2021-10-21 06:08:26,37600.0,800.0,4275300.0
1463,2021-10-21 06:08:24,37600.0,4200.0,4274500.0
1464,2021-10-21 06:08:24,37600.0,2000.0,4270300.0
1465,2021-10-21 06:08:24,37600.0,100.0,4268300.0
1466,2021-10-21 06:08:24,37600.0,500.0,4268200.0
1467,2021-10-21 06:08:24,37650.0,500.0,4267700.0
1468,2021-10-21 06:08:24,37650.0,1000.0,4267200.0
1469,2021-10-21 06:08:24,37650.0,200.0,4266200.0
1470,2021-10-21 06:08:24,37650.0,500.0,4266000.0
1471,2021-10-21 06:08:24,37650.0,1600.0,4265500.0
1472,2021-10-21 06:08:24,37650.0,100.0,4263900.0
1473,2021-10-21 06:08:24,37650.0,100.0,4263800.0
1474,2021-10-21 06:08:24,37650.0,200.0,4263700.0
1475,2021-10-21 06:08:24,37700.0,1000.0,4263500.0
1476,2021-10-21 06:08:24,37700.0,100.0,4262500.0
1477,2021-10-21 06:08:24,37700.0,2000.0,4262400.0
1478,2021-10-21 06:08:24,37700.0,1000.0,4260400.0
1479,2021-10-21 06:08:24,37700.0,100.0,4259400.0
1480,2021-10-21 06:08:24,37700.0,500.0,4259300.0
1481,2021-10-21 06:08:24,37700.0,100.0,4258800.0
1482,2021-10-21 06:08:24,37700.0,100.0,4258700.0
1483,2021-10-21 06:08:24,37700.0,1000.0,4258600.0
1484,2021-10-21 06:08:24,37700.0,100.0,4257600.0
1485,2021-10-21 06:08:22,37700.0,1900.0,4257500.0
1486,2021-10-21 06:08:22,37700.0,100.0,4255600.0
1487,2021-10-21 06:08:22,37700.0,300.0,4255500.0
1488,2021-10-21 06:08:22,37700.0,10000.0,4255200.0
1489,2021-10-21 06:08:22,37700.0,100.0,4245200.0
1490,2021-10-21 06:08:22,37700.0,700.0,4245100.0
1491,2021-10-21 06:08:22,37700.0,100.0,4244400.0
1492,2021-10-21 06:08:22,37700.0,100.0,4244300.0
1493,2021-10-21 06:08:22,37700.0,1000.0,4244200.0
1494,2021-10-21 06:08:22,37700.0,100.0,4243200.0
1495,2021-10-21 06:08:22,37700.0,200.0,4243100.0
1496,2021-10-21 06:08:22,37700.0,1000.0,4242900.0
1497,2021-10-21 06:08:22,37700.0,1000.0,4241900.0
1498,2021-10-21 06:08:22,37700.0,100.0,4240900.0
1499,2021-10-21 06:08:22,37700.0,100.0,4240800.0
1500,2021-10-21 06:08:22,37700.0,200.0,4240700.0
1501,2021-10-21 06:08:22,37700.0,100.0,4240500.0
1502,2021-10-21 06:08:22,37700.0,2000.0,4240400.0
1503,2021-10-21 06:08:22,37700.0,13500.0,4238400.0
1504,2021-10-21 06:08:22,37750.0,2800.0,4224900.0
1505,2021-10-21 06:08:22,37800.0,100.0,4222100.0
1506,2021-10-21 06:08:19,37700.0,5000.0,4222000.0
1507,2021-10-21 06:08:18,37700.0,1500.0,4217000.0
1508,2021-10-21 06:08:18,37700.0,100.0,4215500.0
1509,2021-10-21 06:08:18,37700.0,5000.0,4215400.0
1510,2021-10-21 06:08:18,37700.0,500.0,4210400.0
1511,2021-10-21 06:08:18,37700.0,1200.0,4209900.0
1512,2021-10-21 06:08:17,37700.0,500.0,4208700.0
1513,2021-10-21 06:08:17,37700.0,2000.0,4208200.0
1514,2021-10-21 06:08:17,37700.0,2500.0,4206200.0
1515,2021-10-21 06:08:14,37800.0,3000.0,4203700.0
1516,2021-10-21 06:08:06,37800.0,4000.0,4200700.0
1517,2021-10-21 06:08:05,37700.0,7000.0,4196700.0
1518,2021-10-21 06:07:58,37800.0,100.0,4189700.0
1519,2021-10-21 06:07:47,37800.0,1000.0,4189600.0
1520,2021-10-21 06:07:30,37800.0,500.0,4188600.0
1521,2021-10-21 06:07:29,37700.0,500.0,4188100.0
1522,2021-10-21 06:07:29,37700.0,200.0,4187600.0
1523,2021-10-21 06:07:29,37750.0,100.0,4187400.0
1524,2021-10-21 06:07:29,37750.0,500.0,4187300.0
1525,2021-10-21 06:07:29,37750.0,1000.0,4186800.0
1526,2021-10-21 06:07:29,37750.0,200.0,4185800.0
1527,2021-10-21 06:07:29,37750.0,200.0,4185600.0
1528,2021-10-21 06:07:29,37750.0,500.0,4185400.0
1529,2021-10-21 06:07:29,37750.0,200.0,4184900.0
1530,2021-10-21 06:07:29,37750.0,5000.0,4184700.0
1531,2021-10-21 06:07:29,37750.0,200.0,4179700.0
1532,2021-10-21 06:07:29,37750.0,400.0,4179500.0
1533,2021-10-21 06:07:29,37800.0,200.0,4179100.0
1534,2021-10-21 06:07:29,37750.0,100.0,4178900.0
1535,2021-10-21 06:07:27,37800.0,2900.0,4178800.0
1536,2021-10-21 06:07:27,37800.0,3700.0,4175900.0
1537,2021-10-21 06:07:23,37800.0,200.0,4172200.0
1538,2021-10-21 06:07:23,37800.0,100.0,4172000.0
1539,2021-10-21 06:07:23,37800.0,1000.0,4171900.0
1540,2021-10-21 06:07:23,37800.0,100.0,4170900.0
1541,2021-10-21 06:07:23,37800.0,200.0,4170800.0
1542,2021-10-21 06:07:23,37800.0,200.0,4170600.0
1543,2021-10-21 06:07:23,37800.0,100.0,4170400.0
1544,2021-10-21 06:07:23,37800.0,100.0,4170300.0
1545,2021-10-21 06:07:23,37800.0,200.0,4170200.0
1546,2021-10-21 06:07:23,37800.0,500.0,4170000.0
1547,2021-10-21 06:07:23,37800.0,4000.0,4169500.0
1548,2021-10-21 06:07:21,37850.0,200.0,4165500.0
1549,2021-10-21 06:07:21,37800.0,1000.0,4165300.0
1550,2021-10-21 06:07:21,37800.0,1000.0,4164300.0
1551,2021-10-21 06:07:21,37800.0,5000.0,4163300.0
1552,2021-10-21 06:07:13,37800.0,1000.0,4158300.0
1553,2021-10-21 06:07:13,37800.0,4000.0,4157300.0
1554,2021-10-21 06:07:13,37800.0,4300.0,4153300.0
1555,2021-10-21 06:07:03,37850.0,200.0,4149000.0
1556,2021-10-21 06:07:02,37800.0,5000.0,4148800.0
1557,2021-10-21 06:06:57,37800.0,10700.0,4143800.0
1558,2021-10-21 06:06:57,37800.0,5000.0,4133100.0
1559,2021-10-21 06:06:57,37800.0,300.0,4128100.0
1560,2021-10-21 06:06:57,37800.0,200.0,4127800.0
1561,2021-10-21 06:06:57,37800.0,100.0,4127600.0
1562,2021-10-21 06:06:57,37800.0,100.0,4127500.0
1563,2021-10-21 06:06:57,37800.0,300.0,4127400.0
1564,2021-10-21 06:06:57,37800.0,200.0,4127100.0
1565,2021-10-21 06:06:57,37800.0,2000.0,4126900.0
1566,2021-10-21 06:06:57,37800.0,500.0,4124900.0
1567,2021-10-21 06:06:57,37800.0,1000.0,4124400.0
1568,2021-10-21 06:06:57,37800.0,13600.0,4123400.0
1569,2021-10-21 06:06:55,37800.0,1400.0,4109800.0
1570,2021-10-21 06:06:55,37800.0,400.0,4108400.0
1571,2021-10-21 06:06:55,37800.0,2000.0,4108000.0
1572,2021-10-21 06:06:55,37800.0,2000.0,4106000.0
1573,2021-10-21 06:06:55,37800.0,100.0,4104000.0
1574,2021-10-21 06:06:55,37800.0,200.0,4103900.0
1575,2021-10-21 06:06:55,37800.0,200.0,4103700.0
1576,2021-10-21 06:06:55,37800.0,1000.0,4103500.0
1577,2021-10-21 06:06:55,37800.0,100.0,4102500.0
1578,2021-10-21 06:06:55,37800.0,200.0,4102400.0
1579,2021-10-21 06:06:55,37800.0,100.0,4102200.0
1580,2021-10-21 06:06:55,37800.0,5000.0,4102100.0
1581,2021-10-21 06:06:55,37800.0,500.0,4097100.0
1582,2021-10-21 06:06:55,37800.0,2000.0,4096600.0
1583,2021-10-21 06:06:55,37800.0,100.0,4094600.0
1584,2021-10-21 06:06:55,37800.0,200.0,4094500.0
1585,2021-10-21 06:06:55,37800.0,1000.0,4094300.0
1586,2021-10-21 06:06:55,37800.0,1000.0,4093300.0
1587,2021-10-21 06:06:55,37800.0,100.0,4092300.0
1588,2021-10-21 06:06:55,37800.0,400.0,4092200.0
1589,2021-10-21 06:06:55,37800.0,1000.0,4091800.0
1590,2021-10-21 06:06:55,37800.0,100.0,4090800.0
1591,2021-10-21 06:06:55,37800.0,200.0,4090700.0
1592,2021-10-21 06:06:55,37800.0,20000.0,4090500.0
1593,2021-10-21 06:06:55,37800.0,200.0,4070500.0
1594,2021-10-21 06:06:55,37800.0,100.0,4070300.0
1595,2021-10-21 06:06:55,37800.0,200.0,4070200.0
1596,2021-10-21 06:06:55,37800.0,500.0,4070000.0
1597,2021-10-21 06:06:55,37800.0,2400.0,4069500.0
1598,2021-10-21 06:06:55,37800.0,100.0,4067100.0
1599,2021-10-21 06:06:55,37800.0,100.0,4067000.0
1600,2021-10-21 06:06:55,37800.0,100.0,4066900.0
1601,2021-10-21 06:06:55,37800.0,100.0,4066800.0
1602,2021-10-21 06:06:55,37800.0,500.0,4066700.0
1603,2021-10-21 06:06:55,37800.0,1000.0,4066200.0
1604,2021-10-21 06:06:55,37800.0,500.0,4065200.0
1605,2021-10-21 06:06:55,37800.0,100.0,4064700.0
1606,2021-10-21 06:06:55,37800.0,400.0,4064600.0
1607,2021-10-21 06:06:55,37800.0,500.0,4064200.0
1608,2021-10-21 06:06:55,37800.0,500.0,4063700.0
1609,2021-10-21 06:06:55,37800.0,500.0,4063200.0
1610,2021-10-21 06:06:55,37800.0,2900.0,4062700.0
1611,2021-10-21 06:06:50,37800.0,2100.0,4059800.0
1612,2021-10-21 06:06:50,37800.0,4900.0,4057700.0
1613,2021-10-21 06:06:46,37800.0,5100.0,4052800.0
1614,2021-10-21 06:06:46,37800.0,100.0,4047700.0
1615,2021-10-21 06:06:46,37800.0,100.0,4047600.0
1616,2021-10-21 06:06:46,37800.0,100.0,4047500.0
1617,2021-10-21 06:06:46,37800.0,5000.0,4047400.0
1618,2021-10-21 06:06:46,37800.0,500.0,4042400.0
1619,2021-10-21 06:06:46,37800.0,2900.0,4041900.0
1620,2021-10-21 06:06:35,37800.0,47100.0,4039000.0
1621,2021-10-21 06:06:35,37800.0,100.0,3991900.0
1622,2021-10-21 06:06:35,37800.0,7000.0,3991800.0
1623,2021-10-21 06:06:35,37800.0,1000.0,3984800.0
1624,2021-10-21 06:06:35,37800.0,1000.0,3983800.0
1625,2021-10-21 06:06:35,37800.0,500.0,3982800.0
1626,2021-10-21 06:06:35,37800.0,200.0,3982300.0
1627,2021-10-21 06:06:35,37800.0,100.0,3982100.0
1628,2021-10-21 06:06:28,37800.0,2500.0,3982000.0
1629,2021-10-21 06:06:16,37850.0,1200.0,3979500.0
1630,2021-10-21 06:06:15,37850.0,400.0,3978300.0
1631,2021-10-21 06:06:08,37800.0,2400.0,3977900.0
1632,2021-10-21 06:06:08,37800.0,4500.0,3975500.0
1633,2021-10-21 06:06:08,37800.0,400.0,3971000.0
1634,2021-10-21 06:06:08,37800.0,100.0,3970600.0
1635,2021-10-21 06:06:08,37800.0,100.0,3970500.0
1636,2021-10-21 06:06:08,37800.0,100.0,3970400.0
1637,2021-10-21 06:06:08,37800.0,100.0,3970300.0
1638,2021-10-21 06:05:56,37850.0,300.0,3970200.0
1639,2021-10-21 06:05:52,37850.0,100.0,3969900.0
1640,2021-10-21 06:05:37,37850.0,2100.0,3969800.0
1641,2021-10-21 06:05:36,37850.0,2900.0,3967700.0
1642,2021-10-21 06:05:35,37850.0,1600.0,3964800.0
1643,2021-10-21 06:05:27,37850.0,1000.0,3963200.0
1644,2021-10-21 06:05:27,37850.0,100.0,3962200.0
1645,2021-10-21 06:05:27,37850.0,500.0,3962100.0
1646,2021-10-21 06:05:27,37850.0,100.0,3961600.0
1647,2021-10-21 06:05:27,37850.0,2000.0,3961500.0
1648,2021-10-21 06:05:27,37850.0,20000.0,3959500.0
1649,2021-10-21 06:05:27,37850.0,100.0,3939500.0
1650,2021-10-21 06:05:27,37850.0,20000.0,3939400.0
1651,2021-10-21 06:05:27,37850.0,10000.0,3919400.0
1652,2021-10-21 06:05:27,37850.0,100.0,3909400.0
1653,2021-10-21 06:05:27,37850.0,1000.0,3909300.0
1654,2021-10-21 06:05:27,37850.0,100.0,3908300.0
1655,2021-10-21 06:05:27,37850.0,1200.0,3908200.0
1656,2021-10-21 06:05:27,37850.0,1000.0,3907000.0
1657,2021-10-21 06:05:27,37850.0,1000.0,3906000.0
1658,2021-10-21 06:05:27,37850.0,200.0,3905000.0
1659,2021-10-21 06:05:27,37850.0,15000.0,3904800.0
1660,2021-10-21 06:05:27,37850.0,500.0,3889800.0
1661,2021-10-21 06:05:27,37850.0,3000.0,3889300.0
1662,2021-10-21 06:05:27,37850.0,200.0,3886300.0
1663,2021-10-21 06:05:27,37850.0,100.0,3886100.0
1664,2021-10-21 06:05:27,37850.0,100.0,3886000.0
1665,2021-10-21 06:05:27,37850.0,400.0,3885900.0
1666,2021-10-21 06:05:27,37850.0,500.0,3885500.0
1667,2021-10-21 06:05:27,37850.0,500.0,3885000.0
1668,2021-10-21 06:05:27,37850.0,3000.0,3884500.0
1669,2021-10-21 06:05:27,37850.0,200.0,3881500.0
1670,2021-10-21 06:05:27,37850.0,300.0,3881300.0
1671,2021-10-21 06:05:27,37850.0,100.0,3881000.0
1672,2021-10-21 06:05:27,37850.0,200.0,3880900.0
1673,2021-10-21 06:05:27,37850.0,500.0,3880700.0
1674,2021-10-21 06:05:27,37850.0,100.0,3880200.0
1675,2021-10-21 06:05:27,37850.0,500.0,3880100.0
1676,2021-10-21 06:05:27,37850.0,5000.0,3879600.0
1677,2021-10-21 06:05:27,37900.0,300.0,3874600.0
1678,2021-10-21 06:05:27,37900.0,100.0,3874300.0
1679,2021-10-21 06:05:27,37900.0,500.0,3874200.0
1680,2021-10-21 06:05:27,37900.0,200.0,3873700.0
1681,2021-10-21 06:05:27,37900.0,2000.0,3873500.0
1682,2021-10-21 06:05:27,37900.0,200.0,3871500.0
1683,2021-10-21 06:05:27,37900.0,100.0,3871300.0
1684,2021-10-21 06:05:27,37900.0,100.0,3871200.0
1685,2021-10-21 06:05:27,37900.0,100.0,3871100.0
1686,2021-10-21 06:05:27,37900.0,100.0,3871000.0
1687,2021-10-21 06:05:27,37900.0,10000.0,3870900.0
1688,2021-10-21 06:05:27,37900.0,300.0,3860900.0
1689,2021-10-21 06:05:27,37900.0,2300.0,3860600.0
1690,2021-10-21 06:05:27,37900.0,500.0,3858300.0
1691,2021-10-21 06:05:27,37900.0,100.0,3857800.0
1692,2021-10-21 06:05:27,37900.0,100.0,3857700.0
1693,2021-10-21 06:05:27,37900.0,1000.0,3857600.0
1694,2021-10-21 06:05:27,37900.0,100.0,3856600.0
1695,2021-10-21 06:05:27,37900.0,400.0,3856500.0
1696,2021-10-21 06:05:27,37900.0,1000.0,3856100.0
1697,2021-10-21 06:05:27,37900.0,5000.0,3855100.0
1698,2021-10-21 06:05:27,37900.0,100.0,3850100.0
1699,2021-10-21 06:05:27,37900.0,500.0,3850000.0
1700,2021-10-21 06:05:27,37900.0,5000.0,3849500.0
1701,2021-10-21 06:05:27,37900.0,1000.0,3844500.0
1702,2021-10-21 06:05:27,37900.0,1000.0,3843500.0
1703,2021-10-21 06:05:27,37900.0,100.0,3842500.0
1704,2021-10-21 06:05:27,37900.0,5000.0,3842400.0
1705,2021-10-21 06:05:27,37900.0,100.0,3837400.0
1706,2021-10-21 06:05:27,37900.0,100.0,3837300.0
1707,2021-10-21 06:05:27,37900.0,1000.0,3837200.0
1708,2021-10-21 06:05:27,37900.0,1000.0,3836200.0
1709,2021-10-21 06:05:27,37900.0,100.0,3835200.0
1710,2021-10-21 06:05:27,37900.0,100.0,3835100.0
1711,2021-10-21 06:05:27,37900.0,200.0,3835000.0
1712,2021-10-21 06:05:27,37900.0,300.0,3834800.0
1713,2021-10-21 06:05:27,37900.0,1600.0,3834500.0
1714,2021-10-21 06:04:45,37900.0,400.0,3832900.0
1715,2021-10-21 06:03:59,37900.0,100.0,3832500.0
1716,2021-10-21 06:03:59,37900.0,5000.0,3832400.0
1717,2021-10-21 06:03:52,37900.0,200.0,3827400.0
1718,2021-10-21 06:03:20,37900.0,800.0,3827200.0
1719,2021-10-21 06:03:20,37900.0,100.0,3826400.0
1720,2021-10-21 06:03:20,37900.0,100.0,3826300.0
1721,2021-10-21 06:03:20,37900.0,100.0,3826200.0
1722,2021-10-21 06:03:20,37900.0,100.0,3826100.0
1723,2021-10-21 06:03:20,37900.0,2000.0,3826000.0
1724,2021-10-21 06:03:20,37900.0,200.0,3824000.0
1725,2021-10-21 06:03:20,37900.0,100.0,3823800.0
1726,2021-10-21 06:03:20,37900.0,300.0,3823700.0
1727,2021-10-21 06:03:20,37900.0,900.0,3823400.0
1728,2021-10-21 06:03:20,37900.0,200.0,3822500.0
1729,2021-10-21 06:03:20,37900.0,100.0,3822300.0
1730,2021-10-21 06:02:58,38000.0,200.0,3822200.0
1731,2021-10-21 06:02:48,37900.0,400.0,3822000.0
1732,2021-10-21 06:02:48,37900.0,400.0,3821600.0
1733,2021-10-21 06:02:48,37950.0,1500.0,3821200.0
1734,2021-10-21 06:02:48,37950.0,100.0,3819700.0
1735,2021-10-21 06:02:48,37950.0,200.0,3819600.0
1736,2021-10-21 06:02:48,37950.0,200.0,3819400.0
1737,2021-10-21 06:00:28,38000.0,100.0,3819200.0
1738,2021-10-21 06:00:24,37950.0,100.0,3819100.0
1739,2021-10-21 06:00:24,37950.0,100.0,3819000.0
1740,2021-10-21 06:00:23,38000.0,100.0,3818900.0
1741,2021-10-21 06:00:23,38000.0,500.0,3818800.0
1742,2021-10-21 06:00:23,38000.0,400.0,3818300.0
1743,2021-10-21 06:00:22,37950.0,100.0,3817900.0
1744,2021-10-21 06:00:22,37950.0,100.0,3817800.0
1745,2021-10-21 06:00:09,38000.0,200.0,3817700.0
1746,2021-10-21 06:00:05,38000.0,100.0,3817500.0
1747,2021-10-21 06:00:05,38000.0,1900.0,3817400.0
1748,2021-10-21 06:00:04,37950.0,900.0,3815500.0
1749,2021-10-21 06:00:04,37950.0,100.0,3814600.0
1750,2021-10-21 06:00:04,37950.0,2000.0,3814500.0
1751,2021-10-21 06:00:03,38000.0,200.0,3812500.0
1752,2021-10-21 06:00:03,38000.0,200.0,3812300.0
1753,2021-10-21 06:00:03,38000.0,100.0,3812100.0
1754,2021-10-21 06:00:03,38000.0,100.0,3812000.0
1755,2021-10-21 06:00:02,38000.0,500.0,3811900.0
1756,2021-10-21 06:00:02,38000.0,400.0,3811400.0
1757,2021-10-21 06:00:01,38000.0,1000.0,3811000.0
1758,2021-10-21 04:29:51,38000.0,500.0,3810000.0
1759,2021-10-21 04:29:38,38000.0,3100.0,3809500.0
1760,2021-10-21 04:29:38,38000.0,11900.0,3806400.0
1761,2021-10-21 04:29:30,38000.0,100.0,3794500.0
1762,2021-10-21 04:29:20,38000.0,100.0,3794400.0
1763,2021-10-21 04:29:10,38000.0,1000.0,3794300.0
1764,2021-10-21 04:29:00,38000.0,300.0,3793300.0
1765,2021-10-21 04:29:00,38000.0,100.0,3793000.0
1766,2021-10-21 04:29:00,38000.0,100.0,3792900.0
1767,2021-10-21 04:28:17,38000.0,200.0,3792800.0
1768,2021-10-21 04:27:52,38000.0,300.0,3792600.0
1769,2021-10-21 04:27:50,38000.0,500.0,3792300.0
1770,2021-10-21 04:27:34,38000.0,3000.0,3791800.0
1771,2021-10-21 04:27:00,38000.0,100.0,3788800.0
1772,2021-10-21 04:26:43,37950.0,400.0,3788700.0
1773,2021-10-21 04:26:35,37950.0,300.0,3788300.0
1774,2021-10-21 04:26:35,37950.0,700.0,3788000.0
1775,2021-10-21 04:26:32,37950.0,100.0,3787300.0
1776,2021-10-21 04:26:24,37950.0,100.0,3787200.0
1777,2021-10-21 04:25:43,37900.0,700.0,3787100.0
1778,2021-10-21 04:25:04,37900.0,900.0,3786400.0
1779,2021-10-21 04:25:04,37900.0,300.0,3785500.0
1780,2021-10-21 04:25:04,37900.0,1800.0,3785200.0
1781,2021-10-21 04:24:55,37900.0,900.0,3783400.0
1782,2021-10-21 04:24:55,37900.0,500.0,3782500.0
1783,2021-10-21 04:24:55,37900.0,100.0,3782000.0
1784,2021-10-21 04:24:53,37900.0,200.0,3781900.0
1785,2021-10-21 04:24:53,37900.0,200.0,3781700.0
1786,2021-10-21 04:24:46,37900.0,200.0,3781500.0
1787,2021-10-21 04:24:46,37900.0,1000.0,3781300.0
1788,2021-10-21 04:24:46,37900.0,100.0,3780300.0
1789,2021-10-21 04:24:46,37900.0,100.0,3780200.0
1790,2021-10-21 04:24:46,37900.0,200.0,3780100.0
1791,2021-10-21 04:24:46,37900.0,1900.0,3779900.0
1792,2021-10-21 04:24:33,37900.0,3600.0,3778000.0
1793,2021-10-21 04:24:33,37900.0,1000.0,3774400.0
1794,2021-10-21 04:24:33,37900.0,300.0,3773400.0
1795,2021-10-21 04:24:33,37900.0,1000.0,3773100.0
1796,2021-10-21 04:24:33,37900.0,100.0,3772100.0
1797,2021-10-21 04:24:33,37900.0,500.0,3772000.0
1798,2021-10-21 04:24:33,37900.0,1000.0,3771500.0
1799,2021-10-21 04:24:33,37900.0,300.0,3770500.0
1800,2021-10-21 04:24:33,37900.0,100.0,3770200.0
1801,2021-10-21 04:24:33,37900.0,2100.0,3770100.0
1802,2021-10-21 04:24:20,37900.0,1500.0,3768000.0
1803,2021-10-21 04:24:19,37900.0,1400.0,3766500.0
1804,2021-10-21 04:24:19,37900.0,100.0,3765100.0
1805,2021-10-21 04:24:19,37900.0,1000.0,3765000.0
1806,2021-10-21 04:24:19,37900.0,1500.0,3764000.0
1807,2021-10-21 04:23:27,37900.0,3500.0,3762500.0
1808,2021-10-21 04:23:27,37900.0,1500.0,3759000.0
1809,2021-10-21 04:23:21,37950.0,100.0,3757500.0
1810,2021-10-21 04:23:05,37900.0,200.0,3757400.0
1811,2021-10-21 04:23:00,37950.0,100.0,3757200.0
1812,2021-10-21 04:23:00,37950.0,900.0,3757100.0
1813,2021-10-21 04:22:33,37900.0,1300.0,3756200.0
1814,2021-10-21 04:22:33,37900.0,100.0,3754900.0
1815,2021-10-21 04:22:33,37900.0,20000.0,3754800.0
1816,2021-10-21 04:22:33,37900.0,100.0,3734800.0
1817,2021-10-21 04:22:33,37900.0,2000.0,3734700.0
1818,2021-10-21 04:22:33,37900.0,100.0,3732700.0
1819,2021-10-21 04:22:33,37900.0,200.0,3732600.0
1820,2021-10-21 04:22:33,37900.0,2000.0,3732400.0
1821,2021-10-21 04:22:33,37900.0,200.0,3730400.0
1822,2021-10-21 04:22:33,37900.0,100.0,3730200.0
1823,2021-10-21 04:22:33,37900.0,300.0,3730100.0
1824,2021-10-21 04:22:33,37900.0,1500.0,3729800.0
1825,2021-10-21 04:22:33,37900.0,500.0,3728300.0
1826,2021-10-21 04:22:33,37900.0,100.0,3727800.0
1827,2021-10-21 04:22:33,37900.0,100.0,3727700.0
1828,2021-10-21 04:22:33,37900.0,1000.0,3727600.0
1829,2021-10-21 04:22:33,37900.0,200.0,3726600.0
1830,2021-10-21 04:22:33,37900.0,200.0,3726400.0
1831,2021-10-21 04:22:33,37900.0,100.0,3726200.0
1832,2021-10-21 04:22:33,37900.0,800.0,3726100.0
1833,2021-10-21 04:22:33,37900.0,100.0,3725300.0
1834,2021-10-21 04:22:33,37900.0,100.0,3725200.0
1835,2021-10-21 04:22:33,37900.0,100.0,3725100.0
1836,2021-10-21 04:22:33,37900.0,500.0,3725000.0
1837,2021-10-21 04:22:33,37900.0,1000.0,3724500.0
1838,2021-10-21 04:22:33,37900.0,500.0,3723500.0
1839,2021-10-21 04:22:33,37900.0,600.0,3723000.0
1840,2021-10-21 04:22:33,37900.0,2000.0,3722400.0
1841,2021-10-21 04:22:33,37900.0,200.0,3720400.0
1842,2021-10-21 04:22:33,37900.0,100.0,3720200.0
1843,2021-10-21 04:22:33,37900.0,10000.0,3720100.0
1844,2021-10-21 04:22:33,37900.0,100.0,3710100.0
1845,2021-10-21 04:22:33,37900.0,100.0,3710000.0
1846,2021-10-21 04:22:33,37900.0,100.0,3709900.0
1847,2021-10-21 04:22:33,37900.0,4000.0,3709800.0
1848,2021-10-21 04:22:33,37900.0,1000.0,3705800.0
1849,2021-10-21 04:22:33,37900.0,1000.0,3704800.0
1850,2021-10-21 04:22:33,37900.0,300.0,3703800.0
1851,2021-10-21 04:22:33,37900.0,100.0,3703500.0
1852,2021-10-21 04:22:33,37900.0,200.0,3703400.0
1853,2021-10-21 04:22:33,37900.0,100.0,3703200.0
1854,2021-10-21 04:22:33,37900.0,100.0,3703100.0
1855,2021-10-21 04:22:33,37900.0,200.0,3703000.0
1856,2021-10-21 04:22:33,37900.0,20000.0,3702800.0
1857,2021-10-21 04:22:33,37900.0,1000.0,3682800.0
1858,2021-10-21 04:22:33,37900.0,100.0,3681800.0
1859,2021-10-21 04:22:33,37900.0,1000.0,3681700.0
1860,2021-10-21 04:22:33,37900.0,1000.0,3680700.0
1861,2021-10-21 04:22:33,37900.0,7400.0,3679700.0
1862,2021-10-21 04:22:31,37900.0,2500.0,3672300.0
1863,2021-10-21 04:22:31,37950.0,17200.0,3669800.0
1864,2021-10-21 04:22:12,37950.0,300.0,3652600.0
1865,2021-10-21 04:22:09,37950.0,400.0,3652300.0
1866,2021-10-21 04:22:09,37950.0,300.0,3651900.0
1867,2021-10-21 04:22:09,37950.0,1000.0,3651600.0
1868,2021-10-21 04:22:09,37950.0,800.0,3650600.0
1869,2021-10-21 04:22:01,37950.0,500.0,3649800.0
1870,2021-10-21 04:21:50,37950.0,100.0,3649300.0
1871,2021-10-21 04:21:43,37950.0,2700.0,3649200.0
1872,2021-10-21 04:21:36,37900.0,100.0,3646500.0
1873,2021-10-21 04:21:36,37900.0,200.0,3646400.0
1874,2021-10-21 04:21:36,37900.0,100.0,3646200.0
1875,2021-10-21 04:21:27,37900.0,200.0,3646100.0
1876,2021-10-21 04:21:27,37900.0,100.0,3645900.0
1877,2021-10-21 04:21:26,37900.0,100.0,3645800.0
1878,2021-10-21 04:21:10,37950.0,200.0,3645700.0
1879,2021-10-21 04:21:10,37950.0,5000.0,3645500.0
1880,2021-10-21 04:21:10,37950.0,100.0,3640500.0
1881,2021-10-21 04:21:10,37950.0,600.0,3640400.0
1882,2021-10-21 04:21:02,37950.0,400.0,3639800.0
1883,2021-10-21 04:21:02,37950.0,200.0,3639400.0
1884,2021-10-21 04:21:02,37950.0,20000.0,3639200.0
1885,2021-10-21 04:21:02,37950.0,300.0,3619200.0
1886,2021-10-21 04:21:02,37950.0,400.0,3618900.0
1887,2021-10-21 04:21:02,37950.0,10000.0,3618500.0
1888,2021-10-21 04:21:02,37950.0,10000.0,3608500.0
1889,2021-10-21 04:21:02,37950.0,500.0,3598500.0
1890,2021-10-21 04:21:02,37950.0,3000.0,3598000.0
1891,2021-10-21 04:21:02,37950.0,100.0,3595000.0
1892,2021-10-21 04:21:02,37950.0,1000.0,3594900.0
1893,2021-10-21 04:21:02,37950.0,500.0,3593900.0
1894,2021-10-21 04:21:02,37950.0,1000.0,3593400.0
1895,2021-10-21 04:21:02,37950.0,1000.0,3592400.0
1896,2021-10-21 04:21:02,37950.0,500.0,3591400.0
1897,2021-10-21 04:21:02,37950.0,1000.0,3590900.0
1898,2021-10-21 04:21:02,37950.0,100.0,3589900.0
1899,2021-10-21 04:20:59,38000.0,1100.0,3589800.0
1900,2021-10-21 04:20:07,37950.0,200.0,3588700.0
1901,2021-10-21 04:19:30,38000.0,1000.0,3588500.0
1902,2021-10-21 04:19:30,38000.0,3900.0,3587500.0
1903,2021-10-21 04:19:30,38000.0,200.0,3583600.0
1904,2021-10-21 04:19:30,38000.0,1000.0,3583400.0
1905,2021-10-21 04:19:30,38000.0,100.0,3582400.0
1906,2021-10-21 04:19:30,38000.0,100.0,3582300.0
1907,2021-10-21 04:19:30,38000.0,100.0,3582200.0
1908,2021-10-21 04:19:30,38000.0,3000.0,3582100.0
1909,2021-10-21 04:19:30,38000.0,100.0,3579100.0
1910,2021-10-21 04:19:30,38000.0,1000.0,3579000.0
1911,2021-10-21 04:19:30,38000.0,500.0,3578000.0
1912,2021-10-21 04:19:30,38000.0,1000.0,3577500.0
1913,2021-10-21 04:19:30,38000.0,2700.0,3576500.0
1914,2021-10-21 04:19:27,38000.0,400.0,3573800.0
1915,2021-10-21 04:19:16,38050.0,100.0,3573400.0
1916,2021-10-21 04:19:13,38050.0,300.0,3573300.0
1917,2021-10-21 04:19:08,38050.0,1700.0,3573000.0
1918,2021-10-21 04:19:07,38050.0,100.0,3571300.0
1919,2021-10-21 04:19:07,38050.0,1500.0,3571200.0
1920,2021-10-21 04:19:07,38050.0,12800.0,3569700.0
1921,2021-10-21 04:18:54,38050.0,1700.0,3556900.0
1922,2021-10-21 04:18:54,38050.0,2700.0,3555200.0
1923,2021-10-21 04:18:18,38050.0,300.0,3552500.0
1924,2021-10-21 04:17:57,38050.0,3000.0,3552200.0
1925,2021-10-21 04:17:57,38050.0,1000.0,3549200.0
1926,2021-10-21 04:17:57,38050.0,200.0,3548200.0
1927,2021-10-21 04:17:57,38050.0,1200.0,3548000.0
1928,2021-10-21 04:17:57,38050.0,400.0,3546800.0
1929,2021-10-21 04:17:57,38050.0,400.0,3546400.0
1930,2021-10-21 04:17:57,38050.0,400.0,3546000.0
1931,2021-10-21 04:17:57,38050.0,400.0,3545600.0
1932,2021-10-21 04:17:57,38050.0,1500.0,3545200.0
1933,2021-10-21 04:17:57,38050.0,2700.0,3543700.0
1934,2021-10-21 04:17:57,38050.0,300.0,3541000.0
1935,2021-10-21 04:17:57,38050.0,1000.0,3540700.0
1936,2021-10-21 04:17:37,38000.0,600.0,3539700.0
1937,2021-10-21 04:17:37,38000.0,100.0,3539100.0
1938,2021-10-21 04:17:37,38000.0,200.0,3539000.0
1939,2021-10-21 04:17:37,38000.0,2100.0,3538800.0
1940,2021-10-21 04:17:19,38000.0,1800.0,3536700.0
1941,2021-10-21 04:17:15,38000.0,400.0,3534900.0
1942,2021-10-21 04:17:15,38000.0,100.0,3534500.0
1943,2021-10-21 04:17:15,38000.0,200.0,3534400.0
1944,2021-10-21 04:17:15,38000.0,300.0,3534200.0
1945,2021-10-21 04:17:04,38000.0,13700.0,3533900.0
1946,2021-10-21 04:17:04,38000.0,2000.0,3520200.0
1947,2021-10-21 04:17:04,38000.0,100.0,3518200.0
1948,2021-10-21 04:17:04,38000.0,100.0,3518100.0
1949,2021-10-21 04:17:04,38000.0,200.0,3518000.0
1950,2021-10-21 04:17:04,38000.0,500.0,3517800.0
1951,2021-10-21 04:17:04,38000.0,200.0,3517300.0
1952,2021-10-21 04:17:04,38000.0,100.0,3517100.0
1953,2021-10-21 04:17:04,38000.0,1000.0,3517000.0
1954,2021-10-21 04:17:04,38000.0,2000.0,3516000.0
1955,2021-10-21 04:17:04,38000.0,1000.0,3514000.0
1956,2021-10-21 04:17:04,38000.0,100.0,3513000.0
1957,2021-10-21 04:17:04,38000.0,500.0,3512900.0
1958,2021-10-21 04:17:04,38000.0,3000.0,3512400.0
1959,2021-10-21 04:17:04,38000.0,400.0,3509400.0
1960,2021-10-21 04:17:04,38000.0,2600.0,3509000.0
1961,2021-10-21 04:17:04,38000.0,100.0,3506400.0
1962,2021-10-21 04:17:04,38000.0,3000.0,3506300.0
1963,2021-10-21 04:17:04,38000.0,1800.0,3503300.0
1964,2021-10-21 04:17:04,38000.0,200.0,3501500.0
1965,2021-10-21 04:17:04,38000.0,1000.0,3501300.0
1966,2021-10-21 04:17:04,38000.0,1000.0,3500300.0
1967,2021-10-21 04:17:04,38000.0,1000.0,3499300.0
1968,2021-10-21 04:17:04,38000.0,200.0,3498300.0
1969,2021-10-21 04:17:04,38000.0,2600.0,3498100.0
1970,2021-10-21 04:17:04,38000.0,1000.0,3495500.0
1971,2021-10-21 04:17:04,38000.0,10000.0,3494500.0
1972,2021-10-21 04:17:04,38000.0,2000.0,3484500.0
1973,2021-10-21 04:17:04,38000.0,5000.0,3482500.0
1974,2021-10-21 04:17:04,38000.0,2000.0,3477500.0
1975,2021-10-21 04:17:04,38000.0,100.0,3475500.0
1976,2021-10-21 04:17:04,38000.0,300.0,3475400.0
1977,2021-10-21 04:17:04,38000.0,200.0,3475100.0
1978,2021-10-21 04:17:04,38000.0,3000.0,3474900.0
1979,2021-10-21 04:17:04,38000.0,1000.0,3471900.0
1980,2021-10-21 04:17:04,38000.0,3000.0,3470900.0
1981,2021-10-21 04:17:04,38000.0,100.0,3467900.0
1982,2021-10-21 04:17:04,38000.0,20000.0,3467800.0
1983,2021-10-21 04:17:04,38000.0,300.0,3447800.0
1984,2021-10-21 04:17:04,38000.0,200.0,3447500.0
1985,2021-10-21 04:17:04,38000.0,7900.0,3447300.0
1986,2021-10-21 04:17:04,38000.0,1000.0,3439400.0
1987,2021-10-21 04:17:04,38000.0,300.0,3438400.0
1988,2021-10-21 04:17:04,38000.0,4200.0,3438100.0
1989,2021-10-21 04:16:56,38000.0,800.0,3433900.0
1990,2021-10-21 04:16:56,38000.0,3200.0,3433100.0
1991,2021-10-21 04:16:53,38000.0,2700.0,3429900.0
1992,2021-10-21 04:16:46,38000.0,1000.0,3427200.0
1993,2021-10-21 04:16:36,38000.0,1000.0,3426200.0
1994,2021-10-21 04:16:27,38050.0,2000.0,3425200.0
1995,2021-10-21 04:16:02,38000.0,2100.0,3423200.0
1996,2021-10-21 04:16:02,38000.0,1400.0,3421100.0
1997,2021-10-21 04:15:17,38000.0,1600.0,3419700.0
1998,2021-10-21 04:15:17,38000.0,3700.0,3418100.0
1999,2021-10-21 04:15:17,38000.0,3600.0,3414400.0
2000,2021-10-21 04:15:10,38050.0,2000.0,3410800.0
2001,2021-10-21 04:14:29,38050.0,100.0,3408800.0
2002,2021-10-21 04:14:18,38000.0,1000.0,3408700.0
2003,2021-10-21 04:14:04,38050.0,800.0,3407700.0
2004,2021-10-21 04:13:20,38050.0,300.0,3406900.0
2005,2021-10-21 04:13:20,38050.0,100.0,3406600.0
2006,2021-10-21 04:13:15,38050.0,100.0,3406500.0
2007,2021-10-21 04:13:08,38050.0,800.0,3406400.0
2008,2021-10-21 04:13:08,38050.0,100.0,3405600.0
2009,2021-10-21 04:13:08,38050.0,3100.0,3405500.0
2010,2021-10-21 04:12:52,38050.0,1000.0,3402400.0
2011,2021-10-21 04:12:50,38050.0,2700.0,3401400.0
2012,2021-10-21 04:12:36,38050.0,10000.0,3398700.0
2013,2021-10-21 04:12:21,38100.0,300.0,3388700.0
2014,2021-10-21 04:10:34,38100.0,1000.0,3388400.0
2015,2021-10-21 04:10:30,38050.0,500.0,3387400.0
2016,2021-10-21 04:10:23,38050.0,1400.0,3386900.0
2017,2021-10-21 04:10:23,38050.0,400.0,3385500.0
2018,2021-10-21 04:10:23,38050.0,600.0,3385100.0
2019,2021-10-21 04:10:23,38050.0,200.0,3384500.0
2020,2021-10-21 04:10:23,38050.0,100.0,3384300.0
2021,2021-10-21 04:10:23,38050.0,1000.0,3384200.0
2022,2021-10-21 04:10:23,38050.0,4200.0,3383200.0
2023,2021-10-21 04:10:16,38050.0,800.0,3379000.0
2024,2021-10-21 04:10:16,38050.0,200.0,3378200.0
2025,2021-10-21 04:10:03,38050.0,600.0,3378000.0
2026,2021-10-21 04:10:02,38000.0,100.0,3377400.0
2027,2021-10-21 04:09:43,38050.0,100.0,3377300.0
2028,2021-10-21 04:09:19,38050.0,1100.0,3377200.0
2029,2021-10-21 04:09:19,38050.0,900.0,3376100.0
2030,2021-10-21 04:09:02,38050.0,100.0,3375200.0
2031,2021-10-21 04:08:52,38050.0,1500.0,3375100.0
2032,2021-10-21 04:08:52,38050.0,500.0,3373600.0
2033,2021-10-21 04:08:46,38000.0,2800.0,3373100.0
2034,2021-10-21 04:08:43,38000.0,100.0,3370300.0
2035,2021-10-21 04:08:39,38000.0,3000.0,3370200.0
2036,2021-10-21 04:08:26,38000.0,300.0,3367200.0
2037,2021-10-21 04:07:03,38000.0,10000.0,3366900.0
2038,2021-10-21 04:06:57,38000.0,20000.0,3356900.0
2039,2021-10-21 04:06:45,38000.0,2300.0,3336900.0
2040,2021-10-21 04:06:39,38000.0,1000.0,3334600.0
2041,2021-10-21 04:06:37,38000.0,300.0,3333600.0
