,Time,Price,Volume_per_trade,Volume
0,2021-10-19 07:45:01,38500.0,600.0,10105300.0
1,2021-10-19 07:45:01,38500.0,1000.0,10104700.0
2,2021-10-19 07:45:01,38500.0,500.0,10103700.0
3,2021-10-19 07:45:01,38500.0,1000.0,10103200.0
4,2021-10-19 07:45:01,38500.0,1000.0,10102200.0
5,2021-10-19 07:45:01,38500.0,900.0,10101200.0
6,2021-10-19 07:45:01,38500.0,100.0,10100300.0
7,2021-10-19 07:45:01,38500.0,10000.0,10100200.0
8,2021-10-19 07:45:01,38500.0,100.0,10090200.0
9,2021-10-19 07:45:01,38500.0,10000.0,10090100.0
10,2021-10-19 07:45:01,38500.0,100.0,10080100.0
11,2021-10-19 07:45:01,38500.0,500.0,10080000.0
12,2021-10-19 07:45:01,38500.0,600.0,10079500.0
13,2021-10-19 07:45:01,38500.0,400.0,10078900.0
14,2021-10-19 07:45:01,38500.0,100.0,10078500.0
15,2021-10-19 07:45:01,38500.0,5000.0,10078400.0
16,2021-10-19 07:45:01,38500.0,1000.0,10073400.0
17,2021-10-19 07:45:01,38500.0,500.0,10072400.0
18,2021-10-19 07:45:01,38500.0,1000.0,10071900.0
19,2021-10-19 07:45:01,38500.0,100.0,10070900.0
20,2021-10-19 07:45:01,38500.0,1400.0,10070800.0
21,2021-10-19 07:45:01,38500.0,10000.0,10069400.0
22,2021-10-19 07:45:01,38500.0,1000.0,10059400.0
23,2021-10-19 07:45:01,38500.0,500.0,10058400.0
24,2021-10-19 07:45:01,38500.0,6000.0,10057900.0
25,2021-10-19 07:45:01,38500.0,5000.0,10051900.0
26,2021-10-19 07:45:01,38500.0,500.0,10046900.0
27,2021-10-19 07:45:01,38500.0,300.0,10046400.0
28,2021-10-19 07:45:01,38500.0,5000.0,10046100.0
29,2021-10-19 07:45:01,38500.0,500.0,10041100.0
30,2021-10-19 07:45:01,38500.0,10900.0,10040600.0
31,2021-10-19 07:45:01,38500.0,20000.0,10029700.0
32,2021-10-19 07:45:01,38500.0,9500.0,10009700.0
33,2021-10-19 07:45:01,38500.0,100.0,10000200.0
34,2021-10-19 07:45:01,38500.0,400.0,10000100.0
35,2021-10-19 07:45:01,38500.0,100.0,9999700.0
36,2021-10-19 07:45:01,38500.0,500.0,9999600.0
37,2021-10-19 07:45:01,38500.0,500.0,9999100.0
38,2021-10-19 07:45:01,38500.0,20000.0,9998600.0
39,2021-10-19 07:45:01,38500.0,20000.0,9978600.0
40,2021-10-19 07:45:01,38500.0,10000.0,9958600.0
41,2021-10-19 07:45:01,38500.0,300.0,9948600.0
42,2021-10-19 07:45:01,38500.0,3000.0,9948300.0
43,2021-10-19 07:45:01,38500.0,100.0,9945300.0
44,2021-10-19 07:45:01,38500.0,400.0,9945200.0
45,2021-10-19 07:45:01,38500.0,100.0,9944800.0
46,2021-10-19 07:45:01,38500.0,7000.0,9944700.0
47,2021-10-19 07:45:01,38500.0,200.0,9937700.0
48,2021-10-19 07:45:01,38500.0,500.0,9937500.0
49,2021-10-19 07:45:01,38500.0,5000.0,9937000.0
50,2021-10-19 07:45:01,38500.0,1400.0,9932000.0
51,2021-10-19 07:45:01,38500.0,1000.0,9930600.0
52,2021-10-19 07:45:01,38500.0,1000.0,9929600.0
53,2021-10-19 07:45:01,38500.0,200.0,9928600.0
54,2021-10-19 07:45:01,38500.0,100.0,9928400.0
55,2021-10-19 07:45:01,38500.0,100.0,9928300.0
56,2021-10-19 07:45:01,38500.0,100.0,9928200.0
57,2021-10-19 07:45:01,38500.0,3000.0,9928100.0
58,2021-10-19 07:45:01,38500.0,30000.0,9925100.0
59,2021-10-19 07:45:01,38500.0,3000.0,9895100.0
60,2021-10-19 07:45:01,38500.0,15000.0,9892100.0
61,2021-10-19 07:45:01,38500.0,200.0,9877100.0
62,2021-10-19 07:45:01,38500.0,7400.0,9876900.0
63,2021-10-19 07:45:01,38500.0,20000.0,9869500.0
64,2021-10-19 07:45:01,38500.0,1000.0,9849500.0
65,2021-10-19 07:45:01,38500.0,10000.0,9848500.0
66,2021-10-19 07:45:01,38500.0,20000.0,9838500.0
67,2021-10-19 07:45:01,38500.0,40000.0,9818500.0
68,2021-10-19 07:45:01,38500.0,100.0,9778500.0
69,2021-10-19 07:45:01,38500.0,1900.0,9778400.0
70,2021-10-19 07:45:01,38500.0,100.0,9776500.0
71,2021-10-19 07:45:01,38500.0,100.0,9776400.0
72,2021-10-19 07:45:01,38500.0,30000.0,9776300.0
73,2021-10-19 07:45:01,38500.0,1000.0,9746300.0
74,2021-10-19 07:45:01,38500.0,1000.0,9745300.0
75,2021-10-19 07:45:01,38500.0,2000.0,9744300.0
76,2021-10-19 07:45:01,38500.0,5000.0,9742300.0
77,2021-10-19 07:45:01,38500.0,5000.0,9737300.0
78,2021-10-19 07:45:01,38500.0,4200.0,9732300.0
79,2021-10-19 07:45:01,38500.0,25000.0,9728100.0
80,2021-10-19 07:45:01,38500.0,800.0,9703100.0
81,2021-10-19 07:45:01,38500.0,5000.0,9702300.0
82,2021-10-19 07:45:01,38500.0,100.0,9697300.0
83,2021-10-19 07:45:01,38500.0,1100.0,9697200.0
84,2021-10-19 07:45:01,38500.0,10000.0,9696100.0
85,2021-10-19 07:45:01,38500.0,50000.0,9686100.0
86,2021-10-19 07:45:01,38500.0,2000.0,9636100.0
87,2021-10-19 07:45:01,38500.0,32700.0,9634100.0
88,2021-10-19 07:45:01,38500.0,2300.0,9601400.0
89,2021-10-19 07:45:01,38500.0,67700.0,9599100.0
90,2021-10-19 07:45:01,38500.0,5000.0,9531400.0
91,2021-10-19 07:45:01,38500.0,20000.0,9526400.0
92,2021-10-19 07:45:01,38500.0,20000.0,9506400.0
93,2021-10-19 07:45:01,38500.0,20000.0,9486400.0
94,2021-10-19 07:45:01,38500.0,20000.0,9466400.0
95,2021-10-19 07:45:01,38500.0,20000.0,9446400.0
96,2021-10-19 07:45:01,38500.0,20000.0,9426400.0
97,2021-10-19 07:45:01,38500.0,20000.0,9406400.0
98,2021-10-19 07:45:01,38500.0,20000.0,9386400.0
99,2021-10-19 07:45:01,38500.0,20000.0,9366400.0
100,2021-10-19 07:45:01,38500.0,20000.0,9346400.0
101,2021-10-19 07:45:01,38500.0,20000.0,9326400.0
102,2021-10-19 07:45:01,38500.0,20000.0,9306400.0
103,2021-10-19 07:45:01,38500.0,20000.0,9286400.0
104,2021-10-19 07:45:01,38500.0,20000.0,9266400.0
105,2021-10-19 07:45:01,38500.0,20000.0,9246400.0
106,2021-10-19 07:45:01,38500.0,200.0,9226400.0
107,2021-10-19 07:45:01,38500.0,500.0,9226200.0
108,2021-10-19 07:45:01,38500.0,100.0,9225700.0
109,2021-10-19 07:45:01,38500.0,50000.0,9225600.0
110,2021-10-19 07:45:01,38500.0,2000.0,9175600.0
111,2021-10-19 07:45:01,38500.0,2000.0,9173600.0
112,2021-10-19 07:45:01,38500.0,10000.0,9171600.0
113,2021-10-19 07:45:01,38500.0,3000.0,9161600.0
114,2021-10-19 07:45:01,38500.0,500.0,9158600.0
115,2021-10-19 07:45:01,38500.0,1000.0,9158100.0
116,2021-10-19 07:45:01,38500.0,4000.0,9157100.0
117,2021-10-19 07:45:01,38500.0,10000.0,9153100.0
118,2021-10-19 07:45:01,38500.0,1600.0,9143100.0
119,2021-10-19 07:45:01,38500.0,4000.0,9141500.0
120,2021-10-19 07:45:01,38500.0,3800.0,9137500.0
121,2021-10-19 07:45:01,38500.0,34600.0,9133700.0
122,2021-10-19 07:45:01,38500.0,1000.0,9099100.0
123,2021-10-19 07:45:01,38500.0,100.0,9098100.0
124,2021-10-19 07:45:01,38500.0,300.0,9098000.0
125,2021-10-19 07:45:01,38500.0,4000.0,9097700.0
126,2021-10-19 07:45:01,38500.0,200.0,9093700.0
127,2021-10-19 07:45:01,38500.0,3600.0,9093500.0
128,2021-10-19 07:45:01,38500.0,5400.0,9089900.0
129,2021-10-19 07:45:01,38500.0,200.0,9084500.0
130,2021-10-19 07:45:01,38500.0,800.0,9084300.0
131,2021-10-19 07:45:01,38500.0,3100.0,9083500.0
132,2021-10-19 07:45:01,38500.0,800.0,9080400.0
133,2021-10-19 07:45:01,38500.0,4300.0,9079600.0
134,2021-10-19 07:45:01,38500.0,4500.0,9075300.0
135,2021-10-19 07:45:01,38500.0,4000.0,9070800.0
136,2021-10-19 07:45:01,38500.0,400.0,9066800.0
137,2021-10-19 07:45:01,38500.0,34700.0,9066400.0
138,2021-10-19 07:45:01,38500.0,100.0,9031700.0
139,2021-10-19 07:45:01,38500.0,65200.0,9031600.0
140,2021-10-19 07:45:01,38500.0,50000.0,8966400.0
141,2021-10-19 07:45:01,38500.0,10000.0,8916400.0
142,2021-10-19 07:45:01,38500.0,2500.0,8906400.0
143,2021-10-19 07:45:01,38500.0,1500.0,8903900.0
144,2021-10-19 07:45:01,38500.0,30000.0,8902400.0
145,2021-10-19 07:45:01,38500.0,30000.0,8872400.0
146,2021-10-19 07:29:56,38300.0,100.0,8842400.0
147,2021-10-19 07:29:21,38300.0,2200.0,8842300.0
148,2021-10-19 07:29:19,38250.0,500.0,8840100.0
149,2021-10-19 07:29:11,38300.0,200.0,8839600.0
150,2021-10-19 07:29:07,38300.0,100.0,8839400.0
151,2021-10-19 07:29:07,38300.0,1000.0,8839300.0
152,2021-10-19 07:28:58,38300.0,300.0,8838300.0
153,2021-10-19 07:28:54,38450.0,12600.0,8838000.0
154,2021-10-19 07:28:54,38450.0,8900.0,8825400.0
155,2021-10-19 07:28:52,38250.0,2100.0,8816500.0
156,2021-10-19 07:28:52,38250.0,200.0,8814400.0
157,2021-10-19 07:28:52,38250.0,2000.0,8814200.0
158,2021-10-19 07:28:52,38300.0,200.0,8812200.0
159,2021-10-19 07:28:52,38300.0,200.0,8812000.0
160,2021-10-19 07:28:52,38300.0,27700.0,8811800.0
161,2021-10-19 07:28:49,38450.0,4600.0,8784100.0
162,2021-10-19 07:28:49,38400.0,2200.0,8779500.0
163,2021-10-19 07:28:49,38400.0,1000.0,8777300.0
164,2021-10-19 07:28:49,38400.0,2000.0,8776300.0
165,2021-10-19 07:28:49,38400.0,500.0,8774300.0
166,2021-10-19 07:28:49,38400.0,500.0,8773800.0
167,2021-10-19 07:28:49,38400.0,100.0,8773300.0
168,2021-10-19 07:28:49,38400.0,6000.0,8773200.0
169,2021-10-19 07:28:49,38400.0,1600.0,8767200.0
170,2021-10-19 07:28:49,38400.0,100.0,8765600.0
171,2021-10-19 07:28:49,38400.0,2000.0,8765500.0
172,2021-10-19 07:28:49,38400.0,1000.0,8763500.0
173,2021-10-19 07:28:43,38300.0,500.0,8762500.0
174,2021-10-19 07:28:43,38300.0,1000.0,8762000.0
175,2021-10-19 07:28:43,38300.0,2500.0,8761000.0
176,2021-10-19 07:28:43,38300.0,1000.0,8758500.0
177,2021-10-19 07:28:43,38300.0,17300.0,8757500.0
178,2021-10-19 07:28:32,38300.0,200.0,8740200.0
179,2021-10-19 07:28:18,38300.0,1000.0,8740000.0
180,2021-10-19 07:28:09,38300.0,100.0,8739000.0
181,2021-10-19 07:28:03,38300.0,400.0,8738900.0
182,2021-10-19 07:28:00,38300.0,4000.0,8738500.0
183,2021-10-19 07:27:55,38300.0,7200.0,8734500.0
184,2021-10-19 07:27:30,38300.0,9100.0,8727300.0
185,2021-10-19 07:27:30,38250.0,900.0,8718200.0
186,2021-10-19 07:27:28,38250.0,1000.0,8717300.0
187,2021-10-19 07:27:21,38200.0,100.0,8716300.0
188,2021-10-19 07:27:13,38300.0,6000.0,8716200.0
189,2021-10-19 07:27:13,38250.0,20000.0,8710200.0
190,2021-10-19 07:27:13,38250.0,600.0,8690200.0
191,2021-10-19 07:27:13,38250.0,500.0,8689600.0
192,2021-10-19 07:27:13,38250.0,800.0,8689100.0
193,2021-10-19 07:27:13,38250.0,1500.0,8688300.0
194,2021-10-19 07:27:13,38250.0,600.0,8686800.0
195,2021-10-19 07:27:11,38250.0,500.0,8686200.0
196,2021-10-19 07:26:51,38250.0,100.0,8685700.0
197,2021-10-19 07:26:51,38250.0,100.0,8685600.0
198,2021-10-19 07:26:45,38250.0,100.0,8685500.0
199,2021-10-19 07:26:37,38250.0,1600.0,8685400.0
200,2021-10-19 07:26:37,38250.0,300.0,8683800.0
201,2021-10-19 07:26:37,38250.0,2000.0,8683500.0
202,2021-10-19 07:26:37,38250.0,20000.0,8681500.0
203,2021-10-19 07:26:25,38250.0,100.0,8661500.0
204,2021-10-19 07:26:17,38250.0,500.0,8661400.0
205,2021-10-19 07:26:11,38250.0,100.0,8660900.0
206,2021-10-19 07:26:04,38250.0,20000.0,8660800.0
207,2021-10-19 07:25:36,38200.0,300.0,8640800.0
208,2021-10-19 07:25:32,38200.0,800.0,8640500.0
209,2021-10-19 07:25:32,38200.0,100.0,8639700.0
210,2021-10-19 07:25:32,38200.0,1000.0,8639600.0
211,2021-10-19 07:25:32,38200.0,1000.0,8638600.0
212,2021-10-19 07:25:32,38200.0,19500.0,8637600.0
213,2021-10-19 07:25:20,38150.0,6400.0,8618100.0
214,2021-10-19 07:25:20,38150.0,500.0,8611700.0
215,2021-10-19 07:25:20,38150.0,100.0,8611200.0
216,2021-10-19 07:25:20,38150.0,200.0,8611100.0
217,2021-10-19 07:25:20,38150.0,500.0,8610900.0
218,2021-10-19 07:25:20,38150.0,200.0,8610400.0
219,2021-10-19 07:25:20,38150.0,200.0,8610200.0
220,2021-10-19 07:25:20,38150.0,100.0,8610000.0
221,2021-10-19 07:25:20,38150.0,400.0,8609900.0
222,2021-10-19 07:25:20,38150.0,200.0,8609500.0
223,2021-10-19 07:25:20,38150.0,200.0,8609300.0
224,2021-10-19 07:25:20,38150.0,1000.0,8609100.0
225,2021-10-19 07:25:20,38200.0,10000.0,8608100.0
226,2021-10-19 07:25:20,38150.0,1000.0,8598100.0
227,2021-10-19 07:25:12,38200.0,100.0,8597100.0
228,2021-10-19 07:25:07,38200.0,300.0,8597000.0
229,2021-10-19 07:25:07,38200.0,200.0,8596700.0
230,2021-10-19 07:24:59,38200.0,100.0,8596500.0
231,2021-10-19 07:24:54,38200.0,500.0,8596400.0
232,2021-10-19 07:24:50,38200.0,4000.0,8595900.0
233,2021-10-19 07:24:46,38200.0,100.0,8591900.0
234,2021-10-19 07:24:41,38200.0,1500.0,8591800.0
235,2021-10-19 07:24:41,38200.0,24400.0,8590300.0
236,2021-10-19 07:24:35,38150.0,10000.0,8565900.0
237,2021-10-19 07:24:13,38200.0,2500.0,8555900.0
238,2021-10-19 07:24:09,38200.0,600.0,8553400.0
239,2021-10-19 07:24:09,38200.0,200.0,8552800.0
240,2021-10-19 07:23:57,38150.0,500.0,8552600.0
241,2021-10-19 07:23:57,38150.0,7500.0,8552100.0
242,2021-10-19 07:23:56,38150.0,400.0,8544600.0
243,2021-10-19 07:23:56,38150.0,100.0,8544200.0
244,2021-10-19 07:23:52,38150.0,2000.0,8544100.0
245,2021-10-19 07:23:44,38150.0,800.0,8542100.0
246,2021-10-19 07:23:43,38150.0,1500.0,8541300.0
247,2021-10-19 07:23:43,38150.0,500.0,8539800.0
248,2021-10-19 07:23:39,38150.0,200.0,8539300.0
249,2021-10-19 07:23:39,38150.0,1000.0,8539100.0
250,2021-10-19 07:23:39,38150.0,400.0,8538100.0
251,2021-10-19 07:23:39,38150.0,200.0,8537700.0
252,2021-10-19 07:23:39,38150.0,200.0,8537500.0
253,2021-10-19 07:23:39,38150.0,1600.0,8537300.0
254,2021-10-19 07:23:39,38150.0,100.0,8535700.0
255,2021-10-19 07:23:39,38150.0,300.0,8535600.0
256,2021-10-19 07:23:39,38150.0,7000.0,8535300.0
257,2021-10-19 07:23:39,38150.0,100.0,8528300.0
258,2021-10-19 07:23:39,38150.0,100.0,8528200.0
259,2021-10-19 07:23:39,38150.0,1000.0,8528100.0
260,2021-10-19 07:23:39,38150.0,1000.0,8527100.0
261,2021-10-19 07:23:39,38150.0,100.0,8526100.0
262,2021-10-19 07:23:39,38150.0,200.0,8526000.0
263,2021-10-19 07:23:39,38150.0,1000.0,8525800.0
264,2021-10-19 07:23:39,38150.0,200.0,8524800.0
265,2021-10-19 07:23:39,38150.0,100.0,8524600.0
266,2021-10-19 07:23:39,38150.0,200.0,8524500.0
267,2021-10-19 07:23:39,38150.0,100.0,8524300.0
268,2021-10-19 07:23:39,38150.0,500.0,8524200.0
269,2021-10-19 07:23:39,38150.0,400.0,8523700.0
270,2021-10-19 07:23:39,38200.0,3700.0,8523300.0
271,2021-10-19 07:23:38,38200.0,10000.0,8519600.0
272,2021-10-19 07:23:38,38200.0,1000.0,8509600.0
273,2021-10-19 07:23:38,38200.0,15000.0,8508600.0
274,2021-10-19 07:23:38,38200.0,100.0,8493600.0
275,2021-10-19 07:23:38,38200.0,1000.0,8493500.0
276,2021-10-19 07:23:38,38200.0,3000.0,8492500.0
277,2021-10-19 07:23:38,38200.0,16200.0,8489500.0
278,2021-10-19 07:23:28,38150.0,100.0,8473300.0
279,2021-10-19 07:23:28,38150.0,300.0,8473200.0
280,2021-10-19 07:23:28,38150.0,100.0,8472900.0
281,2021-10-19 07:23:28,38150.0,200.0,8472800.0
282,2021-10-19 07:23:28,38150.0,100.0,8472600.0
283,2021-10-19 07:23:28,38150.0,200.0,8472500.0
284,2021-10-19 07:23:26,38200.0,100.0,8472300.0
285,2021-10-19 07:23:26,38200.0,1000.0,8472200.0
286,2021-10-19 07:23:20,38200.0,3000.0,8471200.0
287,2021-10-19 07:23:10,38200.0,500.0,8468200.0
288,2021-10-19 07:23:09,38200.0,100.0,8467700.0
289,2021-10-19 07:23:04,38200.0,5000.0,8467600.0
290,2021-10-19 07:23:03,38200.0,100.0,8462600.0
291,2021-10-19 07:23:02,38200.0,200.0,8462500.0
292,2021-10-19 07:23:01,38200.0,500.0,8462300.0
293,2021-10-19 07:23:00,38200.0,500.0,8461800.0
294,2021-10-19 07:22:59,38200.0,100.0,8461300.0
295,2021-10-19 07:22:57,38200.0,100.0,8461200.0
296,2021-10-19 07:22:53,38200.0,100.0,8461100.0
297,2021-10-19 07:22:51,38200.0,200.0,8461000.0
298,2021-10-19 07:22:48,38200.0,1000.0,8460800.0
299,2021-10-19 07:22:44,38200.0,600.0,8459800.0
300,2021-10-19 07:22:39,38200.0,2000.0,8459200.0
301,2021-10-19 07:22:35,38200.0,100.0,8457200.0
302,2021-10-19 07:22:30,38200.0,1000.0,8457100.0
303,2021-10-19 07:22:22,38200.0,17600.0,8456100.0
304,2021-10-19 07:22:22,38200.0,8400.0,8438500.0
305,2021-10-19 07:22:19,38200.0,2100.0,8430100.0
306,2021-10-19 07:22:19,38200.0,3300.0,8428000.0
307,2021-10-19 07:22:11,38200.0,200.0,8424700.0
308,2021-10-19 07:22:10,38200.0,200.0,8424500.0
309,2021-10-19 07:22:10,38200.0,100.0,8424300.0
310,2021-10-19 07:22:08,38200.0,200.0,8424200.0
311,2021-10-19 07:22:02,38200.0,10000.0,8424000.0
312,2021-10-19 07:22:01,38200.0,2000.0,8414000.0
313,2021-10-19 07:21:55,38200.0,500.0,8412000.0
314,2021-10-19 07:21:49,38200.0,300.0,8411500.0
315,2021-10-19 07:21:42,38200.0,23000.0,8411200.0
316,2021-10-19 07:21:41,38200.0,1000.0,8388200.0
317,2021-10-19 07:21:40,38200.0,500.0,8387200.0
318,2021-10-19 07:21:31,38200.0,500.0,8386700.0
319,2021-10-19 07:21:30,38200.0,8200.0,8386200.0
320,2021-10-19 07:21:30,38200.0,1800.0,8378000.0
321,2021-10-19 07:21:25,38200.0,200.0,8376200.0
322,2021-10-19 07:21:25,38200.0,3200.0,8376000.0
323,2021-10-19 07:21:23,38200.0,100.0,8372800.0
324,2021-10-19 07:21:19,38200.0,200.0,8372700.0
325,2021-10-19 07:21:19,38200.0,200.0,8372500.0
326,2021-10-19 07:21:18,38200.0,100.0,8372300.0
327,2021-10-19 07:21:02,38250.0,6300.0,8372200.0
328,2021-10-19 07:20:57,38200.0,400.0,8365900.0
329,2021-10-19 07:20:57,38200.0,1000.0,8365500.0
330,2021-10-19 07:20:57,38200.0,100.0,8364500.0
331,2021-10-19 07:20:57,38200.0,1000.0,8364400.0
332,2021-10-19 07:20:57,38200.0,700.0,8363400.0
333,2021-10-19 07:20:43,38200.0,300.0,8362700.0
334,2021-10-19 07:20:43,38200.0,100.0,8362400.0
335,2021-10-19 07:20:43,38200.0,200.0,8362300.0
336,2021-10-19 07:20:43,38200.0,300.0,8362100.0
337,2021-10-19 07:20:43,38200.0,6100.0,8361800.0
338,2021-10-19 07:20:43,38200.0,300.0,8355700.0
339,2021-10-19 07:20:43,38200.0,100.0,8355400.0
340,2021-10-19 07:20:43,38200.0,100.0,8355300.0
341,2021-10-19 07:20:43,38200.0,200.0,8355200.0
342,2021-10-19 07:20:43,38200.0,100.0,8355000.0
343,2021-10-19 07:20:43,38200.0,100.0,8354900.0
344,2021-10-19 07:20:43,38200.0,100.0,8354800.0
345,2021-10-19 07:20:43,38200.0,500.0,8354700.0
346,2021-10-19 07:20:43,38250.0,1000.0,8354200.0
347,2021-10-19 07:20:36,38200.0,200.0,8353200.0
348,2021-10-19 07:20:34,38200.0,300.0,8353000.0
349,2021-10-19 07:20:34,38200.0,200.0,8352700.0
350,2021-10-19 07:20:34,38200.0,500.0,8352500.0
351,2021-10-19 07:20:34,38200.0,4400.0,8352000.0
352,2021-10-19 07:20:34,38200.0,5600.0,8347600.0
353,2021-10-19 07:20:34,38200.0,1000.0,8342000.0
354,2021-10-19 07:20:34,38200.0,600.0,8341000.0
355,2021-10-19 07:20:34,38200.0,100.0,8340400.0
356,2021-10-19 07:20:34,38200.0,100.0,8340300.0
357,2021-10-19 07:20:34,38200.0,100.0,8340200.0
358,2021-10-19 07:20:34,38200.0,100.0,8340100.0
359,2021-10-19 07:20:34,38200.0,2000.0,8340000.0
360,2021-10-19 07:20:34,38200.0,100.0,8338000.0
361,2021-10-19 07:20:34,38200.0,3000.0,8337900.0
362,2021-10-19 07:20:34,38200.0,100.0,8334900.0
363,2021-10-19 07:20:34,38200.0,200.0,8334800.0
364,2021-10-19 07:20:34,38200.0,100.0,8334600.0
365,2021-10-19 07:20:34,38200.0,200.0,8334500.0
366,2021-10-19 07:20:34,38200.0,100.0,8334300.0
367,2021-10-19 07:20:34,38200.0,5300.0,8334200.0
368,2021-10-19 07:20:33,38200.0,1300.0,8328900.0
369,2021-10-19 07:20:32,38200.0,1000.0,8327600.0
370,2021-10-19 07:20:17,38200.0,3400.0,8326600.0
371,2021-10-19 07:20:17,38200.0,1200.0,8323200.0
372,2021-10-19 07:20:17,38200.0,100.0,8322000.0
373,2021-10-19 07:20:17,38200.0,3000.0,8321900.0
374,2021-10-19 07:20:17,38200.0,100.0,8318900.0
375,2021-10-19 07:20:17,38200.0,500.0,8318800.0
376,2021-10-19 07:20:17,38200.0,100.0,8318300.0
377,2021-10-19 07:20:17,38200.0,600.0,8318200.0
378,2021-10-19 07:20:17,38200.0,100.0,8317600.0
379,2021-10-19 07:20:17,38200.0,100.0,8317500.0
380,2021-10-19 07:20:17,38200.0,500.0,8317400.0
381,2021-10-19 07:20:17,38200.0,200.0,8316900.0
382,2021-10-19 07:20:17,38200.0,500.0,8316700.0
383,2021-10-19 07:20:17,38200.0,600.0,8316200.0
384,2021-10-19 07:20:17,38200.0,100.0,8315600.0
385,2021-10-19 07:20:17,38200.0,2100.0,8315500.0
386,2021-10-19 07:20:17,38200.0,200.0,8313400.0
387,2021-10-19 07:20:17,38200.0,100.0,8313200.0
388,2021-10-19 07:20:17,38200.0,400.0,8313100.0
389,2021-10-19 07:20:17,38200.0,200.0,8312700.0
390,2021-10-19 07:20:17,38200.0,200.0,8312500.0
391,2021-10-19 07:20:17,38200.0,500.0,8312300.0
392,2021-10-19 07:20:17,38200.0,200.0,8311800.0
393,2021-10-19 07:20:17,38200.0,1000.0,8311600.0
394,2021-10-19 07:20:17,38200.0,100.0,8310600.0
395,2021-10-19 07:20:17,38200.0,1000.0,8310500.0
396,2021-10-19 07:20:17,38200.0,1000.0,8309500.0
397,2021-10-19 07:20:17,38200.0,1000.0,8308500.0
398,2021-10-19 07:20:17,38200.0,200.0,8307500.0
399,2021-10-19 07:20:17,38200.0,100.0,8307300.0
400,2021-10-19 07:20:17,38200.0,1000.0,8307200.0
401,2021-10-19 07:20:17,38200.0,500.0,8306200.0
402,2021-10-19 07:20:17,38200.0,100.0,8305700.0
403,2021-10-19 07:20:17,38200.0,200.0,8305600.0
404,2021-10-19 07:20:17,38200.0,1000.0,8305400.0
405,2021-10-19 07:20:17,38200.0,100.0,8304400.0
406,2021-10-19 07:20:17,38200.0,20000.0,8304300.0
407,2021-10-19 07:20:17,38200.0,10000.0,8284300.0
408,2021-10-19 07:20:17,38200.0,10000.0,8274300.0
409,2021-10-19 07:20:17,38200.0,500.0,8264300.0
410,2021-10-19 07:20:17,38200.0,100.0,8263800.0
411,2021-10-19 07:20:17,38200.0,100.0,8263700.0
412,2021-10-19 07:20:17,38200.0,100.0,8263600.0
413,2021-10-19 07:20:17,38200.0,300.0,8263500.0
414,2021-10-19 07:20:17,38200.0,500.0,8263200.0
415,2021-10-19 07:20:17,38200.0,400.0,8262700.0
416,2021-10-19 07:20:17,38200.0,200.0,8262300.0
417,2021-10-19 07:20:17,38200.0,500.0,8262100.0
418,2021-10-19 07:20:17,38200.0,100.0,8261600.0
419,2021-10-19 07:20:17,38200.0,600.0,8261500.0
420,2021-10-19 07:20:17,38250.0,200.0,8260900.0
421,2021-10-19 07:20:17,38250.0,100.0,8260700.0
422,2021-10-19 07:20:17,38250.0,5000.0,8260600.0
423,2021-10-19 07:20:17,38250.0,1900.0,8255600.0
424,2021-10-19 07:20:17,38250.0,100.0,8253700.0
425,2021-10-19 07:20:17,38250.0,1100.0,8253600.0
426,2021-10-19 07:20:17,38250.0,100.0,8252500.0
427,2021-10-19 07:20:17,38250.0,19400.0,8252400.0
428,2021-10-19 07:20:17,38250.0,6400.0,8233000.0
429,2021-10-19 07:20:08,38250.0,1200.0,8226600.0
430,2021-10-19 07:20:08,38250.0,1000.0,8225400.0
431,2021-10-19 07:20:08,38250.0,1000.0,8224400.0
432,2021-10-19 07:20:05,38300.0,200.0,8223400.0
433,2021-10-19 07:20:04,38300.0,500.0,8223200.0
434,2021-10-19 07:19:58,38250.0,1000.0,8222700.0
435,2021-10-19 07:19:58,38250.0,500.0,8221700.0
436,2021-10-19 07:19:58,38250.0,1400.0,8221200.0
437,2021-10-19 07:19:56,38300.0,700.0,8219800.0
438,2021-10-19 07:19:54,38300.0,1500.0,8219100.0
439,2021-10-19 07:19:50,38300.0,400.0,8217600.0
440,2021-10-19 07:19:44,38300.0,100.0,8217200.0
441,2021-10-19 07:19:40,38300.0,500.0,8217100.0
442,2021-10-19 07:19:37,38300.0,500.0,8216600.0
443,2021-10-19 07:19:36,38300.0,200.0,8216100.0
444,2021-10-19 07:19:36,38300.0,100.0,8215900.0
445,2021-10-19 07:19:35,38300.0,400.0,8215800.0
446,2021-10-19 07:19:34,38250.0,3600.0,8215400.0
447,2021-10-19 07:19:34,38250.0,500.0,8211800.0
448,2021-10-19 07:19:34,38250.0,1000.0,8211300.0
449,2021-10-19 07:19:34,38250.0,200.0,8210300.0
450,2021-10-19 07:19:34,38250.0,1700.0,8210100.0
451,2021-10-19 07:19:27,38300.0,100.0,8208400.0
452,2021-10-19 07:19:25,38250.0,3600.0,8208300.0
453,2021-10-19 07:19:25,38250.0,1800.0,8204700.0
454,2021-10-19 07:19:24,38250.0,7400.0,8202900.0
455,2021-10-19 07:19:24,38250.0,90800.0,8195500.0
456,2021-10-19 07:19:24,38250.0,9200.0,8104700.0
457,2021-10-19 07:19:24,38250.0,800.0,8095500.0
458,2021-10-19 07:19:24,38250.0,500.0,8094700.0
459,2021-10-19 07:19:24,38250.0,200.0,8094200.0
460,2021-10-19 07:19:24,38250.0,200.0,8094000.0
461,2021-10-19 07:19:24,38250.0,500.0,8093800.0
462,2021-10-19 07:19:22,38300.0,30000.0,8093300.0
463,2021-10-19 07:19:16,38300.0,200.0,8063300.0
464,2021-10-19 07:19:15,38250.0,1600.0,8063100.0
465,2021-10-19 07:19:15,38250.0,100.0,8061500.0
466,2021-10-19 07:19:15,38250.0,100.0,8061400.0
467,2021-10-19 07:19:15,38250.0,200.0,8061300.0
468,2021-10-19 07:19:14,38300.0,400.0,8061100.0
469,2021-10-19 07:19:14,38300.0,100.0,8060700.0
470,2021-10-19 07:19:14,38300.0,100.0,8060600.0
471,2021-10-19 07:19:14,38300.0,200.0,8060500.0
472,2021-10-19 07:19:14,38300.0,500.0,8060300.0
473,2021-10-19 07:19:14,38300.0,500.0,8059800.0
474,2021-10-19 07:19:14,38300.0,200.0,8059300.0
475,2021-10-19 07:19:14,38300.0,100.0,8059100.0
476,2021-10-19 07:19:14,38300.0,200.0,8059000.0
477,2021-10-19 07:19:14,38300.0,500.0,8058800.0
478,2021-10-19 07:19:14,38300.0,500.0,8058300.0
479,2021-10-19 07:19:14,38300.0,200.0,8057800.0
480,2021-10-19 07:19:14,38300.0,500.0,8057600.0
481,2021-10-19 07:19:14,38300.0,500.0,8057100.0
482,2021-10-19 07:19:14,38300.0,200.0,8056600.0
483,2021-10-19 07:19:14,38300.0,100.0,8056400.0
484,2021-10-19 07:19:14,38300.0,500.0,8056300.0
485,2021-10-19 07:19:14,38300.0,100.0,8055800.0
486,2021-10-19 07:19:14,38300.0,100.0,8055700.0
487,2021-10-19 07:19:14,38300.0,400.0,8055600.0
488,2021-10-19 07:19:14,38300.0,5000.0,8055200.0
489,2021-10-19 07:19:14,38300.0,500.0,8050200.0
490,2021-10-19 07:19:14,38300.0,500.0,8049700.0
491,2021-10-19 07:19:14,38300.0,1000.0,8049200.0
492,2021-10-19 07:19:14,38300.0,1000.0,8048200.0
493,2021-10-19 07:19:14,38300.0,500.0,8047200.0
494,2021-10-19 07:19:14,38300.0,100.0,8046700.0
495,2021-10-19 07:19:14,38300.0,100.0,8046600.0
496,2021-10-19 07:19:14,38300.0,100.0,8046500.0
497,2021-10-19 07:19:14,38300.0,2000.0,8046400.0
498,2021-10-19 07:19:14,38300.0,200.0,8044400.0
499,2021-10-19 07:19:14,38300.0,2400.0,8044200.0
500,2021-10-19 07:19:14,38300.0,500.0,8041800.0
501,2021-10-19 07:19:14,38300.0,2000.0,8041300.0
502,2021-10-19 07:19:14,38300.0,500.0,8039300.0
503,2021-10-19 07:19:14,38300.0,600.0,8038800.0
504,2021-10-19 07:19:14,38300.0,1000.0,8038200.0
505,2021-10-19 07:19:14,38300.0,800.0,8037200.0
506,2021-10-19 07:19:14,38300.0,200.0,8036400.0
507,2021-10-19 07:19:14,38300.0,2000.0,8036200.0
508,2021-10-19 07:19:14,38300.0,400.0,8034200.0
509,2021-10-19 07:19:14,38300.0,100.0,8033800.0
510,2021-10-19 07:19:14,38300.0,1500.0,8033700.0
511,2021-10-19 07:19:14,38300.0,500.0,8032200.0
512,2021-10-19 07:19:14,38300.0,500.0,8031700.0
513,2021-10-19 07:19:14,38300.0,200.0,8031200.0
514,2021-10-19 07:19:14,38300.0,2000.0,8031000.0
515,2021-10-19 07:19:13,38300.0,1000.0,8029000.0
516,2021-10-19 07:19:13,38300.0,100.0,8028000.0
517,2021-10-19 07:19:13,38300.0,18900.0,8027900.0
518,2021-10-19 07:19:13,38300.0,500.0,8009000.0
519,2021-10-19 07:19:10,38300.0,600.0,8008500.0
520,2021-10-19 07:19:10,38300.0,300.0,8007900.0
521,2021-10-19 07:19:10,38300.0,300.0,8007600.0
522,2021-10-19 07:19:10,38300.0,100.0,8007300.0
523,2021-10-19 07:19:10,38300.0,400.0,8007200.0
524,2021-10-19 07:19:10,38300.0,4400.0,8006800.0
525,2021-10-19 07:19:10,38300.0,200.0,8002400.0
526,2021-10-19 07:19:10,38300.0,100.0,8002200.0
527,2021-10-19 07:19:10,38300.0,100.0,8002100.0
528,2021-10-19 07:19:10,38300.0,100.0,8002000.0
529,2021-10-19 07:19:10,38300.0,200.0,8001900.0
530,2021-10-19 07:19:10,38300.0,200.0,8001700.0
531,2021-10-19 07:19:10,38300.0,500.0,8001500.0
532,2021-10-19 07:19:10,38300.0,1000.0,8001000.0
533,2021-10-19 07:19:10,38300.0,2000.0,8000000.0
534,2021-10-19 07:19:10,38300.0,400.0,7998000.0
535,2021-10-19 07:19:10,38300.0,5000.0,7997600.0
536,2021-10-19 07:19:10,38300.0,100.0,7992600.0
537,2021-10-19 07:19:10,38300.0,7800.0,7992500.0
538,2021-10-19 07:19:10,38300.0,1000.0,7984700.0
539,2021-10-19 07:19:10,38300.0,75200.0,7983700.0
540,2021-10-19 07:19:07,38300.0,2800.0,7908500.0
541,2021-10-19 07:19:06,38350.0,300.0,7905700.0
542,2021-10-19 07:19:03,38300.0,7400.0,7905400.0
543,2021-10-19 07:19:00,38300.0,2900.0,7898000.0
544,2021-10-19 07:18:48,38300.0,2900.0,7895100.0
545,2021-10-19 07:18:42,38300.0,2500.0,7892200.0
546,2021-10-19 07:18:36,38350.0,2600.0,7889700.0
547,2021-10-19 07:18:36,38350.0,1000.0,7887100.0
548,2021-10-19 07:18:36,38350.0,100.0,7886100.0
549,2021-10-19 07:18:36,38350.0,2000.0,7886000.0
550,2021-10-19 07:18:36,38350.0,100.0,7884000.0
551,2021-10-19 07:18:36,38350.0,300.0,7883900.0
552,2021-10-19 07:18:36,38350.0,200.0,7883600.0
553,2021-10-19 07:18:36,38350.0,2500.0,7883400.0
554,2021-10-19 07:18:36,38350.0,100.0,7880900.0
555,2021-10-19 07:18:36,38350.0,10000.0,7880800.0
556,2021-10-19 07:18:36,38350.0,200.0,7870800.0
557,2021-10-19 07:18:36,38350.0,10000.0,7870600.0
558,2021-10-19 07:18:36,38350.0,200.0,7860600.0
559,2021-10-19 07:18:36,38350.0,1000.0,7860400.0
560,2021-10-19 07:18:36,38350.0,1000.0,7859400.0
561,2021-10-19 07:18:36,38350.0,200.0,7858400.0
562,2021-10-19 07:18:36,38350.0,100.0,7858200.0
563,2021-10-19 07:18:36,38350.0,2500.0,7858100.0
564,2021-10-19 07:18:36,38350.0,1000.0,7855600.0
565,2021-10-19 07:18:36,38350.0,200.0,7854600.0
566,2021-10-19 07:18:36,38350.0,800.0,7854400.0
567,2021-10-19 07:18:36,38350.0,33700.0,7853600.0
568,2021-10-19 07:18:33,38350.0,2000.0,7819900.0
569,2021-10-19 07:17:56,38400.0,1000.0,7817900.0
570,2021-10-19 07:17:48,38400.0,200.0,7816900.0
571,2021-10-19 07:17:28,38400.0,200.0,7816700.0
572,2021-10-19 07:17:28,38400.0,200.0,7816500.0
573,2021-10-19 07:17:28,38400.0,200.0,7816300.0
574,2021-10-19 07:17:28,38400.0,300.0,7816100.0
575,2021-10-19 07:17:28,38400.0,700.0,7815800.0
576,2021-10-19 07:17:28,38400.0,1000.0,7815100.0
577,2021-10-19 07:17:28,38400.0,2000.0,7814100.0
578,2021-10-19 07:17:28,38400.0,300.0,7812100.0
579,2021-10-19 07:17:28,38400.0,100.0,7811800.0
580,2021-10-19 07:17:28,38400.0,20000.0,7811700.0
581,2021-10-19 07:17:28,38400.0,10000.0,7791700.0
582,2021-10-19 07:17:28,38400.0,100.0,7781700.0
583,2021-10-19 07:17:28,38400.0,53700.0,7781600.0
584,2021-10-19 07:17:25,38400.0,2000.0,7727900.0
585,2021-10-19 07:17:08,38400.0,2200.0,7725900.0
586,2021-10-19 07:16:52,38400.0,10000.0,7723700.0
587,2021-10-19 07:16:51,38400.0,1000.0,7713700.0
588,2021-10-19 07:16:47,38400.0,600.0,7712700.0
589,2021-10-19 07:15:59,38400.0,100.0,7712100.0
590,2021-10-19 07:15:41,38400.0,200.0,7712000.0
591,2021-10-19 07:15:40,38400.0,400.0,7711800.0
592,2021-10-19 07:15:39,38400.0,500.0,7711400.0
593,2021-10-19 07:15:05,38400.0,400.0,7710900.0
594,2021-10-19 07:14:47,38400.0,500.0,7710500.0
595,2021-10-19 07:14:29,38400.0,400.0,7710000.0
596,2021-10-19 07:14:26,38400.0,400.0,7709600.0
597,2021-10-19 07:14:24,38400.0,2000.0,7709200.0
598,2021-10-19 07:14:11,38400.0,200.0,7707200.0
599,2021-10-19 07:14:09,38400.0,2000.0,7707000.0
600,2021-10-19 07:14:08,38450.0,3900.0,7705000.0
601,2021-10-19 07:14:06,38400.0,22000.0,7701100.0
602,2021-10-19 07:14:00,38400.0,500.0,7679100.0
603,2021-10-19 07:14:00,38400.0,900.0,7678600.0
604,2021-10-19 07:13:58,38350.0,200.0,7677700.0
605,2021-10-19 07:13:51,38400.0,400.0,7677500.0
606,2021-10-19 07:13:51,38400.0,400.0,7677100.0
607,2021-10-19 07:13:51,38400.0,9400.0,7676700.0
608,2021-10-19 07:13:46,38400.0,100.0,7667300.0
609,2021-10-19 07:13:44,38400.0,200.0,7667200.0
610,2021-10-19 07:13:22,38400.0,300.0,7667000.0
611,2021-10-19 07:13:22,38400.0,3400.0,7666700.0
612,2021-10-19 07:13:22,38400.0,500.0,7663300.0
613,2021-10-19 07:13:22,38400.0,600.0,7662800.0
614,2021-10-19 07:13:22,38400.0,5200.0,7662200.0
615,2021-10-19 07:13:17,38400.0,1000.0,7657000.0
616,2021-10-19 07:12:56,38350.0,2900.0,7656000.0
617,2021-10-19 07:12:47,38350.0,3100.0,7653100.0
618,2021-10-19 07:12:44,38350.0,400.0,7650000.0
619,2021-10-19 07:12:44,38350.0,5400.0,7649600.0
620,2021-10-19 07:12:36,38350.0,2000.0,7644200.0
621,2021-10-19 07:12:29,38400.0,1500.0,7642200.0
622,2021-10-19 07:12:24,38350.0,300.0,7640700.0
623,2021-10-19 07:12:24,38350.0,2000.0,7640400.0
624,2021-10-19 07:12:24,38350.0,200.0,7638400.0
625,2021-10-19 07:12:24,38350.0,100.0,7638200.0
626,2021-10-19 07:12:24,38350.0,100.0,7638100.0
627,2021-10-19 07:12:24,38350.0,4700.0,7638000.0
628,2021-10-19 07:12:24,38350.0,300.0,7633300.0
629,2021-10-19 07:12:24,38350.0,1900.0,7633000.0
630,2021-10-19 07:12:18,38350.0,5400.0,7631100.0
631,2021-10-19 07:12:18,38400.0,1000.0,7625700.0
632,2021-10-19 07:12:17,38350.0,1900.0,7624700.0
633,2021-10-19 07:12:14,38350.0,1800.0,7622800.0
634,2021-10-19 07:12:14,38350.0,5600.0,7621000.0
635,2021-10-19 07:12:09,38350.0,400.0,7615400.0
636,2021-10-19 07:12:06,38350.0,3200.0,7615000.0
637,2021-10-19 07:12:03,38400.0,1300.0,7611800.0
638,2021-10-19 07:12:03,38400.0,3700.0,7610500.0
639,2021-10-19 07:11:59,38350.0,800.0,7606800.0
640,2021-10-19 07:11:59,38350.0,1000.0,7606000.0
641,2021-10-19 07:11:59,38350.0,500.0,7605000.0
642,2021-10-19 07:11:59,38350.0,900.0,7604500.0
643,2021-10-19 07:11:49,38350.0,2900.0,7603600.0
644,2021-10-19 07:11:45,38400.0,100.0,7600700.0
645,2021-10-19 07:11:43,38400.0,500.0,7600600.0
646,2021-10-19 07:11:42,38400.0,1000.0,7600100.0
647,2021-10-19 07:11:42,38350.0,3200.0,7599100.0
648,2021-10-19 07:11:34,38350.0,500.0,7595900.0
649,2021-10-19 07:11:34,38400.0,3000.0,7595400.0
650,2021-10-19 07:11:29,38350.0,2200.0,7592400.0
651,2021-10-19 07:11:27,38400.0,1700.0,7590200.0
652,2021-10-19 07:11:15,38400.0,500.0,7588500.0
653,2021-10-19 07:11:15,38400.0,3200.0,7588000.0
654,2021-10-19 07:11:09,38400.0,10000.0,7584800.0
655,2021-10-19 07:11:07,38400.0,20000.0,7574800.0
656,2021-10-19 07:11:05,38400.0,20000.0,7554800.0
657,2021-10-19 07:11:04,38400.0,20000.0,7534800.0
658,2021-10-19 07:11:01,38400.0,6800.0,7514800.0
659,2021-10-19 07:11:01,38400.0,500.0,7508000.0
660,2021-10-19 07:11:01,38400.0,1400.0,7507500.0
661,2021-10-19 07:11:01,38400.0,100.0,7506100.0
662,2021-10-19 07:11:01,38400.0,10000.0,7506000.0
663,2021-10-19 07:11:01,38400.0,1200.0,7496000.0
664,2021-10-19 07:10:59,38400.0,400.0,7494800.0
665,2021-10-19 07:10:52,38400.0,20000.0,7494400.0
666,2021-10-19 07:10:51,38400.0,10000.0,7474400.0
667,2021-10-19 07:10:25,38400.0,20000.0,7464400.0
668,2021-10-19 07:10:19,38450.0,1400.0,7444400.0
669,2021-10-19 07:10:16,38400.0,20000.0,7443000.0
670,2021-10-19 07:10:15,38400.0,20000.0,7423000.0
671,2021-10-19 07:10:13,38400.0,8400.0,7403000.0
672,2021-10-19 07:10:13,38400.0,11600.0,7394600.0
673,2021-10-19 07:10:13,38400.0,8400.0,7383000.0
674,2021-10-19 07:10:13,38400.0,1000.0,7374600.0
675,2021-10-19 07:10:13,38400.0,600.0,7373600.0
676,2021-10-19 07:10:12,38400.0,19400.0,7373000.0
677,2021-10-19 07:10:12,38400.0,600.0,7353600.0
678,2021-10-19 07:10:08,38400.0,4400.0,7353000.0
679,2021-10-19 07:10:08,38400.0,1300.0,7348600.0
680,2021-10-19 07:10:08,38400.0,500.0,7347300.0
681,2021-10-19 07:10:08,38400.0,10000.0,7346800.0
682,2021-10-19 07:10:08,38400.0,3800.0,7336800.0
683,2021-10-19 07:09:49,38450.0,1200.0,7333000.0
684,2021-10-19 07:09:49,38450.0,11800.0,7331800.0
685,2021-10-19 07:09:47,38450.0,1300.0,7320000.0
686,2021-10-19 07:09:28,38400.0,6200.0,7318700.0
687,2021-10-19 07:09:28,38400.0,2000.0,7312500.0
688,2021-10-19 07:09:28,38400.0,1000.0,7310500.0
689,2021-10-19 07:09:28,38400.0,800.0,7309500.0
690,2021-10-19 07:09:14,38400.0,400.0,7308700.0
691,2021-10-19 07:09:02,38400.0,800.0,7308300.0
692,2021-10-19 07:09:02,38400.0,10000.0,7307500.0
693,2021-10-19 07:09:02,38400.0,1200.0,7297500.0
694,2021-10-19 07:09:02,38400.0,200.0,7296300.0
695,2021-10-19 07:09:02,38400.0,200.0,7296100.0
696,2021-10-19 07:09:02,38400.0,7600.0,7295900.0
697,2021-10-19 07:08:49,38450.0,1400.0,7288300.0
698,2021-10-19 07:08:39,38400.0,500.0,7286900.0
699,2021-10-19 07:08:37,38400.0,1900.0,7286400.0
700,2021-10-19 07:08:37,38400.0,100.0,7284500.0
701,2021-10-19 07:08:19,38450.0,1400.0,7284400.0
702,2021-10-19 07:08:03,38400.0,400.0,7283000.0
703,2021-10-19 07:07:58,38400.0,5000.0,7282600.0
704,2021-10-19 07:07:49,38400.0,10000.0,7277600.0
705,2021-10-19 07:07:28,38400.0,400.0,7267600.0
706,2021-10-19 07:07:25,38400.0,4200.0,7267200.0
707,2021-10-19 07:07:25,38400.0,300.0,7263000.0
708,2021-10-19 07:07:25,38400.0,10000.0,7262700.0
709,2021-10-19 07:07:25,38400.0,1200.0,7252700.0
710,2021-10-19 07:07:25,38400.0,200.0,7251500.0
711,2021-10-19 07:07:25,38400.0,500.0,7251300.0
712,2021-10-19 07:07:25,38400.0,200.0,7250800.0
713,2021-10-19 07:07:25,38400.0,3000.0,7250600.0
714,2021-10-19 07:07:25,38400.0,2000.0,7247600.0
715,2021-10-19 07:07:25,38400.0,8400.0,7245600.0
716,2021-10-19 07:07:23,38450.0,1400.0,7237200.0
717,2021-10-19 07:07:08,38450.0,300.0,7235800.0
718,2021-10-19 07:06:51,38450.0,1500.0,7235500.0
719,2021-10-19 07:06:50,38400.0,10000.0,7234000.0
720,2021-10-19 07:06:41,38400.0,20000.0,7224000.0
721,2021-10-19 07:06:32,38450.0,500.0,7204000.0
722,2021-10-19 07:06:21,38450.0,400.0,7203500.0
723,2021-10-19 07:06:21,38450.0,1100.0,7203100.0
724,2021-10-19 07:06:11,38450.0,800.0,7202000.0
725,2021-10-19 07:06:05,38450.0,500.0,7201200.0
726,2021-10-19 07:05:54,38450.0,1500.0,7200700.0
727,2021-10-19 07:05:54,38450.0,16100.0,7199200.0
728,2021-10-19 07:05:52,38500.0,1200.0,7183100.0
729,2021-10-19 07:05:51,38450.0,20000.0,7181900.0
730,2021-10-19 07:05:50,38450.0,2000.0,7161900.0
731,2021-10-19 07:05:45,38450.0,20000.0,7159900.0
732,2021-10-19 07:05:43,38450.0,400.0,7139900.0
733,2021-10-19 07:05:40,38450.0,20000.0,7139500.0
734,2021-10-19 07:05:31,38450.0,20000.0,7119500.0
735,2021-10-19 07:05:31,38450.0,1500.0,7099500.0
736,2021-10-19 07:05:22,38450.0,500.0,7098000.0
737,2021-10-19 07:05:15,38400.0,20000.0,7097500.0
738,2021-10-19 07:05:12,38400.0,20000.0,7077500.0
739,2021-10-19 07:05:11,38500.0,7900.0,7057500.0
740,2021-10-19 07:05:11,38500.0,2000.0,7049600.0
741,2021-10-19 07:05:11,38500.0,1000.0,7047600.0
742,2021-10-19 07:05:11,38500.0,1000.0,7046600.0
743,2021-10-19 07:05:11,38500.0,600.0,7045600.0
744,2021-10-19 07:05:11,38500.0,100.0,7045000.0
745,2021-10-19 07:05:11,38500.0,2000.0,7044900.0
746,2021-10-19 07:05:11,38500.0,500.0,7042900.0
747,2021-10-19 07:05:11,38500.0,500.0,7042400.0
748,2021-10-19 07:05:11,38500.0,500.0,7041900.0
749,2021-10-19 07:05:11,38500.0,300.0,7041400.0
750,2021-10-19 07:05:11,38500.0,100.0,7041100.0
751,2021-10-19 07:05:11,38500.0,5000.0,7041000.0
752,2021-10-19 07:05:11,38500.0,100.0,7036000.0
753,2021-10-19 07:05:09,38400.0,1600.0,7035900.0
754,2021-10-19 07:05:09,38400.0,1000.0,7034300.0
755,2021-10-19 07:05:09,38400.0,10000.0,7033300.0
756,2021-10-19 07:05:09,38400.0,100.0,7023300.0
757,2021-10-19 07:05:09,38400.0,6700.0,7023200.0
758,2021-10-19 07:05:09,38450.0,600.0,7016500.0
759,2021-10-19 07:05:08,38450.0,400.0,7015900.0
760,2021-10-19 07:05:06,38400.0,3300.0,7015500.0
761,2021-10-19 07:05:06,38400.0,10000.0,7012200.0
762,2021-10-19 07:05:06,38400.0,100.0,7002200.0
763,2021-10-19 07:05:06,38450.0,6600.0,7002100.0
764,2021-10-19 07:05:02,38450.0,10000.0,6995500.0
765,2021-10-19 07:05:02,38450.0,500.0,6985500.0
766,2021-10-19 07:05:02,38450.0,200.0,6985000.0
767,2021-10-19 07:05:02,38450.0,400.0,6984800.0
768,2021-10-19 07:05:02,38450.0,500.0,6984400.0
769,2021-10-19 07:05:02,38450.0,400.0,6983900.0
770,2021-10-19 07:05:02,38450.0,2500.0,6983500.0
771,2021-10-19 07:05:02,38450.0,10000.0,6981000.0
772,2021-10-19 07:05:02,38450.0,4000.0,6971000.0
773,2021-10-19 07:05:02,38450.0,500.0,6967000.0
774,2021-10-19 07:05:02,38450.0,400.0,6966500.0
775,2021-10-19 07:05:02,38450.0,400.0,6966100.0
776,2021-10-19 07:05:02,38450.0,200.0,6965700.0
777,2021-10-19 07:05:02,38450.0,300.0,6965500.0
778,2021-10-19 07:05:02,38450.0,200.0,6965200.0
779,2021-10-19 07:05:02,38450.0,200.0,6965000.0
780,2021-10-19 07:05:02,38450.0,400.0,6964800.0
781,2021-10-19 07:05:02,38450.0,1000.0,6964400.0
782,2021-10-19 07:05:02,38450.0,1000.0,6963400.0
783,2021-10-19 07:05:02,38450.0,300.0,6962400.0
784,2021-10-19 07:04:56,38450.0,14700.0,6962100.0
785,2021-10-19 07:04:56,38450.0,900.0,6947400.0
786,2021-10-19 07:04:56,38450.0,400.0,6946500.0
787,2021-10-19 07:04:56,38450.0,1500.0,6946100.0
788,2021-10-19 07:04:56,38450.0,1000.0,6944600.0
789,2021-10-19 07:04:56,38450.0,1000.0,6943600.0
790,2021-10-19 07:04:56,38450.0,1000.0,6942600.0
791,2021-10-19 07:04:56,38450.0,1100.0,6941600.0
792,2021-10-19 07:04:56,38400.0,9900.0,6940500.0
793,2021-10-19 07:04:56,38400.0,1000.0,6930600.0
794,2021-10-19 07:04:56,38400.0,100.0,6929600.0
795,2021-10-19 07:04:56,38400.0,3000.0,6929500.0
796,2021-10-19 07:04:56,38400.0,1000.0,6926500.0
797,2021-10-19 07:04:56,38400.0,2000.0,6925500.0
798,2021-10-19 07:04:56,38400.0,200.0,6923500.0
799,2021-10-19 07:04:56,38400.0,1000.0,6923300.0
800,2021-10-19 07:04:56,38400.0,1500.0,6922300.0
801,2021-10-19 07:04:56,38400.0,300.0,6920800.0
802,2021-10-19 07:04:52,38450.0,1500.0,6920500.0
803,2021-10-19 07:04:42,38450.0,3000.0,6919000.0
804,2021-10-19 07:04:22,38450.0,1400.0,6916000.0
805,2021-10-19 07:04:12,38450.0,500.0,6914600.0
806,2021-10-19 07:04:09,38400.0,500.0,6914100.0
807,2021-10-19 07:04:08,38450.0,100.0,6913600.0
808,2021-10-19 07:03:57,38450.0,5000.0,6913500.0
809,2021-10-19 07:03:49,38450.0,1100.0,6908500.0
810,2021-10-19 07:03:44,38450.0,300.0,6907400.0
811,2021-10-19 07:03:26,38450.0,1000.0,6907100.0
812,2021-10-19 07:03:23,38450.0,1300.0,6906100.0
813,2021-10-19 07:03:22,38450.0,100.0,6904800.0
814,2021-10-19 07:03:19,38400.0,4900.0,6904700.0
815,2021-10-19 07:02:56,38450.0,1400.0,6899800.0
816,2021-10-19 07:02:25,38450.0,1600.0,6898400.0
817,2021-10-19 07:01:52,38450.0,400.0,6896800.0
818,2021-10-19 07:01:52,38450.0,700.0,6896400.0
819,2021-10-19 07:01:47,38400.0,200.0,6895700.0
820,2021-10-19 07:01:38,38400.0,400.0,6895500.0
821,2021-10-19 07:01:37,38400.0,5400.0,6895100.0
822,2021-10-19 07:01:24,38450.0,500.0,6889700.0
823,2021-10-19 07:01:24,38450.0,300.0,6889200.0
824,2021-10-19 07:01:24,38450.0,300.0,6888900.0
825,2021-10-19 07:01:24,38450.0,400.0,6888600.0
826,2021-10-19 07:01:24,38450.0,100.0,6888200.0
827,2021-10-19 07:00:55,38450.0,400.0,6888100.0
828,2021-10-19 07:00:55,38450.0,100.0,6887700.0
829,2021-10-19 07:00:55,38450.0,400.0,6887600.0
830,2021-10-19 07:00:55,38450.0,100.0,6887200.0
831,2021-10-19 07:00:55,38450.0,100.0,6887100.0
832,2021-10-19 07:00:55,38450.0,100.0,6887000.0
833,2021-10-19 07:00:55,38450.0,200.0,6886900.0
834,2021-10-19 07:00:45,38450.0,300.0,6886700.0
835,2021-10-19 07:00:45,38450.0,10000.0,6886400.0
836,2021-10-19 07:00:45,38450.0,100.0,6876400.0
837,2021-10-19 07:00:45,38450.0,400.0,6876300.0
838,2021-10-19 07:00:37,38450.0,600.0,6875900.0
839,2021-10-19 07:00:37,38450.0,500.0,6875300.0
840,2021-10-19 07:00:37,38450.0,100.0,6874800.0
841,2021-10-19 07:00:37,38450.0,200.0,6874700.0
842,2021-10-19 07:00:37,38450.0,9400.0,6874500.0
843,2021-10-19 07:00:27,38400.0,2000.0,6865100.0
844,2021-10-19 07:00:19,38450.0,600.0,6863100.0
845,2021-10-19 07:00:19,38450.0,900.0,6862500.0
846,2021-10-19 07:00:19,38400.0,5400.0,6861600.0
847,2021-10-19 07:00:18,38450.0,9100.0,6856200.0
848,2021-10-19 07:00:18,38450.0,100.0,6847100.0
849,2021-10-19 07:00:18,38450.0,200.0,6847000.0
850,2021-10-19 07:00:18,38450.0,1000.0,6846800.0
851,2021-10-19 07:00:18,38450.0,100.0,6845800.0
852,2021-10-19 07:00:18,38450.0,300.0,6845700.0
853,2021-10-19 07:00:16,38400.0,400.0,6845400.0
854,2021-10-19 07:00:03,38450.0,700.0,6845000.0
855,2021-10-19 07:00:03,38450.0,500.0,6844300.0
856,2021-10-19 07:00:03,38450.0,1000.0,6843800.0
857,2021-10-19 07:00:03,38450.0,8600.0,6842800.0
858,2021-10-19 07:00:02,38400.0,20000.0,6834200.0
859,2021-10-19 06:59:59,38400.0,500.0,6814200.0
860,2021-10-19 06:59:59,38400.0,20000.0,6813700.0
861,2021-10-19 06:59:56,38400.0,20000.0,6793700.0
862,2021-10-19 06:59:52,38400.0,20000.0,6773700.0
863,2021-10-19 06:59:46,38450.0,1700.0,6753700.0
864,2021-10-19 06:59:45,38350.0,300.0,6752000.0
865,2021-10-19 06:59:45,38350.0,500.0,6751700.0
866,2021-10-19 06:59:45,38350.0,100.0,6751200.0
867,2021-10-19 06:59:45,38350.0,200.0,6751100.0
868,2021-10-19 06:59:45,38350.0,2000.0,6750900.0
869,2021-10-19 06:59:45,38350.0,400.0,6748900.0
870,2021-10-19 06:59:45,38350.0,1100.0,6748500.0
871,2021-10-19 06:59:45,38350.0,300.0,6747400.0
872,2021-10-19 06:59:45,38350.0,1000.0,6747100.0
873,2021-10-19 06:59:45,38350.0,100.0,6746100.0
874,2021-10-19 06:59:45,38350.0,100.0,6746000.0
875,2021-10-19 06:59:45,38350.0,2000.0,6745900.0
876,2021-10-19 06:59:45,38350.0,1000.0,6743900.0
877,2021-10-19 06:59:45,38350.0,500.0,6742900.0
878,2021-10-19 06:59:45,38350.0,10400.0,6742400.0
879,2021-10-19 06:59:44,38450.0,6000.0,6732000.0
880,2021-10-19 06:59:44,38400.0,400.0,6726000.0
881,2021-10-19 06:59:44,38400.0,200.0,6725600.0
882,2021-10-19 06:59:44,38400.0,500.0,6725400.0
883,2021-10-19 06:59:44,38400.0,100.0,6724900.0
884,2021-10-19 06:59:44,38400.0,2000.0,6724800.0
885,2021-10-19 06:59:44,38400.0,500.0,6722800.0
886,2021-10-19 06:59:44,38400.0,500.0,6722300.0
887,2021-10-19 06:59:44,38400.0,500.0,6721800.0
888,2021-10-19 06:59:44,38400.0,100.0,6721300.0
889,2021-10-19 06:59:41,38400.0,1000.0,6721200.0
890,2021-10-19 06:59:41,38400.0,100.0,6720200.0
891,2021-10-19 06:59:27,38400.0,3000.0,6720100.0
892,2021-10-19 06:59:24,38400.0,5000.0,6717100.0
893,2021-10-19 06:59:10,38400.0,1300.0,6712100.0
894,2021-10-19 06:58:59,38350.0,2200.0,6710800.0
895,2021-10-19 06:58:42,38350.0,400.0,6708600.0
896,2021-10-19 06:58:41,38400.0,1300.0,6708200.0
897,2021-10-19 06:58:32,38350.0,100.0,6706900.0
898,2021-10-19 06:58:08,38350.0,2600.0,6706800.0
899,2021-10-19 06:57:59,38400.0,500.0,6704200.0
900,2021-10-19 06:57:58,38350.0,2800.0,6703700.0
901,2021-10-19 06:57:53,38350.0,400.0,6700900.0
902,2021-10-19 06:57:44,38350.0,2300.0,6700500.0
903,2021-10-19 06:57:28,38350.0,20000.0,6698200.0
904,2021-10-19 06:57:26,38350.0,3200.0,6678200.0
905,2021-10-19 06:57:19,38350.0,2500.0,6675000.0
906,2021-10-19 06:57:16,38400.0,500.0,6672500.0
907,2021-10-19 06:57:16,38400.0,100.0,6672000.0
908,2021-10-19 06:57:16,38400.0,7100.0,6671900.0
909,2021-10-19 06:57:12,38400.0,20000.0,6664800.0
910,2021-10-19 06:57:09,38400.0,1900.0,6644800.0
911,2021-10-19 06:57:09,38400.0,20000.0,6642900.0
912,2021-10-19 06:57:06,38400.0,20000.0,6622900.0
913,2021-10-19 06:57:02,38400.0,20000.0,6602900.0
914,2021-10-19 06:57:00,38400.0,100.0,6582900.0
915,2021-10-19 06:56:59,38400.0,2600.0,6582800.0
916,2021-10-19 06:56:57,38400.0,100.0,6580200.0
917,2021-10-19 06:56:57,38400.0,7400.0,6580100.0
918,2021-10-19 06:56:57,38400.0,200.0,6572700.0
919,2021-10-19 06:56:57,38400.0,600.0,6572500.0
920,2021-10-19 06:56:57,38400.0,400.0,6571900.0
921,2021-10-19 06:56:55,38400.0,500.0,6571500.0
922,2021-10-19 06:56:55,38350.0,1500.0,6571000.0
923,2021-10-19 06:56:48,38350.0,2200.0,6569500.0
924,2021-10-19 06:56:47,38400.0,18500.0,6567300.0
925,2021-10-19 06:56:43,38400.0,1500.0,6548800.0
926,2021-10-19 06:56:41,38350.0,1900.0,6547300.0
927,2021-10-19 06:56:37,38400.0,500.0,6545400.0
928,2021-10-19 06:56:34,38350.0,7400.0,6544900.0
929,2021-10-19 06:56:32,38350.0,2900.0,6537500.0
930,2021-10-19 06:56:24,38400.0,1300.0,6534600.0
931,2021-10-19 06:56:22,38350.0,2200.0,6533300.0
932,2021-10-19 06:56:13,38350.0,2900.0,6531100.0
933,2021-10-19 06:56:10,38400.0,2200.0,6528200.0
934,2021-10-19 06:56:10,38400.0,7800.0,6526000.0
935,2021-10-19 06:56:10,38400.0,300.0,6518200.0
936,2021-10-19 06:56:10,38400.0,10000.0,6517900.0
937,2021-10-19 06:56:10,38400.0,1900.0,6507900.0
938,2021-10-19 06:56:08,38400.0,3000.0,6506000.0
939,2021-10-19 06:56:07,38400.0,2900.0,6503000.0
940,2021-10-19 06:56:02,38400.0,20000.0,6500100.0
941,2021-10-19 06:56:00,38450.0,1000.0,6480100.0
942,2021-10-19 06:55:58,38450.0,100.0,6479100.0
943,2021-10-19 06:55:58,38400.0,2500.0,6479000.0
944,2021-10-19 06:55:54,38400.0,20000.0,6476500.0
945,2021-10-19 06:55:51,38400.0,300.0,6456500.0
946,2021-10-19 06:55:50,38400.0,20000.0,6456200.0
947,2021-10-19 06:55:42,38400.0,20000.0,6436200.0
948,2021-10-19 06:55:39,38400.0,800.0,6416200.0
949,2021-10-19 06:55:37,38400.0,8600.0,6415400.0
950,2021-10-19 06:55:37,38400.0,5000.0,6406800.0
951,2021-10-19 06:55:37,38400.0,6300.0,6401800.0
952,2021-10-19 06:55:37,38400.0,100.0,6395500.0
953,2021-10-19 06:55:33,38400.0,2300.0,6395400.0
954,2021-10-19 06:55:26,38400.0,2500.0,6393100.0
955,2021-10-19 06:55:15,38400.0,20000.0,6390600.0
956,2021-10-19 06:55:12,38400.0,20000.0,6370600.0
957,2021-10-19 06:55:06,38400.0,20000.0,6350600.0
958,2021-10-19 06:55:01,38400.0,20000.0,6330600.0
959,2021-10-19 06:54:58,38400.0,15100.0,6310600.0
960,2021-10-19 06:54:54,38350.0,100.0,6295500.0
961,2021-10-19 06:54:54,38400.0,1000.0,6295400.0
962,2021-10-19 06:54:49,38400.0,100.0,6294400.0
963,2021-10-19 06:54:49,38400.0,100.0,6294300.0
964,2021-10-19 06:54:49,38400.0,3700.0,6294200.0
965,2021-10-19 06:54:38,38400.0,3300.0,6290500.0
966,2021-10-19 06:54:38,38400.0,16700.0,6287200.0
967,2021-10-19 06:54:36,38400.0,3200.0,6270500.0
968,2021-10-19 06:54:27,38400.0,100.0,6267300.0
969,2021-10-19 06:54:26,38350.0,20000.0,6267200.0
970,2021-10-19 06:53:59,38400.0,200.0,6247200.0
971,2021-10-19 06:53:59,38400.0,800.0,6247000.0
972,2021-10-19 06:53:30,38400.0,200.0,6246200.0
973,2021-10-19 06:53:01,38350.0,200.0,6246000.0
974,2021-10-19 06:52:57,38450.0,5400.0,6245800.0
975,2021-10-19 06:52:57,38400.0,5400.0,6240400.0
976,2021-10-19 06:52:46,38350.0,1000.0,6235000.0
977,2021-10-19 06:52:40,38350.0,400.0,6234000.0
978,2021-10-19 06:52:39,38450.0,4700.0,6233600.0
979,2021-10-19 06:52:39,38400.0,300.0,6228900.0
980,2021-10-19 06:52:39,38400.0,300.0,6228600.0
981,2021-10-19 06:52:39,38400.0,300.0,6228300.0
982,2021-10-19 06:52:39,38400.0,400.0,6228000.0
983,2021-10-19 06:52:39,38400.0,2000.0,6227600.0
984,2021-10-19 06:52:39,38400.0,1000.0,6225600.0
985,2021-10-19 06:52:39,38400.0,1800.0,6224600.0
986,2021-10-19 06:52:38,38350.0,300.0,6222800.0
987,2021-10-19 06:52:37,38400.0,500.0,6222500.0
988,2021-10-19 06:52:37,38400.0,5000.0,6222000.0
989,2021-10-19 06:52:35,38350.0,300.0,6217000.0
990,2021-10-19 06:52:32,38350.0,3900.0,6216700.0
991,2021-10-19 06:52:28,38350.0,1900.0,6212800.0
992,2021-10-19 06:52:25,38400.0,500.0,6210900.0
993,2021-10-19 06:52:13,38400.0,2200.0,6210400.0
994,2021-10-19 06:52:13,38400.0,1700.0,6208200.0
995,2021-10-19 06:52:13,38400.0,6900.0,6206500.0
996,2021-10-19 06:52:13,38400.0,100.0,6199600.0
997,2021-10-19 06:52:10,38400.0,200.0,6199500.0
998,2021-10-19 06:52:03,38400.0,100.0,6199300.0
999,2021-10-19 06:51:57,38400.0,2700.0,6199200.0
1000,2021-10-19 06:51:57,38400.0,1000.0,6196500.0
1001,2021-10-19 06:51:57,38400.0,300.0,6195500.0
1002,2021-10-19 06:51:57,38400.0,6800.0,6195200.0
1003,2021-10-19 06:51:49,38350.0,3000.0,6188400.0
1004,2021-10-19 06:51:48,38400.0,3200.0,6185400.0
1005,2021-10-19 06:51:48,38400.0,200.0,6182200.0
1006,2021-10-19 06:51:48,38400.0,500.0,6182000.0
1007,2021-10-19 06:51:48,38400.0,500.0,6181500.0
1008,2021-10-19 06:51:48,38400.0,500.0,6181000.0
1009,2021-10-19 06:51:48,38400.0,3000.0,6180500.0
1010,2021-10-19 06:51:48,38400.0,500.0,6177500.0
1011,2021-10-19 06:51:48,38400.0,1000.0,6177000.0
1012,2021-10-19 06:51:48,38400.0,700.0,6176000.0
1013,2021-10-19 06:51:48,38400.0,700.0,6175300.0
1014,2021-10-19 06:51:32,38350.0,500.0,6174600.0
1015,2021-10-19 06:51:32,38350.0,400.0,6174100.0
1016,2021-10-19 06:51:32,38350.0,100.0,6173700.0
1017,2021-10-19 06:50:34,38350.0,800.0,6173600.0
1018,2021-10-19 06:50:33,38350.0,1000.0,6172800.0
1019,2021-10-19 06:50:29,38300.0,4000.0,6171800.0
1020,2021-10-19 06:50:25,38300.0,1900.0,6167800.0
1021,2021-10-19 06:50:22,38300.0,400.0,6165900.0
1022,2021-10-19 06:50:19,38350.0,1000.0,6165500.0
1023,2021-10-19 06:50:19,38350.0,100.0,6164500.0
1024,2021-10-19 06:50:17,38350.0,2000.0,6164400.0
1025,2021-10-19 06:50:13,38350.0,400.0,6162400.0
1026,2021-10-19 06:50:13,38350.0,100.0,6162000.0
1027,2021-10-19 06:50:05,38350.0,2400.0,6161900.0
1028,2021-10-19 06:50:05,38350.0,2300.0,6159500.0
1029,2021-10-19 06:50:02,38400.0,300.0,6157200.0
1030,2021-10-19 06:50:02,38400.0,200.0,6156900.0
1031,2021-10-19 06:49:55,38350.0,2300.0,6156700.0
1032,2021-10-19 06:49:43,38400.0,500.0,6154400.0
1033,2021-10-19 06:49:42,38350.0,400.0,6153900.0
1034,2021-10-19 06:49:42,38350.0,100.0,6153500.0
1035,2021-10-19 06:49:42,38350.0,500.0,6153400.0
1036,2021-10-19 06:49:42,38350.0,200.0,6152900.0
1037,2021-10-19 06:49:42,38350.0,1600.0,6152700.0
1038,2021-10-19 06:49:24,38400.0,300.0,6151100.0
1039,2021-10-19 06:49:24,38400.0,200.0,6150800.0
1040,2021-10-19 06:49:16,38350.0,100.0,6150600.0
1041,2021-10-19 06:49:12,38400.0,500.0,6150500.0
1042,2021-10-19 06:49:02,38350.0,2600.0,6150000.0
1043,2021-10-19 06:49:01,38350.0,700.0,6147400.0
1044,2021-10-19 06:49:01,38350.0,1000.0,6146700.0
1045,2021-10-19 06:49:01,38350.0,200.0,6145700.0
1046,2021-10-19 06:49:01,38350.0,1300.0,6145500.0
1047,2021-10-19 06:49:01,38350.0,200.0,6144200.0
1048,2021-10-19 06:49:01,38350.0,1100.0,6144000.0
1049,2021-10-19 06:49:01,38350.0,2900.0,6142900.0
1050,2021-10-19 06:48:54,38350.0,200.0,6140000.0
1051,2021-10-19 06:48:53,38400.0,500.0,6139800.0
1052,2021-10-19 06:48:48,38350.0,3200.0,6139300.0
1053,2021-10-19 06:48:35,38350.0,2700.0,6136100.0
1054,2021-10-19 06:48:35,38400.0,500.0,6133400.0
1055,2021-10-19 06:48:23,38350.0,1000.0,6132900.0
1056,2021-10-19 06:48:23,38350.0,100.0,6131900.0
1057,2021-10-19 06:48:23,38350.0,200.0,6131800.0
1058,2021-10-19 06:48:23,38400.0,8700.0,6131600.0
1059,2021-10-19 06:48:13,38400.0,500.0,6122900.0
1060,2021-10-19 06:48:13,38400.0,800.0,6122400.0
1061,2021-10-19 06:48:12,38400.0,200.0,6121600.0
1062,2021-10-19 06:48:12,38400.0,300.0,6121400.0
1063,2021-10-19 06:48:08,38350.0,1800.0,6121100.0
1064,2021-10-19 06:48:08,38350.0,100.0,6119300.0
1065,2021-10-19 06:47:59,38350.0,900.0,6119200.0
1066,2021-10-19 06:47:59,38350.0,100.0,6118300.0
1067,2021-10-19 06:47:56,38350.0,200.0,6118200.0
1068,2021-10-19 06:47:56,38350.0,300.0,6118000.0
1069,2021-10-19 06:47:56,38350.0,100.0,6117700.0
1070,2021-10-19 06:47:56,38350.0,300.0,6117600.0
1071,2021-10-19 06:47:56,38350.0,100.0,6117300.0
1072,2021-10-19 06:47:56,38350.0,200.0,6117200.0
1073,2021-10-19 06:47:56,38350.0,200.0,6117000.0
1074,2021-10-19 06:47:56,38350.0,1000.0,6116800.0
1075,2021-10-19 06:47:56,38350.0,200.0,6115800.0
1076,2021-10-19 06:47:54,38350.0,300.0,6115600.0
1077,2021-10-19 06:47:54,38350.0,400.0,6115300.0
1078,2021-10-19 06:47:54,38350.0,100.0,6114900.0
1079,2021-10-19 06:47:54,38350.0,200.0,6114800.0
1080,2021-10-19 06:47:54,38350.0,100.0,6114600.0
1081,2021-10-19 06:47:54,38350.0,900.0,6114500.0
1082,2021-10-19 06:47:50,38350.0,7400.0,6113600.0
1083,2021-10-19 06:47:40,38350.0,1700.0,6106200.0
1084,2021-10-19 06:47:40,38350.0,100.0,6104500.0
1085,2021-10-19 06:47:40,38350.0,1000.0,6104400.0
1086,2021-10-19 06:47:32,38350.0,1000.0,6103400.0
1087,2021-10-19 06:47:22,38350.0,2600.0,6102400.0
1088,2021-10-19 06:47:07,38350.0,500.0,6099800.0
1089,2021-10-19 06:47:06,38350.0,1900.0,6099300.0
1090,2021-10-19 06:46:44,38350.0,3000.0,6097400.0
1091,2021-10-19 06:46:44,38350.0,1000.0,6094400.0
1092,2021-10-19 06:46:44,38350.0,100.0,6093400.0
1093,2021-10-19 06:46:44,38350.0,1000.0,6093300.0
1094,2021-10-19 06:46:44,38350.0,1500.0,6092300.0
1095,2021-10-19 06:46:44,38350.0,100.0,6090800.0
1096,2021-10-19 06:46:44,38350.0,700.0,6090700.0
1097,2021-10-19 06:46:43,38350.0,1100.0,6090000.0
1098,2021-10-19 06:46:43,38350.0,1000.0,6088900.0
1099,2021-10-19 06:46:43,38350.0,400.0,6087900.0
1100,2021-10-19 06:46:43,38350.0,100.0,6087500.0
1101,2021-10-19 06:46:43,38350.0,200.0,6087400.0
1102,2021-10-19 06:46:43,38350.0,200.0,6087200.0
1103,2021-10-19 06:46:43,38350.0,200.0,6087000.0
1104,2021-10-19 06:46:43,38350.0,900.0,6086800.0
1105,2021-10-19 06:46:33,38350.0,2800.0,6085900.0
1106,2021-10-19 06:46:33,38400.0,4600.0,6083100.0
1107,2021-10-19 06:46:31,38400.0,100.0,6078500.0
1108,2021-10-19 06:46:27,38400.0,2900.0,6078400.0
1109,2021-10-19 06:46:23,38400.0,7400.0,6075500.0
1110,2021-10-19 06:46:21,38400.0,2500.0,6068100.0
1111,2021-10-19 06:46:21,38400.0,2500.0,6065600.0
1112,2021-10-19 06:46:13,38350.0,7400.0,6063100.0
1113,2021-10-19 06:46:08,38350.0,3200.0,6055700.0
1114,2021-10-19 06:46:04,38400.0,100.0,6052500.0
1115,2021-10-19 06:46:02,38350.0,7400.0,6052400.0
1116,2021-10-19 06:45:51,38400.0,200.0,6045000.0
1117,2021-10-19 06:45:51,38400.0,2200.0,6044800.0
1118,2021-10-19 06:45:51,38400.0,7600.0,6042600.0
1119,2021-10-19 06:45:47,38350.0,2800.0,6035000.0
1120,2021-10-19 06:45:07,38400.0,2500.0,6032200.0
1121,2021-10-19 06:45:07,38400.0,7000.0,6029700.0
1122,2021-10-19 06:45:07,38400.0,2900.0,6022700.0
1123,2021-10-19 06:44:56,38400.0,200.0,6019800.0
1124,2021-10-19 06:44:51,38400.0,200.0,6019600.0
1125,2021-10-19 06:44:51,38400.0,100.0,6019400.0
1126,2021-10-19 06:44:51,38400.0,400.0,6019300.0
1127,2021-10-19 06:44:51,38400.0,500.0,6018900.0
1128,2021-10-19 06:44:51,38400.0,100.0,6018400.0
1129,2021-10-19 06:44:51,38400.0,300.0,6018300.0
1130,2021-10-19 06:44:51,38400.0,400.0,6018000.0
1131,2021-10-19 06:44:49,38400.0,500.0,6017600.0
1132,2021-10-19 06:44:49,38400.0,1000.0,6017100.0
1133,2021-10-19 06:44:49,38400.0,1000.0,6016100.0
1134,2021-10-19 06:44:49,38400.0,400.0,6015100.0
1135,2021-10-19 06:44:44,38400.0,9600.0,6014700.0
1136,2021-10-19 06:44:44,38400.0,100.0,6005100.0
1137,2021-10-19 06:44:44,38400.0,300.0,6005000.0
1138,2021-10-19 06:44:29,38400.0,1000.0,6004700.0
1139,2021-10-19 06:44:29,38400.0,200.0,6003700.0
1140,2021-10-19 06:44:29,38400.0,800.0,6003500.0
1141,2021-10-19 06:44:29,38400.0,300.0,6002700.0
1142,2021-10-19 06:44:29,38400.0,100.0,6002400.0
1143,2021-10-19 06:44:29,38400.0,100.0,6002300.0
1144,2021-10-19 06:44:20,38400.0,300.0,6002200.0
1145,2021-10-19 06:44:19,38400.0,1900.0,6001900.0
1146,2021-10-19 06:44:12,38400.0,700.0,6000000.0
1147,2021-10-19 06:44:12,38400.0,1000.0,5999300.0
1148,2021-10-19 06:44:12,38400.0,1200.0,5998300.0
1149,2021-10-19 06:43:55,38400.0,1800.0,5997100.0
1150,2021-10-19 06:43:55,38400.0,200.0,5995300.0
1151,2021-10-19 06:43:53,38400.0,300.0,5995100.0
1152,2021-10-19 06:43:53,38400.0,1000.0,5994800.0
1153,2021-10-19 06:43:53,38400.0,500.0,5993800.0
1154,2021-10-19 06:43:53,38400.0,100.0,5993300.0
1155,2021-10-19 06:43:53,38400.0,100.0,5993200.0
1156,2021-10-19 06:43:53,38400.0,100.0,5993100.0
1157,2021-10-19 06:43:53,38400.0,800.0,5993000.0
1158,2021-10-19 06:43:34,38400.0,9100.0,5992200.0
1159,2021-10-19 06:43:31,38400.0,2900.0,5983100.0
1160,2021-10-19 06:43:31,38400.0,500.0,5980200.0
1161,2021-10-19 06:43:25,38400.0,700.0,5979700.0
1162,2021-10-19 06:43:12,38450.0,100.0,5979000.0
1163,2021-10-19 06:42:07,38450.0,100.0,5978900.0
1164,2021-10-19 06:41:50,38450.0,2300.0,5978800.0
1165,2021-10-19 06:41:15,38450.0,100.0,5976500.0
1166,2021-10-19 06:41:15,38450.0,200.0,5976400.0
1167,2021-10-19 06:41:15,38450.0,300.0,5976200.0
1168,2021-10-19 06:41:15,38450.0,100.0,5975900.0
1169,2021-10-19 06:40:45,38450.0,1000.0,5975800.0
1170,2021-10-19 06:40:14,38450.0,300.0,5974800.0
1171,2021-10-19 06:40:08,38450.0,1600.0,5974500.0
1172,2021-10-19 06:39:51,38450.0,600.0,5972900.0
1173,2021-10-19 06:39:38,38450.0,800.0,5972300.0
1174,2021-10-19 06:39:38,38450.0,100.0,5971500.0
1175,2021-10-19 06:39:32,38450.0,100.0,5971400.0
1176,2021-10-19 06:39:13,38450.0,500.0,5971300.0
1177,2021-10-19 06:38:59,38450.0,500.0,5970800.0
1178,2021-10-19 06:38:54,38450.0,1000.0,5970300.0
1179,2021-10-19 06:38:44,38500.0,400.0,5969300.0
1180,2021-10-19 06:38:44,38500.0,100.0,5968900.0
1181,2021-10-19 06:38:44,38500.0,800.0,5968800.0
1182,2021-10-19 06:38:44,38500.0,2000.0,5968000.0
1183,2021-10-19 06:38:44,38500.0,16700.0,5966000.0
1184,2021-10-19 06:38:31,38400.0,3500.0,5949300.0
1185,2021-10-19 06:38:28,38400.0,23900.0,5945800.0
1186,2021-10-19 06:38:28,38450.0,1100.0,5921900.0
1187,2021-10-19 06:38:24,38450.0,900.0,5920800.0
1188,2021-10-19 06:38:24,38450.0,1100.0,5919900.0
1189,2021-10-19 06:38:03,38450.0,200.0,5918800.0
1190,2021-10-19 06:38:03,38450.0,3000.0,5918600.0
1191,2021-10-19 06:38:03,38450.0,100.0,5915600.0
1192,2021-10-19 06:38:03,38450.0,600.0,5915500.0
1193,2021-10-19 06:37:35,38450.0,1000.0,5914900.0
1194,2021-10-19 06:37:35,38450.0,3400.0,5913900.0
1195,2021-10-19 06:37:27,38450.0,3000.0,5910500.0
1196,2021-10-19 06:37:26,38450.0,2000.0,5907500.0
1197,2021-10-19 06:37:25,38450.0,1600.0,5905500.0
1198,2021-10-19 06:36:56,38450.0,500.0,5903900.0
1199,2021-10-19 06:36:50,38450.0,500.0,5903400.0
1200,2021-10-19 06:36:46,38450.0,100.0,5902900.0
1201,2021-10-19 06:36:37,38450.0,200.0,5902800.0
1202,2021-10-19 06:36:27,38500.0,9900.0,5902600.0
1203,2021-10-19 06:36:27,38450.0,100.0,5892700.0
1204,2021-10-19 06:36:16,38450.0,100.0,5892600.0
1205,2021-10-19 06:36:04,38450.0,300.0,5892500.0
1206,2021-10-19 06:36:04,38450.0,100.0,5892200.0
1207,2021-10-19 06:36:04,38450.0,200.0,5892100.0
1208,2021-10-19 06:36:04,38450.0,200.0,5891900.0
1209,2021-10-19 06:35:59,38450.0,800.0,5891700.0
1210,2021-10-19 06:35:59,38450.0,200.0,5890900.0
1211,2021-10-19 06:35:54,38450.0,300.0,5890700.0
1212,2021-10-19 06:35:52,38450.0,8500.0,5890400.0
1213,2021-10-19 06:35:52,38450.0,1500.0,5881900.0
1214,2021-10-19 06:35:25,38450.0,4300.0,5880400.0
1215,2021-10-19 06:35:07,38450.0,100.0,5876100.0
1216,2021-10-19 06:34:55,38500.0,3400.0,5876000.0
1217,2021-10-19 06:34:55,38500.0,1000.0,5872600.0
1218,2021-10-19 06:34:55,38500.0,600.0,5871600.0
1219,2021-10-19 06:34:55,38500.0,3500.0,5871000.0
1220,2021-10-19 06:34:55,38500.0,1000.0,5867500.0
1221,2021-10-19 06:34:55,38500.0,200.0,5866500.0
1222,2021-10-19 06:34:55,38500.0,1000.0,5866300.0
1223,2021-10-19 06:34:55,38500.0,1000.0,5865300.0
1224,2021-10-19 06:34:55,38500.0,200.0,5864300.0
1225,2021-10-19 06:34:55,38500.0,200.0,5864100.0
1226,2021-10-19 06:34:55,38500.0,200.0,5863900.0
1227,2021-10-19 06:34:55,38500.0,100.0,5863700.0
1228,2021-10-19 06:34:55,38500.0,200.0,5863600.0
1229,2021-10-19 06:34:55,38500.0,100.0,5863400.0
1230,2021-10-19 06:34:55,38500.0,500.0,5863300.0
1231,2021-10-19 06:34:55,38500.0,200.0,5862800.0
1232,2021-10-19 06:34:55,38500.0,1500.0,5862600.0
1233,2021-10-19 06:34:55,38500.0,100.0,5861100.0
1234,2021-10-19 06:34:55,38500.0,100.0,5861000.0
1235,2021-10-19 06:34:55,38500.0,300.0,5860900.0
1236,2021-10-19 06:34:55,38500.0,1000.0,5860600.0
1237,2021-10-19 06:34:55,38500.0,5000.0,5859600.0
1238,2021-10-19 06:34:55,38500.0,100.0,5854600.0
1239,2021-10-19 06:34:55,38500.0,100.0,5854500.0
1240,2021-10-19 06:34:45,38450.0,1000.0,5854400.0
1241,2021-10-19 06:34:36,38450.0,3100.0,5853400.0
1242,2021-10-19 06:34:36,38450.0,100.0,5850300.0
1243,2021-10-19 06:34:30,38500.0,200.0,5850200.0
1244,2021-10-19 06:34:30,38500.0,300.0,5850000.0
1245,2021-10-19 06:34:12,38500.0,5000.0,5849700.0
1246,2021-10-19 06:34:12,38450.0,300.0,5844700.0
1247,2021-10-19 06:34:12,38450.0,2100.0,5844400.0
1248,2021-10-19 06:34:11,38450.0,2000.0,5842300.0
1249,2021-10-19 06:34:11,38450.0,400.0,5840300.0
1250,2021-10-19 06:33:54,38450.0,300.0,5839900.0
1251,2021-10-19 06:33:50,38450.0,300.0,5839600.0
1252,2021-10-19 06:33:48,38450.0,300.0,5839300.0
1253,2021-10-19 06:33:28,38500.0,3000.0,5839000.0
1254,2021-10-19 06:33:18,38450.0,500.0,5836000.0
1255,2021-10-19 06:32:27,38500.0,1700.0,5835500.0
1256,2021-10-19 06:32:27,38500.0,500.0,5833800.0
1257,2021-10-19 06:32:27,38500.0,500.0,5833300.0
1258,2021-10-19 06:32:27,38500.0,10000.0,5832800.0
1259,2021-10-19 06:32:27,38500.0,300.0,5822800.0
1260,2021-10-19 06:32:23,38450.0,500.0,5822500.0
1261,2021-10-19 06:32:05,38450.0,1000.0,5822000.0
1262,2021-10-19 06:31:46,38450.0,500.0,5821000.0
1263,2021-10-19 06:31:42,38450.0,5000.0,5820500.0
1264,2021-10-19 06:30:47,38450.0,5000.0,5815500.0
1265,2021-10-19 06:30:32,38500.0,200.0,5810500.0
1266,2021-10-19 06:30:32,38500.0,500.0,5810300.0
1267,2021-10-19 06:30:32,38500.0,5000.0,5809800.0
1268,2021-10-19 06:30:32,38500.0,2000.0,5804800.0
1269,2021-10-19 06:30:32,38500.0,100.0,5802800.0
1270,2021-10-19 06:30:32,38500.0,13800.0,5802700.0
1271,2021-10-19 06:30:13,38500.0,300.0,5788900.0
1272,2021-10-19 06:30:04,38500.0,2500.0,5788600.0
1273,2021-10-19 06:30:04,38500.0,700.0,5786100.0
1274,2021-10-19 06:30:04,38500.0,2000.0,5785400.0
1275,2021-10-19 06:30:04,38500.0,400.0,5783400.0
1276,2021-10-19 06:30:04,38500.0,1000.0,5783000.0
1277,2021-10-19 06:30:04,38500.0,5000.0,5782000.0
1278,2021-10-19 06:30:04,38500.0,10000.0,5777000.0
1279,2021-10-19 06:29:48,38450.0,1900.0,5767000.0
1280,2021-10-19 06:29:45,38450.0,400.0,5765100.0
1281,2021-10-19 06:29:45,38450.0,1000.0,5764700.0
1282,2021-10-19 06:29:45,38450.0,300.0,5763700.0
1283,2021-10-19 06:29:45,38450.0,300.0,5763400.0
1284,2021-10-19 06:29:45,38450.0,200.0,5763100.0
1285,2021-10-19 06:29:45,38450.0,500.0,5762900.0
1286,2021-10-19 06:29:45,38450.0,5000.0,5762400.0
1287,2021-10-19 06:29:45,38450.0,300.0,5757400.0
1288,2021-10-19 06:29:45,38450.0,2000.0,5757100.0
1289,2021-10-19 06:29:45,38450.0,200.0,5755100.0
1290,2021-10-19 06:29:37,38450.0,15800.0,5754900.0
1291,2021-10-19 06:29:37,38450.0,500.0,5739100.0
1292,2021-10-19 06:29:37,38450.0,500.0,5738600.0
1293,2021-10-19 06:29:37,38450.0,4000.0,5738100.0
1294,2021-10-19 06:29:37,38450.0,800.0,5734100.0
1295,2021-10-19 06:29:34,38400.0,300.0,5733300.0
1296,2021-10-19 06:29:17,38400.0,300.0,5733000.0
1297,2021-10-19 06:29:17,38400.0,400.0,5732700.0
1298,2021-10-19 06:29:16,38450.0,1000.0,5732300.0
1299,2021-10-19 06:29:14,38400.0,300.0,5731300.0
1300,2021-10-19 06:29:12,38400.0,7300.0,5731000.0
1301,2021-10-19 06:29:12,38400.0,100.0,5723700.0
1302,2021-10-19 06:29:12,38400.0,4600.0,5723600.0
1303,2021-10-19 06:29:10,38400.0,15000.0,5719000.0
1304,2021-10-19 06:29:10,38450.0,100.0,5704000.0
1305,2021-10-19 06:29:01,38450.0,100.0,5703900.0
1306,2021-10-19 06:29:01,38450.0,1000.0,5703800.0
1307,2021-10-19 06:29:01,38450.0,3000.0,5702800.0
1308,2021-10-19 06:29:01,38450.0,10000.0,5699800.0
1309,2021-10-19 06:29:01,38450.0,7500.0,5689800.0
1310,2021-10-19 06:28:58,38400.0,200.0,5682300.0
1311,2021-10-19 06:28:28,38400.0,200.0,5682100.0
1312,2021-10-19 06:28:07,38400.0,100.0,5681900.0
1313,2021-10-19 06:28:07,38400.0,100.0,5681800.0
1314,2021-10-19 06:28:07,38400.0,100.0,5681700.0
1315,2021-10-19 06:28:07,38400.0,100.0,5681600.0
1316,2021-10-19 06:27:56,38450.0,2500.0,5681500.0
1317,2021-10-19 06:27:56,38450.0,200.0,5679000.0
1318,2021-10-19 06:27:56,38450.0,100.0,5678800.0
1319,2021-10-19 06:27:56,38450.0,200.0,5678700.0
1320,2021-10-19 06:27:53,38400.0,300.0,5678500.0
1321,2021-10-19 06:27:51,38400.0,200.0,5678200.0
1322,2021-10-19 06:27:51,38400.0,4000.0,5678000.0
1323,2021-10-19 06:27:51,38400.0,100.0,5674000.0
1324,2021-10-19 06:27:51,38400.0,100.0,5673900.0
1325,2021-10-19 06:27:51,38400.0,500.0,5673800.0
1326,2021-10-19 06:27:51,38400.0,100.0,5673300.0
1327,2021-10-19 06:27:50,38400.0,400.0,5673200.0
1328,2021-10-19 06:27:50,38400.0,1000.0,5672800.0
1329,2021-10-19 06:27:50,38400.0,100.0,5671800.0
1330,2021-10-19 06:27:50,38400.0,2000.0,5671700.0
1331,2021-10-19 06:27:50,38400.0,6200.0,5669700.0
1332,2021-10-19 06:27:43,38400.0,500.0,5663500.0
1333,2021-10-19 06:27:40,38400.0,15000.0,5663000.0
1334,2021-10-19 06:27:34,38400.0,2000.0,5648000.0
1335,2021-10-19 06:27:10,38400.0,500.0,5646000.0
1336,2021-10-19 06:27:08,38400.0,100.0,5645500.0
1337,2021-10-19 06:26:36,38400.0,20000.0,5645400.0
1338,2021-10-19 06:26:28,38400.0,5700.0,5625400.0
1339,2021-10-19 06:26:28,38400.0,12600.0,5619700.0
1340,2021-10-19 06:26:28,38400.0,100.0,5607100.0
1341,2021-10-19 06:26:28,38400.0,1000.0,5607000.0
1342,2021-10-19 06:26:28,38400.0,600.0,5606000.0
1343,2021-10-19 06:26:25,38450.0,4000.0,5605400.0
1344,2021-10-19 06:26:20,38400.0,400.0,5601400.0
1345,2021-10-19 06:26:20,38400.0,100.0,5601000.0
1346,2021-10-19 06:26:20,38400.0,400.0,5600900.0
1347,2021-10-19 06:26:20,38400.0,1000.0,5600500.0
1348,2021-10-19 06:26:20,38400.0,2000.0,5599500.0
1349,2021-10-19 06:26:20,38400.0,4000.0,5597500.0
1350,2021-10-19 06:26:20,38400.0,500.0,5593500.0
1351,2021-10-19 06:26:20,38400.0,100.0,5593000.0
1352,2021-10-19 06:26:20,38400.0,5000.0,5592900.0
1353,2021-10-19 06:26:20,38400.0,500.0,5587900.0
1354,2021-10-19 06:26:20,38400.0,4000.0,5587400.0
1355,2021-10-19 06:26:20,38400.0,2000.0,5583400.0
1356,2021-10-19 06:26:09,38450.0,5000.0,5581400.0
1357,2021-10-19 06:26:00,38400.0,800.0,5576400.0
1358,2021-10-19 06:26:00,38400.0,2200.0,5575600.0
1359,2021-10-19 06:25:40,38400.0,500.0,5573400.0
1360,2021-10-19 06:25:33,38400.0,1300.0,5572900.0
1361,2021-10-19 06:25:33,38400.0,700.0,5571600.0
1362,2021-10-19 06:25:26,38400.0,400.0,5570900.0
1363,2021-10-19 06:25:13,38400.0,200.0,5570500.0
1364,2021-10-19 06:25:08,38400.0,3000.0,5570300.0
1365,2021-10-19 06:24:42,38400.0,2900.0,5567300.0
1366,2021-10-19 06:24:37,38400.0,2000.0,5564400.0
1367,2021-10-19 06:24:08,38400.0,600.0,5562400.0
1368,2021-10-19 06:23:58,38400.0,200.0,5561800.0
1369,2021-10-19 06:23:58,38400.0,400.0,5561600.0
1370,2021-10-19 06:23:56,38400.0,200.0,5561200.0
1371,2021-10-19 06:23:35,38400.0,100.0,5561000.0
1372,2021-10-19 06:23:27,38400.0,300.0,5560900.0
1373,2021-10-19 06:23:25,38400.0,300.0,5560600.0
1374,2021-10-19 06:23:25,38400.0,300.0,5560300.0
1375,2021-10-19 06:23:22,38400.0,400.0,5560000.0
1376,2021-10-19 06:23:21,38400.0,300.0,5559600.0
1377,2021-10-19 06:23:19,38400.0,300.0,5559300.0
1378,2021-10-19 06:23:18,38400.0,400.0,5559000.0
1379,2021-10-19 06:23:17,38400.0,300.0,5558600.0
1380,2021-10-19 06:23:16,38400.0,900.0,5558300.0
1381,2021-10-19 06:23:16,38400.0,100.0,5557400.0
1382,2021-10-19 06:23:02,38400.0,300.0,5557300.0
1383,2021-10-19 06:23:01,38400.0,1000.0,5557000.0
1384,2021-10-19 06:22:57,38400.0,1000.0,5556000.0
1385,2021-10-19 06:22:42,38400.0,200.0,5555000.0
1386,2021-10-19 06:22:37,38400.0,1000.0,5554800.0
1387,2021-10-19 06:22:34,38400.0,2000.0,5553800.0
1388,2021-10-19 06:22:21,38400.0,2300.0,5551800.0
1389,2021-10-19 06:22:18,38400.0,400.0,5549500.0
1390,2021-10-19 06:22:18,38400.0,1000.0,5549100.0
1391,2021-10-19 06:22:18,38400.0,100.0,5548100.0
1392,2021-10-19 06:22:18,38400.0,400.0,5548000.0
1393,2021-10-19 06:22:18,38400.0,2000.0,5547600.0
1394,2021-10-19 06:22:18,38400.0,3900.0,5545600.0
1395,2021-10-19 06:22:17,38400.0,5000.0,5541700.0
1396,2021-10-19 06:21:58,38400.0,500.0,5536700.0
1397,2021-10-19 06:21:57,38350.0,700.0,5536200.0
1398,2021-10-19 06:21:56,38350.0,24600.0,5535500.0
1399,2021-10-19 06:21:56,38350.0,100.0,5510900.0
1400,2021-10-19 06:21:56,38350.0,300.0,5510800.0
1401,2021-10-19 06:21:48,38350.0,1700.0,5510500.0
1402,2021-10-19 06:21:48,38350.0,1000.0,5508800.0
1403,2021-10-19 06:21:48,38350.0,10000.0,5507800.0
1404,2021-10-19 06:21:48,38350.0,300.0,5497800.0
1405,2021-10-19 06:21:24,38400.0,600.0,5497500.0
1406,2021-10-19 06:21:24,38400.0,700.0,5496900.0
1407,2021-10-19 06:21:11,38400.0,100.0,5496200.0
1408,2021-10-19 06:21:10,38400.0,2500.0,5496100.0
1409,2021-10-19 06:20:37,38400.0,100.0,5493600.0
1410,2021-10-19 06:20:36,38350.0,500.0,5493500.0
1411,2021-10-19 06:20:33,38400.0,2000.0,5493000.0
1412,2021-10-19 06:20:16,38400.0,300.0,5491000.0
1413,2021-10-19 06:20:00,38400.0,1200.0,5490700.0
1414,2021-10-19 06:20:00,38400.0,300.0,5489500.0
1415,2021-10-19 06:20:00,38400.0,3500.0,5489200.0
1416,2021-10-19 06:19:58,38400.0,1200.0,5485700.0
1417,2021-10-19 06:19:47,38400.0,5300.0,5484500.0
1418,2021-10-19 06:19:47,38400.0,200.0,5479200.0
1419,2021-10-19 06:19:47,38400.0,4500.0,5479000.0
1420,2021-10-19 06:19:44,38400.0,500.0,5474500.0
1421,2021-10-19 06:19:40,38400.0,100.0,5474000.0
1422,2021-10-19 06:19:39,38400.0,4900.0,5473900.0
1423,2021-10-19 06:19:24,38400.0,1000.0,5469000.0
1424,2021-10-19 06:19:20,38400.0,10000.0,5468000.0
1425,2021-10-19 06:19:04,38400.0,1000.0,5458000.0
1426,2021-10-19 06:18:45,38350.0,1000.0,5457000.0
1427,2021-10-19 06:18:45,38350.0,200.0,5456000.0
1428,2021-10-19 06:18:45,38350.0,1600.0,5455800.0
1429,2021-10-19 06:18:45,38350.0,400.0,5454200.0
1430,2021-10-19 06:18:41,38350.0,7800.0,5453800.0
1431,2021-10-19 06:18:29,38400.0,1000.0,5446000.0
1432,2021-10-19 06:18:26,38350.0,1800.0,5445000.0
1433,2021-10-19 06:18:23,38350.0,100.0,5443200.0
1434,2021-10-19 06:18:19,38350.0,200.0,5443100.0
1435,2021-10-19 06:18:19,38350.0,3300.0,5442900.0
1436,2021-10-19 06:18:19,38350.0,100.0,5439600.0
1437,2021-10-19 06:18:19,38350.0,2000.0,5439500.0
1438,2021-10-19 06:18:19,38350.0,10000.0,5437500.0
1439,2021-10-19 06:18:19,38350.0,100.0,5427500.0
1440,2021-10-19 06:18:19,38350.0,600.0,5427400.0
1441,2021-10-19 06:18:19,38350.0,300.0,5426800.0
1442,2021-10-19 06:18:19,38350.0,8000.0,5426500.0
1443,2021-10-19 06:18:19,38350.0,100.0,5418500.0
1444,2021-10-19 06:18:19,38350.0,100.0,5418400.0
1445,2021-10-19 06:18:19,38350.0,200.0,5418300.0
1446,2021-10-19 06:18:19,38350.0,2000.0,5418100.0
1447,2021-10-19 06:18:19,38350.0,600.0,5416100.0
1448,2021-10-19 06:18:19,38350.0,100.0,5415500.0
1449,2021-10-19 06:18:19,38350.0,2300.0,5415400.0
1450,2021-10-19 06:18:19,38350.0,10000.0,5413100.0
1451,2021-10-19 06:17:35,38400.0,1000.0,5403100.0
1452,2021-10-19 06:17:32,38400.0,500.0,5402100.0
1453,2021-10-19 06:17:12,38400.0,300.0,5401600.0
1454,2021-10-19 06:16:04,38400.0,100.0,5401300.0
1455,2021-10-19 06:16:04,38400.0,1000.0,5401200.0
1456,2021-10-19 06:16:04,38400.0,10000.0,5400200.0
1457,2021-10-19 06:16:04,38400.0,500.0,5390200.0
1458,2021-10-19 06:16:04,38400.0,500.0,5389700.0
1459,2021-10-19 06:16:04,38400.0,1000.0,5389200.0
1460,2021-10-19 06:16:04,38400.0,3000.0,5388200.0
1461,2021-10-19 06:16:04,38400.0,300.0,5385200.0
1462,2021-10-19 06:16:04,38400.0,100.0,5384900.0
1463,2021-10-19 06:16:04,38400.0,2000.0,5384800.0
1464,2021-10-19 06:16:04,38400.0,700.0,5382800.0
1465,2021-10-19 06:16:04,38400.0,100.0,5382100.0
1466,2021-10-19 06:16:04,38400.0,1800.0,5382000.0
1467,2021-10-19 06:16:04,38400.0,200.0,5380200.0
1468,2021-10-19 06:16:04,38400.0,5000.0,5380000.0
1469,2021-10-19 06:16:04,38400.0,200.0,5375000.0
1470,2021-10-19 06:16:04,38400.0,2000.0,5374800.0
1471,2021-10-19 06:16:04,38400.0,2000.0,5372800.0
1472,2021-10-19 06:16:04,38400.0,200.0,5370800.0
1473,2021-10-19 06:16:04,38400.0,100.0,5370600.0
1474,2021-10-19 06:16:04,38400.0,2000.0,5370500.0
1475,2021-10-19 06:16:04,38400.0,100.0,5368500.0
1476,2021-10-19 06:16:04,38400.0,100.0,5368400.0
1477,2021-10-19 06:16:04,38400.0,100.0,5368300.0
1478,2021-10-19 06:16:04,38400.0,500.0,5368200.0
1479,2021-10-19 06:16:04,38400.0,500.0,5367700.0
1480,2021-10-19 06:16:04,38400.0,100.0,5367200.0
1481,2021-10-19 06:16:04,38400.0,500.0,5367100.0
1482,2021-10-19 06:16:04,38400.0,500.0,5366600.0
1483,2021-10-19 06:16:04,38400.0,1000.0,5366100.0
1484,2021-10-19 06:16:04,38400.0,1000.0,5365100.0
1485,2021-10-19 06:16:04,38400.0,300.0,5364100.0
1486,2021-10-19 06:16:04,38400.0,400.0,5363800.0
1487,2021-10-19 06:16:04,38400.0,300.0,5363400.0
1488,2021-10-19 06:16:04,38400.0,500.0,5363100.0
1489,2021-10-19 06:16:04,38400.0,300.0,5362600.0
1490,2021-10-19 06:16:04,38400.0,4800.0,5362300.0
1491,2021-10-19 06:16:04,38400.0,300.0,5357500.0
1492,2021-10-19 06:16:04,38400.0,1000.0,5357200.0
1493,2021-10-19 06:16:04,38400.0,100.0,5356200.0
1494,2021-10-19 06:16:04,38400.0,300.0,5356100.0
1495,2021-10-19 06:16:04,38400.0,300.0,5355800.0
1496,2021-10-19 06:16:04,38400.0,900.0,5355500.0
1497,2021-10-19 06:16:04,38400.0,1500.0,5354600.0
1498,2021-10-19 06:16:04,38400.0,1900.0,5353100.0
1499,2021-10-19 06:16:04,38400.0,1000.0,5351200.0
1500,2021-10-19 06:16:04,38400.0,100.0,5350200.0
1501,2021-10-19 06:16:04,38400.0,1000.0,5350100.0
1502,2021-10-19 06:16:04,38400.0,700.0,5349100.0
1503,2021-10-19 06:16:04,38400.0,100.0,5348400.0
1504,2021-10-19 06:16:04,38400.0,6300.0,5348300.0
1505,2021-10-19 06:15:42,38400.0,300.0,5342000.0
1506,2021-10-19 06:15:18,38400.0,1900.0,5341700.0
1507,2021-10-19 06:15:17,38400.0,15000.0,5339800.0
1508,2021-10-19 06:15:10,38400.0,2500.0,5324800.0
1509,2021-10-19 06:15:10,38400.0,12000.0,5322300.0
1510,2021-10-19 06:15:10,38400.0,500.0,5310300.0
1511,2021-10-19 06:15:01,38450.0,100.0,5309800.0
1512,2021-10-19 06:14:56,38400.0,300.0,5309700.0
1513,2021-10-19 06:14:44,38400.0,500.0,5309400.0
1514,2021-10-19 06:14:42,38400.0,500.0,5308900.0
1515,2021-10-19 06:14:42,38400.0,300.0,5308400.0
1516,2021-10-19 06:14:42,38400.0,2100.0,5308100.0
1517,2021-10-19 06:14:41,38400.0,700.0,5306000.0
1518,2021-10-19 06:14:39,38450.0,700.0,5305300.0
1519,2021-10-19 06:14:38,38450.0,700.0,5304600.0
1520,2021-10-19 06:14:36,38450.0,2300.0,5303900.0
1521,2021-10-19 06:14:36,38450.0,700.0,5301600.0
1522,2021-10-19 06:14:33,38450.0,700.0,5300900.0
1523,2021-10-19 06:14:30,38450.0,700.0,5300200.0
1524,2021-10-19 06:14:27,38450.0,700.0,5299500.0
1525,2021-10-19 06:14:24,38450.0,3200.0,5298800.0
1526,2021-10-19 06:14:24,38450.0,700.0,5295600.0
1527,2021-10-19 06:14:21,38450.0,700.0,5294900.0
1528,2021-10-19 06:14:18,38450.0,700.0,5294200.0
1529,2021-10-19 06:14:17,38450.0,2500.0,5293500.0
1530,2021-10-19 06:14:15,38450.0,700.0,5291000.0
1531,2021-10-19 06:14:12,38450.0,700.0,5290300.0
1532,2021-10-19 06:14:11,38500.0,200.0,5289600.0
1533,2021-10-19 06:14:10,38500.0,100.0,5289400.0
1534,2021-10-19 06:14:09,38450.0,700.0,5289300.0
1535,2021-10-19 06:14:09,38450.0,300.0,5288600.0
1536,2021-10-19 06:14:08,38500.0,100.0,5288300.0
1537,2021-10-19 06:14:04,38450.0,700.0,5288200.0
1538,2021-10-19 06:14:00,38450.0,700.0,5287500.0
1539,2021-10-19 06:13:59,38450.0,1900.0,5286800.0
1540,2021-10-19 06:13:59,38450.0,200.0,5284900.0
1541,2021-10-19 06:13:59,38450.0,200.0,5284700.0
1542,2021-10-19 06:13:59,38450.0,1000.0,5284500.0
1543,2021-10-19 06:13:59,38450.0,200.0,5283500.0
1544,2021-10-19 06:13:59,38450.0,11500.0,5283300.0
1545,2021-10-19 06:13:57,38450.0,3200.0,5271800.0
1546,2021-10-19 06:13:55,38450.0,500.0,5268600.0
1547,2021-10-19 06:13:41,38450.0,300.0,5268100.0
1548,2021-10-19 06:13:35,38500.0,5000.0,5267800.0
1549,2021-10-19 06:13:21,38500.0,11000.0,5262800.0
1550,2021-10-19 06:13:01,38500.0,400.0,5251800.0
1551,2021-10-19 06:13:01,38500.0,11200.0,5251400.0
1552,2021-10-19 06:12:56,38500.0,5000.0,5240200.0
1553,2021-10-19 06:12:56,38500.0,200.0,5235200.0
1554,2021-10-19 06:12:55,38500.0,1000.0,5235000.0
1555,2021-10-19 06:12:54,38500.0,30000.0,5234000.0
1556,2021-10-19 06:12:51,38500.0,2000.0,5204000.0
1557,2021-10-19 06:12:49,38500.0,100.0,5202000.0
1558,2021-10-19 06:12:46,38500.0,30000.0,5201900.0
1559,2021-10-19 06:12:44,38500.0,2000.0,5171900.0
1560,2021-10-19 06:12:38,38500.0,18500.0,5169900.0
1561,2021-10-19 06:12:38,38500.0,200.0,5151400.0
1562,2021-10-19 06:12:38,38500.0,200.0,5151200.0
1563,2021-10-19 06:12:38,38500.0,1100.0,5151000.0
1564,2021-10-19 06:12:37,38500.0,300.0,5149900.0
1565,2021-10-19 06:12:19,38500.0,2000.0,5149600.0
1566,2021-10-19 06:12:14,38500.0,300.0,5147600.0
1567,2021-10-19 06:12:14,38500.0,300.0,5147300.0
1568,2021-10-19 06:12:14,38500.0,300.0,5147000.0
1569,2021-10-19 06:12:07,38500.0,100.0,5146700.0
1570,2021-10-19 06:12:03,38500.0,100.0,5146600.0
1571,2021-10-19 06:11:55,38500.0,300.0,5146500.0
1572,2021-10-19 06:11:47,38500.0,200.0,5146200.0
1573,2021-10-19 06:11:41,38500.0,14000.0,5146000.0
1574,2021-10-19 06:11:39,38550.0,1600.0,5132000.0
1575,2021-10-19 06:11:39,38550.0,300.0,5130400.0
1576,2021-10-19 06:11:39,38550.0,1000.0,5130100.0
1577,2021-10-19 06:11:39,38550.0,100.0,5129100.0
1578,2021-10-19 06:11:37,38500.0,5000.0,5129000.0
1579,2021-10-19 06:11:29,38500.0,200.0,5124000.0
1580,2021-10-19 06:11:25,38500.0,500.0,5123800.0
1581,2021-10-19 06:11:18,38500.0,100.0,5123300.0
1582,2021-10-19 06:11:18,38500.0,200.0,5123200.0
1583,2021-10-19 06:11:18,38500.0,1700.0,5123000.0
1584,2021-10-19 06:11:17,38500.0,100.0,5121300.0
1585,2021-10-19 06:11:12,38500.0,20000.0,5121200.0
1586,2021-10-19 06:11:09,38500.0,200.0,5101200.0
1587,2021-10-19 06:11:04,38500.0,300.0,5101000.0
1588,2021-10-19 06:11:04,38500.0,20000.0,5100700.0
1589,2021-10-19 06:11:02,38500.0,100.0,5080700.0
1590,2021-10-19 06:10:55,38500.0,7600.0,5080600.0
1591,2021-10-19 06:10:55,38500.0,12400.0,5073000.0
1592,2021-10-19 06:10:47,38500.0,2600.0,5060600.0
1593,2021-10-19 06:10:47,38500.0,100.0,5058000.0
1594,2021-10-19 06:10:47,38500.0,2000.0,5057900.0
1595,2021-10-19 06:10:47,38500.0,100.0,5055900.0
1596,2021-10-19 06:10:47,38500.0,15200.0,5055800.0
1597,2021-10-19 06:10:41,38550.0,4500.0,5040600.0
1598,2021-10-19 06:10:36,38500.0,30000.0,5036100.0
1599,2021-10-19 06:10:36,38500.0,20000.0,5006100.0
1600,2021-10-19 06:10:25,38500.0,20000.0,4986100.0
1601,2021-10-19 06:10:20,38500.0,2400.0,4966100.0
1602,2021-10-19 06:10:20,38500.0,400.0,4963700.0
1603,2021-10-19 06:10:20,38500.0,12000.0,4963300.0
1604,2021-10-19 06:10:09,38500.0,100.0,4951300.0
1605,2021-10-19 06:10:04,38500.0,500.0,4951200.0
1606,2021-10-19 06:10:02,38500.0,200.0,4950700.0
1607,2021-10-19 06:10:02,38500.0,100.0,4950500.0
1608,2021-10-19 06:10:02,38500.0,100.0,4950400.0
1609,2021-10-19 06:10:02,38500.0,500.0,4950300.0
1610,2021-10-19 06:10:02,38500.0,1500.0,4949800.0
1611,2021-10-19 06:10:02,38500.0,100.0,4948300.0
1612,2021-10-19 06:09:59,38500.0,20000.0,4948200.0
1613,2021-10-19 06:09:59,38500.0,100.0,4928200.0
1614,2021-10-19 06:09:58,38500.0,5000.0,4928100.0
1615,2021-10-19 06:09:51,38500.0,5000.0,4923100.0
1616,2021-10-19 06:09:45,38500.0,1000.0,4918100.0
1617,2021-10-19 06:09:40,38500.0,20000.0,4917100.0
1618,2021-10-19 06:09:37,38500.0,500.0,4897100.0
1619,2021-10-19 06:09:33,38500.0,20000.0,4896600.0
1620,2021-10-19 06:09:32,38500.0,300.0,4876600.0
1621,2021-10-19 06:09:21,38500.0,200.0,4876300.0
1622,2021-10-19 06:09:15,38500.0,6300.0,4876100.0
1623,2021-10-19 06:09:15,38500.0,400.0,4869800.0
1624,2021-10-19 06:09:15,38500.0,13300.0,4869400.0
1625,2021-10-19 06:09:07,38500.0,6700.0,4856100.0
1626,2021-10-19 06:09:07,38500.0,1600.0,4849400.0
1627,2021-10-19 06:09:07,38500.0,300.0,4847800.0
1628,2021-10-19 06:09:07,38500.0,100.0,4847500.0
1629,2021-10-19 06:09:07,38500.0,1200.0,4847400.0
1630,2021-10-19 06:09:07,38500.0,10100.0,4846200.0
1631,2021-10-19 06:08:59,38500.0,100.0,4836100.0
1632,2021-10-19 06:08:53,38550.0,5500.0,4836000.0
1633,2021-10-19 06:08:53,38550.0,200.0,4830500.0
1634,2021-10-19 06:08:53,38550.0,10000.0,4830300.0
1635,2021-10-19 06:08:53,38550.0,30000.0,4820300.0
1636,2021-10-19 06:08:53,38550.0,10000.0,4790300.0
1637,2021-10-19 06:08:53,38550.0,5000.0,4780300.0
1638,2021-10-19 06:08:53,38550.0,300.0,4775300.0
1639,2021-10-19 06:08:53,38550.0,500.0,4775000.0
1640,2021-10-19 06:08:53,38550.0,300.0,4774500.0
1641,2021-10-19 06:08:53,38550.0,3200.0,4774200.0
1642,2021-10-19 06:08:46,38500.0,300.0,4771000.0
1643,2021-10-19 06:08:45,38500.0,200.0,4770700.0
1644,2021-10-19 06:08:23,38500.0,1300.0,4770500.0
1645,2021-10-19 06:08:23,38500.0,13700.0,4769200.0
1646,2021-10-19 06:08:13,38500.0,100.0,4755500.0
1647,2021-10-19 06:08:00,38500.0,300.0,4755400.0
1648,2021-10-19 06:08:00,38500.0,100.0,4755100.0
1649,2021-10-19 06:07:55,38500.0,20000.0,4755000.0
1650,2021-10-19 06:07:51,38500.0,1000.0,4735000.0
1651,2021-10-19 06:07:45,38500.0,20000.0,4734000.0
1652,2021-10-19 06:07:33,38500.0,20000.0,4714000.0
1653,2021-10-19 06:07:28,38500.0,1800.0,4694000.0
1654,2021-10-19 06:07:21,38500.0,100.0,4692200.0
1655,2021-10-19 06:07:19,38500.0,20000.0,4692100.0
1656,2021-10-19 06:07:13,38500.0,300.0,4672100.0
1657,2021-10-19 06:07:07,38500.0,100.0,4671800.0
1658,2021-10-19 06:06:56,38500.0,1000.0,4671700.0
1659,2021-10-19 06:06:56,38500.0,500.0,4670700.0
1660,2021-10-19 06:06:56,38500.0,1000.0,4670200.0
1661,2021-10-19 06:06:55,38500.0,800.0,4669200.0
1662,2021-10-19 06:06:47,38450.0,10000.0,4668400.0
1663,2021-10-19 06:06:39,38500.0,10200.0,4658400.0
1664,2021-10-19 06:06:39,38500.0,200.0,4648200.0
1665,2021-10-19 06:06:39,38500.0,300.0,4648000.0
1666,2021-10-19 06:06:39,38500.0,1500.0,4647700.0
1667,2021-10-19 06:06:39,38500.0,5000.0,4646200.0
1668,2021-10-19 06:06:39,38500.0,300.0,4641200.0
1669,2021-10-19 06:06:39,38500.0,1000.0,4640900.0
1670,2021-10-19 06:06:39,38500.0,10000.0,4639900.0
1671,2021-10-19 06:06:39,38500.0,1000.0,4629900.0
1672,2021-10-19 06:06:39,38500.0,100.0,4628900.0
1673,2021-10-19 06:06:39,38500.0,1500.0,4628800.0
1674,2021-10-19 06:06:39,38500.0,2000.0,4627300.0
1675,2021-10-19 06:06:39,38500.0,100.0,4625300.0
1676,2021-10-19 06:06:39,38500.0,1000.0,4625200.0
1677,2021-10-19 06:06:39,38500.0,100.0,4624200.0
1678,2021-10-19 06:06:39,38500.0,2700.0,4624100.0
1679,2021-10-19 06:06:27,38450.0,400.0,4621400.0
1680,2021-10-19 06:06:06,38450.0,100.0,4621000.0
1681,2021-10-19 06:05:52,38450.0,15000.0,4620900.0
1682,2021-10-19 06:05:45,38500.0,200.0,4605900.0
1683,2021-10-19 06:05:45,38500.0,100.0,4605700.0
1684,2021-10-19 06:05:43,38450.0,20000.0,4605600.0
1685,2021-10-19 06:05:41,38450.0,300.0,4585600.0
1686,2021-10-19 06:05:29,38450.0,18700.0,4585300.0
1687,2021-10-19 06:05:29,38450.0,400.0,4566600.0
1688,2021-10-19 06:05:29,38450.0,300.0,4566200.0
1689,2021-10-19 06:05:29,38450.0,600.0,4565900.0
1690,2021-10-19 06:05:24,38500.0,400.0,4565300.0
1691,2021-10-19 06:05:24,38500.0,100.0,4564900.0
1692,2021-10-19 06:05:24,38500.0,800.0,4564800.0
1693,2021-10-19 06:05:19,38450.0,1300.0,4564000.0
1694,2021-10-19 06:05:19,38450.0,18700.0,4562700.0
1695,2021-10-19 06:05:08,38500.0,200.0,4544000.0
1696,2021-10-19 06:05:08,38500.0,300.0,4543800.0
1697,2021-10-19 06:05:08,38500.0,500.0,4543500.0
1698,2021-10-19 06:05:08,38500.0,1000.0,4543000.0
1699,2021-10-19 06:05:08,38500.0,1000.0,4542000.0
1700,2021-10-19 06:05:08,38500.0,200.0,4541000.0
1701,2021-10-19 06:05:08,38500.0,100.0,4540800.0
1702,2021-10-19 06:05:08,38500.0,30000.0,4540700.0
1703,2021-10-19 06:05:08,38500.0,400.0,4510700.0
1704,2021-10-19 06:05:08,38500.0,2000.0,4510300.0
1705,2021-10-19 06:05:08,38500.0,2000.0,4508300.0
1706,2021-10-19 06:05:08,38500.0,100.0,4506300.0
1707,2021-10-19 06:05:08,38500.0,300.0,4506200.0
1708,2021-10-19 06:05:08,38500.0,1200.0,4505900.0
1709,2021-10-19 06:05:08,38500.0,500.0,4504700.0
1710,2021-10-19 06:05:08,38500.0,200.0,4504200.0
1711,2021-10-19 06:05:07,38500.0,100.0,4504000.0
1712,2021-10-19 06:05:07,38500.0,400.0,4503900.0
1713,2021-10-19 06:04:55,38450.0,300.0,4503500.0
1714,2021-10-19 06:04:54,38450.0,1000.0,4503200.0
1715,2021-10-19 06:04:54,38450.0,8000.0,4502200.0
1716,2021-10-19 06:04:54,38450.0,10000.0,4494200.0
1717,2021-10-19 06:04:54,38450.0,6000.0,4484200.0
1718,2021-10-19 06:04:40,38450.0,4000.0,4478200.0
1719,2021-10-19 06:04:40,38450.0,16000.0,4474200.0
1720,2021-10-19 06:04:35,38450.0,1000.0,4458200.0
1721,2021-10-19 06:04:31,38500.0,19600.0,4457200.0
1722,2021-10-19 06:04:31,38500.0,100.0,4437600.0
1723,2021-10-19 06:04:31,38500.0,300.0,4437500.0
1724,2021-10-19 06:04:27,38450.0,20000.0,4437200.0
1725,2021-10-19 06:04:18,38500.0,100.0,4417200.0
1726,2021-10-19 06:04:18,38500.0,300.0,4417100.0
1727,2021-10-19 06:04:15,38450.0,20000.0,4416800.0
1728,2021-10-19 06:04:12,38500.0,600.0,4396800.0
1729,2021-10-19 06:04:09,38450.0,300.0,4396200.0
1730,2021-10-19 06:04:05,38450.0,20000.0,4395900.0
1731,2021-10-19 06:03:52,38450.0,20000.0,4375900.0
1732,2021-10-19 06:03:52,38500.0,300.0,4355900.0
1733,2021-10-19 06:03:52,38500.0,100.0,4355600.0
1734,2021-10-19 06:03:32,38500.0,100.0,4355500.0
1735,2021-10-19 06:03:30,38450.0,2700.0,4355400.0
1736,2021-10-19 06:03:29,38450.0,100.0,4352700.0
1737,2021-10-19 06:03:29,38450.0,900.0,4352600.0
1738,2021-10-19 06:03:29,38450.0,16300.0,4351700.0
1739,2021-10-19 06:03:22,38450.0,400.0,4335400.0
1740,2021-10-19 06:03:06,38450.0,15000.0,4335000.0
1741,2021-10-19 06:02:58,38500.0,1000.0,4320000.0
1742,2021-10-19 06:02:51,38500.0,1000.0,4319000.0
1743,2021-10-19 06:02:36,38450.0,300.0,4318000.0
1744,2021-10-19 06:02:33,38450.0,40000.0,4317700.0
1745,2021-10-19 06:02:08,38500.0,1000.0,4277700.0
1746,2021-10-19 06:02:07,38500.0,400.0,4276700.0
1747,2021-10-19 06:01:50,38450.0,200.0,4276300.0
1748,2021-10-19 06:01:50,38450.0,100.0,4276100.0
1749,2021-10-19 06:01:04,38450.0,300.0,4276000.0
1750,2021-10-19 06:00:42,38450.0,100.0,4275700.0
1751,2021-10-19 06:00:42,38450.0,100.0,4275600.0
1752,2021-10-19 06:00:27,38450.0,200.0,4275500.0
1753,2021-10-19 06:00:27,38450.0,600.0,4275300.0
1754,2021-10-19 06:00:20,38400.0,2200.0,4274700.0
1755,2021-10-19 06:00:20,38400.0,2800.0,4272500.0
1756,2021-10-19 06:00:07,38450.0,400.0,4269700.0
1757,2021-10-19 06:00:07,38450.0,300.0,4269300.0
1758,2021-10-19 06:00:07,38450.0,300.0,4269000.0
1759,2021-10-19 06:00:06,38400.0,800.0,4268700.0
1760,2021-10-19 06:00:00,38400.0,100.0,4267900.0
1761,2021-10-19 06:00:00,38400.0,200.0,4267800.0
1762,2021-10-19 06:00:00,38400.0,1500.0,4267600.0
1763,2021-10-19 06:00:00,38400.0,2000.0,4266100.0
1764,2021-10-19 06:00:00,38400.0,200.0,4264100.0
1765,2021-10-19 04:29:31,38400.0,300.0,4263900.0
1766,2021-10-19 04:29:17,38400.0,37800.0,4263600.0
1767,2021-10-19 04:29:14,38450.0,200.0,4225800.0
1768,2021-10-19 04:29:14,38450.0,100.0,4225600.0
1769,2021-10-19 04:28:48,38450.0,200.0,4225500.0
1770,2021-10-19 04:28:30,38450.0,500.0,4225300.0
1771,2021-10-19 04:28:30,38500.0,1400.0,4224800.0
1772,2021-10-19 04:28:30,38500.0,300.0,4223400.0
1773,2021-10-19 04:28:30,38500.0,300.0,4223100.0
1774,2021-10-19 04:28:30,38500.0,100.0,4222800.0
1775,2021-10-19 04:28:30,38500.0,500.0,4222700.0
1776,2021-10-19 04:28:30,38500.0,300.0,4222200.0
1777,2021-10-19 04:28:30,38500.0,2000.0,4221900.0
1778,2021-10-19 04:28:30,38500.0,800.0,4219900.0
1779,2021-10-19 04:28:30,38500.0,300.0,4219100.0
1780,2021-10-19 04:28:30,38500.0,100.0,4218800.0
1781,2021-10-19 04:28:30,38500.0,2000.0,4218700.0
1782,2021-10-19 04:28:30,38500.0,400.0,4216700.0
1783,2021-10-19 04:28:30,38500.0,2100.0,4216300.0
1784,2021-10-19 04:28:30,38500.0,300.0,4214200.0
1785,2021-10-19 04:28:30,38500.0,1000.0,4213900.0
1786,2021-10-19 04:28:30,38500.0,3000.0,4212900.0
1787,2021-10-19 04:28:30,38500.0,200.0,4209900.0
1788,2021-10-19 04:28:30,38500.0,300.0,4209700.0
1789,2021-10-19 04:28:30,38500.0,3000.0,4209400.0
1790,2021-10-19 04:28:30,38500.0,4600.0,4206400.0
1791,2021-10-19 04:28:30,38450.0,27500.0,4201800.0
1792,2021-10-19 04:28:14,38450.0,100.0,4174300.0
1793,2021-10-19 04:28:14,38450.0,500.0,4174200.0
1794,2021-10-19 04:28:14,38450.0,4000.0,4173700.0
1795,2021-10-19 04:28:14,38450.0,4000.0,4169700.0
1796,2021-10-19 04:28:14,38450.0,400.0,4165700.0
1797,2021-10-19 04:28:14,38450.0,1500.0,4165300.0
1798,2021-10-19 04:27:59,38450.0,300.0,4163800.0
1799,2021-10-19 04:27:50,38450.0,300.0,4163500.0
1800,2021-10-19 04:27:23,38450.0,7900.0,4163200.0
1801,2021-10-19 04:27:23,38450.0,600.0,4155300.0
1802,2021-10-19 04:27:23,38450.0,1500.0,4154700.0
1803,2021-10-19 04:27:23,38450.0,1000.0,4153200.0
1804,2021-10-19 04:27:13,38450.0,300.0,4152200.0
1805,2021-10-19 04:27:11,38450.0,1000.0,4151900.0
1806,2021-10-19 04:26:57,38450.0,200.0,4150900.0
1807,2021-10-19 04:26:50,38450.0,900.0,4150700.0
1808,2021-10-19 04:26:50,38450.0,3000.0,4149800.0
1809,2021-10-19 04:26:50,38450.0,1000.0,4146800.0
1810,2021-10-19 04:26:50,38450.0,25100.0,4145800.0
1811,2021-10-19 04:26:42,38450.0,200.0,4120700.0
1812,2021-10-19 04:26:17,38500.0,2000.0,4120500.0
1813,2021-10-19 04:25:48,38450.0,4700.0,4118500.0
1814,2021-10-19 04:25:48,38450.0,300.0,4113800.0
1815,2021-10-19 04:25:40,38450.0,200.0,4113500.0
1816,2021-10-19 04:25:40,38450.0,100.0,4113300.0
1817,2021-10-19 04:25:20,38450.0,200.0,4113200.0
1818,2021-10-19 04:25:14,38500.0,500.0,4113000.0
1819,2021-10-19 04:24:59,38500.0,500.0,4112500.0
1820,2021-10-19 04:24:58,38500.0,1000.0,4112000.0
1821,2021-10-19 04:23:19,38500.0,100.0,4111000.0
1822,2021-10-19 04:23:10,38450.0,100.0,4110900.0
1823,2021-10-19 04:22:45,38450.0,400.0,4110800.0
1824,2021-10-19 04:22:23,38500.0,100.0,4110400.0
1825,2021-10-19 04:22:15,38500.0,1200.0,4110300.0
1826,2021-10-19 04:22:15,38500.0,200.0,4109100.0
1827,2021-10-19 04:22:15,38500.0,600.0,4108900.0
1828,2021-10-19 04:22:05,38500.0,3900.0,4108300.0
1829,2021-10-19 04:22:05,38500.0,200.0,4104400.0
1830,2021-10-19 04:22:05,38500.0,1300.0,4104200.0
1831,2021-10-19 04:22:01,38500.0,1000.0,4102900.0
1832,2021-10-19 04:21:55,38450.0,300.0,4101900.0
1833,2021-10-19 04:21:55,38450.0,500.0,4101600.0
1834,2021-10-19 04:21:55,38450.0,500.0,4101100.0
1835,2021-10-19 04:21:55,38450.0,1300.0,4100600.0
1836,2021-10-19 04:21:48,38450.0,300.0,4099300.0
1837,2021-10-19 04:21:48,38450.0,2900.0,4099000.0
1838,2021-10-19 04:21:48,38450.0,2500.0,4096100.0
1839,2021-10-19 04:21:47,38450.0,1900.0,4093600.0
1840,2021-10-19 04:21:47,38450.0,1900.0,4091700.0
1841,2021-10-19 04:21:46,38450.0,2900.0,4089800.0
1842,2021-10-19 04:21:46,38450.0,2500.0,4086900.0
1843,2021-10-19 04:21:45,38450.0,2200.0,4084400.0
1844,2021-10-19 04:21:45,38450.0,2000.0,4082200.0
1845,2021-10-19 04:21:43,38450.0,500.0,4080200.0
1846,2021-10-19 04:21:21,38500.0,100.0,4079700.0
1847,2021-10-19 04:20:40,38500.0,5700.0,4079600.0
1848,2021-10-19 04:20:25,38500.0,700.0,4073900.0
1849,2021-10-19 04:19:50,38500.0,1000.0,4073200.0
1850,2021-10-19 04:19:22,38500.0,200.0,4072200.0
1851,2021-10-19 04:19:22,38500.0,300.0,4072000.0
1852,2021-10-19 04:18:46,38500.0,1600.0,4071700.0
1853,2021-10-19 04:18:46,38500.0,100.0,4070100.0
1854,2021-10-19 04:18:46,38500.0,300.0,4070000.0
1855,2021-10-19 04:18:46,38500.0,300.0,4069700.0
1856,2021-10-19 04:18:46,38500.0,2700.0,4069400.0
1857,2021-10-19 04:18:17,38500.0,100.0,4066700.0
1858,2021-10-19 04:18:04,38500.0,300.0,4066600.0
1859,2021-10-19 04:17:58,38500.0,100.0,4066300.0
1860,2021-10-19 04:16:58,38500.0,100.0,4066200.0
1861,2021-10-19 04:16:51,38500.0,100.0,4066100.0
1862,2021-10-19 04:16:48,38500.0,9800.0,4066000.0
1863,2021-10-19 04:16:48,38500.0,200.0,4056200.0
1864,2021-10-19 04:16:48,38500.0,500.0,4056000.0
1865,2021-10-19 04:16:48,38500.0,100.0,4055500.0
1866,2021-10-19 04:16:48,38500.0,4400.0,4055400.0
1867,2021-10-19 04:16:47,38500.0,2500.0,4051000.0
1868,2021-10-19 04:16:43,38500.0,3100.0,4048500.0
1869,2021-10-19 04:16:43,38500.0,100.0,4045400.0
1870,2021-10-19 04:16:39,38500.0,100.0,4045300.0
1871,2021-10-19 04:16:36,38500.0,100.0,4045200.0
1872,2021-10-19 04:16:33,38500.0,2900.0,4045100.0
1873,2021-10-19 04:16:33,38500.0,500.0,4042200.0
1874,2021-10-19 04:16:33,38500.0,500.0,4041700.0
1875,2021-10-19 04:16:33,38500.0,4100.0,4041200.0
1876,2021-10-19 04:16:33,38500.0,100.0,4037100.0
1877,2021-10-19 04:16:31,38500.0,1000.0,4037000.0
1878,2021-10-19 04:16:26,38500.0,400.0,4036000.0
1879,2021-10-19 04:16:25,38500.0,300.0,4035600.0
1880,2021-10-19 04:16:23,38500.0,2300.0,4035300.0
1881,2021-10-19 04:16:23,38500.0,21800.0,4033000.0
1882,2021-10-19 04:16:23,38500.0,13900.0,4011200.0
1883,2021-10-19 04:16:23,38500.0,500.0,3997300.0
1884,2021-10-19 04:16:23,38500.0,1600.0,3996800.0
1885,2021-10-19 04:16:23,38500.0,200.0,3995200.0
1886,2021-10-19 04:16:23,38500.0,1000.0,3995000.0
1887,2021-10-19 04:16:23,38500.0,100.0,3994000.0
1888,2021-10-19 04:16:23,38500.0,1600.0,3993900.0
1889,2021-10-19 04:16:23,38500.0,1200.0,3992300.0
1890,2021-10-19 04:16:23,38500.0,1000.0,3991100.0
1891,2021-10-19 04:16:23,38500.0,30000.0,3990100.0
1892,2021-10-19 04:16:23,38500.0,900.0,3960100.0
1893,2021-10-19 04:16:23,38500.0,500.0,3959200.0
1894,2021-10-19 04:16:23,38500.0,900.0,3958700.0
1895,2021-10-19 04:16:23,38500.0,24800.0,3957800.0
1896,2021-10-19 04:16:22,38500.0,700.0,3933000.0
1897,2021-10-19 04:16:20,38500.0,700.0,3932300.0
1898,2021-10-19 04:16:17,38500.0,700.0,3931600.0
1899,2021-10-19 04:16:14,38500.0,700.0,3930900.0
1900,2021-10-19 04:16:11,38500.0,700.0,3930200.0
1901,2021-10-19 04:16:09,38500.0,700.0,3929500.0
1902,2021-10-19 04:16:06,38500.0,700.0,3928800.0
1903,2021-10-19 04:16:03,38500.0,700.0,3928100.0
1904,2021-10-19 04:16:03,38500.0,1900.0,3927400.0
1905,2021-10-19 04:16:00,38500.0,700.0,3925500.0
1906,2021-10-19 04:15:59,38500.0,700.0,3924800.0
1907,2021-10-19 04:15:58,38500.0,500.0,3924100.0
1908,2021-10-19 04:15:55,38500.0,700.0,3923600.0
1909,2021-10-19 04:15:53,38500.0,700.0,3922900.0
1910,2021-10-19 04:15:50,38500.0,700.0,3922200.0
1911,2021-10-19 04:15:48,38500.0,700.0,3921500.0
1912,2021-10-19 04:15:45,38500.0,700.0,3920800.0
1913,2021-10-19 04:15:44,38500.0,2200.0,3920100.0
1914,2021-10-19 04:15:38,38500.0,300.0,3917900.0
1915,2021-10-19 04:15:34,38500.0,5000.0,3917600.0
1916,2021-10-19 04:15:27,38500.0,2900.0,3912600.0
1917,2021-10-19 04:15:26,38500.0,200.0,3909700.0
1918,2021-10-19 04:15:24,38500.0,700.0,3909500.0
1919,2021-10-19 04:15:22,38500.0,700.0,3908800.0
1920,2021-10-19 04:15:19,38500.0,300.0,3908100.0
1921,2021-10-19 04:15:19,38500.0,400.0,3907800.0
1922,2021-10-19 04:15:18,38500.0,600.0,3907400.0
1923,2021-10-19 04:15:18,38500.0,400.0,3906800.0
1924,2021-10-19 04:15:17,38500.0,500.0,3906400.0
1925,2021-10-19 04:15:15,38500.0,100.0,3905900.0
1926,2021-10-19 04:15:15,38500.0,400.0,3905800.0
1927,2021-10-19 04:15:13,38500.0,500.0,3905400.0
1928,2021-10-19 04:15:12,38500.0,500.0,3904900.0
1929,2021-10-19 04:15:11,38500.0,1000.0,3904400.0
1930,2021-10-19 04:15:10,38500.0,500.0,3903400.0
1931,2021-10-19 04:15:09,38500.0,2200.0,3902900.0
1932,2021-10-19 04:15:07,38500.0,500.0,3900700.0
1933,2021-10-19 04:15:05,38500.0,500.0,3900200.0
1934,2021-10-19 04:15:04,38500.0,12800.0,3899700.0
1935,2021-10-19 04:15:04,38500.0,500.0,3886900.0
1936,2021-10-19 04:15:04,38500.0,100.0,3886400.0
1937,2021-10-19 04:15:04,38500.0,1300.0,3886300.0
1938,2021-10-19 04:15:04,38500.0,300.0,3885000.0
1939,2021-10-19 04:15:03,38500.0,700.0,3884700.0
1940,2021-10-19 04:15:03,38500.0,500.0,3884000.0
1941,2021-10-19 04:15:03,38500.0,1100.0,3883500.0
1942,2021-10-19 04:15:03,38500.0,500.0,3882400.0
1943,2021-10-19 04:15:02,38500.0,100.0,3881900.0
1944,2021-10-19 04:15:02,38500.0,100.0,3881800.0
1945,2021-10-19 04:15:02,38500.0,100.0,3881700.0
1946,2021-10-19 04:15:02,38500.0,400.0,3881600.0
1947,2021-10-19 04:15:00,38500.0,500.0,3881200.0
1948,2021-10-19 04:14:58,38500.0,500.0,3880700.0
1949,2021-10-19 04:14:55,38500.0,500.0,3880200.0
1950,2021-10-19 04:14:55,38550.0,1000.0,3879700.0
1951,2021-10-19 04:14:53,38500.0,300.0,3878700.0
1952,2021-10-19 04:14:52,38500.0,500.0,3878400.0
1953,2021-10-19 04:14:50,38500.0,500.0,3877900.0
1954,2021-10-19 04:14:49,38550.0,500.0,3877400.0
1955,2021-10-19 04:14:49,38550.0,300.0,3876900.0
1956,2021-10-19 04:14:48,38500.0,500.0,3876600.0
1957,2021-10-19 04:14:46,38500.0,3200.0,3876100.0
1958,2021-10-19 04:14:45,38500.0,500.0,3872900.0
1959,2021-10-19 04:14:43,38500.0,500.0,3872400.0
1960,2021-10-19 04:14:41,38500.0,3100.0,3871900.0
1961,2021-10-19 04:14:39,38500.0,500.0,3868800.0
1962,2021-10-19 04:14:36,38500.0,500.0,3868300.0
1963,2021-10-19 04:13:59,38550.0,800.0,3867800.0
1964,2021-10-19 04:13:53,38500.0,300.0,3867000.0
1965,2021-10-19 04:13:52,38500.0,2600.0,3866700.0
1966,2021-10-19 04:13:50,38500.0,500.0,3864100.0
1967,2021-10-19 04:13:47,38500.0,500.0,3863600.0
1968,2021-10-19 04:13:47,38500.0,2200.0,3863100.0
1969,2021-10-19 04:13:47,38500.0,100.0,3860900.0
1970,2021-10-19 04:13:47,38500.0,600.0,3860800.0
1971,2021-10-19 04:13:45,38500.0,500.0,3860200.0
1972,2021-10-19 04:13:44,38500.0,100.0,3859700.0
1973,2021-10-19 04:13:43,38500.0,300.0,3859600.0
1974,2021-10-19 04:13:43,38500.0,200.0,3859300.0
1975,2021-10-19 04:13:40,38500.0,500.0,3859100.0
1976,2021-10-19 04:13:37,38500.0,2900.0,3858600.0
1977,2021-10-19 04:13:37,38500.0,500.0,3855700.0
1978,2021-10-19 04:13:37,38500.0,100.0,3855200.0
1979,2021-10-19 04:13:36,38500.0,10000.0,3855100.0
1980,2021-10-19 04:13:35,38500.0,500.0,3845100.0
1981,2021-10-19 04:13:33,38500.0,500.0,3844600.0
1982,2021-10-19 04:13:32,38500.0,3200.0,3844100.0
1983,2021-10-19 04:13:30,38500.0,500.0,3840900.0
1984,2021-10-19 04:13:29,38500.0,1100.0,3840400.0
1985,2021-10-19 04:13:29,38500.0,8900.0,3839300.0
1986,2021-10-19 04:13:28,38500.0,500.0,3830400.0
1987,2021-10-19 04:13:25,38500.0,500.0,3829900.0
1988,2021-10-19 04:13:23,38500.0,500.0,3829400.0
1989,2021-10-19 04:13:21,38500.0,400.0,3828900.0
1990,2021-10-19 04:13:21,38500.0,500.0,3828500.0
1991,2021-10-19 04:13:17,38500.0,500.0,3828000.0
1992,2021-10-19 04:13:15,38500.0,500.0,3827500.0
1993,2021-10-19 04:13:13,38550.0,4200.0,3827000.0
1994,2021-10-19 04:13:13,38550.0,2000.0,3822800.0
1995,2021-10-19 04:13:13,38550.0,1800.0,3820800.0
1996,2021-10-19 04:13:12,38500.0,500.0,3819000.0
1997,2021-10-19 04:13:08,38500.0,500.0,3818500.0
1998,2021-10-19 04:13:07,38550.0,400.0,3818000.0
1999,2021-10-19 04:13:03,38500.0,500.0,3817600.0
2000,2021-10-19 04:12:58,38500.0,500.0,3817100.0
2001,2021-10-19 04:12:55,38500.0,2800.0,3816600.0
2002,2021-10-19 04:12:54,38500.0,500.0,3813800.0
2003,2021-10-19 04:12:50,38500.0,500.0,3813300.0
2004,2021-10-19 04:12:25,38550.0,100.0,3812800.0
2005,2021-10-19 04:12:25,38500.0,100.0,3812700.0
2006,2021-10-19 04:12:22,38500.0,1900.0,3812600.0
2007,2021-10-19 04:12:14,38500.0,2600.0,3810700.0
2008,2021-10-19 04:11:56,38500.0,1900.0,3808100.0
2009,2021-10-19 04:11:47,38500.0,300.0,3806200.0
2010,2021-10-19 04:11:45,38500.0,20000.0,3805900.0
2011,2021-10-19 04:11:37,38500.0,2500.0,3785900.0
2012,2021-10-19 04:11:19,38500.0,1900.0,3783400.0
2013,2021-10-19 04:11:01,38500.0,300.0,3781500.0
2014,2021-10-19 04:10:59,38500.0,400.0,3781200.0
2015,2021-10-19 04:10:59,38500.0,100.0,3780800.0
2016,2021-10-19 04:10:31,38500.0,300.0,3780700.0
2017,2021-10-19 04:10:31,38500.0,500.0,3780400.0
2018,2021-10-19 04:10:31,38500.0,200.0,3779900.0
2019,2021-10-19 04:10:31,38500.0,100.0,3779700.0
2020,2021-10-19 04:10:31,38500.0,100.0,3779600.0
2021,2021-10-19 04:10:31,38500.0,300.0,3779500.0
2022,2021-10-19 04:10:31,38500.0,100.0,3779200.0
2023,2021-10-19 04:10:31,38500.0,500.0,3779100.0
2024,2021-10-19 04:10:31,38500.0,500.0,3778600.0
2025,2021-10-19 04:10:31,38500.0,500.0,3778100.0
2026,2021-10-19 04:10:31,38500.0,300.0,3777600.0
2027,2021-10-19 04:10:31,38500.0,2600.0,3777300.0
2028,2021-10-19 04:10:30,38500.0,8000.0,3774700.0
2029,2021-10-19 04:10:29,38500.0,5000.0,3766700.0
2030,2021-10-19 04:10:28,38500.0,1000.0,3761700.0
2031,2021-10-19 04:10:27,38500.0,1200.0,3760700.0
2032,2021-10-19 04:10:27,38500.0,400.0,3759500.0
2033,2021-10-19 04:10:23,38500.0,100.0,3759100.0
2034,2021-10-19 04:10:23,38500.0,500.0,3759000.0
2035,2021-10-19 04:10:17,38500.0,5000.0,3758500.0
2036,2021-10-19 04:10:17,38500.0,500.0,3753500.0
2037,2021-10-19 04:10:14,38500.0,25700.0,3753000.0
2038,2021-10-19 04:10:14,38500.0,200.0,3727300.0
