,Time,Price,Volume_per_trade,Volume
0,2021-10-17 07:45:01,31200.0,900.0,1207100.0
1,2021-10-17 07:45:01,31200.0,100.0,1206200.0
2,2021-10-17 07:45:01,31200.0,200.0,1206100.0
3,2021-10-17 07:45:01,31200.0,100.0,1205900.0
4,2021-10-17 07:45:01,31200.0,100.0,1205800.0
5,2021-10-17 07:45:01,31200.0,100.0,1205700.0
6,2021-10-17 07:45:01,31200.0,200.0,1205600.0
7,2021-10-17 07:45:01,31200.0,100.0,1205400.0
8,2021-10-17 07:45:01,31200.0,100.0,1205300.0
9,2021-10-17 07:45:01,31200.0,500.0,1205200.0
10,2021-10-17 07:45:01,31200.0,4000.0,1204700.0
11,2021-10-17 07:45:01,31200.0,2300.0,1200700.0
12,2021-10-17 07:45:01,31200.0,500.0,1198400.0
13,2021-10-17 07:45:01,31200.0,500.0,1197900.0
14,2021-10-17 07:45:01,31200.0,4400.0,1197400.0
15,2021-10-17 07:45:01,31200.0,2300.0,1193000.0
16,2021-10-17 07:45:01,31200.0,3700.0,1190700.0
17,2021-10-17 07:45:01,31200.0,2000.0,1187000.0
18,2021-10-17 07:45:01,31200.0,500.0,1185000.0
19,2021-10-17 07:29:57,31250.0,400.0,1184500.0
20,2021-10-17 07:29:46,31250.0,300.0,1184100.0
21,2021-10-17 07:29:46,31000.0,500.0,1183800.0
22,2021-10-17 07:29:46,31000.0,200.0,1183300.0
23,2021-10-17 07:29:46,31000.0,1000.0,1183100.0
24,2021-10-17 07:29:46,30700.0,100.0,1182100.0
25,2021-10-17 07:29:46,30700.0,1900.0,1182000.0
26,2021-10-17 07:29:46,30700.0,100.0,1180100.0
27,2021-10-17 07:29:37,30700.0,500.0,1180000.0
28,2021-10-17 07:29:35,30700.0,3000.0,1179500.0
29,2021-10-17 07:29:27,30700.0,5000.0,1176500.0
30,2021-10-17 07:29:20,30600.0,400.0,1171500.0
31,2021-10-17 07:29:20,30600.0,100.0,1171100.0
32,2021-10-17 07:29:20,30600.0,3000.0,1171000.0
33,2021-10-17 07:29:20,30600.0,1800.0,1168000.0
34,2021-10-17 07:29:20,30650.0,500.0,1166200.0
35,2021-10-17 07:29:20,30650.0,1200.0,1165700.0
36,2021-10-17 07:29:20,30650.0,1000.0,1164500.0
37,2021-10-17 07:29:20,30650.0,600.0,1163500.0
38,2021-10-17 07:29:20,30650.0,1400.0,1162900.0
39,2021-10-17 07:29:17,30700.0,1000.0,1161500.0
40,2021-10-17 07:29:15,30700.0,800.0,1160500.0
41,2021-10-17 07:29:14,30700.0,2000.0,1159700.0
42,2021-10-17 07:29:06,30700.0,900.0,1157700.0
43,2021-10-17 07:28:52,30650.0,100.0,1156800.0
44,2021-10-17 07:28:46,30650.0,2000.0,1156700.0
45,2021-10-17 07:28:42,30650.0,200.0,1154700.0
46,2021-10-17 07:28:37,30650.0,2000.0,1154500.0
47,2021-10-17 07:28:35,30600.0,200.0,1152500.0
48,2021-10-17 07:28:35,30600.0,5000.0,1152300.0
49,2021-10-17 07:28:35,30600.0,2200.0,1147300.0
50,2021-10-17 07:28:06,30600.0,2800.0,1145100.0
51,2021-10-17 07:27:55,30600.0,200.0,1142300.0
52,2021-10-17 07:27:55,30600.0,1000.0,1142100.0
53,2021-10-17 07:27:55,30600.0,100.0,1141100.0
54,2021-10-17 07:27:55,30600.0,100.0,1141000.0
55,2021-10-17 07:27:24,30600.0,200.0,1140900.0
56,2021-10-17 07:27:19,30650.0,800.0,1140700.0
57,2021-10-17 07:27:19,30650.0,1200.0,1139900.0
58,2021-10-17 07:27:06,30650.0,2000.0,1138700.0
59,2021-10-17 07:27:00,30650.0,1800.0,1136700.0
60,2021-10-17 07:26:59,30500.0,9000.0,1134900.0
61,2021-10-17 07:26:59,30500.0,900.0,1125900.0
62,2021-10-17 07:26:59,30550.0,100.0,1125000.0
63,2021-10-17 07:26:49,30700.0,500.0,1124900.0
64,2021-10-17 07:26:47,30700.0,900.0,1124400.0
65,2021-10-17 07:26:27,30700.0,1000.0,1123500.0
66,2021-10-17 07:26:20,30700.0,500.0,1122500.0
67,2021-10-17 07:26:16,30500.0,7100.0,1122000.0
68,2021-10-17 07:26:16,30500.0,500.0,1114900.0
69,2021-10-17 07:26:16,30500.0,100.0,1114400.0
70,2021-10-17 07:26:16,30500.0,200.0,1114300.0
71,2021-10-17 07:26:13,30700.0,100.0,1114100.0
72,2021-10-17 07:26:07,30700.0,500.0,1114000.0
73,2021-10-17 07:26:05,30700.0,300.0,1113500.0
74,2021-10-17 07:25:41,30700.0,100.0,1113200.0
75,2021-10-17 07:25:26,30700.0,800.0,1113100.0
76,2021-10-17 07:25:12,30700.0,100.0,1112300.0
77,2021-10-17 07:24:52,30950.0,600.0,1112200.0
78,2021-10-17 07:24:52,30950.0,400.0,1111600.0
79,2021-10-17 07:24:02,30950.0,1600.0,1111200.0
80,2021-10-17 07:24:02,30950.0,200.0,1109600.0
81,2021-10-17 07:23:55,30300.0,1300.0,1109400.0
82,2021-10-17 07:23:55,30400.0,100.0,1108100.0
83,2021-10-17 07:23:55,30500.0,2000.0,1108000.0
84,2021-10-17 07:23:55,30500.0,100.0,1106000.0
85,2021-10-17 07:23:55,30500.0,1000.0,1105900.0
86,2021-10-17 07:23:55,30500.0,500.0,1104900.0
87,2021-10-17 07:23:55,30600.0,100.0,1104400.0
88,2021-10-17 07:23:55,30700.0,100.0,1104300.0
89,2021-10-17 07:23:55,30800.0,500.0,1104200.0
90,2021-10-17 07:23:55,30800.0,1000.0,1103700.0
91,2021-10-17 07:23:55,30800.0,1800.0,1102700.0
92,2021-10-17 07:23:55,30800.0,100.0,1100900.0
93,2021-10-17 07:23:55,30800.0,1000.0,1100800.0
94,2021-10-17 07:23:55,30800.0,100.0,1099800.0
95,2021-10-17 07:23:55,30800.0,4000.0,1099700.0
96,2021-10-17 07:23:55,30800.0,1000.0,1095700.0
97,2021-10-17 07:23:55,30850.0,100.0,1094700.0
98,2021-10-17 07:23:55,30850.0,100.0,1094600.0
99,2021-10-17 07:23:55,30900.0,100.0,1094500.0
100,2021-10-17 07:23:52,30950.0,100.0,1094400.0
101,2021-10-17 07:23:48,30900.0,9900.0,1094300.0
102,2021-10-17 07:23:48,30900.0,100.0,1084400.0
103,2021-10-17 07:23:39,30950.0,100.0,1084300.0
104,2021-10-17 07:23:39,30950.0,500.0,1084200.0
105,2021-10-17 07:23:39,30950.0,2400.0,1083700.0
106,2021-10-17 07:23:30,30950.0,500.0,1081300.0
107,2021-10-17 07:23:24,30950.0,2000.0,1080800.0
108,2021-10-17 07:23:15,30950.0,600.0,1078800.0
109,2021-10-17 07:22:59,30950.0,100.0,1078200.0
110,2021-10-17 07:22:49,30950.0,300.0,1078100.0
111,2021-10-17 07:22:27,30950.0,1000.0,1077800.0
112,2021-10-17 07:22:27,30950.0,700.0,1076800.0
113,2021-10-17 07:22:23,30950.0,100.0,1076100.0
114,2021-10-17 07:22:19,30950.0,3200.0,1076000.0
115,2021-10-17 07:22:19,30950.0,1800.0,1072800.0
116,2021-10-17 07:22:18,30950.0,100.0,1071000.0
117,2021-10-17 07:21:42,30950.0,100.0,1070900.0
118,2021-10-17 07:21:34,30950.0,200.0,1070800.0
119,2021-10-17 07:21:13,30950.0,600.0,1070600.0
120,2021-10-17 07:21:09,30950.0,100.0,1070000.0
121,2021-10-17 07:21:04,31000.0,1800.0,1069900.0
122,2021-10-17 07:20:58,31000.0,300.0,1068100.0
123,2021-10-17 07:20:58,31000.0,100.0,1067800.0
124,2021-10-17 07:20:58,31000.0,1800.0,1067700.0
125,2021-10-17 07:20:47,31000.0,200.0,1065900.0
126,2021-10-17 07:20:47,31000.0,500.0,1065700.0
127,2021-10-17 07:20:47,31000.0,100.0,1065200.0
128,2021-10-17 07:20:47,31000.0,500.0,1065100.0
129,2021-10-17 07:20:47,31000.0,100.0,1064600.0
130,2021-10-17 07:20:47,31000.0,1000.0,1064500.0
131,2021-10-17 07:20:47,31000.0,300.0,1063500.0
132,2021-10-17 07:20:47,31000.0,2000.0,1063200.0
133,2021-10-17 07:20:47,31000.0,1000.0,1061200.0
134,2021-10-17 07:20:47,31000.0,4300.0,1060200.0
135,2021-10-17 07:20:42,31000.0,100.0,1055900.0
136,2021-10-17 07:20:42,31000.0,1200.0,1055800.0
137,2021-10-17 07:20:41,31000.0,2000.0,1054600.0
138,2021-10-17 07:20:33,31000.0,2400.0,1052600.0
139,2021-10-17 07:20:33,31000.0,100.0,1050200.0
140,2021-10-17 07:20:33,31000.0,2900.0,1050100.0
141,2021-10-17 07:20:33,31000.0,1000.0,1047200.0
142,2021-10-17 07:20:33,31000.0,100.0,1046200.0
143,2021-10-17 07:20:33,31000.0,400.0,1046100.0
144,2021-10-17 07:20:33,31000.0,1000.0,1045700.0
145,2021-10-17 07:20:33,31000.0,1000.0,1044700.0
146,2021-10-17 07:20:33,31000.0,500.0,1043700.0
147,2021-10-17 07:20:33,31000.0,2500.0,1043200.0
148,2021-10-17 07:20:33,31000.0,100.0,1040700.0
149,2021-10-17 07:20:33,31050.0,100.0,1040600.0
150,2021-10-17 07:20:33,31050.0,1000.0,1040500.0
151,2021-10-17 07:20:33,31050.0,600.0,1039500.0
152,2021-10-17 07:20:33,31050.0,200.0,1038900.0
153,2021-10-17 07:20:33,31050.0,1000.0,1038700.0
154,2021-10-17 07:20:33,31050.0,100.0,1037700.0
155,2021-10-17 07:20:33,31050.0,1000.0,1037600.0
156,2021-10-17 07:20:18,31100.0,3300.0,1036600.0
157,2021-10-17 07:20:15,31100.0,200.0,1033300.0
158,2021-10-17 07:20:15,31100.0,100.0,1033100.0
159,2021-10-17 07:20:15,31100.0,4500.0,1033000.0
160,2021-10-17 07:20:14,31100.0,10000.0,1028500.0
161,2021-10-17 07:20:10,31100.0,5000.0,1018500.0
162,2021-10-17 07:20:10,31150.0,3000.0,1013500.0
163,2021-10-17 07:20:10,31150.0,1000.0,1010500.0
164,2021-10-17 07:20:10,31150.0,600.0,1009500.0
165,2021-10-17 07:19:48,31150.0,600.0,1008900.0
166,2021-10-17 07:19:48,31150.0,400.0,1008300.0
167,2021-10-17 07:19:44,31150.0,100.0,1007900.0
168,2021-10-17 07:19:44,31150.0,400.0,1007800.0
169,2021-10-17 07:18:06,31250.0,1800.0,1007400.0
170,2021-10-17 07:18:00,31150.0,100.0,1005600.0
171,2021-10-17 07:17:44,31150.0,300.0,1005500.0
172,2021-10-17 07:17:41,31150.0,100.0,1005200.0
173,2021-10-17 07:17:41,31150.0,3100.0,1005100.0
174,2021-10-17 07:17:27,31100.0,500.0,1002000.0
175,2021-10-17 07:17:27,31100.0,200.0,1001500.0
176,2021-10-17 07:17:27,31100.0,100.0,1001300.0
177,2021-10-17 07:17:27,31100.0,100.0,1001200.0
178,2021-10-17 07:17:27,31100.0,100.0,1001100.0
179,2021-10-17 07:17:27,31100.0,1000.0,1001000.0
180,2021-10-17 07:16:49,31100.0,1000.0,1000000.0
181,2021-10-17 07:16:44,31150.0,2000.0,999000.0
182,2021-10-17 07:16:44,31150.0,1000.0,997000.0
183,2021-10-17 07:16:44,31150.0,2000.0,996000.0
184,2021-10-17 07:16:44,31150.0,200.0,994000.0
185,2021-10-17 07:16:44,31150.0,200.0,993800.0
186,2021-10-17 07:16:44,31150.0,1000.0,993600.0
187,2021-10-17 07:16:44,31150.0,500.0,992600.0
188,2021-10-17 07:16:38,31150.0,1000.0,992100.0
189,2021-10-17 07:15:36,31200.0,100.0,991100.0
190,2021-10-17 07:15:08,31200.0,1700.0,991000.0
191,2021-10-17 07:14:51,31200.0,100.0,989300.0
192,2021-10-17 07:14:51,31200.0,2000.0,989200.0
193,2021-10-17 07:14:51,31200.0,3000.0,987200.0
194,2021-10-17 07:14:51,31200.0,200.0,984200.0
195,2021-10-17 07:14:51,31200.0,100.0,984000.0
196,2021-10-17 07:14:51,31200.0,2900.0,983900.0
197,2021-10-17 07:14:02,31250.0,2000.0,981000.0
198,2021-10-17 07:13:22,31250.0,1000.0,979000.0
199,2021-10-17 07:13:04,31300.0,3900.0,978000.0
200,2021-10-17 07:12:46,31300.0,1100.0,974100.0
201,2021-10-17 07:12:10,31300.0,1800.0,973000.0
202,2021-10-17 07:11:32,31250.0,2000.0,971200.0
203,2021-10-17 07:10:11,31300.0,500.0,969200.0
204,2021-10-17 07:09:34,31300.0,3000.0,968700.0
205,2021-10-17 07:09:12,31300.0,1800.0,965700.0
206,2021-10-17 07:08:21,31200.0,100.0,963900.0
207,2021-10-17 07:08:21,31200.0,100.0,963800.0
208,2021-10-17 07:08:21,31200.0,100.0,963700.0
209,2021-10-17 07:08:21,31200.0,300.0,963600.0
210,2021-10-17 07:08:15,31250.0,800.0,963300.0
211,2021-10-17 07:08:04,31250.0,1000.0,962500.0
212,2021-10-17 07:08:04,31250.0,200.0,961500.0
213,2021-10-17 07:08:04,31250.0,2000.0,961300.0
214,2021-10-17 07:08:04,31250.0,1000.0,959300.0
215,2021-10-17 07:08:04,31250.0,1000.0,958300.0
216,2021-10-17 07:08:04,31250.0,1000.0,957300.0
217,2021-10-17 07:08:04,31250.0,2000.0,956300.0
218,2021-10-17 07:08:04,31250.0,200.0,954300.0
219,2021-10-17 07:08:04,31250.0,800.0,954100.0
220,2021-10-17 07:08:01,31300.0,1000.0,953300.0
221,2021-10-17 07:08:01,31300.0,400.0,952300.0
222,2021-10-17 07:08:01,31300.0,100.0,951900.0
223,2021-10-17 07:08:01,31300.0,300.0,951800.0
224,2021-10-17 07:07:35,31300.0,100.0,951500.0
225,2021-10-17 07:07:10,31300.0,100.0,951400.0
226,2021-10-17 07:07:10,31300.0,400.0,951300.0
227,2021-10-17 07:06:14,31400.0,1800.0,950900.0
228,2021-10-17 07:03:17,31300.0,1400.0,949100.0
229,2021-10-17 07:02:35,31300.0,2000.0,947700.0
230,2021-10-17 07:02:16,31300.0,3000.0,945700.0
231,2021-10-17 07:02:16,31300.0,3000.0,942700.0
232,2021-10-17 07:02:16,31300.0,100.0,939700.0
233,2021-10-17 07:02:16,31300.0,100.0,939600.0
234,2021-10-17 07:02:16,31300.0,100.0,939500.0
235,2021-10-17 07:02:16,31350.0,300.0,939400.0
236,2021-10-17 07:00:36,31400.0,3000.0,939100.0
237,2021-10-17 07:00:19,31350.0,1500.0,936100.0
238,2021-10-17 07:00:15,31350.0,500.0,934600.0
239,2021-10-17 07:00:15,31350.0,500.0,934100.0
240,2021-10-17 06:57:21,31400.0,1700.0,933600.0
241,2021-10-17 06:56:57,31300.0,2000.0,931900.0
242,2021-10-17 06:56:43,31300.0,100.0,929900.0
243,2021-10-17 06:56:10,31300.0,1800.0,929800.0
244,2021-10-17 06:55:26,31300.0,200.0,928000.0
245,2021-10-17 06:55:15,31300.0,200.0,927800.0
246,2021-10-17 06:55:14,31300.0,300.0,927600.0
247,2021-10-17 06:54:58,31300.0,200.0,927300.0
248,2021-10-17 06:54:23,31300.0,400.0,927100.0
249,2021-10-17 06:54:23,31300.0,600.0,926700.0
250,2021-10-17 06:53:13,31250.0,100.0,926100.0
251,2021-10-17 06:52:32,31300.0,600.0,926000.0
252,2021-10-17 06:52:23,31300.0,3000.0,925400.0
253,2021-10-17 06:51:27,31250.0,600.0,922400.0
254,2021-10-17 06:51:26,31300.0,1400.0,921800.0
255,2021-10-17 06:51:26,31300.0,300.0,920400.0
256,2021-10-17 06:51:08,31250.0,1300.0,920100.0
257,2021-10-17 06:48:52,31250.0,2200.0,918800.0
258,2021-10-17 06:48:52,31250.0,400.0,916600.0
259,2021-10-17 06:48:52,31250.0,5000.0,916200.0
260,2021-10-17 06:48:52,31250.0,2000.0,911200.0
261,2021-10-17 06:48:52,31250.0,100.0,909200.0
262,2021-10-17 06:48:52,31250.0,300.0,909100.0
263,2021-10-17 06:48:27,31350.0,1700.0,908800.0
264,2021-10-17 06:48:24,31300.0,900.0,907100.0
265,2021-10-17 06:48:06,31300.0,2000.0,906200.0
266,2021-10-17 06:47:42,31300.0,2000.0,904200.0
267,2021-10-17 06:47:17,31300.0,2000.0,902200.0
268,2021-10-17 06:47:17,31300.0,500.0,900200.0
269,2021-10-17 06:47:17,31300.0,1000.0,899700.0
270,2021-10-17 06:47:17,31300.0,300.0,898700.0
271,2021-10-17 06:47:17,31300.0,200.0,898400.0
272,2021-10-17 06:47:17,31300.0,100.0,898200.0
273,2021-10-17 06:47:17,31300.0,1000.0,898100.0
274,2021-10-17 06:45:34,31300.0,1000.0,897100.0
275,2021-10-17 06:45:29,31350.0,900.0,896100.0
276,2021-10-17 06:45:29,31350.0,800.0,895200.0
277,2021-10-17 06:45:10,31300.0,1000.0,894400.0
278,2021-10-17 06:45:10,31300.0,4000.0,893400.0
279,2021-10-17 06:44:21,31300.0,5000.0,889400.0
280,2021-10-17 06:43:40,31350.0,200.0,884400.0
281,2021-10-17 06:43:29,31350.0,8000.0,884200.0
282,2021-10-17 06:43:29,31350.0,100.0,876200.0
283,2021-10-17 06:43:29,31350.0,2000.0,876100.0
284,2021-10-17 06:43:19,31400.0,1500.0,874100.0
285,2021-10-17 06:42:31,31400.0,100.0,872600.0
286,2021-10-17 06:42:31,31400.0,100.0,872500.0
287,2021-10-17 06:40:44,31400.0,3500.0,872400.0
288,2021-10-17 06:39:33,31400.0,1500.0,868900.0
289,2021-10-17 06:39:33,31400.0,200.0,867400.0
290,2021-10-17 06:39:23,31350.0,1000.0,867200.0
291,2021-10-17 06:38:57,31350.0,100.0,866200.0
292,2021-10-17 06:38:57,31350.0,900.0,866100.0
293,2021-10-17 06:37:10,31350.0,100.0,865200.0
294,2021-10-17 06:36:35,31350.0,1700.0,865100.0
295,2021-10-17 06:36:34,31300.0,1000.0,863400.0
296,2021-10-17 06:36:06,31350.0,300.0,862400.0
297,2021-10-17 06:36:05,31350.0,100.0,862100.0
298,2021-10-17 06:35:44,31350.0,1600.0,862000.0
299,2021-10-17 06:35:44,31350.0,400.0,860400.0
300,2021-10-17 06:35:26,31350.0,4600.0,860000.0
301,2021-10-17 06:35:26,31350.0,5000.0,855400.0
302,2021-10-17 06:35:26,31350.0,100.0,850400.0
303,2021-10-17 06:35:26,31350.0,300.0,850300.0
304,2021-10-17 06:35:06,31400.0,2000.0,850000.0
305,2021-10-17 06:34:36,31350.0,300.0,848000.0
306,2021-10-17 06:33:37,31400.0,1700.0,847700.0
307,2021-10-17 06:32:26,31400.0,1100.0,846000.0
308,2021-10-17 06:32:26,31400.0,2900.0,844900.0
309,2021-10-17 06:32:18,31400.0,6100.0,842000.0
310,2021-10-17 06:32:18,31400.0,2900.0,835900.0
311,2021-10-17 06:31:32,31400.0,3000.0,833000.0
312,2021-10-17 06:31:29,31350.0,900.0,830000.0
313,2021-10-17 06:31:19,31400.0,2000.0,829100.0
314,2021-10-17 06:30:57,31400.0,100.0,827100.0
315,2021-10-17 06:30:39,31400.0,100.0,827000.0
316,2021-10-17 06:30:39,31400.0,1500.0,826900.0
317,2021-10-17 06:29:23,31350.0,100.0,825400.0
318,2021-10-17 06:29:23,31350.0,900.0,825300.0
319,2021-10-17 06:28:43,31400.0,700.0,824400.0
320,2021-10-17 06:28:16,31400.0,3000.0,823700.0
321,2021-10-17 06:28:16,31400.0,2800.0,820700.0
322,2021-10-17 06:27:41,31450.0,1700.0,817900.0
323,2021-10-17 06:27:22,31400.0,1000.0,816200.0
324,2021-10-17 06:26:43,31400.0,2200.0,815200.0
325,2021-10-17 06:26:27,31400.0,700.0,813000.0
326,2021-10-17 06:26:20,31400.0,5000.0,812300.0
327,2021-10-17 06:25:03,31400.0,1100.0,807300.0
328,2021-10-17 06:24:58,31400.0,2100.0,806200.0
329,2021-10-17 06:24:43,31400.0,1700.0,804100.0
330,2021-10-17 06:23:02,31400.0,5000.0,802400.0
331,2021-10-17 06:23:02,31400.0,200.0,797400.0
332,2021-10-17 06:21:46,31400.0,200.0,797200.0
333,2021-10-17 06:21:46,31400.0,500.0,797000.0
334,2021-10-17 06:21:46,31400.0,100.0,796500.0
335,2021-10-17 06:21:46,31400.0,700.0,796400.0
336,2021-10-17 06:18:48,31400.0,300.0,795700.0
337,2021-10-17 06:18:48,31400.0,1400.0,795400.0
338,2021-10-17 06:18:46,31400.0,400.0,794000.0
339,2021-10-17 06:15:50,31400.0,1700.0,793600.0
340,2021-10-17 06:14:31,31300.0,500.0,791900.0
341,2021-10-17 06:13:09,31250.0,500.0,791400.0
342,2021-10-17 06:12:52,31300.0,1700.0,790900.0
343,2021-10-17 06:12:48,31250.0,500.0,789200.0
344,2021-10-17 06:12:48,31250.0,800.0,788700.0
345,2021-10-17 06:12:48,31250.0,1000.0,787900.0
346,2021-10-17 06:12:48,31250.0,300.0,786900.0
347,2021-10-17 06:12:06,31300.0,100.0,786600.0
348,2021-10-17 06:11:43,31250.0,200.0,786500.0
349,2021-10-17 06:11:43,31250.0,1800.0,786300.0
350,2021-10-17 06:11:38,31250.0,3200.0,784500.0
351,2021-10-17 06:11:29,31250.0,700.0,781300.0
352,2021-10-17 06:10:58,31250.0,1000.0,780600.0
353,2021-10-17 06:10:02,31250.0,1000.0,779600.0
354,2021-10-17 06:09:54,31250.0,1700.0,778600.0
355,2021-10-17 06:09:44,31200.0,4700.0,776900.0
356,2021-10-17 06:09:17,31200.0,1000.0,772200.0
357,2021-10-17 06:09:04,31200.0,600.0,771200.0
358,2021-10-17 06:09:00,31200.0,100.0,770600.0
359,2021-10-17 06:08:55,31200.0,1500.0,770500.0
360,2021-10-17 06:08:55,31200.0,3000.0,769000.0
361,2021-10-17 06:08:55,31200.0,1500.0,766000.0
362,2021-10-17 06:08:21,31200.0,3500.0,764500.0
363,2021-10-17 06:08:21,31200.0,2000.0,761000.0
364,2021-10-17 06:08:21,31200.0,100.0,759000.0
365,2021-10-17 06:08:21,31200.0,2000.0,758900.0
366,2021-10-17 06:08:21,31200.0,200.0,756900.0
367,2021-10-17 06:08:21,31200.0,500.0,756700.0
368,2021-10-17 06:08:21,31200.0,100.0,756200.0
369,2021-10-17 06:08:21,31200.0,200.0,756100.0
370,2021-10-17 06:08:21,31200.0,400.0,755900.0
371,2021-10-17 06:08:21,31200.0,100.0,755500.0
372,2021-10-17 06:08:21,31200.0,200.0,755400.0
373,2021-10-17 06:08:21,31200.0,700.0,755200.0
374,2021-10-17 06:08:14,31250.0,500.0,754500.0
375,2021-10-17 06:08:14,31250.0,1900.0,754000.0
376,2021-10-17 06:08:11,31300.0,2000.0,752100.0
377,2021-10-17 06:07:47,31400.0,2000.0,750100.0
378,2021-10-17 06:07:47,31400.0,1600.0,748100.0
379,2021-10-17 06:06:56,31400.0,100.0,746500.0
380,2021-10-17 06:06:41,31400.0,200.0,746400.0
381,2021-10-17 06:06:41,31400.0,3800.0,746200.0
382,2021-10-17 06:05:29,31400.0,2700.0,742400.0
383,2021-10-17 06:05:29,31400.0,2300.0,739700.0
384,2021-10-17 06:04:41,31250.0,100.0,737400.0
385,2021-10-17 06:04:02,31200.0,300.0,737300.0
386,2021-10-17 06:04:02,31250.0,200.0,737000.0
387,2021-10-17 06:04:02,31250.0,300.0,736800.0
388,2021-10-17 06:04:02,31250.0,2000.0,736500.0
389,2021-10-17 06:04:02,31250.0,2000.0,734500.0
390,2021-10-17 06:04:02,31300.0,100.0,732500.0
391,2021-10-17 06:04:02,31300.0,1000.0,732400.0
392,2021-10-17 06:04:02,31300.0,2000.0,731400.0
393,2021-10-17 06:04:02,31350.0,3000.0,729400.0
394,2021-10-17 06:04:02,31350.0,100.0,726400.0
395,2021-10-17 06:04:02,31350.0,1000.0,726300.0
396,2021-10-17 06:03:58,31400.0,1700.0,725300.0
397,2021-10-17 06:01:44,31400.0,5000.0,723600.0
398,2021-10-17 06:01:37,31450.0,600.0,718600.0
399,2021-10-17 06:01:00,31450.0,1700.0,718000.0
400,2021-10-17 06:00:31,31400.0,500.0,716300.0
401,2021-10-17 06:00:02,31450.0,100.0,715800.0
402,2021-10-17 04:29:59,31400.0,2000.0,715700.0
403,2021-10-17 04:29:56,31400.0,200.0,713700.0
404,2021-10-17 04:28:58,31400.0,3000.0,713500.0
405,2021-10-17 04:28:05,31400.0,2000.0,710500.0
406,2021-10-17 04:28:01,31400.0,300.0,708500.0
407,2021-10-17 04:28:01,31400.0,1000.0,708200.0
408,2021-10-17 04:27:58,31400.0,2000.0,707200.0
409,2021-10-17 04:27:58,31400.0,200.0,705200.0
410,2021-10-17 04:27:36,31400.0,100.0,705000.0
411,2021-10-17 04:27:28,31400.0,300.0,704900.0
412,2021-10-17 04:27:25,31400.0,8400.0,704600.0
413,2021-10-17 04:27:25,31400.0,1600.0,696200.0
414,2021-10-17 04:26:35,31400.0,1200.0,694600.0
415,2021-10-17 04:25:38,31350.0,4800.0,693400.0
416,2021-10-17 04:25:25,31350.0,2000.0,688600.0
417,2021-10-17 04:25:09,31350.0,1200.0,686600.0
418,2021-10-17 04:24:50,31350.0,5000.0,685400.0
419,2021-10-17 04:24:22,31300.0,2800.0,680400.0
420,2021-10-17 04:23:46,31300.0,2400.0,677600.0
421,2021-10-17 04:23:46,31300.0,2400.0,675200.0
422,2021-10-17 04:23:42,31300.0,1200.0,672800.0
423,2021-10-17 04:23:23,31300.0,400.0,671600.0
424,2021-10-17 04:22:45,31300.0,1000.0,671200.0
425,2021-10-17 04:22:41,31300.0,200.0,670200.0
426,2021-10-17 04:22:16,31300.0,1200.0,670000.0
427,2021-10-17 04:21:58,31300.0,3000.0,668800.0
428,2021-10-17 04:21:56,31300.0,2000.0,665800.0
429,2021-10-17 04:21:52,31300.0,300.0,663800.0
430,2021-10-17 04:21:46,31300.0,300.0,663500.0
431,2021-10-17 04:20:50,31300.0,1200.0,663200.0
432,2021-10-17 04:20:05,31250.0,1000.0,662000.0
433,2021-10-17 04:19:24,31250.0,100.0,661000.0
434,2021-10-17 04:19:00,31250.0,2400.0,660900.0
435,2021-10-17 04:19:00,31250.0,4600.0,658500.0
436,2021-10-17 04:17:58,31250.0,1200.0,653900.0
437,2021-10-17 04:17:27,31250.0,1500.0,652700.0
438,2021-10-17 04:17:27,31250.0,1000.0,651200.0
439,2021-10-17 04:17:27,31250.0,2000.0,650200.0
440,2021-10-17 04:17:27,31250.0,200.0,648200.0
441,2021-10-17 04:17:27,31250.0,1700.0,648000.0
442,2021-10-17 04:17:27,31250.0,500.0,646300.0
443,2021-10-17 04:17:27,31250.0,200.0,645800.0
444,2021-10-17 04:17:27,31250.0,100.0,645600.0
445,2021-10-17 04:17:27,31250.0,2000.0,645500.0
446,2021-10-17 04:16:36,31300.0,500.0,643500.0
447,2021-10-17 04:16:31,31300.0,1200.0,643000.0
448,2021-10-17 04:16:14,31300.0,100.0,641800.0
449,2021-10-17 04:16:14,31300.0,400.0,641700.0
450,2021-10-17 04:15:49,31300.0,100.0,641300.0
451,2021-10-17 04:15:49,31300.0,3000.0,641200.0
452,2021-10-17 04:15:49,31300.0,5000.0,638200.0
453,2021-10-17 04:15:49,31300.0,100.0,633200.0
454,2021-10-17 04:15:49,31300.0,100.0,633100.0
455,2021-10-17 04:15:49,31300.0,500.0,633000.0
456,2021-10-17 04:15:49,31300.0,2000.0,632500.0
457,2021-10-17 04:15:49,31300.0,3800.0,630500.0
458,2021-10-17 04:15:46,31350.0,500.0,626700.0
459,2021-10-17 04:15:46,31350.0,100.0,626200.0
460,2021-10-17 04:15:46,31350.0,1400.0,626100.0
461,2021-10-17 04:15:33,31350.0,100.0,624700.0
462,2021-10-17 04:15:33,31350.0,700.0,624600.0
463,2021-10-17 04:15:05,31400.0,1100.0,623900.0
464,2021-10-17 04:14:53,31400.0,2200.0,622800.0
465,2021-10-17 04:14:26,31400.0,400.0,620600.0
466,2021-10-17 04:14:11,31400.0,200.0,620200.0
467,2021-10-17 04:14:11,31400.0,2000.0,620000.0
468,2021-10-17 04:14:11,31400.0,100.0,618000.0
469,2021-10-17 04:14:11,31400.0,1000.0,617900.0
470,2021-10-17 04:14:11,31400.0,200.0,616900.0
471,2021-10-17 04:13:39,31450.0,1100.0,616700.0
472,2021-10-17 04:12:13,31400.0,200.0,615600.0
473,2021-10-17 04:12:13,31400.0,700.0,615400.0
474,2021-10-17 04:10:46,31400.0,1100.0,614700.0
475,2021-10-17 04:09:20,31400.0,800.0,613600.0
476,2021-10-17 04:09:10,31300.0,300.0,612800.0
477,2021-10-17 04:08:59,31300.0,900.0,612500.0
478,2021-10-17 04:08:59,31300.0,100.0,611600.0
479,2021-10-17 04:08:59,31300.0,200.0,611500.0
480,2021-10-17 04:08:59,31300.0,2000.0,611300.0
481,2021-10-17 04:08:59,31300.0,500.0,609300.0
482,2021-10-17 04:08:59,31300.0,100.0,608800.0
483,2021-10-17 04:08:59,31300.0,2000.0,608700.0
484,2021-10-17 04:08:59,31300.0,100.0,606700.0
485,2021-10-17 04:08:59,31300.0,1000.0,606600.0
486,2021-10-17 04:08:59,31300.0,500.0,605600.0
487,2021-10-17 04:08:59,31300.0,3000.0,605100.0
488,2021-10-17 04:08:59,31300.0,100.0,602100.0
489,2021-10-17 04:08:59,31300.0,500.0,602000.0
490,2021-10-17 04:08:59,31300.0,100.0,601500.0
491,2021-10-17 04:08:59,31350.0,5000.0,601400.0
492,2021-10-17 04:08:59,31350.0,1000.0,596400.0
493,2021-10-17 04:08:59,31350.0,2900.0,595400.0
494,2021-10-17 04:08:46,31400.0,2000.0,592500.0
495,2021-10-17 04:08:35,31350.0,2100.0,590500.0
496,2021-10-17 04:08:35,31350.0,200.0,588400.0
497,2021-10-17 04:08:35,31350.0,1000.0,588200.0
498,2021-10-17 04:08:35,31350.0,200.0,587200.0
499,2021-10-17 04:08:35,31350.0,500.0,587000.0
500,2021-10-17 04:08:21,31400.0,1000.0,586500.0
501,2021-10-17 04:08:00,31400.0,100.0,585500.0
502,2021-10-17 04:08:00,31400.0,500.0,585400.0
503,2021-10-17 04:08:00,31400.0,100.0,584900.0
504,2021-10-17 04:08:00,31400.0,2700.0,584800.0
505,2021-10-17 04:07:54,31450.0,800.0,582100.0
506,2021-10-17 04:07:32,31400.0,1000.0,581300.0
507,2021-10-17 04:07:32,31400.0,2500.0,580300.0
508,2021-10-17 04:07:04,31400.0,5000.0,577800.0
509,2021-10-17 04:07:00,31400.0,1500.0,572800.0
510,2021-10-17 04:06:56,31400.0,3500.0,571300.0
511,2021-10-17 04:06:55,31400.0,2000.0,567800.0
512,2021-10-17 04:06:28,31400.0,800.0,565800.0
513,2021-10-17 04:05:15,31350.0,1500.0,565000.0
514,2021-10-17 04:05:04,31350.0,200.0,563500.0
515,2021-10-17 04:05:02,31400.0,800.0,563300.0
516,2021-10-17 04:04:46,31350.0,2000.0,562500.0
517,2021-10-17 04:03:35,31400.0,1200.0,560500.0
518,2021-10-17 04:02:41,31400.0,300.0,559300.0
519,2021-10-17 04:02:39,31400.0,100.0,559000.0
520,2021-10-17 04:02:39,31400.0,300.0,558900.0
521,2021-10-17 04:02:09,31450.0,400.0,558600.0
522,2021-10-17 04:02:09,31450.0,800.0,558200.0
523,2021-10-17 04:02:08,31400.0,3000.0,557400.0
524,2021-10-17 04:01:53,31400.0,400.0,554400.0
525,2021-10-17 04:01:47,31400.0,300.0,554000.0
526,2021-10-17 04:01:47,31400.0,400.0,553700.0
527,2021-10-17 04:01:47,31400.0,800.0,553300.0
528,2021-10-17 04:00:43,31400.0,400.0,552500.0
529,2021-10-17 04:00:36,31400.0,2000.0,552100.0
530,2021-10-17 04:00:24,31400.0,200.0,550100.0
531,2021-10-17 04:00:24,31400.0,2000.0,549900.0
532,2021-10-17 04:00:24,31400.0,4400.0,547900.0
533,2021-10-17 04:00:19,31400.0,3600.0,543500.0
534,2021-10-17 04:00:19,31400.0,500.0,539900.0
535,2021-10-17 04:00:19,31400.0,500.0,539400.0
536,2021-10-17 04:00:19,31400.0,100.0,538900.0
537,2021-10-17 04:00:19,31400.0,400.0,538800.0
538,2021-10-17 04:00:19,31400.0,4400.0,538400.0
539,2021-10-17 03:58:57,31450.0,200.0,534000.0
540,2021-10-17 03:58:57,31450.0,2000.0,533800.0
541,2021-10-17 03:55:26,31500.0,500.0,531800.0
542,2021-10-17 03:54:42,31500.0,200.0,531300.0
543,2021-10-17 03:53:55,31500.0,2200.0,531100.0
544,2021-10-17 03:53:55,31500.0,1000.0,528900.0
545,2021-10-17 03:53:06,31400.0,100.0,527900.0
546,2021-10-17 03:52:58,31400.0,500.0,527800.0
547,2021-10-17 03:52:58,31400.0,200.0,527300.0
548,2021-10-17 03:52:58,31400.0,400.0,527100.0
549,2021-10-17 03:51:02,31400.0,300.0,526700.0
550,2021-10-17 03:50:27,31400.0,200.0,526400.0
551,2021-10-17 03:49:40,31400.0,500.0,526200.0
552,2021-10-17 03:49:40,31400.0,3600.0,525700.0
553,2021-10-17 03:48:11,31400.0,200.0,522100.0
554,2021-10-17 03:47:48,31400.0,100.0,521900.0
555,2021-10-17 03:47:48,31400.0,2000.0,521800.0
556,2021-10-17 03:47:48,31400.0,200.0,519800.0
557,2021-10-17 03:47:48,31400.0,500.0,519600.0
558,2021-10-17 03:47:48,31400.0,1000.0,519100.0
559,2021-10-17 03:47:48,31400.0,200.0,518100.0
560,2021-10-17 03:47:48,31400.0,500.0,517900.0
561,2021-10-17 03:47:48,31400.0,400.0,517400.0
562,2021-10-17 03:47:48,31400.0,1200.0,517000.0
563,2021-10-17 03:47:48,31450.0,1800.0,515800.0
564,2021-10-17 03:47:48,31500.0,1000.0,514000.0
565,2021-10-17 03:47:48,31500.0,100.0,513000.0
566,2021-10-17 03:47:39,31450.0,200.0,512900.0
567,2021-10-17 03:47:30,31400.0,300.0,512700.0
568,2021-10-17 03:45:33,31400.0,300.0,512400.0
569,2021-10-17 03:44:56,31400.0,200.0,512100.0
570,2021-10-17 03:44:54,31400.0,2000.0,511900.0
571,2021-10-17 03:44:29,31400.0,100.0,509900.0
572,2021-10-17 03:44:14,31400.0,1000.0,509800.0
573,2021-10-17 03:44:11,31400.0,300.0,508800.0
574,2021-10-17 03:44:11,31400.0,100.0,508500.0
575,2021-10-17 03:44:11,31400.0,500.0,508400.0
576,2021-10-17 03:44:11,31400.0,10000.0,507900.0
577,2021-10-17 03:44:11,31400.0,200.0,497900.0
578,2021-10-17 03:44:11,31400.0,100.0,497700.0
579,2021-10-17 03:44:10,31400.0,100.0,497600.0
580,2021-10-17 03:44:10,31400.0,5400.0,497500.0
581,2021-10-17 03:44:07,31400.0,2000.0,492100.0
582,2021-10-17 03:43:50,31500.0,3000.0,490100.0
583,2021-10-17 03:43:46,31400.0,7000.0,487100.0
584,2021-10-17 03:43:35,31400.0,1000.0,480100.0
585,2021-10-17 03:43:22,31400.0,3000.0,479100.0
586,2021-10-17 03:42:59,31400.0,5600.0,476100.0
587,2021-10-17 03:42:59,31400.0,100.0,470500.0
588,2021-10-17 03:42:59,31400.0,100.0,470400.0
589,2021-10-17 03:42:59,31400.0,100.0,470300.0
590,2021-10-17 03:42:59,31400.0,400.0,470200.0
591,2021-10-17 03:42:59,31400.0,200.0,469800.0
592,2021-10-17 03:42:59,31400.0,500.0,469600.0
593,2021-10-17 03:42:05,31500.0,700.0,469100.0
594,2021-10-17 03:41:59,31500.0,1400.0,468400.0
595,2021-10-17 03:41:44,31500.0,9000.0,467000.0
596,2021-10-17 03:41:44,31500.0,100.0,458000.0
597,2021-10-17 03:41:44,31500.0,1000.0,457900.0
598,2021-10-17 03:41:44,31500.0,3000.0,456900.0
599,2021-10-17 03:41:44,31500.0,100.0,453900.0
600,2021-10-17 03:41:44,31500.0,100.0,453800.0
601,2021-10-17 03:41:44,31500.0,1000.0,453700.0
602,2021-10-17 03:41:44,31500.0,500.0,452700.0
603,2021-10-17 03:41:42,31550.0,3000.0,452200.0
604,2021-10-17 03:41:42,31550.0,2000.0,449200.0
605,2021-10-17 03:41:42,31550.0,100.0,447200.0
606,2021-10-17 03:41:42,31550.0,100.0,447100.0
607,2021-10-17 03:41:42,31550.0,3000.0,447000.0
608,2021-10-17 03:41:42,31550.0,2000.0,444000.0
609,2021-10-17 03:41:42,31550.0,1300.0,442000.0
610,2021-10-17 03:41:42,31550.0,1900.0,440700.0
611,2021-10-17 03:41:42,31550.0,100.0,438800.0
612,2021-10-17 03:41:42,31550.0,2500.0,438700.0
613,2021-10-17 03:41:36,31600.0,100.0,436200.0
614,2021-10-17 03:40:44,31600.0,1800.0,436100.0
615,2021-10-17 03:40:44,31600.0,2000.0,434300.0
616,2021-10-17 03:40:44,31600.0,300.0,432300.0
617,2021-10-17 03:39:30,31650.0,1000.0,432000.0
618,2021-10-17 03:39:25,31650.0,500.0,431000.0
619,2021-10-17 03:37:48,31650.0,2000.0,430500.0
620,2021-10-17 03:37:03,31650.0,400.0,428500.0
621,2021-10-17 03:35:31,31550.0,2000.0,428100.0
622,2021-10-17 03:34:49,31550.0,5300.0,426100.0
623,2021-10-17 03:34:49,31550.0,1000.0,420800.0
624,2021-10-17 03:34:49,31550.0,1000.0,419800.0
625,2021-10-17 03:34:49,31550.0,700.0,418800.0
626,2021-10-17 03:34:49,31600.0,2000.0,418100.0
627,2021-10-17 03:32:04,31550.0,3700.0,416100.0
628,2021-10-17 03:32:04,31600.0,200.0,412400.0
629,2021-10-17 03:32:04,31600.0,100.0,412200.0
630,2021-10-17 03:29:32,31550.0,600.0,412100.0
631,2021-10-17 03:29:32,31600.0,200.0,411500.0
632,2021-10-17 03:29:32,31600.0,200.0,411300.0
633,2021-10-17 03:28:09,31600.0,1800.0,411100.0
634,2021-10-17 03:28:09,31600.0,100.0,409300.0
635,2021-10-17 03:28:09,31600.0,4000.0,409200.0
636,2021-10-17 03:28:09,31600.0,500.0,405200.0
637,2021-10-17 03:28:09,31600.0,1000.0,404700.0
638,2021-10-17 03:28:09,31600.0,3000.0,403700.0
639,2021-10-17 03:28:09,31600.0,100.0,400700.0
640,2021-10-17 03:28:09,31600.0,2500.0,400600.0
641,2021-10-17 03:28:09,31600.0,300.0,398100.0
642,2021-10-17 03:28:09,31600.0,3000.0,397800.0
643,2021-10-17 03:28:09,31600.0,400.0,394800.0
644,2021-10-17 03:28:09,31600.0,300.0,394400.0
645,2021-10-17 03:28:09,31600.0,100.0,394100.0
646,2021-10-17 03:28:09,31650.0,2900.0,394000.0
647,2021-10-17 03:28:04,31650.0,2100.0,391100.0
648,2021-10-17 03:28:04,31650.0,1000.0,389000.0
649,2021-10-17 03:28:04,31650.0,1900.0,388000.0
650,2021-10-17 03:27:38,31650.0,100.0,386100.0
651,2021-10-17 03:27:22,31700.0,1000.0,386000.0
652,2021-10-17 03:26:58,31700.0,4300.0,385000.0
653,2021-10-17 03:26:51,31750.0,100.0,380700.0
654,2021-10-17 03:26:51,31750.0,100.0,380600.0
655,2021-10-17 03:26:41,31750.0,2000.0,380500.0
656,2021-10-17 03:26:41,31750.0,2000.0,378500.0
657,2021-10-17 03:26:14,31750.0,3000.0,376500.0
658,2021-10-17 03:25:26,31750.0,300.0,373500.0
659,2021-10-17 03:25:14,31700.0,700.0,373200.0
660,2021-10-17 03:25:13,31700.0,500.0,372500.0
661,2021-10-17 03:25:07,31700.0,1000.0,372000.0
662,2021-10-17 03:24:57,31700.0,2000.0,371000.0
663,2021-10-17 03:24:54,31700.0,200.0,369000.0
664,2021-10-17 03:24:54,31700.0,200.0,368800.0
665,2021-10-17 03:24:54,31700.0,200.0,368600.0
666,2021-10-17 03:24:54,31700.0,1000.0,368400.0
667,2021-10-17 03:24:54,31700.0,3700.0,367400.0
668,2021-10-17 03:24:53,31700.0,2300.0,363700.0
669,2021-10-17 03:24:53,31700.0,100.0,361400.0
670,2021-10-17 03:24:53,31700.0,1500.0,361300.0
671,2021-10-17 03:24:53,31700.0,200.0,359800.0
672,2021-10-17 03:24:53,31700.0,200.0,359600.0
673,2021-10-17 03:24:53,31700.0,400.0,359400.0
674,2021-10-17 03:24:53,31700.0,200.0,359000.0
675,2021-10-17 03:24:53,31700.0,300.0,358800.0
676,2021-10-17 03:24:53,31700.0,900.0,358500.0
677,2021-10-17 03:24:53,31700.0,2000.0,357600.0
678,2021-10-17 03:24:53,31700.0,1400.0,355600.0
679,2021-10-17 03:24:47,31750.0,1400.0,354200.0
680,2021-10-17 03:24:47,31750.0,500.0,352800.0
681,2021-10-17 03:24:47,31750.0,2000.0,352300.0
682,2021-10-17 03:24:47,31750.0,1100.0,350300.0
683,2021-10-17 03:24:47,31750.0,700.0,349200.0
684,2021-10-17 03:24:47,31750.0,100.0,348500.0
685,2021-10-17 03:24:47,31750.0,200.0,348400.0
686,2021-10-17 03:24:47,31750.0,1200.0,348200.0
687,2021-10-17 03:24:47,31750.0,1500.0,347000.0
688,2021-10-17 03:24:09,31800.0,100.0,345500.0
689,2021-10-17 03:24:08,31800.0,500.0,345400.0
690,2021-10-17 03:21:48,31800.0,200.0,344900.0
691,2021-10-17 03:21:47,31800.0,200.0,344700.0
692,2021-10-17 03:21:47,31800.0,600.0,344500.0
693,2021-10-17 03:20:36,31800.0,100.0,343900.0
694,2021-10-17 03:20:35,31800.0,500.0,343800.0
695,2021-10-17 03:20:34,31800.0,1800.0,343300.0
696,2021-10-17 03:20:34,31800.0,200.0,341500.0
697,2021-10-17 03:20:34,31800.0,200.0,341300.0
698,2021-10-17 03:20:34,31800.0,300.0,341100.0
699,2021-10-17 03:20:34,31800.0,100.0,340800.0
700,2021-10-17 03:20:34,31800.0,200.0,340700.0
701,2021-10-17 03:20:34,31800.0,200.0,340500.0
702,2021-10-17 03:20:34,31800.0,1000.0,340300.0
703,2021-10-17 03:20:34,31800.0,2700.0,339300.0
704,2021-10-17 03:20:34,31800.0,1100.0,336600.0
705,2021-10-17 03:16:32,31800.0,100.0,335500.0
706,2021-10-17 03:16:32,31850.0,100.0,335400.0
707,2021-10-17 03:16:32,31850.0,300.0,335300.0
708,2021-10-17 03:16:28,31850.0,100.0,335000.0
709,2021-10-17 03:16:28,31850.0,500.0,334900.0
710,2021-10-17 03:16:26,31850.0,3000.0,334400.0
711,2021-10-17 03:16:04,31850.0,200.0,331400.0
712,2021-10-17 03:16:02,31850.0,800.0,331200.0
713,2021-10-17 03:16:01,31800.0,700.0,330400.0
714,2021-10-17 03:15:48,31850.0,200.0,329700.0
715,2021-10-17 03:15:35,31850.0,200.0,329500.0
716,2021-10-17 03:15:34,31850.0,900.0,329300.0
717,2021-10-17 03:15:32,31850.0,500.0,328400.0
718,2021-10-17 03:15:32,31850.0,2700.0,327900.0
719,2021-10-17 03:15:31,31900.0,100.0,325200.0
720,2021-10-17 03:15:31,31800.0,100.0,325100.0
721,2021-10-17 03:15:31,31800.0,500.0,325000.0
722,2021-10-17 03:15:31,31800.0,100.0,324500.0
723,2021-10-17 03:15:31,31850.0,1000.0,324400.0
724,2021-10-17 03:15:31,31850.0,100.0,323400.0
725,2021-10-17 03:15:31,31850.0,1100.0,323300.0
726,2021-10-17 03:15:30,31850.0,1900.0,322200.0
727,2021-10-17 03:15:30,31850.0,200.0,320300.0
728,2021-10-17 03:15:30,31850.0,1300.0,320100.0
729,2021-10-17 03:15:30,31850.0,2000.0,318800.0
730,2021-10-17 03:15:30,31850.0,100.0,316800.0
731,2021-10-17 03:15:30,31850.0,100.0,316700.0
732,2021-10-17 03:15:30,31850.0,2400.0,316600.0
733,2021-10-17 03:15:19,31900.0,200.0,314200.0
734,2021-10-17 03:15:18,31900.0,800.0,314000.0
735,2021-10-17 03:15:16,31900.0,2700.0,313200.0
736,2021-10-17 03:15:13,31900.0,1500.0,310500.0
737,2021-10-17 03:15:13,31900.0,1000.0,309000.0
738,2021-10-17 03:15:13,31900.0,4500.0,308000.0
739,2021-10-17 03:15:13,31900.0,2000.0,303500.0
740,2021-10-17 03:15:13,32000.0,100.0,301500.0
741,2021-10-17 03:15:11,31900.0,3000.0,301400.0
742,2021-10-17 03:15:10,32000.0,2000.0,298400.0
743,2021-10-17 03:15:07,32000.0,200.0,296400.0
744,2021-10-17 03:15:06,32000.0,900.0,296200.0
745,2021-10-17 03:15:04,32000.0,3000.0,295300.0
746,2021-10-17 03:14:52,32000.0,100.0,292300.0
747,2021-10-17 03:14:41,32000.0,100.0,292200.0
748,2021-10-17 03:14:31,31850.0,400.0,292100.0
749,2021-10-17 03:14:28,32000.0,100.0,291700.0
750,2021-10-17 03:14:01,31850.0,1500.0,291600.0
751,2021-10-17 03:14:01,31900.0,2000.0,290100.0
752,2021-10-17 03:14:01,31950.0,200.0,288100.0
753,2021-10-17 03:14:01,31950.0,800.0,287900.0
754,2021-10-17 03:14:00,31950.0,200.0,287100.0
755,2021-10-17 03:13:54,31950.0,100.0,286900.0
756,2021-10-17 03:13:53,31950.0,600.0,286800.0
757,2021-10-17 03:13:53,31950.0,300.0,286200.0
758,2021-10-17 03:13:52,31950.0,2000.0,285900.0
759,2021-10-17 03:13:46,31950.0,300.0,283900.0
760,2021-10-17 03:13:46,31950.0,1200.0,283600.0
761,2021-10-17 03:13:45,32000.0,1400.0,282400.0
762,2021-10-17 03:13:45,32000.0,2900.0,281000.0
763,2021-10-17 03:13:42,32000.0,100.0,278100.0
764,2021-10-17 03:13:42,32000.0,800.0,278000.0
765,2021-10-17 03:13:42,32000.0,3800.0,277200.0
766,2021-10-17 03:13:41,32000.0,8900.0,273400.0
767,2021-10-17 03:13:41,31950.0,7100.0,264500.0
768,2021-10-17 03:13:41,31900.0,4000.0,257400.0
769,2021-10-17 03:13:41,31900.0,5600.0,253400.0
770,2021-10-17 03:13:38,31900.0,200.0,247800.0
771,2021-10-17 03:13:33,31950.0,300.0,247600.0
772,2021-10-17 03:13:32,31950.0,1300.0,247300.0
773,2021-10-17 03:13:31,31950.0,200.0,246000.0
774,2021-10-17 03:13:31,31850.0,4300.0,245800.0
775,2021-10-17 03:13:18,31950.0,100.0,241500.0
776,2021-10-17 03:13:16,31950.0,200.0,241400.0
777,2021-10-17 03:13:15,31950.0,1300.0,241200.0
778,2021-10-17 03:13:14,31950.0,4500.0,239900.0
779,2021-10-17 03:13:12,32000.0,7300.0,235400.0
780,2021-10-17 03:13:12,32000.0,2700.0,228100.0
781,2021-10-17 03:13:12,32000.0,800.0,225400.0
782,2021-10-17 03:13:12,31950.0,4200.0,224600.0
783,2021-10-17 03:13:10,31950.0,300.0,220400.0
784,2021-10-17 03:13:09,31950.0,1000.0,220100.0
785,2021-10-17 03:13:08,31950.0,900.0,219100.0
786,2021-10-17 03:13:08,31950.0,500.0,218200.0
787,2021-10-17 03:13:08,31950.0,2000.0,217700.0
788,2021-10-17 03:13:08,31950.0,100.0,215700.0
789,2021-10-17 03:13:06,32000.0,200.0,215600.0
790,2021-10-17 03:13:05,32000.0,900.0,215400.0
791,2021-10-17 03:13:04,32000.0,400.0,214500.0
792,2021-10-17 03:13:04,32000.0,2800.0,214100.0
793,2021-10-17 03:13:04,32000.0,700.0,211300.0
794,2021-10-17 03:13:04,32000.0,1000.0,210600.0
795,2021-10-17 03:13:04,32000.0,500.0,209600.0
796,2021-10-17 03:13:04,32000.0,1000.0,209100.0
797,2021-10-17 03:13:04,32000.0,1000.0,208100.0
798,2021-10-17 03:13:04,32000.0,5000.0,207100.0
799,2021-10-17 03:13:04,32000.0,100.0,202100.0
800,2021-10-17 03:13:04,32000.0,1400.0,202000.0
801,2021-10-17 03:13:01,31950.0,700.0,200600.0
802,2021-10-17 03:13:01,31950.0,2100.0,199900.0
803,2021-10-17 03:13:00,32000.0,100.0,197800.0
804,2021-10-17 03:13:00,32000.0,100.0,197700.0
805,2021-10-17 03:12:59,32000.0,500.0,197600.0
806,2021-10-17 03:12:58,32000.0,1800.0,197100.0
807,2021-10-17 03:12:57,32000.0,6000.0,195300.0
808,2021-10-17 03:12:57,32000.0,20000.0,189300.0
809,2021-10-17 03:12:24,32000.0,100.0,169300.0
810,2021-10-17 03:11:31,31950.0,200.0,169200.0
811,2021-10-17 03:11:15,31950.0,1000.0,169000.0
812,2021-10-17 03:11:15,31950.0,1700.0,168000.0
813,2021-10-17 03:11:01,31850.0,100.0,166300.0
814,2021-10-17 03:10:32,31950.0,200.0,166200.0
815,2021-10-17 03:10:31,31950.0,300.0,166000.0
816,2021-10-17 03:10:31,31850.0,600.0,165700.0
817,2021-10-17 03:10:22,31950.0,300.0,165100.0
818,2021-10-17 03:10:21,31950.0,1300.0,164800.0
819,2021-10-17 03:10:18,31950.0,4500.0,163500.0
820,2021-10-17 03:10:07,31950.0,200.0,159000.0
821,2021-10-17 03:09:31,31850.0,400.0,158800.0
822,2021-10-17 03:09:24,31900.0,300.0,158400.0
823,2021-10-17 03:09:23,31900.0,100.0,158100.0
824,2021-10-17 03:09:23,31900.0,300.0,158000.0
825,2021-10-17 03:09:23,31900.0,700.0,157700.0
826,2021-10-17 03:09:21,31900.0,400.0,157000.0
827,2021-10-17 03:09:21,31900.0,100.0,156600.0
828,2021-10-17 03:09:20,31900.0,200.0,156500.0
829,2021-10-17 03:09:18,31900.0,700.0,156300.0
830,2021-10-17 03:09:11,31900.0,200.0,155600.0
831,2021-10-17 03:09:10,31900.0,800.0,155400.0
832,2021-10-17 03:09:05,31900.0,200.0,154600.0
833,2021-10-17 03:09:01,31850.0,200.0,154400.0
834,2021-10-17 03:08:58,31900.0,100.0,154200.0
835,2021-10-17 03:08:58,31900.0,600.0,154100.0
836,2021-10-17 03:08:48,31900.0,200.0,153500.0
837,2021-10-17 03:08:40,31900.0,100.0,153300.0
838,2021-10-17 03:08:40,31900.0,600.0,153200.0
839,2021-10-17 03:08:32,31900.0,100.0,152600.0
840,2021-10-17 03:08:31,31900.0,500.0,152500.0
841,2021-10-17 03:08:19,31900.0,100.0,152000.0
842,2021-10-17 03:08:01,31850.0,100.0,151900.0
843,2021-10-17 03:08:01,31850.0,200.0,151800.0
844,2021-10-17 03:08:01,31850.0,100.0,151600.0
845,2021-10-17 03:07:37,31850.0,800.0,151500.0
846,2021-10-17 03:07:36,31850.0,300.0,150700.0
847,2021-10-17 03:07:36,31850.0,2000.0,150400.0
848,2021-10-17 03:07:36,31850.0,300.0,148400.0
849,2021-10-17 03:07:36,31850.0,100.0,148100.0
850,2021-10-17 03:07:36,31850.0,400.0,148000.0
851,2021-10-17 03:07:31,31850.0,100.0,147600.0
852,2021-10-17 03:07:30,31850.0,1000.0,147500.0
853,2021-10-17 03:04:42,31850.0,500.0,146500.0
854,2021-10-17 03:03:38,31800.0,300.0,146000.0
855,2021-10-17 03:03:37,31800.0,500.0,145700.0
856,2021-10-17 03:03:01,31800.0,100.0,145200.0
857,2021-10-17 03:02:56,31800.0,200.0,145100.0
858,2021-10-17 03:02:56,31800.0,300.0,144900.0
859,2021-10-17 03:02:45,31800.0,200.0,144600.0
860,2021-10-17 03:02:37,31800.0,100.0,144400.0
861,2021-10-17 03:02:36,31800.0,200.0,144300.0
862,2021-10-17 03:02:36,31800.0,900.0,144100.0
863,2021-10-17 03:02:17,31800.0,100.0,143200.0
864,2021-10-17 03:02:16,31800.0,400.0,143100.0
865,2021-10-17 03:02:15,31800.0,300.0,142700.0
866,2021-10-17 03:02:15,31800.0,1300.0,142400.0
867,2021-10-17 03:02:11,31800.0,100.0,141100.0
868,2021-10-17 03:02:09,31800.0,500.0,141000.0
869,2021-10-17 03:02:09,31800.0,500.0,140500.0
870,2021-10-17 03:02:01,31800.0,100.0,140000.0
871,2021-10-17 03:01:42,31800.0,500.0,139900.0
872,2021-10-17 03:01:42,31800.0,700.0,139400.0
873,2021-10-17 03:01:42,31800.0,200.0,138700.0
874,2021-10-17 03:01:42,31800.0,200.0,138500.0
875,2021-10-17 03:01:42,31800.0,300.0,138300.0
876,2021-10-17 03:00:35,31800.0,100.0,138000.0
877,2021-10-17 03:00:22,31800.0,100.0,137900.0
878,2021-10-17 03:00:21,31800.0,200.0,137800.0
879,2021-10-17 03:00:21,31800.0,200.0,137600.0
880,2021-10-17 03:00:21,31800.0,100.0,137400.0
881,2021-10-17 03:00:20,31800.0,100.0,137300.0
882,2021-10-17 03:00:20,31800.0,100.0,137200.0
883,2021-10-17 03:00:20,31800.0,500.0,137100.0
884,2021-10-17 03:00:20,31800.0,900.0,136600.0
885,2021-10-17 02:59:52,31800.0,100.0,135700.0
886,2021-10-17 02:58:33,31800.0,100.0,135600.0
887,2021-10-17 02:58:31,31800.0,600.0,135500.0
888,2021-10-17 02:58:31,31800.0,1600.0,134900.0
889,2021-10-17 02:58:31,31800.0,100.0,133300.0
890,2021-10-17 02:58:31,31800.0,400.0,133200.0
891,2021-10-17 02:58:30,31800.0,7000.0,132800.0
892,2021-10-17 02:55:49,31750.0,4100.0,125800.0
893,2021-10-17 02:55:49,31750.0,200.0,121700.0
894,2021-10-17 02:54:20,31800.0,300.0,121500.0
895,2021-10-17 02:54:20,31800.0,100.0,121200.0
896,2021-10-17 02:54:20,31800.0,200.0,121100.0
897,2021-10-17 02:54:20,31800.0,200.0,120900.0
898,2021-10-17 02:54:20,31800.0,100.0,120700.0
899,2021-10-17 02:54:20,31800.0,700.0,120600.0
900,2021-10-17 02:52:56,31800.0,500.0,119900.0
901,2021-10-17 02:51:31,31800.0,900.0,119400.0
902,2021-10-17 02:51:12,31800.0,300.0,118500.0
903,2021-10-17 02:51:12,31800.0,300.0,118200.0
904,2021-10-17 02:51:11,31800.0,200.0,117900.0
905,2021-10-17 02:51:11,31800.0,800.0,117700.0
906,2021-10-17 02:51:11,31800.0,8300.0,116900.0
907,2021-10-17 02:50:32,31750.0,700.0,108600.0
908,2021-10-17 02:49:45,31750.0,100.0,107900.0
909,2021-10-17 02:49:13,31700.0,600.0,107800.0
910,2021-10-17 02:47:34,31700.0,400.0,107200.0
911,2021-10-17 02:47:34,31750.0,100.0,106800.0
912,2021-10-17 02:47:34,31750.0,4500.0,106700.0
913,2021-10-17 02:46:39,31750.0,500.0,102200.0
914,2021-10-17 02:46:00,31700.0,800.0,101700.0
915,2021-10-17 02:45:18,31800.0,100.0,100900.0
916,2021-10-17 02:45:17,31800.0,500.0,100800.0
917,2021-10-17 02:45:17,31800.0,100.0,100300.0
918,2021-10-17 02:45:12,31800.0,1700.0,100200.0
919,2021-10-17 02:45:11,31800.0,200.0,98500.0
920,2021-10-17 02:45:11,31800.0,100.0,98300.0
921,2021-10-17 02:45:11,31800.0,200.0,98200.0
922,2021-10-17 02:45:11,31800.0,2000.0,98000.0
923,2021-10-17 02:45:11,31800.0,1000.0,96000.0
924,2021-10-17 02:45:11,31800.0,2800.0,95000.0
925,2021-10-17 02:42:54,31800.0,200.0,92200.0
926,2021-10-17 02:42:49,31800.0,100.0,92000.0
927,2021-10-17 02:42:02,31800.0,300.0,91900.0
928,2021-10-17 02:42:00,31800.0,100.0,91600.0
929,2021-10-17 02:42:00,31800.0,900.0,91500.0
930,2021-10-17 02:41:46,31800.0,100.0,90600.0
931,2021-10-17 02:41:46,31800.0,500.0,90500.0
932,2021-10-17 02:41:40,31800.0,200.0,90000.0
933,2021-10-17 02:41:38,31800.0,900.0,89800.0
934,2021-10-17 02:41:38,31800.0,3000.0,88900.0
935,2021-10-17 02:41:37,31800.0,100.0,85900.0
936,2021-10-17 02:41:37,31800.0,500.0,85800.0
937,2021-10-17 02:41:28,31800.0,100.0,85300.0
938,2021-10-17 02:41:27,31800.0,400.0,85200.0
939,2021-10-17 02:40:52,31800.0,200.0,84800.0
940,2021-10-17 02:40:24,31800.0,300.0,84600.0
941,2021-10-17 02:40:24,31800.0,800.0,84300.0
942,2021-10-17 02:40:24,31800.0,200.0,83500.0
943,2021-10-17 02:40:11,31800.0,100.0,83300.0
944,2021-10-17 02:39:55,31800.0,200.0,83200.0
945,2021-10-17 02:39:40,31800.0,100.0,83000.0
946,2021-10-17 02:39:39,31800.0,500.0,82900.0
947,2021-10-17 02:39:31,31800.0,100.0,82400.0
948,2021-10-17 02:39:31,31800.0,500.0,82300.0
949,2021-10-17 02:39:24,31900.0,200.0,81800.0
950,2021-10-17 02:39:23,31900.0,800.0,81600.0
951,2021-10-17 02:39:22,31900.0,2800.0,80800.0
952,2021-10-17 02:39:22,31900.0,2200.0,78000.0
953,2021-10-17 02:39:22,31800.0,1500.0,75800.0
954,2021-10-17 02:39:22,31800.0,5900.0,74300.0
955,2021-10-17 02:39:06,31800.0,100.0,68400.0
956,2021-10-17 02:39:06,31800.0,500.0,68300.0
957,2021-10-17 02:38:52,31800.0,100.0,67800.0
958,2021-10-17 02:38:51,31800.0,400.0,67700.0
959,2021-10-17 02:38:50,31800.0,900.0,67300.0
960,2021-10-17 02:38:50,31950.0,600.0,66400.0
961,2021-10-17 02:38:49,31950.0,100.0,65800.0
962,2021-10-17 02:38:48,31950.0,2600.0,65700.0
963,2021-10-17 02:38:48,31950.0,300.0,63100.0
964,2021-10-17 02:38:48,31950.0,100.0,62800.0
965,2021-10-17 02:38:48,31800.0,1100.0,62700.0
966,2021-10-17 02:38:48,31800.0,300.0,61600.0
967,2021-10-17 02:38:48,31800.0,300.0,61300.0
968,2021-10-17 02:38:48,31800.0,500.0,61000.0
969,2021-10-17 02:38:48,31800.0,400.0,60500.0
970,2021-10-17 02:38:48,31800.0,5900.0,60100.0
971,2021-10-17 02:38:46,31950.0,1500.0,54200.0
972,2021-10-17 02:38:31,31900.0,100.0,52700.0
973,2021-10-17 02:38:26,31950.0,300.0,52600.0
974,2021-10-17 02:38:25,31950.0,100.0,52300.0
975,2021-10-17 02:38:25,31950.0,100.0,52200.0
976,2021-10-17 02:38:25,31950.0,900.0,52100.0
977,2021-10-17 02:38:02,31950.0,500.0,51200.0
978,2021-10-17 02:37:25,31950.0,500.0,50700.0
979,2021-10-17 02:36:16,31950.0,100.0,50200.0
980,2021-10-17 02:36:00,31950.0,200.0,50100.0
981,2021-10-17 02:35:59,31950.0,100.0,49900.0
982,2021-10-17 02:35:59,31950.0,600.0,49800.0
983,2021-10-17 02:35:01,31950.0,300.0,49200.0
984,2021-10-17 02:34:49,31950.0,3000.0,48900.0
985,2021-10-17 02:34:33,31900.0,500.0,45900.0
986,2021-10-17 02:34:31,31800.0,100.0,45400.0
987,2021-10-17 02:34:14,31900.0,100.0,45300.0
988,2021-10-17 02:34:03,31800.0,1000.0,45200.0
989,2021-10-17 02:34:01,31800.0,200.0,44200.0
990,2021-10-17 02:33:57,31800.0,1300.0,44000.0
991,2021-10-17 02:33:48,31800.0,300.0,42700.0
992,2021-10-17 02:33:48,31800.0,400.0,42400.0
993,2021-10-17 02:33:48,31800.0,800.0,42000.0
994,2021-10-17 02:31:52,31800.0,300.0,41200.0
995,2021-10-17 02:30:41,31700.0,1800.0,40900.0
996,2021-10-17 02:30:41,31700.0,1200.0,39100.0
997,2021-10-17 02:29:22,31700.0,100.0,37900.0
998,2021-10-17 02:29:00,31800.0,100.0,37800.0
999,2021-10-17 02:28:59,31800.0,400.0,37700.0
1000,2021-10-17 02:28:58,31800.0,900.0,37300.0
1001,2021-10-17 02:28:58,31800.0,100.0,36400.0
1002,2021-10-17 02:28:58,31800.0,400.0,36300.0
1003,2021-10-17 02:28:57,31800.0,600.0,35900.0
1004,2021-10-17 02:28:57,31800.0,100.0,35300.0
1005,2021-10-17 02:28:57,31800.0,100.0,35200.0
1006,2021-10-17 02:28:57,31800.0,1000.0,35100.0
1007,2021-10-17 02:28:57,31800.0,200.0,34100.0
1008,2021-10-17 02:28:57,31800.0,300.0,33900.0
1009,2021-10-17 02:28:57,31800.0,100.0,33600.0
1010,2021-10-17 02:28:57,31800.0,100.0,33500.0
1011,2021-10-17 02:28:57,31800.0,500.0,33400.0
1012,2021-10-17 02:28:21,31900.0,100.0,32900.0
1013,2021-10-17 02:28:18,31900.0,300.0,32800.0
1014,2021-10-17 02:28:18,31900.0,100.0,32500.0
1015,2021-10-17 02:27:21,31800.0,100.0,32400.0
1016,2021-10-17 02:27:21,31800.0,300.0,32300.0
1017,2021-10-17 02:27:13,31800.0,500.0,32000.0
1018,2021-10-17 02:22:31,31800.0,100.0,31500.0
1019,2021-10-17 02:22:21,31800.0,1000.0,31400.0
1020,2021-10-17 02:22:01,31800.0,100.0,30400.0
1021,2021-10-17 02:21:39,31800.0,500.0,30300.0
1022,2021-10-17 02:21:31,31800.0,600.0,29800.0
1023,2021-10-17 02:20:32,31800.0,300.0,29200.0
1024,2021-10-17 02:20:27,31800.0,1600.0,28900.0
1025,2021-10-17 02:20:27,31800.0,300.0,27300.0
1026,2021-10-17 02:20:27,31800.0,100.0,27000.0
1027,2021-10-17 02:20:09,32000.0,100.0,26900.0
1028,2021-10-17 02:20:08,32000.0,400.0,26800.0
1029,2021-10-17 02:20:08,31800.0,200.0,26400.0
1030,2021-10-17 02:20:08,31800.0,800.0,26200.0
1031,2021-10-17 02:19:42,32000.0,100.0,25400.0
1032,2021-10-17 02:19:41,32000.0,400.0,25300.0
1033,2021-10-17 02:19:41,32000.0,500.0,24900.0
1034,2021-10-17 02:19:41,32000.0,300.0,24400.0
1035,2021-10-17 02:19:41,32000.0,600.0,24100.0
1036,2021-10-17 02:18:56,32000.0,100.0,23500.0
1037,2021-10-17 02:18:55,32000.0,2500.0,23400.0
1038,2021-10-17 02:18:22,32000.0,200.0,20900.0
1039,2021-10-17 02:18:20,32000.0,700.0,20700.0
1040,2021-10-17 02:18:19,32000.0,600.0,20000.0
1041,2021-10-17 02:18:19,32000.0,200.0,19400.0
1042,2021-10-17 02:18:19,32000.0,200.0,19200.0
1043,2021-10-17 02:18:19,32000.0,1000.0,19000.0
1044,2021-10-17 02:18:19,32000.0,500.0,18000.0
1045,2021-10-17 02:18:10,31800.0,1000.0,17500.0
1046,2021-10-17 02:18:06,31800.0,500.0,16500.0
1047,2021-10-17 02:18:06,31800.0,2200.0,16000.0
1048,2021-10-17 02:17:29,31600.0,300.0,13800.0
1049,2021-10-17 02:17:28,31600.0,500.0,13500.0
1050,2021-10-17 02:17:28,31600.0,1000.0,13000.0
1051,2021-10-17 02:16:34,31400.0,1600.0,12000.0
1052,2021-10-17 02:16:21,31400.0,900.0,10400.0
1053,2021-10-17 02:15:03,31800.0,100.0,9500.0
1054,2021-10-17 02:15:02,31800.0,600.0,9400.0
1055,2021-10-17 02:15:01,31800.0,2000.0,8800.0
1056,2021-10-17 02:15:00,31800.0,100.0,6800.0
1057,2021-10-17 02:15:00,31800.0,400.0,6700.0
1058,2021-10-17 02:15:00,31800.0,3000.0,6300.0
1059,2021-10-17 02:15:00,31800.0,1000.0,3300.0
1060,2021-10-17 02:15:00,31800.0,200.0,2300.0
1061,2021-10-17 02:15:00,31800.0,300.0,2100.0
1062,2021-10-17 02:15:00,31800.0,900.0,1800.0
1063,2021-10-17 02:15:00,31800.0,100.0,900.0
1064,2021-10-17 02:15:00,31800.0,500.0,800.0
1065,2021-10-17 02:15:00,31800.0,100.0,300.0
1066,2021-10-17 02:15:00,31800.0,100.0,200.0
1067,2021-10-17 02:15:00,31800.0,100.0,100.0
