,Time,Price,Volume_per_trade,Volume
0,2021-10-06 14:45:03,17200.0,161500.0,1286160.0
1,2021-10-06 14:30:00,17200.0,3000.0,1124660.0
2,2021-10-06 14:29:50,17200.0,200.0,1121660.0
3,2021-10-06 14:29:49,17200.0,500.0,1121460.0
4,2021-10-06 14:29:47,17200.0,3000.0,1120960.0
5,2021-10-06 14:29:45,17200.0,10800.0,1117960.0
6,2021-10-06 14:29:37,17300.0,4000.0,1107160.0
7,2021-10-06 14:29:36,17200.0,200.0,1103160.0
8,2021-10-06 14:29:32,17200.0,2000.0,1102960.0
9,2021-10-06 14:29:29,17300.0,100.0,1100960.0
10,2021-10-06 14:29:28,17300.0,16000.0,1100860.0
11,2021-10-06 14:29:26,17200.0,4100.0,1084860.0
12,2021-10-06 14:29:24,17200.0,4100.0,1080760.0
13,2021-10-06 14:29:20,17200.0,500.0,1076660.0
14,2021-10-06 14:29:18,17200.0,5000.0,1076160.0
15,2021-10-06 14:29:07,17200.0,33000.0,1071160.0
16,2021-10-06 14:29:02,17200.0,100.0,1038160.0
17,2021-10-06 14:28:58,17200.0,100.0,1038060.0
18,2021-10-06 14:28:55,17200.0,100.0,1037960.0
19,2021-10-06 14:28:53,17200.0,10000.0,1037860.0
20,2021-10-06 14:28:52,17200.0,1400.0,1027860.0
21,2021-10-06 14:28:50,17200.0,28200.0,1026460.0
22,2021-10-06 14:28:45,17200.0,5000.0,998260.0
23,2021-10-06 14:28:39,17200.0,150.0,993260.0
24,2021-10-06 14:28:36,17100.0,300.0,993110.0
25,2021-10-06 14:28:29,17200.0,2000.0,992810.0
26,2021-10-06 14:28:18,17100.0,200.0,990810.0
27,2021-10-06 14:28:16,17200.0,2000.0,990610.0
28,2021-10-06 14:28:07,17100.0,100.0,988610.0
29,2021-10-06 14:28:02,17100.0,1000.0,988510.0
30,2021-10-06 14:27:59,17100.0,800.0,987510.0
31,2021-10-06 14:27:58,17100.0,7700.0,986710.0
32,2021-10-06 14:27:54,17100.0,4000.0,979010.0
33,2021-10-06 14:27:52,17100.0,1000.0,975010.0
34,2021-10-06 14:27:48,17100.0,500.0,974010.0
35,2021-10-06 14:27:47,17100.0,2000.0,973510.0
36,2021-10-06 14:27:45,17100.0,200.0,971510.0
37,2021-10-06 14:27:42,17100.0,3000.0,971310.0
38,2021-10-06 14:27:38,17100.0,200.0,968310.0
39,2021-10-06 14:27:36,17100.0,8000.0,968110.0
40,2021-10-06 14:27:30,17000.0,1000.0,960110.0
41,2021-10-06 14:27:26,17100.0,10000.0,959110.0
42,2021-10-06 14:27:09,17000.0,12800.0,949110.0
43,2021-10-06 14:27:06,17000.0,7000.0,936310.0
44,2021-10-06 14:27:04,17000.0,12600.0,929310.0
45,2021-10-06 14:27:03,17000.0,10000.0,916710.0
46,2021-10-06 14:27:02,17000.0,1000.0,906710.0
47,2021-10-06 14:27:00,17000.0,1600.0,905710.0
48,2021-10-06 14:26:58,17000.0,8700.0,904110.0
49,2021-10-06 14:26:57,17000.0,5000.0,895410.0
50,2021-10-06 14:26:54,17000.0,100.0,890410.0
51,2021-10-06 14:26:52,17000.0,2300.0,890310.0
52,2021-10-06 14:26:46,17000.0,1000.0,888010.0
53,2021-10-06 14:26:41,17000.0,600.0,887010.0
54,2021-10-06 14:26:26,17000.0,200.0,886410.0
55,2021-10-06 14:26:23,17000.0,100.0,886210.0
56,2021-10-06 14:26:22,17000.0,1000.0,886110.0
57,2021-10-06 14:26:17,17000.0,20000.0,885110.0
58,2021-10-06 14:26:10,17000.0,2000.0,865110.0
59,2021-10-06 14:26:09,17000.0,1000.0,863110.0
60,2021-10-06 14:26:03,17000.0,2000.0,862110.0
61,2021-10-06 14:25:50,17000.0,10000.0,860110.0
62,2021-10-06 14:25:34,16900.0,500.0,850110.0
63,2021-10-06 14:25:32,16900.0,12200.0,849610.0
64,2021-10-06 14:25:30,16900.0,2100.0,837410.0
65,2021-10-06 14:25:26,16900.0,20000.0,835310.0
66,2021-10-06 14:25:19,16900.0,500.0,815310.0
67,2021-10-06 14:25:18,16900.0,1000.0,814810.0
68,2021-10-06 14:25:17,16900.0,2100.0,813810.0
69,2021-10-06 14:25:16,16900.0,100.0,811710.0
70,2021-10-06 14:25:13,16900.0,100.0,811610.0
71,2021-10-06 14:25:12,16900.0,2000.0,811510.0
72,2021-10-06 14:24:59,16900.0,100.0,809510.0
73,2021-10-06 14:24:57,16900.0,7000.0,809410.0
74,2021-10-06 14:24:53,16800.0,1000.0,802410.0
75,2021-10-06 14:24:50,16900.0,300.0,801410.0
76,2021-10-06 14:24:48,16900.0,1000.0,801110.0
77,2021-10-06 14:24:40,16900.0,200.0,800110.0
78,2021-10-06 14:24:03,16900.0,300.0,799910.0
79,2021-10-06 14:24:02,16900.0,400.0,799610.0
80,2021-10-06 14:23:57,16900.0,2000.0,799210.0
81,2021-10-06 14:23:49,16900.0,1000.0,797210.0
82,2021-10-06 14:23:41,16900.0,5000.0,796210.0
83,2021-10-06 14:23:34,16900.0,300.0,791210.0
84,2021-10-06 14:23:15,16900.0,5800.0,790910.0
85,2021-10-06 14:22:59,16900.0,500.0,785110.0
86,2021-10-06 14:22:40,16900.0,1000.0,784610.0
87,2021-10-06 14:22:23,16900.0,1000.0,783610.0
88,2021-10-06 14:22:21,16900.0,1000.0,782610.0
89,2021-10-06 14:22:10,16900.0,5000.0,781610.0
90,2021-10-06 14:22:08,16900.0,100.0,776610.0
91,2021-10-06 14:22:04,16900.0,100.0,776510.0
92,2021-10-06 14:22:01,16900.0,200.0,776410.0
93,2021-10-06 14:21:59,16900.0,300.0,776210.0
94,2021-10-06 14:21:58,16900.0,2100.0,775910.0
95,2021-10-06 14:21:55,16900.0,700.0,773810.0
96,2021-10-06 14:21:54,16900.0,1000.0,773110.0
97,2021-10-06 14:21:52,16900.0,300.0,772110.0
98,2021-10-06 14:21:50,16900.0,300.0,771810.0
99,2021-10-06 14:21:43,16900.0,1000.0,771510.0
100,2021-10-06 14:21:26,16900.0,6000.0,770510.0
101,2021-10-06 14:21:22,16900.0,1000.0,764510.0
102,2021-10-06 14:20:58,16900.0,8000.0,763510.0
103,2021-10-06 14:20:46,16900.0,1000.0,755510.0
104,2021-10-06 14:20:45,16900.0,1000.0,754510.0
105,2021-10-06 14:20:44,16900.0,100.0,753510.0
106,2021-10-06 14:20:27,16900.0,500.0,753410.0
107,2021-10-06 14:20:04,16900.0,1000.0,752910.0
108,2021-10-06 14:20:03,16900.0,800.0,751910.0
109,2021-10-06 14:19:20,16900.0,200.0,751110.0
110,2021-10-06 14:19:03,16900.0,100.0,750910.0
111,2021-10-06 14:18:39,16900.0,700.0,750810.0
112,2021-10-06 14:17:32,16900.0,1000.0,750110.0
113,2021-10-06 14:16:55,16800.0,1000.0,749110.0
114,2021-10-06 14:16:26,16800.0,900.0,748110.0
115,2021-10-06 14:16:03,16800.0,500.0,747210.0
116,2021-10-06 14:15:52,16800.0,1000.0,746710.0
117,2021-10-06 14:15:42,16800.0,400.0,745710.0
118,2021-10-06 14:15:33,16800.0,500.0,745310.0
119,2021-10-06 14:15:32,16800.0,1500.0,744810.0
120,2021-10-06 14:15:28,16800.0,2000.0,743310.0
121,2021-10-06 14:15:19,16800.0,3000.0,741310.0
122,2021-10-06 14:15:03,16800.0,500.0,738310.0
123,2021-10-06 14:14:57,16700.0,1000.0,737810.0
124,2021-10-06 14:14:55,16800.0,10000.0,736810.0
125,2021-10-06 14:14:37,16800.0,2100.0,726810.0
126,2021-10-06 14:14:24,16800.0,1000.0,724710.0
127,2021-10-06 14:14:23,16800.0,100.0,723710.0
128,2021-10-06 14:14:20,16800.0,500.0,723610.0
129,2021-10-06 14:14:14,16800.0,1000.0,723110.0
130,2021-10-06 14:14:04,16800.0,1700.0,722110.0
131,2021-10-06 14:13:40,16800.0,5000.0,720410.0
132,2021-10-06 14:13:37,16800.0,800.0,715410.0
133,2021-10-06 14:13:32,16800.0,5000.0,714610.0
134,2021-10-06 14:13:16,16800.0,1000.0,709610.0
135,2021-10-06 14:13:07,16800.0,1900.0,708610.0
136,2021-10-06 14:12:56,16800.0,800.0,706710.0
137,2021-10-06 14:12:42,16800.0,500.0,705910.0
138,2021-10-06 14:12:36,16800.0,200.0,705410.0
139,2021-10-06 14:12:29,16800.0,3500.0,705210.0
140,2021-10-06 14:11:38,16800.0,200.0,701710.0
141,2021-10-06 14:11:34,16800.0,1000.0,701510.0
142,2021-10-06 14:11:31,16800.0,1100.0,700510.0
143,2021-10-06 14:11:06,16800.0,1000.0,699410.0
144,2021-10-06 14:10:52,16800.0,100.0,698410.0
145,2021-10-06 14:10:49,16800.0,900.0,698310.0
146,2021-10-06 14:10:41,16800.0,3500.0,697410.0
147,2021-10-06 14:10:40,16800.0,1000.0,693910.0
148,2021-10-06 14:10:35,16800.0,300.0,692910.0
149,2021-10-06 14:10:06,16800.0,2000.0,692610.0
150,2021-10-06 14:09:57,16800.0,300.0,690610.0
151,2021-10-06 14:09:44,16800.0,700.0,690310.0
152,2021-10-06 14:09:42,16800.0,300.0,689610.0
153,2021-10-06 14:09:38,16800.0,700.0,689310.0
154,2021-10-06 14:09:36,16800.0,300.0,688610.0
155,2021-10-06 14:09:22,16800.0,1000.0,688310.0
156,2021-10-06 14:09:21,16800.0,5500.0,687310.0
157,2021-10-06 14:09:11,16800.0,1000.0,681810.0
158,2021-10-06 14:08:15,16800.0,5000.0,680810.0
159,2021-10-06 14:07:24,16800.0,1400.0,675810.0
160,2021-10-06 14:07:16,16800.0,5000.0,674410.0
161,2021-10-06 14:07:10,16800.0,1300.0,669410.0
162,2021-10-06 14:07:02,16800.0,10000.0,668110.0
163,2021-10-06 14:06:59,16800.0,2000.0,658110.0
164,2021-10-06 14:06:53,16800.0,10200.0,656110.0
165,2021-10-06 14:06:45,16800.0,3200.0,645910.0
166,2021-10-06 14:06:35,16800.0,100.0,642710.0
167,2021-10-06 14:06:25,16800.0,500.0,642610.0
168,2021-10-06 14:06:15,16800.0,300.0,642110.0
169,2021-10-06 14:06:12,16800.0,1100.0,641810.0
170,2021-10-06 14:06:10,16800.0,4900.0,640710.0
171,2021-10-06 14:05:56,16800.0,2300.0,635810.0
172,2021-10-06 14:05:51,16800.0,200.0,633510.0
173,2021-10-06 14:05:47,16800.0,1000.0,633310.0
174,2021-10-06 14:05:34,16800.0,1100.0,632310.0
175,2021-10-06 14:05:12,16800.0,3000.0,631210.0
176,2021-10-06 14:04:51,16800.0,100.0,628210.0
177,2021-10-06 14:04:29,16800.0,5000.0,628110.0
178,2021-10-06 14:04:23,16800.0,1000.0,623110.0
179,2021-10-06 14:04:18,16800.0,200.0,622110.0
180,2021-10-06 14:04:03,16800.0,200.0,621910.0
181,2021-10-06 14:03:36,16800.0,2300.0,621710.0
182,2021-10-06 14:03:31,16700.0,1000.0,619410.0
183,2021-10-06 14:03:30,16800.0,500.0,618410.0
184,2021-10-06 14:03:13,16800.0,100.0,617910.0
185,2021-10-06 14:03:00,16800.0,1000.0,617810.0
186,2021-10-06 14:02:26,16800.0,5000.0,616810.0
187,2021-10-06 14:02:17,16700.0,1000.0,611810.0
188,2021-10-06 14:02:13,16800.0,400.0,610810.0
189,2021-10-06 14:02:03,16700.0,1000.0,610410.0
190,2021-10-06 14:01:57,16800.0,15000.0,609410.0
191,2021-10-06 14:01:54,16800.0,400.0,594410.0
192,2021-10-06 14:01:53,16800.0,200.0,594010.0
193,2021-10-06 14:01:48,16800.0,20000.0,593810.0
194,2021-10-06 14:01:45,16800.0,600.0,573810.0
195,2021-10-06 14:01:36,16800.0,100.0,573210.0
196,2021-10-06 14:01:08,16800.0,300.0,573110.0
197,2021-10-06 14:00:58,16800.0,300.0,572810.0
198,2021-10-06 14:00:24,16800.0,100.0,572510.0
199,2021-10-06 14:00:17,16800.0,200.0,572410.0
200,2021-10-06 14:00:16,16800.0,100.0,572210.0
201,2021-10-06 14:00:08,16800.0,100.0,572110.0
202,2021-10-06 14:00:01,16800.0,100.0,572010.0
203,2021-10-06 13:59:42,16700.0,100.0,571910.0
204,2021-10-06 13:59:03,16800.0,700.0,571810.0
205,2021-10-06 13:59:02,16800.0,5000.0,571110.0
206,2021-10-06 13:58:47,16800.0,1000.0,566110.0
207,2021-10-06 13:58:37,16800.0,1000.0,565110.0
208,2021-10-06 13:58:34,16800.0,500.0,564110.0
209,2021-10-06 13:58:19,16800.0,5000.0,563610.0
210,2021-10-06 13:58:00,16800.0,200.0,558610.0
211,2021-10-06 13:57:26,16800.0,2000.0,558410.0
212,2021-10-06 13:56:50,16800.0,600.0,556410.0
213,2021-10-06 13:56:47,16700.0,100.0,555810.0
214,2021-10-06 13:56:36,16700.0,300.0,555710.0
215,2021-10-06 13:56:08,16800.0,600.0,555410.0
216,2021-10-06 13:55:21,16700.0,100.0,554810.0
217,2021-10-06 13:55:03,16800.0,100.0,554710.0
218,2021-10-06 13:54:55,16800.0,200.0,554610.0
219,2021-10-06 13:54:13,16800.0,300.0,554410.0
220,2021-10-06 13:54:11,16700.0,6000.0,554110.0
221,2021-10-06 13:53:35,16800.0,1000.0,548110.0
222,2021-10-06 13:53:12,16800.0,400.0,547110.0
223,2021-10-06 13:52:58,16800.0,100.0,546710.0
224,2021-10-06 13:52:48,16800.0,300.0,546610.0
225,2021-10-06 13:52:41,16800.0,300.0,546310.0
226,2021-10-06 13:52:37,16800.0,100.0,546010.0
227,2021-10-06 13:52:04,16800.0,1600.0,545910.0
228,2021-10-06 13:51:56,16800.0,1000.0,544310.0
229,2021-10-06 13:51:51,16800.0,100.0,543310.0
230,2021-10-06 13:51:06,16800.0,300.0,543210.0
231,2021-10-06 13:51:01,16800.0,5000.0,542910.0
232,2021-10-06 13:50:11,16800.0,1000.0,537910.0
233,2021-10-06 13:49:09,16700.0,8000.0,536910.0
234,2021-10-06 13:48:56,16700.0,1000.0,528910.0
235,2021-10-06 13:46:12,16700.0,700.0,527910.0
236,2021-10-06 13:46:09,16700.0,3100.0,527210.0
237,2021-10-06 13:46:08,16700.0,1000.0,524110.0
238,2021-10-06 13:45:55,16700.0,100.0,523110.0
239,2021-10-06 13:45:45,16700.0,100.0,523010.0
240,2021-10-06 13:45:44,16700.0,200.0,522910.0
241,2021-10-06 13:45:41,16700.0,500.0,522710.0
242,2021-10-06 13:45:32,16700.0,500.0,522210.0
243,2021-10-06 13:45:21,16700.0,100.0,521710.0
244,2021-10-06 13:45:16,16700.0,100.0,521610.0
245,2021-10-06 13:45:05,16700.0,70.0,521510.0
246,2021-10-06 13:44:54,16700.0,1000.0,521440.0
247,2021-10-06 13:44:49,16700.0,200.0,520440.0
248,2021-10-06 13:44:42,16600.0,1000.0,520240.0
249,2021-10-06 13:44:31,16700.0,800.0,519240.0
250,2021-10-06 13:43:57,16700.0,1000.0,518440.0
251,2021-10-06 13:43:55,16700.0,5000.0,517440.0
252,2021-10-06 13:43:51,16700.0,200.0,512440.0
253,2021-10-06 13:43:49,16700.0,200.0,512240.0
254,2021-10-06 13:43:37,16700.0,200.0,512040.0
255,2021-10-06 13:42:44,16700.0,200.0,511840.0
256,2021-10-06 13:42:32,16700.0,100.0,511640.0
257,2021-10-06 13:42:31,16700.0,700.0,511540.0
258,2021-10-06 13:42:19,16700.0,100.0,510840.0
259,2021-10-06 13:41:53,16700.0,200.0,510740.0
260,2021-10-06 13:41:39,16700.0,1000.0,510540.0
261,2021-10-06 13:41:36,16700.0,1000.0,509540.0
262,2021-10-06 13:40:45,16700.0,14800.0,508540.0
263,2021-10-06 13:39:15,16700.0,3000.0,493740.0
264,2021-10-06 13:39:06,16800.0,1000.0,490740.0
265,2021-10-06 13:38:33,16700.0,6000.0,489740.0
266,2021-10-06 13:38:01,16700.0,500.0,483740.0
267,2021-10-06 13:36:14,16700.0,2000.0,483240.0
268,2021-10-06 13:36:05,16700.0,1000.0,481240.0
269,2021-10-06 13:35:44,16700.0,2000.0,480240.0
270,2021-10-06 13:34:11,16700.0,600.0,478240.0
271,2021-10-06 13:31:27,16700.0,300.0,477640.0
272,2021-10-06 13:31:21,16700.0,4000.0,477340.0
273,2021-10-06 13:31:18,16700.0,800.0,473340.0
274,2021-10-06 13:31:08,16700.0,300.0,472540.0
275,2021-10-06 13:31:06,16700.0,100.0,472240.0
276,2021-10-06 13:31:02,16700.0,2000.0,472140.0
277,2021-10-06 13:30:56,16700.0,2000.0,470140.0
278,2021-10-06 13:30:54,16700.0,100.0,468140.0
279,2021-10-06 13:30:51,16700.0,300.0,468040.0
280,2021-10-06 13:30:41,16700.0,1000.0,467740.0
281,2021-10-06 13:30:28,16700.0,800.0,466740.0
282,2021-10-06 13:30:13,16700.0,1000.0,465940.0
283,2021-10-06 13:30:08,16700.0,100.0,464940.0
284,2021-10-06 13:29:55,16700.0,2000.0,464840.0
285,2021-10-06 13:29:36,16700.0,100.0,462840.0
286,2021-10-06 13:28:57,16700.0,1000.0,462740.0
287,2021-10-06 13:28:56,16700.0,4000.0,461740.0
288,2021-10-06 13:28:14,16700.0,1000.0,457740.0
289,2021-10-06 13:27:52,16700.0,3200.0,456740.0
290,2021-10-06 13:27:49,16700.0,100.0,453540.0
291,2021-10-06 13:27:46,16700.0,100.0,453440.0
292,2021-10-06 13:27:42,16700.0,200.0,453340.0
293,2021-10-06 13:26:57,16700.0,300.0,453140.0
294,2021-10-06 13:26:29,16700.0,1000.0,452840.0
295,2021-10-06 13:26:01,16700.0,300.0,451840.0
296,2021-10-06 13:25:39,16700.0,400.0,451540.0
297,2021-10-06 13:25:24,16600.0,1000.0,451140.0
298,2021-10-06 13:23:53,16600.0,1000.0,450140.0
299,2021-10-06 13:23:06,16600.0,3500.0,449140.0
300,2021-10-06 13:23:00,16700.0,200.0,445640.0
301,2021-10-06 13:22:51,16600.0,400.0,445440.0
302,2021-10-06 13:22:30,16600.0,100.0,445040.0
303,2021-10-06 13:22:19,16600.0,5000.0,444940.0
304,2021-10-06 13:21:51,16700.0,1000.0,439940.0
305,2021-10-06 13:21:01,16700.0,600.0,438940.0
306,2021-10-06 13:20:25,16700.0,2500.0,438340.0
307,2021-10-06 13:20:06,16700.0,100.0,435840.0
308,2021-10-06 13:19:36,16700.0,500.0,435740.0
309,2021-10-06 13:19:35,16700.0,100.0,435240.0
310,2021-10-06 13:19:26,16700.0,100.0,435140.0
311,2021-10-06 13:18:35,16700.0,500.0,435040.0
312,2021-10-06 13:18:32,16700.0,1000.0,434540.0
313,2021-10-06 13:18:27,16700.0,3000.0,433540.0
314,2021-10-06 13:17:01,16700.0,9100.0,430540.0
315,2021-10-06 13:16:48,16700.0,1000.0,421440.0
316,2021-10-06 13:15:20,16600.0,1000.0,420440.0
317,2021-10-06 13:15:07,16600.0,400.0,419440.0
318,2021-10-06 13:14:58,16600.0,300.0,419040.0
319,2021-10-06 13:11:56,16600.0,500.0,418740.0
320,2021-10-06 13:11:29,16600.0,100.0,418240.0
321,2021-10-06 13:09:30,16600.0,200.0,418140.0
322,2021-10-06 13:08:45,16700.0,300.0,417940.0
323,2021-10-06 13:08:26,16700.0,100.0,417640.0
324,2021-10-06 13:08:04,16700.0,900.0,417540.0
325,2021-10-06 13:07:40,16700.0,200.0,416640.0
326,2021-10-06 13:02:11,16700.0,500.0,416440.0
327,2021-10-06 13:01:19,16700.0,200.0,415940.0
328,2021-10-06 13:00:21,16700.0,100.0,415740.0
329,2021-10-06 13:00:09,16700.0,1000.0,415640.0
330,2021-10-06 13:00:07,16700.0,100.0,414640.0
331,2021-10-06 13:00:05,16700.0,3900.0,414540.0
332,2021-10-06 13:00:03,16700.0,200.0,410640.0
333,2021-10-06 13:00:00,16700.0,1000.0,410440.0
334,2021-10-06 11:29:45,16700.0,1000.0,409440.0
335,2021-10-06 11:29:42,16700.0,200.0,408440.0
336,2021-10-06 11:29:13,16700.0,100.0,408240.0
337,2021-10-06 11:27:18,16700.0,200.0,408140.0
338,2021-10-06 11:26:57,16700.0,500.0,407940.0
339,2021-10-06 11:26:32,16800.0,100.0,407440.0
340,2021-10-06 11:25:55,16700.0,1000.0,407340.0
341,2021-10-06 11:25:49,16700.0,100.0,406340.0
342,2021-10-06 11:25:39,16700.0,40.0,406240.0
343,2021-10-06 11:24:57,16700.0,100.0,406200.0
344,2021-10-06 11:24:50,16700.0,500.0,406100.0
345,2021-10-06 11:24:25,16700.0,500.0,405600.0
346,2021-10-06 11:24:23,16700.0,200.0,405100.0
347,2021-10-06 11:23:56,16700.0,4400.0,404900.0
348,2021-10-06 11:23:50,16700.0,2000.0,400500.0
349,2021-10-06 11:21:54,16700.0,100.0,398500.0
350,2021-10-06 11:21:45,16700.0,5000.0,398400.0
351,2021-10-06 11:20:28,16700.0,500.0,393400.0
352,2021-10-06 11:20:15,16700.0,1000.0,392900.0
353,2021-10-06 11:20:14,16700.0,100.0,391900.0
354,2021-10-06 11:19:58,16700.0,100.0,391800.0
355,2021-10-06 11:19:38,16700.0,1000.0,391700.0
356,2021-10-06 11:19:05,16700.0,5000.0,390700.0
357,2021-10-06 11:18:50,16700.0,1000.0,385700.0
358,2021-10-06 11:18:00,16700.0,300.0,384700.0
359,2021-10-06 11:17:36,16700.0,100.0,384400.0
360,2021-10-06 11:17:15,16700.0,1000.0,384300.0
361,2021-10-06 11:16:46,16700.0,5000.0,383300.0
362,2021-10-06 11:16:19,16700.0,1000.0,378300.0
363,2021-10-06 11:16:18,16700.0,100.0,377300.0
364,2021-10-06 11:16:16,16700.0,1000.0,377200.0
365,2021-10-06 11:16:10,16700.0,1000.0,376200.0
366,2021-10-06 11:15:14,16700.0,400.0,375200.0
367,2021-10-06 11:12:41,16600.0,2400.0,374800.0
368,2021-10-06 11:12:31,16700.0,2000.0,372400.0
369,2021-10-06 11:12:04,16700.0,1000.0,370400.0
370,2021-10-06 11:12:02,16700.0,1700.0,369400.0
371,2021-10-06 11:09:21,16700.0,100.0,367700.0
372,2021-10-06 11:09:17,16800.0,500.0,367600.0
373,2021-10-06 11:04:11,16800.0,100.0,367100.0
374,2021-10-06 11:03:38,16700.0,1600.0,367000.0
375,2021-10-06 11:02:46,16700.0,300.0,365400.0
376,2021-10-06 11:02:36,16700.0,100.0,365100.0
377,2021-10-06 11:02:20,16700.0,2500.0,365000.0
378,2021-10-06 11:02:15,16700.0,200.0,362500.0
379,2021-10-06 10:59:40,16700.0,500.0,362300.0
380,2021-10-06 10:59:30,16700.0,400.0,361800.0
381,2021-10-06 10:59:19,16700.0,200.0,361400.0
382,2021-10-06 10:58:39,16700.0,100.0,361200.0
383,2021-10-06 10:57:19,16700.0,500.0,361100.0
384,2021-10-06 10:55:36,16600.0,8200.0,360600.0
385,2021-10-06 10:54:31,16700.0,3000.0,352400.0
386,2021-10-06 10:53:46,16700.0,5900.0,349400.0
387,2021-10-06 10:53:30,16700.0,1000.0,343500.0
388,2021-10-06 10:53:01,16700.0,8000.0,342500.0
389,2021-10-06 10:52:58,16700.0,500.0,334500.0
390,2021-10-06 10:52:54,16700.0,20000.0,334000.0
391,2021-10-06 10:52:48,16700.0,1000.0,314000.0
392,2021-10-06 10:51:38,16700.0,2000.0,313000.0
393,2021-10-06 10:50:30,16700.0,5000.0,311000.0
394,2021-10-06 10:48:59,16700.0,500.0,306000.0
395,2021-10-06 10:48:00,16700.0,1000.0,305500.0
396,2021-10-06 10:45:13,16700.0,1000.0,304500.0
397,2021-10-06 10:44:50,16700.0,800.0,303500.0
398,2021-10-06 10:43:47,16800.0,100.0,302700.0
399,2021-10-06 10:43:20,16800.0,1000.0,302600.0
400,2021-10-06 10:42:09,16800.0,7000.0,301600.0
401,2021-10-06 10:42:03,16800.0,2000.0,294600.0
402,2021-10-06 10:41:40,16800.0,100.0,292600.0
403,2021-10-06 10:41:26,16800.0,500.0,292500.0
404,2021-10-06 10:40:28,16800.0,400.0,292000.0
405,2021-10-06 10:40:23,16800.0,1000.0,291600.0
406,2021-10-06 10:40:13,16800.0,5900.0,290600.0
407,2021-10-06 10:39:13,16800.0,1000.0,284700.0
408,2021-10-06 10:38:59,16800.0,100.0,283700.0
409,2021-10-06 10:37:45,16800.0,100.0,283600.0
410,2021-10-06 10:37:44,16800.0,300.0,283500.0
411,2021-10-06 10:37:37,16800.0,2000.0,283200.0
412,2021-10-06 10:37:15,16800.0,300.0,281200.0
413,2021-10-06 10:36:58,16800.0,500.0,280900.0
414,2021-10-06 10:36:50,16700.0,1400.0,280400.0
415,2021-10-06 10:36:29,16700.0,100.0,279000.0
416,2021-10-06 10:34:48,16700.0,1000.0,278900.0
417,2021-10-06 10:34:24,16700.0,600.0,277900.0
418,2021-10-06 10:34:06,16700.0,3000.0,277300.0
419,2021-10-06 10:33:53,16800.0,20000.0,274300.0
420,2021-10-06 10:33:29,16800.0,1200.0,254300.0
421,2021-10-06 10:32:22,16800.0,4000.0,253100.0
422,2021-10-06 10:31:26,16800.0,300.0,249100.0
423,2021-10-06 10:31:14,16800.0,900.0,248800.0
424,2021-10-06 10:25:23,16800.0,50.0,247900.0
425,2021-10-06 10:24:32,16800.0,3000.0,247850.0
426,2021-10-06 10:24:10,16700.0,3000.0,244850.0
427,2021-10-06 10:23:59,16700.0,1900.0,241850.0
428,2021-10-06 10:21:36,16700.0,300.0,239950.0
429,2021-10-06 10:20:31,16700.0,100.0,239650.0
430,2021-10-06 10:20:28,16700.0,1100.0,239550.0
431,2021-10-06 10:20:15,16800.0,4000.0,238450.0
432,2021-10-06 10:20:10,16700.0,100.0,234450.0
433,2021-10-06 10:18:59,16700.0,1000.0,234350.0
434,2021-10-06 10:18:38,16700.0,200.0,233350.0
435,2021-10-06 10:18:12,16700.0,1000.0,233150.0
436,2021-10-06 10:18:03,16700.0,400.0,232150.0
437,2021-10-06 10:16:51,16700.0,100.0,231750.0
438,2021-10-06 10:15:50,16700.0,300.0,231650.0
439,2021-10-06 10:15:12,16700.0,800.0,231350.0
440,2021-10-06 10:14:33,16700.0,1000.0,230550.0
441,2021-10-06 10:14:23,16700.0,200.0,229550.0
442,2021-10-06 10:14:15,16700.0,100.0,229350.0
443,2021-10-06 10:14:05,16700.0,700.0,229250.0
444,2021-10-06 10:14:02,16700.0,1800.0,228550.0
445,2021-10-06 10:13:10,16700.0,100.0,226750.0
446,2021-10-06 10:13:07,16700.0,900.0,226650.0
447,2021-10-06 10:13:00,16700.0,700.0,225750.0
448,2021-10-06 10:12:59,16700.0,9300.0,225050.0
449,2021-10-06 10:12:11,16700.0,600.0,215750.0
450,2021-10-06 10:12:10,16700.0,900.0,215150.0
451,2021-10-06 10:12:00,16700.0,2000.0,214250.0
452,2021-10-06 10:11:32,16700.0,100.0,212250.0
453,2021-10-06 10:11:08,16700.0,1000.0,212150.0
454,2021-10-06 10:11:05,16700.0,500.0,211150.0
455,2021-10-06 10:10:39,16700.0,8500.0,210650.0
456,2021-10-06 10:10:25,16700.0,100.0,202150.0
457,2021-10-06 10:09:50,16700.0,2900.0,202050.0
458,2021-10-06 10:09:12,16700.0,100.0,199150.0
459,2021-10-06 10:08:59,16700.0,100.0,199050.0
460,2021-10-06 10:08:48,16700.0,500.0,198950.0
461,2021-10-06 10:08:37,16700.0,600.0,198450.0
462,2021-10-06 10:08:21,16700.0,9500.0,197850.0
463,2021-10-06 10:07:02,16600.0,600.0,188350.0
464,2021-10-06 10:05:57,16600.0,2000.0,187750.0
465,2021-10-06 10:03:47,16600.0,5000.0,185750.0
466,2021-10-06 10:03:42,16700.0,100.0,180750.0
467,2021-10-06 10:03:39,16600.0,100.0,180650.0
468,2021-10-06 10:03:03,16600.0,100.0,180550.0
469,2021-10-06 10:02:59,16600.0,700.0,180450.0
470,2021-10-06 10:01:43,16600.0,200.0,179750.0
471,2021-10-06 10:01:35,16600.0,100.0,179550.0
472,2021-10-06 10:01:15,16600.0,10000.0,179450.0
473,2021-10-06 10:00:44,16600.0,1000.0,169450.0
474,2021-10-06 09:59:42,16600.0,500.0,168450.0
475,2021-10-06 09:59:23,16600.0,100.0,167950.0
476,2021-10-06 09:59:18,16700.0,900.0,167850.0
477,2021-10-06 09:58:07,16700.0,500.0,166950.0
478,2021-10-06 09:54:54,16700.0,5100.0,166450.0
479,2021-10-06 09:54:47,16600.0,50000.0,161350.0
480,2021-10-06 09:51:29,16700.0,1000.0,111350.0
481,2021-10-06 09:51:07,16700.0,200.0,110350.0
482,2021-10-06 09:49:18,16700.0,500.0,110150.0
483,2021-10-06 09:47:56,16700.0,600.0,109650.0
484,2021-10-06 09:46:56,16700.0,2000.0,109050.0
485,2021-10-06 09:46:16,16700.0,1500.0,107050.0
486,2021-10-06 09:44:55,16700.0,4000.0,105550.0
487,2021-10-06 09:44:47,16700.0,900.0,101550.0
488,2021-10-06 09:44:24,16700.0,2000.0,100650.0
489,2021-10-06 09:43:09,16700.0,1000.0,98650.0
490,2021-10-06 09:42:10,16700.0,100.0,97650.0
491,2021-10-06 09:41:41,16700.0,100.0,97550.0
492,2021-10-06 09:41:37,16700.0,1000.0,97450.0
493,2021-10-06 09:41:34,16800.0,200.0,96450.0
494,2021-10-06 09:40:37,16700.0,100.0,96250.0
495,2021-10-06 09:38:22,16800.0,3100.0,96150.0
496,2021-10-06 09:37:57,16800.0,500.0,93050.0
497,2021-10-06 09:37:54,16800.0,500.0,92550.0
498,2021-10-06 09:37:35,16800.0,4100.0,92050.0
499,2021-10-06 09:37:24,16800.0,200.0,87950.0
500,2021-10-06 09:36:00,16800.0,500.0,87750.0
501,2021-10-06 09:35:27,16800.0,800.0,87250.0
502,2021-10-06 09:35:07,16800.0,100.0,86450.0
503,2021-10-06 09:34:44,16800.0,500.0,86350.0
504,2021-10-06 09:34:14,16800.0,5000.0,85850.0
505,2021-10-06 09:33:46,16800.0,500.0,80850.0
506,2021-10-06 09:33:32,16800.0,3500.0,80350.0
507,2021-10-06 09:33:16,16800.0,100.0,76850.0
508,2021-10-06 09:32:45,16800.0,8000.0,76750.0
509,2021-10-06 09:32:28,16800.0,400.0,68750.0
510,2021-10-06 09:32:18,16800.0,100.0,68350.0
511,2021-10-06 09:31:42,16800.0,700.0,68250.0
512,2021-10-06 09:31:36,16900.0,500.0,67550.0
513,2021-10-06 09:31:18,16900.0,1000.0,67050.0
514,2021-10-06 09:30:21,16900.0,200.0,66050.0
515,2021-10-06 09:29:48,16800.0,1000.0,65850.0
516,2021-10-06 09:29:37,16800.0,1000.0,64850.0
517,2021-10-06 09:29:26,16800.0,500.0,63850.0
518,2021-10-06 09:29:10,16800.0,100.0,63350.0
519,2021-10-06 09:29:07,16800.0,10000.0,63250.0
520,2021-10-06 09:29:02,16800.0,2000.0,53250.0
521,2021-10-06 09:28:57,16800.0,500.0,51250.0
522,2021-10-06 09:28:38,16800.0,2500.0,50750.0
523,2021-10-06 09:28:21,16800.0,300.0,48250.0
524,2021-10-06 09:28:12,16800.0,200.0,47950.0
525,2021-10-06 09:28:01,16800.0,1000.0,47750.0
526,2021-10-06 09:27:57,16800.0,1400.0,46750.0
527,2021-10-06 09:27:56,16800.0,10200.0,45350.0
528,2021-10-06 09:27:18,16800.0,100.0,35150.0
529,2021-10-06 09:27:05,16800.0,300.0,35050.0
530,2021-10-06 09:26:03,16700.0,500.0,34750.0
531,2021-10-06 09:25:26,16700.0,100.0,34250.0
532,2021-10-06 09:25:14,16700.0,1000.0,34150.0
533,2021-10-06 09:24:15,16700.0,100.0,33150.0
534,2021-10-06 09:23:34,16700.0,100.0,33050.0
535,2021-10-06 09:22:58,16700.0,1000.0,32950.0
536,2021-10-06 09:22:20,16700.0,1000.0,31950.0
537,2021-10-06 09:21:55,16700.0,1000.0,30950.0
538,2021-10-06 09:21:48,16700.0,300.0,29950.0
539,2021-10-06 09:21:00,16700.0,200.0,29650.0
540,2021-10-06 09:19:44,16700.0,600.0,29450.0
541,2021-10-06 09:19:31,16700.0,1000.0,28850.0
542,2021-10-06 09:19:24,16700.0,100.0,27850.0
543,2021-10-06 09:18:53,16700.0,700.0,27750.0
544,2021-10-06 09:17:59,16700.0,600.0,27050.0
545,2021-10-06 09:17:45,16700.0,100.0,26450.0
546,2021-10-06 09:15:23,16700.0,500.0,26350.0
547,2021-10-06 09:12:38,16700.0,1000.0,25850.0
548,2021-10-06 09:12:12,16700.0,500.0,24850.0
549,2021-10-06 09:11:10,16800.0,500.0,24350.0
550,2021-10-06 09:11:01,16700.0,100.0,23850.0
551,2021-10-06 09:10:25,16800.0,800.0,23750.0
552,2021-10-06 09:09:54,16800.0,100.0,22950.0
553,2021-10-06 09:09:46,16800.0,4100.0,22850.0
554,2021-10-06 09:09:14,16800.0,300.0,18750.0
555,2021-10-06 09:09:06,16800.0,100.0,18450.0
556,2021-10-06 09:09:00,16800.0,2500.0,18350.0
557,2021-10-06 09:08:24,16800.0,2000.0,15850.0
558,2021-10-06 09:07:52,16800.0,200.0,13850.0
559,2021-10-06 09:07:31,16800.0,1700.0,13650.0
560,2021-10-06 09:07:30,16700.0,800.0,11950.0
561,2021-10-06 09:07:28,16800.0,300.0,11150.0
562,2021-10-06 09:05:55,16800.0,4000.0,10850.0
563,2021-10-06 09:05:38,16800.0,100.0,6850.0
564,2021-10-06 09:05:18,16800.0,200.0,6750.0
565,2021-10-06 09:05:07,16900.0,1000.0,6550.0
566,2021-10-06 09:04:12,16900.0,400.0,5550.0
567,2021-10-06 09:03:17,16900.0,100.0,5150.0
568,2021-10-06 09:02:25,16900.0,1000.0,5050.0
569,2021-10-06 09:02:00,16900.0,1000.0,4050.0
570,2021-10-06 09:01:58,16900.0,600.0,3050.0
571,2021-10-06 09:01:39,16800.0,200.0,2450.0
572,2021-10-06 09:00:45,16900.0,30.0,2250.0
573,2021-10-06 09:00:42,16900.0,20.0,2220.0
574,2021-10-06 09:00:35,16900.0,1000.0,2200.0
575,2021-10-06 09:00:31,16900.0,400.0,1200.0
576,2021-10-06 09:00:27,16800.0,100.0,800.0
577,2021-10-06 09:00:21,16800.0,600.0,700.0
578,2021-10-06 09:00:03,16800.0,100.0,100.0
