,Time,Price,Volume_per_trade,Volume
0,2021-10-14 14:45:03,17400.0,24000.0,1957177.0
1,2021-10-14 14:29:59,17400.0,100.0,1933177.0
2,2021-10-14 14:29:47,17300.0,30000.0,1933077.0
3,2021-10-14 14:29:33,17300.0,5600.0,1903077.0
4,2021-10-14 14:28:37,17300.0,600.0,1897477.0
5,2021-10-14 14:28:17,17300.0,1000.0,1896877.0
6,2021-10-14 14:27:38,17300.0,2400.0,1895877.0
7,2021-10-14 14:27:11,17300.0,2000.0,1893477.0
8,2021-10-14 14:26:53,17400.0,400.0,1891477.0
9,2021-10-14 14:26:29,17400.0,100.0,1891077.0
10,2021-10-14 14:25:37,17400.0,100.0,1890977.0
11,2021-10-14 14:25:04,17400.0,200.0,1890877.0
12,2021-10-14 14:25:01,17400.0,5000.0,1890677.0
13,2021-10-14 14:24:56,17400.0,1000.0,1885677.0
14,2021-10-14 14:24:46,17400.0,3000.0,1884677.0
15,2021-10-14 14:24:43,17400.0,500.0,1881677.0
16,2021-10-14 14:24:29,17400.0,100.0,1881177.0
17,2021-10-14 14:23:58,17400.0,8000.0,1881077.0
18,2021-10-14 14:23:45,17400.0,100.0,1873077.0
19,2021-10-14 14:23:18,17400.0,10000.0,1872977.0
20,2021-10-14 14:23:04,17400.0,500.0,1862977.0
21,2021-10-14 14:22:26,17400.0,300.0,1862477.0
22,2021-10-14 14:22:21,17400.0,10000.0,1862177.0
23,2021-10-14 14:22:07,17400.0,3100.0,1852177.0
24,2021-10-14 14:21:34,17400.0,200.0,1849077.0
25,2021-10-14 14:21:07,17400.0,1700.0,1848877.0
26,2021-10-14 14:20:00,17400.0,300.0,1847177.0
27,2021-10-14 14:19:59,17500.0,100.0,1846877.0
28,2021-10-14 14:19:40,17500.0,1000.0,1846777.0
29,2021-10-14 14:19:04,17400.0,2300.0,1845777.0
30,2021-10-14 14:18:54,17400.0,100.0,1843477.0
31,2021-10-14 14:18:38,17400.0,2300.0,1843377.0
32,2021-10-14 14:18:31,17400.0,200.0,1841077.0
33,2021-10-14 14:18:29,17400.0,200.0,1840877.0
34,2021-10-14 14:18:28,17300.0,1000.0,1840677.0
35,2021-10-14 14:18:20,17400.0,3000.0,1839677.0
36,2021-10-14 14:18:05,17400.0,200.0,1836677.0
37,2021-10-14 14:17:44,17400.0,500.0,1836477.0
38,2021-10-14 14:16:56,17400.0,100.0,1835977.0
39,2021-10-14 14:16:46,17400.0,300.0,1835877.0
40,2021-10-14 14:16:33,17400.0,300.0,1835577.0
41,2021-10-14 14:16:23,17400.0,2000.0,1835277.0
42,2021-10-14 14:16:09,17400.0,100.0,1833277.0
43,2021-10-14 14:16:08,17400.0,500.0,1833177.0
44,2021-10-14 14:15:55,17400.0,100.0,1832677.0
45,2021-10-14 14:15:50,17400.0,100.0,1832577.0
46,2021-10-14 14:15:24,17400.0,6600.0,1832477.0
47,2021-10-14 14:14:42,17400.0,1000.0,1825877.0
48,2021-10-14 14:14:09,17400.0,820.0,1824877.0
49,2021-10-14 14:13:54,17400.0,5500.0,1824057.0
50,2021-10-14 14:13:21,17400.0,100.0,1818557.0
51,2021-10-14 14:12:39,17400.0,1000.0,1818457.0
52,2021-10-14 14:12:27,17400.0,1000.0,1817457.0
53,2021-10-14 14:12:24,17400.0,100.0,1816457.0
54,2021-10-14 14:12:15,17400.0,300.0,1816357.0
55,2021-10-14 14:12:05,17400.0,1800.0,1816057.0
56,2021-10-14 14:11:38,17400.0,32.0,1814257.0
57,2021-10-14 14:11:13,17400.0,200.0,1814225.0
58,2021-10-14 14:10:24,17400.0,700.0,1814025.0
59,2021-10-14 14:10:03,17400.0,500.0,1813325.0
60,2021-10-14 14:09:50,17400.0,5000.0,1812825.0
61,2021-10-14 14:08:35,17400.0,5000.0,1807825.0
62,2021-10-14 14:07:52,17400.0,700.0,1802825.0
63,2021-10-14 14:07:22,17400.0,1000.0,1802125.0
64,2021-10-14 14:07:13,17400.0,900.0,1801125.0
65,2021-10-14 14:06:14,17400.0,500.0,1800225.0
66,2021-10-14 14:06:03,17300.0,100.0,1799725.0
67,2021-10-14 14:05:35,17300.0,44400.0,1799625.0
68,2021-10-14 14:04:47,17400.0,500.0,1755225.0
69,2021-10-14 14:04:35,17400.0,500.0,1754725.0
70,2021-10-14 14:04:07,17400.0,1000.0,1754225.0
71,2021-10-14 14:03:45,17300.0,8000.0,1753225.0
72,2021-10-14 14:03:41,17400.0,500.0,1745225.0
73,2021-10-14 14:03:30,17400.0,500.0,1744725.0
74,2021-10-14 14:03:20,17400.0,10000.0,1744225.0
75,2021-10-14 14:03:00,17400.0,500.0,1734225.0
76,2021-10-14 14:02:37,17400.0,500.0,1733725.0
77,2021-10-14 14:02:02,17400.0,1000.0,1733225.0
78,2021-10-14 14:01:27,17400.0,1000.0,1732225.0
79,2021-10-14 14:01:15,17300.0,1000.0,1731225.0
80,2021-10-14 14:01:13,17400.0,100.0,1730225.0
81,2021-10-14 13:59:38,17300.0,2000.0,1730125.0
82,2021-10-14 13:59:36,17400.0,300.0,1728125.0
83,2021-10-14 13:59:24,17300.0,4000.0,1727825.0
84,2021-10-14 13:59:09,17300.0,6000.0,1723825.0
85,2021-10-14 13:58:56,17300.0,500.0,1717825.0
86,2021-10-14 13:58:42,17300.0,100.0,1717325.0
87,2021-10-14 13:58:33,17300.0,1600.0,1717225.0
88,2021-10-14 13:58:29,17300.0,100.0,1715625.0
89,2021-10-14 13:58:28,17200.0,1500.0,1715525.0
90,2021-10-14 13:58:25,17300.0,1000.0,1714025.0
91,2021-10-14 13:58:23,17300.0,800.0,1713025.0
92,2021-10-14 13:58:21,17300.0,2000.0,1712225.0
93,2021-10-14 13:58:20,17300.0,10200.0,1710225.0
94,2021-10-14 13:58:14,17300.0,5000.0,1700025.0
95,2021-10-14 13:58:01,17300.0,300.0,1695025.0
96,2021-10-14 13:57:55,17300.0,1900.0,1694725.0
97,2021-10-14 13:57:50,17300.0,200.0,1692825.0
98,2021-10-14 13:57:45,17300.0,200.0,1692625.0
99,2021-10-14 13:57:24,17300.0,300.0,1692425.0
100,2021-10-14 13:57:20,17300.0,100.0,1692125.0
101,2021-10-14 13:57:16,17300.0,2000.0,1692025.0
102,2021-10-14 13:57:15,17300.0,100.0,1690025.0
103,2021-10-14 13:57:10,17300.0,100.0,1689925.0
104,2021-10-14 13:56:59,17300.0,1300.0,1689825.0
105,2021-10-14 13:56:58,17300.0,100.0,1688525.0
106,2021-10-14 13:56:57,17300.0,200.0,1688425.0
107,2021-10-14 13:56:44,17300.0,51500.0,1688225.0
108,2021-10-14 13:56:43,17400.0,100.0,1636725.0
109,2021-10-14 13:56:41,17400.0,200.0,1636625.0
110,2021-10-14 13:56:32,17400.0,3000.0,1636425.0
111,2021-10-14 13:56:22,17400.0,100.0,1633425.0
112,2021-10-14 13:55:59,17400.0,2500.0,1633325.0
113,2021-10-14 13:55:57,17400.0,2000.0,1630825.0
114,2021-10-14 13:55:48,17400.0,3000.0,1628825.0
115,2021-10-14 13:55:05,17400.0,700.0,1625825.0
116,2021-10-14 13:54:28,17400.0,100.0,1625125.0
117,2021-10-14 13:54:08,17300.0,500.0,1625025.0
118,2021-10-14 13:53:39,17300.0,100.0,1624525.0
119,2021-10-14 13:53:33,17400.0,600.0,1624425.0
120,2021-10-14 13:52:34,17300.0,2000.0,1623825.0
121,2021-10-14 13:52:04,17300.0,1100.0,1621825.0
122,2021-10-14 13:52:00,17300.0,500.0,1620725.0
123,2021-10-14 13:51:58,17300.0,800.0,1620225.0
124,2021-10-14 13:51:57,17300.0,1000.0,1619425.0
125,2021-10-14 13:51:56,17300.0,3000.0,1618425.0
126,2021-10-14 13:51:30,17300.0,49400.0,1615425.0
127,2021-10-14 13:51:23,17300.0,115000.0,1566025.0
128,2021-10-14 13:50:52,17300.0,2000.0,1451025.0
129,2021-10-14 13:50:18,17400.0,100.0,1449025.0
130,2021-10-14 13:49:52,17400.0,800.0,1448925.0
131,2021-10-14 13:49:22,17400.0,1700.0,1448125.0
132,2021-10-14 13:49:08,17400.0,400.0,1446425.0
133,2021-10-14 13:48:21,17400.0,100.0,1446025.0
134,2021-10-14 13:47:23,17400.0,1400.0,1445925.0
135,2021-10-14 13:46:56,17400.0,900.0,1444525.0
136,2021-10-14 13:46:32,17400.0,300.0,1443625.0
137,2021-10-14 13:46:17,17400.0,300.0,1443325.0
138,2021-10-14 13:45:55,17400.0,1500.0,1443025.0
139,2021-10-14 13:45:51,17400.0,500.0,1441525.0
140,2021-10-14 13:45:22,17400.0,100.0,1441025.0
141,2021-10-14 13:45:00,17400.0,9600.0,1440925.0
142,2021-10-14 13:44:53,17400.0,45000.0,1431325.0
143,2021-10-14 13:44:39,17400.0,100.0,1386325.0
144,2021-10-14 13:43:09,17400.0,100.0,1386225.0
145,2021-10-14 13:42:41,17500.0,400.0,1386125.0
146,2021-10-14 13:41:36,17500.0,100.0,1385725.0
147,2021-10-14 13:39:55,17500.0,100.0,1385625.0
148,2021-10-14 13:39:25,17500.0,1000.0,1385525.0
149,2021-10-14 13:39:21,17500.0,500.0,1384525.0
150,2021-10-14 13:39:20,17400.0,200.0,1384025.0
151,2021-10-14 13:39:01,17500.0,2000.0,1383825.0
152,2021-10-14 13:38:59,17500.0,500.0,1381825.0
153,2021-10-14 13:38:24,17500.0,2100.0,1381325.0
154,2021-10-14 13:37:41,17500.0,5000.0,1379225.0
155,2021-10-14 13:37:23,17500.0,100.0,1374225.0
156,2021-10-14 13:35:59,17500.0,10000.0,1374125.0
157,2021-10-14 13:35:41,17500.0,500.0,1364125.0
158,2021-10-14 13:35:40,17500.0,300.0,1363625.0
159,2021-10-14 13:34:05,17500.0,200.0,1363325.0
160,2021-10-14 13:33:09,17500.0,500.0,1363125.0
161,2021-10-14 13:32:23,17500.0,5000.0,1362625.0
162,2021-10-14 13:31:46,17500.0,300.0,1357625.0
163,2021-10-14 13:31:40,17500.0,1000.0,1357325.0
164,2021-10-14 13:31:37,17500.0,500.0,1356325.0
165,2021-10-14 13:31:26,17500.0,200.0,1355825.0
166,2021-10-14 13:31:07,17500.0,100.0,1355625.0
167,2021-10-14 13:31:04,17500.0,14500.0,1355525.0
168,2021-10-14 13:30:57,17500.0,1000.0,1341025.0
169,2021-10-14 13:29:59,17500.0,900.0,1340025.0
170,2021-10-14 13:29:52,17500.0,500.0,1339125.0
171,2021-10-14 13:29:44,17500.0,1000.0,1338625.0
172,2021-10-14 13:29:31,17500.0,3000.0,1337625.0
173,2021-10-14 13:29:10,17500.0,2000.0,1334625.0
174,2021-10-14 13:29:08,17500.0,100.0,1332625.0
175,2021-10-14 13:29:04,17500.0,3000.0,1332525.0
176,2021-10-14 13:29:02,17500.0,1400.0,1329525.0
177,2021-10-14 13:28:54,17500.0,300.0,1328125.0
178,2021-10-14 13:28:50,17500.0,300.0,1327825.0
179,2021-10-14 13:28:39,17500.0,300.0,1327525.0
180,2021-10-14 13:28:34,17500.0,3000.0,1327225.0
181,2021-10-14 13:28:28,17500.0,500.0,1324225.0
182,2021-10-14 13:28:23,17500.0,1000.0,1323725.0
183,2021-10-14 13:28:10,17500.0,3100.0,1322725.0
184,2021-10-14 13:28:01,17500.0,400.0,1319625.0
185,2021-10-14 13:28:00,17500.0,3000.0,1319225.0
186,2021-10-14 13:27:55,17500.0,100.0,1316225.0
187,2021-10-14 13:27:50,17500.0,10000.0,1316125.0
188,2021-10-14 13:27:41,17500.0,20000.0,1306125.0
189,2021-10-14 13:27:40,17500.0,15000.0,1286125.0
190,2021-10-14 13:26:56,17500.0,1100.0,1271125.0
191,2021-10-14 13:26:25,17500.0,20000.0,1270025.0
192,2021-10-14 13:25:56,17500.0,7000.0,1250025.0
193,2021-10-14 13:25:48,17500.0,200.0,1243025.0
194,2021-10-14 13:25:43,17500.0,5000.0,1242825.0
195,2021-10-14 13:25:15,17500.0,12000.0,1237825.0
196,2021-10-14 13:25:12,17500.0,500.0,1225825.0
197,2021-10-14 13:24:44,17500.0,50000.0,1225325.0
198,2021-10-14 13:24:39,17400.0,400.0,1175325.0
199,2021-10-14 13:24:14,17400.0,5200.0,1174925.0
200,2021-10-14 13:23:39,17400.0,2000.0,1169725.0
201,2021-10-14 13:22:57,17400.0,1000.0,1167725.0
202,2021-10-14 13:22:48,17400.0,700.0,1166725.0
203,2021-10-14 13:22:43,17400.0,3200.0,1166025.0
204,2021-10-14 13:22:37,17400.0,100.0,1162825.0
205,2021-10-14 13:22:15,17400.0,500.0,1162725.0
206,2021-10-14 13:21:57,17400.0,7300.0,1162225.0
207,2021-10-14 13:21:26,17400.0,500.0,1154925.0
208,2021-10-14 13:21:15,17400.0,800.0,1154425.0
209,2021-10-14 13:21:04,17400.0,6900.0,1153625.0
210,2021-10-14 13:20:52,17400.0,5000.0,1146725.0
211,2021-10-14 13:19:53,17400.0,1200.0,1141725.0
212,2021-10-14 13:19:46,17400.0,400.0,1140525.0
213,2021-10-14 13:19:43,17400.0,500.0,1140125.0
214,2021-10-14 13:19:38,17400.0,1000.0,1139625.0
215,2021-10-14 13:19:33,17400.0,600.0,1138625.0
216,2021-10-14 13:19:21,17400.0,4000.0,1138025.0
217,2021-10-14 13:18:44,17400.0,6400.0,1134025.0
218,2021-10-14 13:17:52,17400.0,8000.0,1127625.0
219,2021-10-14 13:17:43,17400.0,1000.0,1119625.0
220,2021-10-14 13:17:36,17400.0,900.0,1118625.0
221,2021-10-14 13:17:22,17400.0,700.0,1117725.0
222,2021-10-14 13:17:12,17400.0,300.0,1117025.0
223,2021-10-14 13:17:02,17400.0,100.0,1116725.0
224,2021-10-14 13:16:44,17400.0,800.0,1116625.0
225,2021-10-14 13:16:34,17400.0,500.0,1115825.0
226,2021-10-14 13:16:32,17400.0,5000.0,1115325.0
227,2021-10-14 13:16:27,17400.0,500.0,1110325.0
228,2021-10-14 13:16:25,17400.0,1000.0,1109825.0
229,2021-10-14 13:15:33,17400.0,1500.0,1108825.0
230,2021-10-14 13:15:13,17400.0,7900.0,1107325.0
231,2021-10-14 13:14:43,17400.0,7100.0,1099425.0
232,2021-10-14 13:14:37,17400.0,4900.0,1092325.0
233,2021-10-14 13:14:26,17400.0,5100.0,1087425.0
234,2021-10-14 13:14:18,17400.0,100.0,1082325.0
235,2021-10-14 13:13:39,17400.0,9000.0,1082225.0
236,2021-10-14 13:13:28,17400.0,1000.0,1073225.0
237,2021-10-14 13:13:22,17400.0,1300.0,1072225.0
238,2021-10-14 13:12:56,17400.0,1000.0,1070925.0
239,2021-10-14 13:12:50,17400.0,1000.0,1069925.0
240,2021-10-14 13:12:45,17400.0,200.0,1068925.0
241,2021-10-14 13:12:32,17400.0,200.0,1068725.0
242,2021-10-14 13:12:28,17400.0,1000.0,1068525.0
243,2021-10-14 13:12:11,17400.0,200.0,1067525.0
244,2021-10-14 13:12:04,17400.0,5000.0,1067325.0
245,2021-10-14 13:10:56,17400.0,13900.0,1062325.0
246,2021-10-14 13:08:30,17400.0,300.0,1048425.0
247,2021-10-14 13:08:14,17400.0,100.0,1048125.0
248,2021-10-14 13:08:07,17400.0,100.0,1048025.0
249,2021-10-14 13:08:03,17400.0,800.0,1047925.0
250,2021-10-14 13:08:02,17400.0,2000.0,1047125.0
251,2021-10-14 13:07:47,17400.0,100.0,1045125.0
252,2021-10-14 13:07:41,17400.0,200.0,1045025.0
253,2021-10-14 13:07:39,17400.0,600.0,1044825.0
254,2021-10-14 13:07:27,17400.0,10800.0,1044225.0
255,2021-10-14 13:07:20,17400.0,22000.0,1033425.0
256,2021-10-14 13:06:11,17400.0,2000.0,1011425.0
257,2021-10-14 13:04:51,17500.0,200.0,1009425.0
258,2021-10-14 13:04:23,17500.0,400.0,1009225.0
259,2021-10-14 13:04:05,17500.0,100.0,1008825.0
260,2021-10-14 13:03:18,17400.0,500.0,1008725.0
261,2021-10-14 13:00:16,17400.0,6200.0,1008225.0
262,2021-10-14 13:00:11,17400.0,200.0,1002025.0
263,2021-10-14 13:00:09,17400.0,2000.0,1001825.0
264,2021-10-14 13:00:06,17400.0,400.0,999825.0
265,2021-10-14 13:00:05,17400.0,2600.0,999425.0
266,2021-10-14 13:00:03,17400.0,200.0,996825.0
267,2021-10-14 13:00:01,17400.0,3100.0,996625.0
268,2021-10-14 11:29:43,17400.0,1700.0,993525.0
269,2021-10-14 11:28:52,17400.0,500.0,991825.0
270,2021-10-14 11:28:35,17400.0,2000.0,991325.0
271,2021-10-14 11:28:21,17400.0,1000.0,989325.0
272,2021-10-14 11:28:05,17400.0,1000.0,988325.0
273,2021-10-14 11:27:39,17400.0,1000.0,987325.0
274,2021-10-14 11:27:31,17400.0,2000.0,986325.0
275,2021-10-14 11:25:59,17400.0,100.0,984325.0
276,2021-10-14 11:25:22,17400.0,500.0,984225.0
277,2021-10-14 11:24:03,17400.0,500.0,983725.0
278,2021-10-14 11:23:43,17400.0,200.0,983225.0
279,2021-10-14 11:23:36,17400.0,2000.0,983025.0
280,2021-10-14 11:23:18,17400.0,400.0,981025.0
281,2021-10-14 11:23:13,17400.0,1500.0,980625.0
282,2021-10-14 11:22:46,17400.0,2800.0,979125.0
283,2021-10-14 11:22:45,17400.0,400.0,976325.0
284,2021-10-14 11:22:41,17400.0,1100.0,975925.0
285,2021-10-14 11:21:34,17400.0,1000.0,974825.0
286,2021-10-14 11:21:20,17400.0,500.0,973825.0
287,2021-10-14 11:21:09,17400.0,100.0,973325.0
288,2021-10-14 11:20:45,17400.0,800.0,973225.0
289,2021-10-14 11:20:43,17400.0,2500.0,972425.0
290,2021-10-14 11:19:36,17400.0,40000.0,969925.0
291,2021-10-14 11:19:08,17400.0,9000.0,929925.0
292,2021-10-14 11:19:06,17400.0,2000.0,920925.0
293,2021-10-14 11:18:56,17400.0,200.0,918925.0
294,2021-10-14 11:18:13,17400.0,3000.0,918725.0
295,2021-10-14 11:18:11,17400.0,300.0,915725.0
296,2021-10-14 11:17:39,17400.0,1400.0,915425.0
297,2021-10-14 11:17:19,17300.0,3000.0,914025.0
298,2021-10-14 11:17:16,17400.0,1000.0,911025.0
299,2021-10-14 11:13:32,17300.0,100.0,910025.0
300,2021-10-14 11:12:59,17300.0,20000.0,909925.0
301,2021-10-14 11:12:54,17400.0,400.0,889925.0
302,2021-10-14 11:11:49,17400.0,100.0,889525.0
303,2021-10-14 11:11:36,17400.0,100.0,889425.0
304,2021-10-14 11:10:45,17400.0,100.0,889325.0
305,2021-10-14 11:10:10,17400.0,2000.0,889225.0
306,2021-10-14 11:09:34,17400.0,5000.0,887225.0
307,2021-10-14 11:09:01,17400.0,1000.0,882225.0
308,2021-10-14 11:08:42,17400.0,2000.0,881225.0
309,2021-10-14 11:07:48,17400.0,500.0,879225.0
310,2021-10-14 11:07:36,17400.0,100.0,878725.0
311,2021-10-14 11:07:27,17400.0,1000.0,878625.0
312,2021-10-14 11:07:26,17400.0,100.0,877625.0
313,2021-10-14 11:07:22,17400.0,100.0,877525.0
314,2021-10-14 11:06:55,17400.0,600.0,877425.0
315,2021-10-14 11:06:33,17400.0,100.0,876825.0
316,2021-10-14 11:05:45,17400.0,1500.0,876725.0
317,2021-10-14 11:05:14,17400.0,2000.0,875225.0
318,2021-10-14 11:04:21,17400.0,2000.0,873225.0
319,2021-10-14 11:04:09,17400.0,100.0,871225.0
320,2021-10-14 11:04:00,17400.0,100.0,871125.0
321,2021-10-14 11:03:02,17400.0,1000.0,871025.0
322,2021-10-14 11:01:50,17400.0,100.0,870025.0
323,2021-10-14 11:01:36,17400.0,2800.0,869925.0
324,2021-10-14 11:01:29,17400.0,100.0,867125.0
325,2021-10-14 11:01:04,17400.0,200.0,867025.0
326,2021-10-14 11:00:36,17400.0,600.0,866825.0
327,2021-10-14 11:00:33,17400.0,1000.0,866225.0
328,2021-10-14 11:00:30,17400.0,3000.0,865225.0
329,2021-10-14 11:00:13,17400.0,1000.0,862225.0
330,2021-10-14 11:00:02,17400.0,400.0,861225.0
331,2021-10-14 10:59:00,17400.0,2000.0,860825.0
332,2021-10-14 10:58:55,17400.0,10000.0,858825.0
333,2021-10-14 10:58:14,17400.0,2000.0,848825.0
334,2021-10-14 10:58:09,17400.0,1000.0,846825.0
335,2021-10-14 10:57:52,17400.0,100.0,845825.0
336,2021-10-14 10:57:26,17400.0,500.0,845725.0
337,2021-10-14 10:56:48,17400.0,1000.0,845225.0
338,2021-10-14 10:55:56,17400.0,3200.0,844225.0
339,2021-10-14 10:55:38,17300.0,4000.0,841025.0
340,2021-10-14 10:54:57,17300.0,3000.0,837025.0
341,2021-10-14 10:54:48,17400.0,500.0,834025.0
342,2021-10-14 10:54:00,17400.0,3500.0,833525.0
343,2021-10-14 10:53:04,17400.0,900.0,830025.0
344,2021-10-14 10:52:33,17400.0,500.0,829125.0
345,2021-10-14 10:52:30,17400.0,1500.0,828625.0
346,2021-10-14 10:51:18,17400.0,9700.0,827125.0
347,2021-10-14 10:50:25,17400.0,500.0,817425.0
348,2021-10-14 10:50:22,17400.0,200.0,816925.0
349,2021-10-14 10:50:19,17400.0,1000.0,816725.0
350,2021-10-14 10:50:18,17400.0,5000.0,815725.0
351,2021-10-14 10:50:14,17400.0,1000.0,810725.0
352,2021-10-14 10:50:09,17400.0,100.0,809725.0
353,2021-10-14 10:50:05,17400.0,5500.0,809625.0
354,2021-10-14 10:49:49,17400.0,1000.0,804125.0
355,2021-10-14 10:49:48,17400.0,4500.0,803125.0
356,2021-10-14 10:49:41,17400.0,13500.0,798625.0
357,2021-10-14 10:49:39,17400.0,400.0,785125.0
358,2021-10-14 10:49:35,17400.0,38000.0,784725.0
359,2021-10-14 10:48:51,17500.0,400.0,746725.0
360,2021-10-14 10:48:32,17500.0,100.0,746325.0
361,2021-10-14 10:44:23,17500.0,500.0,746225.0
362,2021-10-14 10:44:04,17400.0,5000.0,745725.0
363,2021-10-14 10:42:41,17400.0,300.0,740725.0
364,2021-10-14 10:40:53,17400.0,200.0,740425.0
365,2021-10-14 10:40:34,17500.0,100.0,740225.0
366,2021-10-14 10:40:10,17500.0,100.0,740125.0
367,2021-10-14 10:40:07,17500.0,1200.0,740025.0
368,2021-10-14 10:39:10,17500.0,100.0,738825.0
369,2021-10-14 10:38:58,17500.0,5000.0,738725.0
370,2021-10-14 10:38:28,17500.0,200.0,733725.0
371,2021-10-14 10:38:27,17500.0,200.0,733525.0
372,2021-10-14 10:38:05,17500.0,200.0,733325.0
373,2021-10-14 10:37:12,17500.0,200.0,733125.0
374,2021-10-14 10:36:51,17500.0,500.0,732925.0
375,2021-10-14 10:36:34,17500.0,2300.0,732425.0
376,2021-10-14 10:36:12,17500.0,1000.0,730125.0
377,2021-10-14 10:36:07,17500.0,500.0,729125.0
378,2021-10-14 10:34:37,17500.0,200.0,728625.0
379,2021-10-14 10:34:01,17500.0,300.0,728425.0
380,2021-10-14 10:32:51,17500.0,1000.0,728125.0
381,2021-10-14 10:32:15,17500.0,300.0,727125.0
382,2021-10-14 10:32:05,17500.0,1000.0,726825.0
383,2021-10-14 10:31:59,17500.0,1500.0,725825.0
384,2021-10-14 10:31:54,17500.0,12400.0,724325.0
385,2021-10-14 10:31:47,17500.0,18000.0,711925.0
386,2021-10-14 10:30:58,17500.0,1000.0,693925.0
387,2021-10-14 10:30:40,17500.0,5000.0,692925.0
388,2021-10-14 10:28:43,17600.0,500.0,687925.0
389,2021-10-14 10:28:10,17600.0,10000.0,687425.0
390,2021-10-14 10:27:22,17600.0,100.0,677425.0
391,2021-10-14 10:26:51,17500.0,2000.0,677325.0
392,2021-10-14 10:26:24,17500.0,2500.0,675325.0
393,2021-10-14 10:25:57,17500.0,300.0,672825.0
394,2021-10-14 10:25:49,17500.0,100.0,672525.0
395,2021-10-14 10:25:40,17500.0,1000.0,672425.0
396,2021-10-14 10:24:03,17500.0,8500.0,671425.0
397,2021-10-14 10:24:02,17500.0,5000.0,662925.0
398,2021-10-14 10:23:58,17500.0,10200.0,657925.0
399,2021-10-14 10:23:16,17500.0,1700.0,647725.0
400,2021-10-14 10:23:07,17400.0,1000.0,646025.0
401,2021-10-14 10:22:54,17400.0,400.0,645025.0
402,2021-10-14 10:22:35,17400.0,100.0,644625.0
403,2021-10-14 10:19:50,17400.0,1500.0,644525.0
404,2021-10-14 10:19:43,17400.0,6000.0,643025.0
405,2021-10-14 10:18:57,17400.0,2600.0,637025.0
406,2021-10-14 10:18:56,17400.0,500.0,634425.0
407,2021-10-14 10:18:30,17500.0,17900.0,633925.0
408,2021-10-14 10:17:58,17500.0,100.0,616025.0
409,2021-10-14 10:17:24,17500.0,500.0,615925.0
410,2021-10-14 10:17:16,17500.0,2900.0,615425.0
411,2021-10-14 10:17:15,17500.0,100.0,612525.0
412,2021-10-14 10:16:46,17500.0,900.0,612425.0
413,2021-10-14 10:16:44,17500.0,100.0,611525.0
414,2021-10-14 10:16:40,17500.0,3000.0,611425.0
415,2021-10-14 10:16:29,17500.0,100.0,608425.0
416,2021-10-14 10:16:10,17500.0,100.0,608325.0
417,2021-10-14 10:16:05,17500.0,100.0,608225.0
418,2021-10-14 10:15:53,17500.0,600.0,608125.0
419,2021-10-14 10:15:16,17600.0,20100.0,607525.0
420,2021-10-14 10:15:09,17500.0,700.0,587425.0
421,2021-10-14 10:14:35,17500.0,47500.0,586725.0
422,2021-10-14 10:14:26,17500.0,1000.0,539225.0
423,2021-10-14 10:14:22,17500.0,200.0,538225.0
424,2021-10-14 10:14:00,17500.0,20000.0,538025.0
425,2021-10-14 10:13:43,17500.0,100.0,518025.0
426,2021-10-14 10:13:36,17500.0,100.0,517925.0
427,2021-10-14 10:13:21,17600.0,200.0,517825.0
428,2021-10-14 10:13:18,17500.0,500.0,517625.0
429,2021-10-14 10:12:55,17500.0,600.0,517125.0
430,2021-10-14 10:12:50,17600.0,2000.0,516525.0
431,2021-10-14 10:11:52,17600.0,3000.0,514525.0
432,2021-10-14 10:11:51,17500.0,200.0,511525.0
433,2021-10-14 10:11:22,17500.0,700.0,511325.0
434,2021-10-14 10:10:40,17500.0,200.0,510625.0
435,2021-10-14 10:10:33,17500.0,1000.0,510425.0
436,2021-10-14 10:10:19,17500.0,2100.0,509425.0
437,2021-10-14 10:09:52,17500.0,13000.0,507325.0
438,2021-10-14 10:09:24,17500.0,1000.0,494325.0
439,2021-10-14 10:08:02,17500.0,2200.0,493325.0
440,2021-10-14 10:07:59,17500.0,3200.0,491125.0
441,2021-10-14 10:07:43,17500.0,100.0,487925.0
442,2021-10-14 10:07:42,17500.0,2000.0,487825.0
443,2021-10-14 10:07:34,17500.0,5000.0,485825.0
444,2021-10-14 10:07:21,17500.0,100.0,480825.0
445,2021-10-14 10:06:44,17500.0,500.0,480725.0
446,2021-10-14 10:06:22,17500.0,100.0,480225.0
447,2021-10-14 10:05:56,17500.0,100.0,480125.0
448,2021-10-14 10:03:31,17500.0,500.0,480025.0
449,2021-10-14 10:02:55,17600.0,500.0,479525.0
450,2021-10-14 10:02:21,17600.0,100.0,479025.0
451,2021-10-14 10:01:34,17600.0,200.0,478925.0
452,2021-10-14 10:00:41,17600.0,800.0,478725.0
453,2021-10-14 09:59:49,17600.0,100.0,477925.0
454,2021-10-14 09:59:38,17500.0,200.0,477825.0
455,2021-10-14 09:58:21,17500.0,6400.0,477625.0
456,2021-10-14 09:58:17,17500.0,200.0,471225.0
457,2021-10-14 09:57:40,17500.0,300.0,471025.0
458,2021-10-14 09:57:26,17600.0,500.0,470725.0
459,2021-10-14 09:57:15,17500.0,100.0,470225.0
460,2021-10-14 09:57:11,17600.0,200.0,470125.0
461,2021-10-14 09:57:10,17500.0,800.0,469925.0
462,2021-10-14 09:56:50,17500.0,100.0,469125.0
463,2021-10-14 09:56:49,17500.0,200.0,469025.0
464,2021-10-14 09:56:11,17500.0,4000.0,468825.0
465,2021-10-14 09:56:03,17500.0,500.0,464825.0
466,2021-10-14 09:55:44,17600.0,500.0,464325.0
467,2021-10-14 09:55:16,17600.0,400.0,463825.0
468,2021-10-14 09:54:01,17600.0,100.0,463425.0
469,2021-10-14 09:53:49,17500.0,1000.0,463325.0
470,2021-10-14 09:53:39,17500.0,1000.0,462325.0
471,2021-10-14 09:53:30,17500.0,7000.0,461325.0
472,2021-10-14 09:53:28,17600.0,1000.0,454325.0
473,2021-10-14 09:53:11,17600.0,1000.0,453325.0
474,2021-10-14 09:52:59,17500.0,10000.0,452325.0
475,2021-10-14 09:52:51,17600.0,2000.0,442325.0
476,2021-10-14 09:52:48,17500.0,10000.0,440325.0
477,2021-10-14 09:52:47,17600.0,4000.0,430325.0
478,2021-10-14 09:52:44,17600.0,1900.0,426325.0
479,2021-10-14 09:52:41,17600.0,300.0,424425.0
480,2021-10-14 09:52:34,17600.0,2200.0,424125.0
481,2021-10-14 09:51:56,17600.0,500.0,421925.0
482,2021-10-14 09:51:36,17600.0,1000.0,421425.0
483,2021-10-14 09:51:35,17600.0,500.0,420425.0
484,2021-10-14 09:51:22,17600.0,50.0,419925.0
485,2021-10-14 09:51:18,17600.0,2000.0,419875.0
486,2021-10-14 09:51:12,17600.0,200.0,417875.0
487,2021-10-14 09:51:11,17600.0,5.0,417675.0
488,2021-10-14 09:50:54,17600.0,4100.0,417670.0
489,2021-10-14 09:50:51,17600.0,500.0,413570.0
490,2021-10-14 09:50:43,17600.0,100.0,413070.0
491,2021-10-14 09:50:29,17600.0,3000.0,412970.0
492,2021-10-14 09:50:17,17600.0,100.0,409970.0
493,2021-10-14 09:49:58,17600.0,200.0,409870.0
494,2021-10-14 09:49:39,17600.0,1000.0,409670.0
495,2021-10-14 09:49:26,17600.0,25200.0,408670.0
496,2021-10-14 09:49:20,17600.0,6100.0,383470.0
497,2021-10-14 09:49:19,17500.0,10000.0,377370.0
498,2021-10-14 09:48:14,17500.0,2700.0,367370.0
499,2021-10-14 09:47:11,17500.0,2000.0,364670.0
500,2021-10-14 09:46:58,17600.0,2000.0,362670.0
501,2021-10-14 09:46:47,17600.0,200.0,360670.0
502,2021-10-14 09:44:52,17600.0,1000.0,360470.0
503,2021-10-14 09:44:38,17600.0,100.0,359470.0
504,2021-10-14 09:43:48,17600.0,2000.0,359370.0
505,2021-10-14 09:43:26,17600.0,700.0,357370.0
506,2021-10-14 09:42:26,17600.0,1400.0,356670.0
507,2021-10-14 09:42:22,17600.0,1500.0,355270.0
508,2021-10-14 09:42:07,17600.0,200.0,353770.0
509,2021-10-14 09:41:36,17600.0,200.0,353570.0
510,2021-10-14 09:41:33,17600.0,700.0,353370.0
511,2021-10-14 09:41:20,17600.0,6300.0,352670.0
512,2021-10-14 09:40:59,17500.0,1000.0,346370.0
513,2021-10-14 09:39:32,17600.0,2100.0,345370.0
514,2021-10-14 09:39:26,17600.0,1000.0,343270.0
515,2021-10-14 09:39:21,17600.0,1000.0,342270.0
516,2021-10-14 09:38:37,17600.0,24500.0,341270.0
517,2021-10-14 09:38:07,17500.0,200.0,316770.0
518,2021-10-14 09:37:23,17500.0,500.0,316570.0
519,2021-10-14 09:37:02,17600.0,600.0,316070.0
520,2021-10-14 09:36:39,17500.0,500.0,315470.0
521,2021-10-14 09:36:07,17500.0,1000.0,314970.0
522,2021-10-14 09:35:50,17500.0,500.0,313970.0
523,2021-10-14 09:35:11,17500.0,1000.0,313470.0
524,2021-10-14 09:34:39,17500.0,400.0,312470.0
525,2021-10-14 09:34:34,17600.0,500.0,312070.0
526,2021-10-14 09:33:55,17500.0,300.0,311570.0
527,2021-10-14 09:33:28,17500.0,55.0,311270.0
528,2021-10-14 09:33:26,17500.0,1000.0,311215.0
529,2021-10-14 09:33:16,17600.0,100.0,310215.0
530,2021-10-14 09:32:45,17600.0,200.0,310115.0
531,2021-10-14 09:32:42,17600.0,3400.0,309915.0
532,2021-10-14 09:32:02,17500.0,1000.0,306515.0
533,2021-10-14 09:30:36,17600.0,2500.0,305515.0
534,2021-10-14 09:30:21,17500.0,1400.0,303015.0
535,2021-10-14 09:29:45,17500.0,1400.0,301615.0
536,2021-10-14 09:29:06,17500.0,2000.0,300215.0
537,2021-10-14 09:27:46,17500.0,4000.0,298215.0
538,2021-10-14 09:26:58,17600.0,700.0,294215.0
539,2021-10-14 09:26:32,17600.0,20000.0,293515.0
540,2021-10-14 09:25:33,17600.0,2800.0,273515.0
541,2021-10-14 09:25:16,17600.0,3700.0,270715.0
542,2021-10-14 09:24:23,17600.0,100.0,267015.0
543,2021-10-14 09:24:14,17600.0,2000.0,266915.0
544,2021-10-14 09:23:26,17600.0,100.0,264915.0
545,2021-10-14 09:23:15,17600.0,25500.0,264815.0
546,2021-10-14 09:23:03,17500.0,400.0,239315.0
547,2021-10-14 09:22:51,17500.0,100.0,238915.0
548,2021-10-14 09:22:32,17500.0,4000.0,238815.0
549,2021-10-14 09:22:31,17500.0,100.0,234815.0
550,2021-10-14 09:22:28,17500.0,1000.0,234715.0
551,2021-10-14 09:22:09,17500.0,5000.0,233715.0
552,2021-10-14 09:22:06,17500.0,2000.0,228715.0
553,2021-10-14 09:21:56,17500.0,1000.0,226715.0
554,2021-10-14 09:21:02,17500.0,37500.0,225715.0
555,2021-10-14 09:20:12,17600.0,2000.0,188215.0
556,2021-10-14 09:19:40,17600.0,100.0,186215.0
557,2021-10-14 09:19:32,17600.0,3000.0,186115.0
558,2021-10-14 09:19:19,17500.0,2600.0,183115.0
559,2021-10-14 09:19:18,17500.0,300.0,180515.0
560,2021-10-14 09:18:59,17500.0,10000.0,180215.0
561,2021-10-14 09:18:55,17500.0,15.0,170215.0
562,2021-10-14 09:18:27,17500.0,4100.0,170200.0
563,2021-10-14 09:18:14,17500.0,1000.0,166100.0
564,2021-10-14 09:17:46,17600.0,700.0,165100.0
565,2021-10-14 09:17:33,17600.0,4000.0,164400.0
566,2021-10-14 09:17:28,17600.0,1300.0,160400.0
567,2021-10-14 09:17:07,17600.0,1000.0,159100.0
568,2021-10-14 09:16:20,17600.0,6100.0,158100.0
569,2021-10-14 09:16:14,17600.0,300.0,152000.0
570,2021-10-14 09:16:07,17600.0,100.0,151700.0
571,2021-10-14 09:15:47,17600.0,4900.0,151600.0
572,2021-10-14 09:15:04,17600.0,1300.0,146700.0
573,2021-10-14 09:14:57,17600.0,8000.0,145400.0
574,2021-10-14 09:14:55,17600.0,200.0,137400.0
575,2021-10-14 09:14:19,17600.0,3500.0,137200.0
576,2021-10-14 09:14:15,17600.0,1000.0,133700.0
577,2021-10-14 09:13:50,17600.0,4000.0,132700.0
578,2021-10-14 09:12:56,17600.0,500.0,128700.0
579,2021-10-14 09:12:35,17600.0,200.0,128200.0
580,2021-10-14 09:12:04,17600.0,700.0,128000.0
581,2021-10-14 09:11:59,17600.0,5000.0,127300.0
582,2021-10-14 09:11:37,17600.0,6400.0,122300.0
583,2021-10-14 09:11:07,17600.0,100.0,115900.0
584,2021-10-14 09:10:35,17500.0,7000.0,115800.0
585,2021-10-14 09:10:25,17600.0,5000.0,108800.0
586,2021-10-14 09:10:09,17600.0,1100.0,103800.0
587,2021-10-14 09:10:07,17600.0,1000.0,102700.0
588,2021-10-14 09:09:50,17600.0,7800.0,101700.0
589,2021-10-14 09:09:33,17700.0,600.0,93900.0
590,2021-10-14 09:08:41,17700.0,600.0,93300.0
591,2021-10-14 09:08:00,17700.0,20000.0,92700.0
592,2021-10-14 09:07:47,17700.0,7400.0,72700.0
593,2021-10-14 09:07:29,17600.0,5700.0,65300.0
594,2021-10-14 09:07:21,17600.0,1500.0,59600.0
595,2021-10-14 09:07:03,17600.0,5000.0,58100.0
596,2021-10-14 09:06:26,17600.0,8200.0,53100.0
597,2021-10-14 09:06:25,17700.0,500.0,44900.0
598,2021-10-14 09:05:46,17700.0,2000.0,44400.0
599,2021-10-14 09:05:18,17700.0,8000.0,42400.0
600,2021-10-14 09:04:21,17600.0,3000.0,34400.0
601,2021-10-14 09:04:10,17600.0,1000.0,31400.0
602,2021-10-14 09:04:09,17700.0,10000.0,30400.0
603,2021-10-14 09:04:01,17700.0,5400.0,20400.0
604,2021-10-14 09:03:46,17700.0,2700.0,15000.0
605,2021-10-14 09:03:23,17700.0,900.0,12300.0
606,2021-10-14 09:03:19,17700.0,900.0,11400.0
607,2021-10-14 09:03:03,17700.0,3000.0,10500.0
608,2021-10-14 09:02:42,17700.0,200.0,7500.0
609,2021-10-14 09:01:54,17700.0,800.0,7300.0
610,2021-10-14 09:01:04,17700.0,100.0,6500.0
611,2021-10-14 09:00:48,17700.0,100.0,6400.0
612,2021-10-14 09:00:45,17700.0,300.0,6300.0
613,2021-10-14 09:00:28,17600.0,5000.0,6000.0
614,2021-10-14 09:00:19,17600.0,200.0,1000.0
615,2021-10-14 09:00:10,17600.0,600.0,800.0
616,2021-10-14 09:00:05,17800.0,100.0,200.0
617,2021-10-14 09:00:03,17600.0,100.0,100.0
