,Time,Price,Volume_per_trade,Volume
0,2021-10-18 14:45:04,16000.0,7100.0,529861.0
1,2021-10-18 14:29:56,16000.0,400.0,522761.0
2,2021-10-18 14:29:10,16000.0,300.0,522361.0
3,2021-10-18 14:28:48,16000.0,200.0,522061.0
4,2021-10-18 14:28:30,16000.0,500.0,521861.0
5,2021-10-18 14:28:18,16100.0,500.0,521361.0
6,2021-10-18 14:28:13,16100.0,300.0,520861.0
7,2021-10-18 14:28:00,16100.0,300.0,520561.0
8,2021-10-18 14:27:54,16000.0,300.0,520261.0
9,2021-10-18 14:26:11,16100.0,300.0,519961.0
10,2021-10-18 14:25:48,16100.0,100.0,519661.0
11,2021-10-18 14:25:03,16100.0,1400.0,519561.0
12,2021-10-18 14:24:46,16100.0,5000.0,518161.0
13,2021-10-18 14:23:27,16100.0,100.0,513161.0
14,2021-10-18 14:22:55,16100.0,500.0,513061.0
15,2021-10-18 14:22:30,16100.0,200.0,512561.0
16,2021-10-18 14:21:51,16000.0,500.0,512361.0
17,2021-10-18 14:21:45,16000.0,400.0,511861.0
18,2021-10-18 14:21:42,16000.0,300.0,511461.0
19,2021-10-18 14:21:40,16000.0,1000.0,511161.0
20,2021-10-18 14:21:23,16000.0,1000.0,510161.0
21,2021-10-18 14:20:55,16000.0,3700.0,509161.0
22,2021-10-18 14:20:50,16000.0,500.0,505461.0
23,2021-10-18 14:20:49,15900.0,2000.0,504961.0
24,2021-10-18 14:20:48,16000.0,5000.0,502961.0
25,2021-10-18 14:20:41,16000.0,100.0,497961.0
26,2021-10-18 14:20:31,16000.0,100.0,497861.0
27,2021-10-18 14:20:19,16000.0,1100.0,497761.0
28,2021-10-18 14:20:04,16000.0,1000.0,496661.0
29,2021-10-18 14:19:33,16000.0,100.0,495661.0
30,2021-10-18 14:18:52,16000.0,138800.0,495561.0
31,2021-10-18 14:16:41,16200.0,1000.0,356761.0
32,2021-10-18 14:16:40,16100.0,200.0,355761.0
33,2021-10-18 14:16:27,16100.0,4000.0,355561.0
34,2021-10-18 14:16:11,16100.0,1000.0,351561.0
35,2021-10-18 14:15:25,16200.0,200.0,350561.0
36,2021-10-18 14:14:16,16200.0,2000.0,350361.0
37,2021-10-18 14:14:12,16200.0,1000.0,348361.0
38,2021-10-18 14:14:02,16200.0,500.0,347361.0
39,2021-10-18 14:13:57,16200.0,2000.0,346861.0
40,2021-10-18 14:13:48,16200.0,1000.0,344861.0
41,2021-10-18 14:13:19,16200.0,500.0,343861.0
42,2021-10-18 14:13:14,16200.0,100.0,343361.0
43,2021-10-18 14:13:12,16200.0,2200.0,343261.0
44,2021-10-18 14:12:49,16200.0,2000.0,341061.0
45,2021-10-18 14:12:31,16100.0,100.0,339061.0
46,2021-10-18 14:11:03,16100.0,1000.0,338961.0
47,2021-10-18 14:09:48,16100.0,300.0,337961.0
48,2021-10-18 14:09:14,16100.0,1000.0,337661.0
49,2021-10-18 14:09:08,16100.0,2800.0,336661.0
50,2021-10-18 14:08:45,16100.0,55.0,333861.0
51,2021-10-18 14:08:10,16100.0,1000.0,333806.0
52,2021-10-18 14:07:22,16100.0,400.0,332806.0
53,2021-10-18 14:06:42,16100.0,600.0,332406.0
54,2021-10-18 14:06:12,16100.0,5000.0,331806.0
55,2021-10-18 14:05:51,16200.0,100.0,326806.0
56,2021-10-18 14:05:39,16200.0,200.0,326706.0
57,2021-10-18 14:05:25,16200.0,300.0,326506.0
58,2021-10-18 14:03:23,16100.0,300.0,326206.0
59,2021-10-18 14:03:02,16200.0,500.0,325906.0
60,2021-10-18 14:02:25,16200.0,1900.0,325406.0
61,2021-10-18 14:02:06,16200.0,2500.0,323506.0
62,2021-10-18 14:01:30,16200.0,2200.0,321006.0
63,2021-10-18 14:00:49,16200.0,100.0,318806.0
64,2021-10-18 14:00:00,16200.0,200.0,318706.0
65,2021-10-18 13:59:48,16200.0,1300.0,318506.0
66,2021-10-18 13:59:15,16200.0,100.0,317206.0
67,2021-10-18 13:59:07,16200.0,100.0,317106.0
68,2021-10-18 13:58:38,16200.0,100.0,317006.0
69,2021-10-18 13:58:32,16200.0,2500.0,316906.0
70,2021-10-18 13:58:14,16200.0,200.0,314406.0
71,2021-10-18 13:57:29,16200.0,100.0,314206.0
72,2021-10-18 13:57:27,16100.0,100.0,314106.0
73,2021-10-18 13:57:06,16200.0,100.0,314006.0
74,2021-10-18 13:57:02,16200.0,2000.0,313906.0
75,2021-10-18 13:56:49,16100.0,200.0,311906.0
76,2021-10-18 13:56:45,16200.0,1000.0,311706.0
77,2021-10-18 13:56:31,16200.0,1800.0,310706.0
78,2021-10-18 13:56:22,16200.0,200.0,308906.0
79,2021-10-18 13:55:40,16200.0,100.0,308706.0
80,2021-10-18 13:54:30,16200.0,74.0,308606.0
81,2021-10-18 13:54:16,16200.0,100.0,308532.0
82,2021-10-18 13:54:10,16200.0,1000.0,308432.0
83,2021-10-18 13:53:16,16200.0,100.0,307432.0
84,2021-10-18 13:53:07,16100.0,900.0,307332.0
85,2021-10-18 13:53:03,16200.0,1000.0,306432.0
86,2021-10-18 13:51:39,16200.0,500.0,305432.0
87,2021-10-18 13:51:27,16200.0,100.0,304932.0
88,2021-10-18 13:51:02,16200.0,100.0,304832.0
89,2021-10-18 13:50:55,16200.0,200.0,304732.0
90,2021-10-18 13:50:17,16200.0,15000.0,304532.0
91,2021-10-18 13:50:06,16200.0,100.0,289532.0
92,2021-10-18 13:47:13,16100.0,1000.0,289432.0
93,2021-10-18 13:46:39,16100.0,2900.0,288432.0
94,2021-10-18 13:46:24,16100.0,85.0,285532.0
95,2021-10-18 13:46:19,16100.0,2700.0,285447.0
96,2021-10-18 13:45:45,16100.0,300.0,282747.0
97,2021-10-18 13:44:21,16200.0,2000.0,282447.0
98,2021-10-18 13:43:30,16200.0,1000.0,280447.0
99,2021-10-18 13:42:52,16200.0,100.0,279447.0
100,2021-10-18 13:42:32,16100.0,200.0,279347.0
101,2021-10-18 13:41:35,16200.0,45.0,279147.0
102,2021-10-18 13:41:23,16200.0,3000.0,279102.0
103,2021-10-18 13:41:22,16100.0,300.0,276102.0
104,2021-10-18 13:40:17,16200.0,100.0,275802.0
105,2021-10-18 13:40:16,16200.0,100.0,275702.0
106,2021-10-18 13:40:05,16200.0,400.0,275602.0
107,2021-10-18 13:39:35,16200.0,2000.0,275202.0
108,2021-10-18 13:39:14,16200.0,3200.0,273202.0
109,2021-10-18 13:38:01,16200.0,7000.0,270002.0
110,2021-10-18 13:37:32,16200.0,5000.0,263002.0
111,2021-10-18 13:37:25,16100.0,7.0,258002.0
112,2021-10-18 13:36:48,16100.0,200.0,257995.0
113,2021-10-18 13:36:34,16100.0,100.0,257795.0
114,2021-10-18 13:36:26,16100.0,8700.0,257695.0
115,2021-10-18 13:35:35,16200.0,100.0,248995.0
116,2021-10-18 13:35:24,16200.0,400.0,248895.0
117,2021-10-18 13:34:40,16200.0,2500.0,248495.0
118,2021-10-18 13:34:33,16200.0,100.0,245995.0
119,2021-10-18 13:33:16,16100.0,500.0,245895.0
120,2021-10-18 13:31:50,16200.0,200.0,245395.0
121,2021-10-18 13:31:49,16100.0,3100.0,245195.0
122,2021-10-18 13:31:13,16100.0,100.0,242095.0
123,2021-10-18 13:30:13,16100.0,400.0,241995.0
124,2021-10-18 13:28:16,16100.0,1000.0,241595.0
125,2021-10-18 13:28:02,16100.0,300.0,240595.0
126,2021-10-18 13:27:44,16100.0,200.0,240295.0
127,2021-10-18 13:27:28,16100.0,300.0,240095.0
128,2021-10-18 13:27:14,16100.0,1000.0,239795.0
129,2021-10-18 13:25:57,16100.0,1700.0,238795.0
130,2021-10-18 13:24:09,16100.0,500.0,237095.0
131,2021-10-18 13:23:52,16100.0,2600.0,236595.0
132,2021-10-18 13:22:33,16100.0,70.0,233995.0
133,2021-10-18 13:20:30,16100.0,1900.0,233925.0
134,2021-10-18 13:20:29,16200.0,100.0,232025.0
135,2021-10-18 13:19:44,16100.0,200.0,231925.0
136,2021-10-18 13:19:38,16100.0,600.0,231725.0
137,2021-10-18 13:18:56,16100.0,200.0,231125.0
138,2021-10-18 13:18:29,16100.0,2000.0,230925.0
139,2021-10-18 13:18:25,16100.0,2000.0,228925.0
140,2021-10-18 13:14:29,16100.0,100.0,226925.0
141,2021-10-18 13:14:08,16100.0,1000.0,226825.0
142,2021-10-18 13:13:53,16100.0,300.0,225825.0
143,2021-10-18 13:11:16,16200.0,200.0,225525.0
144,2021-10-18 13:10:14,16200.0,100.0,225325.0
145,2021-10-18 13:07:22,16200.0,500.0,225225.0
146,2021-10-18 13:05:55,16100.0,5300.0,224725.0
147,2021-10-18 13:01:55,16100.0,200.0,219425.0
148,2021-10-18 13:01:09,16100.0,1500.0,219225.0
149,2021-10-18 13:00:09,16200.0,2000.0,217725.0
150,2021-10-18 13:00:04,16200.0,700.0,215725.0
151,2021-10-18 13:00:03,16100.0,200.0,215025.0
152,2021-10-18 13:00:02,16200.0,3200.0,214825.0
153,2021-10-18 11:29:50,16200.0,1800.0,211625.0
154,2021-10-18 11:28:38,16100.0,1000.0,209825.0
155,2021-10-18 11:28:33,16200.0,100.0,208825.0
156,2021-10-18 11:28:05,16100.0,100.0,208725.0
157,2021-10-18 11:27:04,16100.0,1000.0,208625.0
158,2021-10-18 11:26:57,16100.0,2200.0,207625.0
159,2021-10-18 11:25:35,16200.0,100.0,205425.0
160,2021-10-18 11:24:04,16200.0,100.0,205325.0
161,2021-10-18 11:23:00,16100.0,100.0,205225.0
162,2021-10-18 11:22:50,16100.0,100.0,205125.0
163,2021-10-18 11:21:55,16100.0,100.0,205025.0
164,2021-10-18 11:21:28,16100.0,10000.0,204925.0
165,2021-10-18 11:19:38,16200.0,200.0,194925.0
166,2021-10-18 11:19:21,16200.0,400.0,194725.0
167,2021-10-18 11:15:38,16100.0,7000.0,194325.0
168,2021-10-18 11:15:10,16100.0,5800.0,187325.0
169,2021-10-18 11:13:36,16200.0,200.0,181525.0
170,2021-10-18 11:06:17,16100.0,100.0,181325.0
171,2021-10-18 11:05:59,16100.0,1000.0,181225.0
172,2021-10-18 11:05:25,16200.0,300.0,180225.0
173,2021-10-18 11:05:15,16100.0,15.0,179925.0
174,2021-10-18 11:05:07,16100.0,3000.0,179910.0
175,2021-10-18 11:04:31,16200.0,100.0,176910.0
176,2021-10-18 11:01:51,16200.0,500.0,176810.0
177,2021-10-18 11:01:24,16200.0,500.0,176310.0
178,2021-10-18 11:01:07,16200.0,200.0,175810.0
179,2021-10-18 11:00:35,16200.0,1000.0,175610.0
180,2021-10-18 11:00:33,16200.0,1000.0,174610.0
181,2021-10-18 10:58:19,16200.0,100.0,173610.0
182,2021-10-18 10:56:14,16100.0,100.0,173510.0
183,2021-10-18 10:55:49,16100.0,600.0,173410.0
184,2021-10-18 10:54:11,16100.0,1000.0,172810.0
185,2021-10-18 10:54:03,16200.0,200.0,171810.0
186,2021-10-18 10:53:10,16200.0,1000.0,171610.0
187,2021-10-18 10:52:35,16200.0,500.0,170610.0
188,2021-10-18 10:52:10,16200.0,100.0,170110.0
189,2021-10-18 10:51:54,16200.0,1000.0,170010.0
190,2021-10-18 10:50:47,16200.0,100.0,169010.0
191,2021-10-18 10:50:19,16200.0,500.0,168910.0
192,2021-10-18 10:49:09,16200.0,100.0,168410.0
193,2021-10-18 10:48:38,16100.0,400.0,168310.0
194,2021-10-18 10:47:15,16100.0,5400.0,167910.0
195,2021-10-18 10:46:54,16100.0,1000.0,162510.0
196,2021-10-18 10:45:41,16100.0,1000.0,161510.0
197,2021-10-18 10:44:32,16100.0,500.0,160510.0
198,2021-10-18 10:43:55,16100.0,500.0,160010.0
199,2021-10-18 10:41:58,16100.0,800.0,159510.0
200,2021-10-18 10:41:36,16100.0,5000.0,158710.0
201,2021-10-18 10:40:35,16100.0,1700.0,153710.0
202,2021-10-18 10:40:00,16100.0,100.0,152010.0
203,2021-10-18 10:39:39,16100.0,900.0,151910.0
204,2021-10-18 10:39:21,16100.0,1000.0,151010.0
205,2021-10-18 10:39:13,16100.0,1100.0,150010.0
206,2021-10-18 10:38:37,16100.0,200.0,148910.0
207,2021-10-18 10:38:27,16200.0,300.0,148710.0
208,2021-10-18 10:38:19,16200.0,3000.0,148410.0
209,2021-10-18 10:38:17,16100.0,500.0,145410.0
210,2021-10-18 10:37:59,16200.0,100.0,144910.0
211,2021-10-18 10:36:25,16200.0,400.0,144810.0
212,2021-10-18 10:35:07,16200.0,100.0,144410.0
213,2021-10-18 10:33:26,16200.0,100.0,144310.0
214,2021-10-18 10:33:21,16200.0,2000.0,144210.0
215,2021-10-18 10:33:06,16200.0,200.0,142210.0
216,2021-10-18 10:33:05,16200.0,300.0,142010.0
217,2021-10-18 10:33:01,16200.0,300.0,141710.0
218,2021-10-18 10:32:54,16200.0,300.0,141410.0
219,2021-10-18 10:32:35,16200.0,200.0,141110.0
220,2021-10-18 10:31:51,16200.0,100.0,140910.0
221,2021-10-18 10:31:26,16200.0,600.0,140810.0
222,2021-10-18 10:31:02,16200.0,1000.0,140210.0
223,2021-10-18 10:30:54,16200.0,300.0,139210.0
224,2021-10-18 10:30:52,16200.0,100.0,138910.0
225,2021-10-18 10:30:29,16200.0,600.0,138810.0
226,2021-10-18 10:29:52,16200.0,300.0,138210.0
227,2021-10-18 10:29:38,16200.0,1800.0,137910.0
228,2021-10-18 10:28:59,16200.0,200.0,136110.0
229,2021-10-18 10:27:49,16200.0,10000.0,135910.0
230,2021-10-18 10:26:37,16300.0,100.0,125910.0
231,2021-10-18 10:26:28,16200.0,63.0,125810.0
232,2021-10-18 10:25:49,16200.0,200.0,125747.0
233,2021-10-18 10:25:02,16200.0,1000.0,125547.0
234,2021-10-18 10:23:46,16200.0,1700.0,124547.0
235,2021-10-18 10:23:12,16200.0,1000.0,122847.0
236,2021-10-18 10:22:32,16300.0,200.0,121847.0
237,2021-10-18 10:21:54,16300.0,300.0,121647.0
238,2021-10-18 10:19:56,16200.0,4000.0,121347.0
239,2021-10-18 10:18:37,16200.0,7000.0,117347.0
240,2021-10-18 10:17:55,16300.0,900.0,110347.0
241,2021-10-18 10:17:52,16200.0,600.0,109447.0
242,2021-10-18 10:17:06,16300.0,1000.0,108847.0
243,2021-10-18 10:14:38,16300.0,100.0,107847.0
244,2021-10-18 10:14:24,16200.0,200.0,107747.0
245,2021-10-18 10:13:21,16200.0,500.0,107547.0
246,2021-10-18 10:10:59,16200.0,1000.0,107047.0
247,2021-10-18 10:10:58,16200.0,100.0,106047.0
248,2021-10-18 10:10:45,16200.0,1300.0,105947.0
249,2021-10-18 10:10:30,16300.0,300.0,104647.0
250,2021-10-18 10:09:32,16300.0,500.0,104347.0
251,2021-10-18 10:03:31,16300.0,300.0,103847.0
252,2021-10-18 10:02:46,16300.0,100.0,103547.0
253,2021-10-18 10:02:28,16300.0,500.0,103447.0
254,2021-10-18 10:01:53,16300.0,100.0,102947.0
255,2021-10-18 10:01:42,16300.0,100.0,102847.0
256,2021-10-18 10:00:04,16200.0,200.0,102747.0
257,2021-10-18 09:58:06,16200.0,40.0,102547.0
258,2021-10-18 09:58:01,16200.0,1700.0,102507.0
259,2021-10-18 09:55:58,16200.0,5000.0,100807.0
260,2021-10-18 09:55:44,16200.0,100.0,95807.0
261,2021-10-18 09:55:35,16200.0,1000.0,95707.0
262,2021-10-18 09:55:25,16200.0,500.0,94707.0
263,2021-10-18 09:53:45,16200.0,1500.0,94207.0
264,2021-10-18 09:53:00,16200.0,900.0,92707.0
265,2021-10-18 09:52:05,16200.0,1000.0,91807.0
266,2021-10-18 09:50:55,16200.0,700.0,90807.0
267,2021-10-18 09:50:29,16200.0,5000.0,90107.0
268,2021-10-18 09:47:46,16200.0,4900.0,85107.0
269,2021-10-18 09:47:45,16200.0,7100.0,80207.0
270,2021-10-18 09:47:16,16300.0,300.0,73107.0
271,2021-10-18 09:47:00,16300.0,300.0,72807.0
272,2021-10-18 09:46:29,16300.0,400.0,72507.0
273,2021-10-18 09:46:16,16300.0,1000.0,72107.0
274,2021-10-18 09:46:07,16300.0,100.0,71107.0
275,2021-10-18 09:45:30,16300.0,100.0,71007.0
276,2021-10-18 09:45:27,16300.0,100.0,70907.0
277,2021-10-18 09:45:01,16300.0,1000.0,70807.0
278,2021-10-18 09:44:26,16300.0,1000.0,69807.0
279,2021-10-18 09:44:17,16200.0,100.0,68807.0
280,2021-10-18 09:44:07,16200.0,300.0,68707.0
281,2021-10-18 09:43:40,16200.0,100.0,68407.0
282,2021-10-18 09:43:39,16300.0,1000.0,68307.0
283,2021-10-18 09:43:15,16200.0,2000.0,67307.0
284,2021-10-18 09:42:52,16300.0,5000.0,65307.0
285,2021-10-18 09:42:28,16200.0,200.0,60307.0
286,2021-10-18 09:40:13,16200.0,50.0,60107.0
287,2021-10-18 09:39:37,16200.0,1100.0,60057.0
288,2021-10-18 09:39:16,16300.0,1000.0,58957.0
289,2021-10-18 09:39:11,16300.0,100.0,57957.0
290,2021-10-18 09:38:43,16300.0,50.0,57857.0
291,2021-10-18 09:38:42,16300.0,2800.0,57807.0
292,2021-10-18 09:38:39,16200.0,300.0,55007.0
293,2021-10-18 09:38:31,16200.0,1000.0,54707.0
294,2021-10-18 09:38:22,16200.0,500.0,53707.0
295,2021-10-18 09:38:09,16300.0,300.0,53207.0
296,2021-10-18 09:37:38,16200.0,300.0,52907.0
297,2021-10-18 09:37:16,16300.0,2800.0,52607.0
298,2021-10-18 09:37:08,16300.0,500.0,49807.0
299,2021-10-18 09:36:49,16200.0,9000.0,49307.0
300,2021-10-18 09:36:34,16300.0,1000.0,40307.0
301,2021-10-18 09:36:21,16300.0,200.0,39307.0
302,2021-10-18 09:36:15,16300.0,1000.0,39107.0
303,2021-10-18 09:36:01,16300.0,1000.0,38107.0
304,2021-10-18 09:35:20,16300.0,900.0,37107.0
305,2021-10-18 09:34:32,16300.0,400.0,36207.0
306,2021-10-18 09:32:38,16300.0,800.0,35807.0
307,2021-10-18 09:32:27,16300.0,200.0,35007.0
308,2021-10-18 09:32:11,16300.0,5000.0,34807.0
309,2021-10-18 09:30:31,16300.0,300.0,29807.0
310,2021-10-18 09:30:19,16300.0,200.0,29507.0
311,2021-10-18 09:30:14,16300.0,100.0,29307.0
312,2021-10-18 09:30:13,16300.0,100.0,29207.0
313,2021-10-18 09:30:05,16300.0,200.0,29107.0
314,2021-10-18 09:29:42,16300.0,100.0,28907.0
315,2021-10-18 09:28:48,16200.0,10000.0,28807.0
316,2021-10-18 09:28:45,16300.0,300.0,18807.0
317,2021-10-18 09:28:13,16300.0,1800.0,18507.0
318,2021-10-18 09:27:59,16400.0,100.0,16707.0
319,2021-10-18 09:27:22,16400.0,2600.0,16607.0
320,2021-10-18 09:25:45,16500.0,100.0,14007.0
321,2021-10-18 09:25:04,16400.0,100.0,13907.0
322,2021-10-18 09:24:39,16400.0,100.0,13807.0
323,2021-10-18 09:24:28,16400.0,1400.0,13707.0
324,2021-10-18 09:24:25,16400.0,7.0,12307.0
325,2021-10-18 09:23:53,16400.0,500.0,12300.0
326,2021-10-18 09:23:45,16400.0,300.0,11800.0
327,2021-10-18 09:23:16,16500.0,1000.0,11500.0
328,2021-10-18 09:23:03,16500.0,300.0,10500.0
329,2021-10-18 09:22:52,16500.0,700.0,10200.0
330,2021-10-18 09:22:47,16500.0,200.0,9500.0
331,2021-10-18 09:22:08,16500.0,100.0,9300.0
332,2021-10-18 09:21:38,16500.0,1500.0,9200.0
333,2021-10-18 09:14:10,16700.0,5000.0,7700.0
334,2021-10-18 09:12:54,16700.0,1000.0,2700.0
335,2021-10-18 09:09:14,16700.0,300.0,1700.0
336,2021-10-18 09:06:59,16700.0,100.0,1400.0
337,2021-10-18 09:06:53,16700.0,100.0,1300.0
338,2021-10-18 09:05:47,16700.0,100.0,1200.0
339,2021-10-18 09:00:21,16700.0,300.0,1100.0
340,2021-10-18 09:00:14,16500.0,800.0,800.0
