,Time,Price,Volume_per_trade,Volume
0,2021-10-06 14:45:04,19200.0,8100.0,1136533.0
1,2021-10-06 14:29:39,19300.0,500.0,1128433.0
2,2021-10-06 14:29:36,19300.0,500.0,1127933.0
3,2021-10-06 14:29:35,19300.0,500.0,1127433.0
4,2021-10-06 14:29:30,19300.0,16.0,1126933.0
5,2021-10-06 14:28:55,19300.0,100.0,1126917.0
6,2021-10-06 14:28:49,19300.0,600.0,1126817.0
7,2021-10-06 14:28:43,19300.0,300.0,1126217.0
8,2021-10-06 14:28:24,19300.0,1000.0,1125917.0
9,2021-10-06 14:28:08,19300.0,400.0,1124917.0
10,2021-10-06 14:27:47,19300.0,2000.0,1124517.0
11,2021-10-06 14:27:32,19300.0,3000.0,1122517.0
12,2021-10-06 14:27:27,19300.0,1300.0,1119517.0
13,2021-10-06 14:27:13,19300.0,2000.0,1118217.0
14,2021-10-06 14:27:10,19300.0,1000.0,1116217.0
15,2021-10-06 14:27:03,19300.0,400.0,1115217.0
16,2021-10-06 14:26:54,19300.0,1000.0,1114817.0
17,2021-10-06 14:26:41,19300.0,100.0,1113817.0
18,2021-10-06 14:26:00,19300.0,1000.0,1113717.0
19,2021-10-06 14:25:55,19300.0,5200.0,1112717.0
20,2021-10-06 14:25:42,19300.0,6000.0,1107517.0
21,2021-10-06 14:25:33,19200.0,1000.0,1101517.0
22,2021-10-06 14:25:14,19200.0,700.0,1100517.0
23,2021-10-06 14:24:40,19300.0,1000.0,1099817.0
24,2021-10-06 14:24:39,19200.0,500.0,1098817.0
25,2021-10-06 14:24:26,19200.0,2200.0,1098317.0
26,2021-10-06 14:23:37,19200.0,500.0,1096117.0
27,2021-10-06 14:22:45,19200.0,1800.0,1095617.0
28,2021-10-06 14:21:53,19300.0,1000.0,1093817.0
29,2021-10-06 14:20:44,19300.0,400.0,1092817.0
30,2021-10-06 14:19:53,19200.0,2500.0,1092417.0
31,2021-10-06 14:17:23,19300.0,1000.0,1089917.0
32,2021-10-06 14:17:13,19300.0,300.0,1088917.0
33,2021-10-06 14:16:41,19300.0,100.0,1088617.0
34,2021-10-06 14:16:27,19300.0,100.0,1088517.0
35,2021-10-06 14:15:55,19300.0,5000.0,1088417.0
36,2021-10-06 14:15:43,19300.0,5000.0,1083417.0
37,2021-10-06 14:15:29,19300.0,500.0,1078417.0
38,2021-10-06 14:14:30,19300.0,200.0,1077917.0
39,2021-10-06 14:14:15,19300.0,30.0,1077717.0
40,2021-10-06 14:14:05,19300.0,6100.0,1077687.0
41,2021-10-06 14:13:31,19200.0,400.0,1071587.0
42,2021-10-06 14:13:17,19200.0,700.0,1071187.0
43,2021-10-06 14:13:07,19200.0,1000.0,1070487.0
44,2021-10-06 14:12:05,19200.0,2900.0,1069487.0
45,2021-10-06 14:11:48,19200.0,1000.0,1066587.0
46,2021-10-06 14:11:26,19200.0,1700.0,1065587.0
47,2021-10-06 14:11:24,19200.0,500.0,1063887.0
48,2021-10-06 14:10:54,19200.0,200.0,1063387.0
49,2021-10-06 14:10:48,19200.0,100.0,1063187.0
50,2021-10-06 14:10:47,19200.0,500.0,1063087.0
51,2021-10-06 14:10:37,19200.0,200.0,1062587.0
52,2021-10-06 14:10:22,19200.0,300.0,1062387.0
53,2021-10-06 14:10:01,19200.0,1000.0,1062087.0
54,2021-10-06 14:09:40,19200.0,700.0,1061087.0
55,2021-10-06 14:09:28,19200.0,1000.0,1060387.0
56,2021-10-06 14:09:08,19200.0,700.0,1059387.0
57,2021-10-06 14:09:05,19200.0,300.0,1058687.0
58,2021-10-06 14:08:50,19200.0,3200.0,1058387.0
59,2021-10-06 14:08:19,19200.0,100.0,1055187.0
60,2021-10-06 14:07:00,19200.0,5000.0,1055087.0
61,2021-10-06 14:06:51,19200.0,2000.0,1050087.0
62,2021-10-06 14:05:24,19200.0,47.0,1048087.0
63,2021-10-06 14:05:16,19200.0,300.0,1048040.0
64,2021-10-06 14:03:12,19300.0,1400.0,1047740.0
65,2021-10-06 14:02:41,19200.0,100.0,1046340.0
66,2021-10-06 14:02:15,19200.0,200.0,1046240.0
67,2021-10-06 14:02:08,19200.0,2200.0,1046040.0
68,2021-10-06 14:01:12,19200.0,1000.0,1043840.0
69,2021-10-06 14:00:28,19200.0,100.0,1042840.0
70,2021-10-06 14:00:27,19200.0,100.0,1042740.0
71,2021-10-06 13:59:51,19200.0,500.0,1042640.0
72,2021-10-06 13:59:20,19100.0,92.0,1042140.0
73,2021-10-06 13:59:13,19100.0,400.0,1042048.0
74,2021-10-06 13:58:53,19100.0,200.0,1041648.0
75,2021-10-06 13:58:51,19200.0,100.0,1041448.0
76,2021-10-06 13:58:44,19100.0,1300.0,1041348.0
77,2021-10-06 13:58:09,19200.0,200.0,1040048.0
78,2021-10-06 13:58:04,19200.0,100.0,1039848.0
79,2021-10-06 13:57:48,19300.0,600.0,1039748.0
80,2021-10-06 13:57:38,19300.0,300.0,1039148.0
81,2021-10-06 13:57:29,19300.0,100.0,1038848.0
82,2021-10-06 13:57:26,19300.0,900.0,1038748.0
83,2021-10-06 13:57:06,19300.0,50.0,1037848.0
84,2021-10-06 13:56:54,19300.0,500.0,1037798.0
85,2021-10-06 13:55:56,19500.0,29.0,1037298.0
86,2021-10-06 13:55:43,19500.0,67.0,1037269.0
87,2021-10-06 13:55:35,19500.0,300.0,1037202.0
88,2021-10-06 13:55:19,19700.0,100.0,1036902.0
89,2021-10-06 13:55:16,19700.0,1000.0,1036802.0
90,2021-10-06 13:55:13,19500.0,400.0,1035802.0
91,2021-10-06 13:55:02,19700.0,100.0,1035402.0
92,2021-10-06 13:54:59,19500.0,300.0,1035302.0
93,2021-10-06 13:54:58,19500.0,80.0,1035002.0
94,2021-10-06 13:54:57,19500.0,200.0,1034922.0
95,2021-10-06 13:54:39,19500.0,300.0,1034722.0
96,2021-10-06 13:54:27,19800.0,900.0,1034422.0
97,2021-10-06 13:53:44,19800.0,300.0,1033522.0
98,2021-10-06 13:53:39,19100.0,1000.0,1033222.0
99,2021-10-06 13:53:33,19000.0,2000.0,1032222.0
100,2021-10-06 13:53:23,19100.0,500.0,1030222.0
101,2021-10-06 13:53:04,19000.0,5000.0,1029722.0
102,2021-10-06 13:52:53,19100.0,5000.0,1024722.0
103,2021-10-06 13:52:48,19100.0,87.0,1019722.0
104,2021-10-06 13:52:44,19100.0,5000.0,1019635.0
105,2021-10-06 13:52:39,19200.0,70.0,1014635.0
106,2021-10-06 13:52:35,19200.0,7000.0,1014565.0
107,2021-10-06 13:52:24,19800.0,2000.0,1007565.0
108,2021-10-06 13:52:16,19900.0,1500.0,1005565.0
109,2021-10-06 13:52:13,19900.0,300.0,1004065.0
110,2021-10-06 13:52:09,19900.0,200.0,1003765.0
111,2021-10-06 13:51:57,19900.0,4000.0,1003565.0
112,2021-10-06 13:51:37,19900.0,27.0,999565.0
113,2021-10-06 13:51:27,19900.0,100.0,999538.0
114,2021-10-06 13:51:22,19800.0,500.0,999438.0
115,2021-10-06 13:51:11,19800.0,900.0,998938.0
116,2021-10-06 13:50:58,19800.0,5000.0,998038.0
117,2021-10-06 13:50:44,19800.0,1800.0,993038.0
118,2021-10-06 13:50:42,19800.0,1000.0,991238.0
119,2021-10-06 13:50:36,19800.0,500.0,990238.0
120,2021-10-06 13:50:33,19800.0,400.0,989738.0
121,2021-10-06 13:50:29,19800.0,300.0,989338.0
122,2021-10-06 13:50:24,19800.0,500.0,989038.0
123,2021-10-06 13:50:21,19800.0,300.0,988538.0
124,2021-10-06 13:50:07,19700.0,900.0,988238.0
125,2021-10-06 13:50:05,19700.0,400.0,987338.0
126,2021-10-06 13:50:04,19700.0,600.0,986938.0
127,2021-10-06 13:49:50,19700.0,2600.0,986338.0
128,2021-10-06 13:49:48,19500.0,1000.0,983738.0
129,2021-10-06 13:49:42,19600.0,200.0,982738.0
130,2021-10-06 13:49:33,19500.0,1700.0,982538.0
131,2021-10-06 13:49:32,19500.0,500.0,980838.0
132,2021-10-06 13:49:27,19500.0,3000.0,980338.0
133,2021-10-06 13:49:23,19500.0,10000.0,977338.0
134,2021-10-06 13:49:22,19400.0,400.0,967338.0
135,2021-10-06 13:49:20,19400.0,300.0,966938.0
136,2021-10-06 13:49:12,19500.0,1700.0,966638.0
137,2021-10-06 13:49:06,19500.0,8000.0,964938.0
138,2021-10-06 13:48:53,19300.0,2500.0,956938.0
139,2021-10-06 13:48:52,19200.0,34.0,954438.0
140,2021-10-06 13:48:49,19200.0,29.0,954404.0
141,2021-10-06 13:48:44,19200.0,1300.0,954375.0
142,2021-10-06 13:48:39,19200.0,1800.0,953075.0
143,2021-10-06 13:48:34,19200.0,2000.0,951275.0
144,2021-10-06 13:48:33,19200.0,1500.0,949275.0
145,2021-10-06 13:48:30,19200.0,8800.0,947775.0
146,2021-10-06 13:48:29,19200.0,200.0,938975.0
147,2021-10-06 13:48:24,19200.0,300.0,938775.0
148,2021-10-06 13:48:22,19200.0,500.0,938475.0
149,2021-10-06 13:48:20,19000.0,1000.0,937975.0
150,2021-10-06 13:48:18,19200.0,200.0,936975.0
151,2021-10-06 13:48:11,19200.0,2000.0,936775.0
152,2021-10-06 13:48:02,19000.0,5400.0,934775.0
153,2021-10-06 13:48:01,19000.0,1800.0,929375.0
154,2021-10-06 13:48:00,19000.0,7600.0,927575.0
155,2021-10-06 13:47:58,19000.0,700.0,919975.0
156,2021-10-06 13:47:56,19000.0,1000.0,919275.0
157,2021-10-06 13:47:55,19000.0,4600.0,918275.0
158,2021-10-06 13:47:54,19000.0,1000.0,913675.0
159,2021-10-06 13:47:53,19000.0,800.0,912675.0
160,2021-10-06 13:47:51,19000.0,2600.0,911875.0
161,2021-10-06 13:47:48,19000.0,400.0,909275.0
162,2021-10-06 13:47:47,19000.0,6000.0,908875.0
163,2021-10-06 13:47:46,19000.0,500.0,902875.0
164,2021-10-06 13:47:45,19000.0,1000.0,902375.0
165,2021-10-06 13:47:43,19000.0,1000.0,901375.0
166,2021-10-06 13:47:42,19000.0,1000.0,900375.0
167,2021-10-06 13:47:39,19000.0,600.0,899375.0
168,2021-10-06 13:47:37,19000.0,400.0,898775.0
169,2021-10-06 13:47:35,19000.0,500.0,898375.0
170,2021-10-06 13:47:33,19000.0,200.0,897875.0
171,2021-10-06 13:47:32,19000.0,100.0,897675.0
172,2021-10-06 13:47:25,19000.0,1000.0,897575.0
173,2021-10-06 13:47:21,19000.0,2500.0,896575.0
174,2021-10-06 13:47:20,19000.0,100.0,894075.0
175,2021-10-06 13:47:15,19000.0,200.0,893975.0
176,2021-10-06 13:46:51,18900.0,1400.0,893775.0
177,2021-10-06 13:46:34,18900.0,2300.0,892375.0
178,2021-10-06 13:45:47,18800.0,1000.0,890075.0
179,2021-10-06 13:45:29,18800.0,3800.0,889075.0
180,2021-10-06 13:45:23,18800.0,100.0,885275.0
181,2021-10-06 13:45:22,18800.0,300.0,885175.0
182,2021-10-06 13:45:21,18800.0,1000.0,884875.0
183,2021-10-06 13:45:19,18800.0,4800.0,883875.0
184,2021-10-06 13:45:07,18800.0,100.0,879075.0
185,2021-10-06 13:45:05,18800.0,3000.0,878975.0
186,2021-10-06 13:45:01,18800.0,300.0,875975.0
187,2021-10-06 13:44:53,18800.0,100.0,875675.0
188,2021-10-06 13:44:34,18800.0,200.0,875575.0
189,2021-10-06 13:42:56,18700.0,200.0,875375.0
190,2021-10-06 13:42:39,18600.0,2000.0,875175.0
191,2021-10-06 13:42:26,18600.0,1100.0,873175.0
192,2021-10-06 13:42:20,18600.0,300.0,872075.0
193,2021-10-06 13:42:19,18600.0,100.0,871775.0
194,2021-10-06 13:42:13,18600.0,100.0,871675.0
195,2021-10-06 13:42:00,18600.0,50.0,871575.0
196,2021-10-06 13:41:46,18600.0,800.0,871525.0
197,2021-10-06 13:41:44,18600.0,1000.0,870725.0
198,2021-10-06 13:41:40,18500.0,200.0,869725.0
199,2021-10-06 13:41:38,18600.0,1500.0,869525.0
200,2021-10-06 13:41:36,18600.0,100.0,868025.0
201,2021-10-06 13:41:17,18600.0,1000.0,867925.0
202,2021-10-06 13:41:14,18600.0,500.0,866925.0
203,2021-10-06 13:41:12,18600.0,100.0,866425.0
204,2021-10-06 13:40:50,18600.0,200.0,866325.0
205,2021-10-06 13:40:35,18500.0,800.0,866125.0
206,2021-10-06 13:40:30,18500.0,500.0,865325.0
207,2021-10-06 13:40:29,18500.0,100.0,864825.0
208,2021-10-06 13:40:17,18500.0,300.0,864725.0
209,2021-10-06 13:40:11,18400.0,300.0,864425.0
210,2021-10-06 13:40:05,18400.0,1800.0,864125.0
211,2021-10-06 13:40:04,18400.0,300.0,862325.0
212,2021-10-06 13:40:01,18400.0,200.0,862025.0
213,2021-10-06 13:39:58,18400.0,600.0,861825.0
214,2021-10-06 13:39:54,18400.0,1900.0,861225.0
215,2021-10-06 13:39:44,18400.0,500.0,859325.0
216,2021-10-06 13:39:37,18400.0,2000.0,858825.0
217,2021-10-06 13:39:29,18300.0,300.0,856825.0
218,2021-10-06 13:39:09,18200.0,1000.0,856525.0
219,2021-10-06 13:39:00,18200.0,2000.0,855525.0
220,2021-10-06 13:38:45,18300.0,1700.0,853525.0
221,2021-10-06 13:38:39,18300.0,11000.0,851825.0
222,2021-10-06 13:38:01,18200.0,300.0,840825.0
223,2021-10-06 13:37:38,18200.0,3500.0,840525.0
224,2021-10-06 13:37:36,18200.0,1000.0,837025.0
225,2021-10-06 13:37:17,18200.0,100.0,836025.0
226,2021-10-06 13:36:21,18200.0,300.0,835925.0
227,2021-10-06 13:36:19,18200.0,200.0,835625.0
228,2021-10-06 13:36:05,18200.0,200.0,835425.0
229,2021-10-06 13:36:04,18200.0,100.0,835225.0
230,2021-10-06 13:35:56,18200.0,2000.0,835125.0
231,2021-10-06 13:35:55,18200.0,8300.0,833125.0
232,2021-10-06 13:35:21,18300.0,1200.0,824825.0
233,2021-10-06 13:33:35,18200.0,700.0,823625.0
234,2021-10-06 13:32:48,18200.0,500.0,822925.0
235,2021-10-06 13:32:29,18200.0,1000.0,822425.0
236,2021-10-06 13:32:28,18200.0,1100.0,821425.0
237,2021-10-06 13:32:07,18200.0,200.0,820325.0
238,2021-10-06 13:31:18,18200.0,200.0,820125.0
239,2021-10-06 13:30:44,18200.0,100.0,819925.0
240,2021-10-06 13:30:24,18200.0,700.0,819825.0
241,2021-10-06 13:30:07,18200.0,4300.0,819125.0
242,2021-10-06 13:30:00,18100.0,600.0,814825.0
243,2021-10-06 13:29:13,18200.0,1600.0,814225.0
244,2021-10-06 13:28:23,18100.0,500.0,812625.0
245,2021-10-06 13:28:11,18200.0,200.0,812125.0
246,2021-10-06 13:23:52,18100.0,1000.0,811925.0
247,2021-10-06 13:22:54,18200.0,100.0,810925.0
248,2021-10-06 13:22:11,18200.0,100.0,810825.0
249,2021-10-06 13:21:46,18200.0,300.0,810725.0
250,2021-10-06 13:21:38,18200.0,400.0,810425.0
251,2021-10-06 13:20:50,18200.0,13.0,810025.0
252,2021-10-06 13:20:09,18200.0,2000.0,810012.0
253,2021-10-06 13:18:40,18200.0,100.0,808012.0
254,2021-10-06 13:17:31,18200.0,1700.0,807912.0
255,2021-10-06 13:16:46,18200.0,5000.0,806212.0
256,2021-10-06 13:15:04,18100.0,1900.0,801212.0
257,2021-10-06 13:10:36,18100.0,1000.0,799312.0
258,2021-10-06 13:10:26,18100.0,2300.0,798312.0
259,2021-10-06 13:10:22,18100.0,500.0,796012.0
260,2021-10-06 13:10:03,18000.0,1000.0,795512.0
261,2021-10-06 13:09:45,18100.0,1000.0,794512.0
262,2021-10-06 13:08:52,18100.0,600.0,793512.0
263,2021-10-06 13:07:46,18100.0,2200.0,792912.0
264,2021-10-06 13:07:13,18100.0,1000.0,790712.0
265,2021-10-06 13:06:53,18100.0,300.0,789712.0
266,2021-10-06 13:06:10,18100.0,400.0,789412.0
267,2021-10-06 13:03:19,18000.0,5000.0,789012.0
268,2021-10-06 13:02:31,18000.0,3600.0,784012.0
269,2021-10-06 13:00:34,18000.0,3600.0,780412.0
270,2021-10-06 13:00:09,18000.0,2700.0,776812.0
271,2021-10-06 13:00:05,18100.0,200.0,774112.0
272,2021-10-06 13:00:04,18100.0,500.0,773912.0
273,2021-10-06 13:00:03,18100.0,200.0,773412.0
274,2021-10-06 13:00:01,18100.0,400.0,773212.0
275,2021-10-06 11:28:31,18100.0,3200.0,772812.0
276,2021-10-06 11:28:17,18100.0,400.0,769612.0
277,2021-10-06 11:27:57,18100.0,100.0,769212.0
278,2021-10-06 11:24:17,18100.0,1600.0,769112.0
279,2021-10-06 11:23:22,18000.0,12800.0,767512.0
280,2021-10-06 11:22:14,18100.0,7.0,754712.0
281,2021-10-06 11:22:06,18100.0,100.0,754705.0
282,2021-10-06 11:22:03,18000.0,1500.0,754605.0
283,2021-10-06 11:21:01,18100.0,100.0,753105.0
284,2021-10-06 11:20:57,18100.0,2000.0,753005.0
285,2021-10-06 11:20:42,18100.0,500.0,751005.0
286,2021-10-06 11:20:21,18100.0,2000.0,750505.0
287,2021-10-06 11:20:14,18100.0,2000.0,748505.0
288,2021-10-06 11:19:08,18100.0,600.0,746505.0
289,2021-10-06 11:17:46,18100.0,300.0,745905.0
290,2021-10-06 11:16:58,18100.0,100.0,745605.0
291,2021-10-06 11:16:43,18100.0,800.0,745505.0
292,2021-10-06 11:15:48,18100.0,200.0,744705.0
293,2021-10-06 11:15:46,18000.0,500.0,744505.0
294,2021-10-06 11:14:43,18000.0,3000.0,744005.0
295,2021-10-06 11:14:28,18000.0,80.0,741005.0
296,2021-10-06 11:14:20,18000.0,500.0,740925.0
297,2021-10-06 11:13:42,18100.0,1700.0,740425.0
298,2021-10-06 11:13:32,18100.0,300.0,738725.0
299,2021-10-06 11:13:06,18100.0,6000.0,738425.0
300,2021-10-06 11:12:32,18100.0,1500.0,732425.0
301,2021-10-06 11:09:27,18100.0,300.0,730925.0
302,2021-10-06 11:05:10,18100.0,100.0,730625.0
303,2021-10-06 11:04:01,18000.0,5000.0,730525.0
304,2021-10-06 11:01:36,18000.0,1500.0,725525.0
305,2021-10-06 11:01:28,18100.0,1000.0,724025.0
306,2021-10-06 11:01:27,18100.0,1000.0,723025.0
307,2021-10-06 10:59:05,18100.0,2000.0,722025.0
308,2021-10-06 10:59:02,18200.0,100.0,720025.0
309,2021-10-06 10:58:21,18200.0,1200.0,719925.0
310,2021-10-06 10:57:41,18200.0,3000.0,718725.0
311,2021-10-06 10:56:01,18200.0,1000.0,715725.0
312,2021-10-06 10:55:05,18200.0,87.0,714725.0
313,2021-10-06 10:54:46,18200.0,2000.0,714638.0
314,2021-10-06 10:53:28,18200.0,700.0,712638.0
315,2021-10-06 10:53:01,18200.0,1200.0,711938.0
316,2021-10-06 10:52:13,18200.0,1800.0,710738.0
317,2021-10-06 10:51:44,18200.0,600.0,708938.0
318,2021-10-06 10:51:30,18200.0,5000.0,708338.0
319,2021-10-06 10:51:18,18200.0,100.0,703338.0
320,2021-10-06 10:50:44,18200.0,3400.0,703238.0
321,2021-10-06 10:49:57,18200.0,100.0,699838.0
322,2021-10-06 10:48:18,18100.0,1500.0,699738.0
323,2021-10-06 10:48:11,18100.0,500.0,698238.0
324,2021-10-06 10:47:32,18000.0,1000.0,697738.0
325,2021-10-06 10:46:25,18000.0,300.0,696738.0
326,2021-10-06 10:46:18,18000.0,100.0,696438.0
327,2021-10-06 10:46:09,18000.0,600.0,696338.0
328,2021-10-06 10:45:57,18000.0,3000.0,695738.0
329,2021-10-06 10:42:56,17900.0,20000.0,692738.0
330,2021-10-06 10:42:51,18200.0,1100.0,672738.0
331,2021-10-06 10:42:26,18100.0,3200.0,671638.0
332,2021-10-06 10:42:12,18100.0,200.0,668438.0
333,2021-10-06 10:41:13,18100.0,900.0,668238.0
334,2021-10-06 10:41:11,18100.0,14200.0,667338.0
335,2021-10-06 10:40:58,18100.0,500.0,653138.0
336,2021-10-06 10:40:55,18100.0,2000.0,652638.0
337,2021-10-06 10:40:31,18100.0,300.0,650638.0
338,2021-10-06 10:39:36,18000.0,4700.0,650338.0
339,2021-10-06 10:39:33,18000.0,2000.0,645638.0
340,2021-10-06 10:39:18,18000.0,100.0,643638.0
341,2021-10-06 10:39:10,18000.0,2000.0,643538.0
342,2021-10-06 10:39:09,18000.0,500.0,641538.0
343,2021-10-06 10:39:06,18000.0,1000.0,641038.0
344,2021-10-06 10:39:05,18000.0,1000.0,640038.0
345,2021-10-06 10:39:02,18000.0,100.0,639038.0
346,2021-10-06 10:38:57,18000.0,300.0,638938.0
347,2021-10-06 10:38:56,18000.0,100.0,638638.0
348,2021-10-06 10:38:53,18000.0,100.0,638538.0
349,2021-10-06 10:38:49,18000.0,100.0,638438.0
350,2021-10-06 10:38:38,18000.0,100.0,638338.0
351,2021-10-06 10:38:36,18000.0,2300.0,638238.0
352,2021-10-06 10:38:16,18000.0,5000.0,635938.0
353,2021-10-06 10:38:01,17900.0,2000.0,630938.0
354,2021-10-06 10:36:43,17900.0,300.0,628938.0
355,2021-10-06 10:36:05,17900.0,10000.0,628638.0
356,2021-10-06 10:35:51,18000.0,200.0,618638.0
357,2021-10-06 10:35:49,17900.0,200.0,618438.0
358,2021-10-06 10:35:43,18000.0,500.0,618238.0
359,2021-10-06 10:35:23,17900.0,2000.0,617738.0
360,2021-10-06 10:35:04,17900.0,1500.0,615738.0
361,2021-10-06 10:34:46,18000.0,600.0,614238.0
362,2021-10-06 10:34:22,18000.0,200.0,613638.0
363,2021-10-06 10:34:15,17900.0,2700.0,613438.0
364,2021-10-06 10:34:06,18000.0,3100.0,610738.0
365,2021-10-06 10:34:00,18000.0,100.0,607638.0
366,2021-10-06 10:33:53,18000.0,14700.0,607538.0
367,2021-10-06 10:33:47,18000.0,5000.0,592838.0
368,2021-10-06 10:33:29,18000.0,500.0,587838.0
369,2021-10-06 10:33:22,18000.0,17000.0,587338.0
370,2021-10-06 10:33:12,18000.0,3000.0,570338.0
371,2021-10-06 10:33:11,18100.0,2200.0,567338.0
372,2021-10-06 10:32:53,18000.0,400.0,565138.0
373,2021-10-06 10:32:43,18000.0,3500.0,564738.0
374,2021-10-06 10:32:01,18100.0,2000.0,561238.0
375,2021-10-06 10:31:24,18100.0,600.0,559238.0
376,2021-10-06 10:31:06,18100.0,900.0,558638.0
377,2021-10-06 10:31:03,18100.0,1000.0,557738.0
378,2021-10-06 10:30:44,18100.0,2000.0,556738.0
379,2021-10-06 10:30:37,18100.0,500.0,554738.0
380,2021-10-06 10:30:17,18100.0,1000.0,554238.0
381,2021-10-06 10:30:16,18100.0,200.0,553238.0
382,2021-10-06 10:29:40,18100.0,2400.0,553038.0
383,2021-10-06 10:29:36,18100.0,2000.0,550638.0
384,2021-10-06 10:29:30,18000.0,2000.0,548638.0
385,2021-10-06 10:29:18,18100.0,4900.0,546638.0
386,2021-10-06 10:29:12,18100.0,800.0,541738.0
387,2021-10-06 10:28:47,18100.0,5000.0,540938.0
388,2021-10-06 10:28:38,18200.0,200.0,535938.0
389,2021-10-06 10:28:00,18200.0,200.0,535738.0
390,2021-10-06 10:27:59,18100.0,400.0,535538.0
391,2021-10-06 10:27:55,18100.0,300.0,535138.0
392,2021-10-06 10:27:37,18200.0,100.0,534838.0
393,2021-10-06 10:26:47,18200.0,100.0,534738.0
394,2021-10-06 10:26:20,18200.0,44.0,534638.0
395,2021-10-06 10:25:51,18200.0,100.0,534594.0
396,2021-10-06 10:25:46,18200.0,300.0,534494.0
397,2021-10-06 10:24:43,18200.0,100.0,534194.0
398,2021-10-06 10:24:42,18200.0,200.0,534094.0
399,2021-10-06 10:24:41,18200.0,100.0,533894.0
400,2021-10-06 10:24:08,18200.0,3500.0,533794.0
401,2021-10-06 10:24:06,18100.0,3700.0,530294.0
402,2021-10-06 10:23:55,18200.0,3100.0,526594.0
403,2021-10-06 10:23:16,18300.0,100.0,523494.0
404,2021-10-06 10:22:37,18300.0,1400.0,523394.0
405,2021-10-06 10:22:03,18300.0,6300.0,521994.0
406,2021-10-06 10:22:00,18400.0,100.0,515694.0
407,2021-10-06 10:21:31,18400.0,200.0,515594.0
408,2021-10-06 10:20:29,18300.0,5900.0,515394.0
409,2021-10-06 10:18:13,18300.0,500.0,509494.0
410,2021-10-06 10:15:04,18300.0,500.0,508994.0
411,2021-10-06 10:14:54,18400.0,5000.0,508494.0
412,2021-10-06 10:13:31,18400.0,1000.0,503494.0
413,2021-10-06 10:13:09,18400.0,100.0,502494.0
414,2021-10-06 10:10:59,18400.0,500.0,502394.0
415,2021-10-06 10:09:24,18400.0,1100.0,501894.0
416,2021-10-06 10:09:19,18400.0,50.0,500794.0
417,2021-10-06 10:08:54,18400.0,500.0,500744.0
418,2021-10-06 10:06:53,18400.0,800.0,500244.0
419,2021-10-06 10:06:41,18300.0,2000.0,499444.0
420,2021-10-06 10:06:36,18300.0,100.0,497444.0
421,2021-10-06 10:06:32,18400.0,200.0,497344.0
422,2021-10-06 10:06:10,18400.0,100.0,497144.0
423,2021-10-06 10:05:58,18400.0,1700.0,497044.0
424,2021-10-06 10:05:37,18400.0,1000.0,495344.0
425,2021-10-06 10:05:24,18400.0,300.0,494344.0
426,2021-10-06 10:05:11,18400.0,1000.0,494044.0
427,2021-10-06 10:04:41,18500.0,100.0,493044.0
428,2021-10-06 10:04:27,18500.0,1000.0,492944.0
429,2021-10-06 10:04:24,18500.0,1000.0,491944.0
430,2021-10-06 10:04:18,18500.0,1000.0,490944.0
431,2021-10-06 10:04:08,18600.0,1000.0,489944.0
432,2021-10-06 10:02:12,18600.0,6400.0,488944.0
433,2021-10-06 10:00:37,18700.0,2000.0,482544.0
434,2021-10-06 09:58:12,18700.0,500.0,480544.0
435,2021-10-06 09:57:52,18700.0,100.0,480044.0
436,2021-10-06 09:57:27,18800.0,1000.0,479944.0
437,2021-10-06 09:55:47,18800.0,1300.0,478944.0
438,2021-10-06 09:55:34,18800.0,1000.0,477644.0
439,2021-10-06 09:55:17,18800.0,1000.0,476644.0
440,2021-10-06 09:55:15,18900.0,500.0,475644.0
441,2021-10-06 09:55:07,18800.0,30.0,475144.0
442,2021-10-06 09:54:53,18800.0,200.0,475114.0
443,2021-10-06 09:53:55,18800.0,1500.0,474914.0
444,2021-10-06 09:53:52,18800.0,300.0,473414.0
445,2021-10-06 09:53:33,18800.0,400.0,473114.0
446,2021-10-06 09:53:26,18800.0,700.0,472714.0
447,2021-10-06 09:53:23,18700.0,200.0,472014.0
448,2021-10-06 09:53:21,18800.0,800.0,471814.0
449,2021-10-06 09:52:55,18700.0,700.0,471014.0
450,2021-10-06 09:52:37,18700.0,400.0,470314.0
451,2021-10-06 09:52:36,18700.0,200.0,469914.0
452,2021-10-06 09:52:04,18600.0,5500.0,469714.0
453,2021-10-06 09:51:50,18600.0,100.0,464214.0
454,2021-10-06 09:51:36,18600.0,500.0,464114.0
455,2021-10-06 09:50:50,18500.0,100.0,463614.0
456,2021-10-06 09:50:40,18500.0,100.0,463514.0
457,2021-10-06 09:50:39,18500.0,2000.0,463414.0
458,2021-10-06 09:50:36,18500.0,900.0,461414.0
459,2021-10-06 09:50:14,18500.0,100.0,460514.0
460,2021-10-06 09:50:08,18500.0,500.0,460414.0
461,2021-10-06 09:50:03,18500.0,8.0,459914.0
462,2021-10-06 09:49:51,18500.0,200.0,459906.0
463,2021-10-06 09:49:48,18400.0,100.0,459706.0
464,2021-10-06 09:48:13,18400.0,1200.0,459606.0
465,2021-10-06 09:48:12,18400.0,300.0,458406.0
466,2021-10-06 09:48:00,18400.0,100.0,458106.0
467,2021-10-06 09:47:56,18400.0,500.0,458006.0
468,2021-10-06 09:47:55,18400.0,100.0,457506.0
469,2021-10-06 09:47:50,18400.0,1000.0,457406.0
470,2021-10-06 09:47:19,18400.0,1000.0,456406.0
471,2021-10-06 09:47:02,18400.0,400.0,455406.0
472,2021-10-06 09:46:24,18300.0,600.0,455006.0
473,2021-10-06 09:46:09,18300.0,400.0,454406.0
474,2021-10-06 09:46:03,18300.0,1700.0,454006.0
475,2021-10-06 09:46:00,18200.0,200.0,452306.0
476,2021-10-06 09:45:51,18300.0,500.0,452106.0
477,2021-10-06 09:44:31,18200.0,9400.0,451606.0
478,2021-10-06 09:44:26,18200.0,1000.0,442206.0
479,2021-10-06 09:44:05,18200.0,300.0,441206.0
480,2021-10-06 09:44:02,18200.0,2000.0,440906.0
481,2021-10-06 09:43:51,18200.0,4000.0,438906.0
482,2021-10-06 09:43:47,18200.0,1000.0,434906.0
483,2021-10-06 09:43:37,18200.0,1000.0,433906.0
484,2021-10-06 09:43:17,18200.0,100.0,432906.0
485,2021-10-06 09:43:15,18200.0,500.0,432806.0
486,2021-10-06 09:42:58,18200.0,200.0,432306.0
487,2021-10-06 09:42:40,18200.0,1700.0,432106.0
488,2021-10-06 09:42:33,18200.0,1000.0,430406.0
489,2021-10-06 09:41:43,18200.0,100.0,429406.0
490,2021-10-06 09:41:36,18200.0,2000.0,429306.0
491,2021-10-06 09:40:57,18200.0,300.0,427306.0
492,2021-10-06 09:40:53,18200.0,200.0,427006.0
493,2021-10-06 09:40:40,18200.0,100.0,426806.0
494,2021-10-06 09:40:33,18200.0,200.0,426706.0
495,2021-10-06 09:40:25,18200.0,5000.0,426506.0
496,2021-10-06 09:40:12,18200.0,1300.0,421506.0
497,2021-10-06 09:40:06,18200.0,1000.0,420206.0
498,2021-10-06 09:40:05,18200.0,4500.0,419206.0
499,2021-10-06 09:39:33,18200.0,500.0,414706.0
500,2021-10-06 09:39:31,18200.0,100.0,414206.0
501,2021-10-06 09:39:30,18200.0,200.0,414106.0
502,2021-10-06 09:39:28,18200.0,500.0,413906.0
503,2021-10-06 09:39:27,18200.0,200.0,413406.0
504,2021-10-06 09:39:04,18200.0,400.0,413206.0
505,2021-10-06 09:38:41,18200.0,1800.0,412806.0
506,2021-10-06 09:38:39,18200.0,2600.0,411006.0
507,2021-10-06 09:38:36,18200.0,500.0,408406.0
508,2021-10-06 09:38:33,18100.0,100.0,407906.0
509,2021-10-06 09:38:30,18200.0,300.0,407806.0
510,2021-10-06 09:38:24,18200.0,1000.0,407506.0
511,2021-10-06 09:38:06,18100.0,500.0,406506.0
512,2021-10-06 09:37:58,18100.0,1000.0,406006.0
513,2021-10-06 09:37:56,18100.0,900.0,405006.0
514,2021-10-06 09:37:53,18100.0,100.0,404106.0
515,2021-10-06 09:37:26,18100.0,3000.0,404006.0
516,2021-10-06 09:37:23,18000.0,1000.0,401006.0
517,2021-10-06 09:37:02,18000.0,2600.0,400006.0
518,2021-10-06 09:37:01,18000.0,500.0,397406.0
519,2021-10-06 09:37:00,18000.0,1700.0,396906.0
520,2021-10-06 09:36:58,18000.0,400.0,395206.0
521,2021-10-06 09:36:57,18000.0,500.0,394806.0
522,2021-10-06 09:36:55,18000.0,1000.0,394306.0
523,2021-10-06 09:36:52,18000.0,400.0,393306.0
524,2021-10-06 09:36:46,18000.0,5500.0,392906.0
525,2021-10-06 09:36:44,18000.0,1100.0,387406.0
526,2021-10-06 09:36:37,18000.0,1000.0,386306.0
527,2021-10-06 09:36:36,18000.0,5000.0,385306.0
528,2021-10-06 09:36:34,18000.0,1600.0,380306.0
529,2021-10-06 09:36:29,18000.0,500.0,378706.0
530,2021-10-06 09:36:28,18000.0,3400.0,378206.0
531,2021-10-06 09:36:23,18000.0,200.0,374806.0
532,2021-10-06 09:36:18,18000.0,200.0,374606.0
533,2021-10-06 09:36:10,18000.0,500.0,374406.0
534,2021-10-06 09:36:07,18000.0,500.0,373906.0
535,2021-10-06 09:36:05,18000.0,5000.0,373406.0
536,2021-10-06 09:36:03,18000.0,2000.0,368406.0
537,2021-10-06 09:35:59,18000.0,800.0,366406.0
538,2021-10-06 09:35:54,18000.0,1900.0,365606.0
539,2021-10-06 09:35:37,18000.0,2400.0,363706.0
540,2021-10-06 09:35:34,17900.0,3800.0,361306.0
541,2021-10-06 09:34:51,17900.0,200.0,357506.0
542,2021-10-06 09:34:50,17900.0,200.0,357306.0
543,2021-10-06 09:34:36,17900.0,500.0,357106.0
544,2021-10-06 09:34:32,17900.0,7100.0,356606.0
545,2021-10-06 09:34:26,17900.0,50.0,349506.0
546,2021-10-06 09:34:06,17900.0,3200.0,349456.0
547,2021-10-06 09:34:05,17900.0,2200.0,346256.0
548,2021-10-06 09:34:04,17900.0,200.0,344056.0
549,2021-10-06 09:34:01,17900.0,1000.0,343856.0
550,2021-10-06 09:34:00,17900.0,3000.0,342856.0
551,2021-10-06 09:33:59,17900.0,2100.0,339856.0
552,2021-10-06 09:33:57,17900.0,100.0,337756.0
553,2021-10-06 09:33:55,17900.0,400.0,337656.0
554,2021-10-06 09:33:48,17900.0,1000.0,337256.0
555,2021-10-06 09:33:45,17900.0,300.0,336256.0
556,2021-10-06 09:33:35,17900.0,200.0,335956.0
557,2021-10-06 09:33:30,17900.0,1000.0,335756.0
558,2021-10-06 09:33:29,17900.0,1000.0,334756.0
559,2021-10-06 09:33:28,17900.0,200.0,333756.0
560,2021-10-06 09:33:26,17900.0,4000.0,333556.0
561,2021-10-06 09:33:23,17900.0,1000.0,329556.0
562,2021-10-06 09:33:12,17900.0,100.0,328556.0
563,2021-10-06 09:33:08,17900.0,200.0,328456.0
564,2021-10-06 09:33:03,17900.0,100.0,328256.0
565,2021-10-06 09:33:00,17900.0,1000.0,328156.0
566,2021-10-06 09:32:55,17900.0,3000.0,327156.0
567,2021-10-06 09:32:54,17900.0,900.0,324156.0
568,2021-10-06 09:32:45,17900.0,1200.0,323256.0
569,2021-10-06 09:32:33,18000.0,1000.0,322056.0
570,2021-10-06 09:32:20,17900.0,200.0,321056.0
571,2021-10-06 09:32:13,17900.0,100.0,320856.0
572,2021-10-06 09:32:12,17900.0,700.0,320756.0
573,2021-10-06 09:32:09,17900.0,300.0,320056.0
574,2021-10-06 09:32:06,17900.0,1000.0,319756.0
575,2021-10-06 09:32:04,17900.0,100.0,318756.0
576,2021-10-06 09:31:57,17900.0,1000.0,318656.0
577,2021-10-06 09:31:56,17900.0,1000.0,317656.0
578,2021-10-06 09:31:47,17900.0,600.0,316656.0
579,2021-10-06 09:31:46,17900.0,2000.0,316056.0
580,2021-10-06 09:31:41,17900.0,4000.0,314056.0
581,2021-10-06 09:31:39,17900.0,500.0,310056.0
582,2021-10-06 09:31:38,17900.0,2000.0,309556.0
583,2021-10-06 09:31:36,17900.0,100.0,307556.0
584,2021-10-06 09:31:30,17900.0,1.0,307456.0
585,2021-10-06 09:31:29,17900.0,2000.0,307455.0
586,2021-10-06 09:31:23,17900.0,1000.0,305455.0
587,2021-10-06 09:31:18,17900.0,11700.0,304455.0
588,2021-10-06 09:31:05,17900.0,1000.0,292755.0
589,2021-10-06 09:31:01,18000.0,2000.0,291755.0
590,2021-10-06 09:30:53,18000.0,500.0,289755.0
591,2021-10-06 09:30:08,17900.0,100.0,289255.0
592,2021-10-06 09:29:59,17900.0,500.0,289155.0
593,2021-10-06 09:29:54,17900.0,100.0,288655.0
594,2021-10-06 09:29:40,17900.0,1100.0,288555.0
595,2021-10-06 09:29:03,17900.0,5000.0,287455.0
596,2021-10-06 09:29:00,18000.0,100.0,282455.0
597,2021-10-06 09:28:58,18000.0,200.0,282355.0
598,2021-10-06 09:28:52,18000.0,1100.0,282155.0
599,2021-10-06 09:28:44,17900.0,2300.0,281055.0
600,2021-10-06 09:28:36,18000.0,800.0,278755.0
601,2021-10-06 09:28:33,18000.0,1000.0,277955.0
602,2021-10-06 09:28:28,18000.0,100.0,276955.0
603,2021-10-06 09:28:23,18000.0,5200.0,276855.0
604,2021-10-06 09:28:22,18000.0,1000.0,271655.0
605,2021-10-06 09:28:17,18000.0,1500.0,270655.0
606,2021-10-06 09:28:13,18000.0,200.0,269155.0
607,2021-10-06 09:28:07,18000.0,9000.0,268955.0
608,2021-10-06 09:27:59,18100.0,1000.0,259955.0
609,2021-10-06 09:27:56,18000.0,300.0,258955.0
610,2021-10-06 09:27:52,18100.0,1000.0,258655.0
611,2021-10-06 09:27:51,18000.0,500.0,257655.0
612,2021-10-06 09:27:45,18000.0,10100.0,257155.0
613,2021-10-06 09:27:39,18000.0,100.0,247055.0
614,2021-10-06 09:27:16,18100.0,12000.0,246955.0
615,2021-10-06 09:27:15,18100.0,200.0,234955.0
616,2021-10-06 09:27:09,18100.0,900.0,234755.0
617,2021-10-06 09:27:05,18100.0,4000.0,233855.0
618,2021-10-06 09:27:01,18100.0,400.0,229855.0
619,2021-10-06 09:26:50,18100.0,2000.0,229455.0
620,2021-10-06 09:26:43,18100.0,500.0,227455.0
621,2021-10-06 09:26:40,18100.0,5000.0,226955.0
622,2021-10-06 09:26:37,18200.0,500.0,221955.0
623,2021-10-06 09:25:55,18100.0,200.0,221455.0
624,2021-10-06 09:25:50,18200.0,5000.0,221255.0
625,2021-10-06 09:25:38,18100.0,4400.0,216255.0
626,2021-10-06 09:25:33,18200.0,600.0,211855.0
627,2021-10-06 09:25:31,18100.0,500.0,211255.0
628,2021-10-06 09:25:10,18100.0,800.0,210755.0
629,2021-10-06 09:25:09,18100.0,100.0,209955.0
630,2021-10-06 09:25:01,18100.0,500.0,209855.0
631,2021-10-06 09:24:58,18200.0,3800.0,209355.0
632,2021-10-06 09:24:36,18200.0,70.0,205555.0
633,2021-10-06 09:24:30,18200.0,400.0,205485.0
634,2021-10-06 09:24:24,18200.0,100.0,205085.0
635,2021-10-06 09:24:18,18200.0,1900.0,204985.0
636,2021-10-06 09:24:12,18200.0,200.0,203085.0
637,2021-10-06 09:24:06,18200.0,100.0,202885.0
638,2021-10-06 09:23:52,18200.0,500.0,202785.0
639,2021-10-06 09:23:45,18100.0,1000.0,202285.0
640,2021-10-06 09:23:44,18100.0,1000.0,201285.0
641,2021-10-06 09:23:38,18200.0,100.0,200285.0
642,2021-10-06 09:23:33,18200.0,500.0,200185.0
643,2021-10-06 09:23:32,18200.0,1000.0,199685.0
644,2021-10-06 09:23:20,18200.0,900.0,198685.0
645,2021-10-06 09:23:13,18200.0,5000.0,197785.0
646,2021-10-06 09:23:10,18200.0,3900.0,192785.0
647,2021-10-06 09:23:01,18200.0,100.0,188885.0
648,2021-10-06 09:22:57,18200.0,3200.0,188785.0
649,2021-10-06 09:22:44,18200.0,100.0,185585.0
650,2021-10-06 09:22:34,18200.0,200.0,185485.0
651,2021-10-06 09:22:18,18200.0,200.0,185285.0
652,2021-10-06 09:22:13,18200.0,1000.0,185085.0
653,2021-10-06 09:22:05,18200.0,2700.0,184085.0
654,2021-10-06 09:22:02,18200.0,500.0,181385.0
655,2021-10-06 09:21:59,18200.0,100.0,180885.0
656,2021-10-06 09:21:58,18200.0,1000.0,180785.0
657,2021-10-06 09:21:51,18200.0,900.0,179785.0
658,2021-10-06 09:21:50,18200.0,700.0,178885.0
659,2021-10-06 09:21:39,18200.0,1900.0,178185.0
660,2021-10-06 09:21:33,18200.0,700.0,176285.0
661,2021-10-06 09:21:31,18200.0,3000.0,175585.0
662,2021-10-06 09:21:26,18200.0,1000.0,172585.0
663,2021-10-06 09:21:21,18200.0,100.0,171585.0
664,2021-10-06 09:21:09,18200.0,4000.0,171485.0
665,2021-10-06 09:21:05,18300.0,1000.0,167485.0
666,2021-10-06 09:21:02,18200.0,1000.0,166485.0
667,2021-10-06 09:21:00,18300.0,2000.0,165485.0
668,2021-10-06 09:20:59,18300.0,500.0,163485.0
669,2021-10-06 09:20:56,18300.0,26.0,162985.0
670,2021-10-06 09:20:53,18300.0,500.0,162959.0
671,2021-10-06 09:20:48,18300.0,2000.0,162459.0
672,2021-10-06 09:20:47,18300.0,500.0,160459.0
673,2021-10-06 09:20:37,18300.0,5200.0,159959.0
674,2021-10-06 09:20:36,18300.0,2000.0,154759.0
675,2021-10-06 09:20:35,18300.0,2000.0,152759.0
676,2021-10-06 09:20:32,18300.0,1000.0,150759.0
677,2021-10-06 09:20:25,18300.0,2000.0,149759.0
678,2021-10-06 09:20:23,18400.0,2300.0,147759.0
679,2021-10-06 09:20:21,18300.0,100.0,145459.0
680,2021-10-06 09:20:13,18300.0,80.0,145359.0
681,2021-10-06 09:20:06,18300.0,200.0,145279.0
682,2021-10-06 09:19:55,18300.0,800.0,145079.0
683,2021-10-06 09:19:53,18300.0,500.0,144279.0
684,2021-10-06 09:19:49,18300.0,2000.0,143779.0
685,2021-10-06 09:19:41,18400.0,100.0,141779.0
686,2021-10-06 09:19:37,18400.0,5000.0,141679.0
687,2021-10-06 09:19:24,18400.0,8200.0,136679.0
688,2021-10-06 09:19:22,18400.0,300.0,128479.0
689,2021-10-06 09:19:20,18400.0,1000.0,128179.0
690,2021-10-06 09:19:10,18500.0,2300.0,127179.0
691,2021-10-06 09:19:06,18500.0,6100.0,124879.0
692,2021-10-06 09:19:04,18600.0,500.0,118779.0
693,2021-10-06 09:18:43,18600.0,100.0,118279.0
694,2021-10-06 09:18:40,18500.0,200.0,118179.0
695,2021-10-06 09:18:37,18500.0,1000.0,117979.0
696,2021-10-06 09:18:27,18600.0,100.0,116979.0
697,2021-10-06 09:18:22,18600.0,400.0,116879.0
698,2021-10-06 09:18:16,18600.0,2000.0,116479.0
699,2021-10-06 09:18:11,18600.0,800.0,114479.0
700,2021-10-06 09:18:04,18600.0,200.0,113679.0
701,2021-10-06 09:17:47,18600.0,1000.0,113479.0
702,2021-10-06 09:17:42,18600.0,500.0,112479.0
703,2021-10-06 09:17:36,18600.0,600.0,111979.0
704,2021-10-06 09:17:34,18600.0,1000.0,111379.0
705,2021-10-06 09:17:27,18600.0,500.0,110379.0
706,2021-10-06 09:17:04,18600.0,700.0,109879.0
707,2021-10-06 09:16:44,18700.0,400.0,109179.0
708,2021-10-06 09:16:10,18700.0,1000.0,108779.0
709,2021-10-06 09:16:00,18800.0,700.0,107779.0
710,2021-10-06 09:15:41,18800.0,900.0,107079.0
711,2021-10-06 09:15:35,18800.0,1000.0,106179.0
712,2021-10-06 09:15:07,18900.0,100.0,105179.0
713,2021-10-06 09:14:55,18900.0,54.0,105079.0
714,2021-10-06 09:14:15,18900.0,100.0,105025.0
715,2021-10-06 09:14:03,18900.0,200.0,104925.0
716,2021-10-06 09:13:53,18900.0,300.0,104725.0
717,2021-10-06 09:13:52,18800.0,100.0,104425.0
718,2021-10-06 09:13:51,18800.0,100.0,104325.0
719,2021-10-06 09:13:39,18800.0,500.0,104225.0
720,2021-10-06 09:13:25,18800.0,1000.0,103725.0
721,2021-10-06 09:13:09,18900.0,1800.0,102725.0
722,2021-10-06 09:12:47,18900.0,1200.0,100925.0
723,2021-10-06 09:12:07,18900.0,1000.0,99725.0
724,2021-10-06 09:11:44,19200.0,500.0,98725.0
725,2021-10-06 09:11:43,19200.0,200.0,98225.0
726,2021-10-06 09:10:53,19200.0,2000.0,98025.0
727,2021-10-06 09:10:47,19200.0,2000.0,96025.0
728,2021-10-06 09:10:42,19200.0,2000.0,94025.0
729,2021-10-06 09:09:41,19500.0,200.0,92025.0
730,2021-10-06 09:09:32,19200.0,15.0,91825.0
731,2021-10-06 09:09:15,19200.0,300.0,91810.0
732,2021-10-06 09:09:10,19500.0,300.0,91510.0
733,2021-10-06 09:08:58,19200.0,1100.0,91210.0
734,2021-10-06 09:08:47,19200.0,900.0,90110.0
735,2021-10-06 09:08:30,19100.0,1200.0,89210.0
736,2021-10-06 09:08:12,19100.0,1800.0,88010.0
737,2021-10-06 09:08:07,19000.0,200.0,86210.0
738,2021-10-06 09:08:06,19000.0,500.0,86010.0
739,2021-10-06 09:08:02,19000.0,600.0,85510.0
740,2021-10-06 09:08:00,19000.0,3000.0,84910.0
741,2021-10-06 09:07:58,19000.0,200.0,81910.0
742,2021-10-06 09:07:56,19000.0,100.0,81710.0
743,2021-10-06 09:07:50,19000.0,500.0,81610.0
744,2021-10-06 09:07:48,19000.0,1500.0,81110.0
745,2021-10-06 09:07:44,19000.0,300.0,79610.0
746,2021-10-06 09:07:37,19000.0,4100.0,79310.0
747,2021-10-06 09:07:19,18900.0,1100.0,75210.0
748,2021-10-06 09:07:18,18900.0,500.0,74110.0
749,2021-10-06 09:07:15,18900.0,300.0,73610.0
750,2021-10-06 09:07:14,18900.0,500.0,73310.0
751,2021-10-06 09:07:10,18900.0,100.0,72810.0
752,2021-10-06 09:07:09,18900.0,400.0,72710.0
753,2021-10-06 09:07:06,18900.0,100.0,72310.0
754,2021-10-06 09:07:05,18900.0,500.0,72210.0
755,2021-10-06 09:06:56,18900.0,800.0,71710.0
756,2021-10-06 09:06:41,18800.0,100.0,70910.0
757,2021-10-06 09:06:39,18800.0,100.0,70810.0
758,2021-10-06 09:06:35,18800.0,6000.0,70710.0
759,2021-10-06 09:06:27,18700.0,2200.0,64710.0
760,2021-10-06 09:06:20,18700.0,100.0,62510.0
761,2021-10-06 09:06:15,18700.0,100.0,62410.0
762,2021-10-06 09:06:03,18500.0,3000.0,62310.0
763,2021-10-06 09:06:01,18500.0,1000.0,59310.0
764,2021-10-06 09:05:59,18400.0,1000.0,58310.0
765,2021-10-06 09:05:27,18300.0,300.0,57310.0
766,2021-10-06 09:05:22,18300.0,1500.0,57010.0
767,2021-10-06 09:05:13,18200.0,700.0,55510.0
768,2021-10-06 09:05:08,18200.0,200.0,54810.0
769,2021-10-06 09:05:06,18200.0,1500.0,54610.0
770,2021-10-06 09:05:02,18200.0,3000.0,53110.0
771,2021-10-06 09:04:53,18200.0,1800.0,50110.0
772,2021-10-06 09:04:41,18200.0,5600.0,48310.0
773,2021-10-06 09:04:37,18300.0,400.0,42710.0
774,2021-10-06 09:04:23,18300.0,500.0,42310.0
775,2021-10-06 09:04:15,18500.0,300.0,41810.0
776,2021-10-06 09:04:11,18300.0,100.0,41510.0
777,2021-10-06 09:04:08,18500.0,5500.0,41410.0
778,2021-10-06 09:04:03,18500.0,500.0,35910.0
779,2021-10-06 09:03:59,18500.0,1000.0,35410.0
780,2021-10-06 09:03:49,18500.0,500.0,34410.0
781,2021-10-06 09:03:47,18500.0,700.0,33910.0
782,2021-10-06 09:03:44,18600.0,4500.0,33210.0
783,2021-10-06 09:03:29,18600.0,10.0,28710.0
784,2021-10-06 09:03:27,18600.0,700.0,28700.0
785,2021-10-06 09:03:26,18600.0,200.0,28000.0
786,2021-10-06 09:03:25,18600.0,100.0,27800.0
787,2021-10-06 09:03:23,18600.0,1000.0,27700.0
788,2021-10-06 09:03:09,18600.0,1000.0,26700.0
789,2021-10-06 09:03:08,18600.0,500.0,25700.0
790,2021-10-06 09:03:07,18700.0,1100.0,25200.0
791,2021-10-06 09:02:57,18700.0,1000.0,24100.0
792,2021-10-06 09:02:51,18800.0,100.0,23100.0
793,2021-10-06 09:02:39,18800.0,500.0,23000.0
794,2021-10-06 09:02:38,18800.0,100.0,22500.0
795,2021-10-06 09:02:34,18800.0,2500.0,22400.0
796,2021-10-06 09:02:23,18800.0,700.0,19900.0
797,2021-10-06 09:02:08,18900.0,100.0,19200.0
798,2021-10-06 09:02:06,18800.0,3400.0,19100.0
799,2021-10-06 09:01:56,18900.0,3000.0,15700.0
800,2021-10-06 09:01:41,18900.0,200.0,12700.0
801,2021-10-06 09:01:28,19000.0,1000.0,12500.0
802,2021-10-06 09:00:57,19000.0,100.0,11500.0
803,2021-10-06 09:00:46,18800.0,400.0,11400.0
804,2021-10-06 09:00:38,18800.0,500.0,11000.0
805,2021-10-06 09:00:30,18800.0,900.0,10500.0
806,2021-10-06 09:00:27,18800.0,1000.0,9600.0
807,2021-10-06 09:00:20,18900.0,500.0,8600.0
808,2021-10-06 09:00:18,19000.0,1400.0,8100.0
809,2021-10-06 09:00:17,19000.0,100.0,6700.0
810,2021-10-06 09:00:13,18900.0,4000.0,6600.0
811,2021-10-06 09:00:12,19100.0,300.0,2600.0
812,2021-10-06 09:00:11,19000.0,1200.0,2300.0
813,2021-10-06 09:00:07,18900.0,1000.0,1100.0
814,2021-10-06 09:00:06,19100.0,100.0,100.0
