,Time,Price,Volume_per_trade,Volume
0,2021-10-21 14:45:03,14100.0,9200.0,785729.0
1,2021-10-21 14:29:51,14000.0,2000.0,776529.0
2,2021-10-21 14:29:42,14100.0,2000.0,774529.0
3,2021-10-21 14:29:10,14100.0,100.0,772529.0
4,2021-10-21 14:28:02,14100.0,1000.0,772429.0
5,2021-10-21 14:26:39,14100.0,1300.0,771429.0
6,2021-10-21 14:26:21,14100.0,2000.0,770129.0
7,2021-10-21 14:24:57,14100.0,700.0,768129.0
8,2021-10-21 14:24:48,14100.0,2300.0,767429.0
9,2021-10-21 14:24:41,14100.0,1100.0,765129.0
10,2021-10-21 14:24:21,14100.0,1500.0,764029.0
11,2021-10-21 14:24:16,14100.0,1000.0,762529.0
12,2021-10-21 14:22:02,14100.0,5000.0,761529.0
13,2021-10-21 14:21:59,14100.0,300.0,756529.0
14,2021-10-21 14:21:54,14100.0,700.0,756229.0
15,2021-10-21 14:21:18,14100.0,6000.0,755529.0
16,2021-10-21 14:21:09,14100.0,100.0,749529.0
17,2021-10-21 14:19:12,14100.0,500.0,749429.0
18,2021-10-21 14:19:02,14100.0,100.0,748929.0
19,2021-10-21 14:18:34,14200.0,1400.0,748829.0
20,2021-10-21 14:17:17,14200.0,100.0,747429.0
21,2021-10-21 14:14:54,14200.0,100.0,747329.0
22,2021-10-21 14:12:51,14100.0,2000.0,747229.0
23,2021-10-21 14:12:40,14100.0,600.0,745229.0
24,2021-10-21 14:12:35,14100.0,1800.0,744629.0
25,2021-10-21 14:12:19,14100.0,300.0,742829.0
26,2021-10-21 14:11:15,14100.0,1800.0,742529.0
27,2021-10-21 14:09:54,14200.0,1000.0,740729.0
28,2021-10-21 14:08:10,14100.0,1200.0,739729.0
29,2021-10-21 14:07:01,14100.0,200.0,738529.0
30,2021-10-21 14:05:27,14000.0,2000.0,738329.0
31,2021-10-21 14:04:37,14200.0,2000.0,736329.0
32,2021-10-21 14:04:22,14200.0,2000.0,734329.0
33,2021-10-21 14:01:18,14200.0,500.0,732329.0
34,2021-10-21 13:58:51,14200.0,2000.0,731829.0
35,2021-10-21 13:58:16,14200.0,300.0,729829.0
36,2021-10-21 13:57:48,14200.0,100.0,729529.0
37,2021-10-21 13:57:26,14200.0,1400.0,729429.0
38,2021-10-21 13:57:05,14200.0,14700.0,728029.0
39,2021-10-21 13:56:45,14100.0,14300.0,713329.0
40,2021-10-21 13:56:44,14000.0,1000.0,699029.0
41,2021-10-21 13:56:14,14000.0,6400.0,698029.0
42,2021-10-21 13:55:42,14000.0,100.0,691629.0
43,2021-10-21 13:55:28,14000.0,100.0,691529.0
44,2021-10-21 13:55:22,13900.0,600.0,691429.0
45,2021-10-21 13:55:09,13900.0,500.0,690829.0
46,2021-10-21 13:54:55,13900.0,700.0,690329.0
47,2021-10-21 13:54:20,13900.0,100.0,689629.0
48,2021-10-21 13:54:18,13900.0,100.0,689529.0
49,2021-10-21 13:53:32,14000.0,30000.0,689429.0
50,2021-10-21 13:53:19,13800.0,100.0,659429.0
51,2021-10-21 13:52:49,13800.0,400.0,659329.0
52,2021-10-21 13:52:44,13800.0,1000.0,658929.0
53,2021-10-21 13:52:29,13800.0,2500.0,657929.0
54,2021-10-21 13:52:26,13900.0,500.0,655429.0
55,2021-10-21 13:52:05,13900.0,300.0,654929.0
56,2021-10-21 13:52:04,13900.0,2000.0,654629.0
57,2021-10-21 13:52:01,13900.0,400.0,652629.0
58,2021-10-21 13:51:51,13900.0,1000.0,652229.0
59,2021-10-21 13:51:45,13900.0,2500.0,651229.0
60,2021-10-21 13:51:29,13900.0,2000.0,648729.0
61,2021-10-21 13:51:15,13900.0,1000.0,646729.0
62,2021-10-21 13:51:12,13900.0,3000.0,645729.0
63,2021-10-21 13:51:06,13900.0,1000.0,642729.0
64,2021-10-21 13:51:00,13900.0,2500.0,641729.0
65,2021-10-21 13:50:39,13900.0,2000.0,639229.0
66,2021-10-21 13:50:35,14000.0,500.0,637229.0
67,2021-10-21 13:50:34,13900.0,600.0,636729.0
68,2021-10-21 13:50:22,14000.0,500.0,636129.0
69,2021-10-21 13:50:20,13900.0,2500.0,635629.0
70,2021-10-21 13:50:05,13900.0,6000.0,633129.0
71,2021-10-21 13:49:49,13900.0,3000.0,627129.0
72,2021-10-21 13:49:45,13900.0,5000.0,624129.0
73,2021-10-21 13:49:35,14000.0,200.0,619129.0
74,2021-10-21 13:48:56,14000.0,200.0,618929.0
75,2021-10-21 13:48:54,14000.0,300.0,618729.0
76,2021-10-21 13:48:45,14000.0,200.0,618429.0
77,2021-10-21 13:48:40,14000.0,1700.0,618229.0
78,2021-10-21 13:48:00,14000.0,500.0,616529.0
79,2021-10-21 13:47:42,14000.0,300.0,616029.0
80,2021-10-21 13:47:14,14000.0,300.0,615729.0
81,2021-10-21 13:46:22,14000.0,5000.0,615429.0
82,2021-10-21 13:44:55,14000.0,100.0,610429.0
83,2021-10-21 13:44:43,14000.0,600.0,610329.0
84,2021-10-21 13:44:30,14000.0,1000.0,609729.0
85,2021-10-21 13:44:21,14000.0,2000.0,608729.0
86,2021-10-21 13:43:23,14000.0,40.0,606729.0
87,2021-10-21 13:43:13,14000.0,2500.0,606689.0
88,2021-10-21 13:43:03,14000.0,500.0,604189.0
89,2021-10-21 13:42:58,14000.0,2000.0,603689.0
90,2021-10-21 13:42:36,14000.0,900.0,601689.0
91,2021-10-21 13:41:15,14000.0,100.0,600789.0
92,2021-10-21 13:41:10,14000.0,500.0,600689.0
93,2021-10-21 13:41:09,14000.0,500.0,600189.0
94,2021-10-21 13:40:55,14000.0,500.0,599689.0
95,2021-10-21 13:40:08,14000.0,1000.0,599189.0
96,2021-10-21 13:39:48,14000.0,3000.0,598189.0
97,2021-10-21 13:39:38,14000.0,15600.0,595189.0
98,2021-10-21 13:39:32,14000.0,5000.0,579589.0
99,2021-10-21 13:39:13,14000.0,500.0,574589.0
100,2021-10-21 13:38:59,14000.0,600.0,574089.0
101,2021-10-21 13:38:55,14000.0,100.0,573489.0
102,2021-10-21 13:38:50,14000.0,300.0,573389.0
103,2021-10-21 13:38:38,14000.0,900.0,573089.0
104,2021-10-21 13:38:18,14000.0,700.0,572189.0
105,2021-10-21 13:37:54,14000.0,1000.0,571489.0
106,2021-10-21 13:36:30,14000.0,4500.0,570489.0
107,2021-10-21 13:35:40,14100.0,400.0,565989.0
108,2021-10-21 13:34:22,14100.0,100.0,565589.0
109,2021-10-21 13:33:22,14100.0,700.0,565489.0
110,2021-10-21 13:32:29,14100.0,400.0,564789.0
111,2021-10-21 13:31:00,14100.0,1000.0,564389.0
112,2021-10-21 13:29:31,14100.0,4000.0,563389.0
113,2021-10-21 13:27:46,14100.0,1500.0,559389.0
114,2021-10-21 13:27:26,14100.0,100.0,557889.0
115,2021-10-21 13:26:19,14100.0,200.0,557789.0
116,2021-10-21 13:25:54,14100.0,1000.0,557589.0
117,2021-10-21 13:25:09,14100.0,2000.0,556589.0
118,2021-10-21 13:24:59,14100.0,1000.0,554589.0
119,2021-10-21 13:24:56,14100.0,2300.0,553589.0
120,2021-10-21 13:24:21,14100.0,300.0,551289.0
121,2021-10-21 13:24:16,14000.0,600.0,550989.0
122,2021-10-21 13:24:05,14000.0,17700.0,550389.0
123,2021-10-21 13:23:48,14100.0,100.0,532689.0
124,2021-10-21 13:23:46,14100.0,100.0,532589.0
125,2021-10-21 13:23:07,14100.0,100.0,532489.0
126,2021-10-21 13:22:47,14100.0,200.0,532389.0
127,2021-10-21 13:22:17,14100.0,200.0,532189.0
128,2021-10-21 13:20:54,14100.0,300.0,531989.0
129,2021-10-21 13:20:47,14000.0,100.0,531689.0
130,2021-10-21 13:20:02,14100.0,700.0,531589.0
131,2021-10-21 13:18:42,14100.0,4500.0,530889.0
132,2021-10-21 13:18:08,14100.0,2000.0,526389.0
133,2021-10-21 13:18:07,14100.0,500.0,524389.0
134,2021-10-21 13:16:50,14100.0,1000.0,523889.0
135,2021-10-21 13:15:11,14100.0,1000.0,522889.0
136,2021-10-21 13:15:06,14100.0,200.0,521889.0
137,2021-10-21 13:15:03,14100.0,500.0,521689.0
138,2021-10-21 13:14:36,14100.0,500.0,521189.0
139,2021-10-21 13:13:26,14100.0,100.0,520689.0
140,2021-10-21 13:11:50,14100.0,800.0,520589.0
141,2021-10-21 13:11:49,14100.0,12.0,519789.0
142,2021-10-21 13:11:25,14100.0,1000.0,519777.0
143,2021-10-21 13:11:24,14100.0,200.0,518777.0
144,2021-10-21 13:10:25,14100.0,100.0,518577.0
145,2021-10-21 13:10:20,14100.0,1000.0,518477.0
146,2021-10-21 13:09:54,14100.0,3000.0,517477.0
147,2021-10-21 13:09:36,14100.0,200.0,514477.0
148,2021-10-21 13:08:14,14100.0,100.0,514277.0
149,2021-10-21 13:07:55,14100.0,200.0,514177.0
150,2021-10-21 13:07:48,14100.0,400.0,513977.0
151,2021-10-21 13:07:00,14100.0,400.0,513577.0
152,2021-10-21 13:06:51,14100.0,1000.0,513177.0
153,2021-10-21 13:06:41,14000.0,100.0,512177.0
154,2021-10-21 13:05:43,14000.0,3300.0,512077.0
155,2021-10-21 13:05:42,14000.0,800.0,508777.0
156,2021-10-21 13:04:22,14000.0,100.0,507977.0
157,2021-10-21 13:02:54,14000.0,200.0,507877.0
158,2021-10-21 13:02:40,14000.0,100.0,507677.0
159,2021-10-21 13:02:13,14000.0,8200.0,507577.0
160,2021-10-21 13:02:05,14100.0,500.0,499377.0
161,2021-10-21 13:00:50,14100.0,3000.0,498877.0
162,2021-10-21 13:00:06,14100.0,1500.0,495877.0
163,2021-10-21 13:00:04,14100.0,100.0,494377.0
164,2021-10-21 13:00:03,14100.0,4500.0,494277.0
165,2021-10-21 13:00:02,14100.0,2500.0,489777.0
166,2021-10-21 13:00:01,14100.0,100.0,487277.0
167,2021-10-21 11:28:05,14100.0,300.0,487177.0
168,2021-10-21 11:27:48,14100.0,1000.0,486877.0
169,2021-10-21 11:27:37,14100.0,1000.0,485877.0
170,2021-10-21 11:26:25,14100.0,5800.0,484877.0
171,2021-10-21 11:25:59,14000.0,200.0,479077.0
172,2021-10-21 11:24:26,14000.0,100.0,478877.0
173,2021-10-21 11:24:16,14000.0,4000.0,478777.0
174,2021-10-21 11:23:41,14000.0,100.0,474777.0
175,2021-10-21 11:22:39,14100.0,1000.0,474677.0
176,2021-10-21 11:21:09,14100.0,1000.0,473677.0
177,2021-10-21 11:20:21,14000.0,200.0,472677.0
178,2021-10-21 11:17:54,14000.0,100.0,472477.0
179,2021-10-21 11:17:45,14000.0,100.0,472377.0
180,2021-10-21 11:17:33,14000.0,500.0,472277.0
181,2021-10-21 11:17:03,14000.0,100.0,471777.0
182,2021-10-21 11:16:32,14000.0,500.0,471677.0
183,2021-10-21 11:16:07,14000.0,100.0,471177.0
184,2021-10-21 11:15:42,14000.0,1000.0,471077.0
185,2021-10-21 11:14:51,14000.0,100.0,470077.0
186,2021-10-21 11:10:44,14100.0,200.0,469977.0
187,2021-10-21 11:08:48,14100.0,300.0,469777.0
188,2021-10-21 11:08:47,14100.0,100.0,469477.0
189,2021-10-21 11:08:10,14100.0,500.0,469377.0
190,2021-10-21 11:06:02,14100.0,500.0,468877.0
191,2021-10-21 11:05:59,14100.0,1000.0,468377.0
192,2021-10-21 11:05:24,14100.0,500.0,467377.0
193,2021-10-21 11:03:47,14000.0,5000.0,466877.0
194,2021-10-21 11:01:39,14000.0,100.0,461877.0
195,2021-10-21 11:00:33,14000.0,200.0,461777.0
196,2021-10-21 11:00:02,14000.0,2000.0,461577.0
197,2021-10-21 10:59:55,14000.0,600.0,459577.0
198,2021-10-21 10:59:31,14000.0,3000.0,458977.0
199,2021-10-21 10:59:11,14000.0,1000.0,455977.0
200,2021-10-21 10:57:49,14000.0,1300.0,454977.0
201,2021-10-21 10:57:45,14000.0,5800.0,453677.0
202,2021-10-21 10:56:41,14000.0,2400.0,447877.0
203,2021-10-21 10:55:40,14000.0,100.0,445477.0
204,2021-10-21 10:55:34,14000.0,100.0,445377.0
205,2021-10-21 10:53:50,14100.0,300.0,445277.0
206,2021-10-21 10:53:35,14100.0,1400.0,444977.0
207,2021-10-21 10:52:52,14100.0,100.0,443577.0
208,2021-10-21 10:51:50,14100.0,300.0,443477.0
209,2021-10-21 10:51:25,14100.0,500.0,443177.0
210,2021-10-21 10:51:06,14100.0,100.0,442677.0
211,2021-10-21 10:50:15,14100.0,100.0,442577.0
212,2021-10-21 10:49:55,14000.0,1000.0,442477.0
213,2021-10-21 10:49:02,14100.0,2600.0,441477.0
214,2021-10-21 10:47:36,14100.0,500.0,438877.0
215,2021-10-21 10:47:18,14100.0,500.0,438377.0
216,2021-10-21 10:46:54,14100.0,500.0,437877.0
217,2021-10-21 10:46:21,14000.0,400.0,437377.0
218,2021-10-21 10:45:57,14000.0,500.0,436977.0
219,2021-10-21 10:45:42,14000.0,2000.0,436477.0
220,2021-10-21 10:45:35,14100.0,100.0,434477.0
221,2021-10-21 10:45:13,14100.0,700.0,434377.0
222,2021-10-21 10:44:55,14100.0,100.0,433677.0
223,2021-10-21 10:44:31,14100.0,200.0,433577.0
224,2021-10-21 10:43:50,14100.0,2000.0,433377.0
225,2021-10-21 10:43:36,14100.0,1000.0,431377.0
226,2021-10-21 10:43:34,14100.0,900.0,430377.0
227,2021-10-21 10:43:29,14100.0,200.0,429477.0
228,2021-10-21 10:42:45,14100.0,200.0,429277.0
229,2021-10-21 10:42:29,14100.0,200.0,429077.0
230,2021-10-21 10:42:17,14100.0,500.0,428877.0
231,2021-10-21 10:42:02,14100.0,300.0,428377.0
232,2021-10-21 10:41:43,14100.0,100.0,428077.0
233,2021-10-21 10:40:48,14000.0,4000.0,427977.0
234,2021-10-21 10:40:47,14100.0,3000.0,423977.0
235,2021-10-21 10:40:20,14100.0,5000.0,420977.0
236,2021-10-21 10:40:18,14100.0,100.0,415977.0
237,2021-10-21 10:39:39,14100.0,1000.0,415877.0
238,2021-10-21 10:39:07,14100.0,3000.0,414877.0
239,2021-10-21 10:38:03,14000.0,100.0,411877.0
240,2021-10-21 10:37:40,14000.0,1000.0,411777.0
241,2021-10-21 10:37:21,14000.0,2400.0,410777.0
242,2021-10-21 10:36:04,14000.0,400.0,408377.0
243,2021-10-21 10:35:36,14100.0,1000.0,407977.0
244,2021-10-21 10:35:32,14100.0,100.0,406977.0
245,2021-10-21 10:35:21,14100.0,100.0,406877.0
246,2021-10-21 10:35:03,14100.0,500.0,406777.0
247,2021-10-21 10:34:39,14100.0,800.0,406277.0
248,2021-10-21 10:33:25,14100.0,300.0,405477.0
249,2021-10-21 10:32:33,14000.0,37900.0,405177.0
250,2021-10-21 10:32:28,14100.0,100.0,367277.0
251,2021-10-21 10:31:13,14100.0,200.0,367177.0
252,2021-10-21 10:30:56,14100.0,500.0,366977.0
253,2021-10-21 10:30:55,14100.0,400.0,366477.0
254,2021-10-21 10:30:35,14200.0,100.0,366077.0
255,2021-10-21 10:30:12,14200.0,700.0,365977.0
256,2021-10-21 10:29:31,14200.0,500.0,365277.0
257,2021-10-21 10:29:01,14200.0,400.0,364777.0
258,2021-10-21 10:28:52,14200.0,2500.0,364377.0
259,2021-10-21 10:28:38,14200.0,2000.0,361877.0
260,2021-10-21 10:27:53,14200.0,10000.0,359877.0
261,2021-10-21 10:27:52,14200.0,100.0,349877.0
262,2021-10-21 10:27:41,14200.0,1000.0,349777.0
263,2021-10-21 10:27:20,14200.0,4800.0,348777.0
264,2021-10-21 10:26:12,14200.0,300.0,343977.0
265,2021-10-21 10:26:06,14100.0,600.0,343677.0
266,2021-10-21 10:25:35,14200.0,300.0,343077.0
267,2021-10-21 10:25:16,14200.0,5000.0,342777.0
268,2021-10-21 10:25:07,14100.0,2000.0,337777.0
269,2021-10-21 10:24:49,14100.0,500.0,335777.0
270,2021-10-21 10:24:14,14100.0,100.0,335277.0
271,2021-10-21 10:23:38,14100.0,1000.0,335177.0
272,2021-10-21 10:22:06,14100.0,400.0,334177.0
273,2021-10-21 10:21:29,14100.0,300.0,333777.0
274,2021-10-21 10:20:47,14100.0,400.0,333477.0
275,2021-10-21 10:20:41,14100.0,5200.0,333077.0
276,2021-10-21 10:20:12,14100.0,100.0,327877.0
277,2021-10-21 10:20:05,14100.0,200.0,327777.0
278,2021-10-21 10:19:56,14100.0,1000.0,327577.0
279,2021-10-21 10:19:29,14100.0,200.0,326577.0
280,2021-10-21 10:18:40,14100.0,200.0,326377.0
281,2021-10-21 10:18:05,14100.0,400.0,326177.0
282,2021-10-21 10:17:47,14100.0,500.0,325777.0
283,2021-10-21 10:17:37,14100.0,6900.0,325277.0
284,2021-10-21 10:16:43,14200.0,100.0,318377.0
285,2021-10-21 10:16:31,14200.0,1900.0,318277.0
286,2021-10-21 10:15:59,14200.0,1700.0,316377.0
287,2021-10-21 10:15:50,14200.0,100.0,314677.0
288,2021-10-21 10:15:33,14200.0,100.0,314577.0
289,2021-10-21 10:15:30,14100.0,1000.0,314477.0
290,2021-10-21 10:15:08,14100.0,2000.0,313477.0
291,2021-10-21 10:14:48,14100.0,100.0,311477.0
292,2021-10-21 10:12:24,14100.0,100.0,311377.0
293,2021-10-21 10:12:12,14100.0,600.0,311277.0
294,2021-10-21 10:12:06,14200.0,1000.0,310677.0
295,2021-10-21 10:11:52,14100.0,5000.0,309677.0
296,2021-10-21 10:11:43,14100.0,300.0,304677.0
297,2021-10-21 10:11:40,14100.0,3000.0,304377.0
298,2021-10-21 10:11:13,14100.0,400.0,301377.0
299,2021-10-21 10:11:10,14100.0,100.0,300977.0
300,2021-10-21 10:10:58,14100.0,600.0,300877.0
301,2021-10-21 10:10:21,14100.0,1000.0,300277.0
302,2021-10-21 10:10:06,14200.0,5000.0,299277.0
303,2021-10-21 10:09:35,14200.0,400.0,294277.0
304,2021-10-21 10:05:27,14200.0,500.0,293877.0
305,2021-10-21 10:05:26,14100.0,1000.0,293377.0
306,2021-10-21 10:05:15,14200.0,3900.0,292377.0
307,2021-10-21 10:04:47,14200.0,6100.0,288477.0
308,2021-10-21 10:04:41,14200.0,3900.0,282377.0
309,2021-10-21 10:04:38,14200.0,1000.0,278477.0
310,2021-10-21 10:04:34,14200.0,100.0,277477.0
311,2021-10-21 10:04:26,14200.0,100.0,277377.0
312,2021-10-21 10:04:09,14200.0,500.0,277277.0
313,2021-10-21 10:03:40,14200.0,500.0,276777.0
314,2021-10-21 10:03:36,14200.0,100.0,276277.0
315,2021-10-21 10:03:26,14200.0,1000.0,276177.0
316,2021-10-21 10:03:24,14200.0,200.0,275177.0
317,2021-10-21 10:03:16,14200.0,2500.0,274977.0
318,2021-10-21 10:03:10,14200.0,300.0,272477.0
319,2021-10-21 10:02:45,14200.0,100.0,272177.0
320,2021-10-21 10:02:35,14200.0,1000.0,272077.0
321,2021-10-21 10:02:32,14100.0,5000.0,271077.0
322,2021-10-21 10:02:26,14100.0,1000.0,266077.0
323,2021-10-21 10:02:01,14200.0,500.0,265077.0
324,2021-10-21 10:01:38,14200.0,300.0,264577.0
325,2021-10-21 10:01:29,14200.0,2000.0,264277.0
326,2021-10-21 10:01:07,14200.0,100.0,262277.0
327,2021-10-21 10:00:45,14200.0,1000.0,262177.0
328,2021-10-21 09:59:55,14100.0,200.0,261177.0
329,2021-10-21 09:59:46,14100.0,2900.0,260977.0
330,2021-10-21 09:59:39,14100.0,200.0,258077.0
331,2021-10-21 09:59:37,14100.0,4000.0,257877.0
332,2021-10-21 09:58:35,14100.0,15200.0,253877.0
333,2021-10-21 09:58:04,14100.0,3600.0,238677.0
334,2021-10-21 09:57:53,14100.0,100.0,235077.0
335,2021-10-21 09:57:36,14100.0,1500.0,234977.0
336,2021-10-21 09:57:21,14100.0,500.0,233477.0
337,2021-10-21 09:56:22,14200.0,100.0,232977.0
338,2021-10-21 09:55:35,14200.0,300.0,232877.0
339,2021-10-21 09:55:26,14200.0,200.0,232577.0
340,2021-10-21 09:55:13,14200.0,100.0,232377.0
341,2021-10-21 09:55:00,14200.0,100.0,232277.0
342,2021-10-21 09:54:09,14200.0,200.0,232177.0
343,2021-10-21 09:53:46,14200.0,1000.0,231977.0
344,2021-10-21 09:53:21,14100.0,1000.0,230977.0
345,2021-10-21 09:52:48,14100.0,600.0,229977.0
346,2021-10-21 09:52:23,14200.0,100.0,229377.0
347,2021-10-21 09:52:05,14200.0,400.0,229277.0
348,2021-10-21 09:51:23,14100.0,500.0,228877.0
349,2021-10-21 09:50:38,14100.0,100.0,228377.0
350,2021-10-21 09:48:39,14100.0,7300.0,228277.0
351,2021-10-21 09:48:38,14100.0,5100.0,220977.0
352,2021-10-21 09:47:54,14200.0,900.0,215877.0
353,2021-10-21 09:46:47,14200.0,6300.0,214977.0
354,2021-10-21 09:46:04,14200.0,400.0,208677.0
355,2021-10-21 09:45:34,14200.0,1300.0,208277.0
356,2021-10-21 09:45:22,14200.0,300.0,206977.0
357,2021-10-21 09:44:50,14300.0,1000.0,206677.0
358,2021-10-21 09:44:46,14200.0,100.0,205677.0
359,2021-10-21 09:42:42,14200.0,4300.0,205577.0
360,2021-10-21 09:42:27,14100.0,1000.0,201277.0
361,2021-10-21 09:42:16,14200.0,100.0,200277.0
362,2021-10-21 09:42:05,14200.0,100.0,200177.0
363,2021-10-21 09:41:26,14200.0,500.0,200077.0
364,2021-10-21 09:41:03,14200.0,5100.0,199577.0
365,2021-10-21 09:40:55,14300.0,100.0,194477.0
366,2021-10-21 09:40:41,14300.0,100.0,194377.0
367,2021-10-21 09:40:21,14300.0,100.0,194277.0
368,2021-10-21 09:40:10,14300.0,100.0,194177.0
369,2021-10-21 09:39:45,14300.0,4500.0,194077.0
370,2021-10-21 09:39:44,14300.0,600.0,189577.0
371,2021-10-21 09:39:42,14200.0,7100.0,188977.0
372,2021-10-21 09:39:35,14300.0,2200.0,181877.0
373,2021-10-21 09:39:15,14300.0,300.0,179677.0
374,2021-10-21 09:38:53,14300.0,3000.0,179377.0
375,2021-10-21 09:38:47,14200.0,2300.0,176377.0
376,2021-10-21 09:38:23,14200.0,500.0,174077.0
377,2021-10-21 09:38:20,14200.0,100.0,173577.0
378,2021-10-21 09:38:13,14200.0,2000.0,173477.0
379,2021-10-21 09:37:53,14200.0,400.0,171477.0
380,2021-10-21 09:37:50,14200.0,1000.0,171077.0
381,2021-10-21 09:37:46,14100.0,200.0,170077.0
382,2021-10-21 09:37:45,14200.0,100.0,169877.0
383,2021-10-21 09:37:38,14200.0,400.0,169777.0
384,2021-10-21 09:37:31,14200.0,900.0,169377.0
385,2021-10-21 09:37:29,14100.0,100.0,168477.0
386,2021-10-21 09:37:18,14100.0,200.0,168377.0
387,2021-10-21 09:37:07,14100.0,400.0,168177.0
388,2021-10-21 09:37:02,14000.0,2000.0,167777.0
389,2021-10-21 09:37:01,14100.0,400.0,165777.0
390,2021-10-21 09:36:45,14000.0,900.0,165377.0
391,2021-10-21 09:36:42,14100.0,100.0,164477.0
392,2021-10-21 09:36:40,14100.0,3500.0,164377.0
393,2021-10-21 09:36:38,14200.0,500.0,160877.0
394,2021-10-21 09:36:30,14200.0,100.0,160377.0
395,2021-10-21 09:36:24,14200.0,500.0,160277.0
396,2021-10-21 09:36:19,14200.0,100.0,159777.0
397,2021-10-21 09:36:08,14200.0,1000.0,159677.0
398,2021-10-21 09:36:04,14200.0,1500.0,158677.0
399,2021-10-21 09:35:49,14200.0,2100.0,157177.0
400,2021-10-21 09:35:42,14300.0,200.0,155077.0
401,2021-10-21 09:35:34,14300.0,10900.0,154877.0
402,2021-10-21 09:35:26,14300.0,2000.0,143977.0
403,2021-10-21 09:35:19,14300.0,100.0,141977.0
404,2021-10-21 09:35:04,14400.0,6400.0,141877.0
405,2021-10-21 09:34:58,14400.0,600.0,135477.0
406,2021-10-21 09:34:47,14400.0,1000.0,134877.0
407,2021-10-21 09:34:32,14400.0,1500.0,133877.0
408,2021-10-21 09:34:26,14400.0,100.0,132377.0
409,2021-10-21 09:34:02,14400.0,500.0,132277.0
410,2021-10-21 09:34:00,14400.0,100.0,131777.0
411,2021-10-21 09:33:56,14400.0,500.0,131677.0
412,2021-10-21 09:33:50,14400.0,1400.0,131177.0
413,2021-10-21 09:33:48,14400.0,200.0,129777.0
414,2021-10-21 09:33:16,14400.0,300.0,129577.0
415,2021-10-21 09:33:08,14500.0,3800.0,129277.0
416,2021-10-21 09:33:00,14500.0,200.0,125477.0
417,2021-10-21 09:32:59,14500.0,1800.0,125277.0
418,2021-10-21 09:32:52,14500.0,100.0,123477.0
419,2021-10-21 09:32:51,14400.0,200.0,123377.0
420,2021-10-21 09:32:41,14500.0,200.0,123177.0
421,2021-10-21 09:32:15,14500.0,500.0,122977.0
422,2021-10-21 09:32:10,14500.0,7400.0,122477.0
423,2021-10-21 09:32:07,14500.0,300.0,115077.0
424,2021-10-21 09:31:55,14500.0,400.0,114777.0
425,2021-10-21 09:31:37,14500.0,200.0,114377.0
426,2021-10-21 09:31:18,14500.0,100.0,114177.0
427,2021-10-21 09:31:17,14500.0,2000.0,114077.0
428,2021-10-21 09:31:01,14500.0,400.0,112077.0
429,2021-10-21 09:30:54,14500.0,2500.0,111677.0
430,2021-10-21 09:30:50,14500.0,200.0,109177.0
431,2021-10-21 09:30:41,14500.0,100.0,108977.0
432,2021-10-21 09:30:39,14600.0,2900.0,108877.0
433,2021-10-21 09:30:38,14500.0,500.0,105977.0
434,2021-10-21 09:30:24,14500.0,2100.0,105477.0
435,2021-10-21 09:30:14,14500.0,2800.0,103377.0
436,2021-10-21 09:30:13,14500.0,100.0,100577.0
437,2021-10-21 09:30:04,14500.0,500.0,100477.0
438,2021-10-21 09:29:56,14500.0,100.0,99977.0
439,2021-10-21 09:29:41,14500.0,10000.0,99877.0
440,2021-10-21 09:29:28,14600.0,2000.0,89877.0
441,2021-10-21 09:29:23,14600.0,900.0,87877.0
442,2021-10-21 09:29:10,14600.0,100.0,86977.0
443,2021-10-21 09:29:05,14600.0,200.0,86877.0
444,2021-10-21 09:28:51,14600.0,200.0,86677.0
445,2021-10-21 09:28:48,14600.0,200.0,86477.0
446,2021-10-21 09:28:37,14600.0,500.0,86277.0
447,2021-10-21 09:28:05,14600.0,2000.0,85777.0
448,2021-10-21 09:26:25,14700.0,900.0,83777.0
449,2021-10-21 09:25:51,14700.0,200.0,82877.0
450,2021-10-21 09:25:43,14700.0,1900.0,82677.0
451,2021-10-21 09:25:19,14700.0,100.0,80777.0
452,2021-10-21 09:24:59,14700.0,100.0,80677.0
453,2021-10-21 09:24:52,14600.0,4800.0,80577.0
454,2021-10-21 09:24:33,14700.0,2000.0,75777.0
455,2021-10-21 09:24:24,14700.0,1000.0,73777.0
456,2021-10-21 09:23:53,14700.0,600.0,72777.0
457,2021-10-21 09:23:44,14700.0,1000.0,72177.0
458,2021-10-21 09:23:29,14700.0,300.0,71177.0
459,2021-10-21 09:23:15,14700.0,1000.0,70877.0
460,2021-10-21 09:22:55,14700.0,5000.0,69877.0
461,2021-10-21 09:21:24,14800.0,27.0,64877.0
462,2021-10-21 09:21:16,14800.0,300.0,64850.0
463,2021-10-21 09:21:06,14700.0,1200.0,64550.0
464,2021-10-21 09:21:03,14700.0,4200.0,63350.0
465,2021-10-21 09:20:41,14800.0,200.0,59150.0
466,2021-10-21 09:20:27,14800.0,900.0,58950.0
467,2021-10-21 09:20:21,14800.0,100.0,58050.0
468,2021-10-21 09:19:55,14800.0,12200.0,57950.0
469,2021-10-21 09:19:33,14900.0,100.0,45750.0
470,2021-10-21 09:18:52,14900.0,200.0,45650.0
471,2021-10-21 09:18:34,14900.0,500.0,45450.0
472,2021-10-21 09:18:33,14900.0,500.0,44950.0
473,2021-10-21 09:17:53,14900.0,500.0,44450.0
474,2021-10-21 09:16:03,14900.0,40.0,43950.0
475,2021-10-21 09:15:39,14900.0,10.0,43910.0
476,2021-10-21 09:15:17,14900.0,400.0,43900.0
477,2021-10-21 09:14:57,14900.0,400.0,43500.0
478,2021-10-21 09:14:15,14900.0,800.0,43100.0
479,2021-10-21 09:13:52,14900.0,200.0,42300.0
480,2021-10-21 09:13:21,14900.0,1000.0,42100.0
481,2021-10-21 09:13:19,14800.0,600.0,41100.0
482,2021-10-21 09:13:05,14800.0,300.0,40500.0
483,2021-10-21 09:12:56,14800.0,300.0,40200.0
484,2021-10-21 09:11:11,14800.0,3500.0,39900.0
485,2021-10-21 09:11:07,14800.0,200.0,36400.0
486,2021-10-21 09:10:42,14800.0,900.0,36200.0
487,2021-10-21 09:10:38,14800.0,4000.0,35300.0
488,2021-10-21 09:10:37,14700.0,500.0,31300.0
489,2021-10-21 09:10:31,14800.0,200.0,30800.0
490,2021-10-21 09:08:51,14700.0,1400.0,30600.0
491,2021-10-21 09:08:20,14700.0,2100.0,29200.0
492,2021-10-21 09:07:48,14700.0,2100.0,27100.0
493,2021-10-21 09:07:31,14700.0,1000.0,25000.0
494,2021-10-21 09:07:14,14800.0,400.0,24000.0
495,2021-10-21 09:07:12,14800.0,500.0,23600.0
496,2021-10-21 09:07:04,14800.0,100.0,23100.0
497,2021-10-21 09:06:59,14800.0,100.0,23000.0
498,2021-10-21 09:06:54,14800.0,100.0,22900.0
499,2021-10-21 09:06:53,14800.0,200.0,22800.0
500,2021-10-21 09:06:29,14800.0,300.0,22600.0
501,2021-10-21 09:06:26,14800.0,3600.0,22300.0
502,2021-10-21 09:05:43,14700.0,100.0,18700.0
503,2021-10-21 09:05:28,14700.0,500.0,18600.0
504,2021-10-21 09:05:24,14700.0,400.0,18100.0
505,2021-10-21 09:05:14,14800.0,1000.0,17700.0
506,2021-10-21 09:05:09,14700.0,100.0,16700.0
507,2021-10-21 09:04:48,14700.0,500.0,16600.0
508,2021-10-21 09:04:38,14800.0,5100.0,16100.0
509,2021-10-21 09:04:12,14800.0,100.0,11000.0
510,2021-10-21 09:03:33,14800.0,100.0,10900.0
511,2021-10-21 09:03:08,14800.0,2000.0,10800.0
512,2021-10-21 09:03:07,14800.0,1200.0,8800.0
513,2021-10-21 09:02:33,14800.0,5000.0,7600.0
514,2021-10-21 09:02:31,14800.0,600.0,2600.0
515,2021-10-21 09:02:11,14800.0,1000.0,2000.0
516,2021-10-21 09:01:29,14800.0,200.0,1000.0
517,2021-10-21 09:01:23,14800.0,800.0,800.0
