,Time,Price,Volume_per_trade,Volume
0,2021-10-14 14:45:02,38100.0,1800.0,328860.0
1,2021-10-14 14:29:57,38200.0,200.0,327060.0
2,2021-10-14 14:29:33,38200.0,300.0,326860.0
3,2021-10-14 14:28:32,38200.0,500.0,326560.0
4,2021-10-14 14:27:20,38200.0,900.0,326060.0
5,2021-10-14 14:27:12,38200.0,100.0,325160.0
6,2021-10-14 14:26:42,38300.0,700.0,325060.0
7,2021-10-14 14:26:12,38400.0,10.0,324360.0
8,2021-10-14 14:23:02,38400.0,83.0,324350.0
9,2021-10-14 14:22:52,38400.0,9000.0,324267.0
10,2021-10-14 14:22:49,38400.0,2000.0,315267.0
11,2021-10-14 14:22:30,38400.0,100.0,313267.0
12,2021-10-14 14:19:55,38200.0,100.0,313167.0
13,2021-10-14 14:12:04,38400.0,5200.0,313067.0
14,2021-10-14 14:11:56,38400.0,100.0,307867.0
15,2021-10-14 14:11:50,38500.0,12300.0,307767.0
16,2021-10-14 14:10:22,38400.0,700.0,295467.0
17,2021-10-14 14:10:19,38400.0,3000.0,294767.0
18,2021-10-14 14:09:58,38400.0,900.0,291767.0
19,2021-10-14 14:09:27,38400.0,600.0,290867.0
20,2021-10-14 14:08:43,38400.0,5000.0,290267.0
21,2021-10-14 14:07:37,38400.0,900.0,285267.0
22,2021-10-14 14:06:18,38300.0,100.0,284367.0
23,2021-10-14 14:06:17,38300.0,11800.0,284267.0
24,2021-10-14 14:01:51,38100.0,300.0,272467.0
25,2021-10-14 14:01:41,38100.0,300.0,272167.0
26,2021-10-14 14:00:09,38100.0,100.0,271867.0
27,2021-10-14 13:59:22,38100.0,400.0,271767.0
28,2021-10-14 13:58:37,38100.0,100.0,271367.0
29,2021-10-14 13:58:22,38100.0,100.0,271267.0
30,2021-10-14 13:55:12,38100.0,70.0,271167.0
31,2021-10-14 13:54:13,38100.0,30.0,271097.0
32,2021-10-14 13:54:03,38100.0,17.0,271067.0
33,2021-10-14 13:53:43,38100.0,300.0,271050.0
34,2021-10-14 13:53:17,38100.0,500.0,270750.0
35,2021-10-14 13:51:18,38000.0,300.0,270250.0
36,2021-10-14 13:50:49,38000.0,2000.0,269950.0
37,2021-10-14 13:47:34,38000.0,200.0,267950.0
38,2021-10-14 13:47:29,38100.0,1000.0,267750.0
39,2021-10-14 13:45:43,38000.0,200.0,266750.0
40,2021-10-14 13:42:28,38000.0,11200.0,266550.0
41,2021-10-14 13:40:14,38100.0,800.0,255350.0
42,2021-10-14 13:38:35,38100.0,200.0,254550.0
43,2021-10-14 13:37:03,38100.0,200.0,254350.0
44,2021-10-14 13:33:36,38100.0,3300.0,254150.0
45,2021-10-14 13:33:35,38200.0,100.0,250850.0
46,2021-10-14 13:31:39,38200.0,1100.0,250750.0
47,2021-10-14 13:29:25,38200.0,200.0,249650.0
48,2021-10-14 13:28:34,38200.0,4400.0,249450.0
49,2021-10-14 13:28:09,38200.0,500.0,245050.0
50,2021-10-14 13:27:57,38300.0,600.0,244550.0
51,2021-10-14 13:27:17,38200.0,2500.0,243950.0
52,2021-10-14 13:26:19,38100.0,5000.0,241450.0
53,2021-10-14 13:26:04,38000.0,2000.0,236450.0
54,2021-10-14 13:26:02,38000.0,300.0,234450.0
55,2021-10-14 13:25:45,38000.0,700.0,234150.0
56,2021-10-14 13:25:34,38000.0,800.0,233450.0
57,2021-10-14 13:24:45,38000.0,17600.0,232650.0
58,2021-10-14 13:24:07,38000.0,100.0,215050.0
59,2021-10-14 13:22:15,37900.0,100.0,214950.0
60,2021-10-14 13:20:55,37900.0,400.0,214850.0
61,2021-10-14 13:20:26,37900.0,5000.0,214450.0
62,2021-10-14 13:15:59,37900.0,200.0,209450.0
63,2021-10-14 13:14:37,37900.0,200.0,209250.0
64,2021-10-14 13:13:16,37900.0,100.0,209050.0
65,2021-10-14 13:11:08,37900.0,2500.0,208950.0
66,2021-10-14 13:10:31,37900.0,100.0,206450.0
67,2021-10-14 13:10:01,37900.0,1100.0,206350.0
68,2021-10-14 13:09:58,37900.0,100.0,205250.0
69,2021-10-14 13:09:35,37900.0,500.0,205150.0
70,2021-10-14 13:09:13,37900.0,500.0,204650.0
71,2021-10-14 13:09:10,37900.0,1000.0,204150.0
72,2021-10-14 13:06:45,37900.0,500.0,203150.0
73,2021-10-14 13:00:05,37800.0,600.0,202650.0
74,2021-10-14 13:00:02,37900.0,10.0,202050.0
75,2021-10-14 11:29:54,37900.0,1400.0,202040.0
76,2021-10-14 11:28:56,37900.0,4000.0,200640.0
77,2021-10-14 11:28:45,37900.0,100.0,196640.0
78,2021-10-14 11:27:00,37900.0,1000.0,196540.0
79,2021-10-14 11:26:24,37900.0,2000.0,195540.0
80,2021-10-14 11:19:27,37900.0,300.0,193540.0
81,2021-10-14 11:17:26,37900.0,500.0,193240.0
82,2021-10-14 11:16:55,37900.0,4000.0,192740.0
83,2021-10-14 11:13:06,37700.0,200.0,188740.0
84,2021-10-14 11:10:47,37700.0,10000.0,188540.0
85,2021-10-14 11:09:16,37900.0,4000.0,178540.0
86,2021-10-14 11:08:07,37800.0,1300.0,174540.0
87,2021-10-14 11:06:07,37800.0,3000.0,173240.0
88,2021-10-14 11:05:36,37900.0,800.0,170240.0
89,2021-10-14 11:04:47,37900.0,1700.0,169440.0
90,2021-10-14 11:01:06,37900.0,2000.0,167740.0
91,2021-10-14 10:58:57,37800.0,300.0,165740.0
92,2021-10-14 10:58:47,37800.0,1000.0,165440.0
93,2021-10-14 10:58:23,37800.0,200.0,164440.0
94,2021-10-14 10:57:54,37700.0,200.0,164240.0
95,2021-10-14 10:57:05,37700.0,500.0,164040.0
96,2021-10-14 10:55:20,37600.0,300.0,163540.0
97,2021-10-14 10:54:18,37700.0,500.0,163240.0
98,2021-10-14 10:54:13,37700.0,1000.0,162740.0
99,2021-10-14 10:52:39,37700.0,700.0,161740.0
100,2021-10-14 10:51:37,37700.0,29.0,161040.0
101,2021-10-14 10:49:40,37700.0,16.0,161011.0
102,2021-10-14 10:48:43,37700.0,500.0,160995.0
103,2021-10-14 10:48:34,37700.0,1000.0,160495.0
104,2021-10-14 10:48:18,37700.0,8500.0,159495.0
105,2021-10-14 10:41:26,37700.0,400.0,150995.0
106,2021-10-14 10:39:53,37800.0,100.0,150595.0
107,2021-10-14 10:38:37,37800.0,1200.0,150495.0
108,2021-10-14 10:37:24,37800.0,300.0,149295.0
109,2021-10-14 10:35:57,37800.0,1000.0,148995.0
110,2021-10-14 10:34:16,37800.0,600.0,147995.0
111,2021-10-14 10:33:59,37700.0,200.0,147395.0
112,2021-10-14 10:33:11,37800.0,500.0,147195.0
113,2021-10-14 10:31:43,37800.0,1000.0,146695.0
114,2021-10-14 10:31:03,37700.0,200.0,145695.0
115,2021-10-14 10:30:46,37700.0,4.0,145495.0
116,2021-10-14 10:29:20,37700.0,37.0,145491.0
117,2021-10-14 10:28:28,37700.0,1000.0,145454.0
118,2021-10-14 10:28:08,37700.0,300.0,144454.0
119,2021-10-14 10:26:30,37700.0,40.0,144154.0
120,2021-10-14 10:24:46,37700.0,100.0,144114.0
121,2021-10-14 10:24:34,37800.0,1900.0,144014.0
122,2021-10-14 10:22:15,37800.0,1800.0,142114.0
123,2021-10-14 10:21:27,37800.0,2500.0,140314.0
124,2021-10-14 10:21:06,37900.0,10.0,137814.0
125,2021-10-14 10:15:00,37900.0,1000.0,137804.0
126,2021-10-14 10:14:32,37900.0,3000.0,136804.0
127,2021-10-14 10:14:17,37800.0,1000.0,133804.0
128,2021-10-14 10:14:00,37800.0,20.0,132804.0
129,2021-10-14 10:12:09,37800.0,200.0,132784.0
130,2021-10-14 10:11:43,37800.0,500.0,132584.0
131,2021-10-14 10:11:17,37800.0,100.0,132084.0
132,2021-10-14 10:10:46,37800.0,500.0,131984.0
133,2021-10-14 10:10:04,37900.0,25900.0,131484.0
134,2021-10-14 10:08:52,37900.0,200.0,105584.0
135,2021-10-14 10:08:39,37900.0,1000.0,105384.0
136,2021-10-14 10:08:12,37900.0,200.0,104384.0
137,2021-10-14 10:07:28,37900.0,500.0,104184.0
138,2021-10-14 10:06:57,37900.0,100.0,103684.0
139,2021-10-14 10:05:49,37900.0,900.0,103584.0
140,2021-10-14 10:05:11,37900.0,200.0,102684.0
141,2021-10-14 10:04:26,38000.0,100.0,102484.0
142,2021-10-14 10:03:15,37900.0,400.0,102384.0
143,2021-10-14 10:03:05,38000.0,300.0,101984.0
144,2021-10-14 10:02:47,38000.0,100.0,101684.0
145,2021-10-14 10:02:31,38000.0,1800.0,101584.0
146,2021-10-14 10:02:30,38000.0,100.0,99784.0
147,2021-10-14 10:02:11,38000.0,200.0,99684.0
148,2021-10-14 10:02:02,38000.0,1000.0,99484.0
149,2021-10-14 10:00:40,38000.0,100.0,98484.0
150,2021-10-14 09:59:55,38000.0,300.0,98384.0
151,2021-10-14 09:59:02,38000.0,300.0,98084.0
152,2021-10-14 09:58:21,38000.0,1200.0,97784.0
153,2021-10-14 09:57:07,38000.0,2200.0,96584.0
154,2021-10-14 09:54:55,38000.0,500.0,94384.0
155,2021-10-14 09:54:43,38000.0,800.0,93884.0
156,2021-10-14 09:54:16,38000.0,200.0,93084.0
157,2021-10-14 09:51:47,38000.0,500.0,92884.0
158,2021-10-14 09:50:46,38000.0,1000.0,92384.0
159,2021-10-14 09:50:37,38000.0,2000.0,91384.0
160,2021-10-14 09:49:06,38000.0,10000.0,89384.0
161,2021-10-14 09:48:06,38100.0,500.0,79384.0
162,2021-10-14 09:47:06,38100.0,300.0,78884.0
163,2021-10-14 09:45:41,38100.0,5000.0,78584.0
164,2021-10-14 09:44:58,38000.0,200.0,73584.0
165,2021-10-14 09:44:54,38000.0,100.0,73384.0
166,2021-10-14 09:44:19,38000.0,500.0,73284.0
167,2021-10-14 09:44:11,38000.0,100.0,72784.0
168,2021-10-14 09:43:31,38000.0,200.0,72684.0
169,2021-10-14 09:43:07,38100.0,200.0,72484.0
170,2021-10-14 09:41:40,38000.0,1000.0,72284.0
171,2021-10-14 09:41:27,38100.0,500.0,71284.0
172,2021-10-14 09:40:31,38200.0,900.0,70784.0
173,2021-10-14 09:38:56,38200.0,100.0,69884.0
174,2021-10-14 09:38:51,38100.0,700.0,69784.0
175,2021-10-14 09:38:31,38200.0,400.0,69084.0
176,2021-10-14 09:38:28,38200.0,600.0,68684.0
177,2021-10-14 09:38:22,38200.0,1000.0,68084.0
178,2021-10-14 09:37:45,38200.0,500.0,67084.0
179,2021-10-14 09:36:09,38200.0,200.0,66584.0
180,2021-10-14 09:35:59,38200.0,400.0,66384.0
181,2021-10-14 09:35:55,38100.0,1000.0,65984.0
182,2021-10-14 09:35:54,38100.0,500.0,64984.0
183,2021-10-14 09:35:35,38100.0,100.0,64484.0
184,2021-10-14 09:35:30,38200.0,500.0,64384.0
185,2021-10-14 09:35:05,38200.0,5000.0,63884.0
186,2021-10-14 09:34:32,38100.0,2000.0,58884.0
187,2021-10-14 09:33:40,38100.0,700.0,56884.0
188,2021-10-14 09:32:54,38000.0,1000.0,56184.0
189,2021-10-14 09:32:31,38100.0,200.0,55184.0
190,2021-10-14 09:32:08,38000.0,2700.0,54984.0
191,2021-10-14 09:31:59,38100.0,1300.0,52284.0
192,2021-10-14 09:31:03,38000.0,500.0,50984.0
193,2021-10-14 09:30:41,38000.0,200.0,50484.0
194,2021-10-14 09:30:27,38100.0,100.0,50284.0
195,2021-10-14 09:30:19,38100.0,600.0,50184.0
196,2021-10-14 09:30:05,38300.0,200.0,49584.0
197,2021-10-14 09:29:33,38300.0,7000.0,49384.0
198,2021-10-14 09:29:19,38300.0,100.0,42384.0
199,2021-10-14 09:29:14,38300.0,100.0,42284.0
200,2021-10-14 09:28:45,38400.0,100.0,42184.0
201,2021-10-14 09:28:44,38300.0,100.0,42084.0
202,2021-10-14 09:28:16,38300.0,4800.0,41984.0
203,2021-10-14 09:28:13,38200.0,300.0,37184.0
204,2021-10-14 09:27:04,38200.0,200.0,36884.0
205,2021-10-14 09:26:36,38000.0,500.0,36684.0
206,2021-10-14 09:26:35,38200.0,200.0,36184.0
207,2021-10-14 09:26:24,38000.0,100.0,35984.0
208,2021-10-14 09:25:47,38000.0,2300.0,35884.0
209,2021-10-14 09:25:07,38000.0,200.0,33584.0
210,2021-10-14 09:25:00,38000.0,500.0,33384.0
211,2021-10-14 09:23:35,38000.0,800.0,32884.0
212,2021-10-14 09:21:41,38000.0,700.0,32084.0
213,2021-10-14 09:21:31,38000.0,200.0,31384.0
214,2021-10-14 09:21:18,38000.0,300.0,31184.0
215,2021-10-14 09:21:17,38300.0,1000.0,30884.0
216,2021-10-14 09:21:15,38200.0,1300.0,29884.0
217,2021-10-14 09:21:09,38200.0,500.0,28584.0
218,2021-10-14 09:21:00,38200.0,3100.0,28084.0
219,2021-10-14 09:20:53,38100.0,100.0,24984.0
220,2021-10-14 09:20:33,38100.0,200.0,24884.0
221,2021-10-14 09:20:13,38100.0,500.0,24684.0
222,2021-10-14 09:20:09,38100.0,100.0,24184.0
223,2021-10-14 09:20:02,38200.0,84.0,24084.0
224,2021-10-14 09:19:53,38200.0,500.0,24000.0
225,2021-10-14 09:19:36,38100.0,5000.0,23500.0
226,2021-10-14 09:19:25,37800.0,200.0,18500.0
227,2021-10-14 09:19:01,37800.0,100.0,18300.0
228,2021-10-14 09:19:00,37800.0,1200.0,18200.0
229,2021-10-14 09:18:50,37800.0,2000.0,17000.0
230,2021-10-14 09:18:34,37700.0,100.0,15000.0
231,2021-10-14 09:18:06,37600.0,2500.0,14900.0
232,2021-10-14 09:18:01,37500.0,100.0,12400.0
233,2021-10-14 09:16:43,37500.0,300.0,12300.0
234,2021-10-14 09:15:49,37500.0,2700.0,12000.0
235,2021-10-14 09:15:48,37400.0,300.0,9300.0
236,2021-10-14 09:15:27,37400.0,500.0,9000.0
237,2021-10-14 09:15:22,37400.0,100.0,8500.0
238,2021-10-14 09:14:53,37400.0,200.0,8400.0
239,2021-10-14 09:14:40,37400.0,500.0,8200.0
240,2021-10-14 09:14:08,37500.0,300.0,7700.0
241,2021-10-14 09:12:53,37400.0,2700.0,7400.0
242,2021-10-14 09:12:39,37400.0,200.0,4700.0
243,2021-10-14 09:11:46,37400.0,300.0,4500.0
244,2021-10-14 09:11:35,37400.0,600.0,4200.0
245,2021-10-14 09:10:25,37400.0,900.0,3600.0
246,2021-10-14 09:06:51,37400.0,1000.0,2700.0
247,2021-10-14 09:06:06,37500.0,100.0,1700.0
248,2021-10-14 09:03:17,37400.0,100.0,1600.0
249,2021-10-14 09:03:15,37400.0,500.0,1500.0
250,2021-10-14 09:02:09,37400.0,400.0,1000.0
251,2021-10-14 09:00:28,37400.0,300.0,600.0
252,2021-10-14 09:00:11,37400.0,300.0,300.0
