,Time,Price,Volume_per_trade,Volume
0,2021-10-22 14:45:01,41600.0,5200.0,381356.0
1,2021-10-22 14:29:55,41900.0,500.0,376156.0
2,2021-10-22 14:29:53,41600.0,2400.0,375656.0
3,2021-10-22 14:28:54,41600.0,1200.0,373256.0
4,2021-10-22 14:28:42,41700.0,8.0,372056.0
5,2021-10-22 14:28:35,41700.0,1700.0,372048.0
6,2021-10-22 14:26:59,41700.0,1600.0,370348.0
7,2021-10-22 14:25:36,41700.0,600.0,368748.0
8,2021-10-22 14:25:19,41700.0,100.0,368148.0
9,2021-10-22 14:24:50,41700.0,100.0,368048.0
10,2021-10-22 14:24:13,41700.0,1200.0,367948.0
11,2021-10-22 14:23:15,41700.0,100.0,366748.0
12,2021-10-22 14:22:46,41700.0,900.0,366648.0
13,2021-10-22 14:22:39,41800.0,52.0,365748.0
14,2021-10-22 14:22:35,41800.0,500.0,365696.0
15,2021-10-22 14:21:39,41800.0,17.0,365196.0
16,2021-10-22 14:20:58,41800.0,1100.0,365179.0
17,2021-10-22 14:20:22,41800.0,500.0,364079.0
18,2021-10-22 14:20:09,41700.0,200.0,363579.0
19,2021-10-22 14:19:41,41700.0,100.0,363379.0
20,2021-10-22 14:18:39,41700.0,500.0,363279.0
21,2021-10-22 14:18:20,41700.0,400.0,362779.0
22,2021-10-22 14:16:26,41600.0,2000.0,362379.0
23,2021-10-22 14:16:08,41800.0,100.0,360379.0
24,2021-10-22 14:15:59,41700.0,1000.0,360279.0
25,2021-10-22 14:15:23,41800.0,200.0,359279.0
26,2021-10-22 14:15:18,41800.0,500.0,359079.0
27,2021-10-22 14:15:10,41800.0,1000.0,358579.0
28,2021-10-22 14:14:57,41800.0,400.0,357579.0
29,2021-10-22 14:14:22,41800.0,600.0,357179.0
30,2021-10-22 14:13:49,41800.0,300.0,356579.0
31,2021-10-22 14:13:30,41800.0,500.0,356279.0
32,2021-10-22 14:13:08,41800.0,1000.0,355779.0
33,2021-10-22 14:12:44,41800.0,100.0,354779.0
34,2021-10-22 14:11:12,41900.0,300.0,354679.0
35,2021-10-22 14:10:13,41900.0,2000.0,354379.0
36,2021-10-22 14:09:34,41900.0,200.0,352379.0
37,2021-10-22 14:09:32,41900.0,7.0,352179.0
38,2021-10-22 14:08:16,41900.0,1000.0,352172.0
39,2021-10-22 14:08:15,41900.0,800.0,351172.0
40,2021-10-22 14:08:03,41900.0,300.0,350372.0
41,2021-10-22 14:06:20,41900.0,400.0,350072.0
42,2021-10-22 14:06:12,42000.0,300.0,349672.0
43,2021-10-22 14:06:03,42000.0,100.0,349372.0
44,2021-10-22 14:06:01,42000.0,6000.0,349272.0
45,2021-10-22 14:04:13,42000.0,4000.0,343272.0
46,2021-10-22 14:03:58,42000.0,300.0,339272.0
47,2021-10-22 14:03:21,42000.0,9900.0,338972.0
48,2021-10-22 14:02:24,42100.0,600.0,329072.0
49,2021-10-22 14:02:07,42000.0,500.0,328472.0
50,2021-10-22 14:01:13,42100.0,200.0,327972.0
51,2021-10-22 14:00:07,42100.0,500.0,327772.0
52,2021-10-22 14:00:03,42100.0,4300.0,327272.0
53,2021-10-22 13:59:00,42100.0,200.0,322972.0
54,2021-10-22 13:56:02,42200.0,100.0,322772.0
55,2021-10-22 13:54:39,42200.0,600.0,322672.0
56,2021-10-22 13:54:38,42300.0,500.0,322072.0
57,2021-10-22 13:54:08,42200.0,1000.0,321572.0
58,2021-10-22 13:53:49,42200.0,3400.0,320572.0
59,2021-10-22 13:52:36,42100.0,2000.0,317172.0
60,2021-10-22 13:52:24,42100.0,500.0,315172.0
61,2021-10-22 13:52:13,42200.0,1600.0,314672.0
62,2021-10-22 13:51:35,42200.0,900.0,313072.0
63,2021-10-22 13:51:18,42200.0,200.0,312172.0
64,2021-10-22 13:50:49,42200.0,200.0,311972.0
65,2021-10-22 13:49:28,42200.0,3700.0,311772.0
66,2021-10-22 13:48:35,42200.0,300.0,308072.0
67,2021-10-22 13:47:36,42200.0,200.0,307772.0
68,2021-10-22 13:46:38,42200.0,100.0,307572.0
69,2021-10-22 13:46:09,42200.0,2000.0,307472.0
70,2021-10-22 13:46:08,42100.0,100.0,305472.0
71,2021-10-22 13:42:39,42100.0,200.0,305372.0
72,2021-10-22 13:41:04,42100.0,4700.0,305172.0
73,2021-10-22 13:41:03,42100.0,300.0,300472.0
74,2021-10-22 13:41:01,42000.0,1100.0,300172.0
75,2021-10-22 13:41:00,42000.0,1000.0,299072.0
76,2021-10-22 13:40:31,42000.0,1000.0,298072.0
77,2021-10-22 13:40:20,42000.0,700.0,297072.0
78,2021-10-22 13:39:42,42000.0,20000.0,296372.0
79,2021-10-22 13:38:02,42100.0,100.0,276372.0
80,2021-10-22 13:37:59,42100.0,200.0,276272.0
81,2021-10-22 13:37:41,42100.0,2400.0,276072.0
82,2021-10-22 13:37:18,42300.0,400.0,273672.0
83,2021-10-22 13:37:00,42100.0,300.0,273272.0
84,2021-10-22 13:36:45,42100.0,12.0,272972.0
85,2021-10-22 13:32:18,42100.0,2000.0,272960.0
86,2021-10-22 13:32:09,42300.0,2000.0,270960.0
87,2021-10-22 13:32:05,42200.0,100.0,268960.0
88,2021-10-22 13:32:03,42200.0,900.0,268860.0
89,2021-10-22 13:28:04,42300.0,1400.0,267960.0
90,2021-10-22 13:27:38,42300.0,200.0,266560.0
91,2021-10-22 13:26:55,42300.0,1600.0,266360.0
92,2021-10-22 13:26:20,42300.0,5500.0,264760.0
93,2021-10-22 13:23:09,42300.0,100.0,259260.0
94,2021-10-22 13:21:54,42500.0,100.0,259160.0
95,2021-10-22 13:20:22,42500.0,2000.0,259060.0
96,2021-10-22 13:20:19,42300.0,1300.0,257060.0
97,2021-10-22 13:20:13,42400.0,4000.0,255760.0
98,2021-10-22 13:17:34,42500.0,1500.0,251760.0
99,2021-10-22 13:17:21,42500.0,500.0,250260.0
100,2021-10-22 13:17:16,42500.0,1000.0,249760.0
101,2021-10-22 13:16:43,42500.0,500.0,248760.0
102,2021-10-22 13:16:21,42500.0,500.0,248260.0
103,2021-10-22 13:16:20,42400.0,100.0,247760.0
104,2021-10-22 13:14:42,42400.0,200.0,247660.0
105,2021-10-22 13:13:28,42400.0,300.0,247460.0
106,2021-10-22 13:11:43,42500.0,1900.0,247160.0
107,2021-10-22 13:10:56,42500.0,200.0,245260.0
108,2021-10-22 13:10:35,42500.0,100.0,245060.0
109,2021-10-22 13:10:32,42500.0,2800.0,244960.0
110,2021-10-22 13:10:17,42400.0,100.0,242160.0
111,2021-10-22 13:09:06,42500.0,200.0,242060.0
112,2021-10-22 13:08:09,42400.0,100.0,241860.0
113,2021-10-22 13:07:03,42500.0,2300.0,241760.0
114,2021-10-22 13:06:39,42500.0,42.0,239460.0
115,2021-10-22 13:06:34,42500.0,700.0,239418.0
116,2021-10-22 13:06:00,42500.0,400.0,238718.0
117,2021-10-22 13:05:34,42500.0,2400.0,238318.0
118,2021-10-22 13:05:07,42400.0,600.0,235918.0
119,2021-10-22 13:04:12,42400.0,5000.0,235318.0
120,2021-10-22 13:03:20,42400.0,100.0,230318.0
121,2021-10-22 13:03:10,42400.0,500.0,230218.0
122,2021-10-22 13:03:07,42400.0,100.0,229718.0
123,2021-10-22 13:02:28,42300.0,300.0,229618.0
124,2021-10-22 13:02:04,42300.0,200.0,229318.0
125,2021-10-22 13:02:03,42400.0,100.0,229118.0
126,2021-10-22 13:01:12,42300.0,1200.0,229018.0
127,2021-10-22 13:00:22,42300.0,200.0,227818.0
128,2021-10-22 13:00:11,42200.0,200.0,227618.0
129,2021-10-22 13:00:06,42100.0,200.0,227418.0
130,2021-10-22 11:28:27,42100.0,100.0,227218.0
131,2021-10-22 11:26:57,42100.0,2000.0,227118.0
132,2021-10-22 11:26:00,42100.0,200.0,225118.0
133,2021-10-22 11:24:06,42200.0,500.0,224918.0
134,2021-10-22 11:23:39,42300.0,200.0,224418.0
135,2021-10-22 11:22:52,42300.0,8.0,224218.0
136,2021-10-22 11:20:08,42300.0,100.0,224210.0
137,2021-10-22 11:19:53,42300.0,19.0,224110.0
138,2021-10-22 11:18:49,42300.0,1.0,224091.0
139,2021-10-22 11:18:18,42300.0,50.0,224090.0
140,2021-10-22 11:16:25,42300.0,4.0,224040.0
141,2021-10-22 11:13:21,42300.0,700.0,224036.0
142,2021-10-22 11:12:32,42300.0,20.0,223336.0
143,2021-10-22 11:09:19,42300.0,800.0,223316.0
144,2021-10-22 11:08:32,42200.0,1000.0,222516.0
145,2021-10-22 11:08:13,42300.0,400.0,221516.0
146,2021-10-22 11:07:50,42300.0,500.0,221116.0
147,2021-10-22 11:07:06,42300.0,100.0,220616.0
148,2021-10-22 11:06:17,42200.0,500.0,220516.0
149,2021-10-22 11:05:51,42200.0,1000.0,220016.0
150,2021-10-22 11:05:39,42200.0,700.0,219016.0
151,2021-10-22 11:04:56,42200.0,500.0,218316.0
152,2021-10-22 11:03:35,42200.0,200.0,217816.0
153,2021-10-22 11:03:14,42300.0,1000.0,217616.0
154,2021-10-22 11:01:47,42200.0,200.0,216616.0
155,2021-10-22 11:01:04,42200.0,700.0,216416.0
156,2021-10-22 11:01:00,42200.0,1000.0,215716.0
157,2021-10-22 11:00:53,42200.0,500.0,214716.0
158,2021-10-22 11:00:42,42100.0,300.0,214216.0
159,2021-10-22 11:00:19,42100.0,100.0,213916.0
160,2021-10-22 10:59:27,42200.0,100.0,213816.0
161,2021-10-22 10:58:29,42200.0,7400.0,213716.0
162,2021-10-22 10:54:32,42200.0,100.0,206316.0
163,2021-10-22 10:52:13,42200.0,5000.0,206216.0
164,2021-10-22 10:52:04,42200.0,600.0,201216.0
165,2021-10-22 10:50:56,42000.0,400.0,200616.0
166,2021-10-22 10:50:45,42000.0,100.0,200216.0
167,2021-10-22 10:50:12,42000.0,100.0,200116.0
168,2021-10-22 10:50:09,42000.0,10.0,200016.0
169,2021-10-22 10:50:01,42000.0,4.0,200006.0
170,2021-10-22 10:49:59,42000.0,200.0,200002.0
171,2021-10-22 10:49:57,42000.0,3700.0,199802.0
172,2021-10-22 10:49:53,42200.0,99.0,196102.0
173,2021-10-22 10:49:34,42200.0,1900.0,196003.0
174,2021-10-22 10:49:25,42000.0,100.0,194103.0
175,2021-10-22 10:49:23,42000.0,49.0,194003.0
176,2021-10-22 10:49:16,42000.0,8.0,193954.0
177,2021-10-22 10:48:38,42000.0,91.0,193946.0
178,2021-10-22 10:48:23,42000.0,50.0,193855.0
179,2021-10-22 10:48:13,42000.0,300.0,193805.0
180,2021-10-22 10:47:28,42000.0,8000.0,193505.0
181,2021-10-22 10:46:13,42200.0,200.0,185505.0
182,2021-10-22 10:45:11,42200.0,11.0,185305.0
183,2021-10-22 10:44:31,42200.0,1500.0,185294.0
184,2021-10-22 10:44:25,42100.0,1000.0,183794.0
185,2021-10-22 10:43:45,42100.0,3000.0,182794.0
186,2021-10-22 10:43:38,42100.0,800.0,179794.0
187,2021-10-22 10:43:21,42100.0,700.0,178994.0
188,2021-10-22 10:42:12,42000.0,200.0,178294.0
189,2021-10-22 10:42:05,42000.0,100.0,178094.0
190,2021-10-22 10:41:29,42000.0,5000.0,177994.0
191,2021-10-22 10:41:04,41900.0,200.0,172994.0
192,2021-10-22 10:41:02,41900.0,1500.0,172794.0
193,2021-10-22 10:40:29,41900.0,2200.0,171294.0
194,2021-10-22 10:38:43,41800.0,9000.0,169094.0
195,2021-10-22 10:38:25,41600.0,400.0,160094.0
196,2021-10-22 10:36:43,41600.0,500.0,159694.0
197,2021-10-22 10:36:40,41600.0,1000.0,159194.0
198,2021-10-22 10:36:38,41600.0,400.0,158194.0
199,2021-10-22 10:36:23,41600.0,1000.0,157794.0
200,2021-10-22 10:35:50,41500.0,1800.0,156794.0
201,2021-10-22 10:35:32,41500.0,500.0,154994.0
202,2021-10-22 10:34:39,41400.0,1500.0,154494.0
203,2021-10-22 10:30:12,41300.0,100.0,152994.0
204,2021-10-22 10:29:34,41300.0,1000.0,152894.0
205,2021-10-22 10:29:33,41300.0,100.0,151894.0
206,2021-10-22 10:27:11,41300.0,500.0,151794.0
207,2021-10-22 10:27:04,41300.0,500.0,151294.0
208,2021-10-22 10:21:50,41300.0,2000.0,150794.0
209,2021-10-22 10:20:01,41400.0,200.0,148794.0
210,2021-10-22 10:19:32,41400.0,300.0,148594.0
211,2021-10-22 10:18:19,41500.0,20.0,148294.0
212,2021-10-22 10:16:48,41500.0,6000.0,148274.0
213,2021-10-22 10:16:39,41400.0,100.0,142274.0
214,2021-10-22 10:16:29,41400.0,100.0,142174.0
215,2021-10-22 10:15:44,41400.0,300.0,142074.0
216,2021-10-22 10:12:25,41300.0,500.0,141774.0
217,2021-10-22 10:10:53,41400.0,1600.0,141274.0
218,2021-10-22 10:10:45,41400.0,1500.0,139674.0
219,2021-10-22 10:08:55,41400.0,1000.0,138174.0
220,2021-10-22 10:08:27,41400.0,19.0,137174.0
221,2021-10-22 10:08:13,41400.0,400.0,137155.0
222,2021-10-22 10:07:07,41500.0,100.0,136755.0
223,2021-10-22 10:05:52,41500.0,500.0,136655.0
224,2021-10-22 10:05:44,41500.0,3500.0,136155.0
225,2021-10-22 10:05:28,41500.0,5000.0,132655.0
226,2021-10-22 10:04:41,41500.0,800.0,127655.0
227,2021-10-22 10:03:31,41500.0,400.0,126855.0
228,2021-10-22 10:03:22,41500.0,1200.0,126455.0
229,2021-10-22 10:02:55,41500.0,1000.0,125255.0
230,2021-10-22 10:02:40,41600.0,300.0,124255.0
231,2021-10-22 10:01:20,41500.0,9700.0,123955.0
232,2021-10-22 10:00:25,41400.0,200.0,114255.0
233,2021-10-22 10:00:09,41400.0,400.0,114055.0
234,2021-10-22 09:57:25,41400.0,100.0,113655.0
235,2021-10-22 09:57:09,41400.0,100.0,113555.0
236,2021-10-22 09:56:12,41500.0,200.0,113455.0
237,2021-10-22 09:55:37,41400.0,2900.0,113255.0
238,2021-10-22 09:55:17,41400.0,200.0,110355.0
239,2021-10-22 09:54:56,41400.0,200.0,110155.0
240,2021-10-22 09:54:32,41400.0,400.0,109955.0
241,2021-10-22 09:54:26,41400.0,1900.0,109555.0
242,2021-10-22 09:52:56,41400.0,3000.0,107655.0
243,2021-10-22 09:52:30,41300.0,100.0,104655.0
244,2021-10-22 09:52:23,41300.0,100.0,104555.0
245,2021-10-22 09:52:04,41300.0,200.0,104455.0
246,2021-10-22 09:51:53,41300.0,500.0,104255.0
247,2021-10-22 09:51:32,41300.0,300.0,103755.0
248,2021-10-22 09:50:52,41400.0,500.0,103455.0
249,2021-10-22 09:50:26,41400.0,100.0,102955.0
250,2021-10-22 09:50:00,41300.0,200.0,102855.0
251,2021-10-22 09:49:58,41300.0,100.0,102655.0
252,2021-10-22 09:49:51,41300.0,600.0,102555.0
253,2021-10-22 09:49:49,41300.0,100.0,101955.0
254,2021-10-22 09:49:30,41300.0,300.0,101855.0
255,2021-10-22 09:49:28,41300.0,100.0,101555.0
256,2021-10-22 09:49:26,41300.0,2000.0,101455.0
257,2021-10-22 09:49:15,41300.0,800.0,99455.0
258,2021-10-22 09:49:13,41300.0,3800.0,98655.0
259,2021-10-22 09:48:59,41300.0,4000.0,94855.0
260,2021-10-22 09:48:48,41300.0,500.0,90855.0
261,2021-10-22 09:48:29,41300.0,500.0,90355.0
262,2021-10-22 09:47:57,41300.0,500.0,89855.0
263,2021-10-22 09:47:47,41300.0,300.0,89355.0
264,2021-10-22 09:47:36,41300.0,500.0,89055.0
265,2021-10-22 09:47:10,41300.0,500.0,88555.0
266,2021-10-22 09:46:58,41300.0,1000.0,88055.0
267,2021-10-22 09:46:46,41300.0,300.0,87055.0
268,2021-10-22 09:46:25,41300.0,1000.0,86755.0
269,2021-10-22 09:45:39,41300.0,100.0,85755.0
270,2021-10-22 09:44:53,41300.0,2300.0,85655.0
271,2021-10-22 09:44:51,41300.0,200.0,83355.0
272,2021-10-22 09:44:38,41300.0,1500.0,83155.0
273,2021-10-22 09:44:31,41400.0,100.0,81655.0
274,2021-10-22 09:44:04,41400.0,300.0,81555.0
275,2021-10-22 09:43:26,41300.0,200.0,81255.0
276,2021-10-22 09:42:49,41300.0,8000.0,81055.0
277,2021-10-22 09:42:31,41200.0,600.0,73055.0
278,2021-10-22 09:39:59,41100.0,200.0,72455.0
279,2021-10-22 09:39:00,41200.0,44.0,72255.0
280,2021-10-22 09:37:24,41200.0,200.0,72211.0
281,2021-10-22 09:36:20,41200.0,500.0,72011.0
282,2021-10-22 09:35:39,41200.0,4000.0,71511.0
283,2021-10-22 09:35:26,41100.0,100.0,67511.0
284,2021-10-22 09:35:08,41100.0,2000.0,67411.0
285,2021-10-22 09:34:59,41100.0,300.0,65411.0
286,2021-10-22 09:34:04,41100.0,2000.0,65111.0
287,2021-10-22 09:33:57,41000.0,5000.0,63111.0
288,2021-10-22 09:33:50,41200.0,5000.0,58111.0
289,2021-10-22 09:33:44,41100.0,100.0,53111.0
290,2021-10-22 09:33:31,41100.0,1000.0,53011.0
291,2021-10-22 09:32:25,41100.0,2000.0,52011.0
292,2021-10-22 09:31:16,41100.0,100.0,50011.0
293,2021-10-22 09:30:30,41100.0,200.0,49911.0
294,2021-10-22 09:29:10,41200.0,100.0,49711.0
295,2021-10-22 09:28:49,41200.0,500.0,49611.0
296,2021-10-22 09:28:35,41100.0,300.0,49111.0
297,2021-10-22 09:27:12,41300.0,2500.0,48811.0
298,2021-10-22 09:26:57,41200.0,5000.0,46311.0
299,2021-10-22 09:26:07,41300.0,900.0,41311.0
300,2021-10-22 09:25:58,41300.0,300.0,40411.0
301,2021-10-22 09:25:52,41300.0,1000.0,40111.0
302,2021-10-22 09:25:49,41300.0,100.0,39111.0
303,2021-10-22 09:25:42,41300.0,200.0,39011.0
304,2021-10-22 09:25:40,41300.0,1.0,38811.0
305,2021-10-22 09:24:32,41300.0,2200.0,38810.0
306,2021-10-22 09:23:14,41200.0,4900.0,36610.0
307,2021-10-22 09:22:55,41200.0,200.0,31710.0
308,2021-10-22 09:22:32,41000.0,100.0,31510.0
309,2021-10-22 09:20:04,41000.0,400.0,31410.0
310,2021-10-22 09:19:49,41000.0,100.0,31010.0
311,2021-10-22 09:19:08,41000.0,300.0,30910.0
312,2021-10-22 09:18:51,41000.0,1000.0,30610.0
313,2021-10-22 09:18:37,41000.0,100.0,29610.0
314,2021-10-22 09:18:15,41000.0,100.0,29510.0
315,2021-10-22 09:18:08,41000.0,100.0,29410.0
316,2021-10-22 09:17:45,41000.0,500.0,29310.0
317,2021-10-22 09:17:37,41000.0,300.0,28810.0
318,2021-10-22 09:17:26,41000.0,700.0,28510.0
319,2021-10-22 09:17:23,41200.0,100.0,27810.0
320,2021-10-22 09:17:21,41000.0,5000.0,27710.0
321,2021-10-22 09:17:10,41200.0,2400.0,22710.0
322,2021-10-22 09:16:14,41300.0,500.0,20310.0
323,2021-10-22 09:16:03,41300.0,300.0,19810.0
324,2021-10-22 09:15:59,41300.0,500.0,19510.0
325,2021-10-22 09:15:52,41300.0,300.0,19010.0
326,2021-10-22 09:15:22,41300.0,200.0,18710.0
327,2021-10-22 09:13:51,41300.0,10.0,18510.0
328,2021-10-22 09:13:34,41300.0,200.0,18500.0
329,2021-10-22 09:13:25,41300.0,1000.0,18300.0
330,2021-10-22 09:13:11,41300.0,100.0,17300.0
331,2021-10-22 09:13:00,41200.0,200.0,17200.0
332,2021-10-22 09:12:43,41200.0,1800.0,17000.0
333,2021-10-22 09:12:35,41200.0,600.0,15200.0
334,2021-10-22 09:12:20,41200.0,200.0,14600.0
335,2021-10-22 09:11:49,41100.0,200.0,14400.0
336,2021-10-22 09:11:04,41000.0,800.0,14200.0
337,2021-10-22 09:10:36,41000.0,5000.0,13400.0
338,2021-10-22 09:10:14,40900.0,200.0,8400.0
339,2021-10-22 09:09:56,40800.0,900.0,8200.0
340,2021-10-22 09:09:31,40900.0,200.0,7300.0
341,2021-10-22 09:08:36,40900.0,200.0,7100.0
342,2021-10-22 09:07:51,40900.0,100.0,6900.0
343,2021-10-22 09:07:25,40900.0,200.0,6800.0
344,2021-10-22 09:07:02,40900.0,100.0,6600.0
345,2021-10-22 09:05:49,40900.0,2000.0,6500.0
346,2021-10-22 09:05:15,40600.0,2100.0,4500.0
347,2021-10-22 09:04:11,40500.0,1200.0,2400.0
348,2021-10-22 09:03:56,40500.0,1000.0,1200.0
349,2021-10-22 09:03:42,40400.0,100.0,200.0
350,2021-10-22 09:00:54,40400.0,100.0,100.0
