,Time,Price,Volume_per_trade,Volume
0,2021-10-13 07:45:01,30000.0,200.0,220000.0
1,2021-10-13 07:45:01,30000.0,100.0,219800.0
2,2021-10-13 07:45:01,30000.0,100.0,219700.0
3,2021-10-13 07:45:01,30000.0,200.0,219600.0
4,2021-10-13 07:45:01,30000.0,400.0,219400.0
5,2021-10-13 07:45:01,30000.0,1900.0,219000.0
6,2021-10-13 07:45:01,30000.0,200.0,217100.0
7,2021-10-13 07:45:01,30000.0,400.0,216900.0
8,2021-10-13 07:45:01,30000.0,1400.0,216500.0
9,2021-10-13 07:45:01,30000.0,100.0,215100.0
10,2021-10-13 07:45:01,30000.0,300.0,215000.0
11,2021-10-13 07:45:01,30000.0,200.0,214700.0
12,2021-10-13 07:45:01,30000.0,400.0,214500.0
13,2021-10-13 07:45:01,30000.0,600.0,214100.0
14,2021-10-13 07:45:01,30000.0,400.0,213500.0
15,2021-10-13 07:45:01,30000.0,300.0,213100.0
16,2021-10-13 07:45:01,30000.0,500.0,212800.0
17,2021-10-13 07:45:01,30000.0,100.0,212300.0
18,2021-10-13 07:45:01,30000.0,500.0,212200.0
19,2021-10-13 07:29:30,30200.0,200.0,211700.0
20,2021-10-13 07:26:03,30200.0,100.0,211500.0
21,2021-10-13 07:25:02,30100.0,100.0,211400.0
22,2021-10-13 07:24:21,30100.0,200.0,211300.0
23,2021-10-13 07:24:21,30100.0,300.0,211100.0
24,2021-10-13 07:24:21,30100.0,200.0,210800.0
25,2021-10-13 07:24:21,30100.0,500.0,210600.0
26,2021-10-13 07:24:21,30100.0,800.0,210100.0
27,2021-10-13 07:23:48,30100.0,200.0,209300.0
28,2021-10-13 07:22:47,30100.0,100.0,209100.0
29,2021-10-13 07:22:47,30100.0,100.0,209000.0
30,2021-10-13 07:22:47,30100.0,200.0,208900.0
31,2021-10-13 07:22:46,30050.0,100.0,208700.0
32,2021-10-13 07:22:15,30100.0,100.0,208600.0
33,2021-10-13 07:21:32,30100.0,1000.0,208500.0
34,2021-10-13 07:21:04,30050.0,200.0,207500.0
35,2021-10-13 07:21:04,30050.0,500.0,207300.0
36,2021-10-13 07:21:04,30050.0,500.0,206800.0
37,2021-10-13 07:21:04,30050.0,200.0,206300.0
38,2021-10-13 07:21:04,30100.0,1000.0,206100.0
39,2021-10-13 07:21:04,30100.0,100.0,205100.0
40,2021-10-13 07:18:23,30050.0,700.0,205000.0
41,2021-10-13 07:18:23,30100.0,500.0,204300.0
42,2021-10-13 07:18:23,30100.0,500.0,203800.0
43,2021-10-13 07:18:23,30100.0,100.0,203300.0
44,2021-10-13 07:18:23,30250.0,300.0,203200.0
45,2021-10-13 07:18:23,30250.0,400.0,202900.0
46,2021-10-13 07:18:08,30250.0,100.0,202500.0
47,2021-10-13 07:14:05,30250.0,500.0,202400.0
48,2021-10-13 07:14:05,30250.0,500.0,201900.0
49,2021-10-13 07:11:15,30300.0,200.0,201400.0
50,2021-10-13 07:11:15,30300.0,100.0,201200.0
51,2021-10-13 07:09:29,30250.0,400.0,201100.0
52,2021-10-13 07:08:41,30250.0,100.0,200700.0
53,2021-10-13 07:08:33,30050.0,3200.0,200600.0
54,2021-10-13 07:08:33,30050.0,200.0,197400.0
55,2021-10-13 07:08:33,30050.0,500.0,197200.0
56,2021-10-13 07:08:33,30050.0,1000.0,196700.0
57,2021-10-13 07:08:33,30050.0,1800.0,195700.0
58,2021-10-13 07:08:33,30050.0,100.0,193900.0
59,2021-10-13 07:08:33,30050.0,600.0,193800.0
60,2021-10-13 07:08:33,30100.0,500.0,193200.0
61,2021-10-13 07:08:33,30100.0,100.0,192700.0
62,2021-10-13 07:08:33,30100.0,1000.0,192600.0
63,2021-10-13 07:08:33,30100.0,2000.0,191600.0
64,2021-10-13 07:08:33,30100.0,100.0,189600.0
65,2021-10-13 07:08:33,30100.0,100.0,189500.0
66,2021-10-13 07:08:33,30100.0,100.0,189400.0
67,2021-10-13 07:08:33,30100.0,200.0,189300.0
68,2021-10-13 07:08:33,30100.0,100.0,189100.0
69,2021-10-13 07:08:33,30150.0,500.0,189000.0
70,2021-10-13 07:08:33,30150.0,200.0,188500.0
71,2021-10-13 07:08:33,30150.0,100.0,188300.0
72,2021-10-13 07:08:33,30150.0,200.0,188200.0
73,2021-10-13 07:08:33,30150.0,600.0,188000.0
74,2021-10-13 07:08:33,30200.0,500.0,187400.0
75,2021-10-13 07:08:33,30200.0,200.0,186900.0
76,2021-10-13 07:08:33,30200.0,200.0,186700.0
77,2021-10-13 07:08:33,30200.0,600.0,186500.0
78,2021-10-13 07:08:20,30250.0,400.0,185900.0
79,2021-10-13 07:08:07,30250.0,500.0,185500.0
80,2021-10-13 07:04:58,30250.0,500.0,185000.0
81,2021-10-13 07:04:58,30250.0,100.0,184500.0
82,2021-10-13 07:04:46,30250.0,1000.0,184400.0
83,2021-10-13 06:58:54,30250.0,500.0,183400.0
84,2021-10-13 06:58:31,30300.0,100.0,182900.0
85,2021-10-13 06:56:56,30250.0,300.0,182800.0
86,2021-10-13 06:56:56,30250.0,100.0,182500.0
87,2021-10-13 06:56:37,30250.0,100.0,182400.0
88,2021-10-13 06:55:18,30250.0,400.0,182300.0
89,2021-10-13 06:55:18,30250.0,100.0,181900.0
90,2021-10-13 06:54:19,30250.0,500.0,181800.0
91,2021-10-13 06:50:31,30250.0,100.0,181300.0
92,2021-10-13 06:49:50,30200.0,200.0,181200.0
93,2021-10-13 06:49:50,30200.0,200.0,181000.0
94,2021-10-13 06:49:28,30200.0,2800.0,180800.0
95,2021-10-13 06:49:28,30200.0,2200.0,178000.0
96,2021-10-13 06:48:16,30200.0,700.0,175800.0
97,2021-10-13 06:47:17,30200.0,100.0,175100.0
98,2021-10-13 06:46:46,30200.0,1000.0,175000.0
99,2021-10-13 06:43:44,30200.0,1000.0,174000.0
100,2021-10-13 06:42:53,30200.0,1000.0,173000.0
101,2021-10-13 06:42:22,30200.0,500.0,172000.0
102,2021-10-13 06:39:00,30100.0,300.0,171500.0
103,2021-10-13 06:37:59,30100.0,2700.0,171200.0
104,2021-10-13 06:37:59,30100.0,2300.0,168500.0
105,2021-10-13 06:37:50,30100.0,500.0,166200.0
106,2021-10-13 06:37:20,30100.0,1000.0,165700.0
107,2021-10-13 06:36:26,30100.0,200.0,164700.0
108,2021-10-13 06:36:20,30100.0,300.0,164500.0
109,2021-10-13 06:35:55,30100.0,100.0,164200.0
110,2021-10-13 06:35:55,30100.0,400.0,164100.0
111,2021-10-13 06:35:26,30100.0,100.0,163700.0
112,2021-10-13 06:35:20,30100.0,500.0,163600.0
113,2021-10-13 06:34:33,30100.0,200.0,163100.0
114,2021-10-13 06:34:33,30100.0,500.0,162900.0
115,2021-10-13 06:32:51,30100.0,100.0,162400.0
116,2021-10-13 06:32:51,30100.0,500.0,162300.0
117,2021-10-13 06:32:51,30100.0,500.0,161800.0
118,2021-10-13 06:32:51,30100.0,100.0,161300.0
119,2021-10-13 06:32:51,30100.0,100.0,161200.0
120,2021-10-13 06:32:51,30100.0,400.0,161100.0
121,2021-10-13 06:32:51,30100.0,200.0,160700.0
122,2021-10-13 06:30:58,30100.0,300.0,160500.0
123,2021-10-13 06:30:58,30100.0,300.0,160200.0
124,2021-10-13 06:30:51,30200.0,200.0,159900.0
125,2021-10-13 06:28:18,30100.0,200.0,159700.0
126,2021-10-13 06:28:18,30200.0,1500.0,159500.0
127,2021-10-13 06:28:18,30200.0,200.0,158000.0
128,2021-10-13 06:27:37,30250.0,2000.0,157800.0
129,2021-10-13 06:27:10,30250.0,2000.0,155800.0
130,2021-10-13 06:25:40,30250.0,100.0,153800.0
131,2021-10-13 06:25:20,30200.0,100.0,153700.0
132,2021-10-13 06:25:20,30200.0,900.0,153600.0
133,2021-10-13 06:18:44,30250.0,200.0,152700.0
134,2021-10-13 06:17:25,30150.0,100.0,152500.0
135,2021-10-13 06:17:13,30150.0,400.0,152400.0
136,2021-10-13 06:17:13,30200.0,200.0,152000.0
137,2021-10-13 06:17:13,30200.0,1500.0,151800.0
138,2021-10-13 06:17:13,30200.0,200.0,150300.0
139,2021-10-13 06:15:25,30200.0,2300.0,150100.0
140,2021-10-13 06:15:25,30250.0,200.0,147800.0
141,2021-10-13 06:14:55,30250.0,500.0,147600.0
142,2021-10-13 06:10:49,30200.0,500.0,147100.0
143,2021-10-13 06:10:49,30200.0,100.0,146600.0
144,2021-10-13 06:10:49,30200.0,200.0,146500.0
145,2021-10-13 06:07:17,30300.0,300.0,146300.0
146,2021-10-13 06:07:17,30300.0,100.0,146000.0
147,2021-10-13 06:05:09,30200.0,500.0,145900.0
148,2021-10-13 06:05:02,30200.0,200.0,145400.0
149,2021-10-13 06:04:57,30200.0,100.0,145200.0
150,2021-10-13 06:04:57,30200.0,400.0,145100.0
151,2021-10-13 06:04:31,30250.0,400.0,144700.0
152,2021-10-13 06:04:31,30250.0,100.0,144300.0
153,2021-10-13 06:04:13,30250.0,100.0,144200.0
154,2021-10-13 06:00:01,30200.0,100.0,144100.0
155,2021-10-13 04:29:43,30200.0,100.0,144000.0
156,2021-10-13 04:24:01,30200.0,100.0,143900.0
157,2021-10-13 04:24:01,30200.0,300.0,143800.0
158,2021-10-13 04:23:39,30500.0,100.0,143500.0
159,2021-10-13 04:23:05,30500.0,1800.0,143400.0
160,2021-10-13 04:23:05,30500.0,100.0,141600.0
161,2021-10-13 04:20:33,30200.0,700.0,141500.0
162,2021-10-13 04:20:33,30200.0,100.0,140800.0
163,2021-10-13 04:20:33,30200.0,200.0,140700.0
164,2021-10-13 04:19:50,30300.0,500.0,140500.0
165,2021-10-13 04:17:17,30300.0,500.0,140000.0
166,2021-10-13 04:15:42,30300.0,100.0,139500.0
167,2021-10-13 04:15:42,30300.0,1000.0,139400.0
168,2021-10-13 04:15:42,30300.0,300.0,138400.0
169,2021-10-13 04:15:22,30450.0,200.0,138100.0
170,2021-10-13 04:15:22,30450.0,400.0,137900.0
171,2021-10-13 04:11:38,30500.0,200.0,137500.0
172,2021-10-13 04:05:37,30450.0,2600.0,137300.0
173,2021-10-13 04:05:37,30450.0,400.0,134700.0
174,2021-10-13 03:57:51,30500.0,200.0,134300.0
175,2021-10-13 03:56:21,30600.0,200.0,134100.0
176,2021-10-13 03:56:17,30600.0,200.0,133900.0
177,2021-10-13 03:56:17,30600.0,300.0,133700.0
178,2021-10-13 03:54:54,30600.0,100.0,133400.0
179,2021-10-13 03:54:12,30600.0,200.0,133300.0
180,2021-10-13 03:54:12,30600.0,100.0,133100.0
181,2021-10-13 03:54:12,30600.0,100.0,133000.0
182,2021-10-13 03:53:49,30600.0,200.0,132900.0
183,2021-10-13 03:53:49,30600.0,200.0,132700.0
184,2021-10-13 03:52:42,30500.0,300.0,132500.0
185,2021-10-13 03:45:32,30500.0,200.0,132200.0
186,2021-10-13 03:42:30,30500.0,200.0,132000.0
187,2021-10-13 03:42:20,30500.0,1000.0,131800.0
188,2021-10-13 03:42:20,30500.0,800.0,130800.0
189,2021-10-13 03:42:20,30450.0,200.0,130000.0
190,2021-10-13 03:41:25,30450.0,300.0,129800.0
191,2021-10-13 03:39:10,30450.0,500.0,129500.0
192,2021-10-13 03:39:10,30450.0,100.0,129000.0
193,2021-10-13 03:36:03,30300.0,5200.0,128900.0
194,2021-10-13 03:30:11,30300.0,2000.0,123700.0
195,2021-10-13 03:29:34,30300.0,900.0,121700.0
196,2021-10-13 03:29:33,30300.0,1000.0,120800.0
197,2021-10-13 03:29:33,30300.0,200.0,119800.0
198,2021-10-13 03:29:33,30300.0,700.0,119600.0
199,2021-10-13 03:26:38,30300.0,300.0,118900.0
200,2021-10-13 03:26:07,30400.0,400.0,118600.0
201,2021-10-13 03:26:07,30400.0,100.0,118200.0
202,2021-10-13 03:26:07,30400.0,100.0,118100.0
203,2021-10-13 03:26:07,30400.0,100.0,118000.0
204,2021-10-13 03:24:19,30450.0,500.0,117900.0
205,2021-10-13 03:24:19,30450.0,500.0,117400.0
206,2021-10-13 03:24:17,30500.0,500.0,116900.0
207,2021-10-13 03:23:34,30450.0,300.0,116400.0
208,2021-10-13 03:22:47,30450.0,1700.0,116100.0
209,2021-10-13 03:20:37,30450.0,500.0,114400.0
210,2021-10-13 03:20:19,30450.0,2000.0,113900.0
211,2021-10-13 03:17:08,30400.0,100.0,111900.0
212,2021-10-13 03:17:08,30400.0,100.0,111800.0
213,2021-10-13 03:14:29,30400.0,800.0,111700.0
214,2021-10-13 03:11:53,30400.0,100.0,110900.0
215,2021-10-13 03:10:45,30400.0,200.0,110800.0
216,2021-10-13 03:10:30,30500.0,200.0,110600.0
217,2021-10-13 03:09:36,30500.0,300.0,110400.0
218,2021-10-13 03:09:06,30500.0,100.0,110100.0
219,2021-10-13 03:09:06,30500.0,800.0,110000.0
220,2021-10-13 03:09:06,30500.0,1900.0,109200.0
221,2021-10-13 03:09:06,30500.0,200.0,107300.0
222,2021-10-13 03:05:20,30600.0,200.0,107100.0
223,2021-10-13 03:03:56,30600.0,1700.0,106900.0
224,2021-10-13 03:02:48,30600.0,1000.0,105200.0
225,2021-10-13 03:02:48,30600.0,300.0,104200.0
226,2021-10-13 03:02:42,30600.0,200.0,103900.0
227,2021-10-13 03:00:37,30500.0,200.0,103700.0
228,2021-10-13 03:00:19,30500.0,100.0,103500.0
229,2021-10-13 03:00:19,30500.0,200.0,103400.0
230,2021-10-13 02:59:58,30500.0,100.0,103200.0
231,2021-10-13 02:58:09,30500.0,2500.0,103100.0
232,2021-10-13 02:58:00,30500.0,100.0,100600.0
233,2021-10-13 02:57:44,30500.0,1000.0,100500.0
234,2021-10-13 02:56:14,30500.0,200.0,99500.0
235,2021-10-13 02:55:18,30500.0,19600.0,99300.0
236,2021-10-13 02:55:18,30600.0,300.0,79700.0
237,2021-10-13 02:55:18,30600.0,100.0,79400.0
238,2021-10-13 02:54:55,30600.0,400.0,79300.0
239,2021-10-13 02:53:11,30700.0,100.0,78900.0
240,2021-10-13 02:51:53,30700.0,200.0,78800.0
241,2021-10-13 02:51:30,30600.0,500.0,78600.0
242,2021-10-13 02:48:33,30500.0,400.0,78100.0
243,2021-10-13 02:46:04,30500.0,200.0,77700.0
244,2021-10-13 02:46:04,30400.0,500.0,77500.0
245,2021-10-13 02:46:04,30350.0,3000.0,77000.0
246,2021-10-13 02:46:04,30300.0,100.0,74000.0
247,2021-10-13 02:46:04,30200.0,500.0,73900.0
248,2021-10-13 02:46:04,30200.0,100.0,73400.0
249,2021-10-13 02:46:04,30200.0,600.0,73300.0
250,2021-10-13 02:46:04,30200.0,5000.0,72700.0
251,2021-10-13 02:46:04,30200.0,200.0,67700.0
252,2021-10-13 02:46:04,30100.0,1700.0,67500.0
253,2021-10-13 02:45:36,30050.0,400.0,65800.0
254,2021-10-13 02:45:36,30050.0,300.0,65400.0
255,2021-10-13 02:45:23,30100.0,200.0,65100.0
256,2021-10-13 02:45:08,30100.0,100.0,64900.0
257,2021-10-13 02:44:41,30100.0,1000.0,64800.0
258,2021-10-13 02:43:38,30100.0,1000.0,63800.0
259,2021-10-13 02:43:28,30100.0,1000.0,62800.0
260,2021-10-13 02:43:28,30100.0,1000.0,61800.0
261,2021-10-13 02:43:28,30050.0,100.0,60800.0
262,2021-10-13 02:43:28,30050.0,100.0,60700.0
263,2021-10-13 02:43:27,30050.0,400.0,60600.0
264,2021-10-13 02:42:04,30050.0,100.0,60200.0
265,2021-10-13 02:41:19,30050.0,400.0,60100.0
266,2021-10-13 02:41:19,30050.0,700.0,59700.0
267,2021-10-13 02:41:19,30050.0,200.0,59000.0
268,2021-10-13 02:41:19,30050.0,100.0,58800.0
269,2021-10-13 02:41:19,30050.0,100.0,58700.0
270,2021-10-13 02:41:19,30050.0,500.0,58600.0
271,2021-10-13 02:41:19,30050.0,500.0,58100.0
272,2021-10-13 02:40:44,30050.0,100.0,57600.0
273,2021-10-13 02:40:44,30050.0,100.0,57500.0
274,2021-10-13 02:40:44,30050.0,700.0,57400.0
275,2021-10-13 02:40:04,30200.0,100.0,56700.0
276,2021-10-13 02:39:19,30050.0,200.0,56600.0
277,2021-10-13 02:39:06,30050.0,100.0,56400.0
278,2021-10-13 02:39:06,30050.0,200.0,56300.0
279,2021-10-13 02:39:00,30050.0,100.0,56100.0
280,2021-10-13 02:39:00,30050.0,200.0,56000.0
281,2021-10-13 02:38:42,30050.0,500.0,55800.0
282,2021-10-13 02:38:42,30100.0,200.0,55300.0
283,2021-10-13 02:38:37,30100.0,100.0,55100.0
284,2021-10-13 02:38:37,30100.0,500.0,55000.0
285,2021-10-13 02:38:07,30050.0,300.0,54500.0
286,2021-10-13 02:38:03,30000.0,300.0,54200.0
287,2021-10-13 02:38:02,30050.0,1000.0,53900.0
288,2021-10-13 02:38:02,30050.0,1000.0,52900.0
289,2021-10-13 02:38:02,30050.0,100.0,51900.0
290,2021-10-13 02:37:42,30050.0,100.0,51800.0
291,2021-10-13 02:37:10,30050.0,200.0,51700.0
292,2021-10-13 02:36:58,30100.0,100.0,51500.0
293,2021-10-13 02:36:58,30100.0,400.0,51400.0
294,2021-10-13 02:36:11,30100.0,100.0,51000.0
295,2021-10-13 02:34:48,30050.0,100.0,50900.0
296,2021-10-13 02:34:48,30050.0,200.0,50800.0
297,2021-10-13 02:33:36,30050.0,800.0,50600.0
298,2021-10-13 02:33:36,30050.0,200.0,49800.0
299,2021-10-13 02:33:23,30050.0,100.0,49600.0
300,2021-10-13 02:33:15,30050.0,100.0,49500.0
301,2021-10-13 02:33:15,30050.0,1000.0,49400.0
302,2021-10-13 02:33:15,30050.0,100.0,48400.0
303,2021-10-13 02:33:15,30050.0,200.0,48300.0
304,2021-10-13 02:33:15,30050.0,100.0,48100.0
305,2021-10-13 02:33:02,30050.0,500.0,48000.0
306,2021-10-13 02:31:48,30050.0,400.0,47500.0
307,2021-10-13 02:31:38,30050.0,100.0,47100.0
308,2021-10-13 02:30:43,30000.0,500.0,47000.0
309,2021-10-13 02:30:43,30050.0,100.0,46500.0
310,2021-10-13 02:30:43,30050.0,500.0,46400.0
311,2021-10-13 02:30:43,30050.0,500.0,45900.0
312,2021-10-13 02:30:12,30050.0,600.0,45400.0
313,2021-10-13 02:30:02,30050.0,100.0,44800.0
314,2021-10-13 02:29:55,30050.0,200.0,44700.0
315,2021-10-13 02:29:54,30050.0,500.0,44500.0
316,2021-10-13 02:29:31,30050.0,500.0,44000.0
317,2021-10-13 02:29:31,30050.0,1000.0,43500.0
318,2021-10-13 02:29:31,30050.0,700.0,42500.0
319,2021-10-13 02:29:31,30100.0,400.0,41800.0
320,2021-10-13 02:29:24,30100.0,100.0,41400.0
321,2021-10-13 02:29:24,30100.0,900.0,41300.0
322,2021-10-13 02:29:23,30100.0,100.0,40400.0
323,2021-10-13 02:29:21,30050.0,300.0,40300.0
324,2021-10-13 02:29:21,30050.0,400.0,40000.0
325,2021-10-13 02:29:21,30050.0,200.0,39600.0
326,2021-10-13 02:27:44,30050.0,100.0,39400.0
327,2021-10-13 02:27:10,30000.0,2400.0,39300.0
328,2021-10-13 02:27:10,30100.0,100.0,36900.0
329,2021-10-13 02:26:44,30100.0,200.0,36800.0
330,2021-10-13 02:26:30,30000.0,300.0,36600.0
331,2021-10-13 02:26:06,30000.0,100.0,36300.0
332,2021-10-13 02:26:06,30000.0,200.0,36200.0
333,2021-10-13 02:26:06,30000.0,500.0,36000.0
334,2021-10-13 02:26:06,30000.0,200.0,35500.0
335,2021-10-13 02:26:06,30000.0,100.0,35300.0
336,2021-10-13 02:26:06,30000.0,300.0,35200.0
337,2021-10-13 02:26:06,30000.0,200.0,34900.0
338,2021-10-13 02:26:06,30000.0,100.0,34700.0
339,2021-10-13 02:26:06,30000.0,200.0,34600.0
340,2021-10-13 02:26:06,30000.0,100.0,34400.0
341,2021-10-13 02:25:54,30100.0,100.0,34300.0
342,2021-10-13 02:25:46,30100.0,600.0,34200.0
343,2021-10-13 02:25:46,30100.0,200.0,33600.0
344,2021-10-13 02:25:46,30100.0,100.0,33400.0
345,2021-10-13 02:25:46,30100.0,100.0,33300.0
346,2021-10-13 02:25:46,30100.0,100.0,33200.0
347,2021-10-13 02:25:05,30100.0,900.0,33100.0
348,2021-10-13 02:25:05,30100.0,500.0,32200.0
349,2021-10-13 02:25:05,30100.0,200.0,31700.0
350,2021-10-13 02:24:56,30100.0,100.0,31500.0
351,2021-10-13 02:24:56,30100.0,400.0,31400.0
352,2021-10-13 02:24:56,30100.0,2500.0,31000.0
353,2021-10-13 02:24:43,30100.0,2700.0,28500.0
354,2021-10-13 02:24:43,30150.0,100.0,25800.0
355,2021-10-13 02:24:43,30250.0,100.0,25700.0
356,2021-10-13 02:24:43,30250.0,100.0,25600.0
357,2021-10-13 02:24:01,30250.0,100.0,25500.0
358,2021-10-13 02:23:54,30300.0,100.0,25400.0
359,2021-10-13 02:23:41,30250.0,100.0,25300.0
360,2021-10-13 02:23:41,30250.0,2100.0,25200.0
361,2021-10-13 02:23:34,30250.0,200.0,23100.0
362,2021-10-13 02:23:08,30250.0,1700.0,22900.0
363,2021-10-13 02:23:06,30300.0,400.0,21200.0
364,2021-10-13 02:22:54,30300.0,100.0,20800.0
365,2021-10-13 02:22:53,30250.0,100.0,20700.0
366,2021-10-13 02:22:41,30250.0,400.0,20600.0
367,2021-10-13 02:22:38,30100.0,2800.0,20200.0
368,2021-10-13 02:22:38,30200.0,100.0,17400.0
369,2021-10-13 02:21:56,30300.0,200.0,17300.0
370,2021-10-13 02:21:42,30300.0,100.0,17100.0
371,2021-10-13 02:21:35,30300.0,100.0,17000.0
372,2021-10-13 02:21:35,30300.0,100.0,16900.0
373,2021-10-13 02:21:15,30400.0,100.0,16800.0
374,2021-10-13 02:21:02,30500.0,100.0,16700.0
375,2021-10-13 02:21:00,30500.0,100.0,16600.0
376,2021-10-13 02:21:00,30500.0,100.0,16500.0
377,2021-10-13 02:20:53,30500.0,900.0,16400.0
378,2021-10-13 02:20:53,30500.0,200.0,15500.0
379,2021-10-13 02:20:53,30500.0,900.0,15300.0
380,2021-10-13 02:20:49,30500.0,100.0,14400.0
381,2021-10-13 02:20:49,30500.0,100.0,14300.0
382,2021-10-13 02:20:41,30500.0,100.0,14200.0
383,2021-10-13 02:20:41,30500.0,200.0,14100.0
384,2021-10-13 02:20:41,30500.0,200.0,13900.0
385,2021-10-13 02:20:38,30500.0,500.0,13700.0
386,2021-10-13 02:20:26,30500.0,300.0,13200.0
387,2021-10-13 02:20:26,30500.0,1000.0,12900.0
388,2021-10-13 02:20:20,30550.0,100.0,11900.0
389,2021-10-13 02:20:08,30550.0,100.0,11800.0
390,2021-10-13 02:20:01,30550.0,100.0,11700.0
391,2021-10-13 02:20:01,30550.0,100.0,11600.0
392,2021-10-13 02:20:01,30550.0,300.0,11500.0
393,2021-10-13 02:20:01,30550.0,800.0,11200.0
394,2021-10-13 02:20:01,30550.0,200.0,10400.0
395,2021-10-13 02:19:29,30600.0,500.0,10200.0
396,2021-10-13 02:19:29,30600.0,100.0,9700.0
397,2021-10-13 02:19:29,30600.0,100.0,9600.0
398,2021-10-13 02:19:20,30700.0,100.0,9500.0
399,2021-10-13 02:18:29,30700.0,200.0,9400.0
400,2021-10-13 02:18:29,30700.0,200.0,9200.0
401,2021-10-13 02:18:29,30700.0,100.0,9000.0
402,2021-10-13 02:16:50,30700.0,100.0,8900.0
403,2021-10-13 02:16:33,30700.0,100.0,8800.0
404,2021-10-13 02:16:24,30700.0,200.0,8700.0
405,2021-10-13 02:15:48,30700.0,100.0,8500.0
406,2021-10-13 02:15:29,30600.0,100.0,8400.0
407,2021-10-13 02:15:26,30550.0,2000.0,8300.0
408,2021-10-13 02:15:01,30550.0,2300.0,6300.0
409,2021-10-13 02:15:01,30550.0,200.0,4000.0
410,2021-10-13 02:15:01,30550.0,100.0,3800.0
411,2021-10-13 02:15:01,30550.0,500.0,3700.0
412,2021-10-13 02:15:01,30550.0,300.0,3200.0
413,2021-10-13 02:15:01,30550.0,400.0,2900.0
414,2021-10-13 02:15:01,30550.0,500.0,2500.0
415,2021-10-13 02:15:01,30550.0,800.0,2000.0
416,2021-10-13 02:15:01,30550.0,500.0,1200.0
417,2021-10-13 02:15:01,30550.0,400.0,700.0
418,2021-10-13 02:15:01,30550.0,300.0,300.0
