,Time,Price,Volume_per_trade,Volume
0,2021-10-06 07:45:01,40500.0,100.0,612500.0
1,2021-10-06 07:45:01,40500.0,2000.0,612400.0
2,2021-10-06 07:45:01,40500.0,1800.0,610400.0
3,2021-10-06 07:45:01,40500.0,400.0,608600.0
4,2021-10-06 07:45:01,40500.0,100.0,608200.0
5,2021-10-06 07:45:01,40500.0,500.0,608100.0
6,2021-10-06 07:45:01,40500.0,200.0,607600.0
7,2021-10-06 07:45:01,40500.0,800.0,607400.0
8,2021-10-06 07:45:01,40500.0,1000.0,606600.0
9,2021-10-06 07:45:01,40500.0,300.0,605600.0
10,2021-10-06 07:45:01,40500.0,2000.0,605300.0
11,2021-10-06 07:45:01,40500.0,200.0,603300.0
12,2021-10-06 07:45:01,40500.0,500.0,603100.0
13,2021-10-06 07:45:01,40500.0,100.0,602600.0
14,2021-10-06 07:45:01,40500.0,500.0,602500.0
15,2021-10-06 07:45:01,40500.0,600.0,602000.0
16,2021-10-06 07:45:01,40500.0,2900.0,601400.0
17,2021-10-06 07:45:01,40500.0,200.0,598500.0
18,2021-10-06 07:45:01,40500.0,400.0,598300.0
19,2021-10-06 07:45:01,40500.0,1200.0,597900.0
20,2021-10-06 07:45:01,40500.0,200.0,596700.0
21,2021-10-06 07:45:01,40500.0,100.0,596500.0
22,2021-10-06 07:45:01,40500.0,5000.0,596400.0
23,2021-10-06 07:27:54,40550.0,5000.0,591400.0
24,2021-10-06 07:27:33,40600.0,2000.0,586400.0
25,2021-10-06 07:26:53,40550.0,1500.0,584400.0
26,2021-10-06 07:26:28,40550.0,1300.0,582900.0
27,2021-10-06 07:25:08,40550.0,2000.0,581600.0
28,2021-10-06 07:25:08,40550.0,200.0,579600.0
29,2021-10-06 07:23:47,40550.0,100.0,579400.0
30,2021-10-06 07:23:25,40550.0,500.0,579300.0
31,2021-10-06 07:23:25,40550.0,1300.0,578800.0
32,2021-10-06 07:23:24,40550.0,100.0,577500.0
33,2021-10-06 07:22:52,40550.0,500.0,577400.0
34,2021-10-06 07:22:49,40550.0,1300.0,576900.0
35,2021-10-06 07:21:55,40550.0,100.0,575600.0
36,2021-10-06 07:21:45,40500.0,600.0,575500.0
37,2021-10-06 07:20:38,40500.0,100.0,574900.0
38,2021-10-06 07:20:38,40500.0,100.0,574800.0
39,2021-10-06 07:20:38,40500.0,100.0,574700.0
40,2021-10-06 07:20:38,40500.0,700.0,574600.0
41,2021-10-06 07:18:26,40500.0,300.0,573900.0
42,2021-10-06 07:18:26,40500.0,200.0,573600.0
43,2021-10-06 07:17:59,40500.0,800.0,573400.0
44,2021-10-06 07:17:59,40500.0,100.0,572600.0
45,2021-10-06 07:17:59,40500.0,100.0,572500.0
46,2021-10-06 07:17:06,40500.0,1000.0,572400.0
47,2021-10-06 07:15:12,40500.0,100.0,571400.0
48,2021-10-06 07:15:12,40500.0,1800.0,571300.0
49,2021-10-06 07:14:59,40500.0,1000.0,569500.0
50,2021-10-06 07:14:59,40500.0,1800.0,568500.0
51,2021-10-06 07:14:58,40450.0,100.0,566700.0
52,2021-10-06 07:12:54,40450.0,100.0,566600.0
53,2021-10-06 07:12:54,40450.0,900.0,566500.0
54,2021-10-06 07:12:37,40450.0,1000.0,565600.0
55,2021-10-06 07:12:09,40450.0,1000.0,564600.0
56,2021-10-06 07:12:09,40500.0,300.0,563600.0
57,2021-10-06 07:11:03,40500.0,100.0,563300.0
58,2021-10-06 07:10:35,40500.0,400.0,563200.0
59,2021-10-06 07:09:54,40550.0,1300.0,562800.0
60,2021-10-06 07:09:36,40550.0,200.0,561500.0
61,2021-10-06 07:08:35,40550.0,200.0,561300.0
62,2021-10-06 07:08:13,40550.0,500.0,561100.0
63,2021-10-06 07:07:53,40550.0,1000.0,560600.0
64,2021-10-06 07:07:53,40550.0,3000.0,559600.0
65,2021-10-06 07:07:31,40500.0,3000.0,556600.0
66,2021-10-06 07:07:31,40500.0,300.0,553600.0
67,2021-10-06 07:07:31,40500.0,100.0,553300.0
68,2021-10-06 07:07:31,40500.0,100.0,553200.0
69,2021-10-06 07:07:31,40500.0,200.0,553100.0
70,2021-10-06 07:07:31,40500.0,900.0,552900.0
71,2021-10-06 07:07:03,40450.0,100.0,552000.0
72,2021-10-06 07:07:02,40450.0,400.0,551900.0
73,2021-10-06 07:07:02,40450.0,1300.0,551500.0
74,2021-10-06 07:06:53,40450.0,1000.0,550200.0
75,2021-10-06 07:06:42,40450.0,1200.0,549200.0
76,2021-10-06 07:06:14,40450.0,1300.0,548000.0
77,2021-10-06 07:05:17,40450.0,200.0,546700.0
78,2021-10-06 07:05:17,40450.0,800.0,546500.0
79,2021-10-06 07:04:06,40400.0,500.0,545700.0
80,2021-10-06 07:03:45,40400.0,500.0,545200.0
81,2021-10-06 07:02:16,40400.0,100.0,544700.0
82,2021-10-06 07:02:16,40400.0,100.0,544600.0
83,2021-10-06 07:02:16,40400.0,2100.0,544500.0
84,2021-10-06 07:01:24,40400.0,1500.0,542400.0
85,2021-10-06 06:58:59,40400.0,200.0,540900.0
86,2021-10-06 06:58:59,40400.0,500.0,540700.0
87,2021-10-06 06:58:59,40400.0,500.0,540200.0
88,2021-10-06 06:58:59,40400.0,200.0,539700.0
89,2021-10-06 06:57:07,40400.0,500.0,539500.0
90,2021-10-06 06:57:00,40400.0,300.0,539000.0
91,2021-10-06 06:57:00,40400.0,700.0,538700.0
92,2021-10-06 06:54:27,40400.0,200.0,538000.0
93,2021-10-06 06:54:27,40400.0,100.0,537800.0
94,2021-10-06 06:54:27,40400.0,1000.0,537700.0
95,2021-10-06 06:54:12,40400.0,2000.0,536700.0
96,2021-10-06 06:54:07,40400.0,1000.0,534700.0
97,2021-10-06 06:53:14,40400.0,100.0,533700.0
98,2021-10-06 06:52:48,40350.0,500.0,533600.0
99,2021-10-06 06:52:09,40400.0,1000.0,533100.0
100,2021-10-06 06:51:38,40400.0,300.0,532100.0
101,2021-10-06 06:51:01,40400.0,400.0,531800.0
102,2021-10-06 06:50:50,40400.0,100.0,531400.0
103,2021-10-06 06:50:14,40400.0,100.0,531300.0
104,2021-10-06 06:49:59,40400.0,400.0,531200.0
105,2021-10-06 06:49:41,40350.0,2900.0,530800.0
106,2021-10-06 06:49:33,40350.0,100.0,527900.0
107,2021-10-06 06:49:14,40300.0,500.0,527800.0
108,2021-10-06 06:49:14,40300.0,500.0,527300.0
109,2021-10-06 06:49:14,40300.0,3000.0,526800.0
110,2021-10-06 06:47:55,40250.0,400.0,523800.0
111,2021-10-06 06:47:55,40250.0,100.0,523400.0
112,2021-10-06 06:47:49,40300.0,1000.0,523300.0
113,2021-10-06 06:47:37,40250.0,500.0,522300.0
114,2021-10-06 06:47:15,40300.0,400.0,521800.0
115,2021-10-06 06:45:53,40250.0,300.0,521400.0
116,2021-10-06 06:45:41,40250.0,200.0,521100.0
117,2021-10-06 06:45:41,40250.0,1000.0,520900.0
118,2021-10-06 06:45:41,40250.0,1800.0,519900.0
119,2021-10-06 06:45:33,40250.0,1000.0,518100.0
120,2021-10-06 06:45:15,40250.0,100.0,517100.0
121,2021-10-06 06:45:05,40250.0,800.0,517000.0
122,2021-10-06 06:43:55,40250.0,1000.0,516200.0
123,2021-10-06 06:42:34,40250.0,1000.0,515200.0
124,2021-10-06 06:42:22,40250.0,100.0,514200.0
125,2021-10-06 06:42:22,40250.0,2000.0,514100.0
126,2021-10-06 06:42:22,40250.0,200.0,512100.0
127,2021-10-06 06:42:14,40250.0,500.0,511900.0
128,2021-10-06 06:40:47,40300.0,1100.0,511400.0
129,2021-10-06 06:40:22,40250.0,300.0,510300.0
130,2021-10-06 06:40:14,40250.0,100.0,510000.0
131,2021-10-06 06:40:14,40250.0,100.0,509900.0
132,2021-10-06 06:40:14,40250.0,3000.0,509800.0
133,2021-10-06 06:40:14,40250.0,1000.0,506800.0
134,2021-10-06 06:40:14,40250.0,1000.0,505800.0
135,2021-10-06 06:40:14,40250.0,500.0,504800.0
136,2021-10-06 06:39:28,40300.0,600.0,504300.0
137,2021-10-06 06:39:08,40300.0,200.0,503700.0
138,2021-10-06 06:39:01,40300.0,200.0,503500.0
139,2021-10-06 06:39:01,40300.0,800.0,503300.0
140,2021-10-06 06:37:53,40300.0,1000.0,502500.0
141,2021-10-06 06:36:16,40250.0,500.0,501500.0
142,2021-10-06 06:35:45,40250.0,4000.0,501000.0
143,2021-10-06 06:35:33,40250.0,1000.0,497000.0
144,2021-10-06 06:33:23,40200.0,500.0,496000.0
145,2021-10-06 06:33:21,40200.0,1000.0,495500.0
146,2021-10-06 06:32:20,40200.0,100.0,494500.0
147,2021-10-06 06:32:20,40200.0,900.0,494400.0
148,2021-10-06 06:31:35,40200.0,600.0,493500.0
149,2021-10-06 06:30:28,40200.0,500.0,492900.0
150,2021-10-06 06:30:07,40200.0,2000.0,492400.0
151,2021-10-06 06:30:07,40200.0,2400.0,490400.0
152,2021-10-06 06:30:07,40200.0,1000.0,488000.0
153,2021-10-06 06:30:07,40200.0,100.0,487000.0
154,2021-10-06 06:30:07,40200.0,1000.0,486900.0
155,2021-10-06 06:30:07,40200.0,100.0,485900.0
156,2021-10-06 06:30:07,40200.0,100.0,485800.0
157,2021-10-06 06:30:07,40200.0,100.0,485700.0
158,2021-10-06 06:30:07,40200.0,500.0,485600.0
159,2021-10-06 06:30:07,40250.0,700.0,485100.0
160,2021-10-06 06:28:59,40250.0,5000.0,484400.0
161,2021-10-06 06:28:59,40250.0,1300.0,479400.0
162,2021-10-06 06:28:11,40250.0,100.0,478100.0
163,2021-10-06 06:25:18,40250.0,500.0,478000.0
164,2021-10-06 06:25:03,40250.0,100.0,477500.0
165,2021-10-06 06:24:24,40250.0,1000.0,477400.0
166,2021-10-06 06:24:24,40250.0,1000.0,476400.0
167,2021-10-06 06:23:20,40250.0,2000.0,475400.0
168,2021-10-06 06:23:05,40250.0,1000.0,473400.0
169,2021-10-06 06:22:58,40250.0,1200.0,472400.0
170,2021-10-06 06:22:58,40250.0,800.0,471200.0
171,2021-10-06 06:22:31,40250.0,200.0,470400.0
172,2021-10-06 06:22:27,40250.0,1000.0,470200.0
173,2021-10-06 06:22:24,40250.0,100.0,469200.0
174,2021-10-06 06:22:11,40250.0,700.0,469100.0
175,2021-10-06 06:22:11,40250.0,600.0,468400.0
176,2021-10-06 06:21:50,40250.0,200.0,467800.0
177,2021-10-06 06:21:39,40250.0,500.0,467600.0
178,2021-10-06 06:21:20,40250.0,1000.0,467100.0
179,2021-10-06 06:20:43,40250.0,1000.0,466100.0
180,2021-10-06 06:20:33,40250.0,300.0,465100.0
181,2021-10-06 06:20:28,40250.0,300.0,464800.0
182,2021-10-06 06:20:25,40250.0,100.0,464500.0
183,2021-10-06 06:20:25,40250.0,1000.0,464400.0
184,2021-10-06 06:18:12,40300.0,1200.0,463400.0
185,2021-10-06 06:18:12,40300.0,800.0,462200.0
186,2021-10-06 06:16:27,40300.0,100.0,461400.0
187,2021-10-06 06:16:07,40300.0,400.0,461300.0
188,2021-10-06 06:15:48,40300.0,100.0,460900.0
189,2021-10-06 06:14:46,40250.0,1000.0,460800.0
190,2021-10-06 06:14:32,40250.0,1000.0,459800.0
191,2021-10-06 06:14:15,40250.0,500.0,458800.0
192,2021-10-06 06:14:14,40250.0,200.0,458300.0
193,2021-10-06 06:08:58,40300.0,500.0,458100.0
194,2021-10-06 06:08:58,40300.0,1000.0,457600.0
195,2021-10-06 06:08:58,40300.0,100.0,456600.0
196,2021-10-06 06:08:40,40300.0,900.0,456500.0
197,2021-10-06 06:07:58,40300.0,100.0,455600.0
198,2021-10-06 06:07:39,40300.0,2000.0,455500.0
199,2021-10-06 06:07:15,40200.0,500.0,453500.0
200,2021-10-06 06:07:15,40200.0,400.0,453000.0
201,2021-10-06 06:07:15,40200.0,500.0,452600.0
202,2021-10-06 06:07:15,40200.0,200.0,452100.0
203,2021-10-06 06:07:15,40200.0,1000.0,451900.0
204,2021-10-06 06:07:15,40200.0,2000.0,450900.0
205,2021-10-06 06:07:15,40200.0,200.0,448900.0
206,2021-10-06 06:07:15,40200.0,200.0,448700.0
207,2021-10-06 06:05:31,40300.0,300.0,448500.0
208,2021-10-06 06:04:18,40300.0,100.0,448200.0
209,2021-10-06 06:04:06,40300.0,100.0,448100.0
210,2021-10-06 06:04:01,40200.0,1000.0,448000.0
211,2021-10-06 06:04:01,40200.0,100.0,447000.0
212,2021-10-06 06:04:01,40200.0,400.0,446900.0
213,2021-10-06 06:04:01,40250.0,1000.0,446500.0
214,2021-10-06 06:04:01,40250.0,1000.0,445500.0
215,2021-10-06 06:04:01,40250.0,100.0,444500.0
216,2021-10-06 06:04:01,40250.0,1000.0,444400.0
217,2021-10-06 06:04:01,40250.0,100.0,443400.0
218,2021-10-06 06:04:01,40250.0,300.0,443300.0
219,2021-10-06 06:03:43,40300.0,100.0,443000.0
220,2021-10-06 06:03:31,40300.0,300.0,442900.0
221,2021-10-06 06:02:50,40300.0,100.0,442600.0
222,2021-10-06 06:02:31,40300.0,1000.0,442500.0
223,2021-10-06 06:02:31,40300.0,500.0,441500.0
224,2021-10-06 06:02:31,40300.0,500.0,441000.0
225,2021-10-06 06:02:31,40300.0,200.0,440500.0
226,2021-10-06 06:02:31,40300.0,900.0,440300.0
227,2021-10-06 06:02:31,40300.0,300.0,439400.0
228,2021-10-06 06:02:31,40300.0,100.0,439100.0
229,2021-10-06 06:02:31,40300.0,100.0,439000.0
230,2021-10-06 06:02:31,40300.0,400.0,438900.0
231,2021-10-06 06:00:00,40300.0,1000.0,438500.0
232,2021-10-06 04:27:52,40300.0,1000.0,437500.0
233,2021-10-06 04:27:52,40350.0,1000.0,436500.0
234,2021-10-06 04:27:11,40400.0,1000.0,435500.0
235,2021-10-06 04:25:45,40350.0,2000.0,434500.0
236,2021-10-06 04:23:09,40300.0,2600.0,432500.0
237,2021-10-06 04:23:09,40300.0,100.0,429900.0
238,2021-10-06 04:23:09,40300.0,200.0,429800.0
239,2021-10-06 04:23:09,40300.0,3000.0,429600.0
240,2021-10-06 04:23:09,40300.0,100.0,426600.0
241,2021-10-06 04:22:52,40350.0,3000.0,426500.0
242,2021-10-06 04:22:17,40400.0,200.0,423500.0
243,2021-10-06 04:17:42,40350.0,1000.0,423300.0
244,2021-10-06 04:17:28,40350.0,2000.0,422300.0
245,2021-10-06 04:17:28,40350.0,3000.0,420300.0
246,2021-10-06 04:16:51,40300.0,900.0,417300.0
247,2021-10-06 04:16:51,40300.0,200.0,416400.0
248,2021-10-06 04:15:01,40300.0,200.0,416200.0
249,2021-10-06 04:14:23,40300.0,300.0,416000.0
250,2021-10-06 04:14:13,40300.0,2000.0,415700.0
251,2021-10-06 04:13:23,40300.0,200.0,413700.0
252,2021-10-06 04:12:01,40300.0,2000.0,413500.0
253,2021-10-06 04:11:47,40300.0,100.0,411500.0
254,2021-10-06 04:11:06,40300.0,200.0,411400.0
255,2021-10-06 04:07:59,40200.0,600.0,411200.0
256,2021-10-06 04:07:57,40200.0,100.0,410600.0
257,2021-10-06 04:07:46,40200.0,3000.0,410500.0
258,2021-10-06 04:07:46,40200.0,100.0,407500.0
259,2021-10-06 04:07:46,40200.0,400.0,407400.0
260,2021-10-06 04:07:46,40200.0,2800.0,407000.0
261,2021-10-06 04:07:46,40200.0,300.0,404200.0
262,2021-10-06 04:07:46,40200.0,200.0,403900.0
263,2021-10-06 04:07:46,40200.0,1000.0,403700.0
264,2021-10-06 04:07:46,40200.0,1000.0,402700.0
265,2021-10-06 04:07:46,40250.0,2000.0,401700.0
266,2021-10-06 04:07:46,40250.0,100.0,399700.0
267,2021-10-06 04:07:46,40250.0,1300.0,399600.0
268,2021-10-06 04:07:46,40300.0,1500.0,398300.0
269,2021-10-06 04:07:46,40300.0,100.0,396800.0
270,2021-10-06 04:07:46,40300.0,500.0,396700.0
271,2021-10-06 04:06:57,40300.0,500.0,396200.0
272,2021-10-06 04:06:57,40300.0,200.0,395700.0
273,2021-10-06 04:06:57,40300.0,100.0,395500.0
274,2021-10-06 04:06:57,40300.0,200.0,395400.0
275,2021-10-06 04:04:03,40300.0,800.0,395200.0
276,2021-10-06 04:03:56,40300.0,1000.0,394400.0
277,2021-10-06 04:03:40,40300.0,100.0,393400.0
278,2021-10-06 04:03:40,40300.0,500.0,393300.0
279,2021-10-06 04:03:40,40300.0,500.0,392800.0
280,2021-10-06 04:03:40,40300.0,1000.0,392300.0
281,2021-10-06 04:03:40,40350.0,1000.0,391300.0
282,2021-10-06 04:03:40,40350.0,100.0,390300.0
283,2021-10-06 04:00:58,40400.0,500.0,390200.0
284,2021-10-06 04:00:38,40400.0,100.0,389700.0
285,2021-10-06 03:58:55,40300.0,2000.0,389600.0
286,2021-10-06 03:58:55,40300.0,1000.0,387600.0
287,2021-10-06 03:58:55,40300.0,100.0,386600.0
288,2021-10-06 03:58:55,40300.0,600.0,386500.0
289,2021-10-06 03:58:55,40350.0,1000.0,385900.0
290,2021-10-06 03:58:55,40350.0,200.0,384900.0
291,2021-10-06 03:58:55,40350.0,100.0,384700.0
292,2021-10-06 03:57:55,40400.0,1000.0,384600.0
293,2021-10-06 03:53:14,40350.0,100.0,383600.0
294,2021-10-06 03:49:10,40300.0,500.0,383500.0
295,2021-10-06 03:48:51,40300.0,400.0,383000.0
296,2021-10-06 03:48:51,40300.0,1000.0,382600.0
297,2021-10-06 03:48:51,40300.0,5000.0,381600.0
298,2021-10-06 03:48:51,40300.0,2500.0,376600.0
299,2021-10-06 03:48:51,40300.0,500.0,374100.0
300,2021-10-06 03:48:51,40300.0,100.0,373600.0
301,2021-10-06 03:48:51,40350.0,100.0,373500.0
302,2021-10-06 03:48:51,40350.0,100.0,373400.0
303,2021-10-06 03:48:51,40350.0,100.0,373300.0
304,2021-10-06 03:48:51,40350.0,500.0,373200.0
305,2021-10-06 03:48:51,40350.0,1500.0,372700.0
306,2021-10-06 03:48:51,40350.0,1000.0,371200.0
307,2021-10-06 03:48:51,40350.0,1000.0,370200.0
308,2021-10-06 03:48:51,40350.0,1200.0,369200.0
309,2021-10-06 03:48:03,40400.0,1000.0,368000.0
310,2021-10-06 03:45:37,40400.0,100.0,367000.0
311,2021-10-06 03:44:24,40400.0,100.0,366900.0
312,2021-10-06 03:42:42,40400.0,200.0,366800.0
313,2021-10-06 03:42:10,40400.0,100.0,366600.0
314,2021-10-06 03:42:10,40400.0,300.0,366500.0
315,2021-10-06 03:41:17,40400.0,1000.0,366200.0
316,2021-10-06 03:41:17,40400.0,3000.0,365200.0
317,2021-10-06 03:41:17,40400.0,700.0,362200.0
318,2021-10-06 03:38:15,40400.0,500.0,361500.0
319,2021-10-06 03:36:28,40350.0,100.0,361000.0
320,2021-10-06 03:33:19,40400.0,100.0,360900.0
321,2021-10-06 03:33:14,40400.0,100.0,360800.0
322,2021-10-06 03:33:10,40400.0,1000.0,360700.0
323,2021-10-06 03:31:50,40400.0,400.0,359700.0
324,2021-10-06 03:31:27,40400.0,1000.0,359300.0
325,2021-10-06 03:31:25,40400.0,500.0,358300.0
326,2021-10-06 03:31:25,40400.0,700.0,357800.0
327,2021-10-06 03:30:53,40400.0,2300.0,357100.0
328,2021-10-06 03:30:40,40400.0,1000.0,354800.0
329,2021-10-06 03:30:29,40400.0,900.0,353800.0
330,2021-10-06 03:29:12,40400.0,100.0,352900.0
331,2021-10-06 03:28:32,40400.0,700.0,352800.0
332,2021-10-06 03:28:26,40400.0,1300.0,352100.0
333,2021-10-06 03:28:26,40400.0,100.0,350800.0
334,2021-10-06 03:28:06,40400.0,1000.0,350700.0
335,2021-10-06 03:27:26,40400.0,600.0,349700.0
336,2021-10-06 03:27:26,40400.0,600.0,349100.0
337,2021-10-06 03:26:55,40400.0,100.0,348500.0
338,2021-10-06 03:26:28,40400.0,100.0,348400.0
339,2021-10-06 03:26:23,40400.0,2000.0,348300.0
340,2021-10-06 03:26:11,40400.0,1000.0,346300.0
341,2021-10-06 03:25:50,40400.0,1200.0,345300.0
342,2021-10-06 03:23:12,40400.0,300.0,344100.0
343,2021-10-06 03:21:28,40400.0,100.0,343800.0
344,2021-10-06 03:21:14,40400.0,300.0,343700.0
345,2021-10-06 03:18:27,40400.0,1000.0,343400.0
346,2021-10-06 03:18:25,40400.0,200.0,342400.0
347,2021-10-06 03:17:41,40400.0,2000.0,342200.0
348,2021-10-06 03:17:41,40400.0,1000.0,340200.0
349,2021-10-06 03:17:41,40400.0,100.0,339200.0
350,2021-10-06 03:16:52,40400.0,100.0,339100.0
351,2021-10-06 03:16:27,40450.0,3000.0,339000.0
352,2021-10-06 03:16:24,40450.0,300.0,336000.0
353,2021-10-06 03:16:16,40450.0,900.0,335700.0
354,2021-10-06 03:16:16,40450.0,100.0,334800.0
355,2021-10-06 03:15:52,40400.0,100.0,334700.0
356,2021-10-06 03:10:07,40450.0,100.0,334600.0
357,2021-10-06 03:09:06,40500.0,100.0,334500.0
358,2021-10-06 03:09:06,40500.0,900.0,334400.0
359,2021-10-06 03:07:32,40500.0,500.0,333500.0
360,2021-10-06 03:06:40,40200.0,1000.0,333000.0
361,2021-10-06 03:06:40,40200.0,6000.0,332000.0
362,2021-10-06 03:05:35,40100.0,500.0,326000.0
363,2021-10-06 03:05:31,40100.0,500.0,325500.0
364,2021-10-06 03:05:21,40100.0,200.0,325000.0
365,2021-10-06 03:04:57,40100.0,2000.0,324800.0
366,2021-10-06 03:04:42,40100.0,100.0,322800.0
367,2021-10-06 03:04:22,40100.0,100.0,322700.0
368,2021-10-06 03:04:22,40100.0,600.0,322600.0
369,2021-10-06 03:04:19,40100.0,400.0,322000.0
370,2021-10-06 03:04:12,40100.0,1000.0,321600.0
371,2021-10-06 03:03:44,40100.0,1000.0,320600.0
372,2021-10-06 03:03:37,40100.0,3000.0,319600.0
373,2021-10-06 03:03:24,40100.0,2300.0,316600.0
374,2021-10-06 03:03:24,40100.0,1000.0,314300.0
375,2021-10-06 03:03:24,40100.0,1000.0,313300.0
376,2021-10-06 03:03:24,40100.0,100.0,312300.0
377,2021-10-06 03:03:24,40100.0,200.0,312200.0
378,2021-10-06 03:03:24,40100.0,100.0,312000.0
379,2021-10-06 03:03:24,40100.0,6000.0,311900.0
380,2021-10-06 03:03:24,40100.0,300.0,305900.0
381,2021-10-06 03:00:25,40200.0,1000.0,305600.0
382,2021-10-06 03:00:18,40200.0,100.0,304600.0
383,2021-10-06 02:59:54,40200.0,100.0,304500.0
384,2021-10-06 02:59:54,40200.0,1000.0,304400.0
385,2021-10-06 02:59:54,40200.0,200.0,303400.0
386,2021-10-06 02:59:54,40200.0,200.0,303200.0
387,2021-10-06 02:59:54,40200.0,500.0,303000.0
388,2021-10-06 02:59:54,40250.0,900.0,302500.0
389,2021-10-06 02:59:34,40250.0,2100.0,301600.0
390,2021-10-06 02:59:26,40250.0,1000.0,299500.0
391,2021-10-06 02:59:11,40250.0,3000.0,298500.0
392,2021-10-06 02:58:55,40250.0,1000.0,295500.0
393,2021-10-06 02:58:55,40250.0,1200.0,294500.0
394,2021-10-06 02:58:55,40300.0,100.0,293300.0
395,2021-10-06 02:58:55,40300.0,9600.0,293200.0
396,2021-10-06 02:58:55,40300.0,1000.0,283600.0
397,2021-10-06 02:58:55,40350.0,1000.0,282600.0
398,2021-10-06 02:55:10,40250.0,800.0,281600.0
399,2021-10-06 02:55:10,40250.0,100.0,280800.0
400,2021-10-06 02:55:10,40250.0,800.0,280700.0
401,2021-10-06 02:54:14,40250.0,200.0,279900.0
402,2021-10-06 02:51:09,40200.0,5400.0,279700.0
403,2021-10-06 02:50:58,40000.0,1200.0,274300.0
404,2021-10-06 02:50:55,40000.0,2000.0,273100.0
405,2021-10-06 02:50:55,40000.0,300.0,271100.0
406,2021-10-06 02:50:55,40000.0,1000.0,270800.0
407,2021-10-06 02:50:55,40000.0,200.0,269800.0
408,2021-10-06 02:50:55,40000.0,600.0,269600.0
409,2021-10-06 02:50:55,40000.0,1000.0,269000.0
410,2021-10-06 02:50:55,40000.0,300.0,268000.0
411,2021-10-06 02:50:55,40000.0,400.0,267700.0
412,2021-10-06 02:50:55,40000.0,100.0,267300.0
413,2021-10-06 02:50:55,40000.0,100.0,267200.0
414,2021-10-06 02:50:55,40000.0,100.0,267100.0
415,2021-10-06 02:50:55,40000.0,100.0,267000.0
416,2021-10-06 02:50:55,40000.0,500.0,266900.0
417,2021-10-06 02:50:55,40000.0,1000.0,266400.0
418,2021-10-06 02:50:55,40000.0,3000.0,265400.0
419,2021-10-06 02:50:55,40000.0,1000.0,262400.0
420,2021-10-06 02:50:55,40000.0,1000.0,261400.0
421,2021-10-06 02:50:55,40000.0,300.0,260400.0
422,2021-10-06 02:50:55,40000.0,800.0,260100.0
423,2021-10-06 02:50:40,40000.0,200.0,259300.0
424,2021-10-06 02:50:40,40000.0,100.0,259100.0
425,2021-10-06 02:50:40,40000.0,100.0,259000.0
426,2021-10-06 02:50:40,40000.0,100.0,258900.0
427,2021-10-06 02:50:40,40000.0,1000.0,258800.0
428,2021-10-06 02:50:40,40000.0,200.0,257800.0
429,2021-10-06 02:50:40,40000.0,1000.0,257600.0
430,2021-10-06 02:50:40,40000.0,500.0,256600.0
431,2021-10-06 02:50:40,40000.0,100.0,256100.0
432,2021-10-06 02:50:40,40000.0,100.0,256000.0
433,2021-10-06 02:50:40,40000.0,100.0,255900.0
434,2021-10-06 02:50:40,40000.0,300.0,255800.0
435,2021-10-06 02:50:40,40000.0,200.0,255500.0
436,2021-10-06 02:50:40,40000.0,100.0,255300.0
437,2021-10-06 02:50:40,40000.0,2700.0,255200.0
438,2021-10-06 02:50:40,40000.0,500.0,252500.0
439,2021-10-06 02:50:40,40000.0,300.0,252000.0
440,2021-10-06 02:50:40,40000.0,1000.0,251700.0
441,2021-10-06 02:50:40,40000.0,1000.0,250700.0
442,2021-10-06 02:50:40,40000.0,500.0,249700.0
443,2021-10-06 02:50:40,40000.0,500.0,249200.0
444,2021-10-06 02:50:40,40000.0,700.0,248700.0
445,2021-10-06 02:50:40,40050.0,100.0,248000.0
446,2021-10-06 02:50:40,40050.0,1000.0,247900.0
447,2021-10-06 02:50:40,40050.0,3000.0,246900.0
448,2021-10-06 02:50:40,40050.0,1000.0,243900.0
449,2021-10-06 02:50:40,40100.0,500.0,242900.0
450,2021-10-06 02:50:40,40100.0,300.0,242400.0
451,2021-10-06 02:50:40,40150.0,5000.0,242100.0
452,2021-10-06 02:50:40,40150.0,1000.0,237100.0
453,2021-10-06 02:50:40,40150.0,100.0,236100.0
454,2021-10-06 02:50:40,40200.0,1000.0,236000.0
455,2021-10-06 02:50:40,40400.0,100.0,235000.0
456,2021-10-06 02:50:40,40450.0,100.0,234900.0
457,2021-10-06 02:50:40,40450.0,500.0,234800.0
458,2021-10-06 02:50:39,40500.0,400.0,234300.0
459,2021-10-06 02:50:39,40500.0,100.0,233900.0
460,2021-10-06 02:50:04,40500.0,1000.0,233800.0
461,2021-10-06 02:49:46,40450.0,500.0,232800.0
462,2021-10-06 02:45:50,40000.0,300.0,232300.0
463,2021-10-06 02:45:46,40000.0,1000.0,232000.0
464,2021-10-06 02:45:38,40000.0,500.0,231000.0
465,2021-10-06 02:45:38,40000.0,1000.0,230500.0
466,2021-10-06 02:45:38,40000.0,1000.0,229500.0
467,2021-10-06 02:45:38,40000.0,200.0,228500.0
468,2021-10-06 02:45:38,40000.0,300.0,228300.0
469,2021-10-06 02:45:38,40000.0,1200.0,228000.0
470,2021-10-06 02:45:38,40050.0,100.0,226800.0
471,2021-10-06 02:45:23,40000.0,4800.0,226700.0
472,2021-10-06 02:45:23,40000.0,100.0,221900.0
473,2021-10-06 02:45:23,40000.0,500.0,221800.0
474,2021-10-06 02:45:23,40000.0,200.0,221300.0
475,2021-10-06 02:45:23,40000.0,500.0,221100.0
476,2021-10-06 02:45:23,40000.0,300.0,220600.0
477,2021-10-06 02:45:23,40000.0,100.0,220300.0
478,2021-10-06 02:45:23,40000.0,100.0,220200.0
479,2021-10-06 02:45:23,40000.0,100.0,220100.0
480,2021-10-06 02:45:23,40000.0,100.0,220000.0
481,2021-10-06 02:45:23,40000.0,400.0,219900.0
482,2021-10-06 02:45:23,40000.0,300.0,219500.0
483,2021-10-06 02:45:23,40000.0,500.0,219200.0
484,2021-10-06 02:45:23,40000.0,100.0,218700.0
485,2021-10-06 02:45:23,40000.0,100.0,218600.0
486,2021-10-06 02:45:23,40000.0,500.0,218500.0
487,2021-10-06 02:45:23,40000.0,1000.0,218000.0
488,2021-10-06 02:45:23,40000.0,500.0,217000.0
489,2021-10-06 02:45:23,40000.0,300.0,216500.0
490,2021-10-06 02:45:23,40000.0,500.0,216200.0
491,2021-10-06 02:45:23,40000.0,1000.0,215700.0
492,2021-10-06 02:45:23,40000.0,100.0,214700.0
493,2021-10-06 02:45:23,40000.0,300.0,214600.0
494,2021-10-06 02:45:23,40000.0,300.0,214300.0
495,2021-10-06 02:45:23,40000.0,100.0,214000.0
496,2021-10-06 02:45:23,40000.0,500.0,213900.0
497,2021-10-06 02:45:23,40000.0,1000.0,213400.0
498,2021-10-06 02:45:23,40000.0,5000.0,212400.0
499,2021-10-06 02:45:23,40000.0,200.0,207400.0
500,2021-10-06 02:45:23,40000.0,5000.0,207200.0
501,2021-10-06 02:45:23,40000.0,500.0,202200.0
502,2021-10-06 02:45:23,40000.0,500.0,201700.0
503,2021-10-06 02:45:23,40000.0,500.0,201200.0
504,2021-10-06 02:45:23,40000.0,100.0,200700.0
505,2021-10-06 02:45:23,40000.0,300.0,200600.0
506,2021-10-06 02:45:23,40000.0,500.0,200300.0
507,2021-10-06 02:45:23,40000.0,100.0,199800.0
508,2021-10-06 02:45:23,40000.0,300.0,199700.0
509,2021-10-06 02:45:23,40000.0,1000.0,199400.0
510,2021-10-06 02:45:23,40000.0,1200.0,198400.0
511,2021-10-06 02:45:23,40050.0,500.0,197200.0
512,2021-10-06 02:45:05,40000.0,4900.0,196700.0
513,2021-10-06 02:45:05,40100.0,200.0,191800.0
514,2021-10-06 02:44:28,40000.0,3900.0,191600.0
515,2021-10-06 02:44:28,40000.0,300.0,187700.0
516,2021-10-06 02:44:28,40000.0,1000.0,187400.0
517,2021-10-06 02:44:28,40000.0,300.0,186400.0
518,2021-10-06 02:44:28,40000.0,200.0,186100.0
519,2021-10-06 02:44:28,40000.0,200.0,185900.0
520,2021-10-06 02:44:28,40000.0,200.0,185700.0
521,2021-10-06 02:44:28,40050.0,200.0,185500.0
522,2021-10-06 02:44:22,40050.0,300.0,185300.0
523,2021-10-06 02:44:22,40050.0,200.0,185000.0
524,2021-10-06 02:44:22,40050.0,500.0,184800.0
525,2021-10-06 02:44:22,40050.0,100.0,184300.0
526,2021-10-06 02:44:22,40050.0,100.0,184200.0
527,2021-10-06 02:44:22,40050.0,500.0,184100.0
528,2021-10-06 02:44:22,40050.0,600.0,183600.0
529,2021-10-06 02:44:22,40100.0,1000.0,183000.0
530,2021-10-06 02:44:22,40100.0,100.0,182000.0
531,2021-10-06 02:44:22,40100.0,200.0,181900.0
532,2021-10-06 02:44:22,40100.0,2000.0,181700.0
533,2021-10-06 02:44:22,40100.0,300.0,179700.0
534,2021-10-06 02:44:22,40100.0,300.0,179400.0
535,2021-10-06 02:44:22,40100.0,200.0,179100.0
536,2021-10-06 02:44:22,40100.0,200.0,178900.0
537,2021-10-06 02:44:22,40100.0,200.0,178700.0
538,2021-10-06 02:44:22,40100.0,100.0,178500.0
539,2021-10-06 02:44:22,40100.0,200.0,178400.0
540,2021-10-06 02:44:22,40100.0,700.0,178200.0
541,2021-10-06 02:44:22,40200.0,500.0,177500.0
542,2021-10-06 02:44:22,40200.0,100.0,177000.0
543,2021-10-06 02:44:22,40200.0,100.0,176900.0
544,2021-10-06 02:44:22,40200.0,1000.0,176800.0
545,2021-10-06 02:43:36,40300.0,100.0,175800.0
546,2021-10-06 02:43:12,40300.0,2000.0,175700.0
547,2021-10-06 02:43:12,40300.0,100.0,173700.0
548,2021-10-06 02:42:58,40500.0,500.0,173600.0
549,2021-10-06 02:42:58,40500.0,100.0,173100.0
550,2021-10-06 02:42:58,40500.0,1100.0,173000.0
551,2021-10-06 02:42:58,40400.0,100.0,171900.0
552,2021-10-06 02:42:13,40500.0,100.0,171800.0
553,2021-10-06 02:41:35,40500.0,1300.0,171700.0
554,2021-10-06 02:41:00,40500.0,2000.0,170400.0
555,2021-10-06 02:40:03,40200.0,1000.0,168400.0
556,2021-10-06 02:38:12,40100.0,400.0,167400.0
557,2021-10-06 02:37:16,40100.0,400.0,167000.0
558,2021-10-06 02:37:16,40100.0,1000.0,166600.0
559,2021-10-06 02:37:16,40100.0,100.0,165600.0
560,2021-10-06 02:37:16,40100.0,400.0,165500.0
561,2021-10-06 02:37:16,40200.0,100.0,165100.0
562,2021-10-06 02:36:44,40100.0,5000.0,165000.0
563,2021-10-06 02:36:29,40100.0,600.0,160000.0
564,2021-10-06 02:36:29,40100.0,1200.0,159400.0
565,2021-10-06 02:36:29,40100.0,3000.0,158200.0
566,2021-10-06 02:36:29,40100.0,3000.0,155200.0
567,2021-10-06 02:36:29,40200.0,400.0,152200.0
568,2021-10-06 02:36:29,40200.0,100.0,151800.0
569,2021-10-06 02:36:29,40200.0,100.0,151700.0
570,2021-10-06 02:36:29,40300.0,100.0,151600.0
571,2021-10-06 02:36:29,40300.0,800.0,151500.0
572,2021-10-06 02:36:29,40300.0,700.0,150700.0
573,2021-10-06 02:36:08,40300.0,300.0,150000.0
574,2021-10-06 02:36:08,40400.0,100.0,149700.0
575,2021-10-06 02:36:08,40400.0,2000.0,149600.0
576,2021-10-06 02:36:08,40400.0,200.0,147600.0
577,2021-10-06 02:36:08,40400.0,1000.0,147400.0
578,2021-10-06 02:36:08,40400.0,1300.0,146400.0
579,2021-10-06 02:36:08,40450.0,100.0,145100.0
580,2021-10-06 02:35:29,40500.0,100.0,145000.0
581,2021-10-06 02:35:29,40500.0,5000.0,144900.0
582,2021-10-06 02:35:29,40500.0,300.0,139900.0
583,2021-10-06 02:35:29,40500.0,100.0,139600.0
584,2021-10-06 02:33:00,40500.0,100.0,139500.0
585,2021-10-06 02:31:53,40500.0,400.0,139400.0
586,2021-10-06 02:31:13,40500.0,100.0,139000.0
587,2021-10-06 02:30:18,40500.0,200.0,138900.0
588,2021-10-06 02:30:18,40500.0,300.0,138700.0
589,2021-10-06 02:30:18,40500.0,1000.0,138400.0
590,2021-10-06 02:30:18,40500.0,500.0,137400.0
591,2021-10-06 02:30:18,40500.0,100.0,136900.0
592,2021-10-06 02:30:18,40500.0,1000.0,136800.0
593,2021-10-06 02:30:18,40500.0,500.0,135800.0
594,2021-10-06 02:30:07,40500.0,1800.0,135300.0
595,2021-10-06 02:30:07,40550.0,100.0,133500.0
596,2021-10-06 02:30:07,40550.0,100.0,133400.0
597,2021-10-06 02:30:07,40550.0,1000.0,133300.0
598,2021-10-06 02:30:07,40600.0,1000.0,132300.0
599,2021-10-06 02:29:39,40600.0,4000.0,131300.0
600,2021-10-06 02:29:39,40600.0,500.0,127300.0
601,2021-10-06 02:29:39,40600.0,500.0,126800.0
602,2021-10-06 02:28:32,40650.0,1000.0,126300.0
603,2021-10-06 02:28:29,40600.0,8400.0,125300.0
604,2021-10-06 02:28:29,40600.0,1600.0,116900.0
605,2021-10-06 02:28:20,40650.0,1000.0,115300.0
606,2021-10-06 02:27:57,40650.0,400.0,114300.0
607,2021-10-06 02:27:30,40650.0,100.0,113900.0
608,2021-10-06 02:27:08,40650.0,2800.0,113800.0
609,2021-10-06 02:26:00,40600.0,300.0,111000.0
610,2021-10-06 02:26:00,40600.0,1100.0,110700.0
611,2021-10-06 02:25:59,40600.0,3000.0,109600.0
612,2021-10-06 02:25:48,40600.0,400.0,106600.0
613,2021-10-06 02:24:53,40600.0,500.0,106200.0
614,2021-10-06 02:23:03,40550.0,2000.0,105700.0
615,2021-10-06 02:22:47,40500.0,200.0,103700.0
616,2021-10-06 02:22:12,40500.0,100.0,103500.0
617,2021-10-06 02:21:09,40400.0,100.0,103400.0
618,2021-10-06 02:19:50,40000.0,100.0,103300.0
619,2021-10-06 02:19:50,40000.0,400.0,103200.0
620,2021-10-06 02:19:50,40000.0,300.0,102800.0
621,2021-10-06 02:19:50,40000.0,500.0,102500.0
622,2021-10-06 02:19:50,40000.0,500.0,102000.0
623,2021-10-06 02:19:50,40000.0,100.0,101500.0
624,2021-10-06 02:19:50,40000.0,300.0,101400.0
625,2021-10-06 02:19:50,40000.0,200.0,101100.0
626,2021-10-06 02:19:50,40000.0,200.0,100900.0
627,2021-10-06 02:19:50,40000.0,100.0,100700.0
628,2021-10-06 02:19:50,40000.0,200.0,100600.0
629,2021-10-06 02:19:50,40000.0,200.0,100400.0
630,2021-10-06 02:19:50,40000.0,400.0,100200.0
631,2021-10-06 02:19:50,40000.0,200.0,99800.0
632,2021-10-06 02:19:50,40000.0,500.0,99600.0
633,2021-10-06 02:19:50,40000.0,700.0,99100.0
634,2021-10-06 02:19:50,40100.0,100.0,98400.0
635,2021-10-06 02:19:22,40000.0,100.0,98300.0
636,2021-10-06 02:19:22,40000.0,900.0,98200.0
637,2021-10-06 02:19:16,40000.0,1000.0,97300.0
638,2021-10-06 02:19:16,40000.0,100.0,96300.0
639,2021-10-06 02:19:16,40000.0,200.0,96200.0
640,2021-10-06 02:19:16,40000.0,1000.0,96000.0
641,2021-10-06 02:19:16,40000.0,100.0,95000.0
642,2021-10-06 02:19:16,40000.0,300.0,94900.0
643,2021-10-06 02:19:16,40000.0,2300.0,94600.0
644,2021-10-06 02:19:06,40000.0,200.0,92300.0
645,2021-10-06 02:19:06,40000.0,400.0,92100.0
646,2021-10-06 02:19:06,40000.0,1300.0,91700.0
647,2021-10-06 02:19:06,40000.0,900.0,90400.0
648,2021-10-06 02:19:06,40050.0,100.0,89500.0
649,2021-10-06 02:19:06,40050.0,400.0,89400.0
650,2021-10-06 02:19:06,40100.0,500.0,89000.0
651,2021-10-06 02:19:06,40100.0,100.0,88500.0
652,2021-10-06 02:19:06,40100.0,1100.0,88400.0
653,2021-10-06 02:19:01,40100.0,900.0,87300.0
654,2021-10-06 02:19:01,40150.0,500.0,86400.0
655,2021-10-06 02:18:05,40050.0,500.0,85900.0
656,2021-10-06 02:17:56,40000.0,1100.0,85400.0
657,2021-10-06 02:17:56,40000.0,1000.0,84300.0
658,2021-10-06 02:17:56,40000.0,1000.0,83300.0
659,2021-10-06 02:17:56,40000.0,4000.0,82300.0
660,2021-10-06 02:17:56,40000.0,100.0,78300.0
661,2021-10-06 02:17:56,40000.0,200.0,78200.0
662,2021-10-06 02:17:56,40000.0,100.0,78000.0
663,2021-10-06 02:17:56,40000.0,300.0,77900.0
664,2021-10-06 02:17:56,40000.0,100.0,77600.0
665,2021-10-06 02:17:56,40000.0,100.0,77500.0
666,2021-10-06 02:17:28,40000.0,100.0,77400.0
667,2021-10-06 02:17:28,40000.0,300.0,77300.0
668,2021-10-06 02:17:28,40000.0,1100.0,77000.0
669,2021-10-06 02:17:28,40000.0,100.0,75900.0
670,2021-10-06 02:17:28,40000.0,400.0,75800.0
671,2021-10-06 02:17:18,40000.0,100.0,75400.0
672,2021-10-06 02:17:15,40000.0,500.0,75300.0
673,2021-10-06 02:17:15,40000.0,1500.0,74800.0
674,2021-10-06 02:17:03,40000.0,2500.0,73300.0
675,2021-10-06 02:17:03,40000.0,200.0,70800.0
676,2021-10-06 02:17:03,40000.0,700.0,70600.0
677,2021-10-06 02:17:03,40000.0,500.0,69900.0
678,2021-10-06 02:17:03,40000.0,300.0,69400.0
679,2021-10-06 02:17:03,40000.0,200.0,69100.0
680,2021-10-06 02:17:03,40400.0,600.0,68900.0
681,2021-10-06 02:16:51,40000.0,200.0,68300.0
682,2021-10-06 02:16:51,40000.0,200.0,68100.0
683,2021-10-06 02:16:51,40000.0,400.0,67900.0
684,2021-10-06 02:16:51,40000.0,500.0,67500.0
685,2021-10-06 02:16:51,40000.0,300.0,67000.0
686,2021-10-06 02:16:51,40000.0,400.0,66700.0
687,2021-10-06 02:16:51,40000.0,500.0,66300.0
688,2021-10-06 02:16:51,40000.0,500.0,65800.0
689,2021-10-06 02:16:51,40100.0,100.0,65300.0
690,2021-10-06 02:16:51,40100.0,1800.0,65200.0
691,2021-10-06 02:16:51,40400.0,100.0,63400.0
692,2021-10-06 02:16:22,40600.0,5000.0,63300.0
693,2021-10-06 02:15:56,40000.0,200.0,58300.0
694,2021-10-06 02:15:56,40000.0,300.0,58100.0
695,2021-10-06 02:15:56,40000.0,100.0,57800.0
696,2021-10-06 02:15:56,40000.0,200.0,57700.0
697,2021-10-06 02:15:56,40000.0,200.0,57500.0
698,2021-10-06 02:15:38,40000.0,500.0,57300.0
699,2021-10-06 02:15:38,40000.0,300.0,56800.0
700,2021-10-06 02:15:38,40000.0,100.0,56500.0
701,2021-10-06 02:15:38,40000.0,200.0,56400.0
702,2021-10-06 02:15:38,40000.0,1900.0,56200.0
703,2021-10-06 02:15:25,40000.0,3100.0,54300.0
704,2021-10-06 02:15:25,40000.0,100.0,51200.0
705,2021-10-06 02:15:25,40000.0,3000.0,51100.0
706,2021-10-06 02:15:25,40000.0,100.0,48100.0
707,2021-10-06 02:15:25,40000.0,1000.0,48000.0
708,2021-10-06 02:15:25,40000.0,100.0,47000.0
709,2021-10-06 02:15:25,40000.0,100.0,46900.0
710,2021-10-06 02:15:25,40000.0,100.0,46800.0
711,2021-10-06 02:15:25,40000.0,100.0,46700.0
712,2021-10-06 02:15:25,40000.0,2000.0,46600.0
713,2021-10-06 02:15:25,40000.0,700.0,44600.0
714,2021-10-06 02:15:25,40000.0,500.0,43900.0
715,2021-10-06 02:15:25,40000.0,100.0,43400.0
716,2021-10-06 02:15:25,40050.0,3000.0,43300.0
717,2021-10-06 02:15:25,40050.0,1000.0,40300.0
718,2021-10-06 02:15:01,40050.0,1500.0,39300.0
719,2021-10-06 02:15:01,40050.0,1000.0,37800.0
720,2021-10-06 02:15:01,40050.0,1500.0,36800.0
721,2021-10-06 02:15:01,40050.0,500.0,35300.0
722,2021-10-06 02:15:01,40050.0,100.0,34800.0
723,2021-10-06 02:15:01,40050.0,400.0,34700.0
724,2021-10-06 02:15:01,40050.0,100.0,34300.0
725,2021-10-06 02:15:01,40050.0,200.0,34200.0
726,2021-10-06 02:15:01,40050.0,100.0,34000.0
727,2021-10-06 02:15:01,40050.0,2100.0,33900.0
728,2021-10-06 02:15:01,40050.0,2900.0,31800.0
729,2021-10-06 02:15:01,40050.0,100.0,28900.0
730,2021-10-06 02:15:01,40050.0,100.0,28800.0
731,2021-10-06 02:15:01,40050.0,1000.0,28700.0
732,2021-10-06 02:15:01,40050.0,400.0,27700.0
733,2021-10-06 02:15:01,40050.0,400.0,27300.0
734,2021-10-06 02:15:01,40050.0,2000.0,26900.0
735,2021-10-06 02:15:01,40050.0,4000.0,24900.0
736,2021-10-06 02:15:01,40050.0,4000.0,20900.0
737,2021-10-06 02:15:01,40050.0,100.0,16900.0
738,2021-10-06 02:15:01,40050.0,200.0,16800.0
739,2021-10-06 02:15:01,40050.0,500.0,16600.0
740,2021-10-06 02:15:01,40050.0,100.0,16100.0
741,2021-10-06 02:15:01,40050.0,4200.0,16000.0
742,2021-10-06 02:15:01,40050.0,5000.0,11800.0
743,2021-10-06 02:15:01,40050.0,5900.0,6800.0
744,2021-10-06 02:15:01,40050.0,400.0,900.0
745,2021-10-06 02:15:01,40050.0,500.0,500.0
