,Time,Price,Volume_per_trade,Volume
0,2021-10-21 07:45:01,43250.0,800.0,2625100.0
1,2021-10-21 07:45:01,43250.0,1000.0,2624300.0
2,2021-10-21 07:45:01,43250.0,100.0,2623300.0
3,2021-10-21 07:45:01,43250.0,700.0,2623200.0
4,2021-10-21 07:45:01,43250.0,500.0,2622500.0
5,2021-10-21 07:45:01,43250.0,100.0,2622000.0
6,2021-10-21 07:45:01,43250.0,200.0,2621900.0
7,2021-10-21 07:45:01,43250.0,500.0,2621700.0
8,2021-10-21 07:45:01,43250.0,1000.0,2621200.0
9,2021-10-21 07:45:01,43250.0,2000.0,2620200.0
10,2021-10-21 07:45:01,43250.0,500.0,2618200.0
11,2021-10-21 07:45:01,43250.0,8000.0,2617700.0
12,2021-10-21 07:45:01,43250.0,1000.0,2609700.0
13,2021-10-21 07:45:01,43250.0,1300.0,2608700.0
14,2021-10-21 07:45:01,43250.0,1000.0,2607400.0
15,2021-10-21 07:45:01,43250.0,1000.0,2606400.0
16,2021-10-21 07:45:01,43250.0,2000.0,2605400.0
17,2021-10-21 07:45:01,43250.0,500.0,2603400.0
18,2021-10-21 07:45:01,43250.0,4500.0,2602900.0
19,2021-10-21 07:45:01,43250.0,1000.0,2598400.0
20,2021-10-21 07:45:01,43250.0,400.0,2597400.0
21,2021-10-21 07:45:01,43250.0,2000.0,2597000.0
22,2021-10-21 07:45:01,43250.0,300.0,2595000.0
23,2021-10-21 07:45:01,43250.0,500.0,2594700.0
24,2021-10-21 07:45:01,43250.0,200.0,2594200.0
25,2021-10-21 07:45:01,43250.0,500.0,2594000.0
26,2021-10-21 07:45:01,43250.0,1000.0,2593500.0
27,2021-10-21 07:45:01,43250.0,300.0,2592500.0
28,2021-10-21 07:45:01,43250.0,1000.0,2592200.0
29,2021-10-21 07:45:01,43250.0,500.0,2591200.0
30,2021-10-21 07:45:01,43250.0,100.0,2590700.0
31,2021-10-21 07:45:01,43250.0,100.0,2590600.0
32,2021-10-21 07:45:01,43250.0,1600.0,2590500.0
33,2021-10-21 07:45:01,43250.0,1000.0,2588900.0
34,2021-10-21 07:45:01,43250.0,200.0,2587900.0
35,2021-10-21 07:45:01,43250.0,200.0,2587700.0
36,2021-10-21 07:45:01,43250.0,100.0,2587500.0
37,2021-10-21 07:45:01,43250.0,200.0,2587400.0
38,2021-10-21 07:45:01,43250.0,600.0,2587200.0
39,2021-10-21 07:45:01,43250.0,200.0,2586600.0
40,2021-10-21 07:45:01,43250.0,300.0,2586400.0
41,2021-10-21 07:45:01,43250.0,200.0,2586100.0
42,2021-10-21 07:45:01,43250.0,300.0,2585900.0
43,2021-10-21 07:45:01,43250.0,200.0,2585600.0
44,2021-10-21 07:45:01,43250.0,400.0,2585400.0
45,2021-10-21 07:45:01,43250.0,500.0,2585000.0
46,2021-10-21 07:45:01,43250.0,2000.0,2584500.0
47,2021-10-21 07:45:01,43250.0,9300.0,2582500.0
48,2021-10-21 07:45:01,43250.0,300.0,2573200.0
49,2021-10-21 07:45:01,43250.0,500.0,2572900.0
50,2021-10-21 07:45:01,43250.0,2000.0,2572400.0
51,2021-10-21 07:45:01,43250.0,100.0,2570400.0
52,2021-10-21 07:45:01,43250.0,200.0,2570300.0
53,2021-10-21 07:45:01,43250.0,1000.0,2570100.0
54,2021-10-21 07:45:01,43250.0,3900.0,2569100.0
55,2021-10-21 07:45:01,43250.0,2000.0,2565200.0
56,2021-10-21 07:45:01,43250.0,100.0,2563200.0
57,2021-10-21 07:45:01,43250.0,3000.0,2563100.0
58,2021-10-21 07:45:01,43250.0,200.0,2560100.0
59,2021-10-21 07:45:01,43250.0,300.0,2559900.0
60,2021-10-21 07:45:01,43250.0,1000.0,2559600.0
61,2021-10-21 07:45:01,43250.0,100.0,2558600.0
62,2021-10-21 07:45:01,43250.0,100.0,2558500.0
63,2021-10-21 07:45:01,43250.0,800.0,2558400.0
64,2021-10-21 07:45:01,43250.0,500.0,2557600.0
65,2021-10-21 07:45:01,43250.0,500.0,2557100.0
66,2021-10-21 07:45:01,43250.0,200.0,2556600.0
67,2021-10-21 07:45:01,43250.0,200.0,2556400.0
68,2021-10-21 07:45:01,43250.0,300.0,2556200.0
69,2021-10-21 07:45:01,43250.0,500.0,2555900.0
70,2021-10-21 07:45:01,43250.0,1300.0,2555400.0
71,2021-10-21 07:45:01,43250.0,100.0,2554100.0
72,2021-10-21 07:45:01,43250.0,4000.0,2554000.0
73,2021-10-21 07:45:01,43250.0,7800.0,2550000.0
74,2021-10-21 07:45:01,43250.0,1000.0,2542200.0
75,2021-10-21 07:45:01,43250.0,500.0,2541200.0
76,2021-10-21 07:45:01,43250.0,300.0,2540700.0
77,2021-10-21 07:45:01,43250.0,200.0,2540400.0
78,2021-10-21 07:45:01,43250.0,200.0,2540200.0
79,2021-10-21 07:45:01,43250.0,300.0,2540000.0
80,2021-10-21 07:45:01,43250.0,200.0,2539700.0
81,2021-10-21 07:45:01,43250.0,200.0,2539500.0
82,2021-10-21 07:45:01,43250.0,600.0,2539300.0
83,2021-10-21 07:45:01,43250.0,200.0,2538700.0
84,2021-10-21 07:45:01,43250.0,300.0,2538500.0
85,2021-10-21 07:45:01,43250.0,1700.0,2538200.0
86,2021-10-21 07:45:01,43250.0,1200.0,2536500.0
87,2021-10-21 07:45:01,43250.0,5000.0,2535300.0
88,2021-10-21 07:45:01,43250.0,800.0,2530300.0
89,2021-10-21 07:45:01,43250.0,300.0,2529500.0
90,2021-10-21 07:45:01,43250.0,1000.0,2529200.0
91,2021-10-21 07:45:01,43250.0,1000.0,2528200.0
92,2021-10-21 07:45:01,43250.0,100.0,2527200.0
93,2021-10-21 07:45:01,43250.0,1800.0,2527100.0
94,2021-10-21 07:45:01,43250.0,200.0,2525300.0
95,2021-10-21 07:45:01,43250.0,100.0,2525100.0
96,2021-10-21 07:45:01,43250.0,200.0,2525000.0
97,2021-10-21 07:45:01,43250.0,4500.0,2524800.0
98,2021-10-21 07:45:01,43250.0,5000.0,2520300.0
99,2021-10-21 07:45:01,43250.0,1200.0,2515300.0
100,2021-10-21 07:45:01,43250.0,300.0,2514100.0
101,2021-10-21 07:45:01,43250.0,200.0,2513800.0
102,2021-10-21 07:45:01,43250.0,500.0,2513600.0
103,2021-10-21 07:30:00,43200.0,200.0,2513100.0
104,2021-10-21 07:29:55,43200.0,6900.0,2512900.0
105,2021-10-21 07:29:55,43200.0,10000.0,2506000.0
106,2021-10-21 07:29:55,43200.0,500.0,2496000.0
107,2021-10-21 07:29:55,43200.0,100.0,2495500.0
108,2021-10-21 07:29:55,43200.0,200.0,2495400.0
109,2021-10-21 07:29:55,43200.0,1300.0,2495200.0
110,2021-10-21 07:29:55,43200.0,1000.0,2493900.0
111,2021-10-21 07:29:53,43200.0,100.0,2492900.0
112,2021-10-21 07:29:53,43200.0,100.0,2492800.0
113,2021-10-21 07:29:48,43200.0,500.0,2492700.0
114,2021-10-21 07:29:48,43200.0,1500.0,2492200.0
115,2021-10-21 07:29:40,43200.0,100.0,2490700.0
116,2021-10-21 07:29:33,43200.0,1000.0,2490600.0
117,2021-10-21 07:29:30,43100.0,500.0,2489600.0
118,2021-10-21 07:29:28,43200.0,4000.0,2489100.0
119,2021-10-21 07:29:17,43200.0,100.0,2485100.0
120,2021-10-21 07:29:13,43200.0,500.0,2485000.0
121,2021-10-21 07:29:09,43200.0,100.0,2484500.0
122,2021-10-21 07:29:06,43200.0,400.0,2484400.0
123,2021-10-21 07:29:04,43200.0,100.0,2484000.0
124,2021-10-21 07:29:03,43200.0,100.0,2483900.0
125,2021-10-21 07:29:01,43200.0,4000.0,2483800.0
126,2021-10-21 07:28:59,43200.0,3000.0,2479800.0
127,2021-10-21 07:28:58,43200.0,600.0,2476800.0
128,2021-10-21 07:28:57,43200.0,100.0,2476200.0
129,2021-10-21 07:28:57,43200.0,1000.0,2476100.0
130,2021-10-21 07:28:56,43100.0,800.0,2475100.0
131,2021-10-21 07:28:56,43100.0,200.0,2474300.0
132,2021-10-21 07:28:55,43200.0,500.0,2474100.0
133,2021-10-21 07:28:50,43200.0,500.0,2473600.0
134,2021-10-21 07:28:44,43200.0,300.0,2473100.0
135,2021-10-21 07:28:42,43200.0,7000.0,2472800.0
136,2021-10-21 07:28:38,43200.0,200.0,2465800.0
137,2021-10-21 07:28:37,43200.0,1000.0,2465600.0
138,2021-10-21 07:28:36,43200.0,800.0,2464600.0
139,2021-10-21 07:28:30,43100.0,2000.0,2463800.0
140,2021-10-21 07:28:30,43100.0,3000.0,2461800.0
141,2021-10-21 07:28:26,43100.0,5000.0,2458800.0
142,2021-10-21 07:28:24,43200.0,200.0,2453800.0
143,2021-10-21 07:28:23,43200.0,1400.0,2453600.0
144,2021-10-21 07:28:20,43200.0,200.0,2452200.0
145,2021-10-21 07:28:20,43200.0,10000.0,2452000.0
146,2021-10-21 07:28:17,43200.0,400.0,2442000.0
147,2021-10-21 07:28:14,43200.0,200.0,2441600.0
148,2021-10-21 07:28:10,43200.0,400.0,2441400.0
149,2021-10-21 07:28:05,43200.0,200.0,2441000.0
150,2021-10-21 07:28:05,43200.0,500.0,2440800.0
151,2021-10-21 07:28:00,43200.0,100.0,2440300.0
152,2021-10-21 07:28:00,43200.0,600.0,2440200.0
153,2021-10-21 07:28:00,43200.0,5000.0,2439600.0
154,2021-10-21 07:28:00,43200.0,1000.0,2434600.0
155,2021-10-21 07:28:00,43200.0,500.0,2433600.0
156,2021-10-21 07:28:00,43200.0,900.0,2433100.0
157,2021-10-21 07:28:00,43200.0,500.0,2432200.0
158,2021-10-21 07:28:00,43200.0,500.0,2431700.0
159,2021-10-21 07:28:00,43200.0,200.0,2431200.0
160,2021-10-21 07:28:00,43200.0,5000.0,2431000.0
161,2021-10-21 07:28:00,43200.0,200.0,2426000.0
162,2021-10-21 07:28:00,43200.0,500.0,2425800.0
163,2021-10-21 07:28:00,43200.0,700.0,2425300.0
164,2021-10-21 07:28:00,43200.0,600.0,2424600.0
165,2021-10-21 07:28:00,43200.0,3300.0,2424000.0
166,2021-10-21 07:27:57,43250.0,100.0,2420700.0
167,2021-10-21 07:27:57,43200.0,500.0,2420600.0
168,2021-10-21 07:27:54,43250.0,700.0,2420100.0
169,2021-10-21 07:27:52,43200.0,2000.0,2419400.0
170,2021-10-21 07:27:50,43250.0,600.0,2417400.0
171,2021-10-21 07:27:47,43200.0,100.0,2416800.0
172,2021-10-21 07:27:47,43200.0,200.0,2416700.0
173,2021-10-21 07:27:39,43200.0,500.0,2416500.0
174,2021-10-21 07:27:39,43250.0,5000.0,2416000.0
175,2021-10-21 07:27:31,43200.0,3400.0,2411000.0
176,2021-10-21 07:27:31,43200.0,1000.0,2407600.0
177,2021-10-21 07:27:31,43200.0,600.0,2406600.0
178,2021-10-21 07:27:24,43200.0,100.0,2406000.0
179,2021-10-21 07:27:23,43250.0,300.0,2405900.0
180,2021-10-21 07:27:20,43250.0,1000.0,2405600.0
181,2021-10-21 07:27:18,43200.0,1000.0,2404600.0
182,2021-10-21 07:27:17,43250.0,100.0,2403600.0
183,2021-10-21 07:27:13,43200.0,300.0,2403500.0
184,2021-10-21 07:27:13,43200.0,300.0,2403200.0
185,2021-10-21 07:27:12,43200.0,300.0,2402900.0
186,2021-10-21 07:27:12,43250.0,1000.0,2402600.0
187,2021-10-21 07:27:10,43200.0,400.0,2401600.0
188,2021-10-21 07:27:10,43200.0,3100.0,2401200.0
189,2021-10-21 07:27:08,43250.0,1000.0,2398100.0
190,2021-10-21 07:27:06,43250.0,2000.0,2397100.0
191,2021-10-21 07:27:01,43250.0,1000.0,2395100.0
192,2021-10-21 07:26:55,43250.0,300.0,2394100.0
193,2021-10-21 07:26:54,43250.0,2500.0,2393800.0
194,2021-10-21 07:26:54,43200.0,1900.0,2391300.0
195,2021-10-21 07:26:54,43200.0,1000.0,2389400.0
196,2021-10-21 07:26:54,43200.0,2100.0,2388400.0
197,2021-10-21 07:26:53,43250.0,1000.0,2386300.0
198,2021-10-21 07:26:53,43250.0,2600.0,2385300.0
199,2021-10-21 07:26:53,43250.0,2000.0,2382700.0
200,2021-10-21 07:26:52,43250.0,1600.0,2380700.0
201,2021-10-21 07:26:52,43250.0,200.0,2379100.0
202,2021-10-21 07:26:52,43250.0,1500.0,2378900.0
203,2021-10-21 07:26:52,43250.0,500.0,2377400.0
204,2021-10-21 07:26:52,43250.0,1100.0,2376900.0
205,2021-10-21 07:26:52,43250.0,2100.0,2375800.0
206,2021-10-21 07:26:50,43200.0,400.0,2373700.0
207,2021-10-21 07:26:50,43200.0,200.0,2373300.0
208,2021-10-21 07:26:50,43200.0,400.0,2373100.0
209,2021-10-21 07:26:46,43200.0,1100.0,2372700.0
210,2021-10-21 07:26:46,43200.0,1000.0,2371600.0
211,2021-10-21 07:26:46,43200.0,400.0,2370600.0
212,2021-10-21 07:26:45,43250.0,900.0,2370200.0
213,2021-10-21 07:26:41,43250.0,100.0,2369300.0
214,2021-10-21 07:26:40,43250.0,1000.0,2369200.0
215,2021-10-21 07:26:39,43250.0,500.0,2368200.0
216,2021-10-21 07:26:39,43200.0,400.0,2367700.0
217,2021-10-21 07:26:36,43250.0,200.0,2367300.0
218,2021-10-21 07:26:29,43200.0,500.0,2367100.0
219,2021-10-21 07:26:24,43250.0,1200.0,2366600.0
220,2021-10-21 07:26:24,43250.0,1000.0,2365400.0
221,2021-10-21 07:26:24,43200.0,200.0,2364400.0
222,2021-10-21 07:26:23,43250.0,2000.0,2364200.0
223,2021-10-21 07:26:20,43200.0,100.0,2362200.0
224,2021-10-21 07:26:14,43250.0,5000.0,2362100.0
225,2021-10-21 07:26:10,43250.0,800.0,2357100.0
226,2021-10-21 07:26:04,43250.0,10000.0,2356300.0
227,2021-10-21 07:26:01,43200.0,500.0,2346300.0
228,2021-10-21 07:25:58,43250.0,300.0,2345800.0
229,2021-10-21 07:25:56,43200.0,400.0,2345500.0
230,2021-10-21 07:25:56,43200.0,300.0,2345100.0
231,2021-10-21 07:25:55,43250.0,100.0,2344800.0
232,2021-10-21 07:25:54,43250.0,200.0,2344700.0
233,2021-10-21 07:25:53,43250.0,5200.0,2344500.0
234,2021-10-21 07:25:49,43200.0,200.0,2339300.0
235,2021-10-21 07:25:49,43200.0,300.0,2339100.0
236,2021-10-21 07:25:41,43250.0,400.0,2338800.0
237,2021-10-21 07:25:39,43250.0,1200.0,2338400.0
238,2021-10-21 07:25:37,43250.0,2600.0,2337200.0
239,2021-10-21 07:25:37,43250.0,100.0,2334600.0
240,2021-10-21 07:25:26,43250.0,2000.0,2334500.0
241,2021-10-21 07:25:24,43250.0,100.0,2332500.0
242,2021-10-21 07:25:22,43250.0,300.0,2332400.0
243,2021-10-21 07:25:16,43250.0,6200.0,2332100.0
244,2021-10-21 07:25:12,43250.0,3000.0,2325900.0
245,2021-10-21 07:25:12,43200.0,4700.0,2322900.0
246,2021-10-21 07:25:12,43200.0,300.0,2318200.0
247,2021-10-21 07:25:10,43250.0,3500.0,2317900.0
248,2021-10-21 07:25:10,43250.0,1000.0,2314400.0
249,2021-10-21 07:25:10,43250.0,3000.0,2313400.0
250,2021-10-21 07:25:10,43250.0,5000.0,2310400.0
251,2021-10-21 07:25:10,43250.0,4300.0,2305400.0
252,2021-10-21 07:25:04,43250.0,5000.0,2301100.0
253,2021-10-21 07:25:03,43250.0,200.0,2296100.0
254,2021-10-21 07:25:01,43250.0,100.0,2295900.0
255,2021-10-21 07:25:00,43250.0,300.0,2295800.0
256,2021-10-21 07:24:59,43250.0,100.0,2295500.0
257,2021-10-21 07:24:57,43250.0,1000.0,2295400.0
258,2021-10-21 07:24:53,43250.0,200.0,2294400.0
259,2021-10-21 07:24:50,43250.0,100.0,2294200.0
260,2021-10-21 07:24:50,43250.0,1000.0,2294100.0
261,2021-10-21 07:24:48,43250.0,500.0,2293100.0
262,2021-10-21 07:24:46,43250.0,500.0,2292600.0
263,2021-10-21 07:24:45,43250.0,200.0,2292100.0
264,2021-10-21 07:24:43,43250.0,3000.0,2291900.0
265,2021-10-21 07:24:38,43250.0,500.0,2288900.0
266,2021-10-21 07:24:36,43250.0,2000.0,2288400.0
267,2021-10-21 07:24:36,43250.0,2000.0,2286400.0
268,2021-10-21 07:24:35,43250.0,600.0,2284400.0
269,2021-10-21 07:24:34,43250.0,100.0,2283800.0
270,2021-10-21 07:24:33,43250.0,4600.0,2283700.0
271,2021-10-21 07:24:33,43250.0,6000.0,2279100.0
272,2021-10-21 07:24:30,43250.0,1200.0,2273100.0
273,2021-10-21 07:24:30,43250.0,700.0,2271900.0
274,2021-10-21 07:24:20,43250.0,100.0,2271200.0
275,2021-10-21 07:24:18,43250.0,100.0,2271100.0
276,2021-10-21 07:24:18,43250.0,5000.0,2271000.0
277,2021-10-21 07:24:15,43250.0,4000.0,2266000.0
278,2021-10-21 07:24:14,43250.0,500.0,2262000.0
279,2021-10-21 07:24:08,43250.0,200.0,2261500.0
280,2021-10-21 07:24:08,43250.0,1000.0,2261300.0
281,2021-10-21 07:24:01,43250.0,100.0,2260300.0
282,2021-10-21 07:24:00,43250.0,200.0,2260200.0
283,2021-10-21 07:23:52,43250.0,4600.0,2260000.0
284,2021-10-21 07:23:52,43250.0,100.0,2255400.0
285,2021-10-21 07:23:52,43250.0,100.0,2255300.0
286,2021-10-21 07:23:49,43250.0,200.0,2255200.0
287,2021-10-21 07:23:44,43250.0,4200.0,2255000.0
288,2021-10-21 07:23:39,43250.0,700.0,2250800.0
289,2021-10-21 07:23:38,43250.0,200.0,2250100.0
290,2021-10-21 07:23:37,43250.0,600.0,2249900.0
291,2021-10-21 07:23:32,43250.0,4000.0,2249300.0
292,2021-10-21 07:23:28,43050.0,200.0,2245300.0
293,2021-10-21 07:23:16,43250.0,400.0,2245100.0
294,2021-10-21 07:23:15,43250.0,200.0,2244700.0
295,2021-10-21 07:23:14,43250.0,15000.0,2244500.0
296,2021-10-21 07:23:10,43000.0,200.0,2229500.0
297,2021-10-21 07:23:05,43250.0,500.0,2229300.0
298,2021-10-21 07:23:02,43000.0,1900.0,2228800.0
299,2021-10-21 07:23:02,43050.0,100.0,2226900.0
300,2021-10-21 07:23:02,43250.0,200.0,2226800.0
301,2021-10-21 07:22:55,43250.0,100.0,2226600.0
302,2021-10-21 07:22:53,43250.0,1000.0,2226500.0
303,2021-10-21 07:22:50,43250.0,100.0,2225500.0
304,2021-10-21 07:22:42,43250.0,100.0,2225400.0
305,2021-10-21 07:22:42,43250.0,300.0,2225300.0
306,2021-10-21 07:22:38,43250.0,5000.0,2225000.0
307,2021-10-21 07:22:35,43250.0,5000.0,2220000.0
308,2021-10-21 07:22:33,43250.0,2000.0,2215000.0
309,2021-10-21 07:22:33,43000.0,6000.0,2213000.0
310,2021-10-21 07:22:32,43250.0,1000.0,2207000.0
311,2021-10-21 07:22:32,43250.0,1000.0,2206000.0
312,2021-10-21 07:22:30,43300.0,2600.0,2205000.0
313,2021-10-21 07:22:30,43300.0,400.0,2202400.0
314,2021-10-21 07:22:30,43300.0,5100.0,2202000.0
315,2021-10-21 07:22:28,43300.0,400.0,2196900.0
316,2021-10-21 07:22:28,43300.0,200.0,2196500.0
317,2021-10-21 07:22:24,43300.0,200.0,2196300.0
318,2021-10-21 07:22:24,43300.0,1000.0,2196100.0
319,2021-10-21 07:22:24,43300.0,200.0,2195100.0
320,2021-10-21 07:22:24,43300.0,3000.0,2194900.0
321,2021-10-21 07:22:24,43300.0,1000.0,2191900.0
322,2021-10-21 07:22:24,43300.0,8700.0,2190900.0
323,2021-10-21 07:22:24,43250.0,200.0,2182200.0
324,2021-10-21 07:22:19,43300.0,11300.0,2182000.0
325,2021-10-21 07:22:19,43300.0,2500.0,2170700.0
326,2021-10-21 07:22:19,43300.0,100.0,2168200.0
327,2021-10-21 07:22:19,43300.0,200.0,2168100.0
328,2021-10-21 07:22:19,43300.0,100.0,2167900.0
329,2021-10-21 07:22:19,43300.0,1000.0,2167800.0
330,2021-10-21 07:22:19,43300.0,300.0,2166800.0
331,2021-10-21 07:22:19,43300.0,200.0,2166500.0
332,2021-10-21 07:22:19,43300.0,2000.0,2166300.0
333,2021-10-21 07:22:19,43300.0,200.0,2164300.0
334,2021-10-21 07:22:19,43300.0,5000.0,2164100.0
335,2021-10-21 07:22:19,43300.0,2000.0,2159100.0
336,2021-10-21 07:22:19,43300.0,2000.0,2157100.0
337,2021-10-21 07:22:19,43300.0,2600.0,2155100.0
338,2021-10-21 07:22:19,43300.0,100.0,2152500.0
339,2021-10-21 07:22:19,43300.0,400.0,2152400.0
340,2021-10-21 07:22:19,43300.0,100.0,2152000.0
341,2021-10-21 07:22:19,43300.0,500.0,2151900.0
342,2021-10-21 07:22:19,43300.0,3500.0,2151400.0
343,2021-10-21 07:22:19,43300.0,12000.0,2147900.0
344,2021-10-21 07:22:19,43300.0,1300.0,2135900.0
345,2021-10-21 07:22:19,43300.0,1000.0,2134600.0
346,2021-10-21 07:22:19,43300.0,14000.0,2133600.0
347,2021-10-21 07:22:19,43300.0,10000.0,2119600.0
348,2021-10-21 07:22:19,43300.0,100.0,2109600.0
349,2021-10-21 07:22:19,43300.0,5000.0,2109500.0
350,2021-10-21 07:22:19,43300.0,200.0,2104500.0
351,2021-10-21 07:22:19,43300.0,1000.0,2104300.0
352,2021-10-21 07:22:19,43300.0,100.0,2103300.0
353,2021-10-21 07:22:19,43300.0,2000.0,2103200.0
354,2021-10-21 07:22:19,43300.0,2000.0,2101200.0
355,2021-10-21 07:22:19,43300.0,100.0,2099200.0
356,2021-10-21 07:22:19,43300.0,1600.0,2099100.0
357,2021-10-21 07:22:19,43300.0,2000.0,2097500.0
358,2021-10-21 07:22:19,43300.0,1000.0,2095500.0
359,2021-10-21 07:22:19,43300.0,300.0,2094500.0
360,2021-10-21 07:22:19,43300.0,200.0,2094200.0
361,2021-10-21 07:22:19,43300.0,500.0,2094000.0
362,2021-10-21 07:22:19,43300.0,500.0,2093500.0
363,2021-10-21 07:22:19,43300.0,1000.0,2093000.0
364,2021-10-21 07:22:19,43300.0,1800.0,2092000.0
365,2021-10-21 07:22:19,43300.0,2000.0,2090200.0
366,2021-10-21 07:22:19,43300.0,5000.0,2088200.0
367,2021-10-21 07:22:19,43300.0,500.0,2083200.0
368,2021-10-21 07:22:19,43300.0,700.0,2082700.0
369,2021-10-21 07:22:14,43300.0,300.0,2082000.0
370,2021-10-21 07:22:14,43300.0,500.0,2081700.0
371,2021-10-21 07:22:14,43300.0,1000.0,2081200.0
372,2021-10-21 07:22:14,43300.0,100.0,2080200.0
373,2021-10-21 07:22:06,43300.0,1000.0,2080100.0
374,2021-10-21 07:22:04,43300.0,200.0,2079100.0
375,2021-10-21 07:22:03,43000.0,3200.0,2078900.0
376,2021-10-21 07:22:03,43000.0,1800.0,2075700.0
377,2021-10-21 07:21:58,43300.0,700.0,2073900.0
378,2021-10-21 07:21:58,43300.0,200.0,2073200.0
379,2021-10-21 07:21:58,43200.0,100.0,2073000.0
380,2021-10-21 07:21:42,43000.0,1000.0,2072900.0
381,2021-10-21 07:21:41,43300.0,100.0,2071900.0
382,2021-10-21 07:21:41,43300.0,300.0,2071800.0
383,2021-10-21 07:21:41,43250.0,400.0,2071500.0
384,2021-10-21 07:21:41,43250.0,100.0,2071100.0
385,2021-10-21 07:21:41,43200.0,1000.0,2071000.0
386,2021-10-21 07:21:41,43200.0,200.0,2070000.0
387,2021-10-21 07:21:41,43200.0,500.0,2069800.0
388,2021-10-21 07:21:41,43200.0,100.0,2069300.0
389,2021-10-21 07:21:41,43200.0,100.0,2069200.0
390,2021-10-21 07:21:41,43200.0,100.0,2069100.0
391,2021-10-21 07:21:41,43200.0,100.0,2069000.0
392,2021-10-21 07:21:41,43200.0,500.0,2068900.0
393,2021-10-21 07:21:41,43200.0,2500.0,2068400.0
394,2021-10-21 07:21:41,43100.0,500.0,2065900.0
395,2021-10-21 07:21:41,43100.0,500.0,2065400.0
396,2021-10-21 07:21:41,43100.0,3000.0,2064900.0
397,2021-10-21 07:21:40,43000.0,12200.0,2061900.0
398,2021-10-21 07:21:40,43000.0,1000.0,2049700.0
399,2021-10-21 07:21:40,43000.0,16600.0,2048700.0
400,2021-10-21 07:21:40,43050.0,200.0,2032100.0
401,2021-10-21 07:21:34,43000.0,300.0,2031900.0
402,2021-10-21 07:21:33,43050.0,300.0,2031600.0
403,2021-10-21 07:21:27,43050.0,700.0,2031300.0
404,2021-10-21 07:21:15,43000.0,300.0,2030600.0
405,2021-10-21 07:21:15,43000.0,100.0,2030300.0
406,2021-10-21 07:21:15,43000.0,2700.0,2030200.0
407,2021-10-21 07:21:12,43000.0,500.0,2027500.0
408,2021-10-21 07:21:11,43000.0,100.0,2027000.0
409,2021-10-21 07:21:11,43000.0,100.0,2026900.0
410,2021-10-21 07:21:11,43000.0,400.0,2026800.0
411,2021-10-21 07:21:10,43000.0,2500.0,2026400.0
412,2021-10-21 07:21:09,43000.0,200.0,2023900.0
413,2021-10-21 07:21:08,43000.0,6900.0,2023700.0
414,2021-10-21 07:21:08,43000.0,100.0,2016800.0
415,2021-10-21 07:21:08,43000.0,700.0,2016700.0
416,2021-10-21 07:21:08,43000.0,300.0,2016000.0
417,2021-10-21 07:21:08,43000.0,2000.0,2015700.0
418,2021-10-21 07:21:08,43000.0,1000.0,2013700.0
419,2021-10-21 07:21:08,43000.0,2000.0,2012700.0
420,2021-10-21 07:21:08,43000.0,100.0,2010700.0
421,2021-10-21 07:21:08,43000.0,100.0,2010600.0
422,2021-10-21 07:21:08,43000.0,500.0,2010500.0
423,2021-10-21 07:21:08,43000.0,10000.0,2010000.0
424,2021-10-21 07:21:08,43000.0,500.0,2000000.0
425,2021-10-21 07:21:08,43000.0,100.0,1999500.0
426,2021-10-21 07:21:08,43000.0,1000.0,1999400.0
427,2021-10-21 07:21:08,43000.0,4700.0,1998400.0
428,2021-10-21 07:21:07,43000.0,1000.0,1993700.0
429,2021-10-21 07:21:07,43000.0,2300.0,1992700.0
430,2021-10-21 07:21:07,43000.0,500.0,1990400.0
431,2021-10-21 07:21:07,43000.0,100.0,1989900.0
432,2021-10-21 07:21:07,43000.0,100.0,1989800.0
433,2021-10-21 07:20:59,43000.0,500.0,1989700.0
434,2021-10-21 07:20:54,43000.0,3400.0,1989200.0
435,2021-10-21 07:20:54,43000.0,500.0,1985800.0
436,2021-10-21 07:20:54,43000.0,300.0,1985300.0
437,2021-10-21 07:20:54,43000.0,100.0,1985000.0
438,2021-10-21 07:20:54,43000.0,500.0,1984900.0
439,2021-10-21 07:20:54,43000.0,200.0,1984400.0
440,2021-10-21 07:20:54,43000.0,100.0,1984200.0
441,2021-10-21 07:20:52,43000.0,200.0,1984100.0
442,2021-10-21 07:20:44,43000.0,200.0,1983900.0
443,2021-10-21 07:20:44,43000.0,300.0,1983700.0
444,2021-10-21 07:20:44,43000.0,5000.0,1983400.0
445,2021-10-21 07:20:44,43000.0,3800.0,1978400.0
446,2021-10-21 07:20:43,43000.0,100.0,1974600.0
447,2021-10-21 07:20:43,43000.0,500.0,1974500.0
448,2021-10-21 07:20:41,43000.0,100.0,1974000.0
449,2021-10-21 07:20:39,43000.0,500.0,1973900.0
450,2021-10-21 07:20:39,43000.0,500.0,1973400.0
451,2021-10-21 07:20:36,43000.0,500.0,1972900.0
452,2021-10-21 07:20:36,43000.0,1000.0,1972400.0
453,2021-10-21 07:20:36,43000.0,400.0,1971400.0
454,2021-10-21 07:20:36,43000.0,1000.0,1971000.0
455,2021-10-21 07:20:36,43000.0,500.0,1970000.0
456,2021-10-21 07:20:36,43000.0,400.0,1969500.0
457,2021-10-21 07:20:34,43000.0,500.0,1969100.0
458,2021-10-21 07:20:32,43000.0,100.0,1968600.0
459,2021-10-21 07:20:32,43000.0,100.0,1968500.0
460,2021-10-21 07:20:32,43000.0,900.0,1968400.0
461,2021-10-21 07:20:32,42950.0,100.0,1967500.0
462,2021-10-21 07:20:30,43000.0,100.0,1967400.0
463,2021-10-21 07:20:30,43000.0,300.0,1967300.0
464,2021-10-21 07:20:26,43000.0,200.0,1967000.0
465,2021-10-21 07:20:26,43000.0,500.0,1966800.0
466,2021-10-21 07:20:21,43000.0,2000.0,1966300.0
467,2021-10-21 07:20:14,42950.0,200.0,1964300.0
468,2021-10-21 07:20:12,42950.0,1300.0,1964100.0
469,2021-10-21 07:20:12,42950.0,1000.0,1962800.0
470,2021-10-21 07:20:10,42950.0,1000.0,1961800.0
471,2021-10-21 07:20:04,42950.0,100.0,1960800.0
472,2021-10-21 07:20:03,42950.0,400.0,1960700.0
473,2021-10-21 07:20:03,42950.0,100.0,1960300.0
474,2021-10-21 07:19:57,42900.0,1000.0,1960200.0
475,2021-10-21 07:19:55,42950.0,6000.0,1959200.0
476,2021-10-21 07:19:53,42950.0,500.0,1953200.0
477,2021-10-21 07:19:52,42950.0,1000.0,1952700.0
478,2021-10-21 07:19:52,42950.0,4000.0,1951700.0
479,2021-10-21 07:19:50,42950.0,2500.0,1947700.0
480,2021-10-21 07:19:49,42950.0,200.0,1945200.0
481,2021-10-21 07:19:48,42950.0,1000.0,1945000.0
482,2021-10-21 07:19:48,42950.0,1000.0,1944000.0
483,2021-10-21 07:19:47,42950.0,12000.0,1943000.0
484,2021-10-21 07:19:46,42950.0,1800.0,1931000.0
485,2021-10-21 07:19:46,42950.0,200.0,1929200.0
486,2021-10-21 07:19:45,42950.0,300.0,1929000.0
487,2021-10-21 07:19:44,42950.0,100.0,1928700.0
488,2021-10-21 07:19:44,42950.0,100.0,1928600.0
489,2021-10-21 07:19:43,42950.0,300.0,1928500.0
490,2021-10-21 07:19:43,42950.0,100.0,1928200.0
491,2021-10-21 07:19:42,42950.0,200.0,1928100.0
492,2021-10-21 07:19:42,42900.0,100.0,1927900.0
493,2021-10-21 07:19:41,42950.0,400.0,1927800.0
494,2021-10-21 07:19:41,42950.0,300.0,1927400.0
495,2021-10-21 07:19:37,42950.0,2000.0,1927100.0
496,2021-10-21 07:19:32,42950.0,2700.0,1925100.0
497,2021-10-21 07:19:32,42950.0,200.0,1922400.0
498,2021-10-21 07:19:32,42950.0,100.0,1922200.0
499,2021-10-21 07:19:22,42900.0,100.0,1922100.0
500,2021-10-21 07:19:22,42900.0,100.0,1922000.0
501,2021-10-21 07:19:20,42900.0,300.0,1921900.0
502,2021-10-21 07:19:20,42900.0,700.0,1921600.0
503,2021-10-21 07:19:19,42900.0,800.0,1920900.0
504,2021-10-21 07:19:18,42900.0,100.0,1920100.0
505,2021-10-21 07:19:17,42900.0,500.0,1920000.0
506,2021-10-21 07:19:15,42900.0,2000.0,1919500.0
507,2021-10-21 07:19:15,42900.0,500.0,1917500.0
508,2021-10-21 07:19:15,42900.0,300.0,1917000.0
509,2021-10-21 07:19:12,42900.0,100.0,1916700.0
510,2021-10-21 07:19:12,42900.0,1000.0,1916600.0
511,2021-10-21 07:19:12,42900.0,2900.0,1915600.0
512,2021-10-21 07:19:12,42900.0,100.0,1912700.0
513,2021-10-21 07:19:12,42900.0,900.0,1912600.0
514,2021-10-21 07:19:10,42900.0,100.0,1911700.0
515,2021-10-21 07:19:10,42900.0,200.0,1911600.0
516,2021-10-21 07:19:06,42900.0,800.0,1911400.0
517,2021-10-21 07:19:06,42900.0,200.0,1910600.0
518,2021-10-21 07:19:04,42900.0,300.0,1910400.0
519,2021-10-21 07:19:01,42900.0,500.0,1910100.0
520,2021-10-21 07:19:01,42900.0,1500.0,1909600.0
521,2021-10-21 07:18:58,42900.0,1600.0,1908100.0
522,2021-10-21 07:18:58,42900.0,1000.0,1906500.0
523,2021-10-21 07:18:57,42900.0,1000.0,1905500.0
524,2021-10-21 07:18:57,42850.0,100.0,1904500.0
525,2021-10-21 07:18:56,42900.0,500.0,1904400.0
526,2021-10-21 07:18:54,42900.0,1000.0,1903900.0
527,2021-10-21 07:18:54,42900.0,300.0,1902900.0
528,2021-10-21 07:18:53,42900.0,1000.0,1902600.0
529,2021-10-21 07:18:46,42900.0,500.0,1901600.0
530,2021-10-21 07:18:43,42900.0,1000.0,1901100.0
531,2021-10-21 07:18:37,42900.0,100.0,1900100.0
532,2021-10-21 07:18:37,42900.0,500.0,1900000.0
533,2021-10-21 07:18:37,42900.0,3000.0,1899500.0
534,2021-10-21 07:18:36,42900.0,200.0,1896500.0
535,2021-10-21 07:18:36,42900.0,400.0,1896300.0
536,2021-10-21 07:18:31,42900.0,1000.0,1895900.0
537,2021-10-21 07:18:31,42900.0,1000.0,1894900.0
538,2021-10-21 07:18:30,42900.0,1000.0,1893900.0
539,2021-10-21 07:18:26,42900.0,500.0,1892900.0
540,2021-10-21 07:18:23,42900.0,100.0,1892400.0
541,2021-10-21 07:18:23,42900.0,300.0,1892300.0
542,2021-10-21 07:18:20,42900.0,2000.0,1892000.0
543,2021-10-21 07:18:19,42900.0,500.0,1890000.0
544,2021-10-21 07:18:19,42900.0,100.0,1889500.0
545,2021-10-21 07:18:19,42900.0,300.0,1889400.0
546,2021-10-21 07:18:19,42900.0,100.0,1889100.0
547,2021-10-21 07:18:18,42900.0,100.0,1889000.0
548,2021-10-21 07:18:16,42900.0,200.0,1888900.0
549,2021-10-21 07:18:03,42900.0,2600.0,1888700.0
550,2021-10-21 07:17:57,42850.0,100.0,1886100.0
551,2021-10-21 07:17:57,42850.0,200.0,1886000.0
552,2021-10-21 07:17:57,42850.0,100.0,1885800.0
553,2021-10-21 07:17:57,42850.0,100.0,1885700.0
554,2021-10-21 07:17:56,42850.0,1000.0,1885600.0
555,2021-10-21 07:17:56,42850.0,2000.0,1884600.0
556,2021-10-21 07:17:55,42850.0,6700.0,1882600.0
557,2021-10-21 07:17:54,42850.0,2000.0,1875900.0
558,2021-10-21 07:17:53,42850.0,1000.0,1873900.0
559,2021-10-21 07:17:52,42850.0,1100.0,1872900.0
560,2021-10-21 07:17:50,42850.0,100.0,1871800.0
561,2021-10-21 07:17:49,42850.0,200.0,1871700.0
562,2021-10-21 07:17:49,42850.0,100.0,1871500.0
563,2021-10-21 07:17:49,42850.0,500.0,1871400.0
564,2021-10-21 07:17:47,42850.0,2000.0,1870900.0
565,2021-10-21 07:17:45,42850.0,2700.0,1868900.0
566,2021-10-21 07:17:44,42850.0,500.0,1866200.0
567,2021-10-21 07:17:43,42850.0,2500.0,1865700.0
568,2021-10-21 07:17:43,42850.0,5000.0,1863200.0
569,2021-10-21 07:17:42,42850.0,1000.0,1858200.0
570,2021-10-21 07:17:41,42850.0,100.0,1857200.0
571,2021-10-21 07:17:40,42850.0,300.0,1857100.0
572,2021-10-21 07:17:38,42850.0,1000.0,1856800.0
573,2021-10-21 07:17:35,42850.0,100.0,1855800.0
574,2021-10-21 07:17:35,42850.0,200.0,1855700.0
575,2021-10-21 07:17:31,42850.0,500.0,1855500.0
576,2021-10-21 07:17:23,42850.0,500.0,1855000.0
577,2021-10-21 07:17:21,42800.0,1000.0,1854500.0
578,2021-10-21 07:17:20,42850.0,500.0,1853500.0
579,2021-10-21 07:17:19,42800.0,100.0,1853000.0
580,2021-10-21 07:17:08,42800.0,300.0,1852900.0
581,2021-10-21 07:17:06,42800.0,1000.0,1852600.0
582,2021-10-21 07:17:06,42800.0,100.0,1851600.0
583,2021-10-21 07:17:06,42800.0,300.0,1851500.0
584,2021-10-21 07:17:06,42800.0,200.0,1851200.0
585,2021-10-21 07:17:06,42800.0,100.0,1851000.0
586,2021-10-21 07:16:58,42800.0,1000.0,1850900.0
587,2021-10-21 07:16:57,42800.0,1000.0,1849900.0
588,2021-10-21 07:16:36,42800.0,600.0,1848900.0
589,2021-10-21 07:16:32,42800.0,900.0,1848300.0
590,2021-10-21 07:16:32,42800.0,3000.0,1847400.0
591,2021-10-21 07:16:32,42750.0,1000.0,1844400.0
592,2021-10-21 07:16:32,42700.0,200.0,1843400.0
593,2021-10-21 07:16:32,42700.0,500.0,1843200.0
594,2021-10-21 07:16:32,42700.0,100.0,1842700.0
595,2021-10-21 07:16:32,42700.0,300.0,1842600.0
596,2021-10-21 07:16:26,42650.0,2000.0,1842300.0
597,2021-10-21 07:16:26,42650.0,500.0,1840300.0
598,2021-10-21 07:16:26,42650.0,100.0,1839800.0
599,2021-10-21 07:16:26,42650.0,400.0,1839700.0
600,2021-10-21 07:16:23,42650.0,100.0,1839300.0
601,2021-10-21 07:16:10,42600.0,500.0,1839200.0
602,2021-10-21 07:16:02,42600.0,100.0,1838700.0
603,2021-10-21 07:16:02,42600.0,200.0,1838600.0
604,2021-10-21 07:16:01,42600.0,1000.0,1838400.0
605,2021-10-21 07:15:58,42600.0,800.0,1837400.0
606,2021-10-21 07:15:58,42600.0,1200.0,1836600.0
607,2021-10-21 07:15:58,42600.0,800.0,1835400.0
608,2021-10-21 07:15:58,42600.0,200.0,1834600.0
609,2021-10-21 07:15:57,42600.0,100.0,1834400.0
610,2021-10-21 07:15:57,42600.0,100.0,1834300.0
611,2021-10-21 07:15:57,42600.0,300.0,1834200.0
612,2021-10-21 07:15:56,42600.0,500.0,1833900.0
613,2021-10-21 07:15:55,42600.0,300.0,1833400.0
614,2021-10-21 07:15:54,42600.0,400.0,1833100.0
615,2021-10-21 07:15:54,42600.0,100.0,1832700.0
616,2021-10-21 07:15:52,42600.0,700.0,1832600.0
617,2021-10-21 07:15:51,42600.0,1000.0,1831900.0
618,2021-10-21 07:15:51,42600.0,800.0,1830900.0
619,2021-10-21 07:15:50,42600.0,1000.0,1830100.0
620,2021-10-21 07:15:47,42600.0,500.0,1829100.0
621,2021-10-21 07:15:47,42600.0,100.0,1828600.0
622,2021-10-21 07:15:46,42600.0,2000.0,1828500.0
623,2021-10-21 07:15:46,42600.0,200.0,1826500.0
624,2021-10-21 07:15:43,42600.0,8100.0,1826300.0
625,2021-10-21 07:15:41,42600.0,500.0,1818200.0
626,2021-10-21 07:15:41,42600.0,500.0,1817700.0
627,2021-10-21 07:15:39,42600.0,100.0,1817200.0
628,2021-10-21 07:15:38,42600.0,2600.0,1817100.0
629,2021-10-21 07:15:37,42600.0,1900.0,1814500.0
630,2021-10-21 07:15:37,42600.0,500.0,1812600.0
631,2021-10-21 07:15:37,42600.0,1200.0,1812100.0
632,2021-10-21 07:15:34,42600.0,1500.0,1810900.0
633,2021-10-21 07:15:32,42550.0,300.0,1809400.0
634,2021-10-21 07:15:29,42600.0,1000.0,1809100.0
635,2021-10-21 07:15:14,42600.0,100.0,1808100.0
636,2021-10-21 07:15:14,42600.0,500.0,1808000.0
637,2021-10-21 07:15:14,42600.0,300.0,1807500.0
638,2021-10-21 07:15:14,42600.0,300.0,1807200.0
639,2021-10-21 07:15:14,42600.0,300.0,1806900.0
640,2021-10-21 07:15:14,42600.0,500.0,1806600.0
641,2021-10-21 07:15:09,42600.0,100.0,1806100.0
642,2021-10-21 07:15:07,42600.0,1000.0,1806000.0
643,2021-10-21 07:15:06,42600.0,1400.0,1805000.0
644,2021-10-21 07:15:06,42600.0,100.0,1803600.0
645,2021-10-21 07:15:00,42600.0,200.0,1803500.0
646,2021-10-21 07:15:00,42550.0,100.0,1803300.0
647,2021-10-21 07:14:58,42550.0,100.0,1803200.0
648,2021-10-21 07:14:58,42550.0,100.0,1803100.0
649,2021-10-21 07:14:58,42550.0,700.0,1803000.0
650,2021-10-21 07:14:48,42550.0,200.0,1802300.0
651,2021-10-21 07:14:48,42550.0,100.0,1802100.0
652,2021-10-21 07:14:44,42550.0,300.0,1802000.0
653,2021-10-21 07:14:32,42550.0,100.0,1801700.0
654,2021-10-21 07:14:31,42550.0,500.0,1801600.0
655,2021-10-21 07:14:31,42550.0,20000.0,1801100.0
656,2021-10-21 07:14:31,42500.0,1000.0,1781100.0
657,2021-10-21 07:14:31,42500.0,300.0,1780100.0
658,2021-10-21 07:14:31,42500.0,100.0,1779800.0
659,2021-10-21 07:14:31,42500.0,500.0,1779700.0
660,2021-10-21 07:14:31,42500.0,100.0,1779200.0
661,2021-10-21 07:14:31,42500.0,500.0,1779100.0
662,2021-10-21 07:14:31,42500.0,200.0,1778600.0
663,2021-10-21 07:14:31,42500.0,10000.0,1778400.0
664,2021-10-21 07:14:31,42500.0,100.0,1768400.0
665,2021-10-21 07:14:31,42500.0,1000.0,1768300.0
666,2021-10-21 07:14:31,42500.0,7200.0,1767300.0
667,2021-10-21 07:14:22,42500.0,1500.0,1760100.0
668,2021-10-21 07:14:19,42450.0,1400.0,1758600.0
669,2021-10-21 07:14:19,42450.0,3600.0,1757200.0
670,2021-10-21 07:14:18,42500.0,300.0,1753600.0
671,2021-10-21 07:14:05,42500.0,1000.0,1753300.0
672,2021-10-21 07:13:59,42500.0,100.0,1752300.0
673,2021-10-21 07:13:52,42500.0,300.0,1752200.0
674,2021-10-21 07:13:46,42500.0,100.0,1751900.0
675,2021-10-21 07:13:38,42500.0,200.0,1751800.0
676,2021-10-21 07:13:38,42500.0,200.0,1751600.0
677,2021-10-21 07:13:38,42500.0,1600.0,1751400.0
678,2021-10-21 07:13:32,42500.0,100.0,1749800.0
679,2021-10-21 07:13:24,42500.0,100.0,1749700.0
680,2021-10-21 07:13:19,42500.0,200.0,1749600.0
681,2021-10-21 07:13:19,42500.0,300.0,1749400.0
682,2021-10-21 07:13:17,42450.0,100.0,1749100.0
683,2021-10-21 07:13:07,42450.0,100.0,1749000.0
684,2021-10-21 07:13:07,42450.0,400.0,1748900.0
685,2021-10-21 07:13:03,42500.0,100.0,1748500.0
686,2021-10-21 07:13:00,42500.0,300.0,1748400.0
687,2021-10-21 07:12:35,42500.0,1600.0,1748100.0
688,2021-10-21 07:12:35,42500.0,300.0,1746500.0
689,2021-10-21 07:12:35,42500.0,100.0,1746200.0
690,2021-10-21 07:12:35,42500.0,2000.0,1746100.0
691,2021-10-21 07:12:35,42500.0,1000.0,1744100.0
692,2021-10-21 07:12:27,42450.0,100.0,1743100.0
693,2021-10-21 07:12:19,42500.0,3000.0,1743000.0
694,2021-10-21 07:12:18,42500.0,6000.0,1740000.0
695,2021-10-21 07:12:18,42500.0,100.0,1734000.0
696,2021-10-21 07:12:18,42500.0,500.0,1733900.0
697,2021-10-21 07:12:18,42500.0,6600.0,1733400.0
698,2021-10-21 07:12:18,42500.0,2000.0,1726800.0
699,2021-10-21 07:12:18,42500.0,500.0,1724800.0
700,2021-10-21 07:12:18,42500.0,1000.0,1724300.0
701,2021-10-21 07:12:18,42500.0,200.0,1723300.0
702,2021-10-21 07:12:18,42500.0,100.0,1723100.0
703,2021-10-21 07:12:18,42500.0,100.0,1723000.0
704,2021-10-21 07:12:18,42500.0,500.0,1722900.0
705,2021-10-21 07:12:18,42500.0,200.0,1722400.0
706,2021-10-21 07:12:18,42500.0,200.0,1722200.0
707,2021-10-21 07:12:18,42500.0,400.0,1722000.0
708,2021-10-21 07:12:18,42500.0,200.0,1721600.0
709,2021-10-21 07:12:18,42500.0,500.0,1721400.0
710,2021-10-21 07:12:18,42500.0,2000.0,1720900.0
711,2021-10-21 07:12:18,42500.0,300.0,1718900.0
712,2021-10-21 07:12:18,42500.0,1000.0,1718600.0
713,2021-10-21 07:12:18,42500.0,500.0,1717600.0
714,2021-10-21 07:12:18,42500.0,200.0,1717100.0
715,2021-10-21 07:12:18,42500.0,100.0,1716900.0
716,2021-10-21 07:12:18,42500.0,300.0,1716800.0
717,2021-10-21 07:12:18,42500.0,1000.0,1716500.0
718,2021-10-21 07:12:18,42500.0,500.0,1715500.0
719,2021-10-21 07:12:18,42500.0,2800.0,1715000.0
720,2021-10-21 07:12:18,42500.0,200.0,1712200.0
721,2021-10-21 07:12:18,42450.0,10000.0,1712000.0
722,2021-10-21 07:12:18,42450.0,100.0,1702000.0
723,2021-10-21 07:12:18,42450.0,100.0,1701900.0
724,2021-10-21 07:12:18,42450.0,700.0,1701800.0
725,2021-10-21 07:12:18,42450.0,1000.0,1701100.0
726,2021-10-21 07:12:18,42400.0,100.0,1700100.0
727,2021-10-21 07:12:16,42400.0,900.0,1700000.0
728,2021-10-21 07:12:16,42400.0,100.0,1699100.0
729,2021-10-21 07:11:38,42450.0,1000.0,1699000.0
730,2021-10-21 07:11:35,42450.0,28000.0,1698000.0
731,2021-10-21 07:11:35,42400.0,300.0,1670000.0
732,2021-10-21 07:11:35,42400.0,4200.0,1669700.0
733,2021-10-21 07:11:35,42400.0,1200.0,1665500.0
734,2021-10-21 07:11:35,42400.0,2000.0,1664300.0
735,2021-10-21 07:11:35,42400.0,100.0,1662300.0
736,2021-10-21 07:11:35,42400.0,2000.0,1662200.0
737,2021-10-21 07:11:35,42400.0,100.0,1660200.0
738,2021-10-21 07:11:35,42400.0,2000.0,1660100.0
739,2021-10-21 07:11:35,42400.0,500.0,1658100.0
740,2021-10-21 07:11:35,42400.0,500.0,1657600.0
741,2021-10-21 07:11:35,42400.0,1000.0,1657100.0
742,2021-10-21 07:11:35,42400.0,400.0,1656100.0
743,2021-10-21 07:11:35,42400.0,100.0,1655700.0
744,2021-10-21 07:11:35,42400.0,100.0,1655600.0
745,2021-10-21 07:11:35,42400.0,200.0,1655500.0
746,2021-10-21 07:11:35,42400.0,1000.0,1655300.0
747,2021-10-21 07:11:35,42400.0,500.0,1654300.0
748,2021-10-21 07:11:35,42400.0,3800.0,1653800.0
749,2021-10-21 07:11:35,42400.0,100.0,1650000.0
750,2021-10-21 07:11:35,42400.0,100.0,1649900.0
751,2021-10-21 07:11:35,42400.0,200.0,1649800.0
752,2021-10-21 07:11:35,42400.0,300.0,1649600.0
753,2021-10-21 07:11:35,42400.0,200.0,1649300.0
754,2021-10-21 07:11:35,42400.0,300.0,1649100.0
755,2021-10-21 07:11:35,42400.0,2000.0,1648800.0
756,2021-10-21 07:11:35,42400.0,3400.0,1646800.0
757,2021-10-21 07:11:35,42350.0,300.0,1643400.0
758,2021-10-21 07:11:35,42350.0,2500.0,1643100.0
759,2021-10-21 07:11:35,42350.0,400.0,1640600.0
760,2021-10-21 07:11:35,42350.0,200.0,1640200.0
761,2021-10-21 07:11:35,42350.0,500.0,1640000.0
762,2021-10-21 07:11:35,42350.0,11200.0,1639500.0
763,2021-10-21 07:11:35,42300.0,300.0,1628300.0
764,2021-10-21 07:11:33,42250.0,100.0,1628000.0
765,2021-10-21 07:11:32,42300.0,1700.0,1627900.0
766,2021-10-21 07:11:32,42300.0,700.0,1626200.0
767,2021-10-21 07:11:30,42300.0,300.0,1625500.0
768,2021-10-21 07:11:30,42300.0,1000.0,1625200.0
769,2021-10-21 07:11:16,42300.0,100.0,1624200.0
770,2021-10-21 07:11:11,42300.0,100.0,1624100.0
771,2021-10-21 07:11:06,42300.0,200.0,1624000.0
772,2021-10-21 07:11:06,42300.0,900.0,1623800.0
773,2021-10-21 07:10:57,42250.0,500.0,1622900.0
774,2021-10-21 07:10:57,42350.0,3600.0,1622400.0
775,2021-10-21 07:10:45,42350.0,100.0,1618800.0
776,2021-10-21 07:10:26,42350.0,100.0,1618700.0
777,2021-10-21 07:10:11,42350.0,300.0,1618600.0
778,2021-10-21 07:10:11,42350.0,1700.0,1618300.0
779,2021-10-21 07:10:08,42350.0,200.0,1616600.0
780,2021-10-21 07:10:08,42300.0,100.0,1616400.0
781,2021-10-21 07:10:03,42350.0,1200.0,1616300.0
782,2021-10-21 07:09:53,42350.0,3700.0,1615100.0
783,2021-10-21 07:09:47,42350.0,10000.0,1611400.0
784,2021-10-21 07:09:20,42350.0,13200.0,1601400.0
785,2021-10-21 07:09:20,42350.0,300.0,1588200.0
786,2021-10-21 07:09:20,42350.0,1000.0,1587900.0
787,2021-10-21 07:09:20,42350.0,100.0,1586900.0
788,2021-10-21 07:09:20,42350.0,300.0,1586800.0
789,2021-10-21 07:09:20,42300.0,2000.0,1586500.0
790,2021-10-21 07:09:20,42300.0,1300.0,1584500.0
791,2021-10-21 07:09:20,42300.0,300.0,1583200.0
792,2021-10-21 07:09:20,42300.0,400.0,1582900.0
793,2021-10-21 07:09:20,42300.0,500.0,1582500.0
794,2021-10-21 07:09:20,42300.0,300.0,1582000.0
795,2021-10-21 07:09:20,42300.0,15000.0,1581700.0
796,2021-10-21 07:09:20,42300.0,500.0,1566700.0
797,2021-10-21 07:09:20,42300.0,400.0,1566200.0
798,2021-10-21 07:09:20,42300.0,2000.0,1565800.0
799,2021-10-21 07:09:20,42300.0,200.0,1563800.0
800,2021-10-21 07:09:20,42300.0,500.0,1563600.0
801,2021-10-21 07:09:20,42300.0,1000.0,1563100.0
802,2021-10-21 07:09:20,42300.0,100.0,1562100.0
803,2021-10-21 07:09:20,42300.0,5000.0,1562000.0
804,2021-10-21 07:09:20,42300.0,2000.0,1557000.0
805,2021-10-21 07:09:20,42300.0,100.0,1555000.0
806,2021-10-21 07:09:20,42300.0,1000.0,1554900.0
807,2021-10-21 07:09:20,42300.0,100.0,1553900.0
808,2021-10-21 07:09:20,42300.0,700.0,1553800.0
809,2021-10-21 07:09:20,42300.0,300.0,1553100.0
810,2021-10-21 07:09:20,42300.0,1400.0,1552800.0
811,2021-10-21 07:09:11,42150.0,100.0,1551400.0
812,2021-10-21 07:08:56,42150.0,1000.0,1551300.0
813,2021-10-21 07:08:50,42300.0,600.0,1550300.0
814,2021-10-21 07:08:50,42300.0,300.0,1549700.0
815,2021-10-21 07:08:50,42300.0,100.0,1549400.0
816,2021-10-21 07:08:50,42300.0,100.0,1549300.0
817,2021-10-21 07:08:50,42300.0,100.0,1549200.0
818,2021-10-21 07:08:50,42300.0,2000.0,1549100.0
819,2021-10-21 07:08:50,42250.0,300.0,1547100.0
820,2021-10-21 07:08:50,42250.0,20000.0,1546800.0
821,2021-10-21 07:08:50,42250.0,500.0,1526800.0
822,2021-10-21 07:08:50,42200.0,1000.0,1526300.0
823,2021-10-21 07:08:50,42200.0,500.0,1525300.0
824,2021-10-21 07:08:50,42200.0,1000.0,1524800.0
825,2021-10-21 07:08:50,42200.0,100.0,1523800.0
826,2021-10-21 07:08:50,42200.0,300.0,1523700.0
827,2021-10-21 07:08:50,42200.0,200.0,1523400.0
828,2021-10-21 07:08:50,42200.0,100.0,1523200.0
829,2021-10-21 07:08:50,42200.0,100.0,1523100.0
830,2021-10-21 07:08:50,42200.0,500.0,1523000.0
831,2021-10-21 07:08:50,42200.0,1000.0,1522500.0
832,2021-10-21 07:08:50,42200.0,4000.0,1521500.0
833,2021-10-21 07:08:50,42200.0,1000.0,1517500.0
834,2021-10-21 07:08:50,42200.0,300.0,1516500.0
835,2021-10-21 07:08:50,42200.0,500.0,1516200.0
836,2021-10-21 07:08:50,42200.0,3500.0,1515700.0
837,2021-10-21 07:08:50,42200.0,1400.0,1512200.0
838,2021-10-21 07:08:50,42200.0,500.0,1510800.0
839,2021-10-21 07:08:50,42200.0,500.0,1510300.0
840,2021-10-21 07:08:50,42150.0,100.0,1509800.0
841,2021-10-21 07:08:50,42150.0,500.0,1509700.0
842,2021-10-21 07:08:50,42150.0,100.0,1509200.0
843,2021-10-21 07:08:50,42150.0,1000.0,1509100.0
844,2021-10-21 07:08:50,42150.0,1000.0,1508100.0
845,2021-10-21 07:08:50,42150.0,1000.0,1507100.0
846,2021-10-21 07:08:50,42150.0,800.0,1506100.0
847,2021-10-21 07:08:47,42150.0,400.0,1505300.0
848,2021-10-21 07:07:46,42150.0,100.0,1504900.0
849,2021-10-21 07:07:32,42150.0,1000.0,1504800.0
850,2021-10-21 07:07:26,42150.0,900.0,1503800.0
851,2021-10-21 07:07:21,42150.0,300.0,1502900.0
852,2021-10-21 07:07:03,42150.0,1000.0,1502600.0
853,2021-10-21 07:07:03,42150.0,200.0,1501600.0
854,2021-10-21 07:07:03,42150.0,4800.0,1501400.0
855,2021-10-21 07:07:03,42150.0,500.0,1496600.0
856,2021-10-21 07:06:56,42200.0,100.0,1496100.0
857,2021-10-21 07:06:49,42200.0,400.0,1496000.0
858,2021-10-21 07:06:31,42200.0,300.0,1495600.0
859,2021-10-21 07:06:14,42150.0,100.0,1495300.0
860,2021-10-21 07:06:14,42150.0,300.0,1495200.0
861,2021-10-21 07:06:14,42150.0,500.0,1494900.0
862,2021-10-21 07:06:11,42100.0,4000.0,1494400.0
863,2021-10-21 07:06:11,42100.0,1000.0,1490400.0
864,2021-10-21 07:06:11,42100.0,500.0,1489400.0
865,2021-10-21 07:06:11,42100.0,300.0,1488900.0
866,2021-10-21 07:06:11,42100.0,200.0,1488600.0
867,2021-10-21 07:06:11,42100.0,100.0,1488400.0
868,2021-10-21 07:06:11,42100.0,2000.0,1488300.0
869,2021-10-21 07:06:11,42100.0,200.0,1486300.0
870,2021-10-21 07:06:11,42100.0,2000.0,1486100.0
871,2021-10-21 07:06:11,42100.0,6000.0,1484100.0
872,2021-10-21 07:06:11,42100.0,2100.0,1478100.0
873,2021-10-21 07:06:07,42100.0,500.0,1476000.0
874,2021-10-21 07:05:53,42100.0,200.0,1475500.0
875,2021-10-21 07:05:21,42050.0,100.0,1475300.0
876,2021-10-21 07:05:21,42050.0,300.0,1475200.0
877,2021-10-21 07:05:21,42050.0,900.0,1474900.0
878,2021-10-21 07:05:14,42050.0,100.0,1474000.0
879,2021-10-21 07:05:14,42050.0,500.0,1473900.0
880,2021-10-21 07:05:14,42050.0,500.0,1473400.0
881,2021-10-21 07:04:27,41950.0,1000.0,1472900.0
882,2021-10-21 07:04:25,42000.0,1100.0,1471900.0
883,2021-10-21 07:04:15,42000.0,900.0,1470800.0
884,2021-10-21 07:04:08,42000.0,200.0,1469900.0
885,2021-10-21 07:04:02,42000.0,500.0,1469700.0
886,2021-10-21 07:04:00,42000.0,500.0,1469200.0
887,2021-10-21 07:03:57,42000.0,500.0,1468700.0
888,2021-10-21 07:03:57,42000.0,200.0,1468200.0
889,2021-10-21 07:03:57,42000.0,500.0,1468000.0
890,2021-10-21 07:03:57,42000.0,46700.0,1467500.0
891,2021-10-21 07:03:37,41950.0,500.0,1420800.0
892,2021-10-21 07:03:35,41950.0,10000.0,1420300.0
893,2021-10-21 07:03:18,42000.0,400.0,1410300.0
894,2021-10-21 07:02:57,42000.0,200.0,1409900.0
895,2021-10-21 07:02:57,42000.0,200.0,1409700.0
896,2021-10-21 07:02:57,42000.0,300.0,1409500.0
897,2021-10-21 07:02:57,42000.0,1300.0,1409200.0
898,2021-10-21 07:02:57,42000.0,300.0,1407900.0
899,2021-10-21 07:02:57,42000.0,200.0,1407600.0
900,2021-10-21 07:02:57,42000.0,5200.0,1407400.0
901,2021-10-21 07:02:37,42050.0,1000.0,1402200.0
902,2021-10-21 07:02:34,42000.0,500.0,1401200.0
903,2021-10-21 07:02:23,42000.0,6000.0,1400700.0
904,2021-10-21 07:02:16,42000.0,400.0,1394700.0
905,2021-10-21 07:02:01,42050.0,500.0,1394300.0
906,2021-10-21 07:01:21,42050.0,200.0,1393800.0
907,2021-10-21 07:01:15,42100.0,100.0,1393600.0
908,2021-10-21 07:01:15,42050.0,2000.0,1393500.0
909,2021-10-21 07:01:15,42050.0,900.0,1391500.0
910,2021-10-21 07:01:07,42050.0,100.0,1390600.0
911,2021-10-21 07:00:51,42050.0,300.0,1390500.0
912,2021-10-21 07:00:44,42050.0,200.0,1390200.0
913,2021-10-21 07:00:26,42050.0,1000.0,1390000.0
914,2021-10-21 06:59:45,42050.0,300.0,1389000.0
915,2021-10-21 06:59:45,42050.0,2900.0,1388700.0
916,2021-10-21 06:59:45,42050.0,300.0,1385800.0
917,2021-10-21 06:59:45,42050.0,700.0,1385500.0
918,2021-10-21 06:58:40,42050.0,300.0,1384800.0
919,2021-10-21 06:58:40,42050.0,700.0,1384500.0
920,2021-10-21 06:58:05,42050.0,300.0,1383800.0
921,2021-10-21 06:58:05,42050.0,200.0,1383500.0
922,2021-10-21 06:57:55,42050.0,300.0,1383300.0
923,2021-10-21 06:57:49,42000.0,500.0,1383000.0
924,2021-10-21 06:57:44,42050.0,1500.0,1382500.0
925,2021-10-21 06:57:35,42050.0,300.0,1381000.0
926,2021-10-21 06:56:25,42050.0,2300.0,1380700.0
927,2021-10-21 06:55:18,42050.0,200.0,1378400.0
928,2021-10-21 06:55:12,42000.0,2000.0,1378200.0
929,2021-10-21 06:55:12,42000.0,100.0,1376200.0
930,2021-10-21 06:55:12,42000.0,300.0,1376100.0
931,2021-10-21 06:55:01,42000.0,300.0,1375800.0
932,2021-10-21 06:54:59,42000.0,600.0,1375500.0
933,2021-10-21 06:54:47,42000.0,200.0,1374900.0
934,2021-10-21 06:54:44,42000.0,600.0,1374700.0
935,2021-10-21 06:54:39,42000.0,400.0,1374100.0
936,2021-10-21 06:54:39,42000.0,500.0,1373700.0
937,2021-10-21 06:54:33,42000.0,600.0,1373200.0
938,2021-10-21 06:54:31,42000.0,3900.0,1372600.0
939,2021-10-21 06:54:31,42000.0,100.0,1368700.0
940,2021-10-21 06:54:31,42000.0,1000.0,1368600.0
941,2021-10-21 06:54:24,42000.0,800.0,1367600.0
942,2021-10-21 06:54:12,42000.0,200.0,1366800.0
943,2021-10-21 06:54:11,42000.0,200.0,1366600.0
944,2021-10-21 06:53:56,42000.0,100.0,1366400.0
945,2021-10-21 06:53:54,41950.0,1000.0,1366300.0
946,2021-10-21 06:53:54,41950.0,2000.0,1365300.0
947,2021-10-21 06:53:08,42000.0,700.0,1363300.0
948,2021-10-21 06:53:08,42000.0,200.0,1362600.0
949,2021-10-21 06:52:07,42000.0,200.0,1362400.0
950,2021-10-21 06:52:07,42000.0,200.0,1362200.0
951,2021-10-21 06:51:40,42000.0,200.0,1362000.0
952,2021-10-21 06:51:39,42000.0,200.0,1361800.0
953,2021-10-21 06:51:38,42000.0,1000.0,1361600.0
954,2021-10-21 06:51:31,42000.0,300.0,1360600.0
955,2021-10-21 06:51:31,42000.0,300.0,1360300.0
956,2021-10-21 06:51:31,42000.0,400.0,1360000.0
957,2021-10-21 06:51:10,42000.0,500.0,1359600.0
958,2021-10-21 06:51:10,42000.0,700.0,1359100.0
959,2021-10-21 06:51:02,42000.0,300.0,1358400.0
960,2021-10-21 06:51:02,42000.0,500.0,1358100.0
961,2021-10-21 06:51:02,42000.0,200.0,1357600.0
962,2021-10-21 06:49:54,41900.0,500.0,1357400.0
963,2021-10-21 06:49:09,41900.0,500.0,1356900.0
964,2021-10-21 06:48:16,41900.0,4500.0,1356400.0
965,2021-10-21 06:48:16,41900.0,8000.0,1351900.0
966,2021-10-21 06:47:58,41950.0,200.0,1343900.0
967,2021-10-21 06:47:58,41950.0,100.0,1343700.0
968,2021-10-21 06:47:58,41950.0,4400.0,1343600.0
969,2021-10-21 06:47:31,41950.0,4600.0,1339200.0
970,2021-10-21 06:47:31,41950.0,1000.0,1334600.0
971,2021-10-21 06:47:31,42000.0,300.0,1333600.0
972,2021-10-21 06:47:31,42000.0,200.0,1333300.0
973,2021-10-21 06:47:31,42000.0,3600.0,1333100.0
974,2021-10-21 06:47:03,42000.0,400.0,1329500.0
975,2021-10-21 06:47:02,42000.0,100.0,1329100.0
976,2021-10-21 06:46:41,42000.0,400.0,1329000.0
977,2021-10-21 06:46:30,42000.0,200.0,1328600.0
978,2021-10-21 06:46:21,42000.0,200.0,1328400.0
979,2021-10-21 06:46:21,42000.0,100.0,1328200.0
980,2021-10-21 06:46:01,42000.0,100.0,1328100.0
981,2021-10-21 06:45:53,42000.0,100.0,1328000.0
982,2021-10-21 06:45:21,42000.0,3000.0,1327900.0
983,2021-10-21 06:45:21,42000.0,900.0,1324900.0
984,2021-10-21 06:45:21,42000.0,500.0,1324000.0
985,2021-10-21 06:45:21,42000.0,100.0,1323500.0
986,2021-10-21 06:45:21,42000.0,1000.0,1323400.0
987,2021-10-21 06:45:21,42000.0,200.0,1322400.0
988,2021-10-21 06:45:21,42000.0,300.0,1322200.0
989,2021-10-21 06:45:21,42000.0,500.0,1321900.0
990,2021-10-21 06:45:08,42100.0,2100.0,1321400.0
991,2021-10-21 06:45:08,42100.0,1900.0,1319300.0
992,2021-10-21 06:45:08,42100.0,300.0,1317400.0
993,2021-10-21 06:45:04,42100.0,100.0,1317100.0
994,2021-10-21 06:44:47,42100.0,700.0,1317000.0
995,2021-10-21 06:44:47,42100.0,200.0,1316300.0
996,2021-10-21 06:44:47,42100.0,1100.0,1316100.0
997,2021-10-21 06:44:42,42100.0,100.0,1315000.0
998,2021-10-21 06:44:40,42050.0,300.0,1314900.0
999,2021-10-21 06:44:40,42050.0,300.0,1314600.0
1000,2021-10-21 06:44:40,42050.0,1400.0,1314300.0
1001,2021-10-21 06:44:01,42100.0,800.0,1312900.0
1002,2021-10-21 06:44:01,42100.0,900.0,1312100.0
1003,2021-10-21 06:44:01,42050.0,200.0,1311200.0
1004,2021-10-21 06:43:40,42100.0,100.0,1311000.0
1005,2021-10-21 06:43:18,42100.0,200.0,1310900.0
1006,2021-10-21 06:43:18,42100.0,200.0,1310700.0
1007,2021-10-21 06:43:18,42100.0,100.0,1310500.0
1008,2021-10-21 06:43:18,42100.0,900.0,1310400.0
1009,2021-10-21 06:43:09,42100.0,100.0,1309500.0
1010,2021-10-21 06:43:09,42100.0,200.0,1309400.0
1011,2021-10-21 06:42:59,42100.0,500.0,1309200.0
1012,2021-10-21 06:42:14,42100.0,100.0,1308700.0
1013,2021-10-21 06:41:48,42100.0,2000.0,1308600.0
1014,2021-10-21 06:41:41,42050.0,1400.0,1306600.0
1015,2021-10-21 06:41:34,42050.0,700.0,1305200.0
1016,2021-10-21 06:41:20,42050.0,600.0,1304500.0
1017,2021-10-21 06:41:20,42050.0,3300.0,1303900.0
1018,2021-10-21 06:41:16,42100.0,200.0,1300600.0
1019,2021-10-21 06:41:12,42050.0,2700.0,1300400.0
1020,2021-10-21 06:41:12,42050.0,2300.0,1297700.0
1021,2021-10-21 06:41:05,42100.0,1000.0,1295400.0
1022,2021-10-21 06:40:44,42050.0,200.0,1294400.0
1023,2021-10-21 06:39:58,42050.0,5500.0,1294200.0
1024,2021-10-21 06:39:58,42100.0,500.0,1288700.0
1025,2021-10-21 06:39:58,42100.0,2000.0,1288200.0
1026,2021-10-21 06:39:58,42100.0,2000.0,1286200.0
1027,2021-10-21 06:39:42,42100.0,1000.0,1284200.0
1028,2021-10-21 06:39:37,42100.0,400.0,1283200.0
1029,2021-10-21 06:39:26,42100.0,200.0,1282800.0
1030,2021-10-21 06:39:14,42100.0,5000.0,1282600.0
1031,2021-10-21 06:39:14,42100.0,400.0,1277600.0
1032,2021-10-21 06:39:14,42150.0,1800.0,1277200.0
1033,2021-10-21 06:39:14,42150.0,900.0,1275400.0
1034,2021-10-21 06:39:14,42150.0,300.0,1274500.0
1035,2021-10-21 06:39:06,42150.0,500.0,1274200.0
1036,2021-10-21 06:39:03,42200.0,400.0,1273700.0
1037,2021-10-21 06:38:44,42150.0,1700.0,1273300.0
1038,2021-10-21 06:38:41,42150.0,200.0,1271600.0
1039,2021-10-21 06:38:41,42200.0,1300.0,1271400.0
1040,2021-10-21 06:38:41,42200.0,100.0,1270100.0
1041,2021-10-21 06:38:32,42200.0,400.0,1270000.0
1042,2021-10-21 06:38:32,42200.0,100.0,1269600.0
1043,2021-10-21 06:38:32,42200.0,500.0,1269500.0
1044,2021-10-21 06:38:32,42200.0,1000.0,1269000.0
1045,2021-10-21 06:38:32,42200.0,400.0,1268000.0
1046,2021-10-21 06:38:32,42200.0,200.0,1267600.0
1047,2021-10-21 06:38:32,42200.0,500.0,1267400.0
1048,2021-10-21 06:38:32,42200.0,500.0,1266900.0
1049,2021-10-21 06:38:32,42200.0,100.0,1266400.0
1050,2021-10-21 06:38:32,42200.0,1000.0,1266300.0
1051,2021-10-21 06:38:32,42200.0,100.0,1265300.0
1052,2021-10-21 06:38:32,42200.0,100.0,1265200.0
1053,2021-10-21 06:38:32,42200.0,100.0,1265100.0
1054,2021-10-21 06:38:21,42150.0,500.0,1265000.0
1055,2021-10-21 06:38:21,42150.0,1200.0,1264500.0
1056,2021-10-21 06:37:42,42200.0,1000.0,1263300.0
1057,2021-10-21 06:37:23,42200.0,900.0,1262300.0
1058,2021-10-21 06:37:22,42200.0,100.0,1261400.0
1059,2021-10-21 06:37:19,42200.0,1000.0,1261300.0
1060,2021-10-21 06:37:19,42200.0,200.0,1260300.0
1061,2021-10-21 06:36:56,42200.0,500.0,1260100.0
1062,2021-10-21 06:36:51,42200.0,500.0,1259600.0
1063,2021-10-21 06:36:47,42200.0,2000.0,1259100.0
1064,2021-10-21 06:36:22,42300.0,500.0,1257100.0
1065,2021-10-21 06:35:50,42300.0,200.0,1256600.0
1066,2021-10-21 06:35:48,42300.0,100.0,1256400.0
1067,2021-10-21 06:35:45,42300.0,2400.0,1256300.0
1068,2021-10-21 06:35:45,42300.0,2000.0,1253900.0
1069,2021-10-21 06:35:30,42300.0,2800.0,1251900.0
1070,2021-10-21 06:35:30,42300.0,100.0,1249100.0
1071,2021-10-21 06:35:30,42250.0,100.0,1249000.0
1072,2021-10-21 06:35:28,42250.0,300.0,1248900.0
1073,2021-10-21 06:35:20,42250.0,600.0,1248600.0
1074,2021-10-21 06:35:20,42250.0,200.0,1248000.0
1075,2021-10-21 06:35:20,42200.0,200.0,1247800.0
1076,2021-10-21 06:35:19,42200.0,600.0,1247600.0
1077,2021-10-21 06:35:19,42200.0,3000.0,1247000.0
1078,2021-10-21 06:35:16,42200.0,100.0,1244000.0
1079,2021-10-21 06:35:16,42200.0,1000.0,1243900.0
1080,2021-10-21 06:35:16,42200.0,8600.0,1242900.0
1081,2021-10-21 06:35:16,42200.0,200.0,1234300.0
1082,2021-10-21 06:35:16,42200.0,200.0,1234100.0
1083,2021-10-21 06:35:16,42200.0,100.0,1233900.0
1084,2021-10-21 06:35:16,42200.0,100.0,1233800.0
1085,2021-10-21 06:35:16,42200.0,100.0,1233700.0
1086,2021-10-21 06:35:16,42200.0,100.0,1233600.0
1087,2021-10-21 06:35:16,42200.0,1000.0,1233500.0
1088,2021-10-21 06:35:16,42200.0,100.0,1232500.0
1089,2021-10-21 06:35:16,42200.0,100.0,1232400.0
1090,2021-10-21 06:35:16,42200.0,2000.0,1232300.0
1091,2021-10-21 06:35:16,42200.0,100.0,1230300.0
1092,2021-10-21 06:35:16,42200.0,3000.0,1230200.0
1093,2021-10-21 06:35:16,42200.0,2200.0,1227200.0
1094,2021-10-21 06:35:16,42200.0,300.0,1225000.0
1095,2021-10-21 06:35:16,42150.0,500.0,1224700.0
1096,2021-10-21 06:35:16,42150.0,1000.0,1224200.0
1097,2021-10-21 06:35:16,42150.0,1000.0,1223200.0
1098,2021-10-21 06:35:16,42150.0,2000.0,1222200.0
1099,2021-10-21 06:35:16,42150.0,20000.0,1220200.0
1100,2021-10-21 06:35:16,42150.0,100.0,1200200.0
1101,2021-10-21 06:35:16,42150.0,100.0,1200100.0
1102,2021-10-21 06:35:16,42100.0,1000.0,1200000.0
1103,2021-10-21 06:35:16,42100.0,500.0,1199000.0
1104,2021-10-21 06:35:16,42100.0,1000.0,1198500.0
1105,2021-10-21 06:35:16,42100.0,500.0,1197500.0
1106,2021-10-21 06:35:16,42100.0,2000.0,1197000.0
1107,2021-10-21 06:35:16,42100.0,300.0,1195000.0
1108,2021-10-21 06:35:16,42100.0,300.0,1194700.0
1109,2021-10-21 06:35:16,42100.0,1000.0,1194400.0
1110,2021-10-21 06:35:16,42100.0,800.0,1193400.0
1111,2021-10-21 06:35:14,42100.0,200.0,1192600.0
1112,2021-10-21 06:35:14,42100.0,800.0,1192400.0
1113,2021-10-21 06:35:12,42100.0,4200.0,1191600.0
1114,2021-10-21 06:35:12,42100.0,300.0,1187400.0
1115,2021-10-21 06:35:12,42100.0,500.0,1187100.0
1116,2021-10-21 06:35:07,42050.0,3000.0,1186600.0
1117,2021-10-21 06:34:59,42050.0,1500.0,1183600.0
1118,2021-10-21 06:34:59,42050.0,1000.0,1182100.0
1119,2021-10-21 06:34:59,42050.0,2500.0,1181100.0
1120,2021-10-21 06:34:55,42100.0,1000.0,1178600.0
1121,2021-10-21 06:34:46,42050.0,500.0,1177600.0
1122,2021-10-21 06:34:18,42000.0,500.0,1177100.0
1123,2021-10-21 06:34:18,42000.0,100.0,1176600.0
1124,2021-10-21 06:34:17,42000.0,400.0,1176500.0
1125,2021-10-21 06:34:17,42000.0,100.0,1176100.0
1126,2021-10-21 06:34:17,42000.0,2000.0,1176000.0
1127,2021-10-21 06:34:17,42000.0,100.0,1174000.0
1128,2021-10-21 06:34:17,42000.0,500.0,1173900.0
1129,2021-10-21 06:34:17,42000.0,200.0,1173400.0
1130,2021-10-21 06:34:17,42000.0,100.0,1173200.0
1131,2021-10-21 06:34:17,42000.0,100.0,1173100.0
1132,2021-10-21 06:34:17,42000.0,300.0,1173000.0
1133,2021-10-21 06:34:17,42000.0,300.0,1172700.0
1134,2021-10-21 06:34:17,42000.0,1000.0,1172400.0
1135,2021-10-21 06:34:17,42000.0,100.0,1171400.0
1136,2021-10-21 06:34:17,42000.0,100.0,1171300.0
1137,2021-10-21 06:34:17,42000.0,100.0,1171200.0
1138,2021-10-21 06:34:17,42000.0,1000.0,1171100.0
1139,2021-10-21 06:34:17,42000.0,400.0,1170100.0
1140,2021-10-21 06:34:17,42000.0,500.0,1169700.0
1141,2021-10-21 06:34:17,42000.0,1000.0,1169200.0
1142,2021-10-21 06:34:17,42000.0,100.0,1168200.0
1143,2021-10-21 06:34:17,42000.0,100.0,1168100.0
1144,2021-10-21 06:34:17,42000.0,200.0,1168000.0
1145,2021-10-21 06:34:17,42000.0,1200.0,1167800.0
1146,2021-10-21 06:34:17,42000.0,1000.0,1166600.0
1147,2021-10-21 06:34:17,42000.0,400.0,1165600.0
1148,2021-10-21 06:34:17,42000.0,1400.0,1165200.0
1149,2021-10-21 06:34:17,42000.0,500.0,1163800.0
1150,2021-10-21 06:34:17,42000.0,100.0,1163300.0
1151,2021-10-21 06:34:17,42000.0,100.0,1163200.0
1152,2021-10-21 06:34:17,42000.0,1000.0,1163100.0
1153,2021-10-21 06:34:17,42000.0,100.0,1162100.0
1154,2021-10-21 06:34:17,42000.0,200.0,1162000.0
1155,2021-10-21 06:34:17,42000.0,100.0,1161800.0
1156,2021-10-21 06:34:17,42000.0,5000.0,1161700.0
1157,2021-10-21 06:34:17,42000.0,200.0,1156700.0
1158,2021-10-21 06:33:43,42000.0,400.0,1156500.0
1159,2021-10-21 06:33:43,42000.0,200.0,1156100.0
1160,2021-10-21 06:33:43,42000.0,1000.0,1155900.0
1161,2021-10-21 06:33:43,42000.0,1000.0,1154900.0
1162,2021-10-21 06:33:43,42000.0,100.0,1153900.0
1163,2021-10-21 06:33:43,42000.0,300.0,1153800.0
1164,2021-10-21 06:33:43,42000.0,300.0,1153500.0
1165,2021-10-21 06:33:43,42000.0,1700.0,1153200.0
1166,2021-10-21 06:33:31,42000.0,300.0,1151500.0
1167,2021-10-21 06:33:31,42000.0,300.0,1151200.0
1168,2021-10-21 06:33:31,42000.0,400.0,1150900.0
1169,2021-10-21 06:33:15,42000.0,1900.0,1150500.0
1170,2021-10-21 06:32:41,41950.0,500.0,1148600.0
1171,2021-10-21 06:32:41,41950.0,100.0,1148100.0
1172,2021-10-21 06:32:41,41950.0,5000.0,1148000.0
1173,2021-10-21 06:32:41,41950.0,4700.0,1143000.0
1174,2021-10-21 06:32:41,41900.0,100.0,1138300.0
1175,2021-10-21 06:32:41,41900.0,500.0,1138200.0
1176,2021-10-21 06:32:41,41900.0,20000.0,1137700.0
1177,2021-10-21 06:32:41,41900.0,200.0,1117700.0
1178,2021-10-21 06:32:41,41900.0,500.0,1117500.0
1179,2021-10-21 06:32:41,41900.0,1000.0,1117000.0
1180,2021-10-21 06:32:41,41900.0,500.0,1116000.0
1181,2021-10-21 06:32:41,41900.0,300.0,1115500.0
1182,2021-10-21 06:32:41,41900.0,600.0,1115200.0
1183,2021-10-21 06:32:41,41900.0,100.0,1114600.0
1184,2021-10-21 06:32:41,41900.0,200.0,1114500.0
1185,2021-10-21 06:32:41,41900.0,400.0,1114300.0
1186,2021-10-21 06:32:41,41900.0,1000.0,1113900.0
1187,2021-10-21 06:32:41,41900.0,1600.0,1112900.0
1188,2021-10-21 06:32:41,41900.0,100.0,1111300.0
1189,2021-10-21 06:32:23,41850.0,1000.0,1111200.0
1190,2021-10-21 06:32:23,41850.0,1000.0,1110200.0
1191,2021-10-21 06:32:23,41850.0,500.0,1109200.0
1192,2021-10-21 06:32:23,41850.0,100.0,1108700.0
1193,2021-10-21 06:30:14,41850.0,100.0,1108600.0
1194,2021-10-21 06:30:14,41850.0,100.0,1108500.0
1195,2021-10-21 06:29:46,41800.0,1000.0,1108400.0
1196,2021-10-21 06:29:43,41850.0,300.0,1107400.0
1197,2021-10-21 06:29:43,41850.0,2000.0,1107100.0
1198,2021-10-21 06:29:43,41850.0,3000.0,1105100.0
1199,2021-10-21 06:29:43,41850.0,700.0,1102100.0
1200,2021-10-21 06:29:27,41800.0,1000.0,1101400.0
1201,2021-10-21 06:29:23,41800.0,100.0,1100400.0
1202,2021-10-21 06:28:29,41800.0,100.0,1100300.0
1203,2021-10-21 06:28:29,41800.0,800.0,1100200.0
1204,2021-10-21 06:28:01,41800.0,100.0,1099400.0
1205,2021-10-21 06:27:00,41800.0,100.0,1099300.0
1206,2021-10-21 06:26:33,41800.0,100.0,1099200.0
1207,2021-10-21 06:26:33,41800.0,100.0,1099100.0
1208,2021-10-21 06:26:04,41800.0,400.0,1099000.0
1209,2021-10-21 06:26:04,41800.0,100.0,1098600.0
1210,2021-10-21 06:25:58,41800.0,900.0,1098500.0
1211,2021-10-21 06:25:58,41800.0,200.0,1097600.0
1212,2021-10-21 06:25:51,41700.0,5000.0,1097400.0
1213,2021-10-21 06:23:40,41700.0,500.0,1092400.0
1214,2021-10-21 06:23:40,41700.0,600.0,1091900.0
1215,2021-10-21 06:23:40,41700.0,1000.0,1091300.0
1216,2021-10-21 06:23:40,41750.0,200.0,1090300.0
1217,2021-10-21 06:23:31,41800.0,400.0,1090100.0
1218,2021-10-21 06:23:20,41800.0,3000.0,1089700.0
1219,2021-10-21 06:22:45,41800.0,500.0,1086700.0
1220,2021-10-21 06:22:25,41850.0,500.0,1086200.0
1221,2021-10-21 06:21:40,41850.0,200.0,1085700.0
1222,2021-10-21 06:21:25,41850.0,300.0,1085500.0
1223,2021-10-21 06:20:37,41700.0,100.0,1085200.0
1224,2021-10-21 06:20:22,41700.0,1000.0,1085100.0
1225,2021-10-21 06:20:07,41700.0,1500.0,1084100.0
1226,2021-10-21 06:20:03,41650.0,1000.0,1082600.0
1227,2021-10-21 06:20:01,41700.0,300.0,1081600.0
1228,2021-10-21 06:19:46,41650.0,1000.0,1081300.0
1229,2021-10-21 06:19:36,41700.0,200.0,1080300.0
1230,2021-10-21 06:19:32,41600.0,2000.0,1080100.0
1231,2021-10-21 06:19:08,41700.0,100.0,1078100.0
1232,2021-10-21 06:18:22,41700.0,100.0,1078000.0
1233,2021-10-21 06:18:22,41700.0,1100.0,1077900.0
1234,2021-10-21 06:18:13,41700.0,3000.0,1076800.0
1235,2021-10-21 06:17:39,41850.0,500.0,1073800.0
1236,2021-10-21 06:17:39,41850.0,500.0,1073300.0
1237,2021-10-21 06:17:39,41850.0,2000.0,1072800.0
1238,2021-10-21 06:17:39,41850.0,300.0,1070800.0
1239,2021-10-21 06:17:37,41900.0,900.0,1070500.0
1240,2021-10-21 06:17:37,41900.0,100.0,1069600.0
1241,2021-10-21 06:16:22,41900.0,500.0,1069500.0
1242,2021-10-21 06:16:22,41900.0,500.0,1069000.0
1243,2021-10-21 06:16:22,41900.0,2000.0,1068500.0
1244,2021-10-21 06:16:22,41900.0,900.0,1066500.0
1245,2021-10-21 06:16:09,41900.0,100.0,1065600.0
1246,2021-10-21 06:15:04,41900.0,400.0,1065500.0
1247,2021-10-21 06:15:04,41900.0,200.0,1065100.0
1248,2021-10-21 06:14:44,41850.0,200.0,1064900.0
1249,2021-10-21 06:14:30,41850.0,300.0,1064700.0
1250,2021-10-21 06:13:49,41800.0,900.0,1064400.0
1251,2021-10-21 06:13:47,41800.0,1100.0,1063500.0
1252,2021-10-21 06:13:47,41800.0,100.0,1062400.0
1253,2021-10-21 06:13:47,41800.0,800.0,1062300.0
1254,2021-10-21 06:13:30,41800.0,1400.0,1061500.0
1255,2021-10-21 06:13:08,41800.0,2800.0,1060100.0
1256,2021-10-21 06:13:08,41800.0,100.0,1057300.0
1257,2021-10-21 06:13:08,41800.0,700.0,1057200.0
1258,2021-10-21 06:13:08,41800.0,500.0,1056500.0
1259,2021-10-21 06:13:08,41800.0,500.0,1056000.0
1260,2021-10-21 06:13:08,41800.0,300.0,1055500.0
1261,2021-10-21 06:13:08,41800.0,200.0,1055200.0
1262,2021-10-21 06:13:08,41800.0,5000.0,1055000.0
1263,2021-10-21 06:13:08,41800.0,2900.0,1050000.0
1264,2021-10-21 06:13:08,41700.0,500.0,1047100.0
1265,2021-10-21 06:13:08,41700.0,300.0,1046600.0
1266,2021-10-21 06:13:08,41700.0,500.0,1046300.0
1267,2021-10-21 06:13:08,41700.0,100.0,1045800.0
1268,2021-10-21 06:13:08,41700.0,100.0,1045700.0
1269,2021-10-21 06:13:08,41700.0,500.0,1045600.0
1270,2021-10-21 06:12:24,41700.0,4500.0,1045100.0
1271,2021-10-21 06:12:24,41700.0,1000.0,1040600.0
1272,2021-10-21 06:12:24,41700.0,300.0,1039600.0
1273,2021-10-21 06:12:24,41600.0,100.0,1039300.0
1274,2021-10-21 06:12:24,41600.0,100.0,1039200.0
1275,2021-10-21 06:12:24,41600.0,1000.0,1039100.0
1276,2021-10-21 06:12:24,41600.0,2000.0,1038100.0
1277,2021-10-21 06:12:24,41600.0,1000.0,1036100.0
1278,2021-10-21 06:12:10,41550.0,300.0,1035100.0
1279,2021-10-21 06:11:22,41550.0,100.0,1034800.0
1280,2021-10-21 06:11:15,41550.0,400.0,1034700.0
1281,2021-10-21 06:11:04,41550.0,2000.0,1034300.0
1282,2021-10-21 06:10:52,41550.0,1000.0,1032300.0
1283,2021-10-21 06:10:42,41550.0,5000.0,1031300.0
1284,2021-10-21 06:10:04,41500.0,700.0,1026300.0
1285,2021-10-21 06:10:04,41500.0,1000.0,1025600.0
1286,2021-10-21 06:10:04,41500.0,200.0,1024600.0
1287,2021-10-21 06:10:04,41500.0,100.0,1024400.0
1288,2021-10-21 06:10:04,41500.0,500.0,1024300.0
1289,2021-10-21 06:10:04,41500.0,1500.0,1023800.0
1290,2021-10-21 06:09:46,41500.0,500.0,1022300.0
1291,2021-10-21 06:09:46,41500.0,100.0,1021800.0
1292,2021-10-21 06:09:46,41500.0,400.0,1021700.0
1293,2021-10-21 06:09:28,41500.0,600.0,1021300.0
1294,2021-10-21 06:09:28,41500.0,400.0,1020700.0
1295,2021-10-21 06:09:27,41500.0,600.0,1020300.0
1296,2021-10-21 06:09:27,41500.0,500.0,1019700.0
1297,2021-10-21 06:09:27,41500.0,300.0,1019200.0
1298,2021-10-21 06:09:27,41500.0,100.0,1018900.0
1299,2021-10-21 06:09:21,41550.0,1500.0,1018800.0
1300,2021-10-21 06:09:21,41550.0,100.0,1017300.0
1301,2021-10-21 06:08:54,41550.0,600.0,1017200.0
1302,2021-10-21 06:08:54,41550.0,1200.0,1016600.0
1303,2021-10-21 06:08:03,41600.0,5000.0,1015400.0
1304,2021-10-21 06:07:46,41600.0,4000.0,1010400.0
1305,2021-10-21 06:07:37,41600.0,1000.0,1006400.0
1306,2021-10-21 06:06:17,41600.0,200.0,1005400.0
1307,2021-10-21 06:06:01,41600.0,100.0,1005200.0
1308,2021-10-21 06:05:57,41600.0,1600.0,1005100.0
1309,2021-10-21 06:05:57,41600.0,300.0,1003500.0
1310,2021-10-21 06:05:57,41600.0,100.0,1003200.0
1311,2021-10-21 06:05:57,41600.0,500.0,1003100.0
1312,2021-10-21 06:05:57,41600.0,500.0,1002600.0
1313,2021-10-21 06:05:45,41600.0,500.0,1002100.0
1314,2021-10-21 06:05:45,41600.0,100.0,1001600.0
1315,2021-10-21 06:05:45,41600.0,100.0,1001500.0
1316,2021-10-21 06:05:45,41600.0,1300.0,1001400.0
1317,2021-10-21 06:05:07,41700.0,300.0,1000100.0
1318,2021-10-21 06:03:34,41700.0,500.0,999800.0
1319,2021-10-21 06:03:02,41700.0,200.0,999300.0
1320,2021-10-21 06:03:02,41700.0,900.0,999100.0
1321,2021-10-21 06:03:01,41700.0,100.0,998200.0
1322,2021-10-21 06:02:45,41700.0,100.0,998100.0
1323,2021-10-21 06:02:45,41650.0,100.0,998000.0
1324,2021-10-21 06:02:10,41700.0,400.0,997900.0
1325,2021-10-21 06:02:10,41700.0,200.0,997500.0
1326,2021-10-21 06:01:39,41700.0,800.0,997300.0
1327,2021-10-21 06:00:41,41700.0,200.0,996500.0
1328,2021-10-21 06:00:39,41600.0,2000.0,996300.0
1329,2021-10-21 06:00:35,41700.0,300.0,994300.0
1330,2021-10-21 06:00:32,41700.0,100.0,994000.0
1331,2021-10-21 06:00:25,41800.0,1300.0,993900.0
1332,2021-10-21 06:00:25,41700.0,100.0,992600.0
1333,2021-10-21 06:00:25,41650.0,2800.0,992500.0
1334,2021-10-21 06:00:21,41650.0,200.0,989700.0
1335,2021-10-21 06:00:18,41650.0,100.0,989500.0
1336,2021-10-21 06:00:18,41650.0,100.0,989400.0
1337,2021-10-21 06:00:17,41650.0,100.0,989300.0
1338,2021-10-21 06:00:15,41650.0,900.0,989200.0
1339,2021-10-21 06:00:15,41700.0,200.0,988300.0
1340,2021-10-21 06:00:15,41700.0,5300.0,988100.0
1341,2021-10-21 06:00:15,41700.0,300.0,982800.0
1342,2021-10-21 06:00:15,41700.0,200.0,982500.0
1343,2021-10-21 06:00:15,41700.0,200.0,982300.0
1344,2021-10-21 06:00:15,41700.0,800.0,982100.0
1345,2021-10-21 06:00:12,41800.0,1000.0,981300.0
1346,2021-10-21 06:00:12,41750.0,500.0,980300.0
1347,2021-10-21 06:00:12,41750.0,300.0,979800.0
1348,2021-10-21 06:00:12,41750.0,200.0,979500.0
1349,2021-10-21 06:00:10,41700.0,1000.0,979300.0
1350,2021-10-21 06:00:04,41700.0,1200.0,978300.0
1351,2021-10-21 06:00:04,41700.0,1300.0,977100.0
1352,2021-10-21 06:00:04,41700.0,1000.0,975800.0
1353,2021-10-21 06:00:03,41700.0,200.0,974800.0
1354,2021-10-21 06:00:03,41700.0,500.0,974600.0
1355,2021-10-21 06:00:03,41700.0,1000.0,974100.0
1356,2021-10-21 06:00:02,41700.0,100.0,973100.0
1357,2021-10-21 06:00:02,41650.0,100.0,973000.0
1358,2021-10-21 06:00:01,41700.0,900.0,972900.0
1359,2021-10-21 06:00:01,41700.0,200.0,972000.0
1360,2021-10-21 06:00:01,41700.0,200.0,971800.0
1361,2021-10-21 06:00:01,41700.0,500.0,971600.0
1362,2021-10-21 06:00:01,41700.0,100.0,971100.0
1363,2021-10-21 06:00:01,41700.0,100.0,971000.0
1364,2021-10-21 06:00:01,41700.0,200.0,970900.0
1365,2021-10-21 06:00:01,41700.0,2000.0,970700.0
1366,2021-10-21 06:00:01,41700.0,500.0,968700.0
1367,2021-10-21 04:29:58,41700.0,1200.0,968200.0
1368,2021-10-21 04:29:55,41700.0,3000.0,967000.0
1369,2021-10-21 04:29:10,41650.0,500.0,964000.0
1370,2021-10-21 04:29:10,41650.0,400.0,963500.0
1371,2021-10-21 04:28:46,41600.0,6000.0,963100.0
1372,2021-10-21 04:28:46,41600.0,200.0,957100.0
1373,2021-10-21 04:28:46,41550.0,500.0,956900.0
1374,2021-10-21 04:27:32,41600.0,200.0,956400.0
1375,2021-10-21 04:26:19,41500.0,500.0,956200.0
1376,2021-10-21 04:25:07,41500.0,1500.0,955700.0
1377,2021-10-21 04:25:07,41500.0,100.0,954200.0
1378,2021-10-21 04:25:07,41500.0,100.0,954100.0
1379,2021-10-21 04:25:07,41500.0,100.0,954000.0
1380,2021-10-21 04:25:07,41500.0,200.0,953900.0
1381,2021-10-21 04:25:07,41500.0,300.0,953700.0
1382,2021-10-21 04:25:07,41500.0,500.0,953400.0
1383,2021-10-21 04:25:07,41500.0,100.0,952900.0
1384,2021-10-21 04:25:07,41500.0,500.0,952800.0
1385,2021-10-21 04:25:07,41500.0,1000.0,952300.0
1386,2021-10-21 04:25:07,41500.0,500.0,951300.0
1387,2021-10-21 04:25:07,41500.0,300.0,950800.0
1388,2021-10-21 04:25:07,41500.0,300.0,950500.0
1389,2021-10-21 04:25:07,41500.0,1000.0,950200.0
1390,2021-10-21 04:25:07,41500.0,200.0,949200.0
1391,2021-10-21 04:25:07,41500.0,500.0,949000.0
1392,2021-10-21 04:25:07,41500.0,1500.0,948500.0
1393,2021-10-21 04:25:03,41500.0,100.0,947000.0
1394,2021-10-21 04:24:37,41500.0,400.0,946900.0
1395,2021-10-21 04:24:37,41500.0,1000.0,946500.0
1396,2021-10-21 04:24:37,41500.0,200.0,945500.0
1397,2021-10-21 04:24:37,41500.0,200.0,945300.0
1398,2021-10-21 04:24:37,41500.0,200.0,945100.0
1399,2021-10-21 04:24:37,41500.0,3000.0,944900.0
1400,2021-10-21 04:24:21,41550.0,300.0,941900.0
1401,2021-10-21 04:24:03,41500.0,2000.0,941600.0
1402,2021-10-21 04:23:50,41550.0,500.0,939600.0
1403,2021-10-21 04:23:50,41550.0,500.0,939100.0
1404,2021-10-21 04:23:43,41600.0,100.0,938600.0
1405,2021-10-21 04:23:42,41550.0,500.0,938500.0
1406,2021-10-21 04:23:42,41550.0,800.0,938000.0
1407,2021-10-21 04:23:42,41550.0,200.0,937200.0
1408,2021-10-21 04:22:57,41550.0,100.0,937000.0
1409,2021-10-21 04:22:57,41550.0,200.0,936900.0
1410,2021-10-21 04:22:54,41650.0,2000.0,936700.0
1411,2021-10-21 04:22:20,41650.0,500.0,934700.0
1412,2021-10-21 04:22:20,41600.0,300.0,934200.0
1413,2021-10-21 04:22:11,41550.0,6000.0,933900.0
1414,2021-10-21 04:22:07,41600.0,200.0,927900.0
1415,2021-10-21 04:21:30,41600.0,1600.0,927700.0
1416,2021-10-21 04:21:24,41650.0,1000.0,926100.0
1417,2021-10-21 04:21:23,41650.0,600.0,925100.0
1418,2021-10-21 04:21:00,41600.0,200.0,924500.0
1419,2021-10-21 04:20:41,41600.0,100.0,924300.0
1420,2021-10-21 04:20:41,41600.0,200.0,924200.0
1421,2021-10-21 04:20:32,41550.0,8000.0,924000.0
1422,2021-10-21 04:19:57,41600.0,300.0,916000.0
1423,2021-10-21 04:19:43,41600.0,100.0,915700.0
1424,2021-10-21 04:19:43,41600.0,400.0,915600.0
1425,2021-10-21 04:19:42,41650.0,100.0,915200.0
1426,2021-10-21 04:19:41,41600.0,100.0,915100.0
1427,2021-10-21 04:19:41,41600.0,100.0,915000.0
1428,2021-10-21 04:19:32,41600.0,100.0,914900.0
1429,2021-10-21 04:18:49,41600.0,200.0,914800.0
1430,2021-10-21 04:18:49,41600.0,300.0,914600.0
1431,2021-10-21 04:18:49,41600.0,200.0,914300.0
1432,2021-10-21 04:18:05,41650.0,300.0,914100.0
1433,2021-10-21 04:18:05,41650.0,400.0,913800.0
1434,2021-10-21 04:18:05,41650.0,100.0,913400.0
1435,2021-10-21 04:18:05,41650.0,4600.0,913300.0
1436,2021-10-21 04:17:47,41700.0,100.0,908700.0
1437,2021-10-21 04:17:16,41700.0,2500.0,908600.0
1438,2021-10-21 04:17:10,41700.0,500.0,906100.0
1439,2021-10-21 04:17:07,41700.0,500.0,905600.0
1440,2021-10-21 04:17:07,41700.0,6000.0,905100.0
1441,2021-10-21 04:17:07,41700.0,500.0,899100.0
1442,2021-10-21 04:16:54,41700.0,100.0,898600.0
1443,2021-10-21 04:16:41,41700.0,400.0,898500.0
1444,2021-10-21 04:16:41,41700.0,500.0,898100.0
1445,2021-10-21 04:16:41,41700.0,200.0,897600.0
1446,2021-10-21 04:16:41,41700.0,900.0,897400.0
1447,2021-10-21 04:15:14,41750.0,300.0,896500.0
1448,2021-10-21 04:14:49,41750.0,200.0,896200.0
1449,2021-10-21 04:14:17,41750.0,100.0,896000.0
1450,2021-10-21 04:14:17,41750.0,100.0,895900.0
1451,2021-10-21 04:14:17,41750.0,200.0,895800.0
1452,2021-10-21 04:14:17,41750.0,500.0,895600.0
1453,2021-10-21 04:14:17,41750.0,100.0,895100.0
1454,2021-10-21 04:12:36,41800.0,1000.0,895000.0
1455,2021-10-21 04:12:36,41800.0,300.0,894000.0
1456,2021-10-21 04:12:36,41800.0,400.0,893700.0
1457,2021-10-21 04:12:36,41800.0,100.0,893300.0
1458,2021-10-21 04:12:36,41800.0,200.0,893200.0
1459,2021-10-21 04:12:36,41800.0,1700.0,893000.0
1460,2021-10-21 04:12:36,41800.0,1100.0,891300.0
1461,2021-10-21 04:12:09,41900.0,500.0,890200.0
1462,2021-10-21 04:12:09,41900.0,100.0,889700.0
1463,2021-10-21 04:12:09,41900.0,1000.0,889600.0
1464,2021-10-21 04:12:09,41900.0,1900.0,888600.0
1465,2021-10-21 04:11:22,41900.0,600.0,886700.0
1466,2021-10-21 04:10:42,41900.0,2500.0,886100.0
1467,2021-10-21 04:10:42,41900.0,2000.0,883600.0
1468,2021-10-21 04:10:35,41900.0,100.0,881600.0
1469,2021-10-21 04:10:35,41900.0,100.0,881500.0
1470,2021-10-21 04:10:35,41900.0,200.0,881400.0
1471,2021-10-21 04:09:39,41900.0,1300.0,881200.0
1472,2021-10-21 04:08:56,41900.0,3000.0,879900.0
1473,2021-10-21 04:08:11,41900.0,100.0,876900.0
1474,2021-10-21 04:08:02,41900.0,1100.0,876800.0
1475,2021-10-21 04:08:02,41900.0,1700.0,875700.0
1476,2021-10-21 04:08:02,41900.0,100.0,874000.0
1477,2021-10-21 04:08:02,41900.0,100.0,873900.0
1478,2021-10-21 04:08:02,41900.0,100.0,873800.0
1479,2021-10-21 04:08:02,41900.0,100.0,873700.0
1480,2021-10-21 04:08:02,41900.0,600.0,873600.0
1481,2021-10-21 04:07:32,41900.0,100.0,873000.0
1482,2021-10-21 04:06:48,41800.0,1900.0,872900.0
1483,2021-10-21 04:06:35,41800.0,200.0,871000.0
1484,2021-10-21 04:06:26,41800.0,2000.0,870800.0
1485,2021-10-21 04:06:26,41800.0,100.0,868800.0
1486,2021-10-21 04:06:26,41800.0,1000.0,868700.0
1487,2021-10-21 04:06:26,41800.0,200.0,867700.0
1488,2021-10-21 04:06:26,41850.0,600.0,867500.0
1489,2021-10-21 04:06:02,41800.0,100.0,866900.0
1490,2021-10-21 04:05:38,41850.0,100.0,866800.0
1491,2021-10-21 04:05:16,41850.0,200.0,866700.0
1492,2021-10-21 04:05:16,41850.0,100.0,866500.0
1493,2021-10-21 04:05:02,41850.0,1300.0,866400.0
1494,2021-10-21 04:05:02,41850.0,500.0,865100.0
1495,2021-10-21 04:05:02,41850.0,1200.0,864600.0
1496,2021-10-21 04:05:02,41850.0,1000.0,863400.0
1497,2021-10-21 04:05:02,41850.0,200.0,862400.0
1498,2021-10-21 04:05:02,41850.0,100.0,862200.0
1499,2021-10-21 04:05:02,41850.0,1000.0,862100.0
1500,2021-10-21 04:05:02,41850.0,100.0,861100.0
1501,2021-10-21 04:05:02,41850.0,500.0,861000.0
1502,2021-10-21 04:05:02,41850.0,100.0,860500.0
1503,2021-10-21 04:04:15,41900.0,100.0,860400.0
1504,2021-10-21 04:04:15,41900.0,800.0,860300.0
1505,2021-10-21 04:04:15,41900.0,100.0,859500.0
1506,2021-10-21 04:03:29,41850.0,1000.0,859400.0
1507,2021-10-21 04:03:25,41850.0,300.0,858400.0
1508,2021-10-21 04:01:56,41850.0,600.0,858100.0
1509,2021-10-21 04:01:21,41900.0,100.0,857500.0
1510,2021-10-21 04:01:20,41850.0,900.0,857400.0
1511,2021-10-21 04:00:58,41900.0,100.0,856500.0
1512,2021-10-21 04:00:58,41900.0,100.0,856400.0
1513,2021-10-21 04:00:58,41900.0,400.0,856300.0
1514,2021-10-21 04:00:37,41850.0,1000.0,855900.0
1515,2021-10-21 04:00:31,41900.0,100.0,854900.0
1516,2021-10-21 04:00:31,41900.0,100.0,854800.0
1517,2021-10-21 04:00:18,41850.0,100.0,854700.0
1518,2021-10-21 03:59:31,41850.0,100.0,854600.0
1519,2021-10-21 03:59:28,41850.0,1600.0,854500.0
1520,2021-10-21 03:59:24,41900.0,400.0,852900.0
1521,2021-10-21 03:59:24,41900.0,900.0,852500.0
1522,2021-10-21 03:59:15,41850.0,3000.0,851600.0
1523,2021-10-21 03:59:08,41850.0,5000.0,848600.0
1524,2021-10-21 03:58:49,41850.0,7900.0,843600.0
1525,2021-10-21 03:58:49,41850.0,1100.0,835700.0
1526,2021-10-21 03:58:49,41850.0,1000.0,834600.0
1527,2021-10-21 03:58:44,41900.0,100.0,833600.0
1528,2021-10-21 03:58:44,41900.0,100.0,833500.0
1529,2021-10-21 03:58:05,41900.0,100.0,833400.0
1530,2021-10-21 03:57:18,41900.0,400.0,833300.0
1531,2021-10-21 03:57:18,41900.0,300.0,832900.0
1532,2021-10-21 03:55:21,41900.0,100.0,832600.0
1533,2021-10-21 03:55:21,41900.0,100.0,832500.0
1534,2021-10-21 03:55:21,41900.0,100.0,832400.0
1535,2021-10-21 03:55:02,41900.0,200.0,832300.0
1536,2021-10-21 03:54:17,41850.0,1500.0,832100.0
1537,2021-10-21 03:53:40,41800.0,200.0,830600.0
1538,2021-10-21 03:53:40,41800.0,300.0,830400.0
1539,2021-10-21 03:53:40,41800.0,500.0,830100.0
1540,2021-10-21 03:53:38,41900.0,200.0,829600.0
1541,2021-10-21 03:53:19,41900.0,300.0,829400.0
1542,2021-10-21 03:52:51,41900.0,200.0,829100.0
1543,2021-10-21 03:52:51,41900.0,400.0,828900.0
1544,2021-10-21 03:52:35,41900.0,1000.0,828500.0
1545,2021-10-21 03:52:35,41900.0,600.0,827500.0
1546,2021-10-21 03:52:34,41900.0,400.0,826900.0
1547,2021-10-21 03:52:05,41950.0,500.0,826500.0
1548,2021-10-21 03:52:03,41950.0,300.0,826000.0
1549,2021-10-21 03:52:03,41950.0,4500.0,825700.0
1550,2021-10-21 03:51:59,42000.0,700.0,821200.0
1551,2021-10-21 03:51:54,42000.0,300.0,820500.0
1552,2021-10-21 03:51:49,42000.0,2200.0,820200.0
1553,2021-10-21 03:51:49,42000.0,3000.0,818000.0
1554,2021-10-21 03:51:49,42000.0,1200.0,815000.0
1555,2021-10-21 03:51:29,42000.0,300.0,813800.0
1556,2021-10-21 03:51:29,42000.0,200.0,813500.0
1557,2021-10-21 03:51:12,42000.0,300.0,813300.0
1558,2021-10-21 03:51:12,42000.0,300.0,813000.0
1559,2021-10-21 03:51:12,42000.0,200.0,812700.0
1560,2021-10-21 03:51:12,42000.0,300.0,812500.0
1561,2021-10-21 03:51:12,42000.0,400.0,812200.0
1562,2021-10-21 03:51:01,42000.0,800.0,811800.0
1563,2021-10-21 03:51:01,42000.0,10000.0,811000.0
1564,2021-10-21 03:51:01,42000.0,200.0,801000.0
1565,2021-10-21 03:51:00,42000.0,500.0,800800.0
1566,2021-10-21 03:51:00,41950.0,500.0,800300.0
1567,2021-10-21 03:51:00,41950.0,500.0,799800.0
1568,2021-10-21 03:50:52,42000.0,1000.0,799300.0
1569,2021-10-21 03:50:51,42000.0,3000.0,798300.0
1570,2021-10-21 03:50:34,42000.0,300.0,795300.0
1571,2021-10-21 03:50:34,42000.0,300.0,795000.0
1572,2021-10-21 03:50:34,42000.0,300.0,794700.0
1573,2021-10-21 03:50:27,42000.0,200.0,794400.0
1574,2021-10-21 03:50:27,42000.0,100.0,794200.0
1575,2021-10-21 03:50:22,41950.0,1500.0,794100.0
1576,2021-10-21 03:50:22,41950.0,100.0,792600.0
1577,2021-10-21 03:50:22,41950.0,400.0,792500.0
1578,2021-10-21 03:49:58,42000.0,1000.0,792100.0
1579,2021-10-21 03:49:47,42000.0,300.0,791100.0
1580,2021-10-21 03:49:24,41950.0,100.0,790800.0
1581,2021-10-21 03:49:24,41950.0,100.0,790700.0
1582,2021-10-21 03:49:24,41950.0,400.0,790600.0
1583,2021-10-21 03:49:17,41950.0,600.0,790200.0
1584,2021-10-21 03:49:17,41950.0,400.0,789600.0
1585,2021-10-21 03:49:13,41950.0,1000.0,789200.0
1586,2021-10-21 03:49:07,41900.0,100.0,788200.0
1587,2021-10-21 03:48:56,41900.0,500.0,788100.0
1588,2021-10-21 03:48:56,41900.0,100.0,787600.0
1589,2021-10-21 03:48:56,41900.0,300.0,787500.0
1590,2021-10-21 03:48:56,41900.0,100.0,787200.0
1591,2021-10-21 03:48:45,41900.0,100.0,787100.0
1592,2021-10-21 03:48:13,41900.0,800.0,787000.0
1593,2021-10-21 03:48:12,41800.0,100.0,786200.0
1594,2021-10-21 03:48:06,41800.0,300.0,786100.0
1595,2021-10-21 03:48:06,41800.0,300.0,785800.0
1596,2021-10-21 03:48:06,41800.0,800.0,785500.0
1597,2021-10-21 03:47:51,41800.0,3000.0,784700.0
1598,2021-10-21 03:47:20,41750.0,200.0,781700.0
1599,2021-10-21 03:47:17,41750.0,300.0,781500.0
1600,2021-10-21 03:47:17,41750.0,600.0,781200.0
1601,2021-10-21 03:47:03,41750.0,200.0,780600.0
1602,2021-10-21 03:47:03,41750.0,100.0,780400.0
1603,2021-10-21 03:46:40,41750.0,900.0,780300.0
1604,2021-10-21 03:46:39,41750.0,200.0,779400.0
1605,2021-10-21 03:46:39,41750.0,200.0,779200.0
1606,2021-10-21 03:46:35,41750.0,200.0,779000.0
1607,2021-10-21 03:46:34,41750.0,300.0,778800.0
1608,2021-10-21 03:46:34,41750.0,100.0,778500.0
1609,2021-10-21 03:46:18,41750.0,300.0,778400.0
1610,2021-10-21 03:46:11,41800.0,200.0,778100.0
1611,2021-10-21 03:45:57,41800.0,500.0,777900.0
1612,2021-10-21 03:45:51,41800.0,100.0,777400.0
1613,2021-10-21 03:45:48,41800.0,100.0,777300.0
1614,2021-10-21 03:45:48,41800.0,300.0,777200.0
1615,2021-10-21 03:45:47,41800.0,700.0,776900.0
1616,2021-10-21 03:45:47,41800.0,2000.0,776200.0
1617,2021-10-21 03:45:47,41800.0,200.0,774200.0
1618,2021-10-21 03:45:47,41800.0,100.0,774000.0
1619,2021-10-21 03:45:47,41900.0,200.0,773900.0
1620,2021-10-21 03:45:35,41900.0,200.0,773700.0
1621,2021-10-21 03:45:33,41900.0,200.0,773500.0
1622,2021-10-21 03:45:33,41900.0,1000.0,773300.0
1623,2021-10-21 03:45:32,41900.0,1000.0,772300.0
1624,2021-10-21 03:45:27,41900.0,100.0,771300.0
1625,2021-10-21 03:45:13,41900.0,200.0,771200.0
1626,2021-10-21 03:45:07,41900.0,200.0,771000.0
1627,2021-10-21 03:44:48,41900.0,1000.0,770800.0
1628,2021-10-21 03:44:38,41900.0,7100.0,769800.0
1629,2021-10-21 03:44:38,41950.0,100.0,762700.0
1630,2021-10-21 03:44:38,41950.0,100.0,762600.0
1631,2021-10-21 03:44:38,41950.0,2000.0,762500.0
1632,2021-10-21 03:44:38,41950.0,700.0,760500.0
1633,2021-10-21 03:44:26,41950.0,500.0,759800.0
1634,2021-10-21 03:44:21,42000.0,1200.0,759300.0
1635,2021-10-21 03:44:17,42000.0,1000.0,758100.0
1636,2021-10-21 03:43:48,42000.0,500.0,757100.0
1637,2021-10-21 03:43:41,41950.0,300.0,756600.0
1638,2021-10-21 03:43:41,41950.0,1500.0,756300.0
1639,2021-10-21 03:43:22,41900.0,1000.0,754800.0
1640,2021-10-21 03:43:22,41900.0,900.0,753800.0
1641,2021-10-21 03:43:11,41900.0,100.0,752900.0
1642,2021-10-21 03:43:10,41900.0,100.0,752800.0
1643,2021-10-21 03:42:51,42000.0,500.0,752700.0
1644,2021-10-21 03:42:44,42000.0,200.0,752200.0
1645,2021-10-21 03:42:37,42000.0,500.0,752000.0
1646,2021-10-21 03:42:37,42000.0,200.0,751500.0
1647,2021-10-21 03:42:37,42000.0,2500.0,751300.0
1648,2021-10-21 03:42:37,42000.0,1700.0,748800.0
1649,2021-10-21 03:42:37,42000.0,300.0,747100.0
1650,2021-10-21 03:42:34,42000.0,1000.0,746800.0
1651,2021-10-21 03:42:31,42100.0,300.0,745800.0
1652,2021-10-21 03:42:20,42000.0,3700.0,745500.0
1653,2021-10-21 03:42:20,42000.0,1300.0,741800.0
1654,2021-10-21 03:41:57,42000.0,1000.0,740500.0
1655,2021-10-21 03:41:53,42000.0,200.0,739500.0
1656,2021-10-21 03:41:42,42000.0,1000.0,739300.0
1657,2021-10-21 03:41:39,42100.0,2200.0,738300.0
1658,2021-10-21 03:41:33,42000.0,300.0,736100.0
1659,2021-10-21 03:41:31,42100.0,300.0,735800.0
1660,2021-10-21 03:41:31,42100.0,500.0,735500.0
1661,2021-10-21 03:41:31,42100.0,2000.0,735000.0
1662,2021-10-21 03:41:31,42100.0,200.0,733000.0
1663,2021-10-21 03:41:31,42100.0,300.0,732800.0
1664,2021-10-21 03:41:31,42100.0,200.0,732500.0
1665,2021-10-21 03:41:31,42100.0,400.0,732300.0
1666,2021-10-21 03:41:31,42050.0,100.0,731900.0
1667,2021-10-21 03:41:27,42000.0,100.0,731800.0
1668,2021-10-21 03:41:22,42000.0,500.0,731700.0
1669,2021-10-21 03:41:22,42000.0,200.0,731200.0
1670,2021-10-21 03:41:22,42000.0,400.0,731000.0
1671,2021-10-21 03:41:15,42000.0,100.0,730600.0
1672,2021-10-21 03:41:15,42000.0,100.0,730500.0
1673,2021-10-21 03:41:13,42000.0,100.0,730400.0
1674,2021-10-21 03:41:13,42000.0,400.0,730300.0
1675,2021-10-21 03:41:13,42000.0,100.0,729900.0
1676,2021-10-21 03:41:13,42000.0,300.0,729800.0
1677,2021-10-21 03:41:13,42000.0,1600.0,729500.0
1678,2021-10-21 03:41:09,42000.0,400.0,727900.0
1679,2021-10-21 03:40:54,42000.0,2600.0,727500.0
1680,2021-10-21 03:40:54,42000.0,400.0,724900.0
1681,2021-10-21 03:40:54,42000.0,700.0,724500.0
1682,2021-10-21 03:40:54,42000.0,1000.0,723800.0
1683,2021-10-21 03:40:54,42000.0,500.0,722800.0
1684,2021-10-21 03:40:54,42000.0,100.0,722300.0
1685,2021-10-21 03:40:54,42000.0,300.0,722200.0
1686,2021-10-21 03:40:54,42000.0,600.0,721900.0
1687,2021-10-21 03:40:48,41900.0,200.0,721300.0
1688,2021-10-21 03:40:45,41900.0,100.0,721100.0
1689,2021-10-21 03:40:32,41900.0,2000.0,721000.0
1690,2021-10-21 03:40:32,41900.0,100.0,719000.0
1691,2021-10-21 03:40:28,41900.0,600.0,718900.0
1692,2021-10-21 03:40:25,42000.0,500.0,718300.0
1693,2021-10-21 03:40:16,41900.0,300.0,717800.0
1694,2021-10-21 03:40:05,42000.0,200.0,717500.0
1695,2021-10-21 03:39:57,42000.0,1200.0,717300.0
1696,2021-10-21 03:39:54,42000.0,500.0,716100.0
1697,2021-10-21 03:39:54,42000.0,100.0,715600.0
1698,2021-10-21 03:39:54,42000.0,100.0,715500.0
1699,2021-10-21 03:39:54,42000.0,1800.0,715400.0
1700,2021-10-21 03:39:52,42000.0,100.0,713600.0
1701,2021-10-21 03:39:52,42000.0,100.0,713500.0
1702,2021-10-21 03:39:46,42100.0,600.0,713400.0
1703,2021-10-21 03:39:46,42100.0,100.0,712800.0
1704,2021-10-21 03:39:46,42100.0,300.0,712700.0
1705,2021-10-21 03:39:46,42000.0,1000.0,712400.0
1706,2021-10-21 03:39:37,42100.0,700.0,711400.0
1707,2021-10-21 03:39:37,42100.0,1000.0,710700.0
1708,2021-10-21 03:39:37,42100.0,200.0,709700.0
1709,2021-10-21 03:39:35,42100.0,200.0,709500.0
1710,2021-10-21 03:39:35,42000.0,3800.0,709300.0
1711,2021-10-21 03:39:34,42000.0,3000.0,705500.0
1712,2021-10-21 03:39:31,42000.0,300.0,702500.0
1713,2021-10-21 03:39:31,42000.0,200.0,702200.0
1714,2021-10-21 03:39:31,42000.0,2700.0,702000.0
1715,2021-10-21 03:39:27,42000.0,2300.0,699300.0
1716,2021-10-21 03:39:27,42000.0,100.0,697000.0
1717,2021-10-21 03:39:27,42000.0,200.0,696900.0
1718,2021-10-21 03:39:27,42000.0,100.0,696700.0
1719,2021-10-21 03:39:27,42000.0,800.0,696600.0
1720,2021-10-21 03:39:16,42100.0,200.0,695800.0
1721,2021-10-21 03:39:16,42100.0,100.0,695600.0
1722,2021-10-21 03:39:15,42000.0,2000.0,695500.0
1723,2021-10-21 03:39:06,42100.0,100.0,693500.0
1724,2021-10-21 03:39:06,42100.0,100.0,693400.0
1725,2021-10-21 03:39:01,42100.0,100.0,693300.0
1726,2021-10-21 03:38:57,42100.0,100.0,693200.0
1727,2021-10-21 03:38:47,42150.0,1200.0,693100.0
1728,2021-10-21 03:38:47,42100.0,100.0,691900.0
1729,2021-10-21 03:38:44,42100.0,1000.0,691800.0
1730,2021-10-21 03:38:41,42150.0,100.0,690800.0
1731,2021-10-21 03:38:39,42150.0,500.0,690700.0
1732,2021-10-21 03:38:39,42150.0,100.0,690200.0
1733,2021-10-21 03:38:36,42150.0,500.0,690100.0
1734,2021-10-21 03:38:36,42150.0,300.0,689600.0
1735,2021-10-21 03:38:36,42150.0,200.0,689300.0
1736,2021-10-21 03:38:19,42150.0,200.0,689100.0
1737,2021-10-21 03:38:19,42100.0,100.0,688900.0
1738,2021-10-21 03:38:15,42150.0,100.0,688800.0
1739,2021-10-21 03:38:03,42200.0,500.0,688700.0
1740,2021-10-21 03:38:03,42200.0,800.0,688200.0
1741,2021-10-21 03:38:03,42200.0,100.0,687400.0
1742,2021-10-21 03:38:03,42200.0,1600.0,687300.0
1743,2021-10-21 03:38:01,42200.0,100.0,685700.0
1744,2021-10-21 03:37:59,42200.0,1200.0,685600.0
1745,2021-10-21 03:37:53,42200.0,100.0,684400.0
1746,2021-10-21 03:37:53,42200.0,100.0,684300.0
1747,2021-10-21 03:37:53,42200.0,400.0,684200.0
1748,2021-10-21 03:37:46,42200.0,100.0,683800.0
1749,2021-10-21 03:37:46,42200.0,100.0,683700.0
1750,2021-10-21 03:37:38,42250.0,900.0,683600.0
1751,2021-10-21 03:37:34,42300.0,200.0,682700.0
1752,2021-10-21 03:37:34,42300.0,300.0,682500.0
1753,2021-10-21 03:37:30,42300.0,700.0,682200.0
1754,2021-10-21 03:37:19,42200.0,100.0,681500.0
1755,2021-10-21 03:37:17,42200.0,100.0,681400.0
1756,2021-10-21 03:37:07,42350.0,1000.0,681300.0
1757,2021-10-21 03:37:02,42350.0,100.0,680300.0
1758,2021-10-21 03:36:58,42400.0,100.0,680200.0
1759,2021-10-21 03:36:48,42400.0,500.0,680100.0
1760,2021-10-21 03:36:48,42400.0,100.0,679600.0
1761,2021-10-21 03:36:45,42400.0,600.0,679500.0
1762,2021-10-21 03:36:31,42400.0,300.0,678900.0
1763,2021-10-21 03:36:31,42400.0,100.0,678600.0
1764,2021-10-21 03:36:31,42300.0,1600.0,678500.0
1765,2021-10-21 03:36:29,42300.0,3400.0,676900.0
1766,2021-10-21 03:36:29,42250.0,1000.0,673500.0
1767,2021-10-21 03:36:29,42200.0,300.0,672500.0
1768,2021-10-21 03:36:29,42200.0,600.0,672200.0
1769,2021-10-21 03:36:29,42200.0,1100.0,671600.0
1770,2021-10-21 03:36:29,42150.0,500.0,670500.0
1771,2021-10-21 03:36:29,42100.0,100.0,670000.0
1772,2021-10-21 03:36:27,41900.0,100.0,669900.0
1773,2021-10-21 03:36:27,42000.0,100.0,669800.0
1774,2021-10-21 03:36:26,41900.0,2000.0,669700.0
1775,2021-10-21 03:36:24,42100.0,200.0,667700.0
1776,2021-10-21 03:36:24,42100.0,1000.0,667500.0
1777,2021-10-21 03:36:24,42100.0,1000.0,666500.0
1778,2021-10-21 03:36:24,42000.0,200.0,665500.0
1779,2021-10-21 03:36:24,42000.0,300.0,665300.0
1780,2021-10-21 03:36:24,42000.0,100.0,665000.0
1781,2021-10-21 03:36:24,42000.0,2200.0,664900.0
1782,2021-10-21 03:36:23,42000.0,3900.0,662700.0
1783,2021-10-21 03:36:23,42000.0,500.0,658800.0
1784,2021-10-21 03:36:23,42000.0,2000.0,658300.0
1785,2021-10-21 03:36:23,42000.0,100.0,656300.0
1786,2021-10-21 03:36:23,42000.0,1000.0,656200.0
1787,2021-10-21 03:36:23,42000.0,100.0,655200.0
1788,2021-10-21 03:36:23,42000.0,1800.0,655100.0
1789,2021-10-21 03:36:23,42000.0,100.0,653300.0
1790,2021-10-21 03:36:23,42000.0,300.0,653200.0
1791,2021-10-21 03:36:23,42000.0,500.0,652900.0
1792,2021-10-21 03:36:23,42000.0,100.0,652400.0
1793,2021-10-21 03:36:23,42000.0,4100.0,652300.0
1794,2021-10-21 03:36:23,42000.0,300.0,648200.0
1795,2021-10-21 03:36:23,42000.0,1200.0,647900.0
1796,2021-10-21 03:36:23,42000.0,100.0,646700.0
1797,2021-10-21 03:36:22,42000.0,700.0,646600.0
1798,2021-10-21 03:36:22,42000.0,500.0,645900.0
1799,2021-10-21 03:36:22,42000.0,500.0,645400.0
1800,2021-10-21 03:36:22,42000.0,100.0,644900.0
1801,2021-10-21 03:36:22,42000.0,1000.0,644800.0
1802,2021-10-21 03:36:22,42000.0,1000.0,643800.0
1803,2021-10-21 03:36:22,42000.0,5000.0,642800.0
1804,2021-10-21 03:36:22,42000.0,800.0,637800.0
1805,2021-10-21 03:36:22,42000.0,100.0,637000.0
1806,2021-10-21 03:36:22,42000.0,2300.0,636900.0
1807,2021-10-21 03:36:20,42000.0,200.0,634600.0
1808,2021-10-21 03:36:20,42000.0,5000.0,634400.0
1809,2021-10-21 03:36:15,42000.0,2500.0,629400.0
1810,2021-10-21 03:36:15,42000.0,400.0,626900.0
1811,2021-10-21 03:36:15,42000.0,100.0,626500.0
1812,2021-10-21 03:36:15,42000.0,2000.0,626400.0
1813,2021-10-21 03:36:13,41900.0,200.0,624400.0
1814,2021-10-21 03:36:10,42000.0,1000.0,624200.0
1815,2021-10-21 03:36:10,42000.0,100.0,623200.0
1816,2021-10-21 03:36:10,42000.0,200.0,623100.0
1817,2021-10-21 03:36:10,42000.0,700.0,622900.0
1818,2021-10-21 03:36:09,42000.0,300.0,622200.0
1819,2021-10-21 03:36:09,42000.0,200.0,621900.0
1820,2021-10-21 03:36:03,41900.0,300.0,621700.0
1821,2021-10-21 03:36:03,41900.0,300.0,621400.0
1822,2021-10-21 03:36:03,41900.0,1000.0,621100.0
1823,2021-10-21 03:36:03,41900.0,300.0,620100.0
1824,2021-10-21 03:36:03,41900.0,500.0,619800.0
1825,2021-10-21 03:36:03,41900.0,10300.0,619300.0
1826,2021-10-21 03:36:03,41900.0,5000.0,609000.0
1827,2021-10-21 03:36:00,41900.0,4700.0,604000.0
1828,2021-10-21 03:36:00,41900.0,100.0,599300.0
1829,2021-10-21 03:36:00,41900.0,5000.0,599200.0
1830,2021-10-21 03:36:00,41900.0,200.0,594200.0
1831,2021-10-21 03:36:00,41850.0,25000.0,594000.0
1832,2021-10-21 03:35:59,41850.0,5000.0,569000.0
1833,2021-10-21 03:35:47,41850.0,200.0,564000.0
1834,2021-10-21 03:35:46,41850.0,300.0,563800.0
1835,2021-10-21 03:35:46,41850.0,1200.0,563500.0
1836,2021-10-21 03:35:46,41850.0,1000.0,562300.0
1837,2021-10-21 03:35:37,41800.0,300.0,561300.0
1838,2021-10-21 03:35:37,41800.0,2000.0,561000.0
1839,2021-10-21 03:35:37,41800.0,100.0,559000.0
1840,2021-10-21 03:35:29,41800.0,1000.0,558900.0
1841,2021-10-21 03:35:28,41800.0,300.0,557900.0
1842,2021-10-21 03:35:28,41800.0,200.0,557600.0
1843,2021-10-21 03:35:28,41800.0,200.0,557400.0
1844,2021-10-21 03:35:28,41800.0,300.0,557200.0
1845,2021-10-21 03:35:28,41800.0,700.0,556900.0
1846,2021-10-21 03:35:22,41800.0,1700.0,556200.0
1847,2021-10-21 03:35:08,41800.0,100.0,554500.0
1848,2021-10-21 03:35:02,41800.0,100.0,554400.0
1849,2021-10-21 03:35:02,41800.0,400.0,554300.0
1850,2021-10-21 03:35:02,41800.0,200.0,553900.0
1851,2021-10-21 03:35:02,41800.0,100.0,553700.0
1852,2021-10-21 03:35:02,41800.0,500.0,553600.0
1853,2021-10-21 03:35:02,41800.0,2000.0,553100.0
1854,2021-10-21 03:35:02,41800.0,500.0,551100.0
1855,2021-10-21 03:35:02,41800.0,200.0,550600.0
1856,2021-10-21 03:35:02,41750.0,1000.0,550400.0
1857,2021-10-21 03:35:01,41700.0,400.0,549400.0
1858,2021-10-21 03:35:01,41700.0,100.0,549000.0
1859,2021-10-21 03:35:01,41700.0,1000.0,548900.0
1860,2021-10-21 03:35:01,41700.0,300.0,547900.0
1861,2021-10-21 03:35:01,41700.0,300.0,547600.0
1862,2021-10-21 03:35:01,41700.0,3000.0,547300.0
1863,2021-10-21 03:35:01,41700.0,300.0,544300.0
1864,2021-10-21 03:35:01,41700.0,2000.0,544000.0
1865,2021-10-21 03:35:01,41700.0,3100.0,542000.0
1866,2021-10-21 03:34:54,41650.0,100.0,538900.0
1867,2021-10-21 03:34:52,41650.0,100.0,538800.0
1868,2021-10-21 03:34:51,41700.0,300.0,538700.0
1869,2021-10-21 03:34:50,41700.0,1200.0,538400.0
1870,2021-10-21 03:34:48,41650.0,200.0,537200.0
1871,2021-10-21 03:34:48,41650.0,1100.0,537000.0
1872,2021-10-21 03:34:48,41650.0,100.0,535900.0
1873,2021-10-21 03:34:48,41650.0,600.0,535800.0
1874,2021-10-21 03:34:44,41700.0,400.0,535200.0
1875,2021-10-21 03:34:44,41700.0,200.0,534800.0
1876,2021-10-21 03:34:36,41650.0,300.0,534600.0
1877,2021-10-21 03:34:36,41650.0,4100.0,534300.0
1878,2021-10-21 03:34:31,41650.0,3600.0,530200.0
1879,2021-10-21 03:34:24,41650.0,6000.0,526600.0
1880,2021-10-21 03:34:20,41650.0,5000.0,520600.0
1881,2021-10-21 03:34:18,41650.0,100.0,515600.0
1882,2021-10-21 03:34:13,41600.0,100.0,515500.0
1883,2021-10-21 03:34:07,41650.0,500.0,515400.0
1884,2021-10-21 03:34:07,41600.0,100.0,514900.0
1885,2021-10-21 03:34:07,41600.0,300.0,514800.0
1886,2021-10-21 03:34:07,41600.0,100.0,514500.0
1887,2021-10-21 03:33:55,41600.0,100.0,514400.0
1888,2021-10-21 03:33:52,41600.0,900.0,514300.0
1889,2021-10-21 03:33:44,41600.0,100.0,513400.0
1890,2021-10-21 03:33:43,41650.0,700.0,513300.0
1891,2021-10-21 03:33:43,41600.0,200.0,512600.0
1892,2021-10-21 03:33:43,41600.0,100.0,512400.0
1893,2021-10-21 03:33:40,41600.0,100.0,512300.0
1894,2021-10-21 03:33:40,41600.0,300.0,512200.0
1895,2021-10-21 03:33:40,41600.0,100.0,511900.0
1896,2021-10-21 03:33:23,41600.0,100.0,511800.0
1897,2021-10-21 03:33:21,41500.0,300.0,511700.0
1898,2021-10-21 03:33:20,41600.0,800.0,511400.0
1899,2021-10-21 03:33:19,41600.0,1100.0,510600.0
1900,2021-10-21 03:33:19,41600.0,300.0,509500.0
1901,2021-10-21 03:33:19,41600.0,300.0,509200.0
1902,2021-10-21 03:33:19,41600.0,100.0,508900.0
1903,2021-10-21 03:33:19,41600.0,200.0,508800.0
1904,2021-10-21 03:33:18,41500.0,1500.0,508600.0
1905,2021-10-21 03:33:06,41500.0,600.0,507100.0
1906,2021-10-21 03:33:06,41500.0,100.0,506500.0
1907,2021-10-21 03:33:04,41500.0,1000.0,506400.0
1908,2021-10-21 03:33:03,41500.0,100.0,505400.0
1909,2021-10-21 03:33:03,41500.0,100.0,505300.0
1910,2021-10-21 03:33:03,41500.0,1000.0,505200.0
1911,2021-10-21 03:33:03,41500.0,300.0,504200.0
1912,2021-10-21 03:33:03,41500.0,100.0,503900.0
1913,2021-10-21 03:33:03,41500.0,9900.0,503800.0
1914,2021-10-21 03:33:00,41500.0,4000.0,493900.0
1915,2021-10-21 03:32:58,41500.0,4000.0,489900.0
1916,2021-10-21 03:32:44,41500.0,100.0,485900.0
1917,2021-10-21 03:32:40,41500.0,1500.0,485800.0
1918,2021-10-21 03:32:32,41500.0,500.0,484300.0
1919,2021-10-21 03:32:12,41500.0,1400.0,483800.0
1920,2021-10-21 03:32:12,41500.0,2000.0,482400.0
1921,2021-10-21 03:32:12,41500.0,2000.0,480400.0
1922,2021-10-21 03:32:12,41500.0,100.0,478400.0
1923,2021-10-21 03:32:12,41500.0,1800.0,478300.0
1924,2021-10-21 03:32:12,41500.0,300.0,476500.0
1925,2021-10-21 03:32:12,41500.0,100.0,476200.0
1926,2021-10-21 03:32:12,41500.0,1000.0,476100.0
1927,2021-10-21 03:32:12,41500.0,500.0,475100.0
1928,2021-10-21 03:32:12,41500.0,300.0,474600.0
1929,2021-10-21 03:32:12,41500.0,3000.0,474300.0
1930,2021-10-21 03:32:12,41500.0,500.0,471300.0
1931,2021-10-21 03:32:12,41500.0,100.0,470800.0
1932,2021-10-21 03:32:12,41500.0,1200.0,470700.0
1933,2021-10-21 03:32:12,41500.0,1000.0,469500.0
1934,2021-10-21 03:32:12,41500.0,200.0,468500.0
1935,2021-10-21 03:32:12,41500.0,1000.0,468300.0
1936,2021-10-21 03:32:12,41500.0,13200.0,467300.0
1937,2021-10-21 03:32:12,41450.0,300.0,454100.0
1938,2021-10-21 03:32:10,41400.0,900.0,453800.0
1939,2021-10-21 03:32:07,41450.0,100.0,452900.0
1940,2021-10-21 03:32:06,41400.0,200.0,452800.0
1941,2021-10-21 03:32:00,41400.0,100.0,452600.0
1942,2021-10-21 03:32:00,41400.0,100.0,452500.0
1943,2021-10-21 03:32:00,41400.0,300.0,452400.0
1944,2021-10-21 03:32:00,41400.0,3000.0,452100.0
1945,2021-10-21 03:31:52,41400.0,100.0,449100.0
1946,2021-10-21 03:31:49,41400.0,2000.0,449000.0
1947,2021-10-21 03:31:41,41400.0,400.0,447000.0
1948,2021-10-21 03:31:41,41400.0,100.0,446600.0
1949,2021-10-21 03:31:29,41400.0,100.0,446500.0
1950,2021-10-21 03:31:29,41350.0,100.0,446400.0
1951,2021-10-21 03:31:29,41350.0,100.0,446300.0
1952,2021-10-21 03:31:28,41500.0,6800.0,446200.0
1953,2021-10-21 03:31:28,41500.0,200.0,439400.0
1954,2021-10-21 03:31:28,41500.0,14000.0,439200.0
1955,2021-10-21 03:31:28,41500.0,900.0,425200.0
1956,2021-10-21 03:31:28,41500.0,1000.0,424300.0
1957,2021-10-21 03:31:28,41500.0,1000.0,423300.0
1958,2021-10-21 03:31:28,41500.0,500.0,422300.0
1959,2021-10-21 03:31:28,41500.0,1000.0,421800.0
1960,2021-10-21 03:31:28,41500.0,1500.0,420800.0
1961,2021-10-21 03:31:28,41500.0,2800.0,419300.0
1962,2021-10-21 03:31:28,41500.0,300.0,416500.0
1963,2021-10-21 03:31:28,41500.0,400.0,416200.0
1964,2021-10-21 03:31:28,41500.0,4900.0,415800.0
1965,2021-10-21 03:31:28,41500.0,100.0,410900.0
1966,2021-10-21 03:31:28,41500.0,200.0,410800.0
1967,2021-10-21 03:31:28,41500.0,300.0,410600.0
1968,2021-10-21 03:31:28,41500.0,100.0,410300.0
1969,2021-10-21 03:31:28,41500.0,200.0,410200.0
1970,2021-10-21 03:31:28,41500.0,200.0,410000.0
1971,2021-10-21 03:31:28,41450.0,300.0,409800.0
1972,2021-10-21 03:31:28,41450.0,2500.0,409500.0
1973,2021-10-21 03:31:28,41450.0,500.0,407000.0
1974,2021-10-21 03:31:28,41450.0,1000.0,406500.0
1975,2021-10-21 03:31:28,41450.0,800.0,405500.0
1976,2021-10-21 03:31:28,41450.0,15000.0,404700.0
1977,2021-10-21 03:31:28,41450.0,400.0,389700.0
1978,2021-10-21 03:31:28,41400.0,100.0,389300.0
1979,2021-10-21 03:31:28,41400.0,2000.0,389200.0
1980,2021-10-21 03:31:28,41400.0,1000.0,387200.0
1981,2021-10-21 03:31:16,41450.0,600.0,386200.0
1982,2021-10-21 03:31:16,41400.0,100.0,385600.0
1983,2021-10-21 03:31:16,41400.0,400.0,385500.0
1984,2021-10-21 03:30:40,41400.0,500.0,385100.0
1985,2021-10-21 03:30:29,41400.0,200.0,384600.0
1986,2021-10-21 03:30:29,41400.0,1300.0,384400.0
1987,2021-10-21 03:30:12,41400.0,100.0,383100.0
1988,2021-10-21 03:30:01,41400.0,500.0,383000.0
1989,2021-10-21 03:29:55,41400.0,100.0,382500.0
1990,2021-10-21 03:29:55,41400.0,1600.0,382400.0
1991,2021-10-21 03:29:55,41400.0,100.0,380800.0
1992,2021-10-21 03:29:55,41400.0,200.0,380700.0
1993,2021-10-21 03:29:37,41400.0,100.0,380500.0
1994,2021-10-21 03:29:34,41400.0,400.0,380400.0
1995,2021-10-21 03:29:34,41400.0,300.0,380000.0
1996,2021-10-21 03:29:34,41400.0,1000.0,379700.0
1997,2021-10-21 03:29:29,41400.0,100.0,378700.0
1998,2021-10-21 03:29:29,41400.0,1000.0,378600.0
1999,2021-10-21 03:29:26,41400.0,500.0,377600.0
2000,2021-10-21 03:29:25,41400.0,200.0,377100.0
2001,2021-10-21 03:29:16,41400.0,800.0,376900.0
2002,2021-10-21 03:29:16,41400.0,300.0,376100.0
2003,2021-10-21 03:29:16,41400.0,200.0,375800.0
2004,2021-10-21 03:29:16,41400.0,300.0,375600.0
2005,2021-10-21 03:29:16,41400.0,1100.0,375300.0
2006,2021-10-21 03:29:16,41400.0,300.0,374200.0
2007,2021-10-21 03:29:09,41350.0,100.0,373900.0
2008,2021-10-21 03:29:01,41350.0,100.0,373800.0
2009,2021-10-21 03:29:01,41350.0,200.0,373700.0
2010,2021-10-21 03:29:01,41300.0,3900.0,373500.0
2011,2021-10-21 03:29:01,41300.0,1000.0,369600.0
2012,2021-10-21 03:29:01,41300.0,100.0,368600.0
2013,2021-10-21 03:28:58,41350.0,1000.0,368500.0
2014,2021-10-21 03:28:57,41350.0,300.0,367500.0
2015,2021-10-21 03:28:49,41350.0,500.0,367200.0
2016,2021-10-21 03:28:49,41350.0,100.0,366700.0
2017,2021-10-21 03:28:44,41350.0,900.0,366600.0
2018,2021-10-21 03:28:28,41300.0,800.0,365700.0
2019,2021-10-21 03:28:21,41300.0,300.0,364900.0
2020,2021-10-21 03:28:21,41300.0,200.0,364600.0
2021,2021-10-21 03:28:21,41300.0,400.0,364400.0
2022,2021-10-21 03:28:20,41300.0,200.0,364000.0
2023,2021-10-21 03:28:09,41300.0,400.0,363800.0
2024,2021-10-21 03:28:09,41300.0,100.0,363400.0
2025,2021-10-21 03:27:46,41250.0,300.0,363300.0
2026,2021-10-21 03:27:23,41250.0,600.0,363000.0
2027,2021-10-21 03:27:23,41250.0,400.0,362400.0
2028,2021-10-21 03:27:22,41300.0,100.0,362000.0
2029,2021-10-21 03:27:22,41300.0,200.0,361900.0
2030,2021-10-21 03:27:22,41300.0,200.0,361700.0
2031,2021-10-21 03:27:22,41300.0,3000.0,361500.0
2032,2021-10-21 03:27:22,41300.0,300.0,358500.0
2033,2021-10-21 03:27:22,41300.0,1000.0,358200.0
2034,2021-10-21 03:27:22,41300.0,200.0,357200.0
2035,2021-10-21 03:27:09,41250.0,100.0,357000.0
2036,2021-10-21 03:27:09,41250.0,500.0,356900.0
2037,2021-10-21 03:27:07,41200.0,1000.0,356400.0
2038,2021-10-21 03:26:43,41200.0,200.0,355400.0
2039,2021-10-21 03:26:43,41200.0,100.0,355200.0
2040,2021-10-21 03:26:43,41200.0,100.0,355100.0
2041,2021-10-21 03:26:43,41200.0,500.0,355000.0
2042,2021-10-21 03:26:43,41200.0,100.0,354500.0
2043,2021-10-21 03:26:43,41200.0,500.0,354400.0
2044,2021-10-21 03:26:43,41200.0,500.0,353900.0
2045,2021-10-21 03:26:43,41200.0,200.0,353400.0
2046,2021-10-21 03:26:43,41200.0,100.0,353200.0
2047,2021-10-21 03:26:43,41200.0,800.0,353100.0
2048,2021-10-21 03:26:43,41200.0,100.0,352300.0
2049,2021-10-21 03:26:42,41200.0,100.0,352200.0
2050,2021-10-21 03:26:31,41200.0,300.0,352100.0
2051,2021-10-21 03:26:31,41200.0,800.0,351800.0
2052,2021-10-21 03:26:28,41200.0,200.0,351000.0
2053,2021-10-21 03:26:24,41200.0,4000.0,350800.0
2054,2021-10-21 03:26:18,41200.0,100.0,346800.0
2055,2021-10-21 03:26:17,41200.0,300.0,346700.0
2056,2021-10-21 03:26:17,41200.0,100.0,346400.0
2057,2021-10-21 03:26:17,41200.0,2600.0,346300.0
2058,2021-10-21 03:26:14,41200.0,300.0,343700.0
2059,2021-10-21 03:25:47,41200.0,100.0,343400.0
2060,2021-10-21 03:25:47,41200.0,200.0,343300.0
2061,2021-10-21 03:25:47,41200.0,200.0,343100.0
2062,2021-10-21 03:25:47,41200.0,100.0,342900.0
