,Time,Price,Volume_per_trade,Volume
0,2021-10-17 07:45:01,41000.0,500.0,1222100.0
1,2021-10-17 07:45:01,41000.0,500.0,1221600.0
2,2021-10-17 07:45:01,41000.0,1400.0,1221100.0
3,2021-10-17 07:45:01,41000.0,1000.0,1219700.0
4,2021-10-17 07:45:01,41000.0,500.0,1218700.0
5,2021-10-17 07:45:01,41000.0,500.0,1218200.0
6,2021-10-17 07:45:01,41000.0,100.0,1217700.0
7,2021-10-17 07:45:01,41000.0,1800.0,1217600.0
8,2021-10-17 07:45:01,41000.0,200.0,1215800.0
9,2021-10-17 07:45:01,41000.0,1000.0,1215600.0
10,2021-10-17 07:45:01,41000.0,100.0,1214600.0
11,2021-10-17 07:45:01,41000.0,300.0,1214500.0
12,2021-10-17 07:45:01,41000.0,100.0,1214200.0
13,2021-10-17 07:45:01,41000.0,700.0,1214100.0
14,2021-10-17 07:45:01,41000.0,100.0,1213400.0
15,2021-10-17 07:45:01,41000.0,400.0,1213300.0
16,2021-10-17 07:45:01,41000.0,5000.0,1212900.0
17,2021-10-17 07:45:01,41000.0,2000.0,1207900.0
18,2021-10-17 07:45:01,41000.0,100.0,1205900.0
19,2021-10-17 07:45:01,41000.0,200.0,1205800.0
20,2021-10-17 07:45:01,41000.0,500.0,1205600.0
21,2021-10-17 07:45:01,41000.0,100.0,1205100.0
22,2021-10-17 07:45:01,41000.0,100.0,1205000.0
23,2021-10-17 07:45:01,41000.0,100.0,1204900.0
24,2021-10-17 07:45:01,41000.0,100.0,1204800.0
25,2021-10-17 07:45:01,41000.0,700.0,1204700.0
26,2021-10-17 07:45:01,41000.0,2000.0,1204000.0
27,2021-10-17 07:45:01,41000.0,100.0,1202000.0
28,2021-10-17 07:45:01,41000.0,500.0,1201900.0
29,2021-10-17 07:45:01,41000.0,300.0,1201400.0
30,2021-10-17 07:45:01,41000.0,400.0,1201100.0
31,2021-10-17 07:45:01,41000.0,300.0,1200700.0
32,2021-10-17 07:45:01,41000.0,100.0,1200400.0
33,2021-10-17 07:45:01,41000.0,500.0,1200300.0
34,2021-10-17 07:45:01,41000.0,300.0,1199800.0
35,2021-10-17 07:45:01,41000.0,300.0,1199500.0
36,2021-10-17 07:45:01,41000.0,500.0,1199200.0
37,2021-10-17 07:45:01,41000.0,500.0,1198700.0
38,2021-10-17 07:45:01,41000.0,1900.0,1198200.0
39,2021-10-17 07:45:01,41000.0,100.0,1196300.0
40,2021-10-17 07:45:01,41000.0,900.0,1196200.0
41,2021-10-17 07:45:01,41000.0,100.0,1195300.0
42,2021-10-17 07:45:01,41000.0,100.0,1195200.0
43,2021-10-17 07:29:48,41100.0,200.0,1195100.0
44,2021-10-17 07:29:44,41100.0,100.0,1194900.0
45,2021-10-17 07:29:23,41100.0,700.0,1194800.0
46,2021-10-17 07:29:23,41100.0,300.0,1194100.0
47,2021-10-17 07:29:23,41100.0,1000.0,1193800.0
48,2021-10-17 07:29:23,41100.0,1300.0,1192800.0
49,2021-10-17 07:29:23,41050.0,200.0,1191500.0
50,2021-10-17 07:29:20,41050.0,200.0,1191300.0
51,2021-10-17 07:29:20,41050.0,100.0,1191100.0
52,2021-10-17 07:28:31,41050.0,300.0,1191000.0
53,2021-10-17 07:28:31,41050.0,3100.0,1190700.0
54,2021-10-17 07:28:31,41000.0,100.0,1187600.0
55,2021-10-17 07:27:48,41000.0,200.0,1187500.0
56,2021-10-17 07:27:48,41000.0,100.0,1187300.0
57,2021-10-17 07:27:48,41000.0,100.0,1187200.0
58,2021-10-17 07:27:48,41000.0,100.0,1187100.0
59,2021-10-17 07:27:30,41000.0,100.0,1187000.0
60,2021-10-17 07:26:51,41000.0,300.0,1186900.0
61,2021-10-17 07:26:51,41000.0,100.0,1186600.0
62,2021-10-17 07:26:41,41000.0,500.0,1186500.0
63,2021-10-17 07:26:36,41000.0,100.0,1186000.0
64,2021-10-17 07:26:33,41000.0,300.0,1185900.0
65,2021-10-17 07:26:33,41000.0,1000.0,1185600.0
66,2021-10-17 07:26:33,41000.0,100.0,1184600.0
67,2021-10-17 07:26:33,41000.0,100.0,1184500.0
68,2021-10-17 07:26:33,41000.0,400.0,1184400.0
69,2021-10-17 07:26:27,41000.0,600.0,1184000.0
70,2021-10-17 07:26:27,41000.0,200.0,1183400.0
71,2021-10-17 07:26:27,41000.0,200.0,1183200.0
72,2021-10-17 07:26:20,41000.0,1000.0,1183000.0
73,2021-10-17 07:26:00,41000.0,1000.0,1182000.0
74,2021-10-17 07:25:49,41000.0,400.0,1181000.0
75,2021-10-17 07:25:41,41000.0,400.0,1180600.0
76,2021-10-17 07:25:18,41000.0,1500.0,1180200.0
77,2021-10-17 07:24:51,40950.0,1400.0,1178700.0
78,2021-10-17 07:24:51,40950.0,2000.0,1177300.0
79,2021-10-17 07:24:51,40950.0,100.0,1175300.0
80,2021-10-17 07:24:51,40950.0,500.0,1175200.0
81,2021-10-17 07:24:44,41000.0,500.0,1174700.0
82,2021-10-17 07:24:33,41000.0,800.0,1174200.0
83,2021-10-17 07:24:12,41000.0,2000.0,1173400.0
84,2021-10-17 07:24:11,41000.0,1000.0,1171400.0
85,2021-10-17 07:24:11,41000.0,100.0,1170400.0
86,2021-10-17 07:24:11,41000.0,100.0,1170300.0
87,2021-10-17 07:24:08,41000.0,300.0,1170200.0
88,2021-10-17 07:24:07,41000.0,2600.0,1169900.0
89,2021-10-17 07:24:07,41000.0,200.0,1167300.0
90,2021-10-17 07:24:07,41000.0,500.0,1167100.0
91,2021-10-17 07:24:07,41000.0,5000.0,1166600.0
92,2021-10-17 07:24:07,41000.0,100.0,1161600.0
93,2021-10-17 07:24:07,41000.0,100.0,1161500.0
94,2021-10-17 07:24:07,41000.0,100.0,1161400.0
95,2021-10-17 07:24:07,41000.0,100.0,1161300.0
96,2021-10-17 07:24:07,41000.0,900.0,1161200.0
97,2021-10-17 07:24:07,41000.0,100.0,1160300.0
98,2021-10-17 07:24:07,41000.0,300.0,1160200.0
99,2021-10-17 07:24:06,41000.0,100.0,1159900.0
100,2021-10-17 07:24:02,41000.0,100.0,1159800.0
101,2021-10-17 07:24:02,41000.0,300.0,1159700.0
102,2021-10-17 07:24:02,41000.0,5000.0,1159400.0
103,2021-10-17 07:24:02,41000.0,1200.0,1154400.0
104,2021-10-17 07:24:02,41000.0,100.0,1153200.0
105,2021-10-17 07:24:02,41000.0,4000.0,1153100.0
106,2021-10-17 07:24:02,41000.0,2000.0,1149100.0
107,2021-10-17 07:24:02,41000.0,1000.0,1147100.0
108,2021-10-17 07:24:02,41000.0,3400.0,1146100.0
109,2021-10-17 07:23:46,41000.0,200.0,1142700.0
110,2021-10-17 07:23:42,41000.0,100.0,1142500.0
111,2021-10-17 07:23:38,41000.0,4800.0,1142400.0
112,2021-10-17 07:23:37,41000.0,300.0,1137600.0
113,2021-10-17 07:23:37,41000.0,100.0,1137300.0
114,2021-10-17 07:23:37,41000.0,300.0,1137200.0
115,2021-10-17 07:23:37,41000.0,200.0,1136900.0
116,2021-10-17 07:23:37,41000.0,400.0,1136700.0
117,2021-10-17 07:23:37,41000.0,200.0,1136300.0
118,2021-10-17 07:23:37,41000.0,100.0,1136100.0
119,2021-10-17 07:23:37,41000.0,200.0,1136000.0
120,2021-10-17 07:23:37,41000.0,5000.0,1135800.0
121,2021-10-17 07:23:37,41000.0,1000.0,1130800.0
122,2021-10-17 07:23:37,41000.0,300.0,1129800.0
123,2021-10-17 07:23:37,41000.0,100.0,1129500.0
124,2021-10-17 07:23:37,41000.0,300.0,1129400.0
125,2021-10-17 07:23:37,41000.0,1000.0,1129100.0
126,2021-10-17 07:23:37,41000.0,400.0,1128100.0
127,2021-10-17 07:23:36,41000.0,1600.0,1127700.0
128,2021-10-17 07:23:36,41000.0,100.0,1126100.0
129,2021-10-17 07:23:35,41000.0,300.0,1126000.0
130,2021-10-17 07:23:35,41000.0,300.0,1125700.0
131,2021-10-17 07:23:33,41050.0,900.0,1125400.0
132,2021-10-17 07:23:31,41000.0,200.0,1124500.0
133,2021-10-17 07:23:21,41000.0,200.0,1124300.0
134,2021-10-17 07:23:13,41000.0,300.0,1124100.0
135,2021-10-17 07:23:13,41000.0,300.0,1123800.0
136,2021-10-17 07:23:13,41000.0,300.0,1123500.0
137,2021-10-17 07:23:13,41000.0,100.0,1123200.0
138,2021-10-17 07:23:13,41000.0,2000.0,1123100.0
139,2021-10-17 07:23:13,41000.0,2000.0,1121100.0
140,2021-10-17 07:23:13,41000.0,100.0,1119100.0
141,2021-10-17 07:23:13,41000.0,1000.0,1119000.0
142,2021-10-17 07:23:13,41000.0,1000.0,1118000.0
143,2021-10-17 07:23:13,41000.0,500.0,1117000.0
144,2021-10-17 07:23:13,41000.0,300.0,1116500.0
145,2021-10-17 07:23:13,41000.0,4000.0,1116200.0
146,2021-10-17 07:23:13,41000.0,100.0,1112200.0
147,2021-10-17 07:23:13,41000.0,500.0,1112100.0
148,2021-10-17 07:23:13,41000.0,2000.0,1111600.0
149,2021-10-17 07:23:13,41000.0,100.0,1109600.0
150,2021-10-17 07:23:13,41000.0,300.0,1109500.0
151,2021-10-17 07:23:13,41000.0,1000.0,1109200.0
152,2021-10-17 07:23:13,41000.0,100.0,1108200.0
153,2021-10-17 07:23:13,41000.0,100.0,1108100.0
154,2021-10-17 07:23:13,41000.0,100.0,1108000.0
155,2021-10-17 07:23:13,41000.0,300.0,1107900.0
156,2021-10-17 07:23:13,41000.0,100.0,1107600.0
157,2021-10-17 07:23:13,41000.0,500.0,1107500.0
158,2021-10-17 07:23:13,41000.0,500.0,1107000.0
159,2021-10-17 07:23:13,41000.0,100.0,1106500.0
160,2021-10-17 07:23:13,41000.0,200.0,1106400.0
161,2021-10-17 07:23:13,41000.0,2000.0,1106200.0
162,2021-10-17 07:23:13,41000.0,3200.0,1104200.0
163,2021-10-17 07:23:13,41000.0,1000.0,1101000.0
164,2021-10-17 07:23:13,41000.0,200.0,1100000.0
165,2021-10-17 07:23:13,41000.0,200.0,1099800.0
166,2021-10-17 07:23:13,41000.0,1000.0,1099600.0
167,2021-10-17 07:23:13,41000.0,500.0,1098600.0
168,2021-10-17 07:23:13,41000.0,100.0,1098100.0
169,2021-10-17 07:23:13,41000.0,3000.0,1098000.0
170,2021-10-17 07:23:13,41000.0,100.0,1095000.0
171,2021-10-17 07:23:13,41000.0,500.0,1094900.0
172,2021-10-17 07:23:13,41000.0,100.0,1094400.0
173,2021-10-17 07:23:13,41000.0,1200.0,1094300.0
174,2021-10-17 07:22:40,41050.0,200.0,1093100.0
175,2021-10-17 07:22:39,41000.0,100.0,1092900.0
176,2021-10-17 07:22:18,41050.0,1200.0,1092800.0
177,2021-10-17 07:22:07,41050.0,100.0,1091600.0
178,2021-10-17 07:22:06,41050.0,2500.0,1091500.0
179,2021-10-17 07:21:53,41050.0,100.0,1089000.0
180,2021-10-17 07:21:30,41050.0,1100.0,1088900.0
181,2021-10-17 07:21:24,41000.0,300.0,1087800.0
182,2021-10-17 07:21:23,41050.0,900.0,1087500.0
183,2021-10-17 07:21:16,41050.0,2000.0,1086600.0
184,2021-10-17 07:21:13,41050.0,2000.0,1084600.0
185,2021-10-17 07:21:09,41050.0,100.0,1082600.0
186,2021-10-17 07:21:09,41050.0,100.0,1082500.0
187,2021-10-17 07:20:59,41050.0,1000.0,1082400.0
188,2021-10-17 07:20:55,41050.0,900.0,1081400.0
189,2021-10-17 07:20:55,41050.0,1000.0,1080500.0
190,2021-10-17 07:20:55,41050.0,500.0,1079500.0
191,2021-10-17 07:20:55,41050.0,100.0,1079000.0
192,2021-10-17 07:20:55,41050.0,400.0,1078900.0
193,2021-10-17 07:20:55,41050.0,1000.0,1078500.0
194,2021-10-17 07:20:55,41050.0,100.0,1077500.0
195,2021-10-17 07:20:47,41050.0,200.0,1077400.0
196,2021-10-17 07:20:47,41050.0,100.0,1077200.0
197,2021-10-17 07:20:47,41050.0,100.0,1077100.0
198,2021-10-17 07:20:47,41050.0,100.0,1077000.0
199,2021-10-17 07:20:47,41050.0,200.0,1076900.0
200,2021-10-17 07:20:47,41050.0,200.0,1076700.0
201,2021-10-17 07:20:47,41050.0,100.0,1076500.0
202,2021-10-17 07:20:47,41050.0,100.0,1076400.0
203,2021-10-17 07:20:34,41050.0,300.0,1076300.0
204,2021-10-17 07:20:34,41050.0,700.0,1076000.0
205,2021-10-17 07:20:26,41100.0,300.0,1075300.0
206,2021-10-17 07:20:17,41050.0,300.0,1075000.0
207,2021-10-17 07:20:17,41050.0,100.0,1074700.0
208,2021-10-17 07:20:17,41050.0,1600.0,1074600.0
209,2021-10-17 07:19:17,41100.0,700.0,1073000.0
210,2021-10-17 07:18:48,41100.0,200.0,1072300.0
211,2021-10-17 07:18:48,41100.0,100.0,1072100.0
212,2021-10-17 07:18:48,41100.0,300.0,1072000.0
213,2021-10-17 07:18:48,41100.0,1000.0,1071700.0
214,2021-10-17 07:18:48,41100.0,100.0,1070700.0
215,2021-10-17 07:18:48,41100.0,1000.0,1070600.0
216,2021-10-17 07:18:35,41100.0,2000.0,1069600.0
217,2021-10-17 07:18:35,41100.0,100.0,1067600.0
218,2021-10-17 07:18:35,41100.0,100.0,1067500.0
219,2021-10-17 07:18:35,41100.0,200.0,1067400.0
220,2021-10-17 07:18:31,41100.0,800.0,1067200.0
221,2021-10-17 07:18:31,41100.0,200.0,1066400.0
222,2021-10-17 07:18:06,41100.0,100.0,1066200.0
223,2021-10-17 07:18:06,41100.0,100.0,1066100.0
224,2021-10-17 07:18:06,41100.0,300.0,1066000.0
225,2021-10-17 07:18:06,41100.0,400.0,1065700.0
226,2021-10-17 07:18:06,41100.0,1000.0,1065300.0
227,2021-10-17 07:18:06,41100.0,200.0,1064300.0
228,2021-10-17 07:18:06,41100.0,1000.0,1064100.0
229,2021-10-17 07:18:06,41100.0,1000.0,1063100.0
230,2021-10-17 07:18:06,41100.0,500.0,1062100.0
231,2021-10-17 07:18:06,41100.0,200.0,1061600.0
232,2021-10-17 07:18:06,41100.0,100.0,1061400.0
233,2021-10-17 07:18:06,41100.0,100.0,1061300.0
234,2021-10-17 07:17:40,41150.0,100.0,1061200.0
235,2021-10-17 07:17:38,41100.0,100.0,1061100.0
236,2021-10-17 07:17:38,41100.0,500.0,1061000.0
237,2021-10-17 07:17:38,41150.0,3000.0,1060500.0
238,2021-10-17 07:17:38,41150.0,500.0,1057500.0
239,2021-10-17 07:17:38,41150.0,500.0,1057000.0
240,2021-10-17 07:17:38,41150.0,100.0,1056500.0
241,2021-10-17 07:17:28,41150.0,100.0,1056400.0
242,2021-10-17 07:17:28,41150.0,900.0,1056300.0
243,2021-10-17 07:17:22,41200.0,800.0,1055400.0
244,2021-10-17 07:17:22,41200.0,300.0,1054600.0
245,2021-10-17 07:17:22,41200.0,1900.0,1054300.0
246,2021-10-17 07:16:58,41200.0,100.0,1052400.0
247,2021-10-17 07:16:41,41150.0,1000.0,1052300.0
248,2021-10-17 07:16:05,41150.0,100.0,1051300.0
249,2021-10-17 07:16:05,41150.0,300.0,1051200.0
250,2021-10-17 07:16:05,41150.0,900.0,1050900.0
251,2021-10-17 07:13:46,41150.0,100.0,1050000.0
252,2021-10-17 07:13:46,41150.0,200.0,1049900.0
253,2021-10-17 07:13:24,41200.0,100.0,1049700.0
254,2021-10-17 07:13:24,41200.0,100.0,1049600.0
255,2021-10-17 07:13:24,41200.0,300.0,1049500.0
256,2021-10-17 07:13:24,41200.0,100.0,1049200.0
257,2021-10-17 07:13:24,41200.0,400.0,1049100.0
258,2021-10-17 07:13:23,41200.0,100.0,1048700.0
259,2021-10-17 07:13:23,41200.0,900.0,1048600.0
260,2021-10-17 07:13:15,41200.0,1000.0,1047700.0
261,2021-10-17 07:13:10,41200.0,100.0,1046700.0
262,2021-10-17 07:13:10,41200.0,300.0,1046600.0
263,2021-10-17 07:13:10,41200.0,200.0,1046300.0
264,2021-10-17 07:13:10,41200.0,400.0,1046100.0
265,2021-10-17 07:13:10,41200.0,1000.0,1045700.0
266,2021-10-17 07:13:10,41200.0,1000.0,1044700.0
267,2021-10-17 07:13:10,41200.0,300.0,1043700.0
268,2021-10-17 07:13:10,41200.0,100.0,1043400.0
269,2021-10-17 07:13:10,41200.0,100.0,1043300.0
270,2021-10-17 07:13:10,41200.0,300.0,1043200.0
271,2021-10-17 07:13:10,41200.0,200.0,1042900.0
272,2021-10-17 07:13:10,41200.0,1000.0,1042700.0
273,2021-10-17 07:12:16,41250.0,100.0,1041700.0
274,2021-10-17 07:12:16,41250.0,1000.0,1041600.0
275,2021-10-17 07:12:16,41250.0,500.0,1040600.0
276,2021-10-17 07:12:16,41250.0,2000.0,1040100.0
277,2021-10-17 07:12:16,41250.0,500.0,1038100.0
278,2021-10-17 07:12:16,41250.0,500.0,1037600.0
279,2021-10-17 07:12:16,41250.0,200.0,1037100.0
280,2021-10-17 07:12:16,41250.0,100.0,1036900.0
281,2021-10-17 07:12:16,41250.0,300.0,1036800.0
282,2021-10-17 07:12:16,41250.0,1000.0,1036500.0
283,2021-10-17 07:12:16,41250.0,1000.0,1035500.0
284,2021-10-17 07:11:45,41300.0,100.0,1034500.0
285,2021-10-17 07:11:45,41300.0,1400.0,1034400.0
286,2021-10-17 07:11:45,41300.0,100.0,1033000.0
287,2021-10-17 07:11:45,41300.0,500.0,1032900.0
288,2021-10-17 07:11:45,41300.0,300.0,1032400.0
289,2021-10-17 07:11:45,41300.0,300.0,1032100.0
290,2021-10-17 07:11:45,41300.0,500.0,1031800.0
291,2021-10-17 07:11:45,41300.0,500.0,1031300.0
292,2021-10-17 07:11:45,41300.0,100.0,1030800.0
293,2021-10-17 07:11:45,41300.0,600.0,1030700.0
294,2021-10-17 07:11:45,41300.0,100.0,1030100.0
295,2021-10-17 07:11:45,41300.0,300.0,1030000.0
296,2021-10-17 07:11:45,41300.0,1000.0,1029700.0
297,2021-10-17 07:11:45,41300.0,1000.0,1028700.0
298,2021-10-17 07:11:41,41300.0,2000.0,1027700.0
299,2021-10-17 07:11:32,41300.0,2000.0,1025700.0
300,2021-10-17 07:11:32,41300.0,100.0,1023700.0
301,2021-10-17 07:11:32,41300.0,900.0,1023600.0
302,2021-10-17 07:11:27,41300.0,100.0,1022700.0
303,2021-10-17 07:11:27,41300.0,100.0,1022600.0
304,2021-10-17 07:11:27,41300.0,100.0,1022500.0
305,2021-10-17 07:11:27,41300.0,400.0,1022400.0
306,2021-10-17 07:11:27,41300.0,1000.0,1022000.0
307,2021-10-17 07:11:27,41300.0,300.0,1021000.0
308,2021-10-17 07:11:27,41300.0,1300.0,1020700.0
309,2021-10-17 07:11:25,41300.0,2000.0,1019400.0
310,2021-10-17 07:11:02,41300.0,300.0,1017400.0
311,2021-10-17 07:11:02,41300.0,500.0,1017100.0
312,2021-10-17 07:11:02,41300.0,200.0,1016600.0
313,2021-10-17 07:09:38,41350.0,400.0,1016400.0
314,2021-10-17 07:09:21,41350.0,500.0,1016000.0
315,2021-10-17 07:08:56,41350.0,500.0,1015500.0
316,2021-10-17 07:08:54,41350.0,100.0,1015000.0
317,2021-10-17 07:07:31,41350.0,100.0,1014900.0
318,2021-10-17 07:07:31,41350.0,200.0,1014800.0
319,2021-10-17 07:06:55,41350.0,300.0,1014600.0
320,2021-10-17 07:06:55,41350.0,500.0,1014300.0
321,2021-10-17 07:06:55,41350.0,100.0,1013800.0
322,2021-10-17 07:06:55,41350.0,300.0,1013700.0
323,2021-10-17 07:06:32,41350.0,700.0,1013400.0
324,2021-10-17 07:06:32,41350.0,4900.0,1012700.0
325,2021-10-17 07:06:32,41350.0,200.0,1007800.0
326,2021-10-17 07:06:32,41350.0,200.0,1007600.0
327,2021-10-17 07:05:13,41350.0,1000.0,1007400.0
328,2021-10-17 07:04:25,41350.0,300.0,1006400.0
329,2021-10-17 07:03:57,41350.0,500.0,1006100.0
330,2021-10-17 07:03:57,41350.0,100.0,1005600.0
331,2021-10-17 07:03:57,41350.0,4400.0,1005500.0
332,2021-10-17 07:03:51,41350.0,600.0,1001100.0
333,2021-10-17 07:03:51,41350.0,1400.0,1000500.0
334,2021-10-17 07:03:37,41400.0,500.0,999100.0
335,2021-10-17 07:03:35,41350.0,6000.0,998600.0
336,2021-10-17 07:02:23,41400.0,3600.0,992600.0
337,2021-10-17 07:02:23,41400.0,100.0,989000.0
338,2021-10-17 07:02:23,41400.0,300.0,988900.0
339,2021-10-17 07:02:23,41400.0,1000.0,988600.0
340,2021-10-17 07:02:21,41350.0,1000.0,987600.0
341,2021-10-17 07:02:04,41350.0,300.0,986600.0
342,2021-10-17 07:01:55,41350.0,500.0,986300.0
343,2021-10-17 07:01:55,41350.0,2000.0,985800.0
344,2021-10-17 07:01:55,41350.0,1000.0,983800.0
345,2021-10-17 07:01:55,41350.0,2800.0,982800.0
346,2021-10-17 07:01:07,41350.0,400.0,980000.0
347,2021-10-17 07:00:57,41350.0,100.0,979600.0
348,2021-10-17 07:00:07,41350.0,700.0,979500.0
349,2021-10-17 07:00:07,41350.0,400.0,978800.0
350,2021-10-17 07:00:07,41350.0,400.0,978400.0
351,2021-10-17 06:59:52,41350.0,100.0,978000.0
352,2021-10-17 06:59:52,41350.0,1000.0,977900.0
353,2021-10-17 06:59:52,41350.0,900.0,976900.0
354,2021-10-17 06:58:34,41350.0,500.0,976000.0
355,2021-10-17 06:57:38,41350.0,400.0,975500.0
356,2021-10-17 06:57:10,41350.0,200.0,975100.0
357,2021-10-17 06:57:10,41350.0,200.0,974900.0
358,2021-10-17 06:56:50,41350.0,300.0,974700.0
359,2021-10-17 06:56:48,41350.0,200.0,974400.0
360,2021-10-17 06:56:46,41350.0,500.0,974200.0
361,2021-10-17 06:56:42,41300.0,200.0,973700.0
362,2021-10-17 06:56:42,41300.0,300.0,973500.0
363,2021-10-17 06:56:05,41400.0,300.0,973200.0
364,2021-10-17 06:55:56,41350.0,500.0,972900.0
365,2021-10-17 06:55:56,41350.0,500.0,972400.0
366,2021-10-17 06:55:56,41350.0,900.0,971900.0
367,2021-10-17 06:55:51,41400.0,200.0,971000.0
368,2021-10-17 06:55:51,41400.0,800.0,970800.0
369,2021-10-17 06:54:51,41400.0,100.0,970000.0
370,2021-10-17 06:54:48,41350.0,100.0,969900.0
371,2021-10-17 06:54:48,41350.0,900.0,969800.0
372,2021-10-17 06:54:47,41400.0,100.0,968900.0
373,2021-10-17 06:54:12,41350.0,100.0,968800.0
374,2021-10-17 06:53:53,41400.0,500.0,968700.0
375,2021-10-17 06:53:50,41300.0,200.0,968200.0
376,2021-10-17 06:53:50,41300.0,100.0,968000.0
377,2021-10-17 06:53:50,41300.0,100.0,967900.0
378,2021-10-17 06:53:50,41350.0,100.0,967800.0
379,2021-10-17 06:53:45,41350.0,900.0,967700.0
380,2021-10-17 06:53:37,41350.0,100.0,966800.0
381,2021-10-17 06:53:25,41350.0,300.0,966700.0
382,2021-10-17 06:53:25,41350.0,600.0,966400.0
383,2021-10-17 06:53:10,41350.0,500.0,965800.0
384,2021-10-17 06:53:09,41350.0,2700.0,965300.0
385,2021-10-17 06:53:09,41350.0,1000.0,962600.0
386,2021-10-17 06:53:09,41350.0,1500.0,961600.0
387,2021-10-17 06:53:09,41350.0,1700.0,960100.0
388,2021-10-17 06:52:04,41350.0,200.0,958400.0
389,2021-10-17 06:51:52,41350.0,200.0,958200.0
390,2021-10-17 06:51:52,41350.0,800.0,958000.0
391,2021-10-17 06:51:34,41350.0,200.0,957200.0
392,2021-10-17 06:51:21,41350.0,600.0,957000.0
393,2021-10-17 06:51:21,41350.0,200.0,956400.0
394,2021-10-17 06:51:21,41350.0,500.0,956200.0
395,2021-10-17 06:51:21,41350.0,1000.0,955700.0
396,2021-10-17 06:51:21,41350.0,100.0,954700.0
397,2021-10-17 06:51:21,41350.0,2600.0,954600.0
398,2021-10-17 06:51:17,41350.0,400.0,952000.0
399,2021-10-17 06:51:17,41350.0,100.0,951600.0
400,2021-10-17 06:51:13,41350.0,200.0,951500.0
401,2021-10-17 06:51:13,41350.0,100.0,951300.0
402,2021-10-17 06:51:13,41350.0,500.0,951200.0
403,2021-10-17 06:51:13,41350.0,200.0,950700.0
404,2021-10-17 06:50:52,41350.0,500.0,950500.0
405,2021-10-17 06:50:52,41350.0,500.0,950000.0
406,2021-10-17 06:50:08,41400.0,2400.0,949500.0
407,2021-10-17 06:50:04,41350.0,100.0,947100.0
408,2021-10-17 06:49:07,41400.0,300.0,947000.0
409,2021-10-17 06:49:03,41400.0,100.0,946700.0
410,2021-10-17 06:48:04,41400.0,400.0,946600.0
411,2021-10-17 06:47:43,41400.0,300.0,946200.0
412,2021-10-17 06:47:43,41400.0,100.0,945900.0
413,2021-10-17 06:47:43,41400.0,200.0,945800.0
414,2021-10-17 06:47:43,41400.0,100.0,945600.0
415,2021-10-17 06:47:16,41400.0,400.0,945500.0
416,2021-10-17 06:47:14,41400.0,100.0,945100.0
417,2021-10-17 06:47:14,41400.0,400.0,945000.0
418,2021-10-17 06:46:46,41400.0,200.0,944600.0
419,2021-10-17 06:46:46,41400.0,200.0,944400.0
420,2021-10-17 06:46:46,41400.0,100.0,944200.0
421,2021-10-17 06:46:46,41400.0,400.0,944100.0
422,2021-10-17 06:46:46,41400.0,300.0,943700.0
423,2021-10-17 06:46:34,41400.0,400.0,943400.0
424,2021-10-17 06:46:34,41400.0,200.0,943000.0
425,2021-10-17 06:46:34,41400.0,1000.0,942800.0
426,2021-10-17 06:46:34,41400.0,200.0,941800.0
427,2021-10-17 06:46:34,41400.0,500.0,941600.0
428,2021-10-17 06:46:34,41400.0,1000.0,941100.0
429,2021-10-17 06:46:34,41400.0,26700.0,940100.0
430,2021-10-17 06:46:33,41450.0,300.0,913400.0
431,2021-10-17 06:46:19,41400.0,3300.0,913100.0
432,2021-10-17 06:46:02,41450.0,4000.0,909800.0
433,2021-10-17 06:45:57,41450.0,100.0,905800.0
434,2021-10-17 06:45:57,41450.0,1000.0,905700.0
435,2021-10-17 06:45:57,41450.0,1000.0,904700.0
436,2021-10-17 06:45:57,41450.0,500.0,903700.0
437,2021-10-17 06:45:57,41450.0,800.0,903200.0
438,2021-10-17 06:45:56,41450.0,1900.0,902400.0
439,2021-10-17 06:45:46,41450.0,200.0,900500.0
440,2021-10-17 06:45:14,41450.0,1500.0,900300.0
441,2021-10-17 06:45:08,41500.0,100.0,898800.0
442,2021-10-17 06:44:51,41450.0,100.0,898700.0
443,2021-10-17 06:44:32,41450.0,100.0,898600.0
444,2021-10-17 06:44:32,41450.0,400.0,898500.0
445,2021-10-17 06:44:23,41450.0,1600.0,898100.0
446,2021-10-17 06:44:23,41450.0,500.0,896500.0
447,2021-10-17 06:44:23,41450.0,500.0,896000.0
448,2021-10-17 06:44:23,41450.0,400.0,895500.0
449,2021-10-17 06:44:15,41450.0,100.0,895100.0
450,2021-10-17 06:44:14,41450.0,100.0,895000.0
451,2021-10-17 06:43:32,41450.0,2100.0,894900.0
452,2021-10-17 06:43:30,41450.0,2400.0,892800.0
453,2021-10-17 06:43:21,41450.0,900.0,890400.0
454,2021-10-17 06:43:21,41450.0,100.0,889500.0
455,2021-10-17 06:43:12,41450.0,200.0,889400.0
456,2021-10-17 06:43:12,41450.0,1200.0,889200.0
457,2021-10-17 06:42:23,41450.0,400.0,888000.0
458,2021-10-17 06:41:33,41450.0,1300.0,887600.0
459,2021-10-17 06:41:13,41450.0,200.0,886300.0
460,2021-10-17 06:41:01,41400.0,300.0,886100.0
461,2021-10-17 06:40:16,41450.0,1000.0,885800.0
462,2021-10-17 06:39:11,41400.0,200.0,884800.0
463,2021-10-17 06:38:51,41400.0,100.0,884600.0
464,2021-10-17 06:38:50,41400.0,200.0,884500.0
465,2021-10-17 06:38:50,41400.0,2100.0,884300.0
466,2021-10-17 06:38:28,41400.0,100.0,882200.0
467,2021-10-17 06:37:55,41400.0,2000.0,882100.0
468,2021-10-17 06:37:45,41400.0,800.0,880100.0
469,2021-10-17 06:37:45,41400.0,200.0,879300.0
470,2021-10-17 06:37:40,41400.0,500.0,879100.0
471,2021-10-17 06:37:40,41400.0,1000.0,878600.0
472,2021-10-17 06:37:39,41400.0,1000.0,877600.0
473,2021-10-17 06:37:29,41400.0,200.0,876600.0
474,2021-10-17 06:37:10,41400.0,1000.0,876400.0
475,2021-10-17 06:36:32,41400.0,400.0,875400.0
476,2021-10-17 06:36:14,41400.0,1000.0,875000.0
477,2021-10-17 06:36:02,41400.0,1000.0,874000.0
478,2021-10-17 06:35:53,41400.0,1000.0,873000.0
479,2021-10-17 06:34:08,41400.0,100.0,872000.0
480,2021-10-17 06:34:04,41400.0,200.0,871900.0
481,2021-10-17 06:34:04,41400.0,400.0,871700.0
482,2021-10-17 06:34:04,41400.0,1600.0,871300.0
483,2021-10-17 06:34:04,41400.0,100.0,869700.0
484,2021-10-17 06:34:02,41400.0,100.0,869600.0
485,2021-10-17 06:34:01,41400.0,200.0,869500.0
486,2021-10-17 06:33:52,41400.0,1000.0,869300.0
487,2021-10-17 06:33:33,41400.0,500.0,868300.0
488,2021-10-17 06:33:28,41400.0,3100.0,867800.0
489,2021-10-17 06:33:28,41400.0,100.0,864700.0
490,2021-10-17 06:33:28,41400.0,600.0,864600.0
491,2021-10-17 06:33:28,41400.0,200.0,864000.0
492,2021-10-17 06:33:28,41400.0,1000.0,863800.0
493,2021-10-17 06:32:06,41400.0,1000.0,862800.0
494,2021-10-17 06:32:00,41400.0,500.0,861800.0
495,2021-10-17 06:31:49,41400.0,100.0,861300.0
496,2021-10-17 06:31:49,41400.0,1000.0,861200.0
497,2021-10-17 06:31:49,41400.0,900.0,860200.0
498,2021-10-17 06:31:43,41400.0,4100.0,859300.0
499,2021-10-17 06:31:43,41400.0,100.0,855200.0
500,2021-10-17 06:31:43,41400.0,800.0,855100.0
501,2021-10-17 06:31:39,41400.0,1200.0,854300.0
502,2021-10-17 06:31:39,41400.0,200.0,853100.0
503,2021-10-17 06:31:39,41400.0,100.0,852900.0
504,2021-10-17 06:31:39,41400.0,100.0,852800.0
505,2021-10-17 06:31:39,41400.0,2000.0,852700.0
506,2021-10-17 06:31:15,41400.0,200.0,850700.0
507,2021-10-17 06:31:10,41400.0,200.0,850500.0
508,2021-10-17 06:30:41,41400.0,1000.0,850300.0
509,2021-10-17 06:30:05,41400.0,200.0,849300.0
510,2021-10-17 06:30:03,41350.0,100.0,849100.0
511,2021-10-17 06:29:54,41400.0,800.0,849000.0
512,2021-10-17 06:29:54,41400.0,200.0,848200.0
513,2021-10-17 06:29:37,41400.0,100.0,848000.0
514,2021-10-17 06:29:27,41400.0,200.0,847900.0
515,2021-10-17 06:29:10,41400.0,500.0,847700.0
516,2021-10-17 06:29:10,41400.0,500.0,847200.0
517,2021-10-17 06:28:29,41400.0,2000.0,846700.0
518,2021-10-17 06:28:22,41400.0,2500.0,844700.0
519,2021-10-17 06:28:22,41400.0,1000.0,842200.0
520,2021-10-17 06:28:22,41400.0,100.0,841200.0
521,2021-10-17 06:28:22,41400.0,200.0,841100.0
522,2021-10-17 06:27:36,41400.0,200.0,840900.0
523,2021-10-17 06:27:35,41400.0,100.0,840700.0
524,2021-10-17 06:27:35,41400.0,300.0,840600.0
525,2021-10-17 06:27:04,41400.0,100.0,840300.0
526,2021-10-17 06:26:56,41400.0,200.0,840200.0
527,2021-10-17 06:26:47,41400.0,400.0,840000.0
528,2021-10-17 06:26:45,41400.0,1000.0,839600.0
529,2021-10-17 06:26:41,41400.0,100.0,838600.0
530,2021-10-17 06:26:31,41400.0,200.0,838500.0
531,2021-10-17 06:26:28,41400.0,300.0,838300.0
532,2021-10-17 06:26:15,41400.0,400.0,838000.0
533,2021-10-17 06:26:14,41400.0,800.0,837600.0
534,2021-10-17 06:25:52,41400.0,100.0,836800.0
535,2021-10-17 06:25:31,41400.0,1100.0,836700.0
536,2021-10-17 06:25:31,41400.0,900.0,835600.0
537,2021-10-17 06:25:30,41350.0,3000.0,834700.0
538,2021-10-17 06:25:30,41350.0,200.0,831700.0
539,2021-10-17 06:25:30,41350.0,700.0,831500.0
540,2021-10-17 06:25:29,41400.0,100.0,830800.0
541,2021-10-17 06:25:29,41400.0,1700.0,830700.0
542,2021-10-17 06:25:15,41400.0,200.0,829000.0
543,2021-10-17 06:25:13,41400.0,100.0,828800.0
544,2021-10-17 06:25:13,41400.0,300.0,828700.0
545,2021-10-17 06:25:09,41400.0,200.0,828400.0
546,2021-10-17 06:24:57,41400.0,500.0,828200.0
547,2021-10-17 06:24:51,41400.0,100.0,827700.0
548,2021-10-17 06:24:43,41400.0,1000.0,827600.0
549,2021-10-17 06:24:42,41400.0,2900.0,826600.0
550,2021-10-17 06:24:42,41400.0,100.0,823700.0
551,2021-10-17 06:24:37,41400.0,900.0,823600.0
552,2021-10-17 06:24:37,41400.0,300.0,822700.0
553,2021-10-17 06:24:37,41400.0,300.0,822400.0
554,2021-10-17 06:24:37,41400.0,800.0,822100.0
555,2021-10-17 06:24:23,41400.0,100.0,821300.0
556,2021-10-17 06:24:04,41400.0,200.0,821200.0
557,2021-10-17 06:23:59,41400.0,500.0,821000.0
558,2021-10-17 06:23:59,41400.0,1900.0,820500.0
559,2021-10-17 06:23:55,41400.0,1000.0,818600.0
560,2021-10-17 06:23:54,41350.0,300.0,817600.0
561,2021-10-17 06:23:51,41400.0,100.0,817300.0
562,2021-10-17 06:23:46,41400.0,500.0,817200.0
563,2021-10-17 06:23:40,41400.0,100.0,816700.0
564,2021-10-17 06:23:34,41400.0,200.0,816600.0
565,2021-10-17 06:23:34,41400.0,600.0,816400.0
566,2021-10-17 06:23:34,41400.0,1100.0,815800.0
567,2021-10-17 06:23:34,41400.0,1000.0,814700.0
568,2021-10-17 06:23:34,41400.0,300.0,813700.0
569,2021-10-17 06:23:34,41400.0,1600.0,813400.0
570,2021-10-17 06:23:28,41450.0,1000.0,811800.0
571,2021-10-17 06:23:28,41450.0,1000.0,810800.0
572,2021-10-17 06:23:27,41400.0,300.0,809800.0
573,2021-10-17 06:23:20,41450.0,100.0,809500.0
574,2021-10-17 06:23:20,41450.0,200.0,809400.0
575,2021-10-17 06:23:14,41450.0,1000.0,809200.0
576,2021-10-17 06:23:02,41450.0,100.0,808200.0
577,2021-10-17 06:22:56,41450.0,200.0,808100.0
578,2021-10-17 06:22:50,41450.0,500.0,807900.0
579,2021-10-17 06:22:50,41450.0,300.0,807400.0
580,2021-10-17 06:22:50,41450.0,100.0,807100.0
581,2021-10-17 06:22:50,41450.0,700.0,807000.0
582,2021-10-17 06:22:50,41450.0,700.0,806300.0
583,2021-10-17 06:22:37,41450.0,300.0,805600.0
584,2021-10-17 06:22:35,41450.0,100.0,805300.0
585,2021-10-17 06:22:33,41450.0,100.0,805200.0
586,2021-10-17 06:22:33,41450.0,2000.0,805100.0
587,2021-10-17 06:22:31,41450.0,500.0,803100.0
588,2021-10-17 06:22:29,41450.0,500.0,802600.0
589,2021-10-17 06:22:27,41450.0,1000.0,802100.0
590,2021-10-17 06:22:23,41450.0,1000.0,801100.0
591,2021-10-17 06:22:23,41450.0,1500.0,800100.0
592,2021-10-17 06:22:17,41450.0,100.0,798600.0
593,2021-10-17 06:22:14,41450.0,500.0,798500.0
594,2021-10-17 06:22:13,41450.0,400.0,798000.0
595,2021-10-17 06:22:11,41450.0,3000.0,797600.0
596,2021-10-17 06:22:09,41450.0,1000.0,794600.0
597,2021-10-17 06:22:03,41450.0,1000.0,793600.0
598,2021-10-17 06:21:58,41400.0,100.0,792600.0
599,2021-10-17 06:21:52,41400.0,5000.0,792500.0
600,2021-10-17 06:21:52,41400.0,800.0,787500.0
601,2021-10-17 06:21:50,41400.0,500.0,786700.0
602,2021-10-17 06:21:49,41400.0,3000.0,786200.0
603,2021-10-17 06:21:49,41400.0,1000.0,783200.0
604,2021-10-17 06:21:49,41400.0,100.0,782200.0
605,2021-10-17 06:21:49,41400.0,200.0,782100.0
606,2021-10-17 06:21:49,41400.0,300.0,781900.0
607,2021-10-17 06:21:40,41400.0,3700.0,781600.0
608,2021-10-17 06:21:38,41400.0,1200.0,777900.0
609,2021-10-17 06:21:35,41400.0,500.0,776700.0
610,2021-10-17 06:21:35,41400.0,2000.0,776200.0
611,2021-10-17 06:21:30,41400.0,400.0,774200.0
612,2021-10-17 06:21:22,41400.0,200.0,773800.0
613,2021-10-17 06:21:22,41400.0,300.0,773600.0
614,2021-10-17 06:21:21,41350.0,100.0,773300.0
615,2021-10-17 06:21:16,41350.0,100.0,773200.0
616,2021-10-17 06:21:16,41350.0,1800.0,773100.0
617,2021-10-17 06:21:12,41350.0,600.0,771300.0
618,2021-10-17 06:21:11,41350.0,200.0,770700.0
619,2021-10-17 06:21:11,41350.0,1000.0,770500.0
620,2021-10-17 06:21:08,41350.0,900.0,769500.0
621,2021-10-17 06:21:05,41350.0,1000.0,768600.0
622,2021-10-17 06:21:05,41350.0,1400.0,767600.0
623,2021-10-17 06:21:00,41350.0,1500.0,766200.0
624,2021-10-17 06:20:58,41350.0,300.0,764700.0
625,2021-10-17 06:20:56,41350.0,500.0,764400.0
626,2021-10-17 06:20:55,41350.0,200.0,763900.0
627,2021-10-17 06:20:46,41350.0,500.0,763700.0
628,2021-10-17 06:20:41,41350.0,100.0,763200.0
629,2021-10-17 06:20:41,41350.0,100.0,763100.0
630,2021-10-17 06:20:40,41350.0,100.0,763000.0
631,2021-10-17 06:20:38,41300.0,100.0,762900.0
632,2021-10-17 06:20:38,41300.0,300.0,762800.0
633,2021-10-17 06:20:33,41350.0,300.0,762500.0
634,2021-10-17 06:20:33,41350.0,300.0,762200.0
635,2021-10-17 06:20:22,41350.0,100.0,761900.0
636,2021-10-17 06:20:21,41300.0,200.0,761800.0
637,2021-10-17 06:20:21,41300.0,4800.0,761600.0
638,2021-10-17 06:20:07,41300.0,700.0,756800.0
639,2021-10-17 06:20:07,41300.0,1000.0,756100.0
640,2021-10-17 06:20:07,41300.0,200.0,755100.0
641,2021-10-17 06:20:07,41300.0,100.0,754900.0
642,2021-10-17 06:20:00,41300.0,1900.0,754800.0
643,2021-10-17 06:19:58,41300.0,900.0,752900.0
644,2021-10-17 06:19:55,41300.0,1600.0,752000.0
645,2021-10-17 06:19:46,41300.0,300.0,750400.0
646,2021-10-17 06:19:45,41300.0,100.0,750100.0
647,2021-10-17 06:19:41,41300.0,200.0,750000.0
648,2021-10-17 06:19:41,41300.0,100.0,749800.0
649,2021-10-17 06:19:41,41300.0,700.0,749700.0
650,2021-10-17 06:19:36,41300.0,1000.0,749000.0
651,2021-10-17 06:19:14,41300.0,500.0,748000.0
652,2021-10-17 06:19:06,41300.0,3800.0,747500.0
653,2021-10-17 06:19:06,41300.0,100.0,743700.0
654,2021-10-17 06:19:06,41300.0,1000.0,743600.0
655,2021-10-17 06:19:06,41300.0,200.0,742600.0
656,2021-10-17 06:19:06,41300.0,100.0,742400.0
657,2021-10-17 06:19:06,41300.0,300.0,742300.0
658,2021-10-17 06:19:06,41300.0,2000.0,742000.0
659,2021-10-17 06:19:03,41250.0,6000.0,740000.0
660,2021-10-17 06:19:03,41250.0,700.0,734000.0
661,2021-10-17 06:18:45,41250.0,300.0,733300.0
662,2021-10-17 06:18:40,41250.0,1000.0,733000.0
663,2021-10-17 06:18:40,41250.0,200.0,732000.0
664,2021-10-17 06:18:40,41250.0,300.0,731800.0
665,2021-10-17 06:18:40,41250.0,500.0,731500.0
666,2021-10-17 06:18:39,41250.0,1000.0,731000.0
667,2021-10-17 06:18:36,41250.0,200.0,730000.0
668,2021-10-17 06:18:28,41250.0,600.0,729800.0
669,2021-10-17 06:18:24,41250.0,700.0,729200.0
670,2021-10-17 06:18:11,41250.0,500.0,728500.0
671,2021-10-17 06:18:02,41250.0,1000.0,728000.0
672,2021-10-17 06:18:01,41200.0,1000.0,727000.0
673,2021-10-17 06:18:01,41200.0,200.0,726000.0
674,2021-10-17 06:18:01,41200.0,400.0,725800.0
675,2021-10-17 06:18:01,41200.0,200.0,725400.0
676,2021-10-17 06:18:01,41200.0,100.0,725200.0
677,2021-10-17 06:18:01,41200.0,500.0,725100.0
678,2021-10-17 06:18:01,41200.0,1900.0,724600.0
679,2021-10-17 06:17:58,41250.0,100.0,722700.0
680,2021-10-17 06:17:57,41250.0,200.0,722600.0
681,2021-10-17 06:17:51,41250.0,300.0,722400.0
682,2021-10-17 06:17:38,41250.0,200.0,722100.0
683,2021-10-17 06:17:10,41200.0,100.0,721900.0
684,2021-10-17 06:17:08,41200.0,200.0,721800.0
685,2021-10-17 06:17:08,41200.0,100.0,721600.0
686,2021-10-17 06:17:08,41200.0,700.0,721500.0
687,2021-10-17 06:17:06,41200.0,100.0,720800.0
688,2021-10-17 06:16:55,41200.0,1200.0,720700.0
689,2021-10-17 06:16:55,41200.0,200.0,719500.0
690,2021-10-17 06:16:55,41200.0,600.0,719300.0
691,2021-10-17 06:16:53,41200.0,900.0,718700.0
692,2021-10-17 06:16:53,41200.0,300.0,717800.0
693,2021-10-17 06:16:53,41200.0,200.0,717500.0
694,2021-10-17 06:16:53,41200.0,100.0,717300.0
695,2021-10-17 06:16:53,41200.0,200.0,717200.0
696,2021-10-17 06:16:53,41200.0,100.0,717000.0
697,2021-10-17 06:16:53,41200.0,500.0,716900.0
698,2021-10-17 06:16:53,41200.0,300.0,716400.0
699,2021-10-17 06:16:53,41200.0,200.0,716100.0
700,2021-10-17 06:16:53,41200.0,5000.0,715900.0
701,2021-10-17 06:16:53,41200.0,100.0,710900.0
702,2021-10-17 06:16:53,41200.0,1100.0,710800.0
703,2021-10-17 06:16:49,41200.0,500.0,709700.0
704,2021-10-17 06:16:45,41200.0,1400.0,709200.0
705,2021-10-17 06:15:48,41150.0,200.0,707800.0
706,2021-10-17 06:15:27,41150.0,4000.0,707600.0
707,2021-10-17 06:15:27,41150.0,400.0,703600.0
708,2021-10-17 06:15:27,41150.0,1600.0,703200.0
709,2021-10-17 06:15:17,41150.0,100.0,701600.0
710,2021-10-17 06:15:17,41150.0,300.0,701500.0
711,2021-10-17 06:15:14,41150.0,1000.0,701200.0
712,2021-10-17 06:15:02,41150.0,1000.0,700200.0
713,2021-10-17 06:15:01,41150.0,100.0,699200.0
714,2021-10-17 06:14:56,41150.0,500.0,699100.0
715,2021-10-17 06:14:54,41150.0,100.0,698600.0
716,2021-10-17 06:14:46,41150.0,200.0,698500.0
717,2021-10-17 06:14:41,41150.0,100.0,698300.0
718,2021-10-17 06:14:40,41150.0,300.0,698200.0
719,2021-10-17 06:14:40,41150.0,1400.0,697900.0
720,2021-10-17 06:14:37,41150.0,500.0,696500.0
721,2021-10-17 06:14:37,41150.0,500.0,696000.0
722,2021-10-17 06:14:31,41150.0,300.0,695500.0
723,2021-10-17 06:14:31,41150.0,1800.0,695200.0
724,2021-10-17 06:14:29,41150.0,1000.0,693400.0
725,2021-10-17 06:14:25,41150.0,200.0,692400.0
726,2021-10-17 06:14:22,41150.0,300.0,692200.0
727,2021-10-17 06:14:22,41150.0,800.0,691900.0
728,2021-10-17 06:14:14,41150.0,100.0,691100.0
729,2021-10-17 06:14:07,41150.0,1000.0,691000.0
730,2021-10-17 06:13:59,41150.0,300.0,690000.0
731,2021-10-17 06:13:47,41150.0,100.0,689700.0
732,2021-10-17 06:13:40,41150.0,2000.0,689600.0
733,2021-10-17 06:13:30,41100.0,200.0,687600.0
734,2021-10-17 06:13:30,41100.0,100.0,687400.0
735,2021-10-17 06:13:30,41100.0,100.0,687300.0
736,2021-10-17 06:13:30,41100.0,200.0,687200.0
737,2021-10-17 06:13:30,41100.0,400.0,687000.0
738,2021-10-17 06:13:29,41150.0,200.0,686600.0
739,2021-10-17 06:13:28,41150.0,2000.0,686400.0
740,2021-10-17 06:13:24,41150.0,200.0,684400.0
741,2021-10-17 06:13:09,41150.0,200.0,684200.0
742,2021-10-17 06:12:58,41150.0,100.0,684000.0
743,2021-10-17 06:12:52,41150.0,1200.0,683900.0
744,2021-10-17 06:12:44,41100.0,100.0,682700.0
745,2021-10-17 06:11:57,41100.0,300.0,682600.0
746,2021-10-17 06:11:57,41100.0,500.0,682300.0
747,2021-10-17 06:11:14,41100.0,500.0,681800.0
748,2021-10-17 06:11:11,41100.0,5800.0,681300.0
749,2021-10-17 06:10:43,41100.0,300.0,675500.0
750,2021-10-17 06:10:28,41100.0,100.0,675200.0
751,2021-10-17 06:10:21,41100.0,200.0,675100.0
752,2021-10-17 06:10:16,41100.0,100.0,674900.0
753,2021-10-17 06:09:56,41100.0,100.0,674800.0
754,2021-10-17 06:09:56,41100.0,300.0,674700.0
755,2021-10-17 06:09:56,41100.0,100.0,674400.0
756,2021-10-17 06:08:49,41100.0,3100.0,674300.0
757,2021-10-17 06:08:16,41100.0,200.0,671200.0
758,2021-10-17 06:08:16,41100.0,200.0,671000.0
759,2021-10-17 06:08:16,41100.0,2000.0,670800.0
760,2021-10-17 06:08:16,41100.0,500.0,668800.0
761,2021-10-17 06:08:16,41100.0,500.0,668300.0
762,2021-10-17 06:08:16,41100.0,200.0,667800.0
763,2021-10-17 06:08:16,41100.0,1000.0,667600.0
764,2021-10-17 06:08:16,41100.0,200.0,666600.0
765,2021-10-17 06:08:16,41100.0,100.0,666400.0
766,2021-10-17 06:07:57,41150.0,1100.0,666300.0
767,2021-10-17 06:07:31,41100.0,200.0,665200.0
768,2021-10-17 06:07:31,41100.0,100.0,665000.0
769,2021-10-17 06:06:44,41100.0,1200.0,664900.0
770,2021-10-17 06:06:44,41100.0,3800.0,663700.0
771,2021-10-17 06:06:21,41100.0,1200.0,659900.0
772,2021-10-17 06:06:11,41100.0,600.0,658700.0
773,2021-10-17 06:06:11,41100.0,200.0,658100.0
774,2021-10-17 06:06:11,41100.0,500.0,657900.0
775,2021-10-17 06:06:11,41100.0,500.0,657400.0
776,2021-10-17 06:06:11,41150.0,200.0,656900.0
777,2021-10-17 06:06:03,41100.0,1600.0,656700.0
778,2021-10-17 06:05:53,41100.0,100.0,655100.0
779,2021-10-17 06:05:53,41100.0,1200.0,655000.0
780,2021-10-17 06:05:53,41100.0,100.0,653800.0
781,2021-10-17 06:05:05,41150.0,2000.0,653700.0
782,2021-10-17 06:04:46,41150.0,100.0,651700.0
783,2021-10-17 06:04:46,41100.0,200.0,651600.0
784,2021-10-17 06:04:44,41100.0,500.0,651400.0
785,2021-10-17 06:04:44,41100.0,500.0,650900.0
786,2021-10-17 06:04:41,41100.0,2000.0,650400.0
787,2021-10-17 06:04:29,41100.0,400.0,648400.0
788,2021-10-17 06:04:29,41100.0,300.0,648000.0
789,2021-10-17 06:04:29,41100.0,200.0,647700.0
790,2021-10-17 06:04:29,41100.0,400.0,647500.0
791,2021-10-17 06:04:29,41100.0,500.0,647100.0
792,2021-10-17 06:04:29,41100.0,100.0,646600.0
793,2021-10-17 06:04:29,41100.0,100.0,646500.0
794,2021-10-17 06:04:29,41100.0,2500.0,646400.0
795,2021-10-17 06:04:29,41100.0,2300.0,643900.0
796,2021-10-17 06:04:25,41150.0,300.0,641600.0
797,2021-10-17 06:04:22,41150.0,500.0,641300.0
798,2021-10-17 06:04:18,41150.0,500.0,640800.0
799,2021-10-17 06:04:16,41150.0,1600.0,640300.0
800,2021-10-17 06:04:16,41150.0,300.0,638700.0
801,2021-10-17 06:04:10,41150.0,700.0,638400.0
802,2021-10-17 06:04:10,41150.0,300.0,637700.0
803,2021-10-17 06:04:10,41150.0,1900.0,637400.0
804,2021-10-17 06:04:03,41150.0,2800.0,635500.0
805,2021-10-17 06:04:03,41150.0,300.0,632700.0
806,2021-10-17 06:04:03,41150.0,2000.0,632400.0
807,2021-10-17 06:04:03,41150.0,200.0,630400.0
808,2021-10-17 06:04:03,41150.0,2200.0,630200.0
809,2021-10-17 06:03:51,41100.0,100.0,628000.0
810,2021-10-17 06:03:03,41100.0,100.0,627900.0
811,2021-10-17 06:03:03,41100.0,2000.0,627800.0
812,2021-10-17 06:03:03,41100.0,100.0,625800.0
813,2021-10-17 06:02:55,41100.0,700.0,625700.0
814,2021-10-17 06:02:53,41100.0,200.0,625000.0
815,2021-10-17 06:02:41,41100.0,1000.0,624800.0
816,2021-10-17 06:02:36,41100.0,100.0,623800.0
817,2021-10-17 06:02:22,41100.0,1100.0,623700.0
818,2021-10-17 06:02:22,41100.0,500.0,622600.0
819,2021-10-17 06:02:22,41100.0,600.0,622100.0
820,2021-10-17 06:02:22,41100.0,1000.0,621500.0
821,2021-10-17 06:02:22,41100.0,100.0,620500.0
822,2021-10-17 06:02:22,41100.0,4400.0,620400.0
823,2021-10-17 06:02:19,41100.0,2600.0,616000.0
824,2021-10-17 06:02:19,41100.0,1000.0,613400.0
825,2021-10-17 06:02:19,41100.0,100.0,612400.0
826,2021-10-17 06:02:19,41100.0,500.0,612300.0
827,2021-10-17 06:02:19,41100.0,300.0,611800.0
828,2021-10-17 06:02:19,41100.0,500.0,611500.0
829,2021-10-17 06:02:11,41150.0,900.0,611000.0
830,2021-10-17 06:00:28,41100.0,500.0,610100.0
831,2021-10-17 06:00:18,41050.0,2800.0,609600.0
832,2021-10-17 06:00:18,41100.0,100.0,606800.0
833,2021-10-17 06:00:18,41100.0,100.0,606700.0
834,2021-10-17 06:00:17,41150.0,400.0,606600.0
835,2021-10-17 06:00:08,41100.0,100.0,606200.0
836,2021-10-17 06:00:03,41100.0,100.0,606100.0
837,2021-10-17 06:00:02,41100.0,3000.0,606000.0
838,2021-10-17 06:00:02,41100.0,1900.0,603000.0
839,2021-10-17 06:00:01,41100.0,1000.0,601100.0
840,2021-10-17 06:00:01,41100.0,200.0,600100.0
841,2021-10-17 06:00:01,41100.0,300.0,599900.0
842,2021-10-17 04:29:56,41050.0,600.0,599600.0
843,2021-10-17 04:29:45,41050.0,500.0,599000.0
844,2021-10-17 04:29:41,41050.0,1900.0,598500.0
845,2021-10-17 04:29:24,41050.0,100.0,596600.0
846,2021-10-17 04:29:23,41050.0,3000.0,596500.0
847,2021-10-17 04:28:45,41100.0,1600.0,593500.0
848,2021-10-17 04:28:45,41100.0,1900.0,591900.0
849,2021-10-17 04:28:22,41000.0,400.0,590000.0
850,2021-10-17 04:28:22,41000.0,1000.0,589600.0
851,2021-10-17 04:28:22,41000.0,400.0,588600.0
852,2021-10-17 04:28:22,41000.0,300.0,588200.0
853,2021-10-17 04:28:22,41000.0,100.0,587900.0
854,2021-10-17 04:28:22,41000.0,100.0,587800.0
855,2021-10-17 04:28:22,41000.0,500.0,587700.0
856,2021-10-17 04:28:22,41000.0,1000.0,587200.0
857,2021-10-17 04:28:22,41000.0,600.0,586200.0
858,2021-10-17 04:28:22,41000.0,300.0,585600.0
859,2021-10-17 04:28:22,41000.0,300.0,585300.0
860,2021-10-17 04:28:07,41000.0,200.0,585000.0
861,2021-10-17 04:27:54,41000.0,200.0,584800.0
862,2021-10-17 04:27:54,41000.0,400.0,584600.0
863,2021-10-17 04:27:54,41000.0,200.0,584200.0
864,2021-10-17 04:27:54,41000.0,1200.0,584000.0
865,2021-10-17 04:27:54,41000.0,1000.0,582800.0
866,2021-10-17 04:27:25,41000.0,1000.0,581800.0
867,2021-10-17 04:27:25,41000.0,100.0,580800.0
868,2021-10-17 04:27:25,41000.0,1000.0,580700.0
869,2021-10-17 04:27:25,41000.0,300.0,579700.0
870,2021-10-17 04:27:25,41000.0,500.0,579400.0
871,2021-10-17 04:27:25,41000.0,100.0,578900.0
872,2021-10-17 04:27:25,41000.0,500.0,578800.0
873,2021-10-17 04:27:25,41000.0,100.0,578300.0
874,2021-10-17 04:27:25,41000.0,100.0,578200.0
875,2021-10-17 04:27:25,41000.0,100.0,578100.0
876,2021-10-17 04:27:25,41000.0,100.0,578000.0
877,2021-10-17 04:27:25,41000.0,100.0,577900.0
878,2021-10-17 04:27:25,41000.0,200.0,577800.0
879,2021-10-17 04:27:25,41000.0,4000.0,577600.0
880,2021-10-17 04:27:25,41000.0,100.0,573600.0
881,2021-10-17 04:27:25,41000.0,500.0,573500.0
882,2021-10-17 04:27:25,41000.0,300.0,573000.0
883,2021-10-17 04:27:25,41050.0,500.0,572700.0
884,2021-10-17 04:27:25,41050.0,400.0,572200.0
885,2021-10-17 04:26:27,41000.0,100.0,571800.0
886,2021-10-17 04:26:27,41000.0,300.0,571700.0
887,2021-10-17 04:26:27,41000.0,1000.0,571400.0
888,2021-10-17 04:26:27,41000.0,400.0,570400.0
889,2021-10-17 04:26:27,41000.0,1000.0,570000.0
890,2021-10-17 04:26:27,41000.0,200.0,569000.0
891,2021-10-17 04:26:27,41000.0,100.0,568800.0
892,2021-10-17 04:26:27,41000.0,100.0,568700.0
893,2021-10-17 04:26:27,41000.0,100.0,568600.0
894,2021-10-17 04:26:27,41000.0,2000.0,568500.0
895,2021-10-17 04:26:27,41000.0,200.0,566500.0
896,2021-10-17 04:26:27,41000.0,300.0,566300.0
897,2021-10-17 04:26:06,41000.0,700.0,566000.0
898,2021-10-17 04:26:06,41000.0,3000.0,565300.0
899,2021-10-17 04:26:06,41000.0,500.0,562300.0
900,2021-10-17 04:26:06,41000.0,500.0,561800.0
901,2021-10-17 04:26:06,41000.0,1100.0,561300.0
902,2021-10-17 04:26:06,41050.0,100.0,560200.0
903,2021-10-17 04:26:06,41050.0,100.0,560100.0
904,2021-10-17 04:25:47,41000.0,3900.0,560000.0
905,2021-10-17 04:25:47,41000.0,1200.0,556100.0
906,2021-10-17 04:25:47,41050.0,300.0,554900.0
907,2021-10-17 04:25:47,41050.0,200.0,554600.0
908,2021-10-17 04:25:47,41050.0,2000.0,554400.0
909,2021-10-17 04:25:47,41050.0,500.0,552400.0
910,2021-10-17 04:25:47,41050.0,200.0,551900.0
911,2021-10-17 04:25:47,41050.0,500.0,551700.0
912,2021-10-17 04:25:47,41050.0,1200.0,551200.0
913,2021-10-17 04:25:47,41050.0,100.0,550000.0
914,2021-10-17 04:25:46,41100.0,3000.0,549900.0
915,2021-10-17 04:25:42,41100.0,100.0,546900.0
916,2021-10-17 04:25:40,41100.0,300.0,546800.0
917,2021-10-17 04:25:38,41100.0,700.0,546500.0
918,2021-10-17 04:25:38,41100.0,1300.0,545800.0
919,2021-10-17 04:25:37,41100.0,300.0,544500.0
920,2021-10-17 04:25:36,41100.0,1000.0,544200.0
921,2021-10-17 04:25:30,41100.0,1000.0,543200.0
922,2021-10-17 04:25:27,41100.0,400.0,542200.0
923,2021-10-17 04:25:24,41100.0,300.0,541800.0
924,2021-10-17 04:25:23,41100.0,700.0,541500.0
925,2021-10-17 04:25:23,41100.0,1300.0,540800.0
926,2021-10-17 04:25:17,41100.0,200.0,539500.0
927,2021-10-17 04:25:17,41100.0,100.0,539300.0
928,2021-10-17 04:25:17,41100.0,300.0,539200.0
929,2021-10-17 04:25:17,41100.0,2000.0,538900.0
930,2021-10-17 04:25:17,41100.0,500.0,536900.0
931,2021-10-17 04:25:17,41100.0,1600.0,536400.0
932,2021-10-17 04:24:58,41100.0,400.0,534800.0
933,2021-10-17 04:24:57,41100.0,100.0,534400.0
934,2021-10-17 04:24:50,41100.0,500.0,534300.0
935,2021-10-17 04:24:49,41100.0,500.0,533800.0
936,2021-10-17 04:24:49,41100.0,1000.0,533300.0
937,2021-10-17 04:24:49,41100.0,200.0,532300.0
938,2021-10-17 04:24:49,41100.0,2000.0,532100.0
939,2021-10-17 04:24:49,41100.0,300.0,530100.0
940,2021-10-17 04:24:38,41150.0,100.0,529800.0
941,2021-10-17 04:24:21,41100.0,2000.0,529700.0
942,2021-10-17 04:24:18,41100.0,400.0,527700.0
943,2021-10-17 04:23:58,41100.0,200.0,527300.0
944,2021-10-17 04:23:57,41100.0,100.0,527100.0
945,2021-10-17 04:23:57,41100.0,3000.0,527000.0
946,2021-10-17 04:23:57,41100.0,1000.0,524000.0
947,2021-10-17 04:23:57,41100.0,500.0,523000.0
948,2021-10-17 04:23:57,41100.0,2000.0,522500.0
949,2021-10-17 04:23:57,41100.0,500.0,520500.0
950,2021-10-17 04:23:57,41100.0,300.0,520000.0
951,2021-10-17 04:23:27,41100.0,200.0,519700.0
952,2021-10-17 04:23:27,41100.0,3200.0,519500.0
953,2021-10-17 04:23:22,41100.0,100.0,516300.0
954,2021-10-17 04:23:22,41100.0,1700.0,516200.0
955,2021-10-17 04:23:20,41100.0,300.0,514500.0
956,2021-10-17 04:23:16,41100.0,2000.0,514200.0
957,2021-10-17 04:23:15,41100.0,6000.0,512200.0
958,2021-10-17 04:23:15,41100.0,500.0,506200.0
959,2021-10-17 04:23:15,41100.0,3500.0,505700.0
960,2021-10-17 04:23:12,41100.0,6000.0,502200.0
961,2021-10-17 04:23:12,41100.0,1000.0,496200.0
962,2021-10-17 04:23:12,41100.0,100.0,495200.0
963,2021-10-17 04:23:12,41100.0,100.0,495100.0
964,2021-10-17 04:23:12,41100.0,100.0,495000.0
965,2021-10-17 04:23:12,41100.0,2700.0,494900.0
966,2021-10-17 04:23:00,41050.0,700.0,492200.0
967,2021-10-17 04:23:00,41050.0,1000.0,491500.0
968,2021-10-17 04:23:00,41050.0,3300.0,490500.0
969,2021-10-17 04:22:50,41100.0,100.0,487200.0
970,2021-10-17 04:22:48,41050.0,1700.0,487100.0
971,2021-10-17 04:22:48,41050.0,300.0,485400.0
972,2021-10-17 04:22:46,41050.0,1000.0,485100.0
973,2021-10-17 04:22:29,41100.0,200.0,484100.0
974,2021-10-17 04:22:29,41100.0,800.0,483900.0
975,2021-10-17 04:22:29,41050.0,1800.0,483100.0
976,2021-10-17 04:22:23,41050.0,400.0,481300.0
977,2021-10-17 04:22:17,41050.0,200.0,480900.0
978,2021-10-17 04:22:17,41050.0,100.0,480700.0
979,2021-10-17 04:22:17,41050.0,500.0,480600.0
980,2021-10-17 04:22:11,41100.0,200.0,480100.0
981,2021-10-17 04:22:11,41100.0,200.0,479900.0
982,2021-10-17 04:22:11,41100.0,600.0,479700.0
983,2021-10-17 04:22:03,41100.0,3100.0,479100.0
984,2021-10-17 04:22:03,41050.0,1900.0,476000.0
985,2021-10-17 04:22:02,41050.0,100.0,474100.0
986,2021-10-17 04:22:00,41050.0,1000.0,474000.0
987,2021-10-17 04:21:58,41000.0,1600.0,473000.0
988,2021-10-17 04:21:58,41050.0,200.0,471400.0
989,2021-10-17 04:21:58,41050.0,1000.0,471200.0
990,2021-10-17 04:21:58,41050.0,200.0,470200.0
991,2021-10-17 04:21:57,41100.0,200.0,470000.0
992,2021-10-17 04:21:48,41050.0,100.0,469800.0
993,2021-10-17 04:21:47,41050.0,2900.0,469700.0
994,2021-10-17 04:21:47,41050.0,1000.0,466800.0
995,2021-10-17 04:21:47,41050.0,100.0,465800.0
996,2021-10-17 04:21:47,41050.0,200.0,465700.0
997,2021-10-17 04:21:47,41050.0,800.0,465500.0
998,2021-10-17 04:21:43,41050.0,800.0,464700.0
999,2021-10-17 04:21:38,41050.0,100.0,463900.0
1000,2021-10-17 04:21:32,41050.0,1300.0,463800.0
1001,2021-10-17 04:21:11,41050.0,500.0,462500.0
1002,2021-10-17 04:20:29,41000.0,500.0,462000.0
1003,2021-10-17 04:20:29,41000.0,600.0,461500.0
1004,2021-10-17 04:20:29,41000.0,100.0,460900.0
1005,2021-10-17 04:20:29,41000.0,300.0,460800.0
1006,2021-10-17 04:20:29,41000.0,500.0,460500.0
1007,2021-10-17 04:20:29,41000.0,100.0,460000.0
1008,2021-10-17 04:20:29,41000.0,5000.0,459900.0
1009,2021-10-17 04:20:29,41000.0,100.0,454900.0
1010,2021-10-17 04:20:13,41000.0,100.0,454800.0
1011,2021-10-17 04:20:13,41000.0,300.0,454700.0
1012,2021-10-17 04:20:06,41000.0,300.0,454400.0
1013,2021-10-17 04:20:01,41000.0,400.0,454100.0
1014,2021-10-17 04:20:01,41000.0,100.0,453700.0
1015,2021-10-17 04:20:01,41000.0,100.0,453600.0
1016,2021-10-17 04:20:01,41000.0,400.0,453500.0
1017,2021-10-17 04:19:41,41000.0,100.0,453100.0
1018,2021-10-17 04:19:27,41000.0,400.0,453000.0
1019,2021-10-17 04:19:27,41000.0,500.0,452600.0
1020,2021-10-17 04:19:27,41000.0,100.0,452100.0
1021,2021-10-17 04:19:20,41000.0,400.0,452000.0
1022,2021-10-17 04:19:20,41000.0,1600.0,451600.0
1023,2021-10-17 04:19:17,41000.0,100.0,450000.0
1024,2021-10-17 04:19:02,41000.0,300.0,449900.0
1025,2021-10-17 04:19:02,41000.0,200.0,449600.0
1026,2021-10-17 04:18:53,41000.0,500.0,449400.0
1027,2021-10-17 04:18:35,41000.0,1000.0,448900.0
1028,2021-10-17 04:18:14,40950.0,100.0,447900.0
1029,2021-10-17 04:15:13,40950.0,300.0,447800.0
1030,2021-10-17 04:15:13,40950.0,200.0,447500.0
1031,2021-10-17 04:14:19,40950.0,100.0,447300.0
1032,2021-10-17 04:14:19,40950.0,300.0,447200.0
1033,2021-10-17 04:13:25,40950.0,1000.0,446900.0
1034,2021-10-17 04:13:15,40950.0,200.0,445900.0
1035,2021-10-17 04:13:14,40950.0,500.0,445700.0
1036,2021-10-17 04:13:14,40950.0,2800.0,445200.0
1037,2021-10-17 04:13:01,40950.0,100.0,442400.0
1038,2021-10-17 04:12:58,40950.0,500.0,442300.0
1039,2021-10-17 04:12:51,40950.0,300.0,441800.0
1040,2021-10-17 04:12:47,40950.0,1000.0,441500.0
1041,2021-10-17 04:12:07,40950.0,2000.0,440500.0
1042,2021-10-17 04:11:17,40950.0,800.0,438500.0
1043,2021-10-17 04:11:17,40950.0,200.0,437700.0
1044,2021-10-17 04:10:23,40900.0,1600.0,437500.0
1045,2021-10-17 04:10:23,40900.0,500.0,435900.0
1046,2021-10-17 04:10:23,40900.0,100.0,435400.0
1047,2021-10-17 04:10:23,40900.0,1000.0,435300.0
1048,2021-10-17 04:10:23,40900.0,1000.0,434300.0
1049,2021-10-17 04:10:23,40900.0,800.0,433300.0
1050,2021-10-17 04:09:00,40900.0,1200.0,432500.0
1051,2021-10-17 04:09:00,40900.0,400.0,431300.0
1052,2021-10-17 04:09:00,40900.0,100.0,430900.0
1053,2021-10-17 04:09:00,40900.0,100.0,430800.0
1054,2021-10-17 04:09:00,40900.0,200.0,430700.0
1055,2021-10-17 04:08:32,40950.0,200.0,430500.0
1056,2021-10-17 04:08:28,40950.0,1600.0,430300.0
1057,2021-10-17 04:08:28,40950.0,100.0,428700.0
1058,2021-10-17 04:08:28,40950.0,300.0,428600.0
1059,2021-10-17 04:08:05,40950.0,2000.0,428300.0
1060,2021-10-17 04:05:04,40950.0,100.0,426300.0
1061,2021-10-17 04:05:04,40950.0,1000.0,426200.0
1062,2021-10-17 04:05:04,40950.0,1000.0,425200.0
1063,2021-10-17 04:05:04,40950.0,1300.0,424200.0
1064,2021-10-17 04:03:50,40950.0,700.0,422900.0
1065,2021-10-17 04:03:50,40950.0,100.0,422200.0
1066,2021-10-17 04:03:50,40950.0,100.0,422100.0
1067,2021-10-17 04:03:50,40950.0,200.0,422000.0
1068,2021-10-17 04:03:50,40950.0,300.0,421800.0
1069,2021-10-17 04:02:02,40950.0,3700.0,421500.0
1070,2021-10-17 04:02:02,40950.0,1200.0,417800.0
1071,2021-10-17 04:02:02,40950.0,100.0,416600.0
1072,2021-10-17 04:02:02,40950.0,1000.0,416500.0
1073,2021-10-17 04:01:32,40950.0,100.0,415500.0
1074,2021-10-17 04:01:32,40950.0,1000.0,415400.0
1075,2021-10-17 04:01:32,40950.0,300.0,414400.0
1076,2021-10-17 04:01:32,40950.0,600.0,414100.0
1077,2021-10-17 04:01:32,40950.0,300.0,413500.0
1078,2021-10-17 04:01:32,40950.0,100.0,413200.0
1079,2021-10-17 04:01:32,40950.0,2900.0,413100.0
1080,2021-10-17 04:01:32,40950.0,100.0,410200.0
1081,2021-10-17 04:01:32,40950.0,2600.0,410100.0
1082,2021-10-17 04:00:39,41000.0,500.0,407500.0
1083,2021-10-17 04:00:00,41000.0,500.0,407000.0
1084,2021-10-17 03:55:11,41000.0,100.0,406500.0
1085,2021-10-17 03:55:02,41000.0,2000.0,406400.0
1086,2021-10-17 03:54:43,40950.0,5400.0,404400.0
1087,2021-10-17 03:54:43,40950.0,100.0,399000.0
1088,2021-10-17 03:54:43,40950.0,4500.0,398900.0
1089,2021-10-17 03:54:10,41000.0,500.0,394400.0
1090,2021-10-17 03:53:29,41000.0,100.0,393900.0
1091,2021-10-17 03:49:02,41000.0,1000.0,393800.0
1092,2021-10-17 03:48:06,41000.0,1000.0,392800.0
1093,2021-10-17 03:47:49,41000.0,1900.0,391800.0
1094,2021-10-17 03:47:49,41000.0,300.0,389900.0
1095,2021-10-17 03:47:49,41000.0,400.0,389600.0
1096,2021-10-17 03:47:13,41000.0,100.0,389200.0
1097,2021-10-17 03:47:13,41000.0,3700.0,389100.0
1098,2021-10-17 03:47:13,41000.0,1000.0,385400.0
1099,2021-10-17 03:47:13,41000.0,200.0,384400.0
1100,2021-10-17 03:47:06,41050.0,300.0,384200.0
1101,2021-10-17 03:47:03,41000.0,10000.0,383900.0
1102,2021-10-17 03:46:45,41000.0,100.0,373900.0
1103,2021-10-17 03:45:58,41000.0,300.0,373800.0
1104,2021-10-17 03:44:32,41000.0,800.0,373500.0
1105,2021-10-17 03:44:32,41000.0,1000.0,372700.0
1106,2021-10-17 03:44:32,41000.0,1100.0,371700.0
1107,2021-10-17 03:44:25,41000.0,300.0,370600.0
1108,2021-10-17 03:43:52,41000.0,1000.0,370300.0
1109,2021-10-17 03:43:39,41000.0,500.0,369300.0
1110,2021-10-17 03:43:10,41000.0,200.0,368800.0
1111,2021-10-17 03:42:39,41000.0,500.0,368600.0
1112,2021-10-17 03:42:39,41000.0,5600.0,368100.0
1113,2021-10-17 03:42:39,41000.0,800.0,362500.0
1114,2021-10-17 03:42:32,41000.0,200.0,361700.0
1115,2021-10-17 03:42:17,41000.0,500.0,361500.0
1116,2021-10-17 03:41:14,41000.0,300.0,361000.0
1117,2021-10-17 03:40:34,41000.0,500.0,360700.0
1118,2021-10-17 03:40:18,41000.0,2000.0,360200.0
1119,2021-10-17 03:39:54,41000.0,5700.0,358200.0
1120,2021-10-17 03:39:38,41000.0,600.0,352500.0
1121,2021-10-17 03:39:30,41000.0,200.0,351900.0
1122,2021-10-17 03:39:23,41000.0,100.0,351700.0
1123,2021-10-17 03:38:59,41000.0,2700.0,351600.0
1124,2021-10-17 03:38:59,41000.0,2300.0,348900.0
1125,2021-10-17 03:38:43,41000.0,2700.0,346600.0
1126,2021-10-17 03:38:43,41000.0,1000.0,343900.0
1127,2021-10-17 03:38:43,41000.0,500.0,342900.0
1128,2021-10-17 03:38:38,41000.0,400.0,342400.0
1129,2021-10-17 03:38:38,41000.0,200.0,342000.0
1130,2021-10-17 03:38:15,41000.0,200.0,341800.0
1131,2021-10-17 03:38:15,41000.0,800.0,341600.0
1132,2021-10-17 03:38:09,41000.0,100.0,340800.0
1133,2021-10-17 03:38:07,41000.0,100.0,340700.0
1134,2021-10-17 03:36:41,41000.0,3000.0,340600.0
1135,2021-10-17 03:36:41,41000.0,5000.0,337600.0
1136,2021-10-17 03:36:41,41000.0,400.0,332600.0
1137,2021-10-17 03:36:41,41000.0,300.0,332200.0
1138,2021-10-17 03:36:12,41000.0,100.0,331900.0
1139,2021-10-17 03:34:49,41000.0,100.0,331800.0
1140,2021-10-17 03:34:21,41000.0,200.0,331700.0
1141,2021-10-17 03:34:21,41000.0,300.0,331500.0
1142,2021-10-17 03:34:21,41000.0,500.0,331200.0
1143,2021-10-17 03:34:00,41000.0,400.0,330700.0
1144,2021-10-17 03:33:43,41000.0,200.0,330300.0
1145,2021-10-17 03:33:08,41000.0,500.0,330100.0
1146,2021-10-17 03:32:48,41000.0,900.0,329600.0
1147,2021-10-17 03:32:32,41000.0,1000.0,328700.0
1148,2021-10-17 03:32:11,41000.0,1500.0,327700.0
1149,2021-10-17 03:32:11,41000.0,1500.0,326200.0
1150,2021-10-17 03:31:59,41000.0,100.0,324700.0
1151,2021-10-17 03:31:22,41000.0,1000.0,324600.0
1152,2021-10-17 03:30:14,41000.0,200.0,323600.0
1153,2021-10-17 03:30:14,41000.0,200.0,323400.0
1154,2021-10-17 03:30:14,41000.0,200.0,323200.0
1155,2021-10-17 03:30:14,41000.0,1000.0,323000.0
1156,2021-10-17 03:30:14,41000.0,1000.0,322000.0
1157,2021-10-17 03:30:14,41000.0,900.0,321000.0
1158,2021-10-17 03:30:14,41000.0,3400.0,320100.0
1159,2021-10-17 03:30:09,41000.0,1000.0,316700.0
1160,2021-10-17 03:29:50,41000.0,500.0,315700.0
1161,2021-10-17 03:29:32,41000.0,100.0,315200.0
1162,2021-10-17 03:28:52,41000.0,3000.0,315100.0
1163,2021-10-17 03:28:52,41000.0,200.0,312100.0
1164,2021-10-17 03:28:52,41000.0,100.0,311900.0
1165,2021-10-17 03:28:52,41000.0,600.0,311800.0
1166,2021-10-17 03:28:40,41000.0,1000.0,311200.0
1167,2021-10-17 03:28:34,41000.0,1200.0,310200.0
1168,2021-10-17 03:28:24,41000.0,500.0,309000.0
1169,2021-10-17 03:28:00,41000.0,1000.0,308500.0
1170,2021-10-17 03:27:27,41000.0,2700.0,307500.0
1171,2021-10-17 03:27:27,41000.0,300.0,304800.0
1172,2021-10-17 03:26:34,40950.0,3500.0,304500.0
1173,2021-10-17 03:26:34,40950.0,300.0,301000.0
1174,2021-10-17 03:26:34,40950.0,100.0,300700.0
1175,2021-10-17 03:26:34,40950.0,100.0,300600.0
1176,2021-10-17 03:26:34,40950.0,6000.0,300500.0
1177,2021-10-17 03:25:41,40950.0,100.0,294500.0
1178,2021-10-17 03:25:41,40950.0,200.0,294400.0
1179,2021-10-17 03:25:41,40950.0,100.0,294200.0
1180,2021-10-17 03:25:41,40950.0,400.0,294100.0
1181,2021-10-17 03:25:41,40950.0,200.0,293700.0
1182,2021-10-17 03:25:41,40950.0,1000.0,293500.0
1183,2021-10-17 03:25:41,40950.0,200.0,292500.0
1184,2021-10-17 03:25:41,41000.0,200.0,292300.0
1185,2021-10-17 03:25:41,41000.0,2600.0,292100.0
1186,2021-10-17 03:25:34,41050.0,200.0,289500.0
1187,2021-10-17 03:25:34,41050.0,300.0,289300.0
1188,2021-10-17 03:24:43,41000.0,2000.0,289000.0
1189,2021-10-17 03:24:31,41000.0,500.0,287000.0
1190,2021-10-17 03:24:21,41000.0,500.0,286500.0
1191,2021-10-17 03:23:57,41000.0,3000.0,286000.0
1192,2021-10-17 03:23:44,41000.0,1000.0,283000.0
1193,2021-10-17 03:23:29,41000.0,2000.0,282000.0
1194,2021-10-17 03:21:33,40950.0,1200.0,280000.0
1195,2021-10-17 03:21:33,40950.0,100.0,278800.0
1196,2021-10-17 03:21:33,40950.0,600.0,278700.0
1197,2021-10-17 03:21:33,40950.0,100.0,278100.0
1198,2021-10-17 03:21:33,41000.0,3000.0,278000.0
1199,2021-10-17 03:21:29,41000.0,800.0,275000.0
1200,2021-10-17 03:21:19,41000.0,1000.0,274200.0
1201,2021-10-17 03:21:19,41000.0,200.0,273200.0
1202,2021-10-17 03:21:19,41000.0,100.0,273000.0
1203,2021-10-17 03:21:19,41000.0,500.0,272900.0
1204,2021-10-17 03:21:19,41000.0,400.0,272400.0
1205,2021-10-17 03:21:14,41050.0,200.0,272000.0
1206,2021-10-17 03:20:46,41000.0,500.0,271800.0
1207,2021-10-17 03:20:41,41000.0,600.0,271300.0
1208,2021-10-17 03:20:35,41000.0,100.0,270700.0
1209,2021-10-17 03:20:34,41000.0,200.0,270600.0
1210,2021-10-17 03:20:33,41000.0,100.0,270400.0
1211,2021-10-17 03:20:33,41000.0,2000.0,270300.0
1212,2021-10-17 03:20:33,41000.0,500.0,268300.0
1213,2021-10-17 03:20:29,41000.0,500.0,267800.0
1214,2021-10-17 03:20:28,41100.0,2100.0,267300.0
1215,2021-10-17 03:20:28,41100.0,100.0,265200.0
1216,2021-10-17 03:20:28,41100.0,1000.0,265100.0
1217,2021-10-17 03:20:28,41100.0,200.0,264100.0
1218,2021-10-17 03:20:28,41100.0,300.0,263900.0
1219,2021-10-17 03:20:28,41100.0,100.0,263600.0
1220,2021-10-17 03:20:28,41100.0,100.0,263500.0
1221,2021-10-17 03:20:28,41100.0,600.0,263400.0
1222,2021-10-17 03:20:23,41000.0,500.0,262800.0
1223,2021-10-17 03:20:14,41100.0,400.0,262300.0
1224,2021-10-17 03:20:14,41100.0,100.0,261900.0
1225,2021-10-17 03:20:14,41100.0,500.0,261800.0
1226,2021-10-17 03:20:12,41100.0,1400.0,261300.0
1227,2021-10-17 03:20:08,41100.0,500.0,259900.0
1228,2021-10-17 03:19:59,41100.0,300.0,259400.0
1229,2021-10-17 03:19:39,41100.0,100.0,259100.0
1230,2021-10-17 03:19:24,41000.0,200.0,259000.0
1231,2021-10-17 03:19:13,41000.0,100.0,258800.0
1232,2021-10-17 03:18:29,41100.0,700.0,258700.0
1233,2021-10-17 03:18:29,41100.0,5000.0,258000.0
1234,2021-10-17 03:18:29,41050.0,2300.0,253000.0
1235,2021-10-17 03:18:21,40950.0,2500.0,250700.0
1236,2021-10-17 03:18:21,40950.0,2000.0,248200.0
1237,2021-10-17 03:18:21,40950.0,200.0,246200.0
1238,2021-10-17 03:18:21,40950.0,300.0,246000.0
1239,2021-10-17 03:18:07,40950.0,1700.0,245700.0
1240,2021-10-17 03:18:07,40950.0,100.0,244000.0
1241,2021-10-17 03:18:07,40950.0,1000.0,243900.0
1242,2021-10-17 03:18:07,40950.0,100.0,242900.0
1243,2021-10-17 03:18:07,41000.0,1000.0,242800.0
1244,2021-10-17 03:18:07,41000.0,100.0,241800.0
1245,2021-10-17 03:18:07,41000.0,1000.0,241700.0
1246,2021-10-17 03:17:59,40950.0,100.0,240700.0
1247,2021-10-17 03:17:59,40950.0,300.0,240600.0
1248,2021-10-17 03:17:59,40950.0,1000.0,240300.0
1249,2021-10-17 03:17:59,40950.0,2000.0,239300.0
1250,2021-10-17 03:17:59,40950.0,1500.0,237300.0
1251,2021-10-17 03:17:59,41000.0,100.0,235800.0
1252,2021-10-17 03:17:41,40950.0,1500.0,235700.0
1253,2021-10-17 03:17:41,40950.0,3000.0,234200.0
1254,2021-10-17 03:17:41,40950.0,100.0,231200.0
1255,2021-10-17 03:17:41,40950.0,400.0,231100.0
1256,2021-10-17 03:17:20,41000.0,100.0,230700.0
1257,2021-10-17 03:17:15,41050.0,700.0,230600.0
1258,2021-10-17 03:17:15,41050.0,3000.0,229900.0
1259,2021-10-17 03:17:15,41000.0,500.0,226900.0
1260,2021-10-17 03:17:15,41000.0,4800.0,226400.0
1261,2021-10-17 03:17:15,41000.0,300.0,221600.0
1262,2021-10-17 03:17:15,41000.0,2000.0,221300.0
1263,2021-10-17 03:17:15,41000.0,500.0,219300.0
1264,2021-10-17 03:17:15,41000.0,2000.0,218800.0
1265,2021-10-17 03:17:15,41000.0,100.0,216800.0
1266,2021-10-17 03:17:15,41000.0,200.0,216700.0
1267,2021-10-17 03:17:15,41000.0,100.0,216500.0
1268,2021-10-17 03:17:15,41000.0,10000.0,216400.0
1269,2021-10-17 03:17:15,41000.0,100.0,206400.0
1270,2021-10-17 03:17:15,41000.0,100.0,206300.0
1271,2021-10-17 03:17:15,41000.0,100.0,206200.0
1272,2021-10-17 03:17:15,41000.0,500.0,206100.0
1273,2021-10-17 03:17:15,41000.0,200.0,205600.0
1274,2021-10-17 03:17:15,41000.0,300.0,205400.0
1275,2021-10-17 03:17:15,41000.0,700.0,205100.0
1276,2021-10-17 03:17:15,41000.0,100.0,204400.0
1277,2021-10-17 03:17:15,41000.0,700.0,204300.0
1278,2021-10-17 03:17:15,41000.0,100.0,203600.0
1279,2021-10-17 03:16:52,41000.0,100.0,203500.0
1280,2021-10-17 03:16:31,41000.0,500.0,203400.0
1281,2021-10-17 03:16:28,41000.0,300.0,202900.0
1282,2021-10-17 03:16:19,41000.0,100.0,202600.0
1283,2021-10-17 03:15:11,40950.0,500.0,202500.0
1284,2021-10-17 03:14:59,40950.0,500.0,202000.0
1285,2021-10-17 03:14:59,40950.0,1000.0,201500.0
1286,2021-10-17 03:14:59,40950.0,500.0,200500.0
1287,2021-10-17 03:14:59,40950.0,2100.0,200000.0
1288,2021-10-17 03:14:50,40900.0,200.0,197900.0
1289,2021-10-17 03:14:50,40900.0,200.0,197700.0
1290,2021-10-17 03:14:50,40900.0,200.0,197500.0
1291,2021-10-17 03:14:50,40900.0,200.0,197300.0
1292,2021-10-17 03:14:50,40900.0,200.0,197100.0
1293,2021-10-17 03:14:20,40900.0,500.0,196900.0
1294,2021-10-17 03:13:18,40900.0,200.0,196400.0
1295,2021-10-17 03:13:13,40900.0,3200.0,196200.0
1296,2021-10-17 03:12:33,40900.0,300.0,193000.0
1297,2021-10-17 03:12:33,40900.0,1000.0,192700.0
1298,2021-10-17 03:12:33,40900.0,500.0,191700.0
1299,2021-10-17 03:11:37,40900.0,500.0,191200.0
1300,2021-10-17 03:11:12,40900.0,100.0,190700.0
1301,2021-10-17 03:11:06,40900.0,1000.0,190600.0
1302,2021-10-17 03:10:44,40900.0,300.0,189600.0
1303,2021-10-17 03:10:44,40900.0,2600.0,189300.0
1304,2021-10-17 03:08:53,40850.0,600.0,186700.0
1305,2021-10-17 03:08:02,40850.0,1000.0,186100.0
1306,2021-10-17 03:05:15,40850.0,400.0,185100.0
1307,2021-10-17 03:04:54,40900.0,2400.0,184700.0
1308,2021-10-17 03:04:54,40850.0,2600.0,182300.0
1309,2021-10-17 03:03:50,40850.0,400.0,179700.0
1310,2021-10-17 03:01:32,40950.0,100.0,179300.0
1311,2021-10-17 03:01:25,40950.0,1900.0,179200.0
1312,2021-10-17 03:01:25,40900.0,100.0,177300.0
1313,2021-10-17 03:00:52,40950.0,5900.0,177200.0
1314,2021-10-17 03:00:52,40900.0,100.0,171300.0
1315,2021-10-17 03:00:31,40900.0,100.0,171200.0
1316,2021-10-17 03:00:31,40900.0,200.0,171100.0
1317,2021-10-17 03:00:31,40900.0,100.0,170900.0
1318,2021-10-17 03:00:31,40900.0,200.0,170800.0
1319,2021-10-17 03:00:31,40900.0,100.0,170600.0
1320,2021-10-17 03:00:31,40900.0,200.0,170500.0
1321,2021-10-17 03:00:31,40900.0,100.0,170300.0
1322,2021-10-17 02:59:50,40850.0,100.0,170200.0
1323,2021-10-17 02:59:50,40850.0,100.0,170100.0
1324,2021-10-17 02:59:50,40850.0,100.0,170000.0
1325,2021-10-17 02:59:31,40900.0,200.0,169900.0
1326,2021-10-17 02:56:40,40900.0,500.0,169700.0
1327,2021-10-17 02:56:00,40900.0,100.0,169200.0
1328,2021-10-17 02:55:32,40900.0,3000.0,169100.0
1329,2021-10-17 02:55:32,40900.0,500.0,166100.0
1330,2021-10-17 02:55:32,40900.0,100.0,165600.0
1331,2021-10-17 02:55:32,40900.0,300.0,165500.0
1332,2021-10-17 02:55:32,40900.0,300.0,165200.0
1333,2021-10-17 02:54:48,41000.0,1000.0,164900.0
1334,2021-10-17 02:53:49,41000.0,200.0,163900.0
1335,2021-10-17 02:53:49,41000.0,200.0,163700.0
1336,2021-10-17 02:53:49,41000.0,1600.0,163500.0
1337,2021-10-17 02:53:30,41000.0,200.0,161900.0
1338,2021-10-17 02:53:30,40900.0,500.0,161700.0
1339,2021-10-17 02:53:30,40900.0,1000.0,161200.0
1340,2021-10-17 02:53:30,40900.0,200.0,160200.0
1341,2021-10-17 02:53:30,40900.0,100.0,160000.0
1342,2021-10-17 02:53:30,40900.0,2000.0,159900.0
1343,2021-10-17 02:53:30,40900.0,5000.0,157900.0
1344,2021-10-17 02:53:30,40900.0,1000.0,152900.0
1345,2021-10-17 02:53:30,40900.0,100.0,151900.0
1346,2021-10-17 02:53:30,40950.0,100.0,151800.0
1347,2021-10-17 02:52:58,41000.0,100.0,151700.0
1348,2021-10-17 02:51:46,41000.0,100.0,151600.0
1349,2021-10-17 02:47:53,40950.0,100.0,151500.0
1350,2021-10-17 02:47:53,40950.0,100.0,151400.0
1351,2021-10-17 02:47:53,40950.0,200.0,151300.0
1352,2021-10-17 02:47:53,40950.0,200.0,151100.0
1353,2021-10-17 02:47:53,40950.0,200.0,150900.0
1354,2021-10-17 02:47:53,40950.0,200.0,150700.0
1355,2021-10-17 02:44:58,40950.0,200.0,150500.0
1356,2021-10-17 02:44:58,40950.0,300.0,150300.0
1357,2021-10-17 02:44:58,40950.0,200.0,150000.0
1358,2021-10-17 02:44:58,40950.0,300.0,149800.0
1359,2021-10-17 02:44:47,40950.0,400.0,149500.0
1360,2021-10-17 02:44:47,40950.0,600.0,149100.0
1361,2021-10-17 02:44:45,40950.0,400.0,148500.0
1362,2021-10-17 02:44:45,40950.0,100.0,148100.0
1363,2021-10-17 02:44:45,40950.0,500.0,148000.0
1364,2021-10-17 02:44:45,40950.0,100.0,147500.0
1365,2021-10-17 02:41:56,40950.0,100.0,147400.0
1366,2021-10-17 02:41:40,40950.0,200.0,147300.0
1367,2021-10-17 02:41:40,40950.0,200.0,147100.0
1368,2021-10-17 02:39:35,40950.0,100.0,146900.0
1369,2021-10-17 02:39:35,40950.0,100.0,146800.0
1370,2021-10-17 02:39:35,40950.0,100.0,146700.0
1371,2021-10-17 02:36:40,41000.0,500.0,146600.0
1372,2021-10-17 02:36:40,41000.0,1500.0,146100.0
1373,2021-10-17 02:35:17,41000.0,1500.0,144600.0
1374,2021-10-17 02:35:17,41000.0,300.0,143100.0
1375,2021-10-17 02:35:17,41000.0,300.0,142800.0
1376,2021-10-17 02:35:17,41000.0,800.0,142500.0
1377,2021-10-17 02:35:17,41000.0,500.0,141700.0
1378,2021-10-17 02:35:17,41000.0,1100.0,141200.0
1379,2021-10-17 02:35:17,40950.0,500.0,140100.0
1380,2021-10-17 02:35:00,40950.0,100.0,139600.0
1381,2021-10-17 02:34:34,40950.0,300.0,139500.0
1382,2021-10-17 02:34:34,40950.0,600.0,139200.0
1383,2021-10-17 02:34:04,40950.0,400.0,138600.0
1384,2021-10-17 02:34:03,40950.0,100.0,138200.0
1385,2021-10-17 02:34:03,40950.0,100.0,138100.0
1386,2021-10-17 02:34:00,40950.0,200.0,138000.0
1387,2021-10-17 02:33:34,40950.0,100.0,137800.0
1388,2021-10-17 02:33:16,40950.0,200.0,137700.0
1389,2021-10-17 02:33:16,40950.0,300.0,137500.0
1390,2021-10-17 02:32:59,40900.0,2000.0,137200.0
1391,2021-10-17 02:32:58,40900.0,300.0,135200.0
1392,2021-10-17 02:32:58,40950.0,100.0,134900.0
1393,2021-10-17 02:32:08,40900.0,400.0,134800.0
1394,2021-10-17 02:30:57,40900.0,100.0,134400.0
1395,2021-10-17 02:30:57,40900.0,100.0,134300.0
1396,2021-10-17 02:30:02,40900.0,100.0,134200.0
1397,2021-10-17 02:29:09,40900.0,100.0,134100.0
1398,2021-10-17 02:29:08,40950.0,100.0,134000.0
1399,2021-10-17 02:28:55,40900.0,100.0,133900.0
1400,2021-10-17 02:28:35,40900.0,100.0,133800.0
1401,2021-10-17 02:28:35,40900.0,5000.0,133700.0
1402,2021-10-17 02:28:35,40900.0,4700.0,128700.0
1403,2021-10-17 02:28:19,40900.0,500.0,124000.0
1404,2021-10-17 02:28:14,40900.0,100.0,123500.0
1405,2021-10-17 02:28:05,40900.0,200.0,123400.0
1406,2021-10-17 02:28:05,40900.0,100.0,123200.0
1407,2021-10-17 02:28:05,40900.0,100.0,123100.0
1408,2021-10-17 02:28:05,40900.0,100.0,123000.0
1409,2021-10-17 02:28:05,40900.0,100.0,122900.0
1410,2021-10-17 02:28:05,40900.0,2000.0,122800.0
1411,2021-10-17 02:28:05,40900.0,500.0,120800.0
1412,2021-10-17 02:28:05,40900.0,100.0,120300.0
1413,2021-10-17 02:28:05,40900.0,1000.0,120200.0
1414,2021-10-17 02:28:05,40900.0,500.0,119200.0
1415,2021-10-17 02:28:01,40900.0,1500.0,118700.0
1416,2021-10-17 02:27:51,40900.0,5000.0,117200.0
1417,2021-10-17 02:27:43,40900.0,200.0,112200.0
1418,2021-10-17 02:27:22,40900.0,2100.0,112000.0
1419,2021-10-17 02:27:22,40950.0,900.0,109900.0
1420,2021-10-17 02:27:09,40950.0,100.0,109000.0
1421,2021-10-17 02:27:09,40950.0,1000.0,108900.0
1422,2021-10-17 02:27:09,40950.0,1900.0,107900.0
1423,2021-10-17 02:27:09,41000.0,100.0,106000.0
1424,2021-10-17 02:26:38,40950.0,100.0,105900.0
1425,2021-10-17 02:25:51,41000.0,800.0,105800.0
1426,2021-10-17 02:25:51,41000.0,200.0,105000.0
1427,2021-10-17 02:24:37,41000.0,100.0,104800.0
1428,2021-10-17 02:24:19,41000.0,100.0,104700.0
1429,2021-10-17 02:24:02,41000.0,400.0,104600.0
1430,2021-10-17 02:23:54,41000.0,5000.0,104200.0
1431,2021-10-17 02:23:49,41000.0,2400.0,99200.0
1432,2021-10-17 02:23:49,41000.0,1800.0,96800.0
1433,2021-10-17 02:23:46,41000.0,200.0,95000.0
1434,2021-10-17 02:23:46,41000.0,100.0,94800.0
1435,2021-10-17 02:23:46,41000.0,700.0,94700.0
1436,2021-10-17 02:23:46,41000.0,300.0,94000.0
1437,2021-10-17 02:23:46,41000.0,200.0,93700.0
1438,2021-10-17 02:23:46,41000.0,800.0,93500.0
1439,2021-10-17 02:23:46,41000.0,3700.0,92700.0
1440,2021-10-17 02:23:45,41000.0,100.0,89000.0
1441,2021-10-17 02:23:41,41000.0,1200.0,88900.0
1442,2021-10-17 02:23:41,41000.0,100.0,87700.0
1443,2021-10-17 02:23:41,41000.0,3700.0,87600.0
1444,2021-10-17 02:23:10,41000.0,500.0,83900.0
1445,2021-10-17 02:23:05,41000.0,5000.0,83400.0
1446,2021-10-17 02:22:53,41100.0,900.0,78400.0
1447,2021-10-17 02:22:47,41100.0,200.0,77500.0
1448,2021-10-17 02:22:43,41100.0,3900.0,77300.0
1449,2021-10-17 02:22:43,41100.0,2000.0,73400.0
1450,2021-10-17 02:22:43,41050.0,100.0,71400.0
1451,2021-10-17 02:22:37,41050.0,200.0,71300.0
1452,2021-10-17 02:21:53,41100.0,1300.0,71100.0
1453,2021-10-17 02:21:53,41050.0,100.0,69800.0
1454,2021-10-17 02:21:53,41050.0,3600.0,69700.0
1455,2021-10-17 02:21:47,41050.0,2400.0,66100.0
1456,2021-10-17 02:21:39,41050.0,1000.0,63700.0
1457,2021-10-17 02:21:30,41000.0,500.0,62700.0
1458,2021-10-17 02:20:55,41000.0,300.0,62200.0
1459,2021-10-17 02:20:53,41000.0,100.0,61900.0
1460,2021-10-17 02:20:53,41000.0,1000.0,61800.0
1461,2021-10-17 02:20:53,41000.0,1000.0,60800.0
1462,2021-10-17 02:20:53,41000.0,1100.0,59800.0
1463,2021-10-17 02:20:53,41050.0,500.0,58700.0
1464,2021-10-17 02:20:53,41050.0,500.0,58200.0
1465,2021-10-17 02:20:53,41050.0,500.0,57700.0
1466,2021-10-17 02:20:13,41100.0,100.0,57200.0
1467,2021-10-17 02:20:09,41100.0,500.0,57100.0
1468,2021-10-17 02:19:39,41100.0,500.0,56600.0
1469,2021-10-17 02:19:36,41100.0,100.0,56100.0
1470,2021-10-17 02:19:36,41100.0,200.0,56000.0
1471,2021-10-17 02:19:34,41100.0,300.0,55800.0
1472,2021-10-17 02:19:34,41100.0,500.0,55500.0
1473,2021-10-17 02:19:20,41100.0,100.0,55000.0
1474,2021-10-17 02:19:03,41100.0,300.0,54900.0
1475,2021-10-17 02:18:39,41100.0,1100.0,54600.0
1476,2021-10-17 02:18:29,41100.0,1900.0,53500.0
1477,2021-10-17 02:18:15,41100.0,3000.0,51600.0
1478,2021-10-17 02:18:03,41050.0,1000.0,48600.0
1479,2021-10-17 02:17:26,41050.0,2000.0,47600.0
1480,2021-10-17 02:17:25,41050.0,1000.0,45600.0
1481,2021-10-17 02:16:57,41000.0,100.0,44600.0
1482,2021-10-17 02:16:57,41000.0,800.0,44500.0
1483,2021-10-17 02:16:56,41000.0,800.0,43700.0
1484,2021-10-17 02:16:21,40900.0,700.0,42900.0
1485,2021-10-17 02:16:21,40900.0,200.0,42200.0
1486,2021-10-17 02:16:21,40900.0,100.0,42000.0
1487,2021-10-17 02:16:13,41000.0,1000.0,41900.0
1488,2021-10-17 02:16:08,40900.0,100.0,40900.0
1489,2021-10-17 02:15:40,41000.0,2400.0,40800.0
1490,2021-10-17 02:15:40,41000.0,500.0,38400.0
1491,2021-10-17 02:15:40,41000.0,100.0,37900.0
1492,2021-10-17 02:15:13,40900.0,100.0,37800.0
1493,2021-10-17 02:15:13,40900.0,900.0,37700.0
1494,2021-10-17 02:15:00,40900.0,5000.0,36800.0
1495,2021-10-17 02:15:00,40900.0,2000.0,31800.0
1496,2021-10-17 02:15:00,40900.0,100.0,29800.0
1497,2021-10-17 02:15:00,40900.0,100.0,29700.0
1498,2021-10-17 02:15:00,40900.0,100.0,29600.0
1499,2021-10-17 02:15:00,40900.0,100.0,29500.0
1500,2021-10-17 02:15:00,40900.0,100.0,29400.0
1501,2021-10-17 02:15:00,40900.0,200.0,29300.0
1502,2021-10-17 02:15:00,40900.0,100.0,29100.0
1503,2021-10-17 02:15:00,40900.0,5000.0,29000.0
1504,2021-10-17 02:15:00,40900.0,5000.0,24000.0
1505,2021-10-17 02:15:00,40900.0,1300.0,19000.0
1506,2021-10-17 02:15:00,40900.0,500.0,17700.0
1507,2021-10-17 02:15:00,40900.0,600.0,17200.0
1508,2021-10-17 02:15:00,40900.0,100.0,16600.0
1509,2021-10-17 02:15:00,40900.0,100.0,16500.0
1510,2021-10-17 02:15:00,40900.0,100.0,16400.0
1511,2021-10-17 02:15:00,40900.0,2300.0,16300.0
1512,2021-10-17 02:15:00,40900.0,7700.0,14000.0
1513,2021-10-17 02:15:00,40900.0,1000.0,6300.0
1514,2021-10-17 02:15:00,40900.0,300.0,5300.0
1515,2021-10-17 02:15:00,40900.0,100.0,5000.0
1516,2021-10-17 02:15:00,40900.0,1000.0,4900.0
1517,2021-10-17 02:15:00,40900.0,1000.0,3900.0
1518,2021-10-17 02:15:00,40900.0,100.0,2900.0
1519,2021-10-17 02:15:00,40900.0,200.0,2800.0
1520,2021-10-17 02:15:00,40900.0,300.0,2600.0
1521,2021-10-17 02:15:00,40900.0,200.0,2300.0
1522,2021-10-17 02:15:00,40900.0,100.0,2100.0
1523,2021-10-17 02:15:00,40900.0,300.0,2000.0
1524,2021-10-17 02:15:00,40900.0,1000.0,1700.0
1525,2021-10-17 02:15:00,40900.0,600.0,700.0
1526,2021-10-17 02:15:00,40900.0,100.0,100.0
