,Time,Price,Volume_per_trade,Volume
0,2021-10-08 07:45:01,5530.0,100.0,15376700.0
1,2021-10-08 07:45:01,5530.0,500.0,15376600.0
2,2021-10-08 07:45:01,5530.0,1000.0,15376100.0
3,2021-10-08 07:45:01,5530.0,500.0,15375100.0
4,2021-10-08 07:45:01,5530.0,15000.0,15374600.0
5,2021-10-08 07:45:01,5530.0,500.0,15359600.0
6,2021-10-08 07:45:01,5530.0,3000.0,15359100.0
7,2021-10-08 07:45:01,5530.0,100.0,15356100.0
8,2021-10-08 07:45:01,5530.0,100.0,15356000.0
9,2021-10-08 07:45:01,5530.0,500.0,15355900.0
10,2021-10-08 07:45:01,5530.0,200.0,15355400.0
11,2021-10-08 07:45:01,5530.0,500.0,15355200.0
12,2021-10-08 07:45:01,5530.0,1900.0,15354700.0
13,2021-10-08 07:45:01,5530.0,300.0,15352800.0
14,2021-10-08 07:45:01,5530.0,1500.0,15352500.0
15,2021-10-08 07:45:01,5530.0,1400.0,15351000.0
16,2021-10-08 07:45:01,5530.0,100.0,15349600.0
17,2021-10-08 07:45:01,5530.0,1000.0,15349500.0
18,2021-10-08 07:45:01,5530.0,2100.0,15348500.0
19,2021-10-08 07:45:01,5530.0,2900.0,15346400.0
20,2021-10-08 07:45:01,5530.0,100.0,15343500.0
21,2021-10-08 07:45:01,5530.0,2000.0,15343400.0
22,2021-10-08 07:45:01,5530.0,100.0,15341400.0
23,2021-10-08 07:45:01,5530.0,900.0,15341300.0
24,2021-10-08 07:45:01,5530.0,2000.0,15340400.0
25,2021-10-08 07:45:01,5530.0,100.0,15338400.0
26,2021-10-08 07:45:01,5530.0,2000.0,15338300.0
27,2021-10-08 07:45:01,5530.0,1000.0,15336300.0
28,2021-10-08 07:45:01,5530.0,2000.0,15335300.0
29,2021-10-08 07:45:01,5530.0,100.0,15333300.0
30,2021-10-08 07:45:01,5530.0,200.0,15333200.0
31,2021-10-08 07:45:01,5530.0,10000.0,15333000.0
32,2021-10-08 07:45:01,5530.0,4700.0,15323000.0
33,2021-10-08 07:45:01,5530.0,1000.0,15318300.0
34,2021-10-08 07:45:01,5530.0,14300.0,15317300.0
35,2021-10-08 07:45:01,5530.0,300.0,15303000.0
36,2021-10-08 07:45:01,5530.0,700.0,15302700.0
37,2021-10-08 07:45:01,5530.0,1000.0,15302000.0
38,2021-10-08 07:45:01,5530.0,13700.0,15301000.0
39,2021-10-08 07:45:01,5530.0,11300.0,15287300.0
40,2021-10-08 07:45:01,5530.0,900.0,15276000.0
41,2021-10-08 07:45:01,5530.0,100.0,15275100.0
42,2021-10-08 07:45:01,5530.0,2000.0,15275000.0
43,2021-10-08 07:45:01,5530.0,1500.0,15273000.0
44,2021-10-08 07:45:01,5530.0,100.0,15271500.0
45,2021-10-08 07:45:01,5530.0,1000.0,15271400.0
46,2021-10-08 07:45:01,5530.0,200.0,15270400.0
47,2021-10-08 07:45:01,5530.0,1000.0,15270200.0
48,2021-10-08 07:45:01,5530.0,1900.0,15269200.0
49,2021-10-08 07:45:01,5530.0,1000.0,15267300.0
50,2021-10-08 07:45:01,5530.0,100.0,15266300.0
51,2021-10-08 07:45:01,5530.0,500.0,15266200.0
52,2021-10-08 07:45:01,5530.0,6500.0,15265700.0
53,2021-10-08 07:45:01,5530.0,100.0,15259200.0
54,2021-10-08 07:45:01,5530.0,3400.0,15259100.0
55,2021-10-08 07:45:01,5530.0,500.0,15255700.0
56,2021-10-08 07:45:01,5530.0,200.0,15255200.0
57,2021-10-08 07:45:01,5530.0,900.0,15255000.0
58,2021-10-08 07:45:01,5530.0,100.0,15254100.0
59,2021-10-08 07:45:01,5530.0,100.0,15254000.0
60,2021-10-08 07:45:01,5530.0,1000.0,15253900.0
61,2021-10-08 07:45:01,5530.0,400.0,15252900.0
62,2021-10-08 07:45:01,5530.0,8500.0,15252500.0
63,2021-10-08 07:45:01,5530.0,2000.0,15244000.0
64,2021-10-08 07:45:01,5530.0,300.0,15242000.0
65,2021-10-08 07:45:01,5530.0,100.0,15241700.0
66,2021-10-08 07:45:01,5530.0,2000.0,15241600.0
67,2021-10-08 07:45:01,5530.0,100.0,15239600.0
68,2021-10-08 07:45:01,5530.0,100.0,15239500.0
69,2021-10-08 07:45:01,5530.0,5000.0,15239400.0
70,2021-10-08 07:45:01,5530.0,700.0,15234400.0
71,2021-10-08 07:45:01,5530.0,100.0,15233700.0
72,2021-10-08 07:45:01,5530.0,1000.0,15233600.0
73,2021-10-08 07:45:01,5530.0,100.0,15232600.0
74,2021-10-08 07:45:01,5530.0,100.0,15232500.0
75,2021-10-08 07:45:01,5530.0,4900.0,15232400.0
76,2021-10-08 07:45:01,5530.0,100.0,15227500.0
77,2021-10-08 07:45:01,5530.0,900.0,15227400.0
78,2021-10-08 07:45:01,5530.0,100.0,15226500.0
79,2021-10-08 07:45:01,5530.0,2000.0,15226400.0
80,2021-10-08 07:45:01,5530.0,100.0,15224400.0
81,2021-10-08 07:45:01,5530.0,100.0,15224300.0
82,2021-10-08 07:45:01,5530.0,200.0,15224200.0
83,2021-10-08 07:45:01,5530.0,500.0,15224000.0
84,2021-10-08 07:45:01,5530.0,500.0,15223500.0
85,2021-10-08 07:45:01,5530.0,600.0,15223000.0
86,2021-10-08 07:45:01,5530.0,400.0,15222400.0
87,2021-10-08 07:45:01,5530.0,100.0,15222000.0
88,2021-10-08 07:29:58,5530.0,5000.0,15221900.0
89,2021-10-08 07:29:58,5530.0,5000.0,15216900.0
90,2021-10-08 07:29:58,5530.0,10000.0,15211900.0
91,2021-10-08 07:29:58,5530.0,100.0,15201900.0
92,2021-10-08 07:29:58,5530.0,200.0,15201800.0
93,2021-10-08 07:29:58,5530.0,300.0,15201600.0
94,2021-10-08 07:29:58,5530.0,2800.0,15201300.0
95,2021-10-08 07:29:58,5530.0,100.0,15198500.0
96,2021-10-08 07:29:58,5530.0,10000.0,15198400.0
97,2021-10-08 07:29:58,5530.0,2000.0,15188400.0
98,2021-10-08 07:29:58,5530.0,1800.0,15186400.0
99,2021-10-08 07:29:58,5530.0,1000.0,15184600.0
100,2021-10-08 07:29:58,5530.0,1000.0,15183600.0
101,2021-10-08 07:29:58,5530.0,500.0,15182600.0
102,2021-10-08 07:29:58,5530.0,6500.0,15182100.0
103,2021-10-08 07:29:55,5540.0,500.0,15175600.0
104,2021-10-08 07:29:55,5540.0,400.0,15175100.0
105,2021-10-08 07:29:49,5540.0,2000.0,15174700.0
106,2021-10-08 07:29:49,5540.0,200.0,15172700.0
107,2021-10-08 07:29:39,5540.0,5000.0,15172500.0
108,2021-10-08 07:29:37,5530.0,1500.0,15167500.0
109,2021-10-08 07:29:36,5530.0,12000.0,15166000.0
110,2021-10-08 07:29:36,5530.0,200.0,15154000.0
111,2021-10-08 07:29:36,5530.0,200.0,15153800.0
112,2021-10-08 07:29:36,5530.0,1000.0,15153600.0
113,2021-10-08 07:29:36,5530.0,200.0,15152600.0
114,2021-10-08 07:29:36,5530.0,5000.0,15152400.0
115,2021-10-08 07:29:36,5530.0,4400.0,15147400.0
116,2021-10-08 07:29:34,5530.0,2500.0,15143000.0
117,2021-10-08 07:29:16,5530.0,1500.0,15140500.0
118,2021-10-08 07:29:14,5540.0,1000.0,15139000.0
119,2021-10-08 07:29:13,5530.0,1100.0,15138000.0
120,2021-10-08 07:29:13,5530.0,1000.0,15136900.0
121,2021-10-08 07:29:13,5540.0,100.0,15135900.0
122,2021-10-08 07:29:07,5540.0,79300.0,15135800.0
123,2021-10-08 07:29:07,5540.0,700.0,15056500.0
124,2021-10-08 07:29:06,5530.0,2000.0,15055800.0
125,2021-10-08 07:29:06,5530.0,100.0,15053800.0
126,2021-10-08 07:29:06,5530.0,5000.0,15053700.0
127,2021-10-08 07:29:06,5530.0,500.0,15048700.0
128,2021-10-08 07:29:06,5530.0,300.0,15048200.0
129,2021-10-08 07:29:06,5530.0,1500.0,15047900.0
130,2021-10-08 07:29:06,5530.0,100.0,15046400.0
131,2021-10-08 07:29:06,5530.0,1000.0,15046300.0
132,2021-10-08 07:29:06,5530.0,5000.0,15045300.0
133,2021-10-08 07:29:06,5530.0,500.0,15040300.0
134,2021-10-08 07:29:06,5530.0,2000.0,15039800.0
135,2021-10-08 07:29:06,5530.0,10000.0,15037800.0
136,2021-10-08 07:29:06,5530.0,100.0,15027800.0
137,2021-10-08 07:29:06,5530.0,100.0,15027700.0
138,2021-10-08 07:29:06,5530.0,5800.0,15027600.0
139,2021-10-08 07:28:59,5540.0,300.0,15021800.0
140,2021-10-08 07:28:47,5540.0,1000.0,15021500.0
141,2021-10-08 07:28:40,5550.0,37100.0,15020500.0
142,2021-10-08 07:28:40,5540.0,12900.0,14983400.0
143,2021-10-08 07:28:37,5540.0,500.0,14970500.0
144,2021-10-08 07:28:37,5540.0,500.0,14970000.0
145,2021-10-08 07:28:37,5540.0,2100.0,14969500.0
146,2021-10-08 07:28:37,5540.0,500.0,14967400.0
147,2021-10-08 07:28:37,5540.0,100.0,14966900.0
148,2021-10-08 07:28:37,5540.0,200.0,14966800.0
149,2021-10-08 07:28:37,5540.0,200.0,14966600.0
150,2021-10-08 07:28:37,5540.0,400.0,14966400.0
151,2021-10-08 07:28:37,5540.0,24100.0,14966000.0
152,2021-10-08 07:28:36,5540.0,25900.0,14941900.0
153,2021-10-08 07:28:36,5540.0,10000.0,14916000.0
154,2021-10-08 07:28:36,5540.0,500.0,14906000.0
155,2021-10-08 07:28:36,5540.0,100.0,14905500.0
156,2021-10-08 07:28:36,5540.0,1000.0,14905400.0
157,2021-10-08 07:28:36,5540.0,2000.0,14904400.0
158,2021-10-08 07:28:36,5540.0,200.0,14902400.0
159,2021-10-08 07:28:36,5540.0,400.0,14902200.0
160,2021-10-08 07:28:36,5540.0,19900.0,14901800.0
161,2021-10-08 07:28:25,5550.0,4000.0,14881900.0
162,2021-10-08 07:28:22,5540.0,100.0,14877900.0
163,2021-10-08 07:28:22,5540.0,1000.0,14877800.0
164,2021-10-08 07:28:22,5540.0,900.0,14876800.0
165,2021-10-08 07:28:19,5540.0,100.0,14875900.0
166,2021-10-08 07:28:14,5550.0,3000.0,14875800.0
167,2021-10-08 07:28:04,5550.0,2200.0,14872800.0
168,2021-10-08 07:27:23,5550.0,100.0,14870600.0
169,2021-10-08 07:27:23,5550.0,5000.0,14870500.0
170,2021-10-08 07:27:23,5550.0,800.0,14865500.0
171,2021-10-08 07:27:23,5550.0,100.0,14864700.0
172,2021-10-08 07:27:23,5550.0,100.0,14864600.0
173,2021-10-08 07:27:23,5550.0,1200.0,14864500.0
174,2021-10-08 07:27:23,5550.0,6000.0,14863300.0
175,2021-10-08 07:27:23,5550.0,2000.0,14857300.0
176,2021-10-08 07:27:23,5550.0,100.0,14855300.0
177,2021-10-08 07:27:23,5550.0,600.0,14855200.0
178,2021-10-08 07:27:23,5550.0,1000.0,14854600.0
179,2021-10-08 07:27:23,5550.0,5000.0,14853600.0
180,2021-10-08 07:27:23,5550.0,10000.0,14848600.0
181,2021-10-08 07:27:23,5550.0,200.0,14838600.0
182,2021-10-08 07:27:23,5550.0,1000.0,14838400.0
183,2021-10-08 07:27:23,5550.0,5000.0,14837400.0
184,2021-10-08 07:27:23,5550.0,9000.0,14832400.0
185,2021-10-08 07:27:23,5550.0,1000.0,14823400.0
186,2021-10-08 07:27:23,5550.0,100.0,14822400.0
187,2021-10-08 07:27:23,5550.0,5800.0,14822300.0
188,2021-10-08 07:27:20,5550.0,5000.0,14816500.0
189,2021-10-08 07:27:14,5550.0,300.0,14811500.0
190,2021-10-08 07:27:14,5550.0,5000.0,14811200.0
191,2021-10-08 07:26:51,5550.0,200.0,14806200.0
192,2021-10-08 07:26:44,5560.0,2700.0,14806000.0
193,2021-10-08 07:26:44,5560.0,2300.0,14803300.0
194,2021-10-08 07:26:40,5550.0,10000.0,14801000.0
195,2021-10-08 07:26:36,5560.0,400.0,14791000.0
196,2021-10-08 07:26:35,5560.0,300.0,14790600.0
197,2021-10-08 07:26:35,5560.0,500.0,14790300.0
198,2021-10-08 07:26:35,5560.0,500.0,14789800.0
199,2021-10-08 07:26:35,5560.0,200.0,14789300.0
200,2021-10-08 07:26:35,5560.0,100.0,14789100.0
201,2021-10-08 07:26:35,5560.0,700.0,14789000.0
202,2021-10-08 07:26:26,5550.0,600.0,14788300.0
203,2021-10-08 07:26:17,5550.0,500.0,14787700.0
204,2021-10-08 07:26:15,5550.0,2000.0,14787200.0
205,2021-10-08 07:26:07,5550.0,2000.0,14785200.0
206,2021-10-08 07:26:03,5560.0,1300.0,14783200.0
207,2021-10-08 07:26:03,5560.0,100.0,14781900.0
208,2021-10-08 07:26:03,5560.0,3600.0,14781800.0
209,2021-10-08 07:25:58,5550.0,2000.0,14778200.0
210,2021-10-08 07:25:36,5560.0,300.0,14776200.0
211,2021-10-08 07:25:27,5550.0,400.0,14775900.0
212,2021-10-08 07:25:26,5560.0,1000.0,14775500.0
213,2021-10-08 07:25:09,5550.0,500.0,14774500.0
214,2021-10-08 07:25:00,5560.0,100.0,14774000.0
215,2021-10-08 07:25:00,5560.0,1300.0,14773900.0
216,2021-10-08 07:24:51,5560.0,700.0,14772600.0
217,2021-10-08 07:24:51,5560.0,4300.0,14771900.0
218,2021-10-08 07:24:45,5560.0,500.0,14767600.0
219,2021-10-08 07:24:38,5550.0,500.0,14767100.0
220,2021-10-08 07:24:35,5560.0,2200.0,14766600.0
221,2021-10-08 07:24:35,5560.0,4200.0,14764400.0
222,2021-10-08 07:24:32,5560.0,100.0,14760200.0
223,2021-10-08 07:24:17,5560.0,5700.0,14760100.0
224,2021-10-08 07:24:17,5560.0,200.0,14754400.0
225,2021-10-08 07:24:17,5560.0,5000.0,14754200.0
226,2021-10-08 07:24:17,5560.0,5000.0,14749200.0
227,2021-10-08 07:24:17,5560.0,1000.0,14744200.0
228,2021-10-08 07:24:17,5560.0,500.0,14743200.0
229,2021-10-08 07:24:17,5560.0,26100.0,14742700.0
230,2021-10-08 07:24:17,5560.0,6500.0,14716600.0
231,2021-10-08 07:24:00,5560.0,1600.0,14710100.0
232,2021-10-08 07:23:55,5560.0,500.0,14708500.0
233,2021-10-08 07:23:44,5560.0,400.0,14708000.0
234,2021-10-08 07:23:44,5560.0,9600.0,14707600.0
235,2021-10-08 07:23:40,5560.0,300.0,14698000.0
236,2021-10-08 07:23:10,5560.0,100.0,14697700.0
237,2021-10-08 07:23:06,5550.0,100.0,14697600.0
238,2021-10-08 07:23:00,5550.0,300.0,14697500.0
239,2021-10-08 07:22:55,5550.0,500.0,14697200.0
240,2021-10-08 07:22:54,5550.0,4300.0,14696700.0
241,2021-10-08 07:22:54,5550.0,1900.0,14692400.0
242,2021-10-08 07:22:45,5550.0,100.0,14690500.0
243,2021-10-08 07:22:44,5550.0,1100.0,14690400.0
244,2021-10-08 07:22:26,5550.0,500.0,14689300.0
245,2021-10-08 07:22:25,5550.0,1000.0,14688800.0
246,2021-10-08 07:22:17,5550.0,100.0,14687800.0
247,2021-10-08 07:22:14,5550.0,300.0,14687700.0
248,2021-10-08 07:22:13,5550.0,300.0,14687400.0
249,2021-10-08 07:22:13,5550.0,1000.0,14687100.0
250,2021-10-08 07:22:13,5550.0,200.0,14686100.0
251,2021-10-08 07:22:13,5550.0,5000.0,14685900.0
252,2021-10-08 07:22:13,5550.0,100.0,14680900.0
253,2021-10-08 07:22:13,5550.0,100.0,14680800.0
254,2021-10-08 07:21:46,5550.0,2900.0,14680700.0
255,2021-10-08 07:21:46,5550.0,2100.0,14677800.0
256,2021-10-08 07:21:43,5550.0,1000.0,14675700.0
257,2021-10-08 07:21:42,5560.0,100.0,14674700.0
258,2021-10-08 07:21:42,5560.0,200.0,14674600.0
259,2021-10-08 07:21:31,5550.0,500.0,14674400.0
260,2021-10-08 07:21:29,5550.0,1000.0,14673900.0
261,2021-10-08 07:21:27,5550.0,300.0,14672900.0
262,2021-10-08 07:21:27,5550.0,100.0,14672600.0
263,2021-10-08 07:21:27,5550.0,200.0,14672500.0
264,2021-10-08 07:21:27,5550.0,1500.0,14672300.0
265,2021-10-08 07:21:27,5550.0,100.0,14670800.0
266,2021-10-08 07:21:27,5550.0,3900.0,14670700.0
267,2021-10-08 07:21:24,5550.0,1100.0,14666800.0
268,2021-10-08 07:21:24,5550.0,5000.0,14665700.0
269,2021-10-08 07:21:24,5550.0,3500.0,14660700.0
270,2021-10-08 07:21:07,5550.0,500.0,14657200.0
271,2021-10-08 07:21:03,5550.0,1500.0,14656700.0
272,2021-10-08 07:21:03,5550.0,3000.0,14655200.0
273,2021-10-08 07:21:03,5550.0,2000.0,14652200.0
274,2021-10-08 07:21:03,5550.0,1500.0,14650200.0
275,2021-10-08 07:20:57,5550.0,2000.0,14648700.0
276,2021-10-08 07:20:55,5550.0,1000.0,14646700.0
277,2021-10-08 07:20:55,5550.0,200.0,14645700.0
278,2021-10-08 07:20:55,5550.0,2000.0,14645500.0
279,2021-10-08 07:20:55,5550.0,3000.0,14643500.0
280,2021-10-08 07:20:55,5550.0,200.0,14640500.0
281,2021-10-08 07:20:55,5550.0,10000.0,14640300.0
282,2021-10-08 07:20:55,5550.0,600.0,14630300.0
283,2021-10-08 07:20:55,5550.0,7000.0,14629700.0
284,2021-10-08 07:20:53,5550.0,100.0,14622700.0
285,2021-10-08 07:20:47,5550.0,5000.0,14622600.0
286,2021-10-08 07:20:35,5550.0,3900.0,14617600.0
287,2021-10-08 07:20:35,5550.0,5000.0,14613700.0
288,2021-10-08 07:20:35,5550.0,1000.0,14608700.0
289,2021-10-08 07:20:35,5550.0,800.0,14607700.0
290,2021-10-08 07:20:35,5550.0,100.0,14606900.0
291,2021-10-08 07:20:35,5550.0,3000.0,14606800.0
292,2021-10-08 07:20:35,5550.0,500.0,14603800.0
293,2021-10-08 07:20:35,5550.0,200.0,14603300.0
294,2021-10-08 07:20:35,5550.0,2000.0,14603100.0
295,2021-10-08 07:20:35,5550.0,13500.0,14601100.0
296,2021-10-08 07:20:27,5550.0,700.0,14587600.0
297,2021-10-08 07:20:12,5540.0,4000.0,14586900.0
298,2021-10-08 07:20:12,5540.0,1000.0,14582900.0
299,2021-10-08 07:20:00,5540.0,600.0,14581900.0
300,2021-10-08 07:20:00,5540.0,100.0,14581300.0
301,2021-10-08 07:20:00,5540.0,300.0,14581200.0
302,2021-10-08 07:19:10,5540.0,200.0,14580900.0
303,2021-10-08 07:19:10,5540.0,100.0,14580700.0
304,2021-10-08 07:19:10,5540.0,200.0,14580600.0
305,2021-10-08 07:19:08,5540.0,400.0,14580400.0
306,2021-10-08 07:18:37,5540.0,3500.0,14580000.0
307,2021-10-08 07:18:24,5550.0,1000.0,14576500.0
308,2021-10-08 07:18:12,5540.0,900.0,14575500.0
309,2021-10-08 07:18:12,5540.0,2100.0,14574600.0
310,2021-10-08 07:17:59,5540.0,1700.0,14572500.0
311,2021-10-08 07:17:47,5540.0,1000.0,14570800.0
312,2021-10-08 07:17:41,5540.0,600.0,14569800.0
313,2021-10-08 07:17:41,5540.0,500.0,14569200.0
314,2021-10-08 07:17:39,5540.0,2500.0,14568700.0
315,2021-10-08 07:17:37,5540.0,5000.0,14566200.0
316,2021-10-08 07:17:37,5540.0,500.0,14561200.0
317,2021-10-08 07:17:37,5540.0,10000.0,14560700.0
318,2021-10-08 07:17:37,5540.0,1500.0,14550700.0
319,2021-10-08 07:17:22,5540.0,1500.0,14549200.0
320,2021-10-08 07:17:15,5540.0,200.0,14547700.0
321,2021-10-08 07:17:15,5540.0,100.0,14547500.0
322,2021-10-08 07:17:15,5540.0,100.0,14547400.0
323,2021-10-08 07:17:15,5540.0,100.0,14547300.0
324,2021-10-08 07:16:53,5540.0,3000.0,14547200.0
325,2021-10-08 07:16:53,5540.0,1900.0,14544200.0
326,2021-10-08 07:16:51,5540.0,100.0,14542300.0
327,2021-10-08 07:16:42,5540.0,200.0,14542200.0
328,2021-10-08 07:16:41,5540.0,500.0,14542000.0
329,2021-10-08 07:16:32,5540.0,2500.0,14541500.0
330,2021-10-08 07:16:32,5540.0,2500.0,14539000.0
331,2021-10-08 07:16:32,5540.0,300.0,14536500.0
332,2021-10-08 07:16:32,5540.0,1000.0,14536200.0
333,2021-10-08 07:16:32,5540.0,6200.0,14535200.0
334,2021-10-08 07:16:18,5540.0,3800.0,14529000.0
335,2021-10-08 07:16:18,5540.0,400.0,14525200.0
336,2021-10-08 07:16:18,5540.0,1000.0,14524800.0
337,2021-10-08 07:16:18,5540.0,2000.0,14523800.0
338,2021-10-08 07:16:18,5540.0,100.0,14521800.0
339,2021-10-08 07:16:18,5540.0,500.0,14521700.0
340,2021-10-08 07:16:18,5540.0,200.0,14521200.0
341,2021-10-08 07:16:18,5540.0,500.0,14521000.0
342,2021-10-08 07:15:59,5550.0,4800.0,14520500.0
343,2021-10-08 07:15:59,5550.0,200.0,14515700.0
344,2021-10-08 07:15:49,5550.0,2800.0,14515500.0
345,2021-10-08 07:15:49,5550.0,6200.0,14512700.0
346,2021-10-08 07:15:38,5540.0,200.0,14506500.0
347,2021-10-08 07:15:31,5540.0,200.0,14506300.0
348,2021-10-08 07:15:31,5540.0,200.0,14506100.0
349,2021-10-08 07:15:31,5540.0,200.0,14505900.0
350,2021-10-08 07:15:31,5540.0,400.0,14505700.0
351,2021-10-08 07:15:19,5550.0,100.0,14505300.0
352,2021-10-08 07:15:11,5540.0,10200.0,14505200.0
353,2021-10-08 07:15:08,5540.0,1000.0,14495000.0
354,2021-10-08 07:14:45,5540.0,5000.0,14494000.0
355,2021-10-08 07:14:37,5540.0,3400.0,14489000.0
356,2021-10-08 07:14:33,5540.0,100.0,14485600.0
357,2021-10-08 07:14:27,5540.0,600.0,14485500.0
358,2021-10-08 07:14:15,5540.0,8000.0,14484900.0
359,2021-10-08 07:14:15,5540.0,700.0,14476900.0
360,2021-10-08 07:14:15,5540.0,100.0,14476200.0
361,2021-10-08 07:14:15,5540.0,1800.0,14476100.0
362,2021-10-08 07:14:15,5540.0,1000.0,14474300.0
363,2021-10-08 07:14:15,5540.0,1000.0,14473300.0
364,2021-10-08 07:14:15,5540.0,1000.0,14472300.0
365,2021-10-08 07:14:15,5540.0,400.0,14471300.0
366,2021-10-08 07:14:15,5540.0,1000.0,14470900.0
367,2021-10-08 07:14:15,5540.0,500.0,14469900.0
368,2021-10-08 07:14:15,5540.0,300.0,14469400.0
369,2021-10-08 07:14:15,5540.0,500.0,14469100.0
370,2021-10-08 07:14:15,5540.0,1000.0,14468600.0
371,2021-10-08 07:14:15,5540.0,200.0,14467600.0
372,2021-10-08 07:14:15,5540.0,78400.0,14467400.0
373,2021-10-08 07:14:15,5550.0,100.0,14389000.0
374,2021-10-08 07:14:02,5550.0,6000.0,14388900.0
375,2021-10-08 07:13:50,5550.0,7600.0,14382900.0
376,2021-10-08 07:13:45,5550.0,5000.0,14375300.0
377,2021-10-08 07:13:40,5560.0,1000.0,14370300.0
378,2021-10-08 07:13:36,5550.0,2000.0,14369300.0
379,2021-10-08 07:13:36,5550.0,15400.0,14367300.0
380,2021-10-08 07:13:29,5550.0,100.0,14351900.0
381,2021-10-08 07:13:29,5550.0,500.0,14351800.0
382,2021-10-08 07:13:29,5550.0,14000.0,14351300.0
383,2021-10-08 07:13:28,5550.0,6000.0,14337300.0
384,2021-10-08 07:13:16,5550.0,1000.0,14331300.0
385,2021-10-08 07:13:12,5550.0,1000.0,14330300.0
386,2021-10-08 07:13:12,5550.0,700.0,14329300.0
387,2021-10-08 07:13:12,5550.0,1500.0,14328600.0
388,2021-10-08 07:13:12,5550.0,100.0,14327100.0
389,2021-10-08 07:13:12,5550.0,700.0,14327000.0
390,2021-10-08 07:13:06,5550.0,1000.0,14326300.0
391,2021-10-08 07:13:05,5550.0,200.0,14325300.0
392,2021-10-08 07:13:04,5550.0,2100.0,14325100.0
393,2021-10-08 07:13:04,5550.0,5000.0,14323000.0
394,2021-10-08 07:13:04,5550.0,300.0,14318000.0
395,2021-10-08 07:13:04,5550.0,300.0,14317700.0
396,2021-10-08 07:13:04,5550.0,100.0,14317400.0
397,2021-10-08 07:13:04,5550.0,1000.0,14317300.0
398,2021-10-08 07:13:04,5550.0,5000.0,14316300.0
399,2021-10-08 07:13:04,5550.0,500.0,14311300.0
400,2021-10-08 07:13:04,5550.0,1000.0,14310800.0
401,2021-10-08 07:13:04,5550.0,2800.0,14309800.0
402,2021-10-08 07:13:04,5550.0,1900.0,14307000.0
403,2021-10-08 07:12:54,5550.0,100.0,14305100.0
404,2021-10-08 07:12:54,5550.0,100.0,14305000.0
405,2021-10-08 07:12:54,5550.0,13800.0,14304900.0
406,2021-10-08 07:12:50,5550.0,5000.0,14291100.0
407,2021-10-08 07:12:40,5550.0,55000.0,14286100.0
408,2021-10-08 07:12:29,5560.0,600.0,14231100.0
409,2021-10-08 07:12:25,5550.0,26200.0,14230500.0
410,2021-10-08 07:12:25,5550.0,200.0,14204300.0
411,2021-10-08 07:12:25,5550.0,23600.0,14204100.0
412,2021-10-08 07:12:13,5560.0,1000.0,14180500.0
413,2021-10-08 07:12:08,5560.0,2000.0,14179500.0
414,2021-10-08 07:11:58,5560.0,500.0,14177500.0
415,2021-10-08 07:11:53,5550.0,600.0,14177000.0
416,2021-10-08 07:11:31,5560.0,2000.0,14176400.0
417,2021-10-08 07:11:26,5560.0,1500.0,14174400.0
418,2021-10-08 07:11:22,5560.0,700.0,14172900.0
419,2021-10-08 07:11:22,5560.0,200.0,14172200.0
420,2021-10-08 07:11:15,5550.0,1000.0,14172000.0
421,2021-10-08 07:10:53,5560.0,2800.0,14171000.0
422,2021-10-08 07:10:53,5560.0,2200.0,14168200.0
423,2021-10-08 07:10:49,5560.0,800.0,14166000.0
424,2021-10-08 07:10:46,5560.0,1000.0,14165200.0
425,2021-10-08 07:10:37,5560.0,1000.0,14164200.0
426,2021-10-08 07:10:35,5560.0,100.0,14163200.0
427,2021-10-08 07:10:28,5560.0,100.0,14163100.0
428,2021-10-08 07:10:26,5560.0,2400.0,14163000.0
429,2021-10-08 07:10:25,5560.0,900.0,14160600.0
430,2021-10-08 07:10:22,5560.0,100.0,14159700.0
431,2021-10-08 07:10:14,5550.0,800.0,14159600.0
432,2021-10-08 07:10:14,5560.0,100.0,14158800.0
433,2021-10-08 07:10:14,5560.0,100.0,14158700.0
434,2021-10-08 07:10:14,5560.0,700.0,14158600.0
435,2021-10-08 07:10:12,5560.0,2000.0,14157900.0
436,2021-10-08 07:10:04,5560.0,7300.0,14155900.0
437,2021-10-08 07:10:04,5560.0,1700.0,14148600.0
438,2021-10-08 07:09:58,5560.0,300.0,14146900.0
439,2021-10-08 07:09:48,5550.0,43400.0,14146600.0
440,2021-10-08 07:09:48,5560.0,1000.0,14103200.0
441,2021-10-08 07:09:48,5560.0,500.0,14102200.0
442,2021-10-08 07:09:48,5560.0,1200.0,14101700.0
443,2021-10-08 07:09:48,5560.0,900.0,14100500.0
444,2021-10-08 07:09:48,5560.0,3000.0,14099600.0
445,2021-10-08 07:09:26,5560.0,4000.0,14096600.0
446,2021-10-08 07:09:17,5560.0,100.0,14092600.0
447,2021-10-08 07:09:10,5560.0,100.0,14092500.0
448,2021-10-08 07:09:07,5560.0,5000.0,14092400.0
449,2021-10-08 07:09:04,5560.0,800.0,14087400.0
450,2021-10-08 07:09:04,5560.0,100.0,14086600.0
451,2021-10-08 07:09:04,5560.0,3500.0,14086500.0
452,2021-10-08 07:09:04,5560.0,600.0,14083000.0
453,2021-10-08 07:08:56,5560.0,900.0,14082400.0
454,2021-10-08 07:08:56,5560.0,100.0,14081500.0
455,2021-10-08 07:08:47,5550.0,3000.0,14081400.0
456,2021-10-08 07:08:39,5560.0,300.0,14078400.0
457,2021-10-08 07:08:39,5560.0,300.0,14078100.0
458,2021-10-08 07:08:35,5560.0,1700.0,14077800.0
459,2021-10-08 07:08:30,5550.0,2500.0,14076100.0
460,2021-10-08 07:08:07,5560.0,10000.0,14073600.0
461,2021-10-08 07:07:38,5550.0,4700.0,14063600.0
462,2021-10-08 07:07:38,5550.0,1000.0,14058900.0
463,2021-10-08 07:07:38,5550.0,19400.0,14057900.0
464,2021-10-08 07:07:37,5540.0,100.0,14038500.0
465,2021-10-08 07:07:35,5550.0,200.0,14038400.0
466,2021-10-08 07:07:35,5550.0,800.0,14038200.0
467,2021-10-08 07:07:30,5550.0,49200.0,14037400.0
468,2021-10-08 07:07:30,5550.0,3000.0,13988200.0
469,2021-10-08 07:07:30,5550.0,500.0,13985200.0
470,2021-10-08 07:07:30,5550.0,2400.0,13984700.0
471,2021-10-08 07:07:30,5550.0,2700.0,13982300.0
472,2021-10-08 07:07:30,5550.0,42200.0,13979600.0
473,2021-10-08 07:07:26,5540.0,200.0,13937400.0
474,2021-10-08 07:07:24,5540.0,20000.0,13937200.0
475,2021-10-08 07:07:22,5540.0,1300.0,13917200.0
476,2021-10-08 07:07:22,5540.0,2000.0,13915900.0
477,2021-10-08 07:07:22,5540.0,500.0,13913900.0
478,2021-10-08 07:07:22,5540.0,4000.0,13913400.0
479,2021-10-08 07:07:22,5540.0,2000.0,13909400.0
480,2021-10-08 07:07:22,5540.0,4300.0,13907400.0
481,2021-10-08 07:07:04,5550.0,3000.0,13903100.0
482,2021-10-08 07:07:01,5540.0,1700.0,13900100.0
483,2021-10-08 07:07:01,5540.0,500.0,13898400.0
484,2021-10-08 07:07:01,5540.0,500.0,13897900.0
485,2021-10-08 07:07:01,5540.0,200.0,13897400.0
486,2021-10-08 07:07:01,5540.0,500.0,13897200.0
487,2021-10-08 07:07:01,5540.0,1600.0,13896700.0
488,2021-10-08 07:06:48,5540.0,2000.0,13895100.0
489,2021-10-08 07:06:42,5550.0,200.0,13893100.0
490,2021-10-08 07:06:38,5540.0,500.0,13892900.0
491,2021-10-08 07:06:37,5540.0,900.0,13892400.0
492,2021-10-08 07:06:37,5540.0,100.0,13891500.0
493,2021-10-08 07:06:35,5550.0,1000.0,13891400.0
494,2021-10-08 07:06:33,5550.0,100.0,13890400.0
495,2021-10-08 07:06:27,5550.0,100.0,13890300.0
496,2021-10-08 07:06:18,5550.0,3000.0,13890200.0
497,2021-10-08 07:06:15,5550.0,300.0,13887200.0
498,2021-10-08 07:06:15,5550.0,100.0,13886900.0
499,2021-10-08 07:06:15,5550.0,500.0,13886800.0
500,2021-10-08 07:06:15,5550.0,1000.0,13886300.0
501,2021-10-08 07:06:15,5550.0,500.0,13885300.0
502,2021-10-08 07:06:15,5550.0,900.0,13884800.0
503,2021-10-08 07:06:15,5550.0,100.0,13883900.0
504,2021-10-08 07:06:15,5550.0,200.0,13883800.0
505,2021-10-08 07:06:15,5550.0,500.0,13883600.0
506,2021-10-08 07:06:15,5550.0,100.0,13883100.0
507,2021-10-08 07:06:15,5550.0,6000.0,13883000.0
508,2021-10-08 07:06:15,5550.0,200.0,13877000.0
509,2021-10-08 07:06:15,5550.0,100.0,13876800.0
510,2021-10-08 07:06:15,5550.0,500.0,13876700.0
511,2021-10-08 07:06:15,5550.0,500.0,13876200.0
512,2021-10-08 07:06:15,5550.0,100.0,13875700.0
513,2021-10-08 07:06:15,5550.0,1000.0,13875600.0
514,2021-10-08 07:06:15,5550.0,500.0,13874600.0
515,2021-10-08 07:06:15,5550.0,200.0,13874100.0
516,2021-10-08 07:06:15,5550.0,1000.0,13873900.0
517,2021-10-08 07:06:15,5550.0,1000.0,13872900.0
518,2021-10-08 07:06:15,5550.0,2000.0,13871900.0
519,2021-10-08 07:06:15,5550.0,800.0,13869900.0
520,2021-10-08 07:06:15,5550.0,1000.0,13869100.0
521,2021-10-08 07:06:15,5550.0,500.0,13868100.0
522,2021-10-08 07:06:15,5550.0,500.0,13867600.0
523,2021-10-08 07:06:15,5550.0,3000.0,13867100.0
524,2021-10-08 07:06:15,5550.0,200.0,13864100.0
525,2021-10-08 07:06:15,5550.0,300.0,13863900.0
526,2021-10-08 07:06:15,5550.0,500.0,13863600.0
527,2021-10-08 07:06:15,5550.0,300.0,13863100.0
528,2021-10-08 07:06:15,5550.0,1000.0,13862800.0
529,2021-10-08 07:06:15,5550.0,4000.0,13861800.0
530,2021-10-08 07:06:15,5550.0,2000.0,13857800.0
531,2021-10-08 07:06:15,5550.0,100.0,13855800.0
532,2021-10-08 07:06:15,5550.0,400.0,13855700.0
533,2021-10-08 07:06:15,5550.0,4000.0,13855300.0
534,2021-10-08 07:06:15,5550.0,1800.0,13851300.0
535,2021-10-08 07:06:15,5550.0,500.0,13849500.0
536,2021-10-08 07:06:15,5550.0,500.0,13849000.0
537,2021-10-08 07:06:15,5550.0,1100.0,13848500.0
538,2021-10-08 07:06:15,5550.0,200.0,13847400.0
539,2021-10-08 07:06:15,5550.0,100.0,13847200.0
540,2021-10-08 07:06:15,5550.0,2500.0,13847100.0
541,2021-10-08 07:06:15,5550.0,200.0,13844600.0
542,2021-10-08 07:06:15,5550.0,100.0,13844400.0
543,2021-10-08 07:06:15,5550.0,7500.0,13844300.0
544,2021-10-08 07:06:13,5560.0,10000.0,13836800.0
545,2021-10-08 07:06:05,5560.0,600.0,13826800.0
546,2021-10-08 07:06:05,5560.0,9400.0,13826200.0
547,2021-10-08 07:06:04,5550.0,50000.0,13816800.0
548,2021-10-08 07:05:56,5550.0,5000.0,13766800.0
549,2021-10-08 07:05:48,5550.0,2000.0,13761800.0
550,2021-10-08 07:05:32,5560.0,1000.0,13759800.0
551,2021-10-08 07:05:32,5560.0,3000.0,13758800.0
552,2021-10-08 07:05:32,5560.0,400.0,13755800.0
553,2021-10-08 07:05:32,5560.0,1000.0,13755400.0
554,2021-10-08 07:05:32,5560.0,200.0,13754400.0
555,2021-10-08 07:05:26,5560.0,300.0,13754200.0
556,2021-10-08 07:05:26,5560.0,300.0,13753900.0
557,2021-10-08 07:05:26,5560.0,1400.0,13753600.0
558,2021-10-08 07:05:21,5560.0,3100.0,13752200.0
559,2021-10-08 07:05:21,5560.0,1000.0,13749100.0
560,2021-10-08 07:05:21,5560.0,500.0,13748100.0
561,2021-10-08 07:05:21,5560.0,1200.0,13747600.0
562,2021-10-08 07:05:21,5560.0,4200.0,13746400.0
563,2021-10-08 07:05:19,5560.0,300.0,13742200.0
564,2021-10-08 07:05:16,5560.0,300.0,13741900.0
565,2021-10-08 07:05:13,5560.0,100.0,13741600.0
566,2021-10-08 07:05:12,5560.0,5000.0,13741500.0
567,2021-10-08 07:05:06,5560.0,8100.0,13736500.0
568,2021-10-08 07:05:06,5560.0,700.0,13728400.0
569,2021-10-08 07:05:02,5560.0,300.0,13727700.0
570,2021-10-08 07:05:02,5560.0,30000.0,13727400.0
571,2021-10-08 07:05:02,5560.0,19700.0,13697400.0
572,2021-10-08 07:04:53,5570.0,5000.0,13677700.0
573,2021-10-08 07:04:53,5560.0,1000.0,13672700.0
574,2021-10-08 07:04:51,5560.0,14300.0,13671700.0
575,2021-10-08 07:04:51,5560.0,2600.0,13657400.0
576,2021-10-08 07:04:51,5560.0,2400.0,13654800.0
577,2021-10-08 07:04:51,5560.0,700.0,13652400.0
578,2021-10-08 07:04:51,5560.0,400.0,13651700.0
579,2021-10-08 07:04:51,5560.0,500.0,13651300.0
580,2021-10-08 07:04:51,5560.0,6000.0,13650800.0
581,2021-10-08 07:04:45,5560.0,1000.0,13644800.0
582,2021-10-08 07:04:45,5560.0,500.0,13643800.0
583,2021-10-08 07:04:42,5560.0,2000.0,13643300.0
584,2021-10-08 07:03:11,5570.0,800.0,13641300.0
585,2021-10-08 07:02:29,5570.0,100.0,13640500.0
586,2021-10-08 07:02:12,5560.0,1900.0,13640400.0
587,2021-10-08 07:02:08,5570.0,200.0,13638500.0
588,2021-10-08 07:01:54,5570.0,1400.0,13638300.0
589,2021-10-08 07:01:54,5570.0,5000.0,13636900.0
590,2021-10-08 07:01:54,5570.0,100.0,13631900.0
591,2021-10-08 07:01:54,5570.0,6100.0,13631800.0
592,2021-10-08 07:01:15,5570.0,3000.0,13625700.0
593,2021-10-08 07:01:15,5570.0,3500.0,13622700.0
594,2021-10-08 07:01:15,5570.0,3500.0,13619200.0
595,2021-10-08 07:01:12,5570.0,6500.0,13615700.0
596,2021-10-08 07:01:12,5570.0,1100.0,13609200.0
597,2021-10-08 07:01:12,5570.0,1000.0,13608100.0
598,2021-10-08 07:01:12,5570.0,1400.0,13607100.0
599,2021-10-08 07:01:02,5570.0,800.0,13605700.0
600,2021-10-08 07:01:00,5570.0,5800.0,13604900.0
601,2021-10-08 07:01:00,5570.0,100.0,13599100.0
602,2021-10-08 07:01:00,5570.0,400.0,13599000.0
603,2021-10-08 07:01:00,5570.0,43700.0,13598600.0
604,2021-10-08 07:00:47,5570.0,1000.0,13554900.0
605,2021-10-08 07:00:42,5570.0,25000.0,13553900.0
606,2021-10-08 07:00:24,5570.0,300.0,13528900.0
607,2021-10-08 07:00:24,5570.0,100.0,13528600.0
608,2021-10-08 07:00:24,5570.0,6600.0,13528500.0
609,2021-10-08 06:59:44,5570.0,300.0,13521900.0
610,2021-10-08 06:59:36,5570.0,700.0,13521600.0
611,2021-10-08 06:59:36,5570.0,3000.0,13520900.0
612,2021-10-08 06:59:27,5570.0,12000.0,13517900.0
613,2021-10-08 06:59:10,5570.0,1400.0,13505900.0
614,2021-10-08 06:59:10,5570.0,1500.0,13504500.0
615,2021-10-08 06:59:10,5570.0,400.0,13503000.0
616,2021-10-08 06:59:10,5570.0,1700.0,13502600.0
617,2021-10-08 06:59:07,5570.0,5800.0,13500900.0
618,2021-10-08 06:59:04,5560.0,4100.0,13495100.0
619,2021-10-08 06:58:24,5560.0,4500.0,13491000.0
620,2021-10-08 06:58:24,5560.0,200.0,13486500.0
621,2021-10-08 06:58:24,5560.0,500.0,13486300.0
622,2021-10-08 06:58:24,5560.0,700.0,13485800.0
623,2021-10-08 06:58:11,5560.0,300.0,13485100.0
624,2021-10-08 06:58:11,5560.0,2700.0,13484800.0
625,2021-10-08 06:58:06,5560.0,7100.0,13482100.0
626,2021-10-08 06:58:00,5560.0,2900.0,13475000.0
627,2021-10-08 06:57:58,5560.0,1000.0,13472100.0
628,2021-10-08 06:57:44,5560.0,100.0,13471100.0
629,2021-10-08 06:57:24,5560.0,3000.0,13471000.0
630,2021-10-08 06:57:21,5560.0,200.0,13468000.0
631,2021-10-08 06:57:19,5570.0,100.0,13467800.0
632,2021-10-08 06:57:00,5560.0,800.0,13467700.0
633,2021-10-08 06:56:53,5560.0,5000.0,13466900.0
634,2021-10-08 06:56:47,5570.0,42000.0,13461900.0
635,2021-10-08 06:56:43,5560.0,2200.0,13419900.0
636,2021-10-08 06:56:43,5560.0,300.0,13417700.0
637,2021-10-08 06:56:43,5560.0,5000.0,13417400.0
638,2021-10-08 06:56:43,5560.0,1000.0,13412400.0
639,2021-10-08 06:56:43,5560.0,1000.0,13411400.0
640,2021-10-08 06:56:43,5560.0,500.0,13410400.0
641,2021-10-08 06:56:27,5560.0,1400.0,13409900.0
642,2021-10-08 06:56:27,5560.0,3000.0,13408500.0
643,2021-10-08 06:56:27,5560.0,600.0,13405500.0
644,2021-10-08 06:56:20,5570.0,400.0,13404900.0
645,2021-10-08 06:56:20,5570.0,2600.0,13404500.0
646,2021-10-08 06:56:20,5570.0,1000.0,13401900.0
647,2021-10-08 06:55:59,5570.0,1000.0,13400900.0
648,2021-10-08 06:55:52,5560.0,1400.0,13399900.0
649,2021-10-08 06:55:52,5560.0,600.0,13398500.0
650,2021-10-08 06:55:49,5560.0,1300.0,13397900.0
651,2021-10-08 06:55:41,5560.0,1000.0,13396600.0
652,2021-10-08 06:55:05,5560.0,1000.0,13395600.0
653,2021-10-08 06:54:58,5560.0,1100.0,13394600.0
654,2021-10-08 06:54:58,5560.0,2000.0,13393500.0
655,2021-10-08 06:54:58,5560.0,1400.0,13391500.0
656,2021-10-08 06:54:56,5560.0,900.0,13390100.0
657,2021-10-08 06:54:56,5560.0,100.0,13389200.0
658,2021-10-08 06:54:35,5560.0,500.0,13389100.0
659,2021-10-08 06:54:34,5560.0,1000.0,13388600.0
660,2021-10-08 06:54:27,5560.0,1300.0,13387600.0
661,2021-10-08 06:54:21,5570.0,300.0,13386300.0
662,2021-10-08 06:54:17,5560.0,200.0,13386000.0
663,2021-10-08 06:54:00,5570.0,1700.0,13385800.0
664,2021-10-08 06:54:00,5570.0,2000.0,13384100.0
665,2021-10-08 06:54:00,5570.0,1300.0,13382100.0
666,2021-10-08 06:53:53,5560.0,900.0,13380800.0
667,2021-10-08 06:53:47,5560.0,100.0,13379900.0
668,2021-10-08 06:53:30,5570.0,3000.0,13379800.0
669,2021-10-08 06:53:22,5560.0,100.0,13376800.0
670,2021-10-08 06:53:09,5570.0,400.0,13376700.0
671,2021-10-08 06:52:44,5570.0,100.0,13376300.0
672,2021-10-08 06:52:37,5560.0,800.0,13376200.0
673,2021-10-08 06:52:37,5560.0,1300.0,13375400.0
674,2021-10-08 06:52:31,5560.0,1000.0,13374100.0
675,2021-10-08 06:52:28,5560.0,800.0,13373100.0
676,2021-10-08 06:52:28,5560.0,5200.0,13372300.0
677,2021-10-08 06:52:15,5560.0,300.0,13367100.0
678,2021-10-08 06:52:14,5560.0,1000.0,13366800.0
679,2021-10-08 06:51:59,5560.0,500.0,13365800.0
680,2021-10-08 06:51:45,5560.0,7300.0,13365300.0
681,2021-10-08 06:51:45,5560.0,5000.0,13358000.0
682,2021-10-08 06:51:45,5560.0,100.0,13353000.0
683,2021-10-08 06:51:45,5560.0,27600.0,13352900.0
684,2021-10-08 06:51:45,5560.0,1000.0,13325300.0
685,2021-10-08 06:51:45,5560.0,9000.0,13324300.0
686,2021-10-08 06:51:35,5550.0,2000.0,13315300.0
687,2021-10-08 06:51:19,5550.0,3000.0,13313300.0
688,2021-10-08 06:51:16,5560.0,1000.0,13310300.0
689,2021-10-08 06:50:26,5550.0,30500.0,13309300.0
690,2021-10-08 06:50:26,5550.0,100.0,13278800.0
691,2021-10-08 06:50:26,5550.0,10000.0,13278700.0
692,2021-10-08 06:50:26,5550.0,100.0,13268700.0
693,2021-10-08 06:50:26,5550.0,1400.0,13268600.0
694,2021-10-08 06:50:26,5550.0,5000.0,13267200.0
695,2021-10-08 06:50:26,5550.0,400.0,13262200.0
696,2021-10-08 06:50:26,5550.0,200.0,13261800.0
697,2021-10-08 06:50:26,5550.0,3000.0,13261600.0
698,2021-10-08 06:50:26,5550.0,1000.0,13258600.0
699,2021-10-08 06:50:26,5550.0,500.0,13257600.0
700,2021-10-08 06:50:26,5550.0,200.0,13257100.0
701,2021-10-08 06:50:26,5550.0,600.0,13256900.0
702,2021-10-08 06:50:26,5550.0,500.0,13256300.0
703,2021-10-08 06:50:26,5550.0,1000.0,13255800.0
704,2021-10-08 06:50:26,5550.0,300.0,13254800.0
705,2021-10-08 06:50:26,5550.0,7600.0,13254500.0
706,2021-10-08 06:50:26,5550.0,2000.0,13246900.0
707,2021-10-08 06:50:26,5550.0,100.0,13244900.0
708,2021-10-08 06:50:26,5550.0,100.0,13244800.0
709,2021-10-08 06:50:26,5550.0,200.0,13244700.0
710,2021-10-08 06:50:26,5550.0,100.0,13244500.0
711,2021-10-08 06:50:26,5550.0,1000.0,13244400.0
712,2021-10-08 06:50:26,5550.0,74400.0,13243400.0
713,2021-10-08 06:50:26,5560.0,3000.0,13169000.0
714,2021-10-08 06:50:26,5560.0,6700.0,13166000.0
715,2021-10-08 06:50:21,5560.0,1200.0,13159300.0
716,2021-10-08 06:50:21,5560.0,100.0,13158100.0
717,2021-10-08 06:50:21,5560.0,1000.0,13158000.0
718,2021-10-08 06:50:21,5560.0,200.0,13157000.0
719,2021-10-08 06:50:18,5560.0,3000.0,13156800.0
720,2021-10-08 06:50:18,5560.0,2800.0,13153800.0
721,2021-10-08 06:50:18,5560.0,200.0,13151000.0
722,2021-10-08 06:50:18,5560.0,1000.0,13150800.0
723,2021-10-08 06:50:18,5560.0,200.0,13149800.0
724,2021-10-08 06:50:18,5560.0,2000.0,13149600.0
725,2021-10-08 06:50:18,5560.0,4400.0,13147600.0
726,2021-10-08 06:50:18,5560.0,8000.0,13143200.0
727,2021-10-08 06:50:18,5560.0,5000.0,13135200.0
728,2021-10-08 06:50:18,5560.0,100.0,13130200.0
729,2021-10-08 06:50:18,5560.0,200.0,13130100.0
730,2021-10-08 06:50:18,5560.0,200.0,13129900.0
731,2021-10-08 06:50:18,5560.0,400.0,13129700.0
732,2021-10-08 06:50:18,5560.0,3000.0,13129300.0
733,2021-10-08 06:50:18,5560.0,500.0,13126300.0
734,2021-10-08 06:50:18,5560.0,2000.0,13125800.0
735,2021-10-08 06:50:18,5560.0,5000.0,13123800.0
736,2021-10-08 06:50:18,5560.0,1000.0,13118800.0
737,2021-10-08 06:50:18,5560.0,200.0,13117800.0
738,2021-10-08 06:50:18,5560.0,100.0,13117600.0
739,2021-10-08 06:50:18,5560.0,200.0,13117500.0
740,2021-10-08 06:50:18,5560.0,4000.0,13117300.0
741,2021-10-08 06:50:18,5560.0,1000.0,13113300.0
742,2021-10-08 06:50:18,5560.0,200.0,13112300.0
743,2021-10-08 06:50:18,5560.0,1900.0,13112100.0
744,2021-10-08 06:50:18,5560.0,3400.0,13110200.0
745,2021-10-08 06:50:17,5570.0,200.0,13106800.0
746,2021-10-08 06:50:17,5570.0,1800.0,13106600.0
747,2021-10-08 06:50:16,5570.0,100.0,13104800.0
748,2021-10-08 06:50:12,5560.0,200.0,13104700.0
749,2021-10-08 06:50:10,5570.0,4900.0,13104500.0
750,2021-10-08 06:50:03,5570.0,3000.0,13099600.0
751,2021-10-08 06:49:53,5570.0,200.0,13096600.0
752,2021-10-08 06:49:41,5570.0,100.0,13096400.0
753,2021-10-08 06:49:19,5570.0,100.0,13096300.0
754,2021-10-08 06:49:10,5560.0,500.0,13096200.0
755,2021-10-08 06:49:02,5570.0,100.0,13095700.0
756,2021-10-08 06:48:33,5570.0,1600.0,13095600.0
757,2021-10-08 06:48:33,5570.0,400.0,13094000.0
758,2021-10-08 06:48:27,5570.0,100.0,13093600.0
759,2021-10-08 06:48:27,5570.0,300.0,13093500.0
760,2021-10-08 06:48:24,5570.0,1700.0,13093200.0
761,2021-10-08 06:48:24,5570.0,20000.0,13091500.0
762,2021-10-08 06:48:24,5570.0,5000.0,13071500.0
763,2021-10-08 06:48:24,5570.0,500.0,13066500.0
764,2021-10-08 06:48:24,5570.0,2000.0,13066000.0
765,2021-10-08 06:48:24,5570.0,5200.0,13064000.0
766,2021-10-08 06:48:24,5570.0,15600.0,13058800.0
767,2021-10-08 06:48:21,5560.0,500.0,13043200.0
768,2021-10-08 06:48:13,5560.0,400.0,13042700.0
769,2021-10-08 06:47:56,5560.0,100.0,13042300.0
770,2021-10-08 06:47:44,5560.0,200.0,13042200.0
771,2021-10-08 06:47:41,5570.0,200.0,13042000.0
772,2021-10-08 06:47:09,5570.0,300.0,13041800.0
773,2021-10-08 06:46:52,5570.0,200.0,13041500.0
774,2021-10-08 06:46:51,5570.0,5000.0,13041300.0
775,2021-10-08 06:46:38,5570.0,2000.0,13036300.0
776,2021-10-08 06:46:31,5570.0,500.0,13034300.0
777,2021-10-08 06:46:31,5560.0,700.0,13033800.0
778,2021-10-08 06:46:31,5560.0,2000.0,13033100.0
779,2021-10-08 06:46:31,5560.0,200.0,13031100.0
780,2021-10-08 06:46:31,5560.0,400.0,13030900.0
781,2021-10-08 06:46:31,5560.0,100.0,13030500.0
782,2021-10-08 06:46:31,5560.0,1600.0,13030400.0
783,2021-10-08 06:46:26,5570.0,10000.0,13028800.0
784,2021-10-08 06:46:23,5570.0,1000.0,13018800.0
785,2021-10-08 06:46:22,5570.0,20000.0,13017800.0
786,2021-10-08 06:46:15,5570.0,10000.0,12997800.0
787,2021-10-08 06:46:10,5570.0,100.0,12987800.0
788,2021-10-08 06:45:58,5570.0,39000.0,12987700.0
789,2021-10-08 06:45:57,5570.0,100.0,12948700.0
790,2021-10-08 06:45:49,5570.0,1000.0,12948600.0
791,2021-10-08 06:45:49,5570.0,1000.0,12947600.0
792,2021-10-08 06:45:49,5570.0,1000.0,12946600.0
793,2021-10-08 06:45:49,5570.0,5000.0,12945600.0
794,2021-10-08 06:45:49,5570.0,5000.0,12940600.0
795,2021-10-08 06:45:49,5570.0,1500.0,12935600.0
796,2021-10-08 06:45:49,5570.0,1000.0,12934100.0
797,2021-10-08 06:45:49,5570.0,100.0,12933100.0
798,2021-10-08 06:45:49,5570.0,500.0,12933000.0
799,2021-10-08 06:45:49,5570.0,500.0,12932500.0
800,2021-10-08 06:45:49,5570.0,300.0,12932000.0
801,2021-10-08 06:45:49,5570.0,2600.0,12931700.0
802,2021-10-08 06:45:25,5570.0,300.0,12929100.0
803,2021-10-08 06:44:49,5580.0,500.0,12928800.0
804,2021-10-08 06:44:42,5580.0,20000.0,12928300.0
805,2021-10-08 06:44:42,5580.0,5000.0,12908300.0
806,2021-10-08 06:44:42,5580.0,1200.0,12903300.0
807,2021-10-08 06:44:26,5580.0,300.0,12902100.0
808,2021-10-08 06:44:19,5590.0,100.0,12901800.0
809,2021-10-08 06:43:53,5580.0,500.0,12901700.0
810,2021-10-08 06:43:21,5590.0,3000.0,12901200.0
811,2021-10-08 06:43:09,5570.0,2600.0,12898200.0
812,2021-10-08 06:43:09,5570.0,100.0,12895600.0
813,2021-10-08 06:43:09,5570.0,100.0,12895500.0
814,2021-10-08 06:43:09,5580.0,200.0,12895400.0
815,2021-10-08 06:43:03,5580.0,100.0,12895200.0
816,2021-10-08 06:43:03,5580.0,4100.0,12895100.0
817,2021-10-08 06:43:03,5580.0,1600.0,12891000.0
818,2021-10-08 06:42:44,5580.0,400.0,12889400.0
819,2021-10-08 06:42:44,5580.0,1600.0,12889000.0
820,2021-10-08 06:42:43,5580.0,2000.0,12887400.0
821,2021-10-08 06:42:36,5580.0,500.0,12885400.0
822,2021-10-08 06:42:32,5580.0,5000.0,12884900.0
823,2021-10-08 06:42:32,5580.0,900.0,12879900.0
824,2021-10-08 06:42:26,5580.0,2000.0,12879000.0
825,2021-10-08 06:42:25,5590.0,400.0,12877000.0
826,2021-10-08 06:42:13,5590.0,4100.0,12876600.0
827,2021-10-08 06:42:13,5590.0,2900.0,12872500.0
828,2021-10-08 06:41:52,5580.0,100.0,12869600.0
829,2021-10-08 06:41:51,5590.0,100.0,12869500.0
830,2021-10-08 06:41:32,5590.0,1000.0,12869400.0
831,2021-10-08 06:41:20,5600.0,1500.0,12868400.0
832,2021-10-08 06:41:20,5600.0,200.0,12866900.0
833,2021-10-08 06:41:20,5600.0,100.0,12866700.0
834,2021-10-08 06:41:20,5600.0,9000.0,12866600.0
835,2021-10-08 06:41:20,5600.0,100.0,12857600.0
836,2021-10-08 06:41:20,5600.0,1000.0,12857500.0
837,2021-10-08 06:41:20,5600.0,500.0,12856500.0
838,2021-10-08 06:41:20,5600.0,7600.0,12856000.0
839,2021-10-08 06:41:00,5600.0,3000.0,12848400.0
840,2021-10-08 06:40:49,5600.0,100.0,12845400.0
841,2021-10-08 06:40:39,5590.0,600.0,12845300.0
842,2021-10-08 06:40:39,5580.0,1900.0,12844700.0
843,2021-10-08 06:40:36,5580.0,900.0,12842800.0
844,2021-10-08 06:40:33,5580.0,7500.0,12841900.0
845,2021-10-08 06:40:20,5580.0,1600.0,12834400.0
846,2021-10-08 06:40:14,5580.0,300.0,12832800.0
847,2021-10-08 06:40:14,5580.0,400.0,12832500.0
848,2021-10-08 06:40:14,5580.0,1000.0,12832100.0
849,2021-10-08 06:40:14,5580.0,1500.0,12831100.0
850,2021-10-08 06:40:14,5580.0,300.0,12829600.0
851,2021-10-08 06:40:14,5580.0,6000.0,12829300.0
852,2021-10-08 06:40:14,5580.0,100.0,12823300.0
853,2021-10-08 06:40:14,5580.0,1000.0,12823200.0
854,2021-10-08 06:40:14,5580.0,300.0,12822200.0
855,2021-10-08 06:40:14,5580.0,100.0,12821900.0
856,2021-10-08 06:40:14,5580.0,1000.0,12821800.0
857,2021-10-08 06:40:14,5580.0,5000.0,12820800.0
858,2021-10-08 06:40:14,5580.0,300.0,12815800.0
859,2021-10-08 06:40:14,5580.0,1000.0,12815500.0
860,2021-10-08 06:40:14,5580.0,15000.0,12814500.0
861,2021-10-08 06:40:14,5580.0,100.0,12799500.0
862,2021-10-08 06:40:14,5580.0,1500.0,12799400.0
863,2021-10-08 06:40:14,5580.0,200.0,12797900.0
864,2021-10-08 06:40:14,5580.0,100.0,12797700.0
865,2021-10-08 06:40:14,5580.0,11200.0,12797600.0
866,2021-10-08 06:40:14,5580.0,3200.0,12786400.0
867,2021-10-08 06:40:14,5580.0,600.0,12783200.0
868,2021-10-08 06:40:14,5580.0,1000.0,12782600.0
869,2021-10-08 06:40:14,5580.0,10000.0,12781600.0
870,2021-10-08 06:40:14,5580.0,3500.0,12771600.0
871,2021-10-08 06:40:14,5580.0,3500.0,12768100.0
872,2021-10-08 06:40:14,5580.0,3600.0,12764600.0
873,2021-10-08 06:40:14,5580.0,3800.0,12761000.0
874,2021-10-08 06:40:14,5580.0,1000.0,12757200.0
875,2021-10-08 06:40:14,5580.0,2100.0,12756200.0
876,2021-10-08 06:40:14,5580.0,4100.0,12754100.0
877,2021-10-08 06:40:14,5580.0,6300.0,12750000.0
878,2021-10-08 06:40:14,5580.0,3500.0,12743700.0
879,2021-10-08 06:40:14,5580.0,3500.0,12740200.0
880,2021-10-08 06:40:14,5580.0,5500.0,12736700.0
881,2021-10-08 06:40:14,5580.0,3700.0,12731200.0
882,2021-10-08 06:40:14,5580.0,2200.0,12727500.0
883,2021-10-08 06:40:14,5580.0,3000.0,12725300.0
884,2021-10-08 06:40:14,5590.0,4500.0,12722300.0
885,2021-10-08 06:40:14,5590.0,500.0,12717800.0
886,2021-10-08 06:40:14,5590.0,500.0,12717300.0
887,2021-10-08 06:40:14,5590.0,500.0,12716800.0
888,2021-10-08 06:40:14,5590.0,1000.0,12716300.0
889,2021-10-08 06:40:14,5590.0,20000.0,12715300.0
890,2021-10-08 06:40:14,5590.0,500.0,12695300.0
891,2021-10-08 06:40:14,5590.0,100.0,12694800.0
892,2021-10-08 06:40:10,5590.0,1000.0,12694700.0
893,2021-10-08 06:40:10,5600.0,200.0,12693700.0
894,2021-10-08 06:39:40,5600.0,6600.0,12693500.0
895,2021-10-08 06:39:40,5600.0,900.0,12686900.0
896,2021-10-08 06:39:40,5600.0,1000.0,12686000.0
897,2021-10-08 06:39:40,5600.0,2000.0,12685000.0
898,2021-10-08 06:39:40,5600.0,1000.0,12683000.0
899,2021-10-08 06:39:40,5600.0,500.0,12682000.0
900,2021-10-08 06:39:40,5600.0,18000.0,12681500.0
901,2021-10-08 06:39:33,5590.0,3000.0,12663500.0
902,2021-10-08 06:39:28,5590.0,5900.0,12660500.0
903,2021-10-08 06:39:28,5590.0,100.0,12654600.0
904,2021-10-08 06:38:41,5600.0,200.0,12654500.0
905,2021-10-08 06:38:19,5600.0,100.0,12654300.0
906,2021-10-08 06:38:04,5590.0,1000.0,12654200.0
907,2021-10-08 06:38:04,5590.0,400.0,12653200.0
908,2021-10-08 06:38:04,5590.0,3500.0,12652800.0
909,2021-10-08 06:38:04,5580.0,500.0,12649300.0
910,2021-10-08 06:37:46,5590.0,100.0,12648800.0
911,2021-10-08 06:37:39,5590.0,200.0,12648700.0
912,2021-10-08 06:37:30,5590.0,1000.0,12648500.0
913,2021-10-08 06:37:27,5590.0,200.0,12647500.0
914,2021-10-08 06:36:56,5590.0,1000.0,12647300.0
915,2021-10-08 06:36:49,5590.0,1700.0,12646300.0
916,2021-10-08 06:36:41,5590.0,300.0,12644600.0
917,2021-10-08 06:36:41,5590.0,6100.0,12644300.0
918,2021-10-08 06:36:41,5590.0,12000.0,12638200.0
919,2021-10-08 06:36:38,5600.0,200.0,12626200.0
920,2021-10-08 06:36:34,5590.0,5600.0,12626000.0
921,2021-10-08 06:36:25,5590.0,17400.0,12620400.0
922,2021-10-08 06:36:25,5590.0,200.0,12603000.0
923,2021-10-08 06:36:25,5590.0,400.0,12602800.0
924,2021-10-08 06:36:23,5590.0,3100.0,12602400.0
925,2021-10-08 06:36:23,5590.0,1000.0,12599300.0
926,2021-10-08 06:36:23,5590.0,100.0,12598300.0
927,2021-10-08 06:36:23,5590.0,2000.0,12598200.0
928,2021-10-08 06:36:23,5590.0,5700.0,12596200.0
929,2021-10-08 06:36:13,5590.0,300.0,12590500.0
930,2021-10-08 06:36:13,5590.0,800.0,12590200.0
931,2021-10-08 06:36:13,5590.0,100.0,12589400.0
932,2021-10-08 06:36:13,5590.0,200.0,12589300.0
933,2021-10-08 06:36:13,5590.0,600.0,12589100.0
934,2021-10-08 06:36:11,5590.0,400.0,12588500.0
935,2021-10-08 06:36:09,5590.0,1400.0,12588100.0
936,2021-10-08 06:36:00,5590.0,7700.0,12586700.0
937,2021-10-08 06:35:53,5590.0,4200.0,12579000.0
938,2021-10-08 06:35:53,5590.0,1800.0,12574800.0
939,2021-10-08 06:35:46,5590.0,5900.0,12573000.0
940,2021-10-08 06:35:37,5590.0,300.0,12567100.0
941,2021-10-08 06:34:56,5600.0,1000.0,12566800.0
942,2021-10-08 06:34:56,5600.0,800.0,12565800.0
943,2021-10-08 06:34:55,5600.0,200.0,12565000.0
944,2021-10-08 06:34:55,5600.0,3100.0,12564800.0
945,2021-10-08 06:34:55,5600.0,500.0,12561700.0
946,2021-10-08 06:34:51,5600.0,1000.0,12561200.0
947,2021-10-08 06:34:45,5600.0,500.0,12560200.0
948,2021-10-08 06:34:45,5600.0,100.0,12559700.0
949,2021-10-08 06:34:45,5600.0,400.0,12559600.0
950,2021-10-08 06:34:45,5600.0,100.0,12559200.0
951,2021-10-08 06:34:38,5600.0,4000.0,12559100.0
952,2021-10-08 06:34:34,5600.0,300.0,12555100.0
953,2021-10-08 06:34:26,5600.0,200.0,12554800.0
954,2021-10-08 06:34:25,5600.0,2000.0,12554600.0
955,2021-10-08 06:34:25,5600.0,1300.0,12552600.0
956,2021-10-08 06:34:25,5600.0,800.0,12551300.0
957,2021-10-08 06:34:25,5600.0,100.0,12550500.0
958,2021-10-08 06:34:25,5600.0,200.0,12550400.0
959,2021-10-08 06:34:25,5600.0,3500.0,12550200.0
960,2021-10-08 06:34:25,5600.0,1600.0,12546700.0
961,2021-10-08 06:34:25,5600.0,200.0,12545100.0
962,2021-10-08 06:34:25,5600.0,10100.0,12544900.0
963,2021-10-08 06:34:18,5600.0,100.0,12534800.0
964,2021-10-08 06:34:08,5600.0,200.0,12534700.0
965,2021-10-08 06:34:07,5610.0,3800.0,12534500.0
966,2021-10-08 06:34:01,5600.0,2000.0,12530700.0
967,2021-10-08 06:33:50,5600.0,7600.0,12528700.0
968,2021-10-08 06:33:50,5600.0,21100.0,12521100.0
969,2021-10-08 06:33:46,5600.0,200.0,12500000.0
970,2021-10-08 06:33:46,5600.0,400.0,12499800.0
971,2021-10-08 06:33:46,5600.0,5000.0,12499400.0
972,2021-10-08 06:33:46,5600.0,23300.0,12494400.0
973,2021-10-08 06:33:42,5600.0,400.0,12471100.0
974,2021-10-08 06:33:24,5600.0,4000.0,12470700.0
975,2021-10-08 06:33:19,5590.0,7700.0,12466700.0
976,2021-10-08 06:33:19,5590.0,1000.0,12459000.0
977,2021-10-08 06:33:19,5590.0,300.0,12458000.0
978,2021-10-08 06:33:19,5590.0,2000.0,12457700.0
979,2021-10-08 06:33:19,5590.0,500.0,12455700.0
980,2021-10-08 06:33:19,5590.0,300.0,12455200.0
981,2021-10-08 06:33:19,5590.0,2300.0,12454900.0
982,2021-10-08 06:33:19,5590.0,3600.0,12452600.0
983,2021-10-08 06:33:19,5590.0,2300.0,12449000.0
984,2021-10-08 06:32:59,5600.0,100.0,12446700.0
985,2021-10-08 06:32:55,5600.0,2200.0,12446600.0
986,2021-10-08 06:32:51,5600.0,100.0,12444400.0
987,2021-10-08 06:32:48,5600.0,900.0,12444300.0
988,2021-10-08 06:32:48,5600.0,600.0,12443400.0
989,2021-10-08 06:32:48,5600.0,2000.0,12442800.0
990,2021-10-08 06:32:48,5600.0,100.0,12440800.0
991,2021-10-08 06:32:48,5600.0,100.0,12440700.0
992,2021-10-08 06:32:30,5600.0,1000.0,12440600.0
993,2021-10-08 06:32:30,5600.0,200.0,12439600.0
994,2021-10-08 06:32:30,5600.0,400.0,12439400.0
995,2021-10-08 06:32:30,5600.0,200.0,12439000.0
996,2021-10-08 06:32:30,5600.0,2000.0,12438800.0
997,2021-10-08 06:32:30,5600.0,200.0,12436800.0
998,2021-10-08 06:32:30,5600.0,600.0,12436600.0
999,2021-10-08 06:32:30,5600.0,600.0,12436000.0
1000,2021-10-08 06:32:30,5600.0,400.0,12435400.0
1001,2021-10-08 06:32:30,5600.0,14300.0,12435000.0
1002,2021-10-08 06:32:25,5600.0,700.0,12420700.0
1003,2021-10-08 06:32:25,5600.0,300.0,12420000.0
1004,2021-10-08 06:32:00,5600.0,4400.0,12419700.0
1005,2021-10-08 06:31:17,5600.0,500.0,12415300.0
1006,2021-10-08 06:31:08,5600.0,100.0,12414800.0
1007,2021-10-08 06:30:56,5600.0,700.0,12414700.0
1008,2021-10-08 06:30:56,5600.0,1000.0,12414000.0
1009,2021-10-08 06:30:56,5600.0,300.0,12413000.0
1010,2021-10-08 06:30:39,5610.0,1500.0,12412700.0
1011,2021-10-08 06:30:39,5610.0,4200.0,12411200.0
1012,2021-10-08 06:30:39,5610.0,300.0,12407000.0
1013,2021-10-08 06:30:13,5600.0,100.0,12406700.0
1014,2021-10-08 06:29:47,5610.0,33700.0,12406600.0
1015,2021-10-08 06:29:31,5600.0,200.0,12372900.0
1016,2021-10-08 06:29:31,5600.0,300.0,12372700.0
1017,2021-10-08 06:29:29,5600.0,1400.0,12372400.0
1018,2021-10-08 06:29:09,5600.0,200.0,12371000.0
1019,2021-10-08 06:29:09,5600.0,1800.0,12370800.0
1020,2021-10-08 06:29:04,5600.0,1000.0,12369000.0
1021,2021-10-08 06:28:51,5600.0,5000.0,12368000.0
1022,2021-10-08 06:28:51,5600.0,300.0,12363000.0
1023,2021-10-08 06:28:51,5600.0,800.0,12362700.0
1024,2021-10-08 06:28:51,5600.0,300.0,12361900.0
1025,2021-10-08 06:28:51,5600.0,800.0,12361600.0
1026,2021-10-08 06:28:33,5590.0,300.0,12360800.0
1027,2021-10-08 06:28:32,5600.0,1300.0,12360500.0
1028,2021-10-08 06:28:27,5600.0,16400.0,12359200.0
1029,2021-10-08 06:28:21,5590.0,100.0,12342800.0
1030,2021-10-08 06:27:59,5590.0,900.0,12342700.0
1031,2021-10-08 06:27:59,5590.0,5200.0,12341800.0
1032,2021-10-08 06:27:59,5590.0,3500.0,12336600.0
1033,2021-10-08 06:27:59,5590.0,300.0,12333100.0
1034,2021-10-08 06:27:59,5590.0,8700.0,12332800.0
1035,2021-10-08 06:27:59,5590.0,1400.0,12324100.0
1036,2021-10-08 06:27:53,5600.0,200.0,12322700.0
1037,2021-10-08 06:27:53,5600.0,1300.0,12322500.0
1038,2021-10-08 06:27:45,5600.0,3700.0,12321200.0
1039,2021-10-08 06:27:45,5600.0,500.0,12317500.0
1040,2021-10-08 06:27:45,5600.0,1200.0,12317000.0
1041,2021-10-08 06:27:45,5600.0,10000.0,12315800.0
1042,2021-10-08 06:27:45,5600.0,2000.0,12305800.0
1043,2021-10-08 06:27:45,5600.0,200.0,12303800.0
1044,2021-10-08 06:27:45,5600.0,200.0,12303600.0
1045,2021-10-08 06:27:45,5600.0,500.0,12303400.0
1046,2021-10-08 06:27:45,5600.0,2000.0,12302900.0
1047,2021-10-08 06:27:45,5600.0,100.0,12300900.0
1048,2021-10-08 06:27:45,5600.0,26500.0,12300800.0
1049,2021-10-08 06:27:45,5600.0,10000.0,12274300.0
1050,2021-10-08 06:27:45,5600.0,2000.0,12264300.0
1051,2021-10-08 06:27:45,5600.0,400.0,12262300.0
1052,2021-10-08 06:27:45,5600.0,300.0,12261900.0
1053,2021-10-08 06:27:45,5600.0,2000.0,12261600.0
1054,2021-10-08 06:27:45,5600.0,300.0,12259600.0
1055,2021-10-08 06:27:45,5600.0,4000.0,12259300.0
1056,2021-10-08 06:27:45,5600.0,200.0,12255300.0
1057,2021-10-08 06:27:45,5600.0,2000.0,12255100.0
1058,2021-10-08 06:27:45,5600.0,25000.0,12253100.0
1059,2021-10-08 06:27:45,5600.0,4300.0,12228100.0
1060,2021-10-08 06:27:45,5600.0,1000.0,12223800.0
1061,2021-10-08 06:27:45,5600.0,100.0,12222800.0
1062,2021-10-08 06:27:45,5600.0,600.0,12222700.0
1063,2021-10-08 06:27:45,5600.0,900.0,12222100.0
1064,2021-10-08 06:27:44,5600.0,100.0,12221200.0
1065,2021-10-08 06:27:44,5600.0,200.0,12221100.0
1066,2021-10-08 06:27:42,5620.0,500.0,12220900.0
1067,2021-10-08 06:27:33,5620.0,300.0,12220400.0
1068,2021-10-08 06:27:08,5620.0,2000.0,12220100.0
1069,2021-10-08 06:26:54,5600.0,300.0,12218100.0
1070,2021-10-08 06:26:54,5600.0,3100.0,12217800.0
1071,2021-10-08 06:26:54,5610.0,3000.0,12214700.0
1072,2021-10-08 06:26:54,5610.0,500.0,12211700.0
1073,2021-10-08 06:26:54,5610.0,500.0,12211200.0
1074,2021-10-08 06:26:54,5610.0,2600.0,12210700.0
1075,2021-10-08 06:26:41,5610.0,2400.0,12208100.0
1076,2021-10-08 06:26:41,5610.0,2100.0,12205700.0
1077,2021-10-08 06:26:41,5610.0,5000.0,12203600.0
1078,2021-10-08 06:26:41,5610.0,300.0,12198600.0
1079,2021-10-08 06:26:41,5610.0,200.0,12198300.0
1080,2021-10-08 06:26:25,5620.0,3600.0,12198100.0
1081,2021-10-08 06:26:13,5620.0,2000.0,12194500.0
1082,2021-10-08 06:26:12,5610.0,100.0,12192500.0
1083,2021-10-08 06:25:41,5620.0,200.0,12192400.0
1084,2021-10-08 06:25:31,5620.0,300.0,12192200.0
1085,2021-10-08 06:25:31,5620.0,1500.0,12191900.0
1086,2021-10-08 06:25:23,5610.0,1700.0,12190400.0
1087,2021-10-08 06:25:23,5610.0,300.0,12188700.0
1088,2021-10-08 06:25:23,5610.0,20000.0,12188400.0
1089,2021-10-08 06:25:23,5610.0,3000.0,12168400.0
1090,2021-10-08 06:25:23,5610.0,3000.0,12165400.0
1091,2021-10-08 06:25:23,5610.0,1000.0,12162400.0
1092,2021-10-08 06:25:23,5610.0,100.0,12161400.0
1093,2021-10-08 06:25:23,5610.0,200.0,12161300.0
1094,2021-10-08 06:25:23,5610.0,10700.0,12161100.0
1095,2021-10-08 06:25:20,5620.0,2100.0,12150400.0
1096,2021-10-08 06:25:20,5620.0,400.0,12148300.0
1097,2021-10-08 06:25:20,5620.0,500.0,12147900.0
1098,2021-10-08 06:25:20,5620.0,500.0,12147400.0
1099,2021-10-08 06:25:20,5620.0,500.0,12146900.0
1100,2021-10-08 06:25:20,5620.0,5000.0,12146400.0
1101,2021-10-08 06:25:20,5620.0,2000.0,12141400.0
1102,2021-10-08 06:25:19,5620.0,400.0,12139400.0
1103,2021-10-08 06:25:18,5620.0,1300.0,12139000.0
1104,2021-10-08 06:25:18,5620.0,400.0,12137700.0
1105,2021-10-08 06:25:18,5620.0,300.0,12137300.0
1106,2021-10-08 06:25:16,5620.0,700.0,12137000.0
1107,2021-10-08 06:25:16,5620.0,300.0,12136300.0
1108,2021-10-08 06:25:10,5620.0,1500.0,12136000.0
1109,2021-10-08 06:25:07,5620.0,3200.0,12134500.0
1110,2021-10-08 06:25:07,5620.0,2200.0,12131300.0
1111,2021-10-08 06:25:07,5620.0,100.0,12129100.0
1112,2021-10-08 06:25:07,5620.0,200.0,12129000.0
1113,2021-10-08 06:25:07,5620.0,1000.0,12128800.0
1114,2021-10-08 06:25:07,5620.0,6000.0,12127800.0
1115,2021-10-08 06:25:07,5620.0,600.0,12121800.0
1116,2021-10-08 06:25:07,5620.0,600.0,12121200.0
1117,2021-10-08 06:25:07,5620.0,5600.0,12120600.0
1118,2021-10-08 06:25:07,5620.0,500.0,12115000.0
1119,2021-10-08 06:25:07,5620.0,2000.0,12114500.0
1120,2021-10-08 06:25:07,5620.0,1000.0,12112500.0
1121,2021-10-08 06:25:07,5620.0,300.0,12111500.0
1122,2021-10-08 06:25:07,5620.0,200.0,12111200.0
1123,2021-10-08 06:25:07,5620.0,3000.0,12111000.0
1124,2021-10-08 06:25:07,5620.0,1000.0,12108000.0
1125,2021-10-08 06:25:07,5620.0,1000.0,12107000.0
1126,2021-10-08 06:25:07,5620.0,5000.0,12106000.0
1127,2021-10-08 06:25:07,5620.0,10000.0,12101000.0
1128,2021-10-08 06:25:07,5620.0,3500.0,12091000.0
1129,2021-10-08 06:25:07,5620.0,2000.0,12087500.0
1130,2021-10-08 06:25:07,5620.0,1000.0,12085500.0
1131,2021-10-08 06:25:07,5610.0,100.0,12084500.0
1132,2021-10-08 06:24:59,5610.0,500.0,12084400.0
1133,2021-10-08 06:24:53,5620.0,500.0,12083900.0
1134,2021-10-08 06:24:39,5620.0,500.0,12083400.0
1135,2021-10-08 06:24:15,5620.0,1000.0,12082900.0
1136,2021-10-08 06:24:15,5620.0,200.0,12081900.0
1137,2021-10-08 06:24:15,5620.0,200.0,12081700.0
1138,2021-10-08 06:24:15,5620.0,200.0,12081500.0
1139,2021-10-08 06:24:15,5620.0,400.0,12081300.0
1140,2021-10-08 06:24:15,5620.0,500.0,12080900.0
1141,2021-10-08 06:24:15,5620.0,2000.0,12080400.0
1142,2021-10-08 06:23:43,5620.0,500.0,12078400.0
1143,2021-10-08 06:23:29,5620.0,500.0,12077900.0
1144,2021-10-08 06:23:29,5620.0,900.0,12077400.0
1145,2021-10-08 06:22:59,5610.0,2000.0,12076500.0
1146,2021-10-08 06:22:52,5610.0,2000.0,12074500.0
1147,2021-10-08 06:22:39,5610.0,700.0,12072500.0
1148,2021-10-08 06:22:39,5610.0,500.0,12071800.0
1149,2021-10-08 06:22:39,5610.0,600.0,12071300.0
1150,2021-10-08 06:22:34,5610.0,5000.0,12070700.0
1151,2021-10-08 06:22:28,5610.0,4400.0,12065700.0
1152,2021-10-08 06:22:28,5610.0,400.0,12061300.0
1153,2021-10-08 06:22:28,5610.0,100.0,12060900.0
1154,2021-10-08 06:22:28,5610.0,2000.0,12060800.0
1155,2021-10-08 06:22:23,5620.0,100.0,12058800.0
1156,2021-10-08 06:22:23,5620.0,200.0,12058700.0
1157,2021-10-08 06:21:57,5610.0,200.0,12058500.0
1158,2021-10-08 06:21:57,5610.0,800.0,12058300.0
1159,2021-10-08 06:21:48,5610.0,1000.0,12057500.0
1160,2021-10-08 06:21:24,5610.0,300.0,12056500.0
1161,2021-10-08 06:21:15,5610.0,800.0,12056200.0
1162,2021-10-08 06:21:01,5610.0,600.0,12055400.0
1163,2021-10-08 06:21:01,5610.0,4400.0,12054800.0
1164,2021-10-08 06:20:53,5610.0,6800.0,12050400.0
1165,2021-10-08 06:20:53,5610.0,3200.0,12043600.0
1166,2021-10-08 06:20:41,5620.0,100.0,12040400.0
1167,2021-10-08 06:20:41,5620.0,1000.0,12040300.0
1168,2021-10-08 06:20:41,5620.0,500.0,12039300.0
1169,2021-10-08 06:20:41,5620.0,100.0,12038800.0
1170,2021-10-08 06:20:41,5620.0,300.0,12038700.0
1171,2021-10-08 06:20:38,5610.0,6000.0,12038400.0
1172,2021-10-08 06:19:49,5610.0,100.0,12032400.0
1173,2021-10-08 06:19:37,5610.0,700.0,12032300.0
1174,2021-10-08 06:19:37,5610.0,300.0,12031600.0
1175,2021-10-08 06:19:28,5620.0,700.0,12031300.0
1176,2021-10-08 06:19:28,5620.0,1000.0,12030600.0
1177,2021-10-08 06:19:28,5620.0,2300.0,12029600.0
1178,2021-10-08 06:19:28,5620.0,1500.0,12027300.0
1179,2021-10-08 06:19:25,5620.0,100.0,12025800.0
1180,2021-10-08 06:19:25,5620.0,700.0,12025700.0
1181,2021-10-08 06:19:21,5620.0,100.0,12025000.0
1182,2021-10-08 06:19:16,5620.0,800.0,12024900.0
1183,2021-10-08 06:19:16,5620.0,700.0,12024100.0
1184,2021-10-08 06:19:06,5620.0,300.0,12023400.0
1185,2021-10-08 06:19:06,5620.0,2700.0,12023100.0
1186,2021-10-08 06:18:43,5620.0,500.0,12020400.0
1187,2021-10-08 06:18:16,5610.0,100.0,12019900.0
1188,2021-10-08 06:18:15,5610.0,1000.0,12019800.0
1189,2021-10-08 06:18:08,5610.0,4000.0,12018800.0
1190,2021-10-08 06:18:03,5610.0,1500.0,12014800.0
1191,2021-10-08 06:18:03,5610.0,3500.0,12013300.0
1192,2021-10-08 06:17:41,5610.0,200.0,12009800.0
1193,2021-10-08 06:17:41,5610.0,500.0,12009600.0
1194,2021-10-08 06:17:41,5610.0,2900.0,12009100.0
1195,2021-10-08 06:17:27,5610.0,400.0,12006200.0
1196,2021-10-08 06:17:22,5610.0,1500.0,12005800.0
1197,2021-10-08 06:17:22,5610.0,500.0,12004300.0
1198,2021-10-08 06:17:19,5610.0,1200.0,12003800.0
1199,2021-10-08 06:17:19,5610.0,1800.0,12002600.0
1200,2021-10-08 06:16:54,5610.0,200.0,12000800.0
1201,2021-10-08 06:16:54,5610.0,2800.0,12000600.0
1202,2021-10-08 06:16:48,5620.0,500.0,11997800.0
1203,2021-10-08 06:16:28,5610.0,600.0,11997300.0
1204,2021-10-08 06:16:27,5610.0,11000.0,11996700.0
1205,2021-10-08 06:16:08,5610.0,1000.0,11985700.0
1206,2021-10-08 06:16:08,5610.0,2000.0,11984700.0
1207,2021-10-08 06:15:32,5610.0,2000.0,11982700.0
1208,2021-10-08 06:15:04,5610.0,10000.0,11980700.0
1209,2021-10-08 06:14:59,5610.0,100.0,11970700.0
1210,2021-10-08 06:14:40,5620.0,8300.0,11970600.0
1211,2021-10-08 06:14:40,5620.0,100.0,11962300.0
1212,2021-10-08 06:14:40,5620.0,200.0,11962200.0
1213,2021-10-08 06:14:40,5620.0,1000.0,11962000.0
1214,2021-10-08 06:14:40,5620.0,200.0,11961000.0
1215,2021-10-08 06:14:40,5620.0,100.0,11960800.0
1216,2021-10-08 06:14:40,5620.0,800.0,11960700.0
1217,2021-10-08 06:14:40,5620.0,4300.0,11959900.0
1218,2021-10-08 06:14:36,5620.0,300.0,11955600.0
1219,2021-10-08 06:14:34,5620.0,1400.0,11955300.0
1220,2021-10-08 06:14:34,5620.0,3000.0,11953900.0
1221,2021-10-08 06:14:34,5620.0,400.0,11950900.0
1222,2021-10-08 06:14:34,5620.0,5000.0,11950500.0
1223,2021-10-08 06:14:34,5620.0,100.0,11945500.0
1224,2021-10-08 06:14:34,5620.0,100.0,11945400.0
1225,2021-10-08 06:14:27,5620.0,100.0,11945300.0
1226,2021-10-08 06:13:48,5620.0,100.0,11945200.0
1227,2021-10-08 06:13:45,5620.0,500.0,11945100.0
1228,2021-10-08 06:13:33,5620.0,1200.0,11944600.0
1229,2021-10-08 06:13:33,5620.0,100.0,11943400.0
1230,2021-10-08 06:13:33,5620.0,300.0,11943300.0
1231,2021-10-08 06:13:33,5620.0,100.0,11943000.0
1232,2021-10-08 06:13:33,5620.0,100.0,11942900.0
1233,2021-10-08 06:13:33,5620.0,2000.0,11942800.0
1234,2021-10-08 06:13:33,5620.0,2500.0,11940800.0
1235,2021-10-08 06:13:33,5620.0,1000.0,11938300.0
1236,2021-10-08 06:13:33,5620.0,1000.0,11937300.0
1237,2021-10-08 06:13:33,5620.0,3400.0,11936300.0
1238,2021-10-08 06:13:17,5620.0,1500.0,11932900.0
1239,2021-10-08 06:13:11,5610.0,300.0,11931400.0
1240,2021-10-08 06:13:04,5620.0,1000.0,11931100.0
1241,2021-10-08 06:12:58,5620.0,5000.0,11930100.0
1242,2021-10-08 06:12:56,5620.0,200.0,11925100.0
1243,2021-10-08 06:12:37,5610.0,1000.0,11924900.0
1244,2021-10-08 06:12:31,5620.0,100.0,11923900.0
1245,2021-10-08 06:12:24,5610.0,200.0,11923800.0
1246,2021-10-08 06:12:06,5600.0,500.0,11923600.0
1247,2021-10-08 06:11:32,5600.0,4000.0,11923100.0
1248,2021-10-08 06:11:28,5620.0,5900.0,11919100.0
1249,2021-10-08 06:11:28,5610.0,1000.0,11913200.0
1250,2021-10-08 06:11:28,5610.0,100.0,11912200.0
1251,2021-10-08 06:11:28,5610.0,300.0,11912100.0
1252,2021-10-08 06:11:28,5610.0,200.0,11911800.0
1253,2021-10-08 06:11:28,5610.0,2000.0,11911600.0
1254,2021-10-08 06:11:28,5610.0,500.0,11909600.0
1255,2021-10-08 06:11:28,5610.0,2000.0,11909100.0
1256,2021-10-08 06:11:28,5610.0,1000.0,11907100.0
1257,2021-10-08 06:11:28,5610.0,5000.0,11906100.0
1258,2021-10-08 06:11:28,5610.0,1000.0,11901100.0
1259,2021-10-08 06:11:28,5610.0,1000.0,11900100.0
1260,2021-10-08 06:11:09,5600.0,1000.0,11899100.0
1261,2021-10-08 06:11:06,5600.0,1800.0,11898100.0
1262,2021-10-08 06:10:59,5600.0,3500.0,11896300.0
1263,2021-10-08 06:10:57,5600.0,100.0,11892800.0
1264,2021-10-08 06:10:50,5600.0,2900.0,11892700.0
1265,2021-10-08 06:10:50,5600.0,500.0,11889800.0
1266,2021-10-08 06:10:50,5600.0,300.0,11889300.0
1267,2021-10-08 06:10:50,5600.0,100.0,11889000.0
1268,2021-10-08 06:10:50,5600.0,1000.0,11888900.0
1269,2021-10-08 06:10:50,5600.0,100.0,11887900.0
1270,2021-10-08 06:10:50,5600.0,1500.0,11887800.0
1271,2021-10-08 06:10:41,5600.0,5500.0,11886300.0
1272,2021-10-08 06:10:41,5600.0,70000.0,11880800.0
1273,2021-10-08 06:10:41,5600.0,2000.0,11810800.0
1274,2021-10-08 06:10:41,5600.0,3000.0,11808800.0
1275,2021-10-08 06:10:41,5600.0,400.0,11805800.0
1276,2021-10-08 06:10:41,5600.0,118300.0,11805400.0
1277,2021-10-08 06:10:41,5600.0,800.0,11687100.0
1278,2021-10-08 06:10:28,5600.0,4100.0,11686300.0
1279,2021-10-08 06:10:10,5600.0,100.0,11682200.0
1280,2021-10-08 06:10:10,5600.0,1000.0,11682100.0
1281,2021-10-08 06:10:10,5600.0,3000.0,11681100.0
1282,2021-10-08 06:10:10,5600.0,100.0,11678100.0
1283,2021-10-08 06:10:10,5600.0,5000.0,11678000.0
1284,2021-10-08 06:10:10,5600.0,300.0,11673000.0
1285,2021-10-08 06:10:10,5600.0,20000.0,11672700.0
1286,2021-10-08 06:10:10,5600.0,500.0,11652700.0
1287,2021-10-08 06:10:10,5600.0,200.0,11652200.0
1288,2021-10-08 06:10:10,5600.0,1000.0,11652000.0
1289,2021-10-08 06:10:10,5600.0,100.0,11651000.0
1290,2021-10-08 06:10:10,5600.0,1000.0,11650900.0
1291,2021-10-08 06:10:10,5600.0,1000.0,11649900.0
1292,2021-10-08 06:10:10,5600.0,2000.0,11648900.0
1293,2021-10-08 06:10:10,5600.0,200.0,11646900.0
1294,2021-10-08 06:10:10,5600.0,300.0,11646700.0
1295,2021-10-08 06:10:10,5600.0,100.0,11646400.0
1296,2021-10-08 06:10:10,5600.0,1000.0,11646300.0
1297,2021-10-08 06:10:10,5600.0,100.0,11645300.0
1298,2021-10-08 06:10:10,5600.0,1000.0,11645200.0
1299,2021-10-08 06:10:10,5600.0,500.0,11644200.0
1300,2021-10-08 06:10:10,5600.0,500.0,11643700.0
1301,2021-10-08 06:10:10,5600.0,2000.0,11643200.0
1302,2021-10-08 06:10:10,5600.0,9000.0,11641200.0
1303,2021-10-08 06:10:07,5600.0,4000.0,11632200.0
1304,2021-10-08 06:09:54,5600.0,5200.0,11628200.0
1305,2021-10-08 06:09:49,5600.0,2100.0,11623000.0
1306,2021-10-08 06:09:40,5600.0,1300.0,11620900.0
1307,2021-10-08 06:09:40,5600.0,700.0,11619600.0
1308,2021-10-08 06:09:24,5600.0,200.0,11618900.0
1309,2021-10-08 06:09:23,5600.0,100.0,11618700.0
1310,2021-10-08 06:09:23,5600.0,2000.0,11618600.0
1311,2021-10-08 06:09:23,5600.0,12000.0,11616600.0
1312,2021-10-08 06:09:23,5600.0,700.0,11604600.0
1313,2021-10-08 06:09:23,5600.0,100.0,11603900.0
1314,2021-10-08 06:09:23,5600.0,1000.0,11603800.0
1315,2021-10-08 06:09:07,5600.0,500.0,11602800.0
1316,2021-10-08 06:08:48,5590.0,1600.0,11602300.0
1317,2021-10-08 06:08:45,5590.0,100.0,11600700.0
1318,2021-10-08 06:08:36,5590.0,300.0,11600600.0
1319,2021-10-08 06:08:31,5580.0,4500.0,11600300.0
1320,2021-10-08 06:08:22,5580.0,200.0,11595800.0
1321,2021-10-08 06:08:22,5580.0,800.0,11595600.0
1322,2021-10-08 06:08:17,5580.0,500.0,11594800.0
1323,2021-10-08 06:07:40,5580.0,3000.0,11594300.0
1324,2021-10-08 06:07:28,5580.0,5700.0,11591300.0
1325,2021-10-08 06:07:28,5580.0,3600.0,11585600.0
1326,2021-10-08 06:07:28,5580.0,100.0,11582000.0
1327,2021-10-08 06:07:28,5580.0,1200.0,11581900.0
1328,2021-10-08 06:07:28,5580.0,200.0,11580700.0
1329,2021-10-08 06:07:15,5580.0,100.0,11580500.0
1330,2021-10-08 06:07:15,5580.0,200.0,11580400.0
1331,2021-10-08 06:07:15,5580.0,200.0,11580200.0
1332,2021-10-08 06:07:05,5580.0,1000.0,11580000.0
1333,2021-10-08 06:06:42,5580.0,600.0,11579000.0
1334,2021-10-08 06:06:37,5580.0,500.0,11578400.0
1335,2021-10-08 06:06:27,5580.0,500.0,11577900.0
1336,2021-10-08 06:06:27,5580.0,100.0,11577400.0
1337,2021-10-08 06:06:13,5580.0,500.0,11577300.0
1338,2021-10-08 06:05:44,5580.0,200.0,11576800.0
1339,2021-10-08 06:05:29,5580.0,500.0,11576600.0
1340,2021-10-08 06:04:55,5600.0,100.0,11576100.0
1341,2021-10-08 06:03:47,5600.0,100.0,11576000.0
1342,2021-10-08 06:03:38,5580.0,500.0,11575900.0
1343,2021-10-08 06:03:38,5580.0,200.0,11575400.0
1344,2021-10-08 06:03:38,5580.0,300.0,11575200.0
1345,2021-10-08 06:03:25,5580.0,200.0,11574900.0
1346,2021-10-08 06:03:25,5580.0,400.0,11574700.0
1347,2021-10-08 06:03:25,5580.0,3000.0,11574300.0
1348,2021-10-08 06:03:25,5580.0,100.0,11571300.0
1349,2021-10-08 06:03:25,5580.0,2300.0,11571200.0
1350,2021-10-08 06:03:13,5580.0,100.0,11568900.0
1351,2021-10-08 06:02:41,5600.0,500.0,11568800.0
1352,2021-10-08 06:02:01,5600.0,200.0,11568300.0
1353,2021-10-08 06:01:40,5580.0,1800.0,11568100.0
1354,2021-10-08 06:01:21,5580.0,1000.0,11566300.0
1355,2021-10-08 06:01:03,5580.0,100.0,11565300.0
1356,2021-10-08 06:01:01,5600.0,3000.0,11565200.0
1357,2021-10-08 06:00:32,5580.0,2600.0,11562200.0
1358,2021-10-08 06:00:30,5600.0,500.0,11559600.0
1359,2021-10-08 06:00:28,5600.0,4100.0,11559100.0
1360,2021-10-08 06:00:28,5600.0,300.0,11555000.0
1361,2021-10-08 06:00:28,5600.0,2000.0,11554700.0
1362,2021-10-08 06:00:28,5600.0,1000.0,11552700.0
1363,2021-10-08 06:00:28,5600.0,400.0,11551700.0
1364,2021-10-08 06:00:28,5600.0,200.0,11551300.0
1365,2021-10-08 06:00:28,5600.0,500.0,11551100.0
1366,2021-10-08 06:00:28,5600.0,1000.0,11550600.0
1367,2021-10-08 06:00:28,5590.0,500.0,11549600.0
1368,2021-10-08 06:00:28,5590.0,4500.0,11549100.0
1369,2021-10-08 06:00:28,5590.0,500.0,11544600.0
1370,2021-10-08 06:00:28,5590.0,5000.0,11544100.0
1371,2021-10-08 06:00:27,5580.0,400.0,11539100.0
1372,2021-10-08 06:00:26,5580.0,500.0,11538700.0
1373,2021-10-08 06:00:26,5580.0,400.0,11538200.0
1374,2021-10-08 06:00:26,5580.0,100.0,11537800.0
1375,2021-10-08 06:00:26,5580.0,9300.0,11537700.0
1376,2021-10-08 06:00:26,5580.0,300.0,11528400.0
1377,2021-10-08 06:00:26,5580.0,300.0,11528100.0
1378,2021-10-08 06:00:26,5580.0,200.0,11527800.0
1379,2021-10-08 06:00:26,5580.0,1000.0,11527600.0
1380,2021-10-08 06:00:26,5580.0,200.0,11526600.0
1381,2021-10-08 06:00:26,5580.0,1000.0,11526400.0
1382,2021-10-08 06:00:26,5580.0,400.0,11525400.0
1383,2021-10-08 06:00:24,5570.0,900.0,11525000.0
1384,2021-10-08 06:00:24,5570.0,1100.0,11524100.0
1385,2021-10-08 06:00:21,5580.0,2000.0,11523000.0
1386,2021-10-08 06:00:21,5580.0,100.0,11521000.0
1387,2021-10-08 06:00:21,5580.0,300.0,11520900.0
1388,2021-10-08 06:00:21,5580.0,300.0,11520600.0
1389,2021-10-08 06:00:21,5580.0,400.0,11520300.0
1390,2021-10-08 06:00:21,5580.0,1900.0,11519900.0
1391,2021-10-08 06:00:19,5580.0,200.0,11518000.0
1392,2021-10-08 06:00:16,5580.0,100.0,11517800.0
1393,2021-10-08 06:00:14,5580.0,200.0,11517700.0
1394,2021-10-08 06:00:13,5580.0,1000.0,11517500.0
1395,2021-10-08 06:00:12,5580.0,1000.0,11516500.0
1396,2021-10-08 06:00:10,5580.0,900.0,11515500.0
1397,2021-10-08 06:00:09,5580.0,300.0,11514600.0
1398,2021-10-08 06:00:09,5580.0,2000.0,11514300.0
1399,2021-10-08 06:00:07,5570.0,1900.0,11512300.0
1400,2021-10-08 06:00:07,5570.0,100.0,11510400.0
1401,2021-10-08 06:00:07,5570.0,500.0,11510300.0
1402,2021-10-08 06:00:07,5570.0,100.0,11509800.0
1403,2021-10-08 06:00:07,5570.0,1000.0,11509700.0
1404,2021-10-08 06:00:07,5570.0,3000.0,11508700.0
1405,2021-10-08 06:00:07,5570.0,300.0,11505700.0
1406,2021-10-08 06:00:07,5570.0,1000.0,11505400.0
1407,2021-10-08 06:00:07,5570.0,500.0,11504400.0
1408,2021-10-08 06:00:07,5570.0,3000.0,11503900.0
1409,2021-10-08 06:00:07,5570.0,2000.0,11500900.0
1410,2021-10-08 06:00:07,5570.0,600.0,11498900.0
1411,2021-10-08 06:00:07,5580.0,500.0,11498300.0
1412,2021-10-08 06:00:06,5580.0,1900.0,11497800.0
1413,2021-10-08 06:00:06,5580.0,100.0,11495900.0
1414,2021-10-08 06:00:05,5580.0,400.0,11495800.0
1415,2021-10-08 06:00:05,5580.0,1000.0,11495400.0
1416,2021-10-08 06:00:05,5580.0,100.0,11494400.0
1417,2021-10-08 06:00:05,5580.0,2000.0,11494300.0
1418,2021-10-08 06:00:04,5580.0,700.0,11492300.0
1419,2021-10-08 06:00:01,5580.0,600.0,11491600.0
1420,2021-10-08 06:00:01,5580.0,1000.0,11491000.0
1421,2021-10-08 06:00:01,5580.0,500.0,11490000.0
1422,2021-10-08 06:00:01,5580.0,200.0,11489500.0
1423,2021-10-08 06:00:00,5580.0,1000.0,11489300.0
1424,2021-10-08 06:00:00,5580.0,100.0,11488300.0
1425,2021-10-08 06:00:00,5580.0,100.0,11488200.0
1426,2021-10-08 06:00:00,5580.0,500.0,11488100.0
1427,2021-10-08 06:00:00,5580.0,1000.0,11487600.0
1428,2021-10-08 06:00:00,5580.0,200.0,11486600.0
1429,2021-10-08 06:00:00,5580.0,500.0,11486400.0
1430,2021-10-08 06:00:00,5580.0,100.0,11485900.0
1431,2021-10-08 06:00:00,5580.0,100.0,11485800.0
1432,2021-10-08 06:00:00,5570.0,400.0,11485700.0
1433,2021-10-08 04:30:00,5580.0,100.0,11485300.0
1434,2021-10-08 04:29:57,5580.0,500.0,11485200.0
1435,2021-10-08 04:29:50,5580.0,800.0,11484700.0
1436,2021-10-08 04:29:38,5580.0,1000.0,11483900.0
1437,2021-10-08 04:29:38,5580.0,1000.0,11482900.0
1438,2021-10-08 04:29:38,5580.0,2900.0,11481900.0
1439,2021-10-08 04:29:38,5580.0,2000.0,11479000.0
1440,2021-10-08 04:29:38,5580.0,2000.0,11477000.0
1441,2021-10-08 04:29:38,5580.0,5000.0,11475000.0
1442,2021-10-08 04:29:38,5580.0,400.0,11470000.0
1443,2021-10-08 04:29:38,5580.0,5700.0,11469600.0
1444,2021-10-08 04:29:32,5580.0,100.0,11463900.0
1445,2021-10-08 04:29:22,5580.0,200.0,11463800.0
1446,2021-10-08 04:28:48,5580.0,2000.0,11463600.0
1447,2021-10-08 04:28:21,5590.0,5000.0,11461600.0
1448,2021-10-08 04:27:56,5590.0,3600.0,11456600.0
1449,2021-10-08 04:27:49,5590.0,15000.0,11453000.0
1450,2021-10-08 04:27:42,5580.0,2000.0,11438000.0
1451,2021-10-08 04:27:29,5580.0,1000.0,11436000.0
1452,2021-10-08 04:27:00,5580.0,400.0,11435000.0
1453,2021-10-08 04:27:00,5580.0,1100.0,11434600.0
1454,2021-10-08 04:26:41,5580.0,200.0,11433500.0
1455,2021-10-08 04:26:41,5580.0,1200.0,11433300.0
1456,2021-10-08 04:26:41,5580.0,2000.0,11432100.0
1457,2021-10-08 04:26:41,5580.0,1900.0,11430100.0
1458,2021-10-08 04:26:32,5590.0,300.0,11428200.0
1459,2021-10-08 04:26:32,5590.0,5000.0,11427900.0
1460,2021-10-08 04:26:32,5590.0,2400.0,11422900.0
1461,2021-10-08 04:26:32,5590.0,1300.0,11420500.0
1462,2021-10-08 04:26:26,5600.0,1000.0,11419200.0
1463,2021-10-08 04:25:39,5600.0,3200.0,11418200.0
1464,2021-10-08 04:24:53,5590.0,100.0,11415000.0
1465,2021-10-08 04:24:49,5600.0,6700.0,11414900.0
1466,2021-10-08 04:24:49,5600.0,5000.0,11408200.0
1467,2021-10-08 04:24:49,5600.0,500.0,11403200.0
1468,2021-10-08 04:24:49,5600.0,500.0,11402700.0
1469,2021-10-08 04:24:49,5600.0,1000.0,11402200.0
1470,2021-10-08 04:24:49,5600.0,10000.0,11401200.0
1471,2021-10-08 04:24:49,5600.0,1000.0,11391200.0
1472,2021-10-08 04:24:49,5600.0,4000.0,11390200.0
1473,2021-10-08 04:24:49,5600.0,100.0,11386200.0
1474,2021-10-08 04:24:49,5600.0,2500.0,11386100.0
1475,2021-10-08 04:24:49,5600.0,4000.0,11383600.0
1476,2021-10-08 04:24:49,5600.0,200.0,11379600.0
1477,2021-10-08 04:24:49,5600.0,1500.0,11379400.0
1478,2021-10-08 04:24:49,5600.0,1000.0,11377900.0
1479,2021-10-08 04:24:49,5600.0,8500.0,11376900.0
1480,2021-10-08 04:24:45,5590.0,100.0,11368400.0
1481,2021-10-08 04:24:35,5600.0,1500.0,11368300.0
1482,2021-10-08 04:24:35,5600.0,500.0,11366800.0
1483,2021-10-08 04:24:14,5600.0,1000.0,11366300.0
1484,2021-10-08 04:24:14,5590.0,200.0,11365300.0
1485,2021-10-08 04:23:58,5600.0,100.0,11365100.0
1486,2021-10-08 04:23:52,5600.0,300.0,11365000.0
1487,2021-10-08 04:23:52,5600.0,2100.0,11364700.0
1488,2021-10-08 04:23:26,5600.0,700.0,11362600.0
1489,2021-10-08 04:23:26,5600.0,200.0,11361900.0
1490,2021-10-08 04:23:26,5600.0,1000.0,11361700.0
1491,2021-10-08 04:23:26,5600.0,500.0,11360700.0
1492,2021-10-08 04:23:26,5600.0,500.0,11360200.0
1493,2021-10-08 04:23:26,5600.0,3900.0,11359700.0
1494,2021-10-08 04:23:23,5590.0,400.0,11355800.0
1495,2021-10-08 04:23:15,5590.0,900.0,11355400.0
1496,2021-10-08 04:22:57,5590.0,2000.0,11354500.0
1497,2021-10-08 04:22:57,5590.0,300.0,11352500.0
1498,2021-10-08 04:22:53,5590.0,500.0,11352200.0
1499,2021-10-08 04:22:21,5590.0,700.0,11351700.0
1500,2021-10-08 04:22:21,5590.0,300.0,11351000.0
1501,2021-10-08 04:22:16,5580.0,8100.0,11350700.0
1502,2021-10-08 04:22:16,5580.0,100.0,11342600.0
1503,2021-10-08 04:22:16,5580.0,200.0,11342500.0
1504,2021-10-08 04:22:16,5580.0,600.0,11342300.0
1505,2021-10-08 04:22:16,5580.0,600.0,11341700.0
1506,2021-10-08 04:22:16,5580.0,400.0,11341100.0
1507,2021-10-08 04:21:51,5580.0,100.0,11340700.0
1508,2021-10-08 04:21:35,5580.0,2000.0,11340600.0
1509,2021-10-08 04:21:07,5580.0,2000.0,11338600.0
1510,2021-10-08 04:21:07,5580.0,500.0,11336600.0
1511,2021-10-08 04:20:48,5580.0,500.0,11336100.0
1512,2021-10-08 04:20:41,5580.0,100.0,11335600.0
1513,2021-10-08 04:20:40,5580.0,900.0,11335500.0
1514,2021-10-08 04:19:56,5580.0,400.0,11334600.0
1515,2021-10-08 04:19:56,5580.0,500.0,11334200.0
1516,2021-10-08 04:19:56,5580.0,2000.0,11333700.0
1517,2021-10-08 04:19:56,5580.0,200.0,11331700.0
1518,2021-10-08 04:19:56,5580.0,100.0,11331500.0
1519,2021-10-08 04:19:56,5580.0,500.0,11331400.0
1520,2021-10-08 04:19:56,5580.0,200.0,11330900.0
1521,2021-10-08 04:19:56,5580.0,3000.0,11330700.0
1522,2021-10-08 04:19:56,5580.0,300.0,11327700.0
1523,2021-10-08 04:19:56,5580.0,100.0,11327400.0
1524,2021-10-08 04:19:56,5580.0,100.0,11327300.0
1525,2021-10-08 04:19:56,5580.0,600.0,11327200.0
1526,2021-10-08 04:19:16,5580.0,4400.0,11326600.0
1527,2021-10-08 04:19:16,5580.0,5000.0,11322200.0
1528,2021-10-08 04:18:57,5590.0,100.0,11317200.0
1529,2021-10-08 04:18:57,5590.0,100.0,11317100.0
1530,2021-10-08 04:18:57,5590.0,100.0,11317000.0
1531,2021-10-08 04:18:57,5590.0,300.0,11316900.0
1532,2021-10-08 04:18:54,5590.0,600.0,11316600.0
1533,2021-10-08 04:18:54,5590.0,100.0,11316000.0
1534,2021-10-08 04:18:54,5590.0,2300.0,11315900.0
1535,2021-10-08 04:18:49,5600.0,100.0,11313600.0
1536,2021-10-08 04:18:35,5600.0,300.0,11313500.0
1537,2021-10-08 04:18:35,5590.0,10000.0,11313200.0
1538,2021-10-08 04:18:33,5600.0,500.0,11303200.0
1539,2021-10-08 04:18:12,5600.0,200.0,11302700.0
1540,2021-10-08 04:18:12,5600.0,1800.0,11302500.0
1541,2021-10-08 04:17:36,5590.0,1500.0,11300700.0
1542,2021-10-08 04:17:36,5590.0,100.0,11299200.0
1543,2021-10-08 04:17:36,5590.0,500.0,11299100.0
1544,2021-10-08 04:17:36,5590.0,2000.0,11298600.0
1545,2021-10-08 04:17:36,5590.0,2700.0,11296600.0
1546,2021-10-08 04:17:36,5590.0,1000.0,11293900.0
1547,2021-10-08 04:17:36,5590.0,1000.0,11292900.0
1548,2021-10-08 04:17:36,5590.0,1000.0,11291900.0
1549,2021-10-08 04:17:36,5590.0,200.0,11290900.0
1550,2021-10-08 04:17:17,5600.0,200.0,11290700.0
1551,2021-10-08 04:17:17,5600.0,100.0,11290500.0
1552,2021-10-08 04:17:12,5590.0,200.0,11290400.0
1553,2021-10-08 04:17:01,5590.0,100.0,11290200.0
1554,2021-10-08 04:17:01,5590.0,200.0,11290100.0
1555,2021-10-08 04:17:01,5590.0,200.0,11289900.0
1556,2021-10-08 04:17:00,5600.0,600.0,11289700.0
1557,2021-10-08 04:17:00,5600.0,1000.0,11289100.0
1558,2021-10-08 04:17:00,5600.0,100.0,11288100.0
1559,2021-10-08 04:17:00,5600.0,5500.0,11288000.0
1560,2021-10-08 04:17:00,5600.0,400.0,11282500.0
1561,2021-10-08 04:17:00,5600.0,400.0,11282100.0
1562,2021-10-08 04:16:53,5590.0,100.0,11281700.0
1563,2021-10-08 04:16:45,5590.0,200.0,11281600.0
1564,2021-10-08 04:16:45,5590.0,2800.0,11281400.0
1565,2021-10-08 04:16:02,5600.0,1000.0,11278600.0
1566,2021-10-08 04:16:02,5600.0,8100.0,11277600.0
1567,2021-10-08 04:15:48,5600.0,500.0,11269500.0
1568,2021-10-08 04:15:48,5600.0,400.0,11269000.0
1569,2021-10-08 04:15:38,5600.0,100.0,11268600.0
1570,2021-10-08 04:15:38,5600.0,100.0,11268500.0
1571,2021-10-08 04:15:38,5600.0,800.0,11268400.0
1572,2021-10-08 04:15:28,5600.0,300.0,11267600.0
1573,2021-10-08 04:15:09,5600.0,400.0,11267300.0
1574,2021-10-08 04:15:09,5600.0,100.0,11266900.0
1575,2021-10-08 04:15:09,5600.0,400.0,11266800.0
1576,2021-10-08 04:15:09,5600.0,300.0,11266400.0
1577,2021-10-08 04:15:02,5600.0,100.0,11266100.0
1578,2021-10-08 04:14:57,5600.0,1000.0,11266000.0
1579,2021-10-08 04:14:41,5600.0,200.0,11265000.0
1580,2021-10-08 04:14:41,5600.0,2000.0,11264800.0
1581,2021-10-08 04:14:07,5600.0,300.0,11262800.0
1582,2021-10-08 04:14:07,5600.0,3000.0,11262500.0
1583,2021-10-08 04:14:07,5600.0,1000.0,11259500.0
1584,2021-10-08 04:14:07,5600.0,1000.0,11258500.0
1585,2021-10-08 04:14:07,5600.0,200.0,11257500.0
1586,2021-10-08 04:14:07,5600.0,1600.0,11257300.0
1587,2021-10-08 04:14:07,5600.0,1000.0,11255700.0
1588,2021-10-08 04:14:07,5600.0,600.0,11254700.0
1589,2021-10-08 04:14:07,5600.0,1300.0,11254100.0
1590,2021-10-08 04:13:54,5600.0,1700.0,11252800.0
1591,2021-10-08 04:13:54,5600.0,6000.0,11251100.0
1592,2021-10-08 04:13:54,5600.0,200.0,11245100.0
1593,2021-10-08 04:13:54,5600.0,17200.0,11244900.0
1594,2021-10-08 04:13:53,5600.0,900.0,11227700.0
1595,2021-10-08 04:13:32,5600.0,1900.0,11226800.0
1596,2021-10-08 04:13:32,5600.0,200.0,11224900.0
1597,2021-10-08 04:13:32,5600.0,400.0,11224700.0
1598,2021-10-08 04:13:32,5600.0,2500.0,11224300.0
1599,2021-10-08 04:13:18,5600.0,2000.0,11221800.0
1600,2021-10-08 04:13:06,5600.0,1000.0,11219800.0
1601,2021-10-08 04:13:02,5600.0,1000.0,11218800.0
1602,2021-10-08 04:12:19,5600.0,3000.0,11217800.0
1603,2021-10-08 04:11:47,5600.0,2000.0,11214800.0
1604,2021-10-08 04:11:39,5600.0,200.0,11212800.0
1605,2021-10-08 04:11:20,5600.0,2000.0,11212600.0
1606,2021-10-08 04:11:07,5600.0,800.0,11210600.0
1607,2021-10-08 04:11:07,5600.0,1200.0,11209800.0
1608,2021-10-08 04:11:07,5600.0,100.0,11208600.0
1609,2021-10-08 04:11:07,5600.0,300.0,11208500.0
1610,2021-10-08 04:11:07,5600.0,100.0,11208200.0
1611,2021-10-08 04:11:07,5600.0,500.0,11208100.0
1612,2021-10-08 04:11:01,5600.0,500.0,11207600.0
1613,2021-10-08 04:10:41,5610.0,100.0,11207100.0
1614,2021-10-08 04:10:21,5610.0,500.0,11207000.0
1615,2021-10-08 04:10:20,5610.0,300.0,11206500.0
1616,2021-10-08 04:10:20,5610.0,500.0,11206200.0
1617,2021-10-08 04:10:19,5610.0,100.0,11205700.0
1618,2021-10-08 04:10:09,5610.0,3000.0,11205600.0
1619,2021-10-08 04:10:09,5600.0,1400.0,11202600.0
1620,2021-10-08 04:10:00,5600.0,1000.0,11201200.0
1621,2021-10-08 04:09:59,5600.0,500.0,11200200.0
1622,2021-10-08 04:09:59,5600.0,500.0,11199700.0
1623,2021-10-08 04:09:56,5590.0,100.0,11199200.0
1624,2021-10-08 04:09:55,5600.0,100.0,11199100.0
1625,2021-10-08 04:09:50,5600.0,200.0,11199000.0
1626,2021-10-08 04:09:47,5600.0,1000.0,11198800.0
1627,2021-10-08 04:09:41,5600.0,200.0,11197800.0
1628,2021-10-08 04:09:41,5600.0,200.0,11197600.0
1629,2021-10-08 04:09:41,5600.0,100.0,11197400.0
1630,2021-10-08 04:09:40,5600.0,5000.0,11197300.0
1631,2021-10-08 04:09:34,5600.0,4500.0,11192300.0
1632,2021-10-08 04:09:32,5600.0,5000.0,11187800.0
1633,2021-10-08 04:09:23,5600.0,100.0,11182800.0
1634,2021-10-08 04:08:54,5600.0,700.0,11182700.0
1635,2021-10-08 04:08:37,5590.0,500.0,11182000.0
1636,2021-10-08 04:08:00,5590.0,13100.0,11181500.0
1637,2021-10-08 04:07:59,5600.0,100.0,11168400.0
1638,2021-10-08 04:07:46,5600.0,1000.0,11168300.0
1639,2021-10-08 04:07:46,5600.0,300.0,11167300.0
1640,2021-10-08 04:07:46,5600.0,800.0,11167000.0
1641,2021-10-08 04:07:46,5600.0,6000.0,11166200.0
1642,2021-10-08 04:07:46,5600.0,1000.0,11160200.0
1643,2021-10-08 04:07:46,5600.0,2000.0,11159200.0
1644,2021-10-08 04:07:46,5600.0,1000.0,11157200.0
1645,2021-10-08 04:07:46,5600.0,1400.0,11156200.0
1646,2021-10-08 04:07:46,5600.0,1900.0,11154800.0
1647,2021-10-08 04:07:46,5600.0,1700.0,11152900.0
1648,2021-10-08 04:07:46,5600.0,2000.0,11151200.0
1649,2021-10-08 04:07:46,5600.0,200.0,11149200.0
1650,2021-10-08 04:07:46,5600.0,15200.0,11149000.0
1651,2021-10-08 04:07:42,5610.0,500.0,11133800.0
1652,2021-10-08 04:07:37,5610.0,2200.0,11133300.0
1653,2021-10-08 04:07:17,5610.0,500.0,11131100.0
1654,2021-10-08 04:07:17,5610.0,1000.0,11130600.0
1655,2021-10-08 04:07:17,5610.0,5000.0,11129600.0
1656,2021-10-08 04:07:17,5610.0,5000.0,11124600.0
1657,2021-10-08 04:07:17,5610.0,200.0,11119600.0
1658,2021-10-08 04:07:17,5610.0,100.0,11119400.0
1659,2021-10-08 04:07:17,5610.0,1000.0,11119300.0
1660,2021-10-08 04:07:17,5610.0,20900.0,11118300.0
1661,2021-10-08 04:07:17,5620.0,1000.0,11097400.0
1662,2021-10-08 04:07:15,5610.0,16500.0,11096400.0
1663,2021-10-08 04:07:02,5610.0,100.0,11079900.0
1664,2021-10-08 04:07:02,5610.0,500.0,11079800.0
1665,2021-10-08 04:06:38,5610.0,200.0,11079300.0
1666,2021-10-08 04:06:19,5620.0,100.0,11079100.0
1667,2021-10-08 04:06:14,5610.0,600.0,11079000.0
1668,2021-10-08 04:05:52,5610.0,2000.0,11078400.0
1669,2021-10-08 04:05:48,5610.0,6000.0,11076400.0
1670,2021-10-08 04:05:48,5610.0,100.0,11070400.0
1671,2021-10-08 04:05:48,5610.0,200.0,11070300.0
1672,2021-10-08 04:05:48,5610.0,200.0,11070100.0
1673,2021-10-08 04:05:48,5610.0,100.0,11069900.0
1674,2021-10-08 04:05:48,5610.0,200.0,11069800.0
1675,2021-10-08 04:05:48,5610.0,500.0,11069600.0
1676,2021-10-08 04:05:48,5610.0,1900.0,11069100.0
1677,2021-10-08 04:05:34,5600.0,100.0,11067200.0
1678,2021-10-08 04:05:26,5610.0,100.0,11067100.0
1679,2021-10-08 04:05:26,5610.0,900.0,11067000.0
1680,2021-10-08 04:05:26,5610.0,1000.0,11066100.0
1681,2021-10-08 04:05:07,5610.0,2000.0,11065100.0
1682,2021-10-08 04:05:01,5610.0,1000.0,11063100.0
1683,2021-10-08 04:04:51,5600.0,1600.0,11062100.0
1684,2021-10-08 04:04:44,5610.0,100.0,11060500.0
1685,2021-10-08 04:04:37,5600.0,8000.0,11060400.0
1686,2021-10-08 04:04:31,5600.0,500.0,11052400.0
1687,2021-10-08 04:04:27,5600.0,600.0,11051900.0
1688,2021-10-08 04:04:12,5600.0,500.0,11051300.0
1689,2021-10-08 04:04:12,5600.0,3000.0,11050800.0
1690,2021-10-08 04:04:12,5600.0,2500.0,11047800.0
1691,2021-10-08 04:04:12,5600.0,2000.0,11045300.0
1692,2021-10-08 04:04:12,5600.0,6000.0,11043300.0
1693,2021-10-08 04:04:12,5600.0,500.0,11037300.0
1694,2021-10-08 04:04:12,5600.0,4700.0,11036800.0
1695,2021-10-08 04:04:12,5600.0,1000.0,11032100.0
1696,2021-10-08 04:04:12,5600.0,500.0,11031100.0
1697,2021-10-08 04:04:12,5600.0,3300.0,11030600.0
1698,2021-10-08 04:04:00,5600.0,1000.0,11027300.0
1699,2021-10-08 04:03:46,5600.0,500.0,11026300.0
1700,2021-10-08 04:03:46,5600.0,1500.0,11025800.0
1701,2021-10-08 04:03:40,5600.0,5000.0,11024300.0
1702,2021-10-08 04:03:40,5600.0,3500.0,11019300.0
1703,2021-10-08 04:03:40,5600.0,200.0,11015800.0
1704,2021-10-08 04:03:40,5600.0,200.0,11015600.0
1705,2021-10-08 04:03:40,5600.0,6100.0,11015400.0
1706,2021-10-08 04:03:40,5600.0,10000.0,11009300.0
1707,2021-10-08 04:03:39,5600.0,700.0,10999300.0
1708,2021-10-08 04:03:39,5600.0,300.0,10998600.0
1709,2021-10-08 04:03:32,5600.0,200.0,10998300.0
1710,2021-10-08 04:03:25,5600.0,100.0,10998100.0
1711,2021-10-08 04:03:25,5600.0,1700.0,10998000.0
1712,2021-10-08 04:03:05,5600.0,3300.0,10996300.0
1713,2021-10-08 04:03:05,5600.0,1700.0,10993000.0
1714,2021-10-08 04:03:01,5590.0,200.0,10991300.0
1715,2021-10-08 04:02:56,5590.0,400.0,10991100.0
1716,2021-10-08 04:02:54,5600.0,800.0,10990700.0
1717,2021-10-08 04:02:54,5600.0,100.0,10989900.0
1718,2021-10-08 04:02:54,5600.0,2000.0,10989800.0
1719,2021-10-08 04:02:54,5600.0,1000.0,10987800.0
1720,2021-10-08 04:02:54,5600.0,100.0,10986800.0
1721,2021-10-08 04:02:54,5600.0,200.0,10986700.0
1722,2021-10-08 04:02:54,5600.0,300.0,10986500.0
1723,2021-10-08 04:02:54,5600.0,500.0,10986200.0
1724,2021-10-08 04:02:39,5590.0,1000.0,10985700.0
1725,2021-10-08 04:02:37,5590.0,100.0,10984700.0
1726,2021-10-08 04:01:50,5590.0,200.0,10984600.0
1727,2021-10-08 04:01:48,5590.0,300.0,10984400.0
1728,2021-10-08 04:01:34,5590.0,500.0,10984100.0
1729,2021-10-08 04:01:26,5590.0,500.0,10983600.0
1730,2021-10-08 04:00:51,5590.0,200.0,10983100.0
1731,2021-10-08 04:00:51,5590.0,100.0,10982900.0
1732,2021-10-08 04:00:33,5590.0,900.0,10982800.0
1733,2021-10-08 04:00:21,5580.0,100.0,10981900.0
1734,2021-10-08 03:58:29,5580.0,100.0,10981800.0
1735,2021-10-08 03:58:29,5580.0,500.0,10981700.0
1736,2021-10-08 03:58:29,5580.0,1000.0,10981200.0
1737,2021-10-08 03:58:29,5580.0,1000.0,10980200.0
1738,2021-10-08 03:58:12,5580.0,200.0,10979200.0
1739,2021-10-08 03:56:59,5560.0,300.0,10979000.0
1740,2021-10-08 03:56:59,5570.0,100.0,10978700.0
1741,2021-10-08 03:56:59,5570.0,200.0,10978600.0
1742,2021-10-08 03:56:25,5570.0,3000.0,10978400.0
1743,2021-10-08 03:56:23,5570.0,1800.0,10975400.0
1744,2021-10-08 03:56:13,5570.0,1200.0,10973600.0
1745,2021-10-08 03:55:57,5560.0,100.0,10972400.0
1746,2021-10-08 03:55:57,5560.0,100.0,10972300.0
1747,2021-10-08 03:55:57,5560.0,4500.0,10972200.0
1748,2021-10-08 03:55:57,5560.0,100.0,10967700.0
1749,2021-10-08 03:55:57,5560.0,200.0,10967600.0
1750,2021-10-08 03:55:57,5560.0,1000.0,10967400.0
1751,2021-10-08 03:55:57,5560.0,200.0,10966400.0
1752,2021-10-08 03:55:57,5560.0,1000.0,10966200.0
1753,2021-10-08 03:55:57,5560.0,1000.0,10965200.0
1754,2021-10-08 03:55:57,5560.0,100.0,10964200.0
1755,2021-10-08 03:55:57,5560.0,300.0,10964100.0
1756,2021-10-08 03:55:57,5560.0,200.0,10963800.0
1757,2021-10-08 03:55:57,5560.0,1000.0,10963600.0
1758,2021-10-08 03:55:57,5560.0,10000.0,10962600.0
1759,2021-10-08 03:55:57,5560.0,200.0,10952600.0
1760,2021-10-08 03:54:55,5580.0,200.0,10952400.0
1761,2021-10-08 03:54:00,5580.0,100.0,10952200.0
1762,2021-10-08 03:54:00,5580.0,200.0,10952100.0
1763,2021-10-08 03:53:51,5560.0,3900.0,10951900.0
1764,2021-10-08 03:53:51,5580.0,1100.0,10948000.0
1765,2021-10-08 03:53:42,5580.0,200.0,10946900.0
1766,2021-10-08 03:53:10,5560.0,1600.0,10946700.0
1767,2021-10-08 03:53:10,5560.0,1000.0,10945100.0
1768,2021-10-08 03:53:10,5560.0,200.0,10944100.0
1769,2021-10-08 03:53:10,5560.0,5000.0,10943900.0
1770,2021-10-08 03:53:10,5560.0,1000.0,10938900.0
1771,2021-10-08 03:53:10,5560.0,1200.0,10937900.0
1772,2021-10-08 03:53:10,5570.0,100.0,10936700.0
1773,2021-10-08 03:53:10,5570.0,1600.0,10936600.0
1774,2021-10-08 03:53:10,5570.0,2000.0,10935000.0
1775,2021-10-08 03:53:10,5570.0,500.0,10933000.0
1776,2021-10-08 03:53:10,5580.0,5000.0,10932500.0
1777,2021-10-08 03:53:10,5580.0,5000.0,10927500.0
1778,2021-10-08 03:53:10,5580.0,200.0,10922500.0
1779,2021-10-08 03:53:10,5580.0,100.0,10922300.0
1780,2021-10-08 03:53:10,5580.0,3000.0,10922200.0
1781,2021-10-08 03:53:10,5580.0,2500.0,10919200.0
1782,2021-10-08 03:53:04,5590.0,600.0,10916700.0
1783,2021-10-08 03:53:04,5590.0,6900.0,10916100.0
1784,2021-10-08 03:53:04,5590.0,300.0,10909200.0
1785,2021-10-08 03:53:04,5590.0,1000.0,10908900.0
1786,2021-10-08 03:53:04,5590.0,5000.0,10907900.0
1787,2021-10-08 03:53:04,5590.0,200.0,10902900.0
1788,2021-10-08 03:53:04,5590.0,100.0,10902700.0
1789,2021-10-08 03:53:04,5590.0,2000.0,10902600.0
1790,2021-10-08 03:52:34,5600.0,3000.0,10900600.0
1791,2021-10-08 03:52:23,5590.0,300.0,10897600.0
1792,2021-10-08 03:51:48,5590.0,2800.0,10897300.0
1793,2021-10-08 03:51:40,5590.0,10000.0,10894500.0
1794,2021-10-08 03:51:17,5590.0,6600.0,10884500.0
1795,2021-10-08 03:51:12,5600.0,100.0,10877900.0
1796,2021-10-08 03:51:09,5600.0,200.0,10877800.0
1797,2021-10-08 03:50:56,5600.0,300.0,10877600.0
1798,2021-10-08 03:50:56,5600.0,100.0,10877300.0
1799,2021-10-08 03:50:22,5590.0,78300.0,10877200.0
1800,2021-10-08 03:50:22,5600.0,300.0,10798900.0
1801,2021-10-08 03:50:22,5600.0,500.0,10798600.0
1802,2021-10-08 03:50:22,5600.0,500.0,10798100.0
1803,2021-10-08 03:50:22,5600.0,1000.0,10797600.0
1804,2021-10-08 03:50:22,5600.0,2000.0,10796600.0
1805,2021-10-08 03:50:22,5600.0,200.0,10794600.0
1806,2021-10-08 03:50:22,5600.0,5000.0,10794400.0
1807,2021-10-08 03:50:22,5600.0,100.0,10789400.0
1808,2021-10-08 03:50:22,5600.0,1400.0,10789300.0
1809,2021-10-08 03:50:22,5600.0,100.0,10787900.0
1810,2021-10-08 03:50:22,5600.0,500.0,10787800.0
1811,2021-10-08 03:50:22,5600.0,10100.0,10787300.0
1812,2021-10-08 03:50:19,5610.0,100.0,10777200.0
1813,2021-10-08 03:50:05,5600.0,100.0,10777100.0
1814,2021-10-08 03:49:45,5610.0,100.0,10777000.0
1815,2021-10-08 03:49:35,5610.0,100.0,10776900.0
1816,2021-10-08 03:49:35,5610.0,300.0,10776800.0
1817,2021-10-08 03:49:27,5610.0,2600.0,10776500.0
1818,2021-10-08 03:49:22,5610.0,2000.0,10773900.0
1819,2021-10-08 03:49:22,5610.0,100.0,10771900.0
1820,2021-10-08 03:49:19,5610.0,900.0,10771800.0
1821,2021-10-08 03:48:48,5620.0,1000.0,10770900.0
1822,2021-10-08 03:48:33,5610.0,400.0,10769900.0
1823,2021-10-08 03:48:33,5610.0,200.0,10769500.0
1824,2021-10-08 03:48:33,5610.0,400.0,10769300.0
1825,2021-10-08 03:48:26,5610.0,1600.0,10768900.0
1826,2021-10-08 03:48:26,5610.0,400.0,10767300.0
1827,2021-10-08 03:46:55,5610.0,500.0,10766900.0
1828,2021-10-08 03:46:22,5610.0,8000.0,10766400.0
1829,2021-10-08 03:46:11,5610.0,500.0,10758400.0
1830,2021-10-08 03:46:09,5610.0,100.0,10757900.0
1831,2021-10-08 03:45:35,5610.0,500.0,10757800.0
1832,2021-10-08 03:45:14,5610.0,500.0,10757300.0
1833,2021-10-08 03:45:12,5610.0,1000.0,10756800.0
1834,2021-10-08 03:45:01,5610.0,2000.0,10755800.0
1835,2021-10-08 03:45:01,5610.0,1000.0,10753800.0
1836,2021-10-08 03:44:59,5600.0,1000.0,10752800.0
1837,2021-10-08 03:44:55,5600.0,900.0,10751800.0
1838,2021-10-08 03:44:54,5600.0,500.0,10750900.0
1839,2021-10-08 03:44:41,5600.0,5000.0,10750400.0
1840,2021-10-08 03:44:31,5610.0,100.0,10745400.0
1841,2021-10-08 03:44:23,5600.0,100.0,10745300.0
1842,2021-10-08 03:44:15,5600.0,1000.0,10745200.0
1843,2021-10-08 03:44:15,5600.0,700.0,10744200.0
1844,2021-10-08 03:44:15,5600.0,21000.0,10743500.0
1845,2021-10-08 03:44:15,5600.0,100.0,10722500.0
1846,2021-10-08 03:44:15,5600.0,100.0,10722400.0
1847,2021-10-08 03:44:15,5600.0,5100.0,10722300.0
1848,2021-10-08 03:44:15,5600.0,4300.0,10717200.0
1849,2021-10-08 03:44:01,5600.0,700.0,10712900.0
1850,2021-10-08 03:44:01,5600.0,1000.0,10712200.0
1851,2021-10-08 03:44:01,5600.0,10000.0,10711200.0
1852,2021-10-08 03:44:01,5600.0,1300.0,10701200.0
1853,2021-10-08 03:44:01,5600.0,3000.0,10699900.0
1854,2021-10-08 03:44:01,5600.0,5000.0,10696900.0
1855,2021-10-08 03:44:01,5600.0,3000.0,10691900.0
1856,2021-10-08 03:44:01,5600.0,100.0,10688900.0
1857,2021-10-08 03:44:01,5600.0,10000.0,10688800.0
1858,2021-10-08 03:44:01,5600.0,11100.0,10678800.0
1859,2021-10-08 03:44:01,5590.0,4800.0,10667700.0
1860,2021-10-08 03:43:50,5590.0,1000.0,10662900.0
1861,2021-10-08 03:43:38,5590.0,4200.0,10661900.0
1862,2021-10-08 03:43:38,5590.0,5000.0,10657700.0
1863,2021-10-08 03:43:38,5590.0,1500.0,10652700.0
1864,2021-10-08 03:43:38,5580.0,2000.0,10651200.0
1865,2021-10-08 03:43:38,5580.0,100.0,10649200.0
1866,2021-10-08 03:43:38,5580.0,1900.0,10649100.0
1867,2021-10-08 03:43:31,5560.0,3200.0,10647200.0
1868,2021-10-08 03:43:30,5560.0,2700.0,10644000.0
1869,2021-10-08 03:43:30,5570.0,1000.0,10641300.0
1870,2021-10-08 03:43:30,5570.0,100.0,10640300.0
1871,2021-10-08 03:43:30,5570.0,200.0,10640200.0
1872,2021-10-08 03:42:59,5580.0,100.0,10640000.0
1873,2021-10-08 03:42:59,5590.0,500.0,10639900.0
1874,2021-10-08 03:42:49,5580.0,200.0,10639400.0
1875,2021-10-08 03:42:35,5580.0,1100.0,10639200.0
1876,2021-10-08 03:42:35,5580.0,1000.0,10638100.0
1877,2021-10-08 03:42:35,5580.0,2000.0,10637100.0
1878,2021-10-08 03:42:35,5580.0,1000.0,10635100.0
1879,2021-10-08 03:42:35,5580.0,2700.0,10634100.0
1880,2021-10-08 03:42:35,5580.0,1000.0,10631400.0
1881,2021-10-08 03:42:35,5580.0,1000.0,10630400.0
1882,2021-10-08 03:42:35,5580.0,500.0,10629400.0
1883,2021-10-08 03:42:35,5580.0,1000.0,10628900.0
1884,2021-10-08 03:42:35,5580.0,20000.0,10627900.0
1885,2021-10-08 03:42:35,5580.0,500.0,10607900.0
1886,2021-10-08 03:42:25,5590.0,6900.0,10607400.0
1887,2021-10-08 03:42:20,5590.0,1000.0,10600500.0
1888,2021-10-08 03:42:20,5590.0,100.0,10599500.0
1889,2021-10-08 03:42:20,5590.0,2000.0,10599400.0
1890,2021-10-08 03:42:20,5590.0,5000.0,10597400.0
1891,2021-10-08 03:42:20,5590.0,3200.0,10592400.0
1892,2021-10-08 03:42:06,5590.0,1000.0,10589200.0
1893,2021-10-08 03:41:52,5590.0,3800.0,10588200.0
1894,2021-10-08 03:41:52,5590.0,1000.0,10584400.0
1895,2021-10-08 03:41:52,5590.0,200.0,10583400.0
1896,2021-10-08 03:41:38,5590.0,200.0,10583200.0
1897,2021-10-08 03:41:34,5600.0,300.0,10583000.0
1898,2021-10-08 03:41:24,5600.0,100.0,10582700.0
1899,2021-10-08 03:41:19,5590.0,500.0,10582600.0
1900,2021-10-08 03:40:59,5600.0,2100.0,10582100.0
1901,2021-10-08 03:40:50,5600.0,400.0,10580000.0
1902,2021-10-08 03:40:27,5600.0,300.0,10579600.0
1903,2021-10-08 03:40:23,5600.0,3000.0,10579300.0
1904,2021-10-08 03:40:21,5600.0,1000.0,10576300.0
1905,2021-10-08 03:40:12,5600.0,1700.0,10575300.0
1906,2021-10-08 03:40:12,5600.0,300.0,10573600.0
1907,2021-10-08 03:39:44,5600.0,300.0,10573300.0
1908,2021-10-08 03:39:27,5600.0,2400.0,10573000.0
1909,2021-10-08 03:39:24,5600.0,600.0,10570600.0
1910,2021-10-08 03:39:22,5600.0,100.0,10570000.0
1911,2021-10-08 03:39:14,5600.0,900.0,10569900.0
1912,2021-10-08 03:39:14,5600.0,100.0,10569000.0
1913,2021-10-08 03:39:11,5600.0,100.0,10568900.0
1914,2021-10-08 03:39:06,5600.0,800.0,10568800.0
1915,2021-10-08 03:39:06,5600.0,2000.0,10568000.0
1916,2021-10-08 03:39:06,5600.0,900.0,10566000.0
1917,2021-10-08 03:39:06,5600.0,100.0,10565100.0
1918,2021-10-08 03:38:24,5600.0,100.0,10565000.0
1919,2021-10-08 03:38:24,5600.0,100.0,10564900.0
1920,2021-10-08 03:38:24,5600.0,700.0,10564800.0
1921,2021-10-08 03:38:18,5600.0,200.0,10564100.0
1922,2021-10-08 03:38:15,5600.0,100.0,10563900.0
1923,2021-10-08 03:38:15,5600.0,1000.0,10563800.0
1924,2021-10-08 03:38:15,5600.0,1000.0,10562800.0
1925,2021-10-08 03:38:15,5600.0,900.0,10561800.0
1926,2021-10-08 03:38:11,5600.0,100.0,10560900.0
1927,2021-10-08 03:38:11,5600.0,100.0,10560800.0
1928,2021-10-08 03:38:11,5600.0,300.0,10560700.0
1929,2021-10-08 03:38:11,5600.0,1300.0,10560400.0
1930,2021-10-08 03:38:11,5600.0,300.0,10559100.0
1931,2021-10-08 03:38:11,5600.0,9900.0,10558800.0
1932,2021-10-08 03:38:08,5600.0,5400.0,10548900.0
1933,2021-10-08 03:38:06,5600.0,100.0,10543500.0
1934,2021-10-08 03:38:00,5600.0,1900.0,10543400.0
1935,2021-10-08 03:37:50,5600.0,2000.0,10541500.0
1936,2021-10-08 03:37:33,5600.0,200.0,10539500.0
1937,2021-10-08 03:37:32,5600.0,2700.0,10539300.0
1938,2021-10-08 03:37:04,5590.0,100.0,10536600.0
1939,2021-10-08 03:36:57,5580.0,200.0,10536500.0
1940,2021-10-08 03:36:57,5580.0,300.0,10536300.0
1941,2021-10-08 03:36:57,5580.0,20000.0,10536000.0
1942,2021-10-08 03:36:57,5580.0,5000.0,10516000.0
1943,2021-10-08 03:36:57,5580.0,1700.0,10511000.0
1944,2021-10-08 03:36:55,5580.0,4000.0,10509300.0
1945,2021-10-08 03:36:52,5580.0,5000.0,10505300.0
1946,2021-10-08 03:36:45,5560.0,1000.0,10500300.0
1947,2021-10-08 03:36:41,5580.0,10000.0,10499300.0
1948,2021-10-08 03:36:23,5560.0,400.0,10489300.0
1949,2021-10-08 03:36:16,5580.0,500.0,10488900.0
1950,2021-10-08 03:36:14,5560.0,1500.0,10488400.0
1951,2021-10-08 03:35:40,5550.0,5300.0,10486900.0
1952,2021-10-08 03:35:40,5560.0,700.0,10481600.0
1953,2021-10-08 03:35:39,5560.0,300.0,10480900.0
1954,2021-10-08 03:35:27,5550.0,1000.0,10480600.0
1955,2021-10-08 03:35:27,5550.0,10000.0,10479600.0
1956,2021-10-08 03:35:27,5550.0,9300.0,10469600.0
1957,2021-10-08 03:35:20,5550.0,500.0,10460300.0
1958,2021-10-08 03:35:07,5550.0,5000.0,10459800.0
1959,2021-10-08 03:35:06,5550.0,200.0,10454800.0
1960,2021-10-08 03:35:05,5550.0,10000.0,10454600.0
1961,2021-10-08 03:34:51,5540.0,2600.0,10444600.0
1962,2021-10-08 03:34:48,5530.0,4200.0,10442000.0
1963,2021-10-08 03:34:47,5530.0,2000.0,10437800.0
1964,2021-10-08 03:34:47,5530.0,7300.0,10435800.0
1965,2021-10-08 03:34:44,5550.0,30000.0,10428500.0
1966,2021-10-08 03:34:33,5530.0,2700.0,10398500.0
1967,2021-10-08 03:34:33,5530.0,1000.0,10395800.0
1968,2021-10-08 03:34:33,5530.0,1000.0,10394800.0
1969,2021-10-08 03:34:33,5530.0,100.0,10393800.0
1970,2021-10-08 03:34:33,5530.0,2000.0,10393700.0
1971,2021-10-08 03:34:33,5530.0,100.0,10391700.0
1972,2021-10-08 03:34:33,5530.0,200.0,10391600.0
1973,2021-10-08 03:34:33,5540.0,200.0,10391400.0
1974,2021-10-08 03:34:33,5540.0,10000.0,10391200.0
1975,2021-10-08 03:34:33,5540.0,1000.0,10381200.0
1976,2021-10-08 03:34:33,5540.0,100.0,10380200.0
1977,2021-10-08 03:34:33,5540.0,200.0,10380100.0
1978,2021-10-08 03:34:33,5540.0,2500.0,10379900.0
1979,2021-10-08 03:34:31,5550.0,10000.0,10377400.0
1980,2021-10-08 03:34:30,5550.0,2000.0,10367400.0
1981,2021-10-08 03:34:29,5550.0,800.0,10365400.0
1982,2021-10-08 03:34:29,5550.0,600.0,10364600.0
1983,2021-10-08 03:34:23,5550.0,400.0,10364000.0
1984,2021-10-08 03:34:22,5550.0,500.0,10363600.0
1985,2021-10-08 03:34:21,5550.0,2000.0,10363100.0
1986,2021-10-08 03:34:19,5550.0,100.0,10361100.0
1987,2021-10-08 03:34:19,5540.0,200.0,10361000.0
1988,2021-10-08 03:34:18,5550.0,5000.0,10360800.0
1989,2021-10-08 03:34:18,5550.0,1000.0,10355800.0
1990,2021-10-08 03:34:18,5550.0,400.0,10354800.0
1991,2021-10-08 03:34:18,5550.0,2000.0,10354400.0
1992,2021-10-08 03:34:18,5550.0,100.0,10352400.0
1993,2021-10-08 03:34:18,5550.0,500.0,10352300.0
1994,2021-10-08 03:34:18,5550.0,500.0,10351800.0
1995,2021-10-08 03:34:18,5550.0,100.0,10351300.0
1996,2021-10-08 03:34:18,5550.0,10000.0,10351200.0
1997,2021-10-08 03:34:18,5550.0,40000.0,10341200.0
1998,2021-10-08 03:34:18,5550.0,100.0,10301200.0
1999,2021-10-08 03:34:18,5550.0,2000.0,10301100.0
2000,2021-10-08 03:34:18,5550.0,400.0,10299100.0
2001,2021-10-08 03:34:18,5550.0,2000.0,10298700.0
2002,2021-10-08 03:34:18,5550.0,10000.0,10296700.0
2003,2021-10-08 03:34:18,5550.0,15000.0,10286700.0
2004,2021-10-08 03:34:18,5550.0,1000.0,10271700.0
2005,2021-10-08 03:34:18,5550.0,5000.0,10270700.0
2006,2021-10-08 03:34:18,5550.0,100.0,10265700.0
2007,2021-10-08 03:34:18,5550.0,100.0,10265600.0
2008,2021-10-08 03:34:18,5550.0,300.0,10265500.0
2009,2021-10-08 03:34:18,5550.0,800.0,10265200.0
2010,2021-10-08 03:34:18,5550.0,800.0,10264400.0
2011,2021-10-08 03:34:18,5560.0,10000.0,10263600.0
2012,2021-10-08 03:34:18,5560.0,100.0,10253600.0
2013,2021-10-08 03:34:18,5560.0,10000.0,10253500.0
2014,2021-10-08 03:34:18,5560.0,100.0,10243500.0
2015,2021-10-08 03:34:18,5560.0,10000.0,10243400.0
2016,2021-10-08 03:34:18,5560.0,1000.0,10233400.0
2017,2021-10-08 03:34:18,5560.0,100.0,10232400.0
2018,2021-10-08 03:34:18,5560.0,100.0,10232300.0
2019,2021-10-08 03:34:14,5570.0,800.0,10232200.0
2020,2021-10-08 03:34:14,5570.0,2000.0,10231400.0
2021,2021-10-08 03:34:14,5570.0,500.0,10229400.0
2022,2021-10-08 03:34:14,5570.0,200.0,10228900.0
2023,2021-10-08 03:34:14,5570.0,400.0,10228700.0
2024,2021-10-08 03:34:03,5580.0,2000.0,10228300.0
2025,2021-10-08 03:33:46,5570.0,400.0,10226300.0
2026,2021-10-08 03:33:34,5570.0,100.0,10225900.0
2027,2021-10-08 03:33:31,5570.0,100.0,10225800.0
2028,2021-10-08 03:33:31,5570.0,3900.0,10225700.0
2029,2021-10-08 03:33:25,5570.0,1000.0,10221800.0
2030,2021-10-08 03:33:23,5570.0,5100.0,10220800.0
2031,2021-10-08 03:33:23,5570.0,1000.0,10215700.0
2032,2021-10-08 03:33:23,5570.0,400.0,10214700.0
2033,2021-10-08 03:33:23,5570.0,100.0,10214300.0
2034,2021-10-08 03:33:23,5570.0,300.0,10214200.0
2035,2021-10-08 03:33:23,5570.0,3100.0,10213900.0
2036,2021-10-08 03:33:16,5570.0,200.0,10210800.0
2037,2021-10-08 03:33:15,5580.0,4000.0,10210600.0
2038,2021-10-08 03:33:13,5580.0,8000.0,10206600.0
