,Time,Price,Volume_per_trade,Volume
0,2021-10-12 07:45:01,5680.0,100.0,13269400.0
1,2021-10-12 07:45:01,5680.0,10000.0,13269300.0
2,2021-10-12 07:45:01,5680.0,200.0,13259300.0
3,2021-10-12 07:45:01,5680.0,4700.0,13259100.0
4,2021-10-12 07:45:01,5680.0,300.0,13254400.0
5,2021-10-12 07:45:01,5680.0,1600.0,13254100.0
6,2021-10-12 07:45:01,5680.0,2000.0,13252500.0
7,2021-10-12 07:45:01,5680.0,2000.0,13250500.0
8,2021-10-12 07:45:01,5680.0,200.0,13248500.0
9,2021-10-12 07:45:01,5680.0,4200.0,13248300.0
10,2021-10-12 07:45:01,5680.0,600.0,13244100.0
11,2021-10-12 07:45:01,5680.0,100.0,13243500.0
12,2021-10-12 07:45:01,5680.0,100.0,13243400.0
13,2021-10-12 07:45:01,5680.0,700.0,13243300.0
14,2021-10-12 07:45:01,5680.0,200.0,13242600.0
15,2021-10-12 07:45:01,5680.0,10000.0,13242400.0
16,2021-10-12 07:45:01,5680.0,2500.0,13232400.0
17,2021-10-12 07:45:01,5680.0,2000.0,13229900.0
18,2021-10-12 07:45:01,5680.0,5000.0,13227900.0
19,2021-10-12 07:45:01,5680.0,200.0,13222900.0
20,2021-10-12 07:45:01,5680.0,1100.0,13222700.0
21,2021-10-12 07:45:01,5680.0,100.0,13221600.0
22,2021-10-12 07:45:01,5680.0,3200.0,13221500.0
23,2021-10-12 07:45:01,5680.0,1000.0,13218300.0
24,2021-10-12 07:45:01,5680.0,1800.0,13217300.0
25,2021-10-12 07:45:01,5680.0,1000.0,13215500.0
26,2021-10-12 07:45:01,5680.0,3000.0,13214500.0
27,2021-10-12 07:45:01,5680.0,200.0,13211500.0
28,2021-10-12 07:45:01,5680.0,500.0,13211300.0
29,2021-10-12 07:45:01,5680.0,500.0,13210800.0
30,2021-10-12 07:45:01,5680.0,1000.0,13210300.0
31,2021-10-12 07:45:01,5680.0,500.0,13209300.0
32,2021-10-12 07:45:01,5680.0,1500.0,13208800.0
33,2021-10-12 07:45:01,5680.0,1700.0,13207300.0
34,2021-10-12 07:45:01,5680.0,5000.0,13205600.0
35,2021-10-12 07:45:01,5680.0,500.0,13200600.0
36,2021-10-12 07:45:01,5680.0,100.0,13200100.0
37,2021-10-12 07:45:01,5680.0,700.0,13200000.0
38,2021-10-12 07:45:01,5680.0,500.0,13199300.0
39,2021-10-12 07:45:01,5680.0,1000.0,13198800.0
40,2021-10-12 07:45:01,5680.0,6400.0,13197800.0
41,2021-10-12 07:45:01,5680.0,3600.0,13191400.0
42,2021-10-12 07:45:01,5680.0,6400.0,13187800.0
43,2021-10-12 07:45:01,5680.0,3600.0,13181400.0
44,2021-10-12 07:45:01,5680.0,400.0,13177800.0
45,2021-10-12 07:45:01,5680.0,1000.0,13177400.0
46,2021-10-12 07:45:01,5680.0,7000.0,13176400.0
47,2021-10-12 07:45:01,5680.0,900.0,13169400.0
48,2021-10-12 07:45:01,5680.0,100.0,13168500.0
49,2021-10-12 07:45:01,5680.0,200.0,13168400.0
50,2021-10-12 07:45:01,5680.0,1800.0,13168200.0
51,2021-10-12 07:45:01,5680.0,1200.0,13166400.0
52,2021-10-12 07:45:01,5680.0,1800.0,13165200.0
53,2021-10-12 07:45:01,5680.0,500.0,13163400.0
54,2021-10-12 07:45:01,5680.0,100.0,13162900.0
55,2021-10-12 07:45:01,5680.0,5000.0,13162800.0
56,2021-10-12 07:45:01,5680.0,100.0,13157800.0
57,2021-10-12 07:45:01,5680.0,100.0,13157700.0
58,2021-10-12 07:45:01,5680.0,3400.0,13157600.0
59,2021-10-12 07:45:01,5680.0,50000.0,13154200.0
60,2021-10-12 07:45:01,5680.0,2000.0,13104200.0
61,2021-10-12 07:45:01,5680.0,500.0,13102200.0
62,2021-10-12 07:45:01,5680.0,1000.0,13101700.0
63,2021-10-12 07:45:01,5680.0,20000.0,13100700.0
64,2021-10-12 07:45:01,5680.0,10000.0,13080700.0
65,2021-10-12 07:45:01,5680.0,5000.0,13070700.0
66,2021-10-12 07:45:01,5680.0,50000.0,13065700.0
67,2021-10-12 07:45:01,5680.0,100.0,13015700.0
68,2021-10-12 07:45:01,5680.0,200.0,13015600.0
69,2021-10-12 07:45:01,5680.0,100.0,13015400.0
70,2021-10-12 07:45:01,5680.0,100.0,13015300.0
71,2021-10-12 07:45:01,5680.0,800.0,13015200.0
72,2021-10-12 07:45:01,5680.0,2000.0,13014400.0
73,2021-10-12 07:45:01,5680.0,1700.0,13012400.0
74,2021-10-12 07:45:01,5680.0,2000.0,13010700.0
75,2021-10-12 07:45:01,5680.0,6000.0,13008700.0
76,2021-10-12 07:45:01,5680.0,1200.0,13002700.0
77,2021-10-12 07:45:01,5680.0,2000.0,13001500.0
78,2021-10-12 07:45:01,5680.0,1200.0,12999500.0
79,2021-10-12 07:45:01,5680.0,200.0,12998300.0
80,2021-10-12 07:45:01,5680.0,1000.0,12998100.0
81,2021-10-12 07:45:01,5680.0,2000.0,12997100.0
82,2021-10-12 07:45:01,5680.0,2000.0,12995100.0
83,2021-10-12 07:45:01,5680.0,20000.0,12993100.0
84,2021-10-12 07:45:01,5680.0,30000.0,12973100.0
85,2021-10-12 07:45:01,5680.0,3600.0,12943100.0
86,2021-10-12 07:45:01,5680.0,50000.0,12939500.0
87,2021-10-12 07:45:01,5680.0,400.0,12889500.0
88,2021-10-12 07:45:01,5680.0,300.0,12889100.0
89,2021-10-12 07:45:01,5680.0,300.0,12888800.0
90,2021-10-12 07:45:01,5680.0,2400.0,12888500.0
91,2021-10-12 07:45:01,5680.0,5000.0,12886100.0
92,2021-10-12 07:45:01,5680.0,500.0,12881100.0
93,2021-10-12 07:45:01,5680.0,3000.0,12880600.0
94,2021-10-12 07:45:01,5680.0,2000.0,12877600.0
95,2021-10-12 07:45:01,5680.0,100.0,12875600.0
96,2021-10-12 07:45:01,5680.0,900.0,12875500.0
97,2021-10-12 07:45:01,5680.0,100.0,12874600.0
98,2021-10-12 07:45:01,5680.0,1000.0,12874500.0
99,2021-10-12 07:45:01,5680.0,700.0,12873500.0
100,2021-10-12 07:45:01,5680.0,200.0,12872800.0
101,2021-10-12 07:45:01,5680.0,1800.0,12872600.0
102,2021-10-12 07:45:01,5680.0,100.0,12870800.0
103,2021-10-12 07:45:01,5680.0,1000.0,12870700.0
104,2021-10-12 07:45:01,5680.0,2000.0,12869700.0
105,2021-10-12 07:45:01,5680.0,200.0,12867700.0
106,2021-10-12 07:45:01,5680.0,1000.0,12867500.0
107,2021-10-12 07:45:01,5680.0,2000.0,12866500.0
108,2021-10-12 07:45:01,5680.0,1000.0,12864500.0
109,2021-10-12 07:45:01,5680.0,500.0,12863500.0
110,2021-10-12 07:29:55,5690.0,4300.0,12863000.0
111,2021-10-12 07:29:55,5690.0,100.0,12858700.0
112,2021-10-12 07:29:55,5690.0,5000.0,12858600.0
113,2021-10-12 07:29:55,5690.0,100.0,12853600.0
114,2021-10-12 07:29:55,5690.0,4300.0,12853500.0
115,2021-10-12 07:29:55,5690.0,2000.0,12849200.0
116,2021-10-12 07:29:51,5700.0,1000.0,12847200.0
117,2021-10-12 07:29:51,5700.0,500.0,12846200.0
118,2021-10-12 07:29:45,5700.0,1000.0,12845700.0
119,2021-10-12 07:29:37,5700.0,20000.0,12844700.0
120,2021-10-12 07:29:35,5700.0,1500.0,12824700.0
121,2021-10-12 07:29:35,5690.0,1000.0,12823200.0
122,2021-10-12 07:29:34,5700.0,1000.0,12822200.0
123,2021-10-12 07:29:27,5700.0,10000.0,12821200.0
124,2021-10-12 07:29:18,5700.0,5000.0,12811200.0
125,2021-10-12 07:29:18,5700.0,5000.0,12806200.0
126,2021-10-12 07:29:07,5700.0,400.0,12801200.0
127,2021-10-12 07:29:07,5700.0,100.0,12800800.0
128,2021-10-12 07:29:07,5700.0,200.0,12800700.0
129,2021-10-12 07:29:07,5700.0,1500.0,12800500.0
130,2021-10-12 07:29:07,5700.0,2700.0,12799000.0
131,2021-10-12 07:29:07,5700.0,2000.0,12796300.0
132,2021-10-12 07:29:07,5700.0,1000.0,12794300.0
133,2021-10-12 07:29:07,5700.0,2600.0,12793300.0
134,2021-10-12 07:29:07,5700.0,6000.0,12790700.0
135,2021-10-12 07:29:07,5700.0,20000.0,12784700.0
136,2021-10-12 07:29:07,5700.0,1000.0,12764700.0
137,2021-10-12 07:29:07,5700.0,2000.0,12763700.0
138,2021-10-12 07:29:07,5700.0,500.0,12761700.0
139,2021-10-12 07:29:07,5700.0,5000.0,12761200.0
140,2021-10-12 07:29:07,5700.0,10000.0,12756200.0
141,2021-10-12 07:29:07,5700.0,1000.0,12746200.0
142,2021-10-12 07:29:07,5700.0,100.0,12745200.0
143,2021-10-12 07:29:07,5700.0,1200.0,12745100.0
144,2021-10-12 07:29:07,5700.0,300.0,12743900.0
145,2021-10-12 07:29:07,5700.0,100.0,12743600.0
146,2021-10-12 07:29:07,5700.0,13800.0,12743500.0
147,2021-10-12 07:29:05,5700.0,10000.0,12729700.0
148,2021-10-12 07:28:59,5700.0,100.0,12719700.0
149,2021-10-12 07:28:57,5730.0,12500.0,12719600.0
150,2021-10-12 07:28:57,5720.0,1000.0,12707100.0
151,2021-10-12 07:28:57,5720.0,3700.0,12706100.0
152,2021-10-12 07:28:57,5720.0,2800.0,12702400.0
153,2021-10-12 07:28:52,5700.0,7500.0,12699600.0
154,2021-10-12 07:28:52,5710.0,7000.0,12692100.0
155,2021-10-12 07:28:52,5710.0,1500.0,12685100.0
156,2021-10-12 07:28:52,5710.0,1000.0,12683600.0
157,2021-10-12 07:28:52,5710.0,500.0,12682600.0
158,2021-10-12 07:28:52,5710.0,100.0,12682100.0
159,2021-10-12 07:28:52,5710.0,35400.0,12682000.0
160,2021-10-12 07:28:44,5710.0,9700.0,12646600.0
161,2021-10-12 07:28:44,5710.0,2300.0,12636900.0
162,2021-10-12 07:28:33,5720.0,300.0,12634600.0
163,2021-10-12 07:28:33,5720.0,300.0,12634300.0
164,2021-10-12 07:28:33,5720.0,1600.0,12634000.0
165,2021-10-12 07:28:30,5720.0,200.0,12632400.0
166,2021-10-12 07:28:21,5720.0,300.0,12632200.0
167,2021-10-12 07:28:15,5720.0,300.0,12631900.0
168,2021-10-12 07:28:03,5720.0,500.0,12631600.0
169,2021-10-12 07:27:56,5730.0,12200.0,12631100.0
170,2021-10-12 07:27:56,5730.0,1000.0,12618900.0
171,2021-10-12 07:27:56,5730.0,500.0,12617900.0
172,2021-10-12 07:27:56,5730.0,100.0,12617400.0
173,2021-10-12 07:27:56,5730.0,1700.0,12617300.0
174,2021-10-12 07:27:56,5730.0,200.0,12615600.0
175,2021-10-12 07:27:56,5730.0,100.0,12615400.0
176,2021-10-12 07:27:56,5730.0,1000.0,12615300.0
177,2021-10-12 07:27:56,5730.0,10000.0,12614300.0
178,2021-10-12 07:27:56,5730.0,100.0,12604300.0
179,2021-10-12 07:27:56,5730.0,1000.0,12604200.0
180,2021-10-12 07:27:56,5730.0,1000.0,12603200.0
181,2021-10-12 07:27:56,5730.0,400.0,12602200.0
182,2021-10-12 07:27:56,5730.0,500.0,12601800.0
183,2021-10-12 07:27:56,5730.0,6200.0,12601300.0
184,2021-10-12 07:27:56,5720.0,4000.0,12595100.0
185,2021-10-12 07:27:51,5720.0,500.0,12591100.0
186,2021-10-12 07:27:50,5720.0,100.0,12590600.0
187,2021-10-12 07:27:45,5720.0,300.0,12590500.0
188,2021-10-12 07:27:45,5720.0,5100.0,12590200.0
189,2021-10-12 07:27:36,5730.0,500.0,12585100.0
190,2021-10-12 07:27:31,5720.0,1000.0,12584600.0
191,2021-10-12 07:27:14,5730.0,100.0,12583600.0
192,2021-10-12 07:26:59,5720.0,700.0,12583500.0
193,2021-10-12 07:26:54,5720.0,3200.0,12582800.0
194,2021-10-12 07:26:54,5720.0,500.0,12579600.0
195,2021-10-12 07:26:54,5720.0,5000.0,12579100.0
196,2021-10-12 07:26:54,5720.0,1300.0,12574100.0
197,2021-10-12 07:26:46,5720.0,3700.0,12572800.0
198,2021-10-12 07:26:46,5720.0,1700.0,12569100.0
199,2021-10-12 07:26:46,5720.0,600.0,12567400.0
200,2021-10-12 07:26:44,5720.0,400.0,12566800.0
201,2021-10-12 07:26:44,5720.0,600.0,12566400.0
202,2021-10-12 07:26:32,5730.0,100.0,12565800.0
203,2021-10-12 07:26:24,5720.0,500.0,12565700.0
204,2021-10-12 07:26:19,5730.0,1000.0,12565200.0
205,2021-10-12 07:26:16,5730.0,100.0,12564200.0
206,2021-10-12 07:26:16,5720.0,300.0,12564100.0
207,2021-10-12 07:26:11,5720.0,1000.0,12563800.0
208,2021-10-12 07:26:09,5720.0,100.0,12562800.0
209,2021-10-12 07:26:09,5720.0,200.0,12562700.0
210,2021-10-12 07:26:09,5720.0,500.0,12562500.0
211,2021-10-12 07:26:09,5720.0,2200.0,12562000.0
212,2021-10-12 07:26:07,5720.0,1000.0,12559800.0
213,2021-10-12 07:26:02,5730.0,2000.0,12558800.0
214,2021-10-12 07:26:02,5730.0,100.0,12556800.0
215,2021-10-12 07:26:02,5730.0,100.0,12556700.0
216,2021-10-12 07:26:02,5730.0,500.0,12556600.0
217,2021-10-12 07:26:02,5730.0,1000.0,12556100.0
218,2021-10-12 07:26:02,5730.0,300.0,12555100.0
219,2021-10-12 07:25:58,5720.0,1800.0,12554800.0
220,2021-10-12 07:25:58,5720.0,100.0,12553000.0
221,2021-10-12 07:25:58,5720.0,3000.0,12552900.0
222,2021-10-12 07:25:58,5720.0,100.0,12549900.0
223,2021-10-12 07:25:55,5730.0,19700.0,12549800.0
224,2021-10-12 07:25:55,5730.0,3500.0,12530100.0
225,2021-10-12 07:25:48,5730.0,10000.0,12526600.0
226,2021-10-12 07:25:34,5730.0,1700.0,12516600.0
227,2021-10-12 07:25:22,5730.0,5000.0,12514900.0
228,2021-10-12 07:25:19,5730.0,1000.0,12509900.0
229,2021-10-12 07:25:14,5730.0,4100.0,12508900.0
230,2021-10-12 07:24:51,5730.0,4500.0,12504800.0
231,2021-10-12 07:24:46,5730.0,200.0,12500300.0
232,2021-10-12 07:24:46,5730.0,100.0,12500100.0
233,2021-10-12 07:24:46,5730.0,100.0,12500000.0
234,2021-10-12 07:24:46,5730.0,600.0,12499900.0
235,2021-10-12 07:24:23,5730.0,1000.0,12499300.0
236,2021-10-12 07:24:19,5730.0,500.0,12498300.0
237,2021-10-12 07:24:19,5730.0,100.0,12497800.0
238,2021-10-12 07:24:19,5730.0,3800.0,12497700.0
239,2021-10-12 07:24:15,5730.0,100.0,12493900.0
240,2021-10-12 07:24:07,5730.0,600.0,12493800.0
241,2021-10-12 07:24:07,5730.0,10000.0,12493200.0
242,2021-10-12 07:24:07,5730.0,5500.0,12483200.0
243,2021-10-12 07:23:27,5730.0,5000.0,12477700.0
244,2021-10-12 07:23:26,5720.0,2300.0,12472700.0
245,2021-10-12 07:23:17,5730.0,500.0,12470400.0
246,2021-10-12 07:23:16,5730.0,200.0,12469900.0
247,2021-10-12 07:23:06,5740.0,100.0,12469700.0
248,2021-10-12 07:22:58,5730.0,5000.0,12469600.0
249,2021-10-12 07:22:42,5740.0,10000.0,12464600.0
250,2021-10-12 07:22:42,5730.0,4000.0,12454600.0
251,2021-10-12 07:22:36,5730.0,100.0,12450600.0
252,2021-10-12 07:22:36,5730.0,200.0,12450500.0
253,2021-10-12 07:22:35,5730.0,500.0,12450300.0
254,2021-10-12 07:22:33,5730.0,3300.0,12449800.0
255,2021-10-12 07:22:33,5730.0,3900.0,12446500.0
256,2021-10-12 07:22:33,5730.0,1800.0,12442600.0
257,2021-10-12 07:22:33,5730.0,1000.0,12440800.0
258,2021-10-12 07:22:33,5730.0,4000.0,12439800.0
259,2021-10-12 07:22:33,5730.0,5000.0,12435800.0
260,2021-10-12 07:22:33,5730.0,500.0,12430800.0
261,2021-10-12 07:22:33,5730.0,500.0,12430300.0
262,2021-10-12 07:22:31,5720.0,200.0,12429800.0
263,2021-10-12 07:22:31,5720.0,500.0,12429600.0
264,2021-10-12 07:22:27,5720.0,5200.0,12429100.0
265,2021-10-12 07:22:17,5720.0,100.0,12423900.0
266,2021-10-12 07:22:09,5720.0,20000.0,12423800.0
267,2021-10-12 07:22:09,5720.0,100.0,12403800.0
268,2021-10-12 07:22:09,5720.0,10000.0,12403700.0
269,2021-10-12 07:22:09,5720.0,3000.0,12393700.0
270,2021-10-12 07:22:09,5720.0,10000.0,12390700.0
271,2021-10-12 07:22:09,5720.0,1000.0,12380700.0
272,2021-10-12 07:22:09,5720.0,100.0,12379700.0
273,2021-10-12 07:22:08,5720.0,200.0,12379600.0
274,2021-10-12 07:22:08,5710.0,200.0,12379400.0
275,2021-10-12 07:22:01,5710.0,2000.0,12379200.0
276,2021-10-12 07:21:59,5710.0,600.0,12377200.0
277,2021-10-12 07:21:59,5710.0,8000.0,12376600.0
278,2021-10-12 07:21:54,5710.0,2100.0,12368600.0
279,2021-10-12 07:21:53,5710.0,200.0,12366500.0
280,2021-10-12 07:21:50,5710.0,11700.0,12366300.0
281,2021-10-12 07:21:50,5710.0,10000.0,12354600.0
282,2021-10-12 07:21:50,5710.0,5000.0,12344600.0
283,2021-10-12 07:21:50,5710.0,300.0,12339600.0
284,2021-10-12 07:21:40,5710.0,4700.0,12339300.0
285,2021-10-12 07:21:40,5710.0,5000.0,12334600.0
286,2021-10-12 07:21:40,5710.0,300.0,12329600.0
287,2021-10-12 07:20:58,5700.0,100.0,12329300.0
288,2021-10-12 07:20:58,5700.0,19000.0,12329200.0
289,2021-10-12 07:20:31,5700.0,2000.0,12310200.0
290,2021-10-12 07:20:31,5700.0,1000.0,12308200.0
291,2021-10-12 07:20:31,5700.0,1500.0,12307200.0
292,2021-10-12 07:20:24,5700.0,2900.0,12305700.0
293,2021-10-12 07:20:24,5700.0,1100.0,12302800.0
294,2021-10-12 07:20:18,5700.0,1900.0,12301700.0
295,2021-10-12 07:20:18,5700.0,5600.0,12299800.0
296,2021-10-12 07:20:18,5700.0,2500.0,12294200.0
297,2021-10-12 07:20:12,5700.0,2000.0,12291700.0
298,2021-10-12 07:20:07,5700.0,6500.0,12289700.0
299,2021-10-12 07:19:55,5700.0,17400.0,12283200.0
300,2021-10-12 07:19:47,5700.0,2100.0,12265800.0
301,2021-10-12 07:19:47,5700.0,2900.0,12263700.0
302,2021-10-12 07:19:46,5690.0,600.0,12260800.0
303,2021-10-12 07:19:44,5700.0,7100.0,12260200.0
304,2021-10-12 07:19:44,5700.0,4000.0,12253100.0
305,2021-10-12 07:19:44,5700.0,38900.0,12249100.0
306,2021-10-12 07:19:34,5700.0,1000.0,12210200.0
307,2021-10-12 07:19:31,5690.0,7700.0,12209200.0
308,2021-10-12 07:19:31,5690.0,700.0,12201500.0
309,2021-10-12 07:19:31,5690.0,500.0,12200800.0
310,2021-10-12 07:19:30,5690.0,10000.0,12200300.0
311,2021-10-12 07:19:21,5690.0,900.0,12190300.0
312,2021-10-12 07:19:21,5690.0,100.0,12189400.0
313,2021-10-12 07:19:11,5690.0,2000.0,12189300.0
314,2021-10-12 07:19:01,5690.0,100.0,12187300.0
315,2021-10-12 07:18:41,5690.0,100.0,12187200.0
316,2021-10-12 07:18:23,5690.0,100.0,12187100.0
317,2021-10-12 07:18:07,5690.0,1900.0,12187000.0
318,2021-10-12 07:18:07,5690.0,100.0,12185100.0
319,2021-10-12 07:17:56,5700.0,100.0,12185000.0
320,2021-10-12 07:17:55,5700.0,900.0,12184900.0
321,2021-10-12 07:17:52,5700.0,100.0,12184000.0
322,2021-10-12 07:17:43,5700.0,400.0,12183900.0
323,2021-10-12 07:17:40,5700.0,1500.0,12183500.0
324,2021-10-12 07:17:40,5700.0,8500.0,12182000.0
325,2021-10-12 07:17:37,5700.0,17500.0,12173500.0
326,2021-10-12 07:17:37,5700.0,2000.0,12156000.0
327,2021-10-12 07:17:37,5700.0,5000.0,12154000.0
328,2021-10-12 07:17:37,5700.0,1000.0,12149000.0
329,2021-10-12 07:17:37,5700.0,700.0,12148000.0
330,2021-10-12 07:17:37,5700.0,1000.0,12147300.0
331,2021-10-12 07:17:37,5700.0,2800.0,12146300.0
332,2021-10-12 07:17:35,5700.0,10000.0,12143500.0
333,2021-10-12 07:17:33,5710.0,1000.0,12133500.0
334,2021-10-12 07:17:32,5700.0,10000.0,12132500.0
335,2021-10-12 07:17:30,5710.0,10700.0,12122500.0
336,2021-10-12 07:17:30,5710.0,2100.0,12111800.0
337,2021-10-12 07:17:12,5710.0,5000.0,12109700.0
338,2021-10-12 07:17:12,5710.0,4000.0,12104700.0
339,2021-10-12 07:17:12,5710.0,2000.0,12100700.0
340,2021-10-12 07:17:12,5710.0,4900.0,12098700.0
341,2021-10-12 07:16:56,5720.0,700.0,12093800.0
342,2021-10-12 07:16:55,5720.0,100.0,12093100.0
343,2021-10-12 07:16:55,5720.0,200.0,12093000.0
344,2021-10-12 07:16:52,5720.0,300.0,12092800.0
345,2021-10-12 07:16:52,5720.0,500.0,12092500.0
346,2021-10-12 07:16:52,5720.0,100.0,12092000.0
347,2021-10-12 07:16:52,5720.0,100.0,12091900.0
348,2021-10-12 07:16:52,5720.0,3000.0,12091800.0
349,2021-10-12 07:16:52,5720.0,100.0,12088800.0
350,2021-10-12 07:16:52,5720.0,2000.0,12088700.0
351,2021-10-12 07:16:52,5720.0,100.0,12086700.0
352,2021-10-12 07:16:52,5720.0,800.0,12086600.0
353,2021-10-12 07:16:30,5720.0,100.0,12085800.0
354,2021-10-12 07:16:20,5720.0,400.0,12085700.0
355,2021-10-12 07:16:20,5720.0,400.0,12085300.0
356,2021-10-12 07:16:20,5720.0,500.0,12084900.0
357,2021-10-12 07:16:20,5720.0,500.0,12084400.0
358,2021-10-12 07:16:20,5720.0,100.0,12083900.0
359,2021-10-12 07:16:20,5720.0,2000.0,12083800.0
360,2021-10-12 07:16:20,5720.0,200.0,12081800.0
361,2021-10-12 07:16:20,5720.0,500.0,12081600.0
362,2021-10-12 07:16:20,5720.0,400.0,12081100.0
363,2021-10-12 07:16:16,5720.0,600.0,12080700.0
364,2021-10-12 07:16:16,5720.0,200.0,12080100.0
365,2021-10-12 07:16:13,5720.0,500.0,12079900.0
366,2021-10-12 07:16:07,5720.0,500.0,12079400.0
367,2021-10-12 07:16:02,5720.0,3700.0,12078900.0
368,2021-10-12 07:15:34,5720.0,3700.0,12075200.0
369,2021-10-12 07:15:23,5720.0,600.0,12071500.0
370,2021-10-12 07:15:13,5720.0,800.0,12070900.0
371,2021-10-12 07:15:13,5720.0,4200.0,12070100.0
372,2021-10-12 07:15:12,5710.0,5100.0,12065900.0
373,2021-10-12 07:15:12,5710.0,900.0,12060800.0
374,2021-10-12 07:15:11,5720.0,600.0,12059900.0
375,2021-10-12 07:15:06,5720.0,5000.0,12059300.0
376,2021-10-12 07:14:54,5720.0,3000.0,12054300.0
377,2021-10-12 07:14:51,5720.0,300.0,12051300.0
378,2021-10-12 07:14:46,5710.0,1000.0,12051000.0
379,2021-10-12 07:14:42,5720.0,6900.0,12050000.0
380,2021-10-12 07:14:42,5720.0,3100.0,12043100.0
381,2021-10-12 07:14:32,5720.0,400.0,12040000.0
382,2021-10-12 07:14:32,5720.0,2600.0,12039600.0
383,2021-10-12 07:14:25,5710.0,500.0,12037000.0
384,2021-10-12 07:14:06,5720.0,1000.0,12036500.0
385,2021-10-12 07:13:21,5710.0,500.0,12035500.0
386,2021-10-12 07:13:07,5720.0,1400.0,12035000.0
387,2021-10-12 07:13:07,5720.0,500.0,12033600.0
388,2021-10-12 07:13:07,5720.0,100.0,12033100.0
389,2021-10-12 07:13:03,5710.0,100.0,12033000.0
390,2021-10-12 07:12:44,5700.0,500.0,12032900.0
391,2021-10-12 07:12:40,5710.0,200.0,12032400.0
392,2021-10-12 07:12:39,5710.0,400.0,12032200.0
393,2021-10-12 07:12:33,5710.0,200.0,12031800.0
394,2021-10-12 07:12:33,5710.0,1000.0,12031600.0
395,2021-10-12 07:12:33,5710.0,400.0,12030600.0
396,2021-10-12 07:12:27,5710.0,100.0,12030200.0
397,2021-10-12 07:12:27,5710.0,2500.0,12030100.0
398,2021-10-12 07:12:24,5710.0,500.0,12027600.0
399,2021-10-12 07:12:17,5700.0,1000.0,12027100.0
400,2021-10-12 07:12:13,5700.0,500.0,12026100.0
401,2021-10-12 07:12:13,5700.0,500.0,12025600.0
402,2021-10-12 07:12:13,5700.0,5000.0,12025100.0
403,2021-10-12 07:12:13,5700.0,400.0,12020100.0
404,2021-10-12 07:12:13,5700.0,1500.0,12019700.0
405,2021-10-12 07:12:13,5700.0,6000.0,12018200.0
406,2021-10-12 07:12:13,5700.0,10000.0,12012200.0
407,2021-10-12 07:12:13,5700.0,1000.0,12002200.0
408,2021-10-12 07:12:13,5700.0,1400.0,12001200.0
409,2021-10-12 07:12:13,5700.0,1100.0,11999800.0
410,2021-10-12 07:12:13,5700.0,2000.0,11998700.0
411,2021-10-12 07:12:13,5700.0,2000.0,11996700.0
412,2021-10-12 07:12:13,5700.0,1200.0,11994700.0
413,2021-10-12 07:12:13,5700.0,500.0,11993500.0
414,2021-10-12 07:12:13,5700.0,100.0,11993000.0
415,2021-10-12 07:12:13,5700.0,10000.0,11992900.0
416,2021-10-12 07:12:13,5700.0,200.0,11982900.0
417,2021-10-12 07:12:13,5700.0,2300.0,11982700.0
418,2021-10-12 07:12:09,5700.0,4800.0,11980400.0
419,2021-10-12 07:12:09,5700.0,200.0,11975600.0
420,2021-10-12 07:12:02,5700.0,100.0,11975400.0
421,2021-10-12 07:11:59,5700.0,100.0,11975300.0
422,2021-10-12 07:11:54,5700.0,5000.0,11975200.0
423,2021-10-12 07:11:45,5700.0,1500.0,11970200.0
424,2021-10-12 07:11:45,5700.0,3100.0,11968700.0
425,2021-10-12 07:11:45,5700.0,4200.0,11965600.0
426,2021-10-12 07:11:45,5700.0,2000.0,11961400.0
427,2021-10-12 07:11:45,5700.0,700.0,11959400.0
428,2021-10-12 07:11:43,5700.0,200.0,11958700.0
429,2021-10-12 07:11:43,5700.0,5000.0,11958500.0
430,2021-10-12 07:11:43,5700.0,1400.0,11953500.0
431,2021-10-12 07:11:43,5700.0,19400.0,11952100.0
432,2021-10-12 07:11:38,5700.0,1000.0,11932700.0
433,2021-10-12 07:11:32,5700.0,100.0,11931700.0
434,2021-10-12 07:10:54,5700.0,9000.0,11931600.0
435,2021-10-12 07:10:53,5690.0,200.0,11922600.0
436,2021-10-12 07:10:44,5700.0,1000.0,11922400.0
437,2021-10-12 07:10:38,5700.0,2300.0,11921400.0
438,2021-10-12 07:10:38,5700.0,15000.0,11919100.0
439,2021-10-12 07:10:38,5700.0,200.0,11904100.0
440,2021-10-12 07:10:38,5700.0,500.0,11903900.0
441,2021-10-12 07:10:38,5700.0,1000.0,11903400.0
442,2021-10-12 07:10:37,5680.0,500.0,11902400.0
443,2021-10-12 07:10:32,5700.0,6700.0,11901900.0
444,2021-10-12 07:10:32,5690.0,1000.0,11895200.0
445,2021-10-12 07:10:32,5690.0,200.0,11894200.0
446,2021-10-12 07:10:32,5690.0,5000.0,11894000.0
447,2021-10-12 07:10:32,5690.0,8000.0,11889000.0
448,2021-10-12 07:10:32,5690.0,1900.0,11881000.0
449,2021-10-12 07:10:32,5690.0,200.0,11879100.0
450,2021-10-12 07:10:32,5690.0,7200.0,11878900.0
451,2021-10-12 07:10:29,5680.0,2000.0,11871700.0
452,2021-10-12 07:10:28,5680.0,400.0,11869700.0
453,2021-10-12 07:10:28,5680.0,11500.0,11869300.0
454,2021-10-12 07:10:18,5680.0,1100.0,11857800.0
455,2021-10-12 07:10:18,5680.0,2000.0,11856700.0
456,2021-10-12 07:10:18,5680.0,200.0,11854700.0
457,2021-10-12 07:10:16,5670.0,500.0,11854500.0
458,2021-10-12 07:10:12,5670.0,22000.0,11854000.0
459,2021-10-12 07:10:10,5680.0,300.0,11832000.0
460,2021-10-12 07:10:01,5670.0,500.0,11831700.0
461,2021-10-12 07:09:54,5670.0,5000.0,11831200.0
462,2021-10-12 07:09:54,5670.0,900.0,11826200.0
463,2021-10-12 07:09:54,5670.0,2000.0,11825300.0
464,2021-10-12 07:09:54,5670.0,10000.0,11823300.0
465,2021-10-12 07:09:54,5670.0,200.0,11813300.0
466,2021-10-12 07:09:54,5670.0,100.0,11813100.0
467,2021-10-12 07:09:54,5670.0,4000.0,11813000.0
468,2021-10-12 07:09:54,5670.0,5500.0,11809000.0
469,2021-10-12 07:09:49,5660.0,5000.0,11803500.0
470,2021-10-12 07:09:40,5650.0,200.0,11798500.0
471,2021-10-12 07:09:29,5650.0,8900.0,11798300.0
472,2021-10-12 07:09:27,5650.0,4000.0,11789400.0
473,2021-10-12 07:09:24,5650.0,500.0,11785400.0
474,2021-10-12 07:09:21,5650.0,2000.0,11784900.0
475,2021-10-12 07:09:21,5650.0,1000.0,11782900.0
476,2021-10-12 07:09:21,5650.0,1000.0,11781900.0
477,2021-10-12 07:09:21,5650.0,200.0,11780900.0
478,2021-10-12 07:09:21,5650.0,43500.0,11780700.0
479,2021-10-12 07:09:21,5650.0,2000.0,11737200.0
480,2021-10-12 07:09:21,5650.0,1000.0,11735200.0
481,2021-10-12 07:09:21,5650.0,5000.0,11734200.0
482,2021-10-12 07:09:21,5650.0,1000.0,11729200.0
483,2021-10-12 07:09:21,5650.0,29100.0,11728200.0
484,2021-10-12 07:09:21,5660.0,800.0,11699100.0
485,2021-10-12 07:09:21,5660.0,1000.0,11698300.0
486,2021-10-12 07:09:21,5660.0,900.0,11697300.0
487,2021-10-12 07:09:21,5660.0,5000.0,11696400.0
488,2021-10-12 07:09:21,5660.0,800.0,11691400.0
489,2021-10-12 07:09:21,5660.0,700.0,11690600.0
490,2021-10-12 07:09:21,5660.0,800.0,11689900.0
491,2021-10-12 07:09:16,5650.0,800.0,11689100.0
492,2021-10-12 07:09:13,5650.0,300.0,11688300.0
493,2021-10-12 07:09:04,5650.0,100.0,11688000.0
494,2021-10-12 07:09:04,5650.0,2000.0,11687900.0
495,2021-10-12 07:09:04,5650.0,5300.0,11685900.0
496,2021-10-12 07:09:04,5650.0,12400.0,11680600.0
497,2021-10-12 07:09:02,5650.0,2000.0,11668200.0
498,2021-10-12 07:09:01,5650.0,5600.0,11666200.0
499,2021-10-12 07:09:01,5650.0,1500.0,11660600.0
500,2021-10-12 07:09:01,5650.0,2900.0,11659100.0
501,2021-10-12 07:08:59,5650.0,2000.0,11656200.0
502,2021-10-12 07:08:52,5650.0,100.0,11654200.0
503,2021-10-12 07:08:52,5650.0,1900.0,11654100.0
504,2021-10-12 07:08:47,5640.0,500.0,11652200.0
505,2021-10-12 07:08:37,5650.0,400.0,11651700.0
506,2021-10-12 07:08:37,5650.0,200.0,11651300.0
507,2021-10-12 07:08:37,5650.0,1500.0,11651100.0
508,2021-10-12 07:08:37,5650.0,5000.0,11649600.0
509,2021-10-12 07:08:29,5650.0,5000.0,11644600.0
510,2021-10-12 07:08:19,5650.0,5000.0,11639600.0
511,2021-10-12 07:08:16,5650.0,100.0,11634600.0
512,2021-10-12 07:08:07,5650.0,100.0,11634500.0
513,2021-10-12 07:08:04,5650.0,1000.0,11634400.0
514,2021-10-12 07:07:57,5650.0,200.0,11633400.0
515,2021-10-12 07:07:44,5640.0,100.0,11633200.0
516,2021-10-12 07:07:44,5650.0,7600.0,11633100.0
517,2021-10-12 07:07:44,5650.0,10000.0,11625500.0
518,2021-10-12 07:07:44,5650.0,1000.0,11615500.0
519,2021-10-12 07:07:44,5650.0,5000.0,11614500.0
520,2021-10-12 07:07:44,5650.0,400.0,11609500.0
521,2021-10-12 07:07:44,5650.0,1000.0,11609100.0
522,2021-10-12 07:07:44,5650.0,100.0,11608100.0
523,2021-10-12 07:07:44,5650.0,1000.0,11608000.0
524,2021-10-12 07:07:44,5650.0,10600.0,11607000.0
525,2021-10-12 07:07:44,5650.0,200.0,11596400.0
526,2021-10-12 07:07:44,5650.0,2800.0,11596200.0
527,2021-10-12 07:07:44,5650.0,3000.0,11593400.0
528,2021-10-12 07:07:44,5650.0,1000.0,11590400.0
529,2021-10-12 07:07:44,5650.0,3000.0,11589400.0
530,2021-10-12 07:07:44,5650.0,3000.0,11586400.0
531,2021-10-12 07:07:44,5650.0,300.0,11583400.0
532,2021-10-12 07:07:38,5640.0,1000.0,11583100.0
533,2021-10-12 07:07:35,5650.0,100.0,11582100.0
534,2021-10-12 07:07:33,5650.0,100.0,11582000.0
535,2021-10-12 07:07:32,5640.0,10000.0,11581900.0
536,2021-10-12 07:07:15,5650.0,500.0,11571900.0
537,2021-10-12 07:07:14,5650.0,500.0,11571400.0
538,2021-10-12 07:07:03,5630.0,2500.0,11570900.0
539,2021-10-12 07:07:03,5630.0,200.0,11568400.0
540,2021-10-12 07:07:03,5630.0,1200.0,11568200.0
541,2021-10-12 07:07:03,5630.0,1000.0,11567000.0
542,2021-10-12 07:07:03,5630.0,700.0,11566000.0
543,2021-10-12 07:07:03,5630.0,100.0,11565300.0
544,2021-10-12 07:07:03,5630.0,1300.0,11565200.0
545,2021-10-12 07:07:03,5630.0,100.0,11563900.0
546,2021-10-12 07:07:03,5630.0,100.0,11563800.0
547,2021-10-12 07:07:03,5630.0,1000.0,11563700.0
548,2021-10-12 07:07:03,5630.0,100.0,11562700.0
549,2021-10-12 07:07:03,5630.0,200.0,11562600.0
550,2021-10-12 07:07:03,5630.0,500.0,11562400.0
551,2021-10-12 07:07:03,5630.0,10000.0,11561900.0
552,2021-10-12 07:07:03,5630.0,1000.0,11551900.0
553,2021-10-12 07:07:03,5630.0,2000.0,11550900.0
554,2021-10-12 07:07:03,5630.0,1400.0,11548900.0
555,2021-10-12 07:07:03,5630.0,100.0,11547500.0
556,2021-10-12 07:07:03,5630.0,2800.0,11547400.0
557,2021-10-12 07:07:03,5640.0,1000.0,11544600.0
558,2021-10-12 07:07:03,5640.0,200.0,11543600.0
559,2021-10-12 07:07:03,5640.0,100.0,11543400.0
560,2021-10-12 07:07:03,5640.0,700.0,11543300.0
561,2021-10-12 07:07:03,5640.0,500.0,11542600.0
562,2021-10-12 07:07:03,5640.0,10000.0,11542100.0
563,2021-10-12 07:07:03,5640.0,200.0,11532100.0
564,2021-10-12 07:07:02,5640.0,300.0,11531900.0
565,2021-10-12 07:07:02,5640.0,200.0,11531600.0
566,2021-10-12 07:06:41,5640.0,800.0,11531400.0
567,2021-10-12 07:06:41,5640.0,200.0,11530600.0
568,2021-10-12 07:06:37,5650.0,100.0,11530400.0
569,2021-10-12 07:06:23,5650.0,500.0,11530300.0
570,2021-10-12 07:06:21,5640.0,500.0,11529800.0
571,2021-10-12 07:06:10,5650.0,500.0,11529300.0
572,2021-10-12 07:06:04,5640.0,2500.0,11528800.0
573,2021-10-12 07:06:02,5640.0,100.0,11526300.0
574,2021-10-12 07:05:59,5640.0,1000.0,11526200.0
575,2021-10-12 07:05:46,5640.0,2000.0,11525200.0
576,2021-10-12 07:05:45,5640.0,3700.0,11523200.0
577,2021-10-12 07:05:44,5640.0,600.0,11519500.0
578,2021-10-12 07:05:44,5640.0,100.0,11518900.0
579,2021-10-12 07:05:44,5640.0,400.0,11518800.0
580,2021-10-12 07:05:44,5640.0,1000.0,11518400.0
581,2021-10-12 07:05:44,5640.0,4200.0,11517400.0
582,2021-10-12 07:05:42,5640.0,100.0,11513200.0
583,2021-10-12 07:05:39,5640.0,200.0,11513100.0
584,2021-10-12 07:05:39,5640.0,100.0,11512900.0
585,2021-10-12 07:05:39,5640.0,1700.0,11512800.0
586,2021-10-12 07:05:36,5640.0,1300.0,11511100.0
587,2021-10-12 07:05:36,5640.0,1000.0,11509800.0
588,2021-10-12 07:05:36,5640.0,100.0,11508800.0
589,2021-10-12 07:05:36,5640.0,500.0,11508700.0
590,2021-10-12 07:05:36,5640.0,200.0,11508200.0
591,2021-10-12 07:05:36,5640.0,1000.0,11508000.0
592,2021-10-12 07:05:36,5640.0,200.0,11507000.0
593,2021-10-12 07:05:36,5640.0,700.0,11506800.0
594,2021-10-12 07:05:26,5640.0,4000.0,11506100.0
595,2021-10-12 07:05:18,5650.0,1000.0,11502100.0
596,2021-10-12 07:05:10,5640.0,100.0,11501100.0
597,2021-10-12 07:05:02,5640.0,200.0,11501000.0
598,2021-10-12 07:04:58,5640.0,2000.0,11500800.0
599,2021-10-12 07:04:56,5640.0,9500.0,11498800.0
600,2021-10-12 07:04:46,5640.0,10000.0,11489300.0
601,2021-10-12 07:04:46,5640.0,100.0,11479300.0
602,2021-10-12 07:04:42,5650.0,800.0,11479200.0
603,2021-10-12 07:04:25,5640.0,1000.0,11478400.0
604,2021-10-12 07:04:19,5640.0,100.0,11477400.0
605,2021-10-12 07:04:14,5640.0,3300.0,11477300.0
606,2021-10-12 07:04:14,5640.0,100.0,11474000.0
607,2021-10-12 07:04:14,5640.0,10000.0,11473900.0
608,2021-10-12 07:04:14,5640.0,1700.0,11463900.0
609,2021-10-12 07:04:14,5640.0,4900.0,11462200.0
610,2021-10-12 07:04:02,5640.0,100.0,11457300.0
611,2021-10-12 07:03:58,5640.0,25400.0,11457200.0
612,2021-10-12 07:03:56,5640.0,1000.0,11431800.0
613,2021-10-12 07:03:48,5640.0,5000.0,11430800.0
614,2021-10-12 07:03:44,5640.0,1000.0,11425800.0
615,2021-10-12 07:03:16,5650.0,200.0,11424800.0
616,2021-10-12 07:03:07,5650.0,1000.0,11424600.0
617,2021-10-12 07:02:54,5650.0,1800.0,11423600.0
618,2021-10-12 07:02:53,5650.0,100.0,11421800.0
619,2021-10-12 07:02:41,5650.0,1000.0,11421700.0
620,2021-10-12 07:02:40,5650.0,100.0,11420700.0
621,2021-10-12 07:02:39,5650.0,200.0,11420600.0
622,2021-10-12 07:02:38,5650.0,500.0,11420400.0
623,2021-10-12 07:02:38,5650.0,5000.0,11419900.0
624,2021-10-12 07:02:38,5650.0,200.0,11414900.0
625,2021-10-12 07:02:38,5650.0,3000.0,11414700.0
626,2021-10-12 07:02:38,5650.0,2000.0,11411700.0
627,2021-10-12 07:02:38,5650.0,800.0,11409700.0
628,2021-10-12 07:02:38,5650.0,200.0,11408900.0
629,2021-10-12 07:02:38,5650.0,5000.0,11408700.0
630,2021-10-12 07:02:36,5650.0,300.0,11403700.0
631,2021-10-12 07:02:32,5650.0,300.0,11403400.0
632,2021-10-12 07:02:31,5640.0,10000.0,11403100.0
633,2021-10-12 07:02:18,5650.0,4000.0,11393100.0
634,2021-10-12 07:02:17,5640.0,2600.0,11389100.0
635,2021-10-12 07:02:17,5640.0,400.0,11386500.0
636,2021-10-12 07:02:16,5650.0,200.0,11386100.0
637,2021-10-12 07:02:04,5640.0,5000.0,11385900.0
638,2021-10-12 07:01:39,5640.0,1000.0,11380900.0
639,2021-10-12 07:01:36,5640.0,100.0,11379900.0
640,2021-10-12 07:01:26,5640.0,28000.0,11379800.0
641,2021-10-12 07:01:15,5640.0,10000.0,11351800.0
642,2021-10-12 07:01:15,5640.0,5000.0,11341800.0
643,2021-10-12 07:01:15,5640.0,500.0,11336800.0
644,2021-10-12 07:01:12,5630.0,1500.0,11336300.0
645,2021-10-12 07:00:52,5630.0,500.0,11334800.0
646,2021-10-12 07:00:50,5630.0,200.0,11334300.0
647,2021-10-12 07:00:50,5640.0,100.0,11334100.0
648,2021-10-12 07:00:49,5630.0,1000.0,11334000.0
649,2021-10-12 07:00:48,5640.0,2000.0,11333000.0
650,2021-10-12 07:00:37,5640.0,300.0,11331000.0
651,2021-10-12 07:00:36,5630.0,5500.0,11330700.0
652,2021-10-12 07:00:36,5630.0,9900.0,11325200.0
653,2021-10-12 07:00:36,5630.0,100.0,11315300.0
654,2021-10-12 07:00:36,5630.0,2000.0,11315200.0
655,2021-10-12 07:00:36,5630.0,2000.0,11313200.0
656,2021-10-12 07:00:36,5630.0,10500.0,11311200.0
657,2021-10-12 07:00:36,5630.0,4000.0,11300700.0
658,2021-10-12 07:00:30,5630.0,5000.0,11296700.0
659,2021-10-12 07:00:06,5630.0,7300.0,11291700.0
660,2021-10-12 07:00:01,5640.0,1000.0,11284400.0
661,2021-10-12 06:59:56,5630.0,500.0,11283400.0
662,2021-10-12 06:59:56,5630.0,2700.0,11282900.0
663,2021-10-12 06:59:55,5630.0,300.0,11280200.0
664,2021-10-12 06:59:55,5630.0,200.0,11279900.0
665,2021-10-12 06:59:55,5630.0,300.0,11279700.0
666,2021-10-12 06:59:48,5630.0,500.0,11279400.0
667,2021-10-12 06:59:47,5630.0,200.0,11278900.0
668,2021-10-12 06:59:46,5630.0,100.0,11278700.0
669,2021-10-12 06:59:42,5630.0,500.0,11278600.0
670,2021-10-12 06:59:42,5630.0,3400.0,11278100.0
671,2021-10-12 06:59:35,5630.0,1000.0,11274700.0
672,2021-10-12 06:59:35,5630.0,600.0,11273700.0
673,2021-10-12 06:59:33,5630.0,3600.0,11273100.0
674,2021-10-12 06:59:27,5630.0,2000.0,11269500.0
675,2021-10-12 06:59:26,5630.0,3000.0,11267500.0
676,2021-10-12 06:59:23,5630.0,5300.0,11264500.0
677,2021-10-12 06:59:23,5630.0,500.0,11259200.0
678,2021-10-12 06:59:23,5630.0,5000.0,11258700.0
679,2021-10-12 06:59:23,5630.0,10000.0,11253700.0
680,2021-10-12 06:59:23,5630.0,32000.0,11243700.0
681,2021-10-12 06:59:15,5630.0,1000.0,11211700.0
682,2021-10-12 06:59:09,5630.0,5000.0,11210700.0
683,2021-10-12 06:59:09,5630.0,3500.0,11205700.0
684,2021-10-12 06:59:09,5630.0,8500.0,11202200.0
685,2021-10-12 06:59:08,5630.0,2000.0,11193700.0
686,2021-10-12 06:59:07,5630.0,100.0,11191700.0
687,2021-10-12 06:59:06,5630.0,1000.0,11191600.0
688,2021-10-12 06:59:04,5630.0,2000.0,11190600.0
689,2021-10-12 06:59:03,5630.0,1000.0,11188600.0
690,2021-10-12 06:59:02,5630.0,100.0,11187600.0
691,2021-10-12 06:59:01,5630.0,2000.0,11187500.0
692,2021-10-12 06:58:58,5630.0,1000.0,11185500.0
693,2021-10-12 06:58:49,5630.0,100.0,11184500.0
694,2021-10-12 06:58:49,5630.0,500.0,11184400.0
695,2021-10-12 06:58:49,5630.0,300.0,11183900.0
696,2021-10-12 06:58:49,5630.0,100.0,11183600.0
697,2021-10-12 06:58:49,5630.0,100.0,11183500.0
698,2021-10-12 06:58:49,5630.0,1800.0,11183400.0
699,2021-10-12 06:58:49,5630.0,100.0,11181600.0
700,2021-10-12 06:58:49,5630.0,2000.0,11181500.0
701,2021-10-12 06:58:49,5630.0,200.0,11179500.0
702,2021-10-12 06:58:49,5630.0,4100.0,11179300.0
703,2021-10-12 06:58:47,5640.0,16100.0,11175200.0
704,2021-10-12 06:58:47,5640.0,13900.0,11159100.0
705,2021-10-12 06:58:36,5630.0,900.0,11145200.0
706,2021-10-12 06:58:36,5630.0,200.0,11144300.0
707,2021-10-12 06:58:36,5630.0,1000.0,11144100.0
708,2021-10-12 06:58:36,5630.0,200.0,11143100.0
709,2021-10-12 06:58:36,5630.0,300.0,11142900.0
710,2021-10-12 06:58:36,5630.0,100.0,11142600.0
711,2021-10-12 06:58:36,5630.0,1000.0,11142500.0
712,2021-10-12 06:58:36,5630.0,6300.0,11141500.0
713,2021-10-12 06:58:33,5630.0,2900.0,11135200.0
714,2021-10-12 06:58:20,5630.0,3900.0,11132300.0
715,2021-10-12 06:58:08,5630.0,3800.0,11128400.0
716,2021-10-12 06:58:08,5630.0,1000.0,11124600.0
717,2021-10-12 06:57:59,5630.0,100.0,11123600.0
718,2021-10-12 06:57:57,5630.0,500.0,11123500.0
719,2021-10-12 06:57:55,5630.0,31500.0,11123000.0
720,2021-10-12 06:57:55,5630.0,100.0,11091500.0
721,2021-10-12 06:57:55,5630.0,5000.0,11091400.0
722,2021-10-12 06:57:55,5630.0,2000.0,11086400.0
723,2021-10-12 06:57:55,5630.0,500.0,11084400.0
724,2021-10-12 06:57:55,5630.0,200.0,11083900.0
725,2021-10-12 06:57:55,5630.0,1200.0,11083700.0
726,2021-10-12 06:57:55,5630.0,100.0,11082500.0
727,2021-10-12 06:57:55,5630.0,1000.0,11082400.0
728,2021-10-12 06:57:55,5630.0,100.0,11081400.0
729,2021-10-12 06:57:55,5630.0,10000.0,11081300.0
730,2021-10-12 06:57:55,5630.0,100.0,11071300.0
731,2021-10-12 06:57:55,5630.0,1000.0,11071200.0
732,2021-10-12 06:57:55,5630.0,8400.0,11070200.0
733,2021-10-12 06:57:55,5630.0,5000.0,11061800.0
734,2021-10-12 06:57:55,5630.0,200.0,11056800.0
735,2021-10-12 06:57:55,5630.0,2000.0,11056600.0
736,2021-10-12 06:57:55,5630.0,2000.0,11054600.0
737,2021-10-12 06:57:55,5630.0,1000.0,11052600.0
738,2021-10-12 06:57:55,5630.0,500.0,11051600.0
739,2021-10-12 06:57:55,5630.0,800.0,11051100.0
740,2021-10-12 06:57:55,5630.0,1000.0,11050300.0
741,2021-10-12 06:57:55,5630.0,1000.0,11049300.0
742,2021-10-12 06:57:55,5630.0,100.0,11048300.0
743,2021-10-12 06:57:55,5630.0,100.0,11048200.0
744,2021-10-12 06:57:55,5630.0,100.0,11048100.0
745,2021-10-12 06:57:55,5630.0,300.0,11048000.0
746,2021-10-12 06:57:55,5630.0,100.0,11047700.0
747,2021-10-12 06:57:55,5630.0,200.0,11047600.0
748,2021-10-12 06:57:55,5630.0,100.0,11047400.0
749,2021-10-12 06:57:55,5630.0,3000.0,11047300.0
750,2021-10-12 06:57:55,5630.0,700.0,11044300.0
751,2021-10-12 06:57:55,5630.0,300.0,11043600.0
752,2021-10-12 06:57:55,5630.0,500.0,11043300.0
753,2021-10-12 06:57:55,5630.0,1000.0,11042800.0
754,2021-10-12 06:57:55,5630.0,5000.0,11041800.0
755,2021-10-12 06:57:55,5630.0,5000.0,11036800.0
756,2021-10-12 06:57:55,5630.0,500.0,11031800.0
757,2021-10-12 06:57:55,5630.0,100.0,11031300.0
758,2021-10-12 06:57:55,5630.0,4300.0,11031200.0
759,2021-10-12 06:57:55,5630.0,100.0,11026900.0
760,2021-10-12 06:57:54,5630.0,2700.0,11026800.0
761,2021-10-12 06:57:35,5630.0,5000.0,11024100.0
762,2021-10-12 06:57:34,5630.0,300.0,11019100.0
763,2021-10-12 06:57:30,5630.0,3000.0,11018800.0
764,2021-10-12 06:57:21,5630.0,10000.0,11015800.0
765,2021-10-12 06:57:18,5630.0,500.0,11005800.0
766,2021-10-12 06:57:15,5630.0,24100.0,11005300.0
767,2021-10-12 06:57:15,5630.0,1000.0,10981200.0
768,2021-10-12 06:57:15,5630.0,3000.0,10980200.0
769,2021-10-12 06:57:15,5630.0,2900.0,10977200.0
770,2021-10-12 06:57:12,5630.0,2100.0,10974300.0
771,2021-10-12 06:57:12,5630.0,100.0,10972200.0
772,2021-10-12 06:57:12,5630.0,1300.0,10972100.0
773,2021-10-12 06:56:59,5640.0,100.0,10970800.0
774,2021-10-12 06:56:55,5630.0,100.0,10970700.0
775,2021-10-12 06:56:53,5640.0,200.0,10970600.0
776,2021-10-12 06:56:52,5640.0,100.0,10970400.0
777,2021-10-12 06:56:47,5640.0,2000.0,10970300.0
778,2021-10-12 06:56:47,5640.0,500.0,10968300.0
779,2021-10-12 06:56:40,5640.0,2000.0,10967800.0
780,2021-10-12 06:56:39,5640.0,100.0,10965800.0
781,2021-10-12 06:56:39,5640.0,7000.0,10965700.0
782,2021-10-12 06:56:39,5640.0,1000.0,10958700.0
783,2021-10-12 06:56:39,5640.0,100.0,10957700.0
784,2021-10-12 06:56:39,5640.0,300.0,10957600.0
785,2021-10-12 06:56:39,5640.0,17700.0,10957300.0
786,2021-10-12 06:56:29,5650.0,1000.0,10939600.0
787,2021-10-12 06:56:27,5640.0,2200.0,10938600.0
788,2021-10-12 06:56:26,5640.0,100.0,10936400.0
789,2021-10-12 06:56:26,5640.0,1300.0,10936300.0
790,2021-10-12 06:56:26,5640.0,500.0,10935000.0
791,2021-10-12 06:56:26,5640.0,800.0,10934500.0
792,2021-10-12 06:56:26,5640.0,400.0,10933700.0
793,2021-10-12 06:56:26,5640.0,3800.0,10933300.0
794,2021-10-12 06:56:26,5640.0,100.0,10929500.0
795,2021-10-12 06:56:26,5640.0,300.0,10929400.0
796,2021-10-12 06:56:26,5640.0,1000.0,10929100.0
797,2021-10-12 06:56:26,5640.0,200.0,10928100.0
798,2021-10-12 06:56:26,5640.0,5000.0,10927900.0
799,2021-10-12 06:56:26,5640.0,10000.0,10922900.0
800,2021-10-12 06:56:26,5640.0,1000.0,10912900.0
801,2021-10-12 06:56:26,5640.0,3000.0,10911900.0
802,2021-10-12 06:56:26,5640.0,5000.0,10908900.0
803,2021-10-12 06:56:26,5640.0,5000.0,10903900.0
804,2021-10-12 06:56:26,5640.0,100.0,10898900.0
805,2021-10-12 06:56:26,5640.0,500.0,10898800.0
806,2021-10-12 06:56:26,5640.0,2300.0,10898300.0
807,2021-10-12 06:56:02,5650.0,100.0,10896000.0
808,2021-10-12 06:55:48,5650.0,100.0,10895900.0
809,2021-10-12 06:55:42,5650.0,2000.0,10895800.0
810,2021-10-12 06:55:42,5650.0,1000.0,10893800.0
811,2021-10-12 06:55:42,5650.0,600.0,10892800.0
812,2021-10-12 06:55:42,5650.0,100.0,10892200.0
813,2021-10-12 06:55:42,5650.0,200.0,10892100.0
814,2021-10-12 06:55:42,5650.0,400.0,10891900.0
815,2021-10-12 06:55:42,5650.0,3000.0,10891500.0
816,2021-10-12 06:55:42,5650.0,1300.0,10888500.0
817,2021-10-12 06:55:42,5650.0,200.0,10887200.0
818,2021-10-12 06:55:42,5650.0,10000.0,10887000.0
819,2021-10-12 06:55:42,5650.0,3200.0,10877000.0
820,2021-10-12 06:55:42,5650.0,100.0,10873800.0
821,2021-10-12 06:55:42,5650.0,5000.0,10873700.0
822,2021-10-12 06:55:42,5650.0,2000.0,10868700.0
823,2021-10-12 06:55:42,5650.0,800.0,10866700.0
824,2021-10-12 06:55:42,5650.0,10000.0,10865900.0
825,2021-10-12 06:55:26,5670.0,2800.0,10855900.0
826,2021-10-12 06:55:26,5660.0,1800.0,10853100.0
827,2021-10-12 06:55:26,5660.0,400.0,10851300.0
828,2021-10-12 06:55:15,5660.0,1100.0,10850900.0
829,2021-10-12 06:55:15,5660.0,1900.0,10849800.0
830,2021-10-12 06:55:03,5660.0,100.0,10847900.0
831,2021-10-12 06:54:44,5670.0,2000.0,10847800.0
832,2021-10-12 06:54:15,5670.0,1000.0,10845800.0
833,2021-10-12 06:54:11,5650.0,95400.0,10844800.0
834,2021-10-12 06:54:11,5650.0,20000.0,10749400.0
835,2021-10-12 06:54:11,5650.0,3900.0,10729400.0
836,2021-10-12 06:54:11,5650.0,500.0,10725500.0
837,2021-10-12 06:54:11,5650.0,300.0,10725000.0
838,2021-10-12 06:54:11,5650.0,300.0,10724700.0
839,2021-10-12 06:54:11,5650.0,200.0,10724400.0
840,2021-10-12 06:54:11,5650.0,200.0,10724200.0
841,2021-10-12 06:54:11,5650.0,100.0,10724000.0
842,2021-10-12 06:54:11,5650.0,300.0,10723900.0
843,2021-10-12 06:54:11,5650.0,1000.0,10723600.0
844,2021-10-12 06:54:11,5650.0,300.0,10722600.0
845,2021-10-12 06:54:11,5650.0,2000.0,10722300.0
846,2021-10-12 06:54:11,5650.0,5000.0,10720300.0
847,2021-10-12 06:54:11,5650.0,1000.0,10715300.0
848,2021-10-12 06:54:11,5650.0,9000.0,10714300.0
849,2021-10-12 06:54:11,5650.0,2000.0,10705300.0
850,2021-10-12 06:54:11,5650.0,1000.0,10703300.0
851,2021-10-12 06:54:11,5650.0,1000.0,10702300.0
852,2021-10-12 06:54:11,5650.0,100.0,10701300.0
853,2021-10-12 06:54:11,5650.0,12400.0,10701200.0
854,2021-10-12 06:54:11,5650.0,5000.0,10688800.0
855,2021-10-12 06:54:11,5650.0,1000.0,10683800.0
856,2021-10-12 06:54:11,5650.0,1000.0,10682800.0
857,2021-10-12 06:54:11,5650.0,2200.0,10681800.0
858,2021-10-12 06:54:11,5650.0,2000.0,10679600.0
859,2021-10-12 06:54:11,5650.0,1000.0,10677600.0
860,2021-10-12 06:54:11,5650.0,100.0,10676600.0
861,2021-10-12 06:54:11,5650.0,21300.0,10676500.0
862,2021-10-12 06:54:11,5650.0,5000.0,10655200.0
863,2021-10-12 06:54:11,5650.0,3000.0,10650200.0
864,2021-10-12 06:54:11,5650.0,7000.0,10647200.0
865,2021-10-12 06:54:11,5660.0,100.0,10640200.0
866,2021-10-12 06:54:11,5660.0,1600.0,10640100.0
867,2021-10-12 06:54:11,5660.0,200.0,10638500.0
868,2021-10-12 06:54:11,5660.0,100.0,10638300.0
869,2021-10-12 06:54:11,5660.0,100.0,10638200.0
870,2021-10-12 06:54:11,5660.0,100.0,10638100.0
871,2021-10-12 06:54:11,5660.0,100.0,10638000.0
872,2021-10-12 06:54:11,5660.0,100.0,10637900.0
873,2021-10-12 06:54:11,5660.0,400.0,10637800.0
874,2021-10-12 06:54:11,5660.0,500.0,10637400.0
875,2021-10-12 06:54:11,5660.0,10000.0,10636900.0
876,2021-10-12 06:54:11,5660.0,100.0,10626900.0
877,2021-10-12 06:54:11,5660.0,1000.0,10626800.0
878,2021-10-12 06:54:11,5660.0,1000.0,10625800.0
879,2021-10-12 06:54:11,5660.0,24700.0,10624800.0
880,2021-10-12 06:54:11,5660.0,200.0,10600100.0
881,2021-10-12 06:54:11,5660.0,1000.0,10599900.0
882,2021-10-12 06:54:11,5660.0,100.0,10598900.0
883,2021-10-12 06:54:11,5660.0,2000.0,10598800.0
884,2021-10-12 06:54:11,5660.0,100.0,10596800.0
885,2021-10-12 06:54:11,5660.0,200.0,10596700.0
886,2021-10-12 06:54:11,5660.0,1000.0,10596500.0
887,2021-10-12 06:54:11,5660.0,500.0,10595500.0
888,2021-10-12 06:54:11,5660.0,200.0,10595000.0
889,2021-10-12 06:54:06,5670.0,4600.0,10594800.0
890,2021-10-12 06:53:30,5680.0,500.0,10590200.0
891,2021-10-12 06:53:30,5680.0,4500.0,10589700.0
892,2021-10-12 06:53:28,5670.0,5400.0,10585200.0
893,2021-10-12 06:53:28,5670.0,100.0,10579800.0
894,2021-10-12 06:53:28,5670.0,2000.0,10579700.0
895,2021-10-12 06:53:28,5670.0,1500.0,10577700.0
896,2021-10-12 06:53:17,5670.0,2000.0,10576200.0
897,2021-10-12 06:53:13,5670.0,100.0,10574200.0
898,2021-10-12 06:53:02,5670.0,400.0,10574100.0
899,2021-10-12 06:53:02,5670.0,100.0,10573700.0
900,2021-10-12 06:53:02,5670.0,100.0,10573600.0
901,2021-10-12 06:53:02,5670.0,100.0,10573500.0
902,2021-10-12 06:53:02,5670.0,100.0,10573400.0
903,2021-10-12 06:52:52,5670.0,100.0,10573300.0
904,2021-10-12 06:52:52,5670.0,100.0,10573200.0
905,2021-10-12 06:52:52,5670.0,900.0,10573100.0
906,2021-10-12 06:52:44,5670.0,200.0,10572200.0
907,2021-10-12 06:52:36,5670.0,300.0,10572000.0
908,2021-10-12 06:52:35,5670.0,100.0,10571700.0
909,2021-10-12 06:52:14,5670.0,2100.0,10571600.0
910,2021-10-12 06:52:14,5670.0,1000.0,10569500.0
911,2021-10-12 06:52:14,5670.0,100.0,10568500.0
912,2021-10-12 06:52:14,5670.0,2800.0,10568400.0
913,2021-10-12 06:52:08,5680.0,1000.0,10565600.0
914,2021-10-12 06:52:08,5680.0,2000.0,10564600.0
915,2021-10-12 06:52:08,5680.0,100.0,10562600.0
916,2021-10-12 06:52:08,5680.0,200.0,10562500.0
917,2021-10-12 06:52:08,5680.0,200.0,10562300.0
918,2021-10-12 06:52:08,5680.0,100.0,10562100.0
919,2021-10-12 06:52:08,5680.0,100.0,10562000.0
920,2021-10-12 06:52:08,5680.0,700.0,10561900.0
921,2021-10-12 06:52:08,5680.0,100.0,10561200.0
922,2021-10-12 06:52:08,5680.0,100.0,10561100.0
923,2021-10-12 06:52:08,5680.0,900.0,10561000.0
924,2021-10-12 06:52:06,5680.0,2000.0,10560100.0
925,2021-10-12 06:52:01,5680.0,3000.0,10558100.0
926,2021-10-12 06:51:43,5680.0,1000.0,10555100.0
927,2021-10-12 06:51:30,5690.0,800.0,10554100.0
928,2021-10-12 06:51:30,5690.0,100.0,10553300.0
929,2021-10-12 06:51:18,5680.0,1300.0,10553200.0
930,2021-10-12 06:51:12,5680.0,500.0,10551900.0
931,2021-10-12 06:50:37,5680.0,400.0,10551400.0
932,2021-10-12 06:50:29,5680.0,4000.0,10551000.0
933,2021-10-12 06:50:14,5680.0,600.0,10547000.0
934,2021-10-12 06:50:14,5690.0,1400.0,10546400.0
935,2021-10-12 06:50:13,5690.0,2000.0,10545000.0
936,2021-10-12 06:50:02,5690.0,2000.0,10543000.0
937,2021-10-12 06:50:02,5690.0,20000.0,10541000.0
938,2021-10-12 06:50:02,5690.0,600.0,10521000.0
939,2021-10-12 06:50:02,5690.0,1100.0,10520400.0
940,2021-10-12 06:50:02,5690.0,2800.0,10519300.0
941,2021-10-12 06:49:43,5680.0,1100.0,10516500.0
942,2021-10-12 06:49:18,5680.0,1300.0,10515400.0
943,2021-10-12 06:49:18,5680.0,3500.0,10514100.0
944,2021-10-12 06:49:18,5680.0,400.0,10510600.0
945,2021-10-12 06:49:17,5680.0,2600.0,10510200.0
946,2021-10-12 06:49:17,5680.0,1000.0,10507600.0
947,2021-10-12 06:49:17,5680.0,4200.0,10506600.0
948,2021-10-12 06:49:14,5680.0,100.0,10502400.0
949,2021-10-12 06:48:45,5680.0,100.0,10502300.0
950,2021-10-12 06:48:45,5670.0,300.0,10502200.0
951,2021-10-12 06:48:44,5680.0,3800.0,10501900.0
952,2021-10-12 06:48:40,5670.0,500.0,10498100.0
953,2021-10-12 06:48:35,5670.0,4400.0,10497600.0
954,2021-10-12 06:48:35,5670.0,100.0,10493200.0
955,2021-10-12 06:48:35,5670.0,500.0,10493100.0
956,2021-10-12 06:48:32,5670.0,500.0,10492600.0
957,2021-10-12 06:48:27,5670.0,1400.0,10492100.0
958,2021-10-12 06:48:27,5670.0,3600.0,10490700.0
959,2021-10-12 06:48:08,5670.0,1000.0,10487100.0
960,2021-10-12 06:47:54,5670.0,5400.0,10486100.0
961,2021-10-12 06:47:45,5670.0,200.0,10480700.0
962,2021-10-12 06:47:45,5670.0,400.0,10480500.0
963,2021-10-12 06:47:42,5670.0,100.0,10480100.0
964,2021-10-12 06:47:42,5670.0,100.0,10480000.0
965,2021-10-12 06:47:30,5680.0,100.0,10479900.0
966,2021-10-12 06:47:29,5670.0,400.0,10479800.0
967,2021-10-12 06:47:29,5670.0,100.0,10479400.0
968,2021-10-12 06:47:29,5670.0,100.0,10479300.0
969,2021-10-12 06:47:29,5670.0,1000.0,10479200.0
970,2021-10-12 06:47:29,5670.0,800.0,10478200.0
971,2021-10-12 06:47:29,5670.0,2600.0,10477400.0
972,2021-10-12 06:47:12,5670.0,100.0,10474800.0
973,2021-10-12 06:47:08,5670.0,1500.0,10474700.0
974,2021-10-12 06:46:50,5670.0,600.0,10473200.0
975,2021-10-12 06:46:47,5670.0,100.0,10472600.0
976,2021-10-12 06:46:39,5670.0,100.0,10472500.0
977,2021-10-12 06:46:39,5670.0,3000.0,10472400.0
978,2021-10-12 06:46:39,5670.0,900.0,10469400.0
979,2021-10-12 06:46:21,5670.0,300.0,10468500.0
980,2021-10-12 06:46:16,5670.0,1000.0,10468200.0
981,2021-10-12 06:46:05,5670.0,100.0,10467200.0
982,2021-10-12 06:46:02,5670.0,2700.0,10467100.0
983,2021-10-12 06:46:02,5670.0,100.0,10464400.0
984,2021-10-12 06:46:02,5670.0,100.0,10464300.0
985,2021-10-12 06:46:02,5670.0,300.0,10464200.0
986,2021-10-12 06:46:02,5670.0,100.0,10463900.0
987,2021-10-12 06:46:02,5670.0,500.0,10463800.0
988,2021-10-12 06:46:02,5670.0,100.0,10463300.0
989,2021-10-12 06:46:02,5670.0,100.0,10463200.0
990,2021-10-12 06:46:02,5670.0,200.0,10463100.0
991,2021-10-12 06:46:02,5670.0,2000.0,10462900.0
992,2021-10-12 06:46:02,5670.0,100.0,10460900.0
993,2021-10-12 06:46:02,5670.0,500.0,10460800.0
994,2021-10-12 06:46:02,5670.0,500.0,10460300.0
995,2021-10-12 06:46:02,5670.0,2900.0,10459800.0
996,2021-10-12 06:46:01,5670.0,400.0,10456900.0
997,2021-10-12 06:45:51,5670.0,1200.0,10456500.0
998,2021-10-12 06:45:38,5670.0,500.0,10455300.0
999,2021-10-12 06:45:22,5680.0,400.0,10454800.0
1000,2021-10-12 06:45:18,5680.0,300.0,10454400.0
1001,2021-10-12 06:45:14,5680.0,1000.0,10454100.0
1002,2021-10-12 06:44:36,5680.0,1000.0,10453100.0
1003,2021-10-12 06:44:36,5680.0,200.0,10452100.0
1004,2021-10-12 06:44:36,5680.0,7500.0,10451900.0
1005,2021-10-12 06:44:36,5680.0,1000.0,10444400.0
1006,2021-10-12 06:44:36,5680.0,2000.0,10443400.0
1007,2021-10-12 06:44:36,5680.0,100.0,10441400.0
1008,2021-10-12 06:44:36,5680.0,100.0,10441300.0
1009,2021-10-12 06:44:36,5680.0,200.0,10441200.0
1010,2021-10-12 06:44:36,5680.0,1000.0,10441000.0
1011,2021-10-12 06:44:36,5680.0,500.0,10440000.0
1012,2021-10-12 06:44:36,5680.0,1000.0,10439500.0
1013,2021-10-12 06:44:36,5680.0,400.0,10438500.0
1014,2021-10-12 06:44:36,5680.0,100.0,10438100.0
1015,2021-10-12 06:44:36,5680.0,14900.0,10438000.0
1016,2021-10-12 06:44:29,5680.0,2000.0,10423100.0
1017,2021-10-12 06:44:13,5690.0,100.0,10421100.0
1018,2021-10-12 06:43:31,5680.0,100.0,10421000.0
1019,2021-10-12 06:43:29,5690.0,100.0,10420900.0
1020,2021-10-12 06:43:23,5690.0,800.0,10420800.0
1021,2021-10-12 06:43:10,5680.0,100.0,10420000.0
1022,2021-10-12 06:42:52,5680.0,500.0,10419900.0
1023,2021-10-12 06:42:36,5690.0,1800.0,10419400.0
1024,2021-10-12 06:42:28,5690.0,300.0,10417600.0
1025,2021-10-12 06:42:22,5680.0,2400.0,10417300.0
1026,2021-10-12 06:42:22,5680.0,100.0,10414900.0
1027,2021-10-12 06:42:22,5680.0,400.0,10414800.0
1028,2021-10-12 06:42:04,5690.0,100.0,10414400.0
1029,2021-10-12 06:42:04,5690.0,100.0,10414300.0
1030,2021-10-12 06:42:04,5690.0,900.0,10414200.0
1031,2021-10-12 06:42:04,5690.0,3000.0,10413300.0
1032,2021-10-12 06:42:00,5690.0,2000.0,10410300.0
1033,2021-10-12 06:42:00,5690.0,1500.0,10408300.0
1034,2021-10-12 06:42:00,5690.0,500.0,10406800.0
1035,2021-10-12 06:41:55,5700.0,300.0,10406300.0
1036,2021-10-12 06:41:55,5700.0,700.0,10406000.0
1037,2021-10-12 06:41:36,5700.0,1000.0,10405300.0
1038,2021-10-12 06:41:34,5700.0,1000.0,10404300.0
1039,2021-10-12 06:41:34,5700.0,1000.0,10403300.0
1040,2021-10-12 06:41:34,5700.0,500.0,10402300.0
1041,2021-10-12 06:41:34,5700.0,2000.0,10401800.0
1042,2021-10-12 06:41:34,5700.0,1000.0,10399800.0
1043,2021-10-12 06:41:34,5700.0,700.0,10398800.0
1044,2021-10-12 06:41:34,5700.0,1000.0,10398100.0
1045,2021-10-12 06:41:34,5700.0,100.0,10397100.0
1046,2021-10-12 06:41:34,5700.0,1000.0,10397000.0
1047,2021-10-12 06:41:32,5710.0,3200.0,10396000.0
1048,2021-10-12 06:41:32,5710.0,500.0,10392800.0
1049,2021-10-12 06:41:32,5710.0,1300.0,10392300.0
1050,2021-10-12 06:41:27,5700.0,5000.0,10391000.0
1051,2021-10-12 06:41:02,5710.0,400.0,10386000.0
1052,2021-10-12 06:40:33,5710.0,300.0,10385600.0
1053,2021-10-12 06:40:33,5710.0,500.0,10385300.0
1054,2021-10-12 06:40:27,5710.0,500.0,10384800.0
1055,2021-10-12 06:40:17,5710.0,2500.0,10384300.0
1056,2021-10-12 06:40:17,5710.0,1500.0,10381800.0
1057,2021-10-12 06:40:17,5710.0,1000.0,10380300.0
1058,2021-10-12 06:40:17,5710.0,15000.0,10379300.0
1059,2021-10-12 06:40:05,5710.0,5000.0,10364300.0
1060,2021-10-12 06:39:59,5720.0,1000.0,10359300.0
1061,2021-10-12 06:39:52,5720.0,4700.0,10358300.0
1062,2021-10-12 06:39:52,5720.0,300.0,10353600.0
1063,2021-10-12 06:39:52,5720.0,100.0,10353300.0
1064,2021-10-12 06:39:52,5720.0,300.0,10353200.0
1065,2021-10-12 06:39:47,5730.0,100.0,10352900.0
1066,2021-10-12 06:39:47,5730.0,3900.0,10352800.0
1067,2021-10-12 06:39:47,5730.0,1000.0,10348900.0
1068,2021-10-12 06:39:42,5730.0,3900.0,10347900.0
1069,2021-10-12 06:39:20,5730.0,900.0,10344000.0
1070,2021-10-12 06:39:20,5730.0,8000.0,10343100.0
1071,2021-10-12 06:39:20,5730.0,4300.0,10335100.0
1072,2021-10-12 06:39:16,5730.0,5300.0,10330800.0
1073,2021-10-12 06:38:55,5730.0,2500.0,10325500.0
1074,2021-10-12 06:38:55,5730.0,600.0,10323000.0
1075,2021-10-12 06:38:55,5730.0,5000.0,10322400.0
1076,2021-10-12 06:38:55,5730.0,6800.0,10317400.0
1077,2021-10-12 06:38:54,5720.0,200.0,10310600.0
1078,2021-10-12 06:38:42,5720.0,3000.0,10310400.0
1079,2021-10-12 06:38:36,5730.0,1000.0,10307400.0
1080,2021-10-12 06:38:31,5720.0,2000.0,10306400.0
1081,2021-10-12 06:38:30,5720.0,500.0,10304400.0
1082,2021-10-12 06:38:30,5720.0,1000.0,10303900.0
1083,2021-10-12 06:38:30,5720.0,10000.0,10302900.0
1084,2021-10-12 06:38:30,5720.0,6500.0,10292900.0
1085,2021-10-12 06:38:18,5720.0,600.0,10286400.0
1086,2021-10-12 06:38:17,5720.0,2900.0,10285800.0
1087,2021-10-12 06:38:17,5720.0,100.0,10282900.0
1088,2021-10-12 06:38:17,5720.0,1000.0,10282800.0
1089,2021-10-12 06:38:03,5720.0,1000.0,10281800.0
1090,2021-10-12 06:37:57,5730.0,2200.0,10280800.0
1091,2021-10-12 06:37:57,5730.0,2800.0,10278600.0
1092,2021-10-12 06:37:52,5720.0,500.0,10275800.0
1093,2021-10-12 06:37:44,5720.0,2400.0,10275300.0
1094,2021-10-12 06:37:42,5730.0,200.0,10272900.0
1095,2021-10-12 06:37:38,5720.0,1000.0,10272700.0
1096,2021-10-12 06:37:18,5720.0,100.0,10271700.0
1097,2021-10-12 06:37:16,5720.0,3000.0,10271600.0
1098,2021-10-12 06:37:16,5710.0,1000.0,10268600.0
1099,2021-10-12 06:37:08,5720.0,100.0,10267600.0
1100,2021-10-12 06:36:57,5720.0,300.0,10267500.0
1101,2021-10-12 06:36:48,5720.0,1500.0,10267200.0
1102,2021-10-12 06:36:48,5720.0,500.0,10265700.0
1103,2021-10-12 06:36:45,5720.0,800.0,10265200.0
1104,2021-10-12 06:36:45,5720.0,1000.0,10264400.0
1105,2021-10-12 06:36:45,5720.0,5000.0,10263400.0
1106,2021-10-12 06:36:45,5720.0,3200.0,10258400.0
1107,2021-10-12 06:36:28,5720.0,400.0,10255200.0
1108,2021-10-12 06:36:24,5720.0,6400.0,10254800.0
1109,2021-10-12 06:36:24,5720.0,10000.0,10248400.0
1110,2021-10-12 06:36:24,5720.0,500.0,10238400.0
1111,2021-10-12 06:36:24,5710.0,400.0,10237900.0
1112,2021-10-12 06:36:24,5710.0,100.0,10237500.0
1113,2021-10-12 06:36:24,5710.0,1000.0,10237400.0
1114,2021-10-12 06:36:24,5710.0,1000.0,10236400.0
1115,2021-10-12 06:36:24,5710.0,100.0,10235400.0
1116,2021-10-12 06:36:24,5710.0,500.0,10235300.0
1117,2021-10-12 06:36:13,5710.0,500.0,10234800.0
1118,2021-10-12 06:36:05,5700.0,600.0,10234300.0
1119,2021-10-12 06:36:02,5710.0,1000.0,10233700.0
1120,2021-10-12 06:35:56,5700.0,300.0,10232700.0
1121,2021-10-12 06:35:56,5700.0,100.0,10232400.0
1122,2021-10-12 06:35:56,5700.0,1000.0,10232300.0
1123,2021-10-12 06:35:56,5700.0,1000.0,10231300.0
1124,2021-10-12 06:35:56,5700.0,500.0,10230300.0
1125,2021-10-12 06:35:56,5700.0,3700.0,10229800.0
1126,2021-10-12 06:35:56,5690.0,1000.0,10226100.0
1127,2021-10-12 06:35:55,5700.0,1000.0,10225100.0
1128,2021-10-12 06:35:50,5700.0,300.0,10224100.0
1129,2021-10-12 06:35:50,5700.0,100.0,10223800.0
1130,2021-10-12 06:35:50,5700.0,100.0,10223700.0
1131,2021-10-12 06:35:50,5700.0,200.0,10223600.0
1132,2021-10-12 06:35:50,5700.0,300.0,10223400.0
1133,2021-10-12 06:35:50,5700.0,200.0,10223100.0
1134,2021-10-12 06:35:50,5700.0,900.0,10222900.0
1135,2021-10-12 06:35:50,5700.0,3700.0,10222000.0
1136,2021-10-12 06:35:50,5700.0,200.0,10218300.0
1137,2021-10-12 06:35:50,5700.0,3000.0,10218100.0
1138,2021-10-12 06:35:50,5700.0,400.0,10215100.0
1139,2021-10-12 06:35:50,5700.0,2000.0,10214700.0
1140,2021-10-12 06:35:50,5700.0,3600.0,10212700.0
1141,2021-10-12 06:35:48,5700.0,4000.0,10209100.0
1142,2021-10-12 06:35:48,5700.0,1000.0,10205100.0
1143,2021-10-12 06:35:42,5700.0,2300.0,10204100.0
1144,2021-10-12 06:35:42,5700.0,700.0,10201800.0
1145,2021-10-12 06:35:41,5700.0,100.0,10201100.0
1146,2021-10-12 06:35:39,5700.0,400.0,10201000.0
1147,2021-10-12 06:35:33,5700.0,500.0,10200600.0
1148,2021-10-12 06:35:33,5700.0,100.0,10200100.0
1149,2021-10-12 06:35:23,5700.0,500.0,10200000.0
1150,2021-10-12 06:35:18,5700.0,700.0,10199500.0
1151,2021-10-12 06:35:18,5700.0,6000.0,10198800.0
1152,2021-10-12 06:34:50,5700.0,1000.0,10192800.0
1153,2021-10-12 06:34:50,5700.0,4000.0,10191800.0
1154,2021-10-12 06:34:28,5700.0,2000.0,10187800.0
1155,2021-10-12 06:34:28,5690.0,5000.0,10185800.0
1156,2021-10-12 06:34:28,5680.0,1100.0,10180800.0
1157,2021-10-12 06:34:28,5680.0,200.0,10179700.0
1158,2021-10-12 06:34:28,5680.0,3000.0,10179500.0
1159,2021-10-12 06:34:28,5680.0,1000.0,10176500.0
1160,2021-10-12 06:34:28,5680.0,400.0,10175500.0
1161,2021-10-12 06:34:28,5680.0,2000.0,10175100.0
1162,2021-10-12 06:34:28,5680.0,400.0,10173100.0
1163,2021-10-12 06:34:28,5680.0,100.0,10172700.0
1164,2021-10-12 06:34:28,5680.0,100.0,10172600.0
1165,2021-10-12 06:34:28,5680.0,1800.0,10172500.0
1166,2021-10-12 06:34:28,5680.0,1500.0,10170700.0
1167,2021-10-12 06:34:28,5680.0,1000.0,10169200.0
1168,2021-10-12 06:34:28,5680.0,400.0,10168200.0
1169,2021-10-12 06:34:27,5680.0,600.0,10167800.0
1170,2021-10-12 06:34:27,5680.0,3000.0,10167200.0
1171,2021-10-12 06:34:27,5680.0,400.0,10164200.0
1172,2021-10-12 06:34:27,5680.0,100.0,10163800.0
1173,2021-10-12 06:34:27,5680.0,500.0,10163700.0
1174,2021-10-12 06:34:27,5680.0,5400.0,10163200.0
1175,2021-10-12 06:34:26,5680.0,5000.0,10157800.0
1176,2021-10-12 06:34:25,5680.0,200.0,10152800.0
1177,2021-10-12 06:34:25,5680.0,5300.0,10152600.0
1178,2021-10-12 06:34:25,5680.0,8500.0,10147300.0
1179,2021-10-12 06:34:22,5680.0,50000.0,10138800.0
1180,2021-10-12 06:34:11,5680.0,100.0,10088800.0
1181,2021-10-12 06:34:08,5680.0,5000.0,10088700.0
1182,2021-10-12 06:33:48,5680.0,1500.0,10083700.0
1183,2021-10-12 06:33:48,5680.0,1000.0,10082200.0
1184,2021-10-12 06:33:42,5670.0,1200.0,10081200.0
1185,2021-10-12 06:33:38,5670.0,100.0,10080000.0
1186,2021-10-12 06:33:35,5680.0,700.0,10079900.0
1187,2021-10-12 06:33:29,5680.0,300.0,10079200.0
1188,2021-10-12 06:33:19,5670.0,200.0,10078900.0
1189,2021-10-12 06:33:14,5670.0,500.0,10078700.0
1190,2021-10-12 06:33:13,5670.0,2300.0,10078200.0
1191,2021-10-12 06:33:13,5680.0,1000.0,10075900.0
1192,2021-10-12 06:33:13,5670.0,1000.0,10074900.0
1193,2021-10-12 06:33:04,5680.0,100.0,10073900.0
1194,2021-10-12 06:32:57,5680.0,7700.0,10073800.0
1195,2021-10-12 06:32:57,5680.0,600.0,10066100.0
1196,2021-10-12 06:32:56,5680.0,400.0,10065500.0
1197,2021-10-12 06:32:56,5670.0,500.0,10065100.0
1198,2021-10-12 06:32:48,5680.0,3600.0,10064600.0
1199,2021-10-12 06:32:46,5680.0,3500.0,10061000.0
1200,2021-10-12 06:32:45,5670.0,1000.0,10057500.0
1201,2021-10-12 06:32:30,5680.0,10000.0,10056500.0
1202,2021-10-12 06:32:30,5680.0,900.0,10046500.0
1203,2021-10-12 06:32:24,5680.0,500.0,10045600.0
1204,2021-10-12 06:32:18,5670.0,100.0,10045100.0
1205,2021-10-12 06:32:13,5670.0,100.0,10045000.0
1206,2021-10-12 06:31:56,5680.0,2000.0,10044900.0
1207,2021-10-12 06:31:46,5670.0,2000.0,10042900.0
1208,2021-10-12 06:31:46,5680.0,400.0,10040900.0
1209,2021-10-12 06:31:44,5680.0,200.0,10040500.0
1210,2021-10-12 06:31:38,5680.0,1000.0,10040300.0
1211,2021-10-12 06:31:34,5680.0,500.0,10039300.0
1212,2021-10-12 06:31:33,5680.0,300.0,10038800.0
1213,2021-10-12 06:31:31,5680.0,100.0,10038500.0
1214,2021-10-12 06:31:31,5670.0,300.0,10038400.0
1215,2021-10-12 06:31:21,5680.0,2000.0,10038100.0
1216,2021-10-12 06:31:20,5680.0,500.0,10036100.0
1217,2021-10-12 06:31:20,5670.0,1000.0,10035600.0
1218,2021-10-12 06:31:20,5670.0,500.0,10034600.0
1219,2021-10-12 06:31:20,5670.0,100.0,10034100.0
1220,2021-10-12 06:31:20,5670.0,500.0,10034000.0
1221,2021-10-12 06:31:20,5670.0,5000.0,10033500.0
1222,2021-10-12 06:31:20,5670.0,2900.0,10028500.0
1223,2021-10-12 06:31:12,5680.0,9000.0,10025600.0
1224,2021-10-12 06:31:08,5680.0,9600.0,10016600.0
1225,2021-10-12 06:31:08,5680.0,4300.0,10007000.0
1226,2021-10-12 06:31:05,5680.0,8800.0,10002700.0
1227,2021-10-12 06:31:05,5680.0,1000.0,9993900.0
1228,2021-10-12 06:31:03,5670.0,2000.0,9992900.0
1229,2021-10-12 06:31:02,5680.0,200.0,9990900.0
1230,2021-10-12 06:31:01,5680.0,5200.0,9990700.0
1231,2021-10-12 06:30:58,5680.0,700.0,9985500.0
1232,2021-10-12 06:30:54,5680.0,100.0,9984800.0
1233,2021-10-12 06:30:49,5680.0,100.0,9984700.0
1234,2021-10-12 06:30:47,5680.0,2600.0,9984600.0
1235,2021-10-12 06:30:46,5680.0,1000.0,9982000.0
1236,2021-10-12 06:30:45,5680.0,100.0,9981000.0
1237,2021-10-12 06:30:45,5670.0,200.0,9980900.0
1238,2021-10-12 06:30:43,5680.0,200.0,9980700.0
1239,2021-10-12 06:30:41,5680.0,1000.0,9980500.0
1240,2021-10-12 06:30:38,5680.0,1000.0,9979500.0
1241,2021-10-12 06:30:32,5680.0,1000.0,9978500.0
1242,2021-10-12 06:30:27,5680.0,5000.0,9977500.0
1243,2021-10-12 06:30:22,5680.0,500.0,9972500.0
1244,2021-10-12 06:30:20,5680.0,10000.0,9972000.0
1245,2021-10-12 06:30:20,5680.0,1000.0,9962000.0
1246,2021-10-12 06:30:16,5680.0,30000.0,9961000.0
1247,2021-10-12 06:30:13,5680.0,1000.0,9931000.0
1248,2021-10-12 06:29:57,5680.0,3700.0,9930000.0
1249,2021-10-12 06:29:53,5680.0,1000.0,9926300.0
1250,2021-10-12 06:29:53,5670.0,200.0,9925300.0
1251,2021-10-12 06:29:51,5680.0,6100.0,9925100.0
1252,2021-10-12 06:29:47,5670.0,5000.0,9919000.0
1253,2021-10-12 06:29:39,5680.0,7500.0,9914000.0
1254,2021-10-12 06:29:39,5680.0,2500.0,9906500.0
1255,2021-10-12 06:29:29,5680.0,1000.0,9904000.0
1256,2021-10-12 06:29:11,5670.0,2300.0,9903000.0
1257,2021-10-12 06:29:11,5670.0,400.0,9900700.0
1258,2021-10-12 06:29:11,5670.0,300.0,9900300.0
1259,2021-10-12 06:29:01,5670.0,2000.0,9900000.0
1260,2021-10-12 06:29:01,5670.0,700.0,9898000.0
1261,2021-10-12 06:29:01,5670.0,100.0,9897300.0
1262,2021-10-12 06:29:01,5670.0,2000.0,9897200.0
1263,2021-10-12 06:29:01,5670.0,2200.0,9895200.0
1264,2021-10-12 06:29:01,5670.0,900.0,9893000.0
1265,2021-10-12 06:29:01,5670.0,1800.0,9892100.0
1266,2021-10-12 06:28:59,5670.0,300.0,9890300.0
1267,2021-10-12 06:28:53,5670.0,1000.0,9890000.0
1268,2021-10-12 06:28:45,5670.0,1000.0,9889000.0
1269,2021-10-12 06:28:39,5670.0,3900.0,9888000.0
1270,2021-10-12 06:28:39,5670.0,1100.0,9884100.0
1271,2021-10-12 06:28:31,5660.0,10000.0,9883000.0
1272,2021-10-12 06:28:27,5670.0,400.0,9873000.0
1273,2021-10-12 06:28:23,5670.0,500.0,9872600.0
1274,2021-10-12 06:28:23,5670.0,500.0,9872100.0
1275,2021-10-12 06:28:23,5660.0,100.0,9871600.0
1276,2021-10-12 06:28:20,5670.0,500.0,9871500.0
1277,2021-10-12 06:28:15,5660.0,1000.0,9871000.0
1278,2021-10-12 06:28:15,5660.0,200.0,9870000.0
1279,2021-10-12 06:28:15,5660.0,2000.0,9869800.0
1280,2021-10-12 06:28:15,5660.0,1400.0,9867800.0
1281,2021-10-12 06:28:15,5660.0,100.0,9866400.0
1282,2021-10-12 06:28:15,5660.0,1000.0,9866300.0
1283,2021-10-12 06:28:15,5660.0,2000.0,9865300.0
1284,2021-10-12 06:28:15,5660.0,100.0,9863300.0
1285,2021-10-12 06:28:15,5660.0,3000.0,9863200.0
1286,2021-10-12 06:28:15,5660.0,4800.0,9860200.0
1287,2021-10-12 06:28:09,5660.0,1000.0,9855400.0
1288,2021-10-12 06:28:09,5660.0,2000.0,9854400.0
1289,2021-10-12 06:28:07,5650.0,1000.0,9852400.0
1290,2021-10-12 06:27:43,5650.0,4000.0,9851400.0
1291,2021-10-12 06:27:43,5650.0,200.0,9847400.0
1292,2021-10-12 06:27:43,5650.0,1500.0,9847200.0
1293,2021-10-12 06:27:43,5650.0,1700.0,9845700.0
1294,2021-10-12 06:27:42,5650.0,8300.0,9844000.0
1295,2021-10-12 06:27:42,5650.0,900.0,9835700.0
1296,2021-10-12 06:27:42,5650.0,300.0,9834800.0
1297,2021-10-12 06:27:42,5650.0,500.0,9834500.0
1298,2021-10-12 06:27:38,5650.0,500.0,9834000.0
1299,2021-10-12 06:27:38,5650.0,500.0,9833500.0
1300,2021-10-12 06:27:38,5650.0,100.0,9833000.0
1301,2021-10-12 06:27:37,5650.0,200.0,9832900.0
1302,2021-10-12 06:27:37,5650.0,300.0,9832700.0
1303,2021-10-12 06:27:37,5650.0,500.0,9832400.0
1304,2021-10-12 06:27:37,5650.0,2500.0,9831900.0
1305,2021-10-12 06:27:37,5650.0,700.0,9829400.0
1306,2021-10-12 06:27:37,5650.0,1000.0,9828700.0
1307,2021-10-12 06:27:37,5650.0,2700.0,9827700.0
1308,2021-10-12 06:27:37,5650.0,6500.0,9825000.0
1309,2021-10-12 06:27:37,5650.0,1400.0,9818500.0
1310,2021-10-12 06:27:31,5650.0,300.0,9817100.0
1311,2021-10-12 06:27:31,5650.0,4700.0,9816800.0
1312,2021-10-12 06:27:30,5650.0,5300.0,9812100.0
1313,2021-10-12 06:27:30,5650.0,200.0,9806800.0
1314,2021-10-12 06:27:30,5650.0,44500.0,9806600.0
1315,2021-10-12 06:27:15,5650.0,20000.0,9762100.0
1316,2021-10-12 06:26:57,5650.0,100.0,9742100.0
1317,2021-10-12 06:26:47,5650.0,4100.0,9742000.0
1318,2021-10-12 06:26:47,5650.0,900.0,9737900.0
1319,2021-10-12 06:26:47,5640.0,5000.0,9737000.0
1320,2021-10-12 06:26:32,5650.0,6000.0,9732000.0
1321,2021-10-12 06:26:21,5640.0,2700.0,9726000.0
1322,2021-10-12 06:26:21,5640.0,8300.0,9723300.0
1323,2021-10-12 06:26:11,5640.0,1600.0,9715000.0
1324,2021-10-12 06:26:10,5640.0,100.0,9713400.0
1325,2021-10-12 06:26:08,5640.0,1000.0,9713300.0
1326,2021-10-12 06:26:08,5640.0,19000.0,9712300.0
1327,2021-10-12 06:25:56,5640.0,2000.0,9693300.0
1328,2021-10-12 06:25:56,5640.0,1000.0,9691300.0
1329,2021-10-12 06:25:56,5640.0,2000.0,9690300.0
1330,2021-10-12 06:25:56,5640.0,100.0,9688300.0
1331,2021-10-12 06:25:56,5640.0,600.0,9688200.0
1332,2021-10-12 06:25:56,5640.0,500.0,9687600.0
1333,2021-10-12 06:25:56,5640.0,200.0,9687100.0
1334,2021-10-12 06:25:56,5640.0,3000.0,9686900.0
1335,2021-10-12 06:25:56,5640.0,200.0,9683900.0
1336,2021-10-12 06:25:56,5640.0,100.0,9683700.0
1337,2021-10-12 06:25:56,5640.0,5900.0,9683600.0
1338,2021-10-12 06:25:56,5640.0,1000.0,9677700.0
1339,2021-10-12 06:25:56,5640.0,5000.0,9676700.0
1340,2021-10-12 06:25:56,5640.0,6500.0,9671700.0
1341,2021-10-12 06:25:56,5640.0,1000.0,9665200.0
1342,2021-10-12 06:25:56,5640.0,500.0,9664200.0
1343,2021-10-12 06:25:56,5640.0,3000.0,9663700.0
1344,2021-10-12 06:25:56,5640.0,1000.0,9660700.0
1345,2021-10-12 06:25:56,5640.0,200.0,9659700.0
1346,2021-10-12 06:25:56,5640.0,100.0,9659500.0
1347,2021-10-12 06:25:56,5640.0,1000.0,9659400.0
1348,2021-10-12 06:25:56,5640.0,700.0,9658400.0
1349,2021-10-12 06:25:56,5640.0,200.0,9657700.0
1350,2021-10-12 06:25:56,5640.0,200.0,9657500.0
1351,2021-10-12 06:25:49,5640.0,1400.0,9657300.0
1352,2021-10-12 06:25:23,5640.0,2400.0,9655900.0
1353,2021-10-12 06:25:23,5640.0,400.0,9653500.0
1354,2021-10-12 06:25:23,5640.0,200.0,9653100.0
1355,2021-10-12 06:25:20,5640.0,1000.0,9652900.0
1356,2021-10-12 06:25:20,5640.0,200.0,9651900.0
1357,2021-10-12 06:25:20,5640.0,500.0,9651700.0
1358,2021-10-12 06:25:20,5640.0,100.0,9651200.0
1359,2021-10-12 06:25:20,5640.0,400.0,9651100.0
1360,2021-10-12 06:25:02,5640.0,600.0,9650700.0
1361,2021-10-12 06:25:02,5640.0,100.0,9650100.0
1362,2021-10-12 06:24:42,5640.0,4900.0,9650000.0
1363,2021-10-12 06:24:42,5640.0,400.0,9645100.0
1364,2021-10-12 06:24:42,5640.0,100.0,9644700.0
1365,2021-10-12 06:24:42,5640.0,500.0,9644600.0
1366,2021-10-12 06:24:42,5640.0,300.0,9644100.0
1367,2021-10-12 06:24:42,5640.0,3800.0,9643800.0
1368,2021-10-12 06:24:38,5650.0,500.0,9640000.0
1369,2021-10-12 06:24:36,5640.0,4000.0,9639500.0
1370,2021-10-12 06:24:34,5640.0,10000.0,9635500.0
1371,2021-10-12 06:24:33,5650.0,100.0,9625500.0
1372,2021-10-12 06:24:29,5640.0,2200.0,9625400.0
1373,2021-10-12 06:24:29,5640.0,2000.0,9623200.0
1374,2021-10-12 06:24:29,5640.0,800.0,9621200.0
1375,2021-10-12 06:24:28,5640.0,4200.0,9620400.0
1376,2021-10-12 06:24:28,5640.0,5800.0,9616200.0
1377,2021-10-12 06:24:22,5640.0,2000.0,9610400.0
1378,2021-10-12 06:24:06,5640.0,2000.0,9608400.0
1379,2021-10-12 06:23:51,5640.0,200.0,9606400.0
1380,2021-10-12 06:23:51,5640.0,1000.0,9606200.0
1381,2021-10-12 06:23:51,5640.0,100.0,9605200.0
1382,2021-10-12 06:23:51,5640.0,1400.0,9605100.0
1383,2021-10-12 06:23:47,5640.0,1000.0,9603700.0
1384,2021-10-12 06:23:39,5650.0,100.0,9602700.0
1385,2021-10-12 06:23:38,5650.0,200.0,9602600.0
1386,2021-10-12 06:23:37,5640.0,600.0,9602400.0
1387,2021-10-12 06:23:37,5640.0,400.0,9601800.0
1388,2021-10-12 06:23:37,5650.0,10000.0,9601400.0
1389,2021-10-12 06:23:20,5640.0,200.0,9591400.0
1390,2021-10-12 06:23:20,5640.0,1000.0,9591200.0
1391,2021-10-12 06:23:20,5640.0,500.0,9590200.0
1392,2021-10-12 06:23:20,5640.0,100.0,9589700.0
1393,2021-10-12 06:23:20,5640.0,900.0,9589600.0
1394,2021-10-12 06:23:20,5640.0,300.0,9588700.0
1395,2021-10-12 06:23:19,5650.0,200.0,9588400.0
1396,2021-10-12 06:23:09,5640.0,700.0,9588200.0
1397,2021-10-12 06:23:09,5640.0,300.0,9587500.0
1398,2021-10-12 06:22:54,5650.0,100.0,9587200.0
1399,2021-10-12 06:22:52,5630.0,600.0,9587100.0
1400,2021-10-12 06:22:52,5630.0,2000.0,9586500.0
1401,2021-10-12 06:22:52,5630.0,100.0,9584500.0
1402,2021-10-12 06:22:52,5630.0,2000.0,9584400.0
1403,2021-10-12 06:22:52,5640.0,100.0,9582400.0
1404,2021-10-12 06:22:52,5640.0,200.0,9582300.0
1405,2021-10-12 06:22:44,5650.0,1300.0,9582100.0
1406,2021-10-12 06:22:44,5640.0,4000.0,9580800.0
1407,2021-10-12 06:22:38,5640.0,500.0,9576800.0
1408,2021-10-12 06:22:35,5640.0,18000.0,9576300.0
1409,2021-10-12 06:22:33,5640.0,2000.0,9558300.0
1410,2021-10-12 06:22:30,5640.0,1000.0,9556300.0
1411,2021-10-12 06:22:30,5640.0,100.0,9555300.0
1412,2021-10-12 06:22:30,5640.0,1000.0,9555200.0
1413,2021-10-12 06:22:30,5640.0,300.0,9554200.0
1414,2021-10-12 06:22:30,5640.0,10000.0,9553900.0
1415,2021-10-12 06:22:30,5640.0,5000.0,9543900.0
1416,2021-10-12 06:22:30,5640.0,100.0,9538900.0
1417,2021-10-12 06:22:30,5640.0,25000.0,9538800.0
1418,2021-10-12 06:22:30,5650.0,400.0,9513800.0
1419,2021-10-12 06:22:30,5650.0,500.0,9513400.0
1420,2021-10-12 06:22:30,5650.0,100.0,9512900.0
1421,2021-10-12 06:22:30,5650.0,2000.0,9512800.0
1422,2021-10-12 06:22:28,5650.0,500.0,9510800.0
1423,2021-10-12 06:22:22,5650.0,600.0,9510300.0
1424,2021-10-12 06:22:22,5650.0,500.0,9509700.0
1425,2021-10-12 06:22:22,5650.0,5000.0,9509200.0
1426,2021-10-12 06:22:22,5650.0,100.0,9504200.0
1427,2021-10-12 06:22:22,5650.0,1000.0,9504100.0
1428,2021-10-12 06:22:22,5650.0,600.0,9503100.0
1429,2021-10-12 06:22:22,5650.0,1000.0,9502500.0
1430,2021-10-12 06:22:06,5650.0,400.0,9501500.0
1431,2021-10-12 06:21:57,5660.0,1000.0,9501100.0
1432,2021-10-12 06:21:54,5640.0,116800.0,9500100.0
1433,2021-10-12 06:21:54,5640.0,200.0,9383300.0
1434,2021-10-12 06:21:54,5640.0,700.0,9383100.0
1435,2021-10-12 06:21:54,5640.0,100.0,9382400.0
1436,2021-10-12 06:21:54,5640.0,500.0,9382300.0
1437,2021-10-12 06:21:54,5640.0,100.0,9381800.0
1438,2021-10-12 06:21:54,5640.0,100.0,9381700.0
1439,2021-10-12 06:21:54,5640.0,100.0,9381600.0
1440,2021-10-12 06:21:54,5640.0,1000.0,9381500.0
1441,2021-10-12 06:21:54,5640.0,200.0,9380500.0
1442,2021-10-12 06:21:54,5640.0,500.0,9380300.0
1443,2021-10-12 06:21:54,5640.0,100.0,9379800.0
1444,2021-10-12 06:21:54,5640.0,200.0,9379700.0
1445,2021-10-12 06:21:54,5640.0,1600.0,9379500.0
1446,2021-10-12 06:21:54,5640.0,100.0,9377900.0
1447,2021-10-12 06:21:54,5640.0,1000.0,9377800.0
1448,2021-10-12 06:21:54,5640.0,1000.0,9376800.0
1449,2021-10-12 06:21:54,5640.0,8000.0,9375800.0
1450,2021-10-12 06:21:54,5640.0,100.0,9367800.0
1451,2021-10-12 06:21:54,5640.0,500.0,9367700.0
1452,2021-10-12 06:21:54,5640.0,18400.0,9367200.0
1453,2021-10-12 06:21:54,5650.0,100.0,9348800.0
1454,2021-10-12 06:21:54,5650.0,20000.0,9348700.0
1455,2021-10-12 06:21:54,5650.0,200.0,9328700.0
1456,2021-10-12 06:21:54,5650.0,2000.0,9328500.0
1457,2021-10-12 06:21:54,5650.0,1000.0,9326500.0
1458,2021-10-12 06:21:54,5650.0,100.0,9325500.0
1459,2021-10-12 06:21:54,5650.0,3000.0,9325400.0
1460,2021-10-12 06:21:54,5650.0,22200.0,9322400.0
1461,2021-10-12 06:21:46,5660.0,100.0,9300200.0
1462,2021-10-12 06:21:45,5650.0,100.0,9300100.0
1463,2021-10-12 06:21:45,5660.0,100.0,9300000.0
1464,2021-10-12 06:21:44,5650.0,700.0,9299900.0
1465,2021-10-12 06:21:44,5650.0,300.0,9299200.0
1466,2021-10-12 06:21:40,5660.0,900.0,9298900.0
1467,2021-10-12 06:21:36,5650.0,2000.0,9298000.0
1468,2021-10-12 06:21:34,5650.0,3000.0,9296000.0
1469,2021-10-12 06:21:30,5650.0,1700.0,9293000.0
1470,2021-10-12 06:21:27,5650.0,13000.0,9291300.0
1471,2021-10-12 06:21:27,5650.0,7000.0,9278300.0
1472,2021-10-12 06:21:17,5650.0,3000.0,9271300.0
1473,2021-10-12 06:21:17,5650.0,200.0,9268300.0
1474,2021-10-12 06:21:17,5650.0,1400.0,9268100.0
1475,2021-10-12 06:21:17,5650.0,100.0,9266700.0
1476,2021-10-12 06:21:17,5650.0,8300.0,9266600.0
1477,2021-10-12 06:21:16,5650.0,1700.0,9258300.0
1478,2021-10-12 06:21:16,5650.0,300.0,9256600.0
1479,2021-10-12 06:21:11,5650.0,8000.0,9256300.0
1480,2021-10-12 06:21:11,5650.0,1000.0,9248300.0
1481,2021-10-12 06:21:11,5650.0,800.0,9247300.0
1482,2021-10-12 06:21:11,5650.0,200.0,9246500.0
1483,2021-10-12 06:21:10,5650.0,800.0,9246300.0
1484,2021-10-12 06:21:10,5650.0,800.0,9245500.0
1485,2021-10-12 06:21:10,5650.0,400.0,9244700.0
1486,2021-10-12 06:21:10,5650.0,100.0,9244300.0
1487,2021-10-12 06:21:03,5650.0,200.0,9244200.0
1488,2021-10-12 06:21:00,5650.0,1700.0,9244000.0
1489,2021-10-12 06:20:57,5650.0,1000.0,9242300.0
1490,2021-10-12 06:20:56,5640.0,9300.0,9241300.0
1491,2021-10-12 06:20:50,5650.0,300.0,9232000.0
1492,2021-10-12 06:20:47,5650.0,200.0,9231700.0
1493,2021-10-12 06:20:47,5650.0,1000.0,9231500.0
1494,2021-10-12 06:20:47,5650.0,300.0,9230500.0
1495,2021-10-12 06:20:47,5650.0,1300.0,9230200.0
1496,2021-10-12 06:20:39,5650.0,200.0,9228900.0
1497,2021-10-12 06:20:39,5650.0,1000.0,9228700.0
1498,2021-10-12 06:20:39,5650.0,2500.0,9227700.0
1499,2021-10-12 06:20:37,5650.0,700.0,9225200.0
1500,2021-10-12 06:20:30,5650.0,1500.0,9224500.0
1501,2021-10-12 06:20:28,5650.0,10000.0,9223000.0
1502,2021-10-12 06:20:28,5650.0,1000.0,9213000.0
1503,2021-10-12 06:20:28,5650.0,15800.0,9212000.0
1504,2021-10-12 06:20:27,5650.0,200.0,9196200.0
1505,2021-10-12 06:20:23,5650.0,7000.0,9196000.0
1506,2021-10-12 06:20:16,5650.0,5000.0,9189000.0
1507,2021-10-12 06:20:15,5660.0,100.0,9184000.0
1508,2021-10-12 06:20:13,5650.0,3000.0,9183900.0
1509,2021-10-12 06:20:13,5650.0,1000.0,9180900.0
1510,2021-10-12 06:20:13,5650.0,300.0,9179900.0
1511,2021-10-12 06:20:13,5650.0,1000.0,9179600.0
1512,2021-10-12 06:20:13,5650.0,100.0,9178600.0
1513,2021-10-12 06:20:13,5650.0,9900.0,9178500.0
1514,2021-10-12 06:20:13,5650.0,103100.0,9168600.0
1515,2021-10-12 06:20:10,5640.0,22300.0,9065500.0
1516,2021-10-12 06:20:10,5640.0,1100.0,9043200.0
1517,2021-10-12 06:20:10,5640.0,100.0,9042100.0
1518,2021-10-12 06:20:10,5640.0,100.0,9042000.0
1519,2021-10-12 06:20:10,5640.0,2000.0,9041900.0
1520,2021-10-12 06:20:10,5640.0,1000.0,9039900.0
1521,2021-10-12 06:20:10,5640.0,100.0,9038900.0
1522,2021-10-12 06:20:10,5640.0,100.0,9038800.0
1523,2021-10-12 06:20:10,5640.0,100.0,9038700.0
1524,2021-10-12 06:20:10,5640.0,300.0,9038600.0
1525,2021-10-12 06:20:10,5640.0,2800.0,9038300.0
1526,2021-10-12 06:19:59,5650.0,5000.0,9035500.0
1527,2021-10-12 06:19:57,5640.0,500.0,9030500.0
1528,2021-10-12 06:19:55,5650.0,1700.0,9030000.0
1529,2021-10-12 06:19:54,5650.0,4900.0,9028300.0
1530,2021-10-12 06:19:48,5650.0,100.0,9023400.0
1531,2021-10-12 06:19:46,5650.0,200.0,9023300.0
1532,2021-10-12 06:19:37,5650.0,100.0,9023100.0
1533,2021-10-12 06:19:25,5640.0,6700.0,9023000.0
1534,2021-10-12 06:19:25,5640.0,100.0,9016300.0
1535,2021-10-12 06:19:25,5640.0,800.0,9016200.0
1536,2021-10-12 06:19:25,5640.0,5000.0,9015400.0
1537,2021-10-12 06:19:25,5640.0,1000.0,9010400.0
1538,2021-10-12 06:19:25,5640.0,500.0,9009400.0
1539,2021-10-12 06:19:25,5640.0,2000.0,9008900.0
1540,2021-10-12 06:19:25,5640.0,4000.0,9006900.0
1541,2021-10-12 06:19:25,5640.0,2000.0,9002900.0
1542,2021-10-12 06:19:25,5640.0,10000.0,9000900.0
1543,2021-10-12 06:19:25,5640.0,2000.0,8990900.0
1544,2021-10-12 06:19:25,5640.0,2000.0,8988900.0
1545,2021-10-12 06:19:25,5640.0,200.0,8986900.0
1546,2021-10-12 06:19:25,5640.0,200.0,8986700.0
1547,2021-10-12 06:19:25,5640.0,1600.0,8986500.0
1548,2021-10-12 06:19:25,5650.0,500.0,8984900.0
1549,2021-10-12 06:19:25,5650.0,4900.0,8984400.0
1550,2021-10-12 06:19:25,5650.0,1000.0,8979500.0
1551,2021-10-12 06:19:25,5650.0,2000.0,8978500.0
1552,2021-10-12 06:19:25,5650.0,1000.0,8976500.0
1553,2021-10-12 06:19:25,5650.0,500.0,8975500.0
1554,2021-10-12 06:19:25,5660.0,2000.0,8975000.0
1555,2021-10-12 06:19:19,5650.0,1500.0,8973000.0
1556,2021-10-12 06:19:19,5650.0,400.0,8971500.0
1557,2021-10-12 06:19:19,5650.0,1000.0,8971100.0
1558,2021-10-12 06:19:19,5650.0,10000.0,8970100.0
1559,2021-10-12 06:19:19,5650.0,1400.0,8960100.0
1560,2021-10-12 06:19:19,5650.0,700.0,8958700.0
1561,2021-10-12 06:19:19,5650.0,100.0,8958000.0
1562,2021-10-12 06:19:19,5650.0,300.0,8957900.0
1563,2021-10-12 06:19:19,5650.0,1000.0,8957600.0
1564,2021-10-12 06:19:19,5650.0,10000.0,8956600.0
1565,2021-10-12 06:19:19,5650.0,5000.0,8946600.0
1566,2021-10-12 06:19:19,5650.0,66800.0,8941600.0
1567,2021-10-12 06:19:19,5660.0,100.0,8874800.0
1568,2021-10-12 06:19:19,5660.0,8000.0,8874700.0
1569,2021-10-12 06:19:19,5660.0,3000.0,8866700.0
1570,2021-10-12 06:19:19,5660.0,100.0,8863700.0
1571,2021-10-12 06:19:19,5660.0,600.0,8863600.0
1572,2021-10-12 06:19:12,5660.0,200.0,8863000.0
1573,2021-10-12 06:19:11,5660.0,100.0,8862800.0
1574,2021-10-12 06:19:04,5660.0,800.0,8862700.0
1575,2021-10-12 06:19:04,5660.0,100.0,8861900.0
1576,2021-10-12 06:19:04,5660.0,1100.0,8861800.0
1577,2021-10-12 06:19:00,5660.0,500.0,8860700.0
1578,2021-10-12 06:18:49,5660.0,1000.0,8860200.0
1579,2021-10-12 06:18:49,5660.0,2000.0,8859200.0
1580,2021-10-12 06:18:39,5660.0,200.0,8857200.0
1581,2021-10-12 06:18:39,5660.0,2000.0,8857000.0
1582,2021-10-12 06:18:39,5660.0,500.0,8855000.0
1583,2021-10-12 06:18:39,5660.0,300.0,8854500.0
1584,2021-10-12 06:18:37,5650.0,5000.0,8854200.0
1585,2021-10-12 06:18:36,5650.0,1600.0,8849200.0
1586,2021-10-12 06:18:31,5660.0,700.0,8847600.0
1587,2021-10-12 06:18:31,5660.0,300.0,8846900.0
1588,2021-10-12 06:18:30,5650.0,2500.0,8846600.0
1589,2021-10-12 06:18:28,5650.0,4000.0,8844100.0
1590,2021-10-12 06:18:24,5650.0,5000.0,8840100.0
1591,2021-10-12 06:18:24,5660.0,100.0,8835100.0
1592,2021-10-12 06:18:24,5660.0,500.0,8835000.0
1593,2021-10-12 06:18:24,5660.0,1000.0,8834500.0
1594,2021-10-12 06:18:24,5660.0,1000.0,8833500.0
1595,2021-10-12 06:18:24,5660.0,1000.0,8832500.0
1596,2021-10-12 06:18:24,5660.0,1400.0,8831500.0
1597,2021-10-12 06:18:20,5660.0,300.0,8830100.0
1598,2021-10-12 06:18:15,5650.0,10000.0,8829800.0
1599,2021-10-12 06:18:15,5650.0,1500.0,8819800.0
1600,2021-10-12 06:18:13,5650.0,100.0,8818300.0
1601,2021-10-12 06:18:10,5650.0,3500.0,8818200.0
1602,2021-10-12 06:18:10,5650.0,500.0,8814700.0
1603,2021-10-12 06:17:50,5640.0,400.0,8814200.0
1604,2021-10-12 06:17:50,5640.0,20000.0,8813800.0
1605,2021-10-12 06:17:50,5640.0,5000.0,8793800.0
1606,2021-10-12 06:17:50,5640.0,1000.0,8788800.0
1607,2021-10-12 06:17:50,5640.0,200.0,8787800.0
1608,2021-10-12 06:17:50,5640.0,3400.0,8787600.0
1609,2021-10-12 06:17:50,5650.0,1000.0,8784200.0
1610,2021-10-12 06:17:44,5640.0,1600.0,8783200.0
1611,2021-10-12 06:17:44,5650.0,2100.0,8781600.0
1612,2021-10-12 06:17:44,5650.0,1000.0,8779500.0
1613,2021-10-12 06:17:44,5650.0,2000.0,8778500.0
1614,2021-10-12 06:17:44,5650.0,100.0,8776500.0
1615,2021-10-12 06:17:44,5650.0,2200.0,8776400.0
1616,2021-10-12 06:17:44,5650.0,1000.0,8774200.0
1617,2021-10-12 06:17:30,5660.0,3900.0,8773200.0
1618,2021-10-12 06:17:30,5650.0,1100.0,8769300.0
1619,2021-10-12 06:17:28,5650.0,400.0,8768200.0
1620,2021-10-12 06:17:28,5650.0,29600.0,8767800.0
1621,2021-10-12 06:17:28,5650.0,15000.0,8738200.0
1622,2021-10-12 06:17:24,5650.0,1700.0,8723200.0
1623,2021-10-12 06:17:21,5650.0,100.0,8721500.0
1624,2021-10-12 06:17:21,5650.0,100.0,8721400.0
1625,2021-10-12 06:17:21,5650.0,900.0,8721300.0
1626,2021-10-12 06:17:21,5650.0,1000.0,8720400.0
1627,2021-10-12 06:17:21,5650.0,1000.0,8719400.0
1628,2021-10-12 06:17:21,5650.0,50600.0,8718400.0
1629,2021-10-12 06:17:17,5650.0,1300.0,8667800.0
1630,2021-10-12 06:17:17,5660.0,5000.0,8666500.0
1631,2021-10-12 06:17:16,5650.0,48100.0,8661500.0
1632,2021-10-12 06:17:16,5650.0,500.0,8613400.0
1633,2021-10-12 06:17:16,5650.0,3000.0,8612900.0
1634,2021-10-12 06:17:16,5650.0,1000.0,8609900.0
1635,2021-10-12 06:17:16,5650.0,1900.0,8608900.0
1636,2021-10-12 06:17:16,5650.0,1000.0,8607000.0
1637,2021-10-12 06:17:16,5650.0,500.0,8606000.0
1638,2021-10-12 06:17:16,5650.0,12600.0,8605500.0
1639,2021-10-12 06:17:16,5650.0,100.0,8592900.0
1640,2021-10-12 06:17:15,5660.0,300.0,8592800.0
1641,2021-10-12 06:17:14,5660.0,800.0,8592500.0
1642,2021-10-12 06:17:13,5660.0,300.0,8591700.0
1643,2021-10-12 06:17:13,5660.0,700.0,8591400.0
1644,2021-10-12 06:17:09,5650.0,500.0,8590700.0
1645,2021-10-12 06:17:07,5650.0,2000.0,8590200.0
1646,2021-10-12 06:17:00,5660.0,1300.0,8588200.0
1647,2021-10-12 06:17:00,5660.0,1000.0,8586900.0
1648,2021-10-12 06:16:52,5660.0,1000.0,8585900.0
1649,2021-10-12 06:16:51,5650.0,1000.0,8584900.0
1650,2021-10-12 06:16:48,5650.0,1300.0,8583900.0
1651,2021-10-12 06:16:48,5650.0,100.0,8582600.0
1652,2021-10-12 06:16:48,5650.0,100.0,8582500.0
1653,2021-10-12 06:16:48,5650.0,500.0,8582400.0
1654,2021-10-12 06:16:46,5650.0,22400.0,8581900.0
1655,2021-10-12 06:16:39,5650.0,4000.0,8559500.0
1656,2021-10-12 06:16:39,5660.0,1000.0,8555500.0
1657,2021-10-12 06:16:32,5650.0,500.0,8554500.0
1658,2021-10-12 06:16:19,5650.0,500.0,8554000.0
1659,2021-10-12 06:16:16,5650.0,5000.0,8553500.0
1660,2021-10-12 06:16:16,5650.0,50000.0,8548500.0
1661,2021-10-12 06:16:16,5650.0,17100.0,8498500.0
1662,2021-10-12 06:16:07,5650.0,100.0,8481400.0
1663,2021-10-12 06:16:07,5650.0,2000.0,8481300.0
1664,2021-10-12 06:16:07,5650.0,200.0,8479300.0
1665,2021-10-12 06:16:07,5650.0,400.0,8479100.0
1666,2021-10-12 06:16:07,5650.0,300.0,8478700.0
1667,2021-10-12 06:16:07,5650.0,1000.0,8478400.0
1668,2021-10-12 06:16:07,5650.0,400.0,8477400.0
1669,2021-10-12 06:16:07,5650.0,1000.0,8477000.0
1670,2021-10-12 06:16:07,5650.0,200.0,8476000.0
1671,2021-10-12 06:16:07,5650.0,500.0,8475800.0
1672,2021-10-12 06:16:07,5650.0,5000.0,8475300.0
1673,2021-10-12 06:16:07,5650.0,5000.0,8470300.0
1674,2021-10-12 06:16:07,5650.0,500.0,8465300.0
1675,2021-10-12 06:16:07,5650.0,900.0,8464800.0
1676,2021-10-12 06:16:03,5660.0,500.0,8463900.0
1677,2021-10-12 06:16:00,5650.0,100.0,8463400.0
1678,2021-10-12 06:16:00,5650.0,2000.0,8463300.0
1679,2021-10-12 06:16:00,5650.0,300.0,8461300.0
1680,2021-10-12 06:16:00,5650.0,200.0,8461000.0
1681,2021-10-12 06:16:00,5650.0,1000.0,8460800.0
1682,2021-10-12 06:16:00,5650.0,2000.0,8459800.0
1683,2021-10-12 06:16:00,5650.0,1000.0,8457800.0
1684,2021-10-12 06:16:00,5650.0,100.0,8456800.0
1685,2021-10-12 06:16:00,5650.0,400.0,8456700.0
1686,2021-10-12 06:15:58,5650.0,1000.0,8456300.0
1687,2021-10-12 06:15:57,5660.0,100.0,8455300.0
1688,2021-10-12 06:15:57,5650.0,28600.0,8455200.0
1689,2021-10-12 06:15:57,5650.0,500.0,8426600.0
1690,2021-10-12 06:15:57,5650.0,200.0,8426100.0
1691,2021-10-12 06:15:57,5650.0,1000.0,8425900.0
1692,2021-10-12 06:15:57,5650.0,100.0,8424900.0
1693,2021-10-12 06:15:57,5650.0,100.0,8424800.0
1694,2021-10-12 06:15:57,5650.0,10000.0,8424700.0
1695,2021-10-12 06:15:57,5650.0,15500.0,8414700.0
1696,2021-10-12 06:15:57,5650.0,200.0,8399200.0
1697,2021-10-12 06:15:54,5650.0,1000.0,8399000.0
1698,2021-10-12 06:15:36,5650.0,3300.0,8398000.0
1699,2021-10-12 06:15:36,5650.0,5000.0,8394700.0
1700,2021-10-12 06:15:36,5650.0,100.0,8389700.0
1701,2021-10-12 06:15:36,5650.0,100.0,8389600.0
1702,2021-10-12 06:15:36,5650.0,1000.0,8389500.0
1703,2021-10-12 06:15:36,5650.0,100.0,8388500.0
1704,2021-10-12 06:15:36,5650.0,1900.0,8388400.0
1705,2021-10-12 06:15:34,5650.0,3100.0,8386500.0
1706,2021-10-12 06:15:34,5650.0,1000.0,8383400.0
1707,2021-10-12 06:15:34,5650.0,500.0,8382400.0
1708,2021-10-12 06:15:34,5650.0,5400.0,8381900.0
1709,2021-10-12 06:15:34,5650.0,4000.0,8376500.0
1710,2021-10-12 06:15:29,5650.0,10600.0,8372500.0
1711,2021-10-12 06:15:29,5650.0,1000.0,8361900.0
1712,2021-10-12 06:15:29,5650.0,2000.0,8360900.0
1713,2021-10-12 06:15:29,5650.0,1000.0,8358900.0
1714,2021-10-12 06:15:29,5650.0,400.0,8357900.0
1715,2021-10-12 06:15:26,5660.0,400.0,8357500.0
1716,2021-10-12 06:15:26,5660.0,4600.0,8357100.0
1717,2021-10-12 06:15:25,5660.0,100.0,8352500.0
1718,2021-10-12 06:15:21,5660.0,1000.0,8352400.0
1719,2021-10-12 06:15:08,5660.0,1500.0,8351400.0
1720,2021-10-12 06:15:07,5660.0,100.0,8349900.0
1721,2021-10-12 06:15:03,5660.0,300.0,8349800.0
1722,2021-10-12 06:15:03,5660.0,2100.0,8349500.0
1723,2021-10-12 06:15:03,5660.0,300.0,8347400.0
1724,2021-10-12 06:15:01,5660.0,9400.0,8347100.0
1725,2021-10-12 06:14:56,5660.0,300.0,8337700.0
1726,2021-10-12 06:14:56,5660.0,20000.0,8337400.0
1727,2021-10-12 06:14:56,5660.0,2700.0,8317400.0
1728,2021-10-12 06:14:54,5670.0,1000.0,8314700.0
1729,2021-10-12 06:14:54,5660.0,1600.0,8313700.0
1730,2021-10-12 06:14:51,5660.0,15700.0,8312100.0
1731,2021-10-12 06:14:50,5650.0,100.0,8296400.0
1732,2021-10-12 06:14:49,5650.0,4500.0,8296300.0
1733,2021-10-12 06:14:49,5650.0,200.0,8291800.0
1734,2021-10-12 06:14:49,5650.0,500.0,8291600.0
1735,2021-10-12 06:14:49,5650.0,1000.0,8291100.0
1736,2021-10-12 06:14:49,5650.0,1000.0,8290100.0
1737,2021-10-12 06:14:49,5650.0,200.0,8289100.0
1738,2021-10-12 06:14:49,5650.0,200.0,8288900.0
1739,2021-10-12 06:14:49,5650.0,300.0,8288700.0
1740,2021-10-12 06:14:49,5650.0,1000.0,8288400.0
1741,2021-10-12 06:14:49,5650.0,1100.0,8287400.0
1742,2021-10-12 06:14:49,5650.0,4000.0,8286300.0
1743,2021-10-12 06:14:49,5660.0,100.0,8282300.0
1744,2021-10-12 06:14:46,5670.0,100.0,8282200.0
1745,2021-10-12 06:14:44,5650.0,14900.0,8282100.0
1746,2021-10-12 06:14:44,5650.0,100.0,8267200.0
1747,2021-10-12 06:14:44,5660.0,3000.0,8267100.0
1748,2021-10-12 06:14:43,5670.0,2000.0,8264100.0
1749,2021-10-12 06:14:31,5650.0,400.0,8262100.0
1750,2021-10-12 06:14:31,5650.0,500.0,8261700.0
1751,2021-10-12 06:14:31,5650.0,2000.0,8261200.0
1752,2021-10-12 06:14:31,5650.0,3000.0,8259200.0
1753,2021-10-12 06:14:31,5650.0,100000.0,8256200.0
1754,2021-10-12 06:14:31,5650.0,200.0,8156200.0
1755,2021-10-12 06:14:31,5650.0,300.0,8156000.0
1756,2021-10-12 06:14:31,5650.0,1000.0,8155700.0
1757,2021-10-12 06:14:31,5650.0,1500.0,8154700.0
1758,2021-10-12 06:14:31,5650.0,100.0,8153200.0
1759,2021-10-12 06:14:31,5650.0,2000.0,8153100.0
1760,2021-10-12 06:14:31,5660.0,5000.0,8151100.0
1761,2021-10-12 06:14:31,5660.0,2000.0,8146100.0
1762,2021-10-12 06:14:31,5660.0,1400.0,8144100.0
1763,2021-10-12 06:14:29,5660.0,1000.0,8142700.0
1764,2021-10-12 06:14:28,5660.0,200.0,8141700.0
1765,2021-10-12 06:14:27,5660.0,16900.0,8141500.0
1766,2021-10-12 06:14:18,5660.0,500.0,8124600.0
1767,2021-10-12 06:14:18,5660.0,200.0,8124100.0
1768,2021-10-12 06:14:18,5660.0,1300.0,8123900.0
1769,2021-10-12 06:14:18,5660.0,700.0,8122600.0
1770,2021-10-12 06:14:17,5660.0,100.0,8121900.0
1771,2021-10-12 06:14:17,5660.0,200.0,8121800.0
1772,2021-10-12 06:14:15,5660.0,100.0,8121600.0
1773,2021-10-12 06:14:15,5660.0,3000.0,8121500.0
1774,2021-10-12 06:14:15,5660.0,100.0,8118500.0
1775,2021-10-12 06:14:15,5660.0,500.0,8118400.0
1776,2021-10-12 06:14:15,5660.0,3300.0,8117900.0
1777,2021-10-12 06:14:14,5660.0,1700.0,8114600.0
1778,2021-10-12 06:14:14,5660.0,100.0,8112900.0
1779,2021-10-12 06:14:14,5660.0,5000.0,8112800.0
1780,2021-10-12 06:14:14,5660.0,10000.0,8107800.0
1781,2021-10-12 06:14:14,5660.0,200.0,8097800.0
1782,2021-10-12 06:14:14,5660.0,2000.0,8097600.0
1783,2021-10-12 06:14:14,5660.0,100.0,8095600.0
1784,2021-10-12 06:14:14,5660.0,100.0,8095500.0
1785,2021-10-12 06:14:14,5660.0,2000.0,8095400.0
1786,2021-10-12 06:14:14,5660.0,400.0,8093400.0
1787,2021-10-12 06:14:14,5660.0,2000.0,8093000.0
1788,2021-10-12 06:14:14,5660.0,1400.0,8091000.0
1789,2021-10-12 06:14:12,5670.0,1000.0,8089600.0
1790,2021-10-12 06:14:11,5660.0,3000.0,8088600.0
1791,2021-10-12 06:14:10,5670.0,500.0,8085600.0
1792,2021-10-12 06:14:08,5670.0,100.0,8085100.0
1793,2021-10-12 06:14:02,5670.0,800.0,8085000.0
1794,2021-10-12 06:14:00,5670.0,300.0,8084200.0
1795,2021-10-12 06:13:53,5670.0,400.0,8083900.0
1796,2021-10-12 06:13:51,5670.0,8000.0,8083500.0
1797,2021-10-12 06:13:51,5670.0,3400.0,8075500.0
1798,2021-10-12 06:13:51,5670.0,300.0,8072100.0
1799,2021-10-12 06:13:51,5670.0,1000.0,8071800.0
1800,2021-10-12 06:13:51,5670.0,300.0,8070800.0
1801,2021-10-12 06:13:51,5670.0,2000.0,8070500.0
1802,2021-10-12 06:13:51,5670.0,1100.0,8068500.0
1803,2021-10-12 06:13:51,5670.0,5000.0,8067400.0
1804,2021-10-12 06:13:51,5670.0,100.0,8062400.0
1805,2021-10-12 06:13:51,5670.0,200.0,8062300.0
1806,2021-10-12 06:13:49,5680.0,1200.0,8062100.0
1807,2021-10-12 06:13:46,5680.0,1000.0,8060900.0
1808,2021-10-12 06:13:27,5680.0,10000.0,8059900.0
1809,2021-10-12 06:13:27,5680.0,500.0,8049900.0
1810,2021-10-12 06:13:27,5680.0,300.0,8049400.0
1811,2021-10-12 06:13:27,5680.0,2000.0,8049100.0
1812,2021-10-12 06:13:27,5680.0,500.0,8047100.0
1813,2021-10-12 06:13:27,5680.0,5000.0,8046600.0
1814,2021-10-12 06:13:27,5680.0,5000.0,8041600.0
1815,2021-10-12 06:13:27,5680.0,2000.0,8036600.0
1816,2021-10-12 06:13:27,5680.0,1000.0,8034600.0
1817,2021-10-12 06:13:27,5680.0,8000.0,8033600.0
1818,2021-10-12 06:13:27,5690.0,10500.0,8025600.0
1819,2021-10-12 06:13:27,5690.0,2300.0,8015100.0
1820,2021-10-12 06:13:24,5680.0,7000.0,8012800.0
1821,2021-10-12 06:13:21,5690.0,400.0,8005800.0
1822,2021-10-12 06:13:18,5680.0,5000.0,8005400.0
1823,2021-10-12 06:13:18,5680.0,1400.0,8000400.0
1824,2021-10-12 06:13:18,5680.0,500.0,7999000.0
1825,2021-10-12 06:13:18,5680.0,100.0,7998500.0
1826,2021-10-12 06:13:18,5680.0,1000.0,7998400.0
1827,2021-10-12 06:13:18,5680.0,2000.0,7997400.0
1828,2021-10-12 06:13:16,5690.0,3000.0,7995400.0
1829,2021-10-12 06:13:03,5690.0,200.0,7992400.0
1830,2021-10-12 06:13:02,5690.0,300.0,7992200.0
1831,2021-10-12 06:13:00,5690.0,5000.0,7991900.0
1832,2021-10-12 06:13:00,5690.0,500.0,7986900.0
1833,2021-10-12 06:13:00,5690.0,200.0,7986400.0
1834,2021-10-12 06:13:00,5690.0,100.0,7986200.0
1835,2021-10-12 06:13:00,5690.0,100.0,7986100.0
1836,2021-10-12 06:13:00,5690.0,2300.0,7986000.0
1837,2021-10-12 06:13:00,5690.0,2000.0,7983700.0
1838,2021-10-12 06:13:00,5690.0,100.0,7981700.0
1839,2021-10-12 06:13:00,5690.0,3000.0,7981600.0
1840,2021-10-12 06:13:00,5690.0,300.0,7978600.0
1841,2021-10-12 06:13:00,5690.0,200.0,7978300.0
1842,2021-10-12 06:12:52,5690.0,1400.0,7978100.0
1843,2021-10-12 06:12:51,5690.0,8000.0,7976700.0
1844,2021-10-12 06:12:48,5690.0,400.0,7968700.0
1845,2021-10-12 06:12:48,5690.0,500.0,7968300.0
1846,2021-10-12 06:12:48,5690.0,100.0,7967800.0
1847,2021-10-12 06:12:48,5690.0,500.0,7967700.0
1848,2021-10-12 06:12:48,5690.0,1000.0,7967200.0
1849,2021-10-12 06:12:48,5690.0,100.0,7966200.0
1850,2021-10-12 06:12:39,5690.0,1600.0,7966100.0
1851,2021-10-12 06:12:39,5690.0,500.0,7964500.0
1852,2021-10-12 06:12:39,5690.0,100.0,7964000.0
1853,2021-10-12 06:12:39,5690.0,2800.0,7963900.0
1854,2021-10-12 06:12:23,5690.0,2500.0,7961100.0
1855,2021-10-12 06:12:23,5700.0,400.0,7958600.0
1856,2021-10-12 06:12:16,5690.0,2700.0,7958200.0
1857,2021-10-12 06:12:16,5700.0,4000.0,7955500.0
1858,2021-10-12 06:12:10,5690.0,3600.0,7951500.0
1859,2021-10-12 06:12:09,5700.0,2000.0,7947900.0
1860,2021-10-12 06:12:08,5700.0,300.0,7945900.0
1861,2021-10-12 06:12:07,5690.0,18400.0,7945600.0
1862,2021-10-12 06:12:07,5690.0,1000.0,7927200.0
1863,2021-10-12 06:12:07,5690.0,100.0,7926200.0
1864,2021-10-12 06:12:07,5690.0,500.0,7926100.0
1865,2021-10-12 06:11:58,5700.0,500.0,7925600.0
1866,2021-10-12 06:11:57,5700.0,1000.0,7925100.0
1867,2021-10-12 06:11:55,5700.0,100.0,7924100.0
1868,2021-10-12 06:11:49,5700.0,1000.0,7924000.0
1869,2021-10-12 06:11:45,5700.0,1700.0,7923000.0
1870,2021-10-12 06:11:35,5700.0,1500.0,7921300.0
1871,2021-10-12 06:11:35,5700.0,500.0,7919800.0
1872,2021-10-12 06:11:29,5700.0,10000.0,7919300.0
1873,2021-10-12 06:11:20,5700.0,100.0,7909300.0
1874,2021-10-12 06:11:20,5700.0,500.0,7909200.0
1875,2021-10-12 06:11:20,5700.0,300.0,7908700.0
1876,2021-10-12 06:11:20,5700.0,5000.0,7908400.0
1877,2021-10-12 06:11:20,5700.0,14000.0,7903400.0
1878,2021-10-12 06:11:20,5700.0,500.0,7889400.0
1879,2021-10-12 06:11:20,5700.0,30000.0,7888900.0
1880,2021-10-12 06:11:20,5700.0,2000.0,7858900.0
1881,2021-10-12 06:11:20,5700.0,100.0,7856900.0
1882,2021-10-12 06:11:20,5700.0,500.0,7856800.0
1883,2021-10-12 06:11:20,5700.0,500.0,7856300.0
1884,2021-10-12 06:11:20,5700.0,100.0,7855800.0
1885,2021-10-12 06:11:20,5700.0,2000.0,7855700.0
1886,2021-10-12 06:11:20,5700.0,1000.0,7853700.0
1887,2021-10-12 06:11:20,5700.0,800.0,7852700.0
1888,2021-10-12 06:11:20,5700.0,100.0,7851900.0
1889,2021-10-12 06:11:20,5700.0,300.0,7851800.0
1890,2021-10-12 06:11:20,5700.0,2000.0,7851500.0
1891,2021-10-12 06:11:20,5700.0,200.0,7849500.0
1892,2021-10-12 06:11:20,5700.0,500.0,7849300.0
1893,2021-10-12 06:11:20,5700.0,2000.0,7848800.0
1894,2021-10-12 06:11:20,5700.0,100.0,7846800.0
1895,2021-10-12 06:11:20,5700.0,1000.0,7846700.0
1896,2021-10-12 06:11:20,5700.0,1000.0,7845700.0
1897,2021-10-12 06:11:20,5700.0,1200.0,7844700.0
1898,2021-10-12 06:11:20,5700.0,100.0,7843500.0
1899,2021-10-12 06:11:20,5700.0,100.0,7843400.0
1900,2021-10-12 06:11:20,5700.0,100.0,7843300.0
1901,2021-10-12 06:11:20,5700.0,100.0,7843200.0
1902,2021-10-12 06:11:20,5700.0,100.0,7843100.0
1903,2021-10-12 06:11:20,5700.0,1000.0,7843000.0
1904,2021-10-12 06:11:20,5700.0,1000.0,7842000.0
1905,2021-10-12 06:11:20,5700.0,3000.0,7841000.0
1906,2021-10-12 06:11:20,5700.0,500.0,7838000.0
1907,2021-10-12 06:11:20,5700.0,200.0,7837500.0
1908,2021-10-12 06:11:20,5700.0,1800.0,7837300.0
1909,2021-10-12 06:11:20,5700.0,10000.0,7835500.0
1910,2021-10-12 06:11:20,5700.0,100.0,7825500.0
1911,2021-10-12 06:11:20,5700.0,500.0,7825400.0
1912,2021-10-12 06:11:20,5700.0,100.0,7824900.0
1913,2021-10-12 06:11:20,5700.0,300.0,7824800.0
1914,2021-10-12 06:11:20,5700.0,500.0,7824500.0
1915,2021-10-12 06:11:20,5700.0,10000.0,7824000.0
1916,2021-10-12 06:11:20,5700.0,400.0,7814000.0
1917,2021-10-12 06:11:20,5700.0,200.0,7813600.0
1918,2021-10-12 06:11:20,5700.0,10000.0,7813400.0
1919,2021-10-12 06:11:20,5700.0,100.0,7803400.0
1920,2021-10-12 06:11:20,5700.0,500.0,7803300.0
1921,2021-10-12 06:11:20,5700.0,300.0,7802800.0
1922,2021-10-12 06:11:20,5700.0,1000.0,7802500.0
1923,2021-10-12 06:11:20,5700.0,200.0,7801500.0
1924,2021-10-12 06:11:20,5700.0,200.0,7801300.0
1925,2021-10-12 06:11:20,5700.0,600.0,7801100.0
1926,2021-10-12 06:11:20,5700.0,800.0,7800500.0
1927,2021-10-12 06:11:20,5700.0,1000.0,7799700.0
1928,2021-10-12 06:11:20,5700.0,100.0,7798700.0
1929,2021-10-12 06:11:20,5700.0,500.0,7798600.0
1930,2021-10-12 06:11:20,5700.0,2400.0,7798100.0
1931,2021-10-12 06:11:17,5710.0,2000.0,7795700.0
1932,2021-10-12 06:11:17,5700.0,600.0,7793700.0
1933,2021-10-12 06:11:17,5700.0,100.0,7793100.0
1934,2021-10-12 06:11:17,5700.0,5000.0,7793000.0
1935,2021-10-12 06:11:17,5700.0,10000.0,7788000.0
1936,2021-10-12 06:11:17,5700.0,10000.0,7778000.0
1937,2021-10-12 06:11:17,5700.0,400.0,7768000.0
1938,2021-10-12 06:11:17,5700.0,32600.0,7767600.0
1939,2021-10-12 06:11:12,5700.0,500.0,7735000.0
1940,2021-10-12 06:11:10,5700.0,5000.0,7734500.0
1941,2021-10-12 06:11:08,5700.0,3000.0,7729500.0
1942,2021-10-12 06:11:06,5700.0,2800.0,7726500.0
1943,2021-10-12 06:11:06,5700.0,800.0,7723700.0
1944,2021-10-12 06:11:05,5700.0,5300.0,7722900.0
1945,2021-10-12 06:11:05,5700.0,500.0,7717600.0
1946,2021-10-12 06:11:05,5700.0,500.0,7717100.0
1947,2021-10-12 06:11:05,5700.0,500.0,7716600.0
1948,2021-10-12 06:11:05,5700.0,200.0,7716100.0
1949,2021-10-12 06:11:05,5700.0,200.0,7715900.0
1950,2021-10-12 06:11:05,5700.0,2000.0,7715700.0
1951,2021-10-12 06:11:05,5700.0,400.0,7713700.0
1952,2021-10-12 06:11:05,5700.0,400.0,7713300.0
1953,2021-10-12 06:11:04,5710.0,2200.0,7712900.0
1954,2021-10-12 06:10:56,5710.0,100.0,7710700.0
1955,2021-10-12 06:10:56,5710.0,5000.0,7710600.0
1956,2021-10-12 06:10:56,5710.0,900.0,7705600.0
1957,2021-10-12 06:10:40,5710.0,1300.0,7704700.0
1958,2021-10-12 06:10:39,5720.0,100.0,7703400.0
1959,2021-10-12 06:10:24,5710.0,9000.0,7703300.0
1960,2021-10-12 06:10:23,5710.0,18800.0,7694300.0
1961,2021-10-12 06:10:23,5710.0,3000.0,7675500.0
1962,2021-10-12 06:10:23,5710.0,2000.0,7672500.0
1963,2021-10-12 06:10:23,5710.0,3000.0,7670500.0
1964,2021-10-12 06:10:23,5710.0,1000.0,7667500.0
1965,2021-10-12 06:10:23,5710.0,1000.0,7666500.0
1966,2021-10-12 06:10:23,5710.0,5000.0,7665500.0
1967,2021-10-12 06:10:23,5710.0,100.0,7660500.0
1968,2021-10-12 06:10:23,5710.0,100.0,7660400.0
1969,2021-10-12 06:10:23,5710.0,500.0,7660300.0
1970,2021-10-12 06:10:23,5710.0,100.0,7659800.0
1971,2021-10-12 06:10:23,5710.0,3000.0,7659700.0
1972,2021-10-12 06:10:23,5710.0,1000.0,7656700.0
1973,2021-10-12 06:10:23,5710.0,100.0,7655700.0
1974,2021-10-12 06:10:23,5710.0,5000.0,7655600.0
1975,2021-10-12 06:10:23,5710.0,500.0,7650600.0
1976,2021-10-12 06:10:23,5710.0,5000.0,7650100.0
1977,2021-10-12 06:10:23,5710.0,800.0,7645100.0
1978,2021-10-12 06:10:12,5720.0,400.0,7644300.0
1979,2021-10-12 06:10:12,5720.0,100.0,7643900.0
1980,2021-10-12 06:10:12,5720.0,2000.0,7643800.0
1981,2021-10-12 06:10:12,5720.0,5000.0,7641800.0
1982,2021-10-12 06:10:12,5720.0,500.0,7636800.0
1983,2021-10-12 06:10:12,5720.0,3100.0,7636300.0
1984,2021-10-12 06:10:03,5720.0,500.0,7633200.0
1985,2021-10-12 06:09:33,5730.0,500.0,7632700.0
1986,2021-10-12 06:09:25,5730.0,2800.0,7632200.0
1987,2021-10-12 06:09:18,5730.0,100.0,7629400.0
1988,2021-10-12 06:09:17,5730.0,5000.0,7629300.0
1989,2021-10-12 06:09:11,5730.0,2000.0,7624300.0
1990,2021-10-12 06:09:11,5730.0,4000.0,7622300.0
1991,2021-10-12 06:09:11,5730.0,2000.0,7618300.0
1992,2021-10-12 06:09:11,5730.0,200.0,7616300.0
1993,2021-10-12 06:09:11,5730.0,1000.0,7616100.0
1994,2021-10-12 06:09:11,5730.0,1000.0,7615100.0
1995,2021-10-12 06:09:11,5730.0,2700.0,7614100.0
1996,2021-10-12 06:09:11,5730.0,2000.0,7611400.0
1997,2021-10-12 06:09:11,5730.0,1000.0,7609400.0
1998,2021-10-12 06:09:11,5730.0,3000.0,7608400.0
1999,2021-10-12 06:09:11,5730.0,12400.0,7605400.0
2000,2021-10-12 06:09:05,5730.0,64000.0,7593000.0
2001,2021-10-12 06:08:58,5730.0,2000.0,7529000.0
2002,2021-10-12 06:08:46,5730.0,1000.0,7527000.0
2003,2021-10-12 06:08:29,5730.0,6000.0,7526000.0
2004,2021-10-12 06:07:57,5730.0,2000.0,7520000.0
2005,2021-10-12 06:07:50,5730.0,7000.0,7518000.0
2006,2021-10-12 06:07:48,5730.0,2300.0,7511000.0
2007,2021-10-12 06:07:47,5730.0,2500.0,7508700.0
2008,2021-10-12 06:07:37,5740.0,1000.0,7506200.0
2009,2021-10-12 06:07:37,5740.0,500.0,7505200.0
2010,2021-10-12 06:07:30,5730.0,5000.0,7504700.0
2011,2021-10-12 06:06:39,5730.0,5000.0,7499700.0
2012,2021-10-12 06:06:34,5730.0,1000.0,7494700.0
2013,2021-10-12 06:06:34,5730.0,100.0,7493700.0
2014,2021-10-12 06:06:34,5730.0,10000.0,7493600.0
2015,2021-10-12 06:06:34,5730.0,100.0,7483600.0
2016,2021-10-12 06:06:34,5730.0,15000.0,7483500.0
2017,2021-10-12 06:06:34,5730.0,1500.0,7468500.0
2018,2021-10-12 06:06:34,5730.0,2100.0,7467000.0
2019,2021-10-12 06:06:31,5720.0,1400.0,7464900.0
2020,2021-10-12 06:06:31,5720.0,500.0,7463500.0
2021,2021-10-12 06:06:31,5720.0,100.0,7463000.0
2022,2021-10-12 06:06:27,5720.0,1900.0,7462900.0
2023,2021-10-12 06:06:27,5720.0,100.0,7461000.0
2024,2021-10-12 06:06:10,5720.0,50000.0,7460900.0
2025,2021-10-12 06:06:08,5730.0,400.0,7410900.0
2026,2021-10-12 06:06:06,5730.0,300.0,7410500.0
2027,2021-10-12 06:05:56,5730.0,200.0,7410200.0
2028,2021-10-12 06:05:24,5730.0,500.0,7410000.0
2029,2021-10-12 06:05:24,5730.0,1000.0,7409500.0
2030,2021-10-12 06:05:24,5730.0,500.0,7408500.0
2031,2021-10-12 06:04:53,5730.0,2500.0,7408000.0
2032,2021-10-12 06:04:53,5730.0,300.0,7405500.0
2033,2021-10-12 06:04:43,5730.0,1000.0,7405200.0
2034,2021-10-12 06:04:41,5730.0,1000.0,7404200.0
2035,2021-10-12 06:04:36,5730.0,1000.0,7403200.0
2036,2021-10-12 06:04:22,5730.0,2000.0,7402200.0
2037,2021-10-12 06:04:19,5730.0,1000.0,7400200.0
2038,2021-10-12 06:04:18,5710.0,200.0,7399200.0
2039,2021-10-12 06:04:18,5710.0,500.0,7399000.0
2040,2021-10-12 06:04:18,5710.0,900.0,7398500.0
2041,2021-10-12 06:04:18,5720.0,300.0,7397600.0
2042,2021-10-12 06:04:14,5720.0,1000.0,7397300.0
2043,2021-10-12 06:04:14,5720.0,700.0,7396300.0
2044,2021-10-12 06:04:11,5710.0,100.0,7395600.0
2045,2021-10-12 06:04:06,5710.0,4000.0,7395500.0
2046,2021-10-12 06:04:06,5710.0,100.0,7391500.0
2047,2021-10-12 06:04:06,5710.0,100.0,7391400.0
2048,2021-10-12 06:04:06,5710.0,2000.0,7391300.0
2049,2021-10-12 06:04:06,5710.0,700.0,7389300.0
2050,2021-10-12 06:04:05,5720.0,500.0,7388600.0
2051,2021-10-12 06:04:05,5720.0,400.0,7388100.0
2052,2021-10-12 06:03:58,5710.0,500.0,7387700.0
2053,2021-10-12 06:03:51,5710.0,1000.0,7387200.0
