,Time,Price,Volume_per_trade,Volume
0,2021-10-05 07:45:00,37150.0,100.0,320600.0
1,2021-10-05 07:45:00,37150.0,100.0,320500.0
2,2021-10-05 07:45:00,37150.0,1200.0,320400.0
3,2021-10-05 07:45:00,37150.0,300.0,319200.0
4,2021-10-05 07:45:00,37150.0,200.0,318900.0
5,2021-10-05 07:45:00,37150.0,300.0,318700.0
6,2021-10-05 07:45:00,37150.0,700.0,318400.0
7,2021-10-05 07:45:00,37150.0,100.0,317700.0
8,2021-10-05 07:45:00,37150.0,100.0,317600.0
9,2021-10-05 07:45:00,37150.0,1000.0,317500.0
10,2021-10-05 07:45:00,37150.0,100.0,316500.0
11,2021-10-05 07:45:00,37150.0,100.0,316400.0
12,2021-10-05 07:45:00,37150.0,100.0,316300.0
13,2021-10-05 07:45:00,37150.0,900.0,316200.0
14,2021-10-05 07:45:00,37150.0,300.0,315300.0
15,2021-10-05 07:45:00,37150.0,500.0,315000.0
16,2021-10-05 07:45:00,37150.0,100.0,314500.0
17,2021-10-05 07:45:00,37150.0,100.0,314400.0
18,2021-10-05 07:45:00,37150.0,100.0,314300.0
19,2021-10-05 07:28:32,37200.0,1800.0,314200.0
20,2021-10-05 07:28:32,37200.0,200.0,312400.0
21,2021-10-05 07:27:42,37200.0,1000.0,312200.0
22,2021-10-05 07:27:11,37200.0,500.0,311200.0
23,2021-10-05 07:25:40,37200.0,300.0,310700.0
24,2021-10-05 07:25:30,37200.0,100.0,310400.0
25,2021-10-05 07:25:14,37200.0,100.0,310300.0
26,2021-10-05 07:25:14,37200.0,400.0,310200.0
27,2021-10-05 07:23:40,37200.0,200.0,309800.0
28,2021-10-05 07:23:29,37200.0,100.0,309600.0
29,2021-10-05 07:23:27,37200.0,600.0,309500.0
30,2021-10-05 07:22:57,37200.0,100.0,308900.0
31,2021-10-05 07:22:41,37200.0,200.0,308800.0
32,2021-10-05 07:22:11,37200.0,100.0,308600.0
33,2021-10-05 07:21:57,37200.0,100.0,308500.0
34,2021-10-05 07:21:49,37200.0,500.0,308400.0
35,2021-10-05 07:21:49,37200.0,400.0,307900.0
36,2021-10-05 07:21:39,37200.0,100.0,307500.0
37,2021-10-05 07:21:39,37200.0,300.0,307400.0
38,2021-10-05 07:19:57,37200.0,200.0,307100.0
39,2021-10-05 07:19:57,37200.0,1000.0,306900.0
40,2021-10-05 07:19:57,37200.0,800.0,305900.0
41,2021-10-05 07:19:36,37150.0,1100.0,305100.0
42,2021-10-05 07:19:36,37150.0,300.0,304000.0
43,2021-10-05 07:19:36,37150.0,200.0,303700.0
44,2021-10-05 07:19:36,37150.0,100.0,303500.0
45,2021-10-05 07:19:36,37150.0,200.0,303400.0
46,2021-10-05 07:18:07,37200.0,200.0,303200.0
47,2021-10-05 07:18:07,37200.0,300.0,303000.0
48,2021-10-05 07:17:16,37200.0,200.0,302700.0
49,2021-10-05 07:17:09,37200.0,200.0,302500.0
50,2021-10-05 07:17:00,37200.0,100.0,302300.0
51,2021-10-05 07:16:26,37200.0,200.0,302200.0
52,2021-10-05 07:15:13,37200.0,600.0,302000.0
53,2021-10-05 07:14:43,37200.0,300.0,301400.0
54,2021-10-05 07:14:16,37200.0,100.0,301100.0
55,2021-10-05 07:13:55,37200.0,200.0,301000.0
56,2021-10-05 07:13:36,37200.0,1300.0,300800.0
57,2021-10-05 07:13:12,37200.0,100.0,299500.0
58,2021-10-05 07:13:12,37200.0,100.0,299400.0
59,2021-10-05 07:11:26,37200.0,700.0,299300.0
60,2021-10-05 07:10:33,37200.0,100.0,298600.0
61,2021-10-05 07:09:32,37200.0,100.0,298500.0
62,2021-10-05 07:09:31,37150.0,100.0,298400.0
63,2021-10-05 07:09:22,37200.0,300.0,298300.0
64,2021-10-05 07:09:16,37200.0,200.0,298000.0
65,2021-10-05 07:09:15,37200.0,200.0,297800.0
66,2021-10-05 07:09:07,37200.0,100.0,297600.0
67,2021-10-05 07:09:02,37200.0,200.0,297500.0
68,2021-10-05 07:08:58,37200.0,100.0,297300.0
69,2021-10-05 07:07:53,37200.0,800.0,297200.0
70,2021-10-05 07:06:53,37200.0,200.0,296400.0
71,2021-10-05 07:06:52,37200.0,300.0,296200.0
72,2021-10-05 07:02:46,37200.0,100.0,295900.0
73,2021-10-05 07:02:37,37150.0,300.0,295800.0
74,2021-10-05 07:01:53,37150.0,300.0,295500.0
75,2021-10-05 07:01:22,37150.0,2000.0,295200.0
76,2021-10-05 06:59:22,37150.0,100.0,293200.0
77,2021-10-05 06:59:22,37150.0,1500.0,293100.0
78,2021-10-05 06:56:21,37150.0,800.0,291600.0
79,2021-10-05 06:54:20,37150.0,100.0,290800.0
80,2021-10-05 06:54:20,37100.0,200.0,290700.0
81,2021-10-05 06:54:03,37000.0,4000.0,290500.0
82,2021-10-05 06:53:54,37100.0,500.0,286500.0
83,2021-10-05 06:50:43,37000.0,200.0,286000.0
84,2021-10-05 06:47:26,37100.0,100.0,285800.0
85,2021-10-05 06:46:56,37100.0,200.0,285700.0
86,2021-10-05 06:45:28,37150.0,100.0,285500.0
87,2021-10-05 06:45:28,37150.0,700.0,285400.0
88,2021-10-05 06:45:08,37150.0,500.0,284700.0
89,2021-10-05 06:44:33,37150.0,200.0,284200.0
90,2021-10-05 06:44:18,37150.0,100.0,284000.0
91,2021-10-05 06:44:04,37150.0,900.0,283900.0
92,2021-10-05 06:44:04,37150.0,600.0,283000.0
93,2021-10-05 06:43:38,37150.0,600.0,282400.0
94,2021-10-05 06:43:30,37150.0,3700.0,281800.0
95,2021-10-05 06:43:27,37150.0,500.0,278100.0
96,2021-10-05 06:43:21,37150.0,200.0,277600.0
97,2021-10-05 06:42:26,37150.0,300.0,277400.0
98,2021-10-05 06:39:10,37200.0,100.0,277100.0
99,2021-10-05 06:38:56,37200.0,200.0,277000.0
100,2021-10-05 06:38:40,37200.0,200.0,276800.0
101,2021-10-05 06:36:25,37000.0,3900.0,276600.0
102,2021-10-05 06:35:49,36900.0,200.0,272700.0
103,2021-10-05 06:32:41,36900.0,2700.0,272500.0
104,2021-10-05 06:32:29,36900.0,100.0,269800.0
105,2021-10-05 06:31:17,36850.0,1000.0,269700.0
106,2021-10-05 06:31:13,36900.0,200.0,268700.0
107,2021-10-05 06:27:33,36850.0,700.0,268500.0
108,2021-10-05 06:27:33,36850.0,300.0,267800.0
109,2021-10-05 06:27:33,36850.0,300.0,267500.0
110,2021-10-05 06:27:33,36850.0,2000.0,267200.0
111,2021-10-05 06:27:33,36850.0,1000.0,265200.0
112,2021-10-05 06:27:33,36850.0,3600.0,264200.0
113,2021-10-05 06:27:32,36850.0,300.0,260600.0
114,2021-10-05 06:27:22,36850.0,400.0,260300.0
115,2021-10-05 06:25:41,36850.0,100.0,259900.0
116,2021-10-05 06:25:13,36850.0,300.0,259800.0
117,2021-10-05 06:24:49,36850.0,300.0,259500.0
118,2021-10-05 06:24:49,36850.0,100.0,259200.0
119,2021-10-05 06:23:29,36900.0,100.0,259100.0
120,2021-10-05 06:23:02,36900.0,6600.0,259000.0
121,2021-10-05 06:23:02,36900.0,500.0,252400.0
122,2021-10-05 06:23:02,36900.0,200.0,251900.0
123,2021-10-05 06:23:02,36900.0,200.0,251700.0
124,2021-10-05 06:23:02,36900.0,600.0,251500.0
125,2021-10-05 06:23:02,36900.0,500.0,250900.0
126,2021-10-05 06:19:42,36900.0,100.0,250400.0
127,2021-10-05 06:18:34,36900.0,400.0,250300.0
128,2021-10-05 06:18:34,36900.0,100.0,249900.0
129,2021-10-05 06:17:46,36950.0,1100.0,249800.0
130,2021-10-05 06:16:52,36950.0,1000.0,248700.0
131,2021-10-05 06:16:37,37000.0,100.0,247700.0
132,2021-10-05 06:16:31,37000.0,500.0,247600.0
133,2021-10-05 06:16:00,37000.0,5500.0,247100.0
134,2021-10-05 06:15:38,37000.0,500.0,241600.0
135,2021-10-05 06:11:31,36900.0,200.0,241100.0
136,2021-10-05 06:11:31,36900.0,200.0,240900.0
137,2021-10-05 06:11:31,36900.0,1000.0,240700.0
138,2021-10-05 06:11:31,36900.0,1300.0,239700.0
139,2021-10-05 06:08:37,36900.0,700.0,238400.0
140,2021-10-05 06:08:37,36900.0,100.0,237700.0
141,2021-10-05 06:08:37,36900.0,500.0,237600.0
142,2021-10-05 06:08:37,36900.0,600.0,237100.0
143,2021-10-05 06:08:37,36950.0,100.0,236500.0
144,2021-10-05 06:07:47,37000.0,100.0,236400.0
145,2021-10-05 06:07:47,37000.0,1200.0,236300.0
146,2021-10-05 06:07:47,37000.0,100.0,235100.0
147,2021-10-05 06:00:35,37200.0,100.0,235000.0
148,2021-10-05 06:00:23,37000.0,1500.0,234900.0
149,2021-10-05 04:28:00,37000.0,500.0,233400.0
150,2021-10-05 04:26:56,37000.0,1000.0,232900.0
151,2021-10-05 04:26:56,37000.0,200.0,231900.0
152,2021-10-05 04:26:56,37150.0,100.0,231700.0
153,2021-10-05 04:26:56,37150.0,200.0,231600.0
154,2021-10-05 04:25:29,37200.0,800.0,231400.0
155,2021-10-05 04:18:13,37000.0,400.0,230600.0
156,2021-10-05 04:18:13,37000.0,600.0,230200.0
157,2021-10-05 04:18:13,37000.0,100.0,229600.0
158,2021-10-05 04:16:00,36900.0,1200.0,229500.0
159,2021-10-05 04:10:33,36900.0,300.0,228300.0
160,2021-10-05 04:10:33,36900.0,100.0,228000.0
161,2021-10-05 04:10:33,36900.0,300.0,227900.0
162,2021-10-05 04:10:33,36900.0,100.0,227600.0
163,2021-10-05 04:07:31,36900.0,1000.0,227500.0
164,2021-10-05 04:02:59,36900.0,500.0,226500.0
165,2021-10-05 04:02:31,36900.0,400.0,226000.0
166,2021-10-05 04:02:31,36900.0,400.0,225600.0
167,2021-10-05 04:02:31,36900.0,200.0,225200.0
168,2021-10-05 04:02:31,36900.0,400.0,225000.0
169,2021-10-05 04:02:31,36900.0,1000.0,224600.0
170,2021-10-05 04:02:31,36900.0,1100.0,223600.0
171,2021-10-05 04:01:59,36900.0,900.0,222500.0
172,2021-10-05 04:01:59,36950.0,1000.0,221600.0
173,2021-10-05 04:01:59,36950.0,100.0,220600.0
174,2021-10-05 04:01:59,36950.0,200.0,220500.0
175,2021-10-05 04:01:59,36950.0,800.0,220300.0
176,2021-10-05 04:00:07,36950.0,200.0,219500.0
177,2021-10-05 03:59:10,37000.0,200.0,219300.0
178,2021-10-05 03:57:47,37000.0,100.0,219100.0
179,2021-10-05 03:57:47,37000.0,400.0,219000.0
180,2021-10-05 03:57:07,37000.0,600.0,218600.0
181,2021-10-05 03:57:07,37000.0,100.0,218000.0
182,2021-10-05 03:49:38,37000.0,700.0,217900.0
183,2021-10-05 03:49:38,37000.0,100.0,217200.0
184,2021-10-05 03:49:38,37000.0,900.0,217100.0
185,2021-10-05 03:48:22,36950.0,100.0,216200.0
186,2021-10-05 03:47:01,36950.0,1000.0,216100.0
187,2021-10-05 03:45:03,37000.0,100.0,215100.0
188,2021-10-05 03:44:08,36950.0,100.0,215000.0
189,2021-10-05 03:44:08,36950.0,500.0,214900.0
190,2021-10-05 03:44:08,36950.0,800.0,214400.0
191,2021-10-05 03:40:41,36900.0,500.0,213600.0
192,2021-10-05 03:38:31,36900.0,1400.0,213100.0
193,2021-10-05 03:37:09,36900.0,800.0,211700.0
194,2021-10-05 03:36:19,36900.0,500.0,210900.0
195,2021-10-05 03:36:19,36900.0,1200.0,210400.0
196,2021-10-05 03:36:19,36900.0,300.0,209200.0
197,2021-10-05 03:35:38,36800.0,1800.0,208900.0
198,2021-10-05 03:35:38,36850.0,500.0,207100.0
199,2021-10-05 03:35:13,36850.0,500.0,206600.0
200,2021-10-05 03:35:10,36800.0,400.0,206100.0
201,2021-10-05 03:34:54,36850.0,1000.0,205700.0
202,2021-10-05 03:34:25,36800.0,2200.0,204700.0
203,2021-10-05 03:34:25,36800.0,100.0,202500.0
204,2021-10-05 03:34:25,36800.0,300.0,202400.0
205,2021-10-05 03:34:25,36800.0,1000.0,202100.0
206,2021-10-05 03:34:25,36800.0,100.0,201100.0
207,2021-10-05 03:34:25,36800.0,300.0,201000.0
208,2021-10-05 03:34:25,36800.0,2200.0,200700.0
209,2021-10-05 03:33:40,36850.0,1000.0,198500.0
210,2021-10-05 03:33:39,36850.0,2000.0,197500.0
211,2021-10-05 03:33:39,36850.0,600.0,195500.0
212,2021-10-05 03:33:39,36850.0,200.0,194900.0
213,2021-10-05 03:33:25,36900.0,100.0,194700.0
214,2021-10-05 03:30:57,36900.0,100.0,194600.0
215,2021-10-05 03:30:57,36900.0,500.0,194500.0
216,2021-10-05 03:30:57,36900.0,100.0,194000.0
217,2021-10-05 03:30:51,36850.0,200.0,193900.0
218,2021-10-05 03:30:51,36850.0,100.0,193700.0
219,2021-10-05 03:29:13,36800.0,4800.0,193600.0
220,2021-10-05 03:29:13,36850.0,300.0,188800.0
221,2021-10-05 03:29:13,36850.0,100.0,188500.0
222,2021-10-05 03:29:13,36850.0,300.0,188400.0
223,2021-10-05 03:28:50,36850.0,500.0,188100.0
224,2021-10-05 03:28:18,36850.0,200.0,187600.0
225,2021-10-05 03:27:59,36850.0,500.0,187400.0
226,2021-10-05 03:27:56,36850.0,300.0,186900.0
227,2021-10-05 03:26:41,36850.0,1000.0,186600.0
228,2021-10-05 03:26:41,36850.0,200.0,185600.0
229,2021-10-05 03:23:56,36850.0,300.0,185400.0
230,2021-10-05 03:23:56,36850.0,700.0,185100.0
231,2021-10-05 03:23:49,36850.0,1000.0,184400.0
232,2021-10-05 03:23:38,36850.0,300.0,183400.0
233,2021-10-05 03:23:38,36850.0,100.0,183100.0
234,2021-10-05 03:23:38,36850.0,800.0,183000.0
235,2021-10-05 03:23:38,36850.0,800.0,182200.0
236,2021-10-05 03:22:53,36850.0,200.0,181400.0
237,2021-10-05 03:22:53,36850.0,300.0,181200.0
238,2021-10-05 03:22:08,36850.0,400.0,180900.0
239,2021-10-05 03:22:08,36850.0,500.0,180500.0
240,2021-10-05 03:22:08,36850.0,2000.0,180000.0
241,2021-10-05 03:22:08,36850.0,5000.0,178000.0
242,2021-10-05 03:22:08,36850.0,1500.0,173000.0
243,2021-10-05 03:22:08,36850.0,100.0,171500.0
244,2021-10-05 03:22:08,36850.0,500.0,171400.0
245,2021-10-05 03:15:16,36900.0,500.0,170900.0
246,2021-10-05 03:12:33,36850.0,400.0,170400.0
247,2021-10-05 03:12:33,36850.0,4600.0,170000.0
248,2021-10-05 03:12:30,36850.0,400.0,165400.0
249,2021-10-05 03:12:30,36850.0,100.0,165000.0
250,2021-10-05 03:10:51,36850.0,600.0,164900.0
251,2021-10-05 03:10:19,36950.0,1000.0,164300.0
252,2021-10-05 03:10:19,36950.0,500.0,163300.0
253,2021-10-05 03:10:19,36950.0,100.0,162800.0
254,2021-10-05 03:08:40,36850.0,1000.0,162700.0
255,2021-10-05 03:08:40,36850.0,300.0,161700.0
256,2021-10-05 03:08:40,36850.0,200.0,161400.0
257,2021-10-05 03:06:32,36800.0,200.0,161200.0
258,2021-10-05 03:03:57,36800.0,1000.0,161000.0
259,2021-10-05 03:03:01,36800.0,1800.0,160000.0
260,2021-10-05 03:03:01,36800.0,100.0,158200.0
261,2021-10-05 03:03:01,36800.0,200.0,158100.0
262,2021-10-05 03:03:01,36800.0,2300.0,157900.0
263,2021-10-05 03:03:01,36800.0,100.0,155600.0
264,2021-10-05 03:03:01,36800.0,500.0,155500.0
265,2021-10-05 03:02:21,36800.0,1500.0,155000.0
266,2021-10-05 03:02:21,36800.0,200.0,153500.0
267,2021-10-05 03:02:21,36800.0,1000.0,153300.0
268,2021-10-05 03:02:21,36800.0,1000.0,152300.0
269,2021-10-05 03:02:21,36800.0,200.0,151300.0
270,2021-10-05 03:02:21,36800.0,100.0,151100.0
271,2021-10-05 03:02:21,36800.0,100.0,151000.0
272,2021-10-05 03:02:21,36800.0,100.0,150900.0
273,2021-10-05 03:02:21,36800.0,300.0,150800.0
274,2021-10-05 03:02:21,36800.0,1000.0,150500.0
275,2021-10-05 03:02:21,36800.0,100.0,149500.0
276,2021-10-05 03:02:21,36800.0,300.0,149400.0
277,2021-10-05 03:02:21,36800.0,200.0,149100.0
278,2021-10-05 03:02:21,36800.0,100.0,148900.0
279,2021-10-05 03:02:21,36800.0,100.0,148800.0
280,2021-10-05 03:02:21,36800.0,1500.0,148700.0
281,2021-10-05 03:02:21,36900.0,200.0,147200.0
282,2021-10-05 03:02:21,36900.0,5000.0,147000.0
283,2021-10-05 03:02:21,36900.0,1000.0,142000.0
284,2021-10-05 03:02:21,36900.0,1000.0,141000.0
285,2021-10-05 03:01:26,36950.0,100.0,140000.0
286,2021-10-05 03:00:58,36900.0,100.0,139900.0
287,2021-10-05 03:00:31,36900.0,1500.0,139800.0
288,2021-10-05 02:59:33,36900.0,200.0,138300.0
289,2021-10-05 02:59:27,36900.0,1000.0,138100.0
290,2021-10-05 02:58:13,36900.0,1000.0,137100.0
291,2021-10-05 02:57:58,36900.0,200.0,136100.0
292,2021-10-05 02:57:08,36800.0,100.0,135900.0
293,2021-10-05 02:57:07,36800.0,2300.0,135800.0
294,2021-10-05 02:57:07,36850.0,500.0,133500.0
295,2021-10-05 02:57:07,36850.0,200.0,133000.0
296,2021-10-05 02:57:07,36850.0,500.0,132800.0
297,2021-10-05 02:57:07,36850.0,1900.0,132300.0
298,2021-10-05 02:57:07,36850.0,900.0,130400.0
299,2021-10-05 02:57:07,36900.0,200.0,129500.0
300,2021-10-05 02:57:07,36900.0,200.0,129300.0
301,2021-10-05 02:57:07,36900.0,1000.0,129100.0
302,2021-10-05 02:57:07,36900.0,2000.0,128100.0
303,2021-10-05 02:57:07,36900.0,300.0,126100.0
304,2021-10-05 02:57:07,36900.0,200.0,125800.0
305,2021-10-05 02:57:07,36900.0,500.0,125600.0
306,2021-10-05 02:57:07,36900.0,600.0,125100.0
307,2021-10-05 02:57:07,36900.0,300.0,124500.0
308,2021-10-05 02:57:07,36900.0,300.0,124200.0
309,2021-10-05 02:57:07,36900.0,200.0,123900.0
310,2021-10-05 02:57:07,36900.0,500.0,123700.0
311,2021-10-05 02:57:07,36900.0,200.0,123200.0
312,2021-10-05 02:57:07,36900.0,500.0,123000.0
313,2021-10-05 02:57:07,36900.0,500.0,122500.0
314,2021-10-05 02:56:46,36900.0,4500.0,122000.0
315,2021-10-05 02:56:46,36900.0,500.0,117500.0
316,2021-10-05 02:56:46,36900.0,1000.0,117000.0
317,2021-10-05 02:56:46,36900.0,3000.0,116000.0
318,2021-10-05 02:55:43,36950.0,100.0,113000.0
319,2021-10-05 02:55:36,36950.0,700.0,112900.0
320,2021-10-05 02:54:51,36950.0,400.0,112200.0
321,2021-10-05 02:54:30,36950.0,900.0,111800.0
322,2021-10-05 02:54:14,36950.0,3000.0,110900.0
323,2021-10-05 02:53:46,36950.0,1000.0,107900.0
324,2021-10-05 02:53:46,36950.0,200.0,106900.0
325,2021-10-05 02:52:12,37000.0,700.0,106700.0
326,2021-10-05 02:52:02,37000.0,1000.0,106000.0
327,2021-10-05 02:51:57,37000.0,300.0,105000.0
328,2021-10-05 02:51:57,37000.0,300.0,104700.0
329,2021-10-05 02:51:57,37000.0,400.0,104400.0
330,2021-10-05 02:51:26,37000.0,600.0,104000.0
331,2021-10-05 02:51:26,37000.0,300.0,103400.0
332,2021-10-05 02:51:26,37000.0,900.0,103100.0
333,2021-10-05 02:51:26,37000.0,1000.0,102200.0
334,2021-10-05 02:51:26,37000.0,200.0,101200.0
335,2021-10-05 02:51:26,37000.0,2000.0,101000.0
336,2021-10-05 02:50:39,37000.0,100.0,99000.0
337,2021-10-05 02:50:31,37000.0,500.0,98900.0
338,2021-10-05 02:50:31,37000.0,100.0,98400.0
339,2021-10-05 02:50:31,37000.0,400.0,98300.0
340,2021-10-05 02:50:21,37000.0,900.0,97900.0
341,2021-10-05 02:48:09,37000.0,300.0,97000.0
342,2021-10-05 02:43:36,37000.0,500.0,96700.0
343,2021-10-05 02:43:16,37000.0,300.0,96200.0
344,2021-10-05 02:43:16,37000.0,100.0,95900.0
345,2021-10-05 02:43:16,37000.0,100.0,95800.0
346,2021-10-05 02:43:16,37000.0,200.0,95700.0
347,2021-10-05 02:43:11,37000.0,4800.0,95500.0
348,2021-10-05 02:43:11,37000.0,200.0,90700.0
349,2021-10-05 02:42:59,37000.0,100.0,90500.0
350,2021-10-05 02:38:34,37000.0,300.0,90400.0
351,2021-10-05 02:38:34,37000.0,200.0,90100.0
352,2021-10-05 02:38:34,37000.0,500.0,89900.0
353,2021-10-05 02:38:24,37000.0,3500.0,89400.0
354,2021-10-05 02:37:18,37000.0,1000.0,85900.0
355,2021-10-05 02:37:18,37000.0,300.0,84900.0
356,2021-10-05 02:37:18,37000.0,1700.0,84600.0
357,2021-10-05 02:37:18,37000.0,200.0,82900.0
358,2021-10-05 02:37:18,37000.0,300.0,82700.0
359,2021-10-05 02:37:18,37000.0,1800.0,82400.0
360,2021-10-05 02:37:18,37000.0,700.0,80600.0
361,2021-10-05 02:36:10,37000.0,100.0,79900.0
362,2021-10-05 02:35:41,37000.0,200.0,79800.0
363,2021-10-05 02:35:41,37000.0,1100.0,79600.0
364,2021-10-05 02:34:33,37000.0,200.0,78500.0
365,2021-10-05 02:34:33,37050.0,700.0,78300.0
366,2021-10-05 02:34:33,37050.0,500.0,77600.0
367,2021-10-05 02:34:16,37000.0,2300.0,77100.0
368,2021-10-05 02:34:16,37050.0,2700.0,74800.0
369,2021-10-05 02:33:25,37000.0,300.0,72100.0
370,2021-10-05 02:33:25,37000.0,300.0,71800.0
371,2021-10-05 02:33:25,37000.0,200.0,71500.0
372,2021-10-05 02:33:25,37000.0,400.0,71300.0
373,2021-10-05 02:33:25,37000.0,100.0,70900.0
374,2021-10-05 02:33:25,37000.0,100.0,70800.0
375,2021-10-05 02:32:48,36900.0,500.0,70700.0
376,2021-10-05 02:32:10,36900.0,100.0,70200.0
377,2021-10-05 02:31:36,36900.0,1300.0,70100.0
378,2021-10-05 02:29:11,36900.0,400.0,68800.0
379,2021-10-05 02:28:51,36900.0,600.0,68400.0
380,2021-10-05 02:28:28,37000.0,100.0,67800.0
381,2021-10-05 02:28:28,37000.0,600.0,67700.0
382,2021-10-05 02:27:41,36900.0,1000.0,67100.0
383,2021-10-05 02:26:46,36900.0,100.0,66100.0
384,2021-10-05 02:25:56,36900.0,3000.0,66000.0
385,2021-10-05 02:24:28,36850.0,100.0,63000.0
386,2021-10-05 02:22:17,37000.0,200.0,62900.0
387,2021-10-05 02:22:15,37000.0,100.0,62700.0
388,2021-10-05 02:22:03,37000.0,100.0,62600.0
389,2021-10-05 02:21:38,36800.0,100.0,62500.0
390,2021-10-05 02:21:38,36850.0,200.0,62400.0
391,2021-10-05 02:21:38,36850.0,1200.0,62200.0
392,2021-10-05 02:21:38,36900.0,100.0,61000.0
393,2021-10-05 02:21:29,36900.0,900.0,60900.0
394,2021-10-05 02:21:03,36900.0,100.0,60000.0
395,2021-10-05 02:20:40,36900.0,1000.0,59900.0
396,2021-10-05 02:20:40,36900.0,1000.0,58900.0
397,2021-10-05 02:20:35,36900.0,400.0,57900.0
398,2021-10-05 02:20:16,36850.0,800.0,57500.0
399,2021-10-05 02:20:14,36850.0,100.0,56700.0
400,2021-10-05 02:20:06,36850.0,100.0,56600.0
401,2021-10-05 02:20:06,36850.0,500.0,56500.0
402,2021-10-05 02:20:02,36850.0,100.0,56000.0
403,2021-10-05 02:19:27,36850.0,1400.0,55900.0
404,2021-10-05 02:19:14,36850.0,1900.0,54500.0
405,2021-10-05 02:18:58,36850.0,100.0,52600.0
406,2021-10-05 02:18:49,36850.0,200.0,52500.0
407,2021-10-05 02:18:49,36850.0,500.0,52300.0
408,2021-10-05 02:18:49,36850.0,200.0,51800.0
409,2021-10-05 02:18:49,36850.0,1600.0,51600.0
410,2021-10-05 02:18:49,36900.0,300.0,50000.0
411,2021-10-05 02:17:45,36850.0,200.0,49700.0
412,2021-10-05 02:17:33,36850.0,2000.0,49500.0
413,2021-10-05 02:17:30,36850.0,100.0,47500.0
414,2021-10-05 02:17:10,36800.0,200.0,47400.0
415,2021-10-05 02:17:10,37000.0,2500.0,47200.0
416,2021-10-05 02:17:10,37100.0,3100.0,44700.0
417,2021-10-05 02:17:10,37200.0,3300.0,41600.0
418,2021-10-05 02:17:04,37300.0,400.0,38300.0
419,2021-10-05 02:15:45,37300.0,100.0,37900.0
420,2021-10-05 02:15:45,37300.0,100.0,37800.0
421,2021-10-05 02:15:45,37300.0,1200.0,37700.0
422,2021-10-05 02:15:40,37400.0,1000.0,36500.0
423,2021-10-05 02:15:00,37400.0,30000.0,35500.0
424,2021-10-05 02:15:00,37400.0,100.0,5500.0
425,2021-10-05 02:15:00,37400.0,100.0,5400.0
426,2021-10-05 02:15:00,37400.0,100.0,5300.0
427,2021-10-05 02:15:00,37400.0,100.0,5200.0
428,2021-10-05 02:15:00,37400.0,100.0,5100.0
429,2021-10-05 02:15:00,37400.0,800.0,5000.0
430,2021-10-05 02:15:00,37400.0,2100.0,4200.0
431,2021-10-05 02:15:00,37400.0,400.0,2100.0
432,2021-10-05 02:15:00,37400.0,1000.0,1700.0
433,2021-10-05 02:15:00,37400.0,300.0,700.0
434,2021-10-05 02:15:00,37400.0,100.0,400.0
435,2021-10-05 02:15:00,37400.0,100.0,300.0
436,2021-10-05 02:15:00,37400.0,100.0,200.0
437,2021-10-05 02:15:00,37400.0,100.0,100.0
