,Time,Price,Volume_per_trade,Volume
0,2021-10-08 07:45:00,39400.0,1000.0,555600.0
1,2021-10-08 07:45:00,39400.0,200.0,554600.0
2,2021-10-08 07:45:00,39400.0,200.0,554400.0
3,2021-10-08 07:45:00,39400.0,400.0,554200.0
4,2021-10-08 07:45:00,39400.0,500.0,553800.0
5,2021-10-08 07:45:00,39400.0,100.0,553300.0
6,2021-10-08 07:45:00,39400.0,1600.0,553200.0
7,2021-10-08 07:45:00,39400.0,300.0,551600.0
8,2021-10-08 07:45:00,39400.0,100.0,551300.0
9,2021-10-08 07:45:00,39400.0,100.0,551200.0
10,2021-10-08 07:45:00,39400.0,100.0,551100.0
11,2021-10-08 07:45:00,39400.0,1400.0,551000.0
12,2021-10-08 07:45:00,39400.0,100.0,549600.0
13,2021-10-08 07:45:00,39400.0,100.0,549500.0
14,2021-10-08 07:45:00,39400.0,3400.0,549400.0
15,2021-10-08 07:45:00,39400.0,200.0,546000.0
16,2021-10-08 07:45:00,39400.0,1700.0,545800.0
17,2021-10-08 07:45:00,39400.0,1000.0,544100.0
18,2021-10-08 07:45:00,39400.0,700.0,543100.0
19,2021-10-08 07:45:00,39400.0,300.0,542400.0
20,2021-10-08 07:45:00,39400.0,1000.0,542100.0
21,2021-10-08 07:45:00,39400.0,1000.0,541100.0
22,2021-10-08 07:45:00,39400.0,100.0,540100.0
23,2021-10-08 07:45:00,39400.0,100.0,540000.0
24,2021-10-08 07:45:00,39400.0,1300.0,539900.0
25,2021-10-08 07:45:00,39400.0,500.0,538600.0
26,2021-10-08 07:45:00,39400.0,100.0,538100.0
27,2021-10-08 07:29:34,39550.0,100.0,538000.0
28,2021-10-08 07:29:34,39550.0,100.0,537900.0
29,2021-10-08 07:29:23,39550.0,100.0,537800.0
30,2021-10-08 07:28:50,39550.0,100.0,537700.0
31,2021-10-08 07:28:50,39550.0,100.0,537600.0
32,2021-10-08 07:28:18,39550.0,100.0,537500.0
33,2021-10-08 07:27:59,39550.0,200.0,537400.0
34,2021-10-08 07:27:26,39550.0,100.0,537200.0
35,2021-10-08 07:26:54,39550.0,100.0,537100.0
36,2021-10-08 07:25:08,39550.0,300.0,537000.0
37,2021-10-08 07:25:08,39550.0,100.0,536700.0
38,2021-10-08 07:25:01,39550.0,1000.0,536600.0
39,2021-10-08 07:24:10,39550.0,500.0,535600.0
40,2021-10-08 07:23:35,39550.0,200.0,535100.0
41,2021-10-08 07:23:20,39550.0,300.0,534900.0
42,2021-10-08 07:23:12,39600.0,1600.0,534600.0
43,2021-10-08 07:21:40,39550.0,200.0,533000.0
44,2021-10-08 07:20:38,39550.0,300.0,532800.0
45,2021-10-08 07:20:38,39550.0,500.0,532500.0
46,2021-10-08 07:20:23,39600.0,300.0,532000.0
47,2021-10-08 07:20:11,39600.0,300.0,531700.0
48,2021-10-08 07:19:58,39600.0,100.0,531400.0
49,2021-10-08 07:19:50,39600.0,600.0,531300.0
50,2021-10-08 07:19:41,39600.0,5000.0,530700.0
51,2021-10-08 07:19:39,39600.0,1300.0,525700.0
52,2021-10-08 07:19:36,39600.0,100.0,524400.0
53,2021-10-08 07:19:29,39600.0,1000.0,524300.0
54,2021-10-08 07:18:51,39600.0,500.0,523300.0
55,2021-10-08 07:18:45,39600.0,2700.0,522800.0
56,2021-10-08 07:18:15,39600.0,200.0,520100.0
57,2021-10-08 07:15:58,39600.0,9800.0,519900.0
58,2021-10-08 07:15:58,39500.0,200.0,510100.0
59,2021-10-08 07:15:02,39500.0,100.0,509900.0
60,2021-10-08 07:14:45,39400.0,1000.0,509800.0
61,2021-10-08 07:12:05,39400.0,1500.0,508800.0
62,2021-10-08 07:11:17,39400.0,200.0,507300.0
63,2021-10-08 07:10:36,39400.0,4500.0,507100.0
64,2021-10-08 07:10:36,39400.0,800.0,502600.0
65,2021-10-08 07:10:36,39450.0,100.0,501800.0
66,2021-10-08 07:10:36,39450.0,300.0,501700.0
67,2021-10-08 07:10:36,39500.0,100.0,501400.0
68,2021-10-08 07:10:36,39500.0,1000.0,501300.0
69,2021-10-08 07:10:36,39500.0,1100.0,500300.0
70,2021-10-08 07:10:36,39550.0,100.0,499200.0
71,2021-10-08 07:10:36,39550.0,1000.0,499100.0
72,2021-10-08 07:10:36,39550.0,700.0,498100.0
73,2021-10-08 07:10:36,39550.0,300.0,497400.0
74,2021-10-08 07:09:01,39550.0,400.0,497100.0
75,2021-10-08 07:07:45,39550.0,100.0,496700.0
76,2021-10-08 07:07:45,39550.0,500.0,496600.0
77,2021-10-08 07:07:14,39550.0,500.0,496100.0
78,2021-10-08 07:05:13,39600.0,3000.0,495600.0
79,2021-10-08 07:05:13,39600.0,100.0,492600.0
80,2021-10-08 07:05:13,39600.0,200.0,492500.0
81,2021-10-08 07:05:13,39700.0,400.0,492300.0
82,2021-10-08 07:05:05,39700.0,300.0,491900.0
83,2021-10-08 07:05:05,39700.0,100.0,491600.0
84,2021-10-08 07:03:24,39800.0,200.0,491500.0
85,2021-10-08 07:03:24,39800.0,100.0,491300.0
86,2021-10-08 07:03:24,39800.0,700.0,491200.0
87,2021-10-08 07:02:49,39800.0,100.0,490500.0
88,2021-10-08 07:02:30,39800.0,1000.0,490400.0
89,2021-10-08 07:01:01,39800.0,100.0,489400.0
90,2021-10-08 07:01:01,39800.0,100.0,489300.0
91,2021-10-08 07:00:59,39800.0,100.0,489200.0
92,2021-10-08 07:00:59,39800.0,100.0,489100.0
93,2021-10-08 07:00:59,39800.0,100.0,489000.0
94,2021-10-08 07:00:59,39800.0,900.0,488900.0
95,2021-10-08 07:00:39,39800.0,1000.0,488000.0
96,2021-10-08 07:00:26,39800.0,200.0,487000.0
97,2021-10-08 07:00:26,39800.0,100.0,486800.0
98,2021-10-08 07:00:21,39850.0,900.0,486700.0
99,2021-10-08 06:59:30,39850.0,100.0,485800.0
100,2021-10-08 06:58:42,39800.0,600.0,485700.0
101,2021-10-08 06:58:42,39800.0,400.0,485100.0
102,2021-10-08 06:58:12,39850.0,200.0,484700.0
103,2021-10-08 06:52:12,39800.0,200.0,484500.0
104,2021-10-08 06:52:11,39800.0,100.0,484300.0
105,2021-10-08 06:52:03,39750.0,800.0,484200.0
106,2021-10-08 06:52:03,39750.0,300.0,483400.0
107,2021-10-08 06:52:03,39750.0,700.0,483100.0
108,2021-10-08 06:52:03,39700.0,100.0,482400.0
109,2021-10-08 06:52:03,39700.0,400.0,482300.0
110,2021-10-08 06:51:49,39700.0,500.0,481900.0
111,2021-10-08 06:51:44,39700.0,100.0,481400.0
112,2021-10-08 06:49:31,39700.0,600.0,481300.0
113,2021-10-08 06:49:31,39700.0,400.0,480700.0
114,2021-10-08 06:49:09,39700.0,400.0,480300.0
115,2021-10-08 06:49:09,39700.0,400.0,479900.0
116,2021-10-08 06:49:09,39700.0,200.0,479500.0
117,2021-10-08 06:48:30,39700.0,500.0,479300.0
118,2021-10-08 06:47:40,39750.0,1300.0,478800.0
119,2021-10-08 06:47:40,39750.0,6700.0,477500.0
120,2021-10-08 06:47:01,39700.0,500.0,470800.0
121,2021-10-08 06:46:14,39700.0,300.0,470300.0
122,2021-10-08 06:46:14,39700.0,200.0,470000.0
123,2021-10-08 06:45:42,39700.0,300.0,469800.0
124,2021-10-08 06:45:33,39750.0,3000.0,469500.0
125,2021-10-08 06:44:54,39700.0,500.0,466500.0
126,2021-10-08 06:44:26,39700.0,1000.0,466000.0
127,2021-10-08 06:44:26,39700.0,400.0,465000.0
128,2021-10-08 06:44:26,39700.0,600.0,464600.0
129,2021-10-08 06:44:19,39700.0,4000.0,464000.0
130,2021-10-08 06:44:07,39700.0,1300.0,460000.0
131,2021-10-08 06:44:07,39600.0,400.0,458700.0
132,2021-10-08 06:44:07,39600.0,1000.0,458300.0
133,2021-10-08 06:44:07,39600.0,1300.0,457300.0
134,2021-10-08 06:42:27,39600.0,100.0,456000.0
135,2021-10-08 06:41:54,39600.0,1400.0,455900.0
136,2021-10-08 06:41:54,39600.0,100.0,454500.0
137,2021-10-08 06:41:54,39600.0,100.0,454400.0
138,2021-10-08 06:41:54,39600.0,200.0,454300.0
139,2021-10-08 06:41:54,39600.0,500.0,454100.0
140,2021-10-08 06:41:01,39700.0,500.0,453600.0
141,2021-10-08 06:40:54,39700.0,100.0,453100.0
142,2021-10-08 06:40:54,39700.0,900.0,453000.0
143,2021-10-08 06:39:39,39600.0,300.0,452100.0
144,2021-10-08 06:38:20,39600.0,3000.0,451800.0
145,2021-10-08 06:37:53,39600.0,100.0,448800.0
146,2021-10-08 06:37:53,39600.0,1000.0,448700.0
147,2021-10-08 06:34:05,39600.0,200.0,447700.0
148,2021-10-08 06:32:16,39600.0,300.0,447500.0
149,2021-10-08 06:31:41,39600.0,500.0,447200.0
150,2021-10-08 06:31:41,39600.0,1500.0,446700.0
151,2021-10-08 06:31:39,39700.0,1000.0,445200.0
152,2021-10-08 06:30:59,39700.0,600.0,444200.0
153,2021-10-08 06:30:59,39700.0,2500.0,443600.0
154,2021-10-08 06:30:48,39700.0,300.0,441100.0
155,2021-10-08 06:29:26,39700.0,2600.0,440800.0
156,2021-10-08 06:28:38,39700.0,300.0,438200.0
157,2021-10-08 06:28:26,39700.0,400.0,437900.0
158,2021-10-08 06:28:25,39600.0,500.0,437500.0
159,2021-10-08 06:28:25,39600.0,200.0,437000.0
160,2021-10-08 06:28:25,39600.0,200.0,436800.0
161,2021-10-08 06:28:25,39600.0,100.0,436600.0
162,2021-10-08 06:28:25,39600.0,200.0,436500.0
163,2021-10-08 06:27:45,39700.0,200.0,436300.0
164,2021-10-08 06:27:35,39700.0,200.0,436100.0
165,2021-10-08 06:26:59,39700.0,1000.0,435900.0
166,2021-10-08 06:24:48,39750.0,100.0,434900.0
167,2021-10-08 06:24:31,39750.0,1000.0,434800.0
168,2021-10-08 06:24:06,39750.0,7200.0,433800.0
169,2021-10-08 06:24:06,39700.0,500.0,426600.0
170,2021-10-08 06:24:06,39700.0,300.0,426100.0
171,2021-10-08 06:24:06,39600.0,100.0,425800.0
172,2021-10-08 06:24:06,39600.0,1000.0,425700.0
173,2021-10-08 06:24:06,39600.0,200.0,424700.0
174,2021-10-08 06:24:06,39600.0,700.0,424500.0
175,2021-10-08 06:23:21,39600.0,100.0,423800.0
176,2021-10-08 06:23:18,39600.0,100.0,423700.0
177,2021-10-08 06:23:15,39600.0,2300.0,423600.0
178,2021-10-08 06:23:15,39600.0,200.0,421300.0
179,2021-10-08 06:23:15,39600.0,100.0,421100.0
180,2021-10-08 06:23:15,39600.0,800.0,421000.0
181,2021-10-08 06:23:13,39600.0,100.0,420200.0
182,2021-10-08 06:22:26,39600.0,2000.0,420100.0
183,2021-10-08 06:20:50,39500.0,2900.0,418100.0
184,2021-10-08 06:20:50,39500.0,1100.0,415200.0
185,2021-10-08 06:20:50,39500.0,1000.0,414100.0
186,2021-10-08 06:20:33,39600.0,500.0,413100.0
187,2021-10-08 06:18:52,39500.0,200.0,412600.0
188,2021-10-08 06:18:44,39500.0,800.0,412400.0
189,2021-10-08 06:18:44,39500.0,3200.0,411600.0
190,2021-10-08 06:16:30,39500.0,200.0,408400.0
191,2021-10-08 06:16:30,39500.0,100.0,408200.0
192,2021-10-08 06:16:30,39500.0,1000.0,408100.0
193,2021-10-08 06:16:30,39500.0,1500.0,407100.0
194,2021-10-08 06:14:49,39500.0,600.0,405600.0
195,2021-10-08 06:14:49,39500.0,1000.0,405000.0
196,2021-10-08 06:14:49,39500.0,700.0,404000.0
197,2021-10-08 06:14:39,39500.0,500.0,403300.0
198,2021-10-08 06:14:39,39500.0,300.0,402800.0
199,2021-10-08 06:14:39,39500.0,200.0,402500.0
200,2021-10-08 06:14:23,39500.0,200.0,402300.0
201,2021-10-08 06:13:32,39500.0,500.0,402100.0
202,2021-10-08 06:05:57,39400.0,200.0,401600.0
203,2021-10-08 06:05:36,39400.0,200.0,401400.0
204,2021-10-08 06:05:36,39400.0,500.0,401200.0
205,2021-10-08 06:04:50,39400.0,400.0,400700.0
206,2021-10-08 06:04:21,39400.0,1400.0,400300.0
207,2021-10-08 06:04:21,39400.0,100.0,398900.0
208,2021-10-08 06:02:01,39400.0,200.0,398800.0
209,2021-10-08 06:00:23,39400.0,400.0,398600.0
210,2021-10-08 06:00:23,39400.0,1100.0,398200.0
211,2021-10-08 06:00:07,39400.0,800.0,397100.0
212,2021-10-08 06:00:07,39400.0,200.0,396300.0
213,2021-10-08 06:00:00,39400.0,100.0,396100.0
214,2021-10-08 06:00:00,39400.0,100.0,396000.0
215,2021-10-08 06:00:00,39400.0,100.0,395900.0
216,2021-10-08 04:29:11,39400.0,2900.0,395800.0
217,2021-10-08 04:29:11,39350.0,100.0,392900.0
218,2021-10-08 04:28:50,39300.0,4000.0,392800.0
219,2021-10-08 04:28:45,39300.0,900.0,388800.0
220,2021-10-08 04:28:45,39300.0,200.0,387900.0
221,2021-10-08 04:28:37,39300.0,2800.0,387700.0
222,2021-10-08 04:28:37,39300.0,1200.0,384900.0
223,2021-10-08 04:28:26,39350.0,2200.0,383700.0
224,2021-10-08 04:26:07,39400.0,500.0,381500.0
225,2021-10-08 04:26:05,39400.0,1100.0,381000.0
226,2021-10-08 04:26:05,39400.0,900.0,379900.0
227,2021-10-08 04:23:07,39400.0,100.0,379000.0
228,2021-10-08 04:23:07,39400.0,1500.0,378900.0
229,2021-10-08 04:22:36,39400.0,100.0,377400.0
230,2021-10-08 04:21:39,39400.0,300.0,377300.0
231,2021-10-08 04:20:10,39400.0,1000.0,377000.0
232,2021-10-08 04:20:10,39400.0,700.0,376000.0
233,2021-10-08 04:19:35,39400.0,3000.0,375300.0
234,2021-10-08 04:19:09,39400.0,500.0,372300.0
235,2021-10-08 04:19:09,39400.0,100.0,371800.0
236,2021-10-08 04:19:09,39400.0,100.0,371700.0
237,2021-10-08 04:19:09,39400.0,600.0,371600.0
238,2021-10-08 04:14:31,39500.0,1000.0,371000.0
239,2021-10-08 04:14:25,39500.0,100.0,370000.0
240,2021-10-08 04:13:58,39500.0,1000.0,369900.0
241,2021-10-08 04:13:08,39500.0,100.0,368900.0
242,2021-10-08 04:13:01,39500.0,400.0,368800.0
243,2021-10-08 04:13:01,39500.0,300.0,368400.0
244,2021-10-08 04:12:00,39600.0,100.0,368100.0
245,2021-10-08 04:11:40,39600.0,100.0,368000.0
246,2021-10-08 04:11:33,39600.0,1400.0,367900.0
247,2021-10-08 04:11:33,39600.0,1500.0,366500.0
248,2021-10-08 04:11:33,39600.0,1000.0,365000.0
249,2021-10-08 04:11:33,39600.0,300.0,364000.0
250,2021-10-08 04:11:23,39600.0,1000.0,363700.0
251,2021-10-08 04:10:58,39600.0,400.0,362700.0
252,2021-10-08 04:10:45,39600.0,200.0,362300.0
253,2021-10-08 04:10:16,39600.0,400.0,362100.0
254,2021-10-08 04:10:13,39600.0,1000.0,361700.0
255,2021-10-08 04:10:08,39400.0,2000.0,360700.0
256,2021-10-08 04:10:08,39500.0,2000.0,358700.0
257,2021-10-08 04:10:02,39500.0,1000.0,356700.0
258,2021-10-08 04:10:02,39500.0,500.0,355700.0
259,2021-10-08 04:10:02,39500.0,500.0,355200.0
260,2021-10-08 04:10:02,39500.0,200.0,354700.0
261,2021-10-08 04:10:02,39500.0,300.0,354500.0
262,2021-10-08 04:10:02,39500.0,100.0,354200.0
263,2021-10-08 04:10:02,39500.0,1400.0,354100.0
264,2021-10-08 04:09:58,39500.0,3600.0,352700.0
265,2021-10-08 04:09:58,39500.0,500.0,349100.0
266,2021-10-08 04:09:58,39500.0,100.0,348600.0
267,2021-10-08 04:09:58,39500.0,1000.0,348500.0
268,2021-10-08 04:09:58,39500.0,500.0,347500.0
269,2021-10-08 04:09:58,39500.0,200.0,347000.0
270,2021-10-08 04:09:58,39500.0,1100.0,346800.0
271,2021-10-08 04:09:41,39500.0,100.0,345700.0
272,2021-10-08 04:09:24,39500.0,500.0,345600.0
273,2021-10-08 04:08:49,39500.0,800.0,345100.0
274,2021-10-08 04:08:47,39500.0,1000.0,344300.0
275,2021-10-08 04:08:46,39500.0,5000.0,343300.0
276,2021-10-08 04:08:38,39500.0,1900.0,338300.0
277,2021-10-08 04:08:38,39500.0,6100.0,336400.0
278,2021-10-08 04:08:20,39500.0,5500.0,330300.0
279,2021-10-08 04:08:20,39500.0,4500.0,324800.0
280,2021-10-08 04:07:24,39400.0,100.0,320300.0
281,2021-10-08 04:07:24,39400.0,300.0,320200.0
282,2021-10-08 04:07:24,39400.0,2000.0,319900.0
283,2021-10-08 04:06:31,39300.0,100.0,317900.0
284,2021-10-08 04:06:31,39300.0,200.0,317800.0
285,2021-10-08 04:06:31,39300.0,100.0,317600.0
286,2021-10-08 04:06:31,39300.0,200.0,317500.0
287,2021-10-08 04:06:31,39300.0,2000.0,317300.0
288,2021-10-08 04:06:31,39300.0,5000.0,315300.0
289,2021-10-08 04:06:31,39300.0,200.0,310300.0
290,2021-10-08 04:06:31,39300.0,500.0,310100.0
291,2021-10-08 04:06:31,39300.0,4200.0,309600.0
292,2021-10-08 04:06:31,39250.0,100.0,305400.0
293,2021-10-08 04:06:31,39250.0,500.0,305300.0
294,2021-10-08 04:06:31,39250.0,300.0,304800.0
295,2021-10-08 04:06:31,39250.0,1400.0,304500.0
296,2021-10-08 04:06:19,39250.0,100.0,303100.0
297,2021-10-08 04:06:07,39250.0,100.0,303000.0
298,2021-10-08 04:05:58,39250.0,300.0,302900.0
299,2021-10-08 04:05:57,39250.0,100.0,302600.0
300,2021-10-08 04:05:57,39250.0,1900.0,302500.0
301,2021-10-08 04:05:49,39250.0,200.0,300600.0
302,2021-10-08 04:05:40,39250.0,400.0,300400.0
303,2021-10-08 04:05:33,39250.0,200.0,300000.0
304,2021-10-08 04:05:30,39250.0,400.0,299800.0
305,2021-10-08 04:03:21,39250.0,500.0,299400.0
306,2021-10-08 04:01:21,39250.0,800.0,298900.0
307,2021-10-08 03:59:52,39250.0,100.0,298100.0
308,2021-10-08 03:59:18,39200.0,3500.0,298000.0
309,2021-10-08 03:58:42,39200.0,1500.0,294500.0
310,2021-10-08 03:53:35,39250.0,500.0,293000.0
311,2021-10-08 03:53:35,39200.0,300.0,292500.0
312,2021-10-08 03:52:27,39200.0,100.0,292200.0
313,2021-10-08 03:52:22,39200.0,200.0,292100.0
314,2021-10-08 03:52:09,39200.0,300.0,291900.0
315,2021-10-08 03:52:00,39200.0,100.0,291600.0
316,2021-10-08 03:52:00,39200.0,100.0,291500.0
317,2021-10-08 03:52:00,39200.0,400.0,291400.0
318,2021-10-08 03:51:54,39200.0,1600.0,291000.0
319,2021-10-08 03:51:54,39200.0,500.0,289400.0
320,2021-10-08 03:51:54,39200.0,1900.0,288900.0
321,2021-10-08 03:51:52,39200.0,100.0,287000.0
322,2021-10-08 03:51:38,39200.0,100.0,286900.0
323,2021-10-08 03:51:26,39200.0,200.0,286800.0
324,2021-10-08 03:51:17,39200.0,200.0,286600.0
325,2021-10-08 03:51:09,39200.0,300.0,286400.0
326,2021-10-08 03:51:01,39200.0,100.0,286100.0
327,2021-10-08 03:50:39,39150.0,600.0,286000.0
328,2021-10-08 03:50:33,39200.0,200.0,285400.0
329,2021-10-08 03:50:16,39150.0,700.0,285200.0
330,2021-10-08 03:50:16,39150.0,200.0,284500.0
331,2021-10-08 03:50:16,39150.0,1000.0,284300.0
332,2021-10-08 03:50:16,39150.0,2300.0,283300.0
333,2021-10-08 03:50:15,39150.0,1400.0,281000.0
334,2021-10-08 03:50:03,39150.0,100.0,279600.0
335,2021-10-08 03:49:54,39100.0,100.0,279500.0
336,2021-10-08 03:49:51,39100.0,200.0,279400.0
337,2021-10-08 03:41:46,39000.0,4800.0,279200.0
338,2021-10-08 03:41:46,39000.0,1000.0,274400.0
339,2021-10-08 03:41:46,39000.0,2000.0,273400.0
340,2021-10-08 03:41:46,39000.0,100.0,271400.0
341,2021-10-08 03:41:46,39000.0,800.0,271300.0
342,2021-10-08 03:41:46,39000.0,300.0,270500.0
343,2021-10-08 03:41:46,39100.0,100.0,270200.0
344,2021-10-08 03:41:46,39100.0,500.0,270100.0
345,2021-10-08 03:41:46,39100.0,400.0,269600.0
346,2021-10-08 03:41:02,39150.0,300.0,269200.0
347,2021-10-08 03:40:19,39150.0,900.0,268900.0
348,2021-10-08 03:35:46,39100.0,100.0,268000.0
349,2021-10-08 03:34:36,39000.0,200.0,267900.0
350,2021-10-08 03:34:24,39200.0,1900.0,267700.0
351,2021-10-08 03:34:24,39200.0,100.0,265800.0
352,2021-10-08 03:33:21,39200.0,200.0,265700.0
353,2021-10-08 03:32:49,39000.0,1700.0,265500.0
354,2021-10-08 03:32:49,39000.0,200.0,263800.0
355,2021-10-08 03:32:49,39000.0,500.0,263600.0
356,2021-10-08 03:32:49,39000.0,2600.0,263100.0
357,2021-10-08 03:32:49,39000.0,200.0,260500.0
358,2021-10-08 03:32:49,39000.0,400.0,260300.0
359,2021-10-08 03:32:49,39000.0,500.0,259900.0
360,2021-10-08 03:32:49,39000.0,400.0,259400.0
361,2021-10-08 03:32:49,39050.0,1000.0,259000.0
362,2021-10-08 03:32:49,39100.0,500.0,258000.0
363,2021-10-08 03:32:43,39100.0,300.0,257500.0
364,2021-10-08 03:32:11,39100.0,1000.0,257200.0
365,2021-10-08 03:32:11,39100.0,1500.0,256200.0
366,2021-10-08 03:32:11,39100.0,500.0,254700.0
367,2021-10-08 03:32:11,39100.0,200.0,254200.0
368,2021-10-08 03:31:32,39000.0,200.0,254000.0
369,2021-10-08 03:30:11,39100.0,200.0,253800.0
370,2021-10-08 03:30:10,39100.0,100.0,253600.0
371,2021-10-08 03:29:34,39100.0,400.0,253500.0
372,2021-10-08 03:29:18,39100.0,500.0,253100.0
373,2021-10-08 03:28:31,39100.0,100.0,252600.0
374,2021-10-08 03:28:18,39100.0,200.0,252500.0
375,2021-10-08 03:26:30,39100.0,200.0,252300.0
376,2021-10-08 03:26:30,39100.0,500.0,252100.0
377,2021-10-08 03:26:30,39100.0,300.0,251600.0
378,2021-10-08 03:25:56,39100.0,1000.0,251300.0
379,2021-10-08 03:25:56,39100.0,200.0,250300.0
380,2021-10-08 03:25:01,39100.0,3000.0,250100.0
381,2021-10-08 03:23:04,39100.0,1800.0,247100.0
382,2021-10-08 03:21:51,39200.0,500.0,245300.0
383,2021-10-08 03:21:43,39200.0,200.0,244800.0
384,2021-10-08 03:21:12,39200.0,300.0,244600.0
385,2021-10-08 03:21:12,39200.0,500.0,244300.0
386,2021-10-08 03:19:04,39100.0,300.0,243800.0
387,2021-10-08 03:19:04,39100.0,300.0,243500.0
388,2021-10-08 03:19:04,39100.0,100.0,243200.0
389,2021-10-08 03:19:04,39100.0,1500.0,243100.0
390,2021-10-08 03:18:55,39100.0,500.0,241600.0
391,2021-10-08 03:18:55,39100.0,2000.0,241100.0
392,2021-10-08 03:18:55,39100.0,600.0,239100.0
393,2021-10-08 03:18:55,39100.0,900.0,238500.0
394,2021-10-08 03:18:38,39000.0,1000.0,237600.0
395,2021-10-08 03:16:49,39000.0,5000.0,236600.0
396,2021-10-08 03:15:46,39000.0,2000.0,231600.0
397,2021-10-08 03:15:46,39000.0,800.0,229600.0
398,2021-10-08 03:15:46,39000.0,300.0,228800.0
399,2021-10-08 03:15:46,39000.0,2900.0,228500.0
400,2021-10-08 03:14:46,39000.0,500.0,225600.0
401,2021-10-08 03:14:46,39000.0,100.0,225100.0
402,2021-10-08 03:14:46,39000.0,100.0,225000.0
403,2021-10-08 03:14:46,39000.0,1400.0,224900.0
404,2021-10-08 03:11:20,39000.0,5000.0,223500.0
405,2021-10-08 03:10:13,39100.0,700.0,218500.0
406,2021-10-08 03:09:59,39100.0,100.0,217800.0
407,2021-10-08 03:09:55,39100.0,300.0,217700.0
408,2021-10-08 03:09:55,39100.0,100.0,217400.0
409,2021-10-08 03:09:33,39100.0,100.0,217300.0
410,2021-10-08 03:08:57,39000.0,400.0,217200.0
411,2021-10-08 03:08:57,39000.0,2100.0,216800.0
412,2021-10-08 03:08:57,39000.0,100.0,214700.0
413,2021-10-08 03:07:49,39000.0,900.0,214600.0
414,2021-10-08 03:07:45,39000.0,100.0,213700.0
415,2021-10-08 03:07:45,39000.0,900.0,213600.0
416,2021-10-08 03:06:37,39000.0,100.0,212700.0
417,2021-10-08 03:06:30,39000.0,900.0,212600.0
418,2021-10-08 03:04:22,39000.0,100.0,211700.0
419,2021-10-08 03:04:22,39000.0,2000.0,211600.0
420,2021-10-08 03:04:22,39000.0,200.0,209600.0
421,2021-10-08 03:04:22,39000.0,100.0,209400.0
422,2021-10-08 03:04:22,39000.0,700.0,209300.0
423,2021-10-08 03:04:22,39000.0,500.0,208600.0
424,2021-10-08 03:04:22,39000.0,400.0,208100.0
425,2021-10-08 03:03:42,39100.0,300.0,207700.0
426,2021-10-08 03:03:23,39100.0,1300.0,207400.0
427,2021-10-08 03:03:23,39100.0,600.0,206100.0
428,2021-10-08 03:03:23,39100.0,100.0,205500.0
429,2021-10-08 03:03:23,39100.0,3000.0,205400.0
430,2021-10-08 03:01:04,39100.0,3400.0,202400.0
431,2021-10-08 03:01:04,39100.0,100.0,199000.0
432,2021-10-08 03:01:04,39100.0,1500.0,198900.0
433,2021-10-08 02:58:53,39100.0,2000.0,197400.0
434,2021-10-08 02:58:53,39100.0,3500.0,195400.0
435,2021-10-08 02:57:35,39100.0,1000.0,191900.0
436,2021-10-08 02:56:16,39100.0,400.0,190900.0
437,2021-10-08 02:55:31,39100.0,100.0,190500.0
438,2021-10-08 02:55:22,39100.0,2000.0,190400.0
439,2021-10-08 02:54:59,39100.0,100.0,188400.0
440,2021-10-08 02:54:37,39100.0,100.0,188300.0
441,2021-10-08 02:54:30,39000.0,100.0,188200.0
442,2021-10-08 02:54:20,39100.0,900.0,188100.0
443,2021-10-08 02:54:20,39100.0,100.0,187200.0
444,2021-10-08 02:53:29,39100.0,400.0,187100.0
445,2021-10-08 02:53:29,39100.0,100.0,186700.0
446,2021-10-08 02:53:29,39100.0,500.0,186600.0
447,2021-10-08 02:53:18,39100.0,400.0,186100.0
448,2021-10-08 02:53:10,39100.0,200.0,185700.0
449,2021-10-08 02:53:05,39100.0,100.0,185500.0
450,2021-10-08 02:53:01,39100.0,100.0,185400.0
451,2021-10-08 02:52:51,39100.0,200.0,185300.0
452,2021-10-08 02:52:51,39100.0,800.0,185100.0
453,2021-10-08 02:52:32,39100.0,1000.0,184300.0
454,2021-10-08 02:52:19,39000.0,200.0,183300.0
455,2021-10-08 02:52:07,39100.0,1200.0,183100.0
456,2021-10-08 02:50:57,39000.0,300.0,181900.0
457,2021-10-08 02:50:57,39000.0,700.0,181600.0
458,2021-10-08 02:50:43,39000.0,300.0,180900.0
459,2021-10-08 02:50:15,39000.0,500.0,180600.0
460,2021-10-08 02:49:57,39000.0,700.0,180100.0
461,2021-10-08 02:49:17,39000.0,100.0,179400.0
462,2021-10-08 02:49:17,39000.0,100.0,179300.0
463,2021-10-08 02:49:17,39000.0,300.0,179200.0
464,2021-10-08 02:48:26,39000.0,700.0,178900.0
465,2021-10-08 02:48:20,39000.0,400.0,178200.0
466,2021-10-08 02:47:19,39000.0,200.0,177800.0
467,2021-10-08 02:47:19,39000.0,200.0,177600.0
468,2021-10-08 02:47:13,39100.0,100.0,177400.0
469,2021-10-08 02:46:48,39100.0,1000.0,177300.0
470,2021-10-08 02:46:36,39000.0,1000.0,176300.0
471,2021-10-08 02:46:15,39000.0,500.0,175300.0
472,2021-10-08 02:45:46,39000.0,2000.0,174800.0
473,2021-10-08 02:45:46,39000.0,500.0,172800.0
474,2021-10-08 02:45:34,39000.0,1000.0,172300.0
475,2021-10-08 02:45:19,39000.0,200.0,171300.0
476,2021-10-08 02:44:59,39000.0,300.0,171100.0
477,2021-10-08 02:44:59,39000.0,300.0,170800.0
478,2021-10-08 02:44:35,39000.0,100.0,170500.0
479,2021-10-08 02:43:45,39000.0,400.0,170400.0
480,2021-10-08 02:42:45,39000.0,1200.0,170000.0
481,2021-10-08 02:42:45,39000.0,100.0,168800.0
482,2021-10-08 02:42:26,39000.0,900.0,168700.0
483,2021-10-08 02:42:26,39000.0,100.0,167800.0
484,2021-10-08 02:42:10,39000.0,400.0,167700.0
485,2021-10-08 02:42:10,39000.0,100.0,167300.0
486,2021-10-08 02:42:10,39000.0,500.0,167200.0
487,2021-10-08 02:42:09,38950.0,1000.0,166700.0
488,2021-10-08 02:39:36,38900.0,600.0,165700.0
489,2021-10-08 02:39:35,38900.0,1000.0,165100.0
490,2021-10-08 02:39:21,38900.0,300.0,164100.0
491,2021-10-08 02:39:21,38900.0,100.0,163800.0
492,2021-10-08 02:39:18,39000.0,100.0,163700.0
493,2021-10-08 02:39:13,39000.0,400.0,163600.0
494,2021-10-08 02:39:13,39000.0,2000.0,163200.0
495,2021-10-08 02:39:13,39000.0,100.0,161200.0
496,2021-10-08 02:39:13,39000.0,500.0,161100.0
497,2021-10-08 02:38:56,38900.0,200.0,160600.0
498,2021-10-08 02:37:39,39000.0,500.0,160400.0
499,2021-10-08 02:37:39,39000.0,2800.0,159900.0
500,2021-10-08 02:36:55,39000.0,1000.0,157100.0
501,2021-10-08 02:35:24,39000.0,1000.0,156100.0
502,2021-10-08 02:34:59,38900.0,100.0,155100.0
503,2021-10-08 02:34:35,39000.0,200.0,155000.0
504,2021-10-08 02:34:35,39000.0,100.0,154800.0
505,2021-10-08 02:34:35,39000.0,200.0,154700.0
506,2021-10-08 02:34:35,39000.0,200.0,154500.0
507,2021-10-08 02:34:35,39000.0,4300.0,154300.0
508,2021-10-08 02:33:48,38900.0,100.0,150000.0
509,2021-10-08 02:33:48,38900.0,400.0,149900.0
510,2021-10-08 02:33:00,38900.0,500.0,149500.0
511,2021-10-08 02:32:47,38900.0,500.0,149000.0
512,2021-10-08 02:32:32,38900.0,200.0,148500.0
513,2021-10-08 02:31:50,38900.0,1000.0,148300.0
514,2021-10-08 02:31:50,38900.0,200.0,147300.0
515,2021-10-08 02:31:25,38900.0,100.0,147100.0
516,2021-10-08 02:31:04,38900.0,1200.0,147000.0
517,2021-10-08 02:30:57,38900.0,500.0,145800.0
518,2021-10-08 02:30:57,38900.0,4400.0,145300.0
519,2021-10-08 02:29:16,38900.0,5600.0,140900.0
520,2021-10-08 02:28:33,38950.0,200.0,135300.0
521,2021-10-08 02:28:28,38900.0,1000.0,135100.0
522,2021-10-08 02:28:02,39000.0,500.0,134100.0
523,2021-10-08 02:27:57,38900.0,400.0,133600.0
524,2021-10-08 02:27:45,38900.0,400.0,133200.0
525,2021-10-08 02:27:45,38900.0,100.0,132800.0
526,2021-10-08 02:27:45,38900.0,1000.0,132700.0
527,2021-10-08 02:27:45,38900.0,800.0,131700.0
528,2021-10-08 02:27:36,38800.0,300.0,130900.0
529,2021-10-08 02:27:36,38800.0,100.0,130600.0
530,2021-10-08 02:27:36,38800.0,400.0,130500.0
531,2021-10-08 02:27:36,38800.0,700.0,130100.0
532,2021-10-08 02:27:36,38800.0,100.0,129400.0
533,2021-10-08 02:27:36,38800.0,100.0,129300.0
534,2021-10-08 02:27:36,38800.0,800.0,129200.0
535,2021-10-08 02:27:19,38800.0,100.0,128400.0
536,2021-10-08 02:26:19,38900.0,200.0,128300.0
537,2021-10-08 02:26:19,38900.0,400.0,128100.0
538,2021-10-08 02:26:13,38800.0,300.0,127700.0
539,2021-10-08 02:26:09,38900.0,100.0,127400.0
540,2021-10-08 02:25:41,38800.0,1800.0,127300.0
541,2021-10-08 02:25:41,38800.0,200.0,125500.0
542,2021-10-08 02:25:41,38850.0,3000.0,125300.0
543,2021-10-08 02:24:49,38800.0,1000.0,122300.0
544,2021-10-08 02:24:39,38800.0,200.0,121300.0
545,2021-10-08 02:24:36,38800.0,500.0,121100.0
546,2021-10-08 02:24:21,38800.0,300.0,120600.0
547,2021-10-08 02:24:21,38800.0,200.0,120300.0
548,2021-10-08 02:24:19,38900.0,100.0,120100.0
549,2021-10-08 02:23:37,38900.0,500.0,120000.0
550,2021-10-08 02:23:28,38900.0,1000.0,119500.0
551,2021-10-08 02:23:28,38900.0,1000.0,118500.0
552,2021-10-08 02:23:21,39000.0,100.0,117500.0
553,2021-10-08 02:22:43,39000.0,100.0,117400.0
554,2021-10-08 02:22:43,39000.0,700.0,117300.0
555,2021-10-08 02:22:33,39100.0,500.0,116600.0
556,2021-10-08 02:22:30,39100.0,100.0,116100.0
557,2021-10-08 02:22:30,39100.0,100.0,116000.0
558,2021-10-08 02:22:30,39100.0,2200.0,115900.0
559,2021-10-08 02:22:25,39100.0,100.0,113700.0
560,2021-10-08 02:22:25,39100.0,200.0,113600.0
561,2021-10-08 02:21:44,39100.0,200.0,113400.0
562,2021-10-08 02:21:40,39000.0,300.0,113200.0
563,2021-10-08 02:21:40,39000.0,100.0,112900.0
564,2021-10-08 02:21:40,39000.0,200.0,112800.0
565,2021-10-08 02:21:40,39000.0,600.0,112600.0
566,2021-10-08 02:21:30,39100.0,300.0,112000.0
567,2021-10-08 02:21:28,39100.0,300.0,111700.0
568,2021-10-08 02:21:26,39100.0,200.0,111400.0
569,2021-10-08 02:21:22,39100.0,2500.0,111200.0
570,2021-10-08 02:21:22,39100.0,500.0,108700.0
571,2021-10-08 02:21:15,39100.0,2000.0,108200.0
572,2021-10-08 02:21:01,39100.0,100.0,106200.0
573,2021-10-08 02:20:54,39100.0,500.0,106100.0
574,2021-10-08 02:20:51,39100.0,500.0,105600.0
575,2021-10-08 02:20:42,39100.0,800.0,105100.0
576,2021-10-08 02:20:41,39100.0,400.0,104300.0
577,2021-10-08 02:20:38,39100.0,300.0,103900.0
578,2021-10-08 02:20:30,39100.0,1000.0,103600.0
579,2021-10-08 02:20:22,39100.0,700.0,102600.0
580,2021-10-08 02:20:14,39100.0,1000.0,101900.0
581,2021-10-08 02:20:09,39100.0,500.0,100900.0
582,2021-10-08 02:20:04,39100.0,100.0,100400.0
583,2021-10-08 02:19:51,39100.0,500.0,100300.0
584,2021-10-08 02:19:43,39100.0,1100.0,99800.0
585,2021-10-08 02:19:43,39100.0,3900.0,98700.0
586,2021-10-08 02:19:43,39000.0,1000.0,94800.0
587,2021-10-08 02:19:43,39000.0,800.0,93800.0
588,2021-10-08 02:19:43,39000.0,1000.0,93000.0
589,2021-10-08 02:19:43,39000.0,400.0,92000.0
590,2021-10-08 02:19:43,39000.0,1000.0,91600.0
591,2021-10-08 02:19:43,39000.0,1800.0,90600.0
592,2021-10-08 02:19:29,38800.0,300.0,88800.0
593,2021-10-08 02:19:22,39000.0,2200.0,88500.0
594,2021-10-08 02:19:22,38900.0,3000.0,86300.0
595,2021-10-08 02:19:22,38800.0,300.0,83300.0
596,2021-10-08 02:19:22,38800.0,3500.0,83000.0
597,2021-10-08 02:19:18,38800.0,500.0,79500.0
598,2021-10-08 02:19:13,38800.0,2000.0,79000.0
599,2021-10-08 02:19:06,38800.0,500.0,77000.0
600,2021-10-08 02:19:04,38800.0,100.0,76500.0
601,2021-10-08 02:19:02,38700.0,700.0,76400.0
602,2021-10-08 02:19:02,38700.0,2000.0,75700.0
603,2021-10-08 02:19:02,38700.0,2300.0,73700.0
604,2021-10-08 02:18:56,38800.0,300.0,71400.0
605,2021-10-08 02:18:56,38800.0,500.0,71100.0
606,2021-10-08 02:18:51,38800.0,4600.0,70600.0
607,2021-10-08 02:18:51,38800.0,400.0,66000.0
608,2021-10-08 02:18:33,38800.0,600.0,65600.0
609,2021-10-08 02:18:30,38800.0,1600.0,65000.0
610,2021-10-08 02:18:29,38800.0,500.0,63400.0
611,2021-10-08 02:18:17,38800.0,500.0,62900.0
612,2021-10-08 02:18:04,38700.0,700.0,62400.0
613,2021-10-08 02:18:02,38700.0,100.0,61700.0
614,2021-10-08 02:17:51,38700.0,500.0,61600.0
615,2021-10-08 02:17:50,38700.0,500.0,61100.0
616,2021-10-08 02:17:49,38700.0,500.0,60600.0
617,2021-10-08 02:17:44,38700.0,300.0,60100.0
618,2021-10-08 02:17:41,38700.0,100.0,59800.0
619,2021-10-08 02:17:39,38700.0,500.0,59700.0
620,2021-10-08 02:17:37,38700.0,600.0,59200.0
621,2021-10-08 02:17:36,38700.0,300.0,58600.0
622,2021-10-08 02:17:23,38600.0,600.0,58300.0
623,2021-10-08 02:17:23,38600.0,3600.0,57700.0
624,2021-10-08 02:17:11,38500.0,200.0,54100.0
625,2021-10-08 02:17:11,38500.0,300.0,53900.0
626,2021-10-08 02:17:09,38500.0,1000.0,53600.0
627,2021-10-08 02:17:08,38500.0,500.0,52600.0
628,2021-10-08 02:16:56,38500.0,2000.0,52100.0
629,2021-10-08 02:16:20,38400.0,1300.0,50100.0
630,2021-10-08 02:16:10,38400.0,500.0,48800.0
631,2021-10-08 02:15:37,38400.0,4600.0,48300.0
632,2021-10-08 02:15:00,38400.0,12500.0,43700.0
633,2021-10-08 02:15:00,38400.0,500.0,31200.0
634,2021-10-08 02:15:00,38400.0,400.0,30700.0
635,2021-10-08 02:15:00,38400.0,1000.0,30300.0
636,2021-10-08 02:15:00,38400.0,500.0,29300.0
637,2021-10-08 02:15:00,38400.0,500.0,28800.0
638,2021-10-08 02:15:00,38400.0,500.0,28300.0
639,2021-10-08 02:15:00,38400.0,1000.0,27800.0
640,2021-10-08 02:15:00,38400.0,1000.0,26800.0
641,2021-10-08 02:15:00,38400.0,2000.0,25800.0
642,2021-10-08 02:15:00,38400.0,2000.0,23800.0
643,2021-10-08 02:15:00,38400.0,300.0,21800.0
644,2021-10-08 02:15:00,38400.0,300.0,21500.0
645,2021-10-08 02:15:00,38400.0,200.0,21200.0
646,2021-10-08 02:15:00,38400.0,100.0,21000.0
647,2021-10-08 02:15:00,38400.0,100.0,20900.0
648,2021-10-08 02:15:00,38400.0,3000.0,20800.0
649,2021-10-08 02:15:00,38400.0,900.0,17800.0
650,2021-10-08 02:15:00,38400.0,600.0,16900.0
651,2021-10-08 02:15:00,38400.0,600.0,16300.0
652,2021-10-08 02:15:00,38400.0,2400.0,15700.0
653,2021-10-08 02:15:00,38400.0,500.0,13300.0
654,2021-10-08 02:15:00,38400.0,100.0,12800.0
655,2021-10-08 02:15:00,38400.0,1000.0,12700.0
656,2021-10-08 02:15:00,38400.0,200.0,11700.0
657,2021-10-08 02:15:00,38400.0,400.0,11500.0
658,2021-10-08 02:15:00,38400.0,100.0,11100.0
659,2021-10-08 02:15:00,38400.0,100.0,11000.0
660,2021-10-08 02:15:00,38400.0,900.0,10900.0
661,2021-10-08 02:15:00,38400.0,100.0,10000.0
662,2021-10-08 02:15:00,38400.0,600.0,9900.0
663,2021-10-08 02:15:00,38400.0,200.0,9300.0
664,2021-10-08 02:15:00,38400.0,100.0,9100.0
665,2021-10-08 02:15:00,38400.0,1400.0,9000.0
666,2021-10-08 02:15:00,38400.0,1600.0,7600.0
667,2021-10-08 02:15:00,38400.0,1500.0,6000.0
668,2021-10-08 02:15:00,38400.0,2500.0,4500.0
669,2021-10-08 02:15:00,38400.0,1500.0,2000.0
670,2021-10-08 02:15:00,38400.0,100.0,500.0
671,2021-10-08 02:15:00,38400.0,100.0,400.0
672,2021-10-08 02:15:00,38400.0,200.0,300.0
673,2021-10-08 02:15:00,38400.0,100.0,100.0
