,Time,Price,Volume_per_trade,Volume
0,2021-10-12 07:45:00,38950.0,2000.0,280800.0
1,2021-10-12 07:45:00,38950.0,100.0,278800.0
2,2021-10-12 07:45:00,38950.0,100.0,278700.0
3,2021-10-12 07:45:00,38950.0,4200.0,278600.0
4,2021-10-12 07:45:00,38950.0,800.0,274400.0
5,2021-10-12 07:45:00,38950.0,200.0,273600.0
6,2021-10-12 07:45:00,38950.0,1000.0,273400.0
7,2021-10-12 07:45:00,38950.0,500.0,272400.0
8,2021-10-12 07:45:00,38950.0,600.0,271900.0
9,2021-10-12 07:45:00,38950.0,300.0,271300.0
10,2021-10-12 07:45:00,38950.0,1200.0,271000.0
11,2021-10-12 07:45:00,38950.0,500.0,269800.0
12,2021-10-12 07:45:00,38950.0,500.0,269300.0
13,2021-10-12 07:45:00,38950.0,800.0,268800.0
14,2021-10-12 07:45:00,38950.0,1200.0,268000.0
15,2021-10-12 07:45:00,38950.0,100.0,266800.0
16,2021-10-12 07:45:00,38950.0,1000.0,266700.0
17,2021-10-12 07:45:00,38950.0,700.0,265700.0
18,2021-10-12 07:45:00,38950.0,100.0,265000.0
19,2021-10-12 07:45:00,38950.0,300.0,264900.0
20,2021-10-12 07:45:00,38950.0,500.0,264600.0
21,2021-10-12 07:45:00,38950.0,1000.0,264100.0
22,2021-10-12 07:45:00,38950.0,400.0,263100.0
23,2021-10-12 07:45:00,38950.0,100.0,262700.0
24,2021-10-12 07:45:00,38950.0,100.0,262600.0
25,2021-10-12 07:45:00,38950.0,300.0,262500.0
26,2021-10-12 07:45:00,38950.0,100.0,262200.0
27,2021-10-12 07:45:00,38950.0,300.0,262100.0
28,2021-10-12 07:45:00,38950.0,900.0,261800.0
29,2021-10-12 07:45:00,38950.0,100.0,260900.0
30,2021-10-12 07:45:00,38950.0,100.0,260800.0
31,2021-10-12 07:45:00,38950.0,100.0,260700.0
32,2021-10-12 07:45:00,38950.0,300.0,260600.0
33,2021-10-12 07:45:00,38950.0,1000.0,260300.0
34,2021-10-12 07:45:00,38950.0,900.0,259300.0
35,2021-10-12 07:45:00,38950.0,200.0,258400.0
36,2021-10-12 07:45:00,38950.0,100.0,258200.0
37,2021-10-12 07:45:00,38950.0,100.0,258100.0
38,2021-10-12 07:29:40,39200.0,100.0,258000.0
39,2021-10-12 07:28:31,39200.0,1800.0,257900.0
40,2021-10-12 07:27:39,39150.0,100.0,256100.0
41,2021-10-12 07:27:39,39150.0,100.0,256000.0
42,2021-10-12 07:27:39,39150.0,200.0,255900.0
43,2021-10-12 07:27:37,39100.0,200.0,255700.0
44,2021-10-12 07:27:15,39150.0,300.0,255500.0
45,2021-10-12 07:26:49,39100.0,200.0,255200.0
46,2021-10-12 07:24:59,39100.0,100.0,255000.0
47,2021-10-12 07:23:10,39150.0,500.0,254900.0
48,2021-10-12 07:20:14,39200.0,500.0,254400.0
49,2021-10-12 07:18:38,39000.0,200.0,253900.0
50,2021-10-12 07:18:38,39000.0,700.0,253700.0
51,2021-10-12 07:18:38,39000.0,600.0,253000.0
52,2021-10-12 07:18:38,39050.0,200.0,252400.0
53,2021-10-12 07:18:38,39050.0,100.0,252200.0
54,2021-10-12 07:17:26,39000.0,400.0,252100.0
55,2021-10-12 07:17:26,39000.0,100.0,251700.0
56,2021-10-12 07:17:26,39000.0,500.0,251600.0
57,2021-10-12 07:17:26,39000.0,900.0,251100.0
58,2021-10-12 07:17:26,39050.0,100.0,250200.0
59,2021-10-12 07:15:45,39000.0,100.0,250100.0
60,2021-10-12 07:15:45,39000.0,2000.0,250000.0
61,2021-10-12 07:15:45,39000.0,400.0,248000.0
62,2021-10-12 07:15:45,39000.0,100.0,247600.0
63,2021-10-12 07:15:45,39000.0,500.0,247500.0
64,2021-10-12 07:15:45,39000.0,100.0,247000.0
65,2021-10-12 07:15:45,39000.0,100.0,246900.0
66,2021-10-12 07:15:45,39000.0,100.0,246800.0
67,2021-10-12 07:15:45,39000.0,100.0,246700.0
68,2021-10-12 07:15:45,39000.0,500.0,246600.0
69,2021-10-12 07:15:45,39000.0,1000.0,246100.0
70,2021-10-12 07:15:45,39000.0,200.0,245100.0
71,2021-10-12 07:15:45,39050.0,100.0,244900.0
72,2021-10-12 07:15:45,39050.0,2000.0,244800.0
73,2021-10-12 07:15:45,39050.0,200.0,242800.0
74,2021-10-12 07:15:45,39050.0,100.0,242600.0
75,2021-10-12 07:15:45,39050.0,400.0,242500.0
76,2021-10-12 07:14:10,39050.0,200.0,242100.0
77,2021-10-12 07:14:10,39050.0,300.0,241900.0
78,2021-10-12 07:14:10,39050.0,500.0,241600.0
79,2021-10-12 07:12:01,39200.0,200.0,241100.0
80,2021-10-12 07:08:03,39000.0,300.0,240900.0
81,2021-10-12 07:08:03,39000.0,100.0,240600.0
82,2021-10-12 07:08:03,39000.0,100.0,240500.0
83,2021-10-12 07:08:03,39000.0,500.0,240400.0
84,2021-10-12 07:08:03,39000.0,500.0,239900.0
85,2021-10-12 07:08:03,39000.0,100.0,239400.0
86,2021-10-12 07:08:03,39000.0,300.0,239300.0
87,2021-10-12 07:08:03,39000.0,1000.0,239000.0
88,2021-10-12 07:08:03,39000.0,100.0,238000.0
89,2021-10-12 07:08:03,39000.0,500.0,237900.0
90,2021-10-12 07:08:03,39000.0,200.0,237400.0
91,2021-10-12 07:08:03,39000.0,500.0,237200.0
92,2021-10-12 07:08:03,39000.0,100.0,236700.0
93,2021-10-12 07:08:03,39000.0,300.0,236600.0
94,2021-10-12 07:08:03,39000.0,200.0,236300.0
95,2021-10-12 07:08:03,39000.0,100.0,236100.0
96,2021-10-12 07:08:03,39000.0,100.0,236000.0
97,2021-10-12 07:07:43,39000.0,1000.0,235900.0
98,2021-10-12 07:07:43,39000.0,500.0,234900.0
99,2021-10-12 07:07:43,39000.0,500.0,234400.0
100,2021-10-12 07:07:43,39000.0,3000.0,233900.0
101,2021-10-12 07:07:43,39000.0,1700.0,230900.0
102,2021-10-12 07:07:43,39050.0,200.0,229200.0
103,2021-10-12 07:07:43,39050.0,100.0,229000.0
104,2021-10-12 07:07:43,39050.0,2500.0,228900.0
105,2021-10-12 07:07:43,39100.0,500.0,226400.0
106,2021-10-12 07:06:04,39050.0,1500.0,225900.0
107,2021-10-12 07:06:04,39050.0,500.0,224400.0
108,2021-10-12 07:05:59,39050.0,600.0,223900.0
109,2021-10-12 07:05:49,39000.0,1300.0,223300.0
110,2021-10-12 07:05:49,39000.0,2000.0,222000.0
111,2021-10-12 07:05:49,39000.0,300.0,220000.0
112,2021-10-12 07:05:49,39000.0,200.0,219700.0
113,2021-10-12 07:05:49,39000.0,100.0,219500.0
114,2021-10-12 07:05:49,39000.0,100.0,219400.0
115,2021-10-12 07:05:49,39000.0,1000.0,219300.0
116,2021-10-12 07:05:49,39000.0,2400.0,218300.0
117,2021-10-12 07:05:42,39050.0,600.0,215900.0
118,2021-10-12 07:05:42,39050.0,2000.0,215300.0
119,2021-10-12 07:03:14,39000.0,800.0,213300.0
120,2021-10-12 07:02:14,39000.0,100.0,212500.0
121,2021-10-12 07:02:08,39000.0,100.0,212400.0
122,2021-10-12 07:02:07,39000.0,300.0,212300.0
123,2021-10-12 07:02:07,39050.0,100.0,212000.0
124,2021-10-12 07:02:07,39050.0,100.0,211900.0
125,2021-10-12 07:02:07,39050.0,500.0,211800.0
126,2021-10-12 07:02:07,39100.0,1000.0,211300.0
127,2021-10-12 07:02:07,39100.0,800.0,210300.0
128,2021-10-12 07:02:07,39100.0,700.0,209500.0
129,2021-10-12 07:02:07,39100.0,200.0,208800.0
130,2021-10-12 07:02:07,39100.0,200.0,208600.0
131,2021-10-12 07:02:07,39100.0,1000.0,208400.0
132,2021-10-12 07:02:07,39100.0,800.0,207400.0
133,2021-10-12 07:02:07,39100.0,400.0,206600.0
134,2021-10-12 07:02:07,39100.0,100.0,206200.0
135,2021-10-12 07:02:07,39100.0,100.0,206100.0
136,2021-10-12 07:02:07,39100.0,100.0,206000.0
137,2021-10-12 07:02:07,39100.0,100.0,205900.0
138,2021-10-12 07:02:07,39100.0,100.0,205800.0
139,2021-10-12 07:02:07,39100.0,200.0,205700.0
140,2021-10-12 07:02:07,39150.0,1000.0,205500.0
141,2021-10-12 07:02:07,39150.0,1000.0,204500.0
142,2021-10-12 07:02:07,39150.0,100.0,203500.0
143,2021-10-12 07:02:07,39150.0,500.0,203400.0
144,2021-10-12 07:02:07,39150.0,300.0,202900.0
145,2021-10-12 07:02:07,39150.0,2000.0,202600.0
146,2021-10-12 07:02:07,39150.0,300.0,200600.0
147,2021-10-12 07:02:07,39150.0,1500.0,200300.0
148,2021-10-12 07:02:07,39150.0,1000.0,198800.0
149,2021-10-12 07:02:07,39200.0,1000.0,197800.0
150,2021-10-12 07:02:07,39200.0,1000.0,196800.0
151,2021-10-12 07:02:07,39200.0,500.0,195800.0
152,2021-10-12 07:02:07,39200.0,2000.0,195300.0
153,2021-10-12 07:02:07,39200.0,100.0,193300.0
154,2021-10-12 07:02:07,39200.0,100.0,193200.0
155,2021-10-12 07:02:07,39200.0,600.0,193100.0
156,2021-10-12 07:02:07,39200.0,100.0,192500.0
157,2021-10-12 07:02:07,39200.0,100.0,192400.0
158,2021-10-12 06:58:21,39250.0,100.0,192300.0
159,2021-10-12 06:58:21,39250.0,300.0,192200.0
160,2021-10-12 06:57:33,39250.0,200.0,191900.0
161,2021-10-12 06:57:23,39250.0,200.0,191700.0
162,2021-10-12 06:57:16,39250.0,100.0,191500.0
163,2021-10-12 06:57:12,39300.0,500.0,191400.0
164,2021-10-12 06:57:09,39250.0,200.0,190900.0
165,2021-10-12 06:57:02,39250.0,100.0,190700.0
166,2021-10-12 06:56:52,39250.0,100.0,190600.0
167,2021-10-12 06:56:08,39300.0,500.0,190500.0
168,2021-10-12 06:56:00,39250.0,300.0,190000.0
169,2021-10-12 06:55:47,39250.0,200.0,189700.0
170,2021-10-12 06:55:36,39250.0,300.0,189500.0
171,2021-10-12 06:55:28,39250.0,100.0,189200.0
172,2021-10-12 06:53:49,39250.0,100.0,189100.0
173,2021-10-12 06:49:46,39250.0,2800.0,189000.0
174,2021-10-12 06:49:46,39250.0,200.0,186200.0
175,2021-10-12 06:49:28,39250.0,300.0,186000.0
176,2021-10-12 06:47:36,39250.0,500.0,185700.0
177,2021-10-12 06:47:35,39300.0,100.0,185200.0
178,2021-10-12 06:46:54,39300.0,2400.0,185100.0
179,2021-10-12 06:46:54,39300.0,2000.0,182700.0
180,2021-10-12 06:46:54,39300.0,600.0,180700.0
181,2021-10-12 06:45:31,39300.0,400.0,180100.0
182,2021-10-12 06:45:31,39300.0,600.0,179700.0
183,2021-10-12 06:39:18,39200.0,3600.0,179100.0
184,2021-10-12 06:39:09,39200.0,200.0,175500.0
185,2021-10-12 06:38:07,39200.0,200.0,175300.0
186,2021-10-12 06:36:55,39200.0,800.0,175100.0
187,2021-10-12 06:33:14,39200.0,200.0,174300.0
188,2021-10-12 06:33:14,39200.0,100.0,174100.0
189,2021-10-12 06:33:14,39200.0,900.0,174000.0
190,2021-10-12 06:31:01,39200.0,700.0,173100.0
191,2021-10-12 06:31:01,39200.0,300.0,172400.0
192,2021-10-12 06:29:12,39200.0,100.0,172100.0
193,2021-10-12 06:25:05,39200.0,200.0,172000.0
194,2021-10-12 06:24:25,39200.0,100.0,171800.0
195,2021-10-12 06:24:25,39200.0,500.0,171700.0
196,2021-10-12 06:24:06,39200.0,1000.0,171200.0
197,2021-10-12 06:23:19,39200.0,500.0,170200.0
198,2021-10-12 06:22:59,39200.0,200.0,169700.0
199,2021-10-12 06:21:27,39200.0,300.0,169500.0
200,2021-10-12 06:21:19,39200.0,100.0,169200.0
201,2021-10-12 06:20:50,39200.0,900.0,169100.0
202,2021-10-12 06:20:50,39200.0,1000.0,168200.0
203,2021-10-12 06:20:50,39200.0,1500.0,167200.0
204,2021-10-12 06:20:50,39200.0,500.0,165700.0
205,2021-10-12 06:20:50,39200.0,100.0,165200.0
206,2021-10-12 06:20:50,39200.0,2000.0,165100.0
207,2021-10-12 06:20:50,39200.0,100.0,163100.0
208,2021-10-12 06:19:11,39250.0,500.0,163000.0
209,2021-10-12 06:19:09,39250.0,100.0,162500.0
210,2021-10-12 06:16:37,39300.0,100.0,162400.0
211,2021-10-12 06:16:37,39300.0,300.0,162300.0
212,2021-10-12 06:16:37,39300.0,200.0,162000.0
213,2021-10-12 06:16:37,39300.0,800.0,161800.0
214,2021-10-12 06:16:26,39300.0,200.0,161000.0
215,2021-10-12 06:16:26,39300.0,100.0,160800.0
216,2021-10-12 06:05:55,39300.0,100.0,160700.0
217,2021-10-12 06:05:15,39300.0,100.0,160600.0
218,2021-10-12 06:04:16,39300.0,100.0,160500.0
219,2021-10-12 06:03:41,39300.0,200.0,160400.0
220,2021-10-12 06:03:41,39300.0,600.0,160200.0
221,2021-10-12 06:03:41,39300.0,100.0,159600.0
222,2021-10-12 06:03:41,39300.0,600.0,159500.0
223,2021-10-12 06:02:56,39300.0,500.0,158900.0
224,2021-10-12 06:01:35,39300.0,300.0,158400.0
225,2021-10-12 06:00:47,39300.0,500.0,158100.0
226,2021-10-12 06:00:23,39300.0,100.0,157600.0
227,2021-10-12 06:00:23,39300.0,300.0,157500.0
228,2021-10-12 06:00:23,39300.0,200.0,157200.0
229,2021-10-12 06:00:23,39300.0,2000.0,157000.0
230,2021-10-12 06:00:23,39300.0,400.0,155000.0
231,2021-10-12 06:00:02,39300.0,2800.0,154600.0
232,2021-10-12 04:29:43,39300.0,200.0,151800.0
233,2021-10-12 04:27:37,39300.0,100.0,151600.0
234,2021-10-12 04:27:30,39300.0,100.0,151500.0
235,2021-10-12 04:19:28,39300.0,100.0,151400.0
236,2021-10-12 04:18:44,39300.0,300.0,151300.0
237,2021-10-12 04:07:47,39300.0,500.0,151000.0
238,2021-10-12 04:06:34,39300.0,500.0,150500.0
239,2021-10-12 04:05:42,39300.0,200.0,150000.0
240,2021-10-12 04:05:42,39300.0,200.0,149800.0
241,2021-10-12 04:03:43,39100.0,700.0,149600.0
242,2021-10-12 04:03:43,39100.0,100.0,148900.0
243,2021-10-12 04:03:43,39150.0,100.0,148800.0
244,2021-10-12 04:03:43,39200.0,600.0,148700.0
245,2021-10-12 03:59:40,39200.0,1400.0,148100.0
246,2021-10-12 03:59:40,39200.0,200.0,146700.0
247,2021-10-12 03:59:40,39200.0,1400.0,146500.0
248,2021-10-12 03:58:15,39200.0,200.0,145100.0
249,2021-10-12 03:57:48,39200.0,1000.0,144900.0
250,2021-10-12 03:53:53,39200.0,500.0,143900.0
251,2021-10-12 03:52:59,39200.0,100.0,143400.0
252,2021-10-12 03:51:52,39200.0,300.0,143300.0
253,2021-10-12 03:51:52,39200.0,100.0,143000.0
254,2021-10-12 03:51:32,39100.0,100.0,142900.0
255,2021-10-12 03:51:32,39100.0,100.0,142800.0
256,2021-10-12 03:51:32,39100.0,200.0,142700.0
257,2021-10-12 03:50:38,39100.0,100.0,142500.0
258,2021-10-12 03:50:38,39100.0,100.0,142400.0
259,2021-10-12 03:45:37,39100.0,100.0,142300.0
260,2021-10-12 03:45:37,39100.0,100.0,142200.0
261,2021-10-12 03:45:37,39100.0,200.0,142100.0
262,2021-10-12 03:45:37,39100.0,100.0,141900.0
263,2021-10-12 03:45:37,39100.0,200.0,141800.0
264,2021-10-12 03:43:18,39100.0,200.0,141600.0
265,2021-10-12 03:43:18,39100.0,200.0,141400.0
266,2021-10-12 03:43:18,39100.0,1000.0,141200.0
267,2021-10-12 03:43:18,39100.0,200.0,140200.0
268,2021-10-12 03:43:18,39150.0,300.0,140000.0
269,2021-10-12 03:42:15,39150.0,200.0,139700.0
270,2021-10-12 03:41:59,39150.0,200.0,139500.0
271,2021-10-12 03:41:31,39150.0,100.0,139300.0
272,2021-10-12 03:41:04,39200.0,1000.0,139200.0
273,2021-10-12 03:40:58,39150.0,200.0,138200.0
274,2021-10-12 03:40:58,39150.0,300.0,138000.0
275,2021-10-12 03:40:38,39150.0,200.0,137700.0
276,2021-10-12 03:40:38,39150.0,100.0,137500.0
277,2021-10-12 03:37:17,39100.0,200.0,137400.0
278,2021-10-12 03:33:32,39150.0,700.0,137200.0
279,2021-10-12 03:33:31,39150.0,100.0,136500.0
280,2021-10-12 03:29:20,39200.0,600.0,136400.0
281,2021-10-12 03:27:41,39200.0,300.0,135800.0
282,2021-10-12 03:26:25,39100.0,1000.0,135500.0
283,2021-10-12 03:26:16,39100.0,100.0,134500.0
284,2021-10-12 03:26:09,39050.0,1800.0,134400.0
285,2021-10-12 03:26:09,39050.0,600.0,132600.0
286,2021-10-12 03:26:09,39050.0,100.0,132000.0
287,2021-10-12 03:25:55,39100.0,500.0,131900.0
288,2021-10-12 03:23:44,39000.0,100.0,131400.0
289,2021-10-12 03:23:11,39000.0,100.0,131300.0
290,2021-10-12 03:23:11,39100.0,400.0,131200.0
291,2021-10-12 03:23:11,39100.0,300.0,130800.0
292,2021-10-12 03:23:11,39100.0,300.0,130500.0
293,2021-10-12 03:22:27,39000.0,100.0,130200.0
294,2021-10-12 03:21:27,39000.0,100.0,130100.0
295,2021-10-12 03:21:17,39000.0,100.0,130000.0
296,2021-10-12 03:21:12,39050.0,200.0,129900.0
297,2021-10-12 03:21:12,39050.0,100.0,129700.0
298,2021-10-12 03:20:57,39050.0,100.0,129600.0
299,2021-10-12 03:20:48,39050.0,100.0,129500.0
300,2021-10-12 03:20:48,39050.0,500.0,129400.0
301,2021-10-12 03:20:48,39050.0,200.0,128900.0
302,2021-10-12 03:19:31,39100.0,500.0,128700.0
303,2021-10-12 03:19:18,39050.0,1000.0,128200.0
304,2021-10-12 03:19:18,39050.0,200.0,127200.0
305,2021-10-12 03:19:18,39050.0,200.0,127000.0
306,2021-10-12 03:19:10,39100.0,100.0,126800.0
307,2021-10-12 03:18:56,39100.0,400.0,126700.0
308,2021-10-12 03:17:53,39100.0,100.0,126300.0
309,2021-10-12 03:17:53,39100.0,500.0,126200.0
310,2021-10-12 03:14:56,39100.0,1000.0,125700.0
311,2021-10-12 03:14:19,39100.0,100.0,124700.0
312,2021-10-12 03:13:42,39100.0,900.0,124600.0
313,2021-10-12 03:13:31,39050.0,100.0,123700.0
314,2021-10-12 03:13:30,39200.0,1400.0,123600.0
315,2021-10-12 03:13:30,39100.0,3600.0,122200.0
316,2021-10-12 03:13:23,39050.0,500.0,118600.0
317,2021-10-12 03:13:23,39050.0,100.0,118100.0
318,2021-10-12 03:13:14,39100.0,200.0,118000.0
319,2021-10-12 03:13:14,39100.0,1000.0,117800.0
320,2021-10-12 03:13:14,39100.0,100.0,116800.0
321,2021-10-12 03:13:14,39100.0,200.0,116700.0
322,2021-10-12 03:13:14,39100.0,200.0,116500.0
323,2021-10-12 03:13:14,39100.0,200.0,116300.0
324,2021-10-12 03:13:14,39100.0,2500.0,116100.0
325,2021-10-12 03:11:11,39200.0,600.0,113600.0
326,2021-10-12 03:11:05,39150.0,100.0,113000.0
327,2021-10-12 03:10:59,39200.0,100.0,112900.0
328,2021-10-12 03:10:59,39200.0,100.0,112800.0
329,2021-10-12 03:10:53,39300.0,200.0,112700.0
330,2021-10-12 03:09:16,39200.0,900.0,112500.0
331,2021-10-12 03:09:16,39200.0,100.0,111600.0
332,2021-10-12 03:03:07,39200.0,100.0,111500.0
333,2021-10-12 03:02:26,39200.0,500.0,111400.0
334,2021-10-12 02:59:51,39200.0,200.0,110900.0
335,2021-10-12 02:59:27,39200.0,100.0,110700.0
336,2021-10-12 02:59:27,39200.0,100.0,110600.0
337,2021-10-12 02:59:27,39200.0,100.0,110500.0
338,2021-10-12 02:59:14,39200.0,200.0,110400.0
339,2021-10-12 02:59:14,39200.0,500.0,110200.0
340,2021-10-12 02:59:14,39200.0,200.0,109700.0
341,2021-10-12 02:59:14,39200.0,500.0,109500.0
342,2021-10-12 02:59:14,39200.0,1000.0,109000.0
343,2021-10-12 02:59:14,39200.0,2100.0,108000.0
344,2021-10-12 02:58:47,39200.0,900.0,105900.0
345,2021-10-12 02:58:47,39250.0,100.0,105000.0
346,2021-10-12 02:58:47,39250.0,1100.0,104900.0
347,2021-10-12 02:57:25,39250.0,1000.0,103800.0
348,2021-10-12 02:57:08,39250.0,2000.0,102800.0
349,2021-10-12 02:55:51,39250.0,900.0,100800.0
350,2021-10-12 02:55:32,39250.0,100.0,99900.0
351,2021-10-12 02:55:05,39250.0,1500.0,99800.0
352,2021-10-12 02:55:05,39250.0,500.0,98300.0
353,2021-10-12 02:55:05,39250.0,1500.0,97800.0
354,2021-10-12 02:55:05,39250.0,1300.0,96300.0
355,2021-10-12 02:55:05,39250.0,100.0,95000.0
356,2021-10-12 02:53:27,39250.0,100.0,94900.0
357,2021-10-12 02:52:52,39250.0,100.0,94800.0
358,2021-10-12 02:52:52,39250.0,300.0,94700.0
359,2021-10-12 02:51:26,39250.0,100.0,94400.0
360,2021-10-12 02:51:23,39250.0,200.0,94300.0
361,2021-10-12 02:50:29,39250.0,100.0,94100.0
362,2021-10-12 02:50:29,39250.0,100.0,94000.0
363,2021-10-12 02:50:29,39250.0,200.0,93900.0
364,2021-10-12 02:50:29,39250.0,500.0,93700.0
365,2021-10-12 02:50:25,39250.0,100.0,93200.0
366,2021-10-12 02:50:15,39250.0,1000.0,93100.0
367,2021-10-12 02:49:53,39250.0,100.0,92100.0
368,2021-10-12 02:49:38,39250.0,200.0,92000.0
369,2021-10-12 02:49:38,39250.0,100.0,91800.0
370,2021-10-12 02:46:24,39300.0,1000.0,91700.0
371,2021-10-12 02:46:24,39300.0,1000.0,90700.0
372,2021-10-12 02:46:24,39300.0,1000.0,89700.0
373,2021-10-12 02:46:24,39300.0,800.0,88700.0
374,2021-10-12 02:44:12,39300.0,200.0,87900.0
375,2021-10-12 02:43:56,39300.0,100.0,87700.0
376,2021-10-12 02:43:09,39300.0,100.0,87600.0
377,2021-10-12 02:42:36,39300.0,100.0,87500.0
378,2021-10-12 02:42:15,39300.0,400.0,87400.0
379,2021-10-12 02:42:15,39300.0,500.0,87000.0
380,2021-10-12 02:42:15,39300.0,100.0,86500.0
381,2021-10-12 02:42:15,39300.0,900.0,86400.0
382,2021-10-12 02:41:58,39300.0,200.0,85500.0
383,2021-10-12 02:41:55,39300.0,1900.0,85300.0
384,2021-10-12 02:41:55,39300.0,100.0,83400.0
385,2021-10-12 02:41:05,39300.0,100.0,83300.0
386,2021-10-12 02:41:05,39300.0,100.0,83200.0
387,2021-10-12 02:40:26,39300.0,200.0,83100.0
388,2021-10-12 02:40:26,39300.0,200.0,82900.0
389,2021-10-12 02:40:16,39300.0,100.0,82700.0
390,2021-10-12 02:40:11,39300.0,700.0,82600.0
391,2021-10-12 02:40:11,39300.0,200.0,81900.0
392,2021-10-12 02:40:11,39300.0,200.0,81700.0
393,2021-10-12 02:40:11,39300.0,2900.0,81500.0
394,2021-10-12 02:39:53,39300.0,2300.0,78600.0
395,2021-10-12 02:39:53,39300.0,100.0,76300.0
396,2021-10-12 02:39:53,39300.0,200.0,76200.0
397,2021-10-12 02:39:53,39300.0,1000.0,76000.0
398,2021-10-12 02:39:53,39300.0,200.0,75000.0
399,2021-10-12 02:39:53,39300.0,100.0,74800.0
400,2021-10-12 02:39:53,39300.0,100.0,74700.0
401,2021-10-12 02:39:52,39300.0,900.0,74600.0
402,2021-10-12 02:38:51,39350.0,100.0,73700.0
403,2021-10-12 02:35:40,39350.0,100.0,73600.0
404,2021-10-12 02:35:40,39350.0,500.0,73500.0
405,2021-10-12 02:35:40,39350.0,500.0,73000.0
406,2021-10-12 02:35:40,39350.0,900.0,72500.0
407,2021-10-12 02:35:02,39350.0,300.0,71600.0
408,2021-10-12 02:32:24,39350.0,900.0,71300.0
409,2021-10-12 02:31:43,39400.0,100.0,70400.0
410,2021-10-12 02:31:43,39400.0,500.0,70300.0
411,2021-10-12 02:31:43,39400.0,100.0,69800.0
412,2021-10-12 02:31:43,39400.0,1000.0,69700.0
413,2021-10-12 02:31:43,39400.0,300.0,68700.0
414,2021-10-12 02:31:19,39400.0,200.0,68400.0
415,2021-10-12 02:31:19,39400.0,300.0,68200.0
416,2021-10-12 02:31:19,39400.0,200.0,67900.0
417,2021-10-12 02:31:19,39400.0,1300.0,67700.0
418,2021-10-12 02:30:50,39400.0,700.0,66400.0
419,2021-10-12 02:30:50,39450.0,500.0,65700.0
420,2021-10-12 02:30:49,39450.0,1000.0,65200.0
421,2021-10-12 02:30:49,39450.0,4500.0,64200.0
422,2021-10-12 02:30:31,39400.0,300.0,59700.0
423,2021-10-12 02:29:49,39400.0,200.0,59400.0
424,2021-10-12 02:28:49,39450.0,100.0,59200.0
425,2021-10-12 02:28:39,39450.0,400.0,59100.0
426,2021-10-12 02:28:22,39450.0,500.0,58700.0
427,2021-10-12 02:28:22,39450.0,500.0,58200.0
428,2021-10-12 02:28:18,39500.0,500.0,57700.0
429,2021-10-12 02:28:18,39500.0,200.0,57200.0
430,2021-10-12 02:27:38,39500.0,100.0,57000.0
431,2021-10-12 02:26:48,39500.0,300.0,56900.0
432,2021-10-12 02:26:38,39450.0,300.0,56600.0
433,2021-10-12 02:25:20,39450.0,400.0,56300.0
434,2021-10-12 02:24:02,39450.0,300.0,55900.0
435,2021-10-12 02:23:44,39450.0,1000.0,55600.0
436,2021-10-12 02:23:44,39450.0,100.0,54600.0
437,2021-10-12 02:22:53,39500.0,100.0,54500.0
438,2021-10-12 02:22:26,39500.0,1800.0,54400.0
439,2021-10-12 02:19:38,39500.0,100.0,52600.0
440,2021-10-12 02:18:57,39500.0,400.0,52500.0
441,2021-10-12 02:17:57,39500.0,300.0,52100.0
442,2021-10-12 02:17:43,39400.0,600.0,51800.0
443,2021-10-12 02:17:43,39400.0,400.0,51200.0
444,2021-10-12 02:17:43,39400.0,200.0,50800.0
445,2021-10-12 02:17:43,39400.0,6900.0,50600.0
446,2021-10-12 02:16:02,39400.0,3100.0,43700.0
447,2021-10-12 02:15:00,39350.0,1000.0,40600.0
448,2021-10-12 02:15:00,39350.0,35900.0,39600.0
449,2021-10-12 02:15:00,39350.0,1300.0,3700.0
450,2021-10-12 02:15:00,39350.0,1000.0,2400.0
451,2021-10-12 02:15:00,39350.0,100.0,1400.0
452,2021-10-12 02:15:00,39350.0,100.0,1300.0
453,2021-10-12 02:15:00,39350.0,100.0,1200.0
454,2021-10-12 02:15:00,39350.0,100.0,1100.0
455,2021-10-12 02:15:00,39350.0,400.0,1000.0
456,2021-10-12 02:15:00,39350.0,100.0,600.0
457,2021-10-12 02:15:00,39350.0,100.0,500.0
458,2021-10-12 02:15:00,39350.0,100.0,400.0
459,2021-10-12 02:15:00,39350.0,100.0,300.0
460,2021-10-12 02:15:00,39350.0,100.0,200.0
461,2021-10-12 02:15:00,39350.0,100.0,100.0
