,Time,Price,Volume_per_trade,Volume
0,2021-10-22 07:45:00,29900.0,100.0,83000.0
1,2021-10-22 07:45:00,29900.0,300.0,82900.0
2,2021-10-22 07:45:00,29900.0,100.0,82600.0
3,2021-10-22 07:45:00,29900.0,200.0,82500.0
4,2021-10-22 07:28:53,29900.0,100.0,82300.0
5,2021-10-22 07:26:33,29900.0,400.0,82200.0
6,2021-10-22 07:26:33,29900.0,300.0,81800.0
7,2021-10-22 07:25:11,29900.0,200.0,81500.0
8,2021-10-22 07:22:11,29900.0,100.0,81300.0
9,2021-10-22 07:22:11,29900.0,400.0,81200.0
10,2021-10-22 07:21:12,29900.0,100.0,80800.0
11,2021-10-22 07:19:55,29900.0,300.0,80700.0
12,2021-10-22 07:18:35,29900.0,100.0,80400.0
13,2021-10-22 07:14:24,29950.0,100.0,80300.0
14,2021-10-22 07:14:24,29950.0,1000.0,80200.0
15,2021-10-22 07:14:24,29950.0,100.0,79200.0
16,2021-10-22 07:14:24,29950.0,300.0,79100.0
17,2021-10-22 07:14:24,29950.0,100.0,78800.0
18,2021-10-22 07:14:24,29950.0,400.0,78700.0
19,2021-10-22 07:13:04,29950.0,100.0,78300.0
20,2021-10-22 07:12:13,29900.0,3000.0,78200.0
21,2021-10-22 07:11:36,29900.0,100.0,75200.0
22,2021-10-22 07:07:00,29900.0,200.0,75100.0
23,2021-10-22 07:07:00,29900.0,100.0,74900.0
24,2021-10-22 07:05:24,29900.0,100.0,74800.0
25,2021-10-22 07:04:24,29900.0,300.0,74700.0
26,2021-10-22 07:01:55,29900.0,1000.0,74400.0
27,2021-10-22 07:01:55,29900.0,1000.0,73400.0
28,2021-10-22 07:01:55,29900.0,700.0,72400.0
29,2021-10-22 06:57:27,29900.0,200.0,71700.0
30,2021-10-22 06:56:51,29900.0,600.0,71500.0
31,2021-10-22 06:55:39,29900.0,100.0,70900.0
32,2021-10-22 06:55:08,29900.0,200.0,70800.0
33,2021-10-22 06:54:24,29900.0,200.0,70600.0
34,2021-10-22 06:51:29,29900.0,300.0,70400.0
35,2021-10-22 06:44:19,29900.0,700.0,70100.0
36,2021-10-22 06:44:19,29900.0,100.0,69400.0
37,2021-10-22 06:36:17,29900.0,100.0,69300.0
38,2021-10-22 06:36:15,29900.0,100.0,69200.0
39,2021-10-22 06:34:50,29900.0,100.0,69100.0
40,2021-10-22 06:34:49,29900.0,200.0,69000.0
41,2021-10-22 06:32:34,29900.0,100.0,68800.0
42,2021-10-22 06:25:06,29900.0,500.0,68700.0
43,2021-10-22 06:24:25,29950.0,400.0,68200.0
44,2021-10-22 06:24:25,29900.0,100.0,67800.0
45,2021-10-22 06:20:35,29950.0,100.0,67700.0
46,2021-10-22 06:20:27,29850.0,100.0,67600.0
47,2021-10-22 06:19:16,29900.0,300.0,67500.0
48,2021-10-22 06:18:31,29850.0,500.0,67200.0
49,2021-10-22 06:18:12,29900.0,100.0,66700.0
50,2021-10-22 06:18:12,29900.0,600.0,66600.0
51,2021-10-22 06:18:12,29850.0,300.0,66000.0
52,2021-10-22 06:16:47,29700.0,500.0,65700.0
53,2021-10-22 06:15:17,29700.0,100.0,65200.0
54,2021-10-22 06:15:17,29700.0,1000.0,65100.0
55,2021-10-22 06:14:56,29700.0,1400.0,64100.0
56,2021-10-22 06:14:56,29700.0,500.0,62700.0
57,2021-10-22 06:14:56,29700.0,1000.0,62200.0
58,2021-10-22 06:14:56,29700.0,1000.0,61200.0
59,2021-10-22 06:10:12,29600.0,100.0,60200.0
60,2021-10-22 06:09:26,29600.0,1700.0,60100.0
61,2021-10-22 06:09:26,29600.0,1100.0,58400.0
62,2021-10-22 06:09:26,29600.0,200.0,57300.0
63,2021-10-22 06:05:44,29500.0,300.0,57100.0
64,2021-10-22 06:05:27,29500.0,500.0,56800.0
65,2021-10-22 06:04:44,29500.0,100.0,56300.0
66,2021-10-22 06:03:29,29500.0,1000.0,56200.0
67,2021-10-22 06:03:29,29500.0,100.0,55200.0
68,2021-10-22 06:02:31,29500.0,100.0,55100.0
69,2021-10-22 06:00:03,29400.0,100.0,55000.0
70,2021-10-22 06:00:03,29500.0,100.0,54900.0
71,2021-10-22 04:27:27,29500.0,200.0,54800.0
72,2021-10-22 04:27:27,29500.0,100.0,54600.0
73,2021-10-22 04:27:27,29500.0,200.0,54500.0
74,2021-10-22 04:27:27,29500.0,100.0,54300.0
75,2021-10-22 04:16:48,29500.0,300.0,54200.0
76,2021-10-22 04:16:48,29500.0,500.0,53900.0
77,2021-10-22 04:16:48,29500.0,200.0,53400.0
78,2021-10-22 04:13:59,29500.0,300.0,53200.0
79,2021-10-22 04:10:21,29600.0,500.0,52900.0
80,2021-10-22 04:10:21,29600.0,600.0,52400.0
81,2021-10-22 04:00:11,29600.0,100.0,51800.0
82,2021-10-22 03:59:30,29600.0,100.0,51700.0
83,2021-10-22 03:58:12,29600.0,200.0,51600.0
84,2021-10-22 03:58:12,29600.0,200.0,51400.0
85,2021-10-22 03:58:12,29600.0,200.0,51200.0
86,2021-10-22 03:58:12,29600.0,200.0,51000.0
87,2021-10-22 03:54:55,29600.0,100.0,50800.0
88,2021-10-22 03:53:36,29600.0,500.0,50700.0
89,2021-10-22 03:46:39,29650.0,100.0,50200.0
90,2021-10-22 03:45:39,29650.0,100.0,50100.0
91,2021-10-22 03:45:35,29650.0,600.0,50000.0
92,2021-10-22 03:39:52,29650.0,100.0,49400.0
93,2021-10-22 03:37:10,29600.0,1400.0,49300.0
94,2021-10-22 03:35:58,29650.0,200.0,47900.0
95,2021-10-22 03:35:58,29650.0,400.0,47700.0
96,2021-10-22 03:35:02,29650.0,100.0,47300.0
97,2021-10-22 03:32:00,29600.0,100.0,47200.0
98,2021-10-22 03:32:00,29600.0,400.0,47100.0
99,2021-10-22 03:32:00,29600.0,300.0,46700.0
100,2021-10-22 03:32:00,29600.0,300.0,46400.0
101,2021-10-22 03:32:00,29600.0,200.0,46100.0
102,2021-10-22 03:32:00,29600.0,400.0,45900.0
103,2021-10-22 03:31:27,29600.0,400.0,45500.0
104,2021-10-22 03:30:12,29600.0,200.0,45100.0
105,2021-10-22 03:29:47,29600.0,300.0,44900.0
106,2021-10-22 03:29:41,29600.0,700.0,44600.0
107,2021-10-22 03:29:41,29600.0,1300.0,43900.0
108,2021-10-22 03:26:27,29600.0,500.0,42600.0
109,2021-10-22 03:24:47,29600.0,100.0,42100.0
110,2021-10-22 03:23:53,29600.0,200.0,42000.0
111,2021-10-22 03:23:12,29600.0,100.0,41800.0
112,2021-10-22 03:21:50,29600.0,400.0,41700.0
113,2021-10-22 03:21:43,29500.0,200.0,41300.0
114,2021-10-22 03:16:15,29500.0,500.0,41100.0
115,2021-10-22 03:15:47,29600.0,100.0,40600.0
116,2021-10-22 03:14:42,29600.0,100.0,40500.0
117,2021-10-22 03:12:37,29550.0,100.0,40400.0
118,2021-10-22 03:09:07,29400.0,400.0,40300.0
119,2021-10-22 03:09:07,29400.0,900.0,39900.0
120,2021-10-22 03:06:17,29400.0,100.0,39000.0
121,2021-10-22 03:06:17,29400.0,300.0,38900.0
122,2021-10-22 03:06:17,29400.0,2900.0,38600.0
123,2021-10-22 03:06:17,29400.0,100.0,35700.0
124,2021-10-22 03:06:17,29400.0,700.0,35600.0
125,2021-10-22 03:06:17,29400.0,200.0,34900.0
126,2021-10-22 03:06:17,29400.0,300.0,34700.0
127,2021-10-22 03:06:17,29400.0,1000.0,34400.0
128,2021-10-22 03:06:17,29400.0,1000.0,33400.0
129,2021-10-22 03:03:34,29500.0,1000.0,32400.0
130,2021-10-22 02:59:50,29400.0,300.0,31400.0
131,2021-10-22 02:59:50,29400.0,500.0,31100.0
132,2021-10-22 02:59:50,29400.0,100.0,30600.0
133,2021-10-22 02:59:50,29400.0,100.0,30500.0
134,2021-10-22 02:54:42,29400.0,100.0,30400.0
135,2021-10-22 02:54:42,29400.0,100.0,30300.0
136,2021-10-22 02:50:27,29400.0,300.0,30200.0
137,2021-10-22 02:49:15,29400.0,400.0,29900.0
138,2021-10-22 02:47:42,29350.0,100.0,29500.0
139,2021-10-22 02:46:12,29350.0,900.0,29400.0
140,2021-10-22 02:45:59,29350.0,900.0,28500.0
141,2021-10-22 02:45:59,29350.0,100.0,27600.0
142,2021-10-22 02:45:27,29350.0,500.0,27500.0
143,2021-10-22 02:44:56,29400.0,100.0,27000.0
144,2021-10-22 02:44:56,29400.0,1800.0,26900.0
145,2021-10-22 02:43:51,29400.0,200.0,25100.0
146,2021-10-22 02:43:51,29400.0,2000.0,24900.0
147,2021-10-22 02:43:51,29500.0,500.0,22900.0
148,2021-10-22 02:43:51,29500.0,500.0,22400.0
149,2021-10-22 02:43:51,29500.0,200.0,21900.0
150,2021-10-22 02:43:51,29500.0,500.0,21700.0
151,2021-10-22 02:43:51,29500.0,500.0,21200.0
152,2021-10-22 02:43:51,29500.0,500.0,20700.0
153,2021-10-22 02:43:51,29500.0,100.0,20200.0
154,2021-10-22 02:43:51,29500.0,1000.0,20100.0
155,2021-10-22 02:39:29,29600.0,1500.0,19100.0
156,2021-10-22 02:33:51,29600.0,200.0,17600.0
157,2021-10-22 02:33:22,29600.0,500.0,17400.0
158,2021-10-22 02:33:22,29600.0,200.0,16900.0
159,2021-10-22 02:31:18,29600.0,300.0,16700.0
160,2021-10-22 02:31:18,29600.0,2000.0,16400.0
161,2021-10-22 02:31:18,29600.0,100.0,14400.0
162,2021-10-22 02:31:18,29600.0,1500.0,14300.0
163,2021-10-22 02:31:18,29600.0,400.0,12800.0
164,2021-10-22 02:31:18,29600.0,100.0,12400.0
165,2021-10-22 02:31:18,29650.0,300.0,12300.0
166,2021-10-22 02:31:18,29650.0,1500.0,12000.0
167,2021-10-22 02:31:18,29650.0,100.0,10500.0
168,2021-10-22 02:31:18,29700.0,700.0,10400.0
169,2021-10-22 02:30:42,29700.0,100.0,9700.0
170,2021-10-22 02:29:12,29700.0,1200.0,9600.0
171,2021-10-22 02:27:44,29700.0,300.0,8400.0
172,2021-10-22 02:27:44,29700.0,500.0,8100.0
173,2021-10-22 02:27:44,29700.0,1000.0,7600.0
174,2021-10-22 02:27:44,29700.0,2000.0,6600.0
175,2021-10-22 02:27:40,29700.0,500.0,4600.0
176,2021-10-22 02:26:17,29700.0,100.0,4100.0
177,2021-10-22 02:24:31,29700.0,200.0,4000.0
178,2021-10-22 02:24:31,29700.0,100.0,3800.0
179,2021-10-22 02:24:08,29700.0,200.0,3700.0
180,2021-10-22 02:24:08,29700.0,100.0,3500.0
181,2021-10-22 02:23:47,29850.0,100.0,3400.0
182,2021-10-22 02:22:11,29850.0,400.0,3300.0
183,2021-10-22 02:21:45,29700.0,100.0,2900.0
184,2021-10-22 02:20:33,29700.0,100.0,2800.0
185,2021-10-22 02:20:33,29700.0,900.0,2700.0
186,2021-10-22 02:18:49,29700.0,500.0,1800.0
187,2021-10-22 02:18:41,29900.0,500.0,1300.0
188,2021-10-22 02:18:41,29900.0,200.0,800.0
189,2021-10-22 02:17:01,29900.0,200.0,600.0
190,2021-10-22 02:16:43,29900.0,100.0,400.0
191,2021-10-22 02:16:43,29900.0,300.0,300.0
