,Time,Price,Volume_per_trade,Volume
0,2021-10-20 07:45:00,29900.0,100.0,176600.0
1,2021-10-20 07:45:00,29900.0,200.0,176500.0
2,2021-10-20 07:45:00,29900.0,100.0,176300.0
3,2021-10-20 07:45:00,29900.0,100.0,176200.0
4,2021-10-20 07:29:38,29700.0,100.0,176100.0
5,2021-10-20 07:29:02,29700.0,100.0,176000.0
6,2021-10-20 07:29:02,29700.0,300.0,175900.0
7,2021-10-20 07:29:02,29700.0,300.0,175600.0
8,2021-10-20 07:28:59,29700.0,500.0,175300.0
9,2021-10-20 07:28:44,29700.0,500.0,174800.0
10,2021-10-20 07:28:21,29700.0,600.0,174300.0
11,2021-10-20 07:25:57,29650.0,500.0,173700.0
12,2021-10-20 07:25:40,29700.0,500.0,173200.0
13,2021-10-20 07:25:37,29700.0,100.0,172700.0
14,2021-10-20 07:25:19,29700.0,500.0,172600.0
15,2021-10-20 07:25:09,29700.0,1000.0,172100.0
16,2021-10-20 07:23:43,29650.0,200.0,171100.0
17,2021-10-20 07:23:43,29650.0,100.0,170900.0
18,2021-10-20 07:23:06,29650.0,100.0,170800.0
19,2021-10-20 07:22:29,29650.0,200.0,170700.0
20,2021-10-20 07:22:23,29650.0,100.0,170500.0
21,2021-10-20 07:21:32,29100.0,300.0,170400.0
22,2021-10-20 07:20:35,29000.0,300.0,170100.0
23,2021-10-20 07:20:19,29000.0,100.0,169800.0
24,2021-10-20 07:20:14,29000.0,500.0,169700.0
25,2021-10-20 07:20:14,29000.0,400.0,169200.0
26,2021-10-20 07:19:41,29000.0,300.0,168800.0
27,2021-10-20 07:19:41,29000.0,100.0,168500.0
28,2021-10-20 07:19:41,29200.0,100.0,168400.0
29,2021-10-20 07:19:41,29300.0,300.0,168300.0
30,2021-10-20 07:19:41,29500.0,500.0,168000.0
31,2021-10-20 07:19:41,29500.0,200.0,167500.0
32,2021-10-20 07:19:41,29500.0,100.0,167300.0
33,2021-10-20 07:19:41,29500.0,200.0,167200.0
34,2021-10-20 07:19:41,29500.0,100.0,167000.0
35,2021-10-20 07:19:41,29500.0,200.0,166900.0
36,2021-10-20 07:19:41,29600.0,100.0,166700.0
37,2021-10-20 07:19:28,29800.0,100.0,166600.0
38,2021-10-20 07:19:28,29800.0,100.0,166500.0
39,2021-10-20 07:19:18,29800.0,100.0,166400.0
40,2021-10-20 07:19:17,29900.0,200.0,166300.0
41,2021-10-20 07:19:06,29900.0,100.0,166100.0
42,2021-10-20 07:18:35,29850.0,100.0,166000.0
43,2021-10-20 07:18:21,29900.0,300.0,165900.0
44,2021-10-20 07:18:20,29900.0,200.0,165600.0
45,2021-10-20 07:18:20,29900.0,100.0,165400.0
46,2021-10-20 07:18:20,29900.0,400.0,165300.0
47,2021-10-20 07:18:20,29900.0,100.0,164900.0
48,2021-10-20 07:18:20,29900.0,500.0,164800.0
49,2021-10-20 07:18:20,29900.0,1000.0,164300.0
50,2021-10-20 07:18:20,29900.0,9700.0,163300.0
51,2021-10-20 07:17:50,29900.0,300.0,153600.0
52,2021-10-20 07:17:50,29900.0,100.0,153300.0
53,2021-10-20 07:16:28,29950.0,200.0,153200.0
54,2021-10-20 07:16:10,29950.0,500.0,153000.0
55,2021-10-20 07:16:10,29950.0,1000.0,152500.0
56,2021-10-20 07:16:10,29950.0,100.0,151500.0
57,2021-10-20 07:16:10,29950.0,100.0,151400.0
58,2021-10-20 07:16:10,29950.0,100.0,151300.0
59,2021-10-20 07:16:10,29950.0,500.0,151200.0
60,2021-10-20 07:16:10,29950.0,200.0,150700.0
61,2021-10-20 07:16:10,29950.0,100.0,150500.0
62,2021-10-20 07:16:10,29950.0,200.0,150400.0
63,2021-10-20 07:15:28,30000.0,100.0,150200.0
64,2021-10-20 07:14:47,29950.0,1800.0,150100.0
65,2021-10-20 07:14:47,29950.0,200.0,148300.0
66,2021-10-20 07:14:47,29950.0,100.0,148100.0
67,2021-10-20 07:14:47,29950.0,500.0,148000.0
68,2021-10-20 07:14:47,29950.0,400.0,147500.0
69,2021-10-20 07:13:56,29950.0,1000.0,147100.0
70,2021-10-20 07:13:08,29950.0,100.0,146100.0
71,2021-10-20 07:12:21,29950.0,100.0,146000.0
72,2021-10-20 07:12:13,29950.0,100.0,145900.0
73,2021-10-20 07:12:05,29950.0,100.0,145800.0
74,2021-10-20 07:11:50,29950.0,100.0,145700.0
75,2021-10-20 07:11:43,29950.0,100.0,145600.0
76,2021-10-20 07:11:31,30000.0,700.0,145500.0
77,2021-10-20 07:11:19,29950.0,100.0,144800.0
78,2021-10-20 07:10:49,30000.0,1000.0,144700.0
79,2021-10-20 07:10:14,30000.0,200.0,143700.0
80,2021-10-20 07:07:10,30000.0,300.0,143500.0
81,2021-10-20 07:05:34,30000.0,2200.0,143200.0
82,2021-10-20 07:05:34,30000.0,3500.0,141000.0
83,2021-10-20 07:01:49,29950.0,300.0,137500.0
84,2021-10-20 07:01:18,29950.0,600.0,137200.0
85,2021-10-20 07:01:00,30000.0,1200.0,136600.0
86,2021-10-20 06:58:07,29950.0,700.0,135400.0
87,2021-10-20 06:56:42,29950.0,300.0,134700.0
88,2021-10-20 06:53:29,29950.0,100.0,134400.0
89,2021-10-20 06:53:04,29950.0,200.0,134300.0
90,2021-10-20 06:52:59,29950.0,700.0,134100.0
91,2021-10-20 06:52:54,29950.0,100.0,133400.0
92,2021-10-20 06:50:26,29950.0,200.0,133300.0
93,2021-10-20 06:49:55,29950.0,700.0,133100.0
94,2021-10-20 06:49:46,29950.0,500.0,132400.0
95,2021-10-20 06:46:22,29950.0,600.0,131900.0
96,2021-10-20 06:44:37,29950.0,500.0,131300.0
97,2021-10-20 06:43:10,29950.0,700.0,130800.0
98,2021-10-20 06:42:16,30000.0,200.0,130100.0
99,2021-10-20 06:41:04,30000.0,100.0,129900.0
100,2021-10-20 06:41:01,29950.0,3000.0,129800.0
101,2021-10-20 06:40:48,29950.0,700.0,126800.0
102,2021-10-20 06:40:35,30000.0,2000.0,126100.0
103,2021-10-20 06:40:35,30000.0,3000.0,124100.0
104,2021-10-20 06:40:04,30000.0,500.0,121100.0
105,2021-10-20 06:39:55,30000.0,1300.0,120600.0
106,2021-10-20 06:39:55,30000.0,100.0,119300.0
107,2021-10-20 06:39:55,30000.0,400.0,119200.0
108,2021-10-20 06:39:55,30000.0,500.0,118800.0
109,2021-10-20 06:39:55,30000.0,4200.0,118300.0
110,2021-10-20 06:38:55,30000.0,200.0,114100.0
111,2021-10-20 06:38:28,30000.0,500.0,113900.0
112,2021-10-20 06:38:15,29950.0,1900.0,113400.0
113,2021-10-20 06:37:09,30000.0,100.0,111500.0
114,2021-10-20 06:37:06,30000.0,900.0,111400.0
115,2021-10-20 06:37:06,30000.0,100.0,110500.0
116,2021-10-20 06:36:44,30000.0,500.0,110400.0
117,2021-10-20 06:35:54,30000.0,100.0,109900.0
118,2021-10-20 06:35:11,30000.0,400.0,109800.0
119,2021-10-20 06:35:11,30000.0,1000.0,109400.0
120,2021-10-20 06:35:11,30000.0,500.0,108400.0
121,2021-10-20 06:35:11,30000.0,100.0,107900.0
122,2021-10-20 06:35:11,30000.0,100.0,107800.0
123,2021-10-20 06:35:11,30000.0,100.0,107700.0
124,2021-10-20 06:35:11,30000.0,200.0,107600.0
125,2021-10-20 06:35:11,30000.0,200.0,107400.0
126,2021-10-20 06:35:11,30000.0,200.0,107200.0
127,2021-10-20 06:35:11,30000.0,300.0,107000.0
128,2021-10-20 06:35:11,30000.0,200.0,106700.0
129,2021-10-20 06:35:11,30000.0,1000.0,106500.0
130,2021-10-20 06:35:11,30000.0,500.0,105500.0
131,2021-10-20 06:35:11,30000.0,200.0,105000.0
132,2021-10-20 06:33:15,30000.0,1800.0,104800.0
133,2021-10-20 06:33:15,30000.0,300.0,103000.0
134,2021-10-20 06:33:15,30000.0,900.0,102700.0
135,2021-10-20 06:33:15,30000.0,500.0,101800.0
136,2021-10-20 06:33:15,30000.0,1000.0,101300.0
137,2021-10-20 06:33:15,30000.0,500.0,100300.0
138,2021-10-20 06:33:07,30000.0,300.0,99800.0
139,2021-10-20 06:32:47,30000.0,400.0,99500.0
140,2021-10-20 06:32:32,30000.0,1000.0,99100.0
141,2021-10-20 06:32:31,30000.0,200.0,98100.0
142,2021-10-20 06:31:38,30000.0,600.0,97900.0
143,2021-10-20 06:31:38,30000.0,100.0,97300.0
144,2021-10-20 06:31:19,30000.0,100.0,97200.0
145,2021-10-20 06:27:51,30000.0,400.0,97100.0
146,2021-10-20 06:27:51,30000.0,100.0,96700.0
147,2021-10-20 06:26:47,30000.0,400.0,96600.0
148,2021-10-20 06:26:47,30000.0,100.0,96200.0
149,2021-10-20 06:26:47,30050.0,100.0,96100.0
150,2021-10-20 06:26:40,30050.0,500.0,96000.0
151,2021-10-20 06:24:48,30150.0,200.0,95500.0
152,2021-10-20 06:24:34,30100.0,100.0,95300.0
153,2021-10-20 06:24:34,30100.0,800.0,95200.0
154,2021-10-20 06:24:06,30000.0,200.0,94400.0
155,2021-10-20 06:24:06,30000.0,200.0,94200.0
156,2021-10-20 06:24:06,30000.0,100.0,94000.0
157,2021-10-20 06:24:06,30000.0,200.0,93900.0
158,2021-10-20 06:23:30,30050.0,200.0,93700.0
159,2021-10-20 06:23:30,30050.0,1700.0,93500.0
160,2021-10-20 06:21:29,30050.0,300.0,91800.0
161,2021-10-20 06:21:16,30000.0,200.0,91500.0
162,2021-10-20 06:21:16,30000.0,500.0,91300.0
163,2021-10-20 06:17:33,30050.0,500.0,90800.0
164,2021-10-20 06:17:33,30050.0,200.0,90300.0
165,2021-10-20 06:17:33,30050.0,300.0,90100.0
166,2021-10-20 06:17:33,30050.0,200.0,89800.0
167,2021-10-20 06:17:33,30050.0,100.0,89600.0
168,2021-10-20 06:17:33,30050.0,100.0,89500.0
169,2021-10-20 06:17:33,30050.0,600.0,89400.0
170,2021-10-20 06:15:30,30050.0,100.0,88800.0
171,2021-10-20 06:13:59,30050.0,700.0,88700.0
172,2021-10-20 06:13:16,30100.0,200.0,88000.0
173,2021-10-20 06:13:16,30100.0,500.0,87800.0
174,2021-10-20 06:13:16,30100.0,200.0,87300.0
175,2021-10-20 06:13:16,30100.0,300.0,87100.0
176,2021-10-20 06:13:01,30100.0,700.0,86800.0
177,2021-10-20 06:08:44,30100.0,500.0,86100.0
178,2021-10-20 06:08:44,30100.0,300.0,85600.0
179,2021-10-20 06:08:44,30100.0,100.0,85300.0
180,2021-10-20 06:08:44,30100.0,100.0,85200.0
181,2021-10-20 06:08:44,30100.0,100.0,85100.0
182,2021-10-20 06:08:44,30100.0,100.0,85000.0
183,2021-10-20 06:04:52,30150.0,500.0,84900.0
184,2021-10-20 06:02:45,30200.0,500.0,84400.0
185,2021-10-20 06:00:22,30200.0,100.0,83900.0
186,2021-10-20 06:00:22,30200.0,200.0,83800.0
187,2021-10-20 06:00:22,30200.0,2800.0,83600.0
188,2021-10-20 04:26:41,30200.0,1000.0,80800.0
189,2021-10-20 04:24:48,30200.0,100.0,79800.0
190,2021-10-20 04:24:48,30200.0,300.0,79700.0
191,2021-10-20 04:24:48,30150.0,700.0,79400.0
192,2021-10-20 04:24:48,30150.0,100.0,78700.0
193,2021-10-20 04:24:31,30150.0,200.0,78600.0
194,2021-10-20 04:23:17,30150.0,200.0,78400.0
195,2021-10-20 04:18:40,30100.0,100.0,78200.0
196,2021-10-20 04:18:40,30100.0,500.0,78100.0
197,2021-10-20 04:18:40,30100.0,100.0,77600.0
198,2021-10-20 04:17:38,30100.0,700.0,77500.0
199,2021-10-20 04:16:24,30100.0,700.0,76800.0
200,2021-10-20 04:15:15,30150.0,200.0,76100.0
201,2021-10-20 04:13:30,30200.0,100.0,75900.0
202,2021-10-20 04:08:47,30200.0,300.0,75800.0
203,2021-10-20 04:04:56,30200.0,700.0,75500.0
204,2021-10-20 04:03:26,30250.0,200.0,74800.0
205,2021-10-20 04:03:26,30250.0,100.0,74600.0
206,2021-10-20 04:02:27,30250.0,100.0,74500.0
207,2021-10-20 04:02:27,30250.0,100.0,74400.0
208,2021-10-20 04:00:39,30250.0,100.0,74300.0
209,2021-10-20 03:53:57,30250.0,200.0,74200.0
210,2021-10-20 03:53:57,30250.0,100.0,74000.0
211,2021-10-20 03:52:30,30250.0,300.0,73900.0
212,2021-10-20 03:51:04,30250.0,2600.0,73600.0
213,2021-10-20 03:51:04,30250.0,200.0,71000.0
214,2021-10-20 03:51:04,30250.0,200.0,70800.0
215,2021-10-20 03:49:15,30300.0,100.0,70600.0
216,2021-10-20 03:46:25,30300.0,300.0,70500.0
217,2021-10-20 03:46:04,30300.0,200.0,70200.0
218,2021-10-20 03:38:25,30250.0,700.0,70000.0
219,2021-10-20 03:38:25,30250.0,100.0,69300.0
220,2021-10-20 03:34:21,30150.0,100.0,69200.0
221,2021-10-20 03:33:01,30150.0,100.0,69100.0
222,2021-10-20 03:32:45,30150.0,500.0,69000.0
223,2021-10-20 03:31:02,30150.0,500.0,68500.0
224,2021-10-20 03:28:32,30100.0,1500.0,68000.0
225,2021-10-20 03:25:19,30100.0,700.0,66500.0
226,2021-10-20 03:22:04,30150.0,100.0,65800.0
227,2021-10-20 03:22:04,30150.0,100.0,65700.0
228,2021-10-20 03:16:17,30200.0,100.0,65600.0
229,2021-10-20 03:16:17,30200.0,100.0,65500.0
230,2021-10-20 03:16:17,30200.0,100.0,65400.0
231,2021-10-20 03:16:17,30200.0,500.0,65300.0
232,2021-10-20 03:16:17,30200.0,200.0,64800.0
233,2021-10-20 03:12:39,30200.0,500.0,64600.0
234,2021-10-20 03:12:39,30200.0,200.0,64100.0
235,2021-10-20 03:08:06,30200.0,100.0,63900.0
236,2021-10-20 03:08:06,30200.0,100.0,63800.0
237,2021-10-20 03:07:31,30200.0,100.0,63700.0
238,2021-10-20 03:07:31,30200.0,200.0,63600.0
239,2021-10-20 03:07:31,30200.0,400.0,63400.0
240,2021-10-20 03:07:31,30300.0,300.0,63000.0
241,2021-10-20 03:07:31,30350.0,200.0,62700.0
242,2021-10-20 03:07:31,30400.0,500.0,62500.0
243,2021-10-20 03:07:31,30400.0,900.0,62000.0
244,2021-10-20 03:06:49,30400.0,100.0,61100.0
245,2021-10-20 03:06:36,30400.0,300.0,61000.0
246,2021-10-20 03:06:26,30300.0,700.0,60700.0
247,2021-10-20 03:05:30,30250.0,200.0,60000.0
248,2021-10-20 03:00:00,30200.0,100.0,59800.0
249,2021-10-20 02:59:03,30200.0,400.0,59700.0
250,2021-10-20 02:59:03,30200.0,400.0,59300.0
251,2021-10-20 02:58:59,30400.0,300.0,58900.0
252,2021-10-20 02:58:59,30400.0,200.0,58600.0
253,2021-10-20 02:58:11,30400.0,500.0,58400.0
254,2021-10-20 02:55:14,30050.0,600.0,57900.0
255,2021-10-20 02:55:14,30050.0,1000.0,57300.0
256,2021-10-20 02:55:14,30050.0,200.0,56300.0
257,2021-10-20 02:55:14,30050.0,100.0,56100.0
258,2021-10-20 02:55:14,30050.0,100.0,56000.0
259,2021-10-20 02:50:16,30000.0,700.0,55900.0
260,2021-10-20 02:50:16,30000.0,100.0,55200.0
261,2021-10-20 02:50:16,30000.0,100.0,55100.0
262,2021-10-20 02:50:16,30000.0,100.0,55000.0
263,2021-10-20 02:50:16,30000.0,200.0,54900.0
264,2021-10-20 02:50:16,30100.0,200.0,54700.0
265,2021-10-20 02:50:16,30100.0,300.0,54500.0
266,2021-10-20 02:50:16,30100.0,3000.0,54200.0
267,2021-10-20 02:50:16,30150.0,100.0,51200.0
268,2021-10-20 02:50:16,30150.0,200.0,51100.0
269,2021-10-20 02:50:16,30150.0,800.0,50900.0
270,2021-10-20 02:50:16,30200.0,500.0,50100.0
271,2021-10-20 02:50:16,30400.0,1400.0,49600.0
272,2021-10-20 02:50:16,30400.0,200.0,48200.0
273,2021-10-20 02:46:57,30600.0,700.0,48000.0
274,2021-10-20 02:45:40,30700.0,100.0,47300.0
275,2021-10-20 02:44:17,30700.0,100.0,47200.0
276,2021-10-20 02:44:17,30700.0,200.0,47100.0
277,2021-10-20 02:44:17,30600.0,500.0,46900.0
278,2021-10-20 02:44:17,30600.0,6300.0,46400.0
279,2021-10-20 02:44:17,30600.0,700.0,40100.0
280,2021-10-20 02:44:17,30500.0,200.0,39400.0
281,2021-10-20 02:42:49,30500.0,300.0,39200.0
282,2021-10-20 02:41:37,30500.0,100.0,38900.0
283,2021-10-20 02:41:37,30500.0,100.0,38800.0
284,2021-10-20 02:40:36,30500.0,1000.0,38700.0
285,2021-10-20 02:40:36,30500.0,200.0,37700.0
286,2021-10-20 02:40:18,30500.0,200.0,37500.0
287,2021-10-20 02:39:45,30500.0,500.0,37300.0
288,2021-10-20 02:39:45,30500.0,100.0,36800.0
289,2021-10-20 02:36:04,30700.0,200.0,36700.0
290,2021-10-20 02:36:04,30700.0,300.0,36500.0
291,2021-10-20 02:36:04,30700.0,1200.0,36200.0
292,2021-10-20 02:36:04,30700.0,200.0,35000.0
293,2021-10-20 02:36:01,30700.0,100.0,34800.0
294,2021-10-20 02:36:01,30700.0,400.0,34700.0
295,2021-10-20 02:35:59,30700.0,100.0,34300.0
296,2021-10-20 02:35:59,30700.0,100.0,34200.0
297,2021-10-20 02:35:29,30700.0,700.0,34100.0
298,2021-10-20 02:35:04,30800.0,100.0,33400.0
299,2021-10-20 02:34:17,30800.0,300.0,33300.0
300,2021-10-20 02:34:17,30800.0,400.0,33000.0
301,2021-10-20 02:33:56,30800.0,600.0,32600.0
302,2021-10-20 02:33:09,30800.0,100.0,32000.0
303,2021-10-20 02:32:28,30750.0,200.0,31900.0
304,2021-10-20 02:30:37,30900.0,300.0,31700.0
305,2021-10-20 02:29:47,30900.0,200.0,31400.0
306,2021-10-20 02:29:47,30800.0,1000.0,31200.0
307,2021-10-20 02:29:47,30800.0,100.0,30200.0
308,2021-10-20 02:29:47,30800.0,500.0,30100.0
309,2021-10-20 02:29:47,30700.0,500.0,29600.0
310,2021-10-20 02:29:47,30600.0,1000.0,29100.0
311,2021-10-20 02:29:47,30600.0,700.0,28100.0
312,2021-10-20 02:29:42,30600.0,100.0,27400.0
313,2021-10-20 02:27:17,29950.0,300.0,27300.0
314,2021-10-20 02:27:17,30000.0,2000.0,27000.0
315,2021-10-20 02:27:17,30000.0,100.0,25000.0
316,2021-10-20 02:27:17,30000.0,300.0,24900.0
317,2021-10-20 02:27:17,30000.0,100.0,24600.0
318,2021-10-20 02:27:17,30100.0,100.0,24500.0
319,2021-10-20 02:27:17,30100.0,3000.0,24400.0
320,2021-10-20 02:27:17,30150.0,500.0,21400.0
321,2021-10-20 02:27:17,30200.0,500.0,20900.0
322,2021-10-20 02:27:17,30200.0,500.0,20400.0
323,2021-10-20 02:27:17,30200.0,300.0,19900.0
324,2021-10-20 02:27:17,30200.0,300.0,19600.0
325,2021-10-20 02:27:17,30500.0,1000.0,19300.0
326,2021-10-20 02:27:17,30500.0,400.0,18300.0
327,2021-10-20 02:26:31,30500.0,2400.0,17900.0
328,2021-10-20 02:26:31,30500.0,1200.0,15500.0
329,2021-10-20 02:26:21,30500.0,100.0,14300.0
330,2021-10-20 02:25:56,30500.0,1000.0,14200.0
331,2021-10-20 02:25:35,30600.0,200.0,13200.0
332,2021-10-20 02:25:30,30600.0,200.0,13000.0
333,2021-10-20 02:24:53,30600.0,500.0,12800.0
334,2021-10-20 02:24:07,30600.0,300.0,12300.0
335,2021-10-20 02:24:07,30600.0,700.0,12000.0
336,2021-10-20 02:23:16,30500.0,1000.0,11300.0
337,2021-10-20 02:23:02,30500.0,500.0,10300.0
338,2021-10-20 02:21:34,30500.0,100.0,9800.0
339,2021-10-20 02:20:09,30500.0,100.0,9700.0
340,2021-10-20 02:19:26,30500.0,300.0,9600.0
341,2021-10-20 02:18:12,30500.0,100.0,9300.0
342,2021-10-20 02:18:06,30500.0,600.0,9200.0
343,2021-10-20 02:18:06,30500.0,100.0,8600.0
344,2021-10-20 02:18:06,30500.0,200.0,8500.0
345,2021-10-20 02:17:43,30600.0,3000.0,8300.0
346,2021-10-20 02:17:25,30500.0,300.0,5300.0
347,2021-10-20 02:17:25,30500.0,200.0,5000.0
348,2021-10-20 02:17:25,30500.0,100.0,4800.0
349,2021-10-20 02:17:25,30500.0,100.0,4700.0
350,2021-10-20 02:17:25,30500.0,200.0,4600.0
351,2021-10-20 02:17:25,30500.0,100.0,4400.0
352,2021-10-20 02:17:15,30600.0,500.0,4300.0
353,2021-10-20 02:16:57,30700.0,500.0,3800.0
354,2021-10-20 02:16:49,30900.0,100.0,3300.0
355,2021-10-20 02:16:49,30900.0,100.0,3200.0
356,2021-10-20 02:15:00,30500.0,100.0,3100.0
357,2021-10-20 02:15:00,30500.0,1600.0,3000.0
358,2021-10-20 02:15:00,30500.0,200.0,1400.0
359,2021-10-20 02:15:00,30500.0,200.0,1200.0
360,2021-10-20 02:15:00,30500.0,1000.0,1000.0
