,Time,Price,Volume_per_trade,Volume
0,2021-10-17 07:45:00,28950.0,700.0,143900.0
1,2021-10-17 07:45:00,28950.0,300.0,143200.0
2,2021-10-17 07:29:52,28850.0,100.0,142900.0
3,2021-10-17 07:29:15,28850.0,300.0,142800.0
4,2021-10-17 07:29:09,28850.0,700.0,142500.0
5,2021-10-17 07:27:11,28850.0,1500.0,141800.0
6,2021-10-17 07:25:01,28800.0,500.0,140300.0
7,2021-10-17 07:25:01,28800.0,200.0,139800.0
8,2021-10-17 07:21:33,28800.0,900.0,139600.0
9,2021-10-17 07:21:33,28800.0,500.0,138700.0
10,2021-10-17 07:21:33,28800.0,100.0,138200.0
11,2021-10-17 07:21:10,28800.0,1300.0,138100.0
12,2021-10-17 07:20:36,28800.0,700.0,136800.0
13,2021-10-17 07:19:51,28900.0,1000.0,136100.0
14,2021-10-17 07:19:51,28900.0,100.0,135100.0
15,2021-10-17 07:19:51,28900.0,1100.0,135000.0
16,2021-10-17 07:19:51,28900.0,100.0,133900.0
17,2021-10-17 07:19:51,28900.0,200.0,133800.0
18,2021-10-17 07:19:34,28900.0,500.0,133600.0
19,2021-10-17 07:19:34,28900.0,2500.0,133100.0
20,2021-10-17 07:16:10,28950.0,100.0,130600.0
21,2021-10-17 07:15:37,28950.0,500.0,130500.0
22,2021-10-17 07:15:13,28950.0,900.0,130000.0
23,2021-10-17 07:15:13,28950.0,3700.0,129100.0
24,2021-10-17 07:14:56,28950.0,500.0,125400.0
25,2021-10-17 07:11:45,28950.0,500.0,124900.0
26,2021-10-17 07:09:40,28950.0,300.0,124400.0
27,2021-10-17 07:09:40,28950.0,200.0,124100.0
28,2021-10-17 07:07:39,29000.0,100.0,123900.0
29,2021-10-17 07:07:39,29000.0,300.0,123800.0
30,2021-10-17 07:07:20,29000.0,500.0,123500.0
31,2021-10-17 07:02:58,29000.0,200.0,123000.0
32,2021-10-17 07:02:55,28950.0,500.0,122800.0
33,2021-10-17 06:58:29,28950.0,500.0,122300.0
34,2021-10-17 06:56:22,28950.0,900.0,121800.0
35,2021-10-17 06:54:04,28950.0,400.0,120900.0
36,2021-10-17 06:54:04,28950.0,100.0,120500.0
37,2021-10-17 06:49:39,28950.0,400.0,120400.0
38,2021-10-17 06:46:45,28950.0,500.0,120000.0
39,2021-10-17 06:46:45,28950.0,200.0,119500.0
40,2021-10-17 06:46:45,28950.0,100.0,119300.0
41,2021-10-17 06:46:45,28950.0,100.0,119200.0
42,2021-10-17 06:45:51,29000.0,100.0,119100.0
43,2021-10-17 06:45:14,29000.0,100.0,119000.0
44,2021-10-17 06:45:14,29000.0,100.0,118900.0
45,2021-10-17 06:45:14,29000.0,200.0,118800.0
46,2021-10-17 06:45:08,29000.0,1800.0,118600.0
47,2021-10-17 06:45:08,29000.0,200.0,116800.0
48,2021-10-17 06:44:54,29000.0,2000.0,116600.0
49,2021-10-17 06:44:42,29000.0,800.0,114600.0
50,2021-10-17 06:44:42,29000.0,700.0,113800.0
51,2021-10-17 06:43:11,29100.0,2000.0,113100.0
52,2021-10-17 06:42:37,29000.0,300.0,111100.0
53,2021-10-17 06:41:28,29000.0,200.0,110800.0
54,2021-10-17 06:40:48,29000.0,300.0,110600.0
55,2021-10-17 06:40:48,29000.0,100.0,110300.0
56,2021-10-17 06:37:35,29000.0,100.0,110200.0
57,2021-10-17 06:36:23,29000.0,200.0,110100.0
58,2021-10-17 06:36:23,29000.0,200.0,109900.0
59,2021-10-17 06:33:59,29100.0,1000.0,109700.0
60,2021-10-17 06:33:59,29100.0,800.0,108700.0
61,2021-10-17 06:31:58,29100.0,200.0,107900.0
62,2021-10-17 06:31:58,29100.0,200.0,107700.0
63,2021-10-17 06:31:31,29100.0,100.0,107500.0
64,2021-10-17 06:30:08,29100.0,100.0,107400.0
65,2021-10-17 06:30:02,29100.0,200.0,107300.0
66,2021-10-17 06:28:50,29100.0,500.0,107100.0
67,2021-10-17 06:27:33,29100.0,400.0,106600.0
68,2021-10-17 06:23:06,29100.0,400.0,106200.0
69,2021-10-17 06:18:42,29100.0,300.0,105800.0
70,2021-10-17 06:18:42,29100.0,100.0,105500.0
71,2021-10-17 06:15:18,29150.0,500.0,105400.0
72,2021-10-17 06:15:18,29150.0,200.0,104900.0
73,2021-10-17 06:15:18,29150.0,1100.0,104700.0
74,2021-10-17 06:14:53,29150.0,1000.0,103600.0
75,2021-10-17 06:14:17,29150.0,400.0,102600.0
76,2021-10-17 06:09:52,29150.0,400.0,102200.0
77,2021-10-17 06:07:41,29150.0,700.0,101800.0
78,2021-10-17 06:07:38,29150.0,500.0,101100.0
79,2021-10-17 06:07:17,29200.0,200.0,100600.0
80,2021-10-17 06:07:13,29200.0,300.0,100400.0
81,2021-10-17 06:07:04,29200.0,100.0,100100.0
82,2021-10-17 06:06:55,29200.0,100.0,100000.0
83,2021-10-17 06:06:46,29200.0,100.0,99900.0
84,2021-10-17 06:06:40,29200.0,100.0,99800.0
85,2021-10-17 06:06:20,29200.0,200.0,99700.0
86,2021-10-17 06:06:05,29200.0,100.0,99500.0
87,2021-10-17 06:05:45,29200.0,200.0,99400.0
88,2021-10-17 06:05:45,29200.0,100.0,99200.0
89,2021-10-17 06:05:45,29200.0,200.0,99100.0
90,2021-10-17 06:05:26,29200.0,400.0,98900.0
91,2021-10-17 06:04:37,29200.0,100.0,98500.0
92,2021-10-17 06:01:03,29200.0,4600.0,98400.0
93,2021-10-17 06:01:01,29150.0,400.0,93800.0
94,2021-10-17 06:00:18,29200.0,300.0,93400.0
95,2021-10-17 06:00:02,29200.0,100.0,93100.0
96,2021-10-17 06:00:02,29200.0,500.0,93000.0
97,2021-10-17 06:00:02,29200.0,3800.0,92500.0
98,2021-10-17 06:00:02,29200.0,200.0,88700.0
99,2021-10-17 04:28:01,29200.0,500.0,88500.0
100,2021-10-17 04:26:29,29250.0,100.0,88000.0
101,2021-10-17 04:24:46,29250.0,400.0,87900.0
102,2021-10-17 04:24:46,29250.0,600.0,87500.0
103,2021-10-17 04:23:46,29300.0,200.0,86900.0
104,2021-10-17 04:23:27,29250.0,500.0,86700.0
105,2021-10-17 04:22:24,29250.0,300.0,86200.0
106,2021-10-17 04:21:53,29250.0,200.0,85900.0
107,2021-10-17 04:18:55,29250.0,400.0,85700.0
108,2021-10-17 04:18:55,29250.0,100.0,85300.0
109,2021-10-17 04:18:47,29250.0,400.0,85200.0
110,2021-10-17 04:18:47,29250.0,100.0,84800.0
111,2021-10-17 04:14:51,29400.0,100.0,84700.0
112,2021-10-17 04:14:51,29300.0,100.0,84600.0
113,2021-10-17 04:14:31,29200.0,100.0,84500.0
114,2021-10-17 04:14:21,29200.0,500.0,84400.0
115,2021-10-17 04:13:42,29300.0,100.0,83900.0
116,2021-10-17 04:13:37,29300.0,500.0,83800.0
117,2021-10-17 04:13:37,29300.0,100.0,83300.0
118,2021-10-17 04:13:37,29300.0,200.0,83200.0
119,2021-10-17 04:12:38,29300.0,300.0,83000.0
120,2021-10-17 04:11:52,29300.0,3000.0,82700.0
121,2021-10-17 04:09:48,29300.0,500.0,79700.0
122,2021-10-17 04:09:03,29300.0,100.0,79200.0
123,2021-10-17 04:09:03,29350.0,100.0,79100.0
124,2021-10-17 04:08:19,29400.0,300.0,79000.0
125,2021-10-17 04:08:19,29400.0,300.0,78700.0
126,2021-10-17 04:08:19,29400.0,900.0,78400.0
127,2021-10-17 04:06:47,29400.0,100.0,77500.0
128,2021-10-17 04:06:38,29300.0,100.0,77400.0
129,2021-10-17 04:06:05,29300.0,300.0,77300.0
130,2021-10-17 04:05:15,29300.0,500.0,77000.0
131,2021-10-17 04:04:59,29300.0,100.0,76500.0
132,2021-10-17 04:04:59,29300.0,200.0,76400.0
133,2021-10-17 04:04:59,29300.0,500.0,76200.0
134,2021-10-17 04:04:59,29300.0,2000.0,75700.0
135,2021-10-17 04:04:59,29300.0,1000.0,73700.0
136,2021-10-17 04:04:59,29250.0,100.0,72700.0
137,2021-10-17 04:04:59,29250.0,100.0,72600.0
138,2021-10-17 04:04:59,29250.0,1200.0,72500.0
139,2021-10-17 04:04:45,29250.0,200.0,71300.0
140,2021-10-17 04:03:43,29250.0,500.0,71100.0
141,2021-10-17 04:02:40,29200.0,100.0,70600.0
142,2021-10-17 04:02:35,29200.0,1000.0,70500.0
143,2021-10-17 04:02:25,29200.0,100.0,69500.0
144,2021-10-17 04:01:45,29200.0,1000.0,69400.0
145,2021-10-17 04:00:44,29200.0,200.0,68400.0
146,2021-10-17 04:00:44,29200.0,100.0,68200.0
147,2021-10-17 04:00:44,29200.0,100.0,68100.0
148,2021-10-17 04:00:44,29200.0,100.0,68000.0
149,2021-10-17 04:00:41,29150.0,500.0,67900.0
150,2021-10-17 04:00:31,29200.0,300.0,67400.0
151,2021-10-17 03:59:02,29200.0,100.0,67100.0
152,2021-10-17 03:56:42,29250.0,100.0,67000.0
153,2021-10-17 03:56:40,29100.0,400.0,66900.0
154,2021-10-17 03:56:09,29100.0,500.0,66500.0
155,2021-10-17 03:55:40,29200.0,100.0,66000.0
156,2021-10-17 03:55:40,29200.0,100.0,65900.0
157,2021-10-17 03:55:40,29200.0,200.0,65800.0
158,2021-10-17 03:55:40,29200.0,500.0,65600.0
159,2021-10-17 03:55:40,29200.0,200.0,65100.0
160,2021-10-17 03:55:40,29200.0,2000.0,64900.0
161,2021-10-17 03:55:40,29200.0,200.0,62900.0
162,2021-10-17 03:55:40,29200.0,100.0,62700.0
163,2021-10-17 03:55:13,29100.0,100.0,62600.0
164,2021-10-17 03:55:13,29100.0,200.0,62500.0
165,2021-10-17 03:55:13,29100.0,400.0,62300.0
166,2021-10-17 03:55:13,29100.0,200.0,61900.0
167,2021-10-17 03:55:13,29100.0,1600.0,61700.0
168,2021-10-17 03:55:06,29100.0,300.0,60100.0
169,2021-10-17 03:53:59,29100.0,100.0,59800.0
170,2021-10-17 03:53:59,29000.0,200.0,59700.0
171,2021-10-17 03:53:44,29000.0,100.0,59500.0
172,2021-10-17 03:53:44,29000.0,700.0,59400.0
173,2021-10-17 03:53:33,29000.0,100.0,58700.0
174,2021-10-17 03:51:36,29000.0,500.0,58600.0
175,2021-10-17 03:50:15,29000.0,100.0,58100.0
176,2021-10-17 03:50:06,29000.0,1500.0,58000.0
177,2021-10-17 03:48:39,29000.0,1000.0,56500.0
178,2021-10-17 03:48:39,29000.0,100.0,55500.0
179,2021-10-17 03:48:39,29000.0,200.0,55400.0
180,2021-10-17 03:48:39,29000.0,1000.0,55200.0
181,2021-10-17 03:48:39,29000.0,1000.0,54200.0
182,2021-10-17 03:48:39,29000.0,3000.0,53200.0
183,2021-10-17 03:48:39,29000.0,400.0,50200.0
184,2021-10-17 03:48:39,29000.0,1000.0,49800.0
185,2021-10-17 03:48:39,29000.0,3000.0,48800.0
186,2021-10-17 03:48:39,29000.0,2200.0,45800.0
187,2021-10-17 03:48:39,29000.0,2900.0,43600.0
188,2021-10-17 03:48:39,29000.0,600.0,40700.0
189,2021-10-17 03:48:39,29000.0,500.0,40100.0
190,2021-10-17 03:48:39,29000.0,100.0,39600.0
191,2021-10-17 03:48:39,29000.0,100.0,39500.0
192,2021-10-17 03:48:24,28900.0,300.0,39400.0
193,2021-10-17 03:48:13,28900.0,100.0,39100.0
194,2021-10-17 03:48:13,28900.0,1000.0,39000.0
195,2021-10-17 03:48:13,28850.0,100.0,38000.0
196,2021-10-17 03:47:02,28800.0,500.0,37900.0
197,2021-10-17 03:42:30,28800.0,500.0,37400.0
198,2021-10-17 03:40:40,28800.0,900.0,36900.0
199,2021-10-17 03:40:40,28800.0,100.0,36000.0
200,2021-10-17 03:37:57,28800.0,500.0,35900.0
201,2021-10-17 03:37:50,28800.0,400.0,35400.0
202,2021-10-17 03:34:48,28800.0,2800.0,35000.0
203,2021-10-17 03:34:48,28800.0,600.0,32200.0
204,2021-10-17 03:34:48,28800.0,600.0,31600.0
205,2021-10-17 03:33:56,28750.0,2000.0,31000.0
206,2021-10-17 03:33:24,28750.0,400.0,29000.0
207,2021-10-17 03:32:47,28800.0,200.0,28600.0
208,2021-10-17 03:32:47,28800.0,800.0,28400.0
209,2021-10-17 03:28:51,28750.0,400.0,27600.0
210,2021-10-17 03:28:33,28750.0,100.0,27200.0
211,2021-10-17 03:24:18,28750.0,400.0,27100.0
212,2021-10-17 03:20:25,28750.0,100.0,26700.0
213,2021-10-17 03:19:44,28750.0,400.0,26600.0
214,2021-10-17 03:18:15,28750.0,100.0,26200.0
215,2021-10-17 03:15:11,28750.0,400.0,26100.0
216,2021-10-17 03:10:38,28750.0,400.0,25700.0
217,2021-10-17 03:10:14,28800.0,800.0,25300.0
218,2021-10-17 03:10:14,28800.0,300.0,24500.0
219,2021-10-17 03:09:04,28750.0,700.0,24200.0
220,2021-10-17 03:08:47,28750.0,300.0,23500.0
221,2021-10-17 03:06:05,28750.0,400.0,23200.0
222,2021-10-17 03:05:11,28800.0,3000.0,22800.0
223,2021-10-17 03:04:25,28800.0,700.0,19800.0
224,2021-10-17 03:01:32,28800.0,400.0,19100.0
225,2021-10-17 02:58:56,28850.0,400.0,18700.0
226,2021-10-17 02:56:59,28800.0,400.0,18300.0
227,2021-10-17 02:56:14,28800.0,100.0,17900.0
228,2021-10-17 02:56:14,28800.0,3400.0,17800.0
229,2021-10-17 02:55:45,28800.0,300.0,14400.0
230,2021-10-17 02:55:13,28800.0,200.0,14100.0
231,2021-10-17 02:55:13,28800.0,400.0,13900.0
232,2021-10-17 02:55:13,28800.0,1000.0,13500.0
233,2021-10-17 02:55:13,28800.0,300.0,12500.0
234,2021-10-17 02:52:26,28800.0,400.0,12200.0
235,2021-10-17 02:51:25,28800.0,300.0,11800.0
236,2021-10-17 02:51:12,28800.0,300.0,11500.0
237,2021-10-17 02:50:49,28800.0,300.0,11200.0
238,2021-10-17 02:47:53,28750.0,400.0,10900.0
239,2021-10-17 02:45:04,28700.0,100.0,10500.0
240,2021-10-17 02:43:20,28700.0,400.0,10400.0
241,2021-10-17 02:38:47,28700.0,400.0,10000.0
242,2021-10-17 02:37:23,28750.0,300.0,9600.0
243,2021-10-17 02:35:28,28750.0,200.0,9300.0
244,2021-10-17 02:34:13,28750.0,300.0,9100.0
245,2021-10-17 02:34:13,28750.0,100.0,8800.0
246,2021-10-17 02:31:28,28800.0,100.0,8700.0
247,2021-10-17 02:29:40,28750.0,400.0,8600.0
248,2021-10-17 02:27:39,28750.0,200.0,8200.0
249,2021-10-17 02:25:13,28750.0,100.0,8000.0
250,2021-10-17 02:25:07,28750.0,100.0,7900.0
251,2021-10-17 02:21:19,28700.0,100.0,7800.0
252,2021-10-17 02:21:19,28750.0,600.0,7700.0
253,2021-10-17 02:20:34,28750.0,400.0,7100.0
254,2021-10-17 02:18:36,29000.0,400.0,6700.0
255,2021-10-17 02:18:06,29000.0,100.0,6300.0
256,2021-10-17 02:17:41,29000.0,5000.0,6200.0
257,2021-10-17 02:17:41,28900.0,500.0,1200.0
258,2021-10-17 02:16:01,28700.0,100.0,700.0
259,2021-10-17 02:16:01,28700.0,100.0,600.0
260,2021-10-17 02:16:01,28700.0,100.0,500.0
261,2021-10-17 02:16:01,28700.0,100.0,400.0
262,2021-10-17 02:15:00,28750.0,300.0,300.0
