,Time,Price,Volume_per_trade,Volume
0,2021-10-17 07:45:01,18500.0,800.0,160400.0
1,2021-10-17 07:45:01,18500.0,200.0,159600.0
2,2021-10-17 07:45:01,18500.0,200.0,159400.0
3,2021-10-17 07:45:01,18500.0,1300.0,159200.0
4,2021-10-17 07:45:01,18500.0,400.0,157900.0
5,2021-10-17 07:45:01,18500.0,1000.0,157500.0
6,2021-10-17 07:45:01,18500.0,300.0,156500.0
7,2021-10-17 07:45:01,18500.0,500.0,156200.0
8,2021-10-17 07:45:01,18500.0,200.0,155700.0
9,2021-10-17 07:45:01,18500.0,1100.0,155500.0
10,2021-10-17 07:45:01,18500.0,1000.0,154400.0
11,2021-10-17 07:45:01,18500.0,1000.0,153400.0
12,2021-10-17 07:45:01,18500.0,1000.0,152400.0
13,2021-10-17 07:28:28,18300.0,200.0,151400.0
14,2021-10-17 07:28:20,18300.0,100.0,151200.0
15,2021-10-17 07:26:27,18300.0,600.0,151100.0
16,2021-10-17 07:26:27,18300.0,400.0,150500.0
17,2021-10-17 07:26:02,18300.0,600.0,150100.0
18,2021-10-17 07:26:02,18300.0,200.0,149500.0
19,2021-10-17 07:23:57,18300.0,300.0,149300.0
20,2021-10-17 07:23:57,18350.0,100.0,149000.0
21,2021-10-17 07:23:09,18400.0,600.0,148900.0
22,2021-10-17 07:22:59,18400.0,100.0,148300.0
23,2021-10-17 07:22:59,18400.0,12300.0,148200.0
24,2021-10-17 07:22:23,18400.0,1500.0,135900.0
25,2021-10-17 07:22:23,18400.0,5000.0,134400.0
26,2021-10-17 07:22:23,18400.0,1000.0,129400.0
27,2021-10-17 07:22:23,18400.0,200.0,128400.0
28,2021-10-17 07:13:31,18450.0,1500.0,128200.0
29,2021-10-17 07:08:54,18450.0,4000.0,126700.0
30,2021-10-17 07:08:54,18450.0,200.0,122700.0
31,2021-10-17 07:05:01,18400.0,3100.0,122500.0
32,2021-10-17 07:05:01,18400.0,1900.0,119400.0
33,2021-10-17 07:04:14,18400.0,400.0,117500.0
34,2021-10-17 06:56:15,18450.0,2200.0,117100.0
35,2021-10-17 06:55:34,18450.0,2000.0,114900.0
36,2021-10-17 06:55:20,18450.0,1000.0,112900.0
37,2021-10-17 06:54:17,18450.0,200.0,111900.0
38,2021-10-17 06:53:57,18450.0,1300.0,111700.0
39,2021-10-17 06:53:32,18450.0,1000.0,110400.0
40,2021-10-17 06:52:30,18450.0,1000.0,109400.0
41,2021-10-17 06:52:30,18450.0,1300.0,108400.0
42,2021-10-17 06:51:56,18400.0,400.0,107100.0
43,2021-10-17 06:45:07,18450.0,1000.0,106700.0
44,2021-10-17 06:38:52,18400.0,2000.0,105700.0
45,2021-10-17 06:37:23,18450.0,100.0,103700.0
46,2021-10-17 06:35:58,18450.0,200.0,103600.0
47,2021-10-17 06:30:55,18500.0,200.0,103400.0
48,2021-10-17 06:28:13,18500.0,700.0,103200.0
49,2021-10-17 06:28:13,18500.0,1000.0,102500.0
50,2021-10-17 06:28:13,18500.0,600.0,101500.0
51,2021-10-17 06:23:41,18550.0,400.0,100900.0
52,2021-10-17 06:17:29,18550.0,600.0,100500.0
53,2021-10-17 06:17:29,18550.0,1000.0,99900.0
54,2021-10-17 06:10:26,18550.0,1000.0,98900.0
55,2021-10-17 06:05:05,18550.0,200.0,97900.0
56,2021-10-17 06:04:51,18550.0,100.0,97700.0
57,2021-10-17 06:03:07,18550.0,200.0,97600.0
58,2021-10-17 06:00:05,18550.0,100.0,97400.0
59,2021-10-17 06:00:01,18500.0,5700.0,97300.0
60,2021-10-17 04:28:26,18500.0,500.0,91600.0
61,2021-10-17 04:28:26,18500.0,1800.0,91100.0
62,2021-10-17 04:28:06,18500.0,100.0,89300.0
63,2021-10-17 04:27:41,18500.0,200.0,89200.0
64,2021-10-17 04:27:41,18500.0,2900.0,89000.0
65,2021-10-17 04:21:39,18500.0,100.0,86100.0
66,2021-10-17 04:19:07,18400.0,300.0,86000.0
67,2021-10-17 04:19:07,18400.0,700.0,85700.0
68,2021-10-17 04:12:57,18450.0,500.0,85000.0
69,2021-10-17 04:12:57,18450.0,100.0,84500.0
70,2021-10-17 04:12:57,18450.0,200.0,84400.0
71,2021-10-17 04:12:57,18450.0,10000.0,84200.0
72,2021-10-17 04:12:57,18450.0,900.0,74200.0
73,2021-10-17 04:12:57,18450.0,5000.0,73300.0
74,2021-10-17 04:12:57,18450.0,300.0,68300.0
75,2021-10-17 04:12:31,18500.0,100.0,68000.0
76,2021-10-17 04:12:31,18500.0,200.0,67900.0
77,2021-10-17 04:09:31,18500.0,100.0,67700.0
78,2021-10-17 04:09:31,18500.0,700.0,67600.0
79,2021-10-17 04:04:53,18500.0,300.0,66900.0
80,2021-10-17 04:04:53,18500.0,1000.0,66600.0
81,2021-10-17 04:03:51,18500.0,500.0,65600.0
82,2021-10-17 03:55:37,18550.0,100.0,65100.0
83,2021-10-17 03:53:00,18550.0,100.0,65000.0
84,2021-10-17 03:53:00,18550.0,400.0,64900.0
85,2021-10-17 03:51:27,18550.0,500.0,64500.0
86,2021-10-17 03:39:20,18550.0,100.0,64000.0
87,2021-10-17 03:38:25,18550.0,500.0,63900.0
88,2021-10-17 03:37:46,18550.0,200.0,63400.0
89,2021-10-17 03:34:02,18550.0,1000.0,63200.0
90,2021-10-17 03:34:02,18550.0,1100.0,62200.0
91,2021-10-17 03:32:57,18550.0,900.0,61100.0
92,2021-10-17 03:32:57,18550.0,200.0,60200.0
93,2021-10-17 03:32:57,18550.0,900.0,60000.0
94,2021-10-17 03:31:55,18550.0,200.0,59100.0
95,2021-10-17 03:31:34,18550.0,100.0,58900.0
96,2021-10-17 03:30:41,18550.0,2000.0,58800.0
97,2021-10-17 03:28:26,18550.0,1800.0,56800.0
98,2021-10-17 03:27:02,18550.0,800.0,55000.0
99,2021-10-17 03:25:42,18550.0,500.0,54200.0
100,2021-10-17 03:25:42,18550.0,9800.0,53700.0
101,2021-10-17 03:22:00,18650.0,100.0,43900.0
102,2021-10-17 03:22:00,18650.0,100.0,43800.0
103,2021-10-17 03:22:00,18600.0,500.0,43700.0
104,2021-10-17 03:22:00,18600.0,100.0,43200.0
105,2021-10-17 03:22:00,18600.0,200.0,43100.0
106,2021-10-17 03:20:14,18600.0,1800.0,42900.0
107,2021-10-17 03:20:14,18600.0,800.0,41100.0
108,2021-10-17 03:20:14,18600.0,2400.0,40300.0
109,2021-10-17 03:19:25,18600.0,2600.0,37900.0
110,2021-10-17 03:19:25,18600.0,200.0,35300.0
111,2021-10-17 03:19:25,18600.0,2200.0,35100.0
112,2021-10-17 03:19:08,18600.0,2800.0,32900.0
113,2021-10-17 03:19:08,18600.0,2000.0,30100.0
114,2021-10-17 03:19:08,18600.0,200.0,28100.0
115,2021-10-17 03:18:55,18550.0,200.0,27900.0
116,2021-10-17 03:17:51,18550.0,100.0,27700.0
117,2021-10-17 03:14:38,18550.0,200.0,27600.0
118,2021-10-17 03:12:22,18550.0,200.0,27400.0
119,2021-10-17 03:12:16,18550.0,100.0,27200.0
120,2021-10-17 03:12:11,18550.0,500.0,27100.0
121,2021-10-17 03:11:13,18500.0,500.0,26600.0
122,2021-10-17 03:11:13,18550.0,400.0,26100.0
123,2021-10-17 03:09:36,18550.0,1000.0,25700.0
124,2021-10-17 03:05:20,18550.0,1000.0,24700.0
125,2021-10-17 03:04:31,18550.0,600.0,23700.0
126,2021-10-17 03:00:37,18550.0,900.0,23100.0
127,2021-10-17 02:58:50,18550.0,100.0,22200.0
128,2021-10-17 02:58:24,18600.0,200.0,22100.0
129,2021-10-17 02:58:22,18550.0,200.0,21900.0
130,2021-10-17 02:56:56,18550.0,800.0,21700.0
131,2021-10-17 02:56:29,18550.0,1000.0,20900.0
132,2021-10-17 02:56:22,18550.0,100.0,19900.0
133,2021-10-17 02:55:14,18550.0,400.0,19800.0
134,2021-10-17 02:54:21,18550.0,100.0,19400.0
135,2021-10-17 02:51:48,18550.0,100.0,19300.0
136,2021-10-17 02:49:15,18600.0,100.0,19200.0
137,2021-10-17 02:47:05,18500.0,600.0,19100.0
138,2021-10-17 02:47:05,18550.0,2400.0,18500.0
139,2021-10-17 02:44:22,18500.0,100.0,16100.0
140,2021-10-17 02:43:40,18500.0,300.0,16000.0
141,2021-10-17 02:43:40,18500.0,100.0,15700.0
142,2021-10-17 02:43:40,18500.0,200.0,15600.0
143,2021-10-17 02:43:40,18500.0,100.0,15400.0
144,2021-10-17 02:43:40,18500.0,1500.0,15300.0
145,2021-10-17 02:43:40,18500.0,100.0,13800.0
146,2021-10-17 02:43:08,18450.0,500.0,13700.0
147,2021-10-17 02:43:08,18450.0,100.0,13200.0
148,2021-10-17 02:42:35,18450.0,500.0,13100.0
149,2021-10-17 02:42:09,18450.0,100.0,12600.0
150,2021-10-17 02:41:12,18450.0,500.0,12500.0
151,2021-10-17 02:39:38,18400.0,200.0,12000.0
152,2021-10-17 02:38:23,18400.0,300.0,11800.0
153,2021-10-17 02:36:06,18350.0,2600.0,11500.0
154,2021-10-17 02:36:06,18350.0,200.0,8900.0
155,2021-10-17 02:33:49,18350.0,600.0,8700.0
156,2021-10-17 02:33:44,18350.0,1000.0,8100.0
157,2021-10-17 02:33:05,18350.0,100.0,7100.0
158,2021-10-17 02:33:05,18350.0,300.0,7000.0
159,2021-10-17 02:31:18,18400.0,500.0,6700.0
160,2021-10-17 02:30:20,18350.0,700.0,6200.0
161,2021-10-17 02:27:17,18350.0,100.0,5500.0
162,2021-10-17 02:27:17,18350.0,200.0,5400.0
163,2021-10-17 02:26:53,18350.0,300.0,5200.0
164,2021-10-17 02:26:09,18350.0,4500.0,4900.0
165,2021-10-17 02:15:00,18300.0,300.0,400.0
166,2021-10-17 02:15:00,18300.0,100.0,100.0
