,Time,Price,Volume_per_trade,Volume
0,2021-10-17 07:45:01,39500.0,500.0,1104900.0
1,2021-10-17 07:45:01,39500.0,1400.0,1104400.0
2,2021-10-17 07:45:01,39500.0,100.0,1103000.0
3,2021-10-17 07:45:01,39500.0,500.0,1102900.0
4,2021-10-17 07:45:01,39500.0,500.0,1102400.0
5,2021-10-17 07:45:01,39500.0,500.0,1101900.0
6,2021-10-17 07:45:01,39500.0,500.0,1101400.0
7,2021-10-17 07:45:01,39500.0,100.0,1100900.0
8,2021-10-17 07:45:01,39500.0,200.0,1100800.0
9,2021-10-17 07:45:01,39500.0,2000.0,1100600.0
10,2021-10-17 07:45:01,39500.0,500.0,1098600.0
11,2021-10-17 07:45:01,39500.0,200.0,1098100.0
12,2021-10-17 07:45:01,39500.0,5000.0,1097900.0
13,2021-10-17 07:45:01,39500.0,100.0,1092900.0
14,2021-10-17 07:45:01,39500.0,1800.0,1092800.0
15,2021-10-17 07:45:01,39500.0,2600.0,1091000.0
16,2021-10-17 07:45:01,39500.0,500.0,1088400.0
17,2021-10-17 07:45:01,39500.0,500.0,1087900.0
18,2021-10-17 07:45:01,39500.0,100.0,1087400.0
19,2021-10-17 07:45:01,39500.0,100.0,1087300.0
20,2021-10-17 07:45:01,39500.0,200.0,1087200.0
21,2021-10-17 07:45:01,39500.0,1500.0,1087000.0
22,2021-10-17 07:45:01,39500.0,100.0,1085500.0
23,2021-10-17 07:45:01,39500.0,1000.0,1085400.0
24,2021-10-17 07:45:01,39500.0,5000.0,1084400.0
25,2021-10-17 07:45:01,39500.0,1000.0,1079400.0
26,2021-10-17 07:45:01,39500.0,200.0,1078400.0
27,2021-10-17 07:45:01,39500.0,100.0,1078200.0
28,2021-10-17 07:45:01,39500.0,2000.0,1078100.0
29,2021-10-17 07:45:01,39500.0,1000.0,1076100.0
30,2021-10-17 07:45:01,39500.0,800.0,1075100.0
31,2021-10-17 07:45:01,39500.0,5000.0,1074300.0
32,2021-10-17 07:45:01,39500.0,900.0,1069300.0
33,2021-10-17 07:45:01,39500.0,100.0,1068400.0
34,2021-10-17 07:45:01,39500.0,100.0,1068300.0
35,2021-10-17 07:45:01,39500.0,100.0,1068200.0
36,2021-10-17 07:45:01,39500.0,500.0,1068100.0
37,2021-10-17 07:45:01,39500.0,1300.0,1067600.0
38,2021-10-17 07:45:01,39500.0,200.0,1066300.0
39,2021-10-17 07:45:01,39500.0,1000.0,1066100.0
40,2021-10-17 07:29:24,39550.0,600.0,1065100.0
41,2021-10-17 07:29:19,39550.0,100.0,1064500.0
42,2021-10-17 07:29:19,39550.0,300.0,1064400.0
43,2021-10-17 07:29:18,39550.0,100.0,1064100.0
44,2021-10-17 07:29:13,39550.0,100.0,1064000.0
45,2021-10-17 07:29:10,39500.0,5000.0,1063900.0
46,2021-10-17 07:28:49,39550.0,200.0,1058900.0
47,2021-10-17 07:28:49,39550.0,300.0,1058700.0
48,2021-10-17 07:28:33,39500.0,300.0,1058400.0
49,2021-10-17 07:28:33,39500.0,300.0,1058100.0
50,2021-10-17 07:27:58,39500.0,200.0,1057800.0
51,2021-10-17 07:27:52,39550.0,100.0,1057600.0
52,2021-10-17 07:27:44,39550.0,100.0,1057500.0
53,2021-10-17 07:27:18,39500.0,1000.0,1057400.0
54,2021-10-17 07:27:18,39500.0,100.0,1056400.0
55,2021-10-17 07:27:18,39500.0,200.0,1056300.0
56,2021-10-17 07:27:18,39500.0,200.0,1056100.0
57,2021-10-17 07:27:18,39500.0,100.0,1055900.0
58,2021-10-17 07:27:18,39500.0,200.0,1055800.0
59,2021-10-17 07:27:18,39500.0,1000.0,1055600.0
60,2021-10-17 07:27:18,39500.0,200.0,1054600.0
61,2021-10-17 07:27:18,39550.0,1000.0,1054400.0
62,2021-10-17 07:26:33,39550.0,100.0,1053400.0
63,2021-10-17 07:26:14,39500.0,100.0,1053300.0
64,2021-10-17 07:26:14,39500.0,500.0,1053200.0
65,2021-10-17 07:26:14,39500.0,400.0,1052700.0
66,2021-10-17 07:26:14,39500.0,500.0,1052300.0
67,2021-10-17 07:26:14,39500.0,100.0,1051800.0
68,2021-10-17 07:26:14,39500.0,100.0,1051700.0
69,2021-10-17 07:26:14,39500.0,200.0,1051600.0
70,2021-10-17 07:26:14,39500.0,1000.0,1051400.0
71,2021-10-17 07:26:14,39500.0,3700.0,1050400.0
72,2021-10-17 07:26:14,39500.0,200.0,1046700.0
73,2021-10-17 07:26:14,39500.0,200.0,1046500.0
74,2021-10-17 07:26:14,39500.0,2700.0,1046300.0
75,2021-10-17 07:26:14,39500.0,300.0,1043600.0
76,2021-10-17 07:26:14,39550.0,100.0,1043300.0
77,2021-10-17 07:25:52,39550.0,200.0,1043200.0
78,2021-10-17 07:25:52,39550.0,3000.0,1043000.0
79,2021-10-17 07:25:52,39550.0,1000.0,1040000.0
80,2021-10-17 07:25:52,39550.0,100.0,1039000.0
81,2021-10-17 07:25:52,39550.0,2700.0,1038900.0
82,2021-10-17 07:25:48,39550.0,200.0,1036200.0
83,2021-10-17 07:25:33,39550.0,100.0,1036000.0
84,2021-10-17 07:25:29,39550.0,5000.0,1035900.0
85,2021-10-17 07:25:22,39500.0,100.0,1030900.0
86,2021-10-17 07:24:54,39550.0,200.0,1030800.0
87,2021-10-17 07:24:54,39550.0,100.0,1030600.0
88,2021-10-17 07:24:25,39550.0,500.0,1030500.0
89,2021-10-17 07:24:14,39500.0,600.0,1030000.0
90,2021-10-17 07:24:14,39500.0,500.0,1029400.0
91,2021-10-17 07:24:14,39500.0,100.0,1028900.0
92,2021-10-17 07:24:14,39500.0,100.0,1028800.0
93,2021-10-17 07:24:14,39500.0,100.0,1028700.0
94,2021-10-17 07:24:14,39500.0,600.0,1028600.0
95,2021-10-17 07:24:00,39500.0,100.0,1028000.0
96,2021-10-17 07:24:00,39500.0,1300.0,1027900.0
97,2021-10-17 07:24:00,39500.0,500.0,1026600.0
98,2021-10-17 07:24:00,39500.0,100.0,1026100.0
99,2021-10-17 07:24:00,39500.0,100.0,1026000.0
100,2021-10-17 07:24:00,39500.0,100.0,1025900.0
101,2021-10-17 07:24:00,39500.0,200.0,1025800.0
102,2021-10-17 07:24:00,39500.0,100.0,1025600.0
103,2021-10-17 07:24:00,39500.0,800.0,1025500.0
104,2021-10-17 07:24:00,39500.0,200.0,1024700.0
105,2021-10-17 07:24:00,39500.0,100.0,1024500.0
106,2021-10-17 07:23:55,39500.0,300.0,1024400.0
107,2021-10-17 07:23:55,39550.0,500.0,1024100.0
108,2021-10-17 07:23:49,39500.0,100.0,1023600.0
109,2021-10-17 07:23:47,39500.0,9500.0,1023500.0
110,2021-10-17 07:23:47,39500.0,200.0,1014000.0
111,2021-10-17 07:23:47,39500.0,300.0,1013800.0
112,2021-10-17 07:23:21,39500.0,700.0,1013500.0
113,2021-10-17 07:23:21,39500.0,100.0,1012800.0
114,2021-10-17 07:23:21,39500.0,100.0,1012700.0
115,2021-10-17 07:23:21,39500.0,1000.0,1012600.0
116,2021-10-17 07:23:21,39500.0,100.0,1011600.0
117,2021-10-17 07:23:21,39500.0,100.0,1011500.0
118,2021-10-17 07:23:21,39500.0,2000.0,1011400.0
119,2021-10-17 07:23:21,39500.0,100.0,1009400.0
120,2021-10-17 07:23:21,39500.0,500.0,1009300.0
121,2021-10-17 07:23:21,39500.0,300.0,1008800.0
122,2021-10-17 07:23:21,39500.0,200.0,1008500.0
123,2021-10-17 07:23:21,39500.0,2500.0,1008300.0
124,2021-10-17 07:23:21,39500.0,1000.0,1005800.0
125,2021-10-17 07:23:21,39500.0,1000.0,1004800.0
126,2021-10-17 07:23:21,39500.0,100.0,1003800.0
127,2021-10-17 07:23:19,39500.0,600.0,1003700.0
128,2021-10-17 07:23:15,39500.0,300.0,1003100.0
129,2021-10-17 07:23:15,39500.0,1000.0,1002800.0
130,2021-10-17 07:23:15,39500.0,100.0,1001800.0
131,2021-10-17 07:23:15,39500.0,1000.0,1001700.0
132,2021-10-17 07:23:15,39500.0,100.0,1000700.0
133,2021-10-17 07:23:15,39500.0,100.0,1000600.0
134,2021-10-17 07:23:15,39500.0,300.0,1000500.0
135,2021-10-17 07:23:15,39500.0,100.0,1000200.0
136,2021-10-17 07:23:15,39500.0,500.0,1000100.0
137,2021-10-17 07:23:15,39500.0,200.0,999600.0
138,2021-10-17 07:23:15,39500.0,200.0,999400.0
139,2021-10-17 07:23:15,39500.0,500.0,999200.0
140,2021-10-17 07:23:15,39500.0,1000.0,998700.0
141,2021-10-17 07:23:15,39500.0,100.0,997700.0
142,2021-10-17 07:23:15,39500.0,100.0,997600.0
143,2021-10-17 07:23:15,39500.0,1000.0,997500.0
144,2021-10-17 07:23:15,39500.0,1000.0,996500.0
145,2021-10-17 07:23:15,39500.0,300.0,995500.0
146,2021-10-17 07:23:15,39500.0,800.0,995200.0
147,2021-10-17 07:23:15,39500.0,200.0,994400.0
148,2021-10-17 07:23:15,39500.0,1100.0,994200.0
149,2021-10-17 07:23:11,39500.0,400.0,993100.0
150,2021-10-17 07:23:11,39500.0,100.0,992700.0
151,2021-10-17 07:23:11,39500.0,700.0,992600.0
152,2021-10-17 07:23:07,39550.0,500.0,991900.0
153,2021-10-17 07:23:00,39550.0,200.0,991400.0
154,2021-10-17 07:23:00,39550.0,400.0,991200.0
155,2021-10-17 07:23:00,39550.0,400.0,990800.0
156,2021-10-17 07:22:37,39500.0,9300.0,990400.0
157,2021-10-17 07:22:37,39500.0,100.0,981100.0
158,2021-10-17 07:22:37,39500.0,500.0,981000.0
159,2021-10-17 07:22:37,39500.0,100.0,980500.0
160,2021-10-17 07:22:37,39500.0,500.0,980400.0
161,2021-10-17 07:22:37,39500.0,100.0,979900.0
162,2021-10-17 07:22:37,39500.0,100.0,979800.0
163,2021-10-17 07:22:37,39500.0,200.0,979700.0
164,2021-10-17 07:22:37,39500.0,100.0,979500.0
165,2021-10-17 07:22:37,39500.0,100.0,979400.0
166,2021-10-17 07:22:37,39500.0,5000.0,979300.0
167,2021-10-17 07:22:37,39500.0,100.0,974300.0
168,2021-10-17 07:22:37,39500.0,500.0,974200.0
169,2021-10-17 07:22:37,39500.0,2000.0,973700.0
170,2021-10-17 07:22:37,39500.0,100.0,971700.0
171,2021-10-17 07:22:37,39500.0,5000.0,971600.0
172,2021-10-17 07:22:37,39500.0,100.0,966600.0
173,2021-10-17 07:22:37,39500.0,100.0,966500.0
174,2021-10-17 07:22:37,39500.0,1000.0,966400.0
175,2021-10-17 07:22:06,39550.0,4000.0,965400.0
176,2021-10-17 07:22:06,39550.0,100.0,961400.0
177,2021-10-17 07:21:54,39550.0,500.0,961300.0
178,2021-10-17 07:21:35,39550.0,1000.0,960800.0
179,2021-10-17 07:21:35,39550.0,3000.0,959800.0
180,2021-10-17 07:21:35,39550.0,2000.0,956800.0
181,2021-10-17 07:21:35,39550.0,100.0,954800.0
182,2021-10-17 07:21:35,39550.0,100.0,954700.0
183,2021-10-17 07:21:35,39550.0,500.0,954600.0
184,2021-10-17 07:21:35,39550.0,100.0,954100.0
185,2021-10-17 07:21:35,39550.0,13200.0,954000.0
186,2021-10-17 07:21:33,39550.0,1000.0,940800.0
187,2021-10-17 07:21:04,39550.0,200.0,939800.0
188,2021-10-17 07:20:58,39550.0,3000.0,939600.0
189,2021-10-17 07:20:55,39550.0,500.0,936600.0
190,2021-10-17 07:20:53,39550.0,500.0,936100.0
191,2021-10-17 07:20:41,39550.0,10000.0,935600.0
192,2021-10-17 07:20:26,39600.0,500.0,925600.0
193,2021-10-17 07:19:56,39550.0,1500.0,925100.0
194,2021-10-17 07:19:48,39600.0,100.0,923600.0
195,2021-10-17 07:19:44,39550.0,100.0,923500.0
196,2021-10-17 07:19:44,39550.0,100.0,923400.0
197,2021-10-17 07:19:44,39550.0,200.0,923300.0
198,2021-10-17 07:19:44,39550.0,500.0,923100.0
199,2021-10-17 07:19:44,39550.0,100.0,922600.0
200,2021-10-17 07:19:44,39550.0,100.0,922500.0
201,2021-10-17 07:19:44,39550.0,300.0,922400.0
202,2021-10-17 07:19:44,39550.0,600.0,922100.0
203,2021-10-17 07:19:44,39550.0,100.0,921500.0
204,2021-10-17 07:19:42,39550.0,100.0,921400.0
205,2021-10-17 07:19:41,39600.0,500.0,921300.0
206,2021-10-17 07:19:05,39550.0,2000.0,920800.0
207,2021-10-17 07:19:00,39550.0,200.0,918800.0
208,2021-10-17 07:19:00,39550.0,100.0,918600.0
209,2021-10-17 07:19:00,39550.0,300.0,918500.0
210,2021-10-17 07:19:00,39550.0,100.0,918200.0
211,2021-10-17 07:19:00,39550.0,400.0,918100.0
212,2021-10-17 07:19:00,39550.0,1000.0,917700.0
213,2021-10-17 07:19:00,39550.0,400.0,916700.0
214,2021-10-17 07:18:57,39550.0,100.0,916300.0
215,2021-10-17 07:18:57,39550.0,200.0,916200.0
216,2021-10-17 07:18:57,39550.0,500.0,916000.0
217,2021-10-17 07:18:57,39550.0,500.0,915500.0
218,2021-10-17 07:18:57,39550.0,1000.0,915000.0
219,2021-10-17 07:18:57,39550.0,1000.0,914000.0
220,2021-10-17 07:18:57,39550.0,100.0,913000.0
221,2021-10-17 07:18:57,39550.0,100.0,912900.0
222,2021-10-17 07:18:57,39550.0,1000.0,912800.0
223,2021-10-17 07:18:57,39550.0,3000.0,911800.0
224,2021-10-17 07:18:57,39550.0,100.0,908800.0
225,2021-10-17 07:18:57,39550.0,100.0,908700.0
226,2021-10-17 07:18:57,39550.0,100.0,908600.0
227,2021-10-17 07:18:57,39550.0,500.0,908500.0
228,2021-10-17 07:18:57,39550.0,100.0,908000.0
229,2021-10-17 07:18:57,39550.0,100.0,907900.0
230,2021-10-17 07:18:57,39550.0,200.0,907800.0
231,2021-10-17 07:18:57,39550.0,500.0,907600.0
232,2021-10-17 07:18:57,39550.0,500.0,907100.0
233,2021-10-17 07:18:57,39550.0,300.0,906600.0
234,2021-10-17 07:18:46,39600.0,500.0,906300.0
235,2021-10-17 07:18:28,39550.0,1700.0,905800.0
236,2021-10-17 07:18:28,39550.0,500.0,904100.0
237,2021-10-17 07:18:28,39550.0,200.0,903600.0
238,2021-10-17 07:18:28,39550.0,1000.0,903400.0
239,2021-10-17 07:18:28,39550.0,2600.0,902400.0
240,2021-10-17 07:18:27,39550.0,27400.0,899800.0
241,2021-10-17 07:18:27,39550.0,300.0,872400.0
242,2021-10-17 07:18:27,39550.0,1000.0,872100.0
243,2021-10-17 07:18:27,39550.0,300.0,871100.0
244,2021-10-17 07:18:27,39550.0,500.0,870800.0
245,2021-10-17 07:18:27,39550.0,500.0,870300.0
246,2021-10-17 07:18:27,39550.0,16900.0,869800.0
247,2021-10-17 07:18:11,39550.0,1900.0,852900.0
248,2021-10-17 07:18:10,39600.0,1000.0,851000.0
249,2021-10-17 07:18:00,39600.0,10000.0,850000.0
250,2021-10-17 07:17:54,39550.0,2500.0,840000.0
251,2021-10-17 07:17:46,39550.0,1000.0,837500.0
252,2021-10-17 07:17:42,39550.0,2700.0,836500.0
253,2021-10-17 07:17:42,39550.0,100.0,833800.0
254,2021-10-17 07:17:42,39550.0,100.0,833700.0
255,2021-10-17 07:17:42,39550.0,100.0,833600.0
256,2021-10-17 07:17:29,39550.0,100.0,833500.0
257,2021-10-17 07:17:29,39550.0,200.0,833400.0
258,2021-10-17 07:17:29,39550.0,1500.0,833200.0
259,2021-10-17 07:17:29,39550.0,800.0,831700.0
260,2021-10-17 07:17:29,39550.0,100.0,830900.0
261,2021-10-17 07:17:29,39550.0,500.0,830800.0
262,2021-10-17 07:17:29,39550.0,1000.0,830300.0
263,2021-10-17 07:17:29,39550.0,100.0,829300.0
264,2021-10-17 07:17:29,39550.0,100.0,829200.0
265,2021-10-17 07:17:29,39550.0,500.0,829100.0
266,2021-10-17 07:17:29,39550.0,100.0,828600.0
267,2021-10-17 07:17:21,39550.0,400.0,828500.0
268,2021-10-17 07:17:21,39550.0,200.0,828100.0
269,2021-10-17 07:17:16,39550.0,300.0,827900.0
270,2021-10-17 07:17:16,39550.0,700.0,827600.0
271,2021-10-17 07:17:11,39600.0,100.0,826900.0
272,2021-10-17 07:17:09,39550.0,400.0,826800.0
273,2021-10-17 07:16:58,39550.0,4500.0,826400.0
274,2021-10-17 07:16:58,39550.0,5000.0,821900.0
275,2021-10-17 07:16:58,39550.0,100.0,816900.0
276,2021-10-17 07:16:58,39550.0,400.0,816800.0
277,2021-10-17 07:16:44,39600.0,200.0,816400.0
278,2021-10-17 07:16:16,39550.0,100.0,816200.0
279,2021-10-17 07:16:16,39550.0,800.0,816100.0
280,2021-10-17 07:16:07,39550.0,500.0,815300.0
281,2021-10-17 07:16:07,39550.0,600.0,814800.0
282,2021-10-17 07:16:02,39550.0,1500.0,814200.0
283,2021-10-17 07:16:01,39550.0,1600.0,812700.0
284,2021-10-17 07:16:01,39550.0,100.0,811100.0
285,2021-10-17 07:16:01,39550.0,300.0,811000.0
286,2021-10-17 07:16:01,39550.0,100.0,810700.0
287,2021-10-17 07:16:01,39550.0,1100.0,810600.0
288,2021-10-17 07:16:01,39550.0,500.0,809500.0
289,2021-10-17 07:16:01,39550.0,500.0,809000.0
290,2021-10-17 07:16:01,39550.0,500.0,808500.0
291,2021-10-17 07:16:01,39550.0,300.0,808000.0
292,2021-10-17 07:15:51,39550.0,400.0,807700.0
293,2021-10-17 07:15:48,39550.0,300.0,807300.0
294,2021-10-17 07:15:48,39550.0,100.0,807000.0
295,2021-10-17 07:15:48,39550.0,100.0,806900.0
296,2021-10-17 07:15:48,39550.0,100.0,806800.0
297,2021-10-17 07:15:44,39600.0,1000.0,806700.0
298,2021-10-17 07:15:06,39600.0,1000.0,805700.0
299,2021-10-17 07:14:42,39600.0,300.0,804700.0
300,2021-10-17 07:14:38,39600.0,100.0,804400.0
301,2021-10-17 07:14:04,39550.0,1000.0,804300.0
302,2021-10-17 07:13:53,39600.0,5000.0,803300.0
303,2021-10-17 07:13:26,39600.0,2000.0,798300.0
304,2021-10-17 07:13:09,39600.0,600.0,796300.0
305,2021-10-17 07:13:09,39600.0,100.0,795700.0
306,2021-10-17 07:13:09,39600.0,4300.0,795600.0
307,2021-10-17 07:12:44,39600.0,500.0,791300.0
308,2021-10-17 07:12:17,39600.0,1000.0,790800.0
309,2021-10-17 07:12:16,39600.0,600.0,789800.0
310,2021-10-17 07:12:11,39600.0,500.0,789200.0
311,2021-10-17 07:12:11,39600.0,1000.0,788700.0
312,2021-10-17 07:11:56,39600.0,100.0,787700.0
313,2021-10-17 07:11:56,39600.0,100.0,787600.0
314,2021-10-17 07:11:56,39600.0,100.0,787500.0
315,2021-10-17 07:11:56,39600.0,1800.0,787400.0
316,2021-10-17 07:11:46,39600.0,500.0,785600.0
317,2021-10-17 07:11:44,39600.0,200.0,785100.0
318,2021-10-17 07:11:37,39600.0,100.0,784900.0
319,2021-10-17 07:11:15,39600.0,2500.0,784800.0
320,2021-10-17 07:10:59,39600.0,100.0,782300.0
321,2021-10-17 07:10:51,39600.0,500.0,782200.0
322,2021-10-17 07:10:44,39600.0,500.0,781700.0
323,2021-10-17 07:10:12,39600.0,800.0,781200.0
324,2021-10-17 07:10:12,39600.0,2000.0,780400.0
325,2021-10-17 07:10:12,39600.0,400.0,778400.0
326,2021-10-17 07:10:12,39600.0,2500.0,778000.0
327,2021-10-17 07:10:12,39600.0,500.0,775500.0
328,2021-10-17 07:10:12,39600.0,1000.0,775000.0
329,2021-10-17 07:10:12,39600.0,2800.0,774000.0
330,2021-10-17 07:09:43,39600.0,100.0,771200.0
331,2021-10-17 07:09:38,39600.0,3000.0,771100.0
332,2021-10-17 07:08:53,39600.0,2500.0,768100.0
333,2021-10-17 07:07:37,39600.0,100.0,765600.0
334,2021-10-17 07:06:56,39600.0,1500.0,765500.0
335,2021-10-17 07:06:35,39600.0,100.0,764000.0
336,2021-10-17 07:06:35,39600.0,100.0,763900.0
337,2021-10-17 07:06:35,39600.0,1900.0,763800.0
338,2021-10-17 07:06:32,39600.0,600.0,761900.0
339,2021-10-17 07:05:37,39600.0,2500.0,761300.0
340,2021-10-17 07:05:24,39600.0,5000.0,758800.0
341,2021-10-17 07:05:24,39600.0,2500.0,753800.0
342,2021-10-17 07:05:10,39600.0,200.0,751300.0
343,2021-10-17 07:05:00,39600.0,100.0,751100.0
344,2021-10-17 07:04:53,39600.0,900.0,751000.0
345,2021-10-17 07:04:39,39600.0,2000.0,750100.0
346,2021-10-17 07:04:39,39600.0,5000.0,748100.0
347,2021-10-17 07:04:39,39600.0,400.0,743100.0
348,2021-10-17 07:04:39,39600.0,200.0,742700.0
349,2021-10-17 07:04:39,39600.0,100.0,742500.0
350,2021-10-17 07:04:39,39600.0,900.0,742400.0
351,2021-10-17 07:04:39,39600.0,500.0,741500.0
352,2021-10-17 07:00:18,39650.0,4900.0,741000.0
353,2021-10-17 06:59:55,39600.0,100.0,736100.0
354,2021-10-17 06:59:55,39600.0,100.0,736000.0
355,2021-10-17 06:59:55,39600.0,100.0,735900.0
356,2021-10-17 06:59:55,39600.0,1200.0,735800.0
357,2021-10-17 06:58:46,39600.0,1000.0,734600.0
358,2021-10-17 06:58:46,39600.0,600.0,733600.0
359,2021-10-17 06:58:46,39600.0,800.0,733000.0
360,2021-10-17 06:58:46,39600.0,400.0,732200.0
361,2021-10-17 06:58:45,39600.0,2000.0,731800.0
362,2021-10-17 06:58:45,39600.0,30000.0,729800.0
363,2021-10-17 06:58:12,39600.0,3000.0,699800.0
364,2021-10-17 06:58:05,39600.0,300.0,696800.0
365,2021-10-17 06:57:44,39600.0,3000.0,696500.0
366,2021-10-17 06:57:30,39600.0,500.0,693500.0
367,2021-10-17 06:57:22,39600.0,100.0,693000.0
368,2021-10-17 06:57:03,39600.0,300.0,692900.0
369,2021-10-17 06:57:03,39600.0,200.0,692600.0
370,2021-10-17 06:57:03,39600.0,2000.0,692400.0
371,2021-10-17 06:57:03,39600.0,200.0,690400.0
372,2021-10-17 06:57:03,39600.0,2000.0,690200.0
373,2021-10-17 06:57:03,39600.0,200.0,688200.0
374,2021-10-17 06:56:30,39600.0,1700.0,688000.0
375,2021-10-17 06:56:30,39600.0,3000.0,686300.0
376,2021-10-17 06:56:30,39600.0,300.0,683300.0
377,2021-10-17 06:55:46,39600.0,700.0,683000.0
378,2021-10-17 06:55:46,39600.0,700.0,682300.0
379,2021-10-17 06:55:05,39600.0,100.0,681600.0
380,2021-10-17 06:54:15,39600.0,200.0,681500.0
381,2021-10-17 06:54:15,39600.0,200.0,681300.0
382,2021-10-17 06:54:15,39600.0,1600.0,681100.0
383,2021-10-17 06:53:45,39600.0,100.0,679500.0
384,2021-10-17 06:53:00,39600.0,700.0,679400.0
385,2021-10-17 06:51:58,39600.0,500.0,678700.0
386,2021-10-17 06:51:58,39600.0,2100.0,678200.0
387,2021-10-17 06:51:15,39600.0,500.0,676100.0
388,2021-10-17 06:50:57,39600.0,1400.0,675600.0
389,2021-10-17 06:50:57,39600.0,100.0,674200.0
390,2021-10-17 06:50:57,39600.0,500.0,674100.0
391,2021-10-17 06:50:39,39550.0,100.0,673600.0
392,2021-10-17 06:50:39,39600.0,100.0,673500.0
393,2021-10-17 06:50:12,39600.0,100.0,673400.0
394,2021-10-17 06:49:54,39600.0,100.0,673300.0
395,2021-10-17 06:49:54,39600.0,100.0,673200.0
396,2021-10-17 06:49:54,39600.0,100.0,673100.0
397,2021-10-17 06:49:44,39600.0,100.0,673000.0
398,2021-10-17 06:49:33,39600.0,100.0,672900.0
399,2021-10-17 06:49:27,39600.0,100.0,672800.0
400,2021-10-17 06:49:22,39600.0,100.0,672700.0
401,2021-10-17 06:49:16,39600.0,3000.0,672600.0
402,2021-10-17 06:49:09,39600.0,2000.0,669600.0
403,2021-10-17 06:49:03,39600.0,2100.0,667600.0
404,2021-10-17 06:49:03,39600.0,100.0,665500.0
405,2021-10-17 06:49:03,39600.0,300.0,665400.0
406,2021-10-17 06:48:47,39600.0,100.0,665100.0
407,2021-10-17 06:48:35,39600.0,900.0,665000.0
408,2021-10-17 06:48:35,39600.0,1000.0,664100.0
409,2021-10-17 06:48:35,39600.0,2000.0,663100.0
410,2021-10-17 06:48:35,39600.0,100.0,661100.0
411,2021-10-17 06:47:30,39600.0,1000.0,661000.0
412,2021-10-17 06:47:06,39600.0,1500.0,660000.0
413,2021-10-17 06:47:06,39600.0,500.0,658500.0
414,2021-10-17 06:46:22,39600.0,100.0,658000.0
415,2021-10-17 06:46:19,39600.0,1400.0,657900.0
416,2021-10-17 06:46:19,39600.0,100.0,656500.0
417,2021-10-17 06:46:19,39600.0,200.0,656400.0
418,2021-10-17 06:46:19,39600.0,200.0,656200.0
419,2021-10-17 06:46:19,39600.0,600.0,656000.0
420,2021-10-17 06:46:12,39600.0,400.0,655400.0
421,2021-10-17 06:46:12,39600.0,100.0,655000.0
422,2021-10-17 06:46:08,39600.0,100.0,654900.0
423,2021-10-17 06:45:57,39600.0,200.0,654800.0
424,2021-10-17 06:45:33,39600.0,100.0,654600.0
425,2021-10-17 06:45:21,39600.0,100.0,654500.0
426,2021-10-17 06:45:06,39600.0,100.0,654400.0
427,2021-10-17 06:44:54,39600.0,200.0,654300.0
428,2021-10-17 06:44:36,39600.0,100.0,654100.0
429,2021-10-17 06:44:17,39600.0,100.0,654000.0
430,2021-10-17 06:43:19,39600.0,600.0,653900.0
431,2021-10-17 06:43:19,39600.0,300.0,653300.0
432,2021-10-17 06:43:19,39600.0,100.0,653000.0
433,2021-10-17 06:43:19,39600.0,200.0,652900.0
434,2021-10-17 06:43:19,39600.0,800.0,652700.0
435,2021-10-17 06:43:16,39600.0,200.0,651900.0
436,2021-10-17 06:42:06,39600.0,200.0,651700.0
437,2021-10-17 06:42:06,39600.0,100.0,651500.0
438,2021-10-17 06:42:06,39600.0,200.0,651400.0
439,2021-10-17 06:40:25,39600.0,800.0,651200.0
440,2021-10-17 06:40:25,39600.0,700.0,650400.0
441,2021-10-17 06:39:00,39600.0,1200.0,649700.0
442,2021-10-17 06:38:34,39600.0,1000.0,648500.0
443,2021-10-17 06:38:34,39600.0,500.0,647500.0
444,2021-10-17 06:38:34,39600.0,100.0,647000.0
445,2021-10-17 06:38:34,39600.0,200.0,646900.0
446,2021-10-17 06:37:48,39600.0,2000.0,646700.0
447,2021-10-17 06:37:17,39600.0,300.0,644700.0
448,2021-10-17 06:37:17,39600.0,100.0,644400.0
449,2021-10-17 06:37:17,39600.0,200.0,644300.0
450,2021-10-17 06:36:20,39600.0,800.0,644100.0
451,2021-10-17 06:36:20,39600.0,500.0,643300.0
452,2021-10-17 06:36:20,39600.0,1700.0,642800.0
453,2021-10-17 06:36:02,39600.0,2300.0,641100.0
454,2021-10-17 06:36:02,39600.0,500.0,638800.0
455,2021-10-17 06:36:02,39600.0,2000.0,638300.0
456,2021-10-17 06:36:02,39600.0,1700.0,636300.0
457,2021-10-17 06:36:02,39600.0,100.0,634600.0
458,2021-10-17 06:36:02,39600.0,100.0,634500.0
459,2021-10-17 06:36:02,39600.0,200.0,634400.0
460,2021-10-17 06:36:02,39600.0,2000.0,634200.0
461,2021-10-17 06:36:02,39600.0,100.0,632200.0
462,2021-10-17 06:36:02,39600.0,100.0,632100.0
463,2021-10-17 06:36:02,39600.0,100.0,632000.0
464,2021-10-17 06:36:01,39600.0,300.0,631900.0
465,2021-10-17 06:36:01,39600.0,1000.0,631600.0
466,2021-10-17 06:36:01,39600.0,200.0,630600.0
467,2021-10-17 06:34:01,39650.0,2000.0,630400.0
468,2021-10-17 06:34:01,39650.0,4600.0,628400.0
469,2021-10-17 06:34:01,39650.0,100.0,623800.0
470,2021-10-17 06:34:01,39650.0,700.0,623700.0
471,2021-10-17 06:33:35,39650.0,2500.0,623000.0
472,2021-10-17 06:32:49,39650.0,200.0,620500.0
473,2021-10-17 06:32:46,39650.0,100.0,620300.0
474,2021-10-17 06:32:19,39650.0,1400.0,620200.0
475,2021-10-17 06:32:18,39650.0,100.0,618800.0
476,2021-10-17 06:30:45,39600.0,800.0,618700.0
477,2021-10-17 06:30:45,39600.0,100.0,617900.0
478,2021-10-17 06:30:45,39600.0,100.0,617800.0
479,2021-10-17 06:30:45,39600.0,300.0,617700.0
480,2021-10-17 06:30:45,39600.0,2000.0,617400.0
481,2021-10-17 06:30:45,39600.0,500.0,615400.0
482,2021-10-17 06:30:45,39600.0,100.0,614900.0
483,2021-10-17 06:30:45,39600.0,500.0,614800.0
484,2021-10-17 06:30:45,39600.0,1000.0,614300.0
485,2021-10-17 06:30:45,39600.0,2000.0,613300.0
486,2021-10-17 06:30:45,39600.0,10000.0,611300.0
487,2021-10-17 06:30:45,39600.0,200.0,601300.0
488,2021-10-17 06:30:45,39600.0,500.0,601100.0
489,2021-10-17 06:30:45,39600.0,1000.0,600600.0
490,2021-10-17 06:30:45,39600.0,500.0,599600.0
491,2021-10-17 06:30:45,39600.0,2000.0,599100.0
492,2021-10-17 06:30:45,39600.0,2000.0,597100.0
493,2021-10-17 06:30:45,39600.0,1000.0,595100.0
494,2021-10-17 06:30:45,39600.0,500.0,594100.0
495,2021-10-17 06:30:45,39600.0,3000.0,593600.0
496,2021-10-17 06:30:45,39600.0,500.0,590600.0
497,2021-10-17 06:30:45,39600.0,700.0,590100.0
498,2021-10-17 06:30:45,39600.0,2100.0,589400.0
499,2021-10-17 06:30:45,39600.0,100.0,587300.0
500,2021-10-17 06:30:45,39600.0,100.0,587200.0
501,2021-10-17 06:30:45,39600.0,200.0,587100.0
502,2021-10-17 06:30:45,39600.0,100.0,586900.0
503,2021-10-17 06:30:45,39600.0,100.0,586800.0
504,2021-10-17 06:30:45,39600.0,8900.0,586700.0
505,2021-10-17 06:30:45,39650.0,2000.0,577800.0
506,2021-10-17 06:30:45,39650.0,7100.0,575800.0
507,2021-10-17 06:30:11,39650.0,4400.0,568700.0
508,2021-10-17 06:30:11,39650.0,600.0,564300.0
509,2021-10-17 06:29:05,39650.0,200.0,563700.0
510,2021-10-17 06:28:46,39650.0,1000.0,563500.0
511,2021-10-17 06:28:29,39650.0,100.0,562500.0
512,2021-10-17 06:28:13,39650.0,100.0,562400.0
513,2021-10-17 06:28:13,39650.0,100.0,562300.0
514,2021-10-17 06:28:08,39650.0,2000.0,562200.0
515,2021-10-17 06:28:03,39650.0,1400.0,560200.0
516,2021-10-17 06:27:51,39650.0,600.0,558800.0
517,2021-10-17 06:27:31,39600.0,1100.0,558200.0
518,2021-10-17 06:27:31,39600.0,5900.0,557100.0
519,2021-10-17 06:27:31,39650.0,300.0,551200.0
520,2021-10-17 06:27:31,39650.0,100.0,550900.0
521,2021-10-17 06:27:31,39650.0,100.0,550800.0
522,2021-10-17 06:27:31,39650.0,1500.0,550700.0
523,2021-10-17 06:26:48,39700.0,200.0,549200.0
524,2021-10-17 06:26:48,39700.0,200.0,549000.0
525,2021-10-17 06:26:48,39700.0,1000.0,548800.0
526,2021-10-17 06:26:48,39700.0,100.0,547800.0
527,2021-10-17 06:26:48,39700.0,500.0,547700.0
528,2021-10-17 06:26:03,39700.0,400.0,547200.0
529,2021-10-17 06:25:53,39700.0,100.0,546800.0
530,2021-10-17 06:25:53,39700.0,300.0,546700.0
531,2021-10-17 06:25:41,39700.0,400.0,546400.0
532,2021-10-17 06:25:39,39650.0,500.0,546000.0
533,2021-10-17 06:25:30,39700.0,400.0,545500.0
534,2021-10-17 06:25:21,39700.0,400.0,545100.0
535,2021-10-17 06:25:11,39700.0,400.0,544700.0
536,2021-10-17 06:25:01,39700.0,400.0,544300.0
537,2021-10-17 06:24:51,39700.0,400.0,543900.0
538,2021-10-17 06:24:41,39700.0,400.0,543500.0
539,2021-10-17 06:24:30,39700.0,400.0,543100.0
540,2021-10-17 06:24:20,39700.0,400.0,542700.0
541,2021-10-17 06:24:16,39700.0,2000.0,542300.0
542,2021-10-17 06:24:08,39700.0,400.0,540300.0
543,2021-10-17 06:23:24,39650.0,3000.0,539900.0
544,2021-10-17 06:23:14,39650.0,100.0,536900.0
545,2021-10-17 06:23:05,39650.0,5000.0,536800.0
546,2021-10-17 06:20:41,39600.0,400.0,531800.0
547,2021-10-17 06:20:41,39650.0,100.0,531400.0
548,2021-10-17 06:20:25,39650.0,100.0,531300.0
549,2021-10-17 06:20:25,39650.0,800.0,531200.0
550,2021-10-17 06:20:25,39650.0,1100.0,530400.0
551,2021-10-17 06:20:16,39650.0,800.0,529300.0
552,2021-10-17 06:20:01,39650.0,500.0,528500.0
553,2021-10-17 06:19:56,39650.0,700.0,528000.0
554,2021-10-17 06:19:55,39650.0,300.0,527300.0
555,2021-10-17 06:19:27,39650.0,1000.0,527000.0
556,2021-10-17 06:19:19,39650.0,900.0,526000.0
557,2021-10-17 06:19:05,39650.0,300.0,525100.0
558,2021-10-17 06:18:40,39650.0,1900.0,524800.0
559,2021-10-17 06:18:40,39650.0,100.0,522900.0
560,2021-10-17 06:18:36,39650.0,4600.0,522800.0
561,2021-10-17 06:17:38,39650.0,500.0,518200.0
562,2021-10-17 06:17:37,39650.0,100.0,517700.0
563,2021-10-17 06:17:37,39650.0,3000.0,517600.0
564,2021-10-17 06:17:37,39650.0,1700.0,514600.0
565,2021-10-17 06:16:25,39650.0,100.0,512900.0
566,2021-10-17 06:16:25,39650.0,200.0,512800.0
567,2021-10-17 06:16:12,39650.0,1800.0,512600.0
568,2021-10-17 06:16:12,39650.0,2300.0,510800.0
569,2021-10-17 06:16:12,39650.0,200.0,508500.0
570,2021-10-17 06:16:12,39650.0,700.0,508300.0
571,2021-10-17 06:15:18,39650.0,100.0,507600.0
572,2021-10-17 06:14:27,39650.0,500.0,507500.0
573,2021-10-17 06:14:22,39650.0,200.0,507000.0
574,2021-10-17 06:13:40,39650.0,300.0,506800.0
575,2021-10-17 06:13:00,39650.0,100.0,506500.0
576,2021-10-17 06:13:00,39650.0,100.0,506400.0
577,2021-10-17 06:13:00,39650.0,1000.0,506300.0
578,2021-10-17 06:13:00,39650.0,1900.0,505300.0
579,2021-10-17 06:12:58,39650.0,1000.0,503400.0
580,2021-10-17 06:12:39,39650.0,300.0,502400.0
581,2021-10-17 06:12:27,39650.0,400.0,502100.0
582,2021-10-17 06:09:30,39650.0,100.0,501700.0
583,2021-10-17 06:09:30,39650.0,1300.0,501600.0
584,2021-10-17 06:08:18,39650.0,700.0,500300.0
585,2021-10-17 06:07:21,39650.0,1500.0,499600.0
586,2021-10-17 06:07:21,39650.0,500.0,498100.0
587,2021-10-17 06:06:56,39650.0,1500.0,497600.0
588,2021-10-17 06:06:47,39650.0,200.0,496100.0
589,2021-10-17 06:06:47,39650.0,3000.0,495900.0
590,2021-10-17 06:06:47,39650.0,200.0,492900.0
591,2021-10-17 06:06:40,39650.0,300.0,492700.0
592,2021-10-17 06:06:40,39650.0,4700.0,492400.0
593,2021-10-17 06:05:14,39650.0,1600.0,487700.0
594,2021-10-17 06:04:48,39650.0,1200.0,486100.0
595,2021-10-17 06:04:48,39650.0,5700.0,484900.0
596,2021-10-17 06:04:48,39650.0,100.0,479200.0
597,2021-10-17 06:04:48,39650.0,2100.0,479100.0
598,2021-10-17 06:04:43,39700.0,100.0,477000.0
599,2021-10-17 06:03:33,39650.0,900.0,476900.0
600,2021-10-17 06:03:33,39650.0,100.0,476000.0
601,2021-10-17 06:01:45,39650.0,2000.0,475900.0
602,2021-10-17 06:01:45,39650.0,1000.0,473900.0
603,2021-10-17 06:01:27,39700.0,500.0,472900.0
604,2021-10-17 06:01:01,39700.0,1000.0,472400.0
605,2021-10-17 06:00:59,39700.0,600.0,471400.0
606,2021-10-17 06:00:46,39700.0,1500.0,470800.0
607,2021-10-17 06:00:46,39700.0,1000.0,469300.0
608,2021-10-17 06:00:31,39700.0,100.0,468300.0
609,2021-10-17 06:00:26,39700.0,100.0,468200.0
610,2021-10-17 06:00:26,39700.0,1800.0,468100.0
611,2021-10-17 06:00:26,39700.0,100.0,466300.0
612,2021-10-17 06:00:26,39700.0,4100.0,466200.0
613,2021-10-17 06:00:17,39700.0,200.0,462100.0
614,2021-10-17 06:00:16,39700.0,300.0,461900.0
615,2021-10-17 06:00:13,39700.0,100.0,461600.0
616,2021-10-17 06:00:12,39700.0,100.0,461500.0
617,2021-10-17 06:00:07,39700.0,200.0,461400.0
618,2021-10-17 06:00:07,39650.0,100.0,461200.0
619,2021-10-17 06:00:03,39700.0,300.0,461100.0
620,2021-10-17 06:00:01,39700.0,300.0,460800.0
621,2021-10-17 04:27:44,39700.0,400.0,460500.0
622,2021-10-17 04:27:22,39600.0,3700.0,460100.0
623,2021-10-17 04:27:22,39600.0,5000.0,456400.0
624,2021-10-17 04:27:22,39600.0,300.0,451400.0
625,2021-10-17 04:27:22,39600.0,1000.0,451100.0
626,2021-10-17 04:27:22,39600.0,500.0,450100.0
627,2021-10-17 04:27:22,39600.0,100.0,449600.0
628,2021-10-17 04:27:22,39600.0,200.0,449500.0
629,2021-10-17 04:27:22,39600.0,100.0,449300.0
630,2021-10-17 04:27:22,39600.0,500.0,449200.0
631,2021-10-17 04:27:22,39600.0,500.0,448700.0
632,2021-10-17 04:27:22,39600.0,4700.0,448200.0
633,2021-10-17 04:27:22,39600.0,1400.0,443500.0
634,2021-10-17 04:25:12,39750.0,100.0,442100.0
635,2021-10-17 04:23:05,39750.0,1500.0,442000.0
636,2021-10-17 04:22:41,39750.0,500.0,440500.0
637,2021-10-17 04:22:18,39600.0,800.0,440000.0
638,2021-10-17 04:22:18,39600.0,1200.0,439200.0
639,2021-10-17 04:21:54,39600.0,300.0,438000.0
640,2021-10-17 04:21:47,39600.0,200.0,437700.0
641,2021-10-17 04:21:47,39600.0,100.0,437500.0
642,2021-10-17 04:21:47,39600.0,300.0,437400.0
643,2021-10-17 04:21:47,39600.0,100.0,437100.0
644,2021-10-17 04:21:43,39750.0,7200.0,437000.0
645,2021-10-17 04:21:43,39700.0,1000.0,429800.0
646,2021-10-17 04:21:43,39700.0,200.0,428800.0
647,2021-10-17 04:21:43,39700.0,100.0,428600.0
648,2021-10-17 04:21:43,39700.0,500.0,428500.0
649,2021-10-17 04:21:43,39700.0,600.0,428000.0
650,2021-10-17 04:21:43,39700.0,100.0,427400.0
651,2021-10-17 04:21:43,39700.0,1000.0,427300.0
652,2021-10-17 04:21:43,39700.0,100.0,426300.0
653,2021-10-17 04:21:43,39700.0,400.0,426200.0
654,2021-10-17 04:21:43,39700.0,100.0,425800.0
655,2021-10-17 04:21:43,39700.0,1000.0,425700.0
656,2021-10-17 04:21:43,39700.0,500.0,424700.0
657,2021-10-17 04:21:43,39700.0,20000.0,424200.0
658,2021-10-17 04:21:43,39700.0,2300.0,404200.0
659,2021-10-17 04:21:43,39700.0,100.0,401900.0
660,2021-10-17 04:21:43,39700.0,200.0,401800.0
661,2021-10-17 04:21:43,39700.0,300.0,401600.0
662,2021-10-17 04:21:43,39700.0,100.0,401300.0
663,2021-10-17 04:21:43,39700.0,1200.0,401200.0
664,2021-10-17 04:21:43,39650.0,500.0,400000.0
665,2021-10-17 04:21:43,39650.0,200.0,399500.0
666,2021-10-17 04:21:43,39650.0,500.0,399300.0
667,2021-10-17 04:21:43,39650.0,1500.0,398800.0
668,2021-10-17 04:21:43,39650.0,1000.0,397300.0
669,2021-10-17 04:21:43,39650.0,2000.0,396300.0
670,2021-10-17 04:21:43,39650.0,500.0,394300.0
671,2021-10-17 04:21:43,39650.0,700.0,393800.0
672,2021-10-17 04:21:43,39650.0,2500.0,393100.0
673,2021-10-17 04:21:43,39650.0,3600.0,390600.0
674,2021-10-17 04:21:35,39600.0,1500.0,387000.0
675,2021-10-17 04:21:22,39600.0,200.0,385500.0
676,2021-10-17 04:21:20,39600.0,500.0,385300.0
677,2021-10-17 04:20:48,39600.0,300.0,384800.0
678,2021-10-17 04:19:36,39600.0,100.0,384500.0
679,2021-10-17 04:18:38,39600.0,700.0,384400.0
680,2021-10-17 04:18:12,39600.0,100.0,383700.0
681,2021-10-17 04:17:54,39600.0,100.0,383600.0
682,2021-10-17 04:17:08,39600.0,100.0,383500.0
683,2021-10-17 04:15:25,39550.0,800.0,383400.0
684,2021-10-17 04:15:25,39550.0,200.0,382600.0
685,2021-10-17 04:15:25,39550.0,200.0,382400.0
686,2021-10-17 04:15:25,39550.0,600.0,382200.0
687,2021-10-17 04:15:25,39550.0,500.0,381600.0
688,2021-10-17 04:15:25,39550.0,1000.0,381100.0
689,2021-10-17 04:15:25,39550.0,1000.0,380100.0
690,2021-10-17 04:15:25,39550.0,5000.0,379100.0
691,2021-10-17 04:15:25,39550.0,100.0,374100.0
692,2021-10-17 04:15:25,39550.0,100.0,374000.0
693,2021-10-17 04:15:25,39550.0,1000.0,373900.0
694,2021-10-17 04:15:25,39550.0,100.0,372900.0
695,2021-10-17 04:15:25,39550.0,100.0,372800.0
696,2021-10-17 04:15:25,39550.0,200.0,372700.0
697,2021-10-17 04:15:25,39550.0,1700.0,372500.0
698,2021-10-17 04:15:25,39550.0,200.0,370800.0
699,2021-10-17 04:15:25,39550.0,1000.0,370600.0
700,2021-10-17 04:15:25,39550.0,1200.0,369600.0
701,2021-10-17 04:14:28,39550.0,2200.0,368400.0
702,2021-10-17 04:13:52,39550.0,100.0,366200.0
703,2021-10-17 04:12:53,39600.0,800.0,366100.0
704,2021-10-17 04:12:53,39600.0,5000.0,365300.0
705,2021-10-17 04:12:53,39600.0,1800.0,360300.0
706,2021-10-17 04:12:53,39600.0,200.0,358500.0
707,2021-10-17 04:12:53,39600.0,2200.0,358300.0
708,2021-10-17 04:10:28,39600.0,2200.0,356100.0
709,2021-10-17 04:10:28,39600.0,1000.0,353900.0
710,2021-10-17 04:10:28,39600.0,200.0,352900.0
711,2021-10-17 04:10:28,39600.0,500.0,352700.0
712,2021-10-17 04:10:28,39600.0,200.0,352200.0
713,2021-10-17 04:10:28,39600.0,900.0,352000.0
714,2021-10-17 04:10:10,39600.0,4100.0,351100.0
715,2021-10-17 04:10:10,39600.0,500.0,347000.0
716,2021-10-17 04:10:10,39600.0,100.0,346500.0
717,2021-10-17 04:10:10,39600.0,300.0,346400.0
718,2021-10-17 04:09:38,39650.0,100.0,346100.0
719,2021-10-17 04:08:54,39600.0,400.0,346000.0
720,2021-10-17 04:04:43,39600.0,200.0,345600.0
721,2021-10-17 04:03:58,39600.0,100.0,345400.0
722,2021-10-17 04:03:58,39600.0,300.0,345300.0
723,2021-10-17 04:03:58,39600.0,200.0,345000.0
724,2021-10-17 04:03:58,39600.0,100.0,344800.0
725,2021-10-17 04:03:58,39600.0,300.0,344700.0
726,2021-10-17 04:03:58,39600.0,1100.0,344400.0
727,2021-10-17 04:03:58,39600.0,1000.0,343300.0
728,2021-10-17 04:03:58,39600.0,100.0,342300.0
729,2021-10-17 04:03:58,39600.0,200.0,342200.0
730,2021-10-17 04:03:58,39600.0,400.0,342000.0
731,2021-10-17 04:01:53,39600.0,600.0,341600.0
732,2021-10-17 04:01:53,39600.0,2400.0,341000.0
733,2021-10-17 03:59:47,39650.0,1300.0,338600.0
734,2021-10-17 03:59:47,39650.0,500.0,337300.0
735,2021-10-17 03:59:47,39650.0,100.0,336800.0
736,2021-10-17 03:59:47,39650.0,100.0,336700.0
737,2021-10-17 03:59:47,39650.0,100.0,336600.0
738,2021-10-17 03:59:47,39650.0,100.0,336500.0
739,2021-10-17 03:59:34,39600.0,100.0,336400.0
740,2021-10-17 03:59:28,39600.0,2000.0,336300.0
741,2021-10-17 03:58:49,39600.0,3000.0,334300.0
742,2021-10-17 03:57:32,39650.0,100.0,331300.0
743,2021-10-17 03:57:32,39650.0,200.0,331200.0
744,2021-10-17 03:56:46,39600.0,2500.0,331000.0
745,2021-10-17 03:56:46,39600.0,500.0,328500.0
746,2021-10-17 03:56:08,39650.0,200.0,328000.0
747,2021-10-17 03:56:08,39650.0,100.0,327800.0
748,2021-10-17 03:56:01,39650.0,200.0,327700.0
749,2021-10-17 03:53:44,39650.0,500.0,327500.0
750,2021-10-17 03:53:10,39650.0,500.0,327000.0
751,2021-10-17 03:52:22,39650.0,1300.0,326500.0
752,2021-10-17 03:52:22,39650.0,500.0,325200.0
753,2021-10-17 03:52:22,39650.0,100.0,324700.0
754,2021-10-17 03:52:22,39650.0,100.0,324600.0
755,2021-10-17 03:52:22,39650.0,1100.0,324500.0
756,2021-10-17 03:52:22,39650.0,700.0,323400.0
757,2021-10-17 03:52:22,39650.0,1200.0,322700.0
758,2021-10-17 03:51:55,39650.0,100.0,321500.0
759,2021-10-17 03:51:13,39650.0,200.0,321400.0
760,2021-10-17 03:51:01,39650.0,100.0,321200.0
761,2021-10-17 03:50:56,39550.0,4900.0,321100.0
762,2021-10-17 03:50:56,39550.0,200.0,316200.0
763,2021-10-17 03:50:52,39650.0,500.0,316000.0
764,2021-10-17 03:50:28,39650.0,100.0,315500.0
765,2021-10-17 03:50:25,39650.0,100.0,315400.0
766,2021-10-17 03:50:23,39650.0,500.0,315300.0
767,2021-10-17 03:50:15,39650.0,400.0,314800.0
768,2021-10-17 03:50:14,39550.0,100.0,314400.0
769,2021-10-17 03:50:14,39600.0,500.0,314300.0
770,2021-10-17 03:50:14,39600.0,200.0,313800.0
771,2021-10-17 03:50:14,39600.0,1000.0,313600.0
772,2021-10-17 03:50:14,39600.0,100.0,312600.0
773,2021-10-17 03:50:14,39600.0,1000.0,312500.0
774,2021-10-17 03:50:14,39600.0,700.0,311500.0
775,2021-10-17 03:49:23,39650.0,100.0,310800.0
776,2021-10-17 03:48:58,39650.0,500.0,310700.0
777,2021-10-17 03:48:32,39650.0,100.0,310200.0
778,2021-10-17 03:48:21,39650.0,200.0,310100.0
779,2021-10-17 03:47:52,39650.0,100.0,309900.0
780,2021-10-17 03:47:29,39600.0,1000.0,309800.0
781,2021-10-17 03:47:12,39600.0,3500.0,308800.0
782,2021-10-17 03:47:12,39600.0,1900.0,305300.0
783,2021-10-17 03:46:13,39600.0,400.0,303400.0
784,2021-10-17 03:46:13,39600.0,200.0,303000.0
785,2021-10-17 03:46:13,39600.0,2000.0,302800.0
786,2021-10-17 03:46:13,39600.0,400.0,300800.0
787,2021-10-17 03:46:13,39600.0,1000.0,300400.0
788,2021-10-17 03:46:13,39600.0,1400.0,299400.0
789,2021-10-17 03:46:13,39600.0,1000.0,298000.0
790,2021-10-17 03:46:13,39600.0,600.0,297000.0
791,2021-10-17 03:45:06,39600.0,1000.0,296400.0
792,2021-10-17 03:43:42,39600.0,900.0,295400.0
793,2021-10-17 03:43:35,39600.0,200.0,294500.0
794,2021-10-17 03:43:20,39650.0,1700.0,294300.0
795,2021-10-17 03:42:57,39600.0,100.0,292600.0
796,2021-10-17 03:42:36,39600.0,300.0,292500.0
797,2021-10-17 03:41:50,39600.0,1900.0,292200.0
798,2021-10-17 03:41:42,39600.0,100.0,290300.0
799,2021-10-17 03:41:42,39600.0,400.0,290200.0
800,2021-10-17 03:41:42,39600.0,400.0,289800.0
801,2021-10-17 03:41:42,39600.0,300.0,289400.0
802,2021-10-17 03:41:42,39600.0,700.0,289100.0
803,2021-10-17 03:39:41,39600.0,300.0,288400.0
804,2021-10-17 03:39:27,39600.0,1000.0,288100.0
805,2021-10-17 03:38:57,39600.0,500.0,287100.0
806,2021-10-17 03:38:51,39600.0,1000.0,286600.0
807,2021-10-17 03:38:24,39600.0,100.0,285600.0
808,2021-10-17 03:37:56,39600.0,300.0,285500.0
809,2021-10-17 03:37:56,39600.0,3400.0,285200.0
810,2021-10-17 03:37:56,39600.0,100.0,281800.0
811,2021-10-17 03:37:56,39600.0,4200.0,281700.0
812,2021-10-17 03:37:43,39650.0,100.0,277500.0
813,2021-10-17 03:36:16,39650.0,200.0,277400.0
814,2021-10-17 03:35:54,39650.0,100.0,277200.0
815,2021-10-17 03:34:33,39650.0,100.0,277100.0
816,2021-10-17 03:34:28,39650.0,100.0,277000.0
817,2021-10-17 03:33:44,39600.0,700.0,276900.0
818,2021-10-17 03:33:44,39600.0,5100.0,276200.0
819,2021-10-17 03:33:38,39600.0,2000.0,271100.0
820,2021-10-17 03:33:20,39600.0,200.0,269100.0
821,2021-10-17 03:33:06,39600.0,200.0,268900.0
822,2021-10-17 03:31:52,39600.0,100.0,268700.0
823,2021-10-17 03:30:18,39600.0,200.0,268600.0
824,2021-10-17 03:30:18,39600.0,100.0,268400.0
825,2021-10-17 03:30:18,39600.0,600.0,268300.0
826,2021-10-17 03:30:18,39600.0,200.0,267700.0
827,2021-10-17 03:30:18,39600.0,100.0,267500.0
828,2021-10-17 03:30:18,39600.0,400.0,267400.0
829,2021-10-17 03:30:18,39600.0,100.0,267000.0
830,2021-10-17 03:30:18,39600.0,1000.0,266900.0
831,2021-10-17 03:30:18,39600.0,500.0,265900.0
832,2021-10-17 03:30:18,39600.0,9200.0,265400.0
833,2021-10-17 03:30:17,39600.0,100.0,256200.0
834,2021-10-17 03:29:44,39600.0,100.0,256100.0
835,2021-10-17 03:28:41,39600.0,500.0,256000.0
836,2021-10-17 03:27:56,39650.0,400.0,255500.0
837,2021-10-17 03:27:49,39650.0,200.0,255100.0
838,2021-10-17 03:27:46,39650.0,400.0,254900.0
839,2021-10-17 03:27:46,39650.0,1300.0,254500.0
840,2021-10-17 03:27:36,39650.0,400.0,253200.0
841,2021-10-17 03:27:26,39650.0,400.0,252800.0
842,2021-10-17 03:27:23,39600.0,100.0,252400.0
843,2021-10-17 03:27:16,39650.0,400.0,252300.0
844,2021-10-17 03:27:06,39650.0,200.0,251900.0
845,2021-10-17 03:27:06,39650.0,200.0,251700.0
846,2021-10-17 03:26:56,39650.0,300.0,251500.0
847,2021-10-17 03:26:56,39650.0,100.0,251200.0
848,2021-10-17 03:26:45,39650.0,400.0,251100.0
849,2021-10-17 03:26:37,39600.0,500.0,250700.0
850,2021-10-17 03:26:30,39650.0,700.0,250200.0
851,2021-10-17 03:25:30,39650.0,100.0,249500.0
852,2021-10-17 03:24:24,39650.0,100.0,249400.0
853,2021-10-17 03:24:11,39650.0,200.0,249300.0
854,2021-10-17 03:22:07,39650.0,100.0,249100.0
855,2021-10-17 03:22:00,39600.0,5500.0,249000.0
856,2021-10-17 03:21:54,39600.0,1000.0,243500.0
857,2021-10-17 03:21:37,39600.0,200.0,242500.0
858,2021-10-17 03:21:33,39600.0,100.0,242300.0
859,2021-10-17 03:21:29,39600.0,100.0,242200.0
860,2021-10-17 03:21:29,39600.0,100.0,242100.0
861,2021-10-17 03:21:23,39650.0,200.0,242000.0
862,2021-10-17 03:21:10,39650.0,100.0,241800.0
863,2021-10-17 03:20:54,39650.0,100.0,241700.0
864,2021-10-17 03:20:40,39650.0,100.0,241600.0
865,2021-10-17 03:20:26,39650.0,200.0,241500.0
866,2021-10-17 03:20:17,39650.0,3000.0,241300.0
867,2021-10-17 03:20:10,39650.0,200.0,238300.0
868,2021-10-17 03:19:59,39600.0,100.0,238100.0
869,2021-10-17 03:19:54,39600.0,100.0,238000.0
870,2021-10-17 03:19:44,39600.0,200.0,237900.0
871,2021-10-17 03:18:54,39600.0,200.0,237700.0
872,2021-10-17 03:18:44,39600.0,1500.0,237500.0
873,2021-10-17 03:18:43,39600.0,3000.0,236000.0
874,2021-10-17 03:18:38,39600.0,1000.0,233000.0
875,2021-10-17 03:18:32,39600.0,3900.0,232000.0
876,2021-10-17 03:18:32,39600.0,200.0,228100.0
877,2021-10-17 03:18:32,39600.0,900.0,227900.0
878,2021-10-17 03:18:20,39600.0,100.0,227000.0
879,2021-10-17 03:18:20,39600.0,100.0,226900.0
880,2021-10-17 03:18:02,39600.0,2000.0,226800.0
881,2021-10-17 03:18:02,39600.0,500.0,224800.0
882,2021-10-17 03:18:02,39600.0,200.0,224300.0
883,2021-10-17 03:18:02,39600.0,10000.0,224100.0
884,2021-10-17 03:18:02,39600.0,2300.0,214100.0
885,2021-10-17 03:18:02,39600.0,200.0,211800.0
886,2021-10-17 03:17:18,39600.0,100.0,211600.0
887,2021-10-17 03:17:08,39600.0,1000.0,211500.0
888,2021-10-17 03:16:45,39600.0,500.0,210500.0
889,2021-10-17 03:16:37,39600.0,100.0,210000.0
890,2021-10-17 03:15:59,39600.0,100.0,209900.0
891,2021-10-17 03:15:54,39600.0,100.0,209800.0
892,2021-10-17 03:15:53,39600.0,100.0,209700.0
893,2021-10-17 03:15:34,39600.0,100.0,209600.0
894,2021-10-17 03:14:59,39600.0,100.0,209500.0
895,2021-10-17 03:14:55,39600.0,300.0,209400.0
896,2021-10-17 03:14:43,39600.0,200.0,209100.0
897,2021-10-17 03:14:29,39600.0,200.0,208900.0
898,2021-10-17 03:13:48,39600.0,100.0,208700.0
899,2021-10-17 03:13:37,39600.0,200.0,208600.0
900,2021-10-17 03:13:34,39550.0,700.0,208400.0
901,2021-10-17 03:13:34,39550.0,200.0,207700.0
902,2021-10-17 03:12:59,39600.0,100.0,207500.0
903,2021-10-17 03:12:46,39600.0,200.0,207400.0
904,2021-10-17 03:12:29,39600.0,1000.0,207200.0
905,2021-10-17 03:12:21,39600.0,600.0,206200.0
906,2021-10-17 03:12:20,39550.0,500.0,205600.0
907,2021-10-17 03:11:05,39600.0,200.0,205100.0
908,2021-10-17 03:10:09,39600.0,100.0,204900.0
909,2021-10-17 03:09:43,39600.0,100.0,204800.0
910,2021-10-17 03:09:24,39600.0,200.0,204700.0
911,2021-10-17 03:09:09,39600.0,100.0,204500.0
912,2021-10-17 03:08:54,39600.0,100.0,204400.0
913,2021-10-17 03:08:53,39600.0,600.0,204300.0
914,2021-10-17 03:08:44,39600.0,100.0,203700.0
915,2021-10-17 03:08:44,39600.0,100.0,203600.0
916,2021-10-17 03:08:44,39600.0,800.0,203500.0
917,2021-10-17 03:08:33,39600.0,100.0,202700.0
918,2021-10-17 03:08:18,39600.0,100.0,202600.0
919,2021-10-17 03:08:05,39600.0,300.0,202500.0
920,2021-10-17 03:07:57,39600.0,4700.0,202200.0
921,2021-10-17 03:07:57,39600.0,5000.0,197500.0
922,2021-10-17 03:07:57,39600.0,300.0,192500.0
923,2021-10-17 03:07:36,39650.0,100.0,192200.0
924,2021-10-17 03:07:36,39650.0,100.0,192100.0
925,2021-10-17 03:07:33,39650.0,1000.0,192000.0
926,2021-10-17 03:07:01,39600.0,500.0,191000.0
927,2021-10-17 03:06:58,39650.0,500.0,190500.0
928,2021-10-17 03:06:39,39650.0,200.0,190000.0
929,2021-10-17 03:06:39,39650.0,100.0,189800.0
930,2021-10-17 03:06:39,39650.0,100.0,189700.0
931,2021-10-17 03:06:39,39650.0,2300.0,189600.0
932,2021-10-17 03:06:28,39650.0,200.0,187300.0
933,2021-10-17 03:06:15,39650.0,400.0,187100.0
934,2021-10-17 03:05:35,39650.0,500.0,186700.0
935,2021-10-17 03:04:59,39650.0,100.0,186200.0
936,2021-10-17 03:04:23,39650.0,200.0,186100.0
937,2021-10-17 03:04:04,39650.0,100.0,185900.0
938,2021-10-17 03:03:14,39700.0,100.0,185800.0
939,2021-10-17 03:03:14,39700.0,200.0,185700.0
940,2021-10-17 03:03:14,39700.0,200.0,185500.0
941,2021-10-17 03:03:14,39700.0,1500.0,185300.0
942,2021-10-17 03:02:52,39700.0,200.0,183800.0
943,2021-10-17 03:02:43,39650.0,200.0,183600.0
944,2021-10-17 03:02:43,39650.0,400.0,183400.0
945,2021-10-17 03:02:43,39650.0,400.0,183000.0
946,2021-10-17 03:02:43,39650.0,200.0,182600.0
947,2021-10-17 03:02:43,39600.0,100.0,182400.0
948,2021-10-17 03:02:37,39650.0,1000.0,182300.0
949,2021-10-17 03:02:06,39600.0,100.0,181300.0
950,2021-10-17 03:02:06,39600.0,500.0,181200.0
951,2021-10-17 03:02:06,39600.0,100.0,180700.0
952,2021-10-17 03:02:06,39600.0,200.0,180600.0
953,2021-10-17 03:02:06,39600.0,100.0,180400.0
954,2021-10-17 03:02:06,39600.0,100.0,180300.0
955,2021-10-17 03:02:06,39600.0,1800.0,180200.0
956,2021-10-17 03:00:19,39650.0,100.0,178400.0
957,2021-10-17 03:00:05,39650.0,200.0,178300.0
958,2021-10-17 02:59:28,39600.0,500.0,178100.0
959,2021-10-17 02:59:28,39650.0,1000.0,177600.0
960,2021-10-17 02:58:46,39650.0,1000.0,176600.0
961,2021-10-17 02:58:46,39650.0,900.0,175600.0
962,2021-10-17 02:58:46,39650.0,600.0,174700.0
963,2021-10-17 02:58:32,39650.0,1700.0,174100.0
964,2021-10-17 02:58:32,39650.0,200.0,172400.0
965,2021-10-17 02:58:20,39700.0,400.0,172200.0
966,2021-10-17 02:57:27,39700.0,100.0,171800.0
967,2021-10-17 02:57:14,39700.0,200.0,171700.0
968,2021-10-17 02:57:14,39700.0,100.0,171500.0
969,2021-10-17 02:56:50,39700.0,100.0,171400.0
970,2021-10-17 02:56:33,39700.0,500.0,171300.0
971,2021-10-17 02:56:33,39700.0,200.0,170800.0
972,2021-10-17 02:56:14,39700.0,500.0,170600.0
973,2021-10-17 02:55:39,39700.0,100.0,170100.0
974,2021-10-17 02:55:24,39700.0,100.0,170000.0
975,2021-10-17 02:55:08,39650.0,100.0,169900.0
976,2021-10-17 02:54:26,39600.0,100.0,169800.0
977,2021-10-17 02:54:15,39600.0,100.0,169700.0
978,2021-10-17 02:54:02,39600.0,300.0,169600.0
979,2021-10-17 02:54:02,39600.0,7200.0,169300.0
980,2021-10-17 02:53:58,39600.0,100.0,162100.0
981,2021-10-17 02:53:51,39600.0,100.0,162000.0
982,2021-10-17 02:53:48,39600.0,100.0,161900.0
983,2021-10-17 02:53:12,39600.0,200.0,161800.0
984,2021-10-17 02:53:06,39600.0,10000.0,161600.0
985,2021-10-17 02:52:42,39600.0,100.0,151600.0
986,2021-10-17 02:51:43,39600.0,100.0,151500.0
987,2021-10-17 02:51:35,39600.0,500.0,151400.0
988,2021-10-17 02:50:50,39600.0,100.0,150900.0
989,2021-10-17 02:50:42,39600.0,300.0,150800.0
990,2021-10-17 02:50:30,39600.0,600.0,150500.0
991,2021-10-17 02:50:20,39600.0,500.0,149900.0
992,2021-10-17 02:50:06,39600.0,100.0,149400.0
993,2021-10-17 02:49:09,39600.0,100.0,149300.0
994,2021-10-17 02:48:17,39600.0,1600.0,149200.0
995,2021-10-17 02:48:08,39600.0,200.0,147600.0
996,2021-10-17 02:48:01,39600.0,100.0,147400.0
997,2021-10-17 02:47:31,39600.0,100.0,147300.0
998,2021-10-17 02:47:31,39600.0,200.0,147200.0
999,2021-10-17 02:47:31,39600.0,1000.0,147000.0
1000,2021-10-17 02:47:31,39600.0,200.0,146000.0
1001,2021-10-17 02:47:31,39600.0,7500.0,145800.0
1002,2021-10-17 02:47:31,39600.0,500.0,138300.0
1003,2021-10-17 02:47:31,39600.0,5000.0,137800.0
1004,2021-10-17 02:47:31,39600.0,200.0,132800.0
1005,2021-10-17 02:47:31,39600.0,3300.0,132600.0
1006,2021-10-17 02:46:46,39700.0,100.0,129300.0
1007,2021-10-17 02:46:46,39700.0,100.0,129200.0
1008,2021-10-17 02:45:21,39700.0,1000.0,129100.0
1009,2021-10-17 02:45:07,39700.0,100.0,128100.0
1010,2021-10-17 02:44:59,39700.0,100.0,128000.0
1011,2021-10-17 02:42:36,39750.0,200.0,127900.0
1012,2021-10-17 02:42:30,39750.0,700.0,127700.0
1013,2021-10-17 02:42:25,39750.0,100.0,127000.0
1014,2021-10-17 02:41:54,39750.0,200.0,126900.0
1015,2021-10-17 02:41:42,39750.0,100.0,126700.0
1016,2021-10-17 02:41:42,39700.0,100.0,126600.0
1017,2021-10-17 02:41:26,39700.0,100.0,126500.0
1018,2021-10-17 02:41:26,39750.0,100.0,126400.0
1019,2021-10-17 02:41:20,39700.0,100.0,126300.0
1020,2021-10-17 02:41:20,39700.0,200.0,126200.0
1021,2021-10-17 02:41:20,39700.0,4000.0,126000.0
1022,2021-10-17 02:41:15,39700.0,100.0,122000.0
1023,2021-10-17 02:41:06,39600.0,1000.0,121900.0
1024,2021-10-17 02:40:54,39700.0,200.0,120900.0
1025,2021-10-17 02:40:44,39700.0,200.0,120700.0
1026,2021-10-17 02:40:29,39700.0,100.0,120500.0
1027,2021-10-17 02:40:17,39700.0,100.0,120400.0
1028,2021-10-17 02:40:10,39700.0,300.0,120300.0
1029,2021-10-17 02:40:10,39700.0,300.0,120000.0
1030,2021-10-17 02:39:59,39700.0,200.0,119700.0
1031,2021-10-17 02:39:55,39600.0,1000.0,119500.0
1032,2021-10-17 02:39:53,39600.0,100.0,118500.0
1033,2021-10-17 02:39:50,39600.0,100.0,118400.0
1034,2021-10-17 02:39:46,39600.0,400.0,118300.0
1035,2021-10-17 02:39:46,39600.0,200.0,117900.0
1036,2021-10-17 02:39:46,39600.0,100.0,117700.0
1037,2021-10-17 02:39:42,39600.0,600.0,117600.0
1038,2021-10-17 02:39:41,39600.0,100.0,117000.0
1039,2021-10-17 02:39:30,39600.0,200.0,116900.0
1040,2021-10-17 02:39:19,39600.0,100.0,116700.0
1041,2021-10-17 02:39:19,39550.0,1300.0,116600.0
1042,2021-10-17 02:39:19,39550.0,200.0,115300.0
1043,2021-10-17 02:39:06,39600.0,100.0,115100.0
1044,2021-10-17 02:38:57,39600.0,500.0,115000.0
1045,2021-10-17 02:38:48,39600.0,200.0,114500.0
1046,2021-10-17 02:38:46,39600.0,2000.0,114300.0
1047,2021-10-17 02:38:35,39600.0,100.0,112300.0
1048,2021-10-17 02:38:32,39600.0,200.0,112200.0
1049,2021-10-17 02:38:32,39600.0,500.0,112000.0
1050,2021-10-17 02:38:21,39600.0,200.0,111500.0
1051,2021-10-17 02:38:08,39600.0,800.0,111300.0
1052,2021-10-17 02:38:08,39600.0,4100.0,110500.0
1053,2021-10-17 02:38:08,39700.0,100.0,106400.0
1054,2021-10-17 02:38:03,39700.0,400.0,106300.0
1055,2021-10-17 02:38:03,39700.0,100.0,105900.0
1056,2021-10-17 02:37:58,39600.0,200.0,105800.0
1057,2021-10-17 02:37:51,39700.0,100.0,105600.0
1058,2021-10-17 02:37:34,39700.0,100.0,105500.0
1059,2021-10-17 02:37:29,39600.0,500.0,105400.0
1060,2021-10-17 02:37:29,39600.0,100.0,104900.0
1061,2021-10-17 02:37:29,39600.0,4900.0,104800.0
1062,2021-10-17 02:37:21,39600.0,200.0,99900.0
1063,2021-10-17 02:37:14,39600.0,100.0,99700.0
1064,2021-10-17 02:37:11,39600.0,600.0,99600.0
1065,2021-10-17 02:37:07,39600.0,100.0,99000.0
1066,2021-10-17 02:36:59,39600.0,200.0,98900.0
1067,2021-10-17 02:36:59,39600.0,100.0,98700.0
1068,2021-10-17 02:36:59,39600.0,100.0,98600.0
1069,2021-10-17 02:36:59,39600.0,200.0,98500.0
1070,2021-10-17 02:36:59,39600.0,200.0,98300.0
1071,2021-10-17 02:36:59,39600.0,100.0,98100.0
1072,2021-10-17 02:36:59,39600.0,300.0,98000.0
1073,2021-10-17 02:36:59,39600.0,500.0,97700.0
1074,2021-10-17 02:36:59,39600.0,500.0,97200.0
1075,2021-10-17 02:36:59,39600.0,200.0,96700.0
1076,2021-10-17 02:36:59,39600.0,400.0,96500.0
1077,2021-10-17 02:36:59,39600.0,100.0,96100.0
1078,2021-10-17 02:36:59,39600.0,100.0,96000.0
1079,2021-10-17 02:36:59,39600.0,100.0,95900.0
1080,2021-10-17 02:36:59,39600.0,200.0,95800.0
1081,2021-10-17 02:36:59,39600.0,800.0,95600.0
1082,2021-10-17 02:36:32,39700.0,700.0,94800.0
1083,2021-10-17 02:36:20,39600.0,1700.0,94100.0
1084,2021-10-17 02:36:20,39600.0,2000.0,92400.0
1085,2021-10-17 02:36:20,39600.0,5000.0,90400.0
1086,2021-10-17 02:36:20,39600.0,500.0,85400.0
1087,2021-10-17 02:36:20,39600.0,500.0,84900.0
1088,2021-10-17 02:36:20,39600.0,100.0,84400.0
1089,2021-10-17 02:36:20,39650.0,200.0,84300.0
1090,2021-10-17 02:36:20,39650.0,400.0,84100.0
1091,2021-10-17 02:36:20,39650.0,1000.0,83700.0
1092,2021-10-17 02:36:20,39650.0,200.0,82700.0
1093,2021-10-17 02:36:20,39650.0,100.0,82500.0
1094,2021-10-17 02:36:20,39650.0,200.0,82400.0
1095,2021-10-17 02:36:20,39700.0,500.0,82200.0
1096,2021-10-17 02:36:20,39700.0,300.0,81700.0
1097,2021-10-17 02:36:20,39700.0,2000.0,81400.0
1098,2021-10-17 02:36:20,39700.0,100.0,79400.0
1099,2021-10-17 02:36:20,39700.0,100.0,79300.0
1100,2021-10-17 02:36:20,39700.0,300.0,79200.0
1101,2021-10-17 02:35:59,39750.0,600.0,78900.0
1102,2021-10-17 02:35:52,39700.0,500.0,78300.0
1103,2021-10-17 02:35:46,39750.0,200.0,77800.0
1104,2021-10-17 02:35:32,39700.0,200.0,77600.0
1105,2021-10-17 02:35:32,39700.0,100.0,77400.0
1106,2021-10-17 02:35:32,39700.0,600.0,77300.0
1107,2021-10-17 02:35:32,39700.0,300.0,76700.0
1108,2021-10-17 02:35:13,39750.0,200.0,76400.0
1109,2021-10-17 02:35:06,39750.0,100.0,76200.0
1110,2021-10-17 02:35:03,39750.0,100.0,76100.0
1111,2021-10-17 02:34:59,39750.0,100.0,76000.0
1112,2021-10-17 02:34:47,39750.0,200.0,75900.0
1113,2021-10-17 02:34:30,39750.0,100.0,75700.0
1114,2021-10-17 02:34:18,39750.0,200.0,75600.0
1115,2021-10-17 02:34:01,39750.0,200.0,75400.0
1116,2021-10-17 02:33:57,39700.0,2700.0,75200.0
1117,2021-10-17 02:33:57,39700.0,100.0,72500.0
1118,2021-10-17 02:33:57,39700.0,200.0,72400.0
1119,2021-10-17 02:33:35,39750.0,100.0,72200.0
1120,2021-10-17 02:33:22,39750.0,100.0,72100.0
1121,2021-10-17 02:33:05,39750.0,100.0,72000.0
1122,2021-10-17 02:32:52,39750.0,200.0,71900.0
1123,2021-10-17 02:32:40,39750.0,100.0,71700.0
1124,2021-10-17 02:32:22,39750.0,200.0,71600.0
1125,2021-10-17 02:32:06,39750.0,200.0,71400.0
1126,2021-10-17 02:32:02,39750.0,300.0,71200.0
1127,2021-10-17 02:32:02,39750.0,1000.0,70900.0
1128,2021-10-17 02:31:56,39800.0,3000.0,69900.0
1129,2021-10-17 02:31:53,39800.0,100.0,66900.0
1130,2021-10-17 02:31:43,39800.0,100.0,66800.0
1131,2021-10-17 02:31:27,39800.0,100.0,66700.0
1132,2021-10-17 02:31:04,39800.0,200.0,66600.0
1133,2021-10-17 02:30:50,39800.0,100.0,66400.0
1134,2021-10-17 02:30:36,39800.0,100.0,66300.0
1135,2021-10-17 02:30:04,39800.0,1000.0,66200.0
1136,2021-10-17 02:30:03,39800.0,100.0,65200.0
1137,2021-10-17 02:30:01,39800.0,1000.0,65100.0
1138,2021-10-17 02:29:28,39800.0,1000.0,64100.0
1139,2021-10-17 02:29:24,39800.0,100.0,63100.0
1140,2021-10-17 02:29:05,39850.0,100.0,63000.0
1141,2021-10-17 02:28:56,39850.0,200.0,62900.0
1142,2021-10-17 02:28:35,39850.0,100.0,62700.0
1143,2021-10-17 02:28:19,39850.0,200.0,62600.0
1144,2021-10-17 02:27:15,39800.0,200.0,62400.0
1145,2021-10-17 02:27:15,39800.0,500.0,62200.0
1146,2021-10-17 02:26:48,39800.0,500.0,61700.0
1147,2021-10-17 02:26:46,39800.0,300.0,61200.0
1148,2021-10-17 02:26:46,39800.0,200.0,60900.0
1149,2021-10-17 02:26:46,39800.0,5000.0,60700.0
1150,2021-10-17 02:26:46,39800.0,3500.0,55700.0
1151,2021-10-17 02:25:19,39800.0,100.0,52200.0
1152,2021-10-17 02:25:03,39800.0,100.0,52100.0
1153,2021-10-17 02:24:45,39800.0,100.0,52000.0
1154,2021-10-17 02:24:12,39800.0,300.0,51900.0
1155,2021-10-17 02:24:12,39800.0,200.0,51600.0
1156,2021-10-17 02:24:12,39800.0,100.0,51400.0
1157,2021-10-17 02:24:12,39800.0,600.0,51300.0
1158,2021-10-17 02:23:59,39850.0,200.0,50700.0
1159,2021-10-17 02:23:45,39850.0,200.0,50500.0
1160,2021-10-17 02:23:31,39850.0,100.0,50300.0
1161,2021-10-17 02:23:15,39800.0,700.0,50200.0
1162,2021-10-17 02:23:14,39850.0,100.0,49500.0
1163,2021-10-17 02:23:04,39800.0,500.0,49400.0
1164,2021-10-17 02:23:02,39850.0,200.0,48900.0
1165,2021-10-17 02:22:59,39800.0,1000.0,48700.0
1166,2021-10-17 02:22:57,39800.0,500.0,47700.0
1167,2021-10-17 02:22:57,39800.0,200.0,47200.0
1168,2021-10-17 02:22:57,39800.0,500.0,47000.0
1169,2021-10-17 02:22:32,39800.0,100.0,46500.0
1170,2021-10-17 02:21:51,39800.0,400.0,46400.0
1171,2021-10-17 02:21:51,39800.0,300.0,46000.0
1172,2021-10-17 02:21:40,39800.0,2000.0,45700.0
1173,2021-10-17 02:21:40,39800.0,300.0,43700.0
1174,2021-10-17 02:21:36,39800.0,200.0,43400.0
1175,2021-10-17 02:21:27,39800.0,200.0,43200.0
1176,2021-10-17 02:21:21,39800.0,500.0,43000.0
1177,2021-10-17 02:21:17,39800.0,100.0,42500.0
1178,2021-10-17 02:21:13,39800.0,8700.0,42400.0
1179,2021-10-17 02:21:13,39800.0,300.0,33700.0
1180,2021-10-17 02:21:11,39800.0,100.0,33400.0
1181,2021-10-17 02:21:04,39800.0,100.0,33300.0
1182,2021-10-17 02:20:44,39800.0,100.0,33200.0
1183,2021-10-17 02:20:31,39800.0,100.0,33100.0
1184,2021-10-17 02:20:18,39800.0,200.0,33000.0
1185,2021-10-17 02:19:50,39650.0,200.0,32800.0
1186,2021-10-17 02:19:47,39800.0,100.0,32600.0
1187,2021-10-17 02:17:08,39600.0,1000.0,32500.0
1188,2021-10-17 02:17:08,39600.0,1000.0,31500.0
1189,2021-10-17 02:15:47,39600.0,100.0,30500.0
1190,2021-10-17 02:15:47,39600.0,200.0,30400.0
1191,2021-10-17 02:15:47,39600.0,200.0,30200.0
1192,2021-10-17 02:15:04,39600.0,100.0,30000.0
1193,2021-10-17 02:15:00,39550.0,200.0,29900.0
1194,2021-10-17 02:15:00,39550.0,200.0,29700.0
1195,2021-10-17 02:15:00,39550.0,500.0,29500.0
1196,2021-10-17 02:15:00,39550.0,200.0,29000.0
1197,2021-10-17 02:15:00,39550.0,100.0,28800.0
1198,2021-10-17 02:15:00,39550.0,500.0,28700.0
1199,2021-10-17 02:15:00,39550.0,400.0,28200.0
1200,2021-10-17 02:15:00,39550.0,300.0,27800.0
1201,2021-10-17 02:15:00,39550.0,1000.0,27500.0
1202,2021-10-17 02:15:00,39550.0,300.0,26500.0
1203,2021-10-17 02:15:00,39550.0,500.0,26200.0
1204,2021-10-17 02:15:00,39550.0,2000.0,25700.0
1205,2021-10-17 02:15:00,39550.0,200.0,23700.0
1206,2021-10-17 02:15:00,39550.0,100.0,23500.0
1207,2021-10-17 02:15:00,39550.0,100.0,23400.0
1208,2021-10-17 02:15:00,39550.0,100.0,23300.0
1209,2021-10-17 02:15:00,39550.0,1000.0,23200.0
1210,2021-10-17 02:15:00,39550.0,1000.0,22200.0
1211,2021-10-17 02:15:00,39550.0,11000.0,21200.0
1212,2021-10-17 02:15:00,39550.0,300.0,10200.0
1213,2021-10-17 02:15:00,39550.0,200.0,9900.0
1214,2021-10-17 02:15:00,39550.0,100.0,9700.0
1215,2021-10-17 02:15:00,39550.0,2000.0,9600.0
1216,2021-10-17 02:15:00,39550.0,500.0,7600.0
1217,2021-10-17 02:15:00,39550.0,100.0,7100.0
1218,2021-10-17 02:15:00,39550.0,100.0,7000.0
1219,2021-10-17 02:15:00,39550.0,500.0,6900.0
1220,2021-10-17 02:15:00,39550.0,500.0,6400.0
1221,2021-10-17 02:15:00,39550.0,500.0,5900.0
1222,2021-10-17 02:15:00,39550.0,200.0,5400.0
1223,2021-10-17 02:15:00,39550.0,100.0,5200.0
1224,2021-10-17 02:15:00,39550.0,200.0,5100.0
1225,2021-10-17 02:15:00,39550.0,1000.0,4900.0
1226,2021-10-17 02:15:00,39550.0,500.0,3900.0
1227,2021-10-17 02:15:00,39550.0,1800.0,3400.0
1228,2021-10-17 02:15:00,39550.0,100.0,1600.0
1229,2021-10-17 02:15:00,39550.0,1100.0,1500.0
1230,2021-10-17 02:15:00,39550.0,300.0,400.0
1231,2021-10-17 02:15:00,39550.0,100.0,100.0
