,Time,Price,Volume_per_trade,Volume
0,2021-10-05 07:45:00,39300.0,1000.0,730100.0
1,2021-10-05 07:45:00,39300.0,1000.0,729100.0
2,2021-10-05 07:45:00,39300.0,700.0,728100.0
3,2021-10-05 07:45:00,39300.0,300.0,727400.0
4,2021-10-05 07:45:00,39300.0,200.0,727100.0
5,2021-10-05 07:45:00,39300.0,600.0,726900.0
6,2021-10-05 07:45:00,39300.0,1300.0,726300.0
7,2021-10-05 07:45:00,39300.0,1100.0,725000.0
8,2021-10-05 07:45:00,39300.0,1000.0,723900.0
9,2021-10-05 07:45:00,39300.0,1000.0,722900.0
10,2021-10-05 07:45:00,39300.0,300.0,721900.0
11,2021-10-05 07:45:00,39300.0,200.0,721600.0
12,2021-10-05 07:45:00,39300.0,100.0,721400.0
13,2021-10-05 07:45:00,39300.0,400.0,721300.0
14,2021-10-05 07:45:00,39300.0,100.0,720900.0
15,2021-10-05 07:45:00,39300.0,2000.0,720800.0
16,2021-10-05 07:45:00,39300.0,200.0,718800.0
17,2021-10-05 07:45:00,39300.0,1000.0,718600.0
18,2021-10-05 07:45:00,39300.0,1800.0,717600.0
19,2021-10-05 07:45:00,39300.0,200.0,715800.0
20,2021-10-05 07:45:00,39300.0,500.0,715600.0
21,2021-10-05 07:45:00,39300.0,300.0,715100.0
22,2021-10-05 07:45:00,39300.0,200.0,714800.0
23,2021-10-05 07:45:00,39300.0,100.0,714600.0
24,2021-10-05 07:45:00,39300.0,100.0,714500.0
25,2021-10-05 07:45:00,39300.0,100.0,714400.0
26,2021-10-05 07:45:00,39300.0,100.0,714300.0
27,2021-10-05 07:30:00,39300.0,1000.0,714200.0
28,2021-10-05 07:29:50,39250.0,300.0,713200.0
29,2021-10-05 07:29:50,39250.0,100.0,712900.0
30,2021-10-05 07:29:32,39250.0,300.0,712800.0
31,2021-10-05 07:29:08,39250.0,300.0,712500.0
32,2021-10-05 07:28:40,39300.0,500.0,712200.0
33,2021-10-05 07:28:22,39250.0,100.0,711700.0
34,2021-10-05 07:28:16,39300.0,100.0,711600.0
35,2021-10-05 07:28:10,39300.0,100.0,711500.0
36,2021-10-05 07:27:06,39250.0,100.0,711400.0
37,2021-10-05 07:27:06,39250.0,800.0,711300.0
38,2021-10-05 07:26:46,39250.0,100.0,710500.0
39,2021-10-05 07:26:10,39250.0,100.0,710400.0
40,2021-10-05 07:25:48,39250.0,100.0,710300.0
41,2021-10-05 07:25:29,39200.0,200.0,710200.0
42,2021-10-05 07:25:09,39200.0,2300.0,710000.0
43,2021-10-05 07:24:47,39250.0,100.0,707700.0
44,2021-10-05 07:24:04,39250.0,500.0,707600.0
45,2021-10-05 07:23:48,39250.0,2000.0,707100.0
46,2021-10-05 07:22:38,39250.0,300.0,705100.0
47,2021-10-05 07:22:38,39250.0,300.0,704800.0
48,2021-10-05 07:22:21,39300.0,200.0,704500.0
49,2021-10-05 07:22:21,39300.0,4500.0,704300.0
50,2021-10-05 07:22:21,39300.0,100.0,699800.0
51,2021-10-05 07:22:21,39300.0,100.0,699700.0
52,2021-10-05 07:22:21,39300.0,100.0,699600.0
53,2021-10-05 07:22:21,39300.0,500.0,699500.0
54,2021-10-05 07:22:21,39300.0,600.0,699000.0
55,2021-10-05 07:22:21,39300.0,100.0,698400.0
56,2021-10-05 07:22:21,39300.0,100.0,698300.0
57,2021-10-05 07:22:21,39300.0,500.0,698200.0
58,2021-10-05 07:22:21,39300.0,1000.0,697700.0
59,2021-10-05 07:22:21,39300.0,5200.0,696700.0
60,2021-10-05 07:21:57,39250.0,200.0,691500.0
61,2021-10-05 07:21:50,39250.0,500.0,691300.0
62,2021-10-05 07:21:39,39300.0,800.0,690800.0
63,2021-10-05 07:21:39,39300.0,100.0,690000.0
64,2021-10-05 07:21:39,39300.0,3100.0,689900.0
65,2021-10-05 07:21:13,39250.0,300.0,686800.0
66,2021-10-05 07:20:51,39250.0,300.0,686500.0
67,2021-10-05 07:20:02,39200.0,300.0,686200.0
68,2021-10-05 07:19:46,39250.0,100.0,685900.0
69,2021-10-05 07:19:46,39250.0,100.0,685800.0
70,2021-10-05 07:19:46,39250.0,100.0,685700.0
71,2021-10-05 07:19:30,39250.0,300.0,685600.0
72,2021-10-05 07:17:36,39250.0,100.0,685300.0
73,2021-10-05 07:16:59,39250.0,1000.0,685200.0
74,2021-10-05 07:16:28,39250.0,300.0,684200.0
75,2021-10-05 07:16:25,39250.0,1000.0,683900.0
76,2021-10-05 07:16:00,39250.0,300.0,682900.0
77,2021-10-05 07:16:00,39250.0,1000.0,682600.0
78,2021-10-05 07:16:00,39250.0,1000.0,681600.0
79,2021-10-05 07:15:39,39200.0,300.0,680600.0
80,2021-10-05 07:15:29,39200.0,300.0,680300.0
81,2021-10-05 07:15:16,39250.0,100.0,680000.0
82,2021-10-05 07:15:04,39200.0,300.0,679900.0
83,2021-10-05 07:14:38,39250.0,300.0,679600.0
84,2021-10-05 07:12:51,39200.0,1200.0,679300.0
85,2021-10-05 07:12:51,39200.0,2000.0,678100.0
86,2021-10-05 07:12:51,39200.0,100.0,676100.0
87,2021-10-05 07:12:51,39200.0,200.0,676000.0
88,2021-10-05 07:12:23,39250.0,600.0,675800.0
89,2021-10-05 07:11:53,39200.0,800.0,675200.0
90,2021-10-05 07:11:53,39200.0,200.0,674400.0
91,2021-10-05 07:11:53,39200.0,100.0,674200.0
92,2021-10-05 07:11:53,39200.0,100.0,674100.0
93,2021-10-05 07:11:53,39200.0,100.0,674000.0
94,2021-10-05 07:11:53,39200.0,1000.0,673900.0
95,2021-10-05 07:09:18,39200.0,500.0,672900.0
96,2021-10-05 07:09:18,39200.0,9500.0,672400.0
97,2021-10-05 07:09:07,39200.0,300.0,662900.0
98,2021-10-05 07:08:29,39200.0,200.0,662600.0
99,2021-10-05 07:08:29,39250.0,100.0,662400.0
100,2021-10-05 07:08:23,39250.0,100.0,662300.0
101,2021-10-05 07:08:14,39250.0,600.0,662200.0
102,2021-10-05 07:07:55,39200.0,100.0,661600.0
103,2021-10-05 07:07:11,39200.0,100.0,661500.0
104,2021-10-05 07:06:40,39200.0,10000.0,661400.0
105,2021-10-05 07:06:19,39200.0,300.0,651400.0
106,2021-10-05 07:06:19,39200.0,400.0,651100.0
107,2021-10-05 07:05:33,39200.0,200.0,650700.0
108,2021-10-05 07:05:33,39250.0,100.0,650500.0
109,2021-10-05 07:05:10,39250.0,600.0,650400.0
110,2021-10-05 07:05:10,39250.0,800.0,649800.0
111,2021-10-05 07:05:07,39200.0,300.0,649000.0
112,2021-10-05 07:04:58,39250.0,100.0,648700.0
113,2021-10-05 07:04:34,39250.0,100.0,648600.0
114,2021-10-05 07:04:34,39250.0,1000.0,648500.0
115,2021-10-05 07:04:34,39250.0,700.0,647500.0
116,2021-10-05 07:04:24,39250.0,7000.0,646800.0
117,2021-10-05 07:04:17,39250.0,300.0,639800.0
118,2021-10-05 07:04:16,39300.0,400.0,639500.0
119,2021-10-05 07:03:39,39250.0,100.0,639100.0
120,2021-10-05 07:03:06,39300.0,100.0,639000.0
121,2021-10-05 07:02:56,39250.0,1000.0,638900.0
122,2021-10-05 07:02:33,39250.0,3200.0,637900.0
123,2021-10-05 07:02:26,39300.0,500.0,634700.0
124,2021-10-05 07:01:09,39300.0,500.0,634200.0
125,2021-10-05 07:00:56,39250.0,100.0,633700.0
126,2021-10-05 07:00:56,39250.0,2600.0,633600.0
127,2021-10-05 07:00:13,39250.0,700.0,631000.0
128,2021-10-05 06:59:04,39250.0,200.0,630300.0
129,2021-10-05 06:57:31,39250.0,100.0,630100.0
130,2021-10-05 06:57:31,39250.0,2000.0,630000.0
131,2021-10-05 06:57:31,39250.0,1000.0,628000.0
132,2021-10-05 06:57:31,39250.0,1000.0,627000.0
133,2021-10-05 06:56:01,39250.0,100.0,626000.0
134,2021-10-05 06:55:02,39200.0,300.0,625900.0
135,2021-10-05 06:54:27,39250.0,300.0,625600.0
136,2021-10-05 06:54:19,39200.0,300.0,625300.0
137,2021-10-05 06:53:17,39200.0,300.0,625000.0
138,2021-10-05 06:52:04,39300.0,100.0,624700.0
139,2021-10-05 06:51:59,39200.0,600.0,624600.0
140,2021-10-05 06:51:59,39250.0,100.0,624000.0
141,2021-10-05 06:51:59,39250.0,300.0,623900.0
142,2021-10-05 06:50:17,39200.0,300.0,623600.0
143,2021-10-05 06:50:06,39300.0,300.0,623300.0
144,2021-10-05 06:50:06,39300.0,100.0,623000.0
145,2021-10-05 06:50:06,39300.0,400.0,622900.0
146,2021-10-05 06:50:06,39300.0,200.0,622500.0
147,2021-10-05 06:50:06,39300.0,300.0,622300.0
148,2021-10-05 06:49:48,39200.0,1000.0,622000.0
149,2021-10-05 06:48:45,39200.0,200.0,621000.0
150,2021-10-05 06:48:45,39200.0,100.0,620800.0
151,2021-10-05 06:48:45,39200.0,2700.0,620700.0
152,2021-10-05 06:48:41,39200.0,100.0,618000.0
153,2021-10-05 06:47:09,39200.0,100.0,617900.0
154,2021-10-05 06:47:02,39150.0,300.0,617800.0
155,2021-10-05 06:46:37,39150.0,300.0,617500.0
156,2021-10-05 06:46:24,39150.0,200.0,617200.0
157,2021-10-05 06:46:24,39150.0,1100.0,617000.0
158,2021-10-05 06:46:21,39150.0,1500.0,615900.0
159,2021-10-05 06:45:38,39150.0,500.0,614400.0
160,2021-10-05 06:45:06,39150.0,300.0,613900.0
161,2021-10-05 06:45:01,39100.0,2300.0,613600.0
162,2021-10-05 06:44:46,39150.0,1000.0,611300.0
163,2021-10-05 06:44:46,39150.0,500.0,610300.0
164,2021-10-05 06:44:46,39150.0,500.0,609800.0
165,2021-10-05 06:44:46,39150.0,1000.0,609300.0
166,2021-10-05 06:44:46,39150.0,2000.0,608300.0
167,2021-10-05 06:44:46,39150.0,10000.0,606300.0
168,2021-10-05 06:44:46,39150.0,1600.0,596300.0
169,2021-10-05 06:44:46,39200.0,1000.0,594700.0
170,2021-10-05 06:44:42,39150.0,100.0,593700.0
171,2021-10-05 06:44:42,39150.0,300.0,593600.0
172,2021-10-05 06:44:19,39150.0,300.0,593300.0
173,2021-10-05 06:44:00,39150.0,22700.0,593000.0
174,2021-10-05 06:44:00,39150.0,1000.0,570300.0
175,2021-10-05 06:44:00,39150.0,500.0,569300.0
176,2021-10-05 06:44:00,39150.0,600.0,568800.0
177,2021-10-05 06:44:00,39150.0,100.0,568200.0
178,2021-10-05 06:44:00,39150.0,100.0,568100.0
179,2021-10-05 06:44:00,39150.0,1200.0,568000.0
180,2021-10-05 06:44:00,39150.0,200.0,566800.0
181,2021-10-05 06:44:00,39150.0,2000.0,566600.0
182,2021-10-05 06:44:00,39150.0,1000.0,564600.0
183,2021-10-05 06:44:00,39150.0,500.0,563600.0
184,2021-10-05 06:44:00,39150.0,100.0,563100.0
185,2021-10-05 06:43:57,39200.0,100.0,563000.0
186,2021-10-05 06:43:56,39200.0,100.0,562900.0
187,2021-10-05 06:43:53,39150.0,300.0,562800.0
188,2021-10-05 06:43:46,39200.0,1000.0,562500.0
189,2021-10-05 06:43:22,39200.0,2900.0,561500.0
190,2021-10-05 06:43:12,39200.0,2100.0,558600.0
191,2021-10-05 06:43:12,39200.0,500.0,556500.0
192,2021-10-05 06:43:12,39200.0,3000.0,556000.0
193,2021-10-05 06:43:12,39200.0,100.0,553000.0
194,2021-10-05 06:43:12,39200.0,500.0,552900.0
195,2021-10-05 06:43:12,39200.0,100.0,552400.0
196,2021-10-05 06:43:12,39200.0,100.0,552300.0
197,2021-10-05 06:43:12,39200.0,200.0,552200.0
198,2021-10-05 06:43:12,39200.0,100.0,552000.0
199,2021-10-05 06:43:12,39200.0,2000.0,551900.0
200,2021-10-05 06:43:12,39200.0,100.0,549900.0
201,2021-10-05 06:43:12,39200.0,2500.0,549800.0
202,2021-10-05 06:43:12,39200.0,100.0,547300.0
203,2021-10-05 06:43:12,39200.0,2000.0,547200.0
204,2021-10-05 06:43:12,39200.0,400.0,545200.0
205,2021-10-05 06:43:12,39200.0,100.0,544800.0
206,2021-10-05 06:43:12,39200.0,500.0,544700.0
207,2021-10-05 06:43:12,39250.0,400.0,544200.0
208,2021-10-05 06:43:12,39250.0,1000.0,543800.0
209,2021-10-05 06:43:12,39250.0,2000.0,542800.0
210,2021-10-05 06:43:12,39250.0,2700.0,540800.0
211,2021-10-05 06:43:12,39250.0,300.0,538100.0
212,2021-10-05 06:43:12,39250.0,100.0,537800.0
213,2021-10-05 06:43:12,39250.0,100.0,537700.0
214,2021-10-05 06:43:12,39250.0,100.0,537600.0
215,2021-10-05 06:43:12,39250.0,1000.0,537500.0
216,2021-10-05 06:43:12,39250.0,100.0,536500.0
217,2021-10-05 06:43:12,39250.0,900.0,536400.0
218,2021-10-05 06:42:58,39250.0,300.0,535500.0
219,2021-10-05 06:42:25,39250.0,300.0,535200.0
220,2021-10-05 06:41:55,39250.0,300.0,534900.0
221,2021-10-05 06:41:43,39300.0,300.0,534600.0
222,2021-10-05 06:41:01,39250.0,300.0,534300.0
223,2021-10-05 06:38:38,39250.0,300.0,534000.0
224,2021-10-05 06:38:18,39250.0,300.0,533700.0
225,2021-10-05 06:37:55,39250.0,300.0,533400.0
226,2021-10-05 06:37:53,39300.0,4400.0,533100.0
227,2021-10-05 06:37:31,39250.0,300.0,528700.0
228,2021-10-05 06:37:19,39250.0,300.0,528400.0
229,2021-10-05 06:37:10,39250.0,2000.0,528100.0
230,2021-10-05 06:37:04,39250.0,300.0,526100.0
231,2021-10-05 06:36:57,39250.0,300.0,525800.0
232,2021-10-05 06:36:55,39250.0,2300.0,525500.0
233,2021-10-05 06:36:47,39250.0,100.0,523200.0
234,2021-10-05 06:36:42,39250.0,600.0,523100.0
235,2021-10-05 06:35:13,39250.0,300.0,522500.0
236,2021-10-05 06:34:40,39250.0,300.0,522200.0
237,2021-10-05 06:34:02,39250.0,200.0,521900.0
238,2021-10-05 06:34:02,39250.0,100.0,521700.0
239,2021-10-05 06:33:44,39300.0,300.0,521600.0
240,2021-10-05 06:32:53,39300.0,200.0,521300.0
241,2021-10-05 06:32:53,39300.0,100.0,521100.0
242,2021-10-05 06:32:50,39300.0,600.0,521000.0
243,2021-10-05 06:32:50,39300.0,200.0,520400.0
244,2021-10-05 06:32:50,39300.0,200.0,520200.0
245,2021-10-05 06:32:50,39300.0,1000.0,520000.0
246,2021-10-05 06:32:41,39300.0,1000.0,519000.0
247,2021-10-05 06:32:02,39300.0,300.0,518000.0
248,2021-10-05 06:31:43,39300.0,100.0,517700.0
249,2021-10-05 06:31:33,39300.0,300.0,517600.0
250,2021-10-05 06:30:53,39300.0,300.0,517300.0
251,2021-10-05 06:30:39,39300.0,200.0,517000.0
252,2021-10-05 06:30:22,39300.0,300.0,516800.0
253,2021-10-05 06:30:02,39300.0,200.0,516500.0
254,2021-10-05 06:30:02,39350.0,100.0,516300.0
255,2021-10-05 06:29:55,39400.0,100.0,516200.0
256,2021-10-05 06:29:55,39400.0,100.0,516100.0
257,2021-10-05 06:29:55,39400.0,200.0,516000.0
258,2021-10-05 06:29:55,39400.0,500.0,515800.0
259,2021-10-05 06:29:20,39300.0,100.0,515300.0
260,2021-10-05 06:29:13,39300.0,200.0,515200.0
261,2021-10-05 06:28:58,39300.0,200.0,515000.0
262,2021-10-05 06:28:58,39350.0,100.0,514800.0
263,2021-10-05 06:28:03,39300.0,1000.0,514700.0
264,2021-10-05 06:27:52,39300.0,500.0,513700.0
265,2021-10-05 06:27:52,39400.0,300.0,513200.0
266,2021-10-05 06:26:29,39400.0,100.0,512900.0
267,2021-10-05 06:26:17,39400.0,100.0,512800.0
268,2021-10-05 06:26:06,39300.0,300.0,512700.0
269,2021-10-05 06:26:06,39300.0,200.0,512400.0
270,2021-10-05 06:25:42,39300.0,1000.0,512200.0
271,2021-10-05 06:25:42,39400.0,3000.0,511200.0
272,2021-10-05 06:25:41,39400.0,5000.0,508200.0
273,2021-10-05 06:25:37,39300.0,800.0,503200.0
274,2021-10-05 06:25:37,39300.0,200.0,502400.0
275,2021-10-05 06:25:37,39300.0,1200.0,502200.0
276,2021-10-05 06:25:37,39300.0,100.0,501000.0
277,2021-10-05 06:25:31,39300.0,900.0,500900.0
278,2021-10-05 06:25:31,39300.0,100.0,500000.0
279,2021-10-05 06:25:23,39300.0,200.0,499900.0
280,2021-10-05 06:25:23,39350.0,100.0,499700.0
281,2021-10-05 06:24:26,39300.0,300.0,499600.0
282,2021-10-05 06:24:26,39300.0,100.0,499300.0
283,2021-10-05 06:24:26,39300.0,800.0,499200.0
284,2021-10-05 06:23:50,39300.0,1200.0,498400.0
285,2021-10-05 06:23:29,39300.0,200.0,497200.0
286,2021-10-05 06:23:29,39350.0,1000.0,497000.0
287,2021-10-05 06:23:09,39350.0,100.0,496000.0
288,2021-10-05 06:22:57,39400.0,100.0,495900.0
289,2021-10-05 06:22:35,39350.0,200.0,495800.0
290,2021-10-05 06:21:43,39350.0,700.0,495600.0
291,2021-10-05 06:21:43,39400.0,500.0,494900.0
292,2021-10-05 06:21:24,39400.0,100.0,494400.0
293,2021-10-05 06:21:23,39400.0,100.0,494300.0
294,2021-10-05 06:21:22,39400.0,100.0,494200.0
295,2021-10-05 06:21:11,39400.0,500.0,494100.0
296,2021-10-05 06:21:11,39400.0,100.0,493600.0
297,2021-10-05 06:21:00,39400.0,100.0,493500.0
298,2021-10-05 06:21:00,39400.0,200.0,493400.0
299,2021-10-05 06:21:00,39400.0,2000.0,493200.0
300,2021-10-05 06:20:46,39400.0,200.0,491200.0
301,2021-10-05 06:20:32,39400.0,1000.0,491000.0
302,2021-10-05 06:20:24,39400.0,1300.0,490000.0
303,2021-10-05 06:20:24,39400.0,3700.0,488700.0
304,2021-10-05 06:20:13,39400.0,100.0,485000.0
305,2021-10-05 06:20:07,39400.0,200.0,484900.0
306,2021-10-05 06:20:07,39400.0,400.0,484700.0
307,2021-10-05 06:19:00,39400.0,100.0,484300.0
308,2021-10-05 06:19:00,39400.0,100.0,484200.0
309,2021-10-05 06:18:40,39500.0,300.0,484100.0
310,2021-10-05 06:18:19,39500.0,1500.0,483800.0
311,2021-10-05 06:18:13,39500.0,100.0,482300.0
312,2021-10-05 06:18:09,39500.0,400.0,482200.0
313,2021-10-05 06:18:05,39500.0,600.0,481800.0
314,2021-10-05 06:17:58,39500.0,2000.0,481200.0
315,2021-10-05 06:17:55,39500.0,100.0,479200.0
316,2021-10-05 06:17:54,39500.0,1000.0,479100.0
317,2021-10-05 06:17:50,39550.0,300.0,478100.0
318,2021-10-05 06:17:50,39550.0,200.0,477800.0
319,2021-10-05 06:17:42,39500.0,100.0,477600.0
320,2021-10-05 06:17:35,39500.0,100.0,477500.0
321,2021-10-05 06:17:35,39500.0,100.0,477400.0
322,2021-10-05 06:17:35,39500.0,100.0,477300.0
323,2021-10-05 06:17:35,39500.0,1000.0,477200.0
324,2021-10-05 06:17:35,39500.0,100.0,476200.0
325,2021-10-05 06:17:35,39500.0,2400.0,476100.0
326,2021-10-05 06:17:20,39500.0,2200.0,473700.0
327,2021-10-05 06:17:09,39500.0,900.0,471500.0
328,2021-10-05 06:17:09,39500.0,200.0,470600.0
329,2021-10-05 06:17:09,39500.0,400.0,470400.0
330,2021-10-05 06:17:09,39500.0,600.0,470000.0
331,2021-10-05 06:17:08,39500.0,1100.0,469400.0
332,2021-10-05 06:17:08,39500.0,1000.0,468300.0
333,2021-10-05 06:17:08,39500.0,100.0,467300.0
334,2021-10-05 06:17:08,39500.0,100.0,467200.0
335,2021-10-05 06:17:08,39500.0,600.0,467100.0
336,2021-10-05 06:17:08,39500.0,100.0,466500.0
337,2021-10-05 06:17:08,39500.0,500.0,466400.0
338,2021-10-05 06:17:08,39500.0,500.0,465900.0
339,2021-10-05 06:17:08,39500.0,100.0,465400.0
340,2021-10-05 06:17:08,39500.0,5000.0,465300.0
341,2021-10-05 06:17:08,39500.0,100.0,460300.0
342,2021-10-05 06:17:08,39500.0,2400.0,460200.0
343,2021-10-05 06:17:08,39500.0,1000.0,457800.0
344,2021-10-05 06:17:08,39500.0,300.0,456800.0
345,2021-10-05 06:17:08,39500.0,1000.0,456500.0
346,2021-10-05 06:17:08,39500.0,100.0,455500.0
347,2021-10-05 06:17:08,39500.0,500.0,455400.0
348,2021-10-05 06:17:08,39500.0,200.0,454900.0
349,2021-10-05 06:17:08,39500.0,200.0,454700.0
350,2021-10-05 06:17:08,39500.0,200.0,454500.0
351,2021-10-05 06:17:08,39500.0,500.0,454300.0
352,2021-10-05 06:17:08,39500.0,100.0,453800.0
353,2021-10-05 06:17:08,39500.0,500.0,453700.0
354,2021-10-05 06:17:08,39500.0,100.0,453200.0
355,2021-10-05 06:17:08,39500.0,500.0,453100.0
356,2021-10-05 06:17:08,39500.0,100.0,452600.0
357,2021-10-05 06:17:08,39500.0,1000.0,452500.0
358,2021-10-05 06:17:08,39500.0,2000.0,451500.0
359,2021-10-05 06:16:40,39500.0,3000.0,449500.0
360,2021-10-05 06:16:40,39500.0,100.0,446500.0
361,2021-10-05 06:16:40,39500.0,300.0,446400.0
362,2021-10-05 06:16:40,39500.0,100.0,446100.0
363,2021-10-05 06:16:40,39500.0,100.0,446000.0
364,2021-10-05 06:16:40,39500.0,100.0,445900.0
365,2021-10-05 06:16:40,39500.0,300.0,445800.0
366,2021-10-05 06:16:40,39500.0,300.0,445500.0
367,2021-10-05 06:16:40,39500.0,1000.0,445200.0
368,2021-10-05 06:16:40,39500.0,10000.0,444200.0
369,2021-10-05 06:16:40,39500.0,200.0,434200.0
370,2021-10-05 06:16:40,39500.0,100.0,434000.0
371,2021-10-05 06:16:40,39500.0,1000.0,433900.0
372,2021-10-05 06:16:40,39500.0,200.0,432900.0
373,2021-10-05 06:16:40,39450.0,1000.0,432700.0
374,2021-10-05 06:16:40,39450.0,200.0,431700.0
375,2021-10-05 06:16:40,39450.0,100.0,431500.0
376,2021-10-05 06:16:40,39450.0,500.0,431400.0
377,2021-10-05 06:16:40,39450.0,4000.0,430900.0
378,2021-10-05 06:16:40,39450.0,100.0,426900.0
379,2021-10-05 06:16:40,39450.0,1000.0,426800.0
380,2021-10-05 06:16:40,39400.0,1000.0,425800.0
381,2021-10-05 06:16:40,39400.0,200.0,424800.0
382,2021-10-05 06:16:40,39400.0,1000.0,424600.0
383,2021-10-05 06:16:40,39400.0,1000.0,423600.0
384,2021-10-05 06:16:40,39400.0,600.0,422600.0
385,2021-10-05 06:16:40,39400.0,200.0,422000.0
386,2021-10-05 06:16:40,39400.0,500.0,421800.0
387,2021-10-05 06:16:40,39400.0,600.0,421300.0
388,2021-10-05 06:16:40,39400.0,200.0,420700.0
389,2021-10-05 06:16:40,39400.0,800.0,420500.0
390,2021-10-05 06:14:22,39400.0,700.0,419700.0
391,2021-10-05 06:14:10,39350.0,3000.0,419000.0
392,2021-10-05 06:12:18,39300.0,200.0,416000.0
393,2021-10-05 06:12:10,39300.0,500.0,415800.0
394,2021-10-05 06:12:10,39300.0,1000.0,415300.0
395,2021-10-05 06:11:57,39400.0,500.0,414300.0
396,2021-10-05 06:11:57,39400.0,100.0,413800.0
397,2021-10-05 06:11:57,39400.0,1000.0,413700.0
398,2021-10-05 06:11:57,39400.0,200.0,412700.0
399,2021-10-05 06:11:57,39400.0,200.0,412500.0
400,2021-10-05 06:11:57,39400.0,100.0,412300.0
401,2021-10-05 06:11:57,39400.0,500.0,412200.0
402,2021-10-05 06:11:57,39400.0,100.0,411700.0
403,2021-10-05 06:11:57,39400.0,200.0,411600.0
404,2021-10-05 06:11:57,39400.0,2100.0,411400.0
405,2021-10-05 06:11:57,39400.0,500.0,409300.0
406,2021-10-05 06:11:57,39400.0,200.0,408800.0
407,2021-10-05 06:11:57,39400.0,100.0,408600.0
408,2021-10-05 06:11:57,39400.0,100.0,408500.0
409,2021-10-05 06:11:57,39400.0,100.0,408400.0
410,2021-10-05 06:11:57,39400.0,100.0,408300.0
411,2021-10-05 06:11:57,39400.0,1000.0,408200.0
412,2021-10-05 06:11:57,39400.0,200.0,407200.0
413,2021-10-05 06:11:57,39400.0,100.0,407000.0
414,2021-10-05 06:11:57,39400.0,2000.0,406900.0
415,2021-10-05 06:11:57,39400.0,1000.0,404900.0
416,2021-10-05 06:11:57,39400.0,100.0,403900.0
417,2021-10-05 06:11:57,39350.0,100.0,403800.0
418,2021-10-05 06:11:57,39350.0,100.0,403700.0
419,2021-10-05 06:11:57,39350.0,200.0,403600.0
420,2021-10-05 06:11:57,39350.0,5000.0,403400.0
421,2021-10-05 06:11:57,39350.0,1000.0,398400.0
422,2021-10-05 06:11:57,39350.0,500.0,397400.0
423,2021-10-05 06:11:57,39350.0,100.0,396900.0
424,2021-10-05 06:11:57,39350.0,300.0,396800.0
425,2021-10-05 06:11:57,39350.0,600.0,396500.0
426,2021-10-05 06:11:57,39350.0,200.0,395900.0
427,2021-10-05 06:11:57,39350.0,400.0,395700.0
428,2021-10-05 06:11:57,39350.0,1000.0,395300.0
429,2021-10-05 06:11:45,39300.0,3000.0,394300.0
430,2021-10-05 06:11:09,39300.0,2100.0,391300.0
431,2021-10-05 06:10:57,39300.0,200.0,389200.0
432,2021-10-05 06:10:40,39300.0,500.0,389000.0
433,2021-10-05 06:10:22,39300.0,2000.0,388500.0
434,2021-10-05 06:10:14,39300.0,3600.0,386500.0
435,2021-10-05 06:09:57,39300.0,200.0,382900.0
436,2021-10-05 06:09:57,39300.0,1200.0,382700.0
437,2021-10-05 06:09:34,39300.0,6300.0,381500.0
438,2021-10-05 06:09:34,39300.0,1000.0,375200.0
439,2021-10-05 06:09:34,39300.0,100.0,374200.0
440,2021-10-05 06:09:34,39300.0,2200.0,374100.0
441,2021-10-05 06:09:21,39300.0,5200.0,371900.0
442,2021-10-05 06:09:21,39300.0,300.0,366700.0
443,2021-10-05 06:09:21,39300.0,2400.0,366400.0
444,2021-10-05 06:09:21,39300.0,100.0,364000.0
445,2021-10-05 06:09:21,39300.0,200.0,363900.0
446,2021-10-05 06:09:21,39300.0,100.0,363700.0
447,2021-10-05 06:09:21,39300.0,100.0,363600.0
448,2021-10-05 06:09:21,39300.0,2000.0,363500.0
449,2021-10-05 06:09:21,39300.0,100.0,361500.0
450,2021-10-05 06:09:21,39300.0,100.0,361400.0
451,2021-10-05 06:09:21,39300.0,100.0,361300.0
452,2021-10-05 06:09:21,39300.0,100.0,361200.0
453,2021-10-05 06:09:21,39300.0,200.0,361100.0
454,2021-10-05 06:09:21,39300.0,100.0,360900.0
455,2021-10-05 06:09:21,39300.0,100.0,360800.0
456,2021-10-05 06:09:21,39300.0,100.0,360700.0
457,2021-10-05 06:09:21,39300.0,100.0,360600.0
458,2021-10-05 06:09:21,39300.0,100.0,360500.0
459,2021-10-05 06:09:21,39300.0,100.0,360400.0
460,2021-10-05 06:09:21,39300.0,3000.0,360300.0
461,2021-10-05 06:09:21,39300.0,400.0,357300.0
462,2021-10-05 06:08:45,39250.0,400.0,356900.0
463,2021-10-05 06:08:14,39250.0,1900.0,356500.0
464,2021-10-05 06:08:14,39250.0,3100.0,354600.0
465,2021-10-05 06:07:51,39250.0,500.0,351500.0
466,2021-10-05 06:07:17,39250.0,300.0,351000.0
467,2021-10-05 06:06:48,39200.0,500.0,350700.0
468,2021-10-05 06:06:48,39200.0,100.0,350200.0
469,2021-10-05 06:06:48,39200.0,100.0,350100.0
470,2021-10-05 06:06:48,39200.0,100.0,350000.0
471,2021-10-05 06:06:48,39200.0,1500.0,349900.0
472,2021-10-05 06:06:31,39250.0,100.0,348400.0
473,2021-10-05 06:05:54,39250.0,400.0,348300.0
474,2021-10-05 06:05:54,39250.0,1000.0,347900.0
475,2021-10-05 06:05:54,39250.0,5000.0,346900.0
476,2021-10-05 06:05:54,39250.0,800.0,341900.0
477,2021-10-05 06:05:54,39250.0,100.0,341100.0
478,2021-10-05 06:05:18,39250.0,100.0,341000.0
479,2021-10-05 06:04:49,39250.0,200.0,340900.0
480,2021-10-05 06:04:46,39250.0,1000.0,340700.0
481,2021-10-05 06:04:24,39250.0,800.0,339700.0
482,2021-10-05 06:04:24,39300.0,600.0,338900.0
483,2021-10-05 06:03:58,39250.0,200.0,338300.0
484,2021-10-05 06:03:58,39250.0,300.0,338100.0
485,2021-10-05 06:03:58,39250.0,500.0,337800.0
486,2021-10-05 06:03:58,39250.0,700.0,337300.0
487,2021-10-05 06:03:54,39250.0,200.0,336600.0
488,2021-10-05 06:02:13,39250.0,100.0,336400.0
489,2021-10-05 06:02:12,39250.0,300.0,336300.0
490,2021-10-05 06:01:29,39250.0,500.0,336000.0
491,2021-10-05 06:01:10,39250.0,1100.0,335500.0
492,2021-10-05 06:00:22,39250.0,900.0,334400.0
493,2021-10-05 06:00:16,39250.0,100.0,333500.0
494,2021-10-05 06:00:11,39200.0,100.0,333400.0
495,2021-10-05 06:00:04,39250.0,100.0,333300.0
496,2021-10-05 06:00:01,39200.0,100.0,333200.0
497,2021-10-05 06:00:01,39250.0,100.0,333100.0
498,2021-10-05 04:29:58,39250.0,200.0,333000.0
499,2021-10-05 04:29:48,39250.0,300.0,332800.0
500,2021-10-05 04:29:31,39250.0,900.0,332500.0
501,2021-10-05 04:29:22,39250.0,300.0,331600.0
502,2021-10-05 04:29:22,39250.0,800.0,331300.0
503,2021-10-05 04:29:22,39250.0,1000.0,330500.0
504,2021-10-05 04:29:22,39250.0,100.0,329500.0
505,2021-10-05 04:29:22,39250.0,100.0,329400.0
506,2021-10-05 04:29:22,39250.0,1000.0,329300.0
507,2021-10-05 04:29:22,39250.0,600.0,328300.0
508,2021-10-05 04:29:22,39250.0,1400.0,327700.0
509,2021-10-05 04:27:24,39250.0,1000.0,326300.0
510,2021-10-05 04:24:19,39300.0,100.0,325300.0
511,2021-10-05 04:24:19,39300.0,400.0,325200.0
512,2021-10-05 04:23:44,39300.0,100.0,324800.0
513,2021-10-05 04:23:44,39300.0,100.0,324700.0
514,2021-10-05 04:23:44,39300.0,100.0,324600.0
515,2021-10-05 04:23:44,39300.0,700.0,324500.0
516,2021-10-05 04:21:23,39300.0,3000.0,323800.0
517,2021-10-05 04:20:35,39300.0,100.0,320800.0
518,2021-10-05 04:19:10,39250.0,200.0,320700.0
519,2021-10-05 04:16:22,39250.0,1000.0,320500.0
520,2021-10-05 04:16:22,39250.0,2300.0,319500.0
521,2021-10-05 04:16:22,39250.0,100.0,317200.0
522,2021-10-05 04:16:22,39250.0,400.0,317100.0
523,2021-10-05 04:14:20,39200.0,100.0,316700.0
524,2021-10-05 04:14:20,39200.0,400.0,316600.0
525,2021-10-05 04:14:05,39250.0,100.0,316200.0
526,2021-10-05 04:13:56,39250.0,1500.0,316100.0
527,2021-10-05 04:13:56,39250.0,100.0,314600.0
528,2021-10-05 04:13:56,39250.0,100.0,314500.0
529,2021-10-05 04:13:56,39250.0,100.0,314400.0
530,2021-10-05 04:13:56,39250.0,100.0,314300.0
531,2021-10-05 04:13:56,39250.0,100.0,314200.0
532,2021-10-05 04:13:01,39250.0,2000.0,314100.0
533,2021-10-05 04:11:50,39200.0,1300.0,312100.0
534,2021-10-05 04:11:50,39200.0,1000.0,310800.0
535,2021-10-05 04:10:14,39250.0,100.0,309800.0
536,2021-10-05 04:09:56,39250.0,100.0,309700.0
537,2021-10-05 04:09:56,39250.0,300.0,309600.0
538,2021-10-05 04:08:15,39250.0,100.0,309300.0
539,2021-10-05 04:07:57,39250.0,100.0,309200.0
540,2021-10-05 04:07:57,39250.0,2900.0,309100.0
541,2021-10-05 04:05:10,39250.0,100.0,306200.0
542,2021-10-05 04:05:05,39250.0,200.0,306100.0
543,2021-10-05 04:04:30,39250.0,100.0,305900.0
544,2021-10-05 04:04:30,39250.0,400.0,305800.0
545,2021-10-05 04:03:55,39200.0,1000.0,305400.0
546,2021-10-05 04:01:54,39200.0,800.0,304400.0
547,2021-10-05 04:01:28,39200.0,300.0,303600.0
548,2021-10-05 03:58:51,39200.0,2700.0,303300.0
549,2021-10-05 03:58:38,39200.0,100.0,300600.0
550,2021-10-05 03:57:51,39200.0,200.0,300500.0
551,2021-10-05 03:57:00,39200.0,800.0,300300.0
552,2021-10-05 03:56:36,39200.0,200.0,299500.0
553,2021-10-05 03:56:11,39200.0,200.0,299300.0
554,2021-10-05 03:56:09,39200.0,400.0,299100.0
555,2021-10-05 03:55:57,39200.0,100.0,298700.0
556,2021-10-05 03:55:57,39200.0,1000.0,298600.0
557,2021-10-05 03:55:44,39150.0,3300.0,297600.0
558,2021-10-05 03:54:44,39200.0,100.0,294300.0
559,2021-10-05 03:53:53,39200.0,500.0,294200.0
560,2021-10-05 03:51:02,39150.0,3000.0,293700.0
561,2021-10-05 03:50:51,39200.0,3400.0,290700.0
562,2021-10-05 03:50:29,39200.0,300.0,287300.0
563,2021-10-05 03:50:29,39200.0,1300.0,287000.0
564,2021-10-05 03:50:05,39200.0,500.0,285700.0
565,2021-10-05 03:50:05,39200.0,300.0,285200.0
566,2021-10-05 03:50:05,39200.0,200.0,284900.0
567,2021-10-05 03:50:05,39200.0,1000.0,284700.0
568,2021-10-05 03:50:05,39200.0,2000.0,283700.0
569,2021-10-05 03:50:05,39200.0,600.0,281700.0
570,2021-10-05 03:50:05,39200.0,100.0,281100.0
571,2021-10-05 03:50:05,39200.0,300.0,281000.0
572,2021-10-05 03:49:37,39200.0,1000.0,280700.0
573,2021-10-05 03:49:37,39200.0,1000.0,279700.0
574,2021-10-05 03:49:18,39200.0,200.0,278700.0
575,2021-10-05 03:48:57,39200.0,200.0,278500.0
576,2021-10-05 03:48:07,39200.0,300.0,278300.0
577,2021-10-05 03:48:07,39200.0,200.0,278000.0
578,2021-10-05 03:48:07,39200.0,500.0,277800.0
579,2021-10-05 03:47:56,39200.0,200.0,277300.0
580,2021-10-05 03:44:08,39150.0,100.0,277100.0
581,2021-10-05 03:43:06,39150.0,800.0,277000.0
582,2021-10-05 03:37:56,39150.0,100.0,276200.0
583,2021-10-05 03:36:57,39200.0,500.0,276100.0
584,2021-10-05 03:36:02,39200.0,300.0,275600.0
585,2021-10-05 03:36:02,39200.0,1700.0,275300.0
586,2021-10-05 03:35:42,39200.0,200.0,273600.0
587,2021-10-05 03:35:19,39150.0,1800.0,273400.0
588,2021-10-05 03:34:38,39150.0,1000.0,271600.0
589,2021-10-05 03:34:31,39150.0,100.0,270600.0
590,2021-10-05 03:34:31,39200.0,1000.0,270500.0
591,2021-10-05 03:33:42,39200.0,100.0,269500.0
592,2021-10-05 03:33:34,39150.0,200.0,269400.0
593,2021-10-05 03:33:06,39150.0,300.0,269200.0
594,2021-10-05 03:32:38,39150.0,2000.0,268900.0
595,2021-10-05 03:30:29,39150.0,300.0,266900.0
596,2021-10-05 03:29:29,39150.0,300.0,266600.0
597,2021-10-05 03:28:14,39200.0,500.0,266300.0
598,2021-10-05 03:28:12,39150.0,1000.0,265800.0
599,2021-10-05 03:27:36,39150.0,1000.0,264800.0
600,2021-10-05 03:27:34,39200.0,300.0,263800.0
601,2021-10-05 03:27:34,39200.0,200.0,263500.0
602,2021-10-05 03:27:19,39200.0,800.0,263300.0
603,2021-10-05 03:27:19,39200.0,500.0,262500.0
604,2021-10-05 03:27:19,39200.0,800.0,262000.0
605,2021-10-05 03:27:07,39200.0,200.0,261200.0
606,2021-10-05 03:27:07,39200.0,200.0,261000.0
607,2021-10-05 03:27:07,39200.0,800.0,260800.0
608,2021-10-05 03:26:37,39200.0,700.0,260000.0
609,2021-10-05 03:26:36,39200.0,100.0,259300.0
610,2021-10-05 03:26:36,39250.0,400.0,259200.0
611,2021-10-05 03:26:02,39250.0,100.0,258800.0
612,2021-10-05 03:26:02,39250.0,1100.0,258700.0
613,2021-10-05 03:25:32,39250.0,100.0,257600.0
614,2021-10-05 03:24:01,39250.0,1000.0,257500.0
615,2021-10-05 03:23:46,39250.0,3800.0,256500.0
616,2021-10-05 03:23:46,39250.0,200.0,252700.0
617,2021-10-05 03:22:24,39250.0,100.0,252500.0
618,2021-10-05 03:22:24,39250.0,100.0,252400.0
619,2021-10-05 03:22:24,39250.0,3800.0,252300.0
620,2021-10-05 03:22:07,39250.0,5000.0,248500.0
621,2021-10-05 03:21:57,39250.0,200.0,243500.0
622,2021-10-05 03:20:56,39250.0,100.0,243300.0
623,2021-10-05 03:20:25,39200.0,4600.0,243200.0
624,2021-10-05 03:20:23,39200.0,800.0,238600.0
625,2021-10-05 03:20:23,39200.0,100.0,237800.0
626,2021-10-05 03:20:23,39200.0,200.0,237700.0
627,2021-10-05 03:20:23,39200.0,200.0,237500.0
628,2021-10-05 03:20:23,39200.0,100.0,237300.0
629,2021-10-05 03:20:10,39250.0,100.0,237200.0
630,2021-10-05 03:19:41,39200.0,1300.0,237100.0
631,2021-10-05 03:18:00,39200.0,700.0,235800.0
632,2021-10-05 03:17:30,39200.0,1000.0,235100.0
633,2021-10-05 03:17:14,39200.0,200.0,234100.0
634,2021-10-05 03:17:14,39200.0,5000.0,233900.0
635,2021-10-05 03:17:14,39200.0,2300.0,228900.0
636,2021-10-05 03:17:14,39200.0,11500.0,226600.0
637,2021-10-05 03:17:14,39200.0,200.0,215100.0
638,2021-10-05 03:17:14,39200.0,800.0,214900.0
639,2021-10-05 03:17:14,39200.0,1200.0,214100.0
640,2021-10-05 03:17:14,39200.0,2300.0,212900.0
641,2021-10-05 03:17:14,39200.0,100.0,210600.0
642,2021-10-05 03:17:14,39200.0,100.0,210500.0
643,2021-10-05 03:17:14,39200.0,100.0,210400.0
644,2021-10-05 03:17:14,39200.0,100.0,210300.0
645,2021-10-05 03:17:14,39200.0,100.0,210200.0
646,2021-10-05 03:17:14,39200.0,1800.0,210100.0
647,2021-10-05 03:17:14,39200.0,1100.0,208300.0
648,2021-10-05 03:16:34,39150.0,1000.0,207200.0
649,2021-10-05 03:13:42,39150.0,1300.0,206200.0
650,2021-10-05 03:13:15,39150.0,1000.0,204900.0
651,2021-10-05 03:10:58,39150.0,1500.0,203900.0
652,2021-10-05 03:10:45,39150.0,400.0,202400.0
653,2021-10-05 03:10:37,39150.0,3000.0,202000.0
654,2021-10-05 03:10:33,39200.0,200.0,199000.0
655,2021-10-05 03:10:09,39150.0,2000.0,198800.0
656,2021-10-05 03:09:31,39150.0,500.0,196800.0
657,2021-10-05 03:09:01,39150.0,1200.0,196300.0
658,2021-10-05 03:09:01,39150.0,100.0,195100.0
659,2021-10-05 03:09:01,39150.0,100.0,195000.0
660,2021-10-05 03:09:01,39150.0,400.0,194900.0
661,2021-10-05 03:08:39,39150.0,1200.0,194500.0
662,2021-10-05 03:07:58,39150.0,1300.0,193300.0
663,2021-10-05 03:07:58,39150.0,100.0,192000.0
664,2021-10-05 03:07:58,39150.0,900.0,191900.0
665,2021-10-05 03:07:42,39150.0,100.0,191000.0
666,2021-10-05 03:05:46,39150.0,1000.0,190900.0
667,2021-10-05 03:05:40,39150.0,2000.0,189900.0
668,2021-10-05 03:03:47,39150.0,100.0,187900.0
669,2021-10-05 03:02:46,39150.0,100.0,187800.0
670,2021-10-05 03:02:39,39200.0,500.0,187700.0
671,2021-10-05 03:02:16,39150.0,2300.0,187200.0
672,2021-10-05 03:01:20,39150.0,100.0,184900.0
673,2021-10-05 03:00:59,39150.0,800.0,184800.0
674,2021-10-05 02:59:56,39150.0,500.0,184000.0
675,2021-10-05 02:58:49,39200.0,100.0,183500.0
676,2021-10-05 02:58:30,39150.0,100.0,183400.0
677,2021-10-05 02:57:55,39150.0,2000.0,183300.0
678,2021-10-05 02:57:45,39200.0,100.0,181300.0
679,2021-10-05 02:56:14,39200.0,100.0,181200.0
680,2021-10-05 02:55:05,39200.0,200.0,181100.0
681,2021-10-05 02:55:05,39200.0,800.0,180900.0
682,2021-10-05 02:54:57,39200.0,1200.0,180100.0
683,2021-10-05 02:54:46,39200.0,300.0,178900.0
684,2021-10-05 02:54:39,39250.0,800.0,178600.0
685,2021-10-05 02:54:39,39250.0,2200.0,177800.0
686,2021-10-05 02:54:32,39200.0,1000.0,175600.0
687,2021-10-05 02:53:51,39200.0,600.0,174600.0
688,2021-10-05 02:53:43,39200.0,100.0,174000.0
689,2021-10-05 02:53:33,39200.0,300.0,173900.0
690,2021-10-05 02:53:24,39200.0,300.0,173600.0
691,2021-10-05 02:53:24,39200.0,200.0,173300.0
692,2021-10-05 02:53:24,39200.0,100.0,173100.0
693,2021-10-05 02:53:24,39200.0,100.0,173000.0
694,2021-10-05 02:52:15,39200.0,500.0,172900.0
695,2021-10-05 02:52:15,39200.0,500.0,172400.0
696,2021-10-05 02:52:15,39200.0,1000.0,171900.0
697,2021-10-05 02:52:15,39200.0,500.0,170900.0
698,2021-10-05 02:52:04,39200.0,1000.0,170400.0
699,2021-10-05 02:51:50,39200.0,8500.0,169400.0
700,2021-10-05 02:51:50,39200.0,300.0,160900.0
701,2021-10-05 02:51:50,39200.0,1200.0,160600.0
702,2021-10-05 02:51:29,39200.0,200.0,159400.0
703,2021-10-05 02:50:58,39200.0,100.0,159200.0
704,2021-10-05 02:50:43,39200.0,2000.0,159100.0
705,2021-10-05 02:49:00,39200.0,1700.0,157100.0
706,2021-10-05 02:49:00,39150.0,400.0,155400.0
707,2021-10-05 02:49:00,39150.0,400.0,155000.0
708,2021-10-05 02:48:52,39100.0,400.0,154600.0
709,2021-10-05 02:48:47,39150.0,100.0,154200.0
710,2021-10-05 02:48:34,39100.0,400.0,154100.0
711,2021-10-05 02:48:28,39100.0,200.0,153700.0
712,2021-10-05 02:48:18,39100.0,400.0,153500.0
713,2021-10-05 02:48:06,39100.0,100.0,153100.0
714,2021-10-05 02:48:06,39100.0,300.0,153000.0
715,2021-10-05 02:47:21,39100.0,200.0,152700.0
716,2021-10-05 02:47:21,39100.0,100.0,152500.0
717,2021-10-05 02:47:02,39150.0,300.0,152400.0
718,2021-10-05 02:47:02,39150.0,500.0,152100.0
719,2021-10-05 02:47:02,39150.0,1900.0,151600.0
720,2021-10-05 02:47:02,39150.0,1800.0,149700.0
721,2021-10-05 02:47:01,39150.0,100.0,147900.0
722,2021-10-05 02:46:34,39150.0,100.0,147800.0
723,2021-10-05 02:46:31,39200.0,100.0,147700.0
724,2021-10-05 02:44:31,39200.0,2000.0,147600.0
725,2021-10-05 02:44:12,39200.0,100.0,145600.0
726,2021-10-05 02:44:12,39200.0,200.0,145500.0
727,2021-10-05 02:44:12,39200.0,100.0,145300.0
728,2021-10-05 02:44:12,39200.0,1500.0,145200.0
729,2021-10-05 02:44:12,39200.0,800.0,143700.0
730,2021-10-05 02:43:38,39200.0,200.0,142900.0
731,2021-10-05 02:43:25,39250.0,100.0,142700.0
732,2021-10-05 02:43:25,39250.0,100.0,142600.0
733,2021-10-05 02:43:25,39250.0,600.0,142500.0
734,2021-10-05 02:43:11,39250.0,400.0,141900.0
735,2021-10-05 02:43:11,39250.0,500.0,141500.0
736,2021-10-05 02:43:11,39250.0,100.0,141000.0
737,2021-10-05 02:43:11,39250.0,400.0,140900.0
738,2021-10-05 02:42:38,39250.0,100.0,140500.0
739,2021-10-05 02:42:35,39300.0,100.0,140400.0
740,2021-10-05 02:42:35,39300.0,4500.0,140300.0
741,2021-10-05 02:42:35,39300.0,1500.0,135800.0
742,2021-10-05 02:42:21,39300.0,1900.0,134300.0
743,2021-10-05 02:41:52,39300.0,100.0,132400.0
744,2021-10-05 02:41:32,39300.0,100.0,132300.0
745,2021-10-05 02:41:32,39300.0,1900.0,132200.0
746,2021-10-05 02:41:12,39300.0,1500.0,130300.0
747,2021-10-05 02:40:45,39300.0,1600.0,128800.0
748,2021-10-05 02:40:45,39300.0,200.0,127200.0
749,2021-10-05 02:40:45,39300.0,100.0,127000.0
750,2021-10-05 02:40:45,39300.0,100.0,126900.0
751,2021-10-05 02:40:45,39300.0,2000.0,126800.0
752,2021-10-05 02:40:45,39300.0,1000.0,124800.0
753,2021-10-05 02:40:14,39300.0,500.0,123800.0
754,2021-10-05 02:40:08,39300.0,500.0,123300.0
755,2021-10-05 02:39:40,39300.0,400.0,122800.0
756,2021-10-05 02:39:30,39300.0,1000.0,122400.0
757,2021-10-05 02:39:29,39300.0,700.0,121400.0
758,2021-10-05 02:39:14,39300.0,400.0,120700.0
759,2021-10-05 02:38:51,39300.0,500.0,120300.0
760,2021-10-05 02:38:51,39300.0,500.0,119800.0
761,2021-10-05 02:38:51,39300.0,100.0,119300.0
762,2021-10-05 02:38:51,39300.0,200.0,119200.0
763,2021-10-05 02:38:51,39300.0,100.0,119000.0
764,2021-10-05 02:38:51,39300.0,100.0,118900.0
765,2021-10-05 02:38:51,39300.0,1100.0,118800.0
766,2021-10-05 02:38:51,39350.0,200.0,117700.0
767,2021-10-05 02:38:51,39350.0,2200.0,117500.0
768,2021-10-05 02:38:36,39350.0,100.0,115300.0
769,2021-10-05 02:38:36,39350.0,900.0,115200.0
770,2021-10-05 02:38:36,39350.0,300.0,114300.0
771,2021-10-05 02:36:45,39300.0,500.0,114000.0
772,2021-10-05 02:36:24,39300.0,400.0,113500.0
773,2021-10-05 02:36:14,39300.0,400.0,113100.0
774,2021-10-05 02:36:04,39300.0,400.0,112700.0
775,2021-10-05 02:35:59,39350.0,200.0,112300.0
776,2021-10-05 02:35:55,39300.0,400.0,112100.0
777,2021-10-05 02:35:44,39300.0,400.0,111700.0
778,2021-10-05 02:35:37,39300.0,100.0,111300.0
779,2021-10-05 02:35:29,39300.0,400.0,111200.0
780,2021-10-05 02:35:19,39300.0,400.0,110800.0
781,2021-10-05 02:35:10,39300.0,600.0,110400.0
782,2021-10-05 02:34:52,39350.0,500.0,109800.0
783,2021-10-05 02:34:04,39300.0,400.0,109300.0
784,2021-10-05 02:34:02,39400.0,700.0,108900.0
785,2021-10-05 02:33:43,39400.0,100.0,108200.0
786,2021-10-05 02:33:26,39400.0,100.0,108100.0
787,2021-10-05 02:33:25,39400.0,100.0,108000.0
788,2021-10-05 02:33:17,39400.0,100.0,107900.0
789,2021-10-05 02:33:17,39400.0,200.0,107800.0
790,2021-10-05 02:33:17,39400.0,700.0,107600.0
791,2021-10-05 02:32:56,39400.0,200.0,106900.0
792,2021-10-05 02:32:55,39400.0,1500.0,106700.0
793,2021-10-05 02:32:51,39400.0,300.0,105200.0
794,2021-10-05 02:32:48,39400.0,1000.0,104900.0
795,2021-10-05 02:32:43,39400.0,200.0,103900.0
796,2021-10-05 02:32:40,39400.0,1000.0,103700.0
797,2021-10-05 02:32:28,39400.0,200.0,102700.0
798,2021-10-05 02:32:28,39400.0,10000.0,102500.0
799,2021-10-05 02:32:28,39400.0,200.0,92500.0
800,2021-10-05 02:32:28,39400.0,200.0,92300.0
801,2021-10-05 02:32:28,39400.0,3000.0,92100.0
802,2021-10-05 02:32:28,39400.0,100.0,89100.0
803,2021-10-05 02:32:28,39400.0,400.0,89000.0
804,2021-10-05 02:32:28,39400.0,1000.0,88600.0
805,2021-10-05 02:32:28,39400.0,100.0,87600.0
806,2021-10-05 02:32:28,39350.0,600.0,87500.0
807,2021-10-05 02:32:28,39350.0,2000.0,86900.0
808,2021-10-05 02:32:28,39350.0,400.0,84900.0
809,2021-10-05 02:32:28,39350.0,100.0,84500.0
810,2021-10-05 02:32:28,39350.0,200.0,84400.0
811,2021-10-05 02:32:28,39350.0,100.0,84200.0
812,2021-10-05 02:32:28,39300.0,1000.0,84100.0
813,2021-10-05 02:32:07,39300.0,100.0,83100.0
814,2021-10-05 02:32:07,39300.0,200.0,83000.0
815,2021-10-05 02:32:07,39300.0,200.0,82800.0
816,2021-10-05 02:32:02,39300.0,400.0,82600.0
817,2021-10-05 02:32:02,39300.0,100.0,82200.0
818,2021-10-05 02:31:26,39200.0,1000.0,82100.0
819,2021-10-05 02:31:26,39200.0,1700.0,81100.0
820,2021-10-05 02:31:26,39200.0,600.0,79400.0
821,2021-10-05 02:31:26,39200.0,3600.0,78800.0
822,2021-10-05 02:31:23,39150.0,400.0,75200.0
823,2021-10-05 02:31:08,39200.0,300.0,74800.0
824,2021-10-05 02:30:36,39200.0,1000.0,74500.0
825,2021-10-05 02:30:05,39150.0,400.0,73500.0
826,2021-10-05 02:29:52,39150.0,400.0,73100.0
827,2021-10-05 02:29:41,39150.0,400.0,72700.0
828,2021-10-05 02:29:32,39150.0,400.0,72300.0
829,2021-10-05 02:29:13,39150.0,400.0,71900.0
830,2021-10-05 02:29:03,39100.0,400.0,71500.0
831,2021-10-05 02:29:02,39200.0,100.0,71100.0
832,2021-10-05 02:28:51,39200.0,200.0,71000.0
833,2021-10-05 02:28:50,39250.0,100.0,70800.0
834,2021-10-05 02:28:36,39200.0,300.0,70700.0
835,2021-10-05 02:28:32,39200.0,100.0,70400.0
836,2021-10-05 02:28:20,39200.0,200.0,70300.0
837,2021-10-05 02:28:20,39200.0,900.0,70100.0
838,2021-10-05 02:27:59,39200.0,100.0,69200.0
839,2021-10-05 02:27:49,39200.0,400.0,69100.0
840,2021-10-05 02:27:49,39200.0,100.0,68700.0
841,2021-10-05 02:27:45,39200.0,1200.0,68600.0
842,2021-10-05 02:27:45,39200.0,400.0,67400.0
843,2021-10-05 02:27:30,39200.0,900.0,67000.0
844,2021-10-05 02:27:22,39200.0,500.0,66100.0
845,2021-10-05 02:27:15,39100.0,4900.0,65600.0
846,2021-10-05 02:27:15,39150.0,100.0,60700.0
847,2021-10-05 02:26:33,39200.0,100.0,60600.0
848,2021-10-05 02:26:14,39200.0,400.0,60500.0
849,2021-10-05 02:26:03,39100.0,200.0,60100.0
850,2021-10-05 02:25:40,39200.0,100.0,59900.0
851,2021-10-05 02:25:40,39100.0,200.0,59800.0
852,2021-10-05 02:25:35,39100.0,100.0,59600.0
853,2021-10-05 02:25:35,39100.0,500.0,59500.0
854,2021-10-05 02:25:35,39100.0,100.0,59000.0
855,2021-10-05 02:25:35,39100.0,3000.0,58900.0
856,2021-10-05 02:25:35,39100.0,100.0,55900.0
857,2021-10-05 02:25:35,39100.0,1200.0,55800.0
858,2021-10-05 02:24:37,39100.0,2000.0,54600.0
859,2021-10-05 02:24:37,39100.0,5000.0,52600.0
860,2021-10-05 02:24:29,39100.0,500.0,47600.0
861,2021-10-05 02:24:23,39100.0,700.0,47100.0
862,2021-10-05 02:24:12,39100.0,600.0,46400.0
863,2021-10-05 02:23:28,39100.0,10000.0,45800.0
864,2021-10-05 02:23:08,39100.0,500.0,35800.0
865,2021-10-05 02:22:32,39050.0,5800.0,35300.0
866,2021-10-05 02:22:32,39050.0,100.0,29500.0
867,2021-10-05 02:22:32,39050.0,2000.0,29400.0
868,2021-10-05 02:22:32,39050.0,100.0,27400.0
869,2021-10-05 02:22:32,39050.0,2000.0,27300.0
870,2021-10-05 02:22:14,39050.0,200.0,25300.0
871,2021-10-05 02:21:48,39050.0,2800.0,25100.0
872,2021-10-05 02:21:48,39050.0,300.0,22300.0
873,2021-10-05 02:21:47,39300.0,100.0,22000.0
874,2021-10-05 02:21:46,39050.0,100.0,21900.0
875,2021-10-05 02:21:41,39050.0,100.0,21800.0
876,2021-10-05 02:21:41,39050.0,100.0,21700.0
877,2021-10-05 02:21:41,39050.0,100.0,21600.0
878,2021-10-05 02:21:06,39050.0,400.0,21500.0
879,2021-10-05 02:21:06,39050.0,100.0,21100.0
880,2021-10-05 02:21:06,39100.0,100.0,21000.0
881,2021-10-05 02:20:56,39100.0,200.0,20900.0
882,2021-10-05 02:20:56,39100.0,100.0,20700.0
883,2021-10-05 02:20:56,39100.0,100.0,20600.0
884,2021-10-05 02:20:39,39100.0,400.0,20500.0
885,2021-10-05 02:20:39,39100.0,100.0,20100.0
886,2021-10-05 02:20:39,39100.0,400.0,20000.0
887,2021-10-05 02:20:24,39100.0,100.0,19600.0
888,2021-10-05 02:20:24,39100.0,500.0,19500.0
889,2021-10-05 02:20:20,39100.0,400.0,19000.0
890,2021-10-05 02:19:55,39100.0,100.0,18600.0
891,2021-10-05 02:19:55,39200.0,500.0,18500.0
892,2021-10-05 02:19:50,39300.0,300.0,18000.0
893,2021-10-05 02:19:50,39300.0,200.0,17700.0
894,2021-10-05 02:19:49,39200.0,1300.0,17500.0
895,2021-10-05 02:19:39,39200.0,200.0,16200.0
896,2021-10-05 02:19:36,39200.0,100.0,16000.0
897,2021-10-05 02:19:36,39200.0,100.0,15900.0
898,2021-10-05 02:19:36,39200.0,1400.0,15800.0
899,2021-10-05 02:19:32,39200.0,600.0,14400.0
900,2021-10-05 02:19:30,39200.0,200.0,13800.0
901,2021-10-05 02:19:05,39200.0,2000.0,13600.0
902,2021-10-05 02:18:26,39300.0,100.0,11600.0
903,2021-10-05 02:18:10,39200.0,100.0,11500.0
904,2021-10-05 02:17:45,39200.0,100.0,11400.0
905,2021-10-05 02:17:45,39200.0,100.0,11300.0
906,2021-10-05 02:17:32,39200.0,1900.0,11200.0
907,2021-10-05 02:17:32,39200.0,3000.0,9300.0
908,2021-10-05 02:17:32,39200.0,100.0,6300.0
909,2021-10-05 02:16:15,39000.0,2000.0,6200.0
910,2021-10-05 02:15:30,39200.0,200.0,4200.0
911,2021-10-05 02:15:00,39000.0,400.0,4000.0
912,2021-10-05 02:15:00,39000.0,100.0,3600.0
913,2021-10-05 02:15:00,39000.0,200.0,3500.0
914,2021-10-05 02:15:00,39000.0,300.0,3300.0
915,2021-10-05 02:15:00,39000.0,200.0,3000.0
916,2021-10-05 02:15:00,39000.0,100.0,2800.0
917,2021-10-05 02:15:00,39000.0,300.0,2700.0
918,2021-10-05 02:15:00,39000.0,200.0,2400.0
919,2021-10-05 02:15:00,39000.0,300.0,2200.0
920,2021-10-05 02:15:00,39000.0,1000.0,1900.0
921,2021-10-05 02:15:00,39000.0,100.0,900.0
922,2021-10-05 02:15:00,39000.0,400.0,800.0
923,2021-10-05 02:15:00,39000.0,100.0,400.0
924,2021-10-05 02:15:00,39000.0,100.0,300.0
925,2021-10-05 02:15:00,39000.0,200.0,200.0
