,Time,Price,Volume_per_trade,Volume
0,2021-09-26 14:45:00,39700.0,500.0,964900.0
1,2021-09-26 14:45:00,39700.0,1000.0,964400.0
2,2021-09-26 14:45:00,39700.0,2600.0,963400.0
3,2021-09-26 14:45:00,39700.0,1000.0,960800.0
4,2021-09-26 14:45:00,39700.0,1400.0,959800.0
5,2021-09-26 14:45:00,39700.0,100.0,958400.0
6,2021-09-26 14:45:00,39700.0,200.0,958300.0
7,2021-09-26 14:45:00,39700.0,500.0,958100.0
8,2021-09-26 14:45:00,39700.0,200.0,957600.0
9,2021-09-26 14:45:00,39700.0,1000.0,957400.0
10,2021-09-26 14:45:00,39700.0,100.0,956400.0
11,2021-09-26 14:45:00,39700.0,100.0,956300.0
12,2021-09-26 14:45:00,39700.0,1500.0,956200.0
13,2021-09-26 14:45:00,39700.0,2500.0,954700.0
14,2021-09-26 14:45:00,39700.0,6400.0,952200.0
15,2021-09-26 14:45:00,39700.0,100.0,945800.0
16,2021-09-26 14:45:00,39700.0,100.0,945700.0
17,2021-09-26 14:45:00,39700.0,200.0,945600.0
18,2021-09-26 14:45:00,39700.0,7000.0,945400.0
19,2021-09-26 14:45:00,39700.0,3000.0,938400.0
20,2021-09-26 14:45:00,39700.0,500.0,935400.0
21,2021-09-26 14:45:00,39700.0,100.0,934900.0
22,2021-09-26 14:45:00,39700.0,1000.0,934800.0
23,2021-09-26 14:45:00,39700.0,400.0,933800.0
24,2021-09-26 14:45:00,39700.0,500.0,933400.0
25,2021-09-26 14:45:00,39700.0,2500.0,932900.0
26,2021-09-26 14:45:00,39700.0,100.0,930400.0
27,2021-09-26 14:45:00,39700.0,500.0,930300.0
28,2021-09-26 14:45:00,39700.0,5000.0,929800.0
29,2021-09-26 14:29:51,39700.0,500.0,924800.0
30,2021-09-26 14:29:15,39700.0,100.0,924300.0
31,2021-09-26 14:29:13,39650.0,200.0,924200.0
32,2021-09-26 14:28:22,39650.0,300.0,924000.0
33,2021-09-26 14:27:26,39700.0,500.0,923700.0
34,2021-09-26 14:27:24,39650.0,1000.0,923200.0
35,2021-09-26 14:27:21,39650.0,1600.0,922200.0
36,2021-09-26 14:24:40,39700.0,800.0,920600.0
37,2021-09-26 14:24:03,39650.0,1500.0,919800.0
38,2021-09-26 14:24:03,39650.0,3000.0,918300.0
39,2021-09-26 14:24:03,39650.0,200.0,915300.0
40,2021-09-26 14:24:03,39650.0,200.0,915100.0
41,2021-09-26 14:24:03,39650.0,9100.0,914900.0
42,2021-09-26 14:23:37,39650.0,100.0,905800.0
43,2021-09-26 14:23:28,39600.0,1000.0,905700.0
44,2021-09-26 14:22:02,39600.0,1000.0,904700.0
45,2021-09-26 14:21:58,39600.0,500.0,903700.0
46,2021-09-26 14:21:58,39600.0,3900.0,903200.0
47,2021-09-26 14:21:58,39600.0,1000.0,899300.0
48,2021-09-26 14:21:58,39600.0,1000.0,898300.0
49,2021-09-26 14:21:58,39600.0,1000.0,897300.0
50,2021-09-26 14:20:48,39550.0,200.0,896300.0
51,2021-09-26 14:20:05,39600.0,1000.0,896100.0
52,2021-09-26 14:20:05,39600.0,300.0,895100.0
53,2021-09-26 14:20:05,39600.0,700.0,894800.0
54,2021-09-26 14:18:37,39600.0,1000.0,894100.0
55,2021-09-26 14:18:29,39600.0,200.0,893100.0
56,2021-09-26 14:18:08,39600.0,100.0,892900.0
57,2021-09-26 14:17:58,39650.0,200.0,892800.0
58,2021-09-26 14:17:58,39600.0,500.0,892600.0
59,2021-09-26 14:17:54,39600.0,500.0,892100.0
60,2021-09-26 14:17:48,39600.0,500.0,891600.0
61,2021-09-26 14:17:48,39600.0,100.0,891100.0
62,2021-09-26 14:17:45,39600.0,900.0,891000.0
63,2021-09-26 14:17:45,39600.0,1900.0,890100.0
64,2021-09-26 14:17:45,39600.0,600.0,888200.0
65,2021-09-26 14:17:43,39600.0,300.0,887600.0
66,2021-09-26 14:17:43,39600.0,10000.0,887300.0
67,2021-09-26 14:17:32,39650.0,600.0,877300.0
68,2021-09-26 14:17:32,39650.0,400.0,876700.0
69,2021-09-26 14:17:25,39600.0,19100.0,876300.0
70,2021-09-26 14:17:25,39600.0,6000.0,857200.0
71,2021-09-26 14:17:25,39600.0,100.0,851200.0
72,2021-09-26 14:17:25,39600.0,100.0,851100.0
73,2021-09-26 14:17:25,39600.0,200.0,851000.0
74,2021-09-26 14:17:25,39600.0,800.0,850800.0
75,2021-09-26 14:17:25,39600.0,1000.0,850000.0
76,2021-09-26 14:17:25,39600.0,500.0,849000.0
77,2021-09-26 14:17:25,39600.0,100.0,848500.0
78,2021-09-26 14:17:25,39600.0,500.0,848400.0
79,2021-09-26 14:17:25,39600.0,100.0,847900.0
80,2021-09-26 14:17:25,39600.0,1500.0,847800.0
81,2021-09-26 14:17:22,39600.0,200.0,846300.0
82,2021-09-26 14:17:06,39600.0,1300.0,846100.0
83,2021-09-26 14:17:06,39600.0,100.0,844800.0
84,2021-09-26 14:17:06,39600.0,400.0,844700.0
85,2021-09-26 14:17:06,39600.0,200.0,844300.0
86,2021-09-26 14:17:02,39600.0,100.0,844100.0
87,2021-09-26 14:16:37,39600.0,100.0,844000.0
88,2021-09-26 14:16:37,39600.0,100.0,843900.0
89,2021-09-26 14:16:37,39600.0,800.0,843800.0
90,2021-09-26 14:16:36,39600.0,1000.0,843000.0
91,2021-09-26 14:15:55,39600.0,400.0,842000.0
92,2021-09-26 14:15:52,39600.0,2400.0,841600.0
93,2021-09-26 14:15:38,39600.0,300.0,839200.0
94,2021-09-26 14:15:36,39600.0,100.0,838900.0
95,2021-09-26 14:15:36,39600.0,100.0,838800.0
96,2021-09-26 14:15:36,39600.0,800.0,838700.0
97,2021-09-26 14:15:33,39650.0,500.0,837900.0
98,2021-09-26 14:15:32,39600.0,200.0,837400.0
99,2021-09-26 14:15:32,39600.0,300.0,837200.0
100,2021-09-26 14:15:32,39600.0,200.0,836900.0
101,2021-09-26 14:15:32,39600.0,300.0,836700.0
102,2021-09-26 14:15:32,39600.0,200.0,836400.0
103,2021-09-26 14:15:32,39600.0,200.0,836200.0
104,2021-09-26 14:15:32,39600.0,100.0,836000.0
105,2021-09-26 14:14:51,39600.0,100.0,835900.0
106,2021-09-26 14:14:51,39600.0,100.0,835800.0
107,2021-09-26 14:14:51,39600.0,200.0,835700.0
108,2021-09-26 14:14:51,39600.0,100.0,835500.0
109,2021-09-26 14:14:51,39600.0,500.0,835400.0
110,2021-09-26 14:14:44,39600.0,300.0,834900.0
111,2021-09-26 14:14:44,39600.0,700.0,834600.0
112,2021-09-26 14:14:40,39600.0,3000.0,833900.0
113,2021-09-26 14:14:32,39600.0,500.0,830900.0
114,2021-09-26 14:14:08,39600.0,2000.0,830400.0
115,2021-09-26 14:14:07,39600.0,300.0,828400.0
116,2021-09-26 14:14:07,39600.0,2000.0,828100.0
117,2021-09-26 14:13:32,39600.0,1000.0,826100.0
118,2021-09-26 14:13:30,39600.0,100.0,825100.0
119,2021-09-26 14:13:20,39600.0,100.0,825000.0
120,2021-09-26 14:13:12,39650.0,400.0,824900.0
121,2021-09-26 14:13:08,39600.0,10000.0,824500.0
122,2021-09-26 14:12:34,39600.0,400.0,814500.0
123,2021-09-26 14:11:59,39600.0,9900.0,814100.0
124,2021-09-26 14:11:59,39600.0,100.0,804200.0
125,2021-09-26 14:11:49,39600.0,500.0,804100.0
126,2021-09-26 14:11:09,39650.0,200.0,803600.0
127,2021-09-26 14:11:09,39650.0,100.0,803400.0
128,2021-09-26 14:11:09,39650.0,1000.0,803300.0
129,2021-09-26 14:11:09,39650.0,2400.0,802300.0
130,2021-09-26 14:10:50,39650.0,2000.0,799900.0
131,2021-09-26 14:10:36,39650.0,2000.0,797900.0
132,2021-09-26 14:10:30,39650.0,500.0,795900.0
133,2021-09-26 14:10:09,39650.0,300.0,795400.0
134,2021-09-26 14:09:52,39650.0,5000.0,795100.0
135,2021-09-26 14:09:32,39650.0,4000.0,790100.0
136,2021-09-26 14:08:48,39650.0,100.0,786100.0
137,2021-09-26 14:08:23,39650.0,9700.0,786000.0
138,2021-09-26 14:08:23,39650.0,200.0,776300.0
139,2021-09-26 14:08:23,39650.0,100.0,776100.0
140,2021-09-26 14:08:22,39650.0,300.0,776000.0
141,2021-09-26 14:07:35,39650.0,1600.0,775700.0
142,2021-09-26 14:07:35,39650.0,1000.0,774100.0
143,2021-09-26 14:07:35,39650.0,100.0,773100.0
144,2021-09-26 14:07:35,39650.0,100.0,773000.0
145,2021-09-26 14:07:35,39650.0,100.0,772900.0
146,2021-09-26 14:07:35,39650.0,100.0,772800.0
147,2021-09-26 14:06:49,39700.0,1700.0,772700.0
148,2021-09-26 14:06:49,39700.0,600.0,771000.0
149,2021-09-26 14:06:47,39700.0,400.0,770400.0
150,2021-09-26 14:06:47,39700.0,100.0,770000.0
151,2021-09-26 14:05:04,39650.0,400.0,769900.0
152,2021-09-26 14:04:51,39650.0,200.0,769500.0
153,2021-09-26 14:04:30,39650.0,300.0,769300.0
154,2021-09-26 14:04:30,39650.0,200.0,769000.0
155,2021-09-26 14:04:27,39650.0,100.0,768800.0
156,2021-09-26 14:03:58,39650.0,200.0,768700.0
157,2021-09-26 14:03:05,39650.0,100.0,768500.0
158,2021-09-26 14:02:40,39700.0,100.0,768400.0
159,2021-09-26 14:02:06,39700.0,700.0,768300.0
160,2021-09-26 14:02:06,39700.0,500.0,767600.0
161,2021-09-26 14:01:43,39700.0,100.0,767100.0
162,2021-09-26 14:01:43,39700.0,500.0,767000.0
163,2021-09-26 14:01:43,39700.0,400.0,766500.0
164,2021-09-26 14:01:37,39700.0,1800.0,766100.0
165,2021-09-26 14:01:37,39700.0,100.0,764300.0
166,2021-09-26 14:01:37,39700.0,100.0,764200.0
167,2021-09-26 14:01:32,39700.0,500.0,764100.0
168,2021-09-26 14:01:18,39700.0,500.0,763600.0
169,2021-09-26 14:01:12,39750.0,100.0,763100.0
170,2021-09-26 14:01:10,39700.0,100.0,763000.0
171,2021-09-26 14:00:50,39700.0,100.0,762900.0
172,2021-09-26 14:00:13,39700.0,200.0,762800.0
173,2021-09-26 14:00:13,39700.0,3800.0,762600.0
174,2021-09-26 13:59:56,39700.0,2000.0,758800.0
175,2021-09-26 13:59:53,39700.0,400.0,756800.0
176,2021-09-26 13:59:42,39700.0,100.0,756400.0
177,2021-09-26 13:59:42,39700.0,3700.0,756300.0
178,2021-09-26 13:59:19,39700.0,100.0,752600.0
179,2021-09-26 13:59:01,39700.0,1200.0,752500.0
180,2021-09-26 13:59:01,39700.0,300.0,751300.0
181,2021-09-26 13:59:01,39700.0,100.0,751000.0
182,2021-09-26 13:59:01,39700.0,2800.0,750900.0
183,2021-09-26 13:59:01,39700.0,2000.0,748100.0
184,2021-09-26 13:59:01,39700.0,100.0,746100.0
185,2021-09-26 13:59:01,39700.0,500.0,746000.0
186,2021-09-26 13:59:01,39700.0,5000.0,745500.0
187,2021-09-26 13:59:01,39700.0,100.0,740500.0
188,2021-09-26 13:59:01,39700.0,100.0,740400.0
189,2021-09-26 13:59:01,39700.0,100.0,740300.0
190,2021-09-26 13:59:01,39700.0,1000.0,740200.0
191,2021-09-26 13:59:01,39700.0,3000.0,739200.0
192,2021-09-26 13:59:01,39700.0,2000.0,736200.0
193,2021-09-26 13:59:01,39700.0,2000.0,734200.0
194,2021-09-26 13:59:01,39700.0,3000.0,732200.0
195,2021-09-26 13:59:01,39700.0,1700.0,729200.0
196,2021-09-26 13:58:35,39700.0,300.0,727500.0
197,2021-09-26 13:58:35,39700.0,2000.0,727200.0
198,2021-09-26 13:58:35,39700.0,3000.0,725200.0
199,2021-09-26 13:58:35,39700.0,4500.0,722200.0
200,2021-09-26 13:57:40,39650.0,100.0,717700.0
201,2021-09-26 13:57:09,39650.0,200.0,717600.0
202,2021-09-26 13:57:09,39650.0,100.0,717400.0
203,2021-09-26 13:56:33,39650.0,200.0,717300.0
204,2021-09-26 13:56:33,39650.0,200.0,717100.0
205,2021-09-26 13:56:11,39600.0,100.0,716900.0
206,2021-09-26 13:56:01,39650.0,300.0,716800.0
207,2021-09-26 13:55:54,39650.0,200.0,716500.0
208,2021-09-26 13:55:31,39650.0,100.0,716300.0
209,2021-09-26 13:55:24,39650.0,300.0,716200.0
210,2021-09-26 13:55:12,39650.0,4000.0,715900.0
211,2021-09-26 13:54:37,39650.0,200.0,711900.0
212,2021-09-26 13:54:03,39650.0,100.0,711700.0
213,2021-09-26 13:53:47,39650.0,100.0,711600.0
214,2021-09-26 13:53:33,39650.0,200.0,711500.0
215,2021-09-26 13:53:33,39650.0,100.0,711300.0
216,2021-09-26 13:53:33,39650.0,100.0,711200.0
217,2021-09-26 13:53:33,39650.0,500.0,711100.0
218,2021-09-26 13:53:33,39650.0,100.0,710600.0
219,2021-09-26 13:52:32,39650.0,500.0,710500.0
220,2021-09-26 13:50:05,39650.0,100.0,710000.0
221,2021-09-26 13:50:05,39650.0,200.0,709900.0
222,2021-09-26 13:50:05,39650.0,500.0,709700.0
223,2021-09-26 13:50:05,39650.0,600.0,709200.0
224,2021-09-26 13:49:49,39650.0,200.0,708600.0
225,2021-09-26 13:49:45,39650.0,100.0,708400.0
226,2021-09-26 13:48:13,39650.0,100.0,708300.0
227,2021-09-26 13:47:57,39650.0,700.0,708200.0
228,2021-09-26 13:47:53,39650.0,100.0,707500.0
229,2021-09-26 13:47:53,39650.0,500.0,707400.0
230,2021-09-26 13:47:53,39650.0,400.0,706900.0
231,2021-09-26 13:47:53,39650.0,200.0,706500.0
232,2021-09-26 13:47:53,39650.0,600.0,706300.0
233,2021-09-26 13:45:38,39650.0,400.0,705700.0
234,2021-09-26 13:45:38,39650.0,1000.0,705300.0
235,2021-09-26 13:45:38,39650.0,100.0,704300.0
236,2021-09-26 13:45:38,39650.0,500.0,704200.0
237,2021-09-26 13:45:38,39650.0,200.0,703700.0
238,2021-09-26 13:45:38,39650.0,200.0,703500.0
239,2021-09-26 13:45:38,39650.0,100.0,703300.0
240,2021-09-26 13:45:38,39650.0,500.0,703200.0
241,2021-09-26 13:45:33,39650.0,200.0,702700.0
242,2021-09-26 13:45:25,39650.0,100.0,702500.0
243,2021-09-26 13:43:27,39650.0,500.0,702400.0
244,2021-09-26 13:43:27,39650.0,1300.0,701900.0
245,2021-09-26 13:43:27,39650.0,100.0,700600.0
246,2021-09-26 13:43:27,39650.0,100.0,700500.0
247,2021-09-26 13:43:27,39650.0,300.0,700400.0
248,2021-09-26 13:43:27,39650.0,200.0,700100.0
249,2021-09-26 13:41:36,39650.0,400.0,699900.0
250,2021-09-26 13:41:19,39650.0,400.0,699500.0
251,2021-09-26 13:41:19,39650.0,100.0,699100.0
252,2021-09-26 13:39:30,39700.0,500.0,699000.0
253,2021-09-26 13:38:03,39650.0,600.0,698500.0
254,2021-09-26 13:37:32,39650.0,1100.0,697900.0
255,2021-09-26 13:36:53,39650.0,30000.0,696800.0
256,2021-09-26 13:36:39,39650.0,100.0,666800.0
257,2021-09-26 13:36:31,39650.0,100.0,666700.0
258,2021-09-26 13:36:05,39650.0,1200.0,666600.0
259,2021-09-26 13:36:04,39700.0,3000.0,665400.0
260,2021-09-26 13:35:59,39700.0,100.0,662400.0
261,2021-09-26 13:35:57,39700.0,500.0,662300.0
262,2021-09-26 13:35:44,39700.0,1200.0,661800.0
263,2021-09-26 13:35:38,39700.0,100.0,660600.0
264,2021-09-26 13:35:30,39700.0,200.0,660500.0
265,2021-09-26 13:35:30,39700.0,900.0,660300.0
266,2021-09-26 13:35:21,39700.0,1000.0,659400.0
267,2021-09-26 13:35:21,39700.0,400.0,658400.0
268,2021-09-26 13:35:00,39700.0,600.0,658000.0
269,2021-09-26 13:34:48,39800.0,400.0,657400.0
270,2021-09-26 13:34:45,39700.0,100.0,657000.0
271,2021-09-26 13:34:44,39700.0,100.0,656900.0
272,2021-09-26 13:34:44,39700.0,200.0,656800.0
273,2021-09-26 13:34:44,39700.0,1000.0,656600.0
274,2021-09-26 13:34:44,39700.0,100.0,655600.0
275,2021-09-26 13:34:44,39700.0,1000.0,655500.0
276,2021-09-26 13:34:44,39700.0,300.0,654500.0
277,2021-09-26 13:34:44,39700.0,300.0,654200.0
278,2021-09-26 13:34:44,39700.0,1000.0,653900.0
279,2021-09-26 13:34:44,39700.0,1000.0,652900.0
280,2021-09-26 13:34:37,39700.0,300.0,651900.0
281,2021-09-26 13:34:31,39700.0,500.0,651600.0
282,2021-09-26 13:34:26,39700.0,3500.0,651100.0
283,2021-09-26 13:34:08,39700.0,1200.0,647600.0
284,2021-09-26 13:33:56,39700.0,1000.0,646400.0
285,2021-09-26 13:33:53,39700.0,100.0,645400.0
286,2021-09-26 13:33:29,39700.0,1200.0,645300.0
287,2021-09-26 13:33:19,39700.0,100.0,644100.0
288,2021-09-26 13:33:00,39700.0,1200.0,644000.0
289,2021-09-26 13:32:29,39700.0,1000.0,642800.0
290,2021-09-26 13:32:20,39700.0,1200.0,641800.0
291,2021-09-26 13:31:54,39700.0,800.0,640600.0
292,2021-09-26 13:31:54,39750.0,400.0,639800.0
293,2021-09-26 13:31:54,39750.0,100.0,639400.0
294,2021-09-26 13:31:47,39800.0,1000.0,639300.0
295,2021-09-26 13:31:27,39750.0,500.0,638300.0
296,2021-09-26 13:31:23,39750.0,500.0,637800.0
297,2021-09-26 13:31:21,39700.0,1200.0,637300.0
298,2021-09-26 13:31:19,39750.0,5000.0,636100.0
299,2021-09-26 13:31:12,39750.0,100.0,631100.0
300,2021-09-26 13:31:06,39700.0,100.0,631000.0
301,2021-09-26 13:31:01,39700.0,1000.0,630900.0
302,2021-09-26 13:30:54,39700.0,1200.0,629900.0
303,2021-09-26 13:30:54,39750.0,1400.0,628700.0
304,2021-09-26 13:30:54,39750.0,100.0,627300.0
305,2021-09-26 13:30:54,39750.0,1200.0,627200.0
306,2021-09-26 13:30:54,39750.0,100.0,626000.0
307,2021-09-26 13:30:54,39750.0,300.0,625900.0
308,2021-09-26 13:30:54,39750.0,300.0,625600.0
309,2021-09-26 13:30:54,39750.0,1000.0,625300.0
310,2021-09-26 13:30:54,39750.0,100.0,624300.0
311,2021-09-26 13:30:54,39750.0,100.0,624200.0
312,2021-09-26 13:30:54,39750.0,100.0,624100.0
313,2021-09-26 13:30:54,39750.0,300.0,624000.0
314,2021-09-26 13:30:43,39700.0,100.0,623700.0
315,2021-09-26 13:30:42,39750.0,100.0,623600.0
316,2021-09-26 13:30:19,39700.0,1200.0,623500.0
317,2021-09-26 13:29:52,39700.0,1900.0,622300.0
318,2021-09-26 13:29:51,39700.0,100.0,620400.0
319,2021-09-26 13:29:49,39700.0,1200.0,620300.0
320,2021-09-26 13:29:43,39700.0,100.0,619100.0
321,2021-09-26 13:29:40,39700.0,400.0,619000.0
322,2021-09-26 13:29:20,39700.0,1200.0,618600.0
323,2021-09-26 13:29:19,39700.0,1000.0,617400.0
324,2021-09-26 13:29:19,39700.0,1000.0,616400.0
325,2021-09-26 13:29:19,39700.0,2000.0,615400.0
326,2021-09-26 13:29:19,39700.0,2000.0,613400.0
327,2021-09-26 13:29:19,39700.0,100.0,611400.0
328,2021-09-26 13:29:19,39700.0,2400.0,611300.0
329,2021-09-26 13:29:19,39700.0,400.0,608900.0
330,2021-09-26 13:29:19,39700.0,19300.0,608500.0
331,2021-09-26 13:29:09,39700.0,1500.0,589200.0
332,2021-09-26 13:29:06,39700.0,1000.0,587700.0
333,2021-09-26 13:29:00,39700.0,400.0,586700.0
334,2021-09-26 13:28:51,39700.0,1000.0,586300.0
335,2021-09-26 13:28:50,39700.0,900.0,585300.0
336,2021-09-26 13:28:44,39700.0,5000.0,584400.0
337,2021-09-26 13:28:37,39700.0,900.0,579400.0
338,2021-09-26 13:28:37,39700.0,200.0,578500.0
339,2021-09-26 13:28:37,39700.0,3000.0,578300.0
340,2021-09-26 13:28:37,39700.0,2000.0,575300.0
341,2021-09-26 13:27:54,39700.0,200.0,573300.0
342,2021-09-26 13:26:24,39700.0,100.0,573100.0
343,2021-09-26 13:26:24,39700.0,100.0,573000.0
344,2021-09-26 13:26:24,39700.0,100.0,572900.0
345,2021-09-26 13:25:34,39700.0,100.0,572800.0
346,2021-09-26 13:25:23,39700.0,100.0,572700.0
347,2021-09-26 13:25:03,39700.0,600.0,572600.0
348,2021-09-26 13:24:48,39700.0,1000.0,572000.0
349,2021-09-26 13:24:34,39700.0,100.0,571000.0
350,2021-09-26 13:24:30,39700.0,2800.0,570900.0
351,2021-09-26 13:24:30,39700.0,1000.0,568100.0
352,2021-09-26 13:24:30,39700.0,1000.0,567100.0
353,2021-09-26 13:24:30,39700.0,5000.0,566100.0
354,2021-09-26 13:24:30,39700.0,200.0,561100.0
355,2021-09-26 13:24:00,39700.0,200.0,560900.0
356,2021-09-26 13:24:00,39700.0,400.0,560700.0
357,2021-09-26 13:23:00,39650.0,2800.0,560300.0
358,2021-09-26 13:23:00,39650.0,200.0,557500.0
359,2021-09-26 13:20:38,39650.0,2000.0,557300.0
360,2021-09-26 13:20:20,39650.0,2000.0,555300.0
361,2021-09-26 13:19:45,39650.0,800.0,553300.0
362,2021-09-26 13:19:45,39650.0,1000.0,552500.0
363,2021-09-26 13:19:45,39650.0,400.0,551500.0
364,2021-09-26 13:19:45,39650.0,100.0,551100.0
365,2021-09-26 13:19:45,39650.0,100.0,551000.0
366,2021-09-26 13:19:45,39650.0,1300.0,550900.0
367,2021-09-26 13:19:45,39650.0,500.0,549600.0
368,2021-09-26 13:19:45,39650.0,400.0,549100.0
369,2021-09-26 13:19:45,39650.0,100.0,548700.0
370,2021-09-26 13:19:45,39650.0,100.0,548600.0
371,2021-09-26 13:19:45,39650.0,200.0,548500.0
372,2021-09-26 13:18:12,39700.0,100.0,548300.0
373,2021-09-26 13:18:12,39700.0,300.0,548200.0
374,2021-09-26 13:18:12,39700.0,100.0,547900.0
375,2021-09-26 13:18:12,39700.0,400.0,547800.0
376,2021-09-26 13:18:12,39700.0,200.0,547400.0
377,2021-09-26 13:18:12,39700.0,100.0,547200.0
378,2021-09-26 13:18:12,39700.0,300.0,547100.0
379,2021-09-26 13:18:12,39700.0,100.0,546800.0
380,2021-09-26 13:18:12,39700.0,300.0,546700.0
381,2021-09-26 13:18:09,39700.0,100.0,546400.0
382,2021-09-26 13:16:34,39650.0,100.0,546300.0
383,2021-09-26 13:16:34,39650.0,100.0,546200.0
384,2021-09-26 13:16:34,39650.0,800.0,546100.0
385,2021-09-26 13:16:31,39700.0,1000.0,545300.0
386,2021-09-26 13:15:03,39650.0,500.0,544300.0
387,2021-09-26 13:13:44,39650.0,1000.0,543800.0
388,2021-09-26 13:13:32,39700.0,100.0,542800.0
389,2021-09-26 13:13:24,39700.0,1000.0,542700.0
390,2021-09-26 13:13:24,39700.0,500.0,541700.0
391,2021-09-26 13:13:24,39700.0,2000.0,541200.0
392,2021-09-26 13:13:24,39700.0,1100.0,539200.0
393,2021-09-26 13:13:24,39700.0,200.0,538100.0
394,2021-09-26 13:13:24,39700.0,200.0,537900.0
395,2021-09-26 13:13:06,39700.0,300.0,537700.0
396,2021-09-26 13:13:06,39700.0,700.0,537400.0
397,2021-09-26 13:12:46,39700.0,800.0,536700.0
398,2021-09-26 13:12:46,39700.0,200.0,535900.0
399,2021-09-26 13:09:03,39650.0,100.0,535700.0
400,2021-09-26 13:07:12,39650.0,200.0,535600.0
401,2021-09-26 13:07:09,39650.0,100.0,535400.0
402,2021-09-26 13:05:33,39650.0,100.0,535300.0
403,2021-09-26 13:05:00,39700.0,100.0,535200.0
404,2021-09-26 13:03:36,39700.0,700.0,535100.0
405,2021-09-26 13:03:36,39700.0,300.0,534400.0
406,2021-09-26 13:01:54,39700.0,700.0,534100.0
407,2021-09-26 13:01:54,39700.0,200.0,533400.0
408,2021-09-26 13:01:54,39700.0,100.0,533200.0
409,2021-09-26 13:00:31,39700.0,200.0,533100.0
410,2021-09-26 13:00:31,39700.0,1000.0,532900.0
411,2021-09-26 13:00:31,39700.0,500.0,531900.0
412,2021-09-26 13:00:31,39700.0,100.0,531400.0
413,2021-09-26 13:00:31,39700.0,100.0,531300.0
414,2021-09-26 13:00:31,39700.0,1000.0,531200.0
415,2021-09-26 13:00:31,39700.0,300.0,530200.0
416,2021-09-26 13:00:31,39700.0,600.0,529900.0
417,2021-09-26 13:00:10,39650.0,500.0,529300.0
418,2021-09-26 13:00:09,39650.0,300.0,528800.0
419,2021-09-26 13:00:02,39650.0,100.0,528500.0
420,2021-09-26 13:00:00,39650.0,500.0,528400.0
421,2021-09-26 13:00:00,39650.0,100.0,527900.0
422,2021-09-26 13:00:00,39650.0,200.0,527800.0
423,2021-09-26 13:00:00,39650.0,500.0,527600.0
424,2021-09-26 13:00:00,39650.0,100.0,527100.0
425,2021-09-26 13:00:00,39650.0,100.0,527000.0
426,2021-09-26 13:00:00,39650.0,100.0,526900.0
427,2021-09-26 11:28:52,39650.0,200.0,526800.0
428,2021-09-26 11:28:52,39650.0,800.0,526600.0
429,2021-09-26 11:24:03,39650.0,100.0,525800.0
430,2021-09-26 11:23:39,39600.0,500.0,525700.0
431,2021-09-26 11:22:18,39600.0,200.0,525200.0
432,2021-09-26 11:22:06,39600.0,2000.0,525000.0
433,2021-09-26 11:22:06,39600.0,1500.0,523000.0
434,2021-09-26 11:20:55,39550.0,7800.0,521500.0
435,2021-09-26 11:20:20,39550.0,200.0,513700.0
436,2021-09-26 11:19:28,39600.0,300.0,513500.0
437,2021-09-26 11:19:28,39600.0,200.0,513200.0
438,2021-09-26 11:19:28,39600.0,1000.0,513000.0
439,2021-09-26 11:19:28,39600.0,200.0,512000.0
440,2021-09-26 11:19:28,39600.0,100.0,511800.0
441,2021-09-26 11:19:28,39600.0,1300.0,511700.0
442,2021-09-26 11:19:28,39600.0,100.0,510400.0
443,2021-09-26 11:19:28,39600.0,200.0,510300.0
444,2021-09-26 11:19:28,39600.0,500.0,510100.0
445,2021-09-26 11:19:28,39600.0,100.0,509600.0
446,2021-09-26 11:19:28,39600.0,300.0,509500.0
447,2021-09-26 11:19:28,39600.0,1500.0,509200.0
448,2021-09-26 11:19:28,39600.0,500.0,507700.0
449,2021-09-26 11:19:28,39600.0,500.0,507200.0
450,2021-09-26 11:19:28,39600.0,10000.0,506700.0
451,2021-09-26 11:19:28,39600.0,2800.0,496700.0
452,2021-09-26 11:19:28,39600.0,200.0,493900.0
453,2021-09-26 11:19:28,39600.0,400.0,493700.0
454,2021-09-26 11:19:28,39600.0,200.0,493300.0
455,2021-09-26 11:19:28,39600.0,100.0,493100.0
456,2021-09-26 11:19:28,39600.0,100.0,493000.0
457,2021-09-26 11:19:28,39600.0,100.0,492900.0
458,2021-09-26 11:19:28,39600.0,5000.0,492800.0
459,2021-09-26 11:19:28,39600.0,1000.0,487800.0
460,2021-09-26 11:19:28,39600.0,5500.0,486800.0
461,2021-09-26 11:17:39,39600.0,2000.0,481300.0
462,2021-09-26 11:17:23,39600.0,100.0,479300.0
463,2021-09-26 11:16:07,39600.0,1000.0,479200.0
464,2021-09-26 11:15:08,39650.0,100.0,478200.0
465,2021-09-26 11:15:04,39600.0,1200.0,478100.0
466,2021-09-26 11:14:36,39600.0,1200.0,476900.0
467,2021-09-26 11:13:23,39600.0,400.0,475700.0
468,2021-09-26 11:13:15,39600.0,2000.0,475300.0
469,2021-09-26 11:12:48,39600.0,100.0,473300.0
470,2021-09-26 11:12:23,39600.0,1200.0,473200.0
471,2021-09-26 11:12:17,39600.0,3000.0,472000.0
472,2021-09-26 11:11:19,39600.0,1200.0,469000.0
473,2021-09-26 11:11:09,39600.0,5000.0,467800.0
474,2021-09-26 11:11:00,39600.0,300.0,462800.0
475,2021-09-26 11:10:50,39600.0,300.0,462500.0
476,2021-09-26 11:09:32,39600.0,100.0,462200.0
477,2021-09-26 11:09:15,39600.0,300.0,462100.0
478,2021-09-26 11:07:40,39600.0,600.0,461800.0
479,2021-09-26 11:07:09,39600.0,100.0,461200.0
480,2021-09-26 11:06:44,39600.0,1500.0,461100.0
481,2021-09-26 11:06:09,39600.0,500.0,459600.0
482,2021-09-26 11:04:40,39600.0,2000.0,459100.0
483,2021-09-26 11:04:30,39600.0,400.0,457100.0
484,2021-09-26 11:04:30,39600.0,1000.0,456700.0
485,2021-09-26 11:04:30,39600.0,100.0,455700.0
486,2021-09-26 11:03:48,39650.0,1000.0,455600.0
487,2021-09-26 11:02:59,39650.0,400.0,454600.0
488,2021-09-26 11:02:15,39650.0,5000.0,454200.0
489,2021-09-26 11:02:06,39650.0,100.0,449200.0
490,2021-09-26 10:59:27,39650.0,2500.0,449100.0
491,2021-09-26 10:59:27,39650.0,300.0,446600.0
492,2021-09-26 10:59:13,39650.0,100.0,446300.0
493,2021-09-26 10:58:49,39650.0,100.0,446200.0
494,2021-09-26 10:58:49,39650.0,200.0,446100.0
495,2021-09-26 10:58:49,39650.0,200.0,445900.0
496,2021-09-26 10:58:13,39650.0,100.0,445700.0
497,2021-09-26 10:58:12,39650.0,500.0,445600.0
498,2021-09-26 10:57:45,39650.0,100.0,445100.0
499,2021-09-26 10:57:16,39650.0,100.0,445000.0
500,2021-09-26 10:57:16,39650.0,100.0,444900.0
501,2021-09-26 10:57:16,39650.0,500.0,444800.0
502,2021-09-26 10:57:16,39650.0,300.0,444300.0
503,2021-09-26 10:57:14,39650.0,500.0,444000.0
504,2021-09-26 10:56:51,39650.0,200.0,443500.0
505,2021-09-26 10:56:51,39650.0,300.0,443300.0
506,2021-09-26 10:56:19,39600.0,700.0,443000.0
507,2021-09-26 10:56:19,39600.0,7300.0,442300.0
508,2021-09-26 10:56:04,39600.0,1000.0,435000.0
509,2021-09-26 10:56:00,39600.0,500.0,434000.0
510,2021-09-26 10:55:50,39650.0,500.0,433500.0
511,2021-09-26 10:55:30,39600.0,500.0,433000.0
512,2021-09-26 10:55:24,39650.0,200.0,432500.0
513,2021-09-26 10:55:24,39650.0,300.0,432300.0
514,2021-09-26 10:55:09,39650.0,700.0,432000.0
515,2021-09-26 10:55:09,39650.0,300.0,431300.0
516,2021-09-26 10:55:03,39650.0,100.0,431000.0
517,2021-09-26 10:54:20,39600.0,700.0,430900.0
518,2021-09-26 10:54:20,39600.0,300.0,430200.0
519,2021-09-26 10:52:07,39650.0,1000.0,429900.0
520,2021-09-26 10:52:07,39650.0,100.0,428900.0
521,2021-09-26 10:52:07,39650.0,100.0,428800.0
522,2021-09-26 10:52:07,39650.0,100.0,428700.0
523,2021-09-26 10:52:07,39650.0,100.0,428600.0
524,2021-09-26 10:52:07,39650.0,300.0,428500.0
525,2021-09-26 10:52:07,39650.0,400.0,428200.0
526,2021-09-26 10:52:02,39700.0,100.0,427800.0
527,2021-09-26 10:51:59,39650.0,2000.0,427700.0
528,2021-09-26 10:51:52,39650.0,100.0,425700.0
529,2021-09-26 10:51:27,39650.0,1000.0,425600.0
530,2021-09-26 10:51:24,39650.0,1000.0,424600.0
531,2021-09-26 10:51:14,39650.0,2500.0,423600.0
532,2021-09-26 10:51:11,39650.0,500.0,421100.0
533,2021-09-26 10:51:10,39650.0,2000.0,420600.0
534,2021-09-26 10:50:44,39650.0,100.0,418600.0
535,2021-09-26 10:50:27,39650.0,400.0,418500.0
536,2021-09-26 10:50:27,39650.0,200.0,418100.0
537,2021-09-26 10:50:15,39650.0,2500.0,417900.0
538,2021-09-26 10:50:13,39650.0,100.0,415400.0
539,2021-09-26 10:50:01,39650.0,4000.0,415300.0
540,2021-09-26 10:49:51,39650.0,9000.0,411300.0
541,2021-09-26 10:49:40,39650.0,3000.0,402300.0
542,2021-09-26 10:49:37,39650.0,1200.0,399300.0
543,2021-09-26 10:49:37,39650.0,1800.0,398100.0
544,2021-09-26 10:49:26,39650.0,100.0,396300.0
545,2021-09-26 10:49:21,39650.0,2100.0,396200.0
546,2021-09-26 10:49:21,39650.0,400.0,394100.0
547,2021-09-26 10:48:58,39650.0,3600.0,393700.0
548,2021-09-26 10:48:58,39650.0,1400.0,390100.0
549,2021-09-26 10:48:46,39650.0,3100.0,388700.0
550,2021-09-26 10:48:18,39650.0,100.0,385600.0
551,2021-09-26 10:47:49,39650.0,100.0,385500.0
552,2021-09-26 10:47:18,39650.0,200.0,385400.0
553,2021-09-26 10:46:04,39650.0,1000.0,385200.0
554,2021-09-26 10:45:14,39650.0,900.0,384200.0
555,2021-09-26 10:45:10,39650.0,8000.0,383300.0
556,2021-09-26 10:45:05,39650.0,300.0,375300.0
557,2021-09-26 10:41:44,39700.0,200.0,375000.0
558,2021-09-26 10:40:55,39700.0,2200.0,374800.0
559,2021-09-26 10:40:47,39700.0,100.0,372600.0
560,2021-09-26 10:40:14,39650.0,1600.0,372500.0
561,2021-09-26 10:39:16,39700.0,200.0,370900.0
562,2021-09-26 10:39:08,39650.0,1000.0,370700.0
563,2021-09-26 10:39:06,39700.0,1000.0,369700.0
564,2021-09-26 10:37:50,39650.0,200.0,368700.0
565,2021-09-26 10:37:03,39700.0,300.0,368500.0
566,2021-09-26 10:36:03,39700.0,1000.0,368200.0
567,2021-09-26 10:35:21,39700.0,100.0,367200.0
568,2021-09-26 10:35:10,39700.0,100.0,367100.0
569,2021-09-26 10:33:57,39650.0,1000.0,367000.0
570,2021-09-26 10:33:39,39650.0,100.0,366000.0
571,2021-09-26 10:32:34,39650.0,1000.0,365900.0
572,2021-09-26 10:32:00,39700.0,500.0,364900.0
573,2021-09-26 10:31:09,39700.0,100.0,364400.0
574,2021-09-26 10:31:09,39700.0,2000.0,364300.0
575,2021-09-26 10:31:09,39700.0,4000.0,362300.0
576,2021-09-26 10:31:09,39700.0,29000.0,358300.0
577,2021-09-26 10:31:09,39700.0,8500.0,329300.0
578,2021-09-26 10:30:52,39700.0,1000.0,320800.0
579,2021-09-26 10:28:50,39700.0,500.0,319800.0
580,2021-09-26 10:28:50,39700.0,1500.0,319300.0
581,2021-09-26 10:27:42,39750.0,100.0,317800.0
582,2021-09-26 10:27:42,39750.0,100.0,317700.0
583,2021-09-26 10:27:42,39750.0,300.0,317600.0
584,2021-09-26 10:27:42,39750.0,200.0,317300.0
585,2021-09-26 10:27:29,39700.0,1500.0,317100.0
586,2021-09-26 10:27:29,39700.0,300.0,315600.0
587,2021-09-26 10:27:29,39700.0,3300.0,315300.0
588,2021-09-26 10:26:50,39750.0,2000.0,312000.0
589,2021-09-26 10:26:50,39750.0,500.0,310000.0
590,2021-09-26 10:26:50,39750.0,1500.0,309500.0
591,2021-09-26 10:25:23,39750.0,100.0,308000.0
592,2021-09-26 10:25:23,39750.0,500.0,307900.0
593,2021-09-26 10:24:52,39750.0,200.0,307400.0
594,2021-09-26 10:24:16,39750.0,100.0,307200.0
595,2021-09-26 10:24:02,39750.0,700.0,307100.0
596,2021-09-26 10:23:23,39750.0,1000.0,306400.0
597,2021-09-26 10:23:23,39750.0,500.0,305400.0
598,2021-09-26 10:22:41,39750.0,100.0,304900.0
599,2021-09-26 10:22:39,39750.0,400.0,304800.0
600,2021-09-26 10:22:39,39750.0,1000.0,304400.0
601,2021-09-26 10:22:39,39750.0,600.0,303400.0
602,2021-09-26 10:22:32,39750.0,400.0,302800.0
603,2021-09-26 10:21:42,39700.0,300.0,302400.0
604,2021-09-26 10:21:18,39700.0,1400.0,302100.0
605,2021-09-26 10:21:18,39700.0,600.0,300700.0
606,2021-09-26 10:21:03,39750.0,100.0,300100.0
607,2021-09-26 10:21:03,39750.0,400.0,300000.0
608,2021-09-26 10:20:38,39750.0,100.0,299600.0
609,2021-09-26 10:20:37,39750.0,100.0,299500.0
610,2021-09-26 10:20:37,39750.0,800.0,299400.0
611,2021-09-26 10:20:37,39750.0,100.0,298600.0
612,2021-09-26 10:20:11,39750.0,100.0,298500.0
613,2021-09-26 10:19:42,39750.0,100.0,298400.0
614,2021-09-26 10:19:13,39750.0,100.0,298300.0
615,2021-09-26 10:19:10,39750.0,1900.0,298200.0
616,2021-09-26 10:18:54,39750.0,100.0,296300.0
617,2021-09-26 10:17:39,39750.0,1700.0,296200.0
618,2021-09-26 10:17:19,39750.0,100.0,294500.0
619,2021-09-26 10:17:07,39750.0,200.0,294400.0
620,2021-09-26 10:17:04,39750.0,600.0,294200.0
621,2021-09-26 10:17:04,39750.0,4400.0,293600.0
622,2021-09-26 10:16:36,39750.0,100.0,289200.0
623,2021-09-26 10:16:36,39750.0,2000.0,289100.0
624,2021-09-26 10:16:36,39750.0,4300.0,287100.0
625,2021-09-26 10:16:12,39750.0,400.0,282800.0
626,2021-09-26 10:16:00,39750.0,200.0,282400.0
627,2021-09-26 10:16:00,39750.0,100.0,282200.0
628,2021-09-26 10:14:06,39800.0,1500.0,282100.0
629,2021-09-26 10:14:06,39800.0,1300.0,280600.0
630,2021-09-26 10:13:54,39750.0,300.0,279300.0
631,2021-09-26 10:13:54,39750.0,700.0,279000.0
632,2021-09-26 10:13:54,39750.0,9000.0,278300.0
633,2021-09-26 10:13:42,39800.0,1000.0,269300.0
634,2021-09-26 10:12:14,39800.0,500.0,268300.0
635,2021-09-26 10:11:50,39750.0,100.0,267800.0
636,2021-09-26 10:11:43,39750.0,500.0,267700.0
637,2021-09-26 10:11:43,39750.0,100.0,267200.0
638,2021-09-26 10:11:43,39750.0,10000.0,267100.0
639,2021-09-26 10:11:43,39750.0,300.0,257100.0
640,2021-09-26 10:11:31,39750.0,3400.0,256800.0
641,2021-09-26 10:10:35,39750.0,100.0,253400.0
642,2021-09-26 10:09:27,39700.0,400.0,253300.0
643,2021-09-26 10:08:46,39700.0,600.0,252900.0
644,2021-09-26 10:08:19,39700.0,2400.0,252300.0
645,2021-09-26 10:08:19,39700.0,100.0,249900.0
646,2021-09-26 10:08:19,39700.0,100.0,249800.0
647,2021-09-26 10:08:19,39700.0,3000.0,249700.0
648,2021-09-26 10:08:19,39700.0,4400.0,246700.0
649,2021-09-26 10:07:24,39700.0,600.0,242300.0
650,2021-09-26 10:07:16,39750.0,100.0,241700.0
651,2021-09-26 10:07:16,39750.0,600.0,241600.0
652,2021-09-26 10:07:16,39750.0,200.0,241000.0
653,2021-09-26 10:07:16,39750.0,300.0,240800.0
654,2021-09-26 10:06:47,39750.0,200.0,240500.0
655,2021-09-26 10:06:47,39750.0,400.0,240300.0
656,2021-09-26 10:06:35,39800.0,300.0,239900.0
657,2021-09-26 10:06:32,39800.0,600.0,239600.0
658,2021-09-26 10:06:11,39750.0,300.0,239000.0
659,2021-09-26 10:06:09,39800.0,200.0,238700.0
660,2021-09-26 10:06:09,39800.0,2800.0,238500.0
661,2021-09-26 10:06:04,39800.0,300.0,235700.0
662,2021-09-26 10:05:44,39800.0,100.0,235400.0
663,2021-09-26 10:05:22,39800.0,200.0,235300.0
664,2021-09-26 10:05:22,39800.0,800.0,235100.0
665,2021-09-26 10:05:19,39750.0,300.0,234300.0
666,2021-09-26 10:05:19,39750.0,200.0,234000.0
667,2021-09-26 10:05:19,39750.0,100.0,233800.0
668,2021-09-26 10:05:06,39800.0,500.0,233700.0
669,2021-09-26 10:05:04,39800.0,700.0,233200.0
670,2021-09-26 10:04:54,39800.0,100.0,232500.0
671,2021-09-26 10:04:54,39800.0,100.0,232400.0
672,2021-09-26 10:04:54,39800.0,100.0,232300.0
673,2021-09-26 10:04:54,39800.0,100.0,232200.0
674,2021-09-26 10:04:54,39800.0,100.0,232100.0
675,2021-09-26 10:04:54,39800.0,300.0,232000.0
676,2021-09-26 10:04:49,39800.0,700.0,231700.0
677,2021-09-26 10:04:49,39800.0,1000.0,231000.0
678,2021-09-26 10:04:49,39800.0,300.0,230000.0
679,2021-09-26 10:04:45,39800.0,500.0,229700.0
680,2021-09-26 10:04:40,39800.0,2700.0,229200.0
681,2021-09-26 10:04:40,39800.0,5000.0,226500.0
682,2021-09-26 10:04:40,39800.0,1000.0,221500.0
683,2021-09-26 10:04:40,39800.0,100.0,220500.0
684,2021-09-26 10:04:40,39800.0,100.0,220400.0
685,2021-09-26 10:04:40,39800.0,200.0,220300.0
686,2021-09-26 10:04:40,39800.0,200.0,220100.0
687,2021-09-26 10:04:40,39800.0,200.0,219900.0
688,2021-09-26 10:04:40,39800.0,1000.0,219700.0
689,2021-09-26 10:04:40,39800.0,1000.0,218700.0
690,2021-09-26 10:04:40,39800.0,4500.0,217700.0
691,2021-09-26 10:04:40,39800.0,200.0,213200.0
692,2021-09-26 10:04:40,39800.0,3800.0,213000.0
693,2021-09-26 10:04:32,39800.0,100.0,209200.0
694,2021-09-26 10:04:18,39800.0,200.0,209100.0
695,2021-09-26 10:03:50,39800.0,500.0,208900.0
696,2021-09-26 10:03:48,39750.0,100.0,208400.0
697,2021-09-26 10:03:35,39750.0,300.0,208300.0
698,2021-09-26 10:03:35,39750.0,100.0,208000.0
699,2021-09-26 10:03:19,39750.0,100.0,207900.0
700,2021-09-26 10:03:16,39800.0,2600.0,207800.0
701,2021-09-26 10:03:16,39800.0,200.0,205200.0
702,2021-09-26 10:03:08,39750.0,100.0,205000.0
703,2021-09-26 10:02:53,39750.0,500.0,204900.0
704,2021-09-26 10:02:53,39750.0,200.0,204400.0
705,2021-09-26 10:02:53,39750.0,100.0,204200.0
706,2021-09-26 10:02:53,39750.0,5000.0,204100.0
707,2021-09-26 10:02:53,39750.0,200.0,199100.0
708,2021-09-26 10:02:53,39750.0,1200.0,198900.0
709,2021-09-26 10:02:53,39750.0,1500.0,197700.0
710,2021-09-26 10:02:53,39750.0,8500.0,196200.0
711,2021-09-26 10:01:55,39700.0,200.0,187700.0
712,2021-09-26 10:01:55,39700.0,2000.0,187500.0
713,2021-09-26 10:01:55,39700.0,1200.0,185500.0
714,2021-09-26 10:01:54,39700.0,800.0,184300.0
715,2021-09-26 10:01:54,39700.0,1000.0,183500.0
716,2021-09-26 10:01:54,39700.0,2000.0,182500.0
717,2021-09-26 10:01:54,39700.0,6200.0,180500.0
718,2021-09-26 10:01:52,39700.0,500.0,174300.0
719,2021-09-26 10:01:48,39700.0,500.0,173800.0
720,2021-09-26 10:01:36,39700.0,1000.0,173300.0
721,2021-09-26 10:01:29,39700.0,1800.0,172300.0
722,2021-09-26 10:01:29,39700.0,100.0,170500.0
723,2021-09-26 10:01:05,39700.0,100.0,170400.0
724,2021-09-26 10:01:05,39700.0,200.0,170300.0
725,2021-09-26 10:00:39,39650.0,100.0,170100.0
726,2021-09-26 10:00:39,39650.0,500.0,170000.0
727,2021-09-26 09:59:57,39650.0,600.0,169500.0
728,2021-09-26 09:59:53,39650.0,100.0,168900.0
729,2021-09-26 09:59:52,39650.0,100.0,168800.0
730,2021-09-26 09:59:35,39650.0,100.0,168700.0
731,2021-09-26 09:59:35,39650.0,100.0,168600.0
732,2021-09-26 09:59:35,39650.0,1000.0,168500.0
733,2021-09-26 09:59:35,39650.0,300.0,167500.0
734,2021-09-26 09:59:35,39650.0,500.0,167200.0
735,2021-09-26 09:59:35,39650.0,1000.0,166700.0
736,2021-09-26 09:59:29,39650.0,100.0,165700.0
737,2021-09-26 09:58:57,39650.0,600.0,165600.0
738,2021-09-26 09:58:53,39700.0,300.0,165000.0
739,2021-09-26 09:58:16,39650.0,200.0,164700.0
740,2021-09-26 09:57:30,39650.0,1100.0,164500.0
741,2021-09-26 09:57:30,39650.0,900.0,163400.0
742,2021-09-26 09:57:09,39650.0,2000.0,162500.0
743,2021-09-26 09:56:54,39650.0,100.0,160500.0
744,2021-09-26 09:56:47,39650.0,1900.0,160400.0
745,2021-09-26 09:56:31,39650.0,3100.0,158500.0
746,2021-09-26 09:56:28,39650.0,500.0,155400.0
747,2021-09-26 09:55:44,39650.0,3000.0,154900.0
748,2021-09-26 09:55:44,39650.0,200.0,151900.0
749,2021-09-26 09:55:44,39650.0,200.0,151700.0
750,2021-09-26 09:55:35,39650.0,500.0,151500.0
751,2021-09-26 09:55:35,39650.0,100.0,151000.0
752,2021-09-26 09:55:01,39650.0,500.0,150900.0
753,2021-09-26 09:54:40,39650.0,600.0,150400.0
754,2021-09-26 09:54:13,39650.0,4000.0,149800.0
755,2021-09-26 09:53:48,39650.0,800.0,145800.0
756,2021-09-26 09:53:48,39650.0,4000.0,145000.0
757,2021-09-26 09:53:18,39600.0,600.0,141000.0
758,2021-09-26 09:53:02,39600.0,200.0,140400.0
759,2021-09-26 09:52:53,39600.0,800.0,140200.0
760,2021-09-26 09:52:06,39600.0,200.0,139400.0
761,2021-09-26 09:52:06,39600.0,500.0,139200.0
762,2021-09-26 09:51:34,39600.0,100.0,138700.0
763,2021-09-26 09:51:34,39600.0,400.0,138600.0
764,2021-09-26 09:51:33,39600.0,200.0,138200.0
765,2021-09-26 09:50:47,39600.0,1000.0,138000.0
766,2021-09-26 09:50:46,39600.0,100.0,137000.0
767,2021-09-26 09:50:46,39600.0,100.0,136900.0
768,2021-09-26 09:50:46,39600.0,900.0,136800.0
769,2021-09-26 09:50:46,39600.0,300.0,135900.0
770,2021-09-26 09:49:53,39600.0,200.0,135600.0
771,2021-09-26 09:49:52,39600.0,100.0,135400.0
772,2021-09-26 09:49:33,39600.0,200.0,135300.0
773,2021-09-26 09:49:32,39600.0,600.0,135100.0
774,2021-09-26 09:49:25,39600.0,100.0,134500.0
775,2021-09-26 09:49:16,39600.0,200.0,134400.0
776,2021-09-26 09:49:11,39600.0,200.0,134200.0
777,2021-09-26 09:49:11,39600.0,100.0,134000.0
778,2021-09-26 09:49:04,39550.0,100.0,133900.0
779,2021-09-26 09:48:55,39550.0,200.0,133800.0
780,2021-09-26 09:48:31,39550.0,200.0,133600.0
781,2021-09-26 09:48:22,39600.0,400.0,133400.0
782,2021-09-26 09:48:22,39600.0,100.0,133000.0
783,2021-09-26 09:48:22,39600.0,900.0,132900.0
784,2021-09-26 09:48:22,39600.0,100.0,132000.0
785,2021-09-26 09:48:22,39600.0,100.0,131900.0
786,2021-09-26 09:48:22,39600.0,400.0,131800.0
787,2021-09-26 09:47:51,39600.0,200.0,131400.0
788,2021-09-26 09:47:46,39550.0,400.0,131200.0
789,2021-09-26 09:47:46,39550.0,200.0,130800.0
790,2021-09-26 09:47:21,39600.0,200.0,130600.0
791,2021-09-26 09:47:21,39600.0,100.0,130400.0
792,2021-09-26 09:47:21,39600.0,2700.0,130300.0
793,2021-09-26 09:47:09,39550.0,600.0,127600.0
794,2021-09-26 09:47:04,39600.0,2300.0,127000.0
795,2021-09-26 09:47:04,39600.0,1900.0,124700.0
796,2021-09-26 09:47:04,39600.0,500.0,122800.0
797,2021-09-26 09:47:04,39600.0,1000.0,122300.0
798,2021-09-26 09:47:04,39600.0,100.0,121300.0
799,2021-09-26 09:47:04,39600.0,200.0,121200.0
800,2021-09-26 09:47:04,39600.0,100.0,121000.0
801,2021-09-26 09:47:04,39600.0,300.0,120900.0
802,2021-09-26 09:47:04,39600.0,1000.0,120600.0
803,2021-09-26 09:47:04,39600.0,100.0,119600.0
804,2021-09-26 09:47:04,39600.0,500.0,119500.0
805,2021-09-26 09:47:04,39600.0,200.0,119000.0
806,2021-09-26 09:47:04,39600.0,300.0,118800.0
807,2021-09-26 09:47:04,39600.0,1500.0,118500.0
808,2021-09-26 09:47:00,39600.0,500.0,117000.0
809,2021-09-26 09:46:56,39600.0,100.0,116500.0
810,2021-09-26 09:46:49,39600.0,100.0,116400.0
811,2021-09-26 09:46:06,39600.0,1000.0,116300.0
812,2021-09-26 09:45:52,39550.0,600.0,115300.0
813,2021-09-26 09:45:47,39600.0,200.0,114700.0
814,2021-09-26 09:45:32,39550.0,3800.0,114500.0
815,2021-09-26 09:45:32,39550.0,500.0,110700.0
816,2021-09-26 09:45:32,39550.0,300.0,110200.0
817,2021-09-26 09:45:32,39550.0,1000.0,109900.0
818,2021-09-26 09:45:32,39550.0,400.0,108900.0
819,2021-09-26 09:45:32,39550.0,300.0,108500.0
820,2021-09-26 09:45:32,39550.0,300.0,108200.0
821,2021-09-26 09:45:32,39550.0,500.0,107900.0
822,2021-09-26 09:45:32,39550.0,2000.0,107400.0
823,2021-09-26 09:45:32,39550.0,300.0,105400.0
824,2021-09-26 09:45:32,39550.0,400.0,105100.0
825,2021-09-26 09:45:32,39550.0,200.0,104700.0
826,2021-09-26 09:43:29,39550.0,100.0,104500.0
827,2021-09-26 09:43:28,39550.0,100.0,104400.0
828,2021-09-26 09:43:28,39550.0,100.0,104300.0
829,2021-09-26 09:43:28,39550.0,400.0,104200.0
830,2021-09-26 09:43:13,39550.0,100.0,103800.0
831,2021-09-26 09:42:31,39550.0,100.0,103700.0
832,2021-09-26 09:42:19,39550.0,600.0,103600.0
833,2021-09-26 09:41:54,39550.0,200.0,103000.0
834,2021-09-26 09:41:45,39550.0,100.0,102800.0
835,2021-09-26 09:41:44,39600.0,1000.0,102700.0
836,2021-09-26 09:41:22,39550.0,100.0,101700.0
837,2021-09-26 09:41:22,39550.0,100.0,101600.0
838,2021-09-26 09:41:22,39550.0,500.0,101500.0
839,2021-09-26 09:41:22,39550.0,500.0,101000.0
840,2021-09-26 09:41:22,39550.0,500.0,100500.0
841,2021-09-26 09:41:22,39550.0,3000.0,100000.0
842,2021-09-26 09:41:22,39550.0,1300.0,97000.0
843,2021-09-26 09:41:22,39550.0,700.0,95700.0
844,2021-09-26 09:40:46,39550.0,600.0,95000.0
845,2021-09-26 09:40:40,39550.0,200.0,94400.0
846,2021-09-26 09:40:31,39550.0,100.0,94200.0
847,2021-09-26 09:40:20,39550.0,100.0,94100.0
848,2021-09-26 09:40:20,39550.0,100.0,94000.0
849,2021-09-26 09:40:12,39550.0,400.0,93900.0
850,2021-09-26 09:40:10,39550.0,100.0,93500.0
851,2021-09-26 09:40:01,39550.0,100.0,93400.0
852,2021-09-26 09:39:26,39550.0,300.0,93300.0
853,2021-09-26 09:39:26,39550.0,300.0,93000.0
854,2021-09-26 09:39:25,39600.0,700.0,92700.0
855,2021-09-26 09:38:42,39550.0,200.0,92000.0
856,2021-09-26 09:38:42,39550.0,300.0,91800.0
857,2021-09-26 09:38:07,39600.0,500.0,91500.0
858,2021-09-26 09:38:01,39550.0,300.0,91000.0
859,2021-09-26 09:37:47,39600.0,400.0,90700.0
860,2021-09-26 09:37:46,39600.0,3000.0,90300.0
861,2021-09-26 09:37:46,39550.0,300.0,87300.0
862,2021-09-26 09:37:25,39600.0,300.0,87000.0
863,2021-09-26 09:37:06,39600.0,700.0,86700.0
864,2021-09-26 09:37:06,39600.0,600.0,86000.0
865,2021-09-26 09:35:39,39550.0,300.0,85400.0
866,2021-09-26 09:35:26,39550.0,100.0,85100.0
867,2021-09-26 09:33:57,39550.0,2000.0,85000.0
868,2021-09-26 09:33:55,39550.0,1000.0,83000.0
869,2021-09-26 09:33:29,39550.0,2000.0,82000.0
870,2021-09-26 09:33:29,39550.0,1000.0,80000.0
871,2021-09-26 09:33:22,39500.0,1700.0,79000.0
872,2021-09-26 09:33:22,39500.0,100.0,77300.0
873,2021-09-26 09:33:22,39500.0,300.0,77200.0
874,2021-09-26 09:33:22,39500.0,200.0,76900.0
875,2021-09-26 09:33:22,39500.0,100.0,76700.0
876,2021-09-26 09:33:22,39500.0,200.0,76600.0
877,2021-09-26 09:33:22,39500.0,100.0,76400.0
878,2021-09-26 09:33:22,39500.0,300.0,76300.0
879,2021-09-26 09:33:07,39500.0,300.0,76000.0
880,2021-09-26 09:32:53,39550.0,100.0,75700.0
881,2021-09-26 09:32:52,39550.0,500.0,75600.0
882,2021-09-26 09:32:26,39500.0,500.0,75100.0
883,2021-09-26 09:32:06,39500.0,400.0,74600.0
884,2021-09-26 09:31:54,39500.0,200.0,74200.0
885,2021-09-26 09:31:54,39500.0,100.0,74000.0
886,2021-09-26 09:30:38,39500.0,1900.0,73900.0
887,2021-09-26 09:30:38,39500.0,1100.0,72000.0
888,2021-09-26 09:30:33,39500.0,300.0,70900.0
889,2021-09-26 09:29:59,39500.0,1000.0,70600.0
890,2021-09-26 09:29:03,39500.0,300.0,69600.0
891,2021-09-26 09:28:51,39500.0,300.0,69300.0
892,2021-09-26 09:28:51,39500.0,200.0,69000.0
893,2021-09-26 09:28:23,39500.0,500.0,68800.0
894,2021-09-26 09:28:23,39500.0,500.0,68300.0
895,2021-09-26 09:28:23,39500.0,2000.0,67800.0
896,2021-09-26 09:28:23,39500.0,5500.0,65800.0
897,2021-09-26 09:26:36,39500.0,2900.0,60300.0
898,2021-09-26 09:26:25,39500.0,10000.0,57400.0
899,2021-09-26 09:25:42,39500.0,2000.0,47400.0
900,2021-09-26 09:25:28,39500.0,2000.0,45400.0
901,2021-09-26 09:24:12,39500.0,100.0,43400.0
902,2021-09-26 09:24:09,39500.0,1300.0,43300.0
903,2021-09-26 09:24:03,39500.0,200.0,42000.0
904,2021-09-26 09:23:22,39500.0,200.0,41800.0
905,2021-09-26 09:23:18,39500.0,100.0,41600.0
906,2021-09-26 09:23:14,39500.0,500.0,41500.0
907,2021-09-26 09:23:05,39450.0,200.0,41000.0
908,2021-09-26 09:23:03,39500.0,1000.0,40800.0
909,2021-09-26 09:22:57,39450.0,100.0,39800.0
910,2021-09-26 09:22:50,39450.0,800.0,39700.0
911,2021-09-26 09:22:50,39450.0,11100.0,38900.0
912,2021-09-26 09:21:48,39450.0,8000.0,27800.0
913,2021-09-26 09:21:26,39500.0,200.0,19800.0
914,2021-09-26 09:20:54,39500.0,100.0,19600.0
915,2021-09-26 09:20:00,39450.0,100.0,19500.0
916,2021-09-26 09:19:50,39450.0,400.0,19400.0
917,2021-09-26 09:19:34,39450.0,300.0,19000.0
918,2021-09-26 09:19:29,39450.0,200.0,18700.0
919,2021-09-26 09:19:24,39450.0,100.0,18500.0
920,2021-09-26 09:19:15,39450.0,1000.0,18400.0
921,2021-09-26 09:19:15,39450.0,300.0,17400.0
922,2021-09-26 09:19:15,39450.0,200.0,17100.0
923,2021-09-26 09:19:15,39450.0,400.0,16900.0
924,2021-09-26 09:19:15,39450.0,100.0,16500.0
925,2021-09-26 09:19:15,39450.0,200.0,16400.0
926,2021-09-26 09:19:15,39450.0,100.0,16200.0
927,2021-09-26 09:18:43,39500.0,300.0,16100.0
928,2021-09-26 09:18:37,39500.0,500.0,15800.0
929,2021-09-26 09:18:29,39500.0,1000.0,15300.0
930,2021-09-26 09:18:25,39500.0,500.0,14300.0
931,2021-09-26 09:18:23,39500.0,100.0,13800.0
932,2021-09-26 09:18:23,39500.0,100.0,13700.0
933,2021-09-26 09:18:23,39500.0,300.0,13600.0
934,2021-09-26 09:17:46,39500.0,100.0,13300.0
935,2021-09-26 09:16:29,39500.0,100.0,13200.0
936,2021-09-26 09:16:29,39500.0,1500.0,13100.0
937,2021-09-26 09:16:29,39500.0,1000.0,11600.0
938,2021-09-26 09:16:26,39500.0,100.0,10600.0
939,2021-09-26 09:15:04,39500.0,300.0,10500.0
940,2021-09-26 09:15:01,39500.0,300.0,10200.0
941,2021-09-26 09:15:01,39500.0,500.0,9900.0
942,2021-09-26 09:15:01,39500.0,2000.0,9400.0
943,2021-09-26 09:15:01,39500.0,800.0,7400.0
944,2021-09-26 09:15:01,39500.0,200.0,6600.0
945,2021-09-26 09:15:01,39500.0,100.0,6400.0
946,2021-09-26 09:15:01,39500.0,400.0,6300.0
947,2021-09-26 09:15:01,39500.0,100.0,5900.0
948,2021-09-26 09:15:01,39500.0,100.0,5800.0
949,2021-09-26 09:15:01,39500.0,1400.0,5700.0
950,2021-09-26 09:15:01,39500.0,500.0,4300.0
951,2021-09-26 09:15:01,39500.0,2600.0,3800.0
952,2021-09-26 09:15:01,39500.0,900.0,1200.0
953,2021-09-26 09:15:01,39500.0,300.0,300.0
