,Time,Price,Volume_per_trade,Volume
0,2021-10-06 14:45:03,4700.0,20000.0,2991447.0
1,2021-10-06 14:29:27,4700.0,2000.0,2971447.0
2,2021-10-06 14:26:57,4700.0,200.0,2969447.0
3,2021-10-06 14:23:06,4700.0,18000.0,2969247.0
4,2021-10-06 14:21:54,4700.0,2000.0,2951247.0
5,2021-10-06 14:21:48,4700.0,1500.0,2949247.0
6,2021-10-06 14:21:33,4700.0,100.0,2947747.0
7,2021-10-06 14:19:25,4700.0,100.0,2947647.0
8,2021-10-06 14:14:32,4700.0,2.0,2947547.0
9,2021-10-06 14:13:49,4700.0,2000.0,2947545.0
10,2021-10-06 14:09:04,4700.0,1000.0,2945545.0
11,2021-10-06 14:09:03,4700.0,300.0,2944545.0
12,2021-10-06 14:07:07,4700.0,1000.0,2944245.0
13,2021-10-06 14:05:30,4700.0,300.0,2943245.0
14,2021-10-06 14:03:29,4700.0,300.0,2942945.0
15,2021-10-06 13:58:17,4700.0,200.0,2942645.0
16,2021-10-06 13:52:04,4700.0,5000.0,2942445.0
17,2021-10-06 13:50:02,4700.0,5000.0,2937445.0
18,2021-10-06 13:48:33,4700.0,100.0,2932445.0
19,2021-10-06 13:47:59,4700.0,2000.0,2932345.0
20,2021-10-06 13:46:18,4700.0,10000.0,2930345.0
21,2021-10-06 13:44:10,4700.0,300.0,2920345.0
22,2021-10-06 13:39:16,4700.0,100.0,2920045.0
23,2021-10-06 13:36:05,4700.0,6600.0,2919945.0
24,2021-10-06 13:33:02,4700.0,40000.0,2913345.0
25,2021-10-06 13:32:25,4700.0,100.0,2873345.0
26,2021-10-06 13:31:21,4700.0,5000.0,2873245.0
27,2021-10-06 13:28:29,4700.0,4000.0,2868245.0
28,2021-10-06 13:28:00,4700.0,1000.0,2864245.0
29,2021-10-06 13:20:13,4700.0,1000.0,2863245.0
30,2021-10-06 13:17:39,4700.0,1000.0,2862245.0
31,2021-10-06 13:17:17,4700.0,100.0,2861245.0
32,2021-10-06 13:16:38,4700.0,2.0,2861145.0
33,2021-10-06 13:16:29,4700.0,600.0,2861143.0
34,2021-10-06 13:16:16,4700.0,1000.0,2860543.0
35,2021-10-06 13:13:19,4700.0,200.0,2859543.0
36,2021-10-06 13:13:13,4700.0,1.0,2859343.0
37,2021-10-06 13:12:48,4700.0,7.0,2859342.0
38,2021-10-06 13:11:28,4700.0,200.0,2859335.0
39,2021-10-06 13:08:58,4700.0,3000.0,2859135.0
40,2021-10-06 13:08:41,4700.0,3000.0,2856135.0
41,2021-10-06 13:08:17,4700.0,1000.0,2853135.0
42,2021-10-06 13:07:57,4700.0,5000.0,2852135.0
43,2021-10-06 13:06:43,4700.0,500.0,2847135.0
44,2021-10-06 13:06:19,4700.0,30600.0,2846635.0
45,2021-10-06 13:06:18,4700.0,3000.0,2816035.0
46,2021-10-06 13:06:17,4700.0,29300.0,2813035.0
47,2021-10-06 13:06:16,4700.0,5000.0,2783735.0
48,2021-10-06 13:06:15,4700.0,50000.0,2778735.0
49,2021-10-06 13:06:14,4700.0,63000.0,2728735.0
50,2021-10-06 13:06:13,4700.0,87000.0,2665735.0
51,2021-10-06 13:06:10,4700.0,50000.0,2578735.0
52,2021-10-06 13:06:06,4700.0,7000.0,2528735.0
53,2021-10-06 13:06:03,4700.0,49500.0,2521735.0
54,2021-10-06 13:05:43,4700.0,2500.0,2472235.0
55,2021-10-06 13:05:39,4700.0,900.0,2469735.0
56,2021-10-06 13:05:37,4700.0,5000.0,2468835.0
57,2021-10-06 13:05:36,4700.0,400.0,2463835.0
58,2021-10-06 13:05:30,4700.0,5000.0,2463435.0
59,2021-10-06 13:05:26,4700.0,200.0,2458435.0
60,2021-10-06 13:05:25,4700.0,5000.0,2458235.0
61,2021-10-06 13:05:19,4700.0,1400.0,2453235.0
62,2021-10-06 13:05:14,4700.0,20000.0,2451835.0
63,2021-10-06 13:05:09,4700.0,30000.0,2431835.0
64,2021-10-06 13:04:59,4700.0,5000.0,2401835.0
65,2021-10-06 13:04:56,4700.0,900.0,2396835.0
66,2021-10-06 13:04:47,4700.0,6000.0,2395935.0
67,2021-10-06 13:04:35,4700.0,14000.0,2389935.0
68,2021-10-06 13:04:26,4700.0,20000.0,2375935.0
69,2021-10-06 13:04:18,4700.0,1000.0,2355935.0
70,2021-10-06 13:03:55,4700.0,1000.0,2354935.0
71,2021-10-06 13:03:44,4700.0,6600.0,2353935.0
72,2021-10-06 13:03:36,4700.0,5000.0,2347335.0
73,2021-10-06 13:02:48,4700.0,1300.0,2342335.0
74,2021-10-06 13:02:46,4600.0,40.0,2341035.0
75,2021-10-06 13:01:59,4600.0,2200.0,2340995.0
76,2021-10-06 13:01:10,4700.0,10000.0,2338795.0
77,2021-10-06 13:01:04,4700.0,10000.0,2328795.0
78,2021-10-06 13:00:36,4700.0,10000.0,2318795.0
79,2021-10-06 13:00:07,4700.0,25200.0,2308795.0
80,2021-10-06 13:00:05,4700.0,4300.0,2283595.0
81,2021-10-06 13:00:03,4700.0,116200.0,2279295.0
82,2021-10-06 13:00:02,4600.0,22000.0,2163095.0
83,2021-10-06 13:00:01,4700.0,71600.0,2141095.0
84,2021-10-06 13:00:00,4700.0,200.0,2069495.0
85,2021-10-06 11:29:53,4700.0,500.0,2069295.0
86,2021-10-06 11:29:45,4700.0,10000.0,2068795.0
87,2021-10-06 11:29:41,4700.0,1500.0,2058795.0
88,2021-10-06 11:29:29,4600.0,900.0,2057295.0
89,2021-10-06 11:28:25,4600.0,9000.0,2056395.0
90,2021-10-06 11:28:24,4600.0,10000.0,2047395.0
91,2021-10-06 11:28:18,4600.0,6000.0,2037395.0
92,2021-10-06 11:28:16,4600.0,10000.0,2031395.0
93,2021-10-06 11:28:15,4600.0,10000.0,2021395.0
94,2021-10-06 11:28:13,4600.0,1000.0,2011395.0
95,2021-10-06 11:28:12,4600.0,6000.0,2010395.0
96,2021-10-06 11:27:58,4600.0,5000.0,2004395.0
97,2021-10-06 11:27:55,4600.0,4000.0,1999395.0
98,2021-10-06 11:27:54,4600.0,2000.0,1995395.0
99,2021-10-06 11:27:52,4600.0,5000.0,1993395.0
100,2021-10-06 11:24:05,4600.0,2000.0,1988395.0
101,2021-10-06 11:24:00,4500.0,30000.0,1986395.0
102,2021-10-06 11:23:44,4600.0,3000.0,1956395.0
103,2021-10-06 11:22:15,4600.0,18700.0,1953395.0
104,2021-10-06 11:21:09,4600.0,500.0,1934695.0
105,2021-10-06 11:13:46,4600.0,200.0,1934195.0
106,2021-10-06 11:12:37,4600.0,1000.0,1933995.0
107,2021-10-06 11:12:23,4500.0,100000.0,1932995.0
108,2021-10-06 11:08:59,4600.0,1000.0,1832995.0
109,2021-10-06 11:08:58,4600.0,11000.0,1831995.0
110,2021-10-06 11:08:53,4600.0,1000.0,1820995.0
111,2021-10-06 11:07:14,4600.0,800.0,1819995.0
112,2021-10-06 11:06:51,4600.0,10000.0,1819195.0
113,2021-10-06 11:06:29,4600.0,1600.0,1809195.0
114,2021-10-06 11:06:14,4600.0,800.0,1807595.0
115,2021-10-06 10:57:44,4600.0,200.0,1806795.0
116,2021-10-06 10:57:32,4600.0,100.0,1806595.0
117,2021-10-06 10:55:46,4600.0,7000.0,1806495.0
118,2021-10-06 10:52:35,4600.0,1800.0,1799495.0
119,2021-10-06 10:46:13,4600.0,1800.0,1797695.0
120,2021-10-06 10:43:48,4600.0,7400.0,1795895.0
121,2021-10-06 10:43:32,4600.0,400.0,1788495.0
122,2021-10-06 10:43:14,4600.0,200.0,1788095.0
123,2021-10-06 10:42:22,4600.0,2000.0,1787895.0
124,2021-10-06 10:41:23,4600.0,3000.0,1785895.0
125,2021-10-06 10:40:22,4600.0,3300.0,1782895.0
126,2021-10-06 10:39:59,4600.0,100.0,1779595.0
127,2021-10-06 10:39:10,4600.0,100.0,1779495.0
128,2021-10-06 10:39:05,4600.0,16700.0,1779395.0
129,2021-10-06 10:38:53,4700.0,500.0,1762695.0
130,2021-10-06 10:38:27,4600.0,700.0,1762195.0
131,2021-10-06 10:38:19,4600.0,100.0,1761495.0
132,2021-10-06 10:38:17,4600.0,100.0,1761395.0
133,2021-10-06 10:37:51,4600.0,100.0,1761295.0
134,2021-10-06 10:37:39,4600.0,2000.0,1761195.0
135,2021-10-06 10:37:24,4700.0,2000.0,1759195.0
136,2021-10-06 10:37:15,4600.0,100.0,1757195.0
137,2021-10-06 10:36:31,4600.0,5000.0,1757095.0
138,2021-10-06 10:34:52,4600.0,3000.0,1752095.0
139,2021-10-06 10:34:14,4600.0,2000.0,1749095.0
140,2021-10-06 10:34:08,4600.0,400.0,1747095.0
141,2021-10-06 10:33:15,4600.0,15000.0,1746695.0
142,2021-10-06 10:32:51,4600.0,200.0,1731695.0
143,2021-10-06 10:32:43,4600.0,5000.0,1731495.0
144,2021-10-06 10:32:31,4600.0,6000.0,1726495.0
145,2021-10-06 10:32:17,4600.0,6000.0,1720495.0
146,2021-10-06 10:31:53,4600.0,20000.0,1714495.0
147,2021-10-06 10:28:08,4600.0,1400.0,1694495.0
148,2021-10-06 10:27:08,4600.0,100.0,1693095.0
149,2021-10-06 10:26:42,4600.0,300.0,1692995.0
150,2021-10-06 10:25:11,4600.0,100.0,1692695.0
151,2021-10-06 10:24:37,4500.0,100.0,1692595.0
152,2021-10-06 10:24:17,4600.0,1000.0,1692495.0
153,2021-10-06 10:23:52,4600.0,10000.0,1691495.0
154,2021-10-06 10:22:31,4600.0,100.0,1681495.0
155,2021-10-06 10:21:56,4600.0,3900.0,1681395.0
156,2021-10-06 10:21:41,4600.0,800.0,1677495.0
157,2021-10-06 10:21:37,4600.0,2000.0,1676695.0
158,2021-10-06 10:21:24,4600.0,500.0,1674695.0
159,2021-10-06 10:20:12,4600.0,7400.0,1674195.0
160,2021-10-06 10:20:00,4600.0,800.0,1666795.0
161,2021-10-06 10:19:54,4600.0,3200.0,1665995.0
162,2021-10-06 10:19:29,4600.0,4000.0,1662795.0
163,2021-10-06 10:19:28,4600.0,4000.0,1658795.0
164,2021-10-06 10:19:21,4600.0,300.0,1654795.0
165,2021-10-06 10:18:50,4600.0,500.0,1654495.0
166,2021-10-06 10:18:34,4600.0,100.0,1653995.0
167,2021-10-06 10:17:28,4600.0,4100.0,1653895.0
168,2021-10-06 10:17:06,4600.0,10000.0,1649795.0
169,2021-10-06 10:16:41,4600.0,6400.0,1639795.0
170,2021-10-06 10:16:20,4600.0,10000.0,1633395.0
171,2021-10-06 10:15:28,4600.0,300.0,1623395.0
172,2021-10-06 10:14:55,4600.0,200.0,1623095.0
173,2021-10-06 10:13:58,4600.0,1000.0,1622895.0
174,2021-10-06 10:13:13,4600.0,1000.0,1621895.0
175,2021-10-06 10:12:41,4600.0,300.0,1620895.0
176,2021-10-06 10:12:03,4600.0,500.0,1620595.0
177,2021-10-06 10:11:57,4600.0,500.0,1620095.0
178,2021-10-06 10:11:50,4600.0,2000.0,1619595.0
179,2021-10-06 10:11:37,4600.0,2000.0,1617595.0
180,2021-10-06 10:11:31,4600.0,1200.0,1615595.0
181,2021-10-06 10:10:49,4600.0,300.0,1614395.0
182,2021-10-06 10:10:34,4600.0,1000.0,1614095.0
183,2021-10-06 10:09:43,4600.0,10000.0,1613095.0
184,2021-10-06 10:09:39,4600.0,600.0,1603095.0
185,2021-10-06 10:07:37,4600.0,1000.0,1602495.0
186,2021-10-06 10:07:18,4700.0,200.0,1601495.0
187,2021-10-06 10:06:47,4600.0,1900.0,1601295.0
188,2021-10-06 10:06:29,4600.0,2000.0,1599395.0
189,2021-10-06 10:05:59,4600.0,3000.0,1597395.0
190,2021-10-06 10:04:11,4700.0,400.0,1594395.0
191,2021-10-06 10:03:55,4700.0,500.0,1593995.0
192,2021-10-06 10:03:39,4600.0,3300.0,1593495.0
193,2021-10-06 10:03:15,4700.0,5.0,1590195.0
194,2021-10-06 10:02:35,4700.0,1700.0,1590190.0
195,2021-10-06 10:02:15,4700.0,1800.0,1588490.0
196,2021-10-06 10:00:52,4700.0,200.0,1586690.0
197,2021-10-06 10:00:49,4700.0,400.0,1586490.0
198,2021-10-06 10:00:34,4700.0,2100.0,1586090.0
199,2021-10-06 10:00:08,4700.0,1100.0,1583990.0
200,2021-10-06 10:00:07,4600.0,1000.0,1582890.0
201,2021-10-06 09:59:51,4700.0,1600.0,1581890.0
202,2021-10-06 09:58:14,4700.0,100.0,1580290.0
203,2021-10-06 09:56:26,4600.0,100.0,1580190.0
204,2021-10-06 09:56:11,4600.0,60.0,1580090.0
205,2021-10-06 09:55:47,4600.0,2000.0,1580030.0
206,2021-10-06 09:55:44,4700.0,100.0,1578030.0
207,2021-10-06 09:55:27,4700.0,200.0,1577930.0
208,2021-10-06 09:54:57,4600.0,500.0,1577730.0
209,2021-10-06 09:54:53,4600.0,5000.0,1577230.0
210,2021-10-06 09:54:40,4600.0,5000.0,1572230.0
211,2021-10-06 09:54:15,4600.0,4000.0,1567230.0
212,2021-10-06 09:54:14,4600.0,10000.0,1563230.0
213,2021-10-06 09:54:01,4600.0,400.0,1553230.0
214,2021-10-06 09:53:19,4600.0,10200.0,1552830.0
215,2021-10-06 09:53:16,4600.0,1900.0,1542630.0
216,2021-10-06 09:53:10,4600.0,2700.0,1540730.0
217,2021-10-06 09:52:59,4600.0,3000.0,1538030.0
218,2021-10-06 09:52:58,4600.0,2000.0,1535030.0
219,2021-10-06 09:52:51,4600.0,6000.0,1533030.0
220,2021-10-06 09:52:45,4600.0,50000.0,1527030.0
221,2021-10-06 09:52:13,4600.0,5000.0,1477030.0
222,2021-10-06 09:50:14,4600.0,1500.0,1472030.0
223,2021-10-06 09:50:13,4600.0,1000.0,1470530.0
224,2021-10-06 09:49:24,4600.0,100.0,1469530.0
225,2021-10-06 09:48:58,4600.0,9400.0,1469430.0
226,2021-10-06 09:48:49,4600.0,300.0,1460030.0
227,2021-10-06 09:48:44,4600.0,1500.0,1459730.0
228,2021-10-06 09:48:37,4600.0,10000.0,1458230.0
229,2021-10-06 09:47:51,4600.0,3000.0,1448230.0
230,2021-10-06 09:47:45,4600.0,1000.0,1445230.0
231,2021-10-06 09:46:36,4600.0,29800.0,1444230.0
232,2021-10-06 09:46:34,4600.0,14000.0,1414430.0
233,2021-10-06 09:46:25,4600.0,6700.0,1400430.0
234,2021-10-06 09:46:23,4600.0,2000.0,1393730.0
235,2021-10-06 09:46:21,4600.0,17500.0,1391730.0
236,2021-10-06 09:45:49,4600.0,50000.0,1374230.0
237,2021-10-06 09:45:31,4600.0,1100.0,1324230.0
238,2021-10-06 09:45:00,4700.0,200.0,1323130.0
239,2021-10-06 09:44:25,4600.0,12000.0,1322930.0
240,2021-10-06 09:43:47,4600.0,1000.0,1310930.0
241,2021-10-06 09:43:38,4600.0,2000.0,1309930.0
242,2021-10-06 09:43:23,4600.0,200.0,1307930.0
243,2021-10-06 09:42:40,4600.0,2000.0,1307730.0
244,2021-10-06 09:42:33,4600.0,1400.0,1305730.0
245,2021-10-06 09:42:20,4600.0,5000.0,1304330.0
246,2021-10-06 09:41:40,4600.0,1000.0,1299330.0
247,2021-10-06 09:40:43,4700.0,100.0,1298330.0
248,2021-10-06 09:40:24,4700.0,2000.0,1298230.0
249,2021-10-06 09:40:04,4700.0,30000.0,1296230.0
250,2021-10-06 09:39:49,4700.0,5000.0,1266230.0
251,2021-10-06 09:38:53,4700.0,6000.0,1261230.0
252,2021-10-06 09:38:22,4600.0,400.0,1255230.0
253,2021-10-06 09:38:15,4600.0,2000.0,1254830.0
254,2021-10-06 09:37:59,4700.0,100.0,1252830.0
255,2021-10-06 09:37:31,4600.0,900.0,1252730.0
256,2021-10-06 09:36:31,4600.0,1000.0,1251830.0
257,2021-10-06 09:36:13,4600.0,1500.0,1250830.0
258,2021-10-06 09:36:12,4700.0,1000.0,1249330.0
259,2021-10-06 09:35:48,4600.0,2000.0,1248330.0
260,2021-10-06 09:35:29,4600.0,1000.0,1246330.0
261,2021-10-06 09:34:39,4600.0,2300.0,1245330.0
262,2021-10-06 09:34:37,4700.0,2000.0,1243030.0
263,2021-10-06 09:34:17,4600.0,600.0,1241030.0
264,2021-10-06 09:34:08,4700.0,3000.0,1240430.0
265,2021-10-06 09:33:41,4700.0,300.0,1237430.0
266,2021-10-06 09:33:23,4700.0,100.0,1237130.0
267,2021-10-06 09:33:10,4700.0,1000.0,1237030.0
268,2021-10-06 09:32:50,4700.0,300.0,1236030.0
269,2021-10-06 09:32:32,4700.0,1000.0,1235730.0
270,2021-10-06 09:32:07,4700.0,1000.0,1234730.0
271,2021-10-06 09:32:06,4600.0,1000.0,1233730.0
272,2021-10-06 09:31:32,4600.0,1000.0,1232730.0
273,2021-10-06 09:31:20,4700.0,200.0,1231730.0
274,2021-10-06 09:31:18,4700.0,1000.0,1231530.0
275,2021-10-06 09:31:17,4700.0,1600.0,1230530.0
276,2021-10-06 09:31:03,4600.0,100.0,1228930.0
277,2021-10-06 09:30:36,4700.0,2800.0,1228830.0
278,2021-10-06 09:29:59,4700.0,1000.0,1226030.0
279,2021-10-06 09:29:01,4700.0,2000.0,1225030.0
280,2021-10-06 09:29:00,4700.0,1200.0,1223030.0
281,2021-10-06 09:28:55,4700.0,20900.0,1221830.0
282,2021-10-06 09:28:54,4700.0,5200.0,1200930.0
283,2021-10-06 09:28:53,4700.0,500.0,1195730.0
284,2021-10-06 09:28:52,4700.0,13000.0,1195230.0
285,2021-10-06 09:28:49,4700.0,10000.0,1182230.0
286,2021-10-06 09:28:47,4700.0,2500.0,1172230.0
287,2021-10-06 09:28:38,4700.0,2000.0,1169730.0
288,2021-10-06 09:28:35,4700.0,2700.0,1167730.0
289,2021-10-06 09:28:31,4700.0,300.0,1165030.0
290,2021-10-06 09:28:27,4700.0,2200.0,1164730.0
291,2021-10-06 09:28:24,4700.0,900.0,1162530.0
292,2021-10-06 09:28:23,4700.0,11800.0,1161630.0
293,2021-10-06 09:28:19,4700.0,100.0,1149830.0
294,2021-10-06 09:28:11,4700.0,100.0,1149730.0
295,2021-10-06 09:28:03,4700.0,9900.0,1149630.0
296,2021-10-06 09:28:02,4700.0,5000.0,1139730.0
297,2021-10-06 09:27:57,4700.0,2000.0,1134730.0
298,2021-10-06 09:27:48,4700.0,5000.0,1132730.0
299,2021-10-06 09:27:47,4700.0,1500.0,1127730.0
300,2021-10-06 09:27:34,4700.0,10000.0,1126230.0
301,2021-10-06 09:27:32,4700.0,5000.0,1116230.0
302,2021-10-06 09:27:20,4700.0,5000.0,1111230.0
303,2021-10-06 09:27:19,4700.0,2500.0,1106230.0
304,2021-10-06 09:27:12,4700.0,5000.0,1103730.0
305,2021-10-06 09:27:11,4700.0,5000.0,1098730.0
306,2021-10-06 09:27:02,4700.0,5000.0,1093730.0
307,2021-10-06 09:27:01,4700.0,100.0,1088730.0
308,2021-10-06 09:26:53,4700.0,900.0,1088630.0
309,2021-10-06 09:26:50,4700.0,5000.0,1087730.0
310,2021-10-06 09:26:44,4700.0,4500.0,1082730.0
311,2021-10-06 09:26:43,4700.0,200.0,1078230.0
312,2021-10-06 09:26:38,4700.0,1000.0,1078030.0
313,2021-10-06 09:26:35,4700.0,200.0,1077030.0
314,2021-10-06 09:26:34,4700.0,10000.0,1076830.0
315,2021-10-06 09:26:32,4700.0,300.0,1066830.0
316,2021-10-06 09:26:24,4700.0,100.0,1066530.0
317,2021-10-06 09:26:21,4700.0,400.0,1066430.0
318,2021-10-06 09:25:59,4700.0,2000.0,1066030.0
319,2021-10-06 09:25:46,4700.0,700.0,1064030.0
320,2021-10-06 09:25:41,4700.0,600.0,1063330.0
321,2021-10-06 09:25:33,4700.0,100.0,1062730.0
322,2021-10-06 09:25:25,4700.0,6000.0,1062630.0
323,2021-10-06 09:25:22,4700.0,10000.0,1056630.0
324,2021-10-06 09:25:10,4700.0,2000.0,1046630.0
325,2021-10-06 09:24:56,4700.0,100300.0,1044630.0
326,2021-10-06 09:24:55,4700.0,300.0,944330.0
327,2021-10-06 09:24:54,4700.0,1000.0,944030.0
328,2021-10-06 09:24:53,4700.0,700.0,943030.0
329,2021-10-06 09:24:46,4700.0,500.0,942330.0
330,2021-10-06 09:24:42,4700.0,3000.0,941830.0
331,2021-10-06 09:24:40,4700.0,4000.0,938830.0
332,2021-10-06 09:24:39,4700.0,10000.0,934830.0
333,2021-10-06 09:24:34,4700.0,26200.0,924830.0
334,2021-10-06 09:24:33,4700.0,4000.0,898630.0
335,2021-10-06 09:24:32,4700.0,1000.0,894630.0
336,2021-10-06 09:24:31,4700.0,5000.0,893630.0
337,2021-10-06 09:24:30,4700.0,1000.0,888630.0
338,2021-10-06 09:24:26,4700.0,150000.0,887630.0
339,2021-10-06 09:24:23,4700.0,10000.0,737630.0
340,2021-10-06 09:24:20,4700.0,2000.0,727630.0
341,2021-10-06 09:24:16,4700.0,63000.0,725630.0
342,2021-10-06 09:24:11,4700.0,20000.0,662630.0
343,2021-10-06 09:24:09,4700.0,200.0,642630.0
344,2021-10-06 09:24:01,4700.0,2000.0,642430.0
345,2021-10-06 09:23:51,4700.0,7000.0,640430.0
346,2021-10-06 09:23:48,4700.0,9000.0,633430.0
347,2021-10-06 09:23:47,4700.0,5000.0,624430.0
348,2021-10-06 09:23:41,4700.0,40000.0,619430.0
349,2021-10-06 09:23:40,4700.0,7000.0,579430.0
350,2021-10-06 09:23:36,4600.0,200.0,572430.0
351,2021-10-06 09:23:35,4700.0,12000.0,572230.0
352,2021-10-06 09:23:34,4700.0,500.0,560230.0
353,2021-10-06 09:23:30,4700.0,1000.0,559730.0
354,2021-10-06 09:23:28,4600.0,100.0,558730.0
355,2021-10-06 09:23:26,4700.0,15000.0,558630.0
356,2021-10-06 09:23:23,4700.0,10000.0,543630.0
357,2021-10-06 09:22:55,4600.0,3500.0,533630.0
358,2021-10-06 09:22:45,4600.0,1000.0,530130.0
359,2021-10-06 09:22:43,4600.0,1000.0,529130.0
360,2021-10-06 09:22:41,4700.0,97000.0,528130.0
361,2021-10-06 09:22:26,4600.0,200.0,431130.0
362,2021-10-06 09:22:23,4600.0,3000.0,430930.0
363,2021-10-06 09:21:54,4600.0,1000.0,427930.0
364,2021-10-06 09:21:44,4700.0,1000.0,426930.0
365,2021-10-06 09:21:17,4700.0,30.0,425930.0
366,2021-10-06 09:20:45,4700.0,30000.0,425900.0
367,2021-10-06 09:20:42,4600.0,1000.0,395900.0
368,2021-10-06 09:20:17,4600.0,600.0,394900.0
369,2021-10-06 09:20:07,4700.0,1000.0,394300.0
370,2021-10-06 09:20:05,4700.0,3600.0,393300.0
371,2021-10-06 09:19:57,4700.0,5000.0,389700.0
372,2021-10-06 09:19:55,4700.0,1000.0,384700.0
373,2021-10-06 09:19:47,4700.0,1000.0,383700.0
374,2021-10-06 09:19:41,4700.0,1000.0,382700.0
375,2021-10-06 09:19:39,4700.0,10000.0,381700.0
376,2021-10-06 09:19:36,4700.0,1000.0,371700.0
377,2021-10-06 09:19:31,4700.0,1000.0,370700.0
378,2021-10-06 09:19:29,4700.0,5000.0,369700.0
379,2021-10-06 09:19:23,4700.0,5000.0,364700.0
380,2021-10-06 09:19:08,4600.0,34800.0,359700.0
381,2021-10-06 09:19:07,4600.0,5100.0,324900.0
382,2021-10-06 09:19:05,4600.0,30000.0,319800.0
383,2021-10-06 09:19:04,4600.0,2100.0,289800.0
384,2021-10-06 09:19:02,4600.0,2000.0,287700.0
385,2021-10-06 09:18:59,4600.0,1000.0,285700.0
386,2021-10-06 09:18:58,4600.0,500.0,284700.0
387,2021-10-06 09:18:57,4600.0,9000.0,284200.0
388,2021-10-06 09:18:53,4600.0,6000.0,275200.0
389,2021-10-06 09:18:43,4600.0,4800.0,269200.0
390,2021-10-06 09:18:31,4500.0,1200.0,264400.0
391,2021-10-06 09:18:30,4500.0,4000.0,263200.0
392,2021-10-06 09:18:29,4500.0,50000.0,259200.0
393,2021-10-06 09:18:26,4500.0,13600.0,209200.0
394,2021-10-06 09:18:24,4500.0,4500.0,195600.0
395,2021-10-06 09:18:22,4500.0,5000.0,191100.0
396,2021-10-06 09:18:19,4500.0,1000.0,186100.0
397,2021-10-06 09:18:18,4500.0,2000.0,185100.0
398,2021-10-06 09:18:15,4500.0,2000.0,183100.0
399,2021-10-06 09:18:13,4500.0,6700.0,181100.0
400,2021-10-06 09:18:07,4500.0,3000.0,174400.0
401,2021-10-06 09:18:06,4500.0,6000.0,171400.0
402,2021-10-06 09:18:05,4500.0,6000.0,165400.0
403,2021-10-06 09:17:58,4400.0,100.0,159400.0
404,2021-10-06 09:17:29,4500.0,20000.0,159300.0
405,2021-10-06 09:17:16,4500.0,2000.0,139300.0
406,2021-10-06 09:16:41,4500.0,200.0,137300.0
407,2021-10-06 09:16:22,4500.0,1000.0,137100.0
408,2021-10-06 09:15:25,4400.0,1000.0,136100.0
409,2021-10-06 09:15:02,4400.0,5000.0,135100.0
410,2021-10-06 09:14:49,4500.0,500.0,130100.0
411,2021-10-06 09:14:37,4400.0,500.0,129600.0
412,2021-10-06 09:13:54,4400.0,1000.0,129100.0
413,2021-10-06 09:13:41,4400.0,6000.0,128100.0
414,2021-10-06 09:13:21,4400.0,3100.0,122100.0
415,2021-10-06 09:13:10,4400.0,3100.0,119000.0
416,2021-10-06 09:12:16,4400.0,400.0,115900.0
417,2021-10-06 09:12:04,4400.0,5000.0,115500.0
418,2021-10-06 09:11:49,4400.0,9200.0,110500.0
419,2021-10-06 09:11:46,4400.0,5000.0,101300.0
420,2021-10-06 09:11:15,4400.0,500.0,96300.0
421,2021-10-06 09:10:34,4500.0,100.0,95800.0
422,2021-10-06 09:10:32,4400.0,500.0,95700.0
423,2021-10-06 09:10:23,4400.0,1200.0,95200.0
424,2021-10-06 09:10:21,4400.0,2000.0,94000.0
425,2021-10-06 09:10:15,4400.0,14000.0,92000.0
426,2021-10-06 09:10:09,4400.0,1400.0,78000.0
427,2021-10-06 09:10:00,4400.0,5000.0,76600.0
428,2021-10-06 09:09:54,4400.0,5000.0,71600.0
429,2021-10-06 09:09:37,4400.0,2800.0,66600.0
430,2021-10-06 09:09:16,4400.0,1800.0,63800.0
431,2021-10-06 09:09:14,4400.0,900.0,62000.0
432,2021-10-06 09:08:59,4400.0,200.0,61100.0
433,2021-10-06 09:08:26,4400.0,4000.0,60900.0
434,2021-10-06 09:08:05,4400.0,4000.0,56900.0
435,2021-10-06 09:07:29,4400.0,600.0,52900.0
436,2021-10-06 09:07:25,4400.0,100.0,52300.0
437,2021-10-06 09:07:15,4400.0,5000.0,52200.0
438,2021-10-06 09:07:13,4400.0,4000.0,47200.0
439,2021-10-06 09:06:26,4400.0,5000.0,43200.0
440,2021-10-06 09:06:18,4400.0,800.0,38200.0
441,2021-10-06 09:06:11,4300.0,100.0,37400.0
442,2021-10-06 09:05:13,4400.0,6000.0,37300.0
443,2021-10-06 09:04:57,4300.0,6400.0,31300.0
444,2021-10-06 09:04:13,4300.0,600.0,24900.0
445,2021-10-06 09:00:26,4300.0,200.0,24300.0
446,2021-10-06 09:00:25,4300.0,1800.0,24100.0
447,2021-10-06 09:00:19,4300.0,100.0,22300.0
448,2021-10-06 09:00:09,4300.0,2600.0,22200.0
449,2021-10-06 09:00:06,4300.0,400.0,19600.0
450,2021-10-06 09:00:04,4300.0,17200.0,19200.0
451,2021-10-06 09:00:03,4300.0,2000.0,2000.0
