,Time,Price,Volume_per_trade,Volume
0,2021-10-20 14:45:03,8700.0,114600.0,5400201.0
1,2021-10-20 14:29:57,8600.0,3000.0,5285601.0
2,2021-10-20 14:29:56,8600.0,7100.0,5282601.0
3,2021-10-20 14:29:55,8600.0,100.0,5275501.0
4,2021-10-20 14:29:51,8600.0,5000.0,5275401.0
5,2021-10-20 14:29:50,8600.0,4900.0,5270401.0
6,2021-10-20 14:29:48,8600.0,200.0,5265501.0
7,2021-10-20 14:29:47,8600.0,500.0,5265301.0
8,2021-10-20 14:29:45,8600.0,4000.0,5264801.0
9,2021-10-20 14:29:43,8600.0,2700.0,5260801.0
10,2021-10-20 14:29:40,8600.0,300.0,5258101.0
11,2021-10-20 14:29:33,8600.0,100.0,5257801.0
12,2021-10-20 14:29:21,8600.0,500.0,5257701.0
13,2021-10-20 14:29:08,8500.0,40900.0,5257201.0
14,2021-10-20 14:28:51,8500.0,1000.0,5216301.0
15,2021-10-20 14:28:50,8500.0,100.0,5215301.0
16,2021-10-20 14:28:43,8500.0,10000.0,5215201.0
17,2021-10-20 14:28:42,8500.0,1000.0,5205201.0
18,2021-10-20 14:28:35,8500.0,1500.0,5204201.0
19,2021-10-20 14:28:28,8500.0,1000.0,5202701.0
20,2021-10-20 14:28:20,8500.0,500.0,5201701.0
21,2021-10-20 14:28:17,8500.0,8000.0,5201201.0
22,2021-10-20 14:28:14,8500.0,3500.0,5193201.0
23,2021-10-20 14:28:13,8500.0,300.0,5189701.0
24,2021-10-20 14:27:52,8500.0,2000.0,5189401.0
25,2021-10-20 14:27:51,8500.0,5000.0,5187401.0
26,2021-10-20 14:27:46,8500.0,2000.0,5182401.0
27,2021-10-20 14:27:44,8500.0,2000.0,5180401.0
28,2021-10-20 14:27:40,8500.0,1000.0,5178401.0
29,2021-10-20 14:27:32,8500.0,5000.0,5177401.0
30,2021-10-20 14:27:28,8500.0,3800.0,5172401.0
31,2021-10-20 14:27:26,8400.0,1000.0,5168601.0
32,2021-10-20 14:27:23,8500.0,1200.0,5167601.0
33,2021-10-20 14:27:17,8400.0,5000.0,5166401.0
34,2021-10-20 14:27:12,8400.0,900.0,5161401.0
35,2021-10-20 14:27:08,8400.0,12900.0,5160501.0
36,2021-10-20 14:27:07,8400.0,2100.0,5147601.0
37,2021-10-20 14:27:02,8500.0,6000.0,5145501.0
38,2021-10-20 14:26:56,8500.0,5000.0,5139501.0
39,2021-10-20 14:26:54,8500.0,2000.0,5134501.0
40,2021-10-20 14:26:51,8500.0,1000.0,5132501.0
41,2021-10-20 14:26:49,8500.0,500.0,5131501.0
42,2021-10-20 14:26:46,8500.0,900.0,5131001.0
43,2021-10-20 14:26:44,8500.0,1200.0,5130101.0
44,2021-10-20 14:26:30,8500.0,4100.0,5128901.0
45,2021-10-20 14:26:21,8500.0,1000.0,5124801.0
46,2021-10-20 14:26:11,8500.0,5500.0,5123801.0
47,2021-10-20 14:26:09,8500.0,200.0,5118301.0
48,2021-10-20 14:26:08,8500.0,2000.0,5118101.0
49,2021-10-20 14:25:49,8500.0,1000.0,5116101.0
50,2021-10-20 14:25:36,8500.0,7000.0,5115101.0
51,2021-10-20 14:25:25,8500.0,7900.0,5108101.0
52,2021-10-20 14:25:21,8500.0,7000.0,5100201.0
53,2021-10-20 14:25:15,8500.0,1000.0,5093201.0
54,2021-10-20 14:25:10,8500.0,2500.0,5092201.0
55,2021-10-20 14:25:04,8500.0,200.0,5089701.0
56,2021-10-20 14:24:57,8500.0,200.0,5089501.0
57,2021-10-20 14:24:41,8500.0,100.0,5089301.0
58,2021-10-20 14:24:38,8500.0,1000.0,5089201.0
59,2021-10-20 14:24:36,8400.0,500.0,5088201.0
60,2021-10-20 14:24:31,8500.0,500.0,5087701.0
61,2021-10-20 14:24:22,8400.0,6900.0,5087201.0
62,2021-10-20 14:24:06,8500.0,200.0,5080301.0
63,2021-10-20 14:24:02,8500.0,1000.0,5080101.0
64,2021-10-20 14:23:38,8500.0,200.0,5079101.0
65,2021-10-20 14:23:20,8500.0,1500.0,5078901.0
66,2021-10-20 14:22:54,8500.0,2000.0,5077401.0
67,2021-10-20 14:22:52,8500.0,1100.0,5075401.0
68,2021-10-20 14:22:49,8500.0,1200.0,5074301.0
69,2021-10-20 14:22:47,8500.0,500.0,5073101.0
70,2021-10-20 14:22:46,8500.0,900.0,5072601.0
71,2021-10-20 14:22:41,8500.0,3000.0,5071701.0
72,2021-10-20 14:22:37,8500.0,300.0,5068701.0
73,2021-10-20 14:22:24,8500.0,1200.0,5068401.0
74,2021-10-20 14:22:22,8400.0,100.0,5067201.0
75,2021-10-20 14:22:12,8400.0,6600.0,5067101.0
76,2021-10-20 14:22:07,8500.0,5000.0,5060501.0
77,2021-10-20 14:21:45,8500.0,16000.0,5055501.0
78,2021-10-20 14:21:43,8500.0,1100.0,5039501.0
79,2021-10-20 14:21:34,8500.0,200.0,5038401.0
80,2021-10-20 14:21:17,8400.0,5000.0,5038201.0
81,2021-10-20 14:21:09,8400.0,1000.0,5033201.0
82,2021-10-20 14:21:02,8500.0,4000.0,5032201.0
83,2021-10-20 14:20:59,8500.0,3200.0,5028201.0
84,2021-10-20 14:20:51,8500.0,2500.0,5025001.0
85,2021-10-20 14:20:49,8400.0,1000.0,5022501.0
86,2021-10-20 14:20:48,8500.0,20000.0,5021501.0
87,2021-10-20 14:20:41,8500.0,1200.0,5001501.0
88,2021-10-20 14:20:32,8400.0,600.0,5000301.0
89,2021-10-20 14:20:29,8400.0,2000.0,4999701.0
90,2021-10-20 14:20:24,8400.0,1000.0,4997701.0
91,2021-10-20 14:20:22,8400.0,200.0,4996701.0
92,2021-10-20 14:20:13,8400.0,5900.0,4996501.0
93,2021-10-20 14:20:10,8400.0,700.0,4990601.0
94,2021-10-20 14:20:03,8400.0,27000.0,4989901.0
95,2021-10-20 14:19:57,8400.0,300.0,4962901.0
96,2021-10-20 14:19:35,8400.0,400.0,4962601.0
97,2021-10-20 14:19:28,8400.0,500.0,4962201.0
98,2021-10-20 14:19:17,8400.0,1000.0,4961701.0
99,2021-10-20 14:19:12,8400.0,2500.0,4960701.0
100,2021-10-20 14:19:11,8400.0,5000.0,4958201.0
101,2021-10-20 14:19:02,8400.0,300.0,4953201.0
102,2021-10-20 14:18:52,8400.0,2500.0,4952901.0
103,2021-10-20 14:18:47,8400.0,200.0,4950401.0
104,2021-10-20 14:18:42,8400.0,3800.0,4950201.0
105,2021-10-20 14:18:37,8400.0,5000.0,4946401.0
106,2021-10-20 14:18:36,8400.0,100.0,4941401.0
107,2021-10-20 14:18:35,8400.0,500.0,4941301.0
108,2021-10-20 14:18:30,8400.0,5000.0,4940801.0
109,2021-10-20 14:17:57,8400.0,2300.0,4935801.0
110,2021-10-20 14:17:53,8400.0,9300.0,4933501.0
111,2021-10-20 14:17:34,8400.0,9200.0,4924201.0
112,2021-10-20 14:17:31,8400.0,500.0,4915001.0
113,2021-10-20 14:17:25,8400.0,3000.0,4914501.0
114,2021-10-20 14:17:15,8500.0,2700.0,4911501.0
115,2021-10-20 14:16:55,8400.0,10000.0,4908801.0
116,2021-10-20 14:16:50,8400.0,3400.0,4898801.0
117,2021-10-20 14:16:44,8400.0,900.0,4895401.0
118,2021-10-20 14:16:43,8400.0,700.0,4894501.0
119,2021-10-20 14:16:38,8400.0,1500.0,4893801.0
120,2021-10-20 14:16:35,8400.0,1000.0,4892301.0
121,2021-10-20 14:16:18,8400.0,1000.0,4891301.0
122,2021-10-20 14:16:14,8300.0,900.0,4890301.0
123,2021-10-20 14:16:12,8400.0,1000.0,4889401.0
124,2021-10-20 14:16:03,8400.0,100.0,4888401.0
125,2021-10-20 14:15:45,8300.0,1000.0,4888301.0
126,2021-10-20 14:15:40,8300.0,100.0,4887301.0
127,2021-10-20 14:15:39,8400.0,8000.0,4887201.0
128,2021-10-20 14:15:19,8300.0,1000.0,4879201.0
129,2021-10-20 14:15:08,8200.0,9300.0,4878201.0
130,2021-10-20 14:15:01,8200.0,1200.0,4868901.0
131,2021-10-20 14:15:00,8200.0,600.0,4867701.0
132,2021-10-20 14:14:56,8200.0,1000.0,4867101.0
133,2021-10-20 14:14:53,8200.0,5000.0,4866101.0
134,2021-10-20 14:14:41,8200.0,200.0,4861101.0
135,2021-10-20 14:14:21,8100.0,500.0,4860901.0
136,2021-10-20 14:14:07,8000.0,3000.0,4860401.0
137,2021-10-20 14:14:01,8000.0,10000.0,4857401.0
138,2021-10-20 14:13:58,8000.0,1000.0,4847401.0
139,2021-10-20 14:13:51,8000.0,1000.0,4846401.0
140,2021-10-20 14:13:47,8000.0,1800.0,4845401.0
141,2021-10-20 14:13:45,8000.0,500.0,4843601.0
142,2021-10-20 14:13:44,8000.0,200.0,4843101.0
143,2021-10-20 14:13:43,8000.0,5000.0,4842901.0
144,2021-10-20 14:13:42,8000.0,5700.0,4837901.0
145,2021-10-20 14:13:41,8000.0,13600.0,4832201.0
146,2021-10-20 14:13:40,8000.0,2000.0,4818601.0
147,2021-10-20 14:13:39,8000.0,200.0,4816601.0
148,2021-10-20 14:13:38,8000.0,700.0,4816401.0
149,2021-10-20 14:13:37,8000.0,5100.0,4815701.0
150,2021-10-20 14:13:36,8000.0,25200.0,4810601.0
151,2021-10-20 14:13:33,8000.0,5000.0,4785401.0
152,2021-10-20 14:13:29,8100.0,1300.0,4780401.0
153,2021-10-20 14:13:27,8100.0,5000.0,4779101.0
154,2021-10-20 14:13:22,8000.0,500.0,4774101.0
155,2021-10-20 14:13:17,8000.0,18100.0,4773601.0
156,2021-10-20 14:13:15,8000.0,1800.0,4755501.0
157,2021-10-20 14:13:13,8000.0,1000.0,4753701.0
158,2021-10-20 14:13:12,8000.0,1500.0,4752701.0
159,2021-10-20 14:13:11,8000.0,2000.0,4751201.0
160,2021-10-20 14:13:03,8000.0,2000.0,4749201.0
161,2021-10-20 14:13:01,8000.0,6200.0,4747201.0
162,2021-10-20 14:13:00,8000.0,1800.0,4741001.0
163,2021-10-20 14:12:57,8000.0,5000.0,4739201.0
164,2021-10-20 14:12:53,8000.0,5000.0,4734201.0
165,2021-10-20 14:12:52,7900.0,3000.0,4729201.0
166,2021-10-20 14:12:50,8000.0,300.0,4726201.0
167,2021-10-20 14:12:48,7900.0,5100.0,4725901.0
168,2021-10-20 14:12:46,8000.0,100.0,4720801.0
169,2021-10-20 14:12:41,8000.0,1600.0,4720701.0
170,2021-10-20 14:12:35,8000.0,2000.0,4719101.0
171,2021-10-20 14:12:33,8000.0,45800.0,4717101.0
172,2021-10-20 14:12:30,8100.0,1000.0,4671301.0
173,2021-10-20 14:12:27,8100.0,800.0,4670301.0
174,2021-10-20 14:12:25,8000.0,2900.0,4669501.0
175,2021-10-20 14:12:15,8100.0,15700.0,4666601.0
176,2021-10-20 14:12:12,8200.0,1500.0,4650901.0
177,2021-10-20 14:12:05,8200.0,300.0,4649401.0
178,2021-10-20 14:11:52,8200.0,500.0,4649101.0
179,2021-10-20 14:11:48,8100.0,5000.0,4648601.0
180,2021-10-20 14:11:44,8100.0,1000.0,4643601.0
181,2021-10-20 14:11:37,8200.0,31500.0,4642601.0
182,2021-10-20 14:11:31,8300.0,8100.0,4611101.0
183,2021-10-20 14:11:30,8400.0,200.0,4603001.0
184,2021-10-20 14:11:27,8400.0,4300.0,4602801.0
185,2021-10-20 14:11:24,8300.0,16000.0,4598501.0
186,2021-10-20 14:11:21,8400.0,18900.0,4582501.0
187,2021-10-20 14:11:19,8400.0,100400.0,4563601.0
188,2021-10-20 14:11:14,8400.0,1500.0,4463201.0
189,2021-10-20 14:11:06,8400.0,50000.0,4461701.0
190,2021-10-20 14:10:04,8400.0,3000.0,4411701.0
191,2021-10-20 14:10:00,8400.0,11800.0,4408701.0
192,2021-10-20 14:09:29,8500.0,500.0,4396901.0
193,2021-10-20 14:09:11,8500.0,2000.0,4396401.0
194,2021-10-20 14:09:01,8500.0,100.0,4394401.0
195,2021-10-20 14:08:44,8500.0,2000.0,4394301.0
196,2021-10-20 14:08:34,8500.0,1000.0,4392301.0
197,2021-10-20 14:08:27,8500.0,22800.0,4391301.0
198,2021-10-20 14:08:11,8600.0,5000.0,4368501.0
199,2021-10-20 14:08:01,8500.0,7700.0,4363501.0
200,2021-10-20 14:07:40,8500.0,100.0,4355801.0
201,2021-10-20 14:07:33,8500.0,5000.0,4355701.0
202,2021-10-20 14:07:27,8500.0,10000.0,4350701.0
203,2021-10-20 14:07:14,8600.0,200.0,4340701.0
204,2021-10-20 14:06:49,8600.0,200.0,4340501.0
205,2021-10-20 14:06:07,8500.0,4000.0,4340301.0
206,2021-10-20 14:06:04,8500.0,500.0,4336301.0
207,2021-10-20 14:05:57,8500.0,2200.0,4335801.0
208,2021-10-20 14:05:48,8500.0,900.0,4333601.0
209,2021-10-20 14:05:46,8500.0,500.0,4332701.0
210,2021-10-20 14:05:41,8500.0,1000.0,4332201.0
211,2021-10-20 14:05:39,8500.0,100.0,4331201.0
212,2021-10-20 14:05:33,8500.0,600.0,4331101.0
213,2021-10-20 14:05:27,8500.0,1000.0,4330501.0
214,2021-10-20 14:05:22,8500.0,100.0,4329501.0
215,2021-10-20 14:05:12,8500.0,1000.0,4329401.0
216,2021-10-20 14:05:10,8500.0,1000.0,4328401.0
217,2021-10-20 14:05:03,8500.0,5000.0,4327401.0
218,2021-10-20 14:05:01,8500.0,2000.0,4322401.0
219,2021-10-20 14:04:58,8500.0,500.0,4320401.0
220,2021-10-20 14:04:50,8500.0,1000.0,4319901.0
221,2021-10-20 14:04:46,8500.0,25300.0,4318901.0
222,2021-10-20 14:04:11,8500.0,25000.0,4293601.0
223,2021-10-20 14:04:03,8600.0,400.0,4268601.0
224,2021-10-20 14:03:37,8600.0,2000.0,4268201.0
225,2021-10-20 14:03:33,8600.0,600.0,4266201.0
226,2021-10-20 14:03:15,8600.0,700.0,4265601.0
227,2021-10-20 14:03:06,8500.0,20000.0,4264901.0
228,2021-10-20 14:03:05,8600.0,2000.0,4244901.0
229,2021-10-20 14:02:47,8600.0,500.0,4242901.0
230,2021-10-20 14:02:33,8600.0,600.0,4242401.0
231,2021-10-20 14:02:29,8600.0,900.0,4241801.0
232,2021-10-20 14:02:18,8600.0,20000.0,4240901.0
233,2021-10-20 14:02:17,8500.0,5500.0,4220901.0
234,2021-10-20 14:01:36,8500.0,300.0,4215401.0
235,2021-10-20 14:01:35,8500.0,14500.0,4215101.0
236,2021-10-20 14:01:32,8500.0,100.0,4200601.0
237,2021-10-20 14:01:31,8500.0,7000.0,4200501.0
238,2021-10-20 14:01:30,8500.0,3400.0,4193501.0
239,2021-10-20 14:01:27,8500.0,400.0,4190101.0
240,2021-10-20 14:01:25,8500.0,5000.0,4189701.0
241,2021-10-20 14:01:24,8500.0,900.0,4184701.0
242,2021-10-20 14:01:11,8500.0,900.0,4183801.0
243,2021-10-20 14:01:05,8500.0,5000.0,4182901.0
244,2021-10-20 14:00:54,8500.0,1000.0,4177901.0
245,2021-10-20 14:00:44,8500.0,2000.0,4176901.0
246,2021-10-20 14:00:38,8500.0,18000.0,4174901.0
247,2021-10-20 14:00:31,8500.0,400.0,4156901.0
248,2021-10-20 14:00:23,8500.0,24800.0,4156501.0
249,2021-10-20 14:00:11,8500.0,500.0,4131701.0
250,2021-10-20 14:00:02,8600.0,1000.0,4131201.0
251,2021-10-20 13:59:38,8500.0,100.0,4130201.0
252,2021-10-20 13:59:29,8500.0,11400.0,4130101.0
253,2021-10-20 13:59:22,8500.0,100.0,4118701.0
254,2021-10-20 13:58:55,8500.0,1000.0,4118601.0
255,2021-10-20 13:58:53,8500.0,500.0,4117601.0
256,2021-10-20 13:58:51,8500.0,100.0,4117101.0
257,2021-10-20 13:58:39,8500.0,2000.0,4117001.0
258,2021-10-20 13:58:37,8500.0,5000.0,4115001.0
259,2021-10-20 13:58:34,8500.0,2000.0,4110001.0
260,2021-10-20 13:58:27,8500.0,400.0,4108001.0
261,2021-10-20 13:58:17,8500.0,200.0,4107601.0
262,2021-10-20 13:58:11,8500.0,2000.0,4107401.0
263,2021-10-20 13:58:10,8500.0,2000.0,4105401.0
264,2021-10-20 13:57:55,8500.0,5000.0,4103401.0
265,2021-10-20 13:57:52,8500.0,100.0,4098401.0
266,2021-10-20 13:57:46,8500.0,2000.0,4098301.0
267,2021-10-20 13:57:40,8500.0,1000.0,4096301.0
268,2021-10-20 13:57:37,8500.0,100.0,4095301.0
269,2021-10-20 13:57:33,8400.0,5000.0,4095201.0
270,2021-10-20 13:57:29,8500.0,1200.0,4090201.0
271,2021-10-20 13:57:19,8500.0,4000.0,4089001.0
272,2021-10-20 13:57:15,8500.0,2300.0,4085001.0
273,2021-10-20 13:57:08,8500.0,5700.0,4082701.0
274,2021-10-20 13:56:57,8500.0,14300.0,4077001.0
275,2021-10-20 13:56:30,8500.0,3400.0,4062701.0
276,2021-10-20 13:56:14,8500.0,3000.0,4059301.0
277,2021-10-20 13:56:13,8500.0,5100.0,4056301.0
278,2021-10-20 13:56:11,8500.0,1000.0,4051201.0
279,2021-10-20 13:56:09,8500.0,1000.0,4050201.0
280,2021-10-20 13:56:07,8500.0,3000.0,4049201.0
281,2021-10-20 13:56:05,8500.0,10000.0,4046201.0
282,2021-10-20 13:55:51,8600.0,500.0,4036201.0
283,2021-10-20 13:55:35,8500.0,24000.0,4035701.0
284,2021-10-20 13:55:25,8500.0,500.0,4011701.0
285,2021-10-20 13:55:11,8500.0,2000.0,4011201.0
286,2021-10-20 13:54:48,8500.0,1900.0,4009201.0
287,2021-10-20 13:54:47,8500.0,600.0,4007301.0
288,2021-10-20 13:54:44,8500.0,500.0,4006701.0
289,2021-10-20 13:54:40,8500.0,500.0,4006201.0
290,2021-10-20 13:54:32,8500.0,1100.0,4005701.0
291,2021-10-20 13:54:24,8500.0,500.0,4004601.0
292,2021-10-20 13:54:22,8500.0,23000.0,4004101.0
293,2021-10-20 13:54:10,8500.0,10000.0,3981101.0
294,2021-10-20 13:53:45,8500.0,100.0,3971101.0
295,2021-10-20 13:53:38,8500.0,23300.0,3971001.0
296,2021-10-20 13:52:39,8600.0,3000.0,3947701.0
297,2021-10-20 13:52:28,8500.0,91500.0,3944701.0
298,2021-10-20 13:52:24,8600.0,4000.0,3853201.0
299,2021-10-20 13:52:16,8600.0,100.0,3849201.0
300,2021-10-20 13:51:05,8700.0,1000.0,3849101.0
301,2021-10-20 13:50:32,8700.0,100.0,3848101.0
302,2021-10-20 13:50:12,8600.0,900.0,3848001.0
303,2021-10-20 13:49:57,8600.0,20000.0,3847101.0
304,2021-10-20 13:49:30,8600.0,500.0,3827101.0
305,2021-10-20 13:49:15,8600.0,2000.0,3826601.0
306,2021-10-20 13:49:05,8700.0,100.0,3824601.0
307,2021-10-20 13:48:10,8600.0,400.0,3824501.0
308,2021-10-20 13:47:57,8600.0,5800.0,3824101.0
309,2021-10-20 13:47:52,8600.0,100.0,3818301.0
310,2021-10-20 13:47:42,8600.0,500.0,3818201.0
311,2021-10-20 13:47:39,8600.0,4000.0,3817701.0
312,2021-10-20 13:47:32,8600.0,3400.0,3813701.0
313,2021-10-20 13:47:24,8600.0,5000.0,3810301.0
314,2021-10-20 13:47:19,8700.0,300.0,3805301.0
315,2021-10-20 13:47:16,8700.0,100.0,3805001.0
316,2021-10-20 13:47:07,8600.0,35000.0,3804901.0
317,2021-10-20 13:46:44,8600.0,500.0,3769901.0
318,2021-10-20 13:46:32,8600.0,3500.0,3769401.0
319,2021-10-20 13:46:09,8600.0,300.0,3765901.0
320,2021-10-20 13:45:41,8700.0,1000.0,3765601.0
321,2021-10-20 13:45:26,8700.0,3300.0,3764601.0
322,2021-10-20 13:45:23,8700.0,1000.0,3761301.0
323,2021-10-20 13:45:13,8700.0,100.0,3760301.0
324,2021-10-20 13:44:30,8700.0,1000.0,3760201.0
325,2021-10-20 13:44:11,8700.0,300.0,3759201.0
326,2021-10-20 13:43:42,8700.0,2500.0,3758901.0
327,2021-10-20 13:43:23,8700.0,200.0,3756401.0
328,2021-10-20 13:43:12,8700.0,1800.0,3756201.0
329,2021-10-20 13:43:00,8700.0,6000.0,3754401.0
330,2021-10-20 13:42:50,8800.0,500.0,3748401.0
331,2021-10-20 13:42:24,8700.0,1000.0,3747901.0
332,2021-10-20 13:41:57,8700.0,1000.0,3746901.0
333,2021-10-20 13:41:52,8700.0,4500.0,3745901.0
334,2021-10-20 13:41:44,8700.0,1200.0,3741401.0
335,2021-10-20 13:41:40,8700.0,200.0,3740201.0
336,2021-10-20 13:41:39,8700.0,500.0,3740001.0
337,2021-10-20 13:41:29,8700.0,4000.0,3739501.0
338,2021-10-20 13:41:28,8700.0,11200.0,3735501.0
339,2021-10-20 13:41:19,8700.0,100.0,3724301.0
340,2021-10-20 13:41:06,8700.0,4000.0,3724201.0
341,2021-10-20 13:40:52,8700.0,1000.0,3720201.0
342,2021-10-20 13:40:08,8700.0,100.0,3719201.0
343,2021-10-20 13:39:57,8700.0,500.0,3719101.0
344,2021-10-20 13:39:39,8700.0,400.0,3718601.0
345,2021-10-20 13:39:34,8700.0,1000.0,3718201.0
346,2021-10-20 13:39:28,8700.0,200.0,3717201.0
347,2021-10-20 13:39:23,8700.0,2000.0,3717001.0
348,2021-10-20 13:39:22,8700.0,5000.0,3715001.0
349,2021-10-20 13:38:41,8700.0,8100.0,3710001.0
350,2021-10-20 13:38:29,8700.0,1000.0,3701901.0
351,2021-10-20 13:38:24,8800.0,600.0,3700901.0
352,2021-10-20 13:38:08,8700.0,700.0,3700301.0
353,2021-10-20 13:37:44,8700.0,200.0,3699601.0
354,2021-10-20 13:37:17,8700.0,4600.0,3699401.0
355,2021-10-20 13:37:12,8700.0,100.0,3694801.0
356,2021-10-20 13:37:05,8700.0,5000.0,3694701.0
357,2021-10-20 13:36:53,8700.0,3500.0,3689701.0
358,2021-10-20 13:36:23,8700.0,1000.0,3686201.0
359,2021-10-20 13:36:09,8600.0,100.0,3685201.0
360,2021-10-20 13:35:56,8700.0,200.0,3685101.0
361,2021-10-20 13:35:51,8700.0,300.0,3684901.0
362,2021-10-20 13:35:35,8700.0,9000.0,3684601.0
363,2021-10-20 13:35:27,8600.0,1000.0,3675601.0
364,2021-10-20 13:35:09,8700.0,9000.0,3674601.0
365,2021-10-20 13:35:04,8700.0,500.0,3665601.0
366,2021-10-20 13:34:55,8700.0,10000.0,3665101.0
367,2021-10-20 13:34:30,8600.0,100.0,3655101.0
368,2021-10-20 13:34:13,8700.0,500.0,3655001.0
369,2021-10-20 13:34:12,8600.0,5000.0,3654501.0
370,2021-10-20 13:34:01,8700.0,1000.0,3649501.0
371,2021-10-20 13:33:48,8700.0,7200.0,3648501.0
372,2021-10-20 13:33:36,8700.0,1300.0,3641301.0
373,2021-10-20 13:33:16,8700.0,5300.0,3640001.0
374,2021-10-20 13:33:09,8700.0,14700.0,3634701.0
375,2021-10-20 13:33:00,8800.0,100.0,3620001.0
376,2021-10-20 13:32:05,8800.0,3300.0,3619901.0
377,2021-10-20 13:31:59,8800.0,6700.0,3616601.0
378,2021-10-20 13:31:54,8800.0,500.0,3609901.0
379,2021-10-20 13:31:18,8800.0,1000.0,3609401.0
380,2021-10-20 13:31:14,8800.0,600.0,3608401.0
381,2021-10-20 13:31:10,8800.0,500.0,3607801.0
382,2021-10-20 13:30:50,8800.0,10700.0,3607301.0
383,2021-10-20 13:30:42,8800.0,4600.0,3596601.0
384,2021-10-20 13:30:38,8800.0,8100.0,3592001.0
385,2021-10-20 13:30:34,8800.0,5000.0,3583901.0
386,2021-10-20 13:30:12,8900.0,1000.0,3578901.0
387,2021-10-20 13:29:53,8900.0,600.0,3577901.0
388,2021-10-20 13:29:41,8900.0,1500.0,3577301.0
389,2021-10-20 13:29:32,8900.0,600.0,3575801.0
390,2021-10-20 13:29:04,8900.0,7300.0,3575201.0
391,2021-10-20 13:28:44,8900.0,3200.0,3567901.0
392,2021-10-20 13:27:57,9000.0,5000.0,3564701.0
393,2021-10-20 13:27:46,8900.0,1500.0,3559701.0
394,2021-10-20 13:27:26,9000.0,500.0,3558201.0
395,2021-10-20 13:27:09,8900.0,100.0,3557701.0
396,2021-10-20 13:26:47,8900.0,27900.0,3557601.0
397,2021-10-20 13:26:18,8800.0,1000.0,3529701.0
398,2021-10-20 13:26:05,8800.0,10000.0,3528701.0
399,2021-10-20 13:25:34,8900.0,300.0,3518701.0
400,2021-10-20 13:25:21,8900.0,1800.0,3518401.0
401,2021-10-20 13:25:05,9000.0,1100.0,3516601.0
402,2021-10-20 13:24:35,8900.0,100.0,3515501.0
403,2021-10-20 13:24:15,8900.0,20000.0,3515401.0
404,2021-10-20 13:23:58,8900.0,13100.0,3495401.0
405,2021-10-20 13:23:27,8800.0,21500.0,3482301.0
406,2021-10-20 13:22:55,8800.0,1200.0,3460801.0
407,2021-10-20 13:22:49,8800.0,1400.0,3459601.0
408,2021-10-20 13:22:33,8700.0,700.0,3458201.0
409,2021-10-20 13:22:16,8700.0,1300.0,3457501.0
410,2021-10-20 13:22:05,8700.0,5000.0,3456201.0
411,2021-10-20 13:21:43,8700.0,500.0,3451201.0
412,2021-10-20 13:21:28,8700.0,1000.0,3450701.0
413,2021-10-20 13:21:20,8700.0,500.0,3449701.0
414,2021-10-20 13:21:07,8700.0,5000.0,3449201.0
415,2021-10-20 13:21:06,8700.0,800.0,3444201.0
416,2021-10-20 13:20:48,8700.0,55700.0,3443401.0
417,2021-10-20 13:20:23,8800.0,56900.0,3387701.0
418,2021-10-20 13:19:26,8900.0,600.0,3330801.0
419,2021-10-20 13:18:48,8900.0,16600.0,3330201.0
420,2021-10-20 13:18:08,8900.0,600.0,3313601.0
421,2021-10-20 13:18:03,8900.0,3800.0,3313001.0
422,2021-10-20 13:18:00,8900.0,200.0,3309201.0
423,2021-10-20 13:17:56,8900.0,6000.0,3309001.0
424,2021-10-20 13:17:33,8900.0,30000.0,3303001.0
425,2021-10-20 13:14:47,8900.0,2300.0,3273001.0
426,2021-10-20 13:14:32,9000.0,100.0,3270701.0
427,2021-10-20 13:13:53,9000.0,1000.0,3270601.0
428,2021-10-20 13:13:14,9000.0,100.0,3269601.0
429,2021-10-20 13:13:09,9000.0,200.0,3269501.0
430,2021-10-20 13:12:55,9000.0,100.0,3269301.0
431,2021-10-20 13:12:51,9000.0,3000.0,3269201.0
432,2021-10-20 13:12:33,9000.0,200.0,3266201.0
433,2021-10-20 13:12:28,9000.0,600.0,3266001.0
434,2021-10-20 13:12:23,9000.0,200.0,3265401.0
435,2021-10-20 13:11:37,9000.0,200.0,3265201.0
436,2021-10-20 13:11:22,9000.0,30000.0,3265001.0
437,2021-10-20 13:10:26,9000.0,10000.0,3235001.0
438,2021-10-20 13:10:11,9000.0,5500.0,3225001.0
439,2021-10-20 13:09:59,9000.0,5000.0,3219501.0
440,2021-10-20 13:09:45,9000.0,200.0,3214501.0
441,2021-10-20 13:09:05,9000.0,500.0,3214301.0
442,2021-10-20 13:08:54,9000.0,1000.0,3213801.0
443,2021-10-20 13:08:29,9000.0,100.0,3212801.0
444,2021-10-20 13:08:16,8900.0,20000.0,3212701.0
445,2021-10-20 13:07:45,9000.0,100.0,3192701.0
446,2021-10-20 13:06:31,8900.0,700.0,3192601.0
447,2021-10-20 13:06:25,9000.0,300.0,3191901.0
448,2021-10-20 13:06:16,8900.0,500.0,3191601.0
449,2021-10-20 13:05:01,9000.0,10000.0,3191101.0
450,2021-10-20 13:04:00,9000.0,7000.0,3181101.0
451,2021-10-20 13:03:47,9000.0,2300.0,3174101.0
452,2021-10-20 13:02:04,9000.0,1300.0,3171801.0
453,2021-10-20 13:01:33,9000.0,1200.0,3170501.0
454,2021-10-20 13:00:57,8800.0,200.0,3169301.0
455,2021-10-20 13:00:48,9000.0,5000.0,3169101.0
456,2021-10-20 13:00:25,9000.0,1200.0,3164101.0
457,2021-10-20 13:00:08,9000.0,5500.0,3162901.0
458,2021-10-20 13:00:07,9000.0,100.0,3157401.0
459,2021-10-20 13:00:06,9000.0,3000.0,3157301.0
460,2021-10-20 13:00:05,8900.0,100.0,3154301.0
461,2021-10-20 13:00:04,9000.0,48100.0,3154201.0
462,2021-10-20 13:00:03,8900.0,59400.0,3106101.0
463,2021-10-20 11:29:29,9000.0,900.0,3046701.0
464,2021-10-20 11:29:19,9000.0,100.0,3045801.0
465,2021-10-20 11:29:15,9000.0,10000.0,3045701.0
466,2021-10-20 11:28:37,9000.0,100.0,3035701.0
467,2021-10-20 11:28:17,9000.0,400.0,3035601.0
468,2021-10-20 11:26:55,9000.0,300.0,3035201.0
469,2021-10-20 11:26:43,9000.0,1000.0,3034901.0
470,2021-10-20 11:26:30,9000.0,500.0,3033901.0
471,2021-10-20 11:26:09,9000.0,7000.0,3033401.0
472,2021-10-20 11:25:59,9000.0,15000.0,3026401.0
473,2021-10-20 11:24:23,9000.0,10000.0,3011401.0
474,2021-10-20 11:23:03,9100.0,3000.0,3001401.0
475,2021-10-20 11:22:54,9100.0,200.0,2998401.0
476,2021-10-20 11:22:42,9100.0,300.0,2998201.0
477,2021-10-20 11:22:30,9100.0,300.0,2997901.0
478,2021-10-20 11:21:58,9100.0,100.0,2997601.0
479,2021-10-20 11:21:47,9000.0,10000.0,2997501.0
480,2021-10-20 11:21:09,9100.0,15000.0,2987501.0
481,2021-10-20 11:20:49,9100.0,1000.0,2972501.0
482,2021-10-20 11:20:48,9100.0,300.0,2971501.0
483,2021-10-20 11:20:36,9100.0,500.0,2971201.0
484,2021-10-20 11:20:31,9100.0,200.0,2970701.0
485,2021-10-20 11:20:20,9100.0,100.0,2970501.0
486,2021-10-20 11:18:54,9100.0,6400.0,2970401.0
487,2021-10-20 11:18:00,9100.0,29100.0,2964001.0
488,2021-10-20 11:17:33,9000.0,1000.0,2934901.0
489,2021-10-20 11:17:10,9000.0,31900.0,2933901.0
490,2021-10-20 11:16:43,9000.0,15000.0,2902001.0
491,2021-10-20 11:15:49,9000.0,1000.0,2887001.0
492,2021-10-20 11:15:45,9000.0,100.0,2886001.0
493,2021-10-20 11:15:24,9000.0,17600.0,2885901.0
494,2021-10-20 11:15:07,9000.0,300.0,2868301.0
495,2021-10-20 11:15:02,9000.0,100.0,2868001.0
496,2021-10-20 11:13:49,9000.0,100.0,2867901.0
497,2021-10-20 11:13:12,9000.0,500.0,2867801.0
498,2021-10-20 11:12:01,9000.0,10000.0,2867301.0
499,2021-10-20 11:11:33,9000.0,200.0,2857301.0
500,2021-10-20 11:11:18,9000.0,500.0,2857101.0
501,2021-10-20 11:09:28,9000.0,100.0,2856601.0
502,2021-10-20 11:08:52,8900.0,1700.0,2856501.0
503,2021-10-20 11:08:24,8900.0,500.0,2854801.0
504,2021-10-20 11:08:07,9000.0,1100.0,2854301.0
505,2021-10-20 11:07:38,8900.0,300.0,2853201.0
506,2021-10-20 11:06:02,9000.0,900.0,2852901.0
507,2021-10-20 11:05:45,8900.0,700.0,2852001.0
508,2021-10-20 11:05:27,8900.0,800.0,2851301.0
509,2021-10-20 11:05:03,8800.0,6000.0,2850501.0
510,2021-10-20 11:04:53,8900.0,1000.0,2844501.0
511,2021-10-20 11:04:32,8900.0,1200.0,2843501.0
512,2021-10-20 11:04:14,8900.0,3000.0,2842301.0
513,2021-10-20 11:03:35,8900.0,7100.0,2839301.0
514,2021-10-20 11:02:50,8900.0,8000.0,2832201.0
515,2021-10-20 11:02:34,8900.0,1000.0,2824201.0
516,2021-10-20 11:02:25,8900.0,1000.0,2823201.0
517,2021-10-20 11:02:17,8900.0,1900.0,2822201.0
518,2021-10-20 11:01:31,8900.0,1000.0,2820301.0
519,2021-10-20 11:00:03,8800.0,300.0,2819301.0
520,2021-10-20 10:59:28,8900.0,500.0,2819001.0
521,2021-10-20 10:59:07,8800.0,2000.0,2818501.0
522,2021-10-20 10:59:05,8900.0,4000.0,2816501.0
523,2021-10-20 10:58:43,8900.0,600.0,2812501.0
524,2021-10-20 10:58:29,8900.0,1000.0,2811901.0
525,2021-10-20 10:58:28,8800.0,1000.0,2810901.0
526,2021-10-20 10:58:18,8800.0,200.0,2809901.0
527,2021-10-20 10:58:13,8800.0,4400.0,2809701.0
528,2021-10-20 10:58:12,8800.0,1600.0,2805301.0
529,2021-10-20 10:57:49,8800.0,200.0,2803701.0
530,2021-10-20 10:57:46,8800.0,9200.0,2803501.0
531,2021-10-20 10:57:27,8800.0,25000.0,2794301.0
532,2021-10-20 10:57:17,8800.0,5000.0,2769301.0
533,2021-10-20 10:57:16,8800.0,400.0,2764301.0
534,2021-10-20 10:57:13,8800.0,5000.0,2763901.0
535,2021-10-20 10:57:05,8800.0,5000.0,2758901.0
536,2021-10-20 10:56:32,8800.0,600.0,2753901.0
537,2021-10-20 10:56:30,8800.0,100.0,2753301.0
538,2021-10-20 10:56:18,8700.0,1000.0,2753201.0
539,2021-10-20 10:56:16,8800.0,100.0,2752201.0
540,2021-10-20 10:55:21,8800.0,200.0,2752101.0
541,2021-10-20 10:54:34,8800.0,500.0,2751901.0
542,2021-10-20 10:54:13,8700.0,500.0,2751401.0
543,2021-10-20 10:53:49,8700.0,100.0,2750901.0
544,2021-10-20 10:53:26,8700.0,400.0,2750801.0
545,2021-10-20 10:53:03,8800.0,4000.0,2750401.0
546,2021-10-20 10:52:57,8800.0,1000.0,2746401.0
547,2021-10-20 10:52:38,8800.0,2000.0,2745401.0
548,2021-10-20 10:52:35,8800.0,500.0,2743401.0
549,2021-10-20 10:52:21,8800.0,1900.0,2742901.0
550,2021-10-20 10:52:00,8800.0,1300.0,2741001.0
551,2021-10-20 10:51:54,8800.0,300.0,2739701.0
552,2021-10-20 10:51:46,8700.0,900.0,2739401.0
553,2021-10-20 10:51:40,8800.0,3000.0,2738501.0
554,2021-10-20 10:51:26,8800.0,1000.0,2735501.0
555,2021-10-20 10:51:04,8700.0,100.0,2734501.0
556,2021-10-20 10:50:36,8700.0,3300.0,2734401.0
557,2021-10-20 10:50:02,8700.0,300.0,2731101.0
558,2021-10-20 10:49:28,8800.0,200.0,2730801.0
559,2021-10-20 10:49:18,8700.0,2000.0,2730601.0
560,2021-10-20 10:49:06,8800.0,5800.0,2728601.0
561,2021-10-20 10:48:13,8900.0,5000.0,2722801.0
562,2021-10-20 10:48:01,8900.0,5000.0,2717801.0
563,2021-10-20 10:47:39,8900.0,400.0,2712801.0
564,2021-10-20 10:47:26,8800.0,6800.0,2712401.0
565,2021-10-20 10:47:23,8800.0,1000.0,2705601.0
566,2021-10-20 10:47:14,8800.0,100.0,2704601.0
567,2021-10-20 10:47:13,8800.0,5000.0,2704501.0
568,2021-10-20 10:47:05,8800.0,5000.0,2699501.0
569,2021-10-20 10:47:02,8800.0,5000.0,2694501.0
570,2021-10-20 10:46:50,8800.0,4000.0,2689501.0
571,2021-10-20 10:46:43,8800.0,9200.0,2685501.0
572,2021-10-20 10:45:55,8800.0,300.0,2676301.0
573,2021-10-20 10:45:44,8700.0,100.0,2676001.0
574,2021-10-20 10:45:35,8700.0,6700.0,2675901.0
575,2021-10-20 10:45:31,8700.0,12500.0,2669201.0
576,2021-10-20 10:45:16,8700.0,600.0,2656701.0
577,2021-10-20 10:44:47,8600.0,300.0,2656101.0
578,2021-10-20 10:44:34,8600.0,2900.0,2655801.0
579,2021-10-20 10:44:33,8600.0,50.0,2652901.0
580,2021-10-20 10:44:23,8600.0,200.0,2652851.0
581,2021-10-20 10:44:07,8500.0,500.0,2652651.0
582,2021-10-20 10:43:49,8500.0,300.0,2652151.0
583,2021-10-20 10:43:47,8500.0,2000.0,2651851.0
584,2021-10-20 10:43:32,8500.0,400.0,2649851.0
585,2021-10-20 10:43:24,8500.0,500.0,2649451.0
586,2021-10-20 10:43:04,8500.0,2000.0,2648951.0
587,2021-10-20 10:42:57,8500.0,100.0,2646951.0
588,2021-10-20 10:42:50,8500.0,500.0,2646851.0
589,2021-10-20 10:42:47,8500.0,500.0,2646351.0
590,2021-10-20 10:42:45,8500.0,1000.0,2645851.0
591,2021-10-20 10:42:37,8500.0,1000.0,2644851.0
592,2021-10-20 10:42:34,8400.0,5000.0,2643851.0
593,2021-10-20 10:42:27,8500.0,200.0,2638851.0
594,2021-10-20 10:42:24,8400.0,5000.0,2638651.0
595,2021-10-20 10:42:22,8500.0,500.0,2633651.0
596,2021-10-20 10:42:19,8500.0,200.0,2633151.0
597,2021-10-20 10:42:10,8500.0,900.0,2632951.0
598,2021-10-20 10:42:07,8500.0,700.0,2632051.0
599,2021-10-20 10:42:05,8500.0,8600.0,2631351.0
600,2021-10-20 10:42:01,8500.0,600.0,2622751.0
601,2021-10-20 10:41:47,8500.0,100.0,2622151.0
602,2021-10-20 10:41:44,8500.0,2000.0,2622051.0
603,2021-10-20 10:41:43,8500.0,500.0,2620051.0
604,2021-10-20 10:41:26,8500.0,2100.0,2619551.0
605,2021-10-20 10:41:21,8500.0,1200.0,2617451.0
606,2021-10-20 10:41:19,8500.0,1000.0,2616251.0
607,2021-10-20 10:41:10,8500.0,6800.0,2615251.0
608,2021-10-20 10:41:01,8600.0,5200.0,2608451.0
609,2021-10-20 10:40:59,8600.0,5200.0,2603251.0
610,2021-10-20 10:40:57,8500.0,5000.0,2598051.0
611,2021-10-20 10:40:47,8600.0,2000.0,2593051.0
612,2021-10-20 10:40:46,8500.0,28900.0,2591051.0
613,2021-10-20 10:40:40,8500.0,1400.0,2562151.0
614,2021-10-20 10:40:39,8600.0,500.0,2560751.0
615,2021-10-20 10:39:59,8600.0,800.0,2560251.0
616,2021-10-20 10:39:55,8600.0,1000.0,2559451.0
617,2021-10-20 10:39:54,8600.0,5000.0,2558451.0
618,2021-10-20 10:39:44,8600.0,24200.0,2553451.0
619,2021-10-20 10:39:41,8600.0,100.0,2529251.0
620,2021-10-20 10:39:40,8500.0,2000.0,2529151.0
621,2021-10-20 10:39:24,8600.0,1500.0,2527151.0
622,2021-10-20 10:39:19,8600.0,900.0,2525651.0
623,2021-10-20 10:39:07,8600.0,500.0,2524751.0
624,2021-10-20 10:39:01,8600.0,200.0,2524251.0
625,2021-10-20 10:38:59,8600.0,2000.0,2524051.0
626,2021-10-20 10:38:58,8600.0,16300.0,2522051.0
627,2021-10-20 10:38:39,8600.0,1000.0,2505751.0
628,2021-10-20 10:38:36,8600.0,3000.0,2504751.0
629,2021-10-20 10:38:13,8600.0,1.0,2501751.0
630,2021-10-20 10:37:54,8600.0,2000.0,2501750.0
631,2021-10-20 10:37:53,8600.0,1000.0,2499750.0
632,2021-10-20 10:37:49,8600.0,500.0,2498750.0
633,2021-10-20 10:37:19,8600.0,10000.0,2498250.0
634,2021-10-20 10:36:46,8600.0,1000.0,2488250.0
635,2021-10-20 10:36:26,8600.0,1000.0,2487250.0
636,2021-10-20 10:36:25,8700.0,100.0,2486250.0
637,2021-10-20 10:35:57,8700.0,300.0,2486150.0
638,2021-10-20 10:35:52,8600.0,10000.0,2485850.0
639,2021-10-20 10:35:47,8600.0,1000.0,2475850.0
640,2021-10-20 10:35:32,8600.0,200.0,2474850.0
641,2021-10-20 10:35:22,8800.0,500.0,2474650.0
642,2021-10-20 10:35:11,8600.0,100000.0,2474150.0
643,2021-10-20 10:35:05,8800.0,1000.0,2374150.0
644,2021-10-20 10:34:50,8800.0,100.0,2373150.0
645,2021-10-20 10:34:39,8800.0,100.0,2373050.0
646,2021-10-20 10:34:37,8800.0,100.0,2372950.0
647,2021-10-20 10:34:30,8800.0,7600.0,2372850.0
648,2021-10-20 10:34:27,8800.0,800.0,2365250.0
649,2021-10-20 10:34:15,8800.0,20200.0,2364450.0
650,2021-10-20 10:34:03,8800.0,37000.0,2344250.0
651,2021-10-20 10:33:29,8800.0,300.0,2307250.0
652,2021-10-20 10:33:28,8800.0,1000.0,2306950.0
653,2021-10-20 10:33:22,8800.0,20000.0,2305950.0
654,2021-10-20 10:33:18,8800.0,600.0,2285950.0
655,2021-10-20 10:33:07,8800.0,9000.0,2285350.0
656,2021-10-20 10:32:57,8800.0,1100.0,2276350.0
657,2021-10-20 10:31:03,8900.0,500.0,2275250.0
658,2021-10-20 10:30:20,8900.0,900.0,2274750.0
659,2021-10-20 10:30:07,8800.0,5000.0,2273850.0
660,2021-10-20 10:29:31,8900.0,1100.0,2268850.0
661,2021-10-20 10:29:01,8900.0,1200.0,2267750.0
662,2021-10-20 10:28:51,8900.0,3000.0,2266550.0
663,2021-10-20 10:28:30,8900.0,2500.0,2263550.0
664,2021-10-20 10:28:29,8900.0,3000.0,2261050.0
665,2021-10-20 10:28:04,8900.0,16500.0,2258050.0
666,2021-10-20 10:28:02,9000.0,500.0,2241550.0
667,2021-10-20 10:28:00,9000.0,3000.0,2241050.0
668,2021-10-20 10:27:31,9000.0,2000.0,2238050.0
669,2021-10-20 10:26:45,9000.0,300.0,2236050.0
670,2021-10-20 10:26:35,9000.0,200.0,2235750.0
671,2021-10-20 10:26:26,9000.0,100.0,2235550.0
672,2021-10-20 10:26:24,9000.0,100.0,2235450.0
673,2021-10-20 10:26:18,8900.0,1500.0,2235350.0
674,2021-10-20 10:26:11,8900.0,4500.0,2233850.0
675,2021-10-20 10:25:29,9000.0,700.0,2229350.0
676,2021-10-20 10:24:51,9000.0,100.0,2228650.0
677,2021-10-20 10:24:19,8900.0,400.0,2228550.0
678,2021-10-20 10:24:18,8900.0,3200.0,2228150.0
679,2021-10-20 10:24:07,8900.0,2000.0,2224950.0
680,2021-10-20 10:23:45,8900.0,900.0,2222950.0
681,2021-10-20 10:23:00,8900.0,1000.0,2222050.0
682,2021-10-20 10:22:41,8900.0,1000.0,2221050.0
683,2021-10-20 10:22:40,8900.0,500.0,2220050.0
684,2021-10-20 10:22:37,8900.0,500.0,2219550.0
685,2021-10-20 10:22:18,8900.0,5500.0,2219050.0
686,2021-10-20 10:22:08,8900.0,10000.0,2213550.0
687,2021-10-20 10:22:01,8900.0,100.0,2203550.0
688,2021-10-20 10:22:00,8900.0,400.0,2203450.0
689,2021-10-20 10:21:42,8900.0,4000.0,2203050.0
690,2021-10-20 10:21:32,8900.0,1000.0,2199050.0
691,2021-10-20 10:21:30,8900.0,200.0,2198050.0
692,2021-10-20 10:21:17,8900.0,500.0,2197850.0
693,2021-10-20 10:21:10,8900.0,100.0,2197350.0
694,2021-10-20 10:21:09,8900.0,100.0,2197250.0
695,2021-10-20 10:21:04,8900.0,2900.0,2197150.0
696,2021-10-20 10:20:51,8900.0,5100.0,2194250.0
697,2021-10-20 10:20:24,8900.0,100.0,2189150.0
698,2021-10-20 10:20:18,8900.0,1500.0,2189050.0
699,2021-10-20 10:20:09,8800.0,300.0,2187550.0
700,2021-10-20 10:20:00,8900.0,700.0,2187250.0
701,2021-10-20 10:19:55,8900.0,200.0,2186550.0
702,2021-10-20 10:19:41,8900.0,500.0,2186350.0
703,2021-10-20 10:19:37,8800.0,300.0,2185850.0
704,2021-10-20 10:19:27,8800.0,800.0,2185550.0
705,2021-10-20 10:19:16,8800.0,300.0,2184750.0
706,2021-10-20 10:19:04,8800.0,100.0,2184450.0
707,2021-10-20 10:18:39,8800.0,1800.0,2184350.0
708,2021-10-20 10:18:00,8800.0,500.0,2182550.0
709,2021-10-20 10:16:57,8800.0,500.0,2182050.0
710,2021-10-20 10:16:45,8800.0,10000.0,2181550.0
711,2021-10-20 10:16:43,8800.0,1000.0,2171550.0
712,2021-10-20 10:16:36,8800.0,1600.0,2170550.0
713,2021-10-20 10:16:33,8800.0,500.0,2168950.0
714,2021-10-20 10:16:32,8800.0,3200.0,2168450.0
715,2021-10-20 10:16:31,8800.0,2200.0,2165250.0
716,2021-10-20 10:16:30,8800.0,3000.0,2163050.0
717,2021-10-20 10:16:28,8800.0,30000.0,2160050.0
718,2021-10-20 10:16:27,8800.0,2000.0,2130050.0
719,2021-10-20 10:16:24,8800.0,20000.0,2128050.0
720,2021-10-20 10:16:17,8800.0,100.0,2108050.0
721,2021-10-20 10:16:02,8800.0,1000.0,2107950.0
722,2021-10-20 10:15:58,8800.0,4000.0,2106950.0
723,2021-10-20 10:15:54,8800.0,1000.0,2102950.0
724,2021-10-20 10:15:37,8800.0,40000.0,2101950.0
725,2021-10-20 10:15:00,8800.0,2000.0,2061950.0
726,2021-10-20 10:14:49,8900.0,1000.0,2059950.0
727,2021-10-20 10:14:46,8800.0,1700.0,2058950.0
728,2021-10-20 10:13:40,8900.0,11200.0,2057250.0
729,2021-10-20 10:13:36,8900.0,5000.0,2046050.0
730,2021-10-20 10:13:22,8900.0,100.0,2041050.0
731,2021-10-20 10:13:14,8900.0,70000.0,2040950.0
732,2021-10-20 10:13:00,8900.0,2700.0,1970950.0
733,2021-10-20 10:12:27,9000.0,3300.0,1968250.0
734,2021-10-20 10:12:16,9000.0,200.0,1964950.0
735,2021-10-20 10:11:42,9000.0,100.0,1964750.0
736,2021-10-20 10:11:24,9000.0,4900.0,1964650.0
737,2021-10-20 10:11:04,9000.0,5000.0,1959750.0
738,2021-10-20 10:10:13,9100.0,1700.0,1954750.0
739,2021-10-20 10:10:05,9100.0,500.0,1953050.0
740,2021-10-20 10:09:08,9100.0,300.0,1952550.0
741,2021-10-20 10:09:05,9000.0,20000.0,1952250.0
742,2021-10-20 10:08:51,9000.0,50200.0,1932250.0
743,2021-10-20 10:08:50,9100.0,65100.0,1882050.0
744,2021-10-20 10:08:29,9100.0,1000.0,1816950.0
745,2021-10-20 10:07:51,9100.0,55000.0,1815950.0
746,2021-10-20 10:07:34,9100.0,100.0,1760950.0
747,2021-10-20 10:07:23,9100.0,2000.0,1760850.0
748,2021-10-20 10:07:10,9100.0,5000.0,1758850.0
749,2021-10-20 10:06:38,9100.0,1000.0,1753850.0
750,2021-10-20 10:06:28,9100.0,1000.0,1752850.0
751,2021-10-20 10:06:24,9100.0,700.0,1751850.0
752,2021-10-20 10:05:28,9100.0,200.0,1751150.0
753,2021-10-20 10:05:25,9100.0,100.0,1750950.0
754,2021-10-20 10:04:23,9100.0,10000.0,1750850.0
755,2021-10-20 10:04:22,9100.0,500.0,1740850.0
756,2021-10-20 10:03:55,9100.0,1100.0,1740350.0
757,2021-10-20 10:03:06,9100.0,1100.0,1739250.0
758,2021-10-20 10:03:05,9100.0,500.0,1738150.0
759,2021-10-20 10:01:56,9000.0,500.0,1737650.0
760,2021-10-20 10:01:48,9100.0,8700.0,1737150.0
761,2021-10-20 10:01:43,9000.0,1100.0,1728450.0
762,2021-10-20 10:01:40,9100.0,100.0,1727350.0
763,2021-10-20 10:01:28,9100.0,200.0,1727250.0
764,2021-10-20 10:00:47,9100.0,5000.0,1727050.0
765,2021-10-20 10:00:46,9100.0,600.0,1722050.0
766,2021-10-20 10:00:18,9100.0,100.0,1721450.0
767,2021-10-20 10:00:03,9000.0,100.0,1721350.0
768,2021-10-20 10:00:00,9000.0,600.0,1721250.0
769,2021-10-20 09:59:35,9000.0,100.0,1720650.0
770,2021-10-20 09:59:22,9000.0,200.0,1720550.0
771,2021-10-20 09:59:11,9000.0,10000.0,1720350.0
772,2021-10-20 09:59:00,9000.0,300.0,1710350.0
773,2021-10-20 09:58:36,9000.0,16000.0,1710050.0
774,2021-10-20 09:58:20,9000.0,200.0,1694050.0
775,2021-10-20 09:58:10,9000.0,1000.0,1693850.0
776,2021-10-20 09:58:08,9100.0,1600.0,1692850.0
777,2021-10-20 09:58:04,9100.0,1200.0,1691250.0
778,2021-10-20 09:57:33,9000.0,1000.0,1690050.0
779,2021-10-20 09:57:32,9000.0,3900.0,1689050.0
780,2021-10-20 09:57:04,9000.0,11000.0,1685150.0
781,2021-10-20 09:57:02,9000.0,1000.0,1674150.0
782,2021-10-20 09:56:58,9000.0,300.0,1673150.0
783,2021-10-20 09:56:54,9000.0,500.0,1672850.0
784,2021-10-20 09:56:52,9000.0,500.0,1672350.0
785,2021-10-20 09:56:47,9000.0,10000.0,1671850.0
786,2021-10-20 09:56:45,9000.0,500.0,1661850.0
787,2021-10-20 09:56:43,9000.0,9000.0,1661350.0
788,2021-10-20 09:56:25,9000.0,100.0,1652350.0
789,2021-10-20 09:56:15,9000.0,7000.0,1652250.0
790,2021-10-20 09:56:05,9000.0,100.0,1645250.0
791,2021-10-20 09:56:04,9000.0,800.0,1645150.0
792,2021-10-20 09:56:02,9000.0,5000.0,1644350.0
793,2021-10-20 09:56:01,9000.0,100.0,1639350.0
794,2021-10-20 09:55:06,9000.0,200.0,1639250.0
795,2021-10-20 09:54:54,9000.0,7000.0,1639050.0
796,2021-10-20 09:54:49,9000.0,100.0,1632050.0
797,2021-10-20 09:54:44,9000.0,3000.0,1631950.0
798,2021-10-20 09:54:40,9000.0,200.0,1628950.0
799,2021-10-20 09:54:36,9000.0,1000.0,1628750.0
800,2021-10-20 09:54:33,9000.0,200.0,1627750.0
801,2021-10-20 09:54:18,9000.0,1500.0,1627550.0
802,2021-10-20 09:54:03,9000.0,1400.0,1626050.0
803,2021-10-20 09:53:43,9000.0,100.0,1624650.0
804,2021-10-20 09:53:03,9000.0,2000.0,1624550.0
805,2021-10-20 09:53:02,9000.0,500.0,1622550.0
806,2021-10-20 09:52:15,9000.0,800.0,1622050.0
807,2021-10-20 09:51:57,9000.0,1500.0,1621250.0
808,2021-10-20 09:51:50,9000.0,3000.0,1619750.0
809,2021-10-20 09:51:45,8900.0,7500.0,1616750.0
810,2021-10-20 09:51:29,9000.0,400.0,1609250.0
811,2021-10-20 09:51:19,9000.0,300.0,1608850.0
812,2021-10-20 09:51:17,8900.0,300.0,1608550.0
813,2021-10-20 09:50:50,9000.0,200.0,1608250.0
814,2021-10-20 09:50:33,9000.0,400.0,1608050.0
815,2021-10-20 09:50:29,9000.0,300.0,1607650.0
816,2021-10-20 09:50:26,9000.0,600.0,1607350.0
817,2021-10-20 09:50:00,9000.0,1000.0,1606750.0
818,2021-10-20 09:49:59,8900.0,100.0,1605750.0
819,2021-10-20 09:49:51,9000.0,1000.0,1605650.0
820,2021-10-20 09:49:46,9000.0,3000.0,1604650.0
821,2021-10-20 09:49:45,8900.0,100.0,1601650.0
822,2021-10-20 09:49:40,9000.0,300.0,1601550.0
823,2021-10-20 09:49:25,9000.0,2000.0,1601250.0
824,2021-10-20 09:49:02,9000.0,1500.0,1599250.0
825,2021-10-20 09:49:00,9000.0,600.0,1597750.0
826,2021-10-20 09:48:59,9000.0,11000.0,1597150.0
827,2021-10-20 09:48:54,9000.0,200.0,1586150.0
828,2021-10-20 09:48:48,9000.0,4000.0,1585950.0
829,2021-10-20 09:48:36,9000.0,1000.0,1581950.0
830,2021-10-20 09:47:56,8900.0,1400.0,1580950.0
831,2021-10-20 09:47:50,9000.0,200.0,1579550.0
832,2021-10-20 09:47:47,9000.0,7900.0,1579350.0
833,2021-10-20 09:47:17,8900.0,1000.0,1571450.0
834,2021-10-20 09:46:52,8900.0,1000.0,1570450.0
835,2021-10-20 09:46:26,8900.0,1500.0,1569450.0
836,2021-10-20 09:46:08,8900.0,200.0,1567950.0
837,2021-10-20 09:45:58,8900.0,400.0,1567750.0
838,2021-10-20 09:45:44,8900.0,300.0,1567350.0
839,2021-10-20 09:45:38,8900.0,1000.0,1567050.0
840,2021-10-20 09:45:28,9000.0,200.0,1566050.0
841,2021-10-20 09:45:15,8900.0,200.0,1565850.0
842,2021-10-20 09:45:10,8900.0,153500.0,1565650.0
843,2021-10-20 09:45:08,9000.0,500.0,1412150.0
844,2021-10-20 09:44:49,9000.0,500.0,1411650.0
845,2021-10-20 09:44:46,9000.0,100.0,1411150.0
846,2021-10-20 09:44:29,9000.0,2000.0,1411050.0
847,2021-10-20 09:44:13,9100.0,2000.0,1409050.0
848,2021-10-20 09:44:09,9000.0,1000.0,1407050.0
849,2021-10-20 09:44:04,9100.0,1000.0,1406050.0
850,2021-10-20 09:44:02,9100.0,100.0,1405050.0
851,2021-10-20 09:43:35,9100.0,1700.0,1404950.0
852,2021-10-20 09:43:17,9100.0,50.0,1403250.0
853,2021-10-20 09:43:12,9100.0,100.0,1403200.0
854,2021-10-20 09:42:55,9100.0,300.0,1403100.0
855,2021-10-20 09:42:50,9000.0,300.0,1402800.0
856,2021-10-20 09:42:22,9100.0,1000.0,1402500.0
857,2021-10-20 09:42:18,9100.0,3000.0,1401500.0
858,2021-10-20 09:42:14,9100.0,1000.0,1398500.0
859,2021-10-20 09:41:57,9100.0,1500.0,1397500.0
860,2021-10-20 09:41:52,9100.0,500.0,1396000.0
861,2021-10-20 09:41:40,9100.0,1000.0,1395500.0
862,2021-10-20 09:41:14,9100.0,1300.0,1394500.0
863,2021-10-20 09:41:08,9000.0,1000.0,1393200.0
864,2021-10-20 09:40:59,9100.0,300.0,1392200.0
865,2021-10-20 09:40:56,9000.0,52900.0,1391900.0
866,2021-10-20 09:40:48,9000.0,2000.0,1339000.0
867,2021-10-20 09:40:37,9100.0,200.0,1337000.0
868,2021-10-20 09:40:14,9000.0,400.0,1336800.0
869,2021-10-20 09:39:46,9000.0,1500.0,1336400.0
870,2021-10-20 09:39:44,9100.0,900.0,1334900.0
871,2021-10-20 09:39:38,9200.0,9000.0,1334000.0
872,2021-10-20 09:39:37,9000.0,1000.0,1325000.0
873,2021-10-20 09:39:34,9100.0,500.0,1324000.0
874,2021-10-20 09:39:28,9100.0,300.0,1323500.0
875,2021-10-20 09:39:23,9100.0,1100.0,1323200.0
876,2021-10-20 09:39:14,9100.0,900.0,1322100.0
877,2021-10-20 09:39:04,9200.0,200.0,1321200.0
878,2021-10-20 09:39:02,9200.0,10000.0,1321000.0
879,2021-10-20 09:39:01,9200.0,6000.0,1311000.0
880,2021-10-20 09:38:48,9200.0,5000.0,1305000.0
881,2021-10-20 09:38:46,9200.0,1000.0,1300000.0
882,2021-10-20 09:38:44,9100.0,200000.0,1299000.0
883,2021-10-20 09:38:33,9200.0,400.0,1099000.0
884,2021-10-20 09:38:10,9200.0,20000.0,1098600.0
885,2021-10-20 09:38:01,9200.0,6000.0,1078600.0
886,2021-10-20 09:38:00,9100.0,1000.0,1072600.0
887,2021-10-20 09:37:59,9200.0,20000.0,1071600.0
888,2021-10-20 09:37:49,9100.0,500.0,1051600.0
889,2021-10-20 09:37:37,9100.0,1000.0,1051100.0
890,2021-10-20 09:37:11,9100.0,4900.0,1050100.0
891,2021-10-20 09:36:34,9200.0,5000.0,1045200.0
892,2021-10-20 09:36:10,9200.0,400.0,1040200.0
893,2021-10-20 09:35:56,9200.0,100.0,1039800.0
894,2021-10-20 09:35:34,9200.0,1700.0,1039700.0
895,2021-10-20 09:35:17,9200.0,900.0,1038000.0
896,2021-10-20 09:34:59,9200.0,600.0,1037100.0
897,2021-10-20 09:34:49,9200.0,100.0,1036500.0
898,2021-10-20 09:34:35,9200.0,1000.0,1036400.0
899,2021-10-20 09:34:32,9200.0,100.0,1035400.0
900,2021-10-20 09:34:09,9200.0,1500.0,1035300.0
901,2021-10-20 09:34:08,9200.0,7200.0,1033800.0
902,2021-10-20 09:34:03,9200.0,1700.0,1026600.0
903,2021-10-20 09:33:59,9200.0,800.0,1024900.0
904,2021-10-20 09:33:50,9200.0,1000.0,1024100.0
905,2021-10-20 09:33:23,9200.0,2000.0,1023100.0
906,2021-10-20 09:33:22,9200.0,500.0,1021100.0
907,2021-10-20 09:33:15,9200.0,4900.0,1020600.0
908,2021-10-20 09:33:10,9200.0,10000.0,1015700.0
909,2021-10-20 09:33:08,9200.0,100.0,1005700.0
910,2021-10-20 09:33:07,9200.0,2000.0,1005600.0
911,2021-10-20 09:33:06,9200.0,2000.0,1003600.0
912,2021-10-20 09:33:04,9200.0,400.0,1001600.0
913,2021-10-20 09:32:49,9200.0,100.0,1001200.0
914,2021-10-20 09:32:47,9200.0,300.0,1001100.0
915,2021-10-20 09:32:41,9100.0,1000.0,1000800.0
916,2021-10-20 09:32:38,9200.0,200.0,999800.0
917,2021-10-20 09:32:23,9200.0,20000.0,999600.0
918,2021-10-20 09:32:16,9200.0,200.0,979600.0
919,2021-10-20 09:32:10,9200.0,500.0,979400.0
920,2021-10-20 09:32:06,9200.0,4000.0,978900.0
921,2021-10-20 09:31:43,9200.0,1000.0,974900.0
922,2021-10-20 09:31:35,9200.0,100.0,973900.0
923,2021-10-20 09:31:22,9200.0,200.0,973800.0
924,2021-10-20 09:31:19,9200.0,1200.0,973600.0
925,2021-10-20 09:31:15,9200.0,2000.0,972400.0
926,2021-10-20 09:31:12,9200.0,200.0,970400.0
927,2021-10-20 09:31:08,9200.0,3200.0,970200.0
928,2021-10-20 09:31:00,9100.0,1400.0,967000.0
929,2021-10-20 09:30:51,9200.0,100.0,965600.0
930,2021-10-20 09:30:46,9200.0,200.0,965500.0
931,2021-10-20 09:30:40,9200.0,2000.0,965300.0
932,2021-10-20 09:30:32,9200.0,10000.0,963300.0
933,2021-10-20 09:30:10,9100.0,100.0,953300.0
934,2021-10-20 09:30:01,9100.0,3000.0,953200.0
935,2021-10-20 09:29:53,9100.0,1200.0,950200.0
936,2021-10-20 09:29:43,9100.0,1000.0,949000.0
937,2021-10-20 09:29:42,9200.0,600.0,948000.0
938,2021-10-20 09:29:27,9200.0,200.0,947400.0
939,2021-10-20 09:29:24,9200.0,3000.0,947200.0
940,2021-10-20 09:29:23,9200.0,2000.0,944200.0
941,2021-10-20 09:29:01,9200.0,500.0,942200.0
942,2021-10-20 09:28:54,9200.0,500.0,941700.0
943,2021-10-20 09:28:52,9200.0,2000.0,941200.0
944,2021-10-20 09:28:42,9200.0,300.0,939200.0
945,2021-10-20 09:28:35,9200.0,10000.0,938900.0
946,2021-10-20 09:28:22,9200.0,1100.0,928900.0
947,2021-10-20 09:28:01,9200.0,100.0,927800.0
948,2021-10-20 09:28:00,9200.0,1500.0,927700.0
949,2021-10-20 09:27:59,9200.0,5500.0,926200.0
950,2021-10-20 09:27:55,9200.0,800.0,920700.0
951,2021-10-20 09:27:53,9200.0,2100.0,919900.0
952,2021-10-20 09:27:45,9200.0,1000.0,917800.0
953,2021-10-20 09:27:44,9200.0,5000.0,916800.0
954,2021-10-20 09:27:32,9200.0,700.0,911800.0
955,2021-10-20 09:27:04,9200.0,300.0,911100.0
956,2021-10-20 09:27:02,9200.0,1000.0,910800.0
957,2021-10-20 09:26:47,9100.0,600.0,909800.0
958,2021-10-20 09:26:37,9100.0,4800.0,909200.0
959,2021-10-20 09:26:32,9100.0,30000.0,904400.0
960,2021-10-20 09:26:27,9100.0,2700.0,874400.0
961,2021-10-20 09:26:24,9100.0,3300.0,871700.0
962,2021-10-20 09:26:19,9100.0,1000.0,868400.0
963,2021-10-20 09:26:16,9100.0,3400.0,867400.0
964,2021-10-20 09:26:07,9100.0,100.0,864000.0
965,2021-10-20 09:26:06,9100.0,10500.0,863900.0
966,2021-10-20 09:25:59,9100.0,1000.0,853400.0
967,2021-10-20 09:25:53,9100.0,2000.0,852400.0
968,2021-10-20 09:25:52,9100.0,20000.0,850400.0
969,2021-10-20 09:25:51,9100.0,2000.0,830400.0
970,2021-10-20 09:25:47,9100.0,200.0,828400.0
971,2021-10-20 09:25:45,9100.0,20000.0,828200.0
972,2021-10-20 09:25:37,9100.0,23200.0,808200.0
973,2021-10-20 09:25:32,9100.0,1700.0,785000.0
974,2021-10-20 09:25:27,9100.0,2000.0,783300.0
975,2021-10-20 09:25:21,9100.0,2000.0,781300.0
976,2021-10-20 09:25:07,9100.0,1500.0,779300.0
977,2021-10-20 09:24:51,9100.0,2600.0,777800.0
978,2021-10-20 09:24:50,9100.0,200.0,775200.0
979,2021-10-20 09:24:47,9100.0,1000.0,775000.0
980,2021-10-20 09:24:41,9100.0,5500.0,774000.0
981,2021-10-20 09:24:36,9100.0,1000.0,768500.0
982,2021-10-20 09:24:35,9100.0,200.0,767500.0
983,2021-10-20 09:24:27,9100.0,100.0,767300.0
984,2021-10-20 09:24:24,9100.0,500.0,767200.0
985,2021-10-20 09:24:21,9100.0,3000.0,766700.0
986,2021-10-20 09:24:18,9100.0,8200.0,763700.0
987,2021-10-20 09:24:14,9100.0,14600.0,755500.0
988,2021-10-20 09:24:03,9100.0,100.0,740900.0
989,2021-10-20 09:23:58,9100.0,100.0,740800.0
990,2021-10-20 09:23:55,9100.0,100.0,740700.0
991,2021-10-20 09:23:49,9100.0,100.0,740600.0
992,2021-10-20 09:23:47,9100.0,200.0,740500.0
993,2021-10-20 09:23:43,9100.0,100.0,740300.0
994,2021-10-20 09:23:41,9100.0,1100.0,740200.0
995,2021-10-20 09:23:38,9100.0,100.0,739100.0
996,2021-10-20 09:23:33,9100.0,100.0,739000.0
997,2021-10-20 09:23:29,9100.0,200.0,738900.0
998,2021-10-20 09:23:21,9100.0,100.0,738700.0
999,2021-10-20 09:23:10,9100.0,2000.0,738600.0
1000,2021-10-20 09:23:00,9000.0,300.0,736600.0
1001,2021-10-20 09:22:59,9000.0,500.0,736300.0
1002,2021-10-20 09:22:54,9000.0,1500.0,735800.0
1003,2021-10-20 09:22:51,9000.0,2000.0,734300.0
1004,2021-10-20 09:22:47,9000.0,200.0,732300.0
1005,2021-10-20 09:22:41,9000.0,4000.0,732100.0
1006,2021-10-20 09:22:40,9000.0,1500.0,728100.0
1007,2021-10-20 09:22:35,9000.0,700.0,726600.0
1008,2021-10-20 09:22:34,9000.0,16500.0,725900.0
1009,2021-10-20 09:22:24,9000.0,200.0,709400.0
1010,2021-10-20 09:22:16,9000.0,8000.0,709200.0
1011,2021-10-20 09:22:13,9000.0,4000.0,701200.0
1012,2021-10-20 09:22:12,9000.0,30000.0,697200.0
1013,2021-10-20 09:22:10,9000.0,2200.0,667200.0
1014,2021-10-20 09:21:58,9000.0,3100.0,665000.0
1015,2021-10-20 09:21:51,9000.0,5000.0,661900.0
1016,2021-10-20 09:21:45,9000.0,21200.0,656900.0
1017,2021-10-20 09:21:27,9000.0,2000.0,635700.0
1018,2021-10-20 09:21:20,9000.0,2100.0,633700.0
1019,2021-10-20 09:21:13,8900.0,500.0,631600.0
1020,2021-10-20 09:21:05,8900.0,100.0,631100.0
1021,2021-10-20 09:21:04,9000.0,300.0,631000.0
1022,2021-10-20 09:21:01,9000.0,1400.0,630700.0
1023,2021-10-20 09:20:53,9000.0,3000.0,629300.0
1024,2021-10-20 09:20:48,9000.0,1000.0,626300.0
1025,2021-10-20 09:20:47,9000.0,500.0,625300.0
1026,2021-10-20 09:20:37,9000.0,1400.0,624800.0
1027,2021-10-20 09:20:29,9000.0,1000.0,623400.0
1028,2021-10-20 09:20:25,9000.0,400.0,622400.0
1029,2021-10-20 09:20:19,9000.0,100.0,622000.0
1030,2021-10-20 09:20:16,9000.0,100.0,621900.0
1031,2021-10-20 09:20:12,9000.0,3500.0,621800.0
1032,2021-10-20 09:20:07,9000.0,100.0,618300.0
1033,2021-10-20 09:20:05,9000.0,300.0,618200.0
1034,2021-10-20 09:20:04,9000.0,1100.0,617900.0
1035,2021-10-20 09:19:57,9000.0,1100.0,616800.0
1036,2021-10-20 09:19:56,9000.0,1900.0,615700.0
1037,2021-10-20 09:19:53,9000.0,200.0,613800.0
1038,2021-10-20 09:19:22,9000.0,100.0,613600.0
1039,2021-10-20 09:19:15,9000.0,6700.0,613500.0
1040,2021-10-20 09:19:14,9000.0,100.0,606800.0
1041,2021-10-20 09:19:08,9000.0,6000.0,606700.0
1042,2021-10-20 09:19:03,9000.0,5000.0,600700.0
1043,2021-10-20 09:19:00,9000.0,1200.0,595700.0
1044,2021-10-20 09:18:46,9000.0,200.0,594500.0
1045,2021-10-20 09:18:30,9000.0,1500.0,594300.0
1046,2021-10-20 09:18:29,8900.0,2100.0,592800.0
1047,2021-10-20 09:18:16,9000.0,200.0,590700.0
1048,2021-10-20 09:17:53,8900.0,1000.0,590500.0
1049,2021-10-20 09:17:50,9000.0,400.0,589500.0
1050,2021-10-20 09:17:25,8900.0,26100.0,589100.0
1051,2021-10-20 09:17:17,8800.0,500.0,563000.0
1052,2021-10-20 09:17:16,8900.0,1000.0,562500.0
1053,2021-10-20 09:17:13,8900.0,20000.0,561500.0
1054,2021-10-20 09:17:11,8900.0,6000.0,541500.0
1055,2021-10-20 09:17:03,8900.0,6900.0,535500.0
1056,2021-10-20 09:17:01,8900.0,400.0,528600.0
1057,2021-10-20 09:17:00,8800.0,5000.0,528200.0
1058,2021-10-20 09:16:59,8900.0,2000.0,523200.0
1059,2021-10-20 09:16:56,8900.0,600.0,521200.0
1060,2021-10-20 09:16:48,8900.0,300.0,520600.0
1061,2021-10-20 09:16:47,8900.0,1000.0,520300.0
1062,2021-10-20 09:16:44,8900.0,1000.0,519300.0
1063,2021-10-20 09:16:43,8900.0,100.0,518300.0
1064,2021-10-20 09:16:28,8900.0,10000.0,518200.0
1065,2021-10-20 09:16:13,8900.0,100.0,508200.0
1066,2021-10-20 09:16:08,8800.0,600.0,508100.0
1067,2021-10-20 09:15:48,8800.0,500.0,507500.0
1068,2021-10-20 09:15:42,8800.0,400.0,507000.0
1069,2021-10-20 09:15:34,8800.0,1000.0,506600.0
1070,2021-10-20 09:15:29,8800.0,500.0,505600.0
1071,2021-10-20 09:15:27,8800.0,1400.0,505100.0
1072,2021-10-20 09:15:23,8800.0,5200.0,503700.0
1073,2021-10-20 09:15:08,8800.0,4000.0,498500.0
1074,2021-10-20 09:15:07,8800.0,500.0,494500.0
1075,2021-10-20 09:14:58,8800.0,100.0,494000.0
1076,2021-10-20 09:14:53,8800.0,3200.0,493900.0
1077,2021-10-20 09:14:48,8800.0,300.0,490700.0
1078,2021-10-20 09:14:42,8800.0,100.0,490400.0
1079,2021-10-20 09:14:29,8800.0,1000.0,490300.0
1080,2021-10-20 09:14:15,8800.0,5000.0,489300.0
1081,2021-10-20 09:14:14,8800.0,100.0,484300.0
1082,2021-10-20 09:14:10,8800.0,5500.0,484200.0
1083,2021-10-20 09:14:06,8800.0,1000.0,478700.0
1084,2021-10-20 09:14:02,8800.0,8300.0,477700.0
1085,2021-10-20 09:14:01,8800.0,7900.0,469400.0
1086,2021-10-20 09:13:57,8800.0,8800.0,461500.0
1087,2021-10-20 09:13:53,8800.0,1000.0,452700.0
1088,2021-10-20 09:13:42,8800.0,3000.0,451700.0
1089,2021-10-20 09:13:30,8900.0,100.0,448700.0
1090,2021-10-20 09:13:25,8800.0,5100.0,448600.0
1091,2021-10-20 09:13:21,8900.0,11900.0,443500.0
1092,2021-10-20 09:13:13,8800.0,2000.0,431600.0
1093,2021-10-20 09:13:07,8800.0,500.0,429600.0
1094,2021-10-20 09:13:05,8800.0,10000.0,429100.0
1095,2021-10-20 09:12:58,8800.0,100.0,419100.0
1096,2021-10-20 09:12:50,8800.0,10000.0,419000.0
1097,2021-10-20 09:12:49,8900.0,100.0,409000.0
1098,2021-10-20 09:12:42,8800.0,500.0,408900.0
1099,2021-10-20 09:12:37,8800.0,3300.0,408400.0
1100,2021-10-20 09:12:36,8800.0,2000.0,405100.0
1101,2021-10-20 09:12:32,8800.0,200.0,403100.0
1102,2021-10-20 09:12:26,8800.0,500.0,402900.0
1103,2021-10-20 09:12:23,8800.0,1300.0,402400.0
1104,2021-10-20 09:12:09,8800.0,1000.0,401100.0
1105,2021-10-20 09:12:05,8900.0,1000.0,400100.0
1106,2021-10-20 09:11:52,8800.0,11000.0,399100.0
1107,2021-10-20 09:11:41,8900.0,1400.0,388100.0
1108,2021-10-20 09:11:39,8900.0,1100.0,386700.0
1109,2021-10-20 09:11:24,8900.0,1400.0,385600.0
1110,2021-10-20 09:11:21,8900.0,100.0,384200.0
1111,2021-10-20 09:11:19,8900.0,100.0,384100.0
1112,2021-10-20 09:11:12,8900.0,1000.0,384000.0
1113,2021-10-20 09:11:10,8900.0,100.0,383000.0
1114,2021-10-20 09:10:55,8900.0,1300.0,382900.0
1115,2021-10-20 09:10:52,8800.0,300.0,381600.0
1116,2021-10-20 09:10:51,8900.0,2900.0,381300.0
1117,2021-10-20 09:10:45,8800.0,300.0,378400.0
1118,2021-10-20 09:10:41,8800.0,100.0,378100.0
1119,2021-10-20 09:10:39,8900.0,2000.0,378000.0
1120,2021-10-20 09:10:21,8800.0,3000.0,376000.0
1121,2021-10-20 09:10:19,8900.0,400.0,373000.0
1122,2021-10-20 09:10:00,8900.0,1000.0,372600.0
1123,2021-10-20 09:09:49,8800.0,600.0,371600.0
1124,2021-10-20 09:09:48,8900.0,1000.0,371000.0
1125,2021-10-20 09:09:44,8800.0,10000.0,370000.0
1126,2021-10-20 09:09:35,8900.0,500.0,360000.0
1127,2021-10-20 09:09:32,8800.0,200.0,359500.0
1128,2021-10-20 09:09:31,8900.0,400.0,359300.0
1129,2021-10-20 09:09:27,8900.0,1000.0,358900.0
1130,2021-10-20 09:09:25,8900.0,5000.0,357900.0
1131,2021-10-20 09:09:23,8900.0,2000.0,352900.0
1132,2021-10-20 09:09:17,8900.0,300.0,350900.0
1133,2021-10-20 09:09:13,8900.0,200.0,350600.0
1134,2021-10-20 09:09:05,8900.0,1000.0,350400.0
1135,2021-10-20 09:09:02,8900.0,12300.0,349400.0
1136,2021-10-20 09:09:01,8900.0,13100.0,337100.0
1137,2021-10-20 09:08:48,8900.0,700.0,324000.0
1138,2021-10-20 09:08:36,8900.0,10000.0,323300.0
1139,2021-10-20 09:08:31,9000.0,1000.0,313300.0
1140,2021-10-20 09:08:27,9000.0,300.0,312300.0
1141,2021-10-20 09:08:11,9000.0,500.0,312000.0
1142,2021-10-20 09:08:02,9000.0,100.0,311500.0
1143,2021-10-20 09:07:57,9000.0,1000.0,311400.0
1144,2021-10-20 09:07:56,9000.0,2000.0,310400.0
1145,2021-10-20 09:07:54,9000.0,1000.0,308400.0
1146,2021-10-20 09:07:50,9000.0,100.0,307400.0
1147,2021-10-20 09:07:44,9000.0,2000.0,307300.0
1148,2021-10-20 09:07:41,9000.0,36800.0,305300.0
1149,2021-10-20 09:07:34,9000.0,100.0,268500.0
1150,2021-10-20 09:07:28,9000.0,1000.0,268400.0
1151,2021-10-20 09:07:23,9000.0,1000.0,267400.0
1152,2021-10-20 09:07:21,9000.0,8000.0,266400.0
1153,2021-10-20 09:07:18,9000.0,1000.0,258400.0
1154,2021-10-20 09:07:13,9000.0,9000.0,257400.0
1155,2021-10-20 09:07:11,9000.0,1600.0,248400.0
1156,2021-10-20 09:07:09,9000.0,4000.0,246800.0
1157,2021-10-20 09:07:08,9000.0,100.0,242800.0
1158,2021-10-20 09:07:06,9000.0,500.0,242700.0
1159,2021-10-20 09:06:56,9000.0,700.0,242200.0
1160,2021-10-20 09:06:48,9000.0,1000.0,241500.0
1161,2021-10-20 09:06:25,9100.0,500.0,240500.0
1162,2021-10-20 09:06:09,9100.0,100.0,240000.0
1163,2021-10-20 09:05:58,9100.0,1000.0,239900.0
1164,2021-10-20 09:05:53,9100.0,3100.0,238900.0
1165,2021-10-20 09:05:45,9000.0,1000.0,235800.0
1166,2021-10-20 09:05:44,9100.0,2000.0,234800.0
1167,2021-10-20 09:05:42,9100.0,100.0,232800.0
1168,2021-10-20 09:05:34,9000.0,1400.0,232700.0
1169,2021-10-20 09:05:31,9000.0,200.0,231300.0
1170,2021-10-20 09:05:28,9100.0,100.0,231100.0
1171,2021-10-20 09:05:21,9100.0,20000.0,231000.0
1172,2021-10-20 09:05:18,9100.0,200.0,211000.0
1173,2021-10-20 09:05:16,9100.0,3600.0,210800.0
1174,2021-10-20 09:05:10,9000.0,100.0,207200.0
1175,2021-10-20 09:05:05,9100.0,2000.0,207100.0
1176,2021-10-20 09:04:58,9100.0,4100.0,205100.0
1177,2021-10-20 09:04:57,9100.0,300.0,201000.0
1178,2021-10-20 09:04:52,9100.0,400.0,200700.0
1179,2021-10-20 09:04:45,9100.0,1000.0,200300.0
1180,2021-10-20 09:04:41,9100.0,1000.0,199300.0
1181,2021-10-20 09:04:20,9100.0,900.0,198300.0
1182,2021-10-20 09:04:13,9100.0,600.0,197400.0
1183,2021-10-20 09:04:12,9100.0,1000.0,196800.0
1184,2021-10-20 09:04:03,9100.0,2200.0,195800.0
1185,2021-10-20 09:03:55,9100.0,100.0,193600.0
1186,2021-10-20 09:03:43,9100.0,200.0,193500.0
1187,2021-10-20 09:03:38,9100.0,1500.0,193300.0
1188,2021-10-20 09:03:35,9000.0,2000.0,191800.0
1189,2021-10-20 09:03:16,9000.0,2000.0,189800.0
1190,2021-10-20 09:03:10,9000.0,500.0,187800.0
1191,2021-10-20 09:03:09,9000.0,10000.0,187300.0
1192,2021-10-20 09:03:03,9000.0,37600.0,177300.0
1193,2021-10-20 09:02:52,9000.0,100.0,139700.0
1194,2021-10-20 09:02:43,9000.0,9200.0,139600.0
1195,2021-10-20 09:02:39,9000.0,4500.0,130400.0
1196,2021-10-20 09:02:35,9000.0,500.0,125900.0
1197,2021-10-20 09:02:32,9000.0,1500.0,125400.0
1198,2021-10-20 09:02:27,9000.0,200.0,123900.0
1199,2021-10-20 09:02:20,9000.0,8300.0,123700.0
1200,2021-10-20 09:02:18,9000.0,5000.0,115400.0
1201,2021-10-20 09:02:17,9000.0,3100.0,110400.0
1202,2021-10-20 09:02:16,9000.0,5500.0,107300.0
1203,2021-10-20 09:02:15,9000.0,200.0,101800.0
1204,2021-10-20 09:02:10,9000.0,3100.0,101600.0
1205,2021-10-20 09:02:03,9000.0,100.0,98500.0
1206,2021-10-20 09:02:02,9000.0,15000.0,98400.0
1207,2021-10-20 09:01:58,9000.0,1000.0,83400.0
1208,2021-10-20 09:01:56,9000.0,5000.0,82400.0
1209,2021-10-20 09:01:44,9000.0,15000.0,77400.0
1210,2021-10-20 09:01:39,9000.0,300.0,62400.0
1211,2021-10-20 09:01:33,9000.0,1900.0,62100.0
1212,2021-10-20 09:01:20,8900.0,7300.0,60200.0
1213,2021-10-20 09:01:16,9000.0,2000.0,52900.0
1214,2021-10-20 09:01:14,8900.0,500.0,50900.0
1215,2021-10-20 09:01:04,8900.0,26800.0,50400.0
1216,2021-10-20 09:01:02,8900.0,500.0,23600.0
1217,2021-10-20 09:00:39,8900.0,4000.0,23100.0
1218,2021-10-20 09:00:38,8900.0,10000.0,19100.0
1219,2021-10-20 09:00:18,8600.0,100.0,9100.0
1220,2021-10-20 09:00:13,8900.0,1000.0,9000.0
1221,2021-10-20 09:00:10,8900.0,6000.0,8000.0
1222,2021-10-20 09:00:04,8900.0,2000.0,2000.0
