,Time,Price,Volume_per_trade,Volume
0,2021-10-18 14:59:42,7700.0,2500.0,1864420.0
1,2021-10-18 14:48:34,7700.0,1200.0,1861920.0
2,2021-10-18 14:45:03,7700.0,10200.0,1860720.0
3,2021-10-18 14:28:40,7700.0,1000.0,1850520.0
4,2021-10-18 14:28:16,7700.0,5000.0,1849520.0
5,2021-10-18 14:26:47,7700.0,3000.0,1844520.0
6,2021-10-18 14:25:31,7700.0,300.0,1841520.0
7,2021-10-18 14:19:37,7700.0,100.0,1841220.0
8,2021-10-18 14:19:19,7700.0,1.0,1841120.0
9,2021-10-18 14:17:52,7700.0,2000.0,1841119.0
10,2021-10-18 14:17:08,7700.0,1000.0,1839119.0
11,2021-10-18 14:16:11,7700.0,200.0,1838119.0
12,2021-10-18 14:06:29,7700.0,200.0,1837919.0
13,2021-10-18 13:52:16,7700.0,500.0,1837719.0
14,2021-10-18 13:49:30,7700.0,100.0,1837219.0
15,2021-10-18 13:41:19,7700.0,12000.0,1837119.0
16,2021-10-18 13:17:45,7700.0,100.0,1825119.0
17,2021-10-18 13:16:10,7700.0,4200.0,1825019.0
18,2021-10-18 13:16:08,7700.0,500.0,1820819.0
19,2021-10-18 13:12:39,7700.0,200.0,1820319.0
20,2021-10-18 13:12:22,7700.0,100.0,1820119.0
21,2021-10-18 13:10:27,7700.0,800.0,1820019.0
22,2021-10-18 13:10:11,7700.0,500.0,1819219.0
23,2021-10-18 13:01:46,7700.0,300.0,1818719.0
24,2021-10-18 13:01:30,7700.0,2000.0,1818419.0
25,2021-10-18 13:00:06,7700.0,100.0,1816419.0
26,2021-10-18 13:00:04,7700.0,500.0,1816319.0
27,2021-10-18 13:00:02,7700.0,1000.0,1815819.0
28,2021-10-18 11:23:42,7700.0,300.0,1814819.0
29,2021-10-18 11:23:20,7700.0,5800.0,1814519.0
30,2021-10-18 11:22:13,7700.0,300.0,1808719.0
31,2021-10-18 11:20:32,7700.0,1000.0,1808419.0
32,2021-10-18 11:19:53,7700.0,700.0,1807419.0
33,2021-10-18 11:19:13,7700.0,100.0,1806719.0
34,2021-10-18 11:17:25,7700.0,1000.0,1806619.0
35,2021-10-18 11:12:29,7700.0,1000.0,1805619.0
36,2021-10-18 11:02:48,7700.0,20000.0,1804619.0
37,2021-10-18 11:01:12,7700.0,500.0,1784619.0
38,2021-10-18 11:00:02,7700.0,100.0,1784119.0
39,2021-10-18 10:59:42,7700.0,500.0,1784019.0
40,2021-10-18 10:53:37,7700.0,100.0,1783519.0
41,2021-10-18 10:53:20,7700.0,1800.0,1783419.0
42,2021-10-18 10:52:55,7700.0,1000.0,1781619.0
43,2021-10-18 10:51:59,7700.0,800.0,1780619.0
44,2021-10-18 10:49:07,7700.0,100.0,1779819.0
45,2021-10-18 10:48:52,7700.0,200.0,1779719.0
46,2021-10-18 10:44:22,7700.0,500.0,1779519.0
47,2021-10-18 10:44:03,7700.0,500.0,1779019.0
48,2021-10-18 10:42:49,7700.0,138900.0,1778519.0
49,2021-10-18 10:42:38,7700.0,100.0,1639619.0
50,2021-10-18 10:42:33,7700.0,3000.0,1639519.0
51,2021-10-18 10:42:31,7700.0,1800.0,1636519.0
52,2021-10-18 10:42:26,7700.0,10000.0,1634719.0
53,2021-10-18 10:42:24,7600.0,1000.0,1624719.0
54,2021-10-18 10:41:52,7600.0,50000.0,1623719.0
55,2021-10-18 10:41:49,7700.0,20000.0,1573719.0
56,2021-10-18 10:41:33,7700.0,100.0,1553719.0
57,2021-10-18 10:41:24,7700.0,1000.0,1553619.0
58,2021-10-18 10:40:50,7700.0,800.0,1552619.0
59,2021-10-18 10:40:36,7700.0,11000.0,1551819.0
60,2021-10-18 10:40:32,7700.0,200.0,1540819.0
61,2021-10-18 10:40:21,7700.0,100.0,1540619.0
62,2021-10-18 10:39:41,7700.0,1500.0,1540519.0
63,2021-10-18 10:38:54,7700.0,1500.0,1539019.0
64,2021-10-18 10:38:47,7700.0,1200.0,1537519.0
65,2021-10-18 10:38:26,7700.0,200.0,1536319.0
66,2021-10-18 10:37:11,7700.0,100.0,1536119.0
67,2021-10-18 10:37:09,7700.0,1300.0,1536019.0
68,2021-10-18 10:36:31,7700.0,300.0,1534719.0
69,2021-10-18 10:36:20,7700.0,300.0,1534419.0
70,2021-10-18 10:36:07,7700.0,1000.0,1534119.0
71,2021-10-18 10:36:04,7700.0,200.0,1533119.0
72,2021-10-18 10:35:59,7700.0,1000.0,1532919.0
73,2021-10-18 10:35:46,7700.0,1000.0,1531919.0
74,2021-10-18 10:35:41,7700.0,1000.0,1530919.0
75,2021-10-18 10:35:16,7700.0,1200.0,1529919.0
76,2021-10-18 10:34:18,7600.0,100.0,1528719.0
77,2021-10-18 10:33:19,7600.0,10000.0,1528619.0
78,2021-10-18 10:33:07,7700.0,200.0,1518619.0
79,2021-10-18 10:33:01,7700.0,10200.0,1518419.0
80,2021-10-18 10:32:01,7700.0,600.0,1508219.0
81,2021-10-18 10:31:42,7700.0,100.0,1507619.0
82,2021-10-18 10:31:37,7700.0,400.0,1507519.0
83,2021-10-18 10:31:12,7700.0,1200.0,1507119.0
84,2021-10-18 10:30:58,7700.0,10000.0,1505919.0
85,2021-10-18 10:30:56,7700.0,200.0,1495919.0
86,2021-10-18 10:30:49,7700.0,200.0,1495719.0
87,2021-10-18 10:30:43,7600.0,200.0,1495519.0
88,2021-10-18 10:30:31,7700.0,2000.0,1495319.0
89,2021-10-18 10:29:48,7700.0,100.0,1493319.0
90,2021-10-18 10:29:32,7700.0,3400.0,1493219.0
91,2021-10-18 10:29:22,7700.0,10000.0,1489819.0
92,2021-10-18 10:29:03,7700.0,1200.0,1479819.0
93,2021-10-18 10:29:00,7700.0,1800.0,1478619.0
94,2021-10-18 10:28:40,7700.0,13000.0,1476819.0
95,2021-10-18 10:28:14,7600.0,6200.0,1463819.0
96,2021-10-18 10:28:06,7600.0,2500.0,1457619.0
97,2021-10-18 10:27:59,7600.0,1200.0,1455119.0
98,2021-10-18 10:27:45,7500.0,1100.0,1453919.0
99,2021-10-18 10:27:35,7600.0,8400.0,1452819.0
100,2021-10-18 10:26:40,7600.0,100.0,1444419.0
101,2021-10-18 10:26:39,7600.0,2400.0,1444319.0
102,2021-10-18 10:25:58,7600.0,400.0,1441919.0
103,2021-10-18 10:25:43,7600.0,1100.0,1441519.0
104,2021-10-18 10:24:59,7600.0,1200.0,1440419.0
105,2021-10-18 10:24:15,7600.0,500.0,1439219.0
106,2021-10-18 10:23:32,7600.0,1000.0,1438719.0
107,2021-10-18 10:23:25,7600.0,200.0,1437719.0
108,2021-10-18 10:23:19,7600.0,1000.0,1437519.0
109,2021-10-18 10:22:57,7600.0,500.0,1436519.0
110,2021-10-18 10:22:33,7600.0,10000.0,1436019.0
111,2021-10-18 10:22:19,7600.0,300.0,1426019.0
112,2021-10-18 10:22:16,7600.0,500.0,1425719.0
113,2021-10-18 10:22:08,7600.0,100.0,1425219.0
114,2021-10-18 10:22:07,7600.0,1200.0,1425119.0
115,2021-10-18 10:21:57,7600.0,4000.0,1423919.0
116,2021-10-18 10:21:42,7600.0,7300.0,1419919.0
117,2021-10-18 10:20:47,7600.0,3500.0,1412619.0
118,2021-10-18 10:20:36,7600.0,35000.0,1409119.0
119,2021-10-18 10:20:28,7600.0,300.0,1374119.0
120,2021-10-18 10:20:06,7600.0,25900.0,1373819.0
121,2021-10-18 10:19:47,7600.0,3000.0,1347919.0
122,2021-10-18 10:18:52,7600.0,4000.0,1344919.0
123,2021-10-18 10:18:15,7600.0,300.0,1340919.0
124,2021-10-18 10:17:51,7600.0,300.0,1340619.0
125,2021-10-18 10:17:49,7600.0,300.0,1340319.0
126,2021-10-18 10:16:42,7600.0,1000.0,1340019.0
127,2021-10-18 10:16:27,7600.0,1100.0,1339019.0
128,2021-10-18 10:16:20,7600.0,17400.0,1337919.0
129,2021-10-18 10:15:34,7600.0,4100.0,1320519.0
130,2021-10-18 10:14:54,7600.0,5500.0,1316419.0
131,2021-10-18 10:14:50,7600.0,1700.0,1310919.0
132,2021-10-18 10:14:47,7600.0,2600.0,1309219.0
133,2021-10-18 10:14:44,7600.0,1000.0,1306619.0
134,2021-10-18 10:14:32,7600.0,2500.0,1305619.0
135,2021-10-18 10:13:57,7600.0,800.0,1303119.0
136,2021-10-18 10:13:56,7600.0,1000.0,1302319.0
137,2021-10-18 10:13:34,7600.0,19200.0,1301319.0
138,2021-10-18 10:13:28,7600.0,100.0,1282119.0
139,2021-10-18 10:12:49,7600.0,27600.0,1282019.0
140,2021-10-18 10:12:00,7700.0,100.0,1254419.0
141,2021-10-18 10:11:56,7700.0,9000.0,1254319.0
142,2021-10-18 10:11:25,7700.0,5000.0,1245319.0
143,2021-10-18 10:10:43,7700.0,200.0,1240319.0
144,2021-10-18 10:10:35,7600.0,5000.0,1240119.0
145,2021-10-18 10:10:24,7700.0,3000.0,1235119.0
146,2021-10-18 10:09:30,7700.0,200.0,1232119.0
147,2021-10-18 10:09:04,7600.0,1000.0,1231919.0
148,2021-10-18 10:09:03,7700.0,600.0,1230919.0
149,2021-10-18 10:08:36,7600.0,300.0,1230319.0
150,2021-10-18 10:08:33,7700.0,500.0,1230019.0
151,2021-10-18 10:08:27,7600.0,300.0,1229519.0
152,2021-10-18 10:08:22,7700.0,1000.0,1229219.0
153,2021-10-18 10:08:16,7700.0,52000.0,1228219.0
154,2021-10-18 10:08:07,7700.0,2000.0,1176219.0
155,2021-10-18 10:08:04,7600.0,50000.0,1174219.0
156,2021-10-18 10:07:58,7700.0,4500.0,1124219.0
157,2021-10-18 10:07:33,7700.0,1000.0,1119719.0
158,2021-10-18 10:07:05,7700.0,5000.0,1118719.0
159,2021-10-18 10:06:47,7700.0,600.0,1113719.0
160,2021-10-18 10:06:42,7700.0,100.0,1113119.0
161,2021-10-18 10:06:26,7700.0,300.0,1113019.0
162,2021-10-18 10:06:10,7700.0,1000.0,1112719.0
163,2021-10-18 10:06:07,7700.0,5100.0,1111719.0
164,2021-10-18 10:05:51,7700.0,500.0,1106619.0
165,2021-10-18 10:02:20,7700.0,300.0,1106119.0
166,2021-10-18 10:02:04,7600.0,1000.0,1105819.0
167,2021-10-18 10:00:20,7700.0,5400.0,1104819.0
168,2021-10-18 10:00:15,7700.0,100.0,1099419.0
169,2021-10-18 09:59:20,7700.0,100.0,1099319.0
170,2021-10-18 09:59:11,7700.0,2200.0,1099219.0
171,2021-10-18 09:58:59,7700.0,100.0,1097019.0
172,2021-10-18 09:58:18,7700.0,500.0,1096919.0
173,2021-10-18 09:58:01,7700.0,15000.0,1096419.0
174,2021-10-18 09:57:03,7700.0,2400.0,1081419.0
175,2021-10-18 09:56:16,7700.0,200.0,1079019.0
176,2021-10-18 09:55:58,7600.0,16.0,1078819.0
177,2021-10-18 09:55:31,7600.0,10000.0,1078803.0
178,2021-10-18 09:55:14,7700.0,200.0,1068803.0
179,2021-10-18 09:54:15,7600.0,500.0,1068603.0
180,2021-10-18 09:54:12,7600.0,300.0,1068103.0
181,2021-10-18 09:53:50,7600.0,4700.0,1067803.0
182,2021-10-18 09:53:24,7600.0,500.0,1063103.0
183,2021-10-18 09:53:07,7600.0,4100.0,1062603.0
184,2021-10-18 09:53:03,7600.0,3000.0,1058503.0
185,2021-10-18 09:53:01,7600.0,200.0,1055503.0
186,2021-10-18 09:52:44,7600.0,100.0,1055303.0
187,2021-10-18 09:52:37,7600.0,2000.0,1055203.0
188,2021-10-18 09:52:22,7600.0,900.0,1053203.0
189,2021-10-18 09:52:14,7600.0,500.0,1052303.0
190,2021-10-18 09:52:08,7600.0,100.0,1051803.0
191,2021-10-18 09:51:41,7600.0,100.0,1051703.0
192,2021-10-18 09:51:25,7600.0,20000.0,1051603.0
193,2021-10-18 09:50:46,7600.0,200.0,1031603.0
194,2021-10-18 09:50:25,7600.0,10000.0,1031403.0
195,2021-10-18 09:50:00,7500.0,1100.0,1021403.0
196,2021-10-18 09:49:04,7600.0,2800.0,1020303.0
197,2021-10-18 09:47:51,7600.0,100.0,1017503.0
198,2021-10-18 09:47:48,7600.0,2000.0,1017403.0
199,2021-10-18 09:47:29,7600.0,2000.0,1015403.0
200,2021-10-18 09:47:23,7600.0,1000.0,1013403.0
201,2021-10-18 09:47:02,7600.0,7200.0,1012403.0
202,2021-10-18 09:46:31,7700.0,10000.0,1005203.0
203,2021-10-18 09:45:56,7600.0,300.0,995203.0
204,2021-10-18 09:45:51,7600.0,800.0,994903.0
205,2021-10-18 09:45:49,7600.0,1000.0,994103.0
206,2021-10-18 09:45:36,7600.0,12900.0,993103.0
207,2021-10-18 09:45:31,7700.0,500.0,980203.0
208,2021-10-18 09:45:12,7700.0,11000.0,979703.0
209,2021-10-18 09:45:01,7700.0,100.0,968703.0
210,2021-10-18 09:44:15,7700.0,4000.0,968603.0
211,2021-10-18 09:44:03,7600.0,1400.0,964603.0
212,2021-10-18 09:43:54,7600.0,300.0,963203.0
213,2021-10-18 09:43:28,7600.0,400.0,962903.0
214,2021-10-18 09:43:23,7600.0,1000.0,962503.0
215,2021-10-18 09:42:10,7600.0,2000.0,961503.0
216,2021-10-18 09:42:09,7600.0,11500.0,959503.0
217,2021-10-18 09:41:40,7600.0,500.0,948003.0
218,2021-10-18 09:41:36,7600.0,6600.0,947503.0
219,2021-10-18 09:41:29,7600.0,1000.0,940903.0
220,2021-10-18 09:41:12,7600.0,2000.0,939903.0
221,2021-10-18 09:41:06,7600.0,1000.0,937903.0
222,2021-10-18 09:40:41,7600.0,200.0,936903.0
223,2021-10-18 09:40:15,7600.0,10000.0,936703.0
224,2021-10-18 09:40:09,7500.0,4000.0,926703.0
225,2021-10-18 09:39:38,7600.0,100.0,922703.0
226,2021-10-18 09:39:25,7600.0,1000.0,922603.0
227,2021-10-18 09:38:35,7600.0,100.0,921603.0
228,2021-10-18 09:38:34,7600.0,3000.0,921503.0
229,2021-10-18 09:38:11,7600.0,300.0,918503.0
230,2021-10-18 09:38:01,7600.0,100.0,918203.0
231,2021-10-18 09:37:56,7600.0,6600.0,918103.0
232,2021-10-18 09:37:55,7600.0,1000.0,911503.0
233,2021-10-18 09:37:32,7600.0,1500.0,910503.0
234,2021-10-18 09:37:29,7600.0,200.0,909003.0
235,2021-10-18 09:36:53,7600.0,100.0,908803.0
236,2021-10-18 09:36:41,7600.0,100.0,908703.0
237,2021-10-18 09:36:38,7600.0,1200.0,908603.0
238,2021-10-18 09:36:35,7600.0,1400.0,907403.0
239,2021-10-18 09:36:26,7600.0,2100.0,906003.0
240,2021-10-18 09:36:23,7600.0,100.0,903903.0
241,2021-10-18 09:36:22,7600.0,47800.0,903803.0
242,2021-10-18 09:36:11,7600.0,2000.0,856003.0
243,2021-10-18 09:35:53,7600.0,500.0,854003.0
244,2021-10-18 09:35:44,7600.0,2000.0,853503.0
245,2021-10-18 09:35:40,7600.0,500.0,851503.0
246,2021-10-18 09:35:16,7600.0,100.0,851003.0
247,2021-10-18 09:35:12,7600.0,400.0,850903.0
248,2021-10-18 09:35:07,7600.0,1500.0,850503.0
249,2021-10-18 09:34:34,7600.0,1000.0,849003.0
250,2021-10-18 09:34:26,7700.0,300.0,848003.0
251,2021-10-18 09:34:23,7700.0,500.0,847703.0
252,2021-10-18 09:34:22,7700.0,2800.0,847203.0
253,2021-10-18 09:33:28,7700.0,300.0,844403.0
254,2021-10-18 09:33:21,7700.0,5000.0,844103.0
255,2021-10-18 09:32:56,7600.0,1500.0,839103.0
256,2021-10-18 09:32:42,7600.0,700.0,837603.0
257,2021-10-18 09:32:32,7600.0,14000.0,836903.0
258,2021-10-18 09:32:16,7600.0,20000.0,822903.0
259,2021-10-18 09:32:07,7700.0,1000.0,802903.0
260,2021-10-18 09:32:02,7600.0,500.0,801903.0
261,2021-10-18 09:31:52,7700.0,1000.0,801403.0
262,2021-10-18 09:31:38,7700.0,900.0,800403.0
263,2021-10-18 09:31:23,7700.0,100.0,799503.0
264,2021-10-18 09:31:10,7600.0,4600.0,799403.0
265,2021-10-18 09:31:08,7600.0,2000.0,794803.0
266,2021-10-18 09:31:02,7600.0,2000.0,792803.0
267,2021-10-18 09:30:52,7600.0,1000.0,790803.0
268,2021-10-18 09:30:50,7600.0,3200.0,789803.0
269,2021-10-18 09:30:48,7600.0,300.0,786603.0
270,2021-10-18 09:30:38,7600.0,7100.0,786303.0
271,2021-10-18 09:30:29,7700.0,2000.0,779203.0
272,2021-10-18 09:30:26,7700.0,22000.0,777203.0
273,2021-10-18 09:30:21,7700.0,1000.0,755203.0
274,2021-10-18 09:29:48,7600.0,300.0,754203.0
275,2021-10-18 09:29:42,7600.0,5000.0,753903.0
276,2021-10-18 09:29:27,7600.0,34600.0,748903.0
277,2021-10-18 09:29:26,7600.0,500.0,714303.0
278,2021-10-18 09:29:11,7600.0,13300.0,713803.0
279,2021-10-18 09:28:59,7600.0,100.0,700503.0
280,2021-10-18 09:28:50,7600.0,1000.0,700403.0
281,2021-10-18 09:28:40,7600.0,800.0,699403.0
282,2021-10-18 09:28:30,7600.0,1200.0,698603.0
283,2021-10-18 09:28:20,7600.0,2300.0,697403.0
284,2021-10-18 09:28:00,7500.0,400.0,695103.0
285,2021-10-18 09:27:45,7500.0,400.0,694703.0
286,2021-10-18 09:27:39,7500.0,300.0,694303.0
287,2021-10-18 09:27:16,7500.0,500.0,694003.0
288,2021-10-18 09:27:00,7500.0,5000.0,693503.0
289,2021-10-18 09:26:51,7500.0,50000.0,688503.0
290,2021-10-18 09:26:14,7500.0,2400.0,638503.0
291,2021-10-18 09:26:12,7500.0,3200.0,636103.0
292,2021-10-18 09:25:27,7500.0,2000.0,632903.0
293,2021-10-18 09:24:24,7500.0,13800.0,630903.0
294,2021-10-18 09:24:03,7500.0,1400.0,617103.0
295,2021-10-18 09:23:27,7500.0,6000.0,615703.0
296,2021-10-18 09:22:40,7500.0,4800.0,609703.0
297,2021-10-18 09:22:04,7500.0,3100.0,604903.0
298,2021-10-18 09:21:10,7400.0,1000.0,601803.0
299,2021-10-18 09:20:59,7400.0,400.0,600803.0
300,2021-10-18 09:20:54,7500.0,5000.0,600403.0
301,2021-10-18 09:20:44,7400.0,4000.0,595403.0
302,2021-10-18 09:20:29,7400.0,500.0,591403.0
303,2021-10-18 09:20:17,7500.0,6000.0,590903.0
304,2021-10-18 09:19:44,7500.0,200.0,584903.0
305,2021-10-18 09:18:52,7500.0,600.0,584703.0
306,2021-10-18 09:18:34,7500.0,3500.0,584103.0
307,2021-10-18 09:18:14,7500.0,600.0,580603.0
308,2021-10-18 09:17:56,7500.0,1000.0,580003.0
309,2021-10-18 09:17:49,7500.0,6400.0,579003.0
310,2021-10-18 09:17:31,7500.0,2000.0,572603.0
311,2021-10-18 09:16:50,7500.0,1000.0,570603.0
312,2021-10-18 09:16:43,7400.0,5000.0,569603.0
313,2021-10-18 09:16:42,7400.0,2900.0,564603.0
314,2021-10-18 09:16:35,7300.0,2000.0,561703.0
315,2021-10-18 09:16:34,7400.0,2000.0,559703.0
316,2021-10-18 09:16:31,7300.0,2000.0,557703.0
317,2021-10-18 09:16:30,7300.0,2600.0,555703.0
318,2021-10-18 09:16:16,7300.0,5500.0,553103.0
319,2021-10-18 09:16:06,7400.0,10300.0,547603.0
320,2021-10-18 09:15:55,7500.0,15900.0,537303.0
321,2021-10-18 09:15:54,7500.0,5000.0,521403.0
322,2021-10-18 09:15:48,7500.0,18100.0,516403.0
323,2021-10-18 09:15:43,7600.0,5000.0,498303.0
324,2021-10-18 09:15:42,7600.0,200.0,493303.0
325,2021-10-18 09:15:35,7500.0,5003.0,493103.0
326,2021-10-18 09:15:28,7600.0,500.0,488100.0
327,2021-10-18 09:15:16,7600.0,300.0,487600.0
328,2021-10-18 09:15:15,7600.0,100.0,487300.0
329,2021-10-18 09:15:13,7600.0,3800.0,487200.0
330,2021-10-18 09:15:06,7600.0,1000.0,483400.0
331,2021-10-18 09:14:51,7600.0,10000.0,482400.0
332,2021-10-18 09:14:25,7600.0,100.0,472400.0
333,2021-10-18 09:14:23,7600.0,3300.0,472300.0
334,2021-10-18 09:14:22,7600.0,3000.0,469000.0
335,2021-10-18 09:14:11,7600.0,5000.0,466000.0
336,2021-10-18 09:14:10,7600.0,1400.0,461000.0
337,2021-10-18 09:14:04,7600.0,1800.0,459600.0
338,2021-10-18 09:14:02,7600.0,5000.0,457800.0
339,2021-10-18 09:14:00,7600.0,20000.0,452800.0
340,2021-10-18 09:13:49,7600.0,600.0,432800.0
341,2021-10-18 09:13:46,7600.0,100.0,432200.0
342,2021-10-18 09:13:45,7600.0,2800.0,432100.0
343,2021-10-18 09:13:36,7600.0,200.0,429300.0
344,2021-10-18 09:13:34,7600.0,1000.0,429100.0
345,2021-10-18 09:13:22,7600.0,7200.0,428100.0
346,2021-10-18 09:13:10,7600.0,10000.0,420900.0
347,2021-10-18 09:13:04,7600.0,100.0,410900.0
348,2021-10-18 09:12:55,7500.0,500.0,410800.0
349,2021-10-18 09:12:45,7600.0,100.0,410300.0
350,2021-10-18 09:12:17,7600.0,1200.0,410200.0
351,2021-10-18 09:12:12,7500.0,19300.0,409000.0
352,2021-10-18 09:12:02,7500.0,20000.0,389700.0
353,2021-10-18 09:11:51,7400.0,5000.0,369700.0
354,2021-10-18 09:11:45,7400.0,1300.0,364700.0
355,2021-10-18 09:11:38,7400.0,1000.0,363400.0
356,2021-10-18 09:11:30,7400.0,5000.0,362400.0
357,2021-10-18 09:10:35,7400.0,12000.0,357400.0
358,2021-10-18 09:10:25,7200.0,500.0,345400.0
359,2021-10-18 09:10:23,7200.0,200.0,344900.0
360,2021-10-18 09:10:13,7300.0,900.0,344700.0
361,2021-10-18 09:10:06,7300.0,3000.0,343800.0
362,2021-10-18 09:10:01,7300.0,10300.0,340800.0
363,2021-10-18 09:10:00,7300.0,5000.0,330500.0
364,2021-10-18 09:09:56,7300.0,2900.0,325500.0
365,2021-10-18 09:09:49,7300.0,1200.0,322600.0
366,2021-10-18 09:09:24,7300.0,31500.0,321400.0
367,2021-10-18 09:09:17,7100.0,700.0,289900.0
368,2021-10-18 09:09:08,7100.0,1000.0,289200.0
369,2021-10-18 09:09:04,7100.0,500.0,288200.0
370,2021-10-18 09:09:03,7100.0,300.0,287700.0
371,2021-10-18 09:08:53,7100.0,2000.0,287400.0
372,2021-10-18 09:08:36,7100.0,2000.0,285400.0
373,2021-10-18 09:08:09,7100.0,1500.0,283400.0
374,2021-10-18 09:07:58,6900.0,100.0,281900.0
375,2021-10-18 09:07:52,6900.0,500.0,281800.0
376,2021-10-18 09:07:51,7100.0,40000.0,281300.0
377,2021-10-18 09:07:49,7000.0,2300.0,241300.0
378,2021-10-18 09:07:19,6800.0,200.0,239000.0
379,2021-10-18 09:07:17,7000.0,3000.0,238800.0
380,2021-10-18 09:06:40,7000.0,15000.0,235800.0
381,2021-10-18 09:06:28,6800.0,8600.0,220800.0
382,2021-10-18 09:06:23,6800.0,200.0,212200.0
383,2021-10-18 09:06:21,6800.0,700.0,212000.0
384,2021-10-18 09:06:19,6800.0,10500.0,211300.0
385,2021-10-18 09:06:16,6800.0,2000.0,200800.0
386,2021-10-18 09:06:05,6800.0,11000.0,198800.0
387,2021-10-18 09:06:04,6800.0,29000.0,187800.0
388,2021-10-18 09:05:51,6800.0,100.0,158800.0
389,2021-10-18 09:05:50,6800.0,1000.0,158700.0
390,2021-10-18 09:05:46,6800.0,1600.0,157700.0
391,2021-10-18 09:05:39,6700.0,300.0,156100.0
392,2021-10-18 09:05:37,6800.0,15000.0,155800.0
393,2021-10-18 09:05:30,6700.0,200.0,140800.0
394,2021-10-18 09:05:26,6700.0,2000.0,140600.0
395,2021-10-18 09:05:18,6700.0,100.0,138600.0
396,2021-10-18 09:05:17,6700.0,1000.0,138500.0
397,2021-10-18 09:05:16,6800.0,1200.0,137500.0
398,2021-10-18 09:05:11,6800.0,100.0,136300.0
399,2021-10-18 09:05:09,6800.0,1200.0,136200.0
400,2021-10-18 09:05:07,6800.0,15000.0,135000.0
401,2021-10-18 09:05:05,6800.0,900.0,120000.0
402,2021-10-18 09:05:04,6800.0,3000.0,119100.0
403,2021-10-18 09:05:02,6800.0,28200.0,116100.0
404,2021-10-18 09:04:52,6800.0,1000.0,87900.0
405,2021-10-18 09:04:51,6800.0,400.0,86900.0
406,2021-10-18 09:04:49,6800.0,1000.0,86500.0
407,2021-10-18 09:04:27,6800.0,3000.0,85500.0
408,2021-10-18 09:04:25,6800.0,300.0,82500.0
409,2021-10-18 09:04:20,6800.0,200.0,82200.0
410,2021-10-18 09:04:14,6800.0,11200.0,82000.0
411,2021-10-18 09:04:13,6800.0,2800.0,70800.0
412,2021-10-18 09:04:08,6800.0,1000.0,68000.0
413,2021-10-18 09:04:05,6800.0,3200.0,67000.0
414,2021-10-18 09:04:04,6800.0,2000.0,63800.0
415,2021-10-18 09:04:03,6800.0,100.0,61800.0
416,2021-10-18 09:03:52,6800.0,16500.0,61700.0
417,2021-10-18 09:03:51,6800.0,2700.0,45200.0
418,2021-10-18 09:03:44,6800.0,300.0,42500.0
419,2021-10-18 09:03:38,6800.0,4500.0,42200.0
420,2021-10-18 09:03:34,6800.0,1000.0,37700.0
421,2021-10-18 09:03:29,6800.0,800.0,36700.0
422,2021-10-18 09:03:26,6800.0,10000.0,35900.0
423,2021-10-18 09:03:19,6800.0,200.0,25900.0
424,2021-10-18 09:03:01,6900.0,8600.0,25700.0
425,2021-10-18 09:02:57,6900.0,200.0,17100.0
426,2021-10-18 09:02:48,6900.0,4000.0,16900.0
427,2021-10-18 09:02:43,6900.0,100.0,12900.0
428,2021-10-18 09:02:30,7000.0,1000.0,12800.0
429,2021-10-18 09:02:12,7000.0,1000.0,11800.0
430,2021-10-18 09:01:55,7000.0,3300.0,10800.0
431,2021-10-18 09:01:02,7000.0,400.0,7500.0
432,2021-10-18 09:00:58,7000.0,4200.0,7100.0
433,2021-10-18 09:00:40,7000.0,500.0,2900.0
434,2021-10-18 09:00:30,7000.0,300.0,2400.0
435,2021-10-18 09:00:14,7000.0,400.0,2100.0
436,2021-10-18 09:00:11,7000.0,1500.0,1700.0
437,2021-10-18 09:00:04,7000.0,200.0,200.0
