,Time,Price,Volume_per_trade,Volume
0,2021-10-08 14:45:01,5600.0,136900.0,3699411.0
1,2021-10-08 14:21:23,5600.0,4400.0,3562511.0
2,2021-10-08 14:21:00,5600.0,600.0,3558111.0
3,2021-10-08 14:20:52,5600.0,200.0,3557511.0
4,2021-10-08 14:20:50,5600.0,1000.0,3557311.0
5,2021-10-08 14:19:45,5600.0,1000.0,3556311.0
6,2021-10-08 14:16:03,5600.0,2000.0,3555311.0
7,2021-10-08 14:12:18,5600.0,2600.0,3553311.0
8,2021-10-08 14:05:21,5600.0,400.0,3550711.0
9,2021-10-08 14:03:55,5600.0,6000.0,3550311.0
10,2021-10-08 14:03:51,5600.0,200.0,3544311.0
11,2021-10-08 14:03:09,5600.0,300.0,3544111.0
12,2021-10-08 14:03:02,5600.0,5000.0,3543811.0
13,2021-10-08 14:02:47,5600.0,1500.0,3538811.0
14,2021-10-08 13:59:46,5600.0,5000.0,3537311.0
15,2021-10-08 13:57:37,5600.0,100.0,3532311.0
16,2021-10-08 13:56:55,5600.0,66.0,3532211.0
17,2021-10-08 13:55:53,5600.0,2800.0,3532145.0
18,2021-10-08 13:55:30,5600.0,2900.0,3529345.0
19,2021-10-08 13:55:04,5600.0,1000.0,3526445.0
20,2021-10-08 13:54:36,5600.0,1300.0,3525445.0
21,2021-10-08 13:54:32,5600.0,6000.0,3524145.0
22,2021-10-08 13:54:17,5600.0,1500.0,3518145.0
23,2021-10-08 13:54:11,5600.0,10200.0,3516645.0
24,2021-10-08 13:54:07,5600.0,5000.0,3506445.0
25,2021-10-08 13:54:04,5600.0,2000.0,3501445.0
26,2021-10-08 13:54:03,5600.0,1200.0,3499445.0
27,2021-10-08 13:53:57,5600.0,300.0,3498245.0
28,2021-10-08 13:53:53,5600.0,3000.0,3497945.0
29,2021-10-08 13:53:23,5600.0,2000.0,3494945.0
30,2021-10-08 13:53:13,5600.0,900.0,3492945.0
31,2021-10-08 13:52:52,5600.0,300.0,3492045.0
32,2021-10-08 13:52:46,5600.0,500.0,3491745.0
33,2021-10-08 13:52:37,5600.0,2500.0,3491245.0
34,2021-10-08 13:52:35,5600.0,15000.0,3488745.0
35,2021-10-08 13:52:07,5600.0,100.0,3473745.0
36,2021-10-08 13:51:47,5600.0,7000.0,3473645.0
37,2021-10-08 13:51:36,5600.0,1000.0,3466645.0
38,2021-10-08 13:51:21,5600.0,7700.0,3465645.0
39,2021-10-08 13:51:11,5500.0,2000.0,3457945.0
40,2021-10-08 13:51:03,5600.0,6800.0,3455945.0
41,2021-10-08 13:50:55,5600.0,2600.0,3449145.0
42,2021-10-08 13:50:54,5600.0,500.0,3446545.0
43,2021-10-08 13:50:51,5600.0,2000.0,3446045.0
44,2021-10-08 13:50:44,5600.0,10000.0,3444045.0
45,2021-10-08 13:50:33,5600.0,10000.0,3434045.0
46,2021-10-08 13:49:59,5600.0,100.0,3424045.0
47,2021-10-08 13:49:42,5600.0,1000.0,3423945.0
48,2021-10-08 13:49:21,5600.0,500.0,3422945.0
49,2021-10-08 13:48:53,5600.0,800.0,3422445.0
50,2021-10-08 13:48:52,5600.0,11200.0,3421645.0
51,2021-10-08 13:48:50,5600.0,300.0,3410445.0
52,2021-10-08 13:48:41,5600.0,500.0,3410145.0
53,2021-10-08 13:48:04,5600.0,200.0,3409645.0
54,2021-10-08 13:47:42,5600.0,5000.0,3409445.0
55,2021-10-08 13:47:17,5600.0,1000.0,3404445.0
56,2021-10-08 13:47:14,5600.0,500.0,3403445.0
57,2021-10-08 13:47:04,5600.0,100.0,3402945.0
58,2021-10-08 13:46:50,5600.0,2000.0,3402845.0
59,2021-10-08 13:46:34,5600.0,1000.0,3400845.0
60,2021-10-08 13:46:14,5500.0,30000.0,3399845.0
61,2021-10-08 13:46:05,5600.0,500.0,3369845.0
62,2021-10-08 13:45:49,5600.0,3900.0,3369345.0
63,2021-10-08 13:45:41,5600.0,15000.0,3365445.0
64,2021-10-08 13:45:32,5600.0,100.0,3350445.0
65,2021-10-08 13:45:00,5600.0,100.0,3350345.0
66,2021-10-08 13:44:49,5600.0,200.0,3350245.0
67,2021-10-08 13:44:14,5600.0,100.0,3350045.0
68,2021-10-08 13:44:12,5600.0,500.0,3349945.0
69,2021-10-08 13:44:08,5600.0,1000.0,3349445.0
70,2021-10-08 13:43:37,5600.0,3600.0,3348445.0
71,2021-10-08 13:43:35,5600.0,100.0,3344845.0
72,2021-10-08 13:43:33,5600.0,100.0,3344745.0
73,2021-10-08 13:43:12,5600.0,1000.0,3344645.0
74,2021-10-08 13:43:04,5600.0,1300.0,3343645.0
75,2021-10-08 13:42:54,5600.0,500.0,3342345.0
76,2021-10-08 13:42:32,5600.0,2000.0,3341845.0
77,2021-10-08 13:42:23,5600.0,400.0,3339845.0
78,2021-10-08 13:42:20,5600.0,300.0,3339445.0
79,2021-10-08 13:42:16,5600.0,400.0,3339145.0
80,2021-10-08 13:42:04,5600.0,1600.0,3338745.0
81,2021-10-08 13:41:55,5600.0,2900.0,3337145.0
82,2021-10-08 13:41:52,5600.0,2000.0,3334245.0
83,2021-10-08 13:41:50,5600.0,300.0,3332245.0
84,2021-10-08 13:41:38,5600.0,2100.0,3331945.0
85,2021-10-08 13:41:28,5600.0,5000.0,3329845.0
86,2021-10-08 13:41:14,5600.0,500.0,3324845.0
87,2021-10-08 13:40:59,5600.0,4100.0,3324345.0
88,2021-10-08 13:40:58,5600.0,3000.0,3320245.0
89,2021-10-08 13:40:56,5600.0,2000.0,3317245.0
90,2021-10-08 13:40:38,5600.0,1000.0,3315245.0
91,2021-10-08 13:40:18,5600.0,3000.0,3314245.0
92,2021-10-08 13:40:13,5600.0,1200.0,3311245.0
93,2021-10-08 13:40:05,5600.0,2000.0,3310045.0
94,2021-10-08 13:40:03,5600.0,100.0,3308045.0
95,2021-10-08 13:39:49,5600.0,6400.0,3307945.0
96,2021-10-08 13:39:10,5600.0,2000.0,3301545.0
97,2021-10-08 13:39:00,5600.0,400.0,3299545.0
98,2021-10-08 13:38:51,5600.0,58000.0,3299145.0
99,2021-10-08 13:38:00,5600.0,300.0,3241145.0
100,2021-10-08 13:37:42,5600.0,2000.0,3240845.0
101,2021-10-08 13:37:30,5600.0,7900.0,3238845.0
102,2021-10-08 13:37:19,5600.0,10000.0,3230945.0
103,2021-10-08 13:37:12,5600.0,2000.0,3220945.0
104,2021-10-08 13:36:58,5600.0,10000.0,3218945.0
105,2021-10-08 13:36:12,5600.0,66.0,3208945.0
106,2021-10-08 13:35:32,5600.0,500.0,3208879.0
107,2021-10-08 13:35:10,5600.0,1000.0,3208379.0
108,2021-10-08 13:34:48,5600.0,7500.0,3207379.0
109,2021-10-08 13:33:51,5600.0,5000.0,3199879.0
110,2021-10-08 13:33:40,5600.0,1300.0,3194879.0
111,2021-10-08 13:33:38,5600.0,100.0,3193579.0
112,2021-10-08 13:33:37,5600.0,900.0,3193479.0
113,2021-10-08 13:33:32,5600.0,5000.0,3192579.0
114,2021-10-08 13:33:26,5600.0,500.0,3187579.0
115,2021-10-08 13:33:23,5600.0,900.0,3187079.0
116,2021-10-08 13:33:21,5600.0,1000.0,3186179.0
117,2021-10-08 13:33:14,5600.0,2100.0,3185179.0
118,2021-10-08 13:33:13,5600.0,200.0,3183079.0
119,2021-10-08 13:33:09,5600.0,1000.0,3182879.0
120,2021-10-08 13:33:00,5600.0,300.0,3181879.0
121,2021-10-08 13:32:49,5600.0,9300.0,3181579.0
122,2021-10-08 13:32:44,5600.0,1700.0,3172279.0
123,2021-10-08 13:32:22,5600.0,500.0,3170579.0
124,2021-10-08 13:32:08,5600.0,100.0,3170079.0
125,2021-10-08 13:31:57,5600.0,800.0,3169979.0
126,2021-10-08 13:31:54,5600.0,1800.0,3169179.0
127,2021-10-08 13:31:47,5600.0,5000.0,3167379.0
128,2021-10-08 13:31:10,5600.0,2300.0,3162379.0
129,2021-10-08 13:30:53,5600.0,40000.0,3160079.0
130,2021-10-08 13:30:29,5600.0,43800.0,3120079.0
131,2021-10-08 13:30:13,5600.0,600.0,3076279.0
132,2021-10-08 13:29:55,5600.0,5000.0,3075679.0
133,2021-10-08 13:29:44,5600.0,2000.0,3070679.0
134,2021-10-08 13:29:38,5600.0,50000.0,3068679.0
135,2021-10-08 13:28:35,5600.0,500.0,3018679.0
136,2021-10-08 13:26:38,5600.0,1500.0,3018179.0
137,2021-10-08 13:25:50,5600.0,1000.0,3016679.0
138,2021-10-08 13:24:55,5600.0,6800.0,3015679.0
139,2021-10-08 13:24:48,5600.0,1600.0,3008879.0
140,2021-10-08 13:24:47,5600.0,5000.0,3007279.0
141,2021-10-08 13:24:44,5600.0,5100.0,3002279.0
142,2021-10-08 13:24:37,5600.0,1400.0,2997179.0
143,2021-10-08 13:24:34,5600.0,9000.0,2995779.0
144,2021-10-08 13:24:21,5600.0,5000.0,2986779.0
145,2021-10-08 13:24:07,5600.0,5000.0,2981779.0
146,2021-10-08 13:24:03,5600.0,5000.0,2976779.0
147,2021-10-08 13:23:56,5500.0,2000.0,2971779.0
148,2021-10-08 13:23:54,5600.0,100.0,2969779.0
149,2021-10-08 13:23:50,5600.0,1000.0,2969679.0
150,2021-10-08 13:23:49,5600.0,10000.0,2968679.0
151,2021-10-08 13:23:47,5600.0,20000.0,2958679.0
152,2021-10-08 13:23:44,5600.0,1000.0,2938679.0
153,2021-10-08 13:23:41,5600.0,5000.0,2937679.0
154,2021-10-08 13:23:35,5600.0,11000.0,2932679.0
155,2021-10-08 13:23:32,5600.0,800.0,2921679.0
156,2021-10-08 13:23:30,5600.0,1000.0,2920879.0
157,2021-10-08 13:23:28,5600.0,900.0,2919879.0
158,2021-10-08 13:23:26,5600.0,14900.0,2918979.0
159,2021-10-08 13:23:25,5600.0,500.0,2904079.0
160,2021-10-08 13:23:23,5600.0,9000.0,2903579.0
161,2021-10-08 13:23:21,5600.0,23100.0,2894579.0
162,2021-10-08 13:23:09,5600.0,23200.0,2871479.0
163,2021-10-08 13:23:06,5600.0,5000.0,2848279.0
164,2021-10-08 13:23:05,5600.0,2500.0,2843279.0
165,2021-10-08 13:22:50,5600.0,2000.0,2840779.0
166,2021-10-08 13:22:41,5600.0,1000.0,2838779.0
167,2021-10-08 13:21:34,5600.0,6000.0,2837779.0
168,2021-10-08 13:21:09,5600.0,6400.0,2831779.0
169,2021-10-08 13:21:00,5600.0,3000.0,2825379.0
170,2021-10-08 13:20:49,5600.0,100.0,2822379.0
171,2021-10-08 13:20:20,5600.0,500.0,2822279.0
172,2021-10-08 13:20:06,5600.0,500.0,2821779.0
173,2021-10-08 13:20:05,5600.0,10000.0,2821279.0
174,2021-10-08 13:19:59,5600.0,5000.0,2811279.0
175,2021-10-08 13:19:38,5600.0,100.0,2806279.0
176,2021-10-08 13:19:30,5600.0,4500.0,2806179.0
177,2021-10-08 13:19:24,5600.0,500.0,2801679.0
178,2021-10-08 13:18:50,5600.0,500.0,2801179.0
179,2021-10-08 13:18:28,5600.0,700.0,2800679.0
180,2021-10-08 13:18:25,5600.0,10000.0,2799979.0
181,2021-10-08 13:17:35,5600.0,1000.0,2789979.0
182,2021-10-08 13:17:03,5600.0,3400.0,2788979.0
183,2021-10-08 13:16:39,5600.0,3500.0,2785579.0
184,2021-10-08 13:16:24,5600.0,5000.0,2782079.0
185,2021-10-08 13:16:22,5600.0,3000.0,2777079.0
186,2021-10-08 13:16:10,5600.0,3500.0,2774079.0
187,2021-10-08 13:15:14,5600.0,6100.0,2770579.0
188,2021-10-08 13:15:13,5500.0,3000.0,2764479.0
189,2021-10-08 13:14:07,5600.0,800.0,2761479.0
190,2021-10-08 13:13:24,5600.0,4000.0,2760679.0
191,2021-10-08 13:13:07,5600.0,1600.0,2756679.0
192,2021-10-08 13:12:14,5600.0,200.0,2755079.0
193,2021-10-08 13:11:47,5600.0,10000.0,2754879.0
194,2021-10-08 13:11:45,5500.0,29100.0,2744879.0
195,2021-10-08 13:11:38,5600.0,4000.0,2715779.0
196,2021-10-08 13:11:29,5600.0,40100.0,2711779.0
197,2021-10-08 13:11:13,5600.0,5000.0,2671679.0
198,2021-10-08 13:11:03,5600.0,200.0,2666679.0
199,2021-10-08 13:11:01,5600.0,4900.0,2666479.0
200,2021-10-08 13:10:30,5600.0,10000.0,2661579.0
201,2021-10-08 13:10:18,5600.0,1300.0,2651579.0
202,2021-10-08 13:10:11,5600.0,50000.0,2650279.0
203,2021-10-08 13:09:37,5600.0,2000.0,2600279.0
204,2021-10-08 13:08:45,5600.0,1000.0,2598279.0
205,2021-10-08 13:08:07,5600.0,13500.0,2597279.0
206,2021-10-08 13:07:42,5600.0,900.0,2583779.0
207,2021-10-08 13:07:36,5600.0,3000.0,2582879.0
208,2021-10-08 13:07:08,5600.0,10000.0,2579879.0
209,2021-10-08 13:06:11,5600.0,100.0,2569879.0
210,2021-10-08 13:05:55,5600.0,10000.0,2569779.0
211,2021-10-08 13:04:19,5600.0,4000.0,2559779.0
212,2021-10-08 13:04:18,5500.0,30000.0,2555779.0
213,2021-10-08 13:03:57,5600.0,3700.0,2525779.0
214,2021-10-08 13:03:53,5600.0,200000.0,2522079.0
215,2021-10-08 13:03:34,5600.0,17500.0,2322079.0
216,2021-10-08 13:02:29,5600.0,1000.0,2304579.0
217,2021-10-08 13:00:51,5600.0,5000.0,2303579.0
218,2021-10-08 13:00:16,5600.0,5000.0,2298579.0
219,2021-10-08 13:00:09,5600.0,10200.0,2293579.0
220,2021-10-08 13:00:08,5600.0,2000.0,2283379.0
221,2021-10-08 13:00:07,5600.0,11000.0,2281379.0
222,2021-10-08 13:00:06,5600.0,2400.0,2270379.0
223,2021-10-08 13:00:05,5600.0,10400.0,2267979.0
224,2021-10-08 13:00:04,5600.0,300.0,2257579.0
225,2021-10-08 11:24:32,5600.0,10000.0,2257279.0
226,2021-10-08 11:24:26,5600.0,12000.0,2247279.0
227,2021-10-08 11:21:03,5600.0,100.0,2235279.0
228,2021-10-08 11:20:55,5600.0,1000.0,2235179.0
229,2021-10-08 11:20:33,5600.0,1000.0,2234179.0
230,2021-10-08 11:20:20,5600.0,500.0,2233179.0
231,2021-10-08 11:18:24,5600.0,500.0,2232679.0
232,2021-10-08 11:17:12,5600.0,20000.0,2232179.0
233,2021-10-08 11:17:05,5600.0,13500.0,2212179.0
234,2021-10-08 11:15:50,5600.0,21000.0,2198679.0
235,2021-10-08 11:13:18,5600.0,5300.0,2177679.0
236,2021-10-08 11:10:30,5600.0,9300.0,2172379.0
237,2021-10-08 11:08:20,5600.0,8000.0,2163079.0
238,2021-10-08 11:07:32,5600.0,1000.0,2155079.0
239,2021-10-08 11:06:49,5600.0,200.0,2154079.0
240,2021-10-08 10:59:51,5600.0,200.0,2153879.0
241,2021-10-08 10:58:19,5600.0,100.0,2153679.0
242,2021-10-08 10:57:32,5600.0,5000.0,2153579.0
243,2021-10-08 10:56:27,5600.0,8000.0,2148579.0
244,2021-10-08 10:55:31,5600.0,700.0,2140579.0
245,2021-10-08 10:54:24,5600.0,900.0,2139879.0
246,2021-10-08 10:52:47,5600.0,1300.0,2138979.0
247,2021-10-08 10:50:23,5600.0,400.0,2137679.0
248,2021-10-08 10:50:08,5600.0,3600.0,2137279.0
249,2021-10-08 10:49:53,5600.0,1000.0,2133679.0
250,2021-10-08 10:49:32,5600.0,500.0,2132679.0
251,2021-10-08 10:49:02,5600.0,3000.0,2132179.0
252,2021-10-08 10:48:15,5600.0,500.0,2129179.0
253,2021-10-08 10:48:02,5600.0,2000.0,2128679.0
254,2021-10-08 10:43:37,5600.0,800.0,2126679.0
255,2021-10-08 10:43:13,5600.0,500.0,2125879.0
256,2021-10-08 10:42:11,5600.0,1800.0,2125379.0
257,2021-10-08 10:40:11,5600.0,200.0,2123579.0
258,2021-10-08 10:39:25,5600.0,100.0,2123379.0
259,2021-10-08 10:34:52,5600.0,1600.0,2123279.0
260,2021-10-08 10:31:41,5600.0,2000.0,2121679.0
261,2021-10-08 10:29:00,5600.0,2000.0,2119679.0
262,2021-10-08 10:27:35,5600.0,1000.0,2117679.0
263,2021-10-08 10:27:03,5600.0,5200.0,2116679.0
264,2021-10-08 10:23:46,5600.0,4700.0,2111479.0
265,2021-10-08 10:22:56,5600.0,500.0,2106779.0
266,2021-10-08 10:22:35,5600.0,500.0,2106279.0
267,2021-10-08 10:22:10,5600.0,1000.0,2105779.0
268,2021-10-08 10:21:31,5600.0,11500.0,2104779.0
269,2021-10-08 10:20:30,5600.0,1000.0,2093279.0
270,2021-10-08 10:19:47,5600.0,800.0,2092279.0
271,2021-10-08 10:19:23,5600.0,1100.0,2091479.0
272,2021-10-08 10:18:51,5600.0,100.0,2090379.0
273,2021-10-08 10:18:43,5600.0,100.0,2090279.0
274,2021-10-08 10:18:14,5600.0,100.0,2090179.0
275,2021-10-08 10:17:25,5600.0,2000.0,2090079.0
276,2021-10-08 10:17:13,5600.0,1000.0,2088079.0
277,2021-10-08 10:16:53,5600.0,21000.0,2087079.0
278,2021-10-08 10:14:53,5600.0,700.0,2066079.0
279,2021-10-08 10:13:46,5600.0,6400.0,2065379.0
280,2021-10-08 10:12:58,5600.0,400.0,2058979.0
281,2021-10-08 10:12:56,5600.0,500.0,2058579.0
282,2021-10-08 10:12:33,5600.0,500.0,2058079.0
283,2021-10-08 10:10:50,5600.0,200.0,2057579.0
284,2021-10-08 10:10:43,5600.0,500.0,2057379.0
285,2021-10-08 10:09:44,5600.0,1500.0,2056879.0
286,2021-10-08 10:08:52,5600.0,500.0,2055379.0
287,2021-10-08 10:08:06,5600.0,200.0,2054879.0
288,2021-10-08 10:08:05,5600.0,200.0,2054679.0
289,2021-10-08 10:07:22,5600.0,6800.0,2054479.0
290,2021-10-08 10:07:12,5600.0,4700.0,2047679.0
291,2021-10-08 10:06:40,5600.0,7900.0,2042979.0
292,2021-10-08 10:06:27,5600.0,1000.0,2035079.0
293,2021-10-08 10:06:01,5600.0,500.0,2034079.0
294,2021-10-08 10:05:52,5600.0,1000.0,2033579.0
295,2021-10-08 10:05:50,5600.0,1300.0,2032579.0
296,2021-10-08 10:05:49,5600.0,3500.0,2031279.0
297,2021-10-08 10:05:48,5600.0,15000.0,2027779.0
298,2021-10-08 10:05:45,5600.0,2000.0,2012779.0
299,2021-10-08 10:05:44,5600.0,6800.0,2010779.0
300,2021-10-08 10:05:43,5600.0,7400.0,2003979.0
301,2021-10-08 10:05:42,5600.0,5000.0,1996579.0
302,2021-10-08 10:05:41,5600.0,7600.0,1991579.0
303,2021-10-08 10:05:39,5600.0,5000.0,1983979.0
304,2021-10-08 10:05:38,5600.0,40000.0,1978979.0
305,2021-10-08 10:05:37,5600.0,5000.0,1938979.0
306,2021-10-08 10:05:34,5600.0,3500.0,1933979.0
307,2021-10-08 10:05:33,5600.0,11700.0,1930479.0
308,2021-10-08 10:05:31,5600.0,5000.0,1918779.0
309,2021-10-08 10:05:30,5600.0,2900.0,1913779.0
310,2021-10-08 10:05:29,5600.0,5200.0,1910879.0
311,2021-10-08 10:05:24,5600.0,10000.0,1905679.0
312,2021-10-08 10:05:23,5600.0,3200.0,1895679.0
313,2021-10-08 10:05:22,5600.0,700.0,1892479.0
314,2021-10-08 10:05:21,5600.0,10000.0,1891779.0
315,2021-10-08 10:05:20,5600.0,3000.0,1881779.0
316,2021-10-08 10:05:18,5600.0,71500.0,1878779.0
317,2021-10-08 10:05:17,5600.0,3000.0,1807279.0
318,2021-10-08 10:05:13,5600.0,36900.0,1804279.0
319,2021-10-08 10:05:08,5600.0,2000.0,1767379.0
320,2021-10-08 10:05:03,5600.0,1300.0,1765379.0
321,2021-10-08 10:04:49,5600.0,9600.0,1764079.0
322,2021-10-08 10:04:43,5600.0,500.0,1754479.0
323,2021-10-08 10:04:41,5600.0,7000.0,1753979.0
324,2021-10-08 10:04:38,5600.0,2000.0,1746979.0
325,2021-10-08 10:04:32,5600.0,5000.0,1744979.0
326,2021-10-08 10:04:31,5600.0,5600.0,1739979.0
327,2021-10-08 10:04:27,5600.0,1000.0,1734379.0
328,2021-10-08 10:04:25,5600.0,5000.0,1733379.0
329,2021-10-08 10:04:23,5600.0,2000.0,1728379.0
330,2021-10-08 10:04:22,5600.0,22100.0,1726379.0
331,2021-10-08 10:04:20,5600.0,4000.0,1704279.0
332,2021-10-08 10:04:17,5600.0,1000.0,1700279.0
333,2021-10-08 10:04:11,5600.0,20000.0,1699279.0
334,2021-10-08 10:04:07,5600.0,3000.0,1679279.0
335,2021-10-08 10:04:06,5600.0,8200.0,1676279.0
336,2021-10-08 10:03:56,5600.0,1300.0,1668079.0
337,2021-10-08 10:03:55,5600.0,2000.0,1666779.0
338,2021-10-08 10:03:46,5600.0,3000.0,1664779.0
339,2021-10-08 10:03:41,5600.0,57100.0,1661779.0
340,2021-10-08 10:03:33,5600.0,60000.0,1604679.0
341,2021-10-08 10:03:32,5600.0,1000.0,1544679.0
342,2021-10-08 10:03:30,5600.0,3000.0,1543679.0
343,2021-10-08 10:03:27,5600.0,8.0,1540679.0
344,2021-10-08 10:03:26,5600.0,30800.0,1540671.0
345,2021-10-08 10:03:01,5600.0,35800.0,1509871.0
346,2021-10-08 10:02:39,5500.0,100.0,1474071.0
347,2021-10-08 10:02:16,5600.0,1000.0,1473971.0
348,2021-10-08 10:02:15,5600.0,20000.0,1472971.0
349,2021-10-08 10:02:12,5600.0,1000.0,1452971.0
350,2021-10-08 10:01:58,5600.0,200.0,1451971.0
351,2021-10-08 10:01:52,5600.0,3000.0,1451771.0
352,2021-10-08 10:01:48,5600.0,300.0,1448771.0
353,2021-10-08 10:01:45,5600.0,4000.0,1448471.0
354,2021-10-08 10:01:43,5600.0,2000.0,1444471.0
355,2021-10-08 10:01:42,5600.0,100.0,1442471.0
356,2021-10-08 10:01:40,5600.0,9700.0,1442371.0
357,2021-10-08 10:01:37,5600.0,1500.0,1432671.0
358,2021-10-08 10:01:29,5600.0,500.0,1431171.0
359,2021-10-08 10:01:28,5600.0,5000.0,1430671.0
360,2021-10-08 10:01:25,5600.0,3500.0,1425671.0
361,2021-10-08 10:01:23,5600.0,3200.0,1422171.0
362,2021-10-08 10:01:02,5600.0,5000.0,1418971.0
363,2021-10-08 10:00:58,5600.0,2300.0,1413971.0
364,2021-10-08 10:00:36,5600.0,200.0,1411671.0
365,2021-10-08 10:00:21,5500.0,500.0,1411471.0
366,2021-10-08 09:59:55,5500.0,300.0,1410971.0
367,2021-10-08 09:59:52,5500.0,1900.0,1410671.0
368,2021-10-08 09:59:30,5500.0,1400.0,1408771.0
369,2021-10-08 09:59:24,5500.0,400.0,1407371.0
370,2021-10-08 09:59:22,5500.0,2000.0,1406971.0
371,2021-10-08 09:59:19,5500.0,6300.0,1404971.0
372,2021-10-08 09:59:06,5500.0,10000.0,1398671.0
373,2021-10-08 09:59:00,5500.0,1000.0,1388671.0
374,2021-10-08 09:58:50,5500.0,10000.0,1387671.0
375,2021-10-08 09:58:40,5500.0,5700.0,1377671.0
376,2021-10-08 09:58:35,5500.0,5000.0,1371971.0
377,2021-10-08 09:58:26,5500.0,500.0,1366971.0
378,2021-10-08 09:58:10,5500.0,6900.0,1366471.0
379,2021-10-08 09:58:02,5500.0,30000.0,1359571.0
380,2021-10-08 09:57:55,5500.0,10000.0,1329571.0
381,2021-10-08 09:57:36,5500.0,8700.0,1319571.0
382,2021-10-08 09:57:35,5500.0,3000.0,1310871.0
383,2021-10-08 09:57:31,5500.0,1600.0,1307871.0
384,2021-10-08 09:57:24,5500.0,2000.0,1306271.0
385,2021-10-08 09:57:08,5500.0,29500.0,1304271.0
386,2021-10-08 09:57:04,5500.0,200.0,1274771.0
387,2021-10-08 09:57:03,5400.0,100.0,1274571.0
388,2021-10-08 09:56:47,5500.0,57000.0,1274471.0
389,2021-10-08 09:56:44,5500.0,3600.0,1217471.0
390,2021-10-08 09:56:12,5500.0,3500.0,1213871.0
391,2021-10-08 09:55:13,5400.0,500.0,1210371.0
392,2021-10-08 09:54:39,5400.0,400.0,1209871.0
393,2021-10-08 09:51:57,5500.0,2000.0,1209471.0
394,2021-10-08 09:51:18,5400.0,600.0,1207471.0
395,2021-10-08 09:50:05,5400.0,1000.0,1206871.0
396,2021-10-08 09:48:23,5400.0,600.0,1205871.0
397,2021-10-08 09:48:22,5500.0,600.0,1205271.0
398,2021-10-08 09:47:27,5500.0,3200.0,1204671.0
399,2021-10-08 09:46:39,5500.0,10000.0,1201471.0
400,2021-10-08 09:46:05,5500.0,5000.0,1191471.0
401,2021-10-08 09:45:33,5500.0,4500.0,1186471.0
402,2021-10-08 09:44:38,5400.0,1000.0,1181971.0
403,2021-10-08 09:44:05,5400.0,1300.0,1180971.0
404,2021-10-08 09:44:00,5500.0,100.0,1179671.0
405,2021-10-08 09:42:57,5400.0,300.0,1179571.0
406,2021-10-08 09:42:25,5500.0,200.0,1179271.0
407,2021-10-08 09:42:03,5400.0,9300.0,1179071.0
408,2021-10-08 09:41:57,5400.0,19000.0,1169771.0
409,2021-10-08 09:41:42,5400.0,17000.0,1150771.0
410,2021-10-08 09:41:35,5400.0,200.0,1133771.0
411,2021-10-08 09:41:22,5400.0,5000.0,1133571.0
412,2021-10-08 09:41:13,5400.0,3500.0,1128571.0
413,2021-10-08 09:40:28,5400.0,1000.0,1125071.0
414,2021-10-08 09:40:20,5400.0,200.0,1124071.0
415,2021-10-08 09:40:06,5300.0,7600.0,1123871.0
416,2021-10-08 09:39:59,5400.0,1000.0,1116271.0
417,2021-10-08 09:39:36,5400.0,3000.0,1115271.0
418,2021-10-08 09:39:35,5400.0,1000.0,1112271.0
419,2021-10-08 09:39:32,5400.0,27000.0,1111271.0
420,2021-10-08 09:39:24,5400.0,8500.0,1084271.0
421,2021-10-08 09:39:19,5400.0,10000.0,1075771.0
422,2021-10-08 09:39:10,5400.0,1000.0,1065771.0
423,2021-10-08 09:38:56,5400.0,300.0,1064771.0
424,2021-10-08 09:38:50,5400.0,3000.0,1064471.0
425,2021-10-08 09:37:56,5400.0,300.0,1061471.0
426,2021-10-08 09:37:05,5400.0,21500.0,1061171.0
427,2021-10-08 09:37:04,5500.0,10000.0,1039671.0
428,2021-10-08 09:36:45,5400.0,20000.0,1029671.0
429,2021-10-08 09:36:28,5400.0,200.0,1009671.0
430,2021-10-08 09:35:55,5400.0,1000.0,1009471.0
431,2021-10-08 09:35:00,5400.0,3000.0,1008471.0
432,2021-10-08 09:34:59,5500.0,100.0,1005471.0
433,2021-10-08 09:34:07,5500.0,200.0,1005371.0
434,2021-10-08 09:34:04,5500.0,500.0,1005171.0
435,2021-10-08 09:33:51,5500.0,1600.0,1004671.0
436,2021-10-08 09:33:47,5500.0,2000.0,1003071.0
437,2021-10-08 09:33:30,5500.0,5000.0,1001071.0
438,2021-10-08 09:33:26,5500.0,2000.0,996071.0
439,2021-10-08 09:33:20,5500.0,1400.0,994071.0
440,2021-10-08 09:33:10,5500.0,600.0,992671.0
441,2021-10-08 09:33:06,5500.0,300.0,992071.0
442,2021-10-08 09:32:44,5500.0,500.0,991771.0
443,2021-10-08 09:32:27,5500.0,1200.0,991271.0
444,2021-10-08 09:32:17,5600.0,100.0,990071.0
445,2021-10-08 09:31:14,5600.0,100.0,989971.0
446,2021-10-08 09:30:50,5500.0,5800.0,989871.0
447,2021-10-08 09:30:37,5600.0,400.0,984071.0
448,2021-10-08 09:30:30,5500.0,2300.0,983671.0
449,2021-10-08 09:29:38,5500.0,1000.0,981371.0
450,2021-10-08 09:29:36,5500.0,10800.0,980371.0
451,2021-10-08 09:29:27,5500.0,8500.0,969571.0
452,2021-10-08 09:29:21,5500.0,1000.0,961071.0
453,2021-10-08 09:29:17,5500.0,500.0,960071.0
454,2021-10-08 09:29:09,5500.0,300.0,959571.0
455,2021-10-08 09:29:00,5500.0,500.0,959271.0
456,2021-10-08 09:28:59,5500.0,2000.0,958771.0
457,2021-10-08 09:28:34,5500.0,200.0,956771.0
458,2021-10-08 09:28:11,5500.0,500.0,956571.0
459,2021-10-08 09:27:59,5500.0,3500.0,956071.0
460,2021-10-08 09:27:32,5500.0,2100.0,952571.0
461,2021-10-08 09:27:25,5500.0,4700.0,950471.0
462,2021-10-08 09:27:16,5500.0,50000.0,945771.0
463,2021-10-08 09:27:10,5500.0,500.0,895771.0
464,2021-10-08 09:27:05,5500.0,100.0,895271.0
465,2021-10-08 09:26:56,5500.0,1000.0,895171.0
466,2021-10-08 09:26:54,5500.0,5000.0,894171.0
467,2021-10-08 09:26:36,5500.0,700.0,889171.0
468,2021-10-08 09:26:24,5500.0,2300.0,888471.0
469,2021-10-08 09:26:22,5500.0,700.0,886171.0
470,2021-10-08 09:26:21,5500.0,3300.0,885471.0
471,2021-10-08 09:26:13,5500.0,4000.0,882171.0
472,2021-10-08 09:25:59,5500.0,2000.0,878171.0
473,2021-10-08 09:25:56,5500.0,400.0,876171.0
474,2021-10-08 09:25:55,5500.0,23000.0,875771.0
475,2021-10-08 09:25:54,5500.0,20800.0,852771.0
476,2021-10-08 09:25:48,5500.0,1000.0,831971.0
477,2021-10-08 09:25:42,5500.0,4200.0,830971.0
478,2021-10-08 09:25:41,5500.0,300.0,826771.0
479,2021-10-08 09:25:38,5500.0,8000.0,826471.0
480,2021-10-08 09:25:36,5500.0,11600.0,818471.0
481,2021-10-08 09:25:26,5500.0,50000.0,806871.0
482,2021-10-08 09:25:15,5500.0,300.0,756871.0
483,2021-10-08 09:25:10,5500.0,100.0,756571.0
484,2021-10-08 09:25:08,5500.0,1400.0,756471.0
485,2021-10-08 09:24:54,5500.0,6900.0,755071.0
486,2021-10-08 09:24:47,5600.0,500.0,748171.0
487,2021-10-08 09:24:37,5500.0,23100.0,747671.0
488,2021-10-08 09:24:19,5500.0,5000.0,724571.0
489,2021-10-08 09:24:14,5500.0,5000.0,719571.0
490,2021-10-08 09:24:11,5500.0,100.0,714571.0
491,2021-10-08 09:24:09,5500.0,14700.0,714471.0
492,2021-10-08 09:24:02,5500.0,5600.0,699771.0
493,2021-10-08 09:23:42,5500.0,2900.0,694171.0
494,2021-10-08 09:23:29,5500.0,200.0,691271.0
495,2021-10-08 09:23:26,5500.0,100.0,691071.0
496,2021-10-08 09:23:23,5500.0,3200.0,690971.0
497,2021-10-08 09:23:20,5500.0,100.0,687771.0
498,2021-10-08 09:23:18,5500.0,100.0,687671.0
499,2021-10-08 09:23:11,5500.0,400.0,687571.0
500,2021-10-08 09:23:10,5500.0,2010.0,687171.0
501,2021-10-08 09:23:08,5500.0,2000.0,685161.0
502,2021-10-08 09:23:05,5500.0,12500.0,683161.0
503,2021-10-08 09:23:03,5500.0,400.0,670661.0
504,2021-10-08 09:22:59,5500.0,900.0,670261.0
505,2021-10-08 09:22:50,5500.0,2000.0,669361.0
506,2021-10-08 09:22:49,5500.0,2100.0,667361.0
507,2021-10-08 09:22:48,5500.0,1000.0,665261.0
508,2021-10-08 09:22:40,5500.0,11600.0,664261.0
509,2021-10-08 09:22:36,5500.0,2000.0,652661.0
510,2021-10-08 09:22:33,5500.0,2000.0,650661.0
511,2021-10-08 09:22:32,5500.0,7000.0,648661.0
512,2021-10-08 09:22:31,5500.0,1500.0,641661.0
513,2021-10-08 09:22:28,5500.0,13900.0,640161.0
514,2021-10-08 09:22:23,5500.0,10000.0,626261.0
515,2021-10-08 09:22:16,5500.0,100.0,616261.0
516,2021-10-08 09:22:06,5500.0,1000.0,616161.0
517,2021-10-08 09:22:04,5500.0,300.0,615161.0
518,2021-10-08 09:22:00,5500.0,9800.0,614861.0
519,2021-10-08 09:21:59,5500.0,1000.0,605061.0
520,2021-10-08 09:21:57,5500.0,2500.0,604061.0
521,2021-10-08 09:21:55,5500.0,8700.0,601561.0
522,2021-10-08 09:21:51,5500.0,5000.0,592861.0
523,2021-10-08 09:21:47,5500.0,5000.0,587861.0
524,2021-10-08 09:21:43,5500.0,300.0,582861.0
525,2021-10-08 09:21:33,5500.0,600.0,582561.0
526,2021-10-08 09:21:23,5500.0,600.0,581961.0
527,2021-10-08 09:21:20,5500.0,200.0,581361.0
528,2021-10-08 09:21:16,5500.0,2000.0,581161.0
529,2021-10-08 09:21:13,5500.0,21000.0,579161.0
530,2021-10-08 09:21:12,5500.0,2000.0,558161.0
531,2021-10-08 09:21:09,5500.0,100.0,556161.0
532,2021-10-08 09:20:50,5500.0,400.0,556061.0
533,2021-10-08 09:20:49,5500.0,2000.0,555661.0
534,2021-10-08 09:20:43,5500.0,42800.0,553661.0
535,2021-10-08 09:20:37,5500.0,5000.0,510861.0
536,2021-10-08 09:20:36,5500.0,10000.0,505861.0
537,2021-10-08 09:20:29,5500.0,10000.0,495861.0
538,2021-10-08 09:20:16,5500.0,5200.0,485861.0
539,2021-10-08 09:20:11,5500.0,2000.0,480661.0
540,2021-10-08 09:20:08,5500.0,8500.0,478661.0
541,2021-10-08 09:20:03,5500.0,3000.0,470161.0
542,2021-10-08 09:19:58,5500.0,2000.0,467161.0
543,2021-10-08 09:19:56,5500.0,500.0,465161.0
544,2021-10-08 09:19:55,5500.0,1000.0,464661.0
545,2021-10-08 09:19:54,5600.0,500.0,463661.0
546,2021-10-08 09:19:40,5500.0,1000.0,463161.0
547,2021-10-08 09:19:36,5600.0,200.0,462161.0
548,2021-10-08 09:19:31,5500.0,3000.0,461961.0
549,2021-10-08 09:19:23,5500.0,10100.0,458961.0
550,2021-10-08 09:19:16,5500.0,100.0,448861.0
551,2021-10-08 09:19:07,5500.0,2800.0,448761.0
552,2021-10-08 09:18:51,5500.0,2000.0,445961.0
553,2021-10-08 09:18:45,5500.0,100.0,443961.0
554,2021-10-08 09:18:40,5500.0,2000.0,443861.0
555,2021-10-08 09:18:25,5500.0,2000.0,441861.0
556,2021-10-08 09:18:08,5500.0,1000.0,439861.0
557,2021-10-08 09:18:00,5500.0,12000.0,438861.0
558,2021-10-08 09:17:58,5500.0,18000.0,426861.0
559,2021-10-08 09:17:49,5500.0,2000.0,408861.0
560,2021-10-08 09:17:44,5500.0,10000.0,406861.0
561,2021-10-08 09:17:22,5500.0,2000.0,396861.0
562,2021-10-08 09:17:10,5600.0,300.0,394861.0
563,2021-10-08 09:17:08,5600.0,2500.0,394561.0
564,2021-10-08 09:17:05,5500.0,8800.0,392061.0
565,2021-10-08 09:17:04,5600.0,100.0,383261.0
566,2021-10-08 09:16:22,5500.0,300.0,383161.0
567,2021-10-08 09:16:09,5500.0,10000.0,382861.0
568,2021-10-08 09:15:46,5500.0,100.0,372861.0
569,2021-10-08 09:15:40,5500.0,1000.0,372761.0
570,2021-10-08 09:15:36,5500.0,500.0,371761.0
571,2021-10-08 09:15:34,5500.0,1000.0,371261.0
572,2021-10-08 09:15:28,5500.0,300.0,370261.0
573,2021-10-08 09:14:50,5500.0,200.0,369961.0
574,2021-10-08 09:14:41,5500.0,100.0,369761.0
575,2021-10-08 09:14:36,5600.0,2500.0,369661.0
576,2021-10-08 09:14:34,5500.0,1000.0,367161.0
577,2021-10-08 09:14:33,5600.0,2000.0,366161.0
578,2021-10-08 09:14:26,5500.0,10000.0,364161.0
579,2021-10-08 09:14:11,5600.0,100.0,354161.0
580,2021-10-08 09:14:09,5600.0,300.0,354061.0
581,2021-10-08 09:14:03,5500.0,1400.0,353761.0
582,2021-10-08 09:13:55,5600.0,3600.0,352361.0
583,2021-10-08 09:13:44,5600.0,500.0,348761.0
584,2021-10-08 09:13:28,5600.0,5000.0,348261.0
585,2021-10-08 09:13:06,5600.0,100.0,343261.0
586,2021-10-08 09:12:51,5600.0,3600.0,343161.0
587,2021-10-08 09:12:49,5600.0,1000.0,339561.0
588,2021-10-08 09:12:36,5600.0,11.0,338561.0
589,2021-10-08 09:12:32,5600.0,400.0,338550.0
590,2021-10-08 09:12:20,5600.0,30000.0,338150.0
591,2021-10-08 09:12:04,5500.0,900.0,308150.0
592,2021-10-08 09:12:03,5600.0,500.0,307250.0
593,2021-10-08 09:11:57,5600.0,500.0,306750.0
594,2021-10-08 09:11:56,5600.0,3000.0,306250.0
595,2021-10-08 09:11:21,5500.0,500.0,303250.0
596,2021-10-08 09:11:17,5600.0,3000.0,302750.0
597,2021-10-08 09:11:08,5600.0,200.0,299750.0
598,2021-10-08 09:10:54,5600.0,300.0,299550.0
599,2021-10-08 09:10:50,5600.0,600.0,299250.0
600,2021-10-08 09:10:31,5600.0,3000.0,298650.0
601,2021-10-08 09:10:28,5600.0,5000.0,295650.0
602,2021-10-08 09:10:21,5600.0,17000.0,290650.0
603,2021-10-08 09:10:03,5600.0,500.0,273650.0
604,2021-10-08 09:10:00,5600.0,2000.0,273150.0
605,2021-10-08 09:09:49,5600.0,200.0,271150.0
606,2021-10-08 09:09:44,5600.0,5000.0,270950.0
607,2021-10-08 09:09:43,5600.0,1000.0,265950.0
608,2021-10-08 09:09:34,5600.0,600.0,264950.0
609,2021-10-08 09:09:25,5600.0,100.0,264350.0
610,2021-10-08 09:09:23,5600.0,500.0,264250.0
611,2021-10-08 09:09:02,5600.0,100.0,263750.0
612,2021-10-08 09:09:01,5600.0,1000.0,263650.0
613,2021-10-08 09:08:55,5600.0,20.0,262650.0
614,2021-10-08 09:08:54,5600.0,15400.0,262630.0
615,2021-10-08 09:08:49,5600.0,2000.0,247230.0
616,2021-10-08 09:08:43,5600.0,3000.0,245230.0
617,2021-10-08 09:08:15,5600.0,10000.0,242230.0
618,2021-10-08 09:08:12,5600.0,1500.0,232230.0
619,2021-10-08 09:07:56,5500.0,1300.0,230730.0
620,2021-10-08 09:07:48,5500.0,500.0,229430.0
621,2021-10-08 09:07:30,5600.0,600.0,228930.0
622,2021-10-08 09:07:29,5600.0,3600.0,228330.0
623,2021-10-08 09:07:22,5600.0,100000.0,224730.0
624,2021-10-08 09:07:10,5600.0,300.0,124730.0
625,2021-10-08 09:07:00,5500.0,1000.0,124430.0
626,2021-10-08 09:06:56,5500.0,1000.0,123430.0
627,2021-10-08 09:06:55,5600.0,1000.0,122430.0
628,2021-10-08 09:06:27,5600.0,1000.0,121430.0
629,2021-10-08 09:06:24,5600.0,2000.0,120430.0
630,2021-10-08 09:06:18,5500.0,1000.0,118430.0
631,2021-10-08 09:06:09,5500.0,300.0,117430.0
632,2021-10-08 09:06:03,5500.0,2500.0,117130.0
633,2021-10-08 09:06:00,5500.0,1100.0,114630.0
634,2021-10-08 09:05:54,5600.0,500.0,113530.0
635,2021-10-08 09:05:51,5600.0,600.0,113030.0
636,2021-10-08 09:05:41,5600.0,1000.0,112430.0
637,2021-10-08 09:05:21,5500.0,4600.0,111430.0
638,2021-10-08 09:05:14,5500.0,100.0,106830.0
639,2021-10-08 09:05:08,5500.0,9000.0,106730.0
640,2021-10-08 09:05:06,5500.0,800.0,97730.0
641,2021-10-08 09:05:05,5500.0,6000.0,96930.0
642,2021-10-08 09:05:01,5500.0,2000.0,90930.0
643,2021-10-08 09:05:00,5500.0,400.0,88930.0
644,2021-10-08 09:04:57,5500.0,10000.0,88530.0
645,2021-10-08 09:04:55,5500.0,1000.0,78530.0
646,2021-10-08 09:04:52,5500.0,2000.0,77530.0
647,2021-10-08 09:04:45,5500.0,1000.0,75530.0
648,2021-10-08 09:04:42,5500.0,3000.0,74530.0
649,2021-10-08 09:04:36,5500.0,10600.0,71530.0
650,2021-10-08 09:04:30,5500.0,5800.0,60930.0
651,2021-10-08 09:04:24,5500.0,10000.0,55130.0
652,2021-10-08 09:04:12,5500.0,900.0,45130.0
653,2021-10-08 09:04:11,5500.0,3000.0,44230.0
654,2021-10-08 09:04:00,5500.0,800.0,41230.0
655,2021-10-08 09:03:57,5500.0,1600.0,40430.0
656,2021-10-08 09:03:50,5500.0,100.0,38830.0
657,2021-10-08 09:03:49,5500.0,1000.0,38730.0
658,2021-10-08 09:03:36,5400.0,4800.0,37730.0
659,2021-10-08 09:03:28,5500.0,500.0,32930.0
660,2021-10-08 09:03:20,5500.0,1000.0,32430.0
661,2021-10-08 09:03:08,5400.0,2600.0,31430.0
662,2021-10-08 09:03:07,5400.0,3000.0,28830.0
663,2021-10-08 09:03:01,5400.0,10000.0,25830.0
664,2021-10-08 09:02:37,5400.0,100.0,15830.0
665,2021-10-08 09:02:36,5400.0,1100.0,15730.0
666,2021-10-08 09:02:21,5400.0,300.0,14630.0
667,2021-10-08 09:01:51,5300.0,3500.0,14330.0
668,2021-10-08 09:01:25,5300.0,1000.0,10830.0
669,2021-10-08 09:01:12,5200.0,400.0,9830.0
670,2021-10-08 09:00:29,5200.0,200.0,9430.0
671,2021-10-08 09:00:24,5200.0,530.0,9230.0
672,2021-10-08 09:00:20,5200.0,900.0,8700.0
673,2021-10-08 09:00:17,5100.0,500.0,7800.0
674,2021-10-08 09:00:16,5200.0,1000.0,7300.0
675,2021-10-08 09:00:04,5400.0,6300.0,6300.0
