,Time,Price,Volume_per_trade,Volume
0,2021-10-13 07:45:00,36400.0,100.0,83100.0
1,2021-10-13 07:45:00,36400.0,900.0,83000.0
2,2021-10-13 07:45:00,36400.0,100.0,82100.0
3,2021-10-13 07:29:21,36050.0,1400.0,82000.0
4,2021-10-13 07:27:28,36050.0,1600.0,80600.0
5,2021-10-13 07:27:28,36050.0,100.0,79000.0
6,2021-10-13 07:27:28,36050.0,1100.0,78900.0
7,2021-10-13 07:27:28,36050.0,200.0,77800.0
8,2021-10-13 07:23:38,36300.0,100.0,77600.0
9,2021-10-13 07:23:38,36150.0,500.0,77500.0
10,2021-10-13 07:23:38,36150.0,100.0,77000.0
11,2021-10-13 07:23:38,36100.0,1300.0,76900.0
12,2021-10-13 07:23:38,36100.0,1000.0,75600.0
13,2021-10-13 07:20:07,36100.0,100.0,74600.0
14,2021-10-13 07:20:07,36100.0,100.0,74500.0
15,2021-10-13 07:20:07,36100.0,500.0,74400.0
16,2021-10-13 07:20:07,36100.0,2000.0,73900.0
17,2021-10-13 07:20:07,36100.0,3000.0,71900.0
18,2021-10-13 07:20:07,36100.0,500.0,68900.0
19,2021-10-13 07:20:07,36100.0,100.0,68400.0
20,2021-10-13 07:20:07,36100.0,500.0,68300.0
21,2021-10-13 07:18:51,36150.0,100.0,67800.0
22,2021-10-13 06:59:08,36100.0,100.0,67700.0
23,2021-10-13 06:59:08,36100.0,100.0,67600.0
24,2021-10-13 06:54:29,36100.0,100.0,67500.0
25,2021-10-13 06:46:00,36100.0,500.0,67400.0
26,2021-10-13 06:46:00,36100.0,100.0,66900.0
27,2021-10-13 06:46:00,36100.0,100.0,66800.0
28,2021-10-13 06:46:00,36100.0,200.0,66700.0
29,2021-10-13 06:46:00,36100.0,100.0,66500.0
30,2021-10-13 06:46:00,36100.0,100.0,66400.0
31,2021-10-13 06:46:00,36100.0,100.0,66300.0
32,2021-10-13 06:46:00,36100.0,200.0,66200.0
33,2021-10-13 06:46:00,36100.0,100.0,66000.0
34,2021-10-13 06:46:00,36100.0,5600.0,65900.0
35,2021-10-13 06:46:00,36150.0,100.0,60300.0
36,2021-10-13 06:45:21,36300.0,100.0,60200.0
37,2021-10-13 06:45:21,36200.0,100.0,60100.0
38,2021-10-13 06:45:21,36150.0,100.0,60000.0
39,2021-10-13 06:44:41,36150.0,100.0,59900.0
40,2021-10-13 06:44:41,36150.0,100.0,59800.0
41,2021-10-13 06:44:41,36150.0,200.0,59700.0
42,2021-10-13 06:44:41,36150.0,400.0,59500.0
43,2021-10-13 06:37:29,36200.0,1000.0,59100.0
44,2021-10-13 06:37:29,36200.0,100.0,58100.0
45,2021-10-13 06:26:24,36300.0,1000.0,58000.0
46,2021-10-13 06:21:35,36400.0,600.0,57000.0
47,2021-10-13 06:21:35,36400.0,1300.0,56400.0
48,2021-10-13 06:20:04,36300.0,300.0,55100.0
49,2021-10-13 06:20:04,36300.0,800.0,54800.0
50,2021-10-13 06:15:25,36300.0,200.0,54000.0
51,2021-10-13 06:13:43,36300.0,100.0,53800.0
52,2021-10-13 06:12:33,36300.0,10000.0,53700.0
53,2021-10-13 06:09:16,36250.0,200.0,43700.0
54,2021-10-13 06:00:06,36200.0,300.0,43500.0
55,2021-10-13 06:00:06,36200.0,200.0,43200.0
56,2021-10-13 04:13:13,36100.0,4400.0,43000.0
57,2021-10-13 04:13:13,36100.0,600.0,38600.0
58,2021-10-13 04:12:13,36100.0,300.0,38000.0
59,2021-10-13 04:10:24,36100.0,1100.0,37700.0
60,2021-10-13 04:10:24,36100.0,1000.0,36600.0
61,2021-10-13 04:09:22,36200.0,200.0,35600.0
62,2021-10-13 04:09:22,36200.0,900.0,35400.0
63,2021-10-13 04:08:58,36250.0,200.0,34500.0
64,2021-10-13 04:05:13,36200.0,1000.0,34300.0
65,2021-10-13 04:04:47,36200.0,100.0,33300.0
66,2021-10-13 04:03:53,36250.0,100.0,33200.0
67,2021-10-13 03:50:54,36250.0,100.0,33100.0
68,2021-10-13 03:50:54,36300.0,100.0,33000.0
69,2021-10-13 03:43:57,36300.0,100.0,32900.0
70,2021-10-13 03:39:28,36300.0,200.0,32800.0
71,2021-10-13 03:37:15,36400.0,500.0,32600.0
72,2021-10-13 03:37:06,36300.0,100.0,32100.0
73,2021-10-13 03:37:06,36300.0,600.0,32000.0
74,2021-10-13 03:37:06,36300.0,100.0,31400.0
75,2021-10-13 03:37:06,36300.0,1000.0,31300.0
76,2021-10-13 03:37:06,36300.0,100.0,30300.0
77,2021-10-13 03:37:06,36300.0,1000.0,30200.0
78,2021-10-13 03:37:06,36300.0,100.0,29200.0
79,2021-10-13 03:37:06,36300.0,800.0,29100.0
80,2021-10-13 03:37:06,36300.0,2000.0,28300.0
81,2021-10-13 03:37:06,36300.0,200.0,26300.0
82,2021-10-13 03:34:35,36300.0,100.0,26100.0
83,2021-10-13 03:34:10,36400.0,5000.0,26000.0
84,2021-10-13 03:32:34,36400.0,100.0,21000.0
85,2021-10-13 03:32:34,36400.0,1000.0,20900.0
86,2021-10-13 03:32:34,36400.0,1000.0,19900.0
87,2021-10-13 03:32:34,36400.0,200.0,18900.0
88,2021-10-13 03:32:34,36400.0,400.0,18700.0
89,2021-10-13 03:30:58,36450.0,100.0,18300.0
90,2021-10-13 03:28:30,36450.0,100.0,18200.0
91,2021-10-13 03:28:30,36450.0,100.0,18100.0
92,2021-10-13 03:28:18,36400.0,100.0,18000.0
93,2021-10-13 03:24:27,36400.0,200.0,17900.0
94,2021-10-13 03:22:22,36400.0,100.0,17700.0
95,2021-10-13 03:18:16,36400.0,200.0,17600.0
96,2021-10-13 03:17:29,36450.0,900.0,17400.0
97,2021-10-13 03:17:29,36450.0,100.0,16500.0
98,2021-10-13 03:16:01,36400.0,100.0,16400.0
99,2021-10-13 03:16:01,36400.0,100.0,16300.0
100,2021-10-13 03:15:34,36400.0,100.0,16200.0
101,2021-10-13 03:12:48,36400.0,100.0,16100.0
102,2021-10-13 03:09:58,36400.0,100.0,16000.0
103,2021-10-13 03:09:58,36400.0,100.0,15900.0
104,2021-10-13 03:09:08,36450.0,100.0,15800.0
105,2021-10-13 03:05:35,36450.0,100.0,15700.0
106,2021-10-13 03:05:35,36400.0,100.0,15600.0
107,2021-10-13 03:05:31,36400.0,100.0,15500.0
108,2021-10-13 03:05:31,36400.0,500.0,15400.0
109,2021-10-13 03:01:19,36450.0,100.0,14900.0
110,2021-10-13 02:59:44,36450.0,900.0,14800.0
111,2021-10-13 02:59:41,36450.0,100.0,13900.0
112,2021-10-13 02:59:41,36450.0,100.0,13800.0
113,2021-10-13 02:56:36,36450.0,1000.0,13700.0
114,2021-10-13 02:56:36,36450.0,400.0,12700.0
115,2021-10-13 02:56:36,36450.0,100.0,12300.0
116,2021-10-13 02:56:36,36450.0,300.0,12200.0
117,2021-10-13 02:56:36,36450.0,100.0,11900.0
118,2021-10-13 02:54:15,36400.0,300.0,11800.0
119,2021-10-13 02:53:54,36400.0,1800.0,11500.0
120,2021-10-13 02:52:49,36400.0,200.0,9700.0
121,2021-10-13 02:52:49,36400.0,200.0,9500.0
122,2021-10-13 02:52:34,36400.0,100.0,9300.0
123,2021-10-13 02:49:53,36400.0,100.0,9200.0
124,2021-10-13 02:47:24,36400.0,500.0,9100.0
125,2021-10-13 02:42:21,36300.0,100.0,8600.0
126,2021-10-13 02:38:52,36300.0,2000.0,8500.0
127,2021-10-13 02:35:01,36300.0,100.0,6500.0
128,2021-10-13 02:35:01,36300.0,500.0,6400.0
129,2021-10-13 02:33:14,36300.0,100.0,5900.0
130,2021-10-13 02:32:51,36300.0,1000.0,5800.0
131,2021-10-13 02:32:51,36300.0,500.0,4800.0
132,2021-10-13 02:32:51,36300.0,100.0,4300.0
133,2021-10-13 02:32:51,36300.0,800.0,4200.0
134,2021-10-13 02:29:30,36300.0,200.0,3400.0
135,2021-10-13 02:29:16,36400.0,100.0,3200.0
136,2021-10-13 02:28:59,36500.0,500.0,3100.0
137,2021-10-13 02:28:59,36500.0,400.0,2600.0
138,2021-10-13 02:28:59,36500.0,100.0,2200.0
139,2021-10-13 02:24:30,36500.0,100.0,2100.0
140,2021-10-13 02:15:00,36500.0,200.0,2000.0
141,2021-10-13 02:15:00,36500.0,300.0,1800.0
142,2021-10-13 02:15:00,36500.0,500.0,1500.0
143,2021-10-13 02:15:00,36500.0,100.0,1000.0
144,2021-10-13 02:15:00,36500.0,100.0,900.0
145,2021-10-13 02:15:00,36500.0,500.0,800.0
146,2021-10-13 02:15:00,36500.0,300.0,300.0
