,Time,Price,Volume_per_trade,Volume
0,2021-10-12 07:29:05,36300.0,100.0,132500.0
1,2021-10-12 07:27:15,36200.0,700.0,132400.0
2,2021-10-12 07:20:28,36100.0,500.0,131700.0
3,2021-10-12 07:20:28,36100.0,400.0,131200.0
4,2021-10-12 07:20:28,36100.0,100.0,130800.0
5,2021-10-12 07:13:50,36200.0,300.0,130700.0
6,2021-10-12 07:10:08,36200.0,1000.0,130400.0
7,2021-10-12 07:09:06,36200.0,200.0,129400.0
8,2021-10-12 07:09:03,36200.0,2900.0,129200.0
9,2021-10-12 07:02:51,36300.0,600.0,126300.0
10,2021-10-12 07:01:20,36200.0,500.0,125700.0
11,2021-10-12 06:57:24,36200.0,100.0,125200.0
12,2021-10-12 06:55:07,36200.0,200.0,125100.0
13,2021-10-12 06:54:43,36200.0,1000.0,124900.0
14,2021-10-12 06:50:31,36200.0,3800.0,123900.0
15,2021-10-12 06:40:08,36300.0,200.0,120100.0
16,2021-10-12 06:40:08,36300.0,100.0,119900.0
17,2021-10-12 06:31:38,36300.0,300.0,119800.0
18,2021-10-12 06:21:36,36300.0,200.0,119500.0
19,2021-10-12 06:21:36,36300.0,600.0,119300.0
20,2021-10-12 06:20:13,36300.0,100.0,118700.0
21,2021-10-12 06:19:01,36300.0,100.0,118600.0
22,2021-10-12 06:19:01,36300.0,3600.0,118500.0
23,2021-10-12 06:19:01,36300.0,400.0,114900.0
24,2021-10-12 06:19:01,36300.0,200.0,114500.0
25,2021-10-12 06:17:46,36200.0,100.0,114300.0
26,2021-10-12 06:17:04,36000.0,100.0,114200.0
27,2021-10-12 06:16:28,36000.0,3000.0,114100.0
28,2021-10-12 06:11:33,36100.0,500.0,111100.0
29,2021-10-12 06:08:24,36100.0,100.0,110600.0
30,2021-10-12 06:02:04,36100.0,100.0,110500.0
31,2021-10-12 06:00:11,36000.0,900.0,110400.0
32,2021-10-12 06:00:00,36000.0,100.0,109500.0
33,2021-10-12 06:00:00,36000.0,300.0,109400.0
34,2021-10-12 06:00:00,36000.0,100.0,109100.0
35,2021-10-12 06:00:00,36000.0,1600.0,109000.0
36,2021-10-12 04:25:49,36000.0,400.0,107400.0
37,2021-10-12 04:25:49,36000.0,100.0,107000.0
38,2021-10-12 04:25:49,36000.0,500.0,106900.0
39,2021-10-12 04:25:01,36000.0,1000.0,106400.0
40,2021-10-12 04:12:08,36000.0,100.0,105400.0
41,2021-10-12 04:07:14,36000.0,200.0,105300.0
42,2021-10-12 04:03:57,36000.0,100.0,105100.0
43,2021-10-12 04:03:57,36000.0,600.0,105000.0
44,2021-10-12 04:02:01,35950.0,200.0,104400.0
45,2021-10-12 04:00:28,36000.0,100.0,104200.0
46,2021-10-12 04:00:28,36000.0,1000.0,104100.0
47,2021-10-12 04:00:28,36000.0,300.0,103100.0
48,2021-10-12 04:00:14,36000.0,700.0,102800.0
49,2021-10-12 04:00:14,36000.0,1000.0,102100.0
50,2021-10-12 04:00:14,36000.0,1800.0,101100.0
51,2021-10-12 04:00:14,36000.0,100.0,99300.0
52,2021-10-12 04:00:14,36000.0,400.0,99200.0
53,2021-10-12 03:52:15,36000.0,600.0,98800.0
54,2021-10-12 03:52:15,36000.0,200.0,98200.0
55,2021-10-12 03:52:15,36000.0,700.0,98000.0
56,2021-10-12 03:52:15,36000.0,300.0,97300.0
57,2021-10-12 03:45:01,36000.0,200.0,97000.0
58,2021-10-12 03:45:01,36000.0,300.0,96800.0
59,2021-10-12 03:38:16,36000.0,100.0,96500.0
60,2021-10-12 03:33:50,36000.0,600.0,96400.0
61,2021-10-12 03:33:50,36000.0,300.0,95800.0
62,2021-10-12 03:33:50,36000.0,200.0,95500.0
63,2021-10-12 03:33:50,36100.0,2800.0,95300.0
64,2021-10-12 03:30:44,36100.0,200.0,92500.0
65,2021-10-12 03:28:37,36000.0,200.0,92300.0
66,2021-10-12 03:24:42,36000.0,1000.0,92100.0
67,2021-10-12 03:23:20,36000.0,500.0,91100.0
68,2021-10-12 03:23:20,36000.0,1000.0,90600.0
69,2021-10-12 03:23:20,36000.0,200.0,89600.0
70,2021-10-12 03:23:20,36000.0,200.0,89400.0
71,2021-10-12 03:23:20,36000.0,1000.0,89200.0
72,2021-10-12 03:23:20,36000.0,500.0,88200.0
73,2021-10-12 03:23:20,36000.0,600.0,87700.0
74,2021-10-12 03:23:10,36000.0,400.0,87100.0
75,2021-10-12 03:23:10,36000.0,300.0,86700.0
76,2021-10-12 03:23:10,36000.0,1000.0,86400.0
77,2021-10-12 03:23:10,36000.0,100.0,85400.0
78,2021-10-12 03:23:10,36050.0,200.0,85300.0
79,2021-10-12 03:19:09,36050.0,2300.0,85100.0
80,2021-10-12 03:18:24,36050.0,700.0,82800.0
81,2021-10-12 03:18:24,36050.0,2000.0,82100.0
82,2021-10-12 03:18:24,36050.0,1000.0,80100.0
83,2021-10-12 03:18:24,36050.0,1300.0,79100.0
84,2021-10-12 03:17:39,36100.0,200.0,77800.0
85,2021-10-12 03:17:03,36100.0,100.0,77600.0
86,2021-10-12 03:16:04,36100.0,200.0,77500.0
87,2021-10-12 03:16:04,36100.0,300.0,77300.0
88,2021-10-12 03:15:34,36100.0,200.0,77000.0
89,2021-10-12 03:13:17,36100.0,300.0,76800.0
90,2021-10-12 03:12:16,36100.0,200.0,76500.0
91,2021-10-12 03:12:16,36100.0,100.0,76300.0
92,2021-10-12 03:12:16,36100.0,500.0,76200.0
93,2021-10-12 03:10:17,36150.0,100.0,75700.0
94,2021-10-12 03:10:17,36150.0,500.0,75600.0
95,2021-10-12 03:10:17,36150.0,200.0,75100.0
96,2021-10-12 03:06:57,36150.0,200.0,74900.0
97,2021-10-12 03:06:07,36150.0,500.0,74700.0
98,2021-10-12 03:02:32,36100.0,200.0,74200.0
99,2021-10-12 02:57:13,36100.0,100.0,74000.0
100,2021-10-12 02:55:53,36100.0,500.0,73900.0
101,2021-10-12 02:52:09,36500.0,100.0,73400.0
102,2021-10-12 02:51:51,36500.0,400.0,73300.0
103,2021-10-12 02:51:27,36500.0,100.0,72900.0
104,2021-10-12 02:46:19,36500.0,700.0,72800.0
105,2021-10-12 02:46:04,36500.0,400.0,72100.0
106,2021-10-12 02:46:04,36500.0,3900.0,71700.0
107,2021-10-12 02:45:34,36000.0,200.0,67800.0
108,2021-10-12 02:42:31,36000.0,1100.0,67600.0
109,2021-10-12 02:41:25,36000.0,4100.0,66500.0
110,2021-10-12 02:41:25,36000.0,200.0,62400.0
111,2021-10-12 02:36:49,36000.0,1000.0,62200.0
112,2021-10-12 02:36:35,35900.0,3600.0,61200.0
113,2021-10-12 02:36:35,35900.0,1500.0,57600.0
114,2021-10-12 02:35:24,36000.0,100.0,56100.0
115,2021-10-12 02:34:04,36000.0,800.0,56000.0
116,2021-10-12 02:33:31,36400.0,200.0,55200.0
117,2021-10-12 02:33:30,36000.0,100.0,55000.0
118,2021-10-12 02:32:13,36400.0,400.0,54900.0
119,2021-10-12 02:31:56,36400.0,500.0,54500.0
120,2021-10-12 02:31:48,36400.0,1100.0,54000.0
121,2021-10-12 02:31:36,36400.0,200.0,52900.0
122,2021-10-12 02:31:25,36400.0,900.0,52700.0
123,2021-10-12 02:31:02,36400.0,16700.0,51800.0
124,2021-10-12 02:31:02,36500.0,2000.0,35100.0
125,2021-10-12 02:31:02,36500.0,100.0,33100.0
126,2021-10-12 02:31:02,36500.0,200.0,33000.0
127,2021-10-12 02:31:02,36500.0,1000.0,32800.0
128,2021-10-12 02:30:50,36500.0,2000.0,31800.0
129,2021-10-12 02:30:50,36500.0,200.0,29800.0
130,2021-10-12 02:30:50,36500.0,500.0,29600.0
131,2021-10-12 02:30:50,36500.0,2300.0,29100.0
132,2021-10-12 02:30:26,36500.0,700.0,26800.0
133,2021-10-12 02:30:26,36500.0,300.0,26100.0
134,2021-10-12 02:29:30,36700.0,1000.0,25800.0
135,2021-10-12 02:29:30,36700.0,200.0,24800.0
136,2021-10-12 02:29:30,36700.0,1000.0,24600.0
137,2021-10-12 02:29:30,36700.0,500.0,23600.0
138,2021-10-12 02:28:59,36650.0,500.0,23100.0
139,2021-10-12 02:28:57,36700.0,500.0,22600.0
140,2021-10-12 02:28:28,36700.0,100.0,22100.0
141,2021-10-12 02:28:03,36750.0,700.0,22000.0
142,2021-10-12 02:28:03,36700.0,100.0,21300.0
143,2021-10-12 02:28:03,36700.0,300.0,21200.0
144,2021-10-12 02:27:19,36650.0,500.0,20900.0
145,2021-10-12 02:27:19,36650.0,500.0,20400.0
146,2021-10-12 02:26:49,36700.0,100.0,19900.0
147,2021-10-12 02:26:49,36700.0,500.0,19800.0
148,2021-10-12 02:26:49,36700.0,1000.0,19300.0
149,2021-10-12 02:26:49,36700.0,400.0,18300.0
150,2021-10-12 02:24:47,36650.0,300.0,17900.0
151,2021-10-12 02:24:31,36700.0,100.0,17600.0
152,2021-10-12 02:24:31,36700.0,200.0,17500.0
153,2021-10-12 02:24:11,36700.0,300.0,17300.0
154,2021-10-12 02:24:11,36700.0,500.0,17000.0
155,2021-10-12 02:24:11,36700.0,700.0,16500.0
156,2021-10-12 02:23:13,36650.0,200.0,15800.0
157,2021-10-12 02:22:59,36600.0,100.0,15600.0
158,2021-10-12 02:22:50,36650.0,100.0,15500.0
159,2021-10-12 02:22:41,36650.0,1400.0,15400.0
160,2021-10-12 02:22:39,36650.0,100.0,14000.0
161,2021-10-12 02:22:15,36650.0,200.0,13900.0
162,2021-10-12 02:21:57,36650.0,100.0,13700.0
163,2021-10-12 02:21:18,36650.0,700.0,13600.0
164,2021-10-12 02:21:16,36600.0,100.0,12900.0
165,2021-10-12 02:21:14,36600.0,100.0,12800.0
166,2021-10-12 02:20:30,36600.0,100.0,12700.0
167,2021-10-12 02:20:30,36600.0,100.0,12600.0
168,2021-10-12 02:19:49,36600.0,600.0,12500.0
169,2021-10-12 02:19:49,36550.0,700.0,11900.0
170,2021-10-12 02:19:39,36500.0,200.0,11200.0
171,2021-10-12 02:19:30,36500.0,300.0,11000.0
172,2021-10-12 02:19:30,36500.0,700.0,10700.0
173,2021-10-12 02:19:06,36450.0,700.0,10000.0
174,2021-10-12 02:18:27,36400.0,100.0,9300.0
175,2021-10-12 02:18:27,36400.0,1000.0,9200.0
176,2021-10-12 02:18:27,36400.0,500.0,8200.0
177,2021-10-12 02:18:12,36400.0,200.0,7700.0
178,2021-10-12 02:17:36,36350.0,700.0,7500.0
179,2021-10-12 02:17:36,36300.0,400.0,6800.0
180,2021-10-12 02:17:36,36300.0,700.0,6400.0
181,2021-10-12 02:17:02,36300.0,200.0,5700.0
182,2021-10-12 02:16:29,36200.0,200.0,5500.0
183,2021-10-12 02:15:55,36300.0,300.0,5300.0
184,2021-10-12 02:15:55,36300.0,700.0,5000.0
185,2021-10-12 02:15:16,36300.0,600.0,4300.0
186,2021-10-12 02:15:01,36300.0,100.0,3700.0
187,2021-10-12 02:15:00,36300.0,700.0,3600.0
188,2021-10-12 02:15:00,36300.0,500.0,2900.0
189,2021-10-12 02:15:00,36300.0,100.0,2400.0
190,2021-10-12 02:15:00,36300.0,500.0,2300.0
191,2021-10-12 02:15:00,36300.0,200.0,1800.0
192,2021-10-12 02:15:00,36300.0,200.0,1600.0
193,2021-10-12 02:15:00,36300.0,100.0,1400.0
194,2021-10-12 02:15:00,36300.0,100.0,1300.0
195,2021-10-12 02:15:00,36300.0,100.0,1200.0
196,2021-10-12 02:15:00,36300.0,800.0,1100.0
197,2021-10-12 02:15:00,36300.0,300.0,300.0
