,Time,Price,Volume_per_trade,Volume
0,2021-10-20 14:45:03,15600.0,9300.0,750474.0
1,2021-10-20 14:29:05,15500.0,100.0,741174.0
2,2021-10-20 14:28:59,15500.0,3500.0,741074.0
3,2021-10-20 14:28:56,15500.0,500.0,737574.0
4,2021-10-20 14:28:52,15400.0,300.0,737074.0
5,2021-10-20 14:28:47,15400.0,4200.0,736774.0
6,2021-10-20 14:28:36,15400.0,500.0,732574.0
7,2021-10-20 14:28:15,15500.0,200.0,732074.0
8,2021-10-20 14:27:48,15400.0,600.0,731874.0
9,2021-10-20 14:27:02,15400.0,100.0,731274.0
10,2021-10-20 14:27:01,15400.0,300.0,731174.0
11,2021-10-20 14:26:57,15400.0,500.0,730874.0
12,2021-10-20 14:26:53,15500.0,500.0,730374.0
13,2021-10-20 14:25:33,15400.0,200.0,729874.0
14,2021-10-20 14:24:55,15400.0,200.0,729674.0
15,2021-10-20 14:24:47,15300.0,100.0,729474.0
16,2021-10-20 14:24:20,15300.0,100.0,729374.0
17,2021-10-20 14:24:15,15300.0,100.0,729274.0
18,2021-10-20 14:24:09,15300.0,1900.0,729174.0
19,2021-10-20 14:23:58,15300.0,600.0,727274.0
20,2021-10-20 14:23:56,15300.0,1000.0,726674.0
21,2021-10-20 14:23:53,15300.0,700.0,725674.0
22,2021-10-20 14:23:51,15300.0,100.0,724974.0
23,2021-10-20 14:23:50,15300.0,100.0,724874.0
24,2021-10-20 14:23:47,15300.0,500.0,724774.0
25,2021-10-20 14:23:30,15300.0,1100.0,724274.0
26,2021-10-20 14:22:36,15300.0,200.0,723174.0
27,2021-10-20 14:22:12,15300.0,500.0,722974.0
28,2021-10-20 14:21:38,15300.0,200.0,722474.0
29,2021-10-20 14:21:07,15100.0,40000.0,722274.0
30,2021-10-20 14:20:24,15300.0,1300.0,682274.0
31,2021-10-20 14:19:58,15300.0,500.0,680974.0
32,2021-10-20 14:19:54,15300.0,1800.0,680474.0
33,2021-10-20 14:19:50,15300.0,5000.0,678674.0
34,2021-10-20 14:19:08,15300.0,2000.0,673674.0
35,2021-10-20 14:19:05,15300.0,200.0,671674.0
36,2021-10-20 14:18:53,15300.0,100.0,671474.0
37,2021-10-20 14:18:07,15400.0,500.0,671374.0
38,2021-10-20 14:18:03,15400.0,100.0,670874.0
39,2021-10-20 14:17:59,15300.0,700.0,670774.0
40,2021-10-20 14:17:58,15300.0,10300.0,670074.0
41,2021-10-20 14:17:50,15300.0,500.0,659774.0
42,2021-10-20 14:17:37,15400.0,100.0,659274.0
43,2021-10-20 14:17:30,15400.0,5700.0,659174.0
44,2021-10-20 14:17:27,15400.0,2500.0,653474.0
45,2021-10-20 14:17:02,15400.0,200.0,650974.0
46,2021-10-20 14:16:41,15400.0,400.0,650774.0
47,2021-10-20 14:16:27,15400.0,5000.0,650374.0
48,2021-10-20 14:15:52,15400.0,500.0,645374.0
49,2021-10-20 14:15:36,15400.0,500.0,644874.0
50,2021-10-20 14:15:02,15500.0,2000.0,644374.0
51,2021-10-20 14:14:14,15500.0,2100.0,642374.0
52,2021-10-20 14:14:07,15600.0,200.0,640274.0
53,2021-10-20 14:13:37,15600.0,5600.0,640074.0
54,2021-10-20 14:13:33,15700.0,300.0,634474.0
55,2021-10-20 14:13:31,15600.0,2900.0,634174.0
56,2021-10-20 14:13:01,15600.0,2000.0,631274.0
57,2021-10-20 14:11:53,15700.0,100.0,629274.0
58,2021-10-20 14:11:39,15700.0,2300.0,629174.0
59,2021-10-20 14:10:30,15800.0,500.0,626874.0
60,2021-10-20 14:10:23,15700.0,200.0,626374.0
61,2021-10-20 14:09:35,15800.0,200.0,626174.0
62,2021-10-20 14:09:19,15800.0,100.0,625974.0
63,2021-10-20 14:08:12,15800.0,200.0,625874.0
64,2021-10-20 14:07:54,15800.0,500.0,625674.0
65,2021-10-20 14:07:33,15800.0,300.0,625174.0
66,2021-10-20 14:07:19,15700.0,300.0,624874.0
67,2021-10-20 14:07:18,15700.0,200.0,624574.0
68,2021-10-20 14:06:45,15700.0,1000.0,624374.0
69,2021-10-20 14:06:26,15700.0,100.0,623374.0
70,2021-10-20 14:06:22,15600.0,100.0,623274.0
71,2021-10-20 14:06:15,15700.0,1000.0,623174.0
72,2021-10-20 14:05:41,15600.0,300.0,622174.0
73,2021-10-20 14:04:44,15600.0,6300.0,621874.0
74,2021-10-20 14:04:39,15600.0,300.0,615574.0
75,2021-10-20 14:04:36,15600.0,3000.0,615274.0
76,2021-10-20 14:04:00,15600.0,500.0,612274.0
77,2021-10-20 14:03:35,15600.0,300.0,611774.0
78,2021-10-20 14:02:09,15500.0,300.0,611474.0
79,2021-10-20 14:02:08,15500.0,500.0,611174.0
80,2021-10-20 14:02:02,15500.0,2000.0,610674.0
81,2021-10-20 14:01:58,15500.0,700.0,608674.0
82,2021-10-20 14:01:40,15500.0,200.0,607974.0
83,2021-10-20 14:01:36,15500.0,600.0,607774.0
84,2021-10-20 14:01:28,15500.0,2000.0,607174.0
85,2021-10-20 14:01:11,15500.0,1000.0,605174.0
86,2021-10-20 14:00:17,15400.0,6900.0,604174.0
87,2021-10-20 13:59:52,15400.0,500.0,597274.0
88,2021-10-20 13:59:50,15400.0,500.0,596774.0
89,2021-10-20 13:59:26,15400.0,200.0,596274.0
90,2021-10-20 13:59:24,15400.0,100.0,596074.0
91,2021-10-20 13:59:00,15400.0,2300.0,595974.0
92,2021-10-20 13:58:47,15500.0,200.0,593674.0
93,2021-10-20 13:58:31,15400.0,7300.0,593474.0
94,2021-10-20 13:58:10,15300.0,400.0,586174.0
95,2021-10-20 13:58:00,15400.0,5000.0,585774.0
96,2021-10-20 13:57:52,15400.0,3000.0,580774.0
97,2021-10-20 13:57:33,15400.0,100.0,577774.0
98,2021-10-20 13:56:27,15400.0,1000.0,577674.0
99,2021-10-20 13:56:24,15300.0,2000.0,576674.0
100,2021-10-20 13:56:23,15300.0,1000.0,574674.0
101,2021-10-20 13:55:19,15400.0,100.0,573674.0
102,2021-10-20 13:55:08,15400.0,100.0,573574.0
103,2021-10-20 13:55:03,15300.0,300.0,573474.0
104,2021-10-20 13:55:02,15300.0,19700.0,573174.0
105,2021-10-20 13:54:55,15400.0,500.0,553474.0
106,2021-10-20 13:54:33,15400.0,600.0,552974.0
107,2021-10-20 13:54:30,15400.0,100.0,552374.0
108,2021-10-20 13:54:20,15400.0,100.0,552274.0
109,2021-10-20 13:54:19,15300.0,400.0,552174.0
110,2021-10-20 13:54:02,15400.0,2000.0,551774.0
111,2021-10-20 13:53:37,15400.0,200.0,549774.0
112,2021-10-20 13:53:31,15400.0,300.0,549574.0
113,2021-10-20 13:53:30,15400.0,2500.0,549274.0
114,2021-10-20 13:53:17,15400.0,1300.0,546774.0
115,2021-10-20 13:53:12,15300.0,1000.0,545474.0
116,2021-10-20 13:53:02,15400.0,300.0,544474.0
117,2021-10-20 13:52:46,15400.0,100.0,544174.0
118,2021-10-20 13:52:38,15400.0,200.0,544074.0
119,2021-10-20 13:52:10,15400.0,100.0,543874.0
120,2021-10-20 13:52:06,15300.0,4700.0,543774.0
121,2021-10-20 13:51:55,15400.0,600.0,539074.0
122,2021-10-20 13:51:44,15400.0,700.0,538474.0
123,2021-10-20 13:51:18,15400.0,200.0,537774.0
124,2021-10-20 13:51:15,15400.0,1100.0,537574.0
125,2021-10-20 13:51:02,15400.0,500.0,536474.0
126,2021-10-20 13:51:00,15400.0,50.0,535974.0
127,2021-10-20 13:50:56,15400.0,1000.0,535924.0
128,2021-10-20 13:50:55,15400.0,1000.0,534924.0
129,2021-10-20 13:50:47,15400.0,400.0,533924.0
130,2021-10-20 13:50:46,15400.0,1000.0,533524.0
131,2021-10-20 13:50:45,15300.0,1000.0,532524.0
132,2021-10-20 13:50:44,15400.0,100.0,531524.0
133,2021-10-20 13:50:23,15400.0,100.0,531424.0
134,2021-10-20 13:50:21,15300.0,200.0,531324.0
135,2021-10-20 13:50:18,15400.0,300.0,531124.0
136,2021-10-20 13:50:03,15400.0,200.0,530824.0
137,2021-10-20 13:49:55,15400.0,2400.0,530624.0
138,2021-10-20 13:49:53,15300.0,17100.0,528224.0
139,2021-10-20 13:49:51,15400.0,100.0,511124.0
140,2021-10-20 13:49:35,15400.0,100.0,511024.0
141,2021-10-20 13:49:33,15300.0,5400.0,510924.0
142,2021-10-20 13:49:32,15400.0,100.0,505524.0
143,2021-10-20 13:49:20,15400.0,300.0,505424.0
144,2021-10-20 13:49:19,15400.0,200.0,505124.0
145,2021-10-20 13:49:18,15400.0,200.0,504924.0
146,2021-10-20 13:49:16,15400.0,600.0,504724.0
147,2021-10-20 13:49:08,15400.0,5000.0,504124.0
148,2021-10-20 13:49:06,15400.0,1000.0,499124.0
149,2021-10-20 13:49:03,15400.0,10000.0,498124.0
150,2021-10-20 13:48:57,15400.0,100.0,488124.0
151,2021-10-20 13:48:44,15400.0,100.0,488024.0
152,2021-10-20 13:48:38,15400.0,500.0,487924.0
153,2021-10-20 13:48:34,15400.0,200.0,487424.0
154,2021-10-20 13:48:32,15400.0,500.0,487224.0
155,2021-10-20 13:48:30,15400.0,500.0,486724.0
156,2021-10-20 13:48:27,15400.0,2700.0,486224.0
157,2021-10-20 13:48:24,15400.0,1000.0,483524.0
158,2021-10-20 13:48:23,15300.0,22900.0,482524.0
159,2021-10-20 13:48:19,15400.0,1000.0,459624.0
160,2021-10-20 13:48:18,15400.0,100.0,458624.0
161,2021-10-20 13:48:09,15400.0,200.0,458524.0
162,2021-10-20 13:48:07,15400.0,300.0,458324.0
163,2021-10-20 13:48:06,15400.0,1900.0,458024.0
164,2021-10-20 13:48:05,15400.0,6500.0,456124.0
165,2021-10-20 13:48:02,15400.0,1000.0,449624.0
166,2021-10-20 13:47:53,15400.0,400.0,448624.0
167,2021-10-20 13:47:52,15400.0,1000.0,448224.0
168,2021-10-20 13:47:46,15400.0,500.0,447224.0
169,2021-10-20 13:47:17,15500.0,300.0,446724.0
170,2021-10-20 13:47:14,15500.0,100.0,446424.0
171,2021-10-20 13:47:03,15500.0,1000.0,446324.0
172,2021-10-20 13:47:01,15500.0,200.0,445324.0
173,2021-10-20 13:46:53,15500.0,1000.0,445124.0
174,2021-10-20 13:46:47,15500.0,100.0,444124.0
175,2021-10-20 13:46:45,15500.0,1000.0,444024.0
176,2021-10-20 13:46:43,15500.0,600.0,443024.0
177,2021-10-20 13:46:30,15500.0,17900.0,442424.0
178,2021-10-20 13:45:53,15600.0,500.0,424524.0
179,2021-10-20 13:45:48,15500.0,500.0,424024.0
180,2021-10-20 13:45:41,15600.0,100.0,423524.0
181,2021-10-20 13:44:54,15600.0,200.0,423424.0
182,2021-10-20 13:44:47,15600.0,200.0,423224.0
183,2021-10-20 13:44:44,15500.0,5000.0,423024.0
184,2021-10-20 13:44:36,15600.0,100.0,418024.0
185,2021-10-20 13:44:34,15600.0,1000.0,417924.0
186,2021-10-20 13:44:27,15600.0,200.0,416924.0
187,2021-10-20 13:44:04,15600.0,200.0,416724.0
188,2021-10-20 13:43:58,15600.0,4700.0,416524.0
189,2021-10-20 13:43:42,15700.0,300.0,411824.0
190,2021-10-20 13:43:41,15700.0,100.0,411524.0
191,2021-10-20 13:43:37,15700.0,200.0,411424.0
192,2021-10-20 13:43:19,15700.0,200.0,411224.0
193,2021-10-20 13:43:18,15700.0,13800.0,411024.0
194,2021-10-20 13:42:54,15700.0,100.0,397224.0
195,2021-10-20 13:42:28,15700.0,1000.0,397124.0
196,2021-10-20 13:42:12,15700.0,1000.0,396124.0
197,2021-10-20 13:42:05,15700.0,1500.0,395124.0
198,2021-10-20 13:41:58,15700.0,1000.0,393624.0
199,2021-10-20 13:41:56,15700.0,500.0,392624.0
200,2021-10-20 13:41:43,15700.0,2000.0,392124.0
201,2021-10-20 13:41:42,15700.0,18.0,390124.0
202,2021-10-20 13:41:08,15700.0,2000.0,390106.0
203,2021-10-20 13:40:55,15800.0,500.0,388106.0
204,2021-10-20 13:40:41,15800.0,1000.0,387606.0
205,2021-10-20 13:40:39,15800.0,100.0,386606.0
206,2021-10-20 13:40:38,15800.0,1000.0,386506.0
207,2021-10-20 13:40:34,15700.0,1000.0,385506.0
208,2021-10-20 13:40:30,15800.0,1200.0,384506.0
209,2021-10-20 13:40:19,15800.0,100.0,383306.0
210,2021-10-20 13:40:15,15800.0,1000.0,383206.0
211,2021-10-20 13:39:59,15800.0,5000.0,382206.0
212,2021-10-20 13:39:33,15800.0,500.0,377206.0
213,2021-10-20 13:39:30,15700.0,800.0,376706.0
214,2021-10-20 13:39:25,15800.0,300.0,375906.0
215,2021-10-20 13:39:08,15800.0,1500.0,375606.0
216,2021-10-20 13:38:32,15800.0,500.0,374106.0
217,2021-10-20 13:38:17,15800.0,100.0,373606.0
218,2021-10-20 13:38:14,15800.0,100.0,373506.0
219,2021-10-20 13:38:13,15800.0,500.0,373406.0
220,2021-10-20 13:38:12,15800.0,600.0,372906.0
221,2021-10-20 13:38:04,15800.0,20.0,372306.0
222,2021-10-20 13:37:57,15800.0,200.0,372286.0
223,2021-10-20 13:37:29,15800.0,2800.0,372086.0
224,2021-10-20 13:37:15,15800.0,1000.0,369286.0
225,2021-10-20 13:37:14,15800.0,1800.0,368286.0
226,2021-10-20 13:37:08,15800.0,200.0,366486.0
227,2021-10-20 13:36:55,15800.0,10100.0,366286.0
228,2021-10-20 13:36:45,15900.0,21800.0,356186.0
229,2021-10-20 13:36:35,15900.0,5000.0,334386.0
230,2021-10-20 13:35:15,15900.0,10000.0,329386.0
231,2021-10-20 13:34:30,15900.0,700.0,319386.0
232,2021-10-20 13:34:02,15900.0,500.0,318686.0
233,2021-10-20 13:33:29,15900.0,2000.0,318186.0
234,2021-10-20 13:33:24,16000.0,200.0,316186.0
235,2021-10-20 13:32:56,16000.0,1000.0,315986.0
236,2021-10-20 13:32:06,16000.0,100.0,314986.0
237,2021-10-20 13:28:16,16000.0,1100.0,314886.0
238,2021-10-20 13:27:48,16000.0,4600.0,313786.0
239,2021-10-20 13:26:32,16000.0,500.0,309186.0
240,2021-10-20 13:25:44,16000.0,300.0,308686.0
241,2021-10-20 13:25:38,16100.0,500.0,308386.0
242,2021-10-20 13:25:12,16100.0,500.0,307886.0
243,2021-10-20 13:23:30,16000.0,600.0,307386.0
244,2021-10-20 13:23:11,16000.0,400.0,306786.0
245,2021-10-20 13:23:09,16000.0,100.0,306386.0
246,2021-10-20 13:22:41,16000.0,1000.0,306286.0
247,2021-10-20 13:22:16,16000.0,100.0,305286.0
248,2021-10-20 13:21:32,16000.0,6200.0,305186.0
249,2021-10-20 13:21:13,16000.0,1400.0,298986.0
250,2021-10-20 13:21:07,16000.0,8000.0,297586.0
251,2021-10-20 13:21:01,16000.0,900.0,289586.0
252,2021-10-20 13:20:34,16000.0,100.0,288686.0
253,2021-10-20 13:20:11,16000.0,600.0,288586.0
254,2021-10-20 13:18:39,16100.0,800.0,287986.0
255,2021-10-20 13:18:23,16100.0,100.0,287186.0
256,2021-10-20 13:18:20,16000.0,1000.0,287086.0
257,2021-10-20 13:18:09,16000.0,1000.0,286086.0
258,2021-10-20 13:17:45,16000.0,200.0,285086.0
259,2021-10-20 13:16:45,16000.0,1400.0,284886.0
260,2021-10-20 13:15:53,16000.0,500.0,283486.0
261,2021-10-20 13:15:32,16000.0,1000.0,282986.0
262,2021-10-20 13:14:24,16000.0,500.0,281986.0
263,2021-10-20 13:14:11,16000.0,500.0,281486.0
264,2021-10-20 13:14:02,16000.0,10000.0,280986.0
265,2021-10-20 13:14:00,16000.0,2000.0,270986.0
266,2021-10-20 13:13:34,16000.0,1000.0,268986.0
267,2021-10-20 13:13:30,16100.0,200.0,267986.0
268,2021-10-20 13:12:33,16100.0,100.0,267786.0
269,2021-10-20 13:11:10,16100.0,2000.0,267686.0
270,2021-10-20 13:06:13,16100.0,300.0,265686.0
271,2021-10-20 13:06:12,16100.0,200.0,265386.0
272,2021-10-20 13:04:58,16100.0,500.0,265186.0
273,2021-10-20 13:03:46,16100.0,1000.0,264686.0
274,2021-10-20 13:03:24,16000.0,1000.0,263686.0
275,2021-10-20 13:03:03,16000.0,5300.0,262686.0
276,2021-10-20 13:03:01,16000.0,1000.0,257386.0
277,2021-10-20 13:02:34,16000.0,200.0,256386.0
278,2021-10-20 13:02:25,16000.0,5000.0,256186.0
279,2021-10-20 13:02:24,16000.0,200.0,251186.0
280,2021-10-20 13:02:22,16000.0,1200.0,250986.0
281,2021-10-20 13:02:20,16000.0,3000.0,249786.0
282,2021-10-20 13:02:11,16000.0,5000.0,246786.0
283,2021-10-20 13:02:00,16000.0,2900.0,241786.0
284,2021-10-20 13:01:47,16000.0,100.0,238886.0
285,2021-10-20 13:01:44,16000.0,3100.0,238786.0
286,2021-10-20 13:01:34,16000.0,2100.0,235686.0
287,2021-10-20 13:01:24,16000.0,34000.0,233586.0
288,2021-10-20 13:00:49,16000.0,100.0,199586.0
289,2021-10-20 13:00:10,16100.0,1000.0,199486.0
290,2021-10-20 13:00:09,16100.0,400.0,198486.0
291,2021-10-20 13:00:07,16100.0,1100.0,198086.0
292,2021-10-20 13:00:05,16100.0,700.0,196986.0
293,2021-10-20 13:00:04,16100.0,3100.0,196286.0
294,2021-10-20 13:00:03,16100.0,700.0,193186.0
295,2021-10-20 11:29:52,16100.0,500.0,192486.0
296,2021-10-20 11:27:17,16100.0,1000.0,191986.0
297,2021-10-20 11:26:09,16100.0,1200.0,190986.0
298,2021-10-20 11:25:46,16100.0,2000.0,189786.0
299,2021-10-20 11:23:44,16200.0,100.0,187786.0
300,2021-10-20 11:23:43,16100.0,100.0,187686.0
301,2021-10-20 11:23:39,16100.0,1500.0,187586.0
302,2021-10-20 11:21:34,16100.0,100.0,186086.0
303,2021-10-20 11:21:10,16100.0,100.0,185986.0
304,2021-10-20 11:17:33,16100.0,1200.0,185886.0
305,2021-10-20 11:17:13,16100.0,1900.0,184686.0
306,2021-10-20 11:16:24,16100.0,100.0,182786.0
307,2021-10-20 11:16:21,16100.0,100.0,182686.0
308,2021-10-20 11:16:12,16100.0,100.0,182586.0
309,2021-10-20 11:15:55,16100.0,1000.0,182486.0
310,2021-10-20 11:14:33,16100.0,300.0,181486.0
311,2021-10-20 11:12:59,16100.0,2000.0,181186.0
312,2021-10-20 11:11:14,16100.0,2000.0,179186.0
313,2021-10-20 11:10:38,16100.0,100.0,177186.0
314,2021-10-20 11:10:24,16100.0,400.0,177086.0
315,2021-10-20 11:09:42,16100.0,13.0,176686.0
316,2021-10-20 11:09:03,16100.0,600.0,176673.0
317,2021-10-20 11:09:01,16100.0,23.0,176073.0
318,2021-10-20 11:08:16,16100.0,30.0,176050.0
319,2021-10-20 11:06:53,16100.0,100.0,176020.0
320,2021-10-20 11:05:12,16100.0,900.0,175920.0
321,2021-10-20 11:04:58,16100.0,500.0,175020.0
322,2021-10-20 11:04:51,16100.0,1000.0,174520.0
323,2021-10-20 11:04:05,16100.0,1000.0,173520.0
324,2021-10-20 11:01:08,16100.0,100.0,172520.0
325,2021-10-20 11:00:42,16100.0,100.0,172420.0
326,2021-10-20 10:59:52,16100.0,100.0,172320.0
327,2021-10-20 10:59:40,16100.0,300.0,172220.0
328,2021-10-20 10:58:01,16100.0,300.0,171920.0
329,2021-10-20 10:57:30,16100.0,200.0,171620.0
330,2021-10-20 10:55:09,16100.0,100.0,171420.0
331,2021-10-20 10:54:34,16200.0,500.0,171320.0
332,2021-10-20 10:54:21,16200.0,900.0,170820.0
333,2021-10-20 10:53:54,16100.0,600.0,169920.0
334,2021-10-20 10:51:54,16100.0,200.0,169320.0
335,2021-10-20 10:51:18,16100.0,100.0,169120.0
336,2021-10-20 10:50:20,16100.0,400.0,169020.0
337,2021-10-20 10:49:24,16100.0,300.0,168620.0
338,2021-10-20 10:47:41,16100.0,2200.0,168320.0
339,2021-10-20 10:47:22,16100.0,200.0,166120.0
340,2021-10-20 10:46:46,16100.0,5000.0,165920.0
341,2021-10-20 10:46:15,16100.0,1200.0,160920.0
342,2021-10-20 10:45:13,16100.0,100.0,159720.0
343,2021-10-20 10:44:16,16100.0,100.0,159620.0
344,2021-10-20 10:44:13,16100.0,1400.0,159520.0
345,2021-10-20 10:43:54,16100.0,500.0,158120.0
346,2021-10-20 10:43:48,16100.0,1200.0,157620.0
347,2021-10-20 10:43:29,16100.0,3900.0,156420.0
348,2021-10-20 10:41:43,16100.0,5000.0,152520.0
349,2021-10-20 10:40:50,16100.0,500.0,147520.0
350,2021-10-20 10:40:16,16100.0,200.0,147020.0
351,2021-10-20 10:39:33,16100.0,100.0,146820.0
352,2021-10-20 10:39:23,16100.0,200.0,146720.0
353,2021-10-20 10:38:54,16100.0,16000.0,146520.0
354,2021-10-20 10:38:46,16100.0,200.0,130520.0
355,2021-10-20 10:38:28,16100.0,20000.0,130320.0
356,2021-10-20 10:36:10,16100.0,300.0,110320.0
357,2021-10-20 10:35:48,16100.0,500.0,110020.0
358,2021-10-20 10:35:22,16100.0,2000.0,109520.0
359,2021-10-20 10:33:20,16100.0,500.0,107520.0
360,2021-10-20 10:31:32,16100.0,2000.0,107020.0
361,2021-10-20 10:30:43,16200.0,5000.0,105020.0
362,2021-10-20 10:29:53,16200.0,400.0,100020.0
363,2021-10-20 10:28:35,16200.0,100.0,99620.0
364,2021-10-20 10:28:22,16100.0,1000.0,99520.0
365,2021-10-20 10:27:25,16100.0,100.0,98520.0
366,2021-10-20 10:27:03,16100.0,1100.0,98420.0
367,2021-10-20 10:26:14,16100.0,1800.0,97320.0
368,2021-10-20 10:23:50,16200.0,20.0,95520.0
369,2021-10-20 10:23:37,16200.0,100.0,95500.0
370,2021-10-20 10:22:55,16200.0,100.0,95400.0
371,2021-10-20 10:22:06,16200.0,100.0,95300.0
372,2021-10-20 10:20:23,16200.0,100.0,95200.0
373,2021-10-20 10:16:42,16200.0,200.0,95100.0
374,2021-10-20 10:15:39,16200.0,2000.0,94900.0
375,2021-10-20 10:14:23,16200.0,1000.0,92900.0
376,2021-10-20 10:11:41,16100.0,1200.0,91900.0
377,2021-10-20 10:10:41,16100.0,100.0,90700.0
378,2021-10-20 10:10:13,16100.0,1000.0,90600.0
379,2021-10-20 10:07:31,16100.0,500.0,89600.0
380,2021-10-20 10:06:28,16100.0,500.0,89100.0
381,2021-10-20 10:05:45,16100.0,400.0,88600.0
382,2021-10-20 10:04:45,16100.0,4000.0,88200.0
383,2021-10-20 10:00:39,16100.0,900.0,84200.0
384,2021-10-20 09:59:54,16100.0,600.0,83300.0
385,2021-10-20 09:58:29,16100.0,500.0,82700.0
386,2021-10-20 09:57:47,16100.0,11900.0,82200.0
387,2021-10-20 09:56:21,16200.0,100.0,70300.0
388,2021-10-20 09:52:41,16200.0,100.0,70200.0
389,2021-10-20 09:49:09,16200.0,100.0,70100.0
390,2021-10-20 09:49:02,16200.0,1000.0,70000.0
391,2021-10-20 09:49:01,16200.0,1000.0,69000.0
392,2021-10-20 09:48:59,16100.0,2200.0,68000.0
393,2021-10-20 09:47:18,16200.0,100.0,65800.0
394,2021-10-20 09:46:58,16200.0,100.0,65700.0
395,2021-10-20 09:46:41,16200.0,100.0,65600.0
396,2021-10-20 09:45:59,16100.0,100.0,65500.0
397,2021-10-20 09:44:33,16100.0,4000.0,65400.0
398,2021-10-20 09:43:08,16200.0,1000.0,61400.0
399,2021-10-20 09:42:41,16200.0,100.0,60400.0
400,2021-10-20 09:42:18,16200.0,200.0,60300.0
401,2021-10-20 09:41:53,16200.0,3900.0,60100.0
402,2021-10-20 09:41:51,16200.0,2000.0,56200.0
403,2021-10-20 09:41:49,16200.0,12.0,54200.0
404,2021-10-20 09:41:31,16200.0,200.0,54188.0
405,2021-10-20 09:38:12,16300.0,1000.0,53988.0
406,2021-10-20 09:37:56,16300.0,100.0,52988.0
407,2021-10-20 09:37:39,16100.0,300.0,52888.0
408,2021-10-20 09:37:24,16100.0,500.0,52588.0
409,2021-10-20 09:37:23,16100.0,10.0,52088.0
410,2021-10-20 09:36:53,16100.0,5200.0,52078.0
411,2021-10-20 09:36:22,16200.0,2000.0,46878.0
412,2021-10-20 09:34:43,16200.0,48.0,44878.0
413,2021-10-20 09:33:34,16200.0,300.0,44830.0
414,2021-10-20 09:33:05,16100.0,900.0,44530.0
415,2021-10-20 09:33:04,16200.0,1000.0,43630.0
416,2021-10-20 09:32:22,16100.0,100.0,42630.0
417,2021-10-20 09:32:17,16100.0,100.0,42530.0
418,2021-10-20 09:30:49,16100.0,500.0,42430.0
419,2021-10-20 09:30:32,16100.0,2000.0,41930.0
420,2021-10-20 09:30:19,16100.0,100.0,39930.0
421,2021-10-20 09:29:48,16100.0,500.0,39830.0
422,2021-10-20 09:29:46,16100.0,100.0,39330.0
423,2021-10-20 09:29:39,16100.0,1600.0,39230.0
424,2021-10-20 09:29:28,16100.0,1000.0,37630.0
425,2021-10-20 09:29:07,16100.0,500.0,36630.0
426,2021-10-20 09:29:01,16000.0,100.0,36130.0
427,2021-10-20 09:28:51,16000.0,100.0,36030.0
428,2021-10-20 09:28:46,16100.0,100.0,35930.0
429,2021-10-20 09:28:41,16100.0,300.0,35830.0
430,2021-10-20 09:28:26,16100.0,2300.0,35530.0
431,2021-10-20 09:28:19,16100.0,100.0,33230.0
432,2021-10-20 09:28:18,16200.0,100.0,33130.0
433,2021-10-20 09:28:13,16200.0,500.0,33030.0
434,2021-10-20 09:28:05,16100.0,500.0,32530.0
435,2021-10-20 09:27:34,16100.0,200.0,32030.0
436,2021-10-20 09:26:38,16100.0,500.0,31830.0
437,2021-10-20 09:26:34,16100.0,2000.0,31330.0
438,2021-10-20 09:25:40,16100.0,100.0,29330.0
439,2021-10-20 09:24:56,16100.0,200.0,29230.0
440,2021-10-20 09:24:20,16100.0,6800.0,29030.0
441,2021-10-20 09:23:13,16100.0,200.0,22230.0
442,2021-10-20 09:23:11,16100.0,100.0,22030.0
443,2021-10-20 09:22:29,16100.0,3000.0,21930.0
444,2021-10-20 09:22:19,16300.0,30.0,18930.0
445,2021-10-20 09:22:06,16300.0,700.0,18900.0
446,2021-10-20 09:19:46,16300.0,1000.0,18200.0
447,2021-10-20 09:19:33,16400.0,100.0,17200.0
448,2021-10-20 09:19:08,16300.0,100.0,17100.0
449,2021-10-20 09:17:21,16400.0,100.0,17000.0
450,2021-10-20 09:15:12,16500.0,100.0,16900.0
451,2021-10-20 09:14:34,16300.0,700.0,16800.0
452,2021-10-20 09:13:42,16500.0,200.0,16100.0
453,2021-10-20 09:11:29,16500.0,300.0,15900.0
454,2021-10-20 09:10:04,16300.0,500.0,15600.0
455,2021-10-20 09:09:53,16500.0,100.0,15100.0
456,2021-10-20 09:09:37,16400.0,100.0,15000.0
457,2021-10-20 09:08:38,16300.0,500.0,14900.0
458,2021-10-20 09:08:17,16300.0,100.0,14400.0
459,2021-10-20 09:07:42,16300.0,300.0,14300.0
460,2021-10-20 09:07:15,16400.0,1000.0,14000.0
461,2021-10-20 09:06:17,16500.0,100.0,13000.0
462,2021-10-20 09:06:07,16500.0,600.0,12900.0
463,2021-10-20 09:05:58,16500.0,2400.0,12300.0
464,2021-10-20 09:05:52,16500.0,2600.0,9900.0
465,2021-10-20 09:05:50,16500.0,2000.0,7300.0
466,2021-10-20 09:05:39,16500.0,500.0,5300.0
467,2021-10-20 09:05:13,16500.0,500.0,4800.0
468,2021-10-20 09:05:08,16500.0,2000.0,4300.0
469,2021-10-20 09:02:34,16700.0,100.0,2300.0
470,2021-10-20 09:02:27,16600.0,100.0,2200.0
471,2021-10-20 09:02:07,16600.0,100.0,2100.0
472,2021-10-20 09:01:52,16500.0,100.0,2000.0
473,2021-10-20 09:00:59,16700.0,100.0,1900.0
474,2021-10-20 09:00:56,16500.0,200.0,1800.0
475,2021-10-20 09:00:30,16200.0,1000.0,1600.0
476,2021-10-20 09:00:17,16200.0,600.0,600.0
