,Time,Price,Volume_per_trade,Volume
0,2021-10-06 14:45:02,19500.0,12800.0,1130974.0
1,2021-10-06 14:30:01,19400.0,3.0,1118174.0
2,2021-10-06 14:29:55,19400.0,1400.0,1118171.0
3,2021-10-06 14:29:48,19300.0,100.0,1116771.0
4,2021-10-06 14:29:32,19400.0,800.0,1116671.0
5,2021-10-06 14:29:29,19300.0,5.0,1115871.0
6,2021-10-06 14:28:13,19300.0,1000.0,1115866.0
7,2021-10-06 14:28:06,19300.0,2500.0,1114866.0
8,2021-10-06 14:28:05,19300.0,100.0,1112366.0
9,2021-10-06 14:28:00,19300.0,3000.0,1112266.0
10,2021-10-06 14:27:49,19300.0,3000.0,1109266.0
11,2021-10-06 14:27:16,19300.0,3200.0,1106266.0
12,2021-10-06 14:27:02,19300.0,500.0,1103066.0
13,2021-10-06 14:24:25,19300.0,300.0,1102566.0
14,2021-10-06 14:24:03,19300.0,100.0,1102266.0
15,2021-10-06 14:23:54,19400.0,500.0,1102166.0
16,2021-10-06 14:23:08,19400.0,100.0,1101666.0
17,2021-10-06 14:22:39,19500.0,200.0,1101566.0
18,2021-10-06 14:22:07,19500.0,10000.0,1101366.0
19,2021-10-06 14:21:47,19400.0,300.0,1091366.0
20,2021-10-06 14:21:19,19400.0,8800.0,1091066.0
21,2021-10-06 14:21:14,19500.0,500.0,1082266.0
22,2021-10-06 14:20:52,19500.0,200.0,1081766.0
23,2021-10-06 14:20:29,19500.0,300.0,1081566.0
24,2021-10-06 14:20:22,19500.0,400.0,1081266.0
25,2021-10-06 14:19:57,19500.0,200.0,1080866.0
26,2021-10-06 14:19:03,19500.0,100.0,1080666.0
27,2021-10-06 14:18:36,19500.0,300.0,1080566.0
28,2021-10-06 14:18:10,19500.0,1000.0,1080266.0
29,2021-10-06 14:17:00,19500.0,500.0,1079266.0
30,2021-10-06 14:16:52,19500.0,400.0,1078766.0
31,2021-10-06 14:16:39,19500.0,4000.0,1078366.0
32,2021-10-06 14:16:36,19500.0,100.0,1074366.0
33,2021-10-06 14:16:04,19500.0,200.0,1074266.0
34,2021-10-06 14:16:03,19500.0,200.0,1074066.0
35,2021-10-06 14:16:00,19500.0,200.0,1073866.0
36,2021-10-06 14:15:48,19500.0,4000.0,1073666.0
37,2021-10-06 14:15:45,19500.0,500.0,1069666.0
38,2021-10-06 14:15:33,19600.0,600.0,1069166.0
39,2021-10-06 14:15:29,19500.0,100.0,1068566.0
40,2021-10-06 14:15:22,19500.0,4400.0,1068466.0
41,2021-10-06 14:14:29,19600.0,2000.0,1064066.0
42,2021-10-06 14:14:12,19600.0,2000.0,1062066.0
43,2021-10-06 14:13:19,19600.0,100.0,1060066.0
44,2021-10-06 14:12:34,19600.0,2000.0,1059966.0
45,2021-10-06 14:12:33,19500.0,300.0,1057966.0
46,2021-10-06 14:11:12,19500.0,800.0,1057666.0
47,2021-10-06 14:11:02,19500.0,400.0,1056866.0
48,2021-10-06 14:10:43,19500.0,4000.0,1056466.0
49,2021-10-06 14:10:35,19500.0,2000.0,1052466.0
50,2021-10-06 14:10:30,19500.0,6700.0,1050466.0
51,2021-10-06 14:10:20,19500.0,1500.0,1043766.0
52,2021-10-06 14:10:02,19500.0,300.0,1042266.0
53,2021-10-06 14:09:55,19500.0,300.0,1041966.0
54,2021-10-06 14:09:51,19500.0,1300.0,1041666.0
55,2021-10-06 14:08:45,19500.0,21.0,1040366.0
56,2021-10-06 14:08:38,19500.0,500.0,1040345.0
57,2021-10-06 14:08:34,19500.0,200.0,1039845.0
58,2021-10-06 14:08:30,19400.0,500.0,1039645.0
59,2021-10-06 14:08:13,19400.0,1000.0,1039145.0
60,2021-10-06 14:07:47,19500.0,400.0,1038145.0
61,2021-10-06 14:07:39,19500.0,2000.0,1037745.0
62,2021-10-06 14:05:46,19500.0,1000.0,1035745.0
63,2021-10-06 14:05:40,19500.0,100.0,1034745.0
64,2021-10-06 14:05:06,19500.0,2000.0,1034645.0
65,2021-10-06 14:03:52,19500.0,2000.0,1032645.0
66,2021-10-06 14:03:51,19500.0,100.0,1030645.0
67,2021-10-06 14:03:49,19500.0,300.0,1030545.0
68,2021-10-06 14:03:45,19500.0,1100.0,1030245.0
69,2021-10-06 14:03:41,19500.0,41.0,1029145.0
70,2021-10-06 14:03:25,19500.0,1000.0,1029104.0
71,2021-10-06 14:02:42,19400.0,400.0,1028104.0
72,2021-10-06 14:02:09,19400.0,200.0,1027704.0
73,2021-10-06 14:02:05,19400.0,300.0,1027504.0
74,2021-10-06 14:01:50,19400.0,200.0,1027204.0
75,2021-10-06 14:01:40,19400.0,100.0,1027004.0
76,2021-10-06 14:01:30,19400.0,200.0,1026904.0
77,2021-10-06 14:01:01,19400.0,200.0,1026704.0
78,2021-10-06 14:00:53,19500.0,200.0,1026504.0
79,2021-10-06 14:00:34,19500.0,1800.0,1026304.0
80,2021-10-06 14:00:30,19500.0,4500.0,1024504.0
81,2021-10-06 14:00:18,19500.0,2000.0,1020004.0
82,2021-10-06 14:00:10,19700.0,500.0,1018004.0
83,2021-10-06 13:59:48,19600.0,200.0,1017504.0
84,2021-10-06 13:59:42,19600.0,500.0,1017304.0
85,2021-10-06 13:59:23,19600.0,6000.0,1016804.0
86,2021-10-06 13:59:19,19600.0,1000.0,1010804.0
87,2021-10-06 13:59:03,19700.0,100.0,1009804.0
88,2021-10-06 13:59:02,19600.0,1000.0,1009704.0
89,2021-10-06 13:58:56,19600.0,1900.0,1008704.0
90,2021-10-06 13:58:32,19600.0,1500.0,1006804.0
91,2021-10-06 13:58:24,19600.0,3600.0,1005304.0
92,2021-10-06 13:58:22,19600.0,500.0,1001704.0
93,2021-10-06 13:58:04,19500.0,100.0,1001204.0
94,2021-10-06 13:58:03,19500.0,300.0,1001104.0
95,2021-10-06 13:57:52,19400.0,200.0,1000804.0
96,2021-10-06 13:57:46,19400.0,500.0,1000604.0
97,2021-10-06 13:57:42,19400.0,400.0,1000104.0
98,2021-10-06 13:57:30,19400.0,1000.0,999704.0
99,2021-10-06 13:57:25,19400.0,300.0,998704.0
100,2021-10-06 13:57:19,19300.0,300.0,998404.0
101,2021-10-06 13:57:07,19300.0,300.0,998104.0
102,2021-10-06 13:56:56,19300.0,100.0,997804.0
103,2021-10-06 13:56:55,19300.0,100.0,997704.0
104,2021-10-06 13:56:07,19100.0,800.0,997604.0
105,2021-10-06 13:56:05,19100.0,400.0,996804.0
106,2021-10-06 13:56:04,19100.0,200.0,996404.0
107,2021-10-06 13:55:55,19100.0,1300.0,996204.0
108,2021-10-06 13:55:53,19100.0,1000.0,994904.0
109,2021-10-06 13:55:47,19100.0,200.0,993904.0
110,2021-10-06 13:55:46,19100.0,300.0,993704.0
111,2021-10-06 13:55:42,19100.0,100.0,993404.0
112,2021-10-06 13:55:41,19100.0,2000.0,993304.0
113,2021-10-06 13:55:38,19100.0,700.0,991304.0
114,2021-10-06 13:55:37,19100.0,400.0,990604.0
115,2021-10-06 13:55:33,19100.0,200.0,990204.0
116,2021-10-06 13:55:28,19100.0,300.0,990004.0
117,2021-10-06 13:55:25,19100.0,1000.0,989704.0
118,2021-10-06 13:55:24,19200.0,200.0,988704.0
119,2021-10-06 13:55:22,19300.0,1000.0,988504.0
120,2021-10-06 13:55:19,19200.0,600.0,987504.0
121,2021-10-06 13:55:16,19200.0,1100.0,986904.0
122,2021-10-06 13:55:12,19300.0,16.0,985804.0
123,2021-10-06 13:55:07,19300.0,2400.0,985788.0
124,2021-10-06 13:55:05,19300.0,500.0,983388.0
125,2021-10-06 13:55:02,19300.0,1000.0,982888.0
126,2021-10-06 13:54:54,19300.0,1000.0,981888.0
127,2021-10-06 13:54:44,19400.0,100.0,980888.0
128,2021-10-06 13:54:38,19400.0,500.0,980788.0
129,2021-10-06 13:54:34,19500.0,4400.0,980288.0
130,2021-10-06 13:54:32,19500.0,100.0,975888.0
131,2021-10-06 13:54:28,19500.0,1500.0,975788.0
132,2021-10-06 13:54:20,19500.0,3600.0,974288.0
133,2021-10-06 13:54:19,19500.0,3000.0,970688.0
134,2021-10-06 13:54:00,19600.0,1500.0,967688.0
135,2021-10-06 13:53:58,19700.0,600.0,966188.0
136,2021-10-06 13:53:48,19600.0,500.0,965588.0
137,2021-10-06 13:53:44,19700.0,1200.0,965088.0
138,2021-10-06 13:53:26,19700.0,4400.0,963888.0
139,2021-10-06 13:53:22,19700.0,5000.0,959488.0
140,2021-10-06 13:53:20,19700.0,1800.0,954488.0
141,2021-10-06 13:53:15,19700.0,1000.0,952688.0
142,2021-10-06 13:53:09,19700.0,100.0,951688.0
143,2021-10-06 13:53:03,19700.0,5200.0,951588.0
144,2021-10-06 13:52:54,19700.0,200.0,946388.0
145,2021-10-06 13:52:50,19700.0,1000.0,946188.0
146,2021-10-06 13:52:38,19700.0,2300.0,945188.0
147,2021-10-06 13:52:26,19700.0,4900.0,942888.0
148,2021-10-06 13:52:20,19800.0,1400.0,937988.0
149,2021-10-06 13:52:18,19800.0,100.0,936588.0
150,2021-10-06 13:52:11,19800.0,58.0,936488.0
151,2021-10-06 13:52:09,19800.0,200.0,936430.0
152,2021-10-06 13:52:07,19800.0,100.0,936230.0
153,2021-10-06 13:52:05,19800.0,100.0,936130.0
154,2021-10-06 13:51:49,19800.0,500.0,936030.0
155,2021-10-06 13:51:39,19900.0,2500.0,935530.0
156,2021-10-06 13:51:31,19900.0,1400.0,933030.0
157,2021-10-06 13:51:30,19900.0,900.0,931630.0
158,2021-10-06 13:51:24,19900.0,510.0,930730.0
159,2021-10-06 13:50:56,20000.0,88.0,930220.0
160,2021-10-06 13:50:50,20000.0,2599.0,930132.0
161,2021-10-06 13:50:47,20000.0,100.0,927533.0
162,2021-10-06 13:50:42,20000.0,200.0,927433.0
163,2021-10-06 13:50:39,19900.0,100.0,927233.0
164,2021-10-06 13:50:28,20000.0,1000.0,927133.0
165,2021-10-06 13:50:25,19900.0,4500.0,926133.0
166,2021-10-06 13:50:23,19900.0,200.0,921633.0
167,2021-10-06 13:50:18,19900.0,1000.0,921433.0
168,2021-10-06 13:50:03,19900.0,10000.0,920433.0
169,2021-10-06 13:49:59,19800.0,100.0,910433.0
170,2021-10-06 13:49:52,19800.0,100.0,910333.0
171,2021-10-06 13:49:49,19700.0,1900.0,910233.0
172,2021-10-06 13:49:46,19700.0,300.0,908333.0
173,2021-10-06 13:49:45,19700.0,2300.0,908033.0
174,2021-10-06 13:49:39,19700.0,1500.0,905733.0
175,2021-10-06 13:49:35,19700.0,1000.0,904233.0
176,2021-10-06 13:49:15,19600.0,500.0,903233.0
177,2021-10-06 13:49:08,19600.0,200.0,902733.0
178,2021-10-06 13:49:05,19600.0,1000.0,902533.0
179,2021-10-06 13:48:54,19600.0,500.0,901533.0
180,2021-10-06 13:48:41,19500.0,300.0,901033.0
181,2021-10-06 13:48:32,19500.0,1000.0,900733.0
182,2021-10-06 13:48:29,19500.0,1000.0,899733.0
183,2021-10-06 13:48:18,19400.0,300.0,898733.0
184,2021-10-06 13:48:17,19500.0,6000.0,898433.0
185,2021-10-06 13:48:03,19500.0,200.0,892433.0
186,2021-10-06 13:47:47,19400.0,800.0,892233.0
187,2021-10-06 13:47:45,19400.0,1000.0,891433.0
188,2021-10-06 13:47:32,19300.0,2600.0,890433.0
189,2021-10-06 13:47:31,19300.0,3000.0,887833.0
190,2021-10-06 13:47:25,19300.0,200.0,884833.0
191,2021-10-06 13:47:23,19200.0,100.0,884633.0
192,2021-10-06 13:47:20,19200.0,600.0,884533.0
193,2021-10-06 13:47:15,19200.0,200.0,883933.0
194,2021-10-06 13:47:07,19200.0,25300.0,883733.0
195,2021-10-06 13:46:54,19100.0,900.0,858433.0
196,2021-10-06 13:46:50,19100.0,2000.0,857533.0
197,2021-10-06 13:46:41,19100.0,1000.0,855533.0
198,2021-10-06 13:46:33,19100.0,10000.0,854533.0
199,2021-10-06 13:46:23,19000.0,39.0,844533.0
200,2021-10-06 13:46:19,19000.0,600.0,844494.0
201,2021-10-06 13:46:17,19000.0,1000.0,843894.0
202,2021-10-06 13:46:15,19000.0,500.0,842894.0
203,2021-10-06 13:46:08,19000.0,100.0,842394.0
204,2021-10-06 13:46:05,19000.0,10000.0,842294.0
205,2021-10-06 13:46:00,19000.0,100.0,832294.0
206,2021-10-06 13:45:57,19000.0,200.0,832194.0
207,2021-10-06 13:45:05,19000.0,500.0,831994.0
208,2021-10-06 13:44:54,18900.0,1700.0,831494.0
209,2021-10-06 13:44:52,18900.0,500.0,829794.0
210,2021-10-06 13:44:31,18900.0,500.0,829294.0
211,2021-10-06 13:44:12,18900.0,2000.0,828794.0
212,2021-10-06 13:42:41,18900.0,1000.0,826794.0
213,2021-10-06 13:42:28,18900.0,2900.0,825794.0
214,2021-10-06 13:42:24,18900.0,1000.0,822894.0
215,2021-10-06 13:42:13,18900.0,200.0,821894.0
216,2021-10-06 13:42:12,18900.0,100.0,821694.0
217,2021-10-06 13:41:52,18900.0,100.0,821594.0
218,2021-10-06 13:41:35,18900.0,1000.0,821494.0
219,2021-10-06 13:41:13,18800.0,200.0,820494.0
220,2021-10-06 13:41:11,18800.0,200.0,820294.0
221,2021-10-06 13:41:08,18800.0,600.0,820094.0
222,2021-10-06 13:41:04,18800.0,200.0,819494.0
223,2021-10-06 13:40:54,18800.0,10000.0,819294.0
224,2021-10-06 13:40:38,18700.0,12300.0,809294.0
225,2021-10-06 13:40:03,18700.0,100.0,796994.0
226,2021-10-06 13:39:47,18600.0,300.0,796894.0
227,2021-10-06 13:39:45,18600.0,800.0,796594.0
228,2021-10-06 13:39:43,18600.0,2000.0,795794.0
229,2021-10-06 13:39:42,18600.0,2000.0,793794.0
230,2021-10-06 13:39:41,18600.0,5200.0,791794.0
231,2021-10-06 13:39:37,18600.0,1000.0,786594.0
232,2021-10-06 13:39:32,18600.0,2000.0,785594.0
233,2021-10-06 13:39:19,18600.0,500.0,783594.0
234,2021-10-06 13:39:11,18500.0,16300.0,783094.0
235,2021-10-06 13:39:06,18500.0,100.0,766794.0
236,2021-10-06 13:39:03,18500.0,500.0,766694.0
237,2021-10-06 13:38:45,18500.0,3000.0,766194.0
238,2021-10-06 13:38:21,18500.0,300.0,763194.0
239,2021-10-06 13:38:17,18500.0,200.0,762894.0
240,2021-10-06 13:38:16,18500.0,1000.0,762694.0
241,2021-10-06 13:38:11,18500.0,5700.0,761694.0
242,2021-10-06 13:38:08,18500.0,800.0,755994.0
243,2021-10-06 13:38:03,18500.0,500.0,755194.0
244,2021-10-06 13:38:00,18500.0,2500.0,754694.0
245,2021-10-06 13:37:37,18500.0,400.0,752194.0
246,2021-10-06 13:37:34,18500.0,2700.0,751794.0
247,2021-10-06 13:35:57,18400.0,1100.0,749094.0
248,2021-10-06 13:35:50,18400.0,500.0,747994.0
249,2021-10-06 13:35:36,18400.0,200.0,747494.0
250,2021-10-06 13:35:29,18400.0,1200.0,747294.0
251,2021-10-06 13:35:25,18500.0,2000.0,746094.0
252,2021-10-06 13:34:48,18400.0,1800.0,744094.0
253,2021-10-06 13:34:42,18400.0,2600.0,742294.0
254,2021-10-06 13:34:38,18400.0,1300.0,739694.0
255,2021-10-06 13:34:36,18400.0,200.0,738394.0
256,2021-10-06 13:34:20,18400.0,200.0,738194.0
257,2021-10-06 13:33:50,18400.0,2900.0,737994.0
258,2021-10-06 13:32:27,18400.0,20000.0,735094.0
259,2021-10-06 13:32:09,18500.0,100.0,715094.0
260,2021-10-06 13:31:09,18500.0,2000.0,714994.0
261,2021-10-06 13:30:12,18400.0,100.0,712994.0
262,2021-10-06 13:29:25,18400.0,500.0,712894.0
263,2021-10-06 13:27:35,18500.0,100.0,712394.0
264,2021-10-06 13:27:04,18400.0,1000.0,712294.0
265,2021-10-06 13:26:42,18400.0,200.0,711294.0
266,2021-10-06 13:26:36,18500.0,500.0,711094.0
267,2021-10-06 13:26:25,18500.0,100.0,710594.0
268,2021-10-06 13:26:07,18500.0,1000.0,710494.0
269,2021-10-06 13:26:06,18500.0,2000.0,709494.0
270,2021-10-06 13:25:09,18500.0,200.0,707494.0
271,2021-10-06 13:23:47,18500.0,500.0,707294.0
272,2021-10-06 13:21:33,18500.0,6800.0,706794.0
273,2021-10-06 13:20:34,18600.0,300.0,699994.0
274,2021-10-06 13:18:49,18600.0,400.0,699694.0
275,2021-10-06 13:17:52,18600.0,1700.0,699294.0
276,2021-10-06 13:17:27,18500.0,700.0,697594.0
277,2021-10-06 13:17:20,18500.0,200.0,696894.0
278,2021-10-06 13:17:12,18500.0,100.0,696694.0
279,2021-10-06 13:17:02,18500.0,1200.0,696594.0
280,2021-10-06 13:16:19,18500.0,1000.0,695394.0
281,2021-10-06 13:12:26,18400.0,7000.0,694394.0
282,2021-10-06 13:07:14,18500.0,100.0,687394.0
283,2021-10-06 13:07:09,18500.0,1000.0,687294.0
284,2021-10-06 13:05:30,18500.0,5900.0,686294.0
285,2021-10-06 13:03:10,18500.0,2900.0,680394.0
286,2021-10-06 13:02:48,18500.0,20.0,677494.0
287,2021-10-06 13:01:53,18500.0,2000.0,677474.0
288,2021-10-06 13:00:10,18500.0,2000.0,675474.0
289,2021-10-06 13:00:09,18600.0,100.0,673474.0
290,2021-10-06 13:00:07,18600.0,100.0,673374.0
291,2021-10-06 11:29:55,18600.0,5800.0,673274.0
292,2021-10-06 11:28:59,18500.0,400.0,667474.0
293,2021-10-06 11:28:53,18500.0,1200.0,667074.0
294,2021-10-06 11:28:33,18400.0,100.0,665874.0
295,2021-10-06 11:28:13,18500.0,1000.0,665774.0
296,2021-10-06 11:27:17,18500.0,700.0,664774.0
297,2021-10-06 11:26:32,18500.0,600.0,664074.0
298,2021-10-06 11:26:02,18500.0,1000.0,663474.0
299,2021-10-06 11:24:23,18500.0,200.0,662474.0
300,2021-10-06 11:24:10,18500.0,500.0,662274.0
301,2021-10-06 11:23:09,18500.0,74.0,661774.0
302,2021-10-06 11:22:26,18500.0,300.0,661700.0
303,2021-10-06 11:19:20,18500.0,100.0,661400.0
304,2021-10-06 11:18:33,18500.0,1000.0,661300.0
305,2021-10-06 11:17:37,18500.0,100.0,660300.0
306,2021-10-06 11:16:16,18400.0,1500.0,660200.0
307,2021-10-06 11:16:11,18400.0,200.0,658700.0
308,2021-10-06 11:15:34,18400.0,300.0,658500.0
309,2021-10-06 11:12:51,18400.0,200.0,658200.0
310,2021-10-06 11:12:28,18400.0,300.0,658000.0
311,2021-10-06 11:10:48,18400.0,3000.0,657700.0
312,2021-10-06 11:10:36,18400.0,2000.0,654700.0
313,2021-10-06 11:09:15,18400.0,300.0,652700.0
314,2021-10-06 11:09:04,18400.0,100.0,652400.0
315,2021-10-06 11:08:40,18400.0,100.0,652300.0
316,2021-10-06 11:08:11,18400.0,200.0,652200.0
317,2021-10-06 11:07:20,18400.0,500.0,652000.0
318,2021-10-06 11:07:06,18400.0,1800.0,651500.0
319,2021-10-06 11:06:32,18400.0,200.0,649700.0
320,2021-10-06 11:05:40,18400.0,1300.0,649500.0
321,2021-10-06 11:05:05,18300.0,100.0,648200.0
322,2021-10-06 11:04:28,18300.0,300.0,648100.0
323,2021-10-06 11:02:58,18300.0,100.0,647800.0
324,2021-10-06 11:02:52,18300.0,1000.0,647700.0
325,2021-10-06 11:02:50,18300.0,100.0,646700.0
326,2021-10-06 11:02:47,18300.0,1000.0,646600.0
327,2021-10-06 11:02:44,18300.0,1000.0,645600.0
328,2021-10-06 11:02:42,18300.0,100.0,644600.0
329,2021-10-06 11:02:29,18300.0,500.0,644500.0
330,2021-10-06 11:02:14,18300.0,200.0,644000.0
331,2021-10-06 11:02:03,18300.0,200.0,643800.0
332,2021-10-06 11:01:55,18300.0,500.0,643600.0
333,2021-10-06 11:01:53,18300.0,1000.0,643100.0
334,2021-10-06 11:01:35,18300.0,1000.0,642100.0
335,2021-10-06 11:01:33,18300.0,37600.0,641100.0
336,2021-10-06 11:01:21,18400.0,2300.0,603500.0
337,2021-10-06 11:01:12,18400.0,100.0,601200.0
338,2021-10-06 11:00:09,18400.0,300.0,601100.0
339,2021-10-06 10:59:17,18400.0,1000.0,600800.0
340,2021-10-06 10:59:05,18500.0,1000.0,599800.0
341,2021-10-06 10:58:11,18500.0,1000.0,598800.0
342,2021-10-06 10:57:36,18500.0,600.0,597800.0
343,2021-10-06 10:57:33,18400.0,1000.0,597200.0
344,2021-10-06 10:57:27,18400.0,4000.0,596200.0
345,2021-10-06 10:57:20,18400.0,4500.0,592200.0
346,2021-10-06 10:54:03,18400.0,500.0,587700.0
347,2021-10-06 10:53:54,18400.0,100.0,587200.0
348,2021-10-06 10:51:06,18400.0,200.0,587100.0
349,2021-10-06 10:50:53,18400.0,5100.0,586900.0
350,2021-10-06 10:50:36,18400.0,100.0,581800.0
351,2021-10-06 10:49:16,18500.0,1000.0,581700.0
352,2021-10-06 10:49:14,18500.0,200.0,580700.0
353,2021-10-06 10:48:55,18500.0,100.0,580500.0
354,2021-10-06 10:47:34,18500.0,10.0,580400.0
355,2021-10-06 10:46:51,18500.0,1400.0,580390.0
356,2021-10-06 10:46:28,18500.0,1600.0,578990.0
357,2021-10-06 10:45:38,18400.0,5000.0,577390.0
358,2021-10-06 10:44:57,18500.0,2000.0,572390.0
359,2021-10-06 10:43:03,18400.0,18200.0,570390.0
360,2021-10-06 10:43:01,18600.0,5.0,552190.0
361,2021-10-06 10:40:39,18600.0,500.0,552185.0
362,2021-10-06 10:40:14,18500.0,300.0,551685.0
363,2021-10-06 10:39:59,18500.0,25600.0,551385.0
364,2021-10-06 10:38:58,18600.0,100.0,525785.0
365,2021-10-06 10:38:28,18600.0,100.0,525685.0
366,2021-10-06 10:38:24,18500.0,5000.0,525585.0
367,2021-10-06 10:37:45,18600.0,6000.0,520585.0
368,2021-10-06 10:36:25,18600.0,200.0,514585.0
369,2021-10-06 10:35:43,18600.0,500.0,514385.0
370,2021-10-06 10:35:23,18500.0,700.0,513885.0
371,2021-10-06 10:35:08,18600.0,500.0,513185.0
372,2021-10-06 10:34:46,18500.0,1500.0,512685.0
373,2021-10-06 10:33:54,18600.0,400.0,511185.0
374,2021-10-06 10:33:28,18600.0,200.0,510785.0
375,2021-10-06 10:33:20,18500.0,7800.0,510585.0
376,2021-10-06 10:33:19,18500.0,12900.0,502785.0
377,2021-10-06 10:32:44,18500.0,200.0,489885.0
378,2021-10-06 10:32:32,18600.0,100.0,489685.0
379,2021-10-06 10:31:25,18600.0,600.0,489585.0
380,2021-10-06 10:31:01,18600.0,100.0,488985.0
381,2021-10-06 10:30:41,18600.0,34.0,488885.0
382,2021-10-06 10:30:10,18600.0,1000.0,488851.0
383,2021-10-06 10:30:02,18600.0,300.0,487851.0
384,2021-10-06 10:29:33,18600.0,200.0,487551.0
385,2021-10-06 10:27:58,18600.0,500.0,487351.0
386,2021-10-06 10:26:59,18500.0,25000.0,486851.0
387,2021-10-06 10:24:40,18700.0,2000.0,461851.0
388,2021-10-06 10:24:28,18700.0,1000.0,459851.0
389,2021-10-06 10:22:50,18600.0,3000.0,458851.0
390,2021-10-06 10:18:43,18700.0,200.0,455851.0
391,2021-10-06 10:18:40,18700.0,500.0,455651.0
392,2021-10-06 10:16:57,18700.0,100.0,455151.0
393,2021-10-06 10:16:23,18600.0,100.0,455051.0
394,2021-10-06 10:13:42,18600.0,800.0,454951.0
395,2021-10-06 10:12:49,18600.0,200.0,454151.0
396,2021-10-06 10:12:28,18600.0,5000.0,453951.0
397,2021-10-06 10:12:03,18700.0,1000.0,448951.0
398,2021-10-06 10:12:01,18700.0,500.0,447951.0
399,2021-10-06 10:11:01,18700.0,100.0,447451.0
400,2021-10-06 10:09:32,18700.0,200.0,447351.0
401,2021-10-06 10:09:24,18700.0,600.0,447151.0
402,2021-10-06 10:07:54,18700.0,500.0,446551.0
403,2021-10-06 10:07:47,18700.0,200.0,446051.0
404,2021-10-06 10:07:09,18700.0,100.0,445851.0
405,2021-10-06 10:06:41,18700.0,1200.0,445751.0
406,2021-10-06 10:06:26,18700.0,600.0,444551.0
407,2021-10-06 10:05:58,18700.0,100.0,443951.0
408,2021-10-06 10:04:55,18700.0,600.0,443851.0
409,2021-10-06 10:04:09,18700.0,100.0,443251.0
410,2021-10-06 10:04:07,18700.0,1900.0,443151.0
411,2021-10-06 10:03:42,18700.0,3000.0,441251.0
412,2021-10-06 10:03:16,18700.0,16500.0,438251.0
413,2021-10-06 10:00:54,18700.0,300.0,421751.0
414,2021-10-06 10:00:52,18800.0,100.0,421451.0
415,2021-10-06 10:00:03,18800.0,1000.0,421351.0
416,2021-10-06 09:59:36,18800.0,20.0,420351.0
417,2021-10-06 09:59:31,18800.0,5000.0,420331.0
418,2021-10-06 09:58:47,18800.0,2000.0,415331.0
419,2021-10-06 09:58:44,18700.0,800.0,413331.0
420,2021-10-06 09:58:18,18700.0,200.0,412531.0
421,2021-10-06 09:57:07,18800.0,2000.0,412331.0
422,2021-10-06 09:56:04,18800.0,100.0,410331.0
423,2021-10-06 09:55:44,18800.0,700.0,410231.0
424,2021-10-06 09:54:17,18800.0,200.0,409531.0
425,2021-10-06 09:53:35,18800.0,500.0,409331.0
426,2021-10-06 09:53:26,18800.0,1500.0,408831.0
427,2021-10-06 09:53:22,18800.0,200.0,407331.0
428,2021-10-06 09:52:51,18800.0,1700.0,407131.0
429,2021-10-06 09:52:24,18900.0,100.0,405431.0
430,2021-10-06 09:52:15,18900.0,100.0,405331.0
431,2021-10-06 09:51:56,18900.0,500.0,405231.0
432,2021-10-06 09:51:49,18900.0,200.0,404731.0
433,2021-10-06 09:51:48,18800.0,100.0,404531.0
434,2021-10-06 09:50:40,18800.0,300.0,404431.0
435,2021-10-06 09:50:19,18800.0,300.0,404131.0
436,2021-10-06 09:50:18,18800.0,200.0,403831.0
437,2021-10-06 09:50:06,18800.0,300.0,403631.0
438,2021-10-06 09:49:35,18800.0,77.0,403331.0
439,2021-10-06 09:49:20,18800.0,3.0,403254.0
440,2021-10-06 09:49:10,18800.0,1400.0,403251.0
441,2021-10-06 09:47:50,18700.0,100.0,401851.0
442,2021-10-06 09:47:13,18700.0,500.0,401751.0
443,2021-10-06 09:45:25,18700.0,500.0,401251.0
444,2021-10-06 09:45:01,18700.0,400.0,400751.0
445,2021-10-06 09:45:00,18700.0,600.0,400351.0
446,2021-10-06 09:44:40,18700.0,300.0,399751.0
447,2021-10-06 09:44:28,18700.0,400.0,399451.0
448,2021-10-06 09:44:15,18700.0,500.0,399051.0
449,2021-10-06 09:43:57,18700.0,500.0,398551.0
450,2021-10-06 09:43:34,18700.0,300.0,398051.0
451,2021-10-06 09:43:14,18700.0,8000.0,397751.0
452,2021-10-06 09:42:52,18600.0,50.0,389751.0
453,2021-10-06 09:42:40,18600.0,200.0,389701.0
454,2021-10-06 09:41:27,18600.0,500.0,389501.0
455,2021-10-06 09:41:06,18600.0,11900.0,389001.0
456,2021-10-06 09:40:36,18600.0,100.0,377101.0
457,2021-10-06 09:39:43,18600.0,100.0,377001.0
458,2021-10-06 09:39:35,18600.0,200.0,376901.0
459,2021-10-06 09:39:30,18600.0,100.0,376701.0
460,2021-10-06 09:39:24,18600.0,1500.0,376601.0
461,2021-10-06 09:39:19,18600.0,4000.0,375101.0
462,2021-10-06 09:39:17,18600.0,100.0,371101.0
463,2021-10-06 09:39:07,18600.0,100.0,371001.0
464,2021-10-06 09:38:55,18600.0,100.0,370901.0
465,2021-10-06 09:38:53,18600.0,1300.0,370801.0
466,2021-10-06 09:38:52,18600.0,50.0,369501.0
467,2021-10-06 09:38:49,18600.0,1000.0,369451.0
468,2021-10-06 09:38:46,18600.0,1100.0,368451.0
469,2021-10-06 09:38:28,18600.0,900.0,367351.0
470,2021-10-06 09:38:15,18600.0,500.0,366451.0
471,2021-10-06 09:38:00,18600.0,3000.0,365951.0
472,2021-10-06 09:37:48,18500.0,500.0,362951.0
473,2021-10-06 09:37:32,18600.0,1500.0,362451.0
474,2021-10-06 09:37:29,18500.0,500.0,360951.0
475,2021-10-06 09:37:26,18500.0,100.0,360451.0
476,2021-10-06 09:37:25,18600.0,4000.0,360351.0
477,2021-10-06 09:37:16,18500.0,1700.0,356351.0
478,2021-10-06 09:37:14,18500.0,1000.0,354651.0
479,2021-10-06 09:36:52,18500.0,2700.0,353651.0
480,2021-10-06 09:36:48,18500.0,3000.0,350951.0
481,2021-10-06 09:36:42,18500.0,500.0,347951.0
482,2021-10-06 09:36:34,18500.0,200.0,347451.0
483,2021-10-06 09:36:23,18500.0,10000.0,347251.0
484,2021-10-06 09:36:19,18400.0,1500.0,337251.0
485,2021-10-06 09:36:03,18400.0,1400.0,335751.0
486,2021-10-06 09:36:02,18400.0,5300.0,334351.0
487,2021-10-06 09:35:58,18400.0,4000.0,329051.0
488,2021-10-06 09:35:45,18400.0,200.0,325051.0
489,2021-10-06 09:35:30,18300.0,1900.0,324851.0
490,2021-10-06 09:35:26,18400.0,2000.0,322951.0
491,2021-10-06 09:35:25,18400.0,500.0,320951.0
492,2021-10-06 09:35:19,18400.0,5000.0,320451.0
493,2021-10-06 09:35:12,18400.0,200.0,315451.0
494,2021-10-06 09:35:05,18400.0,100.0,315251.0
495,2021-10-06 09:35:01,18400.0,5000.0,315151.0
496,2021-10-06 09:34:30,18400.0,600.0,310151.0
497,2021-10-06 09:34:25,18400.0,100.0,309551.0
498,2021-10-06 09:34:22,18300.0,300.0,309451.0
499,2021-10-06 09:34:18,18400.0,100.0,309151.0
500,2021-10-06 09:34:07,18400.0,1000.0,309051.0
501,2021-10-06 09:34:03,18300.0,200.0,308051.0
502,2021-10-06 09:33:48,18400.0,100.0,307851.0
503,2021-10-06 09:33:43,18400.0,100.0,307751.0
504,2021-10-06 09:33:29,18400.0,100.0,307651.0
505,2021-10-06 09:33:25,18400.0,6000.0,307551.0
506,2021-10-06 09:33:22,18400.0,100.0,301551.0
507,2021-10-06 09:32:51,18400.0,100.0,301451.0
508,2021-10-06 09:32:47,18400.0,1000.0,301351.0
509,2021-10-06 09:32:46,18400.0,300.0,300351.0
510,2021-10-06 09:32:38,18300.0,400.0,300051.0
511,2021-10-06 09:32:33,18400.0,100.0,299651.0
512,2021-10-06 09:32:08,18400.0,300.0,299551.0
513,2021-10-06 09:32:01,18400.0,200.0,299251.0
514,2021-10-06 09:31:51,18400.0,3700.0,299051.0
515,2021-10-06 09:31:33,18400.0,100.0,295351.0
516,2021-10-06 09:31:16,18400.0,300.0,295251.0
517,2021-10-06 09:31:04,18400.0,500.0,294951.0
518,2021-10-06 09:31:01,18400.0,13000.0,294451.0
519,2021-10-06 09:30:51,18300.0,700.0,281451.0
520,2021-10-06 09:30:36,18300.0,1000.0,280751.0
521,2021-10-06 09:30:32,18300.0,500.0,279751.0
522,2021-10-06 09:30:20,18400.0,2000.0,279251.0
523,2021-10-06 09:30:17,18300.0,400.0,277251.0
524,2021-10-06 09:29:58,18400.0,600.0,276851.0
525,2021-10-06 09:29:53,18400.0,5000.0,276251.0
526,2021-10-06 09:28:48,18500.0,500.0,271251.0
527,2021-10-06 09:28:46,18500.0,100.0,270751.0
528,2021-10-06 09:28:27,18500.0,300.0,270651.0
529,2021-10-06 09:28:12,18500.0,100.0,270351.0
530,2021-10-06 09:27:51,18400.0,30000.0,270251.0
531,2021-10-06 09:27:39,18500.0,100.0,240251.0
532,2021-10-06 09:27:38,18500.0,700.0,240151.0
533,2021-10-06 09:27:33,18500.0,1000.0,239451.0
534,2021-10-06 09:27:23,18500.0,1000.0,238451.0
535,2021-10-06 09:27:09,18500.0,200.0,237451.0
536,2021-10-06 09:26:59,18500.0,300.0,237251.0
537,2021-10-06 09:26:57,18500.0,100.0,236951.0
538,2021-10-06 09:26:55,18500.0,500.0,236851.0
539,2021-10-06 09:26:52,18500.0,2500.0,236351.0
540,2021-10-06 09:26:44,18500.0,40.0,233851.0
541,2021-10-06 09:26:36,18500.0,1000.0,233811.0
542,2021-10-06 09:26:35,18500.0,1000.0,232811.0
543,2021-10-06 09:26:26,18500.0,300.0,231811.0
544,2021-10-06 09:26:21,18500.0,1500.0,231511.0
545,2021-10-06 09:26:16,18500.0,2200.0,230011.0
546,2021-10-06 09:25:57,18500.0,100.0,227811.0
547,2021-10-06 09:25:30,18500.0,100.0,227711.0
548,2021-10-06 09:25:28,18500.0,4000.0,227611.0
549,2021-10-06 09:24:24,18500.0,700.0,223611.0
550,2021-10-06 09:24:16,18500.0,1000.0,222911.0
551,2021-10-06 09:24:14,18500.0,4000.0,221911.0
552,2021-10-06 09:24:09,18500.0,1800.0,217911.0
553,2021-10-06 09:23:49,18500.0,500.0,216111.0
554,2021-10-06 09:23:36,18500.0,2000.0,215611.0
555,2021-10-06 09:23:22,18500.0,500.0,213611.0
556,2021-10-06 09:22:36,18500.0,5000.0,213111.0
557,2021-10-06 09:22:35,18500.0,100.0,208111.0
558,2021-10-06 09:22:25,18500.0,500.0,208011.0
559,2021-10-06 09:22:22,18500.0,100.0,207511.0
560,2021-10-06 09:22:11,18500.0,100.0,207411.0
561,2021-10-06 09:22:04,18500.0,6000.0,207311.0
562,2021-10-06 09:22:01,18500.0,100.0,201311.0
563,2021-10-06 09:21:46,18500.0,200.0,201211.0
564,2021-10-06 09:21:31,18500.0,100.0,201011.0
565,2021-10-06 09:21:21,18500.0,200.0,200911.0
566,2021-10-06 09:21:20,18500.0,100.0,200711.0
567,2021-10-06 09:21:11,18500.0,100.0,200611.0
568,2021-10-06 09:21:10,18500.0,200.0,200511.0
569,2021-10-06 09:21:08,18500.0,3000.0,200311.0
570,2021-10-06 09:21:00,18500.0,1000.0,197311.0
571,2021-10-06 09:20:49,18500.0,200.0,196311.0
572,2021-10-06 09:20:48,18500.0,300.0,196111.0
573,2021-10-06 09:20:45,18500.0,100.0,195811.0
574,2021-10-06 09:20:38,18500.0,300.0,195711.0
575,2021-10-06 09:20:37,18500.0,2000.0,195411.0
576,2021-10-06 09:20:24,18500.0,2500.0,193411.0
577,2021-10-06 09:20:23,18400.0,800.0,190911.0
578,2021-10-06 09:20:09,18500.0,100.0,190111.0
579,2021-10-06 09:20:08,18500.0,400.0,190011.0
580,2021-10-06 09:20:02,18400.0,1000.0,189611.0
581,2021-10-06 09:19:57,18500.0,100.0,188611.0
582,2021-10-06 09:19:52,18500.0,200.0,188511.0
583,2021-10-06 09:19:41,18500.0,100.0,188311.0
584,2021-10-06 09:19:30,18500.0,600.0,188211.0
585,2021-10-06 09:19:27,18500.0,400.0,187611.0
586,2021-10-06 09:19:26,18500.0,9700.0,187211.0
587,2021-10-06 09:19:18,18500.0,1900.0,177511.0
588,2021-10-06 09:19:11,18600.0,1500.0,175611.0
589,2021-10-06 09:19:08,18500.0,500.0,174111.0
590,2021-10-06 09:19:01,18500.0,200.0,173611.0
591,2021-10-06 09:18:52,18600.0,11400.0,173411.0
592,2021-10-06 09:18:35,18700.0,200.0,162011.0
593,2021-10-06 09:18:32,18700.0,100.0,161811.0
594,2021-10-06 09:18:31,18700.0,2500.0,161711.0
595,2021-10-06 09:18:19,18700.0,7300.0,159211.0
596,2021-10-06 09:18:18,18700.0,1.0,151911.0
597,2021-10-06 09:17:32,18700.0,2400.0,151910.0
598,2021-10-06 09:16:40,18900.0,200.0,149510.0
599,2021-10-06 09:16:23,18900.0,1000.0,149310.0
600,2021-10-06 09:15:58,18900.0,200.0,148310.0
601,2021-10-06 09:15:46,18900.0,2000.0,148110.0
602,2021-10-06 09:15:35,18900.0,300.0,146110.0
603,2021-10-06 09:15:22,19000.0,100.0,145810.0
604,2021-10-06 09:15:13,19000.0,400.0,145710.0
605,2021-10-06 09:15:01,19000.0,100.0,145310.0
606,2021-10-06 09:15:00,19000.0,1000.0,145210.0
607,2021-10-06 09:14:56,19000.0,2000.0,144210.0
608,2021-10-06 09:14:51,19000.0,2000.0,142210.0
609,2021-10-06 09:14:44,19000.0,1300.0,140210.0
610,2021-10-06 09:14:23,19000.0,1000.0,138910.0
611,2021-10-06 09:14:16,19000.0,300.0,137910.0
612,2021-10-06 09:14:05,19000.0,1000.0,137610.0
613,2021-10-06 09:13:05,19100.0,1000.0,136610.0
614,2021-10-06 09:12:52,19100.0,1000.0,135610.0
615,2021-10-06 09:12:46,19100.0,100.0,134610.0
616,2021-10-06 09:12:44,19100.0,2000.0,134510.0
617,2021-10-06 09:12:37,19100.0,1500.0,132510.0
618,2021-10-06 09:12:31,19100.0,800.0,131010.0
619,2021-10-06 09:11:59,19200.0,1200.0,130210.0
620,2021-10-06 09:11:42,19200.0,100.0,129010.0
621,2021-10-06 09:11:29,19200.0,200.0,128910.0
622,2021-10-06 09:11:24,19200.0,1000.0,128710.0
623,2021-10-06 09:11:20,19200.0,300.0,127710.0
624,2021-10-06 09:11:16,19200.0,100.0,127410.0
625,2021-10-06 09:11:15,19200.0,200.0,127310.0
626,2021-10-06 09:11:11,19200.0,100.0,127110.0
627,2021-10-06 09:11:06,19200.0,900.0,127010.0
628,2021-10-06 09:10:59,19200.0,2000.0,126110.0
629,2021-10-06 09:10:47,19200.0,1000.0,124110.0
630,2021-10-06 09:10:28,19100.0,100.0,123110.0
631,2021-10-06 09:10:27,19100.0,3000.0,123010.0
632,2021-10-06 09:10:25,19100.0,900.0,120010.0
633,2021-10-06 09:10:19,19100.0,1000.0,119110.0
634,2021-10-06 09:10:18,19100.0,1000.0,118110.0
635,2021-10-06 09:10:13,19100.0,5200.0,117110.0
636,2021-10-06 09:09:48,19000.0,1200.0,111910.0
637,2021-10-06 09:09:44,19000.0,5000.0,110710.0
638,2021-10-06 09:09:41,19000.0,100.0,105710.0
639,2021-10-06 09:09:40,19000.0,300.0,105610.0
640,2021-10-06 09:09:37,19000.0,3600.0,105310.0
641,2021-10-06 09:09:35,19000.0,1000.0,101710.0
642,2021-10-06 09:09:33,19000.0,500.0,100710.0
643,2021-10-06 09:09:29,19000.0,100.0,100210.0
644,2021-10-06 09:09:27,19000.0,1000.0,100110.0
645,2021-10-06 09:09:22,19000.0,5000.0,99110.0
646,2021-10-06 09:08:55,18900.0,15.0,94110.0
647,2021-10-06 09:08:27,18900.0,2900.0,94095.0
648,2021-10-06 09:08:24,18900.0,200.0,91195.0
649,2021-10-06 09:08:19,18900.0,3000.0,90995.0
650,2021-10-06 09:08:14,18900.0,500.0,87995.0
651,2021-10-06 09:08:13,18900.0,800.0,87495.0
652,2021-10-06 09:08:09,18900.0,200.0,86695.0
653,2021-10-06 09:08:08,18900.0,100.0,86495.0
654,2021-10-06 09:08:03,18900.0,100.0,86395.0
655,2021-10-06 09:08:02,18900.0,300.0,86295.0
656,2021-10-06 09:08:01,18800.0,500.0,85995.0
657,2021-10-06 09:08:00,18900.0,1000.0,85495.0
658,2021-10-06 09:07:51,18900.0,100.0,84495.0
659,2021-10-06 09:07:49,18900.0,500.0,84395.0
660,2021-10-06 09:07:47,18900.0,200.0,83895.0
661,2021-10-06 09:07:36,18900.0,1600.0,83695.0
662,2021-10-06 09:07:33,18900.0,200.0,82095.0
663,2021-10-06 09:07:31,18900.0,100.0,81895.0
664,2021-10-06 09:07:28,18900.0,700.0,81795.0
665,2021-10-06 09:07:24,18800.0,200.0,81095.0
666,2021-10-06 09:07:23,18900.0,3500.0,80895.0
667,2021-10-06 09:07:17,18800.0,500.0,77395.0
668,2021-10-06 09:07:10,18800.0,1000.0,76895.0
669,2021-10-06 09:07:09,18800.0,300.0,75895.0
670,2021-10-06 09:07:04,18800.0,700.0,75595.0
671,2021-10-06 09:06:59,18800.0,1300.0,74895.0
672,2021-10-06 09:06:53,18700.0,87.0,73595.0
673,2021-10-06 09:06:45,18700.0,2500.0,73508.0
674,2021-10-06 09:06:44,18600.0,200.0,71008.0
675,2021-10-06 09:06:32,18700.0,500.0,70808.0
676,2021-10-06 09:06:23,18700.0,2000.0,70308.0
677,2021-10-06 09:06:11,18700.0,300.0,68308.0
678,2021-10-06 09:06:10,18600.0,5000.0,68008.0
679,2021-10-06 09:05:54,18600.0,100.0,63008.0
680,2021-10-06 09:05:53,18600.0,2700.0,62908.0
681,2021-10-06 09:05:52,18600.0,8.0,60208.0
682,2021-10-06 09:05:47,18600.0,100.0,60200.0
683,2021-10-06 09:05:40,18600.0,100.0,60100.0
684,2021-10-06 09:05:34,18600.0,300.0,60000.0
685,2021-10-06 09:05:16,18500.0,5900.0,59700.0
686,2021-10-06 09:05:06,18600.0,1000.0,53800.0
687,2021-10-06 09:04:58,18600.0,1000.0,52800.0
688,2021-10-06 09:04:52,18600.0,1000.0,51800.0
689,2021-10-06 09:04:41,18300.0,13400.0,50800.0
690,2021-10-06 09:04:34,18700.0,500.0,37400.0
691,2021-10-06 09:04:30,18700.0,100.0,36900.0
692,2021-10-06 09:04:11,18700.0,200.0,36800.0
693,2021-10-06 09:04:08,18700.0,700.0,36600.0
694,2021-10-06 09:03:46,18700.0,500.0,35900.0
695,2021-10-06 09:03:34,18800.0,2000.0,35400.0
696,2021-10-06 09:03:32,18600.0,100.0,33400.0
697,2021-10-06 09:03:30,18600.0,100.0,33300.0
698,2021-10-06 09:03:07,18600.0,200.0,33200.0
699,2021-10-06 09:03:00,18600.0,500.0,33000.0
700,2021-10-06 09:02:56,18600.0,400.0,32500.0
701,2021-10-06 09:02:55,18600.0,1000.0,32100.0
702,2021-10-06 09:02:51,18600.0,1400.0,31100.0
703,2021-10-06 09:02:50,18600.0,900.0,29700.0
704,2021-10-06 09:02:44,18600.0,300.0,28800.0
705,2021-10-06 09:02:43,18600.0,400.0,28500.0
706,2021-10-06 09:02:40,18600.0,100.0,28100.0
707,2021-10-06 09:02:34,18600.0,600.0,28000.0
708,2021-10-06 09:02:29,18600.0,400.0,27400.0
709,2021-10-06 09:02:26,18600.0,3000.0,27000.0
710,2021-10-06 09:02:21,18600.0,1000.0,24000.0
711,2021-10-06 09:02:12,18300.0,2000.0,23000.0
712,2021-10-06 09:02:08,18300.0,900.0,21000.0
713,2021-10-06 09:02:06,18300.0,800.0,20100.0
714,2021-10-06 09:02:01,18300.0,1300.0,19300.0
715,2021-10-06 09:01:53,18300.0,700.0,18000.0
716,2021-10-06 09:01:51,18300.0,1300.0,17300.0
717,2021-10-06 09:01:50,18500.0,700.0,16000.0
718,2021-10-06 09:01:38,18600.0,6700.0,15300.0
719,2021-10-06 09:01:26,18800.0,100.0,8600.0
720,2021-10-06 09:01:18,18900.0,1000.0,8500.0
721,2021-10-06 09:00:42,19000.0,1000.0,7500.0
722,2021-10-06 09:00:20,19000.0,1500.0,6500.0
723,2021-10-06 09:00:19,19200.0,2600.0,5000.0
724,2021-10-06 09:00:17,19200.0,900.0,2400.0
725,2021-10-06 09:00:12,19200.0,500.0,1500.0
726,2021-10-06 09:00:11,19200.0,1000.0,1000.0
