,Time,Price,Volume_per_trade,Volume
0,2021-10-20 07:45:01,78800.0,1000.0,5507700.0
1,2021-10-20 07:45:01,78800.0,200.0,5506700.0
2,2021-10-20 07:45:01,78800.0,200.0,5506500.0
3,2021-10-20 07:45:01,78800.0,100.0,5506300.0
4,2021-10-20 07:45:01,78800.0,1000.0,5506200.0
5,2021-10-20 07:45:01,78800.0,300.0,5505200.0
6,2021-10-20 07:45:01,78800.0,300.0,5504900.0
7,2021-10-20 07:45:01,78800.0,15900.0,5504600.0
8,2021-10-20 07:45:01,78800.0,1000.0,5488700.0
9,2021-10-20 07:45:01,78800.0,200.0,5487700.0
10,2021-10-20 07:45:01,78800.0,100.0,5487500.0
11,2021-10-20 07:45:01,78800.0,200.0,5487400.0
12,2021-10-20 07:45:01,78800.0,100.0,5487200.0
13,2021-10-20 07:45:01,78800.0,12500.0,5487100.0
14,2021-10-20 07:45:01,78800.0,200.0,5474600.0
15,2021-10-20 07:45:01,78800.0,3000.0,5474400.0
16,2021-10-20 07:45:01,78800.0,1000.0,5471400.0
17,2021-10-20 07:45:01,78800.0,200.0,5470400.0
18,2021-10-20 07:45:01,78800.0,100.0,5470200.0
19,2021-10-20 07:45:01,78800.0,600.0,5470100.0
20,2021-10-20 07:45:01,78800.0,6600.0,5469500.0
21,2021-10-20 07:45:01,78800.0,300.0,5462900.0
22,2021-10-20 07:45:01,78800.0,100.0,5462600.0
23,2021-10-20 07:45:01,78800.0,200.0,5462500.0
24,2021-10-20 07:45:01,78800.0,200.0,5462300.0
25,2021-10-20 07:45:01,78800.0,300.0,5462100.0
26,2021-10-20 07:45:01,78800.0,100.0,5461800.0
27,2021-10-20 07:45:01,78800.0,100.0,5461700.0
28,2021-10-20 07:45:01,78800.0,1000.0,5461600.0
29,2021-10-20 07:45:01,78800.0,100.0,5460600.0
30,2021-10-20 07:45:01,78800.0,300.0,5460500.0
31,2021-10-20 07:45:01,78800.0,400.0,5460200.0
32,2021-10-20 07:45:01,78800.0,700.0,5459800.0
33,2021-10-20 07:45:01,78800.0,500.0,5459100.0
34,2021-10-20 07:45:01,78800.0,3400.0,5458600.0
35,2021-10-20 07:45:01,78800.0,100.0,5455200.0
36,2021-10-20 07:45:01,78800.0,100.0,5455100.0
37,2021-10-20 07:45:01,78800.0,100.0,5455000.0
38,2021-10-20 07:45:01,78800.0,1000.0,5454900.0
39,2021-10-20 07:45:01,78800.0,100.0,5453900.0
40,2021-10-20 07:45:01,78800.0,100.0,5453800.0
41,2021-10-20 07:45:01,78800.0,100.0,5453700.0
42,2021-10-20 07:45:01,78800.0,1000.0,5453600.0
43,2021-10-20 07:45:01,78800.0,2000.0,5452600.0
44,2021-10-20 07:45:01,78800.0,200.0,5450600.0
45,2021-10-20 07:45:01,78800.0,2800.0,5450400.0
46,2021-10-20 07:45:01,78800.0,500.0,5447600.0
47,2021-10-20 07:45:01,78800.0,100.0,5447100.0
48,2021-10-20 07:45:01,78800.0,300.0,5447000.0
49,2021-10-20 07:45:01,78800.0,100.0,5446700.0
50,2021-10-20 07:45:01,78800.0,500.0,5446600.0
51,2021-10-20 07:45:01,78800.0,100.0,5446100.0
52,2021-10-20 07:45:01,78800.0,500.0,5446000.0
53,2021-10-20 07:45:01,78800.0,500.0,5445500.0
54,2021-10-20 07:45:01,78800.0,100.0,5445000.0
55,2021-10-20 07:45:01,78800.0,500.0,5444900.0
56,2021-10-20 07:45:01,78800.0,1000.0,5444400.0
57,2021-10-20 07:45:01,78800.0,500.0,5443400.0
58,2021-10-20 07:45:01,78800.0,1000.0,5442900.0
59,2021-10-20 07:45:01,78800.0,11500.0,5441900.0
60,2021-10-20 07:45:01,78800.0,300.0,5430400.0
61,2021-10-20 07:45:01,78800.0,4200.0,5430100.0
62,2021-10-20 07:45:01,78800.0,2000.0,5425900.0
63,2021-10-20 07:45:01,78800.0,13100.0,5423900.0
64,2021-10-20 07:45:01,78800.0,3000.0,5410800.0
65,2021-10-20 07:45:01,78800.0,800.0,5407800.0
66,2021-10-20 07:45:01,78800.0,200.0,5407000.0
67,2021-10-20 07:45:01,78800.0,3200.0,5406800.0
68,2021-10-20 07:45:01,78800.0,100.0,5403600.0
69,2021-10-20 07:45:01,78800.0,1200.0,5403500.0
70,2021-10-20 07:45:01,78800.0,400.0,5402300.0
71,2021-10-20 07:45:01,78800.0,6400.0,5401900.0
72,2021-10-20 07:45:01,78800.0,700.0,5395500.0
73,2021-10-20 07:45:01,78800.0,4000.0,5394800.0
74,2021-10-20 07:45:01,78800.0,8000.0,5390800.0
75,2021-10-20 07:45:01,78800.0,100.0,5382800.0
76,2021-10-20 07:45:01,78800.0,100.0,5382700.0
77,2021-10-20 07:45:01,78800.0,18000.0,5382600.0
78,2021-10-20 07:45:01,78800.0,10000.0,5364600.0
79,2021-10-20 07:45:01,78800.0,8800.0,5354600.0
80,2021-10-20 07:45:01,78800.0,200.0,5345800.0
81,2021-10-20 07:45:01,78800.0,100.0,5345600.0
82,2021-10-20 07:45:01,78800.0,100.0,5345500.0
83,2021-10-20 07:45:01,78800.0,200.0,5345400.0
84,2021-10-20 07:45:01,78800.0,100.0,5345200.0
85,2021-10-20 07:45:01,78800.0,200.0,5345100.0
86,2021-10-20 07:45:01,78800.0,10000.0,5344900.0
87,2021-10-20 07:45:01,78800.0,3800.0,5334900.0
88,2021-10-20 07:45:01,78800.0,400.0,5331100.0
89,2021-10-20 07:45:01,78800.0,400.0,5330700.0
90,2021-10-20 07:45:01,78800.0,1800.0,5330300.0
91,2021-10-20 07:45:01,78800.0,100.0,5328500.0
92,2021-10-20 07:45:01,78800.0,3300.0,5328400.0
93,2021-10-20 07:45:01,78800.0,100.0,5325100.0
94,2021-10-20 07:45:01,78800.0,100.0,5325000.0
95,2021-10-20 07:29:44,78900.0,100.0,5324900.0
96,2021-10-20 07:29:25,78800.0,300.0,5324800.0
97,2021-10-20 07:29:24,78800.0,200.0,5324500.0
98,2021-10-20 07:29:17,78800.0,800.0,5324300.0
99,2021-10-20 07:29:17,78800.0,200.0,5323500.0
100,2021-10-20 07:29:12,78800.0,100.0,5323300.0
101,2021-10-20 07:29:10,78800.0,100.0,5323200.0
102,2021-10-20 07:29:08,78700.0,4500.0,5323100.0
103,2021-10-20 07:29:08,78700.0,5000.0,5318600.0
104,2021-10-20 07:29:08,78700.0,500.0,5313600.0
105,2021-10-20 07:29:08,78700.0,500.0,5313100.0
106,2021-10-20 07:29:08,78700.0,2000.0,5312600.0
107,2021-10-20 07:29:00,78800.0,100.0,5310600.0
108,2021-10-20 07:28:56,78700.0,800.0,5310500.0
109,2021-10-20 07:28:52,78700.0,300.0,5309700.0
110,2021-10-20 07:28:52,78700.0,100.0,5309400.0
111,2021-10-20 07:28:52,78700.0,1000.0,5309300.0
112,2021-10-20 07:28:52,78700.0,800.0,5308300.0
113,2021-10-20 07:28:50,78700.0,200.0,5307500.0
114,2021-10-20 07:28:50,78700.0,300.0,5307300.0
115,2021-10-20 07:28:47,78700.0,500.0,5307000.0
116,2021-10-20 07:28:45,78700.0,100.0,5306500.0
117,2021-10-20 07:28:44,78700.0,100.0,5306400.0
118,2021-10-20 07:28:44,78700.0,300.0,5306300.0
119,2021-10-20 07:28:44,78700.0,200.0,5306000.0
120,2021-10-20 07:28:44,78700.0,500.0,5305800.0
121,2021-10-20 07:28:35,78700.0,100.0,5305300.0
122,2021-10-20 07:28:35,78700.0,100.0,5305200.0
123,2021-10-20 07:28:35,78700.0,100.0,5305100.0
124,2021-10-20 07:28:27,78700.0,400.0,5305000.0
125,2021-10-20 07:28:24,78700.0,100.0,5304600.0
126,2021-10-20 07:28:16,78700.0,9400.0,5304500.0
127,2021-10-20 07:28:16,78700.0,600.0,5295100.0
128,2021-10-20 07:28:13,78600.0,400.0,5294500.0
129,2021-10-20 07:28:09,78600.0,1000.0,5294100.0
130,2021-10-20 07:27:53,78600.0,100.0,5293100.0
131,2021-10-20 07:27:50,78600.0,500.0,5293000.0
132,2021-10-20 07:27:50,78600.0,200.0,5292500.0
133,2021-10-20 07:27:50,78600.0,800.0,5292300.0
134,2021-10-20 07:27:48,78600.0,6200.0,5291500.0
135,2021-10-20 07:27:48,78600.0,1100.0,5285300.0
136,2021-10-20 07:27:48,78600.0,2700.0,5284200.0
137,2021-10-20 07:27:47,78500.0,1000.0,5281500.0
138,2021-10-20 07:27:45,78600.0,500.0,5280500.0
139,2021-10-20 07:27:41,78600.0,100.0,5280000.0
140,2021-10-20 07:27:40,78500.0,1700.0,5279900.0
141,2021-10-20 07:27:40,78500.0,1000.0,5278200.0
142,2021-10-20 07:27:40,78500.0,1000.0,5277200.0
143,2021-10-20 07:27:40,78500.0,100.0,5276200.0
144,2021-10-20 07:27:40,78500.0,500.0,5276100.0
145,2021-10-20 07:27:40,78500.0,10000.0,5275600.0
146,2021-10-20 07:27:40,78500.0,1000.0,5265600.0
147,2021-10-20 07:27:40,78500.0,2000.0,5264600.0
148,2021-10-20 07:27:40,78500.0,7700.0,5262600.0
149,2021-10-20 07:27:35,78600.0,100.0,5254900.0
150,2021-10-20 07:27:32,78600.0,500.0,5254800.0
151,2021-10-20 07:27:30,78600.0,100.0,5254300.0
152,2021-10-20 07:27:26,78600.0,100.0,5254200.0
153,2021-10-20 07:27:25,78500.0,2000.0,5254100.0
154,2021-10-20 07:27:24,78600.0,1000.0,5252100.0
155,2021-10-20 07:27:21,78500.0,800.0,5251100.0
156,2021-10-20 07:27:19,78600.0,2000.0,5250300.0
157,2021-10-20 07:27:17,78500.0,300.0,5248300.0
158,2021-10-20 07:27:15,78500.0,1000.0,5248000.0
159,2021-10-20 07:27:15,78500.0,300.0,5247000.0
160,2021-10-20 07:27:14,78500.0,300.0,5246700.0
161,2021-10-20 07:27:13,78600.0,100.0,5246400.0
162,2021-10-20 07:27:12,78500.0,300.0,5246300.0
163,2021-10-20 07:27:09,78500.0,300.0,5246000.0
164,2021-10-20 07:27:08,78500.0,300.0,5245700.0
165,2021-10-20 07:27:04,78500.0,300.0,5245400.0
166,2021-10-20 07:27:04,78500.0,1000.0,5245100.0
167,2021-10-20 07:27:03,78500.0,1900.0,5244100.0
168,2021-10-20 07:27:03,78600.0,1000.0,5242200.0
169,2021-10-20 07:27:03,78600.0,100.0,5241200.0
170,2021-10-20 07:27:01,78600.0,1700.0,5241100.0
171,2021-10-20 07:27:01,78600.0,1000.0,5239400.0
172,2021-10-20 07:27:01,78600.0,100.0,5238400.0
173,2021-10-20 07:27:01,78600.0,100.0,5238300.0
174,2021-10-20 07:27:01,78600.0,4100.0,5238200.0
175,2021-10-20 07:27:01,78500.0,300.0,5234100.0
176,2021-10-20 07:27:00,78600.0,100.0,5233800.0
177,2021-10-20 07:26:57,78500.0,300.0,5233700.0
178,2021-10-20 07:26:57,78600.0,800.0,5233400.0
179,2021-10-20 07:26:57,78600.0,200.0,5232600.0
180,2021-10-20 07:26:56,78500.0,700.0,5232400.0
181,2021-10-20 07:26:55,78600.0,500.0,5231700.0
182,2021-10-20 07:26:53,78500.0,1900.0,5231200.0
183,2021-10-20 07:26:53,78600.0,1000.0,5229300.0
184,2021-10-20 07:26:52,78600.0,8300.0,5228300.0
185,2021-10-20 07:26:52,78600.0,700.0,5220000.0
186,2021-10-20 07:26:52,78600.0,100.0,5219300.0
187,2021-10-20 07:26:52,78600.0,500.0,5219200.0
188,2021-10-20 07:26:52,78600.0,5400.0,5218700.0
189,2021-10-20 07:26:49,78500.0,800.0,5213300.0
190,2021-10-20 07:26:45,78500.0,300.0,5212500.0
191,2021-10-20 07:26:44,78600.0,500.0,5212200.0
192,2021-10-20 07:26:43,78500.0,300.0,5211700.0
193,2021-10-20 07:26:42,78500.0,2500.0,5211400.0
194,2021-10-20 07:26:42,78600.0,100.0,5208900.0
195,2021-10-20 07:26:40,78500.0,300.0,5208800.0
196,2021-10-20 07:26:38,78600.0,100.0,5208500.0
197,2021-10-20 07:26:37,78600.0,1800.0,5208400.0
198,2021-10-20 07:26:37,78500.0,300.0,5206600.0
199,2021-10-20 07:26:35,78600.0,2000.0,5206300.0
200,2021-10-20 07:26:34,78500.0,300.0,5204300.0
201,2021-10-20 07:26:30,78500.0,300.0,5204000.0
202,2021-10-20 07:26:29,78500.0,2200.0,5203700.0
203,2021-10-20 07:26:29,78600.0,100.0,5201500.0
204,2021-10-20 07:26:29,78600.0,100.0,5201400.0
205,2021-10-20 07:26:27,78500.0,300.0,5201300.0
206,2021-10-20 07:26:24,78500.0,300.0,5201000.0
207,2021-10-20 07:26:24,78600.0,100.0,5200700.0
208,2021-10-20 07:26:21,78600.0,100.0,5200600.0
209,2021-10-20 07:26:20,78500.0,2000.0,5200500.0
210,2021-10-20 07:26:17,78600.0,2000.0,5198500.0
211,2021-10-20 07:26:15,78500.0,500.0,5196500.0
212,2021-10-20 07:26:13,78600.0,100.0,5196000.0
213,2021-10-20 07:26:12,78600.0,1500.0,5195900.0
214,2021-10-20 07:26:11,78500.0,300.0,5194400.0
215,2021-10-20 07:26:10,78600.0,1000.0,5194100.0
216,2021-10-20 07:26:09,78500.0,300.0,5193100.0
217,2021-10-20 07:26:08,78600.0,100.0,5192800.0
218,2021-10-20 07:26:08,78600.0,100.0,5192700.0
219,2021-10-20 07:26:07,78500.0,1900.0,5192600.0
220,2021-10-20 07:26:06,78500.0,300.0,5190700.0
221,2021-10-20 07:26:06,78600.0,100.0,5190400.0
222,2021-10-20 07:26:03,78600.0,1000.0,5190300.0
223,2021-10-20 07:26:03,78500.0,300.0,5189300.0
224,2021-10-20 07:26:02,78500.0,300.0,5189000.0
225,2021-10-20 07:26:01,78600.0,100.0,5188700.0
226,2021-10-20 07:25:59,78500.0,300.0,5188600.0
227,2021-10-20 07:25:58,78500.0,2700.0,5188300.0
228,2021-10-20 07:25:57,78600.0,100.0,5185600.0
229,2021-10-20 07:25:56,78500.0,300.0,5185500.0
230,2021-10-20 07:25:52,78500.0,300.0,5185200.0
231,2021-10-20 07:25:49,78500.0,300.0,5184900.0
232,2021-10-20 07:25:48,78600.0,100.0,5184600.0
233,2021-10-20 07:25:44,78500.0,700.0,5184500.0
234,2021-10-20 07:25:43,78600.0,300.0,5183800.0
235,2021-10-20 07:25:42,78600.0,100.0,5183500.0
236,2021-10-20 07:25:41,78600.0,100.0,5183400.0
237,2021-10-20 07:25:38,78700.0,100.0,5183300.0
238,2021-10-20 07:25:36,78600.0,100.0,5183200.0
239,2021-10-20 07:25:36,78600.0,300.0,5183100.0
240,2021-10-20 07:25:36,78600.0,100.0,5182800.0
241,2021-10-20 07:25:36,78600.0,100.0,5182700.0
242,2021-10-20 07:25:36,78600.0,900.0,5182600.0
243,2021-10-20 07:25:36,78600.0,100.0,5181700.0
244,2021-10-20 07:25:36,78600.0,300.0,5181600.0
245,2021-10-20 07:25:36,78600.0,1000.0,5181300.0
246,2021-10-20 07:25:36,78600.0,300.0,5180300.0
247,2021-10-20 07:25:36,78600.0,200.0,5180000.0
248,2021-10-20 07:25:36,78600.0,500.0,5179800.0
249,2021-10-20 07:25:36,78600.0,1000.0,5179300.0
250,2021-10-20 07:25:36,78600.0,100.0,5178300.0
251,2021-10-20 07:25:35,78600.0,200.0,5178200.0
252,2021-10-20 07:25:32,78700.0,100.0,5178000.0
253,2021-10-20 07:25:32,78700.0,300.0,5177900.0
254,2021-10-20 07:25:31,78600.0,600.0,5177600.0
255,2021-10-20 07:25:29,78600.0,100.0,5177000.0
256,2021-10-20 07:25:24,78700.0,100.0,5176900.0
257,2021-10-20 07:25:23,78700.0,1000.0,5176800.0
258,2021-10-20 07:25:22,78700.0,2800.0,5175800.0
259,2021-10-20 07:25:22,78700.0,200.0,5173000.0
260,2021-10-20 07:25:17,78600.0,2000.0,5172800.0
261,2021-10-20 07:25:16,78600.0,100.0,5170800.0
262,2021-10-20 07:25:15,78700.0,100.0,5170700.0
263,2021-10-20 07:25:13,78600.0,2000.0,5170600.0
264,2021-10-20 07:25:11,78600.0,300.0,5168600.0
265,2021-10-20 07:25:11,78600.0,5000.0,5168300.0
266,2021-10-20 07:25:11,78600.0,600.0,5163300.0
267,2021-10-20 07:25:11,78600.0,2000.0,5162700.0
268,2021-10-20 07:25:11,78600.0,9700.0,5160700.0
269,2021-10-20 07:25:11,78600.0,100.0,5151000.0
270,2021-10-20 07:25:08,78600.0,500.0,5150900.0
271,2021-10-20 07:25:07,78600.0,100.0,5150400.0
272,2021-10-20 07:25:03,78600.0,300.0,5150300.0
273,2021-10-20 07:25:03,78600.0,100.0,5150000.0
274,2021-10-20 07:25:03,78500.0,1000.0,5149900.0
275,2021-10-20 07:25:02,78600.0,2500.0,5148900.0
276,2021-10-20 07:25:00,78600.0,6700.0,5146400.0
277,2021-10-20 07:25:00,78600.0,100.0,5139700.0
278,2021-10-20 07:25:00,78600.0,500.0,5139600.0
279,2021-10-20 07:25:00,78600.0,12700.0,5139100.0
280,2021-10-20 07:24:59,78600.0,100.0,5126400.0
281,2021-10-20 07:24:51,78600.0,100.0,5126300.0
282,2021-10-20 07:24:50,78500.0,3000.0,5126200.0
283,2021-10-20 07:24:50,78500.0,1000.0,5123200.0
284,2021-10-20 07:24:49,78500.0,5000.0,5122200.0
285,2021-10-20 07:24:47,78500.0,500.0,5117200.0
286,2021-10-20 07:24:44,78600.0,100.0,5116700.0
287,2021-10-20 07:24:42,78500.0,600.0,5116600.0
288,2021-10-20 07:24:38,78500.0,800.0,5116000.0
289,2021-10-20 07:24:36,78500.0,300.0,5115200.0
290,2021-10-20 07:24:36,78500.0,200.0,5114900.0
291,2021-10-20 07:24:36,78500.0,1000.0,5114700.0
292,2021-10-20 07:24:35,78500.0,100.0,5113700.0
293,2021-10-20 07:24:35,78500.0,100.0,5113600.0
294,2021-10-20 07:24:34,78400.0,100.0,5113500.0
295,2021-10-20 07:24:34,78500.0,100.0,5113400.0
296,2021-10-20 07:24:31,78500.0,100.0,5113300.0
297,2021-10-20 07:24:31,78400.0,1500.0,5113200.0
298,2021-10-20 07:24:30,78500.0,200.0,5111700.0
299,2021-10-20 07:24:28,78500.0,900.0,5111500.0
300,2021-10-20 07:24:28,78500.0,100.0,5110600.0
301,2021-10-20 07:24:24,78500.0,4000.0,5110500.0
302,2021-10-20 07:24:18,78500.0,100.0,5106500.0
303,2021-10-20 07:24:16,78400.0,500.0,5106400.0
304,2021-10-20 07:24:15,78500.0,8100.0,5105900.0
305,2021-10-20 07:24:15,78500.0,1000.0,5097800.0
306,2021-10-20 07:24:15,78500.0,1000.0,5096800.0
307,2021-10-20 07:24:15,78500.0,200.0,5095800.0
308,2021-10-20 07:24:15,78500.0,3000.0,5095600.0
309,2021-10-20 07:24:15,78500.0,300.0,5092600.0
310,2021-10-20 07:24:15,78500.0,100.0,5092300.0
311,2021-10-20 07:24:15,78500.0,100.0,5092200.0
312,2021-10-20 07:24:15,78500.0,500.0,5092100.0
313,2021-10-20 07:24:15,78500.0,600.0,5091600.0
314,2021-10-20 07:24:15,78500.0,5100.0,5091000.0
315,2021-10-20 07:24:15,78500.0,100.0,5085900.0
316,2021-10-20 07:24:12,78500.0,1000.0,5085800.0
317,2021-10-20 07:24:04,78400.0,8500.0,5084800.0
318,2021-10-20 07:24:04,78400.0,500.0,5076300.0
319,2021-10-20 07:24:04,78400.0,2800.0,5075800.0
320,2021-10-20 07:24:02,78400.0,100.0,5073000.0
321,2021-10-20 07:24:02,78400.0,100.0,5072900.0
322,2021-10-20 07:24:02,78400.0,100.0,5072800.0
323,2021-10-20 07:24:02,78400.0,1800.0,5072700.0
324,2021-10-20 07:24:02,78400.0,100.0,5070900.0
325,2021-10-20 07:24:01,78400.0,100.0,5070800.0
326,2021-10-20 07:24:01,78400.0,200.0,5070700.0
327,2021-10-20 07:24:01,78400.0,500.0,5070500.0
328,2021-10-20 07:24:01,78400.0,500.0,5070000.0
329,2021-10-20 07:24:01,78400.0,1000.0,5069500.0
330,2021-10-20 07:24:00,78400.0,500.0,5068500.0
331,2021-10-20 07:24:00,78400.0,1000.0,5068000.0
332,2021-10-20 07:23:56,78400.0,100.0,5067000.0
333,2021-10-20 07:23:55,78400.0,100.0,5066900.0
334,2021-10-20 07:23:55,78400.0,9100.0,5066800.0
335,2021-10-20 07:23:55,78400.0,900.0,5057700.0
336,2021-10-20 07:23:55,78400.0,500.0,5056800.0
337,2021-10-20 07:23:55,78400.0,100.0,5056300.0
338,2021-10-20 07:23:55,78400.0,500.0,5056200.0
339,2021-10-20 07:23:54,78400.0,900.0,5055700.0
340,2021-10-20 07:23:54,78400.0,100.0,5054800.0
341,2021-10-20 07:23:53,78400.0,1600.0,5054700.0
342,2021-10-20 07:23:53,78400.0,200.0,5053100.0
343,2021-10-20 07:23:53,78400.0,200.0,5052900.0
344,2021-10-20 07:23:53,78400.0,100.0,5052700.0
345,2021-10-20 07:23:51,78400.0,200.0,5052600.0
346,2021-10-20 07:23:51,78400.0,1500.0,5052400.0
347,2021-10-20 07:23:51,78400.0,1200.0,5050900.0
348,2021-10-20 07:23:51,78400.0,300.0,5049700.0
349,2021-10-20 07:23:49,78400.0,1000.0,5049400.0
350,2021-10-20 07:23:49,78400.0,500.0,5048400.0
351,2021-10-20 07:23:47,78400.0,300.0,5047900.0
352,2021-10-20 07:23:47,78400.0,5700.0,5047600.0
353,2021-10-20 07:23:46,78400.0,100.0,5041900.0
354,2021-10-20 07:23:44,78300.0,13300.0,5041800.0
355,2021-10-20 07:23:44,78300.0,700.0,5028500.0
356,2021-10-20 07:23:44,78400.0,300.0,5027800.0
357,2021-10-20 07:23:43,78400.0,2000.0,5027500.0
358,2021-10-20 07:23:41,78400.0,2000.0,5025500.0
359,2021-10-20 07:23:40,78400.0,300.0,5023500.0
360,2021-10-20 07:23:38,78400.0,200.0,5023200.0
361,2021-10-20 07:23:36,78400.0,100.0,5023000.0
362,2021-10-20 07:23:35,78400.0,300.0,5022900.0
363,2021-10-20 07:23:31,78400.0,300.0,5022600.0
364,2021-10-20 07:23:28,78400.0,100.0,5022300.0
365,2021-10-20 07:23:26,78300.0,200.0,5022200.0
366,2021-10-20 07:23:26,78300.0,300.0,5022000.0
367,2021-10-20 07:23:26,78400.0,100.0,5021700.0
368,2021-10-20 07:23:26,78400.0,300.0,5021600.0
369,2021-10-20 07:23:21,78400.0,300.0,5021300.0
370,2021-10-20 07:23:20,78400.0,100.0,5021000.0
371,2021-10-20 07:23:19,78300.0,100.0,5020900.0
372,2021-10-20 07:23:19,78300.0,2900.0,5020800.0
373,2021-10-20 07:23:19,78300.0,200.0,5017900.0
374,2021-10-20 07:23:19,78300.0,100.0,5017700.0
375,2021-10-20 07:23:19,78300.0,100.0,5017600.0
376,2021-10-20 07:23:19,78300.0,4000.0,5017500.0
377,2021-10-20 07:23:19,78200.0,3900.0,5013500.0
378,2021-10-20 07:23:18,78200.0,100.0,5009600.0
379,2021-10-20 07:23:17,78200.0,2000.0,5009500.0
380,2021-10-20 07:23:16,78200.0,300.0,5007500.0
381,2021-10-20 07:23:15,78200.0,1000.0,5007200.0
382,2021-10-20 07:23:15,78200.0,500.0,5006200.0
383,2021-10-20 07:23:15,78200.0,1000.0,5005700.0
384,2021-10-20 07:23:15,78200.0,100.0,5004700.0
385,2021-10-20 07:23:15,78200.0,500.0,5004600.0
386,2021-10-20 07:23:15,78200.0,200.0,5004100.0
387,2021-10-20 07:23:15,78200.0,400.0,5003900.0
388,2021-10-20 07:23:13,78200.0,500.0,5003500.0
389,2021-10-20 07:23:12,78300.0,100.0,5003000.0
390,2021-10-20 07:23:12,78300.0,1000.0,5002900.0
391,2021-10-20 07:23:11,78300.0,1000.0,5001900.0
392,2021-10-20 07:23:11,78200.0,1100.0,5000900.0
393,2021-10-20 07:23:11,78200.0,800.0,4999800.0
394,2021-10-20 07:23:11,78200.0,500.0,4999000.0
395,2021-10-20 07:23:11,78200.0,100.0,4998500.0
396,2021-10-20 07:23:11,78200.0,500.0,4998400.0
397,2021-10-20 07:23:11,78200.0,100.0,4997900.0
398,2021-10-20 07:23:11,78200.0,1000.0,4997800.0
399,2021-10-20 07:23:11,78200.0,100.0,4996800.0
400,2021-10-20 07:23:11,78200.0,800.0,4996700.0
401,2021-10-20 07:23:10,78300.0,100.0,4995900.0
402,2021-10-20 07:23:09,78300.0,300.0,4995800.0
403,2021-10-20 07:23:08,78300.0,400.0,4995500.0
404,2021-10-20 07:23:06,78300.0,300.0,4995100.0
405,2021-10-20 07:23:05,78300.0,100.0,4994800.0
406,2021-10-20 07:23:03,78300.0,100.0,4994700.0
407,2021-10-20 07:23:03,78300.0,100.0,4994600.0
408,2021-10-20 07:23:02,78300.0,1000.0,4994500.0
409,2021-10-20 07:22:59,78300.0,200.0,4993500.0
410,2021-10-20 07:22:55,78300.0,100.0,4993300.0
411,2021-10-20 07:22:55,78300.0,100.0,4993200.0
412,2021-10-20 07:22:50,78300.0,1000.0,4993100.0
413,2021-10-20 07:22:50,78300.0,100.0,4992100.0
414,2021-10-20 07:22:50,78300.0,400.0,4992000.0
415,2021-10-20 07:22:49,78300.0,400.0,4991600.0
416,2021-10-20 07:22:49,78200.0,1200.0,4991200.0
417,2021-10-20 07:22:49,78200.0,100.0,4990000.0
418,2021-10-20 07:22:49,78200.0,100.0,4989900.0
419,2021-10-20 07:22:48,78300.0,100.0,4989800.0
420,2021-10-20 07:22:47,78300.0,100.0,4989700.0
421,2021-10-20 07:22:47,78300.0,100.0,4989600.0
422,2021-10-20 07:22:47,78300.0,400.0,4989500.0
423,2021-10-20 07:22:40,78300.0,100.0,4989100.0
424,2021-10-20 07:22:40,78300.0,1800.0,4989000.0
425,2021-10-20 07:22:40,78300.0,100.0,4987200.0
426,2021-10-20 07:22:40,78300.0,2000.0,4987100.0
427,2021-10-20 07:22:40,78300.0,200.0,4985100.0
428,2021-10-20 07:22:40,78300.0,500.0,4984900.0
429,2021-10-20 07:22:40,78300.0,100.0,4984400.0
430,2021-10-20 07:22:40,78300.0,300.0,4984300.0
431,2021-10-20 07:22:39,78300.0,100.0,4984000.0
432,2021-10-20 07:22:39,78300.0,100.0,4983900.0
433,2021-10-20 07:22:39,78200.0,300.0,4983800.0
434,2021-10-20 07:22:36,78200.0,100.0,4983500.0
435,2021-10-20 07:22:36,78200.0,400.0,4983400.0
436,2021-10-20 07:22:36,78200.0,200.0,4983000.0
437,2021-10-20 07:22:36,78200.0,100.0,4982800.0
438,2021-10-20 07:22:36,78200.0,100.0,4982700.0
439,2021-10-20 07:22:36,78200.0,1000.0,4982600.0
440,2021-10-20 07:22:36,78200.0,100.0,4981600.0
441,2021-10-20 07:22:36,78200.0,500.0,4981500.0
442,2021-10-20 07:22:36,78200.0,100.0,4981000.0
443,2021-10-20 07:22:36,78200.0,500.0,4980900.0
444,2021-10-20 07:22:36,78200.0,500.0,4980400.0
445,2021-10-20 07:22:36,78200.0,1000.0,4979900.0
446,2021-10-20 07:22:36,78200.0,100.0,4978900.0
447,2021-10-20 07:22:36,78200.0,100.0,4978800.0
448,2021-10-20 07:22:36,78200.0,5100.0,4978700.0
449,2021-10-20 07:22:36,78200.0,500.0,4973600.0
450,2021-10-20 07:22:36,78200.0,200.0,4973100.0
451,2021-10-20 07:22:36,78200.0,100.0,4972900.0
452,2021-10-20 07:22:36,78200.0,200.0,4972800.0
453,2021-10-20 07:22:36,78200.0,100.0,4972600.0
454,2021-10-20 07:22:36,78200.0,100.0,4972500.0
455,2021-10-20 07:22:36,78200.0,100.0,4972400.0
456,2021-10-20 07:22:36,78200.0,900.0,4972300.0
457,2021-10-20 07:22:36,78200.0,500.0,4971400.0
458,2021-10-20 07:22:36,78200.0,1000.0,4970900.0
459,2021-10-20 07:22:36,78200.0,1000.0,4969900.0
460,2021-10-20 07:22:36,78200.0,100.0,4968900.0
461,2021-10-20 07:22:36,78200.0,500.0,4968800.0
462,2021-10-20 07:22:36,78200.0,1000.0,4968300.0
463,2021-10-20 07:22:36,78200.0,100.0,4967300.0
464,2021-10-20 07:22:36,78200.0,1000.0,4967200.0
465,2021-10-20 07:22:36,78200.0,100.0,4966200.0
466,2021-10-20 07:22:36,78200.0,100.0,4966100.0
467,2021-10-20 07:22:36,78200.0,1000.0,4966000.0
468,2021-10-20 07:22:36,78200.0,500.0,4965000.0
469,2021-10-20 07:22:36,78200.0,400.0,4964500.0
470,2021-10-20 07:22:34,78300.0,200.0,4964100.0
471,2021-10-20 07:22:34,78300.0,300.0,4963900.0
472,2021-10-20 07:22:32,78300.0,100.0,4963600.0
473,2021-10-20 07:22:31,78300.0,100.0,4963500.0
474,2021-10-20 07:22:29,78300.0,500.0,4963400.0
475,2021-10-20 07:22:28,78300.0,1000.0,4962900.0
476,2021-10-20 07:22:27,78300.0,200.0,4961900.0
477,2021-10-20 07:22:27,78300.0,100.0,4961700.0
478,2021-10-20 07:22:25,78300.0,100.0,4961600.0
479,2021-10-20 07:22:23,78300.0,200.0,4961500.0
480,2021-10-20 07:22:22,78300.0,100.0,4961300.0
481,2021-10-20 07:22:21,78200.0,1000.0,4961200.0
482,2021-10-20 07:22:21,78300.0,500.0,4960200.0
483,2021-10-20 07:22:20,78200.0,900.0,4959700.0
484,2021-10-20 07:22:20,78300.0,500.0,4958800.0
485,2021-10-20 07:22:19,78300.0,1000.0,4958300.0
486,2021-10-20 07:22:17,78300.0,1300.0,4957300.0
487,2021-10-20 07:22:16,78200.0,600.0,4956000.0
488,2021-10-20 07:22:15,78300.0,500.0,4955400.0
489,2021-10-20 07:22:14,78300.0,100.0,4954900.0
490,2021-10-20 07:22:13,78300.0,100.0,4954800.0
491,2021-10-20 07:22:13,78300.0,3300.0,4954700.0
492,2021-10-20 07:22:13,78300.0,1700.0,4951400.0
493,2021-10-20 07:22:12,78300.0,200.0,4949700.0
494,2021-10-20 07:22:11,78300.0,100.0,4949500.0
495,2021-10-20 07:22:10,78300.0,100.0,4949400.0
496,2021-10-20 07:22:07,78300.0,100.0,4949300.0
497,2021-10-20 07:22:07,78300.0,500.0,4949200.0
498,2021-10-20 07:22:07,78300.0,400.0,4948700.0
499,2021-10-20 07:22:07,78300.0,100.0,4948300.0
500,2021-10-20 07:22:06,78300.0,100.0,4948200.0
501,2021-10-20 07:22:06,78300.0,100.0,4948100.0
502,2021-10-20 07:21:58,78300.0,300.0,4948000.0
503,2021-10-20 07:21:58,78300.0,100.0,4947700.0
504,2021-10-20 07:21:58,78300.0,100.0,4947600.0
505,2021-10-20 07:21:57,78300.0,100.0,4947500.0
506,2021-10-20 07:21:57,78200.0,2100.0,4947400.0
507,2021-10-20 07:21:57,78200.0,200.0,4945300.0
508,2021-10-20 07:21:57,78200.0,100.0,4945100.0
509,2021-10-20 07:21:57,78200.0,100.0,4945000.0
510,2021-10-20 07:21:57,78200.0,100.0,4944900.0
511,2021-10-20 07:21:57,78200.0,100.0,4944800.0
512,2021-10-20 07:21:57,78200.0,100.0,4944700.0
513,2021-10-20 07:21:57,78200.0,100.0,4944600.0
514,2021-10-20 07:21:57,78200.0,100.0,4944500.0
515,2021-10-20 07:21:57,78200.0,100.0,4944400.0
516,2021-10-20 07:21:55,78200.0,400.0,4944300.0
517,2021-10-20 07:21:55,78200.0,500.0,4943900.0
518,2021-10-20 07:21:55,78200.0,100.0,4943400.0
519,2021-10-20 07:21:55,78200.0,100.0,4943300.0
520,2021-10-20 07:21:55,78200.0,200.0,4943200.0
521,2021-10-20 07:21:54,78300.0,100.0,4943000.0
522,2021-10-20 07:21:54,78300.0,100.0,4942900.0
523,2021-10-20 07:21:54,78300.0,100.0,4942800.0
524,2021-10-20 07:21:53,78300.0,1600.0,4942700.0
525,2021-10-20 07:21:52,78300.0,1300.0,4941100.0
526,2021-10-20 07:21:51,78300.0,100.0,4939800.0
527,2021-10-20 07:21:49,78300.0,100.0,4939700.0
528,2021-10-20 07:21:49,78300.0,500.0,4939600.0
529,2021-10-20 07:21:46,78300.0,200.0,4939100.0
530,2021-10-20 07:21:46,78300.0,100.0,4938900.0
531,2021-10-20 07:21:43,78300.0,1000.0,4938800.0
532,2021-10-20 07:21:41,78300.0,100.0,4937800.0
533,2021-10-20 07:21:35,78300.0,1000.0,4937700.0
534,2021-10-20 07:21:35,78300.0,1000.0,4936700.0
535,2021-10-20 07:21:33,78300.0,100.0,4935700.0
536,2021-10-20 07:21:33,78300.0,500.0,4935600.0
537,2021-10-20 07:21:29,78300.0,100.0,4935100.0
538,2021-10-20 07:21:29,78300.0,300.0,4935000.0
539,2021-10-20 07:21:25,78300.0,100.0,4934700.0
540,2021-10-20 07:21:25,78300.0,100.0,4934600.0
541,2021-10-20 07:21:23,78300.0,300.0,4934500.0
542,2021-10-20 07:21:22,78200.0,800.0,4934200.0
543,2021-10-20 07:21:22,78200.0,500.0,4933400.0
544,2021-10-20 07:21:22,78200.0,300.0,4932900.0
545,2021-10-20 07:21:22,78200.0,1000.0,4932600.0
546,2021-10-20 07:21:22,78200.0,400.0,4931600.0
547,2021-10-20 07:21:22,78200.0,100.0,4931200.0
548,2021-10-20 07:21:22,78200.0,100.0,4931100.0
549,2021-10-20 07:21:22,78200.0,500.0,4931000.0
550,2021-10-20 07:21:22,78200.0,100.0,4930500.0
551,2021-10-20 07:21:22,78200.0,1200.0,4930400.0
552,2021-10-20 07:21:22,78200.0,2800.0,4929200.0
553,2021-10-20 07:21:22,78200.0,500.0,4926400.0
554,2021-10-20 07:21:22,78200.0,100.0,4925900.0
555,2021-10-20 07:21:22,78200.0,1000.0,4925800.0
556,2021-10-20 07:21:22,78200.0,600.0,4924800.0
557,2021-10-20 07:21:19,78300.0,200.0,4924200.0
558,2021-10-20 07:21:17,78300.0,100.0,4924000.0
559,2021-10-20 07:21:15,78300.0,500.0,4923900.0
560,2021-10-20 07:21:15,78300.0,700.0,4923400.0
561,2021-10-20 07:21:10,78400.0,2000.0,4922700.0
562,2021-10-20 07:21:09,78300.0,200.0,4920700.0
563,2021-10-20 07:21:09,78300.0,100.0,4920500.0
564,2021-10-20 07:21:09,78300.0,1000.0,4920400.0
565,2021-10-20 07:21:08,78300.0,100.0,4919400.0
566,2021-10-20 07:21:07,78200.0,400.0,4919300.0
567,2021-10-20 07:21:07,78200.0,500.0,4918900.0
568,2021-10-20 07:21:07,78200.0,100.0,4918400.0
569,2021-10-20 07:21:07,78200.0,300.0,4918300.0
570,2021-10-20 07:21:07,78200.0,100.0,4918000.0
571,2021-10-20 07:21:07,78300.0,100.0,4917900.0
572,2021-10-20 07:21:06,78200.0,200.0,4917800.0
573,2021-10-20 07:21:03,78300.0,100.0,4917600.0
574,2021-10-20 07:21:03,78300.0,200.0,4917500.0
575,2021-10-20 07:21:03,78300.0,400.0,4917300.0
576,2021-10-20 07:21:03,78300.0,100.0,4916900.0
577,2021-10-20 07:21:03,78300.0,100.0,4916800.0
578,2021-10-20 07:21:00,78400.0,100.0,4916700.0
579,2021-10-20 07:20:59,78300.0,800.0,4916600.0
580,2021-10-20 07:20:59,78300.0,100.0,4915800.0
581,2021-10-20 07:20:59,78200.0,9800.0,4915700.0
582,2021-10-20 07:20:54,78300.0,100.0,4905900.0
583,2021-10-20 07:20:53,78300.0,100.0,4905800.0
584,2021-10-20 07:20:53,78300.0,100.0,4905700.0
585,2021-10-20 07:20:52,78300.0,500.0,4905600.0
586,2021-10-20 07:20:50,78300.0,200.0,4905100.0
587,2021-10-20 07:20:50,78300.0,100.0,4904900.0
588,2021-10-20 07:20:49,78400.0,1600.0,4904800.0
589,2021-10-20 07:20:49,78300.0,3400.0,4903200.0
590,2021-10-20 07:20:49,78300.0,100.0,4899800.0
591,2021-10-20 07:20:48,78300.0,500.0,4899700.0
592,2021-10-20 07:20:46,78300.0,200.0,4899200.0
593,2021-10-20 07:20:46,78300.0,100.0,4899000.0
594,2021-10-20 07:20:46,78300.0,100.0,4898900.0
595,2021-10-20 07:20:46,78300.0,100.0,4898800.0
596,2021-10-20 07:20:46,78300.0,100.0,4898700.0
597,2021-10-20 07:20:46,78300.0,1000.0,4898600.0
598,2021-10-20 07:20:46,78300.0,100.0,4897600.0
599,2021-10-20 07:20:46,78300.0,100.0,4897500.0
600,2021-10-20 07:20:46,78300.0,1000.0,4897400.0
601,2021-10-20 07:20:46,78300.0,100.0,4896400.0
602,2021-10-20 07:20:46,78300.0,100.0,4896300.0
603,2021-10-20 07:20:46,78300.0,100.0,4896200.0
604,2021-10-20 07:20:46,78300.0,100.0,4896100.0
605,2021-10-20 07:20:46,78300.0,100.0,4896000.0
606,2021-10-20 07:20:46,78300.0,2000.0,4895900.0
607,2021-10-20 07:20:46,78300.0,100.0,4893900.0
608,2021-10-20 07:20:46,78300.0,300.0,4893800.0
609,2021-10-20 07:20:46,78300.0,300.0,4893500.0
610,2021-10-20 07:20:45,78300.0,400.0,4893200.0
611,2021-10-20 07:20:43,78400.0,100.0,4892800.0
612,2021-10-20 07:20:41,78400.0,700.0,4892700.0
613,2021-10-20 07:20:41,78400.0,300.0,4892000.0
614,2021-10-20 07:20:41,78300.0,200.0,4891700.0
615,2021-10-20 07:20:38,78300.0,600.0,4891500.0
616,2021-10-20 07:20:38,78300.0,200.0,4890900.0
617,2021-10-20 07:20:38,78300.0,200.0,4890700.0
618,2021-10-20 07:20:38,78300.0,1000.0,4890500.0
619,2021-10-20 07:20:38,78300.0,1000.0,4889500.0
620,2021-10-20 07:20:38,78300.0,2000.0,4888500.0
621,2021-10-20 07:20:38,78300.0,100.0,4886500.0
622,2021-10-20 07:20:38,78300.0,500.0,4886400.0
623,2021-10-20 07:20:37,78400.0,500.0,4885900.0
624,2021-10-20 07:20:36,78400.0,100.0,4885400.0
625,2021-10-20 07:20:33,78400.0,1000.0,4885300.0
626,2021-10-20 07:20:33,78300.0,6300.0,4884300.0
627,2021-10-20 07:20:33,78300.0,200.0,4878000.0
628,2021-10-20 07:20:33,78300.0,100.0,4877800.0
629,2021-10-20 07:20:33,78300.0,200.0,4877700.0
630,2021-10-20 07:20:33,78300.0,100.0,4877500.0
631,2021-10-20 07:20:33,78300.0,100.0,4877400.0
632,2021-10-20 07:20:33,78300.0,200.0,4877300.0
633,2021-10-20 07:20:33,78300.0,500.0,4877100.0
634,2021-10-20 07:20:33,78300.0,1000.0,4876600.0
635,2021-10-20 07:20:33,78300.0,200.0,4875600.0
636,2021-10-20 07:20:33,78300.0,100.0,4875400.0
637,2021-10-20 07:20:33,78300.0,1000.0,4875300.0
638,2021-10-20 07:20:33,78300.0,10000.0,4874300.0
639,2021-10-20 07:20:32,78400.0,500.0,4864300.0
640,2021-10-20 07:20:31,78400.0,100.0,4863800.0
641,2021-10-20 07:20:28,78400.0,100.0,4863700.0
642,2021-10-20 07:20:27,78400.0,1000.0,4863600.0
643,2021-10-20 07:20:26,78400.0,3000.0,4862600.0
644,2021-10-20 07:20:25,78400.0,10000.0,4859600.0
645,2021-10-20 07:20:23,78400.0,100.0,4849600.0
646,2021-10-20 07:20:23,78400.0,100.0,4849500.0
647,2021-10-20 07:20:23,78400.0,100.0,4849400.0
648,2021-10-20 07:20:23,78400.0,1000.0,4849300.0
649,2021-10-20 07:20:23,78400.0,200.0,4848300.0
650,2021-10-20 07:20:23,78400.0,100.0,4848100.0
651,2021-10-20 07:20:23,78400.0,100.0,4848000.0
652,2021-10-20 07:20:23,78400.0,100.0,4847900.0
653,2021-10-20 07:20:23,78400.0,100.0,4847800.0
654,2021-10-20 07:20:23,78400.0,100.0,4847700.0
655,2021-10-20 07:20:23,78400.0,100.0,4847600.0
656,2021-10-20 07:20:23,78400.0,300.0,4847500.0
657,2021-10-20 07:20:23,78400.0,500.0,4847200.0
658,2021-10-20 07:20:23,78400.0,1000.0,4846700.0
659,2021-10-20 07:20:23,78400.0,100.0,4845700.0
660,2021-10-20 07:20:23,78400.0,100.0,4845600.0
661,2021-10-20 07:20:23,78400.0,100.0,4845500.0
662,2021-10-20 07:20:23,78400.0,100.0,4845400.0
663,2021-10-20 07:20:23,78400.0,100.0,4845300.0
664,2021-10-20 07:20:23,78400.0,100.0,4845200.0
665,2021-10-20 07:20:23,78400.0,100.0,4845100.0
666,2021-10-20 07:20:23,78400.0,100.0,4845000.0
667,2021-10-20 07:20:23,78400.0,1000.0,4844900.0
668,2021-10-20 07:20:23,78400.0,200.0,4843900.0
669,2021-10-20 07:20:23,78400.0,200.0,4843700.0
670,2021-10-20 07:20:23,78400.0,100.0,4843500.0
671,2021-10-20 07:20:23,78400.0,100.0,4843400.0
672,2021-10-20 07:20:23,78400.0,100.0,4843300.0
673,2021-10-20 07:20:23,78400.0,100.0,4843200.0
674,2021-10-20 07:20:23,78400.0,100.0,4843100.0
675,2021-10-20 07:20:23,78400.0,100.0,4843000.0
676,2021-10-20 07:20:23,78400.0,500.0,4842900.0
677,2021-10-20 07:20:23,78400.0,1000.0,4842400.0
678,2021-10-20 07:20:23,78400.0,100.0,4841400.0
679,2021-10-20 07:20:23,78400.0,100.0,4841300.0
680,2021-10-20 07:20:22,78500.0,100.0,4841200.0
681,2021-10-20 07:20:21,78500.0,100.0,4841100.0
682,2021-10-20 07:20:21,78500.0,1000.0,4841000.0
683,2021-10-20 07:20:21,78400.0,100.0,4840000.0
684,2021-10-20 07:20:21,78400.0,200.0,4839900.0
685,2021-10-20 07:20:21,78400.0,100.0,4839700.0
686,2021-10-20 07:20:21,78400.0,200.0,4839600.0
687,2021-10-20 07:20:21,78400.0,100.0,4839400.0
688,2021-10-20 07:20:21,78400.0,500.0,4839300.0
689,2021-10-20 07:20:21,78400.0,100.0,4838800.0
690,2021-10-20 07:20:21,78400.0,100.0,4838700.0
691,2021-10-20 07:20:21,78400.0,500.0,4838600.0
692,2021-10-20 07:20:21,78400.0,200.0,4838100.0
693,2021-10-20 07:20:21,78400.0,100.0,4837900.0
694,2021-10-20 07:20:21,78400.0,100.0,4837800.0
695,2021-10-20 07:20:21,78400.0,200.0,4837700.0
696,2021-10-20 07:20:21,78400.0,100.0,4837500.0
697,2021-10-20 07:20:21,78400.0,100.0,4837400.0
698,2021-10-20 07:20:21,78400.0,100.0,4837300.0
699,2021-10-20 07:20:21,78400.0,100.0,4837200.0
700,2021-10-20 07:20:21,78400.0,2100.0,4837100.0
701,2021-10-20 07:20:20,78400.0,3000.0,4835000.0
702,2021-10-20 07:20:19,78400.0,1000.0,4832000.0
703,2021-10-20 07:20:18,78500.0,300.0,4831000.0
704,2021-10-20 07:20:10,78500.0,100.0,4830700.0
705,2021-10-20 07:20:09,78500.0,100.0,4830600.0
706,2021-10-20 07:20:08,78400.0,3900.0,4830500.0
707,2021-10-20 07:20:08,78400.0,3900.0,4826600.0
708,2021-10-20 07:20:07,78400.0,500.0,4822700.0
709,2021-10-20 07:20:02,78500.0,100.0,4822200.0
710,2021-10-20 07:20:02,78500.0,200.0,4822100.0
711,2021-10-20 07:20:01,78500.0,3000.0,4821900.0
712,2021-10-20 07:19:57,78400.0,100.0,4818900.0
713,2021-10-20 07:19:55,78500.0,100.0,4818800.0
714,2021-10-20 07:19:52,78500.0,200.0,4818700.0
715,2021-10-20 07:19:51,78400.0,3000.0,4818500.0
716,2021-10-20 07:19:46,78500.0,100.0,4815500.0
717,2021-10-20 07:19:43,78500.0,100.0,4815400.0
718,2021-10-20 07:19:41,78400.0,2500.0,4815300.0
719,2021-10-20 07:19:38,78500.0,500.0,4812800.0
720,2021-10-20 07:19:37,78500.0,100.0,4812300.0
721,2021-10-20 07:19:36,78500.0,1000.0,4812200.0
722,2021-10-20 07:19:36,78500.0,100.0,4811200.0
723,2021-10-20 07:19:36,78500.0,100.0,4811100.0
724,2021-10-20 07:19:36,78500.0,100.0,4811000.0
725,2021-10-20 07:19:36,78500.0,100.0,4810900.0
726,2021-10-20 07:19:36,78500.0,100.0,4810800.0
727,2021-10-20 07:19:36,78500.0,1000.0,4810700.0
728,2021-10-20 07:19:36,78500.0,100.0,4809700.0
729,2021-10-20 07:19:36,78500.0,100.0,4809600.0
730,2021-10-20 07:19:36,78500.0,100.0,4809500.0
731,2021-10-20 07:19:36,78500.0,1200.0,4809400.0
732,2021-10-20 07:19:36,78500.0,100.0,4808200.0
733,2021-10-20 07:19:36,78500.0,100.0,4808100.0
734,2021-10-20 07:19:36,78500.0,200.0,4808000.0
735,2021-10-20 07:19:36,78500.0,100.0,4807800.0
736,2021-10-20 07:19:36,78500.0,200.0,4807700.0
737,2021-10-20 07:19:36,78500.0,1000.0,4807500.0
738,2021-10-20 07:19:36,78500.0,500.0,4806500.0
739,2021-10-20 07:19:36,78500.0,100.0,4806000.0
740,2021-10-20 07:19:36,78500.0,500.0,4805900.0
741,2021-10-20 07:19:36,78500.0,200.0,4805400.0
742,2021-10-20 07:19:36,78500.0,500.0,4805200.0
743,2021-10-20 07:19:36,78500.0,200.0,4804700.0
744,2021-10-20 07:19:35,78500.0,300.0,4804500.0
745,2021-10-20 07:19:35,78500.0,100.0,4804200.0
746,2021-10-20 07:19:35,78500.0,100.0,4804100.0
747,2021-10-20 07:19:35,78500.0,100.0,4804000.0
748,2021-10-20 07:19:35,78500.0,500.0,4803900.0
749,2021-10-20 07:19:35,78500.0,100.0,4803400.0
750,2021-10-20 07:19:35,78500.0,100.0,4803300.0
751,2021-10-20 07:19:35,78500.0,500.0,4803200.0
752,2021-10-20 07:19:35,78500.0,1400.0,4802700.0
753,2021-10-20 07:19:32,78500.0,1400.0,4801300.0
754,2021-10-20 07:19:32,78500.0,500.0,4799900.0
755,2021-10-20 07:19:31,78500.0,1700.0,4799400.0
756,2021-10-20 07:19:31,78500.0,100.0,4797700.0
757,2021-10-20 07:19:31,78500.0,100.0,4797600.0
758,2021-10-20 07:19:31,78500.0,200.0,4797500.0
759,2021-10-20 07:19:31,78500.0,3700.0,4797300.0
760,2021-10-20 07:19:31,78500.0,500.0,4793600.0
761,2021-10-20 07:19:30,78500.0,600.0,4793100.0
762,2021-10-20 07:19:29,78600.0,100.0,4792500.0
763,2021-10-20 07:19:27,78500.0,200.0,4792400.0
764,2021-10-20 07:19:27,78500.0,100.0,4792200.0
765,2021-10-20 07:19:27,78500.0,500.0,4792100.0
766,2021-10-20 07:19:27,78500.0,100.0,4791600.0
767,2021-10-20 07:19:27,78500.0,100.0,4791500.0
768,2021-10-20 07:19:25,78500.0,100.0,4791400.0
769,2021-10-20 07:19:25,78500.0,100.0,4791300.0
770,2021-10-20 07:19:25,78500.0,100.0,4791200.0
771,2021-10-20 07:19:25,78500.0,200.0,4791100.0
772,2021-10-20 07:19:25,78500.0,500.0,4790900.0
773,2021-10-20 07:19:25,78500.0,500.0,4790400.0
774,2021-10-20 07:19:25,78500.0,100.0,4789900.0
775,2021-10-20 07:19:25,78500.0,100.0,4789800.0
776,2021-10-20 07:19:25,78500.0,100.0,4789700.0
777,2021-10-20 07:19:25,78500.0,100.0,4789600.0
778,2021-10-20 07:19:25,78500.0,100.0,4789500.0
779,2021-10-20 07:19:25,78500.0,100.0,4789400.0
780,2021-10-20 07:19:25,78500.0,100.0,4789300.0
781,2021-10-20 07:19:25,78500.0,200.0,4789200.0
782,2021-10-20 07:19:25,78500.0,200.0,4789000.0
783,2021-10-20 07:19:25,78500.0,500.0,4788800.0
784,2021-10-20 07:19:25,78500.0,100.0,4788300.0
785,2021-10-20 07:19:23,78600.0,100.0,4788200.0
786,2021-10-20 07:19:22,78500.0,100.0,4788100.0
787,2021-10-20 07:19:22,78500.0,100.0,4788000.0
788,2021-10-20 07:19:22,78500.0,300.0,4787900.0
789,2021-10-20 07:19:22,78500.0,500.0,4787600.0
790,2021-10-20 07:19:22,78500.0,400.0,4787100.0
791,2021-10-20 07:19:22,78500.0,100.0,4786700.0
792,2021-10-20 07:19:22,78500.0,100.0,4786600.0
793,2021-10-20 07:19:22,78500.0,200.0,4786500.0
794,2021-10-20 07:19:22,78500.0,100.0,4786300.0
795,2021-10-20 07:19:22,78500.0,100.0,4786200.0
796,2021-10-20 07:19:22,78500.0,100.0,4786100.0
797,2021-10-20 07:19:22,78500.0,100.0,4786000.0
798,2021-10-20 07:19:22,78500.0,100.0,4785900.0
799,2021-10-20 07:19:22,78500.0,100.0,4785800.0
800,2021-10-20 07:19:22,78500.0,300.0,4785700.0
801,2021-10-20 07:19:22,78500.0,200.0,4785400.0
802,2021-10-20 07:19:22,78500.0,100.0,4785200.0
803,2021-10-20 07:19:22,78500.0,100.0,4785100.0
804,2021-10-20 07:19:22,78500.0,300.0,4785000.0
805,2021-10-20 07:19:22,78500.0,100.0,4784700.0
806,2021-10-20 07:19:22,78500.0,1000.0,4784600.0
807,2021-10-20 07:19:22,78500.0,200.0,4783600.0
808,2021-10-20 07:19:22,78500.0,500.0,4783400.0
809,2021-10-20 07:19:22,78500.0,300.0,4782900.0
810,2021-10-20 07:19:22,78500.0,100.0,4782600.0
811,2021-10-20 07:19:22,78500.0,100.0,4782500.0
812,2021-10-20 07:19:22,78500.0,1000.0,4782400.0
813,2021-10-20 07:19:22,78500.0,100.0,4781400.0
814,2021-10-20 07:19:22,78500.0,100.0,4781300.0
815,2021-10-20 07:19:22,78500.0,1000.0,4781200.0
816,2021-10-20 07:19:22,78500.0,100.0,4780200.0
817,2021-10-20 07:19:22,78500.0,1000.0,4780100.0
818,2021-10-20 07:19:22,78500.0,200.0,4779100.0
819,2021-10-20 07:19:22,78500.0,500.0,4778900.0
820,2021-10-20 07:19:22,78500.0,100.0,4778400.0
821,2021-10-20 07:19:22,78500.0,100.0,4778300.0
822,2021-10-20 07:19:22,78500.0,100.0,4778200.0
823,2021-10-20 07:19:22,78500.0,100.0,4778100.0
824,2021-10-20 07:19:20,78500.0,100.0,4778000.0
825,2021-10-20 07:19:20,78500.0,100.0,4777900.0
826,2021-10-20 07:19:20,78500.0,100.0,4777800.0
827,2021-10-20 07:19:20,78500.0,100.0,4777700.0
828,2021-10-20 07:19:20,78500.0,200.0,4777600.0
829,2021-10-20 07:19:19,78500.0,100.0,4777400.0
830,2021-10-20 07:19:19,78500.0,100.0,4777300.0
831,2021-10-20 07:19:19,78500.0,100.0,4777200.0
832,2021-10-20 07:19:19,78500.0,2000.0,4777100.0
833,2021-10-20 07:19:17,78500.0,3000.0,4775100.0
834,2021-10-20 07:19:16,78600.0,500.0,4772100.0
835,2021-10-20 07:19:14,78600.0,100.0,4771600.0
836,2021-10-20 07:19:14,78500.0,100.0,4771500.0
837,2021-10-20 07:19:14,78500.0,100.0,4771400.0
838,2021-10-20 07:19:14,78500.0,300.0,4771300.0
839,2021-10-20 07:19:14,78500.0,1000.0,4771000.0
840,2021-10-20 07:19:14,78500.0,1000.0,4770000.0
841,2021-10-20 07:19:14,78500.0,100.0,4769000.0
842,2021-10-20 07:19:14,78500.0,100.0,4768900.0
843,2021-10-20 07:19:14,78500.0,300.0,4768800.0
844,2021-10-20 07:19:14,78500.0,200.0,4768500.0
845,2021-10-20 07:19:14,78500.0,100.0,4768300.0
846,2021-10-20 07:19:14,78500.0,100.0,4768200.0
847,2021-10-20 07:19:14,78500.0,100.0,4768100.0
848,2021-10-20 07:19:14,78500.0,100.0,4768000.0
849,2021-10-20 07:19:13,78500.0,300.0,4767900.0
850,2021-10-20 07:19:13,78500.0,200.0,4767600.0
851,2021-10-20 07:19:13,78500.0,200.0,4767400.0
852,2021-10-20 07:19:13,78500.0,200.0,4767200.0
853,2021-10-20 07:19:13,78500.0,500.0,4767000.0
854,2021-10-20 07:19:13,78500.0,100.0,4766500.0
855,2021-10-20 07:19:13,78500.0,100.0,4766400.0
856,2021-10-20 07:19:13,78500.0,700.0,4766300.0
857,2021-10-20 07:19:13,78500.0,1000.0,4765600.0
858,2021-10-20 07:19:13,78500.0,100.0,4764600.0
859,2021-10-20 07:19:13,78500.0,400.0,4764500.0
860,2021-10-20 07:19:13,78500.0,100.0,4764100.0
861,2021-10-20 07:19:13,78500.0,100.0,4764000.0
862,2021-10-20 07:19:13,78500.0,500.0,4763900.0
863,2021-10-20 07:19:13,78500.0,100.0,4763400.0
864,2021-10-20 07:19:13,78500.0,300.0,4763300.0
865,2021-10-20 07:19:13,78500.0,600.0,4763000.0
866,2021-10-20 07:19:13,78500.0,100.0,4762400.0
867,2021-10-20 07:19:13,78500.0,100.0,4762300.0
868,2021-10-20 07:19:13,78500.0,100.0,4762200.0
869,2021-10-20 07:19:13,78500.0,100.0,4762100.0
870,2021-10-20 07:19:13,78500.0,200.0,4762000.0
871,2021-10-20 07:19:13,78500.0,500.0,4761800.0
872,2021-10-20 07:19:13,78500.0,200.0,4761300.0
873,2021-10-20 07:19:13,78500.0,100.0,4761100.0
874,2021-10-20 07:19:13,78500.0,100.0,4761000.0
875,2021-10-20 07:19:13,78500.0,300.0,4760900.0
876,2021-10-20 07:19:13,78500.0,200.0,4760600.0
877,2021-10-20 07:19:13,78500.0,100.0,4760400.0
878,2021-10-20 07:19:13,78500.0,200.0,4760300.0
879,2021-10-20 07:19:13,78500.0,100.0,4760100.0
880,2021-10-20 07:19:13,78500.0,2300.0,4760000.0
881,2021-10-20 07:19:13,78500.0,100.0,4757700.0
882,2021-10-20 07:19:13,78500.0,3700.0,4757600.0
883,2021-10-20 07:19:12,78500.0,1300.0,4753900.0
884,2021-10-20 07:19:12,78500.0,200.0,4752600.0
885,2021-10-20 07:19:12,78500.0,1500.0,4752400.0
886,2021-10-20 07:19:11,78600.0,200.0,4750900.0
887,2021-10-20 07:19:10,78500.0,2100.0,4750700.0
888,2021-10-20 07:19:10,78500.0,100.0,4748600.0
889,2021-10-20 07:19:06,78500.0,300.0,4748500.0
890,2021-10-20 07:19:06,78500.0,200.0,4748200.0
891,2021-10-20 07:19:06,78500.0,200.0,4748000.0
892,2021-10-20 07:19:06,78500.0,100.0,4747800.0
893,2021-10-20 07:19:06,78500.0,100.0,4747700.0
894,2021-10-20 07:19:06,78500.0,200.0,4747600.0
895,2021-10-20 07:19:06,78500.0,100.0,4747400.0
896,2021-10-20 07:19:06,78500.0,500.0,4747300.0
897,2021-10-20 07:19:06,78500.0,100.0,4746800.0
898,2021-10-20 07:19:06,78500.0,200.0,4746700.0
899,2021-10-20 07:19:06,78500.0,4800.0,4746500.0
900,2021-10-20 07:19:06,78500.0,4000.0,4741700.0
901,2021-10-20 07:19:06,78500.0,500.0,4737700.0
902,2021-10-20 07:19:06,78500.0,100.0,4737200.0
903,2021-10-20 07:19:06,78500.0,100.0,4737100.0
904,2021-10-20 07:19:06,78500.0,100.0,4737000.0
905,2021-10-20 07:19:06,78500.0,100.0,4736900.0
906,2021-10-20 07:19:06,78500.0,200.0,4736800.0
907,2021-10-20 07:19:06,78500.0,100.0,4736600.0
908,2021-10-20 07:19:06,78600.0,100.0,4736500.0
909,2021-10-20 07:19:03,78500.0,800.0,4736400.0
910,2021-10-20 07:19:02,78500.0,100.0,4735600.0
911,2021-10-20 07:19:02,78500.0,100.0,4735500.0
912,2021-10-20 07:19:02,78500.0,100.0,4735400.0
913,2021-10-20 07:19:02,78500.0,100.0,4735300.0
914,2021-10-20 07:19:02,78500.0,100.0,4735200.0
915,2021-10-20 07:19:02,78500.0,1500.0,4735100.0
916,2021-10-20 07:19:02,78500.0,100.0,4733600.0
917,2021-10-20 07:19:02,78500.0,500.0,4733500.0
918,2021-10-20 07:19:02,78500.0,200.0,4733000.0
919,2021-10-20 07:19:02,78500.0,300.0,4732800.0
920,2021-10-20 07:19:02,78500.0,100.0,4732500.0
921,2021-10-20 07:19:02,78500.0,200.0,4732400.0
922,2021-10-20 07:19:00,78600.0,800.0,4732200.0
923,2021-10-20 07:18:59,78500.0,200.0,4731400.0
924,2021-10-20 07:18:59,78500.0,4800.0,4731200.0
925,2021-10-20 07:18:59,78500.0,1200.0,4726400.0
926,2021-10-20 07:18:59,78500.0,300.0,4725200.0
927,2021-10-20 07:18:59,78500.0,200.0,4724900.0
928,2021-10-20 07:18:59,78500.0,500.0,4724700.0
929,2021-10-20 07:18:59,78500.0,200.0,4724200.0
930,2021-10-20 07:18:59,78500.0,100.0,4724000.0
931,2021-10-20 07:18:59,78500.0,200.0,4723900.0
932,2021-10-20 07:18:59,78500.0,400.0,4723700.0
933,2021-10-20 07:18:59,78500.0,200.0,4723300.0
934,2021-10-20 07:18:59,78500.0,300.0,4723100.0
935,2021-10-20 07:18:59,78500.0,300.0,4722800.0
936,2021-10-20 07:18:59,78500.0,5000.0,4722500.0
937,2021-10-20 07:18:59,78500.0,5000.0,4717500.0
938,2021-10-20 07:18:59,78500.0,200.0,4712500.0
939,2021-10-20 07:18:59,78500.0,1000.0,4712300.0
940,2021-10-20 07:18:59,78500.0,500.0,4711300.0
941,2021-10-20 07:18:59,78500.0,2300.0,4710800.0
942,2021-10-20 07:18:58,78500.0,900.0,4708500.0
943,2021-10-20 07:18:57,78600.0,100.0,4707600.0
944,2021-10-20 07:18:57,78500.0,1600.0,4707500.0
945,2021-10-20 07:18:53,78500.0,3200.0,4705900.0
946,2021-10-20 07:18:52,78500.0,2000.0,4702700.0
947,2021-10-20 07:18:52,78500.0,500.0,4700700.0
948,2021-10-20 07:18:52,78500.0,100.0,4700200.0
949,2021-10-20 07:18:52,78500.0,100.0,4700100.0
950,2021-10-20 07:18:51,78600.0,100.0,4700000.0
951,2021-10-20 07:18:51,78600.0,300.0,4699900.0
952,2021-10-20 07:18:51,78600.0,300.0,4699600.0
953,2021-10-20 07:18:51,78600.0,100.0,4699300.0
954,2021-10-20 07:18:51,78600.0,100.0,4699200.0
955,2021-10-20 07:18:51,78600.0,100.0,4699100.0
956,2021-10-20 07:18:51,78600.0,700.0,4699000.0
957,2021-10-20 07:18:51,78600.0,100.0,4698300.0
958,2021-10-20 07:18:51,78600.0,200.0,4698200.0
959,2021-10-20 07:18:51,78600.0,100.0,4698000.0
960,2021-10-20 07:18:51,78600.0,100.0,4697900.0
961,2021-10-20 07:18:51,78600.0,100.0,4697800.0
962,2021-10-20 07:18:51,78600.0,100.0,4697700.0
963,2021-10-20 07:18:51,78600.0,100.0,4697600.0
964,2021-10-20 07:18:51,78600.0,500.0,4697500.0
965,2021-10-20 07:18:51,78600.0,1200.0,4697000.0
966,2021-10-20 07:18:51,78600.0,100.0,4695800.0
967,2021-10-20 07:18:51,78600.0,500.0,4695700.0
968,2021-10-20 07:18:51,78600.0,300.0,4695200.0
969,2021-10-20 07:18:51,78600.0,1400.0,4694900.0
970,2021-10-20 07:18:51,78600.0,1000.0,4693500.0
971,2021-10-20 07:18:51,78600.0,200.0,4692500.0
972,2021-10-20 07:18:51,78600.0,1000.0,4692300.0
973,2021-10-20 07:18:51,78600.0,1000.0,4691300.0
974,2021-10-20 07:18:51,78600.0,100.0,4690300.0
975,2021-10-20 07:18:51,78600.0,200.0,4690200.0
976,2021-10-20 07:18:51,78600.0,1000.0,4690000.0
977,2021-10-20 07:18:51,78600.0,100.0,4689000.0
978,2021-10-20 07:18:51,78600.0,100.0,4688900.0
979,2021-10-20 07:18:51,78600.0,100.0,4688800.0
980,2021-10-20 07:18:51,78600.0,100.0,4688700.0
981,2021-10-20 07:18:51,78600.0,100.0,4688600.0
982,2021-10-20 07:18:51,78600.0,100.0,4688500.0
983,2021-10-20 07:18:51,78600.0,100.0,4688400.0
984,2021-10-20 07:18:51,78600.0,1000.0,4688300.0
985,2021-10-20 07:18:51,78600.0,300.0,4687300.0
986,2021-10-20 07:18:51,78600.0,10000.0,4687000.0
987,2021-10-20 07:18:51,78600.0,6000.0,4677000.0
988,2021-10-20 07:18:49,78600.0,1000.0,4671000.0
989,2021-10-20 07:18:48,78700.0,100.0,4670000.0
990,2021-10-20 07:18:48,78600.0,20000.0,4669900.0
991,2021-10-20 07:18:47,78700.0,100.0,4649900.0
992,2021-10-20 07:18:47,78600.0,100.0,4649800.0
993,2021-10-20 07:18:47,78600.0,1300.0,4649700.0
994,2021-10-20 07:18:46,78600.0,2500.0,4648400.0
995,2021-10-20 07:18:42,78600.0,3200.0,4645900.0
996,2021-10-20 07:18:40,78700.0,100.0,4642700.0
997,2021-10-20 07:18:36,78600.0,500.0,4642600.0
998,2021-10-20 07:18:35,78600.0,500.0,4642100.0
999,2021-10-20 07:18:33,78600.0,500.0,4641600.0
1000,2021-10-20 07:18:33,78600.0,1600.0,4641100.0
1001,2021-10-20 07:18:32,78700.0,100.0,4639500.0
1002,2021-10-20 07:18:32,78600.0,1600.0,4639400.0
1003,2021-10-20 07:18:31,78600.0,10000.0,4637800.0
1004,2021-10-20 07:18:30,78600.0,1600.0,4627800.0
1005,2021-10-20 07:18:29,78600.0,200.0,4626200.0
1006,2021-10-20 07:18:29,78600.0,600.0,4626000.0
1007,2021-10-20 07:18:29,78600.0,200.0,4625400.0
1008,2021-10-20 07:18:27,78600.0,5000.0,4625200.0
1009,2021-10-20 07:18:27,78700.0,100.0,4620200.0
1010,2021-10-20 07:18:26,78600.0,100.0,4620100.0
1011,2021-10-20 07:18:23,78700.0,100.0,4620000.0
1012,2021-10-20 07:18:21,78600.0,3200.0,4619900.0
1013,2021-10-20 07:18:21,78600.0,500.0,4616700.0
1014,2021-10-20 07:18:20,78600.0,10000.0,4616200.0
1015,2021-10-20 07:18:20,78600.0,10000.0,4606200.0
1016,2021-10-20 07:18:16,78600.0,400.0,4596200.0
1017,2021-10-20 07:18:16,78700.0,100.0,4595800.0
1018,2021-10-20 07:18:14,78600.0,900.0,4595700.0
1019,2021-10-20 07:18:14,78600.0,18500.0,4594800.0
1020,2021-10-20 07:18:14,78600.0,300.0,4576300.0
1021,2021-10-20 07:18:14,78600.0,100.0,4576000.0
1022,2021-10-20 07:18:14,78600.0,100.0,4575900.0
1023,2021-10-20 07:18:14,78600.0,500.0,4575800.0
1024,2021-10-20 07:18:14,78600.0,500.0,4575300.0
1025,2021-10-20 07:18:14,78600.0,2500.0,4574800.0
1026,2021-10-20 07:18:14,78600.0,100.0,4572300.0
1027,2021-10-20 07:18:14,78600.0,300.0,4572200.0
1028,2021-10-20 07:18:14,78600.0,300.0,4571900.0
1029,2021-10-20 07:18:14,78600.0,100.0,4571600.0
1030,2021-10-20 07:18:14,78600.0,100.0,4571500.0
1031,2021-10-20 07:18:14,78600.0,500.0,4571400.0
1032,2021-10-20 07:18:14,78600.0,1000.0,4570900.0
1033,2021-10-20 07:18:14,78600.0,500.0,4569900.0
1034,2021-10-20 07:18:14,78600.0,600.0,4569400.0
1035,2021-10-20 07:18:14,78600.0,4000.0,4568800.0
1036,2021-10-20 07:18:13,78700.0,500.0,4564800.0
1037,2021-10-20 07:18:13,78600.0,700.0,4564300.0
1038,2021-10-20 07:18:11,78600.0,700.0,4563600.0
1039,2021-10-20 07:18:09,78600.0,700.0,4562900.0
1040,2021-10-20 07:18:08,78600.0,600.0,4562200.0
1041,2021-10-20 07:18:07,78700.0,100.0,4561600.0
1042,2021-10-20 07:18:05,78600.0,700.0,4561500.0
1043,2021-10-20 07:18:04,78600.0,1600.0,4560800.0
1044,2021-10-20 07:18:01,78600.0,900.0,4559200.0
1045,2021-10-20 07:17:59,78700.0,100.0,4558300.0
1046,2021-10-20 07:17:56,78700.0,100.0,4558200.0
1047,2021-10-20 07:17:54,78600.0,200.0,4558100.0
1048,2021-10-20 07:17:54,78600.0,2000.0,4557900.0
1049,2021-10-20 07:17:53,78600.0,600.0,4555900.0
1050,2021-10-20 07:17:53,78600.0,100.0,4555300.0
1051,2021-10-20 07:17:51,78600.0,300.0,4555200.0
1052,2021-10-20 07:17:51,78600.0,200.0,4554900.0
1053,2021-10-20 07:17:50,78700.0,100.0,4554700.0
1054,2021-10-20 07:17:50,78600.0,300.0,4554600.0
1055,2021-10-20 07:17:48,78700.0,100.0,4554300.0
1056,2021-10-20 07:17:47,78700.0,200.0,4554200.0
1057,2021-10-20 07:17:47,78700.0,500.0,4554000.0
1058,2021-10-20 07:17:47,78700.0,300.0,4553500.0
1059,2021-10-20 07:17:46,78600.0,5400.0,4553200.0
1060,2021-10-20 07:17:46,78700.0,100.0,4547800.0
1061,2021-10-20 07:17:46,78600.0,300.0,4547700.0
1062,2021-10-20 07:17:43,78600.0,200.0,4547400.0
1063,2021-10-20 07:17:43,78700.0,100.0,4547200.0
1064,2021-10-20 07:17:40,78600.0,200.0,4547100.0
1065,2021-10-20 07:17:37,78600.0,200.0,4546900.0
1066,2021-10-20 07:17:35,78600.0,100.0,4546700.0
1067,2021-10-20 07:17:35,78600.0,1000.0,4546600.0
1068,2021-10-20 07:17:34,78700.0,100.0,4545600.0
1069,2021-10-20 07:17:34,78600.0,200.0,4545500.0
1070,2021-10-20 07:17:30,78600.0,200.0,4545300.0
1071,2021-10-20 07:17:28,78600.0,100.0,4545100.0
1072,2021-10-20 07:17:28,78600.0,100.0,4545000.0
1073,2021-10-20 07:17:26,78700.0,100.0,4544900.0
1074,2021-10-20 07:17:24,78600.0,100.0,4544800.0
1075,2021-10-20 07:17:24,78600.0,200.0,4544700.0
1076,2021-10-20 07:17:24,78600.0,4700.0,4544500.0
1077,2021-10-20 07:17:23,78600.0,200.0,4539800.0
1078,2021-10-20 07:17:18,78600.0,200.0,4539600.0
1079,2021-10-20 07:17:17,78700.0,100.0,4539400.0
1080,2021-10-20 07:17:15,78700.0,100.0,4539300.0
1081,2021-10-20 07:17:14,78600.0,100.0,4539200.0
1082,2021-10-20 07:17:14,78600.0,10000.0,4539100.0
1083,2021-10-20 07:17:13,78600.0,300.0,4529100.0
1084,2021-10-20 07:17:10,78600.0,100.0,4528800.0
1085,2021-10-20 07:17:09,78700.0,100.0,4528700.0
1086,2021-10-20 07:17:09,78600.0,1000.0,4528600.0
1087,2021-10-20 07:17:08,78600.0,100.0,4527600.0
1088,2021-10-20 07:17:06,78700.0,4900.0,4527500.0
1089,2021-10-20 07:17:06,78700.0,100.0,4522600.0
1090,2021-10-20 07:17:04,78600.0,100.0,4522500.0
1091,2021-10-20 07:17:01,78700.0,100.0,4522400.0
1092,2021-10-20 07:17:00,78600.0,100.0,4522300.0
1093,2021-10-20 07:16:56,78700.0,1600.0,4522200.0
1094,2021-10-20 07:16:55,78600.0,100.0,4520600.0
1095,2021-10-20 07:16:55,78600.0,500.0,4520500.0
1096,2021-10-20 07:16:53,78700.0,100.0,4520000.0
1097,2021-10-20 07:16:49,78700.0,200.0,4519900.0
1098,2021-10-20 07:16:48,78700.0,200.0,4519700.0
1099,2021-10-20 07:16:45,78700.0,100.0,4519500.0
1100,2021-10-20 07:16:36,78700.0,100.0,4519400.0
1101,2021-10-20 07:16:36,78700.0,1000.0,4519300.0
1102,2021-10-20 07:16:34,78700.0,100.0,4518300.0
1103,2021-10-20 07:16:34,78700.0,500.0,4518200.0
1104,2021-10-20 07:16:34,78700.0,900.0,4517700.0
1105,2021-10-20 07:16:33,78700.0,2600.0,4516800.0
1106,2021-10-20 07:16:31,78800.0,3200.0,4514200.0
1107,2021-10-20 07:16:28,78800.0,100.0,4511000.0
1108,2021-10-20 07:16:27,78700.0,600.0,4510900.0
1109,2021-10-20 07:16:23,78700.0,900.0,4510300.0
1110,2021-10-20 07:16:23,78700.0,1000.0,4509400.0
1111,2021-10-20 07:16:23,78700.0,100.0,4508400.0
1112,2021-10-20 07:16:21,78700.0,100.0,4508300.0
1113,2021-10-20 07:16:21,78700.0,800.0,4508200.0
1114,2021-10-20 07:16:21,78700.0,100.0,4507400.0
1115,2021-10-20 07:16:21,78700.0,100.0,4507300.0
1116,2021-10-20 07:16:21,78700.0,100.0,4507200.0
1117,2021-10-20 07:16:21,78800.0,100.0,4507100.0
1118,2021-10-20 07:16:20,78700.0,100.0,4507000.0
1119,2021-10-20 07:16:19,78700.0,1000.0,4506900.0
1120,2021-10-20 07:16:14,78700.0,600.0,4505900.0
1121,2021-10-20 07:16:12,78800.0,100.0,4505300.0
1122,2021-10-20 07:16:09,78700.0,400.0,4505200.0
1123,2021-10-20 07:16:09,78700.0,100.0,4504800.0
1124,2021-10-20 07:16:09,78700.0,100.0,4504700.0
1125,2021-10-20 07:16:09,78700.0,400.0,4504600.0
1126,2021-10-20 07:16:04,78700.0,100.0,4504200.0
1127,2021-10-20 07:16:04,78700.0,500.0,4504100.0
1128,2021-10-20 07:16:04,78700.0,700.0,4503600.0
1129,2021-10-20 07:16:03,78800.0,100.0,4502900.0
1130,2021-10-20 07:15:59,78700.0,3300.0,4502800.0
1131,2021-10-20 07:15:59,78700.0,1000.0,4499500.0
1132,2021-10-20 07:15:59,78700.0,100.0,4498500.0
1133,2021-10-20 07:15:59,78700.0,600.0,4498400.0
1134,2021-10-20 07:15:59,78700.0,1000.0,4497800.0
1135,2021-10-20 07:15:58,78700.0,3600.0,4496800.0
1136,2021-10-20 07:15:55,78800.0,100.0,4493200.0
1137,2021-10-20 07:15:54,78800.0,6400.0,4493100.0
1138,2021-10-20 07:15:52,78800.0,100.0,4486700.0
1139,2021-10-20 07:15:48,78800.0,500.0,4486600.0
1140,2021-10-20 07:15:47,78800.0,100.0,4486100.0
1141,2021-10-20 07:15:45,78800.0,300.0,4486000.0
1142,2021-10-20 07:15:40,78700.0,600.0,4485700.0
1143,2021-10-20 07:15:40,78700.0,200.0,4485100.0
1144,2021-10-20 07:15:40,78700.0,2500.0,4484900.0
1145,2021-10-20 07:15:40,78700.0,21700.0,4482400.0
1146,2021-10-20 07:15:40,78700.0,500.0,4460700.0
1147,2021-10-20 07:15:39,78700.0,200.0,4460200.0
1148,2021-10-20 07:15:38,78800.0,100.0,4460000.0
1149,2021-10-20 07:15:34,78700.0,500.0,4459900.0
1150,2021-10-20 07:15:31,78700.0,100.0,4459400.0
1151,2021-10-20 07:15:30,78800.0,100.0,4459300.0
1152,2021-10-20 07:15:30,78700.0,2000.0,4459200.0
1153,2021-10-20 07:15:26,78700.0,200.0,4457200.0
1154,2021-10-20 07:15:25,78700.0,300.0,4457000.0
1155,2021-10-20 07:15:22,78800.0,100.0,4456700.0
1156,2021-10-20 07:15:22,78700.0,100.0,4456600.0
1157,2021-10-20 07:15:17,78700.0,1000.0,4456500.0
1158,2021-10-20 07:15:15,78800.0,100.0,4455500.0
1159,2021-10-20 07:15:13,78800.0,1000.0,4455400.0
1160,2021-10-20 07:15:13,78700.0,500.0,4454400.0
1161,2021-10-20 07:15:08,78700.0,1000.0,4453900.0
1162,2021-10-20 07:15:06,78800.0,100.0,4452900.0
1163,2021-10-20 07:15:06,78700.0,1200.0,4452800.0
1164,2021-10-20 07:14:58,78700.0,1000.0,4451600.0
1165,2021-10-20 07:14:58,78700.0,500.0,4450600.0
1166,2021-10-20 07:14:58,78700.0,500.0,4450100.0
1167,2021-10-20 07:14:58,78700.0,1300.0,4449600.0
1168,2021-10-20 07:14:58,78700.0,2600.0,4448300.0
1169,2021-10-20 07:14:58,78700.0,2800.0,4445700.0
1170,2021-10-20 07:14:58,78700.0,100.0,4442900.0
1171,2021-10-20 07:14:57,78700.0,100.0,4442800.0
1172,2021-10-20 07:14:55,78600.0,100.0,4442700.0
1173,2021-10-20 07:14:49,78700.0,100.0,4442600.0
1174,2021-10-20 07:14:47,78600.0,1500.0,4442500.0
1175,2021-10-20 07:14:42,78600.0,2000.0,4441000.0
1176,2021-10-20 07:14:42,78700.0,100.0,4439000.0
1177,2021-10-20 07:14:33,78600.0,200.0,4438900.0
1178,2021-10-20 07:14:33,78700.0,100.0,4438700.0
1179,2021-10-20 07:14:24,78800.0,100.0,4438600.0
1180,2021-10-20 07:14:23,78600.0,100.0,4438500.0
1181,2021-10-20 07:14:21,78600.0,6600.0,4438400.0
1182,2021-10-20 07:14:19,78600.0,200.0,4431800.0
1183,2021-10-20 07:14:16,78800.0,100.0,4431600.0
1184,2021-10-20 07:14:14,78700.0,100.0,4431500.0
1185,2021-10-20 07:14:14,78700.0,300.0,4431400.0
1186,2021-10-20 07:14:14,78600.0,1000.0,4431100.0
1187,2021-10-20 07:14:13,78700.0,1700.0,4430100.0
1188,2021-10-20 07:14:13,78700.0,100.0,4428400.0
1189,2021-10-20 07:14:13,78700.0,1000.0,4428300.0
1190,2021-10-20 07:14:13,78700.0,100.0,4427300.0
1191,2021-10-20 07:14:13,78700.0,7100.0,4427200.0
1192,2021-10-20 07:14:13,78600.0,800.0,4420100.0
1193,2021-10-20 07:14:13,78600.0,200.0,4419300.0
1194,2021-10-20 07:14:11,78600.0,300.0,4419100.0
1195,2021-10-20 07:14:11,78600.0,100.0,4418800.0
1196,2021-10-20 07:14:08,78700.0,100.0,4418700.0
1197,2021-10-20 07:14:05,78700.0,500.0,4418600.0
1198,2021-10-20 07:14:01,78700.0,10000.0,4418100.0
1199,2021-10-20 07:14:00,78700.0,100.0,4408100.0
1200,2021-10-20 07:13:56,78700.0,500.0,4408000.0
1201,2021-10-20 07:13:51,78700.0,100.0,4407500.0
1202,2021-10-20 07:13:45,78700.0,500.0,4407400.0
1203,2021-10-20 07:13:43,78700.0,100.0,4406900.0
1204,2021-10-20 07:13:42,78700.0,1000.0,4406800.0
1205,2021-10-20 07:13:36,78600.0,300.0,4405800.0
1206,2021-10-20 07:13:36,78600.0,1000.0,4405500.0
1207,2021-10-20 07:13:36,78700.0,200.0,4404500.0
1208,2021-10-20 07:13:35,78800.0,100.0,4404300.0
1209,2021-10-20 07:13:34,78600.0,2000.0,4404200.0
1210,2021-10-20 07:13:34,78600.0,100.0,4402200.0
1211,2021-10-20 07:13:34,78600.0,100.0,4402100.0
1212,2021-10-20 07:13:34,78600.0,100.0,4402000.0
1213,2021-10-20 07:13:34,78600.0,100.0,4401900.0
1214,2021-10-20 07:13:34,78600.0,100.0,4401800.0
1215,2021-10-20 07:13:34,78600.0,100.0,4401700.0
1216,2021-10-20 07:13:34,78600.0,300.0,4401600.0
1217,2021-10-20 07:13:34,78600.0,1000.0,4401300.0
1218,2021-10-20 07:13:34,78600.0,400.0,4400300.0
1219,2021-10-20 07:13:34,78600.0,100.0,4399900.0
1220,2021-10-20 07:13:34,78600.0,2000.0,4399800.0
1221,2021-10-20 07:13:34,78600.0,100.0,4397800.0
1222,2021-10-20 07:13:34,78600.0,100.0,4397700.0
1223,2021-10-20 07:13:34,78600.0,2000.0,4397600.0
1224,2021-10-20 07:13:34,78600.0,100.0,4395600.0
1225,2021-10-20 07:13:34,78600.0,100.0,4395500.0
1226,2021-10-20 07:13:34,78600.0,100.0,4395400.0
1227,2021-10-20 07:13:34,78600.0,100.0,4395300.0
1228,2021-10-20 07:13:34,78600.0,400.0,4395200.0
1229,2021-10-20 07:13:34,78600.0,1000.0,4394800.0
1230,2021-10-20 07:13:34,78600.0,200.0,4393800.0
1231,2021-10-20 07:13:34,78600.0,1000.0,4393600.0
1232,2021-10-20 07:13:34,78600.0,100.0,4392600.0
1233,2021-10-20 07:13:34,78600.0,1600.0,4392500.0
1234,2021-10-20 07:13:34,78600.0,200.0,4390900.0
1235,2021-10-20 07:13:34,78600.0,100.0,4390700.0
1236,2021-10-20 07:13:34,78600.0,200.0,4390600.0
1237,2021-10-20 07:13:34,78600.0,500.0,4390400.0
1238,2021-10-20 07:13:34,78600.0,2000.0,4389900.0
1239,2021-10-20 07:13:34,78600.0,100.0,4387900.0
1240,2021-10-20 07:13:34,78600.0,200.0,4387800.0
1241,2021-10-20 07:13:34,78600.0,100.0,4387600.0
1242,2021-10-20 07:13:34,78600.0,100.0,4387500.0
1243,2021-10-20 07:13:34,78600.0,300.0,4387400.0
1244,2021-10-20 07:13:34,78600.0,100.0,4387100.0
1245,2021-10-20 07:13:34,78600.0,100.0,4387000.0
1246,2021-10-20 07:13:34,78600.0,100.0,4386900.0
1247,2021-10-20 07:13:34,78600.0,500.0,4386800.0
1248,2021-10-20 07:13:34,78600.0,1000.0,4386300.0
1249,2021-10-20 07:13:34,78600.0,100.0,4385300.0
1250,2021-10-20 07:13:34,78600.0,1000.0,4385200.0
1251,2021-10-20 07:13:34,78600.0,100.0,4384200.0
1252,2021-10-20 07:13:34,78600.0,100.0,4384100.0
1253,2021-10-20 07:13:34,78700.0,100.0,4384000.0
1254,2021-10-20 07:13:34,78700.0,100.0,4383900.0
1255,2021-10-20 07:13:34,78700.0,200.0,4383800.0
1256,2021-10-20 07:13:34,78700.0,2000.0,4383600.0
1257,2021-10-20 07:13:34,78700.0,200.0,4381600.0
1258,2021-10-20 07:13:34,78700.0,500.0,4381400.0
1259,2021-10-20 07:13:34,78700.0,300.0,4380900.0
1260,2021-10-20 07:13:34,78700.0,200.0,4380600.0
1261,2021-10-20 07:13:34,78700.0,700.0,4380400.0
1262,2021-10-20 07:13:34,78700.0,500.0,4379700.0
1263,2021-10-20 07:13:34,78700.0,100.0,4379200.0
1264,2021-10-20 07:13:34,78700.0,300.0,4379100.0
1265,2021-10-20 07:13:34,78700.0,100.0,4378800.0
1266,2021-10-20 07:13:34,78700.0,100.0,4378700.0
1267,2021-10-20 07:13:34,78700.0,100.0,4378600.0
1268,2021-10-20 07:13:34,78700.0,300.0,4378500.0
1269,2021-10-20 07:13:34,78700.0,100.0,4378200.0
1270,2021-10-20 07:13:34,78700.0,100.0,4378100.0
1271,2021-10-20 07:13:34,78700.0,100.0,4378000.0
1272,2021-10-20 07:13:34,78700.0,700.0,4377900.0
1273,2021-10-20 07:13:34,78700.0,500.0,4377200.0
1274,2021-10-20 07:13:27,78800.0,100.0,4376700.0
1275,2021-10-20 07:13:27,78700.0,300.0,4376600.0
1276,2021-10-20 07:13:18,78700.0,200.0,4376300.0
1277,2021-10-20 07:13:18,78800.0,100.0,4376100.0
1278,2021-10-20 07:13:15,78700.0,300.0,4376000.0
1279,2021-10-20 07:13:15,78700.0,100.0,4375700.0
1280,2021-10-20 07:13:15,78700.0,100.0,4375600.0
1281,2021-10-20 07:13:15,78700.0,100.0,4375500.0
1282,2021-10-20 07:13:15,78700.0,100.0,4375400.0
1283,2021-10-20 07:13:15,78700.0,1000.0,4375300.0
1284,2021-10-20 07:13:15,78700.0,100.0,4374300.0
1285,2021-10-20 07:13:15,78700.0,200.0,4374200.0
1286,2021-10-20 07:13:15,78700.0,100.0,4374000.0
1287,2021-10-20 07:13:15,78700.0,200.0,4373900.0
1288,2021-10-20 07:13:15,78700.0,100.0,4373700.0
1289,2021-10-20 07:13:15,78700.0,200.0,4373600.0
1290,2021-10-20 07:13:15,78700.0,200.0,4373400.0
1291,2021-10-20 07:13:15,78700.0,100.0,4373200.0
1292,2021-10-20 07:13:15,78700.0,100.0,4373100.0
1293,2021-10-20 07:13:15,78700.0,100.0,4373000.0
1294,2021-10-20 07:13:15,78700.0,100.0,4372900.0
1295,2021-10-20 07:13:15,78700.0,100.0,4372800.0
1296,2021-10-20 07:13:15,78700.0,100.0,4372700.0
1297,2021-10-20 07:13:15,78700.0,1000.0,4372600.0
1298,2021-10-20 07:13:15,78700.0,600.0,4371600.0
1299,2021-10-20 07:13:15,78700.0,1000.0,4371000.0
1300,2021-10-20 07:13:15,78700.0,1000.0,4370000.0
1301,2021-10-20 07:13:15,78700.0,100.0,4369000.0
1302,2021-10-20 07:13:15,78700.0,100.0,4368900.0
1303,2021-10-20 07:13:15,78700.0,1000.0,4368800.0
1304,2021-10-20 07:13:15,78700.0,100.0,4367800.0
1305,2021-10-20 07:13:15,78700.0,1000.0,4367700.0
1306,2021-10-20 07:13:15,78700.0,100.0,4366700.0
1307,2021-10-20 07:13:15,78700.0,100.0,4366600.0
1308,2021-10-20 07:13:15,78700.0,7000.0,4366500.0
1309,2021-10-20 07:13:15,78700.0,100.0,4359500.0
1310,2021-10-20 07:13:15,78700.0,200.0,4359400.0
1311,2021-10-20 07:13:15,78700.0,1000.0,4359200.0
1312,2021-10-20 07:13:15,78700.0,200.0,4358200.0
1313,2021-10-20 07:13:15,78700.0,500.0,4358000.0
1314,2021-10-20 07:13:15,78700.0,100.0,4357500.0
1315,2021-10-20 07:13:15,78700.0,100.0,4357400.0
1316,2021-10-20 07:13:15,78700.0,100.0,4357300.0
1317,2021-10-20 07:13:15,78700.0,11200.0,4357200.0
1318,2021-10-20 07:13:14,78700.0,100.0,4346000.0
1319,2021-10-20 07:13:11,78800.0,100.0,4345900.0
1320,2021-10-20 07:13:07,78800.0,200.0,4345800.0
1321,2021-10-20 07:13:06,78800.0,30000.0,4345600.0
1322,2021-10-20 07:13:06,78700.0,3700.0,4315600.0
1323,2021-10-20 07:13:06,78700.0,200.0,4311900.0
1324,2021-10-20 07:13:06,78700.0,1000.0,4311700.0
1325,2021-10-20 07:13:06,78700.0,100.0,4310700.0
1326,2021-10-20 07:13:06,78700.0,1000.0,4310600.0
1327,2021-10-20 07:13:06,78700.0,1000.0,4309600.0
1328,2021-10-20 07:13:06,78700.0,100.0,4308600.0
1329,2021-10-20 07:13:06,78700.0,1600.0,4308500.0
1330,2021-10-20 07:13:03,78700.0,1400.0,4306900.0
1331,2021-10-20 07:13:03,78700.0,100.0,4305500.0
1332,2021-10-20 07:13:02,78800.0,100.0,4305400.0
1333,2021-10-20 07:13:01,78800.0,100.0,4305300.0
1334,2021-10-20 07:13:01,78800.0,100.0,4305200.0
1335,2021-10-20 07:13:01,78800.0,100.0,4305100.0
1336,2021-10-20 07:13:01,78800.0,200.0,4305000.0
1337,2021-10-20 07:13:01,78800.0,100.0,4304800.0
1338,2021-10-20 07:13:01,78800.0,100.0,4304700.0
1339,2021-10-20 07:13:01,78800.0,100.0,4304600.0
1340,2021-10-20 07:13:01,78800.0,100.0,4304500.0
1341,2021-10-20 07:13:01,78800.0,600.0,4304400.0
1342,2021-10-20 07:13:01,78800.0,200.0,4303800.0
1343,2021-10-20 07:13:01,78800.0,1000.0,4303600.0
1344,2021-10-20 07:13:01,78800.0,100.0,4302600.0
1345,2021-10-20 07:13:01,78800.0,100.0,4302500.0
1346,2021-10-20 07:13:01,78800.0,100.0,4302400.0
1347,2021-10-20 07:13:01,78800.0,100.0,4302300.0
1348,2021-10-20 07:13:01,78800.0,100.0,4302200.0
1349,2021-10-20 07:13:01,78800.0,100.0,4302100.0
1350,2021-10-20 07:13:01,78800.0,100.0,4302000.0
1351,2021-10-20 07:13:01,78800.0,5000.0,4301900.0
1352,2021-10-20 07:13:01,78800.0,100.0,4296900.0
1353,2021-10-20 07:13:01,78800.0,1000.0,4296800.0
1354,2021-10-20 07:13:01,78800.0,200.0,4295800.0
1355,2021-10-20 07:13:01,78800.0,200.0,4295600.0
1356,2021-10-20 07:13:01,78800.0,200.0,4295400.0
1357,2021-10-20 07:13:01,78800.0,400.0,4295200.0
1358,2021-10-20 07:13:01,78800.0,300.0,4294800.0
1359,2021-10-20 07:13:01,78800.0,500.0,4294500.0
1360,2021-10-20 07:13:01,78800.0,400.0,4294000.0
1361,2021-10-20 07:13:01,78800.0,500.0,4293600.0
1362,2021-10-20 07:13:01,78800.0,500.0,4293100.0
1363,2021-10-20 07:13:01,78800.0,200.0,4292600.0
1364,2021-10-20 07:13:01,78800.0,10700.0,4292400.0
1365,2021-10-20 07:13:01,78800.0,25000.0,4281700.0
1366,2021-10-20 07:13:01,78800.0,500.0,4256700.0
1367,2021-10-20 07:13:00,78800.0,5000.0,4256200.0
1368,2021-10-20 07:12:59,78800.0,5000.0,4251200.0
1369,2021-10-20 07:12:59,78800.0,200.0,4246200.0
1370,2021-10-20 07:12:58,78800.0,25000.0,4246000.0
1371,2021-10-20 07:12:57,78800.0,30000.0,4221000.0
1372,2021-10-20 07:12:56,78800.0,20000.0,4191000.0
1373,2021-10-20 07:12:54,78900.0,100.0,4171000.0
1374,2021-10-20 07:12:53,78800.0,30000.0,4170900.0
1375,2021-10-20 07:12:53,78800.0,100.0,4140900.0
1376,2021-10-20 07:12:48,78800.0,27500.0,4140800.0
1377,2021-10-20 07:12:47,78800.0,100.0,4113300.0
1378,2021-10-20 07:12:46,78800.0,100.0,4113200.0
1379,2021-10-20 07:12:45,78900.0,100.0,4113100.0
1380,2021-10-20 07:12:45,78800.0,2000.0,4113000.0
1381,2021-10-20 07:12:45,78800.0,1200.0,4111000.0
1382,2021-10-20 07:12:45,78800.0,600.0,4109800.0
1383,2021-10-20 07:12:42,78800.0,2000.0,4109200.0
1384,2021-10-20 07:12:42,78800.0,3000.0,4107200.0
1385,2021-10-20 07:12:41,78800.0,10000.0,4104200.0
1386,2021-10-20 07:12:37,78800.0,100.0,4094200.0
1387,2021-10-20 07:12:37,78900.0,100.0,4094100.0
1388,2021-10-20 07:12:33,78800.0,1900.0,4094000.0
1389,2021-10-20 07:12:33,78800.0,100.0,4092100.0
1390,2021-10-20 07:12:33,78800.0,1000.0,4092000.0
1391,2021-10-20 07:12:33,78800.0,100.0,4091000.0
1392,2021-10-20 07:12:33,78800.0,100.0,4090900.0
1393,2021-10-20 07:12:33,78800.0,100.0,4090800.0
1394,2021-10-20 07:12:33,78800.0,100.0,4090700.0
1395,2021-10-20 07:12:33,78800.0,100.0,4090600.0
1396,2021-10-20 07:12:33,78800.0,300.0,4090500.0
1397,2021-10-20 07:12:33,78800.0,100.0,4090200.0
1398,2021-10-20 07:12:33,78800.0,100.0,4090100.0
1399,2021-10-20 07:12:33,78800.0,200.0,4090000.0
1400,2021-10-20 07:12:33,78800.0,100.0,4089800.0
1401,2021-10-20 07:12:33,78800.0,200.0,4089700.0
1402,2021-10-20 07:12:33,78800.0,100.0,4089500.0
1403,2021-10-20 07:12:33,78800.0,100.0,4089400.0
1404,2021-10-20 07:12:33,78800.0,100.0,4089300.0
1405,2021-10-20 07:12:33,78800.0,100.0,4089200.0
1406,2021-10-20 07:12:33,78800.0,200.0,4089100.0
1407,2021-10-20 07:12:33,78800.0,300.0,4088900.0
1408,2021-10-20 07:12:33,78800.0,100.0,4088600.0
1409,2021-10-20 07:12:33,78800.0,200.0,4088500.0
1410,2021-10-20 07:12:33,78800.0,500.0,4088300.0
1411,2021-10-20 07:12:33,78800.0,500.0,4087800.0
1412,2021-10-20 07:12:33,78800.0,200.0,4087300.0
1413,2021-10-20 07:12:33,78800.0,100.0,4087100.0
1414,2021-10-20 07:12:33,78800.0,100.0,4087000.0
1415,2021-10-20 07:12:33,78800.0,100.0,4086900.0
1416,2021-10-20 07:12:33,78800.0,100.0,4086800.0
1417,2021-10-20 07:12:33,78800.0,100.0,4086700.0
1418,2021-10-20 07:12:33,78800.0,100.0,4086600.0
1419,2021-10-20 07:12:33,78800.0,200.0,4086500.0
1420,2021-10-20 07:12:33,78800.0,500.0,4086300.0
1421,2021-10-20 07:12:33,78800.0,300.0,4085800.0
1422,2021-10-20 07:12:33,78800.0,100.0,4085500.0
1423,2021-10-20 07:12:33,78800.0,100.0,4085400.0
1424,2021-10-20 07:12:33,78800.0,1000.0,4085300.0
1425,2021-10-20 07:12:33,78800.0,100.0,4084300.0
1426,2021-10-20 07:12:33,78800.0,100.0,4084200.0
1427,2021-10-20 07:12:33,78800.0,100.0,4084100.0
1428,2021-10-20 07:12:29,78900.0,100.0,4084000.0
1429,2021-10-20 07:12:21,78900.0,100.0,4083900.0
1430,2021-10-20 07:12:20,78800.0,200.0,4083800.0
1431,2021-10-20 07:12:20,78800.0,100.0,4083600.0
1432,2021-10-20 07:12:20,78800.0,2000.0,4083500.0
1433,2021-10-20 07:12:20,78800.0,500.0,4081500.0
1434,2021-10-20 07:12:20,78800.0,200.0,4081000.0
1435,2021-10-20 07:12:20,78800.0,100.0,4080800.0
1436,2021-10-20 07:12:20,78800.0,100.0,4080700.0
1437,2021-10-20 07:12:20,78800.0,100.0,4080600.0
1438,2021-10-20 07:12:20,78800.0,100.0,4080500.0
1439,2021-10-20 07:12:20,78800.0,3000.0,4080400.0
1440,2021-10-20 07:12:20,78800.0,1400.0,4077400.0
1441,2021-10-20 07:12:20,78800.0,100.0,4076000.0
1442,2021-10-20 07:12:20,78800.0,100.0,4075900.0
1443,2021-10-20 07:12:20,78800.0,100.0,4075800.0
1444,2021-10-20 07:12:20,78800.0,200.0,4075700.0
1445,2021-10-20 07:12:20,78800.0,100.0,4075500.0
1446,2021-10-20 07:12:20,78800.0,100.0,4075400.0
1447,2021-10-20 07:12:20,78800.0,100.0,4075300.0
1448,2021-10-20 07:12:20,78800.0,300.0,4075200.0
1449,2021-10-20 07:12:20,78800.0,500.0,4074900.0
1450,2021-10-20 07:12:20,78800.0,100.0,4074400.0
1451,2021-10-20 07:12:20,78800.0,200.0,4074300.0
1452,2021-10-20 07:12:20,78800.0,100.0,4074100.0
1453,2021-10-20 07:12:20,78800.0,100.0,4074000.0
1454,2021-10-20 07:12:20,78800.0,100.0,4073900.0
1455,2021-10-20 07:12:20,78800.0,1000.0,4073800.0
1456,2021-10-20 07:12:20,78800.0,100.0,4072800.0
1457,2021-10-20 07:12:20,78800.0,100.0,4072700.0
1458,2021-10-20 07:12:20,78800.0,200.0,4072600.0
1459,2021-10-20 07:12:20,78800.0,100.0,4072400.0
1460,2021-10-20 07:12:20,78800.0,200.0,4072300.0
1461,2021-10-20 07:12:20,78800.0,100.0,4072100.0
1462,2021-10-20 07:12:20,78800.0,100.0,4072000.0
1463,2021-10-20 07:12:20,78800.0,100.0,4071900.0
1464,2021-10-20 07:12:20,78800.0,500.0,4071800.0
1465,2021-10-20 07:12:20,78800.0,2000.0,4071300.0
1466,2021-10-20 07:12:20,78800.0,200.0,4069300.0
1467,2021-10-20 07:12:20,78800.0,100.0,4069100.0
1468,2021-10-20 07:12:20,78800.0,200.0,4069000.0
1469,2021-10-20 07:12:20,78800.0,100.0,4068800.0
1470,2021-10-20 07:12:20,78800.0,100.0,4068700.0
1471,2021-10-20 07:12:20,78800.0,200.0,4068600.0
1472,2021-10-20 07:12:20,78800.0,100.0,4068400.0
1473,2021-10-20 07:12:20,78800.0,100.0,4068300.0
1474,2021-10-20 07:12:20,78800.0,100.0,4068200.0
1475,2021-10-20 07:12:20,78800.0,100.0,4068100.0
1476,2021-10-20 07:12:20,78800.0,200.0,4068000.0
1477,2021-10-20 07:12:20,78800.0,100.0,4067800.0
1478,2021-10-20 07:12:20,78800.0,200.0,4067700.0
1479,2021-10-20 07:12:20,78800.0,100.0,4067500.0
1480,2021-10-20 07:12:20,78800.0,1000.0,4067400.0
1481,2021-10-20 07:12:20,78800.0,100.0,4066400.0
1482,2021-10-20 07:12:20,78800.0,200.0,4066300.0
1483,2021-10-20 07:12:20,78800.0,200.0,4066100.0
1484,2021-10-20 07:12:20,78800.0,1000.0,4065900.0
1485,2021-10-20 07:12:20,78800.0,100.0,4064900.0
1486,2021-10-20 07:12:20,78800.0,100.0,4064800.0
1487,2021-10-20 07:12:20,78800.0,200.0,4064700.0
1488,2021-10-20 07:12:20,78800.0,500.0,4064500.0
1489,2021-10-20 07:12:20,78800.0,200.0,4064000.0
1490,2021-10-20 07:12:17,78800.0,300.0,4063800.0
1491,2021-10-20 07:12:17,78800.0,100.0,4063500.0
1492,2021-10-20 07:12:17,78800.0,100.0,4063400.0
1493,2021-10-20 07:12:17,78800.0,500.0,4063300.0
1494,2021-10-20 07:12:16,78800.0,200.0,4062800.0
1495,2021-10-20 07:12:14,78900.0,100.0,4062600.0
1496,2021-10-20 07:12:12,78800.0,500.0,4062500.0
1497,2021-10-20 07:12:07,78800.0,300.0,4062000.0
1498,2021-10-20 07:12:07,78800.0,200.0,4061700.0
1499,2021-10-20 07:12:07,78800.0,100.0,4061500.0
1500,2021-10-20 07:12:07,78800.0,500.0,4061400.0
1501,2021-10-20 07:12:07,78800.0,200.0,4060900.0
1502,2021-10-20 07:12:07,78800.0,100.0,4060700.0
1503,2021-10-20 07:12:07,78800.0,100.0,4060600.0
1504,2021-10-20 07:12:07,78800.0,500.0,4060500.0
1505,2021-10-20 07:12:07,78800.0,2000.0,4060000.0
1506,2021-10-20 07:12:07,78800.0,200.0,4058000.0
1507,2021-10-20 07:12:07,78800.0,500.0,4057800.0
1508,2021-10-20 07:12:07,78800.0,100.0,4057300.0
1509,2021-10-20 07:12:07,78800.0,200.0,4057200.0
1510,2021-10-20 07:12:07,78800.0,200.0,4057000.0
1511,2021-10-20 07:12:07,78800.0,100.0,4056800.0
1512,2021-10-20 07:12:07,78800.0,500.0,4056700.0
1513,2021-10-20 07:12:07,78800.0,10000.0,4056200.0
1514,2021-10-20 07:12:07,78800.0,5000.0,4046200.0
1515,2021-10-20 07:12:07,78800.0,100.0,4041200.0
1516,2021-10-20 07:12:07,78800.0,100.0,4041100.0
1517,2021-10-20 07:12:07,78800.0,100.0,4041000.0
1518,2021-10-20 07:12:07,78800.0,500.0,4040900.0
1519,2021-10-20 07:12:07,78800.0,500.0,4040400.0
1520,2021-10-20 07:12:07,78800.0,100.0,4039900.0
1521,2021-10-20 07:12:07,78800.0,100.0,4039800.0
1522,2021-10-20 07:12:07,78800.0,100.0,4039700.0
1523,2021-10-20 07:12:07,78800.0,2600.0,4039600.0
1524,2021-10-20 07:12:06,78900.0,200.0,4037000.0
1525,2021-10-20 07:12:04,78900.0,100.0,4036800.0
1526,2021-10-20 07:12:02,78800.0,500.0,4036700.0
1527,2021-10-20 07:11:57,78900.0,100.0,4036200.0
1528,2021-10-20 07:11:54,78900.0,1400.0,4036100.0
1529,2021-10-20 07:11:54,78900.0,200.0,4034700.0
1530,2021-10-20 07:11:54,78900.0,300.0,4034500.0
1531,2021-10-20 07:11:54,78900.0,5000.0,4034200.0
1532,2021-10-20 07:11:54,78900.0,1000.0,4029200.0
1533,2021-10-20 07:11:54,78900.0,400.0,4028200.0
1534,2021-10-20 07:11:54,78900.0,2000.0,4027800.0
1535,2021-10-20 07:11:54,78900.0,2100.0,4025800.0
1536,2021-10-20 07:11:54,78900.0,7600.0,4023700.0
1537,2021-10-20 07:11:48,78900.0,100.0,4016100.0
1538,2021-10-20 07:11:41,78800.0,100.0,4016000.0
1539,2021-10-20 07:11:41,78900.0,100.0,4015900.0
1540,2021-10-20 07:11:38,78900.0,1000.0,4015800.0
1541,2021-10-20 07:11:38,78900.0,500.0,4014800.0
1542,2021-10-20 07:11:38,78900.0,200.0,4014300.0
1543,2021-10-20 07:11:38,78900.0,100.0,4014100.0
1544,2021-10-20 07:11:38,78900.0,30000.0,4014000.0
1545,2021-10-20 07:11:38,78900.0,1000.0,3984000.0
1546,2021-10-20 07:11:38,78900.0,500.0,3983000.0
1547,2021-10-20 07:11:38,78900.0,100.0,3982500.0
1548,2021-10-20 07:11:38,78900.0,4000.0,3982400.0
1549,2021-10-20 07:11:37,78900.0,600.0,3978400.0
1550,2021-10-20 07:11:37,78900.0,400.0,3977800.0
1551,2021-10-20 07:11:37,78900.0,100.0,3977400.0
1552,2021-10-20 07:11:37,78900.0,2500.0,3977300.0
1553,2021-10-20 07:11:31,79000.0,100.0,3974800.0
1554,2021-10-20 07:11:31,78900.0,20000.0,3974700.0
1555,2021-10-20 07:11:29,78900.0,500.0,3954700.0
1556,2021-10-20 07:11:29,78900.0,1700.0,3954200.0
1557,2021-10-20 07:11:23,79000.0,100.0,3952500.0
1558,2021-10-20 07:11:23,78900.0,100.0,3952400.0
1559,2021-10-20 07:11:23,78900.0,200.0,3952300.0
1560,2021-10-20 07:11:21,78900.0,300.0,3952100.0
1561,2021-10-20 07:11:19,78900.0,300.0,3951800.0
1562,2021-10-20 07:11:18,78900.0,4400.0,3951500.0
1563,2021-10-20 07:11:18,78900.0,100.0,3947100.0
1564,2021-10-20 07:11:18,78900.0,500.0,3947000.0
1565,2021-10-20 07:11:18,78900.0,100.0,3946500.0
1566,2021-10-20 07:11:18,78900.0,14900.0,3946400.0
1567,2021-10-20 07:11:17,78900.0,2700.0,3931500.0
1568,2021-10-20 07:11:16,78900.0,300.0,3928800.0
1569,2021-10-20 07:11:16,79000.0,100.0,3928500.0
1570,2021-10-20 07:11:15,78900.0,300.0,3928400.0
1571,2021-10-20 07:11:12,78900.0,300.0,3928100.0
1572,2021-10-20 07:11:08,78900.0,300.0,3927800.0
1573,2021-10-20 07:11:07,79000.0,100.0,3927500.0
1574,2021-10-20 07:11:07,78900.0,4900.0,3927400.0
1575,2021-10-20 07:11:06,78900.0,100.0,3922500.0
1576,2021-10-20 07:11:05,78900.0,2000.0,3922400.0
1577,2021-10-20 07:11:05,78900.0,300.0,3920400.0
1578,2021-10-20 07:11:05,78900.0,3900.0,3920100.0
1579,2021-10-20 07:11:05,78900.0,100.0,3916200.0
1580,2021-10-20 07:11:05,78900.0,100.0,3916100.0
1581,2021-10-20 07:11:05,78900.0,100.0,3916000.0
1582,2021-10-20 07:11:05,78900.0,100.0,3915900.0
1583,2021-10-20 07:11:05,78900.0,100.0,3915800.0
1584,2021-10-20 07:11:05,78900.0,300.0,3915700.0
1585,2021-10-20 07:11:05,78900.0,100.0,3915400.0
1586,2021-10-20 07:11:05,78900.0,100.0,3915300.0
1587,2021-10-20 07:11:05,78900.0,100.0,3915200.0
1588,2021-10-20 07:11:05,78900.0,500.0,3915100.0
1589,2021-10-20 07:11:05,78900.0,800.0,3914600.0
1590,2021-10-20 07:11:05,78900.0,1000.0,3913800.0
1591,2021-10-20 07:11:01,78900.0,600.0,3912800.0
1592,2021-10-20 07:11:01,78900.0,300.0,3912200.0
1593,2021-10-20 07:11:01,78900.0,1900.0,3911900.0
1594,2021-10-20 07:11:01,78900.0,200.0,3910000.0
1595,2021-10-20 07:11:00,78900.0,300.0,3909800.0
1596,2021-10-20 07:10:58,79000.0,100.0,3909500.0
1597,2021-10-20 07:10:58,78900.0,1600.0,3909400.0
1598,2021-10-20 07:10:57,78900.0,1000.0,3907800.0
1599,2021-10-20 07:10:56,78900.0,300.0,3906800.0
1600,2021-10-20 07:10:55,78900.0,26600.0,3906500.0
1601,2021-10-20 07:10:55,78900.0,100.0,3879900.0
1602,2021-10-20 07:10:55,78900.0,200.0,3879800.0
1603,2021-10-20 07:10:55,78900.0,500.0,3879600.0
1604,2021-10-20 07:10:55,78900.0,1200.0,3879100.0
1605,2021-10-20 07:10:51,78900.0,100.0,3877900.0
1606,2021-10-20 07:10:50,79000.0,100.0,3877800.0
1607,2021-10-20 07:10:43,78900.0,300.0,3877700.0
1608,2021-10-20 07:10:42,79000.0,100.0,3877400.0
1609,2021-10-20 07:10:40,78900.0,100.0,3877300.0
1610,2021-10-20 07:10:40,78900.0,900.0,3877200.0
1611,2021-10-20 07:10:40,78900.0,200.0,3876300.0
1612,2021-10-20 07:10:40,78900.0,100.0,3876100.0
1613,2021-10-20 07:10:40,78900.0,200.0,3876000.0
1614,2021-10-20 07:10:40,78900.0,500.0,3875800.0
1615,2021-10-20 07:10:40,78900.0,100.0,3875300.0
1616,2021-10-20 07:10:40,78900.0,100.0,3875200.0
1617,2021-10-20 07:10:40,78900.0,200.0,3875100.0
1618,2021-10-20 07:10:40,78900.0,400.0,3874900.0
1619,2021-10-20 07:10:40,78900.0,1100.0,3874500.0
1620,2021-10-20 07:10:40,78900.0,100.0,3873400.0
1621,2021-10-20 07:10:40,78900.0,100.0,3873300.0
1622,2021-10-20 07:10:40,78900.0,500.0,3873200.0
1623,2021-10-20 07:10:40,78900.0,400.0,3872700.0
1624,2021-10-20 07:10:40,78900.0,100.0,3872300.0
1625,2021-10-20 07:10:40,78900.0,1000.0,3872200.0
1626,2021-10-20 07:10:40,78900.0,200.0,3871200.0
1627,2021-10-20 07:10:40,78900.0,500.0,3871000.0
1628,2021-10-20 07:10:40,78900.0,100.0,3870500.0
1629,2021-10-20 07:10:40,78900.0,100.0,3870400.0
1630,2021-10-20 07:10:40,78900.0,200.0,3870300.0
1631,2021-10-20 07:10:40,78900.0,200.0,3870100.0
1632,2021-10-20 07:10:40,78900.0,300.0,3869900.0
1633,2021-10-20 07:10:40,78900.0,300.0,3869600.0
1634,2021-10-20 07:10:40,78900.0,1600.0,3869300.0
1635,2021-10-20 07:10:40,78900.0,500.0,3867700.0
1636,2021-10-20 07:10:40,78900.0,2000.0,3867200.0
1637,2021-10-20 07:10:40,78900.0,300.0,3865200.0
1638,2021-10-20 07:10:40,78900.0,100.0,3864900.0
1639,2021-10-20 07:10:40,78900.0,400.0,3864800.0
1640,2021-10-20 07:10:40,78900.0,1600.0,3864400.0
1641,2021-10-20 07:10:40,78900.0,300.0,3862800.0
1642,2021-10-20 07:10:40,78900.0,200.0,3862500.0
1643,2021-10-20 07:10:40,78900.0,100.0,3862300.0
1644,2021-10-20 07:10:40,78900.0,100.0,3862200.0
1645,2021-10-20 07:10:40,78900.0,500.0,3862100.0
1646,2021-10-20 07:10:40,78900.0,100.0,3861600.0
1647,2021-10-20 07:10:40,78900.0,100.0,3861500.0
1648,2021-10-20 07:10:40,78900.0,500.0,3861400.0
1649,2021-10-20 07:10:40,78900.0,300.0,3860900.0
1650,2021-10-20 07:10:40,78900.0,1600.0,3860600.0
1651,2021-10-20 07:10:40,78900.0,200.0,3859000.0
1652,2021-10-20 07:10:40,78900.0,100.0,3858800.0
1653,2021-10-20 07:10:40,78900.0,100.0,3858700.0
1654,2021-10-20 07:10:40,78900.0,1000.0,3858600.0
1655,2021-10-20 07:10:40,78900.0,200.0,3857600.0
1656,2021-10-20 07:10:40,78900.0,100.0,3857400.0
1657,2021-10-20 07:10:37,78900.0,200.0,3857300.0
1658,2021-10-20 07:10:37,78900.0,500.0,3857100.0
1659,2021-10-20 07:10:37,78900.0,100.0,3856600.0
1660,2021-10-20 07:10:37,78900.0,200.0,3856500.0
1661,2021-10-20 07:10:34,79000.0,100.0,3856300.0
1662,2021-10-20 07:10:32,78900.0,1000.0,3856200.0
1663,2021-10-20 07:10:29,78900.0,800.0,3855200.0
1664,2021-10-20 07:10:29,78900.0,500.0,3854400.0
1665,2021-10-20 07:10:29,78900.0,400.0,3853900.0
1666,2021-10-20 07:10:29,78900.0,2000.0,3853500.0
1667,2021-10-20 07:10:29,78900.0,100.0,3851500.0
1668,2021-10-20 07:10:29,78900.0,100.0,3851400.0
1669,2021-10-20 07:10:29,78900.0,100.0,3851300.0
1670,2021-10-20 07:10:29,78900.0,400.0,3851200.0
1671,2021-10-20 07:10:29,78900.0,200.0,3850800.0
1672,2021-10-20 07:10:29,78900.0,400.0,3850600.0
1673,2021-10-20 07:10:29,78900.0,5000.0,3850200.0
1674,2021-10-20 07:10:28,78900.0,100.0,3845200.0
1675,2021-10-20 07:10:26,79000.0,100.0,3845100.0
1676,2021-10-20 07:10:21,78900.0,2900.0,3845000.0
1677,2021-10-20 07:10:21,78900.0,100.0,3842100.0
1678,2021-10-20 07:10:21,78900.0,17000.0,3842000.0
1679,2021-10-20 07:10:17,79000.0,100.0,3825000.0
1680,2021-10-20 07:10:09,79000.0,100.0,3824900.0
1681,2021-10-20 07:10:02,79000.0,100.0,3824800.0
1682,2021-10-20 07:09:59,78900.0,1600.0,3824700.0
1683,2021-10-20 07:09:52,79000.0,100.0,3823100.0
1684,2021-10-20 07:09:51,78900.0,5000.0,3823000.0
1685,2021-10-20 07:09:47,79000.0,4500.0,3818000.0
1686,2021-10-20 07:09:45,79000.0,100.0,3813500.0
1687,2021-10-20 07:09:36,79000.0,100.0,3813400.0
1688,2021-10-20 07:09:33,78900.0,300.0,3813300.0
1689,2021-10-20 07:09:33,78900.0,2500.0,3813000.0
1690,2021-10-20 07:09:30,78900.0,20000.0,3810500.0
1691,2021-10-20 07:09:28,79000.0,100.0,3790500.0
1692,2021-10-20 07:09:27,78900.0,9000.0,3790400.0
1693,2021-10-20 07:09:20,79000.0,100.0,3781400.0
1694,2021-10-20 07:09:15,78900.0,2000.0,3781300.0
1695,2021-10-20 07:09:11,79000.0,100.0,3779300.0
1696,2021-10-20 07:09:07,78900.0,100.0,3779200.0
1697,2021-10-20 07:09:04,79000.0,100.0,3779100.0
1698,2021-10-20 07:08:55,79000.0,100.0,3779000.0
1699,2021-10-20 07:08:49,79000.0,600.0,3778900.0
1700,2021-10-20 07:08:48,78900.0,20000.0,3778300.0
1701,2021-10-20 07:08:47,79000.0,100.0,3758300.0
1702,2021-10-20 07:08:45,78900.0,100.0,3758200.0
1703,2021-10-20 07:08:38,79000.0,100.0,3758100.0
1704,2021-10-20 07:08:30,79000.0,100.0,3758000.0
1705,2021-10-20 07:08:29,78900.0,1000.0,3757900.0
1706,2021-10-20 07:08:22,79000.0,100.0,3756900.0
1707,2021-10-20 07:08:14,79000.0,100.0,3756800.0
1708,2021-10-20 07:08:05,79000.0,100.0,3756700.0
1709,2021-10-20 07:07:59,78900.0,200.0,3756600.0
1710,2021-10-20 07:07:57,79000.0,100.0,3756400.0
1711,2021-10-20 07:07:49,79000.0,100.0,3756300.0
1712,2021-10-20 07:07:42,79000.0,100.0,3756200.0
1713,2021-10-20 07:07:41,79000.0,100.0,3756100.0
1714,2021-10-20 07:07:32,79000.0,100.0,3756000.0
1715,2021-10-20 07:07:32,79000.0,200.0,3755900.0
1716,2021-10-20 07:07:32,79000.0,100.0,3755700.0
1717,2021-10-20 07:07:24,79000.0,100.0,3755600.0
1718,2021-10-20 07:07:16,79000.0,100.0,3755500.0
1719,2021-10-20 07:07:11,78900.0,2000.0,3755400.0
1720,2021-10-20 07:07:10,79000.0,200.0,3753400.0
1721,2021-10-20 07:07:09,78900.0,1600.0,3753200.0
1722,2021-10-20 07:07:08,79000.0,100.0,3751600.0
1723,2021-10-20 07:07:04,78900.0,1400.0,3751500.0
1724,2021-10-20 07:07:00,79000.0,100.0,3750100.0
1725,2021-10-20 07:06:55,79000.0,100.0,3750000.0
1726,2021-10-20 07:06:55,78900.0,1300.0,3749900.0
1727,2021-10-20 07:06:52,79000.0,100.0,3748600.0
1728,2021-10-20 07:06:51,79000.0,100.0,3748500.0
1729,2021-10-20 07:06:51,78900.0,200.0,3748400.0
1730,2021-10-20 07:06:48,78900.0,200.0,3748200.0
1731,2021-10-20 07:06:45,78900.0,200.0,3748000.0
1732,2021-10-20 07:06:43,79000.0,100.0,3747800.0
1733,2021-10-20 07:06:43,78900.0,200.0,3747700.0
1734,2021-10-20 07:06:40,78900.0,100.0,3747500.0
1735,2021-10-20 07:06:38,78900.0,100.0,3747400.0
1736,2021-10-20 07:06:35,79000.0,100.0,3747300.0
1737,2021-10-20 07:06:35,78900.0,100.0,3747200.0
1738,2021-10-20 07:06:32,78900.0,100.0,3747100.0
1739,2021-10-20 07:06:30,78900.0,100.0,3747000.0
1740,2021-10-20 07:06:28,78900.0,100.0,3746900.0
1741,2021-10-20 07:06:26,79000.0,100.0,3746800.0
1742,2021-10-20 07:06:26,78900.0,1000.0,3746700.0
1743,2021-10-20 07:06:25,78900.0,100.0,3745700.0
1744,2021-10-20 07:06:21,79000.0,500.0,3745600.0
1745,2021-10-20 07:06:21,79000.0,300.0,3745100.0
1746,2021-10-20 07:06:21,79000.0,200.0,3744800.0
1747,2021-10-20 07:06:21,78900.0,100.0,3744600.0
1748,2021-10-20 07:06:19,79000.0,100.0,3744500.0
1749,2021-10-20 07:06:18,79000.0,100.0,3744400.0
1750,2021-10-20 07:06:18,78900.0,100.0,3744300.0
1751,2021-10-20 07:06:16,78900.0,100.0,3744200.0
1752,2021-10-20 07:06:12,78900.0,100.0,3744100.0
1753,2021-10-20 07:06:12,78900.0,3000.0,3744000.0
1754,2021-10-20 07:06:10,79000.0,100.0,3741000.0
1755,2021-10-20 07:06:09,78900.0,100.0,3740900.0
1756,2021-10-20 07:06:06,78900.0,100.0,3740800.0
1757,2021-10-20 07:06:03,78900.0,100.0,3740700.0
1758,2021-10-20 07:05:59,78900.0,100.0,3740600.0
1759,2021-10-20 07:05:56,78900.0,100.0,3740500.0
1760,2021-10-20 07:05:55,78900.0,200.0,3740400.0
1761,2021-10-20 07:05:53,78900.0,100.0,3740200.0
1762,2021-10-20 07:05:51,78900.0,400.0,3740100.0
1763,2021-10-20 07:05:49,78900.0,100.0,3739700.0
1764,2021-10-20 07:05:48,78900.0,400.0,3739600.0
1765,2021-10-20 07:05:46,78900.0,100.0,3739200.0
1766,2021-10-20 07:05:43,78900.0,200.0,3739100.0
1767,2021-10-20 07:05:42,78900.0,100.0,3738900.0
1768,2021-10-20 07:05:42,78900.0,100.0,3738800.0
1769,2021-10-20 07:05:38,78900.0,900.0,3738700.0
1770,2021-10-20 07:05:37,78900.0,1600.0,3737800.0
1771,2021-10-20 07:05:37,78900.0,100.0,3736200.0
1772,2021-10-20 07:05:32,78900.0,100.0,3736100.0
1773,2021-10-20 07:05:31,78900.0,1500.0,3736000.0
1774,2021-10-20 07:05:29,78900.0,100.0,3734500.0
1775,2021-10-20 07:05:26,78900.0,100.0,3734400.0
1776,2021-10-20 07:05:20,78900.0,200.0,3734300.0
1777,2021-10-20 07:05:19,78900.0,1600.0,3734100.0
1778,2021-10-20 07:05:14,78900.0,100.0,3732500.0
1779,2021-10-20 07:05:12,78900.0,500.0,3732400.0
1780,2021-10-20 07:05:12,78900.0,100.0,3731900.0
1781,2021-10-20 07:05:03,78900.0,800.0,3731800.0
1782,2021-10-20 07:04:59,78900.0,700.0,3731000.0
1783,2021-10-20 07:04:59,78900.0,1000.0,3730300.0
1784,2021-10-20 07:04:59,78900.0,500.0,3729300.0
1785,2021-10-20 07:04:59,78900.0,200.0,3728800.0
1786,2021-10-20 07:04:59,78900.0,100.0,3728600.0
1787,2021-10-20 07:04:59,78900.0,100.0,3728500.0
1788,2021-10-20 07:04:59,78900.0,300.0,3728400.0
1789,2021-10-20 07:04:59,78900.0,200.0,3728100.0
1790,2021-10-20 07:04:59,78900.0,1600.0,3727900.0
1791,2021-10-20 07:04:59,78900.0,200.0,3726300.0
1792,2021-10-20 07:04:59,78900.0,100.0,3726100.0
1793,2021-10-20 07:04:39,78900.0,900.0,3726000.0
1794,2021-10-20 07:04:39,78900.0,200.0,3725100.0
1795,2021-10-20 07:04:39,78900.0,700.0,3724900.0
1796,2021-10-20 07:04:39,78900.0,200.0,3724200.0
1797,2021-10-20 07:04:30,78900.0,1600.0,3724000.0
1798,2021-10-20 07:04:28,78900.0,300.0,3722400.0
1799,2021-10-20 07:04:18,78900.0,600.0,3722100.0
1800,2021-10-20 07:04:15,79000.0,600.0,3721500.0
1801,2021-10-20 07:04:15,79000.0,19400.0,3720900.0
1802,2021-10-20 07:03:59,79000.0,500.0,3701500.0
1803,2021-10-20 07:03:57,79000.0,100.0,3701000.0
1804,2021-10-20 07:03:57,79000.0,200.0,3700900.0
1805,2021-10-20 07:03:57,79000.0,100.0,3700700.0
1806,2021-10-20 07:03:16,79000.0,7200.0,3700600.0
1807,2021-10-20 07:03:13,78900.0,20000.0,3693400.0
1808,2021-10-20 07:03:05,79000.0,100.0,3673400.0
1809,2021-10-20 07:03:01,79000.0,100.0,3673300.0
1810,2021-10-20 07:03:01,79000.0,2500.0,3673200.0
1811,2021-10-20 07:03:01,79000.0,1000.0,3670700.0
1812,2021-10-20 07:03:01,79000.0,16500.0,3669700.0
1813,2021-10-20 07:02:57,78900.0,15000.0,3653200.0
1814,2021-10-20 07:02:54,78900.0,15000.0,3638200.0
1815,2021-10-20 07:02:36,78900.0,200.0,3623200.0
1816,2021-10-20 07:02:30,79000.0,100.0,3623000.0
1817,2021-10-20 07:01:29,78900.0,1000.0,3622900.0
1818,2021-10-20 07:01:26,79000.0,1600.0,3621900.0
1819,2021-10-20 07:01:05,79000.0,100.0,3620300.0
1820,2021-10-20 07:00:45,79000.0,500.0,3620200.0
1821,2021-10-20 07:00:40,79000.0,1200.0,3619700.0
1822,2021-10-20 07:00:40,79000.0,400.0,3618500.0
1823,2021-10-20 07:00:39,79000.0,100.0,3618100.0
1824,2021-10-20 07:00:39,79000.0,100.0,3618000.0
1825,2021-10-20 06:59:44,78900.0,5000.0,3617900.0
1826,2021-10-20 06:59:39,79000.0,500.0,3612900.0
1827,2021-10-20 06:59:39,79000.0,500.0,3612400.0
1828,2021-10-20 06:59:39,79000.0,500.0,3611900.0
1829,2021-10-20 06:59:34,79000.0,1000.0,3611400.0
1830,2021-10-20 06:59:33,79000.0,200.0,3610400.0
1831,2021-10-20 06:59:27,79000.0,18300.0,3610200.0
1832,2021-10-20 06:59:18,79000.0,100.0,3591900.0
1833,2021-10-20 06:59:12,79000.0,7500.0,3591800.0
1834,2021-10-20 06:59:12,79000.0,1000.0,3584300.0
1835,2021-10-20 06:59:12,79000.0,5000.0,3583300.0
1836,2021-10-20 06:59:12,79000.0,100.0,3578300.0
1837,2021-10-20 06:59:12,79000.0,3000.0,3578200.0
1838,2021-10-20 06:59:12,79000.0,100.0,3575200.0
1839,2021-10-20 06:59:12,79000.0,2000.0,3575100.0
1840,2021-10-20 06:59:12,79000.0,7500.0,3573100.0
1841,2021-10-20 06:59:12,79000.0,100.0,3565600.0
1842,2021-10-20 06:59:12,79000.0,9600.0,3565500.0
1843,2021-10-20 06:59:12,79000.0,200.0,3555900.0
1844,2021-10-20 06:59:12,79000.0,100.0,3555700.0
1845,2021-10-20 06:59:12,79000.0,100.0,3555600.0
1846,2021-10-20 06:59:12,79000.0,4900.0,3555500.0
1847,2021-10-20 06:59:12,79000.0,5000.0,3550600.0
1848,2021-10-20 06:59:12,79000.0,300.0,3545600.0
1849,2021-10-20 06:59:12,79000.0,500.0,3545300.0
1850,2021-10-20 06:59:12,79000.0,300.0,3544800.0
1851,2021-10-20 06:59:12,79000.0,300.0,3544500.0
1852,2021-10-20 06:59:12,79000.0,1000.0,3544200.0
1853,2021-10-20 06:59:12,79000.0,500.0,3543200.0
1854,2021-10-20 06:59:12,79000.0,200.0,3542700.0
1855,2021-10-20 06:59:12,79000.0,3900.0,3542500.0
1856,2021-10-20 06:59:12,79000.0,100.0,3538600.0
1857,2021-10-20 06:59:12,79000.0,100.0,3538500.0
1858,2021-10-20 06:59:12,79000.0,500.0,3538400.0
1859,2021-10-20 06:59:12,79000.0,1000.0,3537900.0
1860,2021-10-20 06:59:12,79000.0,100.0,3536900.0
1861,2021-10-20 06:59:12,79000.0,100.0,3536800.0
1862,2021-10-20 06:59:12,79000.0,1000.0,3536700.0
1863,2021-10-20 06:59:12,79000.0,1100.0,3535700.0
1864,2021-10-20 06:59:12,79000.0,500.0,3534600.0
1865,2021-10-20 06:59:12,79000.0,500.0,3534100.0
1866,2021-10-20 06:59:12,79000.0,20000.0,3533600.0
1867,2021-10-20 06:59:12,79000.0,100.0,3513600.0
1868,2021-10-20 06:59:12,79000.0,100.0,3513500.0
1869,2021-10-20 06:59:12,79000.0,2000.0,3513400.0
1870,2021-10-20 06:59:12,79000.0,1200.0,3511400.0
1871,2021-10-20 06:58:52,79000.0,500.0,3510200.0
1872,2021-10-20 06:58:50,78900.0,400.0,3509700.0
1873,2021-10-20 06:58:50,79000.0,200.0,3509300.0
1874,2021-10-20 06:58:45,79000.0,300.0,3509100.0
1875,2021-10-20 06:58:33,79000.0,700.0,3508800.0
1876,2021-10-20 06:58:33,79000.0,900.0,3508100.0
1877,2021-10-20 06:58:29,79000.0,400.0,3507200.0
1878,2021-10-20 06:58:24,79000.0,3700.0,3506800.0
1879,2021-10-20 06:58:24,79000.0,6500.0,3503100.0
1880,2021-10-20 06:58:24,79000.0,12100.0,3496600.0
1881,2021-10-20 06:58:24,79000.0,6300.0,3484500.0
1882,2021-10-20 06:58:23,78900.0,4000.0,3478200.0
1883,2021-10-20 06:58:16,79000.0,2000.0,3474200.0
1884,2021-10-20 06:58:13,79000.0,100.0,3472200.0
1885,2021-10-20 06:58:06,79000.0,100.0,3472100.0
1886,2021-10-20 06:57:37,79000.0,100.0,3472000.0
1887,2021-10-20 06:57:37,78900.0,600.0,3471900.0
1888,2021-10-20 06:57:25,78900.0,600.0,3471300.0
1889,2021-10-20 06:57:22,79000.0,200.0,3470700.0
1890,2021-10-20 06:57:21,78900.0,600.0,3470500.0
1891,2021-10-20 06:57:18,78900.0,200.0,3469900.0
1892,2021-10-20 06:57:07,78900.0,300.0,3469700.0
1893,2021-10-20 06:57:06,78900.0,400.0,3469400.0
1894,2021-10-20 06:57:03,78900.0,2000.0,3469000.0
1895,2021-10-20 06:56:56,78900.0,20000.0,3467000.0
1896,2021-10-20 06:56:55,78900.0,700.0,3447000.0
1897,2021-10-20 06:56:51,78900.0,2000.0,3446300.0
1898,2021-10-20 06:56:38,78900.0,300.0,3444300.0
1899,2021-10-20 06:56:30,79000.0,500.0,3444000.0
1900,2021-10-20 06:56:26,79000.0,1600.0,3443500.0
1901,2021-10-20 06:56:26,78900.0,1000.0,3441900.0
1902,2021-10-20 06:56:04,79000.0,300.0,3440900.0
1903,2021-10-20 06:55:42,79000.0,100.0,3440600.0
1904,2021-10-20 06:55:27,78900.0,8000.0,3440500.0
1905,2021-10-20 06:55:27,78900.0,1000.0,3432500.0
1906,2021-10-20 06:55:27,78900.0,100.0,3431500.0
1907,2021-10-20 06:55:27,78900.0,1600.0,3431400.0
1908,2021-10-20 06:55:27,78900.0,100.0,3429800.0
1909,2021-10-20 06:55:27,78900.0,400.0,3429700.0
1910,2021-10-20 06:55:27,78900.0,100.0,3429300.0
1911,2021-10-20 06:55:27,78900.0,100.0,3429200.0
1912,2021-10-20 06:55:27,78900.0,3000.0,3429100.0
1913,2021-10-20 06:55:27,78900.0,100.0,3426100.0
1914,2021-10-20 06:55:27,78900.0,400.0,3426000.0
1915,2021-10-20 06:55:27,78900.0,100.0,3425600.0
1916,2021-10-20 06:55:27,78900.0,100.0,3425500.0
1917,2021-10-20 06:55:27,78900.0,100.0,3425400.0
1918,2021-10-20 06:55:27,78900.0,100.0,3425300.0
1919,2021-10-20 06:55:27,78900.0,300.0,3425200.0
1920,2021-10-20 06:55:27,78900.0,100.0,3424900.0
1921,2021-10-20 06:55:27,78900.0,100.0,3424800.0
1922,2021-10-20 06:55:27,78900.0,200.0,3424700.0
1923,2021-10-20 06:55:27,78900.0,100.0,3424500.0
1924,2021-10-20 06:55:27,78900.0,200.0,3424400.0
1925,2021-10-20 06:55:27,78900.0,100.0,3424200.0
1926,2021-10-20 06:55:27,78900.0,500.0,3424100.0
1927,2021-10-20 06:55:27,78900.0,500.0,3423600.0
1928,2021-10-20 06:55:27,78900.0,500.0,3423100.0
1929,2021-10-20 06:55:27,78900.0,100.0,3422600.0
1930,2021-10-20 06:55:27,78900.0,100.0,3422500.0
1931,2021-10-20 06:55:27,78900.0,400.0,3422400.0
1932,2021-10-20 06:55:27,78900.0,1000.0,3422000.0
1933,2021-10-20 06:55:27,78900.0,100.0,3421000.0
1934,2021-10-20 06:55:27,78900.0,400.0,3420900.0
1935,2021-10-20 06:55:24,78900.0,600.0,3420500.0
1936,2021-10-20 06:55:24,78900.0,1400.0,3419900.0
1937,2021-10-20 06:55:21,79000.0,400.0,3418500.0
1938,2021-10-20 06:55:16,79000.0,1000.0,3418100.0
1939,2021-10-20 06:55:16,79000.0,200.0,3417100.0
1940,2021-10-20 06:55:04,79000.0,200.0,3416900.0
1941,2021-10-20 06:54:59,78900.0,100.0,3416700.0
1942,2021-10-20 06:54:59,78900.0,5000.0,3416600.0
1943,2021-10-20 06:54:57,78900.0,100.0,3411600.0
1944,2021-10-20 06:54:48,78900.0,600.0,3411500.0
1945,2021-10-20 06:54:45,78900.0,600.0,3410900.0
1946,2021-10-20 06:54:45,78900.0,200.0,3410300.0
1947,2021-10-20 06:54:38,78900.0,200.0,3410100.0
1948,2021-10-20 06:54:34,79000.0,1000.0,3409900.0
1949,2021-10-20 06:54:30,78900.0,9000.0,3408900.0
1950,2021-10-20 06:54:17,78900.0,1000.0,3399900.0
1951,2021-10-20 06:54:16,78900.0,14700.0,3398900.0
1952,2021-10-20 06:54:16,78900.0,200.0,3384200.0
1953,2021-10-20 06:54:16,78900.0,200.0,3384000.0
1954,2021-10-20 06:54:16,78900.0,100.0,3383800.0
1955,2021-10-20 06:54:16,78900.0,500.0,3383700.0
1956,2021-10-20 06:54:16,78900.0,100.0,3383200.0
1957,2021-10-20 06:54:16,78900.0,100.0,3383100.0
1958,2021-10-20 06:54:16,78900.0,200.0,3383000.0
1959,2021-10-20 06:54:16,78900.0,100.0,3382800.0
1960,2021-10-20 06:54:16,78900.0,600.0,3382700.0
1961,2021-10-20 06:54:16,78900.0,200.0,3382100.0
1962,2021-10-20 06:54:16,78900.0,100.0,3381900.0
1963,2021-10-20 06:54:16,78900.0,200.0,3381800.0
1964,2021-10-20 06:54:16,78900.0,2700.0,3381600.0
1965,2021-10-20 06:54:07,78900.0,2500.0,3378900.0
1966,2021-10-20 06:54:01,79000.0,1000.0,3376400.0
1967,2021-10-20 06:53:52,79000.0,5000.0,3375400.0
1968,2021-10-20 06:53:48,78900.0,100.0,3370400.0
1969,2021-10-20 06:53:48,78900.0,500.0,3370300.0
1970,2021-10-20 06:53:44,79000.0,400.0,3369800.0
1971,2021-10-20 06:53:23,79000.0,400.0,3369400.0
1972,2021-10-20 06:52:54,78900.0,2000.0,3369000.0
1973,2021-10-20 06:52:54,79000.0,300.0,3367000.0
1974,2021-10-20 06:52:43,78900.0,1000.0,3366700.0
1975,2021-10-20 06:52:42,79000.0,5000.0,3365700.0
1976,2021-10-20 06:52:39,78900.0,2000.0,3360700.0
1977,2021-10-20 06:52:36,78900.0,1000.0,3358700.0
1978,2021-10-20 06:52:05,78900.0,5000.0,3357700.0
1979,2021-10-20 06:51:55,78900.0,1000.0,3352700.0
1980,2021-10-20 06:51:49,78900.0,2900.0,3351700.0
1981,2021-10-20 06:51:45,78900.0,1000.0,3348800.0
1982,2021-10-20 06:51:37,78900.0,300.0,3347800.0
1983,2021-10-20 06:51:30,78900.0,15000.0,3347500.0
1984,2021-10-20 06:51:26,78900.0,13000.0,3332500.0
1985,2021-10-20 06:51:26,78900.0,100.0,3319500.0
1986,2021-10-20 06:51:26,78900.0,1900.0,3319400.0
1987,2021-10-20 06:51:06,78900.0,1000.0,3317500.0
1988,2021-10-20 06:50:57,78900.0,200.0,3316500.0
1989,2021-10-20 06:50:55,78900.0,200.0,3316300.0
1990,2021-10-20 06:50:50,78900.0,300.0,3316100.0
1991,2021-10-20 06:50:50,79000.0,100.0,3315800.0
1992,2021-10-20 06:50:49,78900.0,3500.0,3315700.0
1993,2021-10-20 06:50:45,78900.0,300.0,3312200.0
1994,2021-10-20 06:50:42,78900.0,300.0,3311900.0
1995,2021-10-20 06:50:39,78900.0,300.0,3311600.0
1996,2021-10-20 06:50:36,78900.0,300.0,3311300.0
1997,2021-10-20 06:50:33,78900.0,300.0,3311000.0
1998,2021-10-20 06:50:30,78900.0,200.0,3310700.0
1999,2021-10-20 06:50:29,78900.0,300.0,3310500.0
2000,2021-10-20 06:50:25,78900.0,300.0,3310200.0
2001,2021-10-20 06:50:24,78900.0,12100.0,3309900.0
2002,2021-10-20 06:50:21,78900.0,300.0,3297800.0
2003,2021-10-20 06:50:18,78900.0,300.0,3297500.0
2004,2021-10-20 06:50:18,79000.0,5000.0,3297200.0
2005,2021-10-20 06:49:51,78900.0,200.0,3292200.0
2006,2021-10-20 06:49:47,78900.0,200.0,3292000.0
2007,2021-10-20 06:49:45,78900.0,200.0,3291800.0
2008,2021-10-20 06:49:44,79000.0,3000.0,3291600.0
2009,2021-10-20 06:49:42,78900.0,200.0,3288600.0
2010,2021-10-20 06:49:38,78900.0,200.0,3288400.0
2011,2021-10-20 06:49:35,78900.0,200.0,3288200.0
2012,2021-10-20 06:49:33,79000.0,6000.0,3288000.0
2013,2021-10-20 06:49:32,79000.0,200.0,3282000.0
2014,2021-10-20 06:49:32,79000.0,500.0,3281800.0
2015,2021-10-20 06:49:32,79000.0,900.0,3281300.0
2016,2021-10-20 06:49:32,79000.0,300.0,3280400.0
2017,2021-10-20 06:49:32,79000.0,500.0,3280100.0
2018,2021-10-20 06:49:32,79000.0,500.0,3279600.0
2019,2021-10-20 06:49:32,79000.0,1100.0,3279100.0
2020,2021-10-20 06:49:31,78900.0,200.0,3278000.0
2021,2021-10-20 06:49:28,78900.0,200.0,3277800.0
2022,2021-10-20 06:49:25,78900.0,200.0,3277600.0
2023,2021-10-20 06:49:21,78900.0,200.0,3277400.0
2024,2021-10-20 06:49:17,78900.0,200.0,3277200.0
2025,2021-10-20 06:49:14,78900.0,200.0,3277000.0
2026,2021-10-20 06:49:11,78900.0,200.0,3276800.0
2027,2021-10-20 06:49:08,78900.0,200.0,3276600.0
2028,2021-10-20 06:49:03,78900.0,200.0,3276400.0
2029,2021-10-20 06:48:59,78900.0,200.0,3276200.0
2030,2021-10-20 06:48:55,79000.0,2900.0,3276000.0
2031,2021-10-20 06:48:54,79000.0,7100.0,3273100.0
2032,2021-10-20 06:48:50,78900.0,500.0,3266000.0
2033,2021-10-20 06:48:46,78900.0,300.0,3265500.0
2034,2021-10-20 06:48:45,79000.0,2500.0,3265200.0
2035,2021-10-20 06:48:43,78900.0,300.0,3262700.0
2036,2021-10-20 06:48:41,79100.0,100.0,3262400.0
2037,2021-10-20 06:48:40,78900.0,300.0,3262300.0
2038,2021-10-20 06:48:40,79000.0,5900.0,3262000.0
2039,2021-10-20 06:48:39,79000.0,500.0,3256100.0
2040,2021-10-20 06:48:39,79000.0,3000.0,3255600.0
2041,2021-10-20 06:48:39,79000.0,600.0,3252600.0
2042,2021-10-20 06:48:38,78900.0,300.0,3252000.0
2043,2021-10-20 06:48:36,78900.0,300.0,3251700.0
2044,2021-10-20 06:48:33,78900.0,300.0,3251400.0
2045,2021-10-20 06:48:30,78900.0,300.0,3251100.0
2046,2021-10-20 06:48:27,78900.0,100.0,3250800.0
2047,2021-10-20 06:48:27,79000.0,100.0,3250700.0
2048,2021-10-20 06:48:25,79000.0,200.0,3250600.0
2049,2021-10-20 06:48:23,79000.0,200.0,3250400.0
2050,2021-10-20 06:48:23,79000.0,4300.0,3250200.0
