,Time,Price,Volume_per_trade,Volume
0,2021-10-12 07:45:00,31750.0,100.0,318300.0
1,2021-10-12 07:45:00,31750.0,100.0,318200.0
2,2021-10-12 07:45:00,31750.0,500.0,318100.0
3,2021-10-12 07:45:00,31750.0,300.0,317600.0
4,2021-10-12 07:45:00,31750.0,200.0,317300.0
5,2021-10-12 07:45:00,31750.0,100.0,317100.0
6,2021-10-12 07:45:00,31750.0,1300.0,317000.0
7,2021-10-12 07:45:00,31750.0,200.0,315700.0
8,2021-10-12 07:45:00,31750.0,500.0,315500.0
9,2021-10-12 07:45:00,31750.0,1000.0,315000.0
10,2021-10-12 07:28:21,31750.0,200.0,314000.0
11,2021-10-12 07:28:21,31400.0,6800.0,313800.0
12,2021-10-12 07:28:21,31300.0,1000.0,307000.0
13,2021-10-12 07:27:47,31300.0,100.0,306000.0
14,2021-10-12 07:26:44,31300.0,500.0,305900.0
15,2021-10-12 07:26:21,31300.0,300.0,305400.0
16,2021-10-12 07:25:29,31200.0,400.0,305100.0
17,2021-10-12 07:25:29,31200.0,500.0,304700.0
18,2021-10-12 07:25:29,31200.0,400.0,304200.0
19,2021-10-12 07:25:29,31200.0,300.0,303800.0
20,2021-10-12 07:25:29,31200.0,100.0,303500.0
21,2021-10-12 07:25:28,31300.0,1000.0,303400.0
22,2021-10-12 07:23:14,31300.0,2100.0,302400.0
23,2021-10-12 07:22:49,31300.0,22900.0,300300.0
24,2021-10-12 07:22:49,31300.0,100.0,277400.0
25,2021-10-12 07:22:49,31300.0,300.0,277300.0
26,2021-10-12 07:22:49,31300.0,2000.0,277000.0
27,2021-10-12 07:22:49,31300.0,3000.0,275000.0
28,2021-10-12 07:22:49,31300.0,300.0,272000.0
29,2021-10-12 07:22:49,31300.0,1000.0,271700.0
30,2021-10-12 07:22:49,31300.0,100.0,270700.0
31,2021-10-12 07:22:49,31300.0,300.0,270600.0
32,2021-10-12 07:22:11,31400.0,100.0,270300.0
33,2021-10-12 07:22:11,31400.0,100.0,270200.0
34,2021-10-12 07:22:11,31400.0,3000.0,270100.0
35,2021-10-12 07:19:50,31400.0,10000.0,267100.0
36,2021-10-12 07:19:43,31400.0,10000.0,257100.0
37,2021-10-12 07:19:42,31400.0,2000.0,247100.0
38,2021-10-12 07:19:42,31400.0,1000.0,245100.0
39,2021-10-12 07:19:42,31400.0,100.0,244100.0
40,2021-10-12 07:19:42,31400.0,500.0,244000.0
41,2021-10-12 07:19:42,31400.0,300.0,243500.0
42,2021-10-12 07:19:42,31400.0,100.0,243200.0
43,2021-10-12 07:19:42,31400.0,1000.0,243100.0
44,2021-10-12 07:15:00,31400.0,800.0,242100.0
45,2021-10-12 07:14:45,31450.0,300.0,241300.0
46,2021-10-12 07:14:30,31450.0,100.0,241000.0
47,2021-10-12 07:14:22,31450.0,200.0,240900.0
48,2021-10-12 07:14:15,31450.0,400.0,240700.0
49,2021-10-12 07:12:15,31450.0,100.0,240300.0
50,2021-10-12 07:03:30,31400.0,1500.0,240200.0
51,2021-10-12 07:03:04,31400.0,300.0,238700.0
52,2021-10-12 07:02:28,31400.0,500.0,238400.0
53,2021-10-12 06:57:34,31400.0,100.0,237900.0
54,2021-10-12 06:56:35,31400.0,5800.0,237800.0
55,2021-10-12 06:56:35,31400.0,1000.0,232000.0
56,2021-10-12 06:56:35,31400.0,200.0,231000.0
57,2021-10-12 06:56:35,31400.0,3000.0,230800.0
58,2021-10-12 06:56:35,31400.0,100.0,227800.0
59,2021-10-12 06:56:35,31400.0,200.0,227700.0
60,2021-10-12 06:56:35,31450.0,100.0,227500.0
61,2021-10-12 06:56:35,31450.0,1000.0,227400.0
62,2021-10-12 06:56:35,31450.0,8600.0,226400.0
63,2021-10-12 06:56:33,31450.0,100.0,217800.0
64,2021-10-12 06:54:16,31450.0,1300.0,217700.0
65,2021-10-12 06:54:16,31450.0,100.0,216400.0
66,2021-10-12 06:54:16,31450.0,100.0,216300.0
67,2021-10-12 06:49:55,31450.0,200.0,216200.0
68,2021-10-12 06:49:55,31450.0,100.0,216000.0
69,2021-10-12 06:49:55,31450.0,9700.0,215900.0
70,2021-10-12 06:49:39,31500.0,400.0,206200.0
71,2021-10-12 06:48:30,31500.0,1000.0,205800.0
72,2021-10-12 06:48:30,31500.0,100.0,204800.0
73,2021-10-12 06:43:22,31500.0,800.0,204700.0
74,2021-10-12 06:43:22,31500.0,100.0,203900.0
75,2021-10-12 06:43:18,31500.0,100.0,203800.0
76,2021-10-12 06:41:15,31450.0,300.0,203700.0
77,2021-10-12 06:41:15,31450.0,400.0,203400.0
78,2021-10-12 06:41:15,31450.0,700.0,203000.0
79,2021-10-12 06:41:11,31500.0,100.0,202300.0
80,2021-10-12 06:41:11,31500.0,100.0,202200.0
81,2021-10-12 06:41:11,31500.0,1000.0,202100.0
82,2021-10-12 06:41:11,31500.0,600.0,201100.0
83,2021-10-12 06:39:07,31500.0,400.0,200500.0
84,2021-10-12 06:39:07,31500.0,100.0,200100.0
85,2021-10-12 06:39:07,31500.0,1600.0,200000.0
86,2021-10-12 06:39:07,31500.0,500.0,198400.0
87,2021-10-12 06:39:07,31500.0,1000.0,197900.0
88,2021-10-12 06:39:07,31500.0,100.0,196900.0
89,2021-10-12 06:39:07,31500.0,500.0,196800.0
90,2021-10-12 06:39:07,31500.0,500.0,196300.0
91,2021-10-12 06:39:07,31500.0,1500.0,195800.0
92,2021-10-12 06:39:07,31500.0,1000.0,194300.0
93,2021-10-12 06:39:07,31500.0,300.0,193300.0
94,2021-10-12 06:39:07,31500.0,2500.0,193000.0
95,2021-10-12 06:36:25,31500.0,100.0,190500.0
96,2021-10-12 06:36:14,31500.0,100.0,190400.0
97,2021-10-12 06:36:05,31500.0,100.0,190300.0
98,2021-10-12 06:35:59,31500.0,100.0,190200.0
99,2021-10-12 06:35:50,31500.0,300.0,190100.0
100,2021-10-12 06:34:50,31500.0,1000.0,189800.0
101,2021-10-12 06:34:30,31500.0,200.0,188800.0
102,2021-10-12 06:27:13,31500.0,300.0,188600.0
103,2021-10-12 06:26:21,31500.0,300.0,188300.0
104,2021-10-12 06:26:21,31500.0,500.0,188000.0
105,2021-10-12 06:26:21,31500.0,300.0,187500.0
106,2021-10-12 06:26:21,31500.0,100.0,187200.0
107,2021-10-12 06:26:21,31500.0,800.0,187100.0
108,2021-10-12 06:25:07,31500.0,2000.0,186300.0
109,2021-10-12 06:22:11,31500.0,300.0,184300.0
110,2021-10-12 06:21:20,31500.0,100.0,184000.0
111,2021-10-12 06:19:35,31750.0,500.0,183900.0
112,2021-10-12 06:12:53,31750.0,100.0,183400.0
113,2021-10-12 06:12:53,31750.0,500.0,183300.0
114,2021-10-12 06:12:53,31750.0,1900.0,182800.0
115,2021-10-12 06:12:14,31750.0,100.0,180900.0
116,2021-10-12 06:10:40,31750.0,800.0,180800.0
117,2021-10-12 06:10:27,31750.0,900.0,180000.0
118,2021-10-12 06:10:25,31750.0,300.0,179100.0
119,2021-10-12 06:09:59,31750.0,1200.0,178800.0
120,2021-10-12 06:07:00,31750.0,100.0,177600.0
121,2021-10-12 06:03:12,31500.0,100.0,177500.0
122,2021-10-12 04:08:21,31500.0,100.0,177400.0
123,2021-10-12 04:08:21,31500.0,100.0,177300.0
124,2021-10-12 04:08:21,31500.0,500.0,177200.0
125,2021-10-12 04:08:21,31500.0,300.0,176700.0
126,2021-10-12 04:01:41,31500.0,200.0,176400.0
127,2021-10-12 04:01:41,31500.0,400.0,176200.0
128,2021-10-12 04:01:41,31500.0,4400.0,175800.0
129,2021-10-12 03:58:33,31500.0,1000.0,171400.0
130,2021-10-12 03:54:14,31500.0,300.0,170400.0
131,2021-10-12 03:54:14,31500.0,24300.0,170100.0
132,2021-10-12 03:51:31,31450.0,100.0,145800.0
133,2021-10-12 03:51:21,31450.0,200.0,145700.0
134,2021-10-12 03:50:51,31500.0,100.0,145500.0
135,2021-10-12 03:50:45,31450.0,1600.0,145400.0
136,2021-10-12 03:49:14,31500.0,1100.0,143800.0
137,2021-10-12 03:36:09,31500.0,400.0,142700.0
138,2021-10-12 03:36:01,31500.0,1300.0,142300.0
139,2021-10-12 03:35:28,31500.0,500.0,141000.0
140,2021-10-12 03:35:12,31500.0,1000.0,140500.0
141,2021-10-12 03:34:25,31500.0,200.0,139500.0
142,2021-10-12 03:33:34,31500.0,3000.0,139300.0
143,2021-10-12 03:33:18,31500.0,100.0,136300.0
144,2021-10-12 03:32:16,31500.0,1600.0,136200.0
145,2021-10-12 03:28:57,31400.0,1800.0,134600.0
146,2021-10-12 03:27:46,31400.0,200.0,132800.0
147,2021-10-12 03:27:26,31400.0,500.0,132600.0
148,2021-10-12 03:27:23,31400.0,100.0,132100.0
149,2021-10-12 03:27:23,31400.0,100.0,132000.0
150,2021-10-12 03:27:23,31400.0,2000.0,131900.0
151,2021-10-12 03:27:23,31400.0,200.0,129900.0
152,2021-10-12 03:27:23,31400.0,100.0,129700.0
153,2021-10-12 03:27:23,31400.0,15000.0,129600.0
154,2021-10-12 03:26:25,31500.0,100.0,114600.0
155,2021-10-12 03:26:25,31500.0,1000.0,114500.0
156,2021-10-12 03:26:25,31500.0,300.0,113500.0
157,2021-10-12 03:25:50,31500.0,100.0,113200.0
158,2021-10-12 03:25:39,31500.0,100.0,113100.0
159,2021-10-12 03:25:39,31500.0,200.0,113000.0
160,2021-10-12 03:25:04,31500.0,100.0,112800.0
161,2021-10-12 03:25:04,31500.0,100.0,112700.0
162,2021-10-12 03:25:04,31500.0,100.0,112600.0
163,2021-10-12 03:25:04,31500.0,1300.0,112500.0
164,2021-10-12 03:25:04,31500.0,100.0,111200.0
165,2021-10-12 03:25:04,31500.0,100.0,111100.0
166,2021-10-12 03:25:04,31500.0,2700.0,111000.0
167,2021-10-12 03:24:28,31500.0,300.0,108300.0
168,2021-10-12 03:21:24,31500.0,100.0,108000.0
169,2021-10-12 03:21:24,31500.0,100.0,107900.0
170,2021-10-12 03:19:32,31500.0,500.0,107800.0
171,2021-10-12 03:19:32,31500.0,500.0,107300.0
172,2021-10-12 03:18:58,31500.0,1100.0,106800.0
173,2021-10-12 03:17:30,31500.0,1700.0,105700.0
174,2021-10-12 03:17:09,31500.0,300.0,104000.0
175,2021-10-12 03:16:32,31500.0,700.0,103700.0
176,2021-10-12 03:16:13,31500.0,600.0,103000.0
177,2021-10-12 03:15:01,31500.0,15100.0,102400.0
178,2021-10-12 03:15:01,31500.0,1000.0,87300.0
179,2021-10-12 03:15:01,31500.0,300.0,86300.0
180,2021-10-12 03:15:01,31500.0,500.0,86000.0
181,2021-10-12 03:15:01,31500.0,1000.0,85500.0
182,2021-10-12 03:15:01,31650.0,500.0,84500.0
183,2021-10-12 03:15:01,31700.0,1000.0,84000.0
184,2021-10-12 03:15:01,31700.0,500.0,83000.0
185,2021-10-12 03:15:01,31700.0,100.0,82500.0
186,2021-10-12 03:13:54,31750.0,100.0,82400.0
187,2021-10-12 03:13:45,31750.0,200.0,82300.0
188,2021-10-12 03:13:33,31750.0,500.0,82100.0
189,2021-10-12 03:13:32,31750.0,100.0,81600.0
190,2021-10-12 03:13:24,31750.0,100.0,81500.0
191,2021-10-12 03:11:08,31800.0,500.0,81400.0
192,2021-10-12 03:09:42,31800.0,1900.0,80900.0
193,2021-10-12 03:09:29,31800.0,100.0,79000.0
194,2021-10-12 03:09:29,31800.0,500.0,78900.0
195,2021-10-12 03:09:29,31800.0,1000.0,78400.0
196,2021-10-12 03:09:29,31800.0,200.0,77400.0
197,2021-10-12 03:09:29,31800.0,200.0,77200.0
198,2021-10-12 03:09:22,31800.0,500.0,77000.0
199,2021-10-12 03:08:43,31850.0,300.0,76500.0
200,2021-10-12 03:06:33,31850.0,100.0,76200.0
201,2021-10-12 03:06:25,31850.0,100.0,76100.0
202,2021-10-12 03:05:33,31800.0,300.0,76000.0
203,2021-10-12 03:05:33,31800.0,500.0,75700.0
204,2021-10-12 03:05:33,31800.0,1000.0,75200.0
205,2021-10-12 03:05:33,31850.0,500.0,74200.0
206,2021-10-12 03:05:33,31850.0,700.0,73700.0
207,2021-10-12 03:05:18,31850.0,100.0,73000.0
208,2021-10-12 03:05:03,31850.0,100.0,72900.0
209,2021-10-12 03:04:53,31850.0,100.0,72800.0
210,2021-10-12 03:04:53,31850.0,200.0,72700.0
211,2021-10-12 03:02:49,31900.0,300.0,72500.0
212,2021-10-12 03:02:49,31900.0,500.0,72200.0
213,2021-10-12 03:02:04,32000.0,10000.0,71700.0
214,2021-10-12 02:59:21,32000.0,1000.0,61700.0
215,2021-10-12 02:59:21,32000.0,1000.0,60700.0
216,2021-10-12 02:59:21,32000.0,500.0,59700.0
217,2021-10-12 02:59:21,32000.0,300.0,59200.0
218,2021-10-12 02:59:21,32000.0,500.0,58900.0
219,2021-10-12 02:59:21,32000.0,1000.0,58400.0
220,2021-10-12 02:59:21,32000.0,1000.0,57400.0
221,2021-10-12 02:59:21,32000.0,500.0,56400.0
222,2021-10-12 02:59:21,32000.0,1200.0,55900.0
223,2021-10-12 02:59:21,32000.0,9400.0,54700.0
224,2021-10-12 02:59:18,32000.0,100.0,45300.0
225,2021-10-12 02:57:33,32000.0,400.0,45200.0
226,2021-10-12 02:56:49,32000.0,100.0,44800.0
227,2021-10-12 02:54:38,32000.0,200.0,44700.0
228,2021-10-12 02:50:45,32100.0,100.0,44500.0
229,2021-10-12 02:49:51,32100.0,2400.0,44400.0
230,2021-10-12 02:49:21,32100.0,1100.0,42000.0
231,2021-10-12 02:45:53,32100.0,1400.0,40900.0
232,2021-10-12 02:45:13,32100.0,600.0,39500.0
233,2021-10-12 02:45:13,32100.0,800.0,38900.0
234,2021-10-12 02:43:58,32100.0,200.0,38100.0
235,2021-10-12 02:43:33,32100.0,900.0,37900.0
236,2021-10-12 02:40:38,32100.0,1700.0,37000.0
237,2021-10-12 02:40:32,32100.0,2000.0,35300.0
238,2021-10-12 02:40:31,32100.0,200.0,33300.0
239,2021-10-12 02:35:10,32000.0,800.0,33100.0
240,2021-10-12 02:35:10,32000.0,1000.0,32300.0
241,2021-10-12 02:35:10,32000.0,200.0,31300.0
242,2021-10-12 02:34:45,32200.0,9400.0,31100.0
243,2021-10-12 02:34:45,32200.0,300.0,21700.0
244,2021-10-12 02:34:45,32100.0,200.0,21400.0
245,2021-10-12 02:34:45,32100.0,100.0,21200.0
246,2021-10-12 02:33:15,32000.0,1700.0,21100.0
247,2021-10-12 02:33:15,32050.0,300.0,19400.0
248,2021-10-12 02:33:15,32050.0,1000.0,19100.0
249,2021-10-12 02:32:13,32050.0,400.0,18100.0
250,2021-10-12 02:30:27,32100.0,500.0,17700.0
251,2021-10-12 02:30:08,32100.0,3000.0,17200.0
252,2021-10-12 02:28:39,32100.0,1000.0,14200.0
253,2021-10-12 02:28:25,32100.0,500.0,13200.0
254,2021-10-12 02:28:25,32100.0,500.0,12700.0
255,2021-10-12 02:27:29,32200.0,200.0,12200.0
256,2021-10-12 02:27:13,32200.0,300.0,12000.0
257,2021-10-12 02:26:37,32200.0,300.0,11700.0
258,2021-10-12 02:25:02,32300.0,400.0,11400.0
259,2021-10-12 02:24:59,32300.0,400.0,11000.0
260,2021-10-12 02:24:32,32200.0,300.0,10600.0
261,2021-10-12 02:24:09,32200.0,100.0,10300.0
262,2021-10-12 02:23:11,32100.0,200.0,10200.0
263,2021-10-12 02:23:11,32100.0,100.0,10000.0
264,2021-10-12 02:19:51,32100.0,1000.0,9900.0
265,2021-10-12 02:19:48,32100.0,400.0,8900.0
266,2021-10-12 02:19:32,32400.0,5000.0,8500.0
267,2021-10-12 02:18:42,32050.0,500.0,3500.0
268,2021-10-12 02:18:24,32050.0,300.0,3000.0
269,2021-10-12 02:18:07,32050.0,1000.0,2700.0
270,2021-10-12 02:18:07,32050.0,500.0,1700.0
271,2021-10-12 02:15:00,32000.0,100.0,1200.0
272,2021-10-12 02:15:00,32000.0,100.0,1100.0
273,2021-10-12 02:15:00,32000.0,400.0,1000.0
274,2021-10-12 02:15:00,32000.0,100.0,600.0
275,2021-10-12 02:15:00,32000.0,500.0,500.0
