,Time,Price,Volume_per_trade,Volume
0,2021-10-17 07:45:01,30650.0,200.0,131000.0
1,2021-10-17 07:45:01,30650.0,100.0,130800.0
2,2021-10-17 07:45:01,30650.0,200.0,130700.0
3,2021-10-17 07:45:01,30650.0,1800.0,130500.0
4,2021-10-17 07:45:01,30650.0,200.0,128700.0
5,2021-10-17 07:45:01,30650.0,400.0,128500.0
6,2021-10-17 07:45:01,30650.0,400.0,128100.0
7,2021-10-17 07:45:01,30650.0,3000.0,127700.0
8,2021-10-17 07:45:01,30650.0,1300.0,124700.0
9,2021-10-17 07:45:01,30650.0,1000.0,123400.0
10,2021-10-17 07:45:01,30650.0,100.0,122400.0
11,2021-10-17 07:45:01,30650.0,200.0,122300.0
12,2021-10-17 07:45:01,30650.0,700.0,122100.0
13,2021-10-17 07:45:01,30650.0,1000.0,121400.0
14,2021-10-17 07:45:01,30650.0,10400.0,120400.0
15,2021-10-17 07:45:01,30650.0,500.0,110000.0
16,2021-10-17 07:45:01,30650.0,100.0,109500.0
17,2021-10-17 07:45:01,30650.0,900.0,109400.0
18,2021-10-17 07:45:01,30650.0,100.0,108500.0
19,2021-10-17 07:45:01,30650.0,1000.0,108400.0
20,2021-10-17 07:29:33,30800.0,100.0,107400.0
21,2021-10-17 07:27:50,30700.0,400.0,107300.0
22,2021-10-17 07:27:48,30700.0,1000.0,106900.0
23,2021-10-17 07:27:40,30700.0,100.0,105900.0
24,2021-10-17 07:27:22,30700.0,1000.0,105800.0
25,2021-10-17 07:26:19,30650.0,400.0,104800.0
26,2021-10-17 07:24:29,30650.0,1000.0,104400.0
27,2021-10-17 07:24:25,30700.0,200.0,103400.0
28,2021-10-17 07:24:21,30700.0,5000.0,103200.0
29,2021-10-17 07:24:14,30700.0,1000.0,98200.0
30,2021-10-17 07:24:00,30700.0,2000.0,97200.0
31,2021-10-17 07:23:00,30700.0,100.0,95200.0
32,2021-10-17 07:22:51,30650.0,300.0,95100.0
33,2021-10-17 07:22:51,30650.0,100.0,94800.0
34,2021-10-17 07:22:51,30650.0,100.0,94700.0
35,2021-10-17 07:20:41,30700.0,500.0,94600.0
36,2021-10-17 07:20:10,30700.0,300.0,94100.0
37,2021-10-17 07:20:10,30700.0,900.0,93800.0
38,2021-10-17 07:20:10,30700.0,500.0,92900.0
39,2021-10-17 07:20:10,30700.0,1400.0,92400.0
40,2021-10-17 07:18:52,30700.0,200.0,91000.0
41,2021-10-17 07:18:03,30700.0,200.0,90800.0
42,2021-10-17 07:17:49,30800.0,1600.0,90600.0
43,2021-10-17 07:16:41,30700.0,200.0,89000.0
44,2021-10-17 07:16:41,30700.0,400.0,88800.0
45,2021-10-17 07:16:41,30700.0,100.0,88400.0
46,2021-10-17 07:16:41,30700.0,300.0,88300.0
47,2021-10-17 07:16:08,30700.0,1700.0,88000.0
48,2021-10-17 07:16:08,30700.0,200.0,86300.0
49,2021-10-17 07:16:08,30700.0,100.0,86100.0
50,2021-10-17 07:16:08,30700.0,300.0,86000.0
51,2021-10-17 07:16:08,30700.0,100.0,85700.0
52,2021-10-17 07:16:08,30800.0,300.0,85600.0
53,2021-10-17 07:16:08,30800.0,300.0,85300.0
54,2021-10-17 07:11:40,31000.0,300.0,85000.0
55,2021-10-17 07:11:40,31000.0,200.0,84700.0
56,2021-10-17 07:09:11,31000.0,500.0,84500.0
57,2021-10-17 07:00:31,31000.0,1500.0,84000.0
58,2021-10-17 07:00:08,31000.0,1000.0,82500.0
59,2021-10-17 06:55:38,31000.0,1000.0,81500.0
60,2021-10-17 06:51:02,31000.0,300.0,80500.0
61,2021-10-17 06:51:02,31000.0,200.0,80200.0
62,2021-10-17 06:51:02,31000.0,1000.0,80000.0
63,2021-10-17 06:47:53,30800.0,900.0,79000.0
64,2021-10-17 06:47:53,30800.0,100.0,78100.0
65,2021-10-17 06:47:53,30800.0,2600.0,78000.0
66,2021-10-17 06:47:53,30800.0,300.0,75400.0
67,2021-10-17 06:47:53,30800.0,100.0,75100.0
68,2021-10-17 06:47:53,30800.0,2000.0,75000.0
69,2021-10-17 06:47:53,30800.0,1000.0,73000.0
70,2021-10-17 06:47:53,30800.0,2000.0,72000.0
71,2021-10-17 06:47:53,30800.0,100.0,70000.0
72,2021-10-17 06:47:53,30850.0,1400.0,69900.0
73,2021-10-17 06:47:53,30850.0,2000.0,68500.0
74,2021-10-17 06:47:53,30850.0,100.0,66500.0
75,2021-10-17 06:45:40,30950.0,100.0,66400.0
76,2021-10-17 06:44:41,30900.0,500.0,66300.0
77,2021-10-17 06:44:26,30900.0,800.0,65800.0
78,2021-10-17 06:43:34,30900.0,100.0,65000.0
79,2021-10-17 06:41:57,30900.0,600.0,64900.0
80,2021-10-17 06:41:57,30900.0,1000.0,64300.0
81,2021-10-17 06:41:35,30900.0,300.0,63300.0
82,2021-10-17 06:41:35,30900.0,1800.0,63000.0
83,2021-10-17 06:40:55,30950.0,100.0,61200.0
84,2021-10-17 06:36:53,30950.0,300.0,61100.0
85,2021-10-17 06:36:53,30950.0,500.0,60800.0
86,2021-10-17 06:35:24,30950.0,100.0,60300.0
87,2021-10-17 06:34:24,30950.0,1000.0,60200.0
88,2021-10-17 06:33:22,30950.0,400.0,59200.0
89,2021-10-17 06:33:22,30950.0,200.0,58800.0
90,2021-10-17 06:33:22,30950.0,400.0,58600.0
91,2021-10-17 06:32:58,30950.0,400.0,58200.0
92,2021-10-17 06:21:19,30950.0,700.0,57800.0
93,2021-10-17 06:21:00,30950.0,1300.0,57100.0
94,2021-10-17 06:20:49,30950.0,700.0,55800.0
95,2021-10-17 06:16:33,30900.0,200.0,55100.0
96,2021-10-17 06:16:33,30900.0,100.0,54900.0
97,2021-10-17 06:16:33,30900.0,200.0,54800.0
98,2021-10-17 06:16:26,30900.0,300.0,54600.0
99,2021-10-17 06:16:26,30900.0,100.0,54300.0
100,2021-10-17 06:08:54,30900.0,800.0,54200.0
101,2021-10-17 06:06:18,30900.0,100.0,53400.0
102,2021-10-17 06:06:18,30900.0,300.0,53300.0
103,2021-10-17 06:06:18,30950.0,100.0,53000.0
104,2021-10-17 06:03:57,30950.0,200.0,52900.0
105,2021-10-17 04:23:21,30950.0,200.0,52700.0
106,2021-10-17 04:20:03,30950.0,200.0,52500.0
107,2021-10-17 04:20:03,30950.0,100.0,52300.0
108,2021-10-17 04:20:03,30950.0,200.0,52200.0
109,2021-10-17 04:18:55,30950.0,1200.0,52000.0
110,2021-10-17 04:18:55,30950.0,200.0,50800.0
111,2021-10-17 04:18:47,30950.0,300.0,50600.0
112,2021-10-17 04:18:47,30950.0,100.0,50300.0
113,2021-10-17 04:17:26,31000.0,1000.0,50200.0
114,2021-10-17 04:10:01,30950.0,100.0,49200.0
115,2021-10-17 04:09:13,30950.0,800.0,49100.0
116,2021-10-17 04:03:20,30950.0,700.0,48300.0
117,2021-10-17 03:54:54,30950.0,300.0,47600.0
118,2021-10-17 03:53:44,30950.0,600.0,47300.0
119,2021-10-17 03:49:38,30950.0,1000.0,46700.0
120,2021-10-17 03:43:50,30950.0,100.0,45700.0
121,2021-10-17 03:36:50,30800.0,100.0,45600.0
122,2021-10-17 03:36:50,30800.0,200.0,45500.0
123,2021-10-17 03:32:43,30800.0,200.0,45300.0
124,2021-10-17 03:32:43,30800.0,500.0,45100.0
125,2021-10-17 03:32:43,30800.0,500.0,44600.0
126,2021-10-17 03:32:43,30850.0,100.0,44100.0
127,2021-10-17 03:32:43,30850.0,400.0,44000.0
128,2021-10-17 03:32:43,30900.0,300.0,43600.0
129,2021-10-17 03:29:35,30850.0,600.0,43300.0
130,2021-10-17 03:27:53,30800.0,500.0,42700.0
131,2021-10-17 03:27:53,30800.0,100.0,42200.0
132,2021-10-17 03:27:53,30800.0,400.0,42100.0
133,2021-10-17 03:22:26,30800.0,100.0,41700.0
134,2021-10-17 03:22:26,30800.0,100.0,41600.0
135,2021-10-17 03:22:26,30800.0,100.0,41500.0
136,2021-10-17 03:22:26,30800.0,1000.0,41400.0
137,2021-10-17 03:22:26,30900.0,200.0,40400.0
138,2021-10-17 03:22:25,30900.0,100.0,40200.0
139,2021-10-17 03:19:48,30900.0,1000.0,40100.0
140,2021-10-17 03:18:55,30900.0,500.0,39100.0
141,2021-10-17 03:18:55,30900.0,400.0,38600.0
142,2021-10-17 03:16:52,30900.0,100.0,38200.0
143,2021-10-17 03:13:35,30800.0,200.0,38100.0
144,2021-10-17 03:09:51,30800.0,600.0,37900.0
145,2021-10-17 03:07:38,30800.0,200.0,37300.0
146,2021-10-17 03:07:38,30800.0,200.0,37100.0
147,2021-10-17 03:07:38,30800.0,400.0,36900.0
148,2021-10-17 02:58:21,30800.0,1700.0,36500.0
149,2021-10-17 02:58:21,30800.0,500.0,34800.0
150,2021-10-17 02:54:58,30900.0,300.0,34300.0
151,2021-10-17 02:53:50,31000.0,100.0,34000.0
152,2021-10-17 02:50:13,31000.0,100.0,33900.0
153,2021-10-17 02:49:03,30800.0,500.0,33800.0
154,2021-10-17 02:49:03,30850.0,1000.0,33300.0
155,2021-10-17 02:49:03,30850.0,300.0,32300.0
156,2021-10-17 02:49:03,30850.0,200.0,32000.0
157,2021-10-17 02:49:03,30850.0,400.0,31800.0
158,2021-10-17 02:49:03,30900.0,100.0,31400.0
159,2021-10-17 02:48:35,30900.0,100.0,31300.0
160,2021-10-17 02:48:35,30900.0,300.0,31200.0
161,2021-10-17 02:46:22,31000.0,300.0,30900.0
162,2021-10-17 02:44:33,30900.0,200.0,30600.0
163,2021-10-17 02:44:29,30900.0,100.0,30400.0
164,2021-10-17 02:44:06,30900.0,200.0,30300.0
165,2021-10-17 02:40:13,30900.0,100.0,30100.0
166,2021-10-17 02:39:13,30850.0,400.0,30000.0
167,2021-10-17 02:34:55,30850.0,200.0,29600.0
168,2021-10-17 02:34:55,30850.0,700.0,29400.0
169,2021-10-17 02:33:35,30850.0,100.0,28700.0
170,2021-10-17 02:33:35,30850.0,800.0,28600.0
171,2021-10-17 02:32:18,30850.0,200.0,27800.0
172,2021-10-17 02:32:18,30850.0,600.0,27600.0
173,2021-10-17 02:29:10,31000.0,500.0,27000.0
174,2021-10-17 02:22:50,31200.0,12000.0,26500.0
175,2021-10-17 02:21:32,30600.0,200.0,14500.0
176,2021-10-17 02:21:32,30650.0,200.0,14300.0
177,2021-10-17 02:21:32,30800.0,10000.0,14100.0
178,2021-10-17 02:21:32,30800.0,200.0,4100.0
179,2021-10-17 02:21:32,30800.0,500.0,3900.0
180,2021-10-17 02:21:32,30800.0,1000.0,3400.0
181,2021-10-17 02:21:32,30800.0,100.0,2400.0
182,2021-10-17 02:21:32,30800.0,100.0,2300.0
183,2021-10-17 02:21:32,30850.0,2000.0,2200.0
184,2021-10-17 02:15:00,30800.0,200.0,200.0
