,Time,Price,Volume_per_trade,Volume
0,2021-10-11 07:45:01,13300.0,1200.0,449600.0
1,2021-10-11 07:45:01,13300.0,100.0,448400.0
2,2021-10-11 07:45:01,13300.0,1000.0,448300.0
3,2021-10-11 07:45:01,13300.0,1700.0,447300.0
4,2021-10-11 07:45:01,13300.0,100.0,445600.0
5,2021-10-11 07:45:01,13300.0,100.0,445500.0
6,2021-10-11 07:45:01,13300.0,1800.0,445400.0
7,2021-10-11 07:45:01,13300.0,100.0,443600.0
8,2021-10-11 07:45:01,13300.0,100.0,443500.0
9,2021-10-11 07:45:01,13300.0,200.0,443400.0
10,2021-10-11 07:45:01,13300.0,100.0,443200.0
11,2021-10-11 07:45:01,13300.0,400.0,443100.0
12,2021-10-11 07:45:01,13300.0,2000.0,442700.0
13,2021-10-11 07:29:42,13200.0,2000.0,440700.0
14,2021-10-11 07:29:03,13200.0,700.0,438700.0
15,2021-10-11 07:29:03,13200.0,200.0,438000.0
16,2021-10-11 07:29:03,13200.0,600.0,437800.0
17,2021-10-11 07:28:56,13200.0,2400.0,437200.0
18,2021-10-11 07:28:56,13200.0,100.0,434800.0
19,2021-10-11 07:28:47,13150.0,5000.0,434700.0
20,2021-10-11 07:28:30,13200.0,3600.0,429700.0
21,2021-10-11 07:28:30,13150.0,200.0,426100.0
22,2021-10-11 07:28:30,13150.0,100.0,425900.0
23,2021-10-11 07:28:30,13150.0,100.0,425800.0
24,2021-10-11 07:28:30,13150.0,1000.0,425700.0
25,2021-10-11 07:26:41,13150.0,100.0,424700.0
26,2021-10-11 07:26:31,13150.0,2000.0,424600.0
27,2021-10-11 07:26:03,13150.0,500.0,422600.0
28,2021-10-11 07:26:03,13150.0,500.0,422100.0
29,2021-10-11 07:25:48,13150.0,100.0,421600.0
30,2021-10-11 07:23:53,13150.0,2000.0,421500.0
31,2021-10-11 07:20:02,13200.0,2500.0,419500.0
32,2021-10-11 07:14:10,13150.0,1200.0,417000.0
33,2021-10-11 07:10:32,13200.0,100.0,415800.0
34,2021-10-11 07:09:04,13200.0,3200.0,415700.0
35,2021-10-11 07:08:57,13150.0,500.0,412500.0
36,2021-10-11 07:08:57,13150.0,700.0,412000.0
37,2021-10-11 07:04:56,13150.0,100.0,411300.0
38,2021-10-11 07:04:56,13150.0,3700.0,411200.0
39,2021-10-11 07:04:56,13150.0,1500.0,407500.0
40,2021-10-11 07:04:56,13150.0,2600.0,406000.0
41,2021-10-11 07:02:06,13150.0,1000.0,403400.0
42,2021-10-11 07:00:41,13150.0,1500.0,402400.0
43,2021-10-11 07:00:05,13150.0,700.0,400900.0
44,2021-10-11 07:00:05,13150.0,3800.0,400200.0
45,2021-10-11 06:59:57,13150.0,1200.0,396400.0
46,2021-10-11 06:59:57,13150.0,300.0,395200.0
47,2021-10-11 06:59:47,13150.0,2000.0,394900.0
48,2021-10-11 06:58:32,13150.0,3400.0,392900.0
49,2021-10-11 06:58:32,13150.0,1900.0,389500.0
50,2021-10-11 06:54:23,13200.0,500.0,387600.0
51,2021-10-11 06:54:23,13200.0,100.0,387100.0
52,2021-10-11 06:54:23,13200.0,200.0,387000.0
53,2021-10-11 06:54:23,13200.0,100.0,386800.0
54,2021-10-11 06:54:23,13200.0,200.0,386700.0
55,2021-10-11 06:54:23,13200.0,100.0,386500.0
56,2021-10-11 06:54:23,13200.0,1300.0,386400.0
57,2021-10-11 06:54:17,13200.0,2700.0,385100.0
58,2021-10-11 06:54:17,13200.0,1000.0,382400.0
59,2021-10-11 06:54:17,13200.0,500.0,381400.0
60,2021-10-11 06:54:17,13200.0,300.0,380900.0
61,2021-10-11 06:54:17,13200.0,800.0,380600.0
62,2021-10-11 06:53:14,13150.0,100.0,379800.0
63,2021-10-11 06:53:14,13150.0,4900.0,379700.0
64,2021-10-11 06:51:24,13150.0,100.0,374800.0
65,2021-10-11 06:51:24,13150.0,5000.0,374700.0
66,2021-10-11 06:51:24,13150.0,1300.0,369700.0
67,2021-10-11 06:51:24,13150.0,400.0,368400.0
68,2021-10-11 06:50:53,13150.0,2700.0,368000.0
69,2021-10-11 06:49:54,13200.0,2500.0,365300.0
70,2021-10-11 06:49:37,13150.0,4400.0,362800.0
71,2021-10-11 06:49:33,13150.0,1200.0,358400.0
72,2021-10-11 06:49:27,13150.0,9400.0,357200.0
73,2021-10-11 06:49:27,13150.0,600.0,347800.0
74,2021-10-11 06:49:15,13150.0,3500.0,347200.0
75,2021-10-11 06:49:04,13150.0,5300.0,343700.0
76,2021-10-11 06:48:58,13150.0,5600.0,338400.0
77,2021-10-11 06:48:46,13150.0,100.0,332800.0
78,2021-10-11 06:48:46,13150.0,5500.0,332700.0
79,2021-10-11 06:48:46,13150.0,100.0,327200.0
80,2021-10-11 06:48:13,13200.0,5000.0,327100.0
81,2021-10-11 06:46:25,13150.0,4100.0,322100.0
82,2021-10-11 06:46:25,13150.0,900.0,318000.0
83,2021-10-11 06:46:19,13150.0,1500.0,317100.0
84,2021-10-11 06:44:58,13150.0,2100.0,315600.0
85,2021-10-11 06:44:52,13150.0,2200.0,313500.0
86,2021-10-11 06:44:39,13150.0,3200.0,311300.0
87,2021-10-11 06:44:39,13150.0,400.0,308100.0
88,2021-10-11 06:44:39,13100.0,1400.0,307700.0
89,2021-10-11 06:44:31,13100.0,2500.0,306300.0
90,2021-10-11 06:44:28,13100.0,4600.0,303800.0
91,2021-10-11 06:44:28,13100.0,700.0,299200.0
92,2021-10-11 06:44:17,13100.0,4300.0,298500.0
93,2021-10-11 06:44:07,13150.0,300.0,294200.0
94,2021-10-11 06:44:07,13150.0,4600.0,293900.0
95,2021-10-11 06:43:31,13150.0,1200.0,289300.0
96,2021-10-11 06:43:31,13150.0,5800.0,288100.0
97,2021-10-11 06:43:31,13150.0,500.0,282300.0
98,2021-10-11 06:43:12,13150.0,4500.0,281800.0
99,2021-10-11 06:42:17,13150.0,500.0,277300.0
100,2021-10-11 06:39:08,13150.0,5000.0,276800.0
101,2021-10-11 06:39:08,13150.0,100.0,271800.0
102,2021-10-11 06:39:08,13150.0,1900.0,271700.0
103,2021-10-11 06:38:53,13150.0,2600.0,269800.0
104,2021-10-11 06:38:49,13150.0,200.0,267200.0
105,2021-10-11 06:38:42,13150.0,2300.0,267000.0
106,2021-10-11 06:38:42,13150.0,500.0,264700.0
107,2021-10-11 06:38:20,13150.0,2600.0,264200.0
108,2021-10-11 06:38:06,13150.0,2200.0,261600.0
109,2021-10-11 06:37:56,13150.0,1500.0,259400.0
110,2021-10-11 06:37:56,13150.0,1700.0,257900.0
111,2021-10-11 06:35:36,13200.0,1700.0,256200.0
112,2021-10-11 06:35:36,13200.0,2000.0,254500.0
113,2021-10-11 06:35:36,13200.0,1300.0,252500.0
114,2021-10-11 06:35:27,13150.0,1200.0,251200.0
115,2021-10-11 06:35:27,13150.0,2100.0,250000.0
116,2021-10-11 06:35:21,13150.0,500.0,247900.0
117,2021-10-11 06:35:12,13150.0,1100.0,247400.0
118,2021-10-11 06:35:12,13150.0,900.0,246300.0
119,2021-10-11 06:35:07,13150.0,2600.0,245400.0
120,2021-10-11 06:34:58,13150.0,1500.0,242800.0
121,2021-10-11 06:33:51,13150.0,8500.0,241300.0
122,2021-10-11 06:33:46,13150.0,1500.0,232800.0
123,2021-10-11 06:33:35,13100.0,700.0,231300.0
124,2021-10-11 06:33:32,13100.0,500.0,230600.0
125,2021-10-11 06:33:32,13100.0,2600.0,230100.0
126,2021-10-11 06:33:32,13100.0,1900.0,227500.0
127,2021-10-11 06:33:19,13100.0,1800.0,225600.0
128,2021-10-11 06:33:00,13050.0,500.0,223800.0
129,2021-10-11 06:33:00,13050.0,300.0,223300.0
130,2021-10-11 06:33:00,13100.0,1500.0,223000.0
131,2021-10-11 06:33:00,13100.0,200.0,221500.0
132,2021-10-11 06:32:50,13100.0,100.0,221300.0
133,2021-10-11 06:32:50,13100.0,600.0,221200.0
134,2021-10-11 06:32:50,13100.0,100.0,220600.0
135,2021-10-11 06:31:50,13050.0,200.0,220500.0
136,2021-10-11 06:31:50,13050.0,300.0,220300.0
137,2021-10-11 06:31:50,13050.0,700.0,220000.0
138,2021-10-11 06:31:50,13050.0,500.0,219300.0
139,2021-10-11 06:31:23,13050.0,2500.0,218800.0
140,2021-10-11 06:31:17,13050.0,2000.0,216300.0
141,2021-10-11 06:31:03,13000.0,4400.0,214300.0
142,2021-10-11 06:30:58,13000.0,500.0,209900.0
143,2021-10-11 06:30:57,13000.0,100.0,209400.0
144,2021-10-11 06:30:55,13000.0,2000.0,209300.0
145,2021-10-11 06:30:55,13000.0,1400.0,207300.0
146,2021-10-11 06:30:50,13000.0,2500.0,205900.0
147,2021-10-11 06:30:35,13000.0,100.0,203400.0
148,2021-10-11 06:22:25,13000.0,1000.0,203300.0
149,2021-10-11 06:21:57,13000.0,100.0,202300.0
150,2021-10-11 06:18:51,13000.0,200.0,202200.0
151,2021-10-11 06:17:02,13000.0,100.0,202000.0
152,2021-10-11 06:17:02,13000.0,200.0,201900.0
153,2021-10-11 06:17:02,13000.0,200.0,201700.0
154,2021-10-11 06:16:46,13000.0,200.0,201500.0
155,2021-10-11 06:16:31,13000.0,600.0,201300.0
156,2021-10-11 06:16:31,13000.0,300.0,200700.0
157,2021-10-11 06:16:31,13000.0,100.0,200400.0
158,2021-10-11 06:15:20,13000.0,200.0,200300.0
159,2021-10-11 06:15:20,13000.0,3200.0,200100.0
160,2021-10-11 06:15:05,13000.0,3000.0,196900.0
161,2021-10-11 06:14:22,13000.0,100.0,193900.0
162,2021-10-11 06:12:54,13000.0,500.0,193800.0
163,2021-10-11 06:12:51,13000.0,1200.0,193300.0
164,2021-10-11 06:12:47,13000.0,200.0,192100.0
165,2021-10-11 06:12:27,13000.0,600.0,191900.0
166,2021-10-11 06:12:10,13000.0,1200.0,191300.0
167,2021-10-11 06:12:09,13000.0,100.0,190100.0
168,2021-10-11 06:10:14,13000.0,100.0,190000.0
169,2021-10-11 06:10:14,13000.0,300.0,189900.0
170,2021-10-11 06:10:14,13000.0,400.0,189600.0
171,2021-10-11 06:10:14,13000.0,200.0,189200.0
172,2021-10-11 06:09:20,13000.0,1000.0,189000.0
173,2021-10-11 06:07:34,13000.0,100.0,188000.0
174,2021-10-11 06:05:31,13000.0,700.0,187900.0
175,2021-10-11 06:05:22,13000.0,4800.0,187200.0
176,2021-10-11 06:05:22,13000.0,200.0,182400.0
177,2021-10-11 06:05:09,13000.0,12500.0,182200.0
178,2021-10-11 06:05:05,13000.0,1000.0,169700.0
179,2021-10-11 06:04:55,13000.0,2500.0,168700.0
180,2021-10-11 06:03:31,13000.0,2200.0,166200.0
181,2021-10-11 06:03:31,13000.0,100.0,164000.0
182,2021-10-11 06:03:31,13000.0,200.0,163900.0
183,2021-10-11 06:02:35,13000.0,1000.0,163700.0
184,2021-10-11 06:02:21,13000.0,200.0,162700.0
185,2021-10-11 06:02:14,13000.0,200.0,162500.0
186,2021-10-11 06:02:14,13000.0,100.0,162300.0
187,2021-10-11 06:02:14,13000.0,300.0,162200.0
188,2021-10-11 06:02:14,13000.0,100.0,161900.0
189,2021-10-11 06:02:14,13000.0,2400.0,161800.0
190,2021-10-11 06:00:40,13000.0,400.0,159400.0
191,2021-10-11 06:00:01,13000.0,2200.0,159000.0
192,2021-10-11 06:00:01,13000.0,1000.0,156800.0
193,2021-10-11 06:00:01,13000.0,100.0,155800.0
194,2021-10-11 04:27:38,13000.0,100.0,155700.0
195,2021-10-11 04:27:38,13000.0,500.0,155600.0
196,2021-10-11 04:27:38,13000.0,500.0,155100.0
197,2021-10-11 04:27:38,13000.0,1000.0,154600.0
198,2021-10-11 04:27:38,13000.0,3300.0,153600.0
199,2021-10-11 04:21:15,13000.0,500.0,150300.0
200,2021-10-11 04:17:11,13000.0,300.0,149800.0
201,2021-10-11 04:16:58,13000.0,300.0,149500.0
202,2021-10-11 04:16:58,13000.0,200.0,149200.0
203,2021-10-11 04:16:58,13000.0,500.0,149000.0
204,2021-10-11 04:14:41,13000.0,200.0,148500.0
205,2021-10-11 04:14:41,13000.0,400.0,148300.0
206,2021-10-11 04:14:41,13000.0,100.0,147900.0
207,2021-10-11 04:14:41,13000.0,300.0,147800.0
208,2021-10-11 04:11:36,13000.0,300.0,147500.0
209,2021-10-11 04:11:36,13000.0,500.0,147200.0
210,2021-10-11 04:11:15,13050.0,100.0,146700.0
211,2021-10-11 04:10:39,13000.0,1200.0,146600.0
212,2021-10-11 04:10:25,13000.0,200.0,145400.0
213,2021-10-11 04:09:57,13000.0,100.0,145200.0
214,2021-10-11 04:09:57,13000.0,1200.0,145100.0
215,2021-10-11 04:09:57,13000.0,300.0,143900.0
216,2021-10-11 04:09:57,13000.0,300.0,143600.0
217,2021-10-11 04:09:43,13050.0,100.0,143300.0
218,2021-10-11 03:57:23,13050.0,200.0,143200.0
219,2021-10-11 03:56:50,13050.0,100.0,143000.0
220,2021-10-11 03:55:20,13050.0,1700.0,142900.0
221,2021-10-11 03:54:01,13050.0,100.0,141200.0
222,2021-10-11 03:48:41,13000.0,400.0,141100.0
223,2021-10-11 03:46:52,13000.0,1300.0,140700.0
224,2021-10-11 03:46:52,13000.0,500.0,139400.0
225,2021-10-11 03:46:52,13000.0,400.0,138900.0
226,2021-10-11 03:46:52,13000.0,100.0,138500.0
227,2021-10-11 03:46:52,13000.0,100.0,138400.0
228,2021-10-11 03:46:52,13000.0,100.0,138300.0
229,2021-10-11 03:38:48,13000.0,400.0,138200.0
230,2021-10-11 03:38:48,13000.0,5000.0,137800.0
231,2021-10-11 03:38:48,13000.0,400.0,132800.0
232,2021-10-11 03:38:48,13000.0,300.0,132400.0
233,2021-10-11 03:38:48,13000.0,100.0,132100.0
234,2021-10-11 03:38:48,13000.0,100.0,132000.0
235,2021-10-11 03:38:48,13000.0,500.0,131900.0
236,2021-10-11 03:38:48,13000.0,500.0,131400.0
237,2021-10-11 03:38:48,13000.0,2500.0,130900.0
238,2021-10-11 03:38:48,13000.0,200.0,128400.0
239,2021-10-11 03:38:48,13000.0,100.0,128200.0
240,2021-10-11 03:38:48,13000.0,1200.0,128100.0
241,2021-10-11 03:33:28,13000.0,100.0,126900.0
242,2021-10-11 03:31:55,13000.0,100.0,126800.0
243,2021-10-11 03:29:13,13050.0,100.0,126700.0
244,2021-10-11 03:29:13,13050.0,2000.0,126600.0
245,2021-10-11 03:29:13,13050.0,100.0,124600.0
246,2021-10-11 03:29:08,13050.0,200.0,124500.0
247,2021-10-11 03:23:46,13050.0,100.0,124300.0
248,2021-10-11 03:23:46,13050.0,900.0,124200.0
249,2021-10-11 03:20:03,13100.0,1000.0,123300.0
250,2021-10-11 03:20:00,13100.0,14000.0,122300.0
251,2021-10-11 03:19:44,13050.0,700.0,108300.0
252,2021-10-11 03:19:44,13150.0,400.0,107600.0
253,2021-10-11 03:08:56,13200.0,1200.0,107200.0
254,2021-10-11 03:08:18,13200.0,700.0,106000.0
255,2021-10-11 03:06:41,13200.0,200.0,105300.0
256,2021-10-11 03:06:13,13200.0,900.0,105100.0
257,2021-10-11 03:04:44,13200.0,100.0,104200.0
258,2021-10-11 03:04:44,13200.0,1000.0,104100.0
259,2021-10-11 03:04:44,13200.0,500.0,103100.0
260,2021-10-11 03:04:44,13200.0,1000.0,102600.0
261,2021-10-11 03:04:44,13200.0,500.0,101600.0
262,2021-10-11 03:04:05,13150.0,100.0,101100.0
263,2021-10-11 03:04:02,13150.0,100.0,101000.0
264,2021-10-11 03:02:26,13150.0,500.0,100900.0
265,2021-10-11 03:02:21,13150.0,14300.0,100400.0
266,2021-10-11 03:02:21,13150.0,200.0,86100.0
267,2021-10-11 02:53:43,13100.0,500.0,85900.0
268,2021-10-11 02:51:49,13100.0,1600.0,85400.0
269,2021-10-11 02:51:48,13100.0,500.0,83800.0
270,2021-10-11 02:51:37,13100.0,7000.0,83300.0
271,2021-10-11 02:51:37,13100.0,500.0,76300.0
272,2021-10-11 02:51:29,13100.0,5300.0,75800.0
273,2021-10-11 02:51:29,13100.0,500.0,70500.0
274,2021-10-11 02:50:49,13050.0,400.0,70000.0
275,2021-10-11 02:50:09,13000.0,600.0,69600.0
276,2021-10-11 02:50:09,13000.0,400.0,69000.0
277,2021-10-11 02:49:44,13000.0,100.0,68600.0
278,2021-10-11 02:45:55,13000.0,500.0,68500.0
279,2021-10-11 02:45:55,13000.0,1100.0,68000.0
280,2021-10-11 02:45:19,13000.0,800.0,66900.0
281,2021-10-11 02:44:20,13000.0,100.0,66100.0
282,2021-10-11 02:42:41,13000.0,200.0,66000.0
283,2021-10-11 02:42:41,13000.0,200.0,65800.0
284,2021-10-11 02:42:32,13000.0,300.0,65600.0
285,2021-10-11 02:42:23,13000.0,100.0,65300.0
286,2021-10-11 02:42:13,13000.0,100.0,65200.0
287,2021-10-11 02:42:13,13000.0,100.0,65100.0
288,2021-10-11 02:42:13,13000.0,200.0,65000.0
289,2021-10-11 02:42:06,13000.0,300.0,64800.0
290,2021-10-11 02:41:54,13000.0,200.0,64500.0
291,2021-10-11 02:40:55,13000.0,300.0,64300.0
292,2021-10-11 02:40:47,13000.0,100.0,64000.0
293,2021-10-11 02:40:41,13000.0,100.0,63900.0
294,2021-10-11 02:40:41,13000.0,500.0,63800.0
295,2021-10-11 02:40:41,13000.0,100.0,63300.0
296,2021-10-11 02:40:37,13000.0,500.0,63200.0
297,2021-10-11 02:40:37,13000.0,200.0,62700.0
298,2021-10-11 02:40:37,13000.0,100.0,62500.0
299,2021-10-11 02:40:37,13000.0,100.0,62400.0
300,2021-10-11 02:40:37,13000.0,100.0,62300.0
301,2021-10-11 02:40:02,13000.0,300.0,62200.0
302,2021-10-11 02:39:45,13000.0,100.0,61900.0
303,2021-10-11 02:39:45,13000.0,300.0,61800.0
304,2021-10-11 02:39:45,13000.0,100.0,61500.0
305,2021-10-11 02:38:27,13050.0,200.0,61400.0
306,2021-10-11 02:36:05,13050.0,1000.0,61200.0
307,2021-10-11 02:33:05,13000.0,600.0,60200.0
308,2021-10-11 02:33:05,13000.0,6400.0,59600.0
309,2021-10-11 02:32:15,13000.0,500.0,53200.0
310,2021-10-11 02:31:58,13000.0,100.0,52700.0
311,2021-10-11 02:31:50,13000.0,100.0,52600.0
312,2021-10-11 02:31:41,13000.0,1500.0,52500.0
313,2021-10-11 02:31:33,13000.0,1400.0,51000.0
314,2021-10-11 02:31:24,13000.0,1000.0,49600.0
315,2021-10-11 02:31:11,13050.0,100.0,48600.0
316,2021-10-11 02:31:11,13050.0,300.0,48500.0
317,2021-10-11 02:29:01,13100.0,200.0,48200.0
318,2021-10-11 02:29:01,13150.0,100.0,48000.0
319,2021-10-11 02:27:50,13150.0,900.0,47900.0
320,2021-10-11 02:27:50,13150.0,100.0,47000.0
321,2021-10-11 02:27:48,13150.0,100.0,46900.0
322,2021-10-11 02:26:19,13200.0,200.0,46800.0
323,2021-10-11 02:25:46,13200.0,300.0,46600.0
324,2021-10-11 02:25:40,13200.0,100.0,46300.0
325,2021-10-11 02:25:29,13200.0,200.0,46200.0
326,2021-10-11 02:23:09,13200.0,500.0,46000.0
327,2021-10-11 02:23:06,13200.0,100.0,45500.0
328,2021-10-11 02:22:59,13200.0,1000.0,45400.0
329,2021-10-11 02:22:55,13200.0,100.0,44400.0
330,2021-10-11 02:22:49,13200.0,200.0,44300.0
331,2021-10-11 02:22:43,13200.0,100.0,44100.0
332,2021-10-11 02:22:18,13200.0,200.0,44000.0
333,2021-10-11 02:22:04,13250.0,1300.0,43800.0
334,2021-10-11 02:22:02,13300.0,500.0,42500.0
335,2021-10-11 02:21:32,13250.0,6000.0,42000.0
336,2021-10-11 02:20:36,13250.0,2500.0,36000.0
337,2021-10-11 02:19:43,13250.0,2500.0,33500.0
338,2021-10-11 02:19:43,13250.0,2500.0,31000.0
339,2021-10-11 02:19:27,13250.0,700.0,28500.0
340,2021-10-11 02:19:20,13250.0,300.0,27800.0
341,2021-10-11 02:19:15,13250.0,1000.0,27500.0
342,2021-10-11 02:19:07,13250.0,500.0,26500.0
343,2021-10-11 02:19:02,13250.0,1000.0,26000.0
344,2021-10-11 02:16:38,13200.0,200.0,25000.0
345,2021-10-11 02:16:18,13200.0,2800.0,24800.0
346,2021-10-11 02:15:25,13200.0,200.0,22000.0
347,2021-10-11 02:15:19,13200.0,100.0,21800.0
348,2021-10-11 02:15:00,13200.0,900.0,21700.0
349,2021-10-11 02:15:00,13200.0,100.0,20800.0
350,2021-10-11 02:15:00,13200.0,1600.0,20700.0
351,2021-10-11 02:15:00,13200.0,500.0,19100.0
352,2021-10-11 02:15:00,13200.0,16500.0,18600.0
353,2021-10-11 02:15:00,13200.0,2100.0,2100.0
