,Time,Price,Volume_per_trade,Volume
0,2021-10-17 07:45:01,13600.0,1000.0,403300.0
1,2021-10-17 07:45:01,13600.0,1200.0,402300.0
2,2021-10-17 07:45:01,13600.0,800.0,401100.0
3,2021-10-17 07:45:01,13600.0,900.0,400300.0
4,2021-10-17 07:45:01,13600.0,100.0,399400.0
5,2021-10-17 07:45:01,13600.0,500.0,399300.0
6,2021-10-17 07:29:36,13600.0,500.0,398800.0
7,2021-10-17 07:29:36,13600.0,300.0,398300.0
8,2021-10-17 07:29:21,13600.0,100.0,398000.0
9,2021-10-17 07:29:21,13600.0,1000.0,397900.0
10,2021-10-17 07:29:21,13600.0,100.0,396900.0
11,2021-10-17 07:29:21,13600.0,300.0,396800.0
12,2021-10-17 07:29:21,13500.0,2000.0,396500.0
13,2021-10-17 07:29:09,13550.0,1000.0,394500.0
14,2021-10-17 07:29:09,13550.0,1000.0,393500.0
15,2021-10-17 07:29:09,13550.0,1000.0,392500.0
16,2021-10-17 07:28:54,13500.0,100.0,391500.0
17,2021-10-17 07:28:50,13500.0,2400.0,391400.0
18,2021-10-17 07:28:45,13500.0,2400.0,389000.0
19,2021-10-17 07:28:45,13500.0,300.0,386600.0
20,2021-10-17 07:28:45,13500.0,1200.0,386300.0
21,2021-10-17 07:28:45,13500.0,1000.0,385100.0
22,2021-10-17 07:28:45,13500.0,600.0,384100.0
23,2021-10-17 07:27:35,13500.0,900.0,383500.0
24,2021-10-17 07:27:35,13500.0,500.0,382600.0
25,2021-10-17 07:27:35,13500.0,600.0,382100.0
26,2021-10-17 07:26:19,13500.0,100.0,381500.0
27,2021-10-17 07:24:11,13500.0,600.0,381400.0
28,2021-10-17 07:22:35,13500.0,1000.0,380800.0
29,2021-10-17 07:22:35,13500.0,1200.0,379800.0
30,2021-10-17 07:22:20,13500.0,800.0,378600.0
31,2021-10-17 07:22:20,13500.0,300.0,377800.0
32,2021-10-17 07:22:20,13500.0,1000.0,377500.0
33,2021-10-17 07:22:20,13500.0,300.0,376500.0
34,2021-10-17 07:22:20,13500.0,1500.0,376200.0
35,2021-10-17 07:22:20,13500.0,400.0,374700.0
36,2021-10-17 07:22:20,13500.0,300.0,374300.0
37,2021-10-17 07:22:20,13500.0,9800.0,374000.0
38,2021-10-17 07:21:51,13550.0,1800.0,364200.0
39,2021-10-17 07:21:40,13550.0,200.0,362400.0
40,2021-10-17 07:21:17,13500.0,5000.0,362200.0
41,2021-10-17 07:21:01,13550.0,600.0,357200.0
42,2021-10-17 07:20:29,13550.0,100.0,356600.0
43,2021-10-17 07:20:26,13550.0,4000.0,356500.0
44,2021-10-17 07:19:41,13550.0,200.0,352500.0
45,2021-10-17 07:19:32,13550.0,100.0,352300.0
46,2021-10-17 07:15:24,13600.0,100.0,352200.0
47,2021-10-17 07:14:52,13600.0,1000.0,352100.0
48,2021-10-17 07:14:52,13600.0,1800.0,351100.0
49,2021-10-17 07:14:52,13600.0,100.0,349300.0
50,2021-10-17 07:11:54,13600.0,3100.0,349200.0
51,2021-10-17 07:10:52,13600.0,900.0,346100.0
52,2021-10-17 07:10:52,13600.0,900.0,345200.0
53,2021-10-17 07:10:50,13600.0,100.0,344300.0
54,2021-10-17 07:10:50,13600.0,900.0,344200.0
55,2021-10-17 07:03:41,13600.0,100.0,343300.0
56,2021-10-17 07:02:48,13600.0,1000.0,343200.0
57,2021-10-17 07:01:47,13600.0,1000.0,342200.0
58,2021-10-17 07:00:31,13600.0,1500.0,341200.0
59,2021-10-17 06:59:57,13600.0,1500.0,339700.0
60,2021-10-17 06:59:51,13600.0,200.0,338200.0
61,2021-10-17 06:59:43,13600.0,2000.0,338000.0
62,2021-10-17 06:59:37,13600.0,3800.0,336000.0
63,2021-10-17 06:58:42,13600.0,3500.0,332200.0
64,2021-10-17 06:57:03,13600.0,1500.0,328700.0
65,2021-10-17 06:55:05,13600.0,2000.0,327200.0
66,2021-10-17 06:54:55,13600.0,700.0,325200.0
67,2021-10-17 06:54:55,13600.0,300.0,324500.0
68,2021-10-17 06:54:49,13500.0,15000.0,324200.0
69,2021-10-17 06:54:49,13550.0,5000.0,309200.0
70,2021-10-17 06:51:12,13600.0,200.0,304200.0
71,2021-10-17 06:51:03,13600.0,400.0,304000.0
72,2021-10-17 06:50:51,13600.0,400.0,303600.0
73,2021-10-17 06:50:51,13600.0,100.0,303200.0
74,2021-10-17 06:50:51,13600.0,100.0,303100.0
75,2021-10-17 06:50:39,13600.0,200.0,303000.0
76,2021-10-17 06:50:36,13600.0,100.0,302800.0
77,2021-10-17 06:50:36,13600.0,900.0,302700.0
78,2021-10-17 06:50:28,13600.0,200.0,301800.0
79,2021-10-17 06:50:21,13600.0,100.0,301600.0
80,2021-10-17 06:50:08,13600.0,200.0,301500.0
81,2021-10-17 06:49:59,13600.0,1000.0,301300.0
82,2021-10-17 06:49:50,13600.0,100.0,300300.0
83,2021-10-17 06:49:43,13600.0,600.0,300200.0
84,2021-10-17 06:49:35,13600.0,900.0,299600.0
85,2021-10-17 06:49:35,13600.0,500.0,298700.0
86,2021-10-17 06:48:48,13650.0,200.0,298200.0
87,2021-10-17 06:43:23,13650.0,1000.0,298000.0
88,2021-10-17 06:40:02,13650.0,100.0,297000.0
89,2021-10-17 06:38:07,13650.0,2100.0,296900.0
90,2021-10-17 06:35:41,13700.0,1700.0,294800.0
91,2021-10-17 06:35:41,13650.0,500.0,293100.0
92,2021-10-17 06:35:41,13650.0,1000.0,292600.0
93,2021-10-17 06:35:41,13650.0,800.0,291600.0
94,2021-10-17 06:35:41,13650.0,400.0,290800.0
95,2021-10-17 06:35:41,13650.0,1000.0,290400.0
96,2021-10-17 06:35:41,13650.0,500.0,289400.0
97,2021-10-17 06:35:41,13650.0,2400.0,288900.0
98,2021-10-17 06:35:41,13650.0,2000.0,286500.0
99,2021-10-17 06:35:41,13650.0,100.0,284500.0
100,2021-10-17 06:35:41,13650.0,4600.0,284400.0
101,2021-10-17 06:35:17,13650.0,1000.0,279800.0
102,2021-10-17 06:35:16,13500.0,12000.0,278800.0
103,2021-10-17 06:35:16,13500.0,100.0,266800.0
104,2021-10-17 06:35:16,13500.0,2000.0,266700.0
105,2021-10-17 06:35:16,13500.0,2000.0,264700.0
106,2021-10-17 06:35:16,13500.0,100.0,262700.0
107,2021-10-17 06:35:16,13500.0,1000.0,262600.0
108,2021-10-17 06:35:16,13500.0,300.0,261600.0
109,2021-10-17 06:35:16,13500.0,100.0,261300.0
110,2021-10-17 06:35:16,13550.0,1000.0,261200.0
111,2021-10-17 06:35:16,13550.0,200.0,260200.0
112,2021-10-17 06:35:16,13550.0,500.0,260000.0
113,2021-10-17 06:35:16,13550.0,500.0,259500.0
114,2021-10-17 06:35:16,13550.0,3100.0,259000.0
115,2021-10-17 06:35:16,13550.0,100.0,255900.0
116,2021-10-17 06:35:16,13550.0,500.0,255800.0
117,2021-10-17 06:35:16,13550.0,2000.0,255300.0
118,2021-10-17 06:35:16,13550.0,1000.0,253300.0
119,2021-10-17 06:35:16,13550.0,200.0,252300.0
120,2021-10-17 06:35:16,13600.0,1000.0,252100.0
121,2021-10-17 06:35:16,13600.0,3000.0,251100.0
122,2021-10-17 06:35:16,13600.0,100.0,248100.0
123,2021-10-17 06:35:16,13600.0,1000.0,248000.0
124,2021-10-17 06:35:16,13600.0,200.0,247000.0
125,2021-10-17 06:35:16,13600.0,900.0,246800.0
126,2021-10-17 06:35:16,13600.0,1000.0,245900.0
127,2021-10-17 06:35:16,13600.0,100.0,244900.0
128,2021-10-17 06:35:16,13600.0,1000.0,244800.0
129,2021-10-17 06:35:16,13600.0,5000.0,243800.0
130,2021-10-17 06:34:50,13600.0,1300.0,238800.0
131,2021-10-17 06:30:50,13650.0,100.0,237500.0
132,2021-10-17 06:20:41,13650.0,100.0,237400.0
133,2021-10-17 06:17:23,13650.0,1500.0,237300.0
134,2021-10-17 06:17:23,13650.0,500.0,235800.0
135,2021-10-17 06:13:17,13650.0,500.0,235300.0
136,2021-10-17 06:10:34,13600.0,1000.0,234800.0
137,2021-10-17 06:09:16,13600.0,200.0,233800.0
138,2021-10-17 06:08:02,13600.0,2500.0,233600.0
139,2021-10-17 06:08:02,13600.0,200.0,231100.0
140,2021-10-17 06:08:02,13600.0,2000.0,230900.0
141,2021-10-17 06:08:02,13600.0,300.0,228900.0
142,2021-10-17 06:00:28,13600.0,100.0,228600.0
143,2021-10-17 04:29:43,13600.0,600.0,228500.0
144,2021-10-17 04:29:29,13600.0,1200.0,227900.0
145,2021-10-17 04:29:18,13600.0,900.0,226700.0
146,2021-10-17 04:29:13,13600.0,3000.0,225800.0
147,2021-10-17 04:29:13,13600.0,700.0,222800.0
148,2021-10-17 04:29:13,13600.0,300.0,222100.0
149,2021-10-17 04:29:13,13600.0,200.0,221800.0
150,2021-10-17 04:29:13,13600.0,500.0,221600.0
151,2021-10-17 04:29:13,13600.0,2500.0,221100.0
152,2021-10-17 04:29:13,13600.0,100.0,218600.0
153,2021-10-17 04:18:14,13650.0,1000.0,218500.0
154,2021-10-17 04:18:14,13650.0,2000.0,217500.0
155,2021-10-17 04:07:30,13700.0,1000.0,215500.0
156,2021-10-17 04:06:40,13700.0,300.0,214500.0
157,2021-10-17 04:03:06,13750.0,100.0,214200.0
158,2021-10-17 04:02:30,13700.0,200.0,214100.0
159,2021-10-17 04:02:30,13700.0,200.0,213900.0
160,2021-10-17 04:02:30,13700.0,100.0,213700.0
161,2021-10-17 04:02:30,13700.0,500.0,213600.0
162,2021-10-17 04:02:30,13700.0,700.0,213100.0
163,2021-10-17 04:02:20,13700.0,1500.0,212400.0
164,2021-10-17 04:02:20,13650.0,400.0,210900.0
165,2021-10-17 04:02:20,13650.0,2600.0,210500.0
166,2021-10-17 04:02:01,13600.0,400.0,207900.0
167,2021-10-17 04:02:01,13600.0,300.0,207500.0
168,2021-10-17 04:02:01,13600.0,500.0,207200.0
169,2021-10-17 04:02:01,13600.0,500.0,206700.0
170,2021-10-17 04:02:01,13600.0,200.0,206200.0
171,2021-10-17 04:02:01,13600.0,8000.0,206000.0
172,2021-10-17 04:02:01,13600.0,100.0,198000.0
173,2021-10-17 04:01:53,13650.0,2300.0,197900.0
174,2021-10-17 04:01:47,13600.0,700.0,195600.0
175,2021-10-17 04:01:47,13600.0,100.0,194900.0
176,2021-10-17 04:01:47,13600.0,500.0,194800.0
177,2021-10-17 04:01:47,13600.0,1000.0,194300.0
178,2021-10-17 04:01:47,13600.0,1000.0,193300.0
179,2021-10-17 04:01:47,13600.0,500.0,192300.0
180,2021-10-17 04:01:47,13600.0,200.0,191800.0
181,2021-10-17 04:01:47,13600.0,500.0,191600.0
182,2021-10-17 04:01:47,13600.0,1000.0,191100.0
183,2021-10-17 03:59:48,13650.0,100.0,190100.0
184,2021-10-17 03:59:33,13650.0,2400.0,190000.0
185,2021-10-17 03:59:23,13650.0,1000.0,187600.0
186,2021-10-17 03:58:05,13650.0,100.0,186600.0
187,2021-10-17 03:54:59,13650.0,100.0,186500.0
188,2021-10-17 03:53:37,13650.0,200.0,186400.0
189,2021-10-17 03:51:39,13600.0,100.0,186200.0
190,2021-10-17 03:51:39,13600.0,500.0,186100.0
191,2021-10-17 03:47:50,13600.0,100.0,185600.0
192,2021-10-17 03:45:27,13600.0,200.0,185500.0
193,2021-10-17 03:43:10,13650.0,100.0,185300.0
194,2021-10-17 03:43:10,13650.0,1000.0,185200.0
195,2021-10-17 03:39:16,13700.0,500.0,184200.0
196,2021-10-17 03:37:20,13700.0,500.0,183700.0
197,2021-10-17 03:35:01,13700.0,1800.0,183200.0
198,2021-10-17 03:35:01,13700.0,500.0,181400.0
199,2021-10-17 03:32:33,13700.0,500.0,180900.0
200,2021-10-17 03:30:45,13700.0,100.0,180400.0
201,2021-10-17 03:30:45,13700.0,1800.0,180300.0
202,2021-10-17 03:29:42,13700.0,500.0,178500.0
203,2021-10-17 03:28:53,13700.0,400.0,178000.0
204,2021-10-17 03:28:43,13700.0,100.0,177600.0
205,2021-10-17 03:27:15,13700.0,200.0,177500.0
206,2021-10-17 03:26:42,13750.0,500.0,177300.0
207,2021-10-17 03:23:40,13750.0,100.0,176800.0
208,2021-10-17 03:23:09,13700.0,700.0,176700.0
209,2021-10-17 03:23:09,13700.0,700.0,176000.0
210,2021-10-17 03:23:09,13700.0,700.0,175300.0
211,2021-10-17 03:22:12,13700.0,100.0,174600.0
212,2021-10-17 03:22:12,13700.0,100.0,174500.0
213,2021-10-17 03:22:12,13700.0,500.0,174400.0
214,2021-10-17 03:22:12,13700.0,1600.0,173900.0
215,2021-10-17 03:22:12,13700.0,100.0,172300.0
216,2021-10-17 03:22:12,13700.0,1000.0,172200.0
217,2021-10-17 03:22:12,13700.0,200.0,171200.0
218,2021-10-17 03:22:12,13650.0,2100.0,171000.0
219,2021-10-17 03:22:07,13650.0,600.0,168900.0
220,2021-10-17 03:21:04,13650.0,900.0,168300.0
221,2021-10-17 03:20:37,13700.0,400.0,167400.0
222,2021-10-17 03:20:37,13650.0,2100.0,167000.0
223,2021-10-17 03:20:29,13650.0,2500.0,164900.0
224,2021-10-17 03:20:24,13650.0,5900.0,162400.0
225,2021-10-17 03:20:19,13650.0,2700.0,156500.0
226,2021-10-17 03:20:12,13650.0,200.0,153800.0
227,2021-10-17 03:20:12,13650.0,1600.0,153600.0
228,2021-10-17 03:13:53,13650.0,500.0,152000.0
229,2021-10-17 03:11:48,13650.0,900.0,151500.0
230,2021-10-17 03:10:06,13650.0,100.0,150600.0
231,2021-10-17 03:08:18,13650.0,100.0,150500.0
232,2021-10-17 03:03:17,13600.0,100.0,150400.0
233,2021-10-17 03:03:04,13600.0,200.0,150300.0
234,2021-10-17 03:03:04,13600.0,100.0,150100.0
235,2021-10-17 03:03:04,13600.0,100.0,150000.0
236,2021-10-17 03:03:04,13600.0,600.0,149900.0
237,2021-10-17 02:58:34,13600.0,400.0,149300.0
238,2021-10-17 02:58:34,13600.0,600.0,148900.0
239,2021-10-17 02:57:37,13600.0,400.0,148300.0
240,2021-10-17 02:57:37,13600.0,2000.0,147900.0
241,2021-10-17 02:57:37,13600.0,1100.0,145900.0
242,2021-10-17 02:48:46,13700.0,1200.0,144800.0
243,2021-10-17 02:48:46,13700.0,100.0,143600.0
244,2021-10-17 02:48:46,13700.0,100.0,143500.0
245,2021-10-17 02:47:20,13700.0,100.0,143400.0
246,2021-10-17 02:46:12,13700.0,200.0,143300.0
247,2021-10-17 02:45:01,13700.0,300.0,143100.0
248,2021-10-17 02:45:01,13700.0,300.0,142800.0
249,2021-10-17 02:42:43,13700.0,100.0,142500.0
250,2021-10-17 02:42:43,13700.0,200.0,142400.0
251,2021-10-17 02:42:43,13700.0,400.0,142200.0
252,2021-10-17 02:39:44,13700.0,500.0,141800.0
253,2021-10-17 02:39:28,13700.0,500.0,141300.0
254,2021-10-17 02:39:28,13700.0,100.0,140800.0
255,2021-10-17 02:38:36,13600.0,500.0,140700.0
256,2021-10-17 02:38:36,13600.0,200.0,140200.0
257,2021-10-17 02:38:36,13600.0,400.0,140000.0
258,2021-10-17 02:38:36,13600.0,300.0,139600.0
259,2021-10-17 02:38:36,13600.0,300.0,139300.0
260,2021-10-17 02:38:36,13600.0,300.0,139000.0
261,2021-10-17 02:38:11,13600.0,500.0,138700.0
262,2021-10-17 02:37:55,13600.0,1100.0,138200.0
263,2021-10-17 02:37:55,13600.0,700.0,137100.0
264,2021-10-17 02:37:12,13600.0,1800.0,136400.0
265,2021-10-17 02:37:12,13650.0,200.0,134600.0
266,2021-10-17 02:37:12,13650.0,1000.0,134400.0
267,2021-10-17 02:36:24,13700.0,100.0,133400.0
268,2021-10-17 02:36:22,13700.0,200.0,133300.0
269,2021-10-17 02:35:58,13700.0,200.0,133100.0
270,2021-10-17 02:35:58,13700.0,100.0,132900.0
271,2021-10-17 02:35:26,13750.0,100.0,132800.0
272,2021-10-17 02:34:27,13750.0,100.0,132700.0
273,2021-10-17 02:31:26,13750.0,100.0,132600.0
274,2021-10-17 02:30:14,13800.0,100.0,132500.0
275,2021-10-17 02:30:09,13800.0,100.0,132400.0
276,2021-10-17 02:30:09,13800.0,500.0,132300.0
277,2021-10-17 02:30:09,13800.0,3000.0,131800.0
278,2021-10-17 02:27:34,13850.0,1500.0,128800.0
279,2021-10-17 02:27:30,13850.0,100.0,127300.0
280,2021-10-17 02:27:30,13850.0,1000.0,127200.0
281,2021-10-17 02:27:30,13850.0,100.0,126200.0
282,2021-10-17 02:27:30,13850.0,1600.0,126100.0
283,2021-10-17 02:27:30,13850.0,400.0,124500.0
284,2021-10-17 02:27:00,13900.0,500.0,124100.0
285,2021-10-17 02:26:40,13850.0,300.0,123600.0
286,2021-10-17 02:26:24,13850.0,200.0,123300.0
287,2021-10-17 02:26:24,13850.0,800.0,123100.0
288,2021-10-17 02:26:17,13850.0,100.0,122300.0
289,2021-10-17 02:25:34,13850.0,1100.0,122200.0
290,2021-10-17 02:25:34,13850.0,2000.0,121100.0
291,2021-10-17 02:25:34,13850.0,900.0,119100.0
292,2021-10-17 02:25:34,13900.0,500.0,118200.0
293,2021-10-17 02:25:25,13900.0,1000.0,117700.0
294,2021-10-17 02:25:13,13900.0,1000.0,116700.0
295,2021-10-17 02:24:28,13900.0,2300.0,115700.0
296,2021-10-17 02:24:08,13850.0,100.0,113400.0
297,2021-10-17 02:24:05,13800.0,100.0,113300.0
298,2021-10-17 02:24:01,13850.0,1500.0,113200.0
299,2021-10-17 02:23:52,13850.0,100.0,111700.0
300,2021-10-17 02:23:45,13850.0,1500.0,111600.0
301,2021-10-17 02:23:38,13850.0,500.0,110100.0
302,2021-10-17 02:23:38,13850.0,16300.0,109600.0
303,2021-10-17 02:23:33,13850.0,4000.0,93300.0
304,2021-10-17 02:23:33,13900.0,16000.0,89300.0
305,2021-10-17 02:23:25,13950.0,2500.0,73300.0
306,2021-10-17 02:23:13,13850.0,7500.0,70800.0
307,2021-10-17 02:23:12,13950.0,900.0,63300.0
308,2021-10-17 02:23:12,13900.0,200.0,62400.0
309,2021-10-17 02:23:12,13900.0,100.0,62200.0
310,2021-10-17 02:23:12,13900.0,5000.0,62100.0
311,2021-10-17 02:23:12,13900.0,2700.0,57100.0
312,2021-10-17 02:23:05,13900.0,1500.0,54400.0
313,2021-10-17 02:23:05,13850.0,200.0,52900.0
314,2021-10-17 02:23:05,13850.0,1000.0,52700.0
315,2021-10-17 02:23:05,13850.0,2300.0,51700.0
316,2021-10-17 02:22:46,13850.0,1000.0,49400.0
317,2021-10-17 02:22:46,13850.0,2800.0,48400.0
318,2021-10-17 02:22:36,13850.0,1000.0,45600.0
319,2021-10-17 02:22:25,13800.0,100.0,44600.0
320,2021-10-17 02:22:25,13800.0,100.0,44500.0
321,2021-10-17 02:22:25,13800.0,300.0,44400.0
322,2021-10-17 02:22:25,13800.0,1800.0,44100.0
323,2021-10-17 02:21:21,13800.0,100.0,42300.0
324,2021-10-17 02:21:14,13800.0,1600.0,42200.0
325,2021-10-17 02:21:00,13750.0,500.0,40600.0
326,2021-10-17 02:21:00,13750.0,500.0,40100.0
327,2021-10-17 02:20:59,13750.0,2000.0,39600.0
328,2021-10-17 02:20:17,13750.0,500.0,37600.0
329,2021-10-17 02:19:38,13700.0,400.0,37100.0
330,2021-10-17 02:19:31,13700.0,300.0,36700.0
331,2021-10-17 02:19:22,13700.0,300.0,36400.0
332,2021-10-17 02:19:22,13700.0,100.0,36100.0
333,2021-10-17 02:19:22,13700.0,100.0,36000.0
334,2021-10-17 02:18:57,13700.0,100.0,35900.0
335,2021-10-17 02:17:15,13700.0,2000.0,35800.0
336,2021-10-17 02:17:05,13700.0,600.0,33800.0
337,2021-10-17 02:16:42,13650.0,100.0,33200.0
338,2021-10-17 02:16:42,13650.0,100.0,33100.0
339,2021-10-17 02:16:34,13650.0,400.0,33000.0
340,2021-10-17 02:16:10,13650.0,1000.0,32600.0
341,2021-10-17 02:15:33,13600.0,1000.0,31600.0
342,2021-10-17 02:15:26,13650.0,1000.0,30600.0
343,2021-10-17 02:15:00,13600.0,100.0,29600.0
344,2021-10-17 02:15:00,13600.0,700.0,29500.0
345,2021-10-17 02:15:00,13600.0,700.0,28800.0
346,2021-10-17 02:15:00,13600.0,500.0,28100.0
347,2021-10-17 02:15:00,13600.0,100.0,27600.0
348,2021-10-17 02:15:00,13600.0,200.0,27500.0
349,2021-10-17 02:15:00,13600.0,700.0,27300.0
350,2021-10-17 02:15:00,13600.0,700.0,26600.0
351,2021-10-17 02:15:00,13600.0,1300.0,25900.0
352,2021-10-17 02:15:00,13600.0,300.0,24600.0
353,2021-10-17 02:15:00,13600.0,22300.0,24300.0
354,2021-10-17 02:15:00,13600.0,1000.0,2000.0
355,2021-10-17 02:15:00,13600.0,1000.0,1000.0
