,Time,Price,Volume_per_trade,Volume
0,2021-10-19 07:45:01,13700.0,1800.0,331500.0
1,2021-10-19 07:45:01,13700.0,200.0,329700.0
2,2021-10-19 07:45:01,13700.0,300.0,329500.0
3,2021-10-19 07:45:01,13700.0,200.0,329200.0
4,2021-10-19 07:45:01,13700.0,500.0,329000.0
5,2021-10-19 07:45:01,13700.0,300.0,328500.0
6,2021-10-19 07:27:51,13650.0,200.0,328200.0
7,2021-10-19 07:27:51,13650.0,100.0,328000.0
8,2021-10-19 07:27:51,13650.0,1200.0,327900.0
9,2021-10-19 07:22:50,13650.0,800.0,326700.0
10,2021-10-19 07:22:50,13650.0,700.0,325900.0
11,2021-10-19 07:22:14,13650.0,400.0,325200.0
12,2021-10-19 07:22:14,13650.0,100.0,324800.0
13,2021-10-19 07:13:57,13650.0,200.0,324700.0
14,2021-10-19 07:13:57,13600.0,500.0,324500.0
15,2021-10-19 07:13:57,13600.0,2000.0,324000.0
16,2021-10-19 07:13:57,13600.0,100.0,322000.0
17,2021-10-19 07:13:57,13600.0,200.0,321900.0
18,2021-10-19 07:13:49,13500.0,5000.0,321700.0
19,2021-10-19 07:13:49,13500.0,400.0,316700.0
20,2021-10-19 07:13:49,13500.0,1000.0,316300.0
21,2021-10-19 07:04:32,13500.0,1000.0,315300.0
22,2021-10-19 07:03:42,13500.0,400.0,314300.0
23,2021-10-19 07:03:42,13500.0,100.0,313900.0
24,2021-10-19 07:03:42,13500.0,200.0,313800.0
25,2021-10-19 07:03:42,13500.0,300.0,313600.0
26,2021-10-19 07:03:42,13500.0,200.0,313300.0
27,2021-10-19 07:03:42,13500.0,200.0,313100.0
28,2021-10-19 07:03:42,13500.0,7600.0,312900.0
29,2021-10-19 07:00:46,13500.0,2400.0,305300.0
30,2021-10-19 07:00:46,13500.0,1000.0,302900.0
31,2021-10-19 07:00:46,13500.0,100.0,301900.0
32,2021-10-19 06:59:03,13500.0,600.0,301800.0
33,2021-10-19 06:56:06,13500.0,900.0,301200.0
34,2021-10-19 06:56:06,13500.0,400.0,300300.0
35,2021-10-19 06:54:42,13500.0,100.0,299900.0
36,2021-10-19 06:49:49,13500.0,500.0,299800.0
37,2021-10-19 06:49:28,13500.0,700.0,299300.0
38,2021-10-19 06:49:28,13500.0,200.0,298600.0
39,2021-10-19 06:49:28,13500.0,300.0,298400.0
40,2021-10-19 06:49:28,13500.0,1000.0,298100.0
41,2021-10-19 06:49:28,13500.0,500.0,297100.0
42,2021-10-19 06:49:28,13500.0,300.0,296600.0
43,2021-10-19 06:49:28,13500.0,1000.0,296300.0
44,2021-10-19 06:49:28,13500.0,200.0,295300.0
45,2021-10-19 06:49:28,13500.0,300.0,295100.0
46,2021-10-19 06:49:28,13550.0,2500.0,294800.0
47,2021-10-19 06:49:28,13550.0,3000.0,292300.0
48,2021-10-19 06:46:52,13600.0,1000.0,289300.0
49,2021-10-19 06:43:20,13550.0,1000.0,288300.0
50,2021-10-19 06:43:20,13550.0,1100.0,287300.0
51,2021-10-19 06:43:20,13550.0,200.0,286200.0
52,2021-10-19 06:43:20,13550.0,700.0,286000.0
53,2021-10-19 06:40:12,13600.0,500.0,285300.0
54,2021-10-19 06:36:00,13550.0,100.0,284800.0
55,2021-10-19 06:34:18,13550.0,4200.0,284700.0
56,2021-10-19 06:34:18,13600.0,800.0,280500.0
57,2021-10-19 06:33:48,13600.0,200.0,279700.0
58,2021-10-19 06:32:12,13600.0,1300.0,279500.0
59,2021-10-19 06:30:39,13600.0,1600.0,278200.0
60,2021-10-19 06:30:39,13600.0,1400.0,276600.0
61,2021-10-19 06:30:32,13600.0,1400.0,275200.0
62,2021-10-19 06:30:28,13600.0,5000.0,273800.0
63,2021-10-19 06:30:25,13600.0,1100.0,268800.0
64,2021-10-19 06:30:18,13600.0,200.0,267700.0
65,2021-10-19 06:30:09,13550.0,500.0,267500.0
66,2021-10-19 06:30:09,13550.0,500.0,267000.0
67,2021-10-19 06:30:09,13550.0,100.0,266500.0
68,2021-10-19 06:30:09,13550.0,3000.0,266400.0
69,2021-10-19 06:30:09,13550.0,100.0,263400.0
70,2021-10-19 06:30:09,13550.0,2100.0,263300.0
71,2021-10-19 06:30:09,13550.0,1400.0,261200.0
72,2021-10-19 06:30:00,13600.0,200.0,259800.0
73,2021-10-19 06:29:31,13600.0,600.0,259600.0
74,2021-10-19 06:29:17,13600.0,500.0,259000.0
75,2021-10-19 06:29:13,13600.0,100.0,258500.0
76,2021-10-19 06:29:10,13600.0,7400.0,258400.0
77,2021-10-19 06:29:07,13600.0,600.0,251000.0
78,2021-10-19 06:29:01,13600.0,14200.0,250400.0
79,2021-10-19 06:29:00,13600.0,200.0,236200.0
80,2021-10-19 06:28:45,13600.0,100.0,236000.0
81,2021-10-19 06:28:45,13600.0,1200.0,235900.0
82,2021-10-19 06:25:39,13550.0,1700.0,234700.0
83,2021-10-19 06:23:00,13550.0,200.0,233000.0
84,2021-10-19 06:22:14,13600.0,100.0,232800.0
85,2021-10-19 06:21:35,13600.0,900.0,232700.0
86,2021-10-19 06:21:35,13600.0,700.0,231800.0
87,2021-10-19 06:21:27,13550.0,1200.0,231100.0
88,2021-10-19 06:21:12,13550.0,2000.0,229900.0
89,2021-10-19 06:21:12,13550.0,2000.0,227900.0
90,2021-10-19 06:21:07,13550.0,200.0,225900.0
91,2021-10-19 06:21:07,13550.0,3300.0,225700.0
92,2021-10-19 06:19:07,13550.0,300.0,222400.0
93,2021-10-19 06:19:07,13550.0,1200.0,222100.0
94,2021-10-19 06:18:57,13550.0,600.0,220900.0
95,2021-10-19 06:18:57,13550.0,1900.0,220300.0
96,2021-10-19 06:18:53,13550.0,900.0,218400.0
97,2021-10-19 06:18:53,13550.0,1600.0,217500.0
98,2021-10-19 06:18:39,13550.0,2900.0,215900.0
99,2021-10-19 06:18:39,13550.0,300.0,213000.0
100,2021-10-19 06:18:39,13550.0,300.0,212700.0
101,2021-10-19 06:16:21,13600.0,1500.0,212400.0
102,2021-10-19 06:16:04,13550.0,100.0,210900.0
103,2021-10-19 06:16:04,13550.0,5000.0,210800.0
104,2021-10-19 06:16:04,13550.0,200.0,205800.0
105,2021-10-19 06:16:04,13550.0,500.0,205600.0
106,2021-10-19 06:16:04,13550.0,200.0,205100.0
107,2021-10-19 06:16:04,13550.0,2000.0,204900.0
108,2021-10-19 06:14:59,13600.0,200.0,202900.0
109,2021-10-19 06:07:30,13600.0,200.0,202700.0
110,2021-10-19 06:06:57,13600.0,4100.0,202500.0
111,2021-10-19 06:05:58,13650.0,1600.0,198400.0
112,2021-10-19 06:05:58,13650.0,1400.0,196800.0
113,2021-10-19 06:04:28,13650.0,1500.0,195400.0
114,2021-10-19 06:04:17,13650.0,2600.0,193900.0
115,2021-10-19 06:03:57,13650.0,1100.0,191300.0
116,2021-10-19 06:03:26,13650.0,1500.0,190200.0
117,2021-10-19 06:03:20,13600.0,900.0,188700.0
118,2021-10-19 06:03:20,13600.0,1500.0,187800.0
119,2021-10-19 06:03:12,13650.0,2700.0,186300.0
120,2021-10-19 06:03:06,13650.0,2200.0,183600.0
121,2021-10-19 06:00:03,13700.0,100.0,181400.0
122,2021-10-19 06:00:03,13700.0,100.0,181300.0
123,2021-10-19 06:00:00,13700.0,900.0,181200.0
124,2021-10-19 06:00:00,13700.0,400.0,180300.0
125,2021-10-19 06:00:00,13700.0,200.0,179900.0
126,2021-10-19 06:00:00,13700.0,500.0,179700.0
127,2021-10-19 04:29:43,13750.0,100.0,179200.0
128,2021-10-19 04:28:26,13700.0,300.0,179100.0
129,2021-10-19 04:27:36,13700.0,100.0,178800.0
130,2021-10-19 04:25:00,13700.0,1000.0,178700.0
131,2021-10-19 04:25:00,13700.0,1000.0,177700.0
132,2021-10-19 04:25:00,13700.0,200.0,176700.0
133,2021-10-19 04:25:00,13700.0,1100.0,176500.0
134,2021-10-19 04:25:00,13700.0,200.0,175400.0
135,2021-10-19 04:25:00,13700.0,1000.0,175200.0
136,2021-10-19 04:25:00,13700.0,1000.0,174200.0
137,2021-10-19 04:25:00,13700.0,500.0,173200.0
138,2021-10-19 04:25:00,13700.0,100.0,172700.0
139,2021-10-19 04:25:00,13700.0,300.0,172600.0
140,2021-10-19 04:20:33,13650.0,100.0,172300.0
141,2021-10-19 04:13:22,13650.0,1100.0,172200.0
142,2021-10-19 04:07:48,13650.0,700.0,171100.0
143,2021-10-19 04:03:10,13650.0,100.0,170400.0
144,2021-10-19 03:57:54,13650.0,500.0,170300.0
145,2021-10-19 03:54:01,13650.0,200.0,169800.0
146,2021-10-19 03:49:54,13650.0,100.0,169600.0
147,2021-10-19 03:48:22,13650.0,1900.0,169500.0
148,2021-10-19 03:48:22,13650.0,100.0,167600.0
149,2021-10-19 03:46:47,13650.0,400.0,167500.0
150,2021-10-19 03:46:13,13650.0,1000.0,167100.0
151,2021-10-19 03:46:13,13650.0,400.0,166100.0
152,2021-10-19 03:46:13,13650.0,200.0,165700.0
153,2021-10-19 03:45:15,13600.0,500.0,165500.0
154,2021-10-19 03:35:29,13650.0,100.0,165000.0
155,2021-10-19 03:34:09,13650.0,100.0,164900.0
156,2021-10-19 03:33:59,13650.0,500.0,164800.0
157,2021-10-19 03:31:41,13650.0,1000.0,164300.0
158,2021-10-19 03:30:27,13650.0,3300.0,163300.0
159,2021-10-19 03:25:39,13650.0,1000.0,160000.0
160,2021-10-19 03:25:32,13600.0,1000.0,159000.0
161,2021-10-19 03:25:32,13600.0,2300.0,158000.0
162,2021-10-19 03:25:32,13600.0,700.0,155700.0
163,2021-10-19 03:15:38,13650.0,700.0,155000.0
164,2021-10-19 03:14:33,13650.0,100.0,154300.0
165,2021-10-19 03:14:33,13650.0,200.0,154200.0
166,2021-10-19 03:14:09,13650.0,500.0,154000.0
167,2021-10-19 03:14:03,13600.0,2100.0,153500.0
168,2021-10-19 03:13:58,13600.0,400.0,151400.0
169,2021-10-19 03:13:52,13600.0,7300.0,151000.0
170,2021-10-19 03:13:52,13600.0,400.0,143700.0
171,2021-10-19 03:13:21,13600.0,600.0,143300.0
172,2021-10-19 03:13:21,13600.0,600.0,142700.0
173,2021-10-19 03:07:26,13600.0,100.0,142100.0
174,2021-10-19 03:06:28,13600.0,2800.0,142000.0
175,2021-10-19 03:05:27,13550.0,1300.0,139200.0
176,2021-10-19 03:05:27,13550.0,200.0,137900.0
177,2021-10-19 03:05:27,13550.0,1800.0,137700.0
178,2021-10-19 02:56:33,13600.0,2200.0,135900.0
179,2021-10-19 02:53:27,13600.0,1300.0,133700.0
180,2021-10-19 02:51:38,13650.0,2800.0,132400.0
181,2021-10-19 02:51:33,13650.0,2100.0,129600.0
182,2021-10-19 02:51:33,13650.0,100.0,127500.0
183,2021-10-19 02:50:52,13600.0,1200.0,127400.0
184,2021-10-19 02:50:52,13600.0,800.0,126200.0
185,2021-10-19 02:50:36,13650.0,500.0,125400.0
186,2021-10-19 02:50:11,13650.0,2900.0,124900.0
187,2021-10-19 02:50:11,13650.0,1000.0,122000.0
188,2021-10-19 02:48:22,13650.0,1500.0,121000.0
189,2021-10-19 02:48:10,13600.0,6700.0,119500.0
190,2021-10-19 02:48:09,13600.0,800.0,112800.0
191,2021-10-19 02:46:14,13700.0,500.0,112000.0
192,2021-10-19 02:46:11,13600.0,700.0,111500.0
193,2021-10-19 02:46:11,13600.0,300.0,110800.0
194,2021-10-19 02:45:58,13600.0,1700.0,110500.0
195,2021-10-19 02:45:58,13600.0,800.0,108800.0
196,2021-10-19 02:42:56,13700.0,500.0,108000.0
197,2021-10-19 02:42:43,13600.0,700.0,107500.0
198,2021-10-19 02:42:43,13700.0,200.0,106800.0
199,2021-10-19 02:42:43,13650.0,1000.0,106600.0
200,2021-10-19 02:39:59,13600.0,3000.0,105600.0
201,2021-10-19 02:39:51,13600.0,300.0,102600.0
202,2021-10-19 02:39:49,13600.0,200.0,102300.0
203,2021-10-19 02:39:49,13600.0,700.0,102100.0
204,2021-10-19 02:39:49,13600.0,800.0,101400.0
205,2021-10-19 02:39:31,13550.0,3000.0,100600.0
206,2021-10-19 02:39:30,13550.0,300.0,97600.0
207,2021-10-19 02:39:30,13550.0,2600.0,97300.0
208,2021-10-19 02:39:11,13550.0,300.0,94700.0
209,2021-10-19 02:39:11,13550.0,2300.0,94400.0
210,2021-10-19 02:39:11,13550.0,300.0,92100.0
211,2021-10-19 02:39:06,13550.0,500.0,91800.0
212,2021-10-19 02:38:57,13550.0,2000.0,91300.0
213,2021-10-19 02:38:44,13550.0,4700.0,89300.0
214,2021-10-19 02:38:44,13550.0,500.0,84600.0
215,2021-10-19 02:38:44,13550.0,100.0,84100.0
216,2021-10-19 02:38:44,13550.0,2200.0,84000.0
217,2021-10-19 02:35:37,13550.0,500.0,81800.0
218,2021-10-19 02:35:02,13600.0,100.0,81300.0
219,2021-10-19 02:31:53,13600.0,100.0,81200.0
220,2021-10-19 02:31:53,13600.0,1400.0,81100.0
221,2021-10-19 02:31:46,13550.0,800.0,79700.0
222,2021-10-19 02:31:46,13550.0,1000.0,78900.0
223,2021-10-19 02:31:46,13550.0,1000.0,77900.0
224,2021-10-19 02:31:46,13550.0,1000.0,76900.0
225,2021-10-19 02:31:46,13550.0,1200.0,75900.0
226,2021-10-19 02:31:41,13550.0,1000.0,74700.0
227,2021-10-19 02:28:34,13550.0,1700.0,73700.0
228,2021-10-19 02:28:34,13550.0,1600.0,72000.0
229,2021-10-19 02:28:16,13550.0,1200.0,70400.0
230,2021-10-19 02:28:15,13550.0,1700.0,69200.0
231,2021-10-19 02:28:02,13550.0,3800.0,67500.0
232,2021-10-19 02:28:02,13550.0,1500.0,63700.0
233,2021-10-19 02:28:02,13550.0,200.0,62200.0
234,2021-10-19 02:25:10,13600.0,3100.0,62000.0
235,2021-10-19 02:25:10,13600.0,600.0,58900.0
236,2021-10-19 02:25:10,13600.0,1000.0,58300.0
237,2021-10-19 02:25:10,13600.0,5300.0,57300.0
238,2021-10-19 02:21:49,13600.0,3700.0,52000.0
239,2021-10-19 02:21:46,13600.0,200.0,48300.0
240,2021-10-19 02:21:46,13600.0,1100.0,48100.0
241,2021-10-19 02:21:46,13600.0,400.0,47000.0
242,2021-10-19 02:21:46,13600.0,1500.0,46600.0
243,2021-10-19 02:21:26,13600.0,400.0,45100.0
244,2021-10-19 02:21:20,13600.0,100.0,44700.0
245,2021-10-19 02:20:44,13600.0,1000.0,44600.0
246,2021-10-19 02:20:03,13600.0,500.0,43600.0
247,2021-10-19 02:19:51,13600.0,1500.0,43100.0
248,2021-10-19 02:19:51,13600.0,1100.0,41600.0
249,2021-10-19 02:19:51,13600.0,400.0,40500.0
250,2021-10-19 02:17:57,13650.0,2000.0,40100.0
251,2021-10-19 02:17:37,13650.0,100.0,38100.0
252,2021-10-19 02:17:25,13650.0,300.0,38000.0
253,2021-10-19 02:17:23,13700.0,200.0,37700.0
254,2021-10-19 02:16:59,13750.0,300.0,37500.0
255,2021-10-19 02:16:59,13700.0,200.0,37200.0
256,2021-10-19 02:16:34,13700.0,1000.0,37000.0
257,2021-10-19 02:16:12,13700.0,1500.0,36000.0
258,2021-10-19 02:15:53,13700.0,800.0,34500.0
259,2021-10-19 02:15:35,13750.0,300.0,33700.0
260,2021-10-19 02:15:26,13700.0,700.0,33400.0
261,2021-10-19 02:15:26,13700.0,300.0,32700.0
262,2021-10-19 02:15:00,13700.0,2000.0,32400.0
263,2021-10-19 02:15:00,13700.0,2300.0,30400.0
264,2021-10-19 02:15:00,13700.0,400.0,28100.0
265,2021-10-19 02:15:00,13700.0,100.0,27700.0
266,2021-10-19 02:15:00,13700.0,100.0,27600.0
267,2021-10-19 02:15:00,13700.0,200.0,27500.0
268,2021-10-19 02:15:00,13700.0,14800.0,27300.0
269,2021-10-19 02:15:00,13700.0,200.0,12500.0
270,2021-10-19 02:15:00,13700.0,300.0,12300.0
271,2021-10-19 02:15:00,13700.0,12000.0,12000.0
