,Time,Price,Volume_per_trade,Volume
0,2021-10-11 07:45:02,7880.0,100.0,282900.0
1,2021-10-11 07:45:02,7880.0,100.0,282800.0
2,2021-10-11 07:45:02,7880.0,3300.0,282700.0
3,2021-10-11 07:45:02,7880.0,500.0,279400.0
4,2021-10-11 07:45:02,7880.0,2200.0,278900.0
5,2021-10-11 07:45:02,7880.0,800.0,276700.0
6,2021-10-11 07:29:52,7900.0,600.0,275900.0
7,2021-10-11 07:29:52,7900.0,500.0,275300.0
8,2021-10-11 07:29:52,7900.0,1000.0,274800.0
9,2021-10-11 07:29:52,7900.0,400.0,273800.0
10,2021-10-11 07:29:52,7900.0,1000.0,273400.0
11,2021-10-11 07:29:52,7900.0,100.0,272400.0
12,2021-10-11 07:29:52,7900.0,100.0,272300.0
13,2021-10-11 07:28:56,7850.0,1800.0,272200.0
14,2021-10-11 07:28:56,7850.0,200.0,270400.0
15,2021-10-11 07:28:52,7880.0,200.0,270200.0
16,2021-10-11 07:28:52,7880.0,800.0,270000.0
17,2021-10-11 07:23:55,7900.0,500.0,269200.0
18,2021-10-11 07:19:58,7900.0,1400.0,268700.0
19,2021-10-11 07:19:58,7900.0,500.0,267300.0
20,2021-10-11 07:18:07,7880.0,500.0,266800.0
21,2021-10-11 07:15:57,7880.0,200.0,266300.0
22,2021-10-11 07:15:31,7880.0,100.0,266100.0
23,2021-10-11 07:15:31,7880.0,700.0,266000.0
24,2021-10-11 07:14:49,7880.0,200.0,265300.0
25,2021-10-11 07:13:56,7880.0,400.0,265100.0
26,2021-10-11 07:13:56,7880.0,1400.0,264700.0
27,2021-10-11 07:13:56,7880.0,1300.0,263300.0
28,2021-10-11 07:12:56,7880.0,1000.0,262000.0
29,2021-10-11 07:10:21,7880.0,300.0,261000.0
30,2021-10-11 07:08:42,7880.0,500.0,260700.0
31,2021-10-11 07:07:18,7880.0,7000.0,260200.0
32,2021-10-11 07:06:48,7880.0,100.0,253200.0
33,2021-10-11 07:06:40,7880.0,400.0,253100.0
34,2021-10-11 07:05:59,7880.0,1000.0,252700.0
35,2021-10-11 07:05:26,7880.0,1000.0,251700.0
36,2021-10-11 07:05:09,7880.0,10000.0,250700.0
37,2021-10-11 07:04:47,7880.0,100.0,240700.0
38,2021-10-11 07:02:20,7880.0,400.0,240600.0
39,2021-10-11 06:59:37,7880.0,2000.0,240200.0
40,2021-10-11 06:58:19,7880.0,600.0,238200.0
41,2021-10-11 06:58:06,7880.0,2000.0,237600.0
42,2021-10-11 06:56:43,7880.0,1000.0,235600.0
43,2021-10-11 06:56:43,7880.0,500.0,234600.0
44,2021-10-11 06:54:44,7880.0,500.0,234100.0
45,2021-10-11 06:53:57,7880.0,2500.0,233600.0
46,2021-10-11 06:51:17,7880.0,2000.0,231100.0
47,2021-10-11 06:48:29,7880.0,100.0,229100.0
48,2021-10-11 06:45:11,7850.0,500.0,229000.0
49,2021-10-11 06:42:29,7850.0,500.0,228500.0
50,2021-10-11 06:42:08,7850.0,1000.0,228000.0
51,2021-10-11 06:41:35,7850.0,800.0,227000.0
52,2021-10-11 06:41:35,7840.0,100.0,226200.0
53,2021-10-11 06:34:16,7850.0,500.0,226100.0
54,2021-10-11 06:32:28,7850.0,900.0,225600.0
55,2021-10-11 06:28:19,7850.0,100.0,224700.0
56,2021-10-11 06:26:20,7850.0,1000.0,224600.0
57,2021-10-11 06:25:44,7870.0,100.0,223600.0
58,2021-10-11 06:25:41,7870.0,100.0,223500.0
59,2021-10-11 06:22:01,7870.0,5000.0,223400.0
60,2021-10-11 06:13:58,7900.0,500.0,218400.0
61,2021-10-11 06:13:58,7900.0,1000.0,217900.0
62,2021-10-11 06:12:45,7810.0,1500.0,216900.0
63,2021-10-11 06:09:57,7810.0,1200.0,215400.0
64,2021-10-11 06:08:27,7810.0,1300.0,214200.0
65,2021-10-11 06:08:21,7810.0,500.0,212900.0
66,2021-10-11 06:07:35,7810.0,1200.0,212400.0
67,2021-10-11 06:07:35,7810.0,200.0,211200.0
68,2021-10-11 06:05:37,7900.0,100.0,211000.0
69,2021-10-11 06:02:17,7790.0,100.0,210900.0
70,2021-10-11 06:02:06,7800.0,100.0,210800.0
71,2021-10-11 06:02:06,7800.0,1000.0,210700.0
72,2021-10-11 06:02:06,7800.0,500.0,209700.0
73,2021-10-11 06:02:06,7800.0,100.0,209200.0
74,2021-10-11 06:02:06,7800.0,100.0,209100.0
75,2021-10-11 06:02:06,7800.0,200.0,209000.0
76,2021-10-11 06:02:06,7800.0,2700.0,208800.0
77,2021-10-11 06:02:06,7800.0,100.0,206100.0
78,2021-10-11 06:02:06,7800.0,500.0,206000.0
79,2021-10-11 06:02:06,7800.0,2000.0,205500.0
80,2021-10-11 06:01:45,7810.0,100.0,203500.0
81,2021-10-11 06:01:45,7810.0,100.0,203400.0
82,2021-10-11 06:01:45,7810.0,200.0,203300.0
83,2021-10-11 06:01:45,7810.0,2000.0,203100.0
84,2021-10-11 06:01:45,7810.0,1100.0,201100.0
85,2021-10-11 06:01:31,7820.0,1100.0,200000.0
86,2021-10-11 06:01:31,7820.0,1000.0,198900.0
87,2021-10-11 06:00:01,7810.0,1900.0,197900.0
88,2021-10-11 06:00:01,7810.0,100.0,196000.0
89,2021-10-11 04:26:14,7810.0,900.0,195900.0
90,2021-10-11 04:26:14,7820.0,300.0,195000.0
91,2021-10-11 04:26:14,7850.0,100.0,194700.0
92,2021-10-11 04:26:14,7850.0,500.0,194600.0
93,2021-10-11 04:26:14,7850.0,100.0,194100.0
94,2021-10-11 04:26:14,7850.0,200.0,194000.0
95,2021-10-11 04:26:14,7860.0,100.0,193800.0
96,2021-10-11 04:26:14,7870.0,100.0,193700.0
97,2021-10-11 04:26:14,7880.0,500.0,193600.0
98,2021-10-11 04:26:14,7880.0,100.0,193100.0
99,2021-10-11 04:26:14,7880.0,200.0,193000.0
100,2021-10-11 04:26:14,7880.0,1400.0,192800.0
101,2021-10-11 04:26:14,7890.0,300.0,191400.0
102,2021-10-11 04:26:14,7890.0,1000.0,191100.0
103,2021-10-11 04:26:14,7890.0,1000.0,190100.0
104,2021-10-11 04:26:14,7890.0,3200.0,189100.0
105,2021-10-11 04:22:29,7900.0,100.0,185900.0
106,2021-10-11 04:20:44,7900.0,200.0,185800.0
107,2021-10-11 04:20:44,7900.0,500.0,185600.0
108,2021-10-11 04:20:44,7900.0,300.0,185100.0
109,2021-10-11 04:18:50,7900.0,100.0,184800.0
110,2021-10-11 04:18:37,7900.0,100.0,184700.0
111,2021-10-11 04:13:51,7910.0,100.0,184600.0
112,2021-10-11 04:12:05,7910.0,200.0,184500.0
113,2021-10-11 04:10:03,7910.0,300.0,184300.0
114,2021-10-11 04:10:03,7910.0,200.0,184000.0
115,2021-10-11 04:04:03,7910.0,100.0,183800.0
116,2021-10-11 04:02:18,7910.0,900.0,183700.0
117,2021-10-11 03:59:35,7900.0,300.0,182800.0
118,2021-10-11 03:58:26,7900.0,700.0,182500.0
119,2021-10-11 03:58:26,7900.0,400.0,181800.0
120,2021-10-11 03:57:18,7910.0,300.0,181400.0
121,2021-10-11 03:56:45,7900.0,300.0,181100.0
122,2021-10-11 03:56:45,7900.0,200.0,180800.0
123,2021-10-11 03:56:45,7900.0,500.0,180600.0
124,2021-10-11 03:56:28,7900.0,1500.0,180100.0
125,2021-10-11 03:55:55,7910.0,1000.0,178600.0
126,2021-10-11 03:55:35,7910.0,300.0,177600.0
127,2021-10-11 03:55:03,7910.0,200.0,177300.0
128,2021-10-11 03:54:49,7950.0,100.0,177100.0
129,2021-10-11 03:54:42,7910.0,100.0,177000.0
130,2021-10-11 03:54:37,7950.0,100.0,176900.0
131,2021-10-11 03:54:07,7910.0,100.0,176800.0
132,2021-10-11 03:53:30,7900.0,1000.0,176700.0
133,2021-10-11 03:53:30,7900.0,100.0,175700.0
134,2021-10-11 03:53:25,7900.0,900.0,175600.0
135,2021-10-11 03:53:25,7900.0,1000.0,174700.0
136,2021-10-11 03:53:25,7900.0,100.0,173700.0
137,2021-10-11 03:53:09,7900.0,100.0,173600.0
138,2021-10-11 03:52:52,7900.0,900.0,173500.0
139,2021-10-11 03:52:52,7900.0,100.0,172600.0
140,2021-10-11 03:51:46,7890.0,1800.0,172500.0
141,2021-10-11 03:51:08,7890.0,200.0,170700.0
142,2021-10-11 03:50:51,7890.0,100.0,170500.0
143,2021-10-11 03:50:38,7890.0,100.0,170400.0
144,2021-10-11 03:50:38,7890.0,1000.0,170300.0
145,2021-10-11 03:50:38,7890.0,900.0,169300.0
146,2021-10-11 03:50:11,7890.0,100.0,168400.0
147,2021-10-11 03:50:11,7890.0,1600.0,168300.0
148,2021-10-11 03:48:39,7890.0,200.0,166700.0
149,2021-10-11 03:47:46,7890.0,1200.0,166500.0
150,2021-10-11 03:47:42,7890.0,500.0,165300.0
151,2021-10-11 03:47:11,7890.0,1500.0,164800.0
152,2021-10-11 03:46:38,7880.0,22900.0,163300.0
153,2021-10-11 03:46:38,7850.0,200.0,140400.0
154,2021-10-11 03:46:26,7850.0,100.0,140200.0
155,2021-10-11 03:44:56,7850.0,100.0,140100.0
156,2021-10-11 03:44:56,7850.0,100.0,140000.0
157,2021-10-11 03:44:56,7850.0,500.0,139900.0
158,2021-10-11 03:44:04,7880.0,1500.0,139400.0
159,2021-10-11 03:43:52,7880.0,18200.0,137900.0
160,2021-10-11 03:43:52,7880.0,300.0,119700.0
161,2021-10-11 03:43:52,7880.0,100.0,119400.0
162,2021-10-11 03:43:52,7880.0,400.0,119300.0
163,2021-10-11 03:43:52,7880.0,500.0,118900.0
164,2021-10-11 03:43:52,7880.0,500.0,118400.0
165,2021-10-11 03:40:38,7850.0,1000.0,117900.0
166,2021-10-11 03:37:06,7880.0,4500.0,116900.0
167,2021-10-11 03:37:06,7880.0,200.0,112400.0
168,2021-10-11 03:37:06,7880.0,2000.0,112200.0
169,2021-10-11 03:37:06,7880.0,1000.0,110200.0
170,2021-10-11 03:37:06,7880.0,1500.0,109200.0
171,2021-10-11 03:37:06,7880.0,800.0,107700.0
172,2021-10-11 03:37:06,7880.0,100.0,106900.0
173,2021-10-11 03:37:06,7880.0,3000.0,106800.0
174,2021-10-11 03:37:06,7880.0,400.0,103800.0
175,2021-10-11 03:37:06,7880.0,1000.0,103400.0
176,2021-10-11 03:37:06,7850.0,2000.0,102400.0
177,2021-10-11 03:37:06,7850.0,2000.0,100400.0
178,2021-10-11 03:37:06,7850.0,1500.0,98400.0
179,2021-10-11 03:36:23,7810.0,1300.0,96900.0
180,2021-10-11 03:36:23,7810.0,700.0,95600.0
181,2021-10-11 03:35:48,7810.0,100.0,94900.0
182,2021-10-11 03:33:56,7810.0,4200.0,94800.0
183,2021-10-11 03:33:56,7810.0,100.0,90600.0
184,2021-10-11 03:33:56,7810.0,800.0,90500.0
185,2021-10-11 03:33:56,7810.0,1900.0,89700.0
186,2021-10-11 03:31:58,7800.0,200.0,87800.0
187,2021-10-11 03:28:40,7790.0,4400.0,87600.0
188,2021-10-11 03:28:14,7790.0,1000.0,83200.0
189,2021-10-11 03:27:05,7790.0,200.0,82200.0
190,2021-10-11 03:25:08,7790.0,400.0,82000.0
191,2021-10-11 03:24:38,7790.0,600.0,81600.0
192,2021-10-11 03:24:38,7790.0,100.0,81000.0
193,2021-10-11 03:24:38,7790.0,1700.0,80900.0
194,2021-10-11 03:22:39,7790.0,300.0,79200.0
195,2021-10-11 03:22:39,7800.0,1700.0,78900.0
196,2021-10-11 03:22:33,7800.0,500.0,77200.0
197,2021-10-11 03:22:27,7800.0,200.0,76700.0
198,2021-10-11 03:22:20,7800.0,300.0,76500.0
199,2021-10-11 03:22:10,7800.0,100.0,76200.0
200,2021-10-11 03:22:01,7800.0,300.0,76100.0
201,2021-10-11 03:21:52,7800.0,300.0,75800.0
202,2021-10-11 03:21:46,7800.0,400.0,75500.0
203,2021-10-11 03:21:35,7800.0,200.0,75100.0
204,2021-10-11 03:19:27,7790.0,1800.0,74900.0
205,2021-10-11 03:19:04,7790.0,1000.0,73100.0
206,2021-10-11 03:18:50,7790.0,700.0,72100.0
207,2021-10-11 03:17:43,7790.0,900.0,71400.0
208,2021-10-11 03:16:46,7790.0,100.0,70500.0
209,2021-10-11 03:16:03,7790.0,1000.0,70400.0
210,2021-10-11 03:15:55,7800.0,100.0,69400.0
211,2021-10-11 03:14:27,7800.0,500.0,69300.0
212,2021-10-11 03:13:53,7800.0,300.0,68800.0
213,2021-10-11 03:13:53,7800.0,200.0,68500.0
214,2021-10-11 03:13:53,7800.0,2000.0,68300.0
215,2021-10-11 03:10:05,7810.0,500.0,66300.0
216,2021-10-11 03:09:48,7800.0,1200.0,65800.0
217,2021-10-11 03:09:44,7800.0,1500.0,64600.0
218,2021-10-11 03:09:23,7800.0,3000.0,63100.0
219,2021-10-11 03:07:19,7810.0,600.0,60100.0
220,2021-10-11 03:07:19,7810.0,400.0,59500.0
221,2021-10-11 03:06:54,7800.0,200.0,59100.0
222,2021-10-11 03:06:16,7800.0,100.0,58900.0
223,2021-10-11 03:05:25,7810.0,200.0,58800.0
224,2021-10-11 03:02:00,7800.0,500.0,58600.0
225,2021-10-11 03:02:00,7810.0,500.0,58100.0
226,2021-10-11 02:53:48,7800.0,1200.0,57600.0
227,2021-10-11 02:52:34,7800.0,200.0,56400.0
228,2021-10-11 02:52:34,7810.0,800.0,56200.0
229,2021-10-11 02:51:38,7800.0,1400.0,55400.0
230,2021-10-11 02:51:38,7810.0,700.0,54000.0
231,2021-10-11 02:48:58,7800.0,500.0,53300.0
232,2021-10-11 02:48:58,7800.0,1000.0,52800.0
233,2021-10-11 02:48:58,7800.0,3800.0,51800.0
234,2021-10-11 02:48:58,7800.0,1000.0,48000.0
235,2021-10-11 02:48:58,7800.0,1000.0,47000.0
236,2021-10-11 02:48:58,7790.0,200.0,46000.0
237,2021-10-11 02:48:58,7790.0,800.0,45800.0
238,2021-10-11 02:48:58,7780.0,400.0,45000.0
239,2021-10-11 02:48:58,7770.0,600.0,44600.0
240,2021-10-11 02:48:38,7700.0,200.0,44000.0
241,2021-10-11 02:47:57,7700.0,1400.0,43800.0
242,2021-10-11 02:47:57,7700.0,1000.0,42400.0
243,2021-10-11 02:47:57,7700.0,100.0,41400.0
244,2021-10-11 02:47:57,7720.0,100.0,41300.0
245,2021-10-11 02:47:57,7720.0,100.0,41200.0
246,2021-10-11 02:47:57,7720.0,200.0,41100.0
247,2021-10-11 02:47:57,7720.0,13300.0,40900.0
248,2021-10-11 02:47:53,7720.0,6700.0,27600.0
249,2021-10-11 02:47:53,7720.0,3000.0,20900.0
250,2021-10-11 02:47:53,7720.0,300.0,17900.0
251,2021-10-11 02:46:27,7720.0,200.0,17600.0
252,2021-10-11 02:46:27,7750.0,200.0,17400.0
253,2021-10-11 02:46:27,7750.0,100.0,17200.0
254,2021-10-11 02:46:00,7770.0,100.0,17100.0
255,2021-10-11 02:44:39,7770.0,200.0,17000.0
256,2021-10-11 02:43:56,7770.0,100.0,16800.0
257,2021-10-11 02:41:47,7780.0,100.0,16700.0
258,2021-10-11 02:40:17,7790.0,200.0,16600.0
259,2021-10-11 02:36:59,7800.0,800.0,16400.0
260,2021-10-11 02:36:59,7800.0,200.0,15600.0
261,2021-10-11 02:36:43,7800.0,1000.0,15400.0
262,2021-10-11 02:35:13,7800.0,200.0,14400.0
263,2021-10-11 02:33:47,7800.0,600.0,14200.0
264,2021-10-11 02:32:53,7800.0,100.0,13600.0
265,2021-10-11 02:32:53,7800.0,200.0,13500.0
266,2021-10-11 02:32:53,7800.0,200.0,13300.0
267,2021-10-11 02:31:18,7800.0,1000.0,13100.0
268,2021-10-11 02:30:49,7800.0,1000.0,12100.0
269,2021-10-11 02:30:15,7800.0,100.0,11100.0
270,2021-10-11 02:20:02,7880.0,100.0,11000.0
271,2021-10-11 02:20:02,7880.0,100.0,10900.0
272,2021-10-11 02:19:03,7880.0,200.0,10800.0
273,2021-10-11 02:17:11,7880.0,200.0,10600.0
274,2021-10-11 02:16:38,7880.0,2000.0,10400.0
275,2021-10-11 02:16:38,7880.0,1600.0,8400.0
276,2021-10-11 02:15:47,7880.0,3000.0,6800.0
277,2021-10-11 02:15:00,7880.0,200.0,3800.0
278,2021-10-11 02:15:00,7880.0,200.0,3600.0
279,2021-10-11 02:15:00,7880.0,1000.0,3400.0
280,2021-10-11 02:15:00,7880.0,1800.0,2400.0
281,2021-10-11 02:15:00,7880.0,300.0,600.0
282,2021-10-11 02:15:00,7880.0,300.0,300.0
