,Time,Price,Volume_per_trade,Volume
0,2021-10-18 07:45:01,10350.0,1000.0,631500.0
1,2021-10-18 07:45:01,10350.0,5000.0,630500.0
2,2021-10-18 07:45:01,10350.0,500.0,625500.0
3,2021-10-18 07:45:01,10350.0,1000.0,625000.0
4,2021-10-18 07:45:01,10350.0,600.0,624000.0
5,2021-10-18 07:45:01,10350.0,2300.0,623400.0
6,2021-10-18 07:45:01,10350.0,1000.0,621100.0
7,2021-10-18 07:45:01,10350.0,1100.0,620100.0
8,2021-10-18 07:45:01,10350.0,500.0,619000.0
9,2021-10-18 07:45:01,10350.0,100.0,618500.0
10,2021-10-18 07:45:01,10350.0,700.0,618400.0
11,2021-10-18 07:26:26,10300.0,300.0,617700.0
12,2021-10-18 07:26:16,10300.0,1000.0,617400.0
13,2021-10-18 07:24:48,10300.0,100.0,616400.0
14,2021-10-18 07:24:48,10300.0,300.0,616300.0
15,2021-10-18 07:24:02,10350.0,1200.0,616000.0
16,2021-10-18 07:24:02,10350.0,2000.0,614800.0
17,2021-10-18 07:24:02,10350.0,200.0,612800.0
18,2021-10-18 07:24:02,10350.0,2000.0,612600.0
19,2021-10-18 07:24:02,10350.0,100.0,610600.0
20,2021-10-18 07:24:02,10350.0,100.0,610500.0
21,2021-10-18 07:24:02,10350.0,100.0,610400.0
22,2021-10-18 07:24:02,10350.0,900.0,610300.0
23,2021-10-18 07:24:02,10350.0,1000.0,609400.0
24,2021-10-18 07:24:02,10350.0,6600.0,608400.0
25,2021-10-18 07:23:29,10350.0,100.0,601800.0
26,2021-10-18 07:22:33,10350.0,1000.0,601700.0
27,2021-10-18 07:20:45,10300.0,700.0,600700.0
28,2021-10-18 07:20:45,10300.0,1000.0,600000.0
29,2021-10-18 07:19:42,10200.0,1000.0,599000.0
30,2021-10-18 07:19:22,10200.0,1200.0,598000.0
31,2021-10-18 07:19:22,10300.0,100.0,596800.0
32,2021-10-18 07:18:04,10350.0,400.0,596700.0
33,2021-10-18 07:18:04,10350.0,500.0,596300.0
34,2021-10-18 07:18:04,10350.0,10000.0,595800.0
35,2021-10-18 07:18:04,10350.0,1100.0,585800.0
36,2021-10-18 07:17:56,10300.0,600.0,584700.0
37,2021-10-18 07:17:55,10300.0,100.0,584100.0
38,2021-10-18 07:17:19,10300.0,2300.0,584000.0
39,2021-10-18 07:17:19,10300.0,100.0,581700.0
40,2021-10-18 07:17:19,10300.0,1800.0,581600.0
41,2021-10-18 07:17:19,10300.0,3800.0,579800.0
42,2021-10-18 07:16:37,10300.0,2700.0,576000.0
43,2021-10-18 07:16:37,10300.0,300.0,573300.0
44,2021-10-18 07:15:00,10300.0,200.0,573000.0
45,2021-10-18 07:14:31,10250.0,500.0,572800.0
46,2021-10-18 07:09:07,10100.0,100.0,572300.0
47,2021-10-18 07:09:07,10100.0,200.0,572200.0
48,2021-10-18 07:09:07,10100.0,1000.0,572000.0
49,2021-10-18 07:09:07,10100.0,2000.0,571000.0
50,2021-10-18 07:09:07,10100.0,1700.0,569000.0
51,2021-10-18 07:07:19,10100.0,800.0,567300.0
52,2021-10-18 07:07:19,10100.0,500.0,566500.0
53,2021-10-18 07:07:19,10100.0,500.0,566000.0
54,2021-10-18 07:07:19,10100.0,400.0,565500.0
55,2021-10-18 07:06:59,10150.0,100.0,565100.0
56,2021-10-18 07:06:59,10150.0,100.0,565000.0
57,2021-10-18 07:06:59,10150.0,500.0,564900.0
58,2021-10-18 07:06:59,10150.0,1000.0,564400.0
59,2021-10-18 07:06:59,10150.0,1000.0,563400.0
60,2021-10-18 07:06:59,10150.0,1000.0,562400.0
61,2021-10-18 07:06:59,10150.0,1000.0,561400.0
62,2021-10-18 07:06:45,10200.0,2000.0,560400.0
63,2021-10-18 07:06:45,10200.0,500.0,558400.0
64,2021-10-18 07:06:45,10200.0,100.0,557900.0
65,2021-10-18 07:06:45,10200.0,100.0,557800.0
66,2021-10-18 07:06:29,10250.0,100.0,557700.0
67,2021-10-18 07:06:14,10250.0,400.0,557600.0
68,2021-10-18 07:02:16,10250.0,100.0,557200.0
69,2021-10-18 06:58:04,10300.0,300.0,557100.0
70,2021-10-18 06:58:04,10300.0,200.0,556800.0
71,2021-10-18 06:55:35,10300.0,1300.0,556600.0
72,2021-10-18 06:54:15,10350.0,200.0,555300.0
73,2021-10-18 06:48:07,10350.0,700.0,555100.0
74,2021-10-18 06:48:07,10350.0,9300.0,554400.0
75,2021-10-18 06:47:05,10350.0,500.0,545100.0
76,2021-10-18 06:44:43,10350.0,200.0,544600.0
77,2021-10-18 06:35:15,10300.0,500.0,544400.0
78,2021-10-18 06:32:36,10300.0,500.0,543900.0
79,2021-10-18 06:32:36,10300.0,1000.0,543400.0
80,2021-10-18 06:32:36,10300.0,700.0,542400.0
81,2021-10-18 06:29:06,10300.0,1000.0,541700.0
82,2021-10-18 06:27:52,10300.0,300.0,540700.0
83,2021-10-18 06:26:07,10300.0,2200.0,540400.0
84,2021-10-18 06:25:09,10300.0,100.0,538200.0
85,2021-10-18 06:25:09,10300.0,1000.0,538100.0
86,2021-10-18 06:25:09,10300.0,500.0,537100.0
87,2021-10-18 06:24:05,10300.0,200.0,536600.0
88,2021-10-18 06:24:05,10300.0,400.0,536400.0
89,2021-10-18 06:24:05,10300.0,200.0,536000.0
90,2021-10-18 06:24:05,10300.0,300.0,535800.0
91,2021-10-18 06:23:38,10300.0,700.0,535500.0
92,2021-10-18 06:23:38,10300.0,1300.0,534800.0
93,2021-10-18 06:20:59,10200.0,1200.0,533500.0
94,2021-10-18 06:20:10,10200.0,1800.0,532300.0
95,2021-10-18 06:19:37,10300.0,100.0,530500.0
96,2021-10-18 06:19:37,10250.0,700.0,530400.0
97,2021-10-18 06:18:06,10200.0,500.0,529700.0
98,2021-10-18 06:18:06,10150.0,200.0,529200.0
99,2021-10-18 06:17:51,10100.0,100.0,529000.0
100,2021-10-18 06:17:51,10100.0,500.0,528900.0
101,2021-10-18 06:17:19,10150.0,100.0,528400.0
102,2021-10-18 06:17:19,10150.0,200.0,528300.0
103,2021-10-18 06:17:14,10150.0,1500.0,528100.0
104,2021-10-18 06:17:04,10150.0,800.0,526600.0
105,2021-10-18 06:15:37,10200.0,100.0,525800.0
106,2021-10-18 06:15:37,10200.0,1000.0,525700.0
107,2021-10-18 06:15:37,10200.0,200.0,524700.0
108,2021-10-18 06:15:37,10200.0,2000.0,524500.0
109,2021-10-18 06:15:37,10200.0,600.0,522500.0
110,2021-10-18 06:15:37,10200.0,200.0,521900.0
111,2021-10-18 06:15:37,10200.0,1000.0,521700.0
112,2021-10-18 06:14:46,10250.0,300.0,520700.0
113,2021-10-18 06:14:46,10250.0,1900.0,520400.0
114,2021-10-18 06:12:37,10300.0,1000.0,518500.0
115,2021-10-18 06:09:43,10250.0,100.0,517500.0
116,2021-10-18 06:05:30,10300.0,600.0,517400.0
117,2021-10-18 06:05:30,10300.0,100.0,516800.0
118,2021-10-18 06:05:30,10300.0,300.0,516700.0
119,2021-10-18 06:05:30,10300.0,800.0,516400.0
120,2021-10-18 06:01:36,10300.0,1300.0,515600.0
121,2021-10-18 06:00:20,10300.0,300.0,514300.0
122,2021-10-18 06:00:08,10300.0,200.0,514000.0
123,2021-10-18 06:00:02,10300.0,100.0,513800.0
124,2021-10-18 06:00:01,10300.0,2000.0,513700.0
125,2021-10-18 06:00:01,10300.0,1600.0,511700.0
126,2021-10-18 04:29:35,10300.0,100.0,510100.0
127,2021-10-18 04:20:24,10300.0,1000.0,510000.0
128,2021-10-18 04:19:36,10250.0,300.0,509000.0
129,2021-10-18 04:19:36,10250.0,700.0,508700.0
130,2021-10-18 04:19:01,10250.0,400.0,508000.0
131,2021-10-18 04:19:01,10250.0,3100.0,507600.0
132,2021-10-18 04:18:07,10250.0,1000.0,504500.0
133,2021-10-18 04:18:07,10250.0,3900.0,503500.0
134,2021-10-18 04:12:27,10250.0,300.0,499600.0
135,2021-10-18 04:12:27,10250.0,200.0,499300.0
136,2021-10-18 04:03:27,10300.0,1000.0,499100.0
137,2021-10-18 04:02:21,10300.0,500.0,498100.0
138,2021-10-18 04:02:21,10300.0,5000.0,497600.0
139,2021-10-18 04:02:21,10300.0,100.0,492600.0
140,2021-10-18 03:59:31,10300.0,100.0,492500.0
141,2021-10-18 03:59:13,10350.0,800.0,492400.0
142,2021-10-18 03:56:38,10350.0,2000.0,491600.0
143,2021-10-18 03:56:38,10350.0,6100.0,489600.0
144,2021-10-18 03:55:10,10350.0,3500.0,483500.0
145,2021-10-18 03:52:51,10350.0,2400.0,480000.0
146,2021-10-18 03:52:51,10350.0,1900.0,477600.0
147,2021-10-18 03:52:51,10350.0,3600.0,475700.0
148,2021-10-18 03:52:51,10350.0,100.0,472100.0
149,2021-10-18 03:51:45,10350.0,900.0,472000.0
150,2021-10-18 03:51:45,10350.0,800.0,471100.0
151,2021-10-18 03:51:45,10350.0,1000.0,470300.0
152,2021-10-18 03:51:45,10350.0,1000.0,469300.0
153,2021-10-18 03:51:45,10350.0,5000.0,468300.0
154,2021-10-18 03:51:45,10350.0,300.0,463300.0
155,2021-10-18 03:47:43,10350.0,100.0,463000.0
156,2021-10-18 03:45:41,10350.0,6400.0,462900.0
157,2021-10-18 03:45:41,10350.0,500.0,456500.0
158,2021-10-18 03:45:41,10350.0,500.0,456000.0
159,2021-10-18 03:45:41,10350.0,600.0,455500.0
160,2021-10-18 03:45:41,10350.0,200.0,454900.0
161,2021-10-18 03:45:41,10350.0,2800.0,454700.0
162,2021-10-18 03:44:52,10350.0,1200.0,451900.0
163,2021-10-18 03:44:52,10350.0,2000.0,450700.0
164,2021-10-18 03:44:52,10350.0,2300.0,448700.0
165,2021-10-18 03:44:52,10350.0,300.0,446400.0
166,2021-10-18 03:44:52,10350.0,1200.0,446100.0
167,2021-10-18 03:43:35,10350.0,500.0,444900.0
168,2021-10-18 03:41:01,10350.0,3300.0,444400.0
169,2021-10-18 03:41:01,10350.0,500.0,441100.0
170,2021-10-18 03:41:01,10350.0,1100.0,440600.0
171,2021-10-18 03:41:01,10350.0,100.0,439500.0
172,2021-10-18 03:39:26,10350.0,100.0,439400.0
173,2021-10-18 03:38:46,10350.0,500.0,439300.0
174,2021-10-18 03:37:16,10350.0,200.0,438800.0
175,2021-10-18 03:37:16,10350.0,100.0,438600.0
176,2021-10-18 03:37:07,10350.0,700.0,438500.0
177,2021-10-18 03:37:07,10350.0,100.0,437800.0
178,2021-10-18 03:37:07,10350.0,200.0,437700.0
179,2021-10-18 03:36:53,10350.0,1800.0,437500.0
180,2021-10-18 03:36:53,10350.0,1000.0,435700.0
181,2021-10-18 03:36:53,10350.0,1000.0,434700.0
182,2021-10-18 03:36:53,10350.0,1000.0,433700.0
183,2021-10-18 03:36:53,10350.0,100.0,432700.0
184,2021-10-18 03:36:53,10350.0,100.0,432600.0
185,2021-10-18 03:36:53,10350.0,5000.0,432500.0
186,2021-10-18 03:35:37,10350.0,100.0,427500.0
187,2021-10-18 03:35:37,10350.0,1000.0,427400.0
188,2021-10-18 03:35:37,10350.0,1900.0,426400.0
189,2021-10-18 03:35:14,10350.0,3100.0,424500.0
190,2021-10-18 03:35:14,10350.0,900.0,421400.0
191,2021-10-18 03:35:14,10350.0,100.0,420500.0
192,2021-10-18 03:35:14,10350.0,900.0,420400.0
193,2021-10-18 03:33:59,10350.0,100.0,419500.0
194,2021-10-18 03:33:59,10350.0,100.0,419400.0
195,2021-10-18 03:32:25,10300.0,1000.0,419300.0
196,2021-10-18 03:27:39,10300.0,800.0,418300.0
197,2021-10-18 03:27:39,10300.0,100.0,417500.0
198,2021-10-18 03:27:39,10300.0,500.0,417400.0
199,2021-10-18 03:27:39,10300.0,1500.0,416900.0
200,2021-10-18 03:27:39,10300.0,300.0,415400.0
201,2021-10-18 03:27:35,10250.0,100.0,415100.0
202,2021-10-18 03:27:03,10250.0,3800.0,415000.0
203,2021-10-18 03:25:49,10250.0,1000.0,411200.0
204,2021-10-18 03:25:13,10250.0,100.0,410200.0
205,2021-10-18 03:20:59,10300.0,100.0,410100.0
206,2021-10-18 03:20:59,10250.0,100.0,410000.0
207,2021-10-18 03:20:45,10150.0,400.0,409900.0
208,2021-10-18 03:20:45,10150.0,100.0,409500.0
209,2021-10-18 03:19:54,10250.0,1400.0,409400.0
210,2021-10-18 03:19:54,10250.0,600.0,408000.0
211,2021-10-18 03:19:00,10200.0,1000.0,407400.0
212,2021-10-18 03:18:31,10200.0,300.0,406400.0
213,2021-10-18 03:18:31,10200.0,100.0,406100.0
214,2021-10-18 03:18:31,10200.0,100.0,406000.0
215,2021-10-18 03:17:05,10250.0,900.0,405900.0
216,2021-10-18 03:16:41,10300.0,400.0,405000.0
217,2021-10-18 03:15:15,10250.0,100.0,404600.0
218,2021-10-18 03:14:56,10300.0,200.0,404500.0
219,2021-10-18 03:13:10,10200.0,1400.0,404300.0
220,2021-10-18 03:13:10,10200.0,100.0,402900.0
221,2021-10-18 03:12:51,10150.0,400.0,402800.0
222,2021-10-18 03:12:51,10150.0,100.0,402400.0
223,2021-10-18 03:12:51,10150.0,1000.0,402300.0
224,2021-10-18 03:12:40,10200.0,3000.0,401300.0
225,2021-10-18 03:12:40,10200.0,1200.0,398300.0
226,2021-10-18 03:12:40,10200.0,100.0,397100.0
227,2021-10-18 03:12:40,10200.0,1000.0,397000.0
228,2021-10-18 03:12:40,10200.0,1000.0,396000.0
229,2021-10-18 03:12:40,10200.0,3600.0,395000.0
230,2021-10-18 03:12:28,10300.0,2000.0,391400.0
231,2021-10-18 03:12:28,10300.0,100.0,389400.0
232,2021-10-18 03:11:03,10300.0,500.0,389300.0
233,2021-10-18 03:11:00,10300.0,10000.0,388800.0
234,2021-10-18 03:09:54,10350.0,200.0,378800.0
235,2021-10-18 03:08:12,10350.0,200.0,378600.0
236,2021-10-18 03:08:12,10350.0,200.0,378400.0
237,2021-10-18 03:08:12,10350.0,200.0,378200.0
238,2021-10-18 03:08:12,10350.0,100.0,378000.0
239,2021-10-18 03:08:12,10350.0,800.0,377900.0
240,2021-10-18 03:08:00,10350.0,2000.0,377100.0
241,2021-10-18 03:07:40,10350.0,200.0,375100.0
242,2021-10-18 03:07:27,10350.0,500.0,374900.0
243,2021-10-18 03:06:10,10350.0,500.0,374400.0
244,2021-10-18 03:05:47,10350.0,500.0,373900.0
245,2021-10-18 03:05:40,10350.0,500.0,373400.0
246,2021-10-18 03:05:18,10350.0,300.0,372900.0
247,2021-10-18 03:05:18,10350.0,1000.0,372600.0
248,2021-10-18 03:05:18,10350.0,700.0,371600.0
249,2021-10-18 03:05:18,10350.0,500.0,370900.0
250,2021-10-18 03:05:18,10350.0,100.0,370400.0
251,2021-10-18 03:05:18,10350.0,2800.0,370300.0
252,2021-10-18 03:05:18,10350.0,2000.0,367500.0
253,2021-10-18 03:05:18,10350.0,600.0,365500.0
254,2021-10-18 03:05:18,10350.0,100.0,364900.0
255,2021-10-18 03:05:18,10350.0,1000.0,364800.0
256,2021-10-18 03:05:18,10350.0,600.0,363800.0
257,2021-10-18 03:05:18,10350.0,300.0,363200.0
258,2021-10-18 03:05:18,10350.0,500.0,362900.0
259,2021-10-18 03:05:18,10350.0,300.0,362400.0
260,2021-10-18 03:05:18,10350.0,500.0,362100.0
261,2021-10-18 03:05:18,10350.0,5000.0,361600.0
262,2021-10-18 03:05:18,10350.0,200.0,356600.0
263,2021-10-18 03:05:18,10350.0,1100.0,356400.0
264,2021-10-18 03:05:18,10350.0,1500.0,355300.0
265,2021-10-18 03:04:31,10300.0,8900.0,353800.0
266,2021-10-18 03:03:54,10300.0,100.0,344900.0
267,2021-10-18 03:03:30,10300.0,1000.0,344800.0
268,2021-10-18 03:03:23,10300.0,100.0,343800.0
269,2021-10-18 03:03:19,10300.0,2400.0,343700.0
270,2021-10-18 03:03:09,10300.0,2600.0,341300.0
271,2021-10-18 03:02:06,10200.0,1400.0,338700.0
272,2021-10-18 03:02:06,10200.0,500.0,337300.0
273,2021-10-18 03:02:06,10250.0,200.0,336800.0
274,2021-10-18 03:02:06,10250.0,100.0,336600.0
275,2021-10-18 03:02:06,10300.0,4800.0,336500.0
276,2021-10-18 03:01:46,10300.0,200.0,331700.0
277,2021-10-18 03:01:42,10300.0,5000.0,331500.0
278,2021-10-18 03:01:33,10300.0,3000.0,326500.0
279,2021-10-18 03:00:44,10300.0,300.0,323500.0
280,2021-10-18 03:00:44,10300.0,3000.0,323200.0
281,2021-10-18 03:00:44,10300.0,1400.0,320200.0
282,2021-10-18 03:00:44,10300.0,500.0,318800.0
283,2021-10-18 03:00:44,10300.0,1800.0,318300.0
284,2021-10-18 03:00:41,10250.0,800.0,316500.0
285,2021-10-18 03:00:04,10250.0,2100.0,315700.0
286,2021-10-18 02:59:01,10250.0,4000.0,313600.0
287,2021-10-18 02:58:58,10300.0,1000.0,309600.0
288,2021-10-18 02:56:50,10250.0,200.0,308600.0
289,2021-10-18 02:56:06,10250.0,100.0,308400.0
290,2021-10-18 02:54:54,10250.0,300.0,308300.0
291,2021-10-18 02:54:09,10250.0,2400.0,308000.0
292,2021-10-18 02:53:54,10300.0,3000.0,305600.0
293,2021-10-18 02:53:20,10300.0,3000.0,302600.0
294,2021-10-18 02:53:20,10300.0,1200.0,299600.0
295,2021-10-18 02:52:22,10300.0,200.0,298400.0
296,2021-10-18 02:52:13,10350.0,3000.0,298200.0
297,2021-10-18 02:52:11,10300.0,100.0,295200.0
298,2021-10-18 02:51:29,10300.0,1600.0,295100.0
299,2021-10-18 02:51:15,10300.0,1100.0,293500.0
300,2021-10-18 02:51:14,10300.0,300.0,292400.0
301,2021-10-18 02:51:14,10300.0,2000.0,292100.0
302,2021-10-18 02:50:50,10350.0,200.0,290100.0
303,2021-10-18 02:50:40,10350.0,300.0,289900.0
304,2021-10-18 02:50:40,10350.0,200.0,289600.0
305,2021-10-18 02:50:01,10350.0,1000.0,289400.0
306,2021-10-18 02:49:59,10350.0,800.0,288400.0
307,2021-10-18 02:49:59,10350.0,1000.0,287600.0
308,2021-10-18 02:49:59,10350.0,5200.0,286600.0
309,2021-10-18 02:49:49,10350.0,1800.0,281400.0
310,2021-10-18 02:49:49,10350.0,2000.0,279600.0
311,2021-10-18 02:49:49,10350.0,1000.0,277600.0
312,2021-10-18 02:49:49,10350.0,200.0,276600.0
313,2021-10-18 02:49:31,10350.0,100.0,276400.0
314,2021-10-18 02:48:17,10350.0,200.0,276300.0
315,2021-10-18 02:47:35,10350.0,500.0,276100.0
316,2021-10-18 02:47:35,10350.0,1500.0,275600.0
317,2021-10-18 02:47:29,10350.0,500.0,274100.0
318,2021-10-18 02:47:29,10350.0,5000.0,273600.0
319,2021-10-18 02:47:29,10350.0,1000.0,268600.0
320,2021-10-18 02:47:29,10350.0,1000.0,267600.0
321,2021-10-18 02:47:29,10350.0,11000.0,266600.0
322,2021-10-18 02:47:15,10350.0,700.0,255600.0
323,2021-10-18 02:46:42,10350.0,100.0,254900.0
324,2021-10-18 02:46:42,10350.0,1000.0,254800.0
325,2021-10-18 02:46:42,10350.0,7200.0,253800.0
326,2021-10-18 02:46:38,10350.0,5000.0,246600.0
327,2021-10-18 02:46:18,10350.0,5000.0,241600.0
328,2021-10-18 02:46:14,10350.0,2800.0,236600.0
329,2021-10-18 02:46:14,10350.0,200.0,233800.0
330,2021-10-18 02:45:41,10350.0,300.0,233600.0
331,2021-10-18 02:45:41,10350.0,1500.0,233300.0
332,2021-10-18 02:45:41,10350.0,200.0,231800.0
333,2021-10-18 02:45:09,10350.0,4800.0,231600.0
334,2021-10-18 02:45:09,10350.0,2000.0,226800.0
335,2021-10-18 02:45:09,10350.0,3000.0,224800.0
336,2021-10-18 02:45:09,10350.0,200.0,221800.0
337,2021-10-18 02:45:09,10350.0,100.0,221600.0
338,2021-10-18 02:45:09,10350.0,4500.0,221500.0
339,2021-10-18 02:45:09,10350.0,100.0,217000.0
340,2021-10-18 02:45:09,10350.0,3300.0,216900.0
341,2021-10-18 02:45:09,10300.0,1000.0,213600.0
342,2021-10-18 02:45:09,10300.0,1000.0,212600.0
343,2021-10-18 02:44:42,10300.0,1000.0,211600.0
344,2021-10-18 02:43:40,10350.0,500.0,210600.0
345,2021-10-18 02:43:40,10200.0,100.0,210100.0
346,2021-10-18 02:43:37,10200.0,500.0,210000.0
347,2021-10-18 02:43:36,10200.0,500.0,209500.0
348,2021-10-18 02:43:36,10200.0,1200.0,209000.0
349,2021-10-18 02:43:32,10200.0,1900.0,207800.0
350,2021-10-18 02:43:32,10250.0,100.0,205900.0
351,2021-10-18 02:43:32,10250.0,1000.0,205800.0
352,2021-10-18 02:43:21,10350.0,200.0,204800.0
353,2021-10-18 02:43:01,10250.0,7600.0,204600.0
354,2021-10-18 02:43:01,10350.0,300.0,197000.0
355,2021-10-18 02:43:01,10350.0,1000.0,196700.0
356,2021-10-18 02:43:01,10350.0,1600.0,195700.0
357,2021-10-18 02:43:01,10350.0,9500.0,194100.0
358,2021-10-18 02:42:52,10350.0,8400.0,184600.0
359,2021-10-18 02:42:52,10350.0,1600.0,176200.0
360,2021-10-18 02:42:45,10350.0,400.0,174600.0
361,2021-10-18 02:42:43,10350.0,100.0,174200.0
362,2021-10-18 02:42:43,10350.0,200.0,174100.0
363,2021-10-18 02:42:43,10350.0,4500.0,173900.0
364,2021-10-18 02:42:43,10350.0,300.0,169400.0
365,2021-10-18 02:42:43,10350.0,1100.0,169100.0
366,2021-10-18 02:42:43,10350.0,100.0,168000.0
367,2021-10-18 02:42:43,10350.0,4000.0,167900.0
368,2021-10-18 02:42:43,10350.0,300.0,163900.0
369,2021-10-18 02:42:43,10350.0,1300.0,163600.0
370,2021-10-18 02:42:43,10350.0,100.0,162300.0
371,2021-10-18 02:42:43,10350.0,1000.0,162200.0
372,2021-10-18 02:42:43,10350.0,2900.0,161200.0
373,2021-10-18 02:42:36,10350.0,100.0,158300.0
374,2021-10-18 02:42:25,10350.0,500.0,158200.0
375,2021-10-18 02:42:25,10350.0,200.0,157700.0
376,2021-10-18 02:42:25,10350.0,300.0,157500.0
377,2021-10-18 02:42:24,10350.0,100.0,157200.0
378,2021-10-18 02:42:24,10350.0,300.0,157100.0
379,2021-10-18 02:42:24,10350.0,1600.0,156800.0
380,2021-10-18 02:42:23,10350.0,3400.0,155200.0
381,2021-10-18 02:42:23,10350.0,300.0,151800.0
382,2021-10-18 02:42:23,10350.0,1300.0,151500.0
383,2021-10-18 02:41:58,10350.0,10000.0,150200.0
384,2021-10-18 02:41:53,10300.0,5900.0,140200.0
385,2021-10-18 02:41:31,10300.0,200.0,134300.0
386,2021-10-18 02:41:28,10300.0,100.0,134100.0
387,2021-10-18 02:41:28,10300.0,3300.0,134000.0
388,2021-10-18 02:41:16,10300.0,6700.0,130700.0
389,2021-10-18 02:41:16,10300.0,1500.0,124000.0
390,2021-10-18 02:41:16,10300.0,1800.0,122500.0
391,2021-10-18 02:41:07,10250.0,7400.0,120700.0
392,2021-10-18 02:40:46,10300.0,700.0,113300.0
393,2021-10-18 02:40:46,10300.0,200.0,112600.0
394,2021-10-18 02:40:46,10300.0,1100.0,112400.0
395,2021-10-18 02:40:43,10300.0,3000.0,111300.0
396,2021-10-18 02:40:33,10300.0,900.0,108300.0
397,2021-10-18 02:40:33,10300.0,1000.0,107400.0
398,2021-10-18 02:40:29,10300.0,1000.0,106400.0
399,2021-10-18 02:39:54,10250.0,1000.0,105400.0
400,2021-10-18 02:39:54,10250.0,3000.0,104400.0
401,2021-10-18 02:39:50,10250.0,2000.0,101400.0
402,2021-10-18 02:39:50,10250.0,500.0,99400.0
403,2021-10-18 02:38:55,10200.0,700.0,98900.0
404,2021-10-18 02:38:55,10200.0,1500.0,98200.0
405,2021-10-18 02:38:55,10200.0,600.0,96700.0
406,2021-10-18 02:38:55,10200.0,4100.0,96100.0
407,2021-10-18 02:38:07,10200.0,900.0,92000.0
408,2021-10-18 02:38:07,10200.0,500.0,91100.0
409,2021-10-18 02:38:07,10200.0,3600.0,90600.0
410,2021-10-18 02:38:07,10100.0,5000.0,87000.0
411,2021-10-18 02:37:07,10200.0,1400.0,82000.0
412,2021-10-18 02:37:07,10200.0,1600.0,80600.0
413,2021-10-18 02:37:07,10100.0,2000.0,79000.0
414,2021-10-18 02:36:19,10200.0,7600.0,77000.0
415,2021-10-18 02:36:19,10100.0,1100.0,69400.0
416,2021-10-18 02:36:19,10100.0,200.0,68300.0
417,2021-10-18 02:36:19,10100.0,700.0,68100.0
418,2021-10-18 02:36:19,10100.0,400.0,67400.0
419,2021-10-18 02:35:52,10000.0,2100.0,67000.0
420,2021-10-18 02:35:44,10000.0,2900.0,64900.0
421,2021-10-18 02:35:32,10100.0,200.0,62000.0
422,2021-10-18 02:35:11,10100.0,1000.0,61800.0
423,2021-10-18 02:34:48,10000.0,100.0,60800.0
424,2021-10-18 02:34:25,10000.0,1100.0,60700.0
425,2021-10-18 02:34:25,10000.0,100.0,59600.0
426,2021-10-18 02:34:25,10000.0,100.0,59500.0
427,2021-10-18 02:34:25,10000.0,1000.0,59400.0
428,2021-10-18 02:34:25,10000.0,900.0,58400.0
429,2021-10-18 02:34:25,10000.0,3500.0,57500.0
430,2021-10-18 02:34:25,10000.0,500.0,54000.0
431,2021-10-18 02:34:25,10000.0,2100.0,53500.0
432,2021-10-18 02:34:25,10000.0,100.0,51400.0
433,2021-10-18 02:34:25,10000.0,900.0,51300.0
434,2021-10-18 02:34:25,10000.0,4900.0,50400.0
435,2021-10-18 02:34:25,10000.0,10000.0,45500.0
436,2021-10-18 02:34:25,10000.0,300.0,35500.0
437,2021-10-18 02:34:25,10000.0,100.0,35200.0
438,2021-10-18 02:34:25,10000.0,200.0,35100.0
439,2021-10-18 02:34:25,10000.0,1200.0,34900.0
440,2021-10-18 02:34:05,9990.0,100.0,33700.0
441,2021-10-18 02:33:53,9990.0,500.0,33600.0
442,2021-10-18 02:33:23,9990.0,6000.0,33100.0
443,2021-10-18 02:33:23,9970.0,100.0,27100.0
444,2021-10-18 02:32:36,9900.0,200.0,27000.0
445,2021-10-18 02:32:36,9900.0,100.0,26800.0
446,2021-10-18 02:32:36,9900.0,3000.0,26700.0
447,2021-10-18 02:32:36,9900.0,200.0,23700.0
448,2021-10-18 02:32:36,9900.0,200.0,23500.0
449,2021-10-18 02:32:36,9890.0,200.0,23300.0
450,2021-10-18 02:32:07,9800.0,2900.0,23100.0
451,2021-10-18 02:31:37,9800.0,400.0,20200.0
452,2021-10-18 02:31:37,9800.0,100.0,19800.0
453,2021-10-18 02:31:37,9800.0,1000.0,19700.0
454,2021-10-18 02:31:37,9800.0,500.0,18700.0
455,2021-10-18 02:31:02,9790.0,800.0,18200.0
456,2021-10-18 02:29:31,9790.0,300.0,17400.0
457,2021-10-18 02:27:42,9790.0,100.0,17100.0
458,2021-10-18 02:27:19,9800.0,200.0,17000.0
459,2021-10-18 02:25:56,9800.0,100.0,16800.0
460,2021-10-18 02:25:56,9800.0,100.0,16700.0
461,2021-10-18 02:24:47,9800.0,500.0,16600.0
462,2021-10-18 02:24:27,9800.0,200.0,16100.0
463,2021-10-18 02:19:24,9800.0,200.0,15900.0
464,2021-10-18 02:17:37,9700.0,1300.0,15700.0
465,2021-10-18 02:17:37,9700.0,1700.0,14400.0
466,2021-10-18 02:17:31,9700.0,1000.0,12700.0
467,2021-10-18 02:15:14,9700.0,200.0,11700.0
468,2021-10-18 02:15:14,9690.0,100.0,11500.0
469,2021-10-18 02:15:01,9600.0,200.0,11400.0
470,2021-10-18 02:15:01,9600.0,200.0,11200.0
471,2021-10-18 02:15:01,9600.0,200.0,11000.0
472,2021-10-18 02:15:01,9600.0,200.0,10800.0
473,2021-10-18 02:15:01,9600.0,200.0,10600.0
474,2021-10-18 02:15:01,9600.0,200.0,10400.0
475,2021-10-18 02:15:01,9600.0,200.0,10200.0
476,2021-10-18 02:15:01,9600.0,1600.0,10000.0
477,2021-10-18 02:15:01,9600.0,500.0,8400.0
478,2021-10-18 02:15:01,9600.0,2000.0,7900.0
479,2021-10-18 02:15:01,9600.0,300.0,5900.0
480,2021-10-18 02:15:01,9600.0,1000.0,5600.0
481,2021-10-18 02:15:01,9600.0,200.0,4600.0
482,2021-10-18 02:15:01,9600.0,1000.0,4400.0
483,2021-10-18 02:15:01,9600.0,1000.0,3400.0
484,2021-10-18 02:15:01,9600.0,300.0,2400.0
485,2021-10-18 02:15:01,9600.0,500.0,2100.0
486,2021-10-18 02:15:01,9600.0,1600.0,1600.0
