,Time,Price,Volume_per_trade,Volume
0,2021-10-06 07:45:01,4360.0,1200.0,2281500.0
1,2021-10-06 07:45:01,4360.0,800.0,2280300.0
2,2021-10-06 07:45:01,4360.0,200.0,2279500.0
3,2021-10-06 07:45:00,4360.0,2000.0,2279300.0
4,2021-10-06 07:45:00,4360.0,1000.0,2277300.0
5,2021-10-06 07:45:00,4360.0,100.0,2276300.0
6,2021-10-06 07:45:00,4360.0,700.0,2276200.0
7,2021-10-06 07:45:00,4360.0,100.0,2275500.0
8,2021-10-06 07:45:00,4360.0,1000.0,2275400.0
9,2021-10-06 07:45:00,4360.0,3000.0,2274400.0
10,2021-10-06 07:45:00,4360.0,100.0,2271400.0
11,2021-10-06 07:45:00,4360.0,3100.0,2271300.0
12,2021-10-06 07:45:00,4360.0,1900.0,2268200.0
13,2021-10-06 07:45:00,4360.0,8100.0,2266300.0
14,2021-10-06 07:45:00,4360.0,1900.0,2258200.0
15,2021-10-06 07:45:00,4360.0,2000.0,2256300.0
16,2021-10-06 07:45:00,4360.0,200.0,2254300.0
17,2021-10-06 07:45:00,4360.0,200.0,2254100.0
18,2021-10-06 07:45:00,4360.0,1000.0,2253900.0
19,2021-10-06 07:45:00,4360.0,1400.0,2252900.0
20,2021-10-06 07:45:00,4360.0,3300.0,2251500.0
21,2021-10-06 07:45:00,4360.0,700.0,2248200.0
22,2021-10-06 07:45:00,4360.0,200.0,2247500.0
23,2021-10-06 07:45:00,4360.0,100.0,2247300.0
24,2021-10-06 07:45:00,4360.0,1200.0,2247200.0
25,2021-10-06 07:45:00,4360.0,1000.0,2246000.0
26,2021-10-06 07:45:00,4360.0,3000.0,2245000.0
27,2021-10-06 07:45:00,4360.0,400.0,2242000.0
28,2021-10-06 07:45:00,4360.0,3000.0,2241600.0
29,2021-10-06 07:45:00,4360.0,10000.0,2238600.0
30,2021-10-06 07:45:00,4360.0,100.0,2228600.0
31,2021-10-06 07:45:00,4360.0,300.0,2228500.0
32,2021-10-06 07:45:00,4360.0,1000.0,2228200.0
33,2021-10-06 07:45:00,4360.0,10000.0,2227200.0
34,2021-10-06 07:29:33,4390.0,800.0,2217200.0
35,2021-10-06 07:29:33,4390.0,700.0,2216400.0
36,2021-10-06 07:29:33,4390.0,1000.0,2215700.0
37,2021-10-06 07:29:33,4390.0,10000.0,2214700.0
38,2021-10-06 07:28:51,4400.0,5000.0,2204700.0
39,2021-10-06 07:28:37,4400.0,200.0,2199700.0
40,2021-10-06 07:27:36,4400.0,4300.0,2199500.0
41,2021-10-06 07:27:19,4400.0,700.0,2195200.0
42,2021-10-06 07:27:19,4400.0,2000.0,2194500.0
43,2021-10-06 07:27:19,4400.0,2000.0,2192500.0
44,2021-10-06 07:27:19,4400.0,1100.0,2190500.0
45,2021-10-06 07:26:39,4400.0,200.0,2189400.0
46,2021-10-06 07:26:39,4400.0,3500.0,2189200.0
47,2021-10-06 07:26:39,4400.0,400.0,2185700.0
48,2021-10-06 07:26:39,4400.0,1000.0,2185300.0
49,2021-10-06 07:26:39,4400.0,4900.0,2184300.0
50,2021-10-06 07:26:39,4400.0,2100.0,2179400.0
51,2021-10-06 07:26:39,4410.0,200.0,2177300.0
52,2021-10-06 07:26:39,4410.0,700.0,2177100.0
53,2021-10-06 07:25:27,4410.0,2000.0,2176400.0
54,2021-10-06 07:24:19,4410.0,300.0,2174400.0
55,2021-10-06 07:23:28,4400.0,2900.0,2174100.0
56,2021-10-06 07:22:24,4400.0,100.0,2171200.0
57,2021-10-06 07:22:05,4400.0,2500.0,2171100.0
58,2021-10-06 07:21:54,4400.0,2500.0,2168600.0
59,2021-10-06 07:21:54,4400.0,5000.0,2166100.0
60,2021-10-06 07:21:54,4400.0,10000.0,2161100.0
61,2021-10-06 07:21:54,4400.0,400.0,2151100.0
62,2021-10-06 07:21:54,4400.0,600.0,2150700.0
63,2021-10-06 07:21:54,4400.0,5000.0,2150100.0
64,2021-10-06 07:21:54,4400.0,16300.0,2145100.0
65,2021-10-06 07:21:54,4410.0,200.0,2128800.0
66,2021-10-06 07:21:47,4400.0,3700.0,2128600.0
67,2021-10-06 07:21:47,4400.0,10000.0,2124900.0
68,2021-10-06 07:21:47,4400.0,2000.0,2114900.0
69,2021-10-06 07:21:47,4400.0,300.0,2112900.0
70,2021-10-06 07:21:47,4400.0,2400.0,2112600.0
71,2021-10-06 07:21:47,4410.0,1600.0,2110200.0
72,2021-10-06 07:21:17,4410.0,3400.0,2108600.0
73,2021-10-06 07:21:17,4410.0,100.0,2105200.0
74,2021-10-06 07:21:17,4410.0,31500.0,2105100.0
75,2021-10-06 07:20:42,4410.0,1400.0,2073600.0
76,2021-10-06 07:20:42,4420.0,100.0,2072200.0
77,2021-10-06 07:20:42,4420.0,500.0,2072100.0
78,2021-10-06 07:20:24,4420.0,500.0,2071600.0
79,2021-10-06 07:19:38,4410.0,5300.0,2071100.0
80,2021-10-06 07:19:38,4410.0,5200.0,2065800.0
81,2021-10-06 07:19:38,4410.0,3600.0,2060600.0
82,2021-10-06 07:19:38,4420.0,300.0,2057000.0
83,2021-10-06 07:19:38,4420.0,3000.0,2056700.0
84,2021-10-06 07:19:38,4420.0,2600.0,2053700.0
85,2021-10-06 07:19:11,4420.0,1600.0,2051100.0
86,2021-10-06 07:18:58,4420.0,400.0,2049500.0
87,2021-10-06 07:18:19,4420.0,1100.0,2049100.0
88,2021-10-06 07:17:53,4420.0,4300.0,2048000.0
89,2021-10-06 07:17:53,4420.0,400.0,2043700.0
90,2021-10-06 07:17:53,4420.0,2000.0,2043300.0
91,2021-10-06 07:17:53,4420.0,600.0,2041300.0
92,2021-10-06 07:17:23,4420.0,4400.0,2040700.0
93,2021-10-06 07:17:23,4420.0,900.0,2036300.0
94,2021-10-06 07:17:23,4420.0,200.0,2035400.0
95,2021-10-06 07:15:26,4420.0,800.0,2035200.0
96,2021-10-06 07:15:26,4420.0,9200.0,2034400.0
97,2021-10-06 07:14:53,4420.0,100.0,2025200.0
98,2021-10-06 07:14:25,4420.0,600.0,2025100.0
99,2021-10-06 07:14:10,4420.0,100.0,2024500.0
100,2021-10-06 07:13:33,4420.0,10000.0,2024400.0
101,2021-10-06 07:12:54,4410.0,4500.0,2014400.0
102,2021-10-06 07:12:39,4410.0,1900.0,2009900.0
103,2021-10-06 07:12:39,4410.0,200.0,2008000.0
104,2021-10-06 07:12:39,4410.0,800.0,2007800.0
105,2021-10-06 07:12:39,4440.0,700.0,2007000.0
106,2021-10-06 07:12:04,4450.0,4200.0,2006300.0
107,2021-10-06 07:11:56,4450.0,5700.0,2002100.0
108,2021-10-06 07:11:44,4450.0,100.0,1996400.0
109,2021-10-06 07:11:44,4450.0,200.0,1996300.0
110,2021-10-06 07:11:17,4460.0,200.0,1996100.0
111,2021-10-06 07:11:02,4450.0,100.0,1995900.0
112,2021-10-06 07:09:55,4450.0,700.0,1995800.0
113,2021-10-06 07:09:25,4410.0,5300.0,1995100.0
114,2021-10-06 07:08:56,4460.0,100.0,1989800.0
115,2021-10-06 07:07:54,4410.0,1900.0,1989700.0
116,2021-10-06 07:07:54,4450.0,100.0,1987800.0
117,2021-10-06 07:07:52,4460.0,100.0,1987700.0
118,2021-10-06 07:07:47,4410.0,2200.0,1987600.0
119,2021-10-06 07:07:47,4420.0,200.0,1985400.0
120,2021-10-06 07:07:47,4420.0,1000.0,1985200.0
121,2021-10-06 07:07:47,4420.0,100.0,1984200.0
122,2021-10-06 07:07:47,4430.0,300.0,1984100.0
123,2021-10-06 07:07:47,4430.0,1700.0,1983800.0
124,2021-10-06 07:04:38,4450.0,1200.0,1982100.0
125,2021-10-06 07:02:30,4400.0,5100.0,1980900.0
126,2021-10-06 07:02:30,4420.0,1300.0,1975800.0
127,2021-10-06 07:02:30,4420.0,200.0,1974500.0
128,2021-10-06 07:01:42,4450.0,400.0,1974300.0
129,2021-10-06 07:01:28,4420.0,200.0,1973900.0
130,2021-10-06 07:01:19,4420.0,600.0,1973700.0
131,2021-10-06 07:00:51,4400.0,2500.0,1973100.0
132,2021-10-06 07:00:51,4400.0,500.0,1970600.0
133,2021-10-06 07:00:37,4400.0,600.0,1970100.0
134,2021-10-06 07:00:29,4400.0,300.0,1969500.0
135,2021-10-06 07:00:20,4420.0,400.0,1969200.0
136,2021-10-06 07:00:20,4420.0,100.0,1968800.0
137,2021-10-06 07:00:20,4420.0,3200.0,1968700.0
138,2021-10-06 06:59:57,4450.0,5000.0,1965500.0
139,2021-10-06 06:59:51,4450.0,1200.0,1960500.0
140,2021-10-06 06:59:38,4450.0,1000.0,1959300.0
141,2021-10-06 06:58:49,4450.0,800.0,1958300.0
142,2021-10-06 06:58:49,4450.0,200.0,1957500.0
143,2021-10-06 06:58:31,4450.0,3000.0,1957300.0
144,2021-10-06 06:58:23,4450.0,2000.0,1954300.0
145,2021-10-06 06:58:23,4450.0,1000.0,1952300.0
146,2021-10-06 06:58:23,4450.0,100.0,1951300.0
147,2021-10-06 06:58:23,4450.0,900.0,1951200.0
148,2021-10-06 06:58:13,4450.0,100.0,1950300.0
149,2021-10-06 06:58:13,4450.0,100.0,1950200.0
150,2021-10-06 06:57:46,4450.0,2100.0,1950100.0
151,2021-10-06 06:56:54,4450.0,2900.0,1948000.0
152,2021-10-06 06:56:54,4450.0,3300.0,1945100.0
153,2021-10-06 06:56:04,4450.0,700.0,1941800.0
154,2021-10-06 06:55:43,4450.0,2400.0,1941100.0
155,2021-10-06 06:55:29,4450.0,3600.0,1938700.0
156,2021-10-06 06:55:29,4450.0,800.0,1935100.0
157,2021-10-06 06:55:25,4450.0,2500.0,1934300.0
158,2021-10-06 06:55:18,4450.0,11800.0,1931800.0
159,2021-10-06 06:55:18,4460.0,1400.0,1920000.0
160,2021-10-06 06:55:18,4460.0,2000.0,1918600.0
161,2021-10-06 06:55:18,4460.0,700.0,1916600.0
162,2021-10-06 06:55:18,4500.0,4100.0,1915900.0
163,2021-10-06 06:55:08,4500.0,5900.0,1911800.0
164,2021-10-06 06:55:08,4500.0,900.0,1905900.0
165,2021-10-06 06:55:07,4520.0,2600.0,1905000.0
166,2021-10-06 06:55:07,4510.0,14600.0,1902400.0
167,2021-10-06 06:54:43,4500.0,400.0,1887800.0
168,2021-10-06 06:54:31,4500.0,28700.0,1887400.0
169,2021-10-06 06:54:31,4500.0,1300.0,1858700.0
170,2021-10-06 06:54:02,4500.0,1300.0,1857400.0
171,2021-10-06 06:53:47,4500.0,400.0,1856100.0
172,2021-10-06 06:53:46,4500.0,2500.0,1855700.0
173,2021-10-06 06:53:46,4500.0,4500.0,1853200.0
174,2021-10-06 06:53:23,4500.0,500.0,1848700.0
175,2021-10-06 06:53:23,4500.0,1000.0,1848200.0
176,2021-10-06 06:53:23,4500.0,1000.0,1847200.0
177,2021-10-06 06:53:23,4500.0,300.0,1846200.0
178,2021-10-06 06:53:23,4500.0,2000.0,1845900.0
179,2021-10-06 06:53:23,4500.0,600.0,1843900.0
180,2021-10-06 06:53:23,4500.0,4600.0,1843300.0
181,2021-10-06 06:53:10,4460.0,500.0,1838700.0
182,2021-10-06 06:53:00,4460.0,200.0,1838200.0
183,2021-10-06 06:52:51,4460.0,100.0,1838000.0
184,2021-10-06 06:52:44,4450.0,400.0,1837900.0
185,2021-10-06 06:52:35,4450.0,4500.0,1837500.0
186,2021-10-06 06:52:26,4500.0,400.0,1833000.0
187,2021-10-06 06:52:26,4500.0,500.0,1832600.0
188,2021-10-06 06:52:26,4500.0,5000.0,1832100.0
189,2021-10-06 06:52:26,4500.0,100.0,1827100.0
190,2021-10-06 06:52:26,4500.0,5000.0,1827000.0
191,2021-10-06 06:52:26,4500.0,1000.0,1822000.0
192,2021-10-06 06:52:26,4500.0,5000.0,1821000.0
193,2021-10-06 06:52:26,4500.0,2000.0,1816000.0
194,2021-10-06 06:52:26,4500.0,700.0,1814000.0
195,2021-10-06 06:52:26,4500.0,500.0,1813300.0
196,2021-10-06 06:52:26,4500.0,1000.0,1812800.0
197,2021-10-06 06:52:26,4500.0,9100.0,1811800.0
198,2021-10-06 06:52:26,4490.0,10000.0,1802700.0
199,2021-10-06 06:52:26,4480.0,5000.0,1792700.0
200,2021-10-06 06:52:26,4480.0,4000.0,1787700.0
201,2021-10-06 06:52:26,4470.0,200.0,1783700.0
202,2021-10-06 06:52:26,4470.0,300.0,1783500.0
203,2021-10-06 06:52:26,4460.0,200.0,1783200.0
204,2021-10-06 06:51:49,4450.0,200.0,1783000.0
205,2021-10-06 06:51:49,4450.0,4000.0,1782800.0
206,2021-10-06 06:51:49,4450.0,100.0,1778800.0
207,2021-10-06 06:51:49,4450.0,300.0,1778700.0
208,2021-10-06 06:51:49,4450.0,1000.0,1778400.0
209,2021-10-06 06:51:49,4450.0,10000.0,1777400.0
210,2021-10-06 06:51:49,4450.0,1000.0,1767400.0
211,2021-10-06 06:51:49,4450.0,1000.0,1766400.0
212,2021-10-06 06:51:49,4450.0,4900.0,1765400.0
213,2021-10-06 06:51:13,4420.0,2400.0,1760500.0
214,2021-10-06 06:50:38,4420.0,10000.0,1758100.0
215,2021-10-06 06:50:38,4420.0,200.0,1748100.0
216,2021-10-06 06:50:38,4420.0,7000.0,1747900.0
217,2021-10-06 06:50:38,4420.0,2300.0,1740900.0
218,2021-10-06 06:50:38,4410.0,4800.0,1738600.0
219,2021-10-06 06:50:38,4410.0,900.0,1733800.0
220,2021-10-06 06:50:38,4410.0,100.0,1732900.0
221,2021-10-06 06:50:38,4410.0,100.0,1732800.0
222,2021-10-06 06:50:38,4410.0,1000.0,1732700.0
223,2021-10-06 06:50:38,4410.0,400.0,1731700.0
224,2021-10-06 06:50:38,4410.0,1000.0,1731300.0
225,2021-10-06 06:50:38,4410.0,6600.0,1730300.0
226,2021-10-06 06:49:43,4400.0,100.0,1723700.0
227,2021-10-06 06:49:43,4400.0,500.0,1723600.0
228,2021-10-06 06:49:24,4400.0,500.0,1723100.0
229,2021-10-06 06:49:24,4400.0,500.0,1722600.0
230,2021-10-06 06:49:24,4400.0,6000.0,1722100.0
231,2021-10-06 06:49:02,4400.0,4000.0,1716100.0
232,2021-10-06 06:49:02,4400.0,500.0,1712100.0
233,2021-10-06 06:45:13,4380.0,100.0,1711600.0
234,2021-10-06 06:43:23,4370.0,300.0,1711500.0
235,2021-10-06 06:43:23,4370.0,1000.0,1711200.0
236,2021-10-06 06:43:23,4370.0,1000.0,1710200.0
237,2021-10-06 06:43:23,4370.0,300.0,1709200.0
238,2021-10-06 06:43:23,4370.0,400.0,1708900.0
239,2021-10-06 06:42:59,4370.0,600.0,1708500.0
240,2021-10-06 06:42:59,4370.0,2000.0,1707900.0
241,2021-10-06 06:42:59,4370.0,100.0,1705900.0
242,2021-10-06 06:42:59,4370.0,100.0,1705800.0
243,2021-10-06 06:42:59,4370.0,100.0,1705700.0
244,2021-10-06 06:42:59,4370.0,400.0,1705600.0
245,2021-10-06 06:42:59,4370.0,3000.0,1705200.0
246,2021-10-06 06:42:59,4370.0,3000.0,1702200.0
247,2021-10-06 06:42:59,4370.0,700.0,1699200.0
248,2021-10-06 06:42:50,4370.0,800.0,1698500.0
249,2021-10-06 06:42:03,4380.0,100.0,1697700.0
250,2021-10-06 06:40:44,4370.0,500.0,1697600.0
251,2021-10-06 06:39:00,4370.0,1000.0,1697100.0
252,2021-10-06 06:35:10,4370.0,1000.0,1696100.0
253,2021-10-06 06:33:39,4370.0,600.0,1695100.0
254,2021-10-06 06:33:39,4380.0,100.0,1694500.0
255,2021-10-06 06:30:46,4370.0,5400.0,1694400.0
256,2021-10-06 06:30:46,4370.0,4000.0,1689000.0
257,2021-10-06 06:30:46,4370.0,500.0,1685000.0
258,2021-10-06 06:30:46,4370.0,6000.0,1684500.0
259,2021-10-06 06:30:46,4370.0,1000.0,1678500.0
260,2021-10-06 06:30:46,4370.0,2000.0,1677500.0
261,2021-10-06 06:30:46,4380.0,25000.0,1675500.0
262,2021-10-06 06:30:46,4380.0,1000.0,1650500.0
263,2021-10-06 06:30:46,4380.0,100.0,1649500.0
264,2021-10-06 06:30:46,4380.0,5000.0,1649400.0
265,2021-10-06 06:22:04,4360.0,3600.0,1644400.0
266,2021-10-06 06:22:04,4360.0,200.0,1640800.0
267,2021-10-06 06:22:04,4360.0,1000.0,1640600.0
268,2021-10-06 06:22:04,4360.0,500.0,1639600.0
269,2021-10-06 06:22:04,4360.0,500.0,1639100.0
270,2021-10-06 06:22:04,4360.0,200.0,1638600.0
271,2021-10-06 06:22:04,4360.0,100.0,1638400.0
272,2021-10-06 06:22:04,4360.0,2200.0,1638300.0
273,2021-10-06 06:22:04,4370.0,30000.0,1636100.0
274,2021-10-06 06:22:04,4380.0,5000.0,1606100.0
275,2021-10-06 06:22:04,4380.0,200.0,1601100.0
276,2021-10-06 06:22:04,4380.0,5000.0,1600900.0
277,2021-10-06 06:22:04,4380.0,900.0,1595900.0
278,2021-10-06 06:22:04,4390.0,600.0,1595000.0
279,2021-10-06 06:18:18,4410.0,500.0,1594400.0
280,2021-10-06 06:17:30,4360.0,17300.0,1593900.0
281,2021-10-06 06:17:30,4360.0,100.0,1576600.0
282,2021-10-06 06:17:30,4360.0,100.0,1576500.0
283,2021-10-06 06:17:30,4360.0,1000.0,1576400.0
284,2021-10-06 06:17:30,4360.0,500.0,1575400.0
285,2021-10-06 06:17:30,4360.0,100.0,1574900.0
286,2021-10-06 06:17:30,4360.0,3000.0,1574800.0
287,2021-10-06 06:17:30,4360.0,1500.0,1571800.0
288,2021-10-06 06:17:30,4360.0,700.0,1570300.0
289,2021-10-06 06:17:30,4360.0,100.0,1569600.0
290,2021-10-06 06:17:30,4370.0,5000.0,1569500.0
291,2021-10-06 06:17:30,4370.0,1500.0,1564500.0
292,2021-10-06 06:17:30,4370.0,100.0,1563000.0
293,2021-10-06 06:17:30,4380.0,2000.0,1562900.0
294,2021-10-06 06:17:30,4380.0,5000.0,1560900.0
295,2021-10-06 06:17:30,4380.0,3000.0,1555900.0
296,2021-10-06 06:17:30,4380.0,2000.0,1552900.0
297,2021-10-06 06:17:30,4380.0,500.0,1550900.0
298,2021-10-06 06:17:30,4380.0,1000.0,1550400.0
299,2021-10-06 06:17:30,4380.0,4000.0,1549400.0
300,2021-10-06 06:17:30,4380.0,5000.0,1545400.0
301,2021-10-06 06:17:30,4390.0,2000.0,1540400.0
302,2021-10-06 06:17:30,4390.0,1000.0,1538400.0
303,2021-10-06 06:17:30,4390.0,10000.0,1537400.0
304,2021-10-06 06:17:30,4390.0,100.0,1527400.0
305,2021-10-06 06:17:30,4390.0,500.0,1527300.0
306,2021-10-06 06:17:30,4390.0,100.0,1526800.0
307,2021-10-06 06:17:30,4390.0,1000.0,1526700.0
308,2021-10-06 06:17:30,4390.0,3000.0,1525700.0
309,2021-10-06 06:17:30,4390.0,1000.0,1522700.0
310,2021-10-06 06:17:30,4390.0,100.0,1521700.0
311,2021-10-06 06:17:30,4390.0,1000.0,1521600.0
312,2021-10-06 06:17:30,4390.0,100.0,1520600.0
313,2021-10-06 06:17:30,4390.0,10000.0,1520500.0
314,2021-10-06 06:17:30,4390.0,300.0,1510500.0
315,2021-10-06 06:17:30,4390.0,500.0,1510200.0
316,2021-10-06 06:17:30,4390.0,500.0,1509700.0
317,2021-10-06 06:17:30,4390.0,4400.0,1509200.0
318,2021-10-06 06:17:30,4400.0,5000.0,1504800.0
319,2021-10-06 06:17:30,4400.0,2000.0,1499800.0
320,2021-10-06 06:17:30,4400.0,2000.0,1497800.0
321,2021-10-06 06:17:30,4400.0,500.0,1495800.0
322,2021-10-06 06:17:30,4400.0,600.0,1495300.0
323,2021-10-06 06:17:30,4400.0,800.0,1494700.0
324,2021-10-06 06:16:27,4400.0,1200.0,1493900.0
325,2021-10-06 06:16:27,4400.0,100.0,1492700.0
326,2021-10-06 06:16:27,4400.0,700.0,1492600.0
327,2021-10-06 06:16:15,4410.0,1000.0,1491900.0
328,2021-10-06 06:16:11,4410.0,3000.0,1490900.0
329,2021-10-06 06:16:01,4410.0,200.0,1487900.0
330,2021-10-06 06:15:58,4410.0,13200.0,1487700.0
331,2021-10-06 06:12:22,4410.0,100.0,1474500.0
332,2021-10-06 06:12:08,4400.0,2300.0,1474400.0
333,2021-10-06 06:12:08,4400.0,400.0,1472100.0
334,2021-10-06 06:09:30,4400.0,500.0,1471700.0
335,2021-10-06 06:09:01,4410.0,2100.0,1471200.0
336,2021-10-06 06:06:22,4410.0,200.0,1469100.0
337,2021-10-06 06:06:06,4410.0,300.0,1468900.0
338,2021-10-06 06:01:51,4400.0,1800.0,1468600.0
339,2021-10-06 06:01:51,4400.0,300.0,1466800.0
340,2021-10-06 06:00:26,4400.0,700.0,1466500.0
341,2021-10-06 06:00:26,4400.0,400.0,1465800.0
342,2021-10-06 06:00:26,4400.0,900.0,1465400.0
343,2021-10-06 06:00:22,4400.0,500.0,1464500.0
344,2021-10-06 06:00:19,4400.0,100.0,1464000.0
345,2021-10-06 06:00:16,4400.0,8000.0,1463900.0
346,2021-10-06 06:00:15,4400.0,500.0,1455900.0
347,2021-10-06 06:00:15,4400.0,1000.0,1455400.0
348,2021-10-06 06:00:15,4400.0,500.0,1454400.0
349,2021-10-06 06:00:04,4400.0,100.0,1453900.0
350,2021-10-06 04:28:57,4400.0,10000.0,1453800.0
351,2021-10-06 04:28:57,4400.0,4400.0,1443800.0
352,2021-10-06 04:25:49,4400.0,5500.0,1439400.0
353,2021-10-06 04:25:37,4400.0,100.0,1433900.0
354,2021-10-06 04:25:37,4400.0,2400.0,1433800.0
355,2021-10-06 04:23:31,4400.0,6600.0,1431400.0
356,2021-10-06 04:23:31,4400.0,2500.0,1424800.0
357,2021-10-06 04:23:00,4400.0,5000.0,1422300.0
358,2021-10-06 04:21:59,4420.0,1200.0,1417300.0
359,2021-10-06 04:21:59,4420.0,1500.0,1416100.0
360,2021-10-06 04:21:58,4400.0,7500.0,1414600.0
361,2021-10-06 04:21:44,4400.0,2000.0,1407100.0
362,2021-10-06 04:21:06,4400.0,1000.0,1405100.0
363,2021-10-06 04:21:06,4400.0,2000.0,1404100.0
364,2021-10-06 04:20:58,4400.0,100.0,1402100.0
365,2021-10-06 04:20:21,4400.0,1700.0,1402000.0
366,2021-10-06 04:16:49,4390.0,1500.0,1400300.0
367,2021-10-06 04:16:42,4400.0,600.0,1398800.0
368,2021-10-06 04:16:12,4390.0,500.0,1398200.0
369,2021-10-06 04:16:12,4390.0,200.0,1397700.0
370,2021-10-06 04:14:31,4390.0,200.0,1397500.0
371,2021-10-06 04:13:56,4390.0,1100.0,1397300.0
372,2021-10-06 04:13:56,4390.0,300.0,1396200.0
373,2021-10-06 04:13:56,4390.0,2000.0,1395900.0
374,2021-10-06 04:13:56,4390.0,400.0,1393900.0
375,2021-10-06 04:13:56,4390.0,1200.0,1393500.0
376,2021-10-06 04:13:38,4400.0,1100.0,1392300.0
377,2021-10-06 04:13:38,4400.0,8900.0,1391200.0
378,2021-10-06 04:12:31,4400.0,200.0,1382300.0
379,2021-10-06 04:10:51,4400.0,500.0,1382100.0
380,2021-10-06 04:10:09,4400.0,400.0,1381600.0
381,2021-10-06 04:10:09,4400.0,600.0,1381200.0
382,2021-10-06 04:09:38,4400.0,2000.0,1380600.0
383,2021-10-06 04:07:59,4400.0,1000.0,1378600.0
384,2021-10-06 04:07:06,4390.0,3000.0,1377600.0
385,2021-10-06 04:04:52,4390.0,800.0,1374600.0
386,2021-10-06 04:04:52,4390.0,200.0,1373800.0
387,2021-10-06 04:04:51,4390.0,2800.0,1373600.0
388,2021-10-06 04:04:51,4390.0,2200.0,1370800.0
389,2021-10-06 04:04:45,4390.0,1800.0,1368600.0
390,2021-10-06 04:04:45,4390.0,200.0,1366800.0
391,2021-10-06 04:03:48,4390.0,2000.0,1366600.0
392,2021-10-06 04:03:01,4400.0,400.0,1364600.0
393,2021-10-06 04:03:01,4400.0,100.0,1364200.0
394,2021-10-06 04:02:04,4390.0,12800.0,1364100.0
395,2021-10-06 04:02:04,4390.0,1000.0,1351300.0
396,2021-10-06 04:02:04,4390.0,2000.0,1350300.0
397,2021-10-06 04:02:04,4390.0,2400.0,1348300.0
398,2021-10-06 04:02:04,4390.0,28300.0,1345900.0
399,2021-10-06 04:02:04,4390.0,800.0,1317600.0
400,2021-10-06 04:02:04,4390.0,2700.0,1316800.0
401,2021-10-06 04:01:04,4400.0,5000.0,1314100.0
402,2021-10-06 04:00:44,4400.0,1300.0,1309100.0
403,2021-10-06 04:00:44,4400.0,3000.0,1307800.0
404,2021-10-06 04:00:44,4400.0,600.0,1304800.0
405,2021-10-06 03:59:26,4400.0,4400.0,1304200.0
406,2021-10-06 03:59:26,4400.0,8000.0,1299800.0
407,2021-10-06 03:58:47,4400.0,1000.0,1291800.0
408,2021-10-06 03:58:47,4400.0,1000.0,1290800.0
409,2021-10-06 03:58:47,4400.0,2800.0,1289800.0
410,2021-10-06 03:58:47,4410.0,10000.0,1287000.0
411,2021-10-06 03:58:47,4410.0,2000.0,1277000.0
412,2021-10-06 03:58:47,4410.0,10000.0,1275000.0
413,2021-10-06 03:58:47,4410.0,2000.0,1265000.0
414,2021-10-06 03:58:47,4410.0,1200.0,1263000.0
415,2021-10-06 03:58:44,4420.0,3400.0,1261800.0
416,2021-10-06 03:58:40,4410.0,5000.0,1258400.0
417,2021-10-06 03:55:27,4410.0,3000.0,1253400.0
418,2021-10-06 03:55:01,4410.0,7800.0,1250400.0
419,2021-10-06 03:55:01,4410.0,7700.0,1242600.0
420,2021-10-06 03:53:58,4420.0,900.0,1234900.0
421,2021-10-06 03:53:58,4420.0,3600.0,1234000.0
422,2021-10-06 03:53:58,4420.0,500.0,1230400.0
423,2021-10-06 03:53:58,4420.0,5000.0,1229900.0
424,2021-10-06 03:53:51,4410.0,4200.0,1224900.0
425,2021-10-06 03:52:18,4410.0,2900.0,1220700.0
426,2021-10-06 03:52:11,4410.0,200.0,1217800.0
427,2021-10-06 03:51:42,4400.0,4000.0,1217600.0
428,2021-10-06 03:51:42,4410.0,1000.0,1213600.0
429,2021-10-06 03:51:38,4400.0,4000.0,1212600.0
430,2021-10-06 03:51:38,4400.0,800.0,1208600.0
431,2021-10-06 03:51:38,4400.0,1000.0,1207800.0
432,2021-10-06 03:51:38,4400.0,500.0,1206800.0
433,2021-10-06 03:51:38,4400.0,800.0,1206300.0
434,2021-10-06 03:51:24,4410.0,2900.0,1205500.0
435,2021-10-06 03:50:55,4410.0,3100.0,1202600.0
436,2021-10-06 03:50:46,4410.0,2000.0,1199500.0
437,2021-10-06 03:50:41,4410.0,7000.0,1197500.0
438,2021-10-06 03:50:41,4410.0,4500.0,1190500.0
439,2021-10-06 03:50:27,4410.0,700.0,1186000.0
440,2021-10-06 03:49:57,4410.0,2500.0,1185300.0
441,2021-10-06 03:49:17,4420.0,2600.0,1182800.0
442,2021-10-06 03:49:17,4420.0,600.0,1180200.0
443,2021-10-06 03:49:17,4420.0,1000.0,1179600.0
444,2021-10-06 03:49:17,4420.0,12700.0,1178600.0
445,2021-10-06 03:48:58,4420.0,5300.0,1165900.0
446,2021-10-06 03:48:35,4430.0,1000.0,1160600.0
447,2021-10-06 03:48:08,4430.0,1000.0,1159600.0
448,2021-10-06 03:48:03,4420.0,11500.0,1158600.0
449,2021-10-06 03:48:03,4420.0,1000.0,1147100.0
450,2021-10-06 03:48:03,4420.0,3000.0,1146100.0
451,2021-10-06 03:48:03,4420.0,13000.0,1143100.0
452,2021-10-06 03:46:15,4430.0,1000.0,1130100.0
453,2021-10-06 03:46:15,4430.0,3000.0,1129100.0
454,2021-10-06 03:45:09,4450.0,100.0,1126100.0
455,2021-10-06 03:45:09,4450.0,6600.0,1126000.0
456,2021-10-06 03:45:09,4450.0,1000.0,1119400.0
457,2021-10-06 03:45:09,4450.0,300.0,1118400.0
458,2021-10-06 03:43:01,4420.0,2000.0,1118100.0
459,2021-10-06 03:42:40,4420.0,5000.0,1116100.0
460,2021-10-06 03:42:40,4420.0,3000.0,1111100.0
461,2021-10-06 03:42:33,4420.0,1400.0,1108100.0
462,2021-10-06 03:42:33,4420.0,1600.0,1106700.0
463,2021-10-06 03:42:09,4420.0,1900.0,1105100.0
464,2021-10-06 03:40:00,4420.0,4500.0,1103200.0
465,2021-10-06 03:40:00,4420.0,2700.0,1098700.0
466,2021-10-06 03:38:19,4420.0,5500.0,1096000.0
467,2021-10-06 03:37:57,4420.0,2800.0,1090500.0
468,2021-10-06 03:37:57,4420.0,1200.0,1087700.0
469,2021-10-06 03:37:43,4420.0,2000.0,1086500.0
470,2021-10-06 03:37:22,4420.0,800.0,1084500.0
471,2021-10-06 03:37:22,4440.0,200.0,1083700.0
472,2021-10-06 03:37:22,4450.0,14900.0,1083500.0
473,2021-10-06 03:37:22,4460.0,3000.0,1068600.0
474,2021-10-06 03:37:22,4460.0,6500.0,1065600.0
475,2021-10-06 03:37:12,4460.0,200.0,1059100.0
476,2021-10-06 03:37:00,4460.0,2500.0,1058900.0
477,2021-10-06 03:37:00,4460.0,500.0,1056400.0
478,2021-10-06 03:37:00,4460.0,300.0,1055900.0
479,2021-10-06 03:36:54,4450.0,9000.0,1055600.0
480,2021-10-06 03:36:20,4450.0,2000.0,1046600.0
481,2021-10-06 03:36:20,4450.0,100.0,1044600.0
482,2021-10-06 03:35:57,4450.0,900.0,1044500.0
483,2021-10-06 03:35:56,4450.0,1000.0,1043600.0
484,2021-10-06 03:34:46,4450.0,3100.0,1042600.0
485,2021-10-06 03:34:43,4450.0,8000.0,1039500.0
486,2021-10-06 03:34:30,4460.0,1900.0,1031500.0
487,2021-10-06 03:34:22,4460.0,100.0,1029600.0
488,2021-10-06 03:34:22,4460.0,900.0,1029500.0
489,2021-10-06 03:33:38,4460.0,6400.0,1028600.0
490,2021-10-06 03:33:30,4460.0,500.0,1022200.0
491,2021-10-06 03:33:30,4460.0,200.0,1021700.0
492,2021-10-06 03:33:30,4460.0,6000.0,1021500.0
493,2021-10-06 03:33:25,4460.0,200.0,1015500.0
494,2021-10-06 03:33:06,4460.0,2100.0,1015300.0
495,2021-10-06 03:33:04,4460.0,100.0,1013200.0
496,2021-10-06 03:32:47,4460.0,1400.0,1013100.0
497,2021-10-06 03:32:42,4460.0,3500.0,1011700.0
498,2021-10-06 03:32:42,4460.0,1500.0,1008200.0
499,2021-10-06 03:32:29,4450.0,3000.0,1006700.0
500,2021-10-06 03:32:27,4450.0,1800.0,1003700.0
501,2021-10-06 03:32:16,4450.0,500.0,1001900.0
502,2021-10-06 03:31:47,4450.0,300.0,1001400.0
503,2021-10-06 03:31:26,4450.0,4500.0,1001100.0
504,2021-10-06 03:31:09,4450.0,1200.0,996600.0
505,2021-10-06 03:31:05,4450.0,6800.0,995400.0
506,2021-10-06 03:31:05,4450.0,3900.0,988600.0
507,2021-10-06 03:30:42,4450.0,2000.0,984700.0
508,2021-10-06 03:30:38,4440.0,2200.0,982700.0
509,2021-10-06 03:30:38,4440.0,800.0,980500.0
510,2021-10-06 03:30:38,4440.0,500.0,979700.0
511,2021-10-06 03:30:31,4450.0,1100.0,979200.0
512,2021-10-06 03:30:31,4450.0,5000.0,978100.0
513,2021-10-06 03:30:31,4450.0,200.0,973100.0
514,2021-10-06 03:30:31,4450.0,1000.0,972900.0
515,2021-10-06 03:30:31,4450.0,3500.0,971900.0
516,2021-10-06 03:30:31,4450.0,6800.0,968400.0
517,2021-10-06 03:30:31,4450.0,2400.0,961600.0
518,2021-10-06 03:29:58,4440.0,7600.0,959200.0
519,2021-10-06 03:29:26,4440.0,1000.0,951600.0
520,2021-10-06 03:29:13,4440.0,5000.0,950600.0
521,2021-10-06 03:29:13,4440.0,900.0,945600.0
522,2021-10-06 03:29:04,4420.0,5000.0,944700.0
523,2021-10-06 03:28:51,4420.0,5000.0,939700.0
524,2021-10-06 03:28:51,4420.0,1000.0,934700.0
525,2021-10-06 03:28:29,4400.0,100.0,933700.0
526,2021-10-06 03:27:47,4400.0,200.0,933600.0
527,2021-10-06 03:27:40,4400.0,2200.0,933400.0
528,2021-10-06 03:27:40,4400.0,12500.0,931200.0
529,2021-10-06 03:27:40,4400.0,1300.0,918700.0
530,2021-10-06 03:27:28,4400.0,100.0,917400.0
531,2021-10-06 03:26:47,4390.0,300.0,917300.0
532,2021-10-06 03:26:47,4390.0,500.0,917000.0
533,2021-10-06 03:24:07,4390.0,200.0,916500.0
534,2021-10-06 03:24:07,4390.0,1400.0,916300.0
535,2021-10-06 03:24:07,4390.0,200.0,914900.0
536,2021-10-06 03:24:07,4390.0,3000.0,914700.0
537,2021-10-06 03:24:07,4390.0,5000.0,911700.0
538,2021-10-06 03:24:07,4390.0,600.0,906700.0
539,2021-10-06 03:24:05,4390.0,1200.0,906100.0
540,2021-10-06 03:23:47,4390.0,3100.0,904900.0
541,2021-10-06 03:21:52,4390.0,3000.0,901800.0
542,2021-10-06 03:21:34,4390.0,400.0,898800.0
543,2021-10-06 03:20:57,4390.0,1000.0,898400.0
544,2021-10-06 03:17:11,4400.0,1000.0,897400.0
545,2021-10-06 03:17:11,4400.0,1300.0,896400.0
546,2021-10-06 03:17:11,4400.0,2700.0,895100.0
547,2021-10-06 03:16:43,4400.0,500.0,892400.0
548,2021-10-06 03:16:15,4400.0,2000.0,891900.0
549,2021-10-06 03:14:32,4400.0,2600.0,889900.0
550,2021-10-06 03:13:01,4390.0,1300.0,887300.0
551,2021-10-06 03:12:56,4390.0,4600.0,886000.0
552,2021-10-06 03:12:56,4390.0,5400.0,881400.0
553,2021-10-06 03:12:53,4390.0,4600.0,876000.0
554,2021-10-06 03:12:53,4390.0,400.0,871400.0
555,2021-10-06 03:12:16,4390.0,600.0,871000.0
556,2021-10-06 03:11:57,4360.0,400.0,870400.0
557,2021-10-06 03:11:57,4360.0,1500.0,870000.0
558,2021-10-06 03:11:57,4360.0,200.0,868500.0
559,2021-10-06 03:11:57,4360.0,200.0,868300.0
560,2021-10-06 03:11:57,4370.0,3000.0,868100.0
561,2021-10-06 03:11:57,4370.0,100.0,865100.0
562,2021-10-06 03:11:57,4380.0,3000.0,865000.0
563,2021-10-06 03:11:57,4380.0,3000.0,862000.0
564,2021-10-06 03:11:57,4380.0,2000.0,859000.0
565,2021-10-06 03:11:57,4380.0,500.0,857000.0
566,2021-10-06 03:11:57,4380.0,4700.0,856500.0
567,2021-10-06 03:11:57,4380.0,5000.0,851800.0
568,2021-10-06 03:11:57,4380.0,3400.0,846800.0
569,2021-10-06 03:10:01,4380.0,2000.0,843400.0
570,2021-10-06 03:10:01,4380.0,2900.0,841400.0
571,2021-10-06 03:09:53,4370.0,600.0,838500.0
572,2021-10-06 03:09:53,4370.0,1000.0,837900.0
573,2021-10-06 03:09:53,4370.0,100.0,836900.0
574,2021-10-06 03:09:53,4370.0,1300.0,836800.0
575,2021-10-06 03:09:18,4380.0,800.0,835500.0
576,2021-10-06 03:09:12,4380.0,1800.0,834700.0
577,2021-10-06 03:08:41,4380.0,100.0,832900.0
578,2021-10-06 03:08:38,4370.0,1700.0,832800.0
579,2021-10-06 03:08:38,4370.0,3000.0,831100.0
580,2021-10-06 03:08:38,4370.0,500.0,828100.0
581,2021-10-06 03:08:38,4370.0,4800.0,827600.0
582,2021-10-06 03:08:26,4380.0,4400.0,822800.0
583,2021-10-06 03:08:26,4380.0,4000.0,818400.0
584,2021-10-06 03:08:26,4380.0,1600.0,814400.0
585,2021-10-06 03:08:05,4380.0,1500.0,812800.0
586,2021-10-06 03:07:55,4370.0,5200.0,811300.0
587,2021-10-06 03:07:55,4370.0,200.0,806100.0
588,2021-10-06 03:07:55,4370.0,500.0,805900.0
589,2021-10-06 03:07:55,4370.0,100.0,805400.0
590,2021-10-06 03:07:55,4380.0,2000.0,805300.0
591,2021-10-06 03:07:48,4380.0,2600.0,803300.0
592,2021-10-06 03:07:47,4380.0,2000.0,800700.0
593,2021-10-06 03:07:41,4380.0,100.0,798700.0
594,2021-10-06 03:07:29,4380.0,200.0,798600.0
595,2021-10-06 03:07:29,4380.0,17000.0,798400.0
596,2021-10-06 03:07:29,4380.0,2000.0,781400.0
597,2021-10-06 03:07:29,4380.0,100.0,779400.0
598,2021-10-06 03:07:03,4380.0,23000.0,779300.0
599,2021-10-06 03:07:03,4380.0,100.0,756300.0
600,2021-10-06 03:07:03,4380.0,2000.0,756200.0
601,2021-10-06 03:07:03,4380.0,900.0,754200.0
602,2021-10-06 03:07:03,4380.0,1800.0,753300.0
603,2021-10-06 03:07:03,4380.0,1000.0,751500.0
604,2021-10-06 03:07:03,4380.0,1000.0,750500.0
605,2021-10-06 03:07:03,4380.0,200.0,749500.0
606,2021-10-06 03:05:37,4380.0,11600.0,749300.0
607,2021-10-06 03:05:37,4380.0,5000.0,737700.0
608,2021-10-06 03:05:37,4380.0,400.0,732700.0
609,2021-10-06 03:05:37,4380.0,1000.0,732300.0
610,2021-10-06 03:05:37,4380.0,1000.0,731300.0
611,2021-10-06 03:05:37,4380.0,1000.0,730300.0
612,2021-10-06 03:03:51,4380.0,11400.0,729300.0
613,2021-10-06 03:03:51,4380.0,200.0,717900.0
614,2021-10-06 03:03:51,4380.0,100.0,717700.0
615,2021-10-06 03:03:51,4380.0,200.0,717600.0
616,2021-10-06 03:03:51,4380.0,100.0,717400.0
617,2021-10-06 03:03:34,4400.0,200.0,717300.0
618,2021-10-06 03:02:57,4400.0,2000.0,717100.0
619,2021-10-06 03:02:15,4380.0,600.0,715100.0
620,2021-10-06 03:02:15,4380.0,5000.0,714500.0
621,2021-10-06 03:02:15,4380.0,1000.0,709500.0
622,2021-10-06 03:02:15,4380.0,100.0,708500.0
623,2021-10-06 03:02:15,4380.0,200.0,708400.0
624,2021-10-06 03:02:15,4380.0,400.0,708200.0
625,2021-10-06 03:02:15,4380.0,200.0,707800.0
626,2021-10-06 03:02:15,4380.0,1000.0,707600.0
627,2021-10-06 03:02:15,4380.0,1000.0,706600.0
628,2021-10-06 03:02:15,4380.0,500.0,705600.0
629,2021-10-06 03:02:15,4380.0,2000.0,705100.0
630,2021-10-06 03:02:15,4380.0,2000.0,703100.0
631,2021-10-06 03:01:59,4380.0,700.0,701100.0
632,2021-10-06 03:01:59,4380.0,300.0,700400.0
633,2021-10-06 03:00:57,4380.0,9700.0,700100.0
634,2021-10-06 03:00:57,4380.0,2000.0,690400.0
635,2021-10-06 03:00:57,4380.0,1200.0,688400.0
636,2021-10-06 03:00:57,4380.0,500.0,687200.0
637,2021-10-06 03:00:57,4390.0,500.0,686700.0
638,2021-10-06 03:00:57,4390.0,500.0,686200.0
639,2021-10-06 03:00:57,4390.0,600.0,685700.0
640,2021-10-06 03:00:32,4390.0,1400.0,685100.0
641,2021-10-06 03:00:32,4390.0,5900.0,683700.0
642,2021-10-06 03:00:32,4390.0,300.0,677800.0
643,2021-10-06 03:00:32,4390.0,300.0,677500.0
644,2021-10-06 03:00:32,4390.0,300.0,677200.0
645,2021-10-06 03:00:32,4390.0,200.0,676900.0
646,2021-10-06 03:00:32,4400.0,1000.0,676700.0
647,2021-10-06 03:00:32,4400.0,600.0,675700.0
648,2021-10-06 03:00:15,4400.0,2500.0,675100.0
649,2021-10-06 02:59:49,4420.0,1900.0,672600.0
650,2021-10-06 02:59:20,4400.0,1900.0,670700.0
651,2021-10-06 02:59:20,4400.0,8100.0,668800.0
652,2021-10-06 02:59:07,4400.0,1900.0,660700.0
653,2021-10-06 02:58:45,4400.0,8100.0,658800.0
654,2021-10-06 02:58:32,4400.0,1900.0,650700.0
655,2021-10-06 02:58:19,4400.0,19400.0,648800.0
656,2021-10-06 02:57:50,4400.0,1200.0,629400.0
657,2021-10-06 02:57:36,4400.0,1900.0,628200.0
658,2021-10-06 02:57:30,4400.0,700.0,626300.0
659,2021-10-06 02:57:30,4410.0,500.0,625600.0
660,2021-10-06 02:57:30,4420.0,14400.0,625100.0
661,2021-10-06 02:57:21,4420.0,600.0,610700.0
662,2021-10-06 02:56:54,4420.0,1800.0,610100.0
663,2021-10-06 02:56:54,4420.0,1200.0,608300.0
664,2021-10-06 02:56:54,4420.0,1400.0,607100.0
665,2021-10-06 02:56:12,4420.0,3800.0,605700.0
666,2021-10-06 02:56:12,4420.0,100.0,601900.0
667,2021-10-06 02:56:12,4420.0,300.0,601800.0
668,2021-10-06 02:56:12,4420.0,300.0,601500.0
669,2021-10-06 02:56:12,4420.0,500.0,601200.0
670,2021-10-06 02:56:01,4440.0,100.0,600700.0
671,2021-10-06 02:54:56,4420.0,900.0,600600.0
672,2021-10-06 02:54:56,4420.0,500.0,599700.0
673,2021-10-06 02:54:56,4420.0,2000.0,599200.0
674,2021-10-06 02:54:46,4400.0,900.0,597200.0
675,2021-10-06 02:54:35,4400.0,200.0,596300.0
676,2021-10-06 02:54:35,4400.0,1000.0,596100.0
677,2021-10-06 02:54:35,4400.0,700.0,595100.0
678,2021-10-06 02:54:35,4400.0,200.0,594400.0
679,2021-10-06 02:54:26,4400.0,800.0,594200.0
680,2021-10-06 02:54:26,4400.0,500.0,593400.0
681,2021-10-06 02:54:26,4400.0,300.0,592900.0
682,2021-10-06 02:54:26,4400.0,200.0,592600.0
683,2021-10-06 02:54:26,4400.0,900.0,592400.0
684,2021-10-06 02:53:46,4420.0,100.0,591500.0
685,2021-10-06 02:53:34,4400.0,1600.0,591400.0
686,2021-10-06 02:53:34,4400.0,700.0,589800.0
687,2021-10-06 02:53:34,4400.0,5000.0,589100.0
688,2021-10-06 02:53:34,4400.0,100.0,584100.0
689,2021-10-06 02:53:34,4410.0,100.0,584000.0
690,2021-10-06 02:53:12,4420.0,500.0,583900.0
691,2021-10-06 02:53:12,4420.0,500.0,583400.0
692,2021-10-06 02:53:12,4420.0,1000.0,582900.0
693,2021-10-06 02:53:12,4420.0,500.0,581900.0
694,2021-10-06 02:53:12,4420.0,1000.0,581400.0
695,2021-10-06 02:53:12,4420.0,20000.0,580400.0
696,2021-10-06 02:53:12,4420.0,3000.0,560400.0
697,2021-10-06 02:53:12,4420.0,10000.0,557400.0
698,2021-10-06 02:53:12,4420.0,20000.0,547400.0
699,2021-10-06 02:53:12,4420.0,200.0,527400.0
700,2021-10-06 02:53:12,4420.0,5000.0,527200.0
701,2021-10-06 02:53:12,4430.0,400.0,522200.0
702,2021-10-06 02:53:12,4440.0,500.0,521800.0
703,2021-10-06 02:53:12,4440.0,300.0,521300.0
704,2021-10-06 02:52:42,4440.0,200.0,521000.0
705,2021-10-06 02:52:27,4450.0,200.0,520800.0
706,2021-10-06 02:51:47,4450.0,400.0,520600.0
707,2021-10-06 02:51:47,4450.0,1600.0,520200.0
708,2021-10-06 02:51:41,4440.0,1200.0,518600.0
709,2021-10-06 02:51:41,4440.0,1000.0,517400.0
710,2021-10-06 02:51:41,4440.0,200.0,516400.0
711,2021-10-06 02:51:31,4450.0,500.0,516200.0
712,2021-10-06 02:48:51,4450.0,1000.0,515700.0
713,2021-10-06 02:48:43,4450.0,1600.0,514700.0
714,2021-10-06 02:48:43,4450.0,8400.0,513100.0
715,2021-10-06 02:47:57,4450.0,6000.0,504700.0
716,2021-10-06 02:47:57,4450.0,1000.0,498700.0
717,2021-10-06 02:47:57,4450.0,3000.0,497700.0
718,2021-10-06 02:47:57,4450.0,2600.0,494700.0
719,2021-10-06 02:47:48,4450.0,2400.0,492100.0
720,2021-10-06 02:47:48,4450.0,1000.0,489700.0
721,2021-10-06 02:47:48,4450.0,2500.0,488700.0
722,2021-10-06 02:47:23,4460.0,400.0,486200.0
723,2021-10-06 02:46:47,4460.0,500.0,485800.0
724,2021-10-06 02:46:41,4460.0,300.0,485300.0
725,2021-10-06 02:46:06,4460.0,3000.0,485000.0
726,2021-10-06 02:45:22,4460.0,2000.0,482000.0
727,2021-10-06 02:43:31,4450.0,16200.0,480000.0
728,2021-10-06 02:43:31,4460.0,1000.0,463800.0
729,2021-10-06 02:43:31,4460.0,2000.0,462800.0
730,2021-10-06 02:43:08,4460.0,300.0,460800.0
731,2021-10-06 02:42:41,4460.0,700.0,460500.0
732,2021-10-06 02:42:41,4460.0,300.0,459800.0
733,2021-10-06 02:42:23,4470.0,5000.0,459500.0
734,2021-10-06 02:42:23,4470.0,3000.0,454500.0
735,2021-10-06 02:42:23,4470.0,1000.0,451500.0
736,2021-10-06 02:42:23,4470.0,5800.0,450500.0
737,2021-10-06 02:42:23,4470.0,10000.0,444700.0
738,2021-10-06 02:42:23,4470.0,4500.0,434700.0
739,2021-10-06 02:41:32,4470.0,14900.0,430200.0
740,2021-10-06 02:41:32,4490.0,5100.0,415300.0
741,2021-10-06 02:41:28,4490.0,4900.0,410200.0
742,2021-10-06 02:41:22,4490.0,12700.0,405300.0
743,2021-10-06 02:40:46,4470.0,600.0,392600.0
744,2021-10-06 02:40:46,4470.0,1000.0,392000.0
745,2021-10-06 02:40:46,4480.0,5000.0,391000.0
746,2021-10-06 02:40:46,4480.0,400.0,386000.0
747,2021-10-06 02:40:39,4490.0,10000.0,385600.0
748,2021-10-06 02:40:21,4490.0,1500.0,375600.0
749,2021-10-06 02:40:21,4490.0,900.0,374100.0
750,2021-10-06 02:40:01,4500.0,600.0,373200.0
751,2021-10-06 02:39:46,4500.0,100.0,372600.0
752,2021-10-06 02:39:44,4500.0,2000.0,372500.0
753,2021-10-06 02:39:36,4500.0,500.0,370500.0
754,2021-10-06 02:39:27,4500.0,400.0,370000.0
755,2021-10-06 02:39:15,4500.0,10000.0,369600.0
756,2021-10-06 02:39:08,4500.0,2300.0,359600.0
757,2021-10-06 02:39:08,4500.0,1000.0,357300.0
758,2021-10-06 02:39:08,4500.0,600.0,356300.0
759,2021-10-06 02:39:08,4500.0,1000.0,355700.0
760,2021-10-06 02:39:08,4500.0,4800.0,354700.0
761,2021-10-06 02:39:08,4490.0,300.0,349900.0
762,2021-10-06 02:39:06,4480.0,1000.0,349600.0
763,2021-10-06 02:39:05,4490.0,500.0,348600.0
764,2021-10-06 02:39:05,4490.0,1500.0,348100.0
765,2021-10-06 02:39:00,4490.0,4500.0,346600.0
766,2021-10-06 02:39:00,4490.0,1500.0,342100.0
767,2021-10-06 02:38:50,4480.0,600.0,340600.0
768,2021-10-06 02:38:22,4470.0,5000.0,340000.0
769,2021-10-06 02:38:14,4450.0,4800.0,335000.0
770,2021-10-06 02:37:58,4450.0,5000.0,330200.0
771,2021-10-06 02:37:58,4450.0,10000.0,325200.0
772,2021-10-06 02:37:58,4450.0,10000.0,315200.0
773,2021-10-06 02:37:58,4450.0,100.0,305200.0
774,2021-10-06 02:37:58,4450.0,1400.0,305100.0
775,2021-10-06 02:36:05,4420.0,100.0,303700.0
776,2021-10-06 02:36:05,4410.0,500.0,303600.0
777,2021-10-06 02:35:49,4400.0,700.0,303100.0
778,2021-10-06 02:35:30,4400.0,500.0,302400.0
779,2021-10-06 02:35:30,4400.0,200.0,301900.0
780,2021-10-06 02:35:30,4400.0,5000.0,301700.0
781,2021-10-06 02:35:30,4400.0,200.0,296700.0
782,2021-10-06 02:35:30,4400.0,700.0,296500.0
783,2021-10-06 02:35:26,4400.0,2000.0,295800.0
784,2021-10-06 02:35:26,4400.0,300.0,293800.0
785,2021-10-06 02:34:51,4400.0,2000.0,293500.0
786,2021-10-06 02:34:51,4400.0,100.0,291500.0
787,2021-10-06 02:34:51,4400.0,300.0,291400.0
788,2021-10-06 02:34:51,4400.0,600.0,291100.0
789,2021-10-06 02:34:40,4400.0,3500.0,290500.0
790,2021-10-06 02:34:15,4390.0,2000.0,287000.0
791,2021-10-06 02:33:33,4390.0,1000.0,285000.0
792,2021-10-06 02:33:22,4390.0,400.0,284000.0
793,2021-10-06 02:33:15,4390.0,2000.0,283600.0
794,2021-10-06 02:32:44,4390.0,1000.0,281600.0
795,2021-10-06 02:32:07,4390.0,100.0,280600.0
796,2021-10-06 02:32:07,4380.0,2900.0,280500.0
797,2021-10-06 02:32:07,4380.0,2000.0,277600.0
798,2021-10-06 02:32:07,4380.0,100.0,275600.0
799,2021-10-06 02:31:59,4380.0,200.0,275500.0
800,2021-10-06 02:31:59,4380.0,1000.0,275300.0
801,2021-10-06 02:31:59,4380.0,1300.0,274300.0
802,2021-10-06 02:31:45,4380.0,300.0,273000.0
803,2021-10-06 02:31:13,4380.0,400.0,272700.0
804,2021-10-06 02:31:13,4380.0,7000.0,272300.0
805,2021-10-06 02:31:13,4380.0,600.0,265300.0
806,2021-10-06 02:30:26,4380.0,400.0,264700.0
807,2021-10-06 02:30:26,4380.0,1800.0,264300.0
808,2021-10-06 02:30:26,4380.0,800.0,262500.0
809,2021-10-06 02:30:26,4390.0,1000.0,261700.0
810,2021-10-06 02:29:00,4400.0,900.0,260700.0
811,2021-10-06 02:29:00,4400.0,23400.0,259800.0
812,2021-10-06 02:29:00,4390.0,5700.0,236400.0
813,2021-10-06 02:28:41,4390.0,1000.0,230700.0
814,2021-10-06 02:28:41,4390.0,1000.0,229700.0
815,2021-10-06 02:28:41,4390.0,1400.0,228700.0
816,2021-10-06 02:28:41,4390.0,100.0,227300.0
817,2021-10-06 02:28:41,4390.0,1800.0,227200.0
818,2021-10-06 02:28:35,4400.0,200.0,225400.0
819,2021-10-06 02:28:32,4400.0,200.0,225200.0
820,2021-10-06 02:27:39,4400.0,300.0,225000.0
821,2021-10-06 02:27:38,4400.0,1200.0,224700.0
822,2021-10-06 02:27:38,4400.0,100.0,223500.0
823,2021-10-06 02:27:38,4400.0,1000.0,223400.0
824,2021-10-06 02:27:38,4400.0,10000.0,222400.0
825,2021-10-06 02:27:38,4400.0,100.0,212400.0
826,2021-10-06 02:27:27,4410.0,1300.0,212300.0
827,2021-10-06 02:27:27,4410.0,300.0,211000.0
828,2021-10-06 02:27:27,4410.0,200.0,210700.0
829,2021-10-06 02:26:51,4420.0,100.0,210500.0
830,2021-10-06 02:26:51,4420.0,700.0,210400.0
831,2021-10-06 02:26:27,4420.0,200.0,209700.0
832,2021-10-06 02:26:19,4450.0,600.0,209500.0
833,2021-10-06 02:26:19,4450.0,2000.0,208900.0
834,2021-10-06 02:26:19,4450.0,700.0,206900.0
835,2021-10-06 02:24:56,4450.0,2000.0,206200.0
836,2021-10-06 02:24:49,4420.0,100.0,204200.0
837,2021-10-06 02:24:49,4420.0,100.0,204100.0
838,2021-10-06 02:24:18,4410.0,100.0,204000.0
839,2021-10-06 02:23:34,4450.0,2300.0,203900.0
840,2021-10-06 02:23:34,4450.0,500.0,201600.0
841,2021-10-06 02:23:34,4450.0,2200.0,201100.0
842,2021-10-06 02:22:51,4450.0,800.0,198900.0
843,2021-10-06 02:22:31,4450.0,1000.0,198100.0
844,2021-10-06 02:22:31,4410.0,200.0,197100.0
845,2021-10-06 02:22:02,4400.0,200.0,196900.0
846,2021-10-06 02:22:02,4400.0,100.0,196700.0
847,2021-10-06 02:22:02,4400.0,200.0,196600.0
848,2021-10-06 02:21:51,4400.0,400.0,196400.0
849,2021-10-06 02:21:37,4400.0,400.0,196000.0
850,2021-10-06 02:21:36,4400.0,100.0,195600.0
851,2021-10-06 02:21:36,4400.0,100.0,195500.0
852,2021-10-06 02:21:07,4400.0,200.0,195400.0
853,2021-10-06 02:20:40,4400.0,700.0,195200.0
854,2021-10-06 02:20:40,4390.0,200.0,194500.0
855,2021-10-06 02:20:27,4390.0,500.0,194300.0
856,2021-10-06 02:20:27,4390.0,600.0,193800.0
857,2021-10-06 02:20:27,4390.0,100.0,193200.0
858,2021-10-06 02:20:27,4390.0,8000.0,193100.0
859,2021-10-06 02:20:27,4390.0,1000.0,185100.0
860,2021-10-06 02:20:27,4390.0,2000.0,184100.0
861,2021-10-06 02:20:27,4390.0,500.0,182100.0
862,2021-10-06 02:20:27,4390.0,100.0,181600.0
863,2021-10-06 02:20:27,4390.0,1700.0,181500.0
864,2021-10-06 02:20:27,4390.0,200.0,179800.0
865,2021-10-06 02:20:27,4390.0,4000.0,179600.0
866,2021-10-06 02:20:27,4390.0,100.0,175600.0
867,2021-10-06 02:20:27,4400.0,1000.0,175500.0
868,2021-10-06 02:20:09,4400.0,1000.0,174500.0
869,2021-10-06 02:20:09,4400.0,100.0,173500.0
870,2021-10-06 02:20:09,4400.0,200.0,173400.0
871,2021-10-06 02:20:09,4400.0,300.0,173200.0
872,2021-10-06 02:20:09,4400.0,400.0,172900.0
873,2021-10-06 02:19:59,4400.0,4600.0,172500.0
874,2021-10-06 02:19:59,4400.0,400.0,167900.0
875,2021-10-06 02:19:59,4410.0,200.0,167500.0
876,2021-10-06 02:19:59,4410.0,500.0,167300.0
877,2021-10-06 02:19:59,4410.0,100.0,166800.0
878,2021-10-06 02:19:59,4410.0,1500.0,166700.0
879,2021-10-06 02:19:59,4410.0,700.0,165200.0
880,2021-10-06 02:19:24,4410.0,5800.0,164500.0
881,2021-10-06 02:19:24,4410.0,600.0,158700.0
882,2021-10-06 02:19:24,4410.0,3600.0,158100.0
883,2021-10-06 02:19:10,4410.0,1700.0,154500.0
884,2021-10-06 02:19:10,4410.0,5000.0,152800.0
885,2021-10-06 02:19:10,4410.0,2000.0,147800.0
886,2021-10-06 02:19:10,4410.0,100.0,145800.0
887,2021-10-06 02:19:10,4410.0,200.0,145700.0
888,2021-10-06 02:18:51,4410.0,3000.0,145500.0
889,2021-10-06 02:18:42,4450.0,300.0,142500.0
890,2021-10-06 02:18:40,4410.0,500.0,142200.0
891,2021-10-06 02:18:40,4410.0,1000.0,141700.0
892,2021-10-06 02:18:40,4410.0,100.0,140700.0
893,2021-10-06 02:18:40,4410.0,5800.0,140600.0
894,2021-10-06 02:18:40,4420.0,100.0,134800.0
895,2021-10-06 02:18:33,4450.0,200.0,134700.0
896,2021-10-06 02:18:14,4450.0,500.0,134500.0
897,2021-10-06 02:17:45,4410.0,200.0,134000.0
898,2021-10-06 02:17:38,4480.0,100.0,133800.0
899,2021-10-06 02:17:38,4480.0,300.0,133700.0
900,2021-10-06 02:17:21,4490.0,1000.0,133400.0
901,2021-10-06 02:16:47,4500.0,1000.0,132400.0
902,2021-10-06 02:16:47,4490.0,1000.0,131400.0
903,2021-10-06 02:16:38,4410.0,14900.0,130400.0
904,2021-10-06 02:16:38,4430.0,100.0,115500.0
905,2021-10-06 02:16:24,4410.0,8600.0,115400.0
906,2021-10-06 02:16:24,4410.0,500.0,106800.0
907,2021-10-06 02:16:24,4410.0,700.0,106300.0
908,2021-10-06 02:16:24,4420.0,300.0,105600.0
909,2021-10-06 02:16:24,4420.0,4900.0,105300.0
910,2021-10-06 02:16:17,4420.0,5400.0,100400.0
911,2021-10-06 02:16:17,4430.0,100.0,95000.0
912,2021-10-06 02:15:53,4420.0,9700.0,94900.0
913,2021-10-06 02:15:53,4450.0,300.0,85200.0
914,2021-10-06 02:15:07,4500.0,1200.0,84900.0
915,2021-10-06 02:15:01,4500.0,1000.0,83700.0
916,2021-10-06 02:15:01,4500.0,200.0,82700.0
917,2021-10-06 02:15:01,4500.0,600.0,82500.0
918,2021-10-06 02:15:01,4500.0,500.0,81900.0
919,2021-10-06 02:15:01,4500.0,300.0,81400.0
920,2021-10-06 02:15:01,4500.0,3000.0,81100.0
921,2021-10-06 02:15:01,4500.0,500.0,78100.0
922,2021-10-06 02:15:01,4500.0,6000.0,77600.0
923,2021-10-06 02:15:01,4500.0,300.0,71600.0
924,2021-10-06 02:15:01,4500.0,600.0,71300.0
925,2021-10-06 02:15:01,4500.0,1400.0,70700.0
926,2021-10-06 02:15:01,4500.0,500.0,69300.0
927,2021-10-06 02:15:01,4500.0,100.0,68800.0
928,2021-10-06 02:15:01,4500.0,100.0,68700.0
929,2021-10-06 02:15:01,4500.0,100.0,68600.0
930,2021-10-06 02:15:01,4500.0,300.0,68500.0
931,2021-10-06 02:15:01,4500.0,600.0,68200.0
932,2021-10-06 02:15:01,4500.0,9100.0,67600.0
933,2021-10-06 02:15:01,4500.0,1000.0,58500.0
934,2021-10-06 02:15:01,4500.0,11700.0,57500.0
935,2021-10-06 02:15:01,4500.0,500.0,45800.0
936,2021-10-06 02:15:01,4500.0,100.0,45300.0
937,2021-10-06 02:15:01,4500.0,700.0,45200.0
938,2021-10-06 02:15:01,4500.0,100.0,44500.0
939,2021-10-06 02:15:01,4500.0,100.0,44400.0
940,2021-10-06 02:15:01,4500.0,1000.0,44300.0
941,2021-10-06 02:15:01,4500.0,6000.0,43300.0
942,2021-10-06 02:15:01,4500.0,200.0,37300.0
943,2021-10-06 02:15:01,4500.0,19500.0,37100.0
944,2021-10-06 02:15:01,4500.0,1000.0,17600.0
945,2021-10-06 02:15:01,4500.0,2000.0,16600.0
946,2021-10-06 02:15:01,4500.0,500.0,14600.0
947,2021-10-06 02:15:01,4500.0,1000.0,14100.0
948,2021-10-06 02:15:01,4500.0,1000.0,13100.0
949,2021-10-06 02:15:01,4500.0,1000.0,12100.0
950,2021-10-06 02:15:01,4500.0,2000.0,11100.0
951,2021-10-06 02:15:01,4500.0,3000.0,9100.0
952,2021-10-06 02:15:01,4500.0,4000.0,6100.0
953,2021-10-06 02:15:01,4500.0,300.0,2100.0
954,2021-10-06 02:15:01,4500.0,700.0,1800.0
955,2021-10-06 02:15:01,4500.0,100.0,1100.0
956,2021-10-06 02:15:01,4500.0,200.0,1000.0
957,2021-10-06 02:15:01,4500.0,500.0,800.0
958,2021-10-06 02:15:01,4500.0,300.0,300.0
