,Time,Price,Volume_per_trade,Volume
0,2021-09-30 14:45:01,4140.0,10400.0,3331400.0
1,2021-09-30 14:45:01,4140.0,1000.0,3321000.0
2,2021-09-30 14:45:01,4140.0,20000.0,3320000.0
3,2021-09-30 14:45:01,4140.0,6200.0,3300000.0
4,2021-09-30 14:45:01,4140.0,400.0,3293800.0
5,2021-09-30 14:45:01,4140.0,100.0,3293400.0
6,2021-09-30 14:45:01,4140.0,2500.0,3293300.0
7,2021-09-30 14:45:01,4140.0,200.0,3290800.0
8,2021-09-30 14:45:01,4140.0,200.0,3290600.0
9,2021-09-30 14:45:01,4140.0,1000.0,3290400.0
10,2021-09-30 14:45:01,4140.0,200.0,3289400.0
11,2021-09-30 14:45:01,4140.0,1000.0,3289200.0
12,2021-09-30 14:45:01,4140.0,10000.0,3288200.0
13,2021-09-30 14:45:01,4140.0,1000.0,3278200.0
14,2021-09-30 14:45:01,4140.0,3000.0,3277200.0
15,2021-09-30 14:45:01,4140.0,5000.0,3274200.0
16,2021-09-30 14:45:01,4140.0,200.0,3269200.0
17,2021-09-30 14:45:01,4140.0,100.0,3269000.0
18,2021-09-30 14:45:01,4140.0,300.0,3268900.0
19,2021-09-30 14:45:01,4140.0,5300.0,3268600.0
20,2021-09-30 14:45:01,4140.0,11000.0,3263300.0
21,2021-09-30 14:45:01,4140.0,500.0,3252300.0
22,2021-09-30 14:45:01,4140.0,2000.0,3251800.0
23,2021-09-30 14:45:01,4140.0,500.0,3249800.0
24,2021-09-30 14:45:01,4140.0,500.0,3249300.0
25,2021-09-30 14:45:01,4140.0,100.0,3248800.0
26,2021-09-30 14:45:01,4140.0,500.0,3248700.0
27,2021-09-30 14:45:01,4140.0,15000.0,3248200.0
28,2021-09-30 14:45:01,4140.0,2000.0,3233200.0
29,2021-09-30 14:45:01,4140.0,400.0,3231200.0
30,2021-09-30 14:45:01,4140.0,3300.0,3230800.0
31,2021-09-30 14:45:01,4140.0,100.0,3227500.0
32,2021-09-30 14:45:01,4140.0,2400.0,3227400.0
33,2021-09-30 14:45:01,4140.0,2500.0,3225000.0
34,2021-09-30 14:45:01,4140.0,5000.0,3222500.0
35,2021-09-30 14:45:01,4140.0,1000.0,3217500.0
36,2021-09-30 14:45:01,4140.0,3000.0,3216500.0
37,2021-09-30 14:45:01,4140.0,200.0,3213500.0
38,2021-09-30 14:45:01,4140.0,1900.0,3213300.0
39,2021-09-30 14:45:01,4140.0,400.0,3211400.0
40,2021-09-30 14:45:01,4140.0,5000.0,3211000.0
41,2021-09-30 14:45:01,4140.0,20000.0,3206000.0
42,2021-09-30 14:45:01,4140.0,600.0,3186000.0
43,2021-09-30 14:45:01,4140.0,10000.0,3185400.0
44,2021-09-30 14:45:01,4140.0,5000.0,3175400.0
45,2021-09-30 14:45:01,4140.0,100.0,3170400.0
46,2021-09-30 14:45:01,4140.0,10000.0,3170300.0
47,2021-09-30 14:45:01,4140.0,500.0,3160300.0
48,2021-09-30 14:45:01,4140.0,500.0,3159800.0
49,2021-09-30 14:45:01,4140.0,4300.0,3159300.0
50,2021-09-30 14:45:01,4140.0,3000.0,3155000.0
51,2021-09-30 14:45:01,4140.0,14000.0,3152000.0
52,2021-09-30 14:45:01,4140.0,25000.0,3138000.0
53,2021-09-30 14:45:01,4140.0,200.0,3113000.0
54,2021-09-30 14:45:01,4140.0,800.0,3112800.0
55,2021-09-30 14:45:01,4140.0,400.0,3112000.0
56,2021-09-30 14:45:01,4140.0,10000.0,3111600.0
57,2021-09-30 14:45:01,4140.0,14500.0,3101600.0
58,2021-09-30 14:45:01,4140.0,5000.0,3087100.0
59,2021-09-30 14:45:01,4140.0,12800.0,3082100.0
60,2021-09-30 14:45:01,4140.0,800.0,3069300.0
61,2021-09-30 14:45:01,4140.0,1000.0,3068500.0
62,2021-09-30 14:45:01,4140.0,5000.0,3067500.0
63,2021-09-30 14:45:01,4140.0,1000.0,3062500.0
64,2021-09-30 14:45:01,4140.0,200.0,3061500.0
65,2021-09-30 14:45:01,4140.0,1000.0,3061300.0
66,2021-09-30 14:45:01,4140.0,2000.0,3060300.0
67,2021-09-30 14:45:01,4140.0,100.0,3058300.0
68,2021-09-30 14:45:01,4140.0,5000.0,3058200.0
69,2021-09-30 14:45:01,4140.0,200.0,3053200.0
70,2021-09-30 14:45:01,4140.0,100.0,3053000.0
71,2021-09-30 14:45:01,4140.0,2400.0,3052900.0
72,2021-09-30 14:45:01,4140.0,500.0,3050500.0
73,2021-09-30 14:45:01,4140.0,1000.0,3050000.0
74,2021-09-30 14:45:01,4140.0,500.0,3049000.0
75,2021-09-30 14:45:01,4140.0,2400.0,3048500.0
76,2021-09-30 14:45:01,4140.0,1500.0,3046100.0
77,2021-09-30 14:45:01,4140.0,200.0,3044600.0
78,2021-09-30 14:45:01,4140.0,500.0,3044400.0
79,2021-09-30 14:45:01,4140.0,300.0,3043900.0
80,2021-09-30 14:45:01,4140.0,500.0,3043600.0
81,2021-09-30 14:45:01,4140.0,100.0,3043100.0
82,2021-09-30 14:45:01,4140.0,100.0,3043000.0
83,2021-09-30 14:45:01,4140.0,3000.0,3042900.0
84,2021-09-30 14:45:01,4140.0,5000.0,3039900.0
85,2021-09-30 14:45:01,4140.0,200.0,3034900.0
86,2021-09-30 14:45:01,4140.0,3000.0,3034700.0
87,2021-09-30 14:45:01,4140.0,100.0,3031700.0
88,2021-09-30 14:45:01,4140.0,5000.0,3031600.0
89,2021-09-30 14:45:01,4140.0,200.0,3026600.0
90,2021-09-30 14:45:01,4140.0,3000.0,3026400.0
91,2021-09-30 14:45:01,4140.0,2000.0,3023400.0
92,2021-09-30 14:45:01,4140.0,200.0,3021400.0
93,2021-09-30 14:45:01,4140.0,1000.0,3021200.0
94,2021-09-30 14:45:01,4140.0,1000.0,3020200.0
95,2021-09-30 14:45:01,4140.0,3000.0,3019200.0
96,2021-09-30 14:45:01,4140.0,2000.0,3016200.0
97,2021-09-30 14:45:01,4140.0,2000.0,3014200.0
98,2021-09-30 14:45:01,4140.0,1000.0,3012200.0
99,2021-09-30 14:45:01,4140.0,200.0,3011200.0
100,2021-09-30 14:45:01,4140.0,2000.0,3011000.0
101,2021-09-30 14:45:01,4140.0,7200.0,3009000.0
102,2021-09-30 14:45:01,4140.0,9700.0,3001800.0
103,2021-09-30 14:45:01,4140.0,3000.0,2992100.0
104,2021-09-30 14:45:01,4140.0,200.0,2989100.0
105,2021-09-30 14:45:01,4140.0,8100.0,2988900.0
106,2021-09-30 14:45:01,4140.0,9000.0,2980800.0
107,2021-09-30 14:45:01,4140.0,5000.0,2971800.0
108,2021-09-30 14:45:01,4140.0,20000.0,2966800.0
109,2021-09-30 14:45:01,4140.0,1000.0,2946800.0
110,2021-09-30 14:45:01,4140.0,100.0,2945800.0
111,2021-09-30 14:45:01,4140.0,500.0,2945700.0
112,2021-09-30 14:45:01,4140.0,300.0,2945200.0
113,2021-09-30 14:45:01,4140.0,1000.0,2944900.0
114,2021-09-30 14:45:01,4140.0,100.0,2943900.0
115,2021-09-30 14:45:01,4140.0,5000.0,2943800.0
116,2021-09-30 14:45:01,4140.0,100.0,2938800.0
117,2021-09-30 14:45:01,4140.0,100.0,2938700.0
118,2021-09-30 14:45:01,4140.0,1000.0,2938600.0
119,2021-09-30 14:45:01,4140.0,6000.0,2937600.0
120,2021-09-30 14:45:01,4140.0,800.0,2931600.0
121,2021-09-30 14:45:01,4140.0,700.0,2930800.0
122,2021-09-30 14:29:59,4180.0,3700.0,2930100.0
123,2021-09-30 14:29:56,4180.0,1300.0,2926400.0
124,2021-09-30 14:29:54,4150.0,22800.0,2925100.0
125,2021-09-30 14:29:54,4150.0,300.0,2902300.0
126,2021-09-30 14:29:54,4150.0,200.0,2902000.0
127,2021-09-30 14:29:54,4150.0,100.0,2901800.0
128,2021-09-30 14:29:54,4150.0,100.0,2901700.0
129,2021-09-30 14:29:54,4150.0,500.0,2901600.0
130,2021-09-30 14:29:33,4150.0,3000.0,2901100.0
131,2021-09-30 14:29:33,4150.0,400.0,2898100.0
132,2021-09-30 14:29:33,4150.0,300.0,2897700.0
133,2021-09-30 14:29:33,4150.0,100.0,2897400.0
134,2021-09-30 14:29:33,4150.0,5000.0,2897300.0
135,2021-09-30 14:29:33,4150.0,200.0,2892300.0
136,2021-09-30 14:29:33,4160.0,1000.0,2892100.0
137,2021-09-30 14:29:26,4180.0,500.0,2891100.0
138,2021-09-30 14:29:24,4180.0,2200.0,2890600.0
139,2021-09-30 14:29:13,4180.0,500.0,2888400.0
140,2021-09-30 14:29:06,4180.0,1300.0,2887900.0
141,2021-09-30 14:28:30,4150.0,1000.0,2886600.0
142,2021-09-30 14:28:27,4150.0,1500.0,2885600.0
143,2021-09-30 14:28:06,4150.0,300.0,2884100.0
144,2021-09-30 14:28:06,4150.0,5000.0,2883800.0
145,2021-09-30 14:28:06,4150.0,1700.0,2878800.0
146,2021-09-30 14:28:06,4160.0,3000.0,2877100.0
147,2021-09-30 14:28:00,4160.0,5000.0,2874100.0
148,2021-09-30 14:27:50,4150.0,1300.0,2869100.0
149,2021-09-30 14:27:50,4150.0,200.0,2867800.0
150,2021-09-30 14:27:50,4160.0,2500.0,2867600.0
151,2021-09-30 14:27:42,4160.0,300.0,2865100.0
152,2021-09-30 14:27:29,4160.0,200.0,2864800.0
153,2021-09-30 14:27:29,4160.0,100.0,2864600.0
154,2021-09-30 14:27:04,4160.0,2400.0,2864500.0
155,2021-09-30 14:27:02,4160.0,100.0,2862100.0
156,2021-09-30 14:26:51,4160.0,1000.0,2862000.0
157,2021-09-30 14:26:51,4160.0,500.0,2861000.0
158,2021-09-30 14:26:51,4160.0,100.0,2860500.0
159,2021-09-30 14:26:40,4160.0,100.0,2860400.0
160,2021-09-30 14:26:14,4180.0,500.0,2860300.0
161,2021-09-30 14:25:12,4200.0,1000.0,2859800.0
162,2021-09-30 14:23:34,4200.0,100.0,2858800.0
163,2021-09-30 14:23:34,4200.0,100.0,2858700.0
164,2021-09-30 14:22:55,4200.0,200.0,2858600.0
165,2021-09-30 14:22:20,4200.0,200.0,2858400.0
166,2021-09-30 14:22:16,4200.0,1800.0,2858200.0
167,2021-09-30 14:22:16,4200.0,1600.0,2856400.0
168,2021-09-30 14:22:08,4200.0,100.0,2854800.0
169,2021-09-30 14:22:03,4200.0,2200.0,2854700.0
170,2021-09-30 14:22:03,4200.0,1100.0,2852500.0
171,2021-09-30 14:21:36,4200.0,200.0,2851400.0
172,2021-09-30 14:21:36,4200.0,1700.0,2851200.0
173,2021-09-30 14:21:27,4200.0,6000.0,2849500.0
174,2021-09-30 14:20:51,4200.0,2000.0,2843500.0
175,2021-09-30 14:20:17,4160.0,500.0,2841500.0
176,2021-09-30 14:20:17,4160.0,1500.0,2841000.0
177,2021-09-30 14:20:17,4160.0,2600.0,2839500.0
178,2021-09-30 14:19:27,4160.0,2000.0,2836900.0
179,2021-09-30 14:19:15,4150.0,4500.0,2834900.0
180,2021-09-30 14:19:15,4150.0,200.0,2830400.0
181,2021-09-30 14:19:15,4150.0,3000.0,2830200.0
182,2021-09-30 14:19:15,4150.0,2300.0,2827200.0
183,2021-09-30 14:19:15,4150.0,1500.0,2824900.0
184,2021-09-30 14:19:15,4150.0,2000.0,2823400.0
185,2021-09-30 14:19:15,4150.0,1000.0,2821400.0
186,2021-09-30 14:19:15,4150.0,5500.0,2820400.0
187,2021-09-30 14:19:15,4160.0,2000.0,2814900.0
188,2021-09-30 14:19:15,4160.0,500.0,2812900.0
189,2021-09-30 14:19:15,4160.0,1900.0,2812400.0
190,2021-09-30 14:18:48,4160.0,100.0,2810500.0
191,2021-09-30 14:18:48,4160.0,300.0,2810400.0
192,2021-09-30 14:18:48,4160.0,8600.0,2810100.0
193,2021-09-30 14:18:48,4170.0,1000.0,2801500.0
194,2021-09-30 14:18:13,4200.0,300.0,2800500.0
195,2021-09-30 14:17:18,4200.0,2000.0,2800200.0
196,2021-09-30 14:17:18,4200.0,400.0,2798200.0
197,2021-09-30 14:17:18,4200.0,200.0,2797800.0
198,2021-09-30 14:17:18,4200.0,3100.0,2797600.0
199,2021-09-30 14:17:12,4200.0,5800.0,2794500.0
200,2021-09-30 14:17:12,4190.0,200.0,2788700.0
201,2021-09-30 14:16:55,4200.0,1100.0,2788500.0
202,2021-09-30 14:16:55,4200.0,6900.0,2787400.0
203,2021-09-30 14:16:50,4200.0,3100.0,2780500.0
204,2021-09-30 14:16:50,4200.0,4900.0,2777400.0
205,2021-09-30 14:16:46,4200.0,8000.0,2772500.0
206,2021-09-30 14:16:38,4200.0,4100.0,2764500.0
207,2021-09-30 14:16:38,4190.0,1600.0,2760400.0
208,2021-09-30 14:16:38,4170.0,2300.0,2758800.0
209,2021-09-30 14:16:37,4170.0,1500.0,2756500.0
210,2021-09-30 14:16:37,4170.0,3000.0,2755000.0
211,2021-09-30 14:16:15,4170.0,2000.0,2752000.0
212,2021-09-30 14:16:15,4170.0,500.0,2750000.0
213,2021-09-30 14:16:15,4170.0,400.0,2749500.0
214,2021-09-30 14:16:15,4170.0,2000.0,2749100.0
215,2021-09-30 14:16:15,4170.0,100.0,2747100.0
216,2021-09-30 14:15:29,4190.0,100.0,2747000.0
217,2021-09-30 14:15:03,4170.0,1000.0,2746900.0
218,2021-09-30 14:14:43,4160.0,1400.0,2745900.0
219,2021-09-30 14:14:43,4160.0,200.0,2744500.0
220,2021-09-30 14:14:43,4160.0,1000.0,2744300.0
221,2021-09-30 14:14:43,4160.0,600.0,2743300.0
222,2021-09-30 14:14:43,4160.0,200.0,2742700.0
223,2021-09-30 14:14:43,4160.0,400.0,2742500.0
224,2021-09-30 14:14:43,4160.0,200.0,2742100.0
225,2021-09-30 14:14:43,4160.0,900.0,2741900.0
226,2021-09-30 14:14:33,4170.0,1700.0,2741000.0
227,2021-09-30 14:14:26,4170.0,300.0,2739300.0
228,2021-09-30 14:14:12,4170.0,4600.0,2739000.0
229,2021-09-30 14:14:12,4170.0,400.0,2734400.0
230,2021-09-30 14:13:56,4190.0,1400.0,2734000.0
231,2021-09-30 14:13:22,4190.0,200.0,2732600.0
232,2021-09-30 14:11:28,4160.0,6100.0,2732400.0
233,2021-09-30 14:11:28,4160.0,1500.0,2726300.0
234,2021-09-30 14:11:28,4160.0,1000.0,2724800.0
235,2021-09-30 14:11:28,4160.0,1000.0,2723800.0
236,2021-09-30 14:11:28,4160.0,400.0,2722800.0
237,2021-09-30 14:11:17,4160.0,200.0,2722400.0
238,2021-09-30 14:11:17,4160.0,4000.0,2722200.0
239,2021-09-30 14:11:17,4160.0,200.0,2718200.0
240,2021-09-30 14:11:17,4160.0,12900.0,2718000.0
241,2021-09-30 14:11:17,4170.0,2700.0,2705100.0
242,2021-09-30 14:11:07,4170.0,100.0,2702400.0
243,2021-09-30 14:11:03,4170.0,200.0,2702300.0
244,2021-09-30 14:10:48,4160.0,15100.0,2702100.0
245,2021-09-30 14:10:48,4170.0,200.0,2687000.0
246,2021-09-30 14:10:48,4170.0,4700.0,2686800.0
247,2021-09-30 14:10:11,4170.0,600.0,2682100.0
248,2021-09-30 14:09:54,4170.0,1000.0,2681500.0
249,2021-09-30 14:09:54,4170.0,1000.0,2680500.0
250,2021-09-30 14:09:54,4170.0,1000.0,2679500.0
251,2021-09-30 14:09:54,4170.0,400.0,2678500.0
252,2021-09-30 14:09:42,4170.0,4600.0,2678100.0
253,2021-09-30 14:09:42,4180.0,1000.0,2673500.0
254,2021-09-30 14:09:38,4200.0,200.0,2672500.0
255,2021-09-30 14:09:38,4200.0,6500.0,2672300.0
256,2021-09-30 14:09:36,4200.0,10500.0,2665800.0
257,2021-09-30 14:09:35,4200.0,10000.0,2655300.0
258,2021-09-30 14:09:34,4200.0,2100.0,2645300.0
259,2021-09-30 14:09:34,4200.0,900.0,2643200.0
260,2021-09-30 14:09:34,4200.0,7000.0,2642300.0
261,2021-09-30 14:09:31,4200.0,11000.0,2635300.0
262,2021-09-30 14:09:31,4200.0,1000.0,2624300.0
263,2021-09-30 14:09:31,4200.0,18000.0,2623300.0
264,2021-09-30 14:09:17,4200.0,2000.0,2605300.0
265,2021-09-30 14:09:17,4200.0,500.0,2603300.0
266,2021-09-30 14:09:17,4200.0,100.0,2602800.0
267,2021-09-30 14:09:17,4200.0,1000.0,2602700.0
268,2021-09-30 14:09:17,4200.0,100.0,2601700.0
269,2021-09-30 14:09:17,4200.0,6300.0,2601600.0
270,2021-09-30 14:09:13,4220.0,4600.0,2595300.0
271,2021-09-30 14:09:03,4220.0,400.0,2590700.0
272,2021-09-30 14:08:50,4220.0,600.0,2590300.0
273,2021-09-30 14:08:50,4220.0,1300.0,2589700.0
274,2021-09-30 14:08:50,4210.0,2900.0,2588400.0
275,2021-09-30 14:08:45,4210.0,100.0,2585500.0
276,2021-09-30 14:08:04,4220.0,100.0,2585400.0
277,2021-09-30 14:08:04,4220.0,8600.0,2585300.0
278,2021-09-30 14:08:01,4230.0,400.0,2576700.0
279,2021-09-30 14:08:01,4230.0,1400.0,2576300.0
280,2021-09-30 14:07:53,4240.0,300.0,2574900.0
281,2021-09-30 14:07:52,4230.0,100.0,2574600.0
282,2021-09-30 14:07:05,4240.0,1000.0,2574500.0
283,2021-09-30 14:06:33,4240.0,1000.0,2573500.0
284,2021-09-30 14:05:44,4220.0,200.0,2572500.0
285,2021-09-30 14:05:44,4220.0,200.0,2572300.0
286,2021-09-30 14:05:31,4220.0,100.0,2572100.0
287,2021-09-30 14:05:12,4220.0,100.0,2572000.0
288,2021-09-30 14:05:12,4220.0,500.0,2571900.0
289,2021-09-30 14:04:29,4220.0,1600.0,2571400.0
290,2021-09-30 14:04:04,4200.0,300.0,2569800.0
291,2021-09-30 14:03:05,4220.0,5000.0,2569500.0
292,2021-09-30 14:02:29,4220.0,1300.0,2564500.0
293,2021-09-30 14:02:21,4220.0,1600.0,2563200.0
294,2021-09-30 14:01:56,4240.0,1100.0,2561600.0
295,2021-09-30 14:01:56,4240.0,3000.0,2560500.0
296,2021-09-30 14:01:56,4220.0,100.0,2557500.0
297,2021-09-30 14:01:51,4220.0,100.0,2557400.0
298,2021-09-30 13:59:31,4200.0,100.0,2557300.0
299,2021-09-30 13:59:31,4200.0,100.0,2557200.0
300,2021-09-30 13:59:31,4200.0,3200.0,2557100.0
301,2021-09-30 13:59:05,4200.0,1000.0,2553900.0
302,2021-09-30 13:58:59,4200.0,1000.0,2552900.0
303,2021-09-30 13:58:34,4200.0,9000.0,2551900.0
304,2021-09-30 13:58:34,4200.0,400.0,2542900.0
305,2021-09-30 13:58:34,4200.0,100.0,2542500.0
306,2021-09-30 13:58:34,4200.0,500.0,2542400.0
307,2021-09-30 13:58:19,4200.0,3000.0,2541900.0
308,2021-09-30 13:58:11,4200.0,1300.0,2538900.0
309,2021-09-30 13:57:58,4200.0,3300.0,2537600.0
310,2021-09-30 13:56:41,4200.0,3000.0,2534300.0
311,2021-09-30 13:56:23,4200.0,1000.0,2531300.0
312,2021-09-30 13:56:07,4200.0,5000.0,2530300.0
313,2021-09-30 13:56:05,4160.0,2000.0,2525300.0
314,2021-09-30 13:53:29,4150.0,100.0,2523300.0
315,2021-09-30 13:53:29,4150.0,12400.0,2523200.0
316,2021-09-30 13:53:24,4150.0,1000.0,2510800.0
317,2021-09-30 13:53:08,4150.0,100.0,2509800.0
318,2021-09-30 13:53:02,4150.0,300.0,2509700.0
319,2021-09-30 13:52:52,4150.0,3000.0,2509400.0
320,2021-09-30 13:52:41,4150.0,2000.0,2506400.0
321,2021-09-30 13:51:38,4140.0,100.0,2504400.0
322,2021-09-30 13:51:32,4150.0,1800.0,2504300.0
323,2021-09-30 13:51:26,4150.0,3600.0,2502500.0
324,2021-09-30 13:50:28,4140.0,500.0,2498900.0
325,2021-09-30 13:50:26,4140.0,2000.0,2498400.0
326,2021-09-30 13:50:25,4140.0,100.0,2496400.0
327,2021-09-30 13:50:25,4140.0,2400.0,2496300.0
328,2021-09-30 13:50:25,4140.0,7600.0,2493900.0
329,2021-09-30 13:50:23,4140.0,1900.0,2486300.0
330,2021-09-30 13:50:21,4140.0,2000.0,2484400.0
331,2021-09-30 13:50:21,4140.0,5000.0,2482400.0
332,2021-09-30 13:50:20,4140.0,400.0,2477400.0
333,2021-09-30 13:50:19,4140.0,700.0,2477000.0
334,2021-09-30 13:50:17,4140.0,100.0,2476300.0
335,2021-09-30 13:50:17,4140.0,100.0,2476200.0
336,2021-09-30 13:50:17,4140.0,1200.0,2476100.0
337,2021-09-30 13:50:13,4140.0,5000.0,2474900.0
338,2021-09-30 13:50:12,4140.0,500.0,2469900.0
339,2021-09-30 13:50:11,4140.0,100.0,2469400.0
340,2021-09-30 13:50:11,4140.0,1000.0,2469300.0
341,2021-09-30 13:50:09,4140.0,9800.0,2468300.0
342,2021-09-30 13:50:09,4140.0,500.0,2458500.0
343,2021-09-30 13:50:09,4140.0,100.0,2458000.0
344,2021-09-30 13:50:07,4140.0,1100.0,2457900.0
345,2021-09-30 13:50:05,4140.0,10000.0,2456800.0
346,2021-09-30 13:50:04,4140.0,1000.0,2446800.0
347,2021-09-30 13:50:01,4140.0,1000.0,2445800.0
348,2021-09-30 13:49:59,4140.0,3000.0,2444800.0
349,2021-09-30 13:49:54,4140.0,300.0,2441800.0
350,2021-09-30 13:49:52,4140.0,1200.0,2441500.0
351,2021-09-30 13:49:47,4140.0,400.0,2440300.0
352,2021-09-30 13:49:44,4140.0,100.0,2439900.0
353,2021-09-30 13:49:40,4140.0,200.0,2439800.0
354,2021-09-30 13:49:37,4140.0,300.0,2439600.0
355,2021-09-30 13:49:37,4140.0,900.0,2439300.0
356,2021-09-30 13:49:35,4140.0,11700.0,2438400.0
357,2021-09-30 13:49:34,4140.0,400.0,2426700.0
358,2021-09-30 13:49:34,4140.0,59000.0,2426300.0
359,2021-09-30 13:49:32,4140.0,100.0,2367300.0
360,2021-09-30 13:49:30,4140.0,2000.0,2367200.0
361,2021-09-30 13:49:25,4140.0,200.0,2365200.0
362,2021-09-30 13:49:25,4140.0,1000.0,2365000.0
363,2021-09-30 13:49:25,4140.0,200.0,2364000.0
364,2021-09-30 13:49:24,4140.0,1200.0,2363800.0
365,2021-09-30 13:49:23,4140.0,100.0,2362600.0
366,2021-09-30 13:49:23,4140.0,5000.0,2362500.0
367,2021-09-30 13:49:22,4140.0,200.0,2357500.0
368,2021-09-30 13:49:22,4140.0,3400.0,2357300.0
369,2021-09-30 13:49:22,4140.0,1600.0,2353900.0
370,2021-09-30 13:49:20,4140.0,6000.0,2352300.0
371,2021-09-30 13:49:15,4140.0,1400.0,2346300.0
372,2021-09-30 13:49:09,4140.0,100.0,2344900.0
373,2021-09-30 13:49:09,4140.0,300.0,2344800.0
374,2021-09-30 13:49:09,4140.0,100.0,2344500.0
375,2021-09-30 13:49:09,4140.0,2000.0,2344400.0
376,2021-09-30 13:49:09,4140.0,1000.0,2342400.0
377,2021-09-30 13:49:09,4140.0,5000.0,2341400.0
378,2021-09-30 13:49:09,4140.0,100.0,2336400.0
379,2021-09-30 13:49:09,4140.0,300.0,2336300.0
380,2021-09-30 13:49:09,4140.0,1000.0,2336000.0
381,2021-09-30 13:49:09,4140.0,800.0,2335000.0
382,2021-09-30 13:49:09,4140.0,1000.0,2334200.0
383,2021-09-30 13:49:02,4140.0,10000.0,2333200.0
384,2021-09-30 13:49:02,4140.0,100.0,2323200.0
385,2021-09-30 13:49:02,4140.0,1500.0,2323100.0
386,2021-09-30 13:49:02,4140.0,2800.0,2321600.0
387,2021-09-30 13:49:02,4140.0,18400.0,2318800.0
388,2021-09-30 13:49:02,4140.0,500.0,2300400.0
389,2021-09-30 13:49:02,4140.0,3000.0,2299900.0
390,2021-09-30 13:49:02,4140.0,1000.0,2296900.0
391,2021-09-30 13:49:02,4140.0,12000.0,2295900.0
392,2021-09-30 13:49:02,4140.0,6000.0,2283900.0
393,2021-09-30 13:49:02,4140.0,1000.0,2277900.0
394,2021-09-30 13:49:02,4140.0,1000.0,2276900.0
395,2021-09-30 13:49:02,4140.0,300.0,2275900.0
396,2021-09-30 13:49:02,4140.0,200.0,2275600.0
397,2021-09-30 13:49:02,4140.0,5000.0,2275400.0
398,2021-09-30 13:49:02,4140.0,7900.0,2270400.0
399,2021-09-30 13:49:02,4140.0,100.0,2262500.0
400,2021-09-30 13:49:02,4140.0,100.0,2262400.0
401,2021-09-30 13:49:02,4140.0,1000.0,2262300.0
402,2021-09-30 13:49:02,4140.0,3000.0,2261300.0
403,2021-09-30 13:49:02,4140.0,100.0,2258300.0
404,2021-09-30 13:49:02,4140.0,1000.0,2258200.0
405,2021-09-30 13:49:02,4140.0,10000.0,2257200.0
406,2021-09-30 13:49:02,4140.0,200.0,2247200.0
407,2021-09-30 13:49:02,4140.0,200.0,2247000.0
408,2021-09-30 13:49:02,4140.0,3600.0,2246800.0
409,2021-09-30 13:48:55,4150.0,5000.0,2243200.0
410,2021-09-30 13:48:55,4150.0,500.0,2238200.0
411,2021-09-30 13:48:55,4150.0,300.0,2237700.0
412,2021-09-30 13:48:41,4140.0,1400.0,2237400.0
413,2021-09-30 13:48:41,4140.0,500.0,2236000.0
414,2021-09-30 13:48:41,4140.0,25500.0,2235500.0
415,2021-09-30 13:48:41,4140.0,500.0,2210000.0
416,2021-09-30 13:48:41,4140.0,1000.0,2209500.0
417,2021-09-30 13:48:41,4140.0,24800.0,2208500.0
418,2021-09-30 13:48:41,4140.0,500.0,2183700.0
419,2021-09-30 13:48:41,4140.0,5000.0,2183200.0
420,2021-09-30 13:48:41,4140.0,500.0,2178200.0
421,2021-09-30 13:48:41,4140.0,5000.0,2177700.0
422,2021-09-30 13:48:41,4140.0,1600.0,2172700.0
423,2021-09-30 13:48:41,4140.0,400.0,2171100.0
424,2021-09-30 13:48:41,4150.0,500.0,2170700.0
425,2021-09-30 13:48:41,4150.0,100.0,2170200.0
426,2021-09-30 13:48:41,4150.0,200.0,2170100.0
427,2021-09-30 13:48:41,4150.0,1600.0,2169900.0
428,2021-09-30 13:48:41,4150.0,3000.0,2168300.0
429,2021-09-30 13:48:41,4150.0,100.0,2165300.0
430,2021-09-30 13:48:41,4150.0,100.0,2165200.0
431,2021-09-30 13:48:41,4150.0,3700.0,2165100.0
432,2021-09-30 13:48:37,4150.0,600.0,2161400.0
433,2021-09-30 13:48:32,4200.0,500.0,2160800.0
434,2021-09-30 13:47:53,4150.0,1000.0,2160300.0
435,2021-09-30 13:47:53,4150.0,1000.0,2159300.0
436,2021-09-30 13:47:53,4150.0,3000.0,2158300.0
437,2021-09-30 13:47:06,4200.0,100.0,2155300.0
438,2021-09-30 13:47:02,4140.0,100.0,2155200.0
439,2021-09-30 13:47:02,4140.0,5000.0,2155100.0
440,2021-09-30 13:47:02,4140.0,800.0,2150100.0
441,2021-09-30 13:47:02,4140.0,500.0,2149300.0
442,2021-09-30 13:47:02,4140.0,300.0,2148800.0
443,2021-09-30 13:47:02,4140.0,1500.0,2148500.0
444,2021-09-30 13:47:02,4140.0,5000.0,2147000.0
445,2021-09-30 13:47:02,4140.0,1200.0,2142000.0
446,2021-09-30 13:47:02,4140.0,100.0,2140800.0
447,2021-09-30 13:47:02,4140.0,1000.0,2140700.0
448,2021-09-30 13:47:02,4140.0,200.0,2139700.0
449,2021-09-30 13:47:02,4140.0,500.0,2139500.0
450,2021-09-30 13:47:02,4140.0,300.0,2139000.0
451,2021-09-30 13:47:02,4140.0,400.0,2138700.0
452,2021-09-30 13:47:02,4140.0,3000.0,2138300.0
453,2021-09-30 13:47:02,4140.0,500.0,2135300.0
454,2021-09-30 13:47:02,4140.0,1300.0,2134800.0
455,2021-09-30 13:47:02,4140.0,1000.0,2133500.0
456,2021-09-30 13:47:02,4140.0,100.0,2132500.0
457,2021-09-30 13:47:02,4140.0,2000.0,2132400.0
458,2021-09-30 13:47:02,4140.0,3000.0,2130400.0
459,2021-09-30 13:47:02,4140.0,6000.0,2127400.0
460,2021-09-30 13:47:02,4140.0,2000.0,2121400.0
461,2021-09-30 13:47:02,4140.0,1000.0,2119400.0
462,2021-09-30 13:47:02,4140.0,2000.0,2118400.0
463,2021-09-30 13:47:02,4140.0,100.0,2116400.0
464,2021-09-30 13:47:02,4140.0,100.0,2116300.0
465,2021-09-30 13:47:02,4140.0,100.0,2116200.0
466,2021-09-30 13:47:02,4140.0,1200.0,2116100.0
467,2021-09-30 13:47:02,4140.0,100.0,2114900.0
468,2021-09-30 13:47:02,4140.0,20000.0,2114800.0
469,2021-09-30 13:47:02,4140.0,500.0,2094800.0
470,2021-09-30 13:47:02,4140.0,8500.0,2094300.0
471,2021-09-30 13:47:02,4140.0,500.0,2085800.0
472,2021-09-30 13:47:02,4140.0,2000.0,2085300.0
473,2021-09-30 13:47:02,4140.0,1000.0,2083300.0
474,2021-09-30 13:47:02,4140.0,2000.0,2082300.0
475,2021-09-30 13:47:02,4140.0,4000.0,2080300.0
476,2021-09-30 13:47:02,4140.0,500.0,2076300.0
477,2021-09-30 13:47:02,4140.0,500.0,2075800.0
478,2021-09-30 13:47:02,4140.0,3000.0,2075300.0
479,2021-09-30 13:47:02,4140.0,200.0,2072300.0
480,2021-09-30 13:47:02,4140.0,100.0,2072100.0
481,2021-09-30 13:47:02,4140.0,500.0,2072000.0
482,2021-09-30 13:47:02,4140.0,30000.0,2071500.0
483,2021-09-30 13:47:02,4140.0,2000.0,2041500.0
484,2021-09-30 13:47:02,4140.0,4000.0,2039500.0
485,2021-09-30 13:47:02,4150.0,1000.0,2035500.0
486,2021-09-30 13:47:02,4150.0,2000.0,2034500.0
487,2021-09-30 13:47:02,4150.0,2300.0,2032500.0
488,2021-09-30 13:46:59,4150.0,2700.0,2030200.0
489,2021-09-30 13:46:59,4160.0,1000.0,2027500.0
490,2021-09-30 13:46:59,4160.0,100.0,2026500.0
491,2021-09-30 13:46:53,4180.0,400.0,2026400.0
492,2021-09-30 13:46:53,4180.0,100.0,2026000.0
493,2021-09-30 13:46:52,4180.0,100.0,2025900.0
494,2021-09-30 13:46:51,4180.0,1000.0,2025800.0
495,2021-09-30 13:46:51,4180.0,300.0,2024800.0
496,2021-09-30 13:46:51,4180.0,200.0,2024500.0
497,2021-09-30 13:46:51,4180.0,1000.0,2024300.0
498,2021-09-30 13:46:51,4180.0,200.0,2023300.0
499,2021-09-30 13:46:51,4180.0,400.0,2023100.0
500,2021-09-30 13:46:51,4180.0,1000.0,2022700.0
501,2021-09-30 13:46:42,4200.0,1000.0,2021700.0
502,2021-09-30 13:46:32,4200.0,300.0,2020700.0
503,2021-09-30 13:46:27,4200.0,1000.0,2020400.0
504,2021-09-30 13:46:08,4250.0,300.0,2019400.0
505,2021-09-30 13:45:26,4250.0,1200.0,2019100.0
506,2021-09-30 13:45:26,4240.0,8000.0,2017900.0
507,2021-09-30 13:45:26,4200.0,800.0,2009900.0
508,2021-09-30 13:45:20,4180.0,5000.0,2009100.0
509,2021-09-30 13:45:07,4200.0,200.0,2004100.0
510,2021-09-30 13:45:07,4210.0,1300.0,2003900.0
511,2021-09-30 13:44:57,4210.0,1500.0,2002600.0
512,2021-09-30 13:44:56,4210.0,2200.0,2001100.0
513,2021-09-30 13:44:50,4210.0,200.0,1998900.0
514,2021-09-30 13:44:42,4180.0,1600.0,1998700.0
515,2021-09-30 13:44:34,4180.0,500.0,1997100.0
516,2021-09-30 13:44:23,4210.0,2600.0,1996600.0
517,2021-09-30 13:44:23,4210.0,4600.0,1994000.0
518,2021-09-30 13:44:23,4200.0,4800.0,1989400.0
519,2021-09-30 13:44:23,4200.0,200.0,1984600.0
520,2021-09-30 13:44:02,4180.0,100.0,1984400.0
521,2021-09-30 13:44:02,4180.0,2800.0,1984300.0
522,2021-09-30 13:44:01,4180.0,1500.0,1981500.0
523,2021-09-30 13:43:52,4180.0,5700.0,1980000.0
524,2021-09-30 13:43:52,4160.0,4300.0,1974300.0
525,2021-09-30 13:43:50,4160.0,300.0,1970000.0
526,2021-09-30 13:43:46,4160.0,1000.0,1969700.0
527,2021-09-30 13:43:44,4160.0,200.0,1968700.0
528,2021-09-30 13:43:42,4160.0,1900.0,1968500.0
529,2021-09-30 13:43:32,4140.0,2100.0,1966600.0
530,2021-09-30 13:43:31,4140.0,4400.0,1964500.0
531,2021-09-30 13:43:31,4140.0,5600.0,1960100.0
532,2021-09-30 13:43:31,4140.0,100.0,1954500.0
533,2021-09-30 13:43:31,4140.0,6300.0,1954400.0
534,2021-09-30 13:43:31,4140.0,3700.0,1948100.0
535,2021-09-30 13:43:31,4140.0,16300.0,1944400.0
536,2021-09-30 13:43:31,4140.0,500.0,1928100.0
537,2021-09-30 13:43:31,4140.0,3200.0,1927600.0
538,2021-09-30 13:43:31,4140.0,2000.0,1924400.0
539,2021-09-30 13:43:29,4140.0,500.0,1922400.0
540,2021-09-30 13:43:29,4140.0,10000.0,1921900.0
541,2021-09-30 13:43:28,4140.0,4300.0,1911900.0
542,2021-09-30 13:43:28,4140.0,5700.0,1907600.0
543,2021-09-30 13:43:27,4140.0,1000.0,1901900.0
544,2021-09-30 13:43:27,4140.0,10000.0,1900900.0
545,2021-09-30 13:43:27,4140.0,100.0,1890900.0
546,2021-09-30 13:43:25,4140.0,3200.0,1890800.0
547,2021-09-30 13:43:25,4140.0,1800.0,1887600.0
548,2021-09-30 13:43:25,4140.0,300.0,1885800.0
549,2021-09-30 13:43:24,4140.0,1000.0,1885500.0
550,2021-09-30 13:43:24,4140.0,3000.0,1884500.0
551,2021-09-30 13:43:24,4140.0,10000.0,1881500.0
552,2021-09-30 13:43:22,4140.0,1000.0,1871500.0
553,2021-09-30 13:43:22,4140.0,2900.0,1870500.0
554,2021-09-30 13:43:22,4140.0,7100.0,1867600.0
555,2021-09-30 13:43:21,4140.0,5000.0,1860500.0
556,2021-09-30 13:43:21,4140.0,3700.0,1855500.0
557,2021-09-30 13:43:20,4140.0,4200.0,1851800.0
558,2021-09-30 13:43:20,4140.0,5800.0,1847600.0
559,2021-09-30 13:43:20,4140.0,200.0,1841800.0
560,2021-09-30 13:43:19,4140.0,14000.0,1841600.0
561,2021-09-30 13:43:19,4140.0,20000.0,1827600.0
562,2021-09-30 13:43:19,4140.0,16000.0,1807600.0
563,2021-09-30 13:43:19,4140.0,500.0,1791600.0
564,2021-09-30 13:43:19,4140.0,500.0,1791100.0
565,2021-09-30 13:43:18,4140.0,4000.0,1790600.0
566,2021-09-30 13:43:18,4140.0,10000.0,1786600.0
567,2021-09-30 13:43:18,4140.0,100.0,1776600.0
568,2021-09-30 13:43:17,4140.0,100.0,1776500.0
569,2021-09-30 13:43:17,4140.0,3000.0,1776400.0
570,2021-09-30 13:43:16,4140.0,15000.0,1773400.0
571,2021-09-30 13:43:15,4140.0,800.0,1758400.0
572,2021-09-30 13:43:15,4140.0,200.0,1757600.0
573,2021-09-30 13:43:14,4140.0,1000.0,1757400.0
574,2021-09-30 13:43:14,4140.0,13000.0,1756400.0
575,2021-09-30 13:43:13,4140.0,600.0,1743400.0
576,2021-09-30 13:43:12,4140.0,100.0,1742800.0
577,2021-09-30 13:43:12,4140.0,1000.0,1742700.0
578,2021-09-30 13:43:11,4140.0,17000.0,1741700.0
579,2021-09-30 13:43:11,4140.0,4100.0,1724700.0
580,2021-09-30 13:43:11,4140.0,2000.0,1720600.0
581,2021-09-30 13:43:10,4140.0,200.0,1718600.0
582,2021-09-30 13:43:10,4140.0,10000.0,1718400.0
583,2021-09-30 13:43:09,4140.0,800.0,1708400.0
584,2021-09-30 13:43:09,4140.0,3100.0,1707600.0
585,2021-09-30 13:43:07,4140.0,4900.0,1704500.0
586,2021-09-30 13:43:07,4140.0,10000.0,1699600.0
587,2021-09-30 13:43:07,4140.0,5100.0,1689600.0
588,2021-09-30 13:43:04,4140.0,9900.0,1684500.0
589,2021-09-30 13:43:04,4140.0,100.0,1674600.0
590,2021-09-30 13:43:03,4140.0,500.0,1674500.0
591,2021-09-30 13:43:03,4140.0,5000.0,1674000.0
592,2021-09-30 13:43:02,4140.0,200.0,1669000.0
593,2021-09-30 13:43:00,4140.0,400.0,1668800.0
594,2021-09-30 13:42:57,4140.0,500.0,1668400.0
595,2021-09-30 13:42:56,4140.0,100.0,1667900.0
596,2021-09-30 13:42:55,4140.0,15000.0,1667800.0
597,2021-09-30 13:42:52,4140.0,1000.0,1652800.0
598,2021-09-30 13:42:49,4140.0,2000.0,1651800.0
599,2021-09-30 13:42:44,4140.0,10000.0,1649800.0
600,2021-09-30 13:42:43,4140.0,5000.0,1639800.0
601,2021-09-30 13:42:40,4140.0,600.0,1634800.0
602,2021-09-30 13:42:39,4140.0,1000.0,1634200.0
603,2021-09-30 13:42:33,4140.0,1000.0,1633200.0
604,2021-09-30 13:42:32,4140.0,1200.0,1632200.0
605,2021-09-30 13:42:32,4140.0,2000.0,1631000.0
606,2021-09-30 13:42:30,4140.0,1000.0,1629000.0
607,2021-09-30 13:42:28,4140.0,1000.0,1628000.0
608,2021-09-30 13:42:28,4140.0,1500.0,1627000.0
609,2021-09-30 13:42:27,4140.0,100.0,1625500.0
610,2021-09-30 13:42:27,4140.0,800.0,1625400.0
611,2021-09-30 13:42:27,4140.0,200.0,1624600.0
612,2021-09-30 13:42:24,4140.0,9800.0,1624400.0
613,2021-09-30 13:42:24,4140.0,200.0,1614600.0
614,2021-09-30 13:42:20,4140.0,5000.0,1614400.0
615,2021-09-30 13:42:19,4140.0,200.0,1609400.0
616,2021-09-30 13:42:13,4140.0,500.0,1609200.0
617,2021-09-30 13:42:11,4140.0,2000.0,1608700.0
618,2021-09-30 13:42:09,4140.0,2100.0,1606700.0
619,2021-09-30 13:42:09,4140.0,7900.0,1604600.0
620,2021-09-30 13:42:08,4140.0,5700.0,1596700.0
621,2021-09-30 13:42:07,4140.0,10000.0,1591000.0
622,2021-09-30 13:42:05,4140.0,500.0,1581000.0
623,2021-09-30 13:42:03,4140.0,4000.0,1580500.0
624,2021-09-30 13:42:01,4140.0,500.0,1576500.0
625,2021-09-30 13:41:45,4140.0,1000.0,1576000.0
626,2021-09-30 13:41:45,4140.0,9000.0,1575000.0
627,2021-09-30 13:41:43,4140.0,11400.0,1566000.0
628,2021-09-30 13:41:43,4140.0,600.0,1554600.0
629,2021-09-30 13:41:41,4140.0,3400.0,1554000.0
630,2021-09-30 13:41:41,4140.0,1600.0,1550600.0
631,2021-09-30 13:41:38,4140.0,3000.0,1549000.0
632,2021-09-30 13:41:36,4140.0,300.0,1546000.0
633,2021-09-30 13:41:34,4140.0,300.0,1545700.0
634,2021-09-30 13:41:32,4140.0,10000.0,1545400.0
635,2021-09-30 13:41:31,4140.0,700.0,1535400.0
636,2021-09-30 13:41:28,4140.0,500.0,1534700.0
637,2021-09-30 13:41:26,4140.0,500.0,1534200.0
638,2021-09-30 13:41:24,4140.0,200.0,1533700.0
639,2021-09-30 13:41:23,4140.0,400.0,1533500.0
640,2021-09-30 13:41:23,4140.0,300.0,1533100.0
641,2021-09-30 13:41:20,4140.0,3000.0,1532800.0
642,2021-09-30 13:41:20,4140.0,5000.0,1529800.0
643,2021-09-30 13:41:14,4140.0,500.0,1524800.0
644,2021-09-30 13:41:10,4140.0,1000.0,1524300.0
645,2021-09-30 13:41:10,4140.0,100.0,1523300.0
646,2021-09-30 13:41:09,4140.0,100.0,1523200.0
647,2021-09-30 13:41:08,4140.0,500.0,1523100.0
648,2021-09-30 13:41:06,4140.0,3000.0,1522600.0
649,2021-09-30 13:41:06,4140.0,17000.0,1519600.0
650,2021-09-30 13:41:06,4140.0,5400.0,1502600.0
651,2021-09-30 13:41:05,4140.0,10000.0,1497200.0
652,2021-09-30 13:41:02,4140.0,100.0,1487200.0
653,2021-09-30 13:41:02,4140.0,500.0,1487100.0
654,2021-09-30 13:41:01,4140.0,100.0,1486600.0
655,2021-09-30 13:41:01,4140.0,1000.0,1486500.0
656,2021-09-30 13:40:59,4140.0,4000.0,1485500.0
657,2021-09-30 13:40:54,4140.0,1500.0,1481500.0
658,2021-09-30 13:40:53,4140.0,300.0,1480000.0
659,2021-09-30 13:40:52,4140.0,2400.0,1479700.0
660,2021-09-30 13:40:51,4140.0,2000.0,1477300.0
661,2021-09-30 13:40:48,4140.0,1000.0,1475300.0
662,2021-09-30 13:40:43,4140.0,3000.0,1474300.0
663,2021-09-30 13:40:42,4140.0,1000.0,1471300.0
664,2021-09-30 13:40:40,4140.0,1600.0,1470300.0
665,2021-09-30 13:40:39,4140.0,2000.0,1468700.0
666,2021-09-30 13:40:37,4140.0,300.0,1466700.0
667,2021-09-30 13:40:36,4140.0,100.0,1466400.0
668,2021-09-30 13:40:36,4140.0,2000.0,1466300.0
669,2021-09-30 13:40:31,4140.0,5000.0,1464300.0
670,2021-09-30 13:40:30,4140.0,2000.0,1459300.0
671,2021-09-30 13:40:30,4140.0,800.0,1457300.0
672,2021-09-30 13:40:27,4140.0,4400.0,1456500.0
673,2021-09-30 13:40:26,4140.0,1100.0,1452100.0
674,2021-09-30 13:40:25,4140.0,200.0,1451000.0
675,2021-09-30 13:40:22,4140.0,2000.0,1450800.0
676,2021-09-30 13:40:21,4140.0,4500.0,1448800.0
677,2021-09-30 13:40:11,4140.0,800.0,1444300.0
678,2021-09-30 13:40:11,4140.0,100.0,1443500.0
679,2021-09-30 13:40:09,4140.0,2400.0,1443400.0
680,2021-09-30 13:40:08,4140.0,600.0,1441000.0
681,2021-09-30 13:40:06,4140.0,25000.0,1440400.0
682,2021-09-30 13:40:00,4140.0,1000.0,1415400.0
683,2021-09-30 13:39:56,4140.0,1000.0,1414400.0
684,2021-09-30 13:39:56,4140.0,100.0,1413400.0
685,2021-09-30 13:39:56,4140.0,200.0,1413300.0
686,2021-09-30 13:39:56,4140.0,200.0,1413100.0
687,2021-09-30 13:39:52,4140.0,2000.0,1412900.0
688,2021-09-30 13:39:52,4140.0,1000.0,1410900.0
689,2021-09-30 13:39:49,4140.0,2000.0,1409900.0
690,2021-09-30 13:39:41,4140.0,300.0,1407900.0
691,2021-09-30 13:39:37,4140.0,100.0,1407600.0
692,2021-09-30 13:39:29,4140.0,400.0,1407500.0
693,2021-09-30 13:39:28,4140.0,300.0,1407100.0
694,2021-09-30 13:39:22,4140.0,500.0,1406800.0
695,2021-09-30 13:39:22,4140.0,300.0,1406300.0
696,2021-09-30 13:39:21,4140.0,500.0,1406000.0
697,2021-09-30 13:39:20,4140.0,100.0,1405500.0
698,2021-09-30 13:39:19,4140.0,100.0,1405400.0
699,2021-09-30 13:39:19,4140.0,10000.0,1405300.0
700,2021-09-30 13:39:18,4140.0,5000.0,1395300.0
701,2021-09-30 13:39:18,4140.0,900.0,1390300.0
702,2021-09-30 13:39:17,4140.0,2000.0,1389400.0
703,2021-09-30 13:39:15,4140.0,200.0,1387400.0
704,2021-09-30 13:39:14,4140.0,100.0,1387200.0
705,2021-09-30 13:39:10,4140.0,100.0,1387100.0
706,2021-09-30 13:39:09,4140.0,100.0,1387000.0
707,2021-09-30 13:39:05,4140.0,12000.0,1386900.0
708,2021-09-30 13:39:03,4140.0,1000.0,1374900.0
709,2021-09-30 13:39:01,4140.0,2000.0,1373900.0
710,2021-09-30 13:38:57,4140.0,2500.0,1371900.0
711,2021-09-30 13:38:56,4140.0,19300.0,1369400.0
712,2021-09-30 13:38:56,4140.0,10700.0,1350100.0
713,2021-09-30 13:38:54,4140.0,1000.0,1339400.0
714,2021-09-30 13:38:51,4140.0,1000.0,1338400.0
715,2021-09-30 13:38:48,4140.0,200.0,1337400.0
716,2021-09-30 13:38:46,4140.0,500.0,1337200.0
717,2021-09-30 13:38:46,4140.0,1000.0,1336700.0
718,2021-09-30 13:38:44,4140.0,1000.0,1335700.0
719,2021-09-30 13:38:43,4140.0,1000.0,1334700.0
720,2021-09-30 13:38:40,4140.0,500.0,1333700.0
721,2021-09-30 13:38:38,4140.0,400.0,1333200.0
722,2021-09-30 13:38:37,4140.0,500.0,1332800.0
723,2021-09-30 13:38:35,4140.0,100.0,1332300.0
724,2021-09-30 13:38:33,4140.0,100.0,1332200.0
725,2021-09-30 13:38:31,4140.0,100.0,1332100.0
726,2021-09-30 13:38:26,4140.0,1000.0,1332000.0
727,2021-09-30 13:38:19,4140.0,1000.0,1331000.0
728,2021-09-30 13:38:17,4140.0,300.0,1330000.0
729,2021-09-30 13:38:14,4140.0,7000.0,1329700.0
730,2021-09-30 13:38:12,4140.0,4000.0,1322700.0
731,2021-09-30 13:38:12,4140.0,10000.0,1318700.0
732,2021-09-30 13:38:09,4140.0,200.0,1308700.0
733,2021-09-30 13:38:08,4140.0,4000.0,1308500.0
734,2021-09-30 13:38:04,4140.0,100.0,1304500.0
735,2021-09-30 13:38:03,4140.0,100.0,1304400.0
736,2021-09-30 13:38:03,4140.0,4200.0,1304300.0
737,2021-09-30 13:38:03,4140.0,800.0,1300100.0
738,2021-09-30 13:38:02,4140.0,200.0,1299300.0
739,2021-09-30 13:38:02,4140.0,600.0,1299100.0
740,2021-09-30 13:38:01,4140.0,3000.0,1298500.0
741,2021-09-30 13:38:01,4140.0,300.0,1295500.0
742,2021-09-30 13:38:01,4140.0,5000.0,1295200.0
743,2021-09-30 13:38:00,4140.0,2000.0,1290200.0
744,2021-09-30 13:37:59,4140.0,4600.0,1288200.0
745,2021-09-30 13:37:58,4140.0,500.0,1283600.0
746,2021-09-30 13:37:58,4140.0,1800.0,1283100.0
747,2021-09-30 13:37:56,4140.0,100.0,1281300.0
748,2021-09-30 13:37:54,4140.0,300.0,1281200.0
749,2021-09-30 13:37:54,4140.0,200.0,1280900.0
750,2021-09-30 13:37:53,4140.0,1500.0,1280700.0
751,2021-09-30 13:37:51,4140.0,1000.0,1279200.0
752,2021-09-30 13:37:50,4140.0,1000.0,1278200.0
753,2021-09-30 13:37:50,4140.0,5000.0,1277200.0
754,2021-09-30 13:37:49,4140.0,100.0,1272200.0
755,2021-09-30 13:37:49,4140.0,23000.0,1272100.0
756,2021-09-30 13:37:49,4140.0,27000.0,1249100.0
757,2021-09-30 13:37:49,4140.0,500.0,1222100.0
758,2021-09-30 13:37:48,4140.0,500.0,1221600.0
759,2021-09-30 13:37:45,4140.0,1500.0,1221100.0
760,2021-09-30 13:37:45,4140.0,1000.0,1219600.0
761,2021-09-30 13:37:45,4140.0,500.0,1218600.0
762,2021-09-30 13:37:43,4140.0,2100.0,1218100.0
763,2021-09-30 13:37:43,4140.0,100.0,1216000.0
764,2021-09-30 13:37:40,4140.0,5000.0,1215900.0
765,2021-09-30 13:37:39,4140.0,100.0,1210900.0
766,2021-09-30 13:37:39,4140.0,1000.0,1210800.0
767,2021-09-30 13:37:39,4140.0,1000.0,1209800.0
768,2021-09-30 13:37:39,4140.0,200.0,1208800.0
769,2021-09-30 13:37:39,4140.0,2500.0,1208600.0
770,2021-09-30 13:37:39,4140.0,200.0,1206100.0
771,2021-09-30 13:37:39,4140.0,1000.0,1205900.0
772,2021-09-30 13:37:39,4140.0,2500.0,1204900.0
773,2021-09-30 13:37:39,4140.0,200.0,1202400.0
774,2021-09-30 13:37:39,4140.0,500.0,1202200.0
775,2021-09-30 13:37:39,4140.0,2600.0,1201700.0
776,2021-09-30 13:37:34,4140.0,7400.0,1199100.0
777,2021-09-30 13:37:34,4140.0,500.0,1191700.0
778,2021-09-30 13:37:34,4140.0,8000.0,1191200.0
779,2021-09-30 13:37:34,4140.0,1000.0,1183200.0
780,2021-09-30 13:37:34,4140.0,5000.0,1182200.0
781,2021-09-30 13:37:34,4140.0,400.0,1177200.0
782,2021-09-30 13:37:34,4140.0,100.0,1176800.0
783,2021-09-30 13:37:34,4140.0,2900.0,1176700.0
784,2021-09-30 13:37:34,4140.0,2000.0,1173800.0
785,2021-09-30 13:37:34,4140.0,400.0,1171800.0
786,2021-09-30 13:37:34,4140.0,5000.0,1171400.0
787,2021-09-30 13:37:34,4140.0,1500.0,1166400.0
788,2021-09-30 13:37:34,4140.0,100.0,1164900.0
789,2021-09-30 13:37:34,4140.0,1000.0,1164800.0
790,2021-09-30 13:37:34,4140.0,300.0,1163800.0
791,2021-09-30 13:37:34,4140.0,500.0,1163500.0
792,2021-09-30 13:37:34,4140.0,1000.0,1163000.0
793,2021-09-30 13:37:34,4140.0,100.0,1162000.0
794,2021-09-30 13:37:34,4140.0,200.0,1161900.0
795,2021-09-30 13:37:34,4140.0,12600.0,1161700.0
796,2021-09-30 13:37:33,4140.0,1900.0,1149100.0
797,2021-09-30 13:37:28,4140.0,5500.0,1147200.0
798,2021-09-30 13:37:28,4140.0,100.0,1141700.0
799,2021-09-30 13:37:28,4140.0,10000.0,1141600.0
800,2021-09-30 13:37:28,4140.0,34400.0,1131600.0
801,2021-09-30 13:37:26,4160.0,1400.0,1097200.0
802,2021-09-30 13:37:23,4140.0,15600.0,1095800.0
803,2021-09-30 13:37:23,4140.0,100.0,1080200.0
804,2021-09-30 13:37:23,4140.0,8000.0,1080100.0
805,2021-09-30 13:37:23,4140.0,3000.0,1072100.0
806,2021-09-30 13:37:23,4140.0,1000.0,1069100.0
807,2021-09-30 13:37:23,4140.0,3000.0,1068100.0
808,2021-09-30 13:37:23,4140.0,200.0,1065100.0
809,2021-09-30 13:37:23,4140.0,3000.0,1064900.0
810,2021-09-30 13:37:23,4140.0,100.0,1061900.0
811,2021-09-30 13:37:23,4140.0,4000.0,1061800.0
812,2021-09-30 13:37:23,4140.0,500.0,1057800.0
813,2021-09-30 13:37:23,4140.0,300.0,1057300.0
814,2021-09-30 13:37:23,4140.0,100.0,1057000.0
815,2021-09-30 13:37:23,4140.0,5000.0,1056900.0
816,2021-09-30 13:37:23,4140.0,100.0,1051900.0
817,2021-09-30 13:37:23,4140.0,2000.0,1051800.0
818,2021-09-30 13:37:23,4140.0,500.0,1049800.0
819,2021-09-30 13:37:23,4140.0,500.0,1049300.0
820,2021-09-30 13:37:23,4140.0,100.0,1048800.0
821,2021-09-30 13:37:23,4140.0,100.0,1048700.0
822,2021-09-30 13:37:23,4140.0,1000.0,1048600.0
823,2021-09-30 13:37:23,4140.0,200.0,1047600.0
824,2021-09-30 13:37:23,4140.0,100.0,1047400.0
825,2021-09-30 13:37:23,4140.0,1500.0,1047300.0
826,2021-09-30 13:37:22,4170.0,900.0,1045800.0
827,2021-09-30 13:37:20,4160.0,4100.0,1044900.0
828,2021-09-30 13:37:16,4160.0,3000.0,1040800.0
829,2021-09-30 13:37:12,4140.0,1500.0,1037800.0
830,2021-09-30 13:37:12,4140.0,100.0,1036300.0
831,2021-09-30 13:37:12,4140.0,1000.0,1036200.0
832,2021-09-30 13:37:12,4140.0,1000.0,1035200.0
833,2021-09-30 13:37:12,4140.0,400.0,1034200.0
834,2021-09-30 13:37:12,4140.0,1000.0,1033800.0
835,2021-09-30 13:37:12,4140.0,200.0,1032800.0
836,2021-09-30 13:37:12,4140.0,35800.0,1032600.0
837,2021-09-30 13:37:12,4150.0,9000.0,996800.0
838,2021-09-30 13:37:10,4150.0,10000.0,987800.0
839,2021-09-30 13:37:10,4150.0,6000.0,977800.0
840,2021-09-30 13:37:10,4140.0,11500.0,971800.0
841,2021-09-30 13:37:08,4150.0,4000.0,960300.0
842,2021-09-30 13:37:05,4140.0,21500.0,956300.0
843,2021-09-30 13:37:02,4140.0,20200.0,934800.0
844,2021-09-30 13:36:56,4140.0,11000.0,914600.0
845,2021-09-30 13:36:56,4140.0,100.0,903600.0
846,2021-09-30 13:36:56,4150.0,2000.0,903500.0
847,2021-09-30 13:36:56,4150.0,5000.0,901500.0
848,2021-09-30 13:36:56,4150.0,500.0,896500.0
849,2021-09-30 13:36:56,4150.0,100.0,896000.0
850,2021-09-30 13:36:56,4150.0,1300.0,895900.0
851,2021-09-30 13:36:52,4150.0,3700.0,894600.0
852,2021-09-30 13:36:52,4150.0,5000.0,890900.0
853,2021-09-30 13:36:52,4150.0,100.0,885900.0
854,2021-09-30 13:36:52,4150.0,1000.0,885800.0
855,2021-09-30 13:36:52,4150.0,200.0,884800.0
856,2021-09-30 13:36:47,4160.0,100.0,884600.0
857,2021-09-30 13:36:47,4160.0,1000.0,884500.0
858,2021-09-30 13:36:47,4160.0,100.0,883500.0
859,2021-09-30 13:36:47,4160.0,1700.0,883400.0
860,2021-09-30 13:36:43,4160.0,200.0,881700.0
861,2021-09-30 13:36:42,4160.0,600.0,881500.0
862,2021-09-30 13:36:40,4180.0,300.0,880900.0
863,2021-09-30 13:36:40,4180.0,3000.0,880600.0
864,2021-09-30 13:36:38,4160.0,500.0,877600.0
865,2021-09-30 13:36:38,4180.0,3000.0,877100.0
866,2021-09-30 13:36:28,4180.0,7100.0,874100.0
867,2021-09-30 13:36:24,4180.0,2900.0,867000.0
868,2021-09-30 13:36:24,4180.0,7100.0,864100.0
869,2021-09-30 13:36:11,4200.0,5000.0,857000.0
870,2021-09-30 13:36:11,4200.0,5000.0,852000.0
871,2021-09-30 13:36:03,4180.0,2900.0,847000.0
872,2021-09-30 13:36:03,4180.0,100.0,844100.0
873,2021-09-30 13:36:03,4190.0,1000.0,844000.0
874,2021-09-30 13:36:03,4190.0,3000.0,843000.0
875,2021-09-30 13:36:03,4190.0,1000.0,840000.0
876,2021-09-30 13:36:03,4190.0,3000.0,839000.0
877,2021-09-30 13:36:03,4190.0,1000.0,836000.0
878,2021-09-30 13:35:50,4200.0,10000.0,835000.0
879,2021-09-30 13:35:45,4200.0,1000.0,825000.0
880,2021-09-30 13:35:45,4200.0,1000.0,824000.0
881,2021-09-30 13:35:45,4200.0,1000.0,823000.0
882,2021-09-30 13:35:45,4200.0,400.0,822000.0
883,2021-09-30 13:35:45,4200.0,1000.0,821600.0
884,2021-09-30 13:35:45,4200.0,1000.0,820600.0
885,2021-09-30 13:35:45,4200.0,500.0,819600.0
886,2021-09-30 13:35:45,4200.0,1200.0,819100.0
887,2021-09-30 13:35:45,4200.0,1000.0,817900.0
888,2021-09-30 13:35:45,4200.0,100.0,816900.0
889,2021-09-30 13:35:45,4200.0,1000.0,816800.0
890,2021-09-30 13:35:45,4200.0,100.0,815800.0
891,2021-09-30 13:35:45,4200.0,100.0,815700.0
892,2021-09-30 13:35:45,4200.0,100.0,815600.0
893,2021-09-30 13:35:45,4200.0,500.0,815500.0
894,2021-09-30 13:35:38,4210.0,100.0,815000.0
895,2021-09-30 13:35:35,4200.0,300.0,814900.0
896,2021-09-30 13:35:35,4200.0,100.0,814600.0
897,2021-09-30 13:35:35,4200.0,100.0,814500.0
898,2021-09-30 13:35:14,4210.0,300.0,814400.0
899,2021-09-30 13:35:14,4210.0,700.0,814100.0
900,2021-09-30 13:35:14,4210.0,500.0,813400.0
901,2021-09-30 13:35:14,4210.0,2000.0,812900.0
902,2021-09-30 13:35:14,4210.0,300.0,810900.0
903,2021-09-30 13:35:14,4210.0,1000.0,810600.0
904,2021-09-30 13:35:14,4210.0,1000.0,809600.0
905,2021-09-30 13:35:14,4210.0,100.0,808600.0
906,2021-09-30 13:35:14,4210.0,4400.0,808500.0
907,2021-09-30 13:34:41,4250.0,7500.0,804100.0
908,2021-09-30 13:34:41,4220.0,2500.0,796600.0
909,2021-09-30 13:34:40,4220.0,500.0,794100.0
910,2021-09-30 13:34:39,4220.0,1000.0,793600.0
911,2021-09-30 13:34:39,4220.0,1000.0,792600.0
912,2021-09-30 13:34:00,4250.0,1000.0,791600.0
913,2021-09-30 13:33:57,4210.0,600.0,790600.0
914,2021-09-30 13:33:57,4250.0,3000.0,790000.0
915,2021-09-30 13:33:57,4250.0,2000.0,787000.0
916,2021-09-30 13:33:57,4250.0,5000.0,785000.0
917,2021-09-30 13:33:57,4250.0,200.0,780000.0
918,2021-09-30 13:33:57,4250.0,200.0,779800.0
919,2021-09-30 13:33:57,4250.0,1000.0,779600.0
920,2021-09-30 13:33:57,4250.0,200.0,778600.0
921,2021-09-30 13:33:57,4250.0,7800.0,778400.0
922,2021-09-30 13:33:51,4250.0,2200.0,770600.0
923,2021-09-30 13:33:51,4250.0,100.0,768400.0
924,2021-09-30 13:33:51,4250.0,1200.0,768300.0
925,2021-09-30 13:33:51,4260.0,6000.0,767100.0
926,2021-09-30 13:33:51,4260.0,500.0,761100.0
927,2021-09-30 13:33:43,4250.0,3800.0,760600.0
928,2021-09-30 13:33:43,4250.0,100.0,756800.0
929,2021-09-30 13:33:43,4250.0,100.0,756700.0
930,2021-09-30 13:33:43,4250.0,5300.0,756600.0
931,2021-09-30 13:33:43,4260.0,700.0,751300.0
932,2021-09-30 13:33:37,4260.0,1000.0,750600.0
933,2021-09-30 13:33:20,4260.0,3000.0,749600.0
934,2021-09-30 13:33:20,4260.0,1000.0,746600.0
935,2021-09-30 13:33:19,4300.0,300.0,745600.0
936,2021-09-30 13:32:50,4250.0,100.0,745300.0
937,2021-09-30 13:32:35,4250.0,4600.0,745200.0
938,2021-09-30 13:32:35,4270.0,700.0,740600.0
939,2021-09-30 13:32:35,4270.0,11800.0,739900.0
940,2021-09-30 13:32:35,4280.0,2000.0,728100.0
941,2021-09-30 13:32:35,4280.0,1800.0,726100.0
942,2021-09-30 13:32:35,4280.0,1000.0,724300.0
943,2021-09-30 13:32:35,4290.0,3100.0,723300.0
944,2021-09-30 13:32:31,4290.0,5000.0,720200.0
945,2021-09-30 13:32:26,4300.0,2400.0,715200.0
946,2021-09-30 13:32:26,4300.0,2500.0,712800.0
947,2021-09-30 13:32:23,4280.0,10000.0,710300.0
948,2021-09-30 13:31:45,4300.0,7500.0,700300.0
949,2021-09-30 13:31:40,4300.0,10000.0,692800.0
950,2021-09-30 13:31:31,4300.0,5000.0,682800.0
951,2021-09-30 13:31:31,4300.0,1400.0,677800.0
952,2021-09-30 13:31:31,4280.0,1100.0,676400.0
953,2021-09-30 13:31:29,4280.0,1000.0,675300.0
954,2021-09-30 13:31:29,4280.0,2900.0,674300.0
955,2021-09-30 13:31:22,4300.0,200.0,671400.0
956,2021-09-30 13:31:10,4300.0,1000.0,671200.0
957,2021-09-30 13:31:05,4300.0,2000.0,670200.0
958,2021-09-30 13:31:02,4280.0,1100.0,668200.0
959,2021-09-30 13:31:02,4280.0,1000.0,667100.0
960,2021-09-30 13:31:02,4280.0,2000.0,666100.0
961,2021-09-30 13:31:02,4280.0,700.0,664100.0
962,2021-09-30 13:31:02,4280.0,100.0,663400.0
963,2021-09-30 13:31:02,4280.0,100.0,663300.0
964,2021-09-30 13:30:57,4300.0,2000.0,663200.0
965,2021-09-30 13:30:56,4300.0,100.0,661200.0
966,2021-09-30 13:30:52,4300.0,200.0,661100.0
967,2021-09-30 13:30:39,4300.0,1000.0,660900.0
968,2021-09-30 13:30:39,4300.0,2100.0,659900.0
969,2021-09-30 13:30:09,4300.0,900.0,657800.0
970,2021-09-30 13:30:00,4300.0,1000.0,656900.0
971,2021-09-30 13:29:56,4300.0,500.0,655900.0
972,2021-09-30 13:29:50,4300.0,1000.0,655400.0
973,2021-09-30 13:29:49,4300.0,100.0,654400.0
974,2021-09-30 13:29:39,4300.0,500.0,654300.0
975,2021-09-30 13:29:39,4300.0,1000.0,653800.0
976,2021-09-30 13:29:39,4310.0,5000.0,652800.0
977,2021-09-30 13:29:30,4300.0,4000.0,647800.0
978,2021-09-30 13:29:30,4300.0,200.0,643800.0
979,2021-09-30 13:29:30,4300.0,100.0,643600.0
980,2021-09-30 13:29:30,4300.0,100.0,643500.0
981,2021-09-30 13:29:30,4300.0,1000.0,643400.0
982,2021-09-30 13:29:30,4300.0,500.0,642400.0
983,2021-09-30 13:29:30,4300.0,100.0,641900.0
984,2021-09-30 13:29:30,4300.0,500.0,641800.0
985,2021-09-30 13:29:30,4300.0,500.0,641300.0
986,2021-09-30 13:29:30,4300.0,2000.0,640800.0
987,2021-09-30 13:29:30,4300.0,500.0,638800.0
988,2021-09-30 13:29:30,4300.0,500.0,638300.0
989,2021-09-30 13:29:25,4300.0,2500.0,637800.0
990,2021-09-30 13:29:25,4300.0,2000.0,635300.0
991,2021-09-30 13:29:25,4300.0,100.0,633300.0
992,2021-09-30 13:29:25,4300.0,5300.0,633200.0
993,2021-09-30 13:29:25,4310.0,100.0,627900.0
994,2021-09-30 13:29:18,4300.0,4700.0,627800.0
995,2021-09-30 13:29:18,4310.0,5000.0,623100.0
996,2021-09-30 13:29:18,4310.0,300.0,618100.0
997,2021-09-30 13:29:09,4310.0,9700.0,617800.0
998,2021-09-30 13:29:09,4310.0,300.0,608100.0
999,2021-09-30 13:28:46,4330.0,10000.0,607800.0
1000,2021-09-30 13:28:32,4340.0,200.0,597800.0
1001,2021-09-30 13:28:32,4340.0,100.0,597600.0
1002,2021-09-30 13:28:32,4340.0,2000.0,597500.0
1003,2021-09-30 13:28:32,4340.0,100.0,595500.0
1004,2021-09-30 13:28:32,4340.0,1000.0,595400.0
1005,2021-09-30 13:28:32,4340.0,100.0,594400.0
1006,2021-09-30 13:28:32,4340.0,500.0,594300.0
1007,2021-09-30 13:28:32,4350.0,5000.0,593800.0
1008,2021-09-30 13:28:32,4350.0,1000.0,588800.0
1009,2021-09-30 13:26:47,4340.0,700.0,587800.0
1010,2021-09-30 13:26:22,4340.0,5100.0,587100.0
1011,2021-09-30 13:26:18,4340.0,1000.0,582000.0
1012,2021-09-30 13:26:18,4340.0,500.0,581000.0
1013,2021-09-30 13:25:33,4340.0,500.0,580500.0
1014,2021-09-30 13:25:33,4340.0,1500.0,580000.0
1015,2021-09-30 13:25:33,4350.0,1000.0,578500.0
1016,2021-09-30 13:25:11,4340.0,500.0,577500.0
1017,2021-09-30 13:25:11,4340.0,100.0,577000.0
1018,2021-09-30 13:25:11,4350.0,3000.0,576900.0
1019,2021-09-30 13:25:11,4350.0,100.0,573900.0
1020,2021-09-30 13:25:11,4350.0,1300.0,573800.0
1021,2021-09-30 13:23:41,4350.0,700.0,572500.0
1022,2021-09-30 13:23:41,4350.0,200.0,571800.0
1023,2021-09-30 13:23:41,4350.0,100.0,571600.0
1024,2021-09-30 13:23:41,4350.0,200.0,571500.0
1025,2021-09-30 13:23:41,4350.0,600.0,571300.0
1026,2021-09-30 13:23:41,4350.0,2000.0,570700.0
1027,2021-09-30 13:23:41,4350.0,100.0,568700.0
1028,2021-09-30 13:23:41,4360.0,5000.0,568600.0
1029,2021-09-30 13:23:41,4360.0,300.0,563600.0
1030,2021-09-30 13:23:41,4360.0,800.0,563300.0
1031,2021-09-30 13:22:50,4360.0,200.0,562500.0
1032,2021-09-30 13:22:50,4360.0,100.0,562300.0
1033,2021-09-30 13:22:50,4360.0,500.0,562200.0
1034,2021-09-30 13:22:50,4360.0,100.0,561700.0
1035,2021-09-30 13:22:50,4360.0,1000.0,561600.0
1036,2021-09-30 13:22:50,4360.0,500.0,560600.0
1037,2021-09-30 13:22:50,4360.0,1000.0,560100.0
1038,2021-09-30 13:22:50,4360.0,1300.0,559100.0
1039,2021-09-30 13:22:50,4370.0,500.0,557800.0
1040,2021-09-30 13:22:03,4360.0,2700.0,557300.0
1041,2021-09-30 13:22:03,4370.0,300.0,554600.0
1042,2021-09-30 13:22:03,4370.0,6300.0,554300.0
1043,2021-09-30 13:22:03,4390.0,500.0,548000.0
1044,2021-09-30 13:22:03,4390.0,200.0,547500.0
1045,2021-09-30 13:18:37,4390.0,4800.0,547300.0
1046,2021-09-30 13:18:37,4390.0,1200.0,542500.0
1047,2021-09-30 13:18:37,4390.0,500.0,541300.0
1048,2021-09-30 13:18:37,4390.0,3000.0,540800.0
1049,2021-09-30 13:18:37,4390.0,200.0,537800.0
1050,2021-09-30 13:18:37,4390.0,500.0,537600.0
1051,2021-09-30 13:18:37,4390.0,500.0,537100.0
1052,2021-09-30 13:18:37,4390.0,500.0,536600.0
1053,2021-09-30 13:18:37,4390.0,3800.0,536100.0
1054,2021-09-30 13:17:57,4390.0,100.0,532300.0
1055,2021-09-30 13:16:58,4390.0,100.0,532200.0
1056,2021-09-30 13:13:15,4390.0,100.0,532100.0
1057,2021-09-30 13:11:16,4390.0,100.0,532000.0
1058,2021-09-30 13:10:19,4390.0,3000.0,531900.0
1059,2021-09-30 13:10:09,4390.0,200.0,528900.0
1060,2021-09-30 13:09:41,4390.0,800.0,528700.0
1061,2021-09-30 13:09:23,4380.0,100.0,527900.0
1062,2021-09-30 13:08:43,4390.0,800.0,527800.0
1063,2021-09-30 13:07:10,4370.0,3700.0,527000.0
1064,2021-09-30 13:07:10,4380.0,1300.0,523300.0
1065,2021-09-30 13:06:53,4380.0,7000.0,522000.0
1066,2021-09-30 13:06:09,4380.0,1000.0,515000.0
1067,2021-09-30 13:05:13,4360.0,1000.0,514000.0
1068,2021-09-30 13:03:22,4380.0,200.0,513000.0
1069,2021-09-30 13:02:54,4390.0,5000.0,512800.0
1070,2021-09-30 13:02:54,4400.0,100.0,507800.0
1071,2021-09-30 13:02:47,4400.0,4000.0,507700.0
1072,2021-09-30 13:02:47,4400.0,300.0,503700.0
1073,2021-09-30 13:02:47,4400.0,600.0,503400.0
1074,2021-09-30 13:02:43,4400.0,1000.0,502800.0
1075,2021-09-30 13:02:02,4400.0,1000.0,501800.0
1076,2021-09-30 13:02:02,4400.0,2400.0,500800.0
1077,2021-09-30 13:00:13,4400.0,2600.0,498400.0
1078,2021-09-30 13:00:04,4390.0,300.0,495800.0
1079,2021-09-30 13:00:01,4400.0,3000.0,495500.0
1080,2021-09-30 13:00:01,4400.0,500.0,492500.0
1081,2021-09-30 13:00:01,4370.0,2500.0,492000.0
1082,2021-09-30 13:00:01,4370.0,1000.0,489500.0
1083,2021-09-30 13:00:01,4370.0,1600.0,488500.0
1084,2021-09-30 13:00:01,4370.0,5000.0,486900.0
1085,2021-09-30 13:00:01,4380.0,300.0,481900.0
1086,2021-09-30 13:00:01,4380.0,100.0,481600.0
1087,2021-09-30 13:00:01,4380.0,100.0,481500.0
1088,2021-09-30 13:00:01,4380.0,200.0,481400.0
1089,2021-09-30 13:00:01,4380.0,200.0,481200.0
1090,2021-09-30 13:00:01,4380.0,2000.0,481000.0
1091,2021-09-30 13:00:01,4380.0,200.0,479000.0
1092,2021-09-30 13:00:01,4390.0,200.0,478800.0
1093,2021-09-30 13:00:01,4390.0,100.0,478600.0
1094,2021-09-30 13:00:01,4390.0,5000.0,478500.0
1095,2021-09-30 13:00:01,4390.0,100.0,473500.0
1096,2021-09-30 13:00:01,4390.0,100.0,473400.0
1097,2021-09-30 13:00:01,4390.0,1300.0,473300.0
1098,2021-09-30 13:00:01,4400.0,100.0,472000.0
1099,2021-09-30 13:00:00,4400.0,700.0,471900.0
1100,2021-09-30 11:29:26,4400.0,2000.0,471200.0
1101,2021-09-30 11:27:47,4400.0,900.0,469200.0
1102,2021-09-30 11:27:47,4400.0,200.0,468300.0
1103,2021-09-30 11:26:20,4410.0,900.0,468100.0
1104,2021-09-30 11:24:19,4410.0,2000.0,467200.0
1105,2021-09-30 11:21:42,4440.0,1000.0,465200.0
1106,2021-09-30 11:21:42,4440.0,1100.0,464200.0
1107,2021-09-30 11:20:52,4440.0,13700.0,463100.0
1108,2021-09-30 11:20:34,4440.0,5000.0,449400.0
1109,2021-09-30 11:20:34,4440.0,100.0,444400.0
1110,2021-09-30 11:20:34,4400.0,4100.0,444300.0
1111,2021-09-30 11:20:27,4400.0,100.0,440200.0
1112,2021-09-30 11:20:27,4400.0,2000.0,440100.0
1113,2021-09-30 11:20:27,4400.0,500.0,438100.0
1114,2021-09-30 11:20:27,4400.0,300.0,437600.0
1115,2021-09-30 11:20:27,4400.0,1000.0,437300.0
1116,2021-09-30 11:20:27,4400.0,2000.0,436300.0
1117,2021-09-30 11:20:27,4400.0,9500.0,434300.0
1118,2021-09-30 11:20:27,4400.0,3000.0,424800.0
1119,2021-09-30 11:19:34,4400.0,7000.0,421800.0
1120,2021-09-30 11:19:34,4400.0,1500.0,414800.0
1121,2021-09-30 11:19:34,4400.0,200.0,413300.0
1122,2021-09-30 11:19:34,4400.0,2000.0,413100.0
1123,2021-09-30 11:19:34,4400.0,1000.0,411100.0
1124,2021-09-30 11:19:34,4400.0,1000.0,410100.0
1125,2021-09-30 11:19:34,4400.0,100.0,409100.0
1126,2021-09-30 11:19:34,4400.0,2200.0,409000.0
1127,2021-09-30 11:19:04,4400.0,1000.0,406800.0
1128,2021-09-30 11:18:20,4400.0,1800.0,405800.0
1129,2021-09-30 11:18:20,4400.0,1000.0,404000.0
1130,2021-09-30 11:18:20,4400.0,700.0,403000.0
1131,2021-09-30 11:18:20,4400.0,100.0,402300.0
1132,2021-09-30 11:18:20,4400.0,300.0,402200.0
1133,2021-09-30 11:18:20,4400.0,300.0,401900.0
1134,2021-09-30 11:18:20,4400.0,3000.0,401600.0
1135,2021-09-30 11:18:20,4400.0,2800.0,398600.0
1136,2021-09-30 11:18:20,4410.0,1000.0,395800.0
1137,2021-09-30 11:18:20,4410.0,4700.0,394800.0
1138,2021-09-30 11:18:20,4410.0,500.0,390100.0
1139,2021-09-30 11:08:32,4410.0,1500.0,389600.0
1140,2021-09-30 11:08:03,4400.0,2200.0,388100.0
1141,2021-09-30 11:08:03,4400.0,1000.0,385900.0
1142,2021-09-30 11:08:03,4400.0,1800.0,384900.0
1143,2021-09-30 11:07:48,4410.0,400.0,383100.0
1144,2021-09-30 11:07:25,4410.0,1000.0,382700.0
1145,2021-09-30 11:06:31,4410.0,100.0,381700.0
1146,2021-09-30 11:06:12,4410.0,300.0,381600.0
1147,2021-09-30 11:06:10,4410.0,500.0,381300.0
1148,2021-09-30 11:05:56,4410.0,100.0,380800.0
1149,2021-09-30 11:05:49,4410.0,300.0,380700.0
1150,2021-09-30 11:04:43,4410.0,1000.0,380400.0
1151,2021-09-30 11:04:18,4400.0,200.0,379400.0
1152,2021-09-30 11:04:12,4410.0,600.0,379200.0
1153,2021-09-30 11:03:31,4410.0,100.0,378600.0
1154,2021-09-30 11:02:58,4410.0,100.0,378500.0
1155,2021-09-30 11:02:58,4410.0,3000.0,378400.0
1156,2021-09-30 11:02:49,4420.0,2000.0,375400.0
1157,2021-09-30 11:00:35,4400.0,2000.0,373400.0
1158,2021-09-30 11:00:35,4400.0,100.0,371400.0
1159,2021-09-30 11:00:35,4410.0,300.0,371300.0
1160,2021-09-30 11:00:35,4410.0,600.0,371000.0
1161,2021-09-30 10:59:22,4410.0,400.0,370400.0
1162,2021-09-30 10:59:22,4410.0,200.0,370000.0
1163,2021-09-30 10:59:22,4410.0,5000.0,369800.0
1164,2021-09-30 10:59:22,4410.0,300.0,364800.0
1165,2021-09-30 10:59:22,4410.0,1500.0,364500.0
1166,2021-09-30 10:59:22,4410.0,2000.0,363000.0
1167,2021-09-30 10:59:22,4410.0,1000.0,361000.0
1168,2021-09-30 10:59:22,4410.0,1000.0,360000.0
1169,2021-09-30 10:59:22,4410.0,600.0,359000.0
1170,2021-09-30 10:59:22,4410.0,1000.0,358400.0
1171,2021-09-30 10:59:22,4410.0,200.0,357400.0
1172,2021-09-30 10:59:22,4410.0,1000.0,357200.0
1173,2021-09-30 10:59:06,4420.0,500.0,356200.0
1174,2021-09-30 10:59:02,4420.0,1000.0,355700.0
1175,2021-09-30 10:59:02,4420.0,1000.0,354700.0
1176,2021-09-30 10:59:02,4420.0,1000.0,353700.0
1177,2021-09-30 10:59:02,4420.0,100.0,352700.0
1178,2021-09-30 10:59:02,4420.0,800.0,352600.0
1179,2021-09-30 10:59:02,4420.0,2000.0,351800.0
1180,2021-09-30 10:59:02,4420.0,900.0,349800.0
1181,2021-09-30 10:59:02,4420.0,2000.0,348900.0
1182,2021-09-30 10:59:02,4420.0,200.0,346900.0
1183,2021-09-30 10:59:02,4420.0,700.0,346700.0
1184,2021-09-30 10:59:02,4430.0,5000.0,346000.0
1185,2021-09-30 10:59:02,4430.0,3000.0,341000.0
1186,2021-09-30 10:59:02,4430.0,400.0,338000.0
1187,2021-09-30 10:59:02,4440.0,100.0,337600.0
1188,2021-09-30 10:59:02,4440.0,100.0,337500.0
1189,2021-09-30 10:57:18,4440.0,1100.0,337400.0
1190,2021-09-30 10:56:42,4450.0,1000.0,336300.0
1191,2021-09-30 10:52:07,4440.0,300.0,335300.0
1192,2021-09-30 10:52:07,4440.0,600.0,335000.0
1193,2021-09-30 10:51:59,4440.0,1000.0,334400.0
1194,2021-09-30 10:51:42,4440.0,500.0,333400.0
1195,2021-09-30 10:50:19,4440.0,900.0,332900.0
1196,2021-09-30 10:50:17,4440.0,1600.0,332000.0
1197,2021-09-30 10:48:53,4440.0,5000.0,330400.0
1198,2021-09-30 10:48:53,4440.0,300.0,325400.0
1199,2021-09-30 10:48:53,4440.0,3000.0,325100.0
1200,2021-09-30 10:48:53,4440.0,100.0,322100.0
1201,2021-09-30 10:46:48,4440.0,4900.0,322000.0
1202,2021-09-30 10:46:28,4440.0,2100.0,317100.0
1203,2021-09-30 10:45:57,4450.0,600.0,315000.0
1204,2021-09-30 10:44:19,4450.0,200.0,314400.0
1205,2021-09-30 10:43:16,4450.0,600.0,314200.0
1206,2021-09-30 10:41:21,4450.0,3000.0,313600.0
1207,2021-09-30 10:39:34,4450.0,1000.0,310600.0
1208,2021-09-30 10:39:17,4450.0,500.0,309600.0
1209,2021-09-30 10:39:08,4450.0,500.0,309100.0
1210,2021-09-30 10:39:08,4450.0,1000.0,308600.0
1211,2021-09-30 10:39:08,4450.0,5500.0,307600.0
1212,2021-09-30 10:38:22,4450.0,300.0,302100.0
1213,2021-09-30 10:36:44,4450.0,1200.0,301800.0
1214,2021-09-30 10:36:44,4450.0,3800.0,300600.0
1215,2021-09-30 10:35:05,4450.0,2000.0,296800.0
1216,2021-09-30 10:35:05,4450.0,2000.0,294800.0
1217,2021-09-30 10:35:05,4450.0,2200.0,292800.0
1218,2021-09-30 10:34:17,4450.0,700.0,290600.0
1219,2021-09-30 10:34:07,4450.0,2000.0,289900.0
1220,2021-09-30 10:33:58,4450.0,2000.0,287900.0
1221,2021-09-30 10:31:47,4450.0,2500.0,285900.0
1222,2021-09-30 10:31:44,4450.0,10000.0,283400.0
1223,2021-09-30 10:31:44,4450.0,500.0,273400.0
1224,2021-09-30 10:31:44,4450.0,200.0,272900.0
1225,2021-09-30 10:31:44,4450.0,2900.0,272700.0
1226,2021-09-30 10:25:35,4420.0,1300.0,269800.0
1227,2021-09-30 10:25:27,4420.0,1000.0,268500.0
1228,2021-09-30 10:24:02,4420.0,300.0,267500.0
1229,2021-09-30 10:23:46,4420.0,1000.0,267200.0
1230,2021-09-30 10:23:43,4420.0,400.0,266200.0
1231,2021-09-30 10:23:09,4420.0,1000.0,265800.0
1232,2021-09-30 10:23:09,4420.0,1000.0,264800.0
1233,2021-09-30 10:23:09,4420.0,4000.0,263800.0
1234,2021-09-30 10:21:07,4450.0,100.0,259800.0
1235,2021-09-30 10:17:05,4450.0,2000.0,259700.0
1236,2021-09-30 10:15:27,4460.0,100.0,257700.0
1237,2021-09-30 10:15:21,4460.0,100.0,257600.0
1238,2021-09-30 10:13:41,4460.0,100.0,257500.0
1239,2021-09-30 10:13:41,4460.0,200.0,257400.0
1240,2021-09-30 10:13:23,4460.0,500.0,257200.0
1241,2021-09-30 10:12:57,4460.0,1000.0,256700.0
1242,2021-09-30 10:12:20,4470.0,100.0,255700.0
1243,2021-09-30 10:12:09,4460.0,300.0,255600.0
1244,2021-09-30 10:12:09,4460.0,3600.0,255300.0
1245,2021-09-30 10:10:18,4460.0,600.0,251700.0
1246,2021-09-30 10:10:18,4460.0,1000.0,251100.0
1247,2021-09-30 10:06:39,4460.0,1000.0,250100.0
1248,2021-09-30 10:05:50,4460.0,1000.0,249100.0
1249,2021-09-30 10:05:22,4470.0,100.0,248100.0
1250,2021-09-30 10:04:56,4470.0,800.0,248000.0
1251,2021-09-30 10:04:56,4460.0,1000.0,247200.0
1252,2021-09-30 10:04:56,4460.0,200.0,246200.0
1253,2021-09-30 10:04:13,4460.0,400.0,246000.0
1254,2021-09-30 10:04:02,4460.0,500.0,245600.0
1255,2021-09-30 10:03:52,4460.0,300.0,245100.0
1256,2021-09-30 10:03:48,4480.0,3000.0,244800.0
1257,2021-09-30 10:03:48,4480.0,5000.0,241800.0
1258,2021-09-30 10:03:48,4480.0,1200.0,236800.0
1259,2021-09-30 10:03:48,4470.0,500.0,235600.0
1260,2021-09-30 10:03:48,4470.0,100.0,235100.0
1261,2021-09-30 10:03:31,4460.0,3500.0,235000.0
1262,2021-09-30 10:03:31,4460.0,200.0,231500.0
1263,2021-09-30 10:03:31,4460.0,5800.0,231300.0
1264,2021-09-30 10:03:31,4450.0,200.0,225500.0
1265,2021-09-30 10:03:31,4450.0,19100.0,225300.0
1266,2021-09-30 10:03:16,4420.0,7000.0,206200.0
1267,2021-09-30 10:02:15,4400.0,3200.0,199200.0
1268,2021-09-30 10:02:15,4400.0,100.0,196000.0
1269,2021-09-30 10:02:15,4400.0,1000.0,195900.0
1270,2021-09-30 10:02:06,4410.0,200.0,194900.0
1271,2021-09-30 10:01:24,4410.0,500.0,194700.0
1272,2021-09-30 10:01:24,4410.0,300.0,194200.0
1273,2021-09-30 10:01:24,4400.0,200.0,193900.0
1274,2021-09-30 10:01:11,4400.0,300.0,193700.0
1275,2021-09-30 10:01:11,4400.0,200.0,193400.0
1276,2021-09-30 10:01:11,4400.0,300.0,193200.0
1277,2021-09-30 10:01:06,4410.0,1000.0,192900.0
1278,2021-09-30 10:00:58,4410.0,900.0,191900.0
1279,2021-09-30 10:00:46,4410.0,200.0,191000.0
1280,2021-09-30 10:00:42,4410.0,200.0,190800.0
1281,2021-09-30 10:00:42,4410.0,200.0,190600.0
1282,2021-09-30 10:00:42,4410.0,100.0,190400.0
1283,2021-09-30 10:00:42,4410.0,1600.0,190300.0
1284,2021-09-30 10:00:27,4450.0,900.0,188700.0
1285,2021-09-30 10:00:27,4450.0,100.0,187800.0
1286,2021-09-30 09:59:12,4410.0,3400.0,187700.0
1287,2021-09-30 09:59:12,4410.0,100.0,184300.0
1288,2021-09-30 09:59:12,4410.0,200.0,184200.0
1289,2021-09-30 09:59:12,4410.0,1300.0,184000.0
1290,2021-09-30 09:58:09,4450.0,400.0,182700.0
1291,2021-09-30 09:58:09,4450.0,100.0,182300.0
1292,2021-09-30 09:58:09,4450.0,1800.0,182200.0
1293,2021-09-30 09:58:08,4410.0,8600.0,180400.0
1294,2021-09-30 09:58:08,4420.0,1600.0,171800.0
1295,2021-09-30 09:57:47,4450.0,500.0,170200.0
1296,2021-09-30 09:57:09,4450.0,200.0,169700.0
1297,2021-09-30 09:56:53,4410.0,100.0,169500.0
1298,2021-09-30 09:55:42,4410.0,1000.0,169400.0
1299,2021-09-30 09:55:26,4400.0,1700.0,168400.0
1300,2021-09-30 09:54:28,4400.0,100.0,166700.0
1301,2021-09-30 09:54:28,4400.0,200.0,166600.0
1302,2021-09-30 09:53:40,4400.0,800.0,166400.0
1303,2021-09-30 09:53:40,4400.0,200.0,165600.0
1304,2021-09-30 09:52:46,4400.0,800.0,165400.0
1305,2021-09-30 09:52:46,4400.0,200.0,164600.0
1306,2021-09-30 09:52:46,4400.0,1000.0,164400.0
1307,2021-09-30 09:52:16,4410.0,3400.0,163400.0
1308,2021-09-30 09:52:10,4430.0,700.0,160000.0
1309,2021-09-30 09:48:18,4440.0,100.0,159300.0
1310,2021-09-30 09:48:06,4440.0,400.0,159200.0
1311,2021-09-30 09:48:06,4440.0,500.0,158800.0
1312,2021-09-30 09:47:09,4440.0,500.0,158300.0
1313,2021-09-30 09:47:09,4440.0,1000.0,157800.0
1314,2021-09-30 09:47:09,4440.0,1500.0,156800.0
1315,2021-09-30 09:45:32,4450.0,500.0,155300.0
1316,2021-09-30 09:45:32,4450.0,1000.0,154800.0
1317,2021-09-30 09:45:32,4450.0,500.0,153800.0
1318,2021-09-30 09:43:59,4450.0,200.0,153300.0
1319,2021-09-30 09:43:39,4450.0,300.0,153100.0
1320,2021-09-30 09:43:24,4440.0,500.0,152800.0
1321,2021-09-30 09:41:47,4450.0,500.0,152300.0
1322,2021-09-30 09:41:23,4450.0,100.0,151800.0
1323,2021-09-30 09:41:23,4450.0,400.0,151700.0
1324,2021-09-30 09:41:15,4450.0,100.0,151300.0
1325,2021-09-30 09:40:30,4450.0,500.0,151200.0
1326,2021-09-30 09:40:06,4460.0,700.0,150700.0
1327,2021-09-30 09:39:46,4450.0,500.0,150000.0
1328,2021-09-30 09:39:46,4450.0,200.0,149500.0
1329,2021-09-30 09:39:46,4450.0,2300.0,149300.0
1330,2021-09-30 09:39:22,4450.0,200.0,147000.0
1331,2021-09-30 09:37:24,4450.0,1500.0,146800.0
1332,2021-09-30 09:37:24,4450.0,500.0,145300.0
1333,2021-09-30 09:36:06,4450.0,500.0,144800.0
1334,2021-09-30 09:35:56,4450.0,4500.0,144300.0
1335,2021-09-30 09:35:56,4450.0,900.0,139800.0
1336,2021-09-30 09:35:56,4450.0,600.0,138900.0
1337,2021-09-30 09:35:30,4450.0,8000.0,138300.0
1338,2021-09-30 09:34:34,4440.0,1300.0,130300.0
1339,2021-09-30 09:34:34,4440.0,400.0,129000.0
1340,2021-09-30 09:34:34,4440.0,200.0,128600.0
1341,2021-09-30 09:34:17,4400.0,200.0,128400.0
1342,2021-09-30 09:34:17,4400.0,800.0,128200.0
1343,2021-09-30 09:33:56,4400.0,200.0,127400.0
1344,2021-09-30 09:33:56,4400.0,1000.0,127200.0
1345,2021-09-30 09:33:56,4400.0,5000.0,126200.0
1346,2021-09-30 09:33:56,4400.0,700.0,121200.0
1347,2021-09-30 09:33:50,4400.0,300.0,120500.0
1348,2021-09-30 09:33:50,4400.0,100.0,120200.0
1349,2021-09-30 09:33:41,4440.0,800.0,120100.0
1350,2021-09-30 09:32:48,4440.0,200.0,119300.0
1351,2021-09-30 09:32:48,4450.0,100.0,119100.0
1352,2021-09-30 09:32:48,4450.0,1300.0,119000.0
1353,2021-09-30 09:32:00,4450.0,700.0,117700.0
1354,2021-09-30 09:31:52,4450.0,2500.0,117000.0
1355,2021-09-30 09:31:40,4450.0,100.0,114500.0
1356,2021-09-30 09:31:40,4450.0,1700.0,114400.0
1357,2021-09-30 09:31:37,4450.0,10000.0,112700.0
1358,2021-09-30 09:31:19,4450.0,3000.0,102700.0
1359,2021-09-30 09:30:59,4450.0,300.0,99700.0
1360,2021-09-30 09:30:59,4450.0,300.0,99400.0
1361,2021-09-30 09:30:59,4450.0,400.0,99100.0
1362,2021-09-30 09:30:04,4450.0,1000.0,98700.0
1363,2021-09-30 09:29:51,4450.0,600.0,97700.0
1364,2021-09-30 09:29:51,4450.0,1000.0,97100.0
1365,2021-09-30 09:29:51,4450.0,100.0,96100.0
1366,2021-09-30 09:29:51,4450.0,100.0,96000.0
1367,2021-09-30 09:29:51,4450.0,200.0,95900.0
1368,2021-09-30 09:29:23,4460.0,11000.0,95700.0
1369,2021-09-30 09:29:23,4460.0,200.0,84700.0
1370,2021-09-30 09:29:23,4460.0,1000.0,84500.0
1371,2021-09-30 09:29:23,4460.0,900.0,83500.0
1372,2021-09-30 09:29:05,4480.0,800.0,82600.0
1373,2021-09-30 09:28:42,4480.0,200.0,81800.0
1374,2021-09-30 09:24:16,4490.0,400.0,81600.0
1375,2021-09-30 09:24:02,4490.0,4100.0,81200.0
1376,2021-09-30 09:24:02,4490.0,900.0,77100.0
1377,2021-09-30 09:24:00,4490.0,100.0,76200.0
1378,2021-09-30 09:23:47,4460.0,100.0,76100.0
1379,2021-09-30 09:23:31,4460.0,4000.0,76000.0
1380,2021-09-30 09:21:44,4500.0,1800.0,72000.0
1381,2021-09-30 09:21:44,4490.0,5000.0,70200.0
1382,2021-09-30 09:21:44,4490.0,13200.0,65200.0
1383,2021-09-30 09:20:57,4490.0,5000.0,52000.0
1384,2021-09-30 09:19:59,4490.0,400.0,47000.0
1385,2021-09-30 09:19:51,4490.0,1000.0,46600.0
1386,2021-09-30 09:19:50,4450.0,4000.0,45600.0
1387,2021-09-30 09:19:26,4450.0,200.0,41600.0
1388,2021-09-30 09:18:06,4450.0,600.0,41400.0
1389,2021-09-30 09:17:52,4450.0,300.0,40800.0
1390,2021-09-30 09:17:52,4450.0,100.0,40500.0
1391,2021-09-30 09:17:43,4450.0,1000.0,40400.0
1392,2021-09-30 09:16:58,4490.0,200.0,39400.0
1393,2021-09-30 09:15:20,4490.0,500.0,39200.0
1394,2021-09-30 09:15:00,4490.0,19700.0,38700.0
1395,2021-09-30 09:15:00,4490.0,10000.0,19000.0
1396,2021-09-30 09:15:00,4490.0,300.0,9000.0
1397,2021-09-30 09:15:00,4490.0,1000.0,8700.0
1398,2021-09-30 09:15:00,4490.0,1700.0,7700.0
1399,2021-09-30 09:15:00,4490.0,800.0,6000.0
1400,2021-09-30 09:15:00,4490.0,1300.0,5200.0
1401,2021-09-30 09:15:00,4490.0,300.0,3900.0
1402,2021-09-30 09:15:00,4490.0,1400.0,3600.0
1403,2021-09-30 09:15:00,4490.0,1600.0,2200.0
1404,2021-09-30 09:15:00,4490.0,100.0,600.0
1405,2021-09-30 09:15:00,4490.0,300.0,500.0
1406,2021-09-30 09:15:00,4490.0,200.0,200.0
