,Time,Price,Volume_per_trade,Volume
0,2021-10-18 07:45:00,16200.0,1600.0,463700.0
1,2021-10-18 07:45:00,16200.0,2000.0,462100.0
2,2021-10-18 07:45:00,16200.0,100.0,460100.0
3,2021-10-18 07:45:00,16200.0,1300.0,460000.0
4,2021-10-18 07:45:00,16200.0,700.0,458700.0
5,2021-10-18 07:45:00,16200.0,100.0,458000.0
6,2021-10-18 07:45:00,16200.0,200.0,457900.0
7,2021-10-18 07:45:00,16200.0,200.0,457700.0
8,2021-10-18 07:45:00,16200.0,1000.0,457500.0
9,2021-10-18 07:45:00,16200.0,500.0,456500.0
10,2021-10-18 07:45:00,16200.0,100.0,456000.0
11,2021-10-18 07:45:00,16200.0,3200.0,455900.0
12,2021-10-18 07:45:00,16200.0,2500.0,452700.0
13,2021-10-18 07:45:00,16200.0,400.0,450200.0
14,2021-10-18 07:45:00,16200.0,5000.0,449800.0
15,2021-10-18 07:45:00,16200.0,500.0,444800.0
16,2021-10-18 07:45:00,16200.0,2500.0,444300.0
17,2021-10-18 07:45:00,16200.0,4000.0,441800.0
18,2021-10-18 07:45:00,16200.0,100.0,437800.0
19,2021-10-18 07:29:35,16300.0,2000.0,437700.0
20,2021-10-18 07:29:16,16200.0,500.0,435700.0
21,2021-10-18 07:28:37,16200.0,100.0,435200.0
22,2021-10-18 07:26:15,16200.0,300.0,435100.0
23,2021-10-18 07:26:06,16200.0,300.0,434800.0
24,2021-10-18 07:24:49,16200.0,200.0,434500.0
25,2021-10-18 07:24:06,16200.0,500.0,434300.0
26,2021-10-18 07:24:06,16200.0,200.0,433800.0
27,2021-10-18 07:24:06,16200.0,1000.0,433600.0
28,2021-10-18 07:24:06,16200.0,300.0,432600.0
29,2021-10-18 07:23:59,16200.0,700.0,432300.0
30,2021-10-18 07:23:59,16200.0,300.0,431600.0
31,2021-10-18 07:22:21,16200.0,1600.0,431300.0
32,2021-10-18 07:22:21,16200.0,1400.0,429700.0
33,2021-10-18 07:21:25,16200.0,500.0,428300.0
34,2021-10-18 07:21:01,16200.0,1100.0,427800.0
35,2021-10-18 07:20:47,16200.0,7700.0,426700.0
36,2021-10-18 07:20:47,16200.0,100.0,419000.0
37,2021-10-18 07:20:47,16200.0,500.0,418900.0
38,2021-10-18 07:20:47,16200.0,1000.0,418400.0
39,2021-10-18 07:20:47,16200.0,100.0,417400.0
40,2021-10-18 07:19:59,16250.0,100.0,417300.0
41,2021-10-18 07:19:42,16250.0,200.0,417200.0
42,2021-10-18 07:19:42,16250.0,300.0,417000.0
43,2021-10-18 07:18:51,16250.0,100.0,416700.0
44,2021-10-18 07:18:37,16250.0,300.0,416600.0
45,2021-10-18 07:16:29,16300.0,100.0,416300.0
46,2021-10-18 07:16:06,16300.0,100.0,416200.0
47,2021-10-18 07:15:01,16200.0,300.0,416100.0
48,2021-10-18 07:15:01,16200.0,1000.0,415800.0
49,2021-10-18 07:15:01,16200.0,100.0,414800.0
50,2021-10-18 07:15:01,16200.0,300.0,414700.0
51,2021-10-18 07:15:01,16200.0,300.0,414400.0
52,2021-10-18 07:14:00,16200.0,100.0,414100.0
53,2021-10-18 07:12:15,16200.0,200.0,414000.0
54,2021-10-18 07:11:01,16200.0,200.0,413800.0
55,2021-10-18 07:10:10,16200.0,100.0,413600.0
56,2021-10-18 07:09:50,16200.0,1100.0,413500.0
57,2021-10-18 07:07:13,16200.0,100.0,412400.0
58,2021-10-18 07:07:13,16200.0,900.0,412300.0
59,2021-10-18 07:06:59,16200.0,600.0,411400.0
60,2021-10-18 07:06:59,16200.0,1000.0,410800.0
61,2021-10-18 07:06:59,16200.0,1500.0,409800.0
62,2021-10-18 07:06:59,16200.0,600.0,408300.0
63,2021-10-18 07:06:59,16200.0,200.0,407700.0
64,2021-10-18 07:06:59,16200.0,100.0,407500.0
65,2021-10-18 07:03:21,16150.0,900.0,407400.0
66,2021-10-18 07:03:08,16150.0,100.0,406500.0
67,2021-10-18 07:03:05,16150.0,3100.0,406400.0
68,2021-10-18 07:03:05,16150.0,100.0,403300.0
69,2021-10-18 07:03:05,16150.0,2000.0,403200.0
70,2021-10-18 07:03:05,16150.0,100.0,401200.0
71,2021-10-18 07:03:05,16150.0,200.0,401100.0
72,2021-10-18 07:03:05,16150.0,1000.0,400900.0
73,2021-10-18 07:03:05,16150.0,1000.0,399900.0
74,2021-10-18 07:03:05,16150.0,100.0,398900.0
75,2021-10-18 07:02:29,16200.0,5000.0,398800.0
76,2021-10-18 07:02:22,16200.0,5000.0,393800.0
77,2021-10-18 07:02:08,16200.0,700.0,388800.0
78,2021-10-18 07:02:08,16200.0,900.0,388100.0
79,2021-10-18 07:02:08,16200.0,2000.0,387200.0
80,2021-10-18 07:02:08,16200.0,200.0,385200.0
81,2021-10-18 07:02:08,16200.0,1000.0,385000.0
82,2021-10-18 07:02:08,16200.0,900.0,384000.0
83,2021-10-18 07:02:08,16200.0,100.0,383100.0
84,2021-10-18 07:02:08,16200.0,100.0,383000.0
85,2021-10-18 07:02:08,16200.0,500.0,382900.0
86,2021-10-18 07:01:22,16200.0,100.0,382400.0
87,2021-10-18 07:00:52,16200.0,400.0,382300.0
88,2021-10-18 07:00:52,16200.0,400.0,381900.0
89,2021-10-18 07:00:52,16200.0,100.0,381500.0
90,2021-10-18 07:00:52,16200.0,1000.0,381400.0
91,2021-10-18 07:00:52,16200.0,100.0,380400.0
92,2021-10-18 07:00:52,16200.0,1000.0,380300.0
93,2021-10-18 07:00:52,16200.0,1000.0,379300.0
94,2021-10-18 07:00:52,16200.0,100.0,378300.0
95,2021-10-18 07:00:52,16200.0,100.0,378200.0
96,2021-10-18 07:00:52,16200.0,100.0,378100.0
97,2021-10-18 07:00:52,16200.0,1300.0,378000.0
98,2021-10-18 07:00:52,16250.0,400.0,376700.0
99,2021-10-18 07:00:36,16200.0,300.0,376300.0
100,2021-10-18 07:00:36,16250.0,600.0,376000.0
101,2021-10-18 07:00:20,16250.0,300.0,375400.0
102,2021-10-18 07:00:13,16200.0,400.0,375100.0
103,2021-10-18 06:59:44,16250.0,1000.0,374700.0
104,2021-10-18 06:59:44,16250.0,100.0,373700.0
105,2021-10-18 06:59:42,16300.0,1000.0,373600.0
106,2021-10-18 06:59:00,16300.0,1200.0,372600.0
107,2021-10-18 06:59:00,16300.0,1200.0,371400.0
108,2021-10-18 06:59:00,16300.0,1000.0,370200.0
109,2021-10-18 06:59:00,16300.0,200.0,369200.0
110,2021-10-18 06:59:00,16300.0,2000.0,369000.0
111,2021-10-18 06:59:00,16300.0,100.0,367000.0
112,2021-10-18 06:59:00,16300.0,5000.0,366900.0
113,2021-10-18 06:59:00,16300.0,500.0,361900.0
114,2021-10-18 06:59:00,16300.0,300.0,361400.0
115,2021-10-18 06:59:00,16300.0,100.0,361100.0
116,2021-10-18 06:59:00,16300.0,500.0,361000.0
117,2021-10-18 06:59:00,16300.0,1000.0,360500.0
118,2021-10-18 06:59:00,16300.0,200.0,359500.0
119,2021-10-18 06:59:00,16300.0,200.0,359300.0
120,2021-10-18 06:59:00,16300.0,500.0,359100.0
121,2021-10-18 06:58:48,16300.0,100.0,358600.0
122,2021-10-18 06:58:48,16300.0,100.0,358500.0
123,2021-10-18 06:58:15,16350.0,1000.0,358400.0
124,2021-10-18 06:58:15,16350.0,100.0,357400.0
125,2021-10-18 06:58:15,16350.0,500.0,357300.0
126,2021-10-18 06:58:15,16350.0,100.0,356800.0
127,2021-10-18 06:58:15,16350.0,5900.0,356700.0
128,2021-10-18 06:56:48,16350.0,4100.0,350800.0
129,2021-10-18 06:56:48,16350.0,100.0,346700.0
130,2021-10-18 06:56:48,16350.0,300.0,346600.0
131,2021-10-18 06:56:48,16350.0,100.0,346300.0
132,2021-10-18 06:56:48,16400.0,400.0,346200.0
133,2021-10-18 06:56:46,16400.0,200.0,345800.0
134,2021-10-18 06:56:22,16400.0,400.0,345600.0
135,2021-10-18 06:56:22,16400.0,700.0,345200.0
136,2021-10-18 06:56:22,16400.0,900.0,344500.0
137,2021-10-18 06:53:22,16400.0,100.0,343600.0
138,2021-10-18 06:53:22,16400.0,2000.0,343500.0
139,2021-10-18 06:53:22,16400.0,1900.0,341500.0
140,2021-10-18 06:51:53,16400.0,1100.0,339600.0
141,2021-10-18 06:51:53,16400.0,1000.0,338500.0
142,2021-10-18 06:51:53,16400.0,500.0,337500.0
143,2021-10-18 06:51:53,16400.0,400.0,337000.0
144,2021-10-18 06:50:17,16450.0,2000.0,336600.0
145,2021-10-18 06:46:16,16450.0,100.0,334600.0
146,2021-10-18 06:44:08,16400.0,100.0,334500.0
147,2021-10-18 06:44:08,16400.0,200.0,334400.0
148,2021-10-18 06:44:08,16400.0,1000.0,334200.0
149,2021-10-18 06:44:08,16400.0,100.0,333200.0
150,2021-10-18 06:44:08,16400.0,500.0,333100.0
151,2021-10-18 06:44:00,16450.0,500.0,332600.0
152,2021-10-18 06:43:13,16400.0,1500.0,332100.0
153,2021-10-18 06:42:18,16400.0,2300.0,330600.0
154,2021-10-18 06:42:18,16400.0,200.0,328300.0
155,2021-10-18 06:42:18,16400.0,1000.0,328100.0
156,2021-10-18 06:42:18,16400.0,500.0,327100.0
157,2021-10-18 06:42:18,16400.0,100.0,326600.0
158,2021-10-18 06:42:18,16400.0,300.0,326500.0
159,2021-10-18 06:42:18,16400.0,100.0,326200.0
160,2021-10-18 06:42:18,16450.0,500.0,326100.0
161,2021-10-18 06:40:34,16400.0,200.0,325600.0
162,2021-10-18 06:40:34,16450.0,500.0,325400.0
163,2021-10-18 06:40:34,16450.0,1000.0,324900.0
164,2021-10-18 06:40:34,16450.0,100.0,323900.0
165,2021-10-18 06:40:34,16450.0,1000.0,323800.0
166,2021-10-18 06:40:34,16450.0,200.0,322800.0
167,2021-10-18 06:40:34,16450.0,500.0,322600.0
168,2021-10-18 06:40:34,16450.0,3100.0,322100.0
169,2021-10-18 06:40:34,16450.0,200.0,319000.0
170,2021-10-18 06:40:34,16450.0,1000.0,318800.0
171,2021-10-18 06:40:34,16450.0,500.0,317800.0
172,2021-10-18 06:40:34,16450.0,1900.0,317300.0
173,2021-10-18 06:37:16,16450.0,100.0,315400.0
174,2021-10-18 06:36:51,16450.0,100.0,315300.0
175,2021-10-18 06:35:32,16500.0,200.0,315200.0
176,2021-10-18 06:35:22,16500.0,1000.0,315000.0
177,2021-10-18 06:35:22,16500.0,200.0,314000.0
178,2021-10-18 06:35:22,16500.0,1000.0,313800.0
179,2021-10-18 06:34:59,16500.0,100.0,312800.0
180,2021-10-18 06:34:14,16500.0,100.0,312700.0
181,2021-10-18 06:34:14,16500.0,100.0,312600.0
182,2021-10-18 06:28:54,16450.0,2800.0,312500.0
183,2021-10-18 06:28:31,16450.0,100.0,309700.0
184,2021-10-18 06:28:31,16450.0,400.0,309600.0
185,2021-10-18 06:23:51,16450.0,100.0,309200.0
186,2021-10-18 06:23:10,16500.0,300.0,309100.0
187,2021-10-18 06:23:10,16500.0,100.0,308800.0
188,2021-10-18 06:23:10,16500.0,1500.0,308700.0
189,2021-10-18 06:22:12,16500.0,100.0,307200.0
190,2021-10-18 06:21:51,16500.0,200.0,307100.0
191,2021-10-18 06:17:30,16550.0,100.0,306900.0
192,2021-10-18 06:16:43,16550.0,100.0,306800.0
193,2021-10-18 06:14:54,16500.0,200.0,306700.0
194,2021-10-18 06:14:41,16500.0,2000.0,306500.0
195,2021-10-18 06:14:41,16500.0,500.0,304500.0
196,2021-10-18 06:13:56,16500.0,500.0,304000.0
197,2021-10-18 06:12:08,16550.0,1900.0,303500.0
198,2021-10-18 06:11:41,16550.0,100.0,301600.0
199,2021-10-18 06:11:35,16550.0,200.0,301500.0
200,2021-10-18 06:11:24,16550.0,800.0,301300.0
201,2021-10-18 06:10:27,16550.0,100.0,300500.0
202,2021-10-18 06:10:26,16550.0,100.0,300400.0
203,2021-10-18 06:10:26,16550.0,300.0,300300.0
204,2021-10-18 06:10:26,16550.0,300.0,300000.0
205,2021-10-18 06:09:43,16550.0,2000.0,299700.0
206,2021-10-18 06:09:11,16550.0,2000.0,297700.0
207,2021-10-18 06:06:16,16550.0,1500.0,295700.0
208,2021-10-18 06:06:16,16550.0,2000.0,294200.0
209,2021-10-18 06:06:16,16550.0,500.0,292200.0
210,2021-10-18 06:06:16,16550.0,100.0,291700.0
211,2021-10-18 06:06:16,16550.0,100.0,291600.0
212,2021-10-18 06:06:16,16550.0,1500.0,291500.0
213,2021-10-18 06:06:04,16600.0,800.0,290000.0
214,2021-10-18 06:05:41,16550.0,500.0,289200.0
215,2021-10-18 06:05:41,16550.0,100.0,288700.0
216,2021-10-18 06:05:41,16550.0,300.0,288600.0
217,2021-10-18 06:05:26,16550.0,300.0,288300.0
218,2021-10-18 06:04:58,16550.0,800.0,288000.0
219,2021-10-18 06:02:53,16550.0,1000.0,287200.0
220,2021-10-18 06:00:02,16550.0,500.0,286200.0
221,2021-10-18 06:00:02,16550.0,100.0,285700.0
222,2021-10-18 06:00:01,16550.0,100.0,285600.0
223,2021-10-18 04:29:42,16550.0,1000.0,285500.0
224,2021-10-18 04:28:43,16550.0,200.0,284500.0
225,2021-10-18 04:27:51,16550.0,800.0,284300.0
226,2021-10-18 04:27:51,16550.0,900.0,283500.0
227,2021-10-18 04:27:51,16550.0,300.0,282600.0
228,2021-10-18 04:27:45,16550.0,5000.0,282300.0
229,2021-10-18 04:26:33,16550.0,500.0,277300.0
230,2021-10-18 04:26:33,16550.0,100.0,276800.0
231,2021-10-18 04:26:33,16550.0,100.0,276700.0
232,2021-10-18 04:26:33,16550.0,1000.0,276600.0
233,2021-10-18 04:26:33,16550.0,500.0,275600.0
234,2021-10-18 04:26:33,16550.0,1000.0,275100.0
235,2021-10-18 04:26:33,16550.0,1500.0,274100.0
236,2021-10-18 04:24:54,16550.0,100.0,272600.0
237,2021-10-18 04:23:47,16550.0,200.0,272500.0
238,2021-10-18 04:22:37,16550.0,4800.0,272300.0
239,2021-10-18 04:22:37,16550.0,100.0,267500.0
240,2021-10-18 04:22:37,16550.0,400.0,267400.0
241,2021-10-18 04:22:37,16550.0,1000.0,267000.0
242,2021-10-18 04:22:37,16550.0,1700.0,266000.0
243,2021-10-18 04:22:29,16500.0,5000.0,264300.0
244,2021-10-18 04:22:10,16500.0,100.0,259300.0
245,2021-10-18 04:22:00,16500.0,1800.0,259200.0
246,2021-10-18 04:20:39,16550.0,100.0,257400.0
247,2021-10-18 04:20:10,16500.0,500.0,257300.0
248,2021-10-18 04:19:49,16500.0,100.0,256800.0
249,2021-10-18 04:19:49,16500.0,100.0,256700.0
250,2021-10-18 04:19:24,16500.0,800.0,256600.0
251,2021-10-18 04:19:24,16500.0,1000.0,255800.0
252,2021-10-18 04:19:24,16500.0,2700.0,254800.0
253,2021-10-18 04:19:15,16500.0,1900.0,252100.0
254,2021-10-18 04:19:15,16500.0,2000.0,250200.0
255,2021-10-18 04:19:15,16500.0,1000.0,248200.0
256,2021-10-18 04:19:15,16500.0,1100.0,247200.0
257,2021-10-18 04:17:44,16500.0,2000.0,246100.0
258,2021-10-18 04:16:46,16500.0,100.0,244100.0
259,2021-10-18 04:16:46,16500.0,400.0,244000.0
260,2021-10-18 04:15:40,16400.0,500.0,243600.0
261,2021-10-18 04:15:29,16400.0,200.0,243100.0
262,2021-10-18 04:14:49,16400.0,1000.0,242900.0
263,2021-10-18 04:14:49,16400.0,500.0,241900.0
264,2021-10-18 04:14:49,16400.0,3800.0,241400.0
265,2021-10-18 04:12:36,16500.0,100.0,237600.0
266,2021-10-18 04:12:36,16500.0,200.0,237500.0
267,2021-10-18 04:12:03,16500.0,200.0,237300.0
268,2021-10-18 04:12:03,16500.0,200.0,237100.0
269,2021-10-18 04:10:56,16500.0,200.0,236900.0
270,2021-10-18 04:10:23,16500.0,500.0,236700.0
271,2021-10-18 04:09:15,16500.0,100.0,236200.0
272,2021-10-18 04:05:14,16400.0,1200.0,236100.0
273,2021-10-18 04:04:09,16400.0,300.0,234900.0
274,2021-10-18 04:03:13,16400.0,1000.0,234600.0
275,2021-10-18 04:03:06,16400.0,3000.0,233600.0
276,2021-10-18 04:03:06,16400.0,200.0,230600.0
277,2021-10-18 04:03:06,16400.0,800.0,230400.0
278,2021-10-18 04:01:55,16400.0,200.0,229600.0
279,2021-10-18 04:01:55,16400.0,2800.0,229400.0
280,2021-10-18 04:01:01,16400.0,900.0,226600.0
281,2021-10-18 03:59:04,16400.0,1000.0,225700.0
282,2021-10-18 03:56:17,16400.0,400.0,224700.0
283,2021-10-18 03:55:39,16400.0,2000.0,224300.0
284,2021-10-18 03:55:37,16450.0,100.0,222300.0
285,2021-10-18 03:55:12,16400.0,100.0,222200.0
286,2021-10-18 03:54:13,16400.0,200.0,222100.0
287,2021-10-18 03:54:13,16400.0,100.0,221900.0
288,2021-10-18 03:54:13,16400.0,100.0,221800.0
289,2021-10-18 03:54:13,16400.0,200.0,221700.0
290,2021-10-18 03:54:13,16400.0,1000.0,221500.0
291,2021-10-18 03:54:13,16400.0,200.0,220500.0
292,2021-10-18 03:54:13,16400.0,200.0,220300.0
293,2021-10-18 03:54:13,16400.0,100.0,220100.0
294,2021-10-18 03:54:13,16400.0,500.0,220000.0
295,2021-10-18 03:54:13,16400.0,500.0,219500.0
296,2021-10-18 03:54:13,16400.0,200.0,219000.0
297,2021-10-18 03:54:13,16400.0,1000.0,218800.0
298,2021-10-18 03:54:13,16400.0,700.0,217800.0
299,2021-10-18 03:50:44,16500.0,500.0,217100.0
300,2021-10-18 03:50:44,16500.0,1500.0,216600.0
301,2021-10-18 03:49:39,16500.0,100.0,215100.0
302,2021-10-18 03:49:21,16500.0,100.0,215000.0
303,2021-10-18 03:45:53,16500.0,100.0,214900.0
304,2021-10-18 03:45:53,16500.0,1500.0,214800.0
305,2021-10-18 03:45:53,16500.0,200.0,213300.0
306,2021-10-18 03:45:53,16500.0,500.0,213100.0
307,2021-10-18 03:45:53,16500.0,200.0,212600.0
308,2021-10-18 03:44:35,16450.0,200.0,212400.0
309,2021-10-18 03:41:25,16450.0,100.0,212200.0
310,2021-10-18 03:38:45,16500.0,100.0,212100.0
311,2021-10-18 03:37:52,16500.0,200.0,212000.0
312,2021-10-18 03:37:34,16500.0,300.0,211800.0
313,2021-10-18 03:37:34,16500.0,100.0,211500.0
314,2021-10-18 03:37:34,16500.0,1600.0,211400.0
315,2021-10-18 03:37:12,16500.0,2000.0,209800.0
316,2021-10-18 03:35:55,16550.0,100.0,207800.0
317,2021-10-18 03:35:55,16550.0,100.0,207700.0
318,2021-10-18 03:35:55,16550.0,800.0,207600.0
319,2021-10-18 03:35:25,16550.0,200.0,206800.0
320,2021-10-18 03:35:25,16550.0,1000.0,206600.0
321,2021-10-18 03:35:25,16550.0,500.0,205600.0
322,2021-10-18 03:35:25,16550.0,1000.0,205100.0
323,2021-10-18 03:35:25,16550.0,2700.0,204100.0
324,2021-10-18 03:34:42,16550.0,3000.0,201400.0
325,2021-10-18 03:34:12,16550.0,800.0,198400.0
326,2021-10-18 03:34:12,16550.0,300.0,197600.0
327,2021-10-18 03:34:12,16550.0,1000.0,197300.0
328,2021-10-18 03:34:12,16550.0,500.0,196300.0
329,2021-10-18 03:34:12,16550.0,100.0,195800.0
330,2021-10-18 03:34:12,16550.0,200.0,195700.0
331,2021-10-18 03:34:12,16550.0,1700.0,195500.0
332,2021-10-18 03:34:12,16550.0,100.0,193800.0
333,2021-10-18 03:34:12,16550.0,300.0,193700.0
334,2021-10-18 03:33:17,16550.0,1600.0,193400.0
335,2021-10-18 03:31:34,16550.0,100.0,191800.0
336,2021-10-18 03:31:10,16500.0,600.0,191700.0
337,2021-10-18 03:31:02,16500.0,1400.0,191100.0
338,2021-10-18 03:31:02,16500.0,1600.0,189700.0
339,2021-10-18 03:30:22,16500.0,3400.0,188100.0
340,2021-10-18 03:30:06,16500.0,1600.0,184700.0
341,2021-10-18 03:30:06,16500.0,900.0,183100.0
342,2021-10-18 03:29:33,16500.0,100.0,182200.0
343,2021-10-18 03:29:33,16500.0,100.0,182100.0
344,2021-10-18 03:29:33,16500.0,100.0,182000.0
345,2021-10-18 03:29:19,16500.0,100.0,181900.0
346,2021-10-18 03:29:04,16500.0,700.0,181800.0
347,2021-10-18 03:26:35,16500.0,100.0,181100.0
348,2021-10-18 03:26:23,16500.0,3000.0,181000.0
349,2021-10-18 03:26:13,16500.0,100.0,178000.0
350,2021-10-18 03:26:09,16400.0,200.0,177900.0
351,2021-10-18 03:26:07,16500.0,800.0,177700.0
352,2021-10-18 03:25:59,16500.0,500.0,176900.0
353,2021-10-18 03:25:59,16500.0,500.0,176400.0
354,2021-10-18 03:25:59,16500.0,500.0,175900.0
355,2021-10-18 03:25:59,16500.0,500.0,175400.0
356,2021-10-18 03:25:59,16500.0,500.0,174900.0
357,2021-10-18 03:25:57,16550.0,3000.0,174400.0
358,2021-10-18 03:25:52,16550.0,4900.0,171400.0
359,2021-10-18 03:25:52,16550.0,5100.0,166500.0
360,2021-10-18 03:25:34,16500.0,500.0,161400.0
361,2021-10-18 03:25:33,16500.0,4500.0,160900.0
362,2021-10-18 03:25:33,16500.0,100.0,156400.0
363,2021-10-18 03:25:33,16500.0,300.0,156300.0
364,2021-10-18 03:25:33,16500.0,500.0,156000.0
365,2021-10-18 03:25:33,16500.0,100.0,155500.0
366,2021-10-18 03:25:33,16500.0,200.0,155400.0
367,2021-10-18 03:25:33,16500.0,500.0,155200.0
368,2021-10-18 03:25:33,16500.0,100.0,154700.0
369,2021-10-18 03:25:33,16500.0,300.0,154600.0
370,2021-10-18 03:25:33,16500.0,500.0,154300.0
371,2021-10-18 03:25:33,16500.0,2900.0,153800.0
372,2021-10-18 03:25:29,16500.0,4000.0,150900.0
373,2021-10-18 03:25:26,16500.0,500.0,146900.0
374,2021-10-18 03:25:23,16500.0,300.0,146400.0
375,2021-10-18 03:25:21,16500.0,300.0,146100.0
376,2021-10-18 03:25:21,16500.0,200.0,145800.0
377,2021-10-18 03:25:18,16500.0,500.0,145600.0
378,2021-10-18 03:25:17,16500.0,1300.0,145100.0
379,2021-10-18 03:25:17,16500.0,500.0,143800.0
380,2021-10-18 03:25:17,16500.0,3200.0,143300.0
381,2021-10-18 03:25:15,16500.0,500.0,140100.0
382,2021-10-18 03:25:12,16500.0,500.0,139600.0
383,2021-10-18 03:25:03,16500.0,500.0,139100.0
384,2021-10-18 03:25:00,16500.0,300.0,138600.0
385,2021-10-18 03:25:00,16450.0,100.0,138300.0
386,2021-10-18 03:25:00,16450.0,100.0,138200.0
387,2021-10-18 03:24:51,16450.0,200.0,138100.0
388,2021-10-18 03:24:49,16450.0,200.0,137900.0
389,2021-10-18 03:24:48,16450.0,200.0,137700.0
390,2021-10-18 03:24:45,16450.0,200.0,137500.0
391,2021-10-18 03:24:38,16450.0,100.0,137300.0
392,2021-10-18 03:24:38,16450.0,100.0,137200.0
393,2021-10-18 03:24:37,16400.0,100.0,137100.0
394,2021-10-18 03:24:35,16450.0,100.0,137000.0
395,2021-10-18 03:24:35,16450.0,100.0,136900.0
396,2021-10-18 03:24:32,16450.0,200.0,136800.0
397,2021-10-18 03:24:18,16450.0,100.0,136600.0
398,2021-10-18 03:24:07,16450.0,200.0,136500.0
399,2021-10-18 03:23:46,16450.0,600.0,136300.0
400,2021-10-18 03:21:41,16450.0,1000.0,135700.0
401,2021-10-18 03:20:58,16450.0,300.0,134700.0
402,2021-10-18 03:20:58,16450.0,300.0,134400.0
403,2021-10-18 03:20:32,16450.0,200.0,134100.0
404,2021-10-18 03:19:44,16450.0,200.0,133900.0
405,2021-10-18 03:19:44,16450.0,500.0,133700.0
406,2021-10-18 03:19:44,16450.0,400.0,133200.0
407,2021-10-18 03:19:44,16450.0,5000.0,132800.0
408,2021-10-18 03:19:44,16450.0,300.0,127800.0
409,2021-10-18 03:19:44,16450.0,3400.0,127500.0
410,2021-10-18 03:19:05,16450.0,500.0,124100.0
411,2021-10-18 03:16:11,16500.0,200.0,123600.0
412,2021-10-18 03:14:45,16500.0,1000.0,123400.0
413,2021-10-18 03:14:38,16500.0,1000.0,122400.0
414,2021-10-18 03:12:34,16500.0,100.0,121400.0
415,2021-10-18 03:11:22,16500.0,100.0,121300.0
416,2021-10-18 03:11:18,16500.0,500.0,121200.0
417,2021-10-18 03:11:11,16500.0,200.0,120700.0
418,2021-10-18 03:10:48,16450.0,100.0,120500.0
419,2021-10-18 03:09:36,16450.0,100.0,120400.0
420,2021-10-18 03:05:46,16450.0,500.0,120300.0
421,2021-10-18 03:05:00,16450.0,400.0,119800.0
422,2021-10-18 03:05:00,16450.0,200.0,119400.0
423,2021-10-18 03:04:26,16450.0,800.0,119200.0
424,2021-10-18 03:04:23,16450.0,700.0,118400.0
425,2021-10-18 03:04:23,16450.0,300.0,117700.0
426,2021-10-18 03:04:16,16400.0,400.0,117400.0
427,2021-10-18 03:04:13,16450.0,1000.0,117000.0
428,2021-10-18 03:04:05,16450.0,500.0,116000.0
429,2021-10-18 03:04:02,16450.0,500.0,115500.0
430,2021-10-18 03:03:50,16450.0,500.0,115000.0
431,2021-10-18 03:03:42,16450.0,2000.0,114500.0
432,2021-10-18 03:03:42,16450.0,500.0,112500.0
433,2021-10-18 03:03:32,16450.0,500.0,112000.0
434,2021-10-18 03:03:29,16450.0,500.0,111500.0
435,2021-10-18 03:03:05,16400.0,100.0,111000.0
436,2021-10-18 03:01:43,16400.0,200.0,110900.0
437,2021-10-18 03:01:21,16400.0,300.0,110700.0
438,2021-10-18 03:01:21,16400.0,400.0,110400.0
439,2021-10-18 03:01:21,16400.0,100.0,110000.0
440,2021-10-18 03:01:21,16400.0,200.0,109900.0
441,2021-10-18 02:59:05,16450.0,100.0,109700.0
442,2021-10-18 02:58:57,16450.0,5500.0,109600.0
443,2021-10-18 02:58:51,16400.0,4000.0,104100.0
444,2021-10-18 02:57:56,16450.0,1000.0,100100.0
445,2021-10-18 02:57:25,16450.0,2000.0,99100.0
446,2021-10-18 02:56:06,16450.0,500.0,97100.0
447,2021-10-18 02:56:06,16450.0,200.0,96600.0
448,2021-10-18 02:56:06,16450.0,100.0,96400.0
449,2021-10-18 02:50:55,16500.0,1900.0,96300.0
450,2021-10-18 02:50:29,16500.0,1100.0,94400.0
451,2021-10-18 02:50:08,16500.0,400.0,93300.0
452,2021-10-18 02:50:08,16500.0,100.0,92900.0
453,2021-10-18 02:47:35,16500.0,900.0,92800.0
454,2021-10-18 02:47:35,16500.0,100.0,91900.0
455,2021-10-18 02:46:48,16500.0,200.0,91800.0
456,2021-10-18 02:46:45,16500.0,100.0,91600.0
457,2021-10-18 02:46:45,16500.0,100.0,91500.0
458,2021-10-18 02:46:36,16500.0,100.0,91400.0
459,2021-10-18 02:46:36,16500.0,400.0,91300.0
460,2021-10-18 02:46:25,16500.0,500.0,90900.0
461,2021-10-18 02:46:22,16500.0,200.0,90400.0
462,2021-10-18 02:46:22,16500.0,300.0,90200.0
463,2021-10-18 02:46:17,16500.0,100.0,89900.0
464,2021-10-18 02:46:17,16500.0,100.0,89800.0
465,2021-10-18 02:46:14,16500.0,100.0,89700.0
466,2021-10-18 02:46:14,16500.0,100.0,89600.0
467,2021-10-18 02:46:02,16500.0,100.0,89500.0
468,2021-10-18 02:46:02,16500.0,100.0,89400.0
469,2021-10-18 02:45:58,16500.0,200.0,89300.0
470,2021-10-18 02:45:48,16450.0,400.0,89100.0
471,2021-10-18 02:45:36,16400.0,500.0,88700.0
472,2021-10-18 02:45:34,16450.0,1600.0,88200.0
473,2021-10-18 02:45:11,16400.0,300.0,86600.0
474,2021-10-18 02:42:15,16400.0,900.0,86300.0
475,2021-10-18 02:42:15,16450.0,100.0,85400.0
476,2021-10-18 02:41:43,16500.0,100.0,85300.0
477,2021-10-18 02:39:21,16500.0,100.0,85200.0
478,2021-10-18 02:39:15,16500.0,900.0,85100.0
479,2021-10-18 02:38:46,16500.0,100.0,84200.0
480,2021-10-18 02:38:46,16500.0,100.0,84100.0
481,2021-10-18 02:38:46,16500.0,900.0,84000.0
482,2021-10-18 02:38:09,16500.0,100.0,83100.0
483,2021-10-18 02:37:58,16550.0,700.0,83000.0
484,2021-10-18 02:36:49,16550.0,300.0,82300.0
485,2021-10-18 02:36:41,16550.0,7900.0,82000.0
486,2021-10-18 02:36:20,16600.0,100.0,74100.0
487,2021-10-18 02:36:20,16600.0,400.0,74000.0
488,2021-10-18 02:36:19,16550.0,500.0,73600.0
489,2021-10-18 02:35:55,16550.0,1600.0,73100.0
490,2021-10-18 02:35:55,16550.0,400.0,71500.0
491,2021-10-18 02:35:52,16550.0,200.0,71100.0
492,2021-10-18 02:35:12,16550.0,1500.0,70900.0
493,2021-10-18 02:34:59,16550.0,2100.0,69400.0
494,2021-10-18 02:34:59,16550.0,2000.0,67300.0
495,2021-10-18 02:34:59,16550.0,900.0,65300.0
496,2021-10-18 02:34:58,16550.0,200.0,64400.0
497,2021-10-18 02:34:34,16550.0,200.0,64200.0
498,2021-10-18 02:34:34,16550.0,100.0,64000.0
499,2021-10-18 02:34:29,16550.0,500.0,63900.0
500,2021-10-18 02:34:14,16550.0,200.0,63400.0
501,2021-10-18 02:33:48,16550.0,200.0,63200.0
502,2021-10-18 02:33:45,16550.0,1000.0,63000.0
503,2021-10-18 02:33:15,16550.0,200.0,62000.0
504,2021-10-18 02:32:49,16550.0,300.0,61800.0
505,2021-10-18 02:31:06,16550.0,300.0,61500.0
506,2021-10-18 02:30:32,16550.0,900.0,61200.0
507,2021-10-18 02:30:32,16550.0,500.0,60300.0
508,2021-10-18 02:30:32,16550.0,3000.0,59800.0
509,2021-10-18 02:30:32,16550.0,1500.0,56800.0
510,2021-10-18 02:29:44,16500.0,800.0,55300.0
511,2021-10-18 02:29:35,16500.0,200.0,54500.0
512,2021-10-18 02:29:18,16500.0,1000.0,54300.0
513,2021-10-18 02:29:18,16500.0,500.0,53300.0
514,2021-10-18 02:29:18,16500.0,1000.0,52800.0
515,2021-10-18 02:29:18,16500.0,1000.0,51800.0
516,2021-10-18 02:29:18,16500.0,500.0,50800.0
517,2021-10-18 02:29:18,16500.0,2000.0,50300.0
518,2021-10-18 02:29:18,16500.0,1000.0,48300.0
519,2021-10-18 02:29:18,16500.0,100.0,47300.0
520,2021-10-18 02:29:18,16500.0,100.0,47200.0
521,2021-10-18 02:29:18,16500.0,800.0,47100.0
522,2021-10-18 02:29:18,16500.0,2000.0,46300.0
523,2021-10-18 02:27:51,16500.0,1000.0,44300.0
524,2021-10-18 02:26:58,16400.0,1000.0,43300.0
525,2021-10-18 02:25:40,16400.0,600.0,42300.0
526,2021-10-18 02:25:16,16400.0,500.0,41700.0
527,2021-10-18 02:25:01,16400.0,200.0,41200.0
528,2021-10-18 02:24:48,16400.0,1000.0,41000.0
529,2021-10-18 02:24:33,16500.0,500.0,40000.0
530,2021-10-18 02:24:09,16400.0,100.0,39500.0
531,2021-10-18 02:23:58,16500.0,500.0,39400.0
532,2021-10-18 02:23:58,16500.0,100.0,38900.0
533,2021-10-18 02:23:58,16450.0,300.0,38800.0
534,2021-10-18 02:23:58,16450.0,700.0,38500.0
535,2021-10-18 02:23:58,16450.0,400.0,37800.0
536,2021-10-18 02:23:55,16450.0,1600.0,37400.0
537,2021-10-18 02:23:55,16450.0,400.0,35800.0
538,2021-10-18 02:21:46,16400.0,900.0,35400.0
539,2021-10-18 02:21:46,16400.0,100.0,34500.0
540,2021-10-18 02:21:08,16400.0,1500.0,34400.0
541,2021-10-18 02:21:08,16400.0,100.0,32900.0
542,2021-10-18 02:20:49,16400.0,100.0,32800.0
543,2021-10-18 02:20:49,16400.0,500.0,32700.0
544,2021-10-18 02:20:49,16400.0,200.0,32200.0
545,2021-10-18 02:20:49,16400.0,9200.0,32000.0
546,2021-10-18 02:20:30,16400.0,800.0,22800.0
547,2021-10-18 02:19:48,16450.0,300.0,22000.0
548,2021-10-18 02:19:48,16450.0,200.0,21700.0
549,2021-10-18 02:19:48,16450.0,200.0,21500.0
550,2021-10-18 02:19:40,16450.0,400.0,21300.0
551,2021-10-18 02:19:40,16450.0,500.0,20900.0
552,2021-10-18 02:18:49,16450.0,500.0,20400.0
553,2021-10-18 02:18:40,16450.0,11300.0,19900.0
554,2021-10-18 02:17:12,16600.0,100.0,8600.0
555,2021-10-18 02:17:10,16600.0,200.0,8500.0
556,2021-10-18 02:16:09,16500.0,500.0,8300.0
557,2021-10-18 02:15:24,16550.0,100.0,7800.0
558,2021-10-18 02:15:01,16500.0,500.0,7700.0
559,2021-10-18 02:15:01,16500.0,1000.0,7200.0
560,2021-10-18 02:15:01,16500.0,2000.0,6200.0
561,2021-10-18 02:15:01,16500.0,500.0,4200.0
562,2021-10-18 02:15:01,16500.0,1000.0,3700.0
563,2021-10-18 02:15:01,16500.0,2700.0,2700.0
