,Time,Price,Volume_per_trade,Volume
0,2021-10-01 14:45:01,17800.0,600.0,2256700.0
1,2021-10-01 14:45:01,17800.0,100.0,2256100.0
2,2021-10-01 14:45:01,17800.0,1000.0,2256000.0
3,2021-10-01 14:45:01,17800.0,300.0,2255000.0
4,2021-10-01 14:45:01,17800.0,100.0,2254700.0
5,2021-10-01 14:45:01,17800.0,400.0,2254600.0
6,2021-10-01 14:45:01,17800.0,100.0,2254200.0
7,2021-10-01 14:45:01,17800.0,500.0,2254100.0
8,2021-10-01 14:45:01,17800.0,500.0,2253600.0
9,2021-10-01 14:45:01,17800.0,100.0,2253100.0
10,2021-10-01 14:45:01,17800.0,1000.0,2253000.0
11,2021-10-01 14:45:01,17800.0,200.0,2252000.0
12,2021-10-01 14:45:01,17800.0,100.0,2251800.0
13,2021-10-01 14:45:01,17800.0,2000.0,2251700.0
14,2021-10-01 14:45:01,17800.0,600.0,2249700.0
15,2021-10-01 14:45:01,17800.0,400.0,2249100.0
16,2021-10-01 14:45:01,17800.0,500.0,2248700.0
17,2021-10-01 14:45:01,17800.0,100.0,2248200.0
18,2021-10-01 14:45:01,17800.0,200.0,2248100.0
19,2021-10-01 14:45:01,17800.0,200.0,2247900.0
20,2021-10-01 14:45:01,17800.0,500.0,2247700.0
21,2021-10-01 14:45:01,17800.0,1000.0,2247200.0
22,2021-10-01 14:45:01,17800.0,100.0,2246200.0
23,2021-10-01 14:45:01,17800.0,1000.0,2246100.0
24,2021-10-01 14:45:01,17800.0,1000.0,2245100.0
25,2021-10-01 14:45:01,17800.0,2000.0,2244100.0
26,2021-10-01 14:45:01,17800.0,2000.0,2242100.0
27,2021-10-01 14:45:01,17800.0,100.0,2240100.0
28,2021-10-01 14:45:01,17800.0,700.0,2240000.0
29,2021-10-01 14:45:01,17800.0,5200.0,2239300.0
30,2021-10-01 14:45:01,17800.0,4800.0,2234100.0
31,2021-10-01 14:45:01,17800.0,1000.0,2229300.0
32,2021-10-01 14:45:01,17800.0,100.0,2228300.0
33,2021-10-01 14:45:01,17800.0,500.0,2228200.0
34,2021-10-01 14:45:01,17800.0,100.0,2227700.0
35,2021-10-01 14:45:01,17800.0,500.0,2227600.0
36,2021-10-01 14:45:01,17800.0,200.0,2227100.0
37,2021-10-01 14:45:01,17800.0,1000.0,2226900.0
38,2021-10-01 14:45:01,17800.0,200.0,2225900.0
39,2021-10-01 14:45:01,17800.0,300.0,2225700.0
40,2021-10-01 14:45:01,17800.0,500.0,2225400.0
41,2021-10-01 14:45:01,17800.0,500.0,2224900.0
42,2021-10-01 14:45:01,17800.0,500.0,2224400.0
43,2021-10-01 14:45:01,17800.0,500.0,2223900.0
44,2021-10-01 14:45:01,17800.0,200.0,2223400.0
45,2021-10-01 14:45:01,17800.0,100.0,2223200.0
46,2021-10-01 14:45:01,17800.0,100.0,2223100.0
47,2021-10-01 14:45:01,17800.0,800.0,2223000.0
48,2021-10-01 14:45:01,17800.0,200.0,2222200.0
49,2021-10-01 14:45:01,17800.0,300.0,2222000.0
50,2021-10-01 14:45:01,17800.0,100.0,2221700.0
51,2021-10-01 14:45:01,17800.0,1000.0,2221600.0
52,2021-10-01 14:45:01,17800.0,500.0,2220600.0
53,2021-10-01 14:45:01,17800.0,1000.0,2220100.0
54,2021-10-01 14:45:01,17800.0,300.0,2219100.0
55,2021-10-01 14:45:01,17800.0,100.0,2218800.0
56,2021-10-01 14:45:01,17800.0,200.0,2218700.0
57,2021-10-01 14:45:01,17800.0,200.0,2218500.0
58,2021-10-01 14:45:01,17800.0,300.0,2218300.0
59,2021-10-01 14:45:01,17800.0,100.0,2218000.0
60,2021-10-01 14:45:01,17800.0,100.0,2217900.0
61,2021-10-01 14:45:01,17800.0,1800.0,2217800.0
62,2021-10-01 14:45:01,17800.0,2000.0,2216000.0
63,2021-10-01 14:45:01,17800.0,400.0,2214000.0
64,2021-10-01 14:45:01,17800.0,100.0,2213600.0
65,2021-10-01 14:45:01,17800.0,900.0,2213500.0
66,2021-10-01 14:45:01,17800.0,100.0,2212600.0
67,2021-10-01 14:45:01,17800.0,500.0,2212500.0
68,2021-10-01 14:45:01,17800.0,100.0,2212000.0
69,2021-10-01 14:45:01,17800.0,100.0,2211900.0
70,2021-10-01 14:45:01,17800.0,200.0,2211800.0
71,2021-10-01 14:45:01,17800.0,1000.0,2211600.0
72,2021-10-01 14:45:01,17800.0,500.0,2210600.0
73,2021-10-01 14:45:01,17800.0,500.0,2210100.0
74,2021-10-01 14:45:01,17800.0,800.0,2209600.0
75,2021-10-01 14:45:01,17800.0,100.0,2208800.0
76,2021-10-01 14:45:01,17800.0,200.0,2208700.0
77,2021-10-01 14:45:01,17800.0,1000.0,2208500.0
78,2021-10-01 14:45:01,17800.0,300.0,2207500.0
79,2021-10-01 14:45:01,17800.0,200.0,2207200.0
80,2021-10-01 14:45:01,17800.0,100.0,2207000.0
81,2021-10-01 14:45:01,17800.0,500.0,2206900.0
82,2021-10-01 14:45:01,17800.0,3000.0,2206400.0
83,2021-10-01 14:45:01,17800.0,100.0,2203400.0
84,2021-10-01 14:45:01,17800.0,200.0,2203300.0
85,2021-10-01 14:45:01,17800.0,1000.0,2203100.0
86,2021-10-01 14:45:01,17800.0,500.0,2202100.0
87,2021-10-01 14:45:01,17800.0,1000.0,2201600.0
88,2021-10-01 14:45:01,17800.0,100.0,2200600.0
89,2021-10-01 14:45:01,17800.0,900.0,2200500.0
90,2021-10-01 14:45:01,17800.0,1100.0,2199600.0
91,2021-10-01 14:45:01,17800.0,900.0,2198500.0
92,2021-10-01 14:45:01,17800.0,600.0,2197600.0
93,2021-10-01 14:45:01,17800.0,4100.0,2197000.0
94,2021-10-01 14:45:01,17800.0,300.0,2192900.0
95,2021-10-01 14:29:39,18000.0,1300.0,2192600.0
96,2021-10-01 14:29:22,18000.0,8000.0,2191300.0
97,2021-10-01 14:29:18,18050.0,900.0,2183300.0
98,2021-10-01 14:29:04,18050.0,100.0,2182400.0
99,2021-10-01 14:28:48,18050.0,200.0,2182300.0
100,2021-10-01 14:28:24,18050.0,1000.0,2182100.0
101,2021-10-01 14:28:24,18050.0,500.0,2181100.0
102,2021-10-01 14:28:24,18050.0,1500.0,2180600.0
103,2021-10-01 14:28:24,18050.0,500.0,2179100.0
104,2021-10-01 14:28:24,18050.0,200.0,2178600.0
105,2021-10-01 14:28:24,18050.0,1900.0,2178400.0
106,2021-10-01 14:28:24,18050.0,100.0,2176500.0
107,2021-10-01 14:28:24,18050.0,1000.0,2176400.0
108,2021-10-01 14:28:24,18050.0,2100.0,2175400.0
109,2021-10-01 14:25:05,18050.0,500.0,2173300.0
110,2021-10-01 14:24:26,18050.0,300.0,2172800.0
111,2021-10-01 14:23:52,18050.0,100.0,2172500.0
112,2021-10-01 14:23:52,18050.0,1000.0,2172400.0
113,2021-10-01 14:23:52,18050.0,500.0,2171400.0
114,2021-10-01 14:23:33,18050.0,1800.0,2170900.0
115,2021-10-01 14:23:33,18050.0,200.0,2169100.0
116,2021-10-01 14:23:26,18050.0,500.0,2168900.0
117,2021-10-01 14:23:26,18050.0,1000.0,2168400.0
118,2021-10-01 14:23:26,18050.0,100.0,2167400.0
119,2021-10-01 14:23:01,18050.0,100.0,2167300.0
120,2021-10-01 14:23:01,18050.0,500.0,2167200.0
121,2021-10-01 14:23:01,18050.0,400.0,2166700.0
122,2021-10-01 14:22:39,18050.0,100.0,2166300.0
123,2021-10-01 14:22:39,18050.0,200.0,2166200.0
124,2021-10-01 14:22:39,18050.0,200.0,2166000.0
125,2021-10-01 14:22:38,18050.0,300.0,2165800.0
126,2021-10-01 14:22:38,18050.0,300.0,2165500.0
127,2021-10-01 14:22:38,18050.0,200.0,2165200.0
128,2021-10-01 14:22:38,18050.0,100.0,2165000.0
129,2021-10-01 14:22:22,18050.0,400.0,2164900.0
130,2021-10-01 14:22:22,18050.0,100.0,2164500.0
131,2021-10-01 14:21:59,18050.0,100.0,2164400.0
132,2021-10-01 14:21:59,18050.0,3000.0,2164300.0
133,2021-10-01 14:21:59,18050.0,200.0,2161300.0
134,2021-10-01 14:21:59,18050.0,6700.0,2161100.0
135,2021-10-01 14:21:43,18050.0,600.0,2154400.0
136,2021-10-01 14:20:54,18050.0,2000.0,2153800.0
137,2021-10-01 14:20:49,18050.0,5000.0,2151800.0
138,2021-10-01 14:20:40,18050.0,1400.0,2146800.0
139,2021-10-01 14:20:23,18050.0,3000.0,2145400.0
140,2021-10-01 14:19:03,18050.0,900.0,2142400.0
141,2021-10-01 14:18:44,18050.0,800.0,2141500.0
142,2021-10-01 14:18:11,18050.0,1000.0,2140700.0
143,2021-10-01 14:18:07,18050.0,300.0,2139700.0
144,2021-10-01 14:17:55,18050.0,500.0,2139400.0
145,2021-10-01 14:17:40,18050.0,400.0,2138900.0
146,2021-10-01 14:17:10,18050.0,100.0,2138500.0
147,2021-10-01 14:16:48,18050.0,300.0,2138400.0
148,2021-10-01 14:16:23,18050.0,200.0,2138100.0
149,2021-10-01 14:16:06,18050.0,2400.0,2137900.0
150,2021-10-01 14:16:06,18050.0,1500.0,2135500.0
151,2021-10-01 14:15:55,18050.0,100.0,2134000.0
152,2021-10-01 14:14:58,18050.0,200.0,2133900.0
153,2021-10-01 14:14:19,18050.0,4500.0,2133700.0
154,2021-10-01 14:13:45,18000.0,400.0,2129200.0
155,2021-10-01 14:13:35,18050.0,200.0,2128800.0
156,2021-10-01 14:13:06,18050.0,300.0,2128600.0
157,2021-10-01 14:12:13,18050.0,200.0,2128300.0
158,2021-10-01 14:12:10,18050.0,500.0,2128100.0
159,2021-10-01 14:11:55,18050.0,1500.0,2127600.0
160,2021-10-01 14:10:43,18050.0,5500.0,2126100.0
161,2021-10-01 14:09:19,18050.0,1400.0,2120600.0
162,2021-10-01 14:08:45,18050.0,1000.0,2119200.0
163,2021-10-01 14:08:19,18050.0,1000.0,2118200.0
164,2021-10-01 14:08:18,18050.0,2100.0,2117200.0
165,2021-10-01 14:08:12,18050.0,100.0,2115100.0
166,2021-10-01 14:08:11,18050.0,3000.0,2115000.0
167,2021-10-01 14:07:40,18050.0,200.0,2112000.0
168,2021-10-01 14:05:36,18050.0,4000.0,2111800.0
169,2021-10-01 14:05:09,18050.0,100.0,2107800.0
170,2021-10-01 14:04:45,18050.0,100.0,2107700.0
171,2021-10-01 14:04:32,18050.0,800.0,2107600.0
172,2021-10-01 14:04:10,18050.0,500.0,2106800.0
173,2021-10-01 14:04:00,18050.0,10000.0,2106300.0
174,2021-10-01 14:03:52,18050.0,100.0,2096300.0
175,2021-10-01 14:02:42,18050.0,200.0,2096200.0
176,2021-10-01 14:01:32,18000.0,200.0,2096000.0
177,2021-10-01 13:59:40,18050.0,100.0,2095800.0
178,2021-10-01 13:59:32,18000.0,400.0,2095700.0
179,2021-10-01 13:59:06,18000.0,500.0,2095300.0
180,2021-10-01 13:59:06,18000.0,500.0,2094800.0
181,2021-10-01 13:59:06,18000.0,300.0,2094300.0
182,2021-10-01 13:59:06,18000.0,200.0,2094000.0
183,2021-10-01 13:58:03,18000.0,100.0,2093800.0
184,2021-10-01 13:58:00,18050.0,500.0,2093700.0
185,2021-10-01 13:56:58,18050.0,200.0,2093200.0
186,2021-10-01 13:56:42,18050.0,1000.0,2093000.0
187,2021-10-01 13:56:33,18050.0,200.0,2092000.0
188,2021-10-01 13:56:31,18050.0,700.0,2091800.0
189,2021-10-01 13:56:22,18050.0,500.0,2091100.0
190,2021-10-01 13:55:56,18050.0,10000.0,2090600.0
191,2021-10-01 13:55:56,18050.0,8000.0,2080600.0
192,2021-10-01 13:55:11,18050.0,200.0,2072600.0
193,2021-10-01 13:55:01,18050.0,500.0,2072400.0
194,2021-10-01 13:54:50,18000.0,1100.0,2071900.0
195,2021-10-01 13:54:32,18000.0,1000.0,2070800.0
196,2021-10-01 13:54:27,18050.0,1000.0,2069800.0
197,2021-10-01 13:54:22,18050.0,300.0,2068800.0
198,2021-10-01 13:53:58,18000.0,100.0,2068500.0
199,2021-10-01 13:52:19,18000.0,100.0,2068400.0
200,2021-10-01 13:51:28,18000.0,1000.0,2068300.0
201,2021-10-01 13:51:11,18050.0,200.0,2067300.0
202,2021-10-01 13:51:01,18050.0,600.0,2067100.0
203,2021-10-01 13:50:45,18050.0,900.0,2066500.0
204,2021-10-01 13:50:35,18050.0,300.0,2065600.0
205,2021-10-01 13:50:13,18050.0,2000.0,2065300.0
206,2021-10-01 13:49:46,18050.0,100.0,2063300.0
207,2021-10-01 13:49:40,18000.0,1000.0,2063200.0
208,2021-10-01 13:49:34,18050.0,1200.0,2062200.0
209,2021-10-01 13:48:45,18050.0,300.0,2061000.0
210,2021-10-01 13:48:43,18000.0,500.0,2060700.0
211,2021-10-01 13:48:41,18050.0,3000.0,2060200.0
212,2021-10-01 13:48:40,18050.0,300.0,2057200.0
213,2021-10-01 13:47:44,18050.0,400.0,2056900.0
214,2021-10-01 13:45:46,18050.0,800.0,2056500.0
215,2021-10-01 13:45:46,18050.0,1000.0,2055700.0
216,2021-10-01 13:45:46,18050.0,1000.0,2054700.0
217,2021-10-01 13:45:38,18050.0,1200.0,2053700.0
218,2021-10-01 13:44:38,18050.0,1300.0,2052500.0
219,2021-10-01 13:44:36,18050.0,500.0,2051200.0
220,2021-10-01 13:44:31,18050.0,1100.0,2050700.0
221,2021-10-01 13:44:27,18050.0,1000.0,2049600.0
222,2021-10-01 13:43:39,18050.0,1000.0,2048600.0
223,2021-10-01 13:42:22,18050.0,100.0,2047600.0
224,2021-10-01 13:42:22,18050.0,500.0,2047500.0
225,2021-10-01 13:41:57,18050.0,500.0,2047000.0
226,2021-10-01 13:41:55,18050.0,500.0,2046500.0
227,2021-10-01 13:41:55,18050.0,200.0,2046000.0
228,2021-10-01 13:41:55,18050.0,300.0,2045800.0
229,2021-10-01 13:40:48,18050.0,700.0,2045500.0
230,2021-10-01 13:40:34,18050.0,600.0,2044800.0
231,2021-10-01 13:40:28,18050.0,200.0,2044200.0
232,2021-10-01 13:39:52,18050.0,1500.0,2044000.0
233,2021-10-01 13:39:14,18050.0,200.0,2042500.0
234,2021-10-01 13:39:06,18050.0,700.0,2042300.0
235,2021-10-01 13:38:32,18050.0,400.0,2041600.0
236,2021-10-01 13:38:32,18050.0,300.0,2041200.0
237,2021-10-01 13:38:32,18050.0,400.0,2040900.0
238,2021-10-01 13:38:28,18050.0,800.0,2040500.0
239,2021-10-01 13:38:28,18050.0,2200.0,2039700.0
240,2021-10-01 13:37:51,18050.0,1400.0,2037500.0
241,2021-10-01 13:37:51,18050.0,800.0,2036100.0
242,2021-10-01 13:37:51,18050.0,2000.0,2035300.0
243,2021-10-01 13:37:51,18050.0,3000.0,2033300.0
244,2021-10-01 13:37:51,18050.0,300.0,2030300.0
245,2021-10-01 13:37:51,18050.0,300.0,2030000.0
246,2021-10-01 13:37:46,18050.0,500.0,2029700.0
247,2021-10-01 13:37:43,18050.0,200.0,2029200.0
248,2021-10-01 13:37:43,18050.0,100.0,2029000.0
249,2021-10-01 13:37:43,18050.0,400.0,2028900.0
250,2021-10-01 13:37:43,18050.0,1300.0,2028500.0
251,2021-10-01 13:37:32,18050.0,1000.0,2027200.0
252,2021-10-01 13:37:10,18050.0,2800.0,2026200.0
253,2021-10-01 13:36:54,18050.0,200.0,2023400.0
254,2021-10-01 13:36:47,18050.0,300.0,2023200.0
255,2021-10-01 13:36:22,18050.0,1400.0,2022900.0
256,2021-10-01 13:36:14,18050.0,800.0,2021500.0
257,2021-10-01 13:36:01,18050.0,2000.0,2020700.0
258,2021-10-01 13:35:56,18050.0,3000.0,2018700.0
259,2021-10-01 13:35:48,18050.0,2000.0,2015700.0
260,2021-10-01 13:35:38,18050.0,1400.0,2013700.0
261,2021-10-01 13:35:31,18050.0,500.0,2012300.0
262,2021-10-01 13:34:24,18050.0,300.0,2011800.0
263,2021-10-01 13:34:23,18050.0,100.0,2011500.0
264,2021-10-01 13:34:15,18050.0,1000.0,2011400.0
265,2021-10-01 13:34:11,18050.0,700.0,2010400.0
266,2021-10-01 13:33:23,18050.0,100.0,2009700.0
267,2021-10-01 13:33:21,18050.0,500.0,2009600.0
268,2021-10-01 13:33:17,18050.0,1000.0,2009100.0
269,2021-10-01 13:33:13,18050.0,300.0,2008100.0
270,2021-10-01 13:33:11,18050.0,500.0,2007800.0
271,2021-10-01 13:32:10,18050.0,100.0,2007300.0
272,2021-10-01 13:31:14,18050.0,3600.0,2007200.0
273,2021-10-01 13:31:02,18050.0,4700.0,2003600.0
274,2021-10-01 13:30:47,18050.0,700.0,1998900.0
275,2021-10-01 13:30:45,18050.0,100.0,1998200.0
276,2021-10-01 13:30:34,18050.0,100.0,1998100.0
277,2021-10-01 13:30:03,18050.0,1900.0,1998000.0
278,2021-10-01 13:29:36,18050.0,9400.0,1996100.0
279,2021-10-01 13:29:17,18050.0,200.0,1986700.0
280,2021-10-01 13:29:09,18000.0,3000.0,1986500.0
281,2021-10-01 13:28:34,18050.0,300.0,1983500.0
282,2021-10-01 13:27:33,18000.0,400.0,1983200.0
283,2021-10-01 13:27:19,18000.0,100.0,1982800.0
284,2021-10-01 13:27:11,18050.0,300.0,1982700.0
285,2021-10-01 13:26:54,18000.0,200.0,1982400.0
286,2021-10-01 13:26:54,18000.0,1000.0,1982200.0
287,2021-10-01 13:26:54,18000.0,200.0,1981200.0
288,2021-10-01 13:26:43,17950.0,2300.0,1981000.0
289,2021-10-01 13:26:43,17950.0,100.0,1978700.0
290,2021-10-01 13:26:38,18000.0,200.0,1978600.0
291,2021-10-01 13:26:37,18000.0,600.0,1978400.0
292,2021-10-01 13:26:28,18000.0,1000.0,1977800.0
293,2021-10-01 13:26:28,18000.0,400.0,1976800.0
294,2021-10-01 13:26:11,18000.0,1000.0,1976400.0
295,2021-10-01 13:25:59,18000.0,9000.0,1975400.0
296,2021-10-01 13:25:59,18000.0,200.0,1966400.0
297,2021-10-01 13:25:59,18000.0,800.0,1966200.0
298,2021-10-01 13:25:59,18000.0,600.0,1965400.0
299,2021-10-01 13:25:59,18000.0,100.0,1964800.0
300,2021-10-01 13:25:59,18000.0,300.0,1964700.0
301,2021-10-01 13:25:54,18000.0,700.0,1964400.0
302,2021-10-01 13:25:54,18000.0,500.0,1963700.0
303,2021-10-01 13:25:54,18000.0,200.0,1963200.0
304,2021-10-01 13:25:54,18000.0,3600.0,1963000.0
305,2021-10-01 13:25:48,18000.0,200.0,1959400.0
306,2021-10-01 13:25:42,18050.0,300.0,1959200.0
307,2021-10-01 13:25:38,18000.0,1200.0,1958900.0
308,2021-10-01 13:25:31,18000.0,5000.0,1957700.0
309,2021-10-01 13:25:31,18000.0,1000.0,1952700.0
310,2021-10-01 13:25:31,18000.0,200.0,1951700.0
311,2021-10-01 13:25:31,18000.0,100.0,1951500.0
312,2021-10-01 13:25:31,18000.0,2000.0,1951400.0
313,2021-10-01 13:25:31,18000.0,400.0,1949400.0
314,2021-10-01 13:25:31,18000.0,300.0,1949000.0
315,2021-10-01 13:25:31,18000.0,200.0,1948700.0
316,2021-10-01 13:25:31,18000.0,200.0,1948500.0
317,2021-10-01 13:25:31,18000.0,100.0,1948300.0
318,2021-10-01 13:25:31,18000.0,500.0,1948200.0
319,2021-10-01 13:25:15,18050.0,100.0,1947700.0
320,2021-10-01 13:25:13,18000.0,200.0,1947600.0
321,2021-10-01 13:25:13,18000.0,3000.0,1947400.0
322,2021-10-01 13:25:13,18000.0,1000.0,1944400.0
323,2021-10-01 13:25:13,18000.0,100.0,1943400.0
324,2021-10-01 13:25:13,18000.0,1000.0,1943300.0
325,2021-10-01 13:25:13,18000.0,1000.0,1942300.0
326,2021-10-01 13:25:13,18000.0,800.0,1941300.0
327,2021-10-01 13:25:13,18000.0,1000.0,1940500.0
328,2021-10-01 13:25:13,18000.0,5000.0,1939500.0
329,2021-10-01 13:25:13,18000.0,300.0,1934500.0
330,2021-10-01 13:25:13,18000.0,100.0,1934200.0
331,2021-10-01 13:25:13,18000.0,2500.0,1934100.0
332,2021-10-01 13:24:40,18050.0,300.0,1931600.0
333,2021-10-01 13:24:26,18050.0,100.0,1931300.0
334,2021-10-01 13:24:25,18050.0,2000.0,1931200.0
335,2021-10-01 13:24:24,18050.0,2600.0,1929200.0
336,2021-10-01 13:24:23,18050.0,100.0,1926600.0
337,2021-10-01 13:24:00,18050.0,1000.0,1926500.0
338,2021-10-01 13:22:30,18050.0,2000.0,1925500.0
339,2021-10-01 13:22:14,18000.0,100.0,1923500.0
340,2021-10-01 13:22:14,18000.0,1000.0,1923400.0
341,2021-10-01 13:22:14,18000.0,1100.0,1922400.0
342,2021-10-01 13:22:03,18000.0,400.0,1921300.0
343,2021-10-01 13:22:03,18000.0,1600.0,1920900.0
344,2021-10-01 13:21:43,18050.0,300.0,1919300.0
345,2021-10-01 13:21:19,18050.0,200.0,1919000.0
346,2021-10-01 13:20:37,18050.0,800.0,1918800.0
347,2021-10-01 13:20:32,18000.0,100.0,1918000.0
348,2021-10-01 13:20:27,18050.0,1000.0,1917900.0
349,2021-10-01 13:19:40,18050.0,1000.0,1916900.0
350,2021-10-01 13:19:28,18050.0,100.0,1915900.0
351,2021-10-01 13:19:03,18050.0,1000.0,1915800.0
352,2021-10-01 13:18:25,18050.0,100.0,1914800.0
353,2021-10-01 13:18:25,18050.0,600.0,1914700.0
354,2021-10-01 13:18:25,18050.0,1000.0,1914100.0
355,2021-10-01 13:18:25,18050.0,13500.0,1913100.0
356,2021-10-01 13:18:25,18050.0,500.0,1899600.0
357,2021-10-01 13:18:25,18050.0,200.0,1899100.0
358,2021-10-01 13:18:25,18050.0,1900.0,1898900.0
359,2021-10-01 13:18:25,18050.0,100.0,1897000.0
360,2021-10-01 13:18:25,18050.0,3100.0,1896900.0
361,2021-10-01 13:18:25,18050.0,3000.0,1893800.0
362,2021-10-01 13:18:25,18050.0,1000.0,1890800.0
363,2021-10-01 13:18:25,18050.0,2000.0,1889800.0
364,2021-10-01 13:18:25,18050.0,4000.0,1887800.0
365,2021-10-01 13:18:25,18050.0,700.0,1883800.0
366,2021-10-01 13:18:25,18050.0,1000.0,1883100.0
367,2021-10-01 13:18:25,18050.0,200.0,1882100.0
368,2021-10-01 13:18:25,18050.0,2000.0,1881900.0
369,2021-10-01 13:18:25,18050.0,1000.0,1879900.0
370,2021-10-01 13:18:25,18050.0,300.0,1878900.0
371,2021-10-01 13:18:25,18050.0,900.0,1878600.0
372,2021-10-01 13:18:25,18050.0,1000.0,1877700.0
373,2021-10-01 13:18:25,18050.0,200.0,1876700.0
374,2021-10-01 13:18:25,18050.0,6200.0,1876500.0
375,2021-10-01 13:11:59,18050.0,300.0,1870300.0
376,2021-10-01 13:08:02,18050.0,400.0,1870000.0
377,2021-10-01 13:07:53,18050.0,100.0,1869600.0
378,2021-10-01 13:07:53,18050.0,100.0,1869500.0
379,2021-10-01 13:07:53,18050.0,100.0,1869400.0
380,2021-10-01 13:07:53,18050.0,100.0,1869300.0
381,2021-10-01 13:07:53,18050.0,2700.0,1869200.0
382,2021-10-01 13:07:50,18050.0,1000.0,1866500.0
383,2021-10-01 13:07:44,18050.0,100.0,1865500.0
384,2021-10-01 13:07:41,18050.0,700.0,1865400.0
385,2021-10-01 13:07:41,18050.0,8800.0,1864700.0
386,2021-10-01 13:07:28,18050.0,3000.0,1855900.0
387,2021-10-01 13:07:03,18050.0,1000.0,1852900.0
388,2021-10-01 13:07:02,18050.0,300.0,1851900.0
389,2021-10-01 13:06:55,18050.0,200.0,1851600.0
390,2021-10-01 13:06:30,18050.0,800.0,1851400.0
391,2021-10-01 13:05:40,18050.0,100.0,1850600.0
392,2021-10-01 13:05:32,18050.0,100.0,1850500.0
393,2021-10-01 13:05:30,18050.0,1100.0,1850400.0
394,2021-10-01 13:05:27,18050.0,1000.0,1849300.0
395,2021-10-01 13:05:21,18050.0,1000.0,1848300.0
396,2021-10-01 13:05:02,18050.0,300.0,1847300.0
397,2021-10-01 13:04:48,18050.0,100.0,1847000.0
398,2021-10-01 13:04:38,18050.0,300.0,1846900.0
399,2021-10-01 13:03:51,18050.0,100.0,1846600.0
400,2021-10-01 13:03:19,18050.0,100.0,1846500.0
401,2021-10-01 13:03:15,18050.0,100.0,1846400.0
402,2021-10-01 13:03:06,18050.0,100.0,1846300.0
403,2021-10-01 13:02:28,18050.0,400.0,1846200.0
404,2021-10-01 13:01:59,18050.0,100.0,1845800.0
405,2021-10-01 13:00:48,18050.0,400.0,1845700.0
406,2021-10-01 13:00:40,18050.0,2000.0,1845300.0
407,2021-10-01 13:00:39,18050.0,4300.0,1843300.0
408,2021-10-01 13:00:37,18050.0,2800.0,1839000.0
409,2021-10-01 13:00:25,18050.0,500.0,1836200.0
410,2021-10-01 13:00:23,18050.0,100.0,1835700.0
411,2021-10-01 13:00:23,18050.0,200.0,1835600.0
412,2021-10-01 13:00:20,18050.0,500.0,1835400.0
413,2021-10-01 13:00:19,18050.0,800.0,1834900.0
414,2021-10-01 13:00:05,18050.0,1000.0,1834100.0
415,2021-10-01 13:00:05,18050.0,600.0,1833100.0
416,2021-10-01 13:00:05,18050.0,10000.0,1832500.0
417,2021-10-01 13:00:05,18050.0,300.0,1822500.0
418,2021-10-01 13:00:05,18050.0,300.0,1822200.0
419,2021-10-01 13:00:05,18050.0,200.0,1821900.0
420,2021-10-01 13:00:05,18050.0,900.0,1821700.0
421,2021-10-01 13:00:05,18050.0,3000.0,1820800.0
422,2021-10-01 13:00:05,18050.0,200.0,1817800.0
423,2021-10-01 13:00:05,18050.0,5000.0,1817600.0
424,2021-10-01 13:00:05,18050.0,500.0,1812600.0
425,2021-10-01 13:00:05,18050.0,1000.0,1812100.0
426,2021-10-01 13:00:05,18050.0,2100.0,1811100.0
427,2021-10-01 13:00:05,18050.0,100.0,1809000.0
428,2021-10-01 13:00:05,18050.0,100.0,1808900.0
429,2021-10-01 13:00:05,18050.0,100.0,1808800.0
430,2021-10-01 13:00:05,18050.0,2500.0,1808700.0
431,2021-10-01 13:00:05,18050.0,4000.0,1806200.0
432,2021-10-01 13:00:05,18050.0,800.0,1802200.0
433,2021-10-01 13:00:05,18050.0,1000.0,1801400.0
434,2021-10-01 13:00:05,18050.0,500.0,1800400.0
435,2021-10-01 13:00:05,18050.0,5000.0,1799900.0
436,2021-10-01 13:00:05,18050.0,400.0,1794900.0
437,2021-10-01 13:00:05,18050.0,800.0,1794500.0
438,2021-10-01 13:00:05,18050.0,100.0,1793700.0
439,2021-10-01 13:00:05,18050.0,24100.0,1793600.0
440,2021-10-01 13:00:05,18050.0,300.0,1769500.0
441,2021-10-01 13:00:01,18050.0,500.0,1769200.0
442,2021-10-01 13:00:01,18050.0,200.0,1768700.0
443,2021-10-01 13:00:01,18050.0,100.0,1768500.0
444,2021-10-01 13:00:01,18050.0,1000.0,1768400.0
445,2021-10-01 13:00:01,18050.0,400.0,1767400.0
446,2021-10-01 11:25:11,18050.0,100.0,1767000.0
447,2021-10-01 11:25:11,18050.0,100.0,1766900.0
448,2021-10-01 11:25:11,18050.0,300.0,1766800.0
449,2021-10-01 11:21:36,18050.0,200.0,1766500.0
450,2021-10-01 11:21:36,18050.0,100.0,1766300.0
451,2021-10-01 11:21:36,18050.0,3000.0,1766200.0
452,2021-10-01 11:21:36,18050.0,500.0,1763200.0
453,2021-10-01 11:21:36,18050.0,200.0,1762700.0
454,2021-10-01 11:19:53,18050.0,2000.0,1762500.0
455,2021-10-01 11:18:21,18050.0,5000.0,1760500.0
456,2021-10-01 11:13:13,18050.0,2000.0,1755500.0
457,2021-10-01 11:13:13,18050.0,200.0,1753500.0
458,2021-10-01 11:13:13,18050.0,200.0,1753300.0
459,2021-10-01 11:13:13,18050.0,500.0,1753100.0
460,2021-10-01 11:13:13,18050.0,2000.0,1752600.0
461,2021-10-01 11:13:13,18050.0,300.0,1750600.0
462,2021-10-01 11:13:13,18050.0,600.0,1750300.0
463,2021-10-01 11:13:13,18050.0,5000.0,1749700.0
464,2021-10-01 11:13:13,18050.0,600.0,1744700.0
465,2021-10-01 11:13:13,18050.0,1100.0,1744100.0
466,2021-10-01 11:13:13,18050.0,6300.0,1743000.0
467,2021-10-01 11:12:57,18050.0,8600.0,1736700.0
468,2021-10-01 11:12:50,18050.0,100.0,1728100.0
469,2021-10-01 11:12:40,18050.0,1500.0,1728000.0
470,2021-10-01 11:12:08,18050.0,100.0,1726500.0
471,2021-10-01 11:11:47,18050.0,1000.0,1726400.0
472,2021-10-01 11:11:26,18050.0,1500.0,1725400.0
473,2021-10-01 11:10:31,18050.0,200.0,1723900.0
474,2021-10-01 11:10:29,18050.0,1300.0,1723700.0
475,2021-10-01 11:09:50,18050.0,1000.0,1722400.0
476,2021-10-01 11:09:39,18050.0,2000.0,1721400.0
477,2021-10-01 11:09:30,18050.0,1800.0,1719400.0
478,2021-10-01 11:09:24,18050.0,500.0,1717600.0
479,2021-10-01 11:09:23,18050.0,500.0,1717100.0
480,2021-10-01 11:09:12,18050.0,200.0,1716600.0
481,2021-10-01 11:09:05,18050.0,700.0,1716400.0
482,2021-10-01 11:08:38,18050.0,100.0,1715700.0
483,2021-10-01 11:08:29,18050.0,2000.0,1715600.0
484,2021-10-01 11:08:28,18050.0,2000.0,1713600.0
485,2021-10-01 11:07:42,18050.0,1000.0,1711600.0
486,2021-10-01 11:07:21,18000.0,1300.0,1710600.0
487,2021-10-01 11:07:21,18000.0,100.0,1709300.0
488,2021-10-01 11:07:21,18000.0,2000.0,1709200.0
489,2021-10-01 11:07:21,18000.0,100.0,1707200.0
490,2021-10-01 11:07:21,18000.0,100.0,1707100.0
491,2021-10-01 11:07:21,18000.0,100.0,1707000.0
492,2021-10-01 11:07:21,18000.0,100.0,1706900.0
493,2021-10-01 11:07:21,18000.0,500.0,1706800.0
494,2021-10-01 11:07:21,18000.0,300.0,1706300.0
495,2021-10-01 11:07:21,18000.0,400.0,1706000.0
496,2021-10-01 11:06:32,18050.0,5600.0,1705600.0
497,2021-10-01 11:06:01,18050.0,300.0,1700000.0
498,2021-10-01 11:05:44,18050.0,200.0,1699700.0
499,2021-10-01 11:04:28,18000.0,600.0,1699500.0
500,2021-10-01 11:04:28,18000.0,100.0,1698900.0
501,2021-10-01 11:04:28,18000.0,200.0,1698800.0
502,2021-10-01 11:04:28,18000.0,100.0,1698600.0
503,2021-10-01 11:04:27,18050.0,1000.0,1698500.0
504,2021-10-01 11:04:25,18050.0,1000.0,1697500.0
505,2021-10-01 11:04:02,18050.0,2000.0,1696500.0
506,2021-10-01 11:04:01,18050.0,500.0,1694500.0
507,2021-10-01 11:03:14,18050.0,500.0,1694000.0
508,2021-10-01 11:02:36,18050.0,1700.0,1693500.0
509,2021-10-01 11:02:12,18050.0,300.0,1691800.0
510,2021-10-01 11:01:59,18050.0,300.0,1691500.0
511,2021-10-01 11:01:57,18050.0,2400.0,1691200.0
512,2021-10-01 11:01:57,18050.0,600.0,1688800.0
513,2021-10-01 11:01:53,18050.0,500.0,1688200.0
514,2021-10-01 11:01:53,18050.0,200.0,1687700.0
515,2021-10-01 11:01:24,18050.0,200.0,1687500.0
516,2021-10-01 11:01:17,18050.0,4000.0,1687300.0
517,2021-10-01 11:01:00,18050.0,2000.0,1683300.0
518,2021-10-01 11:00:30,18050.0,1000.0,1681300.0
519,2021-10-01 11:00:29,18050.0,5000.0,1680300.0
520,2021-10-01 11:00:17,18050.0,9900.0,1675300.0
521,2021-10-01 11:00:00,18050.0,1000.0,1665400.0
522,2021-10-01 10:59:53,18050.0,1500.0,1664400.0
523,2021-10-01 10:59:39,18050.0,500.0,1662900.0
524,2021-10-01 10:58:46,18050.0,500.0,1662400.0
525,2021-10-01 10:58:23,18050.0,100.0,1661900.0
526,2021-10-01 10:58:23,18050.0,1500.0,1661800.0
527,2021-10-01 10:58:23,18050.0,1500.0,1660300.0
528,2021-10-01 10:58:23,18050.0,600.0,1658800.0
529,2021-10-01 10:58:23,18050.0,400.0,1658200.0
530,2021-10-01 10:58:23,18050.0,600.0,1657800.0
531,2021-10-01 10:58:23,18050.0,1100.0,1657200.0
532,2021-10-01 10:58:23,18050.0,1000.0,1656100.0
533,2021-10-01 10:58:23,18050.0,1000.0,1655100.0
534,2021-10-01 10:58:23,18050.0,3400.0,1654100.0
535,2021-10-01 10:58:23,18050.0,1000.0,1650700.0
536,2021-10-01 10:58:23,18050.0,3100.0,1649700.0
537,2021-10-01 10:58:23,18050.0,49800.0,1646600.0
538,2021-10-01 10:58:23,18050.0,800.0,1596800.0
539,2021-10-01 10:58:23,18050.0,100.0,1596000.0
540,2021-10-01 10:58:23,18050.0,100.0,1595900.0
541,2021-10-01 10:58:23,18050.0,200.0,1595800.0
542,2021-10-01 10:58:23,18050.0,1500.0,1595600.0
543,2021-10-01 10:58:23,18050.0,1000.0,1594100.0
544,2021-10-01 10:58:23,18050.0,400.0,1593100.0
545,2021-10-01 10:58:23,18050.0,1800.0,1592700.0
546,2021-10-01 10:58:23,18050.0,500.0,1590900.0
547,2021-10-01 10:58:23,18050.0,1600.0,1590400.0
548,2021-10-01 10:55:26,18050.0,1100.0,1588800.0
549,2021-10-01 10:54:15,18050.0,3400.0,1587700.0
550,2021-10-01 10:54:15,18050.0,500.0,1584300.0
551,2021-10-01 10:54:15,18050.0,600.0,1583800.0
552,2021-10-01 10:54:15,18050.0,2800.0,1583200.0
553,2021-10-01 10:54:04,18050.0,200.0,1580400.0
554,2021-10-01 10:54:01,18050.0,500.0,1580200.0
555,2021-10-01 10:53:54,18050.0,1500.0,1579700.0
556,2021-10-01 10:53:53,18050.0,200.0,1578200.0
557,2021-10-01 10:53:52,18050.0,1000.0,1578000.0
558,2021-10-01 10:53:42,18050.0,2000.0,1577000.0
559,2021-10-01 10:53:19,18050.0,800.0,1575000.0
560,2021-10-01 10:53:14,18050.0,9000.0,1574200.0
561,2021-10-01 10:52:56,18050.0,1400.0,1565200.0
562,2021-10-01 10:52:55,18050.0,1100.0,1563800.0
563,2021-10-01 10:52:05,18050.0,100.0,1562700.0
564,2021-10-01 10:51:58,18050.0,300.0,1562600.0
565,2021-10-01 10:51:57,18050.0,400.0,1562300.0
566,2021-10-01 10:51:37,18050.0,400.0,1561900.0
567,2021-10-01 10:51:35,18050.0,1000.0,1561500.0
568,2021-10-01 10:51:34,18050.0,1000.0,1560500.0
569,2021-10-01 10:51:34,18050.0,600.0,1559500.0
570,2021-10-01 10:51:27,18050.0,1000.0,1558900.0
571,2021-10-01 10:51:18,18050.0,1300.0,1557900.0
572,2021-10-01 10:51:11,18050.0,300.0,1556600.0
573,2021-10-01 10:51:04,18050.0,2000.0,1556300.0
574,2021-10-01 10:50:58,18050.0,1000.0,1554300.0
575,2021-10-01 10:50:57,18050.0,2000.0,1553300.0
576,2021-10-01 10:50:41,18050.0,3300.0,1551300.0
577,2021-10-01 10:50:36,18050.0,10000.0,1548000.0
578,2021-10-01 10:50:26,18050.0,4800.0,1538000.0
579,2021-10-01 10:50:26,18050.0,200.0,1533200.0
580,2021-10-01 10:50:26,18050.0,700.0,1533000.0
581,2021-10-01 10:50:08,18050.0,1000.0,1532300.0
582,2021-10-01 10:49:55,18050.0,1000.0,1531300.0
583,2021-10-01 10:49:50,18050.0,4000.0,1530300.0
584,2021-10-01 10:49:48,18050.0,100.0,1526300.0
585,2021-10-01 10:48:38,18050.0,2000.0,1526200.0
586,2021-10-01 10:48:33,18050.0,100.0,1524200.0
587,2021-10-01 10:48:30,18050.0,500.0,1524100.0
588,2021-10-01 10:48:17,18050.0,2000.0,1523600.0
589,2021-10-01 10:48:05,18050.0,20000.0,1521600.0
590,2021-10-01 10:47:59,18050.0,1100.0,1501600.0
591,2021-10-01 10:47:54,18050.0,2000.0,1500500.0
592,2021-10-01 10:47:39,18050.0,5500.0,1498500.0
593,2021-10-01 10:47:39,18050.0,6500.0,1493000.0
594,2021-10-01 10:47:23,18050.0,100.0,1486500.0
595,2021-10-01 10:47:20,18050.0,1800.0,1486400.0
596,2021-10-01 10:47:00,18050.0,800.0,1484600.0
597,2021-10-01 10:46:59,18050.0,2000.0,1483800.0
598,2021-10-01 10:46:55,18050.0,1700.0,1481800.0
599,2021-10-01 10:46:22,18050.0,500.0,1480100.0
600,2021-10-01 10:46:15,18050.0,300.0,1479600.0
601,2021-10-01 10:46:14,18000.0,500.0,1479300.0
602,2021-10-01 10:46:02,18050.0,400.0,1478800.0
603,2021-10-01 10:45:26,18050.0,300.0,1478400.0
604,2021-10-01 10:45:07,18050.0,500.0,1478100.0
605,2021-10-01 10:44:52,18050.0,15000.0,1477600.0
606,2021-10-01 10:44:52,18050.0,3000.0,1462600.0
607,2021-10-01 10:44:52,18050.0,400.0,1459600.0
608,2021-10-01 10:44:52,18050.0,100.0,1459200.0
609,2021-10-01 10:44:52,18050.0,1100.0,1459100.0
610,2021-10-01 10:44:52,18050.0,200.0,1458000.0
611,2021-10-01 10:44:52,18050.0,100.0,1457800.0
612,2021-10-01 10:44:52,18050.0,100.0,1457700.0
613,2021-10-01 10:44:52,18050.0,6000.0,1457600.0
614,2021-10-01 10:44:52,18050.0,200.0,1451600.0
615,2021-10-01 10:44:52,18050.0,5000.0,1451400.0
616,2021-10-01 10:44:52,18050.0,500.0,1446400.0
617,2021-10-01 10:44:52,18050.0,2100.0,1445900.0
618,2021-10-01 10:44:52,18050.0,1000.0,1443800.0
619,2021-10-01 10:44:52,18050.0,600.0,1442800.0
620,2021-10-01 10:44:52,18050.0,500.0,1442200.0
621,2021-10-01 10:44:52,18050.0,30000.0,1441700.0
622,2021-10-01 10:44:52,18050.0,400.0,1411700.0
623,2021-10-01 10:44:52,18050.0,500.0,1411300.0
624,2021-10-01 10:44:52,18050.0,9100.0,1410800.0
625,2021-10-01 10:44:52,18050.0,200.0,1401700.0
626,2021-10-01 10:44:52,18050.0,100.0,1401500.0
627,2021-10-01 10:44:52,18050.0,100.0,1401400.0
628,2021-10-01 10:44:52,18050.0,1000.0,1401300.0
629,2021-10-01 10:44:52,18050.0,100.0,1400300.0
630,2021-10-01 10:44:52,18050.0,1000.0,1400200.0
631,2021-10-01 10:44:52,18050.0,500.0,1399200.0
632,2021-10-01 10:44:52,18050.0,3900.0,1398700.0
633,2021-10-01 10:44:52,18050.0,2300.0,1394800.0
634,2021-10-01 10:39:27,18050.0,500.0,1392500.0
635,2021-10-01 10:38:41,18050.0,500.0,1392000.0
636,2021-10-01 10:36:53,18050.0,5000.0,1391500.0
637,2021-10-01 10:34:24,18050.0,100.0,1386500.0
638,2021-10-01 10:34:24,18050.0,500.0,1386400.0
639,2021-10-01 10:34:24,18050.0,500.0,1385900.0
640,2021-10-01 10:34:24,18050.0,100.0,1385400.0
641,2021-10-01 10:34:12,18050.0,400.0,1385300.0
642,2021-10-01 10:34:12,18050.0,200.0,1384900.0
643,2021-10-01 10:34:12,18050.0,2000.0,1384700.0
644,2021-10-01 10:34:12,18050.0,600.0,1382700.0
645,2021-10-01 10:34:12,18050.0,500.0,1382100.0
646,2021-10-01 10:34:12,18050.0,19400.0,1381600.0
647,2021-10-01 10:34:08,18050.0,100.0,1362200.0
648,2021-10-01 10:33:54,18050.0,3300.0,1362100.0
649,2021-10-01 10:33:48,18050.0,500.0,1358800.0
650,2021-10-01 10:33:28,18050.0,5000.0,1358300.0
651,2021-10-01 10:33:09,18050.0,5200.0,1353300.0
652,2021-10-01 10:32:07,18050.0,500.0,1348100.0
653,2021-10-01 10:31:53,18050.0,5000.0,1347600.0
654,2021-10-01 10:31:47,18050.0,500.0,1342600.0
655,2021-10-01 10:31:39,18050.0,2000.0,1342100.0
656,2021-10-01 10:31:08,18050.0,700.0,1340100.0
657,2021-10-01 10:31:03,18050.0,2000.0,1339400.0
658,2021-10-01 10:30:53,18050.0,16000.0,1337400.0
659,2021-10-01 10:30:51,18000.0,400.0,1321400.0
660,2021-10-01 10:30:21,18050.0,100.0,1321000.0
661,2021-10-01 10:30:15,18050.0,2000.0,1320900.0
662,2021-10-01 10:30:15,18050.0,10000.0,1318900.0
663,2021-10-01 10:29:56,18050.0,200.0,1308900.0
664,2021-10-01 10:29:46,18050.0,5000.0,1308700.0
665,2021-10-01 10:29:32,18050.0,800.0,1303700.0
666,2021-10-01 10:29:30,18050.0,300.0,1302900.0
667,2021-10-01 10:29:03,18050.0,2000.0,1302600.0
668,2021-10-01 10:28:58,18050.0,600.0,1300600.0
669,2021-10-01 10:28:54,18050.0,1000.0,1300000.0
670,2021-10-01 10:28:53,18050.0,3000.0,1299000.0
671,2021-10-01 10:28:45,18050.0,1000.0,1296000.0
672,2021-10-01 10:28:38,18050.0,1000.0,1295000.0
673,2021-10-01 10:28:31,18050.0,100.0,1294000.0
674,2021-10-01 10:28:30,18050.0,1000.0,1293900.0
675,2021-10-01 10:28:18,18050.0,1500.0,1292900.0
676,2021-10-01 10:28:15,18050.0,200.0,1291400.0
677,2021-10-01 10:28:01,18050.0,100.0,1291200.0
678,2021-10-01 10:27:45,18050.0,100.0,1291100.0
679,2021-10-01 10:27:41,18050.0,3700.0,1291000.0
680,2021-10-01 10:27:31,18050.0,100.0,1287300.0
681,2021-10-01 10:26:11,18050.0,6000.0,1287200.0
682,2021-10-01 10:26:11,18050.0,2200.0,1281200.0
683,2021-10-01 10:25:55,18050.0,100.0,1279000.0
684,2021-10-01 10:25:54,18000.0,300.0,1278900.0
685,2021-10-01 10:25:52,18050.0,500.0,1278600.0
686,2021-10-01 10:25:48,18050.0,300.0,1278100.0
687,2021-10-01 10:25:44,18050.0,1000.0,1277800.0
688,2021-10-01 10:25:37,18050.0,100.0,1276800.0
689,2021-10-01 10:25:25,18050.0,500.0,1276700.0
690,2021-10-01 10:25:14,18050.0,800.0,1276200.0
691,2021-10-01 10:25:14,18050.0,100.0,1275400.0
692,2021-10-01 10:25:14,18050.0,1000.0,1275300.0
693,2021-10-01 10:25:14,18050.0,500.0,1274300.0
694,2021-10-01 10:25:14,18050.0,1300.0,1273800.0
695,2021-10-01 10:25:12,18050.0,1000.0,1272500.0
696,2021-10-01 10:25:04,18050.0,1000.0,1271500.0
697,2021-10-01 10:25:03,18050.0,1000.0,1270500.0
698,2021-10-01 10:24:59,18050.0,100.0,1269500.0
699,2021-10-01 10:24:47,18050.0,100.0,1269400.0
700,2021-10-01 10:24:35,18050.0,1000.0,1269300.0
701,2021-10-01 10:24:26,18050.0,70000.0,1268300.0
702,2021-10-01 10:24:13,18050.0,1200.0,1198300.0
703,2021-10-01 10:23:53,18050.0,500.0,1197100.0
704,2021-10-01 10:23:42,18050.0,900.0,1196600.0
705,2021-10-01 10:23:30,18050.0,1000.0,1195700.0
706,2021-10-01 10:22:38,18050.0,600.0,1194700.0
707,2021-10-01 10:22:34,18050.0,3000.0,1194100.0
708,2021-10-01 10:22:23,18050.0,400.0,1191100.0
709,2021-10-01 10:21:56,18050.0,100.0,1190700.0
710,2021-10-01 10:21:24,18050.0,7300.0,1190600.0
711,2021-10-01 10:21:24,18050.0,1000.0,1183300.0
712,2021-10-01 10:21:24,18050.0,1000.0,1182300.0
713,2021-10-01 10:21:24,18050.0,100.0,1181300.0
714,2021-10-01 10:21:24,18050.0,12000.0,1181200.0
715,2021-10-01 10:21:24,18050.0,500.0,1169200.0
716,2021-10-01 10:21:24,18050.0,1500.0,1168700.0
717,2021-10-01 10:21:24,18050.0,500.0,1167200.0
718,2021-10-01 10:21:24,18050.0,300.0,1166700.0
719,2021-10-01 10:21:24,18050.0,100.0,1166400.0
720,2021-10-01 10:21:24,18050.0,3000.0,1166300.0
721,2021-10-01 10:21:24,18050.0,200.0,1163300.0
722,2021-10-01 10:21:24,18050.0,100.0,1163100.0
723,2021-10-01 10:21:24,18050.0,500.0,1163000.0
724,2021-10-01 10:21:24,18050.0,200.0,1162500.0
725,2021-10-01 10:21:24,18050.0,1000.0,1162300.0
726,2021-10-01 10:21:24,18050.0,5000.0,1161300.0
727,2021-10-01 10:21:24,18050.0,600.0,1156300.0
728,2021-10-01 10:21:24,18050.0,300.0,1155700.0
729,2021-10-01 10:21:24,18050.0,100.0,1155400.0
730,2021-10-01 10:21:24,18050.0,1000.0,1155300.0
731,2021-10-01 10:21:24,18050.0,1000.0,1154300.0
732,2021-10-01 10:21:24,18050.0,4800.0,1153300.0
733,2021-10-01 10:21:24,18050.0,100.0,1148500.0
734,2021-10-01 10:21:24,18050.0,8000.0,1148400.0
735,2021-10-01 10:21:24,18050.0,2000.0,1140400.0
736,2021-10-01 10:21:24,18050.0,900.0,1138400.0
737,2021-10-01 10:21:24,18050.0,1000.0,1137500.0
738,2021-10-01 10:21:24,18050.0,4500.0,1136500.0
739,2021-10-01 10:21:24,18050.0,30000.0,1132000.0
740,2021-10-01 10:21:24,18050.0,300.0,1102000.0
741,2021-10-01 10:21:24,18050.0,5000.0,1101700.0
742,2021-10-01 10:21:24,18050.0,200.0,1096700.0
743,2021-10-01 10:21:24,18050.0,20000.0,1096500.0
744,2021-10-01 10:21:24,18050.0,100.0,1076500.0
745,2021-10-01 10:21:24,18050.0,100.0,1076400.0
746,2021-10-01 10:21:24,18050.0,2500.0,1076300.0
747,2021-10-01 10:16:03,18050.0,300.0,1073800.0
748,2021-10-01 10:16:03,18050.0,1000.0,1073500.0
749,2021-10-01 10:16:03,18050.0,600.0,1072500.0
750,2021-10-01 10:16:00,18050.0,1500.0,1071900.0
751,2021-10-01 10:15:55,18050.0,500.0,1070400.0
752,2021-10-01 10:15:48,18050.0,100.0,1069900.0
753,2021-10-01 10:15:26,18050.0,2300.0,1069800.0
754,2021-10-01 10:15:26,18050.0,200.0,1067500.0
755,2021-10-01 10:15:26,18050.0,200.0,1067300.0
756,2021-10-01 10:15:26,18050.0,100.0,1067100.0
757,2021-10-01 10:15:26,18050.0,1100.0,1067000.0
758,2021-10-01 10:15:26,18050.0,1000.0,1065900.0
759,2021-10-01 10:15:26,18050.0,2000.0,1064900.0
760,2021-10-01 10:15:26,18050.0,1300.0,1062900.0
761,2021-10-01 10:15:26,18050.0,51800.0,1061600.0
762,2021-10-01 10:15:21,18050.0,500.0,1009800.0
763,2021-10-01 10:15:20,18050.0,3300.0,1009300.0
764,2021-10-01 10:14:45,18050.0,1000.0,1006000.0
765,2021-10-01 10:14:45,18050.0,2500.0,1005000.0
766,2021-10-01 10:13:58,18050.0,100.0,1002500.0
767,2021-10-01 10:13:38,18050.0,200.0,1002400.0
768,2021-10-01 10:13:35,18050.0,3000.0,1002200.0
769,2021-10-01 10:13:32,18050.0,1000.0,999200.0
770,2021-10-01 10:13:12,18050.0,100.0,998200.0
771,2021-10-01 10:13:07,18050.0,2000.0,998100.0
772,2021-10-01 10:13:06,18050.0,1000.0,996100.0
773,2021-10-01 10:13:05,18050.0,600.0,995100.0
774,2021-10-01 10:12:21,18050.0,1000.0,994500.0
775,2021-10-01 10:11:53,18050.0,1000.0,993500.0
776,2021-10-01 10:11:30,18050.0,1000.0,992500.0
777,2021-10-01 10:11:19,18050.0,700.0,991500.0
778,2021-10-01 10:11:12,18050.0,10000.0,990800.0
779,2021-10-01 10:10:58,18050.0,300.0,980800.0
780,2021-10-01 10:10:16,18050.0,1000.0,980500.0
781,2021-10-01 10:10:08,18050.0,300.0,979500.0
782,2021-10-01 10:10:06,18050.0,2000.0,979200.0
783,2021-10-01 10:10:06,18050.0,100.0,977200.0
784,2021-10-01 10:09:54,18050.0,7000.0,977100.0
785,2021-10-01 10:09:40,18050.0,500.0,970100.0
786,2021-10-01 10:09:34,18050.0,200.0,969600.0
787,2021-10-01 10:09:28,18050.0,700.0,969400.0
788,2021-10-01 10:09:05,18050.0,1000.0,968700.0
789,2021-10-01 10:09:05,18050.0,300.0,967700.0
790,2021-10-01 10:09:05,18050.0,3000.0,967400.0
791,2021-10-01 10:09:05,18050.0,500.0,964400.0
792,2021-10-01 10:09:05,18050.0,100.0,963900.0
793,2021-10-01 10:09:05,18050.0,1000.0,963800.0
794,2021-10-01 10:09:05,18050.0,1200.0,962800.0
795,2021-10-01 10:08:40,18050.0,300.0,961600.0
796,2021-10-01 10:08:34,18050.0,100.0,961300.0
797,2021-10-01 10:08:30,18050.0,400.0,961200.0
798,2021-10-01 10:08:22,18050.0,200.0,960800.0
799,2021-10-01 10:08:21,18050.0,400.0,960600.0
800,2021-10-01 10:08:18,18050.0,1000.0,960200.0
801,2021-10-01 10:08:14,18050.0,100.0,959200.0
802,2021-10-01 10:08:13,18050.0,500.0,959100.0
803,2021-10-01 10:08:13,18050.0,100.0,958600.0
804,2021-10-01 10:08:13,18050.0,1200.0,958500.0
805,2021-10-01 10:08:12,18050.0,500.0,957300.0
806,2021-10-01 10:08:11,18050.0,1900.0,956800.0
807,2021-10-01 10:08:11,18050.0,100.0,954900.0
808,2021-10-01 10:08:11,18050.0,100.0,954800.0
809,2021-10-01 10:08:11,18050.0,100.0,954700.0
810,2021-10-01 10:08:11,18050.0,100.0,954600.0
811,2021-10-01 10:08:11,18050.0,100.0,954500.0
812,2021-10-01 10:08:11,18050.0,600.0,954400.0
813,2021-10-01 10:08:10,18050.0,1400.0,953800.0
814,2021-10-01 10:08:10,18050.0,100.0,952400.0
815,2021-10-01 10:08:10,18050.0,500.0,952300.0
816,2021-10-01 10:08:10,18050.0,100.0,951800.0
817,2021-10-01 10:08:10,18050.0,500.0,951700.0
818,2021-10-01 10:08:10,18050.0,300.0,951200.0
819,2021-10-01 10:08:10,18050.0,1000.0,950900.0
820,2021-10-01 10:08:10,18050.0,7100.0,949900.0
821,2021-10-01 10:07:57,18050.0,500.0,942800.0
822,2021-10-01 10:07:54,18050.0,2400.0,942300.0
823,2021-10-01 10:07:54,18050.0,1000.0,939900.0
824,2021-10-01 10:07:54,18050.0,2600.0,938900.0
825,2021-10-01 10:07:50,18050.0,4000.0,936300.0
826,2021-10-01 10:07:45,18050.0,1400.0,932300.0
827,2021-10-01 10:07:22,18050.0,5000.0,930900.0
828,2021-10-01 10:07:16,18050.0,100.0,925900.0
829,2021-10-01 10:07:13,18050.0,500.0,925800.0
830,2021-10-01 10:07:08,18050.0,6400.0,925300.0
831,2021-10-01 10:07:08,18050.0,23600.0,918900.0
832,2021-10-01 10:07:05,18050.0,100.0,895300.0
833,2021-10-01 10:07:01,18050.0,300.0,895200.0
834,2021-10-01 10:06:57,18050.0,1000.0,894900.0
835,2021-10-01 10:06:52,18050.0,5700.0,893900.0
836,2021-10-01 10:06:41,18050.0,500.0,888200.0
837,2021-10-01 10:06:36,18050.0,200.0,887700.0
838,2021-10-01 10:06:35,18050.0,1000.0,887500.0
839,2021-10-01 10:06:32,18050.0,300.0,886500.0
840,2021-10-01 10:06:25,18050.0,2000.0,886200.0
841,2021-10-01 10:06:20,18050.0,3000.0,884200.0
842,2021-10-01 10:06:10,18050.0,100.0,881200.0
843,2021-10-01 10:06:04,18050.0,1500.0,881100.0
844,2021-10-01 10:05:56,18050.0,500.0,879600.0
845,2021-10-01 10:05:35,18050.0,1000.0,879100.0
846,2021-10-01 10:05:27,18050.0,300.0,878100.0
847,2021-10-01 10:04:49,18050.0,10000.0,877800.0
848,2021-10-01 10:04:49,18000.0,700.0,867800.0
849,2021-10-01 10:04:49,18000.0,200.0,867100.0
850,2021-10-01 10:04:31,18050.0,1000.0,866900.0
851,2021-10-01 10:04:14,18050.0,100.0,865900.0
852,2021-10-01 10:04:01,18050.0,1900.0,865800.0
853,2021-10-01 10:04:00,18050.0,1000.0,863900.0
854,2021-10-01 10:03:49,18050.0,800.0,862900.0
855,2021-10-01 10:03:48,18000.0,100.0,862100.0
856,2021-10-01 10:03:48,18000.0,200.0,862000.0
857,2021-10-01 10:03:48,18000.0,2000.0,861800.0
858,2021-10-01 10:03:48,18000.0,100.0,859800.0
859,2021-10-01 10:03:48,18000.0,1200.0,859700.0
860,2021-10-01 10:03:48,18000.0,400.0,858500.0
861,2021-10-01 10:03:48,18000.0,300.0,858100.0
862,2021-10-01 10:03:48,18000.0,100.0,857800.0
863,2021-10-01 10:03:48,18000.0,600.0,857700.0
864,2021-10-01 10:03:42,18050.0,1000.0,857100.0
865,2021-10-01 10:03:39,18050.0,500.0,856100.0
866,2021-10-01 10:03:26,18050.0,100.0,855600.0
867,2021-10-01 10:03:07,18050.0,3000.0,855500.0
868,2021-10-01 10:02:42,18050.0,900.0,852500.0
869,2021-10-01 10:02:39,18000.0,300.0,851600.0
870,2021-10-01 10:02:27,18050.0,200.0,851300.0
871,2021-10-01 10:02:17,18050.0,1000.0,851100.0
872,2021-10-01 10:01:29,18050.0,3000.0,850100.0
873,2021-10-01 10:00:51,18050.0,2000.0,847100.0
874,2021-10-01 10:00:48,18050.0,100.0,845100.0
875,2021-10-01 10:00:18,18050.0,1000.0,845000.0
876,2021-10-01 10:00:18,18050.0,12000.0,844000.0
877,2021-10-01 10:00:18,18050.0,300.0,832000.0
878,2021-10-01 10:00:18,18050.0,1000.0,831700.0
879,2021-10-01 10:00:18,18050.0,8000.0,830700.0
880,2021-10-01 10:00:18,18050.0,5000.0,822700.0
881,2021-10-01 10:00:18,18050.0,1000.0,817700.0
882,2021-10-01 10:00:18,18050.0,300.0,816700.0
883,2021-10-01 10:00:18,18050.0,100.0,816400.0
884,2021-10-01 10:00:18,18050.0,500.0,816300.0
885,2021-10-01 10:00:18,18050.0,200.0,815800.0
886,2021-10-01 10:00:18,18050.0,2900.0,815600.0
887,2021-10-01 09:57:36,18050.0,100.0,812700.0
888,2021-10-01 09:57:31,18050.0,900.0,812600.0
889,2021-10-01 09:57:31,18050.0,1000.0,811700.0
890,2021-10-01 09:57:31,18050.0,200.0,810700.0
891,2021-10-01 09:57:31,18050.0,900.0,810500.0
892,2021-10-01 09:57:21,18050.0,100.0,809600.0
893,2021-10-01 09:57:21,18050.0,900.0,809500.0
894,2021-10-01 09:57:18,18050.0,100.0,808600.0
895,2021-10-01 09:57:18,18050.0,500.0,808500.0
896,2021-10-01 09:57:18,18050.0,1400.0,808000.0
897,2021-10-01 09:57:14,18050.0,300.0,806600.0
898,2021-10-01 09:56:45,18050.0,1400.0,806300.0
899,2021-10-01 09:56:42,18050.0,10000.0,804900.0
900,2021-10-01 09:56:41,18050.0,1200.0,794900.0
901,2021-10-01 09:56:40,18050.0,800.0,793700.0
902,2021-10-01 09:56:33,18050.0,1400.0,792900.0
903,2021-10-01 09:56:12,18050.0,500.0,791500.0
904,2021-10-01 09:56:00,18050.0,300.0,791000.0
905,2021-10-01 09:55:34,18050.0,300.0,790700.0
906,2021-10-01 09:55:33,18050.0,600.0,790400.0
907,2021-10-01 09:55:18,18050.0,1200.0,789800.0
908,2021-10-01 09:55:08,18050.0,3000.0,788600.0
909,2021-10-01 09:55:06,18050.0,1000.0,785600.0
910,2021-10-01 09:55:06,18050.0,500.0,784600.0
911,2021-10-01 09:55:06,18050.0,100.0,784100.0
912,2021-10-01 09:55:06,18050.0,1000.0,784000.0
913,2021-10-01 09:55:06,18050.0,1500.0,783000.0
914,2021-10-01 09:55:06,18050.0,100.0,781500.0
915,2021-10-01 09:55:06,18050.0,300.0,781400.0
916,2021-10-01 09:55:06,18050.0,1000.0,781100.0
917,2021-10-01 09:55:06,18050.0,200.0,780100.0
918,2021-10-01 09:55:06,18050.0,500.0,779900.0
919,2021-10-01 09:55:06,18050.0,200.0,779400.0
920,2021-10-01 09:55:06,18050.0,100.0,779200.0
921,2021-10-01 09:55:06,18050.0,1100.0,779100.0
922,2021-10-01 09:54:39,18050.0,500.0,778000.0
923,2021-10-01 09:54:26,18050.0,700.0,777500.0
924,2021-10-01 09:54:12,18050.0,2700.0,776800.0
925,2021-10-01 09:54:12,18050.0,100.0,774100.0
926,2021-10-01 09:54:00,18050.0,3000.0,774000.0
927,2021-10-01 09:54:00,18050.0,1000.0,771000.0
928,2021-10-01 09:53:58,18050.0,400.0,770000.0
929,2021-10-01 09:53:58,18050.0,1000.0,769600.0
930,2021-10-01 09:53:58,18050.0,500.0,768600.0
931,2021-10-01 09:53:55,18050.0,1000.0,768100.0
932,2021-10-01 09:53:49,18050.0,1000.0,767100.0
933,2021-10-01 09:53:44,18050.0,2200.0,766100.0
934,2021-10-01 09:53:37,18050.0,400.0,763900.0
935,2021-10-01 09:53:37,18050.0,300.0,763500.0
936,2021-10-01 09:53:37,18050.0,300.0,763200.0
937,2021-10-01 09:53:37,18050.0,1000.0,762900.0
938,2021-10-01 09:53:33,18050.0,3700.0,761900.0
939,2021-10-01 09:53:33,18050.0,300.0,758200.0
940,2021-10-01 09:53:33,18050.0,200.0,757900.0
941,2021-10-01 09:53:33,18050.0,2800.0,757700.0
942,2021-10-01 09:53:29,18050.0,200.0,754900.0
943,2021-10-01 09:53:29,18050.0,400.0,754700.0
944,2021-10-01 09:53:21,18050.0,1900.0,754300.0
945,2021-10-01 09:53:17,18050.0,300.0,752400.0
946,2021-10-01 09:53:15,18050.0,1000.0,752100.0
947,2021-10-01 09:53:02,18050.0,1000.0,751100.0
948,2021-10-01 09:53:01,18050.0,200.0,750100.0
949,2021-10-01 09:53:00,18050.0,1000.0,749900.0
950,2021-10-01 09:52:47,18050.0,4800.0,748900.0
951,2021-10-01 09:52:47,18050.0,500.0,744100.0
952,2021-10-01 09:52:47,18050.0,1000.0,743600.0
953,2021-10-01 09:52:47,18050.0,100.0,742600.0
954,2021-10-01 09:52:47,18050.0,600.0,742500.0
955,2021-10-01 09:52:47,18050.0,2000.0,741900.0
956,2021-10-01 09:52:47,18050.0,500.0,739900.0
957,2021-10-01 09:52:47,18050.0,100.0,739400.0
958,2021-10-01 09:52:47,18050.0,100.0,739300.0
959,2021-10-01 09:52:47,18050.0,1100.0,739200.0
960,2021-10-01 09:52:47,18050.0,3000.0,738100.0
961,2021-10-01 09:52:47,18050.0,2000.0,735100.0
962,2021-10-01 09:52:47,18050.0,2000.0,733100.0
963,2021-10-01 09:52:47,18050.0,100.0,731100.0
964,2021-10-01 09:52:47,18050.0,1000.0,731000.0
965,2021-10-01 09:52:47,18050.0,1100.0,730000.0
966,2021-10-01 09:52:35,18050.0,500.0,728900.0
967,2021-10-01 09:52:23,18050.0,500.0,728400.0
968,2021-10-01 09:52:20,18050.0,300.0,727900.0
969,2021-10-01 09:52:18,18050.0,1000.0,727600.0
970,2021-10-01 09:52:12,18050.0,2000.0,726600.0
971,2021-10-01 09:52:12,18050.0,2000.0,724600.0
972,2021-10-01 09:52:07,18050.0,1500.0,722600.0
973,2021-10-01 09:52:05,18050.0,5000.0,721100.0
974,2021-10-01 09:51:59,18050.0,100.0,716100.0
975,2021-10-01 09:51:59,18050.0,4000.0,716000.0
976,2021-10-01 09:51:52,18050.0,200.0,712000.0
977,2021-10-01 09:51:48,18050.0,800.0,711800.0
978,2021-10-01 09:51:40,18050.0,1000.0,711000.0
979,2021-10-01 09:51:35,18050.0,1500.0,710000.0
980,2021-10-01 09:51:32,18050.0,1000.0,708500.0
981,2021-10-01 09:51:20,18050.0,2000.0,707500.0
982,2021-10-01 09:51:12,18050.0,2000.0,705500.0
983,2021-10-01 09:51:09,18050.0,400.0,703500.0
984,2021-10-01 09:51:07,18050.0,1000.0,703100.0
985,2021-10-01 09:50:53,18050.0,2000.0,702100.0
986,2021-10-01 09:50:37,18050.0,6000.0,700100.0
987,2021-10-01 09:50:23,18000.0,100.0,694100.0
988,2021-10-01 09:50:10,18050.0,100.0,694000.0
989,2021-10-01 09:50:10,18050.0,5000.0,693900.0
990,2021-10-01 09:49:42,18050.0,700.0,688900.0
991,2021-10-01 09:49:42,18050.0,2000.0,688200.0
992,2021-10-01 09:49:35,18000.0,100.0,686200.0
993,2021-10-01 09:49:21,18050.0,600.0,686100.0
994,2021-10-01 09:49:06,18050.0,1000.0,685500.0
995,2021-10-01 09:48:58,18050.0,300.0,684500.0
996,2021-10-01 09:48:55,18050.0,500.0,684200.0
997,2021-10-01 09:48:48,18050.0,1200.0,683700.0
998,2021-10-01 09:48:45,18000.0,2000.0,682500.0
999,2021-10-01 09:48:43,18050.0,1400.0,680500.0
1000,2021-10-01 09:48:22,18050.0,100.0,679100.0
1001,2021-10-01 09:48:12,18050.0,700.0,679000.0
1002,2021-10-01 09:48:08,18050.0,3000.0,678300.0
1003,2021-10-01 09:48:05,18050.0,400.0,675300.0
1004,2021-10-01 09:47:39,18050.0,800.0,674900.0
1005,2021-10-01 09:47:39,18050.0,100.0,674100.0
1006,2021-10-01 09:47:39,18050.0,2000.0,674000.0
1007,2021-10-01 09:47:39,18050.0,44200.0,672000.0
1008,2021-10-01 09:47:36,18050.0,9000.0,627800.0
1009,2021-10-01 09:47:27,18050.0,500.0,618800.0
1010,2021-10-01 09:47:19,18050.0,200.0,618300.0
1011,2021-10-01 09:47:01,18050.0,100.0,618100.0
1012,2021-10-01 09:47:01,18050.0,600.0,618000.0
1013,2021-10-01 09:46:56,18050.0,200.0,617400.0
1014,2021-10-01 09:46:53,18000.0,1900.0,617200.0
1015,2021-10-01 09:46:53,18000.0,100.0,615300.0
1016,2021-10-01 09:46:51,18050.0,9100.0,615200.0
1017,2021-10-01 09:46:40,18050.0,900.0,606100.0
1018,2021-10-01 09:46:39,18050.0,1100.0,605200.0
1019,2021-10-01 09:46:39,18050.0,1900.0,604100.0
1020,2021-10-01 09:46:36,18000.0,100.0,602200.0
1021,2021-10-01 09:46:35,18050.0,1000.0,602100.0
1022,2021-10-01 09:46:35,18050.0,600.0,601100.0
1023,2021-10-01 09:46:35,18050.0,3800.0,600500.0
1024,2021-10-01 09:46:29,18050.0,1000.0,596700.0
1025,2021-10-01 09:46:29,18050.0,200.0,595700.0
1026,2021-10-01 09:46:27,18050.0,1500.0,595500.0
1027,2021-10-01 09:46:26,18050.0,100.0,594000.0
1028,2021-10-01 09:46:25,18050.0,500.0,593900.0
1029,2021-10-01 09:46:25,18050.0,1800.0,593400.0
1030,2021-10-01 09:46:25,18050.0,100.0,591600.0
1031,2021-10-01 09:46:25,18050.0,1000.0,591500.0
1032,2021-10-01 09:46:25,18050.0,900.0,590500.0
1033,2021-10-01 09:46:25,18050.0,700.0,589600.0
1034,2021-10-01 09:46:23,18050.0,800.0,588900.0
1035,2021-10-01 09:46:23,18050.0,1200.0,588100.0
1036,2021-10-01 09:46:20,18050.0,400.0,586900.0
1037,2021-10-01 09:46:20,18050.0,600.0,586500.0
1038,2021-10-01 09:46:19,18050.0,400.0,585900.0
1039,2021-10-01 09:46:19,18050.0,2600.0,585500.0
1040,2021-10-01 09:46:19,18050.0,1200.0,582900.0
1041,2021-10-01 09:46:16,18050.0,100.0,581700.0
1042,2021-10-01 09:46:12,18050.0,200.0,581600.0
1043,2021-10-01 09:46:09,18050.0,600.0,581400.0
1044,2021-10-01 09:46:04,18050.0,100.0,580800.0
1045,2021-10-01 09:46:00,18050.0,200.0,580700.0
1046,2021-10-01 09:46:00,18050.0,100.0,580500.0
1047,2021-10-01 09:46:00,18050.0,500.0,580400.0
1048,2021-10-01 09:46:00,18050.0,200.0,579900.0
1049,2021-10-01 09:45:58,18050.0,800.0,579700.0
1050,2021-10-01 09:45:58,18050.0,200.0,578900.0
1051,2021-10-01 09:45:58,18050.0,500.0,578700.0
1052,2021-10-01 09:45:58,18050.0,1500.0,578200.0
1053,2021-10-01 09:45:57,18050.0,1000.0,576700.0
1054,2021-10-01 09:45:56,18050.0,1000.0,575700.0
1055,2021-10-01 09:45:55,18050.0,200.0,574700.0
1056,2021-10-01 09:45:43,18050.0,500.0,574500.0
1057,2021-10-01 09:45:38,18050.0,3300.0,574000.0
1058,2021-10-01 09:45:38,18050.0,500.0,570700.0
1059,2021-10-01 09:45:38,18050.0,1200.0,570200.0
1060,2021-10-01 09:45:38,18000.0,300.0,569000.0
1061,2021-10-01 09:45:38,18000.0,200.0,568700.0
1062,2021-10-01 09:45:36,18050.0,6500.0,568500.0
1063,2021-10-01 09:45:33,18050.0,3000.0,562000.0
1064,2021-10-01 09:45:23,18050.0,100.0,559000.0
1065,2021-10-01 09:45:20,18050.0,1500.0,558900.0
1066,2021-10-01 09:45:06,18050.0,100.0,557400.0
1067,2021-10-01 09:44:55,18000.0,4500.0,557300.0
1068,2021-10-01 09:44:47,18000.0,100.0,552800.0
1069,2021-10-01 09:44:45,18000.0,400.0,552700.0
1070,2021-10-01 09:44:45,18000.0,500.0,552300.0
1071,2021-10-01 09:44:45,18000.0,300.0,551800.0
1072,2021-10-01 09:44:41,18000.0,200.0,551500.0
1073,2021-10-01 09:44:41,18000.0,600.0,551300.0
1074,2021-10-01 09:44:41,18000.0,100.0,550700.0
1075,2021-10-01 09:44:41,18000.0,100.0,550600.0
1076,2021-10-01 09:44:40,18000.0,200.0,550500.0
1077,2021-10-01 09:44:39,18000.0,100.0,550300.0
1078,2021-10-01 09:44:35,18000.0,100.0,550200.0
1079,2021-10-01 09:44:25,18000.0,500.0,550100.0
1080,2021-10-01 09:44:16,18000.0,1100.0,549600.0
1081,2021-10-01 09:44:01,18000.0,300.0,548500.0
1082,2021-10-01 09:44:00,18000.0,2000.0,548200.0
1083,2021-10-01 09:43:59,18000.0,600.0,546200.0
1084,2021-10-01 09:43:59,18000.0,400.0,545600.0
1085,2021-10-01 09:43:50,18000.0,500.0,545200.0
1086,2021-10-01 09:43:46,18000.0,100.0,544700.0
1087,2021-10-01 09:43:46,18000.0,100.0,544600.0
1088,2021-10-01 09:43:27,18000.0,2000.0,544500.0
1089,2021-10-01 09:43:18,18000.0,200.0,542500.0
1090,2021-10-01 09:43:18,18000.0,500.0,542300.0
1091,2021-10-01 09:43:18,18000.0,1000.0,541800.0
1092,2021-10-01 09:43:18,18000.0,1200.0,540800.0
1093,2021-10-01 09:43:17,18000.0,1800.0,539600.0
1094,2021-10-01 09:43:17,18000.0,1000.0,537800.0
1095,2021-10-01 09:43:17,18000.0,1000.0,536800.0
1096,2021-10-01 09:43:17,18000.0,1000.0,535800.0
1097,2021-10-01 09:43:17,18000.0,200.0,534800.0
1098,2021-10-01 09:43:14,18050.0,900.0,534600.0
1099,2021-10-01 09:43:10,18050.0,900.0,533700.0
1100,2021-10-01 09:43:10,18050.0,300.0,532800.0
1101,2021-10-01 09:43:10,18050.0,1400.0,532500.0
1102,2021-10-01 09:43:10,18050.0,700.0,531100.0
1103,2021-10-01 09:43:10,18050.0,3000.0,530400.0
1104,2021-10-01 09:43:10,18050.0,400.0,527400.0
1105,2021-10-01 09:43:08,18050.0,800.0,527000.0
1106,2021-10-01 09:43:08,18050.0,200.0,526200.0
1107,2021-10-01 09:43:06,18050.0,3000.0,526000.0
1108,2021-10-01 09:43:06,18050.0,200.0,523000.0
1109,2021-10-01 09:43:06,18050.0,1000.0,522800.0
1110,2021-10-01 09:43:06,18050.0,100.0,521800.0
1111,2021-10-01 09:43:06,18050.0,1000.0,521700.0
1112,2021-10-01 09:43:06,18050.0,1000.0,520700.0
1113,2021-10-01 09:43:06,18050.0,1000.0,519700.0
1114,2021-10-01 09:43:06,18050.0,100.0,518700.0
1115,2021-10-01 09:43:06,18050.0,100.0,518600.0
1116,2021-10-01 09:43:06,18050.0,500.0,518500.0
1117,2021-10-01 09:43:06,18050.0,500.0,518000.0
1118,2021-10-01 09:43:06,18050.0,300.0,517500.0
1119,2021-10-01 09:43:05,18050.0,1500.0,517200.0
1120,2021-10-01 09:43:05,18050.0,100.0,515700.0
1121,2021-10-01 09:43:05,18050.0,2500.0,515600.0
1122,2021-10-01 09:43:05,18050.0,900.0,513100.0
1123,2021-10-01 09:43:00,18050.0,100.0,512200.0
1124,2021-10-01 09:43:00,18050.0,2000.0,512100.0
1125,2021-10-01 09:43:00,18050.0,600.0,510100.0
1126,2021-10-01 09:43:00,18050.0,100.0,509500.0
1127,2021-10-01 09:43:00,18050.0,700.0,509400.0
1128,2021-10-01 09:43:00,18050.0,100.0,508700.0
1129,2021-10-01 09:43:00,18050.0,200.0,508600.0
1130,2021-10-01 09:43:00,18050.0,1200.0,508400.0
1131,2021-10-01 09:43:00,18050.0,1000.0,507200.0
1132,2021-10-01 09:42:57,18050.0,500.0,506200.0
1133,2021-10-01 09:42:52,18050.0,300.0,505700.0
1134,2021-10-01 09:42:52,18050.0,100.0,505400.0
1135,2021-10-01 09:42:46,18050.0,100.0,505300.0
1136,2021-10-01 09:42:45,18050.0,9600.0,505200.0
1137,2021-10-01 09:42:45,18050.0,2000.0,495600.0
1138,2021-10-01 09:42:45,18050.0,2000.0,493600.0
1139,2021-10-01 09:42:45,18050.0,3400.0,491600.0
1140,2021-10-01 09:42:42,18050.0,500.0,488200.0
1141,2021-10-01 09:42:38,18050.0,3000.0,487700.0
1142,2021-10-01 09:42:36,18050.0,100.0,484700.0
1143,2021-10-01 09:42:36,18050.0,600.0,484600.0
1144,2021-10-01 09:42:36,18050.0,10000.0,484000.0
1145,2021-10-01 09:42:36,18050.0,8200.0,474000.0
1146,2021-10-01 09:42:36,18050.0,1000.0,465800.0
1147,2021-10-01 09:42:36,18050.0,8000.0,464800.0
1148,2021-10-01 09:42:36,18050.0,1000.0,456800.0
1149,2021-10-01 09:42:36,18050.0,500.0,455800.0
1150,2021-10-01 09:42:36,18050.0,200.0,455300.0
1151,2021-10-01 09:42:36,18050.0,400.0,455100.0
1152,2021-10-01 09:41:56,18050.0,300.0,454700.0
1153,2021-10-01 09:41:56,18050.0,500.0,454400.0
1154,2021-10-01 09:41:56,18050.0,1000.0,453900.0
1155,2021-10-01 09:41:56,18050.0,100.0,452900.0
1156,2021-10-01 09:41:56,18050.0,100.0,452800.0
1157,2021-10-01 09:41:56,18050.0,500.0,452700.0
1158,2021-10-01 09:41:56,18050.0,100.0,452200.0
1159,2021-10-01 09:41:56,18050.0,400.0,452100.0
1160,2021-10-01 09:41:44,18050.0,1300.0,451700.0
1161,2021-10-01 09:41:44,18050.0,200.0,450400.0
1162,2021-10-01 09:41:43,18050.0,100.0,450200.0
1163,2021-10-01 09:41:29,18050.0,100.0,450100.0
1164,2021-10-01 09:41:28,18050.0,500.0,450000.0
1165,2021-10-01 09:41:28,18050.0,200.0,449500.0
1166,2021-10-01 09:41:28,18050.0,100.0,449300.0
1167,2021-10-01 09:41:28,18050.0,200.0,449200.0
1168,2021-10-01 09:41:28,18050.0,200.0,449000.0
1169,2021-10-01 09:41:28,18050.0,200.0,448800.0
1170,2021-10-01 09:41:28,18050.0,500.0,448600.0
1171,2021-10-01 09:41:28,18050.0,1000.0,448100.0
1172,2021-10-01 09:41:28,18050.0,1000.0,447100.0
1173,2021-10-01 09:41:28,18050.0,200.0,446100.0
1174,2021-10-01 09:41:12,18050.0,400.0,445900.0
1175,2021-10-01 09:40:58,18050.0,600.0,445500.0
1176,2021-10-01 09:40:58,18050.0,19400.0,444900.0
1177,2021-10-01 09:40:21,18050.0,14000.0,425500.0
1178,2021-10-01 09:38:49,18050.0,6600.0,411500.0
1179,2021-10-01 09:38:49,18050.0,500.0,404900.0
1180,2021-10-01 09:38:49,18050.0,2000.0,404400.0
1181,2021-10-01 09:38:49,18050.0,900.0,402400.0
1182,2021-10-01 09:38:00,18050.0,1000.0,401500.0
1183,2021-10-01 09:38:00,18050.0,300.0,400500.0
1184,2021-10-01 09:37:45,18050.0,5300.0,400200.0
1185,2021-10-01 09:37:18,18050.0,10000.0,394900.0
1186,2021-10-01 09:37:08,18050.0,400.0,384900.0
1187,2021-10-01 09:36:54,18050.0,200.0,384500.0
1188,2021-10-01 09:36:45,18050.0,10000.0,384300.0
1189,2021-10-01 09:36:29,18050.0,200.0,374300.0
1190,2021-10-01 09:36:15,18050.0,10000.0,374100.0
1191,2021-10-01 09:36:01,18050.0,400.0,364100.0
1192,2021-10-01 09:35:45,18050.0,10000.0,363700.0
1193,2021-10-01 09:34:58,18050.0,1300.0,353700.0
1194,2021-10-01 09:34:58,18050.0,2000.0,352400.0
1195,2021-10-01 09:34:58,18050.0,3000.0,350400.0
1196,2021-10-01 09:34:58,18050.0,10000.0,347400.0
1197,2021-10-01 09:34:58,18050.0,2000.0,337400.0
1198,2021-10-01 09:34:58,18050.0,400.0,335400.0
1199,2021-10-01 09:34:58,18050.0,1000.0,335000.0
1200,2021-10-01 09:34:58,18050.0,300.0,334000.0
1201,2021-10-01 09:34:54,18050.0,1000.0,333700.0
1202,2021-10-01 09:34:51,18050.0,1000.0,332700.0
1203,2021-10-01 09:34:51,18050.0,200.0,331700.0
1204,2021-10-01 09:34:51,18050.0,1800.0,331500.0
1205,2021-10-01 09:34:08,18050.0,2000.0,329700.0
1206,2021-10-01 09:31:41,18050.0,100.0,327700.0
1207,2021-10-01 09:31:26,18050.0,6100.0,327600.0
1208,2021-10-01 09:31:26,18050.0,500.0,321500.0
1209,2021-10-01 09:31:26,18050.0,300.0,321000.0
1210,2021-10-01 09:31:26,18050.0,2000.0,320700.0
1211,2021-10-01 09:31:26,18050.0,100.0,318700.0
1212,2021-10-01 09:31:26,18050.0,1000.0,318600.0
1213,2021-10-01 09:30:52,18050.0,100.0,317600.0
1214,2021-10-01 09:30:52,18050.0,800.0,317500.0
1215,2021-10-01 09:30:52,18050.0,100.0,316700.0
1216,2021-10-01 09:30:52,18050.0,200.0,316600.0
1217,2021-10-01 09:30:52,18050.0,1000.0,316400.0
1218,2021-10-01 09:30:52,18050.0,300.0,315400.0
1219,2021-10-01 09:30:52,18050.0,400.0,315100.0
1220,2021-10-01 09:30:52,18050.0,200.0,314700.0
1221,2021-10-01 09:30:52,18050.0,6900.0,314500.0
1222,2021-10-01 09:30:49,18050.0,1000.0,307600.0
1223,2021-10-01 09:30:46,18050.0,200.0,306600.0
1224,2021-10-01 09:30:17,18050.0,10000.0,306400.0
1225,2021-10-01 09:29:33,18050.0,500.0,296400.0
1226,2021-10-01 09:29:28,18050.0,7400.0,295900.0
1227,2021-10-01 09:29:28,18050.0,2600.0,288500.0
1228,2021-10-01 09:28:47,18050.0,400.0,285900.0
1229,2021-10-01 09:28:47,18050.0,300.0,285500.0
1230,2021-10-01 09:28:47,18050.0,3300.0,285200.0
1231,2021-10-01 09:28:42,18050.0,1300.0,281900.0
1232,2021-10-01 09:28:38,18050.0,400.0,280600.0
1233,2021-10-01 09:28:38,18050.0,3000.0,280200.0
1234,2021-10-01 09:28:38,18050.0,5000.0,277200.0
1235,2021-10-01 09:28:38,18050.0,100.0,272200.0
1236,2021-10-01 09:28:38,18050.0,1000.0,272100.0
1237,2021-10-01 09:28:38,18050.0,200.0,271100.0
1238,2021-10-01 09:28:38,18050.0,300.0,270900.0
1239,2021-10-01 09:27:36,18050.0,100.0,270600.0
1240,2021-10-01 09:27:33,18050.0,200.0,270500.0
1241,2021-10-01 09:27:30,18050.0,100.0,270300.0
1242,2021-10-01 09:27:19,18050.0,100.0,270200.0
1243,2021-10-01 09:27:09,18050.0,1000.0,270100.0
1244,2021-10-01 09:26:37,18050.0,1000.0,269100.0
1245,2021-10-01 09:26:12,18050.0,200.0,268100.0
1246,2021-10-01 09:26:11,18050.0,1000.0,267900.0
1247,2021-10-01 09:26:11,18050.0,3000.0,266900.0
1248,2021-10-01 09:26:11,18050.0,100.0,263900.0
1249,2021-10-01 09:26:11,18050.0,1900.0,263800.0
1250,2021-10-01 09:25:21,18050.0,500.0,261900.0
1251,2021-10-01 09:23:34,18050.0,2600.0,261400.0
1252,2021-10-01 09:23:34,18050.0,1500.0,258800.0
1253,2021-10-01 09:23:34,18050.0,2000.0,257300.0
1254,2021-10-01 09:23:34,18050.0,500.0,255300.0
1255,2021-10-01 09:23:34,18050.0,100.0,254800.0
1256,2021-10-01 09:23:34,18050.0,2000.0,254700.0
1257,2021-10-01 09:23:34,18050.0,100.0,252700.0
1258,2021-10-01 09:23:34,18050.0,5500.0,252600.0
1259,2021-10-01 09:23:34,18050.0,100.0,247100.0
1260,2021-10-01 09:23:34,18050.0,500.0,247000.0
1261,2021-10-01 09:23:34,18050.0,100.0,246500.0
1262,2021-10-01 09:22:59,18050.0,100.0,246400.0
1263,2021-10-01 09:22:59,18050.0,200.0,246300.0
1264,2021-10-01 09:22:59,18050.0,900.0,246100.0
1265,2021-10-01 09:22:59,18050.0,500.0,245200.0
1266,2021-10-01 09:22:59,18050.0,300.0,244700.0
1267,2021-10-01 09:22:57,18050.0,1500.0,244400.0
1268,2021-10-01 09:22:57,18050.0,100.0,242900.0
1269,2021-10-01 09:22:57,18050.0,5000.0,242800.0
1270,2021-10-01 09:22:57,18050.0,36000.0,237800.0
1271,2021-10-01 09:22:57,18050.0,200.0,201800.0
1272,2021-10-01 09:22:57,18050.0,300.0,201600.0
1273,2021-10-01 09:22:57,18050.0,1000.0,201300.0
1274,2021-10-01 09:22:57,18050.0,10000.0,200300.0
1275,2021-10-01 09:22:57,18050.0,9600.0,190300.0
1276,2021-10-01 09:22:57,18050.0,100.0,180700.0
1277,2021-10-01 09:22:57,18050.0,300.0,180600.0
1278,2021-10-01 09:22:57,18050.0,100.0,180300.0
1279,2021-10-01 09:22:57,18050.0,500.0,180200.0
1280,2021-10-01 09:22:57,18050.0,400.0,179700.0
1281,2021-10-01 09:22:57,18050.0,34900.0,179300.0
1282,2021-10-01 09:22:54,18050.0,200.0,144400.0
1283,2021-10-01 09:21:36,18050.0,200.0,144200.0
1284,2021-10-01 09:20:44,18050.0,10000.0,144000.0
1285,2021-10-01 09:20:28,18050.0,1000.0,134000.0
1286,2021-10-01 09:19:34,18050.0,800.0,133000.0
1287,2021-10-01 09:19:27,18050.0,1200.0,132200.0
1288,2021-10-01 09:18:12,18050.0,1700.0,131000.0
1289,2021-10-01 09:18:12,18050.0,400.0,129300.0
1290,2021-10-01 09:18:12,18050.0,2900.0,128900.0
1291,2021-10-01 09:17:49,18050.0,100.0,126000.0
1292,2021-10-01 09:17:39,18050.0,200.0,125900.0
1293,2021-10-01 09:17:32,18050.0,200.0,125700.0
1294,2021-10-01 09:17:27,18050.0,1600.0,125500.0
1295,2021-10-01 09:17:27,18050.0,500.0,123900.0
1296,2021-10-01 09:17:27,18050.0,100.0,123400.0
1297,2021-10-01 09:17:27,18050.0,800.0,123300.0
1298,2021-10-01 09:15:53,18050.0,200.0,122500.0
1299,2021-10-01 09:15:53,18050.0,300.0,122300.0
1300,2021-10-01 09:15:26,18050.0,900.0,122000.0
1301,2021-10-01 09:15:26,18050.0,400.0,121100.0
1302,2021-10-01 09:15:04,18050.0,600.0,120700.0
1303,2021-10-01 09:15:00,18050.0,100.0,120100.0
1304,2021-10-01 09:15:00,18050.0,100.0,120000.0
1305,2021-10-01 09:15:00,18050.0,100.0,119900.0
1306,2021-10-01 09:15:00,18050.0,100.0,119800.0
1307,2021-10-01 09:15:00,18050.0,500.0,119700.0
1308,2021-10-01 09:15:00,18050.0,200.0,119200.0
1309,2021-10-01 09:15:00,18050.0,1200.0,119000.0
1310,2021-10-01 09:15:00,18050.0,1000.0,117800.0
1311,2021-10-01 09:15:00,18050.0,300.0,116800.0
1312,2021-10-01 09:15:00,18050.0,200.0,116500.0
1313,2021-10-01 09:15:00,18050.0,300.0,116300.0
1314,2021-10-01 09:15:00,18050.0,500.0,116000.0
1315,2021-10-01 09:15:00,18050.0,200.0,115500.0
1316,2021-10-01 09:15:00,18050.0,800.0,115300.0
1317,2021-10-01 09:15:00,18050.0,200.0,114500.0
1318,2021-10-01 09:15:00,18050.0,1000.0,114300.0
1319,2021-10-01 09:15:00,18050.0,800.0,113300.0
1320,2021-10-01 09:15:00,18050.0,2000.0,112500.0
1321,2021-10-01 09:15:00,18050.0,7200.0,110500.0
1322,2021-10-01 09:15:00,18050.0,1000.0,103300.0
1323,2021-10-01 09:15:00,18050.0,1000.0,102300.0
1324,2021-10-01 09:15:00,18050.0,500.0,101300.0
1325,2021-10-01 09:15:00,18050.0,300.0,100800.0
1326,2021-10-01 09:15:00,18050.0,100.0,100500.0
1327,2021-10-01 09:15:00,18050.0,1000.0,100400.0
1328,2021-10-01 09:15:00,18050.0,2500.0,99400.0
1329,2021-10-01 09:15:00,18050.0,200.0,96900.0
1330,2021-10-01 09:15:00,18050.0,900.0,96700.0
1331,2021-10-01 09:15:00,18050.0,500.0,95800.0
1332,2021-10-01 09:15:00,18050.0,600.0,95300.0
1333,2021-10-01 09:15:00,18050.0,100.0,94700.0
1334,2021-10-01 09:15:00,18050.0,200.0,94600.0
1335,2021-10-01 09:15:00,18050.0,100.0,94400.0
1336,2021-10-01 09:15:00,18050.0,900.0,94300.0
1337,2021-10-01 09:15:00,18050.0,600.0,93400.0
1338,2021-10-01 09:15:00,18050.0,400.0,92800.0
1339,2021-10-01 09:15:00,18050.0,2600.0,92400.0
1340,2021-10-01 09:15:00,18050.0,2000.0,89800.0
1341,2021-10-01 09:15:00,18050.0,5000.0,87800.0
1342,2021-10-01 09:15:00,18050.0,400.0,82800.0
1343,2021-10-01 09:15:00,18050.0,400.0,82400.0
1344,2021-10-01 09:15:00,18050.0,200.0,82000.0
1345,2021-10-01 09:15:00,18050.0,100.0,81800.0
1346,2021-10-01 09:15:00,18050.0,200.0,81700.0
1347,2021-10-01 09:15:00,18050.0,1300.0,81500.0
1348,2021-10-01 09:15:00,18050.0,400.0,80200.0
1349,2021-10-01 09:15:00,18050.0,2500.0,79800.0
1350,2021-10-01 09:15:00,18050.0,500.0,77300.0
1351,2021-10-01 09:15:00,18050.0,300.0,76800.0
1352,2021-10-01 09:15:00,18050.0,5500.0,76500.0
1353,2021-10-01 09:15:00,18050.0,1000.0,71000.0
1354,2021-10-01 09:15:00,18050.0,500.0,70000.0
1355,2021-10-01 09:15:00,18050.0,1000.0,69500.0
1356,2021-10-01 09:15:00,18050.0,2000.0,68500.0
1357,2021-10-01 09:15:00,18050.0,200.0,66500.0
1358,2021-10-01 09:15:00,18050.0,1600.0,66300.0
1359,2021-10-01 09:15:00,18050.0,200.0,64700.0
1360,2021-10-01 09:15:00,18050.0,800.0,64500.0
1361,2021-10-01 09:15:00,18050.0,100.0,63700.0
1362,2021-10-01 09:15:00,18050.0,500.0,63600.0
1363,2021-10-01 09:15:00,18050.0,3200.0,63100.0
1364,2021-10-01 09:15:00,18050.0,500.0,59900.0
1365,2021-10-01 09:15:00,18050.0,100.0,59400.0
1366,2021-10-01 09:15:00,18050.0,100.0,59300.0
1367,2021-10-01 09:15:00,18050.0,1100.0,59200.0
1368,2021-10-01 09:15:00,18050.0,900.0,58100.0
1369,2021-10-01 09:15:00,18050.0,1000.0,57200.0
1370,2021-10-01 09:15:00,18050.0,2000.0,56200.0
1371,2021-10-01 09:15:00,18050.0,100.0,54200.0
1372,2021-10-01 09:15:00,18050.0,100.0,54100.0
1373,2021-10-01 09:15:00,18050.0,1200.0,54000.0
1374,2021-10-01 09:15:00,18050.0,300.0,52800.0
1375,2021-10-01 09:15:00,18050.0,700.0,52500.0
1376,2021-10-01 09:15:00,18050.0,200.0,51800.0
1377,2021-10-01 09:15:00,18050.0,500.0,51600.0
1378,2021-10-01 09:15:00,18050.0,1000.0,51100.0
1379,2021-10-01 09:15:00,18050.0,2600.0,50100.0
1380,2021-10-01 09:15:00,18050.0,500.0,47500.0
1381,2021-10-01 09:15:00,18050.0,1000.0,47000.0
1382,2021-10-01 09:15:00,18050.0,1200.0,46000.0
1383,2021-10-01 09:15:00,18050.0,1000.0,44800.0
1384,2021-10-01 09:15:00,18050.0,100.0,43800.0
1385,2021-10-01 09:15:00,18050.0,600.0,43700.0
1386,2021-10-01 09:15:00,18050.0,3400.0,43100.0
1387,2021-10-01 09:15:00,18050.0,600.0,39700.0
1388,2021-10-01 09:15:00,18050.0,100.0,39100.0
1389,2021-10-01 09:15:00,18050.0,200.0,39000.0
1390,2021-10-01 09:15:00,18050.0,4100.0,38800.0
1391,2021-10-01 09:15:00,18050.0,900.0,34700.0
1392,2021-10-01 09:15:00,18050.0,4100.0,33800.0
1393,2021-10-01 09:15:00,18050.0,100.0,29700.0
1394,2021-10-01 09:15:00,18050.0,3000.0,29600.0
1395,2021-10-01 09:15:00,18050.0,4000.0,26600.0
1396,2021-10-01 09:15:00,18050.0,500.0,22600.0
1397,2021-10-01 09:15:00,18050.0,3000.0,22100.0
1398,2021-10-01 09:15:00,18050.0,3000.0,19100.0
1399,2021-10-01 09:15:00,18050.0,300.0,16100.0
1400,2021-10-01 09:15:00,18050.0,100.0,15800.0
1401,2021-10-01 09:15:00,18050.0,1900.0,15700.0
1402,2021-10-01 09:15:00,18050.0,300.0,13800.0
1403,2021-10-01 09:15:00,18050.0,1800.0,13500.0
1404,2021-10-01 09:15:00,18050.0,200.0,11700.0
1405,2021-10-01 09:15:00,18050.0,800.0,11500.0
1406,2021-10-01 09:15:00,18050.0,100.0,10700.0
1407,2021-10-01 09:15:00,18050.0,100.0,10600.0
1408,2021-10-01 09:15:00,18050.0,100.0,10500.0
1409,2021-10-01 09:15:00,18050.0,100.0,10400.0
1410,2021-10-01 09:15:00,18050.0,100.0,10300.0
1411,2021-10-01 09:15:00,18050.0,100.0,10200.0
1412,2021-10-01 09:15:00,18050.0,8600.0,10100.0
1413,2021-10-01 09:15:00,18050.0,1400.0,1500.0
1414,2021-10-01 09:15:00,18050.0,100.0,100.0
