,Time,Price,Volume_per_trade,Volume
0,2021-10-07 07:45:01,16650.0,3600.0,826500.0
1,2021-10-07 07:45:01,16650.0,400.0,822900.0
2,2021-10-07 07:45:01,16650.0,1000.0,822500.0
3,2021-10-07 07:45:01,16650.0,300.0,821500.0
4,2021-10-07 07:45:01,16650.0,1000.0,821200.0
5,2021-10-07 07:45:01,16650.0,100.0,820200.0
6,2021-10-07 07:45:01,16650.0,500.0,820100.0
7,2021-10-07 07:45:01,16650.0,200.0,819600.0
8,2021-10-07 07:45:01,16650.0,100.0,819400.0
9,2021-10-07 07:45:01,16650.0,200.0,819300.0
10,2021-10-07 07:45:01,16650.0,300.0,819100.0
11,2021-10-07 07:45:01,16650.0,300.0,818800.0
12,2021-10-07 07:45:01,16650.0,1000.0,818500.0
13,2021-10-07 07:45:01,16650.0,5000.0,817500.0
14,2021-10-07 07:45:01,16650.0,200.0,812500.0
15,2021-10-07 07:45:01,16650.0,300.0,812300.0
16,2021-10-07 07:45:01,16650.0,3000.0,812000.0
17,2021-10-07 07:45:01,16650.0,2500.0,809000.0
18,2021-10-07 07:45:01,16650.0,2500.0,806500.0
19,2021-10-07 07:45:01,16650.0,200.0,804000.0
20,2021-10-07 07:45:01,16650.0,200.0,803800.0
21,2021-10-07 07:45:01,16650.0,600.0,803600.0
22,2021-10-07 07:45:01,16650.0,1000.0,803000.0
23,2021-10-07 07:45:01,16650.0,6000.0,802000.0
24,2021-10-07 07:45:01,16650.0,500.0,796000.0
25,2021-10-07 07:45:01,16650.0,1000.0,795500.0
26,2021-10-07 07:45:01,16650.0,500.0,794500.0
27,2021-10-07 07:45:01,16650.0,3000.0,794000.0
28,2021-10-07 07:45:01,16650.0,500.0,791000.0
29,2021-10-07 07:45:01,16650.0,200.0,790500.0
30,2021-10-07 07:45:01,16650.0,100.0,790300.0
31,2021-10-07 07:45:01,16650.0,100.0,790200.0
32,2021-10-07 07:45:01,16650.0,5000.0,790100.0
33,2021-10-07 07:45:01,16650.0,8600.0,785100.0
34,2021-10-07 07:45:01,16650.0,500.0,776500.0
35,2021-10-07 07:45:01,16650.0,900.0,776000.0
36,2021-10-07 07:45:01,16650.0,5000.0,775100.0
37,2021-10-07 07:45:01,16650.0,100.0,770100.0
38,2021-10-07 07:45:01,16650.0,100.0,770000.0
39,2021-10-07 07:45:01,16650.0,900.0,769900.0
40,2021-10-07 07:45:01,16650.0,200.0,769000.0
41,2021-10-07 07:45:01,16650.0,100.0,768800.0
42,2021-10-07 07:45:01,16650.0,500.0,768700.0
43,2021-10-07 07:45:01,16650.0,100.0,768200.0
44,2021-10-07 07:45:01,16650.0,4000.0,768100.0
45,2021-10-07 07:45:01,16650.0,2000.0,764100.0
46,2021-10-07 07:45:01,16650.0,1100.0,762100.0
47,2021-10-07 07:45:01,16650.0,900.0,761000.0
48,2021-10-07 07:45:01,16650.0,100.0,760100.0
49,2021-10-07 07:45:01,16650.0,200.0,760000.0
50,2021-10-07 07:45:01,16650.0,200.0,759800.0
51,2021-10-07 07:45:01,16650.0,600.0,759600.0
52,2021-10-07 07:45:01,16650.0,3000.0,759000.0
53,2021-10-07 07:45:01,16650.0,1000.0,756000.0
54,2021-10-07 07:45:01,16650.0,100.0,755000.0
55,2021-10-07 07:45:01,16650.0,1000.0,754900.0
56,2021-10-07 07:45:01,16650.0,2000.0,753900.0
57,2021-10-07 07:45:01,16650.0,200.0,751900.0
58,2021-10-07 07:45:01,16650.0,5000.0,751700.0
59,2021-10-07 07:45:01,16650.0,700.0,746700.0
60,2021-10-07 07:45:01,16650.0,300.0,746000.0
61,2021-10-07 07:45:01,16650.0,1500.0,745700.0
62,2021-10-07 07:45:01,16650.0,200.0,744200.0
63,2021-10-07 07:45:01,16650.0,200.0,744000.0
64,2021-10-07 07:45:01,16650.0,400.0,743800.0
65,2021-10-07 07:45:01,16650.0,300.0,743400.0
66,2021-10-07 07:45:01,16650.0,100.0,743100.0
67,2021-10-07 07:45:01,16650.0,400.0,743000.0
68,2021-10-07 07:45:01,16650.0,1500.0,742600.0
69,2021-10-07 07:45:01,16650.0,2500.0,741100.0
70,2021-10-07 07:45:01,16650.0,2000.0,738600.0
71,2021-10-07 07:45:01,16650.0,100.0,736600.0
72,2021-10-07 07:45:01,16650.0,2900.0,736500.0
73,2021-10-07 07:45:01,16650.0,1600.0,733600.0
74,2021-10-07 07:45:01,16650.0,900.0,732000.0
75,2021-10-07 07:45:01,16650.0,1500.0,731100.0
76,2021-10-07 07:45:01,16650.0,600.0,729600.0
77,2021-10-07 07:45:01,16650.0,400.0,729000.0
78,2021-10-07 07:45:01,16650.0,200.0,728600.0
79,2021-10-07 07:45:01,16650.0,100.0,728400.0
80,2021-10-07 07:29:29,16800.0,200.0,728300.0
81,2021-10-07 07:29:29,16800.0,100.0,728100.0
82,2021-10-07 07:29:29,16800.0,5000.0,728000.0
83,2021-10-07 07:29:29,16800.0,300.0,723000.0
84,2021-10-07 07:29:29,16800.0,2000.0,722700.0
85,2021-10-07 07:29:29,16800.0,400.0,720700.0
86,2021-10-07 07:29:29,16800.0,200.0,720300.0
87,2021-10-07 07:29:23,16800.0,500.0,720100.0
88,2021-10-07 07:28:50,16800.0,200.0,719600.0
89,2021-10-07 07:27:58,16800.0,100.0,719400.0
90,2021-10-07 07:27:58,16800.0,900.0,719300.0
91,2021-10-07 07:27:10,16800.0,100.0,718400.0
92,2021-10-07 07:27:10,16800.0,400.0,718300.0
93,2021-10-07 07:27:05,16800.0,100.0,717900.0
94,2021-10-07 07:27:05,16800.0,1300.0,717800.0
95,2021-10-07 07:27:05,16800.0,2000.0,716500.0
96,2021-10-07 07:27:05,16800.0,100.0,714500.0
97,2021-10-07 07:27:05,16800.0,100.0,714400.0
98,2021-10-07 07:27:05,16800.0,200.0,714300.0
99,2021-10-07 07:27:05,16800.0,500.0,714100.0
100,2021-10-07 07:27:05,16800.0,100.0,713600.0
101,2021-10-07 07:27:05,16800.0,5000.0,713500.0
102,2021-10-07 07:27:05,16800.0,2000.0,708500.0
103,2021-10-07 07:27:05,16800.0,100.0,706500.0
104,2021-10-07 07:27:05,16800.0,200.0,706400.0
105,2021-10-07 07:27:05,16800.0,300.0,706200.0
106,2021-10-07 07:27:05,16800.0,2700.0,705900.0
107,2021-10-07 07:27:05,16800.0,500.0,703200.0
108,2021-10-07 07:27:05,16800.0,1000.0,702700.0
109,2021-10-07 07:27:05,16800.0,100.0,701700.0
110,2021-10-07 07:27:05,16800.0,3000.0,701600.0
111,2021-10-07 07:27:05,16800.0,700.0,698600.0
112,2021-10-07 07:26:35,16850.0,100.0,697900.0
113,2021-10-07 07:26:30,16800.0,300.0,697800.0
114,2021-10-07 07:26:30,16800.0,1000.0,697500.0
115,2021-10-07 07:26:30,16800.0,100.0,696500.0
116,2021-10-07 07:26:30,16800.0,100.0,696400.0
117,2021-10-07 07:26:30,16800.0,100.0,696300.0
118,2021-10-07 07:26:07,16850.0,100.0,696200.0
119,2021-10-07 07:26:06,16850.0,1000.0,696100.0
120,2021-10-07 07:26:06,16850.0,100.0,695100.0
121,2021-10-07 07:25:52,16850.0,100.0,695000.0
122,2021-10-07 07:25:47,16850.0,3000.0,694900.0
123,2021-10-07 07:25:47,16850.0,700.0,691900.0
124,2021-10-07 07:25:47,16850.0,2000.0,691200.0
125,2021-10-07 07:25:47,16850.0,200.0,689200.0
126,2021-10-07 07:24:58,16850.0,300.0,689000.0
127,2021-10-07 07:24:43,16850.0,200.0,688700.0
128,2021-10-07 07:24:42,16850.0,2600.0,688500.0
129,2021-10-07 07:24:37,16850.0,1000.0,685900.0
130,2021-10-07 07:23:44,16850.0,100.0,684900.0
131,2021-10-07 07:23:43,16850.0,4000.0,684800.0
132,2021-10-07 07:23:26,16850.0,2000.0,680800.0
133,2021-10-07 07:22:59,16850.0,1800.0,678800.0
134,2021-10-07 07:22:59,16850.0,200.0,677000.0
135,2021-10-07 07:22:47,16850.0,500.0,676800.0
136,2021-10-07 07:22:13,16850.0,300.0,676300.0
137,2021-10-07 07:21:05,16800.0,200.0,676000.0
138,2021-10-07 07:20:00,16900.0,700.0,675800.0
139,2021-10-07 07:20:00,16900.0,1000.0,675100.0
140,2021-10-07 07:20:00,16900.0,300.0,674100.0
141,2021-10-07 07:20:00,16850.0,1000.0,673800.0
142,2021-10-07 07:19:55,16850.0,100.0,672800.0
143,2021-10-07 07:18:35,16850.0,1000.0,672700.0
144,2021-10-07 07:18:35,16850.0,2000.0,671700.0
145,2021-10-07 07:17:05,16850.0,2000.0,669700.0
146,2021-10-07 07:17:05,16850.0,500.0,667700.0
147,2021-10-07 07:17:05,16850.0,900.0,667200.0
148,2021-10-07 07:17:05,16850.0,100.0,666300.0
149,2021-10-07 07:16:59,16850.0,1000.0,666200.0
150,2021-10-07 07:16:58,16850.0,900.0,665200.0
151,2021-10-07 07:16:28,16850.0,2700.0,664300.0
152,2021-10-07 07:16:28,16850.0,200.0,661600.0
153,2021-10-07 07:16:28,16850.0,2000.0,661400.0
154,2021-10-07 07:16:28,16850.0,100.0,659400.0
155,2021-10-07 07:16:25,16850.0,200.0,659300.0
156,2021-10-07 07:16:25,16850.0,800.0,659100.0
157,2021-10-07 07:15:37,16850.0,900.0,658300.0
158,2021-10-07 07:15:37,16850.0,1000.0,657400.0
159,2021-10-07 07:15:37,16850.0,1100.0,656400.0
160,2021-10-07 07:14:35,16800.0,700.0,655300.0
161,2021-10-07 07:14:35,16800.0,100.0,654600.0
162,2021-10-07 07:14:35,16800.0,100.0,654500.0
163,2021-10-07 07:14:35,16800.0,300.0,654400.0
164,2021-10-07 07:14:02,16800.0,100.0,654100.0
165,2021-10-07 07:14:02,16800.0,900.0,654000.0
166,2021-10-07 07:13:48,16800.0,100.0,653100.0
167,2021-10-07 07:13:48,16800.0,300.0,653000.0
168,2021-10-07 07:13:23,16800.0,100.0,652700.0
169,2021-10-07 07:13:03,16850.0,100.0,652600.0
170,2021-10-07 07:11:12,16800.0,1100.0,652500.0
171,2021-10-07 07:11:12,16800.0,1000.0,651400.0
172,2021-10-07 07:11:12,16800.0,1800.0,650400.0
173,2021-10-07 07:11:12,16800.0,100.0,648600.0
174,2021-10-07 07:10:47,16800.0,2600.0,648500.0
175,2021-10-07 07:08:25,16850.0,100.0,645900.0
176,2021-10-07 07:05:52,16850.0,1000.0,645800.0
177,2021-10-07 07:05:48,16800.0,300.0,644800.0
178,2021-10-07 07:05:36,16850.0,200.0,644500.0
179,2021-10-07 07:04:52,16850.0,200.0,644300.0
180,2021-10-07 07:04:45,16850.0,100.0,644100.0
181,2021-10-07 07:03:46,16850.0,3000.0,644000.0
182,2021-10-07 07:01:51,16850.0,4000.0,641000.0
183,2021-10-07 07:00:49,16750.0,1000.0,637000.0
184,2021-10-07 07:00:49,16750.0,500.0,636000.0
185,2021-10-07 07:00:49,16750.0,100.0,635500.0
186,2021-10-07 07:00:49,16750.0,100.0,635400.0
187,2021-10-07 07:00:49,16750.0,200.0,635300.0
188,2021-10-07 07:00:49,16750.0,1000.0,635100.0
189,2021-10-07 07:00:49,16750.0,100.0,634100.0
190,2021-10-07 07:00:49,16750.0,200.0,634000.0
191,2021-10-07 07:00:49,16750.0,500.0,633800.0
192,2021-10-07 07:00:49,16750.0,100.0,633300.0
193,2021-10-07 07:00:49,16750.0,1200.0,633200.0
194,2021-10-07 07:00:49,16800.0,200.0,632000.0
195,2021-10-07 06:58:23,16800.0,300.0,631800.0
196,2021-10-07 06:58:23,16800.0,500.0,631500.0
197,2021-10-07 06:58:23,16800.0,100.0,631000.0
198,2021-10-07 06:58:18,16800.0,2000.0,630900.0
199,2021-10-07 06:55:32,16800.0,1900.0,628900.0
200,2021-10-07 06:55:32,16800.0,1100.0,627000.0
201,2021-10-07 06:53:11,16800.0,200.0,625900.0
202,2021-10-07 06:52:50,16850.0,2000.0,625700.0
203,2021-10-07 06:51:28,16800.0,100.0,623700.0
204,2021-10-07 06:50:00,16800.0,700.0,623600.0
205,2021-10-07 06:49:16,16800.0,100.0,622900.0
206,2021-10-07 06:49:16,16800.0,200.0,622800.0
207,2021-10-07 06:46:23,16750.0,100.0,622600.0
208,2021-10-07 06:46:23,16750.0,300.0,622500.0
209,2021-10-07 06:45:11,16800.0,200.0,622200.0
210,2021-10-07 06:44:57,16800.0,100.0,622000.0
211,2021-10-07 06:44:57,16800.0,100.0,621900.0
212,2021-10-07 06:44:01,16800.0,300.0,621800.0
213,2021-10-07 06:43:31,16800.0,500.0,621500.0
214,2021-10-07 06:42:42,16800.0,200.0,621000.0
215,2021-10-07 06:42:34,16800.0,1000.0,620800.0
216,2021-10-07 06:42:34,16800.0,100.0,619800.0
217,2021-10-07 06:42:21,16800.0,200.0,619700.0
218,2021-10-07 06:41:17,16800.0,100.0,619500.0
219,2021-10-07 06:41:13,16800.0,100.0,619400.0
220,2021-10-07 06:40:06,16800.0,500.0,619300.0
221,2021-10-07 06:40:06,16800.0,200.0,618800.0
222,2021-10-07 06:40:06,16800.0,300.0,618600.0
223,2021-10-07 06:40:05,16800.0,1100.0,618300.0
224,2021-10-07 06:39:14,16800.0,100.0,617200.0
225,2021-10-07 06:39:02,16800.0,2100.0,617100.0
226,2021-10-07 06:39:02,16800.0,400.0,615000.0
227,2021-10-07 06:38:13,16800.0,100.0,614600.0
228,2021-10-07 06:37:45,16800.0,100.0,614500.0
229,2021-10-07 06:36:58,16800.0,400.0,614400.0
230,2021-10-07 06:36:58,16800.0,300.0,614000.0
231,2021-10-07 06:36:58,16800.0,300.0,613700.0
232,2021-10-07 06:36:58,16800.0,1400.0,613400.0
233,2021-10-07 06:36:37,16800.0,1200.0,612000.0
234,2021-10-07 06:34:41,16800.0,100.0,610800.0
235,2021-10-07 06:32:46,16750.0,1400.0,610700.0
236,2021-10-07 06:32:46,16750.0,200.0,609300.0
237,2021-10-07 06:32:46,16750.0,3400.0,609100.0
238,2021-10-07 06:29:00,16750.0,100.0,605700.0
239,2021-10-07 06:29:00,16750.0,800.0,605600.0
240,2021-10-07 06:29:00,16750.0,3100.0,604800.0
241,2021-10-07 06:28:19,16750.0,1900.0,601700.0
242,2021-10-07 06:28:19,16750.0,100.0,599800.0
243,2021-10-07 06:28:19,16750.0,5000.0,599700.0
244,2021-10-07 06:28:19,16750.0,300.0,594700.0
245,2021-10-07 06:28:19,16750.0,500.0,594400.0
246,2021-10-07 06:28:19,16750.0,2000.0,593900.0
247,2021-10-07 06:28:19,16750.0,200.0,591900.0
248,2021-10-07 06:27:12,16800.0,300.0,591700.0
249,2021-10-07 06:27:12,16800.0,1700.0,591400.0
250,2021-10-07 06:26:50,16800.0,100.0,589700.0
251,2021-10-07 06:26:33,16800.0,1900.0,589600.0
252,2021-10-07 06:26:09,16800.0,100.0,587700.0
253,2021-10-07 06:26:04,16800.0,200.0,587600.0
254,2021-10-07 06:26:04,16800.0,300.0,587400.0
255,2021-10-07 06:24:58,16800.0,200.0,587100.0
256,2021-10-07 06:24:58,16800.0,300.0,586900.0
257,2021-10-07 06:24:58,16800.0,1000.0,586600.0
258,2021-10-07 06:24:58,16800.0,500.0,585600.0
259,2021-10-07 06:24:13,16750.0,300.0,585100.0
260,2021-10-07 06:23:40,16750.0,200.0,584800.0
261,2021-10-07 06:23:40,16750.0,100.0,584600.0
262,2021-10-07 06:23:40,16750.0,700.0,584500.0
263,2021-10-07 06:23:36,16750.0,400.0,583800.0
264,2021-10-07 06:23:35,16750.0,100.0,583400.0
265,2021-10-07 06:23:35,16750.0,100.0,583300.0
266,2021-10-07 06:23:33,16750.0,1400.0,583200.0
267,2021-10-07 06:23:33,16750.0,100.0,581800.0
268,2021-10-07 06:23:30,16750.0,1300.0,581700.0
269,2021-10-07 06:22:01,16750.0,500.0,580400.0
270,2021-10-07 06:20:16,16750.0,100.0,579900.0
271,2021-10-07 06:20:16,16750.0,200.0,579800.0
272,2021-10-07 06:20:16,16750.0,500.0,579600.0
273,2021-10-07 06:20:16,16750.0,300.0,579100.0
274,2021-10-07 06:20:16,16750.0,400.0,578800.0
275,2021-10-07 06:20:16,16750.0,500.0,578400.0
276,2021-10-07 06:20:16,16750.0,1000.0,577900.0
277,2021-10-07 06:20:16,16750.0,3100.0,576900.0
278,2021-10-07 06:18:10,16750.0,700.0,573800.0
279,2021-10-07 06:18:03,16750.0,500.0,573100.0
280,2021-10-07 06:17:39,16750.0,300.0,572600.0
281,2021-10-07 06:17:00,16750.0,400.0,572300.0
282,2021-10-07 06:17:00,16750.0,100.0,571900.0
283,2021-10-07 06:17:00,16750.0,500.0,571800.0
284,2021-10-07 06:17:00,16750.0,2000.0,571300.0
285,2021-10-07 06:16:19,16750.0,500.0,569300.0
286,2021-10-07 06:16:18,16750.0,4400.0,568800.0
287,2021-10-07 06:16:18,16750.0,100.0,564400.0
288,2021-10-07 06:15:48,16750.0,1900.0,564300.0
289,2021-10-07 06:15:48,16750.0,100.0,562400.0
290,2021-10-07 06:15:30,16800.0,100.0,562300.0
291,2021-10-07 06:14:30,16750.0,3000.0,562200.0
292,2021-10-07 06:13:52,16750.0,400.0,559200.0
293,2021-10-07 06:13:48,16750.0,100.0,558800.0
294,2021-10-07 06:13:31,16700.0,900.0,558700.0
295,2021-10-07 06:13:31,16700.0,500.0,557800.0
296,2021-10-07 06:13:31,16700.0,2000.0,557300.0
297,2021-10-07 06:13:31,16700.0,200.0,555300.0
298,2021-10-07 06:13:31,16700.0,200.0,555100.0
299,2021-10-07 06:13:31,16700.0,5000.0,554900.0
300,2021-10-07 06:13:31,16700.0,1000.0,549900.0
301,2021-10-07 06:13:31,16700.0,200.0,548900.0
302,2021-10-07 06:13:18,16700.0,400.0,548700.0
303,2021-10-07 06:12:51,16750.0,200.0,548300.0
304,2021-10-07 06:12:38,16750.0,200.0,548100.0
305,2021-10-07 06:12:38,16750.0,400.0,547900.0
306,2021-10-07 06:10:59,16750.0,500.0,547500.0
307,2021-10-07 06:09:23,16800.0,200.0,547000.0
308,2021-10-07 06:09:21,16750.0,3000.0,546800.0
309,2021-10-07 06:08:58,16800.0,1200.0,543800.0
310,2021-10-07 06:08:58,16800.0,800.0,542600.0
311,2021-10-07 06:08:26,16800.0,2000.0,541800.0
312,2021-10-07 06:07:37,16800.0,500.0,539800.0
313,2021-10-07 06:07:30,16800.0,200.0,539300.0
314,2021-10-07 06:06:25,16800.0,100.0,539100.0
315,2021-10-07 06:06:24,16750.0,700.0,539000.0
316,2021-10-07 06:06:24,16750.0,200.0,538300.0
317,2021-10-07 06:06:24,16750.0,200.0,538100.0
318,2021-10-07 06:05:52,16750.0,3000.0,537900.0
319,2021-10-07 06:05:44,16750.0,3000.0,534900.0
320,2021-10-07 06:05:09,16700.0,200.0,531900.0
321,2021-10-07 06:04:37,16700.0,200.0,531700.0
322,2021-10-07 06:04:37,16700.0,1300.0,531500.0
323,2021-10-07 06:03:57,16700.0,1100.0,530200.0
324,2021-10-07 06:03:38,16700.0,500.0,529100.0
325,2021-10-07 06:03:23,16700.0,600.0,528600.0
326,2021-10-07 06:00:29,16750.0,200.0,528000.0
327,2021-10-07 06:00:28,16750.0,100.0,527800.0
328,2021-10-07 06:00:04,16750.0,100.0,527700.0
329,2021-10-07 06:00:03,16750.0,500.0,527600.0
330,2021-10-07 06:00:03,16750.0,1100.0,527100.0
331,2021-10-07 06:00:01,16750.0,900.0,526000.0
332,2021-10-07 06:00:01,16750.0,100.0,525100.0
333,2021-10-07 06:00:01,16800.0,100.0,525000.0
334,2021-10-07 04:28:46,16750.0,100.0,524900.0
335,2021-10-07 04:28:46,16750.0,1500.0,524800.0
336,2021-10-07 04:28:46,16750.0,4400.0,523300.0
337,2021-10-07 04:28:35,16800.0,100.0,518900.0
338,2021-10-07 04:27:51,16750.0,100.0,518800.0
339,2021-10-07 04:22:01,16750.0,200.0,518700.0
340,2021-10-07 04:21:00,16750.0,100.0,518500.0
341,2021-10-07 04:20:03,16750.0,5000.0,518400.0
342,2021-10-07 04:18:25,16750.0,200.0,513400.0
343,2021-10-07 04:18:25,16750.0,100.0,513200.0
344,2021-10-07 04:15:35,16800.0,100.0,513100.0
345,2021-10-07 04:15:13,16750.0,200.0,513000.0
346,2021-10-07 04:15:13,16750.0,400.0,512800.0
347,2021-10-07 04:15:13,16750.0,100.0,512400.0
348,2021-10-07 04:14:21,16800.0,1500.0,512300.0
349,2021-10-07 04:14:11,16750.0,300.0,510800.0
350,2021-10-07 04:14:11,16750.0,700.0,510500.0
351,2021-10-07 04:14:03,16800.0,100.0,509800.0
352,2021-10-07 04:13:46,16750.0,1000.0,509700.0
353,2021-10-07 04:13:44,16750.0,100.0,508700.0
354,2021-10-07 04:13:31,16750.0,100.0,508600.0
355,2021-10-07 04:13:12,16750.0,3900.0,508500.0
356,2021-10-07 04:13:10,16750.0,3900.0,504600.0
357,2021-10-07 04:13:09,16750.0,1000.0,500700.0
358,2021-10-07 04:12:58,16750.0,100.0,499700.0
359,2021-10-07 04:11:59,16750.0,900.0,499600.0
360,2021-10-07 04:10:19,16750.0,100.0,498700.0
361,2021-10-07 04:10:08,16750.0,300.0,498600.0
362,2021-10-07 04:08:56,16750.0,600.0,498300.0
363,2021-10-07 04:07:01,16750.0,1000.0,497700.0
364,2021-10-07 04:05:39,16800.0,700.0,496700.0
365,2021-10-07 04:05:08,16800.0,200.0,496000.0
366,2021-10-07 04:03:35,16800.0,100.0,495800.0
367,2021-10-07 04:02:39,16800.0,500.0,495700.0
368,2021-10-07 04:02:39,16800.0,500.0,495200.0
369,2021-10-07 04:01:13,16700.0,500.0,494700.0
370,2021-10-07 04:00:33,16700.0,1000.0,494200.0
371,2021-10-07 03:59:37,16700.0,300.0,493200.0
372,2021-10-07 03:59:37,16700.0,200.0,492900.0
373,2021-10-07 03:59:06,16700.0,100.0,492700.0
374,2021-10-07 03:57:28,16650.0,200.0,492600.0
375,2021-10-07 03:56:27,16650.0,300.0,492400.0
376,2021-10-07 03:56:00,16650.0,200.0,492100.0
377,2021-10-07 03:56:00,16650.0,100.0,491900.0
378,2021-10-07 03:55:56,16700.0,200.0,491800.0
379,2021-10-07 03:54:54,16700.0,1800.0,491600.0
380,2021-10-07 03:54:07,16700.0,100.0,489800.0
381,2021-10-07 03:54:02,16700.0,3000.0,489700.0
382,2021-10-07 03:54:02,16700.0,500.0,486700.0
383,2021-10-07 03:54:02,16700.0,2600.0,486200.0
384,2021-10-07 03:53:59,16700.0,500.0,483600.0
385,2021-10-07 03:53:59,16700.0,100.0,483100.0
386,2021-10-07 03:53:59,16700.0,500.0,483000.0
387,2021-10-07 03:53:59,16700.0,1500.0,482500.0
388,2021-10-07 03:53:02,16700.0,3500.0,481000.0
389,2021-10-07 03:53:02,16700.0,5000.0,477500.0
390,2021-10-07 03:53:02,16700.0,600.0,472500.0
391,2021-10-07 03:53:02,16700.0,200.0,471900.0
392,2021-10-07 03:53:02,16700.0,300.0,471700.0
393,2021-10-07 03:53:02,16700.0,100.0,471400.0
394,2021-10-07 03:53:02,16750.0,300.0,471300.0
395,2021-10-07 03:51:49,16700.0,100.0,471000.0
396,2021-10-07 03:51:49,16700.0,1500.0,470900.0
397,2021-10-07 03:51:49,16800.0,400.0,469400.0
398,2021-10-07 03:51:49,16800.0,1600.0,469000.0
399,2021-10-07 03:48:33,16700.0,400.0,467400.0
400,2021-10-07 03:48:33,16700.0,1000.0,467000.0
401,2021-10-07 03:48:33,16700.0,600.0,466000.0
402,2021-10-07 03:48:08,16700.0,4400.0,465400.0
403,2021-10-07 03:48:08,16700.0,5000.0,461000.0
404,2021-10-07 03:48:08,16700.0,1000.0,456000.0
405,2021-10-07 03:48:08,16700.0,9600.0,455000.0
406,2021-10-07 03:47:34,16800.0,200.0,445400.0
407,2021-10-07 03:47:11,16800.0,700.0,445200.0
408,2021-10-07 03:47:11,16800.0,300.0,444500.0
409,2021-10-07 03:46:58,16800.0,500.0,444200.0
410,2021-10-07 03:46:22,16800.0,300.0,443700.0
411,2021-10-07 03:46:22,16800.0,600.0,443400.0
412,2021-10-07 03:46:22,16800.0,500.0,442800.0
413,2021-10-07 03:46:22,16800.0,600.0,442300.0
414,2021-10-07 03:46:12,16700.0,400.0,441700.0
415,2021-10-07 03:46:12,16700.0,300.0,441300.0
416,2021-10-07 03:46:12,16800.0,400.0,441000.0
417,2021-10-07 03:46:12,16800.0,600.0,440600.0
418,2021-10-07 03:45:19,16700.0,1000.0,440000.0
419,2021-10-07 03:45:19,16700.0,1000.0,439000.0
420,2021-10-07 03:45:11,16700.0,2000.0,438000.0
421,2021-10-07 03:45:11,16700.0,1000.0,436000.0
422,2021-10-07 03:45:11,16700.0,600.0,435000.0
423,2021-10-07 03:45:11,16700.0,1000.0,434400.0
424,2021-10-07 03:45:11,16700.0,500.0,433400.0
425,2021-10-07 03:45:11,16700.0,900.0,432900.0
426,2021-10-07 03:44:45,16700.0,500.0,432000.0
427,2021-10-07 03:43:22,16700.0,200.0,431500.0
428,2021-10-07 03:41:50,16700.0,400.0,431300.0
429,2021-10-07 03:41:45,16700.0,200.0,430900.0
430,2021-10-07 03:40:59,16700.0,200.0,430700.0
431,2021-10-07 03:40:10,16700.0,1700.0,430500.0
432,2021-10-07 03:40:05,16700.0,300.0,428800.0
433,2021-10-07 03:39:39,16700.0,700.0,428500.0
434,2021-10-07 03:39:39,16700.0,300.0,427800.0
435,2021-10-07 03:39:39,16700.0,800.0,427500.0
436,2021-10-07 03:36:42,16800.0,500.0,426700.0
437,2021-10-07 03:36:35,16800.0,900.0,426200.0
438,2021-10-07 03:36:35,16800.0,500.0,425300.0
439,2021-10-07 03:36:35,16800.0,100.0,424800.0
440,2021-10-07 03:36:35,16700.0,200.0,424700.0
441,2021-10-07 03:36:35,16700.0,500.0,424500.0
442,2021-10-07 03:36:35,16700.0,300.0,424000.0
443,2021-10-07 03:36:35,16700.0,100.0,423700.0
444,2021-10-07 03:36:35,16700.0,900.0,423600.0
445,2021-10-07 03:36:08,16800.0,3100.0,422700.0
446,2021-10-07 03:36:08,16750.0,400.0,419600.0
447,2021-10-07 03:35:43,16750.0,600.0,419200.0
448,2021-10-07 03:35:43,16750.0,100.0,418600.0
449,2021-10-07 03:35:43,16750.0,600.0,418500.0
450,2021-10-07 03:35:43,16750.0,500.0,417900.0
451,2021-10-07 03:35:43,16750.0,500.0,417400.0
452,2021-10-07 03:35:43,16750.0,200.0,416900.0
453,2021-10-07 03:35:43,16750.0,500.0,416700.0
454,2021-10-07 03:34:43,16750.0,500.0,416200.0
455,2021-10-07 03:34:15,16750.0,900.0,415700.0
456,2021-10-07 03:34:15,16750.0,100.0,414800.0
457,2021-10-07 03:34:02,16750.0,100.0,414700.0
458,2021-10-07 03:33:29,16750.0,300.0,414600.0
459,2021-10-07 03:32:46,16750.0,500.0,414300.0
460,2021-10-07 03:32:35,16750.0,100.0,413800.0
461,2021-10-07 03:31:53,16750.0,900.0,413700.0
462,2021-10-07 03:31:53,16750.0,200.0,412800.0
463,2021-10-07 03:31:53,16750.0,2100.0,412600.0
464,2021-10-07 03:31:01,16750.0,900.0,410500.0
465,2021-10-07 03:29:28,16700.0,500.0,409600.0
466,2021-10-07 03:29:28,16700.0,1300.0,409100.0
467,2021-10-07 03:29:22,16700.0,500.0,407800.0
468,2021-10-07 03:29:11,16650.0,1000.0,407300.0
469,2021-10-07 03:29:07,16700.0,100.0,406300.0
470,2021-10-07 03:28:12,16700.0,300.0,406200.0
471,2021-10-07 03:28:12,16700.0,200.0,405900.0
472,2021-10-07 03:28:12,16700.0,3000.0,405700.0
473,2021-10-07 03:28:12,16700.0,2000.0,402700.0
474,2021-10-07 03:28:12,16700.0,900.0,400700.0
475,2021-10-07 03:25:36,16700.0,400.0,399800.0
476,2021-10-07 03:25:27,16700.0,2000.0,399400.0
477,2021-10-07 03:25:14,16700.0,1500.0,397400.0
478,2021-10-07 03:24:21,16700.0,500.0,395900.0
479,2021-10-07 03:24:04,16700.0,1300.0,395400.0
480,2021-10-07 03:24:00,16700.0,500.0,394100.0
481,2021-10-07 03:22:47,16750.0,2000.0,393600.0
482,2021-10-07 03:22:43,16700.0,4600.0,391600.0
483,2021-10-07 03:22:33,16600.0,1000.0,387000.0
484,2021-10-07 03:22:32,16700.0,1000.0,386000.0
485,2021-10-07 03:22:21,16700.0,1000.0,385000.0
486,2021-10-07 03:22:15,16600.0,1000.0,384000.0
487,2021-10-07 03:21:31,16600.0,500.0,383000.0
488,2021-10-07 03:21:30,16600.0,12000.0,382500.0
489,2021-10-07 03:21:30,16600.0,200.0,370500.0
490,2021-10-07 03:21:30,16600.0,200.0,370300.0
491,2021-10-07 03:21:30,16600.0,500.0,370100.0
492,2021-10-07 03:21:30,16600.0,1000.0,369600.0
493,2021-10-07 03:21:30,16600.0,100.0,368600.0
494,2021-10-07 03:21:30,16600.0,100.0,368500.0
495,2021-10-07 03:21:30,16600.0,1000.0,368400.0
496,2021-10-07 03:21:30,16600.0,500.0,367400.0
497,2021-10-07 03:21:30,16600.0,1000.0,366900.0
498,2021-10-07 03:21:30,16600.0,200.0,365900.0
499,2021-10-07 03:21:30,16600.0,2000.0,365700.0
500,2021-10-07 03:21:30,16600.0,100.0,363700.0
501,2021-10-07 03:21:30,16600.0,5000.0,363600.0
502,2021-10-07 03:21:30,16600.0,1000.0,358600.0
503,2021-10-07 03:21:30,16600.0,500.0,357600.0
504,2021-10-07 03:21:30,16600.0,1000.0,357100.0
505,2021-10-07 03:21:30,16600.0,10000.0,356100.0
506,2021-10-07 03:21:30,16600.0,300.0,346100.0
507,2021-10-07 03:21:30,16600.0,500.0,345800.0
508,2021-10-07 03:21:30,16600.0,1300.0,345300.0
509,2021-10-07 03:21:30,16600.0,100.0,344000.0
510,2021-10-07 03:21:30,16600.0,200.0,343900.0
511,2021-10-07 03:21:30,16600.0,100.0,343700.0
512,2021-10-07 03:21:30,16600.0,100.0,343600.0
513,2021-10-07 03:21:30,16600.0,100.0,343500.0
514,2021-10-07 03:21:30,16650.0,1000.0,343400.0
515,2021-10-07 03:21:30,16650.0,400.0,342400.0
516,2021-10-07 03:21:30,16650.0,9700.0,342000.0
517,2021-10-07 03:21:30,16650.0,500.0,332300.0
518,2021-10-07 03:21:30,16650.0,200.0,331800.0
519,2021-10-07 03:21:30,16650.0,600.0,331600.0
520,2021-10-07 03:21:30,16650.0,1000.0,331000.0
521,2021-10-07 03:21:30,16650.0,1000.0,330000.0
522,2021-10-07 03:21:30,16650.0,500.0,329000.0
523,2021-10-07 03:21:30,16650.0,500.0,328500.0
524,2021-10-07 03:21:30,16650.0,1000.0,328000.0
525,2021-10-07 03:21:30,16650.0,100.0,327000.0
526,2021-10-07 03:21:30,16650.0,100.0,326900.0
527,2021-10-07 03:21:30,16650.0,100.0,326800.0
528,2021-10-07 03:21:30,16650.0,1000.0,326700.0
529,2021-10-07 03:21:30,16650.0,500.0,325700.0
530,2021-10-07 03:21:30,16650.0,2300.0,325200.0
531,2021-10-07 03:21:30,16700.0,100.0,322900.0
532,2021-10-07 03:21:30,16700.0,200.0,322800.0
533,2021-10-07 03:21:30,16700.0,200.0,322600.0
534,2021-10-07 03:21:30,16700.0,200.0,322400.0
535,2021-10-07 03:21:30,16700.0,1000.0,322200.0
536,2021-10-07 03:21:30,16700.0,600.0,321200.0
537,2021-10-07 03:21:30,16700.0,1000.0,320600.0
538,2021-10-07 03:21:30,16700.0,500.0,319600.0
539,2021-10-07 03:21:30,16700.0,500.0,319100.0
540,2021-10-07 03:21:30,16700.0,500.0,318600.0
541,2021-10-07 03:21:30,16700.0,100.0,318100.0
542,2021-10-07 03:21:30,16700.0,100.0,318000.0
543,2021-10-07 03:21:30,16700.0,1000.0,317900.0
544,2021-10-07 03:21:30,16700.0,100.0,316900.0
545,2021-10-07 03:21:30,16700.0,200.0,316800.0
546,2021-10-07 03:21:30,16700.0,1700.0,316600.0
547,2021-10-07 03:21:30,16700.0,500.0,314900.0
548,2021-10-07 03:21:30,16700.0,2000.0,314400.0
549,2021-10-07 03:21:30,16700.0,800.0,312400.0
550,2021-10-07 03:21:30,16700.0,200.0,311600.0
551,2021-10-07 03:21:30,16700.0,1000.0,311400.0
552,2021-10-07 03:21:30,16700.0,1000.0,310400.0
553,2021-10-07 03:21:30,16700.0,1900.0,309400.0
554,2021-10-07 03:21:24,16700.0,2000.0,307500.0
555,2021-10-07 03:20:26,16750.0,1000.0,305500.0
556,2021-10-07 03:20:26,16750.0,500.0,304500.0
557,2021-10-07 03:20:26,16750.0,1000.0,304000.0
558,2021-10-07 03:20:26,16750.0,1000.0,303000.0
559,2021-10-07 03:20:08,16750.0,1000.0,302000.0
560,2021-10-07 03:19:57,16750.0,500.0,301000.0
561,2021-10-07 03:19:45,16750.0,1000.0,300500.0
562,2021-10-07 03:19:35,16800.0,100.0,299500.0
563,2021-10-07 03:19:35,16800.0,900.0,299400.0
564,2021-10-07 03:19:20,16750.0,1400.0,298500.0
565,2021-10-07 03:18:21,16750.0,1000.0,297100.0
566,2021-10-07 03:18:21,16750.0,100.0,296100.0
567,2021-10-07 03:18:21,16750.0,1000.0,296000.0
568,2021-10-07 03:18:09,16750.0,500.0,295000.0
569,2021-10-07 03:17:25,16750.0,200.0,294500.0
570,2021-10-07 03:16:58,16750.0,300.0,294300.0
571,2021-10-07 03:16:46,16700.0,500.0,294000.0
572,2021-10-07 03:15:10,16700.0,500.0,293500.0
573,2021-10-07 03:15:05,16700.0,1000.0,293000.0
574,2021-10-07 03:14:17,16700.0,200.0,292000.0
575,2021-10-07 03:13:12,16700.0,300.0,291800.0
576,2021-10-07 03:12:49,16700.0,400.0,291500.0
577,2021-10-07 03:12:43,16700.0,6500.0,291100.0
578,2021-10-07 03:12:43,16700.0,1900.0,284600.0
579,2021-10-07 03:12:43,16700.0,1000.0,282700.0
580,2021-10-07 03:12:43,16700.0,100.0,281700.0
581,2021-10-07 03:12:43,16700.0,500.0,281600.0
582,2021-10-07 03:12:19,16700.0,200.0,281100.0
583,2021-10-07 03:12:19,16700.0,800.0,280900.0
584,2021-10-07 03:12:19,16750.0,1000.0,280100.0
585,2021-10-07 03:12:18,16750.0,1000.0,279100.0
586,2021-10-07 03:12:05,16750.0,100.0,278100.0
587,2021-10-07 03:12:05,16750.0,100.0,278000.0
588,2021-10-07 03:11:33,16750.0,400.0,277900.0
589,2021-10-07 03:11:33,16750.0,100.0,277500.0
590,2021-10-07 03:08:53,16750.0,600.0,277400.0
591,2021-10-07 03:08:21,16700.0,100.0,276800.0
592,2021-10-07 03:08:21,16700.0,100.0,276700.0
593,2021-10-07 03:08:13,16700.0,300.0,276600.0
594,2021-10-07 03:08:12,16700.0,800.0,276300.0
595,2021-10-07 03:07:57,16700.0,1000.0,275500.0
596,2021-10-07 03:07:52,16700.0,300.0,274500.0
597,2021-10-07 03:07:50,16700.0,100.0,274200.0
598,2021-10-07 03:07:47,16700.0,1000.0,274100.0
599,2021-10-07 03:07:44,16700.0,100.0,273100.0
600,2021-10-07 03:07:42,16700.0,3000.0,273000.0
601,2021-10-07 03:07:27,16700.0,3300.0,270000.0
602,2021-10-07 03:07:27,16700.0,1700.0,266700.0
603,2021-10-07 03:07:14,16700.0,300.0,265000.0
604,2021-10-07 03:07:14,16700.0,1600.0,264700.0
605,2021-10-07 03:06:52,16700.0,1000.0,263100.0
606,2021-10-07 03:06:41,16650.0,400.0,262100.0
607,2021-10-07 03:06:35,16700.0,100.0,261700.0
608,2021-10-07 03:06:23,16700.0,2000.0,261600.0
609,2021-10-07 03:05:53,16700.0,300.0,259600.0
610,2021-10-07 03:05:43,16700.0,600.0,259300.0
611,2021-10-07 03:05:43,16700.0,400.0,258700.0
612,2021-10-07 03:05:33,16700.0,500.0,258300.0
613,2021-10-07 03:05:28,16700.0,200.0,257800.0
614,2021-10-07 03:05:28,16700.0,300.0,257600.0
615,2021-10-07 03:05:28,16700.0,1500.0,257300.0
616,2021-10-07 03:05:26,16700.0,3500.0,255800.0
617,2021-10-07 03:05:22,16650.0,300.0,252300.0
618,2021-10-07 03:05:22,16650.0,2000.0,252000.0
619,2021-10-07 03:05:22,16650.0,700.0,250000.0
620,2021-10-07 03:05:22,16650.0,100.0,249300.0
621,2021-10-07 03:05:22,16650.0,2600.0,249200.0
622,2021-10-07 03:05:16,16700.0,500.0,246600.0
623,2021-10-07 03:05:10,16700.0,500.0,246100.0
624,2021-10-07 03:05:08,16700.0,400.0,245600.0
625,2021-10-07 03:04:55,16700.0,1000.0,245200.0
626,2021-10-07 03:04:42,16700.0,2000.0,244200.0
627,2021-10-07 03:04:24,16650.0,400.0,242200.0
628,2021-10-07 03:04:24,16650.0,500.0,241800.0
629,2021-10-07 03:04:24,16650.0,100.0,241300.0
630,2021-10-07 03:04:24,16650.0,4000.0,241200.0
631,2021-10-07 03:03:35,16650.0,900.0,237200.0
632,2021-10-07 03:03:17,16650.0,2000.0,236300.0
633,2021-10-07 03:02:01,16650.0,300.0,234300.0
634,2021-10-07 03:01:58,16650.0,100.0,234000.0
635,2021-10-07 03:01:34,16650.0,500.0,233900.0
636,2021-10-07 03:01:34,16700.0,100.0,233400.0
637,2021-10-07 03:01:19,16650.0,500.0,233300.0
638,2021-10-07 03:00:59,16650.0,1700.0,232800.0
639,2021-10-07 03:00:59,16650.0,100.0,231100.0
640,2021-10-07 03:00:59,16650.0,100.0,231000.0
641,2021-10-07 03:00:59,16650.0,500.0,230900.0
642,2021-10-07 03:00:59,16650.0,1000.0,230400.0
643,2021-10-07 03:00:33,16750.0,400.0,229400.0
644,2021-10-07 03:00:33,16750.0,100.0,229000.0
645,2021-10-07 03:00:20,16650.0,200.0,228900.0
646,2021-10-07 03:00:20,16700.0,100.0,228700.0
647,2021-10-07 03:00:13,16700.0,400.0,228600.0
648,2021-10-07 03:00:05,16700.0,1000.0,228200.0
649,2021-10-07 02:59:55,16700.0,200.0,227200.0
650,2021-10-07 02:59:55,16700.0,300.0,227000.0
651,2021-10-07 02:59:47,16700.0,700.0,226700.0
652,2021-10-07 02:59:47,16700.0,1300.0,226000.0
653,2021-10-07 02:59:33,16700.0,500.0,224700.0
654,2021-10-07 02:59:33,16700.0,500.0,224200.0
655,2021-10-07 02:59:32,16700.0,1000.0,223700.0
656,2021-10-07 02:59:02,16700.0,500.0,222700.0
657,2021-10-07 02:59:02,16700.0,200.0,222200.0
658,2021-10-07 02:59:02,16700.0,200.0,222000.0
659,2021-10-07 02:59:02,16700.0,300.0,221800.0
660,2021-10-07 02:59:02,16700.0,2000.0,221500.0
661,2021-10-07 02:59:02,16700.0,500.0,219500.0
662,2021-10-07 02:59:02,16700.0,1000.0,219000.0
663,2021-10-07 02:59:02,16700.0,300.0,218000.0
664,2021-10-07 02:59:02,16700.0,100.0,217700.0
665,2021-10-07 02:59:02,16700.0,200.0,217600.0
666,2021-10-07 02:58:08,16700.0,500.0,217400.0
667,2021-10-07 02:57:49,16700.0,2500.0,216900.0
668,2021-10-07 02:57:49,16700.0,100.0,214400.0
669,2021-10-07 02:57:49,16700.0,200.0,214300.0
670,2021-10-07 02:57:49,16750.0,3000.0,214100.0
671,2021-10-07 02:57:30,16700.0,200.0,211100.0
672,2021-10-07 02:56:36,16700.0,500.0,210900.0
673,2021-10-07 02:56:36,16700.0,700.0,210400.0
674,2021-10-07 02:56:36,16700.0,400.0,209700.0
675,2021-10-07 02:56:36,16700.0,100.0,209300.0
676,2021-10-07 02:56:36,16700.0,500.0,209200.0
677,2021-10-07 02:56:36,16700.0,300.0,208700.0
678,2021-10-07 02:56:30,16700.0,200.0,208400.0
679,2021-10-07 02:56:30,16700.0,1700.0,208200.0
680,2021-10-07 02:56:30,16700.0,100.0,206500.0
681,2021-10-07 02:56:30,16700.0,500.0,206400.0
682,2021-10-07 02:56:30,16700.0,300.0,205900.0
683,2021-10-07 02:56:30,16700.0,500.0,205600.0
684,2021-10-07 02:56:30,16700.0,2000.0,205100.0
685,2021-10-07 02:56:30,16700.0,300.0,203100.0
686,2021-10-07 02:56:30,16700.0,900.0,202800.0
687,2021-10-07 02:56:30,16700.0,100.0,201900.0
688,2021-10-07 02:55:46,16750.0,100.0,201800.0
689,2021-10-07 02:55:45,16750.0,300.0,201700.0
690,2021-10-07 02:55:15,16750.0,100.0,201400.0
691,2021-10-07 02:55:15,16750.0,100.0,201300.0
692,2021-10-07 02:55:15,16750.0,1000.0,201200.0
693,2021-10-07 02:55:15,16750.0,500.0,200200.0
694,2021-10-07 02:55:15,16750.0,500.0,199700.0
695,2021-10-07 02:55:15,16750.0,1000.0,199200.0
696,2021-10-07 02:55:15,16750.0,100.0,198200.0
697,2021-10-07 02:55:15,16750.0,2000.0,198100.0
698,2021-10-07 02:54:30,16750.0,1000.0,196100.0
699,2021-10-07 02:54:30,16750.0,1000.0,195100.0
700,2021-10-07 02:54:30,16750.0,500.0,194100.0
701,2021-10-07 02:54:30,16750.0,1500.0,193600.0
702,2021-10-07 02:53:31,16750.0,500.0,192100.0
703,2021-10-07 02:52:49,16800.0,100.0,191600.0
704,2021-10-07 02:52:00,16800.0,300.0,191500.0
705,2021-10-07 02:51:38,16800.0,200.0,191200.0
706,2021-10-07 02:51:38,16800.0,1400.0,191000.0
707,2021-10-07 02:51:38,16800.0,2000.0,189600.0
708,2021-10-07 02:51:38,16800.0,1400.0,187600.0
709,2021-10-07 02:50:58,16800.0,400.0,186200.0
710,2021-10-07 02:50:43,16800.0,100.0,185800.0
711,2021-10-07 02:49:27,16800.0,600.0,185700.0
712,2021-10-07 02:49:21,16800.0,100.0,185100.0
713,2021-10-07 02:49:07,16800.0,400.0,185000.0
714,2021-10-07 02:48:43,16800.0,400.0,184600.0
715,2021-10-07 02:48:43,16800.0,1000.0,184200.0
716,2021-10-07 02:48:43,16800.0,300.0,183200.0
717,2021-10-07 02:48:43,16800.0,3000.0,182900.0
718,2021-10-07 02:48:43,16800.0,100.0,179900.0
719,2021-10-07 02:47:57,16800.0,100.0,179800.0
720,2021-10-07 02:47:25,16800.0,200.0,179700.0
721,2021-10-07 02:47:05,16750.0,300.0,179500.0
722,2021-10-07 02:46:57,16750.0,1000.0,179200.0
723,2021-10-07 02:46:10,16750.0,200.0,178200.0
724,2021-10-07 02:46:10,16750.0,300.0,178000.0
725,2021-10-07 02:46:10,16750.0,100.0,177700.0
726,2021-10-07 02:46:10,16750.0,200.0,177600.0
727,2021-10-07 02:46:10,16750.0,200.0,177400.0
728,2021-10-07 02:45:46,16800.0,600.0,177200.0
729,2021-10-07 02:45:24,16800.0,500.0,176600.0
730,2021-10-07 02:45:12,16800.0,1000.0,176100.0
731,2021-10-07 02:43:46,16800.0,300.0,175100.0
732,2021-10-07 02:43:46,16800.0,100.0,174800.0
733,2021-10-07 02:43:46,16800.0,300.0,174700.0
734,2021-10-07 02:43:21,16800.0,700.0,174400.0
735,2021-10-07 02:43:21,16800.0,300.0,173700.0
736,2021-10-07 02:42:06,16800.0,100.0,173400.0
737,2021-10-07 02:42:06,16800.0,100.0,173300.0
738,2021-10-07 02:41:34,16800.0,100.0,173200.0
739,2021-10-07 02:41:16,16800.0,1200.0,173100.0
740,2021-10-07 02:41:16,16800.0,100.0,171900.0
741,2021-10-07 02:41:16,16800.0,500.0,171800.0
742,2021-10-07 02:41:16,16800.0,4500.0,171300.0
743,2021-10-07 02:41:16,16800.0,200.0,166800.0
744,2021-10-07 02:41:16,16800.0,100.0,166600.0
745,2021-10-07 02:41:16,16800.0,500.0,166500.0
746,2021-10-07 02:41:16,16800.0,200.0,166000.0
747,2021-10-07 02:41:16,16800.0,500.0,165800.0
748,2021-10-07 02:41:16,16800.0,200.0,165300.0
749,2021-10-07 02:41:16,16800.0,1000.0,165100.0
750,2021-10-07 02:41:16,16800.0,500.0,164100.0
751,2021-10-07 02:41:16,16800.0,10500.0,163600.0
752,2021-10-07 02:40:26,16800.0,3600.0,153100.0
753,2021-10-07 02:40:26,16850.0,500.0,149500.0
754,2021-10-07 02:40:26,16850.0,900.0,149000.0
755,2021-10-07 02:40:00,16850.0,500.0,148100.0
756,2021-10-07 02:39:54,16850.0,500.0,147600.0
757,2021-10-07 02:39:53,16850.0,100.0,147100.0
758,2021-10-07 02:39:53,16850.0,100.0,147000.0
759,2021-10-07 02:39:53,16850.0,100.0,146900.0
760,2021-10-07 02:39:53,16850.0,200.0,146800.0
761,2021-10-07 02:39:53,16850.0,100.0,146600.0
762,2021-10-07 02:39:53,16850.0,10000.0,146500.0
763,2021-10-07 02:39:53,16850.0,1400.0,136500.0
764,2021-10-07 02:39:45,16850.0,500.0,135100.0
765,2021-10-07 02:39:07,16850.0,5000.0,134600.0
766,2021-10-07 02:39:03,16850.0,100.0,129600.0
767,2021-10-07 02:38:29,16850.0,4500.0,129500.0
768,2021-10-07 02:37:30,16850.0,200.0,125000.0
769,2021-10-07 02:36:53,16850.0,300.0,124800.0
770,2021-10-07 02:36:26,16850.0,2000.0,124500.0
771,2021-10-07 02:36:18,16900.0,10000.0,122500.0
772,2021-10-07 02:36:06,16850.0,2000.0,112500.0
773,2021-10-07 02:35:50,16900.0,200.0,110500.0
774,2021-10-07 02:35:44,16850.0,100.0,110300.0
775,2021-10-07 02:35:42,16900.0,1000.0,110200.0
776,2021-10-07 02:35:10,16900.0,1000.0,109200.0
777,2021-10-07 02:35:10,16900.0,100.0,108200.0
778,2021-10-07 02:35:10,16900.0,500.0,108100.0
779,2021-10-07 02:35:10,16900.0,200.0,107600.0
780,2021-10-07 02:33:55,16900.0,100.0,107400.0
781,2021-10-07 02:33:55,16900.0,400.0,107300.0
782,2021-10-07 02:33:18,16900.0,100.0,106900.0
783,2021-10-07 02:33:18,16900.0,100.0,106800.0
784,2021-10-07 02:33:18,16900.0,300.0,106700.0
785,2021-10-07 02:33:18,16900.0,2400.0,106400.0
786,2021-10-07 02:32:56,16900.0,500.0,104000.0
787,2021-10-07 02:32:30,16900.0,100.0,103500.0
788,2021-10-07 02:32:09,16900.0,300.0,103400.0
789,2021-10-07 02:30:24,16900.0,100.0,103100.0
790,2021-10-07 02:29:18,16900.0,1000.0,103000.0
791,2021-10-07 02:29:10,16900.0,400.0,102000.0
792,2021-10-07 02:28:53,17000.0,100.0,101600.0
793,2021-10-07 02:28:36,16900.0,3000.0,101500.0
794,2021-10-07 02:28:34,16900.0,1000.0,98500.0
795,2021-10-07 02:28:34,16900.0,200.0,97500.0
796,2021-10-07 02:28:34,16900.0,1000.0,97300.0
797,2021-10-07 02:28:30,16900.0,5000.0,96300.0
798,2021-10-07 02:28:30,16900.0,3000.0,91300.0
799,2021-10-07 02:28:20,16850.0,500.0,88300.0
800,2021-10-07 02:28:20,16850.0,100.0,87800.0
801,2021-10-07 02:28:20,16850.0,1900.0,87700.0
802,2021-10-07 02:28:09,16850.0,3100.0,85800.0
803,2021-10-07 02:28:09,16850.0,600.0,82700.0
804,2021-10-07 02:27:31,16850.0,2000.0,82100.0
805,2021-10-07 02:26:52,16850.0,600.0,80100.0
806,2021-10-07 02:26:45,16850.0,1800.0,79500.0
807,2021-10-07 02:26:45,16850.0,200.0,77700.0
808,2021-10-07 02:26:45,16850.0,1200.0,77500.0
809,2021-10-07 02:26:04,16850.0,5000.0,76300.0
810,2021-10-07 02:25:44,16850.0,3800.0,71300.0
811,2021-10-07 02:25:44,16850.0,500.0,67500.0
812,2021-10-07 02:25:33,16850.0,1500.0,67000.0
813,2021-10-07 02:25:18,16850.0,500.0,65500.0
814,2021-10-07 02:25:17,16850.0,500.0,65000.0
815,2021-10-07 02:24:40,16850.0,4400.0,64500.0
816,2021-10-07 02:24:40,16850.0,1000.0,60100.0
817,2021-10-07 02:24:40,16850.0,700.0,59100.0
818,2021-10-07 02:24:40,16850.0,1000.0,58400.0
819,2021-10-07 02:24:40,16850.0,2400.0,57400.0
820,2021-10-07 02:22:31,16850.0,700.0,55000.0
821,2021-10-07 02:22:19,16850.0,500.0,54300.0
822,2021-10-07 02:22:09,16850.0,1400.0,53800.0
823,2021-10-07 02:22:09,16850.0,100.0,52400.0
824,2021-10-07 02:22:04,16850.0,400.0,52300.0
825,2021-10-07 02:22:04,16850.0,200.0,51900.0
826,2021-10-07 02:22:04,16850.0,3100.0,51700.0
827,2021-10-07 02:21:32,16900.0,500.0,48600.0
828,2021-10-07 02:21:30,16900.0,300.0,48100.0
829,2021-10-07 02:21:30,16900.0,500.0,47800.0
830,2021-10-07 02:21:30,16900.0,700.0,47300.0
831,2021-10-07 02:21:27,16900.0,200.0,46600.0
832,2021-10-07 02:21:27,16900.0,300.0,46400.0
833,2021-10-07 02:21:27,16900.0,100.0,46100.0
834,2021-10-07 02:21:27,16900.0,100.0,46000.0
835,2021-10-07 02:21:27,16900.0,200.0,45900.0
836,2021-10-07 02:21:27,16900.0,100.0,45700.0
837,2021-10-07 02:21:11,16900.0,100.0,45600.0
838,2021-10-07 02:20:56,16900.0,300.0,45500.0
839,2021-10-07 02:19:57,17000.0,300.0,45200.0
840,2021-10-07 02:19:44,17000.0,200.0,44900.0
841,2021-10-07 02:19:44,17000.0,1100.0,44700.0
842,2021-10-07 02:19:32,17000.0,2100.0,43600.0
843,2021-10-07 02:18:44,17000.0,100.0,41500.0
844,2021-10-07 02:18:35,17100.0,100.0,41400.0
845,2021-10-07 02:18:31,17000.0,100.0,41300.0
846,2021-10-07 02:18:09,17000.0,100.0,41200.0
847,2021-10-07 02:18:03,17000.0,1500.0,41100.0
848,2021-10-07 02:17:06,16900.0,100.0,39600.0
849,2021-10-07 02:16:48,16850.0,100.0,39500.0
850,2021-10-07 02:16:23,16850.0,1800.0,39400.0
851,2021-10-07 02:15:52,16800.0,2000.0,37600.0
852,2021-10-07 02:15:34,16800.0,2000.0,35600.0
853,2021-10-07 02:15:17,16800.0,1000.0,33600.0
854,2021-10-07 02:15:00,16800.0,900.0,32600.0
855,2021-10-07 02:15:00,16800.0,200.0,31700.0
856,2021-10-07 02:15:00,16800.0,200.0,31500.0
857,2021-10-07 02:15:00,16800.0,1700.0,31300.0
858,2021-10-07 02:15:00,16800.0,200.0,29600.0
859,2021-10-07 02:15:00,16800.0,1500.0,29400.0
860,2021-10-07 02:15:00,16800.0,100.0,27900.0
861,2021-10-07 02:15:00,16800.0,3000.0,27800.0
862,2021-10-07 02:15:00,16800.0,100.0,24800.0
863,2021-10-07 02:15:00,16800.0,3400.0,24700.0
864,2021-10-07 02:15:00,16800.0,600.0,21300.0
865,2021-10-07 02:15:00,16800.0,400.0,20700.0
866,2021-10-07 02:15:00,16800.0,100.0,20300.0
867,2021-10-07 02:15:00,16800.0,500.0,20200.0
868,2021-10-07 02:15:00,16800.0,1000.0,19700.0
869,2021-10-07 02:15:00,16800.0,2000.0,18700.0
870,2021-10-07 02:15:00,16800.0,2000.0,16700.0
871,2021-10-07 02:15:00,16800.0,400.0,14700.0
872,2021-10-07 02:15:00,16800.0,800.0,14300.0
873,2021-10-07 02:15:00,16800.0,3800.0,13500.0
874,2021-10-07 02:15:00,16800.0,100.0,9700.0
875,2021-10-07 02:15:00,16800.0,100.0,9600.0
876,2021-10-07 02:15:00,16800.0,100.0,9500.0
877,2021-10-07 02:15:00,16800.0,100.0,9400.0
878,2021-10-07 02:15:00,16800.0,3000.0,9300.0
879,2021-10-07 02:15:00,16800.0,500.0,6300.0
880,2021-10-07 02:15:00,16800.0,100.0,5800.0
881,2021-10-07 02:15:00,16800.0,1100.0,5700.0
882,2021-10-07 02:15:00,16800.0,900.0,4600.0
883,2021-10-07 02:15:00,16800.0,1000.0,3700.0
884,2021-10-07 02:15:00,16800.0,500.0,2700.0
885,2021-10-07 02:15:00,16800.0,2000.0,2200.0
886,2021-10-07 02:15:00,16800.0,100.0,200.0
887,2021-10-07 02:15:00,16800.0,100.0,100.0
