,Time,Price,Volume_per_trade,Volume
0,2021-10-17 07:45:01,16500.0,200.0,420300.0
1,2021-10-17 07:45:01,16500.0,1000.0,420100.0
2,2021-10-17 07:45:01,16500.0,100.0,419100.0
3,2021-10-17 07:45:01,16500.0,300.0,419000.0
4,2021-10-17 07:45:01,16500.0,1000.0,418700.0
5,2021-10-17 07:45:01,16500.0,200.0,417700.0
6,2021-10-17 07:45:01,16500.0,100.0,417500.0
7,2021-10-17 07:45:01,16500.0,300.0,417400.0
8,2021-10-17 07:45:01,16500.0,100.0,417100.0
9,2021-10-17 07:45:01,16500.0,1000.0,417000.0
10,2021-10-17 07:45:01,16500.0,4000.0,416000.0
11,2021-10-17 07:45:01,16500.0,4400.0,412000.0
12,2021-10-17 07:45:01,16500.0,2000.0,407600.0
13,2021-10-17 07:45:01,16500.0,2500.0,405600.0
14,2021-10-17 07:45:01,16500.0,1000.0,403100.0
15,2021-10-17 07:45:01,16500.0,1000.0,402100.0
16,2021-10-17 07:45:01,16500.0,1000.0,401100.0
17,2021-10-17 07:45:01,16500.0,100.0,400100.0
18,2021-10-17 07:45:01,16500.0,500.0,400000.0
19,2021-10-17 07:45:01,16500.0,1200.0,399500.0
20,2021-10-17 07:45:01,16500.0,3000.0,398300.0
21,2021-10-17 07:45:01,16500.0,800.0,395300.0
22,2021-10-17 07:45:01,16500.0,200.0,394500.0
23,2021-10-17 07:45:01,16500.0,1000.0,394300.0
24,2021-10-17 07:45:01,16500.0,100.0,393300.0
25,2021-10-17 07:45:01,16500.0,200.0,393200.0
26,2021-10-17 07:45:01,16500.0,300.0,393000.0
27,2021-10-17 07:45:01,16500.0,400.0,392700.0
28,2021-10-17 07:45:01,16500.0,100.0,392300.0
29,2021-10-17 07:45:01,16500.0,700.0,392200.0
30,2021-10-17 07:45:01,16500.0,500.0,391500.0
31,2021-10-17 07:45:01,16500.0,100.0,391000.0
32,2021-10-17 07:29:07,16250.0,200.0,390900.0
33,2021-10-17 07:28:58,16250.0,100.0,390700.0
34,2021-10-17 07:28:53,16250.0,500.0,390600.0
35,2021-10-17 07:28:53,16300.0,100.0,390100.0
36,2021-10-17 07:28:06,16250.0,400.0,390000.0
37,2021-10-17 07:27:56,16250.0,100.0,389600.0
38,2021-10-17 07:27:20,16200.0,100.0,389500.0
39,2021-10-17 07:27:20,16200.0,100.0,389400.0
40,2021-10-17 07:27:20,16200.0,100.0,389300.0
41,2021-10-17 07:27:01,16200.0,900.0,389200.0
42,2021-10-17 07:27:01,16200.0,100.0,388300.0
43,2021-10-17 07:26:32,16200.0,600.0,388200.0
44,2021-10-17 07:26:32,16200.0,100.0,387600.0
45,2021-10-17 07:26:32,16200.0,1300.0,387500.0
46,2021-10-17 07:26:14,16150.0,1100.0,386200.0
47,2021-10-17 07:25:53,16150.0,1400.0,385100.0
48,2021-10-17 07:25:53,16150.0,300.0,383700.0
49,2021-10-17 07:25:53,16150.0,200.0,383400.0
50,2021-10-17 07:25:53,16150.0,1000.0,383200.0
51,2021-10-17 07:25:53,16150.0,100.0,382200.0
52,2021-10-17 07:25:39,16200.0,100.0,382100.0
53,2021-10-17 07:24:37,16200.0,200.0,382000.0
54,2021-10-17 07:23:15,16200.0,500.0,381800.0
55,2021-10-17 07:22:28,16200.0,500.0,381300.0
56,2021-10-17 07:21:44,16150.0,1000.0,380800.0
57,2021-10-17 07:21:40,16150.0,5000.0,379800.0
58,2021-10-17 07:21:22,16200.0,400.0,374800.0
59,2021-10-17 07:21:22,16200.0,400.0,374400.0
60,2021-10-17 07:20:58,16200.0,100.0,374000.0
61,2021-10-17 07:20:37,16200.0,200.0,373900.0
62,2021-10-17 07:20:37,16200.0,2000.0,373700.0
63,2021-10-17 07:20:37,16200.0,500.0,371700.0
64,2021-10-17 07:20:37,16200.0,1000.0,371200.0
65,2021-10-17 07:20:37,16200.0,800.0,370200.0
66,2021-10-17 07:20:28,16200.0,4200.0,369400.0
67,2021-10-17 07:20:28,16200.0,500.0,365200.0
68,2021-10-17 07:20:28,16200.0,100.0,364700.0
69,2021-10-17 07:20:28,16200.0,2000.0,364600.0
70,2021-10-17 07:20:28,16200.0,300.0,362600.0
71,2021-10-17 07:20:28,16200.0,100.0,362300.0
72,2021-10-17 07:20:28,16200.0,200.0,362200.0
73,2021-10-17 07:20:28,16200.0,700.0,362000.0
74,2021-10-17 07:20:28,16200.0,1900.0,361300.0
75,2021-10-17 07:19:58,16200.0,100.0,359400.0
76,2021-10-17 07:19:58,16200.0,100.0,359300.0
77,2021-10-17 07:19:58,16200.0,100.0,359200.0
78,2021-10-17 07:19:58,16200.0,1000.0,359100.0
79,2021-10-17 07:19:58,16200.0,1000.0,358100.0
80,2021-10-17 07:19:58,16200.0,200.0,357100.0
81,2021-10-17 07:19:58,16200.0,200.0,356900.0
82,2021-10-17 07:19:58,16200.0,200.0,356700.0
83,2021-10-17 07:19:58,16200.0,300.0,356500.0
84,2021-10-17 07:19:58,16200.0,5000.0,356200.0
85,2021-10-17 07:19:58,16200.0,1800.0,351200.0
86,2021-10-17 07:19:33,16250.0,1000.0,349400.0
87,2021-10-17 07:19:03,16250.0,900.0,348400.0
88,2021-10-17 07:19:03,16250.0,200.0,347500.0
89,2021-10-17 07:19:03,16250.0,200.0,347300.0
90,2021-10-17 07:19:03,16250.0,700.0,347100.0
91,2021-10-17 07:18:20,16250.0,300.0,346400.0
92,2021-10-17 07:18:20,16250.0,100.0,346100.0
93,2021-10-17 07:18:20,16250.0,100.0,346000.0
94,2021-10-17 07:17:40,16300.0,500.0,345900.0
95,2021-10-17 07:13:24,16300.0,100.0,345400.0
96,2021-10-17 07:12:34,16300.0,1000.0,345300.0
97,2021-10-17 07:09:29,16250.0,100.0,344300.0
98,2021-10-17 07:08:41,16250.0,200.0,344200.0
99,2021-10-17 07:08:09,16250.0,1000.0,344000.0
100,2021-10-17 07:07:40,16250.0,100.0,343000.0
101,2021-10-17 07:07:40,16250.0,100.0,342900.0
102,2021-10-17 07:07:40,16250.0,800.0,342800.0
103,2021-10-17 07:07:09,16250.0,200.0,342000.0
104,2021-10-17 07:06:28,16200.0,1200.0,341800.0
105,2021-10-17 07:06:28,16200.0,200.0,340600.0
106,2021-10-17 07:06:28,16200.0,1000.0,340400.0
107,2021-10-17 07:06:28,16200.0,300.0,339400.0
108,2021-10-17 07:06:28,16200.0,100.0,339100.0
109,2021-10-17 07:06:28,16200.0,500.0,339000.0
110,2021-10-17 07:06:28,16200.0,3000.0,338500.0
111,2021-10-17 07:06:28,16200.0,3000.0,335500.0
112,2021-10-17 07:06:28,16200.0,200.0,332500.0
113,2021-10-17 07:06:28,16200.0,800.0,332300.0
114,2021-10-17 07:06:28,16200.0,1000.0,331500.0
115,2021-10-17 07:06:28,16200.0,100.0,330500.0
116,2021-10-17 07:06:28,16200.0,2000.0,330400.0
117,2021-10-17 07:06:28,16200.0,1000.0,328400.0
118,2021-10-17 07:06:28,16200.0,100.0,327400.0
119,2021-10-17 07:06:28,16250.0,1000.0,327300.0
120,2021-10-17 07:06:18,16250.0,1000.0,326300.0
121,2021-10-17 07:06:18,16250.0,100.0,325300.0
122,2021-10-17 07:06:18,16250.0,2500.0,325200.0
123,2021-10-17 07:06:18,16250.0,200.0,322700.0
124,2021-10-17 07:06:18,16250.0,100.0,322500.0
125,2021-10-17 07:06:18,16250.0,100.0,322400.0
126,2021-10-17 07:06:18,16250.0,100.0,322300.0
127,2021-10-17 07:06:18,16250.0,400.0,322200.0
128,2021-10-17 07:05:56,16300.0,100.0,321800.0
129,2021-10-17 07:04:47,16250.0,1500.0,321700.0
130,2021-10-17 07:04:19,16250.0,100.0,320200.0
131,2021-10-17 07:04:19,16250.0,500.0,320100.0
132,2021-10-17 07:04:19,16250.0,100.0,319600.0
133,2021-10-17 07:04:19,16250.0,1100.0,319500.0
134,2021-10-17 07:04:19,16250.0,1800.0,318400.0
135,2021-10-17 07:04:19,16300.0,100.0,316600.0
136,2021-10-17 07:04:19,16300.0,3000.0,316500.0
137,2021-10-17 07:04:19,16300.0,100.0,313500.0
138,2021-10-17 07:04:19,16300.0,100.0,313400.0
139,2021-10-17 07:04:19,16300.0,500.0,313300.0
140,2021-10-17 07:04:19,16300.0,500.0,312800.0
141,2021-10-17 07:04:19,16300.0,1000.0,312300.0
142,2021-10-17 07:04:19,16300.0,200.0,311300.0
143,2021-10-17 07:04:19,16300.0,100.0,311100.0
144,2021-10-17 07:04:19,16300.0,500.0,311000.0
145,2021-10-17 07:04:19,16300.0,200.0,310500.0
146,2021-10-17 07:04:19,16300.0,300.0,310300.0
147,2021-10-17 07:04:19,16300.0,300.0,310000.0
148,2021-10-17 07:04:19,16300.0,400.0,309700.0
149,2021-10-17 06:59:44,16350.0,500.0,309300.0
150,2021-10-17 06:59:24,16350.0,500.0,308800.0
151,2021-10-17 06:58:59,16350.0,200.0,308300.0
152,2021-10-17 06:58:10,16350.0,300.0,308100.0
153,2021-10-17 06:57:28,16350.0,500.0,307800.0
154,2021-10-17 06:57:28,16350.0,100.0,307300.0
155,2021-10-17 06:54:06,16350.0,100.0,307200.0
156,2021-10-17 06:53:59,16300.0,700.0,307100.0
157,2021-10-17 06:53:59,16300.0,300.0,306400.0
158,2021-10-17 06:49:30,16300.0,1700.0,306100.0
159,2021-10-17 06:49:30,16300.0,100.0,304400.0
160,2021-10-17 06:49:30,16300.0,100.0,304300.0
161,2021-10-17 06:49:30,16300.0,1100.0,304200.0
162,2021-10-17 06:49:13,16300.0,100.0,303100.0
163,2021-10-17 06:45:54,16300.0,300.0,303000.0
164,2021-10-17 06:44:34,16300.0,500.0,302700.0
165,2021-10-17 06:44:34,16300.0,1000.0,302200.0
166,2021-10-17 06:44:34,16300.0,300.0,301200.0
167,2021-10-17 06:44:34,16300.0,3000.0,300900.0
168,2021-10-17 06:44:34,16300.0,200.0,297900.0
169,2021-10-17 06:44:34,16300.0,500.0,297700.0
170,2021-10-17 06:44:34,16300.0,1200.0,297200.0
171,2021-10-17 06:44:34,16300.0,1300.0,296000.0
172,2021-10-17 06:42:26,16350.0,100.0,294700.0
173,2021-10-17 06:42:26,16350.0,1000.0,294600.0
174,2021-10-17 06:42:26,16350.0,100.0,293600.0
175,2021-10-17 06:42:26,16350.0,100.0,293500.0
176,2021-10-17 06:42:26,16350.0,400.0,293400.0
177,2021-10-17 06:42:26,16350.0,200.0,293000.0
178,2021-10-17 06:42:02,16400.0,100.0,292800.0
179,2021-10-17 06:40:37,16350.0,100.0,292700.0
180,2021-10-17 06:40:37,16350.0,1000.0,292600.0
181,2021-10-17 06:40:37,16350.0,200.0,291600.0
182,2021-10-17 06:40:37,16350.0,200.0,291400.0
183,2021-10-17 06:40:37,16350.0,200.0,291200.0
184,2021-10-17 06:40:37,16350.0,100.0,291000.0
185,2021-10-17 06:40:37,16350.0,1200.0,290900.0
186,2021-10-17 06:35:09,16350.0,800.0,289700.0
187,2021-10-17 06:35:09,16350.0,1200.0,288900.0
188,2021-10-17 06:35:09,16350.0,2500.0,287700.0
189,2021-10-17 06:35:09,16350.0,300.0,285200.0
190,2021-10-17 06:35:09,16350.0,100.0,284900.0
191,2021-10-17 06:35:09,16350.0,100.0,284800.0
192,2021-10-17 06:34:20,16350.0,1900.0,284700.0
193,2021-10-17 06:33:54,16350.0,100.0,282800.0
194,2021-10-17 06:32:34,16350.0,2000.0,282700.0
195,2021-10-17 06:31:27,16350.0,1000.0,280700.0
196,2021-10-17 06:31:16,16350.0,400.0,279700.0
197,2021-10-17 06:29:38,16350.0,100.0,279300.0
198,2021-10-17 06:29:10,16350.0,2000.0,279200.0
199,2021-10-17 06:26:41,16350.0,200.0,277200.0
200,2021-10-17 06:26:18,16400.0,1400.0,277000.0
201,2021-10-17 06:25:26,16400.0,500.0,275600.0
202,2021-10-17 06:25:26,16400.0,500.0,275100.0
203,2021-10-17 06:25:26,16400.0,300.0,274600.0
204,2021-10-17 06:24:30,16400.0,200.0,274300.0
205,2021-10-17 06:24:30,16400.0,100.0,274100.0
206,2021-10-17 06:24:24,16400.0,100.0,274000.0
207,2021-10-17 06:20:19,16400.0,300.0,273900.0
208,2021-10-17 06:20:19,16400.0,200.0,273600.0
209,2021-10-17 06:20:19,16400.0,300.0,273400.0
210,2021-10-17 06:20:19,16400.0,200.0,273100.0
211,2021-10-17 06:18:35,16400.0,800.0,272900.0
212,2021-10-17 06:18:35,16400.0,500.0,272100.0
213,2021-10-17 06:18:35,16400.0,1000.0,271600.0
214,2021-10-17 06:18:35,16400.0,700.0,270600.0
215,2021-10-17 06:17:38,16400.0,200.0,269900.0
216,2021-10-17 06:16:48,16400.0,100.0,269700.0
217,2021-10-17 06:16:21,16350.0,300.0,269600.0
218,2021-10-17 06:16:16,16350.0,100.0,269300.0
219,2021-10-17 06:16:07,16350.0,200.0,269200.0
220,2021-10-17 06:16:07,16350.0,200.0,269000.0
221,2021-10-17 06:15:03,16350.0,1300.0,268800.0
222,2021-10-17 06:15:03,16350.0,100.0,267500.0
223,2021-10-17 06:15:03,16400.0,1000.0,267400.0
224,2021-10-17 06:15:03,16400.0,300.0,266400.0
225,2021-10-17 06:15:03,16400.0,100.0,266100.0
226,2021-10-17 06:15:03,16400.0,1700.0,266000.0
227,2021-10-17 06:15:03,16450.0,100.0,264300.0
228,2021-10-17 06:15:03,16450.0,400.0,264200.0
229,2021-10-17 06:14:09,16500.0,400.0,263800.0
230,2021-10-17 06:14:09,16500.0,200.0,263400.0
231,2021-10-17 06:13:47,16500.0,500.0,263200.0
232,2021-10-17 06:12:45,16550.0,200.0,262700.0
233,2021-10-17 06:12:45,16550.0,100.0,262500.0
234,2021-10-17 06:12:45,16550.0,700.0,262400.0
235,2021-10-17 06:12:39,16500.0,200.0,261700.0
236,2021-10-17 06:11:26,16550.0,300.0,261500.0
237,2021-10-17 06:11:26,16550.0,1400.0,261200.0
238,2021-10-17 06:11:26,16550.0,300.0,259800.0
239,2021-10-17 06:11:07,16500.0,100.0,259500.0
240,2021-10-17 06:09:53,16550.0,700.0,259400.0
241,2021-10-17 06:09:53,16550.0,400.0,258700.0
242,2021-10-17 06:08:00,16550.0,100.0,258300.0
243,2021-10-17 06:07:38,16500.0,200.0,258200.0
244,2021-10-17 06:07:38,16500.0,200.0,258000.0
245,2021-10-17 06:07:38,16500.0,200.0,257800.0
246,2021-10-17 06:07:38,16500.0,200.0,257600.0
247,2021-10-17 06:07:38,16500.0,200.0,257400.0
248,2021-10-17 06:06:09,16500.0,300.0,257200.0
249,2021-10-17 06:06:09,16500.0,500.0,256900.0
250,2021-10-17 06:06:09,16500.0,100.0,256400.0
251,2021-10-17 06:06:06,16500.0,1000.0,256300.0
252,2021-10-17 06:05:36,16500.0,2000.0,255300.0
253,2021-10-17 06:04:46,16400.0,300.0,253300.0
254,2021-10-17 06:04:36,16400.0,300.0,253000.0
255,2021-10-17 06:04:36,16400.0,700.0,252700.0
256,2021-10-17 06:04:31,16400.0,100.0,252000.0
257,2021-10-17 06:04:28,16400.0,2000.0,251900.0
258,2021-10-17 06:02:00,16400.0,1000.0,249900.0
259,2021-10-17 06:01:46,16400.0,4400.0,248900.0
260,2021-10-17 06:01:46,16400.0,2200.0,244500.0
261,2021-10-17 04:27:24,16350.0,100.0,242300.0
262,2021-10-17 04:27:24,16350.0,200.0,242200.0
263,2021-10-17 04:27:24,16350.0,100.0,242000.0
264,2021-10-17 04:27:24,16350.0,600.0,241900.0
265,2021-10-17 04:25:11,16350.0,1400.0,241300.0
266,2021-10-17 04:25:11,16350.0,2000.0,239900.0
267,2021-10-17 04:25:11,16350.0,100.0,237900.0
268,2021-10-17 04:25:11,16350.0,500.0,237800.0
269,2021-10-17 04:25:00,16350.0,2000.0,237300.0
270,2021-10-17 04:25:00,16350.0,200.0,235300.0
271,2021-10-17 04:25:00,16350.0,100.0,235100.0
272,2021-10-17 04:25:00,16350.0,100.0,235000.0
273,2021-10-17 04:25:00,16350.0,2600.0,234900.0
274,2021-10-17 04:22:48,16350.0,200.0,232300.0
275,2021-10-17 04:22:04,16400.0,400.0,232100.0
276,2021-10-17 04:16:37,16350.0,100.0,231700.0
277,2021-10-17 04:15:57,16350.0,100.0,231600.0
278,2021-10-17 04:15:57,16350.0,200.0,231500.0
279,2021-10-17 04:13:52,16350.0,300.0,231300.0
280,2021-10-17 04:13:08,16350.0,4500.0,231000.0
281,2021-10-17 04:12:45,16400.0,2400.0,226500.0
282,2021-10-17 04:11:10,16400.0,100.0,224100.0
283,2021-10-17 04:09:29,16400.0,100.0,224000.0
284,2021-10-17 04:09:28,16400.0,800.0,223900.0
285,2021-10-17 04:08:36,16400.0,2200.0,223100.0
286,2021-10-17 04:08:36,16400.0,200.0,220900.0
287,2021-10-17 04:08:36,16400.0,200.0,220700.0
288,2021-10-17 04:08:36,16400.0,100.0,220500.0
289,2021-10-17 04:08:36,16400.0,5600.0,220400.0
290,2021-10-17 04:08:36,16450.0,1400.0,214800.0
291,2021-10-17 04:07:54,16450.0,1100.0,213400.0
292,2021-10-17 04:07:54,16450.0,1900.0,212300.0
293,2021-10-17 04:04:23,16450.0,200.0,210400.0
294,2021-10-17 04:04:23,16450.0,2000.0,210200.0
295,2021-10-17 04:04:23,16450.0,4800.0,208200.0
296,2021-10-17 03:58:50,16450.0,200.0,203400.0
297,2021-10-17 03:58:50,16450.0,1000.0,203200.0
298,2021-10-17 03:58:05,16450.0,100.0,202200.0
299,2021-10-17 03:56:18,16450.0,1000.0,202100.0
300,2021-10-17 03:56:18,16450.0,300.0,201100.0
301,2021-10-17 03:56:02,16450.0,100.0,200800.0
302,2021-10-17 03:50:37,16450.0,400.0,200700.0
303,2021-10-17 03:49:26,16450.0,1700.0,200300.0
304,2021-10-17 03:49:26,16450.0,300.0,198600.0
305,2021-10-17 03:46:40,16450.0,200.0,198300.0
306,2021-10-17 03:46:40,16450.0,300.0,198100.0
307,2021-10-17 03:46:40,16450.0,500.0,197800.0
308,2021-10-17 03:43:20,16500.0,1200.0,197300.0
309,2021-10-17 03:43:02,16500.0,600.0,196100.0
310,2021-10-17 03:41:54,16500.0,1000.0,195500.0
311,2021-10-17 03:41:54,16500.0,2200.0,194500.0
312,2021-10-17 03:41:20,16500.0,300.0,192300.0
313,2021-10-17 03:41:08,16500.0,500.0,192000.0
314,2021-10-17 03:41:08,16500.0,200.0,191500.0
315,2021-10-17 03:40:37,16500.0,500.0,191300.0
316,2021-10-17 03:40:31,16500.0,1000.0,190800.0
317,2021-10-17 03:39:42,16500.0,1300.0,189800.0
318,2021-10-17 03:39:42,16500.0,100.0,188500.0
319,2021-10-17 03:39:42,16500.0,100.0,188400.0
320,2021-10-17 03:35:50,16550.0,100.0,188300.0
321,2021-10-17 03:32:31,16550.0,100.0,188200.0
322,2021-10-17 03:29:55,16550.0,100.0,188100.0
323,2021-10-17 03:29:55,16550.0,900.0,188000.0
324,2021-10-17 03:29:55,16550.0,1000.0,187100.0
325,2021-10-17 03:29:35,16550.0,100.0,186100.0
326,2021-10-17 03:27:35,16550.0,900.0,186000.0
327,2021-10-17 03:27:35,16550.0,100.0,185100.0
328,2021-10-17 03:25:29,16550.0,2000.0,185000.0
329,2021-10-17 03:24:11,16550.0,2900.0,183000.0
330,2021-10-17 03:23:13,16550.0,600.0,180100.0
331,2021-10-17 03:22:52,16550.0,2400.0,179500.0
332,2021-10-17 03:22:40,16550.0,600.0,177100.0
333,2021-10-17 03:22:20,16550.0,500.0,176500.0
334,2021-10-17 03:21:36,16550.0,100.0,176000.0
335,2021-10-17 03:21:35,16500.0,500.0,175900.0
336,2021-10-17 03:21:35,16500.0,2100.0,175400.0
337,2021-10-17 03:20:43,16550.0,1000.0,173300.0
338,2021-10-17 03:20:36,16550.0,700.0,172300.0
339,2021-10-17 03:20:36,16550.0,3300.0,171600.0
340,2021-10-17 03:19:44,16550.0,400.0,168300.0
341,2021-10-17 03:17:34,16550.0,500.0,167900.0
342,2021-10-17 03:17:34,16550.0,5700.0,167400.0
343,2021-10-17 03:17:25,16550.0,2300.0,161700.0
344,2021-10-17 03:17:25,16550.0,1000.0,159400.0
345,2021-10-17 03:17:25,16550.0,200.0,158400.0
346,2021-10-17 03:17:25,16550.0,100.0,158200.0
347,2021-10-17 03:17:25,16550.0,1000.0,158100.0
348,2021-10-17 03:17:25,16550.0,400.0,157100.0
349,2021-10-17 03:17:23,16500.0,2900.0,156700.0
350,2021-10-17 03:17:23,16500.0,2100.0,153800.0
351,2021-10-17 03:17:11,16500.0,700.0,151700.0
352,2021-10-17 03:17:11,16500.0,500.0,151000.0
353,2021-10-17 03:17:11,16500.0,1700.0,150500.0
354,2021-10-17 03:17:04,16500.0,300.0,148800.0
355,2021-10-17 03:17:04,16500.0,800.0,148500.0
356,2021-10-17 03:17:04,16500.0,200.0,147700.0
357,2021-10-17 03:17:04,16500.0,3100.0,147500.0
358,2021-10-17 03:17:04,16500.0,600.0,144400.0
359,2021-10-17 03:17:04,16500.0,200.0,143800.0
360,2021-10-17 03:17:04,16500.0,500.0,143600.0
361,2021-10-17 03:17:04,16500.0,500.0,143100.0
362,2021-10-17 03:17:04,16500.0,500.0,142600.0
363,2021-10-17 03:17:04,16500.0,100.0,142100.0
364,2021-10-17 03:17:04,16500.0,100.0,142000.0
365,2021-10-17 03:17:04,16500.0,200.0,141900.0
366,2021-10-17 03:17:04,16500.0,200.0,141700.0
367,2021-10-17 03:17:04,16500.0,2400.0,141500.0
368,2021-10-17 03:17:04,16500.0,100.0,139100.0
369,2021-10-17 03:17:04,16500.0,5200.0,139000.0
370,2021-10-17 03:16:42,16450.0,200.0,133800.0
371,2021-10-17 03:16:37,16450.0,2800.0,133600.0
372,2021-10-17 03:16:37,16450.0,200.0,130800.0
373,2021-10-17 03:16:23,16400.0,100.0,130600.0
374,2021-10-17 03:16:04,16400.0,1000.0,130500.0
375,2021-10-17 03:16:04,16400.0,500.0,129500.0
376,2021-10-17 03:16:04,16400.0,300.0,129000.0
377,2021-10-17 03:16:04,16400.0,100.0,128700.0
378,2021-10-17 03:16:04,16400.0,2000.0,128600.0
379,2021-10-17 03:16:04,16400.0,6000.0,126600.0
380,2021-10-17 03:16:04,16400.0,100.0,120600.0
381,2021-10-17 03:15:31,16350.0,500.0,120500.0
382,2021-10-17 03:15:01,16350.0,200.0,120000.0
383,2021-10-17 03:14:10,16350.0,1800.0,119800.0
384,2021-10-17 03:14:00,16350.0,200.0,118000.0
385,2021-10-17 03:13:37,16350.0,5000.0,117800.0
386,2021-10-17 03:12:45,16350.0,1700.0,112800.0
387,2021-10-17 03:08:19,16400.0,200.0,111100.0
388,2021-10-17 03:07:54,16400.0,200.0,110900.0
389,2021-10-17 03:07:25,16400.0,200.0,110700.0
390,2021-10-17 03:06:57,16400.0,300.0,110500.0
391,2021-10-17 03:05:32,16400.0,100.0,110200.0
392,2021-10-17 03:04:58,16350.0,300.0,110100.0
393,2021-10-17 03:03:22,16300.0,200.0,109800.0
394,2021-10-17 03:02:09,16300.0,100.0,109600.0
395,2021-10-17 02:59:52,16300.0,2300.0,109500.0
396,2021-10-17 02:59:52,16300.0,200.0,107200.0
397,2021-10-17 02:59:52,16300.0,1200.0,107000.0
398,2021-10-17 02:59:52,16300.0,300.0,105800.0
399,2021-10-17 02:59:50,16350.0,1700.0,105500.0
400,2021-10-17 02:59:50,16350.0,300.0,103800.0
401,2021-10-17 02:59:50,16350.0,1000.0,103500.0
402,2021-10-17 02:59:50,16350.0,800.0,102500.0
403,2021-10-17 02:55:21,16350.0,1000.0,101700.0
404,2021-10-17 02:55:12,16350.0,3500.0,100700.0
405,2021-10-17 02:54:59,16350.0,2000.0,97200.0
406,2021-10-17 02:54:23,16350.0,800.0,95200.0
407,2021-10-17 02:54:23,16350.0,200.0,94400.0
408,2021-10-17 02:54:12,16350.0,1800.0,94200.0
409,2021-10-17 02:54:12,16350.0,200.0,92400.0
410,2021-10-17 02:52:45,16350.0,1000.0,92200.0
411,2021-10-17 02:52:45,16350.0,700.0,91200.0
412,2021-10-17 02:52:45,16350.0,1000.0,90500.0
413,2021-10-17 02:52:45,16350.0,100.0,89500.0
414,2021-10-17 02:51:14,16300.0,700.0,89400.0
415,2021-10-17 02:51:14,16300.0,200.0,88700.0
416,2021-10-17 02:51:14,16300.0,100.0,88500.0
417,2021-10-17 02:51:14,16300.0,100.0,88400.0
418,2021-10-17 02:46:20,16350.0,100.0,88300.0
419,2021-10-17 02:43:18,16350.0,300.0,88200.0
420,2021-10-17 02:42:40,16300.0,400.0,87900.0
421,2021-10-17 02:41:24,16300.0,200.0,87500.0
422,2021-10-17 02:40:46,16300.0,100.0,87300.0
423,2021-10-17 02:40:46,16300.0,2200.0,87200.0
424,2021-10-17 02:40:24,16300.0,400.0,85000.0
425,2021-10-17 02:40:24,16300.0,100.0,84600.0
426,2021-10-17 02:39:19,16300.0,400.0,84500.0
427,2021-10-17 02:39:19,16300.0,600.0,84100.0
428,2021-10-17 02:38:12,16300.0,1600.0,83500.0
429,2021-10-17 02:37:30,16300.0,2000.0,81900.0
430,2021-10-17 02:37:30,16300.0,1000.0,79900.0
431,2021-10-17 02:37:30,16300.0,400.0,78900.0
432,2021-10-17 02:35:39,16300.0,600.0,78500.0
433,2021-10-17 02:35:39,16250.0,400.0,77900.0
434,2021-10-17 02:35:29,16250.0,100.0,77500.0
435,2021-10-17 02:35:29,16250.0,100.0,77400.0
436,2021-10-17 02:35:29,16250.0,300.0,77300.0
437,2021-10-17 02:35:29,16250.0,100.0,77000.0
438,2021-10-17 02:33:42,16350.0,100.0,76900.0
439,2021-10-17 02:33:42,16350.0,500.0,76800.0
440,2021-10-17 02:33:42,16350.0,200.0,76300.0
441,2021-10-17 02:33:42,16350.0,1900.0,76100.0
442,2021-10-17 02:33:33,16350.0,700.0,74200.0
443,2021-10-17 02:33:22,16350.0,1000.0,73500.0
444,2021-10-17 02:32:26,16350.0,200.0,72500.0
445,2021-10-17 02:32:20,16350.0,200.0,72300.0
446,2021-10-17 02:32:11,16350.0,2000.0,72100.0
447,2021-10-17 02:31:55,16350.0,4400.0,70100.0
448,2021-10-17 02:31:39,16350.0,2000.0,65700.0
449,2021-10-17 02:31:39,16350.0,300.0,63700.0
450,2021-10-17 02:31:33,16350.0,2300.0,63400.0
451,2021-10-17 02:31:33,16350.0,200.0,61100.0
452,2021-10-17 02:30:54,16400.0,200.0,60900.0
453,2021-10-17 02:29:24,16400.0,300.0,60700.0
454,2021-10-17 02:29:22,16400.0,1000.0,60400.0
455,2021-10-17 02:29:22,16400.0,100.0,59400.0
456,2021-10-17 02:29:22,16400.0,2800.0,59300.0
457,2021-10-17 02:29:09,16400.0,200.0,56500.0
458,2021-10-17 02:28:56,16400.0,1000.0,56300.0
459,2021-10-17 02:28:56,16400.0,200.0,55300.0
460,2021-10-17 02:28:56,16400.0,4500.0,55100.0
461,2021-10-17 02:28:08,16400.0,300.0,50600.0
462,2021-10-17 02:27:45,16400.0,200.0,50300.0
463,2021-10-17 02:27:45,16400.0,300.0,50100.0
464,2021-10-17 02:24:31,16400.0,100.0,49800.0
465,2021-10-17 02:24:23,16400.0,4900.0,49700.0
466,2021-10-17 02:23:17,16350.0,200.0,44800.0
467,2021-10-17 02:23:08,16400.0,100.0,44600.0
468,2021-10-17 02:22:50,16500.0,3000.0,44500.0
469,2021-10-17 02:22:50,16500.0,2000.0,41500.0
470,2021-10-17 02:22:29,16500.0,200.0,39500.0
471,2021-10-17 02:22:19,16500.0,1000.0,39300.0
472,2021-10-17 02:22:19,16500.0,1000.0,38300.0
473,2021-10-17 02:22:19,16500.0,100.0,37300.0
474,2021-10-17 02:22:19,16500.0,500.0,37200.0
475,2021-10-17 02:22:19,16500.0,5200.0,36700.0
476,2021-10-17 02:21:15,16500.0,200.0,31500.0
477,2021-10-17 02:21:00,16500.0,100.0,31300.0
478,2021-10-17 02:19:45,16550.0,800.0,31200.0
479,2021-10-17 02:19:45,16550.0,5800.0,30400.0
480,2021-10-17 02:19:38,16550.0,300.0,24600.0
481,2021-10-17 02:19:36,16550.0,200.0,24300.0
482,2021-10-17 02:19:32,16550.0,100.0,24100.0
483,2021-10-17 02:18:59,16550.0,200.0,24000.0
484,2021-10-17 02:18:46,16550.0,700.0,23800.0
485,2021-10-17 02:18:45,16500.0,300.0,23100.0
486,2021-10-17 02:18:31,16550.0,300.0,22800.0
487,2021-10-17 02:18:31,16550.0,200.0,22500.0
488,2021-10-17 02:18:09,16500.0,400.0,22300.0
489,2021-10-17 02:17:55,16500.0,1400.0,21900.0
490,2021-10-17 02:17:49,16500.0,500.0,20500.0
491,2021-10-17 02:17:20,16400.0,1000.0,20000.0
492,2021-10-17 02:16:33,16350.0,100.0,19000.0
493,2021-10-17 02:16:33,16350.0,200.0,18900.0
494,2021-10-17 02:16:33,16350.0,200.0,18700.0
495,2021-10-17 02:15:14,16300.0,1000.0,18500.0
496,2021-10-17 02:15:00,16200.0,300.0,17500.0
497,2021-10-17 02:15:00,16200.0,200.0,17200.0
498,2021-10-17 02:15:00,16200.0,1000.0,17000.0
499,2021-10-17 02:15:00,16200.0,2000.0,16000.0
500,2021-10-17 02:15:00,16200.0,200.0,14000.0
501,2021-10-17 02:15:00,16200.0,300.0,13800.0
502,2021-10-17 02:15:00,16200.0,1700.0,13500.0
503,2021-10-17 02:15:00,16200.0,4800.0,11800.0
504,2021-10-17 02:15:00,16200.0,900.0,7000.0
505,2021-10-17 02:15:00,16200.0,100.0,6100.0
506,2021-10-17 02:15:00,16200.0,1000.0,6000.0
507,2021-10-17 02:15:00,16200.0,4600.0,5000.0
508,2021-10-17 02:15:00,16200.0,200.0,400.0
509,2021-10-17 02:15:00,16200.0,200.0,200.0
