,Time,Price,Volume_per_trade,Volume
0,2021-10-12 07:45:00,16550.0,300.0,595100.0
1,2021-10-12 07:45:00,16550.0,300.0,594800.0
2,2021-10-12 07:45:00,16550.0,100.0,594500.0
3,2021-10-12 07:45:00,16550.0,1000.0,594400.0
4,2021-10-12 07:45:00,16550.0,300.0,593400.0
5,2021-10-12 07:45:00,16550.0,1600.0,593100.0
6,2021-10-12 07:45:00,16550.0,300.0,591500.0
7,2021-10-12 07:45:00,16550.0,3100.0,591200.0
8,2021-10-12 07:45:00,16550.0,300.0,588100.0
9,2021-10-12 07:45:00,16550.0,700.0,587800.0
10,2021-10-12 07:45:00,16550.0,300.0,587100.0
11,2021-10-12 07:45:00,16550.0,100.0,586800.0
12,2021-10-12 07:29:57,16550.0,500.0,586700.0
13,2021-10-12 07:29:29,16550.0,200.0,586200.0
14,2021-10-12 07:28:37,16550.0,1200.0,586000.0
15,2021-10-12 07:28:33,16500.0,400.0,584800.0
16,2021-10-12 07:28:33,16500.0,400.0,584400.0
17,2021-10-12 07:28:33,16500.0,1000.0,584000.0
18,2021-10-12 07:28:33,16500.0,1000.0,583000.0
19,2021-10-12 07:28:33,16500.0,100.0,582000.0
20,2021-10-12 07:28:33,16500.0,100.0,581900.0
21,2021-10-12 07:25:15,16500.0,1000.0,581800.0
22,2021-10-12 07:24:06,16500.0,1000.0,580800.0
23,2021-10-12 07:23:28,16500.0,5000.0,579800.0
24,2021-10-12 07:23:10,16450.0,1600.0,574800.0
25,2021-10-12 07:23:10,16450.0,400.0,573200.0
26,2021-10-12 07:21:57,16500.0,1000.0,572800.0
27,2021-10-12 07:21:57,16500.0,200.0,571800.0
28,2021-10-12 07:21:57,16500.0,300.0,571600.0
29,2021-10-12 07:21:57,16500.0,100.0,571300.0
30,2021-10-12 07:21:57,16500.0,200.0,571200.0
31,2021-10-12 07:21:57,16500.0,500.0,571000.0
32,2021-10-12 07:21:57,16500.0,100.0,570500.0
33,2021-10-12 07:21:57,16500.0,100.0,570400.0
34,2021-10-12 07:21:29,16550.0,200.0,570300.0
35,2021-10-12 07:21:29,16550.0,4000.0,570100.0
36,2021-10-12 07:21:29,16550.0,2200.0,566100.0
37,2021-10-12 07:19:49,16550.0,500.0,563900.0
38,2021-10-12 07:18:34,16550.0,500.0,563400.0
39,2021-10-12 07:18:12,16500.0,1900.0,562900.0
40,2021-10-12 07:18:12,16500.0,100.0,561000.0
41,2021-10-12 07:17:04,16500.0,100.0,560900.0
42,2021-10-12 07:16:31,16500.0,1000.0,560800.0
43,2021-10-12 07:16:23,16500.0,100.0,559800.0
44,2021-10-12 07:16:17,16500.0,2000.0,559700.0
45,2021-10-12 07:15:49,16500.0,1800.0,557700.0
46,2021-10-12 07:15:49,16500.0,1200.0,555900.0
47,2021-10-12 07:12:22,16450.0,200.0,554700.0
48,2021-10-12 07:12:04,16450.0,100.0,554500.0
49,2021-10-12 07:08:39,16500.0,1500.0,554400.0
50,2021-10-12 07:08:10,16500.0,400.0,552900.0
51,2021-10-12 07:08:10,16500.0,100.0,552500.0
52,2021-10-12 07:08:10,16500.0,100.0,552400.0
53,2021-10-12 07:08:10,16500.0,100.0,552300.0
54,2021-10-12 07:08:10,16500.0,100.0,552200.0
55,2021-10-12 07:08:10,16500.0,100.0,552100.0
56,2021-10-12 07:08:10,16500.0,500.0,552000.0
57,2021-10-12 07:08:10,16500.0,900.0,551500.0
58,2021-10-12 07:07:44,16500.0,1100.0,550600.0
59,2021-10-12 07:07:44,16500.0,100.0,549500.0
60,2021-10-12 07:07:44,16500.0,200.0,549400.0
61,2021-10-12 07:07:03,16500.0,1000.0,549200.0
62,2021-10-12 07:06:51,16550.0,200.0,548200.0
63,2021-10-12 07:06:04,16550.0,500.0,548000.0
64,2021-10-12 07:06:04,16550.0,100.0,547500.0
65,2021-10-12 07:05:04,16550.0,1700.0,547400.0
66,2021-10-12 07:05:04,16550.0,1000.0,545700.0
67,2021-10-12 07:05:04,16550.0,1800.0,544700.0
68,2021-10-12 07:04:51,16500.0,100.0,542900.0
69,2021-10-12 07:04:20,16550.0,100.0,542800.0
70,2021-10-12 07:04:05,16550.0,100.0,542700.0
71,2021-10-12 07:03:42,16550.0,500.0,542600.0
72,2021-10-12 07:03:42,16550.0,500.0,542100.0
73,2021-10-12 07:02:20,16550.0,100.0,541600.0
74,2021-10-12 07:02:11,16550.0,500.0,541500.0
75,2021-10-12 07:02:05,16550.0,500.0,541000.0
76,2021-10-12 07:02:05,16550.0,500.0,540500.0
77,2021-10-12 07:01:49,16550.0,500.0,540000.0
78,2021-10-12 07:01:29,16550.0,100.0,539500.0
79,2021-10-12 07:00:44,16550.0,2900.0,539400.0
80,2021-10-12 07:00:44,16550.0,1000.0,536500.0
81,2021-10-12 07:00:44,16550.0,300.0,535500.0
82,2021-10-12 07:00:44,16550.0,1100.0,535200.0
83,2021-10-12 06:55:55,16550.0,100.0,534100.0
84,2021-10-12 06:55:24,16550.0,200.0,534000.0
85,2021-10-12 06:54:15,16550.0,2000.0,533800.0
86,2021-10-12 06:53:05,16550.0,200.0,531800.0
87,2021-10-12 06:52:34,16550.0,200.0,531600.0
88,2021-10-12 06:52:09,16500.0,1000.0,531400.0
89,2021-10-12 06:51:44,16550.0,200.0,530400.0
90,2021-10-12 06:51:44,16550.0,5000.0,530200.0
91,2021-10-12 06:51:10,16600.0,1600.0,525200.0
92,2021-10-12 06:51:10,16600.0,3200.0,523600.0
93,2021-10-12 06:51:08,16600.0,900.0,520400.0
94,2021-10-12 06:48:17,16650.0,100.0,519500.0
95,2021-10-12 06:47:57,16600.0,900.0,519400.0
96,2021-10-12 06:47:22,16600.0,1100.0,518500.0
97,2021-10-12 06:47:22,16600.0,300.0,517400.0
98,2021-10-12 06:47:22,16600.0,500.0,517100.0
99,2021-10-12 06:47:22,16600.0,200.0,516600.0
100,2021-10-12 06:47:22,16600.0,200.0,516400.0
101,2021-10-12 06:47:22,16600.0,300.0,516200.0
102,2021-10-12 06:47:04,16600.0,200.0,515900.0
103,2021-10-12 06:47:04,16600.0,100.0,515700.0
104,2021-10-12 06:47:04,16600.0,800.0,515600.0
105,2021-10-12 06:47:04,16600.0,500.0,514800.0
106,2021-10-12 06:47:04,16600.0,400.0,514300.0
107,2021-10-12 06:46:29,16600.0,1800.0,513900.0
108,2021-10-12 06:46:29,16600.0,900.0,512100.0
109,2021-10-12 06:46:29,16600.0,300.0,511200.0
110,2021-10-12 06:46:29,16600.0,2000.0,510900.0
111,2021-10-12 06:45:57,16600.0,500.0,508900.0
112,2021-10-12 06:45:37,16600.0,200.0,508400.0
113,2021-10-12 06:44:05,16550.0,400.0,508200.0
114,2021-10-12 06:44:05,16550.0,100.0,507800.0
115,2021-10-12 06:43:45,16550.0,400.0,507700.0
116,2021-10-12 06:39:32,16500.0,7700.0,507300.0
117,2021-10-12 06:39:32,16500.0,100.0,499600.0
118,2021-10-12 06:39:32,16500.0,300.0,499500.0
119,2021-10-12 06:39:32,16500.0,100.0,499200.0
120,2021-10-12 06:39:32,16500.0,1800.0,499100.0
121,2021-10-12 06:38:00,16550.0,200.0,497300.0
122,2021-10-12 06:37:51,16550.0,300.0,497100.0
123,2021-10-12 06:36:30,16500.0,200.0,496800.0
124,2021-10-12 06:35:56,16500.0,1000.0,496600.0
125,2021-10-12 06:29:25,16600.0,100.0,495600.0
126,2021-10-12 06:24:41,16600.0,200.0,495500.0
127,2021-10-12 06:23:40,16600.0,500.0,495300.0
128,2021-10-12 06:23:40,16350.0,1500.0,494800.0
129,2021-10-12 06:23:28,16350.0,300.0,493300.0
130,2021-10-12 06:23:13,16350.0,1000.0,493000.0
131,2021-10-12 06:23:13,16350.0,200.0,492000.0
132,2021-10-12 06:23:13,16350.0,700.0,491800.0
133,2021-10-12 06:23:13,16350.0,300.0,491100.0
134,2021-10-12 06:23:13,16350.0,30600.0,490800.0
135,2021-10-12 06:23:13,16350.0,2000.0,460200.0
136,2021-10-12 06:23:13,16350.0,200.0,458200.0
137,2021-10-12 06:23:13,16350.0,300.0,458000.0
138,2021-10-12 06:23:13,16350.0,100.0,457700.0
139,2021-10-12 06:23:13,16350.0,500.0,457600.0
140,2021-10-12 06:23:13,16350.0,500.0,457100.0
141,2021-10-12 06:23:13,16350.0,7000.0,456600.0
142,2021-10-12 06:23:13,16350.0,1000.0,449600.0
143,2021-10-12 06:23:13,16350.0,300.0,448600.0
144,2021-10-12 06:23:13,16350.0,1000.0,448300.0
145,2021-10-12 06:23:13,16350.0,300.0,447300.0
146,2021-10-12 06:23:13,16350.0,100.0,447000.0
147,2021-10-12 06:23:13,16350.0,100.0,446900.0
148,2021-10-12 06:23:13,16350.0,200.0,446800.0
149,2021-10-12 06:23:13,16350.0,2000.0,446600.0
150,2021-10-12 06:23:13,16350.0,1000.0,444600.0
151,2021-10-12 06:23:13,16350.0,500.0,443600.0
152,2021-10-12 06:23:13,16350.0,1000.0,443100.0
153,2021-10-12 06:23:13,16350.0,600.0,442100.0
154,2021-10-12 06:23:13,16400.0,100.0,441500.0
155,2021-10-12 06:23:13,16400.0,200.0,441400.0
156,2021-10-12 06:23:13,16400.0,1000.0,441200.0
157,2021-10-12 06:23:13,16400.0,1000.0,440200.0
158,2021-10-12 06:23:13,16400.0,1900.0,439200.0
159,2021-10-12 06:23:13,16400.0,100.0,437300.0
160,2021-10-12 06:23:13,16400.0,100.0,437200.0
161,2021-10-12 06:23:13,16400.0,700.0,437100.0
162,2021-10-12 06:23:13,16400.0,100.0,436400.0
163,2021-10-12 06:23:13,16400.0,200.0,436300.0
164,2021-10-12 06:23:13,16400.0,200.0,436100.0
165,2021-10-12 06:23:13,16400.0,300.0,435900.0
166,2021-10-12 06:23:13,16400.0,500.0,435600.0
167,2021-10-12 06:23:13,16400.0,1000.0,435100.0
168,2021-10-12 06:23:13,16400.0,500.0,434100.0
169,2021-10-12 06:23:13,16400.0,1200.0,433600.0
170,2021-10-12 06:23:13,16400.0,1000.0,432400.0
171,2021-10-12 06:23:13,16400.0,200.0,431400.0
172,2021-10-12 06:23:13,16400.0,6000.0,431200.0
173,2021-10-12 06:23:13,16400.0,500.0,425200.0
174,2021-10-12 06:23:13,16400.0,100.0,424700.0
175,2021-10-12 06:23:13,16400.0,1000.0,424600.0
176,2021-10-12 06:23:13,16400.0,300.0,423600.0
177,2021-10-12 06:23:13,16450.0,200.0,423300.0
178,2021-10-12 06:23:13,16450.0,200.0,423100.0
179,2021-10-12 06:23:13,16450.0,1000.0,422900.0
180,2021-10-12 06:23:13,16450.0,1000.0,421900.0
181,2021-10-12 06:23:13,16450.0,1000.0,420900.0
182,2021-10-12 06:23:13,16450.0,5100.0,419900.0
183,2021-10-12 06:22:51,16450.0,900.0,414800.0
184,2021-10-12 06:22:51,16450.0,100.0,413900.0
185,2021-10-12 06:22:51,16450.0,100.0,413800.0
186,2021-10-12 06:22:51,16450.0,9000.0,413700.0
187,2021-10-12 06:22:51,16450.0,1000.0,404700.0
188,2021-10-12 06:22:51,16450.0,500.0,403700.0
189,2021-10-12 06:22:51,16450.0,1000.0,403200.0
190,2021-10-12 06:22:51,16450.0,1000.0,402200.0
191,2021-10-12 06:22:51,16450.0,500.0,401200.0
192,2021-10-12 06:22:51,16500.0,300.0,400700.0
193,2021-10-12 06:22:51,16500.0,100.0,400400.0
194,2021-10-12 06:22:51,16500.0,500.0,400300.0
195,2021-10-12 06:22:51,16500.0,2000.0,399800.0
196,2021-10-12 06:22:51,16500.0,5000.0,397800.0
197,2021-10-12 06:22:51,16500.0,1000.0,392800.0
198,2021-10-12 06:22:51,16500.0,2000.0,391800.0
199,2021-10-12 06:22:51,16500.0,500.0,389800.0
200,2021-10-12 06:22:51,16500.0,100.0,389300.0
201,2021-10-12 06:22:51,16500.0,2000.0,389200.0
202,2021-10-12 06:22:51,16500.0,200.0,387200.0
203,2021-10-12 06:22:51,16500.0,500.0,387000.0
204,2021-10-12 06:22:51,16500.0,4000.0,386500.0
205,2021-10-12 06:22:51,16500.0,500.0,382500.0
206,2021-10-12 06:22:51,16500.0,1100.0,382000.0
207,2021-10-12 06:22:51,16500.0,800.0,380900.0
208,2021-10-12 06:22:51,16500.0,100.0,380100.0
209,2021-10-12 06:22:51,16500.0,800.0,380000.0
210,2021-10-12 06:22:51,16500.0,700.0,379200.0
211,2021-10-12 06:22:51,16500.0,100.0,378500.0
212,2021-10-12 06:22:51,16500.0,100.0,378400.0
213,2021-10-12 06:22:51,16500.0,600.0,378300.0
214,2021-10-12 06:22:51,16500.0,1000.0,377700.0
215,2021-10-12 06:22:51,16500.0,300.0,376700.0
216,2021-10-12 06:22:51,16500.0,1000.0,376400.0
217,2021-10-12 06:22:51,16500.0,100.0,375400.0
218,2021-10-12 06:22:51,16500.0,100.0,375300.0
219,2021-10-12 06:22:51,16500.0,1300.0,375200.0
220,2021-10-12 06:22:51,16500.0,1600.0,373900.0
221,2021-10-12 06:22:51,16550.0,100.0,372300.0
222,2021-10-12 06:22:51,16550.0,100.0,372200.0
223,2021-10-12 06:22:51,16550.0,2000.0,372100.0
224,2021-10-12 06:22:51,16550.0,3000.0,370100.0
225,2021-10-12 06:22:51,16550.0,200.0,367100.0
226,2021-10-12 06:22:51,16550.0,500.0,366900.0
227,2021-10-12 06:22:51,16550.0,1600.0,366400.0
228,2021-10-12 06:19:20,16600.0,100.0,364800.0
229,2021-10-12 06:17:32,16600.0,100.0,364700.0
230,2021-10-12 06:17:32,16650.0,100.0,364600.0
231,2021-10-12 06:15:23,16600.0,100.0,364500.0
232,2021-10-12 06:15:23,16600.0,900.0,364400.0
233,2021-10-12 06:15:07,16600.0,200.0,363500.0
234,2021-10-12 06:14:37,16600.0,100.0,363300.0
235,2021-10-12 06:13:31,16600.0,1800.0,363200.0
236,2021-10-12 06:13:31,16600.0,200.0,361400.0
237,2021-10-12 06:12:11,16550.0,500.0,361200.0
238,2021-10-12 06:08:48,16600.0,1200.0,360700.0
239,2021-10-12 06:07:53,16550.0,1000.0,359500.0
240,2021-10-12 06:06:12,16550.0,200.0,358500.0
241,2021-10-12 06:06:10,16550.0,500.0,358300.0
242,2021-10-12 06:06:10,16550.0,1200.0,357800.0
243,2021-10-12 06:06:06,16550.0,2000.0,356600.0
244,2021-10-12 06:05:37,16550.0,500.0,354600.0
245,2021-10-12 06:05:37,16550.0,600.0,354100.0
246,2021-10-12 06:05:37,16550.0,3900.0,353500.0
247,2021-10-12 06:04:57,16550.0,800.0,349600.0
248,2021-10-12 06:04:57,16550.0,2000.0,348800.0
249,2021-10-12 06:04:57,16550.0,1000.0,346800.0
250,2021-10-12 06:04:57,16550.0,500.0,345800.0
251,2021-10-12 06:04:44,16600.0,1000.0,345300.0
252,2021-10-12 06:02:55,16550.0,300.0,344300.0
253,2021-10-12 06:01:52,16550.0,300.0,344000.0
254,2021-10-12 06:01:52,16550.0,1900.0,343700.0
255,2021-10-12 06:00:17,16550.0,100.0,341800.0
256,2021-10-12 06:00:08,16550.0,1000.0,341700.0
257,2021-10-12 06:00:01,16550.0,100.0,340700.0
258,2021-10-12 06:00:01,16500.0,1400.0,340600.0
259,2021-10-12 06:00:01,16500.0,500.0,339200.0
260,2021-10-12 06:00:01,16500.0,100.0,338700.0
261,2021-10-12 06:00:01,16500.0,200.0,338600.0
262,2021-10-12 06:00:01,16500.0,500.0,338400.0
263,2021-10-12 06:00:01,16550.0,200.0,337900.0
264,2021-10-12 06:00:01,16550.0,100.0,337700.0
265,2021-10-12 06:00:01,16550.0,100.0,337600.0
266,2021-10-12 06:00:01,16550.0,400.0,337500.0
267,2021-10-12 06:00:01,16550.0,1000.0,337100.0
268,2021-10-12 06:00:01,16550.0,100.0,336100.0
269,2021-10-12 06:00:01,16550.0,1500.0,336000.0
270,2021-10-12 04:27:56,16550.0,500.0,334500.0
271,2021-10-12 04:27:56,16550.0,100.0,334000.0
272,2021-10-12 04:27:20,16550.0,900.0,333900.0
273,2021-10-12 04:25:23,16600.0,200.0,333000.0
274,2021-10-12 04:23:10,16600.0,300.0,332800.0
275,2021-10-12 04:22:37,16600.0,800.0,332500.0
276,2021-10-12 04:22:37,16600.0,500.0,331700.0
277,2021-10-12 04:22:37,16600.0,100.0,331200.0
278,2021-10-12 04:22:37,16600.0,2000.0,331100.0
279,2021-10-12 04:22:37,16600.0,100.0,329100.0
280,2021-10-12 04:22:37,16600.0,200.0,329000.0
281,2021-10-12 04:22:37,16600.0,200.0,328800.0
282,2021-10-12 04:22:37,16600.0,100.0,328600.0
283,2021-10-12 04:22:37,16600.0,100.0,328500.0
284,2021-10-12 04:22:37,16600.0,1000.0,328400.0
285,2021-10-12 04:22:37,16600.0,100.0,327400.0
286,2021-10-12 04:18:56,16650.0,200.0,327300.0
287,2021-10-12 04:18:31,16600.0,1100.0,327100.0
288,2021-10-12 04:18:07,16600.0,1000.0,326000.0
289,2021-10-12 04:17:53,16600.0,400.0,325000.0
290,2021-10-12 04:15:46,16600.0,100.0,324600.0
291,2021-10-12 04:14:29,16600.0,700.0,324500.0
292,2021-10-12 04:13:26,16600.0,200.0,323800.0
293,2021-10-12 04:12:49,16600.0,600.0,323600.0
294,2021-10-12 04:12:49,16600.0,100.0,323000.0
295,2021-10-12 04:12:49,16600.0,200.0,322900.0
296,2021-10-12 04:12:49,16600.0,100.0,322700.0
297,2021-10-12 04:09:36,16650.0,600.0,322600.0
298,2021-10-12 04:08:16,16650.0,400.0,322000.0
299,2021-10-12 04:08:16,16650.0,600.0,321600.0
300,2021-10-12 04:06:43,16650.0,300.0,321000.0
301,2021-10-12 04:06:23,16650.0,200.0,320700.0
302,2021-10-12 04:04:09,16650.0,600.0,320500.0
303,2021-10-12 04:01:08,16600.0,100.0,319900.0
304,2021-10-12 04:01:03,16700.0,1000.0,319800.0
305,2021-10-12 04:00:57,16700.0,100.0,318800.0
306,2021-10-12 04:00:50,16700.0,200.0,318700.0
307,2021-10-12 03:59:57,16700.0,1000.0,318500.0
308,2021-10-12 03:59:43,16700.0,200.0,317500.0
309,2021-10-12 03:56:52,16600.0,900.0,317300.0
310,2021-10-12 03:56:52,16600.0,1300.0,316400.0
311,2021-10-12 03:56:52,16600.0,800.0,315100.0
312,2021-10-12 03:56:29,16600.0,600.0,314300.0
313,2021-10-12 03:53:48,16600.0,500.0,313700.0
314,2021-10-12 03:51:10,16600.0,800.0,313200.0
315,2021-10-12 03:50:50,16600.0,300.0,312400.0
316,2021-10-12 03:50:50,16600.0,700.0,312100.0
317,2021-10-12 03:49:33,16600.0,300.0,311400.0
318,2021-10-12 03:48:47,16600.0,2000.0,311100.0
319,2021-10-12 03:48:12,16600.0,1000.0,309100.0
320,2021-10-12 03:46:49,16600.0,300.0,308100.0
321,2021-10-12 03:46:30,16600.0,100.0,307800.0
322,2021-10-12 03:45:22,16600.0,200.0,307700.0
323,2021-10-12 03:45:19,16600.0,100.0,307500.0
324,2021-10-12 03:45:19,16600.0,300.0,307400.0
325,2021-10-12 03:44:35,16600.0,700.0,307100.0
326,2021-10-12 03:44:35,16600.0,300.0,306400.0
327,2021-10-12 03:42:46,16600.0,100.0,306100.0
328,2021-10-12 03:42:05,16600.0,300.0,306000.0
329,2021-10-12 03:42:05,16600.0,200.0,305700.0
330,2021-10-12 03:42:05,16600.0,600.0,305500.0
331,2021-10-12 03:42:05,16600.0,300.0,304900.0
332,2021-10-12 03:40:18,16700.0,100.0,304600.0
333,2021-10-12 03:37:32,16700.0,2200.0,304500.0
334,2021-10-12 03:36:28,16700.0,500.0,302300.0
335,2021-10-12 03:36:24,16700.0,2000.0,301800.0
336,2021-10-12 03:35:33,16700.0,2000.0,299800.0
337,2021-10-12 03:35:18,16700.0,900.0,297800.0
338,2021-10-12 03:34:13,16700.0,700.0,296900.0
339,2021-10-12 03:34:10,16650.0,100.0,296200.0
340,2021-10-12 03:34:03,16700.0,1500.0,296100.0
341,2021-10-12 03:33:51,16650.0,300.0,294600.0
342,2021-10-12 03:32:58,16650.0,500.0,294300.0
343,2021-10-12 03:32:58,16650.0,300.0,293800.0
344,2021-10-12 03:32:51,16650.0,100.0,293500.0
345,2021-10-12 03:32:51,16650.0,1000.0,293400.0
346,2021-10-12 03:32:38,16650.0,100.0,292400.0
347,2021-10-12 03:32:23,16600.0,3000.0,292300.0
348,2021-10-12 03:31:59,16600.0,1000.0,289300.0
349,2021-10-12 03:31:02,16600.0,300.0,288300.0
350,2021-10-12 03:30:54,16600.0,700.0,288000.0
351,2021-10-12 03:29:24,16500.0,3100.0,287300.0
352,2021-10-12 03:29:24,16500.0,600.0,284200.0
353,2021-10-12 03:29:24,16500.0,300.0,283600.0
354,2021-10-12 03:27:17,16500.0,700.0,283300.0
355,2021-10-12 03:27:17,16500.0,100.0,282600.0
356,2021-10-12 03:27:09,16500.0,200.0,282500.0
357,2021-10-12 03:27:09,16500.0,1000.0,282300.0
358,2021-10-12 03:27:09,16500.0,800.0,281300.0
359,2021-10-12 03:27:06,16500.0,100.0,280500.0
360,2021-10-12 03:26:59,16500.0,100.0,280400.0
361,2021-10-12 03:26:55,16500.0,1500.0,280300.0
362,2021-10-12 03:26:52,16500.0,2000.0,278800.0
363,2021-10-12 03:26:26,16500.0,10900.0,276800.0
364,2021-10-12 03:26:18,16450.0,1500.0,265900.0
365,2021-10-12 03:26:09,16450.0,100.0,264400.0
366,2021-10-12 03:26:09,16450.0,300.0,264300.0
367,2021-10-12 03:25:44,16450.0,300.0,264000.0
368,2021-10-12 03:25:12,16400.0,100.0,263700.0
369,2021-10-12 03:24:08,16400.0,100.0,263600.0
370,2021-10-12 03:23:57,16400.0,500.0,263500.0
371,2021-10-12 03:23:50,16400.0,500.0,263000.0
372,2021-10-12 03:23:46,16400.0,100.0,262500.0
373,2021-10-12 03:23:43,16400.0,300.0,262400.0
374,2021-10-12 03:23:43,16400.0,700.0,262100.0
375,2021-10-12 03:23:37,16400.0,100.0,261400.0
376,2021-10-12 03:23:30,16400.0,1000.0,261300.0
377,2021-10-12 03:23:28,16400.0,100.0,260300.0
378,2021-10-12 03:23:28,16400.0,200.0,260200.0
379,2021-10-12 03:23:28,16400.0,2300.0,260000.0
380,2021-10-12 03:23:28,16400.0,1200.0,257700.0
381,2021-10-12 03:23:17,16400.0,3000.0,256500.0
382,2021-10-12 03:23:13,16400.0,100.0,253500.0
383,2021-10-12 03:23:08,16400.0,3000.0,253400.0
384,2021-10-12 03:23:06,16400.0,3000.0,250400.0
385,2021-10-12 03:23:03,16400.0,400.0,247400.0
386,2021-10-12 03:22:48,16400.0,100.0,247000.0
387,2021-10-12 03:22:03,16350.0,400.0,246900.0
388,2021-10-12 03:22:03,16350.0,500.0,246500.0
389,2021-10-12 03:22:03,16350.0,100.0,246000.0
390,2021-10-12 03:21:21,16350.0,300.0,245900.0
391,2021-10-12 03:21:21,16350.0,100.0,245600.0
392,2021-10-12 03:21:21,16350.0,100.0,245500.0
393,2021-10-12 03:21:21,16350.0,200.0,245400.0
394,2021-10-12 03:21:21,16350.0,6500.0,245200.0
395,2021-10-12 03:21:21,16350.0,500.0,238700.0
396,2021-10-12 03:21:21,16350.0,700.0,238200.0
397,2021-10-12 03:21:21,16350.0,100.0,237500.0
398,2021-10-12 03:21:21,16350.0,1500.0,237400.0
399,2021-10-12 03:21:21,16350.0,1200.0,235900.0
400,2021-10-12 03:21:12,16400.0,200.0,234700.0
401,2021-10-12 03:20:47,16350.0,1800.0,234500.0
402,2021-10-12 03:20:44,16400.0,100.0,232700.0
403,2021-10-12 03:20:30,16350.0,200.0,232600.0
404,2021-10-12 03:20:07,16400.0,100.0,232400.0
405,2021-10-12 03:19:57,16400.0,100.0,232300.0
406,2021-10-12 03:19:42,16400.0,100.0,232200.0
407,2021-10-12 03:19:26,16400.0,4000.0,232100.0
408,2021-10-12 03:19:25,16400.0,100.0,228100.0
409,2021-10-12 03:19:25,16400.0,100.0,228000.0
410,2021-10-12 03:19:25,16400.0,100.0,227900.0
411,2021-10-12 03:19:25,16400.0,200.0,227800.0
412,2021-10-12 03:19:25,16400.0,300.0,227600.0
413,2021-10-12 03:19:25,16400.0,300.0,227300.0
414,2021-10-12 03:19:25,16400.0,1000.0,227000.0
415,2021-10-12 03:19:25,16400.0,100.0,226000.0
416,2021-10-12 03:19:25,16400.0,400.0,225900.0
417,2021-10-12 03:19:25,16400.0,2000.0,225500.0
418,2021-10-12 03:19:25,16400.0,500.0,223500.0
419,2021-10-12 03:19:25,16400.0,100.0,223000.0
420,2021-10-12 03:19:25,16400.0,1000.0,222900.0
421,2021-10-12 03:19:25,16400.0,1000.0,221900.0
422,2021-10-12 03:19:25,16400.0,2000.0,220900.0
423,2021-10-12 03:19:25,16400.0,100.0,218900.0
424,2021-10-12 03:19:25,16400.0,8300.0,218800.0
425,2021-10-12 03:19:25,16400.0,1000.0,210500.0
426,2021-10-12 03:19:21,16450.0,3000.0,209500.0
427,2021-10-12 03:18:52,16450.0,500.0,206500.0
428,2021-10-12 03:18:19,16450.0,100.0,206000.0
429,2021-10-12 03:18:13,16400.0,3000.0,205900.0
430,2021-10-12 03:17:55,16450.0,200.0,202900.0
431,2021-10-12 03:17:40,16400.0,4000.0,202700.0
432,2021-10-12 03:17:28,16450.0,100.0,198700.0
433,2021-10-12 03:17:25,16400.0,3500.0,198600.0
434,2021-10-12 03:16:33,16400.0,200.0,195100.0
435,2021-10-12 03:16:33,16400.0,2800.0,194900.0
436,2021-10-12 03:16:14,16450.0,100.0,192100.0
437,2021-10-12 03:16:11,16400.0,2200.0,192000.0
438,2021-10-12 03:16:11,16400.0,1000.0,189800.0
439,2021-10-12 03:16:11,16400.0,1000.0,188800.0
440,2021-10-12 03:16:11,16400.0,1000.0,187800.0
441,2021-10-12 03:16:11,16400.0,1000.0,186800.0
442,2021-10-12 03:16:11,16400.0,100.0,185800.0
443,2021-10-12 03:16:11,16400.0,300.0,185700.0
444,2021-10-12 03:16:11,16400.0,100.0,185400.0
445,2021-10-12 03:16:11,16400.0,300.0,185300.0
446,2021-10-12 03:16:11,16400.0,100.0,185000.0
447,2021-10-12 03:16:11,16400.0,300.0,184900.0
448,2021-10-12 03:15:49,16450.0,100.0,184600.0
449,2021-10-12 03:15:49,16450.0,500.0,184500.0
450,2021-10-12 03:15:49,16450.0,100.0,184000.0
451,2021-10-12 03:15:49,16450.0,300.0,183900.0
452,2021-10-12 03:15:16,16450.0,4700.0,183600.0
453,2021-10-12 03:13:22,16500.0,500.0,178900.0
454,2021-10-12 03:12:50,16500.0,100.0,178400.0
455,2021-10-12 03:12:05,16400.0,700.0,178300.0
456,2021-10-12 03:12:05,16400.0,200.0,177600.0
457,2021-10-12 03:12:05,16400.0,200.0,177400.0
458,2021-10-12 03:12:05,16400.0,200.0,177200.0
459,2021-10-12 03:12:05,16400.0,200.0,177000.0
460,2021-10-12 03:12:05,16400.0,100.0,176800.0
461,2021-10-12 03:12:05,16400.0,400.0,176700.0
462,2021-10-12 03:11:58,16500.0,1200.0,176300.0
463,2021-10-12 03:11:58,16450.0,300.0,175100.0
464,2021-10-12 03:11:58,16450.0,1500.0,174800.0
465,2021-10-12 03:11:51,16450.0,500.0,173300.0
466,2021-10-12 03:11:40,16400.0,200.0,172800.0
467,2021-10-12 03:11:40,16450.0,100.0,172600.0
468,2021-10-12 03:11:40,16450.0,100.0,172500.0
469,2021-10-12 03:11:40,16450.0,400.0,172400.0
470,2021-10-12 03:11:40,16450.0,200.0,172000.0
471,2021-10-12 03:11:37,16450.0,300.0,171800.0
472,2021-10-12 03:11:22,16500.0,3800.0,171500.0
473,2021-10-12 03:11:22,16500.0,1200.0,167700.0
474,2021-10-12 03:11:05,16500.0,100.0,166500.0
475,2021-10-12 03:10:58,16500.0,100.0,166400.0
476,2021-10-12 03:10:58,16500.0,600.0,166300.0
477,2021-10-12 03:10:58,16500.0,200.0,165700.0
478,2021-10-12 03:10:57,16500.0,200.0,165500.0
479,2021-10-12 03:10:57,16500.0,100.0,165300.0
480,2021-10-12 03:10:57,16500.0,1000.0,165200.0
481,2021-10-12 03:10:57,16500.0,500.0,164200.0
482,2021-10-12 03:10:57,16500.0,1000.0,163700.0
483,2021-10-12 03:10:57,16500.0,100.0,162700.0
484,2021-10-12 03:10:57,16500.0,100.0,162600.0
485,2021-10-12 03:10:40,16500.0,300.0,162500.0
486,2021-10-12 03:10:40,16500.0,100.0,162200.0
487,2021-10-12 03:10:40,16500.0,1600.0,162100.0
488,2021-10-12 03:10:25,16500.0,1400.0,160500.0
489,2021-10-12 03:10:25,16500.0,1000.0,159100.0
490,2021-10-12 03:10:25,16500.0,200.0,158100.0
491,2021-10-12 03:10:25,16500.0,200.0,157900.0
492,2021-10-12 03:10:25,16500.0,500.0,157700.0
493,2021-10-12 03:10:25,16500.0,100.0,157200.0
494,2021-10-12 03:10:25,16500.0,100.0,157100.0
495,2021-10-12 03:10:25,16500.0,200.0,157000.0
496,2021-10-12 03:10:25,16500.0,100.0,156800.0
497,2021-10-12 03:10:25,16500.0,400.0,156700.0
498,2021-10-12 03:10:25,16500.0,100.0,156300.0
499,2021-10-12 03:10:25,16500.0,100.0,156200.0
500,2021-10-12 03:10:25,16500.0,100.0,156100.0
501,2021-10-12 03:10:25,16500.0,200.0,156000.0
502,2021-10-12 03:10:25,16500.0,300.0,155800.0
503,2021-10-12 03:10:18,16500.0,200.0,155500.0
504,2021-10-12 03:10:18,16500.0,300.0,155300.0
505,2021-10-12 03:09:42,16550.0,1000.0,155000.0
506,2021-10-12 03:09:42,16550.0,1000.0,154000.0
507,2021-10-12 03:09:42,16550.0,1000.0,153000.0
508,2021-10-12 03:09:18,16600.0,1000.0,152000.0
509,2021-10-12 03:08:33,16600.0,100.0,151000.0
510,2021-10-12 03:07:36,16600.0,100.0,150900.0
511,2021-10-12 03:07:21,16600.0,100.0,150800.0
512,2021-10-12 03:07:21,16600.0,100.0,150700.0
513,2021-10-12 03:07:21,16600.0,100.0,150600.0
514,2021-10-12 03:07:00,16650.0,700.0,150500.0
515,2021-10-12 03:06:06,16650.0,100.0,149800.0
516,2021-10-12 03:06:00,16600.0,300.0,149700.0
517,2021-10-12 03:06:00,16600.0,100.0,149400.0
518,2021-10-12 03:06:00,16600.0,100.0,149300.0
519,2021-10-12 03:05:41,16650.0,200.0,149200.0
520,2021-10-12 03:05:08,16650.0,3000.0,149000.0
521,2021-10-12 03:05:05,16600.0,2000.0,146000.0
522,2021-10-12 03:04:44,16650.0,800.0,144000.0
523,2021-10-12 03:04:20,16650.0,200.0,143200.0
524,2021-10-12 03:03:21,16500.0,200.0,143000.0
525,2021-10-12 03:03:21,16600.0,100.0,142800.0
526,2021-10-12 03:03:18,16500.0,500.0,142700.0
527,2021-10-12 03:03:18,16500.0,1000.0,142200.0
528,2021-10-12 03:03:18,16500.0,700.0,141200.0
529,2021-10-12 03:03:18,16500.0,500.0,140500.0
530,2021-10-12 03:03:18,16500.0,800.0,140000.0
531,2021-10-12 03:03:18,16500.0,9600.0,139200.0
532,2021-10-12 03:03:18,16500.0,100.0,129600.0
533,2021-10-12 03:03:18,16500.0,200.0,129500.0
534,2021-10-12 03:03:18,16500.0,200.0,129300.0
535,2021-10-12 03:03:18,16500.0,5000.0,129100.0
536,2021-10-12 03:03:18,16500.0,1000.0,124100.0
537,2021-10-12 03:03:18,16500.0,500.0,123100.0
538,2021-10-12 03:03:18,16500.0,2000.0,122600.0
539,2021-10-12 03:03:18,16550.0,1000.0,120600.0
540,2021-10-12 03:03:18,16600.0,200.0,119600.0
541,2021-10-12 03:03:18,16600.0,1000.0,119400.0
542,2021-10-12 03:03:18,16600.0,200.0,118400.0
543,2021-10-12 03:03:18,16600.0,500.0,118200.0
544,2021-10-12 03:03:18,16600.0,200.0,117700.0
545,2021-10-12 03:03:18,16600.0,100.0,117500.0
546,2021-10-12 03:03:18,16600.0,200.0,117400.0
547,2021-10-12 03:03:18,16600.0,1000.0,117200.0
548,2021-10-12 03:03:18,16600.0,1000.0,116200.0
549,2021-10-12 03:03:18,16600.0,500.0,115200.0
550,2021-10-12 03:03:18,16600.0,2000.0,114700.0
551,2021-10-12 03:03:04,16650.0,500.0,112700.0
552,2021-10-12 03:03:04,16650.0,200.0,112200.0
553,2021-10-12 03:03:04,16650.0,100.0,112000.0
554,2021-10-12 03:03:04,16650.0,100.0,111900.0
555,2021-10-12 03:03:04,16650.0,8000.0,111800.0
556,2021-10-12 03:03:04,16650.0,300.0,103800.0
557,2021-10-12 03:03:04,16650.0,500.0,103500.0
558,2021-10-12 03:03:04,16650.0,100.0,103000.0
559,2021-10-12 03:03:04,16650.0,1000.0,102900.0
560,2021-10-12 03:03:04,16650.0,400.0,101900.0
561,2021-10-12 03:03:04,16700.0,1000.0,101500.0
562,2021-10-12 03:03:04,16700.0,100.0,100500.0
563,2021-10-12 03:03:04,16700.0,1000.0,100400.0
564,2021-10-12 03:03:04,16700.0,2100.0,99400.0
565,2021-10-12 03:03:04,16700.0,300.0,97300.0
566,2021-10-12 03:03:04,16700.0,100.0,97000.0
567,2021-10-12 03:03:04,16700.0,100.0,96900.0
568,2021-10-12 03:03:04,16700.0,1000.0,96800.0
569,2021-10-12 03:03:04,16700.0,500.0,95800.0
570,2021-10-12 03:03:04,16700.0,100.0,95300.0
571,2021-10-12 03:03:04,16700.0,100.0,95200.0
572,2021-10-12 03:03:04,16700.0,500.0,95100.0
573,2021-10-12 03:03:04,16700.0,500.0,94600.0
574,2021-10-12 03:03:04,16700.0,100.0,94100.0
575,2021-10-12 03:03:04,16700.0,100.0,94000.0
576,2021-10-12 03:03:04,16700.0,100.0,93900.0
577,2021-10-12 03:03:04,16700.0,3000.0,93800.0
578,2021-10-12 03:03:04,16700.0,100.0,90800.0
579,2021-10-12 03:03:04,16700.0,200.0,90700.0
580,2021-10-12 03:03:04,16700.0,2000.0,90500.0
581,2021-10-12 03:03:04,16700.0,2000.0,88500.0
582,2021-10-12 03:03:04,16700.0,1000.0,86500.0
583,2021-10-12 03:03:04,16700.0,3000.0,85500.0
584,2021-10-12 03:03:04,16700.0,1000.0,82500.0
585,2021-10-12 03:03:04,16700.0,100.0,81500.0
586,2021-10-12 03:03:04,16700.0,2200.0,81400.0
587,2021-10-12 03:02:58,16700.0,1300.0,79200.0
588,2021-10-12 03:02:58,16750.0,200.0,77900.0
589,2021-10-12 03:01:54,16800.0,100.0,77700.0
590,2021-10-12 03:01:54,16800.0,3700.0,77600.0
591,2021-10-12 03:00:17,16850.0,300.0,73900.0
592,2021-10-12 02:59:46,16800.0,200.0,73600.0
593,2021-10-12 02:59:46,16800.0,400.0,73400.0
594,2021-10-12 02:59:46,16800.0,2200.0,73000.0
595,2021-10-12 02:59:01,16800.0,1500.0,70800.0
596,2021-10-12 02:59:01,16800.0,300.0,69300.0
597,2021-10-12 02:59:01,16800.0,100.0,69000.0
598,2021-10-12 02:59:01,16750.0,100.0,68900.0
599,2021-10-12 02:58:24,16700.0,100.0,68800.0
600,2021-10-12 02:58:10,16700.0,1200.0,68700.0
601,2021-10-12 02:58:05,16750.0,600.0,67500.0
602,2021-10-12 02:57:46,16750.0,100.0,66900.0
603,2021-10-12 02:56:34,16750.0,300.0,66800.0
604,2021-10-12 02:56:22,16700.0,200.0,66500.0
605,2021-10-12 02:56:22,16700.0,100.0,66300.0
606,2021-10-12 02:56:22,16700.0,2000.0,66200.0
607,2021-10-12 02:56:22,16700.0,100.0,64200.0
608,2021-10-12 02:56:22,16700.0,1100.0,64100.0
609,2021-10-12 02:55:41,16700.0,700.0,63000.0
610,2021-10-12 02:55:22,16700.0,200.0,62300.0
611,2021-10-12 02:55:22,16700.0,100.0,62100.0
612,2021-10-12 02:55:22,16700.0,100.0,62000.0
613,2021-10-12 02:53:53,16750.0,1000.0,61900.0
614,2021-10-12 02:53:19,16750.0,300.0,60900.0
615,2021-10-12 02:52:41,16700.0,3000.0,60600.0
616,2021-10-12 02:52:20,16700.0,2400.0,57600.0
617,2021-10-12 02:50:45,16700.0,100.0,55200.0
618,2021-10-12 02:50:04,16750.0,1000.0,55100.0
619,2021-10-12 02:49:46,16750.0,1000.0,54100.0
620,2021-10-12 02:49:27,16750.0,1000.0,53100.0
621,2021-10-12 02:49:21,16750.0,100.0,52100.0
622,2021-10-12 02:48:54,16750.0,1000.0,52000.0
623,2021-10-12 02:47:59,16750.0,1000.0,51000.0
624,2021-10-12 02:47:18,16750.0,800.0,50000.0
625,2021-10-12 02:47:08,16750.0,200.0,49200.0
626,2021-10-12 02:47:08,16750.0,100.0,49000.0
627,2021-10-12 02:47:08,16750.0,100.0,48900.0
628,2021-10-12 02:47:08,16750.0,600.0,48800.0
629,2021-10-12 02:45:50,16750.0,400.0,48200.0
630,2021-10-12 02:45:50,16750.0,100.0,47800.0
631,2021-10-12 02:45:02,16750.0,100.0,47700.0
632,2021-10-12 02:45:02,16800.0,100.0,47600.0
633,2021-10-12 02:44:40,16800.0,400.0,47500.0
634,2021-10-12 02:44:28,16800.0,1600.0,47100.0
635,2021-10-12 02:41:39,16800.0,3400.0,45500.0
636,2021-10-12 02:40:26,16800.0,1000.0,42100.0
637,2021-10-12 02:39:49,16800.0,200.0,41100.0
638,2021-10-12 02:39:11,16800.0,300.0,40900.0
639,2021-10-12 02:38:29,16800.0,100.0,40600.0
640,2021-10-12 02:38:15,16800.0,2000.0,40500.0
641,2021-10-12 02:38:15,16800.0,100.0,38500.0
642,2021-10-12 02:38:15,16800.0,400.0,38400.0
643,2021-10-12 02:38:15,16800.0,300.0,38000.0
644,2021-10-12 02:38:15,16800.0,1000.0,37700.0
645,2021-10-12 02:38:15,16800.0,1200.0,36700.0
646,2021-10-12 02:37:57,16800.0,100.0,35500.0
647,2021-10-12 02:37:28,16800.0,300.0,35400.0
648,2021-10-12 02:36:45,16800.0,300.0,35100.0
649,2021-10-12 02:34:24,16800.0,100.0,34800.0
650,2021-10-12 02:34:16,16800.0,100.0,34700.0
651,2021-10-12 02:34:16,16800.0,100.0,34600.0
652,2021-10-12 02:34:16,16800.0,100.0,34500.0
653,2021-10-12 02:34:10,16700.0,500.0,34400.0
654,2021-10-12 02:32:53,16700.0,300.0,33900.0
655,2021-10-12 02:30:40,16750.0,100.0,33600.0
656,2021-10-12 02:30:03,16700.0,3000.0,33500.0
657,2021-10-12 02:30:00,16700.0,600.0,30500.0
658,2021-10-12 02:30:00,16700.0,400.0,29900.0
659,2021-10-12 02:29:00,16700.0,600.0,29500.0
660,2021-10-12 02:29:00,16750.0,100.0,28900.0
661,2021-10-12 02:28:06,16700.0,1000.0,28800.0
662,2021-10-12 02:28:06,16700.0,200.0,27800.0
663,2021-10-12 02:28:06,16700.0,100.0,27600.0
664,2021-10-12 02:28:06,16750.0,200.0,27500.0
665,2021-10-12 02:28:06,16750.0,200.0,27300.0
666,2021-10-12 02:27:45,16750.0,1800.0,27100.0
667,2021-10-12 02:27:45,16750.0,200.0,25300.0
668,2021-10-12 02:27:45,16750.0,1000.0,25100.0
669,2021-10-12 02:27:45,16750.0,1000.0,24100.0
670,2021-10-12 02:27:45,16750.0,200.0,23100.0
671,2021-10-12 02:27:45,16750.0,1100.0,22900.0
672,2021-10-12 02:24:39,16750.0,900.0,21800.0
673,2021-10-12 02:24:39,16750.0,300.0,20900.0
674,2021-10-12 02:24:39,16750.0,500.0,20600.0
675,2021-10-12 02:24:39,16750.0,300.0,20100.0
676,2021-10-12 02:21:30,16750.0,400.0,19800.0
677,2021-10-12 02:21:30,16800.0,600.0,19400.0
678,2021-10-12 02:21:25,16800.0,100.0,18800.0
679,2021-10-12 02:19:53,16750.0,1800.0,18700.0
680,2021-10-12 02:19:33,16750.0,2000.0,16900.0
681,2021-10-12 02:19:33,16750.0,500.0,14900.0
682,2021-10-12 02:19:25,16750.0,2100.0,14400.0
683,2021-10-12 02:19:25,16750.0,2900.0,12300.0
684,2021-10-12 02:19:24,16700.0,900.0,9400.0
685,2021-10-12 02:19:24,16700.0,500.0,8500.0
686,2021-10-12 02:19:24,16700.0,300.0,8000.0
687,2021-10-12 02:19:24,16700.0,300.0,7700.0
688,2021-10-12 02:19:15,16750.0,100.0,7400.0
689,2021-10-12 02:18:57,16750.0,200.0,7300.0
690,2021-10-12 02:18:13,16750.0,200.0,7100.0
691,2021-10-12 02:17:16,16750.0,100.0,6900.0
692,2021-10-12 02:16:49,16750.0,500.0,6800.0
693,2021-10-12 02:16:49,16750.0,1000.0,6300.0
694,2021-10-12 02:16:49,16750.0,1000.0,5300.0
695,2021-10-12 02:16:48,16750.0,200.0,4300.0
696,2021-10-12 02:15:46,16800.0,400.0,4100.0
697,2021-10-12 02:15:46,16800.0,100.0,3700.0
698,2021-10-12 02:15:41,16750.0,100.0,3600.0
699,2021-10-12 02:15:00,16750.0,200.0,3500.0
700,2021-10-12 02:15:00,16750.0,100.0,3300.0
701,2021-10-12 02:15:00,16750.0,100.0,3200.0
702,2021-10-12 02:15:00,16750.0,1000.0,3100.0
703,2021-10-12 02:15:00,16750.0,500.0,2100.0
704,2021-10-12 02:15:00,16750.0,1000.0,1600.0
705,2021-10-12 02:15:00,16750.0,100.0,600.0
706,2021-10-12 02:15:00,16750.0,100.0,500.0
707,2021-10-12 02:15:00,16750.0,100.0,400.0
708,2021-10-12 02:15:00,16750.0,100.0,300.0
709,2021-10-12 02:15:00,16750.0,200.0,200.0
