,Time,Price,Volume_per_trade,Volume
0,2021-10-01 14:45:01,72000.0,700.0,94400.0
1,2021-10-01 14:45:01,72000.0,100.0,93700.0
2,2021-10-01 14:27:58,71900.0,200.0,93600.0
3,2021-10-01 14:27:18,71900.0,100.0,93400.0
4,2021-10-01 14:11:25,71400.0,500.0,93300.0
5,2021-10-01 14:11:25,71400.0,300.0,92800.0
6,2021-10-01 14:11:25,71500.0,700.0,92500.0
7,2021-10-01 14:11:25,71500.0,500.0,91800.0
8,2021-10-01 14:05:07,72000.0,300.0,91300.0
9,2021-10-01 14:05:07,72000.0,500.0,91000.0
10,2021-10-01 14:05:07,72000.0,200.0,90500.0
11,2021-10-01 14:05:07,71900.0,100.0,90300.0
12,2021-10-01 14:00:52,71900.0,100.0,90200.0
13,2021-10-01 13:48:32,72000.0,100.0,90100.0
14,2021-10-01 13:48:32,71900.0,100.0,90000.0
15,2021-10-01 13:45:52,71500.0,2500.0,89900.0
16,2021-10-01 13:45:52,71500.0,500.0,87400.0
17,2021-10-01 13:29:16,71400.0,1700.0,86900.0
18,2021-10-01 13:29:16,71500.0,100.0,85200.0
19,2021-10-01 13:29:16,71500.0,100.0,85100.0
20,2021-10-01 13:29:16,71500.0,600.0,85000.0
21,2021-10-01 13:28:45,71500.0,400.0,84400.0
22,2021-10-01 13:28:45,71600.0,100.0,84000.0
23,2021-10-01 13:28:45,71600.0,100.0,83900.0
24,2021-10-01 13:28:45,71600.0,400.0,83800.0
25,2021-10-01 13:28:45,71800.0,100.0,83400.0
26,2021-10-01 13:28:45,71900.0,500.0,83300.0
27,2021-10-01 13:28:45,71900.0,100.0,82800.0
28,2021-10-01 13:28:45,72000.0,300.0,82700.0
29,2021-10-01 13:28:01,72000.0,200.0,82400.0
30,2021-10-01 13:26:41,72000.0,100.0,82200.0
31,2021-10-01 13:26:21,72000.0,900.0,82100.0
32,2021-10-01 13:24:23,72000.0,600.0,81200.0
33,2021-10-01 13:22:15,72000.0,100.0,80600.0
34,2021-10-01 13:21:26,72000.0,500.0,80500.0
35,2021-10-01 13:21:11,72000.0,500.0,80000.0
36,2021-10-01 13:20:50,72000.0,600.0,79500.0
37,2021-10-01 13:20:11,72000.0,2300.0,78900.0
38,2021-10-01 13:17:32,72000.0,1000.0,76600.0
39,2021-10-01 13:14:24,72000.0,1400.0,75600.0
40,2021-10-01 13:13:02,72000.0,1200.0,74200.0
41,2021-10-01 13:03:11,72000.0,300.0,73000.0
42,2021-10-01 11:27:42,72000.0,100.0,72700.0
43,2021-10-01 11:20:44,72000.0,200.0,72600.0
44,2021-10-01 11:15:03,72000.0,700.0,72400.0
45,2021-10-01 11:13:28,72000.0,200.0,71700.0
46,2021-10-01 11:11:36,72000.0,100.0,71500.0
47,2021-10-01 11:10:50,72000.0,100.0,71400.0
48,2021-10-01 11:09:59,72000.0,300.0,71300.0
49,2021-10-01 11:03:57,72200.0,400.0,71000.0
50,2021-10-01 11:03:57,72100.0,100.0,70600.0
51,2021-10-01 10:44:50,72200.0,100.0,70500.0
52,2021-10-01 10:43:40,72200.0,4500.0,70400.0
53,2021-10-01 10:43:40,72100.0,100.0,65900.0
54,2021-10-01 10:40:20,72000.0,4700.0,65800.0
55,2021-10-01 10:39:51,72000.0,100.0,61100.0
56,2021-10-01 10:21:44,71600.0,100.0,61000.0
57,2021-10-01 10:21:44,71600.0,100.0,60900.0
58,2021-10-01 10:21:44,71700.0,500.0,60800.0
59,2021-10-01 10:21:44,71700.0,500.0,60300.0
60,2021-10-01 10:21:44,71700.0,200.0,59800.0
61,2021-10-01 10:18:03,72000.0,200.0,59600.0
62,2021-10-01 10:18:03,72000.0,100.0,59400.0
63,2021-10-01 10:14:24,72000.0,100.0,59300.0
64,2021-10-01 10:10:47,71900.0,100.0,59200.0
65,2021-10-01 10:04:18,72000.0,800.0,59100.0
66,2021-10-01 10:01:36,72000.0,1200.0,58300.0
67,2021-10-01 10:01:01,72000.0,100.0,57100.0
68,2021-10-01 10:01:01,72000.0,700.0,57000.0
69,2021-10-01 09:54:32,72000.0,5000.0,56300.0
70,2021-10-01 09:54:32,72000.0,500.0,51300.0
71,2021-10-01 09:50:27,72000.0,500.0,50800.0
72,2021-10-01 09:50:27,72000.0,1000.0,50300.0
73,2021-10-01 09:50:27,72000.0,2300.0,49300.0
74,2021-10-01 09:49:37,72200.0,1100.0,47000.0
75,2021-10-01 09:49:37,72200.0,100.0,45900.0
76,2021-10-01 09:49:37,72200.0,300.0,45800.0
77,2021-10-01 09:49:20,72300.0,100.0,45500.0
78,2021-10-01 09:48:26,72200.0,2500.0,45400.0
79,2021-10-01 09:48:12,72200.0,300.0,42900.0
80,2021-10-01 09:48:05,72200.0,2000.0,42600.0
81,2021-10-01 09:47:57,72200.0,1200.0,40600.0
82,2021-10-01 09:47:57,72100.0,400.0,39400.0
83,2021-10-01 09:47:55,72200.0,600.0,39000.0
84,2021-10-01 09:47:13,72200.0,1400.0,38400.0
85,2021-10-01 09:46:49,72200.0,1000.0,37000.0
86,2021-10-01 09:46:15,72200.0,1000.0,36000.0
87,2021-10-01 09:45:49,72000.0,2700.0,35000.0
88,2021-10-01 09:45:10,72000.0,3000.0,32300.0
89,2021-10-01 09:44:15,72000.0,4300.0,29300.0
90,2021-10-01 09:44:15,72000.0,300.0,25000.0
91,2021-10-01 09:44:15,72000.0,400.0,24700.0
92,2021-10-01 09:43:32,72000.0,100.0,24300.0
93,2021-10-01 09:43:32,72000.0,900.0,24200.0
94,2021-10-01 09:39:28,71500.0,1400.0,23300.0
95,2021-10-01 09:36:09,71400.0,500.0,21900.0
96,2021-10-01 09:35:56,71500.0,1400.0,21400.0
97,2021-10-01 09:35:56,71500.0,1000.0,20000.0
98,2021-10-01 09:34:40,71500.0,3000.0,19000.0
99,2021-10-01 09:33:11,71500.0,2000.0,16000.0
100,2021-10-01 09:33:11,71500.0,1000.0,14000.0
101,2021-10-01 09:31:48,71500.0,2000.0,13000.0
102,2021-10-01 09:31:48,71500.0,100.0,11000.0
103,2021-10-01 09:31:48,71500.0,500.0,10900.0
104,2021-10-01 09:31:48,71600.0,400.0,10400.0
105,2021-10-01 09:29:57,72000.0,100.0,10000.0
106,2021-10-01 09:28:35,72000.0,100.0,9900.0
107,2021-10-01 09:28:35,72000.0,100.0,9800.0
108,2021-10-01 09:28:35,72000.0,100.0,9700.0
109,2021-10-01 09:25:12,72000.0,300.0,9600.0
110,2021-10-01 09:24:25,71500.0,3000.0,9300.0
111,2021-10-01 09:20:31,72000.0,100.0,6300.0
112,2021-10-01 09:20:26,72000.0,300.0,6200.0
113,2021-10-01 09:18:11,72000.0,4200.0,5900.0
114,2021-10-01 09:18:11,71900.0,500.0,1700.0
115,2021-10-01 09:18:11,71900.0,100.0,1200.0
116,2021-10-01 09:18:11,71800.0,100.0,1100.0
117,2021-10-01 09:18:11,71600.0,100.0,1000.0
118,2021-10-01 09:15:00,71100.0,100.0,900.0
119,2021-10-01 09:15:00,71100.0,800.0,800.0
