,Time,Price,Volume_per_trade,Volume
0,2021-10-18 07:45:00,32600.0,2700.0,1595000.0
1,2021-10-18 07:45:00,32600.0,100.0,1592300.0
2,2021-10-18 07:45:00,32600.0,200.0,1592200.0
3,2021-10-18 07:45:00,32600.0,1300.0,1592000.0
4,2021-10-18 07:45:00,32600.0,300.0,1590700.0
5,2021-10-18 07:45:00,32600.0,3200.0,1590400.0
6,2021-10-18 07:45:00,32600.0,100.0,1587200.0
7,2021-10-18 07:45:00,32600.0,200.0,1587100.0
8,2021-10-18 07:45:00,32600.0,200.0,1586900.0
9,2021-10-18 07:45:00,32600.0,300.0,1586700.0
10,2021-10-18 07:45:00,32600.0,500.0,1586400.0
11,2021-10-18 07:45:00,32600.0,100.0,1585900.0
12,2021-10-18 07:45:00,32600.0,1300.0,1585800.0
13,2021-10-18 07:45:00,32600.0,500.0,1584500.0
14,2021-10-18 07:45:00,32600.0,2000.0,1584000.0
15,2021-10-18 07:45:00,32600.0,700.0,1582000.0
16,2021-10-18 07:45:00,32600.0,500.0,1581300.0
17,2021-10-18 07:45:00,32600.0,500.0,1580800.0
18,2021-10-18 07:45:00,32600.0,1800.0,1580300.0
19,2021-10-18 07:45:00,32600.0,200.0,1578500.0
20,2021-10-18 07:45:00,32600.0,500.0,1578300.0
21,2021-10-18 07:45:00,32600.0,500.0,1577800.0
22,2021-10-18 07:45:00,32600.0,400.0,1577300.0
23,2021-10-18 07:45:00,32600.0,500.0,1576900.0
24,2021-10-18 07:45:00,32600.0,900.0,1576400.0
25,2021-10-18 07:45:00,32600.0,100.0,1575500.0
26,2021-10-18 07:45:00,32600.0,200.0,1575400.0
27,2021-10-18 07:45:00,32600.0,900.0,1575200.0
28,2021-10-18 07:45:00,32600.0,3000.0,1574300.0
29,2021-10-18 07:45:00,32600.0,500.0,1571300.0
30,2021-10-18 07:45:00,32600.0,400.0,1570800.0
31,2021-10-18 07:45:00,32600.0,600.0,1570400.0
32,2021-10-18 07:45:00,32600.0,100.0,1569800.0
33,2021-10-18 07:45:00,32600.0,300.0,1569700.0
34,2021-10-18 07:45:00,32600.0,100.0,1569400.0
35,2021-10-18 07:45:00,32600.0,500.0,1569300.0
36,2021-10-18 07:45:00,32600.0,100.0,1568800.0
37,2021-10-18 07:29:48,32500.0,2000.0,1568700.0
38,2021-10-18 07:29:28,32400.0,5000.0,1566700.0
39,2021-10-18 07:29:25,32400.0,3700.0,1561700.0
40,2021-10-18 07:29:02,32400.0,200.0,1558000.0
41,2021-10-18 07:28:58,32400.0,500.0,1557800.0
42,2021-10-18 07:28:51,32400.0,500.0,1557300.0
43,2021-10-18 07:28:51,32400.0,2000.0,1556800.0
44,2021-10-18 07:28:17,32400.0,200.0,1554800.0
45,2021-10-18 07:27:57,32400.0,500.0,1554600.0
46,2021-10-18 07:27:57,32400.0,500.0,1554100.0
47,2021-10-18 07:27:48,32400.0,100.0,1553600.0
48,2021-10-18 07:27:42,32400.0,1200.0,1553500.0
49,2021-10-18 07:27:04,32400.0,300.0,1552300.0
50,2021-10-18 07:26:56,32400.0,100.0,1552000.0
51,2021-10-18 07:26:51,32400.0,100.0,1551900.0
52,2021-10-18 07:26:51,32400.0,400.0,1551800.0
53,2021-10-18 07:26:51,32400.0,300.0,1551400.0
54,2021-10-18 07:26:48,32400.0,700.0,1551100.0
55,2021-10-18 07:26:48,32400.0,1000.0,1550400.0
56,2021-10-18 07:26:48,32400.0,2000.0,1549400.0
57,2021-10-18 07:26:48,32400.0,1300.0,1547400.0
58,2021-10-18 07:26:09,32500.0,1200.0,1546100.0
59,2021-10-18 07:26:09,32500.0,500.0,1544900.0
60,2021-10-18 07:26:09,32500.0,300.0,1544400.0
61,2021-10-18 07:26:05,32500.0,400.0,1544100.0
62,2021-10-18 07:25:57,32400.0,500.0,1543700.0
63,2021-10-18 07:25:28,32400.0,500.0,1543200.0
64,2021-10-18 07:25:28,32400.0,400.0,1542700.0
65,2021-10-18 07:25:28,32400.0,100.0,1542300.0
66,2021-10-18 07:24:58,32400.0,100.0,1542200.0
67,2021-10-18 07:24:47,32500.0,100.0,1542100.0
68,2021-10-18 07:24:40,32500.0,100.0,1542000.0
69,2021-10-18 07:24:40,32500.0,3000.0,1541900.0
70,2021-10-18 07:24:40,32500.0,500.0,1538900.0
71,2021-10-18 07:24:40,32500.0,600.0,1538400.0
72,2021-10-18 07:24:18,32500.0,4400.0,1537800.0
73,2021-10-18 07:24:18,32500.0,400.0,1533400.0
74,2021-10-18 07:24:18,32500.0,200.0,1533000.0
75,2021-10-18 07:24:15,32500.0,200.0,1532800.0
76,2021-10-18 07:23:56,32500.0,500.0,1532600.0
77,2021-10-18 07:23:56,32500.0,200.0,1532100.0
78,2021-10-18 07:23:56,32500.0,3000.0,1531900.0
79,2021-10-18 07:23:56,32500.0,100.0,1528900.0
80,2021-10-18 07:23:56,32500.0,100.0,1528800.0
81,2021-10-18 07:23:56,32500.0,100.0,1528700.0
82,2021-10-18 07:23:56,32500.0,600.0,1528600.0
83,2021-10-18 07:23:54,32400.0,500.0,1528000.0
84,2021-10-18 07:23:04,32400.0,1100.0,1527500.0
85,2021-10-18 07:22:55,32400.0,200.0,1526400.0
86,2021-10-18 07:22:55,32400.0,200.0,1526200.0
87,2021-10-18 07:22:55,32450.0,1500.0,1526000.0
88,2021-10-18 07:22:42,32450.0,200.0,1524500.0
89,2021-10-18 07:22:36,32450.0,300.0,1524300.0
90,2021-10-18 07:22:32,32400.0,2300.0,1524000.0
91,2021-10-18 07:22:32,32400.0,600.0,1521700.0
92,2021-10-18 07:22:32,32400.0,7800.0,1521100.0
93,2021-10-18 07:22:32,32400.0,1000.0,1513300.0
94,2021-10-18 07:22:32,32400.0,500.0,1512300.0
95,2021-10-18 07:22:32,32400.0,300.0,1511800.0
96,2021-10-18 07:22:32,32400.0,300.0,1511500.0
97,2021-10-18 07:22:32,32400.0,100.0,1511200.0
98,2021-10-18 07:22:32,32400.0,500.0,1511100.0
99,2021-10-18 07:22:32,32400.0,500.0,1510600.0
100,2021-10-18 07:22:21,32450.0,300.0,1510100.0
101,2021-10-18 07:21:29,32450.0,1600.0,1509800.0
102,2021-10-18 07:21:29,32450.0,800.0,1508200.0
103,2021-10-18 07:21:29,32450.0,300.0,1507400.0
104,2021-10-18 07:21:29,32450.0,200.0,1507100.0
105,2021-10-18 07:21:29,32450.0,300.0,1506900.0
106,2021-10-18 07:21:09,32500.0,100.0,1506600.0
107,2021-10-18 07:21:09,32500.0,600.0,1506500.0
108,2021-10-18 07:20:41,32500.0,100.0,1505900.0
109,2021-10-18 07:20:32,32500.0,300.0,1505800.0
110,2021-10-18 07:20:32,32500.0,100.0,1505500.0
111,2021-10-18 07:20:32,32500.0,600.0,1505400.0
112,2021-10-18 07:20:09,32550.0,100.0,1504800.0
113,2021-10-18 07:20:08,32500.0,200.0,1504700.0
114,2021-10-18 07:20:00,32500.0,200.0,1504500.0
115,2021-10-18 07:20:00,32500.0,200.0,1504300.0
116,2021-10-18 07:20:00,32500.0,300.0,1504100.0
117,2021-10-18 07:20:00,32500.0,300.0,1503800.0
118,2021-10-18 07:19:31,32550.0,1000.0,1503500.0
119,2021-10-18 07:19:31,32550.0,300.0,1502500.0
120,2021-10-18 07:19:31,32550.0,900.0,1502200.0
121,2021-10-18 07:19:22,32550.0,1000.0,1501300.0
122,2021-10-18 07:19:06,32550.0,4000.0,1500300.0
123,2021-10-18 07:19:04,32550.0,1000.0,1496300.0
124,2021-10-18 07:18:48,32550.0,300.0,1495300.0
125,2021-10-18 07:18:43,32550.0,2800.0,1495000.0
126,2021-10-18 07:18:43,32550.0,1200.0,1492200.0
127,2021-10-18 07:17:47,32550.0,100.0,1491000.0
128,2021-10-18 07:17:43,32550.0,100.0,1490900.0
129,2021-10-18 07:17:43,32550.0,600.0,1490800.0
130,2021-10-18 07:17:38,32550.0,300.0,1490200.0
131,2021-10-18 07:16:21,32550.0,100.0,1489900.0
132,2021-10-18 07:16:09,32550.0,1000.0,1489800.0
133,2021-10-18 07:15:38,32550.0,300.0,1488800.0
134,2021-10-18 07:15:37,32500.0,200.0,1488500.0
135,2021-10-18 07:15:37,32500.0,300.0,1488300.0
136,2021-10-18 07:15:37,32500.0,1000.0,1488000.0
137,2021-10-18 07:15:37,32500.0,500.0,1487000.0
138,2021-10-18 07:15:37,32500.0,700.0,1486500.0
139,2021-10-18 07:15:37,32500.0,500.0,1485800.0
140,2021-10-18 07:15:37,32500.0,1000.0,1485300.0
141,2021-10-18 07:15:28,32500.0,500.0,1484300.0
142,2021-10-18 07:15:28,32500.0,500.0,1483800.0
143,2021-10-18 07:15:26,32550.0,1000.0,1483300.0
144,2021-10-18 07:15:24,32550.0,100.0,1482300.0
145,2021-10-18 07:15:23,32550.0,300.0,1482200.0
146,2021-10-18 07:15:23,32550.0,100.0,1481900.0
147,2021-10-18 07:15:23,32550.0,200.0,1481800.0
148,2021-10-18 07:14:37,32550.0,200.0,1481600.0
149,2021-10-18 07:14:37,32550.0,1000.0,1481400.0
150,2021-10-18 07:14:37,32550.0,3000.0,1480400.0
151,2021-10-18 07:14:37,32550.0,100.0,1477400.0
152,2021-10-18 07:14:37,32550.0,3800.0,1477300.0
153,2021-10-18 07:14:37,32600.0,600.0,1473500.0
154,2021-10-18 07:14:37,32600.0,500.0,1472900.0
155,2021-10-18 07:14:37,32600.0,800.0,1472400.0
156,2021-10-18 07:14:35,32650.0,200.0,1471600.0
157,2021-10-18 07:14:03,32650.0,500.0,1471400.0
158,2021-10-18 07:13:33,32650.0,200.0,1470900.0
159,2021-10-18 07:13:33,32600.0,200.0,1470700.0
160,2021-10-18 07:13:19,32650.0,700.0,1470500.0
161,2021-10-18 07:13:19,32650.0,100.0,1469800.0
162,2021-10-18 07:12:19,32650.0,100.0,1469700.0
163,2021-10-18 07:11:47,32650.0,100.0,1469600.0
164,2021-10-18 07:11:40,32700.0,800.0,1469500.0
165,2021-10-18 07:11:40,32700.0,500.0,1468700.0
166,2021-10-18 07:11:40,32700.0,3100.0,1468200.0
167,2021-10-18 07:11:40,32700.0,100.0,1465100.0
168,2021-10-18 07:11:40,32700.0,500.0,1465000.0
169,2021-10-18 07:11:35,32650.0,700.0,1464500.0
170,2021-10-18 07:11:30,32550.0,1200.0,1463800.0
171,2021-10-18 07:11:30,32550.0,100.0,1462600.0
172,2021-10-18 07:11:30,32550.0,300.0,1462500.0
173,2021-10-18 07:11:30,32600.0,500.0,1462200.0
174,2021-10-18 07:11:30,32650.0,100.0,1461700.0
175,2021-10-18 07:11:30,32650.0,400.0,1461600.0
176,2021-10-18 07:11:30,32650.0,100.0,1461200.0
177,2021-10-18 07:11:29,32650.0,200.0,1461100.0
178,2021-10-18 07:10:26,32700.0,300.0,1460900.0
179,2021-10-18 07:10:08,32700.0,200.0,1460600.0
180,2021-10-18 07:09:11,32700.0,100.0,1460400.0
181,2021-10-18 07:09:10,32700.0,500.0,1460300.0
182,2021-10-18 07:08:51,32650.0,100.0,1459800.0
183,2021-10-18 07:08:51,32650.0,400.0,1459700.0
184,2021-10-18 07:08:51,32650.0,100.0,1459300.0
185,2021-10-18 07:08:32,32650.0,100.0,1459200.0
186,2021-10-18 07:08:32,32600.0,100.0,1459100.0
187,2021-10-18 07:08:26,32600.0,400.0,1459000.0
188,2021-10-18 07:08:23,32650.0,200.0,1458600.0
189,2021-10-18 07:08:15,32650.0,200.0,1458400.0
190,2021-10-18 07:08:06,32650.0,100.0,1458200.0
191,2021-10-18 07:07:56,32650.0,1000.0,1458100.0
192,2021-10-18 07:07:40,32650.0,300.0,1457100.0
193,2021-10-18 07:07:32,32500.0,100.0,1456800.0
194,2021-10-18 07:07:32,32500.0,500.0,1456700.0
195,2021-10-18 07:07:32,32500.0,400.0,1456200.0
196,2021-10-18 07:07:27,32650.0,100.0,1455800.0
197,2021-10-18 07:07:20,32500.0,700.0,1455700.0
198,2021-10-18 07:07:20,32600.0,5000.0,1455000.0
199,2021-10-18 07:07:20,32600.0,500.0,1450000.0
200,2021-10-18 07:07:20,32600.0,500.0,1449500.0
201,2021-10-18 07:07:20,32600.0,100.0,1449000.0
202,2021-10-18 07:07:20,32600.0,200.0,1448900.0
203,2021-10-18 07:07:20,32600.0,3300.0,1448700.0
204,2021-10-18 07:06:59,32700.0,500.0,1445400.0
205,2021-10-18 07:06:54,32650.0,700.0,1444900.0
206,2021-10-18 07:06:54,32650.0,300.0,1444200.0
207,2021-10-18 07:06:54,32650.0,1000.0,1443900.0
208,2021-10-18 07:06:37,32700.0,500.0,1442900.0
209,2021-10-18 07:06:34,32700.0,500.0,1442400.0
210,2021-10-18 07:06:10,32700.0,200.0,1441900.0
211,2021-10-18 07:05:58,32700.0,500.0,1441700.0
212,2021-10-18 07:05:50,32700.0,1000.0,1441200.0
213,2021-10-18 07:05:50,32700.0,100.0,1440200.0
214,2021-10-18 07:05:50,32700.0,500.0,1440100.0
215,2021-10-18 07:05:50,32700.0,200.0,1439600.0
216,2021-10-18 07:05:50,32700.0,400.0,1439400.0
217,2021-10-18 07:04:40,32850.0,100.0,1439000.0
218,2021-10-18 07:03:56,32850.0,1200.0,1438900.0
219,2021-10-18 07:03:56,32850.0,200.0,1437700.0
220,2021-10-18 07:03:44,32800.0,300.0,1437500.0
221,2021-10-18 07:03:37,32800.0,100.0,1437200.0
222,2021-10-18 07:03:37,32800.0,200.0,1437100.0
223,2021-10-18 07:03:37,32800.0,1700.0,1436900.0
224,2021-10-18 07:03:37,32750.0,1000.0,1435200.0
225,2021-10-18 07:03:34,32700.0,100.0,1434200.0
226,2021-10-18 07:03:34,32700.0,200.0,1434100.0
227,2021-10-18 07:03:26,32700.0,5000.0,1433900.0
228,2021-10-18 07:03:22,32700.0,200.0,1428900.0
229,2021-10-18 07:02:59,32700.0,200.0,1428700.0
230,2021-10-18 07:02:45,32700.0,200.0,1428500.0
231,2021-10-18 07:02:23,32700.0,500.0,1428300.0
232,2021-10-18 07:02:23,32700.0,300.0,1427800.0
233,2021-10-18 07:02:23,32700.0,100.0,1427500.0
234,2021-10-18 07:02:23,32700.0,1000.0,1427400.0
235,2021-10-18 07:02:23,32700.0,200.0,1426400.0
236,2021-10-18 07:02:23,32700.0,500.0,1426200.0
237,2021-10-18 07:02:23,32700.0,100.0,1425700.0
238,2021-10-18 07:02:23,32700.0,1000.0,1425600.0
239,2021-10-18 07:02:23,32700.0,200.0,1424600.0
240,2021-10-18 07:02:23,32700.0,300.0,1424400.0
241,2021-10-18 07:02:23,32700.0,200.0,1424100.0
242,2021-10-18 07:02:21,32800.0,300.0,1423900.0
243,2021-10-18 07:02:21,32750.0,100.0,1423600.0
244,2021-10-18 07:02:21,32750.0,1200.0,1423500.0
245,2021-10-18 07:02:14,32700.0,100.0,1422300.0
246,2021-10-18 07:02:07,32700.0,1000.0,1422200.0
247,2021-10-18 07:01:55,32750.0,200.0,1421200.0
248,2021-10-18 07:01:41,32750.0,300.0,1421000.0
249,2021-10-18 07:01:41,32750.0,100.0,1420700.0
250,2021-10-18 07:01:41,32750.0,200.0,1420600.0
251,2021-10-18 07:01:06,32750.0,100.0,1420400.0
252,2021-10-18 07:00:53,32750.0,2600.0,1420300.0
253,2021-10-18 07:00:53,32750.0,100.0,1417700.0
254,2021-10-18 07:00:53,32750.0,500.0,1417600.0
255,2021-10-18 07:00:53,32750.0,100.0,1417100.0
256,2021-10-18 07:00:53,32750.0,1000.0,1417000.0
257,2021-10-18 07:00:53,32750.0,200.0,1416000.0
258,2021-10-18 07:00:53,32800.0,200.0,1415800.0
259,2021-10-18 07:00:53,32800.0,400.0,1415600.0
260,2021-10-18 07:00:53,32800.0,100.0,1415200.0
261,2021-10-18 07:00:53,32800.0,500.0,1415100.0
262,2021-10-18 07:00:53,32800.0,1300.0,1414600.0
263,2021-10-18 06:59:47,32850.0,200.0,1413300.0
264,2021-10-18 06:59:12,32850.0,100.0,1413100.0
265,2021-10-18 06:59:08,32800.0,500.0,1413000.0
266,2021-10-18 06:58:52,32800.0,200.0,1412500.0
267,2021-10-18 06:58:37,32800.0,100.0,1412300.0
268,2021-10-18 06:58:37,32800.0,2900.0,1412200.0
269,2021-10-18 06:58:07,32800.0,100.0,1409300.0
270,2021-10-18 06:58:07,32800.0,200.0,1409200.0
271,2021-10-18 06:58:07,32800.0,100.0,1409000.0
272,2021-10-18 06:57:58,32800.0,600.0,1408900.0
273,2021-10-18 06:57:45,32750.0,100.0,1408300.0
274,2021-10-18 06:57:07,32800.0,400.0,1408200.0
275,2021-10-18 06:56:09,32800.0,100.0,1407800.0
276,2021-10-18 06:56:09,32800.0,100.0,1407700.0
277,2021-10-18 06:55:43,32700.0,500.0,1407600.0
278,2021-10-18 06:55:30,32700.0,3200.0,1407100.0
279,2021-10-18 06:55:30,32750.0,100.0,1403900.0
280,2021-10-18 06:55:30,32750.0,1700.0,1403800.0
281,2021-10-18 06:55:29,32800.0,100.0,1402100.0
282,2021-10-18 06:55:12,32800.0,100.0,1402000.0
283,2021-10-18 06:55:10,32800.0,200.0,1401900.0
284,2021-10-18 06:54:40,32800.0,1000.0,1401700.0
285,2021-10-18 06:54:36,32750.0,100.0,1400700.0
286,2021-10-18 06:54:33,32750.0,3200.0,1400600.0
287,2021-10-18 06:54:33,32800.0,200.0,1397400.0
288,2021-10-18 06:54:33,32800.0,1000.0,1397200.0
289,2021-10-18 06:54:33,32800.0,100.0,1396200.0
290,2021-10-18 06:54:33,32800.0,300.0,1396100.0
291,2021-10-18 06:54:33,32800.0,200.0,1395800.0
292,2021-10-18 06:54:06,32800.0,100.0,1395600.0
293,2021-10-18 06:54:06,32800.0,300.0,1395500.0
294,2021-10-18 06:54:06,32800.0,100.0,1395200.0
295,2021-10-18 06:54:06,32800.0,100.0,1395100.0
296,2021-10-18 06:54:06,32800.0,100.0,1395000.0
297,2021-10-18 06:54:06,32800.0,800.0,1394900.0
298,2021-10-18 06:54:01,32900.0,1000.0,1394100.0
299,2021-10-18 06:53:59,32800.0,100.0,1393100.0
300,2021-10-18 06:53:39,32800.0,200.0,1393000.0
301,2021-10-18 06:53:39,32800.0,500.0,1392800.0
302,2021-10-18 06:53:39,32800.0,500.0,1392300.0
303,2021-10-18 06:53:39,32800.0,400.0,1391800.0
304,2021-10-18 06:53:39,32800.0,1000.0,1391400.0
305,2021-10-18 06:53:39,32800.0,5300.0,1390400.0
306,2021-10-18 06:53:05,32900.0,100.0,1385100.0
307,2021-10-18 06:53:03,32900.0,500.0,1385000.0
308,2021-10-18 06:52:47,32900.0,100.0,1384500.0
309,2021-10-18 06:52:23,32900.0,200.0,1384400.0
310,2021-10-18 06:52:14,32800.0,4400.0,1384200.0
311,2021-10-18 06:52:14,32850.0,500.0,1379800.0
312,2021-10-18 06:52:14,32850.0,100.0,1379300.0
313,2021-10-18 06:52:07,32900.0,100.0,1379200.0
314,2021-10-18 06:52:07,32900.0,300.0,1379100.0
315,2021-10-18 06:51:38,32900.0,1700.0,1378800.0
316,2021-10-18 06:51:38,32900.0,100.0,1377100.0
317,2021-10-18 06:51:38,32900.0,500.0,1377000.0
318,2021-10-18 06:51:38,32900.0,200.0,1376500.0
319,2021-10-18 06:51:38,32900.0,1000.0,1376300.0
320,2021-10-18 06:51:38,32900.0,1500.0,1375300.0
321,2021-10-18 06:51:08,32950.0,700.0,1373800.0
322,2021-10-18 06:51:03,32950.0,500.0,1373100.0
323,2021-10-18 06:50:54,32950.0,900.0,1372600.0
324,2021-10-18 06:50:45,32950.0,1500.0,1371700.0
325,2021-10-18 06:50:21,32950.0,2400.0,1370200.0
326,2021-10-18 06:50:13,32950.0,2600.0,1367800.0
327,2021-10-18 06:49:35,33000.0,2900.0,1365200.0
328,2021-10-18 06:49:35,33000.0,500.0,1362300.0
329,2021-10-18 06:49:35,33000.0,600.0,1361800.0
330,2021-10-18 06:49:34,33000.0,400.0,1361200.0
331,2021-10-18 06:49:34,33000.0,4600.0,1360800.0
332,2021-10-18 06:49:14,33000.0,300.0,1356200.0
333,2021-10-18 06:48:34,33000.0,100.0,1355900.0
334,2021-10-18 06:48:18,33000.0,500.0,1355800.0
335,2021-10-18 06:48:18,32900.0,500.0,1355300.0
336,2021-10-18 06:48:07,32800.0,300.0,1354800.0
337,2021-10-18 06:48:06,32800.0,4500.0,1354500.0
338,2021-10-18 06:48:06,32850.0,200.0,1350000.0
339,2021-10-18 06:48:06,32850.0,300.0,1349800.0
340,2021-10-18 06:48:06,32850.0,300.0,1349500.0
341,2021-10-18 06:48:06,32850.0,100.0,1349200.0
342,2021-10-18 06:48:06,32850.0,500.0,1349100.0
343,2021-10-18 06:48:06,32900.0,100.0,1348600.0
344,2021-10-18 06:48:06,32900.0,5600.0,1348500.0
345,2021-10-18 06:48:01,32900.0,1700.0,1342900.0
346,2021-10-18 06:47:58,32900.0,700.0,1341200.0
347,2021-10-18 06:47:57,32900.0,300.0,1340500.0
348,2021-10-18 06:47:56,32900.0,100.0,1340200.0
349,2021-10-18 06:47:51,32900.0,100.0,1340100.0
350,2021-10-18 06:47:51,32900.0,900.0,1340000.0
351,2021-10-18 06:47:51,32900.0,100.0,1339100.0
352,2021-10-18 06:47:47,32900.0,300.0,1339000.0
353,2021-10-18 06:47:47,32900.0,1000.0,1338700.0
354,2021-10-18 06:47:41,32900.0,600.0,1337700.0
355,2021-10-18 06:47:40,33000.0,300.0,1337100.0
356,2021-10-18 06:47:37,32900.0,400.0,1336800.0
357,2021-10-18 06:47:37,32900.0,600.0,1336400.0
358,2021-10-18 06:47:30,32900.0,400.0,1335800.0
359,2021-10-18 06:47:30,32900.0,100.0,1335400.0
360,2021-10-18 06:47:30,32900.0,300.0,1335300.0
361,2021-10-18 06:47:30,32950.0,200.0,1335000.0
362,2021-10-18 06:47:23,32900.0,200.0,1334800.0
363,2021-10-18 06:47:23,32900.0,100.0,1334600.0
364,2021-10-18 06:47:23,32900.0,500.0,1334500.0
365,2021-10-18 06:47:23,32900.0,200.0,1334000.0
366,2021-10-18 06:47:14,32900.0,100.0,1333800.0
367,2021-10-18 06:47:13,33000.0,200.0,1333700.0
368,2021-10-18 06:47:13,33000.0,1800.0,1333500.0
369,2021-10-18 06:47:03,32900.0,700.0,1331700.0
370,2021-10-18 06:47:03,32900.0,300.0,1331000.0
371,2021-10-18 06:46:49,32900.0,100.0,1330700.0
372,2021-10-18 06:46:46,32900.0,300.0,1330600.0
373,2021-10-18 06:46:46,32900.0,300.0,1330300.0
374,2021-10-18 06:46:14,32900.0,500.0,1330000.0
375,2021-10-18 06:46:14,32900.0,200.0,1329500.0
376,2021-10-18 06:46:14,32900.0,300.0,1329300.0
377,2021-10-18 06:45:41,32900.0,500.0,1329000.0
378,2021-10-18 06:45:36,33000.0,500.0,1328500.0
379,2021-10-18 06:45:32,33000.0,300.0,1328000.0
380,2021-10-18 06:45:31,33000.0,200.0,1327700.0
381,2021-10-18 06:45:27,33000.0,300.0,1327500.0
382,2021-10-18 06:45:27,33000.0,1000.0,1327200.0
383,2021-10-18 06:45:27,33000.0,900.0,1326200.0
384,2021-10-18 06:45:05,33000.0,600.0,1325300.0
385,2021-10-18 06:45:05,33000.0,200.0,1324700.0
386,2021-10-18 06:45:05,33000.0,100.0,1324500.0
387,2021-10-18 06:45:05,33050.0,1000.0,1324400.0
388,2021-10-18 06:44:41,33200.0,2000.0,1323400.0
389,2021-10-18 06:44:41,33200.0,100.0,1321400.0
390,2021-10-18 06:44:32,33250.0,100.0,1321300.0
391,2021-10-18 06:44:32,33250.0,5000.0,1321200.0
392,2021-10-18 06:44:32,33250.0,700.0,1316200.0
393,2021-10-18 06:44:32,33250.0,1000.0,1315500.0
394,2021-10-18 06:44:16,33250.0,100.0,1314500.0
395,2021-10-18 06:44:16,33250.0,100.0,1314400.0
396,2021-10-18 06:44:11,33250.0,500.0,1314300.0
397,2021-10-18 06:44:10,33250.0,500.0,1313800.0
398,2021-10-18 06:44:05,33250.0,100.0,1313300.0
399,2021-10-18 06:43:58,33250.0,900.0,1313200.0
400,2021-10-18 06:43:50,33250.0,100.0,1312300.0
401,2021-10-18 06:43:42,33300.0,600.0,1312200.0
402,2021-10-18 06:43:42,33250.0,200.0,1311600.0
403,2021-10-18 06:43:39,33250.0,200.0,1311400.0
404,2021-10-18 06:43:39,33250.0,100.0,1311200.0
405,2021-10-18 06:43:15,33300.0,200.0,1311100.0
406,2021-10-18 06:43:15,33250.0,500.0,1310900.0
407,2021-10-18 06:43:15,33250.0,300.0,1310400.0
408,2021-10-18 06:43:02,33250.0,200.0,1310100.0
409,2021-10-18 06:43:02,33250.0,100.0,1309900.0
410,2021-10-18 06:43:02,33250.0,100.0,1309800.0
411,2021-10-18 06:43:02,33100.0,100.0,1309700.0
412,2021-10-18 06:42:59,33000.0,1800.0,1309600.0
413,2021-10-18 06:42:59,33000.0,300.0,1307800.0
414,2021-10-18 06:42:59,33000.0,1900.0,1307500.0
415,2021-10-18 06:42:59,33050.0,1000.0,1305600.0
416,2021-10-18 06:42:05,33300.0,200.0,1304600.0
417,2021-10-18 06:42:02,33300.0,1000.0,1304400.0
418,2021-10-18 06:42:00,33300.0,500.0,1303400.0
419,2021-10-18 06:42:00,33300.0,200.0,1302900.0
420,2021-10-18 06:41:44,33300.0,1000.0,1302700.0
421,2021-10-18 06:41:44,33300.0,300.0,1301700.0
422,2021-10-18 06:41:44,33300.0,100.0,1301400.0
423,2021-10-18 06:41:44,33300.0,5000.0,1301300.0
424,2021-10-18 06:41:44,33300.0,3400.0,1296300.0
425,2021-10-18 06:41:36,33300.0,1600.0,1292900.0
426,2021-10-18 06:41:36,33300.0,400.0,1291300.0
427,2021-10-18 06:41:36,33300.0,100.0,1290900.0
428,2021-10-18 06:41:36,33300.0,1600.0,1290800.0
429,2021-10-18 06:41:36,33250.0,100.0,1289200.0
430,2021-10-18 06:41:36,33200.0,100.0,1289100.0
431,2021-10-18 06:41:29,33300.0,300.0,1289000.0
432,2021-10-18 06:41:29,33300.0,500.0,1288700.0
433,2021-10-18 06:41:29,33300.0,1000.0,1288200.0
434,2021-10-18 06:41:29,33300.0,100.0,1287200.0
435,2021-10-18 06:41:29,33250.0,1000.0,1287100.0
436,2021-10-18 06:41:29,33200.0,100.0,1286100.0
437,2021-10-18 06:41:29,33200.0,200.0,1286000.0
438,2021-10-18 06:41:29,33200.0,2000.0,1285800.0
439,2021-10-18 06:41:29,33200.0,500.0,1283800.0
440,2021-10-18 06:41:29,33200.0,200.0,1283300.0
441,2021-10-18 06:41:29,33200.0,100.0,1283100.0
442,2021-10-18 06:41:19,33200.0,200.0,1283000.0
443,2021-10-18 06:41:19,33200.0,400.0,1282800.0
444,2021-10-18 06:41:19,33200.0,200.0,1282400.0
445,2021-10-18 06:41:19,33200.0,100.0,1282200.0
446,2021-10-18 06:41:19,33200.0,500.0,1282100.0
447,2021-10-18 06:41:19,33200.0,1600.0,1281600.0
448,2021-10-18 06:41:07,33100.0,1000.0,1280000.0
449,2021-10-18 06:41:07,33100.0,100.0,1279000.0
450,2021-10-18 06:41:07,33100.0,4900.0,1278900.0
451,2021-10-18 06:41:04,33100.0,100.0,1274000.0
452,2021-10-18 06:41:04,33100.0,200.0,1273900.0
453,2021-10-18 06:41:04,33100.0,100.0,1273700.0
454,2021-10-18 06:40:38,33100.0,400.0,1273600.0
455,2021-10-18 06:40:37,33100.0,1500.0,1273200.0
456,2021-10-18 06:40:35,33000.0,100.0,1271700.0
457,2021-10-18 06:40:34,33000.0,2000.0,1271600.0
458,2021-10-18 06:40:30,33100.0,800.0,1269600.0
459,2021-10-18 06:40:13,33000.0,1000.0,1268800.0
460,2021-10-18 06:40:10,33100.0,2300.0,1267800.0
461,2021-10-18 06:40:10,33100.0,300.0,1265500.0
462,2021-10-18 06:40:10,33100.0,1000.0,1265200.0
463,2021-10-18 06:40:10,33100.0,500.0,1264200.0
464,2021-10-18 06:40:10,33000.0,2000.0,1263700.0
465,2021-10-18 06:40:10,33000.0,5000.0,1261700.0
466,2021-10-18 06:40:10,33000.0,100.0,1256700.0
467,2021-10-18 06:40:10,33000.0,200.0,1256600.0
468,2021-10-18 06:40:10,33000.0,500.0,1256400.0
469,2021-10-18 06:40:10,33000.0,10000.0,1255900.0
470,2021-10-18 06:40:10,33000.0,100.0,1245900.0
471,2021-10-18 06:40:10,33000.0,1000.0,1245800.0
472,2021-10-18 06:40:10,33000.0,100.0,1244800.0
473,2021-10-18 06:40:10,33000.0,200.0,1244700.0
474,2021-10-18 06:40:10,33000.0,1000.0,1244500.0
475,2021-10-18 06:40:10,33000.0,1000.0,1243500.0
476,2021-10-18 06:40:10,33000.0,100.0,1242500.0
477,2021-10-18 06:40:10,33000.0,1000.0,1242400.0
478,2021-10-18 06:40:10,33000.0,1000.0,1241400.0
479,2021-10-18 06:40:10,33000.0,1000.0,1240400.0
480,2021-10-18 06:40:10,33000.0,1000.0,1239400.0
481,2021-10-18 06:40:10,33000.0,200.0,1238400.0
482,2021-10-18 06:40:10,33000.0,100.0,1238200.0
483,2021-10-18 06:40:10,33000.0,300.0,1238100.0
484,2021-10-18 06:40:10,33000.0,1000.0,1237800.0
485,2021-10-18 06:40:10,33000.0,1000.0,1236800.0
486,2021-10-18 06:40:10,33000.0,100.0,1235800.0
487,2021-10-18 06:40:10,33000.0,200.0,1235700.0
488,2021-10-18 06:40:10,33000.0,2000.0,1235500.0
489,2021-10-18 06:40:10,33000.0,500.0,1233500.0
490,2021-10-18 06:40:00,33000.0,300.0,1233000.0
491,2021-10-18 06:39:57,33000.0,2700.0,1232700.0
492,2021-10-18 06:39:57,33000.0,300.0,1230000.0
493,2021-10-18 06:39:46,32900.0,2200.0,1229700.0
494,2021-10-18 06:39:46,32900.0,800.0,1227500.0
495,2021-10-18 06:39:40,33000.0,1200.0,1226700.0
496,2021-10-18 06:39:40,33000.0,500.0,1225500.0
497,2021-10-18 06:39:40,33000.0,500.0,1225000.0
498,2021-10-18 06:39:40,33000.0,500.0,1224500.0
499,2021-10-18 06:39:40,33000.0,500.0,1224000.0
500,2021-10-18 06:39:40,33000.0,500.0,1223500.0
501,2021-10-18 06:39:40,33000.0,100.0,1223000.0
502,2021-10-18 06:39:40,33000.0,2200.0,1222900.0
503,2021-10-18 06:39:34,33000.0,300.0,1220700.0
504,2021-10-18 06:39:34,33000.0,200.0,1220400.0
505,2021-10-18 06:39:31,33000.0,100.0,1220200.0
506,2021-10-18 06:39:29,33000.0,1000.0,1220100.0
507,2021-10-18 06:39:23,33000.0,1200.0,1219100.0
508,2021-10-18 06:39:23,33000.0,200.0,1217900.0
509,2021-10-18 06:39:23,33000.0,600.0,1217700.0
510,2021-10-18 06:39:05,33000.0,1400.0,1217100.0
511,2021-10-18 06:39:05,33000.0,500.0,1215700.0
512,2021-10-18 06:39:05,33000.0,900.0,1215200.0
513,2021-10-18 06:39:05,33000.0,500.0,1214300.0
514,2021-10-18 06:39:05,33000.0,2000.0,1213800.0
515,2021-10-18 06:39:05,33000.0,100.0,1211800.0
516,2021-10-18 06:38:57,32850.0,100.0,1211700.0
517,2021-10-18 06:38:38,33000.0,800.0,1211600.0
518,2021-10-18 06:38:38,32850.0,200.0,1210800.0
519,2021-10-18 06:38:27,32800.0,4300.0,1210600.0
520,2021-10-18 06:38:27,32850.0,5000.0,1206300.0
521,2021-10-18 06:38:27,32850.0,2600.0,1201300.0
522,2021-10-18 06:38:27,32900.0,100.0,1198700.0
523,2021-10-18 06:38:27,32900.0,8000.0,1198600.0
524,2021-10-18 06:38:26,33000.0,100.0,1190600.0
525,2021-10-18 06:38:26,33000.0,900.0,1190500.0
526,2021-10-18 06:38:23,33000.0,100.0,1189600.0
527,2021-10-18 06:38:23,33000.0,300.0,1189500.0
528,2021-10-18 06:38:23,33000.0,200.0,1189200.0
529,2021-10-18 06:38:23,33000.0,500.0,1189000.0
530,2021-10-18 06:38:23,33000.0,100.0,1188500.0
531,2021-10-18 06:38:23,33000.0,100.0,1188400.0
532,2021-10-18 06:38:23,33000.0,300.0,1188300.0
533,2021-10-18 06:38:23,33000.0,200.0,1188000.0
534,2021-10-18 06:38:23,33000.0,500.0,1187800.0
535,2021-10-18 06:38:23,33000.0,1000.0,1187300.0
536,2021-10-18 06:38:23,32950.0,500.0,1186300.0
537,2021-10-18 06:38:23,32900.0,1000.0,1185800.0
538,2021-10-18 06:38:23,32900.0,1000.0,1184800.0
539,2021-10-18 06:38:23,32900.0,600.0,1183800.0
540,2021-10-18 06:38:23,32900.0,100.0,1183200.0
541,2021-10-18 06:38:23,32900.0,500.0,1183100.0
542,2021-10-18 06:38:21,32900.0,500.0,1182600.0
543,2021-10-18 06:38:21,32900.0,400.0,1182100.0
544,2021-10-18 06:38:21,32900.0,1000.0,1181700.0
545,2021-10-18 06:38:21,32900.0,100.0,1180700.0
546,2021-10-18 06:38:10,32850.0,200.0,1180600.0
547,2021-10-18 06:38:08,32850.0,1200.0,1180400.0
548,2021-10-18 06:38:07,32850.0,3000.0,1179200.0
549,2021-10-18 06:38:02,32850.0,800.0,1176200.0
550,2021-10-18 06:38:02,32850.0,1000.0,1175400.0
551,2021-10-18 06:38:02,32850.0,1500.0,1174400.0
552,2021-10-18 06:37:59,32850.0,500.0,1172900.0
553,2021-10-18 06:37:59,32850.0,300.0,1172400.0
554,2021-10-18 06:37:54,32850.0,900.0,1172100.0
555,2021-10-18 06:37:49,32850.0,300.0,1171200.0
556,2021-10-18 06:37:48,32850.0,2000.0,1170900.0
557,2021-10-18 06:37:44,32850.0,2000.0,1168900.0
558,2021-10-18 06:37:42,32850.0,2000.0,1166900.0
559,2021-10-18 06:37:40,32850.0,500.0,1164900.0
560,2021-10-18 06:37:33,32800.0,200.0,1164400.0
561,2021-10-18 06:37:13,32800.0,1000.0,1164200.0
562,2021-10-18 06:37:13,32800.0,4000.0,1163200.0
563,2021-10-18 06:37:13,32800.0,200.0,1159200.0
564,2021-10-18 06:37:13,32800.0,500.0,1159000.0
565,2021-10-18 06:37:13,32800.0,300.0,1158500.0
566,2021-10-18 06:37:13,32800.0,1000.0,1158200.0
567,2021-10-18 06:37:13,32800.0,8000.0,1157200.0
568,2021-10-18 06:37:12,32800.0,900.0,1149200.0
569,2021-10-18 06:37:12,32800.0,1100.0,1148300.0
570,2021-10-18 06:37:09,32800.0,8000.0,1147200.0
571,2021-10-18 06:37:07,32800.0,3000.0,1139200.0
572,2021-10-18 06:36:49,32800.0,200.0,1136200.0
573,2021-10-18 06:36:49,32800.0,4200.0,1136000.0
574,2021-10-18 06:36:49,32800.0,300.0,1131800.0
575,2021-10-18 06:36:29,32750.0,200.0,1131500.0
576,2021-10-18 06:36:25,32800.0,3200.0,1131300.0
577,2021-10-18 06:36:25,32750.0,200.0,1128100.0
578,2021-10-18 06:36:25,32750.0,100.0,1127900.0
579,2021-10-18 06:36:24,32750.0,200.0,1127800.0
580,2021-10-18 06:36:24,32750.0,500.0,1127600.0
581,2021-10-18 06:36:21,32750.0,100.0,1127100.0
582,2021-10-18 06:36:02,32750.0,200.0,1127000.0
583,2021-10-18 06:35:55,32750.0,300.0,1126800.0
584,2021-10-18 06:35:52,32700.0,1000.0,1126500.0
585,2021-10-18 06:35:52,32700.0,1100.0,1125500.0
586,2021-10-18 06:35:52,32700.0,1100.0,1124400.0
587,2021-10-18 06:35:48,32650.0,100.0,1123300.0
588,2021-10-18 06:35:45,32700.0,1900.0,1123200.0
589,2021-10-18 06:35:45,32700.0,100.0,1121300.0
590,2021-10-18 06:35:45,32700.0,1000.0,1121200.0
591,2021-10-18 06:35:45,32700.0,200.0,1120200.0
592,2021-10-18 06:35:45,32700.0,100.0,1120000.0
593,2021-10-18 06:35:45,32700.0,300.0,1119900.0
594,2021-10-18 06:35:45,32700.0,800.0,1119600.0
595,2021-10-18 06:35:45,32700.0,500.0,1118800.0
596,2021-10-18 06:35:45,32700.0,100.0,1118300.0
597,2021-10-18 06:35:40,32650.0,100.0,1118200.0
598,2021-10-18 06:35:40,32650.0,100.0,1118100.0
599,2021-10-18 06:35:37,32600.0,5700.0,1118000.0
600,2021-10-18 06:35:37,32600.0,4300.0,1112300.0
601,2021-10-18 06:35:31,32600.0,500.0,1108000.0
602,2021-10-18 06:35:25,32600.0,100.0,1107500.0
603,2021-10-18 06:35:25,32600.0,500.0,1107400.0
604,2021-10-18 06:35:25,32600.0,600.0,1106900.0
605,2021-10-18 06:35:25,32600.0,100.0,1106300.0
606,2021-10-18 06:35:25,32600.0,3000.0,1106200.0
607,2021-10-18 06:35:25,32600.0,1100.0,1103200.0
608,2021-10-18 06:35:19,32600.0,1400.0,1102100.0
609,2021-10-18 06:35:18,32600.0,5000.0,1100700.0
610,2021-10-18 06:35:16,32500.0,400.0,1095700.0
611,2021-10-18 06:35:16,32500.0,2000.0,1095300.0
612,2021-10-18 06:35:16,32500.0,100.0,1093300.0
613,2021-10-18 06:35:16,32500.0,500.0,1093200.0
614,2021-10-18 06:35:14,32600.0,2500.0,1092700.0
615,2021-10-18 06:35:14,32600.0,100.0,1090200.0
616,2021-10-18 06:35:14,32600.0,2000.0,1090100.0
617,2021-10-18 06:35:14,32600.0,100.0,1088100.0
618,2021-10-18 06:35:14,32600.0,100.0,1088000.0
619,2021-10-18 06:35:13,32600.0,100.0,1087900.0
620,2021-10-18 06:35:12,32600.0,200.0,1087800.0
621,2021-10-18 06:35:05,32600.0,100.0,1087600.0
622,2021-10-18 06:34:39,32600.0,5000.0,1087500.0
623,2021-10-18 06:34:29,32600.0,300.0,1082500.0
624,2021-10-18 06:34:28,32600.0,14300.0,1082200.0
625,2021-10-18 06:34:28,32600.0,700.0,1067900.0
626,2021-10-18 06:34:08,32500.0,500.0,1067200.0
627,2021-10-18 06:33:51,32600.0,300.0,1066700.0
628,2021-10-18 06:33:51,32600.0,100.0,1066400.0
629,2021-10-18 06:33:51,32600.0,600.0,1066300.0
630,2021-10-18 06:33:43,32600.0,200.0,1065700.0
631,2021-10-18 06:33:35,32600.0,200.0,1065500.0
632,2021-10-18 06:33:35,32600.0,100.0,1065300.0
633,2021-10-18 06:33:29,32600.0,1000.0,1065200.0
634,2021-10-18 06:33:19,32600.0,100.0,1064200.0
635,2021-10-18 06:33:16,32450.0,1000.0,1064100.0
636,2021-10-18 06:33:16,32450.0,1000.0,1063100.0
637,2021-10-18 06:33:16,32500.0,500.0,1062100.0
638,2021-10-18 06:33:16,32500.0,400.0,1061600.0
639,2021-10-18 06:33:16,32500.0,100.0,1061200.0
640,2021-10-18 06:33:16,32500.0,200.0,1061100.0
641,2021-10-18 06:33:16,32500.0,6800.0,1060900.0
642,2021-10-18 06:33:04,32600.0,8900.0,1054100.0
643,2021-10-18 06:33:04,32600.0,1000.0,1045200.0
644,2021-10-18 06:33:04,32600.0,100.0,1044200.0
645,2021-10-18 06:33:04,32600.0,1000.0,1044100.0
646,2021-10-18 06:32:54,32500.0,300.0,1043100.0
647,2021-10-18 06:32:46,32500.0,300.0,1042800.0
648,2021-10-18 06:32:22,32500.0,200.0,1042500.0
649,2021-10-18 06:32:11,32600.0,100.0,1042300.0
650,2021-10-18 06:32:11,32600.0,1000.0,1042200.0
651,2021-10-18 06:32:11,32600.0,100.0,1041200.0
652,2021-10-18 06:32:11,32600.0,300.0,1041100.0
653,2021-10-18 06:32:11,32500.0,500.0,1040800.0
654,2021-10-18 06:31:59,32450.0,1000.0,1040300.0
655,2021-10-18 06:31:59,32450.0,1000.0,1039300.0
656,2021-10-18 06:31:45,32450.0,300.0,1038300.0
657,2021-10-18 06:31:43,32450.0,100.0,1038000.0
658,2021-10-18 06:31:27,32450.0,2000.0,1037900.0
659,2021-10-18 06:31:17,32450.0,3000.0,1035900.0
660,2021-10-18 06:31:17,32450.0,100.0,1032900.0
661,2021-10-18 06:31:17,32450.0,1100.0,1032800.0
662,2021-10-18 06:31:17,32500.0,2300.0,1031700.0
663,2021-10-18 06:31:17,32500.0,1400.0,1029400.0
664,2021-10-18 06:31:16,32500.0,500.0,1028000.0
665,2021-10-18 06:31:11,32500.0,1000.0,1027500.0
666,2021-10-18 06:31:09,32500.0,500.0,1026500.0
667,2021-10-18 06:31:08,32600.0,200.0,1026000.0
668,2021-10-18 06:31:08,32600.0,100.0,1025800.0
669,2021-10-18 06:31:01,32500.0,500.0,1025700.0
670,2021-10-18 06:31:01,32500.0,300.0,1025200.0
671,2021-10-18 06:31:01,32500.0,500.0,1024900.0
672,2021-10-18 06:31:01,32500.0,1000.0,1024400.0
673,2021-10-18 06:31:01,32500.0,1000.0,1023400.0
674,2021-10-18 06:31:01,32500.0,1000.0,1022400.0
675,2021-10-18 06:31:01,32500.0,500.0,1021400.0
676,2021-10-18 06:31:01,32500.0,200.0,1020900.0
677,2021-10-18 06:31:01,32500.0,100.0,1020700.0
678,2021-10-18 06:31:01,32500.0,1000.0,1020600.0
679,2021-10-18 06:31:01,32500.0,300.0,1019600.0
680,2021-10-18 06:31:01,32500.0,100.0,1019300.0
681,2021-10-18 06:31:01,32500.0,100.0,1019200.0
682,2021-10-18 06:30:57,32500.0,1900.0,1019100.0
683,2021-10-18 06:30:57,32500.0,500.0,1017200.0
684,2021-10-18 06:30:57,32500.0,500.0,1016700.0
685,2021-10-18 06:30:57,32500.0,100.0,1016200.0
686,2021-10-18 06:30:57,32500.0,2900.0,1016100.0
687,2021-10-18 06:30:57,32500.0,2000.0,1013200.0
688,2021-10-18 06:30:57,32500.0,100.0,1011200.0
689,2021-10-18 06:30:57,32500.0,1000.0,1011100.0
690,2021-10-18 06:30:57,32500.0,100.0,1010100.0
691,2021-10-18 06:30:57,32500.0,1000.0,1010000.0
692,2021-10-18 06:30:57,32500.0,100.0,1009000.0
693,2021-10-18 06:30:57,32500.0,100.0,1008900.0
694,2021-10-18 06:30:57,32500.0,500.0,1008800.0
695,2021-10-18 06:30:57,32500.0,300.0,1008300.0
696,2021-10-18 06:30:57,32500.0,2000.0,1008000.0
697,2021-10-18 06:30:57,32500.0,1000.0,1006000.0
698,2021-10-18 06:30:57,32500.0,100.0,1005000.0
699,2021-10-18 06:30:57,32500.0,10000.0,1004900.0
700,2021-10-18 06:30:57,32500.0,1000.0,994900.0
701,2021-10-18 06:30:57,32500.0,24800.0,993900.0
702,2021-10-18 06:30:53,32450.0,3300.0,969100.0
703,2021-10-18 06:30:35,32450.0,600.0,965800.0
704,2021-10-18 06:30:35,32450.0,300.0,965200.0
705,2021-10-18 06:30:35,32450.0,200.0,964900.0
706,2021-10-18 06:30:35,32450.0,200.0,964700.0
707,2021-10-18 06:30:35,32450.0,300.0,964500.0
708,2021-10-18 06:30:35,32450.0,100.0,964200.0
709,2021-10-18 06:30:07,32450.0,400.0,964100.0
710,2021-10-18 06:30:05,32450.0,100.0,963700.0
711,2021-10-18 06:30:05,32450.0,1900.0,963600.0
712,2021-10-18 06:30:04,32450.0,100.0,961700.0
713,2021-10-18 06:29:48,32450.0,1000.0,961600.0
714,2021-10-18 06:29:46,32450.0,500.0,960600.0
715,2021-10-18 06:29:34,32450.0,1900.0,960100.0
716,2021-10-18 06:29:34,32450.0,100.0,958200.0
717,2021-10-18 06:29:34,32450.0,4500.0,958100.0
718,2021-10-18 06:29:26,32500.0,100.0,953600.0
719,2021-10-18 06:29:17,32500.0,500.0,953500.0
720,2021-10-18 06:29:11,32500.0,3000.0,953000.0
721,2021-10-18 06:29:09,32500.0,400.0,950000.0
722,2021-10-18 06:29:03,32500.0,7000.0,949600.0
723,2021-10-18 06:28:58,32450.0,500.0,942600.0
724,2021-10-18 06:28:51,32500.0,500.0,942100.0
725,2021-10-18 06:28:51,32450.0,200.0,941600.0
726,2021-10-18 06:28:38,32500.0,500.0,941400.0
727,2021-10-18 06:28:38,32450.0,1000.0,940900.0
728,2021-10-18 06:28:38,32450.0,1400.0,939900.0
729,2021-10-18 06:28:38,32400.0,100.0,938500.0
730,2021-10-18 06:28:21,32450.0,600.0,938400.0
731,2021-10-18 06:28:21,32450.0,500.0,937800.0
732,2021-10-18 06:28:21,32450.0,900.0,937300.0
733,2021-10-18 06:28:14,32450.0,2100.0,936400.0
734,2021-10-18 06:28:14,32450.0,1400.0,934300.0
735,2021-10-18 06:28:10,32450.0,1100.0,932900.0
736,2021-10-18 06:28:10,32400.0,900.0,931800.0
737,2021-10-18 06:28:07,32400.0,800.0,930900.0
738,2021-10-18 06:28:06,32400.0,3000.0,930100.0
739,2021-10-18 06:28:06,32400.0,300.0,927100.0
740,2021-10-18 06:28:03,32400.0,200.0,926800.0
741,2021-10-18 06:28:03,32400.0,4800.0,926600.0
742,2021-10-18 06:28:02,32400.0,200.0,921800.0
743,2021-10-18 06:28:02,32400.0,3000.0,921600.0
744,2021-10-18 06:28:02,32400.0,400.0,918600.0
745,2021-10-18 06:28:02,32400.0,100.0,918200.0
746,2021-10-18 06:28:02,32400.0,300.0,918100.0
747,2021-10-18 06:27:57,32450.0,5000.0,917800.0
748,2021-10-18 06:27:54,32400.0,100.0,912800.0
749,2021-10-18 06:27:54,32400.0,900.0,912700.0
750,2021-10-18 06:27:33,32400.0,400.0,911800.0
751,2021-10-18 06:27:33,32400.0,600.0,911400.0
752,2021-10-18 06:27:32,32450.0,1200.0,910800.0
753,2021-10-18 06:27:31,32450.0,1000.0,909600.0
754,2021-10-18 06:27:31,32450.0,200.0,908600.0
755,2021-10-18 06:27:31,32450.0,100.0,908400.0
756,2021-10-18 06:27:28,32500.0,3000.0,908300.0
757,2021-10-18 06:27:26,32500.0,200.0,905300.0
758,2021-10-18 06:27:26,32500.0,300.0,905100.0
759,2021-10-18 06:27:26,32500.0,1500.0,904800.0
760,2021-10-18 06:27:22,32450.0,2000.0,903300.0
761,2021-10-18 06:27:18,32500.0,3500.0,901300.0
762,2021-10-18 06:27:18,32500.0,500.0,897800.0
763,2021-10-18 06:27:18,32500.0,300.0,897300.0
764,2021-10-18 06:27:18,32500.0,1000.0,897000.0
765,2021-10-18 06:27:18,32500.0,1000.0,896000.0
766,2021-10-18 06:27:18,32500.0,3700.0,895000.0
767,2021-10-18 06:27:15,32500.0,1300.0,891300.0
768,2021-10-18 06:27:15,32500.0,5700.0,890000.0
769,2021-10-18 06:27:05,32500.0,100.0,884300.0
770,2021-10-18 06:26:58,32500.0,1900.0,884200.0
771,2021-10-18 06:26:53,32500.0,300.0,882300.0
772,2021-10-18 06:26:53,32500.0,2000.0,882000.0
773,2021-10-18 06:26:53,32500.0,100.0,880000.0
774,2021-10-18 06:26:43,32500.0,100.0,879900.0
775,2021-10-18 06:26:43,32450.0,900.0,879800.0
776,2021-10-18 06:26:31,32450.0,100.0,878900.0
777,2021-10-18 06:26:28,32400.0,100.0,878800.0
778,2021-10-18 06:26:25,32400.0,500.0,878700.0
779,2021-10-18 06:26:25,32400.0,100.0,878200.0
780,2021-10-18 06:26:25,32400.0,4600.0,878100.0
781,2021-10-18 06:26:24,32400.0,2000.0,873500.0
782,2021-10-18 06:26:23,32400.0,500.0,871500.0
783,2021-10-18 06:26:21,32400.0,2900.0,871000.0
784,2021-10-18 06:26:21,32400.0,2100.0,868100.0
785,2021-10-18 06:26:16,32400.0,200.0,866000.0
786,2021-10-18 06:25:44,32400.0,2000.0,865800.0
787,2021-10-18 06:25:37,32400.0,700.0,863800.0
788,2021-10-18 06:25:31,32300.0,200.0,863100.0
789,2021-10-18 06:25:28,32300.0,300.0,862900.0
790,2021-10-18 06:25:26,32200.0,800.0,862600.0
791,2021-10-18 06:25:26,32300.0,1300.0,861800.0
792,2021-10-18 06:25:22,32300.0,200.0,860500.0
793,2021-10-18 06:25:21,32500.0,800.0,860300.0
794,2021-10-18 06:25:18,32500.0,800.0,859500.0
795,2021-10-18 06:25:15,32300.0,500.0,858700.0
796,2021-10-18 06:25:15,32500.0,100.0,858200.0
797,2021-10-18 06:25:15,32500.0,100.0,858100.0
798,2021-10-18 06:25:01,32500.0,900.0,858000.0
799,2021-10-18 06:25:01,32500.0,5000.0,857100.0
800,2021-10-18 06:25:01,32500.0,500.0,852100.0
801,2021-10-18 06:25:01,32500.0,4900.0,851600.0
802,2021-10-18 06:25:01,32400.0,1000.0,846700.0
803,2021-10-18 06:25:01,32400.0,300.0,845700.0
804,2021-10-18 06:25:01,32400.0,500.0,845400.0
805,2021-10-18 06:25:01,32300.0,100.0,844900.0
806,2021-10-18 06:25:01,32300.0,200.0,844800.0
807,2021-10-18 06:25:01,32300.0,200.0,844600.0
808,2021-10-18 06:25:01,32300.0,3000.0,844400.0
809,2021-10-18 06:25:01,32300.0,100.0,841400.0
810,2021-10-18 06:25:01,32300.0,500.0,841300.0
811,2021-10-18 06:25:01,32300.0,100.0,840800.0
812,2021-10-18 06:25:01,32300.0,100.0,840700.0
813,2021-10-18 06:25:01,32300.0,300.0,840600.0
814,2021-10-18 06:25:01,32250.0,2000.0,840300.0
815,2021-10-18 06:25:01,32250.0,300.0,838300.0
816,2021-10-18 06:24:56,32200.0,900.0,838000.0
817,2021-10-18 06:24:52,32200.0,100.0,837100.0
818,2021-10-18 06:24:52,32200.0,100.0,837000.0
819,2021-10-18 06:24:51,32200.0,400.0,836900.0
820,2021-10-18 06:24:51,32200.0,100.0,836500.0
821,2021-10-18 06:24:51,32200.0,200.0,836400.0
822,2021-10-18 06:24:51,32200.0,300.0,836200.0
823,2021-10-18 06:24:42,32200.0,700.0,835900.0
824,2021-10-18 06:24:42,32200.0,200.0,835200.0
825,2021-10-18 06:24:42,32200.0,2000.0,835000.0
826,2021-10-18 06:24:42,32200.0,100.0,833000.0
827,2021-10-18 06:24:38,32100.0,100.0,832900.0
828,2021-10-18 06:24:38,32100.0,500.0,832800.0
829,2021-10-18 06:24:38,32100.0,1000.0,832300.0
830,2021-10-18 06:24:38,32100.0,100.0,831300.0
831,2021-10-18 06:24:38,32100.0,100.0,831200.0
832,2021-10-18 06:24:37,32100.0,100.0,831100.0
833,2021-10-18 06:24:37,32100.0,1000.0,831000.0
834,2021-10-18 06:24:37,32100.0,700.0,830000.0
835,2021-10-18 06:24:37,32100.0,1200.0,829300.0
836,2021-10-18 06:24:33,32100.0,200.0,828100.0
837,2021-10-18 06:24:32,32100.0,1000.0,827900.0
838,2021-10-18 06:24:25,32100.0,7000.0,826900.0
839,2021-10-18 06:24:24,32100.0,600.0,819900.0
840,2021-10-18 06:24:11,32000.0,100.0,819300.0
841,2021-10-18 06:24:11,32000.0,1000.0,819200.0
842,2021-10-18 06:24:11,32000.0,2000.0,818200.0
843,2021-10-18 06:24:11,32000.0,200.0,816200.0
844,2021-10-18 06:24:11,32000.0,1000.0,816000.0
845,2021-10-18 06:24:11,32000.0,2000.0,815000.0
846,2021-10-18 06:24:11,32000.0,1000.0,813000.0
847,2021-10-18 06:24:11,32000.0,100.0,812000.0
848,2021-10-18 06:24:11,32000.0,1000.0,811900.0
849,2021-10-18 06:24:11,32000.0,400.0,810900.0
850,2021-10-18 06:24:11,32000.0,500.0,810500.0
851,2021-10-18 06:24:11,32000.0,100.0,810000.0
852,2021-10-18 06:24:09,32000.0,100.0,809900.0
853,2021-10-18 06:24:09,32000.0,200.0,809800.0
854,2021-10-18 06:24:09,32000.0,300.0,809600.0
855,2021-10-18 06:24:09,32000.0,400.0,809300.0
856,2021-10-18 06:24:07,32000.0,100.0,808900.0
857,2021-10-18 06:24:07,32000.0,200.0,808800.0
858,2021-10-18 06:24:05,32000.0,800.0,808600.0
859,2021-10-18 06:24:05,32000.0,300.0,807800.0
860,2021-10-18 06:24:05,32000.0,100.0,807500.0
861,2021-10-18 06:24:05,32000.0,1000.0,807400.0
862,2021-10-18 06:24:05,32000.0,2000.0,806400.0
863,2021-10-18 06:24:05,32000.0,500.0,804400.0
864,2021-10-18 06:24:05,32000.0,300.0,803900.0
865,2021-10-18 06:24:05,32000.0,2000.0,803600.0
866,2021-10-18 06:24:05,32000.0,400.0,801600.0
867,2021-10-18 06:24:05,32000.0,100.0,801200.0
868,2021-10-18 06:24:05,32000.0,100.0,801100.0
869,2021-10-18 06:24:05,32000.0,500.0,801000.0
870,2021-10-18 06:24:05,32000.0,1900.0,800500.0
871,2021-10-18 06:24:05,32000.0,1100.0,798600.0
872,2021-10-18 06:24:05,32000.0,1500.0,797500.0
873,2021-10-18 06:24:05,32000.0,300.0,796000.0
874,2021-10-18 06:24:05,32000.0,100.0,795700.0
875,2021-10-18 06:24:04,32000.0,200.0,795600.0
876,2021-10-18 06:24:03,32000.0,200.0,795400.0
877,2021-10-18 06:24:03,32000.0,2000.0,795200.0
878,2021-10-18 06:24:03,32000.0,1000.0,793200.0
879,2021-10-18 06:24:03,32000.0,1000.0,792200.0
880,2021-10-18 06:24:03,32000.0,800.0,791200.0
881,2021-10-18 06:24:03,32000.0,200.0,790400.0
882,2021-10-18 06:24:03,32000.0,200.0,790200.0
883,2021-10-18 06:24:03,32000.0,5100.0,790000.0
884,2021-10-18 06:23:56,32000.0,2300.0,784900.0
885,2021-10-18 06:23:56,32000.0,200.0,782600.0
886,2021-10-18 06:23:56,32000.0,100.0,782400.0
887,2021-10-18 06:23:56,32000.0,200.0,782300.0
888,2021-10-18 06:23:56,32000.0,1500.0,782100.0
889,2021-10-18 06:23:56,32000.0,1000.0,780600.0
890,2021-10-18 06:23:56,32000.0,500.0,779600.0
891,2021-10-18 06:23:56,32000.0,300.0,779100.0
892,2021-10-18 06:23:56,32000.0,500.0,778800.0
893,2021-10-18 06:23:56,32000.0,2000.0,778300.0
894,2021-10-18 06:23:56,32000.0,1500.0,776300.0
895,2021-10-18 06:23:56,32000.0,500.0,774800.0
896,2021-10-18 06:23:56,32000.0,2000.0,774300.0
897,2021-10-18 06:23:56,32000.0,10000.0,772300.0
898,2021-10-18 06:23:56,32000.0,3000.0,762300.0
899,2021-10-18 06:23:56,32000.0,500.0,759300.0
900,2021-10-18 06:23:56,32000.0,200.0,758800.0
901,2021-10-18 06:23:56,32000.0,100.0,758600.0
902,2021-10-18 06:23:56,32000.0,100.0,758500.0
903,2021-10-18 06:23:56,32000.0,1000.0,758400.0
904,2021-10-18 06:23:56,32000.0,2500.0,757400.0
905,2021-10-18 06:23:49,31950.0,3500.0,754900.0
906,2021-10-18 06:23:47,32000.0,300.0,751400.0
907,2021-10-18 06:23:46,31950.0,100.0,751100.0
908,2021-10-18 06:23:45,32000.0,200.0,751000.0
909,2021-10-18 06:23:44,32000.0,2000.0,750800.0
910,2021-10-18 06:23:44,32000.0,400.0,748800.0
911,2021-10-18 06:23:44,32000.0,900.0,748400.0
912,2021-10-18 06:23:44,32000.0,1700.0,747500.0
913,2021-10-18 06:23:35,32000.0,300.0,745800.0
914,2021-10-18 06:23:33,32000.0,500.0,745500.0
915,2021-10-18 06:23:29,32000.0,500.0,745000.0
916,2021-10-18 06:23:24,31950.0,300.0,744500.0
917,2021-10-18 06:23:19,32000.0,300.0,744200.0
918,2021-10-18 06:23:18,31950.0,1000.0,743900.0
919,2021-10-18 06:23:15,31950.0,500.0,742900.0
920,2021-10-18 06:23:12,31950.0,500.0,742400.0
921,2021-10-18 06:23:08,32000.0,1000.0,741900.0
922,2021-10-18 06:23:03,31900.0,600.0,740900.0
923,2021-10-18 06:23:03,31950.0,300.0,740300.0
924,2021-10-18 06:23:03,31950.0,100.0,740000.0
925,2021-10-18 06:23:03,31950.0,3000.0,739900.0
926,2021-10-18 06:23:03,31950.0,600.0,736900.0
927,2021-10-18 06:23:02,31950.0,1000.0,736300.0
928,2021-10-18 06:22:59,31950.0,300.0,735300.0
929,2021-10-18 06:22:57,32000.0,100.0,735000.0
930,2021-10-18 06:22:53,32000.0,100.0,734900.0
931,2021-10-18 06:22:52,31950.0,1100.0,734800.0
932,2021-10-18 06:22:52,31950.0,1000.0,733700.0
933,2021-10-18 06:22:52,31950.0,2000.0,732700.0
934,2021-10-18 06:22:52,31950.0,5900.0,730700.0
935,2021-10-18 06:22:49,32000.0,500.0,724800.0
936,2021-10-18 06:22:46,31950.0,900.0,724300.0
937,2021-10-18 06:22:41,31950.0,700.0,723400.0
938,2021-10-18 06:22:41,31950.0,2500.0,722700.0
939,2021-10-18 06:22:38,31900.0,200.0,720200.0
940,2021-10-18 06:22:37,31950.0,300.0,720000.0
941,2021-10-18 06:22:33,31950.0,1000.0,719700.0
942,2021-10-18 06:22:31,31950.0,1200.0,718700.0
943,2021-10-18 06:22:31,31950.0,100.0,717500.0
944,2021-10-18 06:22:26,31950.0,1700.0,717400.0
945,2021-10-18 06:22:26,31950.0,300.0,715700.0
946,2021-10-18 06:22:23,31950.0,200.0,715400.0
947,2021-10-18 06:22:19,31950.0,500.0,715200.0
948,2021-10-18 06:22:19,31950.0,200.0,714700.0
949,2021-10-18 06:22:18,31950.0,2000.0,714500.0
950,2021-10-18 06:22:15,31950.0,200.0,712500.0
951,2021-10-18 06:22:14,31950.0,100.0,712300.0
952,2021-10-18 06:22:14,31950.0,200.0,712200.0
953,2021-10-18 06:22:14,31950.0,500.0,712000.0
954,2021-10-18 06:22:14,31950.0,800.0,711500.0
955,2021-10-18 06:22:09,32000.0,1000.0,710700.0
956,2021-10-18 06:22:09,32000.0,1500.0,709700.0
957,2021-10-18 06:22:09,32000.0,1000.0,708200.0
958,2021-10-18 06:22:09,32000.0,400.0,707200.0
959,2021-10-18 06:22:09,32000.0,500.0,706800.0
960,2021-10-18 06:22:09,32000.0,600.0,706300.0
961,2021-10-18 06:22:06,31950.0,100.0,705700.0
962,2021-10-18 06:22:05,31950.0,1100.0,705600.0
963,2021-10-18 06:22:05,31950.0,1000.0,704500.0
964,2021-10-18 06:22:05,31950.0,1000.0,703500.0
965,2021-10-18 06:22:05,31950.0,200.0,702500.0
966,2021-10-18 06:22:05,31950.0,1000.0,702300.0
967,2021-10-18 06:22:05,31950.0,700.0,701300.0
968,2021-10-18 06:22:01,31950.0,300.0,700600.0
969,2021-10-18 06:22:01,31950.0,700.0,700300.0
970,2021-10-18 06:21:51,31950.0,100.0,699600.0
971,2021-10-18 06:21:50,32000.0,3000.0,699500.0
972,2021-10-18 06:21:43,31950.0,100.0,696500.0
973,2021-10-18 06:21:41,31950.0,100.0,696400.0
974,2021-10-18 06:21:41,31950.0,100.0,696300.0
975,2021-10-18 06:21:41,31950.0,100.0,696200.0
976,2021-10-18 06:21:41,31950.0,100.0,696100.0
977,2021-10-18 06:21:41,31950.0,1000.0,696000.0
978,2021-10-18 06:21:41,31950.0,300.0,695000.0
979,2021-10-18 06:21:41,31950.0,400.0,694700.0
980,2021-10-18 06:21:40,31950.0,800.0,694300.0
981,2021-10-18 06:21:40,31950.0,300.0,693500.0
982,2021-10-18 06:21:38,31950.0,200.0,693200.0
983,2021-10-18 06:21:38,31900.0,100.0,693000.0
984,2021-10-18 06:21:37,31950.0,1000.0,692900.0
985,2021-10-18 06:21:31,31950.0,1200.0,691900.0
986,2021-10-18 06:21:23,31950.0,1000.0,690700.0
987,2021-10-18 06:21:22,31950.0,100.0,689700.0
988,2021-10-18 06:21:22,31950.0,6000.0,689600.0
989,2021-10-18 06:21:22,31950.0,3000.0,683600.0
990,2021-10-18 06:21:22,31950.0,400.0,680600.0
991,2021-10-18 06:21:22,31950.0,200.0,680200.0
992,2021-10-18 06:21:22,31950.0,400.0,680000.0
993,2021-10-18 06:21:21,32000.0,300.0,679600.0
994,2021-10-18 06:21:15,31950.0,2600.0,679300.0
995,2021-10-18 06:21:12,31950.0,1000.0,676700.0
996,2021-10-18 06:21:07,31950.0,700.0,675700.0
997,2021-10-18 06:21:01,31950.0,700.0,675000.0
998,2021-10-18 06:21:01,31950.0,100.0,674300.0
999,2021-10-18 06:21:01,31950.0,1000.0,674200.0
1000,2021-10-18 06:21:00,31950.0,300.0,673200.0
1001,2021-10-18 06:21:00,31900.0,200.0,672900.0
1002,2021-10-18 06:20:49,31950.0,100.0,672700.0
1003,2021-10-18 06:20:37,31950.0,300.0,672600.0
1004,2021-10-18 06:20:18,31950.0,200.0,672300.0
1005,2021-10-18 06:20:13,31950.0,1000.0,672100.0
1006,2021-10-18 06:20:13,31900.0,1000.0,671100.0
1007,2021-10-18 06:19:59,31950.0,6800.0,670100.0
1008,2021-10-18 06:19:59,31900.0,600.0,663300.0
1009,2021-10-18 06:19:59,31900.0,5000.0,662700.0
1010,2021-10-18 06:19:59,31900.0,300.0,657700.0
1011,2021-10-18 06:19:59,31900.0,1000.0,657400.0
1012,2021-10-18 06:19:59,31900.0,2000.0,656400.0
1013,2021-10-18 06:19:59,31900.0,900.0,654400.0
1014,2021-10-18 06:19:59,31900.0,200.0,653500.0
1015,2021-10-18 06:19:59,31900.0,200.0,653300.0
1016,2021-10-18 06:19:59,31850.0,1000.0,653100.0
1017,2021-10-18 06:19:59,31850.0,2000.0,652100.0
1018,2021-10-18 06:19:59,31800.0,1000.0,650100.0
1019,2021-10-18 06:19:59,31800.0,1000.0,649100.0
1020,2021-10-18 06:19:59,31800.0,100.0,648100.0
1021,2021-10-18 06:19:59,31800.0,1000.0,648000.0
1022,2021-10-18 06:19:59,31800.0,300.0,647000.0
1023,2021-10-18 06:19:59,31800.0,300.0,646700.0
1024,2021-10-18 06:19:59,31800.0,200.0,646400.0
1025,2021-10-18 06:19:59,31800.0,100.0,646200.0
1026,2021-10-18 06:19:59,31800.0,500.0,646100.0
1027,2021-10-18 06:19:59,31800.0,400.0,645600.0
1028,2021-10-18 06:19:59,31800.0,200.0,645200.0
1029,2021-10-18 06:19:59,31800.0,1000.0,645000.0
1030,2021-10-18 06:19:59,31800.0,200.0,644000.0
1031,2021-10-18 06:19:59,31800.0,400.0,643800.0
1032,2021-10-18 06:19:59,31800.0,100.0,643400.0
1033,2021-10-18 06:19:59,31750.0,1100.0,643300.0
1034,2021-10-18 06:19:59,31750.0,1000.0,642200.0
1035,2021-10-18 06:19:59,31750.0,600.0,641200.0
1036,2021-10-18 06:19:59,31700.0,100.0,640600.0
1037,2021-10-18 06:19:59,31700.0,100.0,640500.0
1038,2021-10-18 06:19:59,31700.0,300.0,640400.0
1039,2021-10-18 06:19:46,31700.0,500.0,640100.0
1040,2021-10-18 06:19:41,31700.0,200.0,639600.0
1041,2021-10-18 06:19:41,31700.0,300.0,639400.0
1042,2021-10-18 06:19:38,31700.0,300.0,639100.0
1043,2021-10-18 06:19:30,31700.0,3900.0,638800.0
1044,2021-10-18 06:19:30,31700.0,100.0,634900.0
1045,2021-10-18 06:19:26,31700.0,300.0,634800.0
1046,2021-10-18 06:19:23,31700.0,100.0,634500.0
1047,2021-10-18 06:19:23,31700.0,100.0,634400.0
1048,2021-10-18 06:19:19,31700.0,500.0,634300.0
1049,2021-10-18 06:19:05,31700.0,3000.0,633800.0
1050,2021-10-18 06:18:56,31650.0,800.0,630800.0
1051,2021-10-18 06:18:56,31650.0,200.0,630000.0
1052,2021-10-18 06:18:56,31650.0,500.0,629800.0
1053,2021-10-18 06:18:48,31700.0,200.0,629300.0
1054,2021-10-18 06:18:43,31700.0,3000.0,629100.0
1055,2021-10-18 06:18:27,31650.0,1100.0,626100.0
1056,2021-10-18 06:18:16,31650.0,1000.0,625000.0
1057,2021-10-18 06:18:15,31650.0,300.0,624000.0
1058,2021-10-18 06:18:15,31650.0,200.0,623700.0
1059,2021-10-18 06:18:15,31650.0,200.0,623500.0
1060,2021-10-18 06:18:08,31700.0,300.0,623300.0
1061,2021-10-18 06:17:53,31650.0,4800.0,623000.0
1062,2021-10-18 06:17:53,31650.0,500.0,618200.0
1063,2021-10-18 06:17:43,31700.0,100.0,617700.0
1064,2021-10-18 06:17:36,31700.0,5000.0,617600.0
1065,2021-10-18 06:17:29,31700.0,10000.0,612600.0
1066,2021-10-18 06:17:25,31700.0,1000.0,602600.0
1067,2021-10-18 06:17:21,31700.0,300.0,601600.0
1068,2021-10-18 06:17:11,31700.0,500.0,601300.0
1069,2021-10-18 06:17:11,31700.0,900.0,600800.0
1070,2021-10-18 06:17:00,31650.0,1000.0,599900.0
1071,2021-10-18 06:17:00,31650.0,100.0,598900.0
1072,2021-10-18 06:16:49,31600.0,100.0,598800.0
1073,2021-10-18 06:16:44,31600.0,100.0,598700.0
1074,2021-10-18 06:16:44,31600.0,100.0,598600.0
1075,2021-10-18 06:16:44,31600.0,2100.0,598500.0
1076,2021-10-18 06:16:41,31600.0,100.0,596400.0
1077,2021-10-18 06:16:40,31600.0,300.0,596300.0
1078,2021-10-18 06:16:23,31600.0,200.0,596000.0
1079,2021-10-18 06:16:19,31600.0,300.0,595800.0
1080,2021-10-18 06:16:00,31650.0,100.0,595500.0
1081,2021-10-18 06:15:57,31600.0,2000.0,595400.0
1082,2021-10-18 06:15:56,31650.0,100.0,593400.0
1083,2021-10-18 06:15:55,31650.0,200.0,593300.0
1084,2021-10-18 06:15:48,31650.0,500.0,593100.0
1085,2021-10-18 06:15:48,31650.0,2000.0,592600.0
1086,2021-10-18 06:15:48,31650.0,300.0,590600.0
1087,2021-10-18 06:15:28,31700.0,500.0,590300.0
1088,2021-10-18 06:15:22,31700.0,1600.0,589800.0
1089,2021-10-18 06:15:19,31700.0,100.0,588200.0
1090,2021-10-18 06:15:19,31700.0,1900.0,588100.0
1091,2021-10-18 06:15:07,31750.0,100.0,586200.0
1092,2021-10-18 06:15:02,31750.0,300.0,586100.0
1093,2021-10-18 06:15:02,31750.0,900.0,585800.0
1094,2021-10-18 06:15:02,31750.0,100.0,584900.0
1095,2021-10-18 06:15:01,31800.0,100.0,584800.0
1096,2021-10-18 06:14:52,31750.0,600.0,584700.0
1097,2021-10-18 06:14:47,31750.0,400.0,584100.0
1098,2021-10-18 06:14:47,31750.0,100.0,583700.0
1099,2021-10-18 06:14:44,31700.0,200.0,583600.0
1100,2021-10-18 06:14:44,31700.0,100.0,583400.0
1101,2021-10-18 06:14:44,31700.0,200.0,583300.0
1102,2021-10-18 06:14:44,31700.0,700.0,583100.0
1103,2021-10-18 06:14:38,31700.0,100.0,582400.0
1104,2021-10-18 06:14:38,31700.0,100.0,582300.0
1105,2021-10-18 06:14:38,31700.0,100.0,582200.0
1106,2021-10-18 06:14:37,31700.0,100.0,582100.0
1107,2021-10-18 06:14:37,31700.0,500.0,582000.0
1108,2021-10-18 06:14:37,31700.0,200.0,581500.0
1109,2021-10-18 06:14:37,31700.0,200.0,581300.0
1110,2021-10-18 06:14:16,31650.0,200.0,581100.0
1111,2021-10-18 06:14:14,31650.0,600.0,580900.0
1112,2021-10-18 06:14:13,31600.0,1000.0,580300.0
1113,2021-10-18 06:13:59,31650.0,200.0,579300.0
1114,2021-10-18 06:13:59,31650.0,1000.0,579100.0
1115,2021-10-18 06:13:59,31650.0,200.0,578100.0
1116,2021-10-18 06:13:43,31600.0,100.0,577900.0
1117,2021-10-18 06:13:37,31600.0,500.0,577800.0
1118,2021-10-18 06:13:37,31600.0,100.0,577300.0
1119,2021-10-18 06:13:37,31600.0,8000.0,577200.0
1120,2021-10-18 06:13:37,31600.0,400.0,569200.0
1121,2021-10-18 06:13:37,31600.0,200.0,568800.0
1122,2021-10-18 06:13:37,31600.0,100.0,568600.0
1123,2021-10-18 06:13:37,31600.0,100.0,568500.0
1124,2021-10-18 06:13:37,31600.0,1000.0,568400.0
1125,2021-10-18 06:13:37,31600.0,1000.0,567400.0
1126,2021-10-18 06:13:37,31600.0,100.0,566400.0
1127,2021-10-18 06:13:37,31600.0,1300.0,566300.0
1128,2021-10-18 06:13:35,31600.0,700.0,565000.0
1129,2021-10-18 06:13:30,31600.0,200.0,564300.0
1130,2021-10-18 06:13:27,31600.0,500.0,564100.0
1131,2021-10-18 06:13:20,31600.0,300.0,563600.0
1132,2021-10-18 06:13:13,31600.0,1000.0,563300.0
1133,2021-10-18 06:13:05,31600.0,1000.0,562300.0
1134,2021-10-18 06:12:59,31600.0,100.0,561300.0
1135,2021-10-18 06:12:38,31550.0,100.0,561200.0
1136,2021-10-18 06:12:38,31550.0,3500.0,561100.0
1137,2021-10-18 06:12:21,31550.0,500.0,557600.0
1138,2021-10-18 06:12:15,31500.0,2300.0,557100.0
1139,2021-10-18 06:12:15,31500.0,400.0,554800.0
1140,2021-10-18 06:11:52,31500.0,100.0,554400.0
1141,2021-10-18 06:11:48,31500.0,100.0,554300.0
1142,2021-10-18 06:11:48,31500.0,1000.0,554200.0
1143,2021-10-18 06:11:48,31500.0,200.0,553200.0
1144,2021-10-18 06:11:48,31500.0,1200.0,553000.0
1145,2021-10-18 06:11:34,31500.0,2000.0,551800.0
1146,2021-10-18 06:11:31,31500.0,200.0,549800.0
1147,2021-10-18 06:11:20,31500.0,600.0,549600.0
1148,2021-10-18 06:11:15,31500.0,1000.0,549000.0
1149,2021-10-18 06:11:15,31500.0,600.0,548000.0
1150,2021-10-18 06:11:03,31500.0,400.0,547400.0
1151,2021-10-18 06:11:03,31500.0,100.0,547000.0
1152,2021-10-18 06:11:01,31500.0,200.0,546900.0
1153,2021-10-18 06:11:01,31500.0,700.0,546700.0
1154,2021-10-18 06:11:00,31500.0,200.0,546000.0
1155,2021-10-18 06:11:00,31500.0,2000.0,545800.0
1156,2021-10-18 06:11:00,31500.0,1900.0,543800.0
1157,2021-10-18 06:11:00,31500.0,1100.0,541900.0
1158,2021-10-18 06:11:00,31500.0,300.0,540800.0
1159,2021-10-18 06:10:58,31500.0,2000.0,540500.0
1160,2021-10-18 06:10:58,31500.0,2000.0,538500.0
1161,2021-10-18 06:10:56,31500.0,4600.0,536500.0
1162,2021-10-18 06:10:56,31500.0,1000.0,531900.0
1163,2021-10-18 06:10:56,31500.0,100.0,530900.0
1164,2021-10-18 06:10:56,31500.0,500.0,530800.0
1165,2021-10-18 06:10:56,31500.0,100.0,530300.0
1166,2021-10-18 06:10:56,31500.0,500.0,530200.0
1167,2021-10-18 06:10:56,31500.0,300.0,529700.0
1168,2021-10-18 06:10:56,31500.0,1000.0,529400.0
1169,2021-10-18 06:10:56,31500.0,400.0,528400.0
1170,2021-10-18 06:10:53,31500.0,600.0,528000.0
1171,2021-10-18 06:10:53,31500.0,400.0,527400.0
1172,2021-10-18 06:10:30,31500.0,500.0,527000.0
1173,2021-10-18 06:10:21,31500.0,1000.0,526500.0
1174,2021-10-18 06:10:12,31500.0,100.0,525500.0
1175,2021-10-18 06:09:47,31450.0,400.0,525400.0
1176,2021-10-18 06:09:47,31450.0,600.0,525000.0
1177,2021-10-18 06:09:44,31450.0,300.0,524400.0
1178,2021-10-18 06:09:43,31450.0,200.0,524100.0
1179,2021-10-18 06:09:40,31450.0,300.0,523900.0
1180,2021-10-18 06:09:24,31450.0,1000.0,523600.0
1181,2021-10-18 06:09:12,31450.0,100.0,522600.0
1182,2021-10-18 06:09:12,31450.0,3800.0,522500.0
1183,2021-10-18 06:09:12,31450.0,300.0,518700.0
1184,2021-10-18 06:08:51,31450.0,100.0,518400.0
1185,2021-10-18 06:08:51,31450.0,1000.0,518300.0
1186,2021-10-18 06:08:51,31450.0,2000.0,517300.0
1187,2021-10-18 06:08:51,31450.0,6600.0,515300.0
1188,2021-10-18 06:08:51,31450.0,4300.0,508700.0
1189,2021-10-18 06:08:50,31450.0,100.0,504400.0
1190,2021-10-18 06:08:48,31450.0,200.0,504300.0
1191,2021-10-18 06:08:44,31450.0,600.0,504100.0
1192,2021-10-18 06:08:32,31450.0,300.0,503500.0
1193,2021-10-18 06:08:26,31400.0,100.0,503200.0
1194,2021-10-18 06:08:26,31400.0,1000.0,503100.0
1195,2021-10-18 06:08:26,31400.0,2200.0,502100.0
1196,2021-10-18 06:08:24,31400.0,400.0,499900.0
1197,2021-10-18 06:08:14,31400.0,3400.0,499500.0
1198,2021-10-18 06:08:14,31400.0,1500.0,496100.0
1199,2021-10-18 06:08:14,31400.0,500.0,494600.0
1200,2021-10-18 06:08:14,31400.0,1500.0,494100.0
1201,2021-10-18 06:08:14,31400.0,600.0,492600.0
1202,2021-10-18 06:08:14,31400.0,2500.0,492000.0
1203,2021-10-18 06:07:56,31400.0,900.0,489500.0
1204,2021-10-18 06:07:30,31300.0,200.0,488600.0
1205,2021-10-18 06:07:30,31300.0,100.0,488400.0
1206,2021-10-18 06:06:52,31300.0,100.0,488300.0
1207,2021-10-18 06:06:44,31300.0,100.0,488200.0
1208,2021-10-18 06:06:37,31300.0,1300.0,488100.0
1209,2021-10-18 06:06:36,31300.0,3000.0,486800.0
1210,2021-10-18 06:06:35,31300.0,1000.0,483800.0
1211,2021-10-18 06:06:32,31300.0,2000.0,482800.0
1212,2021-10-18 06:06:32,31300.0,500.0,480800.0
1213,2021-10-18 06:06:27,31300.0,600.0,480300.0
1214,2021-10-18 06:06:19,31300.0,1000.0,479700.0
1215,2021-10-18 06:06:19,31300.0,2000.0,478700.0
1216,2021-10-18 06:06:19,31300.0,500.0,476700.0
1217,2021-10-18 06:06:09,31350.0,2000.0,476200.0
1218,2021-10-18 06:06:09,31350.0,100.0,474200.0
1219,2021-10-18 06:06:09,31350.0,300.0,474100.0
1220,2021-10-18 06:05:56,31300.0,200.0,473800.0
1221,2021-10-18 06:05:56,31300.0,100.0,473600.0
1222,2021-10-18 06:05:56,31300.0,1000.0,473500.0
1223,2021-10-18 06:05:39,31250.0,10000.0,472500.0
1224,2021-10-18 06:05:39,31250.0,2000.0,462500.0
1225,2021-10-18 06:05:39,31250.0,200.0,460500.0
1226,2021-10-18 06:05:39,31250.0,1000.0,460300.0
1227,2021-10-18 06:05:39,31250.0,500.0,459300.0
1228,2021-10-18 06:05:39,31200.0,1900.0,458800.0
1229,2021-10-18 06:05:36,31200.0,100.0,456900.0
1230,2021-10-18 06:05:36,31200.0,900.0,456800.0
1231,2021-10-18 06:05:26,31150.0,400.0,455900.0
1232,2021-10-18 06:05:08,31150.0,700.0,455500.0
1233,2021-10-18 06:05:08,31150.0,300.0,454800.0
1234,2021-10-18 06:05:08,31150.0,1000.0,454500.0
1235,2021-10-18 06:05:08,31150.0,500.0,453500.0
1236,2021-10-18 06:05:08,31150.0,2500.0,453000.0
1237,2021-10-18 06:04:54,31200.0,100.0,450500.0
1238,2021-10-18 06:04:47,31200.0,600.0,450400.0
1239,2021-10-18 06:04:47,31200.0,400.0,449800.0
1240,2021-10-18 06:04:34,31200.0,200.0,449400.0
1241,2021-10-18 06:04:29,31200.0,200.0,449200.0
1242,2021-10-18 06:04:22,31200.0,1000.0,449000.0
1243,2021-10-18 06:03:50,31200.0,200.0,448000.0
1244,2021-10-18 06:03:27,31200.0,2000.0,447800.0
1245,2021-10-18 06:03:00,31200.0,500.0,445800.0
1246,2021-10-18 06:02:17,31200.0,500.0,445300.0
1247,2021-10-18 06:02:13,31150.0,500.0,444800.0
1248,2021-10-18 06:02:13,31150.0,5000.0,444300.0
1249,2021-10-18 06:02:13,31150.0,5000.0,439300.0
1250,2021-10-18 06:02:13,31200.0,500.0,434300.0
1251,2021-10-18 06:02:13,31200.0,500.0,433800.0
1252,2021-10-18 06:02:13,31200.0,200.0,433300.0
1253,2021-10-18 06:02:13,31200.0,300.0,433100.0
1254,2021-10-18 06:02:13,31200.0,300.0,432800.0
1255,2021-10-18 06:02:13,31200.0,500.0,432500.0
1256,2021-10-18 06:02:13,31200.0,100.0,432000.0
1257,2021-10-18 06:02:13,31200.0,100.0,431900.0
1258,2021-10-18 06:01:36,31200.0,100.0,431800.0
1259,2021-10-18 06:00:56,31200.0,5000.0,431700.0
1260,2021-10-18 06:00:30,31200.0,1700.0,426700.0
1261,2021-10-18 06:00:21,31200.0,400.0,425000.0
1262,2021-10-18 06:00:21,31200.0,1000.0,424600.0
1263,2021-10-18 06:00:19,31200.0,500.0,423600.0
1264,2021-10-18 06:00:18,31200.0,1400.0,423100.0
1265,2021-10-18 06:00:18,31200.0,2000.0,421700.0
1266,2021-10-18 06:00:18,31200.0,1600.0,419700.0
1267,2021-10-18 06:00:16,31200.0,1500.0,418100.0
1268,2021-10-18 06:00:06,31200.0,500.0,416600.0
1269,2021-10-18 06:00:01,31200.0,100.0,416100.0
1270,2021-10-18 06:00:01,31200.0,500.0,416000.0
1271,2021-10-18 06:00:01,31200.0,400.0,415500.0
1272,2021-10-18 06:00:00,31200.0,100.0,415100.0
1273,2021-10-18 04:29:38,31200.0,1000.0,415000.0
1274,2021-10-18 04:27:56,31200.0,900.0,414000.0
1275,2021-10-18 04:27:56,31200.0,100.0,413100.0
1276,2021-10-18 04:26:15,31150.0,600.0,413000.0
1277,2021-10-18 04:26:15,31150.0,200.0,412400.0
1278,2021-10-18 04:26:15,31150.0,500.0,412200.0
1279,2021-10-18 04:26:15,31150.0,2400.0,411700.0
1280,2021-10-18 04:25:34,31150.0,2600.0,409300.0
1281,2021-10-18 04:25:34,31150.0,2000.0,406700.0
1282,2021-10-18 04:25:34,31150.0,100.0,404700.0
1283,2021-10-18 04:25:34,31150.0,1000.0,404600.0
1284,2021-10-18 04:25:34,31150.0,3400.0,403600.0
1285,2021-10-18 04:25:34,31200.0,100.0,400200.0
1286,2021-10-18 04:25:34,31200.0,800.0,400100.0
1287,2021-10-18 04:22:13,31200.0,800.0,399300.0
1288,2021-10-18 04:22:13,31200.0,100.0,398500.0
1289,2021-10-18 04:22:13,31200.0,1900.0,398400.0
1290,2021-10-18 04:22:13,31200.0,300.0,396500.0
1291,2021-10-18 04:17:39,31200.0,100.0,396200.0
1292,2021-10-18 04:17:39,31200.0,800.0,396100.0
1293,2021-10-18 04:17:39,31200.0,300.0,395300.0
1294,2021-10-18 04:17:39,31200.0,3300.0,395000.0
1295,2021-10-18 04:17:07,31200.0,100.0,391700.0
1296,2021-10-18 04:16:45,31200.0,1600.0,391600.0
1297,2021-10-18 04:16:45,31200.0,300.0,390000.0
1298,2021-10-18 04:16:45,31200.0,2000.0,389700.0
1299,2021-10-18 04:14:58,31250.0,100.0,387700.0
1300,2021-10-18 04:13:37,31250.0,1000.0,387600.0
1301,2021-10-18 04:13:24,31250.0,3500.0,386600.0
1302,2021-10-18 04:13:24,31250.0,300.0,383100.0
1303,2021-10-18 04:13:24,31250.0,1000.0,382800.0
1304,2021-10-18 04:13:24,31250.0,200.0,381800.0
1305,2021-10-18 04:12:39,31250.0,9800.0,381600.0
1306,2021-10-18 04:12:39,31250.0,200.0,371800.0
1307,2021-10-18 04:12:32,31250.0,1400.0,371600.0
1308,2021-10-18 04:12:32,31250.0,1000.0,370200.0
1309,2021-10-18 04:12:32,31200.0,7600.0,369200.0
1310,2021-10-18 04:12:02,31200.0,2000.0,361600.0
1311,2021-10-18 04:12:02,31200.0,400.0,359600.0
1312,2021-10-18 04:10:46,31200.0,600.0,359200.0
1313,2021-10-18 04:10:39,31200.0,900.0,358600.0
1314,2021-10-18 04:10:39,31200.0,100.0,357700.0
1315,2021-10-18 04:10:39,31200.0,1900.0,357600.0
1316,2021-10-18 04:10:39,31200.0,1100.0,355700.0
1317,2021-10-18 04:08:39,31150.0,100.0,354600.0
1318,2021-10-18 04:08:09,31150.0,1500.0,354500.0
1319,2021-10-18 04:08:09,31150.0,1700.0,353000.0
1320,2021-10-18 04:07:53,31150.0,2000.0,351300.0
1321,2021-10-18 04:07:11,31150.0,100.0,349300.0
1322,2021-10-18 04:06:52,31150.0,200.0,349200.0
1323,2021-10-18 04:04:44,31150.0,1000.0,349000.0
1324,2021-10-18 04:04:10,31200.0,200.0,348000.0
1325,2021-10-18 04:01:32,31100.0,5500.0,347800.0
1326,2021-10-18 04:01:12,31100.0,1500.0,342300.0
1327,2021-10-18 04:01:12,31100.0,200.0,340800.0
1328,2021-10-18 04:01:12,31100.0,1600.0,340600.0
1329,2021-10-18 04:01:12,31150.0,500.0,339000.0
1330,2021-10-18 04:01:12,31150.0,700.0,338500.0
1331,2021-10-18 04:01:01,31150.0,300.0,337800.0
1332,2021-10-18 04:00:22,31150.0,900.0,337500.0
1333,2021-10-18 04:00:01,31150.0,1100.0,336600.0
1334,2021-10-18 04:00:01,31150.0,3000.0,335500.0
1335,2021-10-18 03:59:30,31150.0,2000.0,332500.0
1336,2021-10-18 03:59:30,31150.0,2100.0,330500.0
1337,2021-10-18 03:58:10,31150.0,1200.0,328400.0
1338,2021-10-18 03:56:19,31150.0,700.0,327200.0
1339,2021-10-18 03:56:19,31150.0,100.0,326500.0
1340,2021-10-18 03:56:19,31150.0,900.0,326400.0
1341,2021-10-18 03:55:57,31150.0,100.0,325500.0
1342,2021-10-18 03:55:57,31150.0,2000.0,325400.0
1343,2021-10-18 03:55:57,31150.0,2000.0,323400.0
1344,2021-10-18 03:55:44,31150.0,2800.0,321400.0
1345,2021-10-18 03:55:16,31150.0,200.0,318600.0
1346,2021-10-18 03:54:23,31100.0,200.0,318400.0
1347,2021-10-18 03:54:09,31100.0,200.0,318200.0
1348,2021-10-18 03:54:09,31150.0,2000.0,318000.0
1349,2021-10-18 03:54:09,31150.0,1000.0,316000.0
1350,2021-10-18 03:54:09,31150.0,1000.0,315000.0
1351,2021-10-18 03:54:09,31150.0,100.0,314000.0
1352,2021-10-18 03:54:09,31150.0,1000.0,313900.0
1353,2021-10-18 03:54:09,31150.0,3400.0,312900.0
1354,2021-10-18 03:53:22,31150.0,5800.0,309500.0
1355,2021-10-18 03:53:12,31200.0,1800.0,303700.0
1356,2021-10-18 03:53:12,31200.0,300.0,301900.0
1357,2021-10-18 03:53:12,31200.0,2900.0,301600.0
1358,2021-10-18 03:53:01,31150.0,1800.0,298700.0
1359,2021-10-18 03:53:01,31150.0,2700.0,296900.0
1360,2021-10-18 03:52:22,31200.0,1000.0,294200.0
1361,2021-10-18 03:52:19,31150.0,100.0,293200.0
1362,2021-10-18 03:52:05,31200.0,100.0,293100.0
1363,2021-10-18 03:52:05,31200.0,200.0,293000.0
1364,2021-10-18 03:50:53,31200.0,2000.0,292800.0
1365,2021-10-18 03:48:46,31200.0,2300.0,290800.0
1366,2021-10-18 03:48:44,31200.0,700.0,288500.0
1367,2021-10-18 03:48:27,31200.0,5000.0,287800.0
1368,2021-10-18 03:47:59,31200.0,2700.0,282800.0
1369,2021-10-18 03:47:47,31200.0,300.0,280100.0
1370,2021-10-18 03:47:45,31150.0,200.0,279800.0
1371,2021-10-18 03:47:45,31150.0,1800.0,279600.0
1372,2021-10-18 03:45:18,31150.0,200.0,277800.0
1373,2021-10-18 03:44:43,31150.0,5700.0,277600.0
1374,2021-10-18 03:44:25,31150.0,2300.0,271900.0
1375,2021-10-18 03:44:25,31150.0,400.0,269600.0
1376,2021-10-18 03:44:25,31200.0,500.0,269200.0
1377,2021-10-18 03:44:25,31200.0,600.0,268700.0
1378,2021-10-18 03:44:25,31200.0,3100.0,268100.0
1379,2021-10-18 03:43:21,31250.0,200.0,265000.0
1380,2021-10-18 03:41:32,31200.0,200.0,264800.0
1381,2021-10-18 03:41:10,31200.0,1500.0,264600.0
1382,2021-10-18 03:41:10,31200.0,200.0,263100.0
1383,2021-10-18 03:40:54,31200.0,200.0,262900.0
1384,2021-10-18 03:39:38,31150.0,600.0,262700.0
1385,2021-10-18 03:39:38,31150.0,500.0,262100.0
1386,2021-10-18 03:39:38,31150.0,200.0,261600.0
1387,2021-10-18 03:39:38,31150.0,1000.0,261400.0
1388,2021-10-18 03:39:38,31150.0,1600.0,260400.0
1389,2021-10-18 03:39:38,31150.0,500.0,258800.0
1390,2021-10-18 03:39:38,31150.0,1000.0,258300.0
1391,2021-10-18 03:39:38,31150.0,100.0,257300.0
1392,2021-10-18 03:39:38,31200.0,500.0,257200.0
1393,2021-10-18 03:38:44,31200.0,100.0,256700.0
1394,2021-10-18 03:38:44,31200.0,2800.0,256600.0
1395,2021-10-18 03:38:44,31200.0,1600.0,253800.0
1396,2021-10-18 03:38:19,31200.0,200.0,252200.0
1397,2021-10-18 03:38:14,31200.0,300.0,252000.0
1398,2021-10-18 03:38:11,31200.0,1100.0,251700.0
1399,2021-10-18 03:38:11,31200.0,200.0,250600.0
1400,2021-10-18 03:38:11,31200.0,1000.0,250400.0
1401,2021-10-18 03:38:11,31200.0,100.0,249400.0
1402,2021-10-18 03:38:11,31200.0,500.0,249300.0
1403,2021-10-18 03:38:03,31200.0,1000.0,248800.0
1404,2021-10-18 03:38:03,31200.0,9500.0,247800.0
1405,2021-10-18 03:38:03,31200.0,4000.0,238300.0
1406,2021-10-18 03:38:03,31200.0,100.0,234300.0
1407,2021-10-18 03:38:03,31200.0,100.0,234200.0
1408,2021-10-18 03:37:13,31200.0,500.0,234100.0
1409,2021-10-18 03:37:13,31200.0,100.0,233600.0
1410,2021-10-18 03:37:13,31200.0,500.0,233500.0
1411,2021-10-18 03:37:13,31200.0,100.0,233000.0
1412,2021-10-18 03:37:13,31200.0,5600.0,232900.0
1413,2021-10-18 03:36:23,31250.0,600.0,227300.0
1414,2021-10-18 03:35:47,31300.0,200.0,226700.0
1415,2021-10-18 03:35:47,31300.0,1000.0,226500.0
1416,2021-10-18 03:35:47,31300.0,1900.0,225500.0
1417,2021-10-18 03:35:15,31300.0,2600.0,223600.0
1418,2021-10-18 03:34:37,31300.0,2000.0,221000.0
1419,2021-10-18 03:34:29,31300.0,3500.0,219000.0
1420,2021-10-18 03:34:08,31300.0,1500.0,215500.0
1421,2021-10-18 03:34:01,31300.0,500.0,214000.0
1422,2021-10-18 03:33:59,31300.0,1000.0,213500.0
1423,2021-10-18 03:33:59,31300.0,8500.0,212500.0
1424,2021-10-18 03:33:35,31300.0,1000.0,204000.0
1425,2021-10-18 03:33:35,31300.0,2000.0,203000.0
1426,2021-10-18 03:31:07,31350.0,1500.0,201000.0
1427,2021-10-18 03:30:27,31350.0,700.0,199500.0
1428,2021-10-18 03:30:12,31350.0,1300.0,198800.0
1429,2021-10-18 03:29:54,31350.0,3000.0,197500.0
1430,2021-10-18 03:29:45,31350.0,700.0,194500.0
1431,2021-10-18 03:29:45,31300.0,4000.0,193800.0
1432,2021-10-18 03:29:45,31300.0,2300.0,189800.0
1433,2021-10-18 03:29:20,31300.0,100.0,187500.0
1434,2021-10-18 03:28:35,31300.0,1000.0,187400.0
1435,2021-10-18 03:28:10,31300.0,1000.0,186400.0
1436,2021-10-18 03:28:10,31300.0,100.0,185400.0
1437,2021-10-18 03:28:10,31300.0,500.0,185300.0
1438,2021-10-18 03:27:34,31300.0,700.0,184800.0
1439,2021-10-18 03:27:19,31300.0,1400.0,184100.0
1440,2021-10-18 03:27:00,31300.0,4300.0,182700.0
1441,2021-10-18 03:26:26,31300.0,1000.0,178400.0
1442,2021-10-18 03:24:04,31200.0,100.0,177400.0
1443,2021-10-18 03:22:07,31200.0,500.0,177300.0
1444,2021-10-18 03:21:46,31200.0,200.0,176800.0
1445,2021-10-18 03:21:33,31200.0,1800.0,176600.0
1446,2021-10-18 03:21:27,31200.0,300.0,174800.0
1447,2021-10-18 03:21:27,31200.0,200.0,174500.0
1448,2021-10-18 03:19:35,31400.0,600.0,174300.0
1449,2021-10-18 03:19:35,31350.0,3000.0,173700.0
1450,2021-10-18 03:19:35,31350.0,5000.0,170700.0
1451,2021-10-18 03:19:35,31300.0,1000.0,165700.0
1452,2021-10-18 03:19:35,31200.0,300.0,164700.0
1453,2021-10-18 03:19:35,31200.0,100.0,164400.0
1454,2021-10-18 03:17:43,31150.0,300.0,164300.0
1455,2021-10-18 03:17:41,31200.0,800.0,164000.0
1456,2021-10-18 03:17:11,31150.0,2100.0,163200.0
1457,2021-10-18 03:17:05,31150.0,2500.0,161100.0
1458,2021-10-18 03:16:58,31150.0,300.0,158600.0
1459,2021-10-18 03:16:43,31150.0,1000.0,158300.0
1460,2021-10-18 03:16:08,31150.0,1000.0,157300.0
1461,2021-10-18 03:15:27,31150.0,200.0,156300.0
1462,2021-10-18 03:14:44,31150.0,500.0,156100.0
1463,2021-10-18 03:11:11,31150.0,2500.0,155600.0
1464,2021-10-18 03:11:11,31150.0,500.0,153100.0
1465,2021-10-18 03:10:53,31150.0,300.0,152600.0
1466,2021-10-18 03:10:29,31150.0,200.0,152300.0
1467,2021-10-18 03:10:27,31100.0,200.0,152100.0
1468,2021-10-18 03:10:27,31100.0,500.0,151900.0
1469,2021-10-18 03:10:27,31100.0,100.0,151400.0
1470,2021-10-18 03:10:27,31100.0,100.0,151300.0
1471,2021-10-18 03:10:27,31100.0,1000.0,151200.0
1472,2021-10-18 03:10:27,31100.0,800.0,150200.0
1473,2021-10-18 03:10:27,31100.0,1000.0,149400.0
1474,2021-10-18 03:10:27,31100.0,100.0,148400.0
1475,2021-10-18 03:10:27,31100.0,4500.0,148300.0
1476,2021-10-18 03:09:15,31100.0,200.0,143800.0
1477,2021-10-18 03:09:15,31150.0,100.0,143600.0
1478,2021-10-18 03:09:05,31150.0,1100.0,143500.0
1479,2021-10-18 03:08:52,31150.0,900.0,142400.0
1480,2021-10-18 03:08:39,31200.0,500.0,141500.0
1481,2021-10-18 03:08:34,31200.0,100.0,141000.0
1482,2021-10-18 03:08:34,31200.0,200.0,140900.0
1483,2021-10-18 03:08:34,31200.0,800.0,140700.0
1484,2021-10-18 03:08:34,31200.0,500.0,139900.0
1485,2021-10-18 03:03:13,31200.0,3000.0,139400.0
1486,2021-10-18 03:02:55,31100.0,300.0,136400.0
1487,2021-10-18 03:02:44,31200.0,100.0,136100.0
1488,2021-10-18 03:01:30,31200.0,600.0,136000.0
1489,2021-10-18 03:01:30,31200.0,300.0,135400.0
1490,2021-10-18 03:01:30,31200.0,700.0,135100.0
1491,2021-10-18 03:01:30,31300.0,400.0,134400.0
1492,2021-10-18 03:01:11,31200.0,300.0,134000.0
1493,2021-10-18 03:01:11,31200.0,400.0,133700.0
1494,2021-10-18 03:01:11,31200.0,300.0,133300.0
1495,2021-10-18 02:59:35,31200.0,700.0,133000.0
1496,2021-10-18 02:59:35,31200.0,200.0,132300.0
1497,2021-10-18 02:59:35,31200.0,1600.0,132100.0
1498,2021-10-18 02:58:10,31200.0,10000.0,130500.0
1499,2021-10-18 02:57:45,31300.0,700.0,120500.0
1500,2021-10-18 02:57:30,31300.0,300.0,119800.0
1501,2021-10-18 02:56:57,31300.0,10000.0,119500.0
1502,2021-10-18 02:56:57,31300.0,200.0,109500.0
1503,2021-10-18 02:56:57,31300.0,1000.0,109300.0
1504,2021-10-18 02:56:57,31300.0,500.0,108300.0
1505,2021-10-18 02:56:57,31300.0,2000.0,107800.0
1506,2021-10-18 02:56:57,31300.0,100.0,105800.0
1507,2021-10-18 02:56:57,31300.0,300.0,105700.0
1508,2021-10-18 02:56:57,31300.0,100.0,105400.0
1509,2021-10-18 02:56:57,31300.0,200.0,105300.0
1510,2021-10-18 02:56:57,31300.0,300.0,105100.0
1511,2021-10-18 02:56:36,31300.0,200.0,104800.0
1512,2021-10-18 02:56:36,31300.0,300.0,104600.0
1513,2021-10-18 02:56:36,31300.0,200.0,104300.0
1514,2021-10-18 02:56:36,31300.0,1300.0,104100.0
1515,2021-10-18 02:55:10,31300.0,200.0,102800.0
1516,2021-10-18 02:54:35,31300.0,400.0,102600.0
1517,2021-10-18 02:53:48,31400.0,1000.0,102200.0
1518,2021-10-18 02:51:23,31400.0,100.0,101200.0
1519,2021-10-18 02:51:23,31400.0,800.0,101100.0
1520,2021-10-18 02:50:55,31400.0,100.0,100300.0
1521,2021-10-18 02:50:55,31400.0,600.0,100200.0
1522,2021-10-18 02:50:17,31400.0,3400.0,99600.0
1523,2021-10-18 02:50:17,31400.0,100.0,96200.0
1524,2021-10-18 02:50:17,31400.0,1500.0,96100.0
1525,2021-10-18 02:50:09,31300.0,3000.0,94600.0
1526,2021-10-18 02:50:04,31300.0,1000.0,91600.0
1527,2021-10-18 02:49:21,31400.0,100.0,90600.0
1528,2021-10-18 02:49:21,31400.0,5000.0,90500.0
1529,2021-10-18 02:49:21,31400.0,3400.0,85500.0
1530,2021-10-18 02:49:14,31400.0,2000.0,82100.0
1531,2021-10-18 02:48:11,31400.0,4000.0,80100.0
1532,2021-10-18 02:48:11,31400.0,4600.0,76100.0
1533,2021-10-18 02:47:47,31400.0,10000.0,71500.0
1534,2021-10-18 02:45:44,31300.0,400.0,61500.0
1535,2021-10-18 02:45:14,31400.0,5000.0,61100.0
1536,2021-10-18 02:45:14,31400.0,400.0,56100.0
1537,2021-10-18 02:45:03,31400.0,100.0,55700.0
1538,2021-10-18 02:45:03,31400.0,100.0,55600.0
1539,2021-10-18 02:44:27,31450.0,300.0,55500.0
1540,2021-10-18 02:42:23,31450.0,500.0,55200.0
1541,2021-10-18 02:41:14,31450.0,1100.0,54700.0
1542,2021-10-18 02:41:13,31450.0,200.0,53600.0
1543,2021-10-18 02:41:13,31450.0,300.0,53400.0
1544,2021-10-18 02:41:07,31450.0,200.0,53100.0
1545,2021-10-18 02:41:07,31450.0,300.0,52900.0
1546,2021-10-18 02:39:58,31500.0,1000.0,52600.0
1547,2021-10-18 02:39:42,31500.0,200.0,51600.0
1548,2021-10-18 02:39:41,31500.0,500.0,51400.0
1549,2021-10-18 02:37:43,31500.0,1000.0,50900.0
1550,2021-10-18 02:37:03,31500.0,100.0,49900.0
1551,2021-10-18 02:36:58,31500.0,100.0,49800.0
1552,2021-10-18 02:36:58,31500.0,800.0,49700.0
1553,2021-10-18 02:35:26,31500.0,1000.0,48900.0
1554,2021-10-18 02:34:43,31450.0,200.0,47900.0
1555,2021-10-18 02:34:16,31450.0,1000.0,47700.0
1556,2021-10-18 02:34:16,31450.0,2400.0,46700.0
1557,2021-10-18 02:34:16,31450.0,1600.0,44300.0
1558,2021-10-18 02:33:56,31450.0,6500.0,42700.0
1559,2021-10-18 02:33:41,31500.0,200.0,36200.0
1560,2021-10-18 02:32:53,31450.0,900.0,36000.0
1561,2021-10-18 02:32:53,31450.0,200.0,35100.0
1562,2021-10-18 02:32:53,31450.0,2000.0,34900.0
1563,2021-10-18 02:32:53,31450.0,900.0,32900.0
1564,2021-10-18 02:32:50,31450.0,800.0,32000.0
1565,2021-10-18 02:31:59,31450.0,300.0,31200.0
1566,2021-10-18 02:29:46,31400.0,2600.0,30900.0
1567,2021-10-18 02:29:46,31400.0,200.0,28300.0
1568,2021-10-18 02:29:46,31400.0,200.0,28100.0
1569,2021-10-18 02:29:27,31400.0,1000.0,27900.0
1570,2021-10-18 02:29:27,31400.0,200.0,26900.0
1571,2021-10-18 02:29:27,31400.0,1800.0,26700.0
1572,2021-10-18 02:28:49,31400.0,500.0,24900.0
1573,2021-10-18 02:28:40,31400.0,1000.0,24400.0
1574,2021-10-18 02:28:40,31400.0,100.0,23400.0
1575,2021-10-18 02:27:39,31300.0,2600.0,23300.0
1576,2021-10-18 02:27:29,31300.0,900.0,20700.0
1577,2021-10-18 02:27:29,31300.0,1500.0,19800.0
1578,2021-10-18 02:27:11,31300.0,500.0,18300.0
1579,2021-10-18 02:26:39,31300.0,500.0,17800.0
1580,2021-10-18 02:25:01,31200.0,500.0,17300.0
1581,2021-10-18 02:25:01,31200.0,1400.0,16800.0
1582,2021-10-18 02:25:01,31200.0,100.0,15400.0
1583,2021-10-18 02:25:01,31200.0,200.0,15300.0
1584,2021-10-18 02:25:01,31200.0,1100.0,15100.0
1585,2021-10-18 02:23:32,31000.0,100.0,14000.0
1586,2021-10-18 02:23:32,31000.0,300.0,13900.0
1587,2021-10-18 02:23:32,31000.0,100.0,13600.0
1588,2021-10-18 02:23:01,31000.0,700.0,13500.0
1589,2021-10-18 02:23:01,31000.0,300.0,12800.0
1590,2021-10-18 02:23:01,31050.0,2500.0,12500.0
1591,2021-10-18 02:23:01,31100.0,100.0,10000.0
1592,2021-10-18 02:23:01,31100.0,700.0,9900.0
1593,2021-10-18 02:23:01,31100.0,200.0,9200.0
1594,2021-10-18 02:22:22,31200.0,100.0,9000.0
1595,2021-10-18 02:22:22,31200.0,800.0,8900.0
1596,2021-10-18 02:21:50,31200.0,200.0,8100.0
1597,2021-10-18 02:21:16,31300.0,500.0,7900.0
1598,2021-10-18 02:21:16,31300.0,100.0,7400.0
1599,2021-10-18 02:21:16,31300.0,100.0,7300.0
1600,2021-10-18 02:21:16,31300.0,300.0,7200.0
1601,2021-10-18 02:20:28,31400.0,300.0,6900.0
1602,2021-10-18 02:19:14,31400.0,1000.0,6600.0
1603,2021-10-18 02:17:28,31400.0,500.0,5600.0
1604,2021-10-18 02:17:16,31400.0,200.0,5100.0
1605,2021-10-18 02:16:36,31400.0,300.0,4900.0
1606,2021-10-18 02:15:12,31400.0,1000.0,4600.0
1607,2021-10-18 02:15:12,31400.0,200.0,3600.0
1608,2021-10-18 02:15:12,31400.0,1800.0,3400.0
1609,2021-10-18 02:15:01,31400.0,100.0,1600.0
1610,2021-10-18 02:15:01,31400.0,200.0,1500.0
1611,2021-10-18 02:15:01,31400.0,200.0,1300.0
1612,2021-10-18 02:15:01,31400.0,200.0,1100.0
1613,2021-10-18 02:15:01,31400.0,100.0,900.0
1614,2021-10-18 02:15:01,31400.0,400.0,800.0
1615,2021-10-18 02:15:01,31400.0,200.0,400.0
1616,2021-10-18 02:15:01,31400.0,200.0,200.0
