,Time,Price,Volume_per_trade,Volume
0,2021-10-08 07:45:00,30500.0,2000.0,1100700.0
1,2021-10-08 07:45:00,30500.0,2000.0,1098700.0
2,2021-10-08 07:45:00,30500.0,400.0,1096700.0
3,2021-10-08 07:45:00,30500.0,1000.0,1096300.0
4,2021-10-08 07:45:00,30500.0,200.0,1095300.0
5,2021-10-08 07:45:00,30500.0,3000.0,1095100.0
6,2021-10-08 07:45:00,30500.0,1300.0,1092100.0
7,2021-10-08 07:45:00,30500.0,100.0,1090800.0
8,2021-10-08 07:45:00,30500.0,1500.0,1090700.0
9,2021-10-08 07:45:00,30500.0,8000.0,1089200.0
10,2021-10-08 07:45:00,30500.0,100.0,1081200.0
11,2021-10-08 07:45:00,30500.0,100.0,1081100.0
12,2021-10-08 07:45:00,30500.0,300.0,1081000.0
13,2021-10-08 07:45:00,30500.0,200.0,1080700.0
14,2021-10-08 07:45:00,30500.0,300.0,1080500.0
15,2021-10-08 07:45:00,30500.0,800.0,1080200.0
16,2021-10-08 07:45:00,30500.0,100.0,1079400.0
17,2021-10-08 07:45:00,30500.0,3800.0,1079300.0
18,2021-10-08 07:45:00,30500.0,200.0,1075500.0
19,2021-10-08 07:45:00,30500.0,1500.0,1075300.0
20,2021-10-08 07:45:00,30500.0,500.0,1073800.0
21,2021-10-08 07:45:00,30500.0,1000.0,1073300.0
22,2021-10-08 07:45:00,30500.0,500.0,1072300.0
23,2021-10-08 07:45:00,30500.0,1100.0,1071800.0
24,2021-10-08 07:45:00,30500.0,700.0,1070700.0
25,2021-10-08 07:45:00,30500.0,400.0,1070000.0
26,2021-10-08 07:45:00,30500.0,1100.0,1069600.0
27,2021-10-08 07:45:00,30500.0,200.0,1068500.0
28,2021-10-08 07:45:00,30500.0,300.0,1068300.0
29,2021-10-08 07:45:00,30500.0,400.0,1068000.0
30,2021-10-08 07:45:00,30500.0,100.0,1067600.0
31,2021-10-08 07:45:00,30500.0,400.0,1067500.0
32,2021-10-08 07:45:00,30500.0,100.0,1067100.0
33,2021-10-08 07:45:00,30500.0,2000.0,1067000.0
34,2021-10-08 07:45:00,30500.0,100.0,1065000.0
35,2021-10-08 07:45:00,30500.0,400.0,1064900.0
36,2021-10-08 07:29:56,30600.0,1300.0,1064500.0
37,2021-10-08 07:29:33,30550.0,400.0,1063200.0
38,2021-10-08 07:29:33,30550.0,500.0,1062800.0
39,2021-10-08 07:29:33,30550.0,100.0,1062300.0
40,2021-10-08 07:29:25,30550.0,2900.0,1062200.0
41,2021-10-08 07:29:25,30550.0,100.0,1059300.0
42,2021-10-08 07:29:25,30550.0,900.0,1059200.0
43,2021-10-08 07:29:22,30600.0,500.0,1058300.0
44,2021-10-08 07:29:22,30600.0,500.0,1057800.0
45,2021-10-08 07:29:22,30600.0,600.0,1057300.0
46,2021-10-08 07:29:22,30600.0,2500.0,1056700.0
47,2021-10-08 07:29:22,30600.0,100.0,1054200.0
48,2021-10-08 07:29:22,30600.0,900.0,1054100.0
49,2021-10-08 07:29:22,30600.0,1000.0,1053200.0
50,2021-10-08 07:29:22,30600.0,100.0,1052200.0
51,2021-10-08 07:29:22,30600.0,1000.0,1052100.0
52,2021-10-08 07:29:22,30600.0,100.0,1051100.0
53,2021-10-08 07:29:22,30600.0,200.0,1051000.0
54,2021-10-08 07:29:22,30600.0,100.0,1050800.0
55,2021-10-08 07:29:22,30600.0,9400.0,1050700.0
56,2021-10-08 07:29:20,30550.0,4100.0,1041300.0
57,2021-10-08 07:29:20,30550.0,400.0,1037200.0
58,2021-10-08 07:29:06,30550.0,1000.0,1036800.0
59,2021-10-08 07:29:01,30550.0,1900.0,1035800.0
60,2021-10-08 07:29:01,30550.0,100.0,1033900.0
61,2021-10-08 07:28:02,30550.0,100.0,1033800.0
62,2021-10-08 07:26:53,30550.0,300.0,1033700.0
63,2021-10-08 07:26:04,30550.0,100.0,1033400.0
64,2021-10-08 07:25:00,30600.0,200.0,1033300.0
65,2021-10-08 07:24:26,30600.0,100.0,1033100.0
66,2021-10-08 07:24:22,30600.0,300.0,1033000.0
67,2021-10-08 07:24:22,30600.0,600.0,1032700.0
68,2021-10-08 07:24:22,30600.0,300.0,1032100.0
69,2021-10-08 07:24:22,30600.0,500.0,1031800.0
70,2021-10-08 07:24:22,30600.0,300.0,1031300.0
71,2021-10-08 07:24:10,30600.0,200.0,1031000.0
72,2021-10-08 07:23:46,30600.0,100.0,1030800.0
73,2021-10-08 07:23:04,30600.0,100.0,1030700.0
74,2021-10-08 07:23:04,30600.0,200.0,1030600.0
75,2021-10-08 07:22:56,30550.0,700.0,1030400.0
76,2021-10-08 07:22:47,30550.0,200.0,1029700.0
77,2021-10-08 07:22:47,30550.0,800.0,1029500.0
78,2021-10-08 07:22:45,30550.0,200.0,1028700.0
79,2021-10-08 07:22:31,30550.0,300.0,1028500.0
80,2021-10-08 07:22:31,30550.0,200.0,1028200.0
81,2021-10-08 07:21:38,30550.0,2000.0,1028000.0
82,2021-10-08 07:21:25,30550.0,1100.0,1026000.0
83,2021-10-08 07:21:25,30550.0,700.0,1024900.0
84,2021-10-08 07:20:40,30550.0,200.0,1024200.0
85,2021-10-08 07:20:39,30550.0,100.0,1024000.0
86,2021-10-08 07:20:39,30550.0,1000.0,1023900.0
87,2021-10-08 07:20:36,30550.0,100.0,1022900.0
88,2021-10-08 07:20:31,30550.0,900.0,1022800.0
89,2021-10-08 07:20:31,30550.0,400.0,1021900.0
90,2021-10-08 07:20:26,30550.0,400.0,1021500.0
91,2021-10-08 07:20:16,30550.0,500.0,1021100.0
92,2021-10-08 07:20:05,30500.0,1500.0,1020600.0
93,2021-10-08 07:20:05,30500.0,300.0,1019100.0
94,2021-10-08 07:20:05,30500.0,1000.0,1018800.0
95,2021-10-08 07:20:05,30500.0,1200.0,1017800.0
96,2021-10-08 07:19:56,30550.0,500.0,1016600.0
97,2021-10-08 07:19:45,30550.0,100.0,1016100.0
98,2021-10-08 07:19:29,30550.0,400.0,1016000.0
99,2021-10-08 07:18:45,30600.0,100.0,1015600.0
100,2021-10-08 07:18:30,30500.0,1800.0,1015500.0
101,2021-10-08 07:18:30,30550.0,200.0,1013700.0
102,2021-10-08 07:18:20,30550.0,300.0,1013500.0
103,2021-10-08 07:18:16,30550.0,100.0,1013200.0
104,2021-10-08 07:18:16,30550.0,1000.0,1013100.0
105,2021-10-08 07:18:16,30550.0,600.0,1012100.0
106,2021-10-08 07:18:03,30550.0,100.0,1011500.0
107,2021-10-08 07:18:03,30550.0,2300.0,1011400.0
108,2021-10-08 07:18:01,30550.0,200.0,1009100.0
109,2021-10-08 07:18:01,30550.0,500.0,1008900.0
110,2021-10-08 07:18:01,30550.0,300.0,1008400.0
111,2021-10-08 07:17:42,30550.0,100.0,1008100.0
112,2021-10-08 07:16:38,30550.0,1000.0,1008000.0
113,2021-10-08 07:16:25,30550.0,600.0,1007000.0
114,2021-10-08 07:16:25,30550.0,300.0,1006400.0
115,2021-10-08 07:16:25,30550.0,100.0,1006100.0
116,2021-10-08 07:14:56,30550.0,800.0,1006000.0
117,2021-10-08 07:14:36,30550.0,800.0,1005200.0
118,2021-10-08 07:14:32,30500.0,100.0,1004400.0
119,2021-10-08 07:13:51,30500.0,1900.0,1004300.0
120,2021-10-08 07:13:51,30500.0,100.0,1002400.0
121,2021-10-08 07:13:40,30500.0,200.0,1002300.0
122,2021-10-08 07:13:40,30500.0,3700.0,1002100.0
123,2021-10-08 07:13:12,30500.0,1000.0,998400.0
124,2021-10-08 07:12:55,30500.0,300.0,997400.0
125,2021-10-08 07:12:34,30500.0,100.0,997100.0
126,2021-10-08 07:12:26,30500.0,100.0,997000.0
127,2021-10-08 07:12:10,30500.0,100.0,996900.0
128,2021-10-08 07:12:10,30500.0,100.0,996800.0
129,2021-10-08 07:12:10,30500.0,200.0,996700.0
130,2021-10-08 07:12:10,30500.0,100.0,996500.0
131,2021-10-08 07:12:10,30500.0,600.0,996400.0
132,2021-10-08 07:12:10,30500.0,100.0,995800.0
133,2021-10-08 07:12:10,30500.0,2700.0,995700.0
134,2021-10-08 07:11:41,30450.0,100.0,993000.0
135,2021-10-08 07:10:52,30450.0,800.0,992900.0
136,2021-10-08 07:10:52,30450.0,100.0,992100.0
137,2021-10-08 07:10:52,30450.0,1100.0,992000.0
138,2021-10-08 07:10:23,30500.0,400.0,990900.0
139,2021-10-08 07:09:48,30500.0,100.0,990500.0
140,2021-10-08 07:09:42,30450.0,800.0,990400.0
141,2021-10-08 07:09:36,30500.0,800.0,989600.0
142,2021-10-08 07:09:36,30500.0,2100.0,988800.0
143,2021-10-08 07:09:36,30500.0,400.0,986700.0
144,2021-10-08 07:09:36,30500.0,4700.0,986300.0
145,2021-10-08 07:09:27,30450.0,100.0,981600.0
146,2021-10-08 07:09:27,30450.0,100.0,981500.0
147,2021-10-08 07:09:07,30450.0,400.0,981400.0
148,2021-10-08 07:09:07,30450.0,600.0,981000.0
149,2021-10-08 07:08:11,30500.0,1000.0,980400.0
150,2021-10-08 07:08:07,30450.0,400.0,979400.0
151,2021-10-08 07:08:02,30450.0,100.0,979000.0
152,2021-10-08 07:08:02,30450.0,100.0,978900.0
153,2021-10-08 07:07:19,30450.0,100.0,978800.0
154,2021-10-08 07:07:18,30400.0,100.0,978700.0
155,2021-10-08 07:07:12,30450.0,200.0,978600.0
156,2021-10-08 07:07:12,30450.0,500.0,978400.0
157,2021-10-08 07:07:09,30400.0,100.0,977900.0
158,2021-10-08 07:07:09,30400.0,100.0,977800.0
159,2021-10-08 07:07:09,30400.0,100.0,977700.0
160,2021-10-08 07:06:57,30400.0,200.0,977600.0
161,2021-10-08 07:06:57,30400.0,100.0,977400.0
162,2021-10-08 07:06:57,30400.0,500.0,977300.0
163,2021-10-08 07:06:57,30400.0,200.0,976800.0
164,2021-10-08 07:06:37,30450.0,300.0,976600.0
165,2021-10-08 07:06:37,30450.0,1500.0,976300.0
166,2021-10-08 07:06:37,30450.0,1000.0,974800.0
167,2021-10-08 07:06:37,30450.0,500.0,973800.0
168,2021-10-08 07:06:37,30450.0,100.0,973300.0
169,2021-10-08 07:06:37,30450.0,100.0,973200.0
170,2021-10-08 07:06:37,30450.0,100.0,973100.0
171,2021-10-08 07:06:37,30450.0,100.0,973000.0
172,2021-10-08 07:06:37,30450.0,5000.0,972900.0
173,2021-10-08 07:06:37,30450.0,200.0,967900.0
174,2021-10-08 07:06:37,30450.0,100.0,967700.0
175,2021-10-08 07:06:37,30450.0,400.0,967600.0
176,2021-10-08 07:06:23,30450.0,100.0,967200.0
177,2021-10-08 07:06:23,30450.0,100.0,967100.0
178,2021-10-08 07:05:54,30500.0,100.0,967000.0
179,2021-10-08 07:05:48,30450.0,100.0,966900.0
180,2021-10-08 07:05:48,30450.0,300.0,966800.0
181,2021-10-08 07:05:47,30500.0,300.0,966500.0
182,2021-10-08 07:05:01,30500.0,1000.0,966200.0
183,2021-10-08 07:04:49,30500.0,2000.0,965200.0
184,2021-10-08 07:04:49,30500.0,500.0,963200.0
185,2021-10-08 07:04:49,30500.0,300.0,962700.0
186,2021-10-08 07:04:49,30500.0,1000.0,962400.0
187,2021-10-08 07:04:49,30500.0,100.0,961400.0
188,2021-10-08 07:04:49,30500.0,2000.0,961300.0
189,2021-10-08 07:04:49,30500.0,200.0,959300.0
190,2021-10-08 07:04:49,30500.0,500.0,959100.0
191,2021-10-08 07:04:49,30500.0,1000.0,958600.0
192,2021-10-08 07:04:49,30500.0,1000.0,957600.0
193,2021-10-08 07:04:49,30500.0,2000.0,956600.0
194,2021-10-08 07:04:49,30500.0,300.0,954600.0
195,2021-10-08 07:04:49,30500.0,2000.0,954300.0
196,2021-10-08 07:04:49,30500.0,200.0,952300.0
197,2021-10-08 07:04:49,30500.0,1500.0,952100.0
198,2021-10-08 07:04:49,30500.0,1300.0,950600.0
199,2021-10-08 07:04:43,30500.0,300.0,949300.0
200,2021-10-08 07:04:36,30500.0,500.0,949000.0
201,2021-10-08 07:04:36,30500.0,100.0,948500.0
202,2021-10-08 07:04:36,30500.0,300.0,948400.0
203,2021-10-08 07:04:36,30500.0,100.0,948100.0
204,2021-10-08 07:04:36,30500.0,500.0,948000.0
205,2021-10-08 07:04:36,30500.0,100.0,947500.0
206,2021-10-08 07:04:36,30500.0,100.0,947400.0
207,2021-10-08 07:04:36,30500.0,400.0,947300.0
208,2021-10-08 07:04:36,30500.0,500.0,946900.0
209,2021-10-08 07:04:36,30500.0,1500.0,946400.0
210,2021-10-08 07:04:36,30500.0,100.0,944900.0
211,2021-10-08 07:04:36,30500.0,400.0,944800.0
212,2021-10-08 07:04:32,30550.0,100.0,944400.0
213,2021-10-08 07:04:30,30550.0,200.0,944300.0
214,2021-10-08 07:04:21,30550.0,100.0,944100.0
215,2021-10-08 07:04:19,30550.0,300.0,944000.0
216,2021-10-08 07:03:53,30550.0,100.0,943700.0
217,2021-10-08 07:03:53,30550.0,2100.0,943600.0
218,2021-10-08 07:03:50,30550.0,900.0,941500.0
219,2021-10-08 07:03:50,30550.0,100.0,940600.0
220,2021-10-08 07:03:50,30550.0,500.0,940500.0
221,2021-10-08 07:03:50,30550.0,1000.0,940000.0
222,2021-10-08 07:03:50,30550.0,2500.0,939000.0
223,2021-10-08 07:03:06,30550.0,500.0,936500.0
224,2021-10-08 07:02:54,30600.0,1000.0,936000.0
225,2021-10-08 07:02:37,30550.0,100.0,935000.0
226,2021-10-08 07:01:38,30600.0,200.0,934900.0
227,2021-10-08 07:01:07,30600.0,700.0,934700.0
228,2021-10-08 07:00:36,30600.0,100.0,934000.0
229,2021-10-08 07:00:02,30600.0,500.0,933900.0
230,2021-10-08 07:00:00,30600.0,200.0,933400.0
231,2021-10-08 06:59:55,30600.0,300.0,933200.0
232,2021-10-08 06:59:30,30600.0,200.0,932900.0
233,2021-10-08 06:59:10,30600.0,100.0,932700.0
234,2021-10-08 06:58:49,30600.0,100.0,932600.0
235,2021-10-08 06:58:36,30600.0,200.0,932500.0
236,2021-10-08 06:58:36,30600.0,600.0,932300.0
237,2021-10-08 06:58:13,30600.0,1000.0,931700.0
238,2021-10-08 06:57:45,30600.0,300.0,930700.0
239,2021-10-08 06:57:21,30600.0,300.0,930400.0
240,2021-10-08 06:57:04,30600.0,400.0,930100.0
241,2021-10-08 06:57:04,30600.0,400.0,929700.0
242,2021-10-08 06:56:40,30600.0,200.0,929300.0
243,2021-10-08 06:56:22,30600.0,1300.0,929100.0
244,2021-10-08 06:56:17,30600.0,300.0,927800.0
245,2021-10-08 06:56:17,30600.0,8400.0,927500.0
246,2021-10-08 06:55:04,30600.0,200.0,919100.0
247,2021-10-08 06:55:04,30600.0,500.0,918900.0
248,2021-10-08 06:55:04,30600.0,900.0,918400.0
249,2021-10-08 06:54:49,30600.0,1000.0,917500.0
250,2021-10-08 06:54:47,30550.0,1000.0,916500.0
251,2021-10-08 06:54:24,30600.0,1100.0,915500.0
252,2021-10-08 06:53:58,30600.0,900.0,914400.0
253,2021-10-08 06:53:01,30600.0,200.0,913500.0
254,2021-10-08 06:53:01,30600.0,500.0,913300.0
255,2021-10-08 06:51:54,30600.0,200.0,912800.0
256,2021-10-08 06:51:49,30600.0,200.0,912600.0
257,2021-10-08 06:51:43,30600.0,300.0,912400.0
258,2021-10-08 06:51:35,30600.0,400.0,912100.0
259,2021-10-08 06:51:35,30600.0,100.0,911700.0
260,2021-10-08 06:51:35,30600.0,1800.0,911600.0
261,2021-10-08 06:50:50,30600.0,300.0,909800.0
262,2021-10-08 06:50:49,30600.0,2000.0,909500.0
263,2021-10-08 06:49:46,30600.0,300.0,907500.0
264,2021-10-08 06:49:32,30550.0,100.0,907200.0
265,2021-10-08 06:49:21,30550.0,1200.0,907100.0
266,2021-10-08 06:48:16,30600.0,500.0,905900.0
267,2021-10-08 06:47:46,30550.0,200.0,905400.0
268,2021-10-08 06:47:31,30550.0,500.0,905200.0
269,2021-10-08 06:46:55,30500.0,1600.0,904700.0
270,2021-10-08 06:46:55,30550.0,700.0,903100.0
271,2021-10-08 06:46:49,30550.0,200.0,902400.0
272,2021-10-08 06:46:32,30550.0,3000.0,902200.0
273,2021-10-08 06:45:57,30550.0,1000.0,899200.0
274,2021-10-08 06:45:53,30550.0,100.0,898200.0
275,2021-10-08 06:45:29,30550.0,700.0,898100.0
276,2021-10-08 06:45:29,30550.0,200.0,897400.0
277,2021-10-08 06:45:29,30550.0,400.0,897200.0
278,2021-10-08 06:45:29,30550.0,100.0,896800.0
279,2021-10-08 06:45:29,30550.0,200.0,896700.0
280,2021-10-08 06:45:29,30550.0,1300.0,896500.0
281,2021-10-08 06:45:08,30550.0,300.0,895200.0
282,2021-10-08 06:45:08,30550.0,100.0,894900.0
283,2021-10-08 06:45:08,30550.0,100.0,894800.0
284,2021-10-08 06:45:08,30550.0,1000.0,894700.0
285,2021-10-08 06:44:14,30600.0,100.0,893700.0
286,2021-10-08 06:44:14,30600.0,2000.0,893600.0
287,2021-10-08 06:44:14,30600.0,200.0,891600.0
288,2021-10-08 06:44:14,30600.0,1500.0,891400.0
289,2021-10-08 06:44:14,30600.0,200.0,889900.0
290,2021-10-08 06:44:14,30600.0,1100.0,889700.0
291,2021-10-08 06:44:10,30600.0,500.0,888600.0
292,2021-10-08 06:43:55,30600.0,400.0,888100.0
293,2021-10-08 06:43:35,30650.0,400.0,887700.0
294,2021-10-08 06:43:25,30650.0,600.0,887300.0
295,2021-10-08 06:43:25,30650.0,400.0,886700.0
296,2021-10-08 06:42:38,30650.0,600.0,886300.0
297,2021-10-08 06:42:38,30650.0,3000.0,885700.0
298,2021-10-08 06:42:38,30650.0,100.0,882700.0
299,2021-10-08 06:42:38,30650.0,100.0,882600.0
300,2021-10-08 06:42:38,30650.0,200.0,882500.0
301,2021-10-08 06:40:55,30700.0,100.0,882300.0
302,2021-10-08 06:40:55,30700.0,100.0,882200.0
303,2021-10-08 06:40:55,30700.0,300.0,882100.0
304,2021-10-08 06:40:55,30700.0,100.0,881800.0
305,2021-10-08 06:40:55,30700.0,100.0,881700.0
306,2021-10-08 06:40:55,30700.0,200.0,881600.0
307,2021-10-08 06:40:55,30700.0,1000.0,881400.0
308,2021-10-08 06:40:55,30700.0,2000.0,880400.0
309,2021-10-08 06:40:55,30700.0,100.0,878400.0
310,2021-10-08 06:40:55,30700.0,600.0,878300.0
311,2021-10-08 06:40:55,30700.0,900.0,877700.0
312,2021-10-08 06:40:45,30700.0,1000.0,876800.0
313,2021-10-08 06:39:06,30750.0,100.0,875800.0
314,2021-10-08 06:38:32,30750.0,300.0,875700.0
315,2021-10-08 06:38:11,30750.0,200.0,875400.0
316,2021-10-08 06:38:11,30750.0,800.0,875200.0
317,2021-10-08 06:37:50,30750.0,200.0,874400.0
318,2021-10-08 06:37:50,30750.0,300.0,874200.0
319,2021-10-08 06:35:56,30750.0,1000.0,873900.0
320,2021-10-08 06:35:54,30750.0,500.0,872900.0
321,2021-10-08 06:35:44,30750.0,500.0,872400.0
322,2021-10-08 06:35:37,30750.0,2700.0,871900.0
323,2021-10-08 06:35:37,30750.0,1000.0,869200.0
324,2021-10-08 06:35:37,30750.0,300.0,868200.0
325,2021-10-08 06:35:27,30750.0,100.0,867900.0
326,2021-10-08 06:35:13,30750.0,300.0,867800.0
327,2021-10-08 06:33:32,30800.0,1800.0,867500.0
328,2021-10-08 06:33:32,30800.0,100.0,865700.0
329,2021-10-08 06:33:32,30800.0,100.0,865600.0
330,2021-10-08 06:32:27,30800.0,100.0,865500.0
331,2021-10-08 06:32:22,30800.0,100.0,865400.0
332,2021-10-08 06:31:53,30800.0,200.0,865300.0
333,2021-10-08 06:31:29,30800.0,100.0,865100.0
334,2021-10-08 06:31:01,30800.0,100.0,865000.0
335,2021-10-08 06:30:48,30800.0,100.0,864900.0
336,2021-10-08 06:30:00,30750.0,100.0,864800.0
337,2021-10-08 06:30:00,30750.0,200.0,864700.0
338,2021-10-08 06:29:56,30750.0,100.0,864500.0
339,2021-10-08 06:29:55,30750.0,1500.0,864400.0
340,2021-10-08 06:29:55,30750.0,500.0,862900.0
341,2021-10-08 06:29:55,30750.0,100.0,862400.0
342,2021-10-08 06:29:55,30750.0,200.0,862300.0
343,2021-10-08 06:29:55,30750.0,600.0,862100.0
344,2021-10-08 06:29:55,30750.0,1000.0,861500.0
345,2021-10-08 06:29:55,30750.0,1000.0,860500.0
346,2021-10-08 06:29:55,30750.0,100.0,859500.0
347,2021-10-08 06:29:32,30750.0,900.0,859400.0
348,2021-10-08 06:29:32,30750.0,100.0,858500.0
349,2021-10-08 06:29:18,30750.0,100.0,858400.0
350,2021-10-08 06:28:41,30700.0,300.0,858300.0
351,2021-10-08 06:28:25,30700.0,500.0,858000.0
352,2021-10-08 06:28:25,30700.0,1000.0,857500.0
353,2021-10-08 06:28:25,30700.0,200.0,856500.0
354,2021-10-08 06:28:25,30700.0,1000.0,856300.0
355,2021-10-08 06:28:25,30700.0,300.0,855300.0
356,2021-10-08 06:28:25,30700.0,100.0,855000.0
357,2021-10-08 06:28:25,30700.0,2000.0,854900.0
358,2021-10-08 06:28:25,30700.0,1200.0,852900.0
359,2021-10-08 06:28:25,30700.0,500.0,851700.0
360,2021-10-08 06:28:25,30700.0,1000.0,851200.0
361,2021-10-08 06:28:06,30700.0,500.0,850200.0
362,2021-10-08 06:28:06,30700.0,100.0,849700.0
363,2021-10-08 06:28:06,30700.0,200.0,849600.0
364,2021-10-08 06:27:59,30700.0,300.0,849400.0
365,2021-10-08 06:27:57,30700.0,300.0,849100.0
366,2021-10-08 06:27:54,30700.0,300.0,848800.0
367,2021-10-08 06:27:48,30650.0,100.0,848500.0
368,2021-10-08 06:27:38,30650.0,300.0,848400.0
369,2021-10-08 06:27:01,30500.0,100.0,848100.0
370,2021-10-08 06:27:01,30500.0,600.0,848000.0
371,2021-10-08 06:27:01,30500.0,100.0,847400.0
372,2021-10-08 06:27:01,30500.0,500.0,847300.0
373,2021-10-08 06:27:01,30500.0,300.0,846800.0
374,2021-10-08 06:27:01,30500.0,300.0,846500.0
375,2021-10-08 06:27:01,30500.0,100.0,846200.0
376,2021-10-08 06:26:56,30500.0,100.0,846100.0
377,2021-10-08 06:26:56,30500.0,200.0,846000.0
378,2021-10-08 06:26:49,30500.0,500.0,845800.0
379,2021-10-08 06:26:29,30500.0,300.0,845300.0
380,2021-10-08 06:26:29,30500.0,300.0,845000.0
381,2021-10-08 06:26:29,30500.0,100.0,844700.0
382,2021-10-08 06:26:29,30500.0,100.0,844600.0
383,2021-10-08 06:26:29,30500.0,1000.0,844500.0
384,2021-10-08 06:26:29,30500.0,2000.0,843500.0
385,2021-10-08 06:26:29,30500.0,1000.0,841500.0
386,2021-10-08 06:26:29,30500.0,100.0,840500.0
387,2021-10-08 06:26:29,30500.0,100.0,840400.0
388,2021-10-08 06:26:29,30500.0,100.0,840300.0
389,2021-10-08 06:26:29,30500.0,500.0,840200.0
390,2021-10-08 06:26:29,30500.0,300.0,839700.0
391,2021-10-08 06:26:29,30500.0,2000.0,839400.0
392,2021-10-08 06:26:29,30500.0,2100.0,837400.0
393,2021-10-08 06:25:52,30500.0,900.0,835300.0
394,2021-10-08 06:25:52,30500.0,2000.0,834400.0
395,2021-10-08 06:25:52,30500.0,300.0,832400.0
396,2021-10-08 06:25:52,30500.0,500.0,832100.0
397,2021-10-08 06:25:52,30500.0,200.0,831600.0
398,2021-10-08 06:25:52,30500.0,100.0,831400.0
399,2021-10-08 06:25:52,30500.0,200.0,831300.0
400,2021-10-08 06:25:52,30500.0,1000.0,831100.0
401,2021-10-08 06:25:52,30500.0,100.0,830100.0
402,2021-10-08 06:25:52,30500.0,100.0,830000.0
403,2021-10-08 06:25:52,30500.0,200.0,829900.0
404,2021-10-08 06:25:52,30500.0,500.0,829700.0
405,2021-10-08 06:25:52,30500.0,300.0,829200.0
406,2021-10-08 06:25:52,30500.0,300.0,828900.0
407,2021-10-08 06:25:52,30500.0,500.0,828600.0
408,2021-10-08 06:25:52,30500.0,500.0,828100.0
409,2021-10-08 06:25:52,30500.0,500.0,827600.0
410,2021-10-08 06:25:52,30500.0,200.0,827100.0
411,2021-10-08 06:25:52,30500.0,100.0,826900.0
412,2021-10-08 06:25:52,30500.0,2000.0,826800.0
413,2021-10-08 06:25:52,30500.0,500.0,824800.0
414,2021-10-08 06:25:52,30500.0,1000.0,824300.0
415,2021-10-08 06:25:52,30500.0,1000.0,823300.0
416,2021-10-08 06:25:52,30500.0,200.0,822300.0
417,2021-10-08 06:25:52,30500.0,100.0,822100.0
418,2021-10-08 06:25:52,30500.0,1100.0,822000.0
419,2021-10-08 06:25:52,30500.0,1000.0,820900.0
420,2021-10-08 06:25:52,30500.0,200.0,819900.0
421,2021-10-08 06:25:52,30500.0,600.0,819700.0
422,2021-10-08 06:25:52,30500.0,5000.0,819100.0
423,2021-10-08 06:25:52,30500.0,100.0,814100.0
424,2021-10-08 06:25:52,30500.0,100.0,814000.0
425,2021-10-08 06:25:52,30500.0,100.0,813900.0
426,2021-10-08 06:25:52,30500.0,100.0,813800.0
427,2021-10-08 06:25:52,30500.0,200.0,813700.0
428,2021-10-08 06:25:52,30500.0,200.0,813500.0
429,2021-10-08 06:25:52,30550.0,100.0,813300.0
430,2021-10-08 06:25:52,30550.0,100.0,813200.0
431,2021-10-08 06:25:52,30550.0,100.0,813100.0
432,2021-10-08 06:25:52,30550.0,900.0,813000.0
433,2021-10-08 06:25:52,30550.0,200.0,812100.0
434,2021-10-08 06:25:52,30550.0,1000.0,811900.0
435,2021-10-08 06:25:52,30550.0,1000.0,810900.0
436,2021-10-08 06:25:52,30550.0,200.0,809900.0
437,2021-10-08 06:25:52,30550.0,2400.0,809700.0
438,2021-10-08 06:23:46,30550.0,1600.0,807300.0
439,2021-10-08 06:23:46,30550.0,1000.0,805700.0
440,2021-10-08 06:23:46,30550.0,300.0,804700.0
441,2021-10-08 06:23:46,30550.0,100.0,804400.0
442,2021-10-08 06:23:36,30600.0,100.0,804300.0
443,2021-10-08 06:23:36,30600.0,1000.0,804200.0
444,2021-10-08 06:23:36,30600.0,100.0,803200.0
445,2021-10-08 06:23:36,30600.0,800.0,803100.0
446,2021-10-08 06:23:19,30600.0,200.0,802300.0
447,2021-10-08 06:23:19,30600.0,1000.0,802100.0
448,2021-10-08 06:23:19,30600.0,200.0,801100.0
449,2021-10-08 06:23:19,30600.0,100.0,800900.0
450,2021-10-08 06:23:19,30600.0,1000.0,800800.0
451,2021-10-08 06:23:19,30600.0,100.0,799800.0
452,2021-10-08 06:23:19,30600.0,500.0,799700.0
453,2021-10-08 06:23:19,30650.0,1800.0,799200.0
454,2021-10-08 06:23:06,30650.0,900.0,797400.0
455,2021-10-08 06:23:06,30650.0,4100.0,796500.0
456,2021-10-08 06:23:00,30650.0,500.0,792400.0
457,2021-10-08 06:22:52,30650.0,400.0,791900.0
458,2021-10-08 06:22:52,30650.0,100.0,791500.0
459,2021-10-08 06:22:36,30650.0,1000.0,791400.0
460,2021-10-08 06:22:19,30650.0,100.0,790400.0
461,2021-10-08 06:22:19,30650.0,300.0,790300.0
462,2021-10-08 06:22:19,30650.0,100.0,790000.0
463,2021-10-08 06:22:19,30650.0,500.0,789900.0
464,2021-10-08 06:22:11,30650.0,500.0,789400.0
465,2021-10-08 06:22:11,30650.0,500.0,788900.0
466,2021-10-08 06:21:44,30650.0,100.0,788400.0
467,2021-10-08 06:21:44,30650.0,400.0,788300.0
468,2021-10-08 06:21:19,30650.0,100.0,787900.0
469,2021-10-08 06:20:45,30700.0,300.0,787800.0
470,2021-10-08 06:19:55,30700.0,1200.0,787500.0
471,2021-10-08 06:19:55,30700.0,200.0,786300.0
472,2021-10-08 06:19:52,30700.0,300.0,786100.0
473,2021-10-08 06:19:52,30700.0,700.0,785800.0
474,2021-10-08 06:19:40,30700.0,200.0,785100.0
475,2021-10-08 06:19:30,30700.0,100.0,784900.0
476,2021-10-08 06:19:30,30700.0,200.0,784800.0
477,2021-10-08 06:19:23,30700.0,500.0,784600.0
478,2021-10-08 06:19:13,30700.0,300.0,784100.0
479,2021-10-08 06:19:13,30700.0,500.0,783800.0
480,2021-10-08 06:16:32,30700.0,500.0,783300.0
481,2021-10-08 06:16:32,30700.0,500.0,782800.0
482,2021-10-08 06:16:29,30700.0,1000.0,782300.0
483,2021-10-08 06:16:02,30700.0,500.0,781300.0
484,2021-10-08 06:16:02,30700.0,2000.0,780800.0
485,2021-10-08 06:16:02,30700.0,500.0,778800.0
486,2021-10-08 06:16:02,30700.0,500.0,778300.0
487,2021-10-08 06:14:24,30700.0,200.0,777800.0
488,2021-10-08 06:12:52,30700.0,700.0,777600.0
489,2021-10-08 06:12:47,30600.0,1500.0,776900.0
490,2021-10-08 06:12:23,30700.0,600.0,775400.0
491,2021-10-08 06:12:23,30700.0,1400.0,774800.0
492,2021-10-08 06:12:09,30700.0,1400.0,773400.0
493,2021-10-08 06:12:09,30700.0,100.0,772000.0
494,2021-10-08 06:12:09,30700.0,500.0,771900.0
495,2021-10-08 06:10:52,30500.0,3000.0,771400.0
496,2021-10-08 06:10:52,30550.0,300.0,768400.0
497,2021-10-08 06:10:52,30650.0,1700.0,768100.0
498,2021-10-08 06:10:43,30650.0,500.0,766400.0
499,2021-10-08 06:10:43,30650.0,300.0,765900.0
500,2021-10-08 06:10:43,30650.0,1000.0,765600.0
501,2021-10-08 06:10:43,30650.0,500.0,764600.0
502,2021-10-08 06:10:23,30550.0,100.0,764100.0
503,2021-10-08 06:10:08,30500.0,4400.0,764000.0
504,2021-10-08 06:10:08,30500.0,800.0,759600.0
505,2021-10-08 06:10:08,30550.0,1000.0,758800.0
506,2021-10-08 06:10:08,30550.0,600.0,757800.0
507,2021-10-08 06:10:08,30550.0,500.0,757200.0
508,2021-10-08 06:10:08,30550.0,300.0,756700.0
509,2021-10-08 06:10:08,30550.0,1500.0,756400.0
510,2021-10-08 06:10:08,30550.0,1000.0,754900.0
511,2021-10-08 06:10:08,30550.0,200.0,753900.0
512,2021-10-08 06:10:08,30550.0,300.0,753700.0
513,2021-10-08 06:10:08,30550.0,300.0,753400.0
514,2021-10-08 06:10:08,30550.0,200.0,753100.0
515,2021-10-08 06:10:08,30550.0,200.0,752900.0
516,2021-10-08 06:10:08,30550.0,300.0,752700.0
517,2021-10-08 06:10:08,30550.0,200.0,752400.0
518,2021-10-08 06:10:08,30550.0,2900.0,752200.0
519,2021-10-08 06:10:08,30550.0,100.0,749300.0
520,2021-10-08 06:10:08,30550.0,700.0,749200.0
521,2021-10-08 06:10:08,30600.0,4500.0,748500.0
522,2021-10-08 06:09:48,30600.0,500.0,744000.0
523,2021-10-08 06:09:46,30600.0,500.0,743500.0
524,2021-10-08 06:09:46,30600.0,500.0,743000.0
525,2021-10-08 06:09:43,30550.0,900.0,742500.0
526,2021-10-08 06:09:29,30600.0,200.0,741600.0
527,2021-10-08 06:09:24,30550.0,400.0,741400.0
528,2021-10-08 06:09:24,30550.0,200.0,741000.0
529,2021-10-08 06:08:54,30550.0,300.0,740800.0
530,2021-10-08 06:08:54,30550.0,300.0,740500.0
531,2021-10-08 06:07:35,30550.0,300.0,740200.0
532,2021-10-08 06:07:02,30600.0,200.0,739900.0
533,2021-10-08 06:06:20,30600.0,500.0,739700.0
534,2021-10-08 06:06:20,30600.0,3000.0,739200.0
535,2021-10-08 06:06:20,30600.0,100.0,736200.0
536,2021-10-08 06:06:20,30600.0,300.0,736100.0
537,2021-10-08 06:06:20,30600.0,400.0,735800.0
538,2021-10-08 06:05:45,30600.0,300.0,735400.0
539,2021-10-08 06:05:10,30600.0,800.0,735100.0
540,2021-10-08 06:05:10,30600.0,200.0,734300.0
541,2021-10-08 06:04:59,30650.0,300.0,734100.0
542,2021-10-08 06:03:40,30650.0,500.0,733800.0
543,2021-10-08 06:03:40,30650.0,1100.0,733300.0
544,2021-10-08 06:03:40,30650.0,100.0,732200.0
545,2021-10-08 06:03:40,30650.0,200.0,732100.0
546,2021-10-08 06:03:40,30650.0,1000.0,731900.0
547,2021-10-08 06:03:40,30650.0,300.0,730900.0
548,2021-10-08 06:03:28,30650.0,300.0,730600.0
549,2021-10-08 06:02:25,30650.0,400.0,730300.0
550,2021-10-08 06:00:31,30650.0,100.0,729900.0
551,2021-10-08 06:00:04,30700.0,500.0,729800.0
552,2021-10-08 06:00:03,30700.0,200.0,729300.0
553,2021-10-08 06:00:03,30700.0,200.0,729100.0
554,2021-10-08 06:00:00,30700.0,100.0,728900.0
555,2021-10-08 06:00:00,30700.0,100.0,728800.0
556,2021-10-08 04:29:23,30700.0,400.0,728700.0
557,2021-10-08 04:29:23,30700.0,100.0,728300.0
558,2021-10-08 04:29:10,30650.0,500.0,728200.0
559,2021-10-08 04:28:57,30650.0,100.0,727700.0
560,2021-10-08 04:27:33,30700.0,200.0,727600.0
561,2021-10-08 04:27:17,30700.0,200.0,727400.0
562,2021-10-08 04:24:06,30750.0,300.0,727200.0
563,2021-10-08 04:24:06,30750.0,5800.0,726900.0
564,2021-10-08 04:23:18,30750.0,500.0,721100.0
565,2021-10-08 04:23:18,30750.0,500.0,720600.0
566,2021-10-08 04:23:18,30750.0,5000.0,720100.0
567,2021-10-08 04:23:18,30750.0,500.0,715100.0
568,2021-10-08 04:21:46,30650.0,1300.0,714600.0
569,2021-10-08 04:21:46,30650.0,300.0,713300.0
570,2021-10-08 04:21:46,30650.0,400.0,713000.0
571,2021-10-08 04:19:19,30750.0,200.0,712600.0
572,2021-10-08 04:19:19,30750.0,300.0,712400.0
573,2021-10-08 04:17:36,30750.0,100.0,712100.0
574,2021-10-08 04:16:49,30750.0,100.0,712000.0
575,2021-10-08 04:16:49,30750.0,400.0,711900.0
576,2021-10-08 04:16:49,30750.0,200.0,711500.0
577,2021-10-08 04:16:49,30750.0,1000.0,711300.0
578,2021-10-08 04:16:49,30750.0,100.0,710300.0
579,2021-10-08 04:16:49,30750.0,500.0,710200.0
580,2021-10-08 04:16:49,30700.0,1200.0,709700.0
581,2021-10-08 04:16:49,30700.0,1000.0,708500.0
582,2021-10-08 04:16:49,30700.0,100.0,707500.0
583,2021-10-08 04:14:32,30700.0,1000.0,707400.0
584,2021-10-08 04:14:19,30700.0,100.0,706400.0
585,2021-10-08 04:13:34,30700.0,4500.0,706300.0
586,2021-10-08 04:13:34,30700.0,500.0,701800.0
587,2021-10-08 04:12:00,30600.0,100.0,701300.0
588,2021-10-08 04:10:36,30550.0,300.0,701200.0
589,2021-10-08 04:10:36,30550.0,1000.0,700900.0
590,2021-10-08 04:10:36,30550.0,100.0,699900.0
591,2021-10-08 04:10:14,30550.0,100.0,699800.0
592,2021-10-08 04:09:32,30550.0,500.0,699700.0
593,2021-10-08 04:09:32,30550.0,100.0,699200.0
594,2021-10-08 04:09:32,30650.0,200.0,699100.0
595,2021-10-08 04:08:51,30550.0,100.0,698900.0
596,2021-10-08 04:08:31,30550.0,1800.0,698800.0
597,2021-10-08 04:08:31,30550.0,100.0,697000.0
598,2021-10-08 04:08:31,30550.0,8800.0,696900.0
599,2021-10-08 04:08:31,30550.0,1000.0,688100.0
600,2021-10-08 04:08:31,30600.0,300.0,687100.0
601,2021-10-08 04:08:31,30600.0,2000.0,686800.0
602,2021-10-08 04:08:31,30600.0,200.0,684800.0
603,2021-10-08 04:08:31,30600.0,100.0,684600.0
604,2021-10-08 04:08:31,30600.0,1000.0,684500.0
605,2021-10-08 04:08:31,30600.0,4700.0,683500.0
606,2021-10-08 04:08:30,30600.0,300.0,678800.0
607,2021-10-08 04:08:30,30600.0,500.0,678500.0
608,2021-10-08 04:08:30,30600.0,500.0,678000.0
609,2021-10-08 04:08:30,30600.0,200.0,677500.0
610,2021-10-08 04:08:30,30600.0,200.0,677300.0
611,2021-10-08 04:08:30,30600.0,200.0,677100.0
612,2021-10-08 04:08:30,30600.0,100.0,676900.0
613,2021-10-08 04:08:30,30600.0,500.0,676800.0
614,2021-10-08 04:08:30,30600.0,100.0,676300.0
615,2021-10-08 04:08:30,30600.0,1000.0,676200.0
616,2021-10-08 04:08:30,30600.0,400.0,675200.0
617,2021-10-08 04:08:30,30600.0,300.0,674800.0
618,2021-10-08 04:08:30,30600.0,200.0,674500.0
619,2021-10-08 04:08:30,30600.0,200.0,674300.0
620,2021-10-08 04:08:30,30600.0,200.0,674100.0
621,2021-10-08 04:08:30,30600.0,100.0,673900.0
622,2021-10-08 04:08:30,30600.0,200.0,673800.0
623,2021-10-08 04:08:30,30600.0,1000.0,673600.0
624,2021-10-08 04:08:30,30600.0,900.0,672600.0
625,2021-10-08 04:08:30,30600.0,500.0,671700.0
626,2021-10-08 04:08:30,30600.0,500.0,671200.0
627,2021-10-08 04:08:30,30600.0,100.0,670700.0
628,2021-10-08 04:08:30,30600.0,200.0,670600.0
629,2021-10-08 04:08:30,30600.0,6900.0,670400.0
630,2021-10-08 04:08:30,30650.0,400.0,663500.0
631,2021-10-08 04:08:30,30650.0,2300.0,663100.0
632,2021-10-08 04:06:59,30650.0,300.0,660800.0
633,2021-10-08 04:06:01,30650.0,2000.0,660500.0
634,2021-10-08 04:05:36,30650.0,400.0,658500.0
635,2021-10-08 04:05:27,30600.0,1500.0,658100.0
636,2021-10-08 04:05:27,30650.0,2000.0,656600.0
637,2021-10-08 04:05:27,30650.0,100.0,654600.0
638,2021-10-08 04:05:27,30650.0,1100.0,654500.0
639,2021-10-08 04:05:27,30650.0,500.0,653400.0
640,2021-10-08 04:05:27,30700.0,4800.0,652900.0
641,2021-10-08 04:05:17,30700.0,200.0,648100.0
642,2021-10-08 04:04:34,30700.0,1500.0,647900.0
643,2021-10-08 04:04:34,30700.0,3000.0,646400.0
644,2021-10-08 04:04:34,30700.0,100.0,643400.0
645,2021-10-08 04:04:34,30700.0,200.0,643300.0
646,2021-10-08 04:04:32,30700.0,100.0,643100.0
647,2021-10-08 04:04:32,30700.0,100.0,643000.0
648,2021-10-08 04:03:56,30700.0,900.0,642900.0
649,2021-10-08 04:03:56,30700.0,100.0,642000.0
650,2021-10-08 04:03:05,30700.0,400.0,641900.0
651,2021-10-08 04:03:05,30700.0,100.0,641500.0
652,2021-10-08 04:03:05,30700.0,100.0,641400.0
653,2021-10-08 04:03:05,30700.0,100.0,641300.0
654,2021-10-08 04:03:05,30700.0,300.0,641200.0
655,2021-10-08 04:03:01,30700.0,700.0,640900.0
656,2021-10-08 04:03:01,30700.0,100.0,640200.0
657,2021-10-08 04:03:01,30700.0,3200.0,640100.0
658,2021-10-08 04:02:51,30700.0,1800.0,636900.0
659,2021-10-08 04:02:51,30700.0,100.0,635100.0
660,2021-10-08 04:02:51,30700.0,200.0,635000.0
661,2021-10-08 04:02:51,30700.0,1000.0,634800.0
662,2021-10-08 04:02:51,30700.0,1500.0,633800.0
663,2021-10-08 04:02:51,30700.0,700.0,632300.0
664,2021-10-08 04:02:29,30700.0,9300.0,631600.0
665,2021-10-08 04:02:29,30700.0,500.0,622300.0
666,2021-10-08 04:02:29,30700.0,5000.0,621800.0
667,2021-10-08 04:02:29,30700.0,2700.0,616800.0
668,2021-10-08 04:02:29,30700.0,2000.0,614100.0
669,2021-10-08 04:02:29,30700.0,500.0,612100.0
670,2021-10-08 04:02:01,30750.0,300.0,611600.0
671,2021-10-08 04:02:01,30750.0,1000.0,611300.0
672,2021-10-08 04:02:01,30750.0,1000.0,610300.0
673,2021-10-08 04:02:01,30750.0,300.0,609300.0
674,2021-10-08 04:02:01,30750.0,100.0,609000.0
675,2021-10-08 04:02:01,30750.0,100.0,608900.0
676,2021-10-08 04:02:01,30750.0,1000.0,608800.0
677,2021-10-08 04:02:01,30750.0,900.0,607800.0
678,2021-10-08 04:01:59,30750.0,300.0,606900.0
679,2021-10-08 04:01:12,30750.0,200.0,606600.0
680,2021-10-08 04:00:39,30750.0,1000.0,606400.0
681,2021-10-08 04:00:13,30750.0,1000.0,605400.0
682,2021-10-08 04:00:01,30750.0,1000.0,604400.0
683,2021-10-08 03:59:09,30750.0,4000.0,603400.0
684,2021-10-08 03:58:40,30750.0,1000.0,599400.0
685,2021-10-08 03:57:45,30750.0,1000.0,598400.0
686,2021-10-08 03:56:59,30750.0,200.0,597400.0
687,2021-10-08 03:56:34,30750.0,500.0,597200.0
688,2021-10-08 03:56:28,30750.0,500.0,596700.0
689,2021-10-08 03:55:11,30750.0,400.0,596200.0
690,2021-10-08 03:54:55,30750.0,600.0,595800.0
691,2021-10-08 03:54:38,30750.0,200.0,595200.0
692,2021-10-08 03:54:30,30750.0,2200.0,595000.0
693,2021-10-08 03:54:24,30750.0,2800.0,592800.0
694,2021-10-08 03:54:18,30750.0,100.0,590000.0
695,2021-10-08 03:53:13,30750.0,100.0,589900.0
696,2021-10-08 03:52:31,30750.0,2000.0,589800.0
697,2021-10-08 03:51:26,30750.0,200.0,587800.0
698,2021-10-08 03:51:18,30750.0,1200.0,587600.0
699,2021-10-08 03:51:18,30750.0,1000.0,586400.0
700,2021-10-08 03:51:18,30750.0,4600.0,585400.0
701,2021-10-08 03:51:08,30750.0,200.0,580800.0
702,2021-10-08 03:50:09,30750.0,100.0,580600.0
703,2021-10-08 03:49:38,30750.0,100.0,580500.0
704,2021-10-08 03:49:38,30750.0,200.0,580400.0
705,2021-10-08 03:49:16,30750.0,200.0,580200.0
706,2021-10-08 03:49:16,30750.0,500.0,580000.0
707,2021-10-08 03:49:16,30750.0,1100.0,579500.0
708,2021-10-08 03:49:12,30750.0,100.0,578400.0
709,2021-10-08 03:48:33,30750.0,1800.0,578300.0
710,2021-10-08 03:48:33,30750.0,200.0,576500.0
711,2021-10-08 03:48:10,30750.0,100.0,576300.0
712,2021-10-08 03:47:58,30750.0,500.0,576200.0
713,2021-10-08 03:47:52,30750.0,200.0,575700.0
714,2021-10-08 03:47:52,30750.0,100.0,575500.0
715,2021-10-08 03:47:48,30750.0,100.0,575400.0
716,2021-10-08 03:47:48,30750.0,400.0,575300.0
717,2021-10-08 03:47:13,30750.0,400.0,574900.0
718,2021-10-08 03:47:04,30750.0,1200.0,574500.0
719,2021-10-08 03:47:04,30750.0,400.0,573300.0
720,2021-10-08 03:47:04,30750.0,100.0,572900.0
721,2021-10-08 03:47:04,30750.0,600.0,572800.0
722,2021-10-08 03:46:55,30750.0,200.0,572200.0
723,2021-10-08 03:46:43,30750.0,200.0,572000.0
724,2021-10-08 03:46:43,30750.0,800.0,571800.0
725,2021-10-08 03:45:30,30750.0,100.0,571000.0
726,2021-10-08 03:44:07,30800.0,500.0,570900.0
727,2021-10-08 03:42:49,30800.0,300.0,570400.0
728,2021-10-08 03:42:30,30750.0,1300.0,570100.0
729,2021-10-08 03:42:30,30750.0,1000.0,568800.0
730,2021-10-08 03:42:30,30750.0,200.0,567800.0
731,2021-10-08 03:42:30,30750.0,700.0,567600.0
732,2021-10-08 03:42:30,30750.0,100.0,566900.0
733,2021-10-08 03:42:30,30750.0,1700.0,566800.0
734,2021-10-08 03:41:40,30750.0,2300.0,565100.0
735,2021-10-08 03:41:33,30750.0,400.0,562800.0
736,2021-10-08 03:41:32,30750.0,100.0,562400.0
737,2021-10-08 03:41:07,30750.0,200.0,562300.0
738,2021-10-08 03:39:47,30750.0,200.0,562100.0
739,2021-10-08 03:39:20,30750.0,100.0,561900.0
740,2021-10-08 03:39:20,30750.0,200.0,561800.0
741,2021-10-08 03:39:20,30750.0,500.0,561600.0
742,2021-10-08 03:39:20,30750.0,100.0,561100.0
743,2021-10-08 03:39:20,30750.0,500.0,561000.0
744,2021-10-08 03:39:20,30750.0,300.0,560500.0
745,2021-10-08 03:39:20,30750.0,1300.0,560200.0
746,2021-10-08 03:38:53,30750.0,100.0,558900.0
747,2021-10-08 03:35:05,30750.0,100.0,558800.0
748,2021-10-08 03:35:05,30750.0,900.0,558700.0
749,2021-10-08 03:35:01,30800.0,400.0,557800.0
750,2021-10-08 03:35:01,30800.0,800.0,557400.0
751,2021-10-08 03:33:11,30800.0,200.0,556600.0
752,2021-10-08 03:31:40,30800.0,600.0,556400.0
753,2021-10-08 03:31:36,30800.0,1000.0,555800.0
754,2021-10-08 03:29:04,30750.0,100.0,554800.0
755,2021-10-08 03:29:04,30750.0,400.0,554700.0
756,2021-10-08 03:27:27,30750.0,100.0,554300.0
757,2021-10-08 03:25:15,30750.0,3000.0,554200.0
758,2021-10-08 03:25:02,30750.0,100.0,551200.0
759,2021-10-08 03:23:48,30750.0,1300.0,551100.0
760,2021-10-08 03:23:48,30750.0,100.0,549800.0
761,2021-10-08 03:23:43,30700.0,900.0,549700.0
762,2021-10-08 03:22:52,30750.0,1000.0,548800.0
763,2021-10-08 03:20:01,30750.0,1000.0,547800.0
764,2021-10-08 03:19:47,30800.0,100.0,546800.0
765,2021-10-08 03:19:34,30800.0,200.0,546700.0
766,2021-10-08 03:19:34,30800.0,300.0,546500.0
767,2021-10-08 03:19:34,30800.0,100.0,546200.0
768,2021-10-08 03:19:34,30800.0,1000.0,546100.0
769,2021-10-08 03:19:34,30800.0,500.0,545100.0
770,2021-10-08 03:19:34,30800.0,800.0,544600.0
771,2021-10-08 03:18:54,30850.0,1000.0,543800.0
772,2021-10-08 03:18:54,30850.0,4200.0,542800.0
773,2021-10-08 03:18:54,30850.0,700.0,538600.0
774,2021-10-08 03:18:42,30850.0,100.0,537900.0
775,2021-10-08 03:18:42,30850.0,200.0,537800.0
776,2021-10-08 03:18:07,30800.0,100.0,537600.0
777,2021-10-08 03:17:55,30800.0,1900.0,537500.0
778,2021-10-08 03:17:55,30800.0,500.0,535600.0
779,2021-10-08 03:17:55,30800.0,700.0,535100.0
780,2021-10-08 03:17:46,30800.0,100.0,534400.0
781,2021-10-08 03:17:11,30800.0,200.0,534300.0
782,2021-10-08 03:16:26,30800.0,300.0,534100.0
783,2021-10-08 03:16:26,30800.0,400.0,533800.0
784,2021-10-08 03:16:26,30800.0,1200.0,533400.0
785,2021-10-08 03:16:26,30700.0,1000.0,532200.0
786,2021-10-08 03:16:26,30700.0,500.0,531200.0
787,2021-10-08 03:16:15,30700.0,1000.0,530700.0
788,2021-10-08 03:15:18,30600.0,300.0,529700.0
789,2021-10-08 03:15:18,30700.0,200.0,529400.0
790,2021-10-08 03:14:59,30600.0,1300.0,529200.0
791,2021-10-08 03:14:59,30600.0,1000.0,527900.0
792,2021-10-08 03:14:59,30650.0,800.0,526900.0
793,2021-10-08 03:14:59,30700.0,1900.0,526100.0
794,2021-10-08 03:14:51,30700.0,200.0,524200.0
795,2021-10-08 03:14:51,30700.0,1900.0,524000.0
796,2021-10-08 03:14:41,30700.0,700.0,522100.0
797,2021-10-08 03:14:32,30700.0,1000.0,521400.0
798,2021-10-08 03:14:29,30700.0,500.0,520400.0
799,2021-10-08 03:14:04,30700.0,200.0,519900.0
800,2021-10-08 03:14:03,30700.0,1900.0,519700.0
801,2021-10-08 03:13:43,30700.0,1000.0,517800.0
802,2021-10-08 03:13:43,30600.0,900.0,516800.0
803,2021-10-08 03:13:34,30700.0,100.0,515900.0
804,2021-10-08 03:13:26,30600.0,100.0,515800.0
805,2021-10-08 03:13:23,30700.0,100.0,515700.0
806,2021-10-08 03:13:14,30700.0,500.0,515600.0
807,2021-10-08 03:13:14,30700.0,100.0,515100.0
808,2021-10-08 03:13:14,30700.0,100.0,515000.0
809,2021-10-08 03:13:14,30700.0,1900.0,514900.0
810,2021-10-08 03:13:00,30700.0,100.0,513000.0
811,2021-10-08 03:13:00,30700.0,200.0,512900.0
812,2021-10-08 03:12:56,30700.0,300.0,512700.0
813,2021-10-08 03:12:21,30700.0,700.0,512400.0
814,2021-10-08 03:12:21,30700.0,2600.0,511700.0
815,2021-10-08 03:12:21,30700.0,1000.0,509100.0
816,2021-10-08 03:12:21,30700.0,1000.0,508100.0
817,2021-10-08 03:12:21,30700.0,3000.0,507100.0
818,2021-10-08 03:12:21,30700.0,600.0,504100.0
819,2021-10-08 03:12:21,30700.0,400.0,503500.0
820,2021-10-08 03:12:05,30700.0,500.0,503100.0
821,2021-10-08 03:12:05,30700.0,2000.0,502600.0
822,2021-10-08 03:12:05,30700.0,100.0,500600.0
823,2021-10-08 03:12:05,30700.0,500.0,500500.0
824,2021-10-08 03:12:05,30700.0,100.0,500000.0
825,2021-10-08 03:12:05,30700.0,100.0,499900.0
826,2021-10-08 03:12:05,30750.0,500.0,499800.0
827,2021-10-08 03:12:05,30750.0,200.0,499300.0
828,2021-10-08 03:11:36,30800.0,2000.0,499100.0
829,2021-10-08 03:11:36,30800.0,200.0,497100.0
830,2021-10-08 03:11:36,30800.0,100.0,496900.0
831,2021-10-08 03:11:36,30800.0,2400.0,496800.0
832,2021-10-08 03:11:36,30800.0,200.0,494400.0
833,2021-10-08 03:11:36,30800.0,300.0,494200.0
834,2021-10-08 03:11:36,30800.0,100.0,493900.0
835,2021-10-08 03:11:36,30800.0,400.0,493800.0
836,2021-10-08 03:11:36,30800.0,300.0,493400.0
837,2021-10-08 03:11:36,30800.0,1000.0,493100.0
838,2021-10-08 03:11:36,30800.0,1000.0,492100.0
839,2021-10-08 03:11:36,30800.0,200.0,491100.0
840,2021-10-08 03:11:36,30800.0,500.0,490900.0
841,2021-10-08 03:11:36,30800.0,100.0,490400.0
842,2021-10-08 03:11:23,30850.0,100.0,490300.0
843,2021-10-08 03:11:23,30850.0,400.0,490200.0
844,2021-10-08 03:11:15,30850.0,500.0,489800.0
845,2021-10-08 03:10:59,30850.0,100.0,489300.0
846,2021-10-08 03:10:45,30850.0,400.0,489200.0
847,2021-10-08 03:10:36,30850.0,200.0,488800.0
848,2021-10-08 03:10:22,30850.0,100.0,488600.0
849,2021-10-08 03:10:22,30850.0,100.0,488500.0
850,2021-10-08 03:10:08,30800.0,400.0,488400.0
851,2021-10-08 03:10:08,30800.0,500.0,488000.0
852,2021-10-08 03:09:44,30850.0,300.0,487500.0
853,2021-10-08 03:09:40,30850.0,3700.0,487200.0
854,2021-10-08 03:09:40,30850.0,1000.0,483500.0
855,2021-10-08 03:09:40,30850.0,300.0,482500.0
856,2021-10-08 03:09:05,30850.0,200.0,482200.0
857,2021-10-08 03:09:05,30850.0,800.0,482000.0
858,2021-10-08 03:08:48,30850.0,1200.0,481200.0
859,2021-10-08 03:08:04,30900.0,200.0,480000.0
860,2021-10-08 03:07:51,30900.0,400.0,479800.0
861,2021-10-08 03:07:51,30900.0,100.0,479400.0
862,2021-10-08 03:07:49,30950.0,100.0,479300.0
863,2021-10-08 03:07:26,30950.0,200.0,479200.0
864,2021-10-08 03:07:19,30950.0,300.0,479000.0
865,2021-10-08 03:07:06,31000.0,5600.0,478700.0
866,2021-10-08 03:07:06,31000.0,200.0,473100.0
867,2021-10-08 03:07:06,30900.0,4400.0,472900.0
868,2021-10-08 03:07:04,30900.0,200.0,468500.0
869,2021-10-08 03:07:04,30900.0,400.0,468300.0
870,2021-10-08 03:06:52,30900.0,100.0,467900.0
871,2021-10-08 03:06:52,30900.0,3000.0,467800.0
872,2021-10-08 03:06:52,30900.0,200.0,464800.0
873,2021-10-08 03:06:52,30900.0,1500.0,464600.0
874,2021-10-08 03:06:52,30900.0,100.0,463100.0
875,2021-10-08 03:06:52,30900.0,1000.0,463000.0
876,2021-10-08 03:06:52,30900.0,3000.0,462000.0
877,2021-10-08 03:06:52,30900.0,200.0,459000.0
878,2021-10-08 03:06:52,30900.0,500.0,458800.0
879,2021-10-08 03:06:52,30900.0,400.0,458300.0
880,2021-10-08 03:06:44,31000.0,100.0,457900.0
881,2021-10-08 03:06:34,31000.0,500.0,457800.0
882,2021-10-08 03:06:18,31000.0,200.0,457300.0
883,2021-10-08 03:05:57,31050.0,100.0,457100.0
884,2021-10-08 03:05:57,31050.0,200.0,457000.0
885,2021-10-08 03:05:57,31050.0,500.0,456800.0
886,2021-10-08 03:05:42,31050.0,500.0,456300.0
887,2021-10-08 03:05:24,31050.0,1000.0,455800.0
888,2021-10-08 03:05:18,31050.0,500.0,454800.0
889,2021-10-08 03:05:10,31050.0,2500.0,454300.0
890,2021-10-08 03:05:08,31050.0,500.0,451800.0
891,2021-10-08 03:04:54,31050.0,100.0,451300.0
892,2021-10-08 03:04:54,31000.0,100.0,451200.0
893,2021-10-08 03:04:54,31000.0,300.0,451100.0
894,2021-10-08 03:04:44,30900.0,100.0,450800.0
895,2021-10-08 03:04:42,31000.0,500.0,450700.0
896,2021-10-08 03:04:21,31000.0,1000.0,450200.0
897,2021-10-08 03:04:21,31000.0,100.0,449200.0
898,2021-10-08 03:04:21,31000.0,100.0,449100.0
899,2021-10-08 03:04:21,31000.0,100.0,449000.0
900,2021-10-08 03:04:21,31000.0,300.0,448900.0
901,2021-10-08 03:04:21,31000.0,300.0,448600.0
902,2021-10-08 03:04:21,31000.0,500.0,448300.0
903,2021-10-08 03:04:21,31000.0,100.0,447800.0
904,2021-10-08 03:04:21,31000.0,1000.0,447700.0
905,2021-10-08 03:04:21,31000.0,300.0,446700.0
906,2021-10-08 03:04:21,31000.0,1000.0,446400.0
907,2021-10-08 03:04:21,31000.0,100.0,445400.0
908,2021-10-08 03:04:21,31000.0,100.0,445300.0
909,2021-10-08 03:04:21,31000.0,3100.0,445200.0
910,2021-10-08 03:04:21,31000.0,1000.0,442100.0
911,2021-10-08 03:04:21,31000.0,100.0,441100.0
912,2021-10-08 03:04:21,31000.0,100.0,441000.0
913,2021-10-08 03:03:48,31050.0,200.0,440900.0
914,2021-10-08 03:03:48,31050.0,100.0,440700.0
915,2021-10-08 03:03:23,31100.0,1100.0,440600.0
916,2021-10-08 03:03:18,31100.0,3000.0,439500.0
917,2021-10-08 03:03:18,31100.0,100.0,436500.0
918,2021-10-08 03:03:18,31100.0,1500.0,436400.0
919,2021-10-08 03:03:18,31100.0,100.0,434900.0
920,2021-10-08 03:03:18,31100.0,200.0,434800.0
921,2021-10-08 03:03:06,31100.0,1800.0,434600.0
922,2021-10-08 03:03:06,31100.0,900.0,432800.0
923,2021-10-08 03:03:06,31100.0,500.0,431900.0
924,2021-10-08 03:03:06,31100.0,1000.0,431400.0
925,2021-10-08 03:03:06,31100.0,800.0,430400.0
926,2021-10-08 03:02:40,31150.0,100.0,429600.0
927,2021-10-08 03:02:40,31150.0,700.0,429500.0
928,2021-10-08 03:02:25,31150.0,100.0,428800.0
929,2021-10-08 03:01:42,31150.0,200.0,428700.0
930,2021-10-08 03:01:42,31150.0,500.0,428500.0
931,2021-10-08 03:01:08,31150.0,400.0,428000.0
932,2021-10-08 03:01:08,31150.0,100.0,427600.0
933,2021-10-08 03:01:08,31150.0,1500.0,427500.0
934,2021-10-08 03:01:00,31100.0,200.0,426000.0
935,2021-10-08 03:01:00,31100.0,100.0,425800.0
936,2021-10-08 03:00:41,31150.0,1000.0,425700.0
937,2021-10-08 02:59:58,31150.0,200.0,424700.0
938,2021-10-08 02:59:52,31150.0,1500.0,424500.0
939,2021-10-08 02:59:37,31150.0,800.0,423000.0
940,2021-10-08 02:59:37,31150.0,400.0,422200.0
941,2021-10-08 02:59:16,31150.0,100.0,421800.0
942,2021-10-08 02:59:08,31150.0,4500.0,421700.0
943,2021-10-08 02:59:07,31150.0,200.0,417200.0
944,2021-10-08 02:58:34,31150.0,5000.0,417000.0
945,2021-10-08 02:58:34,31150.0,200.0,412000.0
946,2021-10-08 02:58:29,31150.0,100.0,411800.0
947,2021-10-08 02:58:21,31100.0,900.0,411700.0
948,2021-10-08 02:58:21,31100.0,100.0,410800.0
949,2021-10-08 02:58:21,31100.0,700.0,410700.0
950,2021-10-08 02:58:21,31150.0,100.0,410000.0
951,2021-10-08 02:58:21,31150.0,200.0,409900.0
952,2021-10-08 02:57:57,31200.0,100.0,409700.0
953,2021-10-08 02:57:52,31200.0,1200.0,409600.0
954,2021-10-08 02:57:52,31150.0,3600.0,408400.0
955,2021-10-08 02:57:48,31150.0,400.0,404800.0
956,2021-10-08 02:57:47,31150.0,1000.0,404400.0
957,2021-10-08 02:57:35,31200.0,500.0,403400.0
958,2021-10-08 02:57:32,31200.0,100.0,402900.0
959,2021-10-08 02:57:26,31200.0,1000.0,402800.0
960,2021-10-08 02:57:26,31200.0,100.0,401800.0
961,2021-10-08 02:57:26,31200.0,100.0,401700.0
962,2021-10-08 02:57:26,31200.0,2000.0,401600.0
963,2021-10-08 02:57:26,31200.0,100.0,399600.0
964,2021-10-08 02:57:26,31200.0,200.0,399500.0
965,2021-10-08 02:57:26,31200.0,1100.0,399300.0
966,2021-10-08 02:57:26,31150.0,5000.0,398200.0
967,2021-10-08 02:57:16,31100.0,300.0,393200.0
968,2021-10-08 02:57:16,31100.0,100.0,392900.0
969,2021-10-08 02:57:16,31100.0,100.0,392800.0
970,2021-10-08 02:56:14,31100.0,100.0,392700.0
971,2021-10-08 02:54:05,31200.0,900.0,392600.0
972,2021-10-08 02:54:05,31200.0,100.0,391700.0
973,2021-10-08 02:54:05,31200.0,100.0,391600.0
974,2021-10-08 02:54:05,31200.0,1000.0,391500.0
975,2021-10-08 02:54:05,31200.0,900.0,390500.0
976,2021-10-08 02:53:48,31200.0,100.0,389600.0
977,2021-10-08 02:53:48,31200.0,100.0,389500.0
978,2021-10-08 02:53:48,31200.0,100.0,389400.0
979,2021-10-08 02:53:48,31200.0,200.0,389300.0
980,2021-10-08 02:53:22,31200.0,200.0,389100.0
981,2021-10-08 02:53:22,31200.0,800.0,388900.0
982,2021-10-08 02:53:21,31000.0,100.0,388100.0
983,2021-10-08 02:53:19,31200.0,100.0,388000.0
984,2021-10-08 02:53:00,31000.0,100.0,387900.0
985,2021-10-08 02:53:00,31000.0,300.0,387800.0
986,2021-10-08 02:53:00,31000.0,100.0,387500.0
987,2021-10-08 02:52:18,31000.0,1900.0,387400.0
988,2021-10-08 02:52:18,31000.0,7500.0,385500.0
989,2021-10-08 02:52:18,31000.0,500.0,378000.0
990,2021-10-08 02:51:54,31200.0,4100.0,377500.0
991,2021-10-08 02:51:54,31000.0,900.0,373400.0
992,2021-10-08 02:51:49,31000.0,700.0,372500.0
993,2021-10-08 02:51:43,31000.0,100.0,371800.0
994,2021-10-08 02:51:33,31000.0,200.0,371700.0
995,2021-10-08 02:51:11,31000.0,200.0,371500.0
996,2021-10-08 02:51:11,31000.0,500.0,371300.0
997,2021-10-08 02:51:11,31000.0,2000.0,370800.0
998,2021-10-08 02:51:11,31000.0,200.0,368800.0
999,2021-10-08 02:51:11,31000.0,500.0,368600.0
1000,2021-10-08 02:51:11,31000.0,1700.0,368100.0
1001,2021-10-08 02:51:11,31000.0,1000.0,366400.0
1002,2021-10-08 02:51:11,31000.0,6000.0,365400.0
1003,2021-10-08 02:51:11,31000.0,100.0,359400.0
1004,2021-10-08 02:51:11,31000.0,1000.0,359300.0
1005,2021-10-08 02:51:11,31000.0,100.0,358300.0
1006,2021-10-08 02:51:11,31000.0,100.0,358200.0
1007,2021-10-08 02:51:11,31000.0,200.0,358100.0
1008,2021-10-08 02:51:11,31000.0,500.0,357900.0
1009,2021-10-08 02:51:11,31000.0,600.0,357400.0
1010,2021-10-08 02:51:11,31100.0,1000.0,356800.0
1011,2021-10-08 02:51:03,31200.0,1000.0,355800.0
1012,2021-10-08 02:50:46,31200.0,300.0,354800.0
1013,2021-10-08 02:50:39,31200.0,900.0,354500.0
1014,2021-10-08 02:50:05,31200.0,200.0,353600.0
1015,2021-10-08 02:50:05,31100.0,3000.0,353400.0
1016,2021-10-08 02:50:05,31100.0,1000.0,350400.0
1017,2021-10-08 02:50:05,31100.0,800.0,349400.0
1018,2021-10-08 02:49:57,31000.0,100.0,348600.0
1019,2021-10-08 02:49:57,31000.0,1900.0,348500.0
1020,2021-10-08 02:49:52,31000.0,3100.0,346600.0
1021,2021-10-08 02:49:52,31000.0,100.0,343500.0
1022,2021-10-08 02:49:52,31000.0,1800.0,343400.0
1023,2021-10-08 02:49:48,31100.0,1000.0,341600.0
1024,2021-10-08 02:49:43,31000.0,200.0,340600.0
1025,2021-10-08 02:49:43,31000.0,100.0,340400.0
1026,2021-10-08 02:49:43,31000.0,200.0,340300.0
1027,2021-10-08 02:49:37,31100.0,500.0,340100.0
1028,2021-10-08 02:49:13,31100.0,1000.0,339600.0
1029,2021-10-08 02:49:12,31000.0,300.0,338600.0
1030,2021-10-08 02:49:10,31100.0,600.0,338300.0
1031,2021-10-08 02:48:49,31100.0,100.0,337700.0
1032,2021-10-08 02:48:20,31100.0,1000.0,337600.0
1033,2021-10-08 02:48:00,31100.0,1800.0,336600.0
1034,2021-10-08 02:47:57,31100.0,1000.0,334800.0
1035,2021-10-08 02:47:48,31100.0,200.0,333800.0
1036,2021-10-08 02:47:48,31150.0,2000.0,333600.0
1037,2021-10-08 02:47:43,31200.0,2600.0,331600.0
1038,2021-10-08 02:47:43,31200.0,2400.0,329000.0
1039,2021-10-08 02:47:43,31150.0,5000.0,326600.0
1040,2021-10-08 02:47:10,31100.0,100.0,321600.0
1041,2021-10-08 02:46:58,31000.0,2300.0,321500.0
1042,2021-10-08 02:46:51,31000.0,100.0,319200.0
1043,2021-10-08 02:46:50,31000.0,100.0,319100.0
1044,2021-10-08 02:46:50,31000.0,1000.0,319000.0
1045,2021-10-08 02:46:50,31000.0,1000.0,318000.0
1046,2021-10-08 02:46:50,31000.0,2000.0,317000.0
1047,2021-10-08 02:46:50,31100.0,200.0,315000.0
1048,2021-10-08 02:46:50,31100.0,1100.0,314800.0
1049,2021-10-08 02:46:50,31100.0,2000.0,313700.0
1050,2021-10-08 02:46:50,31100.0,2100.0,311700.0
1051,2021-10-08 02:46:50,31100.0,300.0,309600.0
1052,2021-10-08 02:46:50,31100.0,100.0,309300.0
1053,2021-10-08 02:46:50,31100.0,1500.0,309200.0
1054,2021-10-08 02:46:50,31100.0,1200.0,307700.0
1055,2021-10-08 02:46:30,31200.0,2600.0,306500.0
1056,2021-10-08 02:46:30,31200.0,2000.0,303900.0
1057,2021-10-08 02:46:30,31200.0,400.0,301900.0
1058,2021-10-08 02:46:21,31100.0,2900.0,301500.0
1059,2021-10-08 02:46:09,31100.0,100.0,298600.0
1060,2021-10-08 02:46:09,31150.0,100.0,298500.0
1061,2021-10-08 02:45:37,31100.0,100.0,298400.0
1062,2021-10-08 02:45:35,31200.0,1600.0,298300.0
1063,2021-10-08 02:45:35,31200.0,3000.0,296700.0
1064,2021-10-08 02:45:35,31200.0,400.0,293700.0
1065,2021-10-08 02:45:31,31100.0,200.0,293300.0
1066,2021-10-08 02:45:23,31000.0,300.0,293100.0
1067,2021-10-08 02:45:23,31050.0,200.0,292800.0
1068,2021-10-08 02:45:23,31100.0,300.0,292600.0
1069,2021-10-08 02:45:23,31100.0,200.0,292300.0
1070,2021-10-08 02:45:12,31100.0,100.0,292100.0
1071,2021-10-08 02:45:10,31200.0,1600.0,292000.0
1072,2021-10-08 02:45:10,31150.0,200.0,290400.0
1073,2021-10-08 02:45:10,31150.0,3000.0,290200.0
1074,2021-10-08 02:45:10,31150.0,5000.0,287200.0
1075,2021-10-08 02:45:10,31150.0,100.0,282200.0
1076,2021-10-08 02:45:10,31100.0,200.0,282100.0
1077,2021-10-08 02:45:10,31100.0,500.0,281900.0
1078,2021-10-08 02:45:10,31100.0,1400.0,281400.0
1079,2021-10-08 02:45:06,31100.0,600.0,280000.0
1080,2021-10-08 02:44:52,31050.0,200.0,279400.0
1081,2021-10-08 02:44:52,31050.0,200.0,279200.0
1082,2021-10-08 02:44:23,31000.0,700.0,279000.0
1083,2021-10-08 02:44:22,30950.0,500.0,278300.0
1084,2021-10-08 02:44:21,31000.0,4000.0,277800.0
1085,2021-10-08 02:44:21,31000.0,10300.0,273800.0
1086,2021-10-08 02:44:21,31000.0,100.0,263500.0
1087,2021-10-08 02:44:21,31000.0,2000.0,263400.0
1088,2021-10-08 02:44:21,31000.0,300.0,261400.0
1089,2021-10-08 02:44:21,31000.0,100.0,261100.0
1090,2021-10-08 02:44:21,31000.0,100.0,261000.0
1091,2021-10-08 02:44:21,31000.0,100.0,260900.0
1092,2021-10-08 02:44:16,31000.0,400.0,260800.0
1093,2021-10-08 02:44:16,31000.0,200.0,260400.0
1094,2021-10-08 02:44:16,31000.0,2000.0,260200.0
1095,2021-10-08 02:44:16,31000.0,2400.0,258200.0
1096,2021-10-08 02:44:15,31000.0,300.0,255800.0
1097,2021-10-08 02:44:14,31000.0,500.0,255500.0
1098,2021-10-08 02:44:12,31000.0,1200.0,255000.0
1099,2021-10-08 02:44:05,31000.0,600.0,253800.0
1100,2021-10-08 02:44:05,31000.0,2000.0,253200.0
1101,2021-10-08 02:44:05,31000.0,300.0,251200.0
1102,2021-10-08 02:44:05,31000.0,100.0,250900.0
1103,2021-10-08 02:44:05,31000.0,100.0,250800.0
1104,2021-10-08 02:44:05,31000.0,200.0,250700.0
1105,2021-10-08 02:44:05,31000.0,600.0,250500.0
1106,2021-10-08 02:44:05,31000.0,500.0,249900.0
1107,2021-10-08 02:44:05,31000.0,1000.0,249400.0
1108,2021-10-08 02:44:05,31000.0,500.0,248400.0
1109,2021-10-08 02:44:05,31000.0,4100.0,247900.0
1110,2021-10-08 02:43:54,31000.0,900.0,243800.0
1111,2021-10-08 02:43:54,31000.0,3000.0,242900.0
1112,2021-10-08 02:43:54,31000.0,500.0,239900.0
1113,2021-10-08 02:43:54,30950.0,200.0,239400.0
1114,2021-10-08 02:43:54,30950.0,400.0,239200.0
1115,2021-10-08 02:43:46,30950.0,400.0,238800.0
1116,2021-10-08 02:43:46,30900.0,100.0,238400.0
1117,2021-10-08 02:43:40,30950.0,100.0,238300.0
1118,2021-10-08 02:43:40,30950.0,4000.0,238200.0
1119,2021-10-08 02:43:40,30950.0,200.0,234200.0
1120,2021-10-08 02:43:40,30900.0,300.0,234000.0
1121,2021-10-08 02:43:40,30900.0,400.0,233700.0
1122,2021-10-08 02:43:32,30900.0,1000.0,233300.0
1123,2021-10-08 02:43:31,30900.0,800.0,232300.0
1124,2021-10-08 02:43:29,30900.0,200.0,231500.0
1125,2021-10-08 02:43:29,30900.0,700.0,231300.0
1126,2021-10-08 02:43:26,30900.0,500.0,230600.0
1127,2021-10-08 02:43:23,30900.0,200.0,230100.0
1128,2021-10-08 02:43:15,30900.0,1200.0,229900.0
1129,2021-10-08 02:43:15,30900.0,700.0,228700.0
1130,2021-10-08 02:42:49,30900.0,100.0,228000.0
1131,2021-10-08 02:42:44,30900.0,1200.0,227900.0
1132,2021-10-08 02:42:44,30900.0,3200.0,226700.0
1133,2021-10-08 02:42:41,30900.0,500.0,223500.0
1134,2021-10-08 02:42:31,30900.0,300.0,223000.0
1135,2021-10-08 02:42:03,30800.0,400.0,222700.0
1136,2021-10-08 02:42:00,30800.0,600.0,222300.0
1137,2021-10-08 02:42:00,30800.0,1000.0,221700.0
1138,2021-10-08 02:42:00,30800.0,2000.0,220700.0
1139,2021-10-08 02:42:00,30800.0,100.0,218700.0
1140,2021-10-08 02:42:00,30800.0,500.0,218600.0
1141,2021-10-08 02:42:00,30800.0,800.0,218100.0
1142,2021-10-08 02:41:51,30800.0,200.0,217300.0
1143,2021-10-08 02:41:44,30800.0,500.0,217100.0
1144,2021-10-08 02:41:38,30800.0,3500.0,216600.0
1145,2021-10-08 02:41:38,30800.0,3000.0,213100.0
1146,2021-10-08 02:41:38,30800.0,400.0,210100.0
1147,2021-10-08 02:41:38,30800.0,100.0,209700.0
1148,2021-10-08 02:41:38,30800.0,100.0,209600.0
1149,2021-10-08 02:41:38,30800.0,900.0,209500.0
1150,2021-10-08 02:41:30,30800.0,1000.0,208600.0
1151,2021-10-08 02:41:30,30800.0,200.0,207600.0
1152,2021-10-08 02:41:13,30800.0,200.0,207400.0
1153,2021-10-08 02:40:40,30800.0,200.0,207200.0
1154,2021-10-08 02:40:26,30800.0,100.0,207000.0
1155,2021-10-08 02:40:25,30800.0,1000.0,206900.0
1156,2021-10-08 02:39:59,30800.0,10000.0,205900.0
1157,2021-10-08 02:39:45,30800.0,500.0,195900.0
1158,2021-10-08 02:39:42,30750.0,1600.0,195400.0
1159,2021-10-08 02:39:42,30750.0,1400.0,193800.0
1160,2021-10-08 02:39:33,30700.0,200.0,192400.0
1161,2021-10-08 02:39:33,30800.0,5900.0,192200.0
1162,2021-10-08 02:39:33,30750.0,3300.0,186300.0
1163,2021-10-08 02:39:33,30750.0,500.0,183000.0
1164,2021-10-08 02:38:57,30750.0,100.0,182500.0
1165,2021-10-08 02:38:48,30750.0,400.0,182400.0
1166,2021-10-08 02:38:42,30700.0,2000.0,182000.0
1167,2021-10-08 02:38:33,30700.0,3000.0,180000.0
1168,2021-10-08 02:38:24,30700.0,300.0,177000.0
1169,2021-10-08 02:37:41,30750.0,100.0,176700.0
1170,2021-10-08 02:37:41,30750.0,100.0,176600.0
1171,2021-10-08 02:37:41,30750.0,100.0,176500.0
1172,2021-10-08 02:37:41,30750.0,100.0,176400.0
1173,2021-10-08 02:37:31,30700.0,500.0,176300.0
1174,2021-10-08 02:37:31,30700.0,1000.0,175800.0
1175,2021-10-08 02:37:31,30700.0,400.0,174800.0
1176,2021-10-08 02:37:31,30700.0,2000.0,174400.0
1177,2021-10-08 02:37:31,30700.0,500.0,172400.0
1178,2021-10-08 02:37:31,30700.0,100.0,171900.0
1179,2021-10-08 02:37:31,30700.0,3500.0,171800.0
1180,2021-10-08 02:37:30,30600.0,2000.0,168300.0
1181,2021-10-08 02:37:28,30600.0,1300.0,166300.0
1182,2021-10-08 02:37:28,30600.0,100.0,165000.0
1183,2021-10-08 02:37:28,30600.0,100.0,164900.0
1184,2021-10-08 02:37:28,30600.0,500.0,164800.0
1185,2021-10-08 02:37:17,30700.0,100.0,164300.0
1186,2021-10-08 02:37:17,30700.0,500.0,164200.0
1187,2021-10-08 02:37:06,30700.0,300.0,163700.0
1188,2021-10-08 02:37:05,30700.0,100.0,163400.0
1189,2021-10-08 02:37:05,30700.0,200.0,163300.0
1190,2021-10-08 02:37:05,30700.0,100.0,163100.0
1191,2021-10-08 02:37:05,30700.0,200.0,163000.0
1192,2021-10-08 02:37:05,30700.0,100.0,162800.0
1193,2021-10-08 02:37:05,30700.0,200.0,162700.0
1194,2021-10-08 02:37:05,30700.0,1000.0,162500.0
1195,2021-10-08 02:37:05,30700.0,1100.0,161500.0
1196,2021-10-08 02:36:36,30700.0,100.0,160400.0
1197,2021-10-08 02:36:36,30700.0,400.0,160300.0
1198,2021-10-08 02:36:07,30700.0,1000.0,159900.0
1199,2021-10-08 02:36:03,30700.0,300.0,158900.0
1200,2021-10-08 02:35:44,30700.0,1300.0,158600.0
1201,2021-10-08 02:35:44,30700.0,2000.0,157300.0
1202,2021-10-08 02:35:44,30700.0,100.0,155300.0
1203,2021-10-08 02:35:44,30700.0,1600.0,155200.0
1204,2021-10-08 02:35:39,30700.0,100.0,153600.0
1205,2021-10-08 02:35:24,30700.0,5000.0,153500.0
1206,2021-10-08 02:35:24,30700.0,100.0,148500.0
1207,2021-10-08 02:35:09,30700.0,1000.0,148400.0
1208,2021-10-08 02:33:56,30600.0,600.0,147400.0
1209,2021-10-08 02:33:51,30600.0,200.0,146800.0
1210,2021-10-08 02:33:09,30600.0,1600.0,146600.0
1211,2021-10-08 02:33:09,30600.0,400.0,145000.0
1212,2021-10-08 02:33:09,30600.0,200.0,144600.0
1213,2021-10-08 02:32:44,30550.0,1000.0,144400.0
1214,2021-10-08 02:32:38,30550.0,300.0,143400.0
1215,2021-10-08 02:32:26,30550.0,1200.0,143100.0
1216,2021-10-08 02:32:26,30550.0,500.0,141900.0
1217,2021-10-08 02:32:26,30550.0,1500.0,141400.0
1218,2021-10-08 02:32:18,30550.0,800.0,139900.0
1219,2021-10-08 02:32:18,30550.0,500.0,139100.0
1220,2021-10-08 02:32:17,30600.0,1700.0,138600.0
1221,2021-10-08 02:32:07,30600.0,1700.0,136900.0
1222,2021-10-08 02:31:59,30550.0,200.0,135200.0
1223,2021-10-08 02:31:59,30550.0,100.0,135000.0
1224,2021-10-08 02:31:50,30600.0,300.0,134900.0
1225,2021-10-08 02:31:15,30550.0,1000.0,134600.0
1226,2021-10-08 02:30:54,30600.0,1100.0,133600.0
1227,2021-10-08 02:30:54,30600.0,100.0,132500.0
1228,2021-10-08 02:30:54,30600.0,1000.0,132400.0
1229,2021-10-08 02:30:54,30600.0,2800.0,131400.0
1230,2021-10-08 02:30:37,30600.0,500.0,128600.0
1231,2021-10-08 02:30:10,30500.0,4200.0,128100.0
1232,2021-10-08 02:30:10,30500.0,500.0,123900.0
1233,2021-10-08 02:30:10,30500.0,100.0,123400.0
1234,2021-10-08 02:30:10,30550.0,200.0,123300.0
1235,2021-10-08 02:30:01,30550.0,100.0,123100.0
1236,2021-10-08 02:30:01,30550.0,2100.0,123000.0
1237,2021-10-08 02:29:58,30500.0,200.0,120900.0
1238,2021-10-08 02:29:50,30500.0,200.0,120700.0
1239,2021-10-08 02:29:46,30500.0,500.0,120500.0
1240,2021-10-08 02:29:42,30500.0,100.0,120000.0
1241,2021-10-08 02:29:42,30500.0,400.0,119900.0
1242,2021-10-08 02:29:27,30500.0,100.0,119500.0
1243,2021-10-08 02:29:27,30500.0,100.0,119400.0
1244,2021-10-08 02:29:25,30500.0,300.0,119300.0
1245,2021-10-08 02:29:25,30500.0,100.0,119000.0
1246,2021-10-08 02:29:18,30500.0,200.0,118900.0
1247,2021-10-08 02:29:10,30500.0,1000.0,118700.0
1248,2021-10-08 02:29:07,30500.0,400.0,117700.0
1249,2021-10-08 02:29:05,30500.0,500.0,117300.0
1250,2021-10-08 02:28:43,30500.0,500.0,116800.0
1251,2021-10-08 02:28:28,30500.0,500.0,116300.0
1252,2021-10-08 02:28:23,30500.0,200.0,115800.0
1253,2021-10-08 02:28:20,30550.0,900.0,115600.0
1254,2021-10-08 02:28:20,30550.0,1000.0,114700.0
1255,2021-10-08 02:28:20,30550.0,200.0,113700.0
1256,2021-10-08 02:28:20,30550.0,900.0,113500.0
1257,2021-10-08 02:28:16,30500.0,300.0,112600.0
1258,2021-10-08 02:28:15,30500.0,3000.0,112300.0
1259,2021-10-08 02:28:11,30500.0,400.0,109300.0
1260,2021-10-08 02:28:06,30500.0,2700.0,108900.0
1261,2021-10-08 02:28:06,30500.0,300.0,106200.0
1262,2021-10-08 02:28:02,30500.0,100.0,105900.0
1263,2021-10-08 02:28:00,30500.0,2600.0,105800.0
1264,2021-10-08 02:28:00,30500.0,100.0,103200.0
1265,2021-10-08 02:28:00,30500.0,300.0,103100.0
1266,2021-10-08 02:27:46,30500.0,200.0,102800.0
1267,2021-10-08 02:27:00,30450.0,300.0,102600.0
1268,2021-10-08 02:27:00,30450.0,200.0,102300.0
1269,2021-10-08 02:27:00,30500.0,500.0,102100.0
1270,2021-10-08 02:26:31,30500.0,500.0,101600.0
1271,2021-10-08 02:26:31,30500.0,900.0,101100.0
1272,2021-10-08 02:26:31,30500.0,300.0,100200.0
1273,2021-10-08 02:26:31,30500.0,500.0,99900.0
1274,2021-10-08 02:26:31,30500.0,100.0,99400.0
1275,2021-10-08 02:26:31,30500.0,400.0,99300.0
1276,2021-10-08 02:26:27,30550.0,300.0,98900.0
1277,2021-10-08 02:26:18,30500.0,600.0,98600.0
1278,2021-10-08 02:26:18,30500.0,100.0,98000.0
1279,2021-10-08 02:26:18,30500.0,3300.0,97900.0
1280,2021-10-08 02:26:04,30500.0,600.0,94600.0
1281,2021-10-08 02:25:43,30500.0,500.0,94000.0
1282,2021-10-08 02:25:20,30500.0,500.0,93500.0
1283,2021-10-08 02:25:15,30550.0,600.0,93000.0
1284,2021-10-08 02:25:06,30500.0,5000.0,92400.0
1285,2021-10-08 02:25:06,30500.0,100.0,87400.0
1286,2021-10-08 02:25:02,30500.0,200.0,87300.0
1287,2021-10-08 02:25:02,30500.0,300.0,87100.0
1288,2021-10-08 02:25:02,30500.0,500.0,86800.0
1289,2021-10-08 02:25:00,30500.0,100.0,86300.0
1290,2021-10-08 02:25:00,30500.0,100.0,86200.0
1291,2021-10-08 02:25:00,30500.0,100.0,86100.0
1292,2021-10-08 02:24:41,30500.0,200.0,86000.0
1293,2021-10-08 02:23:57,30500.0,100.0,85800.0
1294,2021-10-08 02:23:57,30500.0,100.0,85700.0
1295,2021-10-08 02:23:57,30500.0,100.0,85600.0
1296,2021-10-08 02:23:27,30500.0,100.0,85500.0
1297,2021-10-08 02:23:27,30500.0,200.0,85400.0
1298,2021-10-08 02:23:21,30500.0,300.0,85200.0
1299,2021-10-08 02:23:21,30500.0,500.0,84900.0
1300,2021-10-08 02:23:21,30500.0,100.0,84400.0
1301,2021-10-08 02:23:21,30500.0,100.0,84300.0
1302,2021-10-08 02:23:21,30500.0,1000.0,84200.0
1303,2021-10-08 02:23:21,30500.0,100.0,83200.0
1304,2021-10-08 02:23:21,30500.0,1000.0,83100.0
1305,2021-10-08 02:23:21,30500.0,300.0,82100.0
1306,2021-10-08 02:23:21,30500.0,500.0,81800.0
1307,2021-10-08 02:23:07,30500.0,200.0,81300.0
1308,2021-10-08 02:23:07,30500.0,800.0,81100.0
1309,2021-10-08 02:22:52,30500.0,100.0,80300.0
1310,2021-10-08 02:22:44,30500.0,1100.0,80200.0
1311,2021-10-08 02:22:44,30500.0,300.0,79100.0
1312,2021-10-08 02:22:44,30500.0,600.0,78800.0
1313,2021-10-08 02:22:28,30500.0,300.0,78200.0
1314,2021-10-08 02:22:27,30500.0,2000.0,77900.0
1315,2021-10-08 02:22:25,30500.0,500.0,75900.0
1316,2021-10-08 02:22:19,30550.0,300.0,75400.0
1317,2021-10-08 02:22:18,30500.0,1100.0,75100.0
1318,2021-10-08 02:22:18,30500.0,200.0,74000.0
1319,2021-10-08 02:22:18,30500.0,1700.0,73800.0
1320,2021-10-08 02:22:11,30500.0,200.0,72100.0
1321,2021-10-08 02:22:09,30550.0,100.0,71900.0
1322,2021-10-08 02:22:01,30500.0,1100.0,71800.0
1323,2021-10-08 02:21:37,30550.0,300.0,70700.0
1324,2021-10-08 02:21:33,30550.0,500.0,70400.0
1325,2021-10-08 02:21:19,30550.0,100.0,69900.0
1326,2021-10-08 02:21:15,30550.0,400.0,69800.0
1327,2021-10-08 02:20:53,30550.0,500.0,69400.0
1328,2021-10-08 02:20:53,30550.0,500.0,68900.0
1329,2021-10-08 02:20:40,30550.0,1000.0,68400.0
1330,2021-10-08 02:20:37,30600.0,300.0,67400.0
1331,2021-10-08 02:20:19,30550.0,300.0,67100.0
1332,2021-10-08 02:20:12,30550.0,200.0,66800.0
1333,2021-10-08 02:20:11,30550.0,100.0,66600.0
1334,2021-10-08 02:20:04,30550.0,300.0,66500.0
1335,2021-10-08 02:19:58,30600.0,400.0,66200.0
1336,2021-10-08 02:19:58,30600.0,200.0,65800.0
1337,2021-10-08 02:19:52,30550.0,200.0,65600.0
1338,2021-10-08 02:19:42,30550.0,1700.0,65400.0
1339,2021-10-08 02:19:27,30600.0,300.0,63700.0
1340,2021-10-08 02:19:27,30600.0,100.0,63400.0
1341,2021-10-08 02:19:27,30600.0,100.0,63300.0
1342,2021-10-08 02:19:27,30650.0,300.0,63200.0
1343,2021-10-08 02:19:19,30700.0,100.0,62900.0
1344,2021-10-08 02:18:54,30700.0,100.0,62800.0
1345,2021-10-08 02:18:54,30700.0,300.0,62700.0
1346,2021-10-08 02:17:41,30700.0,200.0,62400.0
1347,2021-10-08 02:17:41,30700.0,800.0,62200.0
1348,2021-10-08 02:17:24,30700.0,200.0,61400.0
1349,2021-10-08 02:16:44,30750.0,100.0,61200.0
1350,2021-10-08 02:16:39,30700.0,1600.0,61100.0
1351,2021-10-08 02:16:38,30700.0,500.0,59500.0
1352,2021-10-08 02:16:29,30700.0,2900.0,59000.0
1353,2021-10-08 02:16:29,30700.0,100.0,56100.0
1354,2021-10-08 02:16:29,30700.0,500.0,56000.0
1355,2021-10-08 02:16:29,30700.0,100.0,55500.0
1356,2021-10-08 02:16:29,30700.0,3500.0,55400.0
1357,2021-10-08 02:16:29,30700.0,1000.0,51900.0
1358,2021-10-08 02:16:29,30700.0,10000.0,50900.0
1359,2021-10-08 02:16:29,30700.0,5000.0,40900.0
1360,2021-10-08 02:16:29,30700.0,2600.0,35900.0
1361,2021-10-08 02:16:29,30700.0,1000.0,33300.0
1362,2021-10-08 02:16:29,30700.0,1000.0,32300.0
1363,2021-10-08 02:16:29,30700.0,3000.0,31300.0
1364,2021-10-08 02:16:29,30700.0,100.0,28300.0
1365,2021-10-08 02:16:29,30700.0,4200.0,28200.0
1366,2021-10-08 02:15:04,30800.0,500.0,24000.0
1367,2021-10-08 02:15:00,30700.0,500.0,23500.0
1368,2021-10-08 02:15:00,30700.0,4300.0,23000.0
1369,2021-10-08 02:15:00,30700.0,100.0,18700.0
1370,2021-10-08 02:15:00,30700.0,200.0,18600.0
1371,2021-10-08 02:15:00,30700.0,1000.0,18400.0
1372,2021-10-08 02:15:00,30700.0,2800.0,17400.0
1373,2021-10-08 02:15:00,30700.0,200.0,14600.0
1374,2021-10-08 02:15:00,30700.0,2600.0,14400.0
1375,2021-10-08 02:15:00,30700.0,1400.0,11800.0
1376,2021-10-08 02:15:00,30700.0,100.0,10400.0
1377,2021-10-08 02:15:00,30700.0,500.0,10300.0
1378,2021-10-08 02:15:00,30700.0,1000.0,9800.0
1379,2021-10-08 02:15:00,30700.0,100.0,8800.0
1380,2021-10-08 02:15:00,30700.0,4300.0,8700.0
1381,2021-10-08 02:15:00,30700.0,1000.0,4400.0
1382,2021-10-08 02:15:00,30700.0,100.0,3400.0
1383,2021-10-08 02:15:00,30700.0,1500.0,3300.0
1384,2021-10-08 02:15:00,30700.0,1000.0,1800.0
1385,2021-10-08 02:15:00,30700.0,500.0,800.0
1386,2021-10-08 02:15:00,30700.0,300.0,300.0
