,Time,Price,Volume_per_trade,Volume
0,2021-10-01 14:45:00,26700.0,1000.0,1025000.0
1,2021-10-01 14:45:00,26700.0,2300.0,1024000.0
2,2021-10-01 14:45:00,26700.0,5000.0,1021700.0
3,2021-10-01 14:45:00,26700.0,200.0,1016700.0
4,2021-10-01 14:45:00,26700.0,1000.0,1016500.0
5,2021-10-01 14:45:00,26700.0,100.0,1015500.0
6,2021-10-01 14:45:00,26700.0,1500.0,1015400.0
7,2021-10-01 14:45:00,26700.0,300.0,1013900.0
8,2021-10-01 14:45:00,26700.0,600.0,1013600.0
9,2021-10-01 14:45:00,26700.0,2200.0,1013000.0
10,2021-10-01 14:45:00,26700.0,2000.0,1010800.0
11,2021-10-01 14:45:00,26700.0,1000.0,1008800.0
12,2021-10-01 14:45:00,26700.0,100.0,1007800.0
13,2021-10-01 14:45:00,26700.0,1000.0,1007700.0
14,2021-10-01 14:45:00,26700.0,2700.0,1006700.0
15,2021-10-01 14:45:00,26700.0,100.0,1004000.0
16,2021-10-01 14:45:00,26700.0,100.0,1003900.0
17,2021-10-01 14:45:00,26700.0,100.0,1003800.0
18,2021-10-01 14:45:00,26700.0,1000.0,1003700.0
19,2021-10-01 14:45:00,26700.0,500.0,1002700.0
20,2021-10-01 14:45:00,26700.0,100.0,1002200.0
21,2021-10-01 14:45:00,26700.0,1000.0,1002100.0
22,2021-10-01 14:45:00,26700.0,100.0,1001100.0
23,2021-10-01 14:45:00,26700.0,200.0,1001000.0
24,2021-10-01 14:45:00,26700.0,300.0,1000800.0
25,2021-10-01 14:45:00,26700.0,500.0,1000500.0
26,2021-10-01 14:45:00,26700.0,400.0,1000000.0
27,2021-10-01 14:45:00,26700.0,100.0,999600.0
28,2021-10-01 14:45:00,26700.0,500.0,999500.0
29,2021-10-01 14:45:00,26700.0,400.0,999000.0
30,2021-10-01 14:45:00,26700.0,1600.0,998600.0
31,2021-10-01 14:45:00,26700.0,2000.0,997000.0
32,2021-10-01 14:45:00,26700.0,2000.0,995000.0
33,2021-10-01 14:45:00,26700.0,300.0,993000.0
34,2021-10-01 14:45:00,26700.0,100.0,992700.0
35,2021-10-01 14:45:00,26700.0,600.0,992600.0
36,2021-10-01 14:45:00,26700.0,400.0,992000.0
37,2021-10-01 14:45:00,26700.0,500.0,991600.0
38,2021-10-01 14:45:00,26700.0,400.0,991100.0
39,2021-10-01 14:45:00,26700.0,100.0,990700.0
40,2021-10-01 14:45:00,26700.0,100.0,990600.0
41,2021-10-01 14:45:00,26700.0,500.0,990500.0
42,2021-10-01 14:45:00,26700.0,500.0,990000.0
43,2021-10-01 14:45:00,26700.0,1500.0,989500.0
44,2021-10-01 14:45:00,26700.0,500.0,988000.0
45,2021-10-01 14:45:00,26700.0,1000.0,987500.0
46,2021-10-01 14:45:00,26700.0,1000.0,986500.0
47,2021-10-01 14:29:56,26450.0,100.0,985500.0
48,2021-10-01 14:29:56,26450.0,300.0,985400.0
49,2021-10-01 14:29:56,26450.0,1000.0,985100.0
50,2021-10-01 14:29:56,26450.0,600.0,984100.0
51,2021-10-01 14:29:16,26450.0,2300.0,983500.0
52,2021-10-01 14:29:16,26450.0,1100.0,981200.0
53,2021-10-01 14:29:13,26450.0,500.0,980100.0
54,2021-10-01 14:29:09,26450.0,1000.0,979600.0
55,2021-10-01 14:29:08,26450.0,300.0,978600.0
56,2021-10-01 14:29:06,26450.0,2000.0,978300.0
57,2021-10-01 14:29:05,26450.0,100.0,976300.0
58,2021-10-01 14:28:56,26450.0,100.0,976200.0
59,2021-10-01 14:28:35,26450.0,200.0,976100.0
60,2021-10-01 14:28:30,26450.0,200.0,975900.0
61,2021-10-01 14:28:30,26450.0,200.0,975700.0
62,2021-10-01 14:28:30,26450.0,200.0,975500.0
63,2021-10-01 14:27:58,26450.0,1300.0,975300.0
64,2021-10-01 14:27:58,26450.0,700.0,974000.0
65,2021-10-01 14:27:36,26350.0,4900.0,973300.0
66,2021-10-01 14:27:36,26400.0,100.0,968400.0
67,2021-10-01 14:27:25,26450.0,2000.0,968300.0
68,2021-10-01 14:27:03,26450.0,1300.0,966300.0
69,2021-10-01 14:27:03,26450.0,400.0,965000.0
70,2021-10-01 14:27:03,26450.0,200.0,964600.0
71,2021-10-01 14:26:32,26450.0,400.0,964400.0
72,2021-10-01 14:26:32,26400.0,100.0,964000.0
73,2021-10-01 14:26:24,26400.0,200.0,963900.0
74,2021-10-01 14:26:22,26400.0,500.0,963700.0
75,2021-10-01 14:26:21,26400.0,400.0,963200.0
76,2021-10-01 14:26:17,26400.0,200.0,962800.0
77,2021-10-01 14:25:05,26400.0,800.0,962600.0
78,2021-10-01 14:24:29,26400.0,500.0,961800.0
79,2021-10-01 14:24:29,26400.0,10000.0,961300.0
80,2021-10-01 14:24:29,26400.0,200.0,951300.0
81,2021-10-01 14:24:29,26400.0,500.0,951100.0
82,2021-10-01 14:24:29,26400.0,100.0,950600.0
83,2021-10-01 14:24:29,26400.0,1800.0,950500.0
84,2021-10-01 14:23:45,26400.0,2000.0,948700.0
85,2021-10-01 14:23:09,26400.0,800.0,946700.0
86,2021-10-01 14:23:09,26350.0,400.0,945900.0
87,2021-10-01 14:22:52,26400.0,2200.0,945500.0
88,2021-10-01 14:22:52,26400.0,2800.0,943300.0
89,2021-10-01 14:22:52,26400.0,3000.0,940500.0
90,2021-10-01 14:22:52,26400.0,200.0,937500.0
91,2021-10-01 14:22:52,26400.0,100.0,937300.0
92,2021-10-01 14:22:52,26350.0,200.0,937200.0
93,2021-10-01 14:22:52,26350.0,500.0,937000.0
94,2021-10-01 14:22:52,26350.0,100.0,936500.0
95,2021-10-01 14:22:50,26350.0,100.0,936400.0
96,2021-10-01 14:21:49,26350.0,4100.0,936300.0
97,2021-10-01 14:21:06,26350.0,100.0,932200.0
98,2021-10-01 14:20:53,26350.0,1600.0,932100.0
99,2021-10-01 14:20:51,26350.0,400.0,930500.0
100,2021-10-01 14:20:22,26350.0,300.0,930100.0
101,2021-10-01 14:20:12,26350.0,3000.0,929800.0
102,2021-10-01 14:19:56,26350.0,100.0,926800.0
103,2021-10-01 14:19:47,26300.0,100.0,926700.0
104,2021-10-01 14:19:17,26300.0,200.0,926600.0
105,2021-10-01 14:17:01,26300.0,200.0,926400.0
106,2021-10-01 14:16:57,26300.0,400.0,926200.0
107,2021-10-01 14:16:57,26300.0,100.0,925800.0
108,2021-10-01 14:16:57,26300.0,500.0,925700.0
109,2021-10-01 14:16:57,26300.0,500.0,925200.0
110,2021-10-01 14:16:57,26300.0,200.0,924700.0
111,2021-10-01 14:16:57,26300.0,300.0,924500.0
112,2021-10-01 14:16:00,26300.0,300.0,924200.0
113,2021-10-01 14:14:05,26300.0,100.0,923900.0
114,2021-10-01 14:14:05,26300.0,4300.0,923800.0
115,2021-10-01 14:13:33,26300.0,700.0,919500.0
116,2021-10-01 14:13:05,26300.0,300.0,918800.0
117,2021-10-01 14:12:36,26300.0,1000.0,918500.0
118,2021-10-01 14:12:36,26300.0,1000.0,917500.0
119,2021-10-01 14:12:15,26300.0,500.0,916500.0
120,2021-10-01 14:12:02,26300.0,2000.0,916000.0
121,2021-10-01 14:11:56,26300.0,500.0,914000.0
122,2021-10-01 14:11:35,26300.0,1500.0,913500.0
123,2021-10-01 14:11:12,26300.0,1000.0,912000.0
124,2021-10-01 14:11:10,26300.0,1600.0,911000.0
125,2021-10-01 14:11:09,26300.0,100.0,909400.0
126,2021-10-01 14:11:04,26300.0,3000.0,909300.0
127,2021-10-01 14:10:59,26300.0,500.0,906300.0
128,2021-10-01 14:10:59,26300.0,100.0,905800.0
129,2021-10-01 14:10:59,26300.0,100.0,905700.0
130,2021-10-01 14:10:59,26300.0,200.0,905600.0
131,2021-10-01 14:10:59,26300.0,600.0,905400.0
132,2021-10-01 14:10:59,26300.0,100.0,904800.0
133,2021-10-01 14:10:59,26300.0,100.0,904700.0
134,2021-10-01 14:10:59,26300.0,9400.0,904600.0
135,2021-10-01 14:10:59,26300.0,400.0,895200.0
136,2021-10-01 14:10:59,26300.0,2000.0,894800.0
137,2021-10-01 14:10:59,26300.0,1500.0,892800.0
138,2021-10-01 14:10:59,26300.0,100.0,891300.0
139,2021-10-01 14:10:59,26350.0,300.0,891200.0
140,2021-10-01 14:10:59,26350.0,3400.0,890900.0
141,2021-10-01 14:10:48,26400.0,800.0,887500.0
142,2021-10-01 14:10:14,26400.0,200.0,886700.0
143,2021-10-01 14:10:14,26400.0,800.0,886500.0
144,2021-10-01 14:10:12,26400.0,200.0,885700.0
145,2021-10-01 14:10:05,26400.0,200.0,885500.0
146,2021-10-01 14:09:28,26400.0,400.0,885300.0
147,2021-10-01 14:08:57,26400.0,100.0,884900.0
148,2021-10-01 14:08:33,26400.0,1500.0,884800.0
149,2021-10-01 14:07:29,26400.0,400.0,883300.0
150,2021-10-01 14:07:29,26400.0,900.0,882900.0
151,2021-10-01 14:07:18,26400.0,100.0,882000.0
152,2021-10-01 14:07:18,26400.0,100.0,881900.0
153,2021-10-01 14:07:09,26400.0,200.0,881800.0
154,2021-10-01 14:07:05,26400.0,300.0,881600.0
155,2021-10-01 14:07:05,26400.0,500.0,881300.0
156,2021-10-01 14:06:38,26400.0,1000.0,880800.0
157,2021-10-01 14:05:58,26350.0,600.0,879800.0
158,2021-10-01 14:05:50,26350.0,300.0,879200.0
159,2021-10-01 14:05:50,26350.0,1600.0,878900.0
160,2021-10-01 14:05:09,26350.0,500.0,877300.0
161,2021-10-01 14:04:58,26350.0,200.0,876800.0
162,2021-10-01 14:02:31,26300.0,200.0,876600.0
163,2021-10-01 14:02:31,26350.0,200.0,876400.0
164,2021-10-01 13:57:11,26300.0,200.0,876200.0
165,2021-10-01 13:56:59,26300.0,400.0,876000.0
166,2021-10-01 13:56:00,26300.0,400.0,875600.0
167,2021-10-01 13:55:27,26300.0,100.0,875200.0
168,2021-10-01 13:55:00,26300.0,100.0,875100.0
169,2021-10-01 13:55:00,26300.0,1000.0,875000.0
170,2021-10-01 13:55:00,26300.0,2900.0,874000.0
171,2021-10-01 13:54:34,26300.0,5500.0,871100.0
172,2021-10-01 13:54:13,26300.0,1500.0,865600.0
173,2021-10-01 13:54:13,26300.0,500.0,864100.0
174,2021-10-01 13:53:07,26250.0,2000.0,863600.0
175,2021-10-01 13:52:47,26250.0,300.0,861600.0
176,2021-10-01 13:52:45,26250.0,2000.0,861300.0
177,2021-10-01 13:52:45,26250.0,400.0,859300.0
178,2021-10-01 13:52:45,26250.0,300.0,858900.0
179,2021-10-01 13:52:45,26250.0,900.0,858600.0
180,2021-10-01 13:52:23,26250.0,800.0,857700.0
181,2021-10-01 13:51:06,26200.0,200.0,856900.0
182,2021-10-01 13:50:35,26200.0,500.0,856700.0
183,2021-10-01 13:49:36,26200.0,400.0,856200.0
184,2021-10-01 13:49:05,26200.0,1000.0,855800.0
185,2021-10-01 13:49:05,26200.0,3000.0,854800.0
186,2021-10-01 13:48:09,26200.0,200.0,851800.0
187,2021-10-01 13:47:39,26200.0,400.0,851600.0
188,2021-10-01 13:47:39,26200.0,500.0,851200.0
189,2021-10-01 13:47:39,26200.0,1600.0,850700.0
190,2021-10-01 13:47:24,26200.0,100.0,849100.0
191,2021-10-01 13:46:56,26200.0,1500.0,849000.0
192,2021-10-01 13:45:47,26200.0,1500.0,847500.0
193,2021-10-01 13:45:47,26200.0,400.0,846000.0
194,2021-10-01 13:45:47,26200.0,900.0,845600.0
195,2021-10-01 13:45:47,26200.0,800.0,844700.0
196,2021-10-01 13:42:26,26200.0,500.0,843900.0
197,2021-10-01 13:42:26,26200.0,500.0,843400.0
198,2021-10-01 13:42:26,26200.0,500.0,842900.0
199,2021-10-01 13:42:26,26200.0,800.0,842400.0
200,2021-10-01 13:42:00,26200.0,100.0,841600.0
201,2021-10-01 13:41:24,26250.0,300.0,841500.0
202,2021-10-01 13:40:37,26300.0,300.0,841200.0
203,2021-10-01 13:40:07,26300.0,200.0,840900.0
204,2021-10-01 13:40:07,26300.0,1400.0,840700.0
205,2021-10-01 13:39:51,26300.0,600.0,839300.0
206,2021-10-01 13:39:51,26300.0,300.0,838700.0
207,2021-10-01 13:39:51,26300.0,1000.0,838400.0
208,2021-10-01 13:39:51,26300.0,1000.0,837400.0
209,2021-10-01 13:39:50,26300.0,100.0,836400.0
210,2021-10-01 13:39:28,26300.0,100.0,836300.0
211,2021-10-01 13:35:47,26300.0,800.0,836200.0
212,2021-10-01 13:35:47,26300.0,100.0,835400.0
213,2021-10-01 13:35:47,26300.0,400.0,835300.0
214,2021-10-01 13:35:27,26300.0,100.0,834900.0
215,2021-10-01 13:35:27,26300.0,200.0,834800.0
216,2021-10-01 13:35:27,26300.0,200.0,834600.0
217,2021-10-01 13:35:27,26300.0,500.0,834400.0
218,2021-10-01 13:35:27,26300.0,100.0,833900.0
219,2021-10-01 13:35:27,26300.0,600.0,833800.0
220,2021-10-01 13:33:05,26300.0,100.0,833200.0
221,2021-10-01 13:32:15,26200.0,100.0,833100.0
222,2021-10-01 13:29:43,26200.0,900.0,833000.0
223,2021-10-01 13:29:13,26200.0,100.0,832100.0
224,2021-10-01 13:29:13,26200.0,400.0,832000.0
225,2021-10-01 13:28:49,26300.0,100.0,831600.0
226,2021-10-01 13:25:05,26300.0,2000.0,831500.0
227,2021-10-01 13:24:08,26300.0,1000.0,829500.0
228,2021-10-01 13:23:20,26300.0,100.0,828500.0
229,2021-10-01 13:23:20,26300.0,500.0,828400.0
230,2021-10-01 13:23:20,26300.0,400.0,827900.0
231,2021-10-01 13:23:18,26300.0,600.0,827500.0
232,2021-10-01 13:23:18,26300.0,400.0,826900.0
233,2021-10-01 13:23:18,26300.0,300.0,826500.0
234,2021-10-01 13:23:18,26300.0,700.0,826200.0
235,2021-10-01 13:22:40,26300.0,1000.0,825500.0
236,2021-10-01 13:21:47,26300.0,1500.0,824500.0
237,2021-10-01 13:21:41,26300.0,1500.0,823000.0
238,2021-10-01 13:21:41,26300.0,200.0,821500.0
239,2021-10-01 13:21:27,26300.0,800.0,821300.0
240,2021-10-01 13:21:26,26300.0,1000.0,820500.0
241,2021-10-01 13:21:03,26300.0,3000.0,819500.0
242,2021-10-01 13:20:09,26400.0,200.0,816500.0
243,2021-10-01 13:20:03,26400.0,1700.0,816300.0
244,2021-10-01 13:19:47,26400.0,100.0,814600.0
245,2021-10-01 13:19:37,26400.0,1000.0,814500.0
246,2021-10-01 13:17:39,26450.0,100.0,813500.0
247,2021-10-01 13:16:16,26500.0,1600.0,813400.0
248,2021-10-01 13:15:42,26500.0,4400.0,811800.0
249,2021-10-01 13:15:42,26500.0,100.0,807400.0
250,2021-10-01 13:15:35,26600.0,400.0,807300.0
251,2021-10-01 13:15:18,26600.0,100.0,806900.0
252,2021-10-01 13:14:48,26600.0,100.0,806800.0
253,2021-10-01 13:13:35,26700.0,4300.0,806700.0
254,2021-10-01 13:13:35,26700.0,1800.0,802400.0
255,2021-10-01 13:13:35,26650.0,900.0,800600.0
256,2021-10-01 13:13:10,26700.0,500.0,799700.0
257,2021-10-01 13:13:10,26650.0,1000.0,799200.0
258,2021-10-01 13:13:08,26050.0,17600.0,798200.0
259,2021-10-01 13:13:08,26100.0,1000.0,780600.0
260,2021-10-01 13:13:08,26200.0,600.0,779600.0
261,2021-10-01 13:13:08,26200.0,1000.0,779000.0
262,2021-10-01 13:13:08,26250.0,500.0,778000.0
263,2021-10-01 13:13:08,26250.0,200.0,777500.0
264,2021-10-01 13:13:08,26250.0,500.0,777300.0
265,2021-10-01 13:13:08,26250.0,1700.0,776800.0
266,2021-10-01 13:13:08,26300.0,5000.0,775100.0
267,2021-10-01 13:13:08,26300.0,500.0,770100.0
268,2021-10-01 13:13:08,26300.0,3000.0,769600.0
269,2021-10-01 13:13:08,26300.0,5000.0,766600.0
270,2021-10-01 13:13:08,26300.0,100.0,761600.0
271,2021-10-01 13:13:08,26300.0,500.0,761500.0
272,2021-10-01 13:13:08,26400.0,500.0,761000.0
273,2021-10-01 13:13:08,26400.0,1000.0,760500.0
274,2021-10-01 13:13:08,26400.0,600.0,759500.0
275,2021-10-01 13:13:08,26500.0,100.0,758900.0
276,2021-10-01 13:13:08,26600.0,1000.0,758800.0
277,2021-10-01 13:13:08,26600.0,3000.0,757800.0
278,2021-10-01 13:13:08,26600.0,400.0,754800.0
279,2021-10-01 13:13:08,26650.0,200.0,754400.0
280,2021-10-01 13:13:05,26700.0,200.0,754200.0
281,2021-10-01 13:13:05,26700.0,300.0,754000.0
282,2021-10-01 13:13:02,26650.0,1000.0,753700.0
283,2021-10-01 13:12:40,26650.0,1400.0,752700.0
284,2021-10-01 13:12:40,26650.0,1300.0,751300.0
285,2021-10-01 13:12:40,26650.0,100.0,750000.0
286,2021-10-01 13:12:40,26650.0,1000.0,749900.0
287,2021-10-01 13:12:36,26600.0,200.0,748900.0
288,2021-10-01 13:12:29,26600.0,400.0,748700.0
289,2021-10-01 13:12:29,26600.0,500.0,748300.0
290,2021-10-01 13:12:29,26600.0,1100.0,747800.0
291,2021-10-01 13:10:47,26600.0,900.0,746700.0
292,2021-10-01 13:10:45,26600.0,900.0,745800.0
293,2021-10-01 13:10:22,26600.0,100.0,744900.0
294,2021-10-01 13:10:14,26600.0,600.0,744800.0
295,2021-10-01 13:10:06,26600.0,100.0,744200.0
296,2021-10-01 13:09:56,26600.0,100.0,744100.0
297,2021-10-01 13:09:56,26600.0,500.0,744000.0
298,2021-10-01 13:09:33,26600.0,2500.0,743500.0
299,2021-10-01 13:09:33,26500.0,300.0,741000.0
300,2021-10-01 13:09:33,26500.0,2000.0,740700.0
301,2021-10-01 13:09:33,26500.0,500.0,738700.0
302,2021-10-01 13:09:33,26500.0,200.0,738200.0
303,2021-10-01 13:09:33,26500.0,400.0,738000.0
304,2021-10-01 13:09:33,26500.0,500.0,737600.0
305,2021-10-01 13:09:33,26500.0,300.0,737100.0
306,2021-10-01 13:09:33,26400.0,500.0,736800.0
307,2021-10-01 13:09:33,26400.0,100.0,736300.0
308,2021-10-01 13:09:09,26300.0,200.0,736200.0
309,2021-10-01 13:09:09,26300.0,100.0,736000.0
310,2021-10-01 13:09:09,26300.0,200.0,735900.0
311,2021-10-01 13:09:08,26300.0,100.0,735700.0
312,2021-10-01 13:09:02,26300.0,2700.0,735600.0
313,2021-10-01 13:09:02,26300.0,2600.0,732900.0
314,2021-10-01 13:08:56,26300.0,400.0,730300.0
315,2021-10-01 13:08:56,26300.0,1600.0,729900.0
316,2021-10-01 13:08:31,26300.0,1000.0,728300.0
317,2021-10-01 13:08:31,26300.0,1000.0,727300.0
318,2021-10-01 13:08:20,26300.0,200.0,726300.0
319,2021-10-01 13:08:20,26300.0,300.0,726100.0
320,2021-10-01 13:08:15,26300.0,700.0,725800.0
321,2021-10-01 13:08:15,26300.0,200.0,725100.0
322,2021-10-01 13:08:15,26300.0,100.0,724900.0
323,2021-10-01 13:08:09,26300.0,500.0,724800.0
324,2021-10-01 13:07:51,26300.0,400.0,724300.0
325,2021-10-01 13:07:51,26300.0,500.0,723900.0
326,2021-10-01 13:07:51,26300.0,1000.0,723400.0
327,2021-10-01 13:07:51,26300.0,100.0,722400.0
328,2021-10-01 13:07:29,26250.0,400.0,722300.0
329,2021-10-01 13:07:29,26250.0,500.0,721900.0
330,2021-10-01 13:07:29,26250.0,400.0,721400.0
331,2021-10-01 13:07:27,26250.0,200.0,721000.0
332,2021-10-01 13:07:18,26250.0,400.0,720800.0
333,2021-10-01 13:07:18,26250.0,100.0,720400.0
334,2021-10-01 13:07:18,26250.0,2000.0,720300.0
335,2021-10-01 13:07:02,26250.0,4000.0,718300.0
336,2021-10-01 13:07:02,26250.0,1000.0,714300.0
337,2021-10-01 13:06:48,26200.0,400.0,713300.0
338,2021-10-01 13:06:03,26200.0,500.0,712900.0
339,2021-10-01 13:06:03,26200.0,500.0,712400.0
340,2021-10-01 13:06:03,26200.0,500.0,711900.0
341,2021-10-01 13:06:03,26200.0,100.0,711400.0
342,2021-10-01 13:06:03,26200.0,500.0,711300.0
343,2021-10-01 13:06:03,26200.0,300.0,710800.0
344,2021-10-01 13:05:13,26200.0,700.0,710500.0
345,2021-10-01 13:05:13,26150.0,1000.0,709800.0
346,2021-10-01 13:05:13,26150.0,3000.0,708800.0
347,2021-10-01 13:04:52,26100.0,500.0,705800.0
348,2021-10-01 13:04:52,26100.0,100.0,705300.0
349,2021-10-01 13:04:52,26100.0,600.0,705200.0
350,2021-10-01 13:04:33,26100.0,400.0,704600.0
351,2021-10-01 13:04:33,26100.0,400.0,704200.0
352,2021-10-01 13:04:33,26100.0,200.0,703800.0
353,2021-10-01 13:04:18,26050.0,1000.0,703600.0
354,2021-10-01 13:03:27,26050.0,500.0,702600.0
355,2021-10-01 13:03:27,26050.0,300.0,702100.0
356,2021-10-01 13:03:27,26050.0,500.0,701800.0
357,2021-10-01 13:03:13,26050.0,400.0,701300.0
358,2021-10-01 13:02:47,26000.0,200.0,700900.0
359,2021-10-01 13:02:30,26000.0,100.0,700700.0
360,2021-10-01 13:02:29,26000.0,300.0,700600.0
361,2021-10-01 13:02:18,26000.0,600.0,700300.0
362,2021-10-01 13:02:07,26000.0,200.0,699700.0
363,2021-10-01 13:01:42,26000.0,300.0,699500.0
364,2021-10-01 13:01:42,26000.0,200.0,699200.0
365,2021-10-01 13:01:42,26000.0,500.0,699000.0
366,2021-10-01 13:01:05,26000.0,300.0,698500.0
367,2021-10-01 13:00:54,26000.0,300.0,698200.0
368,2021-10-01 13:00:35,26000.0,300.0,697900.0
369,2021-10-01 13:00:20,26000.0,200.0,697600.0
370,2021-10-01 13:00:07,26000.0,400.0,697400.0
371,2021-10-01 13:00:05,26000.0,100.0,697000.0
372,2021-10-01 13:00:05,26000.0,1800.0,696900.0
373,2021-10-01 13:00:05,26000.0,4000.0,695100.0
374,2021-10-01 13:00:05,26000.0,2000.0,691100.0
375,2021-10-01 13:00:05,26000.0,500.0,689100.0
376,2021-10-01 13:00:05,26000.0,4700.0,688600.0
377,2021-10-01 13:00:05,26000.0,400.0,683900.0
378,2021-10-01 13:00:05,26000.0,100.0,683500.0
379,2021-10-01 13:00:05,26000.0,500.0,683400.0
380,2021-10-01 13:00:05,26000.0,35500.0,682900.0
381,2021-10-01 13:00:01,26000.0,2000.0,647400.0
382,2021-10-01 13:00:01,26000.0,300.0,645400.0
383,2021-10-01 11:29:21,26000.0,2200.0,645100.0
384,2021-10-01 11:29:21,26000.0,100.0,642900.0
385,2021-10-01 11:29:21,26000.0,300.0,642800.0
386,2021-10-01 11:29:21,26000.0,2400.0,642500.0
387,2021-10-01 11:29:21,25900.0,100.0,640100.0
388,2021-10-01 11:26:51,26000.0,100.0,640000.0
389,2021-10-01 11:26:03,26000.0,2500.0,639900.0
390,2021-10-01 11:26:03,26000.0,1000.0,637400.0
391,2021-10-01 11:26:03,26000.0,500.0,636400.0
392,2021-10-01 11:23:32,26000.0,100.0,635900.0
393,2021-10-01 11:23:32,26000.0,100.0,635800.0
394,2021-10-01 11:23:32,26000.0,500.0,635700.0
395,2021-10-01 11:23:32,26000.0,700.0,635200.0
396,2021-10-01 11:23:32,26000.0,300.0,634500.0
397,2021-10-01 11:23:32,26000.0,300.0,634200.0
398,2021-10-01 11:20:32,26000.0,1100.0,633900.0
399,2021-10-01 11:20:32,25950.0,800.0,632800.0
400,2021-10-01 11:20:09,25950.0,100.0,632000.0
401,2021-10-01 11:20:09,25950.0,100.0,631900.0
402,2021-10-01 11:19:06,25950.0,1500.0,631800.0
403,2021-10-01 11:18:56,25950.0,1500.0,630300.0
404,2021-10-01 11:14:32,26000.0,100.0,628800.0
405,2021-10-01 11:13:36,25850.0,900.0,628700.0
406,2021-10-01 11:13:36,25900.0,100.0,627800.0
407,2021-10-01 11:13:33,25900.0,200.0,627700.0
408,2021-10-01 11:13:33,25900.0,200.0,627500.0
409,2021-10-01 11:12:42,25900.0,200.0,627300.0
410,2021-10-01 11:12:31,25900.0,100.0,627100.0
411,2021-10-01 11:12:22,25900.0,700.0,627000.0
412,2021-10-01 11:12:22,25900.0,300.0,626300.0
413,2021-10-01 11:12:22,25900.0,300.0,626000.0
414,2021-10-01 11:12:22,25900.0,100.0,625700.0
415,2021-10-01 11:12:22,25900.0,2600.0,625600.0
416,2021-10-01 11:10:51,25900.0,100.0,623000.0
417,2021-10-01 11:10:51,25900.0,2900.0,622900.0
418,2021-10-01 11:10:17,25900.0,300.0,620000.0
419,2021-10-01 11:09:25,25900.0,200.0,619700.0
420,2021-10-01 11:09:25,25900.0,500.0,619500.0
421,2021-10-01 11:09:25,25900.0,1300.0,619000.0
422,2021-10-01 11:06:37,25800.0,1200.0,617700.0
423,2021-10-01 11:06:37,25800.0,100.0,616500.0
424,2021-10-01 11:06:37,25800.0,100.0,616400.0
425,2021-10-01 11:06:37,25800.0,600.0,616300.0
426,2021-10-01 11:05:53,25900.0,200.0,615700.0
427,2021-10-01 11:05:07,25900.0,500.0,615500.0
428,2021-10-01 11:01:02,25900.0,500.0,615000.0
429,2021-10-01 11:00:42,25900.0,200.0,614500.0
430,2021-10-01 10:58:03,25900.0,2300.0,614300.0
431,2021-10-01 10:57:33,25900.0,300.0,612000.0
432,2021-10-01 10:57:33,25900.0,2200.0,611700.0
433,2021-10-01 10:57:33,25850.0,200.0,609500.0
434,2021-10-01 10:57:06,25850.0,1000.0,609300.0
435,2021-10-01 10:57:06,25850.0,5000.0,608300.0
436,2021-10-01 10:57:06,25850.0,200.0,603300.0
437,2021-10-01 10:57:06,25850.0,2000.0,603100.0
438,2021-10-01 10:57:06,25850.0,1000.0,601100.0
439,2021-10-01 10:57:06,25850.0,100.0,600100.0
440,2021-10-01 10:57:06,25850.0,500.0,600000.0
441,2021-10-01 10:56:20,25900.0,100.0,599500.0
442,2021-10-01 10:55:16,25850.0,200.0,599400.0
443,2021-10-01 10:54:51,25850.0,100.0,599200.0
444,2021-10-01 10:54:39,25900.0,700.0,599100.0
445,2021-10-01 10:54:39,25900.0,500.0,598400.0
446,2021-10-01 10:54:39,25900.0,300.0,597900.0
447,2021-10-01 10:53:29,25900.0,1500.0,597600.0
448,2021-10-01 10:53:29,25900.0,100.0,596100.0
449,2021-10-01 10:53:29,25950.0,100.0,596000.0
450,2021-10-01 10:53:25,25950.0,100.0,595900.0
451,2021-10-01 10:53:19,25950.0,100.0,595800.0
452,2021-10-01 10:53:19,25950.0,900.0,595700.0
453,2021-10-01 10:52:24,25950.0,300.0,594800.0
454,2021-10-01 10:51:17,25950.0,500.0,594500.0
455,2021-10-01 10:50:52,25950.0,300.0,594000.0
456,2021-10-01 10:49:23,26000.0,100.0,593700.0
457,2021-10-01 10:49:20,26000.0,1900.0,593600.0
458,2021-10-01 10:48:48,26000.0,1000.0,591700.0
459,2021-10-01 10:48:48,26000.0,100.0,590700.0
460,2021-10-01 10:48:48,26000.0,300.0,590600.0
461,2021-10-01 10:48:48,26000.0,2100.0,590300.0
462,2021-10-01 10:48:41,26000.0,500.0,588200.0
463,2021-10-01 10:48:38,26050.0,100.0,587700.0
464,2021-10-01 10:48:38,26050.0,900.0,587600.0
465,2021-10-01 10:48:24,26000.0,1000.0,586700.0
466,2021-10-01 10:42:53,26050.0,100.0,585700.0
467,2021-10-01 10:42:26,26000.0,700.0,585600.0
468,2021-10-01 10:42:26,26000.0,200.0,584900.0
469,2021-10-01 10:42:26,26000.0,500.0,584700.0
470,2021-10-01 10:40:40,26000.0,200.0,584200.0
471,2021-10-01 10:40:40,26000.0,500.0,584000.0
472,2021-10-01 10:40:40,26000.0,100.0,583500.0
473,2021-10-01 10:40:40,26000.0,500.0,583400.0
474,2021-10-01 10:40:40,26000.0,500.0,582900.0
475,2021-10-01 10:40:40,26000.0,300.0,582400.0
476,2021-10-01 10:40:40,26000.0,3000.0,582100.0
477,2021-10-01 10:40:40,26000.0,500.0,579100.0
478,2021-10-01 10:40:40,26000.0,300.0,578600.0
479,2021-10-01 10:40:40,26000.0,100.0,578300.0
480,2021-10-01 10:40:40,26000.0,100.0,578200.0
481,2021-10-01 10:40:40,26000.0,2500.0,578100.0
482,2021-10-01 10:40:40,26000.0,400.0,575600.0
483,2021-10-01 10:39:34,26000.0,1000.0,575200.0
484,2021-10-01 10:39:11,26000.0,300.0,574200.0
485,2021-10-01 10:39:11,26000.0,200.0,573900.0
486,2021-10-01 10:38:16,26000.0,600.0,573700.0
487,2021-10-01 10:36:29,26000.0,1500.0,573100.0
488,2021-10-01 10:36:29,26000.0,300.0,571600.0
489,2021-10-01 10:36:29,26000.0,100.0,571300.0
490,2021-10-01 10:36:29,26000.0,1000.0,571200.0
491,2021-10-01 10:36:29,26000.0,2000.0,570200.0
492,2021-10-01 10:36:29,26000.0,1000.0,568200.0
493,2021-10-01 10:36:29,26000.0,2000.0,567200.0
494,2021-10-01 10:36:29,26000.0,500.0,565200.0
495,2021-10-01 10:36:29,26000.0,200.0,564700.0
496,2021-10-01 10:36:29,26000.0,200.0,564500.0
497,2021-10-01 10:36:29,26000.0,300.0,564300.0
498,2021-10-01 10:36:29,25900.0,100.0,564000.0
499,2021-10-01 10:36:29,25900.0,3000.0,563900.0
500,2021-10-01 10:36:29,25900.0,400.0,560900.0
501,2021-10-01 10:36:29,25900.0,1000.0,560500.0
502,2021-10-01 10:36:29,25900.0,100.0,559500.0
503,2021-10-01 10:36:29,25900.0,500.0,559400.0
504,2021-10-01 10:36:29,25900.0,100.0,558900.0
505,2021-10-01 10:36:29,25900.0,100.0,558800.0
506,2021-10-01 10:36:29,25900.0,100.0,558700.0
507,2021-10-01 10:36:29,25900.0,5500.0,558600.0
508,2021-10-01 10:36:25,25850.0,100.0,553100.0
509,2021-10-01 10:36:25,25850.0,100.0,553000.0
510,2021-10-01 10:36:15,25850.0,100.0,552900.0
511,2021-10-01 10:36:15,25850.0,400.0,552800.0
512,2021-10-01 10:35:31,25800.0,400.0,552400.0
513,2021-10-01 10:35:23,25800.0,100.0,552000.0
514,2021-10-01 10:34:13,25750.0,500.0,551900.0
515,2021-10-01 10:32:49,25850.0,600.0,551400.0
516,2021-10-01 10:32:49,25850.0,200.0,550800.0
517,2021-10-01 10:32:49,25800.0,200.0,550600.0
518,2021-10-01 10:32:49,25800.0,500.0,550400.0
519,2021-10-01 10:32:45,25750.0,200.0,549900.0
520,2021-10-01 10:32:23,25750.0,1000.0,549700.0
521,2021-10-01 10:32:21,25750.0,100.0,548700.0
522,2021-10-01 10:31:54,25750.0,400.0,548600.0
523,2021-10-01 10:31:51,25750.0,600.0,548200.0
524,2021-10-01 10:31:51,25750.0,200.0,547600.0
525,2021-10-01 10:31:51,25750.0,200.0,547400.0
526,2021-10-01 10:30:56,25750.0,300.0,547200.0
527,2021-10-01 10:29:46,25750.0,1000.0,546900.0
528,2021-10-01 10:29:46,25750.0,500.0,545900.0
529,2021-10-01 10:29:42,25750.0,100.0,545400.0
530,2021-10-01 10:29:39,25750.0,500.0,545300.0
531,2021-10-01 10:29:36,25750.0,1400.0,544800.0
532,2021-10-01 10:29:36,25750.0,100.0,543400.0
533,2021-10-01 10:29:36,25750.0,2500.0,543300.0
534,2021-10-01 10:29:24,25750.0,700.0,540800.0
535,2021-10-01 10:29:24,25750.0,100.0,540100.0
536,2021-10-01 10:29:19,25750.0,200.0,540000.0
537,2021-10-01 10:28:44,25750.0,500.0,539800.0
538,2021-10-01 10:28:39,25750.0,3100.0,539300.0
539,2021-10-01 10:28:39,25750.0,400.0,536200.0
540,2021-10-01 10:28:39,25750.0,700.0,535800.0
541,2021-10-01 10:28:37,25750.0,500.0,535100.0
542,2021-10-01 10:27:49,25750.0,100.0,534600.0
543,2021-10-01 10:27:29,25700.0,1000.0,534500.0
544,2021-10-01 10:24:59,25700.0,500.0,533500.0
545,2021-10-01 10:24:48,25700.0,1000.0,533000.0
546,2021-10-01 10:24:38,25700.0,500.0,532000.0
547,2021-10-01 10:24:38,25700.0,5500.0,531500.0
548,2021-10-01 10:23:29,25700.0,1000.0,526000.0
549,2021-10-01 10:23:01,25700.0,500.0,525000.0
550,2021-10-01 10:23:01,25700.0,100.0,524500.0
551,2021-10-01 10:23:01,25700.0,300.0,524400.0
552,2021-10-01 10:23:01,25700.0,2600.0,524100.0
553,2021-10-01 10:23:00,25700.0,5000.0,521500.0
554,2021-10-01 10:22:42,25700.0,2400.0,516500.0
555,2021-10-01 10:22:42,25700.0,2600.0,514100.0
556,2021-10-01 10:22:20,25700.0,1000.0,511500.0
557,2021-10-01 10:17:53,25600.0,200.0,510500.0
558,2021-10-01 10:17:52,25600.0,300.0,510300.0
559,2021-10-01 10:17:39,25600.0,100.0,510000.0
560,2021-10-01 10:17:17,25600.0,900.0,509900.0
561,2021-10-01 10:17:17,25600.0,3000.0,509000.0
562,2021-10-01 10:17:17,25600.0,1800.0,506000.0
563,2021-10-01 10:17:17,25600.0,500.0,504200.0
564,2021-10-01 10:17:17,25600.0,1000.0,503700.0
565,2021-10-01 10:17:17,25600.0,200.0,502700.0
566,2021-10-01 10:17:17,25600.0,2600.0,502500.0
567,2021-10-01 10:17:10,25600.0,100.0,499900.0
568,2021-10-01 10:16:58,25600.0,200.0,499800.0
569,2021-10-01 10:16:54,25600.0,7100.0,499600.0
570,2021-10-01 10:16:54,25600.0,200.0,492500.0
571,2021-10-01 10:16:54,25600.0,100.0,492300.0
572,2021-10-01 10:16:54,25600.0,3000.0,492200.0
573,2021-10-01 10:16:54,25600.0,300.0,489200.0
574,2021-10-01 10:16:54,25600.0,1000.0,488900.0
575,2021-10-01 10:16:54,25600.0,500.0,487900.0
576,2021-10-01 10:16:54,25600.0,2000.0,487400.0
577,2021-10-01 10:16:54,25600.0,300.0,485400.0
578,2021-10-01 10:16:54,25600.0,100.0,485100.0
579,2021-10-01 10:16:54,25600.0,100.0,485000.0
580,2021-10-01 10:16:54,25600.0,200.0,484900.0
581,2021-10-01 10:16:54,25650.0,100.0,484700.0
582,2021-10-01 10:15:41,25600.0,900.0,484600.0
583,2021-10-01 10:15:41,25650.0,700.0,483700.0
584,2021-10-01 10:15:41,25650.0,100.0,483000.0
585,2021-10-01 10:15:41,25650.0,1300.0,482900.0
586,2021-10-01 10:15:39,25650.0,100.0,481600.0
587,2021-10-01 10:15:33,25700.0,200.0,481500.0
588,2021-10-01 10:15:10,25650.0,1600.0,481300.0
589,2021-10-01 10:14:59,25650.0,400.0,479700.0
590,2021-10-01 10:14:54,25700.0,2400.0,479300.0
591,2021-10-01 10:14:54,25700.0,600.0,476900.0
592,2021-10-01 10:14:54,25700.0,6000.0,476300.0
593,2021-10-01 10:14:54,25700.0,1000.0,470300.0
594,2021-10-01 10:14:33,25650.0,900.0,469300.0
595,2021-10-01 10:14:32,25650.0,500.0,468400.0
596,2021-10-01 10:14:32,25650.0,700.0,467900.0
597,2021-10-01 10:14:32,25650.0,500.0,467200.0
598,2021-10-01 10:13:20,25600.0,100.0,466700.0
599,2021-10-01 10:13:20,25600.0,4900.0,466600.0
600,2021-10-01 10:13:06,25600.0,3000.0,461700.0
601,2021-10-01 10:13:06,25600.0,100.0,458700.0
602,2021-10-01 10:13:06,25600.0,900.0,458600.0
603,2021-10-01 10:12:38,25600.0,100.0,457700.0
604,2021-10-01 10:12:38,25600.0,200.0,457600.0
605,2021-10-01 10:12:38,25600.0,2700.0,457400.0
606,2021-10-01 10:12:20,25650.0,500.0,454700.0
607,2021-10-01 10:12:15,25600.0,700.0,454200.0
608,2021-10-01 10:11:48,25600.0,100.0,453500.0
609,2021-10-01 10:11:31,25650.0,10000.0,453400.0
610,2021-10-01 10:10:53,25600.0,1000.0,443400.0
611,2021-10-01 10:10:47,25600.0,500.0,442400.0
612,2021-10-01 10:10:32,25650.0,500.0,441900.0
613,2021-10-01 10:10:26,25650.0,200.0,441400.0
614,2021-10-01 10:10:10,25650.0,100.0,441200.0
615,2021-10-01 10:09:55,25650.0,100.0,441100.0
616,2021-10-01 10:09:49,25650.0,200.0,441000.0
617,2021-10-01 10:09:44,25650.0,200.0,440800.0
618,2021-10-01 10:09:40,25650.0,100.0,440600.0
619,2021-10-01 10:09:40,25650.0,500.0,440500.0
620,2021-10-01 10:09:23,25650.0,100.0,440000.0
621,2021-10-01 10:09:22,25650.0,1000.0,439900.0
622,2021-10-01 10:09:04,25650.0,1000.0,438900.0
623,2021-10-01 10:08:41,25650.0,400.0,437900.0
624,2021-10-01 10:08:12,25700.0,400.0,437500.0
625,2021-10-01 10:08:09,25700.0,200.0,437100.0
626,2021-10-01 10:07:57,25700.0,200.0,436900.0
627,2021-10-01 10:07:21,25700.0,500.0,436700.0
628,2021-10-01 10:06:56,25600.0,300.0,436200.0
629,2021-10-01 10:06:53,25700.0,2000.0,435900.0
630,2021-10-01 10:06:53,25700.0,1000.0,433900.0
631,2021-10-01 10:06:46,25700.0,300.0,432900.0
632,2021-10-01 10:06:22,25700.0,200.0,432600.0
633,2021-10-01 10:06:22,25700.0,500.0,432400.0
634,2021-10-01 10:06:22,25700.0,300.0,431900.0
635,2021-10-01 10:06:09,25600.0,100.0,431600.0
636,2021-10-01 10:05:21,25700.0,700.0,431500.0
637,2021-10-01 10:05:21,25700.0,2500.0,430800.0
638,2021-10-01 10:05:21,25700.0,1800.0,428300.0
639,2021-10-01 10:05:15,25600.0,900.0,426500.0
640,2021-10-01 10:05:05,25600.0,900.0,425600.0
641,2021-10-01 10:05:05,25600.0,100.0,424700.0
642,2021-10-01 10:05:05,25600.0,200.0,424600.0
643,2021-10-01 10:05:05,25600.0,1000.0,424400.0
644,2021-10-01 10:05:05,25600.0,200.0,423400.0
645,2021-10-01 10:05:05,25600.0,200.0,423200.0
646,2021-10-01 10:05:05,25600.0,500.0,423000.0
647,2021-10-01 10:05:05,25600.0,1500.0,422500.0
648,2021-10-01 10:05:05,25600.0,500.0,421000.0
649,2021-10-01 10:05:05,25600.0,2000.0,420500.0
650,2021-10-01 10:05:00,25700.0,700.0,418500.0
651,2021-10-01 10:04:19,25700.0,300.0,417800.0
652,2021-10-01 10:03:12,25700.0,200.0,417500.0
653,2021-10-01 10:03:12,25700.0,100.0,417300.0
654,2021-10-01 10:03:12,25700.0,200.0,417200.0
655,2021-10-01 10:03:12,25700.0,100.0,417000.0
656,2021-10-01 10:03:12,25700.0,100.0,416900.0
657,2021-10-01 10:03:12,25700.0,500.0,416800.0
658,2021-10-01 10:03:12,25700.0,1000.0,416300.0
659,2021-10-01 10:02:49,25750.0,2000.0,415300.0
660,2021-10-01 10:02:48,25750.0,900.0,413300.0
661,2021-10-01 10:02:42,25750.0,500.0,412400.0
662,2021-10-01 10:02:20,25750.0,300.0,411900.0
663,2021-10-01 10:02:04,25750.0,100.0,411600.0
664,2021-10-01 10:01:54,25750.0,500.0,411500.0
665,2021-10-01 10:01:40,25800.0,1000.0,411000.0
666,2021-10-01 10:01:28,25750.0,100.0,410000.0
667,2021-10-01 10:00:54,25800.0,2000.0,409900.0
668,2021-10-01 10:00:54,25800.0,1000.0,407900.0
669,2021-10-01 10:00:54,25800.0,5000.0,406900.0
670,2021-10-01 10:00:54,25800.0,300.0,401900.0
671,2021-10-01 10:00:54,25800.0,100.0,401600.0
672,2021-10-01 10:00:54,25800.0,200.0,401500.0
673,2021-10-01 10:00:54,25800.0,1000.0,401300.0
674,2021-10-01 10:00:54,25800.0,100.0,400300.0
675,2021-10-01 10:00:54,25800.0,200.0,400200.0
676,2021-10-01 10:00:54,25800.0,3000.0,400000.0
677,2021-10-01 10:00:54,25800.0,1000.0,397000.0
678,2021-10-01 10:00:54,25800.0,3000.0,396000.0
679,2021-10-01 10:00:54,25800.0,2000.0,393000.0
680,2021-10-01 10:00:53,25800.0,200.0,391000.0
681,2021-10-01 10:00:41,25800.0,2000.0,390800.0
682,2021-10-01 10:00:24,25800.0,3000.0,388800.0
683,2021-10-01 10:00:15,25800.0,2800.0,385800.0
684,2021-10-01 10:00:15,25800.0,200.0,383000.0
685,2021-10-01 10:00:08,25800.0,2300.0,382800.0
686,2021-10-01 10:00:08,25800.0,100.0,380500.0
687,2021-10-01 10:00:08,25800.0,300.0,380400.0
688,2021-10-01 10:00:08,25800.0,500.0,380100.0
689,2021-10-01 10:00:08,25800.0,500.0,379600.0
690,2021-10-01 10:00:08,25800.0,300.0,379100.0
691,2021-10-01 09:59:20,25850.0,100.0,378800.0
692,2021-10-01 09:59:03,25850.0,1000.0,378700.0
693,2021-10-01 09:57:23,25900.0,100.0,377700.0
694,2021-10-01 09:57:22,25800.0,400.0,377600.0
695,2021-10-01 09:57:22,25850.0,1100.0,377200.0
696,2021-10-01 09:57:04,25850.0,1000.0,376100.0
697,2021-10-01 09:56:58,25850.0,100.0,375100.0
698,2021-10-01 09:56:18,25850.0,500.0,375000.0
699,2021-10-01 09:55:32,25850.0,2000.0,374500.0
700,2021-10-01 09:54:26,25900.0,200.0,372500.0
701,2021-10-01 09:54:22,25850.0,1000.0,372300.0
702,2021-10-01 09:54:18,25900.0,100.0,371300.0
703,2021-10-01 09:53:40,25900.0,100.0,371200.0
704,2021-10-01 09:53:39,25800.0,3000.0,371100.0
705,2021-10-01 09:53:39,25800.0,1000.0,368100.0
706,2021-10-01 09:53:39,25800.0,1000.0,367100.0
707,2021-10-01 09:53:12,25900.0,100.0,366100.0
708,2021-10-01 09:52:56,25900.0,100.0,366000.0
709,2021-10-01 09:52:32,25900.0,300.0,365900.0
710,2021-10-01 09:52:32,25900.0,1000.0,365600.0
711,2021-10-01 09:52:32,25900.0,5000.0,364600.0
712,2021-10-01 09:52:32,25900.0,300.0,359600.0
713,2021-10-01 09:52:32,25900.0,500.0,359300.0
714,2021-10-01 09:52:32,25900.0,700.0,358800.0
715,2021-10-01 09:52:29,25900.0,2000.0,358100.0
716,2021-10-01 09:52:08,25900.0,1300.0,356100.0
717,2021-10-01 09:52:08,25900.0,100.0,354800.0
718,2021-10-01 09:52:08,25900.0,200.0,354700.0
719,2021-10-01 09:52:08,25900.0,400.0,354500.0
720,2021-10-01 09:52:07,25900.0,100.0,354100.0
721,2021-10-01 09:52:07,25900.0,700.0,354000.0
722,2021-10-01 09:51:56,25900.0,400.0,353300.0
723,2021-10-01 09:51:53,25900.0,100.0,352900.0
724,2021-10-01 09:51:53,25900.0,1800.0,352800.0
725,2021-10-01 09:51:53,25900.0,100.0,351000.0
726,2021-10-01 09:51:53,25900.0,1100.0,350900.0
727,2021-10-01 09:51:30,25900.0,1000.0,349800.0
728,2021-10-01 09:50:59,25900.0,100.0,348800.0
729,2021-10-01 09:50:31,25900.0,400.0,348700.0
730,2021-10-01 09:50:15,25900.0,2000.0,348300.0
731,2021-10-01 09:49:25,25950.0,100.0,346300.0
732,2021-10-01 09:48:55,25950.0,2000.0,346200.0
733,2021-10-01 09:48:46,25900.0,1000.0,344200.0
734,2021-10-01 09:48:26,26000.0,100.0,343200.0
735,2021-10-01 09:48:26,26000.0,100.0,343100.0
736,2021-10-01 09:47:59,25900.0,1000.0,343000.0
737,2021-10-01 09:47:14,25900.0,300.0,342000.0
738,2021-10-01 09:46:51,25900.0,500.0,341700.0
739,2021-10-01 09:46:09,25900.0,1000.0,341200.0
740,2021-10-01 09:46:06,25900.0,200.0,340200.0
741,2021-10-01 09:45:58,25900.0,1000.0,340000.0
742,2021-10-01 09:45:49,25900.0,100.0,339000.0
743,2021-10-01 09:45:40,25900.0,200.0,338900.0
744,2021-10-01 09:45:40,25900.0,300.0,338700.0
745,2021-10-01 09:45:04,25900.0,100.0,338400.0
746,2021-10-01 09:45:04,25900.0,900.0,338300.0
747,2021-10-01 09:44:45,25900.0,1000.0,337400.0
748,2021-10-01 09:44:01,25900.0,6900.0,336400.0
749,2021-10-01 09:44:01,25900.0,300.0,329500.0
750,2021-10-01 09:44:01,25900.0,500.0,329200.0
751,2021-10-01 09:44:01,25900.0,400.0,328700.0
752,2021-10-01 09:43:08,25900.0,400.0,328300.0
753,2021-10-01 09:43:08,25900.0,1000.0,327900.0
754,2021-10-01 09:43:08,25900.0,200.0,326900.0
755,2021-10-01 09:43:04,25900.0,100.0,326700.0
756,2021-10-01 09:42:46,25900.0,900.0,326600.0
757,2021-10-01 09:42:46,25900.0,100.0,325700.0
758,2021-10-01 09:41:39,25900.0,200.0,325600.0
759,2021-10-01 09:41:39,25900.0,1300.0,325400.0
760,2021-10-01 09:41:23,25900.0,800.0,324100.0
761,2021-10-01 09:41:18,26000.0,1000.0,323300.0
762,2021-10-01 09:41:18,26000.0,500.0,322300.0
763,2021-10-01 09:41:00,26000.0,1500.0,321800.0
764,2021-10-01 09:41:00,26000.0,1000.0,320300.0
765,2021-10-01 09:41:00,26000.0,1200.0,319300.0
766,2021-10-01 09:41:00,26000.0,400.0,318100.0
767,2021-10-01 09:41:00,26000.0,200.0,317700.0
768,2021-10-01 09:41:00,26000.0,200.0,317500.0
769,2021-10-01 09:40:53,26000.0,1000.0,317300.0
770,2021-10-01 09:40:44,26000.0,100.0,316300.0
771,2021-10-01 09:40:24,26000.0,500.0,316200.0
772,2021-10-01 09:40:22,25900.0,1000.0,315700.0
773,2021-10-01 09:40:15,25900.0,900.0,314700.0
774,2021-10-01 09:40:09,26000.0,500.0,313800.0
775,2021-10-01 09:40:04,26000.0,100.0,313300.0
776,2021-10-01 09:39:55,26000.0,400.0,313200.0
777,2021-10-01 09:39:55,26000.0,100.0,312800.0
778,2021-10-01 09:39:55,26000.0,100.0,312700.0
779,2021-10-01 09:39:55,26000.0,1000.0,312600.0
780,2021-10-01 09:39:55,26000.0,300.0,311600.0
781,2021-10-01 09:39:55,26000.0,100.0,311300.0
782,2021-10-01 09:39:55,26000.0,2000.0,311200.0
783,2021-10-01 09:39:50,26000.0,1000.0,309200.0
784,2021-10-01 09:39:34,25900.0,3000.0,308200.0
785,2021-10-01 09:39:06,25900.0,200.0,305200.0
786,2021-10-01 09:38:02,25800.0,500.0,305000.0
787,2021-10-01 09:37:49,25800.0,100.0,304500.0
788,2021-10-01 09:37:08,25800.0,2300.0,304400.0
789,2021-10-01 09:37:08,25850.0,300.0,302100.0
790,2021-10-01 09:37:02,25800.0,1000.0,301800.0
791,2021-10-01 09:37:02,25800.0,100.0,300800.0
792,2021-10-01 09:37:00,25800.0,300.0,300700.0
793,2021-10-01 09:37:00,25800.0,300.0,300400.0
794,2021-10-01 09:36:53,25800.0,200.0,300100.0
795,2021-10-01 09:36:49,25800.0,200.0,299900.0
796,2021-10-01 09:36:49,25800.0,300.0,299700.0
797,2021-10-01 09:36:49,25800.0,200.0,299400.0
798,2021-10-01 09:36:49,25800.0,600.0,299200.0
799,2021-10-01 09:36:33,25800.0,400.0,298600.0
800,2021-10-01 09:36:29,25800.0,500.0,298200.0
801,2021-10-01 09:36:28,25800.0,100.0,297700.0
802,2021-10-01 09:36:24,25800.0,100.0,297600.0
803,2021-10-01 09:36:21,25800.0,100.0,297500.0
804,2021-10-01 09:36:20,25800.0,100.0,297400.0
805,2021-10-01 09:36:00,25800.0,8100.0,297300.0
806,2021-10-01 09:36:00,25800.0,100.0,289200.0
807,2021-10-01 09:36:00,25800.0,1800.0,289100.0
808,2021-10-01 09:35:47,25800.0,3200.0,287300.0
809,2021-10-01 09:35:47,25800.0,6800.0,284100.0
810,2021-10-01 09:35:44,25800.0,1000.0,277300.0
811,2021-10-01 09:35:31,25700.0,400.0,276300.0
812,2021-10-01 09:35:29,25700.0,200.0,275900.0
813,2021-10-01 09:35:16,25700.0,500.0,275700.0
814,2021-10-01 09:35:10,25700.0,100.0,275200.0
815,2021-10-01 09:34:55,25700.0,100.0,275100.0
816,2021-10-01 09:34:50,25700.0,1000.0,275000.0
817,2021-10-01 09:34:48,25700.0,100.0,274000.0
818,2021-10-01 09:34:48,25700.0,300.0,273900.0
819,2021-10-01 09:34:48,25700.0,200.0,273600.0
820,2021-10-01 09:34:48,25700.0,1000.0,273400.0
821,2021-10-01 09:34:48,25700.0,100.0,272400.0
822,2021-10-01 09:34:48,25700.0,300.0,272300.0
823,2021-10-01 09:34:42,25700.0,500.0,272000.0
824,2021-10-01 09:34:27,25700.0,800.0,271500.0
825,2021-10-01 09:34:13,25700.0,300.0,270700.0
826,2021-10-01 09:34:09,25700.0,1000.0,270400.0
827,2021-10-01 09:34:09,25800.0,2000.0,269400.0
828,2021-10-01 09:33:43,25700.0,200.0,267400.0
829,2021-10-01 09:33:32,25700.0,300.0,267200.0
830,2021-10-01 09:33:23,25700.0,400.0,266900.0
831,2021-10-01 09:33:23,25700.0,700.0,266500.0
832,2021-10-01 09:33:23,25700.0,100.0,265800.0
833,2021-10-01 09:33:23,25700.0,1000.0,265700.0
834,2021-10-01 09:33:23,25700.0,1000.0,264700.0
835,2021-10-01 09:33:23,25700.0,3400.0,263700.0
836,2021-10-01 09:33:13,25700.0,100.0,260300.0
837,2021-10-01 09:33:06,25700.0,300.0,260200.0
838,2021-10-01 09:32:55,25700.0,200.0,259900.0
839,2021-10-01 09:32:53,25500.0,6100.0,259700.0
840,2021-10-01 09:32:53,25550.0,1000.0,253600.0
841,2021-10-01 09:32:53,25700.0,100.0,252600.0
842,2021-10-01 09:32:53,25700.0,2800.0,252500.0
843,2021-10-01 09:32:47,25700.0,200.0,249700.0
844,2021-10-01 09:32:47,25750.0,200.0,249500.0
845,2021-10-01 09:32:39,25700.0,1000.0,249300.0
846,2021-10-01 09:32:39,25700.0,1000.0,248300.0
847,2021-10-01 09:32:24,25500.0,500.0,247300.0
848,2021-10-01 09:32:23,25750.0,100.0,246800.0
849,2021-10-01 09:32:16,25750.0,100.0,246700.0
850,2021-10-01 09:32:06,25500.0,300.0,246600.0
851,2021-10-01 09:32:06,25600.0,3000.0,246300.0
852,2021-10-01 09:32:06,25600.0,500.0,243300.0
853,2021-10-01 09:32:06,25600.0,100.0,242800.0
854,2021-10-01 09:32:06,25650.0,200.0,242700.0
855,2021-10-01 09:32:06,25700.0,100.0,242500.0
856,2021-10-01 09:32:06,25750.0,300.0,242400.0
857,2021-10-01 09:32:06,25750.0,500.0,242100.0
858,2021-10-01 09:32:02,25750.0,500.0,241600.0
859,2021-10-01 09:31:44,25800.0,200.0,241100.0
860,2021-10-01 09:31:44,25800.0,300.0,240900.0
861,2021-10-01 09:31:39,25800.0,500.0,240600.0
862,2021-10-01 09:31:17,25800.0,200.0,240100.0
863,2021-10-01 09:31:15,25800.0,500.0,239900.0
864,2021-10-01 09:31:10,25800.0,200.0,239400.0
865,2021-10-01 09:31:08,25800.0,300.0,239200.0
866,2021-10-01 09:30:59,25700.0,300.0,238900.0
867,2021-10-01 09:30:51,25700.0,200.0,238600.0
868,2021-10-01 09:30:51,25750.0,800.0,238400.0
869,2021-10-01 09:30:50,25750.0,400.0,237600.0
870,2021-10-01 09:30:50,25750.0,300.0,237200.0
871,2021-10-01 09:30:50,25800.0,1000.0,236900.0
872,2021-10-01 09:30:50,25800.0,100.0,235900.0
873,2021-10-01 09:30:50,25800.0,1000.0,235800.0
874,2021-10-01 09:30:50,25800.0,100.0,234800.0
875,2021-10-01 09:30:50,25800.0,1900.0,234700.0
876,2021-10-01 09:30:50,25850.0,200.0,232800.0
877,2021-10-01 09:30:39,25900.0,300.0,232600.0
878,2021-10-01 09:30:34,25900.0,100.0,232300.0
879,2021-10-01 09:30:34,25900.0,600.0,232200.0
880,2021-10-01 09:30:32,25800.0,3100.0,231600.0
881,2021-10-01 09:30:32,25800.0,1000.0,228500.0
882,2021-10-01 09:30:32,25800.0,200.0,227500.0
883,2021-10-01 09:30:32,25800.0,500.0,227300.0
884,2021-10-01 09:30:32,25850.0,200.0,226800.0
885,2021-10-01 09:30:27,25850.0,500.0,226600.0
886,2021-10-01 09:30:25,25900.0,300.0,226100.0
887,2021-10-01 09:30:25,25900.0,100.0,225800.0
888,2021-10-01 09:30:07,25900.0,4100.0,225700.0
889,2021-10-01 09:30:07,25950.0,500.0,221600.0
890,2021-10-01 09:30:07,26000.0,400.0,221100.0
891,2021-10-01 09:30:06,26000.0,4000.0,220700.0
892,2021-10-01 09:30:06,26000.0,200.0,216700.0
893,2021-10-01 09:30:06,26000.0,100.0,216500.0
894,2021-10-01 09:30:06,26000.0,2000.0,216400.0
895,2021-10-01 09:30:06,26000.0,1000.0,214400.0
896,2021-10-01 09:30:06,26000.0,2700.0,213400.0
897,2021-10-01 09:29:49,26000.0,100.0,210700.0
898,2021-10-01 09:29:47,26000.0,200.0,210600.0
899,2021-10-01 09:29:47,26000.0,300.0,210400.0
900,2021-10-01 09:29:42,26000.0,500.0,210100.0
901,2021-10-01 09:29:35,26000.0,1000.0,209600.0
902,2021-10-01 09:29:35,26000.0,3200.0,208600.0
903,2021-10-01 09:29:22,26000.0,500.0,205400.0
904,2021-10-01 09:29:21,25900.0,5800.0,204900.0
905,2021-10-01 09:29:21,25900.0,300.0,199100.0
906,2021-10-01 09:29:21,25900.0,10000.0,198800.0
907,2021-10-01 09:29:21,25900.0,500.0,188800.0
908,2021-10-01 09:29:21,25900.0,2500.0,188300.0
909,2021-10-01 09:29:21,25950.0,300.0,185800.0
910,2021-10-01 09:29:16,26000.0,200.0,185500.0
911,2021-10-01 09:29:12,26000.0,1100.0,185300.0
912,2021-10-01 09:29:08,26000.0,800.0,184200.0
913,2021-10-01 09:29:05,26000.0,100.0,183400.0
914,2021-10-01 09:29:05,26000.0,2000.0,183300.0
915,2021-10-01 09:29:05,26000.0,600.0,181300.0
916,2021-10-01 09:29:05,26000.0,5400.0,180700.0
917,2021-10-01 09:28:58,26000.0,1000.0,175300.0
918,2021-10-01 09:28:56,26000.0,500.0,174300.0
919,2021-10-01 09:28:56,26000.0,200.0,173800.0
920,2021-10-01 09:28:56,26000.0,900.0,173600.0
921,2021-10-01 09:28:56,26000.0,2000.0,172700.0
922,2021-10-01 09:28:53,26000.0,100.0,170700.0
923,2021-10-01 09:28:51,26000.0,7900.0,170600.0
924,2021-10-01 09:28:51,26000.0,200.0,162700.0
925,2021-10-01 09:28:51,26000.0,200.0,162500.0
926,2021-10-01 09:28:51,26000.0,1000.0,162300.0
927,2021-10-01 09:28:51,26000.0,200.0,161300.0
928,2021-10-01 09:28:51,26000.0,500.0,161100.0
929,2021-10-01 09:28:51,26000.0,200.0,160600.0
930,2021-10-01 09:28:51,26000.0,500.0,160400.0
931,2021-10-01 09:28:51,26000.0,3000.0,159900.0
932,2021-10-01 09:28:51,26000.0,100.0,156900.0
933,2021-10-01 09:28:51,26000.0,6200.0,156800.0
934,2021-10-01 09:28:34,26000.0,1000.0,150600.0
935,2021-10-01 09:28:32,26000.0,700.0,149600.0
936,2021-10-01 09:28:30,26050.0,3000.0,148900.0
937,2021-10-01 09:28:30,26050.0,2500.0,145900.0
938,2021-10-01 09:28:23,26000.0,2100.0,143400.0
939,2021-10-01 09:28:23,26000.0,1000.0,141300.0
940,2021-10-01 09:28:23,26000.0,1000.0,140300.0
941,2021-10-01 09:28:23,26000.0,900.0,139300.0
942,2021-10-01 09:28:15,26050.0,200.0,138400.0
943,2021-10-01 09:28:10,26050.0,2000.0,138200.0
944,2021-10-01 09:28:04,26000.0,100.0,136200.0
945,2021-10-01 09:28:04,26000.0,4000.0,136100.0
946,2021-10-01 09:28:04,26000.0,200.0,132100.0
947,2021-10-01 09:28:04,26000.0,500.0,131900.0
948,2021-10-01 09:28:04,26000.0,3000.0,131400.0
949,2021-10-01 09:28:04,26000.0,100.0,128400.0
950,2021-10-01 09:28:04,26000.0,2000.0,128300.0
951,2021-10-01 09:28:04,26000.0,100.0,126300.0
952,2021-10-01 09:27:59,26050.0,1000.0,126200.0
953,2021-10-01 09:27:59,26050.0,2300.0,125200.0
954,2021-10-01 09:27:54,26050.0,3200.0,122900.0
955,2021-10-01 09:27:43,26050.0,4500.0,119700.0
956,2021-10-01 09:27:43,26100.0,500.0,115200.0
957,2021-10-01 09:27:32,26100.0,300.0,114700.0
958,2021-10-01 09:27:32,26100.0,400.0,114400.0
959,2021-10-01 09:27:32,26100.0,300.0,114000.0
960,2021-10-01 09:27:29,26100.0,300.0,113700.0
961,2021-10-01 09:27:12,26100.0,400.0,113400.0
962,2021-10-01 09:27:12,26100.0,500.0,113000.0
963,2021-10-01 09:27:12,26100.0,3800.0,112500.0
964,2021-10-01 09:27:11,26100.0,5000.0,108700.0
965,2021-10-01 09:27:09,26100.0,500.0,103700.0
966,2021-10-01 09:27:07,26100.0,700.0,103200.0
967,2021-10-01 09:26:53,26100.0,3000.0,102500.0
968,2021-10-01 09:26:33,26150.0,11100.0,99500.0
969,2021-10-01 09:26:33,26150.0,1000.0,88400.0
970,2021-10-01 09:26:33,26150.0,200.0,87400.0
971,2021-10-01 09:26:33,26150.0,100.0,87200.0
972,2021-10-01 09:26:33,26150.0,500.0,87100.0
973,2021-10-01 09:26:33,26150.0,100.0,86600.0
974,2021-10-01 09:26:33,26150.0,100.0,86500.0
975,2021-10-01 09:26:33,26150.0,100.0,86400.0
976,2021-10-01 09:26:33,26150.0,2000.0,86300.0
977,2021-10-01 09:26:33,26200.0,300.0,84300.0
978,2021-10-01 09:26:25,26200.0,200.0,84000.0
979,2021-10-01 09:26:12,26250.0,100.0,83800.0
980,2021-10-01 09:26:12,26250.0,2000.0,83700.0
981,2021-10-01 09:26:12,26200.0,1600.0,81700.0
982,2021-10-01 09:26:12,26200.0,1300.0,80100.0
983,2021-10-01 09:25:58,26200.0,100.0,78800.0
984,2021-10-01 09:25:58,26200.0,7600.0,78700.0
985,2021-10-01 09:25:53,26200.0,100.0,71100.0
986,2021-10-01 09:25:50,26200.0,300.0,71000.0
987,2021-10-01 09:25:47,26200.0,2400.0,70700.0
988,2021-10-01 09:25:44,26200.0,200.0,68300.0
989,2021-10-01 09:25:42,26200.0,200.0,68100.0
990,2021-10-01 09:25:35,26200.0,100.0,67900.0
991,2021-10-01 09:25:35,26200.0,600.0,67800.0
992,2021-10-01 09:25:26,26250.0,1000.0,67200.0
993,2021-10-01 09:25:26,26200.0,300.0,66200.0
994,2021-10-01 09:25:24,26200.0,700.0,65900.0
995,2021-10-01 09:25:19,26200.0,100.0,65200.0
996,2021-10-01 09:25:19,26200.0,1000.0,65100.0
997,2021-10-01 09:25:19,26200.0,1000.0,64100.0
998,2021-10-01 09:25:19,26200.0,100.0,63100.0
999,2021-10-01 09:25:19,26200.0,500.0,63000.0
1000,2021-10-01 09:25:19,26200.0,500.0,62500.0
1001,2021-10-01 09:25:19,26200.0,400.0,62000.0
1002,2021-10-01 09:25:15,26200.0,300.0,61600.0
1003,2021-10-01 09:25:13,26200.0,2100.0,61300.0
1004,2021-10-01 09:25:11,26200.0,3000.0,59200.0
1005,2021-10-01 09:25:06,26200.0,2000.0,56200.0
1006,2021-10-01 09:25:01,26200.0,100.0,54200.0
1007,2021-10-01 09:24:28,26250.0,1000.0,54100.0
1008,2021-10-01 09:24:13,26250.0,1000.0,53100.0
1009,2021-10-01 09:23:58,26250.0,1000.0,52100.0
1010,2021-10-01 09:23:49,26200.0,2100.0,51100.0
1011,2021-10-01 09:23:49,26200.0,4800.0,49000.0
1012,2021-10-01 09:23:49,26200.0,1400.0,44200.0
1013,2021-10-01 09:22:42,26250.0,100.0,42800.0
1014,2021-10-01 09:22:33,26250.0,100.0,42700.0
1015,2021-10-01 09:22:27,26250.0,4500.0,42600.0
1016,2021-10-01 09:21:59,26250.0,3000.0,38100.0
1017,2021-10-01 09:21:44,26250.0,100.0,35100.0
1018,2021-10-01 09:21:18,26250.0,100.0,35000.0
1019,2021-10-01 09:20:41,26300.0,300.0,34900.0
1020,2021-10-01 09:20:41,26300.0,200.0,34600.0
1021,2021-10-01 09:20:34,26300.0,2000.0,34400.0
1022,2021-10-01 09:20:32,26300.0,600.0,32400.0
1023,2021-10-01 09:20:15,26300.0,500.0,31800.0
1024,2021-10-01 09:20:09,26300.0,400.0,31300.0
1025,2021-10-01 09:20:09,26300.0,500.0,30900.0
1026,2021-10-01 09:20:09,26300.0,1000.0,30400.0
1027,2021-10-01 09:20:09,26300.0,1100.0,29400.0
1028,2021-10-01 09:19:20,26300.0,1000.0,28300.0
1029,2021-10-01 09:19:07,26300.0,100.0,27300.0
1030,2021-10-01 09:18:56,26300.0,800.0,27200.0
1031,2021-10-01 09:18:56,26300.0,1200.0,26400.0
1032,2021-10-01 09:18:41,26300.0,800.0,25200.0
1033,2021-10-01 09:18:41,26300.0,500.0,24400.0
1034,2021-10-01 09:18:41,26300.0,500.0,23900.0
1035,2021-10-01 09:18:41,26300.0,200.0,23400.0
1036,2021-10-01 09:18:37,26300.0,1300.0,23200.0
1037,2021-10-01 09:18:26,26300.0,1000.0,21900.0
1038,2021-10-01 09:18:17,26300.0,500.0,20900.0
1039,2021-10-01 09:18:17,26300.0,2500.0,20400.0
1040,2021-10-01 09:16:17,26300.0,500.0,17900.0
1041,2021-10-01 09:15:55,26300.0,500.0,17400.0
1042,2021-10-01 09:15:36,26300.0,500.0,16900.0
1043,2021-10-01 09:15:36,26300.0,500.0,16400.0
1044,2021-10-01 09:15:00,26200.0,4900.0,15900.0
1045,2021-10-01 09:15:00,26200.0,2200.0,11000.0
1046,2021-10-01 09:15:00,26200.0,300.0,8800.0
1047,2021-10-01 09:15:00,26200.0,100.0,8500.0
1048,2021-10-01 09:15:00,26200.0,1000.0,8400.0
1049,2021-10-01 09:15:00,26200.0,900.0,7400.0
1050,2021-10-01 09:15:00,26200.0,100.0,6500.0
1051,2021-10-01 09:15:00,26200.0,500.0,6400.0
1052,2021-10-01 09:15:00,26200.0,2000.0,5900.0
1053,2021-10-01 09:15:00,26200.0,400.0,3900.0
1054,2021-10-01 09:15:00,26200.0,200.0,3500.0
1055,2021-10-01 09:15:00,26200.0,800.0,3300.0
1056,2021-10-01 09:15:00,26200.0,1500.0,2500.0
1057,2021-10-01 09:15:00,26200.0,900.0,1000.0
1058,2021-10-01 09:15:00,26200.0,100.0,100.0
