,Time,Price,Volume_per_trade,Volume
0,2021-10-12 07:45:00,28600.0,2100.0,249000.0
1,2021-10-12 07:45:00,28600.0,200.0,246900.0
2,2021-10-12 07:45:00,28600.0,500.0,246700.0
3,2021-10-12 07:45:00,28600.0,1200.0,246200.0
4,2021-10-12 07:45:00,28600.0,100.0,245000.0
5,2021-10-12 07:45:00,28600.0,100.0,244900.0
6,2021-10-12 07:30:00,28600.0,100.0,244800.0
7,2021-10-12 07:27:38,28600.0,500.0,244700.0
8,2021-10-12 07:25:21,28600.0,2200.0,244200.0
9,2021-10-12 07:25:21,28600.0,100.0,242000.0
10,2021-10-12 07:24:41,28650.0,300.0,241900.0
11,2021-10-12 07:23:46,28650.0,1000.0,241600.0
12,2021-10-12 07:16:52,28600.0,3700.0,240600.0
13,2021-10-12 06:56:59,28800.0,100.0,236900.0
14,2021-10-12 06:56:59,28800.0,1700.0,236800.0
15,2021-10-12 06:49:52,28750.0,200.0,235100.0
16,2021-10-12 06:44:07,28750.0,1000.0,234900.0
17,2021-10-12 06:44:07,28750.0,1000.0,233900.0
18,2021-10-12 06:33:26,28750.0,100.0,232900.0
19,2021-10-12 06:33:26,28750.0,100.0,232800.0
20,2021-10-12 06:33:26,28700.0,100.0,232700.0
21,2021-10-12 06:33:26,28600.0,100.0,232600.0
22,2021-10-12 06:30:44,28550.0,500.0,232500.0
23,2021-10-12 06:30:44,28550.0,300.0,232000.0
24,2021-10-12 06:26:54,28500.0,2700.0,231700.0
25,2021-10-12 06:26:54,28500.0,1400.0,229000.0
26,2021-10-12 06:25:33,28500.0,1600.0,227600.0
27,2021-10-12 06:25:33,28500.0,3400.0,226000.0
28,2021-10-12 06:24:49,28500.0,1600.0,222600.0
29,2021-10-12 06:24:49,28500.0,200.0,221000.0
30,2021-10-12 06:24:49,28500.0,500.0,220800.0
31,2021-10-12 06:24:49,28500.0,200.0,220300.0
32,2021-10-12 06:24:49,28500.0,100.0,220100.0
33,2021-10-12 06:24:49,28500.0,200.0,220000.0
34,2021-10-12 06:24:49,28500.0,1000.0,219800.0
35,2021-10-12 06:24:49,28500.0,1500.0,218800.0
36,2021-10-12 06:24:49,28500.0,200.0,217300.0
37,2021-10-12 06:24:49,28500.0,1000.0,217100.0
38,2021-10-12 06:24:49,28500.0,1700.0,216100.0
39,2021-10-12 06:24:18,28550.0,5000.0,214400.0
40,2021-10-12 06:24:18,28550.0,100.0,209400.0
41,2021-10-12 06:24:18,28550.0,100.0,209300.0
42,2021-10-12 06:24:13,28550.0,1900.0,209200.0
43,2021-10-12 06:24:13,28550.0,100.0,207300.0
44,2021-10-12 06:23:21,28600.0,400.0,207200.0
45,2021-10-12 06:23:07,28600.0,2600.0,206800.0
46,2021-10-12 06:23:07,28600.0,200.0,204200.0
47,2021-10-12 06:23:07,28600.0,100.0,204000.0
48,2021-10-12 06:23:07,28600.0,100.0,203900.0
49,2021-10-12 06:21:30,28800.0,1100.0,203800.0
50,2021-10-12 06:19:15,28600.0,1400.0,202700.0
51,2021-10-12 06:19:15,28600.0,100.0,201300.0
52,2021-10-12 06:14:06,28800.0,200.0,201200.0
53,2021-10-12 06:12:12,28800.0,3000.0,201000.0
54,2021-10-12 06:11:23,28800.0,900.0,198000.0
55,2021-10-12 06:11:23,28800.0,400.0,197100.0
56,2021-10-12 06:11:23,28800.0,200.0,196700.0
57,2021-10-12 06:11:23,28800.0,500.0,196500.0
58,2021-10-12 06:11:11,28800.0,4400.0,196000.0
59,2021-10-12 06:11:11,28750.0,500.0,191600.0
60,2021-10-12 06:11:11,28750.0,100.0,191100.0
61,2021-10-12 06:08:41,28500.0,100.0,191000.0
62,2021-10-12 06:08:41,28500.0,200.0,190900.0
63,2021-10-12 06:08:41,28500.0,100.0,190700.0
64,2021-10-12 06:08:41,28500.0,200.0,190600.0
65,2021-10-12 06:08:41,28500.0,200.0,190400.0
66,2021-10-12 06:08:41,28550.0,100.0,190200.0
67,2021-10-12 06:08:19,28600.0,200.0,190100.0
68,2021-10-12 06:08:19,28600.0,500.0,189900.0
69,2021-10-12 06:08:19,28600.0,100.0,189400.0
70,2021-10-12 06:08:19,28600.0,100.0,189300.0
71,2021-10-12 06:06:47,28750.0,600.0,189200.0
72,2021-10-12 06:06:47,28700.0,100.0,188600.0
73,2021-10-12 06:06:47,28700.0,300.0,188500.0
74,2021-10-12 06:04:50,28600.0,400.0,188200.0
75,2021-10-12 06:03:38,28600.0,600.0,187800.0
76,2021-10-12 06:03:38,28600.0,1000.0,187200.0
77,2021-10-12 06:03:38,28600.0,600.0,186200.0
78,2021-10-12 06:03:38,28600.0,9800.0,185600.0
79,2021-10-12 06:00:09,28500.0,300.0,175800.0
80,2021-10-12 06:00:01,28500.0,4700.0,175500.0
81,2021-10-12 06:00:01,28500.0,800.0,170800.0
82,2021-10-12 06:00:01,28500.0,1000.0,170000.0
83,2021-10-12 06:00:01,28500.0,200.0,169000.0
84,2021-10-12 06:00:01,28500.0,300.0,168800.0
85,2021-10-12 06:00:01,28600.0,100.0,168500.0
86,2021-10-12 04:29:04,28600.0,5000.0,168400.0
87,2021-10-12 04:29:04,28550.0,400.0,163400.0
88,2021-10-12 04:29:04,28550.0,4200.0,163000.0
89,2021-10-12 04:28:16,28500.0,100.0,158800.0
90,2021-10-12 04:28:16,28500.0,3700.0,158700.0
91,2021-10-12 04:28:16,28500.0,200.0,155000.0
92,2021-10-12 04:28:16,28500.0,300.0,154800.0
93,2021-10-12 04:28:16,28500.0,200.0,154500.0
94,2021-10-12 04:28:16,28500.0,100.0,154300.0
95,2021-10-12 04:28:16,28500.0,400.0,154200.0
96,2021-10-12 04:28:16,28500.0,100.0,153800.0
97,2021-10-12 04:28:16,28500.0,1500.0,153700.0
98,2021-10-12 04:19:33,28500.0,500.0,152200.0
99,2021-10-12 04:19:33,28500.0,100.0,151700.0
100,2021-10-12 04:19:26,28550.0,300.0,151600.0
101,2021-10-12 04:17:18,28550.0,200.0,151300.0
102,2021-10-12 04:16:44,28550.0,300.0,151100.0
103,2021-10-12 04:16:32,28600.0,100.0,150800.0
104,2021-10-12 04:11:21,28550.0,300.0,150700.0
105,2021-10-12 04:11:21,28550.0,100.0,150400.0
106,2021-10-12 04:11:21,28550.0,400.0,150300.0
107,2021-10-12 04:11:21,28550.0,200.0,149900.0
108,2021-10-12 04:10:56,28550.0,300.0,149700.0
109,2021-10-12 04:10:56,28550.0,200.0,149400.0
110,2021-10-12 04:10:49,28600.0,100.0,149200.0
111,2021-10-12 04:09:59,28550.0,200.0,149100.0
112,2021-10-12 04:04:57,28550.0,200.0,148900.0
113,2021-10-12 04:04:57,28550.0,400.0,148700.0
114,2021-10-12 04:04:31,28550.0,100.0,148300.0
115,2021-10-12 04:04:08,28550.0,400.0,148200.0
116,2021-10-12 04:02:52,28550.0,100.0,147800.0
117,2021-10-12 03:58:19,28450.0,400.0,147700.0
118,2021-10-12 03:58:19,28450.0,300.0,147300.0
119,2021-10-12 03:58:19,28450.0,200.0,147000.0
120,2021-10-12 03:58:19,28450.0,200.0,146800.0
121,2021-10-12 03:58:19,28450.0,300.0,146600.0
122,2021-10-12 03:58:19,28450.0,200.0,146300.0
123,2021-10-12 03:58:19,28450.0,100.0,146100.0
124,2021-10-12 03:57:20,28500.0,500.0,146000.0
125,2021-10-12 03:57:20,28500.0,500.0,145500.0
126,2021-10-12 03:57:20,28500.0,100.0,145000.0
127,2021-10-12 03:54:27,28550.0,200.0,144900.0
128,2021-10-12 03:54:27,28550.0,300.0,144700.0
129,2021-10-12 03:54:16,28550.0,700.0,144400.0
130,2021-10-12 03:54:16,28550.0,300.0,143700.0
131,2021-10-12 03:54:15,28550.0,700.0,143400.0
132,2021-10-12 03:54:15,28550.0,100.0,142700.0
133,2021-10-12 03:54:15,28550.0,400.0,142600.0
134,2021-10-12 03:54:15,28550.0,1800.0,142200.0
135,2021-10-12 03:50:45,28550.0,2300.0,140400.0
136,2021-10-12 03:50:22,28550.0,1000.0,138100.0
137,2021-10-12 03:50:02,28550.0,3000.0,137100.0
138,2021-10-12 03:49:34,28600.0,200.0,134100.0
139,2021-10-12 03:47:19,28550.0,900.0,133900.0
140,2021-10-12 03:46:28,28550.0,1000.0,133000.0
141,2021-10-12 03:45:09,28550.0,100.0,132000.0
142,2021-10-12 03:40:57,28600.0,500.0,131900.0
143,2021-10-12 03:40:48,28400.0,1900.0,131400.0
144,2021-10-12 03:40:48,28450.0,100.0,129500.0
145,2021-10-12 03:34:46,28400.0,400.0,129400.0
146,2021-10-12 03:34:46,28400.0,100.0,129000.0
147,2021-10-12 03:33:42,28400.0,100.0,128900.0
148,2021-10-12 03:33:30,28400.0,10000.0,128800.0
149,2021-10-12 03:33:12,28400.0,900.0,118800.0
150,2021-10-12 03:32:45,28400.0,100.0,117900.0
151,2021-10-12 03:32:07,28400.0,2000.0,117800.0
152,2021-10-12 03:32:07,28400.0,500.0,115800.0
153,2021-10-12 03:32:07,28400.0,1000.0,115300.0
154,2021-10-12 03:32:07,28400.0,500.0,114300.0
155,2021-10-12 03:32:07,28400.0,200.0,113800.0
156,2021-10-12 03:32:07,28400.0,300.0,113600.0
157,2021-10-12 03:32:07,28400.0,100.0,113300.0
158,2021-10-12 03:32:07,28450.0,3000.0,113200.0
159,2021-10-12 03:32:07,28450.0,200.0,110200.0
160,2021-10-12 03:32:07,28450.0,1000.0,110000.0
161,2021-10-12 03:32:07,28450.0,600.0,109000.0
162,2021-10-12 03:32:07,28450.0,700.0,108400.0
163,2021-10-12 03:32:07,28500.0,2000.0,107700.0
164,2021-10-12 03:30:28,28450.0,300.0,105700.0
165,2021-10-12 03:29:30,28450.0,1700.0,105400.0
166,2021-10-12 03:29:30,28450.0,500.0,103700.0
167,2021-10-12 03:29:30,28450.0,500.0,103200.0
168,2021-10-12 03:29:30,28450.0,500.0,102700.0
169,2021-10-12 03:29:30,28450.0,100.0,102200.0
170,2021-10-12 03:29:30,28450.0,500.0,102100.0
171,2021-10-12 03:29:30,28450.0,200.0,101600.0
172,2021-10-12 03:29:30,28500.0,2000.0,101400.0
173,2021-10-12 03:29:30,28500.0,100.0,99400.0
174,2021-10-12 03:29:30,28500.0,1000.0,99300.0
175,2021-10-12 03:29:30,28500.0,1000.0,98300.0
176,2021-10-12 03:29:30,28600.0,1900.0,97300.0
177,2021-10-12 03:29:24,28600.0,100.0,95400.0
178,2021-10-12 03:25:06,28500.0,100.0,95300.0
179,2021-10-12 03:24:48,28500.0,200.0,95200.0
180,2021-10-12 03:24:48,28500.0,600.0,95000.0
181,2021-10-12 03:24:48,28500.0,500.0,94400.0
182,2021-10-12 03:24:48,28500.0,300.0,93900.0
183,2021-10-12 03:24:48,28500.0,100.0,93600.0
184,2021-10-12 03:24:48,28500.0,200.0,93500.0
185,2021-10-12 03:24:48,28550.0,1000.0,93300.0
186,2021-10-12 03:24:48,28550.0,500.0,92300.0
187,2021-10-12 03:24:48,28550.0,400.0,91800.0
188,2021-10-12 03:24:48,28600.0,2000.0,91400.0
189,2021-10-12 03:24:48,28600.0,200.0,89400.0
190,2021-10-12 03:24:48,28600.0,600.0,89200.0
191,2021-10-12 03:24:48,28600.0,500.0,88600.0
192,2021-10-12 03:23:45,28650.0,600.0,88100.0
193,2021-10-12 03:23:25,28650.0,400.0,87500.0
194,2021-10-12 03:23:25,28650.0,400.0,87100.0
195,2021-10-12 03:23:25,28650.0,1000.0,86700.0
196,2021-10-12 03:23:25,28650.0,200.0,85700.0
197,2021-10-12 03:22:24,28650.0,200.0,85500.0
198,2021-10-12 03:22:09,28650.0,200.0,85300.0
199,2021-10-12 03:20:43,28650.0,200.0,85100.0
200,2021-10-12 03:15:14,28650.0,100.0,84900.0
201,2021-10-12 03:14:37,28650.0,100.0,84800.0
202,2021-10-12 03:14:37,28650.0,300.0,84700.0
203,2021-10-12 03:14:25,28550.0,1100.0,84400.0
204,2021-10-12 03:14:14,28500.0,1000.0,83300.0
205,2021-10-12 03:14:14,28500.0,300.0,82300.0
206,2021-10-12 03:13:57,28450.0,600.0,82000.0
207,2021-10-12 03:13:57,28450.0,400.0,81400.0
208,2021-10-12 03:13:37,28450.0,100.0,81000.0
209,2021-10-12 03:13:25,28500.0,100.0,80900.0
210,2021-10-12 03:12:01,28500.0,100.0,80800.0
211,2021-10-12 03:11:17,28500.0,10000.0,80700.0
212,2021-10-12 03:11:17,28500.0,200.0,70700.0
213,2021-10-12 03:11:17,28500.0,100.0,70500.0
214,2021-10-12 03:11:17,28500.0,200.0,70400.0
215,2021-10-12 03:11:17,28500.0,200.0,70200.0
216,2021-10-12 03:11:17,28500.0,100.0,70000.0
217,2021-10-12 03:11:12,28550.0,900.0,69900.0
218,2021-10-12 03:10:16,28550.0,1000.0,69000.0
219,2021-10-12 03:09:34,28550.0,1000.0,68000.0
220,2021-10-12 03:09:34,28550.0,100.0,67000.0
221,2021-10-12 03:09:34,28550.0,1000.0,66900.0
222,2021-10-12 03:09:07,28600.0,1500.0,65900.0
223,2021-10-12 03:09:07,28600.0,1000.0,64400.0
224,2021-10-12 03:09:07,28600.0,1000.0,63400.0
225,2021-10-12 03:09:07,28600.0,500.0,62400.0
226,2021-10-12 03:09:07,28600.0,200.0,61900.0
227,2021-10-12 03:09:07,28600.0,600.0,61700.0
228,2021-10-12 03:09:07,28600.0,500.0,61100.0
229,2021-10-12 03:09:07,28600.0,100.0,60600.0
230,2021-10-12 03:09:07,28600.0,200.0,60500.0
231,2021-10-12 03:08:39,28650.0,100.0,60300.0
232,2021-10-12 03:08:39,28650.0,400.0,60200.0
233,2021-10-12 03:07:53,28650.0,600.0,59800.0
234,2021-10-12 03:07:53,28650.0,300.0,59200.0
235,2021-10-12 03:06:56,28650.0,200.0,58900.0
236,2021-10-12 03:05:27,28700.0,100.0,58700.0
237,2021-10-12 03:05:00,28700.0,100.0,58600.0
238,2021-10-12 03:01:42,28700.0,300.0,58500.0
239,2021-10-12 03:01:42,28700.0,1400.0,58200.0
240,2021-10-12 03:01:34,28650.0,500.0,56800.0
241,2021-10-12 03:01:34,28650.0,900.0,56300.0
242,2021-10-12 03:01:34,28650.0,500.0,55400.0
243,2021-10-12 03:01:34,28650.0,100.0,54900.0
244,2021-10-12 03:01:06,28700.0,100.0,54800.0
245,2021-10-12 03:00:02,28700.0,200.0,54700.0
246,2021-10-12 02:59:37,28700.0,100.0,54500.0
247,2021-10-12 02:57:29,28700.0,300.0,54400.0
248,2021-10-12 02:56:52,28700.0,900.0,54100.0
249,2021-10-12 02:56:50,28750.0,2000.0,53200.0
250,2021-10-12 02:56:13,28700.0,100.0,51200.0
251,2021-10-12 02:55:06,28800.0,100.0,51100.0
252,2021-10-12 02:55:06,28750.0,100.0,51000.0
253,2021-10-12 02:55:06,28700.0,400.0,50900.0
254,2021-10-12 02:53:35,28700.0,100.0,50500.0
255,2021-10-12 02:53:35,28700.0,500.0,50400.0
256,2021-10-12 02:52:52,28700.0,1000.0,49900.0
257,2021-10-12 02:52:39,28700.0,1000.0,48900.0
258,2021-10-12 02:52:39,28700.0,100.0,47900.0
259,2021-10-12 02:52:39,28700.0,700.0,47800.0
260,2021-10-12 02:52:39,28700.0,100.0,47100.0
261,2021-10-12 02:50:59,28700.0,400.0,47000.0
262,2021-10-12 02:50:59,28700.0,200.0,46600.0
263,2021-10-12 02:50:59,28700.0,200.0,46400.0
264,2021-10-12 02:50:59,28700.0,200.0,46200.0
265,2021-10-12 02:50:07,28700.0,100.0,46000.0
266,2021-10-12 02:50:07,28700.0,100.0,45900.0
267,2021-10-12 02:49:46,28750.0,100.0,45800.0
268,2021-10-12 02:49:19,28750.0,100.0,45700.0
269,2021-10-12 02:49:19,28750.0,3000.0,45600.0
270,2021-10-12 02:49:19,28750.0,400.0,42600.0
271,2021-10-12 02:48:07,28750.0,200.0,42200.0
272,2021-10-12 02:48:04,28800.0,300.0,42000.0
273,2021-10-12 02:48:03,28800.0,200.0,41700.0
274,2021-10-12 02:48:03,28800.0,200.0,41500.0
275,2021-10-12 02:47:46,28800.0,100.0,41300.0
276,2021-10-12 02:47:31,28800.0,200.0,41200.0
277,2021-10-12 02:47:31,28800.0,800.0,41000.0
278,2021-10-12 02:46:42,28800.0,800.0,40200.0
279,2021-10-12 02:46:42,28800.0,500.0,39400.0
280,2021-10-12 02:46:42,28800.0,900.0,38900.0
281,2021-10-12 02:46:21,28750.0,100.0,38000.0
282,2021-10-12 02:44:47,28800.0,300.0,37900.0
283,2021-10-12 02:44:31,28800.0,200.0,37600.0
284,2021-10-12 02:44:31,28800.0,200.0,37400.0
285,2021-10-12 02:44:31,28800.0,100.0,37200.0
286,2021-10-12 02:44:31,28800.0,100.0,37100.0
287,2021-10-12 02:44:24,28800.0,400.0,37000.0
288,2021-10-12 02:44:24,28800.0,200.0,36600.0
289,2021-10-12 02:44:03,28800.0,1800.0,36400.0
290,2021-10-12 02:44:03,28800.0,1500.0,34600.0
291,2021-10-12 02:44:03,28800.0,200.0,33100.0
292,2021-10-12 02:44:03,28800.0,300.0,32900.0
293,2021-10-12 02:44:03,28800.0,100.0,32600.0
294,2021-10-12 02:44:03,28800.0,100.0,32500.0
295,2021-10-12 02:43:57,28800.0,500.0,32400.0
296,2021-10-12 02:43:11,28850.0,4000.0,31900.0
297,2021-10-12 02:40:46,28900.0,500.0,27900.0
298,2021-10-12 02:39:48,28900.0,2000.0,27400.0
299,2021-10-12 02:37:57,28850.0,300.0,25400.0
300,2021-10-12 02:37:57,28850.0,300.0,25100.0
301,2021-10-12 02:37:51,28800.0,400.0,24800.0
302,2021-10-12 02:37:15,28850.0,400.0,24400.0
303,2021-10-12 02:36:57,28850.0,100.0,24000.0
304,2021-10-12 02:36:44,28850.0,200.0,23900.0
305,2021-10-12 02:35:06,28850.0,300.0,23700.0
306,2021-10-12 02:33:35,28850.0,100.0,23400.0
307,2021-10-12 02:32:54,28850.0,900.0,23300.0
308,2021-10-12 02:30:47,28900.0,300.0,22400.0
309,2021-10-12 02:30:47,28900.0,200.0,22100.0
310,2021-10-12 02:30:47,28900.0,600.0,21900.0
311,2021-10-12 02:30:34,28900.0,500.0,21300.0
312,2021-10-12 02:30:15,28900.0,1000.0,20800.0
313,2021-10-12 02:29:59,28900.0,100.0,19800.0
314,2021-10-12 02:28:57,28900.0,2800.0,19700.0
315,2021-10-12 02:28:57,28900.0,300.0,16900.0
316,2021-10-12 02:28:57,28900.0,500.0,16600.0
317,2021-10-12 02:28:57,28900.0,700.0,16100.0
318,2021-10-12 02:28:57,28900.0,100.0,15400.0
319,2021-10-12 02:28:57,28900.0,600.0,15300.0
320,2021-10-12 02:28:45,28950.0,100.0,14700.0
321,2021-10-12 02:28:45,28950.0,100.0,14600.0
322,2021-10-12 02:28:45,28950.0,400.0,14500.0
323,2021-10-12 02:27:20,28950.0,300.0,14100.0
324,2021-10-12 02:27:20,28950.0,100.0,13800.0
325,2021-10-12 02:27:20,28950.0,200.0,13700.0
326,2021-10-12 02:25:32,28950.0,1200.0,13500.0
327,2021-10-12 02:24:40,28950.0,1000.0,12300.0
328,2021-10-12 02:24:38,28950.0,1500.0,11300.0
329,2021-10-12 02:21:57,28950.0,100.0,9800.0
330,2021-10-12 02:21:45,28950.0,1000.0,9700.0
331,2021-10-12 02:20:24,29000.0,100.0,8700.0
332,2021-10-12 02:20:16,29000.0,100.0,8600.0
333,2021-10-12 02:20:10,29000.0,100.0,8500.0
334,2021-10-12 02:19:51,29000.0,100.0,8400.0
335,2021-10-12 02:19:34,29000.0,1000.0,8300.0
336,2021-10-12 02:19:08,29000.0,500.0,7300.0
337,2021-10-12 02:19:08,29000.0,100.0,6800.0
338,2021-10-12 02:19:08,29000.0,1400.0,6700.0
339,2021-10-12 02:18:38,29000.0,300.0,5300.0
340,2021-10-12 02:15:00,29000.0,100.0,5000.0
341,2021-10-12 02:15:00,29000.0,200.0,4900.0
342,2021-10-12 02:15:00,29000.0,3000.0,4700.0
343,2021-10-12 02:15:00,29000.0,1200.0,1700.0
344,2021-10-12 02:15:00,29000.0,300.0,500.0
345,2021-10-12 02:15:00,29000.0,200.0,200.0
