,Time,Price,Volume_per_trade,Volume
0,2021-10-22 07:45:00,32250.0,300.0,818600.0
1,2021-10-22 07:45:00,32250.0,1700.0,818300.0
2,2021-10-22 07:45:00,32250.0,400.0,816600.0
3,2021-10-22 07:45:00,32250.0,200.0,816200.0
4,2021-10-22 07:45:00,32250.0,700.0,816000.0
5,2021-10-22 07:45:00,32250.0,300.0,815300.0
6,2021-10-22 07:45:00,32250.0,100.0,815000.0
7,2021-10-22 07:45:00,32250.0,400.0,814900.0
8,2021-10-22 07:29:31,32350.0,800.0,814500.0
9,2021-10-22 07:29:06,32200.0,600.0,813700.0
10,2021-10-22 07:29:06,32200.0,100.0,813100.0
11,2021-10-22 07:29:06,32200.0,1000.0,813000.0
12,2021-10-22 07:29:06,32200.0,100.0,812000.0
13,2021-10-22 07:29:06,32300.0,200.0,811900.0
14,2021-10-22 07:28:50,32350.0,200.0,811700.0
15,2021-10-22 07:28:15,32300.0,100.0,811500.0
16,2021-10-22 07:27:52,32300.0,1000.0,811400.0
17,2021-10-22 07:27:52,32300.0,500.0,810400.0
18,2021-10-22 07:26:33,32300.0,100.0,809900.0
19,2021-10-22 07:26:23,32300.0,100.0,809800.0
20,2021-10-22 07:26:14,32300.0,1000.0,809700.0
21,2021-10-22 07:26:14,32300.0,1000.0,808700.0
22,2021-10-22 07:26:14,32300.0,500.0,807700.0
23,2021-10-22 07:26:14,32250.0,200.0,807200.0
24,2021-10-22 07:26:14,32250.0,200.0,807000.0
25,2021-10-22 07:26:14,32250.0,100.0,806800.0
26,2021-10-22 07:26:14,32250.0,500.0,806700.0
27,2021-10-22 07:26:14,32250.0,500.0,806200.0
28,2021-10-22 07:25:22,32250.0,100.0,805700.0
29,2021-10-22 07:25:14,32250.0,200.0,805600.0
30,2021-10-22 07:24:49,32250.0,200.0,805400.0
31,2021-10-22 07:23:34,32250.0,100.0,805200.0
32,2021-10-22 07:23:16,32250.0,400.0,805100.0
33,2021-10-22 07:23:16,32250.0,600.0,804700.0
34,2021-10-22 07:22:57,32250.0,600.0,804100.0
35,2021-10-22 07:22:34,32250.0,300.0,803500.0
36,2021-10-22 07:22:14,32250.0,300.0,803200.0
37,2021-10-22 07:22:11,32250.0,100.0,802900.0
38,2021-10-22 07:21:58,32250.0,300.0,802800.0
39,2021-10-22 07:21:21,32200.0,400.0,802500.0
40,2021-10-22 07:21:21,32200.0,500.0,802100.0
41,2021-10-22 07:21:21,32200.0,100.0,801600.0
42,2021-10-22 07:21:04,32200.0,400.0,801500.0
43,2021-10-22 07:21:04,32200.0,1100.0,801100.0
44,2021-10-22 07:19:42,32200.0,5000.0,800000.0
45,2021-10-22 07:19:35,32200.0,1000.0,795000.0
46,2021-10-22 07:19:30,32300.0,1000.0,794000.0
47,2021-10-22 07:19:25,32200.0,100.0,793000.0
48,2021-10-22 07:18:40,32300.0,100.0,792900.0
49,2021-10-22 07:18:40,32300.0,500.0,792800.0
50,2021-10-22 07:18:40,32300.0,400.0,792300.0
51,2021-10-22 07:18:09,32200.0,100.0,791900.0
52,2021-10-22 07:17:57,32200.0,300.0,791800.0
53,2021-10-22 07:17:54,32200.0,500.0,791500.0
54,2021-10-22 07:17:27,32200.0,1900.0,791000.0
55,2021-10-22 07:17:27,32200.0,100.0,789100.0
56,2021-10-22 07:16:01,32300.0,100.0,789000.0
57,2021-10-22 07:15:32,32300.0,100.0,788900.0
58,2021-10-22 07:15:32,32300.0,500.0,788800.0
59,2021-10-22 07:15:32,32300.0,400.0,788300.0
60,2021-10-22 07:15:21,32300.0,1000.0,787900.0
61,2021-10-22 07:15:18,32300.0,400.0,786900.0
62,2021-10-22 07:14:54,32300.0,200.0,786500.0
63,2021-10-22 07:14:54,32300.0,600.0,786300.0
64,2021-10-22 07:14:54,32300.0,100.0,785700.0
65,2021-10-22 07:14:54,32300.0,11000.0,785600.0
66,2021-10-22 07:14:54,32300.0,100.0,774600.0
67,2021-10-22 07:14:54,32300.0,200.0,774500.0
68,2021-10-22 07:14:54,32300.0,200.0,774300.0
69,2021-10-22 07:14:54,32300.0,5000.0,774100.0
70,2021-10-22 07:14:54,32300.0,500.0,769100.0
71,2021-10-22 07:14:54,32300.0,1000.0,768600.0
72,2021-10-22 07:14:54,32300.0,1000.0,767600.0
73,2021-10-22 07:14:54,32300.0,100.0,766600.0
74,2021-10-22 07:14:23,32300.0,200.0,766500.0
75,2021-10-22 07:14:23,32300.0,800.0,766300.0
76,2021-10-22 07:11:55,32400.0,1000.0,765500.0
77,2021-10-22 07:10:53,32400.0,1000.0,764500.0
78,2021-10-22 07:10:04,32400.0,100.0,763500.0
79,2021-10-22 07:10:04,32400.0,100.0,763400.0
80,2021-10-22 07:10:04,32400.0,200.0,763300.0
81,2021-10-22 07:10:04,32400.0,700.0,763100.0
82,2021-10-22 07:09:52,32500.0,2700.0,762400.0
83,2021-10-22 07:09:52,32450.0,1000.0,759700.0
84,2021-10-22 07:09:52,32450.0,500.0,758700.0
85,2021-10-22 07:09:40,32400.0,300.0,758200.0
86,2021-10-22 07:09:40,32400.0,500.0,757900.0
87,2021-10-22 07:09:40,32400.0,4200.0,757400.0
88,2021-10-22 07:09:11,32400.0,400.0,753200.0
89,2021-10-22 07:08:26,32400.0,400.0,752800.0
90,2021-10-22 07:08:26,32400.0,100.0,752400.0
91,2021-10-22 07:07:33,32400.0,900.0,752300.0
92,2021-10-22 07:07:33,32400.0,1000.0,751400.0
93,2021-10-22 07:07:33,32400.0,800.0,750400.0
94,2021-10-22 07:07:33,32450.0,500.0,749600.0
95,2021-10-22 07:07:33,32450.0,800.0,749100.0
96,2021-10-22 07:07:13,32450.0,2200.0,748300.0
97,2021-10-22 07:07:13,32450.0,100.0,746100.0
98,2021-10-22 07:07:13,32450.0,700.0,746000.0
99,2021-10-22 07:06:56,32450.0,900.0,745300.0
100,2021-10-22 07:05:06,32500.0,500.0,744400.0
101,2021-10-22 07:04:51,32500.0,200.0,743900.0
102,2021-10-22 07:04:51,32450.0,1400.0,743700.0
103,2021-10-22 07:04:51,32450.0,200.0,742300.0
104,2021-10-22 07:04:51,32450.0,300.0,742100.0
105,2021-10-22 07:02:37,32500.0,100.0,741800.0
106,2021-10-22 07:01:27,32500.0,500.0,741700.0
107,2021-10-22 07:01:12,32500.0,100.0,741200.0
108,2021-10-22 07:00:56,32500.0,500.0,741100.0
109,2021-10-22 06:59:58,32500.0,1000.0,740600.0
110,2021-10-22 06:59:58,32500.0,500.0,739600.0
111,2021-10-22 06:59:58,32500.0,1000.0,739100.0
112,2021-10-22 06:59:58,32500.0,1500.0,738100.0
113,2021-10-22 06:59:58,32500.0,900.0,736600.0
114,2021-10-22 06:59:58,32500.0,1000.0,735700.0
115,2021-10-22 06:59:58,32500.0,1000.0,734700.0
116,2021-10-22 06:59:58,32500.0,700.0,733700.0
117,2021-10-22 06:59:58,32500.0,1200.0,733000.0
118,2021-10-22 06:59:26,32500.0,900.0,731800.0
119,2021-10-22 06:57:54,32500.0,200.0,730900.0
120,2021-10-22 06:57:31,32450.0,100.0,730700.0
121,2021-10-22 06:57:17,32450.0,300.0,730600.0
122,2021-10-22 06:55:37,32450.0,200.0,730300.0
123,2021-10-22 06:54:21,32450.0,200.0,730100.0
124,2021-10-22 06:52:00,32450.0,1000.0,729900.0
125,2021-10-22 06:51:56,32500.0,600.0,728900.0
126,2021-10-22 06:51:56,32500.0,300.0,728300.0
127,2021-10-22 06:51:56,32500.0,100.0,728000.0
128,2021-10-22 06:51:56,32500.0,400.0,727900.0
129,2021-10-22 06:51:56,32500.0,100.0,727500.0
130,2021-10-22 06:51:51,32500.0,200.0,727400.0
131,2021-10-22 06:51:51,32500.0,200.0,727200.0
132,2021-10-22 06:51:45,32500.0,300.0,727000.0
133,2021-10-22 06:51:45,32500.0,500.0,726700.0
134,2021-10-22 06:51:45,32500.0,1200.0,726200.0
135,2021-10-22 06:51:42,32500.0,100.0,725000.0
136,2021-10-22 06:51:35,32500.0,1000.0,724900.0
137,2021-10-22 06:49:00,32500.0,900.0,723900.0
138,2021-10-22 06:48:42,32500.0,1000.0,723000.0
139,2021-10-22 06:48:23,32500.0,500.0,722000.0
140,2021-10-22 06:48:21,32500.0,3900.0,721500.0
141,2021-10-22 06:48:19,32500.0,10000.0,717600.0
142,2021-10-22 06:46:55,32500.0,1400.0,707600.0
143,2021-10-22 06:46:55,32500.0,500.0,706200.0
144,2021-10-22 06:46:55,32550.0,100.0,705700.0
145,2021-10-22 06:44:45,32550.0,100.0,705600.0
146,2021-10-22 06:44:34,32500.0,500.0,705500.0
147,2021-10-22 06:42:22,32550.0,200.0,705000.0
148,2021-10-22 06:42:22,32550.0,300.0,704800.0
149,2021-10-22 06:41:40,32550.0,100.0,704500.0
150,2021-10-22 06:41:39,32500.0,100.0,704400.0
151,2021-10-22 06:41:39,32500.0,100.0,704300.0
152,2021-10-22 06:41:39,32500.0,300.0,704200.0
153,2021-10-22 06:41:07,32500.0,1000.0,703900.0
154,2021-10-22 06:39:28,32600.0,100.0,702900.0
155,2021-10-22 06:39:26,32500.0,4000.0,702800.0
156,2021-10-22 06:39:25,32500.0,100.0,698800.0
157,2021-10-22 06:39:23,32500.0,200.0,698700.0
158,2021-10-22 06:39:23,32500.0,4400.0,698500.0
159,2021-10-22 06:36:00,32500.0,200.0,694100.0
160,2021-10-22 06:34:40,32500.0,100.0,693900.0
161,2021-10-22 06:34:32,32450.0,2000.0,693800.0
162,2021-10-22 06:34:12,32500.0,300.0,691800.0
163,2021-10-22 06:33:55,32500.0,300.0,691500.0
164,2021-10-22 06:33:55,32500.0,100.0,691200.0
165,2021-10-22 06:33:21,32500.0,700.0,691100.0
166,2021-10-22 06:33:10,32500.0,500.0,690400.0
167,2021-10-22 06:33:10,32500.0,700.0,689900.0
168,2021-10-22 06:32:00,32500.0,1300.0,689200.0
169,2021-10-22 06:32:00,32500.0,200.0,687900.0
170,2021-10-22 06:32:00,32500.0,100.0,687700.0
171,2021-10-22 06:32:00,32500.0,500.0,687600.0
172,2021-10-22 06:32:00,32500.0,100.0,687100.0
173,2021-10-22 06:32:00,32500.0,400.0,687000.0
174,2021-10-22 06:30:33,32600.0,100.0,686600.0
175,2021-10-22 06:30:33,32600.0,100.0,686500.0
176,2021-10-22 06:30:33,32600.0,900.0,686400.0
177,2021-10-22 06:30:23,32500.0,500.0,685500.0
178,2021-10-22 06:29:48,32500.0,100.0,685000.0
179,2021-10-22 06:29:48,32550.0,100.0,684900.0
180,2021-10-22 06:29:22,32600.0,100.0,684800.0
181,2021-10-22 06:28:35,32600.0,100.0,684700.0
182,2021-10-22 06:27:53,32600.0,100.0,684600.0
183,2021-10-22 06:27:53,32600.0,800.0,684500.0
184,2021-10-22 06:27:39,32650.0,100.0,683700.0
185,2021-10-22 06:27:23,32600.0,3000.0,683600.0
186,2021-10-22 06:27:10,32650.0,100.0,680600.0
187,2021-10-22 06:27:05,32600.0,4000.0,680500.0
188,2021-10-22 06:27:05,32600.0,900.0,676500.0
189,2021-10-22 06:27:05,32600.0,1300.0,675600.0
190,2021-10-22 06:24:57,32600.0,1200.0,674300.0
191,2021-10-22 06:24:57,32500.0,900.0,673100.0
192,2021-10-22 06:24:40,32500.0,100.0,672200.0
193,2021-10-22 06:24:21,32600.0,500.0,672100.0
194,2021-10-22 06:24:21,32600.0,10000.0,671600.0
195,2021-10-22 06:24:21,32600.0,500.0,661600.0
196,2021-10-22 06:24:21,32600.0,800.0,661100.0
197,2021-10-22 06:24:21,32600.0,400.0,660300.0
198,2021-10-22 06:24:21,32600.0,500.0,659900.0
199,2021-10-22 06:24:21,32600.0,3000.0,659400.0
200,2021-10-22 06:24:21,32600.0,100.0,656400.0
201,2021-10-22 06:24:21,32600.0,1000.0,656300.0
202,2021-10-22 06:24:21,32600.0,100.0,655300.0
203,2021-10-22 06:24:21,32600.0,1100.0,655200.0
204,2021-10-22 06:24:21,32550.0,2000.0,654100.0
205,2021-10-22 06:23:12,32600.0,100.0,652100.0
206,2021-10-22 06:23:04,32500.0,100.0,652000.0
207,2021-10-22 06:22:57,32500.0,1800.0,651900.0
208,2021-10-22 06:22:57,32500.0,200.0,650100.0
209,2021-10-22 06:22:16,32600.0,100.0,649900.0
210,2021-10-22 06:22:12,32500.0,3500.0,649800.0
211,2021-10-22 06:21:47,32500.0,1000.0,646300.0
212,2021-10-22 06:21:47,32550.0,500.0,645300.0
213,2021-10-22 06:21:46,32550.0,200.0,644800.0
214,2021-10-22 06:21:46,32550.0,300.0,644600.0
215,2021-10-22 06:21:42,32600.0,100.0,644300.0
216,2021-10-22 06:21:31,32550.0,1000.0,644200.0
217,2021-10-22 06:21:31,32550.0,700.0,643200.0
218,2021-10-22 06:21:24,32550.0,100.0,642500.0
219,2021-10-22 06:21:05,32500.0,100.0,642400.0
220,2021-10-22 06:20:54,32500.0,100.0,642300.0
221,2021-10-22 06:20:47,32500.0,300.0,642200.0
222,2021-10-22 06:20:47,32500.0,100.0,641900.0
223,2021-10-22 06:20:47,32500.0,3600.0,641800.0
224,2021-10-22 06:20:31,32550.0,300.0,638200.0
225,2021-10-22 06:20:31,32550.0,200.0,637900.0
226,2021-10-22 06:20:31,32550.0,800.0,637700.0
227,2021-10-22 06:20:31,32550.0,200.0,636900.0
228,2021-10-22 06:20:31,32550.0,200.0,636700.0
229,2021-10-22 06:20:31,32550.0,500.0,636500.0
230,2021-10-22 06:20:02,32600.0,200.0,636000.0
231,2021-10-22 06:20:02,32600.0,300.0,635800.0
232,2021-10-22 06:20:00,32550.0,200.0,635500.0
233,2021-10-22 06:19:18,32550.0,100.0,635300.0
234,2021-10-22 06:18:58,32550.0,200.0,635200.0
235,2021-10-22 06:18:58,32550.0,600.0,635000.0
236,2021-10-22 06:18:57,32600.0,100.0,634400.0
237,2021-10-22 06:18:47,32550.0,1100.0,634300.0
238,2021-10-22 06:15:25,32600.0,100.0,633200.0
239,2021-10-22 06:15:13,32550.0,3000.0,633100.0
240,2021-10-22 06:14:38,32600.0,100.0,630100.0
241,2021-10-22 06:14:35,32550.0,500.0,630000.0
242,2021-10-22 06:14:32,32600.0,100.0,629500.0
243,2021-10-22 06:14:26,32600.0,300.0,629400.0
244,2021-10-22 06:14:26,32600.0,100.0,629100.0
245,2021-10-22 06:14:21,32600.0,100.0,629000.0
246,2021-10-22 06:14:17,32550.0,1100.0,628900.0
247,2021-10-22 06:13:29,32600.0,100.0,627800.0
248,2021-10-22 06:13:26,32550.0,700.0,627700.0
249,2021-10-22 06:12:51,32550.0,100.0,627000.0
250,2021-10-22 06:12:23,32550.0,100.0,626900.0
251,2021-10-22 06:12:16,32550.0,100.0,626800.0
252,2021-10-22 06:09:46,32600.0,300.0,626700.0
253,2021-10-22 06:09:46,32600.0,400.0,626400.0
254,2021-10-22 06:09:46,32600.0,200.0,626000.0
255,2021-10-22 06:09:46,32600.0,500.0,625800.0
256,2021-10-22 06:09:46,32600.0,600.0,625300.0
257,2021-10-22 06:09:19,32600.0,100.0,624700.0
258,2021-10-22 06:09:04,32450.0,100.0,624600.0
259,2021-10-22 06:08:32,32450.0,500.0,624500.0
260,2021-10-22 06:08:13,32600.0,100.0,624000.0
261,2021-10-22 06:07:54,32500.0,300.0,623900.0
262,2021-10-22 06:07:54,32500.0,200.0,623600.0
263,2021-10-22 06:07:34,32500.0,100.0,623400.0
264,2021-10-22 06:07:34,32500.0,400.0,623300.0
265,2021-10-22 06:06:41,32600.0,1000.0,622900.0
266,2021-10-22 06:05:37,32600.0,200.0,621900.0
267,2021-10-22 06:04:09,32600.0,100.0,621700.0
268,2021-10-22 06:03:29,32500.0,700.0,621600.0
269,2021-10-22 06:03:29,32500.0,100.0,620900.0
270,2021-10-22 06:03:29,32500.0,4200.0,620800.0
271,2021-10-22 06:02:38,32600.0,100.0,616600.0
272,2021-10-22 06:00:21,32500.0,300.0,616500.0
273,2021-10-22 06:00:09,32500.0,100.0,616200.0
274,2021-10-22 06:00:03,32500.0,400.0,616100.0
275,2021-10-22 06:00:02,32500.0,500.0,615700.0
276,2021-10-22 06:00:01,32500.0,100.0,615200.0
277,2021-10-22 04:28:49,32600.0,100.0,615100.0
278,2021-10-22 04:28:45,32550.0,100.0,615000.0
279,2021-10-22 04:28:40,32500.0,500.0,614900.0
280,2021-10-22 04:28:40,32500.0,400.0,614400.0
281,2021-10-22 04:25:57,32500.0,100.0,614000.0
282,2021-10-22 04:25:53,32450.0,300.0,613900.0
283,2021-10-22 04:25:53,32450.0,100.0,613600.0
284,2021-10-22 04:25:11,32500.0,100.0,613500.0
285,2021-10-22 04:25:11,32500.0,200.0,613400.0
286,2021-10-22 04:25:11,32500.0,300.0,613200.0
287,2021-10-22 04:24:10,32600.0,300.0,612900.0
288,2021-10-22 04:21:50,32600.0,100.0,612600.0
289,2021-10-22 04:21:28,32500.0,100.0,612500.0
290,2021-10-22 04:20:44,32600.0,600.0,612400.0
291,2021-10-22 04:19:04,32600.0,100.0,611800.0
292,2021-10-22 04:18:55,32500.0,4600.0,611700.0
293,2021-10-22 04:18:33,32500.0,4200.0,607100.0
294,2021-10-22 04:16:23,32500.0,500.0,602900.0
295,2021-10-22 04:15:55,32500.0,100.0,602400.0
296,2021-10-22 04:15:50,32400.0,200.0,602300.0
297,2021-10-22 04:14:25,32400.0,1000.0,602100.0
298,2021-10-22 04:14:25,32400.0,1000.0,601100.0
299,2021-10-22 04:14:25,32400.0,1000.0,600100.0
300,2021-10-22 04:13:53,32400.0,100.0,599100.0
301,2021-10-22 04:13:53,32450.0,100.0,599000.0
302,2021-10-22 04:13:40,32500.0,200.0,598900.0
303,2021-10-22 04:10:28,32500.0,1000.0,598700.0
304,2021-10-22 04:10:28,32500.0,500.0,597700.0
305,2021-10-22 04:10:28,32500.0,200.0,597200.0
306,2021-10-22 04:10:04,32500.0,800.0,597000.0
307,2021-10-22 04:10:04,32500.0,1000.0,596200.0
308,2021-10-22 04:10:04,32500.0,2000.0,595200.0
309,2021-10-22 04:10:04,32500.0,100.0,593200.0
310,2021-10-22 04:10:04,32500.0,400.0,593100.0
311,2021-10-22 04:10:04,32500.0,1000.0,592700.0
312,2021-10-22 04:10:04,32500.0,1000.0,591700.0
313,2021-10-22 04:10:04,32500.0,20000.0,590700.0
314,2021-10-22 04:10:04,32500.0,100.0,570700.0
315,2021-10-22 04:10:04,32500.0,5000.0,570600.0
316,2021-10-22 04:10:04,32500.0,100.0,565600.0
317,2021-10-22 04:10:04,32500.0,500.0,565500.0
318,2021-10-22 04:10:04,32550.0,300.0,565000.0
319,2021-10-22 04:10:04,32550.0,700.0,564700.0
320,2021-10-22 04:09:50,32550.0,100.0,564000.0
321,2021-10-22 04:09:50,32550.0,500.0,563900.0
322,2021-10-22 04:09:10,32550.0,800.0,563400.0
323,2021-10-22 04:09:10,32550.0,500.0,562600.0
324,2021-10-22 04:09:10,32550.0,100.0,562100.0
325,2021-10-22 04:09:10,32550.0,600.0,562000.0
326,2021-10-22 04:05:02,32550.0,900.0,561400.0
327,2021-10-22 04:05:02,32550.0,100.0,560500.0
328,2021-10-22 04:04:48,32600.0,100.0,560400.0
329,2021-10-22 04:04:06,32600.0,400.0,560300.0
330,2021-10-22 04:01:40,32600.0,100.0,559900.0
331,2021-10-22 04:01:37,32600.0,200.0,559800.0
332,2021-10-22 03:59:08,32600.0,800.0,559600.0
333,2021-10-22 03:58:17,32600.0,200.0,558800.0
334,2021-10-22 03:58:04,32600.0,5000.0,558600.0
335,2021-10-22 03:58:04,32600.0,500.0,553600.0
336,2021-10-22 03:58:04,32600.0,300.0,553100.0
337,2021-10-22 03:58:04,32600.0,200.0,552800.0
338,2021-10-22 03:58:04,32600.0,1000.0,552600.0
339,2021-10-22 03:58:04,32600.0,2000.0,551600.0
340,2021-10-22 03:57:06,32600.0,1000.0,549600.0
341,2021-10-22 03:57:06,32650.0,2000.0,548600.0
342,2021-10-22 03:53:41,32700.0,1000.0,546600.0
343,2021-10-22 03:52:27,32700.0,100.0,545600.0
344,2021-10-22 03:51:44,32700.0,300.0,545500.0
345,2021-10-22 03:51:01,32700.0,700.0,545200.0
346,2021-10-22 03:49:47,32700.0,800.0,544500.0
347,2021-10-22 03:49:47,32700.0,500.0,543700.0
348,2021-10-22 03:49:47,32700.0,100.0,543200.0
349,2021-10-22 03:49:47,32700.0,1200.0,543100.0
350,2021-10-22 03:47:05,32700.0,3700.0,541900.0
351,2021-10-22 03:46:28,32750.0,5000.0,538200.0
352,2021-10-22 03:46:28,32750.0,100.0,533200.0
353,2021-10-22 03:46:28,32750.0,300.0,533100.0
354,2021-10-22 03:45:56,32800.0,500.0,532800.0
355,2021-10-22 03:45:33,32800.0,1000.0,532300.0
356,2021-10-22 03:44:31,32800.0,600.0,531300.0
357,2021-10-22 03:44:20,32750.0,200.0,530700.0
358,2021-10-22 03:42:20,32750.0,500.0,530500.0
359,2021-10-22 03:42:05,32750.0,500.0,530000.0
360,2021-10-22 03:42:05,32750.0,1500.0,529500.0
361,2021-10-22 03:41:38,32750.0,2000.0,528000.0
362,2021-10-22 03:41:21,32700.0,500.0,526000.0
363,2021-10-22 03:39:03,32700.0,4600.0,525500.0
364,2021-10-22 03:38:05,32700.0,3400.0,520900.0
365,2021-10-22 03:37:08,32700.0,2600.0,517500.0
366,2021-10-22 03:37:00,32600.0,100.0,514900.0
367,2021-10-22 03:37:00,32600.0,900.0,514800.0
368,2021-10-22 03:37:00,32650.0,200.0,513900.0
369,2021-10-22 03:36:38,32700.0,4400.0,513700.0
370,2021-10-22 03:35:39,32750.0,3000.0,509300.0
371,2021-10-22 03:34:55,32700.0,200.0,506300.0
372,2021-10-22 03:34:55,32700.0,300.0,506100.0
373,2021-10-22 03:34:55,32700.0,100.0,505800.0
374,2021-10-22 03:34:45,32650.0,500.0,505700.0
375,2021-10-22 03:34:45,32650.0,3000.0,505200.0
376,2021-10-22 03:34:45,32650.0,400.0,502200.0
377,2021-10-22 03:34:45,32650.0,100.0,501800.0
378,2021-10-22 03:34:45,32650.0,400.0,501700.0
379,2021-10-22 03:34:45,32650.0,400.0,501300.0
380,2021-10-22 03:33:11,32600.0,100.0,500900.0
381,2021-10-22 03:31:49,32600.0,100.0,500800.0
382,2021-10-22 03:31:30,32600.0,400.0,500700.0
383,2021-10-22 03:29:54,32600.0,200.0,500300.0
384,2021-10-22 03:27:34,32650.0,400.0,500100.0
385,2021-10-22 03:26:06,32650.0,1200.0,499700.0
386,2021-10-22 03:26:06,32650.0,2000.0,498500.0
387,2021-10-22 03:26:06,32650.0,100.0,496500.0
388,2021-10-22 03:26:06,32650.0,2300.0,496400.0
389,2021-10-22 03:25:59,32650.0,100.0,494100.0
390,2021-10-22 03:24:02,32650.0,100.0,494000.0
391,2021-10-22 03:23:48,32600.0,400.0,493900.0
392,2021-10-22 03:23:48,32600.0,1000.0,493500.0
393,2021-10-22 03:23:48,32600.0,200.0,492500.0
394,2021-10-22 03:23:48,32600.0,100.0,492300.0
395,2021-10-22 03:23:48,32600.0,1000.0,492200.0
396,2021-10-22 03:23:48,32600.0,1000.0,491200.0
397,2021-10-22 03:23:48,32600.0,200.0,490200.0
398,2021-10-22 03:23:48,32600.0,100.0,490000.0
399,2021-10-22 03:23:48,32600.0,200.0,489900.0
400,2021-10-22 03:23:48,32600.0,800.0,489700.0
401,2021-10-22 03:23:29,32650.0,800.0,488900.0
402,2021-10-22 03:23:29,32700.0,300.0,488100.0
403,2021-10-22 03:23:29,32700.0,100.0,487800.0
404,2021-10-22 03:23:26,32700.0,200.0,487700.0
405,2021-10-22 03:23:26,32700.0,500.0,487500.0
406,2021-10-22 03:23:26,32700.0,1500.0,487000.0
407,2021-10-22 03:23:26,32700.0,2400.0,485500.0
408,2021-10-22 03:22:59,32650.0,200.0,483100.0
409,2021-10-22 03:19:24,32600.0,300.0,482900.0
410,2021-10-22 03:18:37,32600.0,300.0,482600.0
411,2021-10-22 03:18:12,32600.0,600.0,482300.0
412,2021-10-22 03:18:12,32600.0,300.0,481700.0
413,2021-10-22 03:18:12,32600.0,500.0,481400.0
414,2021-10-22 03:18:12,32600.0,500.0,480900.0
415,2021-10-22 03:18:12,32600.0,300.0,480400.0
416,2021-10-22 03:18:12,32600.0,1200.0,480100.0
417,2021-10-22 03:18:12,32600.0,200.0,478900.0
418,2021-10-22 03:17:40,32600.0,400.0,478700.0
419,2021-10-22 03:17:20,32600.0,4400.0,478300.0
420,2021-10-22 03:17:20,32600.0,500.0,473900.0
421,2021-10-22 03:17:20,32650.0,1000.0,473400.0
422,2021-10-22 03:16:54,32700.0,100.0,472400.0
423,2021-10-22 03:16:54,32700.0,400.0,472300.0
424,2021-10-22 03:16:15,32700.0,1900.0,471900.0
425,2021-10-22 03:16:15,32700.0,200.0,470000.0
426,2021-10-22 03:15:54,32700.0,300.0,469800.0
427,2021-10-22 03:15:54,32700.0,800.0,469500.0
428,2021-10-22 03:15:54,32700.0,400.0,468700.0
429,2021-10-22 03:15:54,32700.0,3000.0,468300.0
430,2021-10-22 03:15:54,32700.0,200.0,465300.0
431,2021-10-22 03:15:54,32700.0,300.0,465100.0
432,2021-10-22 03:12:38,32700.0,1000.0,464800.0
433,2021-10-22 03:12:06,32700.0,1000.0,463800.0
434,2021-10-22 03:11:22,32700.0,2700.0,462800.0
435,2021-10-22 03:11:22,32700.0,500.0,460100.0
436,2021-10-22 03:11:22,32700.0,200.0,459600.0
437,2021-10-22 03:11:22,32700.0,9600.0,459400.0
438,2021-10-22 03:11:21,32800.0,600.0,449800.0
439,2021-10-22 03:10:50,32700.0,500.0,449200.0
440,2021-10-22 03:10:50,32700.0,400.0,448700.0
441,2021-10-22 03:10:36,32700.0,200.0,448300.0
442,2021-10-22 03:10:07,32700.0,200.0,448100.0
443,2021-10-22 03:08:44,32700.0,200.0,447900.0
444,2021-10-22 03:08:31,32700.0,1500.0,447700.0
445,2021-10-22 03:08:31,32700.0,500.0,446200.0
446,2021-10-22 03:08:25,32700.0,100.0,445700.0
447,2021-10-22 03:08:24,32600.0,700.0,445600.0
448,2021-10-22 03:08:23,32600.0,200.0,444900.0
449,2021-10-22 03:08:23,32650.0,100.0,444700.0
450,2021-10-22 03:08:23,32650.0,200.0,444600.0
451,2021-10-22 03:08:23,32700.0,200.0,444400.0
452,2021-10-22 03:08:18,32700.0,200.0,444200.0
453,2021-10-22 03:08:18,32700.0,300.0,444000.0
454,2021-10-22 03:08:08,32700.0,500.0,443700.0
455,2021-10-22 03:07:48,32700.0,100.0,443200.0
456,2021-10-22 03:07:02,32650.0,600.0,443100.0
457,2021-10-22 03:06:21,32700.0,1000.0,442500.0
458,2021-10-22 03:06:17,32700.0,200.0,441500.0
459,2021-10-22 03:05:57,32700.0,1000.0,441300.0
460,2021-10-22 03:05:57,32700.0,700.0,440300.0
461,2021-10-22 03:05:27,32800.0,100.0,439600.0
462,2021-10-22 03:05:27,32800.0,500.0,439500.0
463,2021-10-22 03:05:27,32800.0,300.0,439000.0
464,2021-10-22 03:04:17,32800.0,200.0,438700.0
465,2021-10-22 03:04:17,32800.0,200.0,438500.0
466,2021-10-22 03:04:17,32800.0,100.0,438300.0
467,2021-10-22 03:04:17,32800.0,1000.0,438200.0
468,2021-10-22 03:04:17,32800.0,500.0,437200.0
469,2021-10-22 03:04:17,32800.0,500.0,436700.0
470,2021-10-22 03:03:26,32900.0,500.0,436200.0
471,2021-10-22 03:02:41,32900.0,100.0,435700.0
472,2021-10-22 03:02:41,32900.0,1000.0,435600.0
473,2021-10-22 03:02:26,32900.0,1000.0,434600.0
474,2021-10-22 03:02:26,32900.0,100.0,433600.0
475,2021-10-22 03:02:26,32900.0,2600.0,433500.0
476,2021-10-22 03:02:13,32900.0,5000.0,430900.0
477,2021-10-22 03:02:00,32900.0,100.0,425900.0
478,2021-10-22 03:01:49,32900.0,500.0,425800.0
479,2021-10-22 03:01:42,32950.0,500.0,425300.0
480,2021-10-22 03:00:51,32900.0,100.0,424800.0
481,2021-10-22 03:00:35,32900.0,700.0,424700.0
482,2021-10-22 03:00:12,32950.0,700.0,424000.0
483,2021-10-22 03:00:12,32950.0,300.0,423300.0
484,2021-10-22 03:00:02,32950.0,100.0,423000.0
485,2021-10-22 03:00:01,32950.0,1000.0,422900.0
486,2021-10-22 02:58:05,32900.0,300.0,421900.0
487,2021-10-22 02:58:05,32900.0,3000.0,421600.0
488,2021-10-22 02:58:05,32900.0,500.0,418600.0
489,2021-10-22 02:58:05,32900.0,800.0,418100.0
490,2021-10-22 02:56:49,32900.0,700.0,417300.0
491,2021-10-22 02:56:49,32900.0,400.0,416600.0
492,2021-10-22 02:56:49,32900.0,100.0,416200.0
493,2021-10-22 02:56:40,32900.0,100.0,416100.0
494,2021-10-22 02:56:38,32950.0,500.0,416000.0
495,2021-10-22 02:55:38,32950.0,500.0,415500.0
496,2021-10-22 02:55:27,32950.0,100.0,415000.0
497,2021-10-22 02:55:20,32950.0,300.0,414900.0
498,2021-10-22 02:55:18,32950.0,200.0,414600.0
499,2021-10-22 02:54:29,33000.0,300.0,414400.0
500,2021-10-22 02:54:29,33000.0,200.0,414100.0
501,2021-10-22 02:54:29,32950.0,100.0,413900.0
502,2021-10-22 02:54:29,32950.0,500.0,413800.0
503,2021-10-22 02:54:29,32950.0,1200.0,413300.0
504,2021-10-22 02:54:10,32900.0,200.0,412100.0
505,2021-10-22 02:54:10,32900.0,2000.0,411900.0
506,2021-10-22 02:54:10,32900.0,2800.0,409900.0
507,2021-10-22 02:54:08,32900.0,200.0,407100.0
508,2021-10-22 02:53:26,32900.0,500.0,406900.0
509,2021-10-22 02:53:05,32900.0,500.0,406400.0
510,2021-10-22 02:53:05,32900.0,300.0,405900.0
511,2021-10-22 02:53:05,32900.0,700.0,405600.0
512,2021-10-22 02:52:45,32900.0,500.0,404900.0
513,2021-10-22 02:52:44,32900.0,300.0,404400.0
514,2021-10-22 02:52:18,32900.0,1000.0,404100.0
515,2021-10-22 02:51:58,32900.0,300.0,403100.0
516,2021-10-22 02:51:15,32900.0,200.0,402800.0
517,2021-10-22 02:50:58,32950.0,300.0,402600.0
518,2021-10-22 02:50:58,32950.0,500.0,402300.0
519,2021-10-22 02:49:52,32950.0,100.0,401800.0
520,2021-10-22 02:49:52,32800.0,700.0,401700.0
521,2021-10-22 02:49:52,32800.0,500.0,401000.0
522,2021-10-22 02:49:51,32750.0,200.0,400500.0
523,2021-10-22 02:49:51,32750.0,200.0,400300.0
524,2021-10-22 02:49:22,32800.0,1600.0,400100.0
525,2021-10-22 02:49:22,32800.0,200.0,398500.0
526,2021-10-22 02:49:22,32800.0,1000.0,398300.0
527,2021-10-22 02:49:22,32800.0,1400.0,397300.0
528,2021-10-22 02:49:10,32800.0,1000.0,395900.0
529,2021-10-22 02:48:58,32750.0,200.0,394900.0
530,2021-10-22 02:48:12,32800.0,2000.0,394700.0
531,2021-10-22 02:48:12,32700.0,300.0,392700.0
532,2021-10-22 02:48:12,32700.0,100.0,392400.0
533,2021-10-22 02:48:12,32700.0,400.0,392300.0
534,2021-10-22 02:48:12,32700.0,100.0,391900.0
535,2021-10-22 02:48:12,32700.0,100.0,391800.0
536,2021-10-22 02:48:03,32800.0,200.0,391700.0
537,2021-10-22 02:47:48,32800.0,300.0,391500.0
538,2021-10-22 02:47:48,32800.0,100.0,391200.0
539,2021-10-22 02:47:42,32900.0,500.0,391100.0
540,2021-10-22 02:47:17,32950.0,700.0,390600.0
541,2021-10-22 02:47:05,32800.0,3000.0,389900.0
542,2021-10-22 02:46:28,32950.0,200.0,386900.0
543,2021-10-22 02:44:54,32950.0,300.0,386700.0
544,2021-10-22 02:44:54,32950.0,200.0,386400.0
545,2021-10-22 02:44:15,32950.0,400.0,386200.0
546,2021-10-22 02:44:15,32950.0,100.0,385800.0
547,2021-10-22 02:43:55,32950.0,500.0,385700.0
548,2021-10-22 02:43:55,32950.0,100.0,385200.0
549,2021-10-22 02:43:55,32950.0,9400.0,385100.0
550,2021-10-22 02:43:54,33000.0,1400.0,375700.0
551,2021-10-22 02:43:54,33000.0,100.0,374300.0
552,2021-10-22 02:43:39,33000.0,200.0,374200.0
553,2021-10-22 02:43:36,33000.0,200.0,374000.0
554,2021-10-22 02:43:36,33000.0,300.0,373800.0
555,2021-10-22 02:43:36,33000.0,200.0,373500.0
556,2021-10-22 02:43:36,33000.0,100.0,373300.0
557,2021-10-22 02:43:19,33000.0,300.0,373200.0
558,2021-10-22 02:42:57,33000.0,300.0,372900.0
559,2021-10-22 02:42:56,33100.0,300.0,372600.0
560,2021-10-22 02:42:51,33000.0,4100.0,372300.0
561,2021-10-22 02:42:51,33000.0,900.0,368200.0
562,2021-10-22 02:42:43,33000.0,900.0,367300.0
563,2021-10-22 02:42:14,33100.0,200.0,366400.0
564,2021-10-22 02:42:03,33100.0,600.0,366200.0
565,2021-10-22 02:41:52,33150.0,500.0,365600.0
566,2021-10-22 02:41:40,33150.0,200.0,365100.0
567,2021-10-22 02:41:23,33150.0,9800.0,364900.0
568,2021-10-22 02:41:23,33150.0,200.0,355100.0
569,2021-10-22 02:41:14,33200.0,5000.0,354900.0
570,2021-10-22 02:41:05,33150.0,2500.0,349900.0
571,2021-10-22 02:41:05,33150.0,300.0,347400.0
572,2021-10-22 02:41:01,33150.0,1000.0,347100.0
573,2021-10-22 02:40:46,33150.0,400.0,346100.0
574,2021-10-22 02:40:46,33150.0,800.0,345700.0
575,2021-10-22 02:40:22,33100.0,800.0,344900.0
576,2021-10-22 02:40:14,33100.0,5000.0,344100.0
577,2021-10-22 02:40:05,33200.0,500.0,339100.0
578,2021-10-22 02:40:01,33100.0,2500.0,338600.0
579,2021-10-22 02:40:01,33100.0,500.0,336100.0
580,2021-10-22 02:39:56,33100.0,500.0,335600.0
581,2021-10-22 02:39:41,33100.0,2000.0,335100.0
582,2021-10-22 02:39:32,33100.0,2000.0,333100.0
583,2021-10-22 02:39:32,33100.0,1000.0,331100.0
584,2021-10-22 02:39:26,33000.0,900.0,330100.0
585,2021-10-22 02:39:22,33000.0,2500.0,329200.0
586,2021-10-22 02:39:22,33000.0,500.0,326700.0
587,2021-10-22 02:39:22,33000.0,1000.0,326200.0
588,2021-10-22 02:39:22,33000.0,500.0,325200.0
589,2021-10-22 02:39:22,33000.0,2500.0,324700.0
590,2021-10-22 02:39:22,33000.0,300.0,322200.0
591,2021-10-22 02:39:06,33000.0,2200.0,321900.0
592,2021-10-22 02:39:06,33000.0,1200.0,319700.0
593,2021-10-22 02:39:06,33000.0,1600.0,318500.0
594,2021-10-22 02:38:55,32950.0,100.0,316900.0
595,2021-10-22 02:38:52,33000.0,400.0,316800.0
596,2021-10-22 02:38:52,33000.0,600.0,316400.0
597,2021-10-22 02:38:50,33000.0,100.0,315800.0
598,2021-10-22 02:38:50,33000.0,100.0,315700.0
599,2021-10-22 02:38:50,33000.0,300.0,315600.0
600,2021-10-22 02:38:50,33000.0,300.0,315300.0
601,2021-10-22 02:38:50,33000.0,100.0,315000.0
602,2021-10-22 02:38:50,33000.0,300.0,314900.0
603,2021-10-22 02:38:35,32950.0,1500.0,314600.0
604,2021-10-22 02:38:31,32950.0,1000.0,313100.0
605,2021-10-22 02:38:22,33000.0,100.0,312100.0
606,2021-10-22 02:38:14,33000.0,5000.0,312000.0
607,2021-10-22 02:38:14,33000.0,5000.0,307000.0
608,2021-10-22 02:38:09,32950.0,500.0,302000.0
609,2021-10-22 02:38:02,32950.0,2000.0,301500.0
610,2021-10-22 02:38:02,32950.0,2500.0,299500.0
611,2021-10-22 02:38:02,32950.0,500.0,297000.0
612,2021-10-22 02:37:51,32900.0,800.0,296500.0
613,2021-10-22 02:37:48,32950.0,500.0,295700.0
614,2021-10-22 02:37:45,32900.0,300.0,295200.0
615,2021-10-22 02:37:45,32900.0,1200.0,294900.0
616,2021-10-22 02:37:27,32900.0,100.0,293700.0
617,2021-10-22 02:37:27,32900.0,1000.0,293600.0
618,2021-10-22 02:37:27,32900.0,200.0,292600.0
619,2021-10-22 02:37:27,32850.0,1000.0,292400.0
620,2021-10-22 02:37:27,32850.0,100.0,291400.0
621,2021-10-22 02:37:27,32800.0,1400.0,291300.0
622,2021-10-22 02:37:11,32800.0,400.0,289900.0
623,2021-10-22 02:36:55,32800.0,100.0,289500.0
624,2021-10-22 02:36:55,32800.0,100.0,289400.0
625,2021-10-22 02:36:48,32800.0,400.0,289300.0
626,2021-10-22 02:36:41,32800.0,200.0,288900.0
627,2021-10-22 02:36:41,32800.0,300.0,288700.0
628,2021-10-22 02:36:41,32800.0,200.0,288400.0
629,2021-10-22 02:36:41,32800.0,2000.0,288200.0
630,2021-10-22 02:36:41,32800.0,100.0,286200.0
631,2021-10-22 02:36:41,32800.0,300.0,286100.0
632,2021-10-22 02:36:41,32800.0,400.0,285800.0
633,2021-10-22 02:36:37,32750.0,1700.0,285400.0
634,2021-10-22 02:36:37,32750.0,1300.0,283700.0
635,2021-10-22 02:36:21,32750.0,700.0,282400.0
636,2021-10-22 02:36:06,32800.0,100.0,281700.0
637,2021-10-22 02:36:06,32800.0,200.0,281600.0
638,2021-10-22 02:36:06,32800.0,12300.0,281400.0
639,2021-10-22 02:36:06,32750.0,600.0,269100.0
640,2021-10-22 02:35:57,32750.0,1000.0,268500.0
641,2021-10-22 02:35:47,32750.0,100.0,267500.0
642,2021-10-22 02:35:47,32750.0,500.0,267400.0
643,2021-10-22 02:35:41,32750.0,2000.0,266900.0
644,2021-10-22 02:35:39,32750.0,100.0,264900.0
645,2021-10-22 02:35:33,32750.0,2400.0,264800.0
646,2021-10-22 02:35:33,32750.0,600.0,262400.0
647,2021-10-22 02:35:11,32750.0,1900.0,261800.0
648,2021-10-22 02:35:11,32750.0,500.0,259900.0
649,2021-10-22 02:35:11,32750.0,2500.0,259400.0
650,2021-10-22 02:35:11,32750.0,200.0,256900.0
651,2021-10-22 02:35:11,32750.0,2500.0,256700.0
652,2021-10-22 02:35:11,32750.0,2400.0,254200.0
653,2021-10-22 02:34:53,32700.0,100.0,251800.0
654,2021-10-22 02:34:38,32700.0,2500.0,251700.0
655,2021-10-22 02:34:38,32700.0,1400.0,249200.0
656,2021-10-22 02:34:36,32700.0,200.0,247800.0
657,2021-10-22 02:34:17,32700.0,900.0,247600.0
658,2021-10-22 02:34:16,32700.0,2000.0,246700.0
659,2021-10-22 02:34:16,32700.0,500.0,244700.0
660,2021-10-22 02:34:16,32700.0,600.0,244200.0
661,2021-10-22 02:34:16,32700.0,1000.0,243600.0
662,2021-10-22 02:34:13,32700.0,100.0,242600.0
663,2021-10-22 02:34:06,32700.0,1000.0,242500.0
664,2021-10-22 02:34:04,32700.0,200.0,241500.0
665,2021-10-22 02:34:04,32700.0,200.0,241300.0
666,2021-10-22 02:33:43,32700.0,2000.0,241100.0
667,2021-10-22 02:33:31,32700.0,200.0,239100.0
668,2021-10-22 02:33:31,32700.0,200.0,238900.0
669,2021-10-22 02:33:31,32700.0,3000.0,238700.0
670,2021-10-22 02:33:31,32700.0,2400.0,235700.0
671,2021-10-22 02:33:24,32600.0,500.0,233300.0
672,2021-10-22 02:33:15,32600.0,100.0,232800.0
673,2021-10-22 02:33:15,32600.0,500.0,232700.0
674,2021-10-22 02:33:15,32600.0,200.0,232200.0
675,2021-10-22 02:33:15,32600.0,100.0,232000.0
676,2021-10-22 02:33:15,32600.0,100.0,231900.0
677,2021-10-22 02:33:15,32600.0,500.0,231800.0
678,2021-10-22 02:33:15,32600.0,1000.0,231300.0
679,2021-10-22 02:33:15,32600.0,2000.0,230300.0
680,2021-10-22 02:33:15,32600.0,500.0,228300.0
681,2021-10-22 02:33:15,32600.0,1000.0,227800.0
682,2021-10-22 02:33:15,32600.0,300.0,226800.0
683,2021-10-22 02:33:15,32600.0,300.0,226500.0
684,2021-10-22 02:33:15,32600.0,100.0,226200.0
685,2021-10-22 02:33:15,32600.0,200.0,226100.0
686,2021-10-22 02:33:15,32600.0,100.0,225900.0
687,2021-10-22 02:33:15,32600.0,1100.0,225800.0
688,2021-10-22 02:33:07,32550.0,200.0,224700.0
689,2021-10-22 02:32:56,32550.0,900.0,224500.0
690,2021-10-22 02:32:56,32550.0,300.0,223600.0
691,2021-10-22 02:32:56,32550.0,1600.0,223300.0
692,2021-10-22 02:32:52,32550.0,1400.0,221700.0
693,2021-10-22 02:32:52,32550.0,100.0,220300.0
694,2021-10-22 02:32:52,32550.0,1000.0,220200.0
695,2021-10-22 02:32:38,32500.0,4000.0,219200.0
696,2021-10-22 02:32:35,32500.0,500.0,215200.0
697,2021-10-22 02:32:30,32500.0,200.0,214700.0
698,2021-10-22 02:31:59,32500.0,1000.0,214500.0
699,2021-10-22 02:31:53,32500.0,1000.0,213500.0
700,2021-10-22 02:31:51,32500.0,400.0,212500.0
701,2021-10-22 02:31:07,32500.0,400.0,212100.0
702,2021-10-22 02:30:31,32450.0,900.0,211700.0
703,2021-10-22 02:30:31,32450.0,100.0,210800.0
704,2021-10-22 02:30:09,32450.0,200.0,210700.0
705,2021-10-22 02:29:52,32450.0,100.0,210500.0
706,2021-10-22 02:29:51,32450.0,600.0,210400.0
707,2021-10-22 02:29:40,32450.0,600.0,209800.0
708,2021-10-22 02:29:38,32450.0,1600.0,209200.0
709,2021-10-22 02:29:35,32450.0,1700.0,207600.0
710,2021-10-22 02:29:27,32450.0,300.0,205900.0
711,2021-10-22 02:29:22,32450.0,100.0,205600.0
712,2021-10-22 02:29:22,32450.0,3000.0,205500.0
713,2021-10-22 02:29:22,32450.0,1400.0,202500.0
714,2021-10-22 02:29:19,32450.0,100.0,201100.0
715,2021-10-22 02:29:19,32450.0,100.0,201000.0
716,2021-10-22 02:28:42,32450.0,200.0,200900.0
717,2021-10-22 02:27:29,32550.0,1500.0,200700.0
718,2021-10-22 02:27:29,32550.0,2500.0,199200.0
719,2021-10-22 02:27:29,32550.0,2500.0,196700.0
720,2021-10-22 02:27:29,32550.0,100.0,194200.0
721,2021-10-22 02:27:08,32500.0,200.0,194100.0
722,2021-10-22 02:27:08,32500.0,1500.0,193900.0
723,2021-10-22 02:27:08,32500.0,300.0,192400.0
724,2021-10-22 02:27:08,32500.0,1000.0,192100.0
725,2021-10-22 02:27:08,32500.0,300.0,191100.0
726,2021-10-22 02:27:08,32500.0,1000.0,190800.0
727,2021-10-22 02:27:08,32500.0,900.0,189800.0
728,2021-10-22 02:27:08,32450.0,1000.0,188900.0
729,2021-10-22 02:27:08,32450.0,1600.0,187900.0
730,2021-10-22 02:27:08,32450.0,500.0,186300.0
731,2021-10-22 02:27:08,32450.0,300.0,185800.0
732,2021-10-22 02:27:08,32450.0,1400.0,185500.0
733,2021-10-22 02:26:43,32450.0,500.0,184100.0
734,2021-10-22 02:26:28,32450.0,100.0,183600.0
735,2021-10-22 02:25:55,32450.0,200.0,183500.0
736,2021-10-22 02:25:53,32450.0,5000.0,183300.0
737,2021-10-22 02:25:50,32300.0,5200.0,178300.0
738,2021-10-22 02:25:50,32300.0,3300.0,173100.0
739,2021-10-22 02:25:42,32450.0,300.0,169800.0
740,2021-10-22 02:25:36,32450.0,1000.0,169500.0
741,2021-10-22 02:25:28,32500.0,100.0,168500.0
742,2021-10-22 02:25:28,32500.0,400.0,168400.0
743,2021-10-22 02:25:28,32500.0,7400.0,168000.0
744,2021-10-22 02:25:28,32500.0,300.0,160600.0
745,2021-10-22 02:25:28,32500.0,100.0,160300.0
746,2021-10-22 02:25:28,32500.0,200.0,160200.0
747,2021-10-22 02:25:28,32500.0,800.0,160000.0
748,2021-10-22 02:25:07,32500.0,1000.0,159200.0
749,2021-10-22 02:24:54,32500.0,100.0,158200.0
750,2021-10-22 02:24:54,32500.0,600.0,158100.0
751,2021-10-22 02:24:54,32500.0,2400.0,157500.0
752,2021-10-22 02:24:45,32500.0,400.0,155100.0
753,2021-10-22 02:24:37,32450.0,700.0,154700.0
754,2021-10-22 02:24:20,32450.0,1800.0,154000.0
755,2021-10-22 02:24:15,32450.0,300.0,152200.0
756,2021-10-22 02:24:14,32450.0,2500.0,151900.0
757,2021-10-22 02:23:42,32500.0,200.0,149400.0
758,2021-10-22 02:23:42,32450.0,200.0,149200.0
759,2021-10-22 02:23:42,32400.0,500.0,149000.0
760,2021-10-22 02:23:42,32400.0,100.0,148500.0
761,2021-10-22 02:23:32,32400.0,900.0,148400.0
762,2021-10-22 02:23:32,32400.0,2000.0,147500.0
763,2021-10-22 02:23:32,32350.0,100.0,145500.0
764,2021-10-22 02:23:30,32300.0,300.0,145400.0
765,2021-10-22 02:23:30,32300.0,200.0,145100.0
766,2021-10-22 02:23:17,32300.0,100.0,144900.0
767,2021-10-22 02:23:12,32300.0,100.0,144800.0
768,2021-10-22 02:23:04,32300.0,500.0,144700.0
769,2021-10-22 02:23:04,32300.0,100.0,144200.0
770,2021-10-22 02:22:58,32300.0,400.0,144100.0
771,2021-10-22 02:22:58,32300.0,600.0,143700.0
772,2021-10-22 02:22:33,32300.0,400.0,143100.0
773,2021-10-22 02:22:32,32200.0,600.0,142700.0
774,2021-10-22 02:22:09,32200.0,600.0,142100.0
775,2021-10-22 02:22:08,32200.0,200.0,141500.0
776,2021-10-22 02:22:05,32200.0,200.0,141300.0
777,2021-10-22 02:22:04,32200.0,100.0,141100.0
778,2021-10-22 02:22:04,32100.0,100.0,141000.0
779,2021-10-22 02:22:03,32100.0,200.0,140900.0
780,2021-10-22 02:21:28,32200.0,100.0,140700.0
781,2021-10-22 02:21:22,32100.0,200.0,140600.0
782,2021-10-22 02:21:16,32200.0,100.0,140400.0
783,2021-10-22 02:21:16,32200.0,2000.0,140300.0
784,2021-10-22 02:21:08,32300.0,200.0,138300.0
785,2021-10-22 02:21:08,32300.0,300.0,138100.0
786,2021-10-22 02:21:03,32300.0,4700.0,137800.0
787,2021-10-22 02:21:03,32300.0,4000.0,133100.0
788,2021-10-22 02:20:56,32400.0,1100.0,129100.0
789,2021-10-22 02:20:56,32400.0,200.0,128000.0
790,2021-10-22 02:20:42,32400.0,800.0,127800.0
791,2021-10-22 02:20:42,32400.0,1000.0,127000.0
792,2021-10-22 02:20:42,32400.0,100.0,126000.0
793,2021-10-22 02:20:42,32400.0,5000.0,125900.0
794,2021-10-22 02:20:42,32500.0,600.0,120900.0
795,2021-10-22 02:20:30,32500.0,100.0,120300.0
796,2021-10-22 02:20:26,32500.0,100.0,120200.0
797,2021-10-22 02:20:17,32500.0,200.0,120100.0
798,2021-10-22 02:20:13,32600.0,900.0,119900.0
799,2021-10-22 02:20:13,32600.0,200.0,119000.0
800,2021-10-22 02:20:13,32600.0,1900.0,118800.0
801,2021-10-22 02:20:13,32500.0,700.0,116900.0
802,2021-10-22 02:20:09,32500.0,4800.0,116200.0
803,2021-10-22 02:20:09,32500.0,200.0,111400.0
804,2021-10-22 02:20:02,32600.0,2100.0,111200.0
805,2021-10-22 02:19:32,32600.0,500.0,109100.0
806,2021-10-22 02:19:32,32600.0,100.0,108600.0
807,2021-10-22 02:19:32,32600.0,100.0,108500.0
808,2021-10-22 02:19:32,32600.0,500.0,108400.0
809,2021-10-22 02:19:32,32600.0,2500.0,107900.0
810,2021-10-22 02:19:32,32600.0,500.0,105400.0
811,2021-10-22 02:19:32,32600.0,1600.0,104900.0
812,2021-10-22 02:19:15,32600.0,200.0,103300.0
813,2021-10-22 02:18:46,32600.0,700.0,103100.0
814,2021-10-22 02:18:46,32600.0,300.0,102400.0
815,2021-10-22 02:18:46,32600.0,1000.0,102100.0
816,2021-10-22 02:18:40,32500.0,1000.0,101100.0
817,2021-10-22 02:18:21,32600.0,500.0,100100.0
818,2021-10-22 02:18:02,32600.0,500.0,99600.0
819,2021-10-22 02:17:56,32600.0,300.0,99100.0
820,2021-10-22 02:17:56,32600.0,1200.0,98800.0
821,2021-10-22 02:17:37,32700.0,100.0,97600.0
822,2021-10-22 02:17:37,32700.0,2000.0,97500.0
823,2021-10-22 02:17:37,32700.0,100.0,95500.0
824,2021-10-22 02:17:32,32600.0,100.0,95400.0
825,2021-10-22 02:17:29,32600.0,1000.0,95300.0
826,2021-10-22 02:17:18,32600.0,3000.0,94300.0
827,2021-10-22 02:17:13,32700.0,3400.0,91300.0
828,2021-10-22 02:17:13,32650.0,100.0,87900.0
829,2021-10-22 02:17:12,32600.0,200.0,87800.0
830,2021-10-22 02:17:10,32400.0,3500.0,87600.0
831,2021-10-22 02:17:10,32400.0,700.0,84100.0
832,2021-10-22 02:17:10,32500.0,800.0,83400.0
833,2021-10-22 02:17:03,32400.0,300.0,82600.0
834,2021-10-22 02:17:03,32400.0,200.0,82300.0
835,2021-10-22 02:16:59,32400.0,100.0,82100.0
836,2021-10-22 02:16:53,32400.0,500.0,82000.0
837,2021-10-22 02:16:53,32400.0,2000.0,81500.0
838,2021-10-22 02:16:37,32400.0,1000.0,79500.0
839,2021-10-22 02:16:30,32700.0,100.0,78500.0
840,2021-10-22 02:16:17,32750.0,100.0,78400.0
841,2021-10-22 02:15:45,32800.0,700.0,78300.0
842,2021-10-22 02:15:45,32700.0,1000.0,77600.0
843,2021-10-22 02:15:45,32650.0,1000.0,76600.0
844,2021-10-22 02:15:45,32650.0,5300.0,75600.0
845,2021-10-22 02:15:38,32050.0,2000.0,70300.0
846,2021-10-22 02:15:00,32650.0,100.0,68300.0
847,2021-10-22 02:15:00,32650.0,500.0,68200.0
848,2021-10-22 02:15:00,32650.0,200.0,67700.0
849,2021-10-22 02:15:00,32650.0,200.0,67500.0
850,2021-10-22 02:15:00,32650.0,300.0,67300.0
851,2021-10-22 02:15:00,32650.0,300.0,67000.0
852,2021-10-22 02:15:00,32650.0,1400.0,66700.0
853,2021-10-22 02:15:00,32650.0,600.0,65300.0
854,2021-10-22 02:15:00,32650.0,1200.0,64700.0
855,2021-10-22 02:15:00,32650.0,800.0,63500.0
856,2021-10-22 02:15:00,32650.0,200.0,62700.0
857,2021-10-22 02:15:00,32650.0,100.0,62500.0
858,2021-10-22 02:15:00,32650.0,500.0,62400.0
859,2021-10-22 02:15:00,32650.0,100.0,61900.0
860,2021-10-22 02:15:00,32650.0,100.0,61800.0
861,2021-10-22 02:15:00,32650.0,100.0,61700.0
862,2021-10-22 02:15:00,32650.0,100.0,61600.0
863,2021-10-22 02:15:00,32650.0,100.0,61500.0
864,2021-10-22 02:15:00,32650.0,500.0,61400.0
865,2021-10-22 02:15:00,32650.0,1000.0,60900.0
866,2021-10-22 02:15:00,32650.0,500.0,59900.0
867,2021-10-22 02:15:00,32650.0,1300.0,59400.0
868,2021-10-22 02:15:00,32650.0,200.0,58100.0
869,2021-10-22 02:15:00,32650.0,100.0,57900.0
870,2021-10-22 02:15:00,32650.0,600.0,57800.0
871,2021-10-22 02:15:00,32650.0,500.0,57200.0
872,2021-10-22 02:15:00,32650.0,14500.0,56700.0
873,2021-10-22 02:15:00,32650.0,100.0,42200.0
874,2021-10-22 02:15:00,32650.0,3300.0,42100.0
875,2021-10-22 02:15:00,32650.0,200.0,38800.0
876,2021-10-22 02:15:00,32650.0,500.0,38600.0
877,2021-10-22 02:15:00,32650.0,1800.0,38100.0
878,2021-10-22 02:15:00,32650.0,100.0,36300.0
879,2021-10-22 02:15:00,32650.0,1500.0,36200.0
880,2021-10-22 02:15:00,32650.0,1200.0,34700.0
881,2021-10-22 02:15:00,32650.0,5000.0,33500.0
882,2021-10-22 02:15:00,32650.0,200.0,28500.0
883,2021-10-22 02:15:00,32650.0,100.0,28300.0
884,2021-10-22 02:15:00,32650.0,100.0,28200.0
885,2021-10-22 02:15:00,32650.0,900.0,28100.0
886,2021-10-22 02:15:00,32650.0,600.0,27200.0
887,2021-10-22 02:15:00,32650.0,2000.0,26600.0
888,2021-10-22 02:15:00,32650.0,400.0,24600.0
889,2021-10-22 02:15:00,32650.0,13000.0,24200.0
890,2021-10-22 02:15:00,32650.0,600.0,11200.0
891,2021-10-22 02:15:00,32650.0,200.0,10600.0
892,2021-10-22 02:15:00,32650.0,200.0,10400.0
893,2021-10-22 02:15:00,32650.0,3500.0,10200.0
894,2021-10-22 02:15:00,32650.0,1500.0,6700.0
895,2021-10-22 02:15:00,32650.0,800.0,5200.0
896,2021-10-22 02:15:00,32650.0,100.0,4400.0
897,2021-10-22 02:15:00,32650.0,200.0,4300.0
898,2021-10-22 02:15:00,32650.0,2400.0,4100.0
899,2021-10-22 02:15:00,32650.0,600.0,1700.0
900,2021-10-22 02:15:00,32650.0,500.0,1100.0
901,2021-10-22 02:15:00,32650.0,600.0,600.0
