,Time,Price,Volume_per_trade,Volume
0,2021-10-18 07:45:01,44300.0,100.0,3917300.0
1,2021-10-18 07:45:01,44300.0,200.0,3917200.0
2,2021-10-18 07:45:01,44300.0,200.0,3917000.0
3,2021-10-18 07:45:01,44300.0,1500.0,3916800.0
4,2021-10-18 07:45:01,44300.0,300.0,3915300.0
5,2021-10-18 07:45:01,44300.0,500.0,3915000.0
6,2021-10-18 07:45:01,44300.0,200.0,3914500.0
7,2021-10-18 07:45:01,44300.0,200.0,3914300.0
8,2021-10-18 07:45:01,44300.0,300.0,3914100.0
9,2021-10-18 07:45:01,44300.0,200.0,3913800.0
10,2021-10-18 07:45:01,44300.0,3000.0,3913600.0
11,2021-10-18 07:45:01,44300.0,4200.0,3910600.0
12,2021-10-18 07:45:01,44300.0,2000.0,3906400.0
13,2021-10-18 07:45:01,44300.0,20000.0,3904400.0
14,2021-10-18 07:45:01,44300.0,20000.0,3884400.0
15,2021-10-18 07:45:01,44300.0,8500.0,3864400.0
16,2021-10-18 07:45:01,44300.0,1000.0,3855900.0
17,2021-10-18 07:45:01,44300.0,400.0,3854900.0
18,2021-10-18 07:45:01,44300.0,1000.0,3854500.0
19,2021-10-18 07:45:01,44300.0,1000.0,3853500.0
20,2021-10-18 07:45:01,44300.0,300.0,3852500.0
21,2021-10-18 07:45:01,44300.0,500.0,3852200.0
22,2021-10-18 07:45:01,44300.0,15000.0,3851700.0
23,2021-10-18 07:45:01,44300.0,1400.0,3836700.0
24,2021-10-18 07:45:01,44300.0,10000.0,3835300.0
25,2021-10-18 07:45:01,44300.0,100.0,3825300.0
26,2021-10-18 07:45:01,44300.0,100.0,3825200.0
27,2021-10-18 07:45:01,44300.0,700.0,3825100.0
28,2021-10-18 07:45:01,44300.0,2500.0,3824400.0
29,2021-10-18 07:45:01,44300.0,300.0,3821900.0
30,2021-10-18 07:45:01,44300.0,1000.0,3821600.0
31,2021-10-18 07:45:01,44300.0,7000.0,3820600.0
32,2021-10-18 07:45:01,44300.0,100.0,3813600.0
33,2021-10-18 07:45:01,44300.0,2500.0,3813500.0
34,2021-10-18 07:45:01,44300.0,2000.0,3811000.0
35,2021-10-18 07:45:01,44300.0,200.0,3809000.0
36,2021-10-18 07:45:01,44300.0,100.0,3808800.0
37,2021-10-18 07:45:01,44300.0,1000.0,3808700.0
38,2021-10-18 07:45:01,44300.0,100.0,3807700.0
39,2021-10-18 07:45:01,44300.0,500.0,3807600.0
40,2021-10-18 07:45:01,44300.0,100.0,3807100.0
41,2021-10-18 07:45:01,44300.0,100.0,3807000.0
42,2021-10-18 07:45:01,44300.0,500.0,3806900.0
43,2021-10-18 07:45:01,44300.0,100.0,3806400.0
44,2021-10-18 07:45:01,44300.0,10000.0,3806300.0
45,2021-10-18 07:45:01,44300.0,5000.0,3796300.0
46,2021-10-18 07:45:01,44300.0,3000.0,3791300.0
47,2021-10-18 07:45:01,44300.0,500.0,3788300.0
48,2021-10-18 07:45:01,44300.0,400.0,3787800.0
49,2021-10-18 07:45:01,44300.0,500.0,3787400.0
50,2021-10-18 07:45:01,44300.0,1000.0,3786900.0
51,2021-10-18 07:45:01,44300.0,100.0,3785900.0
52,2021-10-18 07:45:01,44300.0,15200.0,3785800.0
53,2021-10-18 07:45:01,44300.0,100.0,3770600.0
54,2021-10-18 07:45:01,44300.0,1000.0,3770500.0
55,2021-10-18 07:45:01,44300.0,200.0,3769500.0
56,2021-10-18 07:45:01,44300.0,5500.0,3769300.0
57,2021-10-18 07:45:01,44300.0,200.0,3763800.0
58,2021-10-18 07:45:01,44300.0,300.0,3763600.0
59,2021-10-18 07:45:01,44300.0,300.0,3763300.0
60,2021-10-18 07:45:01,44300.0,300.0,3763000.0
61,2021-10-18 07:45:01,44300.0,100.0,3762700.0
62,2021-10-18 07:45:01,44300.0,100.0,3762600.0
63,2021-10-18 07:45:01,44300.0,1000.0,3762500.0
64,2021-10-18 07:45:01,44300.0,200.0,3761500.0
65,2021-10-18 07:29:52,44250.0,500.0,3761300.0
66,2021-10-18 07:29:51,44250.0,1000.0,3760800.0
67,2021-10-18 07:29:43,44250.0,300.0,3759800.0
68,2021-10-18 07:29:42,44250.0,100.0,3759500.0
69,2021-10-18 07:29:21,44250.0,3100.0,3759400.0
70,2021-10-18 07:29:21,44250.0,600.0,3756300.0
71,2021-10-18 07:29:21,44250.0,1000.0,3755700.0
72,2021-10-18 07:29:21,44250.0,400.0,3754700.0
73,2021-10-18 07:29:08,44250.0,600.0,3754300.0
74,2021-10-18 07:29:07,44250.0,100.0,3753700.0
75,2021-10-18 07:29:07,44250.0,600.0,3753600.0
76,2021-10-18 07:29:01,44250.0,4400.0,3753000.0
77,2021-10-18 07:29:01,44250.0,300.0,3748600.0
78,2021-10-18 07:29:01,44250.0,3000.0,3748300.0
79,2021-10-18 07:29:01,44250.0,1500.0,3745300.0
80,2021-10-18 07:28:59,44250.0,500.0,3743800.0
81,2021-10-18 07:28:53,44250.0,100.0,3743300.0
82,2021-10-18 07:28:40,44250.0,1100.0,3743200.0
83,2021-10-18 07:28:40,44250.0,400.0,3742100.0
84,2021-10-18 07:28:40,44250.0,1400.0,3741700.0
85,2021-10-18 07:28:27,44250.0,600.0,3740300.0
86,2021-10-18 07:28:24,44250.0,3000.0,3739700.0
87,2021-10-18 07:28:22,44250.0,1400.0,3736700.0
88,2021-10-18 07:28:22,44250.0,100.0,3735300.0
89,2021-10-18 07:28:22,44250.0,1000.0,3735200.0
90,2021-10-18 07:28:22,44250.0,100.0,3734200.0
91,2021-10-18 07:28:22,44250.0,1400.0,3734100.0
92,2021-10-18 07:28:07,44250.0,1200.0,3732700.0
93,2021-10-18 07:28:04,44250.0,100.0,3731500.0
94,2021-10-18 07:27:59,44250.0,1000.0,3731400.0
95,2021-10-18 07:27:57,44250.0,4000.0,3730400.0
96,2021-10-18 07:27:52,44250.0,500.0,3726400.0
97,2021-10-18 07:27:03,44250.0,3000.0,3725900.0
98,2021-10-18 07:27:02,44250.0,200.0,3722900.0
99,2021-10-18 07:26:52,44250.0,200.0,3722700.0
100,2021-10-18 07:26:52,44250.0,100.0,3722500.0
101,2021-10-18 07:26:52,44250.0,5000.0,3722400.0
102,2021-10-18 07:26:52,44250.0,500.0,3717400.0
103,2021-10-18 07:26:52,44250.0,500.0,3716900.0
104,2021-10-18 07:26:37,44250.0,2500.0,3716400.0
105,2021-10-18 07:26:34,44250.0,1000.0,3713900.0
106,2021-10-18 07:26:33,44250.0,1500.0,3712900.0
107,2021-10-18 07:26:33,44250.0,500.0,3711400.0
108,2021-10-18 07:26:29,44250.0,2000.0,3710900.0
109,2021-10-18 07:26:23,44250.0,500.0,3708900.0
110,2021-10-18 07:26:12,44250.0,2000.0,3708400.0
111,2021-10-18 07:26:05,44250.0,500.0,3706400.0
112,2021-10-18 07:26:05,44250.0,2500.0,3705900.0
113,2021-10-18 07:25:38,44250.0,900.0,3703400.0
114,2021-10-18 07:25:22,44250.0,300.0,3702500.0
115,2021-10-18 07:25:22,44250.0,1200.0,3702200.0
116,2021-10-18 07:25:17,44250.0,3800.0,3701000.0
117,2021-10-18 07:25:17,44250.0,500.0,3697200.0
118,2021-10-18 07:25:17,44250.0,700.0,3696700.0
119,2021-10-18 07:24:54,44250.0,4300.0,3696000.0
120,2021-10-18 07:24:54,44250.0,700.0,3691700.0
121,2021-10-18 07:24:16,44250.0,1300.0,3691000.0
122,2021-10-18 07:24:00,44250.0,3700.0,3689700.0
123,2021-10-18 07:24:00,44250.0,2000.0,3686000.0
124,2021-10-18 07:23:51,44250.0,6300.0,3684000.0
125,2021-10-18 07:23:47,44250.0,1000.0,3677700.0
126,2021-10-18 07:23:47,44250.0,300.0,3676700.0
127,2021-10-18 07:23:47,44250.0,400.0,3676400.0
128,2021-10-18 07:23:46,44250.0,4600.0,3676000.0
129,2021-10-18 07:23:46,44250.0,100.0,3671400.0
130,2021-10-18 07:23:46,44250.0,300.0,3671300.0
131,2021-10-18 07:23:23,44250.0,400.0,3671000.0
132,2021-10-18 07:23:11,44200.0,5000.0,3670600.0
133,2021-10-18 07:23:11,44200.0,100.0,3665600.0
134,2021-10-18 07:23:11,44200.0,600.0,3665500.0
135,2021-10-18 07:23:11,44200.0,1100.0,3664900.0
136,2021-10-18 07:23:00,44200.0,900.0,3663800.0
137,2021-10-18 07:23:00,44200.0,9100.0,3662900.0
138,2021-10-18 07:22:52,44200.0,400.0,3653800.0
139,2021-10-18 07:22:39,44200.0,500.0,3653400.0
140,2021-10-18 07:22:39,44200.0,39500.0,3652900.0
141,2021-10-18 07:22:26,44200.0,100.0,3613400.0
142,2021-10-18 07:22:26,44200.0,3000.0,3613300.0
143,2021-10-18 07:22:26,44200.0,1000.0,3610300.0
144,2021-10-18 07:22:26,44200.0,200.0,3609300.0
145,2021-10-18 07:22:26,44200.0,500.0,3609100.0
146,2021-10-18 07:22:26,44200.0,10000.0,3608600.0
147,2021-10-18 07:22:26,44200.0,1000.0,3598600.0
148,2021-10-18 07:22:26,44200.0,400.0,3597600.0
149,2021-10-18 07:22:26,44200.0,100.0,3597200.0
150,2021-10-18 07:22:26,44200.0,5000.0,3597100.0
151,2021-10-18 07:22:26,44200.0,400.0,3592100.0
152,2021-10-18 07:22:26,44200.0,5000.0,3591700.0
153,2021-10-18 07:22:26,44200.0,100.0,3586700.0
154,2021-10-18 07:22:26,44200.0,5000.0,3586600.0
155,2021-10-18 07:22:26,44200.0,1000.0,3581600.0
156,2021-10-18 07:22:26,44200.0,300.0,3580600.0
157,2021-10-18 07:22:26,44200.0,2000.0,3580300.0
158,2021-10-18 07:22:26,44250.0,5000.0,3578300.0
159,2021-10-18 07:22:26,44250.0,3000.0,3573300.0
160,2021-10-18 07:22:26,44250.0,100.0,3570300.0
161,2021-10-18 07:22:26,44250.0,7700.0,3570200.0
162,2021-10-18 07:22:26,44250.0,9600.0,3562500.0
163,2021-10-18 07:22:13,44250.0,400.0,3552900.0
164,2021-10-18 07:22:13,44250.0,600.0,3552500.0
165,2021-10-18 07:22:12,44300.0,100.0,3551900.0
166,2021-10-18 07:22:00,44300.0,2500.0,3551800.0
167,2021-10-18 07:21:55,44250.0,4400.0,3549300.0
168,2021-10-18 07:21:55,44250.0,1600.0,3544900.0
169,2021-10-18 07:21:52,44300.0,1800.0,3543300.0
170,2021-10-18 07:21:51,44250.0,3000.0,3541500.0
171,2021-10-18 07:21:46,44250.0,100.0,3538500.0
172,2021-10-18 07:21:43,44250.0,100.0,3538400.0
173,2021-10-18 07:21:43,44250.0,100.0,3538300.0
174,2021-10-18 07:21:31,44250.0,2600.0,3538200.0
175,2021-10-18 07:21:31,44250.0,2400.0,3535600.0
176,2021-10-18 07:21:11,44300.0,300.0,3533200.0
177,2021-10-18 07:21:04,44250.0,600.0,3532900.0
178,2021-10-18 07:21:04,44250.0,4400.0,3532300.0
179,2021-10-18 07:20:50,44250.0,600.0,3527900.0
180,2021-10-18 07:20:50,44250.0,100.0,3527300.0
181,2021-10-18 07:20:50,44250.0,300.0,3527200.0
182,2021-10-18 07:20:45,44250.0,4700.0,3526900.0
183,2021-10-18 07:20:45,44250.0,300.0,3522200.0
184,2021-10-18 07:20:36,44300.0,1000.0,3521900.0
185,2021-10-18 07:20:26,44250.0,100.0,3520900.0
186,2021-10-18 07:20:19,44300.0,1700.0,3520800.0
187,2021-10-18 07:20:12,44250.0,200.0,3519100.0
188,2021-10-18 07:20:07,44250.0,100.0,3518900.0
189,2021-10-18 07:20:07,44250.0,4900.0,3518800.0
190,2021-10-18 07:19:57,44250.0,100.0,3513900.0
191,2021-10-18 07:19:57,44250.0,900.0,3513800.0
192,2021-10-18 07:19:52,44250.0,5000.0,3512900.0
193,2021-10-18 07:19:48,44250.0,4100.0,3507900.0
194,2021-10-18 07:19:48,44250.0,500.0,3503800.0
195,2021-10-18 07:19:48,44250.0,400.0,3503300.0
196,2021-10-18 07:19:44,44250.0,300.0,3502900.0
197,2021-10-18 07:19:43,44250.0,3000.0,3502600.0
198,2021-10-18 07:19:28,44250.0,300.0,3499600.0
199,2021-10-18 07:19:25,44250.0,300.0,3499300.0
200,2021-10-18 07:19:10,44250.0,200.0,3499000.0
201,2021-10-18 07:18:58,44250.0,200.0,3498800.0
202,2021-10-18 07:18:56,44300.0,300.0,3498600.0
203,2021-10-18 07:18:39,44250.0,5000.0,3498300.0
204,2021-10-18 07:18:34,44250.0,300.0,3493300.0
205,2021-10-18 07:18:34,44250.0,100.0,3493000.0
206,2021-10-18 07:18:34,44250.0,100.0,3492900.0
207,2021-10-18 07:18:28,44250.0,1000.0,3492800.0
208,2021-10-18 07:18:27,44250.0,1300.0,3491800.0
209,2021-10-18 07:18:20,44250.0,600.0,3490500.0
210,2021-10-18 07:18:20,44250.0,400.0,3489900.0
211,2021-10-18 07:18:20,44250.0,200.0,3489500.0
212,2021-10-18 07:18:20,44250.0,200.0,3489300.0
213,2021-10-18 07:18:20,44250.0,3800.0,3489100.0
214,2021-10-18 07:18:14,44300.0,5000.0,3485300.0
215,2021-10-18 07:18:07,44300.0,300.0,3480300.0
216,2021-10-18 07:18:06,44300.0,900.0,3480000.0
217,2021-10-18 07:18:04,44300.0,1100.0,3479100.0
218,2021-10-18 07:18:04,44300.0,1100.0,3478000.0
219,2021-10-18 07:18:04,44300.0,1800.0,3476900.0
220,2021-10-18 07:18:01,44300.0,3200.0,3475100.0
221,2021-10-18 07:18:01,44300.0,200.0,3471900.0
222,2021-10-18 07:18:01,44300.0,6600.0,3471700.0
223,2021-10-18 07:17:00,44350.0,600.0,3465100.0
224,2021-10-18 07:17:00,44350.0,400.0,3464500.0
225,2021-10-18 07:16:55,44300.0,300.0,3464100.0
226,2021-10-18 07:16:30,44350.0,600.0,3463800.0
227,2021-10-18 07:16:06,44350.0,100.0,3463200.0
228,2021-10-18 07:16:06,44350.0,100.0,3463100.0
229,2021-10-18 07:16:05,44350.0,200.0,3463000.0
230,2021-10-18 07:15:57,44300.0,100.0,3462800.0
231,2021-10-18 07:15:51,44300.0,400.0,3462700.0
232,2021-10-18 07:15:31,44300.0,2600.0,3462300.0
233,2021-10-18 07:15:31,44300.0,500.0,3459700.0
234,2021-10-18 07:15:31,44300.0,100.0,3459200.0
235,2021-10-18 07:15:31,44300.0,600.0,3459100.0
236,2021-10-18 07:15:31,44300.0,1000.0,3458500.0
237,2021-10-18 07:15:31,44300.0,200.0,3457500.0
238,2021-10-18 07:15:25,44300.0,100.0,3457300.0
239,2021-10-18 07:15:23,44350.0,4800.0,3457200.0
240,2021-10-18 07:15:23,44350.0,5000.0,3452400.0
241,2021-10-18 07:15:23,44350.0,100.0,3447400.0
242,2021-10-18 07:15:23,44350.0,100.0,3447300.0
243,2021-10-18 07:15:13,44300.0,300.0,3447200.0
244,2021-10-18 07:14:42,44300.0,1000.0,3446900.0
245,2021-10-18 07:14:41,44350.0,300.0,3445900.0
246,2021-10-18 07:14:35,44300.0,100.0,3445600.0
247,2021-10-18 07:14:34,44350.0,9700.0,3445500.0
248,2021-10-18 07:14:34,44350.0,300.0,3435800.0
249,2021-10-18 07:14:14,44300.0,100.0,3435500.0
250,2021-10-18 07:14:14,44300.0,4800.0,3435400.0
251,2021-10-18 07:14:05,44300.0,200.0,3430600.0
252,2021-10-18 07:14:05,44300.0,200.0,3430400.0
253,2021-10-18 07:14:05,44300.0,200.0,3430200.0
254,2021-10-18 07:14:05,44300.0,600.0,3430000.0
255,2021-10-18 07:14:05,44300.0,2500.0,3429400.0
256,2021-10-18 07:14:05,44300.0,1000.0,3426900.0
257,2021-10-18 07:14:05,44300.0,200.0,3425900.0
258,2021-10-18 07:14:05,44300.0,5000.0,3425700.0
259,2021-10-18 07:14:05,44300.0,100.0,3420700.0
260,2021-10-18 07:14:04,44250.0,1000.0,3420600.0
261,2021-10-18 07:14:04,44250.0,4000.0,3419600.0
262,2021-10-18 07:13:37,44300.0,400.0,3415600.0
263,2021-10-18 07:13:15,44300.0,300.0,3415200.0
264,2021-10-18 07:13:13,44300.0,200.0,3414900.0
265,2021-10-18 07:13:13,44300.0,2000.0,3414700.0
266,2021-10-18 07:13:13,44300.0,2000.0,3412700.0
267,2021-10-18 07:13:13,44300.0,800.0,3410700.0
268,2021-10-18 07:13:01,44300.0,300.0,3409900.0
269,2021-10-18 07:12:53,44300.0,500.0,3409600.0
270,2021-10-18 07:12:39,44300.0,400.0,3409100.0
271,2021-10-18 07:12:36,44250.0,1000.0,3408700.0
272,2021-10-18 07:12:36,44250.0,100.0,3407700.0
273,2021-10-18 07:12:36,44250.0,100.0,3407600.0
274,2021-10-18 07:12:36,44250.0,3800.0,3407500.0
275,2021-10-18 07:12:36,44250.0,500.0,3403700.0
276,2021-10-18 07:12:31,44300.0,400.0,3403200.0
277,2021-10-18 07:12:18,44300.0,200.0,3402800.0
278,2021-10-18 07:12:14,44250.0,2700.0,3402600.0
279,2021-10-18 07:12:14,44250.0,500.0,3399900.0
280,2021-10-18 07:12:14,44250.0,800.0,3399400.0
281,2021-10-18 07:12:13,44300.0,200.0,3398600.0
282,2021-10-18 07:12:05,44300.0,300.0,3398400.0
283,2021-10-18 07:11:54,44250.0,200.0,3398100.0
284,2021-10-18 07:11:50,44300.0,400.0,3397900.0
285,2021-10-18 07:11:41,44250.0,300.0,3397500.0
286,2021-10-18 07:11:36,44250.0,3700.0,3397200.0
287,2021-10-18 07:11:36,44250.0,1300.0,3393500.0
288,2021-10-18 07:11:23,44300.0,3000.0,3392200.0
289,2021-10-18 07:11:17,44250.0,2000.0,3389200.0
290,2021-10-18 07:11:17,44250.0,100.0,3387200.0
291,2021-10-18 07:11:17,44250.0,1600.0,3387100.0
292,2021-10-18 07:10:33,44250.0,1400.0,3385500.0
293,2021-10-18 07:10:33,44250.0,3600.0,3384100.0
294,2021-10-18 07:10:25,44250.0,100.0,3380500.0
295,2021-10-18 07:10:18,44250.0,100.0,3380400.0
296,2021-10-18 07:10:14,44250.0,1200.0,3380300.0
297,2021-10-18 07:10:14,44250.0,3800.0,3379100.0
298,2021-10-18 07:09:48,44250.0,1200.0,3375300.0
299,2021-10-18 07:09:44,44250.0,3000.0,3374100.0
300,2021-10-18 07:09:42,44250.0,5000.0,3371100.0
301,2021-10-18 07:09:38,44250.0,300.0,3366100.0
302,2021-10-18 07:09:38,44250.0,500.0,3365800.0
303,2021-10-18 07:09:38,44250.0,1500.0,3365300.0
304,2021-10-18 07:09:38,44250.0,1000.0,3363800.0
305,2021-10-18 07:09:38,44250.0,5700.0,3362800.0
306,2021-10-18 07:09:13,44250.0,1000.0,3357100.0
307,2021-10-18 07:09:13,44250.0,800.0,3356100.0
308,2021-10-18 07:09:13,44250.0,200.0,3355300.0
309,2021-10-18 07:09:07,44250.0,800.0,3355100.0
310,2021-10-18 07:09:07,44250.0,100.0,3354300.0
311,2021-10-18 07:08:12,44300.0,1000.0,3354200.0
312,2021-10-18 07:07:59,44300.0,500.0,3353200.0
313,2021-10-18 07:07:48,44300.0,2000.0,3352700.0
314,2021-10-18 07:07:48,44300.0,500.0,3350700.0
315,2021-10-18 07:07:48,44300.0,2500.0,3350200.0
316,2021-10-18 07:07:40,44300.0,5000.0,3347700.0
317,2021-10-18 07:07:36,44300.0,2000.0,3342700.0
318,2021-10-18 07:07:36,44300.0,10000.0,3340700.0
319,2021-10-18 07:07:36,44300.0,500.0,3330700.0
320,2021-10-18 07:07:36,44350.0,100.0,3330200.0
321,2021-10-18 07:07:34,44300.0,200.0,3330100.0
322,2021-10-18 07:07:26,44350.0,700.0,3329900.0
323,2021-10-18 07:07:21,44300.0,300.0,3329200.0
324,2021-10-18 07:07:21,44300.0,100.0,3328900.0
325,2021-10-18 07:07:21,44300.0,2000.0,3328800.0
326,2021-10-18 07:07:21,44300.0,100.0,3326800.0
327,2021-10-18 07:07:21,44300.0,300.0,3326700.0
328,2021-10-18 07:07:21,44300.0,100.0,3326400.0
329,2021-10-18 07:07:21,44300.0,2000.0,3326300.0
330,2021-10-18 07:07:21,44300.0,100.0,3324300.0
331,2021-10-18 07:07:15,44300.0,300.0,3324200.0
332,2021-10-18 07:07:15,44300.0,700.0,3323900.0
333,2021-10-18 07:06:56,44300.0,600.0,3323200.0
334,2021-10-18 07:06:53,44300.0,1300.0,3322600.0
335,2021-10-18 07:06:45,44300.0,1000.0,3321300.0
336,2021-10-18 07:06:44,44350.0,200.0,3320300.0
337,2021-10-18 07:06:34,44350.0,3700.0,3320100.0
338,2021-10-18 07:06:34,44350.0,1300.0,3316400.0
339,2021-10-18 07:06:20,44350.0,4100.0,3315100.0
340,2021-10-18 07:06:20,44350.0,900.0,3311000.0
341,2021-10-18 07:05:56,44300.0,400.0,3310100.0
342,2021-10-18 07:05:52,44300.0,100.0,3309700.0
343,2021-10-18 07:05:51,44300.0,1000.0,3309600.0
344,2021-10-18 07:05:49,44300.0,100.0,3308600.0
345,2021-10-18 07:05:47,44300.0,100.0,3308500.0
346,2021-10-18 07:05:44,44300.0,100.0,3308400.0
347,2021-10-18 07:05:42,44300.0,3000.0,3308300.0
348,2021-10-18 07:05:41,44300.0,100.0,3305300.0
349,2021-10-18 07:05:37,44300.0,100.0,3305200.0
350,2021-10-18 07:05:34,44300.0,100.0,3305100.0
351,2021-10-18 07:05:31,44300.0,100.0,3305000.0
352,2021-10-18 07:05:30,44350.0,2000.0,3304900.0
353,2021-10-18 07:05:30,44350.0,1000.0,3302900.0
354,2021-10-18 07:05:30,44350.0,100.0,3301900.0
355,2021-10-18 07:05:30,44350.0,1000.0,3301800.0
356,2021-10-18 07:05:30,44350.0,2000.0,3300800.0
357,2021-10-18 07:05:30,44350.0,3000.0,3298800.0
358,2021-10-18 07:05:28,44350.0,2000.0,3295800.0
359,2021-10-18 07:05:28,44350.0,2000.0,3293800.0
360,2021-10-18 07:05:28,44350.0,1000.0,3291800.0
361,2021-10-18 07:05:26,44350.0,100.0,3290800.0
362,2021-10-18 07:05:22,44350.0,100.0,3290700.0
363,2021-10-18 07:05:11,44400.0,5000.0,3290600.0
364,2021-10-18 07:05:11,44400.0,1000.0,3285600.0
365,2021-10-18 07:05:11,44400.0,100.0,3284600.0
366,2021-10-18 07:05:11,44400.0,400.0,3284500.0
367,2021-10-18 07:05:10,44400.0,100.0,3284100.0
368,2021-10-18 07:05:10,44400.0,600.0,3284000.0
369,2021-10-18 07:05:10,44400.0,700.0,3283400.0
370,2021-10-18 07:05:10,44400.0,2000.0,3282700.0
371,2021-10-18 07:05:10,44400.0,1600.0,3280700.0
372,2021-10-18 07:05:07,44400.0,400.0,3279100.0
373,2021-10-18 07:05:07,44400.0,1600.0,3278700.0
374,2021-10-18 07:04:19,44400.0,400.0,3277100.0
375,2021-10-18 07:04:19,44400.0,5000.0,3276700.0
376,2021-10-18 07:04:19,44400.0,200.0,3271700.0
377,2021-10-18 07:04:19,44400.0,200.0,3271500.0
378,2021-10-18 07:04:19,44400.0,1000.0,3271300.0
379,2021-10-18 07:03:39,44500.0,300.0,3270300.0
380,2021-10-18 07:03:39,44500.0,100.0,3270000.0
381,2021-10-18 07:03:31,44500.0,200.0,3269900.0
382,2021-10-18 07:03:31,44500.0,100.0,3269700.0
383,2021-10-18 07:03:18,44500.0,400.0,3269600.0
384,2021-10-18 07:03:15,44500.0,300.0,3269200.0
385,2021-10-18 07:03:06,44500.0,400.0,3268900.0
386,2021-10-18 07:02:54,44500.0,500.0,3268500.0
387,2021-10-18 07:02:47,44400.0,1000.0,3268000.0
388,2021-10-18 07:02:44,44500.0,300.0,3267000.0
389,2021-10-18 07:02:34,44500.0,400.0,3266700.0
390,2021-10-18 07:02:29,44500.0,200.0,3266300.0
391,2021-10-18 07:02:26,44500.0,300.0,3266100.0
392,2021-10-18 07:02:11,44500.0,300.0,3265800.0
393,2021-10-18 07:02:11,44450.0,100.0,3265500.0
394,2021-10-18 07:02:07,44450.0,100.0,3265400.0
395,2021-10-18 07:02:02,44500.0,500.0,3265300.0
396,2021-10-18 07:01:49,44500.0,300.0,3264800.0
397,2021-10-18 07:01:43,44500.0,500.0,3264500.0
398,2021-10-18 07:01:39,44500.0,100.0,3264000.0
399,2021-10-18 07:01:36,44500.0,300.0,3263900.0
400,2021-10-18 07:01:36,44500.0,100.0,3263600.0
401,2021-10-18 07:01:33,44500.0,100.0,3263500.0
402,2021-10-18 07:01:30,44500.0,100.0,3263400.0
403,2021-10-18 07:01:26,44500.0,100.0,3263300.0
404,2021-10-18 07:01:25,44500.0,300.0,3263200.0
405,2021-10-18 07:01:23,44500.0,100.0,3262900.0
406,2021-10-18 07:01:18,44500.0,100.0,3262800.0
407,2021-10-18 07:01:15,44500.0,100.0,3262700.0
408,2021-10-18 07:01:13,44500.0,200.0,3262600.0
409,2021-10-18 07:01:13,44500.0,200.0,3262400.0
410,2021-10-18 07:01:11,44500.0,100.0,3262200.0
411,2021-10-18 07:01:07,44500.0,300.0,3262100.0
412,2021-10-18 06:59:22,44500.0,1400.0,3261800.0
413,2021-10-18 06:59:22,44450.0,100.0,3260400.0
414,2021-10-18 06:59:16,44450.0,100.0,3260300.0
415,2021-10-18 06:59:16,44450.0,200.0,3260200.0
416,2021-10-18 06:59:04,44450.0,300.0,3260000.0
417,2021-10-18 06:58:43,44450.0,1700.0,3259700.0
418,2021-10-18 06:58:43,44450.0,300.0,3258000.0
419,2021-10-18 06:58:14,44450.0,200.0,3257700.0
420,2021-10-18 06:58:14,44450.0,100.0,3257500.0
421,2021-10-18 06:58:13,44450.0,100.0,3257400.0
422,2021-10-18 06:57:31,44500.0,300.0,3257300.0
423,2021-10-18 06:57:20,44500.0,500.0,3257000.0
424,2021-10-18 06:57:16,44500.0,600.0,3256500.0
425,2021-10-18 06:57:11,44500.0,100.0,3255900.0
426,2021-10-18 06:57:08,44500.0,100.0,3255800.0
427,2021-10-18 06:57:05,44500.0,100.0,3255700.0
428,2021-10-18 06:57:03,44500.0,100.0,3255600.0
429,2021-10-18 06:57:00,44500.0,300.0,3255500.0
430,2021-10-18 06:57:00,44500.0,100.0,3255200.0
431,2021-10-18 06:56:57,44500.0,100.0,3255100.0
432,2021-10-18 06:56:55,44500.0,100.0,3255000.0
433,2021-10-18 06:56:50,44500.0,100.0,3254900.0
434,2021-10-18 06:56:48,44450.0,500.0,3254800.0
435,2021-10-18 06:56:19,44450.0,300.0,3254300.0
436,2021-10-18 06:56:19,44450.0,1000.0,3254000.0
437,2021-10-18 06:56:19,44450.0,2700.0,3253000.0
438,2021-10-18 06:55:53,44500.0,1000.0,3250300.0
439,2021-10-18 06:55:49,44450.0,100.0,3249300.0
440,2021-10-18 06:55:16,44500.0,500.0,3249200.0
441,2021-10-18 06:53:56,44500.0,100.0,3248700.0
442,2021-10-18 06:53:23,44500.0,100.0,3248600.0
443,2021-10-18 06:52:21,44500.0,500.0,3248500.0
444,2021-10-18 06:52:10,44500.0,300.0,3248000.0
445,2021-10-18 06:52:06,44500.0,200.0,3247700.0
446,2021-10-18 06:52:06,44500.0,100.0,3247500.0
447,2021-10-18 06:52:06,44500.0,1000.0,3247400.0
448,2021-10-18 06:52:06,44500.0,2000.0,3246400.0
449,2021-10-18 06:52:06,44500.0,200.0,3244400.0
450,2021-10-18 06:52:06,44500.0,500.0,3244200.0
451,2021-10-18 06:51:51,44500.0,100.0,3243700.0
452,2021-10-18 06:51:42,44550.0,500.0,3243600.0
453,2021-10-18 06:50:19,44550.0,3000.0,3243100.0
454,2021-10-18 06:50:19,44550.0,200.0,3240100.0
455,2021-10-18 06:50:19,44550.0,100.0,3239900.0
456,2021-10-18 06:50:19,44550.0,500.0,3239800.0
457,2021-10-18 06:50:19,44550.0,300.0,3239300.0
458,2021-10-18 06:50:19,44550.0,900.0,3239000.0
459,2021-10-18 06:49:58,44550.0,100.0,3238100.0
460,2021-10-18 06:48:58,44550.0,400.0,3238000.0
461,2021-10-18 06:48:10,44550.0,100.0,3237600.0
462,2021-10-18 06:48:10,44500.0,1200.0,3237500.0
463,2021-10-18 06:47:15,44550.0,100.0,3236300.0
464,2021-10-18 06:47:07,44600.0,300.0,3236200.0
465,2021-10-18 06:45:51,44600.0,400.0,3235900.0
466,2021-10-18 06:45:31,44600.0,500.0,3235500.0
467,2021-10-18 06:45:28,44600.0,500.0,3235000.0
468,2021-10-18 06:45:27,44550.0,200.0,3234500.0
469,2021-10-18 06:45:27,44550.0,400.0,3234300.0
470,2021-10-18 06:45:25,44550.0,100.0,3233900.0
471,2021-10-18 06:45:23,44550.0,100.0,3233800.0
472,2021-10-18 06:45:20,44550.0,3900.0,3233700.0
473,2021-10-18 06:45:19,44550.0,100.0,3229800.0
474,2021-10-18 06:45:17,44550.0,100.0,3229700.0
475,2021-10-18 06:45:14,44550.0,100.0,3229600.0
476,2021-10-18 06:45:12,44550.0,6300.0,3229500.0
477,2021-10-18 06:45:10,44550.0,100.0,3223200.0
478,2021-10-18 06:45:07,44550.0,100.0,3223100.0
479,2021-10-18 06:45:03,44550.0,100.0,3223000.0
480,2021-10-18 06:45:03,44550.0,300.0,3222900.0
481,2021-10-18 06:44:59,44550.0,1800.0,3222600.0
482,2021-10-18 06:44:59,44550.0,100.0,3220800.0
483,2021-10-18 06:44:55,44550.0,100.0,3220700.0
484,2021-10-18 06:44:53,44550.0,1000.0,3220600.0
485,2021-10-18 06:44:52,44500.0,200.0,3219600.0
486,2021-10-18 06:44:45,44550.0,300.0,3219400.0
487,2021-10-18 06:44:45,44550.0,100.0,3219100.0
488,2021-10-18 06:44:41,44550.0,400.0,3219000.0
489,2021-10-18 06:44:41,44550.0,500.0,3218600.0
490,2021-10-18 06:44:41,44550.0,100.0,3218100.0
491,2021-10-18 06:44:41,44550.0,100.0,3218000.0
492,2021-10-18 06:44:41,44550.0,300.0,3217900.0
493,2021-10-18 06:44:29,44550.0,200.0,3217600.0
494,2021-10-18 06:44:29,44550.0,200.0,3217400.0
495,2021-10-18 06:44:26,44550.0,300.0,3217200.0
496,2021-10-18 06:44:26,44550.0,100.0,3216900.0
497,2021-10-18 06:44:23,44550.0,200.0,3216800.0
498,2021-10-18 06:44:23,44550.0,300.0,3216600.0
499,2021-10-18 06:44:23,44550.0,400.0,3216300.0
500,2021-10-18 06:44:17,44550.0,400.0,3215900.0
501,2021-10-18 06:44:05,44550.0,800.0,3215500.0
502,2021-10-18 06:43:59,44550.0,100.0,3214700.0
503,2021-10-18 06:43:59,44550.0,200.0,3214600.0
504,2021-10-18 06:43:59,44550.0,400.0,3214400.0
505,2021-10-18 06:43:56,44550.0,100.0,3214000.0
506,2021-10-18 06:43:53,44550.0,100.0,3213900.0
507,2021-10-18 06:43:50,44550.0,100.0,3213800.0
508,2021-10-18 06:43:43,44550.0,100.0,3213700.0
509,2021-10-18 06:43:24,44550.0,200.0,3213600.0
510,2021-10-18 06:43:24,44550.0,500.0,3213400.0
511,2021-10-18 06:43:24,44550.0,1300.0,3212900.0
512,2021-10-18 06:42:54,44550.0,200.0,3211600.0
513,2021-10-18 06:42:54,44550.0,100.0,3211400.0
514,2021-10-18 06:42:54,44550.0,100.0,3211300.0
515,2021-10-18 06:42:50,44500.0,700.0,3211200.0
516,2021-10-18 06:42:40,44500.0,4100.0,3210500.0
517,2021-10-18 06:42:35,44500.0,2100.0,3206400.0
518,2021-10-18 06:42:34,44500.0,1100.0,3204300.0
519,2021-10-18 06:42:34,44500.0,100.0,3203200.0
520,2021-10-18 06:42:34,44500.0,800.0,3203100.0
521,2021-10-18 06:42:33,44500.0,300.0,3202300.0
522,2021-10-18 06:42:31,44500.0,300.0,3202000.0
523,2021-10-18 06:42:27,44500.0,100.0,3201700.0
524,2021-10-18 06:42:27,44500.0,200.0,3201600.0
525,2021-10-18 06:42:23,44500.0,300.0,3201400.0
526,2021-10-18 06:42:21,44500.0,500.0,3201100.0
527,2021-10-18 06:42:21,44500.0,300.0,3200600.0
528,2021-10-18 06:42:15,44500.0,200.0,3200300.0
529,2021-10-18 06:41:57,44500.0,300.0,3200100.0
530,2021-10-18 06:41:42,44500.0,1200.0,3199800.0
531,2021-10-18 06:41:39,44500.0,400.0,3198600.0
532,2021-10-18 06:41:34,44500.0,100.0,3198200.0
533,2021-10-18 06:41:29,44500.0,100.0,3198100.0
534,2021-10-18 06:41:29,44500.0,10000.0,3198000.0
535,2021-10-18 06:41:16,44500.0,400.0,3188000.0
536,2021-10-18 06:41:15,44500.0,700.0,3187600.0
537,2021-10-18 06:41:12,44500.0,900.0,3186900.0
538,2021-10-18 06:41:12,44500.0,4400.0,3186000.0
539,2021-10-18 06:41:06,44500.0,600.0,3181600.0
540,2021-10-18 06:40:58,44500.0,800.0,3181000.0
541,2021-10-18 06:40:58,44500.0,200.0,3180200.0
542,2021-10-18 06:40:58,44500.0,100.0,3180000.0
543,2021-10-18 06:40:58,44500.0,200.0,3179900.0
544,2021-10-18 06:40:58,44500.0,1000.0,3179700.0
545,2021-10-18 06:40:58,44500.0,200.0,3178700.0
546,2021-10-18 06:40:51,44450.0,100.0,3178500.0
547,2021-10-18 06:40:50,44500.0,300.0,3178400.0
548,2021-10-18 06:40:39,44450.0,100.0,3178100.0
549,2021-10-18 06:40:39,44450.0,2400.0,3178000.0
550,2021-10-18 06:40:32,44400.0,100.0,3175600.0
551,2021-10-18 06:40:27,44400.0,500.0,3175500.0
552,2021-10-18 06:40:25,44400.0,200.0,3175000.0
553,2021-10-18 06:40:25,44400.0,100.0,3174800.0
554,2021-10-18 06:40:25,44400.0,300.0,3174700.0
555,2021-10-18 06:40:19,44400.0,100.0,3174400.0
556,2021-10-18 06:40:03,44400.0,500.0,3174300.0
557,2021-10-18 06:39:42,44400.0,400.0,3173800.0
558,2021-10-18 06:39:42,44350.0,200.0,3173400.0
559,2021-10-18 06:39:42,44350.0,9600.0,3173200.0
560,2021-10-18 06:39:41,44300.0,200.0,3163600.0
561,2021-10-18 06:39:24,44350.0,400.0,3163400.0
562,2021-10-18 06:39:07,44300.0,1000.0,3163000.0
563,2021-10-18 06:39:06,44300.0,100.0,3162000.0
564,2021-10-18 06:38:43,44300.0,100.0,3161900.0
565,2021-10-18 06:38:40,44300.0,200.0,3161800.0
566,2021-10-18 06:38:28,44300.0,300.0,3161600.0
567,2021-10-18 06:38:28,44300.0,1200.0,3161300.0
568,2021-10-18 06:38:07,44300.0,700.0,3160100.0
569,2021-10-18 06:37:57,44300.0,100.0,3159400.0
570,2021-10-18 06:37:37,44300.0,1000.0,3159300.0
571,2021-10-18 06:37:37,44300.0,100.0,3158300.0
572,2021-10-18 06:37:37,44300.0,400.0,3158200.0
573,2021-10-18 06:37:37,44300.0,200.0,3157800.0
574,2021-10-18 06:37:37,44300.0,100.0,3157600.0
575,2021-10-18 06:37:37,44300.0,1000.0,3157500.0
576,2021-10-18 06:37:37,44300.0,500.0,3156500.0
577,2021-10-18 06:37:37,44300.0,500.0,3156000.0
578,2021-10-18 06:37:37,44300.0,500.0,3155500.0
579,2021-10-18 06:37:37,44350.0,100.0,3155000.0
580,2021-10-18 06:37:37,44350.0,100.0,3154900.0
581,2021-10-18 06:37:32,44400.0,100.0,3154800.0
582,2021-10-18 06:37:31,44400.0,300.0,3154700.0
583,2021-10-18 06:37:30,44400.0,3700.0,3154400.0
584,2021-10-18 06:37:27,44400.0,6300.0,3150700.0
585,2021-10-18 06:37:27,44400.0,3700.0,3144400.0
586,2021-10-18 06:37:25,44400.0,1300.0,3140700.0
587,2021-10-18 06:37:25,44400.0,1000.0,3139400.0
588,2021-10-18 06:37:25,44400.0,200.0,3138400.0
589,2021-10-18 06:37:25,44400.0,200.0,3138200.0
590,2021-10-18 06:37:25,44400.0,200.0,3138000.0
591,2021-10-18 06:37:25,44400.0,1000.0,3137800.0
592,2021-10-18 06:37:25,44400.0,1000.0,3136800.0
593,2021-10-18 06:37:25,44400.0,300.0,3135800.0
594,2021-10-18 06:37:25,44400.0,200.0,3135500.0
595,2021-10-18 06:37:25,44400.0,5000.0,3135300.0
596,2021-10-18 06:37:25,44400.0,4000.0,3130300.0
597,2021-10-18 06:37:25,44400.0,1700.0,3126300.0
598,2021-10-18 06:37:25,44400.0,3000.0,3124600.0
599,2021-10-18 06:37:25,44400.0,1000.0,3121600.0
600,2021-10-18 06:37:25,44400.0,1000.0,3120600.0
601,2021-10-18 06:37:25,44400.0,1900.0,3119600.0
602,2021-10-18 06:37:03,44400.0,300.0,3117700.0
603,2021-10-18 06:37:02,44400.0,2000.0,3117400.0
604,2021-10-18 06:36:53,44400.0,2000.0,3115400.0
605,2021-10-18 06:36:38,44400.0,5800.0,3113400.0
606,2021-10-18 06:36:38,44400.0,400.0,3107600.0
607,2021-10-18 06:36:38,44400.0,100.0,3107200.0
608,2021-10-18 06:36:38,44450.0,100.0,3107100.0
609,2021-10-18 06:36:38,44450.0,100.0,3107000.0
610,2021-10-18 06:36:38,44450.0,3500.0,3106900.0
611,2021-10-18 06:36:37,44450.0,1500.0,3103400.0
612,2021-10-18 06:36:37,44450.0,200.0,3101900.0
613,2021-10-18 06:36:37,44450.0,2000.0,3101700.0
614,2021-10-18 06:36:37,44450.0,1300.0,3099700.0
615,2021-10-18 06:36:32,44450.0,100.0,3098400.0
616,2021-10-18 06:36:18,44450.0,100.0,3098300.0
617,2021-10-18 06:36:15,44500.0,5000.0,3098200.0
618,2021-10-18 06:36:15,44500.0,100.0,3093200.0
619,2021-10-18 06:36:15,44500.0,1900.0,3093100.0
620,2021-10-18 06:35:58,44500.0,200.0,3091200.0
621,2021-10-18 06:35:46,44500.0,200.0,3091000.0
622,2021-10-18 06:35:36,44500.0,5700.0,3090800.0
623,2021-10-18 06:35:36,44500.0,5000.0,3085100.0
624,2021-10-18 06:35:36,44500.0,100.0,3080100.0
625,2021-10-18 06:35:36,44500.0,100.0,3080000.0
626,2021-10-18 06:35:36,44500.0,500.0,3079900.0
627,2021-10-18 06:35:36,44500.0,500.0,3079400.0
628,2021-10-18 06:35:36,44500.0,200.0,3078900.0
629,2021-10-18 06:35:36,44500.0,100.0,3078700.0
630,2021-10-18 06:35:36,44500.0,1000.0,3078600.0
631,2021-10-18 06:35:36,44500.0,100.0,3077600.0
632,2021-10-18 06:35:36,44500.0,200.0,3077500.0
633,2021-10-18 06:35:36,44500.0,5000.0,3077300.0
634,2021-10-18 06:35:36,44500.0,1000.0,3072300.0
635,2021-10-18 06:35:36,44500.0,100.0,3071300.0
636,2021-10-18 06:35:36,44500.0,600.0,3071200.0
637,2021-10-18 06:35:36,44500.0,200.0,3070600.0
638,2021-10-18 06:35:36,44500.0,2500.0,3070400.0
639,2021-10-18 06:35:36,44500.0,2000.0,3067900.0
640,2021-10-18 06:35:36,44500.0,500.0,3065900.0
641,2021-10-18 06:35:36,44500.0,200.0,3065400.0
642,2021-10-18 06:35:36,44500.0,1000.0,3065200.0
643,2021-10-18 06:35:36,44500.0,100.0,3064200.0
644,2021-10-18 06:35:36,44500.0,1000.0,3064100.0
645,2021-10-18 06:35:36,44500.0,100.0,3063100.0
646,2021-10-18 06:35:36,44500.0,500.0,3063000.0
647,2021-10-18 06:35:36,44500.0,500.0,3062500.0
648,2021-10-18 06:35:36,44500.0,1200.0,3062000.0
649,2021-10-18 06:35:22,44500.0,500.0,3060800.0
650,2021-10-18 06:35:21,44550.0,100.0,3060300.0
651,2021-10-18 06:35:21,44550.0,100.0,3060200.0
652,2021-10-18 06:35:13,44500.0,500.0,3060100.0
653,2021-10-18 06:34:44,44500.0,300.0,3059600.0
654,2021-10-18 06:34:44,44500.0,100.0,3059300.0
655,2021-10-18 06:33:39,44550.0,500.0,3059200.0
656,2021-10-18 06:33:15,44550.0,1400.0,3058700.0
657,2021-10-18 06:32:40,44500.0,100.0,3057300.0
658,2021-10-18 06:32:40,44500.0,100.0,3057200.0
659,2021-10-18 06:32:38,44550.0,100.0,3057100.0
660,2021-10-18 06:32:01,44550.0,2500.0,3057000.0
661,2021-10-18 06:32:01,44550.0,500.0,3054500.0
662,2021-10-18 06:31:57,44500.0,400.0,3054000.0
663,2021-10-18 06:31:57,44500.0,600.0,3053600.0
664,2021-10-18 06:31:30,44500.0,200.0,3053000.0
665,2021-10-18 06:31:23,44550.0,300.0,3052800.0
666,2021-10-18 06:31:23,44550.0,200.0,3052500.0
667,2021-10-18 06:30:55,44500.0,3000.0,3052300.0
668,2021-10-18 06:30:39,44550.0,200.0,3049300.0
669,2021-10-18 06:29:51,44550.0,100.0,3049100.0
670,2021-10-18 06:29:51,44550.0,600.0,3049000.0
671,2021-10-18 06:29:50,44550.0,500.0,3048400.0
672,2021-10-18 06:29:38,44550.0,100.0,3047900.0
673,2021-10-18 06:29:38,44550.0,200.0,3047800.0
674,2021-10-18 06:29:23,44550.0,100.0,3047600.0
675,2021-10-18 06:29:23,44550.0,300.0,3047500.0
676,2021-10-18 06:29:23,44550.0,1200.0,3047200.0
677,2021-10-18 06:29:10,44550.0,500.0,3046000.0
678,2021-10-18 06:29:05,44550.0,500.0,3045500.0
679,2021-10-18 06:28:57,44550.0,100.0,3045000.0
680,2021-10-18 06:28:18,44550.0,300.0,3044900.0
681,2021-10-18 06:28:15,44550.0,1400.0,3044600.0
682,2021-10-18 06:28:15,44550.0,900.0,3043200.0
683,2021-10-18 06:28:12,44550.0,900.0,3042300.0
684,2021-10-18 06:28:12,44550.0,200.0,3041400.0
685,2021-10-18 06:28:12,44550.0,100.0,3041200.0
686,2021-10-18 06:28:12,44550.0,200.0,3041100.0
687,2021-10-18 06:28:03,44550.0,200.0,3040900.0
688,2021-10-18 06:27:43,44550.0,1000.0,3040700.0
689,2021-10-18 06:27:41,44550.0,500.0,3039700.0
690,2021-10-18 06:27:41,44550.0,400.0,3039200.0
691,2021-10-18 06:27:34,44550.0,600.0,3038800.0
692,2021-10-18 06:27:34,44550.0,5000.0,3038200.0
693,2021-10-18 06:27:34,44550.0,100.0,3033200.0
694,2021-10-18 06:27:34,44550.0,100.0,3033100.0
695,2021-10-18 06:27:34,44550.0,300.0,3033000.0
696,2021-10-18 06:27:34,44550.0,100.0,3032700.0
697,2021-10-18 06:27:34,44550.0,2000.0,3032600.0
698,2021-10-18 06:27:34,44550.0,1000.0,3030600.0
699,2021-10-18 06:27:34,44550.0,5800.0,3029600.0
700,2021-10-18 06:27:22,44550.0,100.0,3023800.0
701,2021-10-18 06:27:21,44600.0,300.0,3023700.0
702,2021-10-18 06:27:16,44600.0,100.0,3023400.0
703,2021-10-18 06:27:08,44600.0,500.0,3023300.0
704,2021-10-18 06:27:06,44550.0,10000.0,3022800.0
705,2021-10-18 06:26:35,44600.0,2000.0,3012800.0
706,2021-10-18 06:26:20,44600.0,100.0,3010800.0
707,2021-10-18 06:26:14,44600.0,100.0,3010700.0
708,2021-10-18 06:25:46,44600.0,1200.0,3010600.0
709,2021-10-18 06:25:15,44600.0,500.0,3009400.0
710,2021-10-18 06:25:15,44600.0,100.0,3008900.0
711,2021-10-18 06:25:15,44600.0,4000.0,3008800.0
712,2021-10-18 06:24:17,44600.0,800.0,3004800.0
713,2021-10-18 06:23:59,44600.0,1400.0,3004000.0
714,2021-10-18 06:23:54,44550.0,200.0,3002600.0
715,2021-10-18 06:23:41,44550.0,3900.0,3002400.0
716,2021-10-18 06:23:41,44550.0,1100.0,2998500.0
717,2021-10-18 06:23:20,44600.0,100.0,2997400.0
718,2021-10-18 06:23:16,44600.0,100.0,2997300.0
719,2021-10-18 06:23:15,44550.0,900.0,2997200.0
720,2021-10-18 06:23:15,44550.0,100.0,2996300.0
721,2021-10-18 06:23:04,44600.0,200.0,2996200.0
722,2021-10-18 06:23:03,44600.0,400.0,2996000.0
723,2021-10-18 06:22:58,44600.0,300.0,2995600.0
724,2021-10-18 06:22:55,44600.0,300.0,2995300.0
725,2021-10-18 06:22:52,44600.0,300.0,2995000.0
726,2021-10-18 06:22:50,44600.0,400.0,2994700.0
727,2021-10-18 06:22:48,44600.0,300.0,2994300.0
728,2021-10-18 06:22:25,44600.0,100.0,2994000.0
729,2021-10-18 06:21:47,44550.0,900.0,2993900.0
730,2021-10-18 06:21:47,44550.0,100.0,2993000.0
731,2021-10-18 06:21:41,44550.0,100.0,2992900.0
732,2021-10-18 06:21:35,44550.0,1000.0,2992800.0
733,2021-10-18 06:21:30,44550.0,500.0,2991800.0
734,2021-10-18 06:21:08,44550.0,500.0,2991300.0
735,2021-10-18 06:20:55,44600.0,1000.0,2990800.0
736,2021-10-18 06:20:50,44600.0,500.0,2989800.0
737,2021-10-18 06:20:42,44600.0,17300.0,2989300.0
738,2021-10-18 06:20:27,44600.0,1000.0,2972000.0
739,2021-10-18 06:19:52,44600.0,100.0,2971000.0
740,2021-10-18 06:19:39,44600.0,2000.0,2970900.0
741,2021-10-18 06:18:38,44600.0,1000.0,2968900.0
742,2021-10-18 06:18:17,44600.0,1400.0,2967900.0
743,2021-10-18 06:17:24,44600.0,1400.0,2966500.0
744,2021-10-18 06:17:16,44600.0,100.0,2965100.0
745,2021-10-18 06:17:01,44600.0,200.0,2965000.0
746,2021-10-18 06:16:55,44600.0,1400.0,2964800.0
747,2021-10-18 06:16:55,44600.0,900.0,2963400.0
748,2021-10-18 06:16:46,44600.0,500.0,2962500.0
749,2021-10-18 06:16:29,44600.0,15500.0,2962000.0
750,2021-10-18 06:16:29,44550.0,500.0,2946500.0
751,2021-10-18 06:16:29,44550.0,4000.0,2946000.0
752,2021-10-18 06:15:48,44550.0,100.0,2942000.0
753,2021-10-18 06:15:12,44550.0,900.0,2941900.0
754,2021-10-18 06:15:05,44600.0,500.0,2941000.0
755,2021-10-18 06:15:04,44550.0,100.0,2940500.0
756,2021-10-18 06:15:04,44550.0,200.0,2940400.0
757,2021-10-18 06:15:04,44550.0,100.0,2940200.0
758,2021-10-18 06:15:02,44600.0,20000.0,2940100.0
759,2021-10-18 06:14:08,44600.0,200.0,2920100.0
760,2021-10-18 06:13:57,44500.0,3000.0,2919900.0
761,2021-10-18 06:13:53,44500.0,200.0,2916900.0
762,2021-10-18 06:13:53,44500.0,2900.0,2916700.0
763,2021-10-18 06:13:53,44550.0,700.0,2913800.0
764,2021-10-18 06:13:51,44550.0,300.0,2913100.0
765,2021-10-18 06:13:32,44500.0,100.0,2912800.0
766,2021-10-18 06:13:32,44500.0,1500.0,2912700.0
767,2021-10-18 06:13:32,44500.0,900.0,2911200.0
768,2021-10-18 06:13:32,44500.0,100.0,2910300.0
769,2021-10-18 06:13:32,44500.0,300.0,2910200.0
770,2021-10-18 06:13:32,44500.0,200.0,2909900.0
771,2021-10-18 06:13:32,44500.0,1000.0,2909700.0
772,2021-10-18 06:13:32,44500.0,500.0,2908700.0
773,2021-10-18 06:13:32,44500.0,200.0,2908200.0
774,2021-10-18 06:13:32,44500.0,100.0,2908000.0
775,2021-10-18 06:13:32,44500.0,100.0,2907900.0
776,2021-10-18 06:13:32,44550.0,1000.0,2907800.0
777,2021-10-18 06:13:19,44550.0,300.0,2906800.0
778,2021-10-18 06:13:19,44550.0,500.0,2906500.0
779,2021-10-18 06:13:19,44550.0,200.0,2906000.0
780,2021-10-18 06:13:19,44550.0,100.0,2905800.0
781,2021-10-18 06:13:19,44550.0,500.0,2905700.0
782,2021-10-18 06:13:19,44550.0,200.0,2905200.0
783,2021-10-18 06:13:19,44550.0,1900.0,2905000.0
784,2021-10-18 06:13:04,44550.0,500.0,2903100.0
785,2021-10-18 06:13:00,44550.0,2600.0,2902600.0
786,2021-10-18 06:13:00,44550.0,200.0,2900000.0
787,2021-10-18 06:13:00,44550.0,3700.0,2899800.0
788,2021-10-18 06:13:00,44550.0,100.0,2896100.0
789,2021-10-18 06:13:00,44550.0,200.0,2896000.0
790,2021-10-18 06:13:00,44550.0,200.0,2895800.0
791,2021-10-18 06:13:00,44550.0,100.0,2895600.0
792,2021-10-18 06:13:00,44550.0,2000.0,2895500.0
793,2021-10-18 06:13:00,44550.0,900.0,2893500.0
794,2021-10-18 06:12:46,44600.0,500.0,2892600.0
795,2021-10-18 06:12:42,44550.0,3000.0,2892100.0
796,2021-10-18 06:12:28,44600.0,100.0,2889100.0
797,2021-10-18 06:12:24,44550.0,1100.0,2889000.0
798,2021-10-18 06:12:20,44600.0,300.0,2887900.0
799,2021-10-18 06:12:06,44600.0,1000.0,2887600.0
800,2021-10-18 06:12:05,44600.0,500.0,2886600.0
801,2021-10-18 06:12:05,44600.0,1600.0,2886100.0
802,2021-10-18 06:12:05,44600.0,200.0,2884500.0
803,2021-10-18 06:12:05,44600.0,5000.0,2884300.0
804,2021-10-18 06:12:05,44600.0,100.0,2879300.0
805,2021-10-18 06:12:05,44600.0,100.0,2879200.0
806,2021-10-18 06:12:05,44600.0,1000.0,2879100.0
807,2021-10-18 06:12:05,44600.0,300.0,2878100.0
808,2021-10-18 06:12:05,44600.0,2000.0,2877800.0
809,2021-10-18 06:12:05,44600.0,200.0,2875800.0
810,2021-10-18 06:12:05,44600.0,200.0,2875600.0
811,2021-10-18 06:12:05,44600.0,300.0,2875400.0
812,2021-10-18 06:12:05,44600.0,100.0,2875100.0
813,2021-10-18 06:12:05,44600.0,200.0,2875000.0
814,2021-10-18 06:12:05,44600.0,100.0,2874800.0
815,2021-10-18 06:12:05,44600.0,1000.0,2874700.0
816,2021-10-18 06:12:05,44600.0,100.0,2873700.0
817,2021-10-18 06:12:05,44600.0,400.0,2873600.0
818,2021-10-18 06:12:05,44600.0,100.0,2873200.0
819,2021-10-18 06:12:05,44600.0,200.0,2873100.0
820,2021-10-18 06:12:05,44600.0,100.0,2872900.0
821,2021-10-18 06:12:05,44600.0,1000.0,2872800.0
822,2021-10-18 06:12:05,44600.0,200.0,2871800.0
823,2021-10-18 06:12:05,44600.0,3000.0,2871600.0
824,2021-10-18 06:12:05,44600.0,1000.0,2868600.0
825,2021-10-18 06:12:05,44600.0,5400.0,2867600.0
826,2021-10-18 06:11:34,44650.0,800.0,2862200.0
827,2021-10-18 06:11:29,44650.0,100.0,2861400.0
828,2021-10-18 06:11:28,44650.0,10000.0,2861300.0
829,2021-10-18 06:11:27,44650.0,100.0,2851300.0
830,2021-10-18 06:11:23,44650.0,100.0,2851200.0
831,2021-10-18 06:11:22,44650.0,300.0,2851100.0
832,2021-10-18 06:11:20,44650.0,100.0,2850800.0
833,2021-10-18 06:11:16,44650.0,100.0,2850700.0
834,2021-10-18 06:11:14,44650.0,100.0,2850600.0
835,2021-10-18 06:11:09,44650.0,200.0,2850500.0
836,2021-10-18 06:11:05,44650.0,300.0,2850300.0
837,2021-10-18 06:11:05,44650.0,100.0,2850000.0
838,2021-10-18 06:11:05,44650.0,200.0,2849900.0
839,2021-10-18 06:11:05,44650.0,200.0,2849700.0
840,2021-10-18 06:11:05,44650.0,1000.0,2849500.0
841,2021-10-18 06:11:05,44650.0,1100.0,2848500.0
842,2021-10-18 06:11:05,44650.0,600.0,2847400.0
843,2021-10-18 06:11:05,44650.0,100.0,2846800.0
844,2021-10-18 06:11:05,44650.0,500.0,2846700.0
845,2021-10-18 06:11:05,44650.0,2000.0,2846200.0
846,2021-10-18 06:11:05,44650.0,600.0,2844200.0
847,2021-10-18 06:11:05,44650.0,300.0,2843600.0
848,2021-10-18 06:11:05,44650.0,2000.0,2843300.0
849,2021-10-18 06:11:05,44650.0,1000.0,2841300.0
850,2021-10-18 06:11:05,44650.0,100.0,2840300.0
851,2021-10-18 06:11:05,44650.0,500.0,2840200.0
852,2021-10-18 06:11:05,44650.0,200.0,2839700.0
853,2021-10-18 06:11:05,44650.0,100.0,2839500.0
854,2021-10-18 06:11:05,44650.0,400.0,2839400.0
855,2021-10-18 06:11:05,44650.0,400.0,2839000.0
856,2021-10-18 06:11:05,44650.0,300.0,2838600.0
857,2021-10-18 06:10:47,44650.0,700.0,2838300.0
858,2021-10-18 06:10:47,44650.0,5000.0,2837600.0
859,2021-10-18 06:10:47,44650.0,400.0,2832600.0
860,2021-10-18 06:10:47,44650.0,100.0,2832200.0
861,2021-10-18 06:10:47,44650.0,100.0,2832100.0
862,2021-10-18 06:10:47,44650.0,200.0,2832000.0
863,2021-10-18 06:10:47,44650.0,1000.0,2831800.0
864,2021-10-18 06:10:47,44650.0,1000.0,2830800.0
865,2021-10-18 06:10:47,44650.0,100.0,2829800.0
866,2021-10-18 06:10:47,44650.0,200.0,2829700.0
867,2021-10-18 06:10:47,44650.0,900.0,2829500.0
868,2021-10-18 06:10:47,44650.0,500.0,2828600.0
869,2021-10-18 06:10:47,44650.0,200.0,2828100.0
870,2021-10-18 06:10:47,44650.0,400.0,2827900.0
871,2021-10-18 06:10:47,44650.0,600.0,2827500.0
872,2021-10-18 06:10:47,44650.0,3000.0,2826900.0
873,2021-10-18 06:10:47,44650.0,400.0,2823900.0
874,2021-10-18 06:10:47,44650.0,200.0,2823500.0
875,2021-10-18 06:10:16,44700.0,20000.0,2823300.0
876,2021-10-18 06:10:16,44700.0,400.0,2803300.0
877,2021-10-18 06:10:16,44700.0,2000.0,2802900.0
878,2021-10-18 06:10:16,44700.0,2300.0,2800900.0
879,2021-10-18 06:10:15,44700.0,700.0,2798600.0
880,2021-10-18 06:10:15,44700.0,100.0,2797900.0
881,2021-10-18 06:10:15,44700.0,100.0,2797800.0
882,2021-10-18 06:10:15,44700.0,500.0,2797700.0
883,2021-10-18 06:10:15,44700.0,2000.0,2797200.0
884,2021-10-18 06:10:15,44700.0,1000.0,2795200.0
885,2021-10-18 06:10:15,44700.0,1000.0,2794200.0
886,2021-10-18 06:10:15,44700.0,4000.0,2793200.0
887,2021-10-18 06:10:15,44700.0,5000.0,2789200.0
888,2021-10-18 06:10:15,44700.0,5000.0,2784200.0
889,2021-10-18 06:10:15,44700.0,500.0,2779200.0
890,2021-10-18 06:10:15,44700.0,100.0,2778700.0
891,2021-10-18 06:10:13,44750.0,600.0,2778600.0
892,2021-10-18 06:10:13,44750.0,200.0,2778000.0
893,2021-10-18 06:10:13,44750.0,200.0,2777800.0
894,2021-10-18 06:10:03,44750.0,2100.0,2777600.0
895,2021-10-18 06:09:27,44750.0,700.0,2775500.0
896,2021-10-18 06:09:27,44750.0,100.0,2774800.0
897,2021-10-18 06:09:27,44750.0,200.0,2774700.0
898,2021-10-18 06:09:17,44750.0,300.0,2774500.0
899,2021-10-18 06:09:17,44750.0,200.0,2774200.0
900,2021-10-18 06:09:15,44750.0,300.0,2774000.0
901,2021-10-18 06:08:56,44750.0,200.0,2773700.0
902,2021-10-18 06:08:56,44750.0,500.0,2773500.0
903,2021-10-18 06:08:56,44750.0,3800.0,2773000.0
904,2021-10-18 06:08:54,44750.0,500.0,2769200.0
905,2021-10-18 06:08:35,44750.0,1200.0,2768700.0
906,2021-10-18 06:08:35,44750.0,1000.0,2767500.0
907,2021-10-18 06:08:35,44750.0,2000.0,2766500.0
908,2021-10-18 06:08:35,44750.0,300.0,2764500.0
909,2021-10-18 06:08:08,44750.0,100.0,2764200.0
910,2021-10-18 06:08:01,44750.0,200.0,2764100.0
911,2021-10-18 06:08:01,44750.0,500.0,2763900.0
912,2021-10-18 06:08:01,44750.0,1000.0,2763400.0
913,2021-10-18 06:08:01,44750.0,2500.0,2762400.0
914,2021-10-18 06:08:01,44750.0,1500.0,2759900.0
915,2021-10-18 06:08:01,44750.0,3000.0,2758400.0
916,2021-10-18 06:08:01,44750.0,200.0,2755400.0
917,2021-10-18 06:08:01,44750.0,2000.0,2755200.0
918,2021-10-18 06:08:01,44750.0,5000.0,2753200.0
919,2021-10-18 06:08:01,44750.0,1000.0,2748200.0
920,2021-10-18 06:08:01,44750.0,2000.0,2747200.0
921,2021-10-18 06:08:01,44750.0,1000.0,2745200.0
922,2021-10-18 06:08:01,44750.0,100.0,2744200.0
923,2021-10-18 06:07:29,44800.0,1000.0,2744100.0
924,2021-10-18 06:06:45,44750.0,100.0,2743100.0
925,2021-10-18 06:06:40,44800.0,600.0,2743000.0
926,2021-10-18 06:06:13,44750.0,2000.0,2742400.0
927,2021-10-18 06:06:13,44750.0,100.0,2740400.0
928,2021-10-18 06:05:47,44750.0,300.0,2740300.0
929,2021-10-18 06:05:46,44750.0,1000.0,2740000.0
930,2021-10-18 06:05:31,44750.0,400.0,2739000.0
931,2021-10-18 06:05:31,44750.0,1000.0,2738600.0
932,2021-10-18 06:05:31,44750.0,2000.0,2737600.0
933,2021-10-18 06:05:31,44750.0,1600.0,2735600.0
934,2021-10-18 06:05:30,44800.0,1000.0,2734000.0
935,2021-10-18 06:05:14,44800.0,1000.0,2733000.0
936,2021-10-18 06:05:07,44800.0,200.0,2732000.0
937,2021-10-18 06:04:40,44800.0,100.0,2731800.0
938,2021-10-18 06:04:33,44800.0,400.0,2731700.0
939,2021-10-18 06:04:33,44800.0,100.0,2731300.0
940,2021-10-18 06:04:27,44750.0,100.0,2731200.0
941,2021-10-18 06:03:57,44750.0,100.0,2731100.0
942,2021-10-18 06:03:57,44750.0,3200.0,2731000.0
943,2021-10-18 06:03:52,44750.0,10000.0,2727800.0
944,2021-10-18 06:03:46,44750.0,1000.0,2717800.0
945,2021-10-18 06:03:43,44750.0,300.0,2716800.0
946,2021-10-18 06:03:33,44750.0,500.0,2716500.0
947,2021-10-18 06:03:31,44800.0,100.0,2716000.0
948,2021-10-18 06:03:31,44750.0,100.0,2715900.0
949,2021-10-18 06:03:31,44750.0,900.0,2715800.0
950,2021-10-18 06:03:29,44750.0,1000.0,2714900.0
951,2021-10-18 06:03:04,44750.0,1000.0,2713900.0
952,2021-10-18 06:03:04,44750.0,400.0,2712900.0
953,2021-10-18 06:03:04,44750.0,1700.0,2712500.0
954,2021-10-18 06:02:55,44750.0,5000.0,2710800.0
955,2021-10-18 06:02:47,44750.0,200.0,2705800.0
956,2021-10-18 06:02:47,44750.0,100.0,2705600.0
957,2021-10-18 06:02:47,44750.0,1000.0,2705500.0
958,2021-10-18 06:02:47,44750.0,100.0,2704500.0
959,2021-10-18 06:02:47,44750.0,200.0,2704400.0
960,2021-10-18 06:02:43,44750.0,100.0,2704200.0
961,2021-10-18 06:02:38,44750.0,100.0,2704100.0
962,2021-10-18 06:02:34,44750.0,200.0,2704000.0
963,2021-10-18 06:02:33,44750.0,1000.0,2703800.0
964,2021-10-18 06:02:33,44750.0,700.0,2702800.0
965,2021-10-18 06:02:33,44750.0,2000.0,2702100.0
966,2021-10-18 06:02:33,44750.0,6300.0,2700100.0
967,2021-10-18 06:02:32,44750.0,700.0,2693800.0
968,2021-10-18 06:02:29,44750.0,200.0,2693100.0
969,2021-10-18 06:02:26,44750.0,200.0,2692900.0
970,2021-10-18 06:02:21,44750.0,200.0,2692700.0
971,2021-10-18 06:02:19,44750.0,1000.0,2692500.0
972,2021-10-18 06:02:19,44750.0,100.0,2691500.0
973,2021-10-18 06:02:17,44750.0,200.0,2691400.0
974,2021-10-18 06:02:13,44750.0,200.0,2691200.0
975,2021-10-18 06:02:07,44750.0,200.0,2691000.0
976,2021-10-18 06:01:53,44750.0,100.0,2690800.0
977,2021-10-18 06:01:50,44750.0,500.0,2690700.0
978,2021-10-18 06:01:49,44750.0,100.0,2690200.0
979,2021-10-18 06:01:49,44750.0,100.0,2690100.0
980,2021-10-18 06:01:48,44750.0,400.0,2690000.0
981,2021-10-18 06:01:45,44750.0,1400.0,2689600.0
982,2021-10-18 06:01:40,44750.0,300.0,2688200.0
983,2021-10-18 06:01:37,44750.0,300.0,2687900.0
984,2021-10-18 06:01:35,44750.0,500.0,2687600.0
985,2021-10-18 06:01:35,44750.0,300.0,2687100.0
986,2021-10-18 06:01:34,44750.0,100.0,2686800.0
987,2021-10-18 06:01:30,44750.0,100.0,2686700.0
988,2021-10-18 06:01:27,44750.0,100.0,2686600.0
989,2021-10-18 06:01:22,44750.0,100.0,2686500.0
990,2021-10-18 06:01:22,44750.0,300.0,2686400.0
991,2021-10-18 06:01:18,44750.0,100.0,2686100.0
992,2021-10-18 06:01:15,44750.0,1000.0,2686000.0
993,2021-10-18 06:01:14,44750.0,100.0,2685000.0
994,2021-10-18 06:01:11,44750.0,100.0,2684900.0
995,2021-10-18 06:01:08,44750.0,300.0,2684800.0
996,2021-10-18 06:01:07,44750.0,300.0,2684500.0
997,2021-10-18 06:00:59,44750.0,4100.0,2684200.0
998,2021-10-18 06:00:59,44750.0,200.0,2680100.0
999,2021-10-18 06:00:59,44750.0,200.0,2679900.0
1000,2021-10-18 06:00:56,44750.0,500.0,2679700.0
1001,2021-10-18 06:00:54,44750.0,400.0,2679200.0
1002,2021-10-18 06:00:42,44750.0,400.0,2678800.0
1003,2021-10-18 06:00:34,44750.0,400.0,2678400.0
1004,2021-10-18 06:00:31,44750.0,500.0,2678000.0
1005,2021-10-18 06:00:31,44700.0,100.0,2677500.0
1006,2021-10-18 06:00:28,44700.0,500.0,2677400.0
1007,2021-10-18 06:00:25,44700.0,500.0,2676900.0
1008,2021-10-18 06:00:25,44700.0,500.0,2676400.0
1009,2021-10-18 06:00:25,44700.0,400.0,2675900.0
1010,2021-10-18 06:00:24,44650.0,100.0,2675500.0
1011,2021-10-18 06:00:24,44650.0,200.0,2675400.0
1012,2021-10-18 06:00:24,44650.0,400.0,2675200.0
1013,2021-10-18 06:00:20,44700.0,300.0,2674800.0
1014,2021-10-18 06:00:19,44700.0,400.0,2674500.0
1015,2021-10-18 06:00:15,44650.0,100.0,2674100.0
1016,2021-10-18 06:00:15,44700.0,100.0,2674000.0
1017,2021-10-18 06:00:15,44700.0,1000.0,2673900.0
1018,2021-10-18 06:00:15,44700.0,100.0,2672900.0
1019,2021-10-18 06:00:15,44700.0,300.0,2672800.0
1020,2021-10-18 06:00:15,44700.0,500.0,2672500.0
1021,2021-10-18 06:00:14,44650.0,200.0,2672000.0
1022,2021-10-18 06:00:08,44700.0,1000.0,2671800.0
1023,2021-10-18 06:00:06,44650.0,1000.0,2670800.0
1024,2021-10-18 06:00:04,44700.0,2000.0,2669800.0
1025,2021-10-18 06:00:02,44700.0,100.0,2667800.0
1026,2021-10-18 06:00:02,44700.0,100.0,2667700.0
1027,2021-10-18 06:00:02,44700.0,200.0,2667600.0
1028,2021-10-18 06:00:01,44700.0,500.0,2667400.0
1029,2021-10-18 06:00:01,44700.0,100.0,2666900.0
1030,2021-10-18 06:00:01,44700.0,1200.0,2666800.0
1031,2021-10-18 06:00:01,44700.0,800.0,2665600.0
1032,2021-10-18 06:00:01,44650.0,100.0,2664800.0
1033,2021-10-18 06:00:01,44700.0,2000.0,2664700.0
1034,2021-10-18 06:00:00,44650.0,500.0,2662700.0
1035,2021-10-18 06:00:00,44700.0,1500.0,2662200.0
1036,2021-10-18 06:00:00,44700.0,900.0,2660700.0
1037,2021-10-18 06:00:00,44650.0,200.0,2659800.0
1038,2021-10-18 04:29:56,44650.0,2000.0,2659600.0
1039,2021-10-18 04:29:52,44700.0,100.0,2657600.0
1040,2021-10-18 04:29:46,44700.0,1000.0,2657500.0
1041,2021-10-18 04:29:46,44650.0,2000.0,2656500.0
1042,2021-10-18 04:29:46,44700.0,500.0,2654500.0
1043,2021-10-18 04:29:42,44700.0,400.0,2654000.0
1044,2021-10-18 04:29:39,44650.0,1500.0,2653600.0
1045,2021-10-18 04:29:39,44650.0,500.0,2652100.0
1046,2021-10-18 04:29:34,44700.0,1000.0,2651600.0
1047,2021-10-18 04:29:30,44700.0,1500.0,2650600.0
1048,2021-10-18 04:29:25,44700.0,300.0,2649100.0
1049,2021-10-18 04:29:01,44750.0,100.0,2648800.0
1050,2021-10-18 04:28:47,44700.0,400.0,2648700.0
1051,2021-10-18 04:28:45,44700.0,100.0,2648300.0
1052,2021-10-18 04:28:45,44700.0,300.0,2648200.0
1053,2021-10-18 04:28:44,44700.0,500.0,2647900.0
1054,2021-10-18 04:28:41,44700.0,100.0,2647400.0
1055,2021-10-18 04:28:38,44700.0,100.0,2647300.0
1056,2021-10-18 04:28:38,44700.0,1000.0,2647200.0
1057,2021-10-18 04:28:30,44700.0,100.0,2646200.0
1058,2021-10-18 04:28:12,44700.0,3000.0,2646100.0
1059,2021-10-18 04:28:12,44700.0,100.0,2643100.0
1060,2021-10-18 04:28:12,44700.0,100.0,2643000.0
1061,2021-10-18 04:28:12,44700.0,100.0,2642900.0
1062,2021-10-18 04:28:12,44700.0,1000.0,2642800.0
1063,2021-10-18 04:28:12,44700.0,9600.0,2641800.0
1064,2021-10-18 04:28:08,44750.0,100.0,2632200.0
1065,2021-10-18 04:28:07,44700.0,9400.0,2632100.0
1066,2021-10-18 04:28:07,44700.0,500.0,2622700.0
1067,2021-10-18 04:28:07,44700.0,100.0,2622200.0
1068,2021-10-18 04:27:50,44750.0,300.0,2622100.0
1069,2021-10-18 04:27:48,44750.0,100.0,2621800.0
1070,2021-10-18 04:27:48,44750.0,400.0,2621700.0
1071,2021-10-18 04:27:47,44750.0,1200.0,2621300.0
1072,2021-10-18 04:27:37,44750.0,300.0,2620100.0
1073,2021-10-18 04:27:37,44750.0,100.0,2619800.0
1074,2021-10-18 04:27:34,44750.0,100.0,2619700.0
1075,2021-10-18 04:27:21,44750.0,100.0,2619600.0
1076,2021-10-18 04:27:18,44750.0,1000.0,2619500.0
1077,2021-10-18 04:27:15,44750.0,4000.0,2618500.0
1078,2021-10-18 04:27:15,44750.0,1000.0,2614500.0
1079,2021-10-18 04:27:14,44750.0,5000.0,2613500.0
1080,2021-10-18 04:27:14,44750.0,200.0,2608500.0
1081,2021-10-18 04:27:14,44750.0,100.0,2608300.0
1082,2021-10-18 04:27:14,44750.0,1000.0,2608200.0
1083,2021-10-18 04:27:14,44750.0,100.0,2607200.0
1084,2021-10-18 04:27:14,44750.0,100.0,2607100.0
1085,2021-10-18 04:27:14,44750.0,8500.0,2607000.0
1086,2021-10-18 04:27:14,44750.0,500.0,2598500.0
1087,2021-10-18 04:27:11,44750.0,500.0,2598000.0
1088,2021-10-18 04:27:10,44600.0,2200.0,2597500.0
1089,2021-10-18 04:27:10,44600.0,700.0,2595300.0
1090,2021-10-18 04:27:10,44600.0,10000.0,2594600.0
1091,2021-10-18 04:27:10,44600.0,100.0,2584600.0
1092,2021-10-18 04:27:10,44650.0,100.0,2584500.0
1093,2021-10-18 04:27:10,44700.0,1900.0,2584400.0
1094,2021-10-18 04:26:59,44750.0,500.0,2582500.0
1095,2021-10-18 04:26:56,44750.0,100.0,2582000.0
1096,2021-10-18 04:26:56,44750.0,300.0,2581900.0
1097,2021-10-18 04:26:56,44750.0,700.0,2581600.0
1098,2021-10-18 04:26:56,44750.0,100.0,2580900.0
1099,2021-10-18 04:26:56,44750.0,100.0,2580800.0
1100,2021-10-18 04:26:56,44750.0,5900.0,2580700.0
1101,2021-10-18 04:26:56,44700.0,200.0,2574800.0
1102,2021-10-18 04:26:56,44700.0,100.0,2574600.0
1103,2021-10-18 04:26:56,44700.0,100.0,2574500.0
1104,2021-10-18 04:26:56,44700.0,1900.0,2574400.0
1105,2021-10-18 04:26:54,44650.0,400.0,2572500.0
1106,2021-10-18 04:26:54,44650.0,100.0,2572100.0
1107,2021-10-18 04:26:54,44650.0,300.0,2572000.0
1108,2021-10-18 04:26:54,44650.0,500.0,2571700.0
1109,2021-10-18 04:26:54,44650.0,100.0,2571200.0
1110,2021-10-18 04:26:54,44650.0,100.0,2571100.0
1111,2021-10-18 04:26:54,44650.0,10000.0,2571000.0
1112,2021-10-18 04:26:54,44650.0,1000.0,2561000.0
1113,2021-10-18 04:26:54,44650.0,500.0,2560000.0
1114,2021-10-18 04:26:51,44700.0,1900.0,2559500.0
1115,2021-10-18 04:26:50,44700.0,1000.0,2557600.0
1116,2021-10-18 04:26:50,44700.0,300.0,2556600.0
1117,2021-10-18 04:26:47,44700.0,1000.0,2556300.0
1118,2021-10-18 04:26:44,44700.0,400.0,2555300.0
1119,2021-10-18 04:26:40,44700.0,100.0,2554900.0
1120,2021-10-18 04:26:40,44700.0,100.0,2554800.0
1121,2021-10-18 04:26:40,44700.0,1000.0,2554700.0
1122,2021-10-18 04:26:40,44700.0,200.0,2553700.0
1123,2021-10-18 04:26:40,44700.0,1000.0,2553500.0
1124,2021-10-18 04:26:40,44700.0,200.0,2552500.0
1125,2021-10-18 04:26:40,44700.0,400.0,2552300.0
1126,2021-10-18 04:26:40,44700.0,300.0,2551900.0
1127,2021-10-18 04:26:40,44700.0,200.0,2551600.0
1128,2021-10-18 04:26:38,44750.0,1900.0,2551400.0
1129,2021-10-18 04:26:38,44750.0,100.0,2549500.0
1130,2021-10-18 04:26:38,44750.0,200.0,2549400.0
1131,2021-10-18 04:26:38,44750.0,100.0,2549200.0
1132,2021-10-18 04:26:38,44750.0,200.0,2549100.0
1133,2021-10-18 04:26:38,44750.0,5000.0,2548900.0
1134,2021-10-18 04:26:38,44750.0,2000.0,2543900.0
1135,2021-10-18 04:26:38,44750.0,700.0,2541900.0
1136,2021-10-18 04:26:35,44750.0,100.0,2541200.0
1137,2021-10-18 04:26:29,44750.0,3000.0,2541100.0
1138,2021-10-18 04:26:27,44750.0,400.0,2538100.0
1139,2021-10-18 04:26:26,44700.0,300.0,2537700.0
1140,2021-10-18 04:26:26,44700.0,200.0,2537400.0
1141,2021-10-18 04:26:23,44700.0,200.0,2537200.0
1142,2021-10-18 04:26:19,44700.0,600.0,2537000.0
1143,2021-10-18 04:26:19,44700.0,1400.0,2536400.0
1144,2021-10-18 04:26:17,44750.0,200.0,2535000.0
1145,2021-10-18 04:26:09,44750.0,400.0,2534800.0
1146,2021-10-18 04:26:06,44750.0,500.0,2534400.0
1147,2021-10-18 04:26:04,44750.0,1000.0,2533900.0
1148,2021-10-18 04:26:00,44750.0,100.0,2532900.0
1149,2021-10-18 04:25:55,44700.0,200.0,2532800.0
1150,2021-10-18 04:25:52,44750.0,600.0,2532600.0
1151,2021-10-18 04:25:49,44700.0,400.0,2532000.0
1152,2021-10-18 04:25:49,44700.0,100.0,2531600.0
1153,2021-10-18 04:25:49,44700.0,100.0,2531500.0
1154,2021-10-18 04:25:49,44700.0,300.0,2531400.0
1155,2021-10-18 04:25:49,44700.0,900.0,2531100.0
1156,2021-10-18 04:25:49,44700.0,1000.0,2530200.0
1157,2021-10-18 04:25:49,44700.0,7200.0,2529200.0
1158,2021-10-18 04:25:43,44750.0,200.0,2522000.0
1159,2021-10-18 04:25:40,44750.0,100.0,2521800.0
1160,2021-10-18 04:25:40,44750.0,2700.0,2521700.0
1161,2021-10-18 04:25:34,44750.0,100.0,2519000.0
1162,2021-10-18 04:25:33,44750.0,2700.0,2518900.0
1163,2021-10-18 04:25:30,44750.0,7300.0,2516200.0
1164,2021-10-18 04:25:26,44750.0,7700.0,2508900.0
1165,2021-10-18 04:25:26,44750.0,12300.0,2501200.0
1166,2021-10-18 04:25:22,44800.0,300.0,2488900.0
1167,2021-10-18 04:25:22,44800.0,200.0,2488600.0
1168,2021-10-18 04:25:21,44800.0,300.0,2488400.0
1169,2021-10-18 04:25:13,44750.0,100.0,2488100.0
1170,2021-10-18 04:25:08,44750.0,100.0,2488000.0
1171,2021-10-18 04:25:03,44750.0,1000.0,2487900.0
1172,2021-10-18 04:25:03,44750.0,2100.0,2486900.0
1173,2021-10-18 04:24:59,44750.0,100.0,2484800.0
1174,2021-10-18 04:24:59,44750.0,1000.0,2484700.0
1175,2021-10-18 04:24:50,44750.0,1000.0,2483700.0
1176,2021-10-18 04:24:47,44750.0,2800.0,2482700.0
1177,2021-10-18 04:24:37,44750.0,15000.0,2479900.0
1178,2021-10-18 04:24:35,44750.0,200.0,2464900.0
1179,2021-10-18 04:24:35,44750.0,200.0,2464700.0
1180,2021-10-18 04:24:33,44750.0,5000.0,2464500.0
1181,2021-10-18 04:24:31,44750.0,500.0,2459500.0
1182,2021-10-18 04:24:25,44750.0,2000.0,2459000.0
1183,2021-10-18 04:24:24,44750.0,100.0,2457000.0
1184,2021-10-18 04:24:19,44750.0,100.0,2456900.0
1185,2021-10-18 04:24:19,44750.0,200.0,2456800.0
1186,2021-10-18 04:24:19,44750.0,300.0,2456600.0
1187,2021-10-18 04:24:19,44750.0,300.0,2456300.0
1188,2021-10-18 04:24:19,44750.0,1000.0,2456000.0
1189,2021-10-18 04:24:19,44700.0,100.0,2455000.0
1190,2021-10-18 04:24:16,44750.0,500.0,2454900.0
1191,2021-10-18 04:24:14,44750.0,1000.0,2454400.0
1192,2021-10-18 04:24:12,44750.0,1000.0,2453400.0
1193,2021-10-18 04:24:11,44750.0,200.0,2452400.0
1194,2021-10-18 04:24:06,44750.0,1000.0,2452200.0
1195,2021-10-18 04:24:05,44750.0,6300.0,2451200.0
1196,2021-10-18 04:24:05,44750.0,3700.0,2444900.0
1197,2021-10-18 04:24:02,44750.0,100.0,2441200.0
1198,2021-10-18 04:24:01,44750.0,2000.0,2441100.0
1199,2021-10-18 04:24:00,44750.0,500.0,2439100.0
1200,2021-10-18 04:23:58,44750.0,500.0,2438600.0
1201,2021-10-18 04:23:52,44750.0,2500.0,2438100.0
1202,2021-10-18 04:23:46,44750.0,700.0,2435600.0
1203,2021-10-18 04:23:46,44750.0,100.0,2434900.0
1204,2021-10-18 04:23:44,44700.0,100.0,2434800.0
1205,2021-10-18 04:23:44,44700.0,1600.0,2434700.0
1206,2021-10-18 04:23:43,44700.0,1400.0,2433100.0
1207,2021-10-18 04:23:43,44700.0,700.0,2431700.0
1208,2021-10-18 04:23:43,44700.0,200.0,2431000.0
1209,2021-10-18 04:23:43,44700.0,100.0,2430800.0
1210,2021-10-18 04:23:43,44700.0,100.0,2430700.0
1211,2021-10-18 04:23:43,44700.0,400.0,2430600.0
1212,2021-10-18 04:23:43,44700.0,12100.0,2430200.0
1213,2021-10-18 04:23:42,44700.0,1000.0,2418100.0
1214,2021-10-18 04:23:41,44700.0,5000.0,2417100.0
1215,2021-10-18 04:23:40,44700.0,4000.0,2412100.0
1216,2021-10-18 04:23:38,44700.0,10000.0,2408100.0
1217,2021-10-18 04:23:38,44700.0,300.0,2398100.0
1218,2021-10-18 04:23:38,44700.0,14000.0,2397800.0
1219,2021-10-18 04:23:36,44700.0,4300.0,2383800.0
1220,2021-10-18 04:23:33,44700.0,1000.0,2379500.0
1221,2021-10-18 04:23:32,44700.0,200.0,2378500.0
1222,2021-10-18 04:23:31,44700.0,1000.0,2378300.0
1223,2021-10-18 04:23:23,44700.0,400.0,2377300.0
1224,2021-10-18 04:23:21,44700.0,2500.0,2376900.0
1225,2021-10-18 04:23:20,44700.0,10000.0,2374400.0
1226,2021-10-18 04:23:17,44700.0,6400.0,2364400.0
1227,2021-10-18 04:23:15,44650.0,5000.0,2358000.0
1228,2021-10-18 04:23:15,44700.0,4200.0,2353000.0
1229,2021-10-18 04:23:14,44700.0,1500.0,2348800.0
1230,2021-10-18 04:23:10,44700.0,1200.0,2347300.0
1231,2021-10-18 04:23:06,44700.0,1500.0,2346100.0
1232,2021-10-18 04:23:03,44700.0,100.0,2344600.0
1233,2021-10-18 04:23:01,44650.0,100.0,2344500.0
1234,2021-10-18 04:23:00,44700.0,100.0,2344400.0
1235,2021-10-18 04:22:58,44700.0,30000.0,2344300.0
1236,2021-10-18 04:22:57,44700.0,10000.0,2314300.0
1237,2021-10-18 04:22:45,44700.0,4700.0,2304300.0
1238,2021-10-18 04:22:45,44700.0,300.0,2299600.0
1239,2021-10-18 04:22:45,44700.0,2000.0,2299300.0
1240,2021-10-18 04:22:45,44700.0,3000.0,2297300.0
1241,2021-10-18 04:22:42,44700.0,17000.0,2294300.0
1242,2021-10-18 04:22:42,44700.0,10000.0,2277300.0
1243,2021-10-18 04:22:42,44700.0,3000.0,2267300.0
1244,2021-10-18 04:22:42,44700.0,10000.0,2264300.0
1245,2021-10-18 04:22:29,44650.0,3000.0,2254300.0
1246,2021-10-18 04:22:29,44650.0,500.0,2251300.0
1247,2021-10-18 04:22:29,44650.0,10700.0,2250800.0
1248,2021-10-18 04:22:26,44650.0,2000.0,2240100.0
1249,2021-10-18 04:22:26,44650.0,800.0,2238100.0
1250,2021-10-18 04:22:25,44650.0,400.0,2237300.0
1251,2021-10-18 04:22:25,44650.0,11900.0,2236900.0
1252,2021-10-18 04:22:24,44650.0,300.0,2225000.0
1253,2021-10-18 04:22:24,44650.0,1700.0,2224700.0
1254,2021-10-18 04:22:19,44650.0,1000.0,2223000.0
1255,2021-10-18 04:22:18,44650.0,11300.0,2222000.0
1256,2021-10-18 04:22:18,44650.0,300.0,2210700.0
1257,2021-10-18 04:22:18,44650.0,500.0,2210400.0
1258,2021-10-18 04:22:18,44650.0,2000.0,2209900.0
1259,2021-10-18 04:22:18,44650.0,7100.0,2207900.0
1260,2021-10-18 04:22:14,44650.0,100.0,2200800.0
1261,2021-10-18 04:22:14,44650.0,2800.0,2200700.0
1262,2021-10-18 04:22:13,44650.0,5000.0,2197900.0
1263,2021-10-18 04:22:10,44650.0,1000.0,2192900.0
1264,2021-10-18 04:22:07,44650.0,100.0,2191900.0
1265,2021-10-18 04:22:07,44650.0,1100.0,2191800.0
1266,2021-10-18 04:22:06,44650.0,200.0,2190700.0
1267,2021-10-18 04:22:05,44650.0,100.0,2190500.0
1268,2021-10-18 04:22:04,44650.0,100.0,2190400.0
1269,2021-10-18 04:22:04,44650.0,2900.0,2190300.0
1270,2021-10-18 04:22:04,44650.0,100.0,2187400.0
1271,2021-10-18 04:22:01,44650.0,200.0,2187300.0
1272,2021-10-18 04:22:01,44650.0,1000.0,2187100.0
1273,2021-10-18 04:22:00,44600.0,100.0,2186100.0
1274,2021-10-18 04:22:00,44650.0,5800.0,2186000.0
1275,2021-10-18 04:22:00,44650.0,2000.0,2180200.0
1276,2021-10-18 04:22:00,44650.0,100.0,2178200.0
1277,2021-10-18 04:22:00,44650.0,200.0,2178100.0
1278,2021-10-18 04:22:00,44650.0,1900.0,2177900.0
1279,2021-10-18 04:21:58,44650.0,100.0,2176000.0
1280,2021-10-18 04:21:56,44650.0,1000.0,2175900.0
1281,2021-10-18 04:21:55,44650.0,200.0,2174900.0
1282,2021-10-18 04:21:54,44650.0,6800.0,2174700.0
1283,2021-10-18 04:21:54,44650.0,100.0,2167900.0
1284,2021-10-18 04:21:54,44650.0,3100.0,2167800.0
1285,2021-10-18 04:21:44,44650.0,100.0,2164700.0
1286,2021-10-18 04:21:29,44650.0,6800.0,2164600.0
1287,2021-10-18 04:21:29,44650.0,700.0,2157800.0
1288,2021-10-18 04:21:29,44650.0,100.0,2157100.0
1289,2021-10-18 04:21:29,44650.0,200.0,2157000.0
1290,2021-10-18 04:21:29,44650.0,16900.0,2156800.0
1291,2021-10-18 04:21:29,44600.0,1000.0,2139900.0
1292,2021-10-18 04:21:29,44600.0,300.0,2138900.0
1293,2021-10-18 04:21:28,44600.0,200.0,2138600.0
1294,2021-10-18 04:21:24,44600.0,400.0,2138400.0
1295,2021-10-18 04:21:22,44600.0,1000.0,2138000.0
1296,2021-10-18 04:21:20,44600.0,1000.0,2137000.0
1297,2021-10-18 04:21:19,44600.0,600.0,2136000.0
1298,2021-10-18 04:21:18,44600.0,200.0,2135400.0
1299,2021-10-18 04:21:16,44600.0,16300.0,2135200.0
1300,2021-10-18 04:21:16,44600.0,1000.0,2118900.0
1301,2021-10-18 04:21:16,44600.0,100.0,2117900.0
1302,2021-10-18 04:21:16,44600.0,200.0,2117800.0
1303,2021-10-18 04:21:16,44600.0,1000.0,2117600.0
1304,2021-10-18 04:21:16,44600.0,1000.0,2116600.0
1305,2021-10-18 04:21:16,44600.0,100.0,2115600.0
1306,2021-10-18 04:21:16,44600.0,700.0,2115500.0
1307,2021-10-18 04:21:16,44600.0,1300.0,2114800.0
1308,2021-10-18 04:21:16,44600.0,100.0,2113500.0
1309,2021-10-18 04:21:16,44600.0,300.0,2113400.0
1310,2021-10-18 04:21:16,44600.0,100.0,2113100.0
1311,2021-10-18 04:21:16,44600.0,200.0,2113000.0
1312,2021-10-18 04:21:14,44550.0,1600.0,2112800.0
1313,2021-10-18 04:21:14,44550.0,1900.0,2111200.0
1314,2021-10-18 04:21:12,44600.0,100.0,2109300.0
1315,2021-10-18 04:21:12,44600.0,100.0,2109200.0
1316,2021-10-18 04:21:12,44600.0,800.0,2109100.0
1317,2021-10-18 04:21:09,44600.0,3300.0,2108300.0
1318,2021-10-18 04:21:08,44600.0,800.0,2105000.0
1319,2021-10-18 04:20:57,44600.0,1000.0,2104200.0
1320,2021-10-18 04:20:55,44550.0,400.0,2103200.0
1321,2021-10-18 04:20:54,44550.0,100.0,2102800.0
1322,2021-10-18 04:20:53,44500.0,16600.0,2102700.0
1323,2021-10-18 04:20:53,44550.0,3400.0,2086100.0
1324,2021-10-18 04:20:50,44600.0,300.0,2082700.0
1325,2021-10-18 04:20:48,44550.0,100.0,2082400.0
1326,2021-10-18 04:20:47,44550.0,900.0,2082300.0
1327,2021-10-18 04:20:47,44550.0,3000.0,2081400.0
1328,2021-10-18 04:20:47,44550.0,5000.0,2078400.0
1329,2021-10-18 04:20:47,44550.0,200.0,2073400.0
1330,2021-10-18 04:20:47,44550.0,5800.0,2073200.0
1331,2021-10-18 04:20:43,44600.0,6500.0,2067400.0
1332,2021-10-18 04:20:32,44600.0,7300.0,2060900.0
1333,2021-10-18 04:20:32,44600.0,100.0,2053600.0
1334,2021-10-18 04:20:26,44550.0,200.0,2053500.0
1335,2021-10-18 04:20:21,44550.0,200.0,2053300.0
1336,2021-10-18 04:20:21,44550.0,300.0,2053100.0
1337,2021-10-18 04:20:18,44550.0,100.0,2052800.0
1338,2021-10-18 04:20:17,44550.0,3700.0,2052700.0
1339,2021-10-18 04:20:15,44550.0,500.0,2049000.0
1340,2021-10-18 04:20:15,44550.0,200.0,2048500.0
1341,2021-10-18 04:20:13,44550.0,800.0,2048300.0
1342,2021-10-18 04:20:13,44550.0,200.0,2047500.0
1343,2021-10-18 04:20:13,44550.0,1900.0,2047300.0
1344,2021-10-18 04:20:13,44550.0,2600.0,2045400.0
1345,2021-10-18 04:20:02,44550.0,1000.0,2042800.0
1346,2021-10-18 04:20:02,44550.0,10000.0,2041800.0
1347,2021-10-18 04:19:58,44550.0,3200.0,2031800.0
1348,2021-10-18 04:19:57,44550.0,400.0,2028600.0
1349,2021-10-18 04:19:57,44550.0,1700.0,2028200.0
1350,2021-10-18 04:19:56,44550.0,600.0,2026500.0
1351,2021-10-18 04:19:51,44550.0,500.0,2025900.0
1352,2021-10-18 04:19:45,44550.0,300.0,2025400.0
1353,2021-10-18 04:19:45,44550.0,700.0,2025100.0
1354,2021-10-18 04:19:37,44550.0,500.0,2024400.0
1355,2021-10-18 04:19:35,44550.0,500.0,2023900.0
1356,2021-10-18 04:19:33,44550.0,200.0,2023400.0
1357,2021-10-18 04:19:32,44550.0,500.0,2023200.0
1358,2021-10-18 04:19:30,44550.0,5000.0,2022700.0
1359,2021-10-18 04:19:29,44550.0,300.0,2017700.0
1360,2021-10-18 04:19:28,44550.0,700.0,2017400.0
1361,2021-10-18 04:19:26,44550.0,500.0,2016700.0
1362,2021-10-18 04:19:25,44550.0,200.0,2016200.0
1363,2021-10-18 04:19:25,44550.0,900.0,2016000.0
1364,2021-10-18 04:19:22,44550.0,100.0,2015100.0
1365,2021-10-18 04:19:22,44550.0,3000.0,2015000.0
1366,2021-10-18 04:19:19,44550.0,200.0,2012000.0
1367,2021-10-18 04:19:18,44550.0,500.0,2011800.0
1368,2021-10-18 04:19:17,44550.0,500.0,2011300.0
1369,2021-10-18 04:19:14,44550.0,700.0,2010800.0
1370,2021-10-18 04:19:14,44550.0,800.0,2010100.0
1371,2021-10-18 04:19:12,44550.0,2000.0,2009300.0
1372,2021-10-18 04:19:08,44550.0,3500.0,2007300.0
1373,2021-10-18 04:19:08,44550.0,2000.0,2003800.0
1374,2021-10-18 04:19:08,44550.0,200.0,2001800.0
1375,2021-10-18 04:19:08,44550.0,1500.0,2001600.0
1376,2021-10-18 04:19:05,44600.0,1900.0,2000100.0
1377,2021-10-18 04:19:05,44600.0,100.0,1998200.0
1378,2021-10-18 04:18:59,44600.0,100.0,1998100.0
1379,2021-10-18 04:18:58,44550.0,10000.0,1998000.0
1380,2021-10-18 04:18:56,44550.0,200.0,1988000.0
1381,2021-10-18 04:18:53,44550.0,13300.0,1987800.0
1382,2021-10-18 04:18:51,44500.0,20000.0,1974500.0
1383,2021-10-18 04:18:42,44550.0,5000.0,1954500.0
1384,2021-10-18 04:18:39,44500.0,3000.0,1949500.0
1385,2021-10-18 04:18:38,44550.0,500.0,1946500.0
1386,2021-10-18 04:18:35,44550.0,1200.0,1946000.0
1387,2021-10-18 04:18:35,44550.0,1100.0,1944800.0
1388,2021-10-18 04:18:34,44550.0,2000.0,1943700.0
1389,2021-10-18 04:18:28,44500.0,49100.0,1941700.0
1390,2021-10-18 04:18:28,44500.0,600.0,1892600.0
1391,2021-10-18 04:18:28,44500.0,300.0,1892000.0
1392,2021-10-18 04:18:28,44550.0,300.0,1891700.0
1393,2021-10-18 04:18:24,44550.0,1600.0,1891400.0
1394,2021-10-18 04:18:24,44550.0,900.0,1889800.0
1395,2021-10-18 04:18:18,44550.0,100.0,1888900.0
1396,2021-10-18 04:18:10,44500.0,200.0,1888800.0
1397,2021-10-18 04:18:00,44500.0,300.0,1888600.0
1398,2021-10-18 04:17:59,44600.0,100.0,1888300.0
1399,2021-10-18 04:17:55,44500.0,20000.0,1888200.0
1400,2021-10-18 04:17:54,44500.0,3000.0,1868200.0
1401,2021-10-18 04:17:54,44500.0,1700.0,1865200.0
1402,2021-10-18 04:17:49,44500.0,2000.0,1863500.0
1403,2021-10-18 04:17:41,44500.0,100.0,1861500.0
1404,2021-10-18 04:17:41,44500.0,1000.0,1861400.0
1405,2021-10-18 04:17:36,44500.0,100.0,1860400.0
1406,2021-10-18 04:17:36,44500.0,100.0,1860300.0
1407,2021-10-18 04:17:32,44600.0,1000.0,1860200.0
1408,2021-10-18 04:17:31,44500.0,1900.0,1859200.0
1409,2021-10-18 04:17:31,44500.0,100.0,1857300.0
1410,2021-10-18 04:17:27,44600.0,100.0,1857200.0
1411,2021-10-18 04:17:26,44600.0,3200.0,1857100.0
1412,2021-10-18 04:17:26,44500.0,1800.0,1853900.0
1413,2021-10-18 04:17:26,44500.0,500.0,1852100.0
1414,2021-10-18 04:17:26,44500.0,1000.0,1851600.0
1415,2021-10-18 04:17:26,44500.0,100.0,1850600.0
1416,2021-10-18 04:17:26,44500.0,500.0,1850500.0
1417,2021-10-18 04:17:26,44500.0,12000.0,1850000.0
1418,2021-10-18 04:17:26,44500.0,4100.0,1838000.0
1419,2021-10-18 04:17:22,44600.0,100.0,1833900.0
1420,2021-10-18 04:17:20,44600.0,5300.0,1833800.0
1421,2021-10-18 04:17:20,44600.0,4700.0,1828500.0
1422,2021-10-18 04:17:15,44600.0,300.0,1823800.0
1423,2021-10-18 04:17:15,44600.0,200.0,1823500.0
1424,2021-10-18 04:17:15,44500.0,900.0,1823300.0
1425,2021-10-18 04:17:15,44500.0,1000.0,1822400.0
1426,2021-10-18 04:17:15,44500.0,100.0,1821400.0
1427,2021-10-18 04:17:15,44500.0,2000.0,1821300.0
1428,2021-10-18 04:17:15,44500.0,800.0,1819300.0
1429,2021-10-18 04:17:15,44500.0,1100.0,1818500.0
1430,2021-10-18 04:17:15,44500.0,300.0,1817400.0
1431,2021-10-18 04:17:15,44500.0,1000.0,1817100.0
1432,2021-10-18 04:17:15,44500.0,500.0,1816100.0
1433,2021-10-18 04:17:15,44500.0,100.0,1815600.0
1434,2021-10-18 04:17:15,44500.0,1000.0,1815500.0
1435,2021-10-18 04:17:15,44500.0,100.0,1814500.0
1436,2021-10-18 04:17:15,44500.0,6100.0,1814400.0
1437,2021-10-18 04:17:15,44600.0,300.0,1808300.0
1438,2021-10-18 04:17:15,44600.0,100.0,1808000.0
1439,2021-10-18 04:17:11,44600.0,400.0,1807900.0
1440,2021-10-18 04:17:09,44600.0,2000.0,1807500.0
1441,2021-10-18 04:17:09,44600.0,200.0,1805500.0
1442,2021-10-18 04:17:08,44600.0,300.0,1805300.0
1443,2021-10-18 04:17:08,44600.0,1600.0,1805000.0
1444,2021-10-18 04:17:07,44600.0,1000.0,1803400.0
1445,2021-10-18 04:17:06,44600.0,1000.0,1802400.0
1446,2021-10-18 04:17:06,44600.0,3400.0,1801400.0
1447,2021-10-18 04:17:04,44650.0,900.0,1798000.0
1448,2021-10-18 04:17:00,44650.0,2200.0,1797100.0
1449,2021-10-18 04:17:00,44600.0,2800.0,1794900.0
1450,2021-10-18 04:16:59,44600.0,1000.0,1792100.0
1451,2021-10-18 04:16:59,44600.0,300.0,1791100.0
1452,2021-10-18 04:16:59,44600.0,2000.0,1790800.0
1453,2021-10-18 04:16:59,44600.0,2000.0,1788800.0
1454,2021-10-18 04:16:59,44600.0,1000.0,1786800.0
1455,2021-10-18 04:16:59,44600.0,900.0,1785800.0
1456,2021-10-18 04:16:52,44600.0,2000.0,1784900.0
1457,2021-10-18 04:16:50,44600.0,1000.0,1782900.0
1458,2021-10-18 04:16:50,44600.0,1000.0,1781900.0
1459,2021-10-18 04:16:50,44600.0,5200.0,1780900.0
1460,2021-10-18 04:16:48,44600.0,2000.0,1775700.0
1461,2021-10-18 04:16:47,44600.0,400.0,1773700.0
1462,2021-10-18 04:16:45,44600.0,2000.0,1773300.0
1463,2021-10-18 04:16:44,44600.0,400.0,1771300.0
1464,2021-10-18 04:16:44,44600.0,1600.0,1770900.0
1465,2021-10-18 04:16:41,44600.0,1300.0,1769300.0
1466,2021-10-18 04:16:40,44600.0,7100.0,1768000.0
1467,2021-10-18 04:16:40,44600.0,500.0,1760900.0
1468,2021-10-18 04:16:40,44600.0,600.0,1760400.0
1469,2021-10-18 04:16:37,44500.0,600.0,1759800.0
1470,2021-10-18 04:16:37,44600.0,2400.0,1759200.0
1471,2021-10-18 04:16:29,44500.0,3300.0,1756800.0
1472,2021-10-18 04:16:29,44500.0,500.0,1753500.0
1473,2021-10-18 04:16:29,44500.0,200.0,1753000.0
1474,2021-10-18 04:16:29,44500.0,3000.0,1752800.0
1475,2021-10-18 04:16:29,44500.0,2500.0,1749800.0
1476,2021-10-18 04:16:29,44500.0,5000.0,1747300.0
1477,2021-10-18 04:16:29,44500.0,1500.0,1742300.0
1478,2021-10-18 04:16:29,44500.0,4000.0,1740800.0
1479,2021-10-18 04:16:19,44500.0,300.0,1736800.0
1480,2021-10-18 04:16:19,44500.0,100.0,1736500.0
1481,2021-10-18 04:16:19,44500.0,200.0,1736400.0
1482,2021-10-18 04:16:19,44500.0,100.0,1736200.0
1483,2021-10-18 04:16:19,44500.0,5000.0,1736100.0
1484,2021-10-18 04:16:19,44500.0,300.0,1731100.0
1485,2021-10-18 04:16:19,44500.0,5000.0,1730800.0
1486,2021-10-18 04:16:19,44500.0,1500.0,1725800.0
1487,2021-10-18 04:16:18,44500.0,500.0,1724300.0
1488,2021-10-18 04:16:17,44500.0,2700.0,1723800.0
1489,2021-10-18 04:16:17,44500.0,500.0,1721100.0
1490,2021-10-18 04:16:17,44500.0,500.0,1720600.0
1491,2021-10-18 04:16:17,44500.0,3000.0,1720100.0
1492,2021-10-18 04:16:17,44500.0,100.0,1717100.0
1493,2021-10-18 04:16:17,44500.0,100.0,1717000.0
1494,2021-10-18 04:16:17,44500.0,5000.0,1716900.0
1495,2021-10-18 04:16:17,44500.0,900.0,1711900.0
1496,2021-10-18 04:16:17,44500.0,7200.0,1711000.0
1497,2021-10-18 04:16:17,44500.0,100.0,1703800.0
1498,2021-10-18 04:16:17,44500.0,2000.0,1703700.0
1499,2021-10-18 04:16:16,44500.0,7000.0,1701700.0
1500,2021-10-18 04:16:16,44500.0,1200.0,1694700.0
1501,2021-10-18 04:16:16,44500.0,2500.0,1693500.0
1502,2021-10-18 04:16:16,44500.0,300.0,1691000.0
1503,2021-10-18 04:16:16,44500.0,4900.0,1690700.0
1504,2021-10-18 04:16:16,44500.0,100.0,1685800.0
1505,2021-10-18 04:16:16,44500.0,4900.0,1685700.0
1506,2021-10-18 04:16:15,44500.0,100.0,1680800.0
1507,2021-10-18 04:16:15,44500.0,100.0,1680700.0
1508,2021-10-18 04:16:15,44500.0,1700.0,1680600.0
1509,2021-10-18 04:16:15,44500.0,1000.0,1678900.0
1510,2021-10-18 04:16:15,44500.0,200.0,1677900.0
1511,2021-10-18 04:16:15,44500.0,100.0,1677700.0
1512,2021-10-18 04:16:15,44500.0,500.0,1677600.0
1513,2021-10-18 04:16:15,44500.0,500.0,1677100.0
1514,2021-10-18 04:16:15,44500.0,6000.0,1676600.0
1515,2021-10-18 04:16:15,44500.0,600.0,1670600.0
1516,2021-10-18 04:16:15,44500.0,200.0,1670000.0
1517,2021-10-18 04:16:13,44500.0,1200.0,1669800.0
1518,2021-10-18 04:16:12,44500.0,18100.0,1668600.0
1519,2021-10-18 04:16:12,44500.0,500.0,1650500.0
1520,2021-10-18 04:16:12,44500.0,2500.0,1650000.0
1521,2021-10-18 04:16:12,44500.0,1000.0,1647500.0
1522,2021-10-18 04:16:12,44500.0,1000.0,1646500.0
1523,2021-10-18 04:16:12,44500.0,4900.0,1645500.0
1524,2021-10-18 04:16:12,44500.0,1300.0,1640600.0
1525,2021-10-18 04:16:11,44500.0,200.0,1639300.0
1526,2021-10-18 04:16:11,44500.0,100.0,1639100.0
1527,2021-10-18 04:16:11,44500.0,1000.0,1639000.0
1528,2021-10-18 04:16:10,44500.0,100.0,1638000.0
1529,2021-10-18 04:16:10,44500.0,3200.0,1637900.0
1530,2021-10-18 04:16:10,44500.0,3300.0,1634700.0
1531,2021-10-18 04:16:09,44450.0,1000.0,1631400.0
1532,2021-10-18 04:16:09,44500.0,200.0,1630400.0
1533,2021-10-18 04:16:08,44500.0,2200.0,1630200.0
1534,2021-10-18 04:16:08,44500.0,500.0,1628000.0
1535,2021-10-18 04:16:08,44500.0,2300.0,1627500.0
1536,2021-10-18 04:16:08,44500.0,500.0,1625200.0
1537,2021-10-18 04:16:07,44500.0,200.0,1624700.0
1538,2021-10-18 04:16:06,44500.0,100.0,1624500.0
1539,2021-10-18 04:16:06,44500.0,600.0,1624400.0
1540,2021-10-18 04:16:06,44500.0,200.0,1623800.0
1541,2021-10-18 04:16:06,44500.0,100.0,1623600.0
1542,2021-10-18 04:16:06,44500.0,6500.0,1623500.0
1543,2021-10-18 04:16:04,44500.0,7400.0,1617000.0
1544,2021-10-18 04:16:02,44500.0,20000.0,1609600.0
1545,2021-10-18 04:16:01,44500.0,5000.0,1589600.0
1546,2021-10-18 04:15:57,44500.0,900.0,1584600.0
1547,2021-10-18 04:15:56,44500.0,1100.0,1583700.0
1548,2021-10-18 04:15:56,44450.0,200.0,1582600.0
1549,2021-10-18 04:15:54,44500.0,75100.0,1582400.0
1550,2021-10-18 04:15:46,44400.0,3000.0,1507300.0
1551,2021-10-18 04:15:44,44400.0,500.0,1504300.0
1552,2021-10-18 04:15:42,44400.0,100.0,1503800.0
1553,2021-10-18 04:15:42,44400.0,1100.0,1503700.0
1554,2021-10-18 04:15:38,44500.0,700.0,1502600.0
1555,2021-10-18 04:15:37,44500.0,200.0,1501900.0
1556,2021-10-18 04:15:35,44400.0,6900.0,1501700.0
1557,2021-10-18 04:15:34,44400.0,3100.0,1494800.0
1558,2021-10-18 04:15:24,44500.0,600.0,1491700.0
1559,2021-10-18 04:15:14,44500.0,400.0,1491100.0
1560,2021-10-18 04:15:14,44500.0,400.0,1490700.0
1561,2021-10-18 04:15:14,44400.0,100.0,1490300.0
1562,2021-10-18 04:15:14,44400.0,500.0,1490200.0
1563,2021-10-18 04:15:14,44400.0,3000.0,1489700.0
1564,2021-10-18 04:15:14,44400.0,100.0,1486700.0
1565,2021-10-18 04:15:14,44400.0,5500.0,1486600.0
1566,2021-10-18 04:15:11,44400.0,4500.0,1481100.0
1567,2021-10-18 04:15:11,44400.0,5000.0,1476600.0
1568,2021-10-18 04:15:11,44400.0,1100.0,1471600.0
1569,2021-10-18 04:15:11,44400.0,2500.0,1470500.0
1570,2021-10-18 04:15:11,44400.0,1300.0,1468000.0
1571,2021-10-18 04:15:11,44400.0,1300.0,1466700.0
1572,2021-10-18 04:15:11,44400.0,9300.0,1465400.0
1573,2021-10-18 04:15:11,44250.0,25000.0,1456100.0
1574,2021-10-18 04:15:10,44250.0,1100.0,1431100.0
1575,2021-10-18 04:15:10,44250.0,100.0,1430000.0
1576,2021-10-18 04:15:10,44250.0,2500.0,1429900.0
1577,2021-10-18 04:15:10,44300.0,21300.0,1427400.0
1578,2021-10-18 04:15:10,44400.0,500.0,1406100.0
1579,2021-10-18 04:15:05,44400.0,200.0,1405600.0
1580,2021-10-18 04:15:05,44400.0,400.0,1405400.0
1581,2021-10-18 04:15:05,44400.0,9400.0,1405000.0
1582,2021-10-18 04:15:04,44400.0,600.0,1395600.0
1583,2021-10-18 04:15:04,44400.0,400.0,1395000.0
1584,2021-10-18 04:15:01,44300.0,3000.0,1394600.0
1585,2021-10-18 04:15:00,44300.0,1000.0,1391600.0
1586,2021-10-18 04:15:00,44300.0,5000.0,1390600.0
1587,2021-10-18 04:15:00,44300.0,300.0,1385600.0
1588,2021-10-18 04:15:00,44300.0,300.0,1385300.0
1589,2021-10-18 04:15:00,44300.0,10000.0,1385000.0
1590,2021-10-18 04:15:00,44300.0,8500.0,1375000.0
1591,2021-10-18 04:15:00,44250.0,200.0,1366500.0
1592,2021-10-18 04:15:00,44250.0,400.0,1366300.0
1593,2021-10-18 04:14:56,44250.0,1500.0,1365900.0
1594,2021-10-18 04:14:51,44250.0,100.0,1364400.0
1595,2021-10-18 04:14:50,44250.0,1000.0,1364300.0
1596,2021-10-18 04:14:47,44250.0,2000.0,1363300.0
1597,2021-10-18 04:14:45,44300.0,1500.0,1361300.0
1598,2021-10-18 04:14:45,44300.0,500.0,1359800.0
1599,2021-10-18 04:14:45,44300.0,10000.0,1359300.0
1600,2021-10-18 04:14:45,44300.0,400.0,1349300.0
1601,2021-10-18 04:14:45,44250.0,600.0,1348900.0
1602,2021-10-18 04:14:44,44250.0,2400.0,1348300.0
1603,2021-10-18 04:14:44,44250.0,3500.0,1345900.0
1604,2021-10-18 04:14:44,44250.0,4100.0,1342400.0
1605,2021-10-18 04:14:40,44250.0,700.0,1338300.0
1606,2021-10-18 04:14:37,44250.0,900.0,1337600.0
1607,2021-10-18 04:14:32,44250.0,4300.0,1336700.0
1608,2021-10-18 04:14:32,44250.0,2700.0,1332400.0
1609,2021-10-18 04:14:30,44250.0,400.0,1329700.0
1610,2021-10-18 04:14:29,44250.0,3000.0,1329300.0
1611,2021-10-18 04:14:27,44250.0,100.0,1326300.0
1612,2021-10-18 04:14:27,44200.0,5000.0,1326200.0
1613,2021-10-18 04:14:24,44250.0,3800.0,1321200.0
1614,2021-10-18 04:14:24,44250.0,300.0,1317400.0
1615,2021-10-18 04:14:24,44250.0,900.0,1317100.0
1616,2021-10-18 04:14:22,44250.0,100.0,1316200.0
1617,2021-10-18 04:14:16,44200.0,5000.0,1316100.0
1618,2021-10-18 04:14:16,44200.0,3000.0,1311100.0
1619,2021-10-18 04:14:16,44200.0,1200.0,1308100.0
1620,2021-10-18 04:14:16,44200.0,100.0,1306900.0
1621,2021-10-18 04:14:16,44200.0,1000.0,1306800.0
1622,2021-10-18 04:14:16,44200.0,500.0,1305800.0
1623,2021-10-18 04:14:16,44200.0,600.0,1305300.0
1624,2021-10-18 04:14:16,44200.0,400.0,1304700.0
1625,2021-10-18 04:14:13,44200.0,1000.0,1304300.0
1626,2021-10-18 04:14:07,44100.0,1000.0,1303300.0
1627,2021-10-18 04:14:03,44200.0,600.0,1302300.0
1628,2021-10-18 04:14:03,44200.0,2200.0,1301700.0
1629,2021-10-18 04:14:01,44200.0,400.0,1299500.0
1630,2021-10-18 04:13:57,44200.0,2400.0,1299100.0
1631,2021-10-18 04:13:57,44200.0,100.0,1296700.0
1632,2021-10-18 04:13:57,44200.0,1000.0,1296600.0
1633,2021-10-18 04:13:57,44200.0,100.0,1295600.0
1634,2021-10-18 04:13:57,44200.0,500.0,1295500.0
1635,2021-10-18 04:13:57,44200.0,500.0,1295000.0
1636,2021-10-18 04:13:57,44200.0,500.0,1294500.0
1637,2021-10-18 04:13:57,44200.0,3000.0,1294000.0
1638,2021-10-18 04:13:57,44200.0,100.0,1291000.0
1639,2021-10-18 04:13:57,44200.0,400.0,1290900.0
1640,2021-10-18 04:13:57,44200.0,100.0,1290500.0
1641,2021-10-18 04:13:57,44200.0,100.0,1290400.0
1642,2021-10-18 04:13:57,44200.0,100.0,1290300.0
1643,2021-10-18 04:13:57,44200.0,200.0,1290200.0
1644,2021-10-18 04:13:57,44200.0,100.0,1290000.0
1645,2021-10-18 04:13:57,44200.0,500.0,1289900.0
1646,2021-10-18 04:13:57,44200.0,500.0,1289400.0
1647,2021-10-18 04:13:57,44200.0,200.0,1288900.0
1648,2021-10-18 04:13:57,44200.0,300.0,1288700.0
1649,2021-10-18 04:13:57,44200.0,15000.0,1288400.0
1650,2021-10-18 04:13:57,44200.0,10000.0,1273400.0
1651,2021-10-18 04:13:57,44100.0,100.0,1263400.0
1652,2021-10-18 04:13:57,44100.0,500.0,1263300.0
1653,2021-10-18 04:13:57,44100.0,500.0,1262800.0
1654,2021-10-18 04:13:57,44100.0,400.0,1262300.0
1655,2021-10-18 04:13:57,44100.0,100.0,1261900.0
1656,2021-10-18 04:13:57,44100.0,1500.0,1261800.0
1657,2021-10-18 04:13:57,44100.0,200.0,1260300.0
1658,2021-10-18 04:13:57,44100.0,20000.0,1260100.0
1659,2021-10-18 04:13:57,44100.0,100.0,1240100.0
1660,2021-10-18 04:13:57,44100.0,500.0,1240000.0
1661,2021-10-18 04:13:57,44100.0,1000.0,1239500.0
1662,2021-10-18 04:13:57,44100.0,100.0,1238500.0
1663,2021-10-18 04:13:57,44100.0,700.0,1238400.0
1664,2021-10-18 04:13:57,44100.0,500.0,1237700.0
1665,2021-10-18 04:13:57,44100.0,100.0,1237200.0
1666,2021-10-18 04:13:57,44100.0,5000.0,1237100.0
1667,2021-10-18 04:13:57,44100.0,500.0,1232100.0
1668,2021-10-18 04:13:57,44100.0,500.0,1231600.0
1669,2021-10-18 04:13:57,44100.0,100.0,1231100.0
1670,2021-10-18 04:13:57,44100.0,3000.0,1231000.0
1671,2021-10-18 04:13:57,44100.0,300.0,1228000.0
1672,2021-10-18 04:13:57,44100.0,1200.0,1227700.0
1673,2021-10-18 04:13:57,44100.0,100.0,1226500.0
1674,2021-10-18 04:13:57,44100.0,100.0,1226400.0
1675,2021-10-18 04:13:57,44100.0,700.0,1226300.0
1676,2021-10-18 04:13:57,44100.0,8600.0,1225600.0
1677,2021-10-18 04:13:57,44100.0,500.0,1217000.0
1678,2021-10-18 04:13:57,44100.0,600.0,1216500.0
1679,2021-10-18 04:13:57,44100.0,200.0,1215900.0
1680,2021-10-18 04:13:57,44100.0,100.0,1215700.0
1681,2021-10-18 04:13:57,44100.0,100.0,1215600.0
1682,2021-10-18 04:13:57,44100.0,100.0,1215500.0
1683,2021-10-18 04:13:57,44100.0,4300.0,1215400.0
1684,2021-10-18 04:13:49,44100.0,2000.0,1211100.0
1685,2021-10-18 04:13:45,44100.0,1000.0,1209100.0
1686,2021-10-18 04:13:45,44100.0,400.0,1208100.0
1687,2021-10-18 04:13:37,44100.0,1000.0,1207700.0
1688,2021-10-18 04:13:28,44100.0,1000.0,1206700.0
1689,2021-10-18 04:13:27,44100.0,300.0,1205700.0
1690,2021-10-18 04:13:27,44050.0,5000.0,1205400.0
1691,2021-10-18 04:13:26,44050.0,500.0,1200400.0
1692,2021-10-18 04:13:26,44050.0,1100.0,1199900.0
1693,2021-10-18 04:13:25,44050.0,200.0,1198800.0
1694,2021-10-18 04:13:20,44050.0,1000.0,1198600.0
1695,2021-10-18 04:13:17,44050.0,2700.0,1197600.0
1696,2021-10-18 04:13:17,44050.0,600.0,1194900.0
1697,2021-10-18 04:13:14,44000.0,200.0,1194300.0
1698,2021-10-18 04:13:14,44000.0,1000.0,1194100.0
1699,2021-10-18 04:13:14,44000.0,700.0,1193100.0
1700,2021-10-18 04:13:14,44000.0,100.0,1192400.0
1701,2021-10-18 04:13:09,44050.0,1400.0,1192300.0
1702,2021-10-18 04:13:08,44050.0,400.0,1190900.0
1703,2021-10-18 04:13:05,44050.0,2600.0,1190500.0
1704,2021-10-18 04:13:05,44050.0,400.0,1187900.0
1705,2021-10-18 04:13:05,44050.0,300.0,1187500.0
1706,2021-10-18 04:13:05,44050.0,6700.0,1187200.0
1707,2021-10-18 04:13:04,44050.0,2000.0,1180500.0
1708,2021-10-18 04:13:01,44050.0,500.0,1178500.0
1709,2021-10-18 04:12:59,44000.0,900.0,1178000.0
1710,2021-10-18 04:12:59,44000.0,4100.0,1177100.0
1711,2021-10-18 04:12:53,44050.0,800.0,1173000.0
1712,2021-10-18 04:12:53,44050.0,500.0,1172200.0
1713,2021-10-18 04:12:53,44050.0,300.0,1171700.0
1714,2021-10-18 04:12:53,44050.0,100.0,1171400.0
1715,2021-10-18 04:12:53,44050.0,5000.0,1171300.0
1716,2021-10-18 04:12:53,44050.0,4700.0,1166300.0
1717,2021-10-18 04:12:53,44050.0,100.0,1161600.0
1718,2021-10-18 04:12:53,44050.0,800.0,1161500.0
1719,2021-10-18 04:12:46,44050.0,400.0,1160700.0
1720,2021-10-18 04:12:45,44050.0,800.0,1160300.0
1721,2021-10-18 04:12:45,44050.0,1200.0,1159500.0
1722,2021-10-18 04:12:30,44000.0,100.0,1158300.0
1723,2021-10-18 04:12:29,44050.0,300.0,1158200.0
1724,2021-10-18 04:12:29,44050.0,200.0,1157900.0
1725,2021-10-18 04:12:27,44050.0,200.0,1157700.0
1726,2021-10-18 04:12:27,44050.0,1800.0,1157500.0
1727,2021-10-18 04:12:16,44000.0,2000.0,1155700.0
1728,2021-10-18 04:12:10,44050.0,300.0,1153700.0
1729,2021-10-18 04:11:52,44050.0,400.0,1153400.0
1730,2021-10-18 04:11:50,44000.0,3000.0,1153000.0
1731,2021-10-18 04:11:44,44050.0,100.0,1150000.0
1732,2021-10-18 04:11:40,44050.0,1100.0,1149900.0
1733,2021-10-18 04:11:29,44050.0,400.0,1148800.0
1734,2021-10-18 04:11:26,44050.0,900.0,1148400.0
1735,2021-10-18 04:11:26,44050.0,1100.0,1147500.0
1736,2021-10-18 04:11:12,44050.0,2500.0,1146400.0
1737,2021-10-18 04:11:11,44050.0,300.0,1143900.0
1738,2021-10-18 04:10:58,44050.0,400.0,1143600.0
1739,2021-10-18 04:10:58,44050.0,700.0,1143200.0
1740,2021-10-18 04:10:58,44050.0,5000.0,1142500.0
1741,2021-10-18 04:10:58,44050.0,1000.0,1137500.0
1742,2021-10-18 04:10:54,44000.0,800.0,1136500.0
1743,2021-10-18 04:10:44,44050.0,200.0,1135700.0
1744,2021-10-18 04:10:39,44050.0,2300.0,1135500.0
1745,2021-10-18 04:10:39,44050.0,1400.0,1133200.0
1746,2021-10-18 04:10:32,44050.0,500.0,1131800.0
1747,2021-10-18 04:10:31,44050.0,100.0,1131300.0
1748,2021-10-18 04:10:18,44050.0,200.0,1131200.0
1749,2021-10-18 04:10:10,44000.0,500.0,1131000.0
1750,2021-10-18 04:10:10,44000.0,1000.0,1130500.0
1751,2021-10-18 04:10:10,44000.0,100.0,1129500.0
1752,2021-10-18 04:10:10,44000.0,13700.0,1129400.0
1753,2021-10-18 04:10:02,44000.0,400.0,1115700.0
1754,2021-10-18 04:10:01,44000.0,3700.0,1115300.0
1755,2021-10-18 04:10:01,44000.0,100.0,1111600.0
1756,2021-10-18 04:10:01,44000.0,1000.0,1111500.0
1757,2021-10-18 04:10:01,44000.0,1000.0,1110500.0
1758,2021-10-18 04:10:01,44000.0,800.0,1109500.0
1759,2021-10-18 04:09:53,44000.0,500.0,1108700.0
1760,2021-10-18 04:09:49,44000.0,400.0,1108200.0
1761,2021-10-18 04:09:40,44000.0,2000.0,1107800.0
1762,2021-10-18 04:09:35,44000.0,400.0,1105800.0
1763,2021-10-18 04:09:31,44000.0,900.0,1105400.0
1764,2021-10-18 04:09:31,44000.0,100.0,1104500.0
1765,2021-10-18 04:09:31,44000.0,100.0,1104400.0
1766,2021-10-18 04:09:31,44000.0,500.0,1104300.0
1767,2021-10-18 04:09:31,44000.0,1500.0,1103800.0
1768,2021-10-18 04:09:31,44000.0,1900.0,1102300.0
1769,2021-10-18 04:09:25,44000.0,100.0,1100400.0
1770,2021-10-18 04:09:20,44000.0,300.0,1100300.0
1771,2021-10-18 04:09:16,44000.0,1000.0,1100000.0
1772,2021-10-18 04:09:06,44000.0,200.0,1099000.0
1773,2021-10-18 04:09:04,44000.0,500.0,1098800.0
1774,2021-10-18 04:08:52,44000.0,400.0,1098300.0
1775,2021-10-18 04:08:38,44000.0,400.0,1097900.0
1776,2021-10-18 04:08:28,43950.0,100.0,1097500.0
1777,2021-10-18 04:08:28,43950.0,100.0,1097400.0
1778,2021-10-18 04:08:23,44000.0,400.0,1097300.0
1779,2021-10-18 04:08:21,44000.0,500.0,1096900.0
1780,2021-10-18 04:08:20,44000.0,200.0,1096400.0
1781,2021-10-18 04:08:08,44000.0,400.0,1096200.0
1782,2021-10-18 04:08:07,44000.0,300.0,1095800.0
1783,2021-10-18 04:08:07,44000.0,300.0,1095500.0
1784,2021-10-18 04:08:07,44000.0,200.0,1095200.0
1785,2021-10-18 04:07:51,44000.0,300.0,1095000.0
1786,2021-10-18 04:07:47,44000.0,300.0,1094700.0
1787,2021-10-18 04:07:31,44000.0,100.0,1094400.0
1788,2021-10-18 04:07:31,44000.0,300.0,1094300.0
1789,2021-10-18 04:07:31,44000.0,400.0,1094000.0
1790,2021-10-18 04:07:11,44000.0,300.0,1093600.0
1791,2021-10-18 04:06:49,44000.0,200.0,1093300.0
1792,2021-10-18 04:06:49,44000.0,100.0,1093100.0
1793,2021-10-18 04:06:38,44000.0,200.0,1093000.0
1794,2021-10-18 04:06:29,44000.0,400.0,1092800.0
1795,2021-10-18 04:06:25,44000.0,100.0,1092400.0
1796,2021-10-18 04:06:12,44000.0,200.0,1092300.0
1797,2021-10-18 04:06:12,44000.0,300.0,1092100.0
1798,2021-10-18 04:05:51,44000.0,300.0,1091800.0
1799,2021-10-18 04:05:41,44000.0,700.0,1091500.0
1800,2021-10-18 04:05:41,44000.0,1000.0,1090800.0
1801,2021-10-18 04:05:41,44000.0,1000.0,1089800.0
1802,2021-10-18 04:05:41,44000.0,300.0,1088800.0
1803,2021-10-18 04:05:37,43950.0,800.0,1088500.0
1804,2021-10-18 04:05:07,43950.0,3000.0,1087700.0
1805,2021-10-18 04:05:01,43950.0,100.0,1084700.0
1806,2021-10-18 04:04:56,43950.0,100.0,1084600.0
1807,2021-10-18 04:04:56,43950.0,400.0,1084500.0
1808,2021-10-18 04:04:46,43950.0,600.0,1084100.0
1809,2021-10-18 04:04:38,43950.0,100.0,1083500.0
1810,2021-10-18 04:04:22,43950.0,900.0,1083400.0
1811,2021-10-18 04:04:19,43950.0,100.0,1082500.0
1812,2021-10-18 04:04:09,44000.0,2700.0,1082400.0
1813,2021-10-18 04:04:09,44000.0,900.0,1079700.0
1814,2021-10-18 04:04:09,44000.0,500.0,1078800.0
1815,2021-10-18 04:04:09,44000.0,5000.0,1078300.0
1816,2021-10-18 04:04:09,44000.0,100.0,1073300.0
1817,2021-10-18 04:04:09,44000.0,800.0,1073200.0
1818,2021-10-18 04:04:06,44000.0,100.0,1072400.0
1819,2021-10-18 04:04:06,44000.0,800.0,1072300.0
1820,2021-10-18 04:04:06,44000.0,500.0,1071500.0
1821,2021-10-18 04:04:06,44000.0,3000.0,1071000.0
1822,2021-10-18 04:04:06,44000.0,100.0,1068000.0
1823,2021-10-18 04:04:06,44000.0,200.0,1067900.0
1824,2021-10-18 04:04:06,44000.0,3000.0,1067700.0
1825,2021-10-18 04:04:06,44000.0,1000.0,1064700.0
1826,2021-10-18 04:04:06,44000.0,2000.0,1063700.0
1827,2021-10-18 04:04:06,44000.0,1000.0,1061700.0
1828,2021-10-18 04:04:06,44000.0,200.0,1060700.0
1829,2021-10-18 04:04:06,44000.0,100.0,1060500.0
1830,2021-10-18 04:04:06,44000.0,1000.0,1060400.0
1831,2021-10-18 04:04:06,44000.0,500.0,1059400.0
1832,2021-10-18 04:04:06,44000.0,200.0,1058900.0
1833,2021-10-18 04:04:06,44000.0,1000.0,1058700.0
1834,2021-10-18 04:04:06,44000.0,3000.0,1057700.0
1835,2021-10-18 04:04:06,44000.0,700.0,1054700.0
1836,2021-10-18 04:04:06,43950.0,1600.0,1054000.0
1837,2021-10-18 04:04:04,43950.0,1300.0,1052400.0
1838,2021-10-18 04:03:59,43950.0,300.0,1051100.0
1839,2021-10-18 04:03:58,43950.0,200.0,1050800.0
1840,2021-10-18 04:03:58,43950.0,500.0,1050600.0
1841,2021-10-18 04:03:58,43950.0,200.0,1050100.0
1842,2021-10-18 04:03:58,43950.0,100.0,1049900.0
1843,2021-10-18 04:03:58,43950.0,800.0,1049800.0
1844,2021-10-18 04:03:33,44000.0,400.0,1049000.0
1845,2021-10-18 04:03:13,44000.0,400.0,1048600.0
1846,2021-10-18 04:02:54,44000.0,400.0,1048200.0
1847,2021-10-18 04:02:43,44000.0,200.0,1047800.0
1848,2021-10-18 04:02:36,43950.0,500.0,1047600.0
1849,2021-10-18 04:02:36,44000.0,400.0,1047100.0
1850,2021-10-18 04:02:11,44000.0,400.0,1046700.0
1851,2021-10-18 04:02:02,43950.0,2500.0,1046300.0
1852,2021-10-18 04:01:53,43950.0,2300.0,1043800.0
1853,2021-10-18 04:01:52,44000.0,500.0,1041500.0
1854,2021-10-18 04:01:36,43950.0,500.0,1041000.0
1855,2021-10-18 04:01:35,43950.0,400.0,1040500.0
1856,2021-10-18 04:01:29,43950.0,1600.0,1040100.0
1857,2021-10-18 04:01:29,43950.0,500.0,1038500.0
1858,2021-10-18 04:01:29,43950.0,400.0,1038000.0
1859,2021-10-18 04:01:29,43950.0,300.0,1037600.0
1860,2021-10-18 04:01:29,43950.0,200.0,1037300.0
1861,2021-10-18 04:01:17,43950.0,400.0,1037100.0
1862,2021-10-18 04:00:49,43950.0,7600.0,1036700.0
1863,2021-10-18 04:00:28,43950.0,1800.0,1029100.0
1864,2021-10-18 04:00:28,43950.0,200.0,1027300.0
1865,2021-10-18 04:00:28,43950.0,1000.0,1027100.0
1866,2021-10-18 04:00:28,43950.0,5000.0,1026100.0
1867,2021-10-18 04:00:28,43950.0,500.0,1021100.0
1868,2021-10-18 04:00:28,43950.0,500.0,1020600.0
1869,2021-10-18 04:00:28,43950.0,200.0,1020100.0
1870,2021-10-18 04:00:28,43950.0,500.0,1019900.0
1871,2021-10-18 04:00:28,43950.0,5000.0,1019400.0
1872,2021-10-18 04:00:28,43950.0,1600.0,1014400.0
1873,2021-10-18 04:00:28,43950.0,3700.0,1012800.0
1874,2021-10-18 03:58:41,43950.0,1300.0,1009100.0
1875,2021-10-18 03:58:41,43950.0,700.0,1007800.0
1876,2021-10-18 03:58:26,43950.0,500.0,1007100.0
1877,2021-10-18 03:58:24,43950.0,800.0,1006600.0
1878,2021-10-18 03:58:24,43950.0,600.0,1005800.0
1879,2021-10-18 03:58:06,43950.0,1400.0,1005200.0
1880,2021-10-18 03:57:44,43950.0,200.0,1003800.0
1881,2021-10-18 03:57:37,43950.0,2800.0,1003600.0
1882,2021-10-18 03:57:37,43950.0,5000.0,1000800.0
1883,2021-10-18 03:57:37,43950.0,2200.0,995800.0
1884,2021-10-18 03:57:19,43900.0,2200.0,993600.0
1885,2021-10-18 03:57:19,43900.0,800.0,991400.0
1886,2021-10-18 03:57:15,43950.0,100.0,990600.0
1887,2021-10-18 03:56:40,43950.0,200.0,990500.0
1888,2021-10-18 03:56:11,43950.0,1000.0,990300.0
1889,2021-10-18 03:55:35,43950.0,1500.0,989300.0
1890,2021-10-18 03:55:35,43950.0,300.0,987800.0
1891,2021-10-18 03:55:35,43950.0,200.0,987500.0
1892,2021-10-18 03:54:33,43900.0,700.0,987300.0
1893,2021-10-18 03:54:33,43900.0,300.0,986600.0
1894,2021-10-18 03:54:32,43950.0,1200.0,986300.0
1895,2021-10-18 03:53:55,43900.0,200.0,985100.0
1896,2021-10-18 03:53:55,43900.0,4800.0,984900.0
1897,2021-10-18 03:53:22,43900.0,1000.0,980100.0
1898,2021-10-18 03:52:51,43950.0,200.0,979100.0
1899,2021-10-18 03:52:41,43950.0,500.0,978900.0
1900,2021-10-18 03:52:30,43950.0,1400.0,978400.0
1901,2021-10-18 03:51:44,43900.0,300.0,977000.0
1902,2021-10-18 03:51:43,43900.0,3900.0,976700.0
1903,2021-10-18 03:51:43,43900.0,1100.0,972800.0
1904,2021-10-18 03:51:07,43900.0,100.0,971700.0
1905,2021-10-18 03:50:55,43950.0,300.0,971600.0
1906,2021-10-18 03:50:48,43900.0,800.0,971300.0
1907,2021-10-18 03:50:48,43900.0,200.0,970500.0
1908,2021-10-18 03:50:48,43900.0,3000.0,970300.0
1909,2021-10-18 03:50:48,43900.0,1000.0,967300.0
1910,2021-10-18 03:50:32,43950.0,400.0,966300.0
1911,2021-10-18 03:49:15,43900.0,100.0,965900.0
1912,2021-10-18 03:49:15,43900.0,8900.0,965800.0
1913,2021-10-18 03:49:15,43900.0,400.0,956900.0
1914,2021-10-18 03:49:08,43900.0,500.0,956500.0
1915,2021-10-18 03:49:06,43900.0,3000.0,956000.0
1916,2021-10-18 03:48:58,43900.0,300.0,953000.0
1917,2021-10-18 03:48:27,43900.0,300.0,952700.0
1918,2021-10-18 03:48:24,43900.0,200.0,952400.0
1919,2021-10-18 03:48:07,43900.0,300.0,952200.0
1920,2021-10-18 03:47:52,43900.0,400.0,951900.0
1921,2021-10-18 03:47:46,43900.0,1400.0,951500.0
1922,2021-10-18 03:47:30,43900.0,200.0,950100.0
1923,2021-10-18 03:47:30,43900.0,700.0,949900.0
1924,2021-10-18 03:47:30,43900.0,5000.0,949200.0
1925,2021-10-18 03:47:30,43900.0,2000.0,944200.0
1926,2021-10-18 03:47:30,43900.0,600.0,942200.0
1927,2021-10-18 03:47:30,43900.0,100.0,941600.0
1928,2021-10-18 03:47:30,43900.0,5000.0,941500.0
1929,2021-10-18 03:47:30,43900.0,300.0,936500.0
1930,2021-10-18 03:47:30,43900.0,2000.0,936200.0
1931,2021-10-18 03:47:30,43900.0,500.0,934200.0
1932,2021-10-18 03:47:30,43900.0,2000.0,933700.0
1933,2021-10-18 03:47:30,43900.0,1500.0,931700.0
1934,2021-10-18 03:47:30,43900.0,500.0,930200.0
1935,2021-10-18 03:47:30,43900.0,100.0,929700.0
1936,2021-10-18 03:47:30,43900.0,1000.0,929600.0
1937,2021-10-18 03:47:30,43900.0,1000.0,928600.0
1938,2021-10-18 03:47:30,43900.0,300.0,927600.0
1939,2021-10-18 03:47:30,43900.0,500.0,927300.0
1940,2021-10-18 03:47:30,43900.0,300.0,926800.0
1941,2021-10-18 03:47:30,43900.0,1000.0,926500.0
1942,2021-10-18 03:47:30,43900.0,5000.0,925500.0
1943,2021-10-18 03:47:30,43900.0,1100.0,920500.0
1944,2021-10-18 03:47:30,43900.0,1000.0,919400.0
1945,2021-10-18 03:47:30,43900.0,1000.0,918400.0
1946,2021-10-18 03:47:30,43900.0,1600.0,917400.0
1947,2021-10-18 03:47:15,43900.0,100.0,915800.0
1948,2021-10-18 03:46:52,43900.0,300.0,915700.0
1949,2021-10-18 03:46:52,43900.0,100.0,915400.0
1950,2021-10-18 03:46:52,43900.0,300.0,915300.0
1951,2021-10-18 03:46:52,43900.0,300.0,915000.0
1952,2021-10-18 03:46:39,43900.0,5000.0,914700.0
1953,2021-10-18 03:45:47,43900.0,100.0,909700.0
1954,2021-10-18 03:45:25,43900.0,200.0,909600.0
1955,2021-10-18 03:45:25,43950.0,1800.0,909400.0
1956,2021-10-18 03:45:25,43950.0,700.0,907600.0
1957,2021-10-18 03:44:44,43950.0,1000.0,906900.0
1958,2021-10-18 03:44:28,43950.0,1400.0,905900.0
1959,2021-10-18 03:44:14,43950.0,300.0,904500.0
1960,2021-10-18 03:44:12,43950.0,5000.0,904200.0
1961,2021-10-18 03:43:36,43950.0,100.0,899200.0
1962,2021-10-18 03:43:36,43950.0,1500.0,899100.0
1963,2021-10-18 03:43:35,43950.0,800.0,897600.0
1964,2021-10-18 03:43:34,43950.0,400.0,896800.0
1965,2021-10-18 03:43:11,43950.0,100.0,896400.0
1966,2021-10-18 03:42:49,43950.0,100.0,896300.0
1967,2021-10-18 03:42:49,43950.0,100.0,896200.0
1968,2021-10-18 03:41:51,43950.0,600.0,896100.0
1969,2021-10-18 03:41:48,43950.0,1000.0,895500.0
1970,2021-10-18 03:41:48,43950.0,4400.0,894500.0
1971,2021-10-18 03:41:27,43950.0,100.0,890100.0
1972,2021-10-18 03:41:23,43950.0,5100.0,890000.0
1973,2021-10-18 03:40:55,43950.0,400.0,884900.0
1974,2021-10-18 03:40:55,43950.0,100.0,884500.0
1975,2021-10-18 03:40:55,43900.0,300.0,884400.0
1976,2021-10-18 03:40:18,43950.0,500.0,884100.0
1977,2021-10-18 03:40:11,43900.0,4100.0,883600.0
1978,2021-10-18 03:40:11,43900.0,100.0,879500.0
1979,2021-10-18 03:40:11,43900.0,5800.0,879400.0
1980,2021-10-18 03:40:00,43950.0,400.0,873600.0
1981,2021-10-18 03:39:45,43950.0,5000.0,873200.0
1982,2021-10-18 03:39:34,43950.0,700.0,868200.0
1983,2021-10-18 03:38:52,43950.0,2800.0,867500.0
1984,2021-10-18 03:38:21,43950.0,1000.0,864700.0
1985,2021-10-18 03:38:20,43950.0,100.0,863700.0
1986,2021-10-18 03:38:20,43950.0,400.0,863600.0
1987,2021-10-18 03:37:49,43950.0,1000.0,863200.0
1988,2021-10-18 03:37:40,43950.0,1000.0,862200.0
1989,2021-10-18 03:37:34,43950.0,300.0,861200.0
1990,2021-10-18 03:37:34,43950.0,2300.0,860900.0
1991,2021-10-18 03:37:27,43950.0,5000.0,858600.0
1992,2021-10-18 03:37:11,43950.0,2700.0,853600.0
1993,2021-10-18 03:37:11,43950.0,200.0,850900.0
1994,2021-10-18 03:37:11,43950.0,100.0,850700.0
1995,2021-10-18 03:37:08,43950.0,400.0,850600.0
1996,2021-10-18 03:37:08,43950.0,2000.0,850200.0
1997,2021-10-18 03:37:08,43950.0,500.0,848200.0
1998,2021-10-18 03:37:08,43950.0,100.0,847700.0
1999,2021-10-18 03:36:48,43950.0,2000.0,847600.0
2000,2021-10-18 03:36:22,43950.0,500.0,845600.0
2001,2021-10-18 03:36:14,43950.0,100.0,845100.0
2002,2021-10-18 03:35:54,43950.0,100.0,845000.0
2003,2021-10-18 03:35:40,43950.0,2300.0,844900.0
2004,2021-10-18 03:35:40,43950.0,500.0,842600.0
2005,2021-10-18 03:35:40,43950.0,200.0,842100.0
2006,2021-10-18 03:35:23,44000.0,100.0,841900.0
2007,2021-10-18 03:35:19,44000.0,6500.0,841800.0
2008,2021-10-18 03:35:19,44000.0,100.0,835300.0
2009,2021-10-18 03:35:19,44000.0,3400.0,835200.0
2010,2021-10-18 03:35:18,44000.0,100.0,831800.0
2011,2021-10-18 03:35:15,44000.0,1500.0,831700.0
2012,2021-10-18 03:35:15,44000.0,500.0,830200.0
2013,2021-10-18 03:35:01,44000.0,900.0,829700.0
2014,2021-10-18 03:34:16,44000.0,500.0,828800.0
2015,2021-10-18 03:34:11,43950.0,100.0,828300.0
2016,2021-10-18 03:33:31,44000.0,100.0,828200.0
2017,2021-10-18 03:33:31,44000.0,200.0,828100.0
2018,2021-10-18 03:33:31,44000.0,2800.0,827900.0
2019,2021-10-18 03:33:30,44000.0,1000.0,825100.0
2020,2021-10-18 03:33:28,44000.0,6200.0,824100.0
2021,2021-10-18 03:33:28,44000.0,1000.0,817900.0
2022,2021-10-18 03:33:28,44000.0,200.0,816900.0
2023,2021-10-18 03:33:28,44000.0,100.0,816700.0
2024,2021-10-18 03:33:28,44000.0,100.0,816600.0
2025,2021-10-18 03:33:28,44000.0,2400.0,816500.0
2026,2021-10-18 03:33:24,44000.0,500.0,814100.0
2027,2021-10-18 03:33:10,44050.0,200.0,813600.0
2028,2021-10-18 03:33:07,44050.0,2000.0,813400.0
2029,2021-10-18 03:33:02,44000.0,10000.0,811400.0
2030,2021-10-18 03:32:46,44050.0,600.0,801400.0
2031,2021-10-18 03:32:46,44050.0,200.0,800800.0
2032,2021-10-18 03:32:46,44050.0,100.0,800600.0
2033,2021-10-18 03:32:46,44050.0,700.0,800500.0
2034,2021-10-18 03:32:28,44050.0,100.0,799800.0
2035,2021-10-18 03:32:28,44050.0,200.0,799700.0
2036,2021-10-18 03:32:28,44050.0,200.0,799500.0
2037,2021-10-18 03:32:28,44050.0,500.0,799300.0
2038,2021-10-18 03:32:14,44050.0,500.0,798800.0
2039,2021-10-18 03:32:10,44050.0,1000.0,798300.0
2040,2021-10-18 03:32:00,44050.0,1000.0,797300.0
2041,2021-10-18 03:31:22,44050.0,200.0,796300.0
2042,2021-10-18 03:31:11,44050.0,1000.0,796100.0
2043,2021-10-18 03:31:11,44050.0,1000.0,795100.0
2044,2021-10-18 03:31:11,44050.0,2500.0,794100.0
2045,2021-10-18 03:31:11,44050.0,1000.0,791600.0
2046,2021-10-18 03:31:11,44050.0,500.0,790600.0
2047,2021-10-18 03:31:11,44050.0,3800.0,790100.0
2048,2021-10-18 03:30:45,44050.0,2700.0,786300.0
