,Time,Price,Volume_per_trade,Volume
0,2021-09-26 14:45:01,42000.0,900.0,2021400.0
1,2021-09-26 14:45:01,42000.0,2000.0,2020500.0
2,2021-09-26 14:45:01,42000.0,500.0,2018500.0
3,2021-09-26 14:45:01,42000.0,700.0,2018000.0
4,2021-09-26 14:45:01,42000.0,500.0,2017300.0
5,2021-09-26 14:45:01,42000.0,400.0,2016800.0
6,2021-09-26 14:45:01,42000.0,5000.0,2016400.0
7,2021-09-26 14:45:01,42000.0,4600.0,2011400.0
8,2021-09-26 14:45:01,42000.0,5400.0,2006800.0
9,2021-09-26 14:45:01,42000.0,800.0,2001400.0
10,2021-09-26 14:45:01,42000.0,2000.0,2000600.0
11,2021-09-26 14:45:01,42000.0,100.0,1998600.0
12,2021-09-26 14:45:01,42000.0,1000.0,1998500.0
13,2021-09-26 14:45:01,42000.0,700.0,1997500.0
14,2021-09-26 14:45:01,42000.0,300.0,1996800.0
15,2021-09-26 14:45:01,42000.0,100.0,1996500.0
16,2021-09-26 14:45:01,42000.0,500.0,1996400.0
17,2021-09-26 14:45:01,42000.0,200.0,1995900.0
18,2021-09-26 14:45:01,42000.0,2900.0,1995700.0
19,2021-09-26 14:45:01,42000.0,100.0,1992800.0
20,2021-09-26 14:45:01,42000.0,1000.0,1992700.0
21,2021-09-26 14:45:01,42000.0,10000.0,1991700.0
22,2021-09-26 14:45:01,42000.0,6000.0,1981700.0
23,2021-09-26 14:45:01,42000.0,4000.0,1975700.0
24,2021-09-26 14:45:01,42000.0,200.0,1971700.0
25,2021-09-26 14:45:01,42000.0,100.0,1971500.0
26,2021-09-26 14:45:01,42000.0,100.0,1971400.0
27,2021-09-26 14:45:01,42000.0,1000.0,1971300.0
28,2021-09-26 14:45:01,42000.0,5000.0,1970300.0
29,2021-09-26 14:45:01,42000.0,100.0,1965300.0
30,2021-09-26 14:45:01,42000.0,24900.0,1965200.0
31,2021-09-26 14:45:01,42000.0,5000.0,1940300.0
32,2021-09-26 14:45:01,42000.0,500.0,1935300.0
33,2021-09-26 14:45:01,42000.0,100.0,1934800.0
34,2021-09-26 14:45:01,42000.0,700.0,1934700.0
35,2021-09-26 14:45:01,42000.0,6600.0,1934000.0
36,2021-09-26 14:45:01,42000.0,100.0,1927400.0
37,2021-09-26 14:45:01,42000.0,2700.0,1927300.0
38,2021-09-26 14:45:01,42000.0,76000.0,1924600.0
39,2021-09-26 14:45:01,42000.0,12900.0,1848600.0
40,2021-09-26 14:45:01,42000.0,1800.0,1835700.0
41,2021-09-26 14:45:01,42000.0,200.0,1833900.0
42,2021-09-26 14:45:01,42000.0,800.0,1833700.0
43,2021-09-26 14:45:01,42000.0,400.0,1832900.0
44,2021-09-26 14:45:01,42000.0,100.0,1832500.0
45,2021-09-26 14:45:01,42000.0,100.0,1832400.0
46,2021-09-26 14:29:28,42050.0,100.0,1832300.0
47,2021-09-26 14:29:28,42050.0,200.0,1832200.0
48,2021-09-26 14:29:28,42050.0,100.0,1832000.0
49,2021-09-26 14:28:54,42100.0,1000.0,1831900.0
50,2021-09-26 14:28:54,42100.0,400.0,1830900.0
51,2021-09-26 14:28:40,42050.0,300.0,1830500.0
52,2021-09-26 14:27:12,42100.0,100.0,1830200.0
53,2021-09-26 14:27:12,42100.0,200.0,1830100.0
54,2021-09-26 14:27:12,42100.0,100.0,1829900.0
55,2021-09-26 14:27:12,42100.0,1500.0,1829800.0
56,2021-09-26 14:27:12,42100.0,3000.0,1828300.0
57,2021-09-26 14:27:12,42100.0,100.0,1825300.0
58,2021-09-26 14:27:12,42100.0,200.0,1825200.0
59,2021-09-26 14:27:12,42100.0,500.0,1825000.0
60,2021-09-26 14:27:12,42100.0,500.0,1824500.0
61,2021-09-26 14:27:12,42100.0,400.0,1824000.0
62,2021-09-26 14:27:12,42100.0,100.0,1823600.0
63,2021-09-26 14:27:12,42100.0,1000.0,1823500.0
64,2021-09-26 14:27:12,42100.0,600.0,1822500.0
65,2021-09-26 14:27:12,42100.0,100.0,1821900.0
66,2021-09-26 14:27:12,42100.0,500.0,1821800.0
67,2021-09-26 14:27:12,42100.0,67800.0,1821300.0
68,2021-09-26 14:27:12,42050.0,300.0,1753500.0
69,2021-09-26 14:27:12,42050.0,100.0,1753200.0
70,2021-09-26 14:27:12,42050.0,200.0,1753100.0
71,2021-09-26 14:27:12,42050.0,2500.0,1752900.0
72,2021-09-26 14:27:12,42050.0,100.0,1750400.0
73,2021-09-26 14:27:12,42050.0,100.0,1750300.0
74,2021-09-26 14:27:02,42050.0,400.0,1750200.0
75,2021-09-26 14:26:30,42050.0,500.0,1749800.0
76,2021-09-26 14:26:30,42050.0,1000.0,1749300.0
77,2021-09-26 14:26:14,42050.0,5000.0,1748300.0
78,2021-09-26 14:25:39,42050.0,200.0,1743300.0
79,2021-09-26 14:25:24,42050.0,700.0,1743100.0
80,2021-09-26 14:25:12,42050.0,100.0,1742400.0
81,2021-09-26 14:25:10,42100.0,200.0,1742300.0
82,2021-09-26 14:25:10,42100.0,200.0,1742100.0
83,2021-09-26 14:25:04,42050.0,200.0,1741900.0
84,2021-09-26 14:24:47,42050.0,900.0,1741700.0
85,2021-09-26 14:24:47,42050.0,1000.0,1740800.0
86,2021-09-26 14:24:47,42050.0,300.0,1739800.0
87,2021-09-26 14:24:47,42050.0,300.0,1739500.0
88,2021-09-26 14:24:09,42050.0,200.0,1739200.0
89,2021-09-26 14:23:19,42100.0,300.0,1739000.0
90,2021-09-26 14:23:08,42050.0,5000.0,1738700.0
91,2021-09-26 14:23:04,42050.0,200.0,1733700.0
92,2021-09-26 14:22:59,42050.0,2500.0,1733500.0
93,2021-09-26 14:22:51,42050.0,400.0,1731000.0
94,2021-09-26 14:22:29,42050.0,500.0,1730600.0
95,2021-09-26 14:22:20,42050.0,2000.0,1730100.0
96,2021-09-26 14:22:19,42050.0,4700.0,1728100.0
97,2021-09-26 14:22:19,42050.0,4200.0,1723400.0
98,2021-09-26 14:22:15,42000.0,500.0,1719200.0
99,2021-09-26 14:22:10,42050.0,800.0,1718700.0
100,2021-09-26 14:21:54,42000.0,100.0,1717900.0
101,2021-09-26 14:21:49,42050.0,1000.0,1717800.0
102,2021-09-26 14:21:49,42050.0,10000.0,1716800.0
103,2021-09-26 14:21:49,42050.0,3300.0,1706800.0
104,2021-09-26 14:21:47,42050.0,5000.0,1703500.0
105,2021-09-26 14:20:52,42050.0,1700.0,1698500.0
106,2021-09-26 14:20:47,42050.0,100.0,1696800.0
107,2021-09-26 14:20:47,42050.0,300.0,1696700.0
108,2021-09-26 14:20:47,42050.0,100.0,1696400.0
109,2021-09-26 14:20:47,42050.0,300.0,1696300.0
110,2021-09-26 14:20:47,42050.0,7500.0,1696000.0
111,2021-09-26 14:20:42,42050.0,400.0,1688500.0
112,2021-09-26 14:20:37,42050.0,300.0,1688100.0
113,2021-09-26 14:20:26,42050.0,200.0,1687800.0
114,2021-09-26 14:20:19,42050.0,200.0,1687600.0
115,2021-09-26 14:20:17,42050.0,500.0,1687400.0
116,2021-09-26 14:20:14,42050.0,900.0,1686900.0
117,2021-09-26 14:20:14,42050.0,100.0,1686000.0
118,2021-09-26 14:20:14,42050.0,500.0,1685900.0
119,2021-09-26 14:20:08,42050.0,9400.0,1685400.0
120,2021-09-26 14:20:08,42050.0,600.0,1676000.0
121,2021-09-26 14:19:46,42050.0,200.0,1675400.0
122,2021-09-26 14:19:35,42050.0,300.0,1675200.0
123,2021-09-26 14:19:27,42050.0,100.0,1674900.0
124,2021-09-26 14:19:24,42050.0,200.0,1674800.0
125,2021-09-26 14:19:24,42050.0,700.0,1674600.0
126,2021-09-26 14:19:24,42050.0,300.0,1673900.0
127,2021-09-26 14:19:23,42000.0,1000.0,1673600.0
128,2021-09-26 14:19:22,42050.0,1000.0,1672600.0
129,2021-09-26 14:19:20,42050.0,1000.0,1671600.0
130,2021-09-26 14:19:17,42050.0,1000.0,1670600.0
131,2021-09-26 14:19:14,42050.0,1000.0,1669600.0
132,2021-09-26 14:19:11,42050.0,700.0,1668600.0
133,2021-09-26 14:19:11,42050.0,300.0,1667900.0
134,2021-09-26 14:19:09,42000.0,1300.0,1667600.0
135,2021-09-26 14:19:09,42000.0,700.0,1666300.0
136,2021-09-26 14:19:07,42050.0,1000.0,1665600.0
137,2021-09-26 14:19:06,42050.0,10000.0,1664600.0
138,2021-09-26 14:19:03,42050.0,1000.0,1654600.0
139,2021-09-26 14:19:00,42050.0,1000.0,1653600.0
140,2021-09-26 14:18:57,42050.0,400.0,1652600.0
141,2021-09-26 14:18:53,42050.0,400.0,1652200.0
142,2021-09-26 14:18:50,42050.0,400.0,1651800.0
143,2021-09-26 14:18:47,42000.0,500.0,1651400.0
144,2021-09-26 14:18:47,42050.0,400.0,1650900.0
145,2021-09-26 14:18:25,42000.0,1000.0,1650500.0
146,2021-09-26 14:18:06,42000.0,500.0,1649500.0
147,2021-09-26 14:17:55,42050.0,1000.0,1649000.0
148,2021-09-26 14:17:55,42050.0,4100.0,1648000.0
149,2021-09-26 14:17:54,42050.0,200.0,1643900.0
150,2021-09-26 14:17:30,42050.0,100.0,1643700.0
151,2021-09-26 14:17:30,42050.0,1000.0,1643600.0
152,2021-09-26 14:17:20,42050.0,1000.0,1642600.0
153,2021-09-26 14:17:20,42050.0,100.0,1641600.0
154,2021-09-26 14:17:20,42050.0,1000.0,1641500.0
155,2021-09-26 14:17:20,42050.0,5000.0,1640500.0
156,2021-09-26 14:17:20,42050.0,100.0,1635500.0
157,2021-09-26 14:17:20,42050.0,37400.0,1635400.0
158,2021-09-26 14:16:40,42050.0,200.0,1598000.0
159,2021-09-26 14:16:12,42050.0,100.0,1597800.0
160,2021-09-26 14:16:12,42050.0,1000.0,1597700.0
161,2021-09-26 14:16:12,42050.0,11300.0,1596700.0
162,2021-09-26 14:15:53,42050.0,5000.0,1585400.0
163,2021-09-26 14:15:47,42050.0,500.0,1580400.0
164,2021-09-26 14:15:41,42050.0,2800.0,1579900.0
165,2021-09-26 14:15:32,42050.0,400.0,1577100.0
166,2021-09-26 14:14:57,42000.0,500.0,1576700.0
167,2021-09-26 14:14:56,42100.0,300.0,1576200.0
168,2021-09-26 14:14:47,42100.0,200.0,1575900.0
169,2021-09-26 14:14:47,42050.0,800.0,1575700.0
170,2021-09-26 14:14:47,42050.0,100.0,1574900.0
171,2021-09-26 14:14:47,42050.0,2100.0,1574800.0
172,2021-09-26 14:14:45,42050.0,100.0,1572700.0
173,2021-09-26 14:14:15,42050.0,2300.0,1572600.0
174,2021-09-26 14:14:11,42050.0,1000.0,1570300.0
175,2021-09-26 14:14:06,42050.0,600.0,1569300.0
176,2021-09-26 14:14:00,42050.0,200.0,1568700.0
177,2021-09-26 14:13:48,42050.0,100.0,1568500.0
178,2021-09-26 14:13:45,42050.0,200.0,1568400.0
179,2021-09-26 14:13:45,42050.0,2000.0,1568200.0
180,2021-09-26 14:13:45,42050.0,10000.0,1566200.0
181,2021-09-26 14:13:45,42050.0,500.0,1556200.0
182,2021-09-26 14:13:45,42050.0,100.0,1555700.0
183,2021-09-26 14:13:45,42050.0,800.0,1555600.0
184,2021-09-26 14:13:27,42000.0,500.0,1554800.0
185,2021-09-26 14:13:13,42050.0,200.0,1554300.0
186,2021-09-26 14:13:08,42050.0,200.0,1554100.0
187,2021-09-26 14:12:48,42050.0,100.0,1553900.0
188,2021-09-26 14:12:41,42050.0,5000.0,1553800.0
189,2021-09-26 14:12:40,42050.0,1000.0,1548800.0
190,2021-09-26 14:12:40,42050.0,1000.0,1547800.0
191,2021-09-26 14:12:40,42050.0,1000.0,1546800.0
192,2021-09-26 14:12:40,42050.0,300.0,1545800.0
193,2021-09-26 14:12:40,42050.0,1000.0,1545500.0
194,2021-09-26 14:12:40,42050.0,1000.0,1544500.0
195,2021-09-26 14:12:40,42050.0,1000.0,1543500.0
196,2021-09-26 14:12:40,42050.0,8600.0,1542500.0
197,2021-09-26 14:12:26,42000.0,1000.0,1533900.0
198,2021-09-26 14:12:22,42000.0,900.0,1532900.0
199,2021-09-26 14:11:29,42050.0,200.0,1532000.0
200,2021-09-26 14:10:57,42050.0,200.0,1531800.0
201,2021-09-26 14:10:57,42050.0,300.0,1531600.0
202,2021-09-26 14:10:57,42050.0,200.0,1531300.0
203,2021-09-26 14:10:57,42050.0,800.0,1531100.0
204,2021-09-26 14:10:57,42050.0,23500.0,1530300.0
205,2021-09-26 14:10:32,42000.0,4300.0,1506800.0
206,2021-09-26 14:10:15,42000.0,100.0,1502500.0
207,2021-09-26 14:10:15,42000.0,200.0,1502400.0
208,2021-09-26 14:10:10,42000.0,1000.0,1502200.0
209,2021-09-26 14:10:08,42000.0,100.0,1501200.0
210,2021-09-26 14:10:05,42000.0,700.0,1501100.0
211,2021-09-26 14:10:05,42000.0,100.0,1500400.0
212,2021-09-26 14:10:05,42000.0,200.0,1500300.0
213,2021-09-26 14:09:46,42050.0,300.0,1500100.0
214,2021-09-26 14:09:44,42050.0,2000.0,1499800.0
215,2021-09-26 14:09:37,42000.0,1000.0,1497800.0
216,2021-09-26 14:09:37,42000.0,300.0,1496800.0
217,2021-09-26 14:09:37,42000.0,1300.0,1496500.0
218,2021-09-26 14:09:33,42050.0,10000.0,1495200.0
219,2021-09-26 14:09:33,42050.0,500.0,1485200.0
220,2021-09-26 14:09:33,42050.0,2700.0,1484700.0
221,2021-09-26 14:09:15,42050.0,3000.0,1482000.0
222,2021-09-26 14:09:05,42050.0,2600.0,1479000.0
223,2021-09-26 14:09:03,42050.0,1700.0,1476400.0
224,2021-09-26 14:09:03,42050.0,3300.0,1474700.0
225,2021-09-26 14:08:53,42050.0,1000.0,1471400.0
226,2021-09-26 14:08:48,42050.0,700.0,1470400.0
227,2021-09-26 14:08:48,42050.0,1800.0,1469700.0
228,2021-09-26 14:08:48,42050.0,300.0,1467900.0
229,2021-09-26 14:08:48,42050.0,500.0,1467600.0
230,2021-09-26 14:08:48,42050.0,2400.0,1467100.0
231,2021-09-26 14:08:42,42000.0,500.0,1464700.0
232,2021-09-26 14:08:42,42000.0,3000.0,1464200.0
233,2021-09-26 14:08:38,42000.0,3000.0,1461200.0
234,2021-09-26 14:08:35,42000.0,1000.0,1458200.0
235,2021-09-26 14:08:30,42000.0,1200.0,1457200.0
236,2021-09-26 14:08:30,42000.0,100.0,1456000.0
237,2021-09-26 14:08:30,42000.0,500.0,1455900.0
238,2021-09-26 14:08:30,42000.0,400.0,1455400.0
239,2021-09-26 14:08:30,42000.0,100.0,1455000.0
240,2021-09-26 14:08:30,42000.0,200.0,1454900.0
241,2021-09-26 14:08:30,42000.0,100.0,1454700.0
242,2021-09-26 14:08:08,42000.0,4900.0,1454600.0
243,2021-09-26 14:08:08,42000.0,2100.0,1449700.0
244,2021-09-26 14:08:02,42050.0,200.0,1447600.0
245,2021-09-26 14:07:27,42050.0,400.0,1447400.0
246,2021-09-26 14:07:27,42050.0,9200.0,1447000.0
247,2021-09-26 14:07:20,42050.0,800.0,1437800.0
248,2021-09-26 14:07:20,42050.0,1100.0,1437000.0
249,2021-09-26 14:07:20,42050.0,300.0,1435900.0
250,2021-09-26 14:07:20,42050.0,100.0,1435600.0
251,2021-09-26 14:07:20,42050.0,2700.0,1435500.0
252,2021-09-26 14:06:52,42050.0,6700.0,1432800.0
253,2021-09-26 14:06:07,42050.0,600.0,1426100.0
254,2021-09-26 14:06:07,42050.0,400.0,1425500.0
255,2021-09-26 14:05:51,42050.0,5000.0,1425100.0
256,2021-09-26 14:05:27,42050.0,500.0,1420100.0
257,2021-09-26 14:05:23,42050.0,100.0,1419600.0
258,2021-09-26 14:05:23,42050.0,100.0,1419500.0
259,2021-09-26 14:05:23,42050.0,1000.0,1419400.0
260,2021-09-26 14:05:23,42050.0,100.0,1418400.0
261,2021-09-26 14:05:23,42050.0,12800.0,1418300.0
262,2021-09-26 14:04:35,42050.0,200.0,1405500.0
263,2021-09-26 14:03:32,42050.0,1000.0,1405300.0
264,2021-09-26 14:03:00,42050.0,1000.0,1404300.0
265,2021-09-26 14:02:56,42050.0,300.0,1403300.0
266,2021-09-26 14:02:56,42050.0,1300.0,1403000.0
267,2021-09-26 14:02:56,42050.0,200.0,1401700.0
268,2021-09-26 14:02:56,42050.0,3200.0,1401500.0
269,2021-09-26 14:02:37,42050.0,10000.0,1398300.0
270,2021-09-26 14:02:34,42050.0,200.0,1388300.0
271,2021-09-26 14:02:20,42050.0,100.0,1388100.0
272,2021-09-26 14:02:07,42050.0,2800.0,1388000.0
273,2021-09-26 14:01:32,42050.0,1000.0,1385200.0
274,2021-09-26 14:01:31,42050.0,1000.0,1384200.0
275,2021-09-26 14:01:30,42050.0,1000.0,1383200.0
276,2021-09-26 14:00:36,42050.0,300.0,1382200.0
277,2021-09-26 14:00:36,42050.0,100.0,1381900.0
278,2021-09-26 14:00:36,42050.0,300.0,1381800.0
279,2021-09-26 14:00:34,42050.0,700.0,1381500.0
280,2021-09-26 14:00:34,42050.0,19300.0,1380800.0
281,2021-09-26 13:59:24,42050.0,200.0,1361500.0
282,2021-09-26 13:58:26,42050.0,500.0,1361300.0
283,2021-09-26 13:58:11,42050.0,1000.0,1360800.0
284,2021-09-26 13:58:11,42050.0,100.0,1359800.0
285,2021-09-26 13:58:11,42050.0,200.0,1359700.0
286,2021-09-26 13:57:51,42000.0,2000.0,1359500.0
287,2021-09-26 13:57:41,42050.0,300.0,1357500.0
288,2021-09-26 13:57:01,42050.0,200.0,1357200.0
289,2021-09-26 13:55:57,42050.0,200.0,1357000.0
290,2021-09-26 13:55:26,42050.0,400.0,1356800.0
291,2021-09-26 13:55:18,42050.0,100.0,1356400.0
292,2021-09-26 13:55:05,42050.0,100.0,1356300.0
293,2021-09-26 13:55:05,42050.0,300.0,1356200.0
294,2021-09-26 13:55:05,42050.0,200.0,1355900.0
295,2021-09-26 13:55:05,42050.0,200.0,1355700.0
296,2021-09-26 13:55:05,42050.0,10000.0,1355500.0
297,2021-09-26 13:55:05,42050.0,7800.0,1345500.0
298,2021-09-26 13:53:52,42050.0,500.0,1337700.0
299,2021-09-26 13:53:38,42050.0,300.0,1337200.0
300,2021-09-26 13:52:38,42050.0,400.0,1336900.0
301,2021-09-26 13:52:34,42050.0,500.0,1336500.0
302,2021-09-26 13:52:18,42050.0,500.0,1336000.0
303,2021-09-26 13:52:14,42050.0,1000.0,1335500.0
304,2021-09-26 13:52:04,42000.0,100.0,1334500.0
305,2021-09-26 13:51:58,42050.0,1000.0,1334400.0
306,2021-09-26 13:51:43,42050.0,300.0,1333400.0
307,2021-09-26 13:51:00,42050.0,200.0,1333100.0
308,2021-09-26 13:50:47,42050.0,200.0,1332900.0
309,2021-09-26 13:50:42,42050.0,100.0,1332700.0
310,2021-09-26 13:50:25,42050.0,200.0,1332600.0
311,2021-09-26 13:50:25,42050.0,1000.0,1332400.0
312,2021-09-26 13:50:25,42050.0,100.0,1331400.0
313,2021-09-26 13:50:25,42050.0,400.0,1331300.0
314,2021-09-26 13:50:18,42050.0,100.0,1330900.0
315,2021-09-26 13:50:18,42050.0,200.0,1330800.0
316,2021-09-26 13:50:18,42050.0,100.0,1330600.0
317,2021-09-26 13:50:18,42050.0,9600.0,1330500.0
318,2021-09-26 13:49:03,42100.0,300.0,1320900.0
319,2021-09-26 13:48:36,42100.0,100.0,1320600.0
320,2021-09-26 13:48:33,42050.0,100.0,1320500.0
321,2021-09-26 13:48:27,42050.0,300.0,1320400.0
322,2021-09-26 13:47:19,42050.0,1000.0,1320100.0
323,2021-09-26 13:47:18,42100.0,300.0,1319100.0
324,2021-09-26 13:46:58,42100.0,300.0,1318800.0
325,2021-09-26 13:46:58,42100.0,3700.0,1318500.0
326,2021-09-26 13:46:57,42100.0,5000.0,1314800.0
327,2021-09-26 13:46:51,42100.0,200.0,1309800.0
328,2021-09-26 13:46:45,42100.0,400.0,1309600.0
329,2021-09-26 13:46:43,42100.0,700.0,1309200.0
330,2021-09-26 13:46:39,42100.0,700.0,1308500.0
331,2021-09-26 13:46:26,42100.0,2000.0,1307800.0
332,2021-09-26 13:45:26,42100.0,100.0,1305800.0
333,2021-09-26 13:45:26,42100.0,2000.0,1305700.0
334,2021-09-26 13:45:26,42100.0,2000.0,1303700.0
335,2021-09-26 13:45:26,42100.0,1000.0,1301700.0
336,2021-09-26 13:45:26,42100.0,1000.0,1300700.0
337,2021-09-26 13:45:26,42100.0,1200.0,1299700.0
338,2021-09-26 13:43:53,42100.0,200.0,1298500.0
339,2021-09-26 13:43:17,42100.0,500.0,1298300.0
340,2021-09-26 13:43:05,42050.0,14000.0,1297800.0
341,2021-09-26 13:43:05,42050.0,1000.0,1283800.0
342,2021-09-26 13:42:58,42100.0,200.0,1282800.0
343,2021-09-26 13:42:52,42100.0,100.0,1282600.0
344,2021-09-26 13:42:52,42100.0,300.0,1282500.0
345,2021-09-26 13:42:52,42100.0,2000.0,1282200.0
346,2021-09-26 13:42:45,42100.0,300.0,1280200.0
347,2021-09-26 13:42:36,42100.0,500.0,1279900.0
348,2021-09-26 13:42:30,42100.0,100.0,1279400.0
349,2021-09-26 13:42:27,42100.0,7100.0,1279300.0
350,2021-09-26 13:42:27,42100.0,2900.0,1272200.0
351,2021-09-26 13:42:25,42100.0,400.0,1269300.0
352,2021-09-26 13:41:01,42100.0,11700.0,1268900.0
353,2021-09-26 13:40:53,42100.0,1200.0,1257200.0
354,2021-09-26 13:40:53,42100.0,300.0,1256000.0
355,2021-09-26 13:40:53,42100.0,8000.0,1255700.0
356,2021-09-26 13:40:53,42100.0,200.0,1247700.0
357,2021-09-26 13:40:53,42100.0,8600.0,1247500.0
358,2021-09-26 13:40:26,42150.0,200.0,1238900.0
359,2021-09-26 13:39:57,42150.0,1000.0,1238700.0
360,2021-09-26 13:39:43,42150.0,200.0,1237700.0
361,2021-09-26 13:38:43,42100.0,200.0,1237500.0
362,2021-09-26 13:38:26,42100.0,500.0,1237300.0
363,2021-09-26 13:38:26,42100.0,700.0,1236800.0
364,2021-09-26 13:38:13,42100.0,300.0,1236100.0
365,2021-09-26 13:38:13,42100.0,1000.0,1235800.0
366,2021-09-26 13:38:13,42100.0,2000.0,1234800.0
367,2021-09-26 13:38:06,42100.0,1000.0,1232800.0
368,2021-09-26 13:38:04,42100.0,500.0,1231800.0
369,2021-09-26 13:37:38,42100.0,5000.0,1231300.0
370,2021-09-26 13:37:37,42150.0,1000.0,1226300.0
371,2021-09-26 13:37:21,42100.0,1500.0,1225300.0
372,2021-09-26 13:37:21,42100.0,1000.0,1223800.0
373,2021-09-26 13:37:21,42100.0,100.0,1222800.0
374,2021-09-26 13:37:21,42100.0,100.0,1222700.0
375,2021-09-26 13:37:21,42100.0,3300.0,1222600.0
376,2021-09-26 13:37:17,42150.0,2000.0,1219300.0
377,2021-09-26 13:36:07,42100.0,2800.0,1217300.0
378,2021-09-26 13:35:56,42150.0,500.0,1214500.0
379,2021-09-26 13:35:48,42150.0,1000.0,1214000.0
380,2021-09-26 13:35:45,42150.0,2800.0,1213000.0
381,2021-09-26 13:35:37,42150.0,2000.0,1210200.0
382,2021-09-26 13:35:22,42150.0,500.0,1208200.0
383,2021-09-26 13:35:22,42150.0,2000.0,1207700.0
384,2021-09-26 13:35:22,42150.0,600.0,1205700.0
385,2021-09-26 13:35:22,42150.0,600.0,1205100.0
386,2021-09-26 13:35:19,42100.0,1000.0,1204500.0
387,2021-09-26 13:35:15,42150.0,200.0,1203500.0
388,2021-09-26 13:34:18,42150.0,4200.0,1203300.0
389,2021-09-26 13:34:10,42150.0,2800.0,1199100.0
390,2021-09-26 13:34:09,42150.0,3000.0,1196300.0
391,2021-09-26 13:34:01,42150.0,10000.0,1193300.0
392,2021-09-26 13:33:34,42150.0,200.0,1183300.0
393,2021-09-26 13:33:34,42150.0,100.0,1183100.0
394,2021-09-26 13:33:34,42150.0,9900.0,1183000.0
395,2021-09-26 13:33:31,42150.0,100.0,1173100.0
396,2021-09-26 13:33:31,42150.0,2700.0,1173000.0
397,2021-09-26 13:33:26,42150.0,1000.0,1170300.0
398,2021-09-26 13:33:09,42150.0,200.0,1169300.0
399,2021-09-26 13:33:01,42150.0,2800.0,1169100.0
400,2021-09-26 13:32:45,42150.0,500.0,1166300.0
401,2021-09-26 13:32:43,42150.0,500.0,1165800.0
402,2021-09-26 13:32:40,42150.0,1000.0,1165300.0
403,2021-09-26 13:32:37,42150.0,3500.0,1164300.0
404,2021-09-26 13:32:37,42150.0,1000.0,1160800.0
405,2021-09-26 13:32:37,42150.0,4300.0,1159800.0
406,2021-09-26 13:32:35,42100.0,1000.0,1155500.0
407,2021-09-26 13:32:22,42100.0,1900.0,1154500.0
408,2021-09-26 13:32:22,42100.0,900.0,1152600.0
409,2021-09-26 13:32:07,42100.0,1000.0,1151700.0
410,2021-09-26 13:31:56,42100.0,2800.0,1150700.0
411,2021-09-26 13:31:48,42150.0,200.0,1147900.0
412,2021-09-26 13:31:29,42150.0,2000.0,1147700.0
413,2021-09-26 13:31:29,42150.0,2500.0,1145700.0
414,2021-09-26 13:31:22,42150.0,2500.0,1143200.0
415,2021-09-26 13:31:22,42150.0,300.0,1140700.0
416,2021-09-26 13:31:17,42150.0,400.0,1140400.0
417,2021-09-26 13:30:56,42150.0,1000.0,1140000.0
418,2021-09-26 13:30:56,42150.0,2800.0,1139000.0
419,2021-09-26 13:30:39,42150.0,200.0,1136200.0
420,2021-09-26 13:30:31,42150.0,600.0,1136000.0
421,2021-09-26 13:30:31,42150.0,4400.0,1135400.0
422,2021-09-26 13:30:20,42150.0,600.0,1131000.0
423,2021-09-26 13:30:20,42150.0,2200.0,1130400.0
424,2021-09-26 13:30:09,42150.0,1700.0,1128200.0
425,2021-09-26 13:30:06,42150.0,100.0,1126500.0
426,2021-09-26 13:29:56,42150.0,1000.0,1126400.0
427,2021-09-26 13:29:51,42150.0,2800.0,1125400.0
428,2021-09-26 13:29:21,42150.0,2200.0,1122600.0
429,2021-09-26 13:29:21,42200.0,600.0,1120400.0
430,2021-09-26 13:29:10,42200.0,100.0,1119800.0
431,2021-09-26 13:28:59,42200.0,1700.0,1119700.0
432,2021-09-26 13:28:58,42200.0,1000.0,1118000.0
433,2021-09-26 13:28:58,42200.0,100.0,1117000.0
434,2021-09-26 13:28:58,42200.0,2000.0,1116900.0
435,2021-09-26 13:28:58,42200.0,200.0,1114900.0
436,2021-09-26 13:28:43,42200.0,200.0,1114700.0
437,2021-09-26 13:28:43,42200.0,1300.0,1114500.0
438,2021-09-26 13:28:26,42200.0,8700.0,1113200.0
439,2021-09-26 13:28:26,42200.0,6300.0,1104500.0
440,2021-09-26 13:28:25,42200.0,2800.0,1098200.0
441,2021-09-26 13:27:53,42200.0,900.0,1095400.0
442,2021-09-26 13:27:53,42200.0,600.0,1094500.0
443,2021-09-26 13:27:50,42200.0,400.0,1093900.0
444,2021-09-26 13:27:50,42200.0,100.0,1093500.0
445,2021-09-26 13:27:47,42200.0,100.0,1093400.0
446,2021-09-26 13:27:37,42200.0,800.0,1093300.0
447,2021-09-26 13:27:37,42200.0,200.0,1092500.0
448,2021-09-26 13:27:37,42200.0,900.0,1092300.0
449,2021-09-26 13:27:22,42200.0,4100.0,1091400.0
450,2021-09-26 13:27:22,42200.0,900.0,1087300.0
451,2021-09-26 13:26:44,42200.0,4100.0,1086400.0
452,2021-09-26 13:26:44,42200.0,300.0,1082300.0
453,2021-09-26 13:26:44,42200.0,100.0,1082000.0
454,2021-09-26 13:26:44,42200.0,300.0,1081900.0
455,2021-09-26 13:26:44,42200.0,1400.0,1081600.0
456,2021-09-26 13:26:44,42250.0,200.0,1080200.0
457,2021-09-26 13:26:44,42250.0,3600.0,1080000.0
458,2021-09-26 13:26:41,42250.0,200.0,1076400.0
459,2021-09-26 13:26:36,42250.0,6200.0,1076200.0
460,2021-09-26 13:26:36,42250.0,800.0,1070000.0
461,2021-09-26 13:26:31,42250.0,8000.0,1069200.0
462,2021-09-26 13:26:23,42250.0,1200.0,1061200.0
463,2021-09-26 13:26:23,42250.0,8800.0,1060000.0
464,2021-09-26 13:26:10,42250.0,1200.0,1051200.0
465,2021-09-26 13:26:03,42200.0,1700.0,1050000.0
466,2021-09-26 13:25:44,42250.0,1800.0,1048300.0
467,2021-09-26 13:25:44,42250.0,200.0,1046500.0
468,2021-09-26 13:25:35,42250.0,500.0,1046300.0
469,2021-09-26 13:25:29,42250.0,1000.0,1045800.0
470,2021-09-26 13:25:29,42250.0,200.0,1044800.0
471,2021-09-26 13:25:29,42250.0,3000.0,1044600.0
472,2021-09-26 13:25:29,42250.0,5000.0,1041600.0
473,2021-09-26 13:25:29,42250.0,5000.0,1036600.0
474,2021-09-26 13:25:29,42250.0,15100.0,1031600.0
475,2021-09-26 13:25:02,42300.0,100.0,1016500.0
476,2021-09-26 13:24:59,42300.0,300.0,1016400.0
477,2021-09-26 13:24:59,42300.0,5000.0,1016100.0
478,2021-09-26 13:24:52,42300.0,100.0,1011100.0
479,2021-09-26 13:24:43,42300.0,500.0,1011000.0
480,2021-09-26 13:24:34,42300.0,1000.0,1010500.0
481,2021-09-26 13:24:34,42300.0,500.0,1009500.0
482,2021-09-26 13:24:34,42300.0,100.0,1009000.0
483,2021-09-26 13:24:34,42300.0,500.0,1008900.0
484,2021-09-26 13:24:34,42300.0,500.0,1008400.0
485,2021-09-26 13:24:34,42300.0,1000.0,1007900.0
486,2021-09-26 13:24:34,42300.0,1000.0,1006900.0
487,2021-09-26 13:24:34,42300.0,500.0,1005900.0
488,2021-09-26 13:24:34,42300.0,300.0,1005400.0
489,2021-09-26 13:24:34,42300.0,100.0,1005100.0
490,2021-09-26 13:24:34,42300.0,28900.0,1005000.0
491,2021-09-26 13:23:41,42250.0,2500.0,976100.0
492,2021-09-26 13:23:32,42250.0,1000.0,973600.0
493,2021-09-26 13:23:22,42250.0,1400.0,972600.0
494,2021-09-26 13:23:22,42250.0,200.0,971200.0
495,2021-09-26 13:23:22,42250.0,1000.0,971000.0
496,2021-09-26 13:23:19,42250.0,1000.0,970000.0
497,2021-09-26 13:23:08,42250.0,500.0,969000.0
498,2021-09-26 13:23:05,42250.0,1000.0,968500.0
499,2021-09-26 13:22:58,42250.0,600.0,967500.0
500,2021-09-26 13:22:32,42250.0,900.0,966900.0
501,2021-09-26 13:22:32,42250.0,100.0,966000.0
502,2021-09-26 13:22:29,42250.0,1000.0,965900.0
503,2021-09-26 13:22:24,42250.0,2000.0,964900.0
504,2021-09-26 13:22:24,42250.0,200.0,962900.0
505,2021-09-26 13:22:24,42250.0,1700.0,962700.0
506,2021-09-26 13:22:10,42250.0,5000.0,961000.0
507,2021-09-26 13:22:10,42250.0,3300.0,956000.0
508,2021-09-26 13:21:47,42250.0,1700.0,952700.0
509,2021-09-26 13:21:47,42250.0,900.0,951000.0
510,2021-09-26 13:21:27,42300.0,300.0,950100.0
511,2021-09-26 13:21:21,42300.0,400.0,949800.0
512,2021-09-26 13:21:21,42300.0,15000.0,949400.0
513,2021-09-26 13:21:21,42300.0,5000.0,934400.0
514,2021-09-26 13:21:21,42300.0,300.0,929400.0
515,2021-09-26 13:21:21,42300.0,100.0,929100.0
516,2021-09-26 13:21:19,42350.0,100.0,929000.0
517,2021-09-26 13:21:09,42350.0,1500.0,928900.0
518,2021-09-26 13:21:09,42350.0,300.0,927400.0
519,2021-09-26 13:21:04,42300.0,500.0,927100.0
520,2021-09-26 13:21:02,42300.0,500.0,926600.0
521,2021-09-26 13:20:00,42300.0,2100.0,926100.0
522,2021-09-26 13:19:53,42300.0,200.0,924000.0
523,2021-09-26 13:19:53,42300.0,500.0,923800.0
524,2021-09-26 13:19:53,42300.0,1100.0,923300.0
525,2021-09-26 13:19:46,42300.0,100.0,922200.0
526,2021-09-26 13:19:43,42300.0,200.0,922100.0
527,2021-09-26 13:19:07,42300.0,3600.0,921900.0
528,2021-09-26 13:19:02,42300.0,1000.0,918300.0
529,2021-09-26 13:18:40,42300.0,200.0,917300.0
530,2021-09-26 13:18:36,42300.0,200.0,917100.0
531,2021-09-26 13:18:36,42300.0,800.0,916900.0
532,2021-09-26 13:18:31,42300.0,100.0,916100.0
533,2021-09-26 13:18:30,42300.0,4100.0,916000.0
534,2021-09-26 13:18:29,42300.0,200.0,911900.0
535,2021-09-26 13:18:29,42300.0,400.0,911700.0
536,2021-09-26 13:18:29,42300.0,300.0,911300.0
537,2021-09-26 13:18:26,42300.0,100.0,911000.0
538,2021-09-26 13:18:18,42300.0,1500.0,910900.0
539,2021-09-26 13:18:08,42300.0,2600.0,909400.0
540,2021-09-26 13:17:46,42300.0,500.0,906800.0
541,2021-09-26 13:17:46,42300.0,500.0,906300.0
542,2021-09-26 13:17:27,42300.0,1500.0,905800.0
543,2021-09-26 13:17:27,42300.0,500.0,904300.0
544,2021-09-26 13:17:12,42300.0,300.0,903800.0
545,2021-09-26 13:16:56,42300.0,10000.0,903500.0
546,2021-09-26 13:16:56,42300.0,100.0,893500.0
547,2021-09-26 13:16:56,42300.0,100.0,893400.0
548,2021-09-26 13:16:56,42300.0,100.0,893300.0
549,2021-09-26 13:16:56,42300.0,5000.0,893200.0
550,2021-09-26 13:16:56,42300.0,100.0,888200.0
551,2021-09-26 13:16:56,42300.0,500.0,888100.0
552,2021-09-26 13:16:56,42300.0,200.0,887600.0
553,2021-09-26 13:16:56,42300.0,3000.0,887400.0
554,2021-09-26 13:16:56,42300.0,100.0,884400.0
555,2021-09-26 13:16:20,42250.0,2000.0,884300.0
556,2021-09-26 13:16:20,42250.0,500.0,882300.0
557,2021-09-26 13:16:20,42250.0,100.0,881800.0
558,2021-09-26 13:16:20,42250.0,500.0,881700.0
559,2021-09-26 13:16:20,42250.0,1000.0,881200.0
560,2021-09-26 13:16:16,42250.0,300.0,880200.0
561,2021-09-26 13:15:12,42250.0,2000.0,879900.0
562,2021-09-26 13:14:52,42250.0,100.0,877900.0
563,2021-09-26 13:14:37,42250.0,400.0,877800.0
564,2021-09-26 13:14:33,42250.0,200.0,877400.0
565,2021-09-26 13:13:43,42300.0,400.0,877200.0
566,2021-09-26 13:13:08,42200.0,1000.0,876800.0
567,2021-09-26 13:13:01,42300.0,1100.0,875800.0
568,2021-09-26 13:13:01,42300.0,800.0,874700.0
569,2021-09-26 13:13:01,42300.0,3000.0,873900.0
570,2021-09-26 13:13:01,42300.0,600.0,870900.0
571,2021-09-26 13:13:01,42300.0,300.0,870300.0
572,2021-09-26 13:13:01,42300.0,500.0,870000.0
573,2021-09-26 13:13:01,42300.0,100.0,869500.0
574,2021-09-26 13:13:01,42300.0,100.0,869400.0
575,2021-09-26 13:13:01,42300.0,2000.0,869300.0
576,2021-09-26 13:13:01,42300.0,1000.0,867300.0
577,2021-09-26 13:13:01,42300.0,500.0,866300.0
578,2021-09-26 13:12:21,42200.0,200.0,865800.0
579,2021-09-26 13:12:02,42200.0,300.0,865600.0
580,2021-09-26 13:11:52,42200.0,100.0,865300.0
581,2021-09-26 13:11:52,42200.0,300.0,865200.0
582,2021-09-26 13:11:34,42200.0,100.0,864900.0
583,2021-09-26 13:11:30,42100.0,300.0,864800.0
584,2021-09-26 13:11:30,42150.0,700.0,864500.0
585,2021-09-26 13:11:17,42150.0,100.0,863800.0
586,2021-09-26 13:11:14,42200.0,100.0,863700.0
587,2021-09-26 13:11:14,42200.0,100.0,863600.0
588,2021-09-26 13:11:14,42200.0,100.0,863500.0
589,2021-09-26 13:11:14,42200.0,200.0,863400.0
590,2021-09-26 13:11:14,42200.0,600.0,863200.0
591,2021-09-26 13:11:14,42200.0,100.0,862600.0
592,2021-09-26 13:11:14,42200.0,200.0,862500.0
593,2021-09-26 13:11:14,42200.0,300.0,862300.0
594,2021-09-26 13:11:14,42200.0,300.0,862000.0
595,2021-09-26 13:11:14,42200.0,100.0,861700.0
596,2021-09-26 13:11:14,42200.0,400.0,861600.0
597,2021-09-26 13:11:14,42200.0,300.0,861200.0
598,2021-09-26 13:11:14,42200.0,100.0,860900.0
599,2021-09-26 13:11:14,42200.0,400.0,860800.0
600,2021-09-26 13:11:14,42200.0,500.0,860400.0
601,2021-09-26 13:11:14,42150.0,200.0,859900.0
602,2021-09-26 13:11:05,42150.0,300.0,859700.0
603,2021-09-26 13:11:03,42150.0,500.0,859400.0
604,2021-09-26 13:11:03,42150.0,500.0,858900.0
605,2021-09-26 13:11:03,42150.0,1000.0,858400.0
606,2021-09-26 13:11:03,42150.0,500.0,857400.0
607,2021-09-26 13:10:16,42100.0,500.0,856900.0
608,2021-09-26 13:10:16,42100.0,200.0,856400.0
609,2021-09-26 13:10:16,42100.0,500.0,856200.0
610,2021-09-26 13:10:16,42100.0,100.0,855700.0
611,2021-09-26 13:10:16,42100.0,1000.0,855600.0
612,2021-09-26 13:10:16,42100.0,100.0,854600.0
613,2021-09-26 13:10:16,42100.0,500.0,854500.0
614,2021-09-26 13:10:16,42100.0,400.0,854000.0
615,2021-09-26 13:10:16,42100.0,300.0,853600.0
616,2021-09-26 13:10:11,42050.0,100.0,853300.0
617,2021-09-26 13:10:11,42050.0,200.0,853200.0
618,2021-09-26 13:10:11,42050.0,1500.0,853000.0
619,2021-09-26 13:10:11,42050.0,2000.0,851500.0
620,2021-09-26 13:10:11,42050.0,100.0,849500.0
621,2021-09-26 13:10:11,42050.0,9100.0,849400.0
622,2021-09-26 13:09:36,42000.0,4400.0,840300.0
623,2021-09-26 13:09:32,41950.0,3700.0,835900.0
624,2021-09-26 13:09:32,42000.0,200.0,832200.0
625,2021-09-26 13:09:32,42000.0,500.0,832000.0
626,2021-09-26 13:09:21,42000.0,500.0,831500.0
627,2021-09-26 13:08:54,42050.0,8600.0,831000.0
628,2021-09-26 13:08:47,42050.0,5000.0,822400.0
629,2021-09-26 13:08:47,42000.0,2000.0,817400.0
630,2021-09-26 13:08:47,42000.0,600.0,815400.0
631,2021-09-26 13:08:47,42000.0,3000.0,814800.0
632,2021-09-26 13:08:47,42000.0,300.0,811800.0
633,2021-09-26 13:08:47,42000.0,2000.0,811500.0
634,2021-09-26 13:08:47,42000.0,200.0,809500.0
635,2021-09-26 13:08:47,42000.0,1900.0,809300.0
636,2021-09-26 13:08:35,42000.0,100.0,807400.0
637,2021-09-26 13:08:35,42000.0,400.0,807300.0
638,2021-09-26 13:08:35,42000.0,1500.0,806900.0
639,2021-09-26 13:08:26,42000.0,400.0,805400.0
640,2021-09-26 13:08:26,42000.0,500.0,805000.0
641,2021-09-26 13:08:26,42000.0,400.0,804500.0
642,2021-09-26 13:08:26,42000.0,5000.0,804100.0
643,2021-09-26 13:08:26,42000.0,500.0,799100.0
644,2021-09-26 13:08:26,42000.0,1800.0,798600.0
645,2021-09-26 13:08:18,41950.0,200.0,796800.0
646,2021-09-26 13:07:38,42000.0,200.0,796600.0
647,2021-09-26 13:05:55,42000.0,200.0,796400.0
648,2021-09-26 13:05:51,42000.0,9100.0,796200.0
649,2021-09-26 13:05:51,42000.0,1800.0,787100.0
650,2021-09-26 13:05:51,42000.0,100.0,785300.0
651,2021-09-26 13:04:51,42000.0,100.0,785200.0
652,2021-09-26 13:04:51,42000.0,100.0,785100.0
653,2021-09-26 13:04:51,42000.0,1000.0,785000.0
654,2021-09-26 13:04:51,42000.0,100.0,784000.0
655,2021-09-26 13:04:51,42000.0,300.0,783900.0
656,2021-09-26 13:04:51,42000.0,400.0,783600.0
657,2021-09-26 13:04:11,42000.0,8800.0,783200.0
658,2021-09-26 13:02:28,42000.0,200.0,774400.0
659,2021-09-26 13:02:24,42000.0,200.0,774200.0
660,2021-09-26 13:02:24,42000.0,100.0,774000.0
661,2021-09-26 13:02:24,42000.0,100.0,773900.0
662,2021-09-26 13:02:04,42000.0,300.0,773800.0
663,2021-09-26 13:01:32,42000.0,100.0,773500.0
664,2021-09-26 13:01:05,42000.0,200.0,773400.0
665,2021-09-26 13:01:05,42000.0,400.0,773200.0
666,2021-09-26 13:00:44,42000.0,200.0,772800.0
667,2021-09-26 13:00:21,42000.0,200.0,772600.0
668,2021-09-26 13:00:21,42000.0,300.0,772400.0
669,2021-09-26 13:00:12,42000.0,100.0,772100.0
670,2021-09-26 13:00:00,41950.0,100.0,772000.0
671,2021-09-26 11:29:55,42000.0,300.0,771900.0
672,2021-09-26 11:29:35,42000.0,300.0,771600.0
673,2021-09-26 11:29:35,42000.0,200.0,771300.0
674,2021-09-26 11:29:12,42000.0,500.0,771100.0
675,2021-09-26 11:29:06,42000.0,200.0,770600.0
676,2021-09-26 11:28:47,41950.0,5000.0,770400.0
677,2021-09-26 11:28:29,41900.0,1700.0,765400.0
678,2021-09-26 11:28:29,41900.0,200.0,763700.0
679,2021-09-26 11:28:29,41900.0,3100.0,763500.0
680,2021-09-26 11:27:32,42000.0,100.0,760400.0
681,2021-09-26 11:27:32,41950.0,300.0,760300.0
682,2021-09-26 11:27:32,41950.0,1000.0,760000.0
683,2021-09-26 11:27:32,41950.0,4600.0,759000.0
684,2021-09-26 11:27:22,41950.0,400.0,754400.0
685,2021-09-26 11:27:22,41950.0,2000.0,754000.0
686,2021-09-26 11:27:22,41950.0,400.0,752000.0
687,2021-09-26 11:27:22,41950.0,200.0,751600.0
688,2021-09-26 11:27:22,41950.0,400.0,751400.0
689,2021-09-26 11:27:22,41950.0,1000.0,751000.0
690,2021-09-26 11:27:22,41950.0,500.0,750000.0
691,2021-09-26 11:27:22,41900.0,500.0,749500.0
692,2021-09-26 11:27:00,41900.0,700.0,749000.0
693,2021-09-26 11:27:00,41900.0,1000.0,748300.0
694,2021-09-26 11:27:00,41900.0,100.0,747300.0
695,2021-09-26 11:27:00,41900.0,3100.0,747200.0
696,2021-09-26 11:27:00,41900.0,1300.0,744100.0
697,2021-09-26 11:24:13,41850.0,100.0,742800.0
698,2021-09-26 11:24:11,41850.0,700.0,742700.0
699,2021-09-26 11:24:05,41850.0,2000.0,742000.0
700,2021-09-26 11:23:44,41850.0,600.0,740000.0
701,2021-09-26 11:19:40,41850.0,1000.0,739400.0
702,2021-09-26 11:19:11,41850.0,400.0,738400.0
703,2021-09-26 11:19:08,41850.0,300.0,738000.0
704,2021-09-26 11:19:08,41850.0,100.0,737700.0
705,2021-09-26 11:19:08,41850.0,100.0,737600.0
706,2021-09-26 11:18:08,41850.0,100.0,737500.0
707,2021-09-26 11:16:36,41850.0,1000.0,737400.0
708,2021-09-26 11:16:36,41850.0,1800.0,736400.0
709,2021-09-26 11:15:45,41850.0,200.0,734600.0
710,2021-09-26 11:15:31,41850.0,1000.0,734400.0
711,2021-09-26 11:15:31,41850.0,1000.0,733400.0
712,2021-09-26 11:15:05,41800.0,300.0,732400.0
713,2021-09-26 11:15:05,41800.0,2500.0,732100.0
714,2021-09-26 11:14:49,41800.0,2000.0,729600.0
715,2021-09-26 11:14:38,41800.0,2800.0,727600.0
716,2021-09-26 11:13:45,41800.0,100.0,724800.0
717,2021-09-26 11:12:24,41800.0,2600.0,724700.0
718,2021-09-26 11:12:24,41800.0,200.0,722100.0
719,2021-09-26 11:11:22,41800.0,600.0,721900.0
720,2021-09-26 11:11:22,41850.0,200.0,721300.0
721,2021-09-26 11:11:22,41850.0,2000.0,721100.0
722,2021-09-26 11:11:13,41850.0,500.0,719100.0
723,2021-09-26 11:11:02,41850.0,700.0,718600.0
724,2021-09-26 11:09:57,41850.0,1800.0,717900.0
725,2021-09-26 11:09:42,41850.0,100.0,716100.0
726,2021-09-26 11:09:16,41850.0,700.0,716000.0
727,2021-09-26 11:09:04,41850.0,100.0,715300.0
728,2021-09-26 11:08:19,41850.0,4100.0,715200.0
729,2021-09-26 11:08:19,41850.0,900.0,711100.0
730,2021-09-26 11:08:18,41900.0,200.0,710200.0
731,2021-09-26 11:07:52,41900.0,1000.0,710000.0
732,2021-09-26 11:07:52,41900.0,200.0,709000.0
733,2021-09-26 11:07:52,41900.0,200.0,708800.0
734,2021-09-26 11:07:52,41900.0,500.0,708600.0
735,2021-09-26 11:07:52,41900.0,6100.0,708100.0
736,2021-09-26 11:07:40,41850.0,100.0,702000.0
737,2021-09-26 11:07:40,41850.0,1000.0,701900.0
738,2021-09-26 11:07:40,41850.0,200.0,700900.0
739,2021-09-26 11:07:40,41850.0,100.0,700700.0
740,2021-09-26 11:06:36,41900.0,200.0,700600.0
741,2021-09-26 11:05:50,41900.0,100.0,700400.0
742,2021-09-26 11:04:51,41900.0,200.0,700300.0
743,2021-09-26 11:03:08,41900.0,200.0,700100.0
744,2021-09-26 11:02:54,41900.0,1000.0,699900.0
745,2021-09-26 11:01:45,41900.0,500.0,698900.0
746,2021-09-26 11:01:43,41900.0,500.0,698400.0
747,2021-09-26 11:01:24,41900.0,200.0,697900.0
748,2021-09-26 10:59:41,41900.0,200.0,697700.0
749,2021-09-26 10:59:09,41900.0,800.0,697500.0
750,2021-09-26 10:59:09,41900.0,200.0,696700.0
751,2021-09-26 10:59:08,41850.0,500.0,696500.0
752,2021-09-26 10:59:01,41900.0,300.0,696000.0
753,2021-09-26 10:59:01,41900.0,2300.0,695700.0
754,2021-09-26 10:57:57,41900.0,200.0,693400.0
755,2021-09-26 10:57:00,41900.0,100.0,693200.0
756,2021-09-26 10:56:54,41900.0,200.0,693100.0
757,2021-09-26 10:56:51,41850.0,100.0,692900.0
758,2021-09-26 10:56:04,41850.0,100.0,692800.0
759,2021-09-26 10:56:04,41850.0,100.0,692700.0
760,2021-09-26 10:56:04,41850.0,5000.0,692600.0
761,2021-09-26 10:56:04,41850.0,100.0,687600.0
762,2021-09-26 10:55:16,41850.0,400.0,687500.0
763,2021-09-26 10:55:16,41850.0,600.0,687100.0
764,2021-09-26 10:55:02,41850.0,2600.0,686500.0
765,2021-09-26 10:54:47,41800.0,200.0,683900.0
766,2021-09-26 10:54:46,41850.0,200.0,683700.0
767,2021-09-26 10:54:30,41850.0,200.0,683500.0
768,2021-09-26 10:54:19,41850.0,300.0,683300.0
769,2021-09-26 10:53:53,41800.0,200.0,683000.0
770,2021-09-26 10:52:59,41750.0,3100.0,682800.0
771,2021-09-26 10:52:59,41750.0,1900.0,679700.0
772,2021-09-26 10:52:56,41800.0,2300.0,677800.0
773,2021-09-26 10:52:56,41800.0,300.0,675500.0
774,2021-09-26 10:52:44,41750.0,3100.0,675200.0
775,2021-09-26 10:52:44,41750.0,1900.0,672100.0
776,2021-09-26 10:52:19,41750.0,8100.0,670200.0
777,2021-09-26 10:52:19,41750.0,500.0,662100.0
778,2021-09-26 10:52:19,41750.0,2000.0,661600.0
779,2021-09-26 10:52:19,41750.0,9400.0,659600.0
780,2021-09-26 10:52:13,41750.0,600.0,650200.0
781,2021-09-26 10:52:13,41750.0,2400.0,649600.0
782,2021-09-26 10:52:09,41750.0,500.0,647200.0
783,2021-09-26 10:52:07,41750.0,100.0,646700.0
784,2021-09-26 10:52:02,41750.0,5000.0,646600.0
785,2021-09-26 10:51:23,41750.0,500.0,641600.0
786,2021-09-26 10:50:01,41750.0,800.0,641100.0
787,2021-09-26 10:49:47,41750.0,100.0,640300.0
788,2021-09-26 10:49:10,41750.0,2000.0,640200.0
789,2021-09-26 10:47:52,41800.0,100.0,638200.0
790,2021-09-26 10:47:52,41800.0,200.0,638100.0
791,2021-09-26 10:47:52,41800.0,200.0,637900.0
792,2021-09-26 10:47:52,41800.0,1200.0,637700.0
793,2021-09-26 10:47:39,41800.0,400.0,636500.0
794,2021-09-26 10:46:14,41800.0,400.0,636100.0
795,2021-09-26 10:46:14,41800.0,100.0,635700.0
796,2021-09-26 10:44:40,41800.0,100.0,635600.0
797,2021-09-26 10:44:40,41800.0,2800.0,635500.0
798,2021-09-26 10:44:34,41750.0,600.0,632700.0
799,2021-09-26 10:44:34,41750.0,500.0,632100.0
800,2021-09-26 10:44:28,41800.0,5000.0,631600.0
801,2021-09-26 10:44:14,41800.0,200.0,626600.0
802,2021-09-26 10:44:09,41800.0,100.0,626400.0
803,2021-09-26 10:43:43,41800.0,2000.0,626300.0
804,2021-09-26 10:42:47,41800.0,200.0,624300.0
805,2021-09-26 10:42:47,41800.0,1500.0,624100.0
806,2021-09-26 10:42:47,41800.0,5000.0,622600.0
807,2021-09-26 10:42:47,41800.0,500.0,617600.0
808,2021-09-26 10:42:47,41800.0,100.0,617100.0
809,2021-09-26 10:42:47,41800.0,500.0,617000.0
810,2021-09-26 10:42:47,41800.0,2100.0,616500.0
811,2021-09-26 10:42:43,41850.0,1100.0,614400.0
812,2021-09-26 10:42:43,41850.0,2000.0,613300.0
813,2021-09-26 10:42:43,41850.0,900.0,611300.0
814,2021-09-26 10:42:40,41800.0,7900.0,610400.0
815,2021-09-26 10:42:40,41800.0,200.0,602500.0
816,2021-09-26 10:42:40,41800.0,200.0,602300.0
817,2021-09-26 10:42:40,41800.0,10000.0,602100.0
818,2021-09-26 10:42:40,41800.0,200.0,592100.0
819,2021-09-26 10:42:40,41800.0,200.0,591900.0
820,2021-09-26 10:42:40,41800.0,100.0,591700.0
821,2021-09-26 10:42:40,41800.0,200.0,591600.0
822,2021-09-26 10:42:40,41800.0,1000.0,591400.0
823,2021-09-26 10:42:40,41800.0,200.0,590400.0
824,2021-09-26 10:42:40,41800.0,200.0,590200.0
825,2021-09-26 10:42:40,41800.0,100.0,590000.0
826,2021-09-26 10:42:40,41800.0,200.0,589900.0
827,2021-09-26 10:42:40,41800.0,500.0,589700.0
828,2021-09-26 10:42:40,41800.0,5800.0,589200.0
829,2021-09-26 10:42:24,41800.0,20000.0,583400.0
830,2021-09-26 10:42:22,41800.0,600.0,563400.0
831,2021-09-26 10:42:17,41800.0,10000.0,562800.0
832,2021-09-26 10:42:03,41800.0,100.0,552800.0
833,2021-09-26 10:41:25,41800.0,10000.0,552700.0
834,2021-09-26 10:40:52,41850.0,200.0,542700.0
835,2021-09-26 10:40:52,41850.0,200.0,542500.0
836,2021-09-26 10:40:52,41850.0,1700.0,542300.0
837,2021-09-26 10:39:21,41850.0,300.0,540600.0
838,2021-09-26 10:39:21,41850.0,900.0,540300.0
839,2021-09-26 10:38:51,41850.0,100.0,539400.0
840,2021-09-26 10:38:16,41800.0,29100.0,539300.0
841,2021-09-26 10:38:16,41850.0,900.0,510200.0
842,2021-09-26 10:37:44,41850.0,500.0,509300.0
843,2021-09-26 10:37:44,41850.0,100.0,508800.0
844,2021-09-26 10:37:44,41850.0,1500.0,508700.0
845,2021-09-26 10:37:30,41800.0,100.0,507200.0
846,2021-09-26 10:37:15,41850.0,200.0,507100.0
847,2021-09-26 10:36:38,41850.0,400.0,506900.0
848,2021-09-26 10:36:38,41850.0,2600.0,506500.0
849,2021-09-26 10:36:32,41850.0,1000.0,503900.0
850,2021-09-26 10:36:27,41850.0,5000.0,502900.0
851,2021-09-26 10:35:53,41850.0,100.0,497900.0
852,2021-09-26 10:35:31,41850.0,200.0,497800.0
853,2021-09-26 10:34:40,41850.0,400.0,497600.0
854,2021-09-26 10:34:22,41850.0,700.0,497200.0
855,2021-09-26 10:34:22,41850.0,2900.0,496500.0
856,2021-09-26 10:33:48,41850.0,100.0,493600.0
857,2021-09-26 10:33:48,41850.0,100.0,493500.0
858,2021-09-26 10:33:20,41850.0,1400.0,493400.0
859,2021-09-26 10:33:20,41850.0,600.0,492000.0
860,2021-09-26 10:33:11,41800.0,1200.0,491400.0
861,2021-09-26 10:32:51,41850.0,2000.0,490200.0
862,2021-09-26 10:32:47,41800.0,200.0,488200.0
863,2021-09-26 10:31:47,41800.0,200.0,488000.0
864,2021-09-26 10:31:45,41800.0,8900.0,487800.0
865,2021-09-26 10:31:36,41800.0,13800.0,478900.0
866,2021-09-26 10:31:36,41800.0,100.0,465100.0
867,2021-09-26 10:31:36,41800.0,200.0,465000.0
868,2021-09-26 10:31:36,41800.0,500.0,464800.0
869,2021-09-26 10:31:36,41800.0,200.0,464300.0
870,2021-09-26 10:31:36,41800.0,5200.0,464100.0
871,2021-09-26 10:31:35,41800.0,1000.0,458900.0
872,2021-09-26 10:31:33,41850.0,500.0,457900.0
873,2021-09-26 10:31:26,41800.0,1000.0,457400.0
874,2021-09-26 10:30:20,41850.0,200.0,456400.0
875,2021-09-26 10:30:12,41850.0,3600.0,456200.0
876,2021-09-26 10:29:27,41850.0,3100.0,452600.0
877,2021-09-26 10:29:20,41850.0,700.0,449500.0
878,2021-09-26 10:29:14,41850.0,1200.0,448800.0
879,2021-09-26 10:29:03,41850.0,8800.0,447600.0
880,2021-09-26 10:28:54,41850.0,700.0,438800.0
881,2021-09-26 10:28:54,41850.0,500.0,438100.0
882,2021-09-26 10:28:37,41850.0,200.0,437600.0
883,2021-09-26 10:28:22,41850.0,9300.0,437400.0
884,2021-09-26 10:28:12,41850.0,700.0,428100.0
885,2021-09-26 10:27:56,41850.0,1000.0,427400.0
886,2021-09-26 10:27:56,41850.0,2000.0,426400.0
887,2021-09-26 10:27:56,41850.0,1300.0,424400.0
888,2021-09-26 10:27:50,41850.0,700.0,423100.0
889,2021-09-26 10:27:27,41850.0,1000.0,422400.0
890,2021-09-26 10:27:27,41800.0,200.0,421400.0
891,2021-09-26 10:27:18,41850.0,100.0,421200.0
892,2021-09-26 10:26:12,41800.0,500.0,421100.0
893,2021-09-26 10:25:19,41800.0,100.0,420600.0
894,2021-09-26 10:25:07,41800.0,2000.0,420500.0
895,2021-09-26 10:25:04,41850.0,400.0,418500.0
896,2021-09-26 10:25:04,41850.0,200.0,418100.0
897,2021-09-26 10:24:38,41850.0,800.0,417900.0
898,2021-09-26 10:24:33,41850.0,200.0,417100.0
899,2021-09-26 10:24:12,41850.0,900.0,416900.0
900,2021-09-26 10:24:12,41850.0,1100.0,416000.0
901,2021-09-26 10:24:00,41850.0,200.0,414900.0
902,2021-09-26 10:24:00,41850.0,100.0,414700.0
903,2021-09-26 10:24:00,41850.0,200.0,414600.0
904,2021-09-26 10:24:00,41850.0,10000.0,414400.0
905,2021-09-26 10:24:00,41850.0,500.0,404400.0
906,2021-09-26 10:24:00,41850.0,5000.0,403900.0
907,2021-09-26 10:24:00,41850.0,500.0,398900.0
908,2021-09-26 10:24:00,41850.0,100.0,398400.0
909,2021-09-26 10:24:00,41850.0,7300.0,398300.0
910,2021-09-26 10:23:47,41850.0,2700.0,391000.0
911,2021-09-26 10:23:47,41850.0,10000.0,388300.0
912,2021-09-26 10:23:47,41850.0,2000.0,378300.0
913,2021-09-26 10:23:47,41850.0,5000.0,376300.0
914,2021-09-26 10:23:47,41850.0,5300.0,371300.0
915,2021-09-26 10:23:34,41850.0,100.0,366000.0
916,2021-09-26 10:23:28,41900.0,2600.0,365900.0
917,2021-09-26 10:23:14,41850.0,2500.0,363300.0
918,2021-09-26 10:23:13,41900.0,3500.0,360800.0
919,2021-09-26 10:22:40,41900.0,1000.0,357300.0
920,2021-09-26 10:22:16,41900.0,100.0,356300.0
921,2021-09-26 10:22:16,41900.0,1900.0,356200.0
922,2021-09-26 10:21:56,41900.0,100.0,354300.0
923,2021-09-26 10:21:56,41900.0,1000.0,354200.0
924,2021-09-26 10:21:56,41900.0,500.0,353200.0
925,2021-09-26 10:21:56,41900.0,1200.0,352700.0
926,2021-09-26 10:21:56,41900.0,200.0,351500.0
927,2021-09-26 10:21:52,41850.0,2000.0,351300.0
928,2021-09-26 10:21:22,41850.0,100.0,349300.0
929,2021-09-26 10:21:14,41900.0,900.0,349200.0
930,2021-09-26 10:21:14,41900.0,4100.0,348300.0
931,2021-09-26 10:19:59,41900.0,100.0,344200.0
932,2021-09-26 10:18:37,41900.0,1000.0,344100.0
933,2021-09-26 10:18:16,41900.0,200.0,343100.0
934,2021-09-26 10:17:38,41900.0,2600.0,342900.0
935,2021-09-26 10:17:33,41900.0,2000.0,340300.0
936,2021-09-26 10:17:22,41900.0,100.0,338300.0
937,2021-09-26 10:17:22,41900.0,2900.0,338200.0
938,2021-09-26 10:17:02,41900.0,100.0,335300.0
939,2021-09-26 10:16:46,41900.0,5000.0,335200.0
940,2021-09-26 10:16:32,41900.0,200.0,330200.0
941,2021-09-26 10:15:56,41900.0,1800.0,330000.0
942,2021-09-26 10:15:47,41900.0,10000.0,328200.0
943,2021-09-26 10:15:02,41900.0,4800.0,318200.0
944,2021-09-26 10:15:01,41900.0,100.0,313400.0
945,2021-09-26 10:14:50,41900.0,200.0,313300.0
946,2021-09-26 10:14:50,41900.0,100.0,313100.0
947,2021-09-26 10:14:50,41900.0,4800.0,313000.0
948,2021-09-26 10:14:38,41900.0,500.0,308200.0
949,2021-09-26 10:14:31,41900.0,4700.0,307700.0
950,2021-09-26 10:14:19,41900.0,5000.0,303000.0
951,2021-09-26 10:14:19,41900.0,300.0,298000.0
952,2021-09-26 10:14:04,41900.0,5000.0,297700.0
953,2021-09-26 10:14:00,41900.0,4700.0,292700.0
954,2021-09-26 10:13:48,41900.0,2000.0,288000.0
955,2021-09-26 10:13:48,41900.0,3300.0,286000.0
956,2021-09-26 10:13:11,41900.0,1700.0,282700.0
957,2021-09-26 10:13:07,41900.0,200.0,281000.0
958,2021-09-26 10:13:07,41900.0,100.0,280800.0
959,2021-09-26 10:13:02,41900.0,900.0,280700.0
960,2021-09-26 10:12:56,41900.0,200.0,279800.0
961,2021-09-26 10:12:56,41900.0,1000.0,279600.0
962,2021-09-26 10:12:56,41900.0,200.0,278600.0
963,2021-09-26 10:12:56,41900.0,5000.0,278400.0
964,2021-09-26 10:12:56,41900.0,200.0,273400.0
965,2021-09-26 10:12:56,41900.0,100.0,273200.0
966,2021-09-26 10:12:56,41900.0,2000.0,273100.0
967,2021-09-26 10:12:56,41900.0,200.0,271100.0
968,2021-09-26 10:12:56,41900.0,200.0,270900.0
969,2021-09-26 10:12:42,41900.0,4800.0,270700.0
970,2021-09-26 10:12:42,41900.0,100.0,265900.0
971,2021-09-26 10:12:42,41900.0,100.0,265800.0
972,2021-09-26 10:12:42,41900.0,100.0,265700.0
973,2021-09-26 10:12:42,41900.0,300.0,265600.0
974,2021-09-26 10:12:42,41900.0,4600.0,265300.0
975,2021-09-26 10:12:30,41900.0,1000.0,260700.0
976,2021-09-26 10:12:00,41950.0,2000.0,259700.0
977,2021-09-26 10:10:30,41900.0,1000.0,257700.0
978,2021-09-26 10:10:25,41950.0,2000.0,256700.0
979,2021-09-26 10:08:57,41900.0,2000.0,254700.0
980,2021-09-26 10:08:20,41900.0,1400.0,252700.0
981,2021-09-26 10:08:20,41900.0,3600.0,251300.0
982,2021-09-26 10:07:27,41900.0,100.0,247700.0
983,2021-09-26 10:07:25,41900.0,1300.0,247600.0
984,2021-09-26 10:07:25,41900.0,100.0,246300.0
985,2021-09-26 10:06:55,41900.0,100.0,246200.0
986,2021-09-26 10:06:54,41900.0,200.0,246100.0
987,2021-09-26 10:06:47,41900.0,1400.0,245900.0
988,2021-09-26 10:06:44,41950.0,100.0,244500.0
989,2021-09-26 10:06:12,41900.0,700.0,244400.0
990,2021-09-26 10:06:04,41900.0,700.0,243700.0
991,2021-09-26 10:05:58,41900.0,1800.0,243000.0
992,2021-09-26 10:05:58,41900.0,600.0,241200.0
993,2021-09-26 10:05:19,41900.0,1400.0,240600.0
994,2021-09-26 10:04:26,41950.0,200.0,239200.0
995,2021-09-26 10:01:34,41950.0,100.0,239000.0
996,2021-09-26 10:01:34,41950.0,2000.0,238900.0
997,2021-09-26 10:01:34,41950.0,200.0,236900.0
998,2021-09-26 10:01:34,41950.0,5000.0,236700.0
999,2021-09-26 10:01:34,41950.0,1700.0,231700.0
1000,2021-09-26 10:00:40,41950.0,1400.0,230000.0
1001,2021-09-26 09:59:58,41950.0,1400.0,228600.0
1002,2021-09-26 09:58:58,41950.0,500.0,227200.0
1003,2021-09-26 09:58:58,41950.0,900.0,226700.0
1004,2021-09-26 09:57:19,42000.0,500.0,225800.0
1005,2021-09-26 09:56:30,41950.0,500.0,225300.0
1006,2021-09-26 09:56:30,41950.0,300.0,224800.0
1007,2021-09-26 09:56:30,41950.0,200.0,224500.0
1008,2021-09-26 09:56:30,41950.0,100.0,224300.0
1009,2021-09-26 09:56:30,41950.0,3900.0,224200.0
1010,2021-09-26 09:56:26,42000.0,1000.0,220300.0
1011,2021-09-26 09:55:38,41950.0,100.0,219300.0
1012,2021-09-26 09:55:36,41950.0,1000.0,219200.0
1013,2021-09-26 09:55:36,41950.0,400.0,218200.0
1014,2021-09-26 09:54:41,41950.0,1400.0,217800.0
1015,2021-09-26 09:54:39,41950.0,1200.0,216400.0
1016,2021-09-26 09:54:39,41950.0,500.0,215200.0
1017,2021-09-26 09:54:39,41950.0,100.0,214700.0
1018,2021-09-26 09:54:39,41950.0,100.0,214600.0
1019,2021-09-26 09:54:39,41950.0,100.0,214500.0
1020,2021-09-26 09:54:31,41950.0,200.0,214400.0
1021,2021-09-26 09:54:15,41950.0,1100.0,214200.0
1022,2021-09-26 09:54:14,41950.0,100.0,213100.0
1023,2021-09-26 09:54:07,41950.0,100.0,213000.0
1024,2021-09-26 09:54:04,41950.0,100.0,212900.0
1025,2021-09-26 09:53:28,42000.0,1000.0,212800.0
1026,2021-09-26 09:53:19,41950.0,300.0,211800.0
1027,2021-09-26 09:53:19,41950.0,200.0,211500.0
1028,2021-09-26 09:53:19,41950.0,500.0,211300.0
1029,2021-09-26 09:53:19,41950.0,100.0,210800.0
1030,2021-09-26 09:53:19,41950.0,300.0,210700.0
1031,2021-09-26 09:53:00,42000.0,300.0,210400.0
1032,2021-09-26 09:52:02,41950.0,4600.0,210100.0
1033,2021-09-26 09:52:02,42000.0,300.0,205500.0
1034,2021-09-26 09:52:02,42000.0,100.0,205200.0
1035,2021-09-26 09:51:00,42000.0,200.0,205100.0
1036,2021-09-26 09:51:00,42000.0,1100.0,204900.0
1037,2021-09-26 09:51:00,42000.0,1600.0,203800.0
1038,2021-09-26 09:50:46,42000.0,100.0,202200.0
1039,2021-09-26 09:50:05,42000.0,300.0,202100.0
1040,2021-09-26 09:50:05,42000.0,100.0,201800.0
1041,2021-09-26 09:50:05,42000.0,500.0,201700.0
1042,2021-09-26 09:50:05,42000.0,100.0,201200.0
1043,2021-09-26 09:49:33,41950.0,1400.0,201100.0
1044,2021-09-26 09:49:17,41950.0,300.0,199700.0
1045,2021-09-26 09:49:05,41950.0,2000.0,199400.0
1046,2021-09-26 09:48:05,41950.0,1400.0,197400.0
1047,2021-09-26 09:48:05,41950.0,1100.0,196000.0
1048,2021-09-26 09:47:47,41950.0,1400.0,194900.0
1049,2021-09-26 09:47:10,41950.0,1400.0,193500.0
1050,2021-09-26 09:45:53,41950.0,1000.0,192100.0
1051,2021-09-26 09:45:53,42000.0,300.0,191100.0
1052,2021-09-26 09:45:53,42000.0,100.0,190800.0
1053,2021-09-26 09:45:21,42000.0,100.0,190700.0
1054,2021-09-26 09:44:52,42000.0,300.0,190600.0
1055,2021-09-26 09:44:07,42000.0,500.0,190300.0
1056,2021-09-26 09:43:44,41950.0,100.0,189800.0
1057,2021-09-26 09:43:44,41950.0,200.0,189700.0
1058,2021-09-26 09:43:27,41950.0,100.0,189500.0
1059,2021-09-26 09:43:27,42000.0,500.0,189400.0
1060,2021-09-26 09:43:27,42000.0,100.0,188900.0
1061,2021-09-26 09:43:27,42000.0,300.0,188800.0
1062,2021-09-26 09:43:27,42000.0,400.0,188500.0
1063,2021-09-26 09:42:48,42000.0,100.0,188100.0
1064,2021-09-26 09:42:48,42000.0,200.0,188000.0
1065,2021-09-26 09:42:37,42000.0,200.0,187800.0
1066,2021-09-26 09:42:20,42000.0,1400.0,187600.0
1067,2021-09-26 09:41:23,42000.0,400.0,186200.0
1068,2021-09-26 09:41:23,42000.0,200.0,185800.0
1069,2021-09-26 09:41:23,42000.0,1400.0,185600.0
1070,2021-09-26 09:41:02,42000.0,2000.0,184200.0
1071,2021-09-26 09:40:47,42000.0,1400.0,182200.0
1072,2021-09-26 09:39:56,42050.0,300.0,180800.0
1073,2021-09-26 09:39:55,42000.0,100.0,180500.0
1074,2021-09-26 09:39:55,42000.0,100.0,180400.0
1075,2021-09-26 09:39:47,42000.0,500.0,180300.0
1076,2021-09-26 09:39:31,42000.0,3000.0,179800.0
1077,2021-09-26 09:39:26,42050.0,200.0,176800.0
1078,2021-09-26 09:39:26,42000.0,1400.0,176600.0
1079,2021-09-26 09:38:58,42000.0,500.0,175200.0
1080,2021-09-26 09:38:34,42000.0,500.0,174700.0
1081,2021-09-26 09:38:32,42000.0,100.0,174200.0
1082,2021-09-26 09:38:32,42000.0,1000.0,174100.0
1083,2021-09-26 09:38:32,42000.0,100.0,173100.0
1084,2021-09-26 09:38:32,42000.0,400.0,173000.0
1085,2021-09-26 09:38:32,42000.0,500.0,172600.0
1086,2021-09-26 09:38:32,42000.0,1000.0,172100.0
1087,2021-09-26 09:38:32,42000.0,1000.0,171100.0
1088,2021-09-26 09:38:32,42000.0,300.0,170100.0
1089,2021-09-26 09:38:32,42000.0,400.0,169800.0
1090,2021-09-26 09:38:32,42000.0,24200.0,169400.0
1091,2021-09-26 09:38:11,42000.0,1200.0,145200.0
1092,2021-09-26 09:38:07,42000.0,50000.0,144000.0
1093,2021-09-26 09:38:01,42000.0,700.0,94000.0
1094,2021-09-26 09:37:47,42000.0,700.0,93300.0
1095,2021-09-26 09:36:55,42000.0,5000.0,92600.0
1096,2021-09-26 09:36:10,42000.0,5000.0,87600.0
1097,2021-09-26 09:35:40,42000.0,700.0,82600.0
1098,2021-09-26 09:35:16,42050.0,3800.0,81900.0
1099,2021-09-26 09:35:15,42050.0,500.0,78100.0
1100,2021-09-26 09:35:13,42050.0,700.0,77600.0
1101,2021-09-26 09:34:21,42050.0,300.0,76900.0
1102,2021-09-26 09:34:21,42050.0,4700.0,76600.0
1103,2021-09-26 09:33:56,42050.0,300.0,71900.0
1104,2021-09-26 09:33:54,42050.0,1000.0,71600.0
1105,2021-09-26 09:33:08,42050.0,700.0,70600.0
1106,2021-09-26 09:32:58,42050.0,200.0,69900.0
1107,2021-09-26 09:32:35,42000.0,1400.0,69700.0
1108,2021-09-26 09:31:55,42000.0,300.0,68300.0
1109,2021-09-26 09:31:55,42050.0,400.0,68000.0
1110,2021-09-26 09:31:27,42050.0,500.0,67600.0
1111,2021-09-26 09:31:27,42050.0,100.0,67100.0
1112,2021-09-26 09:31:22,42000.0,500.0,67000.0
1113,2021-09-26 09:31:08,42050.0,900.0,66500.0
1114,2021-09-26 09:31:08,42050.0,1100.0,65600.0
1115,2021-09-26 09:30:47,42050.0,2000.0,64500.0
1116,2021-09-26 09:30:33,42000.0,700.0,62500.0
1117,2021-09-26 09:29:56,42050.0,1000.0,61800.0
1118,2021-09-26 09:29:56,42050.0,5900.0,60800.0
1119,2021-09-26 09:29:26,42050.0,500.0,54900.0
1120,2021-09-26 09:29:04,42050.0,700.0,54400.0
1121,2021-09-26 09:29:02,42050.0,1500.0,53700.0
1122,2021-09-26 09:28:59,42100.0,3200.0,52200.0
1123,2021-09-26 09:28:59,42100.0,100.0,49000.0
1124,2021-09-26 09:28:59,42100.0,1700.0,48900.0
1125,2021-09-26 09:28:58,42050.0,400.0,47200.0
1126,2021-09-26 09:28:14,42050.0,300.0,46800.0
1127,2021-09-26 09:27:35,42100.0,5500.0,46500.0
1128,2021-09-26 09:26:43,42050.0,1000.0,41000.0
1129,2021-09-26 09:26:19,42100.0,100.0,40000.0
1130,2021-09-26 09:26:14,42100.0,200.0,39900.0
1131,2021-09-26 09:24:39,42100.0,400.0,39700.0
1132,2021-09-26 09:24:36,42100.0,1200.0,39300.0
1133,2021-09-26 09:24:34,42100.0,500.0,38100.0
1134,2021-09-26 09:24:18,42100.0,1000.0,37600.0
1135,2021-09-26 09:24:18,42100.0,1000.0,36600.0
1136,2021-09-26 09:24:18,42100.0,100.0,35600.0
1137,2021-09-26 09:24:18,42100.0,5000.0,35500.0
1138,2021-09-26 09:24:18,42100.0,300.0,30500.0
1139,2021-09-26 09:24:18,42100.0,7300.0,30200.0
1140,2021-09-26 09:23:58,42150.0,100.0,22900.0
1141,2021-09-26 09:22:49,42150.0,100.0,22800.0
1142,2021-09-26 09:22:38,42100.0,100.0,22700.0
1143,2021-09-26 09:22:18,42100.0,200.0,22600.0
1144,2021-09-26 09:22:08,42100.0,300.0,22400.0
1145,2021-09-26 09:22:04,42100.0,500.0,22100.0
1146,2021-09-26 09:21:17,42100.0,1600.0,21600.0
1147,2021-09-26 09:21:17,42100.0,400.0,20000.0
1148,2021-09-26 09:21:09,42100.0,500.0,19600.0
1149,2021-09-26 09:19:59,42100.0,400.0,19100.0
1150,2021-09-26 09:19:12,42100.0,300.0,18700.0
1151,2021-09-26 09:18:40,42100.0,3400.0,18400.0
1152,2021-09-26 09:18:40,42100.0,100.0,15000.0
1153,2021-09-26 09:17:54,42100.0,900.0,14900.0
1154,2021-09-26 09:17:34,42100.0,100.0,14000.0
1155,2021-09-26 09:17:10,42000.0,100.0,13900.0
1156,2021-09-26 09:16:55,42000.0,100.0,13800.0
1157,2021-09-26 09:16:06,42000.0,3000.0,13700.0
1158,2021-09-26 09:16:00,42000.0,3500.0,10700.0
1159,2021-09-26 09:15:50,42000.0,200.0,7200.0
1160,2021-09-26 09:15:01,42000.0,200.0,7000.0
1161,2021-09-26 09:15:01,42000.0,2500.0,6800.0
1162,2021-09-26 09:15:01,42000.0,800.0,4300.0
1163,2021-09-26 09:15:01,42000.0,1200.0,3500.0
1164,2021-09-26 09:15:01,42000.0,100.0,2300.0
1165,2021-09-26 09:15:01,42000.0,100.0,2200.0
1166,2021-09-26 09:15:01,42000.0,1600.0,2100.0
1167,2021-09-26 09:15:01,42000.0,100.0,500.0
1168,2021-09-26 09:15:01,42000.0,300.0,400.0
1169,2021-09-26 09:15:01,42000.0,100.0,100.0
